|j|☆zwardo2000
|j|☆crck like alakazam
|t:|1781314048
|gametype|singles
|player|p1|zwardo2000|giovanni|1568
|player|p2|crck like alakazam|preschooler|1647
|gen|9
|tier|[Gen 9] OU
|rated|
|rule|HP Percentage Mod: HP is shown in percentages
|rule|Endless Battle Clause: Forcing endless battles is banned
|rule|Species Clause: Limit one of each Pokémon
|rule|OHKO Clause: OHKO moves are banned
|rule|Evasion Items Clause: Evasion items are banned
|rule|Evasion Moves Clause: Evasion moves are banned
|rule|Evasion Abilities Clause: Evasion abilities are banned
|rule|Sleep Moves Clause: Sleep-inducing moves are banned
|clearpoke
|poke|p1|Kyurem|
|poke|p1|Hatterene, F|
|poke|p1|Darkrai|
|poke|p1|Great Tusk|
|poke|p1|Dragonite, F|
|poke|p1|Gholdengo|
|poke|p2|Iron Treads|
|poke|p2|Pelipper, M|
|poke|p2|Dondozo, M|
|poke|p2|Overqwil, M|
|poke|p2|Enamorus, F|
|poke|p2|Raging Bolt|
|teampreview
|inactive|Battle timer is ON: inactive players will automatically lose when time's up. (requested by crck like alakazam)
|j| TheSacredJackal⨕
|
|t:|1781314067
|teamsize|p1|6
|teamsize|p2|6
|start
|switch|p1a: Gholdengo|Gholdengo|100/100
|switch|p2a: WishABozoWould|Dondozo, M|100/100
|turn|1
|j| Supa Dupa Hoopa
|l| TheSacredJackal⨕
|
|t:|1781314080
|switch|p2a: C.T.E.Spins|Iron Treads|100/100
|-enditem|p2a: C.T.E.Spins|Booster Energy
|-activate|p2a: C.T.E.Spins|ability: Quark Drive|[fromitem]
|-start|p2a: C.T.E.Spins|quarkdrivespe
|move|p1a: Gholdengo|Thunderbolt|p2a: C.T.E.Spins
|-immune|p2a: C.T.E.Spins
|
|upkeep
|turn|2
|
|t:|1781314087
|switch|p1a: Great Tusk|Great Tusk|100/100
|move|p2a: C.T.E.Spins|Volt Switch|p1a: Great Tusk
|-immune|p1a: Great Tusk
|
|upkeep
|turn|3
|
|t:|1781314102
|-end|p2a: C.T.E.Spins|Quark Drive|[silent]
|switch|p2a: 4Pc Peliac Combo|Pelipper, M|100/100
|-weather|RainDance|[from] ability: Drizzle|[of] p2a: 4Pc Peliac Combo
|move|p1a: Great Tusk|Stealth Rock|p2a: 4Pc Peliac Combo
|-sidestart|p2: crck like alakazam|move: Stealth Rock
|
|-weather|RainDance|[upkeep]
|upkeep
|turn|4
|
|t:|1781314106
|-end|p1a: Great Tusk|Protosynthesis|[silent]
|switch|p1a: Kyurem|Kyurem|100/100
|-ability|p1a: Kyurem|Pressure
|move|p2a: 4Pc Peliac Combo|U-turn|p1a: Kyurem
|-damage|p1a: Kyurem|93/100
|
|t:|1781314129
|switch|p2a: C.T.E.Spins|Iron Treads|100/100|[from] U-turn
|-damage|p2a: C.T.E.Spins|97/100|[from] Stealth Rock
|
|-weather|RainDance|[upkeep]
|upkeep
|turn|5
|j| Agathina
|
|t:|1781314139
|switch|p1a: Gholdengo|Gholdengo|100/100
|move|p2a: C.T.E.Spins|Earthquake|p1a: Gholdengo
|-supereffective|p1a: Gholdengo
|-enditem|p1a: Gholdengo|Shuca Berry|[eat]
|-enditem|p1a: Gholdengo|Shuca Berry|[weaken]
|-damage|p1a: Gholdengo|60/100
|
|-weather|RainDance|[upkeep]
|upkeep
|turn|6
|
|t:|1781314149
|-terastallize|p1a: Gholdengo|Flying
|move|p2a: C.T.E.Spins|Rapid Spin|p1a: Gholdengo
|-damage|p1a: Gholdengo|46/100
|-boost|p2a: C.T.E.Spins|spe|1
|-sideend|p2: crck like alakazam|Stealth Rock|[from] move: Rapid Spin|[of] p2a: C.T.E.Spins
|move|p1a: Gholdengo|Make It Rain|p2a: C.T.E.Spins
|-resisted|p2a: C.T.E.Spins
|-damage|p2a: C.T.E.Spins|57/100
|-unboost|p1a: Gholdengo|spa|1
|
|-weather|RainDance|[upkeep]
|upkeep
|turn|7
|
|t:|1781314157
|switch|p1a: Great Tusk|Great Tusk|100/100
|move|p2a: C.T.E.Spins|Volt Switch|p1a: Great Tusk
|-immune|p1a: Great Tusk
|
|-weather|RainDance|[upkeep]
|upkeep
|turn|8
|
|t:|1781314162
|-end|p2a: C.T.E.Spins|Quark Drive|[silent]
|switch|p2a: WishABozoWould|Dondozo, M|100/100
|move|p1a: Great Tusk|Stealth Rock|p2a: WishABozoWould
|-sidestart|p2: crck like alakazam|move: Stealth Rock
|
|-weather|RainDance|[upkeep]
|upkeep
|turn|9
|
|t:|1781314172
|-end|p1a: Great Tusk|Protosynthesis|[silent]
|switch|p1a: Gholdengo|Gholdengo, tera:Flying|46/100
|move|p2a: WishABozoWould|Wave Crash|p1a: Gholdengo
|-damage|p1a: Gholdengo|0 fnt
|faint|p1a: Gholdengo
|-damage|p2a: WishABozoWould|89/100|[from] Recoil
|
|-weather|RainDance|[upkeep]
|upkeep
|
|t:|1781314174
|switch|p1a: Kyurem|Kyurem|93/100
|-ability|p1a: Kyurem|Pressure
|turn|10
|
|t:|1781314181
|move|p1a: Kyurem|Freeze-Dry|p2a: WishABozoWould
|-supereffective|p2a: WishABozoWould
|-damage|p2a: WishABozoWould|14/100
|move|p2a: WishABozoWould|Wave Crash|p1a: Kyurem
|-resisted|p1a: Kyurem
|-damage|p1a: Kyurem|42/100
|-damage|p2a: WishABozoWould|0 fnt|[from] Recoil
|faint|p2a: WishABozoWould
|
|-weather|none
|upkeep
|
|t:|1781314201
|switch|p2a: C.T.E.Spins|Iron Treads|57/100
|-damage|p2a: C.T.E.Spins|54/100|[from] Stealth Rock
|turn|11
|
|t:|1781314206
|switch|p1a: Great Tusk|Great Tusk|100/100
|move|p2a: C.T.E.Spins|Rapid Spin|p1a: Great Tusk
|-damage|p1a: Great Tusk|93/100
|-boost|p2a: C.T.E.Spins|spe|1
|-sideend|p2: crck like alakazam|Stealth Rock|[from] move: Rapid Spin|[of] p2a: C.T.E.Spins
|
|-heal|p1a: Great Tusk|99/100|[from] item: Leftovers
|upkeep
|turn|12
|
|t:|1781314216
|-end|p2a: C.T.E.Spins|Quark Drive|[silent]
|switch|p2a: GangStarrFromAbove|Enamorus, F|100/100
|move|p1a: Great Tusk|Stealth Rock|p2a: GangStarrFromAbove
|-sidestart|p2: crck like alakazam|move: Stealth Rock
|
|-heal|p1a: Great Tusk|100/100|[from] item: Leftovers
|upkeep
|turn|13
|
|t:|1781314224
|-end|p1a: Great Tusk|Protosynthesis|[silent]
|switch|p1a: Hatterene|Hatterene, F|100/100
|move|p2a: GangStarrFromAbove|Moonblast|p1a: Hatterene
|-damage|p1a: Hatterene|43/100
|
|upkeep
|turn|14
|
|t:|1781314226
|move|p2a: GangStarrFromAbove|Moonblast|p1a: Hatterene
|-damage|p1a: Hatterene|0 fnt
|faint|p1a: Hatterene
|
|upkeep
|
|t:|1781314231
|switch|p1a: Darkrai|Darkrai|100/100
|turn|15
|
|t:|1781314243
|move|p1a: Darkrai|Ice Beam|p2a: GangStarrFromAbove
|-supereffective|p2a: GangStarrFromAbove
|-damage|p2a: GangStarrFromAbove|17/100
|move|p2a: GangStarrFromAbove|Moonblast|p1a: Darkrai
|-supereffective|p1a: Darkrai
|-damage|p1a: Darkrai|0 fnt
|faint|p1a: Darkrai
|
|upkeep
|
|t:|1781314249
|switch|p1a: Dragonite|Dragonite, F|100/100
|turn|16
|
|t:|1781314251
|switch|p2a: C.T.E.Spins|Iron Treads|54/100
|-damage|p2a: C.T.E.Spins|51/100|[from] Stealth Rock
|move|p1a: Dragonite|Extreme Speed|p2a: C.T.E.Spins
|-resisted|p2a: C.T.E.Spins
|-damage|p2a: C.T.E.Spins|40/100
|
|upkeep
|turn|17
|
|t:|1781314253
|switch|p1a: Great Tusk|Great Tusk|100/100
|move|p2a: C.T.E.Spins|Rapid Spin|p1a: Great Tusk
|-damage|p1a: Great Tusk|94/100
|-boost|p2a: C.T.E.Spins|spe|1
|-sideend|p2: crck like alakazam|Stealth Rock|[from] move: Rapid Spin|[of] p2a: C.T.E.Spins
|
|-heal|p1a: Great Tusk|99/100|[from] item: Leftovers
|upkeep
|turn|18
|
|t:|1781314265
|move|p2a: C.T.E.Spins|Stealth Rock|p1a: Great Tusk
|-sidestart|p1: zwardo2000|move: Stealth Rock
|move|p1a: Great Tusk|Ice Spinner|p2a: C.T.E.Spins
|-damage|p2a: C.T.E.Spins|23/100
|
|-heal|p1a: Great Tusk|100/100|[from] item: Leftovers
|upkeep
|turn|19
|
|t:|1781314266
|move|p2a: C.T.E.Spins|Rapid Spin|p1a: Great Tusk
|-damage|p1a: Great Tusk|93/100
|-boost|p2a: C.T.E.Spins|spe|1
|move|p1a: Great Tusk|Rapid Spin|p2a: C.T.E.Spins
|-resisted|p2a: C.T.E.Spins
|-damage|p2a: C.T.E.Spins|18/100
|-boost|p1a: Great Tusk|spe|1
|-sideend|p1: zwardo2000|Stealth Rock|[from] move: Rapid Spin|[of] p1a: Great Tusk
|
|-heal|p1a: Great Tusk|99/100|[from] item: Leftovers
|upkeep
|turn|20
|
|t:|1781314278
|move|p2a: C.T.E.Spins|Stealth Rock|p1a: Great Tusk
|-sidestart|p1: zwardo2000|move: Stealth Rock
|move|p1a: Great Tusk|Stealth Rock|p2a: C.T.E.Spins
|-sidestart|p2: crck like alakazam|move: Stealth Rock
|
|-heal|p1a: Great Tusk|100/100|[from] item: Leftovers
|upkeep
|turn|21
|
|t:|1781314280
|move|p2a: C.T.E.Spins|Rapid Spin|p1a: Great Tusk
|-damage|p1a: Great Tusk|94/100
|-boost|p2a: C.T.E.Spins|spe|1
|-sideend|p2: crck like alakazam|Stealth Rock|[from] move: Rapid Spin|[of] p2a: C.T.E.Spins
|move|p1a: Great Tusk|Rapid Spin|p2a: C.T.E.Spins
|-resisted|p2a: C.T.E.Spins
|-damage|p2a: C.T.E.Spins|13/100
|-boost|p1a: Great Tusk|spe|1
|-sideend|p1: zwardo2000|Stealth Rock|[from] move: Rapid Spin|[of] p1a: Great Tusk
|
|-heal|p1a: Great Tusk|99/100|[from] item: Leftovers
|upkeep
|turn|22
|
|t:|1781314283
|move|p2a: C.T.E.Spins|Stealth Rock|p1a: Great Tusk
|-sidestart|p1: zwardo2000|move: Stealth Rock
|move|p1a: Great Tusk|Stealth Rock|p2a: C.T.E.Spins
|-sidestart|p2: crck like alakazam|move: Stealth Rock
|
|-heal|p1a: Great Tusk|100/100|[from] item: Leftovers
|upkeep
|turn|23
|
|t:|1781314284
|move|p2a: C.T.E.Spins|Rapid Spin|p1a: Great Tusk
|-damage|p1a: Great Tusk|93/100
|-boost|p2a: C.T.E.Spins|spe|1
|-sideend|p2: crck like alakazam|Stealth Rock|[from] move: Rapid Spin|[of] p2a: C.T.E.Spins
|move|p1a: Great Tusk|Rapid Spin|p2a: C.T.E.Spins
|-resisted|p2a: C.T.E.Spins
|-damage|p2a: C.T.E.Spins|8/100
|-boost|p1a: Great Tusk|spe|1
|-sideend|p1: zwardo2000|Stealth Rock|[from] move: Rapid Spin|[of] p1a: Great Tusk
|
|-heal|p1a: Great Tusk|99/100|[from] item: Leftovers
|upkeep
|turn|24
|
|t:|1781314288
|move|p2a: C.T.E.Spins|Stealth Rock|p1a: Great Tusk
|-sidestart|p1: zwardo2000|move: Stealth Rock
|move|p1a: Great Tusk|Stealth Rock|p2a: C.T.E.Spins
|-sidestart|p2: crck like alakazam|move: Stealth Rock
|
|-heal|p1a: Great Tusk|100/100|[from] item: Leftovers
|upkeep
|turn|25
|
|t:|1781314289
|move|p2a: C.T.E.Spins|Rapid Spin|p1a: Great Tusk
|-damage|p1a: Great Tusk|94/100
|-boost|p2a: C.T.E.Spins|spe|1
|-sideend|p2: crck like alakazam|Stealth Rock|[from] move: Rapid Spin|[of] p2a: C.T.E.Spins
|move|p1a: Great Tusk|Rapid Spin|p2a: C.T.E.Spins
|-resisted|p2a: C.T.E.Spins
|-damage|p2a: C.T.E.Spins|2/100
|-boost|p1a: Great Tusk|spe|1
|-sideend|p1: zwardo2000|Stealth Rock|[from] move: Rapid Spin|[of] p1a: Great Tusk
|
|-heal|p1a: Great Tusk|99/100|[from] item: Leftovers
|upkeep
|turn|26
|
|t:|1781314291
|move|p2a: C.T.E.Spins|Stealth Rock|p1a: Great Tusk
|-sidestart|p1: zwardo2000|move: Stealth Rock
|move|p1a: Great Tusk|Stealth Rock|p2a: C.T.E.Spins
|-sidestart|p2: crck like alakazam|move: Stealth Rock
|
|-heal|p1a: Great Tusk|100/100|[from] item: Leftovers
|upkeep
|turn|27
|
|t:|1781314293
|move|p2a: C.T.E.Spins|Rapid Spin|p1a: Great Tusk
|-damage|p1a: Great Tusk|94/100
|-boost|p2a: C.T.E.Spins|spe|1
|-sideend|p2: crck like alakazam|Stealth Rock|[from] move: Rapid Spin|[of] p2a: C.T.E.Spins
|move|p1a: Great Tusk|Rapid Spin|p2a: C.T.E.Spins
|-resisted|p2a: C.T.E.Spins
|-damage|p2a: C.T.E.Spins|0 fnt
|-boost|p1a: Great Tusk|spe|1
|-sideend|p1: zwardo2000|Stealth Rock|[from] move: Rapid Spin|[of] p1a: Great Tusk
|faint|p2a: C.T.E.Spins
|-end|p2a: C.T.E.Spins|Quark Drive|[silent]
|
|-heal|p1a: Great Tusk|99/100|[from] item: Leftovers
|upkeep
|
|t:|1781314301
|switch|p2a: 4Pc Peliac Combo|Pelipper, M|100/100
|-weather|RainDance|[from] ability: Drizzle|[of] p2a: 4Pc Peliac Combo
|turn|28
|
|t:|1781314306
|move|p1a: Great Tusk|Stealth Rock|p2a: 4Pc Peliac Combo
|-sidestart|p2: crck like alakazam|move: Stealth Rock
|move|p2a: 4Pc Peliac Combo|Weather Ball|p1a: Great Tusk
|-supereffective|p1a: Great Tusk
|-damage|p1a: Great Tusk|0 fnt
|faint|p1a: Great Tusk
|-end|p1a: Great Tusk|Protosynthesis|[silent]
|
|-weather|RainDance|[upkeep]
|upkeep
|
|t:|1781314310
|switch|p1a: Kyurem|Kyurem|42/100
|-ability|p1a: Kyurem|Pressure
|turn|29
|
|t:|1781314313
|switch|p2a: GangStarrFromAbove|Enamorus, F|17/100
|-damage|p2a: GangStarrFromAbove|0 fnt|[from] Stealth Rock
|faint|p2a: GangStarrFromAbove
|move|p1a: Kyurem|Freeze-Dry|p2: GangStarrFromAbove|[notarget]
|-fail|p1a: Kyurem
|
|-weather|RainDance|[upkeep]
|upkeep
|
|t:|1781314315
|switch|p2a: PurpleRain|Overqwil, M, shiny|100/100
|-damage|p2a: PurpleRain|88/100|[from] Stealth Rock
|turn|30
|
|t:|1781314323
|switch|p1a: Dragonite|Dragonite, F|100/100
|move|p2a: PurpleRain|Gunk Shot|p1a: Dragonite
|-damage|p1a: Dragonite|60/100
|-damage|p2a: PurpleRain|78/100|[from] item: Life Orb
|
|-weather|RainDance|[upkeep]
|upkeep
|turn|31
|
|t:|1781314328
|move|p2a: PurpleRain|Gunk Shot|p1a: Dragonite
|-damage|p1a: Dragonite|0 fnt
|faint|p1a: Dragonite
|-damage|p2a: PurpleRain|68/100|[from] item: Life Orb
|
|-weather|RainDance|[upkeep]
|upkeep
|
|t:|1781314330
|switch|p1a: Kyurem|Kyurem|42/100
|-ability|p1a: Kyurem|Pressure
|turn|32
|
|t:|1781314332
|move|p2a: PurpleRain|Destiny Bond|p2a: PurpleRain
|-singlemove|p2a: PurpleRain|Destiny Bond
|move|p1a: Kyurem|Earth Power|p2a: PurpleRain
|-supereffective|p2a: PurpleRain
|-damage|p2a: PurpleRain|0 fnt
|faint|p2a: PurpleRain
|-activate|p2a: PurpleRain|move: Destiny Bond
|faint|p1a: Kyurem
|
|win|crck like alakazam
|raw|zwardo2000's rating: 1568 &rarr; <strong>1552</strong><br />(-16 for losing)
|raw|crck like alakazam's rating: 1647 &rarr; <strong>1663</strong><br />(+16 for winning)
|l|☆zwardo2000
|player|p1|
