|j|☆vartholomeus
|j|☆daytime_lunar
|t:|1781590068
|gametype|singles
|player|p1|vartholomeus|gambler|1516
|player|p2|daytime_lunar|wattson|1594
|gen|9
|tier|[Gen 9] OU
|rated|
|rule|HP Percentage Mod: HP is shown in percentages
|rule|Endless Battle Clause: Forcing endless battles is banned
|rule|Species Clause: Limit one of each Pokémon
|rule|OHKO Clause: OHKO moves are banned
|rule|Evasion Items Clause: Evasion items are banned
|rule|Evasion Moves Clause: Evasion moves are banned
|rule|Evasion Abilities Clause: Evasion abilities are banned
|rule|Sleep Moves Clause: Sleep-inducing moves are banned
|clearpoke
|poke|p1|Moltres|
|poke|p1|Kleavor, F|
|poke|p1|Greninja-*, M|
|poke|p1|Ting-Lu|
|poke|p1|Iron Valiant|
|poke|p1|Gholdengo|
|poke|p2|Tinkaton, F|
|poke|p2|Raging Bolt|
|poke|p2|Ogerpon, F|
|poke|p2|Moltres|
|poke|p2|Great Tusk|
|poke|p2|Pecharunt|
|teampreview
|inactive|Battle timer is ON: inactive players will automatically lose when time's up. (requested by daytime_lunar)
|inactive|vartholomeus also wants the timer to be on.
|inactive|daytime_lunar has 120 seconds left.
|inactive|daytime_lunar has 90 seconds left.
|inactive|daytime_lunar has 60 seconds left.
|
|t:|1781590186
|teamsize|p1|6
|teamsize|p2|6
|start
|switch|p1a: Klingk|Kleavor, F|100/100
|switch|p2a: Tinkaton|Tinkaton, F|100/100
|-item|p2a: Tinkaton|Air Balloon
|turn|1
|
|t:|1781590193
|move|p2a: Tinkaton|Knock Off|p1a: Klingk
|-damage|p1a: Klingk|77/100
|-enditem|p1a: Klingk|Focus Sash|[from] move: Knock Off|[of] p2a: Tinkaton
|move|p1a: Klingk|Stone Axe|p2a: Tinkaton
|-resisted|p2a: Tinkaton
|-damage|p2a: Tinkaton|67/100
|-enditem|p2a: Tinkaton|Air Balloon
|-sidestart|p2: daytime_lunar|move: Stealth Rock
|
|upkeep
|turn|2
|
|t:|1781590198
|move|p2a: Tinkaton|Gigaton Hammer|p1a: Klingk
|-supereffective|p1a: Klingk
|-crit|p1a: Klingk
|-damage|p1a: Klingk|0 fnt
|faint|p1a: Klingk
|
|upkeep
|
|t:|1781590202
|switch|p1a: Mantequillo|Gholdengo|100/100
|turn|3
|j| pls game
|
|t:|1781590205
|move|p1a: Mantequillo|Shadow Ball|p2a: Tinkaton
|-damage|p2a: Tinkaton|31/100
|move|p2a: Tinkaton|Stealth Rock|p1a: Mantequillo
|-sidestart|p1: vartholomeus|move: Stealth Rock
|
|upkeep
|turn|4
|inactive|daytime_lunar has 120 seconds left.
|
|t:|1781590228
|switch|p2a: Raging Bolt|Raging Bolt|100/100
|-damage|p2a: Raging Bolt|88/100|[from] Stealth Rock
|move|p1a: Mantequillo|Shadow Ball|p2a: Raging Bolt
|-damage|p2a: Raging Bolt|59/100
|-unboost|p2a: Raging Bolt|spd|1
|
|upkeep
|turn|5
|
|t:|1781590232
|move|p1a: Mantequillo|Shadow Ball|p2a: Raging Bolt
|-damage|p2a: Raging Bolt|16/100
|-unboost|p2a: Raging Bolt|spd|1
|move|p2a: Raging Bolt|Thunderbolt|p1a: Mantequillo
|-damage|p1a: Mantequillo|44/100
|
|upkeep
|turn|6
|
|t:|1781590237
|switch|p1a: Irohak|Iron Valiant|100/100
|-damage|p1a: Irohak|94/100|[from] Stealth Rock
|-enditem|p1a: Irohak|Booster Energy
|-activate|p1a: Irohak|ability: Quark Drive|[fromitem]
|-start|p1a: Irohak|quarkdrivespe
|move|p2a: Raging Bolt|Thunderclap||[still]
|-fail|p2a: Raging Bolt
|
|upkeep
|turn|7
|
|t:|1781590241
|move|p2a: Raging Bolt|Thunderclap||[still]
|-fail|p2a: Raging Bolt
|move|p1a: Irohak|Encore|p2a: Raging Bolt
|-start|p2a: Raging Bolt|Encore
|
|upkeep
|turn|8
|
|t:|1781590249
|-end|p2a: Raging Bolt|Protosynthesis|[silent]
|switch|p2a: Tinkaton|Tinkaton, F|31/100
|-damage|p2a: Tinkaton|25/100|[from] Stealth Rock
|move|p1a: Irohak|Calm Mind|p1a: Irohak
|-boost|p1a: Irohak|spa|1
|-boost|p1a: Irohak|spd|1
|
|upkeep
|turn|9
|
|t:|1781590253
|move|p1a: Irohak|Moonblast|p2a: Tinkaton
|-resisted|p2a: Tinkaton
|-damage|p2a: Tinkaton|0 fnt
|faint|p2a: Tinkaton
|
|upkeep
|
|t:|1781590255
|switch|p2a: Pecharunt|Pecharunt|100/100
|turn|10
|
|t:|1781590258
|move|p1a: Irohak|Moonblast|p2a: Pecharunt
|-resisted|p2a: Pecharunt
|-damage|p2a: Pecharunt|77/100
|move|p2a: Pecharunt|Shadow Ball|p1a: Irohak
|-damage|p1a: Irohak|62/100
|-unboost|p1a: Irohak|spd|1
|
|upkeep
|turn|11
|
|t:|1781590270
|-end|p1a: Irohak|Quark Drive|[silent]
|switch|p1a: Lulu|Ting-Lu|100/100
|-damage|p1a: Lulu|94/100|[from] Stealth Rock
|-ability|p1a: Lulu|Vessel of Ruin
|move|p2a: Pecharunt|Malignant Chain|p1a: Lulu
|-resisted|p1a: Lulu
|-damage|p1a: Lulu|88/100
|
|-heal|p1a: Lulu|94/100|[from] item: Leftovers
|upkeep
|turn|12
|
|t:|1781590273
|move|p2a: Pecharunt|Malignant Chain|p1a: Lulu
|-resisted|p1a: Lulu
|-damage|p1a: Lulu|87/100
|move|p1a: Lulu|Earthquake|p2a: Pecharunt
|-supereffective|p2a: Pecharunt
|-damage|p2a: Pecharunt|36/100
|
|-heal|p1a: Lulu|93/100|[from] item: Leftovers
|upkeep
|turn|13
|
|t:|1781590278
|move|p2a: Pecharunt|Recover|p2a: Pecharunt
|-heal|p2a: Pecharunt|86/100
|move|p1a: Lulu|Earthquake|p2a: Pecharunt
|-supereffective|p2a: Pecharunt
|-damage|p2a: Pecharunt|43/100
|
|-heal|p1a: Lulu|99/100|[from] item: Leftovers
|upkeep
|turn|14
|
|t:|1781590281
|move|p2a: Pecharunt|Recover|p2a: Pecharunt
|-heal|p2a: Pecharunt|93/100
|move|p1a: Lulu|Ruination|p2a: Pecharunt
|-damage|p2a: Pecharunt|47/100
|
|-heal|p1a: Lulu|100/100|[from] item: Leftovers
|upkeep
|turn|15
|
|t:|1781590284
|move|p2a: Pecharunt|Malignant Chain|p1a: Lulu
|-resisted|p1a: Lulu
|-damage|p1a: Lulu|94/100
|move|p1a: Lulu|Earthquake|p2a: Pecharunt
|-supereffective|p2a: Pecharunt
|-damage|p2a: Pecharunt|0 fnt
|faint|p2a: Pecharunt
|
|-heal|p1a: Lulu|100/100|[from] item: Leftovers
|upkeep
|
|t:|1781590290
|switch|p2a: Great Tusk|Great Tusk|100/100
|-damage|p2a: Great Tusk|98/100|[from] Stealth Rock
|turn|16
|
|t:|1781590295
|switch|p1a: Mantequillo|Gholdengo|44/100
|-damage|p1a: Mantequillo|38/100|[from] Stealth Rock
|move|p2a: Great Tusk|Rapid Spin|p1a: Mantequillo
|-immune|p1a: Mantequillo
|
|-heal|p2a: Great Tusk|100/100|[from] item: Leftovers
|upkeep
|turn|17
|
|t:|1781590298
|move|p1a: Mantequillo|Make It Rain|p2a: Great Tusk
|-damage|p2a: Great Tusk|11/100
|-unboost|p1a: Mantequillo|spa|1
|move|p2a: Great Tusk|Earthquake|p1a: Mantequillo
|-supereffective|p1a: Mantequillo
|-damage|p1a: Mantequillo|0 fnt
|faint|p1a: Mantequillo
|
|-heal|p2a: Great Tusk|18/100|[from] item: Leftovers
|upkeep
|
|t:|1781590301
|switch|p1a: Suke|Greninja, M|100/100
|-damage|p1a: Suke|88/100|[from] Stealth Rock
|turn|18
|
|t:|1781590307
|-end|p2a: Great Tusk|Protosynthesis|[silent]
|switch|p2a: Ogerpon|Ogerpon, F|100/100
|move|p1a: Suke|Ice Beam|p2a: Ogerpon
|-supereffective|p2a: Ogerpon
|-damage|p2a: Ogerpon|17/100
|-damage|p1a: Suke|78/100|[from] item: Life Orb
|
|upkeep
|turn|19
|
|t:|1781590312
|-terastallize|p2a: Ogerpon|Grass
|detailschange|p2a: Ogerpon|Ogerpon-Teal-Tera, F, tera:Grass
|-ability|p2a: Ogerpon|Embody Aspect (Teal)|boost
|-boost|p2a: Ogerpon|spe|1
|move|p1a: Suke|Water Shuriken|p2a: Ogerpon
|-resisted|p2a: Ogerpon
|-damage|p2a: Ogerpon|12/100
|-resisted|p2a: Ogerpon
|-damage|p2a: Ogerpon|7/100
|-hitcount|p2a: Ogerpon|2
|-damage|p1a: Suke|69/100|[from] item: Life Orb
|move|p2a: Ogerpon|Ivy Cudgel|p1a: Suke
|-supereffective|p1a: Suke
|-crit|p1a: Suke
|-damage|p1a: Suke|0 fnt
|faint|p1a: Suke
|
|upkeep
|
|t:|1781590317
|switch|p1a: Maltro|Moltres|100/100
|turn|20
|
|t:|1781590320
|switch|p2a: Moltres|Moltres|100/100
|move|p1a: Maltro|Flamethrower|p2a: Moltres
|-resisted|p2a: Moltres
|-damage|p2a: Moltres|81/100
|
|upkeep
|turn|21
|
|t:|1781590323
|move|p2a: Moltres|Brave Bird|p1a: Maltro
|-damage|p1a: Maltro|73/100
|-damage|p2a: Moltres|72/100|[from] Recoil
|move|p1a: Maltro|Roar|p2a: Moltres
|drag|p2a: Ogerpon|Ogerpon-Teal-Tera, F, tera:Grass|7/100
|-ability|p2a: Ogerpon|Embody Aspect (Teal)|boost
|-boost|p2a: Ogerpon|spe|1
|
|upkeep
|turn|22
|
|t:|1781590328
|move|p2a: Ogerpon|U-turn|p1a: Maltro
|-resisted|p1a: Maltro
|-damage|p1a: Maltro|69/100
|
|t:|1781590330
|switch|p2a: Moltres|Moltres|72/100|[from] U-turn
|move|p1a: Maltro|U-turn|p2a: Moltres
|-resisted|p2a: Moltres
|-damage|p2a: Moltres|70/100
|
|t:|1781590335
|switch|p1a: Irohak|Iron Valiant|62/100|[from] U-turn
|-damage|p1a: Irohak|56/100|[from] Stealth Rock
|
|upkeep
|turn|23
|
|t:|1781590342
|move|p1a: Irohak|Calm Mind|p1a: Irohak
|-boost|p1a: Irohak|spa|1
|-boost|p1a: Irohak|spd|1
|move|p2a: Moltres|Brave Bird|p1a: Irohak
|-supereffective|p1a: Irohak
|-damage|p1a: Irohak|0 fnt
|faint|p1a: Irohak
|-end|p1a: Irohak|Quark Drive|[silent]
|-damage|p2a: Moltres|56/100|[from] Recoil
|
|upkeep
|
|t:|1781590345
|switch|p1a: Lulu|Ting-Lu|100/100
|-damage|p1a: Lulu|94/100|[from] Stealth Rock
|-ability|p1a: Lulu|Vessel of Ruin
|turn|24
|
|t:|1781590349
|move|p2a: Moltres|U-turn|p1a: Lulu
|-supereffective|p1a: Lulu
|-damage|p1a: Lulu|75/100
|
|t:|1781590352
|switch|p2a: Raging Bolt|Raging Bolt|16/100|[from] U-turn
|-damage|p2a: Raging Bolt|3/100|[from] Stealth Rock
|move|p1a: Lulu|Ruination|p2a: Raging Bolt
|-damage|p2a: Raging Bolt|2/100
|
|-heal|p1a: Lulu|81/100|[from] item: Leftovers
|upkeep
|turn|25
|
|t:|1781590356
|move|p2a: Raging Bolt|Draco Meteor|p1a: Lulu|[miss]
|-miss|p2a: Raging Bolt|p1a: Lulu
|move|p1a: Lulu|Earthquake|p2a: Raging Bolt
|-supereffective|p2a: Raging Bolt
|-damage|p2a: Raging Bolt|0 fnt
|faint|p2a: Raging Bolt
|-end|p2a: Raging Bolt|Protosynthesis|[silent]
|
|-heal|p1a: Lulu|88/100|[from] item: Leftovers
|upkeep
|
|t:|1781590359
|switch|p2a: Great Tusk|Great Tusk|18/100
|-damage|p2a: Great Tusk|15/100|[from] Stealth Rock
|turn|26
|
|t:|1781590362
|move|p2a: Great Tusk|Body Press|p1a: Lulu
|-supereffective|p1a: Lulu
|-damage|p1a: Lulu|38/100
|move|p1a: Lulu|Earthquake|p2a: Great Tusk
|-damage|p2a: Great Tusk|0 fnt
|faint|p2a: Great Tusk
|-end|p2a: Great Tusk|Protosynthesis|[silent]
|
|-heal|p1a: Lulu|44/100|[from] item: Leftovers
|upkeep
|
|t:|1781590366
|switch|p2a: Ogerpon|Ogerpon-Teal-Tera, F, tera:Grass|7/100
|-ability|p2a: Ogerpon|Embody Aspect (Teal)|boost
|-boost|p2a: Ogerpon|spe|1
|turn|27
|
|t:|1781590368
|switch|p1a: Maltro|Moltres|69/100
|move|p2a: Ogerpon|Ivy Cudgel|p1a: Maltro
|-resisted|p1a: Maltro
|-damage|p1a: Maltro|58/100
|
|upkeep
|turn|28
|
|t:|1781590371
|move|p2a: Ogerpon|Knock Off|p1a: Maltro
|-damage|p1a: Maltro|37/100
|-status|p2a: Ogerpon|brn|[from] ability: Flame Body|[of] p1a: Maltro
|-enditem|p1a: Maltro|Heavy-Duty Boots|[from] move: Knock Off|[of] p2a: Ogerpon
|move|p1a: Maltro|Flamethrower|p2a: Ogerpon
|-supereffective|p2a: Ogerpon
|-damage|p2a: Ogerpon|0 fnt
|faint|p2a: Ogerpon
|detailschange|p2: Ogerpon|Ogerpon, F|[silent]
|
|upkeep
|
|t:|1781590373
|switch|p2a: Moltres|Moltres|56/100
|turn|29
|
|t:|1781590376
|move|p1a: Maltro|Roost|p1a: Maltro
|-heal|p1a: Maltro|87/100
|-singleturn|p1a: Maltro|move: Roost
|move|p2a: Moltres|Roost|p2a: Moltres
|-heal|p2a: Moltres|100/100
|-singleturn|p2a: Moltres|move: Roost
|
|upkeep
|turn|30
|
|t:|1781590383
|move|p1a: Maltro|Flamethrower|p2a: Moltres
|-resisted|p2a: Moltres
|-damage|p2a: Moltres|83/100
|move|p2a: Moltres|Brave Bird|p1a: Maltro
|-crit|p1a: Maltro
|-damage|p1a: Maltro|45/100
|-damage|p2a: Moltres|69/100|[from] Recoil
|
|upkeep
|turn|31
|
|t:|1781590387
|move|p1a: Maltro|Roost|p1a: Maltro
|-heal|p1a: Maltro|95/100
|-singleturn|p1a: Maltro|move: Roost
|move|p2a: Moltres|Brave Bird|p1a: Maltro
|-damage|p1a: Maltro|69/100
|-damage|p2a: Moltres|60/100|[from] Recoil
|
|upkeep
|turn|32
|
|t:|1781590391
|switch|p1a: Lulu|Ting-Lu|44/100
|-damage|p1a: Lulu|38/100|[from] Stealth Rock
|-ability|p1a: Lulu|Vessel of Ruin
|move|p2a: Moltres|Roost|p2a: Moltres
|-heal|p2a: Moltres|100/100
|-singleturn|p2a: Moltres|move: Roost
|
|-heal|p1a: Lulu|44/100|[from] item: Leftovers
|upkeep
|turn|33
|c|☆daytime_lunar|miss might fry me lowk
|
|t:|1781590400
|move|p2a: Moltres|Flamethrower|p1a: Lulu
|-damage|p1a: Lulu|29/100
|move|p1a: Lulu|Rest|p1a: Lulu
|-status|p1a: Lulu|slp|[from] move: Rest
|-heal|p1a: Lulu|100/100 slp|[silent]
|
|upkeep
|turn|34
|
|t:|1781590404
|move|p2a: Moltres|U-turn|p1a: Lulu
|-supereffective|p1a: Lulu
|-damage|p1a: Lulu|82/100 slp
|cant|p1a: Lulu|slp
|move|p1a: Lulu|Sleep Talk|p1a: Lulu
|move|p1a: Lulu|Ruination|p2a: Moltres|[from] move: Sleep Talk|[miss]
|-miss|p1a: Lulu|p2a: Moltres
|
|-heal|p1a: Lulu|88/100 slp|[from] item: Leftovers
|upkeep
|turn|35
|
|t:|1781590407
|move|p2a: Moltres|U-turn|p1a: Lulu
|-supereffective|p1a: Lulu
|-damage|p1a: Lulu|71/100 slp
|cant|p1a: Lulu|slp
|move|p1a: Lulu|Sleep Talk|p1a: Lulu
|move|p1a: Lulu|Earthquake|p2a: Moltres|[from] move: Sleep Talk
|-immune|p2a: Moltres
|
|-heal|p1a: Lulu|78/100 slp|[from] item: Leftovers
|upkeep
|turn|36
|
|t:|1781590410
|move|p2a: Moltres|U-turn|p1a: Lulu
|-supereffective|p1a: Lulu
|-damage|p1a: Lulu|60/100 slp
|-curestatus|p1a: Lulu|slp|[msg]
|move|p1a: Lulu|Ruination|p2a: Moltres
|-damage|p2a: Moltres|50/100
|
|-heal|p1a: Lulu|66/100|[from] item: Leftovers
|upkeep
|turn|37
|
|t:|1781590414
|move|p2a: Moltres|U-turn|p1a: Lulu
|-supereffective|p1a: Lulu
|-damage|p1a: Lulu|50/100
|move|p1a: Lulu|Ruination|p2a: Moltres
|-damage|p2a: Moltres|25/100
|
|-heal|p1a: Lulu|56/100|[from] item: Leftovers
|upkeep
|turn|38
|
|t:|1781590418
|move|p2a: Moltres|U-turn|p1a: Lulu
|-supereffective|p1a: Lulu
|-damage|p1a: Lulu|39/100
|move|p1a: Lulu|Rest|p1a: Lulu
|-status|p1a: Lulu|slp|[from] move: Rest
|-heal|p1a: Lulu|100/100 slp|[silent]
|
|upkeep
|turn|39
|
|t:|1781590421
|move|p2a: Moltres|Roost|p2a: Moltres
|-heal|p2a: Moltres|75/100
|-singleturn|p2a: Moltres|move: Roost
|cant|p1a: Lulu|slp
|move|p1a: Lulu|Sleep Talk|p1a: Lulu
|move|p1a: Lulu|Earthquake|p2a: Moltres|[from] move: Sleep Talk
|-supereffective|p2a: Moltres
|-damage|p2a: Moltres|20/100
|
|upkeep
|turn|40
|
|t:|1781590426
|move|p2a: Moltres|Roost|p2a: Moltres
|-heal|p2a: Moltres|70/100
|-singleturn|p2a: Moltres|move: Roost
|cant|p1a: Lulu|slp
|move|p1a: Lulu|Sleep Talk|p1a: Lulu
|move|p1a: Lulu|Rest||[from] move: Sleep Talk|[still]
|-fail|p1a: Lulu
|
|upkeep
|turn|41
|
|t:|1781590429
|move|p2a: Moltres|U-turn|p1a: Lulu
|-supereffective|p1a: Lulu
|-damage|p1a: Lulu|83/100 slp
|-curestatus|p1a: Lulu|slp|[msg]
|move|p1a: Lulu|Ruination|p2a: Moltres
|-damage|p2a: Moltres|35/100
|
|-heal|p1a: Lulu|89/100|[from] item: Leftovers
|upkeep
|turn|42
|
|t:|1781590433
|move|p2a: Moltres|U-turn|p1a: Lulu
|-supereffective|p1a: Lulu
|-damage|p1a: Lulu|71/100
|move|p1a: Lulu|Ruination|p2a: Moltres
|-damage|p2a: Moltres|18/100
|
|-heal|p1a: Lulu|77/100|[from] item: Leftovers
|upkeep
|turn|43
|
|t:|1781590444
|move|p2a: Moltres|U-turn|p1a: Lulu
|-supereffective|p1a: Lulu
|-damage|p1a: Lulu|57/100
|move|p1a: Lulu|Ruination|p2a: Moltres
|-damage|p2a: Moltres|9/100
|
|-heal|p1a: Lulu|64/100|[from] item: Leftovers
|upkeep
|turn|44
|
|t:|1781590448
|move|p2a: Moltres|Roost|p2a: Moltres
|-heal|p2a: Moltres|59/100
|-singleturn|p2a: Moltres|move: Roost
|move|p1a: Lulu|Ruination|p2a: Moltres
|-damage|p2a: Moltres|30/100
|
|-heal|p1a: Lulu|70/100|[from] item: Leftovers
|upkeep
|turn|45
|
|t:|1781590452
|move|p2a: Moltres|U-turn|p1a: Lulu
|-supereffective|p1a: Lulu
|-damage|p1a: Lulu|51/100
|move|p1a: Lulu|Ruination|p2a: Moltres
|-damage|p2a: Moltres|15/100
|
|-heal|p1a: Lulu|57/100|[from] item: Leftovers
|upkeep
|turn|46
|
|t:|1781590456
|move|p2a: Moltres|Roost|p2a: Moltres
|-heal|p2a: Moltres|65/100
|-singleturn|p2a: Moltres|move: Roost
|move|p1a: Lulu|Ruination|p2a: Moltres
|-damage|p2a: Moltres|33/100
|
|-heal|p1a: Lulu|64/100|[from] item: Leftovers
|upkeep
|turn|47
|
|t:|1781590460
|move|p2a: Moltres|Roost|p2a: Moltres
|-heal|p2a: Moltres|83/100
|-singleturn|p2a: Moltres|move: Roost
|move|p1a: Lulu|Ruination|p2a: Moltres
|-damage|p2a: Moltres|42/100
|
|-heal|p1a: Lulu|70/100|[from] item: Leftovers
|upkeep
|turn|48
|
|t:|1781590463
|move|p2a: Moltres|U-turn|p1a: Lulu
|-supereffective|p1a: Lulu
|-damage|p1a: Lulu|51/100
|move|p1a: Lulu|Ruination|p2a: Moltres
|-damage|p2a: Moltres|21/100
|
|-heal|p1a: Lulu|57/100|[from] item: Leftovers
|upkeep
|turn|49
|
|t:|1781590467
|move|p2a: Moltres|U-turn|p1a: Lulu
|-supereffective|p1a: Lulu
|-damage|p1a: Lulu|40/100
|move|p1a: Lulu|Earthquake|p2a: Moltres
|-immune|p2a: Moltres
|
|-heal|p1a: Lulu|46/100|[from] item: Leftovers
|upkeep
|turn|50
|
|t:|1781590470
|move|p2a: Moltres|U-turn|p1a: Lulu
|-supereffective|p1a: Lulu
|-damage|p1a: Lulu|27/100
|move|p1a: Lulu|Rest|p1a: Lulu
|-status|p1a: Lulu|slp|[from] move: Rest
|-heal|p1a: Lulu|100/100 slp|[silent]
|
|upkeep
|turn|51
|
|t:|1781590473
|move|p2a: Moltres|Roost|p2a: Moltres
|-heal|p2a: Moltres|71/100
|-singleturn|p2a: Moltres|move: Roost
|cant|p1a: Lulu|slp
|move|p1a: Lulu|Sleep Talk|p1a: Lulu
|move|p1a: Lulu|Rest||[from] move: Sleep Talk|[still]
|-fail|p1a: Lulu
|
|upkeep
|turn|52
|
|t:|1781590477
|move|p2a: Moltres|U-turn|p1a: Lulu
|-supereffective|p1a: Lulu
|-damage|p1a: Lulu|82/100 slp
|cant|p1a: Lulu|slp
|move|p1a: Lulu|Sleep Talk|p1a: Lulu
|move|p1a: Lulu|Earthquake|p2a: Moltres|[from] move: Sleep Talk
|-immune|p2a: Moltres
|
|-heal|p1a: Lulu|88/100 slp|[from] item: Leftovers
|upkeep
|turn|53
|
|t:|1781590480
|move|p2a: Moltres|U-turn|p1a: Lulu
|-supereffective|p1a: Lulu
|-damage|p1a: Lulu|72/100 slp
|-curestatus|p1a: Lulu|slp|[msg]
|move|p1a: Lulu|Ruination|p2a: Moltres
|-damage|p2a: Moltres|36/100
|
|-heal|p1a: Lulu|78/100|[from] item: Leftovers
|upkeep
|turn|54
|
|t:|1781590484
|move|p2a: Moltres|U-turn|p1a: Lulu
|-supereffective|p1a: Lulu
|-damage|p1a: Lulu|59/100
|move|p1a: Lulu|Ruination|p2a: Moltres
|-damage|p2a: Moltres|18/100
|
|-heal|p1a: Lulu|65/100|[from] item: Leftovers
|upkeep
|turn|55
|
|t:|1781590488
|move|p2a: Moltres|U-turn|p1a: Lulu
|-supereffective|p1a: Lulu
|-damage|p1a: Lulu|47/100
|move|p1a: Lulu|Ruination|p2a: Moltres
|-damage|p2a: Moltres|9/100
|
|-heal|p1a: Lulu|53/100|[from] item: Leftovers
|upkeep
|turn|56
|
|t:|1781590492
|move|p2a: Moltres|U-turn|p1a: Lulu
|-supereffective|p1a: Lulu
|-damage|p1a: Lulu|36/100
|move|p1a: Lulu|Rest|p1a: Lulu
|-status|p1a: Lulu|slp|[from] move: Rest
|-heal|p1a: Lulu|100/100 slp|[silent]
|
|upkeep
|turn|57
|
|t:|1781590495
|move|p2a: Moltres|U-turn|p1a: Lulu
|-supereffective|p1a: Lulu
|-damage|p1a: Lulu|84/100 slp
|cant|p1a: Lulu|slp
|move|p1a: Lulu|Sleep Talk|p1a: Lulu
|move|p1a: Lulu|Earthquake|p2a: Moltres|[from] move: Sleep Talk
|-immune|p2a: Moltres
|
|-heal|p1a: Lulu|90/100 slp|[from] item: Leftovers
|upkeep
|turn|58
|
|t:|1781590499
|move|p2a: Moltres|U-turn|p1a: Lulu
|-supereffective|p1a: Lulu
|-damage|p1a: Lulu|74/100 slp
|cant|p1a: Lulu|slp
|move|p1a: Lulu|Sleep Talk|p1a: Lulu
|move|p1a: Lulu|Earthquake|p2a: Moltres|[from] move: Sleep Talk
|-immune|p2a: Moltres
|
|-heal|p1a: Lulu|80/100 slp|[from] item: Leftovers
|upkeep
|turn|59
|
|t:|1781590507
|switch|p1a: Maltro|Moltres|69/100
|-damage|p1a: Maltro|19/100|[from] Stealth Rock
|move|p2a: Moltres|Flamethrower|p1a: Maltro
|-resisted|p1a: Maltro
|-damage|p1a: Maltro|0 fnt
|faint|p1a: Maltro
|
|upkeep
|
|t:|1781590510
|switch|p1a: Lulu|Ting-Lu|80/100 slp
|-damage|p1a: Lulu|74/100 slp|[from] Stealth Rock
|-ability|p1a: Lulu|Vessel of Ruin
|turn|60
|c|☆daytime_lunar|gg i think
|
|t:|1781590517
|move|p2a: Moltres|Flamethrower|p1a: Lulu
|-damage|p1a: Lulu|58/100 slp
|-curestatus|p1a: Lulu|slp|[msg]
|move|p1a: Lulu|Sleep Talk||[still]
|-fail|p1a: Lulu
|
|-heal|p1a: Lulu|64/100|[from] item: Leftovers
|upkeep
|turn|61
|
|t:|1781590525
|move|p2a: Moltres|Flamethrower|p1a: Lulu
|-damage|p1a: Lulu|48/100
|move|p1a: Lulu|Earthquake|p2a: Moltres
|-immune|p2a: Moltres
|
|-heal|p1a: Lulu|54/100|[from] item: Leftovers
|upkeep
|turn|62
|
|t:|1781590530
|move|p2a: Moltres|Flamethrower|p1a: Lulu
|-damage|p1a: Lulu|39/100
|move|p1a: Lulu|Ruination|p2a: Moltres
|-damage|p2a: Moltres|5/100
|
|-heal|p1a: Lulu|45/100|[from] item: Leftovers
|upkeep
|turn|63
|
|t:|1781590534
|move|p2a: Moltres|Flamethrower|p1a: Lulu
|-crit|p1a: Lulu
|-damage|p1a: Lulu|21/100
|move|p1a: Lulu|Rest|p1a: Lulu
|-status|p1a: Lulu|slp|[from] move: Rest
|-heal|p1a: Lulu|100/100 slp|[silent]
|
|upkeep
|turn|64
|
|t:|1781590538
|move|p2a: Moltres|Flamethrower|p1a: Lulu
|-damage|p1a: Lulu|85/100 slp
|cant|p1a: Lulu|slp
|move|p1a: Lulu|Sleep Talk|p1a: Lulu
|move|p1a: Lulu|Rest||[from] move: Sleep Talk|[still]
|-fail|p1a: Lulu
|
|-heal|p1a: Lulu|92/100 slp|[from] item: Leftovers
|upkeep
|turn|65
|-message|vartholomeus forfeited.
|
|win|daytime_lunar
|raw|vartholomeus's rating: 1516 &rarr; <strong>1500</strong><br />(-16 for losing)
|raw|daytime_lunar's rating: 1594 &rarr; <strong>1610</strong><br />(+16 for winning)
|l|☆vartholomeus
|player|p1|
|j| ceo o wo chien
|l| ceo o wo chien
|j| ceo o wo chien
|j| Shucklepilled
|j| Land Sea Air
|l| pls game
|l| Shucklepilled
