|j|☆M0onStarr
|j|☆KurisuChestnutOU
|t:|1781161521
|gametype|singles
|player|p1|M0onStarr|266|1500
|player|p2|KurisuChestnutOU|may-contest|1557
|gen|9
|tier|[Gen 9] OU
|rated|
|rule|HP Percentage Mod: HP is shown in percentages
|rule|Endless Battle Clause: Forcing endless battles is banned
|rule|Species Clause: Limit one of each Pokémon
|rule|OHKO Clause: OHKO moves are banned
|rule|Evasion Items Clause: Evasion items are banned
|rule|Evasion Moves Clause: Evasion moves are banned
|rule|Evasion Abilities Clause: Evasion abilities are banned
|rule|Sleep Moves Clause: Sleep-inducing moves are banned
|clearpoke
|poke|p1|Klefki, M|
|poke|p1|Regieleki|
|poke|p1|Raging Bolt|
|poke|p1|Ceruledge, F|
|poke|p1|Iron Crown|
|poke|p1|Great Tusk|
|poke|p2|Zamazenta-*|
|poke|p2|Zapdos|
|poke|p2|Garganacl, M|
|poke|p2|Clefable, M|
|poke|p2|Samurott-Hisui, F|
|poke|p2|Gholdengo|
|teampreview
|inactive|Battle timer is ON: inactive players will automatically lose when time's up. (requested by KurisuChestnutOU)
|
|t:|1781161539
|teamsize|p1|6
|teamsize|p2|6
|start
|switch|p1a: Regieleki|Regieleki|100/100
|switch|p2a: Garganacl|Garganacl, M|100/100
|turn|1
|
|t:|1781161546
|move|p1a: Regieleki|Volt Switch|p2a: Garganacl
|-damage|p2a: Garganacl|60/100
|l|☆M0onStarr
|inactive|M0onStarr disconnected and has a minute to reconnect!
|player|p1|
|j|☆M0onStarr
|inactive|M0onStarr reconnected and has 125 seconds left.
|player|p1|M0onStarr|266|
|inactive|M0onStarr has 120 seconds left.
|n|☆M0onStarr|m0onstarr
|
|t:|1781161595
|switch|p1a: Great Tusk|Great Tusk|100/100|[from] Volt Switch
|move|p2a: Garganacl|Stealth Rock|p1a: Great Tusk
|-sidestart|p1: M0onStarr|move: Stealth Rock
|
|-heal|p2a: Garganacl|66/100|[from] item: Leftovers
|upkeep
|turn|2
|
|t:|1781161605
|switch|p2a: Zamazenta|Zamazenta|100/100
|-ability|p2a: Zamazenta|Dauntless Shield|boost
|-boost|p2a: Zamazenta|def|1
|move|p1a: Great Tusk|Stealth Rock|p2a: Zamazenta
|-sidestart|p2: KurisuChestnutOU|move: Stealth Rock
|
|upkeep
|turn|3
|
|t:|1781161610
|move|p2a: Zamazenta|Iron Defense|p2a: Zamazenta
|-boost|p2a: Zamazenta|def|2
|move|p1a: Great Tusk|Rapid Spin|p2a: Zamazenta
|-damage|p2a: Zamazenta|94/100
|-boost|p1a: Great Tusk|spe|1
|-sideend|p1: M0onStarr|Stealth Rock|[from] move: Rapid Spin|[of] p1a: Great Tusk
|
|-heal|p2a: Zamazenta|100/100|[from] item: Leftovers
|upkeep
|turn|4
|
|t:|1781161616
|-end|p1a: Great Tusk|Protosynthesis|[silent]
|switch|p1a: Klefki|Klefki, M|100/100
|move|p2a: Zamazenta|Body Press|p1a: Klefki
|-damage|p1a: Klefki|38/100
|
|upkeep
|turn|5
|
|t:|1781161624
|move|p1a: Klefki|Spikes|p2a: Zamazenta
|-sidestart|p2: KurisuChestnutOU|Spikes
|move|p2a: Zamazenta|Body Press|p1a: Klefki
|-damage|p1a: Klefki|0 fnt
|faint|p1a: Klefki
|
|upkeep
|
|t:|1781161630
|switch|p1a: Regieleki|Regieleki|100/100
|turn|6
|
|t:|1781161642
|move|p1a: Regieleki|Volt Switch|p2a: Zamazenta
|-damage|p2a: Zamazenta|53/100
|
|t:|1781161646
|switch|p1a: Ceruledge|Ceruledge, F|100/100|[from] Volt Switch
|move|p2a: Zamazenta|Body Press|p1a: Ceruledge
|-immune|p1a: Ceruledge
|
|-heal|p2a: Zamazenta|60/100|[from] item: Leftovers
|upkeep
|turn|7
|
|t:|1781161662
|switch|p1a: Regieleki|Regieleki|100/100
|move|p2a: Zamazenta|Crunch|p1a: Regieleki
|-damage|p1a: Regieleki|62/100
|
|-heal|p2a: Zamazenta|66/100|[from] item: Leftovers
|upkeep
|turn|8
|
|t:|1781161666
|move|p1a: Regieleki|Thunderbolt|p2a: Zamazenta
|-damage|p2a: Zamazenta|8/100
|move|p2a: Zamazenta|Body Press|p1a: Regieleki
|-damage|p1a: Regieleki|0 fnt
|faint|p1a: Regieleki
|
|-heal|p2a: Zamazenta|14/100|[from] item: Leftovers
|upkeep
|
|t:|1781161689
|switch|p1a: Iron Crown|Iron Crown|100/100
|-enditem|p1a: Iron Crown|Booster Energy
|-activate|p1a: Iron Crown|ability: Quark Drive|[fromitem]
|-start|p1a: Iron Crown|quarkdrivespe
|turn|9
|
|t:|1781161694
|move|p1a: Iron Crown|Tachyon Cutter|p2a: Zamazenta
|-damage|p2a: Zamazenta|0 fnt
|faint|p2a: Zamazenta
|-hitcount|p2: Zamazenta|1
|
|upkeep
|
|t:|1781161698
|switch|p2a: Zapdos|Zapdos|100/100
|turn|10
|
|t:|1781161710
|move|p1a: Iron Crown|Calm Mind|p1a: Iron Crown
|-boost|p1a: Iron Crown|spa|1
|-boost|p1a: Iron Crown|spd|1
|move|p2a: Zapdos|Volt Switch|p1a: Iron Crown
|-damage|p1a: Iron Crown|81/100
|
|t:|1781161713
|switch|p2a: Garganacl|Garganacl, M|66/100|[from] Volt Switch
|-damage|p2a: Garganacl|53/100|[from] Stealth Rock
|-damage|p2a: Garganacl|41/100|[from] Spikes
|
|-heal|p2a: Garganacl|47/100|[from] item: Leftovers
|upkeep
|turn|11
|
|t:|1781161717
|-terastallize|p2a: Garganacl|Water
|move|p1a: Iron Crown|Tachyon Cutter|p2a: Garganacl
|-resisted|p2a: Garganacl
|-damage|p2a: Garganacl|35/100
|-resisted|p2a: Garganacl
|-damage|p2a: Garganacl|24/100
|-hitcount|p2a: Garganacl|2
|move|p2a: Garganacl|Recover|p2a: Garganacl
|-heal|p2a: Garganacl|74/100
|
|-heal|p2a: Garganacl|80/100|[from] item: Leftovers
|upkeep
|turn|12
|
|t:|1781161721
|move|p1a: Iron Crown|Psyshock|p2a: Garganacl
|-damage|p2a: Garganacl|45/100
|move|p2a: Garganacl|Salt Cure|p1a: Iron Crown
|-resisted|p1a: Iron Crown
|-damage|p1a: Iron Crown|75/100
|-start|p1a: Iron Crown|Salt Cure
|
|-heal|p2a: Garganacl|51/100|[from] item: Leftovers
|-damage|p1a: Iron Crown|50/100|[from] Salt Cure
|upkeep
|turn|13
|
|t:|1781161726
|move|p1a: Iron Crown|Calm Mind|p1a: Iron Crown
|-boost|p1a: Iron Crown|spa|1
|-boost|p1a: Iron Crown|spd|1
|move|p2a: Garganacl|Salt Cure|p1a: Iron Crown
|-resisted|p1a: Iron Crown
|-damage|p1a: Iron Crown|43/100
|
|-heal|p2a: Garganacl|57/100|[from] item: Leftovers
|-damage|p1a: Iron Crown|18/100|[from] Salt Cure
|upkeep
|turn|14
|
|t:|1781161731
|move|p1a: Iron Crown|Psyshock|p2a: Garganacl
|-damage|p2a: Garganacl|10/100
|move|p2a: Garganacl|Recover|p2a: Garganacl
|-heal|p2a: Garganacl|60/100
|
|-heal|p2a: Garganacl|66/100|[from] item: Leftovers
|-damage|p1a: Iron Crown|0 fnt|[from] Salt Cure
|faint|p1a: Iron Crown
|-end|p1a: Iron Crown|Quark Drive|[silent]
|upkeep
|
|t:|1781161736
|switch|p1a: Raging Bolt|Raging Bolt|100/100
|-enditem|p1a: Raging Bolt|Booster Energy
|-activate|p1a: Raging Bolt|ability: Protosynthesis|[fromitem]
|-start|p1a: Raging Bolt|protosynthesisspa
|turn|15
|
|t:|1781161741
|switch|p2a: Zapdos|Zapdos|100/100
|move|p1a: Raging Bolt|Calm Mind|p1a: Raging Bolt
|-boost|p1a: Raging Bolt|spa|1
|-boost|p1a: Raging Bolt|spd|1
|
|upkeep
|turn|16
|
|t:|1781161752
|move|p1a: Raging Bolt|Calm Mind|p1a: Raging Bolt
|-boost|p1a: Raging Bolt|spa|1
|-boost|p1a: Raging Bolt|spd|1
|move|p2a: Zapdos|Volt Switch|p1a: Raging Bolt
|-resisted|p1a: Raging Bolt
|-damage|p1a: Raging Bolt|97/100
|
|t:|1781161759
|switch|p2a: Garganacl|Garganacl, M, tera:Water|66/100|[from] Volt Switch
|-damage|p2a: Garganacl|53/100|[from] Stealth Rock
|-damage|p2a: Garganacl|41/100|[from] Spikes
|
|-heal|p2a: Garganacl|47/100|[from] item: Leftovers
|upkeep
|turn|17
|
|t:|1781161765
|move|p1a: Raging Bolt|Thunderclap|p2a: Garganacl
|-supereffective|p2a: Garganacl
|-damage|p2a: Garganacl|0 fnt
|faint|p2a: Garganacl
|
|upkeep
|
|t:|1781161768
|switch|p2a: Clefable|Clefable, M|100/100
|turn|18
|
|t:|1781161772
|move|p1a: Raging Bolt|Thunderbolt|p2a: Clefable
|-damage|p2a: Clefable|37/100
|move|p2a: Clefable|Moonblast|p1a: Raging Bolt
|-supereffective|p1a: Raging Bolt
|-damage|p1a: Raging Bolt|37/100
|
|upkeep
|turn|19
|
|t:|1781161779
|move|p1a: Raging Bolt|Thunderbolt|p2a: Clefable
|-damage|p2a: Clefable|0 fnt
|faint|p2a: Clefable
|
|upkeep
|
|t:|1781161784
|switch|p2a: Gholdengo|Gholdengo|100/100
|-damage|p2a: Gholdengo|94/100|[from] Stealth Rock
|-damage|p2a: Gholdengo|82/100|[from] Spikes
|turn|20
|
|t:|1781161791
|move|p2a: Gholdengo|Trick|p1a: Raging Bolt
|-activate|p2a: Gholdengo|move: Trick|[of] p1a: Raging Bolt
|-item|p1a: Raging Bolt|Choice Scarf|[from] move: Trick
|-enditem|p2a: Gholdengo|Choice Scarf|[silent]|[from] move: Trick
|move|p1a: Raging Bolt|Thunderbolt|p2a: Gholdengo
|-crit|p2a: Gholdengo
|-damage|p2a: Gholdengo|0 fnt
|faint|p2a: Gholdengo
|
|upkeep
|
|t:|1781161795
|switch|p2a: Samurott|Samurott-Hisui, F|100/100
|-damage|p2a: Samurott|88/100|[from] Stealth Rock
|-damage|p2a: Samurott|76/100|[from] Spikes
|turn|21
|
|t:|1781161798
|move|p2a: Samurott|Knock Off|p1a: Raging Bolt
|-damage|p1a: Raging Bolt|0 fnt
|-enditem|p1a: Raging Bolt|Choice Scarf|[from] move: Knock Off|[of] p2a: Samurott
|faint|p1a: Raging Bolt
|-end|p1a: Raging Bolt|Protosynthesis|[silent]
|
|upkeep
|
|t:|1781161803
|switch|p1a: Great Tusk|Great Tusk|100/100
|turn|22
|
|t:|1781161808
|switch|p2a: Zapdos|Zapdos|100/100
|move|p1a: Great Tusk|Rapid Spin|p2a: Zapdos
|-damage|p2a: Zapdos|87/100
|-boost|p1a: Great Tusk|spe|1
|
|upkeep
|turn|23
|
|t:|1781161814
|-terastallize|p1a: Great Tusk|Steel
|move|p1a: Great Tusk|Ice Spinner|p2a: Zapdos
|-supereffective|p2a: Zapdos
|-damage|p2a: Zapdos|49/100
|move|p2a: Zapdos|Hurricane|p1a: Great Tusk|[miss]
|-miss|p2a: Zapdos|p1a: Great Tusk
|
|upkeep
|turn|24
|
|t:|1781161829
|move|p1a: Great Tusk|Stealth Rock||[still]
|-fail|p1a: Great Tusk
|move|p2a: Zapdos|Roost|p2a: Zapdos
|-heal|p2a: Zapdos|99/100
|-singleturn|p2a: Zapdos|move: Roost
|
|upkeep
|turn|25
|
|t:|1781161834
|switch|p2a: Samurott|Samurott-Hisui, F|76/100
|-damage|p2a: Samurott|63/100|[from] Stealth Rock
|-damage|p2a: Samurott|51/100|[from] Spikes
|move|p1a: Great Tusk|Stealth Rock||[still]
|-fail|p1a: Great Tusk
|
|upkeep
|turn|26
|
|t:|1781161837
|switch|p2a: Zapdos|Zapdos|99/100
|move|p1a: Great Tusk|Headlong Rush|p2a: Zapdos
|-immune|p2a: Zapdos
|
|upkeep
|turn|27
|
|t:|1781161843
|move|p1a: Great Tusk|Stealth Rock||[still]
|-fail|p1a: Great Tusk
|move|p2a: Zapdos|Hurricane|p1a: Great Tusk
|-resisted|p1a: Great Tusk
|-damage|p1a: Great Tusk|68/100
|
|upkeep
|turn|28
|
|t:|1781161846
|move|p1a: Great Tusk|Ice Spinner|p2a: Zapdos
|-supereffective|p2a: Zapdos
|-damage|p2a: Zapdos|55/100
|move|p2a: Zapdos|Hurricane|p1a: Great Tusk
|-resisted|p1a: Great Tusk
|-damage|p1a: Great Tusk|33/100
|-start|p1a: Great Tusk|confusion
|
|upkeep
|turn|29
|
|t:|1781161851
|-activate|p1a: Great Tusk|confusion
|-damage|p1a: Great Tusk|24/100|[from] confusion
|move|p2a: Zapdos|Roost|p2a: Zapdos
|-heal|p2a: Zapdos|100/100
|-singleturn|p2a: Zapdos|move: Roost
|
|upkeep
|turn|30
|
|t:|1781161858
|-end|p1a: Great Tusk|confusion
|move|p1a: Great Tusk|Ice Spinner|p2a: Zapdos
|-supereffective|p2a: Zapdos
|-crit|p2a: Zapdos
|-damage|p2a: Zapdos|36/100
|move|p2a: Zapdos|Hurricane|p1a: Great Tusk|[miss]
|-miss|p2a: Zapdos|p1a: Great Tusk
|
|upkeep
|turn|31
|
|t:|1781161867
|switch|p2a: Samurott|Samurott-Hisui, F|51/100
|-damage|p2a: Samurott|38/100|[from] Stealth Rock
|-damage|p2a: Samurott|26/100|[from] Spikes
|move|p1a: Great Tusk|Ice Spinner|p2a: Samurott
|-resisted|p2a: Samurott
|-damage|p2a: Samurott|8/100
|
|upkeep
|turn|32
|
|t:|1781161871
|move|p1a: Great Tusk|Ice Spinner|p2a: Samurott
|-resisted|p2a: Samurott
|-damage|p2a: Samurott|0 fnt
|faint|p2a: Samurott
|
|upkeep
|
|t:|1781161874
|switch|p2a: Zapdos|Zapdos|36/100
|turn|33
|
|t:|1781161878
|move|p1a: Great Tusk|Ice Spinner|p2a: Zapdos
|-supereffective|p2a: Zapdos
|-damage|p2a: Zapdos|0 fnt
|faint|p2a: Zapdos
|
|win|M0onStarr
|raw|M0onStarr's rating: 1500 &rarr; <strong>1523</strong><br />(+23 for winning)
|raw|KurisuChestnutOU's rating: 1555 &rarr; <strong>1532</strong><br />(-23 for losing)
|l|☆KurisuChestnutOU
|player|p2|
|l|☆M0onStarr
|player|p1|
