|badge|p2|bronze|gen9randombattle|100-9
|badge|p2|bronze|gen9ubers|100-9
|uhtml|medal-msg|<div class="broadcast-blue">Curious what those medals under the avatar are? PS now has Ladder Seasons! For more information, check out the <a href="https://www.smogon.com/forums/threads/3740067/">thread on Smogon.</a></div>
|j|☆rekjllj
|j|☆oddishlover4
|t:|1781329889
|gametype|singles
|player|p1|rekjllj|169|1689
|player|p2|oddishlover4|acetrainerf|1676
|gen|9
|tier|[Gen 9] OU
|rated|
|rule|HP Percentage Mod: HP is shown in percentages
|rule|Endless Battle Clause: Forcing endless battles is banned
|rule|Species Clause: Limit one of each Pokémon
|rule|OHKO Clause: OHKO moves are banned
|rule|Evasion Items Clause: Evasion items are banned
|rule|Evasion Moves Clause: Evasion moves are banned
|rule|Evasion Abilities Clause: Evasion abilities are banned
|rule|Sleep Moves Clause: Sleep-inducing moves are banned
|clearpoke
|poke|p1|Walking Wake|
|poke|p1|Great Tusk|
|poke|p1|Ninetales, F|
|poke|p1|Cresselia, F|
|poke|p1|Zarude|
|poke|p1|Ceruledge, M|
|poke|p2|Kyurem|
|poke|p2|Hatterene, F|
|poke|p2|Darkrai|
|poke|p2|Great Tusk|
|poke|p2|Dragonite, F|
|poke|p2|Gholdengo|
|teampreview
|c|☆rekjllj|hf
|inactive|Battle timer is ON: inactive players will automatically lose when time's up. (requested by rekjllj)
|j| Hakone Outbound
|
|t:|1781329908
|teamsize|p1|6
|teamsize|p2|6
|start
|switch|p1a: Ceruledge|Ceruledge, M|100/100
|switch|p2a: Boompala|Kyurem|100/100
|-ability|p2a: Boompala|Pressure
|turn|1
|c|☆oddishlover4|gl/hf!
|inactive|oddishlover4 also wants the timer to be on.
|
|t:|1781329926
|move|p1a: Ceruledge|Bitter Blade|p2a: Boompala
|-damage|p2a: Boompala|63/100
|move|p2a: Boompala|Earth Power|p1a: Ceruledge
|-supereffective|p1a: Ceruledge
|-damage|p1a: Ceruledge|31/100
|
|upkeep
|turn|2
|
|t:|1781329945
|move|p1a: Ceruledge|Close Combat|p2a: Boompala
|-supereffective|p2a: Boompala
|-damage|p2a: Boompala|0 fnt
|-unboost|p1a: Ceruledge|def|1
|-unboost|p1a: Ceruledge|spd|1
|faint|p2a: Boompala
|
|upkeep
|inactive|oddishlover4 has 120 seconds left.
|
|t:|1781329962
|switch|p2a: Perfect Night|Darkrai|100/100
|turn|3
|inactive|oddishlover4 has 120 seconds left.
|
|t:|1781329980
|switch|p1a: Great Tusk|Great Tusk|100/100
|move|p2a: Perfect Night|Dark Pulse|p1a: Great Tusk
|-resisted|p1a: Great Tusk
|-damage|p1a: Great Tusk|78/100
|
|upkeep
|turn|4
|inactive|oddishlover4 has 120 seconds left.
|
|t:|1781329998
|switch|p2a: Antifragile|Hatterene, F|100/100
|move|p1a: Great Tusk|Ice Spinner|p2a: Antifragile
|-damage|p2a: Antifragile|73/100
|-damage|p1a: Great Tusk|61/100|[from] item: Rocky Helmet|[of] p2a: Antifragile
|
|upkeep
|turn|5
|
|t:|1781330016
|-end|p1a: Great Tusk|Protosynthesis|[silent]
|switch|p1a: Ceruledge|Ceruledge, M|31/100
|move|p2a: Antifragile|Draining Kiss|p1a: Ceruledge
|-resisted|p1a: Ceruledge
|-damage|p1a: Ceruledge|18/100
|-heal|p2a: Antifragile|82/100|[from] drain|[of] p1a: Ceruledge
|
|upkeep
|turn|6
|
|t:|1781330034
|switch|p2a: Fearless|Great Tusk|100/100
|move|p1a: Ceruledge|Bitter Blade|p2a: Fearless
|-damage|p2a: Fearless|76/100
|-heal|p1a: Ceruledge|36/100|[from] drain|[of] p2a: Fearless
|
|-heal|p2a: Fearless|82/100|[from] item: Leftovers
|upkeep
|turn|7
|
|t:|1781330051
|switch|p1a: Walking Wake|Walking Wake|100/100
|move|p2a: Fearless|Stealth Rock|p1a: Walking Wake
|-sidestart|p1: rekjllj|move: Stealth Rock
|
|-heal|p2a: Fearless|88/100|[from] item: Leftovers
|upkeep
|turn|8
|inactive|oddishlover4 has 90 seconds left.
|
|t:|1781330069
|-end|p2a: Fearless|Protosynthesis|[silent]
|switch|p2a: Bluebeard's Wife|Dragonite, F|100/100
|move|p1a: Walking Wake|Hydro Steam|p2a: Bluebeard's Wife
|-resisted|p2a: Bluebeard's Wife
|-damage|p2a: Bluebeard's Wife|91/100
|
|upkeep
|turn|9
|inactive|oddishlover4 has 90 seconds left.
|j| Cigtar
|
|t:|1781330087
|switch|p2a: Antifragile|Hatterene, F|82/100
|move|p1a: Walking Wake|Draco Meteor|p2a: Antifragile
|-immune|p2a: Antifragile
|
|upkeep
|turn|10
|inactive|oddishlover4 has 90 seconds left.
|l| Cigtar
|
|t:|1781330106
|-end|p1a: Walking Wake|Protosynthesis|[silent]
|switch|p1a: Zarude|Zarude|100/100
|-damage|p1a: Zarude|88/100|[from] Stealth Rock
|move|p2a: Antifragile|Nuzzle|p1a: Zarude
|-resisted|p1a: Zarude
|-damage|p1a: Zarude|87/100
|-status|p1a: Zarude|par
|
|-heal|p1a: Zarude|93/100 par|[from] item: Leftovers
|upkeep
|turn|11
|
|t:|1781330123
|move|p1a: Zarude|Swords Dance|p1a: Zarude
|-boost|p1a: Zarude|atk|2
|move|p2a: Antifragile|Draining Kiss|p1a: Zarude
|-supereffective|p1a: Zarude
|-damage|p1a: Zarude|50/100 par
|-heal|p2a: Antifragile|100/100|[from] drain|[of] p1a: Zarude
|
|-heal|p1a: Zarude|56/100 par|[from] item: Leftovers
|upkeep
|turn|12
|
|t:|1781330142
|move|p1a: Zarude|Synthesis|p1a: Zarude
|-heal|p1a: Zarude|100/100 par
|move|p2a: Antifragile|Draining Kiss|p1a: Zarude
|-supereffective|p1a: Zarude
|-damage|p1a: Zarude|57/100 par
|
|-heal|p1a: Zarude|63/100 par|[from] item: Leftovers
|upkeep
|turn|13
|
|t:|1781330160
|move|p1a: Zarude|Power Whip|p2a: Antifragile
|-damage|p2a: Antifragile|0 fnt
|-damage|p1a: Zarude|47/100 par|[from] item: Rocky Helmet|[of] p2a: Antifragile
|faint|p2a: Antifragile
|
|-heal|p1a: Zarude|53/100 par|[from] item: Leftovers
|upkeep
|
|t:|1781330169
|switch|p2a: Celebration|Gholdengo|100/100
|turn|14
|
|t:|1781330178
|move|p2a: Celebration|Make It Rain|p1a: Zarude
|-damage|p1a: Zarude|0 fnt
|-unboost|p2a: Celebration|spa|1
|faint|p1a: Zarude
|
|upkeep
|
|t:|1781330184
|switch|p1a: Great Tusk|Great Tusk|61/100
|-damage|p1a: Great Tusk|58/100|[from] Stealth Rock
|turn|15
|
|t:|1781330202
|switch|p2a: Fearless|Great Tusk|88/100
|move|p1a: Great Tusk|Headlong Rush|p2a: Fearless
|-crit|p2a: Fearless
|-damage|p2a: Fearless|30/100
|-unboost|p1a: Great Tusk|def|1
|-unboost|p1a: Great Tusk|spd|1
|
|-heal|p2a: Fearless|36/100|[from] item: Leftovers
|upkeep
|turn|16
|
|t:|1781330220
|move|p1a: Great Tusk|Rapid Spin|p2a: Fearless
|-damage|p2a: Fearless|25/100
|-boost|p1a: Great Tusk|spe|1
|-sideend|p1: rekjllj|Stealth Rock|[from] move: Rapid Spin|[of] p1a: Great Tusk
|move|p2a: Fearless|Rapid Spin|p1a: Great Tusk
|-damage|p1a: Great Tusk|44/100
|-boost|p2a: Fearless|spe|1
|
|-heal|p2a: Fearless|31/100|[from] item: Leftovers
|upkeep
|turn|17
|
|t:|1781330229
|move|p1a: Great Tusk|Headlong Rush|p2a: Fearless
|-damage|p2a: Fearless|0 fnt
|-unboost|p1a: Great Tusk|def|1
|-unboost|p1a: Great Tusk|spd|1
|faint|p2a: Fearless
|-end|p2a: Fearless|Protosynthesis|[silent]
|
|upkeep
|
|t:|1781330237
|switch|p2a: Perfect Night|Darkrai|100/100
|turn|18
|
|t:|1781330246
|-terastallize|p2a: Perfect Night|Dark
|move|p2a: Perfect Night|Dark Pulse|p1a: Great Tusk
|-resisted|p1a: Great Tusk
|-damage|p1a: Great Tusk|0 fnt
|faint|p1a: Great Tusk
|-end|p1a: Great Tusk|Protosynthesis|[silent]
|
|upkeep
|
|t:|1781330252
|switch|p1a: Ceruledge|Ceruledge, M|36/100
|turn|19
|
|t:|1781330270
|-terastallize|p1a: Ceruledge|Fairy
|move|p2a: Perfect Night|Dark Pulse|p1a: Ceruledge
|-resisted|p1a: Ceruledge
|-damage|p1a: Ceruledge|0 fnt
|faint|p1a: Ceruledge
|
|upkeep
|
|t:|1781330276
|switch|p1a: Ninetales|Ninetales, F|100/100
|-weather|SunnyDay|[from] ability: Drought|[of] p1a: Ninetales
|turn|20
|
|t:|1781330293
|move|p2a: Perfect Night|Dark Pulse|p1a: Ninetales
|-damage|p1a: Ninetales|47/100
|move|p1a: Ninetales|Overheat|p2a: Perfect Night
|-damage|p2a: Perfect Night|19/100
|-unboost|p1a: Ninetales|spa|2
|
|-weather|SunnyDay|[upkeep]
|upkeep
|turn|21
|
|t:|1781330312
|move|p2a: Perfect Night|Dark Pulse|p1a: Ninetales
|-damage|p1a: Ninetales|0 fnt
|faint|p1a: Ninetales
|
|-weather|SunnyDay|[upkeep]
|upkeep
|
|t:|1781330317
|switch|p1a: Walking Wake|Walking Wake|100/100
|-activate|p1a: Walking Wake|ability: Protosynthesis
|-start|p1a: Walking Wake|protosynthesisspe
|turn|22
|
|t:|1781330335
|move|p2a: Perfect Night|Dark Pulse|p1a: Walking Wake
|-damage|p1a: Walking Wake|30/100
|cant|p1a: Walking Wake|flinch
|
|-weather|SunnyDay|[upkeep]
|upkeep
|turn|23
|
|t:|1781330348
|move|p2a: Perfect Night|Dark Pulse|p1a: Walking Wake
|-damage|p1a: Walking Wake|0 fnt
|faint|p1a: Walking Wake
|-end|p1a: Walking Wake|Protosynthesis|[silent]
|
|-weather|SunnyDay|[upkeep]
|upkeep
|c|☆oddishlover4|hah hah
|
|t:|1781330354
|switch|p1a: Cresselia|Cresselia, F|100/100
|turn|24
|
|t:|1781330366
|move|p2a: Perfect Night|Dark Pulse|p1a: Cresselia
|-supereffective|p1a: Cresselia
|-damage|p1a: Cresselia|37/100
|move|p1a: Cresselia|Moonlight|p1a: Cresselia
|-heal|p1a: Cresselia|100/100
|
|-weather|SunnyDay|[upkeep]
|upkeep
|turn|25
|
|t:|1781330380
|move|p2a: Perfect Night|Dark Pulse|p1a: Cresselia
|-supereffective|p1a: Cresselia
|-damage|p1a: Cresselia|31/100
|move|p1a: Cresselia|Moonlight|p1a: Cresselia
|-heal|p1a: Cresselia|98/100
|
|-weather|SunnyDay|[upkeep]
|upkeep
|turn|26
|
|t:|1781330393
|move|p2a: Perfect Night|Dark Pulse|p1a: Cresselia
|-supereffective|p1a: Cresselia
|-damage|p1a: Cresselia|30/100
|cant|p1a: Cresselia|flinch
|
|-weather|SunnyDay|[upkeep]
|upkeep
|turn|27
|
|t:|1781330398
|move|p2a: Perfect Night|Dark Pulse|p1a: Cresselia
|-supereffective|p1a: Cresselia
|-damage|p1a: Cresselia|0 fnt
|faint|p1a: Cresselia
|
|win|oddishlover4
|raw|rekjllj's rating: 1689 &rarr; <strong>1668</strong><br />(-21 for losing)
|raw|oddishlover4's rating: 1676 &rarr; <strong>1697</strong><br />(+21 for winning)
|c|☆oddishlover4|GG!
|c|☆rekjllj|gg
|l|☆rekjllj
|player|p1|
