|j|☆warning 1313
|j|☆Kloakris
|t:|1780908733
|gametype|singles
|player|p1|warning 1313|guitarist|1642
|player|p2|Kloakris|102|1534
|gen|9
|tier|[Gen 9] OU
|rated|
|rule|HP Percentage Mod: HP is shown in percentages
|rule|Endless Battle Clause: Forcing endless battles is banned
|rule|Species Clause: Limit one of each Pokémon
|rule|OHKO Clause: OHKO moves are banned
|rule|Evasion Items Clause: Evasion items are banned
|rule|Evasion Moves Clause: Evasion moves are banned
|rule|Evasion Abilities Clause: Evasion abilities are banned
|rule|Sleep Moves Clause: Sleep-inducing moves are banned
|clearpoke
|poke|p1|Iron Moth|
|poke|p1|Gliscor, F|
|poke|p1|Hatterene, F|
|poke|p1|Ogerpon-Wellspring, F|
|poke|p1|Raging Bolt|
|poke|p1|Zamazenta-*|
|poke|p2|Ribombee, F|
|poke|p2|Gholdengo|
|poke|p2|Great Tusk|
|poke|p2|Raging Bolt|
|poke|p2|Ogerpon-Cornerstone, F|
|poke|p2|Ceruledge, F|
|teampreview
|
|t:|1780908752
|teamsize|p1|6
|teamsize|p2|6
|start
|switch|p1a: Zamazenta|Zamazenta|100/100
|switch|p2a: NEW DROP|Ribombee, F, shiny|100/100
|-ability|p1a: Zamazenta|Dauntless Shield|boost
|-boost|p1a: Zamazenta|def|1
|turn|1
|
|t:|1780908761
|switch|p1a: Hatterene|Hatterene, F|100/100
|move|p2a: NEW DROP|Moonblast|p1a: Hatterene
|-damage|p1a: Hatterene|61/100
|-unboost|p1a: Hatterene|spa|1
|
|-heal|p1a: Hatterene|67/100|[from] item: Leftovers
|upkeep
|turn|2
|
|t:|1780908764
|switch|p1a: Zamazenta|Zamazenta|100/100
|move|p2a: NEW DROP|Skill Swap|p1a: Zamazenta
|-activate|p2a: NEW DROP|Skill Swap|Dauntless Shield|Shield Dust|[of] p1a: Zamazenta
|-ability|p2a: NEW DROP|Dauntless Shield|boost
|-boost|p2a: NEW DROP|def|1
|
|upkeep
|turn|3
|
|t:|1780908768
|move|p1a: Zamazenta|Light Screen|p1a: Zamazenta
|-sidestart|p1: warning 1313|move: Light Screen
|move|p2a: NEW DROP|Sticky Web|p1a: Zamazenta
|-sidestart|p1: warning 1313|move: Sticky Web
|
|upkeep
|turn|4
|
|t:|1780908772
|move|p1a: Zamazenta|Reflect|p1a: Zamazenta
|-sidestart|p1: warning 1313|Reflect
|move|p2a: NEW DROP|Psychic Noise|p1a: Zamazenta
|-supereffective|p1a: Zamazenta
|-damage|p1a: Zamazenta|85/100
|
|upkeep
|turn|5
|inactive|Battle timer is ON: inactive players will automatically lose when time's up. (requested by Kloakris)
|
|t:|1780908785
|switch|p1a: Hatterene|Hatterene, F|67/100
|-activate|p1a: Hatterene|move: Sticky Web
|-unboost|p1a: Hatterene|spe|1
|move|p2a: NEW DROP|Moonblast|p1a: Hatterene
|-damage|p1a: Hatterene|47/100
|
|-heal|p1a: Hatterene|53/100|[from] item: Leftovers
|upkeep
|turn|6
|
|t:|1780908792
|move|p2a: NEW DROP|Psychic Noise|p1a: Hatterene
|-resisted|p1a: Hatterene
|-damage|p1a: Hatterene|48/100
|-start|p1a: Hatterene|move: Heal Block
|cant|p1a: Hatterene|move: Heal Block|Draining Kiss
|
|upkeep
|turn|7
|
|t:|1780908798
|move|p2a: NEW DROP|Moonblast|p1a: Hatterene
|-damage|p1a: Hatterene|26/100
|move|p1a: Hatterene|Mystical Fire|p2a: NEW DROP
|-supereffective|p2a: NEW DROP
|-damage|p2a: NEW DROP|18/100
|-unboost|p2a: NEW DROP|spa|1
|
|-end|p1a: Hatterene|move: Heal Block
|upkeep
|turn|8
|
|t:|1780908802
|move|p2a: NEW DROP|Psychic Noise|p1a: Hatterene
|-resisted|p1a: Hatterene
|-damage|p1a: Hatterene|23/100
|-start|p1a: Hatterene|move: Heal Block
|move|p1a: Hatterene|Mystical Fire|p2a: NEW DROP
|-supereffective|p2a: NEW DROP
|-damage|p2a: NEW DROP|0 fnt
|faint|p2a: NEW DROP
|
|upkeep
|
|t:|1780908823
|switch|p2a: BROTHER STONE|Ogerpon-Cornerstone, F|100/100
|turn|9
|
|t:|1780908829
|move|p2a: BROTHER STONE|Ivy Cudgel|p1a: Hatterene|[anim] Ivy Cudgel Rock
|-damage|p1a: Hatterene|0 fnt
|faint|p1a: Hatterene
|
|upkeep
|
|t:|1780908838
|switch|p1a: Gliscor|Gliscor, F|100/100
|turn|10
|
|t:|1780908847
|move|p2a: BROTHER STONE|Taunt|p1a: Gliscor
|-start|p1a: Gliscor|move: Taunt
|cant|p1a: Gliscor|move: Taunt|Agility
|
|-sideend|p1: warning 1313|move: Light Screen
|-status|p1a: Gliscor|tox|[from] item: Toxic Orb
|upkeep
|turn|11
|
|t:|1780908855
|move|p2a: BROTHER STONE|Ivy Cudgel|p1a: Gliscor|[anim] Ivy Cudgel Rock
|-crit|p1a: Gliscor
|-damage|p1a: Gliscor|13/100 tox
|move|p1a: Gliscor|Earthquake|p2a: BROTHER STONE
|-damage|p2a: BROTHER STONE|38/100
|
|-heal|p1a: Gliscor|25/100 tox|[from] ability: Poison Heal
|-sideend|p1: warning 1313|Reflect
|upkeep
|turn|12
|
|t:|1780908861
|switch|p1a: Raging Bolt|Raging Bolt|100/100
|-activate|p1a: Raging Bolt|move: Sticky Web
|-unboost|p1a: Raging Bolt|spe|1
|-enditem|p1a: Raging Bolt|Booster Energy
|-activate|p1a: Raging Bolt|ability: Protosynthesis|[fromitem]
|-start|p1a: Raging Bolt|protosynthesisspa
|move|p2a: BROTHER STONE|Ivy Cudgel|p1a: Raging Bolt|[anim] Ivy Cudgel Rock
|-damage|p1a: Raging Bolt|41/100
|
|upkeep
|turn|13
|
|t:|1780908863
|move|p1a: Raging Bolt|Thunderclap|p2a: BROTHER STONE
|-resisted|p2a: BROTHER STONE
|-damage|p2a: BROTHER STONE|3/100
|move|p2a: BROTHER STONE|Ivy Cudgel|p1a: Raging Bolt|[anim] Ivy Cudgel Rock
|-damage|p1a: Raging Bolt|0 fnt
|faint|p1a: Raging Bolt
|-end|p1a: Raging Bolt|Protosynthesis|[silent]
|
|upkeep
|
|t:|1780908868
|switch|p1a: Zamazenta|Zamazenta|85/100
|-activate|p1a: Zamazenta|move: Sticky Web
|-unboost|p1a: Zamazenta|spe|1
|turn|14
|
|t:|1780908877
|move|p2a: BROTHER STONE|Taunt|p1a: Zamazenta
|-start|p1a: Zamazenta|move: Taunt
|move|p1a: Zamazenta|Ice Fang|p2a: BROTHER STONE
|-supereffective|p2a: BROTHER STONE
|-damage|p2a: BROTHER STONE|0 fnt
|faint|p2a: BROTHER STONE
|
|upkeep
|inactive|Kloakris has 120 seconds left.
|
|t:|1780908922
|switch|p2a: TORE UP|Ceruledge, F, shiny|100/100
|turn|15
|
|t:|1780908942
|switch|p1a: Ogerpon|Ogerpon-Wellspring, F|100/100
|-activate|p1a: Ogerpon|move: Sticky Web
|-unboost|p1a: Ogerpon|spe|1
|move|p2a: TORE UP|Swords Dance|p2a: TORE UP
|-boost|p2a: TORE UP|atk|2
|
|upkeep
|turn|16
|inactive|Kloakris has 120 seconds left.
|
|t:|1780908962
|move|p2a: TORE UP|Swords Dance|p2a: TORE UP
|-boost|p2a: TORE UP|atk|2
|move|p1a: Ogerpon|Ivy Cudgel|p2a: TORE UP|[anim] Ivy Cudgel Water
|-supereffective|p2a: TORE UP
|-enditem|p2a: TORE UP|Focus Sash
|-damage|p2a: TORE UP|1/100
|-ability|p2a: TORE UP|Weak Armor|boost
|-unboost|p2a: TORE UP|def|1
|-boost|p2a: TORE UP|spe|2
|
|upkeep
|turn|17
|
|t:|1780908978
|move|p2a: TORE UP|Bitter Blade|p1a: Ogerpon
|-damage|p1a: Ogerpon|0 fnt
|-heal|p2a: TORE UP|53/100|[from] drain|[of] p1a: Ogerpon
|faint|p1a: Ogerpon
|
|upkeep
|-message|warning 1313 forfeited.
|
|win|Kloakris
|raw|warning 1313's rating: 1642 &rarr; <strong>1616</strong><br />(-26 for losing)
|raw|Kloakris's rating: 1534 &rarr; <strong>1560</strong><br />(+26 for winning)
|l|☆warning 1313
|player|p1|
|l|☆Kloakris
|player|p2|
