|badge|p1|bronze|gen9ou|100-9
|uhtml|medal-msg|<div class="broadcast-blue">Curious what those medals under the avatar are? PS now has Ladder Seasons! For more information, check out the <a href="https://www.smogon.com/forums/threads/3740067/">thread on Smogon.</a></div>
|badge|p2|bronze|gen9ou|100-9
|uhtml|medal-msg|<div class="broadcast-blue">Curious what those medals under the avatar are? PS now has Ladder Seasons! For more information, check out the <a href="https://www.smogon.com/forums/threads/3740067/">thread on Smogon.</a></div>
|j|☆Johnny tots
|j|☆temporarylight
|t:|1781484301
|gametype|singles
|player|p1|Johnny tots|2|1832
|player|p2|temporarylight|jogger|1828
|gen|9
|tier|[Gen 9] OU
|rated|
|rule|HP Percentage Mod: HP is shown in percentages
|rule|Endless Battle Clause: Forcing endless battles is banned
|rule|Species Clause: Limit one of each Pokémon
|rule|OHKO Clause: OHKO moves are banned
|rule|Evasion Items Clause: Evasion items are banned
|rule|Evasion Moves Clause: Evasion moves are banned
|rule|Evasion Abilities Clause: Evasion abilities are banned
|rule|Sleep Moves Clause: Sleep-inducing moves are banned
|clearpoke
|poke|p1|Rillaboom, M|
|poke|p1|Klefki, F|
|poke|p1|Manaphy|
|poke|p1|Ogerpon-Wellspring, F|
|poke|p1|Dragapult, M|
|poke|p1|Clefable, M|
|poke|p2|Landorus-Therian, M|
|poke|p2|Slowking-Galar, F|
|poke|p2|Ogerpon-Wellspring, F|
|poke|p2|Dragonite, M|
|poke|p2|Blaziken, M|
|poke|p2|Kingambit, F|
|teampreview
|inactive|Battle timer is ON: inactive players will automatically lose when time's up. (requested by Johnny tots)
|
|t:|1781484311
|teamsize|p1|6
|teamsize|p2|6
|start
|switch|p1a: Klefki|Klefki, F|100/100
|switch|p2a: Landorus|Landorus-Therian, M|100/100
|-ability|p2a: Landorus|Intimidate|boost
|-unboost|p1a: Klefki|atk|1
|turn|1
|
|t:|1781484316
|move|p1a: Klefki|Reflect|p1a: Klefki
|-sidestart|p1: Johnny tots|Reflect
|move|p2a: Landorus|Stealth Rock|p1a: Klefki
|-sidestart|p1: Johnny tots|move: Stealth Rock
|
|upkeep
|turn|2
|
|t:|1781484318
|move|p1a: Klefki|Light Screen|p1a: Klefki
|-sidestart|p1: Johnny tots|move: Light Screen
|move|p2a: Landorus|Earthquake|p1a: Klefki
|-supereffective|p1a: Klefki
|-damage|p1a: Klefki|58/100
|
|upkeep
|turn|3
|
|t:|1781484322
|move|p1a: Klefki|Spikes|p2a: Landorus
|-sidestart|p2: temporarylight|Spikes
|move|p2a: Landorus|U-turn|p1a: Klefki
|-resisted|p1a: Klefki
|-damage|p1a: Klefki|56/100
|
|t:|1781484328
|switch|p2a: Slowking|Slowking-Galar, F|100/100|[from] U-turn
|-damage|p2a: Slowking|88/100|[from] Spikes
|
|upkeep
|turn|4
|
|t:|1781484332
|switch|p2a: Landorus|Landorus-Therian, M|100/100
|-ability|p2a: Landorus|Intimidate|boost
|-unboost|p1a: Klefki|atk|1
|move|p1a: Klefki|Thunder Wave|p2a: Landorus
|-immune|p2a: Landorus
|
|upkeep
|turn|5
|
|t:|1781484334
|move|p1a: Klefki|Spikes|p2a: Landorus
|-sidestart|p2: temporarylight|Spikes
|move|p2a: Landorus|Earthquake|p1a: Klefki
|-supereffective|p1a: Klefki
|-damage|p1a: Klefki|12/100
|
|upkeep
|turn|6
|
|t:|1781484337
|switch|p1a: Rillaboom|Rillaboom, M|100/100
|-damage|p1a: Rillaboom|88/100|[from] Stealth Rock
|-fieldstart|move: Grassy Terrain|[from] ability: Grassy Surge|[of] p1a: Rillaboom
|move|p2a: Landorus|Earthquake|p1a: Rillaboom
|-resisted|p1a: Rillaboom
|-damage|p1a: Rillaboom|81/100
|
|-heal|p1a: Rillaboom|87/100|[from] Grassy Terrain
|upkeep
|turn|7
|
|t:|1781484343
|move|p2a: Landorus|U-turn|p1a: Rillaboom
|-supereffective|p1a: Rillaboom
|-damage|p1a: Rillaboom|58/100
|
|t:|1781484365
|switch|p2a: Slowking|Slowking-Galar, F|100/100|[from] U-turn
|-damage|p2a: Slowking|84/100|[from] Spikes
|move|p1a: Rillaboom|Knock Off|p2a: Slowking
|-supereffective|p2a: Slowking
|-enditem|p2a: Slowking|Colbur Berry|[eat]
|-enditem|p2a: Slowking|Colbur Berry|[weaken]
|-damage|p2a: Slowking|47/100
|
|-heal|p1a: Rillaboom|65/100|[from] Grassy Terrain
|-heal|p2a: Slowking|53/100|[from] Grassy Terrain
|upkeep
|turn|8
|j| nulato
|
|t:|1781484383
|move|p1a: Rillaboom|Bulk Up|p1a: Rillaboom
|-boost|p1a: Rillaboom|atk|1
|-boost|p1a: Rillaboom|def|1
|move|p2a: Slowking|Sludge Bomb|p1a: Rillaboom
|-supereffective|p1a: Rillaboom
|-damage|p1a: Rillaboom|22/100
|-status|p1a: Rillaboom|psn
|
|-heal|p1a: Rillaboom|29/100 psn|[from] Grassy Terrain
|-heal|p2a: Slowking|59/100|[from] Grassy Terrain
|-damage|p1a: Rillaboom|16/100 psn|[from] psn
|-sideend|p1: Johnny tots|Reflect
|upkeep
|turn|9
|
|t:|1781484387
|switch|p2a: Landorus|Landorus-Therian, M|100/100
|-ability|p2a: Landorus|Intimidate|boost
|-unboost|p1a: Rillaboom|atk|1
|move|p1a: Rillaboom|Knock Off|p2a: Landorus
|-damage|p2a: Landorus|57/100
|-damage|p1a: Rillaboom|0 fnt|[from] item: Rocky Helmet|[of] p2a: Landorus
|faint|p1a: Rillaboom
|
|-sideend|p1: Johnny tots|move: Light Screen
|upkeep
|
|t:|1781484389
|switch|p1a: Ogerpon|Ogerpon-Wellspring, F|100/100
|-damage|p1a: Ogerpon|88/100|[from] Stealth Rock
|turn|10
|
|t:|1781484393
|switch|p2a: Slowking|Slowking-Galar, F|93/100
|-damage|p2a: Slowking|76/100|[from] Spikes
|move|p1a: Ogerpon|Ivy Cudgel|p2a: Slowking|[anim] Ivy Cudgel Water
|-damage|p2a: Slowking|14/100
|
|-heal|p1a: Ogerpon|94/100|[from] Grassy Terrain
|-heal|p2a: Slowking|21/100|[from] Grassy Terrain
|upkeep
|turn|11
|
|t:|1781484399
|move|p1a: Ogerpon|Swords Dance|p1a: Ogerpon
|-boost|p1a: Ogerpon|atk|2
|move|p2a: Slowking|Sludge Bomb|p1a: Ogerpon
|-supereffective|p1a: Ogerpon
|-damage|p1a: Ogerpon|10/100
|
|-heal|p1a: Ogerpon|16/100|[from] Grassy Terrain
|-heal|p2a: Slowking|27/100|[from] Grassy Terrain
|upkeep
|turn|12
|
|t:|1781484407
|move|p1a: Ogerpon|Ivy Cudgel|p2a: Slowking|[anim] Ivy Cudgel Water
|-crit|p2a: Slowking
|-damage|p2a: Slowking|0 fnt
|faint|p2a: Slowking
|
|-heal|p1a: Ogerpon|22/100|[from] Grassy Terrain
|upkeep
|
|t:|1781484410
|switch|p2a: Dragonite|Dragonite, M, shiny|100/100
|turn|13
|
|t:|1781484412
|switch|p1a: Cutmylifein2|Dragapult, M|100/100
|-damage|p1a: Cutmylifein2|88/100|[from] Stealth Rock
|move|p2a: Dragonite|Extreme Speed|p1a: Cutmylifein2
|-immune|p1a: Cutmylifein2
|
|-heal|p1a: Cutmylifein2|94/100|[from] Grassy Terrain
|-heal|p1a: Cutmylifein2|100/100|[from] item: Leftovers
|-fieldend|move: Grassy Terrain
|upkeep
|turn|14
|
|t:|1781484427
|move|p1a: Cutmylifein2|Dragon Dance|p1a: Cutmylifein2
|-boost|p1a: Cutmylifein2|atk|1
|-boost|p1a: Cutmylifein2|spe|1
|move|p2a: Dragonite|Outrage|p1a: Cutmylifein2
|-supereffective|p1a: Cutmylifein2
|-damage|p1a: Cutmylifein2|0 fnt
|faint|p1a: Cutmylifein2
|
|upkeep
|j| samurajen
|
|t:|1781484435
|switch|p1a: Klefki|Klefki, F|12/100
|-damage|p1a: Klefki|6/100|[from] Stealth Rock
|turn|15
|
|t:|1781484437
|move|p1a: Klefki|Thunder Wave|p2a: Dragonite
|-status|p2a: Dragonite|par
|move|p2a: Dragonite|Outrage|p1a: Klefki|[from] lockedmove
|-immune|p1a: Klefki
|-start|p2a: Dragonite|confusion|[fatigue]
|
|upkeep
|turn|16
|
|t:|1781484442
|move|p1a: Klefki|Reflect|p1a: Klefki
|-sidestart|p1: Johnny tots|Reflect
|-activate|p2a: Dragonite|confusion
|cant|p2a: Dragonite|par
|
|upkeep
|turn|17
|
|t:|1781484448
|move|p1a: Klefki|Spikes|p2a: Dragonite
|-sidestart|p2: temporarylight|Spikes
|-activate|p2a: Dragonite|confusion
|move|p2a: Dragonite|Earthquake|p1a: Klefki
|-supereffective|p1a: Klefki
|-damage|p1a: Klefki|0 fnt
|faint|p1a: Klefki
|
|upkeep
|
|t:|1781484451
|switch|p1a: Clefable|Clefable, M|100/100
|turn|18
|
|t:|1781484471
|switch|p2a: Ogerpon|Ogerpon-Wellspring, F|100/100
|-damage|p2a: Ogerpon|76/100|[from] Spikes
|move|p1a: Clefable|Calm Mind|p1a: Clefable
|-boost|p1a: Clefable|spa|1
|-boost|p1a: Clefable|spd|1
|
|upkeep
|turn|19
|
|t:|1781484474
|move|p2a: Ogerpon|Encore|p1a: Clefable
|-start|p1a: Clefable|Encore
|move|p1a: Clefable|Calm Mind|p1a: Clefable
|-boost|p1a: Clefable|spa|1
|-boost|p1a: Clefable|spd|1
|
|upkeep
|turn|20
|
|t:|1781484478
|switch|p1a: Ogerpon|Ogerpon-Wellspring, F|22/100
|-damage|p1a: Ogerpon|10/100|[from] Stealth Rock
|move|p2a: Ogerpon|Power Whip|p1a: Ogerpon
|-damage|p1a: Ogerpon|0 fnt
|faint|p1a: Ogerpon
|
|upkeep
|
|t:|1781484480
|switch|p1a: Clefable|Clefable, M|100/100
|turn|21
|
|t:|1781484502
|move|p2a: Ogerpon|Swords Dance|p2a: Ogerpon
|-boost|p2a: Ogerpon|atk|2
|move|p1a: Clefable|Calm Mind|p1a: Clefable
|-boost|p1a: Clefable|spa|1
|-boost|p1a: Clefable|spd|1
|
|upkeep
|turn|22
|
|t:|1781484509
|switch|p1a: Manaphy|Manaphy|100/100
|-damage|p1a: Manaphy|88/100|[from] Stealth Rock
|move|p2a: Ogerpon|Encore||[still]
|-fail|p2a: Ogerpon
|
|-heal|p1a: Manaphy|94/100|[from] item: Leftovers
|upkeep
|turn|23
|-message|Johnny tots forfeited.
|
|win|temporarylight
|raw|Johnny tots's rating: 1832 &rarr; <strong>1812</strong><br />(-20 for losing)
|raw|temporarylight's rating: 1828 &rarr; <strong>1848</strong><br />(+20 for winning)
|l|☆Johnny tots
|player|p1|
|l|☆temporarylight
|player|p2|
|l| nulato
