|j|☆barbordor
|j|☆kennojex
|t:|1781206284
|gametype|singles
|player|p1|barbordor|102|1551
|player|p2|kennojex|lucas|1610
|gen|9
|tier|[Gen 9] OU
|rated|
|rule|HP Percentage Mod: HP is shown in percentages
|rule|Endless Battle Clause: Forcing endless battles is banned
|rule|Species Clause: Limit one of each Pokémon
|rule|OHKO Clause: OHKO moves are banned
|rule|Evasion Items Clause: Evasion items are banned
|rule|Evasion Moves Clause: Evasion moves are banned
|rule|Evasion Abilities Clause: Evasion abilities are banned
|rule|Sleep Moves Clause: Sleep-inducing moves are banned
|clearpoke
|poke|p1|Great Tusk|
|poke|p1|Pecharunt|
|poke|p1|Cinderace, F|
|poke|p1|Alomomola, M|
|poke|p1|Meowscarada, M|
|poke|p1|Sylveon, F|
|poke|p2|Grimmsnarl, M|
|poke|p2|Garganacl, F|
|poke|p2|Manaphy|
|poke|p2|Latias, F|
|poke|p2|Corviknight, M|
|poke|p2|Iron Moth|
|teampreview
|inactive|Battle timer is ON: inactive players will automatically lose when time's up. (requested by barbordor)
|
|t:|1781206298
|teamsize|p1|6
|teamsize|p2|6
|start
|switch|p1a: Sylveon|Sylveon, F|100/100
|switch|p2a: Grimmsnarl|Grimmsnarl, M|100/100
|turn|1
|
|t:|1781206321
|move|p2a: Grimmsnarl|Parting Shot|p1a: Sylveon
|-unboost|p1a: Sylveon|atk|1
|-unboost|p1a: Sylveon|spa|1
|
|t:|1781206324
|switch|p2a: Garganacl|Garganacl, F|100/100|[from] Parting Shot
|move|p1a: Sylveon|Hyper Voice|p2a: Garganacl
|-damage|p2a: Garganacl|67/100
|
|-heal|p2a: Garganacl|73/100|[from] item: Leftovers
|upkeep
|turn|2
|
|t:|1781206331
|move|p1a: Sylveon|Hyper Voice|p2a: Garganacl
|-damage|p2a: Garganacl|40/100
|move|p2a: Garganacl|Salt Cure|p1a: Sylveon
|-damage|p1a: Sylveon|79/100
|-start|p1a: Sylveon|Salt Cure
|
|-heal|p2a: Garganacl|46/100|[from] item: Leftovers
|-damage|p1a: Sylveon|67/100|[from] Salt Cure
|upkeep
|turn|3
|
|t:|1781206335
|switch|p1a: Meowscarada|Meowscarada, M|100/100
|move|p2a: Garganacl|Recover|p2a: Garganacl
|-heal|p2a: Garganacl|96/100
|
|-heal|p2a: Garganacl|100/100|[from] item: Leftovers
|upkeep
|turn|4
|
|t:|1781206343
|switch|p2a: Iron Moth|Iron Moth|100/100
|-enditem|p2a: Iron Moth|Booster Energy
|-activate|p2a: Iron Moth|ability: Quark Drive|[fromitem]
|-start|p2a: Iron Moth|quarkdrivespa
|move|p1a: Meowscarada|Knock Off|p2a: Iron Moth
|-start|p1a: Meowscarada|typechange|Dark|[from] ability: Protean
|-crit|p2a: Iron Moth
|-damage|p2a: Iron Moth|0 fnt
|faint|p2a: Iron Moth
|-end|p2a: Iron Moth|Quark Drive|[silent]
|
|upkeep
|
|t:|1781206362
|switch|p2a: Garganacl|Garganacl, F|100/100
|turn|5
|
|t:|1781206369
|move|p1a: Meowscarada|Knock Off|p2a: Garganacl
|-damage|p2a: Garganacl|53/100
|-enditem|p2a: Garganacl|Leftovers|[from] move: Knock Off|[of] p1a: Meowscarada
|move|p2a: Garganacl|Iron Defense|p2a: Garganacl
|-boost|p2a: Garganacl|def|2
|
|upkeep
|turn|6
|
|t:|1781206372
|switch|p1a: Sylveon|Sylveon, F|67/100
|move|p2a: Garganacl|Salt Cure|p1a: Sylveon
|-damage|p1a: Sylveon|47/100
|-start|p1a: Sylveon|Salt Cure
|
|-damage|p1a: Sylveon|35/100|[from] Salt Cure
|upkeep
|turn|7
|
|t:|1781206379
|switch|p2a: Corviknight|Corviknight, M, shiny|100/100
|move|p1a: Sylveon|Hyper Voice|p2a: Corviknight
|-resisted|p2a: Corviknight
|-damage|p2a: Corviknight|74/100
|
|-heal|p2a: Corviknight|80/100|[from] item: Leftovers
|-damage|p1a: Sylveon|22/100|[from] Salt Cure
|upkeep
|turn|8
|
|t:|1781206382
|switch|p2a: Garganacl|Garganacl, F|53/100
|move|p1a: Sylveon|Hyper Voice|p2a: Garganacl
|-damage|p2a: Garganacl|0 fnt
|faint|p2a: Garganacl
|
|-damage|p1a: Sylveon|10/100|[from] Salt Cure
|upkeep
|
|t:|1781206388
|switch|p2a: Corviknight|Corviknight, M, shiny|80/100
|turn|9
|
|t:|1781206391
|switch|p1a: Cinderace|Cinderace, F|100/100
|move|p2a: Corviknight|Agility|p2a: Corviknight
|-boost|p2a: Corviknight|spe|2
|
|-heal|p2a: Corviknight|87/100|[from] item: Leftovers
|upkeep
|turn|10
|
|t:|1781206395
|switch|p2a: Grimmsnarl|Grimmsnarl, M|100/100
|move|p1a: Cinderace|Will-O-Wisp|p2a: Grimmsnarl
|-status|p2a: Grimmsnarl|brn
|
|-damage|p2a: Grimmsnarl|94/100 brn|[from] brn
|upkeep
|turn|11
|
|t:|1781206398
|switch|p1a: Sylveon|Sylveon, F|10/100
|move|p2a: Grimmsnarl|Reflect|p2a: Grimmsnarl
|-sidestart|p2: kennojex|Reflect
|
|-damage|p2a: Grimmsnarl|88/100 brn|[from] brn
|upkeep
|turn|12
|
|t:|1781206400
|move|p2a: Grimmsnarl|Parting Shot|p1a: Sylveon
|-unboost|p1a: Sylveon|atk|1
|-unboost|p1a: Sylveon|spa|1
|
|t:|1781206403
|switch|p2a: Corviknight|Corviknight, M, shiny|87/100|[from] Parting Shot
|move|p1a: Sylveon|Hyper Voice|p2a: Corviknight
|-resisted|p2a: Corviknight
|-crit|p2a: Corviknight
|-damage|p2a: Corviknight|45/100
|
|-heal|p2a: Corviknight|51/100|[from] item: Leftovers
|upkeep
|turn|13
|
|t:|1781206406
|switch|p1a: Cinderace|Cinderace, F|100/100
|move|p2a: Corviknight|Agility|p2a: Corviknight
|-boost|p2a: Corviknight|spe|2
|
|-heal|p2a: Corviknight|57/100|[from] item: Leftovers
|upkeep
|turn|14
|
|t:|1781206408
|switch|p2a: Grimmsnarl|Grimmsnarl, M|88/100 brn
|move|p1a: Cinderace|Will-O-Wisp|p2a: Grimmsnarl
|-fail|p2a: Grimmsnarl|brn
|
|-damage|p2a: Grimmsnarl|82/100 brn|[from] brn
|upkeep
|turn|15
|
|t:|1781206410
|move|p1a: Cinderace|U-turn|p2a: Grimmsnarl
|-damage|p2a: Grimmsnarl|72/100 brn
|
|t:|1781206412
|switch|p1a: Sylveon|Sylveon, F|10/100|[from] U-turn
|move|p2a: Grimmsnarl|Spirit Break|p1a: Sylveon
|-crit|p1a: Sylveon
|-damage|p1a: Sylveon|0 fnt
|faint|p1a: Sylveon
|
|-damage|p2a: Grimmsnarl|65/100 brn|[from] brn
|upkeep
|
|t:|1781206415
|switch|p1a: Pecharunt|Pecharunt|100/100
|turn|16
|
|t:|1781206420
|move|p2a: Grimmsnarl|Parting Shot|p1a: Pecharunt
|-unboost|p1a: Pecharunt|atk|1
|-unboost|p1a: Pecharunt|spa|1
|
|t:|1781206422
|switch|p2a: Corviknight|Corviknight, M, shiny|57/100|[from] Parting Shot
|move|p1a: Pecharunt|Malignant Chain|p2a: Corviknight
|-immune|p2a: Corviknight
|
|-heal|p2a: Corviknight|63/100|[from] item: Leftovers
|upkeep
|turn|17
|
|t:|1781206424
|move|p1a: Pecharunt|Parting Shot|p2a: Corviknight
|-ability|p2a: Corviknight|Mirror Armor
|-unboost|p1a: Pecharunt|atk|1
|-ability|p2a: Corviknight|Mirror Armor
|-unboost|p1a: Pecharunt|spa|1
|
|t:|1781206429
|switch|p1a: Cinderace|Cinderace, F|100/100|[from] Parting Shot
|move|p2a: Corviknight|Roost|p2a: Corviknight
|-heal|p2a: Corviknight|100/100
|-singleturn|p2a: Corviknight|move: Roost
|
|upkeep
|turn|18
|
|t:|1781206433
|switch|p2a: Grimmsnarl|Grimmsnarl, M|65/100 brn
|move|p1a: Cinderace|Pyro Ball|p2a: Grimmsnarl
|-damage|p2a: Grimmsnarl|37/100 brn
|
|-damage|p2a: Grimmsnarl|30/100 brn|[from] brn
|-sideend|p2: kennojex|Reflect
|upkeep
|turn|19
|
|t:|1781206438
|move|p2a: Grimmsnarl|Reflect|p2a: Grimmsnarl
|-sidestart|p2: kennojex|Reflect
|move|p1a: Cinderace|Pyro Ball|p2a: Grimmsnarl
|-damage|p2a: Grimmsnarl|0 fnt
|faint|p2a: Grimmsnarl
|
|upkeep
|
|t:|1781206444
|switch|p2a: Latias|Latias, F|100/100
|turn|20
|
|t:|1781206446
|move|p1a: Cinderace|U-turn|p2a: Latias
|-supereffective|p2a: Latias
|-damage|p2a: Latias|83/100
|-enditem|p2a: Latias|Weakness Policy
|-boost|p2a: Latias|atk|2|[from] item: Weakness Policy
|-boost|p2a: Latias|spa|2|[from] item: Weakness Policy
|
|t:|1781206450
|switch|p1a: Alomomola|Alomomola, M, shiny|100/100|[from] U-turn
|move|p2a: Latias|Agility|p2a: Latias
|-boost|p2a: Latias|spe|2
|
|upkeep
|turn|21
|
|t:|1781206453
|move|p2a: Latias|Calm Mind|p2a: Latias
|-boost|p2a: Latias|spa|1
|-boost|p2a: Latias|spd|1
|move|p1a: Alomomola|Mirror Coat||[still]
|-fail|p1a: Alomomola
|
|upkeep
|turn|22
|
|t:|1781206460
|move|p2a: Latias|Agility|p2a: Latias
|-boost|p2a: Latias|spe|2
|move|p1a: Alomomola|Flip Turn|p2a: Latias
|-resisted|p2a: Latias
|-crit|p2a: Latias
|-damage|p2a: Latias|73/100
|
|t:|1781206462
|switch|p1a: Pecharunt|Pecharunt|100/100|[from] Flip Turn
|
|upkeep
|turn|23
|
|t:|1781206471
|-terastallize|p2a: Latias|Poison
|-terastallize|p1a: Pecharunt|Dark
|move|p2a: Latias|Calm Mind|p2a: Latias
|-boost|p2a: Latias|spa|1
|-boost|p2a: Latias|spd|1
|move|p1a: Pecharunt|Malignant Chain|p2a: Latias
|-resisted|p2a: Latias
|-damage|p2a: Latias|67/100
|
|upkeep
|turn|24
|
|t:|1781206476
|move|p2a: Latias|Draining Kiss|p1a: Pecharunt
|-supereffective|p1a: Pecharunt
|-damage|p1a: Pecharunt|21/100
|-heal|p2a: Latias|100/100|[from] drain|[of] p1a: Pecharunt
|move|p1a: Pecharunt|Parting Shot|p2a: Latias
|-unboost|p2a: Latias|atk|1
|-unboost|p2a: Latias|spa|1
|
|t:|1781206482
|switch|p1a: Great Tusk|Great Tusk|100/100|[from] Parting Shot
|
|upkeep
|turn|25
|-message|barbordor forfeited.
|
|win|kennojex
|raw|barbordor's rating: 1535 &rarr; <strong>1519</strong><br />(-16 for losing)
|raw|kennojex's rating: 1610 &rarr; <strong>1626</strong><br />(+16 for winning)
|l|☆barbordor
|player|p1|
|l|☆kennojex
|player|p2|
