|j|☆Skere_
|j|☆li dream
|t:|1781089361
|gametype|singles
|player|p1|Skere_|ghetsis-gen5bw|1594
|player|p2|li dream|cynthia|1604
|gen|9
|tier|[Gen 9] OU
|rated|
|rule|HP Percentage Mod: HP is shown in percentages
|rule|Endless Battle Clause: Forcing endless battles is banned
|rule|Species Clause: Limit one of each Pokémon
|rule|OHKO Clause: OHKO moves are banned
|rule|Evasion Items Clause: Evasion items are banned
|rule|Evasion Moves Clause: Evasion moves are banned
|rule|Evasion Abilities Clause: Evasion abilities are banned
|rule|Sleep Moves Clause: Sleep-inducing moves are banned
|clearpoke
|poke|p1|Kyurem|
|poke|p1|Rillaboom, F|
|poke|p1|Garganacl, F|
|poke|p1|Pecharunt|
|poke|p1|Iron Treads|
|poke|p1|Zamazenta-*|
|poke|p2|Manaphy|
|poke|p2|Gliscor, M|
|poke|p2|Hatterene, F|
|poke|p2|Ogerpon-Wellspring, F|
|poke|p2|Raging Bolt|
|poke|p2|Zamazenta-*|
|teampreview
|inactive|Battle timer is ON: inactive players will automatically lose when time's up. (requested by li dream)
|
|t:|1781089369
|teamsize|p1|6
|teamsize|p2|6
|start
|switch|p1a: Rillaboom|Rillaboom, F|100/100
|switch|p2a: Zamazenta|Zamazenta|100/100
|-ability|p2a: Zamazenta|Dauntless Shield|boost
|-boost|p2a: Zamazenta|def|1
|-fieldstart|move: Grassy Terrain|[from] ability: Grassy Surge|[of] p1a: Rillaboom
|turn|1
|
|t:|1781089376
|switch|p1a: Pecharunt|Pecharunt|100/100
|move|p2a: Zamazenta|Reflect|p2a: Zamazenta
|-sidestart|p2: li dream|Reflect
|
|upkeep
|turn|2
|
|t:|1781089384
|move|p2a: Zamazenta|Light Screen|p2a: Zamazenta
|-sidestart|p2: li dream|move: Light Screen
|move|p1a: Pecharunt|Malignant Chain|p2a: Zamazenta
|-damage|p2a: Zamazenta|89/100
|
|-heal|p2a: Zamazenta|95/100|[from] Grassy Terrain
|upkeep
|turn|3
|
|t:|1781089388
|switch|p2a: Gliscor|Gliscor, M|100/100
|move|p1a: Pecharunt|Malignant Chain|p2a: Gliscor
|-resisted|p2a: Gliscor
|-damage|p2a: Gliscor|90/100
|-status|p2a: Gliscor|tox
|-start|p2a: Gliscor|confusion|[from] ability: Poison Puppeteer|[of] p1a: Pecharunt
|
|-heal|p2a: Gliscor|100/100 tox|[from] ability: Poison Heal
|upkeep
|turn|4
|
|t:|1781089395
|move|p1a: Pecharunt|Parting Shot|p2a: Gliscor
|-unboost|p2a: Gliscor|atk|1
|-unboost|p2a: Gliscor|spa|1
|
|t:|1781089402
|switch|p1a: Zamazenta|Zamazenta|100/100|[from] Parting Shot
|-ability|p1a: Zamazenta|Dauntless Shield|boost
|-boost|p1a: Zamazenta|def|1
|-activate|p2a: Gliscor|confusion
|move|p2a: Gliscor|Swords Dance|p2a: Gliscor
|-boost|p2a: Gliscor|atk|2
|
|upkeep
|turn|5
|j| isaac_gam3r
|
|t:|1781089419
|switch|p2a: Manaphy|Manaphy|100/100
|move|p1a: Zamazenta|Roar|p2a: Manaphy
|drag|p2a: Gliscor|Gliscor, M|100/100 tox
|
|-fieldend|move: Grassy Terrain
|upkeep
|turn|6
|
|t:|1781089425
|move|p1a: Zamazenta|Body Press|p2a: Gliscor
|-resisted|p2a: Gliscor
|-damage|p2a: Gliscor|89/100 tox
|move|p2a: Gliscor|Facade|p1a: Zamazenta
|-damage|p1a: Zamazenta|80/100
|
|-heal|p1a: Zamazenta|86/100|[from] item: Leftovers
|-heal|p2a: Gliscor|100/100 tox|[from] ability: Poison Heal
|upkeep
|turn|7
|j| biscoitotroll
|
|t:|1781089431
|move|p2a: Gliscor|Swords Dance|p2a: Gliscor
|-boost|p2a: Gliscor|atk|2
|move|p1a: Zamazenta|Roar|p2a: Gliscor
|drag|p2a: Raging Bolt|Raging Bolt|100/100
|-enditem|p2a: Raging Bolt|Booster Energy
|-activate|p2a: Raging Bolt|ability: Protosynthesis|[fromitem]
|-start|p2a: Raging Bolt|protosynthesisspa
|
|-heal|p1a: Zamazenta|93/100|[from] item: Leftovers
|upkeep
|turn|8
|
|t:|1781089437
|move|p1a: Zamazenta|Substitute|p1a: Zamazenta
|-start|p1a: Zamazenta|Substitute
|-damage|p1a: Zamazenta|68/100
|move|p2a: Raging Bolt|Thunderbolt|p1a: Zamazenta
|-end|p1a: Zamazenta|Substitute
|
|-heal|p1a: Zamazenta|74/100|[from] item: Leftovers
|-sideend|p2: li dream|Reflect
|upkeep
|turn|9
|
|t:|1781089445
|switch|p1a: Iron Treads|Iron Treads|100/100
|move|p2a: Raging Bolt|Thunderbolt|p1a: Iron Treads
|-immune|p1a: Iron Treads
|
|-sideend|p2: li dream|move: Light Screen
|upkeep
|turn|10
|
|t:|1781089451
|-end|p2a: Raging Bolt|Protosynthesis|[silent]
|switch|p2a: Hatterene|Hatterene, F|100/100
|move|p1a: Iron Treads|Earthquake|p2a: Hatterene
|-damage|p2a: Hatterene|59/100
|
|-heal|p2a: Hatterene|65/100|[from] item: Leftovers
|upkeep
|turn|11
|
|t:|1781089458
|move|p1a: Iron Treads|Knock Off|p2a: Hatterene
|-damage|p2a: Hatterene|41/100
|-enditem|p2a: Hatterene|Leftovers|[from] move: Knock Off|[of] p1a: Iron Treads
|move|p2a: Hatterene|Mystical Fire|p1a: Iron Treads
|-supereffective|p1a: Iron Treads
|-damage|p1a: Iron Treads|60/100
|-unboost|p1a: Iron Treads|spa|1
|
|upkeep
|turn|12
|
|t:|1781089463
|move|p1a: Iron Treads|Earthquake|p2a: Hatterene
|-damage|p2a: Hatterene|2/100
|move|p2a: Hatterene|Mystical Fire|p1a: Iron Treads
|-supereffective|p1a: Iron Treads
|-crit|p1a: Iron Treads
|-damage|p1a: Iron Treads|0 fnt
|faint|p1a: Iron Treads
|-end|p1a: Iron Treads|Quark Drive|[silent]
|
|upkeep
|
|t:|1781089481
|switch|p1a: Kyurem|Kyurem|100/100
|-ability|p1a: Kyurem|Pressure
|turn|13
|
|t:|1781089486
|move|p1a: Kyurem|Substitute|p1a: Kyurem
|-start|p1a: Kyurem|Substitute
|-damage|p1a: Kyurem|76/100
|move|p2a: Hatterene|Draining Kiss|p1a: Kyurem
|-supereffective|p1a: Kyurem
|-end|p1a: Kyurem|Substitute
|-heal|p2a: Hatterene|26/100|[from] drain|[of] p1a: Kyurem
|
|-heal|p1a: Kyurem|82/100|[from] item: Leftovers
|upkeep
|turn|14
|
|t:|1781089498
|move|p1a: Kyurem|Freeze-Dry|p2a: Hatterene
|-damage|p2a: Hatterene|0 fnt
|faint|p2a: Hatterene
|
|-heal|p1a: Kyurem|88/100|[from] item: Leftovers
|upkeep
|
|t:|1781089502
|switch|p2a: Zamazenta|Zamazenta|95/100
|turn|15
|
|t:|1781089511
|switch|p1a: Pecharunt|Pecharunt|100/100
|move|p2a: Zamazenta|Close Combat|p1a: Pecharunt
|-immune|p1a: Pecharunt
|
|upkeep
|turn|16
|
|t:|1781089518
|move|p2a: Zamazenta|Light Screen|p2a: Zamazenta
|-sidestart|p2: li dream|move: Light Screen
|move|p1a: Pecharunt|Parting Shot|p2a: Zamazenta
|-unboost|p2a: Zamazenta|atk|1
|-unboost|p2a: Zamazenta|spa|1
|
|t:|1781089536
|switch|p1a: Zamazenta|Zamazenta|74/100|[from] Parting Shot
|
|-heal|p1a: Zamazenta|80/100|[from] item: Leftovers
|upkeep
|turn|17
|
|t:|1781089548
|switch|p2a: Raging Bolt|Raging Bolt|100/100
|move|p1a: Zamazenta|Substitute|p1a: Zamazenta
|-start|p1a: Zamazenta|Substitute
|-damage|p1a: Zamazenta|55/100
|
|-heal|p1a: Zamazenta|61/100|[from] item: Leftovers
|upkeep
|turn|18
|
|t:|1781089551
|move|p1a: Zamazenta|Body Press|p2a: Raging Bolt
|-damage|p2a: Raging Bolt|63/100
|move|p2a: Raging Bolt|Thunderbolt|p1a: Zamazenta
|-end|p1a: Zamazenta|Substitute
|
|-heal|p1a: Zamazenta|67/100|[from] item: Leftovers
|upkeep
|turn|19
|
|t:|1781089567
|move|p1a: Zamazenta|Body Press|p2a: Raging Bolt
|-damage|p2a: Raging Bolt|28/100
|move|p2a: Raging Bolt|Dragon Pulse|p1a: Zamazenta
|-damage|p1a: Zamazenta|22/100
|
|-heal|p1a: Zamazenta|29/100|[from] item: Leftovers
|upkeep
|turn|20
|
|t:|1781089575
|move|p1a: Zamazenta|Substitute|p1a: Zamazenta
|-start|p1a: Zamazenta|Substitute
|-damage|p1a: Zamazenta|4/100
|move|p2a: Raging Bolt|Dragon Pulse|p1a: Zamazenta
|-end|p1a: Zamazenta|Substitute
|
|-heal|p1a: Zamazenta|10/100|[from] item: Leftovers
|upkeep
|turn|21
|
|t:|1781089579
|-end|p2a: Raging Bolt|Protosynthesis|[silent]
|switch|p2a: Gliscor|Gliscor, M|100/100 tox
|move|p1a: Zamazenta|Body Press|p2a: Gliscor
|-resisted|p2a: Gliscor
|-damage|p2a: Gliscor|83/100 tox
|
|-heal|p1a: Zamazenta|16/100|[from] item: Leftovers
|-heal|p2a: Gliscor|95/100 tox|[from] ability: Poison Heal
|upkeep
|turn|22
|
|t:|1781089589
|move|p2a: Gliscor|Earthquake|p1a: Zamazenta
|-damage|p1a: Zamazenta|0 fnt
|faint|p1a: Zamazenta
|
|-heal|p2a: Gliscor|100/100 tox|[from] ability: Poison Heal
|upkeep
|
|t:|1781089592
|switch|p1a: Kyurem|Kyurem|88/100
|-ability|p1a: Kyurem|Pressure
|turn|23
|
|t:|1781089605
|move|p1a: Kyurem|Freeze-Dry|p2a: Gliscor
|-supereffective|p2a: Gliscor
|-damage|p2a: Gliscor|15/100 tox
|move|p2a: Gliscor|Agility|p2a: Gliscor
|-boost|p2a: Gliscor|spe|2
|
|-heal|p1a: Kyurem|94/100|[from] item: Leftovers
|-heal|p2a: Gliscor|28/100 tox|[from] ability: Poison Heal
|-sideend|p2: li dream|move: Light Screen
|upkeep
|turn|24
|
|t:|1781089611
|move|p2a: Gliscor|Earthquake|p1a: Kyurem
|-damage|p1a: Kyurem|55/100
|move|p1a: Kyurem|Freeze-Dry|p2a: Gliscor
|-supereffective|p2a: Gliscor
|-damage|p2a: Gliscor|0 fnt
|faint|p2a: Gliscor
|
|-heal|p1a: Kyurem|61/100|[from] item: Leftovers
|upkeep
|l| biscoitotroll
|
|t:|1781089616
|switch|p2a: Zamazenta|Zamazenta|95/100
|turn|25
|
|t:|1781089621
|switch|p1a: Pecharunt|Pecharunt|100/100
|move|p2a: Zamazenta|Close Combat|p1a: Pecharunt
|-immune|p1a: Pecharunt
|
|upkeep
|turn|26
|
|t:|1781089625
|move|p2a: Zamazenta|Light Screen|p2a: Zamazenta
|-sidestart|p2: li dream|move: Light Screen
|move|p1a: Pecharunt|Malignant Chain|p2a: Zamazenta
|-damage|p2a: Zamazenta|83/100
|
|upkeep
|turn|27
|
|t:|1781089632
|move|p2a: Zamazenta|Reflect|p2a: Zamazenta
|-sidestart|p2: li dream|Reflect
|move|p1a: Pecharunt|Malignant Chain|p2a: Zamazenta
|-damage|p2a: Zamazenta|71/100
|-status|p2a: Zamazenta|tox
|-start|p2a: Zamazenta|confusion|[from] ability: Poison Puppeteer|[of] p1a: Pecharunt
|
|-damage|p2a: Zamazenta|65/100 tox|[from] psn
|upkeep
|turn|28
|
|t:|1781089637
|switch|p2a: Manaphy|Manaphy|100/100
|move|p1a: Pecharunt|Malignant Chain|p2a: Manaphy
|-damage|p2a: Manaphy|87/100
|-status|p2a: Manaphy|tox
|-start|p2a: Manaphy|confusion|[from] ability: Poison Puppeteer|[of] p1a: Pecharunt
|
|-heal|p2a: Manaphy|93/100 tox|[from] item: Leftovers
|-damage|p2a: Manaphy|87/100 tox|[from] psn
|upkeep
|turn|29
|
|t:|1781089643
|-activate|p2a: Manaphy|confusion
|move|p2a: Manaphy|Take Heart|p2a: Manaphy
|-boost|p2a: Manaphy|spa|1
|-boost|p2a: Manaphy|spd|1
|-curestatus|p2a: Manaphy|tox|[msg]
|move|p1a: Pecharunt|Parting Shot|p2a: Manaphy
|-unboost|p2a: Manaphy|atk|1
|-unboost|p2a: Manaphy|spa|1
|
|t:|1781089651
|switch|p1a: Rillaboom|Rillaboom, F|100/100|[from] Parting Shot
|-fieldstart|move: Grassy Terrain|[from] ability: Grassy Surge|[of] p1a: Rillaboom
|
|-heal|p2a: Manaphy|93/100|[from] Grassy Terrain
|-heal|p2a: Manaphy|99/100|[from] item: Leftovers
|upkeep
|turn|30
|
|t:|1781089669
|-terastallize|p2a: Manaphy|Poison
|-activate|p2a: Manaphy|confusion
|move|p2a: Manaphy|Acid Armor|p2a: Manaphy
|-boost|p2a: Manaphy|def|2
|move|p1a: Rillaboom|Wood Hammer|p2a: Manaphy
|-resisted|p2a: Manaphy
|-damage|p2a: Manaphy|87/100
|-damage|p1a: Rillaboom|96/100|[from] Recoil
|
|-heal|p2a: Manaphy|93/100|[from] Grassy Terrain
|-heal|p2a: Manaphy|99/100|[from] item: Leftovers
|-heal|p1a: Rillaboom|100/100|[from] Grassy Terrain
|upkeep
|turn|31
|
|t:|1781089687
|switch|p1a: Garganacl|Garganacl, F|100/100
|-activate|p2a: Manaphy|confusion
|-damage|p2a: Manaphy|97/100|[from] confusion
|
|-heal|p2a: Manaphy|100/100|[from] Grassy Terrain
|upkeep
|turn|32
|
|t:|1781089701
|-terastallize|p1a: Garganacl|Water
|-activate|p2a: Manaphy|confusion
|move|p2a: Manaphy|Take Heart|p2a: Manaphy
|-boost|p2a: Manaphy|spa|1
|-boost|p2a: Manaphy|spd|1
|move|p1a: Garganacl|Salt Cure|p2a: Manaphy
|-damage|p2a: Manaphy|98/100
|-start|p2a: Manaphy|Salt Cure
|
|-heal|p2a: Manaphy|100/100|[from] Grassy Terrain
|-damage|p2a: Manaphy|88/100|[from] Salt Cure
|upkeep
|turn|33
|
|t:|1781089707
|-end|p2a: Manaphy|confusion
|move|p2a: Manaphy|Take Heart|p2a: Manaphy
|-boost|p2a: Manaphy|spa|1
|-boost|p2a: Manaphy|spd|1
|move|p1a: Garganacl|Stealth Rock|p2a: Manaphy
|-sidestart|p2: li dream|move: Stealth Rock
|
|-heal|p2a: Manaphy|94/100|[from] Grassy Terrain
|-heal|p2a: Manaphy|100/100|[from] item: Leftovers
|-damage|p2a: Manaphy|88/100|[from] Salt Cure
|-sideend|p2: li dream|move: Light Screen
|-fieldend|move: Grassy Terrain
|upkeep
|turn|34
|
|t:|1781089728
|move|p2a: Manaphy|Stored Power|p1a: Garganacl
|-damage|p1a: Garganacl|53/100
|move|p1a: Garganacl|Salt Cure|p2a: Manaphy
|-damage|p2a: Manaphy|85/100
|
|-heal|p2a: Manaphy|91/100|[from] item: Leftovers
|-heal|p1a: Garganacl|59/100|[from] item: Leftovers
|-damage|p2a: Manaphy|79/100|[from] Salt Cure
|-sideend|p2: li dream|Reflect
|upkeep
|turn|35
|
|t:|1781089738
|move|p2a: Manaphy|Take Heart|p2a: Manaphy
|-boost|p2a: Manaphy|spa|1
|-boost|p2a: Manaphy|spd|1
|move|p1a: Garganacl|Recover|p1a: Garganacl
|-heal|p1a: Garganacl|100/100
|
|-heal|p2a: Manaphy|85/100|[from] item: Leftovers
|-damage|p2a: Manaphy|73/100|[from] Salt Cure
|upkeep
|turn|36
|
|t:|1781089742
|move|p1a: Garganacl|Protect|p1a: Garganacl
|-singleturn|p1a: Garganacl|Protect
|move|p2a: Manaphy|Take Heart|p2a: Manaphy
|-boost|p2a: Manaphy|spa|1
|-boost|p2a: Manaphy|spd|1
|
|-heal|p2a: Manaphy|79/100|[from] item: Leftovers
|-damage|p2a: Manaphy|67/100|[from] Salt Cure
|upkeep
|turn|37
|
|t:|1781089748
|move|p1a: Garganacl|Protect||[still]
|-fail|p1a: Garganacl
|move|p2a: Manaphy|Stored Power|p1a: Garganacl
|-damage|p1a: Garganacl|0 fnt
|faint|p1a: Garganacl
|
|-heal|p2a: Manaphy|73/100|[from] item: Leftovers
|-damage|p2a: Manaphy|60/100|[from] Salt Cure
|upkeep
|
|t:|1781089764
|switch|p1a: Kyurem|Kyurem|61/100
|-ability|p1a: Kyurem|Pressure
|turn|38
|
|t:|1781089767
|move|p2a: Manaphy|Stored Power|p1a: Kyurem
|-damage|p1a: Kyurem|0 fnt
|faint|p1a: Kyurem
|
|-heal|p2a: Manaphy|67/100|[from] item: Leftovers
|-damage|p2a: Manaphy|54/100|[from] Salt Cure
|upkeep
|-message|Skere_ forfeited.
|
|win|li dream
|raw|Skere_'s rating: 1594 &rarr; <strong>1575</strong><br />(-19 for losing)
|raw|li dream's rating: 1604 &rarr; <strong>1623</strong><br />(+19 for winning)
|l|☆Skere_
|player|p1|
|l|☆li dream
|player|p2|
