|j|☆ohlookarock3
|j|☆employment devil
|t:|1781324694
|gametype|singles
|player|p1|ohlookarock3|geeta|1533
|player|p2|employment devil|lusamine-nihilego|1646
|gen|9
|tier|[Gen 9] OU
|rated|
|rule|HP Percentage Mod: HP is shown in percentages
|rule|Endless Battle Clause: Forcing endless battles is banned
|rule|Species Clause: Limit one of each Pokémon
|rule|OHKO Clause: OHKO moves are banned
|rule|Evasion Items Clause: Evasion items are banned
|rule|Evasion Moves Clause: Evasion moves are banned
|rule|Evasion Abilities Clause: Evasion abilities are banned
|rule|Sleep Moves Clause: Sleep-inducing moves are banned
|clearpoke
|poke|p1|Araquanid, F|
|poke|p1|Dragonite, F|
|poke|p1|Gholdengo|
|poke|p1|Iron Moth|
|poke|p1|Iron Valiant|
|poke|p1|Iron Treads|
|poke|p2|Landorus-Therian, M|
|poke|p2|Walking Wake|
|poke|p2|Ogerpon-Wellspring, F|
|poke|p2|Samurott-Hisui, M|
|poke|p2|Iron Moth|
|poke|p2|Gholdengo|
|teampreview
|inactive|Battle timer is ON: inactive players will automatically lose when time's up. (requested by ohlookarock3)
|c|☆employment devil|hf
|
|t:|1781324706
|teamsize|p1|6
|teamsize|p2|6
|start
|switch|p1a: Yumame|Araquanid, F, shiny|100/100
|switch|p2a: Landorus|Landorus-Therian, M|100/100
|-ability|p2a: Landorus|Intimidate|boost
|-unboost|p1a: Yumame|atk|1
|turn|1
|
|t:|1781324711
|move|p2a: Landorus|Taunt|p1a: Yumame
|-start|p1a: Yumame|move: Taunt
|-enditem|p1a: Yumame|Mental Herb
|-end|p1a: Yumame|move: Taunt
|move|p1a: Yumame|Sticky Web|p2a: Landorus
|-sidestart|p2: employment devil|move: Sticky Web
|
|upkeep
|turn|2
|
|t:|1781324717
|move|p2a: Landorus|Stealth Rock|p1a: Yumame
|-sidestart|p1: ohlookarock3|move: Stealth Rock
|move|p1a: Yumame|Liquidation|p2a: Landorus
|-supereffective|p2a: Landorus
|-damage|p2a: Landorus|46/100
|-damage|p1a: Yumame|84/100|[from] item: Rocky Helmet|[of] p2a: Landorus
|
|upkeep
|turn|3
|
|t:|1781324725
|move|p2a: Landorus|Earth Power|p1a: Yumame
|-resisted|p1a: Yumame
|-damage|p1a: Yumame|71/100
|move|p1a: Yumame|Liquidation|p2a: Landorus
|-supereffective|p2a: Landorus
|-damage|p2a: Landorus|0 fnt
|-damage|p1a: Yumame|54/100|[from] item: Rocky Helmet|[of] p2a: Landorus
|faint|p2a: Landorus
|
|upkeep
|
|t:|1781324727
|switch|p2a: Ogerpon|Ogerpon-Wellspring, F|100/100
|-activate|p2a: Ogerpon|move: Sticky Web
|-unboost|p2a: Ogerpon|spe|1
|turn|4
|
|t:|1781324730
|move|p2a: Ogerpon|Encore|p1a: Yumame
|-start|p1a: Yumame|Encore
|move|p1a: Yumame|Liquidation|p2a: Ogerpon
|-immune|p2a: Ogerpon|[from] ability: Water Absorb
|
|upkeep
|turn|5
|
|t:|1781324744
|switch|p1a: Sumireko|Iron Moth|100/100
|-damage|p1a: Sumireko|76/100|[from] Stealth Rock
|-enditem|p1a: Sumireko|Booster Energy
|-activate|p1a: Sumireko|ability: Quark Drive|[fromitem]
|-start|p1a: Sumireko|quarkdrivespa
|move|p2a: Ogerpon|Swords Dance|p2a: Ogerpon
|-boost|p2a: Ogerpon|atk|2
|
|upkeep
|turn|6
|
|t:|1781324751
|-terastallize|p2a: Ogerpon|Water
|detailschange|p2a: Ogerpon|Ogerpon-Wellspring-Tera, F, tera:Water
|-ability|p2a: Ogerpon|Embody Aspect (Wellspring)|boost
|-boost|p2a: Ogerpon|spd|1
|move|p1a: Sumireko|Sludge Wave|p2a: Ogerpon
|-damage|p2a: Ogerpon|51/100
|-status|p2a: Ogerpon|psn
|move|p2a: Ogerpon|Ivy Cudgel|p1a: Sumireko|[anim] Ivy Cudgel Water
|-supereffective|p1a: Sumireko
|-damage|p1a: Sumireko|0 fnt
|faint|p1a: Sumireko
|-end|p1a: Sumireko|Quark Drive|[silent]
|
|-damage|p2a: Ogerpon|39/100 psn|[from] psn
|upkeep
|
|t:|1781324758
|switch|p1a: Tenshi|Iron Treads|100/100
|-damage|p1a: Tenshi|97/100|[from] Stealth Rock
|-enditem|p1a: Tenshi|Booster Energy
|-activate|p1a: Tenshi|ability: Quark Drive|[fromitem]
|-start|p1a: Tenshi|quarkdriveatk
|turn|7
|
|t:|1781324765
|move|p1a: Tenshi|Supercell Slam|p2a: Ogerpon
|-supereffective|p2a: Ogerpon
|-damage|p2a: Ogerpon|0 fnt
|faint|p2a: Ogerpon
|detailschange|p2: Ogerpon|Ogerpon-Wellspring, F|[silent]
|
|upkeep
|
|t:|1781324770
|switch|p2a: Samurott|Samurott-Hisui, M|100/100
|-activate|p2a: Samurott|move: Sticky Web
|-unboost|p2a: Samurott|spe|1
|turn|8
|
|t:|1781324778
|move|p1a: Tenshi|Supercell Slam|p2a: Samurott
|-supereffective|p2a: Samurott
|-enditem|p2a: Samurott|Focus Sash
|-damage|p2a: Samurott|1/100
|move|p2a: Samurott|Razor Shell|p1a: Tenshi
|-supereffective|p1a: Tenshi
|-damage|p1a: Tenshi|0 fnt
|faint|p1a: Tenshi
|-end|p1a: Tenshi|Quark Drive|[silent]
|
|upkeep
|
|t:|1781324788
|switch|p1a: Patchouli|Iron Valiant|100/100
|-damage|p1a: Patchouli|94/100|[from] Stealth Rock
|-enditem|p1a: Patchouli|Booster Energy
|-activate|p1a: Patchouli|ability: Quark Drive|[fromitem]
|-start|p1a: Patchouli|quarkdrivespa
|turn|9
|
|t:|1781324793
|move|p1a: Patchouli|Vacuum Wave|p2a: Samurott
|-supereffective|p2a: Samurott
|-damage|p2a: Samurott|0 fnt
|faint|p2a: Samurott
|
|upkeep
|
|t:|1781324795
|switch|p2a: Iron Moth|Iron Moth|100/100
|-activate|p2a: Iron Moth|move: Sticky Web
|-unboost|p2a: Iron Moth|spe|1
|-enditem|p2a: Iron Moth|Booster Energy
|-activate|p2a: Iron Moth|ability: Quark Drive|[fromitem]
|-start|p2a: Iron Moth|quarkdrivespa
|turn|10
|
|t:|1781324805
|move|p1a: Patchouli|Shadow Ball|p2a: Iron Moth
|-damage|p2a: Iron Moth|61/100
|move|p2a: Iron Moth|Sludge Wave|p1a: Patchouli
|-supereffective|p1a: Patchouli
|-damage|p1a: Patchouli|0 fnt
|faint|p1a: Patchouli
|-end|p1a: Patchouli|Quark Drive|[silent]
|
|upkeep
|
|t:|1781324811
|switch|p1a: Chimata|Gholdengo|100/100
|-damage|p1a: Chimata|94/100|[from] Stealth Rock
|-item|p1a: Chimata|Air Balloon
|turn|11
|
|t:|1781324814
|move|p1a: Chimata|Psyshock|p2a: Iron Moth
|-supereffective|p2a: Iron Moth
|-damage|p2a: Iron Moth|0 fnt
|faint|p2a: Iron Moth
|-end|p2a: Iron Moth|Quark Drive|[silent]
|
|upkeep
|inactive|employment devil has 120 seconds left.
|
|t:|1781324846
|switch|p2a: Gholdengo|Gholdengo|100/100
|-item|p2a: Gholdengo|Air Balloon
|turn|12
|
|t:|1781324863
|move|p2a: Gholdengo|Shadow Ball|p1a: Chimata
|-supereffective|p1a: Chimata
|-damage|p1a: Chimata|0 fnt
|-enditem|p1a: Chimata|Air Balloon
|faint|p1a: Chimata
|
|upkeep
|
|t:|1781324868
|switch|p1a: Yumame|Araquanid, F, shiny|54/100
|-damage|p1a: Yumame|29/100|[from] Stealth Rock
|turn|13
|
|t:|1781324871
|move|p2a: Gholdengo|Thunderbolt|p1a: Yumame
|-supereffective|p1a: Yumame
|-damage|p1a: Yumame|0 fnt
|faint|p1a: Yumame
|
|upkeep
|
|t:|1781324874
|switch|p1a: Byakuren|Dragonite, F|100/100
|turn|14
|
|t:|1781324880
|-terastallize|p1a: Byakuren|Normal
|move|p2a: Gholdengo|Make It Rain|p1a: Byakuren
|-damage|p1a: Byakuren|65/100
|-unboost|p2a: Gholdengo|spa|1
|move|p1a: Byakuren|Dragon Dance|p1a: Byakuren
|-boost|p1a: Byakuren|atk|1
|-boost|p1a: Byakuren|spe|1
|
|upkeep
|turn|15
|
|t:|1781324895
|move|p1a: Byakuren|Outrage|p2a: Gholdengo
|-resisted|p2a: Gholdengo
|-damage|p2a: Gholdengo|40/100
|-enditem|p2a: Gholdengo|Air Balloon
|move|p2a: Gholdengo|Make It Rain|p1a: Byakuren
|-damage|p1a: Byakuren|22/100
|-unboost|p2a: Gholdengo|spa|1
|
|upkeep
|turn|16
|
|t:|1781324905
|switch|p2a: Walking Wake|Walking Wake|100/100
|-activate|p2a: Walking Wake|move: Sticky Web
|-unboost|p2a: Walking Wake|spe|1
|-enditem|p2a: Walking Wake|Booster Energy
|-activate|p2a: Walking Wake|ability: Protosynthesis|[fromitem]
|-start|p2a: Walking Wake|protosynthesisspa
|move|p1a: Byakuren|Outrage|p2a: Walking Wake|[from] lockedmove
|-supereffective|p2a: Walking Wake
|-damage|p2a: Walking Wake|0 fnt
|faint|p2a: Walking Wake
|-end|p2a: Walking Wake|Protosynthesis|[silent]
|-start|p1a: Byakuren|confusion|[fatigue]
|
|upkeep
|
|t:|1781324906
|switch|p2a: Gholdengo|Gholdengo|40/100
|-activate|p2a: Gholdengo|move: Sticky Web
|-unboost|p2a: Gholdengo|spe|1
|turn|17
|
|t:|1781324910
|-activate|p1a: Byakuren|confusion
|move|p1a: Byakuren|Earthquake|p2a: Gholdengo
|-supereffective|p2a: Gholdengo
|-damage|p2a: Gholdengo|0 fnt
|faint|p2a: Gholdengo
|
|win|ohlookarock3
|raw|ohlookarock3's rating: 1533 &rarr; <strong>1559</strong><br />(+26 for winning)
|raw|employment devil's rating: 1646 &rarr; <strong>1620</strong><br />(-26 for losing)
|c|☆employment devil|gg
|l|☆ohlookarock3
|player|p1|
|l|☆employment devil
|player|p2|
