|j|☆Miurez
|j|☆lolcano46
|t:|1781231879
|gametype|singles
|player|p1|Miurez|pokemonranger-gen4|1712
|player|p2|lolcano46|fisherman-gen4|1631
|gen|9
|tier|[Gen 9] OU
|rated|
|rule|HP Percentage Mod: HP is shown in percentages
|rule|Endless Battle Clause: Forcing endless battles is banned
|rule|Species Clause: Limit one of each Pokémon
|rule|OHKO Clause: OHKO moves are banned
|rule|Evasion Items Clause: Evasion items are banned
|rule|Evasion Moves Clause: Evasion moves are banned
|rule|Evasion Abilities Clause: Evasion abilities are banned
|rule|Sleep Moves Clause: Sleep-inducing moves are banned
|clearpoke
|poke|p1|Iron Moth|
|poke|p1|Gliscor, M|
|poke|p1|Hatterene, F|
|poke|p1|Ogerpon-Wellspring, F|
|poke|p1|Raging Bolt|
|poke|p1|Zamazenta-*|
|poke|p2|Azelf|
|poke|p2|Ogerpon-Wellspring, F|
|poke|p2|Scizor, F|
|poke|p2|Gengar, M|
|poke|p2|Raging Bolt|
|poke|p2|Cinderace, M|
|teampreview
|inactive|Battle timer is ON: inactive players will automatically lose when time's up. (requested by lolcano46)
|
|t:|1781231894
|teamsize|p1|6
|teamsize|p2|6
|start
|switch|p1a: Zamazenta|Zamazenta|100/100
|switch|p2a: Cinderace|Cinderace, M|100/100
|-ability|p1a: Zamazenta|Dauntless Shield|boost
|-boost|p1a: Zamazenta|def|1
|turn|1
|
|t:|1781231900
|move|p1a: Zamazenta|Close Combat|p2a: Cinderace
|-damage|p2a: Cinderace|28/100
|-unboost|p1a: Zamazenta|def|1
|-unboost|p1a: Zamazenta|spd|1
|move|p2a: Cinderace|Will-O-Wisp|p1a: Zamazenta
|-status|p1a: Zamazenta|brn
|
|-damage|p1a: Zamazenta|94/100 brn|[from] brn
|upkeep
|turn|2
|
|t:|1781231908
|-terastallize|p2a: Cinderace|Ghost
|move|p1a: Zamazenta|Close Combat|p2a: Cinderace
|-immune|p2a: Cinderace
|move|p2a: Cinderace|Pyro Ball|p1a: Zamazenta|[miss]
|-miss|p2a: Cinderace|p1a: Zamazenta
|
|-damage|p1a: Zamazenta|88/100 brn|[from] brn
|upkeep
|turn|3
|
|t:|1781231913
|switch|p2a: Raging Bolt|Raging Bolt|100/100
|-enditem|p2a: Raging Bolt|Booster Energy
|-activate|p2a: Raging Bolt|ability: Protosynthesis|[fromitem]
|-start|p2a: Raging Bolt|protosynthesisspa
|move|p1a: Zamazenta|Ice Fang|p2a: Raging Bolt
|-supereffective|p2a: Raging Bolt
|-damage|p2a: Raging Bolt|84/100
|
|-damage|p1a: Zamazenta|82/100 brn|[from] brn
|upkeep
|turn|4
|
|t:|1781231917
|switch|p1a: Gliscor|Gliscor, M|100/100
|move|p2a: Raging Bolt|Dragon Pulse|p1a: Gliscor
|-crit|p1a: Gliscor
|-damage|p1a: Gliscor|0 fnt
|faint|p1a: Gliscor
|
|upkeep
|
|t:|1781231924
|switch|p1a: Hatterene|Hatterene, F|100/100
|turn|5
|
|t:|1781231927
|move|p2a: Raging Bolt|Calm Mind|p2a: Raging Bolt
|-boost|p2a: Raging Bolt|spa|1
|-boost|p2a: Raging Bolt|spd|1
|move|p1a: Hatterene|Calm Mind|p1a: Hatterene
|-boost|p1a: Hatterene|spa|1
|-boost|p1a: Hatterene|spd|1
|
|upkeep
|turn|6
|
|t:|1781231931
|move|p2a: Raging Bolt|Thunderbolt|p1a: Hatterene
|-damage|p1a: Hatterene|30/100
|move|p1a: Hatterene|Calm Mind|p1a: Hatterene
|-boost|p1a: Hatterene|spa|1
|-boost|p1a: Hatterene|spd|1
|
|-heal|p1a: Hatterene|36/100|[from] item: Leftovers
|upkeep
|turn|7
|
|t:|1781231934
|move|p2a: Raging Bolt|Thunderbolt|p1a: Hatterene
|-damage|p1a: Hatterene|0 fnt
|faint|p1a: Hatterene
|
|upkeep
|
|t:|1781231943
|switch|p1a: Raging Bolt|Raging Bolt|100/100
|-enditem|p1a: Raging Bolt|Booster Energy
|-activate|p1a: Raging Bolt|ability: Protosynthesis|[fromitem]
|-start|p1a: Raging Bolt|protosynthesisspa
|turn|8
|
|t:|1781231948
|move|p1a: Raging Bolt|Dragon Pulse|p2a: Raging Bolt
|-supereffective|p2a: Raging Bolt
|-damage|p2a: Raging Bolt|0 fnt
|faint|p2a: Raging Bolt
|-end|p2a: Raging Bolt|Protosynthesis|[silent]
|
|upkeep
|
|t:|1781231951
|switch|p2a: Cinderace|Cinderace, M, tera:Ghost|28/100
|turn|9
|
|t:|1781231956
|move|p2a: Cinderace|Will-O-Wisp|p1a: Raging Bolt
|-status|p1a: Raging Bolt|brn
|move|p1a: Raging Bolt|Calm Mind|p1a: Raging Bolt
|-boost|p1a: Raging Bolt|spa|1
|-boost|p1a: Raging Bolt|spd|1
|
|-damage|p1a: Raging Bolt|94/100 brn|[from] brn
|upkeep
|turn|10
|
|t:|1781231963
|move|p2a: Cinderace|Sucker Punch|p1a: Raging Bolt
|-damage|p1a: Raging Bolt|75/100 brn
|move|p1a: Raging Bolt|Thunderclap||[still]
|-fail|p1a: Raging Bolt
|
|-damage|p1a: Raging Bolt|69/100 brn|[from] brn
|upkeep
|turn|11
|
|t:|1781231971
|move|p2a: Cinderace|Sucker Punch||[still]
|-fail|p2a: Cinderace
|move|p1a: Raging Bolt|Calm Mind|p1a: Raging Bolt
|-boost|p1a: Raging Bolt|spa|1
|-boost|p1a: Raging Bolt|spd|1
|
|-damage|p1a: Raging Bolt|62/100 brn|[from] brn
|upkeep
|turn|12
|
|t:|1781231974
|move|p2a: Cinderace|Sucker Punch|p1a: Raging Bolt
|-damage|p1a: Raging Bolt|41/100 brn
|move|p1a: Raging Bolt|Thunderbolt|p2a: Cinderace
|-damage|p2a: Cinderace|0 fnt
|faint|p2a: Cinderace
|
|-damage|p1a: Raging Bolt|35/100 brn|[from] brn
|upkeep
|
|t:|1781231981
|switch|p2a: Gengar|Gengar, M|100/100
|turn|13
|
|t:|1781231985
|move|p2a: Gengar|Trick|p1a: Raging Bolt
|-activate|p2a: Gengar|move: Trick|[of] p1a: Raging Bolt
|-item|p1a: Raging Bolt|Choice Scarf|[from] move: Trick
|-enditem|p2a: Gengar|Choice Scarf|[silent]|[from] move: Trick
|move|p1a: Raging Bolt|Thunderbolt|p2a: Gengar
|-damage|p2a: Gengar|0 fnt
|-start|p1a: Raging Bolt|Disable|Thunderbolt|[from] ability: Cursed Body|[of] p2a: Gengar
|faint|p2a: Gengar
|
|-damage|p1a: Raging Bolt|28/100 brn|[from] brn
|upkeep
|
|t:|1781231992
|switch|p2a: Scizor|Scizor, F|100/100
|turn|14
|
|t:|1781231995
|-activate|p1a: Raging Bolt|move: Struggle
|move|p1a: Raging Bolt|Struggle|p2a: Scizor
|-damage|p2a: Scizor|96/100
|-damage|p1a: Raging Bolt|3/100 brn|[from] recoil
|move|p2a: Scizor|Swords Dance|p2a: Scizor
|-boost|p2a: Scizor|atk|2
|
|-damage|p1a: Raging Bolt|0 fnt|[from] brn
|faint|p1a: Raging Bolt
|-end|p1a: Raging Bolt|Protosynthesis|[silent]
|upkeep
|
|t:|1781231998
|switch|p1a: Iron Moth|Iron Moth|100/100
|-enditem|p1a: Iron Moth|Booster Energy
|-activate|p1a: Iron Moth|ability: Quark Drive|[fromitem]
|-start|p1a: Iron Moth|quarkdrivespe
|turn|15
|
|t:|1781232003
|move|p2a: Scizor|Bullet Punch|p1a: Iron Moth
|-resisted|p1a: Iron Moth
|-damage|p1a: Iron Moth|43/100
|move|p1a: Iron Moth|Fiery Dance|p2a: Scizor
|-supereffective|p2a: Scizor
|-damage|p2a: Scizor|0 fnt
|-boost|p1a: Iron Moth|spa|1
|faint|p2a: Scizor
|
|upkeep
|
|t:|1781232008
|switch|p2a: Ogerpon|Ogerpon-Wellspring, F|100/100
|turn|16
|
|t:|1781232009
|move|p1a: Iron Moth|Sludge Wave|p2a: Ogerpon
|-supereffective|p2a: Ogerpon
|-damage|p2a: Ogerpon|0 fnt
|faint|p2a: Ogerpon
|
|upkeep
|-message|lolcano46 forfeited.
|
|win|Miurez
|raw|Miurez's rating: 1712 &rarr; <strong>1727</strong><br />(+15 for winning)
|raw|lolcano46's rating: 1631 &rarr; <strong>1616</strong><br />(-15 for losing)
|l|☆lolcano46
|player|p2|
|l|☆Miurez
|player|p1|
