|j|☆Teefryingpan
|j|☆kooopooolooo
|t:|1781115028
|gametype|singles
|player|p1|Teefryingpan|101|1582
|player|p2|kooopooolooo|170|1616
|gen|9
|tier|[Gen 9] OU
|rated|
|rule|HP Percentage Mod: HP is shown in percentages
|rule|Endless Battle Clause: Forcing endless battles is banned
|rule|Species Clause: Limit one of each Pokémon
|rule|OHKO Clause: OHKO moves are banned
|rule|Evasion Items Clause: Evasion items are banned
|rule|Evasion Moves Clause: Evasion moves are banned
|rule|Evasion Abilities Clause: Evasion abilities are banned
|rule|Sleep Moves Clause: Sleep-inducing moves are banned
|clearpoke
|poke|p1|Samurott-Hisui, M|
|poke|p1|Dragapult, M|
|poke|p1|Enamorus, F|
|poke|p1|Scizor, F|
|poke|p1|Iron Treads|
|poke|p1|Ogerpon-Wellspring, F|
|poke|p2|Darkrai|
|poke|p2|Deoxys-Speed|
|poke|p2|Salamence, M|
|poke|p2|Garchomp, M|
|poke|p2|Manaphy|
|poke|p2|Mew|
|teampreview
|
|t:|1781115035
|teamsize|p1|6
|teamsize|p2|6
|start
|switch|p1a: Dragapult|Dragapult, M|100/100
|switch|p2a: Garchomp|Garchomp, M|100/100
|turn|1
|inactive|Battle timer is ON: inactive players will automatically lose when time's up. (requested by Teefryingpan)
|
|t:|1781115038
|move|p1a: Dragapult|Draco Meteor|p2a: Garchomp
|-supereffective|p2a: Garchomp
|-damage|p2a: Garchomp|0 fnt
|-unboost|p1a: Dragapult|spa|2
|faint|p2a: Garchomp
|
|upkeep
|
|t:|1781115048
|switch|p2a: Deoxys|Deoxys-Speed|100/100
|-ability|p2a: Deoxys|Pressure
|turn|2
|
|t:|1781115067
|switch|p1a: Scizor|Scizor, F|100/100
|move|p2a: Deoxys|Reflect|p2a: Deoxys
|-sidestart|p2: kooopooolooo|Reflect
|
|upkeep
|turn|3
|
|t:|1781115081
|move|p1a: Scizor|Brick Break|p2a: Deoxys
|-sideend|p2: kooopooolooo|Reflect
|-resisted|p2a: Deoxys
|-damage|p2a: Deoxys|75/100
|move|p2a: Deoxys|Teleport|p2a: Deoxys
|
|t:|1781115084
|switch|p2a: Salamence|Salamence, M|100/100|[from] Teleport
|-ability|p2a: Salamence|Intimidate|boost
|-unboost|p1a: Scizor|atk|1
|
|upkeep
|turn|4
|
|t:|1781115090
|switch|p1a: Dragapult|Dragapult, M|100/100
|move|p2a: Salamence|Dragon Dance|p2a: Salamence
|-boost|p2a: Salamence|atk|1
|-boost|p2a: Salamence|spe|1
|
|upkeep
|turn|5
|
|t:|1781115096
|move|p2a: Salamence|Dual Wingbeat|p1a: Dragapult|[miss]
|-miss|p2a: Salamence|p1a: Dragapult
|move|p1a: Dragapult|Draco Meteor|p2a: Salamence
|-supereffective|p2a: Salamence
|-damage|p2a: Salamence|0 fnt
|-unboost|p1a: Dragapult|spa|2
|faint|p2a: Salamence
|
|upkeep
|
|t:|1781115101
|switch|p2a: Manaphy|Manaphy|100/100
|turn|6
|
|t:|1781115110
|switch|p1a: Ogerpon|Ogerpon-Wellspring, F|100/100
|move|p2a: Manaphy|Tail Glow|p2a: Manaphy
|-boost|p2a: Manaphy|spa|3
|
|upkeep
|turn|7
|
|t:|1781115128
|-terastallize|p2a: Manaphy|Grass
|move|p1a: Ogerpon|Power Whip|p2a: Manaphy
|-resisted|p2a: Manaphy
|-damage|p2a: Manaphy|62/100
|move|p2a: Manaphy|Ice Beam|p1a: Ogerpon
|-damage|p1a: Ogerpon|23/100
|
|-heal|p2a: Manaphy|68/100|[from] item: Leftovers
|upkeep
|turn|8
|
|t:|1781115134
|move|p1a: Ogerpon|Knock Off|p2a: Manaphy
|-damage|p2a: Manaphy|31/100
|-enditem|p2a: Manaphy|Leftovers|[from] move: Knock Off|[of] p1a: Ogerpon
|move|p2a: Manaphy|Ice Beam|p1a: Ogerpon
|-damage|p1a: Ogerpon|0 fnt
|faint|p1a: Ogerpon
|
|upkeep
|
|t:|1781115137
|switch|p1a: Scizor|Scizor, F|100/100
|turn|9
|
|t:|1781115140
|move|p2a: Manaphy|Surf|p1a: Scizor
|-damage|p1a: Scizor|0 fnt
|faint|p1a: Scizor
|
|upkeep
|
|t:|1781115144
|switch|p1a: Dragapult|Dragapult, M|100/100
|turn|10
|
|t:|1781115147
|move|p1a: Dragapult|Flamethrower|p2a: Manaphy
|-supereffective|p2a: Manaphy
|-damage|p2a: Manaphy|0 fnt
|faint|p2a: Manaphy
|
|upkeep
|
|t:|1781115150
|switch|p2a: Mew|Mew|100/100
|turn|11
|
|t:|1781115154
|switch|p1a: Samurott|Samurott-Hisui, M|100/100
|move|p2a: Mew|Nasty Plot|p2a: Mew
|-boost|p2a: Mew|spa|2
|
|upkeep
|turn|12
|
|t:|1781115157
|move|p2a: Mew|Aura Sphere|p1a: Samurott
|-supereffective|p1a: Samurott
|-damage|p1a: Samurott|0 fnt
|faint|p1a: Samurott
|
|upkeep
|
|t:|1781115161
|switch|p1a: Dragapult|Dragapult, M|100/100
|turn|13
|
|t:|1781115163
|move|p1a: Dragapult|Shadow Ball|p2a: Mew
|-supereffective|p2a: Mew
|-damage|p2a: Mew|5/100
|move|p2a: Mew|Psyshock|p1a: Dragapult
|-damage|p1a: Dragapult|7/100
|
|-heal|p2a: Mew|11/100|[from] item: Leftovers
|upkeep
|turn|14
|
|t:|1781115167
|move|p1a: Dragapult|Shadow Ball|p2a: Mew
|-supereffective|p2a: Mew
|-damage|p2a: Mew|0 fnt
|faint|p2a: Mew
|
|upkeep
|
|t:|1781115169
|switch|p2a: Darkrai|Darkrai|100/100
|turn|15
|
|t:|1781115172
|move|p1a: Dragapult|Shadow Ball|p2a: Darkrai
|-resisted|p2a: Darkrai
|-crit|p2a: Darkrai
|-damage|p2a: Darkrai|47/100
|move|p2a: Darkrai|Dark Pulse|p1a: Dragapult
|-supereffective|p1a: Dragapult
|-damage|p1a: Dragapult|0 fnt
|faint|p1a: Dragapult
|
|-heal|p2a: Darkrai|53/100|[from] item: Leftovers
|upkeep
|
|t:|1781115175
|switch|p1a: Enamorus|Enamorus, F|100/100
|turn|16
|
|t:|1781115179
|switch|p2a: Deoxys|Deoxys-Speed|75/100
|-ability|p2a: Deoxys|Pressure
|move|p1a: Enamorus|Moonblast|p2a: Deoxys
|-damage|p2a: Deoxys|9/100
|
|upkeep
|turn|17
|
|t:|1781115182
|move|p1a: Enamorus|Moonblast|p2a: Deoxys
|-damage|p2a: Deoxys|0 fnt
|faint|p2a: Deoxys
|
|upkeep
|
|t:|1781115183
|switch|p2a: Darkrai|Darkrai|53/100
|turn|18
|-message|kooopooolooo forfeited.
|
|win|Teefryingpan
|raw|Teefryingpan's rating: 1582 &rarr; <strong>1604</strong><br />(+22 for winning)
|raw|kooopooolooo's rating: 1616 &rarr; <strong>1594</strong><br />(-22 for losing)
|l|☆kooopooolooo
|player|p2|
|l|☆Teefryingpan
|player|p1|
