|j|☆texett
|j|‽ASDJdASJ
|t:|1781400148
|gametype|singles
|player|p1|texett|jasmine|1550
|player|p2|ASDJdASJ|101|1541
|gen|9
|tier|[Gen 9] OU
|rated|
|rule|HP Percentage Mod: HP is shown in percentages
|rule|Endless Battle Clause: Forcing endless battles is banned
|rule|Species Clause: Limit one of each Pokémon
|rule|OHKO Clause: OHKO moves are banned
|rule|Evasion Items Clause: Evasion items are banned
|rule|Evasion Moves Clause: Evasion moves are banned
|rule|Evasion Abilities Clause: Evasion abilities are banned
|rule|Sleep Moves Clause: Sleep-inducing moves are banned
|clearpoke
|poke|p1|Whimsicott, F|
|poke|p1|Brambleghast, M|
|poke|p1|Walking Wake|
|poke|p1|Torkoal, M|
|poke|p1|Great Tusk|
|poke|p1|Skarmory, M|
|poke|p2|Kingambit, F|
|poke|p2|Kommo-o, F|
|poke|p2|Iron Valiant|
|poke|p2|Kyurem|
|poke|p2|Iron Treads|
|poke|p2|Iron Crown|
|teampreview
|inactive|Battle timer is ON: inactive players will automatically lose when time's up. (requested by texett)
|
|t:|1781400168
|teamsize|p1|6
|teamsize|p2|6
|start
|switch|p1a: Skarmory|Skarmory, M, shiny|100/100
|switch|p2a: Kyurem|Kyurem|100/100
|-ability|p2a: Kyurem|Pressure
|turn|1
|
|t:|1781400172
|move|p2a: Kyurem|Dragon Dance|p2a: Kyurem
|-boost|p2a: Kyurem|atk|1
|-boost|p2a: Kyurem|spe|1
|move|p1a: Skarmory|Stealth Rock|p2a: Kyurem
|-sidestart|p2: ASDJdASJ|move: Stealth Rock
|
|upkeep
|turn|2
|
|t:|1781400177
|move|p2a: Kyurem|Icicle Spear|p1a: Skarmory
|-damage|p1a: Skarmory|82/100
|-damage|p1a: Skarmory|65/100
|-damage|p1a: Skarmory|46/100
|-damage|p1a: Skarmory|28/100
|-hitcount|p1a: Skarmory|4
|move|p1a: Skarmory|Tailwind|p1a: Skarmory
|-sidestart|p1: texett|move: Tailwind
|
|upkeep
|turn|3
|
|t:|1781400183
|move|p1a: Skarmory|Brave Bird|p2a: Kyurem
|-damage|p2a: Kyurem|57/100
|-damage|p1a: Skarmory|8/100|[from] Recoil
|move|p2a: Kyurem|Dragon Dance|p2a: Kyurem
|-boost|p2a: Kyurem|atk|1
|-boost|p2a: Kyurem|spe|1
|
|upkeep
|turn|4
|-enditem|p1a: Skarmory|Custap Berry|[eat]
|-activate|p1a: Skarmory|item: Custap Berry|[consumed]
|
|t:|1781400191
|move|p1a: Skarmory|Brave Bird|p2a: Kyurem
|-damage|p2a: Kyurem|17/100
|-damage|p1a: Skarmory|0 fnt|[from] Recoil
|faint|p1a: Skarmory
|move|p2a: Kyurem|Dragon Dance|p2a: Kyurem
|-boost|p2a: Kyurem|atk|1
|-boost|p2a: Kyurem|spe|1
|
|upkeep
|
|t:|1781400201
|switch|p1a: Brambleghast|Brambleghast, M, shiny|100/100
|-ability|p1a: Brambleghast|Wind Rider|boost
|-boost|p1a: Brambleghast|atk|1
|turn|5
|
|t:|1781400203
|move|p1a: Brambleghast|Shadow Sneak|p2a: Kyurem
|-damage|p2a: Kyurem|0 fnt
|faint|p2a: Kyurem
|-damage|p1a: Brambleghast|91/100|[from] item: Life Orb
|
|-sideend|p1: texett|move: Tailwind
|upkeep
|
|t:|1781400211
|switch|p2a: Kingambit|Kingambit, F|100/100
|-damage|p2a: Kingambit|94/100|[from] Stealth Rock
|-activate|p2a: Kingambit|ability: Supreme Overlord
|-start|p2a: Kingambit|fallen1|[silent]
|turn|6
|
|t:|1781400216
|switch|p1a: Great Tusk|Great Tusk, shiny|100/100
|move|p2a: Kingambit|Sucker Punch||[still]
|-fail|p2a: Kingambit
|
|-heal|p2a: Kingambit|100/100|[from] item: Leftovers
|upkeep
|turn|7
|
|t:|1781400226
|-end|p2a: Kingambit|fallen1|[silent]
|switch|p2a: Kommo-o|Kommo-o, F|100/100
|-damage|p2a: Kommo-o|94/100|[from] Stealth Rock
|move|p1a: Great Tusk|Knock Off|p2a: Kommo-o
|-resisted|p2a: Kommo-o
|-damage|p2a: Kommo-o|83/100
|-enditem|p2a: Kommo-o|Leftovers|[from] move: Knock Off|[of] p1a: Great Tusk
|
|upkeep
|turn|8
|
|t:|1781400231
|move|p1a: Great Tusk|Taunt|p2a: Kommo-o
|-start|p2a: Kommo-o|move: Taunt
|cant|p2a: Kommo-o|move: Taunt|Clangorous Soul
|
|upkeep
|turn|9
|
|t:|1781400238
|move|p1a: Great Tusk|Earthquake|p2a: Kommo-o
|-damage|p2a: Kommo-o|51/100
|move|p2a: Kommo-o|Drain Punch|p1a: Great Tusk
|-damage|p1a: Great Tusk|83/100
|-heal|p2a: Kommo-o|62/100|[from] drain|[of] p1a: Great Tusk
|
|upkeep
|turn|10
|
|t:|1781400246
|move|p1a: Great Tusk|Rapid Spin|p2a: Kommo-o
|-damage|p2a: Kommo-o|49/100
|-boost|p1a: Great Tusk|spe|1
|move|p2a: Kommo-o|Drain Punch|p1a: Great Tusk
|-damage|p1a: Great Tusk|66/100
|-heal|p2a: Kommo-o|60/100|[from] drain|[of] p1a: Great Tusk
|
|-end|p2a: Kommo-o|move: Taunt
|upkeep
|turn|11
|
|t:|1781400249
|move|p1a: Great Tusk|Earthquake|p2a: Kommo-o
|-damage|p2a: Kommo-o|22/100
|move|p2a: Kommo-o|Clangorous Soul||[still]
|-fail|p2a: Kommo-o
|
|upkeep
|turn|12
|
|t:|1781400253
|move|p1a: Great Tusk|Earthquake|p2a: Kommo-o
|-damage|p2a: Kommo-o|0 fnt
|faint|p2a: Kommo-o
|
|upkeep
|-message|ASDJdASJ forfeited.
|
|win|texett
|raw|texett's rating: 1550 &rarr; <strong>1569</strong><br />(+19 for winning)
|raw|ASDJdASJ's rating: 1541 &rarr; <strong>1522</strong><br />(-19 for losing)
|l|‽ASDJdASJ
|player|p2|
|l|☆texett
|player|p1|
