|j|☆n5v
|j|☆gongcitaihou
|t:|1780926761
|gametype|singles
|player|p1|n5v|leon-masters|1646
|player|p2|gongcitaihou|bellelba|1620
|gen|9
|tier|[Gen 9] OU
|rated|
|rule|HP Percentage Mod: HP is shown in percentages
|rule|Endless Battle Clause: Forcing endless battles is banned
|rule|Species Clause: Limit one of each Pokémon
|rule|OHKO Clause: OHKO moves are banned
|rule|Evasion Items Clause: Evasion items are banned
|rule|Evasion Moves Clause: Evasion moves are banned
|rule|Evasion Abilities Clause: Evasion abilities are banned
|rule|Sleep Moves Clause: Sleep-inducing moves are banned
|clearpoke
|poke|p1|Raging Bolt|
|poke|p1|Iron Crown|
|poke|p1|Slowking-Galar, F|
|poke|p1|Rillaboom, M|
|poke|p1|Enamorus, F|
|poke|p1|Great Tusk|
|poke|p2|Ting-Lu|
|poke|p2|Raging Bolt|
|poke|p2|Scizor, M|
|poke|p2|Glimmora, F|
|poke|p2|Kyurem|
|poke|p2|Moltres|
|teampreview
|c|☆n5v|glhf
|inactive|Battle timer is ON: inactive players will automatically lose when time's up. (requested by n5v)
|
|t:|1780926777
|teamsize|p1|6
|teamsize|p2|6
|start
|switch|p1a: goobing bolt|Raging Bolt|100/100
|switch|p2a: Scizor|Scizor, M|100/100
|turn|1
|
|t:|1780926787
|switch|p2a: Ting-Lu|Ting-Lu|100/100
|-ability|p2a: Ting-Lu|Vessel of Ruin
|move|p1a: goobing bolt|Draco Meteor|p2a: Ting-Lu
|-damage|p2a: Ting-Lu|53/100
|-unboost|p1a: goobing bolt|spa|2
|
|-heal|p2a: Ting-Lu|59/100|[from] item: Leftovers
|upkeep
|turn|2
|
|t:|1780926798
|-end|p1a: goobing bolt|Protosynthesis|[silent]
|switch|p1a: diddy kong|Rillaboom, M|100/100
|-fieldstart|move: Grassy Terrain|[from] ability: Grassy Surge|[of] p1a: diddy kong
|move|p2a: Ting-Lu|Spikes|p1a: diddy kong
|-sidestart|p1: n5v|Spikes
|
|-heal|p2a: Ting-Lu|66/100|[from] Grassy Terrain
|-heal|p2a: Ting-Lu|72/100|[from] item: Leftovers
|upkeep
|turn|3
|j| Fat_Yogi
|
|t:|1780926808
|switch|p2a: Moltres|Moltres|100/100
|move|p1a: diddy kong|Knock Off|p2a: Moltres
|-damage|p2a: Moltres|62/100
|-enditem|p2a: Moltres|Heavy-Duty Boots|[from] move: Knock Off|[of] p1a: diddy kong
|
|upkeep
|turn|4
|
|t:|1780926816
|switch|p1a: goobing bolt|Raging Bolt|100/100
|-damage|p1a: goobing bolt|88/100|[from] Spikes
|move|p2a: Moltres|U-turn|p1a: goobing bolt
|-damage|p1a: goobing bolt|73/100
|
|t:|1780926823
|switch|p2a: Ting-Lu|Ting-Lu|72/100|[from] U-turn
|-ability|p2a: Ting-Lu|Vessel of Ruin
|
|-heal|p1a: goobing bolt|80/100|[from] Grassy Terrain
|-heal|p2a: Ting-Lu|78/100|[from] Grassy Terrain
|-heal|p2a: Ting-Lu|84/100|[from] item: Leftovers
|upkeep
|turn|5
|
|t:|1780926832
|move|p1a: goobing bolt|Draco Meteor|p2a: Ting-Lu|[miss]
|-miss|p1a: goobing bolt|p2a: Ting-Lu
|move|p2a: Ting-Lu|Whirlwind|p1a: goobing bolt
|-end|p1a: goobing bolt|Protosynthesis|[silent]
|drag|p1a: Enamorus|Enamorus, F|100/100
|
|-heal|p2a: Ting-Lu|91/100|[from] Grassy Terrain
|-heal|p2a: Ting-Lu|97/100|[from] item: Leftovers
|upkeep
|turn|6
|j| Agathina
|
|t:|1780926853
|switch|p2a: Scizor|Scizor, M|100/100
|move|p1a: Enamorus|Moonblast|p2a: Scizor
|-resisted|p2a: Scizor
|-damage|p2a: Scizor|68/100
|
|-heal|p2a: Scizor|74/100|[from] Grassy Terrain
|-fieldend|move: Grassy Terrain
|upkeep
|turn|7
|
|t:|1780926862
|switch|p1a: Great Tusk|Great Tusk|100/100
|-damage|p1a: Great Tusk|88/100|[from] Spikes
|move|p2a: Scizor|U-turn|p1a: Great Tusk
|-resisted|p1a: Great Tusk
|-damage|p1a: Great Tusk|68/100
|-damage|p2a: Scizor|57/100|[from] item: Rocky Helmet|[of] p1a: Great Tusk
|
|t:|1780926870
|switch|p2a: Kyurem|Kyurem, shiny|100/100|[from] U-turn
|-ability|p2a: Kyurem|Pressure
|
|upkeep
|turn|8
|
|t:|1780926876
|-end|p1a: Great Tusk|Protosynthesis|[silent]
|switch|p1a: Iron Crown|Iron Crown|100/100
|-damage|p1a: Iron Crown|88/100|[from] Spikes
|move|p2a: Kyurem|Earth Power|p1a: Iron Crown
|-supereffective|p1a: Iron Crown
|-damage|p1a: Iron Crown|48/100
|
|upkeep
|turn|9
|
|t:|1780926887
|switch|p2a: Ting-Lu|Ting-Lu|97/100
|-ability|p2a: Ting-Lu|Vessel of Ruin
|move|p1a: Iron Crown|Tachyon Cutter|p2a: Ting-Lu
|-damage|p2a: Ting-Lu|85/100
|-damage|p2a: Ting-Lu|74/100
|-hitcount|p2a: Ting-Lu|2
|
|-heal|p2a: Ting-Lu|81/100|[from] item: Leftovers
|upkeep
|turn|10
|
|t:|1780926898
|-end|p1a: Iron Crown|Quark Drive|[silent]
|switch|p1a: diddy kong|Rillaboom, M|100/100
|-damage|p1a: diddy kong|88/100|[from] Spikes
|-fieldstart|move: Grassy Terrain|[from] ability: Grassy Surge|[of] p1a: diddy kong
|move|p2a: Ting-Lu|Earthquake|p1a: diddy kong
|-resisted|p1a: diddy kong
|-damage|p1a: diddy kong|79/100
|
|-heal|p1a: diddy kong|85/100|[from] Grassy Terrain
|-heal|p2a: Ting-Lu|87/100|[from] Grassy Terrain
|-heal|p2a: Ting-Lu|93/100|[from] item: Leftovers
|upkeep
|turn|11
|inactive|n5v has 120 seconds left.
|
|t:|1780926932
|switch|p2a: Scizor|Scizor, M|57/100
|move|p1a: diddy kong|Wood Hammer|p2a: Scizor
|-resisted|p2a: Scizor
|-damage|p2a: Scizor|24/100
|-damage|p1a: diddy kong|74/100|[from] Recoil
|
|-heal|p1a: diddy kong|80/100|[from] Grassy Terrain
|-heal|p2a: Scizor|30/100|[from] Grassy Terrain
|upkeep
|turn|12
|
|t:|1780926943
|switch|p2a: Moltres|Moltres|62/100
|move|p1a: diddy kong|Wood Hammer|p2a: Moltres
|-resisted|p2a: Moltres
|-damage|p2a: Moltres|42/100
|-damage|p1a: diddy kong|72/100|[from] Recoil
|
|-heal|p1a: diddy kong|78/100|[from] Grassy Terrain
|upkeep
|turn|13
|
|t:|1780926953
|switch|p1a: Great Tusk|Great Tusk|68/100
|-damage|p1a: Great Tusk|56/100|[from] Spikes
|move|p2a: Moltres|Roost|p2a: Moltres
|-heal|p2a: Moltres|92/100
|-singleturn|p2a: Moltres|move: Roost
|
|-heal|p1a: Great Tusk|62/100|[from] Grassy Terrain
|-heal|p2a: Moltres|98/100|[from] Grassy Terrain
|upkeep
|turn|14
|j| starmiez55
|
|t:|1780926966
|move|p1a: Great Tusk|Stealth Rock|p2a: Moltres
|-sidestart|p2: gongcitaihou|move: Stealth Rock
|move|p2a: Moltres|Flamethrower|p1a: Great Tusk
|-damage|p1a: Great Tusk|11/100
|-status|p1a: Great Tusk|brn
|
|-heal|p1a: Great Tusk|18/100 brn|[from] Grassy Terrain
|-damage|p1a: Great Tusk|11/100 brn|[from] brn
|-fieldend|move: Grassy Terrain
|upkeep
|turn|15
|
|t:|1780926980
|move|p1a: Great Tusk|Rapid Spin|p2a: Moltres
|-damage|p2a: Moltres|93/100
|-boost|p1a: Great Tusk|spe|1
|-sideend|p1: n5v|Spikes|[from] move: Rapid Spin|[of] p1a: Great Tusk
|move|p2a: Moltres|U-turn|p1a: Great Tusk
|-resisted|p1a: Great Tusk
|-damage|p1a: Great Tusk|7/100 brn
|-damage|p2a: Moltres|77/100|[from] item: Rocky Helmet|[of] p1a: Great Tusk
|
|t:|1780926991
|switch|p2a: Ting-Lu|Ting-Lu|93/100|[from] U-turn
|-damage|p2a: Ting-Lu|87/100|[from] Stealth Rock
|-ability|p2a: Ting-Lu|Vessel of Ruin
|
|-heal|p2a: Ting-Lu|93/100|[from] item: Leftovers
|-damage|p1a: Great Tusk|1/100 brn|[from] brn
|upkeep
|turn|16
|
|t:|1780927015
|-end|p1a: Great Tusk|Protosynthesis|[silent]
|switch|p1a: diddy kong|Rillaboom, M|78/100
|-fieldstart|move: Grassy Terrain|[from] ability: Grassy Surge|[of] p1a: diddy kong
|move|p2a: Ting-Lu|Spikes|p1a: diddy kong
|-sidestart|p1: n5v|Spikes
|
|-heal|p1a: diddy kong|84/100|[from] Grassy Terrain
|-heal|p2a: Ting-Lu|99/100|[from] Grassy Terrain
|-heal|p2a: Ting-Lu|100/100|[from] item: Leftovers
|upkeep
|turn|17
|
|t:|1780927030
|switch|p1a: goobing bolt|Raging Bolt|80/100
|-damage|p1a: goobing bolt|67/100|[from] Spikes
|switch|p2a: Scizor|Scizor, M|30/100
|-damage|p2a: Scizor|18/100|[from] Stealth Rock
|
|-heal|p1a: goobing bolt|73/100|[from] Grassy Terrain
|-heal|p2a: Scizor|24/100|[from] Grassy Terrain
|upkeep
|turn|18
|
|t:|1780927041
|switch|p2a: Ting-Lu|Ting-Lu|100/100
|-damage|p2a: Ting-Lu|94/100|[from] Stealth Rock
|-ability|p2a: Ting-Lu|Vessel of Ruin
|move|p1a: goobing bolt|Draco Meteor|p2a: Ting-Lu|[miss]
|-miss|p1a: goobing bolt|p2a: Ting-Lu
|
|-heal|p1a: goobing bolt|80/100|[from] Grassy Terrain
|-heal|p2a: Ting-Lu|100/100|[from] Grassy Terrain
|upkeep
|turn|19
|
|t:|1780927053
|-end|p1a: goobing bolt|Protosynthesis|[silent]
|switch|p1a: diddy kong|Rillaboom, M|84/100
|-damage|p1a: diddy kong|72/100|[from] Spikes
|move|p2a: Ting-Lu|Spikes|p1a: diddy kong
|-sidestart|p1: n5v|Spikes
|
|-heal|p1a: diddy kong|78/100|[from] Grassy Terrain
|upkeep
|turn|20
|l| Fat_Yogi
|j| uighuihjiok
|
|t:|1780927068
|switch|p2a: Scizor|Scizor, M|24/100
|-damage|p2a: Scizor|12/100|[from] Stealth Rock
|move|p1a: diddy kong|Wood Hammer|p2a: Scizor
|-resisted|p2a: Scizor
|-damage|p2a: Scizor|0 fnt
|faint|p2a: Scizor
|-damage|p1a: diddy kong|74/100|[from] Recoil
|
|-heal|p1a: diddy kong|81/100|[from] Grassy Terrain
|-fieldend|move: Grassy Terrain
|upkeep
|l| starmiez55
|j| michealjackkson
|
|t:|1780927086
|switch|p2a: Glimmora|Glimmora, F|100/100
|-damage|p2a: Glimmora|88/100|[from] Stealth Rock
|turn|21
|
|t:|1780927095
|switch|p1a: Great Tusk|Great Tusk|1/100 brn
|-damage|p1a: Great Tusk|0 fnt|[from] Spikes
|faint|p1a: Great Tusk
|-end|p1a: Great Tusk|Protosynthesis|[silent]
|move|p2a: Glimmora|Mortal Spin|p1: Great Tusk|[notarget]
|-fail|p2a: Glimmora
|
|-heal|p2a: Glimmora|94/100|[from] item: Leftovers
|upkeep
|
|t:|1780927100
|switch|p1a: Iron Crown|Iron Crown|48/100
|-damage|p1a: Iron Crown|31/100|[from] Spikes
|turn|22
|
|t:|1780927115
|switch|p2a: Ting-Lu|Ting-Lu|100/100
|-damage|p2a: Ting-Lu|94/100|[from] Stealth Rock
|-ability|p2a: Ting-Lu|Vessel of Ruin
|move|p1a: Iron Crown|Tachyon Cutter|p2a: Ting-Lu
|-damage|p2a: Ting-Lu|83/100
|-damage|p2a: Ting-Lu|71/100
|-hitcount|p2a: Ting-Lu|2
|
|-heal|p2a: Ting-Lu|78/100|[from] item: Leftovers
|upkeep
|turn|23
|
|t:|1780927130
|-end|p1a: Iron Crown|Quark Drive|[silent]
|switch|p1a: diddy kong|Rillaboom, M|81/100
|-damage|p1a: diddy kong|64/100|[from] Spikes
|-fieldstart|move: Grassy Terrain|[from] ability: Grassy Surge|[of] p1a: diddy kong
|move|p2a: Ting-Lu|Ruination|p1a: diddy kong
|-damage|p1a: diddy kong|32/100
|
|-heal|p1a: diddy kong|39/100|[from] Grassy Terrain
|-heal|p2a: Ting-Lu|84/100|[from] Grassy Terrain
|-heal|p2a: Ting-Lu|90/100|[from] item: Leftovers
|upkeep
|turn|24
|
|t:|1780927144
|switch|p1a: goobing bolt|Raging Bolt|80/100
|-damage|p1a: goobing bolt|63/100|[from] Spikes
|switch|p2a: Moltres|Moltres|77/100
|-damage|p2a: Moltres|27/100|[from] Stealth Rock
|
|-heal|p1a: goobing bolt|69/100|[from] Grassy Terrain
|upkeep
|turn|25
|
|t:|1780927155
|switch|p2a: Ting-Lu|Ting-Lu|90/100
|-damage|p2a: Ting-Lu|84/100|[from] Stealth Rock
|-ability|p2a: Ting-Lu|Vessel of Ruin
|move|p1a: goobing bolt|Draco Meteor|p2a: Ting-Lu
|-damage|p2a: Ting-Lu|33/100
|-unboost|p1a: goobing bolt|spa|2
|
|-heal|p1a: goobing bolt|75/100|[from] Grassy Terrain
|-heal|p2a: Ting-Lu|39/100|[from] Grassy Terrain
|-heal|p2a: Ting-Lu|45/100|[from] item: Leftovers
|upkeep
|turn|26
|
|t:|1780927175
|-end|p1a: goobing bolt|Protosynthesis|[silent]
|switch|p1a: diddy kong|Rillaboom, M|39/100
|-damage|p1a: diddy kong|22/100|[from] Spikes
|move|p2a: Ting-Lu|Whirlwind|p1a: diddy kong
|drag|p1a: galarian grandma|Slowking-Galar, F|100/100
|
|-heal|p2a: Ting-Lu|52/100|[from] Grassy Terrain
|-heal|p2a: Ting-Lu|58/100|[from] item: Leftovers
|upkeep
|turn|27
|
|t:|1780927186
|move|p2a: Ting-Lu|Spikes|p1a: galarian grandma
|-sidestart|p1: n5v|Spikes
|move|p1a: galarian grandma|Toxic|p2a: Ting-Lu
|-status|p2a: Ting-Lu|tox
|
|-heal|p2a: Ting-Lu|64/100 tox|[from] Grassy Terrain
|-heal|p2a: Ting-Lu|70/100 tox|[from] item: Leftovers
|-damage|p2a: Ting-Lu|64/100 tox|[from] psn
|-fieldend|move: Grassy Terrain
|upkeep
|turn|28
|
|t:|1780927199
|switch|p1a: diddy kong|Rillaboom, M|22/100
|-damage|p1a: diddy kong|0 fnt|[from] Spikes
|faint|p1a: diddy kong
|move|p2a: Ting-Lu|Earthquake|p1: diddy kong|[notarget]
|-fail|p2a: Ting-Lu
|
|-heal|p2a: Ting-Lu|70/100 tox|[from] item: Leftovers
|-damage|p2a: Ting-Lu|58/100 tox|[from] psn
|upkeep
|
|t:|1780927213
|switch|p1a: Enamorus|Enamorus, F|100/100
|turn|29
|
|t:|1780927226
|switch|p2a: Moltres|Moltres|27/100
|-damage|p2a: Moltres|0 fnt|[from] Stealth Rock
|faint|p2a: Moltres
|move|p1a: Enamorus|Earth Power|p2: Moltres|[notarget]
|-fail|p1a: Enamorus
|
|upkeep
|
|t:|1780927251
|switch|p2a: Glimmora|Glimmora, F|94/100
|-damage|p2a: Glimmora|82/100|[from] Stealth Rock
|turn|30
|
|t:|1780927256
|switch|p1a: goobing bolt|Raging Bolt|75/100
|-damage|p1a: goobing bolt|50/100|[from] Spikes
|-terastallize|p2a: Glimmora|Grass
|move|p2a: Glimmora|Mortal Spin|p1a: goobing bolt
|-damage|p1a: goobing bolt|45/100
|-status|p1a: goobing bolt|psn
|-sideend|p2: gongcitaihou|Stealth Rock|[from] move: Mortal Spin|[of] p2a: Glimmora
|
|-heal|p2a: Glimmora|88/100|[from] item: Leftovers
|-damage|p1a: goobing bolt|32/100 psn|[from] psn
|upkeep
|turn|31
|
|t:|1780927275
|-end|p1a: goobing bolt|Protosynthesis|[silent]
|switch|p1a: Iron Crown|Iron Crown|31/100
|-damage|p1a: Iron Crown|6/100|[from] Spikes
|move|p2a: Glimmora|Stealth Rock|p1a: Iron Crown
|-sidestart|p1: n5v|move: Stealth Rock
|
|-heal|p2a: Glimmora|94/100|[from] item: Leftovers
|upkeep
|turn|32
|
|t:|1780927283
|move|p1a: Iron Crown|Tachyon Cutter|p2a: Glimmora
|-damage|p2a: Glimmora|71/100
|-damage|p2a: Glimmora|46/100
|-hitcount|p2a: Glimmora|2
|move|p2a: Glimmora|Earth Power|p1a: Iron Crown
|-supereffective|p1a: Iron Crown
|-crit|p1a: Iron Crown
|-damage|p1a: Iron Crown|0 fnt
|faint|p1a: Iron Crown
|-end|p1a: Iron Crown|Quark Drive|[silent]
|
|-heal|p2a: Glimmora|53/100|[from] item: Leftovers
|upkeep
|
|t:|1780927293
|switch|p1a: galarian grandma|Slowking-Galar, F|100/100
|turn|33
|
|t:|1780927303
|switch|p2a: Ting-Lu|Ting-Lu|58/100 tox
|-ability|p2a: Ting-Lu|Vessel of Ruin
|move|p1a: galarian grandma|Sludge Bomb|p2a: Ting-Lu
|-resisted|p2a: Ting-Lu
|-damage|p2a: Ting-Lu|51/100 tox
|
|-heal|p2a: Ting-Lu|57/100 tox|[from] item: Leftovers
|-damage|p2a: Ting-Lu|51/100 tox|[from] psn
|upkeep
|turn|34
|
|t:|1780927315
|move|p2a: Ting-Lu|Ruination|p1a: galarian grandma
|-damage|p1a: galarian grandma|50/100
|-prepare|p1a: galarian grandma|Chilly Reception|[premajor]
|move|p1a: galarian grandma|Chilly Reception|p1a: galarian grandma
|-weather|Snowscape
|
|t:|1780927317
|switch|p1a: goobing bolt|Raging Bolt|32/100 psn|[from] Chilly Reception
|-damage|p1a: goobing bolt|8/100 psn|[from] Spikes
|-damage|p1a: goobing bolt|0 fnt|[from] Stealth Rock
|faint|p1a: goobing bolt
|-end|p1a: goobing bolt|Protosynthesis|[silent]
|
|-weather|Snowscape|[upkeep]
|-heal|p2a: Ting-Lu|57/100 tox|[from] item: Leftovers
|-damage|p2a: Ting-Lu|45/100 tox|[from] psn
|upkeep
|
|t:|1780927330
|switch|p1a: Enamorus|Enamorus, F|100/100
|-damage|p1a: Enamorus|76/100|[from] Stealth Rock
|turn|35
|
|t:|1780927337
|move|p1a: Enamorus|Moonblast|p2a: Ting-Lu
|-supereffective|p2a: Ting-Lu
|-damage|p2a: Ting-Lu|0 fnt
|faint|p2a: Ting-Lu
|
|-weather|Snowscape|[upkeep]
|upkeep
|
|t:|1780927345
|switch|p2a: Raging Bolt|Raging Bolt|100/100
|-enditem|p2a: Raging Bolt|Booster Energy
|-activate|p2a: Raging Bolt|ability: Protosynthesis|[fromitem]
|-start|p2a: Raging Bolt|protosynthesisspa
|turn|36
|
|t:|1780927351
|-terastallize|p1a: Enamorus|Ground
|move|p2a: Raging Bolt|Thunderclap|p1a: Enamorus
|-immune|p1a: Enamorus
|move|p1a: Enamorus|Moonblast|p2a: Raging Bolt
|-supereffective|p2a: Raging Bolt
|-damage|p2a: Raging Bolt|5/100
|-unboost|p2a: Raging Bolt|spa|1
|
|-weather|Snowscape|[upkeep]
|upkeep
|turn|37
|
|t:|1780927363
|move|p1a: Enamorus|Moonblast|p2a: Raging Bolt
|-supereffective|p2a: Raging Bolt
|-damage|p2a: Raging Bolt|0 fnt
|faint|p2a: Raging Bolt
|-end|p2a: Raging Bolt|Protosynthesis|[silent]
|
|-weather|Snowscape|[upkeep]
|upkeep
|
|t:|1780927370
|switch|p2a: Glimmora|Glimmora, F, tera:Grass|53/100
|turn|38
|
|t:|1780927375
|switch|p2a: Kyurem|Kyurem, shiny|100/100
|-ability|p2a: Kyurem|Pressure
|move|p1a: Enamorus|Moonblast|p2a: Kyurem
|-supereffective|p2a: Kyurem
|-damage|p2a: Kyurem|0 fnt
|faint|p2a: Kyurem
|
|-weather|none
|upkeep
|l| michealjackkson
|-message|gongcitaihou forfeited.
|
|win|n5v
|raw|n5v's rating: 1646 &rarr; <strong>1665</strong><br />(+19 for winning)
|raw|gongcitaihou's rating: 1620 &rarr; <strong>1601</strong><br />(-19 for losing)
|l|☆gongcitaihou
|player|p2|
|c|☆n5v|gg
|l|☆n5v
|player|p1|
