|j|☆ddukkes
|j|☆KurisuChestnutOU
|t:|1781137612
|gametype|singles
|player|p1|ddukkes|smasher|1630
|player|p2|KurisuChestnutOU|may-contest|1580
|gen|9
|tier|[Gen 9] OU
|rated|
|rule|HP Percentage Mod: HP is shown in percentages
|rule|Endless Battle Clause: Forcing endless battles is banned
|rule|Species Clause: Limit one of each Pokémon
|rule|OHKO Clause: OHKO moves are banned
|rule|Evasion Items Clause: Evasion items are banned
|rule|Evasion Moves Clause: Evasion moves are banned
|rule|Evasion Abilities Clause: Evasion abilities are banned
|rule|Sleep Moves Clause: Sleep-inducing moves are banned
|clearpoke
|poke|p1|Tyranitar, M|
|poke|p1|Excadrill, M|
|poke|p1|Hydrapple, F|
|poke|p1|Zapdos|
|poke|p1|Cinderace, M|
|poke|p1|Alomomola, M|
|poke|p2|Hawlucha, F|
|poke|p2|Samurott-Hisui, F|
|poke|p2|Rillaboom, F|
|poke|p2|Gholdengo|
|poke|p2|Kyurem|
|poke|p2|Landorus-Therian, M|
|teampreview
|inactive|Battle timer is ON: inactive players will automatically lose when time's up. (requested by KurisuChestnutOU)
|
|t:|1781137620
|teamsize|p1|6
|teamsize|p2|6
|start
|switch|p1a: Hydrapple|Hydrapple, F|100/100
|switch|p2a: Rillaboom|Rillaboom, F|100/100
|-fieldstart|move: Grassy Terrain|[from] ability: Grassy Surge|[of] p2a: Rillaboom
|turn|1
|
|t:|1781137630
|switch|p2a: Kyurem|Kyurem|100/100
|-ability|p2a: Kyurem|Pressure
|move|p1a: Hydrapple|Fickle Beam|p2a: Kyurem|[anim] Fickle Beam All Out
|-activate|p1a: Hydrapple|move: Fickle Beam
|-supereffective|p2a: Kyurem
|-damage|p2a: Kyurem|25/100
|
|-heal|p2a: Kyurem|31/100|[from] Grassy Terrain
|upkeep
|turn|2
|
|t:|1781137648
|switch|p1a: Tyranitar|Tyranitar, M, shiny|100/100
|-weather|Sandstorm|[from] ability: Sand Stream|[of] p1a: Tyranitar
|-terastallize|p2a: Kyurem|Poison
|move|p2a: Kyurem|Earth Power|p1a: Tyranitar
|-supereffective|p1a: Tyranitar
|-damage|p1a: Tyranitar|71/100
|
|-weather|Sandstorm|[upkeep]
|-damage|p2a: Kyurem|25/100|[from] Sandstorm
|-heal|p2a: Kyurem|31/100|[from] Grassy Terrain
|-heal|p1a: Tyranitar|77/100|[from] Grassy Terrain
|upkeep
|turn|3
|
|t:|1781137661
|move|p2a: Kyurem|Focus Blast|p1a: Tyranitar
|-supereffective|p1a: Tyranitar
|-damage|p1a: Tyranitar|0 fnt
|faint|p1a: Tyranitar
|
|-weather|Sandstorm|[upkeep]
|-damage|p2a: Kyurem|25/100|[from] Sandstorm
|-heal|p2a: Kyurem|31/100|[from] Grassy Terrain
|upkeep
|
|t:|1781137668
|switch|p1a: Cinderace|Cinderace, M|100/100
|turn|4
|
|t:|1781137674
|switch|p2a: Landorus|Landorus-Therian, M|100/100
|-ability|p2a: Landorus|Intimidate|boost
|-unboost|p1a: Cinderace|atk|1
|move|p1a: Cinderace|Pyro Ball|p2a: Landorus
|-damage|p2a: Landorus|61/100
|
|-weather|Sandstorm|[upkeep]
|-damage|p1a: Cinderace|95/100|[from] Sandstorm
|-heal|p1a: Cinderace|100/100|[from] Grassy Terrain
|upkeep
|turn|5
|
|t:|1781137689
|move|p1a: Cinderace|U-turn|p2a: Landorus
|-start|p1a: Cinderace|typechange|Bug|[from] ability: Libero
|-resisted|p2a: Landorus
|-damage|p2a: Landorus|50/100
|-damage|p1a: Cinderace|84/100|[from] item: Rocky Helmet|[of] p2a: Landorus
|
|t:|1781137694
|switch|p1a: Hydrapple|Hydrapple, F|100/100|[from] U-turn
|move|p2a: Landorus|Earth Power|p1a: Hydrapple
|-resisted|p1a: Hydrapple
|-damage|p1a: Hydrapple|85/100
|
|-weather|Sandstorm|[upkeep]
|-damage|p1a: Hydrapple|79/100|[from] Sandstorm
|-heal|p1a: Hydrapple|85/100|[from] Grassy Terrain
|-fieldend|move: Grassy Terrain
|upkeep
|turn|6
|
|t:|1781137703
|move|p2a: Landorus|U-turn|p1a: Hydrapple
|-supereffective|p1a: Hydrapple
|-damage|p1a: Hydrapple|64/100
|-damage|p2a: Landorus|33/100|[from] item: Rocky Helmet|[of] p1a: Hydrapple
|
|t:|1781137708
|switch|p2a: Hawlucha|Hawlucha, F|100/100|[from] U-turn
|move|p1a: Hydrapple|Fickle Beam|p2a: Hawlucha
|-damage|p2a: Hawlucha|53/100
|
|-weather|none
|upkeep
|turn|7
|
|t:|1781137715
|switch|p2a: Kyurem|Kyurem, tera:Poison|31/100
|-ability|p2a: Kyurem|Pressure
|move|p1a: Hydrapple|Fickle Beam|p2a: Kyurem
|-damage|p2a: Kyurem|9/100
|
|upkeep
|turn|8
|
|t:|1781137729
|-terastallize|p1a: Hydrapple|Fairy
|move|p2a: Kyurem|Freeze-Dry|p1a: Hydrapple
|-damage|p1a: Hydrapple|25/100
|move|p1a: Hydrapple|Fickle Beam|p2a: Kyurem
|-damage|p2a: Kyurem|0 fnt
|faint|p2a: Kyurem
|
|upkeep
|
|t:|1781137737
|switch|p2a: Rillaboom|Rillaboom, F|100/100
|-fieldstart|move: Grassy Terrain|[from] ability: Grassy Surge|[of] p2a: Rillaboom
|turn|9
|
|t:|1781137744
|switch|p1a: Alomomola|Alomomola, M|100/100
|move|p2a: Rillaboom|Wood Hammer|p1a: Alomomola
|-supereffective|p1a: Alomomola
|-damage|p1a: Alomomola|9/100
|-damage|p2a: Rillaboom|57/100|[from] Recoil
|
|-heal|p2a: Rillaboom|63/100|[from] Grassy Terrain
|-heal|p1a: Alomomola|15/100|[from] Grassy Terrain
|upkeep
|turn|10
|
|t:|1781137753
|move|p2a: Rillaboom|Knock Off|p1a: Alomomola
|-damage|p1a: Alomomola|0 fnt
|-enditem|p1a: Alomomola|Heavy-Duty Boots|[from] move: Knock Off|[of] p2a: Rillaboom
|faint|p1a: Alomomola
|
|-heal|p2a: Rillaboom|69/100|[from] Grassy Terrain
|upkeep
|
|t:|1781137759
|switch|p1a: Cinderace|Cinderace, M|84/100
|turn|11
|
|t:|1781137763
|switch|p2a: Samurott|Samurott-Hisui, F|100/100
|move|p1a: Cinderace|Pyro Ball|p2a: Samurott
|-resisted|p2a: Samurott
|-damage|p2a: Samurott|69/100
|-status|p2a: Samurott|brn
|
|-heal|p1a: Cinderace|90/100|[from] Grassy Terrain
|-heal|p2a: Samurott|75/100 brn|[from] Grassy Terrain
|-damage|p2a: Samurott|69/100 brn|[from] brn
|upkeep
|turn|12
|
|t:|1781137772
|switch|p2a: Gholdengo|Gholdengo|100/100
|move|p1a: Cinderace|U-turn|p2a: Gholdengo
|-start|p1a: Cinderace|typechange|Bug|[from] ability: Libero
|-resisted|p2a: Gholdengo
|-damage|p2a: Gholdengo|91/100
|
|t:|1781137779
|switch|p1a: Zapdos|Zapdos, shiny|100/100|[from] U-turn
|
|-heal|p2a: Gholdengo|97/100|[from] Grassy Terrain
|upkeep
|turn|13
|
|t:|1781137785
|switch|p2a: Landorus|Landorus-Therian, M|33/100
|-ability|p2a: Landorus|Intimidate|boost
|-unboost|p1a: Zapdos|atk|1
|move|p1a: Zapdos|Heat Wave|p2a: Landorus
|-damage|p2a: Landorus|0 fnt
|faint|p2a: Landorus
|
|-fieldend|move: Grassy Terrain
|upkeep
|
|t:|1781137790
|switch|p2a: Samurott|Samurott-Hisui, F|69/100 brn
|turn|14
|
|t:|1781137796
|move|p1a: Zapdos|Volt Switch|p2a: Samurott
|-supereffective|p2a: Samurott
|-damage|p2a: Samurott|22/100 brn
|
|t:|1781137801
|switch|p1a: Hydrapple|Hydrapple, F, tera:Fairy|59/100|[from] Volt Switch
|move|p2a: Samurott|Flip Turn|p1a: Hydrapple
|-crit|p1a: Hydrapple
|-damage|p1a: Hydrapple|48/100
|-damage|p2a: Samurott|5/100 brn|[from] item: Rocky Helmet|[of] p1a: Hydrapple
|
|t:|1781137806
|switch|p2a: Gholdengo|Gholdengo|97/100|[from] Flip Turn
|
|upkeep
|turn|15
|
|t:|1781137815
|switch|p1a: Cinderace|Cinderace, M|90/100
|move|p2a: Gholdengo|Shadow Ball|p1a: Cinderace
|-damage|p1a: Cinderace|31/100
|
|upkeep
|turn|16
|
|t:|1781137821
|move|p2a: Gholdengo|Shadow Ball|p1a: Cinderace
|-damage|p1a: Cinderace|0 fnt
|faint|p1a: Cinderace
|
|upkeep
|
|t:|1781137827
|switch|p1a: Excadrill|Excadrill, M, shiny|100/100
|turn|17
|
|t:|1781137834
|switch|p2a: Rillaboom|Rillaboom, F|69/100
|-fieldstart|move: Grassy Terrain|[from] ability: Grassy Surge|[of] p2a: Rillaboom
|move|p1a: Excadrill|Earthquake|p2a: Rillaboom
|-resisted|p2a: Rillaboom
|-damage|p2a: Rillaboom|54/100
|
|-heal|p2a: Rillaboom|60/100|[from] Grassy Terrain
|upkeep
|turn|18
|
|t:|1781137850
|switch|p1a: Hydrapple|Hydrapple, F, tera:Fairy|82/100
|move|p2a: Rillaboom|Swords Dance|p2a: Rillaboom
|-boost|p2a: Rillaboom|atk|2
|
|-heal|p2a: Rillaboom|66/100|[from] Grassy Terrain
|-heal|p1a: Hydrapple|88/100|[from] Grassy Terrain
|upkeep
|turn|19
|
|t:|1781137869
|move|p2a: Rillaboom|Wood Hammer|p1a: Hydrapple
|-damage|p1a: Hydrapple|0 fnt
|-damage|p2a: Rillaboom|50/100|[from] item: Rocky Helmet|[of] p1a: Hydrapple
|faint|p1a: Hydrapple
|-damage|p2a: Rillaboom|18/100|[from] Recoil
|
|-heal|p2a: Rillaboom|24/100|[from] Grassy Terrain
|upkeep
|
|t:|1781137882
|switch|p1a: Zapdos|Zapdos, shiny|100/100
|turn|20
|
|t:|1781137891
|move|p2a: Rillaboom|Grassy Glide|p1a: Zapdos
|-resisted|p1a: Zapdos
|-damage|p1a: Zapdos|62/100
|move|p1a: Zapdos|Heat Wave|p2a: Rillaboom
|-supereffective|p2a: Rillaboom
|-damage|p2a: Rillaboom|0 fnt
|faint|p2a: Rillaboom
|
|upkeep
|
|t:|1781137897
|switch|p2a: Gholdengo|Gholdengo|97/100
|turn|21
|
|t:|1781137903
|move|p2a: Gholdengo|Shadow Ball|p1a: Zapdos
|-damage|p1a: Zapdos|19/100
|move|p1a: Zapdos|Heat Wave|p2a: Gholdengo
|-supereffective|p2a: Gholdengo
|-damage|p2a: Gholdengo|15/100
|
|-heal|p2a: Gholdengo|21/100|[from] Grassy Terrain
|-fieldend|move: Grassy Terrain
|upkeep
|turn|22
|
|t:|1781137911
|switch|p1a: Excadrill|Excadrill, M, shiny|100/100
|move|p2a: Gholdengo|Shadow Ball|p1a: Excadrill
|-damage|p1a: Excadrill|45/100
|
|-heal|p1a: Excadrill|51/100|[from] item: Leftovers
|upkeep
|turn|23
|
|t:|1781137920
|move|p2a: Gholdengo|Shadow Ball|p1a: Excadrill
|-damage|p1a: Excadrill|0 fnt
|faint|p1a: Excadrill
|
|upkeep
|-message|ddukkes forfeited.
|
|win|KurisuChestnutOU
|raw|ddukkes's rating: 1630 &rarr; <strong>1608</strong><br />(-22 for losing)
|raw|KurisuChestnutOU's rating: 1600 &rarr; <strong>1622</strong><br />(+22 for winning)
|l|☆ddukkes
|player|p1|
