|j|☆hotnips
|j|☆blueisnoob
|t:|1781245954
|gametype|singles
|player|p1|hotnips|bruno|1650
|player|p2|blueisnoob|101|1638
|gen|9
|tier|[Gen 9] OU
|rated|
|rule|HP Percentage Mod: HP is shown in percentages
|rule|Endless Battle Clause: Forcing endless battles is banned
|rule|Species Clause: Limit one of each Pokémon
|rule|OHKO Clause: OHKO moves are banned
|rule|Evasion Items Clause: Evasion items are banned
|rule|Evasion Moves Clause: Evasion moves are banned
|rule|Evasion Abilities Clause: Evasion abilities are banned
|rule|Sleep Moves Clause: Sleep-inducing moves are banned
|clearpoke
|poke|p1|Great Tusk|
|poke|p1|Slowking-Galar, M|
|poke|p1|Corviknight, F|
|poke|p1|Clefable, F|
|poke|p1|Samurott-Hisui, M|
|poke|p1|Dragapult, F|
|poke|p2|Zamazenta-*|
|poke|p2|Ogerpon-Wellspring, F|
|poke|p2|Slowking-Galar, M|
|poke|p2|Great Tusk|
|poke|p2|Kingambit, M|
|poke|p2|Zapdos|
|teampreview
|inactive|Battle timer is ON: inactive players will automatically lose when time's up. (requested by hotnips)
|j| lord shiddenfards
|
|t:|1781245973
|teamsize|p1|6
|teamsize|p2|6
|start
|switch|p1a: Corviknight|Corviknight, F|100/100
|switch|p2a: Zapdos|Zapdos|100/100
|-ability|p1a: Corviknight|Pressure
|turn|1
|
|t:|1781245978
|switch|p1a: Slowking|Slowking-Galar, M|100/100
|move|p2a: Zapdos|Thunder Wave|p1a: Slowking
|-status|p1a: Slowking|par
|
|upkeep
|turn|2
|
|t:|1781245989
|move|p2a: Zapdos|Volt Switch|p1a: Slowking
|-damage|p1a: Slowking|85/100 par
|
|t:|1781245991
|switch|p2a: Kingambit|Kingambit, M|100/100|[from] Volt Switch
|move|p1a: Slowking|Psyshock|p2a: Kingambit
|-immune|p2a: Kingambit
|
|upkeep
|turn|3
|
|t:|1781245996
|move|p2a: Kingambit|Low Kick|p1a: Slowking
|-resisted|p1a: Slowking
|-damage|p1a: Slowking|77/100 par
|move|p1a: Slowking|Flamethrower|p2a: Kingambit
|-supereffective|p2a: Kingambit
|-damage|p2a: Kingambit|47/100
|-status|p2a: Kingambit|brn
|
|-heal|p2a: Kingambit|53/100 brn|[from] item: Leftovers
|-damage|p2a: Kingambit|47/100 brn|[from] brn
|upkeep
|turn|4
|
|t:|1781246011
|switch|p1a: Corviknight|Corviknight, F|100/100
|-ability|p1a: Corviknight|Pressure
|move|p2a: Kingambit|Low Kick|p1a: Corviknight
|-damage|p1a: Corviknight|90/100
|-damage|p2a: Kingambit|31/100 brn|[from] item: Rocky Helmet|[of] p1a: Corviknight
|
|-heal|p2a: Kingambit|37/100 brn|[from] item: Leftovers
|-damage|p2a: Kingambit|31/100 brn|[from] brn
|upkeep
|turn|5
|
|t:|1781246015
|-end|p2a: Kingambit|fallenundefined|[silent]
|switch|p2a: Zapdos|Zapdos|100/100
|move|p1a: Corviknight|U-turn|p2a: Zapdos
|-resisted|p2a: Zapdos
|-damage|p2a: Zapdos|95/100
|
|t:|1781246018
|switch|p1a: Clefable|Clefable, F|100/100|[from] U-turn
|
|upkeep
|turn|6
|
|t:|1781246023
|move|p2a: Zapdos|Thunder Wave|p1a: Clefable
|-status|p1a: Clefable|par
|move|p1a: Clefable|Stealth Rock|p2a: Zapdos
|-sidestart|p2: blueisnoob|move: Stealth Rock
|
|upkeep
|turn|7
|
|t:|1781246026
|move|p2a: Zapdos|Hurricane|p1a: Clefable
|-damage|p1a: Clefable|58/100 par
|cant|p1a: Clefable|par
|
|-heal|p1a: Clefable|64/100 par|[from] item: Leftovers
|upkeep
|turn|8
|
|t:|1781246030
|switch|p1a: Slowking|Slowking-Galar, M|100/100 par
|move|p2a: Zapdos|Hurricane|p1a: Slowking
|-damage|p1a: Slowking|78/100 par
|
|upkeep
|turn|9
|
|t:|1781246032
|move|p2a: Zapdos|Hurricane|p1a: Slowking
|-damage|p1a: Slowking|56/100 par
|move|p1a: Slowking|Sludge Bomb|p2a: Zapdos
|-damage|p2a: Zapdos|52/100
|
|upkeep
|turn|10
|
|t:|1781246036
|move|p2a: Zapdos|Hurricane|p1a: Slowking
|-damage|p1a: Slowking|34/100 par
|move|p1a: Slowking|Sludge Bomb|p2a: Zapdos
|-damage|p2a: Zapdos|12/100
|
|upkeep
|turn|11
|
|t:|1781246042
|move|p2a: Zapdos|Volt Switch|p1a: Slowking
|-damage|p1a: Slowking|19/100 par
|
|t:|1781246044
|switch|p2a: Kingambit|Kingambit, M|31/100 brn|[from] Volt Switch
|-damage|p2a: Kingambit|25/100 brn|[from] Stealth Rock
|move|p1a: Slowking|Sludge Bomb|p2a: Kingambit
|-immune|p2a: Kingambit
|
|-heal|p2a: Kingambit|31/100 brn|[from] item: Leftovers
|-damage|p2a: Kingambit|25/100 brn|[from] brn
|upkeep
|turn|12
|
|t:|1781246051
|switch|p1a: Corviknight|Corviknight, F|90/100
|-ability|p1a: Corviknight|Pressure
|move|p2a: Kingambit|Kowtow Cleave|p1a: Corviknight
|-damage|p1a: Corviknight|75/100
|-damage|p2a: Kingambit|8/100 brn|[from] item: Rocky Helmet|[of] p1a: Corviknight
|
|-heal|p2a: Kingambit|14/100 brn|[from] item: Leftovers
|-damage|p2a: Kingambit|8/100 brn|[from] brn
|upkeep
|turn|13
|
|t:|1781246056
|move|p1a: Corviknight|Roost|p1a: Corviknight
|-heal|p1a: Corviknight|100/100
|-singleturn|p1a: Corviknight|move: Roost
|move|p2a: Kingambit|Kowtow Cleave|p1a: Corviknight
|-damage|p1a: Corviknight|84/100
|-damage|p2a: Kingambit|0 fnt|[from] item: Rocky Helmet|[of] p1a: Corviknight
|faint|p2a: Kingambit
|-end|p2a: Kingambit|fallenundefined|[silent]
|
|upkeep
|
|t:|1781246058
|switch|p2a: Zapdos|Zapdos|12/100
|turn|14
|
|t:|1781246064
|switch|p1a: Slowking|Slowking-Galar, M|52/100 par
|move|p2a: Zapdos|Roost|p2a: Zapdos
|-heal|p2a: Zapdos|62/100
|-singleturn|p2a: Zapdos|move: Roost
|
|upkeep
|turn|15
|
|t:|1781246066
|move|p2a: Zapdos|Volt Switch|p1a: Slowking
|-damage|p1a: Slowking|37/100 par
|
|t:|1781246068
|switch|p2a: Slowking|Slowking-Galar, M|100/100|[from] Volt Switch
|-damage|p2a: Slowking|88/100|[from] Stealth Rock
|move|p1a: Slowking|Sludge Bomb|p2a: Slowking
|-resisted|p2a: Slowking
|-damage|p2a: Slowking|78/100
|
|upkeep
|turn|16
|j| yuureisuisei
|
|t:|1781246072
|switch|p1a: Great Tusk|Great Tusk|100/100
|move|p2a: Slowking|Flamethrower|p1a: Great Tusk
|-damage|p1a: Great Tusk|52/100
|
|upkeep
|turn|17
|
|t:|1781246077
|-terastallize|p2a: Slowking|Water
|move|p1a: Great Tusk|Ice Spinner|p2a: Slowking
|-resisted|p2a: Slowking
|-damage|p2a: Slowking|63/100
|move|p2a: Slowking|Ice Beam|p1a: Great Tusk
|-supereffective|p1a: Great Tusk
|-damage|p1a: Great Tusk|0 fnt
|faint|p1a: Great Tusk
|-end|p1a: Great Tusk|Protosynthesis|[silent]
|
|upkeep
|
|t:|1781246080
|switch|p1a: Dragapult|Dragapult, F|100/100
|turn|18
|
|t:|1781246088
|move|p1a: Dragapult|Thunderbolt|p2a: Slowking
|-supereffective|p2a: Slowking
|-damage|p2a: Slowking|26/100
|move|p2a: Slowking|Ice Beam|p1a: Dragapult
|-supereffective|p1a: Dragapult
|-damage|p1a: Dragapult|22/100
|
|upkeep
|turn|19
|
|t:|1781246100
|switch|p2a: Great Tusk|Great Tusk, shiny|100/100
|move|p1a: Dragapult|Thunderbolt|p2a: Great Tusk
|-immune|p2a: Great Tusk
|
|upkeep
|turn|20
|
|t:|1781246103
|switch|p1a: Corviknight|Corviknight, F|84/100
|-ability|p1a: Corviknight|Pressure
|move|p2a: Great Tusk|Stealth Rock|p1a: Corviknight
|-sidestart|p1: hotnips|move: Stealth Rock
|
|upkeep
|turn|21
|
|t:|1781246106
|-end|p2a: Great Tusk|Protosynthesis|[silent]
|switch|p2a: Zapdos|Zapdos|62/100
|move|p1a: Corviknight|U-turn|p2a: Zapdos
|-resisted|p2a: Zapdos
|-damage|p2a: Zapdos|56/100
|
|t:|1781246116
|switch|p1a: Dragapult|Dragapult, F|22/100|[from] U-turn
|-damage|p1a: Dragapult|9/100|[from] Stealth Rock
|
|upkeep
|turn|22
|
|t:|1781246128
|switch|p2a: Slowking|Slowking-Galar, M, tera:Water|59/100
|-damage|p2a: Slowking|47/100|[from] Stealth Rock
|move|p1a: Dragapult|Draco Meteor|p2a: Slowking|[miss]
|-miss|p1a: Dragapult|p2a: Slowking
|
|upkeep
|turn|23
|j| euphoricpoptarts
|
|t:|1781246144
|move|p1a: Dragapult|Draco Meteor|p2a: Slowking
|-damage|p2a: Slowking|6/100
|-unboost|p1a: Dragapult|spa|2
|move|p2a: Slowking|Ice Beam|p1a: Dragapult
|-supereffective|p1a: Dragapult
|-damage|p1a: Dragapult|0 fnt
|faint|p1a: Dragapult
|
|upkeep
|
|t:|1781246151
|switch|p1a: Samurott|Samurott-Hisui, M|100/100
|turn|24
|
|t:|1781246154
|switch|p2a: Zapdos|Zapdos|56/100
|move|p1a: Samurott|Ceaseless Edge|p2a: Zapdos
|-damage|p2a: Zapdos|26/100
|-sidestart|p2: blueisnoob|Spikes
|
|upkeep
|turn|25
|
|t:|1781246158
|move|p1a: Samurott|Aqua Cutter|p2a: Zapdos
|-damage|p2a: Zapdos|0 fnt
|faint|p2a: Zapdos
|
|upkeep
|
|t:|1781246161
|switch|p2a: Ogerpon|Ogerpon-Wellspring, F|100/100
|-damage|p2a: Ogerpon|88/100|[from] Stealth Rock
|-damage|p2a: Ogerpon|76/100|[from] Spikes
|turn|26
|
|t:|1781246164
|move|p2a: Ogerpon|Power Whip|p1a: Samurott
|-supereffective|p1a: Samurott
|-damage|p1a: Samurott|0 fnt
|faint|p1a: Samurott
|
|upkeep
|
|t:|1781246167
|switch|p1a: Corviknight|Corviknight, F|84/100
|-damage|p1a: Corviknight|72/100|[from] Stealth Rock
|-ability|p1a: Corviknight|Pressure
|turn|27
|
|t:|1781246170
|move|p2a: Ogerpon|Ivy Cudgel|p1a: Corviknight|[anim] Ivy Cudgel Water
|-damage|p1a: Corviknight|40/100
|move|p1a: Corviknight|U-turn|p2a: Ogerpon
|-supereffective|p2a: Ogerpon
|-damage|p2a: Ogerpon|37/100
|
|t:|1781246174
|switch|p1a: Slowking|Slowking-Galar, M|71/100 par|[from] U-turn
|-damage|p1a: Slowking|58/100 par|[from] Stealth Rock
|
|upkeep
|turn|28
|
|t:|1781246180
|move|p2a: Ogerpon|Knock Off|p1a: Slowking
|-supereffective|p1a: Slowking
|-damage|p1a: Slowking|0 fnt
|-enditem|p1a: Slowking|Assault Vest|[from] move: Knock Off|[of] p2a: Ogerpon
|faint|p1a: Slowking
|
|upkeep
|
|t:|1781246181
|switch|p1a: Corviknight|Corviknight, F|40/100
|-damage|p1a: Corviknight|27/100|[from] Stealth Rock
|-ability|p1a: Corviknight|Pressure
|turn|29
|-message|hotnips forfeited.
|
|win|blueisnoob
|raw|hotnips's rating: 1650 &rarr; <strong>1629</strong><br />(-21 for losing)
|raw|blueisnoob's rating: 1638 &rarr; <strong>1659</strong><br />(+21 for winning)
|l|☆hotnips
|player|p1|
|l| euphoricpoptarts
|l| lord shiddenfards
|l| yuureisuisei
