|j|☆kennojex
|j|☆101Darmanitans
|t:|1781150600
|gametype|singles
|player|p1|kennojex|lucas|1561
|player|p2|101Darmanitans|roxie|1616
|gen|9
|tier|[Gen 9] OU
|rated|
|rule|HP Percentage Mod: HP is shown in percentages
|rule|Endless Battle Clause: Forcing endless battles is banned
|rule|Species Clause: Limit one of each Pokémon
|rule|OHKO Clause: OHKO moves are banned
|rule|Evasion Items Clause: Evasion items are banned
|rule|Evasion Moves Clause: Evasion moves are banned
|rule|Evasion Abilities Clause: Evasion abilities are banned
|rule|Sleep Moves Clause: Sleep-inducing moves are banned
|clearpoke
|poke|p1|Grimmsnarl, M|
|poke|p1|Garganacl, F|
|poke|p1|Manaphy|
|poke|p1|Latias, F|
|poke|p1|Corviknight, F|
|poke|p1|Iron Moth|
|poke|p2|Rillaboom, F|
|poke|p2|Hawlucha, M|
|poke|p2|Dragapult, F|
|poke|p2|Samurott-Hisui, M|
|poke|p2|Glimmora, F|
|poke|p2|Ogerpon-Wellspring, F|
|teampreview
|
|t:|1781150622
|teamsize|p1|6
|teamsize|p2|6
|start
|switch|p1a: Grimmsnarl|Grimmsnarl, M|100/100
|switch|p2a: Glimmora|Glimmora, F|100/100
|turn|1
|
|t:|1781150640
|move|p1a: Grimmsnarl|Light Screen|p1a: Grimmsnarl
|-sidestart|p1: kennojex|move: Light Screen
|move|p2a: Glimmora|Stealth Rock|p1a: Grimmsnarl
|-sidestart|p1: kennojex|move: Stealth Rock
|
|upkeep
|turn|2
|
|t:|1781150643
|move|p1a: Grimmsnarl|Reflect|p1a: Grimmsnarl
|-sidestart|p1: kennojex|Reflect
|move|p2a: Glimmora|Mortal Spin|p1a: Grimmsnarl
|-supereffective|p1a: Grimmsnarl
|-damage|p1a: Grimmsnarl|93/100
|-status|p1a: Grimmsnarl|psn
|
|-damage|p1a: Grimmsnarl|81/100 psn|[from] psn
|upkeep
|turn|3
|
|t:|1781150659
|move|p1a: Grimmsnarl|Parting Shot|p2a: Glimmora
|-unboost|p2a: Glimmora|atk|1
|-unboost|p2a: Glimmora|spa|1
|
|t:|1781150671
|switch|p1a: Corviknight|Corviknight, F, shiny|100/100|[from] Parting Shot
|-damage|p1a: Corviknight|88/100|[from] Stealth Rock
|move|p2a: Glimmora|Earth Power|p1a: Corviknight
|-immune|p1a: Corviknight
|
|-heal|p1a: Corviknight|94/100|[from] item: Leftovers
|upkeep
|turn|4
|
|t:|1781150694
|move|p2a: Glimmora|Meteor Beam||[still]
|-prepare|p2a: Glimmora|Meteor Beam
|-boost|p2a: Glimmora|spa|1
|-enditem|p2a: Glimmora|Power Herb
|-anim|p2a: Glimmora|Meteor Beam|p1a: Corviknight
|-damage|p1a: Corviknight|72/100
|move|p1a: Corviknight|Agility|p1a: Corviknight
|-boost|p1a: Corviknight|spe|2
|
|-heal|p1a: Corviknight|79/100|[from] item: Leftovers
|upkeep
|turn|5
|
|t:|1781150702
|move|p1a: Corviknight|Agility|p1a: Corviknight
|-boost|p1a: Corviknight|spe|2
|move|p2a: Glimmora|Meteor Beam||[still]
|-prepare|p2a: Glimmora|Meteor Beam
|-boost|p2a: Glimmora|spa|1
|
|-heal|p1a: Corviknight|85/100|[from] item: Leftovers
|upkeep
|turn|6
|
|t:|1781150707
|move|p1a: Corviknight|Iron Defense|p1a: Corviknight
|-boost|p1a: Corviknight|def|2
|move|p2a: Glimmora|Meteor Beam|p1a: Corviknight|[from] lockedmove
|-damage|p1a: Corviknight|51/100
|
|-heal|p1a: Corviknight|57/100|[from] item: Leftovers
|upkeep
|turn|7
|
|t:|1781150714
|move|p1a: Corviknight|Iron Defense|p1a: Corviknight
|-boost|p1a: Corviknight|def|2
|move|p2a: Glimmora|Meteor Beam||[still]
|-prepare|p2a: Glimmora|Meteor Beam
|-boost|p2a: Glimmora|spa|1
|
|-heal|p1a: Corviknight|63/100|[from] item: Leftovers
|upkeep
|turn|8
|
|t:|1781150723
|move|p1a: Corviknight|Agility|p1a: Corviknight
|-boost|p1a: Corviknight|spe|2
|move|p2a: Glimmora|Meteor Beam|p1a: Corviknight|[from] lockedmove
|-damage|p1a: Corviknight|24/100
|
|-heal|p1a: Corviknight|30/100|[from] item: Leftovers
|-sideend|p1: kennojex|move: Light Screen
|upkeep
|turn|9
|
|t:|1781150728
|move|p1a: Corviknight|Power Trip|p2a: Glimmora
|-crit|p2a: Glimmora
|-damage|p2a: Glimmora|22/100
|-activate|p2a: Glimmora|ability: Toxic Debris
|-sidestart|p1: kennojex|move: Toxic Spikes
|move|p2a: Glimmora|Earth Power|p1a: Corviknight
|-immune|p1a: Corviknight
|
|-heal|p1a: Corviknight|37/100|[from] item: Leftovers
|-sideend|p1: kennojex|Reflect
|upkeep
|turn|10
|
|t:|1781150738
|move|p1a: Corviknight|Iron Defense|p1a: Corviknight
|-boost|p1a: Corviknight|def|2
|move|p2a: Glimmora|Meteor Beam||[still]
|-prepare|p2a: Glimmora|Meteor Beam
|-boost|p2a: Glimmora|spa|1
|
|-heal|p1a: Corviknight|43/100|[from] item: Leftovers
|upkeep
|turn|11
|
|t:|1781150742
|move|p1a: Corviknight|Roost|p1a: Corviknight
|-heal|p1a: Corviknight|93/100
|-singleturn|p1a: Corviknight|move: Roost
|move|p2a: Glimmora|Meteor Beam|p1a: Corviknight|[from] lockedmove
|-resisted|p1a: Corviknight
|-damage|p1a: Corviknight|43/100
|
|-heal|p1a: Corviknight|50/100|[from] item: Leftovers
|upkeep
|turn|12
|
|t:|1781150752
|move|p1a: Corviknight|Roost|p1a: Corviknight
|-heal|p1a: Corviknight|99/100
|-singleturn|p1a: Corviknight|move: Roost
|move|p2a: Glimmora|Earth Power|p1a: Corviknight
|-supereffective|p1a: Corviknight
|-damage|p1a: Corviknight|2/100
|
|-heal|p1a: Corviknight|8/100|[from] item: Leftovers
|upkeep
|turn|13
|
|t:|1781150761
|move|p1a: Corviknight|Agility|p1a: Corviknight
|-boost|p1a: Corviknight|spe|0
|move|p2a: Glimmora|Earth Power|p1a: Corviknight
|-immune|p1a: Corviknight
|
|-heal|p1a: Corviknight|14/100|[from] item: Leftovers
|upkeep
|turn|14
|
|t:|1781150776
|move|p1a: Corviknight|Agility|p1a: Corviknight
|-boost|p1a: Corviknight|spe|0
|move|p2a: Glimmora|Earth Power|p1a: Corviknight
|-immune|p1a: Corviknight
|
|-heal|p1a: Corviknight|20/100|[from] item: Leftovers
|upkeep
|turn|15
|
|t:|1781150784
|switch|p2a: Samurott|Samurott-Hisui, M|100/100
|move|p1a: Corviknight|Iron Defense|p1a: Corviknight
|-boost|p1a: Corviknight|def|0
|
|-heal|p1a: Corviknight|27/100|[from] item: Leftovers
|upkeep
|turn|16
|
|t:|1781150795
|-terastallize|p2a: Samurott|Dark
|move|p1a: Corviknight|Roost|p1a: Corviknight
|-heal|p1a: Corviknight|77/100
|-singleturn|p1a: Corviknight|move: Roost
|move|p2a: Samurott|Knock Off|p1a: Corviknight
|-damage|p1a: Corviknight|60/100
|-enditem|p1a: Corviknight|Leftovers|[from] move: Knock Off|[of] p2a: Samurott
|
|upkeep
|turn|17
|
|t:|1781150801
|move|p1a: Corviknight|Power Trip|p2a: Samurott
|-resisted|p2a: Samurott
|-damage|p2a: Samurott|67/100
|move|p2a: Samurott|Razor Shell|p1a: Corviknight
|-damage|p1a: Corviknight|49/100
|-ability|p1a: Corviknight|Mirror Armor
|-unboost|p2a: Samurott|def|1
|
|upkeep
|turn|18
|
|t:|1781150810
|move|p1a: Corviknight|Roost|p1a: Corviknight
|-heal|p1a: Corviknight|99/100
|-singleturn|p1a: Corviknight|move: Roost
|move|p2a: Samurott|Ceaseless Edge|p1a: Corviknight
|-damage|p1a: Corviknight|82/100
|-sidestart|p1: kennojex|Spikes
|
|upkeep
|turn|19
|
|t:|1781150814
|move|p1a: Corviknight|Power Trip|p2a: Samurott
|-resisted|p2a: Samurott
|-damage|p2a: Samurott|15/100
|move|p2a: Samurott|Ceaseless Edge|p1a: Corviknight
|-damage|p1a: Corviknight|66/100
|-sidestart|p1: kennojex|Spikes
|
|upkeep
|turn|20
|-message|101Darmanitans forfeited.
|
|win|kennojex
|raw|kennojex's rating: 1561 &rarr; <strong>1584</strong><br />(+23 for winning)
|raw|101Darmanitans's rating: 1616 &rarr; <strong>1593</strong><br />(-23 for losing)
|l|☆101Darmanitans
|player|p2|
|l|☆kennojex
|player|p1|
