|badge|p2|bronze|gen9randombattle|100-9
|badge|p2|bronze|gen9ubers|100-9
|uhtml|medal-msg|<div class="broadcast-blue">Curious what those medals under the avatar are? PS now has Ladder Seasons! For more information, check out the <a href="https://www.smogon.com/forums/threads/3740067/">thread on Smogon.</a></div>
|j|☆yesterdaymister
|j|☆oddishlover4
|t:|1781291167
|gametype|singles
|player|p1|yesterdaymister|striker|1682
|player|p2|oddishlover4|acetrainerf|1809
|gen|9
|tier|[Gen 9] OU
|rated|
|rule|HP Percentage Mod: HP is shown in percentages
|rule|Endless Battle Clause: Forcing endless battles is banned
|rule|Species Clause: Limit one of each Pokémon
|rule|OHKO Clause: OHKO moves are banned
|rule|Evasion Items Clause: Evasion items are banned
|rule|Evasion Moves Clause: Evasion moves are banned
|rule|Evasion Abilities Clause: Evasion abilities are banned
|rule|Sleep Moves Clause: Sleep-inducing moves are banned
|clearpoke
|poke|p1|Ninetales, F|
|poke|p1|Ceruledge, F|
|poke|p1|Venusaur, F|
|poke|p1|Hatterene, F|
|poke|p1|Great Tusk|
|poke|p1|Walking Wake|
|poke|p2|Kyurem|
|poke|p2|Hatterene, F|
|poke|p2|Darkrai|
|poke|p2|Great Tusk|
|poke|p2|Dragonite, F|
|poke|p2|Gholdengo|
|teampreview
|inactive|Battle timer is ON: inactive players will automatically lose when time's up. (requested by yesterdaymister)
|
|t:|1781291186
|teamsize|p1|6
|teamsize|p2|6
|start
|switch|p1a: arda guler|Ninetales, F|100/100
|switch|p2a: Perfect Night|Darkrai|100/100
|-weather|SunnyDay|[from] ability: Drought|[of] p1a: arda guler
|turn|1
|c|☆oddishlover4|gl/hf!
|inactive|oddishlover4 also wants the timer to be on.
|c|☆yesterdaymister|u2
|
|t:|1781291203
|switch|p1a: maccabi|Hatterene, F|100/100
|move|p2a: Perfect Night|Dark Pulse|p1a: maccabi
|-damage|p1a: maccabi|57/100
|-enditem|p1a: maccabi|Eject Button
|
|t:|1781291215
|switch|p1a: hans vanaken|Venusaur, F|100/100
|
|-weather|SunnyDay|[upkeep]
|upkeep
|turn|2
|
|t:|1781291232
|move|p2a: Perfect Night|Dark Pulse|p1a: hans vanaken
|-damage|p1a: hans vanaken|49/100
|move|p1a: hans vanaken|Growth|p1a: hans vanaken
|-boost|p1a: hans vanaken|atk|2
|-boost|p1a: hans vanaken|spa|2
|
|-weather|SunnyDay|[upkeep]
|upkeep
|turn|3
|
|t:|1781291253
|-terastallize|p2a: Perfect Night|Dark
|move|p2a: Perfect Night|Dark Pulse|p1a: hans vanaken
|-crit|p1a: hans vanaken
|-damage|p1a: hans vanaken|0 fnt
|faint|p1a: hans vanaken
|
|-weather|SunnyDay|[upkeep]
|upkeep
|
|t:|1781291258
|switch|p1a: mignolet|Great Tusk|100/100
|-activate|p1a: mignolet|ability: Protosynthesis
|-start|p1a: mignolet|protosynthesisspe
|turn|4
|
|t:|1781291275
|move|p2a: Perfect Night|Dark Pulse|p1a: mignolet
|-resisted|p1a: mignolet
|-damage|p1a: mignolet|61/100
|cant|p1a: mignolet|flinch
|
|-weather|SunnyDay|[upkeep]
|upkeep
|turn|5
|
|t:|1781291293
|move|p2a: Perfect Night|Dark Pulse|p1a: mignolet
|-resisted|p1a: mignolet
|-damage|p1a: mignolet|25/100
|move|p1a: mignolet|Rapid Spin|p2a: Perfect Night
|-damage|p2a: Perfect Night|82/100
|-boost|p1a: mignolet|spe|1
|
|-weather|SunnyDay|[upkeep]
|upkeep
|turn|6
|j| ILoveGardevoirRah
|inactive|oddishlover4 has 120 seconds left.
|
|t:|1781291311
|move|p1a: mignolet|Headlong Rush|p2a: Perfect Night
|-damage|p2a: Perfect Night|10/100
|-unboost|p1a: mignolet|def|1
|-unboost|p1a: mignolet|spd|1
|move|p2a: Perfect Night|Dark Pulse|p1a: mignolet
|-resisted|p1a: mignolet
|-damage|p1a: mignolet|0 fnt
|faint|p1a: mignolet
|-end|p1a: mignolet|Protosynthesis|[silent]
|
|-weather|SunnyDay|[upkeep]
|upkeep
|c| ILoveGardevoirRah|hello and have a good battle
|
|t:|1781291317
|switch|p1a: lebron|Ceruledge, F|100/100
|turn|7
|inactive|oddishlover4 has 120 seconds left.
|
|t:|1781291334
|move|p1a: lebron|Shadow Sneak|p2a: Perfect Night
|-resisted|p2a: Perfect Night
|-damage|p2a: Perfect Night|0 fnt
|faint|p2a: Perfect Night
|
|-weather|SunnyDay|[upkeep]
|upkeep
|inactive|oddishlover4 has 120 seconds left.
|
|t:|1781291352
|switch|p2a: Fearless|Great Tusk|100/100
|-activate|p2a: Fearless|ability: Protosynthesis
|-start|p2a: Fearless|protosynthesisdef
|turn|8
|
|t:|1781291369
|switch|p1a: maccabi|Hatterene, F|57/100
|move|p2a: Fearless|Headlong Rush|p1a: maccabi
|-damage|p1a: maccabi|11/100
|-unboost|p2a: Fearless|def|1
|-unboost|p2a: Fearless|spd|1
|
|-weather|none
|-end|p2a: Fearless|Protosynthesis
|upkeep
|turn|9
|
|t:|1781291388
|-end|p2a: Fearless|Protosynthesis|[silent]
|switch|p2a: Antifragile|Hatterene, F|100/100
|move|p1a: maccabi|Dazzling Gleam|p2a: Antifragile
|-damage|p2a: Antifragile|60/100
|
|upkeep
|turn|10
|
|t:|1781291407
|switch|p1a: arda guler|Ninetales, F|100/100
|-weather|SunnyDay|[from] ability: Drought|[of] p1a: arda guler
|move|p2a: Antifragile|Nuzzle|p1a: arda guler
|-damage|p1a: arda guler|96/100
|-status|p1a: arda guler|par
|
|-weather|SunnyDay|[upkeep]
|upkeep
|turn|11
|inactive|oddishlover4 has 90 seconds left.
|j| Pulkatz
|
|t:|1781291434
|switch|p1a: maccabi|Hatterene, F|11/100
|switch|p2a: Boompala|Kyurem|100/100
|-ability|p2a: Boompala|Pressure
|
|-weather|SunnyDay|[upkeep]
|upkeep
|turn|12
|inactive|oddishlover4 has 90 seconds left.
|
|t:|1781291451
|switch|p2a: Celebration|Gholdengo|100/100
|move|p1a: maccabi|Dazzling Gleam|p2a: Celebration
|-resisted|p2a: Celebration
|-damage|p2a: Celebration|83/100
|
|-weather|SunnyDay|[upkeep]
|upkeep
|turn|13
|inactive|oddishlover4 has 90 seconds left.
|
|t:|1781291469
|move|p2a: Celebration|Shadow Ball|p1a: maccabi
|-supereffective|p1a: maccabi
|-damage|p1a: maccabi|0 fnt
|faint|p1a: maccabi
|
|-weather|SunnyDay|[upkeep]
|upkeep
|
|t:|1781291483
|switch|p1a: chama|Walking Wake|100/100
|-activate|p1a: chama|ability: Protosynthesis
|-start|p1a: chama|protosynthesisspa
|turn|14
|inactive|oddishlover4 has 90 seconds left.
|
|t:|1781291500
|switch|p2a: Bluebeard's Wife|Dragonite, F|100/100
|move|p1a: chama|Hydro Steam|p2a: Bluebeard's Wife
|-resisted|p2a: Bluebeard's Wife
|-damage|p2a: Bluebeard's Wife|72/100
|
|-weather|SunnyDay|[upkeep]
|upkeep
|turn|15
|
|t:|1781291519
|-terastallize|p1a: chama|Water
|move|p1a: chama|Hydro Steam|p2a: Bluebeard's Wife
|-resisted|p2a: Bluebeard's Wife
|-damage|p2a: Bluebeard's Wife|0 fnt
|faint|p2a: Bluebeard's Wife
|
|-weather|SunnyDay|[upkeep]
|upkeep
|
|t:|1781291536
|switch|p2a: Boompala|Kyurem|100/100
|-ability|p2a: Boompala|Pressure
|turn|16
|inactive|oddishlover4 has 60 seconds left.
|
|t:|1781291555
|-end|p1a: chama|Protosynthesis|[silent]
|switch|p1a: arda guler|Ninetales, F|96/100 par
|move|p2a: Boompala|Freeze-Dry|p1a: arda guler
|-resisted|p1a: arda guler
|-damage|p1a: arda guler|78/100 par
|
|-weather|SunnyDay|[upkeep]
|upkeep
|turn|17
|inactive|oddishlover4 has 60 seconds left.
|
|t:|1781291576
|switch|p1a: chama|Walking Wake, tera:Water|100/100
|-activate|p1a: chama|ability: Protosynthesis
|-start|p1a: chama|protosynthesisspa
|move|p2a: Boompala|Earth Power|p1a: chama
|-damage|p1a: chama|62/100
|
|-weather|none
|-end|p1a: chama|Protosynthesis
|upkeep
|turn|18
|inactive|oddishlover4 has 60 seconds left.
|
|t:|1781291594
|switch|p2a: Antifragile|Hatterene, F|60/100
|move|p1a: chama|Dragon Pulse|p2a: Antifragile
|-immune|p2a: Antifragile
|
|upkeep
|turn|19
|
|t:|1781291611
|-end|p1a: chama|Protosynthesis|[silent]
|switch|p1a: arda guler|Ninetales, F|78/100 par
|-weather|SunnyDay|[from] ability: Drought|[of] p1a: arda guler
|move|p2a: Antifragile|Psychic Noise|p1a: arda guler
|-damage|p1a: arda guler|43/100 par
|-start|p1a: arda guler|move: Heal Block
|
|-weather|SunnyDay|[upkeep]
|upkeep
|turn|20
|
|t:|1781291622
|cant|p1a: arda guler|par
|move|p2a: Antifragile|Nuzzle|p1a: arda guler
|-damage|p1a: arda guler|39/100 par
|
|-weather|SunnyDay|[upkeep]
|-end|p1a: arda guler|move: Heal Block
|upkeep
|turn|21
|
|t:|1781291632
|switch|p2a: Boompala|Kyurem|100/100
|-ability|p2a: Boompala|Pressure
|move|p1a: arda guler|Healing Wish|p1a: arda guler
|faint|p1a: arda guler
|
|-weather|SunnyDay|[upkeep]
|upkeep
|
|t:|1781291650
|switch|p1a: chama|Walking Wake, tera:Water|62/100
|-heal|p1a: chama|100/100|[from] move: Healing Wish
|-activate|p1a: chama|ability: Protosynthesis
|-start|p1a: chama|protosynthesisspa
|turn|22
|j| karlheinzIX
|
|t:|1781291663
|move|p1a: chama|Hydro Steam|p2a: Boompala
|-resisted|p2a: Boompala
|-damage|p2a: Boompala|47/100
|move|p2a: Boompala|Freeze-Dry|p1a: chama
|-supereffective|p1a: chama
|-damage|p1a: chama|12/100
|
|-weather|SunnyDay|[upkeep]
|upkeep
|turn|23
|
|t:|1781291678
|move|p1a: chama|Hydro Steam|p2a: Boompala
|-resisted|p2a: Boompala
|-damage|p2a: Boompala|0 fnt
|faint|p2a: Boompala
|
|-weather|SunnyDay|[upkeep]
|upkeep
|inactive|oddishlover4 has 60 seconds left.
|
|t:|1781291692
|switch|p2a: Antifragile|Hatterene, F|60/100
|turn|24
|inactive|oddishlover4 has 60 seconds left.
|
|t:|1781291706
|switch|p2a: Fearless|Great Tusk|100/100
|-activate|p2a: Fearless|ability: Protosynthesis
|-start|p2a: Fearless|protosynthesisdef
|move|p1a: chama|Hydro Steam|p2a: Fearless
|-supereffective|p2a: Fearless
|-damage|p2a: Fearless|0 fnt
|faint|p2a: Fearless
|-end|p2a: Fearless|Protosynthesis|[silent]
|
|-weather|SunnyDay|[upkeep]
|upkeep
|inactive|oddishlover4 has 60 seconds left.
|
|t:|1781291716
|switch|p2a: Antifragile|Hatterene, F|60/100
|turn|25
|j| Iggy Sent Me
|
|t:|1781291723
|move|p1a: chama|Hydro Steam|p2a: Antifragile
|-damage|p2a: Antifragile|0 fnt
|faint|p2a: Antifragile
|
|-weather|SunnyDay|[upkeep]
|upkeep
|
|t:|1781291729
|switch|p2a: Celebration|Gholdengo|83/100
|turn|26
|
|t:|1781291733
|move|p1a: chama|Hydro Steam|p2a: Celebration
|-damage|p2a: Celebration|0 fnt
|faint|p2a: Celebration
|
|win|yesterdaymister
|raw|yesterdaymister's rating: 1682 &rarr; <strong>1709</strong><br />(+27 for winning)
|raw|oddishlover4's rating: 1809 &rarr; <strong>1782</strong><br />(-27 for losing)
|c|☆oddishlover4|GG!
|c|☆yesterdaymister|gg
|l| karlheinzIX
|l|☆yesterdaymister
|player|p1|
