|badge|p1|silver|gen9ou|30-9
|badge|p1|bronze|gen9pu|100-9
|uhtml|medal-msg|<div class="broadcast-blue">Curious what those medals under the avatar are? PS now has Ladder Seasons! For more information, check out the <a href="https://www.smogon.com/forums/threads/3740067/">thread on Smogon.</a></div>
|badge|p2|bronze|gen9ou|100-9
|uhtml|medal-msg|<div class="broadcast-blue">Curious what those medals under the avatar are? PS now has Ladder Seasons! For more information, check out the <a href="https://www.smogon.com/forums/threads/3740067/">thread on Smogon.</a></div>
|j|☆ceo o wo chien
|j|☆hawkins0
|t:|1781496260
|gametype|singles
|player|p1|ceo o wo chien|fisherman-gen4|1959
|player|p2|hawkins0|2|1833
|gen|9
|tier|[Gen 9] OU
|rated|
|rule|HP Percentage Mod: HP is shown in percentages
|rule|Endless Battle Clause: Forcing endless battles is banned
|rule|Species Clause: Limit one of each Pokémon
|rule|OHKO Clause: OHKO moves are banned
|rule|Evasion Items Clause: Evasion items are banned
|rule|Evasion Moves Clause: Evasion moves are banned
|rule|Evasion Abilities Clause: Evasion abilities are banned
|rule|Sleep Moves Clause: Sleep-inducing moves are banned
|clearpoke
|poke|p1|Wo-Chien|
|poke|p1|Weezing-Galar, M|
|poke|p1|Alomomola, M|
|poke|p1|Iron Treads|
|poke|p1|Latios, M|
|poke|p1|Zamazenta-*|
|poke|p2|Hoopa-Unbound|
|poke|p2|Pecharunt|
|poke|p2|Landorus-Therian, M|
|poke|p2|Cinderace, M|
|poke|p2|Alomomola, M|
|poke|p2|Iron Valiant|
|teampreview
|inactive|Battle timer is ON: inactive players will automatically lose when time's up. (requested by ceo o wo chien)
|j| whimsicotthunter
|
|t:|1781496288
|teamsize|p1|6
|teamsize|p2|6
|start
|switch|p1a: Wo-Chien|Wo-Chien|100/100
|switch|p2a: Enten|Landorus-Therian, M, shiny|100/100
|-ability|p2a: Enten|Intimidate|boost
|-unboost|p1a: Wo-Chien|atk|1
|-ability|p1a: Wo-Chien|Tablets of Ruin
|turn|1
|
|t:|1781496291
|move|p2a: Enten|U-turn|p1a: Wo-Chien
|-supereffective|p1a: Wo-Chien
|-damage|p1a: Wo-Chien|45/100
|
|t:|1781496294
|switch|p2a: Liberacy|Cinderace, M, shiny|100/100|[from] U-turn
|move|p1a: Wo-Chien|Stun Spore|p2a: Liberacy
|-status|p2a: Liberacy|par
|
|-heal|p1a: Wo-Chien|51/100|[from] item: Leftovers
|upkeep
|turn|2
|
|t:|1781496300
|move|p1a: Wo-Chien|Protect|p1a: Wo-Chien
|-singleturn|p1a: Wo-Chien|Protect
|move|p2a: Liberacy|U-turn|p1a: Wo-Chien
|-start|p2a: Liberacy|typechange|Bug|[from] ability: Libero
|-activate|p1a: Wo-Chien|move: Protect
|
|-heal|p1a: Wo-Chien|57/100|[from] item: Leftovers
|upkeep
|turn|3
|
|t:|1781496303
|switch|p1a: Alomomola|Alomomola, M|100/100
|move|p2a: Liberacy|U-turn|p1a: Alomomola
|-damage|p1a: Alomomola|76/100
|
|t:|1781496306
|switch|p2a: Khaos|Hoopa-Unbound|100/100|[from] U-turn
|
|upkeep
|turn|4
|
|t:|1781496309
|switch|p1a: Wo-Chien|Wo-Chien|57/100
|-ability|p1a: Wo-Chien|Tablets of Ruin
|-terastallize|p2a: Khaos|Dark
|move|p2a: Khaos|Hyperspace Fury|p1a: Wo-Chien
|-resisted|p1a: Wo-Chien
|-damage|p1a: Wo-Chien|25/100
|-unboost|p2a: Khaos|def|1
|
|-heal|p1a: Wo-Chien|32/100|[from] item: Leftovers
|upkeep
|turn|5
|
|t:|1781496321
|move|p2a: Khaos|Hyperspace Fury|p1a: Wo-Chien
|-resisted|p1a: Wo-Chien
|-damage|p1a: Wo-Chien|1/100
|-unboost|p2a: Khaos|def|1
|move|p1a: Wo-Chien|Leech Seed|p2a: Khaos
|-start|p2a: Khaos|move: Leech Seed
|
|-heal|p1a: Wo-Chien|7/100|[from] item: Leftovers
|-damage|p2a: Khaos|88/100|[from] Leech Seed|[of] p1a: Wo-Chien
|-heal|p1a: Wo-Chien|17/100|[silent]
|upkeep
|turn|6
|
|t:|1781496329
|switch|p1a: Zamazenta|Zamazenta|100/100
|-ability|p1a: Zamazenta|Dauntless Shield|boost
|-boost|p1a: Zamazenta|def|1
|move|p2a: Khaos|Hyperspace Fury|p1a: Zamazenta
|-resisted|p1a: Zamazenta
|-damage|p1a: Zamazenta|67/100
|-unboost|p2a: Khaos|def|1
|
|-heal|p1a: Zamazenta|73/100|[from] item: Leftovers
|-damage|p2a: Khaos|76/100|[from] Leech Seed|[of] p1a: Zamazenta
|-heal|p1a: Zamazenta|83/100|[silent]
|upkeep
|turn|7
|
|t:|1781496335
|switch|p1a: Weezing|Weezing-Galar, M|100/100
|switch|p2a: Enten|Landorus-Therian, M, shiny|100/100
|-ability|p2a: Enten|Intimidate|boost
|-unboost|p1a: Weezing|atk|1
|
|upkeep
|turn|8
|
|t:|1781496341
|move|p2a: Enten|U-turn|p1a: Weezing
|-resisted|p1a: Weezing
|-damage|p1a: Weezing|93/100
|
|t:|1781496343
|switch|p2a: Liberacy|Cinderace, M, shiny|100/100 par|[from] U-turn
|move|p1a: Weezing|Sludge Bomb|p2a: Liberacy
|-damage|p2a: Liberacy|22/100 par
|
|upkeep
|turn|9
|
|t:|1781496346
|switch|p2a: Pisces|Alomomola, M, shiny|100/100
|move|p1a: Weezing|Sludge Bomb|p2a: Pisces
|-damage|p2a: Pisces|68/100
|
|upkeep
|turn|10
|
|t:|1781496351
|move|p1a: Weezing|Sludge Bomb|p2a: Pisces
|-damage|p2a: Pisces|34/100
|move|p2a: Pisces|Flip Turn|p1a: Weezing
|-damage|p1a: Weezing|77/100
|
|t:|1781496355
|switch|p2a: Overseer|Pecharunt|100/100|[from] Flip Turn
|
|upkeep
|turn|11
|
|t:|1781496358
|switch|p1a: Iron Treads|Iron Treads|100/100
|move|p2a: Overseer|Parting Shot|p1a: Iron Treads
|-unboost|p1a: Iron Treads|atk|1
|-unboost|p1a: Iron Treads|spa|1
|
|t:|1781496362
|switch|p2a: Enten|Landorus-Therian, M, shiny|100/100|[from] Parting Shot
|-ability|p2a: Enten|Intimidate|boost
|-unboost|p1a: Iron Treads|atk|1
|
|upkeep
|turn|12
|
|t:|1781496365
|move|p2a: Enten|Earthquake|p1a: Iron Treads
|-supereffective|p1a: Iron Treads
|-damage|p1a: Iron Treads|13/100
|move|p1a: Iron Treads|Stealth Rock|p2a: Enten
|-sidestart|p2: hawkins0|move: Stealth Rock
|
|-heal|p1a: Iron Treads|19/100|[from] item: Leftovers
|upkeep
|turn|13
|
|t:|1781496369
|switch|p2a: Pisces|Alomomola, M, shiny|68/100
|-damage|p2a: Pisces|55/100|[from] Stealth Rock
|-end|p1a: Iron Treads|Quark Drive|[silent]
|switch|p1a: Weezing|Weezing-Galar, M|77/100
|
|upkeep
|turn|14
|
|t:|1781496372
|move|p1a: Weezing|Sludge Bomb|p2a: Pisces
|-damage|p2a: Pisces|25/100
|move|p2a: Pisces|Mirror Coat|p1a: Weezing
|-damage|p1a: Weezing|0 fnt
|faint|p1a: Weezing
|
|upkeep
|
|t:|1781496374
|switch|p1a: Latios|Latios, M|100/100
|turn|15
|
|t:|1781496378
|move|p1a: Latios|Calm Mind|p1a: Latios
|-boost|p1a: Latios|spa|1
|-boost|p1a: Latios|spd|1
|move|p2a: Pisces|Flip Turn|p1a: Latios
|-resisted|p1a: Latios
|-damage|p1a: Latios|91/100
|
|t:|1781496400
|switch|p2a: Liberacy|Cinderace, M, shiny|22/100 par|[from] Flip Turn
|
|upkeep
|turn|16
|
|t:|1781496406
|move|p1a: Latios|Draco Meteor|p2a: Liberacy
|-damage|p2a: Liberacy|0 fnt
|-unboost|p1a: Latios|spa|2
|faint|p2a: Liberacy
|
|upkeep
|
|t:|1781496409
|switch|p2a: Enten|Landorus-Therian, M, shiny|100/100
|-damage|p2a: Enten|88/100|[from] Stealth Rock
|-ability|p2a: Enten|Intimidate|boost
|-unboost|p1a: Latios|atk|1
|turn|17
|
|t:|1781496411
|move|p2a: Enten|U-turn|p1a: Latios
|-supereffective|p1a: Latios
|-damage|p1a: Latios|31/100
|
|t:|1781496413
|switch|p2a: Pisces|Alomomola, M, shiny|58/100|[from] U-turn
|-damage|p2a: Pisces|46/100|[from] Stealth Rock
|move|p1a: Latios|Calm Mind|p1a: Latios
|-boost|p1a: Latios|spa|1
|-boost|p1a: Latios|spd|1
|
|upkeep
|turn|18
|
|t:|1781496416
|move|p1a: Latios|Recover|p1a: Latios
|-heal|p1a: Latios|81/100
|move|p2a: Pisces|Flip Turn|p1a: Latios
|-resisted|p1a: Latios
|-damage|p1a: Latios|72/100
|
|t:|1781496418
|switch|p2a: Calamity|Iron Valiant, shiny|100/100|[from] Flip Turn
|-damage|p2a: Calamity|94/100|[from] Stealth Rock
|
|upkeep
|turn|19
|
|t:|1781496423
|move|p2a: Calamity|Moonblast|p1a: Latios
|-supereffective|p1a: Latios
|-damage|p1a: Latios|16/100
|move|p1a: Latios|Psychic Noise|p2a: Calamity
|-supereffective|p2a: Calamity
|-damage|p2a: Calamity|0 fnt
|faint|p2a: Calamity
|-end|p2a: Calamity|Quark Drive|[silent]
|
|upkeep
|
|t:|1781496427
|switch|p2a: Enten|Landorus-Therian, M, shiny|88/100
|-damage|p2a: Enten|76/100|[from] Stealth Rock
|-ability|p2a: Enten|Intimidate|boost
|-unboost|p1a: Latios|atk|1
|turn|20
|
|t:|1781496429
|switch|p1a: Iron Treads|Iron Treads|19/100
|move|p2a: Enten|U-turn|p1a: Iron Treads
|-resisted|p1a: Iron Treads
|-damage|p1a: Iron Treads|10/100
|
|t:|1781496436
|switch|p2a: Pisces|Alomomola, M, shiny|79/100|[from] U-turn
|-damage|p2a: Pisces|66/100|[from] Stealth Rock
|
|-heal|p1a: Iron Treads|16/100|[from] item: Leftovers
|upkeep
|turn|21
|
|t:|1781496441
|move|p1a: Iron Treads|Knock Off|p2a: Pisces
|-damage|p2a: Pisces|50/100
|-enditem|p2a: Pisces|Assault Vest|[from] move: Knock Off|[of] p1a: Iron Treads
|move|p2a: Pisces|Flip Turn|p1a: Iron Treads
|-supereffective|p1a: Iron Treads
|-damage|p1a: Iron Treads|0 fnt
|faint|p1a: Iron Treads
|-end|p1a: Iron Treads|Quark Drive|[silent]
|
|t:|1781496447
|switch|p2a: Overseer|Pecharunt|100/100|[from] Flip Turn
|
|upkeep
|
|t:|1781496451
|switch|p1a: Latios|Latios, M|16/100
|turn|22
|
|t:|1781496455
|move|p1a: Latios|Recover|p1a: Latios
|-heal|p1a: Latios|66/100
|move|p2a: Overseer|Shadow Ball|p1a: Latios
|-supereffective|p1a: Latios
|-damage|p1a: Latios|24/100
|
|upkeep
|turn|23
|
|t:|1781496458
|move|p1a: Latios|Recover|p1a: Latios
|-heal|p1a: Latios|75/100
|move|p2a: Overseer|Malignant Chain|p1a: Latios
|-damage|p1a: Latios|50/100
|
|upkeep
|turn|24
|
|t:|1781496460
|move|p1a: Latios|Calm Mind|p1a: Latios
|-boost|p1a: Latios|spa|1
|-boost|p1a: Latios|spd|1
|move|p2a: Overseer|Malignant Chain|p1a: Latios
|-damage|p1a: Latios|31/100
|
|upkeep
|turn|25
|
|t:|1781496462
|move|p1a: Latios|Recover|p1a: Latios
|-heal|p1a: Latios|81/100
|move|p2a: Overseer|Malignant Chain|p1a: Latios
|-damage|p1a: Latios|63/100
|
|upkeep
|turn|26
|
|t:|1781496465
|move|p1a: Latios|Recover|p1a: Latios
|-heal|p1a: Latios|100/100
|move|p2a: Overseer|Malignant Chain|p1a: Latios
|-damage|p1a: Latios|81/100
|
|upkeep
|turn|27
|
|t:|1781496469
|switch|p2a: Enten|Landorus-Therian, M, shiny|76/100
|-damage|p2a: Enten|64/100|[from] Stealth Rock
|-ability|p2a: Enten|Intimidate|boost
|-unboost|p1a: Latios|atk|1
|move|p1a: Latios|Psychic Noise|p2a: Enten
|-damage|p2a: Enten|0 fnt
|faint|p2a: Enten
|
|upkeep
|
|t:|1781496470
|switch|p2a: Khaos|Hoopa-Unbound, tera:Dark|76/100
|-damage|p2a: Khaos|64/100|[from] Stealth Rock
|turn|28
|
|t:|1781496472
|move|p1a: Latios|Draco Meteor|p2a: Khaos
|-crit|p2a: Khaos
|-damage|p2a: Khaos|0 fnt
|-unboost|p1a: Latios|spa|2
|faint|p2a: Khaos
|
|upkeep
|-message|hawkins0 forfeited.
|
|win|ceo o wo chien
|raw|ceo o wo chien's rating: 1959 &rarr; <strong>1972</strong><br />(+13 for winning)
|raw|hawkins0's rating: 1833 &rarr; <strong>1820</strong><br />(-13 for losing)
|l|☆hawkins0
|player|p2|
|j|☆hawkins0
|player|p2|hawkins0|2|
|l| whimsicotthunter
|l|☆ceo o wo chien
|player|p1|
|l|☆hawkins0
|player|p2|
