|j|☆Dr Gaster PHD
|j|☆temporarylight
|t:|1781227142
|gametype|singles
|player|p1|Dr Gaster PHD|ghetsis|1630
|player|p2|temporarylight|jogger|1575
|gen|9
|tier|[Gen 9] OU
|rated|
|rule|HP Percentage Mod: HP is shown in percentages
|rule|Endless Battle Clause: Forcing endless battles is banned
|rule|Species Clause: Limit one of each Pokémon
|rule|OHKO Clause: OHKO moves are banned
|rule|Evasion Items Clause: Evasion items are banned
|rule|Evasion Moves Clause: Evasion moves are banned
|rule|Evasion Abilities Clause: Evasion abilities are banned
|rule|Sleep Moves Clause: Sleep-inducing moves are banned
|clearpoke
|poke|p1|Hoopa-Unbound|
|poke|p1|Pecharunt|
|poke|p1|Landorus-Therian, M|
|poke|p1|Cinderace, M|
|poke|p1|Alomomola, M|
|poke|p1|Iron Valiant|
|poke|p2|Landorus-Therian, M|
|poke|p2|Walking Wake|
|poke|p2|Ogerpon-Wellspring, F|
|poke|p2|Samurott-Hisui, M|
|poke|p2|Iron Moth|
|poke|p2|Gholdengo|
|teampreview
|inactive|Battle timer is ON: inactive players will automatically lose when time's up. (requested by temporarylight)
|
|t:|1781227163
|teamsize|p1|6
|teamsize|p2|6
|start
|switch|p1a: They Slash Them|Iron Valiant, shiny|100/100
|switch|p2a: Landorus|Landorus-Therian, M|100/100
|-ability|p2a: Landorus|Intimidate|boost
|-unboost|p1a: They Slash Them|atk|1
|turn|1
|
|t:|1781227167
|move|p1a: They Slash Them|Moonblast|p2a: Landorus
|-damage|p2a: Landorus|26/100
|move|p2a: Landorus|Stealth Rock|p1a: They Slash Them
|-sidestart|p1: Dr Gaster PHD|move: Stealth Rock
|
|upkeep
|turn|2
|
|t:|1781227169
|switch|p2a: Iron Moth|Iron Moth|100/100
|-enditem|p2a: Iron Moth|Booster Energy
|-activate|p2a: Iron Moth|ability: Quark Drive|[fromitem]
|-start|p2a: Iron Moth|quarkdrivespe
|move|p1a: They Slash Them|Moonblast|p2a: Iron Moth
|-resisted|p2a: Iron Moth
|-damage|p2a: Iron Moth|83/100
|
|upkeep
|turn|3
|
|t:|1781227174
|-end|p1a: They Slash Them|Quark Drive|[silent]
|switch|p1a: Fih|Alomomola, M, shiny|100/100
|-damage|p1a: Fih|88/100|[from] Stealth Rock
|move|p2a: Iron Moth|Fiery Dance|p1a: Fih
|-resisted|p1a: Fih
|-damage|p1a: Fih|78/100
|-boost|p2a: Iron Moth|spa|1
|
|upkeep
|turn|4
|
|t:|1781227182
|-terastallize|p2a: Iron Moth|Grass
|move|p2a: Iron Moth|Substitute|p2a: Iron Moth
|-start|p2a: Iron Moth|Substitute
|-damage|p2a: Iron Moth|58/100
|move|p1a: Fih|Flip Turn|p2a: Iron Moth
|-resisted|p2a: Iron Moth
|-activate|p2a: Iron Moth|move: Substitute|[damage]
|
|t:|1781227205
|switch|p1a: Wabbit Season|Cinderace, M, shiny|100/100|[from] Flip Turn
|
|upkeep
|turn|5
|
|t:|1781227211
|move|p1a: Wabbit Season|Sucker Punch|p2a: Iron Moth
|-start|p1a: Wabbit Season|typechange|Dark|[from] ability: Libero
|-end|p2a: Iron Moth|Substitute
|move|p2a: Iron Moth|Fiery Dance|p1a: Wabbit Season
|-damage|p1a: Wabbit Season|12/100
|
|upkeep
|turn|6
|
|t:|1781227218
|move|p2a: Iron Moth|Substitute|p2a: Iron Moth
|-start|p2a: Iron Moth|Substitute
|-damage|p2a: Iron Moth|33/100
|move|p1a: Wabbit Season|U-turn|p2a: Iron Moth
|-supereffective|p2a: Iron Moth
|-end|p2a: Iron Moth|Substitute
|
|t:|1781227241
|switch|p1a: Akinator|Hoopa-Unbound|100/100|[from] U-turn
|-damage|p1a: Akinator|88/100|[from] Stealth Rock
|
|upkeep
|turn|7
|
|t:|1781227245
|move|p2a: Iron Moth|Sludge Wave|p1a: Akinator
|-damage|p1a: Akinator|21/100
|move|p1a: Akinator|Knock Off|p2a: Iron Moth
|-damage|p2a: Iron Moth|0 fnt
|faint|p2a: Iron Moth
|-end|p2a: Iron Moth|Quark Drive|[silent]
|
|upkeep
|
|t:|1781227259
|switch|p2a: Landorus|Landorus-Therian, M|26/100
|-ability|p2a: Landorus|Intimidate|boost
|-unboost|p1a: Akinator|atk|1
|turn|8
|
|t:|1781227262
|move|p2a: Landorus|U-turn|p1a: Akinator
|-supereffective|p1a: Akinator
|-damage|p1a: Akinator|0 fnt
|faint|p1a: Akinator
|
|t:|1781227264
|switch|p2a: Samurott|Samurott-Hisui, M|100/100|[from] U-turn
|
|upkeep
|
|t:|1781227267
|switch|p1a: They Slash Them|Iron Valiant, shiny|100/100
|-damage|p1a: They Slash Them|94/100|[from] Stealth Rock
|turn|9
|
|t:|1781227272
|switch|p2a: Landorus|Landorus-Therian, M|26/100
|-ability|p2a: Landorus|Intimidate|boost
|-unboost|p1a: They Slash Them|atk|1
|move|p1a: They Slash Them|Moonblast|p2a: Landorus
|-damage|p2a: Landorus|0 fnt
|faint|p2a: Landorus
|
|upkeep
|
|t:|1781227274
|switch|p2a: Gholdengo|Gholdengo|100/100
|-item|p2a: Gholdengo|Air Balloon
|turn|10
|
|t:|1781227279
|-end|p1a: They Slash Them|Quark Drive|[silent]
|switch|p1a: Fih|Alomomola, M, shiny|100/100
|-damage|p1a: Fih|88/100|[from] Stealth Rock
|move|p2a: Gholdengo|Nasty Plot|p2a: Gholdengo
|-boost|p2a: Gholdengo|spa|2
|
|upkeep
|turn|11
|
|t:|1781227285
|move|p2a: Gholdengo|Thunderbolt|p1a: Fih
|-supereffective|p1a: Fih
|-damage|p1a: Fih|20/100
|move|p1a: Fih|Flip Turn|p2a: Gholdengo
|-damage|p2a: Gholdengo|80/100
|-enditem|p2a: Gholdengo|Air Balloon
|
|t:|1781227288
|switch|p1a: Da Goat|Landorus-Therian, M, shiny|100/100|[from] Flip Turn
|-damage|p1a: Da Goat|88/100|[from] Stealth Rock
|-ability|p1a: Da Goat|Intimidate|boost
|-unboost|p2a: Gholdengo|atk|1
|
|upkeep
|turn|12
|
|t:|1781227291
|switch|p2a: Ogerpon|Ogerpon-Wellspring, F|100/100
|move|p1a: Da Goat|U-turn|p2a: Ogerpon
|-supereffective|p2a: Ogerpon
|-damage|p2a: Ogerpon|28/100
|
|t:|1781227299
|switch|p1a: Wabbit Season|Cinderace, M, shiny|12/100|[from] U-turn
|
|upkeep
|turn|13
|
|t:|1781227301
|move|p1a: Wabbit Season|U-turn|p2a: Ogerpon
|-start|p1a: Wabbit Season|typechange|Bug|[from] ability: Libero
|-supereffective|p2a: Ogerpon
|-damage|p2a: Ogerpon|0 fnt
|faint|p2a: Ogerpon
|
|t:|1781227311
|switch|p1a: Fih|Alomomola, M, shiny|53/100|[from] U-turn
|-damage|p1a: Fih|41/100|[from] Stealth Rock
|
|upkeep
|
|t:|1781227314
|switch|p2a: Walking Wake|Walking Wake|100/100
|-enditem|p2a: Walking Wake|Booster Energy
|-activate|p2a: Walking Wake|ability: Protosynthesis|[fromitem]
|-start|p2a: Walking Wake|protosynthesisspa
|turn|14
|
|t:|1781227326
|move|p2a: Walking Wake|Agility|p2a: Walking Wake
|-boost|p2a: Walking Wake|spe|2
|move|p1a: Fih|Flip Turn|p2a: Walking Wake
|-resisted|p2a: Walking Wake
|-damage|p2a: Walking Wake|96/100
|
|t:|1781227332
|switch|p1a: Britney Spears|Pecharunt|100/100|[from] Flip Turn
|
|upkeep
|turn|15
|
|t:|1781227335
|move|p2a: Walking Wake|Surf|p1a: Britney Spears
|-damage|p1a: Britney Spears|41/100
|move|p1a: Britney Spears|Malignant Chain|p2a: Walking Wake
|-damage|p2a: Walking Wake|60/100
|-status|p2a: Walking Wake|tox
|-start|p2a: Walking Wake|confusion|[from] ability: Poison Puppeteer|[of] p1a: Britney Spears
|
|-damage|p2a: Walking Wake|53/100 tox|[from] psn
|upkeep
|turn|16
|
|t:|1781227339
|-activate|p2a: Walking Wake|confusion
|-damage|p2a: Walking Wake|46/100 tox|[from] confusion
|move|p1a: Britney Spears|Recover|p1a: Britney Spears
|-heal|p1a: Britney Spears|91/100
|
|-damage|p2a: Walking Wake|33/100 tox|[from] psn
|upkeep
|turn|17
|
|t:|1781227347
|switch|p1a: Fih|Alomomola, M, shiny|74/100
|-damage|p1a: Fih|62/100|[from] Stealth Rock
|-activate|p2a: Walking Wake|confusion
|move|p2a: Walking Wake|Surf|p1a: Fih
|-resisted|p1a: Fih
|-damage|p1a: Fih|44/100
|
|-damage|p2a: Walking Wake|15/100 tox|[from] psn
|upkeep
|turn|18
|
|t:|1781227351
|-end|p2a: Walking Wake|confusion
|move|p2a: Walking Wake|Dragon Pulse|p1a: Fih
|-damage|p1a: Fih|11/100
|move|p1a: Fih|Flip Turn|p2a: Walking Wake
|-resisted|p2a: Walking Wake
|-damage|p2a: Walking Wake|10/100 tox
|
|t:|1781227357
|switch|p1a: Wabbit Season|Cinderace, M, shiny|12/100|[from] Flip Turn
|
|-damage|p2a: Walking Wake|0 fnt|[from] psn
|faint|p2a: Walking Wake
|-end|p2a: Walking Wake|Protosynthesis|[silent]
|upkeep
|
|t:|1781227359
|switch|p2a: Samurott|Samurott-Hisui, M|100/100
|turn|19
|
|t:|1781227363
|move|p2a: Samurott|Sucker Punch|p1a: Wabbit Season
|-damage|p1a: Wabbit Season|0 fnt
|faint|p1a: Wabbit Season
|
|upkeep
|
|t:|1781227367
|switch|p1a: They Slash Them|Iron Valiant, shiny|94/100
|-damage|p1a: They Slash Them|88/100|[from] Stealth Rock
|turn|20
|
|t:|1781227375
|move|p1a: They Slash Them|Thunderbolt|p2a: Samurott
|-supereffective|p2a: Samurott
|-enditem|p2a: Samurott|Focus Sash
|-damage|p2a: Samurott|1/100
|move|p2a: Samurott|Razor Shell|p1a: They Slash Them
|-damage|p1a: They Slash Them|18/100
|-unboost|p1a: They Slash Them|def|1
|
|upkeep
|turn|21
|
|t:|1781227384
|-end|p1a: They Slash Them|Quark Drive|[silent]
|switch|p1a: Britney Spears|Pecharunt|91/100
|move|p2a: Samurott|Sucker Punch||[still]
|-fail|p2a: Samurott
|
|upkeep
|turn|22
|
|t:|1781227392
|switch|p2a: Gholdengo|Gholdengo|80/100
|move|p1a: Britney Spears|Malignant Chain|p2a: Gholdengo
|-immune|p2a: Gholdengo
|
|upkeep
|turn|23
|
|t:|1781227396
|move|p2a: Gholdengo|Shadow Ball|p1a: Britney Spears
|-supereffective|p1a: Britney Spears
|-damage|p1a: Britney Spears|11/100
|move|p1a: Britney Spears|Shadow Ball|p2a: Gholdengo
|-supereffective|p2a: Gholdengo
|-damage|p2a: Gholdengo|19/100
|-unboost|p2a: Gholdengo|spd|1
|
|upkeep
|turn|24
|
|t:|1781227399
|move|p2a: Gholdengo|Shadow Ball|p1a: Britney Spears
|-supereffective|p1a: Britney Spears
|-damage|p1a: Britney Spears|0 fnt
|faint|p1a: Britney Spears
|
|upkeep
|
|t:|1781227403
|switch|p1a: They Slash Them|Iron Valiant, shiny|18/100
|-damage|p1a: They Slash Them|12/100|[from] Stealth Rock
|turn|25
|
|t:|1781227405
|move|p1a: They Slash Them|Moonblast|p2a: Gholdengo
|-resisted|p2a: Gholdengo
|-damage|p2a: Gholdengo|0 fnt
|faint|p2a: Gholdengo
|
|upkeep
|j| TheSacredJackal⨕
|
|t:|1781227408
|switch|p2a: Samurott|Samurott-Hisui, M|1/100
|turn|26
|l| TheSacredJackal⨕
|
|t:|1781227412
|-end|p1a: They Slash Them|Quark Drive|[silent]
|switch|p1a: Da Goat|Landorus-Therian, M, shiny|88/100
|-damage|p1a: Da Goat|76/100|[from] Stealth Rock
|-ability|p1a: Da Goat|Intimidate|boost
|-unboost|p2a: Samurott|atk|1
|move|p2a: Samurott|Sucker Punch||[still]
|-fail|p2a: Samurott
|
|upkeep
|turn|27
|
|t:|1781227416
|move|p1a: Da Goat|Earthquake|p2a: Samurott
|-damage|p2a: Samurott|0 fnt
|faint|p2a: Samurott
|
|win|Dr Gaster PHD
|raw|Dr Gaster PHD's rating: 1630 &rarr; <strong>1647</strong><br />(+17 for winning)
|raw|temporarylight's rating: 1575 &rarr; <strong>1558</strong><br />(-17 for losing)
