|badge|p2|silver|gen9ou|30-9
|uhtml|medal-msg|<div class="broadcast-blue">Curious what those medals under the avatar are? PS now has Ladder Seasons! For more information, check out the <a href="https://www.smogon.com/forums/threads/3740067/">thread on Smogon.</a></div>
|j|☆Rj yoip
|j|☆moth ily
|t:|1781460091
|gametype|singles
|player|p1|Rj yoip|caitlin-masters|1733
|player|p2|moth ily|iono-masters|1900
|gen|9
|tier|[Gen 9] OU
|rated|
|rule|HP Percentage Mod: HP is shown in percentages
|rule|Endless Battle Clause: Forcing endless battles is banned
|rule|Species Clause: Limit one of each Pokémon
|rule|OHKO Clause: OHKO moves are banned
|rule|Evasion Items Clause: Evasion items are banned
|rule|Evasion Moves Clause: Evasion moves are banned
|rule|Evasion Abilities Clause: Evasion abilities are banned
|rule|Sleep Moves Clause: Sleep-inducing moves are banned
|clearpoke
|poke|p1|Tyranitar, M|
|poke|p1|Hydrapple, M|
|poke|p1|Enamorus, F|
|poke|p1|Garganacl, M|
|poke|p1|Excadrill, F|
|poke|p1|Alomomola, M|
|poke|p2|Slither Wing|
|poke|p2|Ninetales, M|
|poke|p2|Ceruledge, M|
|poke|p2|Great Tusk|
|poke|p2|Walking Wake|
|poke|p2|Venusaur, M|
|teampreview
|inactive|Battle timer is ON: inactive players will automatically lose when time's up. (requested by Rj yoip)
|c|☆moth ily|hf
|
|t:|1781460116
|teamsize|p1|6
|teamsize|p2|6
|start
|switch|p1a: Garganacl|Garganacl, M|100/100
|switch|p2a: Red judas|Ceruledge, M|100/100
|-item|p2a: Red judas|Air Balloon
|turn|1
|
|t:|1781460132
|switch|p2a: OMG ILY|Slither Wing|100/100
|move|p1a: Garganacl|Salt Cure|p2a: OMG ILY
|-damage|p2a: OMG ILY|86/100
|-start|p2a: OMG ILY|Salt Cure
|
|-damage|p2a: OMG ILY|73/100|[from] Salt Cure
|upkeep
|turn|2
|
|t:|1781460134
|move|p1a: Garganacl|Protect|p1a: Garganacl
|-singleturn|p1a: Garganacl|Protect
|move|p2a: OMG ILY|Close Combat|p1a: Garganacl
|-activate|p1a: Garganacl|move: Protect
|
|-damage|p2a: OMG ILY|61/100|[from] Salt Cure
|upkeep
|turn|3
|
|t:|1781460137
|switch|p1a: Hydrapple|Hydrapple, M|100/100
|move|p2a: OMG ILY|U-turn|p1a: Hydrapple
|-supereffective|p1a: Hydrapple
|-damage|p1a: Hydrapple|54/100
|-damage|p2a: OMG ILY|44/100|[from] item: Rocky Helmet|[of] p1a: Hydrapple
|
|t:|1781460145
|-end|p2a: OMG ILY|Protosynthesis|[silent]
|switch|p2a: Nah I'd Spin|Great Tusk|100/100|[from] U-turn
|
|upkeep
|turn|4
|
|t:|1781460147
|switch|p1a: Alomomola|Alomomola, M|100/100
|move|p2a: Nah I'd Spin|Close Combat|p1a: Alomomola
|-damage|p1a: Alomomola|59/100
|-unboost|p2a: Nah I'd Spin|def|1
|-unboost|p2a: Nah I'd Spin|spd|1
|
|upkeep
|turn|5
|
|t:|1781460156
|-terastallize|p2a: Nah I'd Spin|Fighting
|move|p2a: Nah I'd Spin|Close Combat|p1a: Alomomola
|-damage|p1a: Alomomola|6/100
|-unboost|p2a: Nah I'd Spin|def|1
|-unboost|p2a: Nah I'd Spin|spd|1
|move|p1a: Alomomola|Flip Turn|p2a: Nah I'd Spin
|-damage|p2a: Nah I'd Spin|77/100
|c|☆moth ily|oop
|
|t:|1781460167
|switch|p1a: Enamorus|Enamorus, F|100/100|[from] Flip Turn
|
|upkeep
|turn|6
|
|t:|1781460173
|-end|p2a: Nah I'd Spin|Protosynthesis|[silent]
|switch|p2a: Flowey|Venusaur, M|100/100
|move|p1a: Enamorus|Earth Power|p2a: Flowey
|-damage|p2a: Flowey|59/100
|
|upkeep
|turn|7
|
|t:|1781460180
|switch|p1a: Tyranitar|Tyranitar, M|100/100
|-weather|Sandstorm|[from] ability: Sand Stream|[of] p1a: Tyranitar
|switch|p2a: OMG ILY|Slither Wing|44/100
|
|-weather|Sandstorm|[upkeep]
|-damage|p2a: OMG ILY|38/100|[from] Sandstorm
|upkeep
|turn|8
|c|☆Rj yoip|Low roll into high roll rip
|
|t:|1781460190
|switch|p1a: Hydrapple|Hydrapple, M|87/100
|move|p2a: OMG ILY|U-turn|p1a: Hydrapple
|-supereffective|p1a: Hydrapple
|-damage|p1a: Hydrapple|39/100
|-damage|p2a: OMG ILY|22/100|[from] item: Rocky Helmet|[of] p1a: Hydrapple
|
|t:|1781460198
|-end|p2a: OMG ILY|Protosynthesis|[silent]
|switch|p2a: Nah I'd Spin|Great Tusk, tera:Fighting|77/100|[from] U-turn
|
|-weather|Sandstorm|[upkeep]
|-damage|p2a: Nah I'd Spin|71/100|[from] Sandstorm
|-damage|p1a: Hydrapple|33/100|[from] Sandstorm
|upkeep
|turn|9
|c|☆Rj yoip|Other way around you know what I mean
|
|t:|1781460211
|switch|p1a: Enamorus|Enamorus, F|100/100
|move|p2a: Nah I'd Spin|Ice Spinner|p1a: Enamorus
|-supereffective|p1a: Enamorus
|-damage|p1a: Enamorus|11/100
|
|-weather|Sandstorm|[upkeep]
|-damage|p1a: Enamorus|4/100|[from] Sandstorm
|-damage|p2a: Nah I'd Spin|65/100|[from] Sandstorm
|upkeep
|turn|10
|
|t:|1781460224
|switch|p1a: Alomomola|Alomomola, M|39/100
|-end|p2a: Nah I'd Spin|Protosynthesis|[silent]
|switch|p2a: OMG ILY|Slither Wing|22/100
|
|-weather|Sandstorm|[upkeep]
|-damage|p2a: OMG ILY|16/100|[from] Sandstorm
|-damage|p1a: Alomomola|33/100|[from] Sandstorm
|upkeep
|turn|11
|
|t:|1781460227
|switch|p1a: Hydrapple|Hydrapple, M|67/100
|move|p2a: OMG ILY|Close Combat|p1a: Hydrapple
|-damage|p1a: Hydrapple|26/100
|-unboost|p2a: OMG ILY|def|1
|-unboost|p2a: OMG ILY|spd|1
|-damage|p2a: OMG ILY|0 fnt|[from] item: Rocky Helmet|[of] p1a: Hydrapple
|faint|p2a: OMG ILY
|-end|p2a: OMG ILY|Protosynthesis|[silent]
|
|-weather|none
|upkeep
|
|t:|1781460238
|switch|p2a: Red judas|Ceruledge, M|100/100
|-item|p2a: Red judas|Air Balloon
|turn|12
|
|t:|1781460242
|switch|p1a: Garganacl|Garganacl, M|100/100
|move|p2a: Red judas|Swords Dance|p2a: Red judas
|-boost|p2a: Red judas|atk|2
|
|upkeep
|turn|13
|
|t:|1781460245
|move|p2a: Red judas|Swords Dance|p2a: Red judas
|-boost|p2a: Red judas|atk|2
|move|p1a: Garganacl|Salt Cure|p2a: Red judas
|-supereffective|p2a: Red judas
|-damage|p2a: Red judas|64/100
|-start|p2a: Red judas|Salt Cure
|-ability|p2a: Red judas|Weak Armor|boost
|-unboost|p2a: Red judas|def|1
|-boost|p2a: Red judas|spe|2
|-enditem|p2a: Red judas|Air Balloon
|
|-damage|p2a: Red judas|52/100|[from] Salt Cure
|upkeep
|turn|14
|
|t:|1781460249
|move|p2a: Red judas|Poltergeist|p1a: Garganacl
|-activate|p1a: Garganacl|move: Poltergeist|Leftovers
|-damage|p1a: Garganacl|45/100
|move|p1a: Garganacl|Salt Cure|p2a: Red judas
|-supereffective|p2a: Red judas
|-damage|p2a: Red judas|0 fnt
|faint|p2a: Red judas
|
|-heal|p1a: Garganacl|52/100|[from] item: Leftovers
|upkeep
|
|t:|1781460252
|switch|p2a: Nah I'd Spin|Great Tusk, tera:Fighting|65/100
|turn|15
|j| isaac_gam3r
|
|t:|1781460255
|move|p1a: Garganacl|Protect|p1a: Garganacl
|-singleturn|p1a: Garganacl|Protect
|move|p2a: Nah I'd Spin|Close Combat|p1a: Garganacl
|-activate|p1a: Garganacl|move: Protect
|
|-heal|p1a: Garganacl|58/100|[from] item: Leftovers
|upkeep
|turn|16
|
|t:|1781460262
|switch|p1a: Hydrapple|Hydrapple, M|59/100
|move|p2a: Nah I'd Spin|Rapid Spin|p1a: Hydrapple
|-damage|p1a: Hydrapple|50/100
|-boost|p2a: Nah I'd Spin|spe|1
|
|upkeep
|turn|17
|
|t:|1781460267
|move|p2a: Nah I'd Spin|Ice Spinner|p1a: Hydrapple
|-supereffective|p1a: Hydrapple
|-damage|p1a: Hydrapple|0 fnt
|faint|p1a: Hydrapple
|
|upkeep
|
|t:|1781460269
|switch|p1a: Enamorus|Enamorus, F|4/100
|turn|18
|
|t:|1781460273
|-end|p2a: Nah I'd Spin|Protosynthesis|[silent]
|switch|p2a: naruto|Ninetales, M|100/100
|-weather|SunnyDay|[from] ability: Drought|[of] p2a: naruto
|move|p1a: Enamorus|Moonblast|p2a: naruto
|-resisted|p2a: naruto
|-damage|p2a: naruto|68/100
|
|-weather|SunnyDay|[upkeep]
|upkeep
|turn|19
|c|☆Rj yoip|I thought you were scarfed
|c|☆Rj yoip|good bait
|
|t:|1781460287
|switch|p1a: Garganacl|Garganacl, M|58/100
|move|p2a: naruto|Will-O-Wisp|p1a: Garganacl
|-immune|p1a: Garganacl|[from] ability: Purifying Salt
|
|-weather|SunnyDay|[upkeep]
|-heal|p1a: Garganacl|64/100|[from] item: Leftovers
|upkeep
|turn|20
|
|t:|1781460291
|move|p2a: naruto|Healing Wish|p2a: naruto
|faint|p2a: naruto
|move|p1a: Garganacl|Recover|p1a: Garganacl
|-heal|p1a: Garganacl|100/100
|
|-weather|SunnyDay|[upkeep]
|upkeep
|
|t:|1781460294
|switch|p2a: Nah I'd Spin|Great Tusk, tera:Fighting|65/100
|-heal|p2a: Nah I'd Spin|100/100|[from] move: Healing Wish
|-activate|p2a: Nah I'd Spin|ability: Protosynthesis
|-start|p2a: Nah I'd Spin|protosynthesisatk
|turn|21
|
|t:|1781460298
|move|p2a: Nah I'd Spin|Headlong Rush|p1a: Garganacl
|-supereffective|p1a: Garganacl
|-damage|p1a: Garganacl|2/100
|-unboost|p2a: Nah I'd Spin|def|1
|-unboost|p2a: Nah I'd Spin|spd|1
|move|p1a: Garganacl|Salt Cure|p2a: Nah I'd Spin
|-resisted|p2a: Nah I'd Spin
|-damage|p2a: Nah I'd Spin|92/100
|-start|p2a: Nah I'd Spin|Salt Cure
|
|-weather|SunnyDay|[upkeep]
|-heal|p1a: Garganacl|8/100|[from] item: Leftovers
|-damage|p2a: Nah I'd Spin|80/100|[from] Salt Cure
|upkeep
|turn|22
|
|t:|1781460303
|move|p1a: Garganacl|Protect|p1a: Garganacl
|-singleturn|p1a: Garganacl|Protect
|move|p2a: Nah I'd Spin|Ice Spinner|p1a: Garganacl
|-activate|p1a: Garganacl|move: Protect
|
|-weather|SunnyDay|[upkeep]
|-heal|p1a: Garganacl|14/100|[from] item: Leftovers
|-damage|p2a: Nah I'd Spin|68/100|[from] Salt Cure
|upkeep
|turn|23
|
|t:|1781460308
|move|p2a: Nah I'd Spin|Close Combat|p1a: Garganacl
|-supereffective|p1a: Garganacl
|-damage|p1a: Garganacl|0 fnt
|-unboost|p2a: Nah I'd Spin|def|1
|-unboost|p2a: Nah I'd Spin|spd|1
|faint|p1a: Garganacl
|
|-weather|SunnyDay|[upkeep]
|-damage|p2a: Nah I'd Spin|55/100|[from] Salt Cure
|upkeep
|
|t:|1781460310
|switch|p1a: Enamorus|Enamorus, F|4/100
|turn|24
|
|t:|1781460312
|-end|p2a: Nah I'd Spin|Protosynthesis|[silent]
|switch|p2a: Flowey|Venusaur, M|59/100
|move|p1a: Enamorus|Moonblast|p2a: Flowey
|-resisted|p2a: Flowey
|-damage|p2a: Flowey|27/100
|
|-weather|SunnyDay|[upkeep]
|upkeep
|turn|25
|
|t:|1781460317
|switch|p1a: Tyranitar|Tyranitar, M|100/100
|-weather|Sandstorm|[from] ability: Sand Stream|[of] p1a: Tyranitar
|move|p2a: Flowey|Giga Drain|p1a: Tyranitar
|-supereffective|p1a: Tyranitar
|-damage|p1a: Tyranitar|41/100
|-heal|p2a: Flowey|61/100|[from] drain|[of] p1a: Tyranitar
|-damage|p2a: Flowey|51/100|[from] item: Life Orb
|
|-weather|Sandstorm|[upkeep]
|-damage|p2a: Flowey|45/100|[from] Sandstorm
|upkeep
|turn|26
|
|t:|1781460319
|move|p2a: Flowey|Giga Drain|p1a: Tyranitar
|-supereffective|p1a: Tyranitar
|-damage|p1a: Tyranitar|0 fnt
|-heal|p2a: Flowey|68/100|[from] drain|[of] p1a: Tyranitar
|faint|p1a: Tyranitar
|-damage|p2a: Flowey|58/100|[from] item: Life Orb
|
|-weather|Sandstorm|[upkeep]
|-damage|p2a: Flowey|52/100|[from] Sandstorm
|upkeep
|
|t:|1781460321
|switch|p1a: Excadrill|Excadrill, F|100/100
|turn|27
|
|t:|1781460332
|move|p1a: Excadrill|Earthquake|p2a: Flowey
|-damage|p2a: Flowey|0 fnt
|faint|p2a: Flowey
|
|-weather|Sandstorm|[upkeep]
|upkeep
|
|t:|1781460346
|switch|p2a: Walkenheimer|Walking Wake|100/100
|turn|28
|
|t:|1781460355
|switch|p1a: Alomomola|Alomomola, M|66/100
|move|p2a: Walkenheimer|Flip Turn|p1a: Alomomola
|-resisted|p1a: Alomomola
|-damage|p1a: Alomomola|60/100
|
|t:|1781460357
|-end|p2a: Walkenheimer|Protosynthesis|[silent]
|switch|p2a: Nah I'd Spin|Great Tusk, tera:Fighting|55/100|[from] Flip Turn
|
|-weather|Sandstorm|[upkeep]
|-damage|p2a: Nah I'd Spin|49/100|[from] Sandstorm
|-damage|p1a: Alomomola|54/100|[from] Sandstorm
|upkeep
|turn|29
|
|t:|1781460362
|switch|p1a: Excadrill|Excadrill, F|100/100
|move|p2a: Nah I'd Spin|Rapid Spin|p1a: Excadrill
|-resisted|p1a: Excadrill
|-damage|p1a: Excadrill|89/100
|-boost|p2a: Nah I'd Spin|spe|1
|
|-weather|none
|-heal|p1a: Excadrill|95/100|[from] item: Leftovers
|upkeep
|turn|30
|
|t:|1781460372
|move|p2a: Nah I'd Spin|Rapid Spin|p1a: Excadrill
|-resisted|p1a: Excadrill
|-damage|p1a: Excadrill|82/100
|-boost|p2a: Nah I'd Spin|spe|1
|move|p1a: Excadrill|Earthquake|p2a: Nah I'd Spin
|-damage|p2a: Nah I'd Spin|8/100
|
|-heal|p1a: Excadrill|89/100|[from] item: Leftovers
|upkeep
|turn|31
|
|t:|1781460376
|move|p2a: Nah I'd Spin|Close Combat|p1a: Excadrill
|-supereffective|p1a: Excadrill
|-damage|p1a: Excadrill|0 fnt
|-unboost|p2a: Nah I'd Spin|def|1
|-unboost|p2a: Nah I'd Spin|spd|1
|faint|p1a: Excadrill
|
|upkeep
|
|t:|1781460378
|switch|p1a: Alomomola|Alomomola, M|87/100
|turn|32
|c|☆moth ily|gg
|
|t:|1781460383
|move|p2a: Nah I'd Spin|Close Combat|p1a: Alomomola
|-damage|p1a: Alomomola|29/100
|-unboost|p2a: Nah I'd Spin|def|1
|-unboost|p2a: Nah I'd Spin|spd|1
|move|p1a: Alomomola|Flip Turn|p2a: Nah I'd Spin
|-damage|p2a: Nah I'd Spin|0 fnt
|faint|p2a: Nah I'd Spin
|-end|p2a: Nah I'd Spin|Protosynthesis|[silent]
|
|t:|1781460386
|switch|p1a: Enamorus|Enamorus, F|4/100|[from] Flip Turn
|
|upkeep
|
|t:|1781460388
|switch|p2a: Walkenheimer|Walking Wake|100/100
|turn|33
|
|t:|1781460389
|move|p1a: Enamorus|Healing Wish|p1a: Enamorus
|faint|p1a: Enamorus
|move|p2a: Walkenheimer|Hydro Steam|p1: Enamorus|[notarget]
|-fail|p2a: Walkenheimer
|
|upkeep
|
|t:|1781460391
|switch|p1a: Alomomola|Alomomola, M|62/100
|-heal|p1a: Alomomola|100/100|[from] move: Healing Wish
|turn|34
|
|t:|1781460395
|move|p2a: Walkenheimer|Flip Turn|p1a: Alomomola
|-resisted|p1a: Alomomola
|-damage|p1a: Alomomola|94/100
|move|p1a: Alomomola|Mirror Coat||[still]
|-fail|p1a: Alomomola
|
|upkeep
|turn|35
|
|t:|1781460399
|move|p2a: Walkenheimer|Flip Turn|p1a: Alomomola
|-resisted|p1a: Alomomola
|-damage|p1a: Alomomola|88/100
|move|p1a: Alomomola|Scald|p2a: Walkenheimer
|-resisted|p2a: Walkenheimer
|-damage|p2a: Walkenheimer|96/100
|
|upkeep
|turn|36
|
|t:|1781460402
|move|p2a: Walkenheimer|Draco Meteor|p1a: Alomomola
|-damage|p1a: Alomomola|52/100
|-unboost|p2a: Walkenheimer|spa|2
|move|p1a: Alomomola|Scald|p2a: Walkenheimer
|-resisted|p2a: Walkenheimer
|-damage|p2a: Walkenheimer|92/100
|
|upkeep
|turn|37
|c|☆Rj yoip|I threw
|
|t:|1781460408
|move|p2a: Walkenheimer|Flip Turn|p1a: Alomomola
|-resisted|p1a: Alomomola
|-damage|p1a: Alomomola|45/100
|move|p1a: Alomomola|Scald|p2a: Walkenheimer
|-resisted|p2a: Walkenheimer
|-damage|p2a: Walkenheimer|88/100
|-status|p2a: Walkenheimer|brn
|
|-damage|p2a: Walkenheimer|82/100 brn|[from] brn
|upkeep
|turn|38
|
|t:|1781460412
|move|p2a: Walkenheimer|Flip Turn|p1a: Alomomola
|-resisted|p1a: Alomomola
|-damage|p1a: Alomomola|42/100
|move|p1a: Alomomola|Body Slam|p2a: Walkenheimer
|-damage|p2a: Walkenheimer|66/100 brn
|
|-damage|p2a: Walkenheimer|60/100 brn|[from] brn
|upkeep
|turn|39
|
|t:|1781460414
|move|p2a: Walkenheimer|Draco Meteor|p1a: Alomomola
|-damage|p1a: Alomomola|25/100
|-unboost|p2a: Walkenheimer|spa|2
|move|p1a: Alomomola|Body Slam|p2a: Walkenheimer
|-damage|p2a: Walkenheimer|45/100 brn
|
|-damage|p2a: Walkenheimer|39/100 brn|[from] brn
|upkeep
|turn|40
|
|t:|1781460419
|move|p2a: Walkenheimer|Flip Turn|p1a: Alomomola
|-resisted|p1a: Alomomola
|-damage|p1a: Alomomola|22/100
|move|p1a: Alomomola|Body Slam|p2a: Walkenheimer
|-damage|p2a: Walkenheimer|22/100 brn
|
|-damage|p2a: Walkenheimer|16/100 brn|[from] brn
|upkeep
|turn|41
|
|t:|1781460424
|move|p2a: Walkenheimer|Draco Meteor|p1a: Alomomola
|-damage|p1a: Alomomola|8/100
|-unboost|p2a: Walkenheimer|spa|2
|move|p1a: Alomomola|Body Slam|p2a: Walkenheimer
|-damage|p2a: Walkenheimer|0 fnt
|faint|p2a: Walkenheimer
|-end|p2a: Walkenheimer|Protosynthesis|[silent]
|
|win|Rj yoip
|raw|Rj yoip's rating: 1733 &rarr; <strong>1762</strong><br />(+29 for winning)
|raw|moth ily's rating: 1900 &rarr; <strong>1871</strong><br />(-29 for losing)
|c|☆Rj yoip|Well maybe not
|c|☆moth ily|nvm
|c|☆moth ily|gg
|c|☆Rj yoip|gg
|l|☆moth ily
|player|p2|
|l|☆Rj yoip
|player|p1|
|l| isaac_gam3r
