|j|☆katz motel
|j|☆SincereSarje
|t:|1781117912
|gametype|singles
|player|p1|katz motel|102|1569
|player|p2|SincereSarje|morty|1639
|gen|9
|tier|[Gen 9] OU
|rated|
|rule|HP Percentage Mod: HP is shown in percentages
|rule|Endless Battle Clause: Forcing endless battles is banned
|rule|Species Clause: Limit one of each Pokémon
|rule|OHKO Clause: OHKO moves are banned
|rule|Evasion Items Clause: Evasion items are banned
|rule|Evasion Moves Clause: Evasion moves are banned
|rule|Evasion Abilities Clause: Evasion abilities are banned
|rule|Sleep Moves Clause: Sleep-inducing moves are banned
|clearpoke
|poke|p1|Walking Wake|
|poke|p1|Ting-Lu|
|poke|p1|Gholdengo|
|poke|p1|Moltres|
|poke|p1|Ogerpon, F|
|poke|p1|Dragonite, F|
|poke|p2|Weavile, F|
|poke|p2|Pecharunt|
|poke|p2|Ting-Lu|
|poke|p2|Walking Wake|
|poke|p2|Gholdengo|
|poke|p2|Gliscor, F|
|teampreview
|inactive|Battle timer is ON: inactive players will automatically lose when time's up. (requested by SincereSarje)
|
|t:|1781117934
|teamsize|p1|6
|teamsize|p2|6
|start
|switch|p1a: Ogerpon|Ogerpon, F|100/100
|switch|p2a: Gliscor|Gliscor, F|100/100
|turn|1
|
|t:|1781117937
|move|p2a: Gliscor|Protect|p2a: Gliscor
|-singleturn|p2a: Gliscor|Protect
|move|p1a: Ogerpon|Knock Off|p2a: Gliscor
|-activate|p2a: Gliscor|move: Protect
|
|-status|p2a: Gliscor|tox|[from] item: Toxic Orb
|upkeep
|turn|2
|
|t:|1781117944
|move|p1a: Ogerpon|Encore|p2a: Gliscor
|-start|p2a: Gliscor|Encore
|move|p2a: Gliscor|Protect||[still]
|-fail|p2a: Gliscor
|
|upkeep
|turn|3
|
|t:|1781117954
|switch|p2a: Ting-Lu|Ting-Lu|100/100
|-ability|p2a: Ting-Lu|Vessel of Ruin
|move|p1a: Ogerpon|Knock Off|p2a: Ting-Lu
|-resisted|p2a: Ting-Lu
|-damage|p2a: Ting-Lu|91/100
|-damage|p1a: Ogerpon|84/100|[from] item: Rocky Helmet|[of] p2a: Ting-Lu
|-enditem|p2a: Ting-Lu|Rocky Helmet|[from] move: Knock Off|[of] p1a: Ogerpon
|
|upkeep
|turn|4
|
|t:|1781117961
|switch|p2a: Gliscor|Gliscor, F|100/100 tox
|move|p1a: Ogerpon|Ivy Cudgel|p2a: Gliscor
|-damage|p2a: Gliscor|60/100 tox
|
|-heal|p2a: Gliscor|72/100 tox|[from] ability: Poison Heal
|upkeep
|turn|5
|
|t:|1781117978
|move|p1a: Ogerpon|U-turn|p2a: Gliscor
|-resisted|p2a: Gliscor
|-damage|p2a: Gliscor|64/100 tox
|
|t:|1781117980
|switch|p1a: Gholdengo|Gholdengo|100/100|[from] U-turn
|move|p2a: Gliscor|Toxic|p1a: Gholdengo
|-immune|p1a: Gholdengo|[from] ability: Good as Gold
|
|-heal|p2a: Gliscor|76/100 tox|[from] ability: Poison Heal
|upkeep
|turn|6
|
|t:|1781117991
|move|p2a: Gliscor|Protect|p2a: Gliscor
|-singleturn|p2a: Gliscor|Protect
|move|p1a: Gholdengo|Trick|p2a: Gliscor
|-activate|p2a: Gliscor|move: Protect
|
|-heal|p2a: Gliscor|89/100 tox|[from] ability: Poison Heal
|upkeep
|turn|7
|
|t:|1781118006
|switch|p1a: Ting-Lu|Ting-Lu|100/100
|-ability|p1a: Ting-Lu|Vessel of Ruin
|move|p2a: Gliscor|Knock Off|p1a: Ting-Lu
|-resisted|p1a: Ting-Lu
|-damage|p1a: Ting-Lu|94/100
|-enditem|p1a: Ting-Lu|Leftovers|[from] move: Knock Off|[of] p2a: Gliscor
|
|-heal|p2a: Gliscor|100/100 tox|[from] ability: Poison Heal
|upkeep
|turn|8
|
|t:|1781118016
|switch|p1a: Gholdengo|Gholdengo|100/100
|move|p2a: Gliscor|Spikes|p1a: Gholdengo
|-sidestart|p1: katz motel|Spikes
|
|upkeep
|turn|9
|
|t:|1781118021
|move|p2a: Gliscor|Protect|p2a: Gliscor
|-singleturn|p2a: Gliscor|Protect
|move|p1a: Gholdengo|Trick|p2a: Gliscor
|-activate|p2a: Gliscor|move: Protect
|
|upkeep
|turn|10
|
|t:|1781118026
|switch|p2a: Gholdengo|Gholdengo|100/100
|move|p1a: Gholdengo|Trick|p2a: Gholdengo
|-immune|p2a: Gholdengo|[from] ability: Good as Gold
|
|upkeep
|turn|11
|
|t:|1781118041
|switch|p2a: Gliscor|Gliscor, F|100/100 tox
|switch|p1a: Ting-Lu|Ting-Lu|94/100
|-damage|p1a: Ting-Lu|82/100|[from] Spikes
|-ability|p1a: Ting-Lu|Vessel of Ruin
|
|upkeep
|turn|12
|
|t:|1781118053
|move|p2a: Gliscor|Spikes|p1a: Ting-Lu
|-sidestart|p1: katz motel|Spikes
|move|p1a: Ting-Lu|Spikes|p2a: Gliscor
|-sidestart|p2: SincereSarje|Spikes
|
|upkeep
|turn|13
|
|t:|1781118060
|switch|p1a: Gholdengo|Gholdengo|100/100
|-damage|p1a: Gholdengo|84/100|[from] Spikes
|move|p2a: Gliscor|Spikes|p1a: Gholdengo
|-sidestart|p1: katz motel|Spikes
|
|upkeep
|turn|14
|j| testingrainteam1
|
|t:|1781118068
|move|p2a: Gliscor|Protect|p2a: Gliscor
|-singleturn|p2a: Gliscor|Protect
|move|p1a: Gholdengo|Shadow Ball|p2a: Gliscor
|-activate|p2a: Gliscor|move: Protect
|
|upkeep
|turn|15
|
|t:|1781118074
|move|p1a: Gholdengo|Shadow Ball|p2a: Gliscor
|-damage|p2a: Gliscor|65/100 tox
|move|p2a: Gliscor|Knock Off|p1a: Gholdengo
|-supereffective|p1a: Gholdengo
|-damage|p1a: Gholdengo|38/100
|-enditem|p1a: Gholdengo|Choice Scarf|[from] move: Knock Off|[of] p2a: Gliscor
|
|-heal|p2a: Gliscor|78/100 tox|[from] ability: Poison Heal
|upkeep
|turn|16
|
|t:|1781118083
|switch|p2a: Ting-Lu|Ting-Lu|91/100
|-damage|p2a: Ting-Lu|79/100|[from] Spikes
|-ability|p2a: Ting-Lu|Vessel of Ruin
|move|p1a: Gholdengo|Recover|p1a: Gholdengo
|-heal|p1a: Gholdengo|88/100
|
|upkeep
|turn|17
|
|t:|1781118090
|switch|p1a: Ogerpon|Ogerpon, F|84/100
|move|p2a: Ting-Lu|Stealth Rock|p1a: Ogerpon
|-sidestart|p1: katz motel|move: Stealth Rock
|
|upkeep
|turn|18
|
|t:|1781118098
|switch|p1a: Walking Wake|Walking Wake|100/100
|switch|p2a: Gliscor|Gliscor, F|78/100 tox
|
|-heal|p2a: Gliscor|90/100 tox|[from] ability: Poison Heal
|upkeep
|turn|19
|
|t:|1781118105
|move|p2a: Gliscor|Protect|p2a: Gliscor
|-singleturn|p2a: Gliscor|Protect
|move|p1a: Walking Wake|Surf|p2a: Gliscor
|-activate|p2a: Gliscor|move: Protect
|
|-heal|p2a: Gliscor|100/100 tox|[from] ability: Poison Heal
|upkeep
|turn|20
|
|t:|1781118113
|-terastallize|p2a: Gliscor|Water
|move|p1a: Walking Wake|Knock Off|p2a: Gliscor
|-damage|p2a: Gliscor|88/100 tox
|-enditem|p2a: Gliscor|Toxic Orb|[from] move: Knock Off|[of] p1a: Walking Wake
|move|p2a: Gliscor|Toxic|p1a: Walking Wake
|-status|p1a: Walking Wake|tox
|
|-damage|p1a: Walking Wake|94/100 tox|[from] psn
|-heal|p2a: Gliscor|100/100 tox|[from] ability: Poison Heal
|upkeep
|turn|21
|
|t:|1781118122
|move|p1a: Walking Wake|Flip Turn|p2a: Gliscor
|-resisted|p2a: Gliscor
|-damage|p2a: Gliscor|95/100 tox
|
|t:|1781118124
|-end|p1a: Walking Wake|Protosynthesis|[silent]
|switch|p1a: Gholdengo|Gholdengo|88/100|[from] Flip Turn
|-damage|p1a: Gholdengo|63/100|[from] Spikes
|-damage|p1a: Gholdengo|57/100|[from] Stealth Rock
|move|p2a: Gliscor|Knock Off|p1a: Gholdengo
|-supereffective|p1a: Gholdengo
|-damage|p1a: Gholdengo|23/100
|
|-heal|p2a: Gliscor|100/100 tox|[from] ability: Poison Heal
|upkeep
|turn|22
|
|t:|1781118138
|move|p1a: Gholdengo|Recover|p1a: Gholdengo
|-heal|p1a: Gholdengo|74/100
|move|p2a: Gliscor|Knock Off|p1a: Gholdengo
|-supereffective|p1a: Gholdengo
|-damage|p1a: Gholdengo|40/100
|
|upkeep
|turn|23
|
|t:|1781118144
|move|p1a: Gholdengo|Recover|p1a: Gholdengo
|-heal|p1a: Gholdengo|91/100
|move|p2a: Gliscor|Knock Off|p1a: Gholdengo
|-supereffective|p1a: Gholdengo
|-damage|p1a: Gholdengo|60/100
|
|upkeep
|turn|24
|
|t:|1781118148
|switch|p2a: Ting-Lu|Ting-Lu|79/100
|-damage|p2a: Ting-Lu|66/100|[from] Spikes
|-ability|p2a: Ting-Lu|Vessel of Ruin
|move|p1a: Gholdengo|Recover|p1a: Gholdengo
|-heal|p1a: Gholdengo|100/100
|
|upkeep
|turn|25
|
|t:|1781118155
|switch|p1a: Ting-Lu|Ting-Lu|82/100
|-damage|p1a: Ting-Lu|57/100|[from] Spikes
|-damage|p1a: Ting-Lu|51/100|[from] Stealth Rock
|-ability|p1a: Ting-Lu|Vessel of Ruin
|move|p2a: Ting-Lu|Ruination|p1a: Ting-Lu
|-damage|p1a: Ting-Lu|26/100
|
|upkeep
|turn|26
|
|t:|1781118165
|move|p1a: Ting-Lu|Spikes|p2a: Ting-Lu
|-sidestart|p2: SincereSarje|Spikes
|move|p2a: Ting-Lu|Whirlwind|p1a: Ting-Lu
|drag|p1a: Dragonite|Dragonite, F|100/100
|
|upkeep
|turn|27
|
|t:|1781118173
|switch|p1a: Ogerpon|Ogerpon, F|84/100
|move|p2a: Ting-Lu|Ruination|p1a: Ogerpon
|-damage|p1a: Ogerpon|42/100
|
|upkeep
|turn|28
|
|t:|1781118179
|switch|p2a: Pecharunt|Pecharunt|100/100
|move|p1a: Ogerpon|Ivy Cudgel|p2a: Pecharunt
|-resisted|p2a: Pecharunt
|-damage|p2a: Pecharunt|85/100
|
|upkeep
|turn|29
|
|t:|1781118189
|move|p1a: Ogerpon|U-turn|p2a: Pecharunt
|-resisted|p2a: Pecharunt
|-damage|p2a: Pecharunt|82/100
|
|t:|1781118190
|switch|p1a: Ting-Lu|Ting-Lu|26/100|[from] U-turn
|-damage|p1a: Ting-Lu|1/100|[from] Spikes
|-damage|p1a: Ting-Lu|0 fnt|[from] Stealth Rock
|faint|p1a: Ting-Lu
|move|p2a: Pecharunt|Malignant Chain|p1: Ting-Lu|[notarget]
|-fail|p2a: Pecharunt
|
|upkeep
|
|t:|1781118194
|switch|p1a: Gholdengo|Gholdengo|100/100
|-damage|p1a: Gholdengo|76/100|[from] Spikes
|-damage|p1a: Gholdengo|70/100|[from] Stealth Rock
|turn|30
|
|t:|1781118207
|switch|p1a: Ogerpon|Ogerpon, F|42/100
|move|p2a: Pecharunt|Shadow Ball|p1a: Ogerpon
|-damage|p1a: Ogerpon|12/100
|
|upkeep
|turn|31
|
|t:|1781118213
|move|p1a: Ogerpon|Knock Off|p2a: Pecharunt
|-supereffective|p2a: Pecharunt
|-crit|p2a: Pecharunt
|-damage|p2a: Pecharunt|23/100
|-enditem|p2a: Pecharunt|Heavy-Duty Boots|[from] move: Knock Off|[of] p1a: Ogerpon
|move|p2a: Pecharunt|Recover|p2a: Pecharunt
|-heal|p2a: Pecharunt|73/100
|
|upkeep
|turn|32
|
|t:|1781118217
|move|p1a: Ogerpon|Encore|p2a: Pecharunt
|-start|p2a: Pecharunt|Encore
|move|p2a: Pecharunt|Recover|p2a: Pecharunt
|-heal|p2a: Pecharunt|100/100
|
|upkeep
|turn|33
|
|t:|1781118226
|switch|p2a: Gliscor|Gliscor, F, tera:Water|100/100 tox
|-damage|p2a: Gliscor|84/100 tox|[from] Spikes
|move|p1a: Ogerpon|Ivy Cudgel|p2a: Gliscor
|-supereffective|p2a: Gliscor
|-damage|p2a: Gliscor|7/100 tox
|
|-heal|p2a: Gliscor|20/100 tox|[from] ability: Poison Heal
|upkeep
|turn|34
|
|t:|1781118236
|move|p2a: Gliscor|Protect|p2a: Gliscor
|-singleturn|p2a: Gliscor|Protect
|move|p1a: Ogerpon|Ivy Cudgel|p2a: Gliscor
|-activate|p2a: Gliscor|move: Protect
|
|-heal|p2a: Gliscor|32/100 tox|[from] ability: Poison Heal
|upkeep
|turn|35
|
|t:|1781118241
|switch|p2a: Weavile|Weavile, F|100/100
|-ability|p2a: Weavile|Pressure
|move|p1a: Ogerpon|Ivy Cudgel|p2a: Weavile
|-damage|p2a: Weavile|14/100
|
|upkeep
|turn|36
|
|t:|1781118248
|switch|p1a: Moltres|Moltres|100/100
|move|p2a: Weavile|Ice Shard|p1a: Moltres
|-damage|p1a: Moltres|86/100
|
|upkeep
|turn|37
|
|t:|1781118253
|move|p2a: Weavile|Knock Off|p1a: Moltres
|-damage|p1a: Moltres|55/100
|-enditem|p1a: Moltres|Heavy-Duty Boots|[from] move: Knock Off|[of] p2a: Weavile
|move|p1a: Moltres|U-turn|p2a: Weavile
|-supereffective|p2a: Weavile
|-damage|p2a: Weavile|0 fnt
|faint|p2a: Weavile
|
|t:|1781118276
|switch|p1a: Ogerpon|Ogerpon, F|12/100|[from] U-turn
|
|upkeep
|
|t:|1781118279
|switch|p2a: Gholdengo|Gholdengo|100/100
|-damage|p2a: Gholdengo|84/100|[from] Spikes
|turn|38
|
|t:|1781118287
|switch|p2a: Gliscor|Gliscor, F, tera:Water|32/100 tox
|-damage|p2a: Gliscor|16/100 tox|[from] Spikes
|switch|p1a: Moltres|Moltres|55/100
|-damage|p1a: Moltres|5/100|[from] Stealth Rock
|
|-heal|p2a: Gliscor|28/100 tox|[from] ability: Poison Heal
|upkeep
|turn|39
|
|t:|1781118298
|move|p2a: Gliscor|Toxic|p1a: Moltres
|-status|p1a: Moltres|tox
|move|p1a: Moltres|Roost|p1a: Moltres
|-heal|p1a: Moltres|55/100 tox
|-singleturn|p1a: Moltres|move: Roost
|
|-heal|p2a: Gliscor|41/100 tox|[from] ability: Poison Heal
|-damage|p1a: Moltres|49/100 tox|[from] psn
|upkeep
|turn|40
|
|t:|1781118309
|move|p2a: Gliscor|Protect|p2a: Gliscor
|-singleturn|p2a: Gliscor|Protect
|move|p1a: Moltres|Roost|p1a: Moltres
|-heal|p1a: Moltres|99/100 tox
|-singleturn|p1a: Moltres|move: Roost
|
|-heal|p2a: Gliscor|53/100 tox|[from] ability: Poison Heal
|-damage|p1a: Moltres|87/100 tox|[from] psn
|upkeep
|turn|41
|
|t:|1781118316
|move|p2a: Gliscor|Toxic|p1a: Moltres
|-fail|p1a: Moltres|tox
|move|p1a: Moltres|U-turn|p2a: Gliscor
|-damage|p2a: Gliscor|43/100 tox
|
|t:|1781118319
|switch|p1a: Ogerpon|Ogerpon, F|12/100|[from] U-turn
|
|-heal|p2a: Gliscor|55/100 tox|[from] ability: Poison Heal
|upkeep
|turn|42
|
|t:|1781118322
|move|p1a: Ogerpon|Ivy Cudgel|p2a: Gliscor
|-supereffective|p2a: Gliscor
|-crit|p2a: Gliscor
|-damage|p2a: Gliscor|0 fnt
|faint|p2a: Gliscor
|
|upkeep
|
|t:|1781118327
|switch|p2a: Pecharunt|Pecharunt|100/100
|-damage|p2a: Pecharunt|84/100|[from] Spikes
|turn|43
|
|t:|1781118340
|move|p1a: Ogerpon|U-turn|p2a: Pecharunt
|-resisted|p2a: Pecharunt
|-damage|p2a: Pecharunt|81/100
|
|t:|1781118344
|switch|p1a: Gholdengo|Gholdengo|70/100|[from] U-turn
|-damage|p1a: Gholdengo|45/100|[from] Spikes
|-damage|p1a: Gholdengo|39/100|[from] Stealth Rock
|move|p2a: Pecharunt|Shadow Ball|p1a: Gholdengo
|-supereffective|p1a: Gholdengo
|-damage|p1a: Gholdengo|0 fnt
|faint|p1a: Gholdengo
|
|upkeep
|
|t:|1781118356
|switch|p1a: Walking Wake|Walking Wake|94/100 tox
|turn|44
|
|t:|1781118362
|switch|p2a: Ting-Lu|Ting-Lu|66/100
|-damage|p2a: Ting-Lu|50/100|[from] Spikes
|-ability|p2a: Ting-Lu|Vessel of Ruin
|move|p1a: Walking Wake|Surf|p2a: Ting-Lu
|-supereffective|p2a: Ting-Lu
|-damage|p2a: Ting-Lu|9/100
|
|-damage|p1a: Walking Wake|88/100 tox|[from] psn
|upkeep
|turn|45
|
|t:|1781118391
|move|p1a: Walking Wake|Surf|p2a: Ting-Lu
|-supereffective|p2a: Ting-Lu
|-damage|p2a: Ting-Lu|0 fnt
|faint|p2a: Ting-Lu
|
|-damage|p1a: Walking Wake|76/100 tox|[from] psn
|upkeep
|
|t:|1781118402
|switch|p2a: Walking Wake|Walking Wake|100/100
|turn|46
|inactive|katz motel has 120 seconds left.
|l|☆katz motel
|inactive|katz motel disconnected and has a minute to reconnect!
|player|p1|
|inactive|SincereSarje has 120 seconds left.
|inactive|katz motel has 30 seconds to reconnect!
|j|☆katz motel
|inactive|katz motel reconnected and has 70 seconds left.
|player|p1|katz motel|102|
|
|t:|1781118476
|-end|p1a: Walking Wake|Protosynthesis|[silent]
|switch|p1a: Moltres|Moltres|87/100 tox
|-damage|p1a: Moltres|37/100 tox|[from] Stealth Rock
|move|p2a: Walking Wake|Flip Turn|p1a: Moltres
|-supereffective|p1a: Moltres
|-damage|p1a: Moltres|15/100 tox
|-status|p2a: Walking Wake|brn|[from] ability: Flame Body|[of] p1a: Moltres
|
|t:|1781118489
|-end|p2a: Walking Wake|Protosynthesis|[silent]
|switch|p2a: Gholdengo|Gholdengo|84/100|[from] Flip Turn
|-damage|p2a: Gholdengo|67/100|[from] Spikes
|
|-damage|p1a: Moltres|9/100 tox|[from] psn
|upkeep
|turn|47
|
|t:|1781118493
|move|p2a: Gholdengo|Shadow Ball|p1a: Moltres
|-damage|p1a: Moltres|0 fnt
|faint|p1a: Moltres
|
|upkeep
|
|t:|1781118511
|switch|p1a: Dragonite|Dragonite, F|100/100
|turn|48
|inactive|SincereSarje has 120 seconds left.
|
|t:|1781118520
|switch|p2a: Pecharunt|Pecharunt|81/100
|-damage|p2a: Pecharunt|64/100|[from] Spikes
|move|p1a: Dragonite|Dragon Dance|p1a: Dragonite
|-boost|p1a: Dragonite|atk|1
|-boost|p1a: Dragonite|spe|1
|
|upkeep
|turn|49
|inactive|katz motel has 90 seconds left.
|
|t:|1781118530
|-terastallize|p1a: Dragonite|Ground
|move|p1a: Dragonite|Dragon Dance|p1a: Dragonite
|-boost|p1a: Dragonite|atk|1
|-boost|p1a: Dragonite|spe|1
|move|p2a: Pecharunt|Malignant Chain|p1a: Dragonite
|-resisted|p1a: Dragonite
|-damage|p1a: Dragonite|92/100
|
|upkeep
|turn|50
|
|t:|1781118539
|move|p1a: Dragonite|Earthquake|p2a: Pecharunt
|-supereffective|p2a: Pecharunt
|-damage|p2a: Pecharunt|0 fnt
|faint|p2a: Pecharunt
|
|upkeep
|
|t:|1781118540
|switch|p2a: Walking Wake|Walking Wake|100/100 brn
|turn|51
|
|t:|1781118544
|move|p1a: Dragonite|Earthquake|p2a: Walking Wake
|-damage|p2a: Walking Wake|0 fnt
|faint|p2a: Walking Wake
|-end|p2a: Walking Wake|Protosynthesis|[silent]
|
|upkeep
|
|t:|1781118548
|switch|p2a: Gholdengo|Gholdengo|67/100
|-damage|p2a: Gholdengo|51/100|[from] Spikes
|turn|52
|
|t:|1781118550
|move|p1a: Dragonite|Earthquake|p2a: Gholdengo
|-supereffective|p2a: Gholdengo
|-damage|p2a: Gholdengo|0 fnt
|faint|p2a: Gholdengo
|
|win|katz motel
|raw|katz motel's rating: 1569 &rarr; <strong>1593</strong><br />(+24 for winning)
|raw|SincereSarje's rating: 1639 &rarr; <strong>1615</strong><br />(-24 for losing)
