|j|☆GreninjaMyFav
|j|‽oathusishere
|t:|1781419896
|gametype|singles
|player|p1|GreninjaMyFav|skyla|1749
|player|p2|oathusishere|artistf-gen6|1735
|gen|9
|tier|[Gen 9] OU
|rated|
|rule|HP Percentage Mod: HP is shown in percentages
|rule|Endless Battle Clause: Forcing endless battles is banned
|rule|Species Clause: Limit one of each Pokémon
|rule|OHKO Clause: OHKO moves are banned
|rule|Evasion Items Clause: Evasion items are banned
|rule|Evasion Moves Clause: Evasion moves are banned
|rule|Evasion Abilities Clause: Evasion abilities are banned
|rule|Sleep Moves Clause: Sleep-inducing moves are banned
|clearpoke
|poke|p1|Greninja-*, M|
|poke|p1|Raging Bolt|
|poke|p1|Kingambit, M|
|poke|p1|Great Tusk|
|poke|p1|Slowking-Galar, M|
|poke|p1|Corviknight, F|
|poke|p2|Gardevoir, M|
|poke|p2|Rillaboom, M|
|poke|p2|Iron Crown|
|poke|p2|Great Tusk|
|poke|p2|Glimmora, M|
|poke|p2|Iron Jugulis|
|teampreview
|inactive|Battle timer is ON: inactive players will automatically lose when time's up. (requested by oathusishere)
|
|t:|1781419909
|teamsize|p1|6
|teamsize|p2|6
|start
|switch|p1a: Slowking|Slowking-Galar, M|100/100
|switch|p2a: Rillaboom|Rillaboom, M|100/100
|-fieldstart|move: Grassy Terrain|[from] ability: Grassy Surge|[of] p2a: Rillaboom
|turn|1
|
|t:|1781419912
|switch|p2a: Glimmora|Glimmora, M|100/100
|switch|p1a: Corviknight|Corviknight, F|100/100
|-ability|p1a: Corviknight|Pressure
|
|upkeep
|turn|2
|
|t:|1781419915
|move|p2a: Glimmora|Stealth Rock|p1a: Corviknight
|-sidestart|p1: GreninjaMyFav|move: Stealth Rock
|move|p1a: Corviknight|U-turn|p2a: Glimmora
|-resisted|p2a: Glimmora
|-damage|p2a: Glimmora|92/100
|-activate|p2a: Glimmora|ability: Toxic Debris
|-sidestart|p1: GreninjaMyFav|move: Toxic Spikes
|
|t:|1781419917
|switch|p1a: Slowking|Slowking-Galar, M|100/100|[from] U-turn
|-sideend|p1: GreninjaMyFav|move: Toxic Spikes|[of] p1a: Slowking
|
|-heal|p2a: Glimmora|99/100|[from] Grassy Terrain
|upkeep
|turn|3
|
|t:|1781419919
|move|p2a: Glimmora|Earth Power|p1a: Slowking
|-supereffective|p1a: Slowking
|-damage|p1a: Slowking|65/100
|move|p1a: Slowking|Thunder Wave|p2a: Glimmora
|-status|p2a: Glimmora|par
|
|-heal|p2a: Glimmora|100/100 par|[from] Grassy Terrain
|-heal|p1a: Slowking|71/100|[from] Grassy Terrain
|upkeep
|turn|4
|
|t:|1781419923
|move|p2a: Glimmora|Earth Power|p1a: Slowking
|-supereffective|p1a: Slowking
|-damage|p1a: Slowking|37/100
|move|p1a: Slowking|Psychic Noise|p2a: Glimmora
|-supereffective|p2a: Glimmora
|-damage|p2a: Glimmora|20/100 par
|-start|p2a: Glimmora|move: Heal Block
|
|-heal|p1a: Slowking|43/100|[from] Grassy Terrain
|upkeep
|turn|5
|
|t:|1781419927
|switch|p1a: Corviknight|Corviknight, F|100/100
|-damage|p1a: Corviknight|88/100|[from] Stealth Rock
|-ability|p1a: Corviknight|Pressure
|move|p2a: Glimmora|Meteor Beam||[still]
|-prepare|p2a: Glimmora|Meteor Beam
|-boost|p2a: Glimmora|spa|1
|-enditem|p2a: Glimmora|Power Herb
|-anim|p2a: Glimmora|Meteor Beam|p1a: Corviknight
|-damage|p1a: Corviknight|0 fnt
|faint|p1a: Corviknight
|
|-end|p2a: Glimmora|move: Heal Block
|upkeep
|
|t:|1781419931
|switch|p1a: Greninja|Greninja, M|100/100
|-damage|p1a: Greninja|88/100|[from] Stealth Rock
|turn|6
|
|t:|1781419936
|move|p1a: Greninja|Sludge Wave|p2a: Glimmora
|-start|p1a: Greninja|typechange|Poison|[from] ability: Protean
|-resisted|p2a: Glimmora
|-damage|p2a: Glimmora|1/100 par
|move|p2a: Glimmora|Energy Ball|p1a: Greninja
|-resisted|p1a: Greninja
|-damage|p1a: Greninja|37/100
|
|-heal|p1a: Greninja|43/100|[from] Grassy Terrain
|-heal|p2a: Glimmora|7/100 par|[from] Grassy Terrain
|upkeep
|turn|7
|
|t:|1781419940
|move|p1a: Greninja|Sludge Wave|p2a: Glimmora
|-resisted|p2a: Glimmora
|-damage|p2a: Glimmora|0 fnt
|faint|p2a: Glimmora
|
|-heal|p1a: Greninja|49/100|[from] Grassy Terrain
|upkeep
|
|t:|1781419943
|switch|p2a: Iron Jugulis|Iron Jugulis|100/100
|-enditem|p2a: Iron Jugulis|Booster Energy
|-activate|p2a: Iron Jugulis|ability: Quark Drive|[fromitem]
|-start|p2a: Iron Jugulis|quarkdrivespe
|turn|8
|
|t:|1781419945
|switch|p1a: Raging Bolt|Raging Bolt|100/100
|-damage|p1a: Raging Bolt|88/100|[from] Stealth Rock
|move|p2a: Iron Jugulis|Dark Pulse|p1a: Raging Bolt
|-damage|p1a: Raging Bolt|49/100
|
|-heal|p1a: Raging Bolt|55/100|[from] Grassy Terrain
|-fieldend|move: Grassy Terrain
|upkeep
|turn|9
|
|t:|1781419952
|-terastallize|p2a: Iron Jugulis|Ground
|move|p1a: Raging Bolt|Thunderclap|p2a: Iron Jugulis
|-immune|p2a: Iron Jugulis
|move|p2a: Iron Jugulis|Earth Power|p1a: Raging Bolt
|-supereffective|p1a: Raging Bolt
|-damage|p1a: Raging Bolt|0 fnt
|faint|p1a: Raging Bolt
|-end|p1a: Raging Bolt|Protosynthesis|[silent]
|
|upkeep
|-message|GreninjaMyFav forfeited.
|
|win|oathusishere
|raw|GreninjaMyFav's rating: 1749 &rarr; <strong>1728</strong><br />(-21 for losing)
|raw|oathusishere's rating: 1735 &rarr; <strong>1756</strong><br />(+21 for winning)
