|j|☆tauros3
|j|☆Mawile442
|t:|1781372089
|gametype|singles
|player|p1|tauros3|swimmer-gen4dp|1584
|player|p2|Mawile442|170|1645
|gen|9
|tier|[Gen 9] OU
|rated|
|rule|HP Percentage Mod: HP is shown in percentages
|rule|Endless Battle Clause: Forcing endless battles is banned
|rule|Species Clause: Limit one of each Pokémon
|rule|OHKO Clause: OHKO moves are banned
|rule|Evasion Items Clause: Evasion items are banned
|rule|Evasion Moves Clause: Evasion moves are banned
|rule|Evasion Abilities Clause: Evasion abilities are banned
|rule|Sleep Moves Clause: Sleep-inducing moves are banned
|clearpoke
|poke|p1|Ninetales-Alola, F|
|poke|p1|Kyurem|
|poke|p1|Moltres-Galar|
|poke|p1|Ursaluna, F|
|poke|p1|Diancie|
|poke|p1|Hatterene, F|
|poke|p2|Tyranitar, F|
|poke|p2|Excadrill, F|
|poke|p2|Ogerpon-Wellspring, F|
|poke|p2|Zamazenta-*|
|poke|p2|Garganacl, F|
|poke|p2|Moltres|
|teampreview
|inactive|Battle timer is ON: inactive players will automatically lose when time's up. (requested by tauros3)
|
|t:|1781372097
|teamsize|p1|6
|teamsize|p2|6
|start
|switch|p1a: Butterfly|Moltres-Galar|100/100
|switch|p2a: Tyranitar|Tyranitar, F, shiny|100/100
|-weather|Sandstorm|[from] ability: Sand Stream|[of] p2a: Tyranitar
|turn|1
|
|t:|1781372121
|switch|p1a: Pink Triangle|Hatterene, F|100/100
|move|p2a: Tyranitar|Stone Edge|p1a: Pink Triangle
|-damage|p1a: Pink Triangle|9/100
|
|-weather|Sandstorm|[upkeep]
|-damage|p1a: Pink Triangle|3/100|[from] Sandstorm
|upkeep
|turn|2
|
|t:|1781372129
|move|p2a: Tyranitar|Stone Edge|p1a: Pink Triangle
|-damage|p1a: Pink Triangle|0 fnt
|faint|p1a: Pink Triangle
|
|-weather|Sandstorm|[upkeep]
|upkeep
|
|t:|1781372135
|switch|p1a: El Scorcho|Ursaluna, F|100/100
|turn|3
|
|t:|1781372139
|switch|p2a: Zamazenta|Zamazenta, shiny|100/100
|-ability|p2a: Zamazenta|Dauntless Shield|boost
|-boost|p2a: Zamazenta|def|1
|move|p1a: El Scorcho|Swords Dance|p1a: El Scorcho
|-boost|p1a: El Scorcho|atk|2
|
|-weather|Sandstorm|[upkeep]
|-damage|p2a: Zamazenta|94/100|[from] Sandstorm
|-status|p1a: El Scorcho|brn|[from] item: Flame Orb
|upkeep
|turn|4
|
|t:|1781372144
|switch|p1a: The Good Life|Ninetales-Alola, F|100/100
|-weather|Snowscape|[from] ability: Snow Warning|[of] p1a: The Good Life
|move|p2a: Zamazenta|Close Combat|p1a: The Good Life
|-damage|p1a: The Good Life|53/100
|-unboost|p2a: Zamazenta|def|1
|-unboost|p2a: Zamazenta|spd|1
|
|-weather|Snowscape|[upkeep]
|upkeep
|turn|5
|
|t:|1781372155
|switch|p1a: Butterfly|Moltres-Galar|100/100
|move|p2a: Zamazenta|Heavy Slam|p1a: Butterfly
|-damage|p1a: Butterfly|71/100
|
|-weather|Snowscape|[upkeep]
|upkeep
|turn|6
|
|t:|1781372173
|switch|p2a: Tyranitar|Tyranitar, F, shiny|100/100
|-weather|Sandstorm|[from] ability: Sand Stream|[of] p2a: Tyranitar
|switch|p1a: No Other One|Diancie|100/100
|
|-weather|Sandstorm|[upkeep]
|upkeep
|turn|7
|
|t:|1781372196
|move|p2a: Tyranitar|Stone Edge|p1a: No Other One|[miss]
|-miss|p2a: Tyranitar|p1a: No Other One
|move|p1a: No Other One|Trick Room|p1a: No Other One
|-fieldstart|move: Trick Room|[of] p1a: No Other One
|
|-weather|Sandstorm|[upkeep]
|upkeep
|turn|8
|
|t:|1781372213
|move|p1a: No Other One|Meteor Beam||[still]
|-prepare|p1a: No Other One|Meteor Beam
|-boost|p1a: No Other One|spa|1
|-enditem|p1a: No Other One|Power Herb
|-anim|p1a: No Other One|Meteor Beam|p2a: Tyranitar
|-damage|p2a: Tyranitar|43/100
|move|p2a: Tyranitar|Stone Edge|p1a: No Other One
|-damage|p1a: No Other One|35/100
|
|-weather|Sandstorm|[upkeep]
|upkeep
|turn|9
|
|t:|1781372218
|move|p1a: No Other One|Moonblast|p2a: Tyranitar
|-supereffective|p2a: Tyranitar
|-damage|p2a: Tyranitar|0 fnt
|faint|p2a: Tyranitar
|
|-weather|Sandstorm|[upkeep]
|upkeep
|
|t:|1781372232
|switch|p2a: Garganacl|Garganacl, F, shiny|100/100
|turn|10
|
|t:|1781372235
|move|p1a: No Other One|Meteor Beam||[still]
|-prepare|p1a: No Other One|Meteor Beam
|-boost|p1a: No Other One|spa|1
|move|p2a: Garganacl|Salt Cure|p1a: No Other One
|-damage|p1a: No Other One|25/100
|-start|p1a: No Other One|Salt Cure
|
|-weather|none
|-damage|p1a: No Other One|12/100|[from] Salt Cure
|upkeep
|turn|11
|
|t:|1781372240
|move|p2a: Garganacl|Protect|p2a: Garganacl
|-singleturn|p2a: Garganacl|Protect
|move|p1a: No Other One|Meteor Beam|p2a: Garganacl|[from] lockedmove
|-activate|p2a: Garganacl|move: Protect
|
|-damage|p1a: No Other One|0 fnt|[from] Salt Cure
|faint|p1a: No Other One
|-fieldend|move: Trick Room
|upkeep
|
|t:|1781372244
|switch|p1a: El Scorcho|Ursaluna, F|100/100 brn
|turn|12
|
|t:|1781372259
|move|p1a: El Scorcho|Headlong Rush|p2a: Garganacl
|-supereffective|p2a: Garganacl
|-damage|p2a: Garganacl|0 fnt
|-unboost|p1a: El Scorcho|def|1
|-unboost|p1a: El Scorcho|spd|1
|faint|p2a: Garganacl
|
|-damage|p1a: El Scorcho|94/100 brn|[from] brn
|upkeep
|
|t:|1781372262
|switch|p2a: Zamazenta|Zamazenta, shiny|94/100
|turn|13
|
|t:|1781372267
|switch|p1a: The Good Life|Ninetales-Alola, F|53/100
|-weather|Snowscape|[from] ability: Snow Warning|[of] p1a: The Good Life
|move|p2a: Zamazenta|Close Combat|p1a: The Good Life
|-damage|p1a: The Good Life|8/100
|-unboost|p2a: Zamazenta|def|1
|-unboost|p2a: Zamazenta|spd|1
|
|-weather|Snowscape|[upkeep]
|upkeep
|turn|14
|j| akabrithan
|
|t:|1781372285
|move|p2a: Zamazenta|Close Combat|p1a: The Good Life
|-damage|p1a: The Good Life|0 fnt
|-unboost|p2a: Zamazenta|def|1
|-unboost|p2a: Zamazenta|spd|1
|faint|p1a: The Good Life
|
|-weather|Snowscape|[upkeep]
|upkeep
|
|t:|1781372295
|switch|p1a: Butterfly|Moltres-Galar|71/100
|turn|15
|l| akabrithan
|
|t:|1781372305
|-terastallize|p2a: Zamazenta|Ice
|-terastallize|p1a: Butterfly|Ghost
|move|p2a: Zamazenta|Ice Fang|p1a: Butterfly
|-damage|p1a: Butterfly|31/100
|-ability|p1a: Butterfly|Berserk|boost
|-boost|p1a: Butterfly|spa|1
|-enditem|p1a: Butterfly|Sitrus Berry|[eat]
|-heal|p1a: Butterfly|56/100|[from] item: Sitrus Berry
|move|p1a: Butterfly|Agility|p1a: Butterfly
|-boost|p1a: Butterfly|spe|2
|
|-weather|Snowscape|[upkeep]
|upkeep
|turn|16
|
|t:|1781372321
|switch|p2a: Moltres|Moltres, shiny|100/100
|move|p1a: Butterfly|Fiery Wrath|p2a: Moltres
|-damage|p2a: Moltres|36/100
|
|-weather|Snowscape|[upkeep]
|upkeep
|turn|17
|
|t:|1781372328
|move|p1a: Butterfly|Fiery Wrath|p2a: Moltres
|-damage|p2a: Moltres|0 fnt
|faint|p2a: Moltres
|
|-weather|none
|upkeep
|
|t:|1781372331
|switch|p2a: Ogerpon|Ogerpon-Wellspring, F|100/100
|turn|18
|
|t:|1781372333
|move|p1a: Butterfly|Air Slash|p2a: Ogerpon
|-supereffective|p2a: Ogerpon
|-damage|p2a: Ogerpon|0 fnt
|faint|p2a: Ogerpon
|
|upkeep
|
|t:|1781372336
|switch|p2a: Excadrill|Excadrill, F, shiny|100/100
|turn|19
|
|t:|1781372338
|move|p1a: Butterfly|Fiery Wrath|p2a: Excadrill
|-damage|p2a: Excadrill|7/100
|move|p2a: Excadrill|Earthquake|p1a: Butterfly
|-damage|p1a: Butterfly|0 fnt
|faint|p1a: Butterfly
|
|-heal|p2a: Excadrill|14/100|[from] item: Leftovers
|upkeep
|j| gen 9 is trash man
|
|t:|1781372344
|switch|p1a: Getchoo|Kyurem|100/100
|-ability|p1a: Getchoo|Pressure
|turn|20
|
|t:|1781372348
|move|p2a: Excadrill|Iron Head|p1a: Getchoo
|-supereffective|p1a: Getchoo
|-damage|p1a: Getchoo|4/100
|move|p1a: Getchoo|Dragon Dance|p1a: Getchoo
|-boost|p1a: Getchoo|atk|1
|-boost|p1a: Getchoo|spe|1
|
|-heal|p2a: Excadrill|20/100|[from] item: Leftovers
|upkeep
|turn|21
|
|t:|1781372355
|move|p1a: Getchoo|Icicle Spear|p2a: Excadrill
|-damage|p2a: Excadrill|0 fnt
|faint|p2a: Excadrill
|-hitcount|p2: Excadrill|1
|
|upkeep
|
|t:|1781372357
|switch|p2a: Zamazenta|Zamazenta, shiny, tera:Ice|94/100
|turn|22
|
|t:|1781372363
|move|p1a: Getchoo|Scale Shot|p2a: Zamazenta
|-damage|p2a: Zamazenta|73/100
|-damage|p2a: Zamazenta|53/100
|-damage|p2a: Zamazenta|31/100
|-damage|p2a: Zamazenta|13/100
|-hitcount|p2a: Zamazenta|4
|-unboost|p1a: Getchoo|def|1
|-boost|p1a: Getchoo|spe|1
|move|p2a: Zamazenta|Crunch|p1a: Getchoo
|-damage|p1a: Getchoo|0 fnt
|faint|p1a: Getchoo
|
|upkeep
|
|t:|1781372369
|switch|p1a: El Scorcho|Ursaluna, F|94/100 brn
|turn|23
|
|t:|1781372379
|move|p2a: Zamazenta|Close Combat|p1a: El Scorcho
|-supereffective|p1a: El Scorcho
|-damage|p1a: El Scorcho|14/100 brn
|-unboost|p2a: Zamazenta|def|1
|-unboost|p2a: Zamazenta|spd|1
|move|p1a: El Scorcho|Facade|p2a: Zamazenta
|-damage|p2a: Zamazenta|0 fnt
|faint|p2a: Zamazenta
|
|win|tauros3
|raw|tauros3's rating: 1584 &rarr; <strong>1607</strong><br />(+23 for winning)
|raw|Mawile442's rating: 1645 &rarr; <strong>1622</strong><br />(-23 for losing)
|l|☆Mawile442
|player|p2|
|l|☆tauros3
|player|p1|
|l| gen 9 is trash man
