|j|☆biryanilover
|j|☆Paper snakes
|t:|1781522032
|gametype|singles
|player|p1|biryanilover|1|1594
|player|p2|Paper snakes|266|1525
|gen|9
|tier|[Gen 9] OU
|rated|
|rule|HP Percentage Mod: HP is shown in percentages
|rule|Endless Battle Clause: Forcing endless battles is banned
|rule|Species Clause: Limit one of each Pokémon
|rule|OHKO Clause: OHKO moves are banned
|rule|Evasion Items Clause: Evasion items are banned
|rule|Evasion Moves Clause: Evasion moves are banned
|rule|Evasion Abilities Clause: Evasion abilities are banned
|rule|Sleep Moves Clause: Sleep-inducing moves are banned
|clearpoke
|poke|p1|Rillaboom, M|
|poke|p1|Heatran, M|
|poke|p1|Walking Wake|
|poke|p1|Landorus-Therian, M|
|poke|p1|Zamazenta-*|
|poke|p1|Weezing-Galar, M|
|poke|p2|Reuniclus, F|
|poke|p2|Great Tusk|
|poke|p2|Scizor, F|
|poke|p2|Eelektross, M|
|poke|p2|Samurott-Hisui, M|
|poke|p2|Zapdos-Galar|
|teampreview
|inactive|Battle timer is ON: inactive players will automatically lose when time's up. (requested by biryanilover)
|
|t:|1781522047
|teamsize|p1|6
|teamsize|p2|6
|start
|switch|p1a: Walking Wake|Walking Wake|100/100
|switch|p2a: Zapdos|Zapdos-Galar|100/100
|turn|1
|
|t:|1781522063
|move|p1a: Walking Wake|Knock Off|p2a: Zapdos
|-resisted|p2a: Zapdos
|-damage|p2a: Zapdos|90/100
|-enditem|p2a: Zapdos|Assault Vest|[from] move: Knock Off|[of] p1a: Walking Wake
|move|p2a: Zapdos|Knock Off|p1a: Walking Wake
|-damage|p1a: Walking Wake|67/100
|-enditem|p1a: Walking Wake|Leftovers|[from] move: Knock Off|[of] p2a: Zapdos
|
|upkeep
|turn|2
|
|t:|1781522075
|move|p1a: Walking Wake|Scald|p2a: Zapdos
|-damage|p2a: Zapdos|44/100
|-status|p2a: Zapdos|brn
|move|p2a: Zapdos|U-turn|p1a: Walking Wake
|-damage|p1a: Walking Wake|55/100
|inactive|Paper snakes has 120 seconds left.
|inactive|Paper snakes has 90 seconds left.
|
|t:|1781522141
|switch|p2a: Scizor|Scizor, F|100/100|[from] U-turn
|
|upkeep
|turn|3
|
|t:|1781522155
|move|p1a: Walking Wake|Knock Off|p2a: Scizor
|-damage|p2a: Scizor|84/100
|-enditem|p2a: Scizor|Choice Band|[from] move: Knock Off|[of] p1a: Walking Wake
|move|p2a: Scizor|U-turn|p1a: Walking Wake
|-damage|p1a: Walking Wake|10/100
|
|t:|1781522173
|switch|p2a: Samurott|Samurott-Hisui, M|100/100|[from] U-turn
|
|upkeep
|turn|4
|
|t:|1781522177
|-end|p1a: Walking Wake|Protosynthesis|[silent]
|switch|p1a: Landorus|Landorus-Therian, M|100/100
|-ability|p1a: Landorus|Intimidate|boost
|-unboost|p2a: Samurott|atk|1
|move|p2a: Samurott|Ceaseless Edge|p1a: Landorus
|-damage|p1a: Landorus|71/100
|-damage|p2a: Samurott|84/100|[from] item: Rocky Helmet|[of] p1a: Landorus
|-sidestart|p1: biryanilover|Spikes
|
|upkeep
|turn|5
|
|t:|1781522189
|switch|p2a: Zapdos|Zapdos-Galar|44/100 brn
|move|p1a: Landorus|U-turn|p2a: Zapdos
|-resisted|p2a: Zapdos
|-damage|p2a: Zapdos|38/100 brn
|
|t:|1781522200
|switch|p1a: Zamazenta|Zamazenta|100/100|[from] U-turn
|-damage|p1a: Zamazenta|88/100|[from] Spikes
|-ability|p1a: Zamazenta|Dauntless Shield|boost
|-boost|p1a: Zamazenta|def|1
|
|-damage|p2a: Zapdos|32/100 brn|[from] brn
|upkeep
|turn|6
|
|t:|1781522212
|move|p1a: Zamazenta|Stone Edge|p2a: Zapdos
|-crit|p2a: Zapdos
|-damage|p2a: Zapdos|0 fnt
|faint|p2a: Zapdos
|-damage|p1a: Zamazenta|78/100|[from] item: Life Orb
|
|upkeep
|
|t:|1781522229
|switch|p2a: Reuniclus|Reuniclus, F|100/100
|turn|7
|
|t:|1781522239
|-terastallize|p1a: Zamazenta|Dark
|move|p1a: Zamazenta|Crunch|p2a: Reuniclus
|-supereffective|p2a: Reuniclus
|-damage|p2a: Reuniclus|0 fnt
|faint|p2a: Reuniclus
|-damage|p1a: Zamazenta|68/100|[from] item: Life Orb
|
|upkeep
|inactive|Paper snakes has 60 seconds left.
|
|t:|1781522272
|switch|p2a: Great Tusk|Great Tusk|100/100
|turn|8
|
|t:|1781522288
|switch|p1a: Landorus|Landorus-Therian, M|71/100
|-ability|p1a: Landorus|Intimidate|boost
|-unboost|p2a: Great Tusk|atk|1
|move|p2a: Great Tusk|Stealth Rock|p1a: Landorus
|-sidestart|p1: biryanilover|move: Stealth Rock
|
|upkeep
|turn|9
|
|t:|1781522305
|move|p1a: Landorus|U-turn|p2a: Great Tusk
|-resisted|p2a: Great Tusk
|-damage|p2a: Great Tusk|95/100
|-damage|p1a: Landorus|54/100|[from] item: Rocky Helmet|[of] p2a: Great Tusk
|
|t:|1781522309
|switch|p1a: Weezing|Weezing-Galar, M|100/100|[from] U-turn
|-ability|p1a: Weezing|Neutralizing Gas
|move|p2a: Great Tusk|Roar|p1a: Weezing
|-end|p1a: Weezing|ability: Neutralizing Gas
|drag|p1a: Walking Wake|Walking Wake|10/100
|-damage|p1a: Walking Wake|0 fnt|[from] Spikes
|faint|p1a: Walking Wake
|-end|p1a: Walking Wake|Protosynthesis|[silent]
|
|upkeep
|
|t:|1781522314
|switch|p1a: Weezing|Weezing-Galar, M|100/100
|-ability|p1a: Weezing|Neutralizing Gas
|turn|10
|inactive|Paper snakes has 60 seconds left.
|
|t:|1781522325
|-end|p2a: Great Tusk|Protosynthesis|[silent]
|switch|p2a: Scizor|Scizor, F|84/100
|move|p1a: Weezing|Strange Steam|p2a: Scizor
|-resisted|p2a: Scizor
|-damage|p2a: Scizor|69/100
|
|upkeep
|turn|11
|inactive|Paper snakes has 60 seconds left.
|
|t:|1781522334
|move|p2a: Scizor|Knock Off|p1a: Weezing
|-resisted|p1a: Weezing
|-damage|p1a: Weezing|88/100
|-enditem|p1a: Weezing|Heavy-Duty Boots|[from] move: Knock Off|[of] p2a: Scizor
|move|p1a: Weezing|Will-O-Wisp|p2a: Scizor|[miss]
|-miss|p1a: Weezing|p2a: Scizor
|
|upkeep
|turn|12
|
|t:|1781522341
|move|p2a: Scizor|Bullet Punch|p1a: Weezing
|-supereffective|p1a: Weezing
|-damage|p1a: Weezing|59/100
|move|p1a: Weezing|Will-O-Wisp|p2a: Scizor
|-status|p2a: Scizor|brn
|
|-damage|p2a: Scizor|63/100 brn|[from] brn
|upkeep
|turn|13
|
|t:|1781522351
|move|p2a: Scizor|Bullet Punch|p1a: Weezing
|-supereffective|p1a: Weezing
|-damage|p1a: Weezing|44/100
|move|p1a: Weezing|Defog|p2a: Scizor
|-unboost|p2a: Scizor|evasion|1
|-sideend|p1: biryanilover|Spikes|[from] move: Defog|[of] p1a: Weezing
|-sideend|p1: biryanilover|Stealth Rock|[from] move: Defog|[of] p1a: Weezing
|
|-damage|p2a: Scizor|56/100 brn|[from] brn
|upkeep
|turn|14
|
|t:|1781522359
|-end|p1a: Weezing|ability: Neutralizing Gas
|switch|p1a: Landorus|Landorus-Therian, M|54/100
|-ability|p1a: Landorus|Intimidate|boost
|-unboost|p2a: Scizor|atk|1
|move|p2a: Scizor|Knock Off|p1a: Landorus
|-damage|p1a: Landorus|42/100
|-damage|p2a: Scizor|40/100 brn|[from] item: Rocky Helmet|[of] p1a: Landorus
|-enditem|p1a: Landorus|Rocky Helmet|[from] move: Knock Off|[of] p2a: Scizor
|
|-damage|p2a: Scizor|34/100 brn|[from] brn
|upkeep
|turn|15
|j| wuxinshushu1
|
|t:|1781522371
|switch|p2a: Eelektross|Eelektross, M|100/100
|move|p1a: Landorus|Stealth Rock|p2a: Eelektross
|-sidestart|p2: Paper snakes|move: Stealth Rock
|
|upkeep
|turn|16
|
|t:|1781522381
|move|p1a: Landorus|Taunt|p2a: Eelektross
|-start|p2a: Eelektross|move: Taunt
|move|p2a: Eelektross|Supercell Slam|p1a: Landorus
|-immune|p1a: Landorus
|-damage|p2a: Eelektross|50/100|[from] supercellslam
|
|upkeep
|turn|17
|
|t:|1781522390
|move|p1a: Landorus|U-turn|p2a: Eelektross
|-damage|p2a: Eelektross|26/100
|
|t:|1781522393
|switch|p1a: Zamazenta|Zamazenta, tera:Dark|68/100|[from] U-turn
|move|p2a: Eelektross|Dragon Tail|p1a: Zamazenta
|-damage|p1a: Zamazenta|47/100
|drag|p1a: Heatran|Heatran, M|100/100
|
|upkeep
|turn|18
|
|t:|1781522403
|move|p1a: Heatran|Magma Storm|p2a: Eelektross
|-crit|p2a: Eelektross
|-damage|p2a: Eelektross|0 fnt
|faint|p2a: Eelektross
|
|upkeep
|inactive|Paper snakes has 90 seconds left.
|-message|Paper snakes forfeited.
|
|win|biryanilover
|raw|biryanilover's rating: 1594 &rarr; <strong>1610</strong><br />(+16 for winning)
|raw|Paper snakes's rating: 1525 &rarr; <strong>1509</strong><br />(-16 for losing)
|l|☆Paper snakes
|player|p2|
|l| wuxinshushu1
|l|☆biryanilover
|player|p1|
