|j|☆salazzle stan
|j|☆omari p
|t:|1781555418
|gametype|singles
|player|p1|salazzle stan|ninjaboy|1574
|player|p2|omari p|pokemonrangerf|1601
|gen|9
|tier|[Gen 9] OU
|rated|
|rule|HP Percentage Mod: HP is shown in percentages
|rule|Endless Battle Clause: Forcing endless battles is banned
|rule|Species Clause: Limit one of each Pokémon
|rule|OHKO Clause: OHKO moves are banned
|rule|Evasion Items Clause: Evasion items are banned
|rule|Evasion Moves Clause: Evasion moves are banned
|rule|Evasion Abilities Clause: Evasion abilities are banned
|rule|Sleep Moves Clause: Sleep-inducing moves are banned
|clearpoke
|poke|p1|Zapdos|
|poke|p1|Scizor, M|
|poke|p1|Heatran, M|
|poke|p1|Alomomola, M|
|poke|p1|Mienshao, M|
|poke|p1|Glimmora, F|
|poke|p2|Hoopa|
|poke|p2|Cinderace, F|
|poke|p2|Mandibuzz, F|
|poke|p2|Kyurem|
|poke|p2|Ting-Lu|
|poke|p2|Manaphy|
|teampreview
|c|☆salazzle stan|sick team
|inactive|Battle timer is ON: inactive players will automatically lose when time's up. (requested by salazzle stan)
|inactive|omari p has 120 seconds left.
|inactive|omari p has 90 seconds left.
|inactive|omari p has 60 seconds left.
|
|t:|1781555531
|teamsize|p1|6
|teamsize|p2|6
|start
|switch|p1a: Mienshao|Mienshao, M|100/100
|switch|p2a: Kyurem|Kyurem|100/100
|-ability|p2a: Kyurem|Pressure
|turn|1
|
|t:|1781555537
|move|p1a: Mienshao|Fake Out|p2a: Kyurem
|-crit|p2a: Kyurem
|-damage|p2a: Kyurem|81/100
|cant|p2a: Kyurem|flinch
|
|upkeep
|turn|2
|
|t:|1781555545
|switch|p1a: Scizor|Scizor, M|100/100
|move|p2a: Kyurem|Draco Meteor|p1a: Scizor
|-resisted|p1a: Scizor
|-damage|p1a: Scizor|57/100
|-unboost|p2a: Kyurem|spa|2
|
|upkeep
|turn|3
|
|t:|1781555552
|switch|p2a: Manaphy|Manaphy|100/100
|move|p1a: Scizor|Knock Off|p2a: Manaphy
|-damage|p2a: Manaphy|56/100
|-enditem|p2a: Manaphy|Leftovers|[from] move: Knock Off|[of] p1a: Scizor
|
|upkeep
|turn|4
|
|t:|1781555562
|move|p2a: Manaphy|Tail Glow|p2a: Manaphy
|-boost|p2a: Manaphy|spa|3
|move|p1a: Scizor|Knock Off|p2a: Manaphy
|-damage|p2a: Manaphy|23/100
|
|upkeep
|turn|5
|
|t:|1781555574
|switch|p1a: Alomomola|Alomomola, M|100/100
|move|p2a: Manaphy|Scald|p1a: Alomomola
|-resisted|p1a: Alomomola
|-damage|p1a: Alomomola|70/100
|
|upkeep
|turn|6
|
|t:|1781555580
|move|p2a: Manaphy|Scald|p1a: Alomomola
|-resisted|p1a: Alomomola
|-crit|p1a: Alomomola
|-damage|p1a: Alomomola|25/100
|move|p1a: Alomomola|Flip Turn|p2a: Manaphy
|-resisted|p2a: Manaphy
|-damage|p2a: Manaphy|17/100
|
|t:|1781555586
|switch|p1a: Mienshao|Mienshao, M|100/100|[from] Flip Turn
|
|upkeep
|turn|7
|
|t:|1781555593
|switch|p2a: Mandibuzz|Mandibuzz, F, shiny|100/100
|move|p1a: Mienshao|U-turn|p2a: Mandibuzz
|-damage|p2a: Mandibuzz|87/100
|
|t:|1781555607
|switch|p1a: Glimmora|Glimmora, F|100/100|[from] U-turn
|
|upkeep
|turn|8
|
|t:|1781555613
|switch|p2a: Manaphy|Manaphy|17/100
|move|p1a: Glimmora|Spikes|p2a: Manaphy
|-sidestart|p2: omari p|Spikes
|
|upkeep
|turn|9
|
|t:|1781555637
|move|p2a: Manaphy|Scald|p1a: Glimmora
|-supereffective|p1a: Glimmora
|-damage|p1a: Glimmora|40/100
|move|p1a: Glimmora|Sludge Wave|p2a: Manaphy
|-damage|p2a: Manaphy|0 fnt
|faint|p2a: Manaphy
|
|-heal|p1a: Glimmora|46/100|[from] item: Leftovers
|upkeep
|inactive|omari p has 120 seconds left.
|
|t:|1781555665
|switch|p2a: Cinderace|Cinderace, F|100/100
|-damage|p2a: Cinderace|88/100|[from] Spikes
|turn|10
|
|t:|1781555674
|switch|p1a: Zapdos|Zapdos|100/100
|move|p2a: Cinderace|High Jump Kick|p1a: Zapdos
|-start|p2a: Cinderace|typechange|Fighting|[from] ability: Libero
|-resisted|p1a: Zapdos
|-damage|p1a: Zapdos|77/100
|
|upkeep
|turn|11
|
|t:|1781555683
|-terastallize|p2a: Cinderace|Fire
|move|p2a: Cinderace|Pyro Ball|p1a: Zapdos
|-damage|p1a: Zapdos|31/100
|move|p1a: Zapdos|Hurricane|p2a: Cinderace|[miss]
|-miss|p1a: Zapdos|p2a: Cinderace
|
|upkeep
|turn|12
|inactive|omari p has 120 seconds left.
|inactive|omari p has 90 seconds left.
|inactive|omari p has 60 seconds left.
|inactive|omari p has 30 seconds left.
|inactive|omari p has 20 seconds left.
|inactive|omari p has 15 seconds left.
|inactive|omari p has 10 seconds left.
|inactive|omari p has 5 seconds left.
|-message|omari p lost due to inactivity.
|
|win|salazzle stan
|raw|salazzle stan's rating: 1574 &rarr; <strong>1596</strong><br />(+22 for winning)
|raw|omari p's rating: 1601 &rarr; <strong>1579</strong><br />(-22 for losing)
|c|☆salazzle stan|ggs then
|l|☆salazzle stan
|player|p1|
