|j|☆phreshoatmeal
|j|☆drop a baby
|t:|1781142432
|gametype|singles
|player|p1|phreshoatmeal|clerk|1656
|player|p2|drop a baby|chase|1752
|gen|9
|tier|[Gen 9] OU
|rated|
|rule|HP Percentage Mod: HP is shown in percentages
|rule|Endless Battle Clause: Forcing endless battles is banned
|rule|Species Clause: Limit one of each Pokémon
|rule|OHKO Clause: OHKO moves are banned
|rule|Evasion Items Clause: Evasion items are banned
|rule|Evasion Moves Clause: Evasion moves are banned
|rule|Evasion Abilities Clause: Evasion abilities are banned
|rule|Sleep Moves Clause: Sleep-inducing moves are banned
|clearpoke
|poke|p1|Tyranitar, M|
|poke|p1|Excadrill, F|
|poke|p1|Hatterene, F|
|poke|p1|Hippowdon, F|
|poke|p1|Indeedee, M|
|poke|p1|Amoonguss, M|
|poke|p2|Darkrai|
|poke|p2|Deoxys-Speed|
|poke|p2|Raging Bolt|
|poke|p2|Kingambit, M|
|poke|p2|Iron Valiant|
|poke|p2|Great Tusk|
|teampreview
|inactive|Battle timer is ON: inactive players will automatically lose when time's up. (requested by drop a baby)
|c|☆drop a baby|Hf big bro
|c|☆phreshoatmeal|u2
|j| SilverDE
|
|t:|1781142468
|teamsize|p1|6
|teamsize|p2|6
|start
|switch|p1a: Hatterene|Hatterene, F|100/100
|switch|p2a: IMU|Darkrai|100/100
|turn|1
|
|t:|1781142475
|switch|p1a: Tyranitar|Tyranitar, M|100/100
|-weather|Sandstorm|[from] ability: Sand Stream|[of] p1a: Tyranitar
|move|p2a: IMU|Sludge Bomb|p1a: Tyranitar
|-resisted|p1a: Tyranitar
|-crit|p1a: Tyranitar
|-damage|p1a: Tyranitar|91/100
|-enditem|p1a: Tyranitar|Eject Button
|
|t:|1781142481
|switch|p1a: Excadrill|Excadrill, F|100/100
|
|-weather|Sandstorm|[upkeep]
|-damage|p2a: IMU|94/100|[from] Sandstorm
|upkeep
|turn|2
|
|t:|1781142493
|switch|p2a: BROTD|Great Tusk, shiny|100/100
|-enditem|p2a: BROTD|Booster Energy
|-activate|p2a: BROTD|ability: Protosynthesis|[fromitem]
|-start|p2a: BROTD|protosynthesisspe
|move|p1a: Excadrill|Iron Head|p2a: BROTD
|-damage|p2a: BROTD|55/100
|
|-weather|Sandstorm|[upkeep]
|upkeep
|turn|3
|
|t:|1781142500
|switch|p1a: Hatterene|Hatterene, F|100/100
|-end|p2a: BROTD|Protosynthesis|[silent]
|switch|p2a: IMU|Darkrai|94/100
|
|-weather|Sandstorm|[upkeep]
|-damage|p2a: IMU|88/100|[from] Sandstorm
|-damage|p1a: Hatterene|95/100|[from] Sandstorm
|-heal|p1a: Hatterene|100/100|[from] item: Leftovers
|upkeep
|turn|4
|
|t:|1781142509
|switch|p1a: Excadrill|Excadrill, F|100/100
|move|p2a: IMU|Dark Pulse|p1a: Excadrill
|-damage|p1a: Excadrill|45/100
|
|-weather|Sandstorm|[upkeep]
|-damage|p2a: IMU|82/100|[from] Sandstorm
|upkeep
|turn|5
|
|t:|1781142515
|move|p1a: Excadrill|Iron Head|p2a: IMU
|-damage|p2a: IMU|0 fnt
|faint|p2a: IMU
|
|-weather|none
|upkeep
|
|t:|1781142520
|switch|p2a: Mihawk|Kingambit, M|100/100
|-activate|p2a: Mihawk|ability: Supreme Overlord
|-start|p2a: Mihawk|fallen1|[silent]
|turn|6
|
|t:|1781142525
|switch|p1a: Amoonguss|Amoonguss, M|100/100
|move|p2a: Mihawk|Kowtow Cleave|p1a: Amoonguss
|-damage|p1a: Amoonguss|54/100
|-damage|p2a: Mihawk|84/100|[from] item: Rocky Helmet|[of] p1a: Amoonguss
|
|upkeep
|turn|7
|
|t:|1781142535
|-end|p2a: Mihawk|fallen1|[silent]
|switch|p2a: Speedy Gonzales|Deoxys-Speed, shiny|100/100
|-ability|p2a: Speedy Gonzales|Pressure
|move|p1a: Amoonguss|Stun Spore|p2a: Speedy Gonzales
|-status|p2a: Speedy Gonzales|par
|
|upkeep
|turn|8
|
|t:|1781142539
|switch|p2a: Mihawk|Kingambit, M|84/100
|-activate|p2a: Mihawk|ability: Supreme Overlord
|-start|p2a: Mihawk|fallen1|[silent]
|switch|p1a: Hatterene|Hatterene, F|100/100
|
|upkeep
|turn|9
|
|t:|1781142549
|switch|p1a: Amoonguss|Amoonguss, M|87/100
|move|p2a: Mihawk|Swords Dance|p2a: Mihawk
|-boost|p2a: Mihawk|atk|2
|
|upkeep
|turn|10
|
|t:|1781142568
|move|p2a: Mihawk|Kowtow Cleave|p1a: Amoonguss
|-damage|p1a: Amoonguss|0 fnt
|-damage|p2a: Mihawk|68/100|[from] item: Rocky Helmet|[of] p1a: Amoonguss
|faint|p1a: Amoonguss
|
|upkeep
|
|t:|1781142572
|switch|p1a: Indeedee|Indeedee, M|100/100
|-fieldstart|move: Psychic Terrain|[from] ability: Psychic Surge|[of] p1a: Indeedee
|turn|11
|
|t:|1781142577
|switch|p1a: Hippowdon|Hippowdon, F|100/100
|-weather|Sandstorm|[from] ability: Sand Stream|[of] p1a: Hippowdon
|-end|p2a: Mihawk|fallen1|[silent]
|switch|p2a: Speedy Gonzales|Deoxys-Speed, shiny|100/100 par
|-ability|p2a: Speedy Gonzales|Pressure
|
|-weather|Sandstorm|[upkeep]
|-damage|p2a: Speedy Gonzales|94/100 par|[from] Sandstorm
|upkeep
|turn|12
|j| ptz
|
|t:|1781142587
|switch|p1a: Tyranitar|Tyranitar, M|91/100
|move|p2a: Speedy Gonzales|Psycho Boost|p1a: Tyranitar
|-immune|p1a: Tyranitar
|
|-weather|Sandstorm|[upkeep]
|-damage|p2a: Speedy Gonzales|88/100 par|[from] Sandstorm
|upkeep
|turn|13
|
|t:|1781142593
|switch|p1a: Hatterene|Hatterene, F|100/100
|move|p2a: Speedy Gonzales|Psycho Boost|p1a: Hatterene
|-resisted|p1a: Hatterene
|-damage|p1a: Hatterene|47/100
|-unboost|p2a: Speedy Gonzales|spa|2
|-damage|p2a: Speedy Gonzales|78/100 par|[from] item: Life Orb
|
|-weather|Sandstorm|[upkeep]
|-damage|p2a: Speedy Gonzales|72/100 par|[from] Sandstorm
|-damage|p1a: Hatterene|41/100|[from] Sandstorm
|-heal|p1a: Hatterene|47/100|[from] item: Leftovers
|upkeep
|turn|14
|
|t:|1781142603
|move|p2a: Speedy Gonzales|Psycho Boost|p1a: Hatterene
|-resisted|p1a: Hatterene
|-damage|p1a: Hatterene|23/100
|-unboost|p2a: Speedy Gonzales|spa|2
|-damage|p2a: Speedy Gonzales|62/100 par|[from] item: Life Orb
|move|p1a: Hatterene|Draining Kiss|p2a: Speedy Gonzales
|-damage|p2a: Speedy Gonzales|27/100 par
|-heal|p1a: Hatterene|43/100|[from] drain|[of] p2a: Speedy Gonzales
|
|-weather|Sandstorm|[upkeep]
|-damage|p2a: Speedy Gonzales|21/100 par|[from] Sandstorm
|-damage|p1a: Hatterene|37/100|[from] Sandstorm
|-heal|p1a: Hatterene|43/100|[from] item: Leftovers
|upkeep
|turn|15
|
|t:|1781142609
|move|p2a: Speedy Gonzales|Psycho Boost|p1a: Hatterene|[miss]
|-miss|p2a: Speedy Gonzales|p1a: Hatterene
|move|p1a: Hatterene|Draining Kiss|p2a: Speedy Gonzales
|-damage|p2a: Speedy Gonzales|0 fnt
|-heal|p1a: Hatterene|54/100|[from] drain|[of] p2a: Speedy Gonzales
|faint|p2a: Speedy Gonzales
|
|-weather|none
|-heal|p1a: Hatterene|60/100|[from] item: Leftovers
|-fieldend|move: Psychic Terrain
|upkeep
|
|t:|1781142613
|switch|p2a: Mihawk|Kingambit, M|68/100
|-activate|p2a: Mihawk|ability: Supreme Overlord
|-start|p2a: Mihawk|fallen2|[silent]
|turn|16
|
|t:|1781142619
|switch|p1a: Hippowdon|Hippowdon, F|100/100
|-weather|Sandstorm|[from] ability: Sand Stream|[of] p1a: Hippowdon
|move|p2a: Mihawk|Kowtow Cleave|p1a: Hippowdon
|-damage|p1a: Hippowdon|61/100
|-enditem|p1a: Hippowdon|Eject Button
|
|t:|1781142626
|switch|p1a: Indeedee|Indeedee, M|100/100
|-fieldstart|move: Psychic Terrain|[from] ability: Psychic Surge|[of] p1a: Indeedee
|
|-weather|Sandstorm|[upkeep]
|-damage|p1a: Indeedee|94/100|[from] Sandstorm
|upkeep
|turn|17
|c| ptz|oh
|
|t:|1781142640
|switch|p1a: Hatterene|Hatterene, F|60/100
|move|p2a: Mihawk|Kowtow Cleave|p1a: Hatterene
|-damage|p1a: Hatterene|4/100
|
|-weather|Sandstorm|[upkeep]
|-damage|p1a: Hatterene|0 fnt|[from] Sandstorm
|faint|p1a: Hatterene
|upkeep
|
|t:|1781142645
|switch|p1a: Excadrill|Excadrill, F|45/100
|turn|18
|l| SilverDE
|
|t:|1781142668
|-end|p2a: Mihawk|fallen2|[silent]
|switch|p2a: BROTD|Great Tusk, shiny|55/100
|move|p1a: Excadrill|Earthquake|p2a: BROTD
|-damage|p2a: BROTD|0 fnt
|faint|p2a: BROTD
|-end|p2a: BROTD|Protosynthesis|[silent]
|
|-weather|Sandstorm|[upkeep]
|upkeep
|j| SilverDE
|
|t:|1781142684
|switch|p2a: 🎭|Iron Valiant, shiny|100/100
|-enditem|p2a: 🎭|Booster Energy
|-activate|p2a: 🎭|ability: Quark Drive|[fromitem]
|-start|p2a: 🎭|quarkdrivespe
|turn|19
|
|t:|1781142690
|move|p1a: Excadrill|Earthquake|p2a: 🎭
|-damage|p2a: 🎭|0 fnt
|faint|p2a: 🎭
|-end|p2a: 🎭|Quark Drive|[silent]
|
|-weather|Sandstorm|[upkeep]
|upkeep
|
|t:|1781142693
|switch|p2a: Hito no mi Model⚡️|Raging Bolt|100/100
|-enditem|p2a: Hito no mi Model⚡️|Booster Energy
|-activate|p2a: Hito no mi Model⚡️|ability: Protosynthesis|[fromitem]
|-start|p2a: Hito no mi Model⚡️|protosynthesisspa
|turn|20
|
|t:|1781142710
|switch|p1a: Tyranitar|Tyranitar, M|91/100
|move|p2a: Hito no mi Model⚡️|Calm Mind|p2a: Hito no mi Model⚡️
|-boost|p2a: Hito no mi Model⚡️|spa|1
|-boost|p2a: Hito no mi Model⚡️|spd|1
|
|-weather|none
|-fieldend|move: Psychic Terrain
|upkeep
|turn|21
|
|t:|1781142727
|move|p2a: Hito no mi Model⚡️|Thunderbolt|p1a: Tyranitar
|-damage|p1a: Tyranitar|29/100
|move|p1a: Tyranitar|Roar|p2a: Hito no mi Model⚡️
|-end|p2a: Hito no mi Model⚡️|Protosynthesis|[silent]
|drag|p2a: Mihawk|Kingambit, M|68/100
|-activate|p2a: Mihawk|ability: Supreme Overlord
|-start|p2a: Mihawk|fallen4|[silent]
|
|upkeep
|turn|22
|
|t:|1781142734
|switch|p1a: Hippowdon|Hippowdon, F|61/100
|-weather|Sandstorm|[from] ability: Sand Stream|[of] p1a: Hippowdon
|move|p2a: Mihawk|Kowtow Cleave|p1a: Hippowdon
|-damage|p1a: Hippowdon|18/100
|
|-weather|Sandstorm|[upkeep]
|upkeep
|turn|23
|
|t:|1781142748
|move|p2a: Mihawk|Kowtow Cleave|p1a: Hippowdon
|-damage|p1a: Hippowdon|0 fnt
|faint|p1a: Hippowdon
|
|-weather|Sandstorm|[upkeep]
|upkeep
|
|t:|1781142755
|switch|p1a: Indeedee|Indeedee, M|94/100
|-fieldstart|move: Psychic Terrain|[from] ability: Psychic Surge|[of] p1a: Indeedee
|turn|24
|
|t:|1781142760
|move|p1a: Indeedee|Trick|p2a: Mihawk
|-activate|p1a: Indeedee|move: Trick|[of] p2a: Mihawk
|-item|p2a: Mihawk|Choice Scarf|[from] move: Trick
|-item|p1a: Indeedee|Black Glasses|[from] move: Trick
|move|p2a: Mihawk|Kowtow Cleave|p1a: Indeedee
|-supereffective|p1a: Indeedee
|-damage|p1a: Indeedee|0 fnt
|faint|p1a: Indeedee
|
|-weather|Sandstorm|[upkeep]
|upkeep
|
|t:|1781142764
|switch|p1a: Excadrill|Excadrill, F|45/100
|turn|25
|
|t:|1781142783
|-terastallize|p2a: Mihawk|Dark
|move|p1a: Excadrill|Iron Head|p2a: Mihawk
|-damage|p2a: Mihawk|6/100
|move|p2a: Mihawk|Kowtow Cleave|p1a: Excadrill
|-damage|p1a: Excadrill|0 fnt
|faint|p1a: Excadrill
|
|-weather|Sandstorm|[upkeep]
|-damage|p2a: Mihawk|0 fnt|[from] Sandstorm
|faint|p2a: Mihawk
|-end|p2a: Mihawk|fallen4|[silent]
|upkeep
|
|t:|1781142790
|switch|p1a: Tyranitar|Tyranitar, M|29/100
|switch|p2a: Hito no mi Model⚡️|Raging Bolt|100/100
|turn|26
|
|t:|1781142795
|move|p2a: Hito no mi Model⚡️|Thunderbolt|p1a: Tyranitar
|-damage|p1a: Tyranitar|7/100
|move|p1a: Tyranitar|Ice Beam|p2a: Hito no mi Model⚡️
|-supereffective|p2a: Hito no mi Model⚡️
|-damage|p2a: Hito no mi Model⚡️|65/100
|
|-weather|none
|upkeep
|turn|27
|
|t:|1781142799
|move|p2a: Hito no mi Model⚡️|Dragon Pulse|p1a: Tyranitar
|-damage|p1a: Tyranitar|0 fnt
|faint|p1a: Tyranitar
|
|win|drop a baby
|raw|phreshoatmeal's rating: 1656 &rarr; <strong>1641</strong><br />(-15 for losing)
|raw|drop a baby's rating: 1752 &rarr; <strong>1767</strong><br />(+15 for winning)
|l|☆phreshoatmeal
|player|p1|
|l|☆drop a baby
|player|p2|
