|j|☆jd2sleepy
|j|☆sorry4usingstall
|t:|1781376084
|gametype|singles
|player|p1|jd2sleepy|blackbelt-gen4dp|1558
|player|p2|sorry4usingstall|colress|1629
|gen|9
|tier|[Gen 9] OU
|rated|
|rule|HP Percentage Mod: HP is shown in percentages
|rule|Endless Battle Clause: Forcing endless battles is banned
|rule|Species Clause: Limit one of each Pokémon
|rule|OHKO Clause: OHKO moves are banned
|rule|Evasion Items Clause: Evasion items are banned
|rule|Evasion Moves Clause: Evasion moves are banned
|rule|Evasion Abilities Clause: Evasion abilities are banned
|rule|Sleep Moves Clause: Sleep-inducing moves are banned
|clearpoke
|poke|p1|Toxicroak, F|
|poke|p1|Pelipper, F|
|poke|p1|Floatzel, F|
|poke|p1|Iron Treads|
|poke|p1|Hatterene, F|
|poke|p1|Keldeo-Resolute|
|poke|p2|Clodsire, F|
|poke|p2|Dondozo, F|
|poke|p2|Alomomola, F|
|poke|p2|Talonflame, F|
|poke|p2|Toxapex, F|
|poke|p2|Blissey, F|
|teampreview
|
|t:|1781376088
|teamsize|p1|6
|teamsize|p2|6
|start
|switch|p1a: Drizzy|Pelipper, F|100/100
|switch|p2a: Keep Trying.|Toxapex, F|100/100
|-weather|RainDance|[from] ability: Drizzle|[of] p1a: Drizzy
|turn|1
|
|t:|1781376091
|switch|p1a: Hatterene|Hatterene, F|100/100
|move|p2a: Keep Trying.|Toxic|p1a: Hatterene
|move|p1a: Hatterene|Toxic|p2a: Keep Trying.|[from] ability: Magic Bounce
|-immune|p2a: Keep Trying.
|
|-weather|RainDance|[upkeep]
|upkeep
|turn|2
|
|t:|1781376093
|switch|p2a: Still Trying?|Blissey, F, shiny|100/100
|move|p1a: Hatterene|Psychic Noise|p2a: Still Trying?
|-damage|p2a: Still Trying?|91/100
|-start|p2a: Still Trying?|move: Heal Block
|
|-weather|RainDance|[upkeep]
|upkeep
|turn|3
|
|t:|1781376104
|move|p2a: Still Trying?|Seismic Toss|p1a: Hatterene
|-damage|p1a: Hatterene|69/100
|-enditem|p1a: Hatterene|Eject Button
|
|t:|1781376109
|switch|p1a: Keldeo|Keldeo-Resolute|100/100
|
|-weather|RainDance|[upkeep]
|-end|p2a: Still Trying?|move: Heal Block
|upkeep
|turn|4
|
|t:|1781376153
|switch|p2a: Keep Trying.|Toxapex, F|100/100
|-terastallize|p1a: Keldeo|Water
|move|p1a: Keldeo|Hydro Pump|p2a: Keep Trying.
|-resisted|p2a: Keep Trying.
|-damage|p2a: Keep Trying.|27/100
|
|-weather|RainDance|[upkeep]
|upkeep
|turn|5
|
|t:|1781376162
|move|p2a: Keep Trying.|Baneful Bunker|p2a: Keep Trying.
|-singleturn|p2a: Keep Trying.|move: Protect
|move|p1a: Keldeo|Hydro Pump|p2a: Keep Trying.
|-activate|p2a: Keep Trying.|move: Protect
|
|-weather|RainDance|[upkeep]
|upkeep
|turn|6
|
|t:|1781376164
|switch|p2a: Still Trying?|Blissey, F, shiny|91/100
|move|p1a: Keldeo|Hydro Pump|p2a: Still Trying?
|-damage|p2a: Still Trying?|30/100
|
|-weather|RainDance|[upkeep]
|upkeep
|turn|7
|c|☆sorry4usingstall|fck thats insane
|
|t:|1781376174
|switch|p2a: Try Harder.|Alomomola, F, shiny|100/100
|move|p1a: Keldeo|Hydro Pump|p2a: Try Harder.
|-resisted|p2a: Try Harder.
|-damage|p2a: Try Harder.|18/100
|
|-weather|RainDance|[upkeep]
|upkeep
|turn|8
|
|t:|1781376179
|switch|p1a: Toxicroak|Toxicroak, F|100/100
|move|p2a: Try Harder.|Protect||[still]
|-fail|p2a: Try Harder.
|
|-weather|none
|upkeep
|turn|9
|
|t:|1781376185
|switch|p1a: Drizzy|Pelipper, F|100/100
|-weather|RainDance|[from] ability: Drizzle|[of] p1a: Drizzy
|switch|p2a: Keep Trying.|Toxapex, F|61/100
|
|-weather|RainDance|[upkeep]
|upkeep
|turn|10
|
|t:|1781376189
|switch|p1a: Hatterene|Hatterene, F|69/100
|move|p2a: Keep Trying.|Toxic|p1a: Hatterene
|move|p1a: Hatterene|Toxic|p2a: Keep Trying.|[from] ability: Magic Bounce
|-immune|p2a: Keep Trying.
|
|-weather|RainDance|[upkeep]
|upkeep
|turn|11
|
|t:|1781376201
|switch|p2a: Worth Trying.|Clodsire, F, shiny|100/100
|move|p1a: Hatterene|Psychic Noise|p2a: Worth Trying.
|-supereffective|p2a: Worth Trying.
|-damage|p2a: Worth Trying.|68/100
|-start|p2a: Worth Trying.|move: Heal Block
|
|-weather|RainDance|[upkeep]
|upkeep
|turn|12
|
|t:|1781376203
|move|p1a: Hatterene|Psychic Noise|p2a: Worth Trying.
|-supereffective|p2a: Worth Trying.
|-damage|p2a: Worth Trying.|33/100
|move|p2a: Worth Trying.|Gunk Shot|p1a: Hatterene
|-supereffective|p1a: Hatterene
|-damage|p1a: Hatterene|12/100
|-status|p1a: Hatterene|psn
|
|-weather|RainDance|[upkeep]
|-damage|p1a: Hatterene|0 fnt|[from] psn
|faint|p1a: Hatterene
|-end|p2a: Worth Trying.|move: Heal Block
|upkeep
|
|t:|1781376206
|switch|p1a: Keldeo|Keldeo-Resolute, tera:Water|100/100
|turn|13
|
|t:|1781376211
|switch|p2a: Keep Trying.|Toxapex, F|94/100
|move|p1a: Keldeo|Surf|p2a: Keep Trying.
|-resisted|p2a: Keep Trying.
|-damage|p2a: Keep Trying.|30/100
|
|-weather|RainDance|[upkeep]
|upkeep
|turn|14
|
|t:|1781376217
|move|p2a: Keep Trying.|Baneful Bunker|p2a: Keep Trying.
|-singleturn|p2a: Keep Trying.|move: Protect
|move|p1a: Keldeo|Surf|p2a: Keep Trying.
|-activate|p2a: Keep Trying.|move: Protect
|
|-weather|RainDance|[upkeep]
|upkeep
|turn|15
|
|t:|1781376226
|switch|p2a: You Tried.|Dondozo, F, shiny|100/100
|move|p1a: Keldeo|Surf|p2a: You Tried.
|-resisted|p2a: You Tried.
|-damage|p2a: You Tried.|22/100
|
|-weather|RainDance|[upkeep]
|upkeep
|turn|16
|-message|sorry4usingstall forfeited.
|
|win|jd2sleepy
|raw|jd2sleepy's rating: 1558 &rarr; <strong>1583</strong><br />(+25 for winning)
|raw|sorry4usingstall's rating: 1648 &rarr; <strong>1623</strong><br />(-25 for losing)
|l|☆sorry4usingstall
|player|p2|
