|j|☆roasted_kitchen
|j|☆zhihe0719
|t:|1781503864
|gametype|singles
|player|p1|roasted_kitchen|n|1499
|player|p2|zhihe0719|pokemonrangerf-gen4|1538
|gen|9
|tier|[Gen 9] OU
|rated|
|rule|HP Percentage Mod: HP is shown in percentages
|rule|Endless Battle Clause: Forcing endless battles is banned
|rule|Species Clause: Limit one of each Pokémon
|rule|OHKO Clause: OHKO moves are banned
|rule|Evasion Items Clause: Evasion items are banned
|rule|Evasion Moves Clause: Evasion moves are banned
|rule|Evasion Abilities Clause: Evasion abilities are banned
|rule|Sleep Moves Clause: Sleep-inducing moves are banned
|clearpoke
|poke|p1|Gholdengo|
|poke|p1|Great Tusk|
|poke|p1|Kingambit, M|
|poke|p1|Raging Bolt|
|poke|p1|Slowking-Galar, F|
|poke|p1|Zamazenta-*|
|poke|p2|Dragonite, F|
|poke|p2|Garchomp, M|
|poke|p2|Hydrapple, F|
|poke|p2|Hydreigon, M|
|poke|p2|Goodra-Hisui, M|
|poke|p2|Cyclizar, M|
|teampreview
|inactive|Battle timer is ON: inactive players will automatically lose when time's up. (requested by zhihe0719)
|inactive|roasted_kitchen has 120 seconds left.
|
|t:|1781503901
|teamsize|p1|6
|teamsize|p2|6
|start
|switch|p1a: Gholdengo|Gholdengo|100/100
|switch|p2a: Garchomp|Garchomp, M|100/100
|-item|p1a: Gholdengo|Air Balloon
|turn|1
|
|t:|1781503909
|switch|p1a: Great Tusk|Great Tusk|100/100
|move|p2a: Garchomp|Stealth Rock|p1a: Great Tusk
|-sidestart|p1: roasted_kitchen|move: Stealth Rock
|
|upkeep
|turn|2
|
|t:|1781503915
|move|p1a: Great Tusk|Stealth Rock|p2a: Garchomp
|-sidestart|p2: zhihe0719|move: Stealth Rock
|move|p2a: Garchomp|Stealth Rock||[still]
|-fail|p2a: Garchomp
|
|upkeep
|turn|3
|
|t:|1781503922
|move|p1a: Great Tusk|Ice Spinner|p2a: Garchomp
|-supereffective|p2a: Garchomp
|-damage|p2a: Garchomp|23/100
|-damage|p1a: Great Tusk|88/100|[from] ability: Rough Skin|[of] p2a: Garchomp
|-damage|p1a: Great Tusk|72/100|[from] item: Rocky Helmet|[of] p2a: Garchomp
|move|p2a: Garchomp|Stealth Rock||[still]
|-fail|p2a: Garchomp
|
|upkeep
|turn|4
|
|t:|1781503934
|switch|p2a: Hydrapple|Hydrapple, F|100/100
|-damage|p2a: Hydrapple|88/100|[from] Stealth Rock
|move|p1a: Great Tusk|Rapid Spin|p2a: Hydrapple
|-damage|p2a: Hydrapple|77/100
|-boost|p1a: Great Tusk|spe|1
|-damage|p1a: Great Tusk|55/100|[from] item: Rocky Helmet|[of] p2a: Hydrapple
|-sideend|p1: roasted_kitchen|Stealth Rock|[from] move: Rapid Spin|[of] p1a: Great Tusk
|
|upkeep
|turn|5
|
|t:|1781503941
|move|p1a: Great Tusk|Ice Spinner|p2a: Hydrapple
|-supereffective|p2a: Hydrapple
|-damage|p2a: Hydrapple|19/100
|-damage|p1a: Great Tusk|39/100|[from] item: Rocky Helmet|[of] p2a: Hydrapple
|move|p2a: Hydrapple|Giga Drain|p1a: Great Tusk
|-supereffective|p1a: Great Tusk
|-damage|p1a: Great Tusk|0 fnt
|-heal|p2a: Hydrapple|36/100|[from] drain|[of] p1a: Great Tusk
|faint|p1a: Great Tusk
|-end|p1a: Great Tusk|Protosynthesis|[silent]
|
|upkeep
|
|t:|1781503953
|switch|p1a: Gholdengo|Gholdengo|100/100
|-item|p1a: Gholdengo|Air Balloon
|turn|6
|
|t:|1781503957
|switch|p2a: Goodra|Goodra-Hisui, M|100/100
|-damage|p2a: Goodra|94/100|[from] Stealth Rock
|move|p1a: Gholdengo|Shadow Ball|p2a: Goodra
|-damage|p2a: Goodra|79/100
|-unboost|p2a: Goodra|spd|1
|
|upkeep
|turn|7
|
|t:|1781503961
|move|p1a: Gholdengo|Focus Blast|p2a: Goodra|[miss]
|-miss|p1a: Gholdengo|p2a: Goodra
|move|p2a: Goodra|Knock Off|p1a: Gholdengo
|-supereffective|p1a: Gholdengo
|-damage|p1a: Gholdengo|47/100
|-enditem|p1a: Gholdengo|Air Balloon
|
|upkeep
|turn|8
|
|t:|1781503970
|switch|p2a: Hydreigon|Hydreigon, M|100/100
|-damage|p2a: Hydreigon|88/100|[from] Stealth Rock
|move|p1a: Gholdengo|Focus Blast|p2a: Hydreigon
|-supereffective|p2a: Hydreigon
|-damage|p2a: Hydreigon|0 fnt
|faint|p2a: Hydreigon
|
|upkeep
|
|t:|1781503973
|switch|p2a: Cyclizar|Cyclizar, M|100/100
|-damage|p2a: Cyclizar|88/100|[from] Stealth Rock
|turn|9
|
|t:|1781503981
|move|p1a: Gholdengo|Make It Rain|p2a: Cyclizar
|-damage|p2a: Cyclizar|46/100
|-unboost|p1a: Gholdengo|spa|1
|move|p2a: Cyclizar|Knock Off|p1a: Gholdengo
|-supereffective|p1a: Gholdengo
|-damage|p1a: Gholdengo|20/100
|
|upkeep
|turn|10
|
|t:|1781503995
|switch|p1a: Kingambit|Kingambit, M|100/100
|-activate|p1a: Kingambit|ability: Supreme Overlord
|-start|p1a: Kingambit|fallen1|[silent]
|move|p2a: Cyclizar|Knock Off|p1a: Kingambit
|-resisted|p1a: Kingambit
|-damage|p1a: Kingambit|93/100
|-enditem|p1a: Kingambit|Leftovers|[from] move: Knock Off|[of] p2a: Cyclizar
|
|upkeep
|turn|11
|
|t:|1781504006
|move|p2a: Cyclizar|Rapid Spin|p1a: Kingambit
|-resisted|p1a: Kingambit
|-damage|p1a: Kingambit|88/100
|-boost|p2a: Cyclizar|spe|1
|-sideend|p2: zhihe0719|Stealth Rock|[from] move: Rapid Spin|[of] p2a: Cyclizar
|move|p1a: Kingambit|Kowtow Cleave|p2a: Cyclizar
|-damage|p2a: Cyclizar|0 fnt
|faint|p2a: Cyclizar
|
|upkeep
|
|t:|1781504008
|switch|p2a: Garchomp|Garchomp, M|23/100
|turn|12
|
|t:|1781504017
|-end|p1a: Kingambit|fallen1|[silent]
|switch|p1a: Zamazenta|Zamazenta|100/100
|-ability|p1a: Zamazenta|Dauntless Shield|boost
|-boost|p1a: Zamazenta|def|1
|move|p2a: Garchomp|Stealth Rock|p1a: Zamazenta
|-sidestart|p1: roasted_kitchen|move: Stealth Rock
|
|upkeep
|turn|13
|
|t:|1781504024
|move|p1a: Zamazenta|Substitute|p1a: Zamazenta
|-start|p1a: Zamazenta|Substitute
|-damage|p1a: Zamazenta|75/100
|move|p2a: Garchomp|Dragon Tail|p1a: Zamazenta
|-activate|p1a: Zamazenta|move: Substitute|[damage]
|
|-heal|p1a: Zamazenta|82/100|[from] item: Leftovers
|upkeep
|turn|14
|
|t:|1781504030
|move|p1a: Zamazenta|Iron Defense|p1a: Zamazenta
|-boost|p1a: Zamazenta|def|2
|move|p2a: Garchomp|Earthquake|p1a: Zamazenta
|-activate|p1a: Zamazenta|move: Substitute|[damage]
|
|-heal|p1a: Zamazenta|88/100|[from] item: Leftovers
|upkeep
|turn|15
|
|t:|1781504036
|move|p1a: Zamazenta|Iron Defense|p1a: Zamazenta
|-boost|p1a: Zamazenta|def|2
|move|p2a: Garchomp|Earthquake|p1a: Zamazenta
|-end|p1a: Zamazenta|Substitute
|
|-heal|p1a: Zamazenta|94/100|[from] item: Leftovers
|upkeep
|turn|16
|
|t:|1781504041
|switch|p2a: Goodra|Goodra-Hisui, M|79/100
|move|p1a: Zamazenta|Substitute|p1a: Zamazenta
|-start|p1a: Zamazenta|Substitute
|-damage|p1a: Zamazenta|69/100
|
|-heal|p1a: Zamazenta|75/100|[from] item: Leftovers
|upkeep
|turn|17
|
|t:|1781504052
|-terastallize|p2a: Goodra|Ghost
|move|p1a: Zamazenta|Body Press|p2a: Goodra
|-immune|p2a: Goodra
|move|p2a: Goodra|Ice Beam|p1a: Zamazenta
|-activate|p1a: Zamazenta|move: Substitute|[damage]
|
|-heal|p1a: Zamazenta|81/100|[from] item: Leftovers
|upkeep
|turn|18
|
|t:|1781504056
|move|p1a: Zamazenta|Crunch|p2a: Goodra
|-supereffective|p2a: Goodra
|-damage|p2a: Goodra|43/100
|move|p2a: Goodra|Ice Beam|p1a: Zamazenta
|-end|p1a: Zamazenta|Substitute
|
|-heal|p1a: Zamazenta|88/100|[from] item: Leftovers
|upkeep
|turn|19
|
|t:|1781504067
|move|p1a: Zamazenta|Substitute|p1a: Zamazenta
|-start|p1a: Zamazenta|Substitute
|-damage|p1a: Zamazenta|63/100
|move|p2a: Goodra|Ice Beam|p1a: Zamazenta
|-activate|p1a: Zamazenta|move: Substitute|[damage]
|
|-heal|p1a: Zamazenta|69/100|[from] item: Leftovers
|upkeep
|turn|20
|
|t:|1781504072
|switch|p2a: Garchomp|Garchomp, M|23/100
|move|p1a: Zamazenta|Crunch|p2a: Garchomp
|-damage|p2a: Garchomp|9/100
|-damage|p1a: Zamazenta|56/100|[from] ability: Rough Skin|[of] p2a: Garchomp
|-damage|p1a: Zamazenta|40/100|[from] item: Rocky Helmet|[of] p2a: Garchomp
|
|-heal|p1a: Zamazenta|46/100|[from] item: Leftovers
|upkeep
|turn|21
|
|t:|1781504076
|move|p1a: Zamazenta|Body Press|p2a: Garchomp
|-damage|p2a: Garchomp|0 fnt
|-damage|p1a: Zamazenta|34/100|[from] ability: Rough Skin|[of] p2a: Garchomp
|-damage|p1a: Zamazenta|17/100|[from] item: Rocky Helmet|[of] p2a: Garchomp
|faint|p2a: Garchomp
|
|-heal|p1a: Zamazenta|23/100|[from] item: Leftovers
|upkeep
|
|t:|1781504079
|switch|p2a: Goodra|Goodra-Hisui, M, tera:Ghost|43/100
|turn|22
|
|t:|1781504081
|move|p1a: Zamazenta|Crunch|p2a: Goodra
|-supereffective|p2a: Goodra
|-damage|p2a: Goodra|9/100
|move|p2a: Goodra|Ice Beam|p1a: Zamazenta
|-end|p1a: Zamazenta|Substitute
|
|-heal|p1a: Zamazenta|30/100|[from] item: Leftovers
|upkeep
|turn|23
|
|t:|1781504095
|switch|p2a: Hydrapple|Hydrapple, F|69/100
|move|p1a: Zamazenta|Substitute|p1a: Zamazenta
|-start|p1a: Zamazenta|Substitute
|-damage|p1a: Zamazenta|5/100
|
|-heal|p1a: Zamazenta|11/100|[from] item: Leftovers
|upkeep
|turn|24
|
|t:|1781504104
|move|p1a: Zamazenta|Iron Defense|p1a: Zamazenta
|-boost|p1a: Zamazenta|def|1
|move|p2a: Hydrapple|Giga Drain|p1a: Zamazenta
|-activate|p1a: Zamazenta|move: Substitute|[damage]
|-heal|p2a: Hydrapple|80/100|[from] drain|[of] p1a: Zamazenta
|
|-heal|p1a: Zamazenta|17/100|[from] item: Leftovers
|upkeep
|turn|25
|
|t:|1781504110
|move|p1a: Zamazenta|Body Press|p2a: Hydrapple
|-crit|p2a: Hydrapple
|-damage|p2a: Hydrapple|0 fnt
|-damage|p1a: Zamazenta|0 fnt|[from] item: Rocky Helmet|[of] p2a: Hydrapple
|faint|p2a: Hydrapple
|faint|p1a: Zamazenta
|
|upkeep
|
|t:|1781504130
|switch|p1a: Gholdengo|Gholdengo|20/100
|switch|p2a: Dragonite|Dragonite, F|100/100
|-damage|p1a: Gholdengo|14/100|[from] Stealth Rock
|turn|26
|
|t:|1781504135
|move|p1a: Gholdengo|Shadow Ball|p2a: Dragonite
|-damage|p2a: Dragonite|80/100
|move|p2a: Dragonite|Dragon Dance|p2a: Dragonite
|-boost|p2a: Dragonite|atk|1
|-boost|p2a: Dragonite|spe|1
|
|upkeep
|turn|27
|
|t:|1781504143
|move|p2a: Dragonite|Roost|p2a: Dragonite
|-heal|p2a: Dragonite|100/100
|-singleturn|p2a: Dragonite|move: Roost
|move|p1a: Gholdengo|Make It Rain|p2a: Dragonite
|-damage|p2a: Dragonite|71/100
|-unboost|p1a: Gholdengo|spa|1
|
|upkeep
|turn|28
|
|t:|1781504148
|move|p2a: Dragonite|Roost|p2a: Dragonite
|-heal|p2a: Dragonite|100/100
|-singleturn|p2a: Dragonite|move: Roost
|move|p1a: Gholdengo|Nasty Plot|p1a: Gholdengo
|-boost|p1a: Gholdengo|spa|2
|
|upkeep
|turn|29
|
|t:|1781504151
|move|p2a: Dragonite|Earthquake|p1a: Gholdengo
|-supereffective|p1a: Gholdengo
|-damage|p1a: Gholdengo|0 fnt
|faint|p1a: Gholdengo
|
|upkeep
|
|t:|1781504155
|switch|p1a: Slowking|Slowking-Galar, F|100/100
|-damage|p1a: Slowking|88/100|[from] Stealth Rock
|turn|30
|
|t:|1781504160
|-terastallize|p1a: Slowking|Water
|move|p2a: Dragonite|Dragon Dance|p2a: Dragonite
|-boost|p2a: Dragonite|atk|1
|-boost|p2a: Dragonite|spe|1
|move|p1a: Slowking|Sludge Bomb|p2a: Dragonite
|-damage|p2a: Dragonite|86/100
|
|upkeep
|turn|31
|
|t:|1781504164
|move|p2a: Dragonite|Dragon Dance|p2a: Dragonite
|-boost|p2a: Dragonite|atk|1
|-boost|p2a: Dragonite|spe|1
|move|p1a: Slowking|Future Sight|p2a: Dragonite
|-start|p1a: Slowking|move: Future Sight
|
|upkeep
|turn|32
|
|t:|1781504175
|move|p2a: Dragonite|Earthquake|p1a: Slowking
|-damage|p1a: Slowking|8/100
|move|p1a: Slowking|Sludge Bomb|p2a: Dragonite
|-damage|p2a: Dragonite|53/100
|
|upkeep
|turn|33
|
|t:|1781504179
|move|p2a: Dragonite|Roost|p2a: Dragonite
|-heal|p2a: Dragonite|100/100
|-singleturn|p2a: Dragonite|move: Roost
|move|p1a: Slowking|Sludge Bomb|p2a: Dragonite
|-damage|p2a: Dragonite|86/100
|
|-end|p2a: Dragonite|move: Future Sight
|-damage|p2a: Dragonite|43/100
|upkeep
|turn|34
|
|t:|1781504182
|move|p2a: Dragonite|Roost|p2a: Dragonite
|-heal|p2a: Dragonite|93/100
|-singleturn|p2a: Dragonite|move: Roost
|move|p1a: Slowking|Sludge Bomb|p2a: Dragonite
|-damage|p2a: Dragonite|59/100
|
|upkeep
|turn|35
|
|t:|1781504186
|move|p2a: Dragonite|Roost|p2a: Dragonite
|-heal|p2a: Dragonite|100/100
|-singleturn|p2a: Dragonite|move: Roost
|move|p1a: Slowking|Sludge Bomb|p2a: Dragonite
|-damage|p2a: Dragonite|85/100
|-status|p2a: Dragonite|psn
|
|-damage|p2a: Dragonite|72/100 psn|[from] psn
|upkeep
|turn|36
|
|t:|1781504191
|move|p2a: Dragonite|Earthquake|p1a: Slowking
|-damage|p1a: Slowking|0 fnt
|faint|p1a: Slowking
|
|-damage|p2a: Dragonite|60/100 psn|[from] psn
|upkeep
|
|t:|1781504208
|switch|p1a: Raging Bolt|Raging Bolt|100/100
|-damage|p1a: Raging Bolt|88/100|[from] Stealth Rock
|turn|37
|
|t:|1781504212
|move|p2a: Dragonite|Extreme Speed|p1a: Raging Bolt
|-damage|p1a: Raging Bolt|19/100
|move|p1a: Raging Bolt|Thunderclap||[still]
|-fail|p1a: Raging Bolt
|
|-heal|p1a: Raging Bolt|26/100|[from] item: Leftovers
|-damage|p2a: Dragonite|48/100 psn|[from] psn
|upkeep
|turn|38
|
|t:|1781504215
|move|p2a: Dragonite|Extreme Speed|p1a: Raging Bolt
|-damage|p1a: Raging Bolt|0 fnt
|faint|p1a: Raging Bolt
|-end|p1a: Raging Bolt|Protosynthesis|[silent]
|
|-damage|p2a: Dragonite|35/100 psn|[from] psn
|upkeep
|
|t:|1781504218
|switch|p1a: Kingambit|Kingambit, M|88/100
|-damage|p1a: Kingambit|82/100|[from] Stealth Rock
|-activate|p1a: Kingambit|ability: Supreme Overlord
|-start|p1a: Kingambit|fallen5|[silent]
|turn|39
|
|t:|1781504223
|move|p1a: Kingambit|Sucker Punch|p2a: Dragonite
|-damage|p2a: Dragonite|0 fnt
|faint|p2a: Dragonite
|
|upkeep
|-message|zhihe0719 forfeited.
|
|win|roasted_kitchen
|raw|roasted_kitchen's rating: 1499 &rarr; <strong>1521</strong><br />(+22 for winning)
|raw|zhihe0719's rating: 1538 &rarr; <strong>1516</strong><br />(-22 for losing)
|l|☆zhihe0719
|player|p2|
|l|☆roasted_kitchen
|player|p1|
