|j|☆Piecubed
|j|☆M0onStarr
|t:|1781162471
|gametype|singles
|player|p1|Piecubed|265|1619
|player|p2|M0onStarr|266|1565
|gen|9
|tier|[Gen 9] OU
|rated|
|rule|HP Percentage Mod: HP is shown in percentages
|rule|Endless Battle Clause: Forcing endless battles is banned
|rule|Species Clause: Limit one of each Pokémon
|rule|OHKO Clause: OHKO moves are banned
|rule|Evasion Items Clause: Evasion items are banned
|rule|Evasion Moves Clause: Evasion moves are banned
|rule|Evasion Abilities Clause: Evasion abilities are banned
|rule|Sleep Moves Clause: Sleep-inducing moves are banned
|clearpoke
|poke|p1|Deoxys-Speed|
|poke|p1|Dragonite, F|
|poke|p1|Manaphy|
|poke|p1|Kommo-o, M|
|poke|p1|Glimmora, F|
|poke|p1|Iron Valiant|
|poke|p2|Klefki, M|
|poke|p2|Regieleki|
|poke|p2|Raging Bolt|
|poke|p2|Ceruledge, M|
|poke|p2|Iron Crown|
|poke|p2|Great Tusk|
|teampreview
|inactive|Battle timer is ON: inactive players will automatically lose when time's up. (requested by Piecubed)
|
|t:|1781162483
|teamsize|p1|6
|teamsize|p2|6
|start
|switch|p1a: Deoxys|Deoxys-Speed|100/100
|switch|p2a: Klefki|Klefki, M|100/100
|-ability|p1a: Deoxys|Pressure
|turn|1
|
|t:|1781162488
|move|p2a: Klefki|Spikes|p1a: Deoxys
|-sidestart|p1: Piecubed|Spikes
|move|p1a: Deoxys|Taunt|p2a: Klefki
|-start|p2a: Klefki|move: Taunt
|
|upkeep
|turn|2
|
|t:|1781162494
|move|p1a: Deoxys|Reflect|p1a: Deoxys
|-sidestart|p1: Piecubed|Reflect
|move|p2a: Klefki|Foul Play|p1a: Deoxys
|-supereffective|p1a: Deoxys
|-crit|p1a: Deoxys
|-damage|p1a: Deoxys|42/100
|
|upkeep
|turn|3
|
|t:|1781162499
|move|p1a: Deoxys|Light Screen|p1a: Deoxys
|-sidestart|p1: Piecubed|move: Light Screen
|move|p2a: Klefki|Foul Play|p1a: Deoxys
|-supereffective|p1a: Deoxys
|-damage|p1a: Deoxys|22/100
|
|upkeep
|turn|4
|
|t:|1781162501
|move|p2a: Klefki|Foul Play|p1a: Deoxys
|-supereffective|p1a: Deoxys
|-damage|p1a: Deoxys|1/100
|move|p1a: Deoxys|Teleport|p1a: Deoxys
|
|t:|1781162507
|switch|p1a: Manaphy|Manaphy|100/100|[from] Teleport
|-damage|p1a: Manaphy|88/100|[from] Spikes
|
|-heal|p1a: Manaphy|94/100|[from] item: Leftovers
|-end|p2a: Klefki|move: Taunt
|upkeep
|turn|5
|
|t:|1781162513
|move|p2a: Klefki|Thunder Wave|p1a: Manaphy
|-status|p1a: Manaphy|par
|move|p1a: Manaphy|Take Heart|p1a: Manaphy
|-boost|p1a: Manaphy|spa|1
|-boost|p1a: Manaphy|spd|1
|-curestatus|p1a: Manaphy|par|[msg]
|
|-heal|p1a: Manaphy|100/100|[from] item: Leftovers
|upkeep
|turn|6
|
|t:|1781162531
|switch|p2a: Regieleki|Regieleki|100/100
|move|p1a: Manaphy|Take Heart|p1a: Manaphy
|-boost|p1a: Manaphy|spa|1
|-boost|p1a: Manaphy|spd|1
|
|upkeep
|turn|7
|
|t:|1781162546
|-terastallize|p2a: Regieleki|Electric
|-terastallize|p1a: Manaphy|Poison
|move|p2a: Regieleki|Volt Switch|p1a: Manaphy
|-damage|p1a: Manaphy|84/100
|
|t:|1781162552
|switch|p2a: Klefki|Klefki, M|100/100|[from] Volt Switch
|move|p1a: Manaphy|Take Heart|p1a: Manaphy
|-boost|p1a: Manaphy|spa|1
|-boost|p1a: Manaphy|spd|1
|
|-heal|p1a: Manaphy|91/100|[from] item: Leftovers
|upkeep
|turn|8
|
|t:|1781162557
|move|p2a: Klefki|Switcheroo|p1a: Manaphy
|-activate|p2a: Klefki|move: Trick|[of] p1a: Manaphy
|-item|p1a: Manaphy|Ring Target|[from] move: Switcheroo
|-item|p2a: Klefki|Leftovers|[from] move: Switcheroo
|move|p1a: Manaphy|Scald|p2a: Klefki
|-damage|p2a: Klefki|23/100
|
|-heal|p2a: Klefki|29/100|[from] item: Leftovers
|upkeep
|turn|9
|
|t:|1781162564
|move|p2a: Klefki|Spikes|p1a: Manaphy
|-sidestart|p1: Piecubed|Spikes
|move|p1a: Manaphy|Acid Armor|p1a: Manaphy
|-boost|p1a: Manaphy|def|2
|
|-heal|p2a: Klefki|35/100|[from] item: Leftovers
|-sideend|p1: Piecubed|Reflect
|upkeep
|turn|10
|
|t:|1781162580
|move|p2a: Klefki|Spikes|p1a: Manaphy
|-sidestart|p1: Piecubed|Spikes
|move|p1a: Manaphy|Acid Armor|p1a: Manaphy
|-boost|p1a: Manaphy|def|2
|
|-heal|p2a: Klefki|41/100|[from] item: Leftovers
|-sideend|p1: Piecubed|move: Light Screen
|upkeep
|turn|11
|
|t:|1781162587
|move|p2a: Klefki|Thunder Wave|p1a: Manaphy
|-status|p1a: Manaphy|par
|move|p1a: Manaphy|Take Heart|p1a: Manaphy
|-boost|p1a: Manaphy|spa|1
|-boost|p1a: Manaphy|spd|1
|-curestatus|p1a: Manaphy|par|[msg]
|
|-heal|p2a: Klefki|47/100|[from] item: Leftovers
|upkeep
|turn|12
|
|t:|1781162594
|move|p2a: Klefki|Thunder Wave|p1a: Manaphy
|-status|p1a: Manaphy|par
|move|p1a: Manaphy|Scald|p2a: Klefki
|-damage|p2a: Klefki|0 fnt
|faint|p2a: Klefki
|
|upkeep
|j| testingrainteam1
|
|t:|1781162619
|switch|p2a: Great Tusk|Great Tusk|100/100
|turn|13
|j| liechiteladihul
|
|t:|1781162627
|move|p2a: Great Tusk|Headlong Rush|p1a: Manaphy
|-supereffective|p1a: Manaphy
|-damage|p1a: Manaphy|56/100 par
|-unboost|p2a: Great Tusk|def|1
|-unboost|p2a: Great Tusk|spd|1
|cant|p1a: Manaphy|par
|
|upkeep
|turn|14
|
|t:|1781162631
|move|p2a: Great Tusk|Headlong Rush|p1a: Manaphy
|-supereffective|p1a: Manaphy
|-damage|p1a: Manaphy|19/100 par
|-unboost|p2a: Great Tusk|def|1
|-unboost|p2a: Great Tusk|spd|1
|move|p1a: Manaphy|Take Heart|p1a: Manaphy
|-boost|p1a: Manaphy|spa|1
|-boost|p1a: Manaphy|spd|1
|-curestatus|p1a: Manaphy|par|[msg]
|
|upkeep
|turn|15
|
|t:|1781162637
|move|p1a: Manaphy|Stored Power|p2a: Great Tusk
|-supereffective|p2a: Great Tusk
|-damage|p2a: Great Tusk|0 fnt
|faint|p2a: Great Tusk
|-end|p2a: Great Tusk|Protosynthesis|[silent]
|
|upkeep
|
|t:|1781162640
|switch|p2a: Iron Crown|Iron Crown|100/100
|-enditem|p2a: Iron Crown|Booster Energy
|-activate|p2a: Iron Crown|ability: Quark Drive|[fromitem]
|-start|p2a: Iron Crown|quarkdrivespe
|turn|16
|
|t:|1781162643
|move|p2a: Iron Crown|Psychic Noise|p1a: Manaphy
|-supereffective|p1a: Manaphy
|-damage|p1a: Manaphy|0 fnt
|faint|p1a: Manaphy
|
|upkeep
|
|t:|1781162653
|switch|p1a: Glimmora|Glimmora, F|100/100
|-damage|p1a: Glimmora|76/100|[from] Spikes
|turn|17
|
|t:|1781162667
|move|p2a: Iron Crown|Psychic Noise|p1a: Glimmora
|-supereffective|p1a: Glimmora
|-damage|p1a: Glimmora|0 fnt
|faint|p1a: Glimmora
|
|upkeep
|
|t:|1781162676
|switch|p1a: Dragonite|Dragonite, F|100/100
|turn|18
|
|t:|1781162683
|move|p2a: Iron Crown|Tachyon Cutter|p1a: Dragonite
|-damage|p1a: Dragonite|92/100
|-damage|p1a: Dragonite|72/100
|-hitcount|p1a: Dragonite|2
|move|p1a: Dragonite|Fire Punch|p2a: Iron Crown
|-supereffective|p2a: Iron Crown
|-damage|p2a: Iron Crown|55/100
|
|upkeep
|turn|19
|
|t:|1781162693
|move|p2a: Iron Crown|Tachyon Cutter|p1a: Dragonite
|-damage|p1a: Dragonite|53/100
|-damage|p1a: Dragonite|35/100
|-hitcount|p1a: Dragonite|2
|move|p1a: Dragonite|Fire Punch|p2a: Iron Crown
|-supereffective|p2a: Iron Crown
|-damage|p2a: Iron Crown|13/100
|
|upkeep
|turn|20
|
|t:|1781162701
|move|p2a: Iron Crown|Tachyon Cutter|p1a: Dragonite
|-damage|p1a: Dragonite|17/100
|-damage|p1a: Dragonite|0 fnt
|faint|p1a: Dragonite
|-hitcount|p1: Dragonite|2
|
|upkeep
|
|t:|1781162705
|switch|p1a: Iron Valiant|Iron Valiant|100/100
|-damage|p1a: Iron Valiant|76/100|[from] Spikes
|-enditem|p1a: Iron Valiant|Booster Energy
|-activate|p1a: Iron Valiant|ability: Quark Drive|[fromitem]
|-start|p1a: Iron Valiant|quarkdrivespe
|turn|21
|
|t:|1781162713
|move|p1a: Iron Valiant|Thunderbolt|p2a: Iron Crown
|-damage|p2a: Iron Crown|0 fnt
|faint|p2a: Iron Crown
|-end|p2a: Iron Crown|Quark Drive|[silent]
|
|upkeep
|
|t:|1781162721
|switch|p2a: Ceruledge|Ceruledge, M|100/100
|turn|22
|l| testingrainteam1
|
|t:|1781162728
|move|p1a: Iron Valiant|Thunderbolt|p2a: Ceruledge
|-damage|p2a: Ceruledge|64/100
|move|p2a: Ceruledge|Bitter Blade|p1a: Iron Valiant
|-damage|p1a: Iron Valiant|18/100
|-heal|p2a: Ceruledge|93/100|[from] drain|[of] p1a: Iron Valiant
|
|upkeep
|turn|23
|
|t:|1781162735
|-end|p1a: Iron Valiant|Quark Drive|[silent]
|switch|p1a: Kommo-o|Kommo-o, M|100/100
|-damage|p1a: Kommo-o|75/100|[from] Spikes
|move|p2a: Ceruledge|Shadow Sneak|p1a: Kommo-o
|-damage|p1a: Kommo-o|55/100
|
|upkeep
|turn|24
|
|t:|1781162738
|move|p1a: Kommo-o|Substitute|p1a: Kommo-o
|-start|p1a: Kommo-o|Substitute
|-damage|p1a: Kommo-o|30/100
|move|p2a: Ceruledge|Poltergeist|p1a: Kommo-o
|-activate|p1a: Kommo-o|move: Poltergeist|Salac Berry
|-end|p1a: Kommo-o|Substitute
|
|upkeep
|turn|25
|
|t:|1781162745
|move|p2a: Ceruledge|Poltergeist|p1a: Kommo-o
|-activate|p1a: Kommo-o|move: Poltergeist|Salac Berry
|-damage|p1a: Kommo-o|0 fnt
|faint|p1a: Kommo-o
|
|upkeep
|-message|Piecubed forfeited.
|
|win|M0onStarr
|raw|Piecubed's rating: 1619 &rarr; <strong>1596</strong><br />(-23 for losing)
|raw|M0onStarr's rating: 1565 &rarr; <strong>1588</strong><br />(+23 for winning)
|l|☆Piecubed
|player|p1|
|l|☆M0onStarr
|player|p2|
