|j|☆blackgokuking
|j|☆portobellomushroom
|t:|1781219837
|gametype|singles
|player|p1|blackgokuking|169|1665
|player|p2|portobellomushroom|turo-ai|1652
|gen|9
|tier|[Gen 9] OU
|rated|
|rule|HP Percentage Mod: HP is shown in percentages
|rule|Endless Battle Clause: Forcing endless battles is banned
|rule|Species Clause: Limit one of each Pokémon
|rule|OHKO Clause: OHKO moves are banned
|rule|Evasion Items Clause: Evasion items are banned
|rule|Evasion Moves Clause: Evasion moves are banned
|rule|Evasion Abilities Clause: Evasion abilities are banned
|rule|Sleep Moves Clause: Sleep-inducing moves are banned
|clearpoke
|poke|p1|Kingambit, M|
|poke|p1|Kommo-o, M|
|poke|p1|Iron Valiant|
|poke|p1|Kyurem|
|poke|p1|Iron Treads|
|poke|p1|Iron Crown|
|poke|p2|Glimmora, F|
|poke|p2|Polteageist|
|poke|p2|Deoxys-Speed|
|poke|p2|Great Tusk|
|poke|p2|Dragonite, F|
|poke|p2|Iron Valiant|
|teampreview
|inactive|Battle timer is ON: inactive players will automatically lose when time's up. (requested by portobellomushroom)
|j| roarcat
|
|t:|1781219860
|teamsize|p1|6
|teamsize|p2|6
|start
|switch|p1a: Iron Treads|Iron Treads|100/100
|switch|p2a: great donphan|Great Tusk|100/100
|-enditem|p1a: Iron Treads|Booster Energy
|-activate|p1a: Iron Treads|ability: Quark Drive|[fromitem]
|-start|p1a: Iron Treads|quarkdrivespe
|-enditem|p2a: great donphan|Booster Energy
|-activate|p2a: great donphan|ability: Protosynthesis|[fromitem]
|-start|p2a: great donphan|protosynthesisspe
|turn|1
|
|t:|1781219867
|move|p1a: Iron Treads|Stealth Rock|p2a: great donphan
|-sidestart|p2: portobellomushroom|move: Stealth Rock
|move|p2a: great donphan|Bulk Up|p2a: great donphan
|-boost|p2a: great donphan|atk|1
|-boost|p2a: great donphan|def|1
|
|upkeep
|turn|2
|j| TheSacredJackal⨕
|j| Mega Delibird X
|
|t:|1781219880
|-end|p1a: Iron Treads|Quark Drive|[silent]
|switch|p1a: Iron Crown|Iron Crown|100/100
|-enditem|p1a: Iron Crown|Booster Energy
|-activate|p1a: Iron Crown|ability: Quark Drive|[fromitem]
|-start|p1a: Iron Crown|quarkdrivespe
|move|p2a: great donphan|Bulk Up|p2a: great donphan
|-boost|p2a: great donphan|atk|1
|-boost|p2a: great donphan|def|1
|
|upkeep
|turn|3
|
|t:|1781219887
|move|p1a: Iron Crown|Psychic Noise|p2a: great donphan
|-supereffective|p2a: great donphan
|-damage|p2a: great donphan|4/100
|-start|p2a: great donphan|move: Heal Block
|move|p2a: great donphan|Headlong Rush|p1a: Iron Crown
|-supereffective|p1a: Iron Crown
|-damage|p1a: Iron Crown|0 fnt
|-unboost|p2a: great donphan|def|1
|-unboost|p2a: great donphan|spd|1
|faint|p1a: Iron Crown
|-end|p1a: Iron Crown|Quark Drive|[silent]
|
|upkeep
|
|t:|1781219896
|switch|p1a: Iron Valiant|Iron Valiant|100/100
|-enditem|p1a: Iron Valiant|Booster Energy
|-activate|p1a: Iron Valiant|ability: Quark Drive|[fromitem]
|-start|p1a: Iron Valiant|quarkdrivespe
|turn|4
|
|t:|1781219899
|move|p1a: Iron Valiant|Moonblast|p2a: great donphan
|-supereffective|p2a: great donphan
|-damage|p2a: great donphan|0 fnt
|faint|p2a: great donphan
|-end|p2a: great donphan|Protosynthesis|[silent]
|
|upkeep
|
|t:|1781219903
|switch|p2a: glim glam|Glimmora, F|100/100
|-damage|p2a: glim glam|88/100|[from] Stealth Rock
|turn|5
|
|t:|1781219913
|move|p1a: Iron Valiant|Calm Mind|p1a: Iron Valiant
|-boost|p1a: Iron Valiant|spa|1
|-boost|p1a: Iron Valiant|spd|1
|move|p2a: glim glam|Earth Power|p1a: Iron Valiant
|-damage|p1a: Iron Valiant|66/100
|
|upkeep
|turn|6
|
|t:|1781219919
|move|p1a: Iron Valiant|Focus Blast|p2a: glim glam
|-damage|p2a: glim glam|0 fnt
|faint|p2a: glim glam
|
|upkeep
|
|t:|1781219923
|switch|p2a: which set?|Iron Valiant|100/100
|-damage|p2a: which set?|94/100|[from] Stealth Rock
|-enditem|p2a: which set?|Booster Energy
|-activate|p2a: which set?|ability: Quark Drive|[fromitem]
|-start|p2a: which set?|quarkdrivespe
|turn|7
|
|t:|1781219930
|move|p2a: which set?|Zen Headbutt|p1a: Iron Valiant
|-supereffective|p1a: Iron Valiant
|-crit|p1a: Iron Valiant
|-damage|p1a: Iron Valiant|0 fnt
|faint|p1a: Iron Valiant
|-end|p1a: Iron Valiant|Quark Drive|[silent]
|
|upkeep
|j| ecall
|
|t:|1781219938
|switch|p1a: Iron Treads|Iron Treads|100/100
|turn|8
|
|t:|1781219942
|move|p2a: which set?|Close Combat|p1a: Iron Treads
|-supereffective|p1a: Iron Treads
|-damage|p1a: Iron Treads|17/100
|-unboost|p2a: which set?|def|1
|-unboost|p2a: which set?|spd|1
|move|p1a: Iron Treads|Earthquake|p2a: which set?
|-damage|p2a: which set?|24/100
|
|upkeep
|turn|9
|
|t:|1781219952
|move|p2a: which set?|Close Combat|p1a: Iron Treads
|-supereffective|p1a: Iron Treads
|-damage|p1a: Iron Treads|0 fnt
|-unboost|p2a: which set?|def|1
|-unboost|p2a: which set?|spd|1
|faint|p1a: Iron Treads
|-end|p1a: Iron Treads|Quark Drive|[silent]
|
|upkeep
|
|t:|1781219959
|switch|p1a: Kingambit|Kingambit, M|100/100
|-activate|p1a: Kingambit|ability: Supreme Overlord
|-start|p1a: Kingambit|fallen3|[silent]
|turn|10
|
|t:|1781219963
|move|p1a: Kingambit|Sucker Punch|p2a: which set?
|-resisted|p2a: which set?
|-damage|p2a: which set?|0 fnt
|faint|p2a: which set?
|-end|p2a: which set?|Quark Drive|[silent]
|
|upkeep
|
|t:|1781219968
|switch|p2a: liting mcgoo|Deoxys-Speed|100/100
|-damage|p2a: liting mcgoo|88/100|[from] Stealth Rock
|-ability|p2a: liting mcgoo|Pressure
|turn|11
|
|t:|1781219972
|-end|p1a: Kingambit|fallen3|[silent]
|switch|p1a: Kommo-o|Kommo-o, M|100/100
|-terastallize|p2a: liting mcgoo|Fighting
|move|p2a: liting mcgoo|Focus Blast|p1a: Kommo-o|[miss]
|-miss|p2a: liting mcgoo|p1a: Kommo-o
|
|upkeep
|turn|12
|
|t:|1781219981
|move|p2a: liting mcgoo|Psycho Boost|p1a: Kommo-o
|-supereffective|p1a: Kommo-o
|-damage|p1a: Kommo-o|0 fnt
|-unboost|p2a: liting mcgoo|spa|2
|faint|p1a: Kommo-o
|-damage|p2a: liting mcgoo|78/100|[from] item: Life Orb
|
|upkeep
|
|t:|1781219985
|switch|p1a: Kyurem|Kyurem|100/100
|-ability|p1a: Kyurem|Pressure
|turn|13
|
|t:|1781219993
|switch|p2a: drank|Polteageist|100/100
|-damage|p2a: drank|88/100|[from] Stealth Rock
|move|p1a: Kyurem|Scale Shot|p2a: drank
|-damage|p2a: drank|61/100
|-ability|p2a: drank|Weak Armor|boost
|-unboost|p2a: drank|def|1
|-boost|p2a: drank|spe|2
|-damage|p2a: drank|19/100
|-ability|p2a: drank|Weak Armor|boost
|-unboost|p2a: drank|def|1
|-boost|p2a: drank|spe|2
|-damage|p2a: drank|0 fnt
|faint|p2a: drank
|-hitcount|p2: drank|3
|-unboost|p1a: Kyurem|def|1
|-boost|p1a: Kyurem|spe|1
|
|upkeep
|-message|portobellomushroom forfeited.
|
|win|blackgokuking
|raw|blackgokuking's rating: 1665 &rarr; <strong>1684</strong><br />(+19 for winning)
|raw|portobellomushroom's rating: 1652 &rarr; <strong>1633</strong><br />(-19 for losing)
|l|☆portobellomushroom
|player|p2|
|l|☆blackgokuking
|player|p1|
|l| TheSacredJackal⨕
|l| ecall
