|j|☆dia-sre
|j|☆thebambi1234
|t:|1781115970
|gametype|singles
|player|p1|dia-sre|2|1733
|player|p2|thebambi1234|blackbelt-gen4dp|1731
|gen|9
|tier|[Gen 9] OU
|rated|
|rule|HP Percentage Mod: HP is shown in percentages
|rule|Endless Battle Clause: Forcing endless battles is banned
|rule|Species Clause: Limit one of each Pokémon
|rule|OHKO Clause: OHKO moves are banned
|rule|Evasion Items Clause: Evasion items are banned
|rule|Evasion Moves Clause: Evasion moves are banned
|rule|Evasion Abilities Clause: Evasion abilities are banned
|rule|Sleep Moves Clause: Sleep-inducing moves are banned
|clearpoke
|poke|p1|Azumarill, M|
|poke|p1|Dragapult, F|
|poke|p1|Garchomp, F|
|poke|p1|Weezing-Galar, F|
|poke|p1|Gholdengo|
|poke|p1|Hoopa-Unbound|
|poke|p2|Gliscor, M|
|poke|p2|Corviknight, M|
|poke|p2|Dondozo, M|
|poke|p2|Blissey, F|
|poke|p2|Weezing-Galar, F|
|poke|p2|Garganacl, F|
|teampreview
|inactive|Battle timer is ON: inactive players will automatically lose when time's up. (requested by thebambi1234)
|
|t:|1781115989
|teamsize|p1|6
|teamsize|p2|6
|start
|switch|p1a: Garchomp|Garchomp, F|100/100
|switch|p2a: Garganacl|Garganacl, F, shiny|100/100
|turn|1
|
|t:|1781116001
|move|p1a: Garchomp|Earthquake|p2a: Garganacl
|-supereffective|p2a: Garganacl
|-damage|p2a: Garganacl|44/100
|move|p2a: Garganacl|Salt Cure|p1a: Garchomp
|-resisted|p1a: Garchomp
|-damage|p1a: Garchomp|96/100
|-start|p1a: Garchomp|Salt Cure
|
|-heal|p2a: Garganacl|50/100|[from] item: Leftovers
|-damage|p1a: Garchomp|84/100|[from] Salt Cure
|upkeep
|turn|2
|
|t:|1781116015
|move|p1a: Garchomp|Stealth Rock|p2a: Garganacl
|-sidestart|p2: thebambi1234|move: Stealth Rock
|move|p2a: Garganacl|Recover|p2a: Garganacl
|-heal|p2a: Garganacl|99/100
|
|-heal|p2a: Garganacl|100/100|[from] item: Leftovers
|-damage|p1a: Garchomp|71/100|[from] Salt Cure
|upkeep
|turn|3
|
|t:|1781116019
|switch|p2a: Corviknight|Corviknight, M|100/100
|-damage|p2a: Corviknight|88/100|[from] Stealth Rock
|-ability|p2a: Corviknight|Pressure
|move|p1a: Garchomp|Earthquake|p2a: Corviknight
|-immune|p2a: Corviknight
|
|-damage|p1a: Garchomp|59/100|[from] Salt Cure
|upkeep
|turn|4
|
|t:|1781116024
|move|p1a: Garchomp|Spikes|p2a: Corviknight
|-sidestart|p2: thebambi1234|Spikes
|move|p2a: Corviknight|U-turn|p1a: Garchomp
|-damage|p1a: Garchomp|50/100
|-damage|p2a: Corviknight|75/100|[from] ability: Rough Skin|[of] p1a: Garchomp
|-damage|p2a: Corviknight|59/100|[from] item: Rocky Helmet|[of] p1a: Garchomp
|
|t:|1781116028
|switch|p2a: Weezing|Weezing-Galar, F|100/100|[from] U-turn
|-ability|p2a: Weezing|Neutralizing Gas
|
|-damage|p1a: Garchomp|38/100|[from] Salt Cure
|upkeep
|turn|5
|
|t:|1781116043
|-end|p2a: Weezing|ability: Neutralizing Gas
|switch|p2a: Corviknight|Corviknight, M|59/100
|-damage|p2a: Corviknight|46/100|[from] Stealth Rock
|-ability|p2a: Corviknight|Pressure
|move|p1a: Garchomp|Earthquake|p2a: Corviknight
|-immune|p2a: Corviknight
|
|-damage|p1a: Garchomp|25/100|[from] Salt Cure
|upkeep
|turn|6
|
|t:|1781116046
|switch|p1a: Gholdengo|Gholdengo|100/100
|move|p2a: Corviknight|Roost|p2a: Corviknight
|-heal|p2a: Corviknight|96/100
|-singleturn|p2a: Corviknight|move: Roost
|
|upkeep
|turn|7
|j| nepturee
|l| nepturee
|
|t:|1781116052
|switch|p2a: Weezing|Weezing-Galar, F|100/100
|-ability|p2a: Weezing|Neutralizing Gas
|move|p1a: Gholdengo|Thunderbolt|p2a: Weezing
|-damage|p2a: Weezing|44/100
|-damage|p1a: Gholdengo|91/100|[from] item: Life Orb
|
|upkeep
|turn|8
|
|t:|1781116061
|-end|p2a: Weezing|ability: Neutralizing Gas
|switch|p2a: Blissey|Blissey, F|100/100
|-damage|p2a: Blissey|88/100|[from] Stealth Rock
|-damage|p2a: Blissey|76/100|[from] Spikes
|move|p1a: Gholdengo|Thunderbolt|p2a: Blissey
|-damage|p2a: Blissey|63/100
|-damage|p1a: Gholdengo|81/100|[from] item: Life Orb
|
|-heal|p2a: Blissey|69/100|[from] item: Leftovers
|upkeep
|turn|9
|
|t:|1781116068
|switch|p1a: Dragapult|Dragapult, F|100/100
|move|p2a: Blissey|Soft-Boiled|p2a: Blissey
|-heal|p2a: Blissey|100/100
|
|upkeep
|turn|10
|
|t:|1781116074
|switch|p2a: Corviknight|Corviknight, M|96/100
|-damage|p2a: Corviknight|84/100|[from] Stealth Rock
|-ability|p2a: Corviknight|Pressure
|move|p1a: Dragapult|U-turn|p2a: Corviknight
|-resisted|p2a: Corviknight
|-damage|p2a: Corviknight|78/100
|-damage|p1a: Dragapult|84/100|[from] item: Rocky Helmet|[of] p2a: Corviknight
|inactive|dia-sre has 120 seconds left.
|inactive|dia-sre has 90 seconds left.
|
|t:|1781116147
|switch|p1a: Gholdengo|Gholdengo|81/100|[from] U-turn
|
|upkeep
|turn|11
|j| blackgokuking
|
|t:|1781116154
|switch|p2a: Gliscor|Gliscor, M, shiny|100/100
|-damage|p2a: Gliscor|88/100|[from] Stealth Rock
|move|p1a: Gholdengo|Thunderbolt|p2a: Gliscor
|-immune|p2a: Gliscor
|
|-status|p2a: Gliscor|tox|[from] item: Toxic Orb
|upkeep
|turn|12
|inactive|dia-sre has 90 seconds left.
|
|t:|1781116173
|move|p1a: Gholdengo|Make It Rain|p2a: Gliscor
|-damage|p2a: Gliscor|0 fnt
|-unboost|p1a: Gholdengo|spa|1
|faint|p2a: Gliscor
|-damage|p1a: Gholdengo|71/100|[from] item: Life Orb
|
|upkeep
|-message|thebambi1234 forfeited.
|
|win|dia-sre
|raw|dia-sre's rating: 1733 &rarr; <strong>1753</strong><br />(+20 for winning)
|raw|thebambi1234's rating: 1731 &rarr; <strong>1711</strong><br />(-20 for losing)
|l|☆thebambi1234
|player|p2|
|l| blackgokuking
|l|☆dia-sre
|player|p1|
