|j|☆Rj yoip
|j|☆temporarylight
|t:|1780923795
|gametype|singles
|player|p1|Rj yoip|caitlin-masters|1679
|player|p2|temporarylight|jogger|1712
|gen|9
|tier|[Gen 9] OU
|rated|
|rule|HP Percentage Mod: HP is shown in percentages
|rule|Endless Battle Clause: Forcing endless battles is banned
|rule|Species Clause: Limit one of each Pokémon
|rule|OHKO Clause: OHKO moves are banned
|rule|Evasion Items Clause: Evasion items are banned
|rule|Evasion Moves Clause: Evasion moves are banned
|rule|Evasion Abilities Clause: Evasion abilities are banned
|rule|Sleep Moves Clause: Sleep-inducing moves are banned
|clearpoke
|poke|p1|Tyranitar, F|
|poke|p1|Hydrapple, F|
|poke|p1|Enamorus, F|
|poke|p1|Garganacl, F|
|poke|p1|Excadrill, M|
|poke|p1|Alomomola, M|
|poke|p2|Thundurus-Therian, M|
|poke|p2|Cinderace, F|
|poke|p2|Latios, M|
|poke|p2|Jirachi|
|poke|p2|Mandibuzz, F|
|poke|p2|Great Tusk|
|teampreview
|inactive|Battle timer is ON: inactive players will automatically lose when time's up. (requested by temporarylight)
|inactive|temporarylight has 120 seconds left.
|inactive|temporarylight has 90 seconds left.
|j| a jellyfish
|inactive|temporarylight has 60 seconds left.
|
|t:|1780923911
|teamsize|p1|6
|teamsize|p2|6
|start
|switch|p1a: Garganacl|Garganacl, F|100/100
|switch|p2a: Cinderace|Cinderace, F|100/100
|turn|1
|
|t:|1780923915
|move|p2a: Cinderace|High Jump Kick|p1a: Garganacl
|-start|p2a: Cinderace|typechange|Fighting|[from] ability: Libero
|-supereffective|p1a: Garganacl
|-damage|p1a: Garganacl|14/100
|move|p1a: Garganacl|Salt Cure|p2a: Cinderace
|-resisted|p2a: Cinderace
|-damage|p2a: Cinderace|91/100
|-start|p2a: Cinderace|Salt Cure
|
|-heal|p1a: Garganacl|20/100|[from] item: Leftovers
|-damage|p2a: Cinderace|79/100|[from] Salt Cure
|upkeep
|turn|2
|j| SilverDE
|
|t:|1780923930
|move|p1a: Garganacl|Protect|p1a: Garganacl
|-singleturn|p1a: Garganacl|Protect
|move|p2a: Cinderace|Pyro Ball|p1a: Garganacl
|-activate|p1a: Garganacl|move: Protect
|
|-heal|p1a: Garganacl|26/100|[from] item: Leftovers
|-damage|p2a: Cinderace|67/100|[from] Salt Cure
|upkeep
|turn|3
|
|t:|1780923934
|switch|p1a: Alomomola|Alomomola, M|100/100
|move|p2a: Cinderace|Pyro Ball|p1a: Alomomola|[miss]
|-miss|p2a: Cinderace|p1a: Alomomola
|
|-damage|p2a: Cinderace|54/100|[from] Salt Cure
|upkeep
|turn|4
|
|t:|1780923939
|switch|p2a: Jirachi|Jirachi|100/100
|move|p1a: Alomomola|Flip Turn|p2a: Jirachi
|-damage|p2a: Jirachi|88/100
|
|t:|1780923947
|switch|p1a: Excadrill|Excadrill, M|100/100|[from] Flip Turn
|
|upkeep
|turn|5
|
|t:|1780923952
|switch|p2a: Mandibuzz|Mandibuzz, F, shiny|100/100
|move|p1a: Excadrill|Substitute|p1a: Excadrill
|-start|p1a: Excadrill|Substitute
|-damage|p1a: Excadrill|76/100
|
|-heal|p1a: Excadrill|82/100|[from] item: Leftovers
|upkeep
|turn|6
|
|t:|1780923961
|move|p1a: Excadrill|Rock Slide|p2a: Mandibuzz
|-supereffective|p2a: Mandibuzz
|-damage|p2a: Mandibuzz|67/100
|move|p2a: Mandibuzz|Foul Play|p1a: Excadrill
|-end|p1a: Excadrill|Substitute
|
|-heal|p1a: Excadrill|88/100|[from] item: Leftovers
|upkeep
|turn|7
|
|t:|1780923971
|switch|p1a: Garganacl|Garganacl, F|26/100
|move|p2a: Mandibuzz|Roost|p2a: Mandibuzz
|-heal|p2a: Mandibuzz|100/100
|-singleturn|p2a: Mandibuzz|move: Roost
|
|-heal|p1a: Garganacl|32/100|[from] item: Leftovers
|upkeep
|turn|8
|
|t:|1780923976
|switch|p2a: Great Tusk|Great Tusk|100/100
|move|p1a: Garganacl|Recover|p1a: Garganacl
|-heal|p1a: Garganacl|82/100
|
|-heal|p1a: Garganacl|89/100|[from] item: Leftovers
|upkeep
|turn|9
|
|t:|1780923980
|switch|p1a: Enamorus|Enamorus, F|100/100
|move|p2a: Great Tusk|Stealth Rock|p1a: Enamorus
|-sidestart|p1: Rj yoip|move: Stealth Rock
|
|upkeep
|turn|10
|
|t:|1780923995
|-end|p2a: Great Tusk|Protosynthesis|[silent]
|switch|p2a: Jirachi|Jirachi|88/100
|move|p1a: Enamorus|Moonblast|p2a: Jirachi
|-resisted|p2a: Jirachi
|-crit|p2a: Jirachi
|-damage|p2a: Jirachi|61/100
|
|upkeep
|turn|11
|
|t:|1780924001
|switch|p1a: Excadrill|Excadrill, M|88/100
|-damage|p1a: Excadrill|85/100|[from] Stealth Rock
|move|p2a: Jirachi|Doom Desire|p1a: Excadrill
|-start|p2a: Jirachi|Doom Desire
|
|-heal|p1a: Excadrill|91/100|[from] item: Leftovers
|upkeep
|turn|12
|
|t:|1780924011
|switch|p2a: Mandibuzz|Mandibuzz, F, shiny|100/100
|move|p1a: Excadrill|Rapid Spin|p2a: Mandibuzz
|-damage|p2a: Mandibuzz|90/100
|-boost|p1a: Excadrill|spe|1
|-damage|p1a: Excadrill|74/100|[from] item: Rocky Helmet|[of] p2a: Mandibuzz
|-sideend|p1: Rj yoip|Stealth Rock|[from] move: Rapid Spin|[of] p1a: Excadrill
|
|-heal|p1a: Excadrill|80/100|[from] item: Leftovers
|upkeep
|turn|13
|
|t:|1780924017
|switch|p1a: Garganacl|Garganacl, F|89/100
|move|p2a: Mandibuzz|Foul Play|p1a: Garganacl
|-damage|p1a: Garganacl|66/100
|
|-end|p1a: Garganacl|move: Doom Desire
|-supereffective|p1a: Garganacl
|-damage|p1a: Garganacl|0 fnt
|faint|p1a: Garganacl
|upkeep
|l| a jellyfish
|
|t:|1780924022
|switch|p1a: Enamorus|Enamorus, F|100/100
|turn|14
|j| a jellyfish
|
|t:|1780924028
|switch|p2a: Jirachi|Jirachi|61/100
|move|p1a: Enamorus|Earth Power|p2a: Jirachi
|-supereffective|p2a: Jirachi
|-damage|p2a: Jirachi|24/100
|
|upkeep
|turn|15
|
|t:|1780924031
|switch|p2a: Thundurus|Thundurus-Therian, M|100/100
|move|p1a: Enamorus|Earth Power|p2a: Thundurus
|-immune|p2a: Thundurus
|
|upkeep
|turn|16
|
|t:|1780924037
|switch|p1a: Excadrill|Excadrill, M|80/100
|move|p2a: Thundurus|Nasty Plot|p2a: Thundurus
|-boost|p2a: Thundurus|spa|2
|
|-heal|p1a: Excadrill|86/100|[from] item: Leftovers
|upkeep
|turn|17
|
|t:|1780924047
|switch|p1a: Tyranitar|Tyranitar, F|100/100
|-weather|Sandstorm|[from] ability: Sand Stream|[of] p1a: Tyranitar
|move|p2a: Thundurus|Focus Blast|p1a: Tyranitar|[miss]
|-miss|p2a: Thundurus|p1a: Tyranitar
|
|-weather|Sandstorm|[upkeep]
|-damage|p2a: Thundurus|94/100|[from] Sandstorm
|-heal|p2a: Thundurus|100/100|[from] item: Leftovers
|upkeep
|turn|18
|
|t:|1780924057
|move|p2a: Thundurus|Focus Blast|p1a: Tyranitar
|-supereffective|p1a: Tyranitar
|-damage|p1a: Tyranitar|0 fnt
|faint|p1a: Tyranitar
|
|-weather|Sandstorm|[upkeep]
|-damage|p2a: Thundurus|94/100|[from] Sandstorm
|-heal|p2a: Thundurus|100/100|[from] item: Leftovers
|upkeep
|
|t:|1780924064
|switch|p1a: Excadrill|Excadrill, M|86/100
|turn|19
|
|t:|1780924069
|switch|p2a: Great Tusk|Great Tusk|100/100
|move|p1a: Excadrill|Substitute|p1a: Excadrill
|-start|p1a: Excadrill|Substitute
|-damage|p1a: Excadrill|61/100
|
|-weather|Sandstorm|[upkeep]
|-heal|p1a: Excadrill|68/100|[from] item: Leftovers
|upkeep
|turn|20
|
|t:|1780924074
|move|p1a: Excadrill|Earthquake|p2a: Great Tusk
|-damage|p2a: Great Tusk|60/100
|move|p2a: Great Tusk|Ice Spinner|p1a: Excadrill
|-end|p1a: Excadrill|Substitute
|
|-weather|Sandstorm|[upkeep]
|-heal|p1a: Excadrill|74/100|[from] item: Leftovers
|upkeep
|turn|21
|
|t:|1780924082
|move|p1a: Excadrill|Substitute|p1a: Excadrill
|-start|p1a: Excadrill|Substitute
|-damage|p1a: Excadrill|49/100
|move|p2a: Great Tusk|Headlong Rush|p1a: Excadrill
|-supereffective|p1a: Excadrill
|-end|p1a: Excadrill|Substitute
|-unboost|p2a: Great Tusk|def|1
|-unboost|p2a: Great Tusk|spd|1
|
|-weather|none
|-heal|p1a: Excadrill|55/100|[from] item: Leftovers
|upkeep
|turn|22
|
|t:|1780924096
|-end|p2a: Great Tusk|Protosynthesis|[silent]
|switch|p2a: Mandibuzz|Mandibuzz, F, shiny|90/100
|move|p1a: Excadrill|Earthquake|p2a: Mandibuzz
|-immune|p2a: Mandibuzz
|
|-heal|p1a: Excadrill|61/100|[from] item: Leftovers
|upkeep
|turn|23
|
|t:|1780924104
|switch|p1a: Enamorus|Enamorus, F|100/100
|switch|p2a: Thundurus|Thundurus-Therian, M|100/100
|
|upkeep
|turn|24
|
|t:|1780924111
|-terastallize|p1a: Enamorus|Ground
|move|p1a: Enamorus|Moonblast|p2a: Thundurus
|-damage|p2a: Thundurus|28/100
|-unboost|p2a: Thundurus|spa|1
|move|p2a: Thundurus|Thunderbolt|p1a: Enamorus
|-immune|p1a: Enamorus
|
|-heal|p2a: Thundurus|34/100|[from] item: Leftovers
|upkeep
|turn|25
|
|t:|1780924125
|switch|p2a: Jirachi|Jirachi|24/100
|move|p1a: Enamorus|Moonblast|p2a: Jirachi
|-resisted|p2a: Jirachi
|-damage|p2a: Jirachi|8/100
|-unboost|p2a: Jirachi|spa|1
|
|upkeep
|turn|26
|
|t:|1780924136
|move|p1a: Enamorus|Moonblast|p2a: Jirachi
|-resisted|p2a: Jirachi
|-damage|p2a: Jirachi|0 fnt
|faint|p2a: Jirachi
|
|upkeep
|
|t:|1780924138
|switch|p2a: Cinderace|Cinderace, F|54/100
|turn|27
|
|t:|1780924151
|switch|p1a: Alomomola|Alomomola, M|100/100
|move|p2a: Cinderace|High Jump Kick|p1a: Alomomola
|-start|p2a: Cinderace|typechange|Fighting|[from] ability: Libero
|-damage|p1a: Alomomola|58/100
|
|upkeep
|turn|28
|
|t:|1780924161
|switch|p2a: Latios|Latios, M|100/100
|move|p1a: Alomomola|Flip Turn|p2a: Latios
|-resisted|p2a: Latios
|-damage|p2a: Latios|89/100
|
|t:|1780924170
|switch|p1a: Enamorus|Enamorus, F, tera:Ground|100/100|[from] Flip Turn
|
|upkeep
|turn|29
|
|t:|1780924178
|move|p2a: Latios|Draco Meteor|p1a: Enamorus
|-damage|p1a: Enamorus|0 fnt
|-unboost|p2a: Latios|spa|2
|faint|p1a: Enamorus
|
|upkeep
|
|t:|1780924183
|switch|p1a: Excadrill|Excadrill, M|61/100
|turn|30
|
|t:|1780924187
|switch|p2a: Mandibuzz|Mandibuzz, F, shiny|90/100
|move|p1a: Excadrill|Substitute|p1a: Excadrill
|-start|p1a: Excadrill|Substitute
|-damage|p1a: Excadrill|36/100
|
|-heal|p1a: Excadrill|42/100|[from] item: Leftovers
|upkeep
|turn|31
|
|t:|1780924190
|move|p1a: Excadrill|Rock Slide|p2a: Mandibuzz
|-supereffective|p2a: Mandibuzz
|-damage|p2a: Mandibuzz|58/100
|move|p2a: Mandibuzz|Foul Play|p1a: Excadrill
|-end|p1a: Excadrill|Substitute
|
|-heal|p1a: Excadrill|48/100|[from] item: Leftovers
|upkeep
|turn|32
|
|t:|1780924206
|move|p1a: Excadrill|Rock Slide|p2a: Mandibuzz
|-supereffective|p2a: Mandibuzz
|-damage|p2a: Mandibuzz|28/100
|move|p2a: Mandibuzz|Roost|p2a: Mandibuzz
|-heal|p2a: Mandibuzz|78/100
|-singleturn|p2a: Mandibuzz|move: Roost
|
|-heal|p1a: Excadrill|54/100|[from] item: Leftovers
|upkeep
|turn|33
|
|t:|1780924209
|switch|p1a: Alomomola|Alomomola, M|91/100
|move|p2a: Mandibuzz|Foul Play|p1a: Alomomola
|-damage|p1a: Alomomola|73/100
|
|upkeep
|turn|34
|
|t:|1780924212
|move|p2a: Mandibuzz|Toxic|p1a: Alomomola
|-status|p1a: Alomomola|tox
|move|p1a: Alomomola|Flip Turn|p2a: Mandibuzz
|-damage|p2a: Mandibuzz|69/100
|-damage|p1a: Alomomola|57/100 tox|[from] item: Rocky Helmet|[of] p2a: Mandibuzz
|
|t:|1780924214
|switch|p1a: Excadrill|Excadrill, M|54/100|[from] Flip Turn
|
|-heal|p1a: Excadrill|60/100|[from] item: Leftovers
|upkeep
|turn|35
|
|t:|1780924217
|switch|p1a: Alomomola|Alomomola, M|90/100 tox
|move|p2a: Mandibuzz|Roost|p2a: Mandibuzz
|-heal|p2a: Mandibuzz|100/100
|-singleturn|p2a: Mandibuzz|move: Roost
|
|-damage|p1a: Alomomola|84/100 tox|[from] psn
|upkeep
|turn|36
|
|t:|1780924225
|switch|p2a: Latios|Latios, M|89/100
|move|p1a: Alomomola|Flip Turn|p2a: Latios
|-resisted|p2a: Latios
|-damage|p2a: Latios|78/100
|
|t:|1780924234
|switch|p1a: Excadrill|Excadrill, M|60/100|[from] Flip Turn
|
|-heal|p1a: Excadrill|66/100|[from] item: Leftovers
|upkeep
|turn|37
|
|t:|1780924242
|switch|p1a: Alomomola|Alomomola, M|100/100 tox
|move|p2a: Latios|Ice Beam|p1a: Alomomola
|-resisted|p1a: Alomomola
|-damage|p1a: Alomomola|91/100 tox
|
|-damage|p1a: Alomomola|85/100 tox|[from] psn
|upkeep
|turn|38
|l| SilverDE
|
|t:|1780924254
|switch|p2a: Mandibuzz|Mandibuzz, F, shiny|100/100
|move|p1a: Alomomola|Flip Turn|p2a: Mandibuzz
|-damage|p2a: Mandibuzz|90/100
|-damage|p1a: Alomomola|69/100 tox|[from] item: Rocky Helmet|[of] p2a: Mandibuzz
|
|t:|1780924256
|switch|p1a: Excadrill|Excadrill, M|66/100|[from] Flip Turn
|
|-heal|p1a: Excadrill|73/100|[from] item: Leftovers
|upkeep
|turn|39
|j| SilverDE
|l| SilverDE
|
|t:|1780924264
|switch|p1a: Alomomola|Alomomola, M|100/100 tox
|move|p2a: Mandibuzz|Foul Play|p1a: Alomomola
|-damage|p1a: Alomomola|85/100 tox
|
|-damage|p1a: Alomomola|78/100 tox|[from] psn
|upkeep
|turn|40
|
|t:|1780924287
|move|p2a: Mandibuzz|Foul Play|p1a: Alomomola
|-damage|p1a: Alomomola|61/100 tox
|move|p1a: Alomomola|Flip Turn|p2a: Mandibuzz
|-damage|p2a: Mandibuzz|81/100
|-damage|p1a: Alomomola|44/100 tox|[from] item: Rocky Helmet|[of] p2a: Mandibuzz
|
|t:|1780924288
|switch|p1a: Hydrapple|Hydrapple, F|100/100|[from] Flip Turn
|
|upkeep
|turn|41
|
|t:|1780924297
|switch|p1a: Alomomola|Alomomola, M|77/100 tox
|move|p2a: Mandibuzz|Toxic|p1a: Alomomola
|-fail|p1a: Alomomola|tox
|
|-damage|p1a: Alomomola|71/100 tox|[from] psn
|upkeep
|turn|42
|inactive|Rj yoip has 120 seconds left.
|
|t:|1780924337
|switch|p1a: Excadrill|Excadrill, M|73/100
|move|p2a: Mandibuzz|Foul Play|p1a: Excadrill
|-damage|p1a: Excadrill|0 fnt
|faint|p1a: Excadrill
|
|upkeep
|-message|Rj yoip forfeited.
|
|win|temporarylight
|raw|Rj yoip's rating: 1654 &rarr; <strong>1637</strong><br />(-17 for losing)
|raw|temporarylight's rating: 1712 &rarr; <strong>1729</strong><br />(+17 for winning)
|l|☆Rj yoip
|player|p1|
|l|☆temporarylight
|player|p2|
|l| a jellyfish
