|j|☆lolcano46
|j|☆mongwong
|t:|1781575594
|gametype|singles
|player|p1|lolcano46|fisherman-gen4|1646
|player|p2|mongwong|eusine-gen2|1634
|gen|9
|tier|[Gen 9] OU
|rated|
|rule|HP Percentage Mod: HP is shown in percentages
|rule|Endless Battle Clause: Forcing endless battles is banned
|rule|Species Clause: Limit one of each Pokémon
|rule|OHKO Clause: OHKO moves are banned
|rule|Evasion Items Clause: Evasion items are banned
|rule|Evasion Moves Clause: Evasion moves are banned
|rule|Evasion Abilities Clause: Evasion abilities are banned
|rule|Sleep Moves Clause: Sleep-inducing moves are banned
|clearpoke
|poke|p1|Azelf|
|poke|p1|Ogerpon-Wellspring, F|
|poke|p1|Scizor, M|
|poke|p1|Gengar, M|
|poke|p1|Raging Bolt|
|poke|p1|Cinderace, M|
|poke|p2|Weezing-Galar, F|
|poke|p2|Ninetales-Alola, F|
|poke|p2|Iron Boulder|
|poke|p2|Kyurem|
|poke|p2|Slowking-Galar, F|
|poke|p2|Samurott-Hisui, F|
|teampreview
|inactive|Battle timer is ON: inactive players will automatically lose when time's up. (requested by lolcano46)
|inactive|mongwong also wants the timer to be on.
|inactive|mongwong has 120 seconds left.
|inactive|mongwong has 90 seconds left.
|
|t:|1781575665
|teamsize|p1|6
|teamsize|p2|6
|start
|switch|p1a: Azelf|Azelf|100/100
|switch|p2a: Samurott|Samurott-Hisui, F|100/100
|turn|1
|
|t:|1781575692
|-terastallize|p1a: Azelf|Fairy
|move|p1a: Azelf|Dazzling Gleam|p2a: Samurott
|-supereffective|p2a: Samurott
|-damage|p2a: Samurott|42/100
|move|p2a: Samurott|Ceaseless Edge|p1a: Azelf
|-resisted|p1a: Azelf
|-damage|p1a: Azelf|75/100
|-sidestart|p1: lolcano46|Spikes
|
|upkeep
|turn|2
|
|t:|1781575717
|switch|p2a: Slowking|Slowking-Galar, F|100/100
|move|p1a: Azelf|Dazzling Gleam|p2a: Slowking
|-resisted|p2a: Slowking
|-damage|p2a: Slowking|89/100
|
|upkeep
|turn|3
|
|t:|1781575721
|switch|p1a: Cinderace|Cinderace, M|100/100
|-prepare|p2a: Slowking|Chilly Reception|[premajor]
|move|p2a: Slowking|Chilly Reception|p2a: Slowking
|-weather|Snowscape
|
|t:|1781575727
|switch|p2a: Kyurem|Kyurem|100/100|[from] Chilly Reception
|-ability|p2a: Kyurem|Pressure
|
|-weather|Snowscape|[upkeep]
|upkeep
|turn|4
|
|t:|1781575733
|switch|p1a: Azelf|Azelf, tera:Fairy|75/100
|move|p2a: Kyurem|Blizzard|p1a: Azelf
|-damage|p1a: Azelf|0 fnt
|faint|p1a: Azelf
|
|-weather|Snowscape|[upkeep]
|upkeep
|
|t:|1781575736
|switch|p1a: Scizor|Scizor, M|100/100
|-damage|p1a: Scizor|88/100|[from] Spikes
|turn|5
|
|t:|1781575741
|switch|p2a: Slowking|Slowking-Galar, F|100/100
|move|p1a: Scizor|Swords Dance|p1a: Scizor
|-boost|p1a: Scizor|atk|2
|
|-weather|Snowscape|[upkeep]
|upkeep
|turn|6
|
|t:|1781575746
|move|p1a: Scizor|Knock Off|p2a: Slowking
|-supereffective|p2a: Slowking
|-damage|p2a: Slowking|0 fnt
|-enditem|p2a: Slowking|Icy Rock|[from] move: Knock Off|[of] p1a: Scizor
|faint|p2a: Slowking
|
|-weather|Snowscape|[upkeep]
|upkeep
|
|t:|1781575750
|switch|p2a: Weezing|Weezing-Galar, F|100/100
|-ability|p2a: Weezing|Neutralizing Gas
|turn|7
|
|t:|1781575758
|switch|p1a: Cinderace|Cinderace, M|100/100
|move|p2a: Weezing|Will-O-Wisp|p1a: Cinderace
|-immune|p1a: Cinderace
|
|-weather|Snowscape|[upkeep]
|upkeep
|turn|8
|
|t:|1781575767
|-end|p2a: Weezing|ability: Neutralizing Gas
|switch|p2a: Kyurem|Kyurem|100/100
|-ability|p2a: Kyurem|Pressure
|move|p1a: Cinderace|Pyro Ball|p2a: Kyurem
|-damage|p2a: Kyurem|66/100
|
|-weather|Snowscape|[upkeep]
|upkeep
|turn|9
|
|t:|1781575772
|move|p1a: Cinderace|Pyro Ball|p2a: Kyurem
|-damage|p2a: Kyurem|27/100
|move|p2a: Kyurem|Earth Power|p1a: Cinderace
|-supereffective|p1a: Cinderace
|-damage|p1a: Cinderace|0 fnt
|faint|p1a: Cinderace
|
|-weather|Snowscape|[upkeep]
|upkeep
|
|t:|1781575779
|switch|p1a: Ogerpon|Ogerpon-Wellspring, F|100/100
|-damage|p1a: Ogerpon|88/100|[from] Spikes
|turn|10
|
|t:|1781575786
|switch|p2a: Weezing|Weezing-Galar, F|100/100
|-ability|p2a: Weezing|Neutralizing Gas
|move|p1a: Ogerpon|Swords Dance|p1a: Ogerpon
|-boost|p1a: Ogerpon|atk|2
|
|-weather|none
|upkeep
|turn|11
|j| jfhdjdjdnfjdd
|
|t:|1781575789
|move|p1a: Ogerpon|Ivy Cudgel|p2a: Weezing|[anim] Ivy Cudgel Water
|-crit|p2a: Weezing
|-damage|p2a: Weezing|0 fnt
|faint|p2a: Weezing
|-end|p2a: Weezing|ability: Neutralizing Gas
|
|upkeep
|
|t:|1781575793
|switch|p2a: Ninetales|Ninetales-Alola, F|100/100
|-weather|Snowscape|[from] ability: Snow Warning|[of] p2a: Ninetales
|turn|12
|
|t:|1781575796
|move|p1a: Ogerpon|Ivy Cudgel|p2a: Ninetales|[anim] Ivy Cudgel Water
|-damage|p2a: Ninetales|7/100
|move|p2a: Ninetales|Freeze-Dry|p1a: Ogerpon
|-supereffective|p1a: Ogerpon
|-damage|p1a: Ogerpon|0 fnt
|faint|p1a: Ogerpon
|
|-weather|Snowscape|[upkeep]
|upkeep
|
|t:|1781575803
|switch|p1a: Gengar|Gengar, M|100/100
|-damage|p1a: Gengar|88/100|[from] Spikes
|turn|13
|
|t:|1781575806
|move|p1a: Gengar|Shadow Ball|p2a: Ninetales
|-damage|p2a: Ninetales|0 fnt
|faint|p2a: Ninetales
|
|-weather|Snowscape|[upkeep]
|upkeep
|
|t:|1781575808
|switch|p2a: Iron Boulder|Iron Boulder|100/100
|-enditem|p2a: Iron Boulder|Booster Energy
|-activate|p2a: Iron Boulder|ability: Quark Drive|[fromitem]
|-start|p2a: Iron Boulder|quarkdrivespe
|turn|14
|
|t:|1781575811
|-terastallize|p2a: Iron Boulder|Ground
|move|p2a: Iron Boulder|Swords Dance|p2a: Iron Boulder
|-boost|p2a: Iron Boulder|atk|2
|move|p1a: Gengar|Shadow Ball|p2a: Iron Boulder
|-damage|p2a: Iron Boulder|61/100
|
|-weather|Snowscape|[upkeep]
|upkeep
|turn|15
|
|t:|1781575814
|move|p2a: Iron Boulder|Earthquake|p1a: Gengar
|-supereffective|p1a: Gengar
|-damage|p1a: Gengar|0 fnt
|faint|p1a: Gengar
|
|-weather|Snowscape|[upkeep]
|upkeep
|
|t:|1781575817
|switch|p1a: Scizor|Scizor, M|88/100
|-damage|p1a: Scizor|76/100|[from] Spikes
|turn|16
|
|t:|1781575822
|move|p1a: Scizor|Bullet Punch|p2a: Iron Boulder
|-damage|p2a: Iron Boulder|11/100
|move|p2a: Iron Boulder|Mighty Cleave|p1a: Scizor
|-damage|p1a: Scizor|0 fnt
|faint|p1a: Scizor
|
|-weather|none
|upkeep
|
|t:|1781575827
|switch|p1a: Raging Bolt|Raging Bolt|100/100
|-damage|p1a: Raging Bolt|88/100|[from] Spikes
|-enditem|p1a: Raging Bolt|Booster Energy
|-activate|p1a: Raging Bolt|ability: Protosynthesis|[fromitem]
|-start|p1a: Raging Bolt|protosynthesisspa
|turn|17
|
|t:|1781575830
|move|p2a: Iron Boulder|Earthquake|p1a: Raging Bolt
|-supereffective|p1a: Raging Bolt
|-damage|p1a: Raging Bolt|0 fnt
|faint|p1a: Raging Bolt
|-end|p1a: Raging Bolt|Protosynthesis|[silent]
|
|win|mongwong
|raw|lolcano46's rating: 1646 &rarr; <strong>1625</strong><br />(-21 for losing)
|raw|mongwong's rating: 1634 &rarr; <strong>1655</strong><br />(+21 for winning)
|l|☆lolcano46
|player|p1|
|l| jfhdjdjdnfjdd
|l|☆mongwong
|player|p2|
