|j|☆Frobisher bay
|j|☆KurisuChestnutLab
|t:|1781113689
|gametype|singles
|player|p1|Frobisher bay|skierf|1614
|player|p2|KurisuChestnutLab|may-contest|1600
|gen|9
|tier|[Gen 9] OU
|rated|
|rule|HP Percentage Mod: HP is shown in percentages
|rule|Endless Battle Clause: Forcing endless battles is banned
|rule|Species Clause: Limit one of each Pokémon
|rule|OHKO Clause: OHKO moves are banned
|rule|Evasion Items Clause: Evasion items are banned
|rule|Evasion Moves Clause: Evasion moves are banned
|rule|Evasion Abilities Clause: Evasion abilities are banned
|rule|Sleep Moves Clause: Sleep-inducing moves are banned
|clearpoke
|poke|p1|Samurott-Hisui, F|
|poke|p1|Gholdengo|
|poke|p1|Dragonite, F|
|poke|p1|Clefable, F|
|poke|p1|Zamazenta-*|
|poke|p1|Ting-Lu|
|poke|p2|Primarina, F|
|poke|p2|Hippowdon, F|
|poke|p2|Skarmory, F|
|poke|p2|Zapdos|
|poke|p2|Dragonite, F|
|poke|p2|Slowking, M|
|teampreview
|inactive|Battle timer is ON: inactive players will automatically lose when time's up. (requested by Frobisher bay)
|inactive|KurisuChestnutLab also wants the timer to be on.
|
|t:|1781113711
|teamsize|p1|6
|teamsize|p2|6
|start
|switch|p1a: One-Winged Angel|Clefable, F|100/100
|switch|p2a: Primarina|Primarina, F|100/100
|turn|1
|
|t:|1781113715
|move|p2a: Primarina|Moonblast|p1a: One-Winged Angel
|-damage|p1a: One-Winged Angel|55/100
|-unboost|p1a: One-Winged Angel|spa|1
|move|p1a: One-Winged Angel|Knock Off|p2a: Primarina
|-resisted|p2a: Primarina
|-damage|p2a: Primarina|91/100
|-enditem|p2a: Primarina|Assault Vest|[from] move: Knock Off|[of] p1a: One-Winged Angel
|
|-heal|p1a: One-Winged Angel|61/100|[from] item: Leftovers
|upkeep
|turn|2
|
|t:|1781113720
|move|p2a: Primarina|Moonblast|p1a: One-Winged Angel
|-damage|p1a: One-Winged Angel|12/100
|move|p1a: One-Winged Angel|Moonlight|p1a: One-Winged Angel
|-heal|p1a: One-Winged Angel|62/100
|
|-heal|p1a: One-Winged Angel|68/100|[from] item: Leftovers
|upkeep
|turn|3
|
|t:|1781113725
|move|p2a: Primarina|Surf|p1a: One-Winged Angel
|-damage|p1a: One-Winged Angel|23/100
|move|p1a: One-Winged Angel|Moonlight|p1a: One-Winged Angel
|-heal|p1a: One-Winged Angel|73/100
|
|-heal|p1a: One-Winged Angel|79/100|[from] item: Leftovers
|upkeep
|turn|4
|
|t:|1781113731
|move|p2a: Primarina|Moonblast|p1a: One-Winged Angel
|-damage|p1a: One-Winged Angel|32/100
|move|p1a: One-Winged Angel|Stealth Rock|p2a: Primarina
|-sidestart|p2: KurisuChestnutLab|move: Stealth Rock
|
|-heal|p1a: One-Winged Angel|38/100|[from] item: Leftovers
|upkeep
|turn|5
|
|t:|1781113737
|switch|p1a: Thrill Bottle|Gholdengo|100/100
|-item|p1a: Thrill Bottle|Air Balloon
|move|p2a: Primarina|Moonblast|p1a: Thrill Bottle
|-resisted|p1a: Thrill Bottle
|-damage|p1a: Thrill Bottle|82/100
|-enditem|p1a: Thrill Bottle|Air Balloon
|
|upkeep
|turn|6
|
|t:|1781113741
|move|p1a: Thrill Bottle|Thunder Wave|p2a: Primarina
|-status|p2a: Primarina|par
|move|p2a: Primarina|Flip Turn|p1a: Thrill Bottle
|-damage|p1a: Thrill Bottle|70/100
|
|t:|1781113746
|switch|p2a: Hippowdon|Hippowdon, F|100/100|[from] Flip Turn
|-damage|p2a: Hippowdon|94/100|[from] Stealth Rock
|-weather|Sandstorm|[from] ability: Sand Stream|[of] p2a: Hippowdon
|
|-weather|Sandstorm|[upkeep]
|-heal|p2a: Hippowdon|100/100|[from] item: Leftovers
|upkeep
|turn|7
|
|t:|1781113763
|switch|p1a: One-Winged Angel|Clefable, F|38/100
|move|p2a: Hippowdon|Stealth Rock|p1a: One-Winged Angel
|-sidestart|p1: Frobisher bay|move: Stealth Rock
|
|-weather|Sandstorm|[upkeep]
|-heal|p1a: One-Winged Angel|44/100|[from] item: Leftovers
|upkeep
|turn|8
|
|t:|1781113767
|switch|p2a: Skarmory|Skarmory, F|100/100
|-damage|p2a: Skarmory|88/100|[from] Stealth Rock
|move|p1a: One-Winged Angel|Moonlight|p1a: One-Winged Angel
|-heal|p1a: One-Winged Angel|69/100
|
|-weather|Sandstorm|[upkeep]
|-heal|p2a: Skarmory|94/100|[from] item: Leftovers
|-heal|p1a: One-Winged Angel|75/100|[from] item: Leftovers
|upkeep
|turn|9
|
|t:|1781113774
|move|p2a: Skarmory|Iron Head|p1a: One-Winged Angel
|-supereffective|p1a: One-Winged Angel
|-damage|p1a: One-Winged Angel|42/100
|move|p1a: One-Winged Angel|Knock Off|p2a: Skarmory
|-damage|p2a: Skarmory|86/100
|-enditem|p2a: Skarmory|Leftovers|[from] move: Knock Off|[of] p1a: One-Winged Angel
|
|-weather|Sandstorm|[upkeep]
|-heal|p1a: One-Winged Angel|48/100|[from] item: Leftovers
|upkeep
|turn|10
|
|t:|1781113782
|switch|p1a: Thrill Bottle|Gholdengo|70/100
|-damage|p1a: Thrill Bottle|64/100|[from] Stealth Rock
|move|p2a: Skarmory|Iron Head|p1a: Thrill Bottle
|-resisted|p1a: Thrill Bottle
|-damage|p1a: Thrill Bottle|53/100
|
|-weather|none
|upkeep
|turn|11
|
|t:|1781113789
|switch|p2a: Dragonite|Dragonite, F|100/100
|move|p1a: Thrill Bottle|Recover|p1a: Thrill Bottle
|-heal|p1a: Thrill Bottle|100/100
|
|upkeep
|turn|12
|
|t:|1781113793
|move|p2a: Dragonite|Dragon Dance|p2a: Dragonite
|-boost|p2a: Dragonite|atk|1
|-boost|p2a: Dragonite|spe|1
|move|p1a: Thrill Bottle|Thunder Wave|p2a: Dragonite
|-status|p2a: Dragonite|par
|
|upkeep
|turn|13
|
|t:|1781113803
|move|p1a: Thrill Bottle|Hex|p2a: Dragonite
|-damage|p2a: Dragonite|69/100 par
|cant|p2a: Dragonite|par
|
|upkeep
|turn|14
|
|t:|1781113810
|switch|p1a: Extreme Speed|Dragonite, F|100/100
|move|p2a: Dragonite|Earthquake|p1a: Extreme Speed
|-immune|p1a: Extreme Speed
|
|upkeep
|turn|15
|
|t:|1781113815
|switch|p2a: Hippowdon|Hippowdon, F|100/100
|-damage|p2a: Hippowdon|94/100|[from] Stealth Rock
|-weather|Sandstorm|[from] ability: Sand Stream|[of] p2a: Hippowdon
|move|p1a: Extreme Speed|Ice Spinner|p2a: Hippowdon
|-supereffective|p2a: Hippowdon
|-damage|p2a: Hippowdon|61/100
|
|-weather|Sandstorm|[upkeep]
|-damage|p1a: Extreme Speed|94/100|[from] Sandstorm
|-heal|p2a: Hippowdon|68/100|[from] item: Leftovers
|upkeep
|turn|16
|
|t:|1781113822
|switch|p1a: Razorblades|Samurott-Hisui, F|100/100
|move|p2a: Hippowdon|Slack Off|p2a: Hippowdon
|-heal|p2a: Hippowdon|100/100
|
|-weather|Sandstorm|[upkeep]
|-damage|p1a: Razorblades|94/100|[from] Sandstorm
|upkeep
|turn|17
|
|t:|1781113826
|move|p1a: Razorblades|Ceaseless Edge|p2a: Hippowdon
|-damage|p2a: Hippowdon|79/100
|-sidestart|p2: KurisuChestnutLab|Spikes
|move|p2a: Hippowdon|Earthquake|p1a: Razorblades
|-damage|p1a: Razorblades|48/100
|
|-weather|Sandstorm|[upkeep]
|-damage|p1a: Razorblades|41/100|[from] Sandstorm
|-heal|p2a: Hippowdon|85/100|[from] item: Leftovers
|upkeep
|turn|18
|
|t:|1781113830
|move|p1a: Razorblades|Ceaseless Edge|p2a: Hippowdon
|-damage|p2a: Hippowdon|62/100
|-sidestart|p2: KurisuChestnutLab|Spikes
|move|p2a: Hippowdon|Earthquake|p1a: Razorblades
|-damage|p1a: Razorblades|0 fnt
|faint|p1a: Razorblades
|
|-weather|Sandstorm|[upkeep]
|-heal|p2a: Hippowdon|68/100|[from] item: Leftovers
|upkeep
|
|t:|1781113833
|switch|p1a: Extreme Speed|Dragonite, F|94/100
|turn|19
|
|t:|1781113838
|move|p1a: Extreme Speed|Ice Spinner|p2a: Hippowdon
|-supereffective|p2a: Hippowdon
|-damage|p2a: Hippowdon|35/100
|move|p2a: Hippowdon|Slack Off|p2a: Hippowdon
|-heal|p2a: Hippowdon|85/100
|
|-weather|none
|-heal|p2a: Hippowdon|91/100|[from] item: Leftovers
|upkeep
|turn|20
|
|t:|1781113844
|move|p1a: Extreme Speed|Ice Spinner|p2a: Hippowdon
|-supereffective|p2a: Hippowdon
|-damage|p2a: Hippowdon|59/100
|move|p2a: Hippowdon|Whirlwind|p1a: Extreme Speed
|drag|p1a: One-Winged Angel|Clefable, F|48/100
|
|-heal|p1a: One-Winged Angel|54/100|[from] item: Leftovers
|-heal|p2a: Hippowdon|65/100|[from] item: Leftovers
|upkeep
|turn|21
|
|t:|1781113848
|move|p1a: One-Winged Angel|Knock Off|p2a: Hippowdon
|-damage|p2a: Hippowdon|57/100
|-enditem|p2a: Hippowdon|Leftovers|[from] move: Knock Off|[of] p1a: One-Winged Angel
|move|p2a: Hippowdon|Slack Off|p2a: Hippowdon
|-heal|p2a: Hippowdon|100/100
|
|-heal|p1a: One-Winged Angel|60/100|[from] item: Leftovers
|upkeep
|turn|22
|
|t:|1781113852
|switch|p2a: Skarmory|Skarmory, F|86/100
|-damage|p2a: Skarmory|74/100|[from] Stealth Rock
|move|p1a: One-Winged Angel|Moonblast|p2a: Skarmory
|-resisted|p2a: Skarmory
|-damage|p2a: Skarmory|52/100
|
|-heal|p1a: One-Winged Angel|66/100|[from] item: Leftovers
|upkeep
|turn|23
|
|t:|1781113857
|switch|p1a: Thrill Bottle|Gholdengo|100/100
|-damage|p1a: Thrill Bottle|94/100|[from] Stealth Rock
|move|p2a: Skarmory|Roost|p2a: Skarmory
|-heal|p2a: Skarmory|100/100
|-singleturn|p2a: Skarmory|move: Roost
|
|upkeep
|turn|24
|
|t:|1781113861
|switch|p2a: Zapdos|Zapdos|100/100
|move|p1a: Thrill Bottle|Hex|p2a: Zapdos
|-damage|p2a: Zapdos|71/100
|
|upkeep
|turn|25
|
|t:|1781113867
|switch|p1a: Felt Like Dirt|Ting-Lu|100/100
|-damage|p1a: Felt Like Dirt|94/100|[from] Stealth Rock
|-ability|p1a: Felt Like Dirt|Vessel of Ruin
|move|p2a: Zapdos|Hurricane|p1a: Felt Like Dirt
|-damage|p1a: Felt Like Dirt|77/100
|
|-heal|p1a: Felt Like Dirt|83/100|[from] item: Leftovers
|upkeep
|turn|26
|
|t:|1781113871
|move|p2a: Zapdos|Hurricane|p1a: Felt Like Dirt|[miss]
|-miss|p2a: Zapdos|p1a: Felt Like Dirt
|move|p1a: Felt Like Dirt|Ruination|p2a: Zapdos|[miss]
|-miss|p1a: Felt Like Dirt|p2a: Zapdos
|
|-heal|p1a: Felt Like Dirt|89/100|[from] item: Leftovers
|upkeep
|turn|27
|
|t:|1781113878
|move|p2a: Zapdos|Hurricane|p1a: Felt Like Dirt
|-damage|p1a: Felt Like Dirt|71/100
|move|p1a: Felt Like Dirt|Ruination|p2a: Zapdos
|-damage|p2a: Zapdos|36/100
|
|-heal|p1a: Felt Like Dirt|77/100|[from] item: Leftovers
|upkeep
|turn|28
|
|t:|1781113884
|move|p2a: Zapdos|Roost|p2a: Zapdos
|-heal|p2a: Zapdos|86/100
|-singleturn|p2a: Zapdos|move: Roost
|move|p1a: Felt Like Dirt|Earthquake|p2a: Zapdos
|-supereffective|p2a: Zapdos
|-damage|p2a: Zapdos|31/100
|
|-heal|p1a: Felt Like Dirt|83/100|[from] item: Leftovers
|upkeep
|turn|29
|
|t:|1781113888
|move|p2a: Zapdos|Hurricane|p1a: Felt Like Dirt
|-damage|p1a: Felt Like Dirt|65/100
|move|p1a: Felt Like Dirt|Earthquake|p2a: Zapdos
|-immune|p2a: Zapdos
|
|-heal|p1a: Felt Like Dirt|71/100|[from] item: Leftovers
|upkeep
|turn|30
|
|t:|1781113893
|move|p2a: Zapdos|Hurricane|p1a: Felt Like Dirt|[miss]
|-miss|p2a: Zapdos|p1a: Felt Like Dirt
|move|p1a: Felt Like Dirt|Ruination|p2a: Zapdos
|-damage|p2a: Zapdos|16/100
|
|-heal|p1a: Felt Like Dirt|78/100|[from] item: Leftovers
|upkeep
|turn|31
|
|t:|1781113899
|move|p2a: Zapdos|Hurricane|p1a: Felt Like Dirt|[miss]
|-miss|p2a: Zapdos|p1a: Felt Like Dirt
|move|p1a: Felt Like Dirt|Earthquake|p2a: Zapdos
|-immune|p2a: Zapdos
|
|-heal|p1a: Felt Like Dirt|84/100|[from] item: Leftovers
|upkeep
|turn|32
|
|t:|1781113903
|move|p2a: Zapdos|Hurricane|p1a: Felt Like Dirt
|-damage|p1a: Felt Like Dirt|66/100
|move|p1a: Felt Like Dirt|Ruination|p2a: Zapdos
|-damage|p2a: Zapdos|8/100
|
|-heal|p1a: Felt Like Dirt|72/100|[from] item: Leftovers
|upkeep
|turn|33
|
|t:|1781113907
|switch|p1a: Extreme Speed|Dragonite, F|94/100
|move|p2a: Zapdos|Hurricane|p1a: Extreme Speed
|-damage|p1a: Extreme Speed|53/100
|
|upkeep
|turn|34
|
|t:|1781113911
|switch|p2a: Skarmory|Skarmory, F|100/100
|-damage|p2a: Skarmory|88/100|[from] Stealth Rock
|move|p1a: Extreme Speed|Extreme Speed|p2a: Skarmory
|-resisted|p2a: Skarmory
|-damage|p2a: Skarmory|80/100
|
|upkeep
|turn|35
|
|t:|1781113918
|move|p1a: Extreme Speed|Roost|p1a: Extreme Speed
|-heal|p1a: Extreme Speed|100/100
|-singleturn|p1a: Extreme Speed|move: Roost
|move|p2a: Skarmory|Iron Head|p1a: Extreme Speed
|-crit|p1a: Extreme Speed
|-damage|p1a: Extreme Speed|85/100
|
|upkeep
|turn|36
|
|t:|1781113924
|switch|p1a: Thrill Bottle|Gholdengo|94/100
|-damage|p1a: Thrill Bottle|88/100|[from] Stealth Rock
|switch|p2a: Hippowdon|Hippowdon, F|100/100
|-damage|p2a: Hippowdon|94/100|[from] Stealth Rock
|-damage|p2a: Hippowdon|78/100|[from] Spikes
|-weather|Sandstorm|[from] ability: Sand Stream|[of] p2a: Hippowdon
|
|-weather|Sandstorm|[upkeep]
|upkeep
|turn|37
|
|t:|1781113931
|switch|p1a: One-Winged Angel|Clefable, F|66/100
|move|p2a: Hippowdon|Slack Off|p2a: Hippowdon
|-heal|p2a: Hippowdon|100/100
|
|-weather|Sandstorm|[upkeep]
|-heal|p1a: One-Winged Angel|72/100|[from] item: Leftovers
|upkeep
|turn|38
|
|t:|1781113938
|switch|p2a: Skarmory|Skarmory, F|80/100
|-damage|p2a: Skarmory|67/100|[from] Stealth Rock
|move|p1a: One-Winged Angel|Moonblast|p2a: Skarmory
|-resisted|p2a: Skarmory
|-damage|p2a: Skarmory|45/100
|
|-weather|Sandstorm|[upkeep]
|-heal|p1a: One-Winged Angel|78/100|[from] item: Leftovers
|upkeep
|turn|39
|
|t:|1781113941
|switch|p1a: Thrill Bottle|Gholdengo|88/100
|-damage|p1a: Thrill Bottle|82/100|[from] Stealth Rock
|move|p2a: Skarmory|Roost|p2a: Skarmory
|-heal|p2a: Skarmory|95/100
|-singleturn|p2a: Skarmory|move: Roost
|
|-weather|Sandstorm|[upkeep]
|upkeep
|turn|40
|j| roarcat
|
|t:|1781113944
|move|p1a: Thrill Bottle|Hex|p2a: Skarmory
|-damage|p2a: Skarmory|52/100
|move|p2a: Skarmory|Roost|p2a: Skarmory
|-heal|p2a: Skarmory|100/100
|-singleturn|p2a: Skarmory|move: Roost
|
|-weather|none
|upkeep
|turn|41
|
|t:|1781113951
|move|p1a: Thrill Bottle|Thunder Wave|p2a: Skarmory
|-status|p2a: Skarmory|par
|cant|p2a: Skarmory|par
|
|upkeep
|turn|42
|
|t:|1781113957
|switch|p2a: Slowking|Slowking, M|100/100
|move|p1a: Thrill Bottle|Hex|p2a: Slowking
|-supereffective|p2a: Slowking
|-damage|p2a: Slowking|67/100
|
|upkeep
|turn|43
|j| Palm X
|
|t:|1781113962
|move|p1a: Thrill Bottle|Thunder Wave|p2a: Slowking
|-status|p2a: Slowking|par
|cant|p2a: Slowking|par
|
|upkeep
|turn|44
|l|☆Frobisher bay
|inactive|Frobisher bay disconnected and has a minute to reconnect!
|player|p1|
|j|☆Frobisher bay
|inactive|Frobisher bay reconnected and has 125 seconds left.
|player|p1|Frobisher bay|skierf|
|
|t:|1781113991
|switch|p2a: Primarina|Primarina, F|91/100 par
|-damage|p2a: Primarina|79/100 par|[from] Stealth Rock
|-damage|p2a: Primarina|63/100 par|[from] Spikes
|move|p1a: Thrill Bottle|Hex|p2a: Primarina
|-damage|p2a: Primarina|11/100 par
|
|upkeep
|turn|45
|
|t:|1781113998
|move|p1a: Thrill Bottle|Hex|p2a: Primarina
|-damage|p2a: Primarina|0 fnt
|faint|p2a: Primarina
|
|upkeep
|
|t:|1781114004
|switch|p2a: Zapdos|Zapdos|8/100
|turn|46
|l| Palm X
|
|t:|1781114016
|move|p2a: Zapdos|Roost|p2a: Zapdos
|-heal|p2a: Zapdos|58/100
|-singleturn|p2a: Zapdos|move: Roost
|move|p1a: Thrill Bottle|Hex|p2a: Zapdos
|-damage|p2a: Zapdos|29/100
|
|upkeep
|turn|47
|
|t:|1781114023
|switch|p1a: One-Winged Angel|Clefable, F|78/100
|move|p2a: Zapdos|Roost|p2a: Zapdos
|-heal|p2a: Zapdos|80/100
|-singleturn|p2a: Zapdos|move: Roost
|
|-heal|p1a: One-Winged Angel|84/100|[from] item: Leftovers
|upkeep
|turn|48
|inactive|Frobisher bay has 120 seconds left.
|
|t:|1781114056
|move|p2a: Zapdos|Hurricane|p1a: One-Winged Angel
|-damage|p1a: One-Winged Angel|42/100
|move|p1a: One-Winged Angel|Knock Off|p2a: Zapdos
|-damage|p2a: Zapdos|69/100
|-enditem|p2a: Zapdos|Heavy-Duty Boots|[from] move: Knock Off|[of] p1a: One-Winged Angel
|
|-heal|p1a: One-Winged Angel|48/100|[from] item: Leftovers
|upkeep
|turn|49
|
|t:|1781114059
|move|p2a: Zapdos|Hurricane|p1a: One-Winged Angel|[miss]
|-miss|p2a: Zapdos|p1a: One-Winged Angel
|move|p1a: One-Winged Angel|Moonlight|p1a: One-Winged Angel
|-heal|p1a: One-Winged Angel|98/100
|
|-heal|p1a: One-Winged Angel|100/100|[from] item: Leftovers
|upkeep
|turn|50
|
|t:|1781114062
|move|p2a: Zapdos|Hurricane|p1a: One-Winged Angel|[miss]
|-miss|p2a: Zapdos|p1a: One-Winged Angel
|move|p1a: One-Winged Angel|Moonblast|p2a: Zapdos
|-damage|p2a: Zapdos|38/100
|-unboost|p2a: Zapdos|spa|1
|
|upkeep
|turn|51
|
|t:|1781114065
|move|p2a: Zapdos|Roost|p2a: Zapdos
|-heal|p2a: Zapdos|88/100
|-singleturn|p2a: Zapdos|move: Roost
|move|p1a: One-Winged Angel|Moonblast|p2a: Zapdos
|-damage|p2a: Zapdos|60/100
|
|upkeep
|turn|52
|
|t:|1781114070
|move|p2a: Zapdos|Roost|p2a: Zapdos
|-heal|p2a: Zapdos|100/100
|-singleturn|p2a: Zapdos|move: Roost
|move|p1a: One-Winged Angel|Moonblast|p2a: Zapdos
|-damage|p2a: Zapdos|69/100
|
|upkeep
|turn|53
|
|t:|1781114073
|move|p2a: Zapdos|Hurricane|p1a: One-Winged Angel|[miss]
|-miss|p2a: Zapdos|p1a: One-Winged Angel
|move|p1a: One-Winged Angel|Moonblast|p2a: Zapdos
|-damage|p2a: Zapdos|37/100
|
|upkeep
|turn|54
|
|t:|1781114079
|move|p2a: Zapdos|Roost|p2a: Zapdos
|-heal|p2a: Zapdos|87/100
|-singleturn|p2a: Zapdos|move: Roost
|move|p1a: One-Winged Angel|Moonblast|p2a: Zapdos
|-damage|p2a: Zapdos|57/100
|
|upkeep
|turn|55
|
|t:|1781114087
|move|p2a: Zapdos|Roost|p2a: Zapdos
|-heal|p2a: Zapdos|100/100
|-singleturn|p2a: Zapdos|move: Roost
|move|p1a: One-Winged Angel|Moonblast|p2a: Zapdos
|-damage|p2a: Zapdos|70/100
|
|upkeep
|turn|56
|
|t:|1781114091
|move|p2a: Zapdos|Hurricane|p1a: One-Winged Angel
|-crit|p1a: One-Winged Angel
|-damage|p1a: One-Winged Angel|40/100
|move|p1a: One-Winged Angel|Moonblast|p2a: Zapdos
|-damage|p2a: Zapdos|39/100
|-unboost|p2a: Zapdos|spa|1
|
|-heal|p1a: One-Winged Angel|46/100|[from] item: Leftovers
|upkeep
|turn|57
|
|t:|1781114098
|move|p2a: Zapdos|Roost|p2a: Zapdos
|-heal|p2a: Zapdos|89/100
|-singleturn|p2a: Zapdos|move: Roost
|move|p1a: One-Winged Angel|Moonlight|p1a: One-Winged Angel
|-heal|p1a: One-Winged Angel|96/100
|
|-heal|p1a: One-Winged Angel|100/100|[from] item: Leftovers
|upkeep
|turn|58
|inactive|Frobisher bay has 120 seconds left.
|
|t:|1781114130
|move|p2a: Zapdos|Volt Switch|p1a: One-Winged Angel
|-damage|p1a: One-Winged Angel|87/100
|
|t:|1781114134
|switch|p2a: Slowking|Slowking, M|99/100 par|[from] Volt Switch
|move|p1a: One-Winged Angel|Moonblast|p2a: Slowking
|-damage|p2a: Slowking|83/100 par
|-unboost|p2a: Slowking|spa|1
|
|-heal|p1a: One-Winged Angel|93/100|[from] item: Leftovers
|upkeep
|turn|59
|l| roarcat
|inactive|Frobisher bay has 120 seconds left.
|
|t:|1781114156
|switch|p2a: Skarmory|Skarmory, F|100/100 par
|-damage|p2a: Skarmory|88/100 par|[from] Stealth Rock
|move|p1a: One-Winged Angel|Knock Off|p2a: Skarmory
|-damage|p2a: Skarmory|83/100 par
|
|-heal|p1a: One-Winged Angel|99/100|[from] item: Leftovers
|upkeep
|turn|60
|
|t:|1781114161
|switch|p1a: Thrill Bottle|Gholdengo|82/100
|-damage|p1a: Thrill Bottle|76/100|[from] Stealth Rock
|switch|p2a: Hippowdon|Hippowdon, F|100/100
|-damage|p2a: Hippowdon|94/100|[from] Stealth Rock
|-damage|p2a: Hippowdon|78/100|[from] Spikes
|-weather|Sandstorm|[from] ability: Sand Stream|[of] p2a: Hippowdon
|
|-weather|Sandstorm|[upkeep]
|upkeep
|turn|61
|inactive|Frobisher bay has 120 seconds left.
|
|t:|1781114178
|switch|p1a: One-Winged Angel|Clefable, F|99/100
|move|p2a: Hippowdon|Earthquake|p1a: One-Winged Angel
|-damage|p1a: One-Winged Angel|68/100
|
|-weather|Sandstorm|[upkeep]
|-heal|p1a: One-Winged Angel|74/100|[from] item: Leftovers
|upkeep
|turn|62
|
|t:|1781114184
|move|p1a: One-Winged Angel|Moonblast|p2a: Hippowdon
|-damage|p2a: Hippowdon|44/100
|-unboost|p2a: Hippowdon|spa|1
|move|p2a: Hippowdon|Earthquake|p1a: One-Winged Angel
|-damage|p1a: One-Winged Angel|43/100
|
|-weather|Sandstorm|[upkeep]
|-heal|p1a: One-Winged Angel|49/100|[from] item: Leftovers
|upkeep
|turn|63
|
|t:|1781114188
|move|p1a: One-Winged Angel|Moonblast|p2a: Hippowdon
|-damage|p2a: Hippowdon|9/100
|-unboost|p2a: Hippowdon|spa|1
|move|p2a: Hippowdon|Slack Off|p2a: Hippowdon
|-heal|p2a: Hippowdon|59/100
|
|-weather|Sandstorm|[upkeep]
|-heal|p1a: One-Winged Angel|55/100|[from] item: Leftovers
|upkeep
|turn|64
|
|t:|1781114192
|move|p1a: One-Winged Angel|Moonblast|p2a: Hippowdon
|-damage|p2a: Hippowdon|24/100
|move|p2a: Hippowdon|Slack Off|p2a: Hippowdon
|-heal|p2a: Hippowdon|74/100
|
|-weather|none
|-heal|p1a: One-Winged Angel|61/100|[from] item: Leftovers
|upkeep
|turn|65
|
|t:|1781114196
|move|p1a: One-Winged Angel|Moonblast|p2a: Hippowdon
|-damage|p2a: Hippowdon|40/100
|move|p2a: Hippowdon|Earthquake|p1a: One-Winged Angel
|-damage|p1a: One-Winged Angel|32/100
|
|-heal|p1a: One-Winged Angel|38/100|[from] item: Leftovers
|upkeep
|turn|66
|
|t:|1781114201
|move|p1a: One-Winged Angel|Moonblast|p2a: Hippowdon
|-damage|p2a: Hippowdon|9/100
|move|p2a: Hippowdon|Slack Off|p2a: Hippowdon
|-heal|p2a: Hippowdon|59/100
|
|-heal|p1a: One-Winged Angel|44/100|[from] item: Leftovers
|upkeep
|turn|67
|
|t:|1781114205
|move|p1a: One-Winged Angel|Moonblast|p2a: Hippowdon
|-damage|p2a: Hippowdon|26/100
|move|p2a: Hippowdon|Slack Off|p2a: Hippowdon
|-heal|p2a: Hippowdon|76/100
|
|-heal|p1a: One-Winged Angel|50/100|[from] item: Leftovers
|upkeep
|turn|68
|
|t:|1781114212
|move|p1a: One-Winged Angel|Moonlight|p1a: One-Winged Angel
|-heal|p1a: One-Winged Angel|99/100
|move|p2a: Hippowdon|Earthquake|p1a: One-Winged Angel
|-damage|p1a: One-Winged Angel|72/100
|
|-heal|p1a: One-Winged Angel|78/100|[from] item: Leftovers
|upkeep
|turn|69
|
|t:|1781114218
|switch|p2a: Skarmory|Skarmory, F|83/100 par
|-damage|p2a: Skarmory|70/100 par|[from] Stealth Rock
|move|p1a: One-Winged Angel|Knock Off|p2a: Skarmory
|-damage|p2a: Skarmory|65/100 par
|
|-heal|p1a: One-Winged Angel|85/100|[from] item: Leftovers
|upkeep
|turn|70
|
|t:|1781114221
|switch|p1a: Thrill Bottle|Gholdengo|76/100
|-damage|p1a: Thrill Bottle|70/100|[from] Stealth Rock
|move|p2a: Skarmory|Roost|p2a: Skarmory
|-heal|p2a: Skarmory|100/100 par
|-singleturn|p2a: Skarmory|move: Roost
|
|upkeep
|turn|71
|
|t:|1781114229
|switch|p2a: Zapdos|Zapdos|89/100
|-damage|p2a: Zapdos|64/100|[from] Stealth Rock
|move|p1a: Thrill Bottle|Hex|p2a: Zapdos
|-damage|p2a: Zapdos|37/100
|
|upkeep
|turn|72
|
|t:|1781114233
|switch|p1a: Felt Like Dirt|Ting-Lu|72/100
|-damage|p1a: Felt Like Dirt|66/100|[from] Stealth Rock
|-ability|p1a: Felt Like Dirt|Vessel of Ruin
|move|p2a: Zapdos|Heat Wave|p1a: Felt Like Dirt
|-damage|p1a: Felt Like Dirt|56/100
|
|-heal|p1a: Felt Like Dirt|62/100|[from] item: Leftovers
|upkeep
|turn|73
|
|t:|1781114237
|move|p2a: Zapdos|Hurricane|p1a: Felt Like Dirt
|-damage|p1a: Felt Like Dirt|42/100
|move|p1a: Felt Like Dirt|Ruination|p2a: Zapdos
|-damage|p2a: Zapdos|19/100
|
|-heal|p1a: Felt Like Dirt|48/100|[from] item: Leftovers
|upkeep
|turn|74
|
|t:|1781114243
|move|p2a: Zapdos|Hurricane|p1a: Felt Like Dirt|[miss]
|-miss|p2a: Zapdos|p1a: Felt Like Dirt
|move|p1a: Felt Like Dirt|Ruination|p2a: Zapdos
|-damage|p2a: Zapdos|10/100
|
|-heal|p1a: Felt Like Dirt|54/100|[from] item: Leftovers
|upkeep
|turn|75
|j| nepturee
|
|t:|1781114266
|move|p2a: Zapdos|Hurricane|p1a: Felt Like Dirt
|-damage|p1a: Felt Like Dirt|37/100
|-start|p1a: Felt Like Dirt|confusion
|-activate|p1a: Felt Like Dirt|confusion
|move|p1a: Felt Like Dirt|Ruination|p2a: Zapdos
|-damage|p2a: Zapdos|5/100
|
|-heal|p1a: Felt Like Dirt|43/100|[from] item: Leftovers
|upkeep
|turn|76
|
|t:|1781114271
|move|p2a: Zapdos|Heat Wave|p1a: Felt Like Dirt
|-damage|p1a: Felt Like Dirt|32/100
|-activate|p1a: Felt Like Dirt|confusion
|-damage|p1a: Felt Like Dirt|27/100|[from] confusion
|
|-heal|p1a: Felt Like Dirt|34/100|[from] item: Leftovers
|upkeep
|turn|77
|
|t:|1781114278
|move|p2a: Zapdos|Heat Wave|p1a: Felt Like Dirt
|-damage|p1a: Felt Like Dirt|22/100
|-activate|p1a: Felt Like Dirt|confusion
|move|p1a: Felt Like Dirt|Rest|p1a: Felt Like Dirt
|-status|p1a: Felt Like Dirt|slp|[from] move: Rest
|-heal|p1a: Felt Like Dirt|100/100 slp|[silent]
|
|upkeep
|turn|78
|
|t:|1781114282
|switch|p1a: Extreme Speed|Dragonite, F|85/100
|move|p2a: Zapdos|Heat Wave|p1a: Extreme Speed
|-resisted|p1a: Extreme Speed
|-damage|p1a: Extreme Speed|72/100
|
|upkeep
|turn|79
|
|t:|1781114288
|switch|p2a: Slowking|Slowking, M|100/100 par
|move|p1a: Extreme Speed|Extreme Speed|p2a: Slowking
|-damage|p2a: Slowking|65/100 par
|
|upkeep
|turn|80
|
|t:|1781114295
|switch|p1a: Thrill Bottle|Gholdengo|70/100
|-damage|p1a: Thrill Bottle|64/100|[from] Stealth Rock
|move|p2a: Slowking|Scald|p1a: Thrill Bottle
|-damage|p1a: Thrill Bottle|44/100
|-status|p1a: Thrill Bottle|brn
|
|-damage|p1a: Thrill Bottle|38/100 brn|[from] brn
|upkeep
|turn|81
|
|t:|1781114302
|switch|p2a: Dragonite|Dragonite, F|69/100 par
|move|p1a: Thrill Bottle|Recover|p1a: Thrill Bottle
|-heal|p1a: Thrill Bottle|88/100 brn
|
|-damage|p1a: Thrill Bottle|82/100 brn|[from] brn
|upkeep
|turn|82
|
|t:|1781114309
|switch|p1a: One-Winged Angel|Clefable, F|85/100
|move|p2a: Dragonite|Roost|p2a: Dragonite
|-heal|p2a: Dragonite|100/100 par
|-singleturn|p2a: Dragonite|move: Roost
|
|-heal|p1a: One-Winged Angel|91/100|[from] item: Leftovers
|upkeep
|turn|83
|
|t:|1781114314
|-terastallize|p2a: Dragonite|Normal
|move|p1a: One-Winged Angel|Knock Off|p2a: Dragonite
|-damage|p2a: Dragonite|93/100 par
|-enditem|p2a: Dragonite|Heavy-Duty Boots|[from] move: Knock Off|[of] p1a: One-Winged Angel
|cant|p2a: Dragonite|par
|
|-heal|p1a: One-Winged Angel|97/100|[from] item: Leftovers
|upkeep
|turn|84
|
|t:|1781114323
|switch|p2a: Slowking|Slowking, M|98/100 par
|move|p1a: One-Winged Angel|Moonblast|p2a: Slowking
|-damage|p2a: Slowking|79/100 par
|
|-heal|p1a: One-Winged Angel|100/100|[from] item: Leftovers
|upkeep
|turn|85
|
|t:|1781114328
|move|p1a: One-Winged Angel|Knock Off|p2a: Slowking
|-supereffective|p2a: Slowking
|-damage|p2a: Slowking|45/100 par
|-enditem|p2a: Slowking|Heavy-Duty Boots|[from] move: Knock Off|[of] p1a: One-Winged Angel
|move|p2a: Slowking|Future Sight|p1a: One-Winged Angel
|-start|p2a: Slowking|move: Future Sight
|
|upkeep
|turn|86
|
|t:|1781114332
|switch|p1a: Thrill Bottle|Gholdengo|82/100 brn
|-damage|p1a: Thrill Bottle|76/100 brn|[from] Stealth Rock
|move|p2a: Slowking|Slack Off|p2a: Slowking
|-heal|p2a: Slowking|95/100 par
|
|-damage|p1a: Thrill Bottle|70/100 brn|[from] brn
|upkeep
|turn|87
|
|t:|1781114338
|move|p1a: Thrill Bottle|Make It Rain|p2a: Slowking
|-resisted|p2a: Slowking
|-damage|p2a: Slowking|80/100 par
|-unboost|p1a: Thrill Bottle|spa|1
|move|p2a: Slowking|Slack Off|p2a: Slowking
|-heal|p2a: Slowking|100/100 par
|
|-end|p1a: Thrill Bottle|move: Future Sight
|-resisted|p1a: Thrill Bottle
|-damage|p1a: Thrill Bottle|56/100 brn
|-damage|p1a: Thrill Bottle|49/100 brn|[from] brn
|upkeep
|turn|88
|
|t:|1781114349
|move|p1a: Thrill Bottle|Recover|p1a: Thrill Bottle
|-heal|p1a: Thrill Bottle|99/100 brn
|cant|p2a: Slowking|par
|
|-damage|p1a: Thrill Bottle|93/100 brn|[from] brn
|upkeep
|turn|89
|
|t:|1781114355
|switch|p1a: One-Winged Angel|Clefable, F|100/100
|move|p2a: Slowking|Scald|p1a: One-Winged Angel
|-damage|p1a: One-Winged Angel|74/100
|
|-heal|p1a: One-Winged Angel|80/100|[from] item: Leftovers
|upkeep
|turn|90
|
|t:|1781114361
|move|p1a: One-Winged Angel|Moonblast|p2a: Slowking
|-damage|p2a: Slowking|82/100 par
|move|p2a: Slowking|Scald|p1a: One-Winged Angel
|-damage|p1a: One-Winged Angel|52/100
|
|-heal|p1a: One-Winged Angel|58/100|[from] item: Leftovers
|upkeep
|turn|91
|
|t:|1781114383
|move|p1a: One-Winged Angel|Moonlight|p1a: One-Winged Angel
|-heal|p1a: One-Winged Angel|100/100
|move|p2a: Slowking|Scald|p1a: One-Winged Angel
|-damage|p1a: One-Winged Angel|74/100
|
|-heal|p1a: One-Winged Angel|80/100|[from] item: Leftovers
|upkeep
|turn|92
|
|t:|1781114387
|switch|p1a: Thrill Bottle|Gholdengo|93/100 brn
|-damage|p1a: Thrill Bottle|87/100 brn|[from] Stealth Rock
|move|p2a: Slowking|Future Sight|p1a: Thrill Bottle
|-start|p2a: Slowking|move: Future Sight
|
|-damage|p1a: Thrill Bottle|81/100 brn|[from] brn
|upkeep
|turn|93
|
|t:|1781114415
|switch|p2a: Dragonite|Dragonite, F, tera:Normal|93/100 par
|-damage|p2a: Dragonite|80/100 par|[from] Stealth Rock
|-damage|p2a: Dragonite|64/100 par|[from] Spikes
|move|p1a: Thrill Bottle|Hex|p2a: Dragonite
|-immune|p2a: Dragonite
|
|-damage|p1a: Thrill Bottle|75/100 brn|[from] brn
|upkeep
|turn|94
|
|t:|1781114422
|switch|p1a: Felt Like Dirt|Ting-Lu|100/100 slp
|-damage|p1a: Felt Like Dirt|94/100 slp|[from] Stealth Rock
|-ability|p1a: Felt Like Dirt|Vessel of Ruin
|move|p2a: Dragonite|Earthquake|p1a: Felt Like Dirt
|-damage|p1a: Felt Like Dirt|74/100 slp
|
|-end|p1a: Felt Like Dirt|move: Future Sight
|-immune|p1a: Felt Like Dirt
|-heal|p1a: Felt Like Dirt|81/100 slp|[from] item: Leftovers
|upkeep
|turn|95
|
|t:|1781114428
|move|p2a: Dragonite|Roost|p2a: Dragonite
|-heal|p2a: Dragonite|100/100 par
|cant|p1a: Felt Like Dirt|slp
|move|p1a: Felt Like Dirt|Sleep Talk|p1a: Felt Like Dirt
|move|p1a: Felt Like Dirt|Earthquake|p2a: Dragonite|[from] move: Sleep Talk
|-damage|p2a: Dragonite|79/100 par
|
|-heal|p1a: Felt Like Dirt|87/100 slp|[from] item: Leftovers
|upkeep
|turn|96
|
|t:|1781114441
|switch|p1a: Battle-Hardened|Zamazenta|100/100
|-ability|p1a: Battle-Hardened|Dauntless Shield|boost
|-boost|p1a: Battle-Hardened|def|1
|move|p2a: Dragonite|Roost|p2a: Dragonite
|-heal|p2a: Dragonite|100/100 par
|
|upkeep
|turn|97
|
|t:|1781114448
|switch|p2a: Skarmory|Skarmory, F|100/100 par
|-damage|p2a: Skarmory|88/100 par|[from] Stealth Rock
|move|p1a: Battle-Hardened|Close Combat|p2a: Skarmory
|-damage|p2a: Skarmory|51/100 par
|-unboost|p1a: Battle-Hardened|def|1
|-unboost|p1a: Battle-Hardened|spd|1
|
|upkeep
|turn|98
|
|t:|1781114453
|move|p1a: Battle-Hardened|Close Combat|p2a: Skarmory
|-damage|p2a: Skarmory|16/100 par
|-unboost|p1a: Battle-Hardened|def|1
|-unboost|p1a: Battle-Hardened|spd|1
|move|p2a: Skarmory|Roost|p2a: Skarmory
|-heal|p2a: Skarmory|66/100 par
|-singleturn|p2a: Skarmory|move: Roost
|
|upkeep
|turn|99
|
|t:|1781114461
|switch|p1a: Thrill Bottle|Gholdengo|75/100 brn
|-damage|p1a: Thrill Bottle|69/100 brn|[from] Stealth Rock
|move|p2a: Skarmory|Iron Head|p1a: Thrill Bottle
|-resisted|p1a: Thrill Bottle
|-damage|p1a: Thrill Bottle|59/100 brn
|
|-damage|p1a: Thrill Bottle|53/100 brn|[from] brn
|upkeep
|turn|100
|
|t:|1781114464
|move|p1a: Thrill Bottle|Recover|p1a: Thrill Bottle
|-heal|p1a: Thrill Bottle|100/100 brn
|move|p2a: Skarmory|Roost|p2a: Skarmory
|-heal|p2a: Skarmory|100/100 par
|-singleturn|p2a: Skarmory|move: Roost
|
|-damage|p1a: Thrill Bottle|94/100 brn|[from] brn
|upkeep
|turn|101
|
|t:|1781114467
|switch|p2a: Dragonite|Dragonite, F, tera:Normal|100/100 par
|-damage|p2a: Dragonite|88/100 par|[from] Stealth Rock
|-damage|p2a: Dragonite|72/100 par|[from] Spikes
|move|p1a: Thrill Bottle|Hex|p2a: Dragonite
|-immune|p2a: Dragonite
|
|-damage|p1a: Thrill Bottle|88/100 brn|[from] brn
|upkeep
|turn|102
|
|t:|1781114470
|move|p1a: Thrill Bottle|Make It Rain|p2a: Dragonite
|-damage|p2a: Dragonite|18/100 par
|-unboost|p1a: Thrill Bottle|spa|1
|cant|p2a: Dragonite|par
|
|-damage|p1a: Thrill Bottle|82/100 brn|[from] brn
|upkeep
|turn|103
|
|t:|1781114476
|move|p1a: Thrill Bottle|Make It Rain|p2a: Dragonite
|-damage|p2a: Dragonite|0 fnt
|-unboost|p1a: Thrill Bottle|spa|1
|faint|p2a: Dragonite
|
|-damage|p1a: Thrill Bottle|76/100 brn|[from] brn
|upkeep
|
|t:|1781114480
|switch|p2a: Slowking|Slowking, M|100/100 par
|-damage|p2a: Slowking|88/100 par|[from] Stealth Rock
|-damage|p2a: Slowking|72/100 par|[from] Spikes
|turn|104
|
|t:|1781114486
|switch|p1a: Felt Like Dirt|Ting-Lu|87/100 slp
|-damage|p1a: Felt Like Dirt|81/100 slp|[from] Stealth Rock
|-ability|p1a: Felt Like Dirt|Vessel of Ruin
|switch|p2a: Skarmory|Skarmory, F|100/100 par
|-damage|p2a: Skarmory|88/100 par|[from] Stealth Rock
|
|-heal|p1a: Felt Like Dirt|87/100 slp|[from] item: Leftovers
|upkeep
|turn|105
|
|t:|1781114491
|switch|p1a: Thrill Bottle|Gholdengo|76/100 brn
|-damage|p1a: Thrill Bottle|70/100 brn|[from] Stealth Rock
|move|p2a: Skarmory|Body Press|p1a: Thrill Bottle
|-immune|p1a: Thrill Bottle
|
|-damage|p1a: Thrill Bottle|64/100 brn|[from] brn
|upkeep
|turn|106
|
|t:|1781114495
|switch|p2a: Zapdos|Zapdos|5/100
|-damage|p2a: Zapdos|0 fnt|[from] Stealth Rock
|faint|p2a: Zapdos
|move|p1a: Thrill Bottle|Hex|p2: Zapdos|[notarget]
|-fail|p1a: Thrill Bottle
|
|-damage|p1a: Thrill Bottle|58/100 brn|[from] brn
|upkeep
|
|t:|1781114500
|switch|p2a: Hippowdon|Hippowdon, F|76/100
|-damage|p2a: Hippowdon|70/100|[from] Stealth Rock
|-damage|p2a: Hippowdon|53/100|[from] Spikes
|-weather|Sandstorm|[from] ability: Sand Stream|[of] p2a: Hippowdon
|turn|107
|
|t:|1781114511
|switch|p1a: One-Winged Angel|Clefable, F|80/100
|move|p2a: Hippowdon|Earthquake|p1a: One-Winged Angel
|-damage|p1a: One-Winged Angel|51/100
|
|-weather|Sandstorm|[upkeep]
|-heal|p1a: One-Winged Angel|57/100|[from] item: Leftovers
|upkeep
|turn|108
|
|t:|1781114516
|move|p1a: One-Winged Angel|Moonblast|p2a: Hippowdon
|-damage|p2a: Hippowdon|19/100
|-unboost|p2a: Hippowdon|spa|1
|move|p2a: Hippowdon|Earthquake|p1a: One-Winged Angel
|-damage|p1a: One-Winged Angel|28/100
|
|-weather|Sandstorm|[upkeep]
|-heal|p1a: One-Winged Angel|34/100|[from] item: Leftovers
|upkeep
|turn|109
|
|t:|1781114521
|switch|p2a: Slowking|Slowking, M|100/100 par
|-damage|p2a: Slowking|88/100 par|[from] Stealth Rock
|-damage|p2a: Slowking|72/100 par|[from] Spikes
|move|p1a: One-Winged Angel|Moonblast|p2a: Slowking
|-damage|p2a: Slowking|52/100 par
|-unboost|p2a: Slowking|spa|1
|
|-weather|Sandstorm|[upkeep]
|-damage|p2a: Slowking|46/100 par|[from] Sandstorm
|-heal|p1a: One-Winged Angel|40/100|[from] item: Leftovers
|upkeep
|turn|110
|
|t:|1781114537
|switch|p1a: Thrill Bottle|Gholdengo|58/100 brn
|-damage|p1a: Thrill Bottle|52/100 brn|[from] Stealth Rock
|move|p2a: Slowking|Slack Off|p2a: Slowking
|-heal|p2a: Slowking|96/100 par
|
|-weather|Sandstorm|[upkeep]
|-damage|p2a: Slowking|90/100 par|[from] Sandstorm
|-damage|p1a: Thrill Bottle|46/100 brn|[from] brn
|upkeep
|turn|111
|
|t:|1781114543
|move|p1a: Thrill Bottle|Recover|p1a: Thrill Bottle
|-heal|p1a: Thrill Bottle|96/100 brn
|cant|p2a: Slowking|par
|
|-weather|none
|-damage|p1a: Thrill Bottle|90/100 brn|[from] brn
|upkeep
|turn|112
|
|t:|1781114552
|move|p1a: Thrill Bottle|Hex|p2a: Slowking
|-supereffective|p2a: Slowking
|-damage|p2a: Slowking|15/100 par
|move|p2a: Slowking|Slack Off|p2a: Slowking
|-heal|p2a: Slowking|65/100 par
|
|-damage|p1a: Thrill Bottle|84/100 brn|[from] brn
|upkeep
|turn|113
|
|t:|1781114559
|move|p1a: Thrill Bottle|Hex|p2a: Slowking
|-supereffective|p2a: Slowking
|-damage|p2a: Slowking|0 fnt
|faint|p2a: Slowking
|
|-damage|p1a: Thrill Bottle|77/100 brn|[from] brn
|upkeep
|
|t:|1781114563
|switch|p2a: Skarmory|Skarmory, F|88/100 par
|-damage|p2a: Skarmory|76/100 par|[from] Stealth Rock
|turn|114
|
|t:|1781114588
|move|p1a: Thrill Bottle|Hex|p2a: Skarmory
|-damage|p2a: Skarmory|0 fnt
|faint|p2a: Skarmory
|
|-damage|p1a: Thrill Bottle|71/100 brn|[from] brn
|upkeep
|
|t:|1781114592
|switch|p2a: Hippowdon|Hippowdon, F|19/100
|-damage|p2a: Hippowdon|12/100|[from] Stealth Rock
|-damage|p2a: Hippowdon|0 fnt|[from] Spikes
|faint|p2a: Hippowdon
|
|win|Frobisher bay
|raw|Frobisher bay's rating: 1614 &rarr; <strong>1633</strong><br />(+19 for winning)
|raw|KurisuChestnutLab's rating: 1594 &rarr; <strong>1575</strong><br />(-19 for losing)
|l|☆Frobisher bay
|player|p1|
