|j|☆piando
|j|☆winslowyoudog
|t:|1781401968
|gametype|singles
|player|p1|piando|1|1546
|player|p2|winslowyoudog|170|1556
|gen|9
|tier|[Gen 9] OU
|rated|
|rule|HP Percentage Mod: HP is shown in percentages
|rule|Endless Battle Clause: Forcing endless battles is banned
|rule|Species Clause: Limit one of each Pokémon
|rule|OHKO Clause: OHKO moves are banned
|rule|Evasion Items Clause: Evasion items are banned
|rule|Evasion Moves Clause: Evasion moves are banned
|rule|Evasion Abilities Clause: Evasion abilities are banned
|rule|Sleep Moves Clause: Sleep-inducing moves are banned
|clearpoke
|poke|p1|Tyranitar, M|
|poke|p1|Pelipper, M|
|poke|p1|Excadrill, F|
|poke|p1|Walking Wake|
|poke|p1|Torkoal, M|
|poke|p1|Ogerpon-Wellspring, F|
|poke|p2|Quaquaval, F|
|poke|p2|Pecharunt|
|poke|p2|Raging Bolt|
|poke|p2|Iron Treads|
|poke|p2|Dragonite, F|
|poke|p2|Alomomola, F|
|teampreview
|
|t:|1781401979
|teamsize|p1|6
|teamsize|p2|6
|start
|switch|p1a: Pelipper|Pelipper, M|100/100
|switch|p2a: Quaquaval|Quaquaval, F|100/100
|-weather|RainDance|[from] ability: Drizzle|[of] p1a: Pelipper
|turn|1
|inactive|Battle timer is ON: inactive players will automatically lose when time's up. (requested by winslowyoudog)
|
|t:|1781401995
|switch|p2a: Raging Bolt|Raging Bolt|100/100
|move|p1a: Pelipper|Hurricane|p2a: Raging Bolt
|-resisted|p2a: Raging Bolt
|-damage|p2a: Raging Bolt|64/100
|
|-weather|RainDance|[upkeep]
|upkeep
|turn|2
|
|t:|1781402001
|switch|p1a: Tyranitar|Tyranitar, M|100/100
|-weather|Sandstorm|[from] ability: Sand Stream|[of] p1a: Tyranitar
|move|p2a: Raging Bolt|Volt Switch|p1a: Tyranitar
|-damage|p1a: Tyranitar|75/100
|
|t:|1781402003
|-end|p2a: Raging Bolt|Protosynthesis|[silent]
|switch|p2a: Quaquaval|Quaquaval, F|100/100|[from] Volt Switch
|
|-weather|Sandstorm|[upkeep]
|-damage|p2a: Quaquaval|94/100|[from] Sandstorm
|-heal|p2a: Quaquaval|100/100|[from] item: Leftovers
|upkeep
|turn|3
|
|t:|1781402019
|switch|p1a: Torkoal|Torkoal, M|100/100
|-weather|SunnyDay|[from] ability: Drought|[of] p1a: Torkoal
|move|p2a: Quaquaval|Bulk Up|p2a: Quaquaval
|-boost|p2a: Quaquaval|atk|1
|-boost|p2a: Quaquaval|def|1
|
|-weather|SunnyDay|[upkeep]
|upkeep
|turn|4
|
|t:|1781402023
|move|p2a: Quaquaval|Taunt|p1a: Torkoal
|-start|p1a: Torkoal|move: Taunt
|cant|p1a: Torkoal|move: Taunt|Will-O-Wisp
|
|-weather|SunnyDay|[upkeep]
|upkeep
|turn|5
|
|t:|1781402041
|switch|p1a: Pelipper|Pelipper, M|100/100
|-weather|RainDance|[from] ability: Drizzle|[of] p1a: Pelipper
|move|p2a: Quaquaval|Bulk Up|p2a: Quaquaval
|-boost|p2a: Quaquaval|atk|1
|-boost|p2a: Quaquaval|def|1
|
|-weather|RainDance|[upkeep]
|upkeep
|turn|6
|
|t:|1781402046
|-terastallize|p2a: Quaquaval|Poison
|move|p2a: Quaquaval|Aqua Step|p1a: Pelipper
|-resisted|p1a: Pelipper
|-damage|p1a: Pelipper|46/100
|-boost|p2a: Quaquaval|spe|1
|move|p1a: Pelipper|Hurricane|p2a: Quaquaval
|-damage|p2a: Quaquaval|33/100
|
|-weather|RainDance|[upkeep]
|-heal|p2a: Quaquaval|39/100|[from] item: Leftovers
|upkeep
|turn|7
|
|t:|1781402055
|switch|p1a: Ogerpon|Ogerpon-Wellspring, F|100/100
|move|p2a: Quaquaval|Aqua Step|p1a: Ogerpon
|-immune|p1a: Ogerpon|[from] ability: Water Absorb
|
|-weather|RainDance|[upkeep]
|-heal|p2a: Quaquaval|45/100|[from] item: Leftovers
|upkeep
|turn|8
|
|t:|1781402065
|move|p1a: Ogerpon|Horn Leech|p2a: Quaquaval
|-resisted|p2a: Quaquaval
|-damage|p2a: Quaquaval|32/100
|move|p2a: Quaquaval|Close Combat|p1a: Ogerpon
|-damage|p1a: Ogerpon|0 fnt
|-unboost|p2a: Quaquaval|def|1
|-unboost|p2a: Quaquaval|spd|1
|faint|p1a: Ogerpon
|-ability|p2a: Quaquaval|Moxie|boost
|-boost|p2a: Quaquaval|atk|1
|
|-weather|RainDance|[upkeep]
|-heal|p2a: Quaquaval|38/100|[from] item: Leftovers
|upkeep
|inactive|piando has 120 seconds left.
|
|t:|1781402096
|switch|p1a: Torkoal|Torkoal, M|100/100
|-weather|SunnyDay|[from] ability: Drought|[of] p1a: Torkoal
|turn|9
|
|t:|1781402100
|move|p2a: Quaquaval|Aqua Step|p1a: Torkoal
|-supereffective|p1a: Torkoal
|-damage|p1a: Torkoal|48/100
|-boost|p2a: Quaquaval|spe|1
|move|p1a: Torkoal|Lava Plume|p2a: Quaquaval
|-damage|p2a: Quaquaval|0 fnt
|faint|p2a: Quaquaval
|
|-weather|SunnyDay|[upkeep]
|upkeep
|
|t:|1781402106
|switch|p2a: Raging Bolt|Raging Bolt|64/100
|-activate|p2a: Raging Bolt|ability: Protosynthesis
|-start|p2a: Raging Bolt|protosynthesisspa
|turn|10
|inactive|piando has 120 seconds left.
|
|t:|1781402147
|switch|p1a: Tyranitar|Tyranitar, M|75/100
|-weather|Sandstorm|[from] ability: Sand Stream|[of] p1a: Tyranitar
|-end|p2a: Raging Bolt|Protosynthesis
|move|p2a: Raging Bolt|Draco Meteor|p1a: Tyranitar
|-damage|p1a: Tyranitar|29/100
|-unboost|p2a: Raging Bolt|spa|2
|
|-weather|Sandstorm|[upkeep]
|-damage|p2a: Raging Bolt|58/100|[from] Sandstorm
|upkeep
|turn|11
|
|t:|1781402155
|-end|p2a: Raging Bolt|Protosynthesis|[silent]
|switch|p2a: Iron Treads|Iron Treads|100/100
|switch|p1a: Excadrill|Excadrill, F|100/100
|
|-weather|Sandstorm|[upkeep]
|upkeep
|turn|12
|
|t:|1781402162
|-end|p2a: Iron Treads|Quark Drive|[silent]
|switch|p2a: Alomomola|Alomomola, F|100/100
|move|p1a: Excadrill|Earthquake|p2a: Alomomola
|-damage|p2a: Alomomola|27/100
|
|-weather|Sandstorm|[upkeep]
|-damage|p2a: Alomomola|21/100|[from] Sandstorm
|upkeep
|turn|13
|
|t:|1781402170
|switch|p1a: Torkoal|Torkoal, M|48/100
|-weather|SunnyDay|[from] ability: Drought|[of] p1a: Torkoal
|switch|p2a: Dragonite|Dragonite, F|100/100
|
|-weather|SunnyDay|[upkeep]
|upkeep
|turn|14
|
|t:|1781402174
|switch|p2a: Raging Bolt|Raging Bolt|58/100
|-activate|p2a: Raging Bolt|ability: Protosynthesis
|-start|p2a: Raging Bolt|protosynthesisspa
|-terastallize|p1a: Torkoal|Grass
|move|p1a: Torkoal|Will-O-Wisp|p2a: Raging Bolt
|-status|p2a: Raging Bolt|brn
|
|-weather|SunnyDay|[upkeep]
|-damage|p2a: Raging Bolt|51/100 brn|[from] brn
|upkeep
|turn|15
|
|t:|1781402179
|switch|p1a: Excadrill|Excadrill, F|100/100
|move|p2a: Raging Bolt|Draco Meteor|p1a: Excadrill
|-resisted|p1a: Excadrill
|-damage|p1a: Excadrill|0 fnt
|-unboost|p2a: Raging Bolt|spa|2
|faint|p1a: Excadrill
|
|-weather|SunnyDay|[upkeep]
|-damage|p2a: Raging Bolt|45/100 brn|[from] brn
|upkeep
|
|t:|1781402184
|switch|p1a: Walking Wake|Walking Wake|100/100
|-activate|p1a: Walking Wake|ability: Protosynthesis
|-start|p1a: Walking Wake|protosynthesisspe
|turn|16
|
|t:|1781402191
|-end|p2a: Raging Bolt|Protosynthesis|[silent]
|switch|p2a: Alomomola|Alomomola, F|55/100
|move|p1a: Walking Wake|Hydro Steam|p2a: Alomomola
|-resisted|p2a: Alomomola
|-damage|p2a: Alomomola|33/100
|
|-weather|SunnyDay|[upkeep]
|upkeep
|turn|17
|
|t:|1781402198
|-end|p1a: Walking Wake|Protosynthesis|[silent]
|switch|p1a: Pelipper|Pelipper, M|46/100
|-weather|RainDance|[from] ability: Drizzle|[of] p1a: Pelipper
|move|p2a: Alomomola|Flip Turn|p1a: Pelipper
|-resisted|p1a: Pelipper
|-damage|p1a: Pelipper|35/100
|
|t:|1781402203
|switch|p2a: Raging Bolt|Raging Bolt|45/100 brn|[from] Flip Turn
|
|-weather|RainDance|[upkeep]
|-damage|p2a: Raging Bolt|39/100 brn|[from] brn
|upkeep
|turn|18
|-message|piando forfeited.
|
|win|winslowyoudog
|raw|piando's rating: 1524 &rarr; <strong>1506</strong><br />(-18 for losing)
|raw|winslowyoudog's rating: 1556 &rarr; <strong>1574</strong><br />(+18 for winning)
|l|☆piando
|player|p1|
|l|☆winslowyoudog
|player|p2|
