|j|☆kooopooolooo
|j|☆lolshh
|t:|1781184355
|gametype|singles
|player|p1|kooopooolooo|102|1628
|player|p2|lolshh|1|1696
|gen|9
|tier|[Gen 9] OU
|rated|
|rule|HP Percentage Mod: HP is shown in percentages
|rule|Endless Battle Clause: Forcing endless battles is banned
|rule|Species Clause: Limit one of each Pokémon
|rule|OHKO Clause: OHKO moves are banned
|rule|Evasion Items Clause: Evasion items are banned
|rule|Evasion Moves Clause: Evasion moves are banned
|rule|Evasion Abilities Clause: Evasion abilities are banned
|rule|Sleep Moves Clause: Sleep-inducing moves are banned
|clearpoke
|poke|p1|Tyranitar, M|
|poke|p1|Excadrill, F|
|poke|p1|Rotom-Wash|
|poke|p1|Latios, M|
|poke|p1|Landorus-Therian, M|
|poke|p1|Mamoswine, M|
|poke|p2|Iron Valiant|
|poke|p2|Kingambit, F|
|poke|p2|Iron Treads|
|poke|p2|Kyurem|
|poke|p2|Ogerpon-Wellspring, F|
|poke|p2|Ceruledge, M|
|teampreview
|inactive|Battle timer is ON: inactive players will automatically lose when time's up. (requested by lolshh)
|
|t:|1781184378
|teamsize|p1|6
|teamsize|p2|6
|start
|switch|p1a: Latios|Latios, M|100/100
|switch|p2a: Iron Treads|Iron Treads|100/100
|-enditem|p2a: Iron Treads|Booster Energy
|-activate|p2a: Iron Treads|ability: Quark Drive|[fromitem]
|-start|p2a: Iron Treads|quarkdrivespe
|turn|1
|
|t:|1781184382
|switch|p1a: Landorus|Landorus-Therian, M|100/100
|-ability|p1a: Landorus|Intimidate|boost
|-unboost|p2a: Iron Treads|atk|1
|move|p2a: Iron Treads|Stealth Rock|p1a: Landorus
|-sidestart|p1: kooopooolooo|move: Stealth Rock
|
|upkeep
|turn|2
|
|t:|1781184388
|-end|p2a: Iron Treads|Quark Drive|[silent]
|switch|p2a: Ogerpon|Ogerpon-Wellspring, F|100/100
|move|p1a: Landorus|Stealth Rock|p2a: Ogerpon
|-sidestart|p2: lolshh|move: Stealth Rock
|
|upkeep
|turn|3
|
|t:|1781184393
|move|p2a: Ogerpon|Ivy Cudgel|p1a: Landorus|[anim] Ivy Cudgel Water
|-supereffective|p1a: Landorus
|-damage|p1a: Landorus|0 fnt
|faint|p1a: Landorus
|
|upkeep
|
|t:|1781184396
|switch|p1a: Latios|Latios, M|100/100
|-damage|p1a: Latios|88/100|[from] Stealth Rock
|turn|4
|
|t:|1781184399
|switch|p2a: Iron Treads|Iron Treads|100/100
|-damage|p2a: Iron Treads|98/100|[from] Stealth Rock
|move|p1a: Latios|Draco Meteor|p2a: Iron Treads
|-resisted|p2a: Iron Treads
|-damage|p2a: Iron Treads|54/100
|-unboost|p1a: Latios|spa|2
|
|upkeep
|turn|5
|
|t:|1781184406
|switch|p1a: Rotom|Rotom-Wash|100/100
|-damage|p1a: Rotom|88/100|[from] Stealth Rock
|move|p2a: Iron Treads|Rapid Spin|p1a: Rotom
|-damage|p1a: Rotom|78/100
|-boost|p2a: Iron Treads|spe|1
|-sideend|p2: lolshh|Stealth Rock|[from] move: Rapid Spin|[of] p2a: Iron Treads
|
|-heal|p1a: Rotom|84/100|[from] item: Leftovers
|upkeep
|turn|6
|
|t:|1781184411
|move|p2a: Iron Treads|Endeavor|p1a: Rotom
|-damage|p1a: Rotom|68/100
|move|p1a: Rotom|Will-O-Wisp|p2a: Iron Treads|[miss]
|-miss|p1a: Rotom|p2a: Iron Treads
|
|-heal|p1a: Rotom|74/100|[from] item: Leftovers
|upkeep
|turn|7
|
|t:|1781184416
|move|p2a: Iron Treads|Rapid Spin|p1a: Rotom
|-damage|p1a: Rotom|65/100
|-boost|p2a: Iron Treads|spe|1
|move|p1a: Rotom|Hydro Pump|p2a: Iron Treads
|-supereffective|p2a: Iron Treads
|-damage|p2a: Iron Treads|0 fnt
|faint|p2a: Iron Treads
|-end|p2a: Iron Treads|Quark Drive|[silent]
|
|-heal|p1a: Rotom|71/100|[from] item: Leftovers
|upkeep
|
|t:|1781184434
|switch|p2a: Kyurem|Kyurem|100/100
|-ability|p2a: Kyurem|Pressure
|turn|8
|
|t:|1781184458
|switch|p1a: Tyranitar|Tyranitar, M|100/100
|-weather|Sandstorm|[from] ability: Sand Stream|[of] p1a: Tyranitar
|move|p2a: Kyurem|Scale Shot|p1a: Tyranitar
|-damage|p1a: Tyranitar|88/100
|-damage|p1a: Tyranitar|77/100
|-damage|p1a: Tyranitar|66/100
|-damage|p1a: Tyranitar|55/100
|-hitcount|p1a: Tyranitar|4
|-unboost|p2a: Kyurem|def|1
|-boost|p2a: Kyurem|spe|1
|
|-weather|Sandstorm|[upkeep]
|-damage|p2a: Kyurem|94/100|[from] Sandstorm
|upkeep
|turn|9
|
|t:|1781184470
|move|p2a: Kyurem|Scale Shot|p1a: Tyranitar
|-damage|p1a: Tyranitar|44/100
|-damage|p1a: Tyranitar|33/100
|-damage|p1a: Tyranitar|22/100
|-damage|p1a: Tyranitar|10/100
|-hitcount|p1a: Tyranitar|4
|-unboost|p2a: Kyurem|def|1
|-boost|p2a: Kyurem|spe|1
|move|p1a: Tyranitar|Low Kick|p2a: Kyurem
|-supereffective|p2a: Kyurem
|-damage|p2a: Kyurem|0 fnt
|faint|p2a: Kyurem
|
|-weather|Sandstorm|[upkeep]
|upkeep
|
|t:|1781184482
|switch|p2a: Ogerpon|Ogerpon-Wellspring, F|100/100
|turn|10
|
|t:|1781184485
|move|p2a: Ogerpon|Trailblaze|p1a: Tyranitar
|-supereffective|p1a: Tyranitar
|-damage|p1a: Tyranitar|0 fnt
|-boost|p2a: Ogerpon|spe|1
|faint|p1a: Tyranitar
|
|-weather|Sandstorm|[upkeep]
|-damage|p2a: Ogerpon|95/100|[from] Sandstorm
|upkeep
|
|t:|1781184489
|switch|p1a: Rotom|Rotom-Wash|71/100
|-damage|p1a: Rotom|58/100|[from] Stealth Rock
|turn|11
|
|t:|1781184492
|move|p2a: Ogerpon|Trailblaze|p1a: Rotom
|-supereffective|p1a: Rotom
|-damage|p1a: Rotom|13/100
|-boost|p2a: Ogerpon|spe|1
|move|p1a: Rotom|Will-O-Wisp|p2a: Ogerpon
|-status|p2a: Ogerpon|brn
|
|-weather|Sandstorm|[upkeep]
|-damage|p2a: Ogerpon|89/100 brn|[from] Sandstorm
|-damage|p1a: Rotom|7/100|[from] Sandstorm
|-heal|p1a: Rotom|13/100|[from] item: Leftovers
|-damage|p2a: Ogerpon|83/100 brn|[from] brn
|upkeep
|turn|12
|
|t:|1781184498
|move|p2a: Ogerpon|Trailblaze|p1a: Rotom
|-supereffective|p1a: Rotom
|-damage|p1a: Rotom|0 fnt
|-boost|p2a: Ogerpon|spe|1
|faint|p1a: Rotom
|
|-weather|none
|-damage|p2a: Ogerpon|77/100 brn|[from] brn
|upkeep
|
|t:|1781184527
|switch|p1a: Latios|Latios, M|88/100
|-damage|p1a: Latios|76/100|[from] Stealth Rock
|turn|13
|
|t:|1781184532
|move|p2a: Ogerpon|Play Rough|p1a: Latios|[miss]
|-miss|p2a: Ogerpon|p1a: Latios
|move|p1a: Latios|Psychic Noise|p2a: Ogerpon
|-damage|p2a: Ogerpon|22/100 brn
|-start|p2a: Ogerpon|move: Heal Block
|
|-damage|p2a: Ogerpon|16/100 brn|[from] brn
|upkeep
|turn|14
|
|t:|1781184542
|move|p2a: Ogerpon|Play Rough|p1a: Latios
|-supereffective|p1a: Latios
|-damage|p1a: Latios|24/100
|move|p1a: Latios|Recover|p1a: Latios
|-heal|p1a: Latios|74/100
|
|-damage|p2a: Ogerpon|10/100 brn|[from] brn
|-end|p2a: Ogerpon|move: Heal Block
|upkeep
|turn|15
|
|t:|1781184550
|move|p2a: Ogerpon|Play Rough|p1a: Latios|[miss]
|-miss|p2a: Ogerpon|p1a: Latios
|move|p1a: Latios|Recover|p1a: Latios
|-heal|p1a: Latios|100/100
|
|-damage|p2a: Ogerpon|4/100 brn|[from] brn
|upkeep
|turn|16
|
|t:|1781184571
|move|p2a: Ogerpon|Play Rough|p1a: Latios
|-supereffective|p1a: Latios
|-damage|p1a: Latios|48/100
|-unboost|p1a: Latios|atk|1
|move|p1a: Latios|Psychic Noise|p2a: Ogerpon
|-damage|p2a: Ogerpon|0 fnt
|faint|p2a: Ogerpon
|
|upkeep
|
|t:|1781184579
|switch|p2a: Iron Valiant|Iron Valiant|100/100
|-enditem|p2a: Iron Valiant|Booster Energy
|-activate|p2a: Iron Valiant|ability: Quark Drive|[fromitem]
|-start|p2a: Iron Valiant|quarkdrivespe
|turn|17
|
|t:|1781184589
|-terastallize|p2a: Iron Valiant|Ghost
|move|p2a: Iron Valiant|Calm Mind|p2a: Iron Valiant
|-boost|p2a: Iron Valiant|spa|1
|-boost|p2a: Iron Valiant|spd|1
|move|p1a: Latios|Psychic Noise|p2a: Iron Valiant
|-damage|p2a: Iron Valiant|42/100
|-start|p2a: Iron Valiant|move: Heal Block
|
|upkeep
|turn|18
|
|t:|1781184597
|move|p2a: Iron Valiant|Shadow Ball|p1a: Latios
|-supereffective|p1a: Latios
|-damage|p1a: Latios|0 fnt
|faint|p1a: Latios
|
|-end|p2a: Iron Valiant|move: Heal Block
|upkeep
|
|t:|1781184600
|switch|p1a: Mamoswine|Mamoswine, M|100/100
|-damage|p1a: Mamoswine|88/100|[from] Stealth Rock
|turn|19
|
|t:|1781184606
|move|p1a: Mamoswine|Ice Shard|p2a: Iron Valiant
|-damage|p2a: Iron Valiant|0 fnt
|faint|p2a: Iron Valiant
|-end|p2a: Iron Valiant|Quark Drive|[silent]
|
|upkeep
|
|t:|1781184610
|switch|p2a: Ceruledge|Ceruledge, M|100/100
|-item|p2a: Ceruledge|Air Balloon
|turn|20
|-message|kooopooolooo forfeited.
|
|win|lolshh
|raw|kooopooolooo's rating: 1628 &rarr; <strong>1612</strong><br />(-16 for losing)
|raw|lolshh's rating: 1696 &rarr; <strong>1712</strong><br />(+16 for winning)
|l|☆kooopooolooo
|player|p1|
|l|☆lolshh
|player|p2|
