|j|☆omari p
|j|☆zwardo2000
|t:|1781549641
|gametype|singles
|player|p1|omari p|pokemonrangerf|1674
|player|p2|zwardo2000|giovanni|1676
|gen|9
|tier|[Gen 9] OU
|rated|
|rule|HP Percentage Mod: HP is shown in percentages
|rule|Endless Battle Clause: Forcing endless battles is banned
|rule|Species Clause: Limit one of each Pokémon
|rule|OHKO Clause: OHKO moves are banned
|rule|Evasion Items Clause: Evasion items are banned
|rule|Evasion Moves Clause: Evasion moves are banned
|rule|Evasion Abilities Clause: Evasion abilities are banned
|rule|Sleep Moves Clause: Sleep-inducing moves are banned
|clearpoke
|poke|p1|Hoopa|
|poke|p1|Cinderace, M|
|poke|p1|Mandibuzz, F|
|poke|p1|Kyurem|
|poke|p1|Ting-Lu|
|poke|p1|Manaphy|
|poke|p2|Kyurem|
|poke|p2|Hatterene, F|
|poke|p2|Darkrai|
|poke|p2|Great Tusk|
|poke|p2|Dragonite, F|
|poke|p2|Gholdengo|
|teampreview
|inactive|Battle timer is ON: inactive players will automatically lose when time's up. (requested by omari p)
|inactive|zwardo2000 has 120 seconds left.
|
|t:|1781549691
|teamsize|p1|6
|teamsize|p2|6
|start
|switch|p1a: Ting-Lucifer|Ting-Lu|100/100
|switch|p2a: Darkrai|Darkrai|100/100
|-ability|p1a: Ting-Lucifer|Vessel of Ruin
|turn|1
|
|t:|1781549701
|move|p2a: Darkrai|Will-O-Wisp|p1a: Ting-Lucifer
|-status|p1a: Ting-Lucifer|brn
|move|p1a: Ting-Lucifer|Earthquake|p2a: Darkrai
|-damage|p2a: Darkrai|66/100
|
|-damage|p1a: Ting-Lucifer|94/100 brn|[from] brn
|upkeep
|turn|2
|
|t:|1781549709
|switch|p2a: Kyurem|Kyurem|100/100
|-ability|p2a: Kyurem|Pressure
|move|p1a: Ting-Lucifer|Earthquake|p2a: Kyurem
|-damage|p2a: Kyurem|81/100
|
|-damage|p1a: Ting-Lucifer|88/100 brn|[from] brn
|upkeep
|turn|3
|
|t:|1781549716
|move|p2a: Kyurem|Ice Beam|p1a: Ting-Lucifer
|-supereffective|p1a: Ting-Lucifer
|-damage|p1a: Ting-Lucifer|33/100 brn
|-enditem|p1a: Ting-Lucifer|Weakness Policy
|-boost|p1a: Ting-Lucifer|atk|2|[from] item: Weakness Policy
|-boost|p1a: Ting-Lucifer|spa|2|[from] item: Weakness Policy
|move|p1a: Ting-Lucifer|Stealth Rock|p2a: Kyurem
|-sidestart|p2: zwardo2000|move: Stealth Rock
|
|-damage|p1a: Ting-Lucifer|26/100 brn|[from] brn
|upkeep
|turn|4
|j| MysticalStorm
|
|t:|1781549728
|move|p2a: Kyurem|Ice Beam|p1a: Ting-Lucifer
|-supereffective|p1a: Ting-Lucifer
|-damage|p1a: Ting-Lucifer|0 fnt
|faint|p1a: Ting-Lucifer
|
|upkeep
|l| MysticalStorm
|
|t:|1781549731
|switch|p1a: Cinderace|Cinderace, M|100/100
|turn|5
|
|t:|1781549734
|switch|p2a: Great Tusk|Great Tusk|100/100
|-damage|p2a: Great Tusk|97/100|[from] Stealth Rock
|move|p1a: Cinderace|Pyro Ball|p2a: Great Tusk
|-damage|p2a: Great Tusk|64/100
|
|-heal|p2a: Great Tusk|70/100|[from] item: Leftovers
|upkeep
|turn|6
|
|t:|1781549740
|move|p1a: Cinderace|U-turn|p2a: Great Tusk
|-start|p1a: Cinderace|typechange|Bug|[from] ability: Libero
|-resisted|p2a: Great Tusk
|-damage|p2a: Great Tusk|61/100
|
|t:|1781549741
|switch|p1a: Hoopa|Hoopa|100/100|[from] U-turn
|move|p2a: Great Tusk|Stealth Rock|p1a: Hoopa
|-sidestart|p1: omari p|move: Stealth Rock
|
|-heal|p2a: Great Tusk|67/100|[from] item: Leftovers
|upkeep
|turn|7
|
|t:|1781549752
|-end|p2a: Great Tusk|Protosynthesis|[silent]
|switch|p2a: Darkrai|Darkrai|66/100
|-damage|p2a: Darkrai|53/100|[from] Stealth Rock
|move|p1a: Hoopa|Shadow Ball|p2a: Darkrai
|-resisted|p2a: Darkrai
|-damage|p2a: Darkrai|18/100
|
|upkeep
|turn|8
|
|t:|1781549756
|switch|p1a: Manaphy|Manaphy|100/100
|-damage|p1a: Manaphy|88/100|[from] Stealth Rock
|move|p2a: Darkrai|Dark Pulse|p1a: Manaphy
|-damage|p1a: Manaphy|52/100
|
|-heal|p1a: Manaphy|58/100|[from] item: Leftovers
|upkeep
|turn|9
|
|t:|1781549777
|switch|p2a: Kyurem|Kyurem|81/100
|-damage|p2a: Kyurem|56/100|[from] Stealth Rock
|-ability|p2a: Kyurem|Pressure
|move|p1a: Manaphy|Scald|p2a: Kyurem
|-resisted|p2a: Kyurem
|-damage|p2a: Kyurem|47/100
|
|-heal|p1a: Manaphy|64/100|[from] item: Leftovers
|upkeep
|turn|10
|inactive|omari p has 120 seconds left.
|
|t:|1781549810
|move|p1a: Manaphy|Take Heart|p1a: Manaphy
|-boost|p1a: Manaphy|spa|1
|-boost|p1a: Manaphy|spd|1
|move|p2a: Kyurem|Earth Power|p1a: Manaphy
|-damage|p1a: Manaphy|47/100
|
|-heal|p1a: Manaphy|53/100|[from] item: Leftovers
|upkeep
|turn|11
|
|t:|1781549820
|move|p1a: Manaphy|Psychic|p2a: Kyurem
|-damage|p2a: Kyurem|28/100
|move|p2a: Kyurem|Freeze-Dry|p1a: Manaphy
|-supereffective|p1a: Manaphy
|-damage|p1a: Manaphy|13/100
|
|-heal|p1a: Manaphy|19/100|[from] item: Leftovers
|upkeep
|turn|12
|
|t:|1781549825
|move|p1a: Manaphy|Psychic|p2a: Kyurem
|-damage|p2a: Kyurem|7/100
|move|p2a: Kyurem|Freeze-Dry|p1a: Manaphy
|-supereffective|p1a: Manaphy
|-damage|p1a: Manaphy|0 fnt
|faint|p1a: Manaphy
|
|upkeep
|
|t:|1781549828
|switch|p1a: Cinderace|Cinderace, M|100/100
|-damage|p1a: Cinderace|76/100|[from] Stealth Rock
|turn|13
|
|t:|1781549832
|move|p1a: Cinderace|Pyro Ball|p2a: Kyurem
|-damage|p2a: Kyurem|0 fnt
|faint|p2a: Kyurem
|
|upkeep
|
|t:|1781549836
|switch|p2a: Great Tusk|Great Tusk|67/100
|-damage|p2a: Great Tusk|64/100|[from] Stealth Rock
|turn|14
|
|t:|1781549840
|move|p1a: Cinderace|Pyro Ball|p2a: Great Tusk
|-damage|p2a: Great Tusk|27/100
|move|p2a: Great Tusk|Headlong Rush|p1a: Cinderace
|-supereffective|p1a: Cinderace
|-damage|p1a: Cinderace|0 fnt
|-unboost|p2a: Great Tusk|def|1
|-unboost|p2a: Great Tusk|spd|1
|faint|p1a: Cinderace
|
|-heal|p2a: Great Tusk|33/100|[from] item: Leftovers
|upkeep
|
|t:|1781549844
|switch|p1a: Kyurem|Kyurem|100/100
|-damage|p1a: Kyurem|76/100|[from] Stealth Rock
|-ability|p1a: Kyurem|Pressure
|turn|15
|
|t:|1781549848
|move|p1a: Kyurem|Ice Beam|p2a: Great Tusk
|-supereffective|p2a: Great Tusk
|-damage|p2a: Great Tusk|0 fnt
|faint|p2a: Great Tusk
|-end|p2a: Great Tusk|Protosynthesis|[silent]
|
|upkeep
|
|t:|1781549852
|switch|p2a: Gholdengo|Gholdengo|100/100
|-damage|p2a: Gholdengo|94/100|[from] Stealth Rock
|turn|16
|
|t:|1781549855
|move|p1a: Kyurem|Ice Beam|p2a: Gholdengo
|-resisted|p2a: Gholdengo
|-damage|p2a: Gholdengo|67/100
|move|p2a: Gholdengo|Make It Rain|p1a: Kyurem
|-supereffective|p1a: Kyurem
|-damage|p1a: Kyurem|0 fnt
|-unboost|p2a: Gholdengo|spa|1
|faint|p1a: Kyurem
|
|upkeep
|
|t:|1781549858
|switch|p1a: Hoopa|Hoopa|100/100
|-damage|p1a: Hoopa|88/100|[from] Stealth Rock
|turn|17
|
|t:|1781549868
|switch|p2a: Hatterene|Hatterene, F|100/100
|-damage|p2a: Hatterene|88/100|[from] Stealth Rock
|move|p1a: Hoopa|Shadow Ball|p2a: Hatterene
|-supereffective|p2a: Hatterene
|-damage|p2a: Hatterene|0 fnt
|faint|p2a: Hatterene
|
|upkeep
|
|t:|1781549871
|switch|p2a: Darkrai|Darkrai|18/100
|-damage|p2a: Darkrai|5/100|[from] Stealth Rock
|turn|18
|
|t:|1781549878
|-terastallize|p1a: Hoopa|Fairy
|move|p2a: Darkrai|Trick|p1a: Hoopa
|-activate|p2a: Darkrai|move: Trick|[of] p1a: Hoopa
|-item|p1a: Hoopa|Choice Scarf|[from] move: Trick
|-item|p2a: Darkrai|Aguav Berry|[from] move: Trick
|-enditem|p2a: Darkrai|Aguav Berry|[eat]
|-heal|p2a: Darkrai|39/100|[from] item: Aguav Berry
|move|p1a: Hoopa|Substitute|p1a: Hoopa
|-start|p1a: Hoopa|Substitute
|-damage|p1a: Hoopa|63/100
|
|upkeep
|turn|19
|c|☆omari p|gg
|-message|omari p forfeited.
|
|win|zwardo2000
|raw|omari p's rating: 1674 &rarr; <strong>1654</strong><br />(-20 for losing)
|raw|zwardo2000's rating: 1676 &rarr; <strong>1696</strong><br />(+20 for winning)
|l|☆omari p
|player|p1|
|c|☆zwardo2000|gg
|l|☆zwardo2000
|player|p2|
