|j|☆Mossful
|j|☆alt1 lord greed
|t:|1781303710
|gametype|singles
|player|p1|Mossful|iono-masters|1546
|player|p2|alt1 lord greed|169|1524
|gen|9
|tier|[Gen 9] OU
|rated|
|rule|HP Percentage Mod: HP is shown in percentages
|rule|Endless Battle Clause: Forcing endless battles is banned
|rule|Species Clause: Limit one of each Pokémon
|rule|OHKO Clause: OHKO moves are banned
|rule|Evasion Items Clause: Evasion items are banned
|rule|Evasion Moves Clause: Evasion moves are banned
|rule|Evasion Abilities Clause: Evasion abilities are banned
|rule|Sleep Moves Clause: Sleep-inducing moves are banned
|clearpoke
|poke|p1|Tyranitar, M|
|poke|p1|Excadrill, M|
|poke|p1|Iron Crown|
|poke|p1|Salamence, M|
|poke|p1|Azumarill, F|
|poke|p1|Zamazenta-*|
|poke|p2|Glastrier|
|poke|p2|Slowking-Galar, F|
|poke|p2|Heatran, F|
|poke|p2|Tornadus-Therian, M|
|poke|p2|Hydrapple, M|
|poke|p2|Great Tusk|
|teampreview
|inactive|Battle timer is ON: inactive players will automatically lose when time's up. (requested by alt1 lord greed)
|inactive|Mossful has 120 seconds left.
|inactive|Mossful has 90 seconds left.
|
|t:|1781303777
|teamsize|p1|6
|teamsize|p2|6
|start
|switch|p1a: Iron Crown|Iron Crown|100/100
|switch|p2a: Great Tusk|Great Tusk|100/100
|turn|1
|
|t:|1781303785
|-end|p2a: Great Tusk|Protosynthesis|[silent]
|switch|p2a: Slowking|Slowking-Galar, F|100/100
|move|p1a: Iron Crown|Psychic Noise|p2a: Slowking
|-damage|p2a: Slowking|80/100
|-start|p2a: Slowking|move: Heal Block
|
|upkeep
|turn|2
|
|t:|1781303795
|move|p1a: Iron Crown|Psychic Noise|p2a: Slowking
|-crit|p2a: Slowking
|-damage|p2a: Slowking|46/100
|-prepare|p2a: Slowking|Chilly Reception|[premajor]
|move|p2a: Slowking|Chilly Reception|p2a: Slowking
|-weather|Snowscape
|
|t:|1781303798
|switch|p2a: Heatran|Heatran, F, shiny|100/100|[from] Chilly Reception
|
|-weather|Snowscape|[upkeep]
|upkeep
|turn|3
|
|t:|1781303806
|-end|p1a: Iron Crown|Quark Drive|[silent]
|switch|p1a: Salamence|Salamence, M|100/100
|-ability|p1a: Salamence|Intimidate|boost
|-unboost|p2a: Heatran|atk|1
|move|p2a: Heatran|Stealth Rock|p1a: Salamence
|-sidestart|p1: Mossful|move: Stealth Rock
|
|-weather|Snowscape|[upkeep]
|upkeep
|turn|4
|
|t:|1781303813
|switch|p2a: Glastrier|Glastrier|100/100
|move|p1a: Salamence|Hydro Pump|p2a: Glastrier
|-damage|p2a: Glastrier|59/100
|
|-weather|Snowscape|[upkeep]
|upkeep
|turn|5
|-activate|p2a: Glastrier|item: Quick Claw
|
|t:|1781303818
|switch|p1a: Iron Crown|Iron Crown|100/100
|-damage|p1a: Iron Crown|94/100|[from] Stealth Rock
|move|p2a: Glastrier|Icicle Crash|p1a: Iron Crown
|-resisted|p1a: Iron Crown
|-damage|p1a: Iron Crown|64/100
|
|-weather|Snowscape|[upkeep]
|upkeep
|turn|6
|
|t:|1781303827
|switch|p2a: Heatran|Heatran, F, shiny|100/100
|move|p1a: Iron Crown|Focus Blast|p2a: Heatran
|-supereffective|p2a: Heatran
|-damage|p2a: Heatran|46/100
|
|-weather|none
|-heal|p2a: Heatran|52/100|[from] item: Leftovers
|upkeep
|turn|7
|
|t:|1781303832
|move|p1a: Iron Crown|Focus Blast|p2a: Heatran
|-supereffective|p2a: Heatran
|-damage|p2a: Heatran|5/100
|move|p2a: Heatran|Fire Blast|p1a: Iron Crown|[miss]
|-miss|p2a: Heatran|p1a: Iron Crown
|
|-heal|p2a: Heatran|11/100|[from] item: Leftovers
|upkeep
|turn|8
|
|t:|1781303838
|move|p1a: Iron Crown|Focus Blast|p2a: Heatran
|-supereffective|p2a: Heatran
|-damage|p2a: Heatran|0 fnt
|faint|p2a: Heatran
|
|upkeep
|
|t:|1781303847
|switch|p2a: Tornadus|Tornadus-Therian, M|100/100
|turn|9
|
|t:|1781303866
|-end|p1a: Iron Crown|Quark Drive|[silent]
|switch|p1a: Tyranitar|Tyranitar, M, shiny|100/100
|-damage|p1a: Tyranitar|88/100|[from] Stealth Rock
|-weather|Sandstorm|[from] ability: Sand Stream|[of] p1a: Tyranitar
|move|p2a: Tornadus|Knock Off|p1a: Tyranitar
|-resisted|p1a: Tyranitar
|-damage|p1a: Tyranitar|79/100
|-enditem|p1a: Tyranitar|Choice Band|[from] move: Knock Off|[of] p2a: Tornadus
|
|-weather|Sandstorm|[upkeep]
|-damage|p2a: Tornadus|94/100|[from] Sandstorm
|upkeep
|turn|10
|
|t:|1781303880
|switch|p2a: Great Tusk|Great Tusk|100/100
|move|p1a: Tyranitar|Ice Punch|p2a: Great Tusk
|-supereffective|p2a: Great Tusk
|-damage|p2a: Great Tusk|55/100
|
|-weather|Sandstorm|[upkeep]
|upkeep
|turn|11
|
|t:|1781303886
|switch|p1a: Salamence|Salamence, M|100/100
|-damage|p1a: Salamence|76/100|[from] Stealth Rock
|-ability|p1a: Salamence|Intimidate|boost
|-unboost|p2a: Great Tusk|atk|1
|move|p2a: Great Tusk|Close Combat|p1a: Salamence
|-resisted|p1a: Salamence
|-damage|p1a: Salamence|50/100
|-unboost|p2a: Great Tusk|def|1
|-unboost|p2a: Great Tusk|spd|1
|
|-weather|Sandstorm|[upkeep]
|-damage|p1a: Salamence|44/100|[from] Sandstorm
|upkeep
|turn|12
|
|t:|1781303894
|-end|p2a: Great Tusk|Protosynthesis|[silent]
|switch|p2a: Slowking|Slowking-Galar, F|79/100
|move|p1a: Salamence|Air Slash|p2a: Slowking
|-damage|p2a: Slowking|50/100
|
|-weather|Sandstorm|[upkeep]
|-damage|p1a: Salamence|38/100|[from] Sandstorm
|-damage|p2a: Slowking|44/100|[from] Sandstorm
|upkeep
|turn|13
|
|t:|1781303898
|move|p1a: Salamence|Air Slash|p2a: Slowking
|-damage|p2a: Slowking|12/100
|-prepare|p2a: Slowking|Chilly Reception|[premajor]
|cant|p2a: Slowking|flinch
|
|-weather|none
|upkeep
|turn|14
|
|t:|1781303905
|switch|p2a: Tornadus|Tornadus-Therian, M|100/100
|move|p1a: Salamence|Air Slash|p2a: Tornadus
|-damage|p2a: Tornadus|31/100
|
|upkeep
|turn|15
|
|t:|1781303909
|switch|p2a: Slowking|Slowking-Galar, F|45/100
|move|p1a: Salamence|Air Slash|p2a: Slowking
|-damage|p2a: Slowking|15/100
|
|upkeep
|turn|16
|
|t:|1781303921
|move|p1a: Salamence|Air Slash|p2a: Slowking
|-damage|p2a: Slowking|0 fnt
|faint|p2a: Slowking
|
|upkeep
|
|t:|1781303922
|switch|p2a: Glastrier|Glastrier|59/100
|turn|17
|
|t:|1781303930
|switch|p1a: Zamazenta|Zamazenta|100/100
|-damage|p1a: Zamazenta|94/100|[from] Stealth Rock
|-ability|p1a: Zamazenta|Dauntless Shield|boost
|-boost|p1a: Zamazenta|def|1
|move|p2a: Glastrier|Icicle Crash|p1a: Zamazenta
|-damage|p1a: Zamazenta|59/100
|
|upkeep
|turn|18
|
|t:|1781303939
|switch|p2a: Hydrapple|Hydrapple, M, shiny|100/100
|move|p1a: Zamazenta|Stone Edge|p2a: Hydrapple
|-crit|p2a: Hydrapple
|-damage|p2a: Hydrapple|47/100
|-damage|p1a: Zamazenta|49/100|[from] item: Life Orb
|
|upkeep
|turn|19
|
|t:|1781303948
|switch|p1a: Iron Crown|Iron Crown|64/100
|-damage|p1a: Iron Crown|58/100|[from] Stealth Rock
|move|p2a: Hydrapple|Leaf Storm|p1a: Iron Crown
|-resisted|p1a: Iron Crown
|-damage|p1a: Iron Crown|9/100
|-unboost|p2a: Hydrapple|spa|2
|
|upkeep
|turn|20
|
|t:|1781303963
|move|p1a: Iron Crown|Tachyon Cutter|p2a: Hydrapple
|-damage|p2a: Hydrapple|23/100
|-damage|p2a: Hydrapple|0 fnt
|faint|p2a: Hydrapple
|-hitcount|p2: Hydrapple|2
|
|upkeep
|
|t:|1781303965
|switch|p2a: Tornadus|Tornadus-Therian, M|64/100
|turn|21
|
|t:|1781303966
|move|p1a: Iron Crown|Tachyon Cutter|p2a: Tornadus
|-damage|p2a: Tornadus|31/100
|-damage|p2a: Tornadus|0 fnt
|faint|p2a: Tornadus
|-hitcount|p2: Tornadus|2
|
|upkeep
|
|t:|1781303970
|switch|p2a: Glastrier|Glastrier|59/100
|turn|22
|
|t:|1781303975
|-terastallize|p1a: Iron Crown|Steel
|-terastallize|p2a: Glastrier|Water
|move|p1a: Iron Crown|Tachyon Cutter|p2a: Glastrier
|-resisted|p2a: Glastrier
|-damage|p2a: Glastrier|45/100
|-resisted|p2a: Glastrier
|-damage|p2a: Glastrier|31/100
|-hitcount|p2a: Glastrier|2
|move|p2a: Glastrier|High Horsepower|p1a: Iron Crown
|-supereffective|p1a: Iron Crown
|-damage|p1a: Iron Crown|0 fnt
|faint|p1a: Iron Crown
|-end|p1a: Iron Crown|Quark Drive|[silent]
|-ability|p2a: Glastrier|Chilling Neigh|boost
|-boost|p2a: Glastrier|atk|1
|
|upkeep
|
|t:|1781303990
|switch|p1a: Zamazenta|Zamazenta|49/100
|-damage|p1a: Zamazenta|43/100|[from] Stealth Rock
|turn|23
|-activate|p2a: Glastrier|item: Quick Claw
|
|t:|1781303991
|move|p2a: Glastrier|Icicle Crash|p1a: Zamazenta
|-damage|p1a: Zamazenta|0 fnt
|faint|p1a: Zamazenta
|-ability|p2a: Glastrier|Chilling Neigh|boost
|-boost|p2a: Glastrier|atk|1
|
|upkeep
|
|t:|1781303996
|switch|p1a: Salamence|Salamence, M|38/100
|-damage|p1a: Salamence|13/100|[from] Stealth Rock
|-ability|p1a: Salamence|Intimidate|boost
|-unboost|p2a: Glastrier|atk|1
|turn|24
|
|t:|1781303998
|move|p1a: Salamence|Air Slash|p2a: Glastrier
|-damage|p2a: Glastrier|0 fnt
|faint|p2a: Glastrier
|
|upkeep
|
|t:|1781304000
|switch|p2a: Great Tusk|Great Tusk|55/100
|turn|25
|
|t:|1781304002
|move|p1a: Salamence|Air Slash|p2a: Great Tusk
|-supereffective|p2a: Great Tusk
|-damage|p2a: Great Tusk|0 fnt
|faint|p2a: Great Tusk
|-end|p2a: Great Tusk|Protosynthesis|[silent]
|
|win|Mossful
|raw|Mossful's rating: 1546 &rarr; <strong>1565</strong><br />(+19 for winning)
|raw|alt1 lord greed's rating: 1524 &rarr; <strong>1505</strong><br />(-19 for losing)
|l|☆alt1 lord greed
|player|p2|
|l|☆Mossful
|player|p1|
