|j|☆PieCubed^3
|j|☆LowEL0God
|t:|1781416736
|gametype|singles
|player|p1|PieCubed^3|hilda-wonderlauncher|1525
|player|p2|LowEL0God|265|1561
|gen|9
|tier|[Gen 9] OU
|rated|
|rule|HP Percentage Mod: HP is shown in percentages
|rule|Endless Battle Clause: Forcing endless battles is banned
|rule|Species Clause: Limit one of each Pokémon
|rule|OHKO Clause: OHKO moves are banned
|rule|Evasion Items Clause: Evasion items are banned
|rule|Evasion Moves Clause: Evasion moves are banned
|rule|Evasion Abilities Clause: Evasion abilities are banned
|rule|Sleep Moves Clause: Sleep-inducing moves are banned
|clearpoke
|poke|p1|Deoxys-Speed|
|poke|p1|Dragonite, F|
|poke|p1|Manaphy|
|poke|p1|Kommo-o, F|
|poke|p1|Iron Valiant|
|poke|p1|Glimmora, M|
|poke|p2|Pelipper, M|
|poke|p2|Raging Bolt|
|poke|p2|Overqwil, M|
|poke|p2|Barraskewda, F|
|poke|p2|Iron Treads|
|poke|p2|Kingambit, F|
|teampreview
|c|☆LowEL0God|hf
|inactive|Battle timer is ON: inactive players will automatically lose when time's up. (requested by LowEL0God)
|c|☆PieCubed^3|hf
|
|t:|1781416744
|teamsize|p1|6
|teamsize|p2|6
|start
|switch|p1a: Deoxys|Deoxys-Speed|100/100
|switch|p2a: Raging Bolt|Raging Bolt|100/100
|-ability|p1a: Deoxys|Pressure
|-enditem|p2a: Raging Bolt|Booster Energy
|-activate|p2a: Raging Bolt|ability: Protosynthesis|[fromitem]
|-start|p2a: Raging Bolt|protosynthesisspa
|turn|1
|
|t:|1781416746
|move|p1a: Deoxys|Light Screen|p1a: Deoxys
|-sidestart|p1: PieCubed^3|move: Light Screen
|move|p2a: Raging Bolt|Thunder|p1a: Deoxys|[miss]
|-miss|p2a: Raging Bolt|p1a: Deoxys
|
|upkeep
|turn|2
|
|t:|1781416748
|move|p1a: Deoxys|Reflect|p1a: Deoxys
|-sidestart|p1: PieCubed^3|Reflect
|move|p2a: Raging Bolt|Thunder|p1a: Deoxys
|-damage|p1a: Deoxys|48/100
|
|upkeep
|turn|3
|
|t:|1781416752
|move|p2a: Raging Bolt|Thunder|p1a: Deoxys|[miss]
|-miss|p2a: Raging Bolt|p1a: Deoxys
|move|p1a: Deoxys|Teleport|p1a: Deoxys
|
|t:|1781416768
|switch|p1a: Iron Valiant|Iron Valiant|100/100|[from] Teleport
|-enditem|p1a: Iron Valiant|Booster Energy
|-activate|p1a: Iron Valiant|ability: Quark Drive|[fromitem]
|-start|p1a: Iron Valiant|quarkdrivespe
|
|upkeep
|turn|4
|
|t:|1781416772
|move|p1a: Iron Valiant|Calm Mind|p1a: Iron Valiant
|-boost|p1a: Iron Valiant|spa|1
|-boost|p1a: Iron Valiant|spd|1
|move|p2a: Raging Bolt|Thunder|p1a: Iron Valiant
|-damage|p1a: Iron Valiant|46/100
|
|upkeep
|turn|5
|
|t:|1781416774
|-terastallize|p2a: Raging Bolt|Fairy
|move|p1a: Iron Valiant|Moonblast|p2a: Raging Bolt
|-damage|p2a: Raging Bolt|33/100
|move|p2a: Raging Bolt|Thunder|p1a: Iron Valiant
|-damage|p1a: Iron Valiant|0 fnt
|faint|p1a: Iron Valiant
|-end|p1a: Iron Valiant|Quark Drive|[silent]
|
|upkeep
|
|t:|1781416783
|switch|p1a: Kommo-o|Kommo-o, F|100/100
|turn|6
|
|t:|1781416786
|move|p1a: Kommo-o|Substitute|p1a: Kommo-o
|-start|p1a: Kommo-o|Substitute
|-damage|p1a: Kommo-o|75/100
|move|p2a: Raging Bolt|Draco Meteor|p1a: Kommo-o
|-supereffective|p1a: Kommo-o
|-end|p1a: Kommo-o|Substitute
|-unboost|p2a: Raging Bolt|spa|2
|
|upkeep
|turn|7
|
|t:|1781416791
|move|p1a: Kommo-o|Substitute|p1a: Kommo-o
|-start|p1a: Kommo-o|Substitute
|-damage|p1a: Kommo-o|50/100
|move|p2a: Raging Bolt|Draco Meteor|p1a: Kommo-o
|-supereffective|p1a: Kommo-o
|-end|p1a: Kommo-o|Substitute
|-unboost|p2a: Raging Bolt|spa|2
|
|upkeep
|turn|8
|
|t:|1781416800
|-end|p2a: Raging Bolt|Protosynthesis|[silent]
|switch|p2a: Pelipper|Pelipper, M|100/100
|-weather|RainDance|[from] ability: Drizzle|[of] p2a: Pelipper
|move|p1a: Kommo-o|Substitute|p1a: Kommo-o
|-start|p1a: Kommo-o|Substitute
|-damage|p1a: Kommo-o|25/100
|-enditem|p1a: Kommo-o|Salac Berry|[eat]
|-boost|p1a: Kommo-o|spe|1|[from] item: Salac Berry
|
|-weather|RainDance|[upkeep]
|-sideend|p1: PieCubed^3|move: Light Screen
|upkeep
|turn|9
|
|t:|1781416802
|move|p1a: Kommo-o|Shadow Claw|p2a: Pelipper
|-crit|p2a: Pelipper
|-damage|p2a: Pelipper|76/100
|move|p2a: Pelipper|Hurricane|p1a: Kommo-o
|-supereffective|p1a: Kommo-o
|-end|p1a: Kommo-o|Substitute
|
|-weather|RainDance|[upkeep]
|-sideend|p1: PieCubed^3|Reflect
|upkeep
|turn|10
|
|t:|1781416811
|move|p1a: Kommo-o|Shadow Claw|p2a: Pelipper
|-damage|p2a: Pelipper|59/100
|move|p2a: Pelipper|Hurricane|p1a: Kommo-o
|-supereffective|p1a: Kommo-o
|-damage|p1a: Kommo-o|0 fnt
|faint|p1a: Kommo-o
|
|-weather|RainDance|[upkeep]
|upkeep
|
|t:|1781416813
|switch|p1a: Manaphy|Manaphy|100/100
|turn|11
|
|t:|1781416816
|switch|p2a: Raging Bolt|Raging Bolt, tera:Fairy|33/100
|move|p1a: Manaphy|Take Heart|p1a: Manaphy
|-boost|p1a: Manaphy|spa|1
|-boost|p1a: Manaphy|spd|1
|
|-weather|RainDance|[upkeep]
|upkeep
|turn|12
|
|t:|1781416825
|-terastallize|p1a: Manaphy|Poison
|move|p2a: Raging Bolt|Thunderclap||[still]
|-fail|p2a: Raging Bolt
|move|p1a: Manaphy|Take Heart|p1a: Manaphy
|-boost|p1a: Manaphy|spa|1
|-boost|p1a: Manaphy|spd|1
|
|-weather|RainDance|[upkeep]
|upkeep
|turn|13
|
|t:|1781416833
|move|p2a: Raging Bolt|Thunderclap|p1a: Manaphy
|-damage|p1a: Manaphy|84/100
|move|p1a: Manaphy|Scald|p2a: Raging Bolt
|-damage|p2a: Raging Bolt|0 fnt
|faint|p2a: Raging Bolt
|-end|p2a: Raging Bolt|Protosynthesis|[silent]
|
|-weather|RainDance|[upkeep]
|-heal|p1a: Manaphy|90/100|[from] item: Leftovers
|upkeep
|
|t:|1781416835
|switch|p2a: Barraskewda|Barraskewda, F|100/100
|turn|14
|
|t:|1781416837
|move|p2a: Barraskewda|Liquidation|p1a: Manaphy
|-damage|p1a: Manaphy|0 fnt
|faint|p1a: Manaphy
|
|-weather|RainDance|[upkeep]
|upkeep
|
|t:|1781416847
|switch|p1a: Dragonite|Dragonite, F|100/100
|turn|15
|
|t:|1781416856
|move|p2a: Barraskewda|Liquidation|p1a: Dragonite
|-resisted|p1a: Dragonite
|-damage|p1a: Dragonite|82/100
|move|p1a: Dragonite|Dragon Dance|p1a: Dragonite
|-boost|p1a: Dragonite|atk|1
|-boost|p1a: Dragonite|spe|1
|
|-weather|none
|upkeep
|turn|16
|
|t:|1781416859
|switch|p2a: Pelipper|Pelipper, M|59/100
|-weather|RainDance|[from] ability: Drizzle|[of] p2a: Pelipper
|move|p1a: Dragonite|Roost|p1a: Dragonite
|-heal|p1a: Dragonite|100/100
|-singleturn|p1a: Dragonite|move: Roost
|
|-weather|RainDance|[upkeep]
|upkeep
|turn|17
|
|t:|1781416862
|move|p1a: Dragonite|Dragon Dance|p1a: Dragonite
|-boost|p1a: Dragonite|atk|1
|-boost|p1a: Dragonite|spe|1
|move|p2a: Pelipper|Roost|p2a: Pelipper
|-heal|p2a: Pelipper|100/100
|-singleturn|p2a: Pelipper|move: Roost
|
|-weather|RainDance|[upkeep]
|upkeep
|turn|18
|
|t:|1781416865
|move|p1a: Dragonite|Dragon Dance|p1a: Dragonite
|-boost|p1a: Dragonite|atk|1
|-boost|p1a: Dragonite|spe|1
|move|p2a: Pelipper|Hurricane|p1a: Dragonite
|-damage|p1a: Dragonite|86/100
|-start|p1a: Dragonite|confusion
|
|-weather|RainDance|[upkeep]
|upkeep
|turn|19
|
|t:|1781416873
|-activate|p1a: Dragonite|confusion
|-damage|p1a: Dragonite|65/100|[from] confusion
|move|p2a: Pelipper|Hurricane|p1a: Dragonite
|-damage|p1a: Dragonite|35/100
|
|-weather|RainDance|[upkeep]
|upkeep
|turn|20
|
|t:|1781416876
|-end|p1a: Dragonite|confusion
|move|p1a: Dragonite|Roost|p1a: Dragonite
|-heal|p1a: Dragonite|85/100
|-singleturn|p1a: Dragonite|move: Roost
|move|p2a: Pelipper|Hurricane|p1a: Dragonite
|-damage|p1a: Dragonite|54/100
|
|-weather|RainDance|[upkeep]
|upkeep
|turn|21
|
|t:|1781416878
|move|p1a: Dragonite|Roost|p1a: Dragonite
|-heal|p1a: Dragonite|100/100
|-singleturn|p1a: Dragonite|move: Roost
|move|p2a: Pelipper|Hurricane|p1a: Dragonite
|-damage|p1a: Dragonite|86/100
|
|-weather|RainDance|[upkeep]
|upkeep
|turn|22
|
|t:|1781416880
|move|p1a: Dragonite|Dragon Claw|p2a: Pelipper
|-damage|p2a: Pelipper|34/100
|move|p2a: Pelipper|Hurricane|p1a: Dragonite
|-damage|p1a: Dragonite|58/100
|
|-weather|RainDance|[upkeep]
|upkeep
|turn|23
|
|t:|1781416886
|switch|p2a: Kingambit|Kingambit, F|100/100
|-activate|p2a: Kingambit|ability: Supreme Overlord
|-start|p2a: Kingambit|fallen1|[silent]
|move|p1a: Dragonite|Roost|p1a: Dragonite
|-heal|p1a: Dragonite|100/100
|-singleturn|p1a: Dragonite|move: Roost
|
|-weather|none
|upkeep
|turn|24
|
|t:|1781416887
|move|p1a: Dragonite|Fire Punch|p2a: Kingambit
|-supereffective|p2a: Kingambit
|-damage|p2a: Kingambit|19/100
|move|p2a: Kingambit|Swords Dance|p2a: Kingambit
|-boost|p2a: Kingambit|atk|2
|
|-heal|p2a: Kingambit|25/100|[from] item: Leftovers
|upkeep
|turn|25
|
|t:|1781416895
|move|p2a: Kingambit|Sucker Punch|p1a: Dragonite
|-damage|p1a: Dragonite|69/100
|move|p1a: Dragonite|Fire Punch|p2a: Kingambit
|-supereffective|p2a: Kingambit
|-damage|p2a: Kingambit|0 fnt
|faint|p2a: Kingambit
|-end|p2a: Kingambit|fallen1|[silent]
|
|upkeep
|
|t:|1781416895
|switch|p2a: Overqwil|Overqwil, M|100/100
|turn|26
|
|t:|1781416899
|move|p1a: Dragonite|Roost|p1a: Dragonite
|-heal|p1a: Dragonite|100/100
|-singleturn|p1a: Dragonite|move: Roost
|move|p2a: Overqwil|Gunk Shot|p1a: Dragonite
|-damage|p1a: Dragonite|68/100
|-status|p1a: Dragonite|psn
|-damage|p2a: Overqwil|91/100|[from] item: Life Orb
|
|-damage|p1a: Dragonite|56/100 psn|[from] psn
|upkeep
|turn|27
|
|t:|1781416905
|switch|p2a: Pelipper|Pelipper, M|34/100
|-weather|RainDance|[from] ability: Drizzle|[of] p2a: Pelipper
|move|p1a: Dragonite|Dragon Claw|p2a: Pelipper
|-damage|p2a: Pelipper|0 fnt
|faint|p2a: Pelipper
|
|-weather|RainDance|[upkeep]
|-damage|p1a: Dragonite|43/100 psn|[from] psn
|upkeep
|
|t:|1781416906
|switch|p2a: Barraskewda|Barraskewda, F|100/100
|turn|28
|
|t:|1781416909
|move|p2a: Barraskewda|Liquidation|p1a: Dragonite
|-resisted|p1a: Dragonite
|-damage|p1a: Dragonite|7/100 psn
|move|p1a: Dragonite|Dragon Claw|p2a: Barraskewda
|-damage|p2a: Barraskewda|0 fnt
|faint|p2a: Barraskewda
|
|-weather|RainDance|[upkeep]
|-damage|p1a: Dragonite|0 fnt|[from] psn
|faint|p1a: Dragonite
|upkeep
|
|t:|1781416913
|switch|p2a: Overqwil|Overqwil, M|91/100
|switch|p1a: Deoxys|Deoxys-Speed|48/100
|-ability|p1a: Deoxys|Pressure
|turn|29
|
|t:|1781416915
|move|p2a: Overqwil|Liquidation|p1a: Deoxys
|-damage|p1a: Deoxys|0 fnt
|faint|p1a: Deoxys
|-damage|p2a: Overqwil|81/100|[from] item: Life Orb
|
|-weather|RainDance|[upkeep]
|upkeep
|
|t:|1781416917
|switch|p1a: Glimmora|Glimmora, M|100/100
|turn|30
|
|t:|1781416919
|move|p2a: Overqwil|Liquidation|p1a: Glimmora
|-supereffective|p1a: Glimmora
|-damage|p1a: Glimmora|0 fnt
|-activate|p1a: Glimmora|ability: Toxic Debris
|-sidestart|p2: LowEL0God|move: Toxic Spikes
|faint|p1a: Glimmora
|-damage|p2a: Overqwil|71/100|[from] item: Life Orb
|
|win|LowEL0God
|raw|PieCubed^3's rating: 1525 &rarr; <strong>1507</strong><br />(-18 for losing)
|raw|LowEL0God's rating: 1561 &rarr; <strong>1579</strong><br />(+18 for winning)
|l|☆PieCubed^3
|player|p1|
|c|☆LowEL0God|gg
|l|☆LowEL0God
|player|p2|
