|j|☆Mr Tpen
|j|☆llachiee
|t:|1780977765
|gametype|singles
|player|p1|Mr Tpen|2|1629
|player|p2|llachiee|170|1683
|gen|9
|tier|[Gen 9] OU
|rated|
|rule|HP Percentage Mod: HP is shown in percentages
|rule|Endless Battle Clause: Forcing endless battles is banned
|rule|Species Clause: Limit one of each Pokémon
|rule|OHKO Clause: OHKO moves are banned
|rule|Evasion Items Clause: Evasion items are banned
|rule|Evasion Moves Clause: Evasion moves are banned
|rule|Evasion Abilities Clause: Evasion abilities are banned
|rule|Sleep Moves Clause: Sleep-inducing moves are banned
|clearpoke
|poke|p1|Gholdengo|
|poke|p1|Iron Treads|
|poke|p1|Moltres|
|poke|p1|Zamazenta-*|
|poke|p1|Samurott-Hisui, F|
|poke|p1|Garganacl, M|
|poke|p2|Gliscor, F|
|poke|p2|Blissey, F|
|poke|p2|Clefable, F|
|poke|p2|Toxapex, F|
|poke|p2|Dondozo, F|
|poke|p2|Corviknight, F|
|teampreview
|inactive|Battle timer is ON: inactive players will automatically lose when time's up. (requested by Mr Tpen)
|
|t:|1780977793
|teamsize|p1|6
|teamsize|p2|6
|start
|switch|p1a: Iron Treads|Iron Treads|100/100
|switch|p2a: Adder|Gliscor, F|100/100
|turn|1
|j| hongyi233
|
|t:|1780977800
|move|p2a: Adder|Protect|p2a: Adder
|-singleturn|p2a: Adder|Protect
|move|p1a: Iron Treads|Knock Off|p2a: Adder
|-activate|p2a: Adder|move: Protect
|
|-status|p2a: Adder|tox|[from] item: Toxic Orb
|upkeep
|turn|2
|
|t:|1780977808
|-terastallize|p2a: Adder|Ghost
|move|p1a: Iron Treads|Stealth Rock|p2a: Adder
|-sidestart|p2: llachiee|move: Stealth Rock
|move|p2a: Adder|Knock Off|p1a: Iron Treads
|-damage|p1a: Iron Treads|83/100
|-enditem|p1a: Iron Treads|Clear Amulet|[from] move: Knock Off|[of] p2a: Adder
|
|upkeep
|turn|3
|
|t:|1780977815
|move|p1a: Iron Treads|Earthquake|p2a: Adder
|-damage|p2a: Adder|75/100 tox
|move|p2a: Adder|Spikes|p1a: Iron Treads
|-sidestart|p1: Mr Tpen|Spikes
|
|-heal|p2a: Adder|87/100 tox|[from] ability: Poison Heal
|upkeep
|turn|4
|
|t:|1780977820
|move|p1a: Iron Treads|Knock Off|p2a: Adder
|-supereffective|p2a: Adder
|-damage|p2a: Adder|55/100 tox
|-enditem|p2a: Adder|Toxic Orb|[from] move: Knock Off|[of] p1a: Iron Treads
|move|p2a: Adder|Spikes|p1a: Iron Treads
|-sidestart|p1: Mr Tpen|Spikes
|
|-heal|p2a: Adder|68/100 tox|[from] ability: Poison Heal
|upkeep
|turn|5
|
|t:|1780977823
|-end|p1a: Iron Treads|Quark Drive|[silent]
|switch|p1a: Samurott|Samurott-Hisui, F|100/100
|-damage|p1a: Samurott|84/100|[from] Spikes
|move|p2a: Adder|Protect||[still]
|-fail|p2a: Adder
|
|-heal|p2a: Adder|80/100 tox|[from] ability: Poison Heal
|upkeep
|turn|6
|
|t:|1780977826
|move|p2a: Adder|Protect|p2a: Adder
|-singleturn|p2a: Adder|Protect
|move|p1a: Samurott|Ceaseless Edge|p2a: Adder
|-activate|p2a: Adder|move: Protect
|
|-heal|p2a: Adder|93/100 tox|[from] ability: Poison Heal
|upkeep
|turn|7
|
|t:|1780977833
|switch|p2a: Nell|Clefable, F|100/100
|move|p1a: Samurott|Ceaseless Edge|p2a: Nell
|-resisted|p2a: Nell
|-damage|p2a: Nell|85/100
|-sidestart|p2: llachiee|Spikes
|
|upkeep
|turn|8
|
|t:|1780977837
|switch|p1a: Iron Treads|Iron Treads|83/100
|-damage|p1a: Iron Treads|66/100|[from] Spikes
|move|p2a: Nell|Moonblast|p1a: Iron Treads
|-resisted|p1a: Iron Treads
|-damage|p1a: Iron Treads|48/100
|-unboost|p1a: Iron Treads|spa|1
|
|upkeep
|turn|9
|j| GhastlyPixie
|
|t:|1780977844
|move|p1a: Iron Treads|Knock Off|p2a: Nell
|-resisted|p2a: Nell
|-damage|p2a: Nell|75/100
|move|p2a: Nell|Stealth Rock|p1a: Iron Treads
|-sidestart|p1: Mr Tpen|move: Stealth Rock
|
|-damage|p1a: Iron Treads|36/100|[from] item: Sticky Barb
|upkeep
|turn|10
|
|t:|1780977849
|switch|p2a: Adder|Gliscor, F, tera:Ghost|93/100 tox
|-damage|p2a: Adder|80/100 tox|[from] Stealth Rock
|-damage|p2a: Adder|68/100 tox|[from] Spikes
|move|p1a: Iron Treads|Earthquake|p2a: Adder
|-damage|p2a: Adder|41/100 tox
|
|-heal|p2a: Adder|54/100 tox|[from] ability: Poison Heal
|-damage|p1a: Iron Treads|23/100|[from] item: Sticky Barb
|upkeep
|turn|11
|
|t:|1780977858
|move|p1a: Iron Treads|Earthquake|p2a: Adder
|-damage|p2a: Adder|29/100 tox
|move|p2a: Adder|Spikes|p1a: Iron Treads
|-sidestart|p1: Mr Tpen|Spikes
|
|-heal|p2a: Adder|42/100 tox|[from] ability: Poison Heal
|-damage|p1a: Iron Treads|11/100|[from] item: Sticky Barb
|upkeep
|turn|12
|
|t:|1780977865
|move|p2a: Adder|Protect|p2a: Adder
|-singleturn|p2a: Adder|Protect
|move|p1a: Iron Treads|Earthquake|p2a: Adder
|-activate|p2a: Adder|move: Protect
|
|-heal|p2a: Adder|54/100 tox|[from] ability: Poison Heal
|-damage|p1a: Iron Treads|0 fnt|[from] item: Sticky Barb
|faint|p1a: Iron Treads
|-end|p1a: Iron Treads|Quark Drive|[silent]
|upkeep
|j| Crit N I Quit
|
|t:|1780977869
|switch|p1a: Samurott|Samurott-Hisui, F|84/100
|-damage|p1a: Samurott|59/100|[from] Spikes
|-damage|p1a: Samurott|47/100|[from] Stealth Rock
|turn|13
|
|t:|1780977873
|switch|p2a: Nell|Clefable, F|75/100
|move|p1a: Samurott|Ceaseless Edge|p2a: Nell
|-resisted|p2a: Nell
|-crit|p2a: Nell
|-damage|p2a: Nell|51/100
|-sidestart|p2: llachiee|Spikes
|
|upkeep
|turn|14
|
|t:|1780977878
|move|p1a: Samurott|Ceaseless Edge|p2a: Nell
|-resisted|p2a: Nell
|-damage|p2a: Nell|35/100
|-sidestart|p2: llachiee|Spikes
|move|p2a: Nell|Moonlight|p2a: Nell
|-heal|p2a: Nell|85/100
|
|upkeep
|turn|15
|
|t:|1780977884
|move|p1a: Samurott|Ceaseless Edge|p2a: Nell
|-resisted|p2a: Nell
|-damage|p2a: Nell|69/100
|move|p2a: Nell|Moonblast|p1a: Samurott
|-supereffective|p1a: Samurott
|-damage|p1a: Samurott|0 fnt
|faint|p1a: Samurott
|
|upkeep
|
|t:|1780977888
|switch|p1a: Gholdengo|Gholdengo|100/100
|-damage|p1a: Gholdengo|94/100|[from] Stealth Rock
|-item|p1a: Gholdengo|Air Balloon
|turn|16
|
|t:|1780977900
|switch|p2a: Flesh Tutu|Blissey, F|100/100
|move|p1a: Gholdengo|Nasty Plot|p1a: Gholdengo
|-boost|p1a: Gholdengo|spa|2
|
|upkeep
|turn|17
|
|t:|1780977902
|move|p1a: Gholdengo|Nasty Plot|p1a: Gholdengo
|-boost|p1a: Gholdengo|spa|2
|move|p2a: Flesh Tutu|Calm Mind|p2a: Flesh Tutu
|-boost|p2a: Flesh Tutu|spa|1
|-boost|p2a: Flesh Tutu|spd|1
|
|upkeep
|turn|18
|
|t:|1780977905
|move|p1a: Gholdengo|Nasty Plot|p1a: Gholdengo
|-boost|p1a: Gholdengo|spa|2
|move|p2a: Flesh Tutu|Calm Mind|p2a: Flesh Tutu
|-boost|p2a: Flesh Tutu|spa|1
|-boost|p2a: Flesh Tutu|spd|1
|
|upkeep
|turn|19
|
|t:|1780977907
|move|p1a: Gholdengo|Make It Rain|p2a: Flesh Tutu
|-damage|p2a: Flesh Tutu|62/100
|-unboost|p1a: Gholdengo|spa|1
|move|p2a: Flesh Tutu|Shadow Ball|p1a: Gholdengo
|-supereffective|p1a: Gholdengo
|-damage|p1a: Gholdengo|31/100
|-enditem|p1a: Gholdengo|Air Balloon
|
|upkeep
|turn|20
|
|t:|1780977914
|move|p1a: Gholdengo|Make It Rain|p2a: Flesh Tutu
|-damage|p2a: Flesh Tutu|28/100
|-unboost|p1a: Gholdengo|spa|1
|move|p2a: Flesh Tutu|Soft-Boiled|p2a: Flesh Tutu
|-heal|p2a: Flesh Tutu|78/100
|
|upkeep
|turn|21
|
|t:|1780977920
|move|p1a: Gholdengo|Make It Rain|p2a: Flesh Tutu
|-damage|p2a: Flesh Tutu|47/100
|-unboost|p1a: Gholdengo|spa|1
|move|p2a: Flesh Tutu|Shadow Ball|p1a: Gholdengo
|-supereffective|p1a: Gholdengo
|-damage|p1a: Gholdengo|0 fnt
|faint|p1a: Gholdengo
|
|upkeep
|
|t:|1780977922
|switch|p1a: Zamazenta|Zamazenta|100/100
|-damage|p1a: Zamazenta|76/100|[from] Spikes
|-damage|p1a: Zamazenta|69/100|[from] Stealth Rock
|-ability|p1a: Zamazenta|Dauntless Shield|boost
|-boost|p1a: Zamazenta|def|1
|turn|22
|
|t:|1780977928
|switch|p2a: Lash|Toxapex, F, shiny|100/100
|move|p1a: Zamazenta|Close Combat|p2a: Lash
|-resisted|p2a: Lash
|-damage|p2a: Lash|76/100
|-unboost|p1a: Zamazenta|def|1
|-unboost|p1a: Zamazenta|spd|1
|
|upkeep
|turn|23
|
|t:|1780977930
|switch|p1a: Garganacl|Garganacl, M|100/100
|-damage|p1a: Garganacl|75/100|[from] Spikes
|-damage|p1a: Garganacl|63/100|[from] Stealth Rock
|move|p2a: Lash|Toxic|p1a: Garganacl
|-immune|p1a: Garganacl|[from] ability: Purifying Salt
|
|-heal|p1a: Garganacl|69/100|[from] item: Leftovers
|upkeep
|turn|24
|
|t:|1780977933
|switch|p2a: Nell|Clefable, F|69/100
|move|p1a: Garganacl|Curse|p1a: Garganacl
|-unboost|p1a: Garganacl|spe|1
|-boost|p1a: Garganacl|atk|1
|-boost|p1a: Garganacl|def|1
|
|-heal|p1a: Garganacl|75/100|[from] item: Leftovers
|upkeep
|turn|25
|
|t:|1780977937
|move|p2a: Nell|Trick|p1a: Garganacl
|-activate|p2a: Nell|move: Trick|[of] p1a: Garganacl
|-enditem|p1a: Garganacl|Leftovers|[silent]|[from] move: Trick
|-item|p2a: Nell|Leftovers|[from] move: Trick
|move|p1a: Garganacl|Curse|p1a: Garganacl
|-unboost|p1a: Garganacl|spe|1
|-boost|p1a: Garganacl|atk|1
|-boost|p1a: Garganacl|def|1
|
|-heal|p2a: Nell|75/100|[from] item: Leftovers
|upkeep
|turn|26
|
|t:|1780977942
|move|p2a: Nell|Moonblast|p1a: Garganacl
|-damage|p1a: Garganacl|57/100
|-unboost|p1a: Garganacl|spa|1
|move|p1a: Garganacl|Curse|p1a: Garganacl
|-unboost|p1a: Garganacl|spe|1
|-boost|p1a: Garganacl|atk|1
|-boost|p1a: Garganacl|def|1
|
|-heal|p2a: Nell|81/100|[from] item: Leftovers
|upkeep
|turn|27
|
|t:|1780977946
|move|p2a: Nell|Moonblast|p1a: Garganacl
|-damage|p1a: Garganacl|37/100
|move|p1a: Garganacl|Curse|p1a: Garganacl
|-unboost|p1a: Garganacl|spe|1
|-boost|p1a: Garganacl|atk|1
|-boost|p1a: Garganacl|def|1
|
|-heal|p2a: Nell|87/100|[from] item: Leftovers
|upkeep
|turn|28
|
|t:|1780977949
|move|p2a: Nell|Moonblast|p1a: Garganacl
|-damage|p1a: Garganacl|17/100
|move|p1a: Garganacl|Recover|p1a: Garganacl
|-heal|p1a: Garganacl|67/100
|
|-heal|p2a: Nell|93/100|[from] item: Leftovers
|upkeep
|turn|29
|
|t:|1780977951
|move|p2a: Nell|Moonblast|p1a: Garganacl
|-damage|p1a: Garganacl|47/100
|move|p1a: Garganacl|Recover|p1a: Garganacl
|-heal|p1a: Garganacl|97/100
|
|-heal|p2a: Nell|99/100|[from] item: Leftovers
|upkeep
|turn|30
|
|t:|1780977953
|move|p2a: Nell|Moonblast|p1a: Garganacl
|-damage|p1a: Garganacl|78/100
|move|p1a: Garganacl|Curse|p1a: Garganacl
|-unboost|p1a: Garganacl|spe|1
|-boost|p1a: Garganacl|atk|1
|-boost|p1a: Garganacl|def|1
|
|-heal|p2a: Nell|100/100|[from] item: Leftovers
|upkeep
|turn|31
|
|t:|1780977956
|move|p2a: Nell|Moonblast|p1a: Garganacl
|-damage|p1a: Garganacl|57/100
|move|p1a: Garganacl|Curse|p1a: Garganacl
|-unboost|p1a: Garganacl|spe|1
|-boost|p1a: Garganacl|atk|1
|-boost|p1a: Garganacl|def|1
|
|upkeep
|turn|32
|
|t:|1780977959
|move|p2a: Nell|Moonblast|p1a: Garganacl
|-damage|p1a: Garganacl|38/100
|move|p1a: Garganacl|Recover|p1a: Garganacl
|-heal|p1a: Garganacl|88/100
|
|upkeep
|turn|33
|
|t:|1780977961
|move|p2a: Nell|Moonblast|p1a: Garganacl
|-damage|p1a: Garganacl|69/100
|move|p1a: Garganacl|Ice Punch|p2a: Nell
|-damage|p2a: Nell|52/100
|
|-heal|p2a: Nell|58/100|[from] item: Leftovers
|upkeep
|turn|34
|
|t:|1780977965
|move|p2a: Nell|Moonblast|p1a: Garganacl
|-damage|p1a: Garganacl|50/100
|-unboost|p1a: Garganacl|spa|1
|move|p1a: Garganacl|Ice Punch|p2a: Nell
|-damage|p2a: Nell|6/100
|
|-heal|p2a: Nell|12/100|[from] item: Leftovers
|upkeep
|turn|35
|
|t:|1780977968
|move|p2a: Nell|Moonlight|p2a: Nell
|-heal|p2a: Nell|62/100
|move|p1a: Garganacl|Ice Punch|p2a: Nell
|-crit|p2a: Nell
|-damage|p2a: Nell|0 fnt
|faint|p2a: Nell
|
|upkeep
|
|t:|1780977972
|switch|p2a: Lash|Toxapex, F, shiny|100/100
|turn|36
|
|t:|1780977975
|move|p2a: Lash|Haze|p2a: Lash
|-clearallboost
|move|p1a: Garganacl|Recover|p1a: Garganacl
|-heal|p1a: Garganacl|99/100
|
|upkeep
|turn|37
|
|t:|1780977977
|switch|p2a: Sturm|Corviknight, F, shiny|100/100
|-damage|p2a: Sturm|88/100|[from] Stealth Rock
|-ability|p2a: Sturm|Pressure
|move|p1a: Garganacl|Salt Cure|p2a: Sturm
|-damage|p2a: Sturm|77/100
|-start|p2a: Sturm|Salt Cure
|
|-heal|p2a: Sturm|83/100|[from] item: Leftovers
|-damage|p2a: Sturm|58/100|[from] Salt Cure
|upkeep
|turn|38
|
|t:|1780977989
|move|p2a: Sturm|Roost|p2a: Sturm
|-heal|p2a: Sturm|100/100
|-singleturn|p2a: Sturm|move: Roost
|move|p1a: Garganacl|Curse|p1a: Garganacl
|-unboost|p1a: Garganacl|spe|1
|-boost|p1a: Garganacl|atk|1
|-boost|p1a: Garganacl|def|1
|
|-damage|p2a: Sturm|76/100|[from] Salt Cure
|upkeep
|turn|39
|
|t:|1780977992
|switch|p2a: Lash|Toxapex, F, shiny|100/100
|move|p1a: Garganacl|Curse|p1a: Garganacl
|-unboost|p1a: Garganacl|spe|1
|-boost|p1a: Garganacl|atk|1
|-boost|p1a: Garganacl|def|1
|
|upkeep
|turn|40
|
|t:|1780977994
|move|p2a: Lash|Haze|p2a: Lash
|-clearallboost
|move|p1a: Garganacl|Salt Cure|p2a: Lash
|-damage|p2a: Lash|90/100
|-start|p2a: Lash|Salt Cure
|
|-damage|p2a: Lash|66/100|[from] Salt Cure
|upkeep
|turn|41
|
|t:|1780977997
|switch|p2a: Sturm|Corviknight, F, shiny|76/100
|-damage|p2a: Sturm|63/100|[from] Stealth Rock
|-ability|p2a: Sturm|Pressure
|move|p1a: Garganacl|Curse|p1a: Garganacl
|-unboost|p1a: Garganacl|spe|1
|-boost|p1a: Garganacl|atk|1
|-boost|p1a: Garganacl|def|1
|
|-heal|p2a: Sturm|69/100|[from] item: Leftovers
|upkeep
|turn|42
|
|t:|1780978001
|move|p2a: Sturm|Substitute|p2a: Sturm
|-start|p2a: Sturm|Substitute
|-damage|p2a: Sturm|45/100
|move|p1a: Garganacl|Salt Cure|p2a: Sturm
|-activate|p2a: Sturm|move: Substitute|[damage]
|
|-heal|p2a: Sturm|51/100|[from] item: Leftovers
|upkeep
|turn|43
|
|t:|1780978010
|move|p2a: Sturm|Roost|p2a: Sturm
|-heal|p2a: Sturm|100/100
|-singleturn|p2a: Sturm|move: Roost
|move|p1a: Garganacl|Curse|p1a: Garganacl
|-unboost|p1a: Garganacl|spe|1
|-boost|p1a: Garganacl|atk|1
|-boost|p1a: Garganacl|def|1
|
|upkeep
|turn|44
|
|t:|1780978014
|move|p2a: Sturm|Spite|p1a: Garganacl
|-activate|p1a: Garganacl|move: Spite|Curse|4
|move|p1a: Garganacl|Ice Punch|p2a: Sturm
|-end|p2a: Sturm|Substitute
|
|upkeep
|turn|45
|j| wuxinshushu1
|
|t:|1780978020
|move|p2a: Sturm|Substitute|p2a: Sturm
|-start|p2a: Sturm|Substitute
|-damage|p2a: Sturm|76/100
|move|p1a: Garganacl|Salt Cure|p2a: Sturm
|-end|p2a: Sturm|Substitute
|
|-heal|p2a: Sturm|82/100|[from] item: Leftovers
|upkeep
|turn|46
|
|t:|1780978029
|switch|p1a: Moltres|Moltres|100/100
|move|p2a: Sturm|Protect||[still]
|-fail|p2a: Sturm
|
|-heal|p2a: Sturm|88/100|[from] item: Leftovers
|upkeep
|turn|47
|
|t:|1780978034
|switch|p2a: Lash|Toxapex, F, shiny|99/100
|move|p1a: Moltres|Roar|p2a: Lash
|drag|p2a: Flesh Tutu|Blissey, F|47/100
|
|upkeep
|turn|48
|
|t:|1780978037
|move|p1a: Moltres|U-turn|p2a: Flesh Tutu
|-damage|p2a: Flesh Tutu|31/100
|
|t:|1780978039
|switch|p1a: Garganacl|Garganacl, M|99/100|[from] U-turn
|-damage|p1a: Garganacl|75/100|[from] Spikes
|-damage|p1a: Garganacl|62/100|[from] Stealth Rock
|move|p2a: Flesh Tutu|Soft-Boiled|p2a: Flesh Tutu
|-heal|p2a: Flesh Tutu|81/100
|
|upkeep
|turn|49
|
|t:|1780978045
|move|p2a: Flesh Tutu|Seismic Toss|p1a: Garganacl
|-damage|p1a: Garganacl|38/100
|move|p1a: Garganacl|Recover|p1a: Garganacl
|-heal|p1a: Garganacl|88/100
|
|upkeep
|turn|50
|
|t:|1780978048
|move|p2a: Flesh Tutu|Seismic Toss|p1a: Garganacl
|-damage|p1a: Garganacl|63/100
|move|p1a: Garganacl|Salt Cure|p2a: Flesh Tutu
|-damage|p2a: Flesh Tutu|66/100
|-start|p2a: Flesh Tutu|Salt Cure
|
|-damage|p2a: Flesh Tutu|54/100|[from] Salt Cure
|upkeep
|turn|51
|
|t:|1780978053
|move|p2a: Flesh Tutu|Soft-Boiled|p2a: Flesh Tutu
|-heal|p2a: Flesh Tutu|100/100
|move|p1a: Garganacl|Recover|p1a: Garganacl
|-heal|p1a: Garganacl|100/100
|
|-damage|p2a: Flesh Tutu|88/100|[from] Salt Cure
|upkeep
|turn|52
|
|t:|1780978061
|switch|p2a: Sturm|Corviknight, F, shiny|88/100
|-damage|p2a: Sturm|75/100|[from] Stealth Rock
|-ability|p2a: Sturm|Pressure
|move|p1a: Garganacl|Curse|p1a: Garganacl
|-unboost|p1a: Garganacl|spe|1
|-boost|p1a: Garganacl|atk|1
|-boost|p1a: Garganacl|def|1
|
|-heal|p2a: Sturm|81/100|[from] item: Leftovers
|upkeep
|turn|53
|
|t:|1780978070
|move|p2a: Sturm|Substitute|p2a: Sturm
|-start|p2a: Sturm|Substitute
|-damage|p2a: Sturm|57/100
|move|p1a: Garganacl|Curse|p1a: Garganacl
|-unboost|p1a: Garganacl|spe|1
|-boost|p1a: Garganacl|atk|1
|-boost|p1a: Garganacl|def|1
|
|-heal|p2a: Sturm|63/100|[from] item: Leftovers
|upkeep
|turn|54
|
|t:|1780978074
|move|p2a: Sturm|Protect|p2a: Sturm
|-singleturn|p2a: Sturm|Protect
|move|p1a: Garganacl|Ice Punch|p2a: Sturm
|-activate|p2a: Sturm|move: Protect
|
|-heal|p2a: Sturm|69/100|[from] item: Leftovers
|upkeep
|turn|55
|
|t:|1780978079
|move|p2a: Sturm|Spite|p1a: Garganacl
|-activate|p1a: Garganacl|move: Spite|Ice Punch|4
|move|p1a: Garganacl|Ice Punch|p2a: Sturm
|-end|p2a: Sturm|Substitute
|
|-heal|p2a: Sturm|75/100|[from] item: Leftovers
|upkeep
|turn|56
|-message|Mr Tpen forfeited.
|
|win|llachiee
|raw|Mr Tpen's rating: 1629 &rarr; <strong>1612</strong><br />(-17 for losing)
|raw|llachiee's rating: 1683 &rarr; <strong>1700</strong><br />(+17 for winning)
|l|☆Mr Tpen
|player|p1|
|l| GhastlyPixie
|l|☆llachiee
|player|p2|
|l| Crit N I Quit
|l| hongyi233
