|j|☆Rj yoip
|j|☆extra-pseudo man
|t:|1781125079
|gametype|singles
|player|p1|Rj yoip|caitlin-masters|1669
|player|p2|extra-pseudo man|266|1640
|gen|9
|tier|[Gen 9] OU
|rated|
|rule|HP Percentage Mod: HP is shown in percentages
|rule|Endless Battle Clause: Forcing endless battles is banned
|rule|Species Clause: Limit one of each Pokémon
|rule|OHKO Clause: OHKO moves are banned
|rule|Evasion Items Clause: Evasion items are banned
|rule|Evasion Moves Clause: Evasion moves are banned
|rule|Evasion Abilities Clause: Evasion abilities are banned
|rule|Sleep Moves Clause: Sleep-inducing moves are banned
|clearpoke
|poke|p1|Tyranitar, M|
|poke|p1|Hydrapple, M|
|poke|p1|Enamorus, F|
|poke|p1|Garganacl, F|
|poke|p1|Excadrill, M|
|poke|p1|Alomomola, F|
|poke|p2|Dragonite, F|
|poke|p2|Dragapult, M|
|poke|p2|Tyranitar, M|
|poke|p2|Metagross|
|poke|p2|Goodra-Hisui, F|
|poke|p2|Garchomp, M|
|teampreview
|
|t:|1781125114
|teamsize|p1|6
|teamsize|p2|6
|start
|switch|p1a: Garganacl|Garganacl, F|100/100
|switch|p2a: He pulten on it|Dragapult, M|100/100
|turn|1
|inactive|Battle timer is ON: inactive players will automatically lose when time's up. (requested by Rj yoip)
|
|t:|1781125128
|move|p2a: He pulten on it|Draco Meteor|p1a: Garganacl|[miss]
|-miss|p2a: He pulten on it|p1a: Garganacl
|move|p1a: Garganacl|Salt Cure|p2a: He pulten on it
|-crit|p2a: He pulten on it
|-damage|p2a: He pulten on it|71/100
|-start|p2a: He pulten on it|Salt Cure
|
|-damage|p2a: He pulten on it|59/100|[from] Salt Cure
|upkeep
|turn|2
|
|t:|1781125137
|switch|p2a: The goot|Goodra-Hisui, F|100/100
|move|p1a: Garganacl|Salt Cure|p2a: The goot
|-resisted|p2a: The goot
|-damage|p2a: The goot|92/100
|-start|p2a: The goot|Salt Cure
|
|-damage|p2a: The goot|68/100|[from] Salt Cure
|upkeep
|turn|3
|
|t:|1781125139
|move|p2a: The goot|Flash Cannon|p1a: Garganacl
|-supereffective|p1a: Garganacl
|-damage|p1a: Garganacl|24/100
|-unboost|p1a: Garganacl|spd|1
|move|p1a: Garganacl|Stealth Rock|p2a: The goot
|-sidestart|p2: extra-pseudo man|move: Stealth Rock
|
|-heal|p1a: Garganacl|30/100|[from] item: Leftovers
|-damage|p2a: The goot|43/100|[from] Salt Cure
|upkeep
|turn|4
|
|t:|1781125142
|move|p2a: The goot|Flash Cannon|p1a: Garganacl
|-supereffective|p1a: Garganacl
|-damage|p1a: Garganacl|0 fnt
|faint|p1a: Garganacl
|
|-damage|p2a: The goot|18/100|[from] Salt Cure
|upkeep
|
|t:|1781125144
|switch|p1a: Excadrill|Excadrill, M|100/100
|turn|5
|
|t:|1781125148
|switch|p2a: Marill me|Garchomp, M|100/100
|-damage|p2a: Marill me|94/100|[from] Stealth Rock
|move|p1a: Excadrill|Substitute|p1a: Excadrill
|-start|p1a: Excadrill|Substitute
|-damage|p1a: Excadrill|76/100
|
|-heal|p1a: Excadrill|82/100|[from] item: Leftovers
|upkeep
|turn|6
|
|t:|1781125150
|move|p1a: Excadrill|Earthquake|p2a: Marill me
|-damage|p2a: Marill me|60/100
|move|p2a: Marill me|Earthquake|p1a: Excadrill
|-supereffective|p1a: Excadrill
|-end|p1a: Excadrill|Substitute
|
|-heal|p1a: Excadrill|88/100|[from] item: Leftovers
|upkeep
|turn|7
|
|t:|1781125154
|switch|p1a: Enamorus|Enamorus, F|100/100
|move|p2a: Marill me|Spikes|p1a: Enamorus
|-sidestart|p1: Rj yoip|Spikes
|
|upkeep
|turn|8
|
|t:|1781125157
|switch|p2a: Tyranocif|Tyranitar, M|100/100
|-damage|p2a: Tyranocif|88/100|[from] Stealth Rock
|-weather|Sandstorm|[from] ability: Sand Stream|[of] p2a: Tyranocif
|move|p1a: Enamorus|Moonblast|p2a: Tyranocif
|-supereffective|p2a: Tyranocif
|-damage|p2a: Tyranocif|40/100
|
|-weather|Sandstorm|[upkeep]
|-damage|p1a: Enamorus|94/100|[from] Sandstorm
|-heal|p2a: Tyranocif|46/100|[from] item: Leftovers
|upkeep
|turn|9
|
|t:|1781125164
|switch|p2a: kaboom|Metagross|100/100
|-damage|p2a: kaboom|95/100|[from] Stealth Rock
|move|p1a: Enamorus|Moonblast|p2a: kaboom
|-resisted|p2a: kaboom
|-damage|p2a: kaboom|60/100
|
|-weather|Sandstorm|[upkeep]
|-damage|p1a: Enamorus|88/100|[from] Sandstorm
|upkeep
|turn|10
|
|t:|1781125172
|switch|p1a: Excadrill|Excadrill, M|88/100
|-damage|p1a: Excadrill|75/100|[from] Spikes
|move|p2a: kaboom|Knock Off|p1a: Excadrill
|-damage|p1a: Excadrill|0 fnt
|-enditem|p1a: Excadrill|Leftovers|[from] move: Knock Off|[of] p2a: kaboom
|faint|p1a: Excadrill
|
|-weather|Sandstorm|[upkeep]
|upkeep
|
|t:|1781125177
|switch|p1a: Tyranitar|Tyranitar, M|100/100
|-damage|p1a: Tyranitar|88/100|[from] Spikes
|turn|11
|
|t:|1781125193
|switch|p2a: Marill me|Garchomp, M|60/100
|-damage|p2a: Marill me|54/100|[from] Stealth Rock
|move|p1a: Tyranitar|Knock Off|p2a: Marill me
|-damage|p2a: Marill me|0 fnt
|-damage|p1a: Tyranitar|76/100|[from] ability: Rough Skin|[of] p2a: Marill me
|-damage|p1a: Tyranitar|59/100|[from] item: Rocky Helmet|[of] p2a: Marill me
|-enditem|p2a: Marill me|Rocky Helmet|[from] move: Knock Off|[of] p1a: Tyranitar
|faint|p2a: Marill me
|
|-weather|Sandstorm|[upkeep]
|upkeep
|
|t:|1781125200
|switch|p2a: kaboom|Metagross|60/100
|-damage|p2a: kaboom|54/100|[from] Stealth Rock
|turn|12
|
|t:|1781125211
|switch|p1a: Alomomola|Alomomola, F|100/100
|-damage|p1a: Alomomola|88/100|[from] Spikes
|move|p2a: kaboom|Heavy Slam|p1a: Alomomola
|-resisted|p1a: Alomomola
|-damage|p1a: Alomomola|53/100
|
|-weather|none
|upkeep
|turn|13
|
|t:|1781125214
|move|p2a: kaboom|Heavy Slam|p1a: Alomomola
|-resisted|p1a: Alomomola
|-damage|p1a: Alomomola|17/100
|move|p1a: Alomomola|Flip Turn|p2a: kaboom
|-crit|p2a: kaboom
|-damage|p2a: kaboom|33/100
|
|t:|1781125237
|switch|p1a: Hydrapple|Hydrapple, M|100/100|[from] Flip Turn
|-damage|p1a: Hydrapple|88/100|[from] Spikes
|
|upkeep
|turn|14
|
|t:|1781125261
|switch|p2a: Tyranocif|Tyranitar, M|46/100
|-damage|p2a: Tyranocif|34/100|[from] Stealth Rock
|-weather|Sandstorm|[from] ability: Sand Stream|[of] p2a: Tyranocif
|move|p1a: Hydrapple|Earth Power|p2a: Tyranocif
|-supereffective|p2a: Tyranocif
|-damage|p2a: Tyranocif|14/100
|
|-weather|Sandstorm|[upkeep]
|-damage|p1a: Hydrapple|82/100|[from] Sandstorm
|-heal|p2a: Tyranocif|20/100|[from] item: Leftovers
|upkeep
|turn|15
|
|t:|1781125279
|move|p2a: Tyranocif|Ice Beam|p1a: Hydrapple
|-supereffective|p1a: Hydrapple
|-damage|p1a: Hydrapple|0 fnt
|faint|p1a: Hydrapple
|
|-weather|Sandstorm|[upkeep]
|-heal|p2a: Tyranocif|26/100|[from] item: Leftovers
|upkeep
|
|t:|1781125282
|switch|p1a: Enamorus|Enamorus, F|88/100
|turn|16
|
|t:|1781125287
|move|p1a: Enamorus|Moonblast|p2a: Tyranocif
|-supereffective|p2a: Tyranocif
|-damage|p2a: Tyranocif|0 fnt
|faint|p2a: Tyranocif
|
|-weather|Sandstorm|[upkeep]
|-damage|p1a: Enamorus|82/100|[from] Sandstorm
|upkeep
|
|t:|1781125289
|switch|p2a: kaboom|Metagross|33/100
|-damage|p2a: kaboom|27/100|[from] Stealth Rock
|turn|17
|
|t:|1781125301
|move|p2a: kaboom|Bullet Punch|p1a: Enamorus
|-supereffective|p1a: Enamorus
|-damage|p1a: Enamorus|0 fnt
|faint|p1a: Enamorus
|
|-weather|Sandstorm|[upkeep]
|upkeep
|
|t:|1781125304
|switch|p1a: Alomomola|Alomomola, F|50/100
|-damage|p1a: Alomomola|38/100|[from] Spikes
|turn|18
|c|☆Rj yoip|Man I threw so hard
|
|t:|1781125312
|switch|p2a: The goot|Goodra-Hisui, F|18/100
|-damage|p2a: The goot|12/100|[from] Stealth Rock
|move|p1a: Alomomola|Flip Turn|p2a: The goot
|-resisted|p2a: The goot
|-damage|p2a: The goot|3/100
|-ability|p2a: The goot|Gooey
|-unboost|p1a: Alomomola|spe|1
|c|☆Rj yoip|fuck me
|
|t:|1781125316
|switch|p1a: Tyranitar|Tyranitar, M|59/100|[from] Flip Turn
|-damage|p1a: Tyranitar|47/100|[from] Spikes
|
|-weather|none
|upkeep
|turn|19
|
|t:|1781125319
|move|p1a: Tyranitar|Knock Off|p2a: The goot
|-damage|p2a: The goot|0 fnt
|-ability|p2a: The goot|Gooey
|-unboost|p1a: Tyranitar|spe|1
|-enditem|p2a: The goot|Choice Specs|[from] move: Knock Off|[of] p1a: Tyranitar
|faint|p2a: The goot
|
|upkeep
|
|t:|1781125322
|switch|p2a: kaboom|Metagross|27/100
|-damage|p2a: kaboom|21/100|[from] Stealth Rock
|turn|20
|
|t:|1781125325
|switch|p1a: Alomomola|Alomomola, F|71/100
|-damage|p1a: Alomomola|58/100|[from] Spikes
|move|p2a: kaboom|Heavy Slam|p1a: Alomomola
|-resisted|p1a: Alomomola
|-damage|p1a: Alomomola|21/100
|
|upkeep
|turn|21
|
|t:|1781125327
|move|p2a: kaboom|Heavy Slam|p1a: Alomomola
|-resisted|p1a: Alomomola
|-damage|p1a: Alomomola|0 fnt
|faint|p1a: Alomomola
|
|upkeep
|
|t:|1781125328
|switch|p1a: Tyranitar|Tyranitar, M|47/100
|-damage|p1a: Tyranitar|35/100|[from] Spikes
|-weather|Sandstorm|[from] ability: Sand Stream|[of] p1a: Tyranitar
|turn|22
|
|t:|1781125330
|move|p2a: kaboom|Heavy Slam|p1a: Tyranitar
|-supereffective|p1a: Tyranitar
|-damage|p1a: Tyranitar|0 fnt
|faint|p1a: Tyranitar
|
|win|extra-pseudo man
|raw|Rj yoip's rating: 1669 &rarr; <strong>1647</strong><br />(-22 for losing)
|raw|extra-pseudo man's rating: 1640 &rarr; <strong>1662</strong><br />(+22 for winning)
|l|☆Rj yoip
|player|p1|
