|j|☆warning 1313
|j|☆Nxp Nxp
|t:|1780903290
|gametype|singles
|player|p1|warning 1313|guitarist|1574
|player|p2|Nxp Nxp|roxie-masters|1517
|gen|9
|tier|[Gen 9] OU
|rated|
|rule|HP Percentage Mod: HP is shown in percentages
|rule|Endless Battle Clause: Forcing endless battles is banned
|rule|Species Clause: Limit one of each Pokémon
|rule|OHKO Clause: OHKO moves are banned
|rule|Evasion Items Clause: Evasion items are banned
|rule|Evasion Moves Clause: Evasion moves are banned
|rule|Evasion Abilities Clause: Evasion abilities are banned
|rule|Sleep Moves Clause: Sleep-inducing moves are banned
|clearpoke
|poke|p1|Iron Moth|
|poke|p1|Gliscor, M|
|poke|p1|Hatterene, F|
|poke|p1|Ogerpon-Wellspring, F|
|poke|p1|Raging Bolt|
|poke|p1|Zamazenta-*|
|poke|p2|Gholdengo|
|poke|p2|Iron Valiant|
|poke|p2|Ogerpon-Wellspring, F|
|poke|p2|Dragonite, F|
|poke|p2|Great Tusk|
|poke|p2|Deoxys-Speed|
|teampreview
|inactive|Battle timer is ON: inactive players will automatically lose when time's up. (requested by Nxp Nxp)
|
|t:|1780903313
|teamsize|p1|6
|teamsize|p2|6
|start
|switch|p1a: Zamazenta|Zamazenta|100/100
|switch|p2a: Ozempic maxer|Deoxys-Speed|100/100
|-ability|p2a: Ozempic maxer|Pressure
|-ability|p1a: Zamazenta|Dauntless Shield|boost
|-boost|p1a: Zamazenta|def|1
|turn|1
|
|t:|1780903318
|move|p2a: Ozempic maxer|Psycho Boost|p1a: Zamazenta
|-supereffective|p1a: Zamazenta
|-crit|p1a: Zamazenta
|-damage|p1a: Zamazenta|0 fnt
|-unboost|p2a: Ozempic maxer|spa|2
|faint|p1a: Zamazenta
|-enditem|p2a: Ozempic maxer|Eject Pack
|
|t:|1780903328
|switch|p2a: Gholden Ghoose|Gholdengo|100/100
|
|upkeep
|
|t:|1780903332
|switch|p1a: Iron Moth|Iron Moth|100/100
|-enditem|p1a: Iron Moth|Booster Energy
|-activate|p1a: Iron Moth|ability: Quark Drive|[fromitem]
|-start|p1a: Iron Moth|quarkdrivespe
|turn|2
|
|t:|1780903345
|switch|p2a: Dragoon|Dragonite, F|100/100
|move|p1a: Iron Moth|Fiery Dance|p2a: Dragoon
|-resisted|p2a: Dragoon
|-damage|p2a: Dragoon|92/100
|
|upkeep
|turn|3
|
|t:|1780903353
|move|p1a: Iron Moth|Sludge Wave|p2a: Dragoon
|-damage|p2a: Dragoon|52/100
|move|p2a: Dragoon|Earthquake|p1a: Iron Moth
|-supereffective|p1a: Iron Moth
|-damage|p1a: Iron Moth|0 fnt
|faint|p1a: Iron Moth
|-end|p1a: Iron Moth|Quark Drive|[silent]
|
|upkeep
|
|t:|1780903378
|switch|p1a: Ogerpon|Ogerpon-Wellspring, F|100/100
|turn|4
|
|t:|1780903404
|-terastallize|p2a: Dragoon|Normal
|move|p2a: Dragoon|Extreme Speed|p1a: Ogerpon
|-damage|p1a: Ogerpon|36/100
|move|p1a: Ogerpon|Trailblaze|p2a: Dragoon
|-crit|p2a: Dragoon
|-damage|p2a: Dragoon|9/100
|-boost|p1a: Ogerpon|spe|1
|
|upkeep
|turn|5
|
|t:|1780903416
|switch|p1a: Raging Bolt|Raging Bolt|100/100
|-enditem|p1a: Raging Bolt|Booster Energy
|-activate|p1a: Raging Bolt|ability: Protosynthesis|[fromitem]
|-start|p1a: Raging Bolt|protosynthesisspa
|move|p2a: Dragoon|Extreme Speed|p1a: Raging Bolt
|-damage|p1a: Raging Bolt|54/100
|
|upkeep
|turn|6
|
|t:|1780903427
|switch|p2a: Alexander|Great Tusk|100/100
|move|p1a: Raging Bolt|Thunderclap||[still]
|-fail|p1a: Raging Bolt
|
|upkeep
|turn|7
|
|t:|1780903432
|-end|p1a: Raging Bolt|Protosynthesis|[silent]
|switch|p1a: Hatterene|Hatterene, F|100/100
|move|p2a: Alexander|Stealth Rock|p1a: Hatterene
|move|p1a: Hatterene|Stealth Rock|p2a: Alexander|[from] ability: Magic Bounce
|-sidestart|p2: Nxp Nxp|move: Stealth Rock
|
|upkeep
|turn|8
|
|t:|1780903438
|-end|p2a: Alexander|Protosynthesis|[silent]
|switch|p2a: Gholden Ghoose|Gholdengo|100/100
|-damage|p2a: Gholden Ghoose|94/100|[from] Stealth Rock
|move|p1a: Hatterene|Calm Mind|p1a: Hatterene
|-boost|p1a: Hatterene|spa|1
|-boost|p1a: Hatterene|spd|1
|
|upkeep
|turn|9
|
|t:|1780903442
|-terastallize|p1a: Hatterene|Water
|move|p2a: Gholden Ghoose|Trick|p1a: Hatterene
|-activate|p2a: Gholden Ghoose|move: Trick|[of] p1a: Hatterene
|-item|p1a: Hatterene|Choice Scarf|[from] move: Trick
|-item|p2a: Gholden Ghoose|Leftovers|[from] move: Trick
|move|p1a: Hatterene|Calm Mind|p1a: Hatterene
|-boost|p1a: Hatterene|spa|1
|-boost|p1a: Hatterene|spd|1
|
|-heal|p2a: Gholden Ghoose|100/100|[from] item: Leftovers
|upkeep
|turn|10
|
|t:|1780903459
|switch|p2a: Alexander|Great Tusk|100/100
|switch|p1a: Gliscor|Gliscor, M|100/100
|
|-status|p1a: Gliscor|tox|[from] item: Toxic Orb
|upkeep
|turn|11
|
|t:|1780903469
|switch|p1a: Hatterene|Hatterene, F, tera:Water|100/100
|move|p2a: Alexander|Rapid Spin|p1a: Hatterene
|-damage|p1a: Hatterene|89/100
|-boost|p2a: Alexander|spe|1
|-sideend|p2: Nxp Nxp|Stealth Rock|[from] move: Rapid Spin|[of] p2a: Alexander
|
|upkeep
|turn|12
|inactive|Nxp Nxp has 120 seconds left.
|
|t:|1780903502
|-end|p2a: Alexander|Protosynthesis|[silent]
|switch|p2a: Gholden Ghoose|Gholdengo|100/100
|move|p1a: Hatterene|Draining Kiss|p2a: Gholden Ghoose
|-resisted|p2a: Gholden Ghoose
|-crit|p2a: Gholden Ghoose
|-damage|p2a: Gholden Ghoose|79/100
|-heal|p1a: Hatterene|100/100|[from] drain|[of] p2a: Gholden Ghoose
|
|-heal|p2a: Gholden Ghoose|85/100|[from] item: Leftovers
|upkeep
|turn|13
|
|t:|1780903506
|move|p2a: Gholden Ghoose|Shadow Ball|p1a: Hatterene
|-damage|p1a: Hatterene|56/100
|move|p1a: Hatterene|Draining Kiss|p2a: Gholden Ghoose
|-resisted|p2a: Gholden Ghoose
|-damage|p2a: Gholden Ghoose|72/100
|-heal|p1a: Hatterene|65/100|[from] drain|[of] p2a: Gholden Ghoose
|
|-heal|p2a: Gholden Ghoose|78/100|[from] item: Leftovers
|upkeep
|turn|14
|
|t:|1780903512
|move|p2a: Gholden Ghoose|Shadow Ball|p1a: Hatterene
|-damage|p1a: Hatterene|25/100
|move|p1a: Hatterene|Draining Kiss|p2a: Gholden Ghoose
|-resisted|p2a: Gholden Ghoose
|-damage|p2a: Gholden Ghoose|65/100
|-heal|p1a: Hatterene|35/100|[from] drain|[of] p2a: Gholden Ghoose
|
|-heal|p2a: Gholden Ghoose|71/100|[from] item: Leftovers
|upkeep
|turn|15
|
|t:|1780903529
|move|p2a: Gholden Ghoose|Shadow Ball|p1a: Hatterene
|-damage|p1a: Hatterene|0 fnt
|faint|p1a: Hatterene
|
|-heal|p2a: Gholden Ghoose|77/100|[from] item: Leftovers
|upkeep
|
|t:|1780903533
|switch|p1a: Gliscor|Gliscor, M|100/100 tox
|turn|16
|
|t:|1780903546
|switch|p2a: Alexander|Great Tusk|100/100
|move|p1a: Gliscor|Swords Dance|p1a: Gliscor
|-boost|p1a: Gliscor|atk|2
|
|upkeep
|turn|17
|
|t:|1780903551
|move|p2a: Alexander|Ice Spinner|p1a: Gliscor
|-supereffective|p1a: Gliscor
|-damage|p1a: Gliscor|14/100 tox
|move|p1a: Gliscor|Agility|p1a: Gliscor
|-boost|p1a: Gliscor|spe|2
|
|-heal|p1a: Gliscor|27/100 tox|[from] ability: Poison Heal
|upkeep
|turn|18
|
|t:|1780903557
|move|p1a: Gliscor|Earthquake|p2a: Alexander
|-damage|p2a: Alexander|39/100
|move|p2a: Alexander|Ice Spinner|p1a: Gliscor
|-supereffective|p1a: Gliscor
|-damage|p1a: Gliscor|0 fnt
|faint|p1a: Gliscor
|
|upkeep
|
|t:|1780903561
|switch|p1a: Ogerpon|Ogerpon-Wellspring, F|36/100
|turn|19
|
|t:|1780903564
|move|p1a: Ogerpon|Trailblaze|p2a: Alexander
|-supereffective|p2a: Alexander
|-damage|p2a: Alexander|0 fnt
|-boost|p1a: Ogerpon|spe|1
|faint|p2a: Alexander
|-end|p2a: Alexander|Protosynthesis|[silent]
|
|upkeep
|
|t:|1780903568
|switch|p2a: Dragoon|Dragonite, F, tera:Normal|9/100
|turn|20
|
|t:|1780903571
|move|p2a: Dragoon|Extreme Speed|p1a: Ogerpon
|-damage|p1a: Ogerpon|0 fnt
|faint|p1a: Ogerpon
|
|upkeep
|
|t:|1780903572
|switch|p1a: Raging Bolt|Raging Bolt|54/100
|turn|21
|
|t:|1780903587
|move|p2a: Dragoon|Extreme Speed|p1a: Raging Bolt
|-damage|p1a: Raging Bolt|8/100
|move|p1a: Raging Bolt|Thunderbolt|p2a: Dragoon
|-damage|p2a: Dragoon|0 fnt
|faint|p2a: Dragoon
|
|upkeep
|
|t:|1780903591
|switch|p2a: Gholden Ghoose|Gholdengo|77/100
|turn|22
|
|t:|1780903600
|move|p1a: Raging Bolt|Thunderclap|p2a: Gholden Ghoose
|-damage|p2a: Gholden Ghoose|30/100
|move|p2a: Gholden Ghoose|Shadow Ball|p1a: Raging Bolt
|-damage|p1a: Raging Bolt|0 fnt
|faint|p1a: Raging Bolt
|-end|p1a: Raging Bolt|Protosynthesis|[silent]
|
|win|Nxp Nxp
|raw|warning 1313's rating: 1592 &rarr; <strong>1569</strong><br />(-23 for losing)
|raw|Nxp Nxp's rating: 1536 &rarr; <strong>1559</strong><br />(+23 for winning)
|l|☆warning 1313
|player|p1|
|l|☆Nxp Nxp
|player|p2|
