|j|☆yesterdaymister
|j|☆spudcutter
|t:|1781470668
|gametype|singles
|player|p1|yesterdaymister|striker|1778
|player|p2|spudcutter|ghetsis-gen5bw|1711
|gen|9
|tier|[Gen 9] OU
|rated|
|rule|HP Percentage Mod: HP is shown in percentages
|rule|Endless Battle Clause: Forcing endless battles is banned
|rule|Species Clause: Limit one of each Pokémon
|rule|OHKO Clause: OHKO moves are banned
|rule|Evasion Items Clause: Evasion items are banned
|rule|Evasion Moves Clause: Evasion moves are banned
|rule|Evasion Abilities Clause: Evasion abilities are banned
|rule|Sleep Moves Clause: Sleep-inducing moves are banned
|clearpoke
|poke|p1|Ninetales, M|
|poke|p1|Ceruledge, F|
|poke|p1|Venusaur, M|
|poke|p1|Hatterene, F|
|poke|p1|Great Tusk|
|poke|p1|Walking Wake|
|poke|p2|Tyranitar, F|
|poke|p2|Deoxys-Speed|
|poke|p2|Slowking-Galar, M|
|poke|p2|Great Tusk|
|poke|p2|Raging Bolt|
|poke|p2|Dondozo, F|
|teampreview
|inactive|Battle timer is ON: inactive players will automatically lose when time's up. (requested by yesterdaymister)
|inactive|spudcutter also wants the timer to be on.
|inactive|spudcutter has 120 seconds left.
|
|t:|1781470699
|teamsize|p1|6
|teamsize|p2|6
|start
|switch|p1a: mignolet|Great Tusk|100/100
|switch|p2a: Slowking|Slowking-Galar, M|100/100
|turn|1
|inactive|yesterdaymister has 120 seconds left.
|
|t:|1781470730
|switch|p2a: Great Tusk|Great Tusk|100/100
|move|p1a: mignolet|Stealth Rock|p2a: Great Tusk
|-sidestart|p2: spudcutter|move: Stealth Rock
|
|upkeep
|turn|2
|
|t:|1781470740
|move|p1a: mignolet|Ice Spinner|p2a: Great Tusk
|-supereffective|p2a: Great Tusk
|-damage|p2a: Great Tusk|78/100
|move|p2a: Great Tusk|Rapid Spin|p1a: mignolet
|-damage|p1a: mignolet|91/100
|-boost|p2a: Great Tusk|spe|1
|-damage|p2a: Great Tusk|61/100|[from] item: Rocky Helmet|[of] p1a: mignolet
|-sideend|p2: spudcutter|Stealth Rock|[from] move: Rapid Spin|[of] p2a: Great Tusk
|
|-heal|p2a: Great Tusk|68/100|[from] item: Leftovers
|upkeep
|turn|3
|
|t:|1781470746
|-end|p1a: mignolet|Protosynthesis|[silent]
|switch|p1a: maccabi|Hatterene, F|100/100
|move|p2a: Great Tusk|Knock Off|p1a: maccabi
|-damage|p1a: maccabi|76/100
|-enditem|p1a: maccabi|Eject Button|[from] move: Knock Off|[of] p2a: Great Tusk
|
|-heal|p2a: Great Tusk|74/100|[from] item: Leftovers
|upkeep
|turn|4
|
|t:|1781470755
|-end|p2a: Great Tusk|Protosynthesis|[silent]
|switch|p2a: Raging Bolt|Raging Bolt|100/100
|move|p1a: maccabi|Nuzzle|p2a: Raging Bolt
|-resisted|p2a: Raging Bolt
|-damage|p2a: Raging Bolt|99/100
|
|-heal|p2a: Raging Bolt|100/100|[from] item: Leftovers
|upkeep
|turn|5
|
|t:|1781470758
|move|p2a: Raging Bolt|Thunderbolt|p1a: maccabi
|-damage|p1a: maccabi|21/100
|-status|p1a: maccabi|par
|cant|p1a: maccabi|par
|
|upkeep
|turn|6
|
|t:|1781470762
|move|p2a: Raging Bolt|Thunderbolt|p1a: maccabi
|-damage|p1a: maccabi|0 fnt
|faint|p1a: maccabi
|
|upkeep
|
|t:|1781470766
|switch|p1a: mignolet|Great Tusk|91/100
|turn|7
|
|t:|1781470774
|-terastallize|p2a: Raging Bolt|Flying
|move|p1a: mignolet|Headlong Rush|p2a: Raging Bolt
|-immune|p2a: Raging Bolt
|move|p2a: Raging Bolt|Dragon Pulse|p1a: mignolet
|-damage|p1a: mignolet|29/100
|
|upkeep
|turn|8
|
|t:|1781470779
|move|p1a: mignolet|Ice Spinner|p2a: Raging Bolt
|-supereffective|p2a: Raging Bolt
|-damage|p2a: Raging Bolt|62/100
|move|p2a: Raging Bolt|Dragon Pulse|p1a: mignolet
|-damage|p1a: mignolet|0 fnt
|faint|p1a: mignolet
|-end|p1a: mignolet|Protosynthesis|[silent]
|
|-heal|p2a: Raging Bolt|68/100|[from] item: Leftovers
|upkeep
|
|t:|1781470786
|switch|p1a: chama|Walking Wake|100/100
|turn|9
|
|t:|1781470790
|-end|p2a: Raging Bolt|Protosynthesis|[silent]
|switch|p2a: Slowking|Slowking-Galar, M|100/100
|move|p1a: chama|Draco Meteor|p2a: Slowking
|-damage|p2a: Slowking|42/100
|-unboost|p1a: chama|spa|2
|
|upkeep
|turn|10
|
|t:|1781470798
|-end|p1a: chama|Protosynthesis|[silent]
|switch|p1a: arda guler|Ninetales, M|100/100
|-weather|SunnyDay|[from] ability: Drought|[of] p1a: arda guler
|switch|p2a: Tyranitar|Tyranitar, F|100/100
|-weather|Sandstorm|[from] ability: Sand Stream|[of] p2a: Tyranitar
|
|-weather|Sandstorm|[upkeep]
|-damage|p1a: arda guler|94/100|[from] Sandstorm
|upkeep
|turn|11
|j| Criticos
|
|t:|1781470801
|move|p1a: arda guler|Will-O-Wisp|p2a: Tyranitar|[miss]
|-miss|p1a: arda guler|p2a: Tyranitar
|move|p2a: Tyranitar|Knock Off|p1a: arda guler
|-damage|p1a: arda guler|29/100
|-enditem|p1a: arda guler|Heat Rock|[from] move: Knock Off|[of] p2a: Tyranitar
|
|-weather|Sandstorm|[upkeep]
|-damage|p1a: arda guler|23/100|[from] Sandstorm
|upkeep
|turn|12
|
|t:|1781470806
|move|p1a: arda guler|Will-O-Wisp|p2a: Tyranitar
|-status|p2a: Tyranitar|brn
|move|p2a: Tyranitar|Knock Off|p1a: arda guler
|-damage|p1a: arda guler|2/100
|
|-weather|Sandstorm|[upkeep]
|-damage|p1a: arda guler|0 fnt|[from] Sandstorm
|faint|p1a: arda guler
|-damage|p2a: Tyranitar|94/100 brn|[from] brn
|upkeep
|
|t:|1781470812
|switch|p1a: lebron|Ceruledge, F|100/100
|turn|13
|
|t:|1781470816
|-terastallize|p1a: lebron|Fairy
|move|p1a: lebron|Swords Dance|p1a: lebron
|-boost|p1a: lebron|atk|2
|move|p2a: Tyranitar|Knock Off|p1a: lebron
|-resisted|p1a: lebron
|-damage|p1a: lebron|80/100
|-ability|p1a: lebron|Weak Armor|boost
|-unboost|p1a: lebron|def|1
|-boost|p1a: lebron|spe|2
|-enditem|p1a: lebron|Focus Sash|[from] move: Knock Off|[of] p2a: Tyranitar
|
|-weather|Sandstorm|[upkeep]
|-damage|p1a: lebron|74/100|[from] Sandstorm
|-damage|p2a: Tyranitar|88/100 brn|[from] brn
|upkeep
|turn|14
|
|t:|1781470819
|move|p1a: lebron|Swords Dance|p1a: lebron
|-boost|p1a: lebron|atk|2
|move|p2a: Tyranitar|Iron Head|p1a: lebron
|-supereffective|p1a: lebron
|-damage|p1a: lebron|3/100
|-ability|p1a: lebron|Weak Armor|boost
|-unboost|p1a: lebron|def|1
|-boost|p1a: lebron|spe|2
|
|-weather|none
|-damage|p2a: Tyranitar|82/100 brn|[from] brn
|upkeep
|turn|15
|
|t:|1781470825
|switch|p2a: Dondozo|Dondozo, F|100/100
|move|p1a: lebron|Poltergeist|p2a: Dondozo
|-activate|p2a: Dondozo|move: Poltergeist|Rocky Helmet
|-damage|p2a: Dondozo|77/100
|
|upkeep
|turn|16
|
|t:|1781470829
|move|p1a: lebron|Poltergeist|p2a: Dondozo
|-activate|p2a: Dondozo|move: Poltergeist|Rocky Helmet
|-damage|p2a: Dondozo|51/100
|move|p2a: Dondozo|Waterfall|p1a: lebron
|-damage|p1a: lebron|0 fnt
|faint|p1a: lebron
|
|upkeep
|l| Criticos
|
|t:|1781470836
|switch|p1a: chama|Walking Wake|100/100
|turn|17
|
|t:|1781470840
|move|p1a: chama|Dragon Pulse|p2a: Dondozo
|-damage|p2a: Dondozo|0 fnt
|faint|p2a: Dondozo
|
|upkeep
|
|t:|1781470842
|switch|p2a: Tyranitar|Tyranitar, F|82/100 brn
|-weather|Sandstorm|[from] ability: Sand Stream|[of] p2a: Tyranitar
|turn|18
|
|t:|1781470845
|move|p1a: chama|Dragon Pulse|p2a: Tyranitar
|-damage|p2a: Tyranitar|55/100 brn
|move|p2a: Tyranitar|Knock Off|p1a: chama
|-damage|p1a: chama|69/100
|-enditem|p1a: chama|Choice Specs|[from] move: Knock Off|[of] p2a: Tyranitar
|
|-weather|Sandstorm|[upkeep]
|-damage|p1a: chama|62/100|[from] Sandstorm
|-damage|p2a: Tyranitar|49/100 brn|[from] brn
|upkeep
|turn|19
|
|t:|1781470849
|move|p1a: chama|Hydro Steam|p2a: Tyranitar
|-supereffective|p2a: Tyranitar
|-damage|p2a: Tyranitar|13/100 brn
|move|p2a: Tyranitar|Knock Off|p1a: chama
|-damage|p1a: chama|40/100
|
|-weather|Sandstorm|[upkeep]
|-damage|p1a: chama|34/100|[from] Sandstorm
|-damage|p2a: Tyranitar|7/100 brn|[from] brn
|upkeep
|turn|20
|
|t:|1781470852
|move|p1a: chama|Hydro Steam|p2a: Tyranitar
|-supereffective|p2a: Tyranitar
|-damage|p2a: Tyranitar|0 fnt
|faint|p2a: Tyranitar
|
|-weather|Sandstorm|[upkeep]
|-damage|p1a: chama|28/100|[from] Sandstorm
|upkeep
|
|t:|1781470854
|switch|p2a: Deoxys|Deoxys-Speed|100/100
|-ability|p2a: Deoxys|Pressure
|turn|21
|
|t:|1781470857
|move|p2a: Deoxys|Ice Beam|p1a: chama
|-damage|p1a: chama|0 fnt
|faint|p1a: chama
|-end|p1a: chama|Protosynthesis|[silent]
|-damage|p2a: Deoxys|91/100|[from] item: Life Orb
|
|-weather|Sandstorm|[upkeep]
|-damage|p2a: Deoxys|84/100|[from] Sandstorm
|upkeep
|
|t:|1781470859
|switch|p1a: hans vanaken|Venusaur, M|100/100
|turn|22
|
|t:|1781470861
|move|p2a: Deoxys|Psycho Boost|p1a: hans vanaken
|-supereffective|p1a: hans vanaken
|-damage|p1a: hans vanaken|0 fnt
|-unboost|p2a: Deoxys|spa|2
|faint|p1a: hans vanaken
|-damage|p2a: Deoxys|74/100|[from] item: Life Orb
|
|win|spudcutter
|raw|yesterdaymister's rating: 1778 &rarr; <strong>1754</strong><br />(-24 for losing)
|raw|spudcutter's rating: 1711 &rarr; <strong>1735</strong><br />(+24 for winning)
|l|☆spudcutter
|player|p2|
|l|☆yesterdaymister
|player|p1|
