|j|☆DeckSSB
|j|☆yappyy
|t:|1781122525
|gametype|singles
|player|p1|DeckSSB|ltsurge|1550
|player|p2|yappyy|169|1549
|gen|9
|tier|[Gen 9] OU
|rated|
|rule|HP Percentage Mod: HP is shown in percentages
|rule|Endless Battle Clause: Forcing endless battles is banned
|rule|Species Clause: Limit one of each Pokémon
|rule|OHKO Clause: OHKO moves are banned
|rule|Evasion Items Clause: Evasion items are banned
|rule|Evasion Moves Clause: Evasion moves are banned
|rule|Evasion Abilities Clause: Evasion abilities are banned
|rule|Sleep Moves Clause: Sleep-inducing moves are banned
|clearpoke
|poke|p1|Typhlosion-Hisui, M|
|poke|p1|Ninetales, F|
|poke|p1|Great Tusk|
|poke|p1|Walking Wake|
|poke|p1|Hatterene, F|
|poke|p1|Slither Wing|
|poke|p2|Araquanid, F|
|poke|p2|Raging Bolt|
|poke|p2|Iron Moth|
|poke|p2|Hatterene, F|
|poke|p2|Samurott-Hisui, M|
|poke|p2|Ceruledge, M|
|teampreview
|inactive|Battle timer is ON: inactive players will automatically lose when time's up. (requested by yappyy)
|inactive|yappyy has 120 seconds left.
|
|t:|1781122570
|teamsize|p1|6
|teamsize|p2|6
|start
|switch|p1a: Mitya|Slither Wing|100/100
|switch|p2a: Hatterene|Hatterene, F|100/100
|turn|1
|
|t:|1781122581
|move|p1a: Mitya|U-turn|p2a: Hatterene
|-damage|p2a: Hatterene|66/100
|
|t:|1781122585
|-end|p1a: Mitya|Protosynthesis|[silent]
|switch|p1a: Sonya|Ninetales, F|100/100|[from] U-turn
|-weather|SunnyDay|[from] ability: Drought|[of] p1a: Sonya
|move|p2a: Hatterene|Calm Mind|p2a: Hatterene
|-boost|p2a: Hatterene|spa|1
|-boost|p2a: Hatterene|spd|1
|
|-weather|SunnyDay|[upkeep]
|-heal|p2a: Hatterene|72/100|[from] item: Leftovers
|upkeep
|turn|2
|
|t:|1781122592
|switch|p1a: Nastasya|Hatterene, F|100/100
|move|p2a: Hatterene|Draining Kiss|p1a: Nastasya
|-damage|p1a: Nastasya|65/100
|-heal|p2a: Hatterene|99/100|[from] drain|[of] p1a: Nastasya
|-enditem|p1a: Nastasya|Eject Button
|
|t:|1781122607
|switch|p1a: Myshkin|Typhlosion-Hisui, M|100/100
|
|-weather|SunnyDay|[upkeep]
|-heal|p2a: Hatterene|100/100|[from] item: Leftovers
|upkeep
|turn|3
|inactive|yappyy has 120 seconds left.
|
|t:|1781122650
|move|p1a: Myshkin|Eruption|p2a: Hatterene
|-damage|p2a: Hatterene|0 fnt
|faint|p2a: Hatterene
|
|-weather|SunnyDay|[upkeep]
|upkeep
|
|t:|1781122668
|switch|p2a: Iron Moth|Iron Moth|100/100
|-enditem|p2a: Iron Moth|Booster Energy
|-activate|p2a: Iron Moth|ability: Quark Drive|[fromitem]
|-start|p2a: Iron Moth|quarkdrivespa
|turn|4
|
|t:|1781122685
|move|p2a: Iron Moth|Substitute|p2a: Iron Moth
|-start|p2a: Iron Moth|Substitute
|-damage|p2a: Iron Moth|76/100
|move|p1a: Myshkin|Eruption|p2a: Iron Moth
|-resisted|p2a: Iron Moth
|-end|p2a: Iron Moth|Substitute
|
|-weather|SunnyDay|[upkeep]
|upkeep
|turn|5
|
|t:|1781122688
|move|p2a: Iron Moth|Fiery Dance|p1a: Myshkin
|-resisted|p1a: Myshkin
|-damage|p1a: Myshkin|45/100
|-boost|p2a: Iron Moth|spa|1
|move|p1a: Myshkin|Eruption|p2a: Iron Moth
|-resisted|p2a: Iron Moth
|-damage|p2a: Iron Moth|38/100
|
|-weather|SunnyDay|[upkeep]
|upkeep
|turn|6
|inactive|yappyy has 120 seconds left.
|
|t:|1781122698
|move|p2a: Iron Moth|Fiery Dance|p1a: Myshkin
|-resisted|p1a: Myshkin
|-damage|p1a: Myshkin|0 fnt
|faint|p1a: Myshkin
|
|-weather|SunnyDay|[upkeep]
|upkeep
|
|t:|1781122704
|switch|p1a: Vanya|Great Tusk|100/100
|-activate|p1a: Vanya|ability: Protosynthesis
|-start|p1a: Vanya|protosynthesisspe
|turn|7
|
|t:|1781122711
|-end|p2a: Iron Moth|Quark Drive|[silent]
|switch|p2a: Araquanid|Araquanid, F|100/100
|move|p1a: Vanya|Headlong Rush|p2a: Araquanid
|-resisted|p2a: Araquanid
|-damage|p2a: Araquanid|70/100
|-unboost|p1a: Vanya|def|1
|-unboost|p1a: Vanya|spd|1
|
|-weather|SunnyDay|[upkeep]
|upkeep
|turn|8
|
|t:|1781122718
|-end|p1a: Vanya|Protosynthesis|[silent]
|switch|p1a: Nastasya|Hatterene, F|65/100
|move|p2a: Araquanid|Liquidation|p1a: Nastasya
|-damage|p1a: Nastasya|39/100
|
|-weather|none
|upkeep
|turn|9
|
|t:|1781122733
|move|p2a: Araquanid|Liquidation|p1a: Nastasya
|-damage|p1a: Nastasya|0 fnt
|faint|p1a: Nastasya
|
|upkeep
|
|t:|1781122739
|switch|p1a: Alyosha|Walking Wake|100/100
|turn|10
|
|t:|1781122742
|move|p1a: Alyosha|Draco Meteor|p2a: Araquanid|[miss]
|-miss|p1a: Alyosha|p2a: Araquanid
|move|p2a: Araquanid|Sticky Web|p1a: Alyosha
|-sidestart|p1: DeckSSB|move: Sticky Web
|
|upkeep
|turn|11
|
|t:|1781122746
|move|p2a: Araquanid|Endure|p2a: Araquanid
|-singleturn|p2a: Araquanid|move: Endure
|move|p1a: Alyosha|Draco Meteor|p2a: Araquanid
|-activate|p2a: Araquanid|move: Endure
|-damage|p2a: Araquanid|1/100
|-unboost|p1a: Alyosha|spa|2
|
|upkeep
|turn|12
|-enditem|p2a: Araquanid|Custap Berry|[eat]
|-activate|p2a: Araquanid|item: Custap Berry|[consumed]
|
|t:|1781122750
|-end|p1a: Alyosha|Protosynthesis|[silent]
|switch|p1a: Vanya|Great Tusk|100/100
|-activate|p1a: Vanya|move: Sticky Web
|-unboost|p1a: Vanya|spe|1
|move|p2a: Araquanid|Endeavor|p1a: Vanya
|-damage|p1a: Vanya|1/100
|-damage|p2a: Araquanid|0 fnt|[from] item: Rocky Helmet|[of] p1a: Vanya
|faint|p2a: Araquanid
|
|upkeep
|
|t:|1781122759
|switch|p2a: Iron Moth|Iron Moth|38/100
|turn|13
|
|t:|1781122765
|move|p2a: Iron Moth|Fiery Dance|p1a: Vanya
|-damage|p1a: Vanya|0 fnt
|faint|p1a: Vanya
|-end|p1a: Vanya|Protosynthesis|[silent]
|
|upkeep
|
|t:|1781122768
|switch|p1a: Alyosha|Walking Wake|100/100
|-activate|p1a: Alyosha|move: Sticky Web
|-unboost|p1a: Alyosha|spe|1
|turn|14
|
|t:|1781122775
|move|p2a: Iron Moth|Substitute|p2a: Iron Moth
|-start|p2a: Iron Moth|Substitute
|-damage|p2a: Iron Moth|13/100
|move|p1a: Alyosha|Hydro Steam|p2a: Iron Moth
|-supereffective|p2a: Iron Moth
|-end|p2a: Iron Moth|Substitute
|
|upkeep
|turn|15
|
|t:|1781122778
|-end|p2a: Iron Moth|Quark Drive|[silent]
|switch|p2a: Raging Bolt|Raging Bolt|100/100
|-enditem|p2a: Raging Bolt|Booster Energy
|-activate|p2a: Raging Bolt|ability: Protosynthesis|[fromitem]
|-start|p2a: Raging Bolt|protosynthesisspa
|move|p1a: Alyosha|Hydro Steam|p2a: Raging Bolt
|-resisted|p2a: Raging Bolt
|-damage|p2a: Raging Bolt|70/100
|
|upkeep
|turn|16
|
|t:|1781122782
|-end|p1a: Alyosha|Protosynthesis|[silent]
|switch|p1a: Sonya|Ninetales, F|100/100
|-activate|p1a: Sonya|move: Sticky Web
|-unboost|p1a: Sonya|spe|1
|-weather|SunnyDay|[from] ability: Drought|[of] p1a: Sonya
|move|p2a: Raging Bolt|Thunderbolt|p1a: Sonya
|-damage|p1a: Sonya|18/100
|
|-weather|SunnyDay|[upkeep]
|upkeep
|turn|17
|
|t:|1781122789
|move|p2a: Raging Bolt|Thunderbolt|p1a: Sonya
|-damage|p1a: Sonya|0 fnt
|faint|p1a: Sonya
|
|-weather|SunnyDay|[upkeep]
|upkeep
|
|t:|1781122791
|switch|p1a: Mitya|Slither Wing|100/100
|-activate|p1a: Mitya|move: Sticky Web
|-unboost|p1a: Mitya|spe|1
|-activate|p1a: Mitya|ability: Protosynthesis
|-start|p1a: Mitya|protosynthesisatk
|turn|18
|
|t:|1781122797
|move|p1a: Mitya|First Impression|p2a: Raging Bolt
|-damage|p2a: Raging Bolt|11/100
|move|p2a: Raging Bolt|Thunderbolt|p1a: Mitya
|-damage|p1a: Mitya|60/100
|
|-weather|SunnyDay|[upkeep]
|upkeep
|turn|19
|
|t:|1781122802
|move|p2a: Raging Bolt|Thunderbolt|p1a: Mitya
|-damage|p1a: Mitya|20/100
|-status|p1a: Mitya|par
|move|p1a: Mitya|U-turn|p2a: Raging Bolt
|-damage|p2a: Raging Bolt|0 fnt
|faint|p2a: Raging Bolt
|-end|p2a: Raging Bolt|Protosynthesis|[silent]
|
|t:|1781122808
|-end|p1a: Mitya|Protosynthesis|[silent]
|switch|p1a: Alyosha|Walking Wake|100/100|[from] U-turn
|-activate|p1a: Alyosha|move: Sticky Web
|-unboost|p1a: Alyosha|spe|1
|-activate|p1a: Alyosha|ability: Protosynthesis
|-start|p1a: Alyosha|protosynthesisspa
|
|-weather|SunnyDay|[upkeep]
|upkeep
|
|t:|1781122819
|switch|p2a: Samurott|Samurott-Hisui, M|100/100
|turn|20
|
|t:|1781122825
|move|p2a: Samurott|Ceaseless Edge|p1a: Alyosha
|-damage|p1a: Alyosha|49/100
|-sidestart|p1: DeckSSB|Spikes
|move|p1a: Alyosha|Hydro Steam|p2a: Samurott
|-resisted|p2a: Samurott
|-enditem|p2a: Samurott|Focus Sash
|-damage|p2a: Samurott|1/100
|
|-weather|SunnyDay|[upkeep]
|upkeep
|turn|21
|
|t:|1781122833
|move|p2a: Samurott|Ceaseless Edge|p1a: Alyosha|[miss]
|-miss|p2a: Samurott|p1a: Alyosha
|move|p1a: Alyosha|Hydro Steam|p2a: Samurott
|-resisted|p2a: Samurott
|-damage|p2a: Samurott|0 fnt
|faint|p2a: Samurott
|
|-weather|SunnyDay|[upkeep]
|upkeep
|
|t:|1781122838
|switch|p2a: Iron Moth|Iron Moth|13/100
|turn|22
|
|t:|1781122842
|move|p2a: Iron Moth|Sludge Wave|p1a: Alyosha
|-damage|p1a: Alyosha|0 fnt
|faint|p1a: Alyosha
|-end|p1a: Alyosha|Protosynthesis|[silent]
|
|-weather|SunnyDay|[upkeep]
|upkeep
|
|t:|1781122844
|switch|p1a: Mitya|Slither Wing|20/100 par
|-activate|p1a: Mitya|move: Sticky Web
|-unboost|p1a: Mitya|spe|1
|-damage|p1a: Mitya|7/100 par|[from] Spikes
|-activate|p1a: Mitya|ability: Protosynthesis
|-start|p1a: Mitya|protosynthesisatk
|turn|23
|
|t:|1781122848
|move|p2a: Iron Moth|Energy Ball|p1a: Mitya
|-resisted|p1a: Mitya
|-damage|p1a: Mitya|0 fnt
|faint|p1a: Mitya
|-end|p1a: Mitya|Protosynthesis|[silent]
|
|win|yappyy
|raw|DeckSSB's rating: 1550 &rarr; <strong>1530</strong><br />(-20 for losing)
|raw|yappyy's rating: 1549 &rarr; <strong>1569</strong><br />(+20 for winning)
|l|☆yappyy
|player|p2|
|j|☆yappyy
|player|p2|yappyy|169|
|l|☆DeckSSB
|player|p1|
|l|☆yappyy
|player|p2|
