|j|☆KurisuChestnutOU
|j|☆KnightKnaveSpy
|t:|1781167657
|gametype|singles
|player|p1|KurisuChestnutOU|may-contest|1671
|player|p2|KnightKnaveSpy|102|1626
|gen|9
|tier|[Gen 9] OU
|rated|
|rule|HP Percentage Mod: HP is shown in percentages
|rule|Endless Battle Clause: Forcing endless battles is banned
|rule|Species Clause: Limit one of each Pokémon
|rule|OHKO Clause: OHKO moves are banned
|rule|Evasion Items Clause: Evasion items are banned
|rule|Evasion Moves Clause: Evasion moves are banned
|rule|Evasion Abilities Clause: Evasion abilities are banned
|rule|Sleep Moves Clause: Sleep-inducing moves are banned
|clearpoke
|poke|p1|Hawlucha, F|
|poke|p1|Samurott-Hisui, F|
|poke|p1|Rillaboom, F|
|poke|p1|Gholdengo|
|poke|p1|Kyurem|
|poke|p1|Landorus-Therian, M|
|poke|p2|Samurott-Hisui, F|
|poke|p2|Blaziken, F|
|poke|p2|Kingambit, M|
|poke|p2|Raging Bolt|
|poke|p2|Ogerpon-Wellspring, F|
|poke|p2|Greninja-*, M|
|teampreview
|inactive|Battle timer is ON: inactive players will automatically lose when time's up. (requested by KurisuChestnutOU)
|
|t:|1781167666
|teamsize|p1|6
|teamsize|p2|6
|start
|switch|p1a: Landorus|Landorus-Therian, M|100/100
|switch|p2a: Samurott|Samurott-Hisui, F|100/100
|-ability|p1a: Landorus|Intimidate|boost
|-unboost|p2a: Samurott|atk|1
|turn|1
|
|t:|1781167673
|move|p1a: Landorus|U-turn|p2a: Samurott
|-supereffective|p2a: Samurott
|-damage|p2a: Samurott|45/100
|
|t:|1781167677
|switch|p1a: Kyurem|Kyurem|100/100|[from] U-turn
|-ability|p1a: Kyurem|Pressure
|move|p2a: Samurott|Ceaseless Edge|p1a: Kyurem
|-damage|p1a: Kyurem|73/100
|-sidestart|p1: KurisuChestnutOU|Spikes
|
|upkeep
|turn|2
|
|t:|1781167681
|move|p2a: Samurott|Sucker Punch|p1a: Kyurem
|-damage|p1a: Kyurem|53/100
|move|p1a: Kyurem|Freeze-Dry|p2a: Samurott
|-supereffective|p2a: Samurott
|-damage|p2a: Samurott|0 fnt
|faint|p2a: Samurott
|
|upkeep
|
|t:|1781167685
|switch|p2a: Blaziken|Blaziken, F|100/100
|turn|3
|
|t:|1781167688
|move|p2a: Blaziken|Detect|p2a: Blaziken
|-singleturn|p2a: Blaziken|Protect
|move|p1a: Kyurem|Earth Power|p2a: Blaziken
|-activate|p2a: Blaziken|move: Protect
|
|-ability|p2a: Blaziken|Speed Boost|boost
|-boost|p2a: Blaziken|spe|1
|upkeep
|turn|4
|
|t:|1781167692
|switch|p1a: Landorus|Landorus-Therian, M|100/100
|-ability|p1a: Landorus|Intimidate|boost
|-unboost|p2a: Blaziken|atk|1
|move|p2a: Blaziken|Close Combat|p1a: Landorus
|-resisted|p1a: Landorus
|-damage|p1a: Landorus|80/100
|-unboost|p2a: Blaziken|def|1
|-unboost|p2a: Blaziken|spd|1
|-damage|p2a: Blaziken|84/100|[from] item: Rocky Helmet|[of] p1a: Landorus
|
|-heal|p2a: Blaziken|90/100|[from] item: Leftovers
|-ability|p2a: Blaziken|Speed Boost|boost
|-boost|p2a: Blaziken|spe|1
|upkeep
|turn|5
|
|t:|1781167700
|switch|p2a: Ogerpon|Ogerpon-Wellspring, F|100/100
|move|p1a: Landorus|Earth Power|p2a: Ogerpon
|-resisted|p2a: Ogerpon
|-damage|p2a: Ogerpon|81/100
|
|upkeep
|turn|6
|
|t:|1781167705
|switch|p1a: Rillaboom|Rillaboom, F|100/100
|-damage|p1a: Rillaboom|88/100|[from] Spikes
|-fieldstart|move: Grassy Terrain|[from] ability: Grassy Surge|[of] p1a: Rillaboom
|move|p2a: Ogerpon|Ivy Cudgel|p1a: Rillaboom|[anim] Ivy Cudgel Water
|-resisted|p1a: Rillaboom
|-damage|p1a: Rillaboom|60/100
|
|-heal|p2a: Ogerpon|87/100|[from] Grassy Terrain
|-heal|p1a: Rillaboom|66/100|[from] Grassy Terrain
|upkeep
|turn|7
|
|t:|1781167711
|move|p2a: Ogerpon|U-turn|p1a: Rillaboom
|-supereffective|p1a: Rillaboom
|-damage|p1a: Rillaboom|6/100
|
|t:|1781167714
|switch|p2a: Blaziken|Blaziken, F|90/100|[from] U-turn
|move|p1a: Rillaboom|Wood Hammer|p2a: Blaziken
|-resisted|p2a: Blaziken
|-damage|p2a: Blaziken|26/100
|-damage|p1a: Rillaboom|0 fnt|[from] Recoil
|faint|p1a: Rillaboom
|
|-heal|p2a: Blaziken|32/100|[from] Grassy Terrain
|-heal|p2a: Blaziken|38/100|[from] item: Leftovers
|upkeep
|
|t:|1781167721
|switch|p1a: Hawlucha|Hawlucha, F|100/100
|-enditem|p1a: Hawlucha|Grassy Seed
|-boost|p1a: Hawlucha|def|1|[from] item: Grassy Seed
|turn|8
|
|t:|1781167725
|switch|p2a: Raging Bolt|Raging Bolt|100/100
|-item|p2a: Raging Bolt|Air Balloon
|move|p1a: Hawlucha|Swords Dance|p1a: Hawlucha
|-boost|p1a: Hawlucha|atk|2
|
|upkeep
|turn|9
|
|t:|1781167730
|-terastallize|p1a: Hawlucha|Steel
|move|p1a: Hawlucha|Low Kick|p2a: Raging Bolt
|-damage|p2a: Raging Bolt|7/100
|-enditem|p2a: Raging Bolt|Air Balloon
|move|p2a: Raging Bolt|Thunderbolt|p1a: Hawlucha
|-damage|p1a: Hawlucha|25/100
|-status|p1a: Hawlucha|par
|
|-heal|p1a: Hawlucha|31/100 par|[from] Grassy Terrain
|-heal|p2a: Raging Bolt|13/100|[from] Grassy Terrain
|upkeep
|turn|10
|
|t:|1781167741
|move|p2a: Raging Bolt|Thunderclap||[still]
|-fail|p2a: Raging Bolt
|move|p1a: Hawlucha|Roost|p1a: Hawlucha
|-heal|p1a: Hawlucha|81/100 par
|
|-heal|p1a: Hawlucha|87/100 par|[from] Grassy Terrain
|-heal|p2a: Raging Bolt|19/100|[from] Grassy Terrain
|-fieldend|move: Grassy Terrain
|upkeep
|turn|11
|
|t:|1781167746
|switch|p1a: Landorus|Landorus-Therian, M|80/100
|-ability|p1a: Landorus|Intimidate|boost
|-unboost|p2a: Raging Bolt|atk|1
|move|p2a: Raging Bolt|Thunderclap||[still]
|-fail|p2a: Raging Bolt
|
|upkeep
|turn|12
|
|t:|1781167754
|move|p1a: Landorus|Stealth Rock|p2a: Raging Bolt
|-sidestart|p2: KnightKnaveSpy|move: Stealth Rock
|move|p2a: Raging Bolt|Draco Meteor|p1a: Landorus|[miss]
|-miss|p2a: Raging Bolt|p1a: Landorus
|
|upkeep
|turn|13
|
|t:|1781167762
|move|p1a: Landorus|U-turn|p2a: Raging Bolt
|-damage|p2a: Raging Bolt|3/100
|
|t:|1781167764
|switch|p1a: Kyurem|Kyurem|53/100|[from] U-turn
|-damage|p1a: Kyurem|41/100|[from] Spikes
|-ability|p1a: Kyurem|Pressure
|move|p2a: Raging Bolt|Draco Meteor|p1a: Kyurem
|-supereffective|p1a: Kyurem
|-damage|p1a: Kyurem|0 fnt
|-unboost|p2a: Raging Bolt|spa|2
|faint|p1a: Kyurem
|
|upkeep
|
|t:|1781167770
|switch|p1a: Samurott|Samurott-Hisui, F|100/100
|-damage|p1a: Samurott|88/100|[from] Spikes
|turn|14
|
|t:|1781167778
|move|p2a: Raging Bolt|Thunderclap|p1a: Samurott
|-supereffective|p1a: Samurott
|-damage|p1a: Samurott|60/100
|move|p1a: Samurott|Ceaseless Edge|p2a: Raging Bolt
|-damage|p2a: Raging Bolt|0 fnt
|-sidestart|p2: KnightKnaveSpy|Spikes
|faint|p2a: Raging Bolt
|-end|p2a: Raging Bolt|Protosynthesis|[silent]
|
|upkeep
|
|t:|1781167782
|switch|p2a: Ogerpon|Ogerpon-Wellspring, F|87/100
|-damage|p2a: Ogerpon|75/100|[from] Stealth Rock
|-damage|p2a: Ogerpon|62/100|[from] Spikes
|turn|15
|
|t:|1781167786
|switch|p1a: Gholdengo|Gholdengo|100/100
|-damage|p1a: Gholdengo|88/100|[from] Spikes
|move|p2a: Ogerpon|Horn Leech|p1a: Gholdengo
|-resisted|p1a: Gholdengo
|-damage|p1a: Gholdengo|61/100
|-heal|p2a: Ogerpon|76/100|[from] drain|[of] p1a: Gholdengo
|
|upkeep
|turn|16
|
|t:|1781167815
|-terastallize|p2a: Ogerpon|Water
|detailschange|p2a: Ogerpon|Ogerpon-Wellspring-Tera, F, tera:Water
|-ability|p2a: Ogerpon|Embody Aspect (Wellspring)|boost
|-boost|p2a: Ogerpon|spd|1
|move|p1a: Gholdengo|Shadow Ball|p2a: Ogerpon
|-damage|p2a: Ogerpon|40/100
|move|p2a: Ogerpon|Ivy Cudgel|p1a: Gholdengo|[anim] Ivy Cudgel Water
|-damage|p1a: Gholdengo|0 fnt
|faint|p1a: Gholdengo
|
|upkeep
|
|t:|1781167822
|switch|p1a: Landorus|Landorus-Therian, M|80/100
|-ability|p1a: Landorus|Intimidate|boost
|-unboost|p2a: Ogerpon|atk|1
|turn|17
|
|t:|1781167825
|switch|p1a: Samurott|Samurott-Hisui, F|60/100
|-damage|p1a: Samurott|47/100|[from] Spikes
|move|p2a: Ogerpon|Ivy Cudgel|p1a: Samurott|[anim] Ivy Cudgel Water
|-resisted|p1a: Samurott
|-damage|p1a: Samurott|18/100
|
|upkeep
|turn|18
|
|t:|1781167837
|switch|p2a: Greninja|Greninja, M|100/100
|move|p1a: Samurott|Sucker Punch||[still]
|-fail|p1a: Samurott
|
|upkeep
|turn|19
|
|t:|1781167842
|move|p2a: Greninja|Dark Pulse|p1a: Samurott
|-start|p2a: Greninja|typechange|Dark|[from] ability: Protean
|-resisted|p1a: Samurott
|-damage|p1a: Samurott|7/100
|move|p1a: Samurott|Flip Turn|p2a: Greninja
|-damage|p2a: Greninja|55/100
|
|t:|1781167847
|switch|p1a: Hawlucha|Hawlucha, F, tera:Steel|87/100 par|[from] Flip Turn
|-damage|p1a: Hawlucha|74/100 par|[from] Spikes
|
|upkeep
|turn|20
|
|t:|1781167857
|move|p2a: Greninja|Dark Pulse|p1a: Hawlucha
|-damage|p1a: Hawlucha|19/100 par
|move|p1a: Hawlucha|Roost|p1a: Hawlucha
|-heal|p1a: Hawlucha|69/100 par
|
|upkeep
|turn|21
|
|t:|1781167860
|move|p2a: Greninja|Dark Pulse|p1a: Hawlucha
|-damage|p1a: Hawlucha|21/100 par
|cant|p1a: Hawlucha|par
|
|upkeep
|turn|22
|
|t:|1781167864
|switch|p1a: Samurott|Samurott-Hisui, F|7/100
|-damage|p1a: Samurott|0 fnt|[from] Spikes
|faint|p1a: Samurott
|move|p2a: Greninja|Dark Pulse|p1: Samurott|[notarget]
|-fail|p2a: Greninja
|
|upkeep
|
|t:|1781167869
|switch|p1a: Landorus|Landorus-Therian, M|80/100
|-ability|p1a: Landorus|Intimidate|boost
|-unboost|p2a: Greninja|atk|1
|turn|23
|
|t:|1781167874
|move|p2a: Greninja|Ice Beam|p1a: Landorus
|-supereffective|p1a: Landorus
|-damage|p1a: Landorus|0 fnt
|faint|p1a: Landorus
|
|upkeep
|
|t:|1781167880
|switch|p1a: Hawlucha|Hawlucha, F, tera:Steel|21/100 par
|-damage|p1a: Hawlucha|8/100 par|[from] Spikes
|turn|24
|
|t:|1781167883
|move|p2a: Greninja|Dark Pulse|p1a: Hawlucha
|-damage|p1a: Hawlucha|0 fnt
|faint|p1a: Hawlucha
|
|win|KnightKnaveSpy
|raw|KurisuChestnutOU's rating: 1702 &rarr; <strong>1678</strong><br />(-24 for losing)
|raw|KnightKnaveSpy's rating: 1626 &rarr; <strong>1650</strong><br />(+24 for winning)
|l|☆KurisuChestnutOU
|player|p1|
|l|☆KnightKnaveSpy
|player|p2|
