|j|☆Rj yoip
|j|☆sorry4usingstall
|t:|1781454017
|gametype|singles
|player|p1|Rj yoip|caitlin-masters|1686
|player|p2|sorry4usingstall|colress|1650
|gen|9
|tier|[Gen 9] OU
|rated|
|rule|HP Percentage Mod: HP is shown in percentages
|rule|Endless Battle Clause: Forcing endless battles is banned
|rule|Species Clause: Limit one of each Pokémon
|rule|OHKO Clause: OHKO moves are banned
|rule|Evasion Items Clause: Evasion items are banned
|rule|Evasion Moves Clause: Evasion moves are banned
|rule|Evasion Abilities Clause: Evasion abilities are banned
|rule|Sleep Moves Clause: Sleep-inducing moves are banned
|clearpoke
|poke|p1|Tyranitar, M|
|poke|p1|Hydrapple, F|
|poke|p1|Enamorus, F|
|poke|p1|Garganacl, M|
|poke|p1|Excadrill, M|
|poke|p1|Alomomola, F|
|poke|p2|Clodsire, F|
|poke|p2|Dondozo, F|
|poke|p2|Alomomola, F|
|poke|p2|Talonflame, F|
|poke|p2|Toxapex, F|
|poke|p2|Blissey, F|
|teampreview
|
|t:|1781454021
|teamsize|p1|6
|teamsize|p2|6
|start
|switch|p1a: Garganacl|Garganacl, M|100/100
|switch|p2a: Keep Trying.|Toxapex, F|100/100
|turn|1
|inactive|Battle timer is ON: inactive players will automatically lose when time's up. (requested by Rj yoip)
|
|t:|1781454029
|switch|p2a: Try Harder.|Alomomola, F, shiny|100/100
|move|p1a: Garganacl|Salt Cure|p2a: Try Harder.
|-damage|p2a: Try Harder.|93/100
|-start|p2a: Try Harder.|Salt Cure
|
|-damage|p2a: Try Harder.|68/100|[from] Salt Cure
|upkeep
|turn|2
|
|t:|1781454032
|switch|p2a: Keep Trying.|Toxapex, F|100/100
|move|p1a: Garganacl|Stealth Rock|p2a: Keep Trying.
|-sidestart|p2: sorry4usingstall|move: Stealth Rock
|
|upkeep
|turn|3
|
|t:|1781454054
|switch|p2a: Try Harder.|Alomomola, F, shiny|100/100
|move|p1a: Garganacl|Salt Cure|p2a: Try Harder.
|-damage|p2a: Try Harder.|92/100
|-start|p2a: Try Harder.|Salt Cure
|
|-damage|p2a: Try Harder.|67/100|[from] Salt Cure
|upkeep
|turn|4
|
|t:|1781454058
|switch|p2a: Keep Trying.|Toxapex, F|100/100
|move|p1a: Garganacl|Salt Cure|p2a: Keep Trying.
|-damage|p2a: Keep Trying.|93/100
|-start|p2a: Keep Trying.|Salt Cure
|
|-damage|p2a: Keep Trying.|68/100|[from] Salt Cure
|upkeep
|turn|5
|
|t:|1781454075
|switch|p2a: Try Harder.|Alomomola, F, shiny|99/100
|switch|p1a: Hydrapple|Hydrapple, F|100/100
|
|upkeep
|turn|6
|
|t:|1781454078
|switch|p2a: Keep Trying.|Toxapex, F|100/100
|move|p1a: Hydrapple|Nasty Plot|p1a: Hydrapple
|-boost|p1a: Hydrapple|spa|2
|
|upkeep
|turn|7
|
|t:|1781454084
|switch|p1a: Excadrill|Excadrill, M|100/100
|move|p2a: Keep Trying.|Toxic|p1a: Excadrill
|-immune|p1a: Excadrill
|
|upkeep
|turn|8
|
|t:|1781454089
|switch|p1a: Hydrapple|Hydrapple, F|100/100
|switch|p2a: Try Harder.|Alomomola, F, shiny|100/100
|
|upkeep
|turn|9
|
|t:|1781454091
|switch|p2a: Still Trying?|Blissey, F, shiny|100/100
|move|p1a: Hydrapple|Earth Power|p2a: Still Trying?
|-damage|p2a: Still Trying?|93/100
|
|upkeep
|turn|10
|
|t:|1781454099
|switch|p1a: Tyranitar|Tyranitar, M|100/100
|-weather|Sandstorm|[from] ability: Sand Stream|[of] p1a: Tyranitar
|move|p2a: Still Trying?|Seismic Toss|p1a: Tyranitar
|-damage|p1a: Tyranitar|71/100
|
|-weather|Sandstorm|[upkeep]
|-damage|p2a: Still Trying?|86/100|[from] Sandstorm
|upkeep
|turn|11
|
|t:|1781454105
|switch|p2a: Try Harder.|Alomomola, F, shiny|100/100
|move|p1a: Tyranitar|Knock Off|p2a: Try Harder.
|-crit|p2a: Try Harder.
|-damage|p2a: Try Harder.|21/100
|-enditem|p2a: Try Harder.|Heavy-Duty Boots|[from] move: Knock Off|[of] p1a: Tyranitar
|
|-weather|Sandstorm|[upkeep]
|-damage|p2a: Try Harder.|15/100|[from] Sandstorm
|upkeep
|turn|12
|
|t:|1781454109
|switch|p2a: You Tried.|Dondozo, F, shiny|100/100
|move|p1a: Tyranitar|Knock Off|p2a: You Tried.
|-damage|p2a: You Tried.|60/100
|-enditem|p2a: You Tried.|Heavy-Duty Boots|[from] move: Knock Off|[of] p1a: Tyranitar
|
|-weather|Sandstorm|[upkeep]
|-damage|p2a: You Tried.|54/100|[from] Sandstorm
|upkeep
|turn|13
|
|t:|1781454112
|switch|p1a: Hydrapple|Hydrapple, F|100/100
|move|p2a: You Tried.|Rest|p2a: You Tried.
|-status|p2a: You Tried.|slp|[from] move: Rest
|-heal|p2a: You Tried.|100/100 slp|[silent]
|
|-weather|Sandstorm|[upkeep]
|-damage|p1a: Hydrapple|94/100|[from] Sandstorm
|-damage|p2a: You Tried.|94/100 slp|[from] Sandstorm
|upkeep
|turn|14
|
|t:|1781454117
|switch|p1a: Tyranitar|Tyranitar, M|71/100
|switch|p2a: Still Trying?|Blissey, F, shiny|86/100
|
|-weather|none
|upkeep
|turn|15
|
|t:|1781454121
|switch|p2a: You Tried.|Dondozo, F, shiny|94/100 slp
|-damage|p2a: You Tried.|82/100 slp|[from] Stealth Rock
|-terastallize|p1a: Tyranitar|Rock
|move|p1a: Tyranitar|Stone Edge|p2a: You Tried.
|-damage|p2a: You Tried.|31/100 slp
|
|upkeep
|turn|16
|l|☆sorry4usingstall
|inactive|sorry4usingstall disconnected and has a minute to reconnect!
|player|p2|
|c|☆Rj yoip|Bro rage quit playing stall lmao
|inactive|sorry4usingstall has 30 seconds to reconnect!
|inactive|sorry4usingstall has 20 seconds to reconnect!
|inactive|sorry4usingstall has 15 seconds to reconnect!
|inactive|sorry4usingstall has 10 seconds to reconnect!
|inactive|sorry4usingstall has 5 seconds to reconnect!
|-message|sorry4usingstall lost due to inactivity.
|
|win|Rj yoip
|raw|Rj yoip's rating: 1686 &rarr; <strong>1704</strong><br />(+18 for winning)
|raw|sorry4usingstall's rating: 1650 &rarr; <strong>1632</strong><br />(-18 for losing)
