|j|‽TheCannonites
|j|☆Luisowbro
|t:|1781365332
|gametype|singles
|player|p1|TheCannonites|n|1617
|player|p2|Luisowbro|ingo|1640
|gen|9
|tier|[Gen 9] OU
|rated|
|rule|HP Percentage Mod: HP is shown in percentages
|rule|Endless Battle Clause: Forcing endless battles is banned
|rule|Species Clause: Limit one of each Pokémon
|rule|OHKO Clause: OHKO moves are banned
|rule|Evasion Items Clause: Evasion items are banned
|rule|Evasion Moves Clause: Evasion moves are banned
|rule|Evasion Abilities Clause: Evasion abilities are banned
|rule|Sleep Moves Clause: Sleep-inducing moves are banned
|clearpoke
|poke|p1|Grimmsnarl, M|
|poke|p1|Blastoise, M|
|poke|p1|Hatterene, F|
|poke|p1|Iron Crown|
|poke|p1|Great Tusk|
|poke|p1|Ceruledge, M|
|poke|p2|Moltres-Galar|
|poke|p2|Haxorus, M|
|poke|p2|Thundurus-Therian, M|
|poke|p2|Scizor, M|
|poke|p2|Volcanion|
|poke|p2|Ninetales-Alola, F|
|teampreview
|inactive|Battle timer is ON: inactive players will automatically lose when time's up. (requested by TheCannonites)
|
|t:|1781365341
|teamsize|p1|6
|teamsize|p2|6
|start
|switch|p1a: Grimmsnarl|Grimmsnarl, M|100/100
|switch|p2a: Scizor|Scizor, M|100/100
|turn|1
|
|t:|1781365348
|move|p1a: Grimmsnarl|Reflect|p1a: Grimmsnarl
|-sidestart|p1: TheCannonites|Reflect
|move|p2a: Scizor|Bullet Punch|p1a: Grimmsnarl
|-supereffective|p1a: Grimmsnarl
|-damage|p1a: Grimmsnarl|33/100
|
|upkeep
|turn|2
|
|t:|1781365354
|switch|p1a: Ceruledge|Ceruledge, M|100/100
|move|p2a: Scizor|Bullet Punch|p1a: Ceruledge
|-resisted|p1a: Ceruledge
|-damage|p1a: Ceruledge|81/100
|-ability|p1a: Ceruledge|Weak Armor|boost
|-unboost|p1a: Ceruledge|def|1
|-boost|p1a: Ceruledge|spe|2
|
|upkeep
|turn|3
|
|t:|1781365363
|switch|p2a: Haxorus|Haxorus, M, shiny|100/100
|-ability|p2a: Haxorus|Mold Breaker
|move|p1a: Ceruledge|Swords Dance|p1a: Ceruledge
|-boost|p1a: Ceruledge|atk|2
|
|upkeep
|turn|4
|
|t:|1781365372
|move|p1a: Ceruledge|Close Combat|p2a: Haxorus
|-damage|p2a: Haxorus|0 fnt
|-unboost|p1a: Ceruledge|def|1
|-unboost|p1a: Ceruledge|spd|1
|faint|p2a: Haxorus
|-damage|p1a: Ceruledge|71/100|[from] item: Life Orb
|
|upkeep
|
|t:|1781365386
|switch|p2a: Volcanion|Volcanion|100/100
|turn|5
|
|t:|1781365391
|move|p1a: Ceruledge|Poltergeist|p2a: Volcanion
|-activate|p2a: Volcanion|move: Poltergeist|Assault Vest
|-damage|p2a: Volcanion|0 fnt
|faint|p2a: Volcanion
|-damage|p1a: Ceruledge|61/100|[from] item: Life Orb
|
|upkeep
|
|t:|1781365402
|switch|p2a: Moltres|Moltres-Galar, shiny|100/100
|turn|6
|
|t:|1781365406
|move|p1a: Ceruledge|Bitter Blade|p2a: Moltres
|-damage|p2a: Moltres|0 fnt
|-heal|p1a: Ceruledge|100/100|[from] drain|[of] p2a: Moltres
|faint|p2a: Moltres
|-damage|p1a: Ceruledge|91/100|[from] item: Life Orb
|
|upkeep
|
|t:|1781365413
|switch|p2a: Thundurus|Thundurus-Therian, M, shiny|100/100
|turn|7
|
|t:|1781365417
|move|p1a: Ceruledge|Bitter Blade|p2a: Thundurus
|-damage|p2a: Thundurus|0 fnt
|-heal|p1a: Ceruledge|100/100|[from] drain|[of] p2a: Thundurus
|faint|p2a: Thundurus
|-damage|p1a: Ceruledge|91/100|[from] item: Life Orb
|
|upkeep
|
|t:|1781365425
|switch|p2a: Ninetales|Ninetales-Alola, F, shiny|100/100
|-weather|Snowscape|[from] ability: Snow Warning|[of] p2a: Ninetales
|turn|8
|
|t:|1781365430
|move|p1a: Ceruledge|Bitter Blade|p2a: Ninetales
|-supereffective|p2a: Ninetales
|-damage|p2a: Ninetales|0 fnt
|-heal|p1a: Ceruledge|100/100|[from] drain|[of] p2a: Ninetales
|faint|p2a: Ninetales
|-damage|p1a: Ceruledge|91/100|[from] item: Life Orb
|
|-weather|Snowscape|[upkeep]
|-sideend|p1: TheCannonites|Reflect
|upkeep
|
|t:|1781365438
|switch|p2a: Scizor|Scizor, M|100/100
|turn|9
|
|t:|1781365441
|-terastallize|p2a: Scizor|Steel
|move|p2a: Scizor|Bullet Punch|p1a: Ceruledge
|-resisted|p1a: Ceruledge
|-damage|p1a: Ceruledge|0 fnt
|faint|p1a: Ceruledge
|
|-weather|Snowscape|[upkeep]
|upkeep
|
|t:|1781365449
|switch|p1a: Grimmsnarl|Grimmsnarl, M|33/100
|turn|10
|
|t:|1781365453
|move|p1a: Grimmsnarl|Reflect|p1a: Grimmsnarl
|-sidestart|p1: TheCannonites|Reflect
|move|p2a: Scizor|Bullet Punch|p1a: Grimmsnarl
|-supereffective|p1a: Grimmsnarl
|-damage|p1a: Grimmsnarl|0 fnt
|faint|p1a: Grimmsnarl
|
|-weather|Snowscape|[upkeep]
|upkeep
|
|t:|1781365459
|switch|p1a: Blastoise|Blastoise, M|100/100
|turn|11
|
|t:|1781365463
|move|p2a: Scizor|Bullet Punch|p1a: Blastoise
|-resisted|p1a: Blastoise
|-damage|p1a: Blastoise|80/100
|move|p1a: Blastoise|Shell Smash|p1a: Blastoise
|-unboost|p1a: Blastoise|def|1
|-unboost|p1a: Blastoise|spd|1
|-boost|p1a: Blastoise|atk|2
|-boost|p1a: Blastoise|spa|2
|-boost|p1a: Blastoise|spe|2
|-enditem|p1a: Blastoise|White Herb
|-clearnegativeboost|p1a: Blastoise|[silent]
|
|-weather|Snowscape|[upkeep]
|upkeep
|turn|12
|
|t:|1781365474
|move|p2a: Scizor|Bullet Punch|p1a: Blastoise
|-resisted|p1a: Blastoise
|-damage|p1a: Blastoise|60/100
|move|p1a: Blastoise|Aura Sphere|p2a: Scizor
|-supereffective|p2a: Scizor
|-damage|p2a: Scizor|10/100
|
|-weather|none
|upkeep
|turn|13
|
|t:|1781365481
|move|p2a: Scizor|Bullet Punch|p1a: Blastoise
|-resisted|p1a: Blastoise
|-damage|p1a: Blastoise|42/100
|move|p1a: Blastoise|Surf|p2a: Scizor
|-damage|p2a: Scizor|0 fnt
|faint|p2a: Scizor
|
|win|TheCannonites
|raw|TheCannonites's rating: 1617 &rarr; <strong>1638</strong><br />(+21 for winning)
|raw|Luisowbro's rating: 1640 &rarr; <strong>1619</strong><br />(-21 for losing)
|l|☆Luisowbro
|player|p2|
