|j|☆ihymyly
|j|☆Luisowbro
|t:|1781180457
|gametype|singles
|player|p1|ihymyly|169|1563
|player|p2|Luisowbro|ingo|1482
|gen|9
|tier|[Gen 9] OU
|rated|
|rule|HP Percentage Mod: HP is shown in percentages
|rule|Endless Battle Clause: Forcing endless battles is banned
|rule|Species Clause: Limit one of each Pokémon
|rule|OHKO Clause: OHKO moves are banned
|rule|Evasion Items Clause: Evasion items are banned
|rule|Evasion Moves Clause: Evasion moves are banned
|rule|Evasion Abilities Clause: Evasion abilities are banned
|rule|Sleep Moves Clause: Sleep-inducing moves are banned
|clearpoke
|poke|p1|Pelipper, F|
|poke|p1|Kingdra, M|
|poke|p1|Weavile, M|
|poke|p1|Raging Bolt|
|poke|p1|Clodsire, F|
|poke|p1|Corviknight, F|
|poke|p2|Moltres-Galar|
|poke|p2|Haxorus, M|
|poke|p2|Thundurus-Therian, M|
|poke|p2|Scizor, M|
|poke|p2|Volcanion|
|poke|p2|Ninetales-Alola, F|
|teampreview
|
|t:|1781180526
|teamsize|p1|6
|teamsize|p2|6
|start
|switch|p1a: Beakblaster 3000|Pelipper, F|100/100
|switch|p2a: Scizor|Scizor, M|100/100
|-weather|RainDance|[from] ability: Drizzle|[of] p1a: Beakblaster 3000
|turn|1
|
|t:|1781180532
|move|p1a: Beakblaster 3000|U-turn|p2a: Scizor
|-resisted|p2a: Scizor
|-damage|p2a: Scizor|96/100
|
|t:|1781180538
|switch|p1a: kcuck off|Corviknight, F|100/100|[from] U-turn
|-ability|p1a: kcuck off|Pressure
|move|p2a: Scizor|U-turn|p1a: kcuck off
|-resisted|p1a: kcuck off
|-damage|p1a: kcuck off|91/100
|-damage|p2a: Scizor|80/100|[from] item: Rocky Helmet|[of] p1a: kcuck off
|
|t:|1781180549
|switch|p2a: Volcanion|Volcanion|100/100|[from] U-turn
|
|-weather|RainDance|[upkeep]
|upkeep
|turn|2
|
|t:|1781180556
|switch|p1a: Sire Slayton|Clodsire, F|100/100
|move|p2a: Volcanion|Earth Power|p1a: Sire Slayton
|-supereffective|p1a: Sire Slayton
|-damage|p1a: Sire Slayton|63/100
|
|-weather|RainDance|[upkeep]
|-heal|p1a: Sire Slayton|70/100|[from] item: Leftovers
|upkeep
|turn|3
|
|t:|1781180571
|switch|p2a: Scizor|Scizor, M|80/100
|move|p1a: Sire Slayton|Stealth Rock|p2a: Scizor
|-sidestart|p2: Luisowbro|move: Stealth Rock
|
|-weather|RainDance|[upkeep]
|-heal|p1a: Sire Slayton|76/100|[from] item: Leftovers
|upkeep
|turn|4
|
|t:|1781180578
|switch|p1a: kcuck off|Corviknight, F|91/100
|-ability|p1a: kcuck off|Pressure
|move|p2a: Scizor|Defog|p1a: kcuck off
|-unboost|p1a: kcuck off|evasion|1
|-sideend|p2: Luisowbro|Stealth Rock|[from] move: Defog|[of] p2a: Scizor
|
|-weather|RainDance|[upkeep]
|upkeep
|turn|5
|
|t:|1781180586
|switch|p2a: Ninetales|Ninetales-Alola, F, shiny|100/100
|-weather|Snowscape|[from] ability: Snow Warning|[of] p2a: Ninetales
|move|p1a: kcuck off|U-turn|p2a: Ninetales
|-resisted|p2a: Ninetales
|-damage|p2a: Ninetales|95/100
|
|t:|1781180592
|switch|p1a: Beakblaster 3000|Pelipper, F|100/100|[from] U-turn
|-weather|RainDance|[from] ability: Drizzle|[of] p1a: Beakblaster 3000
|
|-weather|RainDance|[upkeep]
|upkeep
|turn|6
|
|t:|1781180597
|switch|p1a: kcuck off|Corviknight, F|91/100
|-ability|p1a: kcuck off|Pressure
|move|p2a: Ninetales|Freeze-Dry|p1a: kcuck off
|-damage|p1a: kcuck off|73/100
|
|-weather|RainDance|[upkeep]
|upkeep
|turn|7
|
|t:|1781180606
|switch|p2a: Thundurus|Thundurus-Therian, M, shiny|100/100
|move|p1a: kcuck off|U-turn|p2a: Thundurus
|-resisted|p2a: Thundurus
|-damage|p2a: Thundurus|89/100
|
|t:|1781180612
|switch|p1a: Elongatedkou|Raging Bolt|100/100|[from] U-turn
|
|-weather|RainDance|[upkeep]
|upkeep
|turn|8
|
|t:|1781180617
|move|p2a: Thundurus|Volt Switch|p1a: Elongatedkou
|-resisted|p1a: Elongatedkou
|-damage|p1a: Elongatedkou|91/100
|
|t:|1781180621
|switch|p2a: Ninetales|Ninetales-Alola, F, shiny|95/100|[from] Volt Switch
|-weather|Snowscape|[from] ability: Snow Warning|[of] p2a: Ninetales
|move|p1a: Elongatedkou|Weather Ball|p2a: Ninetales
|-resisted|p2a: Ninetales
|-damage|p2a: Ninetales|75/100
|
|-weather|Snowscape|[upkeep]
|upkeep
|turn|9
|
|t:|1781180630
|move|p2a: Ninetales|Freeze-Dry|p1a: Elongatedkou
|-supereffective|p1a: Elongatedkou
|-crit|p1a: Elongatedkou
|-damage|p1a: Elongatedkou|35/100
|move|p1a: Elongatedkou|Thunder|p2a: Ninetales
|-damage|p2a: Ninetales|0 fnt
|faint|p2a: Ninetales
|
|-weather|Snowscape|[upkeep]
|upkeep
|
|t:|1781180641
|switch|p2a: Scizor|Scizor, M|80/100
|turn|10
|
|t:|1781180645
|move|p1a: Elongatedkou|Thunder|p2a: Scizor|[miss]
|-miss|p1a: Elongatedkou|p2a: Scizor
|move|p2a: Scizor|U-turn|p1a: Elongatedkou
|-damage|p1a: Elongatedkou|0 fnt
|faint|p1a: Elongatedkou
|-end|p1a: Elongatedkou|Protosynthesis|[silent]
|
|t:|1781180665
|switch|p2a: Volcanion|Volcanion|100/100|[from] U-turn
|
|-weather|Snowscape|[upkeep]
|upkeep
|
|t:|1781180676
|switch|p1a: Sire Slayton|Clodsire, F|76/100
|turn|11
|
|t:|1781180680
|move|p2a: Volcanion|Earth Power|p1a: Sire Slayton
|-supereffective|p1a: Sire Slayton
|-damage|p1a: Sire Slayton|37/100
|move|p1a: Sire Slayton|Stealth Rock|p2a: Volcanion
|-sidestart|p2: Luisowbro|move: Stealth Rock
|
|-weather|Snowscape|[upkeep]
|-heal|p1a: Sire Slayton|43/100|[from] item: Leftovers
|upkeep
|turn|12
|
|t:|1781180688
|-terastallize|p2a: Volcanion|Ground
|move|p2a: Volcanion|Earth Power|p1a: Sire Slayton
|-supereffective|p1a: Sire Slayton
|-damage|p1a: Sire Slayton|0 fnt
|faint|p1a: Sire Slayton
|
|-weather|none
|upkeep
|
|t:|1781180692
|switch|p1a: Backscratcher|Weavile, M|100/100
|-ability|p1a: Backscratcher|Pressure
|turn|13
|
|t:|1781180697
|move|p1a: Backscratcher|Swords Dance|p1a: Backscratcher
|-boost|p1a: Backscratcher|atk|2
|move|p2a: Volcanion|Flamethrower|p1a: Backscratcher
|-supereffective|p1a: Backscratcher
|-damage|p1a: Backscratcher|0 fnt
|faint|p1a: Backscratcher
|
|upkeep
|
|t:|1781180703
|switch|p1a: Beakblaster 3000|Pelipper, F|100/100
|-weather|RainDance|[from] ability: Drizzle|[of] p1a: Beakblaster 3000
|turn|14
|
|t:|1781180713
|move|p2a: Volcanion|Sludge Bomb|p1a: Beakblaster 3000
|-damage|p1a: Beakblaster 3000|55/100
|-status|p1a: Beakblaster 3000|psn
|move|p1a: Beakblaster 3000|Hurricane|p2a: Volcanion
|-damage|p2a: Volcanion|77/100
|
|-weather|RainDance|[upkeep]
|-damage|p1a: Beakblaster 3000|43/100 psn|[from] psn
|upkeep
|turn|15
|
|t:|1781180722
|move|p2a: Volcanion|Sludge Bomb|p1a: Beakblaster 3000
|-damage|p1a: Beakblaster 3000|0 fnt
|faint|p1a: Beakblaster 3000
|
|-weather|RainDance|[upkeep]
|upkeep
|
|t:|1781180725
|switch|p1a: Vincent Von Vain|Kingdra, M|100/100
|turn|16
|
|t:|1781180730
|move|p1a: Vincent Von Vain|Draco Meteor|p2a: Volcanion
|-damage|p2a: Volcanion|14/100
|-unboost|p1a: Vincent Von Vain|spa|2
|move|p2a: Volcanion|Sludge Bomb|p1a: Vincent Von Vain
|-damage|p1a: Vincent Von Vain|57/100
|
|-weather|RainDance|[upkeep]
|upkeep
|turn|17
|
|t:|1781180738
|move|p1a: Vincent Von Vain|Draco Meteor|p2a: Volcanion
|-damage|p2a: Volcanion|0 fnt
|-unboost|p1a: Vincent Von Vain|spa|2
|faint|p2a: Volcanion
|
|-weather|RainDance|[upkeep]
|upkeep
|-message|ihymyly forfeited.
|
|win|Luisowbro
|raw|ihymyly's rating: 1540 &rarr; <strong>1517</strong><br />(-23 for losing)
|raw|Luisowbro's rating: 1482 &rarr; <strong>1505</strong><br />(+23 for winning)
|l|☆ihymyly
|player|p1|
|l|☆Luisowbro
|player|p2|
