|j|☆lord shiddenfards
|j|☆waynegoobey
|t:|1781261103
|gametype|singles
|player|p1|lord shiddenfards|blaine|1698
|player|p2|waynegoobey|benga|1637
|gen|9
|tier|[Gen 9] OU
|rated|
|rule|HP Percentage Mod: HP is shown in percentages
|rule|Endless Battle Clause: Forcing endless battles is banned
|rule|Species Clause: Limit one of each Pokémon
|rule|OHKO Clause: OHKO moves are banned
|rule|Evasion Items Clause: Evasion items are banned
|rule|Evasion Moves Clause: Evasion moves are banned
|rule|Evasion Abilities Clause: Evasion abilities are banned
|rule|Sleep Moves Clause: Sleep-inducing moves are banned
|clearpoke
|poke|p1|Ninetales, M|
|poke|p1|Great Tusk|
|poke|p1|Slither Wing|
|poke|p1|Alomomola, F|
|poke|p1|Iron Moth|
|poke|p1|Raging Bolt|
|poke|p2|Hatterene, F|
|poke|p2|Kingambit, M|
|poke|p2|Moltres|
|poke|p2|Ursaluna, M|
|poke|p2|Ogerpon-Wellspring, F|
|poke|p2|Maushold-Four|
|teampreview
|inactive|Battle timer is ON: inactive players will automatically lose when time's up. (requested by waynegoobey)
|
|t:|1781261122
|teamsize|p1|6
|teamsize|p2|6
|start
|switch|p1a: Slither Wing|Slither Wing|100/100
|switch|p2a: Ogerpon|Ogerpon-Wellspring, F|100/100
|turn|1
|
|t:|1781261129
|switch|p2a: Moltres|Moltres|100/100
|-end|p1a: Slither Wing|Protosynthesis|[silent]
|switch|p1a: Raging Bolt|Raging Bolt|100/100
|
|upkeep
|turn|2
|
|t:|1781261142
|switch|p2a: Hatterene|Hatterene, F|100/100
|move|p1a: Raging Bolt|Draco Meteor|p2a: Hatterene
|-immune|p2a: Hatterene
|
|upkeep
|turn|3
|
|t:|1781261147
|move|p1a: Raging Bolt|Volt Switch|p2a: Hatterene
|-damage|p2a: Hatterene|54/100
|
|t:|1781261151
|-end|p1a: Raging Bolt|Protosynthesis|[silent]
|switch|p1a: Ninetales|Ninetales, M|100/100|[from] Volt Switch
|-weather|SunnyDay|[from] ability: Drought|[of] p1a: Ninetales
|move|p2a: Hatterene|Trick Room|p2a: Hatterene
|-fieldstart|move: Trick Room|[of] p2a: Hatterene
|
|-weather|SunnyDay|[upkeep]
|upkeep
|turn|4
|
|t:|1781261157
|switch|p2a: Moltres|Moltres|100/100
|move|p1a: Ninetales|Overheat|p2a: Moltres
|-resisted|p2a: Moltres
|-damage|p2a: Moltres|48/100
|-unboost|p1a: Ninetales|spa|2
|
|-weather|SunnyDay|[upkeep]
|upkeep
|turn|5
|
|t:|1781261164
|switch|p1a: Raging Bolt|Raging Bolt|100/100
|-activate|p1a: Raging Bolt|ability: Protosynthesis
|-start|p1a: Raging Bolt|protosynthesisspa
|move|p2a: Moltres|U-turn|p1a: Raging Bolt
|-damage|p1a: Raging Bolt|89/100
|
|t:|1781261167
|switch|p2a: Ursaluna|Ursaluna, M|100/100|[from] U-turn
|
|-weather|SunnyDay|[upkeep]
|-status|p2a: Ursaluna|brn|[from] item: Flame Orb
|upkeep
|turn|6
|
|t:|1781261177
|-end|p1a: Raging Bolt|Protosynthesis|[silent]
|switch|p1a: Alomomola|Alomomola, F|100/100
|move|p2a: Ursaluna|Earthquake|p1a: Alomomola
|-damage|p1a: Alomomola|43/100
|-enditem|p1a: Alomomola|Eject Button
|
|t:|1781261186
|switch|p1a: Slither Wing|Slither Wing|100/100
|-activate|p1a: Slither Wing|ability: Protosynthesis
|-start|p1a: Slither Wing|protosynthesisatk
|
|-weather|SunnyDay|[upkeep]
|-damage|p2a: Ursaluna|94/100 brn|[from] brn
|upkeep
|turn|7
|
|t:|1781261194
|-end|p1a: Slither Wing|Protosynthesis|[silent]
|switch|p1a: Alomomola|Alomomola, F|76/100
|move|p2a: Ursaluna|Facade|p1a: Alomomola
|-damage|p1a: Alomomola|0 fnt
|faint|p1a: Alomomola
|
|-weather|none
|-damage|p2a: Ursaluna|88/100 brn|[from] brn
|-fieldend|move: Trick Room
|upkeep
|
|t:|1781261201
|switch|p1a: Ninetales|Ninetales, M|100/100
|-weather|SunnyDay|[from] ability: Drought|[of] p1a: Ninetales
|turn|8
|inactive|waynegoobey has 120 seconds left.
|
|t:|1781261234
|switch|p2a: Maushold|Maushold-Four|100/100
|move|p1a: Ninetales|Overheat|p2a: Maushold
|-damage|p2a: Maushold|0 fnt
|-unboost|p1a: Ninetales|spa|2
|faint|p2a: Maushold
|
|-weather|SunnyDay|[upkeep]
|upkeep
|inactive|waynegoobey has 120 seconds left.
|
|t:|1781261250
|switch|p2a: Hatterene|Hatterene, F|54/100
|turn|9
|
|t:|1781261255
|move|p1a: Ninetales|Overheat|p2a: Hatterene
|-damage|p2a: Hatterene|0 fnt
|-unboost|p1a: Ninetales|spa|2
|faint|p2a: Hatterene
|
|-weather|SunnyDay|[upkeep]
|upkeep
|
|t:|1781261258
|switch|p2a: Ursaluna|Ursaluna, M|88/100 brn
|turn|10
|
|t:|1781261269
|switch|p1a: Great Tusk|Great Tusk|100/100
|-activate|p1a: Great Tusk|ability: Protosynthesis
|-start|p1a: Great Tusk|protosynthesisspe
|move|p2a: Ursaluna|Facade|p1a: Great Tusk
|-damage|p1a: Great Tusk|20/100
|
|-weather|SunnyDay|[upkeep]
|-damage|p2a: Ursaluna|82/100 brn|[from] brn
|upkeep
|turn|11
|
|t:|1781261276
|switch|p2a: Moltres|Moltres|48/100
|move|p1a: Great Tusk|Headlong Rush|p2a: Moltres
|-immune|p2a: Moltres
|
|-weather|SunnyDay|[upkeep]
|upkeep
|turn|12
|
|t:|1781261281
|-end|p1a: Great Tusk|Protosynthesis|[silent]
|switch|p1a: Raging Bolt|Raging Bolt|89/100
|-activate|p1a: Raging Bolt|ability: Protosynthesis
|-start|p1a: Raging Bolt|protosynthesisspa
|move|p2a: Moltres|Roost|p2a: Moltres
|-heal|p2a: Moltres|98/100
|-singleturn|p2a: Moltres|move: Roost
|
|-weather|none
|-end|p1a: Raging Bolt|Protosynthesis
|upkeep
|turn|13
|inactive|waynegoobey has 120 seconds left.
|
|t:|1781261313
|switch|p2a: Ogerpon|Ogerpon-Wellspring, F|100/100
|move|p1a: Raging Bolt|Draco Meteor|p2a: Ogerpon
|-damage|p2a: Ogerpon|3/100
|-unboost|p1a: Raging Bolt|spa|2
|
|upkeep
|turn|14
|
|t:|1781261321
|move|p1a: Raging Bolt|Thunderclap|p2a: Ogerpon
|-damage|p2a: Ogerpon|0 fnt
|faint|p2a: Ogerpon
|
|upkeep
|inactive|waynegoobey has 120 seconds left.
|
|t:|1781261336
|switch|p2a: Kingambit|Kingambit, M|100/100
|-activate|p2a: Kingambit|ability: Supreme Overlord
|-start|p2a: Kingambit|fallen3|[silent]
|turn|15
|
|t:|1781261341
|move|p1a: Raging Bolt|Volt Switch|p2a: Kingambit
|-damage|p2a: Kingambit|82/100
|
|t:|1781261360
|-end|p1a: Raging Bolt|Protosynthesis|[silent]
|switch|p1a: Great Tusk|Great Tusk|20/100|[from] Volt Switch
|move|p2a: Kingambit|Swords Dance|p2a: Kingambit
|-boost|p2a: Kingambit|atk|2
|
|upkeep
|turn|16
|
|t:|1781261365
|move|p2a: Kingambit|Sucker Punch||[still]
|-fail|p2a: Kingambit
|move|p1a: Great Tusk|Bulk Up|p1a: Great Tusk
|-boost|p1a: Great Tusk|atk|1
|-boost|p1a: Great Tusk|def|1
|
|upkeep
|turn|17
|
|t:|1781261373
|move|p1a: Great Tusk|Bulk Up|p1a: Great Tusk
|-boost|p1a: Great Tusk|atk|1
|-boost|p1a: Great Tusk|def|1
|move|p2a: Kingambit|Kowtow Cleave|p1a: Great Tusk
|-resisted|p1a: Great Tusk
|-damage|p1a: Great Tusk|0 fnt
|faint|p1a: Great Tusk
|-end|p1a: Great Tusk|Protosynthesis|[silent]
|
|upkeep
|j| Cigtar
|
|t:|1781261380
|switch|p1a: Slither Wing|Slither Wing|100/100
|turn|18
|
|t:|1781261387
|-end|p2a: Kingambit|fallen3|[silent]
|switch|p2a: Moltres|Moltres|98/100
|move|p1a: Slither Wing|Close Combat|p2a: Moltres
|-resisted|p2a: Moltres
|-damage|p2a: Moltres|64/100
|-unboost|p1a: Slither Wing|def|1
|-unboost|p1a: Slither Wing|spd|1
|-status|p1a: Slither Wing|brn|[from] ability: Flame Body|[of] p2a: Moltres
|
|-damage|p1a: Slither Wing|94/100 brn|[from] brn
|upkeep
|turn|19
|
|t:|1781261394
|-end|p1a: Slither Wing|Protosynthesis|[silent]
|switch|p1a: Ninetales|Ninetales, M|100/100
|-weather|SunnyDay|[from] ability: Drought|[of] p1a: Ninetales
|move|p2a: Moltres|U-turn|p1a: Ninetales
|-resisted|p1a: Ninetales
|-damage|p1a: Ninetales|89/100
|
|t:|1781261397
|switch|p2a: Ursaluna|Ursaluna, M|82/100 brn|[from] U-turn
|
|-weather|SunnyDay|[upkeep]
|-damage|p2a: Ursaluna|76/100 brn|[from] brn
|upkeep
|turn|20
|
|t:|1781261404
|move|p1a: Ninetales|Overheat|p2a: Ursaluna|[miss]
|-miss|p1a: Ninetales|p2a: Ursaluna
|move|p2a: Ursaluna|Facade|p1a: Ninetales
|-damage|p1a: Ninetales|0 fnt
|faint|p1a: Ninetales
|
|-weather|SunnyDay|[upkeep]
|-damage|p2a: Ursaluna|70/100 brn|[from] brn
|upkeep
|
|t:|1781261409
|switch|p1a: Slither Wing|Slither Wing|94/100 brn
|-activate|p1a: Slither Wing|ability: Protosynthesis
|-start|p1a: Slither Wing|protosynthesisatk
|turn|21
|
|t:|1781261415
|switch|p2a: Moltres|Moltres|64/100
|move|p1a: Slither Wing|U-turn|p2a: Moltres
|-resisted|p2a: Moltres
|-damage|p2a: Moltres|57/100
|
|t:|1781261417
|-end|p1a: Slither Wing|Protosynthesis|[silent]
|switch|p1a: Raging Bolt|Raging Bolt|89/100|[from] U-turn
|-activate|p1a: Raging Bolt|ability: Protosynthesis
|-start|p1a: Raging Bolt|protosynthesisspa
|
|-weather|SunnyDay|[upkeep]
|upkeep
|turn|22
|
|t:|1781261425
|move|p2a: Moltres|Flamethrower|p1a: Raging Bolt
|-resisted|p1a: Raging Bolt
|-damage|p1a: Raging Bolt|72/100
|move|p1a: Raging Bolt|Draco Meteor|p2a: Moltres
|-damage|p2a: Moltres|0 fnt
|-unboost|p1a: Raging Bolt|spa|2
|faint|p2a: Moltres
|
|-weather|SunnyDay|[upkeep]
|upkeep
|
|t:|1781261451
|switch|p2a: Ursaluna|Ursaluna, M|70/100 brn
|turn|23
|
|t:|1781261465
|-end|p1a: Raging Bolt|Protosynthesis|[silent]
|switch|p1a: Iron Moth|Iron Moth|100/100
|-enditem|p1a: Iron Moth|Booster Energy
|-activate|p1a: Iron Moth|ability: Quark Drive|[fromitem]
|-start|p1a: Iron Moth|quarkdrivespe
|move|p2a: Ursaluna|Facade|p1a: Iron Moth
|-damage|p1a: Iron Moth|0 fnt
|faint|p1a: Iron Moth
|-end|p1a: Iron Moth|Quark Drive|[silent]
|
|-weather|none
|-damage|p2a: Ursaluna|63/100 brn|[from] brn
|upkeep
|
|t:|1781261467
|switch|p1a: Slither Wing|Slither Wing|94/100 brn
|turn|24
|
|t:|1781261476
|-terastallize|p2a: Ursaluna|Ghost
|move|p1a: Slither Wing|Close Combat|p2a: Ursaluna
|-immune|p2a: Ursaluna
|move|p2a: Ursaluna|Facade|p1a: Slither Wing
|-damage|p1a: Slither Wing|0 fnt
|faint|p1a: Slither Wing
|-end|p1a: Slither Wing|Protosynthesis|[silent]
|
|-damage|p2a: Ursaluna|57/100 brn|[from] brn
|upkeep
|
|t:|1781261481
|switch|p1a: Raging Bolt|Raging Bolt|72/100
|turn|25
|
|t:|1781261491
|-terastallize|p1a: Raging Bolt|Fairy
|move|p1a: Raging Bolt|Volt Switch|p2a: Ursaluna
|-damage|p2a: Ursaluna|18/100 brn
|move|p2a: Ursaluna|Facade|p1a: Raging Bolt
|-damage|p1a: Raging Bolt|0 fnt
|faint|p1a: Raging Bolt
|-end|p1a: Raging Bolt|Protosynthesis|[silent]
|
|win|waynegoobey
|raw|lord shiddenfards's rating: 1698 &rarr; <strong>1675</strong><br />(-23 for losing)
|raw|waynegoobey's rating: 1637 &rarr; <strong>1660</strong><br />(+23 for winning)
|l|☆lord shiddenfards
|player|p1|
|l|☆waynegoobey
|player|p2|
|l| Cigtar
