|j|☆n5v
|j|☆Mawile442
|t:|1781355966
|gametype|singles
|player|p1|n5v|leon-masters|1737
|player|p2|Mawile442|170|1736
|gen|9
|tier|[Gen 9] OU
|rated|
|rule|HP Percentage Mod: HP is shown in percentages
|rule|Endless Battle Clause: Forcing endless battles is banned
|rule|Species Clause: Limit one of each Pokémon
|rule|OHKO Clause: OHKO moves are banned
|rule|Evasion Items Clause: Evasion items are banned
|rule|Evasion Moves Clause: Evasion moves are banned
|rule|Evasion Abilities Clause: Evasion abilities are banned
|rule|Sleep Moves Clause: Sleep-inducing moves are banned
|clearpoke
|poke|p1|Raging Bolt|
|poke|p1|Enamorus, F|
|poke|p1|Rillaboom, M|
|poke|p1|Kingambit, F|
|poke|p1|Great Tusk|
|poke|p1|Slowking-Galar, F|
|poke|p2|Sandy Shocks|
|poke|p2|Scizor, F|
|poke|p2|Manaphy|
|poke|p2|Latios, M|
|poke|p2|Ogerpon, F|
|poke|p2|Iron Jugulis|
|teampreview
|c|☆n5v|glhf
|inactive|Battle timer is ON: inactive players will automatically lose when time's up. (requested by n5v)
|
|t:|1781355986
|teamsize|p1|6
|teamsize|p2|6
|start
|switch|p1a: diddy kong|Rillaboom, M, shiny|100/100
|switch|p2a: Iron Jugulis|Iron Jugulis, shiny|100/100
|-fieldstart|move: Grassy Terrain|[from] ability: Grassy Surge|[of] p1a: diddy kong
|-enditem|p2a: Iron Jugulis|Booster Energy
|-activate|p2a: Iron Jugulis|ability: Quark Drive|[fromitem]
|-start|p2a: Iron Jugulis|quarkdrivespe
|turn|1
|
|t:|1781355997
|switch|p1a: goobing bolt|Raging Bolt|100/100
|move|p2a: Iron Jugulis|Earth Power|p1a: goobing bolt
|-supereffective|p1a: goobing bolt
|-damage|p1a: goobing bolt|46/100
|
|-heal|p1a: goobing bolt|53/100|[from] Grassy Terrain
|upkeep
|turn|2
|
|t:|1781356012
|-terastallize|p2a: Iron Jugulis|Ground
|move|p2a: Iron Jugulis|Earth Power|p1a: goobing bolt
|-supereffective|p1a: goobing bolt
|-damage|p1a: goobing bolt|0 fnt
|faint|p1a: goobing bolt
|-end|p1a: goobing bolt|Protosynthesis|[silent]
|
|upkeep
|
|t:|1781356018
|switch|p1a: diddy kong|Rillaboom, M, shiny|100/100
|turn|3
|
|t:|1781356022
|-end|p2a: Iron Jugulis|Quark Drive|[silent]
|switch|p2a: Scizor|Scizor, F|100/100
|move|p1a: diddy kong|Grassy Glide|p2a: Scizor
|-resisted|p2a: Scizor
|-damage|p2a: Scizor|85/100
|
|-heal|p2a: Scizor|91/100|[from] Grassy Terrain
|upkeep
|turn|4
|
|t:|1781356033
|switch|p1a: cheap tusk|Great Tusk|100/100
|switch|p2a: Iron Jugulis|Iron Jugulis, shiny, tera:Ground|100/100
|
|upkeep
|turn|5
|
|t:|1781356039
|-end|p1a: cheap tusk|Protosynthesis|[silent]
|switch|p1a: wake not walking|Slowking-Galar, F|100/100
|move|p2a: Iron Jugulis|Hurricane|p1a: wake not walking|[miss]
|-miss|p2a: Iron Jugulis|p1a: wake not walking
|
|-fieldend|move: Grassy Terrain
|upkeep
|turn|6
|j| cocovillain
|
|t:|1781356044
|move|p2a: Iron Jugulis|Earth Power|p1a: wake not walking
|-supereffective|p1a: wake not walking
|-damage|p1a: wake not walking|54/100
|move|p1a: wake not walking|Ice Beam|p2a: Iron Jugulis
|-supereffective|p2a: Iron Jugulis
|-damage|p2a: Iron Jugulis|30/100
|
|upkeep
|turn|7
|
|t:|1781356054
|move|p2a: Iron Jugulis|Dark Pulse|p1a: wake not walking
|-supereffective|p1a: wake not walking
|-damage|p1a: wake not walking|14/100
|cant|p1a: wake not walking|flinch
|
|upkeep
|turn|8
|
|t:|1781356060
|switch|p1a: diddy kong|Rillaboom, M, shiny|100/100
|-fieldstart|move: Grassy Terrain|[from] ability: Grassy Surge|[of] p1a: diddy kong
|move|p2a: Iron Jugulis|Dark Pulse|p1a: diddy kong
|-damage|p1a: diddy kong|47/100
|
|-heal|p2a: Iron Jugulis|36/100|[from] Grassy Terrain
|-heal|p1a: diddy kong|53/100|[from] Grassy Terrain
|upkeep
|turn|9
|
|t:|1781356065
|move|p1a: diddy kong|Grassy Glide|p2a: Iron Jugulis
|-supereffective|p2a: Iron Jugulis
|-damage|p2a: Iron Jugulis|0 fnt
|faint|p2a: Iron Jugulis
|-end|p2a: Iron Jugulis|Quark Drive|[silent]
|
|-heal|p1a: diddy kong|59/100|[from] Grassy Terrain
|upkeep
|
|t:|1781356080
|switch|p2a: Ogerpon|Ogerpon, F|100/100
|turn|10
|
|t:|1781356089
|switch|p1a: neededaghostresist|Kingambit, F, shiny|100/100
|-activate|p1a: neededaghostresist|ability: Supreme Overlord
|-start|p1a: neededaghostresist|fallen1|[silent]
|move|p2a: Ogerpon|Swords Dance|p2a: Ogerpon
|-boost|p2a: Ogerpon|atk|2
|
|upkeep
|turn|11
|
|t:|1781356099
|move|p2a: Ogerpon|Low Kick|p1a: neededaghostresist
|-supereffective|p1a: neededaghostresist
|-damage|p1a: neededaghostresist|0 fnt
|faint|p1a: neededaghostresist
|-end|p1a: neededaghostresist|fallen1|[silent]
|
|upkeep
|
|t:|1781356101
|switch|p1a: gay alladin|Enamorus, F|100/100
|turn|12
|-message|n5v forfeited.
|
|win|Mawile442
|raw|n5v's rating: 1737 &rarr; <strong>1717</strong><br />(-20 for losing)
|raw|Mawile442's rating: 1736 &rarr; <strong>1756</strong><br />(+20 for winning)
|l|☆n5v
|player|p1|
|l|☆Mawile442
|player|p2|
|l| cocovillain
