|j|☆Luisowbro
|j|☆gintamaxxoo
|t:|1781110771
|gametype|singles
|player|p1|Luisowbro|ingo|1548
|player|p2|gintamaxxoo|cyclist-gen4|1597
|gen|9
|tier|[Gen 9] OU
|rated|
|rule|HP Percentage Mod: HP is shown in percentages
|rule|Endless Battle Clause: Forcing endless battles is banned
|rule|Species Clause: Limit one of each Pokémon
|rule|OHKO Clause: OHKO moves are banned
|rule|Evasion Items Clause: Evasion items are banned
|rule|Evasion Moves Clause: Evasion moves are banned
|rule|Evasion Abilities Clause: Evasion abilities are banned
|rule|Sleep Moves Clause: Sleep-inducing moves are banned
|clearpoke
|poke|p1|Moltres-Galar|
|poke|p1|Haxorus, M|
|poke|p1|Thundurus-Therian, M|
|poke|p1|Scizor, M|
|poke|p1|Volcanion|
|poke|p1|Ninetales-Alola, F|
|poke|p2|Ting-Lu|
|poke|p2|Gliscor, F|
|poke|p2|Sinistcha-Masterpiece|
|poke|p2|Keldeo|
|poke|p2|Tinkaton, F|
|poke|p2|Dragonite, M|
|teampreview
|inactive|Battle timer is ON: inactive players will automatically lose when time's up. (requested by gintamaxxoo)
|
|t:|1781110797
|teamsize|p1|6
|teamsize|p2|6
|start
|switch|p1a: Volcanion|Volcanion|100/100
|switch|p2a: Jarhead|Ting-Lu|100/100
|-ability|p2a: Jarhead|Vessel of Ruin
|turn|1
|
|t:|1781110805
|move|p1a: Volcanion|Steam Eruption|p2a: Jarhead
|-supereffective|p2a: Jarhead
|-damage|p2a: Jarhead|46/100
|move|p2a: Jarhead|Spikes|p1a: Volcanion
|-sidestart|p1: Luisowbro|Spikes
|
|-heal|p2a: Jarhead|53/100|[from] item: Leftovers
|upkeep
|turn|2
|
|t:|1781110812
|switch|p2a: Secret Service|Dragonite, M|100/100
|move|p1a: Volcanion|Steam Eruption|p2a: Secret Service
|-resisted|p2a: Secret Service
|-crit|p2a: Secret Service
|-damage|p2a: Secret Service|81/100
|-status|p2a: Secret Service|brn
|
|-damage|p2a: Secret Service|75/100 brn|[from] brn
|upkeep
|turn|3
|
|t:|1781110832
|switch|p2a: Tinkki Minaj|Tinkaton, F|100/100
|-ability|p2a: Tinkki Minaj|Mold Breaker
|-item|p2a: Tinkki Minaj|Air Balloon
|switch|p1a: Thundurus|Thundurus-Therian, M, shiny|100/100
|
|upkeep
|turn|4
|
|t:|1781110841
|switch|p2a: Jarhead|Ting-Lu|53/100
|-ability|p2a: Jarhead|Vessel of Ruin
|move|p1a: Thundurus|Volt Switch|p2a: Jarhead
|-immune|p2a: Jarhead
|
|-heal|p2a: Jarhead|59/100|[from] item: Leftovers
|upkeep
|turn|5
|
|t:|1781110849
|switch|p1a: Scizor|Scizor, M|100/100
|-damage|p1a: Scizor|88/100|[from] Spikes
|move|p2a: Jarhead|Whirlwind|p1a: Scizor
|drag|p1a: Moltres|Moltres-Galar, shiny|100/100
|
|-heal|p2a: Jarhead|65/100|[from] item: Leftovers
|upkeep
|turn|6
|
|t:|1781110860
|move|p1a: Moltres|Nasty Plot|p1a: Moltres
|-boost|p1a: Moltres|spa|2
|move|p2a: Jarhead|Spikes|p1a: Moltres
|-sidestart|p1: Luisowbro|Spikes
|
|-heal|p2a: Jarhead|71/100|[from] item: Leftovers
|upkeep
|turn|7
|
|t:|1781110866
|move|p1a: Moltres|Air Slash|p2a: Jarhead
|-damage|p2a: Jarhead|43/100
|move|p2a: Jarhead|Whirlwind|p1a: Moltres
|drag|p1a: Volcanion|Volcanion|100/100
|-damage|p1a: Volcanion|84/100|[from] Spikes
|
|-heal|p2a: Jarhead|49/100|[from] item: Leftovers
|upkeep
|turn|8
|
|t:|1781110874
|switch|p2a: My Little Pwny|Keldeo|100/100
|move|p1a: Volcanion|Steam Eruption|p2a: My Little Pwny
|-resisted|p2a: My Little Pwny
|-damage|p2a: My Little Pwny|67/100
|
|upkeep
|turn|9
|
|t:|1781110881
|move|p2a: My Little Pwny|Aura Sphere|p1a: Volcanion
|-crit|p1a: Volcanion
|-damage|p1a: Volcanion|44/100
|move|p1a: Volcanion|Sludge Bomb|p2a: My Little Pwny
|-damage|p2a: My Little Pwny|28/100
|
|upkeep
|turn|10
|
|t:|1781110888
|move|p2a: My Little Pwny|Aura Sphere|p1a: Volcanion
|-damage|p1a: Volcanion|17/100
|move|p1a: Volcanion|Sludge Bomb|p2a: My Little Pwny
|-damage|p2a: My Little Pwny|0 fnt
|faint|p2a: My Little Pwny
|
|upkeep
|
|t:|1781110897
|switch|p2a: Dance Armstrong|Gliscor, F|100/100
|turn|11
|
|t:|1781110900
|move|p2a: Dance Armstrong|Knock Off|p1a: Volcanion
|-damage|p1a: Volcanion|0 fnt
|-enditem|p1a: Volcanion|Assault Vest|[from] move: Knock Off|[of] p2a: Dance Armstrong
|faint|p1a: Volcanion
|
|-status|p2a: Dance Armstrong|tox|[from] item: Toxic Orb
|upkeep
|
|t:|1781110906
|switch|p1a: Scizor|Scizor, M|88/100
|-damage|p1a: Scizor|72/100|[from] Spikes
|turn|12
|
|t:|1781110917
|move|p2a: Dance Armstrong|Knock Off|p1a: Scizor
|-damage|p1a: Scizor|49/100
|-enditem|p1a: Scizor|Choice Band|[from] move: Knock Off|[of] p2a: Dance Armstrong
|move|p1a: Scizor|Defog|p2a: Dance Armstrong
|-unboost|p2a: Dance Armstrong|evasion|1
|-sideend|p1: Luisowbro|Spikes|[from] move: Defog|[of] p1a: Scizor
|
|upkeep
|turn|13
|
|t:|1781110931
|move|p2a: Dance Armstrong|Swords Dance|p2a: Dance Armstrong
|-boost|p2a: Dance Armstrong|atk|2
|move|p1a: Scizor|U-turn|p2a: Dance Armstrong
|-resisted|p2a: Dance Armstrong
|-crit|p2a: Dance Armstrong
|-damage|p2a: Dance Armstrong|75/100 tox
|
|t:|1781110938
|switch|p1a: Ninetales|Ninetales-Alola, F, shiny|100/100|[from] U-turn
|-weather|Snowscape|[from] ability: Snow Warning|[of] p1a: Ninetales
|
|-weather|Snowscape|[upkeep]
|-heal|p2a: Dance Armstrong|88/100 tox|[from] ability: Poison Heal
|upkeep
|turn|14
|
|t:|1781110945
|switch|p2a: Tinkki Minaj|Tinkaton, F|100/100
|-ability|p2a: Tinkki Minaj|Mold Breaker
|-item|p2a: Tinkki Minaj|Air Balloon
|move|p1a: Ninetales|Aurora Veil|p1a: Ninetales
|-sidestart|p1: Luisowbro|move: Aurora Veil
|
|-weather|Snowscape|[upkeep]
|upkeep
|turn|15
|
|t:|1781110956
|switch|p1a: Scizor|Scizor, M|49/100
|move|p2a: Tinkki Minaj|Stealth Rock|p1a: Scizor
|-sidestart|p1: Luisowbro|move: Stealth Rock
|
|-weather|Snowscape|[upkeep]
|upkeep
|turn|16
|
|t:|1781110964
|switch|p2a: Secret Service|Dragonite, M|75/100 brn
|move|p1a: Scizor|Defog|p2a: Secret Service
|-unboost|p2a: Secret Service|evasion|1
|-sideend|p1: Luisowbro|Stealth Rock|[from] move: Defog|[of] p1a: Scizor
|
|-weather|Snowscape|[upkeep]
|-damage|p2a: Secret Service|68/100 brn|[from] brn
|upkeep
|turn|17
|
|t:|1781110976
|move|p2a: Secret Service|Roost|p2a: Secret Service
|-heal|p2a: Secret Service|100/100 brn
|-singleturn|p2a: Secret Service|move: Roost
|move|p1a: Scizor|U-turn|p2a: Secret Service
|-damage|p2a: Secret Service|83/100 brn
|
|t:|1781110990
|switch|p1a: Haxorus|Haxorus, M, shiny|100/100|[from] U-turn
|-ability|p1a: Haxorus|Mold Breaker
|
|-weather|none
|-damage|p2a: Secret Service|76/100 brn|[from] brn
|upkeep
|turn|18
|
|t:|1781110998
|move|p1a: Haxorus|Swords Dance|p1a: Haxorus
|-boost|p1a: Haxorus|atk|2
|move|p2a: Secret Service|Dragon Tail|p1a: Haxorus
|-supereffective|p1a: Haxorus
|-damage|p1a: Haxorus|78/100
|drag|p1a: Scizor|Scizor, M|49/100
|
|-damage|p2a: Secret Service|70/100 brn|[from] brn
|upkeep
|turn|19
|
|t:|1781111006
|switch|p2a: Dance Armstrong|Gliscor, F|88/100 tox
|move|p1a: Scizor|U-turn|p2a: Dance Armstrong
|-resisted|p2a: Dance Armstrong
|-damage|p2a: Dance Armstrong|70/100 tox
|
|t:|1781111013
|switch|p1a: Ninetales|Ninetales-Alola, F, shiny|100/100|[from] U-turn
|-weather|Snowscape|[from] ability: Snow Warning|[of] p1a: Ninetales
|
|-weather|Snowscape|[upkeep]
|-heal|p2a: Dance Armstrong|83/100 tox|[from] ability: Poison Heal
|upkeep
|turn|20
|
|t:|1781111032
|-terastallize|p2a: Dance Armstrong|Normal
|move|p1a: Ninetales|Freeze-Dry|p2a: Dance Armstrong
|-damage|p2a: Dance Armstrong|59/100 tox
|move|p2a: Dance Armstrong|Facade|p1a: Ninetales
|-damage|p1a: Ninetales|82/100
|
|-weather|Snowscape|[upkeep]
|-heal|p2a: Dance Armstrong|71/100 tox|[from] ability: Poison Heal
|upkeep
|turn|21
|
|t:|1781111041
|switch|p1a: Haxorus|Haxorus, M, shiny|78/100
|-ability|p1a: Haxorus|Mold Breaker
|move|p2a: Dance Armstrong|Facade|p1a: Haxorus
|-damage|p1a: Haxorus|47/100
|
|-weather|Snowscape|[upkeep]
|-heal|p2a: Dance Armstrong|84/100 tox|[from] ability: Poison Heal
|-sideend|p1: Luisowbro|move: Aurora Veil
|upkeep
|turn|22
|
|t:|1781111052
|move|p1a: Haxorus|Close Combat|p2a: Dance Armstrong
|-supereffective|p2a: Dance Armstrong
|-damage|p2a: Dance Armstrong|12/100 tox
|-unboost|p1a: Haxorus|def|1
|-unboost|p1a: Haxorus|spd|1
|move|p2a: Dance Armstrong|Facade|p1a: Haxorus
|-damage|p1a: Haxorus|0 fnt
|faint|p1a: Haxorus
|
|-weather|Snowscape|[upkeep]
|-heal|p2a: Dance Armstrong|25/100 tox|[from] ability: Poison Heal
|upkeep
|
|t:|1781111063
|switch|p1a: Thundurus|Thundurus-Therian, M, shiny|100/100
|turn|23
|
|t:|1781111069
|move|p2a: Dance Armstrong|Protect|p2a: Dance Armstrong
|-singleturn|p2a: Dance Armstrong|Protect
|move|p1a: Thundurus|Focus Blast|p2a: Dance Armstrong
|-activate|p2a: Dance Armstrong|move: Protect
|
|-weather|none
|-heal|p2a: Dance Armstrong|37/100 tox|[from] ability: Poison Heal
|upkeep
|turn|24
|
|t:|1781111079
|switch|p1a: Moltres|Moltres-Galar, shiny|100/100
|switch|p2a: Tchavis Scott|Sinistcha-Masterpiece|100/100
|
|upkeep
|turn|25
|
|t:|1781111085
|switch|p2a: Tinkki Minaj|Tinkaton, F|100/100
|-ability|p2a: Tinkki Minaj|Mold Breaker
|-item|p2a: Tinkki Minaj|Air Balloon
|move|p1a: Moltres|Nasty Plot|p1a: Moltres
|-boost|p1a: Moltres|spa|2
|
|upkeep
|turn|26
|
|t:|1781111097
|move|p2a: Tinkki Minaj|Encore|p1a: Moltres
|-start|p1a: Moltres|Encore
|move|p1a: Moltres|Nasty Plot|p1a: Moltres
|-boost|p1a: Moltres|spa|2
|
|upkeep
|turn|27
|
|t:|1781111103
|switch|p1a: Scizor|Scizor, M|49/100
|move|p2a: Tinkki Minaj|Stealth Rock|p1a: Scizor
|-sidestart|p1: Luisowbro|move: Stealth Rock
|
|upkeep
|turn|28
|
|t:|1781111125
|move|p2a: Tinkki Minaj|Thunder Wave|p1a: Scizor
|-status|p1a: Scizor|par
|move|p1a: Scizor|Defog|p2a: Tinkki Minaj
|-unboost|p2a: Tinkki Minaj|evasion|1
|-sideend|p1: Luisowbro|Stealth Rock|[from] move: Defog|[of] p1a: Scizor
|
|upkeep
|turn|29
|
|t:|1781111132
|cant|p1a: Scizor|par
|move|p2a: Tinkki Minaj|Stealth Rock|p1a: Scizor
|-sidestart|p1: Luisowbro|move: Stealth Rock
|
|upkeep
|turn|30
|
|t:|1781111137
|move|p1a: Scizor|Bullet Punch|p2a: Tinkki Minaj
|-damage|p2a: Tinkki Minaj|65/100
|-enditem|p2a: Tinkki Minaj|Air Balloon
|move|p2a: Tinkki Minaj|Encore|p1a: Scizor
|-start|p1a: Scizor|Encore
|
|upkeep
|turn|31
|
|t:|1781111148
|switch|p2a: Tchavis Scott|Sinistcha-Masterpiece|100/100
|move|p1a: Scizor|Bullet Punch|p2a: Tchavis Scott
|-damage|p2a: Tchavis Scott|76/100
|
|upkeep
|turn|32
|
|t:|1781111157
|switch|p2a: Dance Armstrong|Gliscor, F, tera:Normal|37/100 tox
|switch|p1a: Ninetales|Ninetales-Alola, F, shiny|82/100
|-damage|p1a: Ninetales|57/100|[from] Stealth Rock
|-weather|Snowscape|[from] ability: Snow Warning|[of] p1a: Ninetales
|
|-weather|Snowscape|[upkeep]
|-heal|p2a: Dance Armstrong|50/100 tox|[from] ability: Poison Heal
|upkeep
|turn|33
|
|t:|1781111166
|move|p1a: Ninetales|Aurora Veil|p1a: Ninetales
|-sidestart|p1: Luisowbro|move: Aurora Veil
|move|p2a: Dance Armstrong|Facade|p1a: Ninetales
|-crit|p1a: Ninetales
|-damage|p1a: Ninetales|0 fnt
|faint|p1a: Ninetales
|
|-weather|Snowscape|[upkeep]
|-heal|p2a: Dance Armstrong|62/100 tox|[from] ability: Poison Heal
|upkeep
|
|t:|1781111190
|switch|p1a: Moltres|Moltres-Galar, shiny|100/100
|-damage|p1a: Moltres|75/100|[from] Stealth Rock
|turn|34
|
|t:|1781111195
|switch|p2a: Tinkki Minaj|Tinkaton, F|65/100
|-ability|p2a: Tinkki Minaj|Mold Breaker
|move|p1a: Moltres|Agility|p1a: Moltres
|-boost|p1a: Moltres|spe|2
|
|-weather|Snowscape|[upkeep]
|upkeep
|turn|35
|
|t:|1781111204
|move|p1a: Moltres|Fiery Wrath|p2a: Tinkki Minaj
|-resisted|p2a: Tinkki Minaj
|-damage|p2a: Tinkki Minaj|48/100
|move|p2a: Tinkki Minaj|Thunder Wave|p1a: Moltres
|-status|p1a: Moltres|par
|
|-weather|Snowscape|[upkeep]
|upkeep
|turn|36
|
|t:|1781111216
|switch|p2a: Dance Armstrong|Gliscor, F, tera:Normal|62/100 tox
|switch|p1a: Thundurus|Thundurus-Therian, M, shiny|100/100
|-damage|p1a: Thundurus|76/100|[from] Stealth Rock
|
|-weather|none
|-heal|p2a: Dance Armstrong|75/100 tox|[from] ability: Poison Heal
|upkeep
|turn|37
|
|t:|1781111225
|move|p2a: Dance Armstrong|Protect|p2a: Dance Armstrong
|-singleturn|p2a: Dance Armstrong|Protect
|move|p1a: Thundurus|Volt Switch|p2a: Dance Armstrong
|-activate|p2a: Dance Armstrong|move: Protect
|
|-heal|p2a: Dance Armstrong|87/100 tox|[from] ability: Poison Heal
|upkeep
|turn|38
|
|t:|1781111234
|switch|p1a: Scizor|Scizor, M|49/100 par
|-damage|p1a: Scizor|37/100 par|[from] Stealth Rock
|move|p2a: Dance Armstrong|Facade|p1a: Scizor
|-resisted|p1a: Scizor
|-damage|p1a: Scizor|25/100 par
|
|-heal|p2a: Dance Armstrong|99/100 tox|[from] ability: Poison Heal
|upkeep
|turn|39
|
|t:|1781111243
|move|p2a: Dance Armstrong|Swords Dance|p2a: Dance Armstrong
|-boost|p2a: Dance Armstrong|atk|2
|cant|p1a: Scizor|par
|
|-heal|p2a: Dance Armstrong|100/100 tox|[from] ability: Poison Heal
|upkeep
|turn|40
|
|t:|1781111249
|move|p2a: Dance Armstrong|Facade|p1a: Scizor
|-resisted|p1a: Scizor
|-damage|p1a: Scizor|0 fnt
|faint|p1a: Scizor
|
|-sideend|p1: Luisowbro|move: Aurora Veil
|upkeep
|
|t:|1781111255
|switch|p1a: Thundurus|Thundurus-Therian, M, shiny|76/100
|-damage|p1a: Thundurus|51/100|[from] Stealth Rock
|turn|41
|
|t:|1781111262
|-terastallize|p1a: Thundurus|Psychic
|move|p2a: Dance Armstrong|Protect|p2a: Dance Armstrong
|-singleturn|p2a: Dance Armstrong|Protect
|move|p1a: Thundurus|Psychic|p2a: Dance Armstrong
|-activate|p2a: Dance Armstrong|move: Protect
|
|upkeep
|turn|42
|
|t:|1781111275
|switch|p2a: Jarhead|Ting-Lu|49/100
|-ability|p2a: Jarhead|Vessel of Ruin
|move|p1a: Thundurus|Psychic|p2a: Jarhead
|-immune|p2a: Jarhead
|
|-heal|p2a: Jarhead|55/100|[from] item: Leftovers
|upkeep
|turn|43
|
|t:|1781111283
|switch|p1a: Moltres|Moltres-Galar, shiny|75/100 par
|-damage|p1a: Moltres|50/100 par|[from] Stealth Rock
|-enditem|p1a: Moltres|Sitrus Berry|[eat]
|-heal|p1a: Moltres|75/100 par|[from] item: Sitrus Berry
|move|p2a: Jarhead|Whirlwind|p1a: Moltres
|drag|p1a: Thundurus|Thundurus-Therian, M, shiny, tera:Psychic|51/100
|-damage|p1a: Thundurus|39/100|[from] Stealth Rock
|
|-heal|p2a: Jarhead|61/100|[from] item: Leftovers
|upkeep
|turn|44
|
|t:|1781111298
|move|p1a: Thundurus|Volt Switch|p2a: Jarhead
|-immune|p2a: Jarhead
|move|p2a: Jarhead|Earthquake|p1a: Thundurus
|-damage|p1a: Thundurus|0 fnt
|faint|p1a: Thundurus
|
|-heal|p2a: Jarhead|68/100|[from] item: Leftovers
|upkeep
|
|t:|1781111305
|switch|p1a: Moltres|Moltres-Galar, shiny|75/100 par
|-damage|p1a: Moltres|50/100 par|[from] Stealth Rock
|turn|45
|
|t:|1781111310
|switch|p2a: Tinkki Minaj|Tinkaton, F|48/100
|-ability|p2a: Tinkki Minaj|Mold Breaker
|move|p1a: Moltres|Nasty Plot|p1a: Moltres
|-boost|p1a: Moltres|spa|2
|
|upkeep
|turn|46
|
|t:|1781111316
|move|p2a: Tinkki Minaj|Encore|p1a: Moltres
|-start|p1a: Moltres|Encore
|move|p1a: Moltres|Nasty Plot|p1a: Moltres
|-boost|p1a: Moltres|spa|2
|
|upkeep
|turn|47
|
|t:|1781111322
|move|p2a: Tinkki Minaj|Gigaton Hammer|p1a: Moltres
|-damage|p1a: Moltres|6/100 par
|move|p1a: Moltres|Nasty Plot|p1a: Moltres
|-boost|p1a: Moltres|spa|2
|
|upkeep
|turn|48
|
|t:|1781111329
|move|p2a: Tinkki Minaj|Stealth Rock||[still]
|-fail|p2a: Tinkki Minaj
|move|p1a: Moltres|Nasty Plot|p1a: Moltres
|-boost|p1a: Moltres|spa|0
|
|-end|p1a: Moltres|Encore
|upkeep
|turn|49
|
|t:|1781111335
|move|p2a: Tinkki Minaj|Gigaton Hammer|p1a: Moltres
|-damage|p1a: Moltres|0 fnt
|faint|p1a: Moltres
|
|win|gintamaxxoo
|raw|Luisowbro's rating: 1548 &rarr; <strong>1531</strong><br />(-17 for losing)
|raw|gintamaxxoo's rating: 1597 &rarr; <strong>1614</strong><br />(+17 for winning)
|l|☆gintamaxxoo
|player|p2|
|l|☆Luisowbro
|player|p1|
