|j|☆n5v
|j|☆Auburn Hills
|t:|1781380993
|gametype|singles
|player|p1|n5v|leon-masters|1703
|player|p2|Auburn Hills|alder|1688
|gen|9
|tier|[Gen 9] OU
|rated|
|rule|HP Percentage Mod: HP is shown in percentages
|rule|Endless Battle Clause: Forcing endless battles is banned
|rule|Species Clause: Limit one of each Pokémon
|rule|OHKO Clause: OHKO moves are banned
|rule|Evasion Items Clause: Evasion items are banned
|rule|Evasion Moves Clause: Evasion moves are banned
|rule|Evasion Abilities Clause: Evasion abilities are banned
|rule|Sleep Moves Clause: Sleep-inducing moves are banned
|clearpoke
|poke|p1|Raging Bolt|
|poke|p1|Enamorus, F|
|poke|p1|Rillaboom, M|
|poke|p1|Kingambit, M|
|poke|p1|Great Tusk|
|poke|p1|Slowking-Galar, M|
|poke|p2|Iron Moth|
|poke|p2|Umbreon, F|
|poke|p2|Garchomp, F|
|poke|p2|Glimmora, F|
|poke|p2|Gholdengo|
|poke|p2|Dragonite, M|
|teampreview
|c|☆n5v|glhf
|inactive|Battle timer is ON: inactive players will automatically lose when time's up. (requested by n5v)
|j| gidhavwkfvihtr
|
|t:|1781381037
|teamsize|p1|6
|teamsize|p2|6
|start
|switch|p1a: cheap tusk|Great Tusk|100/100
|switch|p2a: Glimmora|Glimmora, F|100/100
|turn|1
|j| unamedturd
|inactive|Auburn Hills has 120 seconds left.
|
|t:|1781381071
|move|p1a: cheap tusk|Ice Spinner|p2a: Glimmora
|-damage|p2a: Glimmora|74/100
|-activate|p2a: Glimmora|ability: Toxic Debris
|-sidestart|p1: n5v|move: Toxic Spikes
|move|p2a: Glimmora|Mortal Spin|p1a: cheap tusk
|-resisted|p1a: cheap tusk
|-damage|p1a: cheap tusk|99/100
|-status|p1a: cheap tusk|psn
|-damage|p2a: Glimmora|57/100|[from] item: Rocky Helmet|[of] p1a: cheap tusk
|
|-damage|p1a: cheap tusk|86/100 psn|[from] psn
|upkeep
|turn|2
|j| RGC_SHADE
|
|t:|1781381074
|switch|p2a: Smino|Gholdengo|100/100
|move|p1a: cheap tusk|Headlong Rush|p2a: Smino
|-supereffective|p2a: Smino
|-damage|p2a: Smino|0 fnt
|-unboost|p1a: cheap tusk|def|1
|-unboost|p1a: cheap tusk|spd|1
|faint|p2a: Smino
|
|-damage|p1a: cheap tusk|74/100 psn|[from] psn
|upkeep
|l| RGC_SHADE
|
|t:|1781381079
|switch|p2a: Rat Tally|Garchomp, F|100/100
|turn|3
|
|t:|1781381084
|move|p2a: Rat Tally|Scale Shot|p1a: cheap tusk
|-damage|p1a: cheap tusk|62/100 psn
|-damage|p1a: cheap tusk|50/100 psn
|-damage|p1a: cheap tusk|38/100 psn
|-damage|p1a: cheap tusk|25/100 psn
|-hitcount|p1a: cheap tusk|4
|-unboost|p2a: Rat Tally|def|1
|-boost|p2a: Rat Tally|spe|1
|move|p1a: cheap tusk|Rapid Spin|p2a: Rat Tally
|-damage|p2a: Rat Tally|80/100
|-boost|p1a: cheap tusk|spe|1
|-damage|p1a: cheap tusk|12/100 psn|[from] ability: Rough Skin|[of] p2a: Rat Tally
|-sideend|p1: n5v|Toxic Spikes|[from] move: Rapid Spin|[of] p1a: cheap tusk
|
|-damage|p1a: cheap tusk|0 fnt|[from] psn
|faint|p1a: cheap tusk
|-end|p1a: cheap tusk|Protosynthesis|[silent]
|upkeep
|
|t:|1781381096
|switch|p1a: diddy kong|Rillaboom, M, shiny|100/100
|-fieldstart|move: Grassy Terrain|[from] ability: Grassy Surge|[of] p1a: diddy kong
|turn|4
|l| gidhavwkfvihtr
|inactive|Auburn Hills has 120 seconds left.
|
|t:|1781381143
|-terastallize|p2a: Rat Tally|Poison
|move|p1a: diddy kong|Grassy Glide|p2a: Rat Tally
|-resisted|p2a: Rat Tally
|-damage|p2a: Rat Tally|36/100
|-damage|p1a: diddy kong|88/100|[from] ability: Rough Skin|[of] p2a: Rat Tally
|move|p2a: Rat Tally|Poison Jab|p1a: diddy kong
|-supereffective|p1a: diddy kong
|-damage|p1a: diddy kong|0 fnt
|faint|p1a: diddy kong
|
|-heal|p2a: Rat Tally|42/100|[from] Grassy Terrain
|upkeep
|
|t:|1781381154
|switch|p1a: goobing bolt|Raging Bolt|100/100
|turn|5
|
|t:|1781381157
|move|p2a: Rat Tally|Scale Shot|p1a: goobing bolt
|-supereffective|p1a: goobing bolt
|-damage|p1a: goobing bolt|76/100
|-supereffective|p1a: goobing bolt
|-damage|p1a: goobing bolt|53/100
|-supereffective|p1a: goobing bolt
|-damage|p1a: goobing bolt|29/100
|-supereffective|p1a: goobing bolt
|-damage|p1a: goobing bolt|2/100
|-hitcount|p1a: goobing bolt|4
|-unboost|p2a: Rat Tally|def|1
|-boost|p2a: Rat Tally|spe|1
|move|p1a: goobing bolt|Volt Switch|p2a: Rat Tally
|-damage|p2a: Rat Tally|0 fnt
|faint|p2a: Rat Tally
|
|t:|1781381160
|-end|p1a: goobing bolt|Protosynthesis|[silent]
|switch|p1a: gay alladin|Enamorus, F|100/100|[from] Volt Switch
|
|upkeep
|
|t:|1781381167
|switch|p2a: Elucid|Dragonite, M|100/100
|turn|6
|
|t:|1781381176
|move|p1a: gay alladin|Healing Wish|p1a: gay alladin
|faint|p1a: gay alladin
|move|p2a: Elucid|Ice Spinner|p1: gay alladin|[notarget]
|-fail|p2a: Elucid
|
|upkeep
|
|t:|1781381177
|switch|p1a: goobing bolt|Raging Bolt|2/100
|-heal|p1a: goobing bolt|100/100|[from] move: Healing Wish
|turn|7
|
|t:|1781381179
|move|p2a: Elucid|Ice Spinner|p1a: goobing bolt
|-supereffective|p1a: goobing bolt
|-damage|p1a: goobing bolt|40/100
|-fieldend|move: Grassy Terrain
|move|p1a: goobing bolt|Draco Meteor|p2a: Elucid
|-supereffective|p2a: Elucid
|-damage|p2a: Elucid|0 fnt
|-unboost|p1a: goobing bolt|spa|2
|faint|p2a: Elucid
|
|upkeep
|
|t:|1781381183
|switch|p2a: Glimmora|Glimmora, F|57/100
|turn|8
|
|t:|1781381205
|-end|p1a: goobing bolt|Protosynthesis|[silent]
|switch|p1a: wake not walking|Slowking-Galar, M|100/100
|move|p2a: Glimmora|Earth Power|p1a: wake not walking
|-supereffective|p1a: wake not walking
|-damage|p1a: wake not walking|70/100
|
|upkeep
|turn|9
|
|t:|1781381232
|move|p2a: Glimmora|Stealth Rock|p1a: wake not walking
|-sidestart|p1: n5v|move: Stealth Rock
|move|p1a: wake not walking|Psyshock|p2a: Glimmora
|-supereffective|p2a: Glimmora
|-damage|p2a: Glimmora|0 fnt
|faint|p2a: Glimmora
|
|upkeep
|
|t:|1781381234
|switch|p2a: Alvvays|Umbreon, F|100/100
|turn|10
|
|t:|1781381239
|switch|p1a: neededaghostresist|Kingambit, M, shiny|100/100
|-damage|p1a: neededaghostresist|94/100|[from] Stealth Rock
|-activate|p1a: neededaghostresist|ability: Supreme Overlord
|-start|p1a: neededaghostresist|fallen3|[silent]
|move|p2a: Alvvays|Foul Play|p1a: neededaghostresist
|-resisted|p1a: neededaghostresist
|-damage|p1a: neededaghostresist|72/100
|
|-heal|p1a: neededaghostresist|78/100|[from] item: Leftovers
|upkeep
|turn|11
|
|t:|1781381242
|move|p1a: neededaghostresist|Low Kick|p2a: Alvvays
|-supereffective|p2a: Alvvays
|-damage|p2a: Alvvays|55/100
|move|p2a: Alvvays|Thunder Wave|p1a: neededaghostresist
|-status|p1a: neededaghostresist|par
|
|-heal|p2a: Alvvays|61/100|[from] item: Leftovers
|-heal|p1a: neededaghostresist|84/100 par|[from] item: Leftovers
|upkeep
|turn|12
|
|t:|1781381245
|move|p2a: Alvvays|Wish|p2a: Alvvays
|move|p1a: neededaghostresist|Swords Dance|p1a: neededaghostresist
|-boost|p1a: neededaghostresist|atk|2
|
|-heal|p2a: Alvvays|67/100|[from] item: Leftovers
|-heal|p1a: neededaghostresist|90/100 par|[from] item: Leftovers
|upkeep
|turn|13
|
|t:|1781381247
|switch|p2a: Carly Rae|Iron Moth|100/100
|-enditem|p2a: Carly Rae|Booster Energy
|-activate|p2a: Carly Rae|ability: Quark Drive|[fromitem]
|-start|p2a: Carly Rae|quarkdrivespe
|move|p1a: neededaghostresist|Swords Dance|p1a: neededaghostresist
|-boost|p1a: neededaghostresist|atk|2
|
|-heal|p1a: neededaghostresist|96/100 par|[from] item: Leftovers
|upkeep
|turn|14
|
|t:|1781381253
|move|p1a: neededaghostresist|Sucker Punch|p2a: Carly Rae
|-damage|p2a: Carly Rae|0 fnt
|faint|p2a: Carly Rae
|-end|p2a: Carly Rae|Quark Drive|[silent]
|
|-heal|p1a: neededaghostresist|100/100 par|[from] item: Leftovers
|upkeep
|
|t:|1781381255
|switch|p2a: Alvvays|Umbreon, F|67/100
|turn|15
|
|t:|1781381259
|move|p2a: Alvvays|Foul Play|p1a: neededaghostresist
|-resisted|p1a: neededaghostresist
|-damage|p1a: neededaghostresist|32/100 par
|move|p1a: neededaghostresist|Kowtow Cleave|p2a: Alvvays
|-resisted|p2a: Alvvays
|-damage|p2a: Alvvays|0 fnt
|faint|p2a: Alvvays
|
|win|n5v
|raw|n5v's rating: 1703 &rarr; <strong>1722</strong><br />(+19 for winning)
|raw|Auburn Hills's rating: 1688 &rarr; <strong>1669</strong><br />(-19 for losing)
|l|☆Auburn Hills
|player|p2|
