|j|☆KnuckleTesting
|j|☆Pig Perfect
|t:|1781280930
|gametype|singles
|player|p1|KnuckleTesting|101|1559
|player|p2|Pig Perfect|workerice|1519
|gen|9
|tier|[Gen 9] OU
|rated|
|rule|HP Percentage Mod: HP is shown in percentages
|rule|Endless Battle Clause: Forcing endless battles is banned
|rule|Species Clause: Limit one of each Pokémon
|rule|OHKO Clause: OHKO moves are banned
|rule|Evasion Items Clause: Evasion items are banned
|rule|Evasion Moves Clause: Evasion moves are banned
|rule|Evasion Abilities Clause: Evasion abilities are banned
|rule|Sleep Moves Clause: Sleep-inducing moves are banned
|clearpoke
|poke|p1|Regieleki|
|poke|p1|Zamazenta-*|
|poke|p1|Corviknight, M|
|poke|p1|Grafaiai, M|
|poke|p1|Alomomola, F|
|poke|p1|Gliscor, F|
|poke|p2|Kyurem|
|poke|p2|Moltres|
|poke|p2|Sandslash-Alola, M|
|poke|p2|Slowking-Galar, F|
|poke|p2|Ting-Lu|
|poke|p2|Zamazenta-*|
|teampreview
|inactive|Battle timer is ON: inactive players will automatically lose when time's up. (requested by KnuckleTesting)
|
|t:|1781280941
|teamsize|p1|6
|teamsize|p2|6
|start
|switch|p1a: Regieleki|Regieleki|100/100
|switch|p2a: Intellectual Eric|Slowking-Galar, F|100/100
|turn|1
|
|t:|1781280945
|move|p1a: Regieleki|Volt Switch|p2a: Intellectual Eric
|-damage|p2a: Intellectual Eric|59/100
|
|t:|1781280949
|switch|p1a: Gliscor|Gliscor, F|100/100|[from] Volt Switch
|move|p2a: Intellectual Eric|Future Sight|p1a: Gliscor
|-start|p2a: Intellectual Eric|move: Future Sight
|
|-status|p1a: Gliscor|tox|[from] item: Toxic Orb
|upkeep
|turn|2
|
|t:|1781280963
|move|p1a: Gliscor|Knock Off|p2a: Intellectual Eric
|-supereffective|p2a: Intellectual Eric
|-damage|p2a: Intellectual Eric|15/100
|-enditem|p2a: Intellectual Eric|Heavy-Duty Boots|[from] move: Knock Off|[of] p1a: Gliscor
|-prepare|p2a: Intellectual Eric|Chilly Reception|[premajor]
|move|p2a: Intellectual Eric|Chilly Reception|p2a: Intellectual Eric
|-weather|Snowscape
|
|t:|1781280965
|switch|p2a: Runs & Goses|Sandslash-Alola, M|100/100|[from] Chilly Reception
|
|-weather|Snowscape|[upkeep]
|upkeep
|turn|3
|
|t:|1781280982
|move|p2a: Runs & Goses|Swords Dance|p2a: Runs & Goses
|-boost|p2a: Runs & Goses|atk|2
|move|p1a: Gliscor|Earthquake|p2a: Runs & Goses
|-supereffective|p2a: Runs & Goses
|-damage|p2a: Runs & Goses|59/100
|
|-weather|Snowscape|[upkeep]
|-end|p1a: Gliscor|move: Future Sight
|-damage|p1a: Gliscor|57/100 tox
|-heal|p1a: Gliscor|69/100 tox|[from] ability: Poison Heal
|upkeep
|turn|4
|
|t:|1781280994
|move|p1a: Gliscor|Protect|p1a: Gliscor
|-singleturn|p1a: Gliscor|Protect
|move|p2a: Runs & Goses|Triple Axel|p1a: Gliscor
|-activate|p1a: Gliscor|move: Protect
|
|-weather|Snowscape|[upkeep]
|-heal|p1a: Gliscor|82/100 tox|[from] ability: Poison Heal
|upkeep
|turn|5
|
|t:|1781281001
|switch|p1a: Corviknight|Corviknight, M|100/100
|-ability|p1a: Corviknight|Pressure
|move|p2a: Runs & Goses|Triple Axel|p1a: Corviknight
|-damage|p1a: Corviknight|88/100
|-damage|p2a: Runs & Goses|42/100|[from] item: Rocky Helmet|[of] p1a: Corviknight
|-damage|p1a: Corviknight|67/100
|-damage|p2a: Runs & Goses|26/100|[from] item: Rocky Helmet|[of] p1a: Corviknight
|-damage|p1a: Corviknight|33/100
|-damage|p2a: Runs & Goses|9/100|[from] item: Rocky Helmet|[of] p1a: Corviknight
|-hitcount|p1a: Corviknight|3
|
|-weather|Snowscape|[upkeep]
|upkeep
|turn|6
|
|t:|1781281019
|move|p2a: Runs & Goses|Swords Dance|p2a: Runs & Goses
|-boost|p2a: Runs & Goses|atk|2
|move|p1a: Corviknight|Roost|p1a: Corviknight
|-heal|p1a: Corviknight|83/100
|-singleturn|p1a: Corviknight|move: Roost
|
|-weather|none
|upkeep
|turn|7
|
|t:|1781281030
|move|p2a: Runs & Goses|Triple Axel|p1a: Corviknight
|-damage|p1a: Corviknight|67/100
|-damage|p2a: Runs & Goses|0 fnt|[from] item: Rocky Helmet|[of] p1a: Corviknight
|faint|p2a: Runs & Goses
|-hitcount|p1a: Corviknight|1
|move|p1a: Corviknight|Roost|p1a: Corviknight
|-heal|p1a: Corviknight|100/100
|-singleturn|p1a: Corviknight|move: Roost
|
|upkeep
|
|t:|1781281040
|switch|p2a: Intellectual Eric|Slowking-Galar, F|48/100
|turn|8
|
|t:|1781281052
|move|p1a: Corviknight|U-turn|p2a: Intellectual Eric
|-damage|p2a: Intellectual Eric|32/100
|
|t:|1781281054
|switch|p1a: Grafaiai|Grafaiai, M|100/100|[from] U-turn
|-prepare|p2a: Intellectual Eric|Chilly Reception|[premajor]
|move|p2a: Intellectual Eric|Chilly Reception|p2a: Intellectual Eric
|-weather|Snowscape
|
|t:|1781281072
|switch|p2a: Cuck Zoris|Zamazenta|100/100|[from] Chilly Reception
|-ability|p2a: Cuck Zoris|Dauntless Shield|boost
|-boost|p2a: Cuck Zoris|def|1
|
|-weather|Snowscape|[upkeep]
|upkeep
|turn|9
|
|t:|1781281078
|move|p2a: Cuck Zoris|Close Combat|p1a: Grafaiai
|-damage|p1a: Grafaiai|16/100
|-unboost|p2a: Cuck Zoris|def|1
|-unboost|p2a: Cuck Zoris|spd|1
|move|p1a: Grafaiai|Toxic|p2a: Cuck Zoris
|-status|p2a: Cuck Zoris|tox
|
|-weather|Snowscape|[upkeep]
|-damage|p2a: Cuck Zoris|94/100 tox|[from] psn
|upkeep
|turn|10
|
|t:|1781281091
|switch|p2a: Snoddy Batcher|Kyurem|100/100
|-ability|p2a: Snoddy Batcher|Pressure
|switch|p1a: Gliscor|Gliscor, F|82/100 tox
|
|-weather|Snowscape|[upkeep]
|-heal|p1a: Gliscor|94/100 tox|[from] ability: Poison Heal
|upkeep
|turn|11
|
|t:|1781281096
|switch|p1a: Alomomola|Alomomola, F|100/100
|move|p2a: Snoddy Batcher|Dragon Dance|p2a: Snoddy Batcher
|-boost|p2a: Snoddy Batcher|atk|1
|-boost|p2a: Snoddy Batcher|spe|1
|
|-weather|Snowscape|[upkeep]
|upkeep
|turn|12
|
|t:|1781281099
|move|p2a: Snoddy Batcher|Freeze-Dry|p1a: Alomomola
|-supereffective|p1a: Alomomola
|-damage|p1a: Alomomola|66/100
|move|p1a: Alomomola|Body Slam|p2a: Snoddy Batcher
|-damage|p2a: Snoddy Batcher|91/100
|
|-weather|none
|upkeep
|turn|13
|
|t:|1781281104
|move|p2a: Snoddy Batcher|Dragon Dance|p2a: Snoddy Batcher
|-boost|p2a: Snoddy Batcher|atk|1
|-boost|p2a: Snoddy Batcher|spe|1
|move|p1a: Alomomola|Body Slam|p2a: Snoddy Batcher
|-damage|p2a: Snoddy Batcher|76/100
|
|upkeep
|turn|14
|
|t:|1781281107
|move|p2a: Snoddy Batcher|Icicle Spear|p1a: Alomomola
|-resisted|p1a: Alomomola
|-damage|p1a: Alomomola|56/100
|-resisted|p1a: Alomomola
|-damage|p1a: Alomomola|47/100
|-resisted|p1a: Alomomola
|-damage|p1a: Alomomola|38/100
|-resisted|p1a: Alomomola
|-damage|p1a: Alomomola|29/100
|-resisted|p1a: Alomomola
|-damage|p1a: Alomomola|21/100
|-hitcount|p1a: Alomomola|5
|move|p1a: Alomomola|Body Slam|p2a: Snoddy Batcher
|-damage|p2a: Snoddy Batcher|62/100
|
|upkeep
|turn|15
|
|t:|1781281115
|move|p2a: Snoddy Batcher|Icicle Spear|p1a: Alomomola
|-resisted|p1a: Alomomola
|-damage|p1a: Alomomola|11/100
|-resisted|p1a: Alomomola
|-damage|p1a: Alomomola|2/100
|-resisted|p1a: Alomomola
|-damage|p1a: Alomomola|0 fnt
|faint|p1a: Alomomola
|-hitcount|p1: Alomomola|3
|
|upkeep
|
|t:|1781281117
|switch|p1a: Corviknight|Corviknight, M|100/100
|-ability|p1a: Corviknight|Pressure
|turn|16
|
|t:|1781281126
|-terastallize|p2a: Snoddy Batcher|Ground
|move|p2a: Snoddy Batcher|Icicle Spear|p1a: Corviknight
|-damage|p1a: Corviknight|87/100
|-damage|p1a: Corviknight|72/100
|-damage|p1a: Corviknight|57/100
|-damage|p1a: Corviknight|44/100
|-damage|p1a: Corviknight|29/100
|-hitcount|p1a: Corviknight|5
|move|p1a: Corviknight|Brave Bird|p2a: Snoddy Batcher
|-damage|p2a: Snoddy Batcher|24/100
|-damage|p1a: Corviknight|16/100|[from] Recoil
|
|upkeep
|turn|17
|c|☆KnuckleTesting|Its like 32% to Not Para with Bodypress btw
|
|t:|1781281149
|move|p2a: Snoddy Batcher|Icicle Spear|p1a: Corviknight
|-damage|p1a: Corviknight|3/100
|-damage|p1a: Corviknight|0 fnt
|faint|p1a: Corviknight
|-hitcount|p1: Corviknight|2
|
|upkeep
|
|t:|1781281150
|switch|p1a: Zamazenta|Zamazenta|100/100
|-ability|p1a: Zamazenta|Dauntless Shield|boost
|-boost|p1a: Zamazenta|def|1
|turn|18
|
|t:|1781281176
|switch|p2a: Boyd Flamefeather|Moltres|100/100
|move|p1a: Zamazenta|Close Combat|p2a: Boyd Flamefeather
|-resisted|p2a: Boyd Flamefeather
|-damage|p2a: Boyd Flamefeather|69/100
|-unboost|p1a: Zamazenta|def|1
|-unboost|p1a: Zamazenta|spd|1
|-status|p1a: Zamazenta|brn|[from] ability: Flame Body|[of] p2a: Boyd Flamefeather
|
|-damage|p1a: Zamazenta|95/100 brn|[from] brn
|upkeep
|turn|19
|c|☆KnuckleTesting|So thats how you get 30% chances
|c|☆KnuckleTesting|Must be nice being you, Sir.
|
|t:|1781281202
|switch|p1a: Gliscor|Gliscor, F|94/100 tox
|move|p2a: Boyd Flamefeather|Roost|p2a: Boyd Flamefeather
|-heal|p2a: Boyd Flamefeather|100/100
|-singleturn|p2a: Boyd Flamefeather|move: Roost
|
|-heal|p1a: Gliscor|100/100 tox|[from] ability: Poison Heal
|upkeep
|turn|20
|
|t:|1781281214
|move|p1a: Gliscor|Swords Dance|p1a: Gliscor
|-boost|p1a: Gliscor|atk|2
|move|p2a: Boyd Flamefeather|Flamethrower|p1a: Gliscor
|-damage|p1a: Gliscor|63/100 tox
|
|-heal|p1a: Gliscor|75/100 tox|[from] ability: Poison Heal
|upkeep
|turn|21
|
|t:|1781281216
|move|p1a: Gliscor|Protect|p1a: Gliscor
|-singleturn|p1a: Gliscor|Protect
|move|p2a: Boyd Flamefeather|Roar|p1a: Gliscor
|drag|p1a: Grafaiai|Grafaiai, M|16/100
|
|upkeep
|turn|22
|
|t:|1781281222
|move|p1a: Grafaiai|Toxic|p2a: Boyd Flamefeather
|-status|p2a: Boyd Flamefeather|tox
|move|p2a: Boyd Flamefeather|Flamethrower|p1a: Grafaiai
|-damage|p1a: Grafaiai|0 fnt
|faint|p1a: Grafaiai
|
|-damage|p2a: Boyd Flamefeather|94/100 tox|[from] psn
|upkeep
|
|t:|1781281229
|switch|p1a: Regieleki|Regieleki|100/100
|turn|23
|
|t:|1781281235
|switch|p1a: Gliscor|Gliscor, F|75/100 tox
|switch|p2a: Deer God...|Ting-Lu|100/100
|-ability|p2a: Deer God...|Vessel of Ruin
|
|-heal|p1a: Gliscor|88/100 tox|[from] ability: Poison Heal
|upkeep
|turn|24
|
|t:|1781281254
|move|p1a: Gliscor|Knock Off|p2a: Deer God...
|-resisted|p2a: Deer God...
|-damage|p2a: Deer God...|95/100
|-enditem|p2a: Deer God...|Leftovers|[from] move: Knock Off|[of] p1a: Gliscor
|move|p2a: Deer God...|Stealth Rock|p1a: Gliscor
|-sidestart|p1: KnuckleTesting|move: Stealth Rock
|
|-heal|p1a: Gliscor|100/100 tox|[from] ability: Poison Heal
|upkeep
|turn|25
|
|t:|1781281266
|switch|p2a: Boyd Flamefeather|Moltres|94/100 tox
|move|p1a: Gliscor|Swords Dance|p1a: Gliscor
|-boost|p1a: Gliscor|atk|2
|
|-damage|p2a: Boyd Flamefeather|88/100 tox|[from] psn
|upkeep
|turn|26
|inactive|KnuckleTesting has 120 seconds left.
|
|t:|1781281313
|move|p1a: Gliscor|Knock Off|p2a: Boyd Flamefeather
|-damage|p2a: Boyd Flamefeather|61/100 tox
|-enditem|p2a: Boyd Flamefeather|Heavy-Duty Boots|[from] move: Knock Off|[of] p1a: Gliscor
|move|p2a: Boyd Flamefeather|Roar|p1a: Gliscor
|drag|p1a: Regieleki|Regieleki|100/100
|-damage|p1a: Regieleki|88/100|[from] Stealth Rock
|
|-damage|p2a: Boyd Flamefeather|49/100 tox|[from] psn
|upkeep
|turn|27
|
|t:|1781281337
|switch|p2a: Deer God...|Ting-Lu|95/100
|-ability|p2a: Deer God...|Vessel of Ruin
|move|p1a: Regieleki|Rapid Spin|p2a: Deer God...
|-damage|p2a: Deer God...|88/100
|-boost|p1a: Regieleki|spe|1
|-sideend|p1: KnuckleTesting|Stealth Rock|[from] move: Rapid Spin|[of] p1a: Regieleki
|
|upkeep
|turn|28
|inactive|KnuckleTesting has 120 seconds left.
|
|t:|1781281351
|switch|p1a: Gliscor|Gliscor, F|100/100 tox
|move|p2a: Deer God...|Earthquake|p1a: Gliscor
|-immune|p1a: Gliscor
|
|upkeep
|turn|29
|inactive|Pig Perfect has 120 seconds left.
|inactive|Pig Perfect has 90 seconds left.
|
|t:|1781281413
|move|p1a: Gliscor|Swords Dance|p1a: Gliscor
|-boost|p1a: Gliscor|atk|2
|move|p2a: Deer God...|Ruination|p1a: Gliscor
|-damage|p1a: Gliscor|50/100 tox
|
|-heal|p1a: Gliscor|63/100 tox|[from] ability: Poison Heal
|upkeep
|turn|30
|
|t:|1781281424
|switch|p2a: Boyd Flamefeather|Moltres|49/100 tox
|move|p1a: Gliscor|Earthquake|p2a: Boyd Flamefeather
|-immune|p2a: Boyd Flamefeather
|
|-heal|p1a: Gliscor|75/100 tox|[from] ability: Poison Heal
|-damage|p2a: Boyd Flamefeather|43/100 tox|[from] psn
|upkeep
|turn|31
|
|t:|1781281436
|move|p1a: Gliscor|Knock Off|p2a: Boyd Flamefeather
|-damage|p2a: Boyd Flamefeather|22/100 tox
|move|p2a: Boyd Flamefeather|Roar|p1a: Gliscor
|drag|p1a: Zamazenta|Zamazenta|95/100 brn
|
|-damage|p2a: Boyd Flamefeather|10/100 tox|[from] psn
|-damage|p1a: Zamazenta|89/100 brn|[from] brn
|upkeep
|turn|32
|
|t:|1781281445
|move|p1a: Zamazenta|Close Combat|p2a: Boyd Flamefeather
|-resisted|p2a: Boyd Flamefeather
|-damage|p2a: Boyd Flamefeather|0 fnt
|-unboost|p1a: Zamazenta|def|1
|-unboost|p1a: Zamazenta|spd|1
|faint|p2a: Boyd Flamefeather
|
|-damage|p1a: Zamazenta|83/100 brn|[from] brn
|upkeep
|inactive|Pig Perfect has 90 seconds left.
|
|t:|1781281455
|switch|p2a: Cuck Zoris|Zamazenta|94/100 tox
|turn|33
|
|t:|1781281459
|move|p2a: Cuck Zoris|Close Combat|p1a: Zamazenta
|-damage|p1a: Zamazenta|9/100 brn
|-unboost|p2a: Cuck Zoris|def|1
|-unboost|p2a: Cuck Zoris|spd|1
|move|p1a: Zamazenta|Close Combat|p2a: Cuck Zoris
|-damage|p2a: Cuck Zoris|32/100 tox
|-unboost|p1a: Zamazenta|def|1
|-unboost|p1a: Zamazenta|spd|1
|
|-damage|p2a: Cuck Zoris|25/100 tox|[from] psn
|-damage|p1a: Zamazenta|3/100 brn|[from] brn
|upkeep
|turn|34
|inactive|Pig Perfect has 90 seconds left.
|c|☆KnuckleTesting|So let me get this straight
|
|t:|1781281504
|move|p2a: Cuck Zoris|Crunch|p1a: Zamazenta
|-resisted|p1a: Zamazenta
|-damage|p1a: Zamazenta|0 fnt
|faint|p1a: Zamazenta
|
|-damage|p2a: Cuck Zoris|13/100 tox|[from] psn
|upkeep
|c|☆KnuckleTesting|Im getting 0/3 Para
|c|☆KnuckleTesting|You are getting 1/1 Para, 2/2 speedties
|inactive|KnuckleTesting has 120 seconds left.
|c|☆KnuckleTesting|How the fuck
|
|t:|1781281540
|switch|p1a: Gliscor|Gliscor, F|75/100 tox
|turn|35
|
|t:|1781281546
|move|p1a: Gliscor|Protect|p1a: Gliscor
|-singleturn|p1a: Gliscor|Protect
|move|p2a: Cuck Zoris|Heavy Slam|p1a: Gliscor
|-activate|p1a: Gliscor|move: Protect
|
|-damage|p2a: Cuck Zoris|0 fnt|[from] psn
|faint|p2a: Cuck Zoris
|-heal|p1a: Gliscor|88/100 tox|[from] ability: Poison Heal
|upkeep
|
|t:|1781281556
|switch|p2a: Snoddy Batcher|Kyurem, tera:Ground|24/100
|-ability|p2a: Snoddy Batcher|Pressure
|turn|36
|
|t:|1781281563
|-terastallize|p1a: Gliscor|Water
|move|p2a: Snoddy Batcher|Freeze-Dry|p1a: Gliscor
|-supereffective|p1a: Gliscor
|-damage|p1a: Gliscor|18/100 tox
|move|p1a: Gliscor|Earthquake|p2a: Snoddy Batcher
|-crit|p2a: Snoddy Batcher
|-damage|p2a: Snoddy Batcher|0 fnt
|faint|p2a: Snoddy Batcher
|
|-heal|p1a: Gliscor|30/100 tox|[from] ability: Poison Heal
|upkeep
|
|t:|1781281567
|switch|p2a: Deer God...|Ting-Lu|88/100
|-ability|p2a: Deer God...|Vessel of Ruin
|turn|37
|
|t:|1781281571
|move|p1a: Gliscor|Protect|p1a: Gliscor
|-singleturn|p1a: Gliscor|Protect
|move|p2a: Deer God...|Earthquake|p1a: Gliscor
|-activate|p1a: Gliscor|move: Protect
|
|-heal|p1a: Gliscor|43/100 tox|[from] ability: Poison Heal
|upkeep
|turn|38
|
|t:|1781281580
|switch|p1a: Regieleki|Regieleki|88/100
|move|p2a: Deer God...|Earthquake|p1a: Regieleki
|-supereffective|p1a: Regieleki
|-damage|p1a: Regieleki|0 fnt
|faint|p1a: Regieleki
|
|upkeep
|
|t:|1781281582
|switch|p1a: Gliscor|Gliscor, F, tera:Water|43/100 tox
|turn|39
|
|t:|1781281585
|move|p1a: Gliscor|Protect|p1a: Gliscor
|-singleturn|p1a: Gliscor|Protect
|move|p2a: Deer God...|Earthquake|p1a: Gliscor
|-activate|p1a: Gliscor|move: Protect
|
|-heal|p1a: Gliscor|55/100 tox|[from] ability: Poison Heal
|upkeep
|turn|40
|
|t:|1781281587
|move|p1a: Gliscor|Swords Dance|p1a: Gliscor
|-boost|p1a: Gliscor|atk|2
|move|p2a: Deer God...|Earthquake|p1a: Gliscor
|-damage|p1a: Gliscor|22/100 tox
|
|-heal|p1a: Gliscor|34/100 tox|[from] ability: Poison Heal
|upkeep
|turn|41
|
|t:|1781281590
|move|p1a: Gliscor|Protect|p1a: Gliscor
|-singleturn|p1a: Gliscor|Protect
|move|p2a: Deer God...|Earthquake|p1a: Gliscor
|-activate|p1a: Gliscor|move: Protect
|
|-heal|p1a: Gliscor|47/100 tox|[from] ability: Poison Heal
|upkeep
|turn|42
|
|t:|1781281603
|move|p1a: Gliscor|Earthquake|p2a: Deer God...
|-damage|p2a: Deer God...|52/100
|move|p2a: Deer God...|Earthquake|p1a: Gliscor
|-damage|p1a: Gliscor|10/100 tox
|
|-heal|p1a: Gliscor|23/100 tox|[from] ability: Poison Heal
|upkeep
|turn|43
|
|t:|1781281607
|move|p1a: Gliscor|Protect|p1a: Gliscor
|-singleturn|p1a: Gliscor|Protect
|move|p2a: Deer God...|Earthquake|p1a: Gliscor
|-activate|p1a: Gliscor|move: Protect
|
|-heal|p1a: Gliscor|35/100 tox|[from] ability: Poison Heal
|upkeep
|turn|44
|c|☆KnuckleTesting|I know who will get the DMG Roll now
|c|☆KnuckleTesting|Just another small hax Shit
|inactive|KnuckleTesting has 120 seconds left.
|inactive|KnuckleTesting has 90 seconds left.
|c|☆KnuckleTesting|Hope you are proud of your Performance. Really amazing how hard you can rely in hax and STILL dont lock Up this Match
|
|t:|1781281676
|move|p1a: Gliscor|Earthquake|p2a: Deer God...
|-damage|p2a: Deer God...|18/100
|move|p2a: Deer God...|Earthquake|p1a: Gliscor
|-damage|p1a: Gliscor|1/100 tox
|
|-heal|p1a: Gliscor|14/100 tox|[from] ability: Poison Heal
|upkeep
|turn|45
|
|t:|1781281685
|switch|p2a: Intellectual Eric|Slowking-Galar, F|65/100
|move|p1a: Gliscor|Protect||[still]
|-fail|p1a: Gliscor
|
|-heal|p1a: Gliscor|26/100 tox|[from] ability: Poison Heal
|upkeep
|turn|46
|
|t:|1781281688
|switch|p2a: Deer God...|Ting-Lu|18/100
|-ability|p2a: Deer God...|Vessel of Ruin
|move|p1a: Gliscor|Earthquake|p2a: Deer God...
|-damage|p2a: Deer God...|0 fnt
|faint|p2a: Deer God...
|
|-heal|p1a: Gliscor|39/100 tox|[from] ability: Poison Heal
|upkeep
|
|t:|1781281690
|switch|p2a: Intellectual Eric|Slowking-Galar, F|99/100
|turn|47
|
|t:|1781281692
|move|p1a: Gliscor|Protect|p1a: Gliscor
|-singleturn|p1a: Gliscor|Protect
|move|p2a: Intellectual Eric|Grass Knot|p1a: Gliscor
|-activate|p1a: Gliscor|move: Protect
|
|-heal|p1a: Gliscor|51/100 tox|[from] ability: Poison Heal
|upkeep
|turn|48
|
|t:|1781281697
|move|p1a: Gliscor|Earthquake|p2a: Intellectual Eric
|-supereffective|p2a: Intellectual Eric
|-damage|p2a: Intellectual Eric|0 fnt
|faint|p2a: Intellectual Eric
|
|win|KnuckleTesting
|raw|KnuckleTesting's rating: 1559 &rarr; <strong>1577</strong><br />(+18 for winning)
|raw|Pig Perfect's rating: 1519 &rarr; <strong>1501</strong><br />(-18 for losing)
|l|☆Pig Perfect
|player|p2|
|l|☆KnuckleTesting
|player|p1|
