|j|☆tauros3
|j|☆Arcosara
|t:|1780889719
|gametype|singles
|player|p1|tauros3|swimmer-gen4dp|1516
|player|p2|Arcosara|adaman|1537
|gen|9
|tier|[Gen 9] OU
|rated|
|rule|HP Percentage Mod: HP is shown in percentages
|rule|Endless Battle Clause: Forcing endless battles is banned
|rule|Species Clause: Limit one of each Pokémon
|rule|OHKO Clause: OHKO moves are banned
|rule|Evasion Items Clause: Evasion items are banned
|rule|Evasion Moves Clause: Evasion moves are banned
|rule|Evasion Abilities Clause: Evasion abilities are banned
|rule|Sleep Moves Clause: Sleep-inducing moves are banned
|clearpoke
|poke|p1|Rillaboom, F|
|poke|p1|Ogerpon-Wellspring, F|
|poke|p1|Tauros-Paldea-Blaze, M|
|poke|p1|Muk-Alola, F|
|poke|p1|Raging Bolt|
|poke|p1|Iron Treads|
|poke|p2|Zamazenta-*|
|poke|p2|Iron Hands|
|poke|p2|Ceruledge, F|
|poke|p2|Iron Valiant|
|poke|p2|Deoxys-Speed|
|poke|p2|Iron Treads|
|teampreview
|inactive|Battle timer is ON: inactive players will automatically lose when time's up. (requested by tauros3)
|
|t:|1780889729
|teamsize|p1|6
|teamsize|p2|6
|start
|switch|p1a: 2YL|Muk-Alola, F|100/100
|switch|p2a: Deoxys|Deoxys-Speed|100/100
|-ability|p2a: Deoxys|Pressure
|turn|1
|
|t:|1780889732
|move|p2a: Deoxys|Reflect|p2a: Deoxys
|-sidestart|p2: Arcosara|Reflect
|move|p1a: 2YL|Knock Off|p2a: Deoxys
|-supereffective|p2a: Deoxys
|-damage|p2a: Deoxys|57/100
|-enditem|p2a: Deoxys|Light Clay|[from] move: Knock Off|[of] p1a: 2YL
|
|upkeep
|turn|2
|
|t:|1780889741
|move|p2a: Deoxys|Light Screen|p2a: Deoxys
|-sidestart|p2: Arcosara|move: Light Screen
|move|p1a: 2YL|Poison Jab|p2a: Deoxys
|-damage|p2a: Deoxys|39/100
|
|upkeep
|turn|3
|
|t:|1780889747
|move|p1a: 2YL|Drain Punch|p2a: Deoxys
|-resisted|p2a: Deoxys
|-damage|p2a: Deoxys|34/100
|move|p2a: Deoxys|Teleport|p2a: Deoxys
|
|t:|1780889749
|switch|p2a: Iron Hands|Iron Hands|100/100|[from] Teleport
|-enditem|p2a: Iron Hands|Booster Energy
|-activate|p2a: Iron Hands|ability: Quark Drive|[fromitem]
|-start|p2a: Iron Hands|quarkdriveatk
|
|upkeep
|turn|4
|
|t:|1780889754
|switch|p1a: The Plan|Tauros-Paldea-Blaze, M|100/100
|-ability|p1a: The Plan|Intimidate|boost
|-unboost|p2a: Iron Hands|atk|1
|move|p2a: Iron Hands|Close Combat|p1a: The Plan
|-damage|p1a: The Plan|61/100
|-unboost|p2a: Iron Hands|def|1
|-unboost|p2a: Iron Hands|spd|1
|
|-heal|p1a: The Plan|67/100|[from] item: Leftovers
|upkeep
|turn|5
|
|t:|1780889761
|move|p1a: The Plan|Raging Bull|p2a: Iron Hands
|-sideend|p2: Arcosara|Reflect
|-sideend|p2: Arcosara|move: Light Screen
|-damage|p2a: Iron Hands|63/100
|move|p2a: Iron Hands|Supercell Slam|p1a: The Plan|[miss]
|-miss|p2a: Iron Hands|p1a: The Plan
|-damage|p2a: Iron Hands|13/100|[from] supercellslam
|
|-heal|p1a: The Plan|74/100|[from] item: Leftovers
|upkeep
|turn|6
|j| testingrainteam1
|
|t:|1780889774
|move|p1a: The Plan|Raging Bull|p2a: Iron Hands
|-damage|p2a: Iron Hands|0 fnt
|faint|p2a: Iron Hands
|-end|p2a: Iron Hands|Quark Drive|[silent]
|
|-heal|p1a: The Plan|80/100|[from] item: Leftovers
|upkeep
|
|t:|1780889779
|switch|p2a: Ceruledge|Ceruledge, F|100/100
|turn|7
|
|t:|1780889785
|move|p2a: Ceruledge|Swords Dance|p2a: Ceruledge
|-boost|p2a: Ceruledge|atk|2
|move|p1a: The Plan|Raging Bull|p2a: Ceruledge
|-resisted|p2a: Ceruledge
|-damage|p2a: Ceruledge|79/100
|-ability|p2a: Ceruledge|Weak Armor|boost
|-unboost|p2a: Ceruledge|def|1
|-boost|p2a: Ceruledge|spe|2
|
|-heal|p1a: The Plan|86/100|[from] item: Leftovers
|upkeep
|turn|8
|
|t:|1780889790
|move|p2a: Ceruledge|Poltergeist|p1a: The Plan
|-activate|p1a: The Plan|move: Poltergeist|Leftovers
|-damage|p1a: The Plan|0 fnt
|faint|p1a: The Plan
|-damage|p2a: Ceruledge|69/100|[from] item: Life Orb
|
|upkeep
|
|t:|1780889802
|switch|p1a: West Virginia|Raging Bolt|100/100
|-enditem|p1a: West Virginia|Booster Energy
|-activate|p1a: West Virginia|ability: Protosynthesis|[fromitem]
|-start|p1a: West Virginia|protosynthesisspa
|turn|9
|
|t:|1780889805
|move|p2a: Ceruledge|Shadow Sneak|p1a: West Virginia
|-damage|p1a: West Virginia|44/100
|-damage|p2a: Ceruledge|59/100|[from] item: Life Orb
|move|p1a: West Virginia|Thunderbolt|p2a: Ceruledge
|-damage|p2a: Ceruledge|0 fnt
|faint|p2a: Ceruledge
|
|upkeep
|
|t:|1780889810
|switch|p2a: Deoxys|Deoxys-Speed|34/100
|-ability|p2a: Deoxys|Pressure
|turn|10
|
|t:|1780889816
|move|p2a: Deoxys|Light Screen|p2a: Deoxys
|-sidestart|p2: Arcosara|move: Light Screen
|move|p1a: West Virginia|Dragon Pulse|p2a: Deoxys
|-damage|p2a: Deoxys|0 fnt
|faint|p2a: Deoxys
|
|upkeep
|
|t:|1780889824
|switch|p2a: Iron Treads|Iron Treads|100/100
|turn|11
|
|t:|1780889830
|-end|p1a: West Virginia|Protosynthesis|[silent]
|switch|p1a: HELP|Ogerpon-Wellspring, F|100/100
|move|p2a: Iron Treads|Earth Power|p1a: HELP
|-resisted|p1a: HELP
|-damage|p1a: HELP|87/100
|
|upkeep
|turn|12
|
|t:|1780889835
|move|p2a: Iron Treads|Volt Switch|p1a: HELP
|-damage|p1a: HELP|70/100
|
|t:|1780889843
|-end|p2a: Iron Treads|Quark Drive|[silent]
|switch|p2a: Zamazenta|Zamazenta|100/100|[from] Volt Switch
|-ability|p2a: Zamazenta|Dauntless Shield|boost
|-boost|p2a: Zamazenta|def|1
|move|p1a: HELP|Ivy Cudgel|p2a: Zamazenta|[anim] Ivy Cudgel Water
|-damage|p2a: Zamazenta|66/100
|
|-heal|p2a: Zamazenta|72/100|[from] item: Leftovers
|upkeep
|turn|13
|l| testingrainteam1
|
|t:|1780889850
|switch|p1a: Summer Shandy|Rillaboom, F|100/100
|-fieldstart|move: Grassy Terrain|[from] ability: Grassy Surge|[of] p1a: Summer Shandy
|move|p2a: Zamazenta|Iron Defense|p2a: Zamazenta
|-boost|p2a: Zamazenta|def|2
|
|-heal|p2a: Zamazenta|79/100|[from] Grassy Terrain
|-heal|p2a: Zamazenta|85/100|[from] item: Leftovers
|upkeep
|turn|14
|
|t:|1780889855
|move|p2a: Zamazenta|Body Press|p1a: Summer Shandy
|-damage|p1a: Summer Shandy|5/100
|move|p1a: Summer Shandy|U-turn|p2a: Zamazenta
|-resisted|p2a: Zamazenta
|-damage|p2a: Zamazenta|81/100
|
|t:|1780889863
|switch|p1a: West Virginia|Raging Bolt|44/100|[from] U-turn
|
|-heal|p2a: Zamazenta|87/100|[from] Grassy Terrain
|-heal|p2a: Zamazenta|93/100|[from] item: Leftovers
|-heal|p1a: West Virginia|50/100|[from] Grassy Terrain
|-sideend|p2: Arcosara|move: Light Screen
|upkeep
|turn|15
|
|t:|1780889868
|-terastallize|p1a: West Virginia|Ghost
|move|p2a: Zamazenta|Body Press|p1a: West Virginia
|-immune|p1a: West Virginia
|move|p1a: West Virginia|Thunderbolt|p2a: Zamazenta
|-damage|p2a: Zamazenta|42/100
|
|-heal|p2a: Zamazenta|48/100|[from] Grassy Terrain
|-heal|p2a: Zamazenta|54/100|[from] item: Leftovers
|-heal|p1a: West Virginia|56/100|[from] Grassy Terrain
|upkeep
|turn|16
|
|t:|1780889872
|move|p1a: West Virginia|Dragon Pulse|p2a: Zamazenta
|-damage|p2a: Zamazenta|6/100
|move|p2a: Zamazenta|Roar|p1a: West Virginia
|-end|p1a: West Virginia|Protosynthesis|[silent]
|drag|p1a: Plastic Flowers|Iron Treads|100/100
|-enditem|p1a: Plastic Flowers|Booster Energy
|-activate|p1a: Plastic Flowers|ability: Quark Drive|[fromitem]
|-start|p1a: Plastic Flowers|quarkdrivespe
|
|-heal|p2a: Zamazenta|12/100|[from] Grassy Terrain
|-heal|p2a: Zamazenta|18/100|[from] item: Leftovers
|upkeep
|turn|17
|
|t:|1780889879
|move|p1a: Plastic Flowers|Earth Power|p2a: Zamazenta
|-damage|p2a: Zamazenta|0 fnt
|faint|p2a: Zamazenta
|
|upkeep
|
|t:|1780889884
|switch|p2a: Iron Valiant|Iron Valiant|100/100
|-enditem|p2a: Iron Valiant|Booster Energy
|-activate|p2a: Iron Valiant|ability: Quark Drive|[fromitem]
|-start|p2a: Iron Valiant|quarkdrivespe
|turn|18
|
|t:|1780889887
|-end|p1a: Plastic Flowers|Quark Drive|[silent]
|switch|p1a: 2YL|Muk-Alola, F|100/100
|move|p2a: Iron Valiant|Calm Mind|p2a: Iron Valiant
|-boost|p2a: Iron Valiant|spa|1
|-boost|p2a: Iron Valiant|spd|1
|
|upkeep
|turn|19
|
|t:|1780889891
|-terastallize|p2a: Iron Valiant|Steel
|move|p2a: Iron Valiant|Calm Mind|p2a: Iron Valiant
|-boost|p2a: Iron Valiant|spa|1
|-boost|p2a: Iron Valiant|spd|1
|move|p1a: 2YL|Poison Jab|p2a: Iron Valiant
|-immune|p2a: Iron Valiant
|
|upkeep
|turn|20
|
|t:|1780889896
|move|p2a: Iron Valiant|Calm Mind|p2a: Iron Valiant
|-boost|p2a: Iron Valiant|spa|1
|-boost|p2a: Iron Valiant|spd|1
|move|p1a: 2YL|Knock Off|p2a: Iron Valiant
|-damage|p2a: Iron Valiant|72/100
|
|-heal|p2a: Iron Valiant|78/100|[from] Grassy Terrain
|-fieldend|move: Grassy Terrain
|upkeep
|turn|21
|
|t:|1780889898
|move|p2a: Iron Valiant|Focus Blast|p1a: 2YL
|-damage|p1a: 2YL|44/100
|move|p1a: 2YL|Drain Punch|p2a: Iron Valiant
|-supereffective|p2a: Iron Valiant
|-damage|p2a: Iron Valiant|34/100
|-heal|p1a: 2YL|60/100|[from] drain|[of] p2a: Iron Valiant
|
|upkeep
|turn|22
|
|t:|1780889905
|move|p2a: Iron Valiant|Focus Blast|p1a: 2YL
|-damage|p1a: 2YL|3/100
|move|p1a: 2YL|Drain Punch|p2a: Iron Valiant
|-supereffective|p2a: Iron Valiant
|-damage|p2a: Iron Valiant|0 fnt
|-heal|p1a: 2YL|15/100|[from] drain|[of] p2a: Iron Valiant
|faint|p2a: Iron Valiant
|-end|p2a: Iron Valiant|Quark Drive|[silent]
|
|upkeep
|
|t:|1780889908
|switch|p2a: Iron Treads|Iron Treads|100/100
|turn|23
|
|t:|1780889912
|switch|p1a: Summer Shandy|Rillaboom, F|5/100
|-fieldstart|move: Grassy Terrain|[from] ability: Grassy Surge|[of] p1a: Summer Shandy
|move|p2a: Iron Treads|Earth Power|p1a: Summer Shandy
|-resisted|p1a: Summer Shandy
|-damage|p1a: Summer Shandy|0 fnt
|faint|p1a: Summer Shandy
|
|upkeep
|
|t:|1780889916
|switch|p1a: HELP|Ogerpon-Wellspring, F|70/100
|turn|24
|
|t:|1780889923
|move|p1a: HELP|Ivy Cudgel|p2a: Iron Treads|[anim] Ivy Cudgel Water
|-supereffective|p2a: Iron Treads
|-damage|p2a: Iron Treads|2/100
|move|p2a: Iron Treads|Earth Power|p1a: HELP
|-resisted|p1a: HELP
|-damage|p1a: HELP|55/100
|
|-heal|p1a: HELP|61/100|[from] Grassy Terrain
|-heal|p2a: Iron Treads|8/100|[from] Grassy Terrain
|-heal|p2a: Iron Treads|14/100|[from] item: Leftovers
|upkeep
|turn|25
|
|t:|1780889926
|move|p1a: HELP|Grassy Glide|p2a: Iron Treads
|-damage|p2a: Iron Treads|0 fnt
|faint|p2a: Iron Treads
|-end|p2a: Iron Treads|Quark Drive|[silent]
|
|win|tauros3
|raw|tauros3's rating: 1516 &rarr; <strong>1537</strong><br />(+21 for winning)
|raw|Arcosara's rating: 1537 &rarr; <strong>1516</strong><br />(-21 for losing)
|l|☆Arcosara
|player|p2|
|l|☆tauros3
|player|p1|
