|j|☆lolcano46
|j|☆Kinair
|t:|1781551109
|gametype|singles
|player|p1|lolcano46|fisherman-gen4|1626
|player|p2|Kinair|170|1627
|gen|9
|tier|[Gen 9] OU
|rated|
|rule|HP Percentage Mod: HP is shown in percentages
|rule|Endless Battle Clause: Forcing endless battles is banned
|rule|Species Clause: Limit one of each Pokémon
|rule|OHKO Clause: OHKO moves are banned
|rule|Evasion Items Clause: Evasion items are banned
|rule|Evasion Moves Clause: Evasion moves are banned
|rule|Evasion Abilities Clause: Evasion abilities are banned
|rule|Sleep Moves Clause: Sleep-inducing moves are banned
|clearpoke
|poke|p1|Azelf|
|poke|p1|Ogerpon-Wellspring, F|
|poke|p1|Scizor, M|
|poke|p1|Gengar, M|
|poke|p1|Raging Bolt|
|poke|p1|Cinderace, F|
|poke|p2|Pelipper, F|
|poke|p2|Kingdra, F|
|poke|p2|Raging Bolt|
|poke|p2|Iron Treads|
|poke|p2|Zamazenta-*|
|poke|p2|Kingambit, F|
|teampreview
|inactive|Battle timer is ON: inactive players will automatically lose when time's up. (requested by lolcano46)
|
|t:|1781551114
|teamsize|p1|6
|teamsize|p2|6
|start
|switch|p1a: Azelf|Azelf|100/100
|switch|p2a: Iron Treads|Iron Treads|100/100
|-enditem|p2a: Iron Treads|Booster Energy
|-activate|p2a: Iron Treads|ability: Quark Drive|[fromitem]
|-start|p2a: Iron Treads|quarkdrivespe
|turn|1
|
|t:|1781551121
|move|p2a: Iron Treads|Knock Off|p1a: Azelf
|-supereffective|p1a: Azelf
|-damage|p1a: Azelf|16/100
|-enditem|p1a: Azelf|Expert Belt|[from] move: Knock Off|[of] p2a: Iron Treads
|move|p1a: Azelf|Flamethrower|p2a: Iron Treads
|-supereffective|p2a: Iron Treads
|-damage|p2a: Iron Treads|26/100
|
|upkeep
|turn|2
|
|t:|1781551128
|switch|p1a: Ogerpon|Ogerpon-Wellspring, F|100/100
|move|p2a: Iron Treads|Knock Off|p1a: Ogerpon
|-damage|p1a: Ogerpon|80/100
|
|upkeep
|turn|3
|
|t:|1781551130
|move|p2a: Iron Treads|Stealth Rock|p1a: Ogerpon
|-sidestart|p1: lolcano46|move: Stealth Rock
|move|p1a: Ogerpon|Horn Leech|p2a: Iron Treads
|-damage|p2a: Iron Treads|0 fnt
|-heal|p1a: Ogerpon|97/100|[from] drain|[of] p2a: Iron Treads
|faint|p2a: Iron Treads
|-end|p2a: Iron Treads|Quark Drive|[silent]
|
|upkeep
|
|t:|1781551137
|switch|p2a: Pelipper|Pelipper, F|100/100
|-weather|RainDance|[from] ability: Drizzle|[of] p2a: Pelipper
|turn|4
|
|t:|1781551140
|switch|p1a: Cinderace|Cinderace, F|100/100
|move|p2a: Pelipper|U-turn|p1a: Cinderace
|-resisted|p1a: Cinderace
|-damage|p1a: Cinderace|95/100
|
|t:|1781551142
|switch|p2a: Kingdra|Kingdra, F|100/100|[from] U-turn
|
|-weather|RainDance|[upkeep]
|upkeep
|turn|5
|
|t:|1781551144
|move|p1a: Cinderace|Sucker Punch|p2a: Kingdra
|-start|p1a: Cinderace|typechange|Dark|[from] ability: Libero
|-damage|p2a: Kingdra|56/100
|move|p2a: Kingdra|Surf|p1a: Cinderace
|-damage|p1a: Cinderace|0 fnt
|faint|p1a: Cinderace
|
|-weather|RainDance|[upkeep]
|upkeep
|
|t:|1781551147
|switch|p1a: Raging Bolt|Raging Bolt|100/100
|-damage|p1a: Raging Bolt|88/100|[from] Stealth Rock
|-enditem|p1a: Raging Bolt|Booster Energy
|-activate|p1a: Raging Bolt|ability: Protosynthesis|[fromitem]
|-start|p1a: Raging Bolt|protosynthesisspa
|turn|6
|j| KenlyKajiro
|
|t:|1781551163
|switch|p2a: Kingambit|Kingambit, F|100/100
|-activate|p2a: Kingambit|ability: Supreme Overlord
|-start|p2a: Kingambit|fallen1|[silent]
|move|p1a: Raging Bolt|Dragon Pulse|p2a: Kingambit
|-resisted|p2a: Kingambit
|-damage|p2a: Kingambit|66/100
|
|-weather|RainDance|[upkeep]
|upkeep
|turn|7
|
|t:|1781551177
|-end|p2a: Kingambit|fallen1|[silent]
|switch|p2a: Raging Bolt|Raging Bolt|100/100
|-enditem|p2a: Raging Bolt|Booster Energy
|-activate|p2a: Raging Bolt|ability: Protosynthesis|[fromitem]
|-start|p2a: Raging Bolt|protosynthesisspa
|move|p1a: Raging Bolt|Thunderbolt|p2a: Raging Bolt
|-resisted|p2a: Raging Bolt
|-damage|p2a: Raging Bolt|83/100
|
|-weather|RainDance|[upkeep]
|upkeep
|turn|8
|
|t:|1781551182
|-terastallize|p1a: Raging Bolt|Fairy
|-terastallize|p2a: Raging Bolt|Fairy
|move|p2a: Raging Bolt|Dragon Pulse|p1a: Raging Bolt
|-immune|p1a: Raging Bolt
|move|p1a: Raging Bolt|Dragon Pulse|p2a: Raging Bolt
|-immune|p2a: Raging Bolt
|
|-weather|RainDance|[upkeep]
|upkeep
|turn|9
|
|t:|1781551184
|move|p2a: Raging Bolt|Thunder|p1a: Raging Bolt
|-damage|p1a: Raging Bolt|2/100
|move|p1a: Raging Bolt|Thunderbolt|p2a: Raging Bolt
|-damage|p2a: Raging Bolt|17/100
|
|-weather|RainDance|[upkeep]
|upkeep
|turn|10
|
|t:|1781551195
|move|p1a: Raging Bolt|Thunderclap|p2a: Raging Bolt
|-damage|p2a: Raging Bolt|0 fnt
|faint|p2a: Raging Bolt
|-end|p2a: Raging Bolt|Protosynthesis|[silent]
|
|-weather|RainDance|[upkeep]
|upkeep
|
|t:|1781551200
|switch|p2a: Zamazenta|Zamazenta|100/100
|-ability|p2a: Zamazenta|Dauntless Shield|boost
|-boost|p2a: Zamazenta|def|1
|turn|11
|l| KenlyKajiro
|
|t:|1781551207
|move|p1a: Raging Bolt|Thunderbolt|p2a: Zamazenta
|-damage|p2a: Zamazenta|48/100
|move|p2a: Zamazenta|Roar|p1a: Raging Bolt
|-end|p1a: Raging Bolt|Protosynthesis|[silent]
|drag|p1a: Ogerpon|Ogerpon-Wellspring, F|97/100
|-damage|p1a: Ogerpon|85/100|[from] Stealth Rock
|
|-weather|none
|-heal|p2a: Zamazenta|54/100|[from] item: Leftovers
|upkeep
|turn|12
|
|t:|1781551215
|switch|p1a: Raging Bolt|Raging Bolt, tera:Fairy|2/100
|-damage|p1a: Raging Bolt|0 fnt|[from] Stealth Rock
|faint|p1a: Raging Bolt
|-end|p1a: Raging Bolt|Protosynthesis|[silent]
|move|p2a: Zamazenta|Body Press|p1: Raging Bolt|[notarget]
|-fail|p2a: Zamazenta
|
|-heal|p2a: Zamazenta|60/100|[from] item: Leftovers
|upkeep
|
|t:|1781551219
|switch|p1a: Gengar|Gengar, M|100/100
|-damage|p1a: Gengar|88/100|[from] Stealth Rock
|turn|13
|
|t:|1781551224
|move|p1a: Gengar|Thunder Wave|p2a: Zamazenta
|-status|p2a: Zamazenta|par
|move|p2a: Zamazenta|Crunch|p1a: Gengar
|-supereffective|p1a: Gengar
|-damage|p1a: Gengar|0 fnt
|faint|p1a: Gengar
|
|-heal|p2a: Zamazenta|66/100 par|[from] item: Leftovers
|upkeep
|
|t:|1781551230
|switch|p1a: Azelf|Azelf|16/100
|-damage|p1a: Azelf|4/100|[from] Stealth Rock
|turn|14
|
|t:|1781551247
|switch|p2a: Kingambit|Kingambit, F|66/100
|-activate|p2a: Kingambit|ability: Supreme Overlord
|-start|p2a: Kingambit|fallen2|[silent]
|move|p1a: Azelf|Mystical Power|p2a: Kingambit
|-immune|p2a: Kingambit
|
|upkeep
|turn|15
|
|t:|1781551250
|move|p2a: Kingambit|Sucker Punch|p1a: Azelf
|-supereffective|p1a: Azelf
|-damage|p1a: Azelf|0 fnt
|faint|p1a: Azelf
|
|upkeep
|-message|lolcano46 forfeited.
|
|win|Kinair
|raw|lolcano46's rating: 1626 &rarr; <strong>1606</strong><br />(-20 for losing)
|raw|Kinair's rating: 1627 &rarr; <strong>1647</strong><br />(+20 for winning)
|l|☆lolcano46
|player|p1|
|l|☆Kinair
|player|p2|
