|j|☆crck like alakazam
|j|☆StrengthOfHeart
|t:|1781241289
|gametype|singles
|player|p1|crck like alakazam|psychicf-gen4|1555
|player|p2|StrengthOfHeart|byron|1562
|gen|9
|tier|[Gen 9] OU
|rated|
|rule|HP Percentage Mod: HP is shown in percentages
|rule|Endless Battle Clause: Forcing endless battles is banned
|rule|Species Clause: Limit one of each Pokémon
|rule|OHKO Clause: OHKO moves are banned
|rule|Evasion Items Clause: Evasion items are banned
|rule|Evasion Moves Clause: Evasion moves are banned
|rule|Evasion Abilities Clause: Evasion abilities are banned
|rule|Sleep Moves Clause: Sleep-inducing moves are banned
|clearpoke
|poke|p1|Iron Treads|
|poke|p1|Pelipper, F|
|poke|p1|Dondozo, M|
|poke|p1|Overqwil, M|
|poke|p1|Enamorus, F|
|poke|p1|Raging Bolt|
|poke|p2|Corviknight, F|
|poke|p2|Darkrai|
|poke|p2|Deoxys-Speed|
|poke|p2|Hatterene, F|
|poke|p2|Iron Thorns|
|poke|p2|Ogerpon-Wellspring, F|
|teampreview
|inactive|Battle timer is ON: inactive players will automatically lose when time's up. (requested by crck like alakazam)
|inactive|crck like alakazam has 120 seconds left.
|inactive|StrengthOfHeart has 120 seconds left.
|
|t:|1781241339
|teamsize|p1|6
|teamsize|p2|6
|start
|switch|p1a: 4Pc Peliac Combo|Pelipper, F|100/100
|switch|p2a: Deoxys|Deoxys-Speed|100/100
|-ability|p2a: Deoxys|Pressure
|-weather|RainDance|[from] ability: Drizzle|[of] p1a: 4Pc Peliac Combo
|turn|1
|
|t:|1781241356
|move|p2a: Deoxys|Stealth Rock|p1a: 4Pc Peliac Combo
|-sidestart|p1: crck like alakazam|move: Stealth Rock
|move|p1a: 4Pc Peliac Combo|U-turn|p2a: Deoxys
|-supereffective|p2a: Deoxys
|-damage|p2a: Deoxys|70/100
|
|t:|1781241360
|switch|p1a: C.T.E.Spins|Iron Treads|100/100|[from] U-turn
|-damage|p1a: C.T.E.Spins|97/100|[from] Stealth Rock
|-enditem|p1a: C.T.E.Spins|Booster Energy
|-activate|p1a: C.T.E.Spins|ability: Quark Drive|[fromitem]
|-start|p1a: C.T.E.Spins|quarkdrivespe
|
|-weather|RainDance|[upkeep]
|upkeep
|turn|2
|
|t:|1781241380
|move|p1a: C.T.E.Spins|Rapid Spin|p2a: Deoxys
|-damage|p2a: Deoxys|50/100
|-boost|p1a: C.T.E.Spins|spe|1
|-sideend|p1: crck like alakazam|Stealth Rock|[from] move: Rapid Spin|[of] p1a: C.T.E.Spins
|move|p2a: Deoxys|Superpower|p1a: C.T.E.Spins
|-supereffective|p1a: C.T.E.Spins
|-damage|p1a: C.T.E.Spins|46/100
|-unboost|p2a: Deoxys|atk|1
|-unboost|p2a: Deoxys|def|1
|
|-weather|RainDance|[upkeep]
|upkeep
|turn|3
|
|t:|1781241390
|switch|p2a: Corviknight|Corviknight, F|100/100
|-ability|p2a: Corviknight|Pressure
|move|p1a: C.T.E.Spins|Earthquake|p2a: Corviknight
|-immune|p2a: Corviknight
|
|-weather|RainDance|[upkeep]
|upkeep
|turn|4
|
|t:|1781241397
|move|p1a: C.T.E.Spins|Stealth Rock|p2a: Corviknight
|-sidestart|p2: StrengthOfHeart|move: Stealth Rock
|move|p2a: Corviknight|U-turn|p1a: C.T.E.Spins
|-resisted|p1a: C.T.E.Spins
|-damage|p1a: C.T.E.Spins|41/100
|
|t:|1781241404
|switch|p2a: Ogerpon|Ogerpon-Wellspring, F|100/100|[from] U-turn
|-damage|p2a: Ogerpon|88/100|[from] Stealth Rock
|
|-weather|RainDance|[upkeep]
|upkeep
|turn|5
|
|t:|1781241411
|move|p1a: C.T.E.Spins|Volt Switch|p2a: Ogerpon
|-damage|p2a: Ogerpon|74/100
|
|t:|1781241413
|-end|p1a: C.T.E.Spins|Quark Drive|[silent]
|switch|p1a: Ol'DirtyBolt|Raging Bolt|100/100|[from] Volt Switch
|-enditem|p1a: Ol'DirtyBolt|Booster Energy
|-activate|p1a: Ol'DirtyBolt|ability: Protosynthesis|[fromitem]
|-start|p1a: Ol'DirtyBolt|protosynthesisspa
|move|p2a: Ogerpon|U-turn|p1a: Ol'DirtyBolt
|-damage|p1a: Ol'DirtyBolt|75/100
|
|t:|1781241435
|switch|p2a: Hatterene|Hatterene, F|100/100|[from] U-turn
|-damage|p2a: Hatterene|88/100|[from] Stealth Rock
|
|-weather|RainDance|[upkeep]
|upkeep
|turn|6
|
|t:|1781241442
|move|p1a: Ol'DirtyBolt|Thunder|p2a: Hatterene
|-damage|p2a: Hatterene|36/100
|-status|p2a: Hatterene|par
|move|p2a: Hatterene|Future Sight|p1a: Ol'DirtyBolt
|-start|p2a: Hatterene|move: Future Sight
|
|-weather|RainDance|[upkeep]
|upkeep
|turn|7
|
|t:|1781241449
|move|p1a: Ol'DirtyBolt|Thunder|p2a: Hatterene
|-damage|p2a: Hatterene|0 fnt
|faint|p2a: Hatterene
|
|-weather|RainDance|[upkeep]
|upkeep
|
|t:|1781241470
|switch|p2a: Iron Thorns|Iron Thorns|100/100
|-damage|p2a: Iron Thorns|88/100|[from] Stealth Rock
|-item|p2a: Iron Thorns|Air Balloon
|turn|8
|
|t:|1781241475
|move|p2a: Iron Thorns|Dragon Dance|p2a: Iron Thorns
|-boost|p2a: Iron Thorns|atk|1
|-boost|p2a: Iron Thorns|spe|1
|move|p1a: Ol'DirtyBolt|Weather Ball|p2a: Iron Thorns
|-supereffective|p2a: Iron Thorns
|-damage|p2a: Iron Thorns|0 fnt
|-enditem|p2a: Iron Thorns|Air Balloon
|faint|p2a: Iron Thorns
|-end|p2a: Iron Thorns|Quark Drive|[silent]
|
|-weather|none
|-end|p1a: Ol'DirtyBolt|move: Future Sight
|-damage|p1a: Ol'DirtyBolt|19/100
|upkeep
|
|t:|1781241488
|switch|p2a: Deoxys|Deoxys-Speed|50/100
|-ability|p2a: Deoxys|Pressure
|turn|9
|-message|StrengthOfHeart forfeited.
|
|win|crck like alakazam
|raw|crck like alakazam's rating: 1555 &rarr; <strong>1575</strong><br />(+20 for winning)
|raw|StrengthOfHeart's rating: 1562 &rarr; <strong>1542</strong><br />(-20 for losing)
|l|☆StrengthOfHeart
|player|p2|
|l|☆crck like alakazam
|player|p1|
