|j|☆Rj yoip
|j|☆lord shiddenfards
|t:|1781111191
|gametype|singles
|player|p1|Rj yoip|caitlin-masters|1714
|player|p2|lord shiddenfards|blaine|1678
|gen|9
|tier|[Gen 9] OU
|rated|
|rule|HP Percentage Mod: HP is shown in percentages
|rule|Endless Battle Clause: Forcing endless battles is banned
|rule|Species Clause: Limit one of each Pokémon
|rule|OHKO Clause: OHKO moves are banned
|rule|Evasion Items Clause: Evasion items are banned
|rule|Evasion Moves Clause: Evasion moves are banned
|rule|Evasion Abilities Clause: Evasion abilities are banned
|rule|Sleep Moves Clause: Sleep-inducing moves are banned
|clearpoke
|poke|p1|Tyranitar, F|
|poke|p1|Hydrapple, M|
|poke|p1|Enamorus, F|
|poke|p1|Garganacl, F|
|poke|p1|Excadrill, M|
|poke|p1|Alomomola, F|
|poke|p2|Ninetales, M|
|poke|p2|Great Tusk|
|poke|p2|Slither Wing|
|poke|p2|Alomomola, M|
|poke|p2|Iron Moth|
|poke|p2|Raging Bolt|
|teampreview
|inactive|Battle timer is ON: inactive players will automatically lose when time's up. (requested by lord shiddenfards)
|
|t:|1781111204
|teamsize|p1|6
|teamsize|p2|6
|start
|switch|p1a: Garganacl|Garganacl, F|100/100
|switch|p2a: Slither Wing|Slither Wing|100/100
|turn|1
|
|t:|1781111207
|move|p1a: Garganacl|Protect|p1a: Garganacl
|-singleturn|p1a: Garganacl|Protect
|move|p2a: Slither Wing|Close Combat|p1a: Garganacl
|-activate|p1a: Garganacl|move: Protect
|
|upkeep
|turn|2
|
|t:|1781111212
|switch|p1a: Enamorus|Enamorus, F|100/100
|move|p2a: Slither Wing|Close Combat|p1a: Enamorus
|-resisted|p1a: Enamorus
|-damage|p1a: Enamorus|62/100
|-unboost|p2a: Slither Wing|def|1
|-unboost|p2a: Slither Wing|spd|1
|
|upkeep
|turn|3
|
|t:|1781111218
|switch|p1a: Garganacl|Garganacl, F|100/100
|-end|p2a: Slither Wing|Protosynthesis|[silent]
|switch|p2a: Alomomola|Alomomola, M|100/100
|
|upkeep
|turn|4
|
|t:|1781111220
|move|p2a: Alomomola|Flip Turn|p1a: Garganacl
|-supereffective|p1a: Garganacl
|-damage|p1a: Garganacl|78/100
|
|t:|1781111231
|switch|p2a: Slither Wing|Slither Wing|100/100|[from] Flip Turn
|move|p1a: Garganacl|Salt Cure|p2a: Slither Wing
|-damage|p2a: Slither Wing|82/100
|-start|p2a: Slither Wing|Salt Cure
|
|-heal|p1a: Garganacl|84/100|[from] item: Leftovers
|-damage|p2a: Slither Wing|70/100|[from] Salt Cure
|upkeep
|turn|5
|
|t:|1781111246
|-end|p2a: Slither Wing|Protosynthesis|[silent]
|switch|p2a: Raging Bolt|Raging Bolt|100/100
|move|p1a: Garganacl|Protect||[still]
|-fail|p1a: Garganacl
|
|-heal|p1a: Garganacl|91/100|[from] item: Leftovers
|upkeep
|turn|6
|
|t:|1781111248
|move|p2a: Raging Bolt|Volt Switch|p1a: Garganacl
|-crit|p1a: Garganacl
|-damage|p1a: Garganacl|48/100
|
|t:|1781111260
|-end|p2a: Raging Bolt|Protosynthesis|[silent]
|switch|p2a: Great Tusk|Great Tusk|100/100|[from] Volt Switch
|move|p1a: Garganacl|Salt Cure|p2a: Great Tusk
|-resisted|p2a: Great Tusk
|-damage|p2a: Great Tusk|98/100
|-start|p2a: Great Tusk|Salt Cure
|
|-heal|p1a: Garganacl|54/100|[from] item: Leftovers
|-damage|p2a: Great Tusk|86/100|[from] Salt Cure
|upkeep
|turn|7
|
|t:|1781111263
|move|p2a: Great Tusk|Bulk Up|p2a: Great Tusk
|-boost|p2a: Great Tusk|atk|1
|-boost|p2a: Great Tusk|def|1
|move|p1a: Garganacl|Recover|p1a: Garganacl
|-heal|p1a: Garganacl|100/100
|
|-damage|p2a: Great Tusk|73/100|[from] Salt Cure
|upkeep
|turn|8
|
|t:|1781111272
|switch|p1a: Hydrapple|Hydrapple, M|100/100
|move|p2a: Great Tusk|Bulk Up|p2a: Great Tusk
|-boost|p2a: Great Tusk|atk|1
|-boost|p2a: Great Tusk|def|1
|
|-damage|p2a: Great Tusk|61/100|[from] Salt Cure
|upkeep
|turn|9
|
|t:|1781111278
|-end|p2a: Great Tusk|Protosynthesis|[silent]
|switch|p2a: Ninetales|Ninetales, M|100/100
|-weather|SunnyDay|[from] ability: Drought|[of] p2a: Ninetales
|switch|p1a: Alomomola|Alomomola, F|100/100
|
|-weather|SunnyDay|[upkeep]
|upkeep
|turn|10
|
|t:|1781111282
|switch|p2a: Raging Bolt|Raging Bolt|100/100
|-activate|p2a: Raging Bolt|ability: Protosynthesis
|-start|p2a: Raging Bolt|protosynthesisspa
|move|p1a: Alomomola|Flip Turn|p2a: Raging Bolt
|-resisted|p2a: Raging Bolt
|-damage|p2a: Raging Bolt|97/100
|
|t:|1781111284
|switch|p1a: Tyranitar|Tyranitar, F|100/100|[from] Flip Turn
|-weather|Sandstorm|[from] ability: Sand Stream|[of] p1a: Tyranitar
|-end|p2a: Raging Bolt|Protosynthesis
|
|-weather|Sandstorm|[upkeep]
|-damage|p2a: Raging Bolt|91/100|[from] Sandstorm
|upkeep
|turn|11
|
|t:|1781111288
|move|p1a: Tyranitar|Knock Off|p2a: Raging Bolt
|-damage|p2a: Raging Bolt|26/100
|-enditem|p2a: Raging Bolt|Assault Vest|[from] move: Knock Off|[of] p1a: Tyranitar
|move|p2a: Raging Bolt|Volt Switch|p1a: Tyranitar
|-damage|p1a: Tyranitar|74/100
|
|t:|1781111291
|-end|p2a: Raging Bolt|Protosynthesis|[silent]
|switch|p2a: Slither Wing|Slither Wing|70/100|[from] Volt Switch
|
|-weather|Sandstorm|[upkeep]
|-damage|p2a: Slither Wing|64/100|[from] Sandstorm
|upkeep
|turn|12
|
|t:|1781111295
|switch|p1a: Hydrapple|Hydrapple, M|100/100
|move|p2a: Slither Wing|U-turn|p1a: Hydrapple
|-supereffective|p1a: Hydrapple
|-damage|p1a: Hydrapple|27/100
|-damage|p2a: Slither Wing|47/100|[from] item: Rocky Helmet|[of] p1a: Hydrapple
|
|t:|1781111298
|-end|p2a: Slither Wing|Protosynthesis|[silent]
|switch|p2a: Ninetales|Ninetales, M|100/100|[from] U-turn
|-weather|SunnyDay|[from] ability: Drought|[of] p2a: Ninetales
|
|-weather|SunnyDay|[upkeep]
|upkeep
|turn|13
|
|t:|1781111300
|switch|p1a: Tyranitar|Tyranitar, F|74/100
|-weather|Sandstorm|[from] ability: Sand Stream|[of] p1a: Tyranitar
|move|p2a: Ninetales|Scorching Sands|p1a: Tyranitar
|-supereffective|p1a: Tyranitar
|-damage|p1a: Tyranitar|37/100
|
|-weather|Sandstorm|[upkeep]
|-damage|p2a: Ninetales|95/100|[from] Sandstorm
|upkeep
|turn|14
|
|t:|1781111304
|switch|p2a: Alomomola|Alomomola, M|100/100
|move|p1a: Tyranitar|Knock Off|p2a: Alomomola
|-damage|p2a: Alomomola|46/100
|-enditem|p2a: Alomomola|Eject Button|[from] move: Knock Off|[of] p1a: Tyranitar
|
|-weather|Sandstorm|[upkeep]
|-damage|p2a: Alomomola|39/100|[from] Sandstorm
|upkeep
|turn|15
|
|t:|1781111308
|switch|p1a: Hydrapple|Hydrapple, M|60/100
|move|p2a: Alomomola|Flip Turn|p1a: Hydrapple
|-resisted|p1a: Hydrapple
|-damage|p1a: Hydrapple|58/100
|-damage|p2a: Alomomola|23/100|[from] item: Rocky Helmet|[of] p1a: Hydrapple
|
|t:|1781111311
|switch|p2a: Ninetales|Ninetales, M|95/100|[from] Flip Turn
|-weather|SunnyDay|[from] ability: Drought|[of] p2a: Ninetales
|
|-weather|SunnyDay|[upkeep]
|upkeep
|turn|16
|
|t:|1781111322
|switch|p1a: Garganacl|Garganacl, F|100/100
|move|p2a: Ninetales|Overheat|p1a: Garganacl
|-resisted|p1a: Garganacl
|-damage|p1a: Garganacl|60/100
|-unboost|p2a: Ninetales|spa|2
|
|-weather|SunnyDay|[upkeep]
|-heal|p1a: Garganacl|67/100|[from] item: Leftovers
|upkeep
|turn|17
|
|t:|1781111330
|switch|p2a: Great Tusk|Great Tusk|61/100
|-activate|p2a: Great Tusk|ability: Protosynthesis
|-start|p2a: Great Tusk|protosynthesisspe
|move|p1a: Garganacl|Salt Cure|p2a: Great Tusk
|-resisted|p2a: Great Tusk
|-damage|p2a: Great Tusk|59/100
|-start|p2a: Great Tusk|Salt Cure
|
|-weather|SunnyDay|[upkeep]
|-heal|p1a: Garganacl|73/100|[from] item: Leftovers
|-damage|p2a: Great Tusk|46/100|[from] Salt Cure
|upkeep
|turn|18
|
|t:|1781111336
|move|p1a: Garganacl|Protect|p1a: Garganacl
|-singleturn|p1a: Garganacl|Protect
|move|p2a: Great Tusk|Headlong Rush|p1a: Garganacl
|-activate|p1a: Garganacl|move: Protect
|
|-weather|SunnyDay|[upkeep]
|-heal|p1a: Garganacl|79/100|[from] item: Leftovers
|-damage|p2a: Great Tusk|34/100|[from] Salt Cure
|upkeep
|turn|19
|
|t:|1781111338
|-end|p2a: Great Tusk|Protosynthesis|[silent]
|switch|p2a: Alomomola|Alomomola, M|56/100
|switch|p1a: Hydrapple|Hydrapple, M|91/100
|
|-weather|none
|upkeep
|turn|20
|
|t:|1781111344
|switch|p2a: Ninetales|Ninetales, M|95/100
|-weather|SunnyDay|[from] ability: Drought|[of] p2a: Ninetales
|move|p1a: Hydrapple|Earth Power|p2a: Ninetales
|-supereffective|p2a: Ninetales
|-damage|p2a: Ninetales|38/100
|
|-weather|SunnyDay|[upkeep]
|upkeep
|turn|21
|
|t:|1781111349
|switch|p1a: Garganacl|Garganacl, F|79/100
|move|p2a: Ninetales|Scorching Sands|p1a: Garganacl
|-supereffective|p1a: Garganacl
|-damage|p1a: Garganacl|41/100
|
|-weather|SunnyDay|[upkeep]
|-heal|p1a: Garganacl|47/100|[from] item: Leftovers
|upkeep
|turn|22
|
|t:|1781111361
|switch|p2a: Alomomola|Alomomola, M|89/100
|move|p1a: Garganacl|Recover|p1a: Garganacl
|-heal|p1a: Garganacl|97/100
|
|-weather|SunnyDay|[upkeep]
|-heal|p1a: Garganacl|100/100|[from] item: Leftovers
|upkeep
|turn|23
|
|t:|1781111364
|-terastallize|p2a: Alomomola|Fairy
|move|p2a: Alomomola|Wish|p2a: Alomomola
|move|p1a: Garganacl|Salt Cure|p2a: Alomomola
|-damage|p2a: Alomomola|80/100
|-start|p2a: Alomomola|Salt Cure
|
|-weather|SunnyDay|[upkeep]
|-damage|p2a: Alomomola|67/100|[from] Salt Cure
|upkeep
|turn|24
|
|t:|1781111369
|move|p1a: Garganacl|Protect|p1a: Garganacl
|-singleturn|p1a: Garganacl|Protect
|move|p2a: Alomomola|Flip Turn|p1a: Garganacl
|-activate|p1a: Garganacl|move: Protect
|
|-weather|none
|-heal|p2a: Alomomola|100/100|[from] move: Wish|[wisher] Alomomola
|-damage|p2a: Alomomola|88/100|[from] Salt Cure
|upkeep
|turn|25
|
|t:|1781111370
|move|p2a: Alomomola|Wish|p2a: Alomomola
|move|p1a: Garganacl|Stealth Rock|p2a: Alomomola
|-sidestart|p2: lord shiddenfards|move: Stealth Rock
|
|-damage|p2a: Alomomola|76/100|[from] Salt Cure
|upkeep
|turn|26
|
|t:|1781111374
|switch|p2a: Great Tusk|Great Tusk|34/100
|move|p1a: Garganacl|Salt Cure|p2a: Great Tusk
|-resisted|p2a: Great Tusk
|-damage|p2a: Great Tusk|32/100
|-start|p2a: Great Tusk|Salt Cure
|
|-heal|p2a: Great Tusk|90/100|[from] move: Wish|[wisher] Alomomola
|-damage|p2a: Great Tusk|78/100|[from] Salt Cure
|upkeep
|turn|27
|
|t:|1781111377
|move|p1a: Garganacl|Protect|p1a: Garganacl
|-singleturn|p1a: Garganacl|Protect
|move|p2a: Great Tusk|Bulk Up|p2a: Great Tusk
|-boost|p2a: Great Tusk|atk|1
|-boost|p2a: Great Tusk|def|1
|
|-damage|p2a: Great Tusk|65/100|[from] Salt Cure
|upkeep
|turn|28
|
|t:|1781111379
|switch|p1a: Hydrapple|Hydrapple, M|100/100
|move|p2a: Great Tusk|Rapid Spin|p1a: Hydrapple
|-damage|p1a: Hydrapple|88/100
|-boost|p2a: Great Tusk|spe|1
|-damage|p2a: Great Tusk|49/100|[from] item: Rocky Helmet|[of] p1a: Hydrapple
|-sideend|p2: lord shiddenfards|Stealth Rock|[from] move: Rapid Spin|[of] p2a: Great Tusk
|
|-damage|p2a: Great Tusk|36/100|[from] Salt Cure
|upkeep
|turn|29
|
|t:|1781111384
|-end|p2a: Great Tusk|Protosynthesis|[silent]
|switch|p2a: Alomomola|Alomomola, M, tera:Fairy|100/100
|switch|p1a: Alomomola|Alomomola, F|100/100
|
|upkeep
|turn|30
|
|t:|1781111387
|move|p2a: Alomomola|Wish|p2a: Alomomola
|move|p1a: Alomomola|Scald|p2a: Alomomola
|-damage|p2a: Alomomola|89/100
|-status|p2a: Alomomola|brn
|
|-damage|p2a: Alomomola|83/100 brn|[from] brn
|upkeep
|turn|31
|
|t:|1781111393
|move|p2a: Alomomola|Flip Turn|p1a: Alomomola
|-resisted|p1a: Alomomola
|-damage|p1a: Alomomola|98/100
|
|t:|1781111401
|switch|p2a: Ninetales|Ninetales, M|38/100|[from] Flip Turn
|-weather|SunnyDay|[from] ability: Drought|[of] p2a: Ninetales
|move|p1a: Alomomola|Flip Turn|p2a: Ninetales
|-supereffective|p2a: Ninetales
|-damage|p2a: Ninetales|13/100
|
|t:|1781111405
|switch|p1a: Tyranitar|Tyranitar, F|37/100|[from] Flip Turn
|-weather|Sandstorm|[from] ability: Sand Stream|[of] p1a: Tyranitar
|
|-weather|Sandstorm|[upkeep]
|-damage|p2a: Ninetales|7/100|[from] Sandstorm
|-heal|p2a: Ninetales|91/100|[from] move: Wish|[wisher] Alomomola
|upkeep
|turn|32
|
|t:|1781111411
|switch|p2a: Alomomola|Alomomola, M, tera:Fairy|100/100 brn
|switch|p1a: Garganacl|Garganacl, F|100/100
|
|-weather|Sandstorm|[upkeep]
|-damage|p2a: Alomomola|94/100 brn|[from] Sandstorm
|-damage|p2a: Alomomola|88/100 brn|[from] brn
|upkeep
|turn|33
|
|t:|1781111424
|move|p2a: Alomomola|Wish|p2a: Alomomola
|move|p1a: Garganacl|Stealth Rock|p2a: Alomomola
|-sidestart|p2: lord shiddenfards|move: Stealth Rock
|
|-weather|Sandstorm|[upkeep]
|-damage|p2a: Alomomola|82/100 brn|[from] Sandstorm
|-damage|p2a: Alomomola|76/100 brn|[from] brn
|upkeep
|turn|34
|
|t:|1781111428
|switch|p2a: Great Tusk|Great Tusk|36/100
|move|p1a: Garganacl|Protect||[still]
|-fail|p1a: Garganacl
|
|-weather|Sandstorm|[upkeep]
|-heal|p2a: Great Tusk|95/100|[from] move: Wish|[wisher] Alomomola
|upkeep
|turn|35
|
|t:|1781111437
|switch|p1a: Hydrapple|Hydrapple, M|100/100
|move|p2a: Great Tusk|Rapid Spin|p1a: Hydrapple
|-damage|p1a: Hydrapple|93/100
|-boost|p2a: Great Tusk|spe|1
|-damage|p2a: Great Tusk|78/100|[from] item: Rocky Helmet|[of] p1a: Hydrapple
|-sideend|p2: lord shiddenfards|Stealth Rock|[from] move: Rapid Spin|[of] p2a: Great Tusk
|
|-weather|none
|upkeep
|turn|36
|
|t:|1781111443
|-end|p2a: Great Tusk|Protosynthesis|[silent]
|switch|p2a: Ninetales|Ninetales, M|91/100
|-weather|SunnyDay|[from] ability: Drought|[of] p2a: Ninetales
|move|p1a: Hydrapple|Giga Drain|p2a: Ninetales
|-resisted|p2a: Ninetales
|-damage|p2a: Ninetales|72/100
|-heal|p1a: Hydrapple|99/100|[from] drain|[of] p2a: Ninetales
|
|-weather|SunnyDay|[upkeep]
|upkeep
|turn|37
|j| ILoveGardevoirRah
|c| ILoveGardevoirRah|oh hey there :)
|
|t:|1781111456
|switch|p1a: Garganacl|Garganacl, F|100/100
|move|p2a: Ninetales|Weather Ball|p1a: Garganacl
|-resisted|p1a: Garganacl
|-damage|p1a: Garganacl|70/100
|
|-weather|SunnyDay|[upkeep]
|-heal|p1a: Garganacl|76/100|[from] item: Leftovers
|upkeep
|turn|38
|
|t:|1781111461
|switch|p2a: Alomomola|Alomomola, M, tera:Fairy|100/100 brn
|move|p1a: Garganacl|Salt Cure|p2a: Alomomola
|-damage|p2a: Alomomola|92/100 brn
|-start|p2a: Alomomola|Salt Cure
|
|-weather|SunnyDay|[upkeep]
|-heal|p1a: Garganacl|82/100|[from] item: Leftovers
|-damage|p2a: Alomomola|86/100 brn|[from] brn
|-damage|p2a: Alomomola|73/100 brn|[from] Salt Cure
|upkeep
|turn|39
|
|t:|1781111464
|move|p2a: Alomomola|Wish|p2a: Alomomola
|move|p1a: Garganacl|Stealth Rock|p2a: Alomomola
|-sidestart|p2: lord shiddenfards|move: Stealth Rock
|
|-weather|SunnyDay|[upkeep]
|-heal|p1a: Garganacl|89/100|[from] item: Leftovers
|-damage|p2a: Alomomola|67/100 brn|[from] brn
|-damage|p2a: Alomomola|54/100 brn|[from] Salt Cure
|upkeep
|turn|40
|c| ILoveGardevoirRah|still trying to figure out sand, I see
|
|t:|1781111475
|switch|p2a: Slither Wing|Slither Wing|47/100
|-damage|p2a: Slither Wing|35/100|[from] Stealth Rock
|-activate|p2a: Slither Wing|ability: Protosynthesis
|-start|p2a: Slither Wing|protosynthesisatk
|move|p1a: Garganacl|Salt Cure|p2a: Slither Wing
|-damage|p2a: Slither Wing|16/100
|-start|p2a: Slither Wing|Salt Cure
|
|-weather|none
|-end|p2a: Slither Wing|Protosynthesis
|-heal|p2a: Slither Wing|93/100|[from] move: Wish|[wisher] Alomomola
|-heal|p1a: Garganacl|95/100|[from] item: Leftovers
|-damage|p2a: Slither Wing|81/100|[from] Salt Cure
|upkeep
|turn|41
|
|t:|1781111478
|move|p1a: Garganacl|Protect|p1a: Garganacl
|-singleturn|p1a: Garganacl|Protect
|move|p2a: Slither Wing|U-turn|p1a: Garganacl
|-activate|p1a: Garganacl|move: Protect
|
|-heal|p1a: Garganacl|100/100|[from] item: Leftovers
|-damage|p2a: Slither Wing|68/100|[from] Salt Cure
|upkeep
|turn|42
|
|t:|1781111483
|move|p2a: Slither Wing|U-turn|p1a: Garganacl
|-damage|p1a: Garganacl|59/100
|
|t:|1781111486
|-end|p2a: Slither Wing|Protosynthesis|[silent]
|switch|p2a: Alomomola|Alomomola, M, tera:Fairy|88/100 brn|[from] U-turn
|-damage|p2a: Alomomola|75/100 brn|[from] Stealth Rock
|move|p1a: Garganacl|Salt Cure|p2a: Alomomola
|-damage|p2a: Alomomola|66/100 brn
|-start|p2a: Alomomola|Salt Cure
|
|-heal|p1a: Garganacl|65/100|[from] item: Leftovers
|-damage|p2a: Alomomola|59/100 brn|[from] brn
|-damage|p2a: Alomomola|47/100 brn|[from] Salt Cure
|upkeep
|turn|43
|
|t:|1781111493
|switch|p1a: Excadrill|Excadrill, M|100/100
|move|p2a: Alomomola|Flip Turn|p1a: Excadrill
|-supereffective|p1a: Excadrill
|-damage|p1a: Excadrill|75/100
|
|t:|1781111495
|switch|p2a: Great Tusk|Great Tusk|78/100|[from] Flip Turn
|
|-heal|p1a: Excadrill|81/100|[from] item: Leftovers
|upkeep
|turn|44
|
|t:|1781111498
|switch|p1a: Hydrapple|Hydrapple, M|100/100
|move|p2a: Great Tusk|Rapid Spin|p1a: Hydrapple
|-damage|p1a: Hydrapple|93/100
|-boost|p2a: Great Tusk|spe|1
|-damage|p2a: Great Tusk|62/100|[from] item: Rocky Helmet|[of] p1a: Hydrapple
|-sideend|p2: lord shiddenfards|Stealth Rock|[from] move: Rapid Spin|[of] p2a: Great Tusk
|
|upkeep
|turn|45
|
|t:|1781111504
|-end|p2a: Great Tusk|Protosynthesis|[silent]
|switch|p2a: Alomomola|Alomomola, M, tera:Fairy|80/100 brn
|move|p1a: Hydrapple|Nasty Plot|p1a: Hydrapple
|-boost|p1a: Hydrapple|spa|2
|
|-damage|p2a: Alomomola|74/100 brn|[from] brn
|upkeep
|turn|46
|
|t:|1781111509
|move|p2a: Alomomola|Wish|p2a: Alomomola
|move|p1a: Hydrapple|Giga Drain|p2a: Alomomola
|-damage|p2a: Alomomola|24/100 brn
|-heal|p1a: Hydrapple|100/100|[from] drain|[of] p2a: Alomomola
|
|-damage|p2a: Alomomola|18/100 brn|[from] brn
|upkeep
|turn|47
|
|t:|1781111515
|switch|p2a: Ninetales|Ninetales, M|72/100
|-weather|SunnyDay|[from] ability: Drought|[of] p2a: Ninetales
|move|p1a: Hydrapple|Earth Power|p2a: Ninetales
|-supereffective|p2a: Ninetales
|-damage|p2a: Ninetales|0 fnt
|faint|p2a: Ninetales
|
|-weather|SunnyDay|[upkeep]
|upkeep
|inactive|lord shiddenfards has 120 seconds left.
|
|t:|1781111562
|switch|p2a: Raging Bolt|Raging Bolt|26/100
|-activate|p2a: Raging Bolt|ability: Protosynthesis
|-start|p2a: Raging Bolt|protosynthesisspa
|turn|48
|
|t:|1781111567
|switch|p1a: Tyranitar|Tyranitar, F|37/100
|-weather|Sandstorm|[from] ability: Sand Stream|[of] p1a: Tyranitar
|-end|p2a: Raging Bolt|Protosynthesis
|move|p2a: Raging Bolt|Draco Meteor|p1a: Tyranitar
|-damage|p1a: Tyranitar|0 fnt
|-unboost|p2a: Raging Bolt|spa|2
|faint|p1a: Tyranitar
|
|-weather|Sandstorm|[upkeep]
|-damage|p2a: Raging Bolt|19/100|[from] Sandstorm
|upkeep
|
|t:|1781111570
|switch|p1a: Excadrill|Excadrill, M|81/100
|turn|49
|
|t:|1781111578
|move|p1a: Excadrill|Substitute|p1a: Excadrill
|-start|p1a: Excadrill|Substitute
|-damage|p1a: Excadrill|56/100
|move|p2a: Raging Bolt|Draco Meteor|p1a: Excadrill
|-resisted|p1a: Excadrill
|-activate|p1a: Excadrill|move: Substitute|[damage]
|-unboost|p2a: Raging Bolt|spa|2
|
|-weather|Sandstorm|[upkeep]
|-damage|p2a: Raging Bolt|13/100|[from] Sandstorm
|-heal|p1a: Excadrill|63/100|[from] item: Leftovers
|upkeep
|turn|50
|
|t:|1781111590
|move|p1a: Excadrill|Rapid Spin|p2a: Raging Bolt
|-damage|p2a: Raging Bolt|0 fnt
|-boost|p1a: Excadrill|spe|1
|faint|p2a: Raging Bolt
|-end|p2a: Raging Bolt|Protosynthesis|[silent]
|
|-weather|Sandstorm|[upkeep]
|-heal|p1a: Excadrill|69/100|[from] item: Leftovers
|upkeep
|
|t:|1781111610
|switch|p2a: Great Tusk|Great Tusk|62/100
|turn|51
|
|t:|1781111618
|move|p1a: Excadrill|Earthquake|p2a: Great Tusk
|-damage|p2a: Great Tusk|27/100
|move|p2a: Great Tusk|Ice Spinner|p1a: Excadrill
|-end|p1a: Excadrill|Substitute
|
|-weather|Sandstorm|[upkeep]
|-heal|p1a: Excadrill|75/100|[from] item: Leftovers
|upkeep
|turn|52
|
|t:|1781111625
|move|p1a: Excadrill|Earthquake|p2a: Great Tusk
|-damage|p2a: Great Tusk|0 fnt
|faint|p2a: Great Tusk
|-end|p2a: Great Tusk|Protosynthesis|[silent]
|
|-weather|none
|-heal|p1a: Excadrill|81/100|[from] item: Leftovers
|upkeep
|
|t:|1781111638
|switch|p2a: Slither Wing|Slither Wing|68/100
|turn|53
|
|t:|1781111643
|move|p1a: Excadrill|Substitute|p1a: Excadrill
|-start|p1a: Excadrill|Substitute
|-damage|p1a: Excadrill|56/100
|move|p2a: Slither Wing|Close Combat|p1a: Excadrill
|-supereffective|p1a: Excadrill
|-end|p1a: Excadrill|Substitute
|-unboost|p2a: Slither Wing|def|1
|-unboost|p2a: Slither Wing|spd|1
|
|-heal|p1a: Excadrill|62/100|[from] item: Leftovers
|upkeep
|turn|54
|
|t:|1781111649
|-end|p2a: Slither Wing|Protosynthesis|[silent]
|switch|p2a: Alomomola|Alomomola, M, tera:Fairy|51/100 brn
|move|p1a: Excadrill|Substitute|p1a: Excadrill
|-start|p1a: Excadrill|Substitute
|-damage|p1a: Excadrill|37/100
|
|-heal|p1a: Excadrill|43/100|[from] item: Leftovers
|-damage|p2a: Alomomola|45/100 brn|[from] brn
|upkeep
|turn|55
|
|t:|1781111652
|move|p1a: Excadrill|Earthquake|p2a: Alomomola
|-damage|p2a: Alomomola|10/100 brn
|move|p2a: Alomomola|Flip Turn|p1a: Excadrill
|-supereffective|p1a: Excadrill
|-activate|p1a: Excadrill|move: Substitute|[damage]
|
|t:|1781111664
|switch|p2a: Slither Wing|Slither Wing|68/100|[from] Flip Turn
|
|-heal|p1a: Excadrill|49/100|[from] item: Leftovers
|upkeep
|turn|56
|
|t:|1781111686
|move|p1a: Excadrill|Rock Slide|p2a: Slither Wing
|-damage|p2a: Slither Wing|34/100
|move|p2a: Slither Wing|U-turn|p1a: Excadrill
|-resisted|p1a: Excadrill
|-end|p1a: Excadrill|Substitute
|
|t:|1781111693
|-end|p2a: Slither Wing|Protosynthesis|[silent]
|switch|p2a: Alomomola|Alomomola, M, tera:Fairy|43/100 brn|[from] U-turn
|
|-heal|p1a: Excadrill|55/100|[from] item: Leftovers
|-damage|p2a: Alomomola|37/100 brn|[from] brn
|upkeep
|turn|57
|
|t:|1781111698
|move|p1a: Excadrill|Earthquake|p2a: Alomomola
|-damage|p2a: Alomomola|1/100 brn
|move|p2a: Alomomola|Flip Turn|p1a: Excadrill
|-supereffective|p1a: Excadrill
|-damage|p1a: Excadrill|31/100
|
|t:|1781111705
|switch|p2a: Slither Wing|Slither Wing|34/100|[from] Flip Turn
|
|-heal|p1a: Excadrill|37/100|[from] item: Leftovers
|upkeep
|turn|58
|c|☆Rj yoip|God damn flip turn even when burned does a lot
|
|t:|1781111715
|switch|p1a: Hydrapple|Hydrapple, M|100/100
|move|p2a: Slither Wing|First Impression|p1a: Hydrapple
|-supereffective|p1a: Hydrapple
|-damage|p1a: Hydrapple|18/100
|-damage|p2a: Slither Wing|18/100|[from] item: Rocky Helmet|[of] p1a: Hydrapple
|
|upkeep
|turn|59
|
|t:|1781111719
|-end|p2a: Slither Wing|Protosynthesis|[silent]
|switch|p2a: Iron Moth|Iron Moth|100/100
|-enditem|p2a: Iron Moth|Booster Energy
|-activate|p2a: Iron Moth|ability: Quark Drive|[fromitem]
|-start|p2a: Iron Moth|quarkdrivespe
|move|p1a: Hydrapple|Earth Power|p2a: Iron Moth
|-supereffective|p2a: Iron Moth
|-damage|p2a: Iron Moth|18/100
|
|upkeep
|turn|60
|
|t:|1781111722
|switch|p1a: Alomomola|Alomomola, F|100/100
|move|p2a: Iron Moth|Fiery Dance|p1a: Alomomola
|-resisted|p1a: Alomomola
|-damage|p1a: Alomomola|90/100
|
|upkeep
|turn|61
|
|t:|1781111727
|move|p2a: Iron Moth|Sludge Wave|p1a: Alomomola
|-damage|p1a: Alomomola|62/100
|move|p1a: Alomomola|Flip Turn|p2a: Iron Moth
|-supereffective|p2a: Iron Moth
|-damage|p2a: Iron Moth|0 fnt
|faint|p2a: Iron Moth
|-end|p2a: Iron Moth|Quark Drive|[silent]
|
|t:|1781111730
|switch|p1a: Garganacl|Garganacl, F|65/100|[from] Flip Turn
|
|-heal|p1a: Garganacl|71/100|[from] item: Leftovers
|upkeep
|
|t:|1781111739
|switch|p2a: Alomomola|Alomomola, M, tera:Fairy|34/100 brn
|turn|62
|
|t:|1781111744
|move|p2a: Alomomola|Wish|p2a: Alomomola
|move|p1a: Garganacl|Salt Cure|p2a: Alomomola
|-damage|p2a: Alomomola|25/100 brn
|-start|p2a: Alomomola|Salt Cure
|
|-heal|p1a: Garganacl|77/100|[from] item: Leftovers
|-damage|p2a: Alomomola|19/100 brn|[from] brn
|-damage|p2a: Alomomola|7/100 brn|[from] Salt Cure
|upkeep
|turn|63
|
|t:|1781111752
|move|p2a: Alomomola|Protect|p2a: Alomomola
|-singleturn|p2a: Alomomola|Protect
|move|p1a: Garganacl|Stealth Rock|p2a: Alomomola
|-sidestart|p2: lord shiddenfards|move: Stealth Rock
|
|-heal|p2a: Alomomola|56/100 brn|[from] move: Wish|[wisher] Alomomola
|-heal|p1a: Garganacl|83/100|[from] item: Leftovers
|-damage|p2a: Alomomola|50/100 brn|[from] brn
|-damage|p2a: Alomomola|38/100 brn|[from] Salt Cure
|upkeep
|turn|64
|
|t:|1781111755
|move|p2a: Alomomola|Wish|p2a: Alomomola
|move|p1a: Garganacl|Salt Cure|p2a: Alomomola
|-damage|p2a: Alomomola|28/100 brn
|
|-heal|p1a: Garganacl|90/100|[from] item: Leftovers
|-damage|p2a: Alomomola|21/100 brn|[from] brn
|-damage|p2a: Alomomola|9/100 brn|[from] Salt Cure
|upkeep
|turn|65
|
|t:|1781111757
|move|p2a: Alomomola|Protect|p2a: Alomomola
|-singleturn|p2a: Alomomola|Protect
|move|p1a: Garganacl|Salt Cure|p2a: Alomomola
|-activate|p2a: Alomomola|move: Protect
|
|-heal|p2a: Alomomola|59/100 brn|[from] move: Wish|[wisher] Alomomola
|-heal|p1a: Garganacl|96/100|[from] item: Leftovers
|-damage|p2a: Alomomola|52/100 brn|[from] brn
|-damage|p2a: Alomomola|40/100 brn|[from] Salt Cure
|upkeep
|turn|66
|
|t:|1781111767
|move|p2a: Alomomola|Wish|p2a: Alomomola
|move|p1a: Garganacl|Salt Cure|p2a: Alomomola
|-damage|p2a: Alomomola|30/100 brn
|
|-heal|p1a: Garganacl|100/100|[from] item: Leftovers
|-damage|p2a: Alomomola|24/100 brn|[from] brn
|-damage|p2a: Alomomola|12/100 brn|[from] Salt Cure
|upkeep
|turn|67
|
|t:|1781111776
|move|p2a: Alomomola|Protect|p2a: Alomomola
|-singleturn|p2a: Alomomola|Protect
|move|p1a: Garganacl|Salt Cure|p2a: Alomomola
|-activate|p2a: Alomomola|move: Protect
|
|-heal|p2a: Alomomola|62/100 brn|[from] move: Wish|[wisher] Alomomola
|-damage|p2a: Alomomola|55/100 brn|[from] brn
|-damage|p2a: Alomomola|43/100 brn|[from] Salt Cure
|upkeep
|turn|68
|
|t:|1781111783
|move|p2a: Alomomola|Wish|p2a: Alomomola
|move|p1a: Garganacl|Salt Cure|p2a: Alomomola
|-damage|p2a: Alomomola|33/100 brn
|
|-damage|p2a: Alomomola|27/100 brn|[from] brn
|-damage|p2a: Alomomola|14/100 brn|[from] Salt Cure
|upkeep
|turn|69
|
|t:|1781111793
|move|p2a: Alomomola|Protect|p2a: Alomomola
|-singleturn|p2a: Alomomola|Protect
|move|p1a: Garganacl|Salt Cure|p2a: Alomomola
|-activate|p2a: Alomomola|move: Protect
|
|-heal|p2a: Alomomola|64/100 brn|[from] move: Wish|[wisher] Alomomola
|-damage|p2a: Alomomola|58/100 brn|[from] brn
|-damage|p2a: Alomomola|45/100 brn|[from] Salt Cure
|upkeep
|turn|70
|
|t:|1781111802
|move|p2a: Alomomola|Wish|p2a: Alomomola
|move|p1a: Garganacl|Salt Cure|p2a: Alomomola
|-damage|p2a: Alomomola|35/100 brn
|
|-damage|p2a: Alomomola|29/100 brn|[from] brn
|-damage|p2a: Alomomola|17/100 brn|[from] Salt Cure
|upkeep
|turn|71
|
|t:|1781111805
|switch|p1a: Hydrapple|Hydrapple, M|51/100
|move|p2a: Alomomola|Protect||[still]
|-fail|p2a: Alomomola
|
|-heal|p2a: Alomomola|67/100 brn|[from] move: Wish|[wisher] Alomomola
|-damage|p2a: Alomomola|60/100 brn|[from] brn
|-damage|p2a: Alomomola|48/100 brn|[from] Salt Cure
|upkeep
|turn|72
|
|t:|1781111817
|move|p2a: Alomomola|Wish|p2a: Alomomola
|move|p1a: Hydrapple|Fickle Beam|p2a: Alomomola
|-immune|p2a: Alomomola
|
|-damage|p2a: Alomomola|42/100 brn|[from] brn
|-damage|p2a: Alomomola|29/100 brn|[from] Salt Cure
|upkeep
|turn|73
|
|t:|1781111820
|move|p2a: Alomomola|Protect|p2a: Alomomola
|-singleturn|p2a: Alomomola|Protect
|move|p1a: Hydrapple|Nasty Plot|p1a: Hydrapple
|-boost|p1a: Hydrapple|spa|2
|
|-heal|p2a: Alomomola|79/100 brn|[from] move: Wish|[wisher] Alomomola
|-damage|p2a: Alomomola|73/100 brn|[from] brn
|-damage|p2a: Alomomola|60/100 brn|[from] Salt Cure
|upkeep
|turn|74
|
|t:|1781111829
|move|p2a: Alomomola|Wish|p2a: Alomomola
|move|p1a: Hydrapple|Giga Drain|p2a: Alomomola
|-damage|p2a: Alomomola|15/100 brn
|-heal|p1a: Hydrapple|77/100|[from] drain|[of] p2a: Alomomola
|
|-damage|p2a: Alomomola|9/100 brn|[from] brn
|-damage|p2a: Alomomola|0 fnt|[from] Salt Cure
|faint|p2a: Alomomola
|upkeep
|
|t:|1781111833
|switch|p2a: Slither Wing|Slither Wing|18/100
|-damage|p2a: Slither Wing|5/100|[from] Stealth Rock
|turn|75
|
|t:|1781111841
|move|p2a: Slither Wing|Close Combat|p1a: Hydrapple
|-damage|p1a: Hydrapple|14/100
|-unboost|p2a: Slither Wing|def|1
|-unboost|p2a: Slither Wing|spd|1
|-damage|p2a: Slither Wing|0 fnt|[from] item: Rocky Helmet|[of] p1a: Hydrapple
|faint|p2a: Slither Wing
|-end|p2a: Slither Wing|Protosynthesis|[silent]
|
|win|Rj yoip
|raw|Rj yoip's rating: 1714 &rarr; <strong>1732</strong><br />(+18 for winning)
|raw|lord shiddenfards's rating: 1678 &rarr; <strong>1660</strong><br />(-18 for losing)
|l|☆lord shiddenfards
|player|p2|
|l|☆Rj yoip
|player|p1|
