|j|☆databricks
|j|☆kennojex
|t:|1781151335
|gametype|singles
|player|p1|databricks|hilbert|1669
|player|p2|kennojex|lucas|1623
|gen|9
|tier|[Gen 9] OU
|rated|
|rule|HP Percentage Mod: HP is shown in percentages
|rule|Endless Battle Clause: Forcing endless battles is banned
|rule|Species Clause: Limit one of each Pokémon
|rule|OHKO Clause: OHKO moves are banned
|rule|Evasion Items Clause: Evasion items are banned
|rule|Evasion Moves Clause: Evasion moves are banned
|rule|Evasion Abilities Clause: Evasion abilities are banned
|rule|Sleep Moves Clause: Sleep-inducing moves are banned
|clearpoke
|poke|p1|Kingambit, M|
|poke|p1|Chansey, F|
|poke|p1|Zapdos|
|poke|p1|Toxapex, M|
|poke|p1|Great Tusk|
|poke|p1|Tornadus-Therian, M|
|poke|p2|Grimmsnarl, M|
|poke|p2|Garganacl, F|
|poke|p2|Manaphy|
|poke|p2|Latias, F|
|poke|p2|Corviknight, F|
|poke|p2|Iron Moth|
|teampreview
|inactive|Battle timer is ON: inactive players will automatically lose when time's up. (requested by databricks)
|
|t:|1781151352
|teamsize|p1|6
|teamsize|p2|6
|start
|switch|p1a: Toxapex|Toxapex, M|100/100
|switch|p2a: Garganacl|Garganacl, F|100/100
|turn|1
|
|t:|1781151357
|move|p2a: Garganacl|Salt Cure|p1a: Toxapex
|-damage|p1a: Toxapex|92/100
|-start|p1a: Toxapex|Salt Cure
|move|p1a: Toxapex|Toxic Spikes|p2a: Garganacl
|-sidestart|p2: kennojex|move: Toxic Spikes
|
|-damage|p1a: Toxapex|67/100|[from] Salt Cure
|upkeep
|turn|2
|
|t:|1781151366
|switch|p1a: Tornadus|Tornadus-Therian, M|100/100
|move|p2a: Garganacl|Iron Defense|p2a: Garganacl
|-boost|p2a: Garganacl|def|2
|
|upkeep
|turn|3
|
|t:|1781151370
|move|p1a: Tornadus|Knock Off|p2a: Garganacl
|-damage|p2a: Garganacl|94/100
|-enditem|p2a: Garganacl|Leftovers|[from] move: Knock Off|[of] p1a: Tornadus
|move|p2a: Garganacl|Salt Cure|p1a: Tornadus
|-supereffective|p1a: Tornadus
|-damage|p1a: Tornadus|67/100
|-start|p1a: Tornadus|Salt Cure
|
|-damage|p1a: Tornadus|55/100|[from] Salt Cure
|upkeep
|turn|4
|
|t:|1781151374
|move|p1a: Tornadus|U-turn|p2a: Garganacl
|-damage|p2a: Garganacl|90/100
|
|t:|1781151376
|switch|p1a: Toxapex|Toxapex, M|99/100|[from] U-turn
|move|p2a: Garganacl|Body Press|p1a: Toxapex
|-resisted|p1a: Toxapex
|-damage|p1a: Toxapex|86/100
|-damage|p2a: Garganacl|73/100|[from] item: Rocky Helmet|[of] p1a: Toxapex
|
|upkeep
|turn|5
|
|t:|1781151378
|move|p1a: Toxapex|Haze|p1a: Toxapex
|-clearallboost
|move|p2a: Garganacl|Salt Cure|p1a: Toxapex
|-damage|p1a: Toxapex|76/100
|-start|p1a: Toxapex|Salt Cure
|
|-damage|p1a: Toxapex|52/100|[from] Salt Cure
|upkeep
|turn|6
|
|t:|1781151381
|switch|p1a: Tornadus|Tornadus-Therian, M|88/100
|move|p2a: Garganacl|Iron Defense|p2a: Garganacl
|-boost|p2a: Garganacl|def|2
|
|upkeep
|turn|7
|
|t:|1781151385
|move|p1a: Tornadus|U-turn|p2a: Garganacl
|-damage|p2a: Garganacl|68/100
|
|t:|1781151386
|switch|p1a: Toxapex|Toxapex, M|85/100|[from] U-turn
|move|p2a: Garganacl|Salt Cure|p1a: Toxapex
|-crit|p1a: Toxapex
|-damage|p1a: Toxapex|70/100
|-start|p1a: Toxapex|Salt Cure
|
|-damage|p1a: Toxapex|45/100|[from] Salt Cure
|upkeep
|turn|8
|
|t:|1781151390
|switch|p1a: Tornadus|Tornadus-Therian, M|100/100
|move|p2a: Garganacl|Body Press|p1a: Tornadus
|-resisted|p1a: Tornadus
|-damage|p1a: Tornadus|76/100
|
|upkeep
|turn|9
|
|t:|1781151394
|move|p1a: Tornadus|U-turn|p2a: Garganacl
|-damage|p2a: Garganacl|63/100
|
|t:|1781151396
|switch|p1a: Toxapex|Toxapex, M|79/100|[from] U-turn
|move|p2a: Garganacl|Salt Cure|p1a: Toxapex
|-damage|p1a: Toxapex|69/100
|-start|p1a: Toxapex|Salt Cure
|
|-damage|p1a: Toxapex|45/100|[from] Salt Cure
|upkeep
|turn|10
|
|t:|1781151399
|switch|p1a: Tornadus|Tornadus-Therian, M|100/100
|move|p2a: Garganacl|Recover|p2a: Garganacl
|-heal|p2a: Garganacl|100/100
|
|upkeep
|turn|11
|
|t:|1781151405
|move|p1a: Tornadus|U-turn|p2a: Garganacl
|-damage|p2a: Garganacl|96/100
|
|t:|1781151408
|switch|p1a: Toxapex|Toxapex, M|78/100|[from] U-turn
|move|p2a: Garganacl|Salt Cure|p1a: Toxapex
|-damage|p1a: Toxapex|70/100
|-start|p1a: Toxapex|Salt Cure
|
|-damage|p1a: Toxapex|45/100|[from] Salt Cure
|upkeep
|turn|12
|
|t:|1781151411
|switch|p1a: Tornadus|Tornadus-Therian, M|100/100
|move|p2a: Garganacl|Iron Defense|p2a: Garganacl
|-boost|p2a: Garganacl|def|2
|
|upkeep
|turn|13
|
|t:|1781151415
|move|p1a: Tornadus|Bleakwind Storm|p2a: Garganacl
|-resisted|p2a: Garganacl
|-damage|p2a: Garganacl|82/100
|move|p2a: Garganacl|Salt Cure|p1a: Tornadus
|-supereffective|p1a: Tornadus
|-damage|p1a: Tornadus|71/100
|-start|p1a: Tornadus|Salt Cure
|
|-damage|p1a: Tornadus|58/100|[from] Salt Cure
|upkeep
|turn|14
|
|t:|1781151418
|move|p1a: Tornadus|U-turn|p2a: Garganacl
|-damage|p2a: Garganacl|79/100
|
|t:|1781151421
|switch|p1a: Toxapex|Toxapex, M|78/100|[from] U-turn
|move|p2a: Garganacl|Salt Cure|p1a: Toxapex
|-damage|p1a: Toxapex|70/100
|-start|p1a: Toxapex|Salt Cure
|
|-damage|p1a: Toxapex|45/100|[from] Salt Cure
|upkeep
|turn|15
|
|t:|1781151424
|switch|p1a: Tornadus|Tornadus-Therian, M|91/100
|move|p2a: Garganacl|Body Press|p1a: Tornadus
|-resisted|p1a: Tornadus
|-damage|p1a: Tornadus|52/100
|
|upkeep
|turn|16
|
|t:|1781151426
|move|p1a: Tornadus|U-turn|p2a: Garganacl
|-damage|p2a: Garganacl|76/100
|
|t:|1781151429
|switch|p1a: Toxapex|Toxapex, M|79/100|[from] U-turn
|move|p2a: Garganacl|Salt Cure|p1a: Toxapex
|-damage|p1a: Toxapex|70/100
|-start|p1a: Toxapex|Salt Cure
|
|-damage|p1a: Toxapex|45/100|[from] Salt Cure
|upkeep
|turn|17
|
|t:|1781151431
|move|p1a: Toxapex|Recover|p1a: Toxapex
|-heal|p1a: Toxapex|95/100
|move|p2a: Garganacl|Body Press|p1a: Toxapex
|-resisted|p1a: Toxapex
|-damage|p1a: Toxapex|75/100
|-damage|p2a: Garganacl|59/100|[from] item: Rocky Helmet|[of] p1a: Toxapex
|
|-damage|p1a: Toxapex|51/100|[from] Salt Cure
|upkeep
|turn|18
|
|t:|1781151435
|switch|p1a: Tornadus|Tornadus-Therian, M|86/100
|move|p2a: Garganacl|Body Press|p1a: Tornadus
|-resisted|p1a: Tornadus
|-damage|p1a: Tornadus|45/100
|
|upkeep
|turn|19
|
|t:|1781151440
|move|p1a: Tornadus|U-turn|p2a: Garganacl
|-damage|p2a: Garganacl|56/100
|
|t:|1781151441
|switch|p1a: Toxapex|Toxapex, M|84/100|[from] U-turn
|move|p2a: Garganacl|Iron Defense|p2a: Garganacl
|-boost|p2a: Garganacl|def|2
|
|upkeep
|turn|20
|
|t:|1781151443
|move|p2a: Garganacl|Salt Cure|p1a: Toxapex
|-damage|p1a: Toxapex|75/100
|-start|p1a: Toxapex|Salt Cure
|move|p1a: Toxapex|Haze|p1a: Toxapex
|-clearallboost
|
|-damage|p1a: Toxapex|50/100|[from] Salt Cure
|upkeep
|turn|21
|
|t:|1781151447
|switch|p1a: Tornadus|Tornadus-Therian, M|78/100
|move|p2a: Garganacl|Iron Defense|p2a: Garganacl
|-boost|p2a: Garganacl|def|2
|
|upkeep
|turn|22
|
|t:|1781151450
|move|p1a: Tornadus|Taunt|p2a: Garganacl
|-start|p2a: Garganacl|move: Taunt
|cant|p2a: Garganacl|move: Taunt|Recover
|
|upkeep
|turn|23
|
|t:|1781151452
|move|p1a: Tornadus|U-turn|p2a: Garganacl
|-damage|p2a: Garganacl|51/100
|
|t:|1781151454
|switch|p1a: Toxapex|Toxapex, M|83/100|[from] U-turn
|move|p2a: Garganacl|Salt Cure|p1a: Toxapex
|-damage|p1a: Toxapex|75/100
|-start|p1a: Toxapex|Salt Cure
|
|-damage|p1a: Toxapex|50/100|[from] Salt Cure
|upkeep
|turn|24
|
|t:|1781151457
|switch|p1a: Tornadus|Tornadus-Therian, M|100/100
|move|p2a: Garganacl|Salt Cure|p1a: Tornadus
|-supereffective|p1a: Tornadus
|-damage|p1a: Tornadus|67/100
|-start|p1a: Tornadus|Salt Cure
|
|-damage|p1a: Tornadus|55/100|[from] Salt Cure
|-end|p2a: Garganacl|move: Taunt
|upkeep
|turn|25
|
|t:|1781151461
|move|p1a: Tornadus|U-turn|p2a: Garganacl
|-damage|p2a: Garganacl|46/100
|
|t:|1781151463
|switch|p1a: Toxapex|Toxapex, M|84/100|[from] U-turn
|move|p2a: Garganacl|Salt Cure|p1a: Toxapex
|-damage|p1a: Toxapex|75/100
|-start|p1a: Toxapex|Salt Cure
|
|-damage|p1a: Toxapex|50/100|[from] Salt Cure
|upkeep
|turn|26
|
|t:|1781151467
|switch|p1a: Tornadus|Tornadus-Therian, M|88/100
|move|p2a: Garganacl|Recover|p2a: Garganacl
|-heal|p2a: Garganacl|96/100
|
|upkeep
|turn|27
|
|t:|1781151469
|move|p1a: Tornadus|U-turn|p2a: Garganacl
|-damage|p2a: Garganacl|91/100
|
|t:|1781151472
|switch|p1a: Toxapex|Toxapex, M|83/100|[from] U-turn
|move|p2a: Garganacl|Salt Cure|p1a: Toxapex
|-damage|p1a: Toxapex|74/100
|-start|p1a: Toxapex|Salt Cure
|
|-damage|p1a: Toxapex|49/100|[from] Salt Cure
|upkeep
|turn|28
|
|t:|1781151474
|switch|p1a: Tornadus|Tornadus-Therian, M|100/100
|move|p2a: Garganacl|Iron Defense|p2a: Garganacl
|-boost|p2a: Garganacl|def|2
|
|upkeep
|turn|29
|
|t:|1781151476
|switch|p1a: Toxapex|Toxapex, M|83/100
|move|p2a: Garganacl|Salt Cure|p1a: Toxapex
|-damage|p1a: Toxapex|74/100
|-start|p1a: Toxapex|Salt Cure
|
|-damage|p1a: Toxapex|50/100|[from] Salt Cure
|upkeep
|turn|30
|
|t:|1781151479
|move|p1a: Toxapex|Haze|p1a: Toxapex
|-clearallboost
|move|p2a: Garganacl|Iron Defense|p2a: Garganacl
|-boost|p2a: Garganacl|def|2
|
|-damage|p1a: Toxapex|25/100|[from] Salt Cure
|upkeep
|turn|31
|
|t:|1781151483
|move|p2a: Garganacl|Iron Defense|p2a: Garganacl
|-boost|p2a: Garganacl|def|2
|move|p1a: Toxapex|Recover|p1a: Toxapex
|-heal|p1a: Toxapex|75/100
|
|-damage|p1a: Toxapex|50/100|[from] Salt Cure
|upkeep
|turn|32
|
|t:|1781151486
|switch|p1a: Tornadus|Tornadus-Therian, M|100/100
|move|p2a: Garganacl|Iron Defense|p2a: Garganacl
|-boost|p2a: Garganacl|def|2
|
|upkeep
|turn|33
|
|t:|1781151489
|move|p1a: Tornadus|U-turn|p2a: Garganacl
|-damage|p2a: Garganacl|88/100
|
|t:|1781151491
|switch|p1a: Toxapex|Toxapex, M|84/100|[from] U-turn
|move|p2a: Garganacl|Salt Cure|p1a: Toxapex
|-damage|p1a: Toxapex|74/100
|-start|p1a: Toxapex|Salt Cure
|
|-damage|p1a: Toxapex|50/100|[from] Salt Cure
|upkeep
|turn|34
|
|t:|1781151494
|move|p1a: Toxapex|Haze|p1a: Toxapex
|-clearallboost
|move|p2a: Garganacl|Body Press|p1a: Toxapex
|-resisted|p1a: Toxapex
|-damage|p1a: Toxapex|42/100
|-damage|p2a: Garganacl|72/100|[from] item: Rocky Helmet|[of] p1a: Toxapex
|
|-damage|p1a: Toxapex|17/100|[from] Salt Cure
|upkeep
|turn|35
|
|t:|1781151501
|switch|p1a: Great Tusk|Great Tusk|100/100
|move|p2a: Garganacl|Iron Defense|p2a: Garganacl
|-boost|p2a: Garganacl|def|2
|
|upkeep
|turn|36
|
|t:|1781151506
|-end|p1a: Great Tusk|Protosynthesis|[silent]
|switch|p1a: Toxapex|Toxapex, M|51/100
|switch|p2a: Corviknight|Corviknight, F, shiny|100/100
|
|upkeep
|turn|37
|
|t:|1781151527
|switch|p1a: Tornadus|Tornadus-Therian, M|100/100
|move|p2a: Corviknight|Bulk Up|p2a: Corviknight
|-boost|p2a: Corviknight|atk|1
|-boost|p2a: Corviknight|def|1
|
|upkeep
|turn|38
|
|t:|1781151533
|move|p1a: Tornadus|Taunt|p2a: Corviknight
|-start|p2a: Corviknight|move: Taunt
|cant|p2a: Corviknight|move: Taunt|Agility
|
|upkeep
|turn|39
|
|t:|1781151535
|move|p1a: Tornadus|Knock Off|p2a: Corviknight
|-damage|p2a: Corviknight|89/100
|-enditem|p2a: Corviknight|Leftovers|[from] move: Knock Off|[of] p1a: Tornadus
|move|p2a: Corviknight|Power Trip|p1a: Tornadus
|-damage|p1a: Tornadus|79/100
|
|upkeep
|turn|40
|
|t:|1781151538
|switch|p1a: Toxapex|Toxapex, M|84/100
|move|p2a: Corviknight|Power Trip|p1a: Toxapex
|-damage|p1a: Toxapex|72/100
|-damage|p2a: Corviknight|72/100|[from] item: Rocky Helmet|[of] p1a: Toxapex
|
|-end|p2a: Corviknight|move: Taunt
|upkeep
|turn|41
|
|t:|1781151544
|switch|p2a: Iron Moth|Iron Moth|100/100
|-sideend|p2: kennojex|move: Toxic Spikes|[of] p2a: Iron Moth
|-enditem|p2a: Iron Moth|Booster Energy
|-activate|p2a: Iron Moth|ability: Quark Drive|[fromitem]
|-start|p2a: Iron Moth|quarkdrivespa
|switch|p1a: Tornadus|Tornadus-Therian, M|100/100
|
|upkeep
|turn|42
|
|t:|1781151554
|move|p1a: Tornadus|Bleakwind Storm|p2a: Iron Moth|[miss]
|-miss|p1a: Tornadus|p2a: Iron Moth
|move|p2a: Iron Moth|Fiery Dance|p1a: Tornadus
|-crit|p1a: Tornadus
|-damage|p1a: Tornadus|18/100
|
|upkeep
|turn|43
|j| dilf huntr
|
|t:|1781151557
|move|p1a: Tornadus|U-turn|p2a: Iron Moth
|-resisted|p2a: Iron Moth
|-damage|p2a: Iron Moth|95/100
|
|t:|1781151560
|switch|p1a: Chansey|Chansey, F|100/100|[from] U-turn
|move|p2a: Iron Moth|Fiery Dance|p1a: Chansey
|-damage|p1a: Chansey|82/100
|
|upkeep
|turn|44
|
|t:|1781151564
|move|p2a: Iron Moth|Fiery Dance|p1a: Chansey
|-damage|p1a: Chansey|64/100
|-boost|p2a: Iron Moth|spa|1
|move|p1a: Chansey|Seismic Toss|p2a: Iron Moth
|-damage|p2a: Iron Moth|62/100
|
|upkeep
|turn|45
|
|t:|1781151567
|move|p2a: Iron Moth|Fiery Dance|p1a: Chansey
|-damage|p1a: Chansey|38/100
|-boost|p2a: Iron Moth|spa|1
|move|p1a: Chansey|Soft-Boiled|p1a: Chansey
|-heal|p1a: Chansey|88/100
|
|upkeep
|turn|46
|
|t:|1781151570
|move|p2a: Iron Moth|Fiery Dance|p1a: Chansey
|-damage|p1a: Chansey|52/100
|move|p1a: Chansey|Seismic Toss|p2a: Iron Moth
|-damage|p2a: Iron Moth|28/100
|
|upkeep
|turn|47
|
|t:|1781151573
|move|p2a: Iron Moth|Fiery Dance|p1a: Chansey
|-damage|p1a: Chansey|15/100
|-boost|p2a: Iron Moth|spa|1
|move|p1a: Chansey|Soft-Boiled|p1a: Chansey
|-heal|p1a: Chansey|65/100
|
|upkeep
|turn|48
|
|t:|1781151578
|move|p2a: Iron Moth|Sludge Wave|p1a: Chansey
|-crit|p1a: Chansey
|-damage|p1a: Chansey|0 fnt
|faint|p1a: Chansey
|
|upkeep
|
|t:|1781151582
|switch|p1a: Tornadus|Tornadus-Therian, M|52/100
|turn|49
|
|t:|1781151585
|move|p1a: Tornadus|Bleakwind Storm|p2a: Iron Moth
|-damage|p2a: Iron Moth|0 fnt
|faint|p2a: Iron Moth
|-end|p2a: Iron Moth|Quark Drive|[silent]
|
|upkeep
|
|t:|1781151590
|switch|p2a: Garganacl|Garganacl, F|72/100
|turn|50
|
|t:|1781151593
|move|p1a: Tornadus|Taunt|p2a: Garganacl
|-start|p2a: Garganacl|move: Taunt
|move|p2a: Garganacl|Salt Cure|p1a: Tornadus
|-supereffective|p1a: Tornadus
|-damage|p1a: Tornadus|22/100
|-start|p1a: Tornadus|Salt Cure
|
|-damage|p1a: Tornadus|9/100|[from] Salt Cure
|upkeep
|turn|51
|
|t:|1781151596
|move|p1a: Tornadus|U-turn|p2a: Garganacl
|-damage|p2a: Garganacl|62/100
|
|t:|1781151603
|switch|p1a: Great Tusk|Great Tusk|100/100|[from] U-turn
|move|p2a: Garganacl|Salt Cure|p1a: Great Tusk
|-resisted|p1a: Great Tusk
|-damage|p1a: Great Tusk|99/100
|-start|p1a: Great Tusk|Salt Cure
|
|-damage|p1a: Great Tusk|86/100|[from] Salt Cure
|upkeep
|turn|52
|
|t:|1781151608
|switch|p2a: Corviknight|Corviknight, F, shiny|72/100
|move|p1a: Great Tusk|Stealth Rock|p2a: Corviknight
|-sidestart|p2: kennojex|move: Stealth Rock
|
|-damage|p1a: Great Tusk|74/100|[from] Salt Cure
|upkeep
|turn|53
|
|t:|1781151625
|-end|p1a: Great Tusk|Protosynthesis|[silent]
|switch|p1a: Zapdos|Zapdos|100/100
|move|p2a: Corviknight|Agility|p2a: Corviknight
|-boost|p2a: Corviknight|spe|2
|
|upkeep
|turn|54
|
|t:|1781151632
|switch|p2a: Grimmsnarl|Grimmsnarl, M|100/100
|-damage|p2a: Grimmsnarl|88/100|[from] Stealth Rock
|move|p1a: Zapdos|Thunderbolt|p2a: Grimmsnarl
|-damage|p2a: Grimmsnarl|56/100
|
|upkeep
|turn|55
|
|t:|1781151636
|move|p2a: Grimmsnarl|Light Screen|p2a: Grimmsnarl
|-sidestart|p2: kennojex|move: Light Screen
|move|p1a: Zapdos|Volt Switch|p2a: Grimmsnarl
|-damage|p2a: Grimmsnarl|44/100
|
|t:|1781151646
|switch|p1a: Toxapex|Toxapex, M|100/100|[from] Volt Switch
|
|upkeep
|turn|56
|
|t:|1781151651
|switch|p1a: Zapdos|Zapdos|100/100
|move|p2a: Grimmsnarl|Reflect|p2a: Grimmsnarl
|-sidestart|p2: kennojex|Reflect
|
|upkeep
|turn|57
|
|t:|1781151654
|move|p2a: Grimmsnarl|Parting Shot|p1a: Zapdos
|-unboost|p1a: Zapdos|atk|1
|-unboost|p1a: Zapdos|spa|1
|
|t:|1781151657
|switch|p2a: Latias|Latias, F|100/100|[from] Parting Shot
|-damage|p2a: Latias|88/100|[from] Stealth Rock
|move|p1a: Zapdos|Volt Switch|p2a: Latias
|-resisted|p2a: Latias
|-damage|p2a: Latias|84/100
|
|t:|1781151667
|switch|p1a: Toxapex|Toxapex, M|100/100|[from] Volt Switch
|
|upkeep
|turn|58
|
|t:|1781151677
|switch|p2a: Manaphy|Manaphy|100/100
|-damage|p2a: Manaphy|88/100|[from] Stealth Rock
|move|p1a: Toxapex|Toxic|p2a: Manaphy
|-status|p2a: Manaphy|tox
|
|-heal|p2a: Manaphy|94/100 tox|[from] item: Leftovers
|-damage|p2a: Manaphy|88/100 tox|[from] psn
|upkeep
|turn|59
|
|t:|1781151683
|switch|p1a: Zapdos|Zapdos|100/100
|move|p2a: Manaphy|Take Heart|p2a: Manaphy
|-boost|p2a: Manaphy|spa|1
|-boost|p2a: Manaphy|spd|1
|-curestatus|p2a: Manaphy|tox|[msg]
|
|-heal|p2a: Manaphy|94/100|[from] item: Leftovers
|upkeep
|turn|60
|
|t:|1781151687
|move|p1a: Zapdos|Volt Switch|p2a: Manaphy
|-supereffective|p2a: Manaphy
|-damage|p2a: Manaphy|74/100
|
|t:|1781151692
|switch|p1a: Tornadus|Tornadus-Therian, M|42/100|[from] Volt Switch
|move|p2a: Manaphy|Take Heart|p2a: Manaphy
|-boost|p2a: Manaphy|spa|1
|-boost|p2a: Manaphy|spd|1
|
|-heal|p2a: Manaphy|81/100|[from] item: Leftovers
|upkeep
|turn|61
|
|t:|1781151695
|move|p1a: Tornadus|Knock Off|p2a: Manaphy
|-damage|p2a: Manaphy|74/100
|-enditem|p2a: Manaphy|Leftovers|[from] move: Knock Off|[of] p1a: Tornadus
|move|p2a: Manaphy|Scald|p1a: Tornadus
|-damage|p1a: Tornadus|0 fnt
|faint|p1a: Tornadus
|
|upkeep
|
|t:|1781151701
|switch|p1a: Zapdos|Zapdos|100/100
|turn|62
|
|t:|1781151705
|move|p1a: Zapdos|Thunderbolt|p2a: Manaphy
|-supereffective|p2a: Manaphy
|-damage|p2a: Manaphy|55/100
|move|p2a: Manaphy|Scald|p1a: Zapdos
|-damage|p1a: Zapdos|41/100
|
|-sideend|p2: kennojex|move: Light Screen
|upkeep
|turn|63
|
|t:|1781151716
|move|p1a: Zapdos|Volt Switch|p2a: Manaphy
|-supereffective|p2a: Manaphy
|-crit|p2a: Manaphy
|-damage|p2a: Manaphy|0 fnt
|faint|p2a: Manaphy
|
|t:|1781151719
|switch|p1a: Kingambit|Kingambit, M|100/100|[from] Volt Switch
|-activate|p1a: Kingambit|ability: Supreme Overlord
|-start|p1a: Kingambit|fallen2|[silent]
|
|-sideend|p2: kennojex|Reflect
|upkeep
|
|t:|1781151726
|switch|p2a: Grimmsnarl|Grimmsnarl, M|44/100
|-damage|p2a: Grimmsnarl|31/100|[from] Stealth Rock
|turn|64
|
|t:|1781151730
|move|p2a: Grimmsnarl|Reflect|p2a: Grimmsnarl
|-sidestart|p2: kennojex|Reflect
|move|p1a: Kingambit|Swords Dance|p1a: Kingambit
|-boost|p1a: Kingambit|atk|2
|
|upkeep
|turn|65
|
|t:|1781151733
|move|p1a: Kingambit|Swords Dance|p1a: Kingambit
|-boost|p1a: Kingambit|atk|2
|move|p2a: Grimmsnarl|Spirit Break|p1a: Kingambit
|-damage|p1a: Kingambit|77/100
|-unboost|p1a: Kingambit|spa|1
|
|-heal|p1a: Kingambit|83/100|[from] item: Leftovers
|upkeep
|turn|66
|
|t:|1781151741
|move|p2a: Grimmsnarl|Parting Shot|p1a: Kingambit
|-hint|Since gen 7, Dark is immune to Prankster moves.
|-immune|p1a: Kingambit
|move|p1a: Kingambit|Swords Dance|p1a: Kingambit
|-boost|p1a: Kingambit|atk|2
|
|-heal|p1a: Kingambit|89/100|[from] item: Leftovers
|upkeep
|turn|67
|
|t:|1781151744
|move|p1a: Kingambit|Kowtow Cleave|p2a: Grimmsnarl
|-resisted|p2a: Grimmsnarl
|-damage|p2a: Grimmsnarl|0 fnt
|faint|p2a: Grimmsnarl
|
|-heal|p1a: Kingambit|95/100|[from] item: Leftovers
|upkeep
|
|t:|1781151747
|switch|p2a: Garganacl|Garganacl, F|62/100
|-damage|p2a: Garganacl|50/100|[from] Stealth Rock
|turn|68
|
|t:|1781151749
|-terastallize|p2a: Garganacl|Water
|move|p1a: Kingambit|Iron Head|p2a: Garganacl
|-resisted|p2a: Garganacl
|-damage|p2a: Garganacl|10/100
|move|p2a: Garganacl|Iron Defense|p2a: Garganacl
|-boost|p2a: Garganacl|def|2
|
|-heal|p1a: Kingambit|100/100|[from] item: Leftovers
|upkeep
|turn|69
|-message|kennojex forfeited.
|
|win|databricks
|raw|databricks's rating: 1669 &rarr; <strong>1686</strong><br />(+17 for winning)
|raw|kennojex's rating: 1623 &rarr; <strong>1606</strong><br />(-17 for losing)
|l|☆kennojex
|player|p2|
|l|☆databricks
|player|p1|
|l| dilf huntr
