|j|☆IRON VALIANT
|j|☆lucy cobblestone
|t:|1780958699
|gametype|singles
|player|p1|IRON VALIANT|miku-water|1600
|player|p2|lucy cobblestone|guitarist|1583
|gen|9
|tier|[Gen 9] OU
|rated|
|rule|HP Percentage Mod: HP is shown in percentages
|rule|Endless Battle Clause: Forcing endless battles is banned
|rule|Species Clause: Limit one of each Pokémon
|rule|OHKO Clause: OHKO moves are banned
|rule|Evasion Items Clause: Evasion items are banned
|rule|Evasion Moves Clause: Evasion moves are banned
|rule|Evasion Abilities Clause: Evasion abilities are banned
|rule|Sleep Moves Clause: Sleep-inducing moves are banned
|clearpoke
|poke|p1|Tinkaton, F|
|poke|p1|Ogerpon, F|
|poke|p1|Great Tusk|
|poke|p1|Pecharunt|
|poke|p1|Alomomola, M|
|poke|p1|Hydreigon, M|
|poke|p2|Iron Moth|
|poke|p2|Gliscor, F|
|poke|p2|Hatterene, F|
|poke|p2|Ogerpon-Wellspring, F|
|poke|p2|Raging Bolt|
|poke|p2|Zamazenta-*|
|teampreview
|inactive|Battle timer is ON: inactive players will automatically lose when time's up. (requested by IRON VALIANT)
|
|t:|1780958734
|teamsize|p1|6
|teamsize|p2|6
|start
|switch|p1a: MASK ON|Ogerpon, F|100/100
|switch|p2a: Zamazenta|Zamazenta|100/100
|-ability|p2a: Zamazenta|Dauntless Shield|boost
|-boost|p2a: Zamazenta|def|1
|turn|1
|
|t:|1780958755
|switch|p1a: MYTHICALMALIGNANCE|Pecharunt|100/100
|move|p2a: Zamazenta|Reflect|p2a: Zamazenta
|-sidestart|p2: lucy cobblestone|Reflect
|
|upkeep
|turn|2
|
|t:|1780958762
|move|p2a: Zamazenta|Light Screen|p2a: Zamazenta
|-sidestart|p2: lucy cobblestone|move: Light Screen
|move|p1a: MYTHICALMALIGNANCE|Malignant Chain|p2a: Zamazenta
|-damage|p2a: Zamazenta|89/100
|
|upkeep
|turn|3
|
|t:|1780958771
|switch|p2a: Gliscor|Gliscor, F|100/100
|move|p1a: MYTHICALMALIGNANCE|Parting Shot|p2a: Gliscor
|-unboost|p2a: Gliscor|atk|1
|-unboost|p2a: Gliscor|spa|1
|
|t:|1780958774
|switch|p1a: GIGATON|Tinkaton, F, shiny|100/100|[from] Parting Shot
|-item|p1a: GIGATON|Air Balloon
|
|-status|p2a: Gliscor|tox|[from] item: Toxic Orb
|upkeep
|turn|4
|
|t:|1780958780
|switch|p2a: Iron Moth|Iron Moth|100/100
|-enditem|p2a: Iron Moth|Booster Energy
|-activate|p2a: Iron Moth|ability: Quark Drive|[fromitem]
|-start|p2a: Iron Moth|quarkdrivespe
|move|p1a: GIGATON|Ice Hammer|p2a: Iron Moth
|-resisted|p2a: Iron Moth
|-damage|p2a: Iron Moth|91/100
|-unboost|p1a: GIGATON|spe|1
|
|upkeep
|turn|5
|
|t:|1780958785
|move|p2a: Iron Moth|Fiery Dance|p1a: GIGATON
|-supereffective|p1a: GIGATON
|-damage|p1a: GIGATON|9/100
|-boost|p2a: Iron Moth|spa|1
|-enditem|p1a: GIGATON|Air Balloon
|move|p1a: GIGATON|Encore|p2a: Iron Moth
|-start|p2a: Iron Moth|Encore
|
|upkeep
|turn|6
|j| Nachoboroooo
|
|t:|1780958806
|switch|p1a: THE FISH|Alomomola, M, shiny|100/100
|move|p2a: Iron Moth|Fiery Dance|p1a: THE FISH
|-resisted|p1a: THE FISH
|-damage|p1a: THE FISH|86/100
|-boost|p2a: Iron Moth|spa|1
|
|upkeep
|turn|7
|
|t:|1780958812
|move|p2a: Iron Moth|Fiery Dance|p1a: THE FISH
|-resisted|p1a: THE FISH
|-damage|p1a: THE FISH|68/100
|move|p1a: THE FISH|Flip Turn|p2a: Iron Moth
|-supereffective|p2a: Iron Moth
|-damage|p2a: Iron Moth|66/100
|
|t:|1780958816
|switch|p1a: FLESH JUGULIS|Hydreigon, M, shiny|100/100|[from] Flip Turn
|
|upkeep
|turn|8
|
|t:|1780958818
|move|p2a: Iron Moth|Fiery Dance|p1a: FLESH JUGULIS
|-resisted|p1a: FLESH JUGULIS
|-damage|p1a: FLESH JUGULIS|58/100
|-boost|p2a: Iron Moth|spa|1
|move|p1a: FLESH JUGULIS|Earth Power|p2a: Iron Moth
|-supereffective|p2a: Iron Moth
|-damage|p2a: Iron Moth|0 fnt
|faint|p2a: Iron Moth
|-end|p2a: Iron Moth|Quark Drive|[silent]
|
|-sideend|p2: lucy cobblestone|Reflect
|upkeep
|
|t:|1780958827
|switch|p2a: Zamazenta|Zamazenta|89/100
|turn|9
|
|t:|1780958836
|switch|p1a: MYTHICALMALIGNANCE|Pecharunt|100/100
|move|p2a: Zamazenta|Reflect|p2a: Zamazenta
|-sidestart|p2: lucy cobblestone|Reflect
|
|-sideend|p2: lucy cobblestone|move: Light Screen
|upkeep
|turn|10
|inactive|lucy cobblestone has 120 seconds left.
|
|t:|1780958870
|move|p2a: Zamazenta|Light Screen|p2a: Zamazenta
|-sidestart|p2: lucy cobblestone|move: Light Screen
|move|p1a: MYTHICALMALIGNANCE|Malignant Chain|p2a: Zamazenta
|-damage|p2a: Zamazenta|78/100
|
|upkeep
|turn|11
|
|t:|1780958875
|switch|p2a: Hatterene|Hatterene, F|100/100
|move|p1a: MYTHICALMALIGNANCE|Parting Shot|p2a: Hatterene
|move|p2a: Hatterene|Parting Shot|p1a: MYTHICALMALIGNANCE|[from] ability: Magic Bounce
|-unboost|p1a: MYTHICALMALIGNANCE|atk|1
|-unboost|p1a: MYTHICALMALIGNANCE|spa|1
|
|t:|1780958880
|switch|p2a: Gliscor|Gliscor, F|100/100 tox|[from] Parting Shot
|
|upkeep
|turn|12
|
|t:|1780958885
|move|p2a: Gliscor|Agility|p2a: Gliscor
|-boost|p2a: Gliscor|spe|2
|move|p1a: MYTHICALMALIGNANCE|Parting Shot|p2a: Gliscor
|-unboost|p2a: Gliscor|atk|1
|-unboost|p2a: Gliscor|spa|1
|
|t:|1780958895
|switch|p1a: MANNY FROM ICE AGE|Great Tusk, shiny|100/100|[from] Parting Shot
|
|upkeep
|turn|13
|
|t:|1780958901
|move|p2a: Gliscor|Swords Dance|p2a: Gliscor
|-boost|p2a: Gliscor|atk|2
|move|p1a: MANNY FROM ICE AGE|Ice Spinner|p2a: Gliscor
|-supereffective|p2a: Gliscor
|-damage|p2a: Gliscor|54/100 tox
|
|-heal|p2a: Gliscor|67/100 tox|[from] ability: Poison Heal
|upkeep
|turn|14
|
|t:|1780958906
|-terastallize|p2a: Gliscor|Normal
|move|p2a: Gliscor|Swords Dance|p2a: Gliscor
|-boost|p2a: Gliscor|atk|2
|move|p1a: MANNY FROM ICE AGE|Ice Spinner|p2a: Gliscor
|-damage|p2a: Gliscor|56/100 tox
|
|-heal|p2a: Gliscor|68/100 tox|[from] ability: Poison Heal
|upkeep
|turn|15
|
|t:|1780958912
|-terastallize|p1a: MANNY FROM ICE AGE|Fighting
|move|p2a: Gliscor|Facade|p1a: MANNY FROM ICE AGE
|-damage|p1a: MANNY FROM ICE AGE|0 fnt
|faint|p1a: MANNY FROM ICE AGE
|-end|p1a: MANNY FROM ICE AGE|Protosynthesis|[silent]
|
|-heal|p2a: Gliscor|80/100 tox|[from] ability: Poison Heal
|upkeep
|-message|IRON VALIANT forfeited.
|
|win|lucy cobblestone
|raw|IRON VALIANT's rating: 1600 &rarr; <strong>1578</strong><br />(-22 for losing)
|raw|lucy cobblestone's rating: 1562 &rarr; <strong>1584</strong><br />(+22 for winning)
|l|☆IRON VALIANT
|player|p1|
|l|☆lucy cobblestone
|player|p2|
|l| Nachoboroooo
|j| Nachoboroooo
|l| Nachoboroooo
