|j|☆ChillLanturnYT
|j|☆KurisuChestnutLab
|t:|1781130379
|gametype|singles
|player|p1|ChillLanturnYT|palmer|1524
|player|p2|KurisuChestnutLab|may-contest|1684
|gen|9
|tier|[Gen 9] OU
|rated|
|rule|HP Percentage Mod: HP is shown in percentages
|rule|Endless Battle Clause: Forcing endless battles is banned
|rule|Species Clause: Limit one of each Pokémon
|rule|OHKO Clause: OHKO moves are banned
|rule|Evasion Items Clause: Evasion items are banned
|rule|Evasion Moves Clause: Evasion moves are banned
|rule|Evasion Abilities Clause: Evasion abilities are banned
|rule|Sleep Moves Clause: Sleep-inducing moves are banned
|clearpoke
|poke|p1|Magnezone|
|poke|p1|Rillaboom, F|
|poke|p1|Primarina, F|
|poke|p1|Bronzong|
|poke|p1|Hoopa-Unbound|
|poke|p1|Great Tusk|
|poke|p2|Zamazenta-*|
|poke|p2|Zapdos|
|poke|p2|Garganacl, M|
|poke|p2|Clefable, F|
|poke|p2|Samurott-Hisui, F|
|poke|p2|Gholdengo|
|teampreview
|inactive|Battle timer is ON: inactive players will automatically lose when time's up. (requested by ChillLanturnYT)
|
|t:|1781130391
|teamsize|p1|6
|teamsize|p2|6
|start
|switch|p1a: Rillaboom|Rillaboom, F|100/100
|switch|p2a: Zamazenta|Zamazenta|100/100
|-ability|p2a: Zamazenta|Dauntless Shield|boost
|-boost|p2a: Zamazenta|def|1
|-fieldstart|move: Grassy Terrain|[from] ability: Grassy Surge|[of] p1a: Rillaboom
|turn|1
|inactive|KurisuChestnutLab also wants the timer to be on.
|
|t:|1781130397
|switch|p1a: Primarina|Primarina, F|100/100
|move|p2a: Zamazenta|Iron Defense|p2a: Zamazenta
|-boost|p2a: Zamazenta|def|2
|
|upkeep
|turn|2
|
|t:|1781130403
|move|p1a: Primarina|Draining Kiss|p2a: Zamazenta
|-supereffective|p2a: Zamazenta
|-damage|p2a: Zamazenta|71/100
|move|p2a: Zamazenta|Roar|p1a: Primarina
|drag|p1a: Bronzong|Bronzong|100/100
|
|-heal|p2a: Zamazenta|77/100|[from] Grassy Terrain
|-heal|p2a: Zamazenta|83/100|[from] item: Leftovers
|upkeep
|turn|3
|
|t:|1781130414
|move|p2a: Zamazenta|Body Press|p1a: Bronzong
|-damage|p1a: Bronzong|29/100
|move|p1a: Bronzong|Psychic Noise|p2a: Zamazenta
|-supereffective|p2a: Zamazenta
|-damage|p2a: Zamazenta|49/100
|-start|p2a: Zamazenta|move: Heal Block
|
|-heal|p1a: Bronzong|35/100|[from] item: Leftovers
|upkeep
|turn|4
|
|t:|1781130430
|switch|p1a: Primarina|Primarina, F|100/100
|move|p2a: Zamazenta|Body Press|p1a: Primarina
|-resisted|p1a: Primarina
|-damage|p1a: Primarina|67/100
|
|-heal|p1a: Primarina|73/100|[from] Grassy Terrain
|-heal|p1a: Primarina|79/100|[from] item: Leftovers
|-end|p2a: Zamazenta|move: Heal Block
|upkeep
|turn|5
|
|t:|1781130441
|move|p1a: Primarina|Draining Kiss|p2a: Zamazenta
|-supereffective|p2a: Zamazenta
|-damage|p2a: Zamazenta|14/100
|-heal|p1a: Primarina|100/100|[from] drain|[of] p2a: Zamazenta
|move|p2a: Zamazenta|Roar|p1a: Primarina
|drag|p1a: Hoopa|Hoopa-Unbound|100/100
|
|-heal|p2a: Zamazenta|21/100|[from] Grassy Terrain
|-heal|p2a: Zamazenta|27/100|[from] item: Leftovers
|-fieldend|move: Grassy Terrain
|upkeep
|turn|6
|
|t:|1781130448
|switch|p1a: Primarina|Primarina, F|100/100
|move|p2a: Zamazenta|Roar|p1a: Primarina
|drag|p1a: Bronzong|Bronzong|35/100
|
|-heal|p2a: Zamazenta|33/100|[from] item: Leftovers
|-heal|p1a: Bronzong|41/100|[from] item: Leftovers
|upkeep
|turn|7
|
|t:|1781130455
|switch|p1a: Primarina|Primarina, F|100/100
|move|p2a: Zamazenta|Body Press|p1a: Primarina
|-resisted|p1a: Primarina
|-damage|p1a: Primarina|65/100
|
|-heal|p2a: Zamazenta|39/100|[from] item: Leftovers
|-heal|p1a: Primarina|71/100|[from] item: Leftovers
|upkeep
|turn|8
|
|t:|1781130461
|move|p1a: Primarina|Draining Kiss|p2a: Zamazenta
|-supereffective|p2a: Zamazenta
|-damage|p2a: Zamazenta|6/100
|-heal|p1a: Primarina|97/100|[from] drain|[of] p2a: Zamazenta
|move|p2a: Zamazenta|Roar|p1a: Primarina
|drag|p1a: Great Tusk|Great Tusk|100/100
|
|-heal|p2a: Zamazenta|12/100|[from] item: Leftovers
|upkeep
|turn|9
|
|t:|1781130472
|move|p2a: Zamazenta|Body Press|p1a: Great Tusk
|-damage|p1a: Great Tusk|47/100
|move|p1a: Great Tusk|Rapid Spin|p2a: Zamazenta
|-damage|p2a: Zamazenta|6/100
|-boost|p1a: Great Tusk|spe|1
|
|-heal|p2a: Zamazenta|13/100|[from] item: Leftovers
|upkeep
|turn|10
|
|t:|1781130480
|switch|p2a: Zapdos|Zapdos|100/100
|move|p1a: Great Tusk|Headlong Rush|p2a: Zapdos
|-immune|p2a: Zapdos
|
|upkeep
|turn|11
|
|t:|1781130486
|move|p1a: Great Tusk|Ice Spinner|p2a: Zapdos
|-supereffective|p2a: Zapdos
|-damage|p2a: Zapdos|60/100
|move|p2a: Zapdos|Hurricane|p1a: Great Tusk
|-supereffective|p1a: Great Tusk
|-damage|p1a: Great Tusk|0 fnt
|faint|p1a: Great Tusk
|-end|p1a: Great Tusk|Protosynthesis|[silent]
|
|upkeep
|
|t:|1781130493
|switch|p1a: Magnezone|Magnezone|100/100
|turn|12
|
|t:|1781130497
|move|p2a: Zapdos|Roost|p2a: Zapdos
|-heal|p2a: Zapdos|100/100
|-singleturn|p2a: Zapdos|move: Roost
|move|p1a: Magnezone|Thunderbolt|p2a: Zapdos
|-resisted|p2a: Zapdos
|-damage|p2a: Zapdos|77/100
|
|upkeep
|turn|13
|
|t:|1781130502
|move|p2a: Zapdos|Roost|p2a: Zapdos
|-heal|p2a: Zapdos|100/100
|-singleturn|p2a: Zapdos|move: Roost
|move|p1a: Magnezone|Thunderbolt|p2a: Zapdos
|-resisted|p2a: Zapdos
|-crit|p2a: Zapdos
|-damage|p2a: Zapdos|67/100
|
|upkeep
|turn|14
|
|t:|1781130508
|move|p2a: Zapdos|Roost|p2a: Zapdos
|-heal|p2a: Zapdos|100/100
|-singleturn|p2a: Zapdos|move: Roost
|move|p1a: Magnezone|Iron Defense|p1a: Magnezone
|-boost|p1a: Magnezone|def|2
|
|upkeep
|turn|15
|
|t:|1781130512
|move|p2a: Zapdos|Volt Switch|p1a: Magnezone
|-resisted|p1a: Magnezone
|-damage|p1a: Magnezone|82/100
|
|t:|1781130517
|switch|p2a: Garganacl|Garganacl, M|100/100|[from] Volt Switch
|move|p1a: Magnezone|Thunderbolt|p2a: Garganacl
|-damage|p2a: Garganacl|71/100
|
|-heal|p1a: Magnezone|88/100|[from] item: Leftovers
|-heal|p2a: Garganacl|77/100|[from] item: Leftovers
|upkeep
|turn|16
|
|t:|1781130522
|move|p1a: Magnezone|Body Press|p2a: Garganacl
|-supereffective|p2a: Garganacl
|-damage|p2a: Garganacl|12/100
|move|p2a: Garganacl|Salt Cure|p1a: Magnezone
|-resisted|p1a: Magnezone
|-crit|p1a: Magnezone
|-damage|p1a: Magnezone|79/100
|-start|p1a: Magnezone|Salt Cure
|
|-heal|p1a: Magnezone|85/100|[from] item: Leftovers
|-heal|p2a: Garganacl|18/100|[from] item: Leftovers
|-damage|p1a: Magnezone|60/100|[from] Salt Cure
|upkeep
|turn|17
|
|t:|1781130527
|switch|p1a: Hoopa|Hoopa-Unbound|100/100
|switch|p2a: Zapdos|Zapdos|100/100
|
|upkeep
|turn|18
|
|t:|1781130534
|move|p1a: Hoopa|Hyperspace Fury|p2a: Zapdos
|-damage|p2a: Zapdos|36/100
|-unboost|p1a: Hoopa|def|1
|move|p2a: Zapdos|Volt Switch|p1a: Hoopa
|-damage|p1a: Hoopa|76/100
|
|t:|1781130541
|switch|p2a: Zamazenta|Zamazenta|13/100|[from] Volt Switch
|
|-heal|p2a: Zamazenta|19/100|[from] item: Leftovers
|upkeep
|turn|19
|
|t:|1781130547
|switch|p2a: Zapdos|Zapdos|36/100
|switch|p1a: Primarina|Primarina, F|97/100
|
|-heal|p1a: Primarina|100/100|[from] item: Leftovers
|upkeep
|turn|20
|
|t:|1781130553
|switch|p1a: Magnezone|Magnezone|60/100
|move|p2a: Zapdos|Volt Switch|p1a: Magnezone
|-resisted|p1a: Magnezone
|-damage|p1a: Magnezone|42/100
|
|t:|1781130557
|switch|p2a: Gholdengo|Gholdengo|100/100|[from] Volt Switch
|
|-heal|p1a: Magnezone|48/100|[from] item: Leftovers
|upkeep
|turn|21
|
|t:|1781130564
|move|p2a: Gholdengo|Shadow Ball|p1a: Magnezone
|-damage|p1a: Magnezone|0 fnt
|faint|p1a: Magnezone
|
|upkeep
|
|t:|1781130568
|switch|p1a: Hoopa|Hoopa-Unbound|76/100
|turn|22
|
|t:|1781130576
|switch|p2a: Clefable|Clefable, F|100/100
|move|p1a: Hoopa|Knock Off|p2a: Clefable
|-resisted|p2a: Clefable
|-damage|p2a: Clefable|69/100
|-enditem|p2a: Clefable|Heavy-Duty Boots|[from] move: Knock Off|[of] p1a: Hoopa
|
|upkeep
|turn|23
|
|t:|1781130580
|switch|p1a: Bronzong|Bronzong|41/100
|move|p2a: Clefable|Thunder Wave|p1a: Bronzong
|-status|p1a: Bronzong|par
|
|-heal|p1a: Bronzong|47/100 par|[from] item: Leftovers
|upkeep
|turn|24
|
|t:|1781130584
|move|p2a: Clefable|Knock Off|p1a: Bronzong
|-supereffective|p1a: Bronzong
|-damage|p1a: Bronzong|18/100 par
|-enditem|p1a: Bronzong|Leftovers|[from] move: Knock Off|[of] p2a: Clefable
|move|p1a: Bronzong|Stealth Rock|p2a: Clefable
|-sidestart|p2: KurisuChestnutLab|move: Stealth Rock
|
|upkeep
|turn|25
|
|t:|1781130588
|move|p2a: Clefable|Thunder Wave|p1a: Bronzong
|-fail|p1a: Bronzong|par
|move|p1a: Bronzong|Iron Head|p2a: Clefable
|-supereffective|p2a: Clefable
|-damage|p2a: Clefable|34/100
|
|upkeep
|turn|26
|
|t:|1781130594
|move|p2a: Clefable|Moonlight|p2a: Clefable
|-heal|p2a: Clefable|84/100
|move|p1a: Bronzong|Psychic Noise|p2a: Clefable
|-damage|p2a: Clefable|66/100
|-start|p2a: Clefable|move: Heal Block
|
|upkeep
|turn|27
|
|t:|1781130597
|move|p2a: Clefable|Thunder Wave|p1a: Bronzong
|-fail|p1a: Bronzong|par
|move|p1a: Bronzong|Iron Head|p2a: Clefable
|-supereffective|p2a: Clefable
|-damage|p2a: Clefable|28/100
|
|-end|p2a: Clefable|move: Heal Block
|upkeep
|turn|28
|
|t:|1781130604
|move|p2a: Clefable|Moonlight|p2a: Clefable
|-heal|p2a: Clefable|78/100
|cant|p1a: Bronzong|par
|
|upkeep
|turn|29
|
|t:|1781130606
|switch|p2a: Zapdos|Zapdos|36/100
|move|p1a: Bronzong|Iron Head|p2a: Zapdos
|-resisted|p2a: Zapdos
|-damage|p2a: Zapdos|27/100
|
|upkeep
|turn|30
|
|t:|1781130613
|move|p2a: Zapdos|Volt Switch|p1a: Bronzong
|-damage|p1a: Bronzong|0 fnt
|faint|p1a: Bronzong
|
|t:|1781130616
|switch|p2a: Clefable|Clefable, F|78/100|[from] Volt Switch
|-damage|p2a: Clefable|65/100|[from] Stealth Rock
|
|upkeep
|
|t:|1781130625
|switch|p1a: Primarina|Primarina, F|100/100
|turn|31
|
|t:|1781130628
|move|p2a: Clefable|Thunder Wave|p1a: Primarina
|-status|p1a: Primarina|par
|cant|p1a: Primarina|par
|
|upkeep
|turn|32
|
|t:|1781130634
|move|p2a: Clefable|Moonlight|p2a: Clefable
|-heal|p2a: Clefable|100/100
|cant|p1a: Primarina|par
|
|upkeep
|turn|33
|
|t:|1781130640
|move|p2a: Clefable|Moonblast|p1a: Primarina
|-damage|p1a: Primarina|77/100 par
|-unboost|p1a: Primarina|spa|1
|move|p1a: Primarina|Substitute|p1a: Primarina
|-start|p1a: Primarina|Substitute
|-damage|p1a: Primarina|52/100 par
|
|-heal|p1a: Primarina|58/100 par|[from] item: Leftovers
|upkeep
|turn|34
|
|t:|1781130647
|move|p2a: Clefable|Moonblast|p1a: Primarina
|-end|p1a: Primarina|Substitute
|move|p1a: Primarina|Calm Mind|p1a: Primarina
|-boost|p1a: Primarina|spa|1
|-boost|p1a: Primarina|spd|1
|
|-heal|p1a: Primarina|64/100 par|[from] item: Leftovers
|upkeep
|turn|35
|
|t:|1781130651
|move|p2a: Clefable|Moonblast|p1a: Primarina
|-damage|p1a: Primarina|42/100 par
|move|p1a: Primarina|Calm Mind|p1a: Primarina
|-boost|p1a: Primarina|spa|1
|-boost|p1a: Primarina|spd|1
|
|-heal|p1a: Primarina|48/100 par|[from] item: Leftovers
|upkeep
|turn|36
|
|t:|1781130656
|move|p2a: Clefable|Moonblast|p1a: Primarina
|-damage|p1a: Primarina|24/100 par
|-unboost|p1a: Primarina|spa|1
|move|p1a: Primarina|Substitute|p1a: Primarina
|-fail|p1a: Primarina|move: Substitute|[weak]
|
|-heal|p1a: Primarina|30/100 par|[from] item: Leftovers
|upkeep
|turn|37
|
|t:|1781130660
|move|p2a: Clefable|Moonblast|p1a: Primarina
|-damage|p1a: Primarina|7/100 par
|-unboost|p1a: Primarina|spa|1
|cant|p1a: Primarina|par
|
|-heal|p1a: Primarina|13/100 par|[from] item: Leftovers
|upkeep
|turn|38
|
|t:|1781130666
|move|p2a: Clefable|Moonblast|p1a: Primarina
|-damage|p1a: Primarina|0 fnt
|faint|p1a: Primarina
|
|upkeep
|
|t:|1781130669
|switch|p1a: Rillaboom|Rillaboom, F|100/100
|-fieldstart|move: Grassy Terrain|[from] ability: Grassy Surge|[of] p1a: Rillaboom
|turn|39
|
|t:|1781130674
|move|p1a: Rillaboom|Wood Hammer|p2a: Clefable
|-damage|p2a: Clefable|10/100
|-damage|p1a: Rillaboom|66/100|[from] Recoil
|move|p2a: Clefable|Moonblast|p1a: Rillaboom
|-damage|p1a: Rillaboom|22/100
|
|-heal|p1a: Rillaboom|28/100|[from] Grassy Terrain
|-heal|p2a: Clefable|16/100|[from] Grassy Terrain
|upkeep
|turn|40
|
|t:|1781130682
|move|p1a: Rillaboom|Wood Hammer|p2a: Clefable
|-damage|p2a: Clefable|0 fnt
|faint|p2a: Clefable
|-damage|p1a: Rillaboom|22/100|[from] Recoil
|
|-heal|p1a: Rillaboom|28/100|[from] Grassy Terrain
|upkeep
|
|t:|1781130686
|switch|p2a: Samurott|Samurott-Hisui, F|100/100
|-damage|p2a: Samurott|88/100|[from] Stealth Rock
|turn|41
|
|t:|1781130690
|switch|p1a: Hoopa|Hoopa-Unbound|76/100
|move|p2a: Samurott|Ceaseless Edge|p1a: Hoopa
|-damage|p1a: Hoopa|0 fnt
|-sidestart|p1: ChillLanturnYT|Spikes
|faint|p1a: Hoopa
|
|-heal|p2a: Samurott|94/100|[from] Grassy Terrain
|upkeep
|
|t:|1781130692
|switch|p1a: Rillaboom|Rillaboom, F|28/100
|-damage|p1a: Rillaboom|16/100|[from] Spikes
|turn|42
|
|t:|1781130699
|-terastallize|p2a: Samurott|Dark
|-terastallize|p1a: Rillaboom|Grass
|move|p1a: Rillaboom|Grassy Glide|p2a: Samurott
|-damage|p2a: Samurott|7/100
|move|p2a: Samurott|Ceaseless Edge|p1a: Rillaboom
|-damage|p1a: Rillaboom|0 fnt
|-sidestart|p1: ChillLanturnYT|Spikes
|faint|p1a: Rillaboom
|
|win|KurisuChestnutLab
|raw|ChillLanturnYT's rating: 1524 &rarr; <strong>1514</strong><br />(-10 for losing)
|raw|KurisuChestnutLab's rating: 1716 &rarr; <strong>1726</strong><br />(+10 for winning)
