|j|‽rank 1 greninja
|j|☆testingyup
|t:|1781528557
|gametype|singles
|player|p1|rank 1 greninja|266|1561
|player|p2|testingyup|marlon|1617
|gen|9
|tier|[Gen 9] OU
|rated|
|rule|HP Percentage Mod: HP is shown in percentages
|rule|Endless Battle Clause: Forcing endless battles is banned
|rule|Species Clause: Limit one of each Pokémon
|rule|OHKO Clause: OHKO moves are banned
|rule|Evasion Items Clause: Evasion items are banned
|rule|Evasion Moves Clause: Evasion moves are banned
|rule|Evasion Abilities Clause: Evasion abilities are banned
|rule|Sleep Moves Clause: Sleep-inducing moves are banned
|clearpoke
|poke|p1|Pelipper, F|
|poke|p1|Tornadus-Therian, M|
|poke|p1|Barraskewda, F|
|poke|p1|Iron Treads|
|poke|p1|Raging Bolt|
|poke|p1|Moltres|
|poke|p2|Skeledirge, F|
|poke|p2|Kyurem|
|poke|p2|Cinderace, F|
|poke|p2|Ogerpon-Wellspring, F|
|poke|p2|Pecharunt|
|poke|p2|Tornadus-Therian, M|
|teampreview
|inactive|Battle timer is ON: inactive players will automatically lose when time's up. (requested by testingyup)
|inactive|testingyup has 120 seconds left.
|
|t:|1781528588
|teamsize|p1|6
|teamsize|p2|6
|start
|switch|p1a: Pelipper|Pelipper, F|100/100
|switch|p2a: Tornadus|Tornadus-Therian, M|100/100
|-weather|RainDance|[from] ability: Drizzle|[of] p1a: Pelipper
|turn|1
|
|t:|1781528593
|switch|p1a: Raging Bolt|Raging Bolt|100/100
|move|p2a: Tornadus|Knock Off|p1a: Raging Bolt
|-damage|p1a: Raging Bolt|83/100
|-enditem|p1a: Raging Bolt|Assault Vest|[from] move: Knock Off|[of] p2a: Tornadus
|
|-weather|RainDance|[upkeep]
|upkeep
|turn|2
|
|t:|1781528599
|move|p2a: Tornadus|U-turn|p1a: Raging Bolt
|-damage|p1a: Raging Bolt|69/100
|
|t:|1781528610
|switch|p2a: Skeledirge|Skeledirge, F|100/100|[from] U-turn
|move|p1a: Raging Bolt|Volt Switch|p2a: Skeledirge
|-damage|p2a: Skeledirge|68/100
|
|t:|1781528616
|-end|p1a: Raging Bolt|Protosynthesis|[silent]
|switch|p1a: Tornadus|Tornadus-Therian, M|100/100|[from] Volt Switch
|
|-weather|RainDance|[upkeep]
|-heal|p2a: Skeledirge|74/100|[from] item: Leftovers
|upkeep
|turn|3
|
|t:|1781528621
|switch|p2a: Tornadus|Tornadus-Therian, M|100/100
|move|p1a: Tornadus|Nasty Plot|p1a: Tornadus
|-boost|p1a: Tornadus|spa|2
|
|-weather|RainDance|[upkeep]
|upkeep
|turn|4
|
|t:|1781528625
|move|p1a: Tornadus|Hurricane|p2a: Tornadus
|-crit|p2a: Tornadus
|-damage|p2a: Tornadus|0 fnt
|faint|p2a: Tornadus
|-damage|p1a: Tornadus|91/100|[from] item: Life Orb
|
|-weather|RainDance|[upkeep]
|upkeep
|inactive|testingyup has 120 seconds left.
|
|t:|1781528667
|switch|p2a: Skeledirge|Skeledirge, F|74/100
|turn|5
|
|t:|1781528692
|move|p1a: Tornadus|Weather Ball|p2a: Skeledirge
|-supereffective|p2a: Skeledirge
|-damage|p2a: Skeledirge|0 fnt
|faint|p2a: Skeledirge
|-damage|p1a: Tornadus|81/100|[from] item: Life Orb
|
|-weather|RainDance|[upkeep]
|upkeep
|inactive|testingyup has 120 seconds left.
|inactive|testingyup has 90 seconds left.
|
|t:|1781528757
|switch|p2a: Cinderace|Cinderace, F|100/100
|turn|6
|
|t:|1781528764
|move|p2a: Cinderace|Sucker Punch|p1a: Tornadus
|-start|p2a: Cinderace|typechange|Dark|[from] ability: Libero
|-damage|p1a: Tornadus|6/100
|move|p1a: Tornadus|Hurricane|p2a: Cinderace
|-damage|p2a: Cinderace|0 fnt
|faint|p2a: Cinderace
|-damage|p1a: Tornadus|0 fnt|[from] item: Life Orb
|faint|p1a: Tornadus
|
|-weather|RainDance|[upkeep]
|upkeep
|
|t:|1781528777
|switch|p1a: Moltres|Moltres|100/100
|switch|p2a: Pecharunt|Pecharunt|100/100
|turn|7
|
|t:|1781528782
|move|p1a: Moltres|Hurricane|p2a: Pecharunt
|-damage|p2a: Pecharunt|34/100
|-start|p2a: Pecharunt|confusion
|-activate|p2a: Pecharunt|confusion
|-damage|p2a: Pecharunt|29/100|[from] confusion
|
|-weather|RainDance|[upkeep]
|upkeep
|turn|8
|
|t:|1781528786
|move|p1a: Moltres|Hurricane|p2a: Pecharunt
|-damage|p2a: Pecharunt|0 fnt
|faint|p2a: Pecharunt
|
|-weather|none
|upkeep
|inactive|testingyup has 90 seconds left.
|
|t:|1781528813
|switch|p2a: Kyurem|Kyurem|100/100
|-ability|p2a: Kyurem|Pressure
|turn|9
|
|t:|1781528826
|move|p1a: Moltres|Hurricane|p2a: Kyurem
|-damage|p2a: Kyurem|45/100
|-start|p2a: Kyurem|confusion
|-activate|p2a: Kyurem|confusion
|move|p2a: Kyurem|Dragon Dance|p2a: Kyurem
|-boost|p2a: Kyurem|atk|1
|-boost|p2a: Kyurem|spe|1
|
|upkeep
|turn|10
|inactive|testingyup has 90 seconds left.
|
|t:|1781528835
|-end|p2a: Kyurem|confusion
|move|p2a: Kyurem|Scale Shot|p1a: Moltres
|-damage|p1a: Moltres|75/100
|-damage|p1a: Moltres|51/100
|-damage|p1a: Moltres|27/100
|-damage|p1a: Moltres|2/100
|-damage|p1a: Moltres|0 fnt
|faint|p1a: Moltres
|-hitcount|p1: Moltres|5
|-unboost|p2a: Kyurem|def|1
|-boost|p2a: Kyurem|spe|1
|
|upkeep
|
|t:|1781528844
|switch|p1a: Pelipper|Pelipper, F|100/100
|-weather|RainDance|[from] ability: Drizzle|[of] p1a: Pelipper
|turn|11
|inactive|testingyup has 90 seconds left.
|
|t:|1781528878
|-terastallize|p1a: Pelipper|Steel
|move|p2a: Kyurem|Icicle Spear|p1a: Pelipper
|-resisted|p1a: Pelipper
|-damage|p1a: Pelipper|92/100
|-resisted|p1a: Pelipper
|-damage|p1a: Pelipper|84/100
|-resisted|p1a: Pelipper
|-damage|p1a: Pelipper|75/100
|-resisted|p1a: Pelipper
|-damage|p1a: Pelipper|66/100
|-resisted|p1a: Pelipper
|-damage|p1a: Pelipper|57/100
|-hitcount|p1a: Pelipper|5
|move|p1a: Pelipper|Hurricane|p2a: Kyurem
|-damage|p2a: Kyurem|7/100
|
|-weather|RainDance|[upkeep]
|upkeep
|turn|12
|
|t:|1781528892
|move|p2a: Kyurem|Icicle Spear|p1a: Pelipper
|-resisted|p1a: Pelipper
|-damage|p1a: Pelipper|49/100
|-resisted|p1a: Pelipper
|-damage|p1a: Pelipper|41/100
|-resisted|p1a: Pelipper
|-damage|p1a: Pelipper|33/100
|-resisted|p1a: Pelipper
|-crit|p1a: Pelipper
|-damage|p1a: Pelipper|18/100
|-resisted|p1a: Pelipper
|-damage|p1a: Pelipper|10/100
|-hitcount|p1a: Pelipper|5
|move|p1a: Pelipper|Hurricane|p2a: Kyurem
|-damage|p2a: Kyurem|0 fnt
|faint|p2a: Kyurem
|
|-weather|RainDance|[upkeep]
|upkeep
|
|t:|1781528894
|switch|p2a: Ogerpon|Ogerpon-Wellspring, F|100/100
|turn|13
|
|t:|1781528896
|-terastallize|p2a: Ogerpon|Water
|detailschange|p2a: Ogerpon|Ogerpon-Wellspring-Tera, F, tera:Water
|-ability|p2a: Ogerpon|Embody Aspect (Wellspring)|boost
|-boost|p2a: Ogerpon|spd|1
|move|p2a: Ogerpon|Trailblaze|p1a: Pelipper
|-resisted|p1a: Pelipper
|-damage|p1a: Pelipper|0 fnt
|-boost|p2a: Ogerpon|spe|1
|faint|p1a: Pelipper
|
|-weather|RainDance|[upkeep]
|upkeep
|
|t:|1781528902
|switch|p1a: Barraskewda|Barraskewda, F|100/100
|turn|14
|
|t:|1781528914
|move|p1a: Barraskewda|Flip Turn|p2a: Ogerpon
|-resisted|p2a: Ogerpon
|-damage|p2a: Ogerpon|54/100
|
|t:|1781528917
|switch|p1a: Iron Treads|Iron Treads|100/100|[from] Flip Turn
|move|p2a: Ogerpon|Trailblaze|p1a: Iron Treads
|-damage|p1a: Iron Treads|78/100
|-boost|p2a: Ogerpon|spe|1
|
|-weather|RainDance|[upkeep]
|upkeep
|turn|15
|
|t:|1781528922
|move|p2a: Ogerpon|Ivy Cudgel|p1a: Iron Treads|[anim] Ivy Cudgel Water
|-supereffective|p1a: Iron Treads
|-crit|p1a: Iron Treads
|-damage|p1a: Iron Treads|0 fnt
|faint|p1a: Iron Treads
|-end|p1a: Iron Treads|Quark Drive|[silent]
|
|-weather|RainDance|[upkeep]
|upkeep
|
|t:|1781528926
|switch|p1a: Barraskewda|Barraskewda, F|100/100
|turn|16
|
|t:|1781528934
|move|p1a: Barraskewda|Flip Turn|p2a: Ogerpon
|-resisted|p2a: Ogerpon
|-damage|p2a: Ogerpon|2/100
|
|t:|1781528937
|switch|p1a: Raging Bolt|Raging Bolt|69/100|[from] Flip Turn
|move|p2a: Ogerpon|Trailblaze|p1a: Raging Bolt
|-resisted|p1a: Raging Bolt
|-damage|p1a: Raging Bolt|56/100
|-boost|p2a: Ogerpon|spe|1
|
|-weather|RainDance|[upkeep]
|upkeep
|turn|17
|
|t:|1781528945
|move|p2a: Ogerpon|Swords Dance|p2a: Ogerpon
|-boost|p2a: Ogerpon|atk|2
|move|p1a: Raging Bolt|Volt Switch|p2a: Ogerpon
|-supereffective|p2a: Ogerpon
|-damage|p2a: Ogerpon|0 fnt
|faint|p2a: Ogerpon
|detailschange|p2: Ogerpon|Ogerpon-Wellspring, F|[silent]
|
|win|rank 1 greninja
|raw|rank 1 greninja's rating: 1579 &rarr; <strong>1601</strong><br />(+22 for winning)
|raw|testingyup's rating: 1617 &rarr; <strong>1595</strong><br />(-22 for losing)
|l|☆testingyup
|player|p2|
|l|‽rank 1 greninja
|player|p1|
