|j|☆DonovanIsNotHere
|j|☆Roseofrosarade
|t:|1781460479
|gametype|singles
|player|p1|DonovanIsNotHere|101|1516
|player|p2|Roseofrosarade|2|1528
|gen|9
|tier|[Gen 9] OU
|rated|
|rule|HP Percentage Mod: HP is shown in percentages
|rule|Endless Battle Clause: Forcing endless battles is banned
|rule|Species Clause: Limit one of each Pokémon
|rule|OHKO Clause: OHKO moves are banned
|rule|Evasion Items Clause: Evasion items are banned
|rule|Evasion Moves Clause: Evasion moves are banned
|rule|Evasion Abilities Clause: Evasion abilities are banned
|rule|Sleep Moves Clause: Sleep-inducing moves are banned
|clearpoke
|poke|p1|Dragonite, M|
|poke|p1|Darkrai|
|poke|p1|Samurott-Hisui, F|
|poke|p1|Corviknight, M|
|poke|p1|Landorus-Therian, M|
|poke|p1|Gholdengo|
|poke|p2|Latios, M|
|poke|p2|Tinkaton, F|
|poke|p2|Meowscarada, F|
|poke|p2|Moltres|
|poke|p2|Pecharunt|
|poke|p2|Ting-Lu|
|teampreview
|inactive|Battle timer is ON: inactive players will automatically lose when time's up. (requested by DonovanIsNotHere)
|
|t:|1781460490
|teamsize|p1|6
|teamsize|p2|6
|start
|switch|p1a: Conquest|Landorus-Therian, M|100/100
|switch|p2a: Meowscarada|Meowscarada, F|100/100
|-ability|p1a: Conquest|Intimidate|boost
|-unboost|p2a: Meowscarada|atk|1
|turn|1
|
|t:|1781460506
|switch|p1a: Lucan|Corviknight, M, shiny|100/100
|-ability|p1a: Lucan|Pressure
|move|p2a: Meowscarada|Knock Off|p1a: Lucan
|-start|p2a: Meowscarada|typechange|Dark|[from] ability: Protean
|-damage|p1a: Lucan|64/100
|-enditem|p1a: Lucan|Heavy-Duty Boots|[from] move: Knock Off|[of] p2a: Meowscarada
|
|upkeep
|turn|2
|
|t:|1781460514
|switch|p2a: Moltres|Moltres|100/100
|move|p1a: Lucan|U-turn|p2a: Moltres
|-resisted|p2a: Moltres
|-damage|p2a: Moltres|98/100
|
|t:|1781460516
|switch|p1a: Conquest|Landorus-Therian, M|100/100|[from] U-turn
|-ability|p1a: Conquest|Intimidate|boost
|-unboost|p2a: Moltres|atk|1
|
|upkeep
|turn|3
|
|t:|1781460522
|switch|p2a: Ting-Lu|Ting-Lu|100/100
|-ability|p2a: Ting-Lu|Vessel of Ruin
|move|p1a: Conquest|Stealth Rock|p2a: Ting-Lu
|-sidestart|p2: Roseofrosarade|move: Stealth Rock
|
|upkeep
|turn|4
|
|t:|1781460526
|switch|p1a: Thula|Samurott-Hisui, F, shiny|100/100
|move|p2a: Ting-Lu|Spikes|p1a: Thula
|-sidestart|p1: DonovanIsNotHere|Spikes
|
|upkeep
|turn|5
|
|t:|1781460532
|move|p1a: Thula|Aqua Cutter|p2a: Ting-Lu
|-supereffective|p2a: Ting-Lu
|-damage|p2a: Ting-Lu|42/100
|move|p2a: Ting-Lu|Earthquake|p1a: Thula
|-damage|p1a: Thula|51/100
|
|-heal|p2a: Ting-Lu|48/100|[from] item: Leftovers
|upkeep
|turn|6
|
|t:|1781460543
|-terastallize|p2a: Ting-Lu|Water
|move|p1a: Thula|Ceaseless Edge|p2a: Ting-Lu
|-damage|p2a: Ting-Lu|18/100
|-sidestart|p2: Roseofrosarade|Spikes
|move|p2a: Ting-Lu|Earthquake|p1a: Thula
|-damage|p1a: Thula|2/100
|
|-heal|p2a: Ting-Lu|24/100|[from] item: Leftovers
|upkeep
|turn|7
|
|t:|1781460553
|move|p1a: Thula|Aqua Cutter|p2a: Ting-Lu
|-resisted|p2a: Ting-Lu
|-damage|p2a: Ting-Lu|10/100
|move|p2a: Ting-Lu|Earthquake|p1a: Thula
|-damage|p1a: Thula|0 fnt
|faint|p1a: Thula
|
|-heal|p2a: Ting-Lu|16/100|[from] item: Leftovers
|upkeep
|
|t:|1781460561
|switch|p1a: Conquest|Landorus-Therian, M|100/100
|-ability|p1a: Conquest|Intimidate|boost
|-unboost|p2a: Ting-Lu|atk|1
|turn|8
|
|t:|1781460565
|move|p1a: Conquest|Earthquake|p2a: Ting-Lu
|-damage|p2a: Ting-Lu|0 fnt
|faint|p2a: Ting-Lu
|
|upkeep
|
|t:|1781460568
|switch|p2a: Meowscarada|Meowscarada, F|100/100
|-damage|p2a: Meowscarada|88/100|[from] Stealth Rock
|-damage|p2a: Meowscarada|76/100|[from] Spikes
|turn|9
|
|t:|1781460587
|move|p2a: Meowscarada|Triple Axel|p1a: Conquest
|-start|p2a: Meowscarada|typechange|Ice|[from] ability: Protean
|-supereffective|p1a: Conquest
|-damage|p1a: Conquest|32/100
|-supereffective|p1a: Conquest
|-damage|p1a: Conquest|0 fnt
|faint|p1a: Conquest
|-hitcount|p1: Conquest|2
|
|upkeep
|
|t:|1781460601
|switch|p1a: Anissa|Gholdengo|100/100
|-item|p1a: Anissa|Air Balloon
|turn|10
|
|t:|1781460612
|switch|p2a: Moltres|Moltres|98/100
|move|p1a: Anissa|Thunder Wave|p2a: Moltres
|-status|p2a: Moltres|par
|
|upkeep
|turn|11
|
|t:|1781460623
|move|p1a: Anissa|Hex|p2a: Moltres
|-damage|p2a: Moltres|22/100 par
|move|p2a: Moltres|Flamethrower|p1a: Anissa
|-supereffective|p1a: Anissa
|-damage|p1a: Anissa|29/100
|-enditem|p1a: Anissa|Air Balloon
|
|upkeep
|turn|12
|
|t:|1781460629
|move|p1a: Anissa|Hex|p2a: Moltres
|-crit|p2a: Moltres
|-damage|p2a: Moltres|0 fnt
|faint|p2a: Moltres
|
|upkeep
|
|t:|1781460632
|switch|p2a: Meowscarada|Meowscarada, F|76/100
|-damage|p2a: Meowscarada|64/100|[from] Stealth Rock
|-damage|p2a: Meowscarada|51/100|[from] Spikes
|turn|13
|
|t:|1781460646
|switch|p1a: Lucan|Corviknight, M, shiny|64/100
|-ability|p1a: Lucan|Pressure
|move|p2a: Meowscarada|Knock Off|p1a: Lucan
|-start|p2a: Meowscarada|typechange|Dark|[from] ability: Protean
|-crit|p1a: Lucan
|-damage|p1a: Lucan|11/100
|
|upkeep
|turn|14
|
|t:|1781460671
|move|p2a: Meowscarada|Knock Off|p1a: Lucan
|-crit|p1a: Lucan
|-damage|p1a: Lucan|0 fnt
|faint|p1a: Lucan
|
|upkeep
|
|t:|1781460673
|switch|p1a: Thragg|Dragonite, M|100/100
|turn|15
|
|t:|1781460677
|switch|p2a: Pecharunt|Pecharunt|100/100
|move|p1a: Thragg|Fire Punch|p2a: Pecharunt
|-damage|p2a: Pecharunt|80/100
|-status|p2a: Pecharunt|brn
|
|-damage|p2a: Pecharunt|74/100 brn|[from] brn
|upkeep
|turn|16
|
|t:|1781460684
|switch|p1a: Kregg|Darkrai|100/100
|move|p2a: Pecharunt|Malignant Chain|p1a: Kregg
|-damage|p1a: Kregg|59/100
|
|-damage|p2a: Pecharunt|68/100 brn|[from] brn
|upkeep
|turn|17
|
|t:|1781460690
|switch|p2a: Tinkaton|Tinkaton, F|100/100
|-damage|p2a: Tinkaton|94/100|[from] Stealth Rock
|-item|p2a: Tinkaton|Air Balloon
|move|p1a: Kregg|Nasty Plot|p1a: Kregg
|-boost|p1a: Kregg|spa|2
|
|upkeep
|turn|18
|
|t:|1781460701
|move|p1a: Kregg|Focus Blast|p2a: Tinkaton
|-damage|p2a: Tinkaton|27/100
|-enditem|p2a: Tinkaton|Air Balloon
|move|p2a: Tinkaton|Gigaton Hammer|p1a: Kregg
|-damage|p1a: Kregg|1/100
|
|upkeep
|turn|19
|
|t:|1781460723
|move|p1a: Kregg|Dark Pulse|p2a: Tinkaton
|-resisted|p2a: Tinkaton
|-damage|p2a: Tinkaton|0 fnt
|faint|p2a: Tinkaton
|
|upkeep
|
|t:|1781460726
|switch|p2a: Latios|Latios, M|100/100
|-damage|p2a: Latios|88/100|[from] Stealth Rock
|turn|20
|
|t:|1781460729
|switch|p1a: Anissa|Gholdengo|29/100
|-damage|p1a: Anissa|17/100|[from] Spikes
|move|p2a: Latios|Draco Meteor|p1a: Anissa
|-resisted|p1a: Anissa
|-damage|p1a: Anissa|0 fnt
|-unboost|p2a: Latios|spa|2
|faint|p1a: Anissa
|
|upkeep
|
|t:|1781460744
|switch|p1a: Thragg|Dragonite, M|100/100
|turn|21
|
|t:|1781460747
|switch|p2a: Pecharunt|Pecharunt|68/100 brn
|move|p1a: Thragg|Outrage|p2a: Pecharunt
|-damage|p2a: Pecharunt|19/100 brn
|
|-damage|p2a: Pecharunt|13/100 brn|[from] brn
|upkeep
|turn|22
|
|t:|1781460751
|move|p1a: Thragg|Outrage|p2a: Pecharunt|[from] lockedmove
|-damage|p2a: Pecharunt|0 fnt
|faint|p2a: Pecharunt
|-start|p1a: Thragg|confusion|[fatigue]
|
|upkeep
|
|t:|1781460754
|switch|p2a: Meowscarada|Meowscarada, F|51/100
|-damage|p2a: Meowscarada|39/100|[from] Stealth Rock
|-damage|p2a: Meowscarada|27/100|[from] Spikes
|turn|23
|
|t:|1781460768
|switch|p1a: Kregg|Darkrai|1/100
|move|p2a: Meowscarada|Triple Axel|p1a: Kregg|[miss]
|-start|p2a: Meowscarada|typechange|Ice|[from] ability: Protean
|-miss|p2a: Meowscarada|p1a: Kregg
|
|upkeep
|turn|24
|
|t:|1781460777
|move|p1a: Kregg|Dark Pulse|p2a: Meowscarada
|-damage|p2a: Meowscarada|0 fnt
|faint|p2a: Meowscarada
|
|upkeep
|
|t:|1781460779
|switch|p2a: Latios|Latios, M|88/100
|-damage|p2a: Latios|76/100|[from] Stealth Rock
|turn|25
|
|t:|1781460782
|move|p1a: Kregg|Dark Pulse|p2a: Latios
|-supereffective|p2a: Latios
|-damage|p2a: Latios|0 fnt
|faint|p2a: Latios
|
|win|DonovanIsNotHere
|raw|DonovanIsNotHere's rating: 1516 &rarr; <strong>1537</strong><br />(+21 for winning)
|raw|Roseofrosarade's rating: 1528 &rarr; <strong>1507</strong><br />(-21 for losing)
