|j|☆bigtestsofbig
|j|☆phreshoatmeal
|t:|1781142137
|gametype|singles
|player|p1|bigtestsofbig|265|1628
|player|p2|phreshoatmeal|clerk|1637
|gen|9
|tier|[Gen 9] OU
|rated|
|rule|HP Percentage Mod: HP is shown in percentages
|rule|Endless Battle Clause: Forcing endless battles is banned
|rule|Species Clause: Limit one of each Pokémon
|rule|OHKO Clause: OHKO moves are banned
|rule|Evasion Items Clause: Evasion items are banned
|rule|Evasion Moves Clause: Evasion moves are banned
|rule|Evasion Abilities Clause: Evasion abilities are banned
|rule|Sleep Moves Clause: Sleep-inducing moves are banned
|clearpoke
|poke|p1|Slowking-Galar, F|
|poke|p1|Tinkaton, F|
|poke|p1|Raging Bolt|
|poke|p1|Slither Wing|
|poke|p1|Gliscor, M|
|poke|p1|Hydreigon, F|
|poke|p2|Tyranitar, F|
|poke|p2|Excadrill, M|
|poke|p2|Hatterene, F|
|poke|p2|Hippowdon, M|
|poke|p2|Indeedee, M|
|poke|p2|Amoonguss, M|
|teampreview
|inactive|Battle timer is ON: inactive players will automatically lose when time's up. (requested by bigtestsofbig)
|
|t:|1781142157
|teamsize|p1|6
|teamsize|p2|6
|start
|switch|p1a: Hydreigon|Hydreigon, F|100/100
|switch|p2a: Hatterene|Hatterene, F|100/100
|turn|1
|
|t:|1781142161
|switch|p1a: Slowking|Slowking-Galar, F|100/100
|move|p2a: Hatterene|Gravity|p2a: Hatterene
|-fieldstart|move: Gravity
|
|upkeep
|turn|2
|
|t:|1781142167
|switch|p2a: Excadrill|Excadrill, M|100/100
|-prepare|p1a: Slowking|Chilly Reception|[premajor]
|move|p1a: Slowking|Chilly Reception|p1a: Slowking
|-weather|Snowscape
|
|t:|1781142170
|switch|p1a: Gliscor|Gliscor, M|100/100|[from] Chilly Reception
|
|-weather|Snowscape|[upkeep]
|-status|p1a: Gliscor|tox|[from] item: Toxic Orb
|upkeep
|turn|3
|
|t:|1781142178
|switch|p2a: Hatterene|Hatterene, F|100/100
|move|p1a: Gliscor|Earthquake|p2a: Hatterene
|-damage|p2a: Hatterene|69/100
|
|-weather|Snowscape|[upkeep]
|-heal|p2a: Hatterene|75/100|[from] item: Leftovers
|upkeep
|turn|4
|
|t:|1781142182
|switch|p1a: Tinkaton|Tinkaton, F|100/100
|move|p2a: Hatterene|Future Sight|p1a: Tinkaton
|-start|p2a: Hatterene|move: Future Sight
|
|-weather|Snowscape|[upkeep]
|-heal|p2a: Hatterene|81/100|[from] item: Leftovers
|upkeep
|turn|5
|
|t:|1781142197
|switch|p2a: Hippowdon|Hippowdon, M|100/100
|-weather|Sandstorm|[from] ability: Sand Stream|[of] p2a: Hippowdon
|move|p1a: Tinkaton|Ice Hammer|p2a: Hippowdon
|-supereffective|p2a: Hippowdon
|-damage|p2a: Hippowdon|55/100
|-unboost|p1a: Tinkaton|spe|1
|-enditem|p2a: Hippowdon|Eject Button
|
|t:|1781142205
|switch|p2a: Excadrill|Excadrill, M|100/100
|
|-weather|Sandstorm|[upkeep]
|-fieldend|move: Gravity
|upkeep
|turn|6
|
|t:|1781142212
|switch|p1a: Gliscor|Gliscor, M|100/100 tox
|move|p2a: Excadrill|Iron Head|p1a: Gliscor
|-damage|p1a: Gliscor|29/100 tox
|
|-weather|Sandstorm|[upkeep]
|-end|p1a: Gliscor|move: Future Sight
|-damage|p1a: Gliscor|0 fnt
|faint|p1a: Gliscor
|upkeep
|
|t:|1781142218
|switch|p1a: Hydreigon|Hydreigon, F|100/100
|turn|7
|
|t:|1781142237
|switch|p2a: Tyranitar|Tyranitar, F|100/100
|move|p1a: Hydreigon|Hydro Pump|p2a: Tyranitar
|-supereffective|p2a: Tyranitar
|-damage|p2a: Tyranitar|61/100
|-enditem|p2a: Tyranitar|Eject Button
|-damage|p1a: Hydreigon|91/100|[from] item: Life Orb
|
|t:|1781142255
|switch|p2a: Indeedee|Indeedee, M|100/100
|-fieldstart|move: Psychic Terrain|[from] ability: Psychic Surge|[of] p2a: Indeedee
|
|-weather|Sandstorm|[upkeep]
|-damage|p2a: Indeedee|94/100|[from] Sandstorm
|-damage|p1a: Hydreigon|85/100|[from] Sandstorm
|upkeep
|turn|8
|
|t:|1781142269
|switch|p2a: Excadrill|Excadrill, M|100/100
|switch|p1a: Slowking|Slowking-Galar, F|100/100
|
|-weather|Sandstorm|[upkeep]
|-damage|p1a: Slowking|94/100|[from] Sandstorm
|-heal|p1a: Slowking|100/100|[from] item: Black Sludge
|upkeep
|turn|9
|
|t:|1781142281
|move|p2a: Excadrill|Iron Head|p1a: Slowking
|-damage|p1a: Slowking|34/100
|-prepare|p1a: Slowking|Chilly Reception|[premajor]
|move|p1a: Slowking|Chilly Reception|p1a: Slowking
|-weather|Snowscape
|
|t:|1781142292
|switch|p1a: Hydreigon|Hydreigon, F|85/100|[from] Chilly Reception
|
|-weather|Snowscape|[upkeep]
|upkeep
|turn|10
|
|t:|1781142299
|switch|p2a: Tyranitar|Tyranitar, F|61/100
|-weather|Sandstorm|[from] ability: Sand Stream|[of] p2a: Tyranitar
|move|p1a: Hydreigon|Hydro Pump|p2a: Tyranitar|[miss]
|-miss|p1a: Hydreigon|p2a: Tyranitar
|
|-weather|Sandstorm|[upkeep]
|-damage|p1a: Hydreigon|79/100|[from] Sandstorm
|upkeep
|turn|11
|
|t:|1781142306
|move|p1a: Hydreigon|Stealth Rock|p2a: Tyranitar
|-sidestart|p2: phreshoatmeal|move: Stealth Rock
|move|p2a: Tyranitar|Stealth Rock|p1a: Hydreigon
|-sidestart|p1: bigtestsofbig|move: Stealth Rock
|
|-weather|Sandstorm|[upkeep]
|-damage|p1a: Hydreigon|73/100|[from] Sandstorm
|-fieldend|move: Psychic Terrain
|upkeep
|turn|12
|
|t:|1781142314
|switch|p1a: Slither Wing|Slither Wing|100/100
|move|p2a: Tyranitar|Knock Off|p1a: Slither Wing
|-resisted|p1a: Slither Wing
|-damage|p1a: Slither Wing|82/100
|-enditem|p1a: Slither Wing|Heavy-Duty Boots|[from] move: Knock Off|[of] p2a: Tyranitar
|
|-weather|Sandstorm|[upkeep]
|-damage|p1a: Slither Wing|76/100|[from] Sandstorm
|upkeep
|turn|13
|
|t:|1781142318
|switch|p2a: Amoonguss|Amoonguss, M|100/100
|-damage|p2a: Amoonguss|88/100|[from] Stealth Rock
|move|p1a: Slither Wing|Close Combat|p2a: Amoonguss
|-resisted|p2a: Amoonguss
|-damage|p2a: Amoonguss|67/100
|-unboost|p1a: Slither Wing|def|1
|-unboost|p1a: Slither Wing|spd|1
|-damage|p1a: Slither Wing|59/100|[from] item: Rocky Helmet|[of] p2a: Amoonguss
|
|-weather|Sandstorm|[upkeep]
|-damage|p1a: Slither Wing|53/100|[from] Sandstorm
|-damage|p2a: Amoonguss|61/100|[from] Sandstorm
|upkeep
|turn|14
|
|t:|1781142326
|-end|p1a: Slither Wing|Protosynthesis|[silent]
|switch|p1a: Tinkaton|Tinkaton, F|100/100
|-damage|p1a: Tinkaton|94/100|[from] Stealth Rock
|move|p2a: Amoonguss|Stun Spore|p1a: Tinkaton|[miss]
|-miss|p2a: Amoonguss|p1a: Tinkaton
|
|-weather|none
|upkeep
|turn|15
|
|t:|1781142336
|move|p1a: Tinkaton|Ice Hammer|p2a: Amoonguss
|-supereffective|p2a: Amoonguss
|-damage|p2a: Amoonguss|7/100
|-unboost|p1a: Tinkaton|spe|1
|-damage|p1a: Tinkaton|78/100|[from] item: Rocky Helmet|[of] p2a: Amoonguss
|move|p2a: Amoonguss|Stun Spore|p1a: Tinkaton
|-status|p1a: Tinkaton|par
|
|upkeep
|turn|16
|
|t:|1781142346
|switch|p2a: Hippowdon|Hippowdon, M|55/100
|-damage|p2a: Hippowdon|49/100|[from] Stealth Rock
|-weather|Sandstorm|[from] ability: Sand Stream|[of] p2a: Hippowdon
|move|p1a: Tinkaton|Ice Hammer|p2a: Hippowdon
|-supereffective|p2a: Hippowdon
|-damage|p2a: Hippowdon|6/100
|-unboost|p1a: Tinkaton|spe|1
|
|-weather|Sandstorm|[upkeep]
|upkeep
|turn|17
|
|t:|1781142357
|switch|p1a: Hydreigon|Hydreigon, F|73/100
|-damage|p1a: Hydreigon|60/100|[from] Stealth Rock
|move|p2a: Hippowdon|Earthquake|p1a: Hydreigon
|-immune|p1a: Hydreigon|[from] ability: Levitate
|
|-weather|Sandstorm|[upkeep]
|-damage|p1a: Hydreigon|54/100|[from] Sandstorm
|upkeep
|turn|18
|
|t:|1781142362
|move|p1a: Hydreigon|Hydro Pump|p2a: Hippowdon
|-supereffective|p2a: Hippowdon
|-crit|p2a: Hippowdon
|-damage|p2a: Hippowdon|0 fnt
|faint|p2a: Hippowdon
|-damage|p1a: Hydreigon|44/100|[from] item: Life Orb
|
|-weather|Sandstorm|[upkeep]
|-damage|p1a: Hydreigon|38/100|[from] Sandstorm
|upkeep
|
|t:|1781142365
|switch|p2a: Excadrill|Excadrill, M|100/100
|-damage|p2a: Excadrill|97/100|[from] Stealth Rock
|turn|19
|
|t:|1781142373
|switch|p1a: Tinkaton|Tinkaton, F|78/100 par
|-damage|p1a: Tinkaton|72/100 par|[from] Stealth Rock
|move|p2a: Excadrill|Iron Head|p1a: Tinkaton
|-damage|p1a: Tinkaton|0 fnt
|faint|p1a: Tinkaton
|
|-weather|Sandstorm|[upkeep]
|upkeep
|
|t:|1781142378
|switch|p1a: Slither Wing|Slither Wing|53/100
|-damage|p1a: Slither Wing|41/100|[from] Stealth Rock
|turn|20
|
|t:|1781142385
|-terastallize|p1a: Slither Wing|Fire
|move|p2a: Excadrill|Iron Head|p1a: Slither Wing
|-resisted|p1a: Slither Wing
|-crit|p1a: Slither Wing
|-damage|p1a: Slither Wing|0 fnt
|faint|p1a: Slither Wing
|-end|p1a: Slither Wing|Protosynthesis|[silent]
|
|-weather|none
|upkeep
|
|t:|1781142397
|switch|p1a: Hydreigon|Hydreigon, F|38/100
|-damage|p1a: Hydreigon|26/100|[from] Stealth Rock
|turn|21
|
|t:|1781142401
|switch|p2a: Tyranitar|Tyranitar, F|61/100
|-damage|p2a: Tyranitar|48/100|[from] Stealth Rock
|-weather|Sandstorm|[from] ability: Sand Stream|[of] p2a: Tyranitar
|move|p1a: Hydreigon|Hydro Pump|p2a: Tyranitar
|-supereffective|p2a: Tyranitar
|-damage|p2a: Tyranitar|10/100
|-damage|p1a: Hydreigon|16/100|[from] item: Life Orb
|
|-weather|Sandstorm|[upkeep]
|-damage|p1a: Hydreigon|10/100|[from] Sandstorm
|upkeep
|turn|22
|
|t:|1781142411
|move|p1a: Hydreigon|Draco Meteor|p2a: Tyranitar
|-damage|p2a: Tyranitar|0 fnt
|-unboost|p1a: Hydreigon|spa|2
|faint|p2a: Tyranitar
|-damage|p1a: Hydreigon|0 fnt|[from] item: Life Orb
|faint|p1a: Hydreigon
|
|-weather|Sandstorm|[upkeep]
|upkeep
|
|t:|1781142420
|switch|p1a: Slowking|Slowking-Galar, F|67/100
|switch|p2a: Excadrill|Excadrill, M|97/100
|-damage|p2a: Excadrill|94/100|[from] Stealth Rock
|-damage|p1a: Slowking|55/100|[from] Stealth Rock
|turn|23
|
|t:|1781142423
|move|p2a: Excadrill|Earthquake|p1a: Slowking
|-supereffective|p1a: Slowking
|-damage|p1a: Slowking|0 fnt
|faint|p1a: Slowking
|
|-weather|Sandstorm|[upkeep]
|upkeep
|j| SilverDE
|
|t:|1781142425
|switch|p1a: Raging Bolt|Raging Bolt|100/100
|turn|24
|
|t:|1781142427
|move|p2a: Excadrill|Earthquake|p1a: Raging Bolt
|-supereffective|p1a: Raging Bolt
|-crit|p1a: Raging Bolt
|-damage|p1a: Raging Bolt|0 fnt
|faint|p1a: Raging Bolt
|-end|p1a: Raging Bolt|Protosynthesis|[silent]
|
|win|phreshoatmeal
|raw|bigtestsofbig's rating: 1628 &rarr; <strong>1609</strong><br />(-19 for losing)
|raw|phreshoatmeal's rating: 1637 &rarr; <strong>1656</strong><br />(+19 for winning)
|l|☆phreshoatmeal
|player|p2|
|l|☆bigtestsofbig
|player|p1|
|l| SilverDE
