|j|☆agape boy
|j|☆Superhjkdetective
|t:|1781093040
|gametype|singles
|player|p1|agape boy|waiter|1492
|player|p2|Superhjkdetective|2|1563
|gen|9
|tier|[Gen 9] OU
|rated|
|rule|HP Percentage Mod: HP is shown in percentages
|rule|Endless Battle Clause: Forcing endless battles is banned
|rule|Species Clause: Limit one of each Pokémon
|rule|OHKO Clause: OHKO moves are banned
|rule|Evasion Items Clause: Evasion items are banned
|rule|Evasion Moves Clause: Evasion moves are banned
|rule|Evasion Abilities Clause: Evasion abilities are banned
|rule|Sleep Moves Clause: Sleep-inducing moves are banned
|clearpoke
|poke|p1|Araquanid, M|
|poke|p1|Glimmora, M|
|poke|p1|Great Tusk|
|poke|p1|Gholdengo|
|poke|p1|Rillaboom, M|
|poke|p1|Raikou|
|poke|p2|Ninetales, M|
|poke|p2|Ceruledge, M|
|poke|p2|Great Tusk|
|poke|p2|Hatterene, F|
|poke|p2|Walking Wake|
|poke|p2|Raging Bolt|
|teampreview
|inactive|Battle timer is ON: inactive players will automatically lose when time's up. (requested by Superhjkdetective)
|
|t:|1781093055
|teamsize|p1|6
|teamsize|p2|6
|start
|switch|p1a: Caltrop|Glimmora, M, shiny|100/100
|switch|p2a: Raging Bolt|Raging Bolt|100/100
|turn|1
|
|t:|1781093062
|move|p1a: Caltrop|Meteor Beam||[still]
|-prepare|p1a: Caltrop|Meteor Beam
|-boost|p1a: Caltrop|spa|1
|-enditem|p1a: Caltrop|Power Herb
|-anim|p1a: Caltrop|Meteor Beam|p2a: Raging Bolt
|-damage|p2a: Raging Bolt|16/100
|move|p2a: Raging Bolt|Thunderbolt|p1a: Caltrop
|-damage|p1a: Caltrop|8/100
|-damage|p2a: Raging Bolt|6/100|[from] item: Life Orb
|
|upkeep
|turn|2
|
|t:|1781093072
|move|p1a: Caltrop|Stealth Rock|p2a: Raging Bolt
|-sidestart|p2: Superhjkdetective|move: Stealth Rock
|move|p2a: Raging Bolt|Dragon Pulse|p1a: Caltrop
|-damage|p1a: Caltrop|0 fnt
|faint|p1a: Caltrop
|-damage|p2a: Raging Bolt|0 fnt|[from] item: Life Orb
|faint|p2a: Raging Bolt
|-end|p2a: Raging Bolt|Protosynthesis|[silent]
|
|upkeep
|inactive|agape boy has 120 seconds left.
|inactive|agape boy has 90 seconds left.
|
|t:|1781093153
|switch|p1a: Tony Tiger|Raikou, shiny|100/100
|switch|p2a: Ninetales|Ninetales, M|100/100
|-ability|p1a: Tony Tiger|Pressure
|-damage|p2a: Ninetales|76/100|[from] Stealth Rock
|-weather|SunnyDay|[from] ability: Drought|[of] p2a: Ninetales
|turn|3
|
|t:|1781093170
|move|p1a: Tony Tiger|Calm Mind|p1a: Tony Tiger
|-boost|p1a: Tony Tiger|spa|1
|-boost|p1a: Tony Tiger|spd|1
|move|p2a: Ninetales|Overheat|p1a: Tony Tiger
|-damage|p1a: Tony Tiger|47/100
|-unboost|p2a: Ninetales|spa|2
|
|-weather|SunnyDay|[upkeep]
|-heal|p1a: Tony Tiger|53/100|[from] item: Leftovers
|upkeep
|turn|4
|
|t:|1781093174
|switch|p2a: Hatterene|Hatterene, F|100/100
|-damage|p2a: Hatterene|88/100|[from] Stealth Rock
|move|p1a: Tony Tiger|Scald|p2a: Hatterene
|-damage|p2a: Hatterene|69/100
|-status|p2a: Hatterene|brn
|-enditem|p2a: Hatterene|Eject Button
|
|t:|1781093183
|switch|p2a: Walking Wake|Walking Wake|100/100
|-damage|p2a: Walking Wake|88/100|[from] Stealth Rock
|-activate|p2a: Walking Wake|ability: Protosynthesis
|-start|p2a: Walking Wake|protosynthesisspe
|
|-weather|SunnyDay|[upkeep]
|-heal|p1a: Tony Tiger|60/100|[from] item: Leftovers
|upkeep
|turn|5
|inactive|agape boy has 90 seconds left.
|
|t:|1781093207
|move|p1a: Tony Tiger|Protect|p1a: Tony Tiger
|-singleturn|p1a: Tony Tiger|Protect
|move|p2a: Walking Wake|Hydro Steam|p1a: Tony Tiger
|-activate|p1a: Tony Tiger|move: Protect
|
|-weather|SunnyDay|[upkeep]
|-heal|p1a: Tony Tiger|66/100|[from] item: Leftovers
|upkeep
|turn|6
|
|t:|1781093225
|move|p2a: Walking Wake|Hydro Steam|p1a: Tony Tiger
|-damage|p1a: Tony Tiger|0 fnt
|faint|p1a: Tony Tiger
|
|-weather|SunnyDay|[upkeep]
|upkeep
|
|t:|1781093229
|switch|p1a: Tarzan|Rillaboom, M, shiny|100/100
|-fieldstart|move: Grassy Terrain|[from] ability: Grassy Surge|[of] p1a: Tarzan
|turn|7
|
|t:|1781093237
|move|p2a: Walking Wake|Hydro Steam|p1a: Tarzan
|-resisted|p1a: Tarzan
|-damage|p1a: Tarzan|37/100
|move|p1a: Tarzan|Wood Hammer|p2a: Walking Wake
|-damage|p2a: Walking Wake|0 fnt
|faint|p2a: Walking Wake
|-end|p2a: Walking Wake|Protosynthesis|[silent]
|-damage|p1a: Tarzan|8/100|[from] Recoil
|-damage|p1a: Tarzan|0 fnt|[from] item: Life Orb
|faint|p1a: Tarzan
|
|-weather|SunnyDay|[upkeep]
|upkeep
|
|t:|1781093253
|switch|p2a: Great Tusk|Great Tusk|100/100
|switch|p1a: Aurum|Gholdengo, shiny|100/100
|-item|p1a: Aurum|Air Balloon
|-activate|p2a: Great Tusk|ability: Protosynthesis
|-start|p2a: Great Tusk|protosynthesisatk
|turn|8
|
|t:|1781093272
|move|p2a: Great Tusk|Ice Spinner|p1a: Aurum
|-resisted|p1a: Aurum
|-damage|p1a: Aurum|81/100
|-enditem|p1a: Aurum|Air Balloon
|-fieldend|move: Grassy Terrain
|move|p1a: Aurum|Make It Rain|p2a: Great Tusk
|-damage|p2a: Great Tusk|8/100
|-unboost|p1a: Aurum|spa|1
|
|-weather|SunnyDay|[upkeep]
|upkeep
|turn|9
|
|t:|1781093278
|switch|p1a: Bathtub Spider|Araquanid, M, shiny|100/100
|move|p2a: Great Tusk|Headlong Rush|p1a: Bathtub Spider
|-resisted|p1a: Bathtub Spider
|-damage|p1a: Bathtub Spider|60/100
|-unboost|p2a: Great Tusk|def|1
|-unboost|p2a: Great Tusk|spd|1
|
|-weather|SunnyDay|[upkeep]
|upkeep
|turn|10
|
|t:|1781093286
|move|p2a: Great Tusk|Rapid Spin|p1a: Bathtub Spider
|-damage|p1a: Bathtub Spider|37/100
|-boost|p2a: Great Tusk|spe|1
|-sideend|p2: Superhjkdetective|Stealth Rock|[from] move: Rapid Spin|[of] p2a: Great Tusk
|move|p1a: Bathtub Spider|Surf|p2a: Great Tusk
|-supereffective|p2a: Great Tusk
|-damage|p2a: Great Tusk|0 fnt
|faint|p2a: Great Tusk
|-end|p2a: Great Tusk|Protosynthesis|[silent]
|
|-weather|none
|upkeep
|
|t:|1781093292
|switch|p2a: Ninetales|Ninetales, M|76/100
|-weather|SunnyDay|[from] ability: Drought|[of] p2a: Ninetales
|turn|11
|
|t:|1781093297
|move|p1a: Bathtub Spider|Endure|p1a: Bathtub Spider
|-singleturn|p1a: Bathtub Spider|move: Endure
|move|p2a: Ninetales|Encore|p1a: Bathtub Spider
|-start|p1a: Bathtub Spider|Encore
|
|-weather|SunnyDay|[upkeep]
|upkeep
|turn|12
|
|t:|1781093303
|move|p1a: Bathtub Spider|Endure||[still]
|-fail|p1a: Bathtub Spider
|move|p2a: Ninetales|Will-O-Wisp|p1a: Bathtub Spider|[miss]
|-miss|p2a: Ninetales|p1a: Bathtub Spider
|
|-weather|SunnyDay|[upkeep]
|upkeep
|turn|13
|
|t:|1781093305
|move|p1a: Bathtub Spider|Endure|p1a: Bathtub Spider
|-singleturn|p1a: Bathtub Spider|move: Endure
|move|p2a: Ninetales|Will-O-Wisp|p1a: Bathtub Spider
|-immune|p1a: Bathtub Spider|[from] ability: Water Bubble
|
|-weather|SunnyDay|[upkeep]
|upkeep
|turn|14
|
|t:|1781093309
|move|p1a: Bathtub Spider|Endure||[still]
|-fail|p1a: Bathtub Spider
|move|p2a: Ninetales|Encore||[still]
|-fail|p2a: Ninetales
|
|-weather|SunnyDay|[upkeep]
|-end|p1a: Bathtub Spider|Encore
|upkeep
|turn|15
|
|t:|1781093318
|move|p1a: Bathtub Spider|Endure|p1a: Bathtub Spider
|-singleturn|p1a: Bathtub Spider|move: Endure
|move|p2a: Ninetales|Encore|p1a: Bathtub Spider
|-start|p1a: Bathtub Spider|Encore
|
|-weather|SunnyDay|[upkeep]
|upkeep
|turn|16
|
|t:|1781093321
|move|p1a: Bathtub Spider|Endure||[still]
|-fail|p1a: Bathtub Spider
|move|p2a: Ninetales|Overheat|p1a: Bathtub Spider
|-damage|p1a: Bathtub Spider|7/100
|-unboost|p2a: Ninetales|spa|2
|
|-weather|SunnyDay|[upkeep]
|upkeep
|turn|17
|-enditem|p1a: Bathtub Spider|Custap Berry|[eat]
|-activate|p1a: Bathtub Spider|item: Custap Berry|[consumed]
|
|t:|1781093324
|move|p1a: Bathtub Spider|Endure|p1a: Bathtub Spider
|-singleturn|p1a: Bathtub Spider|move: Endure
|move|p2a: Ninetales|Overheat|p1a: Bathtub Spider
|-activate|p1a: Bathtub Spider|move: Endure
|-damage|p1a: Bathtub Spider|1/100
|-unboost|p2a: Ninetales|spa|2
|
|-weather|SunnyDay|[upkeep]
|upkeep
|turn|18
|
|t:|1781093329
|move|p1a: Bathtub Spider|Endure||[still]
|-fail|p1a: Bathtub Spider
|move|p2a: Ninetales|Overheat|p1a: Bathtub Spider
|-damage|p1a: Bathtub Spider|0 fnt
|-unboost|p2a: Ninetales|spa|2
|faint|p1a: Bathtub Spider
|
|-weather|none
|upkeep
|
|t:|1781093339
|switch|p1a: Aurum|Gholdengo, shiny|81/100
|turn|19
|
|t:|1781093346
|switch|p2a: Hatterene|Hatterene, F|69/100 brn
|move|p1a: Aurum|Shadow Ball|p2a: Hatterene
|-supereffective|p2a: Hatterene
|-damage|p2a: Hatterene|0 fnt
|faint|p2a: Hatterene
|
|upkeep
|
|t:|1781093349
|switch|p2a: Ceruledge|Ceruledge, M|100/100
|turn|20
|
|t:|1781093360
|-terastallize|p1a: Aurum|Fairy
|move|p1a: Aurum|Shadow Ball|p2a: Ceruledge
|-supereffective|p2a: Ceruledge
|-enditem|p2a: Ceruledge|Focus Sash
|-damage|p2a: Ceruledge|1/100
|move|p2a: Ceruledge|Bitter Blade|p1a: Aurum
|-damage|p1a: Aurum|23/100
|-heal|p2a: Ceruledge|32/100|[from] drain|[of] p1a: Aurum
|
|upkeep
|turn|21
|inactive|Superhjkdetective has 120 seconds left.
|
|t:|1781093402
|move|p2a: Ceruledge|Shadow Sneak|p1a: Aurum
|-damage|p1a: Aurum|0 fnt
|faint|p1a: Aurum
|
|upkeep
|
|t:|1781093405
|switch|p1a: Takara Tomy|Great Tusk, shiny|100/100
|-enditem|p1a: Takara Tomy|Booster Energy
|-activate|p1a: Takara Tomy|ability: Protosynthesis|[fromitem]
|-start|p1a: Takara Tomy|protosynthesisspe
|turn|22
|inactive|Superhjkdetective has 120 seconds left.
|
|t:|1781093419
|move|p1a: Takara Tomy|Bulk Up|p1a: Takara Tomy
|-boost|p1a: Takara Tomy|atk|1
|-boost|p1a: Takara Tomy|def|1
|move|p2a: Ceruledge|Bitter Blade|p1a: Takara Tomy
|-damage|p1a: Takara Tomy|79/100
|-heal|p2a: Ceruledge|49/100|[from] drain|[of] p1a: Takara Tomy
|
|upkeep
|turn|23
|inactive|Superhjkdetective has 120 seconds left.
|
|t:|1781093432
|move|p1a: Takara Tomy|Bulk Up|p1a: Takara Tomy
|-boost|p1a: Takara Tomy|atk|1
|-boost|p1a: Takara Tomy|def|1
|move|p2a: Ceruledge|Bitter Blade|p1a: Takara Tomy
|-damage|p1a: Takara Tomy|63/100
|-heal|p2a: Ceruledge|61/100|[from] drain|[of] p1a: Takara Tomy
|
|upkeep
|turn|24
|
|t:|1781093437
|move|p1a: Takara Tomy|Headlong Rush|p2a: Ceruledge
|-supereffective|p2a: Ceruledge
|-damage|p2a: Ceruledge|0 fnt
|-unboost|p1a: Takara Tomy|def|1
|-unboost|p1a: Takara Tomy|spd|1
|faint|p2a: Ceruledge
|
|upkeep
|
|t:|1781093438
|switch|p2a: Ninetales|Ninetales, M|76/100
|-weather|SunnyDay|[from] ability: Drought|[of] p2a: Ninetales
|turn|25
|
|t:|1781093442
|-terastallize|p2a: Ninetales|Ghost
|move|p1a: Takara Tomy|Headlong Rush|p2a: Ninetales
|-damage|p2a: Ninetales|0 fnt
|-unboost|p1a: Takara Tomy|def|1
|-unboost|p1a: Takara Tomy|spd|1
|faint|p2a: Ninetales
|
|win|agape boy
|raw|agape boy's rating: 1492 &rarr; <strong>1516</strong><br />(+24 for winning)
|raw|Superhjkdetective's rating: 1563 &rarr; <strong>1539</strong><br />(-24 for losing)
|l|☆agape boy
|player|p1|
|l|☆Superhjkdetective
|player|p2|
