|j|☆KurisuChestnutLab
|j|☆Gunkip
|t:|1781137183
|gametype|singles
|player|p1|KurisuChestnutLab|may-contest|1656
|player|p2|Gunkip|zinnia|1635
|gen|9
|tier|[Gen 9] OU
|rated|
|rule|HP Percentage Mod: HP is shown in percentages
|rule|Endless Battle Clause: Forcing endless battles is banned
|rule|Species Clause: Limit one of each Pokémon
|rule|OHKO Clause: OHKO moves are banned
|rule|Evasion Items Clause: Evasion items are banned
|rule|Evasion Moves Clause: Evasion moves are banned
|rule|Evasion Abilities Clause: Evasion abilities are banned
|rule|Sleep Moves Clause: Sleep-inducing moves are banned
|clearpoke
|poke|p1|Zamazenta-*|
|poke|p1|Zapdos|
|poke|p1|Garganacl, F|
|poke|p1|Clefable, F|
|poke|p1|Samurott-Hisui, F|
|poke|p1|Gholdengo|
|poke|p2|Regieleki|
|poke|p2|Grafaiai, M|
|poke|p2|Corviknight, F|
|poke|p2|Zamazenta-*|
|poke|p2|Alomomola, M|
|poke|p2|Gliscor, M|
|teampreview
|inactive|Battle timer is ON: inactive players will automatically lose when time's up. (requested by KurisuChestnutLab)
|
|t:|1781137202
|teamsize|p1|6
|teamsize|p2|6
|start
|switch|p1a: Zamazenta|Zamazenta|100/100
|switch|p2a: Grafaiai|Grafaiai, M|100/100
|-ability|p1a: Zamazenta|Dauntless Shield|boost
|-boost|p1a: Zamazenta|def|1
|turn|1
|
|t:|1781137210
|switch|p1a: Samurott|Samurott-Hisui, F|100/100
|move|p2a: Grafaiai|Toxic|p1a: Samurott
|-hint|Since gen 7, Dark is immune to Prankster moves.
|-immune|p1a: Samurott
|
|upkeep
|turn|2
|
|t:|1781137217
|move|p1a: Samurott|Ceaseless Edge|p2a: Grafaiai
|-damage|p2a: Grafaiai|34/100
|-sidestart|p2: Gunkip|Spikes
|move|p2a: Grafaiai|U-turn|p1a: Samurott
|-supereffective|p1a: Samurott
|-damage|p1a: Samurott|59/100
|
|t:|1781137226
|switch|p2a: Corviknight|Corviknight, F|100/100|[from] U-turn
|-ability|p2a: Corviknight|Pressure
|
|upkeep
|turn|3
|
|t:|1781137230
|switch|p1a: Gholdengo|Gholdengo|100/100
|move|p2a: Corviknight|Defog|p1a: Gholdengo
|-immune|p1a: Gholdengo|[from] ability: Good as Gold
|
|upkeep
|turn|4
|
|t:|1781137237
|move|p1a: Gholdengo|Shadow Ball|p2a: Corviknight
|-damage|p2a: Corviknight|59/100
|move|p2a: Corviknight|U-turn|p1a: Gholdengo
|-resisted|p1a: Gholdengo
|-damage|p1a: Gholdengo|97/100
|
|t:|1781137250
|switch|p2a: Grafaiai|Grafaiai, M|34/100|[from] U-turn
|-damage|p2a: Grafaiai|21/100|[from] Spikes
|
|upkeep
|turn|5
|
|t:|1781137260
|switch|p1a: Zamazenta|Zamazenta|100/100
|move|p2a: Grafaiai|U-turn|p1a: Zamazenta
|-resisted|p1a: Zamazenta
|-damage|p1a: Zamazenta|94/100
|
|t:|1781137267
|switch|p2a: Gliscor|Gliscor, M|100/100|[from] U-turn
|
|-heal|p1a: Zamazenta|100/100|[from] item: Leftovers
|-status|p2a: Gliscor|tox|[from] item: Toxic Orb
|upkeep
|turn|6
|
|t:|1781137279
|move|p1a: Zamazenta|Iron Defense|p1a: Zamazenta
|-boost|p1a: Zamazenta|def|2
|move|p2a: Gliscor|Knock Off|p1a: Zamazenta
|-resisted|p1a: Zamazenta
|-damage|p1a: Zamazenta|96/100
|-enditem|p1a: Zamazenta|Leftovers|[from] move: Knock Off|[of] p2a: Gliscor
|
|upkeep
|turn|7
|
|t:|1781137286
|switch|p2a: Grafaiai|Grafaiai, M|21/100
|-damage|p2a: Grafaiai|9/100|[from] Spikes
|move|p1a: Zamazenta|Iron Defense|p1a: Zamazenta
|-boost|p1a: Zamazenta|def|2
|
|upkeep
|turn|8
|
|t:|1781137296
|move|p2a: Grafaiai|Encore|p1a: Zamazenta
|-start|p1a: Zamazenta|Encore
|move|p1a: Zamazenta|Iron Defense|p1a: Zamazenta
|-boost|p1a: Zamazenta|def|2
|
|upkeep
|turn|9
|
|t:|1781137301
|switch|p1a: Zapdos|Zapdos|100/100
|move|p2a: Grafaiai|U-turn|p1a: Zapdos
|-resisted|p1a: Zapdos
|-damage|p1a: Zapdos|95/100
|
|t:|1781137322
|switch|p2a: Regieleki|Regieleki|100/100|[from] U-turn
|-damage|p2a: Regieleki|88/100|[from] Spikes
|
|upkeep
|turn|10
|
|t:|1781137332
|move|p2a: Regieleki|Thunderbolt|p1a: Zapdos
|-damage|p1a: Zapdos|18/100
|move|p1a: Zapdos|Hurricane|p2a: Regieleki|[miss]
|-miss|p1a: Zapdos|p2a: Regieleki
|
|upkeep
|turn|11
|
|t:|1781137336
|switch|p1a: Garganacl|Garganacl, F|100/100
|move|p2a: Regieleki|Thunderbolt|p1a: Garganacl
|-damage|p1a: Garganacl|49/100
|
|-heal|p1a: Garganacl|55/100|[from] item: Leftovers
|upkeep
|turn|12
|
|t:|1781137339
|move|p2a: Regieleki|Thunderbolt|p1a: Garganacl
|-damage|p1a: Garganacl|0 fnt
|faint|p1a: Garganacl
|
|upkeep
|
|t:|1781137343
|switch|p1a: Zamazenta|Zamazenta|96/100
|turn|13
|
|t:|1781137347
|switch|p1a: Zapdos|Zapdos|18/100
|move|p2a: Regieleki|Thunderbolt|p1a: Zapdos
|-damage|p1a: Zapdos|0 fnt
|faint|p1a: Zapdos
|
|upkeep
|
|t:|1781137350
|switch|p1a: Zamazenta|Zamazenta|96/100
|turn|14
|
|t:|1781137371
|move|p2a: Regieleki|Thunderbolt|p1a: Zamazenta
|-damage|p1a: Zamazenta|26/100
|move|p1a: Zamazenta|Body Press|p2a: Regieleki
|-damage|p2a: Regieleki|17/100
|
|upkeep
|turn|15
|
|t:|1781137376
|move|p2a: Regieleki|Thunderbolt|p1a: Zamazenta
|-damage|p1a: Zamazenta|0 fnt
|faint|p1a: Zamazenta
|
|upkeep
|
|t:|1781137380
|switch|p1a: Samurott|Samurott-Hisui, F|59/100
|turn|16
|
|t:|1781137385
|move|p1a: Samurott|Sucker Punch|p2a: Regieleki
|-damage|p2a: Regieleki|0 fnt
|faint|p2a: Regieleki
|
|upkeep
|
|t:|1781137394
|switch|p2a: Gliscor|Gliscor, M|100/100 tox
|turn|17
|
|t:|1781137397
|switch|p1a: Clefable|Clefable, F|100/100
|move|p2a: Gliscor|Swords Dance|p2a: Gliscor
|-boost|p2a: Gliscor|atk|2
|
|upkeep
|turn|18
|
|t:|1781137401
|move|p2a: Gliscor|Earthquake|p1a: Clefable
|-damage|p1a: Clefable|76/100
|move|p1a: Clefable|Moonblast|p2a: Gliscor
|-damage|p2a: Gliscor|73/100 tox
|
|-heal|p2a: Gliscor|85/100 tox|[from] ability: Poison Heal
|upkeep
|turn|19
|
|t:|1781137409
|move|p2a: Gliscor|Knock Off|p1a: Clefable
|-resisted|p1a: Clefable
|-damage|p1a: Clefable|69/100
|-enditem|p1a: Clefable|Heavy-Duty Boots|[from] move: Knock Off|[of] p2a: Gliscor
|move|p1a: Clefable|Moonblast|p2a: Gliscor
|-damage|p2a: Gliscor|54/100 tox
|-unboost|p2a: Gliscor|spa|1
|
|-heal|p2a: Gliscor|67/100 tox|[from] ability: Poison Heal
|upkeep
|turn|20
|
|t:|1781137415
|move|p2a: Gliscor|Earthquake|p1a: Clefable
|-damage|p1a: Clefable|44/100
|move|p1a: Clefable|Moonblast|p2a: Gliscor
|-damage|p2a: Gliscor|36/100 tox
|
|-heal|p2a: Gliscor|49/100 tox|[from] ability: Poison Heal
|upkeep
|turn|21
|
|t:|1781137421
|move|p2a: Gliscor|Earthquake|p1a: Clefable
|-damage|p1a: Clefable|17/100
|move|p1a: Clefable|Moonlight|p1a: Clefable
|-heal|p1a: Clefable|67/100
|
|-heal|p2a: Gliscor|61/100 tox|[from] ability: Poison Heal
|upkeep
|turn|22
|
|t:|1781137426
|move|p2a: Gliscor|Protect|p2a: Gliscor
|-singleturn|p2a: Gliscor|Protect
|move|p1a: Clefable|Moonblast|p2a: Gliscor
|-activate|p2a: Gliscor|move: Protect
|
|-heal|p2a: Gliscor|74/100 tox|[from] ability: Poison Heal
|upkeep
|turn|23
|
|t:|1781137433
|move|p2a: Gliscor|Earthquake|p1a: Clefable
|-damage|p1a: Clefable|44/100
|move|p1a: Clefable|Moonblast|p2a: Gliscor
|-damage|p2a: Gliscor|42/100 tox
|
|-heal|p2a: Gliscor|54/100 tox|[from] ability: Poison Heal
|upkeep
|turn|24
|
|t:|1781137439
|switch|p2a: Corviknight|Corviknight, F|59/100
|-ability|p2a: Corviknight|Pressure
|move|p1a: Clefable|Moonlight|p1a: Clefable
|-heal|p1a: Clefable|94/100
|
|upkeep
|turn|25
|
|t:|1781137448
|switch|p2a: Zamazenta|Zamazenta|100/100
|-damage|p2a: Zamazenta|88/100|[from] Spikes
|-ability|p2a: Zamazenta|Dauntless Shield|boost
|-boost|p2a: Zamazenta|def|1
|move|p1a: Clefable|Moonblast|p2a: Zamazenta
|-supereffective|p2a: Zamazenta
|-damage|p2a: Zamazenta|32/100
|
|upkeep
|turn|26
|
|t:|1781137458
|move|p2a: Zamazenta|Heavy Slam|p1a: Clefable
|-supereffective|p1a: Clefable
|-damage|p1a: Clefable|0 fnt
|faint|p1a: Clefable
|
|upkeep
|
|t:|1781137463
|switch|p1a: Gholdengo|Gholdengo|97/100
|turn|27
|
|t:|1781137468
|switch|p2a: Grafaiai|Grafaiai, M|9/100
|-damage|p2a: Grafaiai|0 fnt|[from] Spikes
|faint|p2a: Grafaiai
|move|p1a: Gholdengo|Shadow Ball|p2: Grafaiai|[notarget]
|-fail|p1a: Gholdengo
|
|upkeep
|
|t:|1781137481
|switch|p2a: Alomomola|Alomomola, M|100/100
|-damage|p2a: Alomomola|88/100|[from] Spikes
|turn|28
|
|t:|1781137485
|move|p1a: Gholdengo|Shadow Ball|p2a: Alomomola
|-damage|p2a: Alomomola|69/100
|move|p2a: Alomomola|Mirror Coat|p1a: Gholdengo
|-damage|p1a: Gholdengo|31/100
|
|upkeep
|turn|29
|
|t:|1781137493
|switch|p1a: Samurott|Samurott-Hisui, F|59/100
|move|p2a: Alomomola|Flip Turn|p1a: Samurott
|-resisted|p1a: Samurott
|-damage|p1a: Samurott|48/100
|
|t:|1781137497
|switch|p2a: Corviknight|Corviknight, F|59/100|[from] Flip Turn
|-ability|p2a: Corviknight|Pressure
|
|upkeep
|turn|30
|
|t:|1781137504
|switch|p1a: Gholdengo|Gholdengo|31/100
|move|p2a: Corviknight|Roost|p2a: Corviknight
|-heal|p2a: Corviknight|100/100
|-singleturn|p2a: Corviknight|move: Roost
|
|upkeep
|turn|31
|
|t:|1781137508
|move|p1a: Gholdengo|Shadow Ball|p2a: Corviknight
|-damage|p2a: Corviknight|59/100
|-unboost|p2a: Corviknight|spd|1
|move|p2a: Corviknight|Brave Bird|p1a: Gholdengo
|-resisted|p1a: Gholdengo
|-damage|p1a: Gholdengo|10/100
|-damage|p2a: Corviknight|54/100|[from] Recoil
|
|upkeep
|turn|32
|
|t:|1781137523
|switch|p1a: Samurott|Samurott-Hisui, F|48/100
|switch|p2a: Alomomola|Alomomola, M|100/100
|-damage|p2a: Alomomola|88/100|[from] Spikes
|
|upkeep
|turn|33
|j| Puyu paz
|
|t:|1781137530
|move|p1a: Samurott|Razor Shell|p2a: Alomomola
|-resisted|p2a: Alomomola
|-damage|p2a: Alomomola|70/100
|-unboost|p2a: Alomomola|def|1
|move|p2a: Alomomola|Flip Turn|p1a: Samurott
|-resisted|p1a: Samurott
|-damage|p1a: Samurott|38/100
|
|t:|1781137537
|switch|p2a: Corviknight|Corviknight, F|54/100|[from] Flip Turn
|-ability|p2a: Corviknight|Pressure
|
|upkeep
|turn|34
|
|t:|1781137545
|-terastallize|p1a: Samurott|Dark
|move|p1a: Samurott|Razor Shell|p2a: Corviknight
|-damage|p2a: Corviknight|20/100
|-unboost|p2a: Corviknight|def|1
|-damage|p1a: Samurott|22/100|[from] item: Rocky Helmet|[of] p2a: Corviknight
|move|p2a: Corviknight|U-turn|p1a: Samurott
|-supereffective|p1a: Samurott
|-damage|p1a: Samurott|0 fnt
|faint|p1a: Samurott
|
|t:|1781137551
|switch|p2a: Zamazenta|Zamazenta|32/100|[from] U-turn
|-damage|p2a: Zamazenta|20/100|[from] Spikes
|
|upkeep
|
|t:|1781137556
|switch|p1a: Gholdengo|Gholdengo|10/100
|turn|35
|
|t:|1781137560
|move|p1a: Gholdengo|Make It Rain|p2a: Zamazenta
|-crit|p2a: Zamazenta
|-damage|p2a: Zamazenta|0 fnt
|-unboost|p1a: Gholdengo|spa|1
|faint|p2a: Zamazenta
|
|upkeep
|
|t:|1781137565
|switch|p2a: Alomomola|Alomomola, M|100/100
|-damage|p2a: Alomomola|88/100|[from] Spikes
|turn|36
|
|t:|1781137572
|move|p1a: Gholdengo|Make It Rain|p2a: Alomomola
|-resisted|p2a: Alomomola
|-damage|p2a: Alomomola|78/100
|-unboost|p1a: Gholdengo|spa|1
|move|p2a: Alomomola|Scald|p1a: Gholdengo
|-damage|p1a: Gholdengo|0 fnt
|faint|p1a: Gholdengo
|
|win|Gunkip
|raw|KurisuChestnutLab's rating: 1670 &rarr; <strong>1648</strong><br />(-22 for losing)
|raw|Gunkip's rating: 1635 &rarr; <strong>1657</strong><br />(+22 for winning)
|l|☆KurisuChestnutLab
|player|p1|
|l| Puyu paz
|l|☆Gunkip
|player|p2|
