|j|☆rekjllj
|j|☆Drakolise
|t:|1781262896
|gametype|singles
|player|p1|rekjllj|169|1554
|player|p2|Drakolise|anabel|1559
|gen|9
|tier|[Gen 9] OU
|rated|
|rule|HP Percentage Mod: HP is shown in percentages
|rule|Endless Battle Clause: Forcing endless battles is banned
|rule|Species Clause: Limit one of each Pokémon
|rule|OHKO Clause: OHKO moves are banned
|rule|Evasion Items Clause: Evasion items are banned
|rule|Evasion Moves Clause: Evasion moves are banned
|rule|Evasion Abilities Clause: Evasion abilities are banned
|rule|Sleep Moves Clause: Sleep-inducing moves are banned
|clearpoke
|poke|p1|Walking Wake|
|poke|p1|Great Tusk|
|poke|p1|Ninetales, F|
|poke|p1|Cresselia, F|
|poke|p1|Zarude|
|poke|p1|Ceruledge, M|
|poke|p2|Darkrai|
|poke|p2|Ogerpon-Wellspring, F|
|poke|p2|Slowking-Galar, F|
|poke|p2|Kingambit, F|
|poke|p2|Great Tusk|
|poke|p2|Gholdengo|
|teampreview
|c|☆rekjllj|hf
|inactive|Battle timer is ON: inactive players will automatically lose when time's up. (requested by rekjllj)
|
|t:|1781262931
|teamsize|p1|6
|teamsize|p2|6
|start
|switch|p1a: Ceruledge|Ceruledge, M|100/100
|switch|p2a: Darkrai|Darkrai|100/100
|turn|1
|
|t:|1781262935
|-terastallize|p1a: Ceruledge|Fairy
|move|p2a: Darkrai|Trick|p1a: Ceruledge
|-activate|p2a: Darkrai|move: Trick|[of] p1a: Ceruledge
|-item|p1a: Ceruledge|Choice Scarf|[from] move: Trick
|-item|p2a: Darkrai|Focus Sash|[from] move: Trick
|move|p1a: Ceruledge|Bitter Blade|p2a: Darkrai
|-crit|p2a: Darkrai
|-enditem|p2a: Darkrai|Focus Sash
|-damage|p2a: Darkrai|1/100
|
|upkeep
|turn|2
|j| yuureisuisei
|
|t:|1781262946
|move|p1a: Ceruledge|Bitter Blade|p2a: Darkrai
|-damage|p2a: Darkrai|0 fnt
|faint|p2a: Darkrai
|
|upkeep
|
|t:|1781262954
|switch|p2a: Great Tusk|Great Tusk|100/100
|turn|3
|
|t:|1781262958
|move|p1a: Ceruledge|Bitter Blade|p2a: Great Tusk
|-damage|p2a: Great Tusk|64/100
|move|p2a: Great Tusk|Rapid Spin|p1a: Ceruledge
|-damage|p1a: Ceruledge|74/100
|-boost|p2a: Great Tusk|spe|1
|-ability|p1a: Ceruledge|Weak Armor|boost
|-unboost|p1a: Ceruledge|def|1
|-boost|p1a: Ceruledge|spe|2
|
|upkeep
|turn|4
|
|t:|1781262964
|switch|p1a: Cresselia|Cresselia, F|100/100
|move|p2a: Great Tusk|Headlong Rush|p1a: Cresselia
|-immune|p1a: Cresselia|[from] ability: Levitate
|
|upkeep
|turn|5
|
|t:|1781262968
|move|p2a: Great Tusk|Stealth Rock|p1a: Cresselia
|-sidestart|p1: rekjllj|move: Stealth Rock
|move|p1a: Cresselia|Psychic|p2a: Great Tusk
|-supereffective|p2a: Great Tusk
|-damage|p2a: Great Tusk|0 fnt
|faint|p2a: Great Tusk
|-end|p2a: Great Tusk|Protosynthesis|[silent]
|
|upkeep
|
|t:|1781262975
|switch|p2a: Ogerpon|Ogerpon-Wellspring, F|100/100
|turn|6
|
|t:|1781262980
|move|p2a: Ogerpon|U-turn|p1a: Cresselia
|-supereffective|p1a: Cresselia
|-damage|p1a: Cresselia|70/100
|-enditem|p1a: Cresselia|Eject Button
|l| yuureisuisei
|
|t:|1781262984
|switch|p1a: Ceruledge|Ceruledge, M, tera:Fairy|74/100
|-damage|p1a: Ceruledge|62/100|[from] Stealth Rock
|
|upkeep
|turn|7
|
|t:|1781262999
|-terastallize|p2a: Ogerpon|Water
|detailschange|p2a: Ogerpon|Ogerpon-Wellspring-Tera, F, tera:Water
|-ability|p2a: Ogerpon|Embody Aspect (Wellspring)|boost
|-boost|p2a: Ogerpon|spd|1
|move|p1a: Ceruledge|Poltergeist|p2a: Ogerpon
|-activate|p2a: Ogerpon|move: Poltergeist|Wellspring Mask
|-crit|p2a: Ogerpon
|-damage|p2a: Ogerpon|0 fnt
|faint|p2a: Ogerpon
|detailschange|p2: Ogerpon|Ogerpon-Wellspring, F|[silent]
|
|upkeep
|
|t:|1781263010
|switch|p2a: Kingambit|Kingambit, F, shiny|100/100
|-activate|p2a: Kingambit|ability: Supreme Overlord
|-start|p2a: Kingambit|fallen3|[silent]
|turn|8
|
|t:|1781263017
|switch|p1a: Great Tusk|Great Tusk|100/100
|-damage|p1a: Great Tusk|97/100|[from] Stealth Rock
|move|p2a: Kingambit|Low Kick|p1a: Great Tusk
|-damage|p1a: Great Tusk|53/100
|
|upkeep
|turn|9
|
|t:|1781263022
|-end|p2a: Kingambit|fallen3|[silent]
|switch|p2a: Gholdengo|Gholdengo, shiny|100/100
|-item|p2a: Gholdengo|Air Balloon
|move|p1a: Great Tusk|Headlong Rush|p2a: Gholdengo
|-immune|p2a: Gholdengo
|
|upkeep
|turn|10
|
|t:|1781263029
|switch|p2a: Kingambit|Kingambit, F, shiny|100/100
|-activate|p2a: Kingambit|ability: Supreme Overlord
|-start|p2a: Kingambit|fallen3|[silent]
|move|p1a: Great Tusk|Ice Spinner|p2a: Kingambit
|-resisted|p2a: Kingambit
|-damage|p2a: Kingambit|89/100
|
|upkeep
|turn|11
|
|t:|1781263034
|-end|p2a: Kingambit|fallen3|[silent]
|switch|p2a: Gholdengo|Gholdengo, shiny|100/100
|-item|p2a: Gholdengo|Air Balloon
|move|p1a: Great Tusk|Headlong Rush|p2a: Gholdengo
|-immune|p2a: Gholdengo
|
|upkeep
|turn|12
|
|t:|1781263037
|move|p1a: Great Tusk|Ice Spinner|p2a: Gholdengo
|-resisted|p2a: Gholdengo
|-damage|p2a: Gholdengo|89/100
|-enditem|p2a: Gholdengo|Air Balloon
|move|p2a: Gholdengo|Make It Rain|p1a: Great Tusk
|-damage|p1a: Great Tusk|0 fnt
|-unboost|p2a: Gholdengo|spa|1
|faint|p1a: Great Tusk
|-end|p1a: Great Tusk|Protosynthesis|[silent]
|
|upkeep
|
|t:|1781263042
|switch|p1a: Zarude|Zarude|100/100
|-damage|p1a: Zarude|88/100|[from] Stealth Rock
|turn|13
|
|t:|1781263045
|switch|p2a: Slowking|Slowking-Galar, F, shiny|100/100
|move|p1a: Zarude|Swords Dance|p1a: Zarude
|-boost|p1a: Zarude|atk|2
|
|-heal|p1a: Zarude|94/100|[from] item: Leftovers
|upkeep
|turn|14
|
|t:|1781263049
|move|p1a: Zarude|Knock Off|p2a: Slowking
|-supereffective|p2a: Slowking
|-damage|p2a: Slowking|0 fnt
|-enditem|p2a: Slowking|Heavy-Duty Boots|[from] move: Knock Off|[of] p1a: Zarude
|faint|p2a: Slowking
|
|-heal|p1a: Zarude|100/100|[from] item: Leftovers
|upkeep
|
|t:|1781263051
|switch|p2a: Kingambit|Kingambit, F, shiny|89/100
|-activate|p2a: Kingambit|ability: Supreme Overlord
|-start|p2a: Kingambit|fallen4|[silent]
|turn|15
|
|t:|1781263055
|move|p1a: Zarude|Power Whip|p2a: Kingambit
|-resisted|p2a: Kingambit
|-damage|p2a: Kingambit|43/100
|move|p2a: Kingambit|Low Kick|p1a: Zarude
|-supereffective|p1a: Zarude
|-damage|p1a: Zarude|24/100
|
|-heal|p1a: Zarude|30/100|[from] item: Leftovers
|upkeep
|turn|16
|
|t:|1781263062
|move|p2a: Kingambit|Sucker Punch|p1a: Zarude
|-resisted|p1a: Zarude
|-damage|p1a: Zarude|1/100
|move|p1a: Zarude|Power Whip|p2a: Kingambit
|-resisted|p2a: Kingambit
|-damage|p2a: Kingambit|0 fnt
|faint|p2a: Kingambit
|-end|p2a: Kingambit|fallen4|[silent]
|
|-heal|p1a: Zarude|7/100|[from] item: Leftovers
|upkeep
|-message|Drakolise forfeited.
|
|win|rekjllj
|raw|rekjllj's rating: 1554 &rarr; <strong>1574</strong><br />(+20 for winning)
|raw|Drakolise's rating: 1559 &rarr; <strong>1539</strong><br />(-20 for losing)
|c|☆rekjllj|gg
|l|☆Drakolise
|player|p2|
