|j|☆rekjllj
|j|☆hypervortex7
|t:|1781263875
|gametype|singles
|player|p1|rekjllj|169|1632
|player|p2|hypervortex7|102|1681
|gen|9
|tier|[Gen 9] OU
|rated|
|rule|HP Percentage Mod: HP is shown in percentages
|rule|Endless Battle Clause: Forcing endless battles is banned
|rule|Species Clause: Limit one of each Pokémon
|rule|OHKO Clause: OHKO moves are banned
|rule|Evasion Items Clause: Evasion items are banned
|rule|Evasion Moves Clause: Evasion moves are banned
|rule|Evasion Abilities Clause: Evasion abilities are banned
|rule|Sleep Moves Clause: Sleep-inducing moves are banned
|clearpoke
|poke|p1|Walking Wake|
|poke|p1|Great Tusk|
|poke|p1|Ninetales, F|
|poke|p1|Cresselia, F|
|poke|p1|Zarude|
|poke|p1|Ceruledge, M|
|poke|p2|Dragonite, F|
|poke|p2|Scizor, M|
|poke|p2|Corviknight, F|
|poke|p2|Zamazenta-*|
|poke|p2|Iron Moth|
|poke|p2|Ogerpon-Wellspring, F|
|teampreview
|
|t:|1781263882
|teamsize|p1|6
|teamsize|p2|6
|start
|switch|p1a: Great Tusk|Great Tusk|100/100
|switch|p2a: Dragonite|Dragonite, F|100/100
|turn|1
|c|☆rekjllj|hf
|inactive|Battle timer is ON: inactive players will automatically lose when time's up. (requested by rekjllj)
|inactive|hypervortex7 has 120 seconds left.
|
|t:|1781263927
|move|p1a: Great Tusk|Ice Spinner|p2a: Dragonite
|-supereffective|p2a: Dragonite
|-damage|p2a: Dragonite|34/100
|move|p2a: Dragonite|Dragon Dance|p2a: Dragonite
|-boost|p2a: Dragonite|atk|1
|-boost|p2a: Dragonite|spe|1
|
|upkeep
|turn|2
|
|t:|1781263932
|move|p2a: Dragonite|Outrage|p1a: Great Tusk
|-damage|p1a: Great Tusk|23/100
|move|p1a: Great Tusk|Ice Spinner|p2a: Dragonite
|-supereffective|p2a: Dragonite
|-damage|p2a: Dragonite|0 fnt
|faint|p2a: Dragonite
|
|upkeep
|
|t:|1781263948
|switch|p2a: Scizor|Scizor, M|100/100
|turn|3
|
|t:|1781263952
|move|p1a: Great Tusk|Close Combat|p2a: Scizor
|-damage|p2a: Scizor|26/100
|-unboost|p1a: Great Tusk|def|1
|-unboost|p1a: Great Tusk|spd|1
|move|p2a: Scizor|Swords Dance|p2a: Scizor
|-boost|p2a: Scizor|atk|2
|
|upkeep
|turn|4
|
|t:|1781263961
|-end|p1a: Great Tusk|Protosynthesis|[silent]
|switch|p1a: Walking Wake|Walking Wake|100/100
|move|p2a: Scizor|Bullet Punch|p1a: Walking Wake
|-resisted|p1a: Walking Wake
|-damage|p1a: Walking Wake|51/100
|-damage|p2a: Scizor|16/100|[from] item: Life Orb
|
|upkeep
|turn|5
|
|t:|1781263966
|move|p2a: Scizor|Quick Attack|p1a: Walking Wake
|-damage|p1a: Walking Wake|0 fnt
|faint|p1a: Walking Wake
|-end|p1a: Walking Wake|Protosynthesis|[silent]
|-damage|p2a: Scizor|6/100|[from] item: Life Orb
|
|upkeep
|
|t:|1781263968
|switch|p1a: Cresselia|Cresselia, F|100/100
|turn|6
|
|t:|1781263977
|move|p1a: Cresselia|Moonlight|p1a: Cresselia
|-fail|p1a: Cresselia|heal
|move|p2a: Scizor|Knock Off|p1a: Cresselia
|-supereffective|p1a: Cresselia
|-damage|p1a: Cresselia|0 fnt
|-enditem|p1a: Cresselia|Eject Button|[from] move: Knock Off|[of] p2a: Scizor
|faint|p1a: Cresselia
|-damage|p2a: Scizor|0 fnt|[from] item: Life Orb
|faint|p2a: Scizor
|
|upkeep
|
|t:|1781263981
|switch|p1a: Ceruledge|Ceruledge, M|100/100
|switch|p2a: Iron Moth|Iron Moth|100/100
|-enditem|p2a: Iron Moth|Booster Energy
|-activate|p2a: Iron Moth|ability: Quark Drive|[fromitem]
|-start|p2a: Iron Moth|quarkdrivespa
|turn|7
|
|t:|1781263985
|move|p2a: Iron Moth|Sludge Wave|p1a: Ceruledge
|-resisted|p1a: Ceruledge
|-damage|p1a: Ceruledge|64/100
|move|p1a: Ceruledge|Bitter Blade|p2a: Iron Moth
|-resisted|p2a: Iron Moth
|-crit|p2a: Iron Moth
|-damage|p2a: Iron Moth|40/100
|-heal|p1a: Ceruledge|95/100|[from] drain|[of] p2a: Iron Moth
|
|upkeep
|turn|8
|
|t:|1781263990
|move|p2a: Iron Moth|Sludge Wave|p1a: Ceruledge
|-resisted|p1a: Ceruledge
|-damage|p1a: Ceruledge|52/100
|move|p1a: Ceruledge|Bitter Blade|p2a: Iron Moth
|-resisted|p2a: Iron Moth
|-damage|p2a: Iron Moth|0 fnt
|-heal|p1a: Ceruledge|73/100|[from] drain|[of] p2a: Iron Moth
|faint|p2a: Iron Moth
|-end|p2a: Iron Moth|Quark Drive|[silent]
|
|upkeep
|
|t:|1781263993
|switch|p2a: Ogerpon|Ogerpon-Wellspring, F|100/100
|turn|9
|
|t:|1781263997
|switch|p1a: Zarude|Zarude|100/100
|move|p2a: Ogerpon|Ivy Cudgel|p1a: Zarude|[anim] Ivy Cudgel Water
|-resisted|p1a: Zarude
|-damage|p1a: Zarude|75/100
|
|-heal|p1a: Zarude|82/100|[from] item: Leftovers
|upkeep
|turn|10
|
|t:|1781264002
|move|p2a: Ogerpon|Trailblaze|p1a: Zarude
|-resisted|p1a: Zarude
|-damage|p1a: Zarude|68/100
|-boost|p2a: Ogerpon|spe|1
|move|p1a: Zarude|Swords Dance|p1a: Zarude
|-boost|p1a: Zarude|atk|2
|
|-heal|p1a: Zarude|74/100|[from] item: Leftovers
|upkeep
|turn|11
|
|t:|1781264006
|move|p2a: Ogerpon|Encore|p1a: Zarude
|-start|p1a: Zarude|Encore
|move|p1a: Zarude|Swords Dance|p1a: Zarude
|-boost|p1a: Zarude|atk|2
|
|-heal|p1a: Zarude|80/100|[from] item: Leftovers
|upkeep
|turn|12
|
|t:|1781264008
|switch|p1a: Ninetales|Ninetales, F|100/100
|-weather|SunnyDay|[from] ability: Drought|[of] p1a: Ninetales
|move|p2a: Ogerpon|Swords Dance|p2a: Ogerpon
|-boost|p2a: Ogerpon|atk|2
|
|-weather|SunnyDay|[upkeep]
|upkeep
|turn|13
|
|t:|1781264012
|switch|p1a: Zarude|Zarude|80/100
|move|p2a: Ogerpon|Ivy Cudgel|p1a: Zarude|[anim] Ivy Cudgel Water
|-resisted|p1a: Zarude
|-damage|p1a: Zarude|52/100
|
|-weather|SunnyDay|[upkeep]
|-heal|p1a: Zarude|58/100|[from] item: Leftovers
|upkeep
|turn|14
|
|t:|1781264016
|move|p2a: Ogerpon|Ivy Cudgel|p1a: Zarude|[anim] Ivy Cudgel Water
|-resisted|p1a: Zarude
|-damage|p1a: Zarude|31/100
|move|p1a: Zarude|Power Whip|p2a: Ogerpon|[miss]
|-miss|p1a: Zarude|p2a: Ogerpon
|
|-weather|SunnyDay|[upkeep]
|-heal|p1a: Zarude|37/100|[from] item: Leftovers
|upkeep
|turn|15
|l|☆rekjllj
|inactive|rekjllj disconnected and has a minute to reconnect!
|player|p1|
|
|t:|1781264025
|-terastallize|p2a: Ogerpon|Water
|detailschange|p2a: Ogerpon|Ogerpon-Wellspring-Tera, F, tera:Water
|-ability|p2a: Ogerpon|Embody Aspect (Wellspring)|boost
|-boost|p2a: Ogerpon|spd|1
|move|p2a: Ogerpon|Ivy Cudgel|p1a: Zarude|[anim] Ivy Cudgel Water
|-resisted|p1a: Zarude
|-damage|p1a: Zarude|3/100
|move|p1a: Zarude|Synthesis|p1a: Zarude
|-heal|p1a: Zarude|70/100
|
|-weather|SunnyDay|[upkeep]
|-heal|p1a: Zarude|76/100|[from] item: Leftovers
|upkeep
|turn|16
|inactive|rekjllj has 30 seconds to reconnect!
|inactive|rekjllj has 20 seconds to reconnect!
|inactive|rekjllj has 15 seconds to reconnect!
|inactive|rekjllj has 10 seconds to reconnect!
|inactive|rekjllj has 5 seconds to reconnect!
|-message|rekjllj lost due to inactivity.
|
|win|hypervortex7
|raw|rekjllj's rating: 1632 &rarr; <strong>1615</strong><br />(-17 for losing)
|raw|hypervortex7's rating: 1681 &rarr; <strong>1698</strong><br />(+17 for winning)
|l|☆hypervortex7
|player|p2|
