|j|☆volc1877
|j|☆Dat boii fam
|t:|1781529774
|gametype|singles
|player|p1|volc1877|2|1615
|player|p2|Dat boii fam|li|1573
|gen|9
|tier|[Gen 9] OU
|rated|
|rule|HP Percentage Mod: HP is shown in percentages
|rule|Endless Battle Clause: Forcing endless battles is banned
|rule|Species Clause: Limit one of each Pokémon
|rule|OHKO Clause: OHKO moves are banned
|rule|Evasion Items Clause: Evasion items are banned
|rule|Evasion Moves Clause: Evasion moves are banned
|rule|Evasion Abilities Clause: Evasion abilities are banned
|rule|Sleep Moves Clause: Sleep-inducing moves are banned
|clearpoke
|poke|p1|Ninetales, F|
|poke|p1|Walking Wake|
|poke|p1|Pawmot, F|
|poke|p1|Comfey, M|
|poke|p1|Great Tusk|
|poke|p1|Tornadus-Therian, M|
|poke|p2|Alomomola, M|
|poke|p2|Landorus-Therian, M|
|poke|p2|Zapdos|
|poke|p2|Tornadus-Therian, M|
|poke|p2|Scizor, F|
|poke|p2|Amoonguss, F|
|teampreview
|j| IlikePelliper
|
|t:|1781529802
|teamsize|p1|6
|teamsize|p2|6
|start
|switch|p1a: Tornadus|Tornadus-Therian, M|100/100
|switch|p2a: Landorus|Landorus-Therian, M|100/100
|-ability|p2a: Landorus|Intimidate|boost
|-unboost|p1a: Tornadus|atk|1
|turn|1
|inactive|Battle timer is ON: inactive players will automatically lose when time's up. (requested by Dat boii fam)
|l| IlikePelliper
|
|t:|1781529808
|move|p2a: Landorus|Rock Slide|p1a: Tornadus
|-supereffective|p1a: Tornadus
|-damage|p1a: Tornadus|31/100
|cant|p1a: Tornadus|flinch
|
|upkeep
|turn|2
|
|t:|1781529813
|switch|p1a: Great Tusk|Great Tusk|100/100
|move|p2a: Landorus|Rock Slide|p1a: Great Tusk
|-resisted|p1a: Great Tusk
|-damage|p1a: Great Tusk|95/100
|
|upkeep
|turn|3
|
|t:|1781529820
|switch|p2a: Alomomola|Alomomola, M|100/100
|-end|p1a: Great Tusk|Protosynthesis|[silent]
|switch|p1a: Ninetales|Ninetales, F|100/100
|-weather|SunnyDay|[from] ability: Drought|[of] p1a: Ninetales
|
|-weather|SunnyDay|[upkeep]
|upkeep
|turn|4
|
|t:|1781529828
|switch|p1a: Walking Wake|Walking Wake|100/100
|-activate|p1a: Walking Wake|ability: Protosynthesis
|-start|p1a: Walking Wake|protosynthesisspa
|move|p2a: Alomomola|Flip Turn|p1a: Walking Wake
|-resisted|p1a: Walking Wake
|-damage|p1a: Walking Wake|99/100
|
|t:|1781529840
|switch|p2a: Landorus|Landorus-Therian, M|100/100|[from] Flip Turn
|-ability|p2a: Landorus|Intimidate|boost
|-unboost|p1a: Walking Wake|atk|1
|
|-weather|SunnyDay|[upkeep]
|upkeep
|turn|5
|
|t:|1781529848
|move|p2a: Landorus|U-turn|p1a: Walking Wake
|-damage|p1a: Walking Wake|69/100
|
|t:|1781529851
|switch|p2a: Alomomola|Alomomola, M|100/100|[from] U-turn
|move|p1a: Walking Wake|Draco Meteor|p2a: Alomomola
|-damage|p2a: Alomomola|0 fnt
|-unboost|p1a: Walking Wake|spa|2
|faint|p2a: Alomomola
|
|-weather|SunnyDay|[upkeep]
|upkeep
|
|t:|1781529861
|switch|p2a: Landorus|Landorus-Therian, M|100/100
|-ability|p2a: Landorus|Intimidate|boost
|-unboost|p1a: Walking Wake|atk|1
|turn|6
|
|t:|1781529865
|-end|p1a: Walking Wake|Protosynthesis|[silent]
|switch|p1a: Tornadus|Tornadus-Therian, M|65/100
|move|p2a: Landorus|Rock Slide|p1a: Tornadus
|-supereffective|p1a: Tornadus
|-crit|p1a: Tornadus
|-damage|p1a: Tornadus|0 fnt
|faint|p1a: Tornadus
|
|-weather|SunnyDay|[upkeep]
|upkeep
|
|t:|1781529870
|switch|p1a: Walking Wake|Walking Wake|69/100
|-activate|p1a: Walking Wake|ability: Protosynthesis
|-start|p1a: Walking Wake|protosynthesisspa
|turn|7
|
|t:|1781529882
|switch|p2a: Zapdos|Zapdos|100/100
|move|p1a: Walking Wake|Hydro Steam|p2a: Zapdos
|-damage|p2a: Zapdos|0 fnt
|faint|p2a: Zapdos
|
|-weather|SunnyDay|[upkeep]
|upkeep
|
|t:|1781529888
|switch|p2a: Landorus|Landorus-Therian, M|100/100
|-ability|p2a: Landorus|Intimidate|boost
|-unboost|p1a: Walking Wake|atk|1
|turn|8
|
|t:|1781529898
|-terastallize|p2a: Landorus|Ground
|move|p2a: Landorus|Earthquake|p1a: Walking Wake
|-damage|p1a: Walking Wake|0 fnt
|faint|p1a: Walking Wake
|-end|p1a: Walking Wake|Protosynthesis|[silent]
|
|-weather|SunnyDay|[upkeep]
|upkeep
|
|t:|1781529903
|switch|p1a: Great Tusk|Great Tusk|95/100
|-activate|p1a: Great Tusk|ability: Protosynthesis
|-start|p1a: Great Tusk|protosynthesisspe
|turn|9
|
|t:|1781529913
|switch|p2a: Amoonguss|Amoonguss, F|100/100
|move|p1a: Great Tusk|Rapid Spin|p2a: Amoonguss
|-damage|p2a: Amoonguss|87/100
|-boost|p1a: Great Tusk|spe|1
|-damage|p1a: Great Tusk|79/100|[from] item: Rocky Helmet|[of] p2a: Amoonguss
|-damage|p1a: Great Tusk|69/100|[from] item: Life Orb
|
|-weather|SunnyDay|[upkeep]
|upkeep
|turn|10
|
|t:|1781529926
|-end|p1a: Great Tusk|Protosynthesis|[silent]
|switch|p1a: Pawmot|Pawmot, F|100/100
|move|p2a: Amoonguss|Giga Drain|p1a: Pawmot
|-damage|p1a: Pawmot|66/100
|-heal|p2a: Amoonguss|100/100|[from] drain|[of] p1a: Pawmot
|
|-weather|none
|upkeep
|turn|11
|
|t:|1781529933
|move|p1a: Pawmot|Revival Blessing|p1a: Pawmot
|-enditem|p1a: Pawmot|Leppa Berry|[eat]
|-activate|p1a: Pawmot|item: Leppa Berry|Revival Blessing|[consumed]
|
|t:|1781529936
|-heal|p1: Walking Wake|50/100|[from] move: Revival Blessing
|move|p2a: Amoonguss|Sludge Bomb|p1a: Pawmot
|-damage|p1a: Pawmot|24/100
|
|upkeep
|turn|12
|
|t:|1781529943
|move|p1a: Pawmot|Revival Blessing|p1a: Pawmot
|
|t:|1781529945
|-heal|p1: Tornadus|50/100|[from] move: Revival Blessing
|move|p2a: Amoonguss|Sludge Bomb|p1a: Pawmot
|-damage|p1a: Pawmot|0 fnt
|faint|p1a: Pawmot
|
|upkeep
|
|t:|1781529947
|switch|p1a: Ninetales|Ninetales, F|100/100
|-weather|SunnyDay|[from] ability: Drought|[of] p1a: Ninetales
|turn|13
|
|t:|1781529963
|switch|p2a: Tornadus|Tornadus-Therian, M|100/100
|move|p1a: Ninetales|Weather Ball|p2a: Tornadus
|-damage|p2a: Tornadus|46/100
|
|-weather|SunnyDay|[upkeep]
|upkeep
|turn|14
|
|t:|1781529971
|move|p2a: Tornadus|Bleakwind Storm|p1a: Ninetales|[miss]
|-miss|p2a: Tornadus|p1a: Ninetales
|move|p1a: Ninetales|Weather Ball|p2a: Tornadus
|-damage|p2a: Tornadus|0 fnt
|faint|p2a: Tornadus
|
|-weather|SunnyDay|[upkeep]
|upkeep
|
|t:|1781529979
|switch|p2a: Landorus|Landorus-Therian, M, tera:Ground|100/100
|-ability|p2a: Landorus|Intimidate|boost
|-unboost|p1a: Ninetales|atk|1
|turn|15
|
|t:|1781529994
|-terastallize|p1a: Ninetales|Ghost
|move|p2a: Landorus|Rock Slide|p1a: Ninetales
|-damage|p1a: Ninetales|62/100
|move|p1a: Ninetales|Will-O-Wisp|p2a: Landorus
|-status|p2a: Landorus|brn
|
|-weather|SunnyDay|[upkeep]
|-damage|p2a: Landorus|94/100 brn|[from] brn
|upkeep
|turn|16
|-message|Dat boii fam forfeited.
|
|win|volc1877
|raw|volc1877's rating: 1615 &rarr; <strong>1633</strong><br />(+18 for winning)
|raw|Dat boii fam's rating: 1573 &rarr; <strong>1555</strong><br />(-18 for losing)
|l|☆Dat boii fam
|player|p2|
|l|☆volc1877
|player|p1|
