|j|☆kemious
|j|☆Hyper Tommy
|t:|1781355026
|gametype|singles
|player|p1|kemious|1|1539
|player|p2|Hyper Tommy|ghetsis|1535
|gen|9
|tier|[Gen 9] OU
|rated|
|rule|HP Percentage Mod: HP is shown in percentages
|rule|Endless Battle Clause: Forcing endless battles is banned
|rule|Species Clause: Limit one of each Pokémon
|rule|OHKO Clause: OHKO moves are banned
|rule|Evasion Items Clause: Evasion items are banned
|rule|Evasion Moves Clause: Evasion moves are banned
|rule|Evasion Abilities Clause: Evasion abilities are banned
|rule|Sleep Moves Clause: Sleep-inducing moves are banned
|clearpoke
|poke|p1|Chesnaught, M|
|poke|p1|Gastrodon, F|
|poke|p1|Kilowattrel, M|
|poke|p1|Glimmora, F|
|poke|p1|Ceruledge, M|
|poke|p1|Goodra-Hisui, F|
|poke|p2|Rillaboom, M|
|poke|p2|Great Tusk|
|poke|p2|Garganacl, M|
|poke|p2|Ogerpon-Wellspring, F|
|poke|p2|Zapdos|
|poke|p2|Gholdengo|
|teampreview
|inactive|Battle timer is ON: inactive players will automatically lose when time's up. (requested by Hyper Tommy)
|
|t:|1781355053
|teamsize|p1|6
|teamsize|p2|6
|start
|switch|p1a: Kilowattrel|Kilowattrel, M, shiny|100/100
|switch|p2a: Garganacl|Garganacl, M|100/100
|turn|1
|c|☆Hyper Tommy|Interesting team
|
|t:|1781355057
|move|p1a: Kilowattrel|Volt Switch|p2a: Garganacl
|-damage|p2a: Garganacl|72/100
|
|t:|1781355076
|switch|p1a: Chesnaught|Chesnaught, M|100/100|[from] Volt Switch
|move|p2a: Garganacl|Salt Cure|p1a: Chesnaught
|-resisted|p1a: Chesnaught
|-damage|p1a: Chesnaught|96/100
|-start|p1a: Chesnaught|Salt Cure
|
|-heal|p1a: Chesnaught|100/100|[from] item: Leftovers
|-heal|p2a: Garganacl|78/100|[from] item: Leftovers
|-damage|p1a: Chesnaught|88/100|[from] Salt Cure
|upkeep
|turn|2
|
|t:|1781355082
|switch|p2a: Zapdos|Zapdos, shiny|100/100
|move|p1a: Chesnaught|Knock Off|p2a: Zapdos
|-damage|p2a: Zapdos|75/100
|-enditem|p2a: Zapdos|Heavy-Duty Boots|[from] move: Knock Off|[of] p1a: Chesnaught
|
|-heal|p1a: Chesnaught|94/100|[from] item: Leftovers
|-damage|p1a: Chesnaught|82/100|[from] Salt Cure
|upkeep
|turn|3
|
|t:|1781355091
|switch|p1a: Goodra|Goodra-Hisui, F|100/100
|move|p2a: Zapdos|Hurricane|p1a: Goodra
|-resisted|p1a: Goodra
|-crit|p1a: Goodra
|-damage|p1a: Goodra|85/100
|
|upkeep
|turn|4
|
|t:|1781355098
|move|p2a: Zapdos|Volt Switch|p1a: Goodra
|-resisted|p1a: Goodra
|-damage|p1a: Goodra|79/100
|
|t:|1781355104
|switch|p2a: Garganacl|Garganacl, M|78/100|[from] Volt Switch
|move|p1a: Goodra|Flash Cannon|p2a: Garganacl
|-supereffective|p2a: Garganacl
|-damage|p2a: Garganacl|9/100
|
|-heal|p2a: Garganacl|16/100|[from] item: Leftovers
|upkeep
|turn|5
|
|t:|1781355115
|switch|p2a: Ogerpon|Ogerpon-Wellspring, F|100/100
|move|p1a: Goodra|Flash Cannon|p2a: Ogerpon
|-resisted|p2a: Ogerpon
|-damage|p2a: Ogerpon|80/100
|
|upkeep
|turn|6
|
|t:|1781355120
|move|p2a: Ogerpon|Knock Off|p1a: Goodra
|-damage|p1a: Goodra|38/100
|-enditem|p1a: Goodra|Assault Vest|[from] move: Knock Off|[of] p2a: Ogerpon
|move|p1a: Goodra|Dragon Tail|p2a: Ogerpon|[miss]
|-miss|p1a: Goodra|p2a: Ogerpon
|
|upkeep
|turn|7
|
|t:|1781355126
|move|p2a: Ogerpon|Knock Off|p1a: Goodra
|-damage|p1a: Goodra|6/100
|move|p1a: Goodra|Dragon Tail|p2a: Ogerpon
|-damage|p2a: Ogerpon|51/100
|drag|p2a: Rillaboom|Rillaboom, M|100/100
|-fieldstart|move: Grassy Terrain|[from] ability: Grassy Surge|[of] p2a: Rillaboom
|
|-heal|p1a: Goodra|12/100|[from] Grassy Terrain
|upkeep
|turn|8
|
|t:|1781355135
|move|p2a: Rillaboom|Knock Off|p1a: Goodra
|-damage|p1a: Goodra|0 fnt
|faint|p1a: Goodra
|
|upkeep
|
|t:|1781355139
|switch|p1a: Kilowattrel|Kilowattrel, M, shiny|100/100
|turn|9
|
|t:|1781355146
|switch|p2a: Zapdos|Zapdos, shiny|75/100
|move|p1a: Kilowattrel|Air Slash|p2a: Zapdos
|-resisted|p2a: Zapdos
|-damage|p2a: Zapdos|64/100
|
|upkeep
|turn|10
|
|t:|1781355149
|move|p1a: Kilowattrel|Discharge|p2a: Zapdos
|-damage|p2a: Zapdos|38/100
|move|p2a: Zapdos|Roost|p2a: Zapdos
|-heal|p2a: Zapdos|88/100
|-singleturn|p2a: Zapdos|move: Roost
|
|-heal|p2a: Zapdos|94/100|[from] Grassy Terrain
|upkeep
|turn|11
|
|t:|1781355154
|move|p1a: Kilowattrel|Discharge|p2a: Zapdos
|-damage|p2a: Zapdos|68/100
|move|p2a: Zapdos|Volt Switch|p1a: Kilowattrel
|-immune|p1a: Kilowattrel|[from] ability: Volt Absorb
|
|-fieldend|move: Grassy Terrain
|upkeep
|turn|12
|
|t:|1781355162
|switch|p2a: Great Tusk|Great Tusk|100/100
|move|p1a: Kilowattrel|Discharge|p2a: Great Tusk
|-immune|p2a: Great Tusk
|
|upkeep
|turn|13
|
|t:|1781355165
|move|p1a: Kilowattrel|Air Slash|p2a: Great Tusk
|-supereffective|p2a: Great Tusk
|-damage|p2a: Great Tusk|0 fnt
|faint|p2a: Great Tusk
|-end|p2a: Great Tusk|Protosynthesis|[silent]
|
|upkeep
|
|t:|1781355169
|switch|p2a: Gholdengo|Gholdengo|100/100
|-item|p2a: Gholdengo|Air Balloon
|turn|14
|
|t:|1781355172
|move|p1a: Kilowattrel|Volt Switch|p2a: Gholdengo
|-damage|p2a: Gholdengo|62/100
|-enditem|p2a: Gholdengo|Air Balloon
|
|t:|1781355176
|switch|p1a: Gastrodon|Gastrodon, F|100/100|[from] Volt Switch
|move|p2a: Gholdengo|Shadow Ball|p1a: Gastrodon
|-damage|p1a: Gastrodon|69/100
|
|-heal|p1a: Gastrodon|75/100|[from] item: Leftovers
|upkeep
|turn|15
|
|t:|1781355185
|switch|p2a: Rillaboom|Rillaboom, M|100/100
|-fieldstart|move: Grassy Terrain|[from] ability: Grassy Surge|[of] p2a: Rillaboom
|move|p1a: Gastrodon|Spikes|p2a: Rillaboom
|-sidestart|p2: Hyper Tommy|Spikes
|
|-heal|p1a: Gastrodon|81/100|[from] Grassy Terrain
|-heal|p1a: Gastrodon|87/100|[from] item: Leftovers
|upkeep
|turn|16
|
|t:|1781355195
|switch|p1a: Chesnaught|Chesnaught, M|82/100
|move|p2a: Rillaboom|Wood Hammer|p1a: Chesnaught
|-resisted|p1a: Chesnaught
|-damage|p1a: Chesnaught|40/100
|-damage|p2a: Rillaboom|86/100|[from] Recoil
|
|-heal|p2a: Rillaboom|93/100|[from] Grassy Terrain
|-heal|p1a: Chesnaught|46/100|[from] Grassy Terrain
|-heal|p1a: Chesnaught|52/100|[from] item: Leftovers
|upkeep
|turn|17
|
|t:|1781355205
|switch|p2a: Zapdos|Zapdos, shiny|68/100
|move|p1a: Chesnaught|Body Press|p2a: Zapdos
|-resisted|p2a: Zapdos
|-damage|p2a: Zapdos|47/100
|
|-heal|p1a: Chesnaught|58/100|[from] Grassy Terrain
|-heal|p1a: Chesnaught|64/100|[from] item: Leftovers
|upkeep
|turn|18
|
|t:|1781355211
|switch|p1a: Gastrodon|Gastrodon, F|87/100
|move|p2a: Zapdos|Roost|p2a: Zapdos
|-heal|p2a: Zapdos|98/100
|-singleturn|p2a: Zapdos|move: Roost
|
|-heal|p2a: Zapdos|100/100|[from] Grassy Terrain
|-heal|p1a: Gastrodon|93/100|[from] Grassy Terrain
|-heal|p1a: Gastrodon|99/100|[from] item: Leftovers
|upkeep
|turn|19
|
|t:|1781355218
|move|p2a: Zapdos|Hurricane|p1a: Gastrodon
|-damage|p1a: Gastrodon|65/100
|-start|p1a: Gastrodon|confusion
|-activate|p1a: Gastrodon|confusion
|move|p1a: Gastrodon|Spikes|p2a: Zapdos
|-sidestart|p2: Hyper Tommy|Spikes
|
|-heal|p1a: Gastrodon|71/100|[from] Grassy Terrain
|-heal|p1a: Gastrodon|77/100|[from] item: Leftovers
|-fieldend|move: Grassy Terrain
|upkeep
|turn|20
|
|t:|1781355227
|switch|p2a: Garganacl|Garganacl, M|16/100
|-damage|p2a: Garganacl|0 fnt|[from] Spikes
|faint|p2a: Garganacl
|-activate|p1a: Gastrodon|confusion
|move|p1a: Gastrodon|Ice Beam|p2: Garganacl|[notarget]
|-fail|p1a: Gastrodon
|
|-heal|p1a: Gastrodon|83/100|[from] item: Leftovers
|upkeep
|
|t:|1781355233
|switch|p2a: Ogerpon|Ogerpon-Wellspring, F|51/100
|-damage|p2a: Ogerpon|34/100|[from] Spikes
|turn|21
|
|t:|1781355239
|switch|p1a: Glimmora|Glimmora, F|100/100
|move|p2a: Ogerpon|Swords Dance|p2a: Ogerpon
|-boost|p2a: Ogerpon|atk|2
|
|upkeep
|turn|22
|
|t:|1781355249
|-terastallize|p2a: Ogerpon|Water
|detailschange|p2a: Ogerpon|Ogerpon-Wellspring-Tera, F, tera:Water
|-ability|p2a: Ogerpon|Embody Aspect (Wellspring)|boost
|-boost|p2a: Ogerpon|spd|1
|move|p2a: Ogerpon|Ivy Cudgel|p1a: Glimmora|[anim] Ivy Cudgel Water
|-supereffective|p1a: Glimmora
|-crit|p1a: Glimmora
|-damage|p1a: Glimmora|0 fnt
|-activate|p1a: Glimmora|ability: Toxic Debris
|-sidestart|p2: Hyper Tommy|move: Toxic Spikes
|faint|p1a: Glimmora
|
|upkeep
|
|t:|1781355256
|switch|p1a: Kilowattrel|Kilowattrel, M, shiny|100/100
|turn|23
|
|t:|1781355260
|move|p1a: Kilowattrel|Volt Switch|p2a: Ogerpon
|-supereffective|p2a: Ogerpon
|-crit|p2a: Ogerpon
|-damage|p2a: Ogerpon|0 fnt
|faint|p2a: Ogerpon
|detailschange|p2: Ogerpon|Ogerpon-Wellspring, F|[silent]
|
|t:|1781355271
|switch|p1a: Gastrodon|Gastrodon, F|83/100|[from] Volt Switch
|
|-heal|p1a: Gastrodon|89/100|[from] item: Leftovers
|upkeep
|
|t:|1781355279
|switch|p2a: Rillaboom|Rillaboom, M|93/100
|-damage|p2a: Rillaboom|76/100|[from] Spikes
|-status|p2a: Rillaboom|psn
|-fieldstart|move: Grassy Terrain|[from] ability: Grassy Surge|[of] p2a: Rillaboom
|turn|24
|
|t:|1781355286
|switch|p1a: Chesnaught|Chesnaught, M|64/100
|move|p2a: Rillaboom|Knock Off|p1a: Chesnaught
|-resisted|p1a: Chesnaught
|-damage|p1a: Chesnaught|48/100
|-enditem|p1a: Chesnaught|Leftovers|[from] move: Knock Off|[of] p2a: Rillaboom
|
|-heal|p2a: Rillaboom|82/100 psn|[from] Grassy Terrain
|-heal|p1a: Chesnaught|54/100|[from] Grassy Terrain
|-damage|p2a: Rillaboom|70/100 psn|[from] psn
|upkeep
|turn|25
|
|t:|1781355296
|switch|p2a: Zapdos|Zapdos, shiny|100/100
|move|p1a: Chesnaught|Leech Seed|p2a: Zapdos
|-start|p2a: Zapdos|move: Leech Seed
|
|-heal|p1a: Chesnaught|60/100|[from] Grassy Terrain
|-damage|p2a: Zapdos|88/100|[from] Leech Seed|[of] p1a: Chesnaught
|-heal|p1a: Chesnaught|74/100|[silent]
|upkeep
|turn|26
|
|t:|1781355304
|switch|p1a: Gastrodon|Gastrodon, F|89/100
|move|p2a: Zapdos|Hurricane|p1a: Gastrodon
|-damage|p1a: Gastrodon|55/100
|
|-heal|p1a: Gastrodon|61/100|[from] Grassy Terrain
|-heal|p1a: Gastrodon|67/100|[from] item: Leftovers
|-damage|p2a: Zapdos|76/100|[from] Leech Seed|[of] p1a: Gastrodon
|-heal|p1a: Gastrodon|78/100|[silent]
|upkeep
|turn|27
|-message|Hyper Tommy forfeited.
|
|win|kemious
|raw|kemious's rating: 1539 &rarr; <strong>1559</strong><br />(+20 for winning)
|raw|Hyper Tommy's rating: 1535 &rarr; <strong>1515</strong><br />(-20 for losing)
|l|☆Hyper Tommy
|player|p2|
|l|☆kemious
|player|p1|
