|j|☆texett
|j|☆IMMAAXX
|t:|1781525564
|gametype|singles
|player|p1|texett|jasmine|1664
|player|p2|IMMAAXX|unknownf|1677
|gen|9
|tier|[Gen 9] OU
|rated|
|rule|HP Percentage Mod: HP is shown in percentages
|rule|Endless Battle Clause: Forcing endless battles is banned
|rule|Species Clause: Limit one of each Pokémon
|rule|OHKO Clause: OHKO moves are banned
|rule|Evasion Items Clause: Evasion items are banned
|rule|Evasion Moves Clause: Evasion moves are banned
|rule|Evasion Abilities Clause: Evasion abilities are banned
|rule|Sleep Moves Clause: Sleep-inducing moves are banned
|clearpoke
|poke|p1|Glimmora, M|
|poke|p1|Dragapult, F|
|poke|p1|Zapdos|
|poke|p1|Samurott-Hisui, M|
|poke|p1|Vileplume, F|
|poke|p1|Iron Treads|
|poke|p2|Kingambit, M|
|poke|p2|Kyurem|
|poke|p2|Kommo-o, F|
|poke|p2|Iron Crown|
|poke|p2|Landorus-Therian, M|
|poke|p2|Iron Valiant|
|teampreview
|inactive|Battle timer is ON: inactive players will automatically lose when time's up. (requested by texett)
|j| choispecs ironmoth
|
|t:|1781525588
|teamsize|p1|6
|teamsize|p2|6
|start
|switch|p1a: Dragapult|Dragapult, F, shiny|100/100
|switch|p2a: Landorus|Landorus-Therian, M|100/100
|-ability|p2a: Landorus|Intimidate|boost
|-fail|p1a: Dragapult|unboost|[from] ability: Clear Body|[of] p1a: Dragapult
|turn|1
|
|t:|1781525595
|move|p1a: Dragapult|Draco Meteor|p2a: Landorus
|-damage|p2a: Landorus|0 fnt
|-unboost|p1a: Dragapult|spa|2
|faint|p2a: Landorus
|
|upkeep
|
|t:|1781525601
|switch|p2a: Iron Crown|Iron Crown|100/100
|-enditem|p2a: Iron Crown|Booster Energy
|-activate|p2a: Iron Crown|ability: Quark Drive|[fromitem]
|-start|p2a: Iron Crown|quarkdrivespe
|turn|2
|
|t:|1781525608
|switch|p1a: Samurott|Samurott-Hisui, M, shiny|100/100
|move|p2a: Iron Crown|Calm Mind|p2a: Iron Crown
|-boost|p2a: Iron Crown|spa|1
|-boost|p2a: Iron Crown|spd|1
|
|upkeep
|turn|3
|
|t:|1781525612
|move|p2a: Iron Crown|Focus Blast|p1a: Samurott|[miss]
|-miss|p2a: Iron Crown|p1a: Samurott
|move|p1a: Samurott|Ceaseless Edge|p2a: Iron Crown
|-supereffective|p2a: Iron Crown
|-damage|p2a: Iron Crown|20/100
|-sidestart|p2: IMMAAXX|Spikes
|
|upkeep
|turn|4
|
|t:|1781525620
|move|p2a: Iron Crown|Focus Blast|p1a: Samurott
|-supereffective|p1a: Samurott
|-damage|p1a: Samurott|11/100
|move|p1a: Samurott|Ceaseless Edge|p2a: Iron Crown|[miss]
|-miss|p1a: Samurott|p2a: Iron Crown
|
|upkeep
|turn|5
|
|t:|1781525631
|switch|p1a: Glimmora|Glimmora, M, shiny|100/100
|move|p2a: Iron Crown|Tachyon Cutter|p1a: Glimmora
|-supereffective|p1a: Glimmora
|-damage|p1a: Glimmora|4/100
|-supereffective|p1a: Glimmora
|-damage|p1a: Glimmora|0 fnt
|faint|p1a: Glimmora
|-hitcount|p1: Glimmora|2
|
|upkeep
|
|t:|1781525641
|switch|p1a: Zapdos|Zapdos, shiny|100/100
|turn|6
|
|t:|1781525645
|move|p2a: Iron Crown|Psyshock|p1a: Zapdos
|-damage|p1a: Zapdos|55/100
|move|p1a: Zapdos|Volt Switch|p2a: Iron Crown
|-damage|p2a: Iron Crown|3/100
|
|t:|1781525656
|switch|p1a: Iron Treads|Iron Treads, shiny|100/100|[from] Volt Switch
|
|upkeep
|turn|7
|
|t:|1781525664
|-terastallize|p1a: Iron Treads|Flying
|move|p2a: Iron Crown|Focus Blast|p1a: Iron Treads
|-resisted|p1a: Iron Treads
|-damage|p1a: Iron Treads|67/100
|move|p1a: Iron Treads|Rapid Spin|p2a: Iron Crown
|-resisted|p2a: Iron Crown
|-damage|p2a: Iron Crown|0 fnt
|-boost|p1a: Iron Treads|spe|1
|faint|p2a: Iron Crown
|-end|p2a: Iron Crown|Quark Drive|[silent]
|
|upkeep
|
|t:|1781525669
|switch|p2a: Kyurem|Kyurem|100/100
|-damage|p2a: Kyurem|88/100|[from] Spikes
|-ability|p2a: Kyurem|Pressure
|turn|8
|
|t:|1781525683
|move|p1a: Iron Treads|Knock Off|p2a: Kyurem
|-damage|p2a: Kyurem|66/100
|-enditem|p2a: Kyurem|Loaded Dice|[from] move: Knock Off|[of] p1a: Iron Treads
|move|p2a: Kyurem|Icicle Spear|p1a: Iron Treads
|-supereffective|p1a: Iron Treads
|-damage|p1a: Iron Treads|49/100
|-supereffective|p1a: Iron Treads
|-damage|p1a: Iron Treads|28/100
|-hitcount|p1a: Iron Treads|2
|
|upkeep
|turn|9
|
|t:|1781525690
|move|p1a: Iron Treads|Stealth Rock|p2a: Kyurem
|-sidestart|p2: IMMAAXX|move: Stealth Rock
|move|p2a: Kyurem|Scale Shot|p1a: Iron Treads
|-damage|p1a: Iron Treads|18/100
|-damage|p1a: Iron Treads|8/100
|-damage|p1a: Iron Treads|0 fnt
|faint|p1a: Iron Treads
|-end|p1a: Iron Treads|Quark Drive|[silent]
|-hitcount|p1: Iron Treads|3
|-unboost|p2a: Kyurem|def|1
|-boost|p2a: Kyurem|spe|1
|
|upkeep
|
|t:|1781525698
|switch|p1a: Vileplume|Vileplume, F, shiny|100/100
|turn|10
|
|t:|1781525702
|move|p2a: Kyurem|Icicle Spear|p1a: Vileplume
|-supereffective|p1a: Vileplume
|-damage|p1a: Vileplume|81/100
|-supereffective|p1a: Vileplume
|-damage|p1a: Vileplume|63/100
|-hitcount|p1a: Vileplume|2
|move|p1a: Vileplume|Strength Sap|p2a: Kyurem
|-unboost|p2a: Kyurem|atk|1
|-heal|p1a: Vileplume|100/100
|
|upkeep
|turn|11
|j| cachowcapow
|
|t:|1781525712
|switch|p2a: Kingambit|Kingambit, M|100/100
|-damage|p2a: Kingambit|88/100|[from] Spikes
|-damage|p2a: Kingambit|82/100|[from] Stealth Rock
|-activate|p2a: Kingambit|ability: Supreme Overlord
|-start|p2a: Kingambit|fallen2|[silent]
|move|p1a: Vileplume|Sludge Bomb|p2a: Kingambit
|-immune|p2a: Kingambit
|
|upkeep
|turn|12
|
|t:|1781525724
|switch|p1a: Zapdos|Zapdos, shiny|55/100
|move|p2a: Kingambit|Swords Dance|p2a: Kingambit
|-boost|p2a: Kingambit|atk|2
|
|upkeep
|turn|13
|
|t:|1781525732
|move|p2a: Kingambit|Sucker Punch||[still]
|-fail|p2a: Kingambit
|move|p1a: Zapdos|Roost|p1a: Zapdos
|-heal|p1a: Zapdos|100/100
|-singleturn|p1a: Zapdos|move: Roost
|
|upkeep
|turn|14
|
|t:|1781525736
|move|p2a: Kingambit|Sucker Punch|p1a: Zapdos
|-crit|p1a: Zapdos
|-damage|p1a: Zapdos|0 fnt
|-status|p2a: Kingambit|par|[from] ability: Static|[of] p1a: Zapdos
|faint|p1a: Zapdos
|
|upkeep
|
|t:|1781525742
|switch|p1a: Samurott|Samurott-Hisui, M, shiny|11/100
|turn|15
|
|t:|1781525747
|switch|p1a: Vileplume|Vileplume, F, shiny|100/100
|move|p2a: Kingambit|Sucker Punch||[still]
|-fail|p2a: Kingambit
|
|upkeep
|turn|16
|
|t:|1781525753
|move|p1a: Vileplume|Strength Sap|p2a: Kingambit
|-unboost|p2a: Kingambit|atk|1
|cant|p2a: Kingambit|par
|
|upkeep
|turn|17
|
|t:|1781525758
|move|p1a: Vileplume|Strength Sap|p2a: Kingambit
|-unboost|p2a: Kingambit|atk|1
|move|p2a: Kingambit|Swords Dance|p2a: Kingambit
|-boost|p2a: Kingambit|atk|2
|
|upkeep
|turn|18
|
|t:|1781525767
|move|p1a: Vileplume|Strength Sap|p2a: Kingambit
|-unboost|p2a: Kingambit|atk|1
|move|p2a: Kingambit|Kowtow Cleave|p1a: Vileplume
|-damage|p1a: Vileplume|17/100
|-damage|p2a: Kingambit|65/100 par|[from] item: Rocky Helmet|[of] p1a: Vileplume
|
|upkeep
|turn|19
|
|t:|1781525772
|move|p1a: Vileplume|Strength Sap|p2a: Kingambit
|-unboost|p2a: Kingambit|atk|1
|-heal|p1a: Vileplume|100/100
|move|p2a: Kingambit|Swords Dance|p2a: Kingambit
|-boost|p2a: Kingambit|atk|2
|
|upkeep
|turn|20
|
|t:|1781525778
|move|p1a: Vileplume|Strength Sap|p2a: Kingambit
|-unboost|p2a: Kingambit|atk|1
|move|p2a: Kingambit|Swords Dance|p2a: Kingambit
|-boost|p2a: Kingambit|atk|2
|
|upkeep
|turn|21
|
|t:|1781525783
|switch|p1a: Samurott|Samurott-Hisui, M, shiny|11/100
|move|p2a: Kingambit|Swords Dance|p2a: Kingambit
|-boost|p2a: Kingambit|atk|2
|
|upkeep
|turn|22
|
|t:|1781525788
|move|p2a: Kingambit|Sucker Punch|p1a: Samurott
|-resisted|p1a: Samurott
|-damage|p1a: Samurott|0 fnt
|faint|p1a: Samurott
|
|upkeep
|
|t:|1781525791
|switch|p1a: Dragapult|Dragapult, F, shiny|100/100
|turn|23
|
|t:|1781525794
|move|p2a: Kingambit|Sucker Punch|p1a: Dragapult
|-supereffective|p1a: Dragapult
|-damage|p1a: Dragapult|0 fnt
|faint|p1a: Dragapult
|
|upkeep
|-message|texett forfeited.
|
|win|IMMAAXX
|raw|texett's rating: 1664 &rarr; <strong>1645</strong><br />(-19 for losing)
|raw|IMMAAXX's rating: 1677 &rarr; <strong>1696</strong><br />(+19 for winning)
|l|☆texett
|player|p1|
|l| cachowcapow
|l|☆IMMAAXX
|player|p2|
|l| choispecs ironmoth
