|j|☆crck like alakazam
|j|☆abhii.g
|t:|1781238246
|gametype|singles
|player|p1|crck like alakazam|psychicf-gen4|1542
|player|p2|abhii.g|benga|1591
|gen|9
|tier|[Gen 9] OU
|rated|
|rule|HP Percentage Mod: HP is shown in percentages
|rule|Endless Battle Clause: Forcing endless battles is banned
|rule|Species Clause: Limit one of each Pokémon
|rule|OHKO Clause: OHKO moves are banned
|rule|Evasion Items Clause: Evasion items are banned
|rule|Evasion Moves Clause: Evasion moves are banned
|rule|Evasion Abilities Clause: Evasion abilities are banned
|rule|Sleep Moves Clause: Sleep-inducing moves are banned
|clearpoke
|poke|p1|Iron Treads|
|poke|p1|Pelipper, F|
|poke|p1|Dondozo, F|
|poke|p1|Overqwil, F|
|poke|p1|Enamorus, F|
|poke|p1|Raging Bolt|
|poke|p2|Hoopa-Unbound|
|poke|p2|Pecharunt|
|poke|p2|Landorus-Therian, M|
|poke|p2|Cinderace, M|
|poke|p2|Alomomola, M|
|poke|p2|Iron Valiant|
|teampreview
|inactive|Battle timer is ON: inactive players will automatically lose when time's up. (requested by crck like alakazam)
|inactive|crck like alakazam has 120 seconds left.
|inactive|crck like alakazam has 90 seconds left.
|
|t:|1781238321
|teamsize|p1|6
|teamsize|p2|6
|start
|switch|p1a: GangStarrFromAbove|Enamorus, F|100/100
|switch|p2a: Hoopa|Hoopa-Unbound|100/100
|turn|1
|
|t:|1781238328
|switch|p1a: 4Pc Peliac Combo|Pelipper, F|100/100
|-weather|RainDance|[from] ability: Drizzle|[of] p1a: 4Pc Peliac Combo
|move|p2a: Hoopa|Zen Headbutt|p1a: 4Pc Peliac Combo
|-damage|p1a: 4Pc Peliac Combo|42/100
|
|-weather|RainDance|[upkeep]
|upkeep
|turn|2
|
|t:|1781238337
|switch|p1a: WishABozoWould|Dondozo, F|100/100
|move|p2a: Hoopa|Zen Headbutt|p1a: WishABozoWould
|-damage|p1a: WishABozoWould|50/100
|
|-weather|RainDance|[upkeep]
|upkeep
|turn|3
|
|t:|1781238344
|move|p2a: Hoopa|Zen Headbutt|p1a: WishABozoWould
|-damage|p1a: WishABozoWould|0 fnt
|faint|p1a: WishABozoWould
|
|-weather|RainDance|[upkeep]
|upkeep
|
|t:|1781238348
|switch|p1a: PurpleRain|Overqwil, F, shiny|100/100
|turn|4
|
|t:|1781238351
|switch|p2a: Alomomola|Alomomola, M|100/100
|move|p1a: PurpleRain|Swords Dance|p1a: PurpleRain
|-boost|p1a: PurpleRain|atk|2
|
|-weather|RainDance|[upkeep]
|upkeep
|turn|5
|
|t:|1781238357
|switch|p2a: Pecharunt|Pecharunt|100/100
|move|p1a: PurpleRain|Swords Dance|p1a: PurpleRain
|-boost|p1a: PurpleRain|atk|2
|
|-weather|RainDance|[upkeep]
|upkeep
|turn|6
|
|t:|1781238362
|-terastallize|p1a: PurpleRain|Water
|move|p1a: PurpleRain|Waterfall|p2a: Pecharunt
|-damage|p2a: Pecharunt|0 fnt
|faint|p2a: Pecharunt
|-damage|p1a: PurpleRain|91/100|[from] item: Life Orb
|
|-weather|RainDance|[upkeep]
|upkeep
|
|t:|1781238373
|switch|p2a: Liberacy|Cinderace, M|100/100
|turn|7
|
|t:|1781238376
|move|p2a: Liberacy|Sucker Punch|p1a: PurpleRain
|-start|p2a: Liberacy|typechange|Dark|[from] ability: Libero
|-damage|p1a: PurpleRain|53/100
|move|p1a: PurpleRain|Waterfall|p2a: Liberacy
|-damage|p2a: Liberacy|0 fnt
|faint|p2a: Liberacy
|-damage|p1a: PurpleRain|43/100|[from] item: Life Orb
|
|-weather|RainDance|[upkeep]
|upkeep
|
|t:|1781238381
|switch|p2a: Iron Valiant|Iron Valiant, shiny|100/100
|turn|8
|
|t:|1781238388
|switch|p1a: GangStarrFromAbove|Enamorus, F|100/100
|move|p2a: Iron Valiant|Vacuum Wave|p1a: GangStarrFromAbove
|-resisted|p1a: GangStarrFromAbove
|-damage|p1a: GangStarrFromAbove|90/100
|
|-weather|none
|upkeep
|turn|9
|
|t:|1781238395
|-end|p2a: Iron Valiant|Quark Drive|[silent]
|switch|p2a: Alomomola|Alomomola, M|100/100
|move|p1a: GangStarrFromAbove|Moonblast|p2a: Alomomola
|-damage|p2a: Alomomola|69/100
|
|upkeep
|turn|10
|
|t:|1781238400
|switch|p1a: 4Pc Peliac Combo|Pelipper, F|42/100
|-weather|RainDance|[from] ability: Drizzle|[of] p1a: 4Pc Peliac Combo
|move|p2a: Alomomola|Flip Turn|p1a: 4Pc Peliac Combo
|-resisted|p1a: 4Pc Peliac Combo
|-damage|p1a: 4Pc Peliac Combo|32/100
|
|t:|1781238403
|switch|p2a: Iron Valiant|Iron Valiant, shiny|100/100|[from] Flip Turn
|
|-weather|RainDance|[upkeep]
|upkeep
|turn|11
|
|t:|1781238408
|switch|p1a: C.T.E.Spins|Iron Treads|100/100
|-enditem|p1a: C.T.E.Spins|Booster Energy
|-activate|p1a: C.T.E.Spins|ability: Quark Drive|[fromitem]
|-start|p1a: C.T.E.Spins|quarkdrivespe
|move|p2a: Iron Valiant|Moonblast|p1a: C.T.E.Spins
|-resisted|p1a: C.T.E.Spins
|-damage|p1a: C.T.E.Spins|55/100
|-unboost|p1a: C.T.E.Spins|spa|1
|
|-weather|RainDance|[upkeep]
|upkeep
|turn|12
|
|t:|1781238417
|-end|p1a: C.T.E.Spins|Quark Drive|[silent]
|switch|p1a: 4Pc Peliac Combo|Pelipper, F|32/100
|-end|p2a: Iron Valiant|Quark Drive|[silent]
|switch|p2a: Alomomola|Alomomola, M|100/100
|
|-weather|RainDance|[upkeep]
|upkeep
|turn|13
|
|t:|1781238420
|move|p2a: Alomomola|Flip Turn|p1a: 4Pc Peliac Combo
|-resisted|p1a: 4Pc Peliac Combo
|-damage|p1a: 4Pc Peliac Combo|24/100
|
|t:|1781238424
|switch|p2a: Landorus|Landorus-Therian, M, shiny|100/100|[from] Flip Turn
|-ability|p2a: Landorus|Intimidate|boost
|-unboost|p1a: 4Pc Peliac Combo|atk|1
|move|p1a: 4Pc Peliac Combo|Roost|p1a: 4Pc Peliac Combo
|-heal|p1a: 4Pc Peliac Combo|74/100
|-singleturn|p1a: 4Pc Peliac Combo|move: Roost
|
|-weather|RainDance|[upkeep]
|upkeep
|turn|14
|
|t:|1781238432
|move|p2a: Landorus|U-turn|p1a: 4Pc Peliac Combo
|-resisted|p1a: 4Pc Peliac Combo
|-damage|p1a: 4Pc Peliac Combo|64/100
|
|t:|1781238436
|switch|p2a: Alomomola|Alomomola, M|100/100|[from] U-turn
|move|p1a: 4Pc Peliac Combo|U-turn|p2a: Alomomola
|-damage|p2a: Alomomola|96/100
|
|t:|1781238439
|switch|p1a: Ol'DirtyBolt|Raging Bolt|100/100|[from] U-turn
|-enditem|p1a: Ol'DirtyBolt|Booster Energy
|-activate|p1a: Ol'DirtyBolt|ability: Protosynthesis|[fromitem]
|-start|p1a: Ol'DirtyBolt|protosynthesisspa
|
|-weather|RainDance|[upkeep]
|upkeep
|turn|15
|
|t:|1781238442
|move|p1a: Ol'DirtyBolt|Thunder|p2a: Alomomola
|-supereffective|p2a: Alomomola
|-damage|p2a: Alomomola|9/100
|-status|p2a: Alomomola|par
|move|p2a: Alomomola|Mirror Coat|p1a: Ol'DirtyBolt
|-damage|p1a: Ol'DirtyBolt|0 fnt
|faint|p1a: Ol'DirtyBolt
|-end|p1a: Ol'DirtyBolt|Protosynthesis|[silent]
|
|-weather|RainDance|[upkeep]
|upkeep
|
|t:|1781238449
|switch|p1a: GangStarrFromAbove|Enamorus, F|90/100
|turn|16
|
|t:|1781238454
|move|p1a: GangStarrFromAbove|Moonblast|p2a: Alomomola
|-damage|p2a: Alomomola|0 fnt
|faint|p2a: Alomomola
|
|-weather|RainDance|[upkeep]
|upkeep
|
|t:|1781238459
|switch|p2a: Hoopa|Hoopa-Unbound|100/100
|turn|17
|
|t:|1781238464
|move|p1a: GangStarrFromAbove|Moonblast|p2a: Hoopa
|-supereffective|p2a: Hoopa
|-damage|p2a: Hoopa|0 fnt
|faint|p2a: Hoopa
|
|-weather|none
|upkeep
|
|t:|1781238468
|switch|p2a: Iron Valiant|Iron Valiant, shiny|100/100
|turn|18
|
|t:|1781238478
|switch|p1a: C.T.E.Spins|Iron Treads|55/100
|-terastallize|p2a: Iron Valiant|Fairy
|move|p2a: Iron Valiant|Moonblast|p1a: C.T.E.Spins
|-resisted|p1a: C.T.E.Spins
|-damage|p1a: C.T.E.Spins|2/100
|
|upkeep
|turn|19
|
|t:|1781238484
|move|p2a: Iron Valiant|Moonblast|p1a: C.T.E.Spins
|-resisted|p1a: C.T.E.Spins
|-damage|p1a: C.T.E.Spins|0 fnt
|faint|p1a: C.T.E.Spins
|-end|p1a: C.T.E.Spins|Quark Drive|[silent]
|
|upkeep
|
|t:|1781238489
|switch|p1a: 4Pc Peliac Combo|Pelipper, F|64/100
|-weather|RainDance|[from] ability: Drizzle|[of] p1a: 4Pc Peliac Combo
|turn|20
|
|t:|1781238491
|move|p2a: Iron Valiant|Moonblast|p1a: 4Pc Peliac Combo
|-damage|p1a: 4Pc Peliac Combo|0 fnt
|faint|p1a: 4Pc Peliac Combo
|
|-weather|RainDance|[upkeep]
|upkeep
|
|t:|1781238494
|switch|p1a: PurpleRain|Overqwil, F, shiny, tera:Water|43/100
|turn|21
|
|t:|1781238499
|-end|p2a: Iron Valiant|Quark Drive|[silent]
|switch|p2a: Landorus|Landorus-Therian, M, shiny|100/100
|-ability|p2a: Landorus|Intimidate|boost
|-unboost|p1a: PurpleRain|atk|1
|move|p1a: PurpleRain|Waterfall|p2a: Landorus
|-supereffective|p2a: Landorus
|-damage|p2a: Landorus|0 fnt
|faint|p2a: Landorus
|-damage|p1a: PurpleRain|33/100|[from] item: Life Orb
|
|-weather|RainDance|[upkeep]
|upkeep
|
|t:|1781238503
|switch|p2a: Iron Valiant|Iron Valiant, shiny, tera:Fairy|100/100
|turn|22
|
|t:|1781238508
|switch|p1a: GangStarrFromAbove|Enamorus, F|90/100
|move|p2a: Iron Valiant|Moonblast|p1a: GangStarrFromAbove
|-damage|p1a: GangStarrFromAbove|0 fnt
|faint|p1a: GangStarrFromAbove
|
|-weather|RainDance|[upkeep]
|upkeep
|
|t:|1781238513
|switch|p1a: PurpleRain|Overqwil, F, shiny, tera:Water|33/100
|turn|23
|
|t:|1781238515
|move|p1a: PurpleRain|Destiny Bond|p1a: PurpleRain
|-singlemove|p1a: PurpleRain|Destiny Bond
|move|p2a: Iron Valiant|Moonblast|p1a: PurpleRain
|-damage|p1a: PurpleRain|0 fnt
|faint|p1a: PurpleRain
|-activate|p1a: PurpleRain|move: Destiny Bond
|faint|p2a: Iron Valiant
|-end|p2a: Iron Valiant|Quark Drive|[silent]
|
|win|abhii.g
|raw|crck like alakazam's rating: 1542 &rarr; <strong>1525</strong><br />(-17 for losing)
|raw|abhii.g's rating: 1591 &rarr; <strong>1608</strong><br />(+17 for winning)
|c|☆abhii.g|lol
|l|☆abhii.g
|player|p2|
|l|☆crck like alakazam
|player|p1|
