|j|☆ihymyly
|j|☆icylikedecember
|t:|1781173055
|gametype|singles
|player|p1|ihymyly|169|1627
|player|p2|icylikedecember|smasher|1641
|gen|9
|tier|[Gen 9] OU
|rated|
|rule|HP Percentage Mod: HP is shown in percentages
|rule|Endless Battle Clause: Forcing endless battles is banned
|rule|Species Clause: Limit one of each Pokémon
|rule|OHKO Clause: OHKO moves are banned
|rule|Evasion Items Clause: Evasion items are banned
|rule|Evasion Moves Clause: Evasion moves are banned
|rule|Evasion Abilities Clause: Evasion abilities are banned
|rule|Sleep Moves Clause: Sleep-inducing moves are banned
|clearpoke
|poke|p1|Pelipper, F|
|poke|p1|Kingdra, M|
|poke|p1|Weavile, M|
|poke|p1|Raging Bolt|
|poke|p1|Iron Treads|
|poke|p1|Iron Valiant|
|poke|p2|Corviknight, M|
|poke|p2|Slowking-Galar, M|
|poke|p2|Darkrai|
|poke|p2|Kyurem|
|poke|p2|Zamazenta-*|
|poke|p2|Crawdaunt, F|
|teampreview
|
|t:|1781173063
|teamsize|p1|6
|teamsize|p2|6
|start
|switch|p1a: Pelipper|Pelipper, F|100/100
|switch|p2a: Crawdaunt|Crawdaunt, F|100/100
|-weather|RainDance|[from] ability: Drizzle|[of] p1a: Pelipper
|turn|1
|
|t:|1781173071
|move|p2a: Crawdaunt|Knock Off|p1a: Pelipper
|-damage|p1a: Pelipper|22/100
|-enditem|p1a: Pelipper|Damp Rock|[from] move: Knock Off|[of] p2a: Crawdaunt
|move|p1a: Pelipper|U-turn|p2a: Crawdaunt
|-supereffective|p2a: Crawdaunt
|-damage|p2a: Crawdaunt|78/100
|
|t:|1781173077
|switch|p1a: Raging Bolt|Raging Bolt|100/100|[from] U-turn
|
|-weather|RainDance|[upkeep]
|upkeep
|turn|2
|
|t:|1781173082
|switch|p2a: Slowking|Slowking-Galar, M, shiny|100/100
|move|p1a: Raging Bolt|Thunder|p2a: Slowking
|-damage|p2a: Slowking|63/100
|
|-weather|RainDance|[upkeep]
|upkeep
|turn|3
|
|t:|1781173086
|move|p1a: Raging Bolt|Thunder|p2a: Slowking
|-damage|p2a: Slowking|28/100
|move|p2a: Slowking|Ice Beam|p1a: Raging Bolt
|-supereffective|p1a: Raging Bolt
|-damage|p1a: Raging Bolt|48/100
|
|-weather|RainDance|[upkeep]
|upkeep
|turn|4
|
|t:|1781173095
|-terastallize|p2a: Slowking|Grass
|move|p1a: Raging Bolt|Thunder|p2a: Slowking
|-resisted|p2a: Slowking
|-damage|p2a: Slowking|9/100
|move|p2a: Slowking|Ice Beam|p1a: Raging Bolt
|-supereffective|p1a: Raging Bolt
|-damage|p1a: Raging Bolt|0 fnt
|faint|p1a: Raging Bolt
|-end|p1a: Raging Bolt|Protosynthesis|[silent]
|
|-weather|RainDance|[upkeep]
|upkeep
|
|t:|1781173105
|switch|p1a: Iron Treads|Iron Treads|100/100
|turn|5
|
|t:|1781173109
|switch|p2a: Corviknight|Corviknight, M, shiny|100/100
|-ability|p2a: Corviknight|Pressure
|move|p1a: Iron Treads|Stealth Rock|p2a: Corviknight
|-sidestart|p2: icylikedecember|move: Stealth Rock
|
|-weather|RainDance|[upkeep]
|upkeep
|turn|6
|
|t:|1781173116
|-end|p1a: Iron Treads|Quark Drive|[silent]
|switch|p1a: Kingdra|Kingdra, M|100/100
|move|p2a: Corviknight|Defog|p1a: Kingdra
|-unboost|p1a: Kingdra|evasion|1
|-sideend|p2: icylikedecember|Stealth Rock|[from] move: Defog|[of] p2a: Corviknight
|
|-weather|RainDance|[upkeep]
|upkeep
|turn|7
|j| Mega Delibird X
|
|t:|1781173125
|switch|p2a: Slowking|Slowking-Galar, M, shiny, tera:Grass|42/100
|move|p1a: Kingdra|Weather Ball|p2a: Slowking
|-resisted|p2a: Slowking
|-damage|p2a: Slowking|18/100
|
|-weather|RainDance|[upkeep]
|upkeep
|turn|8
|
|t:|1781173144
|switch|p2a: Zamazenta|Zamazenta|100/100
|-ability|p2a: Zamazenta|Dauntless Shield|boost
|-boost|p2a: Zamazenta|def|1
|move|p1a: Kingdra|Weather Ball|p2a: Zamazenta
|-damage|p2a: Zamazenta|14/100
|
|-weather|none
|-heal|p2a: Zamazenta|21/100|[from] item: Leftovers
|upkeep
|turn|9
|
|t:|1781173151
|switch|p1a: Pelipper|Pelipper, F|22/100
|-weather|RainDance|[from] ability: Drizzle|[of] p1a: Pelipper
|move|p2a: Zamazenta|Body Press|p1a: Pelipper
|-resisted|p1a: Pelipper
|-damage|p1a: Pelipper|3/100
|
|-weather|RainDance|[upkeep]
|-heal|p2a: Zamazenta|27/100|[from] item: Leftovers
|upkeep
|turn|10
|
|t:|1781173157
|move|p2a: Zamazenta|Body Press|p1a: Pelipper
|-resisted|p1a: Pelipper
|-damage|p1a: Pelipper|0 fnt
|faint|p1a: Pelipper
|
|-weather|RainDance|[upkeep]
|-heal|p2a: Zamazenta|33/100|[from] item: Leftovers
|upkeep
|inactive|Battle timer is ON: inactive players will automatically lose when time's up. (requested by icylikedecember)
|
|t:|1781173169
|switch|p1a: Kingdra|Kingdra, M|100/100
|turn|11
|
|t:|1781173180
|switch|p2a: Kyurem|Kyurem|100/100
|-ability|p2a: Kyurem|Pressure
|move|p1a: Kingdra|Dragon Pulse|p2a: Kyurem
|-supereffective|p2a: Kyurem
|-damage|p2a: Kyurem|0 fnt
|faint|p2a: Kyurem
|
|-weather|RainDance|[upkeep]
|upkeep
|
|t:|1781173190
|switch|p2a: Slowking|Slowking-Galar, M, shiny, tera:Grass|51/100
|turn|12
|
|t:|1781173205
|switch|p2a: Zamazenta|Zamazenta|33/100
|move|p1a: Kingdra|Dragon Pulse|p2a: Zamazenta
|-damage|p2a: Zamazenta|0 fnt
|faint|p2a: Zamazenta
|
|-weather|RainDance|[upkeep]
|upkeep
|
|t:|1781173210
|switch|p2a: Slowking|Slowking-Galar, M, shiny, tera:Grass|84/100
|turn|13
|
|t:|1781173214
|switch|p1a: Iron Treads|Iron Treads|100/100
|move|p2a: Slowking|Sludge Bomb|p1a: Iron Treads
|-immune|p1a: Iron Treads
|
|-weather|none
|upkeep
|turn|14
|
|t:|1781173221
|move|p1a: Iron Treads|Stealth Rock|p2a: Slowking
|-sidestart|p2: icylikedecember|move: Stealth Rock
|move|p2a: Slowking|Flamethrower|p1a: Iron Treads
|-supereffective|p1a: Iron Treads
|-damage|p1a: Iron Treads|29/100
|
|-heal|p1a: Iron Treads|35/100|[from] item: Leftovers
|upkeep
|turn|15
|
|t:|1781173227
|move|p1a: Iron Treads|Knock Off|p2a: Slowking
|-damage|p2a: Slowking|59/100
|-enditem|p2a: Slowking|Assault Vest|[from] move: Knock Off|[of] p1a: Iron Treads
|move|p2a: Slowking|Flamethrower|p1a: Iron Treads
|-supereffective|p1a: Iron Treads
|-damage|p1a: Iron Treads|0 fnt
|faint|p1a: Iron Treads
|-end|p1a: Iron Treads|Quark Drive|[silent]
|
|upkeep
|
|t:|1781173234
|switch|p1a: Weavile|Weavile, M|100/100
|-ability|p1a: Weavile|Pressure
|turn|16
|
|t:|1781173238
|switch|p2a: Corviknight|Corviknight, M, shiny|100/100
|-damage|p2a: Corviknight|88/100|[from] Stealth Rock
|-ability|p2a: Corviknight|Pressure
|move|p1a: Weavile|Triple Axel|p2a: Corviknight
|-damage|p2a: Corviknight|82/100
|-damage|p1a: Weavile|84/100|[from] item: Rocky Helmet|[of] p2a: Corviknight
|-damage|p2a: Corviknight|70/100
|-damage|p1a: Weavile|67/100|[from] item: Rocky Helmet|[of] p2a: Corviknight
|-damage|p2a: Corviknight|52/100
|-damage|p1a: Weavile|50/100|[from] item: Rocky Helmet|[of] p2a: Corviknight
|-hitcount|p2a: Corviknight|3
|
|upkeep
|turn|17
|
|t:|1781173248
|-terastallize|p1a: Weavile|Ghost
|move|p1a: Weavile|Swords Dance|p1a: Weavile
|-boost|p1a: Weavile|atk|2
|move|p2a: Corviknight|Roost|p2a: Corviknight
|-heal|p2a: Corviknight|100/100
|-singleturn|p2a: Corviknight|move: Roost
|
|upkeep
|turn|18
|
|t:|1781173254
|move|p1a: Weavile|Triple Axel|p2a: Corviknight
|-damage|p2a: Corviknight|88/100
|-damage|p1a: Weavile|34/100|[from] item: Rocky Helmet|[of] p2a: Corviknight
|-damage|p2a: Corviknight|66/100
|-damage|p1a: Weavile|17/100|[from] item: Rocky Helmet|[of] p2a: Corviknight
|-damage|p2a: Corviknight|30/100
|-damage|p1a: Weavile|0 fnt|[from] item: Rocky Helmet|[of] p2a: Corviknight
|faint|p1a: Weavile
|-hitcount|p2a: Corviknight|3
|move|p2a: Corviknight|Brave Bird|p1: Weavile|[notarget]
|-fail|p2a: Corviknight
|
|upkeep
|j| Sanatan Dharma
|
|t:|1781173262
|switch|p1a: Kingdra|Kingdra, M|100/100
|turn|19
|
|t:|1781173266
|move|p1a: Kingdra|Dragon Pulse|p2a: Corviknight
|-resisted|p2a: Corviknight
|-damage|p2a: Corviknight|2/100
|move|p2a: Corviknight|Brave Bird|p1a: Kingdra
|-damage|p1a: Kingdra|52/100
|-damage|p2a: Corviknight|0 fnt|[from] Recoil
|faint|p2a: Corviknight
|
|upkeep
|
|t:|1781173271
|switch|p2a: Darkrai|Darkrai|100/100
|-damage|p2a: Darkrai|88/100|[from] Stealth Rock
|turn|20
|
|t:|1781173274
|move|p2a: Darkrai|Dark Pulse|p1a: Kingdra
|-damage|p1a: Kingdra|0 fnt
|faint|p1a: Kingdra
|
|upkeep
|
|t:|1781173277
|switch|p1a: Iron Valiant|Iron Valiant|100/100
|-enditem|p1a: Iron Valiant|Booster Energy
|-activate|p1a: Iron Valiant|ability: Quark Drive|[fromitem]
|-start|p1a: Iron Valiant|quarkdrivespe
|turn|21
|
|t:|1781173281
|move|p1a: Iron Valiant|Moonblast|p2a: Darkrai
|-supereffective|p2a: Darkrai
|-damage|p2a: Darkrai|0 fnt
|faint|p2a: Darkrai
|
|upkeep
|
|t:|1781173283
|switch|p2a: Slowking|Slowking-Galar, M, shiny, tera:Grass|92/100
|-damage|p2a: Slowking|79/100|[from] Stealth Rock
|turn|22
|
|t:|1781173288
|move|p1a: Iron Valiant|Close Combat|p2a: Slowking
|-damage|p2a: Slowking|28/100
|-unboost|p1a: Iron Valiant|def|1
|-unboost|p1a: Iron Valiant|spd|1
|move|p2a: Slowking|Sludge Bomb|p1a: Iron Valiant
|-supereffective|p1a: Iron Valiant
|-damage|p1a: Iron Valiant|0 fnt
|faint|p1a: Iron Valiant
|-end|p1a: Iron Valiant|Quark Drive|[silent]
|
|win|icylikedecember
|raw|ihymyly's rating: 1627 &rarr; <strong>1608</strong><br />(-19 for losing)
|raw|icylikedecember's rating: 1641 &rarr; <strong>1660</strong><br />(+19 for winning)
|l|☆ihymyly
|player|p1|
|l|☆icylikedecember
|player|p2|
|l| Mega Delibird X
