|j|☆Playm4ker52
|j|☆feiting
|t:|1781220397
|gametype|singles
|player|p1|Playm4ker52|169|1517
|player|p2|feiting|265|1716
|gen|9
|tier|[Gen 9] OU
|rated|
|rule|HP Percentage Mod: HP is shown in percentages
|rule|Endless Battle Clause: Forcing endless battles is banned
|rule|Species Clause: Limit one of each Pokémon
|rule|OHKO Clause: OHKO moves are banned
|rule|Evasion Items Clause: Evasion items are banned
|rule|Evasion Moves Clause: Evasion moves are banned
|rule|Evasion Abilities Clause: Evasion abilities are banned
|rule|Sleep Moves Clause: Sleep-inducing moves are banned
|clearpoke
|poke|p1|Gengar, F|
|poke|p1|Primarina, M|
|poke|p1|Corviknight, M|
|poke|p1|Iron Valiant|
|poke|p1|Raging Bolt|
|poke|p1|Great Tusk|
|poke|p2|Araquanid, F|
|poke|p2|Raging Bolt|
|poke|p2|Keldeo-Resolute|
|poke|p2|Basculegion, M|
|poke|p2|Hatterene, F|
|poke|p2|Pelipper, L99, F|
|teampreview
|inactive|Battle timer is ON: inactive players will automatically lose when time's up. (requested by feiting)
|
|t:|1781220431
|teamsize|p1|6
|teamsize|p2|6
|start
|switch|p1a: Gengar|Gengar, F|100/100
|switch|p2a: Araquanid|Araquanid, F|100/100
|turn|1
|
|t:|1781220436
|move|p1a: Gengar|Sludge Wave|p2a: Araquanid
|-damage|p2a: Araquanid|63/100
|-status|p2a: Araquanid|psn
|move|p2a: Araquanid|Sticky Web|p1a: Gengar
|-sidestart|p1: Playm4ker52|move: Sticky Web
|
|-damage|p2a: Araquanid|51/100 psn|[from] psn
|upkeep
|turn|2
|
|t:|1781220442
|switch|p1a: Corviknight|Corviknight, M|100/100
|-ability|p1a: Corviknight|Pressure
|move|p2a: Araquanid|Surf|p1a: Corviknight
|-damage|p1a: Corviknight|62/100
|
|-damage|p2a: Araquanid|39/100 psn|[from] psn
|upkeep
|turn|3
|
|t:|1781220451
|move|p1a: Corviknight|Defog|p2a: Araquanid
|-unboost|p2a: Araquanid|evasion|1
|-sideend|p1: Playm4ker52|Sticky Web|[from] move: Defog|[of] p1a: Corviknight
|move|p2a: Araquanid|Sticky Web|p1a: Corviknight
|-sidestart|p1: Playm4ker52|move: Sticky Web
|
|-damage|p2a: Araquanid|26/100 psn|[from] psn
|upkeep
|turn|4
|
|t:|1781220457
|move|p1a: Corviknight|Roost|p1a: Corviknight
|-heal|p1a: Corviknight|100/100
|-singleturn|p1a: Corviknight|move: Roost
|move|p2a: Araquanid|Sticky Web||[still]
|-fail|p2a: Araquanid
|
|-damage|p2a: Araquanid|14/100 psn|[from] psn
|upkeep
|turn|5
|
|t:|1781220464
|move|p1a: Corviknight|Defog|p2a: Araquanid
|-unboost|p2a: Araquanid|evasion|1
|-sideend|p1: Playm4ker52|Sticky Web|[from] move: Defog|[of] p1a: Corviknight
|move|p2a: Araquanid|Sticky Web|p1a: Corviknight
|-sidestart|p1: Playm4ker52|move: Sticky Web
|
|-damage|p2a: Araquanid|1/100 psn|[from] psn
|upkeep
|turn|6
|
|t:|1781220473
|move|p1a: Corviknight|Defog|p2a: Araquanid
|-unboost|p2a: Araquanid|evasion|1
|-sideend|p1: Playm4ker52|Sticky Web|[from] move: Defog|[of] p1a: Corviknight
|move|p2a: Araquanid|Sticky Web|p1a: Corviknight
|-sidestart|p1: Playm4ker52|move: Sticky Web
|
|-damage|p2a: Araquanid|0 fnt|[from] psn
|faint|p2a: Araquanid
|upkeep
|
|t:|1781220485
|switch|p2a: Raging Bolt|Raging Bolt|100/100
|-enditem|p2a: Raging Bolt|Booster Energy
|-activate|p2a: Raging Bolt|ability: Protosynthesis|[fromitem]
|-start|p2a: Raging Bolt|protosynthesisspa
|turn|7
|
|t:|1781220492
|-terastallize|p1a: Corviknight|Dragon
|move|p2a: Raging Bolt|Thunder|p1a: Corviknight
|-resisted|p1a: Corviknight
|-damage|p1a: Corviknight|62/100
|-status|p1a: Corviknight|par
|move|p1a: Corviknight|Defog|p2a: Raging Bolt
|-unboost|p2a: Raging Bolt|evasion|1
|-sideend|p1: Playm4ker52|Sticky Web|[from] move: Defog|[of] p1a: Corviknight
|
|upkeep
|turn|8
|
|t:|1781220502
|move|p2a: Raging Bolt|Dragon Pulse|p1a: Corviknight
|-supereffective|p1a: Corviknight
|-damage|p1a: Corviknight|0 fnt
|faint|p1a: Corviknight
|
|upkeep
|
|t:|1781220515
|switch|p1a: Primarina|Primarina, M|100/100
|turn|9
|
|t:|1781220519
|move|p2a: Raging Bolt|Thunder|p1a: Primarina|[miss]
|-miss|p2a: Raging Bolt|p1a: Primarina
|move|p1a: Primarina|Moonblast|p2a: Raging Bolt
|-supereffective|p2a: Raging Bolt
|-damage|p2a: Raging Bolt|7/100
|
|upkeep
|turn|10
|
|t:|1781220538
|switch|p1a: Raging Bolt|Raging Bolt|100/100
|-enditem|p1a: Raging Bolt|Booster Energy
|-activate|p1a: Raging Bolt|ability: Protosynthesis|[fromitem]
|-start|p1a: Raging Bolt|protosynthesisspa
|move|p2a: Raging Bolt|Thunder|p1a: Raging Bolt
|-resisted|p1a: Raging Bolt
|-damage|p1a: Raging Bolt|83/100
|
|upkeep
|turn|11
|
|t:|1781220550
|-end|p2a: Raging Bolt|Protosynthesis|[silent]
|switch|p2a: Hatterene|Hatterene, F|100/100
|move|p1a: Raging Bolt|Thunderclap||[still]
|-fail|p1a: Raging Bolt
|
|upkeep
|turn|12
|
|t:|1781220557
|-end|p1a: Raging Bolt|Protosynthesis|[silent]
|switch|p1a: Primarina|Primarina, M|100/100
|move|p2a: Hatterene|Draining Kiss|p1a: Primarina
|-damage|p1a: Primarina|87/100
|
|upkeep
|turn|13
|
|t:|1781220562
|move|p1a: Primarina|Moonblast|p2a: Hatterene
|-damage|p2a: Hatterene|68/100
|move|p2a: Hatterene|Nuzzle|p1a: Primarina
|-supereffective|p1a: Primarina
|-damage|p1a: Primarina|77/100
|-status|p1a: Primarina|par
|
|upkeep
|turn|14
|
|t:|1781220569
|move|p2a: Hatterene|Psyshock|p1a: Primarina
|-damage|p1a: Primarina|16/100 par
|move|p1a: Primarina|Moonblast|p2a: Hatterene
|-damage|p2a: Hatterene|32/100
|-unboost|p2a: Hatterene|spa|1
|
|upkeep
|turn|15
|
|t:|1781220576
|move|p2a: Hatterene|Psyshock|p1a: Primarina
|-damage|p1a: Primarina|0 fnt
|faint|p1a: Primarina
|
|upkeep
|
|t:|1781220581
|switch|p1a: Gengar|Gengar, F|100/100
|turn|16
|
|t:|1781220599
|move|p1a: Gengar|Shadow Ball|p2a: Hatterene
|-supereffective|p2a: Hatterene
|-damage|p2a: Hatterene|0 fnt
|faint|p2a: Hatterene
|
|upkeep
|
|t:|1781220602
|switch|p2a: Pelipper|Pelipper, L99, F|100/100
|-weather|RainDance|[from] ability: Drizzle|[of] p2a: Pelipper
|turn|17
|
|t:|1781220605
|switch|p2a: Raging Bolt|Raging Bolt|7/100
|move|p1a: Gengar|Shadow Ball|p2a: Raging Bolt
|-damage|p2a: Raging Bolt|0 fnt
|faint|p2a: Raging Bolt
|-end|p2a: Raging Bolt|Protosynthesis|[silent]
|
|-weather|RainDance|[upkeep]
|upkeep
|
|t:|1781220609
|switch|p2a: Basculegion|Basculegion, M|100/100
|turn|18
|
|t:|1781220622
|move|p2a: Basculegion|Flip Turn|p1a: Gengar
|-damage|p1a: Gengar|0 fnt
|faint|p1a: Gengar
|
|t:|1781220633
|switch|p2a: Keldeo|Keldeo-Resolute|100/100|[from] Flip Turn
|
|-weather|RainDance|[upkeep]
|upkeep
|
|t:|1781220636
|switch|p1a: Iron Valiant|Iron Valiant|100/100
|-enditem|p1a: Iron Valiant|Booster Energy
|-activate|p1a: Iron Valiant|ability: Quark Drive|[fromitem]
|-start|p1a: Iron Valiant|quarkdrivespe
|turn|19
|
|t:|1781220642
|-terastallize|p2a: Keldeo|Water
|move|p1a: Iron Valiant|Moonblast|p2a: Keldeo
|-damage|p2a: Keldeo|48/100
|-unboost|p2a: Keldeo|spa|1
|move|p2a: Keldeo|Surf|p1a: Iron Valiant
|-damage|p1a: Iron Valiant|0 fnt
|faint|p1a: Iron Valiant
|-end|p1a: Iron Valiant|Quark Drive|[silent]
|
|-weather|RainDance|[upkeep]
|upkeep
|
|t:|1781220651
|switch|p1a: Raging Bolt|Raging Bolt|83/100
|turn|20
|
|t:|1781220657
|switch|p2a: Pelipper|Pelipper, L99, F|100/100
|move|p1a: Raging Bolt|Thunderbolt|p2a: Pelipper
|-supereffective|p2a: Pelipper
|-damage|p2a: Pelipper|0 fnt
|faint|p2a: Pelipper
|
|-weather|RainDance|[upkeep]
|upkeep
|
|t:|1781220661
|switch|p2a: Keldeo|Keldeo-Resolute, tera:Water|48/100
|turn|21
|
|t:|1781220673
|move|p2a: Keldeo|Secret Sword|p1a: Raging Bolt
|-damage|p1a: Raging Bolt|17/100
|move|p1a: Raging Bolt|Thunderbolt|p2a: Keldeo
|-supereffective|p2a: Keldeo
|-damage|p2a: Keldeo|0 fnt
|faint|p2a: Keldeo
|
|-weather|RainDance|[upkeep]
|upkeep
|
|t:|1781220676
|switch|p2a: Basculegion|Basculegion, M|100/100
|turn|22
|
|t:|1781220678
|move|p2a: Basculegion|Aqua Jet|p1a: Raging Bolt
|-resisted|p1a: Raging Bolt
|-damage|p1a: Raging Bolt|0 fnt
|faint|p1a: Raging Bolt
|-end|p1a: Raging Bolt|Protosynthesis|[silent]
|
|-weather|RainDance|[upkeep]
|upkeep
|
|t:|1781220681
|switch|p1a: Great Tusk|Great Tusk|100/100
|-enditem|p1a: Great Tusk|Booster Energy
|-activate|p1a: Great Tusk|ability: Protosynthesis|[fromitem]
|-start|p1a: Great Tusk|protosynthesisatk
|turn|23
|
|t:|1781220684
|move|p2a: Basculegion|Aqua Jet|p1a: Great Tusk
|-supereffective|p1a: Great Tusk
|-damage|p1a: Great Tusk|40/100
|move|p1a: Great Tusk|Supercell Slam|p2a: Basculegion
|-supereffective|p2a: Basculegion
|-damage|p2a: Basculegion|0 fnt
|faint|p2a: Basculegion
|
|win|Playm4ker52
|raw|Playm4ker52's rating: 1517 &rarr; <strong>1547</strong><br />(+30 for winning)
|raw|feiting's rating: 1716 &rarr; <strong>1686</strong><br />(-30 for losing)
|l|☆feiting
|player|p2|
|l|☆Playm4ker52
|player|p1|
