|j|☆rblt ryo
|j|☆1200s chud
|t:|1780950135
|gametype|singles
|player|p1|rblt ryo|grimsley-gen7|1682
|player|p2|1200s chud|preschooler|1689
|gen|9
|tier|[Gen 9] OU
|rated|
|rule|HP Percentage Mod: HP is shown in percentages
|rule|Endless Battle Clause: Forcing endless battles is banned
|rule|Species Clause: Limit one of each Pokémon
|rule|OHKO Clause: OHKO moves are banned
|rule|Evasion Items Clause: Evasion items are banned
|rule|Evasion Moves Clause: Evasion moves are banned
|rule|Evasion Abilities Clause: Evasion abilities are banned
|rule|Sleep Moves Clause: Sleep-inducing moves are banned
|clearpoke
|poke|p1|Ting-Lu|
|poke|p1|Corviknight, M|
|poke|p1|Hatterene, F|
|poke|p1|Amoonguss, F|
|poke|p1|Dondozo, F|
|poke|p1|Hoopa-Unbound|
|poke|p2|Iron Thorns|
|poke|p2|Ribombee, M|
|poke|p2|Gholdengo|
|poke|p2|Quaquaval, F|
|poke|p2|Ceruledge, F|
|poke|p2|Ursaluna, F|
|teampreview
|inactive|Battle timer is ON: inactive players will automatically lose when time's up. (requested by 1200s chud)
|inactive|1200s chud has 120 seconds left.
|
|t:|1780950175
|teamsize|p1|6
|teamsize|p2|6
|start
|switch|p1a: Amoonguss|Amoonguss, F|100/100
|switch|p2a: Mr.EnjoyDaDances|Iron Thorns|100/100
|-enditem|p2a: Mr.EnjoyDaDances|Booster Energy
|-activate|p2a: Mr.EnjoyDaDances|ability: Quark Drive|[fromitem]
|-start|p2a: Mr.EnjoyDaDances|quarkdriveatk
|turn|1
|
|t:|1780950187
|move|p2a: Mr.EnjoyDaDances|Dragon Dance|p2a: Mr.EnjoyDaDances
|-boost|p2a: Mr.EnjoyDaDances|atk|1
|-boost|p2a: Mr.EnjoyDaDances|spe|1
|move|p1a: Amoonguss|Foul Play|p2a: Mr.EnjoyDaDances
|-damage|p2a: Mr.EnjoyDaDances|54/100
|
|upkeep
|turn|2
|
|t:|1780950196
|-terastallize|p2a: Mr.EnjoyDaDances|Ice
|move|p2a: Mr.EnjoyDaDances|Ice Punch|p1a: Amoonguss
|-supereffective|p1a: Amoonguss
|-damage|p1a: Amoonguss|0 fnt
|faint|p1a: Amoonguss
|
|upkeep
|
|t:|1780950207
|switch|p1a: Corviknight|Corviknight, M|100/100
|-ability|p1a: Corviknight|Pressure
|turn|3
|
|t:|1780950214
|-terastallize|p1a: Corviknight|Dragon
|move|p2a: Mr.EnjoyDaDances|Supercell Slam|p1a: Corviknight
|-resisted|p1a: Corviknight
|-damage|p1a: Corviknight|69/100
|-damage|p2a: Mr.EnjoyDaDances|37/100|[from] item: Rocky Helmet|[of] p1a: Corviknight
|move|p1a: Corviknight|Body Press|p2a: Mr.EnjoyDaDances
|-supereffective|p2a: Mr.EnjoyDaDances
|-damage|p2a: Mr.EnjoyDaDances|0 fnt
|faint|p2a: Mr.EnjoyDaDances
|-end|p2a: Mr.EnjoyDaDances|Quark Drive|[silent]
|
|upkeep
|
|t:|1780950234
|switch|p2a: HighOffDaPack|Ceruledge, F|100/100
|-item|p2a: HighOffDaPack|Air Balloon
|turn|4
|
|t:|1780950237
|switch|p1a: Dondozo|Dondozo, F|100/100
|move|p2a: HighOffDaPack|Swords Dance|p2a: HighOffDaPack
|-boost|p2a: HighOffDaPack|atk|2
|
|upkeep
|turn|5
|
|t:|1780950249
|move|p2a: HighOffDaPack|Swords Dance|p2a: HighOffDaPack
|-boost|p2a: HighOffDaPack|atk|2
|move|p1a: Dondozo|Curse|p1a: Dondozo
|-unboost|p1a: Dondozo|spe|1
|-boost|p1a: Dondozo|atk|1
|-boost|p1a: Dondozo|def|1
|
|upkeep
|turn|6
|
|t:|1780950257
|move|p2a: HighOffDaPack|Destiny Bond|p2a: HighOffDaPack
|-singlemove|p2a: HighOffDaPack|Destiny Bond
|move|p1a: Dondozo|Curse|p1a: Dondozo
|-unboost|p1a: Dondozo|spe|1
|-boost|p1a: Dondozo|atk|1
|-boost|p1a: Dondozo|def|1
|
|upkeep
|turn|7
|
|t:|1780950268
|switch|p2a: SupremeClientele|Ribombee, M|100/100
|move|p1a: Dondozo|Curse|p1a: Dondozo
|-unboost|p1a: Dondozo|spe|1
|-boost|p1a: Dondozo|atk|1
|-boost|p1a: Dondozo|def|1
|
|upkeep
|turn|8
|
|t:|1780950283
|move|p2a: SupremeClientele|Skill Swap|p1a: Dondozo
|-activate|p2a: SupremeClientele|Skill Swap|Unaware|Shield Dust|[of] p1a: Dondozo
|move|p1a: Dondozo|Liquidation|p2a: SupremeClientele
|-damage|p2a: SupremeClientele|39/100
|
|upkeep
|turn|9
|
|t:|1780950294
|move|p2a: SupremeClientele|Moonblast|p1a: Dondozo
|-damage|p1a: Dondozo|73/100
|move|p1a: Dondozo|Liquidation|p2a: SupremeClientele
|-damage|p2a: SupremeClientele|0 fnt
|faint|p2a: SupremeClientele
|
|-heal|p1a: Dondozo|79/100|[from] item: Leftovers
|upkeep
|
|t:|1780950305
|switch|p2a: AintCaughtThePlot|Gholdengo|100/100
|turn|10
|
|t:|1780950313
|move|p2a: AintCaughtThePlot|Nasty Plot|p2a: AintCaughtThePlot
|-boost|p2a: AintCaughtThePlot|spa|2
|move|p1a: Dondozo|Liquidation|p2a: AintCaughtThePlot
|-damage|p2a: AintCaughtThePlot|23/100
|
|-heal|p1a: Dondozo|85/100|[from] item: Leftovers
|upkeep
|turn|11
|-enditem|p2a: AintCaughtThePlot|Custap Berry|[eat]
|-activate|p2a: AintCaughtThePlot|item: Custap Berry|[consumed]
|
|t:|1780950318
|move|p2a: AintCaughtThePlot|Thunderbolt|p1a: Dondozo
|-supereffective|p1a: Dondozo
|-damage|p1a: Dondozo|0 fnt
|faint|p1a: Dondozo
|
|upkeep
|
|t:|1780950335
|switch|p1a: Ting-Lu|Ting-Lu|100/100
|-ability|p1a: Ting-Lu|Vessel of Ruin
|turn|12
|
|t:|1780950338
|move|p2a: AintCaughtThePlot|Make It Rain|p1a: Ting-Lu
|-damage|p1a: Ting-Lu|39/100
|-unboost|p2a: AintCaughtThePlot|spa|1
|move|p1a: Ting-Lu|Earthquake|p2a: AintCaughtThePlot
|-supereffective|p2a: AintCaughtThePlot
|-damage|p2a: AintCaughtThePlot|0 fnt
|faint|p2a: AintCaughtThePlot
|
|-heal|p1a: Ting-Lu|45/100|[from] item: Leftovers
|upkeep
|
|t:|1780950357
|switch|p2a: SmokingOnYaCore|Ursaluna, F|100/100
|turn|13
|
|t:|1780950375
|switch|p1a: Corviknight|Corviknight, M, tera:Dragon|69/100
|-ability|p1a: Corviknight|Pressure
|move|p2a: SmokingOnYaCore|Trailblaze|p1a: Corviknight
|-resisted|p1a: Corviknight
|-damage|p1a: Corviknight|64/100
|-boost|p2a: SmokingOnYaCore|spe|1
|-damage|p2a: SmokingOnYaCore|84/100|[from] item: Rocky Helmet|[of] p1a: Corviknight
|
|-status|p2a: SmokingOnYaCore|brn|[from] item: Flame Orb
|upkeep
|turn|14
|
|t:|1780950387
|move|p2a: SmokingOnYaCore|Facade|p1a: Corviknight
|-damage|p1a: Corviknight|0 fnt
|-damage|p2a: SmokingOnYaCore|67/100 brn|[from] item: Rocky Helmet|[of] p1a: Corviknight
|faint|p1a: Corviknight
|
|-damage|p2a: SmokingOnYaCore|61/100 brn|[from] brn
|upkeep
|
|t:|1780950390
|switch|p1a: Hatterene|Hatterene, F|100/100
|turn|15
|
|t:|1780950397
|move|p2a: SmokingOnYaCore|Facade|p1a: Hatterene
|-crit|p1a: Hatterene
|-damage|p1a: Hatterene|0 fnt
|faint|p1a: Hatterene
|
|-damage|p2a: SmokingOnYaCore|55/100 brn|[from] brn
|upkeep
|-message|rblt ryo forfeited.
|
|win|1200s chud
|raw|rblt ryo's rating: 1682 &rarr; <strong>1662</strong><br />(-20 for losing)
|raw|1200s chud's rating: 1689 &rarr; <strong>1709</strong><br />(+20 for winning)
|l|☆1200s chud
|player|p2|
