|j|☆imperimento
|j|☆spudcutter
|t:|1781599943
|gametype|singles
|player|p1|imperimento|101|1730
|player|p2|spudcutter|ghetsis-gen5bw|1776
|gen|9
|tier|[Gen 9] OU
|rated|
|rule|HP Percentage Mod: HP is shown in percentages
|rule|Endless Battle Clause: Forcing endless battles is banned
|rule|Species Clause: Limit one of each Pokémon
|rule|OHKO Clause: OHKO moves are banned
|rule|Evasion Items Clause: Evasion items are banned
|rule|Evasion Moves Clause: Evasion moves are banned
|rule|Evasion Abilities Clause: Evasion abilities are banned
|rule|Sleep Moves Clause: Sleep-inducing moves are banned
|clearpoke
|poke|p1|Gliscor, M|
|poke|p1|Magnezone|
|poke|p1|Garganacl, F|
|poke|p1|Walking Wake|
|poke|p1|Enamorus, F|
|poke|p1|Scizor, M|
|poke|p2|Tyranitar, M|
|poke|p2|Deoxys-Speed|
|poke|p2|Slowking-Galar, F|
|poke|p2|Great Tusk|
|poke|p2|Raging Bolt|
|poke|p2|Dondozo, M|
|teampreview
|inactive|Battle timer is ON: inactive players will automatically lose when time's up. (requested by spudcutter)
|inactive|spudcutter has 120 seconds left.
|
|t:|1781599988
|teamsize|p1|6
|teamsize|p2|6
|start
|switch|p1a: Gliscor|Gliscor, M|100/100
|switch|p2a: Deoxys|Deoxys-Speed|100/100
|-ability|p2a: Deoxys|Pressure
|turn|1
|
|t:|1781599997
|move|p1a: Gliscor|Protect|p1a: Gliscor
|-singleturn|p1a: Gliscor|Protect
|move|p2a: Deoxys|Knock Off|p1a: Gliscor
|-activate|p1a: Gliscor|move: Protect
|
|-status|p1a: Gliscor|tox|[from] item: Toxic Orb
|upkeep
|turn|2
|
|t:|1781600005
|move|p2a: Deoxys|Knock Off|p1a: Gliscor
|-damage|p1a: Gliscor|74/100 tox
|-enditem|p1a: Gliscor|Toxic Orb|[from] move: Knock Off|[of] p2a: Deoxys
|-damage|p2a: Deoxys|91/100|[from] item: Life Orb
|move|p1a: Gliscor|Knock Off|p2a: Deoxys
|-supereffective|p2a: Deoxys
|-damage|p2a: Deoxys|24/100
|-enditem|p2a: Deoxys|Life Orb|[from] move: Knock Off|[of] p1a: Gliscor
|
|-heal|p1a: Gliscor|86/100 tox|[from] ability: Poison Heal
|upkeep
|turn|3
|
|t:|1781600017
|move|p1a: Gliscor|Protect|p1a: Gliscor
|-singleturn|p1a: Gliscor|Protect
|move|p2a: Deoxys|Ice Beam|p1a: Gliscor
|-activate|p1a: Gliscor|move: Protect
|
|-heal|p1a: Gliscor|99/100 tox|[from] ability: Poison Heal
|upkeep
|turn|4
|
|t:|1781600028
|switch|p1a: Scizor|Scizor, M|100/100
|move|p2a: Deoxys|Ice Beam|p1a: Scizor
|-resisted|p1a: Scizor
|-damage|p1a: Scizor|86/100
|
|upkeep
|turn|5
|
|t:|1781600035
|switch|p2a: Great Tusk|Great Tusk|100/100
|move|p1a: Scizor|Bullet Punch|p2a: Great Tusk
|-damage|p2a: Great Tusk|85/100
|
|-heal|p2a: Great Tusk|91/100|[from] item: Leftovers
|upkeep
|turn|6
|j| g4rewfewfdwed
|
|t:|1781600047
|move|p2a: Great Tusk|Stealth Rock|p1a: Scizor
|-sidestart|p1: imperimento|move: Stealth Rock
|move|p1a: Scizor|Dual Wingbeat|p2a: Great Tusk
|-supereffective|p2a: Great Tusk
|-damage|p2a: Great Tusk|71/100
|-supereffective|p2a: Great Tusk
|-damage|p2a: Great Tusk|48/100
|-hitcount|p2a: Great Tusk|2
|
|-heal|p2a: Great Tusk|55/100|[from] item: Leftovers
|upkeep
|turn|7
|l| g4rewfewfdwed
|
|t:|1781600059
|switch|p1a: Gliscor|Gliscor, M|99/100 tox
|-damage|p1a: Gliscor|86/100 tox|[from] Stealth Rock
|move|p2a: Great Tusk|Knock Off|p1a: Gliscor
|-crit|p1a: Gliscor
|-damage|p1a: Gliscor|65/100 tox
|
|-heal|p2a: Great Tusk|61/100|[from] item: Leftovers
|-heal|p1a: Gliscor|77/100 tox|[from] ability: Poison Heal
|upkeep
|turn|8
|
|t:|1781600071
|-end|p2a: Great Tusk|Protosynthesis|[silent]
|switch|p2a: Dondozo|Dondozo, M|100/100
|move|p1a: Gliscor|Toxic|p2a: Dondozo
|-status|p2a: Dondozo|tox
|
|-heal|p1a: Gliscor|90/100 tox|[from] ability: Poison Heal
|-damage|p2a: Dondozo|94/100 tox|[from] psn
|upkeep
|turn|9
|
|t:|1781600080
|switch|p2a: Slowking|Slowking-Galar, F|100/100
|move|p1a: Gliscor|Knock Off|p2a: Slowking
|-supereffective|p2a: Slowking
|-damage|p2a: Slowking|58/100
|-enditem|p2a: Slowking|Assault Vest|[from] move: Knock Off|[of] p1a: Gliscor
|
|-heal|p1a: Gliscor|100/100 tox|[from] ability: Poison Heal
|upkeep
|turn|10
|
|t:|1781600098
|move|p1a: Gliscor|Earthquake|p2a: Slowking
|-supereffective|p2a: Slowking
|-damage|p2a: Slowking|0 fnt
|faint|p2a: Slowking
|
|upkeep
|
|t:|1781600103
|switch|p2a: Deoxys|Deoxys-Speed|24/100
|-ability|p2a: Deoxys|Pressure
|turn|11
|
|t:|1781600108
|move|p1a: Gliscor|Protect|p1a: Gliscor
|-singleturn|p1a: Gliscor|Protect
|move|p2a: Deoxys|Ice Beam|p1a: Gliscor
|-activate|p1a: Gliscor|move: Protect
|
|upkeep
|turn|12
|
|t:|1781600117
|switch|p1a: Scizor|Scizor, M|86/100
|move|p2a: Deoxys|Knock Off|p1a: Scizor
|-damage|p1a: Scizor|55/100
|-enditem|p1a: Scizor|Heavy-Duty Boots|[from] move: Knock Off|[of] p2a: Deoxys
|
|upkeep
|turn|13
|
|t:|1781600126
|switch|p2a: Dondozo|Dondozo, M|94/100 tox
|move|p1a: Scizor|Swords Dance|p1a: Scizor
|-boost|p1a: Scizor|atk|2
|
|-damage|p2a: Dondozo|88/100 tox|[from] psn
|upkeep
|turn|14
|
|t:|1781600136
|move|p1a: Scizor|Dual Wingbeat|p2a: Dondozo
|-damage|p2a: Dondozo|77/100 tox
|-damage|p1a: Scizor|39/100|[from] item: Rocky Helmet|[of] p2a: Dondozo
|-crit|p2a: Dondozo
|-damage|p2a: Dondozo|62/100 tox
|-damage|p1a: Scizor|23/100|[from] item: Rocky Helmet|[of] p2a: Dondozo
|-hitcount|p2a: Dondozo|2
|move|p2a: Dondozo|Waterfall|p1a: Scizor
|-damage|p1a: Scizor|0 fnt
|faint|p1a: Scizor
|
|-damage|p2a: Dondozo|49/100 tox|[from] psn
|upkeep
|
|t:|1781600152
|switch|p1a: Enamorus|Enamorus, F|100/100
|-damage|p1a: Enamorus|76/100|[from] Stealth Rock
|turn|15
|
|t:|1781600157
|switch|p2a: Tyranitar|Tyranitar, M|100/100
|-weather|Sandstorm|[from] ability: Sand Stream|[of] p2a: Tyranitar
|move|p1a: Enamorus|Moonblast|p2a: Tyranitar
|-supereffective|p2a: Tyranitar
|-damage|p2a: Tyranitar|56/100
|-unboost|p2a: Tyranitar|spa|1
|
|-weather|Sandstorm|[upkeep]
|-damage|p1a: Enamorus|69/100|[from] Sandstorm
|upkeep
|turn|16
|
|t:|1781600169
|switch|p1a: Garganacl|Garganacl, F|100/100
|-damage|p1a: Garganacl|88/100|[from] Stealth Rock
|move|p2a: Tyranitar|Iron Head|p1a: Garganacl
|-supereffective|p1a: Garganacl
|-damage|p1a: Garganacl|46/100
|
|-weather|Sandstorm|[upkeep]
|-heal|p1a: Garganacl|52/100|[from] item: Leftovers
|upkeep
|turn|17
|
|t:|1781600182
|move|p2a: Tyranitar|Knock Off|p1a: Garganacl
|-damage|p1a: Garganacl|13/100
|-enditem|p1a: Garganacl|Leftovers|[from] move: Knock Off|[of] p2a: Tyranitar
|move|p1a: Garganacl|Stealth Rock|p2a: Tyranitar
|-sidestart|p2: spudcutter|move: Stealth Rock
|
|-weather|Sandstorm|[upkeep]
|upkeep
|turn|18
|
|t:|1781600191
|switch|p1a: Gliscor|Gliscor, M|100/100 tox
|-damage|p1a: Gliscor|88/100 tox|[from] Stealth Rock
|move|p2a: Tyranitar|Knock Off|p1a: Gliscor
|-damage|p1a: Gliscor|59/100 tox
|
|-weather|Sandstorm|[upkeep]
|-heal|p1a: Gliscor|71/100 tox|[from] ability: Poison Heal
|upkeep
|turn|19
|
|t:|1781600200
|move|p1a: Gliscor|Earthquake|p2a: Tyranitar
|-supereffective|p2a: Tyranitar
|-damage|p2a: Tyranitar|7/100
|move|p2a: Tyranitar|Knock Off|p1a: Gliscor
|-damage|p1a: Gliscor|41/100 tox
|
|-weather|none
|-heal|p1a: Gliscor|54/100 tox|[from] ability: Poison Heal
|upkeep
|turn|20
|
|t:|1781600208
|switch|p2a: Great Tusk|Great Tusk|61/100
|-damage|p2a: Great Tusk|58/100|[from] Stealth Rock
|move|p1a: Gliscor|Earthquake|p2a: Great Tusk
|-damage|p2a: Great Tusk|41/100
|
|-heal|p2a: Great Tusk|48/100|[from] item: Leftovers
|-heal|p1a: Gliscor|66/100 tox|[from] ability: Poison Heal
|upkeep
|turn|21
|
|t:|1781600218
|move|p1a: Gliscor|Toxic|p2a: Great Tusk
|-status|p2a: Great Tusk|tox
|move|p2a: Great Tusk|Rapid Spin|p1a: Gliscor
|-damage|p1a: Gliscor|55/100 tox
|-boost|p2a: Great Tusk|spe|1
|-sideend|p2: spudcutter|Stealth Rock|[from] move: Rapid Spin|[of] p2a: Great Tusk
|
|-heal|p2a: Great Tusk|54/100 tox|[from] item: Leftovers
|-damage|p2a: Great Tusk|48/100 tox|[from] psn
|-heal|p1a: Gliscor|68/100 tox|[from] ability: Poison Heal
|upkeep
|turn|22
|
|t:|1781600235
|-end|p2a: Great Tusk|Protosynthesis|[silent]
|switch|p2a: Tyranitar|Tyranitar, M|7/100
|-weather|Sandstorm|[from] ability: Sand Stream|[of] p2a: Tyranitar
|move|p1a: Gliscor|Knock Off|p2a: Tyranitar
|-resisted|p2a: Tyranitar
|-damage|p2a: Tyranitar|0 fnt
|-enditem|p2a: Tyranitar|Assault Vest|[from] move: Knock Off|[of] p1a: Gliscor
|faint|p2a: Tyranitar
|
|-weather|Sandstorm|[upkeep]
|-heal|p1a: Gliscor|80/100 tox|[from] ability: Poison Heal
|upkeep
|
|t:|1781600237
|switch|p2a: Deoxys|Deoxys-Speed|24/100
|-ability|p2a: Deoxys|Pressure
|turn|23
|inactive|imperimento has 120 seconds left.
|
|t:|1781600270
|move|p1a: Gliscor|Protect|p1a: Gliscor
|-singleturn|p1a: Gliscor|Protect
|move|p2a: Deoxys|Ice Beam|p1a: Gliscor
|-activate|p1a: Gliscor|move: Protect
|
|-weather|Sandstorm|[upkeep]
|-damage|p2a: Deoxys|18/100|[from] Sandstorm
|-heal|p1a: Gliscor|93/100 tox|[from] ability: Poison Heal
|upkeep
|turn|24
|inactive|imperimento has 120 seconds left.
|
|t:|1781600302
|move|p2a: Deoxys|Knock Off|p1a: Gliscor
|-damage|p1a: Gliscor|77/100 tox
|move|p1a: Gliscor|Knock Off|p2a: Deoxys
|-supereffective|p2a: Deoxys
|-damage|p2a: Deoxys|0 fnt
|faint|p2a: Deoxys
|
|-weather|Sandstorm|[upkeep]
|-heal|p1a: Gliscor|90/100 tox|[from] ability: Poison Heal
|upkeep
|
|t:|1781600305
|switch|p2a: Raging Bolt|Raging Bolt|100/100
|turn|25
|
|t:|1781600315
|-terastallize|p2a: Raging Bolt|Flying
|move|p1a: Gliscor|Earthquake|p2a: Raging Bolt
|-immune|p2a: Raging Bolt
|move|p2a: Raging Bolt|Calm Mind|p2a: Raging Bolt
|-boost|p2a: Raging Bolt|spa|1
|-boost|p2a: Raging Bolt|spd|1
|
|-weather|Sandstorm|[upkeep]
|-damage|p2a: Raging Bolt|94/100|[from] Sandstorm
|-heal|p2a: Raging Bolt|100/100|[from] item: Leftovers
|-heal|p1a: Gliscor|100/100 tox|[from] ability: Poison Heal
|upkeep
|turn|26
|
|t:|1781600320
|move|p1a: Gliscor|Toxic|p2a: Raging Bolt
|-status|p2a: Raging Bolt|tox
|move|p2a: Raging Bolt|Dragon Pulse|p1a: Gliscor
|-damage|p1a: Gliscor|35/100 tox
|
|-weather|none
|-heal|p1a: Gliscor|47/100 tox|[from] ability: Poison Heal
|-damage|p2a: Raging Bolt|94/100 tox|[from] psn
|upkeep
|turn|27
|
|t:|1781600330
|move|p1a: Gliscor|Protect|p1a: Gliscor
|-singleturn|p1a: Gliscor|Protect
|move|p2a: Raging Bolt|Calm Mind|p2a: Raging Bolt
|-boost|p2a: Raging Bolt|spa|1
|-boost|p2a: Raging Bolt|spd|1
|
|-heal|p2a: Raging Bolt|100/100 tox|[from] item: Leftovers
|-heal|p1a: Gliscor|60/100 tox|[from] ability: Poison Heal
|-damage|p2a: Raging Bolt|88/100 tox|[from] psn
|upkeep
|turn|28
|
|t:|1781600335
|switch|p1a: Magnezone|Magnezone|100/100
|-damage|p1a: Magnezone|94/100|[from] Stealth Rock
|move|p2a: Raging Bolt|Dragon Pulse|p1a: Magnezone
|-resisted|p1a: Magnezone
|-damage|p1a: Magnezone|30/100
|
|-heal|p2a: Raging Bolt|94/100 tox|[from] item: Leftovers
|-damage|p2a: Raging Bolt|76/100 tox|[from] psn
|upkeep
|turn|29
|
|t:|1781600345
|move|p2a: Raging Bolt|Thunderclap|p1a: Magnezone
|-resisted|p1a: Magnezone
|-damage|p1a: Magnezone|0 fnt
|faint|p1a: Magnezone
|
|-heal|p2a: Raging Bolt|82/100 tox|[from] item: Leftovers
|-damage|p2a: Raging Bolt|57/100 tox|[from] psn
|upkeep
|
|t:|1781600355
|switch|p1a: Enamorus|Enamorus, F|69/100
|-damage|p1a: Enamorus|44/100|[from] Stealth Rock
|turn|30
|
|t:|1781600360
|move|p2a: Raging Bolt|Thunderclap||[still]
|-fail|p2a: Raging Bolt
|move|p1a: Enamorus|Healing Wish|p1a: Enamorus
|faint|p1a: Enamorus
|
|-heal|p2a: Raging Bolt|63/100 tox|[from] item: Leftovers
|-damage|p2a: Raging Bolt|33/100 tox|[from] psn
|upkeep
|-message|spudcutter forfeited.
|
|win|imperimento
|raw|imperimento's rating: 1730 &rarr; <strong>1753</strong><br />(+23 for winning)
|raw|spudcutter's rating: 1776 &rarr; <strong>1753</strong><br />(-23 for losing)
|l|☆spudcutter
|player|p2|
