|badge|p1|bronze|gen9randombattle|100-9
|badge|p1|bronze|gen9ubers|100-9
|uhtml|medal-msg|<div class="broadcast-blue">Curious what those medals under the avatar are? PS now has Ladder Seasons! For more information, check out the <a href="https://www.smogon.com/forums/threads/3740067/">thread on Smogon.</a></div>
|j|☆oddishlover4
|j|☆new pktrainer
|t:|1780954470
|gametype|singles
|player|p1|oddishlover4|acetrainerf|1648
|player|p2|new pktrainer|101|1691
|gen|9
|tier|[Gen 9] OU
|rated|
|rule|HP Percentage Mod: HP is shown in percentages
|rule|Endless Battle Clause: Forcing endless battles is banned
|rule|Species Clause: Limit one of each Pokémon
|rule|OHKO Clause: OHKO moves are banned
|rule|Evasion Items Clause: Evasion items are banned
|rule|Evasion Moves Clause: Evasion moves are banned
|rule|Evasion Abilities Clause: Evasion abilities are banned
|rule|Sleep Moves Clause: Sleep-inducing moves are banned
|clearpoke
|poke|p1|Dragonite, M|
|poke|p1|Ting-Lu|
|poke|p1|Clefable, M|
|poke|p1|Pecharunt|
|poke|p1|Heatran, F|
|poke|p1|Zamazenta-*|
|poke|p2|Cinderace, M|
|poke|p2|Slowking-Galar, F|
|poke|p2|Ting-Lu|
|poke|p2|Enamorus, F|
|poke|p2|Corviknight, F|
|poke|p2|Lokix, M|
|teampreview
|
|t:|1780954489
|teamsize|p1|6
|teamsize|p2|6
|start
|switch|p1a: Ting-Lu|Ting-Lu|100/100
|switch|p2a: Slowking|Slowking-Galar, F|100/100
|-ability|p1a: Ting-Lu|Vessel of Ruin
|turn|1
|c|☆oddishlover4|gl/hf!
|inactive|Battle timer is ON: inactive players will automatically lose when time's up. (requested by oddishlover4)
|
|t:|1780954507
|switch|p2a: Lokix|Lokix, M|100/100
|move|p1a: Ting-Lu|Ruination|p2a: Lokix
|-damage|p2a: Lokix|51/100
|
|upkeep
|turn|2
|c|☆new pktrainer|gl
|
|t:|1780954526
|switch|p1a: Dragonite|Dragonite, M|100/100
|move|p2a: Lokix|Knock Off|p1a: Dragonite
|-damage|p1a: Dragonite|66/100
|-enditem|p1a: Dragonite|Heavy-Duty Boots|[from] move: Knock Off|[of] p2a: Lokix
|
|upkeep
|turn|3
|
|t:|1780954545
|switch|p2a: Slowking|Slowking-Galar, F|100/100
|move|p1a: Dragonite|Roost|p1a: Dragonite
|-heal|p1a: Dragonite|100/100
|-singleturn|p1a: Dragonite|move: Roost
|
|upkeep
|turn|4
|
|t:|1780954563
|move|p2a: Slowking|Future Sight|p1a: Dragonite
|-start|p2a: Slowking|move: Future Sight
|move|p1a: Dragonite|Dragon Tail|p2a: Slowking
|-damage|p2a: Slowking|75/100
|drag|p2a: Lokix|Lokix, M|51/100
|
|upkeep
|turn|5
|inactive|oddishlover4 has 120 seconds left.
|
|t:|1780954582
|move|p1a: Dragonite|Extreme Speed|p2a: Lokix
|-damage|p2a: Lokix|8/100
|move|p2a: Lokix|U-turn|p1a: Dragonite
|-resisted|p1a: Dragonite
|-damage|p1a: Dragonite|76/100
|
|t:|1780954594
|switch|p2a: Enamorus|Enamorus, F|100/100|[from] U-turn
|
|upkeep
|turn|6
|inactive|oddishlover4 has 120 seconds left.
|
|t:|1780954612
|move|p1a: Dragonite|Extreme Speed|p2a: Enamorus
|-damage|p2a: Enamorus|55/100
|move|p2a: Enamorus|Earth Power|p1a: Dragonite
|-immune|p1a: Dragonite
|
|-end|p1a: Dragonite|move: Future Sight
|-damage|p1a: Dragonite|39/100
|upkeep
|turn|7
|inactive|oddishlover4 has 120 seconds left.
|
|t:|1780954631
|switch|p2a: Slowking|Slowking-Galar, F|100/100
|move|p1a: Dragonite|Roost|p1a: Dragonite
|-heal|p1a: Dragonite|89/100
|-singleturn|p1a: Dragonite|move: Roost
|
|upkeep
|turn|8
|inactive|oddishlover4 has 120 seconds left.
|
|t:|1780954649
|move|p1a: Dragonite|Earthquake|p2a: Slowking
|-supereffective|p2a: Slowking
|-damage|p2a: Slowking|48/100
|-prepare|p2a: Slowking|Chilly Reception|[premajor]
|move|p2a: Slowking|Chilly Reception|p2a: Slowking
|-weather|Snowscape
|
|t:|1780954653
|switch|p2a: Cinderace|Cinderace, M|100/100|[from] Chilly Reception
|
|-weather|Snowscape|[upkeep]
|upkeep
|turn|9
|inactive|oddishlover4 has 120 seconds left.
|
|t:|1780954671
|move|p1a: Dragonite|Extreme Speed|p2a: Cinderace
|-damage|p2a: Cinderace|62/100
|move|p2a: Cinderace|U-turn|p1a: Dragonite
|-resisted|p1a: Dragonite
|-damage|p1a: Dragonite|81/100
|
|t:|1780954674
|switch|p2a: Corviknight|Corviknight, F|100/100|[from] U-turn
|-ability|p2a: Corviknight|Pressure
|
|-weather|Snowscape|[upkeep]
|upkeep
|turn|10
|inactive|oddishlover4 has 120 seconds left.
|
|t:|1780954692
|move|p1a: Dragonite|Roost|p1a: Dragonite
|-heal|p1a: Dragonite|100/100
|-singleturn|p1a: Dragonite|move: Roost
|move|p2a: Corviknight|U-turn|p1a: Dragonite
|-damage|p1a: Dragonite|94/100
|
|t:|1780954698
|switch|p2a: Slowking|Slowking-Galar, F|81/100|[from] U-turn
|
|-weather|Snowscape|[upkeep]
|upkeep
|turn|11
|inactive|oddishlover4 has 120 seconds left.
|
|t:|1780954716
|move|p1a: Dragonite|Earthquake|p2a: Slowking
|-supereffective|p2a: Slowking
|-damage|p2a: Slowking|27/100
|move|p2a: Slowking|Future Sight|p1a: Dragonite
|-start|p2a: Slowking|move: Future Sight
|
|-weather|Snowscape|[upkeep]
|upkeep
|turn|12
|
|t:|1780954734
|switch|p2a: Ting-Lu|Ting-Lu|100/100
|-ability|p2a: Ting-Lu|Vessel of Ruin
|move|p1a: Dragonite|Dragon Tail|p2a: Ting-Lu
|-damage|p2a: Ting-Lu|81/100
|drag|p2a: Enamorus|Enamorus, F|55/100
|
|-weather|none
|upkeep
|turn|13
|j| nepturee
|
|t:|1780954753
|switch|p2a: Ting-Lu|Ting-Lu|81/100
|-ability|p2a: Ting-Lu|Vessel of Ruin
|-terastallize|p1a: Dragonite|Normal
|move|p1a: Dragonite|Extreme Speed|p2a: Ting-Lu
|-damage|p2a: Ting-Lu|56/100
|
|-end|p1a: Dragonite|move: Future Sight
|-damage|p1a: Dragonite|62/100
|-heal|p2a: Ting-Lu|63/100|[from] item: Leftovers
|upkeep
|turn|14
|
|t:|1780954771
|move|p2a: Ting-Lu|Stealth Rock|p1a: Dragonite
|-sidestart|p1: oddishlover4|move: Stealth Rock
|move|p1a: Dragonite|Dragon Tail|p2a: Ting-Lu
|-damage|p2a: Ting-Lu|43/100
|drag|p2a: Lokix|Lokix, M|8/100
|
|upkeep
|turn|15
|inactive|oddishlover4 has 90 seconds left.
|
|t:|1780954790
|switch|p2a: Corviknight|Corviknight, F|100/100
|-ability|p2a: Corviknight|Pressure
|move|p1a: Dragonite|Extreme Speed|p2a: Corviknight
|-resisted|p2a: Corviknight
|-damage|p2a: Corviknight|87/100
|-damage|p1a: Dragonite|45/100|[from] item: Rocky Helmet|[of] p2a: Corviknight
|
|upkeep
|turn|16
|inactive|oddishlover4 has 90 seconds left.
|
|t:|1780954808
|move|p1a: Dragonite|Roost|p1a: Dragonite
|-heal|p1a: Dragonite|95/100
|move|p2a: Corviknight|Brave Bird|p1a: Dragonite
|-damage|p1a: Dragonite|62/100
|-damage|p2a: Corviknight|76/100|[from] Recoil
|
|upkeep
|turn|17
|inactive|oddishlover4 has 90 seconds left.
|
|t:|1780954826
|move|p1a: Dragonite|Roost|p1a: Dragonite
|-heal|p1a: Dragonite|100/100
|move|p2a: Corviknight|U-turn|p1a: Dragonite
|-damage|p1a: Dragonite|94/100
|
|t:|1780954829
|switch|p2a: Slowking|Slowking-Galar, F|60/100|[from] U-turn
|
|upkeep
|turn|18
|inactive|oddishlover4 has 90 seconds left.
|
|t:|1780954847
|switch|p2a: Corviknight|Corviknight, F|76/100
|-ability|p2a: Corviknight|Pressure
|move|p1a: Dragonite|Dragon Tail|p2a: Corviknight
|-resisted|p2a: Corviknight
|-damage|p2a: Corviknight|66/100
|-damage|p1a: Dragonite|77/100|[from] item: Rocky Helmet|[of] p2a: Corviknight
|drag|p2a: Lokix|Lokix, M|8/100
|
|upkeep
|turn|19
|
|t:|1780954865
|switch|p2a: Corviknight|Corviknight, F|66/100
|-ability|p2a: Corviknight|Pressure
|move|p1a: Dragonite|Extreme Speed|p2a: Corviknight
|-resisted|p2a: Corviknight
|-crit|p2a: Corviknight
|-damage|p2a: Corviknight|47/100
|-damage|p1a: Dragonite|61/100|[from] item: Rocky Helmet|[of] p2a: Corviknight
|
|upkeep
|turn|20
|
|t:|1780954884
|move|p1a: Dragonite|Roost|p1a: Dragonite
|-heal|p1a: Dragonite|100/100
|move|p2a: Corviknight|Roost|p2a: Corviknight
|-heal|p2a: Corviknight|97/100
|-singleturn|p2a: Corviknight|move: Roost
|
|upkeep
|turn|21
|
|t:|1780954893
|switch|p1a: Clefable|Clefable, M|100/100
|move|p2a: Corviknight|U-turn|p1a: Clefable
|-resisted|p1a: Clefable
|-damage|p1a: Clefable|95/100
|
|t:|1780954897
|switch|p2a: Lokix|Lokix, M|8/100|[from] U-turn
|
|-heal|p1a: Clefable|100/100|[from] item: Leftovers
|upkeep
|turn|22
|
|t:|1780954915
|-terastallize|p2a: Lokix|Bug
|move|p2a: Lokix|Leech Life|p1a: Clefable
|-resisted|p1a: Clefable
|-damage|p1a: Clefable|38/100
|-heal|p2a: Lokix|51/100|[from] drain|[of] p1a: Clefable
|move|p1a: Clefable|Moonlight|p1a: Clefable
|-heal|p1a: Clefable|88/100
|
|-heal|p1a: Clefable|94/100|[from] item: Leftovers
|upkeep
|turn|23
|
|t:|1780954924
|switch|p1a: Pecharunt|Pecharunt|100/100
|move|p2a: Lokix|Leech Life|p1a: Pecharunt
|-resisted|p1a: Pecharunt
|-damage|p1a: Pecharunt|84/100
|-heal|p2a: Lokix|62/100|[from] drain|[of] p1a: Pecharunt
|
|upkeep
|turn|24
|
|t:|1780954944
|switch|p2a: Corviknight|Corviknight, F|97/100
|-ability|p2a: Corviknight|Pressure
|move|p1a: Pecharunt|Toxic|p2a: Corviknight
|-immune|p2a: Corviknight
|
|upkeep
|turn|25
|inactive|oddishlover4 has 90 seconds left.
|
|t:|1780954953
|move|p1a: Pecharunt|Shadow Ball|p2a: Corviknight
|-damage|p2a: Corviknight|72/100
|move|p2a: Corviknight|U-turn|p1a: Pecharunt
|-resisted|p1a: Pecharunt
|-damage|p1a: Pecharunt|82/100
|
|t:|1780954964
|switch|p2a: Ting-Lu|Ting-Lu|43/100|[from] U-turn
|-ability|p2a: Ting-Lu|Vessel of Ruin
|
|-heal|p2a: Ting-Lu|49/100|[from] item: Leftovers
|upkeep
|turn|26
|inactive|oddishlover4 has 90 seconds left.
|
|t:|1780954982
|switch|p2a: Slowking|Slowking-Galar, F|94/100
|move|p1a: Pecharunt|Toxic|p2a: Slowking
|-immune|p2a: Slowking
|
|upkeep
|turn|27
|inactive|oddishlover4 has 90 seconds left.
|
|t:|1780955000
|move|p1a: Pecharunt|Recover|p1a: Pecharunt
|-heal|p1a: Pecharunt|100/100
|move|p2a: Slowking|Future Sight|p1a: Pecharunt
|-start|p2a: Slowking|move: Future Sight
|
|upkeep
|turn|28
|inactive|oddishlover4 has 90 seconds left.
|
|t:|1780955017
|switch|p1a: Heatran|Heatran, F|100/100
|-damage|p1a: Heatran|88/100|[from] Stealth Rock
|-prepare|p2a: Slowking|Chilly Reception|[premajor]
|move|p2a: Slowking|Chilly Reception|p2a: Slowking
|-weather|Snowscape
|
|t:|1780955025
|switch|p2a: Ting-Lu|Ting-Lu|49/100|[from] Chilly Reception
|-ability|p2a: Ting-Lu|Vessel of Ruin
|
|-weather|Snowscape|[upkeep]
|-heal|p1a: Heatran|94/100|[from] item: Leftovers
|-heal|p2a: Ting-Lu|55/100|[from] item: Leftovers
|upkeep
|turn|29
|inactive|oddishlover4 has 90 seconds left.
|
|t:|1780955042
|move|p1a: Heatran|Will-O-Wisp|p2a: Ting-Lu
|-status|p2a: Ting-Lu|brn
|move|p2a: Ting-Lu|Earthquake|p1a: Heatran
|-supereffective|p1a: Heatran
|-damage|p1a: Heatran|35/100
|
|-weather|Snowscape|[upkeep]
|-end|p1a: Heatran|move: Future Sight
|-resisted|p1a: Heatran
|-damage|p1a: Heatran|24/100
|-heal|p1a: Heatran|30/100|[from] item: Leftovers
|-heal|p2a: Ting-Lu|61/100 brn|[from] item: Leftovers
|-damage|p2a: Ting-Lu|55/100 brn|[from] brn
|upkeep
|turn|30
|
|t:|1780955063
|switch|p2a: Slowking|Slowking-Galar, F|100/100
|move|p1a: Heatran|Stealth Rock|p2a: Slowking
|-sidestart|p2: new pktrainer|move: Stealth Rock
|
|-weather|Snowscape|[upkeep]
|-heal|p1a: Heatran|37/100|[from] item: Leftovers
|upkeep
|turn|31
|
|t:|1780955081
|switch|p1a: Zamazenta|Zamazenta|100/100
|-damage|p1a: Zamazenta|94/100|[from] Stealth Rock
|-ability|p1a: Zamazenta|Dauntless Shield|boost
|-boost|p1a: Zamazenta|def|1
|move|p2a: Slowking|Surf|p1a: Zamazenta
|-damage|p1a: Zamazenta|76/100
|
|-weather|Snowscape|[upkeep]
|-heal|p1a: Zamazenta|82/100|[from] item: Leftovers
|upkeep
|turn|32
|
|t:|1780955090
|move|p1a: Zamazenta|Crunch|p2a: Slowking
|-supereffective|p2a: Slowking
|-damage|p2a: Slowking|70/100
|-unboost|p2a: Slowking|def|1
|move|p2a: Slowking|Future Sight|p1a: Zamazenta
|-start|p2a: Slowking|move: Future Sight
|
|-weather|none
|-heal|p1a: Zamazenta|89/100|[from] item: Leftovers
|upkeep
|turn|33
|
|t:|1780955100
|switch|p2a: Corviknight|Corviknight, F|72/100
|-damage|p2a: Corviknight|59/100|[from] Stealth Rock
|-ability|p2a: Corviknight|Pressure
|move|p1a: Zamazenta|Crunch|p2a: Corviknight
|-damage|p2a: Corviknight|46/100
|-damage|p1a: Zamazenta|72/100|[from] item: Rocky Helmet|[of] p2a: Corviknight
|
|-heal|p1a: Zamazenta|78/100|[from] item: Leftovers
|upkeep
|turn|34
|
|t:|1780955109
|switch|p1a: Clefable|Clefable, M|94/100
|move|p2a: Corviknight|Roost|p2a: Corviknight
|-heal|p2a: Corviknight|96/100
|-singleturn|p2a: Corviknight|move: Roost
|
|-end|p1a: Clefable|move: Future Sight
|-damage|p1a: Clefable|53/100
|-heal|p1a: Clefable|59/100|[from] item: Leftovers
|upkeep
|turn|35
|inactive|oddishlover4 has 90 seconds left.
|
|t:|1780955126
|move|p2a: Corviknight|Defog|p1a: Clefable
|-unboost|p1a: Clefable|evasion|1
|-sideend|p1: oddishlover4|Stealth Rock|[from] move: Defog|[of] p2a: Corviknight
|-sideend|p2: new pktrainer|Stealth Rock|[from] move: Defog|[of] p2a: Corviknight
|move|p1a: Clefable|Moonlight|p1a: Clefable
|-heal|p1a: Clefable|100/100
|
|upkeep
|turn|36
|
|t:|1780955137
|switch|p2a: Lokix|Lokix, M, tera:Bug|62/100
|move|p1a: Clefable|Knock Off|p2a: Lokix
|-damage|p2a: Lokix|38/100
|-enditem|p2a: Lokix|Choice Band|[from] move: Knock Off|[of] p1a: Clefable
|
|upkeep
|turn|37
|
|t:|1780955146
|move|p2a: Lokix|Leech Life|p1a: Clefable
|-resisted|p1a: Clefable
|-damage|p1a: Clefable|62/100
|-heal|p2a: Lokix|64/100|[from] drain|[of] p1a: Clefable
|move|p1a: Clefable|Moonblast|p2a: Lokix
|-damage|p2a: Lokix|2/100
|
|-heal|p1a: Clefable|68/100|[from] item: Leftovers
|upkeep
|turn|38
|
|t:|1780955156
|move|p2a: Lokix|U-turn|p1a: Clefable
|-resisted|p1a: Clefable
|-damage|p1a: Clefable|31/100
|
|t:|1780955163
|switch|p2a: Slowking|Slowking-Galar, F|100/100|[from] U-turn
|move|p1a: Clefable|Moonlight|p1a: Clefable
|-heal|p1a: Clefable|81/100
|
|-heal|p1a: Clefable|88/100|[from] item: Leftovers
|upkeep
|turn|39
|
|t:|1780955172
|move|p1a: Clefable|Calm Mind|p1a: Clefable
|-boost|p1a: Clefable|spa|1
|-boost|p1a: Clefable|spd|1
|move|p2a: Slowking|Sludge Bomb|p1a: Clefable
|-supereffective|p1a: Clefable
|-damage|p1a: Clefable|44/100
|-status|p1a: Clefable|psn
|
|-heal|p1a: Clefable|50/100 psn|[from] item: Leftovers
|upkeep
|turn|40
|inactive|oddishlover4 has 120 seconds left.
|
|t:|1780955181
|move|p1a: Clefable|Moonlight|p1a: Clefable
|-heal|p1a: Clefable|100/100 psn
|move|p2a: Slowking|Sludge Bomb|p1a: Clefable
|-supereffective|p1a: Clefable
|-damage|p1a: Clefable|60/100 psn
|
|-heal|p1a: Clefable|66/100 psn|[from] item: Leftovers
|upkeep
|turn|41
|
|t:|1780955194
|move|p1a: Clefable|Moonlight|p1a: Clefable
|-heal|p1a: Clefable|100/100 psn
|move|p2a: Slowking|Sludge Bomb|p1a: Clefable
|-supereffective|p1a: Clefable
|-damage|p1a: Clefable|56/100 psn
|
|-heal|p1a: Clefable|62/100 psn|[from] item: Leftovers
|upkeep
|turn|42
|
|t:|1780955204
|move|p1a: Clefable|Moonlight|p1a: Clefable
|-heal|p1a: Clefable|100/100 psn
|move|p2a: Slowking|Sludge Bomb|p1a: Clefable
|-supereffective|p1a: Clefable
|-damage|p1a: Clefable|59/100 psn
|
|-heal|p1a: Clefable|65/100 psn|[from] item: Leftovers
|upkeep
|turn|43
|
|t:|1780955213
|move|p1a: Clefable|Moonlight|p1a: Clefable
|-heal|p1a: Clefable|100/100 psn
|move|p2a: Slowking|Sludge Bomb|p1a: Clefable
|-supereffective|p1a: Clefable
|-damage|p1a: Clefable|54/100 psn
|
|-heal|p1a: Clefable|60/100 psn|[from] item: Leftovers
|upkeep
|turn|44
|
|t:|1780955223
|move|p1a: Clefable|Moonlight|p1a: Clefable
|-heal|p1a: Clefable|100/100 psn
|move|p2a: Slowking|Sludge Bomb|p1a: Clefable
|-supereffective|p1a: Clefable
|-damage|p1a: Clefable|59/100 psn
|
|-heal|p1a: Clefable|65/100 psn|[from] item: Leftovers
|upkeep
|turn|45
|
|t:|1780955232
|switch|p1a: Heatran|Heatran, F|37/100
|move|p2a: Slowking|Sludge Bomb|p1a: Heatran
|-immune|p1a: Heatran
|
|-heal|p1a: Heatran|43/100|[from] item: Leftovers
|upkeep
|turn|46
|
|t:|1780955241
|move|p1a: Heatran|Stealth Rock|p2a: Slowking
|-sidestart|p2: new pktrainer|move: Stealth Rock
|move|p2a: Slowking|Surf|p1a: Heatran
|-supereffective|p1a: Heatran
|-damage|p1a: Heatran|13/100
|
|-heal|p1a: Heatran|19/100|[from] item: Leftovers
|upkeep
|turn|47
|
|t:|1780955251
|switch|p1a: Ting-Lu|Ting-Lu|100/100
|-ability|p1a: Ting-Lu|Vessel of Ruin
|move|p2a: Slowking|Surf|p1a: Ting-Lu
|-supereffective|p1a: Ting-Lu
|-damage|p1a: Ting-Lu|81/100
|
|-heal|p1a: Ting-Lu|87/100|[from] item: Leftovers
|upkeep
|turn|48
|
|t:|1780955260
|-prepare|p2a: Slowking|Chilly Reception|[premajor]
|move|p2a: Slowking|Chilly Reception|p2a: Slowking
|-weather|Snowscape
|
|t:|1780955268
|switch|p2a: Cinderace|Cinderace, M|62/100|[from] Chilly Reception
|move|p1a: Ting-Lu|Whirlwind|p2a: Cinderace
|drag|p2a: Enamorus|Enamorus, F|55/100
|-damage|p2a: Enamorus|30/100|[from] Stealth Rock
|
|-weather|Snowscape|[upkeep]
|-heal|p1a: Ting-Lu|93/100|[from] item: Leftovers
|upkeep
|turn|49
|
|t:|1780955285
|switch|p1a: Heatran|Heatran, F|19/100
|move|p2a: Enamorus|Moonblast|p1a: Heatran
|-resisted|p1a: Heatran
|-damage|p1a: Heatran|10/100
|
|-weather|Snowscape|[upkeep]
|-heal|p1a: Heatran|16/100|[from] item: Leftovers
|upkeep
|turn|50
|
|t:|1780955304
|switch|p2a: Cinderace|Cinderace, M|62/100
|move|p1a: Heatran|Magma Storm|p2a: Cinderace
|-resisted|p2a: Cinderace
|-damage|p2a: Cinderace|37/100
|-activate|p2a: Cinderace|move: Magma Storm|[of] p1a: Heatran
|
|-weather|Snowscape|[upkeep]
|-heal|p1a: Heatran|23/100|[from] item: Leftovers
|-damage|p2a: Cinderace|25/100|[from] move: Magma Storm|[partiallytrapped]
|upkeep
|turn|51
|
|t:|1780955322
|move|p2a: Cinderace|U-turn|p1a: Heatran
|-resisted|p1a: Heatran
|-damage|p1a: Heatran|19/100
|
|t:|1780955323
|switch|p2a: Ting-Lu|Ting-Lu|55/100 brn|[from] U-turn
|-damage|p2a: Ting-Lu|49/100 brn|[from] Stealth Rock
|-ability|p2a: Ting-Lu|Vessel of Ruin
|move|p1a: Heatran|Stealth Rock||[still]
|-fail|p1a: Heatran
|
|-weather|Snowscape|[upkeep]
|-heal|p1a: Heatran|25/100|[from] item: Leftovers
|-heal|p2a: Ting-Lu|55/100 brn|[from] item: Leftovers
|-damage|p2a: Ting-Lu|49/100 brn|[from] brn
|upkeep
|turn|52
|
|t:|1780955342
|switch|p1a: Zamazenta|Zamazenta|78/100
|move|p2a: Ting-Lu|Earthquake|p1a: Zamazenta
|-damage|p1a: Zamazenta|65/100
|
|-weather|none
|-heal|p1a: Zamazenta|71/100|[from] item: Leftovers
|-heal|p2a: Ting-Lu|55/100 brn|[from] item: Leftovers
|-damage|p2a: Ting-Lu|49/100 brn|[from] brn
|upkeep
|turn|53
|inactive|oddishlover4 has 120 seconds left.
|
|t:|1780955364
|switch|p2a: Corviknight|Corviknight, F|96/100
|-damage|p2a: Corviknight|84/100|[from] Stealth Rock
|-ability|p2a: Corviknight|Pressure
|move|p1a: Zamazenta|Body Press|p2a: Corviknight
|-damage|p2a: Corviknight|63/100
|-damage|p1a: Zamazenta|55/100|[from] item: Rocky Helmet|[of] p2a: Corviknight
|
|-heal|p1a: Zamazenta|61/100|[from] item: Leftovers
|upkeep
|turn|54
|
|t:|1780955373
|switch|p1a: Heatran|Heatran, F|25/100
|move|p2a: Corviknight|Defog|p1a: Heatran
|-unboost|p1a: Heatran|evasion|1
|-sideend|p2: new pktrainer|Stealth Rock|[from] move: Defog|[of] p2a: Corviknight
|
|-heal|p1a: Heatran|31/100|[from] item: Leftovers
|upkeep
|turn|55
|
|t:|1780955383
|switch|p2a: Lokix|Lokix, M, tera:Bug|2/100
|move|p1a: Heatran|Stealth Rock|p2a: Lokix
|-sidestart|p2: new pktrainer|move: Stealth Rock
|
|-heal|p1a: Heatran|38/100|[from] item: Leftovers
|upkeep
|turn|56
|
|t:|1780955392
|switch|p1a: Zamazenta|Zamazenta|61/100
|move|p2a: Lokix|Knock Off|p1a: Zamazenta
|-resisted|p1a: Zamazenta
|-damage|p1a: Zamazenta|30/100
|-enditem|p1a: Zamazenta|Leftovers|[from] move: Knock Off|[of] p2a: Lokix
|
|upkeep
|turn|57
|
|t:|1780955404
|switch|p2a: Slowking|Slowking-Galar, F|100/100
|move|p1a: Zamazenta|Body Press|p2a: Slowking
|-resisted|p2a: Slowking
|-damage|p2a: Slowking|95/100
|
|upkeep
|turn|58
|
|t:|1780955415
|switch|p1a: Ting-Lu|Ting-Lu|93/100
|-ability|p1a: Ting-Lu|Vessel of Ruin
|-prepare|p2a: Slowking|Chilly Reception|[premajor]
|move|p2a: Slowking|Chilly Reception|p2a: Slowking
|-weather|Snowscape
|
|t:|1780955424
|switch|p2a: Corviknight|Corviknight, F|63/100|[from] Chilly Reception
|-damage|p2a: Corviknight|51/100|[from] Stealth Rock
|-ability|p2a: Corviknight|Pressure
|
|-weather|Snowscape|[upkeep]
|-heal|p1a: Ting-Lu|99/100|[from] item: Leftovers
|upkeep
|turn|59
|
|t:|1780955433
|switch|p1a: Heatran|Heatran, F|38/100
|move|p2a: Corviknight|Defog|p1a: Heatran
|-unboost|p1a: Heatran|evasion|1
|-sideend|p2: new pktrainer|Stealth Rock|[from] move: Defog|[of] p2a: Corviknight
|
|-weather|Snowscape|[upkeep]
|-heal|p1a: Heatran|44/100|[from] item: Leftovers
|upkeep
|turn|60
|
|t:|1780955442
|switch|p2a: Lokix|Lokix, M, tera:Bug|2/100
|move|p1a: Heatran|Stealth Rock|p2a: Lokix
|-sidestart|p2: new pktrainer|move: Stealth Rock
|
|-weather|Snowscape|[upkeep]
|-heal|p1a: Heatran|50/100|[from] item: Leftovers
|upkeep
|turn|61
|
|t:|1780955452
|switch|p1a: Zamazenta|Zamazenta|30/100
|move|p2a: Lokix|Knock Off|p1a: Zamazenta
|-resisted|p1a: Zamazenta
|-damage|p1a: Zamazenta|9/100
|
|-weather|Snowscape|[upkeep]
|upkeep
|turn|62
|
|t:|1780955461
|switch|p2a: Slowking|Slowking-Galar, F|100/100
|move|p1a: Zamazenta|Crunch|p2a: Slowking
|-supereffective|p2a: Slowking
|-damage|p2a: Slowking|72/100
|
|-weather|none
|upkeep
|turn|63
|
|t:|1780955472
|move|p1a: Zamazenta|Crunch|p2a: Slowking
|-supereffective|p2a: Slowking
|-damage|p2a: Slowking|42/100
|-prepare|p2a: Slowking|Chilly Reception|[premajor]
|move|p2a: Slowking|Chilly Reception|p2a: Slowking
|-weather|Snowscape
|
|t:|1780955474
|switch|p2a: Corviknight|Corviknight, F|51/100|[from] Chilly Reception
|-damage|p2a: Corviknight|39/100|[from] Stealth Rock
|-ability|p2a: Corviknight|Pressure
|
|-weather|Snowscape|[upkeep]
|upkeep
|turn|64
|
|t:|1780955483
|switch|p1a: Heatran|Heatran, F|50/100
|move|p2a: Corviknight|Defog|p1a: Heatran
|-unboost|p1a: Heatran|evasion|1
|-sideend|p2: new pktrainer|Stealth Rock|[from] move: Defog|[of] p2a: Corviknight
|
|-weather|Snowscape|[upkeep]
|-heal|p1a: Heatran|56/100|[from] item: Leftovers
|upkeep
|turn|65
|
|t:|1780955493
|switch|p2a: Lokix|Lokix, M, tera:Bug|2/100
|move|p1a: Heatran|Stealth Rock|p2a: Lokix
|-sidestart|p2: new pktrainer|move: Stealth Rock
|
|-weather|Snowscape|[upkeep]
|-heal|p1a: Heatran|62/100|[from] item: Leftovers
|upkeep
|turn|66
|
|t:|1780955502
|switch|p1a: Dragonite|Dragonite, M, tera:Normal|100/100
|move|p2a: Lokix|Knock Off|p1a: Dragonite
|-damage|p1a: Dragonite|86/100
|
|-weather|Snowscape|[upkeep]
|upkeep
|turn|67
|-message|new pktrainer forfeited.
|
|win|oddishlover4
|raw|oddishlover4's rating: 1648 &rarr; <strong>1670</strong><br />(+22 for winning)
|raw|new pktrainer's rating: 1691 &rarr; <strong>1669</strong><br />(-22 for losing)
|l|☆new pktrainer
|player|p2|
|c|☆oddishlover4|GG!
|l| nepturee
