|j|☆KurisuChestnutOU
|j|☆dooming
|t:|1781151215
|gametype|singles
|player|p1|KurisuChestnutOU|may-contest|1577
|player|p2|dooming|marshal|1528
|gen|9
|tier|[Gen 9] OU
|rated|
|rule|HP Percentage Mod: HP is shown in percentages
|rule|Endless Battle Clause: Forcing endless battles is banned
|rule|Species Clause: Limit one of each Pokémon
|rule|OHKO Clause: OHKO moves are banned
|rule|Evasion Items Clause: Evasion items are banned
|rule|Evasion Moves Clause: Evasion moves are banned
|rule|Evasion Abilities Clause: Evasion abilities are banned
|rule|Sleep Moves Clause: Sleep-inducing moves are banned
|clearpoke
|poke|p1|Hawlucha, F|
|poke|p1|Samurott-Hisui, F|
|poke|p1|Rillaboom, F|
|poke|p1|Gholdengo|
|poke|p1|Kyurem|
|poke|p1|Landorus-Therian, M|
|poke|p2|Heatran, F|
|poke|p2|Dragonite, F|
|poke|p2|Great Tusk|
|poke|p2|Kyurem|
|poke|p2|Weezing-Galar, F|
|poke|p2|Iron Valiant|
|teampreview
|inactive|Battle timer is ON: inactive players will automatically lose when time's up. (requested by KurisuChestnutOU)
|inactive|dooming has 120 seconds left.
|
|t:|1781151253
|teamsize|p1|6
|teamsize|p2|6
|start
|switch|p1a: Gholdengo|Gholdengo|100/100
|switch|p2a: Great Tusk|Great Tusk, shiny|100/100
|turn|1
|
|t:|1781151258
|switch|p1a: Kyurem|Kyurem|100/100
|-ability|p1a: Kyurem|Pressure
|-end|p2a: Great Tusk|Protosynthesis|[silent]
|switch|p2a: Heatran|Heatran, F, shiny|100/100
|
|upkeep
|turn|2
|
|t:|1781151263
|move|p1a: Kyurem|Earth Power|p2a: Heatran
|-supereffective|p2a: Heatran
|-damage|p2a: Heatran|29/100
|-unboost|p2a: Heatran|spd|1
|move|p2a: Heatran|Magma Storm|p1a: Kyurem
|-damage|p1a: Kyurem|66/100
|-activate|p1a: Kyurem|move: Magma Storm|[of] p2a: Heatran
|
|-damage|p1a: Kyurem|54/100|[from] move: Magma Storm|[partiallytrapped]
|upkeep
|turn|3
|
|t:|1781151280
|switch|p2a: Kyurem|Kyurem, shiny|100/100
|-ability|p2a: Kyurem|Pressure
|move|p1a: Kyurem|Earth Power|p2a: Kyurem
|-damage|p2a: Kyurem|73/100
|
|-end|p1a: Kyurem|Magma Storm|[partiallytrapped]|[silent]
|upkeep
|turn|4
|
|t:|1781151287
|move|p2a: Kyurem|Draco Meteor|p1a: Kyurem
|-supereffective|p1a: Kyurem
|-damage|p1a: Kyurem|0 fnt
|-unboost|p2a: Kyurem|spa|2
|faint|p1a: Kyurem
|
|upkeep
|
|t:|1781151291
|switch|p1a: Samurott|Samurott-Hisui, F|100/100
|turn|5
|
|t:|1781151295
|switch|p2a: Weezing|Weezing-Galar, F, shiny|100/100
|-ability|p2a: Weezing|Neutralizing Gas
|move|p1a: Samurott|Ceaseless Edge|p2a: Weezing
|-resisted|p2a: Weezing
|-damage|p2a: Weezing|90/100
|-damage|p1a: Samurott|84/100|[from] item: Rocky Helmet|[of] p2a: Weezing
|-sidestart|p2: dooming|Spikes
|
|upkeep
|turn|6
|
|t:|1781151300
|switch|p1a: Gholdengo|Gholdengo|100/100
|move|p2a: Weezing|Will-O-Wisp|p1a: Gholdengo
|-status|p1a: Gholdengo|brn
|
|-damage|p1a: Gholdengo|94/100 brn|[from] brn
|upkeep
|turn|7
|
|t:|1781151316
|-end|p2a: Weezing|ability: Neutralizing Gas
|switch|p2a: Great Tusk|Great Tusk, shiny|100/100
|-damage|p2a: Great Tusk|88/100|[from] Spikes
|move|p1a: Gholdengo|Make It Rain|p2a: Great Tusk
|-damage|p2a: Great Tusk|0 fnt
|-unboost|p1a: Gholdengo|spa|1
|faint|p2a: Great Tusk
|-end|p2a: Great Tusk|Protosynthesis|[silent]
|
|-damage|p1a: Gholdengo|88/100 brn|[from] brn
|upkeep
|
|t:|1781151320
|switch|p2a: Heatran|Heatran, F, shiny|29/100
|-damage|p2a: Heatran|16/100|[from] Spikes
|turn|8
|
|t:|1781151330
|switch|p1a: Samurott|Samurott-Hisui, F|84/100
|move|p2a: Heatran|Magma Storm|p1a: Samurott|[miss]
|-miss|p2a: Heatran|p1a: Samurott
|
|upkeep
|turn|9
|
|t:|1781151334
|move|p1a: Samurott|Ceaseless Edge|p2a: Heatran
|-damage|p2a: Heatran|0 fnt
|-sidestart|p2: dooming|Spikes
|faint|p2a: Heatran
|
|upkeep
|
|t:|1781151337
|switch|p2a: Weezing|Weezing-Galar, F, shiny|90/100
|-ability|p2a: Weezing|Neutralizing Gas
|-damage|p2a: Weezing|73/100|[from] Spikes
|turn|10
|
|t:|1781151340
|switch|p1a: Gholdengo|Gholdengo|88/100 brn
|move|p2a: Weezing|Defog|p1a: Gholdengo
|-unboost|p1a: Gholdengo|evasion|1
|-sideend|p2: dooming|Spikes|[from] move: Defog|[of] p2a: Weezing
|
|-damage|p1a: Gholdengo|82/100 brn|[from] brn
|upkeep
|turn|11
|
|t:|1781151351
|-end|p2a: Weezing|ability: Neutralizing Gas
|switch|p2a: Dragonite|Dragonite, F|100/100
|move|p1a: Gholdengo|Make It Rain|p2a: Dragonite
|-damage|p2a: Dragonite|67/100
|-unboost|p1a: Gholdengo|spa|1
|
|-damage|p1a: Gholdengo|76/100 brn|[from] brn
|upkeep
|turn|12
|
|t:|1781151355
|switch|p1a: Landorus|Landorus-Therian, M|100/100
|-ability|p1a: Landorus|Intimidate|boost
|-unboost|p2a: Dragonite|atk|1
|move|p2a: Dragonite|Dragon Dance|p2a: Dragonite
|-boost|p2a: Dragonite|atk|1
|-boost|p2a: Dragonite|spe|1
|
|upkeep
|turn|13
|
|t:|1781151361
|move|p2a: Dragonite|Ice Spinner|p1a: Landorus
|-supereffective|p1a: Landorus
|-damage|p1a: Landorus|0 fnt
|-damage|p2a: Dragonite|50/100|[from] item: Rocky Helmet|[of] p1a: Landorus
|faint|p1a: Landorus
|
|upkeep
|
|t:|1781151364
|switch|p1a: Gholdengo|Gholdengo|76/100 brn
|turn|14
|
|t:|1781151368
|-terastallize|p2a: Dragonite|Fire
|move|p1a: Gholdengo|Make It Rain|p2a: Dragonite
|-resisted|p2a: Dragonite
|-damage|p2a: Dragonite|16/100
|-unboost|p1a: Gholdengo|spa|1
|move|p2a: Dragonite|Fire Punch|p1a: Gholdengo
|-supereffective|p1a: Gholdengo
|-damage|p1a: Gholdengo|0 fnt
|faint|p1a: Gholdengo
|
|upkeep
|
|t:|1781151375
|switch|p1a: Rillaboom|Rillaboom, F|100/100
|-fieldstart|move: Grassy Terrain|[from] ability: Grassy Surge|[of] p1a: Rillaboom
|turn|15
|
|t:|1781151378
|switch|p2a: Weezing|Weezing-Galar, F, shiny|73/100
|-ability|p2a: Weezing|Neutralizing Gas
|switch|p1a: Samurott|Samurott-Hisui, F|84/100
|
|-heal|p1a: Samurott|90/100|[from] Grassy Terrain
|-heal|p2a: Weezing|79/100|[from] Grassy Terrain
|upkeep
|turn|16
|
|t:|1781151385
|switch|p1a: Rillaboom|Rillaboom, F|100/100
|move|p2a: Weezing|Will-O-Wisp|p1a: Rillaboom
|-status|p1a: Rillaboom|brn
|-enditem|p1a: Rillaboom|Lum Berry|[eat]
|-curestatus|p1a: Rillaboom|brn|[msg]
|
|-heal|p2a: Weezing|85/100|[from] Grassy Terrain
|upkeep
|turn|17
|
|t:|1781151389
|switch|p1a: Hawlucha|Hawlucha, F|100/100
|-enditem|p1a: Hawlucha|Grassy Seed
|-boost|p1a: Hawlucha|def|1|[from] item: Grassy Seed
|move|p2a: Weezing|Will-O-Wisp|p1a: Hawlucha
|-status|p1a: Hawlucha|brn
|
|-heal|p2a: Weezing|91/100|[from] Grassy Terrain
|-damage|p1a: Hawlucha|94/100 brn|[from] brn
|upkeep
|turn|18
|
|t:|1781151392
|-terastallize|p1a: Hawlucha|Steel
|move|p1a: Hawlucha|Swords Dance|p1a: Hawlucha
|-boost|p1a: Hawlucha|atk|2
|move|p2a: Weezing|Strange Steam|p1a: Hawlucha
|-resisted|p1a: Hawlucha
|-damage|p1a: Hawlucha|69/100 brn
|
|-heal|p1a: Hawlucha|76/100 brn|[from] Grassy Terrain
|-heal|p2a: Weezing|97/100|[from] Grassy Terrain
|-damage|p1a: Hawlucha|69/100 brn|[from] brn
|upkeep
|turn|19
|
|t:|1781151403
|move|p1a: Hawlucha|Swords Dance|p1a: Hawlucha
|-boost|p1a: Hawlucha|atk|2
|move|p2a: Weezing|Strange Steam|p1a: Hawlucha
|-resisted|p1a: Hawlucha
|-damage|p1a: Hawlucha|45/100 brn
|
|-heal|p1a: Hawlucha|52/100 brn|[from] Grassy Terrain
|-heal|p2a: Weezing|100/100|[from] Grassy Terrain
|-damage|p1a: Hawlucha|45/100 brn|[from] brn
|-fieldend|move: Grassy Terrain
|upkeep
|turn|20
|
|t:|1781151407
|move|p1a: Hawlucha|Roost|p1a: Hawlucha
|-heal|p1a: Hawlucha|96/100 brn
|move|p2a: Weezing|Strange Steam|p1a: Hawlucha
|-resisted|p1a: Hawlucha
|-damage|p1a: Hawlucha|72/100 brn
|
|-damage|p1a: Hawlucha|66/100 brn|[from] brn
|upkeep
|turn|21
|
|t:|1781151418
|move|p1a: Hawlucha|Acrobatics|p2a: Weezing
|-damage|p2a: Weezing|45/100
|-damage|p1a: Hawlucha|50/100 brn|[from] item: Rocky Helmet|[of] p2a: Weezing
|move|p2a: Weezing|Strange Steam|p1a: Hawlucha
|-resisted|p1a: Hawlucha
|-crit|p1a: Hawlucha
|-damage|p1a: Hawlucha|13/100 brn
|-start|p1a: Hawlucha|confusion
|
|-damage|p1a: Hawlucha|7/100 brn|[from] brn
|upkeep
|turn|22
|
|t:|1781151425
|-activate|p1a: Hawlucha|confusion
|move|p1a: Hawlucha|Roost|p1a: Hawlucha
|-heal|p1a: Hawlucha|57/100 brn
|move|p2a: Weezing|Strange Steam|p1a: Hawlucha
|-resisted|p1a: Hawlucha
|-damage|p1a: Hawlucha|33/100 brn
|
|-damage|p1a: Hawlucha|27/100 brn|[from] brn
|upkeep
|turn|23
|
|t:|1781151432
|-activate|p1a: Hawlucha|confusion
|move|p1a: Hawlucha|Acrobatics|p2a: Weezing
|-damage|p2a: Weezing|0 fnt
|-damage|p1a: Hawlucha|10/100 brn|[from] item: Rocky Helmet|[of] p2a: Weezing
|faint|p2a: Weezing
|-end|p2a: Weezing|ability: Neutralizing Gas
|
|-damage|p1a: Hawlucha|4/100 brn|[from] brn
|upkeep
|
|t:|1781151436
|switch|p2a: Dragonite|Dragonite, F, tera:Fire|16/100
|turn|24
|
|t:|1781151439
|move|p2a: Dragonite|Extreme Speed|p1a: Hawlucha
|-resisted|p1a: Hawlucha
|-damage|p1a: Hawlucha|0 fnt
|faint|p1a: Hawlucha
|
|upkeep
|
|t:|1781151447
|switch|p1a: Rillaboom|Rillaboom, F|100/100
|-fieldstart|move: Grassy Terrain|[from] ability: Grassy Surge|[of] p1a: Rillaboom
|turn|25
|
|t:|1781151451
|switch|p1a: Samurott|Samurott-Hisui, F|90/100
|move|p2a: Dragonite|Fire Punch|p1a: Samurott
|-resisted|p1a: Samurott
|-damage|p1a: Samurott|65/100
|
|-heal|p2a: Dragonite|22/100|[from] Grassy Terrain
|-heal|p1a: Samurott|71/100|[from] Grassy Terrain
|upkeep
|turn|26
|
|t:|1781151457
|switch|p1a: Rillaboom|Rillaboom, F|100/100
|move|p2a: Dragonite|Extreme Speed|p1a: Rillaboom
|-damage|p1a: Rillaboom|69/100
|
|-heal|p2a: Dragonite|28/100|[from] Grassy Terrain
|-heal|p1a: Rillaboom|76/100|[from] Grassy Terrain
|upkeep
|turn|27
|
|t:|1781151464
|switch|p1a: Samurott|Samurott-Hisui, F|71/100
|move|p2a: Dragonite|Extreme Speed|p1a: Samurott
|-damage|p1a: Samurott|33/100
|
|-heal|p2a: Dragonite|34/100|[from] Grassy Terrain
|-heal|p1a: Samurott|39/100|[from] Grassy Terrain
|upkeep
|turn|28
|
|t:|1781151469
|switch|p1a: Rillaboom|Rillaboom, F|76/100
|move|p2a: Dragonite|Extreme Speed|p1a: Rillaboom
|-damage|p1a: Rillaboom|41/100
|
|-heal|p2a: Dragonite|41/100|[from] Grassy Terrain
|-heal|p1a: Rillaboom|47/100|[from] Grassy Terrain
|upkeep
|turn|29
|
|t:|1781151475
|move|p2a: Dragonite|Fire Punch|p1a: Rillaboom
|-supereffective|p1a: Rillaboom
|-damage|p1a: Rillaboom|0 fnt
|faint|p1a: Rillaboom
|
|-heal|p2a: Dragonite|47/100|[from] Grassy Terrain
|-fieldend|move: Grassy Terrain
|upkeep
|
|t:|1781151478
|switch|p1a: Samurott|Samurott-Hisui, F|39/100
|turn|30
|
|t:|1781151484
|move|p2a: Dragonite|Extreme Speed|p1a: Samurott
|-damage|p1a: Samurott|2/100
|move|p1a: Samurott|Ceaseless Edge|p2a: Dragonite
|-damage|p2a: Dragonite|3/100
|-sidestart|p2: dooming|Spikes
|
|upkeep
|turn|31
|
|t:|1781151489
|move|p2a: Dragonite|Extreme Speed|p1a: Samurott
|-damage|p1a: Samurott|0 fnt
|faint|p1a: Samurott
|
|win|dooming
|raw|KurisuChestnutOU's rating: 1561 &rarr; <strong>1539</strong><br />(-22 for losing)
|raw|dooming's rating: 1528 &rarr; <strong>1550</strong><br />(+22 for winning)
|l|☆KurisuChestnutOU
|player|p1|
|l|☆dooming
|player|p2|
