|j|☆Omari P
|j|☆I Stay Untouched
|t:|1781040590
|gametype|singles
|player|p1|Omari P|pokemonrangerf|1544
|player|p2|I Stay Untouched|cynthia|1575
|gen|9
|tier|[Gen 9] OU
|rated|
|rule|HP Percentage Mod: HP is shown in percentages
|rule|Endless Battle Clause: Forcing endless battles is banned
|rule|Species Clause: Limit one of each Pokémon
|rule|OHKO Clause: OHKO moves are banned
|rule|Evasion Items Clause: Evasion items are banned
|rule|Evasion Moves Clause: Evasion moves are banned
|rule|Evasion Abilities Clause: Evasion abilities are banned
|rule|Sleep Moves Clause: Sleep-inducing moves are banned
|clearpoke
|poke|p1|Hoopa|
|poke|p1|Cinderace, M|
|poke|p1|Mandibuzz, F|
|poke|p1|Kyurem|
|poke|p1|Ting-Lu|
|poke|p1|Manaphy|
|poke|p2|Ogerpon-Wellspring, F|
|poke|p2|Kyurem|
|poke|p2|Zapdos|
|poke|p2|Great Tusk|
|poke|p2|Kingambit, F|
|poke|p2|Slowking-Galar, M|
|teampreview
|c|☆I Stay Untouched|hf
|inactive|Battle timer is ON: inactive players will automatically lose when time's up. (requested by I Stay Untouched)
|inactive|Omari P has 120 seconds left.
|
|t:|1781040666
|teamsize|p1|6
|teamsize|p2|6
|start
|switch|p1a: Cinderace|Cinderace, M|100/100
|switch|p2a: Great Tusk|Great Tusk|100/100
|turn|1
|
|t:|1781040671
|move|p1a: Cinderace|U-turn|p2a: Great Tusk
|-start|p1a: Cinderace|typechange|Bug|[from] ability: Libero
|-resisted|p2a: Great Tusk
|-damage|p2a: Great Tusk|88/100
|
|t:|1781040674
|switch|p1a: Mandibuzz|Mandibuzz, F, shiny|100/100|[from] U-turn
|move|p2a: Great Tusk|Stealth Rock|p1a: Mandibuzz
|-sidestart|p1: Omari P|move: Stealth Rock
|
|upkeep
|turn|2
|
|t:|1781040683
|-end|p2a: Great Tusk|Protosynthesis|[silent]
|switch|p2a: Slowking|Slowking-Galar, M|100/100
|move|p1a: Mandibuzz|Defog|p2a: Slowking
|-unboost|p2a: Slowking|evasion|1
|-sideend|p1: Omari P|Stealth Rock|[from] move: Defog|[of] p1a: Mandibuzz
|
|upkeep
|turn|3
|inactive|Omari P has 120 seconds left.
|
|t:|1781040718
|switch|p1a: Ting-Lucifer|Ting-Lu|100/100
|-ability|p1a: Ting-Lucifer|Vessel of Ruin
|-prepare|p2a: Slowking|Chilly Reception|[premajor]
|move|p2a: Slowking|Chilly Reception|p2a: Slowking
|-weather|Snowscape
|
|t:|1781040729
|switch|p2a: Ogerpon|Ogerpon-Wellspring, F|100/100|[from] Chilly Reception
|
|-weather|Snowscape|[upkeep]
|upkeep
|turn|4
|
|t:|1781040733
|move|p2a: Ogerpon|Ivy Cudgel|p1a: Ting-Lucifer|[anim] Ivy Cudgel Water
|-supereffective|p1a: Ting-Lucifer
|-damage|p1a: Ting-Lucifer|26/100
|-enditem|p1a: Ting-Lucifer|Weakness Policy
|-boost|p1a: Ting-Lucifer|atk|2|[from] item: Weakness Policy
|-boost|p1a: Ting-Lucifer|spa|2|[from] item: Weakness Policy
|move|p1a: Ting-Lucifer|Stone Edge|p2a: Ogerpon
|-damage|p2a: Ogerpon|13/100
|
|-weather|Snowscape|[upkeep]
|upkeep
|turn|5
|
|t:|1781040740
|switch|p1a: Mandibuzz|Mandibuzz, F, shiny|100/100
|move|p2a: Ogerpon|Ivy Cudgel|p1a: Mandibuzz|[anim] Ivy Cudgel Water
|-crit|p1a: Mandibuzz
|-damage|p1a: Mandibuzz|47/100
|
|-weather|Snowscape|[upkeep]
|upkeep
|turn|6
|
|t:|1781040752
|switch|p2a: Slowking|Slowking-Galar, M|100/100
|move|p1a: Mandibuzz|Roost|p1a: Mandibuzz
|-heal|p1a: Mandibuzz|97/100
|-singleturn|p1a: Mandibuzz|move: Roost
|
|-weather|Snowscape|[upkeep]
|upkeep
|turn|7
|
|t:|1781040776
|switch|p1a: Cinderace|Cinderace, M|100/100
|-prepare|p2a: Slowking|Chilly Reception|[premajor]
|move|p2a: Slowking|Chilly Reception|p2a: Slowking
|
|t:|1781040779
|switch|p2a: Great Tusk|Great Tusk|88/100|[from] Chilly Reception
|
|-weather|none
|upkeep
|turn|8
|
|t:|1781040783
|move|p1a: Cinderace|U-turn|p2a: Great Tusk
|-start|p1a: Cinderace|typechange|Bug|[from] ability: Libero
|-resisted|p2a: Great Tusk
|-damage|p2a: Great Tusk|76/100
|
|t:|1781040787
|switch|p1a: Mandibuzz|Mandibuzz, F, shiny|97/100|[from] U-turn
|move|p2a: Great Tusk|Rapid Spin|p1a: Mandibuzz
|-damage|p1a: Mandibuzz|87/100
|-boost|p2a: Great Tusk|spe|1
|-damage|p2a: Great Tusk|59/100|[from] item: Rocky Helmet|[of] p1a: Mandibuzz
|
|upkeep
|turn|9
|
|t:|1781040796
|-end|p2a: Great Tusk|Protosynthesis|[silent]
|switch|p2a: Kingambit|Kingambit, F|100/100
|move|p1a: Mandibuzz|Toxic|p2a: Kingambit
|-immune|p2a: Kingambit
|
|upkeep
|turn|10
|
|t:|1781040800
|-end|p2a: Kingambit|fallenundefined|[silent]
|switch|p2a: Slowking|Slowking-Galar, M|100/100
|move|p1a: Mandibuzz|Foul Play|p2a: Slowking
|-supereffective|p2a: Slowking
|-damage|p2a: Slowking|64/100
|
|upkeep
|turn|11
|
|t:|1781040828
|switch|p1a: Cinderace|Cinderace, M|100/100
|-prepare|p2a: Slowking|Chilly Reception|[premajor]
|move|p2a: Slowking|Chilly Reception|p2a: Slowking
|-weather|Snowscape
|
|t:|1781040835
|switch|p2a: Zapdos|Zapdos|100/100|[from] Chilly Reception
|
|-weather|Snowscape|[upkeep]
|upkeep
|turn|12
|
|t:|1781040840
|move|p1a: Cinderace|Pyro Ball|p2a: Zapdos
|-damage|p2a: Zapdos|53/100
|move|p2a: Zapdos|U-turn|p1a: Cinderace
|-resisted|p1a: Cinderace
|-damage|p1a: Cinderace|91/100
|
|t:|1781040846
|switch|p2a: Slowking|Slowking-Galar, M|97/100|[from] U-turn
|
|-weather|Snowscape|[upkeep]
|upkeep
|turn|13
|
|t:|1781040850
|move|p1a: Cinderace|Pyro Ball|p2a: Slowking
|-damage|p2a: Slowking|29/100
|move|p2a: Slowking|Thunder Wave|p1a: Cinderace
|-status|p1a: Cinderace|par
|
|-weather|Snowscape|[upkeep]
|upkeep
|turn|14
|
|t:|1781040856
|switch|p2a: Zapdos|Zapdos|53/100
|move|p1a: Cinderace|Pyro Ball|p2a: Zapdos
|-damage|p2a: Zapdos|6/100
|
|-weather|Snowscape|[upkeep]
|upkeep
|turn|15
|
|t:|1781040869
|move|p2a: Zapdos|Roost|p2a: Zapdos
|-heal|p2a: Zapdos|56/100
|-singleturn|p2a: Zapdos|move: Roost
|move|p1a: Cinderace|Pyro Ball|p2a: Zapdos
|-damage|p2a: Zapdos|2/100
|
|-weather|none
|upkeep
|turn|16
|
|t:|1781040875
|move|p2a: Zapdos|Roost|p2a: Zapdos
|-heal|p2a: Zapdos|52/100
|-singleturn|p2a: Zapdos|move: Roost
|move|p1a: Cinderace|Pyro Ball|p2a: Zapdos
|-damage|p2a: Zapdos|2/100
|
|upkeep
|turn|17
|
|t:|1781040880
|move|p2a: Zapdos|Roost|p2a: Zapdos
|-heal|p2a: Zapdos|52/100
|-singleturn|p2a: Zapdos|move: Roost
|move|p1a: Cinderace|Pyro Ball|p2a: Zapdos
|-damage|p2a: Zapdos|2/100
|
|upkeep
|turn|18
|
|t:|1781040891
|move|p2a: Zapdos|Roost|p2a: Zapdos
|-heal|p2a: Zapdos|52/100
|-singleturn|p2a: Zapdos|move: Roost
|move|p1a: Cinderace|Pyro Ball|p2a: Zapdos
|-damage|p2a: Zapdos|0 fnt
|faint|p2a: Zapdos
|
|upkeep
|c|☆I Stay Untouched|no paralyze????
|
|t:|1781040899
|switch|p2a: Ogerpon|Ogerpon-Wellspring, F|13/100
|turn|19
|
|t:|1781040902
|switch|p1a: Mandibuzz|Mandibuzz, F, shiny|87/100
|move|p2a: Ogerpon|Ivy Cudgel|p1a: Mandibuzz|[anim] Ivy Cudgel Water
|-damage|p1a: Mandibuzz|51/100
|
|upkeep
|turn|20
|
|t:|1781040914
|move|p2a: Ogerpon|Ivy Cudgel|p1a: Mandibuzz|[anim] Ivy Cudgel Water
|-damage|p1a: Mandibuzz|16/100
|move|p1a: Mandibuzz|Roost|p1a: Mandibuzz
|-heal|p1a: Mandibuzz|66/100
|-singleturn|p1a: Mandibuzz|move: Roost
|
|upkeep
|turn|21
|
|t:|1781040918
|move|p2a: Ogerpon|Play Rough|p1a: Mandibuzz|[miss]
|-miss|p2a: Ogerpon|p1a: Mandibuzz
|move|p1a: Mandibuzz|Roost|p1a: Mandibuzz
|-heal|p1a: Mandibuzz|100/100
|-singleturn|p1a: Mandibuzz|move: Roost
|
|upkeep
|turn|22
|
|t:|1781040921
|move|p2a: Ogerpon|Play Rough|p1a: Mandibuzz
|-supereffective|p1a: Mandibuzz
|-damage|p1a: Mandibuzz|56/100
|-damage|p2a: Ogerpon|0 fnt|[from] item: Rocky Helmet|[of] p1a: Mandibuzz
|faint|p2a: Ogerpon
|move|p1a: Mandibuzz|Roost|p1a: Mandibuzz
|-heal|p1a: Mandibuzz|100/100
|-singleturn|p1a: Mandibuzz|move: Roost
|
|upkeep
|
|t:|1781040926
|switch|p2a: Slowking|Slowking-Galar, M|62/100
|turn|23
|
|t:|1781040930
|switch|p1a: Cinderace|Cinderace, M|91/100 par
|-prepare|p2a: Slowking|Chilly Reception|[premajor]
|move|p2a: Slowking|Chilly Reception|p2a: Slowking
|-weather|Snowscape
|
|t:|1781040937
|switch|p2a: Kyurem|Kyurem|100/100|[from] Chilly Reception
|-ability|p2a: Kyurem|Pressure
|
|-weather|Snowscape|[upkeep]
|upkeep
|turn|24
|
|t:|1781040945
|move|p2a: Kyurem|Draco Meteor|p1a: Cinderace
|-damage|p1a: Cinderace|0 fnt
|-unboost|p2a: Kyurem|spa|2
|faint|p1a: Cinderace
|
|-weather|Snowscape|[upkeep]
|upkeep
|
|t:|1781040951
|switch|p1a: Manaphy|Manaphy|100/100
|turn|25
|
|t:|1781040955
|switch|p2a: Slowking|Slowking-Galar, M|96/100
|move|p1a: Manaphy|Tail Glow|p1a: Manaphy
|-boost|p1a: Manaphy|spa|3
|
|-weather|Snowscape|[upkeep]
|upkeep
|turn|26
|
|t:|1781040959
|move|p1a: Manaphy|Tail Glow|p1a: Manaphy
|-boost|p1a: Manaphy|spa|3
|move|p2a: Slowking|Thunder Wave|p1a: Manaphy|[miss]
|-miss|p2a: Slowking|p1a: Manaphy
|
|-weather|Snowscape|[upkeep]
|upkeep
|turn|27
|
|t:|1781040963
|move|p1a: Manaphy|Scald|p2a: Slowking
|-damage|p2a: Slowking|26/100
|move|p2a: Slowking|Thunder Wave|p1a: Manaphy
|-status|p1a: Manaphy|par
|
|-weather|none
|upkeep
|turn|28
|
|t:|1781040969
|move|p1a: Manaphy|Take Heart|p1a: Manaphy
|-boost|p1a: Manaphy|spa|0
|-boost|p1a: Manaphy|spd|1
|-curestatus|p1a: Manaphy|par|[msg]
|-prepare|p2a: Slowking|Chilly Reception|[premajor]
|move|p2a: Slowking|Chilly Reception|p2a: Slowking
|-weather|Snowscape
|
|t:|1781040987
|switch|p2a: Great Tusk|Great Tusk|59/100|[from] Chilly Reception
|
|-weather|Snowscape|[upkeep]
|upkeep
|turn|29
|
|t:|1781040991
|move|p1a: Manaphy|Scald|p2a: Great Tusk
|-supereffective|p2a: Great Tusk
|-damage|p2a: Great Tusk|0 fnt
|faint|p2a: Great Tusk
|-end|p2a: Great Tusk|Protosynthesis|[silent]
|
|-weather|Snowscape|[upkeep]
|upkeep
|
|t:|1781040994
|switch|p2a: Kingambit|Kingambit, F|100/100
|-activate|p2a: Kingambit|ability: Supreme Overlord
|-start|p2a: Kingambit|fallen3|[silent]
|turn|30
|
|t:|1781041000
|move|p2a: Kingambit|Sucker Punch|p1a: Manaphy
|-damage|p1a: Manaphy|57/100
|move|p1a: Manaphy|Scald|p2a: Kingambit
|-damage|p2a: Kingambit|0 fnt
|faint|p2a: Kingambit
|-end|p2a: Kingambit|fallen3|[silent]
|
|-weather|Snowscape|[upkeep]
|-heal|p1a: Manaphy|63/100|[from] item: Leftovers
|upkeep
|
|t:|1781041004
|switch|p2a: Kyurem|Kyurem|100/100
|-ability|p2a: Kyurem|Pressure
|turn|31
|
|t:|1781041009
|move|p2a: Kyurem|Freeze-Dry|p1a: Manaphy
|-supereffective|p1a: Manaphy
|-damage|p1a: Manaphy|0 fnt
|faint|p1a: Manaphy
|
|-weather|Snowscape|[upkeep]
|upkeep
|
|t:|1781041019
|switch|p1a: Hoopa|Hoopa|100/100
|turn|32
|
|t:|1781041026
|switch|p2a: Slowking|Slowking-Galar, M|60/100
|move|p1a: Hoopa|Substitute|p1a: Hoopa
|-start|p1a: Hoopa|Substitute
|-damage|p1a: Hoopa|76/100
|
|-weather|none
|upkeep
|turn|33
|
|t:|1781041037
|-terastallize|p2a: Slowking|Water
|move|p1a: Hoopa|Calm Mind|p1a: Hoopa
|-boost|p1a: Hoopa|spa|1
|-boost|p1a: Hoopa|spd|1
|move|p2a: Slowking|Psyshock|p1a: Hoopa
|-resisted|p1a: Hoopa
|-end|p1a: Hoopa|Substitute
|
|upkeep
|turn|34
|
|t:|1781041041
|move|p1a: Hoopa|Shadow Ball|p2a: Slowking
|-damage|p2a: Slowking|18/100
|move|p2a: Slowking|Thunder Wave|p1a: Hoopa
|-status|p1a: Hoopa|par
|
|upkeep
|turn|35
|
|t:|1781041044
|move|p1a: Hoopa|Shadow Ball|p2a: Slowking
|-damage|p2a: Slowking|0 fnt
|faint|p2a: Slowking
|
|upkeep
|
|t:|1781041046
|switch|p2a: Kyurem|Kyurem|100/100
|-ability|p2a: Kyurem|Pressure
|turn|36
|
|t:|1781041053
|move|p2a: Kyurem|Freeze-Dry|p1a: Hoopa
|-damage|p1a: Hoopa|45/100 par
|move|p1a: Hoopa|Shadow Ball|p2a: Kyurem
|-crit|p2a: Kyurem
|-damage|p2a: Kyurem|0 fnt
|faint|p2a: Kyurem
|
|win|Omari P
|raw|Omari P's rating: 1544 &rarr; <strong>1566</strong><br />(+22 for winning)
|raw|I Stay Untouched's rating: 1575 &rarr; <strong>1553</strong><br />(-22 for losing)
|c|☆I Stay Untouched|wp
|c|☆I Stay Untouched|paralyze
|c|☆I Stay Untouched|hahahaha
|l|☆I Stay Untouched
|player|p2|
