|j|☆Archerdadon
|j|☆fregene97
|t:|1781544533
|gametype|singles
|player|p1|Archerdadon|marshal|1596
|player|p2|fregene97|102|1523
|gen|9
|tier|[Gen 9] OU
|rated|
|rule|HP Percentage Mod: HP is shown in percentages
|rule|Endless Battle Clause: Forcing endless battles is banned
|rule|Species Clause: Limit one of each Pokémon
|rule|OHKO Clause: OHKO moves are banned
|rule|Evasion Items Clause: Evasion items are banned
|rule|Evasion Moves Clause: Evasion moves are banned
|rule|Evasion Abilities Clause: Evasion abilities are banned
|rule|Sleep Moves Clause: Sleep-inducing moves are banned
|clearpoke
|poke|p1|Dondozo, M|
|poke|p1|Great Tusk|
|poke|p1|Ting-Lu|
|poke|p1|Glimmora, F|
|poke|p1|Primarina, M|
|poke|p1|Hydrapple, M|
|poke|p2|Dragonite, F|
|poke|p2|Iron Valiant|
|poke|p2|Manaphy|
|poke|p2|Garchomp, F|
|poke|p2|Kommo-o, M|
|poke|p2|Kingambit, F|
|teampreview
|
|t:|1781544545
|teamsize|p1|6
|teamsize|p2|6
|start
|switch|p1a: Glimmora|Glimmora, F|100/100
|switch|p2a: Kommo-o|Kommo-o, M|100/100
|turn|1
|inactive|Battle timer is ON: inactive players will automatically lose when time's up. (requested by fregene97)
|
|t:|1781544552
|move|p1a: Glimmora|Dazzling Gleam|p2a: Kommo-o
|-supereffective|p2a: Kommo-o
|-damage|p2a: Kommo-o|0 fnt
|faint|p2a: Kommo-o
|
|upkeep
|
|t:|1781544566
|switch|p2a: Dragonite|Dragonite, F|100/100
|turn|2
|
|t:|1781544583
|move|p1a: Glimmora|Dazzling Gleam|p2a: Dragonite
|-supereffective|p2a: Dragonite
|-damage|p2a: Dragonite|71/100
|-enditem|p2a: Dragonite|Weakness Policy
|-boost|p2a: Dragonite|atk|2|[from] item: Weakness Policy
|-boost|p2a: Dragonite|spa|2|[from] item: Weakness Policy
|move|p2a: Dragonite|Earthquake|p1a: Glimmora
|-supereffective|p1a: Glimmora
|-enditem|p1a: Glimmora|Focus Sash
|-damage|p1a: Glimmora|1/100
|-activate|p1a: Glimmora|ability: Toxic Debris
|-sidestart|p2: fregene97|move: Toxic Spikes
|
|upkeep
|turn|3
|
|t:|1781544590
|move|p2a: Dragonite|Extreme Speed|p1a: Glimmora
|-resisted|p1a: Glimmora
|-damage|p1a: Glimmora|0 fnt
|-activate|p1a: Glimmora|ability: Toxic Debris
|-sidestart|p2: fregene97|move: Toxic Spikes
|faint|p1a: Glimmora
|
|upkeep
|
|t:|1781544593
|switch|p1a: Ting-Lu|Ting-Lu|100/100
|-ability|p1a: Ting-Lu|Vessel of Ruin
|turn|4
|
|t:|1781544596
|move|p2a: Dragonite|Scale Shot|p1a: Ting-Lu
|-damage|p1a: Ting-Lu|84/100
|-damage|p1a: Ting-Lu|68/100
|-damage|p1a: Ting-Lu|52/100
|-damage|p1a: Ting-Lu|36/100
|-hitcount|p1a: Ting-Lu|4
|-unboost|p2a: Dragonite|def|1
|-boost|p2a: Dragonite|spe|1
|move|p1a: Ting-Lu|Stealth Rock|p2a: Dragonite
|-sidestart|p2: fregene97|move: Stealth Rock
|
|-heal|p1a: Ting-Lu|42/100|[from] item: Leftovers
|upkeep
|turn|5
|
|t:|1781544624
|switch|p1a: Primarina|Primarina, M|100/100
|move|p2a: Dragonite|Earthquake|p1a: Primarina
|-damage|p1a: Primarina|2/100
|
|upkeep
|turn|6
|
|t:|1781544630
|switch|p1a: Dondozo|Dondozo, M|100/100
|move|p2a: Dragonite|Extreme Speed|p1a: Dondozo
|-damage|p1a: Dondozo|87/100
|
|-heal|p1a: Dondozo|93/100|[from] item: Leftovers
|upkeep
|turn|7
|
|t:|1781544636
|-terastallize|p2a: Dragonite|Dragon
|move|p2a: Dragonite|Scale Shot|p1a: Dondozo
|-crit|p1a: Dondozo
|-damage|p1a: Dondozo|78/100
|-damage|p1a: Dondozo|69/100
|-hitcount|p1a: Dondozo|2
|-unboost|p2a: Dragonite|def|1
|-boost|p2a: Dragonite|spe|1
|move|p1a: Dondozo|Curse|p1a: Dondozo
|-unboost|p1a: Dondozo|spe|1
|-boost|p1a: Dondozo|atk|1
|-boost|p1a: Dondozo|def|1
|
|-heal|p1a: Dondozo|75/100|[from] item: Leftovers
|upkeep
|turn|8
|
|t:|1781544643
|switch|p2a: Iron Valiant|Iron Valiant|100/100
|-status|p2a: Iron Valiant|tox
|-damage|p2a: Iron Valiant|94/100 tox|[from] Stealth Rock
|-enditem|p2a: Iron Valiant|Booster Energy
|-activate|p2a: Iron Valiant|ability: Quark Drive|[fromitem]
|-start|p2a: Iron Valiant|quarkdrivespe
|move|p1a: Dondozo|Waterfall|p2a: Iron Valiant
|-damage|p2a: Iron Valiant|37/100 tox
|
|-heal|p1a: Dondozo|82/100|[from] item: Leftovers
|-damage|p2a: Iron Valiant|31/100 tox|[from] psn
|upkeep
|turn|9
|
|t:|1781544652
|switch|p1a: Primarina|Primarina, M|2/100
|move|p2a: Iron Valiant|Thunderbolt|p1a: Primarina
|-supereffective|p1a: Primarina
|-damage|p1a: Primarina|0 fnt
|faint|p1a: Primarina
|
|-damage|p2a: Iron Valiant|18/100 tox|[from] psn
|upkeep
|
|t:|1781544658
|switch|p1a: Ting-Lu|Ting-Lu|42/100
|-ability|p1a: Ting-Lu|Vessel of Ruin
|turn|10
|
|t:|1781544661
|-terastallize|p1a: Ting-Lu|Ghost
|move|p2a: Iron Valiant|Moonblast|p1a: Ting-Lu
|-damage|p1a: Ting-Lu|22/100
|-unboost|p1a: Ting-Lu|spa|1
|move|p1a: Ting-Lu|Rest|p1a: Ting-Lu
|-status|p1a: Ting-Lu|slp|[from] move: Rest
|-heal|p1a: Ting-Lu|100/100 slp|[silent]
|
|-damage|p2a: Iron Valiant|0 fnt|[from] psn
|faint|p2a: Iron Valiant
|-end|p2a: Iron Valiant|Quark Drive|[silent]
|upkeep
|
|t:|1781544665
|switch|p2a: Kingambit|Kingambit, F|100/100
|-damage|p2a: Kingambit|94/100|[from] Stealth Rock
|-activate|p2a: Kingambit|ability: Supreme Overlord
|-start|p2a: Kingambit|fallen2|[silent]
|turn|11
|
|t:|1781544667
|switch|p1a: Great Tusk|Great Tusk|100/100
|move|p2a: Kingambit|Swords Dance|p2a: Kingambit
|-boost|p2a: Kingambit|atk|2
|
|upkeep
|turn|12
|
|t:|1781544672
|move|p1a: Great Tusk|Body Press|p2a: Kingambit
|-supereffective|p2a: Kingambit
|-damage|p2a: Kingambit|0 fnt
|faint|p2a: Kingambit
|-end|p2a: Kingambit|fallen2|[silent]
|
|upkeep
|
|t:|1781544680
|switch|p2a: Garchomp|Garchomp, F|100/100
|-status|p2a: Garchomp|tox
|-damage|p2a: Garchomp|94/100 tox|[from] Stealth Rock
|turn|13
|
|t:|1781544683
|move|p2a: Garchomp|Scale Shot|p1a: Great Tusk
|-damage|p1a: Great Tusk|93/100
|-damage|p1a: Great Tusk|86/100
|-damage|p1a: Great Tusk|80/100
|-damage|p1a: Great Tusk|72/100
|-damage|p1a: Great Tusk|66/100
|-hitcount|p1a: Great Tusk|5
|-unboost|p2a: Garchomp|def|1
|-boost|p2a: Garchomp|spe|1
|move|p1a: Great Tusk|Ice Spinner|p2a: Garchomp
|-supereffective|p2a: Garchomp
|-damage|p2a: Garchomp|0 fnt
|-damage|p1a: Great Tusk|54/100|[from] ability: Rough Skin|[of] p2a: Garchomp
|faint|p2a: Garchomp
|
|upkeep
|
|t:|1781544688
|switch|p2a: Dragonite|Dragonite, F, tera:Dragon|71/100
|-status|p2a: Dragonite|tox
|-damage|p2a: Dragonite|59/100 tox|[from] Stealth Rock
|turn|14
|
|t:|1781544692
|move|p2a: Dragonite|Dragon Dance|p2a: Dragonite
|-boost|p2a: Dragonite|atk|1
|-boost|p2a: Dragonite|spe|1
|move|p1a: Great Tusk|Ice Spinner|p2a: Dragonite
|-supereffective|p2a: Dragonite
|-damage|p2a: Dragonite|0 fnt
|faint|p2a: Dragonite
|
|upkeep
|
|t:|1781544695
|switch|p2a: Manaphy|Manaphy|100/100
|-status|p2a: Manaphy|tox
|-damage|p2a: Manaphy|88/100 tox|[from] Stealth Rock
|turn|15
|
|t:|1781544703
|-end|p1a: Great Tusk|Protosynthesis|[silent]
|switch|p1a: Hydrapple|Hydrapple, M|100/100
|move|p2a: Manaphy|Surf|p1a: Hydrapple
|-resisted|p1a: Hydrapple
|-damage|p1a: Hydrapple|90/100
|
|-heal|p2a: Manaphy|94/100 tox|[from] item: Leftovers
|-damage|p2a: Manaphy|88/100 tox|[from] psn
|upkeep
|turn|16
|
|t:|1781544707
|move|p2a: Manaphy|Ice Beam|p1a: Hydrapple
|-supereffective|p1a: Hydrapple
|-damage|p1a: Hydrapple|0 fnt
|faint|p1a: Hydrapple
|
|-heal|p2a: Manaphy|94/100 tox|[from] item: Leftovers
|-damage|p2a: Manaphy|82/100 tox|[from] psn
|upkeep
|
|t:|1781544711
|switch|p1a: Ting-Lu|Ting-Lu, tera:Ghost|100/100 slp
|-ability|p1a: Ting-Lu|Vessel of Ruin
|turn|17
|
|t:|1781544714
|move|p2a: Manaphy|Tail Glow|p2a: Manaphy
|-boost|p2a: Manaphy|spa|3
|cant|p1a: Ting-Lu|slp
|
|-heal|p2a: Manaphy|88/100 tox|[from] item: Leftovers
|-damage|p2a: Manaphy|70/100 tox|[from] psn
|upkeep
|turn|18
|
|t:|1781544715
|move|p2a: Manaphy|Surf|p1a: Ting-Lu
|-damage|p1a: Ting-Lu|58/100 slp
|cant|p1a: Ting-Lu|slp
|
|-heal|p2a: Manaphy|76/100 tox|[from] item: Leftovers
|-heal|p1a: Ting-Lu|64/100 slp|[from] item: Leftovers
|-damage|p2a: Manaphy|51/100 tox|[from] psn
|upkeep
|turn|19
|
|t:|1781544718
|move|p2a: Manaphy|Surf|p1a: Ting-Lu
|-damage|p1a: Ting-Lu|22/100 slp
|-curestatus|p1a: Ting-Lu|slp|[msg]
|move|p1a: Ting-Lu|Earthquake|p2a: Manaphy
|-damage|p2a: Manaphy|17/100 tox
|
|-heal|p2a: Manaphy|23/100 tox|[from] item: Leftovers
|-heal|p1a: Ting-Lu|28/100|[from] item: Leftovers
|-damage|p2a: Manaphy|0 fnt|[from] psn
|faint|p2a: Manaphy
|
|win|Archerdadon
|raw|Archerdadon's rating: 1596 &rarr; <strong>1612</strong><br />(+16 for winning)
|raw|fregene97's rating: 1523 &rarr; <strong>1507</strong><br />(-16 for losing)
|l|☆fregene97
|player|p2|
|l|☆Archerdadon
|player|p1|
