|badge|p2|bronze|gen9ou|100-9
|uhtml|medal-msg|<div class="broadcast-blue">Curious what those medals under the avatar are? PS now has Ladder Seasons! For more information, check out the <a href="https://www.smogon.com/forums/threads/3740067/">thread on Smogon.</a></div>
|j|☆PepsiEnby
|j|☆Auburn Hills
|t:|1780956928
|gametype|singles
|player|p1|PepsiEnby|harlequin|1754
|player|p2|Auburn Hills|alder|1880
|gen|9
|tier|[Gen 9] OU
|rated|
|rule|HP Percentage Mod: HP is shown in percentages
|rule|Endless Battle Clause: Forcing endless battles is banned
|rule|Species Clause: Limit one of each Pokémon
|rule|OHKO Clause: OHKO moves are banned
|rule|Evasion Items Clause: Evasion items are banned
|rule|Evasion Moves Clause: Evasion moves are banned
|rule|Evasion Abilities Clause: Evasion abilities are banned
|rule|Sleep Moves Clause: Sleep-inducing moves are banned
|clearpoke
|poke|p1|Alomomola, F|
|poke|p1|Slowking-Galar, F|
|poke|p1|Cinderace, F|
|poke|p1|Glaceon, F|
|poke|p1|Ting-Lu|
|poke|p1|Salamence, M|
|poke|p2|Iron Moth|
|poke|p2|Umbreon, F|
|poke|p2|Garchomp, M|
|poke|p2|Glimmora, M|
|poke|p2|Gholdengo|
|poke|p2|Dragonite, F|
|teampreview
|inactive|Battle timer is ON: inactive players will automatically lose when time's up. (requested by PepsiEnby)
|
|t:|1780956938
|teamsize|p1|6
|teamsize|p2|6
|start
|switch|p1a: Alomomola|Alomomola, F|100/100
|switch|p2a: Rat Tally|Garchomp, M|100/100
|turn|1
|
|t:|1780956941
|move|p2a: Rat Tally|Swords Dance|p2a: Rat Tally
|-boost|p2a: Rat Tally|atk|2
|move|p1a: Alomomola|Flip Turn|p2a: Rat Tally
|-damage|p2a: Rat Tally|76/100
|-damage|p1a: Alomomola|88/100|[from] ability: Rough Skin|[of] p2a: Rat Tally
|
|t:|1780956944
|switch|p1a: Glaceon|Glaceon, F, shiny|100/100|[from] Flip Turn
|
|upkeep
|turn|2
|
|t:|1780956951
|-terastallize|p2a: Rat Tally|Poison
|move|p2a: Rat Tally|Scale Shot|p1a: Glaceon
|-damage|p1a: Glaceon|77/100
|-damage|p1a: Glaceon|54/100
|-crit|p1a: Glaceon
|-damage|p1a: Glaceon|16/100
|-damage|p1a: Glaceon|0 fnt
|faint|p1a: Glaceon
|-hitcount|p1: Glaceon|4
|-unboost|p2a: Rat Tally|def|1
|-boost|p2a: Rat Tally|spe|1
|
|upkeep
|
|t:|1780956959
|switch|p1a: Ting-Lu|Ting-Lu, shiny|100/100
|-ability|p1a: Ting-Lu|Vessel of Ruin
|turn|3
|
|t:|1780956961
|switch|p2a: Elucid|Dragonite, F|100/100
|move|p1a: Ting-Lu|Earthquake|p2a: Elucid
|-immune|p2a: Elucid
|
|upkeep
|turn|4
|
|t:|1780956964
|switch|p1a: Slowking|Slowking-Galar, F, shiny|100/100
|move|p2a: Elucid|Dragon Dance|p2a: Elucid
|-boost|p2a: Elucid|atk|1
|-boost|p2a: Elucid|spe|1
|
|upkeep
|turn|5
|
|t:|1780956966
|move|p2a: Elucid|Earthquake|p1a: Slowking
|-supereffective|p1a: Slowking
|-damage|p1a: Slowking|12/100
|move|p1a: Slowking|Toxic|p2a: Elucid
|-status|p2a: Elucid|tox
|
|-heal|p1a: Slowking|18/100|[from] item: Black Sludge
|-damage|p2a: Elucid|94/100 tox|[from] psn
|upkeep
|turn|6
|
|t:|1780956969
|switch|p1a: Salamence|Salamence, M|100/100
|-ability|p1a: Salamence|Intimidate|boost
|-unboost|p2a: Elucid|atk|1
|move|p2a: Elucid|Ice Spinner|p1a: Salamence
|-supereffective|p1a: Salamence
|-damage|p1a: Salamence|0 fnt
|faint|p1a: Salamence
|
|-damage|p2a: Elucid|82/100 tox|[from] psn
|upkeep
|
|t:|1780956976
|switch|p1a: Slowking|Slowking-Galar, F, shiny|51/100
|turn|7
|
|t:|1780956979
|switch|p1a: Alomomola|Alomomola, F|100/100
|move|p2a: Elucid|Earthquake|p1a: Alomomola
|-damage|p1a: Alomomola|65/100
|
|-damage|p2a: Elucid|63/100 tox|[from] psn
|upkeep
|turn|8
|
|t:|1780956982
|switch|p2a: Glimmora|Glimmora, M|100/100
|move|p1a: Alomomola|Flip Turn|p2a: Glimmora
|-supereffective|p2a: Glimmora
|-damage|p2a: Glimmora|45/100
|-activate|p2a: Glimmora|ability: Toxic Debris
|-sidestart|p1: PepsiEnby|move: Toxic Spikes
|
|t:|1780956988
|switch|p1a: Slowking|Slowking-Galar, F, shiny|84/100|[from] Flip Turn
|-sideend|p1: PepsiEnby|move: Toxic Spikes|[of] p1a: Slowking
|
|-heal|p1a: Slowking|90/100|[from] item: Black Sludge
|upkeep
|turn|9
|
|t:|1780956991
|switch|p2a: Alvvays|Umbreon, F|100/100
|-prepare|p1a: Slowking|Chilly Reception|[premajor]
|move|p1a: Slowking|Chilly Reception|p1a: Slowking
|-weather|Snowscape
|
|t:|1780956997
|switch|p1a: Alomomola|Alomomola, F|98/100|[from] Chilly Reception
|
|-weather|Snowscape|[upkeep]
|upkeep
|turn|10
|
|t:|1780956999
|move|p1a: Alomomola|Flip Turn|p2a: Alvvays
|-damage|p2a: Alvvays|80/100
|
|t:|1780957001
|switch|p1a: Slowking|Slowking-Galar, F, shiny|100/100|[from] Flip Turn
|move|p2a: Alvvays|Thunder Wave|p1a: Slowking
|-status|p1a: Slowking|par
|
|-weather|Snowscape|[upkeep]
|-heal|p2a: Alvvays|87/100|[from] item: Leftovers
|upkeep
|turn|11
|
|t:|1780957005
|move|p2a: Alvvays|Wish|p2a: Alvvays
|move|p1a: Slowking|Toxic|p2a: Alvvays
|-status|p2a: Alvvays|tox
|
|-weather|Snowscape|[upkeep]
|-heal|p2a: Alvvays|93/100 tox|[from] item: Leftovers
|-damage|p2a: Alvvays|87/100 tox|[from] psn
|upkeep
|turn|12
|
|t:|1780957010
|switch|p2a: Glimmora|Glimmora, M|45/100
|move|p1a: Slowking|Ice Beam|p2a: Glimmora
|-damage|p2a: Glimmora|17/100
|-status|p2a: Glimmora|frz
|
|-weather|Snowscape|[upkeep]
|-heal|p2a: Glimmora|81/100 frz|[from] move: Wish|[wisher] Alvvays
|upkeep
|turn|13
|
|t:|1780957016
|switch|p2a: Elucid|Dragonite, F|63/100 tox
|switch|p1a: Alomomola|Alomomola, F|100/100
|
|-weather|none
|-damage|p2a: Elucid|57/100 tox|[from] psn
|upkeep
|turn|14
|
|t:|1780957020
|switch|p2a: Smino|Gholdengo|100/100
|move|p1a: Alomomola|Flip Turn|p2a: Smino
|-damage|p2a: Smino|76/100
|
|t:|1780957023
|switch|p1a: Cinderace|Cinderace, F|100/100|[from] Flip Turn
|
|upkeep
|turn|15
|
|t:|1780957026
|switch|p2a: Glimmora|Glimmora, M|81/100 frz
|switch|p1a: Alomomola|Alomomola, F|100/100
|
|upkeep
|turn|16
|
|t:|1780957030
|cant|p2a: Glimmora|frz
|move|p1a: Alomomola|Liquidation|p2a: Glimmora
|-supereffective|p2a: Glimmora
|-damage|p2a: Glimmora|2/100 frz
|-activate|p2a: Glimmora|ability: Toxic Debris
|-sidestart|p1: PepsiEnby|move: Toxic Spikes
|
|upkeep
|turn|17
|
|t:|1780957033
|cant|p2a: Glimmora|frz
|move|p1a: Alomomola|Flip Turn|p2a: Glimmora
|-supereffective|p2a: Glimmora
|-damage|p2a: Glimmora|0 fnt
|-activate|p2a: Glimmora|ability: Toxic Debris
|-sidestart|p1: PepsiEnby|move: Toxic Spikes
|faint|p2a: Glimmora
|
|t:|1780957035
|switch|p1a: Slowking|Slowking-Galar, F, shiny|100/100 par|[from] Flip Turn
|-sideend|p1: PepsiEnby|move: Toxic Spikes|[of] p1a: Slowking
|
|upkeep
|
|t:|1780957038
|switch|p2a: Rat Tally|Garchomp, M, tera:Poison|76/100
|turn|18
|
|t:|1780957045
|move|p2a: Rat Tally|Swords Dance|p2a: Rat Tally
|-boost|p2a: Rat Tally|atk|2
|-prepare|p1a: Slowking|Chilly Reception|[premajor]
|move|p1a: Slowking|Chilly Reception|p1a: Slowking
|-weather|Snowscape
|
|t:|1780957047
|switch|p1a: Ting-Lu|Ting-Lu, shiny|100/100|[from] Chilly Reception
|-ability|p1a: Ting-Lu|Vessel of Ruin
|
|-weather|Snowscape|[upkeep]
|upkeep
|turn|19
|
|t:|1780957050
|move|p2a: Rat Tally|Earthquake|p1a: Ting-Lu
|-damage|p1a: Ting-Lu|47/100
|move|p1a: Ting-Lu|Earthquake|p2a: Rat Tally
|-supereffective|p2a: Rat Tally
|-damage|p2a: Rat Tally|0 fnt
|faint|p2a: Rat Tally
|
|-weather|Snowscape|[upkeep]
|upkeep
|
|t:|1780957055
|switch|p2a: Smino|Gholdengo|76/100
|turn|20
|
|t:|1780957058
|switch|p1a: Alomomola|Alomomola, F|100/100
|move|p2a: Smino|Trick|p1a: Alomomola
|-activate|p2a: Smino|move: Trick|[of] p1a: Alomomola
|-item|p1a: Alomomola|Choice Scarf|[from] move: Trick
|-item|p2a: Smino|Assault Vest|[from] move: Trick
|
|-weather|Snowscape|[upkeep]
|upkeep
|turn|21
|
|t:|1780957063
|move|p2a: Smino|Shadow Ball|p1a: Alomomola
|-crit|p1a: Alomomola
|-damage|p1a: Alomomola|40/100
|move|p1a: Alomomola|Flip Turn|p2a: Smino
|-damage|p2a: Smino|51/100
|
|t:|1780957067
|switch|p1a: Cinderace|Cinderace, F|100/100|[from] Flip Turn
|
|-weather|Snowscape|[upkeep]
|upkeep
|turn|22
|
|t:|1780957070
|move|p1a: Cinderace|U-turn|p2a: Smino
|-resisted|p2a: Smino
|-damage|p2a: Smino|46/100
|
|t:|1780957072
|switch|p1a: Alomomola|Alomomola, F|74/100|[from] U-turn
|move|p2a: Smino|Shadow Ball|p1a: Alomomola
|-damage|p1a: Alomomola|32/100
|
|-weather|none
|upkeep
|turn|23
|
|t:|1780957078
|switch|p1a: Ting-Lu|Ting-Lu, shiny|47/100
|-ability|p1a: Ting-Lu|Vessel of Ruin
|move|p2a: Smino|Shadow Ball|p1a: Ting-Lu
|-resisted|p1a: Ting-Lu
|-damage|p1a: Ting-Lu|34/100
|
|upkeep
|turn|24
|
|t:|1780957082
|switch|p2a: Elucid|Dragonite, F|57/100 tox
|switch|p1a: Alomomola|Alomomola, F|65/100
|
|-damage|p2a: Elucid|51/100 tox|[from] psn
|upkeep
|turn|25
|
|t:|1780957086
|move|p2a: Elucid|Earthquake|p1a: Alomomola
|-damage|p1a: Alomomola|30/100
|move|p1a: Alomomola|Flip Turn|p2a: Elucid
|-resisted|p2a: Elucid
|-crit|p2a: Elucid
|-damage|p2a: Elucid|33/100 tox
|
|t:|1780957093
|switch|p1a: Cinderace|Cinderace, F|100/100|[from] Flip Turn
|
|-damage|p2a: Elucid|20/100 tox|[from] psn
|upkeep
|turn|26
|
|t:|1780957096
|move|p2a: Elucid|Extreme Speed|p1a: Cinderace
|-crit|p1a: Cinderace
|-damage|p1a: Cinderace|42/100
|move|p1a: Cinderace|U-turn|p2a: Elucid
|-resisted|p2a: Elucid
|-damage|p2a: Elucid|10/100 tox
|
|t:|1780957098
|switch|p1a: Alomomola|Alomomola, F|63/100|[from] U-turn
|
|-damage|p2a: Elucid|0 fnt|[from] psn
|faint|p2a: Elucid
|upkeep
|
|t:|1780957102
|switch|p2a: Alvvays|Umbreon, F|87/100 tox
|turn|27
|
|t:|1780957106
|move|p1a: Alomomola|Flip Turn|p2a: Alvvays
|-damage|p2a: Alvvays|69/100 tox
|
|t:|1780957108
|switch|p1a: Ting-Lu|Ting-Lu, shiny|34/100|[from] Flip Turn
|-ability|p1a: Ting-Lu|Vessel of Ruin
|move|p2a: Alvvays|Wish|p2a: Alvvays
|
|-heal|p2a: Alvvays|75/100 tox|[from] item: Leftovers
|-damage|p2a: Alvvays|69/100 tox|[from] psn
|upkeep
|turn|28
|
|t:|1780957112
|switch|p2a: Smino|Gholdengo|46/100
|move|p1a: Ting-Lu|Earthquake|p2a: Smino
|-supereffective|p2a: Smino
|-damage|p2a: Smino|0 fnt
|faint|p2a: Smino
|
|upkeep
|-message|Auburn Hills forfeited.
|
|win|PepsiEnby
|raw|PepsiEnby's rating: 1754 &rarr; <strong>1781</strong><br />(+27 for winning)
|raw|Auburn Hills's rating: 1880 &rarr; <strong>1853</strong><br />(-27 for losing)
|l|☆Auburn Hills
|player|p2|
|l|☆PepsiEnby
|player|p1|
