|j|☆deathprofessor21
|j|☆KurisuChestnutLab
|t:|1781161777
|gametype|singles
|player|p1|deathprofessor21|101|1519
|player|p2|KurisuChestnutLab|may-contest|1600
|gen|9
|tier|[Gen 9] OU
|rated|
|rule|HP Percentage Mod: HP is shown in percentages
|rule|Endless Battle Clause: Forcing endless battles is banned
|rule|Species Clause: Limit one of each Pokémon
|rule|OHKO Clause: OHKO moves are banned
|rule|Evasion Items Clause: Evasion items are banned
|rule|Evasion Moves Clause: Evasion moves are banned
|rule|Evasion Abilities Clause: Evasion abilities are banned
|rule|Sleep Moves Clause: Sleep-inducing moves are banned
|clearpoke
|poke|p1|Quaquaval, F|
|poke|p1|Raging Bolt|
|poke|p1|Primarina, F|
|poke|p1|Ceruledge, F|
|poke|p1|Mandibuzz, F|
|poke|p1|Slowking-Galar, F|
|poke|p2|Primarina, F|
|poke|p2|Hippowdon, F|
|poke|p2|Skarmory, M|
|poke|p2|Zapdos|
|poke|p2|Dragonite, M|
|poke|p2|Slowking, F|
|teampreview
|inactive|Battle timer is ON: inactive players will automatically lose when time's up. (requested by deathprofessor21)
|inactive|KurisuChestnutLab also wants the timer to be on.
|
|t:|1781161788
|teamsize|p1|6
|teamsize|p2|6
|start
|switch|p1a: Slowking|Slowking-Galar, F|100/100
|switch|p2a: Primarina|Primarina, F|100/100
|turn|1
|
|t:|1781161792
|switch|p2a: Hippowdon|Hippowdon, F|100/100
|-weather|Sandstorm|[from] ability: Sand Stream|[of] p2a: Hippowdon
|move|p1a: Slowking|Sludge Bomb|p2a: Hippowdon
|-resisted|p2a: Hippowdon
|-damage|p2a: Hippowdon|74/100
|-status|p2a: Hippowdon|psn
|
|-weather|Sandstorm|[upkeep]
|-damage|p1a: Slowking|94/100|[from] Sandstorm
|-heal|p2a: Hippowdon|80/100 psn|[from] item: Leftovers
|-damage|p2a: Hippowdon|68/100 psn|[from] psn
|upkeep
|turn|2
|
|t:|1781161797
|move|p2a: Hippowdon|Earthquake|p1a: Slowking
|-supereffective|p1a: Slowking
|-damage|p1a: Slowking|18/100
|move|p1a: Slowking|Ice Beam|p2a: Hippowdon
|-supereffective|p2a: Hippowdon
|-damage|p2a: Hippowdon|2/100 psn
|
|-weather|Sandstorm|[upkeep]
|-damage|p1a: Slowking|12/100|[from] Sandstorm
|-heal|p2a: Hippowdon|8/100 psn|[from] item: Leftovers
|-damage|p2a: Hippowdon|0 fnt|[from] psn
|faint|p2a: Hippowdon
|upkeep
|
|t:|1781161801
|switch|p2a: Primarina|Primarina, F|100/100
|turn|3
|
|t:|1781161807
|switch|p1a: Mandibuzz|Mandibuzz, F|100/100
|move|p2a: Primarina|Moonblast|p1a: Mandibuzz
|-supereffective|p1a: Mandibuzz
|-damage|p1a: Mandibuzz|15/100
|
|-weather|Sandstorm|[upkeep]
|-damage|p1a: Mandibuzz|9/100|[from] Sandstorm
|-damage|p2a: Primarina|94/100|[from] Sandstorm
|upkeep
|turn|4
|
|t:|1781161811
|move|p1a: Mandibuzz|Toxic|p2a: Primarina
|-status|p2a: Primarina|tox
|move|p2a: Primarina|Moonblast|p1a: Mandibuzz
|-supereffective|p1a: Mandibuzz
|-damage|p1a: Mandibuzz|0 fnt
|faint|p1a: Mandibuzz
|
|-weather|Sandstorm|[upkeep]
|-damage|p2a: Primarina|88/100 tox|[from] Sandstorm
|-damage|p2a: Primarina|82/100 tox|[from] psn
|upkeep
|
|t:|1781161818
|switch|p1a: Primarina|Primarina, F|100/100
|turn|5
|
|t:|1781161825
|move|p1a: Primarina|Surf|p2a: Primarina
|-resisted|p2a: Primarina
|-damage|p2a: Primarina|62/100 tox
|move|p2a: Primarina|Flip Turn|p1a: Primarina
|-resisted|p1a: Primarina
|-damage|p1a: Primarina|93/100
|
|t:|1781161829
|switch|p2a: Dragonite|Dragonite, M|100/100|[from] Flip Turn
|
|-weather|none
|upkeep
|turn|6
|
|t:|1781161835
|switch|p1a: Quaquaval|Quaquaval, F, shiny|100/100
|move|p2a: Dragonite|Dragon Dance|p2a: Dragonite
|-boost|p2a: Dragonite|atk|1
|-boost|p2a: Dragonite|spe|1
|
|upkeep
|turn|7
|
|t:|1781161840
|move|p2a: Dragonite|Earthquake|p1a: Quaquaval
|-damage|p1a: Quaquaval|38/100
|move|p1a: Quaquaval|Triple Axel|p2a: Dragonite
|-supereffective|p2a: Dragonite
|-damage|p2a: Dragonite|86/100
|-supereffective|p2a: Dragonite
|-damage|p2a: Dragonite|37/100
|-supereffective|p2a: Dragonite
|-crit|p2a: Dragonite
|-damage|p2a: Dragonite|0 fnt
|faint|p2a: Dragonite
|-ability|p1a: Quaquaval|Moxie|boost
|-boost|p1a: Quaquaval|atk|1
|-hitcount|p2: Dragonite|3
|
|upkeep
|
|t:|1781161846
|switch|p2a: Primarina|Primarina, F|62/100 tox
|turn|8
|
|t:|1781161855
|switch|p1a: Primarina|Primarina, F|93/100
|move|p2a: Primarina|Moonblast|p1a: Primarina
|-damage|p1a: Primarina|52/100
|
|-damage|p2a: Primarina|56/100 tox|[from] psn
|upkeep
|turn|9
|
|t:|1781161860
|move|p2a: Primarina|Moonblast|p1a: Primarina
|-damage|p1a: Primarina|11/100
|move|p1a: Primarina|Moonblast|p2a: Primarina
|-damage|p2a: Primarina|14/100 tox
|-unboost|p2a: Primarina|spa|1
|
|-damage|p2a: Primarina|2/100 tox|[from] psn
|upkeep
|turn|10
|
|t:|1781161864
|switch|p1a: Slowking|Slowking-Galar, F|45/100
|move|p2a: Primarina|Flip Turn|p1a: Slowking
|-damage|p1a: Slowking|26/100
|
|t:|1781161871
|switch|p2a: Skarmory|Skarmory, M|100/100|[from] Flip Turn
|
|upkeep
|turn|11
|
|t:|1781161874
|move|p2a: Skarmory|Spikes|p1a: Slowking
|-sidestart|p1: deathprofessor21|Spikes
|move|p1a: Slowking|Flamethrower|p2a: Skarmory
|-supereffective|p2a: Skarmory
|-damage|p2a: Skarmory|12/100
|
|-heal|p2a: Skarmory|18/100|[from] item: Leftovers
|upkeep
|turn|12
|
|t:|1781161879
|switch|p1a: Raging Bolt|Raging Bolt|100/100
|-damage|p1a: Raging Bolt|88/100|[from] Spikes
|move|p2a: Skarmory|Roost|p2a: Skarmory
|-heal|p2a: Skarmory|68/100
|-singleturn|p2a: Skarmory|move: Roost
|
|-heal|p2a: Skarmory|74/100|[from] item: Leftovers
|upkeep
|turn|13
|
|t:|1781161883
|switch|p2a: Primarina|Primarina, F|2/100 tox
|move|p1a: Raging Bolt|Volt Switch|p2a: Primarina
|-supereffective|p2a: Primarina
|-damage|p2a: Primarina|0 fnt
|faint|p2a: Primarina
|
|t:|1781161889
|-end|p1a: Raging Bolt|Protosynthesis|[silent]
|switch|p1a: Slowking|Slowking-Galar, F|59/100|[from] Volt Switch
|-damage|p1a: Slowking|46/100|[from] Spikes
|
|upkeep
|
|t:|1781161896
|switch|p2a: Skarmory|Skarmory, M|74/100
|turn|14
|
|t:|1781161904
|switch|p2a: Slowking|Slowking, F|100/100
|switch|p1a: Raging Bolt|Raging Bolt|88/100
|-damage|p1a: Raging Bolt|76/100|[from] Spikes
|
|upkeep
|turn|15
|
|t:|1781161907
|-terastallize|p2a: Slowking|Fairy
|move|p1a: Raging Bolt|Volt Switch|p2a: Slowking
|-damage|p2a: Slowking|75/100
|
|t:|1781161911
|-end|p1a: Raging Bolt|Protosynthesis|[silent]
|switch|p1a: Slowking|Slowking-Galar, F|80/100|[from] Volt Switch
|-damage|p1a: Slowking|67/100|[from] Spikes
|move|p2a: Slowking|Future Sight|p1a: Slowking
|-start|p2a: Slowking|move: Future Sight
|
|upkeep
|turn|16
|
|t:|1781161917
|-prepare|p2a: Slowking|Chilly Reception|[premajor]
|move|p2a: Slowking|Chilly Reception|p2a: Slowking
|-weather|Snowscape
|
|t:|1781161921
|switch|p2a: Zapdos|Zapdos|100/100|[from] Chilly Reception
|move|p1a: Slowking|Flamethrower|p2a: Zapdos
|-damage|p2a: Zapdos|70/100
|
|-weather|Snowscape|[upkeep]
|upkeep
|turn|17
|
|t:|1781161928
|switch|p1a: Primarina|Primarina, F|11/100
|-damage|p1a: Primarina|0 fnt|[from] Spikes
|faint|p1a: Primarina
|move|p2a: Zapdos|Volt Switch|p1: Primarina|[notarget]
|-fail|p2a: Zapdos
|
|-weather|Snowscape|[upkeep]
|-hint|Future Sight did not hit because the target is fainted.
|upkeep
|
|t:|1781161933
|switch|p1a: Raging Bolt|Raging Bolt|76/100
|-damage|p1a: Raging Bolt|64/100|[from] Spikes
|turn|18
|
|t:|1781161936
|move|p1a: Raging Bolt|Volt Switch|p2a: Zapdos
|-damage|p2a: Zapdos|28/100
|
|t:|1781161940
|-end|p1a: Raging Bolt|Protosynthesis|[silent]
|switch|p1a: Slowking|Slowking-Galar, F|100/100|[from] Volt Switch
|-damage|p1a: Slowking|88/100|[from] Spikes
|move|p2a: Zapdos|Roost|p2a: Zapdos
|-heal|p2a: Zapdos|78/100
|-singleturn|p2a: Zapdos|move: Roost
|
|-weather|Snowscape|[upkeep]
|upkeep
|turn|19
|
|t:|1781161944
|move|p2a: Zapdos|Volt Switch|p1a: Slowking
|-damage|p1a: Slowking|73/100
|
|t:|1781161951
|switch|p2a: Slowking|Slowking, F, tera:Fairy|100/100|[from] Volt Switch
|move|p1a: Slowking|Ice Beam|p2a: Slowking
|-damage|p2a: Slowking|83/100
|
|-weather|Snowscape|[upkeep]
|upkeep
|turn|20
|
|t:|1781161956
|-prepare|p2a: Slowking|Chilly Reception|[premajor]
|move|p2a: Slowking|Chilly Reception|p2a: Slowking
|
|t:|1781161959
|switch|p2a: Skarmory|Skarmory, M|74/100|[from] Chilly Reception
|move|p1a: Slowking|Sludge Bomb|p2a: Skarmory
|-immune|p2a: Skarmory
|
|-weather|none
|-heal|p2a: Skarmory|80/100|[from] item: Leftovers
|upkeep
|turn|21
|
|t:|1781161963
|switch|p2a: Slowking|Slowking, F, tera:Fairy|100/100
|move|p1a: Slowking|Flamethrower|p2a: Slowking
|-damage|p2a: Slowking|81/100
|-status|p2a: Slowking|brn
|
|-damage|p2a: Slowking|75/100 brn|[from] brn
|upkeep
|turn|22
|
|t:|1781161967
|-prepare|p2a: Slowking|Chilly Reception|[premajor]
|move|p2a: Slowking|Chilly Reception|p2a: Slowking
|-weather|Snowscape
|
|t:|1781161974
|switch|p2a: Zapdos|Zapdos|78/100|[from] Chilly Reception
|move|p1a: Slowking|Flamethrower|p2a: Zapdos
|-damage|p2a: Zapdos|47/100
|
|-weather|Snowscape|[upkeep]
|upkeep
|turn|23
|
|t:|1781161979
|move|p2a: Zapdos|Roost|p2a: Zapdos
|-heal|p2a: Zapdos|97/100
|-singleturn|p2a: Zapdos|move: Roost
|move|p1a: Slowking|Sludge Bomb|p2a: Zapdos
|-damage|p2a: Zapdos|51/100
|-status|p2a: Zapdos|psn
|
|-weather|Snowscape|[upkeep]
|-damage|p2a: Zapdos|39/100 psn|[from] psn
|upkeep
|turn|24
|
|t:|1781161982
|move|p2a: Zapdos|Hurricane|p1a: Slowking
|-damage|p1a: Slowking|50/100
|-start|p1a: Slowking|confusion
|-activate|p1a: Slowking|confusion
|-damage|p1a: Slowking|45/100|[from] confusion
|
|-weather|Snowscape|[upkeep]
|-damage|p2a: Zapdos|27/100 psn|[from] psn
|upkeep
|turn|25
|
|t:|1781161986
|switch|p1a: Raging Bolt|Raging Bolt|64/100
|-damage|p1a: Raging Bolt|51/100|[from] Spikes
|move|p2a: Zapdos|Hurricane|p1a: Raging Bolt|[miss]
|-miss|p2a: Zapdos|p1a: Raging Bolt
|
|-weather|Snowscape|[upkeep]
|-damage|p2a: Zapdos|15/100 psn|[from] psn
|upkeep
|turn|26
|
|t:|1781161990
|switch|p2a: Slowking|Slowking, F, tera:Fairy|100/100 brn
|move|p1a: Raging Bolt|Volt Switch|p2a: Slowking
|-damage|p2a: Slowking|75/100 brn
|
|t:|1781161992
|-end|p1a: Raging Bolt|Protosynthesis|[silent]
|switch|p1a: Slowking|Slowking-Galar, F|78/100|[from] Volt Switch
|-damage|p1a: Slowking|66/100|[from] Spikes
|
|-weather|none
|-damage|p2a: Slowking|69/100 brn|[from] brn
|upkeep
|turn|27
|
|t:|1781161995
|move|p1a: Slowking|Sludge Bomb|p2a: Slowking
|-supereffective|p2a: Slowking
|-damage|p2a: Slowking|12/100 brn
|-prepare|p2a: Slowking|Chilly Reception|[premajor]
|move|p2a: Slowking|Chilly Reception|p2a: Slowking
|-weather|Snowscape
|
|t:|1781161999
|switch|p2a: Zapdos|Zapdos|15/100 psn|[from] Chilly Reception
|
|-weather|Snowscape|[upkeep]
|-damage|p2a: Zapdos|2/100 psn|[from] psn
|upkeep
|turn|28
|
|t:|1781162004
|move|p2a: Zapdos|Volt Switch|p1a: Slowking
|-damage|p1a: Slowking|49/100
|
|t:|1781162008
|switch|p2a: Skarmory|Skarmory, M|80/100|[from] Volt Switch
|move|p1a: Slowking|Psychic Noise|p2a: Skarmory
|-resisted|p2a: Skarmory
|-damage|p2a: Skarmory|55/100
|-start|p2a: Skarmory|move: Heal Block
|
|-weather|Snowscape|[upkeep]
|upkeep
|turn|29
|
|t:|1781162014
|switch|p2a: Slowking|Slowking, F, tera:Fairy|45/100 brn
|move|p1a: Slowking|Flamethrower|p2a: Slowking
|-damage|p2a: Slowking|27/100 brn
|
|-weather|Snowscape|[upkeep]
|-damage|p2a: Slowking|21/100 brn|[from] brn
|upkeep
|turn|30
|
|t:|1781162019
|move|p1a: Slowking|Ice Beam|p2a: Slowking
|-damage|p2a: Slowking|1/100 brn
|move|p2a: Slowking|Slack Off|p2a: Slowking
|-heal|p2a: Slowking|51/100 brn
|
|-weather|Snowscape|[upkeep]
|-damage|p2a: Slowking|45/100 brn|[from] brn
|upkeep
|turn|31
|
|t:|1781162025
|switch|p2a: Zapdos|Zapdos|2/100 psn
|move|p1a: Slowking|Sludge Bomb|p2a: Zapdos
|-damage|p2a: Zapdos|0 fnt
|faint|p2a: Zapdos
|
|-weather|none
|upkeep
|
|t:|1781162030
|switch|p2a: Slowking|Slowking, F, tera:Fairy|78/100 brn
|turn|32
|
|t:|1781162035
|switch|p2a: Skarmory|Skarmory, M|55/100
|move|p1a: Slowking|Sludge Bomb|p2a: Skarmory
|-immune|p2a: Skarmory
|
|-heal|p2a: Skarmory|61/100|[from] item: Leftovers
|upkeep
|turn|33
|
|t:|1781162038
|switch|p2a: Slowking|Slowking, F, tera:Fairy|100/100 brn
|move|p1a: Slowking|Flamethrower|p2a: Slowking
|-damage|p2a: Slowking|82/100 brn
|
|-damage|p2a: Slowking|76/100 brn|[from] brn
|upkeep
|turn|34
|
|t:|1781162042
|move|p1a: Slowking|Psychic Noise|p2a: Slowking
|-damage|p2a: Slowking|52/100 brn
|-start|p2a: Slowking|move: Heal Block
|cant|p2a: Slowking|move: Heal Block|Slack Off
|
|-damage|p2a: Slowking|46/100 brn|[from] brn
|upkeep
|turn|35
|
|t:|1781162050
|move|p1a: Slowking|Flamethrower|p2a: Slowking
|-damage|p2a: Slowking|28/100 brn
|move|p2a: Slowking|Scald|p1a: Slowking
|-damage|p1a: Slowking|33/100
|
|-damage|p2a: Slowking|22/100 brn|[from] brn
|-end|p2a: Slowking|move: Heal Block
|upkeep
|turn|36
|
|t:|1781162057
|move|p2a: Slowking|Slack Off|p2a: Slowking
|-heal|p2a: Slowking|72/100 brn
|move|p1a: Slowking|Flamethrower|p2a: Slowking
|-damage|p2a: Slowking|52/100 brn
|
|-damage|p2a: Slowking|46/100 brn|[from] brn
|upkeep
|turn|37
|
|t:|1781162060
|switch|p2a: Skarmory|Skarmory, M|61/100
|move|p1a: Slowking|Flamethrower|p2a: Skarmory
|-supereffective|p2a: Skarmory
|-damage|p2a: Skarmory|0 fnt
|faint|p2a: Skarmory
|
|upkeep
|
|t:|1781162063
|switch|p2a: Slowking|Slowking, F, tera:Fairy|79/100 brn
|turn|38
|
|t:|1781162068
|switch|p1a: Raging Bolt|Raging Bolt|51/100
|-damage|p1a: Raging Bolt|39/100|[from] Spikes
|move|p2a: Slowking|Slack Off|p2a: Slowking
|-heal|p2a: Slowking|100/100 brn
|
|-damage|p2a: Slowking|94/100 brn|[from] brn
|upkeep
|turn|39
|
|t:|1781162074
|move|p1a: Raging Bolt|Volt Switch|p2a: Slowking
|-damage|p2a: Slowking|71/100 brn
|
|t:|1781162077
|-end|p1a: Raging Bolt|Protosynthesis|[silent]
|switch|p1a: Slowking|Slowking-Galar, F|67/100|[from] Volt Switch
|-damage|p1a: Slowking|54/100|[from] Spikes
|move|p2a: Slowking|Scald|p1a: Slowking
|-damage|p1a: Slowking|38/100
|
|-damage|p2a: Slowking|64/100 brn|[from] brn
|upkeep
|turn|40
|
|t:|1781162081
|move|p2a: Slowking|Slack Off|p2a: Slowking
|-heal|p2a: Slowking|100/100 brn
|move|p1a: Slowking|Psychic Noise|p2a: Slowking
|-crit|p2a: Slowking
|-damage|p2a: Slowking|69/100 brn
|-start|p2a: Slowking|move: Heal Block
|
|-damage|p2a: Slowking|62/100 brn|[from] brn
|upkeep
|turn|41
|
|t:|1781162088
|move|p2a: Slowking|Future Sight|p1a: Slowking
|-start|p2a: Slowking|move: Future Sight
|move|p1a: Slowking|Sludge Bomb|p2a: Slowking
|-supereffective|p2a: Slowking
|-damage|p2a: Slowking|11/100 brn
|
|-damage|p2a: Slowking|5/100 brn|[from] brn
|-end|p2a: Slowking|move: Heal Block
|upkeep
|turn|42
|
|t:|1781162092
|move|p1a: Slowking|Sludge Bomb|p2a: Slowking
|-supereffective|p2a: Slowking
|-damage|p2a: Slowking|0 fnt
|faint|p2a: Slowking
|
|win|deathprofessor21
|raw|deathprofessor21's rating: 1519 &rarr; <strong>1543</strong><br />(+24 for winning)
|raw|KurisuChestnutLab's rating: 1582 &rarr; <strong>1558</strong><br />(-24 for losing)
|l|☆KurisuChestnutLab
|player|p2|
|l|☆deathprofessor21
|player|p1|
|j|☆deathprofessor21
|player|p1|deathprofessor21|101|
