|j|☆icylikedecember
|j|☆GodILoveBastiodon
|t:|1781172713
|gametype|singles
|player|p1|icylikedecember|smasher|1622
|player|p2|GodILoveBastiodon|byron|1599
|gen|9
|tier|[Gen 9] OU
|rated|
|rule|HP Percentage Mod: HP is shown in percentages
|rule|Endless Battle Clause: Forcing endless battles is banned
|rule|Species Clause: Limit one of each Pokémon
|rule|OHKO Clause: OHKO moves are banned
|rule|Evasion Items Clause: Evasion items are banned
|rule|Evasion Moves Clause: Evasion moves are banned
|rule|Evasion Abilities Clause: Evasion abilities are banned
|rule|Sleep Moves Clause: Sleep-inducing moves are banned
|clearpoke
|poke|p1|Corviknight, F|
|poke|p1|Slowking-Galar, F|
|poke|p1|Darkrai|
|poke|p1|Kyurem|
|poke|p1|Zamazenta-*|
|poke|p1|Crawdaunt, F|
|poke|p2|Hydrapple, M|
|poke|p2|Tyranitar, F|
|poke|p2|Moltres|
|poke|p2|Zamazenta-*|
|poke|p2|Slowking-Galar, F|
|poke|p2|Excadrill, F|
|teampreview
|inactive|Battle timer is ON: inactive players will automatically lose when time's up. (requested by GodILoveBastiodon)
|
|t:|1781172739
|teamsize|p1|6
|teamsize|p2|6
|start
|switch|p1a: Kyurem|Kyurem|100/100
|switch|p2a: Tyranitar|Tyranitar, F|100/100
|-ability|p1a: Kyurem|Pressure
|-weather|Sandstorm|[from] ability: Sand Stream|[of] p2a: Tyranitar
|turn|1
|
|t:|1781172746
|-terastallize|p1a: Kyurem|Ground
|move|p1a: Kyurem|Earth Power|p2a: Tyranitar
|-supereffective|p2a: Tyranitar
|-damage|p2a: Tyranitar|42/100
|-unboost|p2a: Tyranitar|spd|1
|move|p2a: Tyranitar|Thunder Wave|p1a: Kyurem
|-immune|p1a: Kyurem
|
|-weather|Sandstorm|[upkeep]
|upkeep
|turn|2
|
|t:|1781172759
|switch|p1a: Darkrai|Darkrai|100/100
|switch|p2a: Moltres|Moltres|100/100
|
|-weather|Sandstorm|[upkeep]
|-damage|p1a: Darkrai|94/100|[from] Sandstorm
|-damage|p2a: Moltres|94/100|[from] Sandstorm
|upkeep
|turn|3
|
|t:|1781172762
|move|p1a: Darkrai|Dark Pulse|p2a: Moltres
|-damage|p2a: Moltres|53/100
|move|p2a: Moltres|U-turn|p1a: Darkrai
|-supereffective|p1a: Darkrai
|-damage|p1a: Darkrai|53/100
|
|t:|1781172767
|switch|p2a: Excadrill|Excadrill, F|100/100|[from] U-turn
|-item|p2a: Excadrill|Air Balloon
|
|-weather|Sandstorm|[upkeep]
|-damage|p1a: Darkrai|47/100|[from] Sandstorm
|upkeep
|turn|4
|
|t:|1781172775
|switch|p2a: Moltres|Moltres|53/100
|switch|p1a: Corviknight|Corviknight, F, shiny|100/100
|-ability|p1a: Corviknight|Pressure
|
|-weather|Sandstorm|[upkeep]
|-damage|p2a: Moltres|47/100|[from] Sandstorm
|upkeep
|turn|5
|
|t:|1781172779
|switch|p1a: Slowking|Slowking-Galar, F, shiny|100/100
|move|p2a: Moltres|Roost|p2a: Moltres
|-heal|p2a: Moltres|97/100
|-singleturn|p2a: Moltres|move: Roost
|
|-weather|Sandstorm|[upkeep]
|-damage|p2a: Moltres|91/100|[from] Sandstorm
|-damage|p1a: Slowking|94/100|[from] Sandstorm
|upkeep
|turn|6
|j| flamewing_phoenix
|
|t:|1781172782
|move|p2a: Moltres|U-turn|p1a: Slowking
|-damage|p1a: Slowking|80/100
|
|t:|1781172783
|switch|p2a: Slowking|Slowking-Galar, F|100/100|[from] U-turn
|move|p1a: Slowking|Flamethrower|p2a: Slowking
|-damage|p2a: Slowking|84/100
|-status|p2a: Slowking|brn
|
|-weather|Sandstorm|[upkeep]
|-damage|p2a: Slowking|78/100 brn|[from] Sandstorm
|-damage|p1a: Slowking|74/100|[from] Sandstorm
|-damage|p2a: Slowking|72/100 brn|[from] brn
|upkeep
|turn|7
|
|t:|1781172793
|switch|p1a: Crawdaunt|Crawdaunt, F|100/100
|move|p2a: Slowking|Ice Beam|p1a: Crawdaunt
|-resisted|p1a: Crawdaunt
|-damage|p1a: Crawdaunt|76/100
|
|-weather|Sandstorm|[upkeep]
|-damage|p1a: Crawdaunt|70/100|[from] Sandstorm
|-damage|p2a: Slowking|66/100 brn|[from] Sandstorm
|-damage|p2a: Slowking|60/100 brn|[from] brn
|upkeep
|turn|8
|
|t:|1781172801
|switch|p2a: Hydrapple|Hydrapple, M|100/100
|move|p1a: Crawdaunt|Knock Off|p2a: Hydrapple
|-damage|p2a: Hydrapple|41/100
|-enditem|p2a: Hydrapple|Heavy-Duty Boots|[from] move: Knock Off|[of] p1a: Crawdaunt
|
|-weather|none
|upkeep
|turn|9
|
|t:|1781172813
|switch|p2a: Zamazenta|Zamazenta|100/100
|-ability|p2a: Zamazenta|Dauntless Shield|boost
|-boost|p2a: Zamazenta|def|1
|move|p1a: Crawdaunt|Knock Off|p2a: Zamazenta
|-resisted|p2a: Zamazenta
|-damage|p2a: Zamazenta|72/100
|-enditem|p2a: Zamazenta|Leftovers|[from] move: Knock Off|[of] p1a: Crawdaunt
|
|upkeep
|turn|10
|j| yuureisuisei
|
|t:|1781172821
|switch|p1a: Slowking|Slowking-Galar, F, shiny|100/100
|move|p2a: Zamazenta|Body Press|p1a: Slowking
|-resisted|p1a: Slowking
|-damage|p1a: Slowking|86/100
|
|upkeep
|turn|11
|
|t:|1781172832
|switch|p2a: Slowking|Slowking-Galar, F|93/100 brn
|move|p1a: Slowking|Sludge Bomb|p2a: Slowking
|-resisted|p2a: Slowking
|-damage|p2a: Slowking|82/100 brn
|
|-damage|p2a: Slowking|76/100 brn|[from] brn
|upkeep
|turn|12
|
|t:|1781172837
|move|p2a: Slowking|Sludge Bomb|p1a: Slowking
|-resisted|p1a: Slowking
|-damage|p1a: Slowking|78/100
|move|p1a: Slowking|Psyshock|p2a: Slowking
|-damage|p2a: Slowking|48/100 brn
|
|-damage|p2a: Slowking|42/100 brn|[from] brn
|upkeep
|turn|13
|
|t:|1781172845
|switch|p2a: Tyranitar|Tyranitar, F|42/100
|-weather|Sandstorm|[from] ability: Sand Stream|[of] p2a: Tyranitar
|switch|p1a: Crawdaunt|Crawdaunt, F|70/100
|
|-weather|Sandstorm|[upkeep]
|-damage|p1a: Crawdaunt|64/100|[from] Sandstorm
|upkeep
|turn|14
|
|t:|1781172852
|switch|p2a: Hydrapple|Hydrapple, M|75/100
|move|p1a: Crawdaunt|Knock Off|p2a: Hydrapple
|-damage|p2a: Hydrapple|35/100
|
|-weather|Sandstorm|[upkeep]
|-damage|p1a: Crawdaunt|58/100|[from] Sandstorm
|-damage|p2a: Hydrapple|28/100|[from] Sandstorm
|upkeep
|turn|15
|
|t:|1781172858
|switch|p2a: Zamazenta|Zamazenta|72/100
|move|p1a: Crawdaunt|Knock Off|p2a: Zamazenta
|-resisted|p2a: Zamazenta
|-damage|p2a: Zamazenta|45/100
|
|-weather|Sandstorm|[upkeep]
|-damage|p2a: Zamazenta|39/100|[from] Sandstorm
|-damage|p1a: Crawdaunt|52/100|[from] Sandstorm
|upkeep
|turn|16
|
|t:|1781172865
|switch|p1a: Slowking|Slowking-Galar, F, shiny|100/100
|move|p2a: Zamazenta|Crunch|p1a: Slowking
|-supereffective|p1a: Slowking
|-damage|p1a: Slowking|52/100
|
|-weather|Sandstorm|[upkeep]
|-damage|p2a: Zamazenta|33/100|[from] Sandstorm
|-damage|p1a: Slowking|46/100|[from] Sandstorm
|upkeep
|turn|17
|
|t:|1781172872
|switch|p1a: Corviknight|Corviknight, F, shiny|100/100
|-ability|p1a: Corviknight|Pressure
|move|p2a: Zamazenta|Body Press|p1a: Corviknight
|-damage|p1a: Corviknight|79/100
|-damage|p2a: Zamazenta|16/100|[from] item: Rocky Helmet|[of] p1a: Corviknight
|
|-weather|Sandstorm|[upkeep]
|-damage|p2a: Zamazenta|10/100|[from] Sandstorm
|upkeep
|turn|18
|
|t:|1781172880
|move|p2a: Zamazenta|Iron Defense|p2a: Zamazenta
|-boost|p2a: Zamazenta|def|2
|move|p1a: Corviknight|Roost|p1a: Corviknight
|-heal|p1a: Corviknight|100/100
|-singleturn|p1a: Corviknight|move: Roost
|
|-weather|Sandstorm|[upkeep]
|-damage|p2a: Zamazenta|4/100|[from] Sandstorm
|upkeep
|turn|19
|
|t:|1781172883
|switch|p1a: Slowking|Slowking-Galar, F, shiny|79/100
|move|p2a: Zamazenta|Body Press|p1a: Slowking
|-resisted|p1a: Slowking
|-damage|p1a: Slowking|59/100
|
|-weather|Sandstorm|[upkeep]
|-damage|p2a: Zamazenta|0 fnt|[from] Sandstorm
|-damage|p1a: Slowking|53/100|[from] Sandstorm
|faint|p2a: Zamazenta
|upkeep
|
|t:|1781172888
|switch|p2a: Excadrill|Excadrill, F|100/100
|-item|p2a: Excadrill|Air Balloon
|turn|20
|
|t:|1781172893
|switch|p2a: Moltres|Moltres|91/100
|switch|p1a: Corviknight|Corviknight, F, shiny|100/100
|-ability|p1a: Corviknight|Pressure
|
|-weather|none
|upkeep
|turn|21
|
|t:|1781172895
|switch|p1a: Slowking|Slowking-Galar, F, shiny|86/100
|move|p2a: Moltres|Flamethrower|p1a: Slowking
|-damage|p1a: Slowking|66/100
|
|upkeep
|turn|22
|
|t:|1781172899
|move|p2a: Moltres|U-turn|p1a: Slowking
|-damage|p1a: Slowking|52/100
|
|t:|1781172902
|switch|p2a: Tyranitar|Tyranitar, F|42/100|[from] U-turn
|-weather|Sandstorm|[from] ability: Sand Stream|[of] p2a: Tyranitar
|move|p1a: Slowking|Sludge Bomb|p2a: Tyranitar
|-resisted|p2a: Tyranitar
|-damage|p2a: Tyranitar|34/100
|-status|p2a: Tyranitar|psn
|
|-weather|Sandstorm|[upkeep]
|-damage|p1a: Slowking|46/100|[from] Sandstorm
|-damage|p2a: Tyranitar|21/100 psn|[from] psn
|upkeep
|turn|23
|
|t:|1781172905
|switch|p1a: Corviknight|Corviknight, F, shiny|100/100
|-ability|p1a: Corviknight|Pressure
|move|p2a: Tyranitar|Stealth Rock|p1a: Corviknight
|-sidestart|p1: icylikedecember|move: Stealth Rock
|
|-weather|Sandstorm|[upkeep]
|-damage|p2a: Tyranitar|9/100 psn|[from] psn
|upkeep
|turn|24
|
|t:|1781172911
|move|p1a: Corviknight|Defog|p2a: Tyranitar
|-unboost|p2a: Tyranitar|evasion|1
|-sideend|p1: icylikedecember|Stealth Rock|[from] move: Defog|[of] p1a: Corviknight
|move|p2a: Tyranitar|Thunder Wave|p1a: Corviknight|[miss]
|-miss|p2a: Tyranitar|p1a: Corviknight
|
|-weather|Sandstorm|[upkeep]
|-damage|p2a: Tyranitar|0 fnt|[from] psn
|faint|p2a: Tyranitar
|upkeep
|
|t:|1781172940
|switch|p2a: Moltres|Moltres|91/100
|turn|25
|
|t:|1781172944
|switch|p1a: Slowking|Slowking-Galar, F, shiny|79/100
|move|p2a: Moltres|U-turn|p1a: Slowking
|-damage|p1a: Slowking|63/100
|
|t:|1781172947
|switch|p2a: Excadrill|Excadrill, F|100/100|[from] U-turn
|-item|p2a: Excadrill|Air Balloon
|
|-weather|Sandstorm|[upkeep]
|-damage|p1a: Slowking|57/100|[from] Sandstorm
|upkeep
|turn|26
|
|t:|1781172949
|switch|p1a: Corviknight|Corviknight, F, shiny|100/100
|-ability|p1a: Corviknight|Pressure
|move|p2a: Excadrill|Swords Dance|p2a: Excadrill
|-boost|p2a: Excadrill|atk|2
|
|-weather|Sandstorm|[upkeep]
|upkeep
|turn|27
|
|t:|1781172951
|move|p2a: Excadrill|Swords Dance|p2a: Excadrill
|-boost|p2a: Excadrill|atk|2
|move|p1a: Corviknight|U-turn|p2a: Excadrill
|-resisted|p2a: Excadrill
|-crit|p2a: Excadrill
|-damage|p2a: Excadrill|86/100
|-enditem|p2a: Excadrill|Air Balloon
|
|t:|1781172953
|switch|p1a: Zamazenta|Zamazenta|100/100|[from] U-turn
|-ability|p1a: Zamazenta|Dauntless Shield|boost
|-boost|p1a: Zamazenta|def|1
|
|-weather|Sandstorm|[upkeep]
|-damage|p1a: Zamazenta|94/100|[from] Sandstorm
|-heal|p1a: Zamazenta|100/100|[from] item: Leftovers
|upkeep
|turn|28
|
|t:|1781172957
|move|p2a: Excadrill|Earthquake|p1a: Zamazenta
|-damage|p1a: Zamazenta|26/100
|move|p1a: Zamazenta|Roar|p2a: Excadrill
|drag|p2a: Slowking|Slowking-Galar, F|76/100 brn
|
|-weather|Sandstorm|[upkeep]
|-damage|p1a: Zamazenta|20/100|[from] Sandstorm
|-damage|p2a: Slowking|69/100 brn|[from] Sandstorm
|-heal|p1a: Zamazenta|26/100|[from] item: Leftovers
|-damage|p2a: Slowking|63/100 brn|[from] brn
|upkeep
|turn|29
|
|t:|1781172964
|move|p1a: Zamazenta|Crunch|p2a: Slowking
|-supereffective|p2a: Slowking
|-damage|p2a: Slowking|32/100 brn
|move|p2a: Slowking|Psyshock|p1a: Zamazenta
|-supereffective|p1a: Zamazenta
|-damage|p1a: Zamazenta|0 fnt
|faint|p1a: Zamazenta
|
|-weather|none
|-damage|p2a: Slowking|26/100 brn|[from] brn
|upkeep
|
|t:|1781172970
|switch|p1a: Darkrai|Darkrai|47/100
|turn|30
|
|t:|1781172973
|switch|p2a: Moltres|Moltres|91/100
|move|p1a: Darkrai|Dark Pulse|p2a: Moltres
|-damage|p2a: Moltres|49/100
|
|upkeep
|turn|31
|
|t:|1781172981
|move|p1a: Darkrai|Dark Pulse|p2a: Moltres
|-damage|p2a: Moltres|5/100
|move|p2a: Moltres|Roost|p2a: Moltres
|-heal|p2a: Moltres|55/100
|-singleturn|p2a: Moltres|move: Roost
|
|upkeep
|turn|32
|
|t:|1781172993
|switch|p1a: Slowking|Slowking-Galar, F, shiny|91/100
|move|p2a: Moltres|U-turn|p1a: Slowking
|-damage|p1a: Slowking|75/100
|
|t:|1781172996
|switch|p2a: Excadrill|Excadrill, F|86/100|[from] U-turn
|
|upkeep
|turn|33
|
|t:|1781172999
|move|p2a: Excadrill|Swords Dance|p2a: Excadrill
|-boost|p2a: Excadrill|atk|2
|move|p1a: Slowking|Flamethrower|p2a: Excadrill
|-supereffective|p2a: Excadrill
|-crit|p2a: Excadrill
|-damage|p2a: Excadrill|0 fnt
|faint|p2a: Excadrill
|
|upkeep
|
|t:|1781173004
|switch|p2a: Hydrapple|Hydrapple, M|62/100
|turn|34
|
|t:|1781173009
|-terastallize|p2a: Hydrapple|Poison
|move|p2a: Hydrapple|Nasty Plot|p2a: Hydrapple
|-boost|p2a: Hydrapple|spa|2
|move|p1a: Slowking|Ice Beam|p2a: Hydrapple
|-damage|p2a: Hydrapple|34/100
|
|upkeep
|turn|35
|
|t:|1781173012
|move|p2a: Hydrapple|Earth Power|p1a: Slowking
|-supereffective|p1a: Slowking
|-damage|p1a: Slowking|21/100
|move|p1a: Slowking|Psyshock|p2a: Hydrapple
|-supereffective|p2a: Hydrapple
|-damage|p2a: Hydrapple|0 fnt
|faint|p2a: Hydrapple
|
|upkeep
|
|t:|1781173016
|switch|p2a: Slowking|Slowking-Galar, F|60/100 brn
|turn|36
|
|t:|1781173020
|switch|p1a: Corviknight|Corviknight, F, shiny|100/100
|-ability|p1a: Corviknight|Pressure
|move|p2a: Slowking|Psyshock|p1a: Corviknight
|-resisted|p1a: Corviknight
|-damage|p1a: Corviknight|91/100
|
|-damage|p2a: Slowking|53/100 brn|[from] brn
|upkeep
|turn|37
|
|t:|1781173025
|move|p1a: Corviknight|U-turn|p2a: Slowking
|-damage|p2a: Slowking|42/100 brn
|
|t:|1781173028
|switch|p1a: Slowking|Slowking-Galar, F, shiny|55/100|[from] U-turn
|move|p2a: Slowking|Sludge Bomb|p1a: Slowking
|-resisted|p1a: Slowking
|-damage|p1a: Slowking|46/100
|
|-damage|p2a: Slowking|36/100 brn|[from] brn
|upkeep
|turn|38
|
|t:|1781173032
|move|p2a: Slowking|Psyshock|p1a: Slowking
|-damage|p1a: Slowking|14/100
|move|p1a: Slowking|Psyshock|p2a: Slowking
|-damage|p2a: Slowking|4/100 brn
|
|-damage|p2a: Slowking|0 fnt|[from] brn
|faint|p2a: Slowking
|upkeep
|
|t:|1781173035
|switch|p2a: Moltres|Moltres|55/100
|turn|39
|
|t:|1781173037
|switch|p1a: Corviknight|Corviknight, F, shiny|91/100
|-ability|p1a: Corviknight|Pressure
|move|p2a: Moltres|Flamethrower|p1a: Corviknight
|-supereffective|p1a: Corviknight
|-damage|p1a: Corviknight|19/100
|-status|p1a: Corviknight|brn
|
|-damage|p1a: Corviknight|13/100 brn|[from] brn
|upkeep
|turn|40
|
|t:|1781173042
|move|p2a: Moltres|Flamethrower|p1a: Corviknight
|-supereffective|p1a: Corviknight
|-damage|p1a: Corviknight|0 fnt
|faint|p1a: Corviknight
|
|upkeep
|
|t:|1781173044
|switch|p1a: Slowking|Slowking-Galar, F, shiny|47/100
|turn|41
|
|t:|1781173046
|move|p2a: Moltres|Flamethrower|p1a: Slowking
|-damage|p1a: Slowking|30/100
|move|p1a: Slowking|Sludge Bomb|p2a: Moltres
|-damage|p2a: Moltres|11/100
|-status|p2a: Moltres|psn
|
|-damage|p2a: Moltres|0 fnt|[from] psn
|faint|p2a: Moltres
|
|win|icylikedecember
|raw|icylikedecember's rating: 1622 &rarr; <strong>1641</strong><br />(+19 for winning)
|raw|GodILoveBastiodon's rating: 1599 &rarr; <strong>1580</strong><br />(-19 for losing)
|l|☆icylikedecember
|player|p1|
|l|☆GodILoveBastiodon
|player|p2|
|l| flamewing_phoenix
