|j|☆8daniel8
|j|☆KurisuChestnutOU
|t:|1781164479
|gametype|singles
|player|p1|8daniel8|2|1528
|player|p2|KurisuChestnutOU|may-contest|1477
|gen|9
|tier|[Gen 9] OU
|rated|
|rule|HP Percentage Mod: HP is shown in percentages
|rule|Endless Battle Clause: Forcing endless battles is banned
|rule|Species Clause: Limit one of each Pokémon
|rule|OHKO Clause: OHKO moves are banned
|rule|Evasion Items Clause: Evasion items are banned
|rule|Evasion Moves Clause: Evasion moves are banned
|rule|Evasion Abilities Clause: Evasion abilities are banned
|rule|Sleep Moves Clause: Sleep-inducing moves are banned
|clearpoke
|poke|p1|Arcanine-Hisui, M|
|poke|p1|Corviknight, M|
|poke|p1|Clodsire, M|
|poke|p1|Sinistcha-Masterpiece|
|poke|p1|Samurott-Hisui, M|
|poke|p1|Dragonite, F|
|poke|p2|Zamazenta-*|
|poke|p2|Zapdos|
|poke|p2|Garganacl, F|
|poke|p2|Clefable, F|
|poke|p2|Samurott-Hisui, F|
|poke|p2|Gholdengo|
|teampreview
|
|t:|1781164485
|teamsize|p1|6
|teamsize|p2|6
|start
|switch|p1a: Samurott|Samurott-Hisui, M|100/100
|switch|p2a: Garganacl|Garganacl, F|100/100
|turn|1
|inactive|Battle timer is ON: inactive players will automatically lose when time's up. (requested by KurisuChestnutOU)
|
|t:|1781164491
|move|p1a: Samurott|Razor Shell|p2a: Garganacl
|-supereffective|p2a: Garganacl
|-damage|p2a: Garganacl|35/100
|-unboost|p2a: Garganacl|def|1
|move|p2a: Garganacl|Salt Cure|p1a: Samurott
|-damage|p1a: Samurott|84/100
|-start|p1a: Samurott|Salt Cure
|
|-heal|p2a: Garganacl|41/100|[from] item: Leftovers
|-damage|p1a: Samurott|60/100|[from] Salt Cure
|upkeep
|turn|2
|
|t:|1781164502
|switch|p2a: Zamazenta|Zamazenta|100/100
|-ability|p2a: Zamazenta|Dauntless Shield|boost
|-boost|p2a: Zamazenta|def|1
|move|p1a: Samurott|Ceaseless Edge|p2a: Zamazenta|[miss]
|-miss|p1a: Samurott|p2a: Zamazenta
|
|-damage|p1a: Samurott|35/100|[from] Salt Cure
|upkeep
|turn|3
|
|t:|1781164512
|switch|p1a: Sinistcha|Sinistcha-Masterpiece|100/100
|move|p2a: Zamazenta|Crunch|p1a: Sinistcha
|-supereffective|p1a: Sinistcha
|-enditem|p1a: Sinistcha|Colbur Berry|[eat]
|-enditem|p1a: Sinistcha|Colbur Berry|[weaken]
|-damage|p1a: Sinistcha|82/100
|
|upkeep
|turn|4
|
|t:|1781164521
|switch|p2a: Gholdengo|Gholdengo|100/100
|move|p1a: Sinistcha|Calm Mind|p1a: Sinistcha
|-boost|p1a: Sinistcha|spa|1
|-boost|p1a: Sinistcha|spd|1
|
|upkeep
|turn|5
|
|t:|1781164530
|-terastallize|p1a: Sinistcha|Grass
|move|p2a: Gholdengo|Shadow Ball|p1a: Sinistcha
|-crit|p1a: Sinistcha
|-damage|p1a: Sinistcha|17/100
|move|p1a: Sinistcha|Shadow Ball|p2a: Gholdengo
|-supereffective|p2a: Gholdengo
|-damage|p2a: Gholdengo|0 fnt
|faint|p2a: Gholdengo
|
|upkeep
|
|t:|1781164534
|switch|p2a: Samurott|Samurott-Hisui, F|100/100
|turn|6
|
|t:|1781164542
|move|p2a: Samurott|Ceaseless Edge|p1a: Sinistcha
|-damage|p1a: Sinistcha|0 fnt
|-sidestart|p1: 8daniel8|Spikes
|faint|p1a: Sinistcha
|
|upkeep
|
|t:|1781164549
|switch|p1a: Arcanine|Arcanine-Hisui, M|100/100
|-damage|p1a: Arcanine|88/100|[from] Spikes
|turn|7
|
|t:|1781164554
|move|p2a: Samurott|Ceaseless Edge|p1a: Arcanine
|-damage|p1a: Arcanine|30/100
|-sidestart|p1: 8daniel8|Spikes
|move|p1a: Arcanine|Close Combat|p2a: Samurott
|-supereffective|p2a: Samurott
|-damage|p2a: Samurott|0 fnt
|-unboost|p1a: Arcanine|def|1
|-unboost|p1a: Arcanine|spd|1
|faint|p2a: Samurott
|
|upkeep
|
|t:|1781164561
|switch|p2a: Zamazenta|Zamazenta|100/100
|turn|8
|
|t:|1781164566
|switch|p1a: Corviknight|Corviknight, M|100/100
|move|p2a: Zamazenta|Iron Defense|p2a: Zamazenta
|-boost|p2a: Zamazenta|def|2
|
|upkeep
|turn|9
|
|t:|1781164572
|switch|p2a: Garganacl|Garganacl, F|41/100
|move|p1a: Corviknight|Defog|p2a: Garganacl
|-unboost|p2a: Garganacl|evasion|1
|-sideend|p1: 8daniel8|Spikes|[from] move: Defog|[of] p1a: Corviknight
|
|-heal|p2a: Garganacl|47/100|[from] item: Leftovers
|upkeep
|turn|10
|
|t:|1781164582
|switch|p1a: Clodsire|Clodsire, M|100/100
|move|p2a: Garganacl|Recover|p2a: Garganacl
|-heal|p2a: Garganacl|97/100
|
|-heal|p2a: Garganacl|100/100|[from] item: Leftovers
|upkeep
|turn|11
|
|t:|1781164590
|move|p2a: Garganacl|Stealth Rock|p1a: Clodsire
|-sidestart|p1: 8daniel8|move: Stealth Rock
|move|p1a: Clodsire|Curse|p1a: Clodsire
|-unboost|p1a: Clodsire|spe|1
|-boost|p1a: Clodsire|atk|1
|-boost|p1a: Clodsire|def|1
|
|upkeep
|turn|12
|
|t:|1781164598
|switch|p2a: Zamazenta|Zamazenta|100/100
|move|p1a: Clodsire|Curse|p1a: Clodsire
|-unboost|p1a: Clodsire|spe|1
|-boost|p1a: Clodsire|atk|1
|-boost|p1a: Clodsire|def|1
|
|upkeep
|turn|13
|
|t:|1781164605
|switch|p2a: Zapdos|Zapdos|100/100
|move|p1a: Clodsire|Poison Jab|p2a: Zapdos
|-damage|p2a: Zapdos|67/100
|
|upkeep
|turn|14
|
|t:|1781164613
|-terastallize|p2a: Zapdos|Steel
|move|p2a: Zapdos|Roost|p2a: Zapdos
|-heal|p2a: Zapdos|100/100
|move|p1a: Clodsire|Poison Jab|p2a: Zapdos
|-immune|p2a: Zapdos
|
|upkeep
|turn|15
|
|t:|1781164621
|move|p2a: Zapdos|Hurricane|p1a: Clodsire
|-damage|p1a: Clodsire|77/100
|move|p1a: Clodsire|Curse|p1a: Clodsire
|-unboost|p1a: Clodsire|spe|1
|-boost|p1a: Clodsire|atk|1
|-boost|p1a: Clodsire|def|1
|
|-heal|p1a: Clodsire|83/100|[from] item: Leftovers
|upkeep
|turn|16
|
|t:|1781164630
|switch|p2a: Clefable|Clefable, F|100/100
|move|p1a: Clodsire|Curse|p1a: Clodsire
|-unboost|p1a: Clodsire|spe|1
|-boost|p1a: Clodsire|atk|1
|-boost|p1a: Clodsire|def|1
|
|-heal|p1a: Clodsire|89/100|[from] item: Leftovers
|upkeep
|turn|17
|
|t:|1781164639
|move|p2a: Clefable|Knock Off|p1a: Clodsire
|-damage|p1a: Clodsire|72/100
|-enditem|p1a: Clodsire|Leftovers|[from] move: Knock Off|[of] p2a: Clefable
|move|p1a: Clodsire|Poison Jab|p2a: Clefable
|-supereffective|p2a: Clefable
|-damage|p2a: Clefable|70/100
|
|upkeep
|turn|18
|
|t:|1781164647
|switch|p2a: Zapdos|Zapdos, tera:Steel|100/100
|move|p1a: Clodsire|Poison Jab|p2a: Zapdos
|-immune|p2a: Zapdos
|
|upkeep
|turn|19
|
|t:|1781164654
|switch|p2a: Zamazenta|Zamazenta|100/100
|move|p1a: Clodsire|Earthquake|p2a: Zamazenta
|-damage|p2a: Zamazenta|38/100
|
|-heal|p2a: Zamazenta|44/100|[from] item: Leftovers
|upkeep
|turn|20
|
|t:|1781164661
|switch|p2a: Clefable|Clefable, F|70/100
|move|p1a: Clodsire|Earthquake|p2a: Clefable
|-crit|p2a: Clefable
|-damage|p2a: Clefable|40/100
|
|upkeep
|turn|21
|
|t:|1781164668
|move|p2a: Clefable|Moonlight|p2a: Clefable
|-heal|p2a: Clefable|90/100
|move|p1a: Clodsire|Poison Jab|p2a: Clefable
|-supereffective|p2a: Clefable
|-damage|p2a: Clefable|56/100
|
|upkeep
|turn|22
|
|t:|1781164674
|move|p2a: Clefable|Moonlight|p2a: Clefable
|-heal|p2a: Clefable|100/100
|move|p1a: Clodsire|Earthquake|p2a: Clefable
|-damage|p2a: Clefable|78/100
|
|upkeep
|turn|23
|
|t:|1781164681
|move|p2a: Clefable|Moonblast|p1a: Clodsire
|-resisted|p1a: Clodsire
|-damage|p1a: Clodsire|64/100
|move|p1a: Clodsire|Earthquake|p2a: Clefable
|-damage|p2a: Clefable|58/100
|
|upkeep
|turn|24
|
|t:|1781164687
|move|p2a: Clefable|Moonlight|p2a: Clefable
|-heal|p2a: Clefable|100/100
|move|p1a: Clodsire|Poison Jab|p2a: Clefable
|-supereffective|p2a: Clefable
|-damage|p2a: Clefable|65/100
|
|upkeep
|turn|25
|
|t:|1781164695
|move|p2a: Clefable|Moonlight|p2a: Clefable
|-heal|p2a: Clefable|100/100
|move|p1a: Clodsire|Poison Jab|p2a: Clefable
|-supereffective|p2a: Clefable
|-damage|p2a: Clefable|68/100
|-status|p2a: Clefable|psn
|
|-damage|p2a: Clefable|56/100 psn|[from] psn
|upkeep
|turn|26
|
|t:|1781164705
|move|p2a: Clefable|Moonlight|p2a: Clefable
|-heal|p2a: Clefable|100/100 psn
|move|p1a: Clodsire|Curse|p1a: Clodsire
|-unboost|p1a: Clodsire|spe|1
|-boost|p1a: Clodsire|atk|1
|-boost|p1a: Clodsire|def|1
|
|-damage|p2a: Clefable|88/100 psn|[from] psn
|upkeep
|turn|27
|
|t:|1781164714
|move|p2a: Clefable|Moonblast|p1a: Clodsire
|-resisted|p1a: Clodsire
|-crit|p1a: Clodsire
|-damage|p1a: Clodsire|51/100
|move|p1a: Clodsire|Earthquake|p2a: Clefable
|-damage|p2a: Clefable|69/100 psn
|
|-damage|p2a: Clefable|56/100 psn|[from] psn
|upkeep
|turn|28
|
|t:|1781164723
|move|p2a: Clefable|Moonblast|p1a: Clodsire
|-resisted|p1a: Clodsire
|-damage|p1a: Clodsire|43/100
|move|p1a: Clodsire|Poison Jab|p2a: Clefable
|-supereffective|p2a: Clefable
|-damage|p2a: Clefable|24/100 psn
|
|-damage|p2a: Clefable|12/100 psn|[from] psn
|upkeep
|turn|29
|
|t:|1781164732
|move|p2a: Clefable|Moonlight|p2a: Clefable
|-heal|p2a: Clefable|62/100 psn
|move|p1a: Clodsire|Recover|p1a: Clodsire
|-heal|p1a: Clodsire|93/100
|
|-damage|p2a: Clefable|49/100 psn|[from] psn
|upkeep
|turn|30
|
|t:|1781164742
|move|p2a: Clefable|Moonlight|p2a: Clefable
|-heal|p2a: Clefable|99/100 psn
|move|p1a: Clodsire|Curse|p1a: Clodsire
|-unboost|p1a: Clodsire|spe|1
|-boost|p1a: Clodsire|atk|1
|-boost|p1a: Clodsire|def|1
|
|-damage|p2a: Clefable|87/100 psn|[from] psn
|upkeep
|turn|31
|
|t:|1781164751
|move|p2a: Clefable|Moonblast|p1a: Clodsire
|-resisted|p1a: Clodsire
|-damage|p1a: Clodsire|85/100
|-unboost|p1a: Clodsire|spa|1
|move|p1a: Clodsire|Poison Jab|p2a: Clefable
|-supereffective|p2a: Clefable
|-damage|p2a: Clefable|50/100 psn
|
|-damage|p2a: Clefable|38/100 psn|[from] psn
|upkeep
|turn|32
|
|t:|1781164762
|move|p2a: Clefable|Moonlight|p2a: Clefable
|-heal|p2a: Clefable|88/100 psn
|move|p1a: Clodsire|Poison Jab|p2a: Clefable
|-supereffective|p2a: Clefable
|-damage|p2a: Clefable|54/100 psn
|
|-damage|p2a: Clefable|42/100 psn|[from] psn
|upkeep
|turn|33
|
|t:|1781164770
|switch|p2a: Zapdos|Zapdos, tera:Steel|100/100
|move|p1a: Clodsire|Poison Jab|p2a: Zapdos
|-immune|p2a: Zapdos
|
|upkeep
|turn|34
|
|t:|1781164777
|switch|p2a: Clefable|Clefable, F|42/100 psn
|move|p1a: Clodsire|Earthquake|p2a: Clefable
|-damage|p2a: Clefable|20/100 psn
|
|-damage|p2a: Clefable|8/100 psn|[from] psn
|upkeep
|turn|35
|
|t:|1781164785
|move|p2a: Clefable|Moonblast|p1a: Clodsire
|-resisted|p1a: Clodsire
|-damage|p1a: Clodsire|77/100
|move|p1a: Clodsire|Earthquake|p2a: Clefable
|-damage|p2a: Clefable|0 fnt
|faint|p2a: Clefable
|
|upkeep
|
|t:|1781164792
|switch|p2a: Zapdos|Zapdos, tera:Steel|100/100
|turn|36
|
|t:|1781164800
|move|p2a: Zapdos|Hurricane|p1a: Clodsire
|-damage|p1a: Clodsire|52/100
|move|p1a: Clodsire|Earthquake|p2a: Zapdos
|-supereffective|p2a: Zapdos
|-damage|p2a: Zapdos|0 fnt
|faint|p2a: Zapdos
|
|upkeep
|
|t:|1781164804
|switch|p2a: Garganacl|Garganacl, F|100/100
|turn|37
|
|t:|1781164811
|move|p2a: Garganacl|Earthquake|p1a: Clodsire
|-supereffective|p1a: Clodsire
|-damage|p1a: Clodsire|38/100
|move|p1a: Clodsire|Earthquake|p2a: Garganacl
|-supereffective|p2a: Garganacl
|-damage|p2a: Garganacl|0 fnt
|faint|p2a: Garganacl
|
|upkeep
|
|t:|1781164814
|switch|p2a: Zamazenta|Zamazenta|44/100
|turn|38
|
|t:|1781164822
|move|p1a: Clodsire|Earthquake|p2a: Zamazenta
|-damage|p2a: Zamazenta|0 fnt
|faint|p2a: Zamazenta
|
|win|8daniel8
|raw|8daniel8's rating: 1528 &rarr; <strong>1549</strong><br />(+21 for winning)
|raw|KurisuChestnutOU's rating: 1551 &rarr; <strong>1530</strong><br />(-21 for losing)
