|j|☆PepeNike
|j|☆LowEL0God
|t:|1781574693
|gametype|singles
|player|p1|PepeNike|1|1599
|player|p2|LowEL0God|265|1548
|gen|9
|tier|[Gen 9] OU
|rated|
|rule|HP Percentage Mod: HP is shown in percentages
|rule|Endless Battle Clause: Forcing endless battles is banned
|rule|Species Clause: Limit one of each Pokémon
|rule|OHKO Clause: OHKO moves are banned
|rule|Evasion Items Clause: Evasion items are banned
|rule|Evasion Moves Clause: Evasion moves are banned
|rule|Evasion Abilities Clause: Evasion abilities are banned
|rule|Sleep Moves Clause: Sleep-inducing moves are banned
|clearpoke
|poke|p1|Kleavor, M|
|poke|p1|Samurott-Hisui, F|
|poke|p1|Gholdengo|
|poke|p1|Ceruledge, F|
|poke|p1|Greninja-*, M|
|poke|p1|Dragapult, F|
|poke|p2|Pelipper, F|
|poke|p2|Raging Bolt|
|poke|p2|Overqwil, M|
|poke|p2|Barraskewda, F|
|poke|p2|Iron Treads|
|poke|p2|Kingambit, F|
|teampreview
|inactive|Battle timer is ON: inactive players will automatically lose when time's up. (requested by PepeNike)
|c|☆LowEL0God|hf
|inactive|LowEL0God also wants the timer to be on.
|inactive|PepeNike has 120 seconds left.
|
|t:|1781574735
|teamsize|p1|6
|teamsize|p2|6
|start
|switch|p1a: Kleavor|Kleavor, M|100/100
|switch|p2a: Kingambit|Kingambit, F|100/100
|turn|1
|
|t:|1781574736
|move|p1a: Kleavor|Stone Axe|p2a: Kingambit
|-resisted|p2a: Kingambit
|-damage|p2a: Kingambit|81/100
|-sidestart|p2: LowEL0God|move: Stealth Rock
|move|p2a: Kingambit|Kowtow Cleave|p1a: Kleavor
|-damage|p1a: Kleavor|39/100
|
|-heal|p2a: Kingambit|87/100|[from] item: Leftovers
|upkeep
|turn|2
|
|t:|1781574739
|move|p2a: Kingambit|Sucker Punch|p1a: Kleavor
|-damage|p1a: Kleavor|0 fnt
|faint|p1a: Kleavor
|
|-heal|p2a: Kingambit|93/100|[from] item: Leftovers
|upkeep
|
|t:|1781574745
|switch|p1a: Samurott|Samurott-Hisui, F|100/100
|turn|3
|
|t:|1781574746
|move|p1a: Samurott|Taunt|p2a: Kingambit
|-start|p2a: Kingambit|move: Taunt
|cant|p2a: Kingambit|move: Taunt|Swords Dance
|
|-heal|p2a: Kingambit|99/100|[from] item: Leftovers
|upkeep
|turn|4
|
|t:|1781574747
|move|p1a: Samurott|Ceaseless Edge|p2a: Kingambit
|-resisted|p2a: Kingambit
|-damage|p2a: Kingambit|79/100
|-sidestart|p2: LowEL0God|Spikes
|move|p2a: Kingambit|Kowtow Cleave|p1a: Samurott
|-resisted|p1a: Samurott
|-damage|p1a: Samurott|75/100
|
|-heal|p2a: Kingambit|86/100|[from] item: Leftovers
|upkeep
|turn|5
|
|t:|1781574752
|move|p1a: Samurott|Ceaseless Edge|p2a: Kingambit
|-resisted|p2a: Kingambit
|-damage|p2a: Kingambit|65/100
|-sidestart|p2: LowEL0God|Spikes
|move|p2a: Kingambit|Kowtow Cleave|p1a: Samurott
|-resisted|p1a: Samurott
|-damage|p1a: Samurott|50/100
|
|-heal|p2a: Kingambit|71/100|[from] item: Leftovers
|-end|p2a: Kingambit|move: Taunt
|upkeep
|turn|6
|
|t:|1781574753
|move|p1a: Samurott|Taunt|p2a: Kingambit
|-start|p2a: Kingambit|move: Taunt
|move|p2a: Kingambit|Kowtow Cleave|p1a: Samurott
|-resisted|p1a: Samurott
|-damage|p1a: Samurott|21/100
|
|-heal|p2a: Kingambit|77/100|[from] item: Leftovers
|upkeep
|turn|7
|
|t:|1781574779
|move|p2a: Kingambit|Sucker Punch|p1a: Samurott
|-resisted|p1a: Samurott
|-damage|p1a: Samurott|0 fnt
|faint|p1a: Samurott
|
|-heal|p2a: Kingambit|84/100|[from] item: Leftovers
|upkeep
|
|t:|1781574781
|switch|p1a: Ceruledge|Ceruledge, F|100/100
|turn|8
|
|t:|1781574781
|move|p1a: Ceruledge|Swords Dance|p1a: Ceruledge
|-boost|p1a: Ceruledge|atk|2
|move|p2a: Kingambit|Kowtow Cleave|p1a: Ceruledge
|-supereffective|p1a: Ceruledge
|-enditem|p1a: Ceruledge|Focus Sash
|-damage|p1a: Ceruledge|1/100
|-ability|p1a: Ceruledge|Weak Armor|boost
|-unboost|p1a: Ceruledge|def|1
|-boost|p1a: Ceruledge|spe|2
|
|-heal|p2a: Kingambit|90/100|[from] item: Leftovers
|-end|p2a: Kingambit|move: Taunt
|upkeep
|turn|9
|
|t:|1781574784
|move|p1a: Ceruledge|Shadow Sneak|p2a: Kingambit
|-resisted|p2a: Kingambit
|-damage|p2a: Kingambit|73/100
|move|p2a: Kingambit|Sucker Punch||[still]
|-fail|p2a: Kingambit
|
|-heal|p2a: Kingambit|79/100|[from] item: Leftovers
|upkeep
|turn|10
|
|t:|1781574786
|move|p1a: Ceruledge|Shadow Sneak|p2a: Kingambit
|-resisted|p2a: Kingambit
|-damage|p2a: Kingambit|63/100
|move|p2a: Kingambit|Sucker Punch||[still]
|-fail|p2a: Kingambit
|
|-heal|p2a: Kingambit|70/100|[from] item: Leftovers
|upkeep
|turn|11
|
|t:|1781574789
|move|p1a: Ceruledge|Shadow Sneak|p2a: Kingambit
|-resisted|p2a: Kingambit
|-crit|p2a: Kingambit
|-damage|p2a: Kingambit|45/100
|move|p2a: Kingambit|Sucker Punch||[still]
|-fail|p2a: Kingambit
|
|-heal|p2a: Kingambit|51/100|[from] item: Leftovers
|upkeep
|turn|12
|
|t:|1781574790
|move|p1a: Ceruledge|Shadow Sneak|p2a: Kingambit
|-resisted|p2a: Kingambit
|-damage|p2a: Kingambit|36/100
|move|p2a: Kingambit|Sucker Punch||[still]
|-fail|p2a: Kingambit
|
|-heal|p2a: Kingambit|42/100|[from] item: Leftovers
|upkeep
|turn|13
|
|t:|1781574792
|move|p2a: Kingambit|Sucker Punch||[still]
|-fail|p2a: Kingambit
|move|p1a: Ceruledge|Swords Dance|p1a: Ceruledge
|-boost|p1a: Ceruledge|atk|2
|
|-heal|p2a: Kingambit|49/100|[from] item: Leftovers
|upkeep
|turn|14
|
|t:|1781574797
|move|p2a: Kingambit|Sucker Punch|p1a: Ceruledge
|-supereffective|p1a: Ceruledge
|-damage|p1a: Ceruledge|0 fnt
|faint|p1a: Ceruledge
|
|-heal|p2a: Kingambit|55/100|[from] item: Leftovers
|upkeep
|
|t:|1781574800
|switch|p1a: Greninja|Greninja, M|100/100
|turn|15
|
|t:|1781574802
|-terastallize|p1a: Greninja|Water
|move|p1a: Greninja|Surf|p2a: Kingambit
|-damage|p2a: Kingambit|0 fnt
|faint|p2a: Kingambit
|-end|p2a: Kingambit|fallenundefined|[silent]
|-ability|p1a: Greninja|Battle Bond|boost
|-boost|p1a: Greninja|atk|1
|-boost|p1a: Greninja|spa|1
|-boost|p1a: Greninja|spe|1
|-activate|p1a: Greninja|ability: Battle Bond
|-damage|p1a: Greninja|91/100|[from] item: Life Orb
|
|upkeep
|
|t:|1781574804
|switch|p2a: Raging Bolt|Raging Bolt|100/100
|-damage|p2a: Raging Bolt|88/100|[from] Stealth Rock
|-damage|p2a: Raging Bolt|72/100|[from] Spikes
|-enditem|p2a: Raging Bolt|Booster Energy
|-activate|p2a: Raging Bolt|ability: Protosynthesis|[fromitem]
|-start|p2a: Raging Bolt|protosynthesisspa
|turn|16
|
|t:|1781574808
|move|p1a: Greninja|Water Shuriken|p2a: Raging Bolt
|-resisted|p2a: Raging Bolt
|-damage|p2a: Raging Bolt|64/100
|-resisted|p2a: Raging Bolt
|-damage|p2a: Raging Bolt|55/100
|-resisted|p2a: Raging Bolt
|-damage|p2a: Raging Bolt|46/100
|-hitcount|p2a: Raging Bolt|3
|-damage|p1a: Greninja|81/100|[from] item: Life Orb
|move|p2a: Raging Bolt|Thunderclap||[still]
|-fail|p2a: Raging Bolt
|
|upkeep
|turn|17
|
|t:|1781574814
|move|p1a: Greninja|Water Shuriken|p2a: Raging Bolt
|-resisted|p2a: Raging Bolt
|-damage|p2a: Raging Bolt|37/100
|-resisted|p2a: Raging Bolt
|-damage|p2a: Raging Bolt|28/100
|-resisted|p2a: Raging Bolt
|-crit|p2a: Raging Bolt
|-damage|p2a: Raging Bolt|15/100
|-hitcount|p2a: Raging Bolt|3
|-damage|p1a: Greninja|71/100|[from] item: Life Orb
|move|p2a: Raging Bolt|Thunderclap||[still]
|-fail|p2a: Raging Bolt
|
|upkeep
|turn|18
|
|t:|1781574821
|move|p1a: Greninja|Water Shuriken|p2a: Raging Bolt
|-resisted|p2a: Raging Bolt
|-damage|p2a: Raging Bolt|6/100
|-resisted|p2a: Raging Bolt
|-damage|p2a: Raging Bolt|0 fnt
|faint|p2a: Raging Bolt
|-end|p2a: Raging Bolt|Protosynthesis|[silent]
|-hitcount|p2: Raging Bolt|2
|-damage|p1a: Greninja|61/100|[from] item: Life Orb
|
|upkeep
|
|t:|1781574822
|switch|p2a: Pelipper|Pelipper, F|100/100
|-damage|p2a: Pelipper|76/100|[from] Stealth Rock
|-weather|RainDance|[from] ability: Drizzle|[of] p2a: Pelipper
|turn|19
|
|t:|1781574829
|move|p1a: Greninja|Surf|p2a: Pelipper
|-resisted|p2a: Pelipper
|-damage|p2a: Pelipper|0 fnt
|faint|p2a: Pelipper
|-damage|p1a: Greninja|51/100|[from] item: Life Orb
|
|-weather|RainDance|[upkeep]
|upkeep
|
|t:|1781574830
|switch|p2a: Barraskewda|Barraskewda, F|100/100
|-damage|p2a: Barraskewda|88/100|[from] Stealth Rock
|-damage|p2a: Barraskewda|71/100|[from] Spikes
|turn|20
|
|t:|1781574833
|move|p2a: Barraskewda|Aqua Jet|p1a: Greninja
|-resisted|p1a: Greninja
|-damage|p1a: Greninja|14/100
|move|p1a: Greninja|Water Shuriken|p2a: Barraskewda
|-resisted|p2a: Barraskewda
|-crit|p2a: Barraskewda
|-damage|p2a: Barraskewda|24/100
|-resisted|p2a: Barraskewda
|-damage|p2a: Barraskewda|0 fnt
|faint|p2a: Barraskewda
|-hitcount|p2: Barraskewda|2
|-damage|p1a: Greninja|4/100|[from] item: Life Orb
|
|-weather|RainDance|[upkeep]
|upkeep
|
|t:|1781574836
|switch|p2a: Iron Treads|Iron Treads|100/100
|-damage|p2a: Iron Treads|97/100|[from] Stealth Rock
|-damage|p2a: Iron Treads|81/100|[from] Spikes
|-enditem|p2a: Iron Treads|Booster Energy
|-activate|p2a: Iron Treads|ability: Quark Drive|[fromitem]
|-start|p2a: Iron Treads|quarkdrivespe
|turn|21
|
|t:|1781574843
|-terastallize|p2a: Iron Treads|Ghost
|move|p1a: Greninja|Water Shuriken|p2a: Iron Treads
|-damage|p2a: Iron Treads|43/100
|-damage|p2a: Iron Treads|1/100
|-damage|p2a: Iron Treads|0 fnt
|faint|p2a: Iron Treads
|-end|p2a: Iron Treads|Quark Drive|[silent]
|-hitcount|p2: Iron Treads|3
|-damage|p1a: Greninja|0 fnt|[from] item: Life Orb
|faint|p1a: Greninja
|
|-weather|RainDance|[upkeep]
|upkeep
|
|t:|1781574849
|switch|p1a: Dragapult|Dragapult, F|100/100
|switch|p2a: Overqwil|Overqwil, M|100/100
|-damage|p2a: Overqwil|88/100|[from] Stealth Rock
|-damage|p2a: Overqwil|72/100|[from] Spikes
|turn|22
|
|t:|1781574852
|move|p2a: Overqwil|Swords Dance|p2a: Overqwil
|-boost|p2a: Overqwil|atk|2
|move|p1a: Dragapult|Dragon Darts|p2a: Overqwil
|-damage|p2a: Overqwil|23/100
|-anim|p1a: Dragapult|Dragon Darts|p2a: Overqwil
|-damage|p2a: Overqwil|0 fnt
|faint|p2a: Overqwil
|
|win|PepeNike
|raw|PepeNike's rating: 1599 &rarr; <strong>1616</strong><br />(+17 for winning)
|raw|LowEL0God's rating: 1548 &rarr; <strong>1531</strong><br />(-17 for losing)
|l|☆PepeNike
|player|p1|
|c|☆LowEL0God|gg
|l|☆LowEL0God
|player|p2|
