|j|☆thegreatestnone
|j|☆yesterdaymister
|t:|1781485616
|gametype|singles
|player|p1|thegreatestnone|102|1574
|player|p2|yesterdaymister|striker|1791
|gen|9
|tier|[Gen 9] OU
|rated|
|rule|HP Percentage Mod: HP is shown in percentages
|rule|Endless Battle Clause: Forcing endless battles is banned
|rule|Species Clause: Limit one of each Pokémon
|rule|OHKO Clause: OHKO moves are banned
|rule|Evasion Items Clause: Evasion items are banned
|rule|Evasion Moves Clause: Evasion moves are banned
|rule|Evasion Abilities Clause: Evasion abilities are banned
|rule|Sleep Moves Clause: Sleep-inducing moves are banned
|clearpoke
|poke|p1|Pawmot, M|
|poke|p1|Ting-Lu|
|poke|p1|Skeledirge, F|
|poke|p1|Greninja-*, F|
|poke|p1|Weezing-Galar, F|
|poke|p1|Slowking, M|
|poke|p2|Ninetales, M|
|poke|p2|Ceruledge, M|
|poke|p2|Venusaur, M|
|poke|p2|Hatterene, F|
|poke|p2|Great Tusk|
|poke|p2|Walking Wake|
|teampreview
|inactive|Battle timer is ON: inactive players will automatically lose when time's up. (requested by yesterdaymister)
|
|t:|1781485643
|teamsize|p1|6
|teamsize|p2|6
|start
|switch|p1a: Slowking|Slowking, M|100/100
|switch|p2a: arda guler|Ninetales, M|100/100
|-weather|SunnyDay|[from] ability: Drought|[of] p2a: arda guler
|turn|1
|j| peeekapeee
|
|t:|1781485670
|switch|p2a: maccabi|Hatterene, F|100/100
|-prepare|p1a: Slowking|Chilly Reception|[premajor]
|move|p1a: Slowking|Chilly Reception|p1a: Slowking
|-weather|Snowscape
|
|t:|1781485673
|switch|p1a: Greninja|Greninja, F|100/100|[from] Chilly Reception
|
|-weather|Snowscape|[upkeep]
|upkeep
|turn|2
|
|t:|1781485677
|move|p1a: Greninja|U-turn|p2a: maccabi
|-start|p1a: Greninja|typechange|Bug|[from] ability: Protean
|-damage|p2a: maccabi|82/100
|-enditem|p2a: maccabi|Eject Button
|
|t:|1781485680
|switch|p2a: arda guler|Ninetales, M|100/100
|-weather|SunnyDay|[from] ability: Drought|[of] p2a: arda guler
|
|-weather|SunnyDay|[upkeep]
|upkeep
|turn|3
|
|t:|1781485686
|switch|p2a: mignolet|Great Tusk|100/100
|-activate|p2a: mignolet|ability: Protosynthesis
|-start|p2a: mignolet|protosynthesisspe
|move|p1a: Greninja|U-turn|p2a: mignolet
|-resisted|p2a: mignolet
|-damage|p2a: mignolet|94/100
|-damage|p1a: Greninja|84/100|[from] item: Rocky Helmet|[of] p2a: mignolet
|j| Chooir
|
|t:|1781485691
|switch|p1a: Weezing|Weezing-Galar, F|100/100|[from] U-turn
|
|-weather|SunnyDay|[upkeep]
|upkeep
|turn|4
|
|t:|1781485702
|-end|p2a: mignolet|Protosynthesis|[silent]
|switch|p2a: hans vanaken|Venusaur, M|100/100
|move|p1a: Weezing|Sludge Bomb|p2a: hans vanaken
|-damage|p2a: hans vanaken|69/100
|
|-weather|SunnyDay|[upkeep]
|upkeep
|turn|5
|
|t:|1781485708
|switch|p2a: chama|Walking Wake|100/100
|-activate|p2a: chama|ability: Protosynthesis
|-start|p2a: chama|protosynthesisspa
|move|p1a: Weezing|Sludge Bomb|p2a: chama
|-damage|p2a: chama|64/100
|
|-weather|SunnyDay|[upkeep]
|upkeep
|turn|6
|
|t:|1781485714
|switch|p1a: Slowking|Slowking, M|100/100
|move|p2a: chama|Hydro Steam|p1a: Slowking
|-resisted|p1a: Slowking
|-damage|p1a: Slowking|63/100
|
|-weather|SunnyDay|[upkeep]
|upkeep
|turn|7
|
|t:|1781485718
|move|p2a: chama|Hydro Steam|p1a: Slowking
|-resisted|p1a: Slowking
|-damage|p1a: Slowking|25/100
|-prepare|p1a: Slowking|Chilly Reception|[premajor]
|move|p1a: Slowking|Chilly Reception|p1a: Slowking
|-weather|Snowscape
|-end|p2a: chama|Protosynthesis
|
|t:|1781485721
|switch|p1a: Greninja|Greninja, F|84/100|[from] Chilly Reception
|
|-weather|Snowscape|[upkeep]
|upkeep
|turn|8
|
|t:|1781485725
|move|p1a: Greninja|U-turn|p2a: chama
|-start|p1a: Greninja|typechange|Bug|[from] ability: Protean
|-damage|p2a: chama|40/100
|
|t:|1781485728
|switch|p1a: Slowking|Slowking, M|59/100|[from] U-turn
|move|p2a: chama|Hydro Steam|p1a: Slowking
|-resisted|p1a: Slowking
|-damage|p1a: Slowking|39/100
|
|-weather|Snowscape|[upkeep]
|upkeep
|turn|9
|
|t:|1781485733
|move|p2a: chama|Hydro Steam|p1a: Slowking
|-resisted|p1a: Slowking
|-damage|p1a: Slowking|19/100
|-prepare|p1a: Slowking|Chilly Reception|[premajor]
|move|p1a: Slowking|Chilly Reception|p1a: Slowking
|
|t:|1781485736
|switch|p1a: Greninja|Greninja, F|84/100|[from] Chilly Reception
|
|-weather|Snowscape|[upkeep]
|upkeep
|turn|10
|
|t:|1781485739
|-end|p2a: chama|Protosynthesis|[silent]
|switch|p2a: mignolet|Great Tusk|94/100
|move|p1a: Greninja|U-turn|p2a: mignolet
|-start|p1a: Greninja|typechange|Bug|[from] ability: Protean
|-resisted|p2a: mignolet
|-damage|p2a: mignolet|88/100
|-damage|p1a: Greninja|68/100|[from] item: Rocky Helmet|[of] p2a: mignolet
|
|t:|1781485743
|switch|p1a: Slowking|Slowking, M|52/100|[from] U-turn
|
|-weather|Snowscape|[upkeep]
|upkeep
|turn|11
|
|t:|1781485746
|switch|p1a: Weezing|Weezing-Galar, F|100/100
|move|p2a: mignolet|Stealth Rock|p1a: Weezing
|-sidestart|p1: thegreatestnone|move: Stealth Rock
|
|-weather|none
|upkeep
|turn|12
|
|t:|1781485754
|-end|p2a: mignolet|Protosynthesis|[silent]
|switch|p2a: lebron|Ceruledge, M|100/100
|move|p1a: Weezing|Defog|p2a: lebron
|-unboost|p2a: lebron|evasion|1
|-sideend|p1: thegreatestnone|Stealth Rock|[from] move: Defog|[of] p1a: Weezing
|
|upkeep
|turn|13
|
|t:|1781485773
|move|p2a: lebron|Swords Dance|p2a: lebron
|-boost|p2a: lebron|atk|2
|move|p1a: Weezing|Sludge Bomb|p2a: lebron
|-resisted|p2a: lebron
|-damage|p2a: lebron|84/100
|
|upkeep
|turn|14
|
|t:|1781485786
|switch|p1a: Skeledirge|Skeledirge, F|100/100
|move|p2a: lebron|Swords Dance|p2a: lebron
|-boost|p2a: lebron|atk|2
|
|upkeep
|turn|15
|
|t:|1781485791
|-terastallize|p1a: Skeledirge|Water
|move|p2a: lebron|Poltergeist|p1a: Skeledirge
|-activate|p1a: Skeledirge|move: Poltergeist|Heavy-Duty Boots
|-damage|p1a: Skeledirge|65/100
|move|p1a: Skeledirge|Hex|p2a: lebron
|-supereffective|p2a: lebron
|-damage|p2a: lebron|26/100
|
|upkeep
|turn|16
|
|t:|1781485801
|switch|p2a: arda guler|Ninetales, M|100/100
|-weather|SunnyDay|[from] ability: Drought|[of] p2a: arda guler
|move|p1a: Skeledirge|Slack Off|p1a: Skeledirge
|-heal|p1a: Skeledirge|100/100
|
|-weather|SunnyDay|[upkeep]
|upkeep
|turn|17
|
|t:|1781485809
|switch|p1a: Slowking|Slowking, M|85/100
|move|p2a: arda guler|Encore||[still]
|-fail|p2a: arda guler
|
|-weather|SunnyDay|[upkeep]
|upkeep
|turn|18
|
|t:|1781485815
|switch|p2a: maccabi|Hatterene, F|82/100
|-prepare|p1a: Slowking|Chilly Reception|[premajor]
|move|p1a: Slowking|Chilly Reception|p1a: Slowking
|-weather|Snowscape
|
|t:|1781485817
|switch|p1a: Greninja|Greninja, F|68/100|[from] Chilly Reception
|
|-weather|Snowscape|[upkeep]
|upkeep
|turn|19
|
|t:|1781485824
|move|p1a: Greninja|U-turn|p2a: maccabi
|-start|p1a: Greninja|typechange|Bug|[from] ability: Protean
|-damage|p2a: maccabi|63/100
|
|t:|1781485830
|switch|p1a: Slowking|Slowking, M|100/100|[from] U-turn
|move|p2a: maccabi|Nuzzle|p1a: Slowking
|-supereffective|p1a: Slowking
|-damage|p1a: Slowking|92/100
|-status|p1a: Slowking|par
|
|-weather|Snowscape|[upkeep]
|upkeep
|turn|20
|j| nesnot
|
|t:|1781485833
|move|p2a: maccabi|Dazzling Gleam|p1a: Slowking
|-damage|p1a: Slowking|72/100 par
|-prepare|p1a: Slowking|Chilly Reception|[premajor]
|cant|p1a: Slowking|par
|
|-weather|Snowscape|[upkeep]
|upkeep
|turn|21
|
|t:|1781485836
|move|p2a: maccabi|Dazzling Gleam|p1a: Slowking
|-damage|p1a: Slowking|49/100 par
|-prepare|p1a: Slowking|Chilly Reception|[premajor]
|move|p1a: Slowking|Chilly Reception|p1a: Slowking
|
|t:|1781485839
|switch|p1a: Greninja|Greninja, F|68/100|[from] Chilly Reception
|
|-weather|Snowscape|[upkeep]
|upkeep
|turn|22
|
|t:|1781485842
|move|p1a: Greninja|U-turn|p2a: maccabi
|-start|p1a: Greninja|typechange|Bug|[from] ability: Protean
|-damage|p2a: maccabi|46/100
|
|t:|1781485847
|switch|p1a: Slowking|Slowking, M|83/100 par|[from] U-turn
|move|p2a: maccabi|Dazzling Gleam|p1a: Slowking
|-damage|p1a: Slowking|60/100 par
|
|-weather|none
|upkeep
|turn|23
|
|t:|1781485850
|move|p2a: maccabi|Dazzling Gleam|p1a: Slowking
|-damage|p1a: Slowking|40/100 par
|-prepare|p1a: Slowking|Chilly Reception|[premajor]
|cant|p1a: Slowking|par
|
|upkeep
|turn|24
|j| VicBossMG
|
|t:|1781485854
|move|p2a: maccabi|Dazzling Gleam|p1a: Slowking
|-damage|p1a: Slowking|19/100 par
|-prepare|p1a: Slowking|Chilly Reception|[premajor]
|move|p1a: Slowking|Chilly Reception|p1a: Slowking
|-weather|Snowscape
|
|t:|1781485863
|switch|p1a: Greninja|Greninja, F|68/100|[from] Chilly Reception
|
|-weather|Snowscape|[upkeep]
|upkeep
|turn|25
|
|t:|1781485866
|move|p1a: Greninja|U-turn|p2a: maccabi
|-start|p1a: Greninja|typechange|Bug|[from] ability: Protean
|-damage|p2a: maccabi|29/100
|
|t:|1781485870
|switch|p1a: Slowking|Slowking, M|52/100 par|[from] U-turn
|move|p2a: maccabi|Dazzling Gleam|p1a: Slowking
|-damage|p1a: Slowking|32/100 par
|
|-weather|Snowscape|[upkeep]
|upkeep
|turn|26
|
|t:|1781485874
|move|p2a: maccabi|Dazzling Gleam|p1a: Slowking
|-damage|p1a: Slowking|11/100 par
|-prepare|p1a: Slowking|Chilly Reception|[premajor]
|move|p1a: Slowking|Chilly Reception|p1a: Slowking
|
|t:|1781485878
|switch|p1a: Pawmot|Pawmot, M|100/100|[from] Chilly Reception
|
|-weather|Snowscape|[upkeep]
|upkeep
|turn|27
|
|t:|1781485884
|switch|p1a: Slowking|Slowking, M|44/100 par
|move|p2a: maccabi|Dazzling Gleam|p1a: Slowking
|-damage|p1a: Slowking|21/100 par
|
|-weather|Snowscape|[upkeep]
|upkeep
|turn|28
|l| nesnot
|
|t:|1781485893
|switch|p1a: Skeledirge|Skeledirge, F, tera:Water|100/100
|move|p2a: maccabi|Nuzzle|p1a: Skeledirge
|-supereffective|p1a: Skeledirge
|-damage|p1a: Skeledirge|95/100
|-status|p1a: Skeledirge|par
|
|-weather|none
|upkeep
|turn|29
|
|t:|1781485900
|switch|p2a: arda guler|Ninetales, M|100/100
|-weather|SunnyDay|[from] ability: Drought|[of] p2a: arda guler
|switch|p1a: Slowking|Slowking, M|55/100 par
|
|-weather|SunnyDay|[upkeep]
|upkeep
|turn|30
|
|t:|1781485905
|switch|p2a: lebron|Ceruledge, M|26/100
|-prepare|p1a: Slowking|Chilly Reception|[premajor]
|cant|p1a: Slowking|par
|
|-weather|SunnyDay|[upkeep]
|upkeep
|turn|31
|
|t:|1781485920
|switch|p2a: chama|Walking Wake|40/100
|-activate|p2a: chama|ability: Protosynthesis
|-start|p2a: chama|protosynthesisspa
|switch|p1a: Skeledirge|Skeledirge, F, tera:Water|95/100 par
|
|-weather|SunnyDay|[upkeep]
|upkeep
|turn|32
|
|t:|1781485929
|-end|p2a: chama|Protosynthesis|[silent]
|switch|p2a: hans vanaken|Venusaur, M|69/100
|switch|p1a: Slowking|Slowking, M|88/100 par
|
|-weather|SunnyDay|[upkeep]
|upkeep
|turn|33
|
|t:|1781485934
|move|p2a: hans vanaken|Growth|p2a: hans vanaken
|-boost|p2a: hans vanaken|atk|2
|-boost|p2a: hans vanaken|spa|2
|-prepare|p1a: Slowking|Chilly Reception|[premajor]
|move|p1a: Slowking|Chilly Reception|p1a: Slowking
|-weather|Snowscape
|
|t:|1781485940
|switch|p1a: Greninja|Greninja, F|68/100|[from] Chilly Reception
|
|-weather|Snowscape|[upkeep]
|upkeep
|turn|34
|
|t:|1781485944
|move|p1a: Greninja|Ice Beam|p2a: hans vanaken
|-start|p1a: Greninja|typechange|Ice|[from] ability: Protean
|-supereffective|p2a: hans vanaken
|-damage|p2a: hans vanaken|0 fnt
|faint|p2a: hans vanaken
|
|-weather|Snowscape|[upkeep]
|upkeep
|
|t:|1781485950
|switch|p2a: arda guler|Ninetales, M|100/100
|-weather|SunnyDay|[from] ability: Drought|[of] p2a: arda guler
|turn|35
|
|t:|1781485958
|switch|p2a: chama|Walking Wake|40/100
|-activate|p2a: chama|ability: Protosynthesis
|-start|p2a: chama|protosynthesisspa
|move|p1a: Greninja|Ice Beam|p2a: chama
|-damage|p2a: chama|0 fnt
|faint|p2a: chama
|-end|p2a: chama|Protosynthesis|[silent]
|
|-weather|SunnyDay|[upkeep]
|upkeep
|
|t:|1781485961
|switch|p2a: lebron|Ceruledge, M|26/100
|turn|36
|
|t:|1781485967
|switch|p2a: maccabi|Hatterene, F|29/100
|move|p1a: Greninja|Ice Beam|p2a: maccabi
|-damage|p2a: maccabi|0 fnt
|faint|p2a: maccabi
|
|-weather|SunnyDay|[upkeep]
|upkeep
|
|t:|1781485969
|switch|p2a: mignolet|Great Tusk|88/100
|-activate|p2a: mignolet|ability: Protosynthesis
|-start|p2a: mignolet|protosynthesisspe
|turn|37
|
|t:|1781485972
|switch|p1a: Weezing|Weezing-Galar, F|100/100
|move|p2a: mignolet|Stealth Rock|p1a: Weezing
|-sidestart|p1: thegreatestnone|move: Stealth Rock
|
|-weather|SunnyDay|[upkeep]
|upkeep
|turn|38
|
|t:|1781485975
|-end|p2a: mignolet|Protosynthesis|[silent]
|switch|p2a: lebron|Ceruledge, M|26/100
|move|p1a: Weezing|Defog|p2a: lebron
|-unboost|p2a: lebron|evasion|1
|-sideend|p1: thegreatestnone|Stealth Rock|[from] move: Defog|[of] p1a: Weezing
|
|-weather|SunnyDay|[upkeep]
|upkeep
|turn|39
|
|t:|1781485978
|move|p2a: lebron|Bitter Blade|p1a: Weezing
|-damage|p1a: Weezing|50/100
|-heal|p2a: lebron|55/100|[from] drain|[of] p1a: Weezing
|move|p1a: Weezing|Sludge Bomb|p2a: lebron
|-resisted|p2a: lebron
|-damage|p2a: lebron|38/100
|
|-weather|SunnyDay|[upkeep]
|-heal|p1a: Weezing|56/100|[from] item: Leftovers
|upkeep
|turn|40
|
|t:|1781485989
|switch|p2a: mignolet|Great Tusk|88/100
|-activate|p2a: mignolet|ability: Protosynthesis
|-start|p2a: mignolet|protosynthesisspe
|move|p1a: Weezing|Pain Split|p2a: mignolet
|-sethp|p2a: mignolet|65/100|[from] move: Pain Split|[silent]
|-sethp|p1a: Weezing|85/100|[from] move: Pain Split
|
|-weather|SunnyDay|[upkeep]
|-heal|p1a: Weezing|91/100|[from] item: Leftovers
|upkeep
|turn|41
|
|t:|1781485995
|move|p2a: mignolet|Stealth Rock|p1a: Weezing
|-sidestart|p1: thegreatestnone|move: Stealth Rock
|move|p1a: Weezing|Sludge Bomb|p2a: mignolet
|-resisted|p2a: mignolet
|-damage|p2a: mignolet|46/100
|
|-weather|SunnyDay|[upkeep]
|-heal|p1a: Weezing|97/100|[from] item: Leftovers
|upkeep
|turn|42
|
|t:|1781486002
|move|p2a: mignolet|Ice Spinner|p1a: Weezing
|-damage|p1a: Weezing|80/100
|move|p1a: Weezing|Defog|p2a: mignolet
|-unboost|p2a: mignolet|evasion|1
|-sideend|p1: thegreatestnone|Stealth Rock|[from] move: Defog|[of] p1a: Weezing
|
|-weather|none
|-end|p2a: mignolet|Protosynthesis
|-heal|p1a: Weezing|86/100|[from] item: Leftovers
|upkeep
|turn|43
|
|t:|1781486005
|-end|p2a: mignolet|Protosynthesis|[silent]
|switch|p2a: arda guler|Ninetales, M|100/100
|-weather|SunnyDay|[from] ability: Drought|[of] p2a: arda guler
|move|p1a: Weezing|Sludge Bomb|p2a: arda guler
|-damage|p2a: arda guler|71/100
|
|-weather|SunnyDay|[upkeep]
|-heal|p1a: Weezing|92/100|[from] item: Leftovers
|upkeep
|turn|44
|
|t:|1781486008
|switch|p1a: Slowking|Slowking, M|100/100 par
|move|p2a: arda guler|Healing Wish|p2a: arda guler
|faint|p2a: arda guler
|
|-weather|SunnyDay|[upkeep]
|upkeep
|
|t:|1781486010
|switch|p2a: lebron|Ceruledge, M|38/100
|-heal|p2a: lebron|100/100|[from] move: Healing Wish
|turn|45
|
|t:|1781486014
|move|p2a: lebron|Swords Dance|p2a: lebron
|-boost|p2a: lebron|atk|2
|-prepare|p1a: Slowking|Chilly Reception|[premajor]
|cant|p1a: Slowking|par
|
|-weather|SunnyDay|[upkeep]
|upkeep
|turn|46
|
|t:|1781486020
|move|p2a: lebron|Poltergeist|p1a: Slowking
|-activate|p1a: Slowking|move: Poltergeist|Heavy-Duty Boots
|-supereffective|p1a: Slowking
|-damage|p1a: Slowking|0 fnt
|faint|p1a: Slowking
|
|-weather|SunnyDay|[upkeep]
|upkeep
|
|t:|1781486025
|switch|p1a: Greninja|Greninja, F|68/100
|turn|47
|
|t:|1781486029
|-terastallize|p2a: lebron|Fairy
|move|p1a: Greninja|Dark Pulse|p2a: lebron
|-start|p1a: Greninja|typechange|Dark|[from] ability: Protean
|-resisted|p2a: lebron
|-damage|p2a: lebron|70/100
|move|p2a: lebron|Bitter Blade|p1a: Greninja
|-damage|p1a: Greninja|0 fnt
|-heal|p2a: lebron|100/100|[from] drain|[of] p1a: Greninja
|faint|p1a: Greninja
|
|-weather|SunnyDay|[upkeep]
|upkeep
|
|t:|1781486043
|switch|p1a: Weezing|Weezing-Galar, F|92/100
|turn|48
|
|t:|1781486045
|move|p2a: lebron|Bitter Blade|p1a: Weezing
|-damage|p1a: Weezing|4/100
|move|p1a: Weezing|Sludge Bomb|p2a: lebron
|-supereffective|p2a: lebron
|-damage|p2a: lebron|28/100
|
|-weather|SunnyDay|[upkeep]
|-heal|p1a: Weezing|10/100|[from] item: Leftovers
|upkeep
|turn|49
|
|t:|1781486053
|move|p2a: lebron|Bitter Blade|p1a: Weezing
|-damage|p1a: Weezing|0 fnt
|-heal|p2a: lebron|34/100|[from] drain|[of] p1a: Weezing
|faint|p1a: Weezing
|
|-weather|SunnyDay|[upkeep]
|upkeep
|
|t:|1781486056
|switch|p1a: Pawmot|Pawmot, M|100/100
|turn|50
|
|t:|1781486060
|move|p1a: Pawmot|Supercell Slam|p2a: lebron
|-damage|p2a: lebron|0 fnt
|faint|p2a: lebron
|
|-weather|none
|upkeep
|
|t:|1781486062
|switch|p2a: mignolet|Great Tusk|46/100
|turn|51
|
|t:|1781486066
|switch|p1a: Ting-Lu|Ting-Lu|100/100
|-ability|p1a: Ting-Lu|Vessel of Ruin
|move|p2a: mignolet|Headlong Rush|p1a: Ting-Lu
|-damage|p1a: Ting-Lu|71/100
|-unboost|p2a: mignolet|def|1
|-unboost|p2a: mignolet|spd|1
|
|-heal|p1a: Ting-Lu|78/100|[from] item: Leftovers
|upkeep
|turn|52
|
|t:|1781486069
|move|p2a: mignolet|Headlong Rush|p1a: Ting-Lu
|-damage|p1a: Ting-Lu|48/100
|-unboost|p2a: mignolet|def|1
|-unboost|p2a: mignolet|spd|1
|move|p1a: Ting-Lu|Earthquake|p2a: mignolet
|-damage|p2a: mignolet|0 fnt
|faint|p2a: mignolet
|-end|p2a: mignolet|Protosynthesis|[silent]
|
|win|thegreatestnone
|raw|thegreatestnone's rating: 1574 &rarr; <strong>1605</strong><br />(+31 for winning)
|raw|yesterdaymister's rating: 1791 &rarr; <strong>1760</strong><br />(-31 for losing)
|l|☆yesterdaymister
|player|p2|
|l| peeekapeee
|l| VicBossMG
|l| Chooir
|l|☆thegreatestnone
|player|p1|
