|j|☆feiting
|j|☆icylikedecember
|t:|1781171190
|gametype|singles
|player|p1|feiting|1|1667
|player|p2|icylikedecember|smasher|1622
|gen|9
|tier|[Gen 9] OU
|rated|
|rule|HP Percentage Mod: HP is shown in percentages
|rule|Endless Battle Clause: Forcing endless battles is banned
|rule|Species Clause: Limit one of each Pokémon
|rule|OHKO Clause: OHKO moves are banned
|rule|Evasion Items Clause: Evasion items are banned
|rule|Evasion Moves Clause: Evasion moves are banned
|rule|Evasion Abilities Clause: Evasion abilities are banned
|rule|Sleep Moves Clause: Sleep-inducing moves are banned
|clearpoke
|poke|p1|Araquanid, F|
|poke|p1|Raging Bolt|
|poke|p1|Keldeo-Resolute|
|poke|p1|Basculegion, M|
|poke|p1|Hatterene, F|
|poke|p1|Pelipper, L99, F|
|poke|p2|Corviknight, F|
|poke|p2|Slowking-Galar, M|
|poke|p2|Darkrai|
|poke|p2|Kyurem|
|poke|p2|Zamazenta-*|
|poke|p2|Crawdaunt, F|
|teampreview
|inactive|Battle timer is ON: inactive players will automatically lose when time's up. (requested by icylikedecember)
|
|t:|1781171207
|teamsize|p1|6
|teamsize|p2|6
|start
|switch|p1a: Araquanid|Araquanid, F|100/100
|switch|p2a: Crawdaunt|Crawdaunt, F|100/100
|turn|1
|
|t:|1781171220
|move|p2a: Crawdaunt|Knock Off|p1a: Araquanid
|-enditem|p1a: Araquanid|Focus Sash
|-damage|p1a: Araquanid|1/100
|move|p1a: Araquanid|Sticky Web|p2a: Crawdaunt
|-sidestart|p2: icylikedecember|move: Sticky Web
|
|upkeep
|turn|2
|
|t:|1781171224
|move|p2a: Crawdaunt|Knock Off|p1a: Araquanid
|-damage|p1a: Araquanid|0 fnt
|faint|p1a: Araquanid
|
|upkeep
|
|t:|1781171231
|switch|p1a: Keldeo|Keldeo-Resolute|100/100
|turn|3
|
|t:|1781171238
|switch|p2a: Slowking|Slowking-Galar, M, shiny|100/100
|-activate|p2a: Slowking|move: Sticky Web
|-unboost|p2a: Slowking|spe|1
|move|p1a: Keldeo|Flip Turn|p2a: Slowking
|-damage|p2a: Slowking|87/100
|
|t:|1781171246
|switch|p1a: Basculegion|Basculegion, M|100/100|[from] Flip Turn
|
|upkeep
|turn|4
|
|t:|1781171251
|switch|p2a: Corviknight|Corviknight, F, shiny|100/100
|-ability|p2a: Corviknight|Pressure
|move|p1a: Basculegion|Flip Turn|p2a: Corviknight
|-damage|p2a: Corviknight|70/100
|-damage|p1a: Basculegion|84/100|[from] item: Rocky Helmet|[of] p2a: Corviknight
|j| KangkongNation
|
|t:|1781171263
|switch|p1a: Keldeo|Keldeo-Resolute|100/100|[from] Flip Turn
|
|upkeep
|turn|5
|
|t:|1781171269
|switch|p2a: Slowking|Slowking-Galar, M, shiny|100/100
|-activate|p2a: Slowking|move: Sticky Web
|-unboost|p2a: Slowking|spe|1
|-terastallize|p1a: Keldeo|Water
|move|p1a: Keldeo|Surf|p2a: Slowking
|-damage|p2a: Slowking|48/100
|
|upkeep
|turn|6
|
|t:|1781171280
|-terastallize|p2a: Slowking|Grass
|move|p1a: Keldeo|Surf|p2a: Slowking
|-resisted|p2a: Slowking
|-damage|p2a: Slowking|25/100
|move|p2a: Slowking|Sludge Bomb|p1a: Keldeo
|-damage|p1a: Keldeo|48/100
|
|upkeep
|turn|7
|
|t:|1781171290
|switch|p1a: Pelipper|Pelipper, L99, F|100/100
|-weather|RainDance|[from] ability: Drizzle|[of] p1a: Pelipper
|move|p2a: Slowking|Sludge Bomb|p1a: Pelipper
|-damage|p1a: Pelipper|39/100
|
|-weather|RainDance|[upkeep]
|upkeep
|turn|8
|
|t:|1781171296
|switch|p2a: Kyurem|Kyurem|100/100
|-activate|p2a: Kyurem|move: Sticky Web
|-unboost|p2a: Kyurem|spe|1
|-ability|p2a: Kyurem|Pressure
|move|p1a: Pelipper|U-turn|p2a: Kyurem
|-damage|p2a: Kyurem|93/100
|
|t:|1781171303
|switch|p1a: Raging Bolt|Raging Bolt|100/100|[from] U-turn
|-enditem|p1a: Raging Bolt|Booster Energy
|-activate|p1a: Raging Bolt|ability: Protosynthesis|[fromitem]
|-start|p1a: Raging Bolt|protosynthesisspa
|
|-weather|RainDance|[upkeep]
|upkeep
|turn|9
|j| nesnot
|j| yuureisuisei
|
|t:|1781171310
|switch|p2a: Slowking|Slowking-Galar, M, shiny, tera:Grass|58/100
|-activate|p2a: Slowking|move: Sticky Web
|-unboost|p2a: Slowking|spe|1
|move|p1a: Raging Bolt|Dragon Pulse|p2a: Slowking
|-damage|p2a: Slowking|25/100
|
|-weather|RainDance|[upkeep]
|upkeep
|turn|10
|
|t:|1781171318
|switch|p2a: Corviknight|Corviknight, F, shiny|70/100
|-ability|p2a: Corviknight|Pressure
|move|p1a: Raging Bolt|Dragon Pulse|p2a: Corviknight
|-resisted|p2a: Corviknight
|-damage|p2a: Corviknight|36/100
|
|-weather|RainDance|[upkeep]
|upkeep
|turn|11
|l| KangkongNation
|
|t:|1781171323
|switch|p2a: Slowking|Slowking-Galar, M, shiny, tera:Grass|59/100
|-activate|p2a: Slowking|move: Sticky Web
|-unboost|p2a: Slowking|spe|1
|move|p1a: Raging Bolt|Weather Ball|p2a: Slowking
|-resisted|p2a: Slowking
|-damage|p2a: Slowking|40/100
|
|-weather|RainDance|[upkeep]
|upkeep
|turn|12
|
|t:|1781171331
|move|p1a: Raging Bolt|Dragon Pulse|p2a: Slowking
|-damage|p2a: Slowking|9/100
|move|p2a: Slowking|Ice Beam|p1a: Raging Bolt
|-supereffective|p1a: Raging Bolt
|-damage|p1a: Raging Bolt|44/100
|
|-weather|RainDance|[upkeep]
|upkeep
|turn|13
|
|t:|1781171339
|switch|p2a: Corviknight|Corviknight, F, shiny|36/100
|-ability|p2a: Corviknight|Pressure
|move|p1a: Raging Bolt|Thunder|p2a: Corviknight
|-supereffective|p2a: Corviknight
|-damage|p2a: Corviknight|0 fnt
|faint|p2a: Corviknight
|
|-weather|RainDance|[upkeep]
|upkeep
|
|t:|1781171347
|switch|p2a: Slowking|Slowking-Galar, M, shiny, tera:Grass|42/100
|-activate|p2a: Slowking|move: Sticky Web
|-unboost|p2a: Slowking|spe|1
|turn|14
|
|t:|1781171353
|move|p1a: Raging Bolt|Dragon Pulse|p2a: Slowking
|-damage|p2a: Slowking|9/100
|move|p2a: Slowking|Ice Beam|p1a: Raging Bolt
|-supereffective|p1a: Raging Bolt
|-damage|p1a: Raging Bolt|0 fnt
|faint|p1a: Raging Bolt
|-end|p1a: Raging Bolt|Protosynthesis|[silent]
|
|-weather|none
|upkeep
|
|t:|1781171358
|switch|p1a: Basculegion|Basculegion, M|84/100
|turn|15
|
|t:|1781171365
|switch|p2a: Darkrai|Darkrai|100/100
|-activate|p2a: Darkrai|move: Sticky Web
|-unboost|p2a: Darkrai|spe|1
|move|p1a: Basculegion|Flip Turn|p2a: Darkrai
|-damage|p2a: Darkrai|35/100
|
|t:|1781171373
|switch|p1a: Keldeo|Keldeo-Resolute, tera:Water|48/100|[from] Flip Turn
|
|upkeep
|turn|16
|j| Puyu paz
|
|t:|1781171377
|move|p1a: Keldeo|Secret Sword|p2a: Darkrai
|-supereffective|p2a: Darkrai
|-damage|p2a: Darkrai|0 fnt
|faint|p2a: Darkrai
|
|upkeep
|
|t:|1781171388
|switch|p2a: Zamazenta|Zamazenta|100/100
|-activate|p2a: Zamazenta|move: Sticky Web
|-unboost|p2a: Zamazenta|spe|1
|-ability|p2a: Zamazenta|Dauntless Shield|boost
|-boost|p2a: Zamazenta|def|1
|turn|17
|j| Mega Delibird X
|
|t:|1781171396
|switch|p1a: Hatterene|Hatterene, F|100/100
|move|p2a: Zamazenta|Body Press|p1a: Hatterene
|-resisted|p1a: Hatterene
|-damage|p1a: Hatterene|86/100
|
|upkeep
|turn|18
|
|t:|1781171402
|switch|p2a: Slowking|Slowking-Galar, M, shiny, tera:Grass|42/100
|-activate|p2a: Slowking|move: Sticky Web
|-unboost|p2a: Slowking|spe|1
|move|p1a: Hatterene|Nuzzle|p2a: Slowking
|-resisted|p2a: Slowking
|-damage|p2a: Slowking|40/100
|-status|p2a: Slowking|par
|
|upkeep
|turn|19
|
|t:|1781171410
|move|p1a: Hatterene|Psyshock|p2a: Slowking
|-damage|p2a: Slowking|0 fnt
|faint|p2a: Slowking
|
|upkeep
|l| nesnot
|
|t:|1781171418
|switch|p2a: Crawdaunt|Crawdaunt, F|100/100
|-activate|p2a: Crawdaunt|move: Sticky Web
|-unboost|p2a: Crawdaunt|spe|1
|turn|20
|
|t:|1781171421
|move|p2a: Crawdaunt|Crabhammer|p1a: Hatterene
|-damage|p1a: Hatterene|0 fnt
|faint|p1a: Hatterene
|
|upkeep
|
|t:|1781171424
|switch|p1a: Keldeo|Keldeo-Resolute, tera:Water|48/100
|turn|21
|
|t:|1781171433
|switch|p2a: Zamazenta|Zamazenta|100/100
|-activate|p2a: Zamazenta|move: Sticky Web
|-unboost|p2a: Zamazenta|spe|1
|move|p1a: Keldeo|Secret Sword|p2a: Zamazenta
|-damage|p2a: Zamazenta|45/100
|
|-heal|p2a: Zamazenta|51/100|[from] item: Leftovers
|upkeep
|turn|22
|
|t:|1781171443
|switch|p1a: Pelipper|Pelipper, L99, F|39/100
|-weather|RainDance|[from] ability: Drizzle|[of] p1a: Pelipper
|move|p2a: Zamazenta|Crunch|p1a: Pelipper
|-damage|p1a: Pelipper|21/100
|
|-weather|RainDance|[upkeep]
|-heal|p2a: Zamazenta|57/100|[from] item: Leftovers
|upkeep
|turn|23
|
|t:|1781171452
|move|p2a: Zamazenta|Crunch|p1a: Pelipper
|-damage|p1a: Pelipper|5/100
|move|p1a: Pelipper|Hurricane|p2a: Zamazenta
|-supereffective|p2a: Zamazenta
|-crit|p2a: Zamazenta
|-damage|p2a: Zamazenta|0 fnt
|faint|p2a: Zamazenta
|
|-weather|RainDance|[upkeep]
|upkeep
|
|t:|1781171458
|switch|p2a: Crawdaunt|Crawdaunt, F|100/100
|-activate|p2a: Crawdaunt|move: Sticky Web
|-unboost|p2a: Crawdaunt|spe|1
|turn|24
|
|t:|1781171460
|move|p2a: Crawdaunt|Aqua Jet|p1a: Pelipper
|-resisted|p1a: Pelipper
|-damage|p1a: Pelipper|0 fnt
|faint|p1a: Pelipper
|
|-weather|RainDance|[upkeep]
|upkeep
|
|t:|1781171470
|switch|p1a: Basculegion|Basculegion, M|84/100
|turn|25
|
|t:|1781171475
|move|p2a: Crawdaunt|Aqua Jet|p1a: Basculegion
|-resisted|p1a: Basculegion
|-damage|p1a: Basculegion|44/100
|move|p1a: Basculegion|Wave Crash|p2a: Crawdaunt
|-resisted|p2a: Crawdaunt
|-damage|p2a: Crawdaunt|0 fnt
|faint|p2a: Crawdaunt
|-damage|p1a: Basculegion|21/100|[from] Recoil
|
|-weather|RainDance|[upkeep]
|upkeep
|
|t:|1781171483
|switch|p2a: Kyurem|Kyurem|93/100
|-activate|p2a: Kyurem|move: Sticky Web
|-unboost|p2a: Kyurem|spe|1
|-ability|p2a: Kyurem|Pressure
|turn|26
|
|t:|1781171485
|move|p1a: Basculegion|Wave Crash|p2a: Kyurem
|-resisted|p2a: Kyurem
|-damage|p2a: Kyurem|29/100
|-damage|p1a: Basculegion|0 fnt|[from] Recoil
|faint|p1a: Basculegion
|move|p2a: Kyurem|Freeze-Dry|p1: Basculegion|[notarget]
|-fail|p2a: Kyurem
|
|-weather|RainDance|[upkeep]
|upkeep
|
|t:|1781171491
|switch|p1a: Keldeo|Keldeo-Resolute, tera:Water|48/100
|turn|27
|
|t:|1781171493
|move|p1a: Keldeo|Secret Sword|p2a: Kyurem
|-supereffective|p2a: Kyurem
|-damage|p2a: Kyurem|0 fnt
|faint|p2a: Kyurem
|
|win|feiting
|raw|feiting's rating: 1667 &rarr; <strong>1684</strong><br />(+17 for winning)
|raw|icylikedecember's rating: 1622 &rarr; <strong>1605</strong><br />(-17 for losing)
|l|☆icylikedecember
|player|p2|
|l| Mega Delibird X
|l|☆feiting
|player|p1|
|l| yuureisuisei
|l| Puyu paz
