|j|☆The real kurt tay
|j|☆Streshyix
|t:|1780994764
|gametype|singles
|player|p1|The real kurt tay|1|1545
|player|p2|Streshyix|hugh|1565
|gen|9
|tier|[Gen 9] OU
|rated|
|rule|HP Percentage Mod: HP is shown in percentages
|rule|Endless Battle Clause: Forcing endless battles is banned
|rule|Species Clause: Limit one of each Pokémon
|rule|OHKO Clause: OHKO moves are banned
|rule|Evasion Items Clause: Evasion items are banned
|rule|Evasion Moves Clause: Evasion moves are banned
|rule|Evasion Abilities Clause: Evasion abilities are banned
|rule|Sleep Moves Clause: Sleep-inducing moves are banned
|clearpoke
|poke|p1|Gholdengo|
|poke|p1|Landorus-Therian, M|
|poke|p1|Kingambit, F|
|poke|p1|Cinderace, M|
|poke|p1|Kyurem|
|poke|p1|Deoxys-Speed|
|poke|p2|Iron Valiant|
|poke|p2|Hydrapple, M|
|poke|p2|Dragapult, M|
|poke|p2|Moltres-Galar|
|poke|p2|Hatterene, F|
|poke|p2|Iron Treads|
|teampreview
|inactive|Battle timer is ON: inactive players will automatically lose when time's up. (requested by Streshyix)
|l|☆Streshyix
|inactive|Streshyix disconnected and has a minute to reconnect!
|player|p2|
|j|☆Streshyix
|inactive|Streshyix reconnected and has 125 seconds left.
|player|p2|Streshyix|hugh|
|inactive|Streshyix has 120 seconds left.
|l|☆Streshyix
|inactive|Streshyix disconnected and has a minute to reconnect!
|player|p2|
|j|☆Streshyix
|inactive|Streshyix reconnected and has 100 seconds left.
|player|p2|Streshyix|hugh|
|inactive|Streshyix has 90 seconds left.
|
|t:|1780994829
|teamsize|p1|6
|teamsize|p2|6
|start
|switch|p1a: Kyurem|Kyurem|100/100
|switch|p2a: Iron Treads|Iron Treads|100/100
|-ability|p1a: Kyurem|Pressure
|-enditem|p2a: Iron Treads|Booster Energy
|-activate|p2a: Iron Treads|ability: Quark Drive|[fromitem]
|-start|p2a: Iron Treads|quarkdrivespe
|turn|1
|
|t:|1780994833
|move|p2a: Iron Treads|Knock Off|p1a: Kyurem
|-damage|p1a: Kyurem|72/100
|-enditem|p1a: Kyurem|Assault Vest|[from] move: Knock Off|[of] p2a: Iron Treads
|move|p1a: Kyurem|Earth Power|p2a: Iron Treads
|-supereffective|p2a: Iron Treads
|-damage|p2a: Iron Treads|9/100
|
|upkeep
|turn|2
|
|t:|1780994844
|-end|p2a: Iron Treads|Quark Drive|[silent]
|switch|p2a: Hatterene|Hatterene, F|100/100
|move|p1a: Kyurem|Ice Beam|p2a: Hatterene
|-damage|p2a: Hatterene|66/100
|
|upkeep
|turn|3
|
|t:|1780994869
|switch|p1a: Landorus|Landorus-Therian, M|100/100
|-ability|p1a: Landorus|Intimidate|boost
|-unboost|p2a: Hatterene|atk|1
|move|p2a: Hatterene|Draining Kiss|p1a: Landorus
|-damage|p1a: Landorus|71/100
|-heal|p2a: Hatterene|93/100|[from] drain|[of] p1a: Landorus
|-damage|p2a: Hatterene|76/100|[from] item: Rocky Helmet|[of] p1a: Landorus
|
|upkeep
|turn|4
|
|t:|1780994881
|move|p1a: Landorus|Earthquake|p2a: Hatterene
|-damage|p2a: Hatterene|25/100
|move|p2a: Hatterene|Draining Kiss|p1a: Landorus
|-damage|p1a: Landorus|41/100
|-heal|p2a: Hatterene|52/100|[from] drain|[of] p1a: Landorus
|-damage|p2a: Hatterene|35/100|[from] item: Rocky Helmet|[of] p1a: Landorus
|
|upkeep
|turn|5
|
|t:|1780994891
|switch|p2a: Hydrapple|Hydrapple, M, shiny|100/100
|move|p1a: Landorus|Stealth Rock|p2a: Hydrapple
|-sidestart|p2: Streshyix|move: Stealth Rock
|
|upkeep
|turn|6
|j| lord shiddenfards
|
|t:|1780994913
|move|p1a: Landorus|U-turn|p2a: Hydrapple
|-supereffective|p2a: Hydrapple
|-damage|p2a: Hydrapple|74/100
|
|t:|1780994915
|switch|p1a: Kingambit|Kingambit, F|100/100|[from] U-turn
|-item|p1a: Kingambit|Air Balloon
|move|p2a: Hydrapple|Nasty Plot|p2a: Hydrapple
|-boost|p2a: Hydrapple|spa|2
|
|upkeep
|turn|7
|
|t:|1780994920
|move|p1a: Kingambit|Kowtow Cleave|p2a: Hydrapple
|-damage|p2a: Hydrapple|44/100
|move|p2a: Hydrapple|Earth Power|p1a: Kingambit
|-immune|p1a: Kingambit
|
|upkeep
|turn|8
|
|t:|1780994927
|move|p1a: Kingambit|Swords Dance|p1a: Kingambit
|-boost|p1a: Kingambit|atk|2
|move|p2a: Hydrapple|Giga Drain|p1a: Kingambit
|-resisted|p1a: Kingambit
|-damage|p1a: Kingambit|69/100
|-heal|p2a: Hydrapple|59/100|[from] drain|[of] p1a: Kingambit
|-enditem|p1a: Kingambit|Air Balloon
|
|upkeep
|turn|9
|
|t:|1780994932
|move|p1a: Kingambit|Kowtow Cleave|p2a: Hydrapple
|-damage|p2a: Hydrapple|4/100
|move|p2a: Hydrapple|Earth Power|p1a: Kingambit
|-supereffective|p1a: Kingambit
|-damage|p1a: Kingambit|0 fnt
|faint|p1a: Kingambit
|-end|p1a: Kingambit|fallenundefined|[silent]
|
|upkeep
|
|t:|1780994937
|switch|p1a: Cinderace|Cinderace, M|100/100
|turn|10
|
|t:|1780994945
|move|p1a: Cinderace|U-turn|p2a: Hydrapple
|-start|p1a: Cinderace|typechange|Bug|[from] ability: Libero
|-supereffective|p2a: Hydrapple
|-damage|p2a: Hydrapple|0 fnt
|faint|p2a: Hydrapple
|
|t:|1780994960
|switch|p1a: Gholdengo|Gholdengo|100/100|[from] U-turn
|
|upkeep
|
|t:|1780994979
|switch|p2a: Iron Treads|Iron Treads|9/100
|-damage|p2a: Iron Treads|6/100|[from] Stealth Rock
|turn|11
|
|t:|1780994985
|switch|p1a: Landorus|Landorus-Therian, M|41/100
|-ability|p1a: Landorus|Intimidate|boost
|-unboost|p2a: Iron Treads|atk|1
|move|p2a: Iron Treads|Knock Off|p1a: Landorus
|-damage|p1a: Landorus|20/100
|-damage|p2a: Iron Treads|0 fnt|[from] item: Rocky Helmet|[of] p1a: Landorus
|faint|p2a: Iron Treads
|-end|p2a: Iron Treads|Quark Drive|[silent]
|
|upkeep
|
|t:|1780995005
|switch|p2a: Moltres|Moltres-Galar, shiny|100/100
|-damage|p2a: Moltres|76/100|[from] Stealth Rock
|turn|12
|
|t:|1780995008
|move|p1a: Landorus|Taunt|p2a: Moltres
|-start|p2a: Moltres|move: Taunt
|cant|p2a: Moltres|move: Taunt|Agility
|
|upkeep
|turn|13
|
|t:|1780995019
|move|p1a: Landorus|Earthquake|p2a: Moltres
|-immune|p2a: Moltres
|move|p2a: Moltres|Fiery Wrath|p1a: Landorus
|-damage|p1a: Landorus|0 fnt
|faint|p1a: Landorus
|
|upkeep
|
|t:|1780995021
|switch|p1a: Kyurem|Kyurem|72/100
|-ability|p1a: Kyurem|Pressure
|turn|14
|
|t:|1780995038
|-terastallize|p2a: Moltres|Ghost
|move|p2a: Moltres|Fiery Wrath|p1a: Kyurem
|-damage|p1a: Kyurem|38/100
|move|p1a: Kyurem|Ice Beam|p2a: Moltres
|-damage|p2a: Moltres|32/100
|-ability|p2a: Moltres|Berserk|boost
|-boost|p2a: Moltres|spa|1
|-enditem|p2a: Moltres|Sitrus Berry|[eat]
|-heal|p2a: Moltres|57/100|[from] item: Sitrus Berry
|
|-end|p2a: Moltres|move: Taunt
|upkeep
|turn|15
|
|t:|1780995051
|move|p2a: Moltres|Agility|p2a: Moltres
|-boost|p2a: Moltres|spe|2
|move|p1a: Kyurem|Ice Beam|p2a: Moltres
|-damage|p2a: Moltres|13/100
|-ability|p2a: Moltres|Berserk|boost
|-boost|p2a: Moltres|spa|1
|
|upkeep
|turn|16
|
|t:|1780995059
|move|p2a: Moltres|Fiery Wrath|p1a: Kyurem
|-damage|p1a: Kyurem|0 fnt
|faint|p1a: Kyurem
|
|upkeep
|j| Coolcube_3
|inactive|The real kurt tay has 120 seconds left.
|
|t:|1780995093
|switch|p1a: Deoxys|Deoxys-Speed|100/100
|-ability|p1a: Deoxys|Pressure
|turn|17
|
|t:|1780995096
|-terastallize|p1a: Deoxys|Fighting
|move|p2a: Moltres|Fiery Wrath|p1a: Deoxys
|-resisted|p1a: Deoxys
|-damage|p1a: Deoxys|30/100
|cant|p1a: Deoxys|flinch
|
|upkeep
|turn|18
|-message|The real kurt tay forfeited.
|
|win|Streshyix
|raw|The real kurt tay's rating: 1545 &rarr; <strong>1526</strong><br />(-19 for losing)
|raw|Streshyix's rating: 1565 &rarr; <strong>1584</strong><br />(+19 for winning)
|l|☆The real kurt tay
|player|p1|
|l|☆Streshyix
|player|p2|
|l| lord shiddenfards
|l| Coolcube_3
