|j|☆justicerestore
|j|☆lord shiddenfards
|t:|1781594733
|gametype|singles
|player|p1|justicerestore|caitlin|1577
|player|p2|lord shiddenfards|blaine|1626
|gen|9
|tier|[Gen 9] OU
|rated|
|rule|HP Percentage Mod: HP is shown in percentages
|rule|Endless Battle Clause: Forcing endless battles is banned
|rule|Species Clause: Limit one of each Pokémon
|rule|OHKO Clause: OHKO moves are banned
|rule|Evasion Items Clause: Evasion items are banned
|rule|Evasion Moves Clause: Evasion moves are banned
|rule|Evasion Abilities Clause: Evasion abilities are banned
|rule|Sleep Moves Clause: Sleep-inducing moves are banned
|clearpoke
|poke|p1|Gholdengo|
|poke|p1|Garganacl, F|
|poke|p1|Volcanion|
|poke|p1|Great Tusk|
|poke|p1|Zapdos|
|poke|p1|Meowscarada, F|
|poke|p2|Ninetales, F|
|poke|p2|Great Tusk|
|poke|p2|Slither Wing|
|poke|p2|Alomomola, M|
|poke|p2|Iron Moth|
|poke|p2|Raging Bolt|
|teampreview
|
|t:|1781594743
|teamsize|p1|6
|teamsize|p2|6
|start
|switch|p1a: The Green Gooblin|Meowscarada, F|100/100
|switch|p2a: Slither Wing|Slither Wing|100/100
|turn|1
|inactive|Battle timer is ON: inactive players will automatically lose when time's up. (requested by justicerestore)
|
|t:|1781594747
|switch|p1a: Static Sparrow|Zapdos|100/100
|move|p2a: Slither Wing|U-turn|p1a: Static Sparrow
|-resisted|p1a: Static Sparrow
|-damage|p1a: Static Sparrow|78/100
|
|t:|1781594751
|-end|p2a: Slither Wing|Protosynthesis|[silent]
|switch|p2a: Ninetales|Ninetales, F|100/100|[from] U-turn
|-weather|SunnyDay|[from] ability: Drought|[of] p2a: Ninetales
|
|-weather|SunnyDay|[upkeep]
|upkeep
|turn|2
|
|t:|1781594755
|move|p2a: Ninetales|Overheat|p1a: Static Sparrow
|-damage|p1a: Static Sparrow|0 fnt
|-unboost|p2a: Ninetales|spa|2
|faint|p1a: Static Sparrow
|
|-weather|SunnyDay|[upkeep]
|upkeep
|
|t:|1781594763
|switch|p1a: Krakatoa|Volcanion|100/100
|turn|3
|
|t:|1781594771
|switch|p2a: Alomomola|Alomomola, M|100/100
|move|p1a: Krakatoa|Steam Eruption|p2a: Alomomola
|-resisted|p2a: Alomomola
|-damage|p2a: Alomomola|89/100
|-status|p2a: Alomomola|brn
|-enditem|p2a: Alomomola|Eject Button
|
|t:|1781594781
|switch|p2a: Slither Wing|Slither Wing|100/100
|-activate|p2a: Slither Wing|ability: Protosynthesis
|-start|p2a: Slither Wing|protosynthesisatk
|
|-weather|SunnyDay|[upkeep]
|upkeep
|turn|4
|
|t:|1781594788
|switch|p1a: Gooder Tusker|Great Tusk|100/100
|-activate|p1a: Gooder Tusker|ability: Protosynthesis
|-start|p1a: Gooder Tusker|protosynthesisatk
|move|p2a: Slither Wing|Earthquake|p1a: Gooder Tusker
|-damage|p1a: Gooder Tusker|50/100
|
|-weather|SunnyDay|[upkeep]
|upkeep
|turn|5
|
|t:|1781594800
|-end|p1a: Gooder Tusker|Protosynthesis|[silent]
|switch|p1a: The Green Gooblin|Meowscarada, F|100/100
|move|p2a: Slither Wing|Earthquake|p1a: The Green Gooblin
|-resisted|p1a: The Green Gooblin
|-damage|p1a: The Green Gooblin|44/100
|
|-weather|none
|-end|p2a: Slither Wing|Protosynthesis
|upkeep
|turn|6
|
|t:|1781594822
|-end|p2a: Slither Wing|Protosynthesis|[silent]
|switch|p2a: Alomomola|Alomomola, M|100/100 brn
|move|p1a: The Green Gooblin|Knock Off|p2a: Alomomola
|-start|p1a: The Green Gooblin|typechange|Dark|[from] ability: Protean
|-damage|p2a: Alomomola|70/100 brn
|
|-damage|p2a: Alomomola|63/100 brn|[from] brn
|upkeep
|turn|7
|
|t:|1781594829
|switch|p1a: Krakatoa|Volcanion|100/100
|move|p2a: Alomomola|Flip Turn|p1a: Krakatoa
|-immune|p1a: Krakatoa|[from] ability: Water Absorb
|
|-damage|p2a: Alomomola|57/100 brn|[from] brn
|upkeep
|turn|8
|
|t:|1781594835
|move|p1a: Krakatoa|Sludge Bomb|p2a: Alomomola
|-damage|p2a: Alomomola|27/100 brn
|move|p2a: Alomomola|Wish|p2a: Alomomola
|
|-damage|p2a: Alomomola|21/100 brn|[from] brn
|upkeep
|turn|9
|
|t:|1781594846
|switch|p1a: Salty Saul|Garganacl, F|100/100
|switch|p2a: Raging Bolt|Raging Bolt|100/100
|
|upkeep
|turn|10
|
|t:|1781594850
|move|p2a: Raging Bolt|Volt Switch|p1a: Salty Saul
|-damage|p1a: Salty Saul|69/100
|
|t:|1781594866
|-end|p2a: Raging Bolt|Protosynthesis|[silent]
|switch|p2a: Slither Wing|Slither Wing|100/100|[from] Volt Switch
|move|p1a: Salty Saul|Stealth Rock|p2a: Slither Wing
|-sidestart|p2: lord shiddenfards|move: Stealth Rock
|
|-heal|p1a: Salty Saul|75/100|[from] item: Leftovers
|upkeep
|turn|11
|
|t:|1781594887
|move|p1a: Salty Saul|Protect|p1a: Salty Saul
|-singleturn|p1a: Salty Saul|Protect
|move|p2a: Slither Wing|U-turn|p1a: Salty Saul
|-activate|p1a: Salty Saul|move: Protect
|
|-heal|p1a: Salty Saul|82/100|[from] item: Leftovers
|upkeep
|turn|12
|
|t:|1781594895
|move|p2a: Slither Wing|U-turn|p1a: Salty Saul
|-damage|p1a: Salty Saul|39/100
|
|t:|1781594915
|-end|p2a: Slither Wing|Protosynthesis|[silent]
|switch|p2a: Great Tusk|Great Tusk|100/100|[from] U-turn
|move|p1a: Salty Saul|Salt Cure|p2a: Great Tusk
|-resisted|p2a: Great Tusk
|-damage|p2a: Great Tusk|98/100
|-start|p2a: Great Tusk|Salt Cure
|
|-heal|p1a: Salty Saul|46/100|[from] item: Leftovers
|-damage|p2a: Great Tusk|86/100|[from] Salt Cure
|upkeep
|turn|13
|
|t:|1781594930
|-terastallize|p1a: Salty Saul|Fairy
|move|p2a: Great Tusk|Bulk Up|p2a: Great Tusk
|-boost|p2a: Great Tusk|atk|1
|-boost|p2a: Great Tusk|def|1
|move|p1a: Salty Saul|Recover|p1a: Salty Saul
|-heal|p1a: Salty Saul|96/100
|
|-heal|p1a: Salty Saul|100/100|[from] item: Leftovers
|-damage|p2a: Great Tusk|73/100|[from] Salt Cure
|upkeep
|turn|14
|inactive|lord shiddenfards has 120 seconds left.
|
|t:|1781594961
|switch|p1a: Cheesy Chad|Gholdengo|100/100
|move|p2a: Great Tusk|Rapid Spin|p1a: Cheesy Chad
|-immune|p1a: Cheesy Chad
|
|-damage|p2a: Great Tusk|61/100|[from] Salt Cure
|upkeep
|turn|15
|inactive|lord shiddenfards has 120 seconds left.
|
|t:|1781594986
|-end|p2a: Great Tusk|Protosynthesis|[silent]
|switch|p2a: Alomomola|Alomomola, M|54/100 brn
|-damage|p2a: Alomomola|42/100 brn|[from] Stealth Rock
|move|p1a: Cheesy Chad|Make It Rain|p2a: Alomomola
|-resisted|p2a: Alomomola
|-damage|p2a: Alomomola|15/100 brn
|-unboost|p1a: Cheesy Chad|spa|1
|
|-damage|p2a: Alomomola|9/100 brn|[from] brn
|upkeep
|turn|16
|inactive|lord shiddenfards has 90 seconds left.
|
|t:|1781595015
|switch|p2a: Raging Bolt|Raging Bolt|100/100
|-damage|p2a: Raging Bolt|88/100|[from] Stealth Rock
|move|p1a: Cheesy Chad|Make It Rain|p2a: Raging Bolt
|-resisted|p2a: Raging Bolt
|-damage|p2a: Raging Bolt|75/100
|-unboost|p1a: Cheesy Chad|spa|1
|
|upkeep
|turn|17
|inactive|lord shiddenfards has 90 seconds left.
|
|t:|1781595026
|switch|p1a: Gooder Tusker|Great Tusk|50/100
|move|p2a: Raging Bolt|Volt Switch|p1a: Gooder Tusker
|-immune|p1a: Gooder Tusker
|
|upkeep
|turn|18
|
|t:|1781595036
|-end|p2a: Raging Bolt|Protosynthesis|[silent]
|switch|p2a: Alomomola|Alomomola, M|42/100 brn
|-damage|p2a: Alomomola|30/100 brn|[from] Stealth Rock
|move|p1a: Gooder Tusker|Headlong Rush|p2a: Alomomola
|-damage|p2a: Alomomola|0 fnt
|-unboost|p1a: Gooder Tusker|def|1
|-unboost|p1a: Gooder Tusker|spd|1
|faint|p2a: Alomomola
|
|upkeep
|
|t:|1781595038
|switch|p2a: Great Tusk|Great Tusk|61/100
|turn|19
|
|t:|1781595048
|-end|p1a: Gooder Tusker|Protosynthesis|[silent]
|switch|p1a: Cheesy Chad|Gholdengo|100/100
|move|p2a: Great Tusk|Headlong Rush|p1a: Cheesy Chad
|-supereffective|p1a: Cheesy Chad
|-damage|p1a: Cheesy Chad|0 fnt
|-unboost|p2a: Great Tusk|def|1
|-unboost|p2a: Great Tusk|spd|1
|faint|p1a: Cheesy Chad
|
|upkeep
|
|t:|1781595053
|switch|p1a: The Green Gooblin|Meowscarada, F|44/100
|turn|20
|
|t:|1781595069
|-end|p2a: Great Tusk|Protosynthesis|[silent]
|switch|p2a: Ninetales|Ninetales, F|100/100
|-damage|p2a: Ninetales|76/100|[from] Stealth Rock
|-weather|SunnyDay|[from] ability: Drought|[of] p2a: Ninetales
|move|p1a: The Green Gooblin|U-turn|p2a: Ninetales
|-start|p1a: The Green Gooblin|typechange|Bug|[from] ability: Protean
|-resisted|p2a: Ninetales
|-damage|p2a: Ninetales|37/100
|
|t:|1781595076
|switch|p1a: Krakatoa|Volcanion|100/100|[from] U-turn
|
|-weather|SunnyDay|[upkeep]
|upkeep
|turn|21
|inactive|lord shiddenfards has 90 seconds left.
|
|t:|1781595109
|move|p2a: Ninetales|Scorching Sands|p1a: Krakatoa
|-supereffective|p1a: Krakatoa
|-damage|p1a: Krakatoa|44/100
|move|p1a: Krakatoa|Sludge Bomb|p2a: Ninetales
|-damage|p2a: Ninetales|0 fnt
|faint|p2a: Ninetales
|
|-weather|SunnyDay|[upkeep]
|upkeep
|inactive|lord shiddenfards has 90 seconds left.
|
|t:|1781595123
|switch|p2a: Raging Bolt|Raging Bolt|75/100
|-damage|p2a: Raging Bolt|63/100|[from] Stealth Rock
|-activate|p2a: Raging Bolt|ability: Protosynthesis
|-start|p2a: Raging Bolt|protosynthesisspa
|turn|22
|
|t:|1781595131
|switch|p1a: Salty Saul|Garganacl, F, tera:Fairy|100/100
|move|p2a: Raging Bolt|Weather Ball|p1a: Salty Saul
|-damage|p1a: Salty Saul|48/100
|
|-weather|SunnyDay|[upkeep]
|-heal|p1a: Salty Saul|54/100|[from] item: Leftovers
|upkeep
|turn|23
|inactive|lord shiddenfards has 90 seconds left.
|
|t:|1781595148
|move|p1a: Salty Saul|Protect|p1a: Salty Saul
|-singleturn|p1a: Salty Saul|Protect
|move|p2a: Raging Bolt|Volt Switch|p1a: Salty Saul
|-activate|p1a: Salty Saul|move: Protect
|
|-weather|SunnyDay|[upkeep]
|-heal|p1a: Salty Saul|60/100|[from] item: Leftovers
|upkeep
|turn|24
|
|t:|1781595157
|move|p2a: Raging Bolt|Weather Ball|p1a: Salty Saul
|-damage|p1a: Salty Saul|9/100
|move|p1a: Salty Saul|Recover|p1a: Salty Saul
|-heal|p1a: Salty Saul|59/100
|
|-weather|none
|-end|p2a: Raging Bolt|Protosynthesis
|-heal|p1a: Salty Saul|65/100|[from] item: Leftovers
|upkeep
|turn|25
|inactive|lord shiddenfards has 90 seconds left.
|
|t:|1781595178
|switch|p1a: Gooder Tusker|Great Tusk|50/100
|move|p2a: Raging Bolt|Volt Switch|p1a: Gooder Tusker
|-immune|p1a: Gooder Tusker
|
|upkeep
|turn|26
|inactive|lord shiddenfards has 90 seconds left.
|inactive|lord shiddenfards has 60 seconds left.
|
|t:|1781595231
|-end|p2a: Raging Bolt|Protosynthesis|[silent]
|switch|p2a: Slither Wing|Slither Wing|100/100
|-damage|p2a: Slither Wing|88/100|[from] Stealth Rock
|move|p1a: Gooder Tusker|Rapid Spin|p2a: Slither Wing
|-damage|p2a: Slither Wing|65/100
|-boost|p1a: Gooder Tusker|spe|1
|
|upkeep
|turn|27
|
|t:|1781595253
|move|p1a: Gooder Tusker|Ice Spinner|p2a: Slither Wing
|-damage|p2a: Slither Wing|29/100
|move|p2a: Slither Wing|Earthquake|p1a: Gooder Tusker
|-damage|p1a: Gooder Tusker|7/100
|
|upkeep
|turn|28
|
|t:|1781595277
|move|p1a: Gooder Tusker|Ice Spinner|p2a: Slither Wing
|-damage|p2a: Slither Wing|0 fnt
|faint|p2a: Slither Wing
|-end|p2a: Slither Wing|Protosynthesis|[silent]
|
|upkeep
|
|t:|1781595280
|switch|p2a: Great Tusk|Great Tusk|61/100
|turn|29
|
|t:|1781595285
|move|p1a: Gooder Tusker|Ice Spinner|p2a: Great Tusk
|-supereffective|p2a: Great Tusk
|-damage|p2a: Great Tusk|23/100
|move|p2a: Great Tusk|Rapid Spin|p1a: Gooder Tusker
|-damage|p1a: Gooder Tusker|0 fnt
|-boost|p2a: Great Tusk|spe|1
|-sideend|p2: lord shiddenfards|Stealth Rock|[from] move: Rapid Spin|[of] p2a: Great Tusk
|faint|p1a: Gooder Tusker
|-end|p1a: Gooder Tusker|Protosynthesis|[silent]
|
|upkeep
|
|t:|1781595291
|switch|p1a: The Green Gooblin|Meowscarada, F|44/100
|turn|30
|inactive|lord shiddenfards has 60 seconds left.
|
|t:|1781595299
|move|p2a: Great Tusk|Ice Spinner|p1a: The Green Gooblin
|-supereffective|p1a: The Green Gooblin
|-damage|p1a: The Green Gooblin|0 fnt
|faint|p1a: The Green Gooblin
|
|upkeep
|-message|justicerestore forfeited.
|
|win|lord shiddenfards
|raw|justicerestore's rating: 1577 &rarr; <strong>1560</strong><br />(-17 for losing)
|raw|lord shiddenfards's rating: 1626 &rarr; <strong>1643</strong><br />(+17 for winning)
|l|☆justicerestore
|player|p1|
|l|☆lord shiddenfards
|player|p2|
