|j|☆Kizukato
|j|☆jd2sleepy
|t:|1781093319
|gametype|singles
|player|p1|Kizukato|cynthia|1559
|player|p2|jd2sleepy|blackbelt-gen4dp|1605
|gen|9
|tier|[Gen 9] OU
|rated|
|rule|HP Percentage Mod: HP is shown in percentages
|rule|Endless Battle Clause: Forcing endless battles is banned
|rule|Species Clause: Limit one of each Pokémon
|rule|OHKO Clause: OHKO moves are banned
|rule|Evasion Items Clause: Evasion items are banned
|rule|Evasion Moves Clause: Evasion moves are banned
|rule|Evasion Abilities Clause: Evasion abilities are banned
|rule|Sleep Moves Clause: Sleep-inducing moves are banned
|clearpoke
|poke|p1|Kyurem|
|poke|p1|Great Tusk|
|poke|p1|Cinderace, M|
|poke|p1|Enamorus-Therian, F|
|poke|p1|Slowking-Galar, M|
|poke|p1|Kingambit, F|
|poke|p2|Toxicroak, M|
|poke|p2|Pelipper, F|
|poke|p2|Floatzel, M|
|poke|p2|Iron Treads|
|poke|p2|Hatterene, F|
|poke|p2|Volcanion|
|teampreview
|inactive|Battle timer is ON: inactive players will automatically lose when time's up. (requested by Kizukato)
|
|t:|1781093349
|teamsize|p1|6
|teamsize|p2|6
|start
|switch|p1a: Kyurem|Kyurem|100/100
|switch|p2a: Iron Treads|Iron Treads|100/100
|-ability|p1a: Kyurem|Pressure
|turn|1
|
|t:|1781093358
|move|p1a: Kyurem|Earth Power|p2a: Iron Treads
|-supereffective|p2a: Iron Treads
|-damage|p2a: Iron Treads|57/100
|move|p2a: Iron Treads|Knock Off|p1a: Kyurem
|-damage|p1a: Kyurem|85/100
|-enditem|p1a: Kyurem|Assault Vest|[from] move: Knock Off|[of] p2a: Iron Treads
|
|-heal|p2a: Iron Treads|63/100|[from] item: Leftovers
|upkeep
|turn|2
|
|t:|1781093372
|move|p2a: Iron Treads|Earthquake|p1a: Kyurem
|-damage|p1a: Kyurem|60/100
|move|p1a: Kyurem|Ice Beam|p2a: Iron Treads
|-damage|p2a: Iron Treads|33/100
|
|-heal|p2a: Iron Treads|39/100|[from] item: Leftovers
|upkeep
|turn|3
|
|t:|1781093382
|-end|p2a: Iron Treads|Quark Drive|[silent]
|switch|p2a: Hatterene|Hatterene, F|100/100
|move|p1a: Kyurem|Body Press|p2a: Hatterene
|-resisted|p2a: Hatterene
|-damage|p2a: Hatterene|95/100
|-enditem|p2a: Hatterene|Eject Button
|
|t:|1781093386
|switch|p2a: Crash Out|Floatzel, M|100/100
|
|upkeep
|turn|4
|
|t:|1781093394
|switch|p1a: Great Tusk|Great Tusk|100/100
|move|p2a: Crash Out|Flip Turn|p1a: Great Tusk
|-supereffective|p1a: Great Tusk
|-damage|p1a: Great Tusk|36/100
|
|t:|1781093401
|switch|p2a: Hatterene|Hatterene, F|95/100|[from] Flip Turn
|
|upkeep
|turn|5
|
|t:|1781093404
|switch|p2a: Iron Treads|Iron Treads|39/100
|move|p1a: Great Tusk|Headlong Rush|p2a: Iron Treads
|-supereffective|p2a: Iron Treads
|-damage|p2a: Iron Treads|0 fnt
|-unboost|p1a: Great Tusk|def|1
|-unboost|p1a: Great Tusk|spd|1
|faint|p2a: Iron Treads
|-end|p2a: Iron Treads|Quark Drive|[silent]
|
|upkeep
|
|t:|1781093412
|switch|p2a: Drizzy|Pelipper, F|100/100
|-weather|RainDance|[from] ability: Drizzle|[of] p2a: Drizzy
|turn|6
|
|t:|1781093415
|-end|p1a: Great Tusk|Protosynthesis|[silent]
|switch|p1a: Kyurem|Kyurem|60/100
|-ability|p1a: Kyurem|Pressure
|move|p2a: Drizzy|U-turn|p1a: Kyurem
|-damage|p1a: Kyurem|54/100
|
|t:|1781093418
|switch|p2a: Crash Out|Floatzel, M|100/100|[from] U-turn
|
|-weather|RainDance|[upkeep]
|upkeep
|turn|7
|
|t:|1781093422
|move|p2a: Crash Out|Wave Crash|p1a: Kyurem
|-resisted|p1a: Kyurem
|-damage|p1a: Kyurem|10/100
|-damage|p2a: Crash Out|81/100|[from] Recoil
|move|p1a: Kyurem|Freeze-Dry|p2a: Crash Out
|-supereffective|p2a: Crash Out
|-damage|p2a: Crash Out|0 fnt
|faint|p2a: Crash Out
|
|-weather|RainDance|[upkeep]
|upkeep
|-message|jd2sleepy forfeited.
|
|win|Kizukato
|raw|Kizukato's rating: 1559 &rarr; <strong>1582</strong><br />(+23 for winning)
|raw|jd2sleepy's rating: 1605 &rarr; <strong>1582</strong><br />(-23 for losing)
|l|☆jd2sleepy
|player|p2|
|c|☆Kizukato|get out
|l|☆Kizukato
|player|p1|
