|j|☆mongwong
|j|☆ykykp
|t:|1781241835
|gametype|singles
|player|p1|mongwong|eusine-gen2|1757
|player|p2|ykykp|1|1719
|gen|9
|tier|[Gen 9] OU
|rated|
|rule|HP Percentage Mod: HP is shown in percentages
|rule|Endless Battle Clause: Forcing endless battles is banned
|rule|Species Clause: Limit one of each Pokémon
|rule|OHKO Clause: OHKO moves are banned
|rule|Evasion Items Clause: Evasion items are banned
|rule|Evasion Moves Clause: Evasion moves are banned
|rule|Evasion Abilities Clause: Evasion abilities are banned
|rule|Sleep Moves Clause: Sleep-inducing moves are banned
|clearpoke
|poke|p1|Indeedee, M|
|poke|p1|Polteageist-Antique|
|poke|p1|Hawlucha, F|
|poke|p1|Primarina, M|
|poke|p1|Iron Valiant|
|poke|p1|Great Tusk|
|poke|p2|Iron Valiant|
|poke|p2|Pecharunt|
|poke|p2|Alomomola, F|
|poke|p2|Cinderace, M|
|poke|p2|Zamazenta-*|
|poke|p2|Deoxys-Speed|
|teampreview
|inactive|Battle timer is ON: inactive players will automatically lose when time's up. (requested by mongwong)
|inactive|ykykp has 120 seconds left.
|
|t:|1781241879
|teamsize|p1|6
|teamsize|p2|6
|start
|switch|p1a: Great Tusk|Great Tusk|100/100
|switch|p2a: Deoxys|Deoxys-Speed|100/100
|-ability|p2a: Deoxys|Pressure
|turn|1
|
|t:|1781241883
|move|p2a: Deoxys|Psycho Boost|p1a: Great Tusk
|-supereffective|p1a: Great Tusk
|-damage|p1a: Great Tusk|0 fnt
|-unboost|p2a: Deoxys|spa|2
|faint|p1a: Great Tusk
|-end|p1a: Great Tusk|Protosynthesis|[silent]
|-damage|p2a: Deoxys|91/100|[from] item: Life Orb
|
|upkeep
|
|t:|1781241886
|switch|p1a: Indeedee|Indeedee, M|100/100
|-fieldstart|move: Psychic Terrain|[from] ability: Psychic Surge|[of] p1a: Indeedee
|turn|2
|
|t:|1781241891
|switch|p1a: Polteageist|Polteageist-Antique|100/100
|move|p2a: Deoxys|Knock Off|p1a: Polteageist
|-supereffective|p1a: Polteageist
|-enditem|p1a: Polteageist|Focus Sash
|-damage|p1a: Polteageist|1/100
|-ability|p1a: Polteageist|Weak Armor|boost
|-unboost|p1a: Polteageist|def|1
|-boost|p1a: Polteageist|spe|2
|-damage|p2a: Deoxys|81/100|[from] item: Life Orb
|
|upkeep
|turn|3
|
|t:|1781241898
|switch|p2a: Alomomola|Alomomola, F|100/100
|move|p1a: Polteageist|Shell Smash|p1a: Polteageist
|-unboost|p1a: Polteageist|def|1
|-unboost|p1a: Polteageist|spd|1
|-boost|p1a: Polteageist|atk|2
|-boost|p1a: Polteageist|spa|2
|-boost|p1a: Polteageist|spe|2
|
|upkeep
|turn|4
|
|t:|1781241901
|-terastallize|p1a: Polteageist|Grass
|move|p1a: Polteageist|Giga Drain|p2a: Alomomola
|-supereffective|p2a: Alomomola
|-damage|p2a: Alomomola|8/100
|-heal|p1a: Polteageist|95/100|[from] drain|[of] p2a: Alomomola
|move|p2a: Alomomola|Flip Turn|p1a: Polteageist
|-resisted|p1a: Polteageist
|-damage|p1a: Polteageist|68/100
|-ability|p1a: Polteageist|Weak Armor|boost
|-unboost|p1a: Polteageist|def|1
|-boost|p1a: Polteageist|spe|2
|inactive|ykykp has 120 seconds left.
|
|t:|1781241932
|switch|p2a: Pecharunt|Pecharunt|100/100|[from] Flip Turn
|
|upkeep
|turn|5
|
|t:|1781241945
|switch|p2a: Alomomola|Alomomola, F|41/100
|move|p1a: Polteageist|Giga Drain|p2a: Alomomola
|-supereffective|p2a: Alomomola
|-damage|p2a: Alomomola|0 fnt
|-heal|p1a: Polteageist|100/100|[from] drain|[of] p2a: Alomomola
|faint|p2a: Alomomola
|
|upkeep
|inactive|ykykp has 120 seconds left.
|
|t:|1781241975
|switch|p2a: Deoxys|Deoxys-Speed|81/100
|-ability|p2a: Deoxys|Pressure
|turn|6
|
|t:|1781241981
|switch|p2a: Pecharunt|Pecharunt|100/100
|move|p1a: Polteageist|Shadow Ball|p2a: Pecharunt
|-supereffective|p2a: Pecharunt
|-damage|p2a: Pecharunt|0 fnt
|faint|p2a: Pecharunt
|
|upkeep
|
|t:|1781241990
|switch|p2a: Deoxys|Deoxys-Speed|81/100
|-ability|p2a: Deoxys|Pressure
|turn|7
|
|t:|1781241992
|move|p1a: Polteageist|Stored Power|p2a: Deoxys
|-resisted|p2a: Deoxys
|-damage|p2a: Deoxys|0 fnt
|faint|p2a: Deoxys
|
|upkeep
|
|t:|1781242001
|switch|p2a: Iron Valiant|Iron Valiant|100/100
|turn|8
|j| isaac_gam3r
|
|t:|1781242006
|-end|p2a: Iron Valiant|Quark Drive|[silent]
|switch|p2a: Zamazenta|Zamazenta|100/100
|-ability|p2a: Zamazenta|Dauntless Shield|boost
|-boost|p2a: Zamazenta|def|1
|move|p1a: Polteageist|Stored Power|p2a: Zamazenta
|-supereffective|p2a: Zamazenta
|-crit|p2a: Zamazenta
|-damage|p2a: Zamazenta|0 fnt
|faint|p2a: Zamazenta
|
|upkeep
|
|t:|1781242008
|switch|p2a: Iron Valiant|Iron Valiant|100/100
|turn|9
|
|t:|1781242009
|move|p1a: Polteageist|Stored Power|p2a: Iron Valiant
|-supereffective|p2a: Iron Valiant
|-damage|p2a: Iron Valiant|0 fnt
|faint|p2a: Iron Valiant
|-end|p2a: Iron Valiant|Quark Drive|[silent]
|
|-fieldend|move: Psychic Terrain
|upkeep
|
|t:|1781242011
|switch|p2a: Cinderace|Cinderace, M|100/100
|turn|10
|
|t:|1781242014
|move|p2a: Cinderace|Sucker Punch|p1a: Polteageist
|-start|p2a: Cinderace|typechange|Dark|[from] ability: Libero
|-damage|p1a: Polteageist|0 fnt
|faint|p1a: Polteageist
|
|upkeep
|
|t:|1781242017
|switch|p1a: Indeedee|Indeedee, M|100/100
|-fieldstart|move: Psychic Terrain|[from] ability: Psychic Surge|[of] p1a: Indeedee
|turn|11
|
|t:|1781242021
|-terastallize|p2a: Cinderace|Fire
|move|p2a: Cinderace|Pyro Ball|p1a: Indeedee
|-damage|p1a: Indeedee|0 fnt
|faint|p1a: Indeedee
|
|upkeep
|
|t:|1781242025
|switch|p1a: Primarina|Primarina, M|100/100
|turn|12
|
|t:|1781242028
|move|p2a: Cinderace|Pyro Ball|p1a: Primarina
|-resisted|p1a: Primarina
|-damage|p1a: Primarina|68/100
|move|p1a: Primarina|Surf|p2a: Cinderace
|-supereffective|p2a: Cinderace
|-damage|p2a: Cinderace|0 fnt
|faint|p2a: Cinderace
|
|win|mongwong
|raw|mongwong's rating: 1757 &rarr; <strong>1775</strong><br />(+18 for winning)
|raw|ykykp's rating: 1719 &rarr; <strong>1701</strong><br />(-18 for losing)
|l|☆mongwong
|player|p1|
|l|☆ykykp
|player|p2|
|j|☆mongwong
|player|p1|mongwong|eusine-gen2|
|l|☆mongwong
|player|p1|
|l| isaac_gam3r
