|badge|p2|silver|gen9nu|30-9
|badge|p2|silver|gen9randombattle|30-9
|uhtml|medal-msg|<div class="broadcast-blue">Curious what those medals under the avatar are? PS now has Ladder Seasons! For more information, check out the <a href="https://www.smogon.com/forums/threads/3740067/">thread on Smogon.</a></div>
|j|☆Klopple
|j|☆JustOut459
|t:|1780985773
|gametype|singles
|player|p1|Klopple|sailor|1634
|player|p2|JustOut459|parasollady|1586
|gen|9
|tier|[Gen 9] OU
|rated|
|rule|HP Percentage Mod: HP is shown in percentages
|rule|Endless Battle Clause: Forcing endless battles is banned
|rule|Species Clause: Limit one of each Pokémon
|rule|OHKO Clause: OHKO moves are banned
|rule|Evasion Items Clause: Evasion items are banned
|rule|Evasion Moves Clause: Evasion moves are banned
|rule|Evasion Abilities Clause: Evasion abilities are banned
|rule|Sleep Moves Clause: Sleep-inducing moves are banned
|clearpoke
|poke|p1|Arboliva, F|
|poke|p1|Gliscor, M|
|poke|p1|Iron Crown|
|poke|p1|Zamazenta-*|
|poke|p1|Hatterene, F|
|poke|p1|Dragonite, M|
|poke|p2|Slowking-Galar, F|
|poke|p2|Great Tusk|
|poke|p2|Kyurem|
|poke|p2|Kingambit, F|
|poke|p2|Cinderace, F|
|poke|p2|Zapdos|
|teampreview
|
|t:|1780985813
|teamsize|p1|6
|teamsize|p2|6
|start
|switch|p1a: Gliscor|Gliscor, M|100/100
|switch|p2a: Slowking|Slowking-Galar, F|100/100
|turn|1
|
|t:|1780985825
|move|p1a: Gliscor|Stealth Rock|p2a: Slowking
|-sidestart|p2: JustOut459|move: Stealth Rock
|-prepare|p2a: Slowking|Chilly Reception|[premajor]
|move|p2a: Slowking|Chilly Reception|p2a: Slowking
|-weather|Snowscape
|
|t:|1780985833
|switch|p2a: Great Tusk|Great Tusk|100/100|[from] Chilly Reception
|-damage|p2a: Great Tusk|97/100|[from] Stealth Rock
|
|-weather|Snowscape|[upkeep]
|-heal|p2a: Great Tusk|100/100|[from] item: Leftovers
|-status|p1a: Gliscor|tox|[from] item: Toxic Orb
|upkeep
|turn|2
|
|t:|1780985840
|switch|p1a: Hatterene|Hatterene, F|100/100
|move|p2a: Great Tusk|Ice Spinner|p1a: Hatterene
|-damage|p1a: Hatterene|78/100
|-damage|p2a: Great Tusk|84/100|[from] item: Rocky Helmet|[of] p1a: Hatterene
|
|-weather|Snowscape|[upkeep]
|-heal|p2a: Great Tusk|90/100|[from] item: Leftovers
|upkeep
|turn|3
|j| DA COME UP
|
|t:|1780985848
|-end|p2a: Great Tusk|Protosynthesis|[silent]
|switch|p2a: Slowking|Slowking-Galar, F|100/100
|-damage|p2a: Slowking|88/100|[from] Stealth Rock
|move|p1a: Hatterene|Psychic Noise|p2a: Slowking
|-damage|p2a: Slowking|66/100
|-start|p2a: Slowking|move: Heal Block
|
|-weather|Snowscape|[upkeep]
|upkeep
|turn|4
|
|t:|1780985857
|switch|p1a: Iron Crown|Iron Crown|100/100
|-prepare|p2a: Slowking|Chilly Reception|[premajor]
|move|p2a: Slowking|Chilly Reception|p2a: Slowking
|
|t:|1780985860
|switch|p2a: Cinderace|Cinderace, F|100/100|[from] Chilly Reception
|
|-weather|Snowscape|[upkeep]
|upkeep
|turn|5
|
|t:|1780985869
|-end|p1a: Iron Crown|Quark Drive|[silent]
|switch|p1a: Gliscor|Gliscor, M|100/100 tox
|move|p2a: Cinderace|Court Change|p2a: Cinderace
|-swapsideconditions
|-activate|p2a: Cinderace|move: Court Change
|
|-weather|none
|upkeep
|turn|6
|
|t:|1780985877
|move|p2a: Cinderace|U-turn|p1a: Gliscor
|-resisted|p1a: Gliscor
|-damage|p1a: Gliscor|93/100 tox
|
|t:|1780985879
|switch|p2a: Kyurem|Kyurem|100/100|[from] U-turn
|-ability|p2a: Kyurem|Pressure
|move|p1a: Gliscor|Knock Off|p2a: Kyurem
|-damage|p2a: Kyurem|80/100
|-enditem|p2a: Kyurem|Choice Specs|[from] move: Knock Off|[of] p1a: Gliscor
|
|-heal|p1a: Gliscor|100/100 tox|[from] ability: Poison Heal
|upkeep
|turn|7
|
|t:|1780985890
|move|p1a: Gliscor|Protect|p1a: Gliscor
|-singleturn|p1a: Gliscor|Protect
|move|p2a: Kyurem|Ice Beam|p1a: Gliscor
|-activate|p1a: Gliscor|move: Protect
|
|upkeep
|turn|8
|
|t:|1780985895
|switch|p1a: Iron Crown|Iron Crown|100/100
|-damage|p1a: Iron Crown|94/100|[from] Stealth Rock
|move|p2a: Kyurem|Ice Beam|p1a: Iron Crown
|-resisted|p1a: Iron Crown
|-damage|p1a: Iron Crown|80/100
|
|upkeep
|turn|9
|
|t:|1780985903
|switch|p2a: Slowking|Slowking-Galar, F|99/100
|move|p1a: Iron Crown|Future Sight|p2a: Slowking
|-start|p1a: Iron Crown|move: Future Sight
|
|upkeep
|turn|10
|
|t:|1780985909
|move|p1a: Iron Crown|Volt Switch|p2a: Slowking
|-damage|p2a: Slowking|85/100
|
|t:|1780985912
|-end|p1a: Iron Crown|Quark Drive|[silent]
|switch|p1a: Gliscor|Gliscor, M|100/100 tox|[from] Volt Switch
|-damage|p1a: Gliscor|88/100 tox|[from] Stealth Rock
|move|p2a: Slowking|Future Sight|p1a: Gliscor
|-start|p2a: Slowking|move: Future Sight
|
|-heal|p1a: Gliscor|100/100 tox|[from] ability: Poison Heal
|upkeep
|turn|11
|
|t:|1780985926
|move|p1a: Gliscor|Earthquake|p2a: Slowking
|-supereffective|p2a: Slowking
|-damage|p2a: Slowking|16/100
|-prepare|p2a: Slowking|Chilly Reception|[premajor]
|move|p2a: Slowking|Chilly Reception|p2a: Slowking
|-weather|Snowscape
|
|t:|1780985930
|switch|p2a: Kingambit|Kingambit, F|100/100|[from] Chilly Reception
|
|-weather|Snowscape|[upkeep]
|-end|p2a: Kingambit|move: Future Sight
|-immune|p2a: Kingambit
|upkeep
|turn|12
|
|t:|1780985938
|-end|p2a: Kingambit|fallenundefined|[silent]
|switch|p2a: Kyurem|Kyurem|80/100
|-ability|p2a: Kyurem|Pressure
|move|p1a: Gliscor|Protect||[still]
|-fail|p1a: Gliscor
|
|-weather|Snowscape|[upkeep]
|-end|p1a: Gliscor|move: Future Sight
|-damage|p1a: Gliscor|64/100 tox
|-heal|p1a: Gliscor|76/100 tox|[from] ability: Poison Heal
|upkeep
|turn|13
|
|t:|1780985948
|move|p1a: Gliscor|Protect|p1a: Gliscor
|-singleturn|p1a: Gliscor|Protect
|move|p2a: Kyurem|Ice Beam|p1a: Gliscor
|-activate|p1a: Gliscor|move: Protect
|
|-weather|Snowscape|[upkeep]
|-heal|p1a: Gliscor|89/100 tox|[from] ability: Poison Heal
|upkeep
|turn|14
|
|t:|1780985954
|switch|p1a: Iron Crown|Iron Crown|80/100
|-damage|p1a: Iron Crown|73/100|[from] Stealth Rock
|move|p2a: Kyurem|Earth Power|p1a: Iron Crown
|-supereffective|p1a: Iron Crown
|-damage|p1a: Iron Crown|34/100
|
|-weather|Snowscape|[upkeep]
|upkeep
|turn|15
|
|t:|1780985964
|switch|p2a: Slowking|Slowking-Galar, F|49/100
|move|p1a: Iron Crown|Tachyon Cutter|p2a: Slowking
|-damage|p2a: Slowking|34/100
|-damage|p2a: Slowking|19/100
|-hitcount|p2a: Slowking|2
|
|-weather|none
|upkeep
|turn|16
|
|t:|1780985976
|switch|p2a: Zapdos|Zapdos, shiny|100/100
|move|p1a: Iron Crown|Psychic Noise|p2a: Zapdos
|-damage|p2a: Zapdos|62/100
|-start|p2a: Zapdos|move: Heal Block
|
|upkeep
|turn|17
|
|t:|1780985992
|move|p1a: Iron Crown|Psychic Noise|p2a: Zapdos
|-damage|p2a: Zapdos|26/100
|move|p2a: Zapdos|Hurricane|p1a: Iron Crown
|-resisted|p1a: Iron Crown
|-damage|p1a: Iron Crown|19/100
|
|-end|p2a: Zapdos|move: Heal Block
|upkeep
|turn|18
|
|t:|1780986006
|switch|p2a: Kingambit|Kingambit, F|100/100
|move|p1a: Iron Crown|Psychic Noise|p2a: Kingambit
|-immune|p2a: Kingambit
|
|upkeep
|turn|19
|
|t:|1780986020
|move|p1a: Iron Crown|Volt Switch|p2a: Kingambit
|-damage|p2a: Kingambit|77/100
|
|t:|1780986027
|-end|p1a: Iron Crown|Quark Drive|[silent]
|switch|p1a: Dragonite|Dragonite, M|100/100|[from] Volt Switch
|move|p2a: Kingambit|Swords Dance|p2a: Kingambit
|-boost|p2a: Kingambit|atk|2
|
|-heal|p2a: Kingambit|83/100|[from] item: Leftovers
|upkeep
|turn|20
|
|t:|1780986033
|move|p1a: Dragonite|Earthquake|p2a: Kingambit
|-supereffective|p2a: Kingambit
|-damage|p2a: Kingambit|21/100
|move|p2a: Kingambit|Iron Head|p1a: Dragonite
|-damage|p1a: Dragonite|56/100
|
|-heal|p2a: Kingambit|27/100|[from] item: Leftovers
|upkeep
|turn|21
|
|t:|1780986051
|-end|p2a: Kingambit|fallenundefined|[silent]
|switch|p2a: Kyurem|Kyurem|80/100
|-ability|p2a: Kyurem|Pressure
|move|p1a: Dragonite|Roost|p1a: Dragonite
|-heal|p1a: Dragonite|100/100
|-singleturn|p1a: Dragonite|move: Roost
|
|upkeep
|turn|22
|
|t:|1780986061
|-terastallize|p1a: Dragonite|Normal
|move|p1a: Dragonite|Extreme Speed|p2a: Kyurem
|-damage|p2a: Kyurem|35/100
|move|p2a: Kyurem|Ice Beam|p1a: Dragonite
|-damage|p1a: Dragonite|79/100
|
|upkeep
|turn|23
|
|t:|1780986070
|switch|p2a: Zapdos|Zapdos, shiny|26/100
|move|p1a: Dragonite|Extreme Speed|p2a: Zapdos
|-damage|p2a: Zapdos|0 fnt
|faint|p2a: Zapdos
|
|upkeep
|
|t:|1780986073
|switch|p2a: Great Tusk|Great Tusk|90/100
|turn|24
|
|t:|1780986080
|switch|p1a: Hatterene|Hatterene, F|78/100
|-damage|p1a: Hatterene|66/100|[from] Stealth Rock
|move|p2a: Great Tusk|Headlong Rush|p1a: Hatterene
|-damage|p1a: Hatterene|16/100
|-unboost|p2a: Great Tusk|def|1
|-unboost|p2a: Great Tusk|spd|1
|-damage|p2a: Great Tusk|73/100|[from] item: Rocky Helmet|[of] p1a: Hatterene
|
|-heal|p2a: Great Tusk|80/100|[from] item: Leftovers
|upkeep
|turn|25
|
|t:|1780986093
|move|p2a: Great Tusk|Ice Spinner|p1a: Hatterene
|-damage|p1a: Hatterene|0 fnt
|-damage|p2a: Great Tusk|63/100|[from] item: Rocky Helmet|[of] p1a: Hatterene
|faint|p1a: Hatterene
|
|-heal|p2a: Great Tusk|69/100|[from] item: Leftovers
|upkeep
|
|t:|1780986111
|switch|p1a: Iron Crown|Iron Crown|19/100
|-damage|p1a: Iron Crown|12/100|[from] Stealth Rock
|turn|26
|
|t:|1780986141
|-end|p2a: Great Tusk|Protosynthesis|[silent]
|switch|p2a: Kingambit|Kingambit, F|27/100
|-activate|p2a: Kingambit|ability: Supreme Overlord
|-start|p2a: Kingambit|fallen1|[silent]
|move|p1a: Iron Crown|Tachyon Cutter|p2a: Kingambit
|-resisted|p2a: Kingambit
|-damage|p2a: Kingambit|14/100
|-resisted|p2a: Kingambit
|-damage|p2a: Kingambit|1/100
|-hitcount|p2a: Kingambit|2
|
|-heal|p2a: Kingambit|7/100|[from] item: Leftovers
|upkeep
|turn|27
|
|t:|1780986151
|-end|p1a: Iron Crown|Quark Drive|[silent]
|switch|p1a: Gliscor|Gliscor, M|89/100 tox
|-damage|p1a: Gliscor|76/100 tox|[from] Stealth Rock
|move|p2a: Kingambit|Sucker Punch||[still]
|-fail|p2a: Kingambit
|
|-heal|p2a: Kingambit|14/100|[from] item: Leftovers
|-heal|p1a: Gliscor|89/100 tox|[from] ability: Poison Heal
|upkeep
|turn|28
|
|t:|1780986164
|-end|p2a: Kingambit|fallen1|[silent]
|switch|p2a: Great Tusk|Great Tusk|69/100
|move|p1a: Gliscor|Earthquake|p2a: Great Tusk
|-damage|p2a: Great Tusk|47/100
|
|-heal|p2a: Great Tusk|53/100|[from] item: Leftovers
|-heal|p1a: Gliscor|100/100 tox|[from] ability: Poison Heal
|upkeep
|turn|29
|
|t:|1780986178
|switch|p1a: Arboliva|Arboliva, F|100/100
|-damage|p1a: Arboliva|88/100|[from] Stealth Rock
|move|p2a: Great Tusk|Ice Spinner|p1a: Arboliva
|-supereffective|p1a: Arboliva
|-crit|p1a: Arboliva
|-damage|p1a: Arboliva|1/100
|
|-heal|p2a: Great Tusk|60/100|[from] item: Leftovers
|upkeep
|turn|30
|-enditem|p1a: Arboliva|Custap Berry|[eat]
|-activate|p1a: Arboliva|item: Custap Berry|[consumed]
|
|t:|1780986193
|move|p1a: Arboliva|Energy Ball|p2a: Great Tusk
|-supereffective|p2a: Great Tusk
|-damage|p2a: Great Tusk|0 fnt
|faint|p2a: Great Tusk
|-end|p2a: Great Tusk|Protosynthesis|[silent]
|
|-item|p1a: Arboliva|Custap Berry|[from] ability: Harvest
|upkeep
|
|t:|1780986215
|switch|p2a: Slowking|Slowking-Galar, F|52/100
|turn|31
|-enditem|p1a: Arboliva|Custap Berry|[eat]
|-activate|p1a: Arboliva|item: Custap Berry|[consumed]
|
|t:|1780986227
|switch|p2a: Kingambit|Kingambit, F|14/100
|-activate|p2a: Kingambit|ability: Supreme Overlord
|-start|p2a: Kingambit|fallen2|[silent]
|move|p1a: Arboliva|Earth Power|p2a: Kingambit
|-supereffective|p2a: Kingambit
|-damage|p2a: Kingambit|0 fnt
|faint|p2a: Kingambit
|-end|p2a: Kingambit|fallen2|[silent]
|
|-item|p1a: Arboliva|Custap Berry|[from] ability: Harvest
|upkeep
|
|t:|1780986235
|switch|p2a: Slowking|Slowking-Galar, F|86/100
|turn|32
|-enditem|p1a: Arboliva|Custap Berry|[eat]
|-activate|p1a: Arboliva|item: Custap Berry|[consumed]
|
|t:|1780986241
|move|p1a: Arboliva|Earth Power|p2a: Slowking
|-supereffective|p2a: Slowking
|-damage|p2a: Slowking|41/100
|-prepare|p2a: Slowking|Chilly Reception|[premajor]
|move|p2a: Slowking|Chilly Reception|p2a: Slowking
|-weather|Snowscape
|
|t:|1780986245
|switch|p2a: Kyurem|Kyurem|35/100|[from] Chilly Reception
|-ability|p2a: Kyurem|Pressure
|
|-weather|Snowscape|[upkeep]
|upkeep
|turn|33
|l| DA COME UP
|
|t:|1780986257
|move|p1a: Arboliva|Endure|p1a: Arboliva
|-singleturn|p1a: Arboliva|move: Endure
|move|p2a: Kyurem|Ice Beam|p1a: Arboliva
|-supereffective|p1a: Arboliva
|-activate|p1a: Arboliva|move: Endure
|-damage|p1a: Arboliva|1/100
|-status|p1a: Arboliva|frz
|
|-weather|Snowscape|[upkeep]
|-item|p1a: Arboliva|Custap Berry|[from] ability: Harvest
|upkeep
|turn|34
|-enditem|p1a: Arboliva|Custap Berry|[eat]
|-activate|p1a: Arboliva|item: Custap Berry|[consumed]
|
|t:|1780986267
|switch|p2a: Slowking|Slowking-Galar, F|75/100
|-curestatus|p1a: Arboliva|frz|[msg]
|move|p1a: Arboliva|Alluring Voice|p2a: Slowking
|-resisted|p2a: Slowking
|-damage|p2a: Slowking|65/100
|
|-weather|Snowscape|[upkeep]
|upkeep
|turn|35
|
|t:|1780986288
|move|p1a: Arboliva|Earth Power|p2a: Slowking
|-supereffective|p2a: Slowking
|-damage|p2a: Slowking|20/100
|move|p2a: Slowking|Sludge Bomb|p1a: Arboliva
|-supereffective|p1a: Arboliva
|-damage|p1a: Arboliva|0 fnt
|faint|p1a: Arboliva
|
|-weather|Snowscape|[upkeep]
|upkeep
|
|t:|1780986310
|switch|p1a: Dragonite|Dragonite, M, tera:Normal|79/100
|turn|36
|
|t:|1780986325
|move|p1a: Dragonite|Earthquake|p2a: Slowking
|-supereffective|p2a: Slowking
|-damage|p2a: Slowking|0 fnt
|faint|p2a: Slowking
|
|-weather|none
|upkeep
|
|t:|1780986329
|switch|p2a: Cinderace|Cinderace, F|100/100
|turn|37
|
|t:|1780986340
|switch|p1a: Gliscor|Gliscor, M|100/100 tox
|-damage|p1a: Gliscor|88/100 tox|[from] Stealth Rock
|move|p2a: Cinderace|U-turn|p1a: Gliscor
|-resisted|p1a: Gliscor
|-damage|p1a: Gliscor|80/100 tox
|
|t:|1780986342
|switch|p2a: Kyurem|Kyurem|35/100|[from] U-turn
|-ability|p2a: Kyurem|Pressure
|
|-heal|p1a: Gliscor|93/100 tox|[from] ability: Poison Heal
|upkeep
|turn|38
|
|t:|1780986353
|switch|p1a: Iron Crown|Iron Crown|12/100
|-damage|p1a: Iron Crown|6/100|[from] Stealth Rock
|move|p2a: Kyurem|Ice Beam|p1a: Iron Crown
|-resisted|p1a: Iron Crown
|-damage|p1a: Iron Crown|0 fnt
|faint|p1a: Iron Crown
|-end|p1a: Iron Crown|Quark Drive|[silent]
|
|upkeep
|
|t:|1780986359
|switch|p1a: Zamazenta|Zamazenta|100/100
|-damage|p1a: Zamazenta|94/100|[from] Stealth Rock
|-ability|p1a: Zamazenta|Dauntless Shield|boost
|-boost|p1a: Zamazenta|def|1
|turn|39
|inactive|Battle timer is ON: inactive players will automatically lose when time's up. (requested by Klopple)
|
|t:|1780986414
|move|p1a: Zamazenta|Close Combat|p2a: Kyurem
|-supereffective|p2a: Kyurem
|-damage|p2a: Kyurem|0 fnt
|-unboost|p1a: Zamazenta|def|1
|-unboost|p1a: Zamazenta|spd|1
|faint|p2a: Kyurem
|
|upkeep
|
|t:|1780986416
|switch|p2a: Cinderace|Cinderace, F|100/100
|turn|40
|
|t:|1780986424
|move|p1a: Zamazenta|Close Combat|p2a: Cinderace
|-damage|p2a: Cinderace|19/100
|-unboost|p1a: Zamazenta|def|1
|-unboost|p1a: Zamazenta|spd|1
|move|p2a: Cinderace|Pyro Ball|p1a: Zamazenta|[miss]
|-miss|p2a: Cinderace|p1a: Zamazenta
|
|upkeep
|turn|41
|
|t:|1780986431
|move|p1a: Zamazenta|Close Combat|p2a: Cinderace
|-damage|p2a: Cinderace|0 fnt
|-unboost|p1a: Zamazenta|def|1
|-unboost|p1a: Zamazenta|spd|1
|faint|p2a: Cinderace
|
|win|Klopple
|raw|Klopple's rating: 1634 &rarr; <strong>1651</strong><br />(+17 for winning)
|raw|JustOut459's rating: 1586 &rarr; <strong>1569</strong><br />(-17 for losing)
|l|☆Klopple
|player|p1|
|l|☆JustOut459
|player|p2|
