|j|☆altyWIN
|j|‽rrbrru
|t:|1781501217
|gametype|singles
|player|p1|altyWIN|backpacker|1564
|player|p2|rrbrru|1|1559
|gen|9
|tier|[Gen 9] OU
|rated|
|rule|HP Percentage Mod: HP is shown in percentages
|rule|Endless Battle Clause: Forcing endless battles is banned
|rule|Species Clause: Limit one of each Pokémon
|rule|OHKO Clause: OHKO moves are banned
|rule|Evasion Items Clause: Evasion items are banned
|rule|Evasion Moves Clause: Evasion moves are banned
|rule|Evasion Abilities Clause: Evasion abilities are banned
|rule|Sleep Moves Clause: Sleep-inducing moves are banned
|clearpoke
|poke|p1|Excadrill, M|
|poke|p1|Tyranitar, M|
|poke|p1|Hydrapple, F|
|poke|p1|Alomomola, L99, M|
|poke|p1|Hatterene, F|
|poke|p1|Zapdos|
|poke|p2|Tyranitar, M|
|poke|p2|Excadrill, F|
|poke|p2|Hydrapple, F|
|poke|p2|Tornadus-Therian, M|
|poke|p2|Alomomola, F|
|poke|p2|Houndstone, M|
|teampreview
|inactive|Battle timer is ON: inactive players will automatically lose when time's up. (requested by altyWIN)
|
|t:|1781501229
|teamsize|p1|6
|teamsize|p2|6
|start
|switch|p1a: FreeCaneMerchant|Zapdos|100/100
|switch|p2a: Excadrill|Excadrill, F|100/100
|turn|1
|
|t:|1781501241
|switch|p2a: Tyranitar|Tyranitar, M|100/100
|-weather|Sandstorm|[from] ability: Sand Stream|[of] p2a: Tyranitar
|move|p1a: FreeCaneMerchant|Hurricane|p2a: Tyranitar
|-resisted|p2a: Tyranitar
|-damage|p2a: Tyranitar|83/100
|
|-weather|Sandstorm|[upkeep]
|-damage|p1a: FreeCaneMerchant|94/100|[from] Sandstorm
|-heal|p2a: Tyranitar|89/100|[from] item: Leftovers
|upkeep
|turn|2
|
|t:|1781501254
|switch|p1a: Cardi B|Alomomola, L99, M|100/100
|move|p2a: Tyranitar|Knock Off|p1a: Cardi B
|-damage|p1a: Cardi B|73/100
|-enditem|p1a: Cardi B|Heavy-Duty Boots|[from] move: Knock Off|[of] p2a: Tyranitar
|
|-weather|Sandstorm|[upkeep]
|-damage|p1a: Cardi B|67/100|[from] Sandstorm
|-heal|p2a: Tyranitar|95/100|[from] item: Leftovers
|upkeep
|turn|3
|
|t:|1781501265
|move|p2a: Tyranitar|Stealth Rock|p1a: Cardi B
|-sidestart|p1: altyWIN|move: Stealth Rock
|move|p1a: Cardi B|Flip Turn|p2a: Tyranitar
|-supereffective|p2a: Tyranitar
|-damage|p2a: Tyranitar|71/100
|
|t:|1781501270
|switch|p1a: Childinthemines|Excadrill, M|100/100|[from] Flip Turn
|-damage|p1a: Childinthemines|97/100|[from] Stealth Rock
|
|-weather|Sandstorm|[upkeep]
|-heal|p2a: Tyranitar|77/100|[from] item: Leftovers
|upkeep
|turn|4
|j| soldyawife
|
|t:|1781501290
|switch|p2a: Houndstone|Houndstone, M|100/100
|move|p1a: Childinthemines|Earthquake|p2a: Houndstone
|-damage|p2a: Houndstone|9/100
|
|-weather|Sandstorm|[upkeep]
|upkeep
|turn|5
|
|t:|1781501301
|switch|p2a: Tornadus|Tornadus-Therian, M|100/100
|move|p1a: Childinthemines|Earthquake|p2a: Tornadus
|-immune|p2a: Tornadus
|
|-weather|none
|upkeep
|turn|6
|
|t:|1781501312
|switch|p1a: Cardi B|Alomomola, L99, M|99/100
|-damage|p1a: Cardi B|88/100|[from] Stealth Rock
|move|p2a: Tornadus|Heat Wave|p1a: Cardi B
|-resisted|p1a: Cardi B
|-damage|p1a: Cardi B|74/100
|
|upkeep
|turn|7
|
|t:|1781501321
|move|p2a: Tornadus|U-turn|p1a: Cardi B
|-damage|p1a: Cardi B|66/100
|
|t:|1781501325
|switch|p2a: Hydrapple|Hydrapple, F|100/100|[from] U-turn
|move|p1a: Cardi B|Flip Turn|p2a: Hydrapple
|-resisted|p2a: Hydrapple
|-damage|p2a: Hydrapple|97/100
|
|t:|1781501350
|switch|p1a: FreeCaneMerchant|Zapdos|94/100|[from] Flip Turn
|-damage|p1a: FreeCaneMerchant|69/100|[from] Stealth Rock
|
|upkeep
|turn|8
|
|t:|1781501372
|switch|p2a: Tyranitar|Tyranitar, M|77/100
|-weather|Sandstorm|[from] ability: Sand Stream|[of] p2a: Tyranitar
|move|p1a: FreeCaneMerchant|Volt Switch|p2a: Tyranitar
|-damage|p2a: Tyranitar|55/100
|
|t:|1781501375
|switch|p1a: Childinthemines|Excadrill, M|97/100|[from] Volt Switch
|-damage|p1a: Childinthemines|94/100|[from] Stealth Rock
|
|-weather|Sandstorm|[upkeep]
|-heal|p2a: Tyranitar|61/100|[from] item: Leftovers
|upkeep
|turn|9
|
|t:|1781501379
|switch|p2a: Houndstone|Houndstone, M|9/100
|move|p1a: Childinthemines|Rock Slide|p2a: Houndstone
|-damage|p2a: Houndstone|0 fnt
|faint|p2a: Houndstone
|
|-weather|Sandstorm|[upkeep]
|upkeep
|
|t:|1781501386
|switch|p2a: Hydrapple|Hydrapple, F|100/100
|turn|10
|
|t:|1781501402
|switch|p1a: Kim K|Hatterene, F|100/100
|-damage|p1a: Kim K|88/100|[from] Stealth Rock
|move|p2a: Hydrapple|Draco Meteor|p1a: Kim K
|-immune|p1a: Kim K
|
|-weather|Sandstorm|[upkeep]
|-damage|p2a: Hydrapple|94/100|[from] Sandstorm
|-damage|p1a: Kim K|82/100|[from] Sandstorm
|upkeep
|turn|11
|
|t:|1781501421
|switch|p2a: Excadrill|Excadrill, F|100/100
|move|p1a: Kim K|Draining Kiss|p2a: Excadrill
|-resisted|p2a: Excadrill
|-damage|p2a: Excadrill|87/100
|-heal|p1a: Kim K|94/100|[from] drain|[of] p2a: Excadrill
|
|-weather|Sandstorm|[upkeep]
|-damage|p1a: Kim K|88/100|[from] Sandstorm
|-heal|p2a: Excadrill|93/100|[from] item: Leftovers
|upkeep
|turn|12
|inactive|rrbrru has 120 seconds left.
|
|t:|1781501456
|switch|p1a: Hydrippy|Hydrapple, F|100/100
|move|p2a: Excadrill|Substitute|p2a: Excadrill
|-start|p2a: Excadrill|Substitute
|-damage|p2a: Excadrill|68/100
|
|-weather|none
|-heal|p2a: Excadrill|74/100|[from] item: Leftovers
|upkeep
|turn|13
|inactive|altyWIN has 120 seconds left.
|
|t:|1781501471
|move|p2a: Excadrill|Rock Slide|p1a: Hydrippy
|-damage|p1a: Hydrippy|84/100
|move|p1a: Hydrippy|Earth Power|p2a: Excadrill
|-supereffective|p2a: Excadrill
|-end|p2a: Excadrill|Substitute
|
|-heal|p2a: Excadrill|80/100|[from] item: Leftovers
|upkeep
|turn|14
|inactive|rrbrru has 120 seconds left.
|
|t:|1781501493
|switch|p2a: Tornadus|Tornadus-Therian, M|100/100
|move|p1a: Hydrippy|Nasty Plot|p1a: Hydrippy
|-boost|p1a: Hydrippy|spa|2
|
|upkeep
|turn|15
|inactive|altyWIN has 120 seconds left.
|
|t:|1781501517
|move|p2a: Tornadus|U-turn|p1a: Hydrippy
|-supereffective|p1a: Hydrippy
|-damage|p1a: Hydrippy|68/100
|
|t:|1781501522
|switch|p2a: Tyranitar|Tyranitar, M|61/100|[from] U-turn
|-weather|Sandstorm|[from] ability: Sand Stream|[of] p2a: Tyranitar
|move|p1a: Hydrippy|Fickle Beam|p2a: Tyranitar
|-damage|p2a: Tyranitar|34/100
|
|-weather|Sandstorm|[upkeep]
|-damage|p1a: Hydrippy|61/100|[from] Sandstorm
|-heal|p2a: Tyranitar|40/100|[from] item: Leftovers
|upkeep
|turn|16
|
|t:|1781501529
|move|p2a: Tyranitar|Ice Beam|p1a: Hydrippy
|-supereffective|p1a: Hydrippy
|-damage|p1a: Hydrippy|0 fnt
|faint|p1a: Hydrippy
|
|-weather|Sandstorm|[upkeep]
|-heal|p2a: Tyranitar|47/100|[from] item: Leftovers
|upkeep
|
|t:|1781501536
|switch|p1a: Childinthemines|Excadrill, M|94/100
|-damage|p1a: Childinthemines|91/100|[from] Stealth Rock
|turn|17
|inactive|altyWIN has 120 seconds left.
|
|t:|1781501556
|switch|p2a: Alomomola|Alomomola, F|100/100
|move|p1a: Childinthemines|X-Scissor|p2a: Alomomola
|-damage|p2a: Alomomola|76/100
|
|-weather|Sandstorm|[upkeep]
|-damage|p2a: Alomomola|70/100|[from] Sandstorm
|upkeep
|turn|18
|inactive|altyWIN has 120 seconds left.
|
|t:|1781501568
|switch|p1a: Cardi B|Alomomola, L99, M|99/100
|-damage|p1a: Cardi B|86/100|[from] Stealth Rock
|move|p2a: Alomomola|Wish|p2a: Alomomola
|
|-weather|Sandstorm|[upkeep]
|-damage|p2a: Alomomola|64/100|[from] Sandstorm
|-damage|p1a: Cardi B|80/100|[from] Sandstorm
|upkeep
|turn|19
|inactive|altyWIN has 120 seconds left.
|
|t:|1781501593
|switch|p1a: Goatyranny|Tyranitar, M|100/100
|-damage|p1a: Goatyranny|88/100|[from] Stealth Rock
|move|p2a: Alomomola|Flip Turn|p1a: Goatyranny
|-supereffective|p1a: Goatyranny
|-crit|p1a: Goatyranny
|-damage|p1a: Goatyranny|44/100
|
|t:|1781501616
|switch|p2a: Tyranitar|Tyranitar, M|47/100|[from] Flip Turn
|
|-weather|none
|-heal|p2a: Tyranitar|100/100|[from] move: Wish|[wisher] Alomomola
|upkeep
|turn|20
|
|t:|1781501631
|switch|p2a: Tornadus|Tornadus-Therian, M|100/100
|move|p1a: Goatyranny|Low Kick|p2a: Tornadus
|-resisted|p2a: Tornadus
|-damage|p2a: Tornadus|76/100
|
|upkeep
|turn|21
|
|t:|1781501661
|switch|p1a: Cardi B|Alomomola, L99, M|100/100
|-damage|p1a: Cardi B|88/100|[from] Stealth Rock
|move|p2a: Tornadus|U-turn|p1a: Cardi B
|-damage|p1a: Cardi B|80/100
|
|t:|1781501664
|switch|p2a: Hydrapple|Hydrapple, F|100/100|[from] U-turn
|
|upkeep
|turn|22
|inactive|rrbrru has 120 seconds left.
|
|t:|1781501687
|switch|p1a: Kim K|Hatterene, F|88/100
|-damage|p1a: Kim K|76/100|[from] Stealth Rock
|move|p2a: Hydrapple|Giga Drain|p1a: Kim K
|-damage|p1a: Kim K|50/100
|
|upkeep
|turn|23
|
|t:|1781501700
|-terastallize|p2a: Hydrapple|Steel
|move|p2a: Hydrapple|Nasty Plot|p2a: Hydrapple
|-boost|p2a: Hydrapple|spa|2
|move|p1a: Kim K|Mystical Fire|p2a: Hydrapple
|-supereffective|p2a: Hydrapple
|-damage|p2a: Hydrapple|58/100
|-unboost|p2a: Hydrapple|spa|1
|-enditem|p2a: Hydrapple|Eject Pack
|
|t:|1781501711
|switch|p2a: Excadrill|Excadrill, F|80/100
|
|-heal|p2a: Excadrill|86/100|[from] item: Leftovers
|upkeep
|turn|24
|
|t:|1781501731
|-terastallize|p1a: Kim K|Water
|move|p2a: Excadrill|Earthquake|p1a: Kim K
|-damage|p1a: Kim K|0 fnt
|faint|p1a: Kim K
|
|-heal|p2a: Excadrill|92/100|[from] item: Leftovers
|upkeep
|
|t:|1781501748
|switch|p1a: Cardi B|Alomomola, L99, M|100/100
|-damage|p1a: Cardi B|88/100|[from] Stealth Rock
|turn|25
|
|t:|1781501757
|switch|p2a: Hydrapple|Hydrapple, F, tera:Steel|91/100
|move|p1a: Cardi B|Wish|p1a: Cardi B
|
|upkeep
|turn|26
|
|t:|1781501761
|move|p2a: Hydrapple|Nasty Plot|p2a: Hydrapple
|-boost|p2a: Hydrapple|spa|2
|move|p1a: Cardi B|Flip Turn|p2a: Hydrapple
|-damage|p2a: Hydrapple|80/100
|
|t:|1781501763
|switch|p1a: Goatyranny|Tyranitar, M|44/100|[from] Flip Turn
|-damage|p1a: Goatyranny|31/100|[from] Stealth Rock
|-weather|Sandstorm|[from] ability: Sand Stream|[of] p1a: Goatyranny
|
|-weather|Sandstorm|[upkeep]
|-heal|p1a: Goatyranny|100/100|[from] move: Wish|[wisher] Cardi B
|upkeep
|turn|27
|inactive|altyWIN has 120 seconds left.
|
|t:|1781501782
|move|p1a: Goatyranny|Low Kick|p2a: Hydrapple
|-supereffective|p2a: Hydrapple
|-damage|p2a: Hydrapple|15/100
|move|p2a: Hydrapple|Giga Drain|p1a: Goatyranny
|-supereffective|p1a: Goatyranny
|-damage|p1a: Goatyranny|0 fnt
|-heal|p2a: Hydrapple|57/100|[from] drain|[of] p1a: Goatyranny
|faint|p1a: Goatyranny
|
|-weather|Sandstorm|[upkeep]
|upkeep
|
|t:|1781501796
|switch|p1a: Childinthemines|Excadrill, M|91/100
|-damage|p1a: Childinthemines|88/100|[from] Stealth Rock
|turn|28
|
|t:|1781501815
|switch|p2a: Alomomola|Alomomola, F|97/100
|move|p1a: Childinthemines|Earthquake|p2a: Alomomola
|-damage|p2a: Alomomola|48/100
|
|-weather|Sandstorm|[upkeep]
|-damage|p2a: Alomomola|42/100|[from] Sandstorm
|upkeep
|turn|29
|inactive|altyWIN has 120 seconds left.
|
|t:|1781501821
|switch|p1a: FreeCaneMerchant|Zapdos|69/100
|-damage|p1a: FreeCaneMerchant|45/100|[from] Stealth Rock
|switch|p2a: Tornadus|Tornadus-Therian, M|100/100
|
|-weather|Sandstorm|[upkeep]
|-damage|p2a: Tornadus|94/100|[from] Sandstorm
|-damage|p1a: FreeCaneMerchant|38/100|[from] Sandstorm
|upkeep
|turn|30
|j| isaac_gam3r
|inactive|altyWIN has 120 seconds left.
|
|t:|1781501834
|move|p2a: Tornadus|U-turn|p1a: FreeCaneMerchant
|-resisted|p1a: FreeCaneMerchant
|-damage|p1a: FreeCaneMerchant|29/100
|
|t:|1781501847
|switch|p2a: Tyranitar|Tyranitar, M|100/100|[from] U-turn
|move|p1a: FreeCaneMerchant|Hurricane|p2a: Tyranitar
|-resisted|p2a: Tyranitar
|-damage|p2a: Tyranitar|83/100
|-start|p2a: Tyranitar|confusion
|
|-weather|none
|-heal|p2a: Tyranitar|89/100|[from] item: Leftovers
|upkeep
|turn|31
|
|t:|1781501850
|switch|p1a: Cardi B|Alomomola, L99, M|100/100
|-damage|p1a: Cardi B|88/100|[from] Stealth Rock
|-activate|p2a: Tyranitar|confusion
|-damage|p2a: Tyranitar|78/100|[from] confusion
|
|-heal|p2a: Tyranitar|84/100|[from] item: Leftovers
|upkeep
|turn|32
|
|t:|1781501855
|switch|p2a: Hydrapple|Hydrapple, F, tera:Steel|90/100
|move|p1a: Cardi B|Wish|p1a: Cardi B
|
|upkeep
|turn|33
|
|t:|1781501857
|move|p2a: Hydrapple|Giga Drain|p1a: Cardi B
|-supereffective|p1a: Cardi B
|-damage|p1a: Cardi B|0 fnt
|-heal|p2a: Hydrapple|100/100|[from] drain|[of] p1a: Cardi B
|faint|p1a: Cardi B
|
|upkeep
|
|t:|1781501860
|switch|p1a: FreeCaneMerchant|Zapdos|29/100
|-damage|p1a: FreeCaneMerchant|4/100|[from] Stealth Rock
|turn|34
|
|t:|1781501866
|switch|p2a: Alomomola|Alomomola, F|76/100
|move|p1a: FreeCaneMerchant|Thunderbolt|p2a: Alomomola
|-supereffective|p2a: Alomomola
|-damage|p2a: Alomomola|0 fnt
|faint|p2a: Alomomola
|
|upkeep
|
|t:|1781501870
|switch|p2a: Tyranitar|Tyranitar, M|84/100
|-weather|Sandstorm|[from] ability: Sand Stream|[of] p2a: Tyranitar
|turn|35
|l| isaac_gam3r
|
|t:|1781501873
|move|p1a: FreeCaneMerchant|Thunderbolt|p2a: Tyranitar
|-damage|p2a: Tyranitar|55/100
|move|p2a: Tyranitar|Low Kick|p1a: FreeCaneMerchant
|-resisted|p1a: FreeCaneMerchant
|-damage|p1a: FreeCaneMerchant|0 fnt
|-status|p2a: Tyranitar|par|[from] ability: Static|[of] p1a: FreeCaneMerchant
|faint|p1a: FreeCaneMerchant
|
|-weather|Sandstorm|[upkeep]
|-heal|p2a: Tyranitar|61/100 par|[from] item: Leftovers
|upkeep
|
|t:|1781501875
|switch|p1a: Childinthemines|Excadrill, M|88/100
|-damage|p1a: Childinthemines|85/100|[from] Stealth Rock
|turn|36
|
|t:|1781501888
|move|p1a: Childinthemines|Iron Head|p2a: Tyranitar
|-supereffective|p2a: Tyranitar
|-damage|p2a: Tyranitar|0 fnt
|faint|p2a: Tyranitar
|
|-weather|Sandstorm|[upkeep]
|upkeep
|
|t:|1781501894
|switch|p2a: Hydrapple|Hydrapple, F, tera:Steel|100/100
|turn|37
|
|t:|1781501895
|move|p1a: Childinthemines|Iron Head|p2a: Hydrapple
|-resisted|p2a: Hydrapple
|-damage|p2a: Hydrapple|79/100
|move|p2a: Hydrapple|Earth Power|p1a: Childinthemines
|-supereffective|p1a: Childinthemines
|-damage|p1a: Childinthemines|0 fnt
|faint|p1a: Childinthemines
|
|win|rrbrru
|raw|altyWIN's rating: 1564 &rarr; <strong>1544</strong><br />(-20 for losing)
|raw|rrbrru's rating: 1559 &rarr; <strong>1579</strong><br />(+20 for winning)
|l|☆altyWIN
|player|p1|
|l| soldyawife
|l|‽rrbrru
|player|p2|
