|j|☆LanceStern
|j|☆fantominus83
|t:|1780983441
|gametype|singles
|player|p1|LanceStern|brock|1613
|player|p2|fantominus83|grimsley|1602
|gen|9
|tier|[Gen 9] OU
|rated|
|rule|HP Percentage Mod: HP is shown in percentages
|rule|Endless Battle Clause: Forcing endless battles is banned
|rule|Species Clause: Limit one of each Pokémon
|rule|OHKO Clause: OHKO moves are banned
|rule|Evasion Items Clause: Evasion items are banned
|rule|Evasion Moves Clause: Evasion moves are banned
|rule|Evasion Abilities Clause: Evasion abilities are banned
|rule|Sleep Moves Clause: Sleep-inducing moves are banned
|clearpoke
|poke|p1|Deoxys-Speed|
|poke|p1|Iron Moth|
|poke|p1|Samurott-Hisui, F|
|poke|p1|Great Tusk|
|poke|p1|Scizor, F|
|poke|p1|Sinistcha-Masterpiece|
|poke|p2|Great Tusk|
|poke|p2|Hatterene, F|
|poke|p2|Ceruledge, F|
|poke|p2|Iron Crown|
|poke|p2|Manaphy|
|poke|p2|Ninetales-Alola, M|
|teampreview
|
|t:|1780983464
|teamsize|p1|6
|teamsize|p2|6
|start
|switch|p1a: Scizor|Scizor, F|100/100
|switch|p2a: Manaphy|Manaphy|100/100
|turn|1
|
|t:|1780983468
|move|p2a: Manaphy|Tail Glow|p2a: Manaphy
|-boost|p2a: Manaphy|spa|3
|move|p1a: Scizor|U-turn|p2a: Manaphy
|-damage|p2a: Manaphy|38/100
|
|t:|1780983477
|switch|p1a: Samurott|Samurott-Hisui, F|100/100|[from] U-turn
|
|-heal|p2a: Manaphy|44/100|[from] item: Leftovers
|upkeep
|turn|2
|
|t:|1780983480
|move|p2a: Manaphy|Alluring Voice|p1a: Samurott
|-supereffective|p1a: Samurott
|-enditem|p1a: Samurott|Focus Sash
|-damage|p1a: Samurott|1/100
|move|p1a: Samurott|Encore|p2a: Manaphy
|-start|p2a: Manaphy|Encore
|
|-heal|p2a: Manaphy|50/100|[from] item: Leftovers
|upkeep
|turn|3
|
|t:|1780983484
|move|p2a: Manaphy|Alluring Voice|p1a: Samurott
|-supereffective|p1a: Samurott
|-damage|p1a: Samurott|0 fnt
|faint|p1a: Samurott
|
|-heal|p2a: Manaphy|57/100|[from] item: Leftovers
|upkeep
|
|t:|1780983492
|switch|p1a: Deoxys|Deoxys-Speed|100/100
|-ability|p1a: Deoxys|Pressure
|turn|4
|
|t:|1780983495
|move|p1a: Deoxys|Thunderbolt|p2a: Manaphy
|-supereffective|p2a: Manaphy
|-damage|p2a: Manaphy|0 fnt
|faint|p2a: Manaphy
|
|upkeep
|
|t:|1780983513
|switch|p2a: Ninetales|Ninetales-Alola, M|100/100
|-weather|Snowscape|[from] ability: Snow Warning|[of] p2a: Ninetales
|turn|5
|inactive|Battle timer is ON: inactive players will automatically lose when time's up. (requested by fantominus83)
|
|t:|1780983520
|switch|p1a: Scizor|Scizor, F|100/100
|move|p2a: Ninetales|Aurora Veil|p2a: Ninetales
|-sidestart|p2: fantominus83|move: Aurora Veil
|
|-weather|Snowscape|[upkeep]
|upkeep
|turn|6
|j| nemesiiis
|l| nemesiiis
|inactive|fantominus83 has 120 seconds left.
|
|t:|1780983553
|switch|p2a: Great Tusk|Great Tusk|100/100
|-enditem|p2a: Great Tusk|Booster Energy
|-activate|p2a: Great Tusk|ability: Protosynthesis|[fromitem]
|-start|p2a: Great Tusk|protosynthesisspe
|move|p1a: Scizor|Knock Off|p2a: Great Tusk
|-resisted|p2a: Great Tusk
|-damage|p2a: Great Tusk|95/100
|
|-weather|Snowscape|[upkeep]
|upkeep
|turn|7
|
|t:|1780983563
|switch|p1a: Sinistcha|Sinistcha-Masterpiece|100/100
|move|p2a: Great Tusk|Bulk Up|p2a: Great Tusk
|-boost|p2a: Great Tusk|atk|1
|-boost|p2a: Great Tusk|def|1
|
|-weather|Snowscape|[upkeep]
|upkeep
|turn|8
|
|t:|1780983568
|move|p2a: Great Tusk|Bulk Up|p2a: Great Tusk
|-boost|p2a: Great Tusk|atk|1
|-boost|p2a: Great Tusk|def|1
|move|p1a: Sinistcha|Strength Sap|p2a: Great Tusk
|-unboost|p2a: Great Tusk|atk|1
|
|-weather|Snowscape|[upkeep]
|upkeep
|turn|9
|
|t:|1780983572
|move|p2a: Great Tusk|Bulk Up|p2a: Great Tusk
|-boost|p2a: Great Tusk|atk|1
|-boost|p2a: Great Tusk|def|1
|move|p1a: Sinistcha|Strength Sap|p2a: Great Tusk
|-unboost|p2a: Great Tusk|atk|1
|
|-weather|none
|upkeep
|turn|10
|
|t:|1780983574
|move|p2a: Great Tusk|Ice Spinner|p1a: Sinistcha
|-supereffective|p1a: Sinistcha
|-damage|p1a: Sinistcha|45/100
|move|p1a: Sinistcha|Strength Sap|p2a: Great Tusk
|-unboost|p2a: Great Tusk|atk|1
|-heal|p1a: Sinistcha|100/100
|
|upkeep
|turn|11
|
|t:|1780983576
|move|p2a: Great Tusk|Bulk Up|p2a: Great Tusk
|-boost|p2a: Great Tusk|atk|1
|-boost|p2a: Great Tusk|def|1
|move|p1a: Sinistcha|Strength Sap|p2a: Great Tusk
|-unboost|p2a: Great Tusk|atk|1
|
|upkeep
|turn|12
|
|t:|1780983579
|move|p2a: Great Tusk|Bulk Up|p2a: Great Tusk
|-boost|p2a: Great Tusk|atk|1
|-boost|p2a: Great Tusk|def|1
|move|p1a: Sinistcha|Trick Room|p1a: Sinistcha
|-fieldstart|move: Trick Room|[of] p1a: Sinistcha
|
|-sideend|p2: fantominus83|move: Aurora Veil
|upkeep
|turn|13
|j| QD KING
|
|t:|1780983582
|-end|p2a: Great Tusk|Protosynthesis|[silent]
|switch|p2a: Ninetales|Ninetales-Alola, M|100/100
|-weather|Snowscape|[from] ability: Snow Warning|[of] p2a: Ninetales
|move|p1a: Sinistcha|Matcha Gotcha|p2a: Ninetales
|-damage|p2a: Ninetales|65/100
|
|-weather|Snowscape|[upkeep]
|upkeep
|turn|14
|
|t:|1780983591
|switch|p1a: Scizor|Scizor, F|100/100
|move|p2a: Ninetales|Aurora Veil|p2a: Ninetales
|-sidestart|p2: fantominus83|move: Aurora Veil
|
|-weather|Snowscape|[upkeep]
|upkeep
|turn|15
|
|t:|1780983595
|switch|p2a: Great Tusk|Great Tusk|95/100
|move|p1a: Scizor|Knock Off|p2a: Great Tusk
|-resisted|p2a: Great Tusk
|-damage|p2a: Great Tusk|89/100
|
|-weather|Snowscape|[upkeep]
|upkeep
|turn|16
|
|t:|1780983600
|switch|p1a: Sinistcha|Sinistcha-Masterpiece|100/100
|-end|p2a: Great Tusk|Protosynthesis|[silent]
|switch|p2a: Ceruledge|Ceruledge, F|100/100
|
|-weather|Snowscape|[upkeep]
|-fieldend|move: Trick Room
|upkeep
|turn|17
|
|t:|1780983604
|move|p2a: Ceruledge|Swords Dance|p2a: Ceruledge
|-boost|p2a: Ceruledge|atk|2
|move|p1a: Sinistcha|Shadow Ball|p2a: Ceruledge
|-supereffective|p2a: Ceruledge
|-damage|p2a: Ceruledge|58/100
|-unboost|p2a: Ceruledge|spd|1
|
|-weather|none
|upkeep
|turn|18
|
|t:|1780983612
|switch|p1a: Great Tusk|Great Tusk|100/100
|move|p2a: Ceruledge|Poltergeist|p1a: Great Tusk
|-activate|p1a: Great Tusk|move: Poltergeist|Rocky Helmet
|-damage|p1a: Great Tusk|16/100
|-damage|p2a: Ceruledge|48/100|[from] item: Life Orb
|
|upkeep
|turn|19
|
|t:|1780983616
|move|p2a: Ceruledge|Shadow Sneak|p1a: Great Tusk
|-damage|p1a: Great Tusk|0 fnt
|-damage|p2a: Ceruledge|32/100|[from] item: Rocky Helmet|[of] p1a: Great Tusk
|faint|p1a: Great Tusk
|-end|p1a: Great Tusk|Protosynthesis|[silent]
|-damage|p2a: Ceruledge|22/100|[from] item: Life Orb
|
|upkeep
|
|t:|1780983619
|switch|p1a: Scizor|Scizor, F|100/100
|turn|20
|
|t:|1780983623
|move|p1a: Scizor|Bullet Punch|p2a: Ceruledge
|-resisted|p2a: Ceruledge
|-damage|p2a: Ceruledge|5/100
|-ability|p2a: Ceruledge|Weak Armor|boost
|-unboost|p2a: Ceruledge|def|1
|-boost|p2a: Ceruledge|spe|2
|move|p2a: Ceruledge|Bitter Blade|p1a: Scizor
|-supereffective|p1a: Scizor
|-damage|p1a: Scizor|0 fnt
|-heal|p2a: Ceruledge|64/100|[from] drain|[of] p1a: Scizor
|faint|p1a: Scizor
|-damage|p2a: Ceruledge|54/100|[from] item: Life Orb
|
|upkeep
|
|t:|1780983630
|switch|p1a: Sinistcha|Sinistcha-Masterpiece|100/100
|turn|21
|
|t:|1780983637
|move|p2a: Ceruledge|Poltergeist|p1a: Sinistcha
|-activate|p1a: Sinistcha|move: Poltergeist|Covert Cloak
|-supereffective|p1a: Sinistcha
|-damage|p1a: Sinistcha|0 fnt
|faint|p1a: Sinistcha
|-damage|p2a: Ceruledge|44/100|[from] item: Life Orb
|
|-sideend|p2: fantominus83|move: Aurora Veil
|upkeep
|
|t:|1780983642
|switch|p1a: Iron Moth|Iron Moth|100/100
|-enditem|p1a: Iron Moth|Booster Energy
|-activate|p1a: Iron Moth|ability: Quark Drive|[fromitem]
|-start|p1a: Iron Moth|quarkdrivespe
|turn|22
|
|t:|1780983663
|move|p2a: Ceruledge|Bitter Blade|p1a: Iron Moth
|-resisted|p1a: Iron Moth
|-damage|p1a: Iron Moth|22/100
|-heal|p2a: Ceruledge|86/100|[from] drain|[of] p1a: Iron Moth
|-damage|p2a: Ceruledge|76/100|[from] item: Life Orb
|move|p1a: Iron Moth|Sludge Wave|p2a: Ceruledge
|-resisted|p2a: Ceruledge
|-damage|p2a: Ceruledge|36/100
|
|upkeep
|turn|23
|
|t:|1780983670
|move|p2a: Ceruledge|Bitter Blade|p1a: Iron Moth
|-resisted|p1a: Iron Moth
|-damage|p1a: Iron Moth|0 fnt
|-heal|p2a: Ceruledge|47/100|[from] drain|[of] p1a: Iron Moth
|faint|p1a: Iron Moth
|-end|p1a: Iron Moth|Quark Drive|[silent]
|-damage|p2a: Ceruledge|37/100|[from] item: Life Orb
|
|upkeep
|
|t:|1780983673
|switch|p1a: Deoxys|Deoxys-Speed|100/100
|-ability|p1a: Deoxys|Pressure
|turn|24
|
|t:|1780983675
|move|p2a: Ceruledge|Bitter Blade|p1a: Deoxys
|-crit|p1a: Deoxys
|-damage|p1a: Deoxys|0 fnt
|-heal|p2a: Ceruledge|79/100|[from] drain|[of] p1a: Deoxys
|faint|p1a: Deoxys
|-damage|p2a: Ceruledge|69/100|[from] item: Life Orb
|
|win|fantominus83
|raw|LanceStern's rating: 1613 &rarr; <strong>1592</strong><br />(-21 for losing)
|raw|fantominus83's rating: 1602 &rarr; <strong>1623</strong><br />(+21 for winning)
|l|☆fantominus83
|player|p2|
|l|☆LanceStern
|player|p1|
