|j|☆Mky27
|j|‽susik09
|t:|1781445184
|gametype|singles
|player|p1|Mky27|ltsurge|1584
|player|p2|susik09|harlequin|1570
|gen|9
|tier|[Gen 9] OU
|rated|
|rule|HP Percentage Mod: HP is shown in percentages
|rule|Endless Battle Clause: Forcing endless battles is banned
|rule|Species Clause: Limit one of each Pokémon
|rule|OHKO Clause: OHKO moves are banned
|rule|Evasion Items Clause: Evasion items are banned
|rule|Evasion Moves Clause: Evasion moves are banned
|rule|Evasion Abilities Clause: Evasion abilities are banned
|rule|Sleep Moves Clause: Sleep-inducing moves are banned
|clearpoke
|poke|p1|Alomomola, F|
|poke|p1|Ting-Lu|
|poke|p1|Cinderace, M|
|poke|p1|Trevenant, M|
|poke|p1|Glimmora, F|
|poke|p1|Gholdengo|
|poke|p2|Raging Bolt|
|poke|p2|Rillaboom, F|
|poke|p2|Blissey, F|
|poke|p2|Moltres|
|poke|p2|Great Tusk|
|poke|p2|Garganacl, F|
|teampreview
|inactive|Battle timer is ON: inactive players will automatically lose when time's up. (requested by Mky27)
|
|t:|1781445194
|teamsize|p1|6
|teamsize|p2|6
|start
|switch|p1a: Ting-Lu|Ting-Lu|100/100
|switch|p2a: Great Tusk|Great Tusk, shiny|100/100
|-ability|p1a: Ting-Lu|Vessel of Ruin
|turn|1
|
|t:|1781445202
|move|p2a: Great Tusk|Stealth Rock|p1a: Ting-Lu
|-sidestart|p1: Mky27|move: Stealth Rock
|move|p1a: Ting-Lu|Spikes|p2a: Great Tusk
|-sidestart|p2: susik09|Spikes
|
|upkeep
|turn|2
|
|t:|1781445207
|move|p2a: Great Tusk|Rapid Spin|p1a: Ting-Lu
|-damage|p1a: Ting-Lu|91/100
|-boost|p2a: Great Tusk|spe|1
|-sideend|p2: susik09|Spikes|[from] move: Rapid Spin|[of] p2a: Great Tusk
|move|p1a: Ting-Lu|Spikes|p2a: Great Tusk
|-sidestart|p2: susik09|Spikes
|
|-heal|p1a: Ting-Lu|97/100|[from] item: Leftovers
|upkeep
|turn|3
|
|t:|1781445219
|switch|p1a: Trevenant|Trevenant, M|100/100
|-damage|p1a: Trevenant|88/100|[from] Stealth Rock
|move|p2a: Great Tusk|Close Combat|p1a: Trevenant
|-immune|p1a: Trevenant
|
|upkeep
|turn|4
|
|t:|1781445232
|-end|p2a: Great Tusk|Protosynthesis|[silent]
|switch|p2a: Moltres|Moltres, shiny|100/100
|move|p1a: Trevenant|Leech Seed|p2a: Moltres
|-start|p2a: Moltres|move: Leech Seed
|
|-damage|p2a: Moltres|88/100|[from] Leech Seed|[of] p1a: Trevenant
|-heal|p1a: Trevenant|100/100|[silent]
|upkeep
|turn|5
|
|t:|1781445243
|move|p2a: Moltres|U-turn|p1a: Trevenant
|-damage|p1a: Trevenant|89/100
|
|t:|1781445252
|switch|p2a: Rillaboom|Rillaboom, F, shiny|100/100|[from] U-turn
|-damage|p2a: Rillaboom|88/100|[from] Spikes
|-fieldstart|move: Grassy Terrain|[from] ability: Grassy Surge|[of] p2a: Rillaboom
|move|p1a: Trevenant|Will-O-Wisp|p2a: Rillaboom
|-status|p2a: Rillaboom|brn
|
|-heal|p2a: Rillaboom|94/100 brn|[from] Grassy Terrain
|-heal|p1a: Trevenant|95/100|[from] Grassy Terrain
|-damage|p2a: Rillaboom|88/100 brn|[from] brn
|upkeep
|turn|6
|
|t:|1781445267
|switch|p1a: Alomomola|Alomomola, F|100/100
|-damage|p1a: Alomomola|88/100|[from] Stealth Rock
|move|p2a: Rillaboom|Knock Off|p1a: Alomomola
|-damage|p1a: Alomomola|75/100
|-damage|p2a: Rillaboom|72/100 brn|[from] item: Rocky Helmet|[of] p1a: Alomomola
|-enditem|p1a: Alomomola|Rocky Helmet|[from] move: Knock Off|[of] p2a: Rillaboom
|
|-heal|p2a: Rillaboom|78/100 brn|[from] Grassy Terrain
|-heal|p1a: Alomomola|81/100|[from] Grassy Terrain
|-damage|p2a: Rillaboom|72/100 brn|[from] brn
|upkeep
|turn|7
|
|t:|1781445280
|switch|p2a: Raging Bolt|Raging Bolt|100/100
|-damage|p2a: Raging Bolt|88/100|[from] Spikes
|move|p1a: Alomomola|Flip Turn|p2a: Raging Bolt
|-resisted|p2a: Raging Bolt
|-damage|p2a: Raging Bolt|82/100
|
|t:|1781445288
|switch|p1a: Ting-Lu|Ting-Lu|97/100|[from] Flip Turn
|-damage|p1a: Ting-Lu|91/100|[from] Stealth Rock
|-ability|p1a: Ting-Lu|Vessel of Ruin
|
|-heal|p2a: Raging Bolt|88/100|[from] Grassy Terrain
|-heal|p1a: Ting-Lu|97/100|[from] Grassy Terrain
|-heal|p1a: Ting-Lu|100/100|[from] item: Leftovers
|upkeep
|turn|8
|
|t:|1781445299
|move|p2a: Raging Bolt|Draco Meteor|p1a: Ting-Lu
|-crit|p1a: Ting-Lu
|-damage|p1a: Ting-Lu|22/100
|-unboost|p2a: Raging Bolt|spa|2
|move|p1a: Ting-Lu|Spikes|p2a: Raging Bolt
|-sidestart|p2: susik09|Spikes
|
|-heal|p2a: Raging Bolt|94/100|[from] Grassy Terrain
|-heal|p1a: Ting-Lu|28/100|[from] Grassy Terrain
|-heal|p1a: Ting-Lu|34/100|[from] item: Leftovers
|upkeep
|turn|9
|
|t:|1781445313
|-end|p2a: Raging Bolt|Protosynthesis|[silent]
|switch|p2a: Great Tusk|Great Tusk, shiny|100/100
|switch|p1a: Gholdengo|Gholdengo|100/100
|-damage|p1a: Gholdengo|95/100|[from] Stealth Rock
|
|-heal|p1a: Gholdengo|100/100|[from] Grassy Terrain
|-fieldend|move: Grassy Terrain
|upkeep
|turn|10
|
|t:|1781445325
|switch|p1a: Trevenant|Trevenant, M|95/100
|-damage|p1a: Trevenant|83/100|[from] Stealth Rock
|move|p2a: Great Tusk|Headlong Rush|p1a: Trevenant
|-resisted|p1a: Trevenant
|-damage|p1a: Trevenant|58/100
|-unboost|p2a: Great Tusk|def|1
|-unboost|p2a: Great Tusk|spd|1
|
|upkeep
|turn|11
|
|t:|1781445339
|-end|p2a: Great Tusk|Protosynthesis|[silent]
|switch|p2a: Rillaboom|Rillaboom, F, shiny|72/100 brn
|-damage|p2a: Rillaboom|55/100 brn|[from] Spikes
|-fieldstart|move: Grassy Terrain|[from] ability: Grassy Surge|[of] p2a: Rillaboom
|switch|p1a: Alomomola|Alomomola, F|100/100
|-damage|p1a: Alomomola|88/100|[from] Stealth Rock
|
|-heal|p2a: Rillaboom|61/100 brn|[from] Grassy Terrain
|-heal|p1a: Alomomola|94/100|[from] Grassy Terrain
|-damage|p2a: Rillaboom|55/100 brn|[from] brn
|upkeep
|turn|12
|
|t:|1781445352
|move|p2a: Rillaboom|Grassy Glide|p1a: Alomomola
|-supereffective|p1a: Alomomola
|-damage|p1a: Alomomola|62/100
|move|p1a: Alomomola|Wish|p1a: Alomomola
|
|-heal|p2a: Rillaboom|61/100 brn|[from] Grassy Terrain
|-heal|p1a: Alomomola|68/100|[from] Grassy Terrain
|-damage|p2a: Rillaboom|55/100 brn|[from] brn
|upkeep
|turn|13
|
|t:|1781445363
|switch|p2a: Great Tusk|Great Tusk, shiny|100/100
|move|p1a: Alomomola|Flip Turn|p2a: Great Tusk
|-supereffective|p2a: Great Tusk
|-damage|p2a: Great Tusk|79/100
|
|t:|1781445371
|switch|p1a: Ting-Lu|Ting-Lu|34/100|[from] Flip Turn
|-damage|p1a: Ting-Lu|28/100|[from] Stealth Rock
|-ability|p1a: Ting-Lu|Vessel of Ruin
|
|-heal|p1a: Ting-Lu|80/100|[from] move: Wish|[wisher] Alomomola
|-heal|p2a: Great Tusk|86/100|[from] Grassy Terrain
|-heal|p1a: Ting-Lu|87/100|[from] Grassy Terrain
|-heal|p1a: Ting-Lu|93/100|[from] item: Leftovers
|upkeep
|turn|14
|
|t:|1781445388
|-end|p2a: Great Tusk|Protosynthesis|[silent]
|switch|p2a: Raging Bolt|Raging Bolt|94/100
|-damage|p2a: Raging Bolt|77/100|[from] Spikes
|switch|p1a: Trevenant|Trevenant, M|58/100
|-damage|p1a: Trevenant|45/100|[from] Stealth Rock
|-enditem|p1a: Trevenant|Sitrus Berry|[eat]
|-heal|p1a: Trevenant|70/100|[from] item: Sitrus Berry
|
|-heal|p2a: Raging Bolt|83/100|[from] Grassy Terrain
|-heal|p1a: Trevenant|76/100|[from] Grassy Terrain
|upkeep
|turn|15
|
|t:|1781445405
|switch|p1a: Ting-Lu|Ting-Lu|93/100
|-damage|p1a: Ting-Lu|87/100|[from] Stealth Rock
|-ability|p1a: Ting-Lu|Vessel of Ruin
|move|p2a: Raging Bolt|Draco Meteor|p1a: Ting-Lu
|-damage|p1a: Ting-Lu|42/100
|-unboost|p2a: Raging Bolt|spa|2
|
|-heal|p2a: Raging Bolt|90/100|[from] Grassy Terrain
|-heal|p1a: Ting-Lu|48/100|[from] Grassy Terrain
|-heal|p1a: Ting-Lu|54/100|[from] item: Leftovers
|-fieldend|move: Grassy Terrain
|upkeep
|turn|16
|
|t:|1781445429
|-end|p2a: Raging Bolt|Protosynthesis|[silent]
|switch|p2a: Great Tusk|Great Tusk, shiny|86/100
|move|p1a: Ting-Lu|Spikes|p2a: Great Tusk
|-sidestart|p2: susik09|Spikes
|
|-heal|p1a: Ting-Lu|61/100|[from] item: Leftovers
|upkeep
|turn|17
|
|t:|1781445438
|-end|p2a: Great Tusk|Protosynthesis|[silent]
|switch|p2a: Raging Bolt|Raging Bolt|90/100
|-damage|p2a: Raging Bolt|65/100|[from] Spikes
|switch|p1a: Trevenant|Trevenant, M|76/100
|-damage|p1a: Trevenant|64/100|[from] Stealth Rock
|
|-item|p1a: Trevenant|Sitrus Berry|[from] ability: Harvest
|upkeep
|turn|18
|
|t:|1781445449
|switch|p1a: Gholdengo|Gholdengo|100/100
|-damage|p1a: Gholdengo|95/100|[from] Stealth Rock
|move|p2a: Raging Bolt|Draco Meteor|p1a: Gholdengo
|-resisted|p1a: Gholdengo
|-damage|p1a: Gholdengo|22/100
|-unboost|p2a: Raging Bolt|spa|2
|
|upkeep
|turn|19
|
|t:|1781445465
|switch|p1a: Ting-Lu|Ting-Lu|61/100
|-damage|p1a: Ting-Lu|54/100|[from] Stealth Rock
|-ability|p1a: Ting-Lu|Vessel of Ruin
|move|p2a: Raging Bolt|Draco Meteor|p1a: Ting-Lu
|-damage|p1a: Ting-Lu|29/100
|-unboost|p2a: Raging Bolt|spa|2
|
|-heal|p1a: Ting-Lu|35/100|[from] item: Leftovers
|upkeep
|turn|20
|
|t:|1781445483
|-end|p2a: Raging Bolt|Protosynthesis|[silent]
|switch|p2a: Great Tusk|Great Tusk, shiny|86/100
|move|p1a: Ting-Lu|Whirlwind|p2a: Great Tusk
|-end|p2a: Great Tusk|Protosynthesis|[silent]
|drag|p2a: Blissey|Blissey, F|100/100
|-damage|p2a: Blissey|75/100|[from] Spikes
|
|-heal|p2a: Blissey|82/100|[from] item: Leftovers
|-heal|p1a: Ting-Lu|42/100|[from] item: Leftovers
|upkeep
|turn|21
|inactive|Mky27 has 120 seconds left.
|
|t:|1781445499
|move|p2a: Blissey|Heal Bell|p2a: Blissey
|-activate|p2a: Blissey|move: Heal Bell
|-curestatus|p2: Rillaboom|brn|[msg]
|move|p1a: Ting-Lu|Ruination|p2a: Blissey
|-damage|p2a: Blissey|41/100
|
|-heal|p2a: Blissey|47/100|[from] item: Leftovers
|-heal|p1a: Ting-Lu|48/100|[from] item: Leftovers
|upkeep
|turn|22
|inactive|Mky27 has 120 seconds left.
|
|t:|1781445510
|move|p2a: Blissey|Soft-Boiled|p2a: Blissey
|-heal|p2a: Blissey|97/100
|move|p1a: Ting-Lu|Earthquake|p2a: Blissey
|-damage|p2a: Blissey|64/100
|
|-heal|p2a: Blissey|70/100|[from] item: Leftovers
|-heal|p1a: Ting-Lu|54/100|[from] item: Leftovers
|upkeep
|turn|23
|inactive|Mky27 has 120 seconds left.
|
|t:|1781445523
|switch|p2a: Rillaboom|Rillaboom, F, shiny|55/100
|-damage|p2a: Rillaboom|30/100|[from] Spikes
|-fieldstart|move: Grassy Terrain|[from] ability: Grassy Surge|[of] p2a: Rillaboom
|move|p1a: Ting-Lu|Ruination|p2a: Rillaboom
|-damage|p2a: Rillaboom|15/100
|
|-heal|p2a: Rillaboom|22/100|[from] Grassy Terrain
|-heal|p1a: Ting-Lu|60/100|[from] Grassy Terrain
|-heal|p1a: Ting-Lu|67/100|[from] item: Leftovers
|upkeep
|turn|24
|inactive|Mky27 has 120 seconds left.
|
|t:|1781445547
|switch|p1a: Trevenant|Trevenant, M|64/100
|-damage|p1a: Trevenant|51/100|[from] Stealth Rock
|move|p2a: Rillaboom|Wood Hammer|p1a: Trevenant
|-resisted|p1a: Trevenant
|-damage|p1a: Trevenant|0 fnt
|faint|p1a: Trevenant
|-damage|p2a: Rillaboom|3/100|[from] Recoil
|
|-heal|p2a: Rillaboom|10/100|[from] Grassy Terrain
|upkeep
|j| dtybb
|inactive|Mky27 has 120 seconds left.
|
|t:|1781445567
|switch|p1a: Glimmora|Glimmora, F|100/100
|-damage|p1a: Glimmora|88/100|[from] Stealth Rock
|turn|25
|
|t:|1781445590
|switch|p2a: Great Tusk|Great Tusk, shiny|86/100
|move|p1a: Glimmora|Mortal Spin|p2a: Great Tusk
|-resisted|p2a: Great Tusk
|-damage|p2a: Great Tusk|84/100
|-status|p2a: Great Tusk|psn
|-sideend|p1: Mky27|Stealth Rock|[from] move: Mortal Spin|[of] p1a: Glimmora
|
|-heal|p2a: Great Tusk|90/100 psn|[from] Grassy Terrain
|-heal|p1a: Glimmora|94/100|[from] Grassy Terrain
|-damage|p2a: Great Tusk|77/100 psn|[from] psn
|upkeep
|turn|26
|inactive|Mky27 has 120 seconds left.
|
|t:|1781445604
|switch|p1a: Alomomola|Alomomola, F|100/100
|move|p2a: Great Tusk|Headlong Rush|p1a: Alomomola
|-damage|p1a: Alomomola|67/100
|-unboost|p2a: Great Tusk|def|1
|-unboost|p2a: Great Tusk|spd|1
|
|-heal|p2a: Great Tusk|84/100 psn|[from] Grassy Terrain
|-heal|p1a: Alomomola|73/100|[from] Grassy Terrain
|-damage|p2a: Great Tusk|71/100 psn|[from] psn
|upkeep
|turn|27
|inactive|Mky27 has 120 seconds left.
|
|t:|1781445630
|move|p2a: Great Tusk|Rapid Spin|p1a: Alomomola
|-damage|p1a: Alomomola|63/100
|-boost|p2a: Great Tusk|spe|1
|-sideend|p2: susik09|Spikes|[from] move: Rapid Spin|[of] p2a: Great Tusk
|move|p1a: Alomomola|Flip Turn|p2a: Great Tusk
|-supereffective|p2a: Great Tusk
|-damage|p2a: Great Tusk|37/100 psn
|
|t:|1781445640
|switch|p1a: Ting-Lu|Ting-Lu|67/100|[from] Flip Turn
|-ability|p1a: Ting-Lu|Vessel of Ruin
|
|-heal|p2a: Great Tusk|43/100 psn|[from] Grassy Terrain
|-heal|p1a: Ting-Lu|73/100|[from] Grassy Terrain
|-heal|p1a: Ting-Lu|79/100|[from] item: Leftovers
|-damage|p2a: Great Tusk|31/100 psn|[from] psn
|-fieldend|move: Grassy Terrain
|upkeep
|turn|28
|
|t:|1781445653
|switch|p1a: Glimmora|Glimmora, F|94/100
|move|p2a: Great Tusk|Close Combat|p1a: Glimmora
|-damage|p1a: Glimmora|30/100
|-unboost|p2a: Great Tusk|def|1
|-unboost|p2a: Great Tusk|spd|1
|-activate|p1a: Glimmora|ability: Toxic Debris
|-sidestart|p2: susik09|move: Toxic Spikes
|-enditem|p1a: Glimmora|Red Card|[of] p2a: Great Tusk
|-end|p2a: Great Tusk|Protosynthesis|[silent]
|drag|p2a: Blissey|Blissey, F|70/100
|-status|p2a: Blissey|psn
|
|-heal|p2a: Blissey|76/100 psn|[from] item: Leftovers
|-damage|p2a: Blissey|64/100 psn|[from] psn
|upkeep
|turn|29
|inactive|Mky27 has 90 seconds left.
|
|t:|1781445669
|move|p1a: Glimmora|Stealth Rock|p2a: Blissey
|-sidestart|p2: susik09|move: Stealth Rock
|move|p2a: Blissey|Heal Bell|p2a: Blissey
|-activate|p2a: Blissey|move: Heal Bell
|-curestatus|p2a: Blissey|psn|[msg]
|-curestatus|p2: Great Tusk|psn|[msg]
|
|-heal|p2a: Blissey|70/100|[from] item: Leftovers
|upkeep
|turn|30
|inactive|Mky27 has 90 seconds left.
|
|t:|1781445682
|switch|p1a: Gholdengo|Gholdengo|22/100
|move|p2a: Blissey|Seismic Toss|p1a: Gholdengo
|-immune|p1a: Gholdengo
|
|-heal|p2a: Blissey|76/100|[from] item: Leftovers
|upkeep
|turn|31
|
|t:|1781445692
|switch|p2a: Garganacl|Garganacl, F|100/100
|-damage|p2a: Garganacl|88/100|[from] Stealth Rock
|move|p1a: Gholdengo|Trick|p2a: Garganacl
|-activate|p1a: Gholdengo|move: Trick|[of] p2a: Garganacl
|-item|p2a: Garganacl|Choice Scarf|[from] move: Trick
|-item|p1a: Gholdengo|Leftovers|[from] move: Trick
|
|-heal|p1a: Gholdengo|28/100|[from] item: Leftovers
|upkeep
|turn|32
|inactive|Mky27 has 90 seconds left.
|
|t:|1781445716
|switch|p1a: Ting-Lu|Ting-Lu|79/100
|-ability|p1a: Ting-Lu|Vessel of Ruin
|-terastallize|p2a: Garganacl|Ghost
|move|p2a: Garganacl|Salt Cure|p1a: Ting-Lu
|-resisted|p1a: Ting-Lu
|-damage|p1a: Ting-Lu|75/100
|-start|p1a: Ting-Lu|Salt Cure
|
|-heal|p1a: Ting-Lu|82/100|[from] item: Leftovers
|-damage|p1a: Ting-Lu|69/100|[from] Salt Cure
|upkeep
|turn|33
|inactive|Mky27 has 90 seconds left.
|
|t:|1781445733
|switch|p2a: Great Tusk|Great Tusk, shiny|31/100
|move|p1a: Ting-Lu|Spikes|p2a: Great Tusk
|-sidestart|p2: susik09|Spikes
|
|-heal|p1a: Ting-Lu|75/100|[from] item: Leftovers
|-damage|p1a: Ting-Lu|63/100|[from] Salt Cure
|upkeep
|turn|34
|
|t:|1781445749
|switch|p1a: Gholdengo|Gholdengo|28/100
|move|p2a: Great Tusk|Headlong Rush|p1a: Gholdengo
|-supereffective|p1a: Gholdengo
|-damage|p1a: Gholdengo|0 fnt
|-unboost|p2a: Great Tusk|def|1
|-unboost|p2a: Great Tusk|spd|1
|faint|p1a: Gholdengo
|
|upkeep
|
|t:|1781445759
|switch|p1a: Cinderace|Cinderace, M|100/100
|turn|35
|
|t:|1781445764
|-end|p2a: Great Tusk|Protosynthesis|[silent]
|switch|p2a: Moltres|Moltres, shiny|88/100
|move|p1a: Cinderace|Pyro Ball|p2a: Moltres
|-resisted|p2a: Moltres
|-damage|p2a: Moltres|69/100
|
|upkeep
|turn|36
|
|t:|1781445773
|move|p1a: Cinderace|Pyro Ball|p2a: Moltres
|-resisted|p2a: Moltres
|-damage|p2a: Moltres|50/100
|move|p2a: Moltres|U-turn|p1a: Cinderace
|-resisted|p1a: Cinderace
|-damage|p1a: Cinderace|90/100
|
|t:|1781445777
|switch|p2a: Garganacl|Garganacl, F, tera:Ghost|88/100|[from] U-turn
|-damage|p2a: Garganacl|76/100|[from] Stealth Rock
|-damage|p2a: Garganacl|63/100|[from] Spikes
|
|upkeep
|turn|37
|
|t:|1781445788
|move|p1a: Cinderace|U-turn|p2a: Garganacl
|-start|p1a: Cinderace|typechange|Bug|[from] ability: Libero
|-resisted|p2a: Garganacl
|-damage|p2a: Garganacl|54/100
|
|t:|1781445793
|switch|p1a: Ting-Lu|Ting-Lu|63/100|[from] U-turn
|-ability|p1a: Ting-Lu|Vessel of Ruin
|move|p2a: Garganacl|Salt Cure|p1a: Ting-Lu
|-resisted|p1a: Ting-Lu
|-damage|p1a: Ting-Lu|59/100
|-start|p1a: Ting-Lu|Salt Cure
|
|-heal|p1a: Ting-Lu|65/100|[from] item: Leftovers
|-damage|p1a: Ting-Lu|52/100|[from] Salt Cure
|upkeep
|turn|38
|
|t:|1781445806
|switch|p2a: Great Tusk|Great Tusk, shiny|31/100
|switch|p1a: Cinderace|Cinderace, M|90/100
|
|upkeep
|turn|39
|
|t:|1781445813
|-end|p2a: Great Tusk|Protosynthesis|[silent]
|switch|p2a: Garganacl|Garganacl, F, tera:Ghost|54/100
|-damage|p2a: Garganacl|42/100|[from] Stealth Rock
|-damage|p2a: Garganacl|30/100|[from] Spikes
|move|p1a: Cinderace|Pyro Ball|p2a: Garganacl
|-damage|p2a: Garganacl|0 fnt
|faint|p2a: Garganacl
|
|upkeep
|
|t:|1781445816
|switch|p2a: Moltres|Moltres, shiny|50/100
|turn|40
|inactive|Mky27 has 120 seconds left.
|
|t:|1781445827
|switch|p1a: Ting-Lu|Ting-Lu|52/100
|-ability|p1a: Ting-Lu|Vessel of Ruin
|move|p2a: Moltres|U-turn|p1a: Ting-Lu
|-supereffective|p1a: Ting-Lu
|-damage|p1a: Ting-Lu|36/100
|
|t:|1781445829
|switch|p2a: Great Tusk|Great Tusk, shiny|31/100|[from] U-turn
|
|-heal|p1a: Ting-Lu|43/100|[from] item: Leftovers
|upkeep
|turn|41
|inactive|Mky27 has 120 seconds left.
|
|t:|1781445844
|move|p2a: Great Tusk|Rapid Spin|p1a: Ting-Lu
|-damage|p1a: Ting-Lu|33/100
|-boost|p2a: Great Tusk|spe|1
|-sideend|p2: susik09|Spikes|[from] move: Rapid Spin|[of] p2a: Great Tusk
|-sideend|p2: susik09|Toxic Spikes|[from] move: Rapid Spin|[of] p2a: Great Tusk
|-sideend|p2: susik09|Stealth Rock|[from] move: Rapid Spin|[of] p2a: Great Tusk
|move|p1a: Ting-Lu|Earthquake|p2a: Great Tusk
|-damage|p2a: Great Tusk|2/100
|
|-heal|p1a: Ting-Lu|39/100|[from] item: Leftovers
|upkeep
|turn|42
|inactive|Mky27 has 120 seconds left.
|
|t:|1781445854
|switch|p1a: Alomomola|Alomomola, F|97/100
|move|p2a: Great Tusk|Close Combat|p1a: Alomomola
|-crit|p1a: Alomomola
|-damage|p1a: Alomomola|48/100
|-unboost|p2a: Great Tusk|def|1
|-unboost|p2a: Great Tusk|spd|1
|
|upkeep
|turn|43
|
|t:|1781445864
|-end|p2a: Great Tusk|Protosynthesis|[silent]
|switch|p2a: Raging Bolt|Raging Bolt|65/100
|move|p1a: Alomomola|Flip Turn|p2a: Raging Bolt
|-resisted|p2a: Raging Bolt
|-damage|p2a: Raging Bolt|58/100
|
|t:|1781445873
|switch|p1a: Glimmora|Glimmora, F|30/100|[from] Flip Turn
|
|upkeep
|turn|44
|
|t:|1781445880
|move|p1a: Glimmora|Earth Power|p2a: Raging Bolt
|-supereffective|p2a: Raging Bolt
|-damage|p2a: Raging Bolt|8/100
|move|p2a: Raging Bolt|Draco Meteor|p1a: Glimmora
|-damage|p1a: Glimmora|0 fnt
|-unboost|p2a: Raging Bolt|spa|2
|faint|p1a: Glimmora
|
|upkeep
|
|t:|1781445892
|switch|p1a: Cinderace|Cinderace, M|90/100
|turn|45
|
|t:|1781445901
|switch|p1a: Ting-Lu|Ting-Lu|39/100
|-ability|p1a: Ting-Lu|Vessel of Ruin
|-end|p2a: Raging Bolt|Protosynthesis|[silent]
|switch|p2a: Moltres|Moltres, shiny|50/100
|
|-heal|p1a: Ting-Lu|45/100|[from] item: Leftovers
|upkeep
|turn|46
|
|t:|1781445917
|move|p2a: Moltres|Roost|p2a: Moltres
|-heal|p2a: Moltres|100/100
|-singleturn|p2a: Moltres|move: Roost
|move|p1a: Ting-Lu|Spikes|p2a: Moltres
|-sidestart|p2: susik09|Spikes
|
|-heal|p1a: Ting-Lu|51/100|[from] item: Leftovers
|upkeep
|turn|47
|
|t:|1781445929
|move|p2a: Moltres|Hurricane|p1a: Ting-Lu|[miss]
|-miss|p2a: Moltres|p1a: Ting-Lu
|move|p1a: Ting-Lu|Earthquake|p2a: Moltres
|-immune|p2a: Moltres
|
|-heal|p1a: Ting-Lu|58/100|[from] item: Leftovers
|upkeep
|turn|48
|
|t:|1781445938
|move|p2a: Moltres|U-turn|p1a: Ting-Lu
|-supereffective|p1a: Ting-Lu
|-damage|p1a: Ting-Lu|41/100
|
|t:|1781445941
|switch|p2a: Great Tusk|Great Tusk, shiny|2/100|[from] U-turn
|move|p1a: Ting-Lu|Spikes|p2a: Great Tusk
|-sidestart|p2: susik09|Spikes
|
|-heal|p1a: Ting-Lu|47/100|[from] item: Leftovers
|upkeep
|turn|49
|
|t:|1781445953
|move|p2a: Great Tusk|Rapid Spin|p1a: Ting-Lu
|-damage|p1a: Ting-Lu|37/100
|-boost|p2a: Great Tusk|spe|1
|-sideend|p2: susik09|Spikes|[from] move: Rapid Spin|[of] p2a: Great Tusk
|move|p1a: Ting-Lu|Earthquake|p2a: Great Tusk
|-damage|p2a: Great Tusk|0 fnt
|faint|p2a: Great Tusk
|-end|p2a: Great Tusk|Protosynthesis|[silent]
|
|-heal|p1a: Ting-Lu|43/100|[from] item: Leftovers
|upkeep
|
|t:|1781445956
|switch|p2a: Rillaboom|Rillaboom, F, shiny|10/100
|-fieldstart|move: Grassy Terrain|[from] ability: Grassy Surge|[of] p2a: Rillaboom
|turn|50
|
|t:|1781445970
|switch|p1a: Cinderace|Cinderace, M|90/100
|move|p2a: Rillaboom|Grassy Glide|p1a: Cinderace
|-resisted|p1a: Cinderace
|-damage|p1a: Cinderace|46/100
|
|-heal|p1a: Cinderace|52/100|[from] Grassy Terrain
|-heal|p2a: Rillaboom|16/100|[from] Grassy Terrain
|upkeep
|turn|51
|
|t:|1781446000
|switch|p2a: Raging Bolt|Raging Bolt|8/100
|move|p1a: Cinderace|U-turn|p2a: Raging Bolt
|-start|p1a: Cinderace|typechange|Bug|[from] ability: Libero
|-damage|p2a: Raging Bolt|0 fnt
|faint|p2a: Raging Bolt
|-end|p2a: Raging Bolt|Protosynthesis|[silent]
|
|t:|1781446011
|switch|p1a: Alomomola|Alomomola, F|81/100|[from] U-turn
|
|-heal|p1a: Alomomola|87/100|[from] Grassy Terrain
|upkeep
|
|t:|1781446014
|switch|p2a: Rillaboom|Rillaboom, F, shiny|16/100
|turn|52
|
|t:|1781446027
|move|p2a: Rillaboom|Grassy Glide|p1a: Alomomola
|-supereffective|p1a: Alomomola
|-damage|p1a: Alomomola|20/100
|move|p1a: Alomomola|Wish|p1a: Alomomola
|
|-heal|p2a: Rillaboom|22/100|[from] Grassy Terrain
|-heal|p1a: Alomomola|26/100|[from] Grassy Terrain
|upkeep
|turn|53
|
|t:|1781446036
|switch|p1a: Cinderace|Cinderace, M|52/100
|move|p2a: Rillaboom|Grassy Glide|p1a: Cinderace
|-resisted|p1a: Cinderace
|-damage|p1a: Cinderace|10/100
|
|-heal|p1a: Cinderace|99/100|[from] move: Wish|[wisher] Alomomola
|-heal|p1a: Cinderace|100/100|[from] Grassy Terrain
|-heal|p2a: Rillaboom|28/100|[from] Grassy Terrain
|upkeep
|turn|54
|
|t:|1781446059
|switch|p2a: Moltres|Moltres, shiny|100/100
|move|p1a: Cinderace|Pyro Ball|p2a: Moltres
|-resisted|p2a: Moltres
|-damage|p2a: Moltres|81/100
|
|-fieldend|move: Grassy Terrain
|upkeep
|turn|55
|
|t:|1781446068
|switch|p1a: Alomomola|Alomomola, F|59/100
|move|p2a: Moltres|U-turn|p1a: Alomomola
|-damage|p1a: Alomomola|52/100
|
|t:|1781446072
|switch|p2a: Rillaboom|Rillaboom, F, shiny|28/100|[from] U-turn
|-fieldstart|move: Grassy Terrain|[from] ability: Grassy Surge|[of] p2a: Rillaboom
|
|-heal|p2a: Rillaboom|34/100|[from] Grassy Terrain
|-heal|p1a: Alomomola|58/100|[from] Grassy Terrain
|upkeep
|turn|56
|
|t:|1781446084
|-terastallize|p1a: Alomomola|Poison
|move|p2a: Rillaboom|Grassy Glide|p1a: Alomomola
|-resisted|p1a: Alomomola
|-damage|p1a: Alomomola|43/100
|move|p1a: Alomomola|Flip Turn|p2a: Rillaboom
|-resisted|p2a: Rillaboom
|-damage|p2a: Rillaboom|26/100
|
|t:|1781446093
|switch|p1a: Cinderace|Cinderace, M|100/100|[from] Flip Turn
|
|-heal|p2a: Rillaboom|32/100|[from] Grassy Terrain
|upkeep
|turn|57
|
|t:|1781446100
|switch|p1a: Ting-Lu|Ting-Lu|43/100
|-ability|p1a: Ting-Lu|Vessel of Ruin
|switch|p2a: Moltres|Moltres, shiny|81/100
|
|-heal|p1a: Ting-Lu|49/100|[from] Grassy Terrain
|-heal|p1a: Ting-Lu|55/100|[from] item: Leftovers
|upkeep
|turn|58
|
|t:|1781446110
|move|p2a: Moltres|U-turn|p1a: Ting-Lu
|-supereffective|p1a: Ting-Lu
|-damage|p1a: Ting-Lu|39/100
|
|t:|1781446115
|switch|p2a: Rillaboom|Rillaboom, F, shiny|32/100|[from] U-turn
|move|p1a: Ting-Lu|Spikes|p2a: Rillaboom
|-sidestart|p2: susik09|Spikes
|
|-heal|p2a: Rillaboom|38/100|[from] Grassy Terrain
|-heal|p1a: Ting-Lu|45/100|[from] Grassy Terrain
|-heal|p1a: Ting-Lu|51/100|[from] item: Leftovers
|upkeep
|turn|59
|
|t:|1781446141
|switch|p1a: Alomomola|Alomomola, F, tera:Poison|76/100
|move|p2a: Rillaboom|U-turn|p1a: Alomomola
|-resisted|p1a: Alomomola
|-damage|p1a: Alomomola|66/100
|
|t:|1781446143
|switch|p2a: Moltres|Moltres, shiny|81/100|[from] U-turn
|
|-heal|p1a: Alomomola|72/100|[from] Grassy Terrain
|-fieldend|move: Grassy Terrain
|upkeep
|turn|60
|
|t:|1781446157
|move|p2a: Moltres|Hurricane|p1a: Alomomola
|-damage|p1a: Alomomola|21/100
|move|p1a: Alomomola|Scald|p2a: Moltres
|-supereffective|p2a: Moltres
|-damage|p2a: Moltres|56/100
|
|upkeep
|turn|61
|
|t:|1781446165
|switch|p1a: Ting-Lu|Ting-Lu|51/100
|-ability|p1a: Ting-Lu|Vessel of Ruin
|move|p2a: Moltres|U-turn|p1a: Ting-Lu
|-supereffective|p1a: Ting-Lu
|-damage|p1a: Ting-Lu|37/100
|
|t:|1781446168
|switch|p2a: Rillaboom|Rillaboom, F, shiny|38/100|[from] U-turn
|-damage|p2a: Rillaboom|26/100|[from] Spikes
|-fieldstart|move: Grassy Terrain|[from] ability: Grassy Surge|[of] p2a: Rillaboom
|
|-heal|p2a: Rillaboom|32/100|[from] Grassy Terrain
|-heal|p1a: Ting-Lu|43/100|[from] Grassy Terrain
|-heal|p1a: Ting-Lu|49/100|[from] item: Leftovers
|upkeep
|turn|62
|
|t:|1781446180
|switch|p1a: Alomomola|Alomomola, F, tera:Poison|54/100
|move|p2a: Rillaboom|Wood Hammer|p1a: Alomomola
|-resisted|p1a: Alomomola
|-damage|p1a: Alomomola|18/100
|-damage|p2a: Rillaboom|13/100|[from] Recoil
|
|-heal|p2a: Rillaboom|20/100|[from] Grassy Terrain
|-heal|p1a: Alomomola|24/100|[from] Grassy Terrain
|upkeep
|turn|63
|
|t:|1781446190
|switch|p1a: Cinderace|Cinderace, M|100/100
|move|p2a: Rillaboom|Wood Hammer|p1a: Cinderace
|-resisted|p1a: Cinderace
|-damage|p1a: Cinderace|7/100
|-damage|p2a: Rillaboom|0 fnt|[from] Recoil
|faint|p2a: Rillaboom
|
|-heal|p1a: Cinderace|13/100|[from] Grassy Terrain
|upkeep
|
|t:|1781446197
|switch|p2a: Moltres|Moltres, shiny|56/100
|turn|64
|
|t:|1781446214
|switch|p1a: Alomomola|Alomomola, F, tera:Poison|58/100
|move|p2a: Moltres|Hurricane|p1a: Alomomola
|-damage|p1a: Alomomola|3/100
|
|-heal|p1a: Alomomola|9/100|[from] Grassy Terrain
|upkeep
|turn|65
|
|t:|1781446226
|move|p2a: Moltres|Hurricane|p1a: Alomomola
|-damage|p1a: Alomomola|0 fnt
|faint|p1a: Alomomola
|
|-fieldend|move: Grassy Terrain
|upkeep
|
|t:|1781446232
|switch|p1a: Ting-Lu|Ting-Lu|49/100
|-ability|p1a: Ting-Lu|Vessel of Ruin
|turn|66
|
|t:|1781446241
|move|p2a: Moltres|Roost|p2a: Moltres
|-heal|p2a: Moltres|100/100
|-singleturn|p2a: Moltres|move: Roost
|move|p1a: Ting-Lu|Ruination|p2a: Moltres|[miss]
|-miss|p1a: Ting-Lu|p2a: Moltres
|
|-heal|p1a: Ting-Lu|55/100|[from] item: Leftovers
|upkeep
|turn|67
|
|t:|1781446251
|move|p2a: Moltres|Hurricane|p1a: Ting-Lu|[miss]
|-miss|p2a: Moltres|p1a: Ting-Lu
|move|p1a: Ting-Lu|Ruination|p2a: Moltres
|-damage|p2a: Moltres|50/100
|
|-heal|p1a: Ting-Lu|62/100|[from] item: Leftovers
|upkeep
|turn|68
|
|t:|1781446260
|move|p2a: Moltres|Hurricane|p1a: Ting-Lu|[miss]
|-miss|p2a: Moltres|p1a: Ting-Lu
|move|p1a: Ting-Lu|Spikes|p2a: Moltres
|-sidestart|p2: susik09|Spikes
|
|-heal|p1a: Ting-Lu|68/100|[from] item: Leftovers
|upkeep
|turn|69
|
|t:|1781446269
|move|p2a: Moltres|U-turn|p1a: Ting-Lu
|-supereffective|p1a: Ting-Lu
|-damage|p1a: Ting-Lu|51/100
|
|t:|1781446270
|switch|p2a: Blissey|Blissey, F|76/100|[from] U-turn
|-damage|p2a: Blissey|59/100|[from] Spikes
|move|p1a: Ting-Lu|Earthquake|p2a: Blissey
|-damage|p2a: Blissey|23/100
|
|-heal|p2a: Blissey|29/100|[from] item: Leftovers
|-heal|p1a: Ting-Lu|57/100|[from] item: Leftovers
|upkeep
|turn|70
|
|t:|1781446284
|move|p2a: Blissey|Soft-Boiled|p2a: Blissey
|-heal|p2a: Blissey|79/100
|move|p1a: Ting-Lu|Earthquake|p2a: Blissey
|-damage|p2a: Blissey|44/100
|
|-heal|p2a: Blissey|50/100|[from] item: Leftovers
|-heal|p1a: Ting-Lu|63/100|[from] item: Leftovers
|upkeep
|turn|71
|
|t:|1781446293
|move|p2a: Blissey|Soft-Boiled|p2a: Blissey
|-heal|p2a: Blissey|99/100
|move|p1a: Ting-Lu|Spikes|p2a: Blissey
|-sidestart|p2: susik09|Spikes
|
|-heal|p2a: Blissey|100/100|[from] item: Leftovers
|-heal|p1a: Ting-Lu|69/100|[from] item: Leftovers
|upkeep
|turn|72
|
|t:|1781446300
|move|p2a: Blissey|Seismic Toss|p1a: Ting-Lu
|-damage|p1a: Ting-Lu|50/100
|move|p1a: Ting-Lu|Ruination|p2a: Blissey
|-damage|p2a: Blissey|50/100
|
|-heal|p2a: Blissey|57/100|[from] item: Leftovers
|-heal|p1a: Ting-Lu|56/100|[from] item: Leftovers
|upkeep
|turn|73
|
|t:|1781446310
|move|p2a: Blissey|Seismic Toss|p1a: Ting-Lu
|-damage|p1a: Ting-Lu|37/100
|move|p1a: Ting-Lu|Earthquake|p2a: Blissey
|-damage|p2a: Blissey|18/100
|
|-heal|p2a: Blissey|24/100|[from] item: Leftovers
|-heal|p1a: Ting-Lu|43/100|[from] item: Leftovers
|upkeep
|turn|74
|
|t:|1781446332
|switch|p1a: Cinderace|Cinderace, M|13/100
|move|p2a: Blissey|Seismic Toss|p1a: Cinderace
|-damage|p1a: Cinderace|0 fnt
|faint|p1a: Cinderace
|
|-heal|p2a: Blissey|31/100|[from] item: Leftovers
|upkeep
|
|t:|1781446342
|switch|p1a: Ting-Lu|Ting-Lu|43/100
|-ability|p1a: Ting-Lu|Vessel of Ruin
|turn|75
|
|t:|1781446350
|move|p2a: Blissey|Soft-Boiled|p2a: Blissey
|-heal|p2a: Blissey|81/100
|move|p1a: Ting-Lu|Earthquake|p2a: Blissey
|-damage|p2a: Blissey|44/100
|
|-heal|p2a: Blissey|50/100|[from] item: Leftovers
|-heal|p1a: Ting-Lu|49/100|[from] item: Leftovers
|upkeep
|turn|76
|
|t:|1781446359
|move|p2a: Blissey|Seismic Toss|p1a: Ting-Lu
|-damage|p1a: Ting-Lu|30/100
|move|p1a: Ting-Lu|Earthquake|p2a: Blissey
|-damage|p2a: Blissey|14/100
|
|-heal|p2a: Blissey|20/100|[from] item: Leftovers
|-heal|p1a: Ting-Lu|36/100|[from] item: Leftovers
|upkeep
|turn|77
|
|t:|1781446368
|move|p2a: Blissey|Seismic Toss|p1a: Ting-Lu
|-damage|p1a: Ting-Lu|16/100
|move|p1a: Ting-Lu|Earthquake|p2a: Blissey
|-damage|p2a: Blissey|0 fnt
|faint|p2a: Blissey
|
|-heal|p1a: Ting-Lu|23/100|[from] item: Leftovers
|upkeep
|
|t:|1781446372
|switch|p2a: Moltres|Moltres, shiny|50/100
|turn|78
|
|t:|1781446385
|move|p2a: Moltres|Flamethrower|p1a: Ting-Lu
|-damage|p1a: Ting-Lu|6/100
|move|p1a: Ting-Lu|Ruination|p2a: Moltres
|-damage|p2a: Moltres|25/100
|
|-heal|p1a: Ting-Lu|12/100|[from] item: Leftovers
|upkeep
|turn|79
|
|t:|1781446395
|move|p2a: Moltres|Flamethrower|p1a: Ting-Lu
|-damage|p1a: Ting-Lu|0 fnt
|faint|p1a: Ting-Lu
|
|win|susik09
|raw|Mky27's rating: 1584 &rarr; <strong>1563</strong><br />(-21 for losing)
|raw|susik09's rating: 1570 &rarr; <strong>1591</strong><br />(+21 for winning)
|l|☆Mky27
|player|p1|
