|j|☆Agathina
|j|‽LT_Alt1
|t:|1780900927
|gametype|singles
|player|p1|Agathina|cynthia-gen4|1545
|player|p2|LT_Alt1|265|1752
|gen|9
|tier|[Gen 9] OU
|rated|
|rule|HP Percentage Mod: HP is shown in percentages
|rule|Endless Battle Clause: Forcing endless battles is banned
|rule|Species Clause: Limit one of each Pokémon
|rule|OHKO Clause: OHKO moves are banned
|rule|Evasion Items Clause: Evasion items are banned
|rule|Evasion Moves Clause: Evasion moves are banned
|rule|Evasion Abilities Clause: Evasion abilities are banned
|rule|Sleep Moves Clause: Sleep-inducing moves are banned
|clearpoke
|poke|p1|Hawlucha, F|
|poke|p1|Ceruledge, F|
|poke|p1|Scizor, M|
|poke|p1|Alomomola, F|
|poke|p1|Sandy Shocks|
|poke|p1|Araquanid, F|
|poke|p2|Garganacl, F|
|poke|p2|Slowking-Galar, F|
|poke|p2|Kyurem|
|poke|p2|Weezing-Galar, F|
|poke|p2|Moltres|
|poke|p2|Iron Treads|
|teampreview
|
|t:|1780900950
|teamsize|p1|6
|teamsize|p2|6
|start
|switch|p1a: Sandy Shocks|Sandy Shocks|100/100
|switch|p2a: Weezing|Weezing-Galar, F|100/100
|-ability|p2a: Weezing|Neutralizing Gas
|turn|1
|j| SV G0AT
|
|t:|1780900960
|-end|p2a: Weezing|ability: Neutralizing Gas
|switch|p2a: Kyurem|Kyurem|100/100
|-ability|p2a: Kyurem|Pressure
|move|p1a: Sandy Shocks|Scorching Sands|p2a: Kyurem
|-crit|p2a: Kyurem
|-damage|p2a: Kyurem|52/100
|-status|p2a: Kyurem|brn
|
|-damage|p2a: Kyurem|46/100 brn|[from] brn
|upkeep
|turn|2
|l| SV G0AT
|
|t:|1780900981
|-end|p1a: Sandy Shocks|Protosynthesis|[silent]
|switch|p1a: Scizor|Scizor, M|100/100
|move|p2a: Kyurem|Ice Beam|p1a: Scizor
|-resisted|p1a: Scizor
|-damage|p1a: Scizor|71/100
|
|-damage|p2a: Kyurem|40/100 brn|[from] brn
|upkeep
|turn|3
|
|t:|1780900992
|move|p2a: Kyurem|Earth Power|p1a: Scizor
|-damage|p1a: Scizor|29/100
|move|p1a: Scizor|Knock Off|p2a: Kyurem
|-damage|p2a: Kyurem|7/100 brn
|-enditem|p2a: Kyurem|Loaded Dice|[from] move: Knock Off|[of] p1a: Scizor
|
|-damage|p2a: Kyurem|1/100 brn|[from] brn
|upkeep
|turn|4
|
|t:|1780900999
|switch|p2a: Moltres|Moltres|100/100
|move|p1a: Scizor|Bullet Punch|p2a: Moltres
|-resisted|p2a: Moltres
|-damage|p2a: Moltres|88/100
|
|upkeep
|turn|5
|
|t:|1780901008
|switch|p1a: Ceruledge|Ceruledge, F|100/100
|move|p2a: Moltres|U-turn|p1a: Ceruledge
|-resisted|p1a: Ceruledge
|-damage|p1a: Ceruledge|95/100
|-ability|p1a: Ceruledge|Weak Armor|boost
|-unboost|p1a: Ceruledge|def|1
|-boost|p1a: Ceruledge|spe|2
|
|t:|1780901012
|switch|p2a: Garganacl|Garganacl, F|100/100|[from] U-turn
|
|upkeep
|turn|6
|
|t:|1780901044
|switch|p1a: Alomomola|Alomomola, F, shiny|100/100
|move|p2a: Garganacl|Salt Cure|p1a: Alomomola
|-damage|p1a: Alomomola|93/100
|-start|p1a: Alomomola|Salt Cure
|
|-damage|p1a: Alomomola|68/100|[from] Salt Cure
|upkeep
|turn|7
|
|t:|1780901051
|move|p1a: Alomomola|Wish|p1a: Alomomola
|move|p2a: Garganacl|Salt Cure|p1a: Alomomola
|-damage|p1a: Alomomola|61/100
|
|-damage|p1a: Alomomola|36/100|[from] Salt Cure
|upkeep
|turn|8
|
|t:|1780901060
|move|p1a: Alomomola|Flip Turn|p2a: Garganacl
|-supereffective|p2a: Garganacl
|-damage|p2a: Garganacl|80/100
|
|t:|1780901077
|switch|p1a: Sandy Shocks|Sandy Shocks|100/100|[from] Flip Turn
|move|p2a: Garganacl|Salt Cure|p1a: Sandy Shocks
|-resisted|p1a: Sandy Shocks
|-damage|p1a: Sandy Shocks|93/100
|-start|p1a: Sandy Shocks|Salt Cure
|
|-heal|p1a: Sandy Shocks|100/100|[from] move: Wish|[wisher] Alomomola
|-heal|p2a: Garganacl|86/100|[from] item: Leftovers
|-damage|p1a: Sandy Shocks|88/100|[from] Salt Cure
|upkeep
|turn|9
|
|t:|1780901090
|move|p1a: Sandy Shocks|Volt Switch|p2a: Garganacl
|-damage|p2a: Garganacl|61/100
|
|t:|1780901098
|-end|p1a: Sandy Shocks|Protosynthesis|[silent]
|switch|p1a: Alomomola|Alomomola, F, shiny|70/100|[from] Volt Switch
|move|p2a: Garganacl|Recover|p2a: Garganacl
|-heal|p2a: Garganacl|100/100
|
|upkeep
|turn|10
|
|t:|1780901103
|move|p1a: Alomomola|Scald|p2a: Garganacl
|-supereffective|p2a: Garganacl
|-damage|p2a: Garganacl|81/100
|move|p2a: Garganacl|Curse|p2a: Garganacl
|-unboost|p2a: Garganacl|spe|1
|-boost|p2a: Garganacl|atk|1
|-boost|p2a: Garganacl|def|1
|
|-heal|p2a: Garganacl|87/100|[from] item: Leftovers
|upkeep
|turn|11
|
|t:|1780901114
|move|p1a: Alomomola|Flip Turn|p2a: Garganacl
|-supereffective|p2a: Garganacl
|-damage|p2a: Garganacl|75/100
|
|t:|1780901117
|switch|p1a: Araquanid|Araquanid, F, shiny|100/100|[from] Flip Turn
|move|p2a: Garganacl|Salt Cure|p1a: Araquanid
|-supereffective|p1a: Araquanid
|-damage|p1a: Araquanid|60/100
|-start|p1a: Araquanid|Salt Cure
|-enditem|p1a: Araquanid|Red Card|[of] p2a: Garganacl
|drag|p2a: Iron Treads|Iron Treads|100/100
|
|-damage|p1a: Araquanid|35/100|[from] Salt Cure
|upkeep
|turn|12
|
|t:|1780901131
|move|p2a: Iron Treads|Stealth Rock|p1a: Araquanid
|-sidestart|p1: Agathina|move: Stealth Rock
|move|p1a: Araquanid|Surf|p2a: Iron Treads
|-supereffective|p2a: Iron Treads
|-damage|p2a: Iron Treads|0 fnt
|faint|p2a: Iron Treads
|-end|p2a: Iron Treads|Quark Drive|[silent]
|
|-damage|p1a: Araquanid|10/100|[from] Salt Cure
|upkeep
|
|t:|1780901138
|switch|p2a: Moltres|Moltres|88/100
|turn|13
|
|t:|1780901155
|move|p1a: Araquanid|Endure|p1a: Araquanid
|-singleturn|p1a: Araquanid|move: Endure
|move|p2a: Moltres|U-turn|p1a: Araquanid
|-activate|p1a: Araquanid|move: Endure
|-damage|p1a: Araquanid|1/100
|
|t:|1780901160
|switch|p2a: Garganacl|Garganacl, F|75/100|[from] U-turn
|
|-heal|p2a: Garganacl|81/100|[from] item: Leftovers
|-damage|p1a: Araquanid|0 fnt|[from] Salt Cure
|faint|p1a: Araquanid
|upkeep
|
|t:|1780901238
|switch|p1a: Sandy Shocks|Sandy Shocks|88/100
|turn|14
|
|t:|1780901256
|-terastallize|p2a: Garganacl|Fairy
|move|p1a: Sandy Shocks|Scorching Sands|p2a: Garganacl
|-damage|p2a: Garganacl|56/100
|move|p2a: Garganacl|Salt Cure|p1a: Sandy Shocks
|-resisted|p1a: Sandy Shocks
|-damage|p1a: Sandy Shocks|81/100
|-start|p1a: Sandy Shocks|Salt Cure
|
|-heal|p2a: Garganacl|62/100|[from] item: Leftovers
|-damage|p1a: Sandy Shocks|68/100|[from] Salt Cure
|upkeep
|turn|15
|
|t:|1780901262
|move|p1a: Sandy Shocks|Volt Switch|p2a: Garganacl
|-damage|p2a: Garganacl|38/100
|
|t:|1780901267
|-end|p1a: Sandy Shocks|Protosynthesis|[silent]
|switch|p1a: Scizor|Scizor, M|29/100|[from] Volt Switch
|move|p2a: Garganacl|Recover|p2a: Garganacl
|-heal|p2a: Garganacl|88/100
|
|-heal|p2a: Garganacl|94/100|[from] item: Leftovers
|upkeep
|turn|16
|
|t:|1780901276
|move|p1a: Scizor|Defog|p2a: Garganacl
|-unboost|p2a: Garganacl|evasion|1
|-sideend|p1: Agathina|Stealth Rock|[from] move: Defog|[of] p1a: Scizor
|move|p2a: Garganacl|Salt Cure|p1a: Scizor
|-damage|p1a: Scizor|16/100
|-start|p1a: Scizor|Salt Cure
|
|-heal|p2a: Garganacl|99/100|[from] item: Leftovers
|-damage|p1a: Scizor|0 fnt|[from] Salt Cure
|faint|p1a: Scizor
|upkeep
|
|t:|1780901319
|switch|p1a: Ceruledge|Ceruledge, F|95/100
|turn|17
|
|t:|1780901326
|move|p1a: Ceruledge|Bitter Blade|p2a: Garganacl
|-damage|p2a: Garganacl|74/100
|-heal|p1a: Ceruledge|100/100|[from] drain|[of] p2a: Garganacl
|move|p2a: Garganacl|Curse|p2a: Garganacl
|-unboost|p2a: Garganacl|spe|1
|-boost|p2a: Garganacl|atk|1
|-boost|p2a: Garganacl|def|1
|
|-heal|p2a: Garganacl|80/100|[from] item: Leftovers
|upkeep
|turn|18
|
|t:|1780901335
|move|p1a: Ceruledge|Poltergeist|p2a: Garganacl
|-activate|p2a: Garganacl|move: Poltergeist|Leftovers
|-damage|p2a: Garganacl|69/100
|move|p2a: Garganacl|Salt Cure|p1a: Ceruledge
|-supereffective|p1a: Ceruledge
|-damage|p1a: Ceruledge|45/100
|-start|p1a: Ceruledge|Salt Cure
|-ability|p1a: Ceruledge|Weak Armor|boost
|-unboost|p1a: Ceruledge|def|1
|-boost|p1a: Ceruledge|spe|2
|-enditem|p1a: Ceruledge|Weakness Policy
|-boost|p1a: Ceruledge|atk|2|[from] item: Weakness Policy
|-boost|p1a: Ceruledge|spa|2|[from] item: Weakness Policy
|
|-heal|p2a: Garganacl|75/100|[from] item: Leftovers
|-damage|p1a: Ceruledge|32/100|[from] Salt Cure
|upkeep
|turn|19
|
|t:|1780901347
|move|p1a: Ceruledge|Bitter Blade|p2a: Garganacl
|-damage|p2a: Garganacl|39/100
|-heal|p1a: Ceruledge|58/100|[from] drain|[of] p2a: Garganacl
|move|p2a: Garganacl|Curse|p2a: Garganacl
|-unboost|p2a: Garganacl|spe|1
|-boost|p2a: Garganacl|atk|1
|-boost|p2a: Garganacl|def|1
|
|-heal|p2a: Garganacl|45/100|[from] item: Leftovers
|-damage|p1a: Ceruledge|46/100|[from] Salt Cure
|upkeep
|turn|20
|
|t:|1780901360
|move|p1a: Ceruledge|Bitter Blade|p2a: Garganacl
|-damage|p2a: Garganacl|20/100
|-heal|p1a: Ceruledge|63/100|[from] drain|[of] p2a: Garganacl
|move|p2a: Garganacl|Recover|p2a: Garganacl
|-heal|p2a: Garganacl|70/100
|
|-heal|p2a: Garganacl|76/100|[from] item: Leftovers
|-damage|p1a: Ceruledge|51/100|[from] Salt Cure
|upkeep
|turn|21
|
|t:|1780901367
|move|p1a: Ceruledge|Bitter Blade|p2a: Garganacl
|-damage|p2a: Garganacl|48/100
|-heal|p1a: Ceruledge|70/100|[from] drain|[of] p2a: Garganacl
|move|p2a: Garganacl|Curse|p2a: Garganacl
|-unboost|p2a: Garganacl|spe|1
|-boost|p2a: Garganacl|atk|1
|-boost|p2a: Garganacl|def|1
|
|-heal|p2a: Garganacl|54/100|[from] item: Leftovers
|-damage|p1a: Ceruledge|58/100|[from] Salt Cure
|upkeep
|turn|22
|
|t:|1780901372
|move|p1a: Ceruledge|Bitter Blade|p2a: Garganacl
|-damage|p2a: Garganacl|31/100
|-heal|p1a: Ceruledge|74/100|[from] drain|[of] p2a: Garganacl
|move|p2a: Garganacl|Recover|p2a: Garganacl
|-heal|p2a: Garganacl|81/100
|
|-heal|p2a: Garganacl|88/100|[from] item: Leftovers
|-damage|p1a: Ceruledge|62/100|[from] Salt Cure
|upkeep
|turn|23
|
|t:|1780901375
|move|p1a: Ceruledge|Bitter Blade|p2a: Garganacl
|-damage|p2a: Garganacl|66/100
|-heal|p1a: Ceruledge|77/100|[from] drain|[of] p2a: Garganacl
|move|p2a: Garganacl|Salt Cure|p1a: Ceruledge
|-supereffective|p1a: Ceruledge
|-crit|p1a: Ceruledge
|-damage|p1a: Ceruledge|0 fnt
|faint|p1a: Ceruledge
|
|-heal|p2a: Garganacl|72/100|[from] item: Leftovers
|upkeep
|-message|Agathina forfeited.
|
|win|LT_Alt1
|raw|Agathina's rating: 1545 &rarr; <strong>1536</strong><br />(-9 for losing)
|raw|LT_Alt1's rating: 1752 &rarr; <strong>1761</strong><br />(+9 for winning)
|l|☆Agathina
|player|p1|
