|j|☆22dt
|j|☆PepsiEnby
|t:|1781530046
|gametype|singles
|player|p1|22dt|265|1676
|player|p2|PepsiEnby|harlequin|1731
|gen|9
|tier|[Gen 9] OU
|rated|
|rule|HP Percentage Mod: HP is shown in percentages
|rule|Endless Battle Clause: Forcing endless battles is banned
|rule|Species Clause: Limit one of each Pokémon
|rule|OHKO Clause: OHKO moves are banned
|rule|Evasion Items Clause: Evasion items are banned
|rule|Evasion Moves Clause: Evasion moves are banned
|rule|Evasion Abilities Clause: Evasion abilities are banned
|rule|Sleep Moves Clause: Sleep-inducing moves are banned
|clearpoke
|poke|p1|Samurott-Hisui, F|
|poke|p1|Ceruledge, F|
|poke|p1|Zamazenta-*|
|poke|p1|Dragonite, F|
|poke|p1|Zapdos|
|poke|p1|Kingambit, M|
|poke|p2|Alomomola, F|
|poke|p2|Slowking-Galar, F|
|poke|p2|Cinderace, F|
|poke|p2|Glaceon, F|
|poke|p2|Ting-Lu|
|poke|p2|Salamence, M|
|teampreview
|inactive|Battle timer is ON: inactive players will automatically lose when time's up. (requested by 22dt)
|c|☆22dt|glhf
|c|☆PepsiEnby|u2
|c|☆22dt|My team is proper slop
|inactive|22dt has 120 seconds left.
|c|☆PepsiEnby|it does look that way
|c|☆22dt|I just picked 6 mons with OU next to their names
|j| peeekapeee
|c|☆PepsiEnby|lol
|c|☆22dt|I haven't lost yet somehow
|j| SableWallJade
|
|t:|1781530099
|teamsize|p1|6
|teamsize|p2|6
|start
|switch|p1a: Samurott|Samurott-Hisui, F|100/100
|switch|p2a: Glaceon|Glaceon, F, shiny|100/100
|turn|1
|
|t:|1781530104
|move|p1a: Samurott|Sacred Sword|p2a: Glaceon
|-supereffective|p2a: Glaceon
|-damage|p2a: Glaceon|18/100
|move|p2a: Glaceon|Freeze-Dry|p1a: Samurott
|-supereffective|p1a: Samurott
|-crit|p1a: Samurott
|-enditem|p1a: Samurott|Focus Sash
|-damage|p1a: Samurott|1/100
|
|upkeep
|turn|2
|
|t:|1781530110
|switch|p2a: Alomomola|Alomomola, F|100/100
|move|p1a: Samurott|Ceaseless Edge|p2a: Alomomola
|-damage|p2a: Alomomola|64/100
|-sidestart|p2: PepsiEnby|Spikes
|
|upkeep
|turn|3
|
|t:|1781530118
|move|p2a: Alomomola|Aqua Jet|p1a: Samurott
|-resisted|p1a: Samurott
|-damage|p1a: Samurott|0 fnt
|faint|p1a: Samurott
|
|upkeep
|inactive|22dt has 120 seconds left.
|
|t:|1781530149
|switch|p1a: Kingambit|Kingambit, M, shiny|100/100
|turn|4
|
|t:|1781530152
|move|p2a: Alomomola|Flip Turn|p1a: Kingambit
|-damage|p1a: Kingambit|82/100
|
|t:|1781530155
|switch|p2a: Salamence|Salamence, M|100/100|[from] Flip Turn
|-ability|p2a: Salamence|Intimidate|boost
|-unboost|p1a: Kingambit|atk|1
|-ability|p1a: Kingambit|Defiant|boost
|-boost|p1a: Kingambit|atk|2
|move|p1a: Kingambit|Swords Dance|p1a: Kingambit
|-boost|p1a: Kingambit|atk|2
|
|-heal|p1a: Kingambit|88/100|[from] item: Leftovers
|upkeep
|turn|5
|
|t:|1781530165
|-terastallize|p1a: Kingambit|Flying
|move|p2a: Salamence|Earthquake|p1a: Kingambit
|-immune|p1a: Kingambit
|move|p1a: Kingambit|Iron Head|p2a: Salamence
|-damage|p2a: Salamence|8/100
|
|-heal|p1a: Kingambit|94/100|[from] item: Leftovers
|upkeep
|turn|6
|
|t:|1781530173
|move|p1a: Kingambit|Sucker Punch||[still]
|-fail|p1a: Kingambit
|move|p2a: Salamence|Roost|p2a: Salamence
|-heal|p2a: Salamence|58/100
|-singleturn|p2a: Salamence|move: Roost
|
|-heal|p1a: Kingambit|100/100|[from] item: Leftovers
|upkeep
|turn|7
|
|t:|1781530177
|move|p2a: Salamence|Dual Wingbeat|p1a: Kingambit
|-damage|p1a: Kingambit|85/100
|-damage|p1a: Kingambit|70/100
|-hitcount|p1a: Kingambit|2
|move|p1a: Kingambit|Kowtow Cleave|p2a: Salamence
|-damage|p2a: Salamence|0 fnt
|faint|p2a: Salamence
|
|-heal|p1a: Kingambit|76/100|[from] item: Leftovers
|upkeep
|
|t:|1781530180
|switch|p2a: Cinderace|Cinderace, F|100/100
|turn|8
|
|t:|1781530191
|move|p2a: Cinderace|Will-O-Wisp|p1a: Kingambit
|-status|p1a: Kingambit|brn
|move|p1a: Kingambit|Kowtow Cleave|p2a: Cinderace
|-damage|p2a: Cinderace|30/100
|
|-heal|p1a: Kingambit|82/100 brn|[from] item: Leftovers
|-damage|p1a: Kingambit|76/100 brn|[from] brn
|upkeep
|turn|9
|
|t:|1781530199
|move|p1a: Kingambit|Sucker Punch||[still]
|-fail|p1a: Kingambit
|move|p2a: Cinderace|Court Change|p2a: Cinderace
|-swapsideconditions
|-activate|p2a: Cinderace|move: Court Change
|
|-heal|p1a: Kingambit|82/100 brn|[from] item: Leftovers
|-damage|p1a: Kingambit|76/100 brn|[from] brn
|upkeep
|turn|10
|
|t:|1781530206
|switch|p2a: Glaceon|Glaceon, F, shiny|18/100
|move|p1a: Kingambit|Sucker Punch||[still]
|-fail|p1a: Kingambit
|
|-heal|p1a: Kingambit|82/100 brn|[from] item: Leftovers
|-damage|p1a: Kingambit|76/100 brn|[from] brn
|upkeep
|turn|11
|
|t:|1781530214
|move|p1a: Kingambit|Sucker Punch||[still]
|-fail|p1a: Kingambit
|move|p2a: Glaceon|Copycat|p2a: Glaceon
|move|p2a: Glaceon|Sucker Punch||[from] move: Copycat|[still]
|-fail|p2a: Glaceon
|
|-heal|p1a: Kingambit|82/100 brn|[from] item: Leftovers
|-damage|p1a: Kingambit|76/100 brn|[from] brn
|upkeep
|turn|12
|j| Shimeon91
|
|t:|1781530227
|move|p2a: Glaceon|Freeze-Dry|p1a: Kingambit
|-supereffective|p1a: Kingambit
|-damage|p1a: Kingambit|0 fnt
|faint|p1a: Kingambit
|
|upkeep
|
|t:|1781530238
|switch|p1a: Dragonite|Dragonite, F, shiny|100/100
|turn|13
|
|t:|1781530245
|move|p1a: Dragonite|Extreme Speed|p2a: Glaceon
|-damage|p2a: Glaceon|0 fnt
|faint|p2a: Glaceon
|
|upkeep
|
|t:|1781530248
|switch|p2a: Slowking|Slowking-Galar, F, shiny|100/100
|turn|14
|
|t:|1781530252
|switch|p1a: Zapdos|Zapdos|100/100
|move|p2a: Slowking|Toxic|p1a: Zapdos
|-status|p1a: Zapdos|tox
|
|-damage|p1a: Zapdos|94/100 tox|[from] psn
|upkeep
|turn|15
|
|t:|1781530259
|move|p1a: Zapdos|Hurricane|p2a: Slowking|[miss]
|-miss|p1a: Zapdos|p2a: Slowking
|-prepare|p2a: Slowking|Chilly Reception|[premajor]
|move|p2a: Slowking|Chilly Reception|p2a: Slowking
|-weather|Snowscape
|
|t:|1781530263
|switch|p2a: Alomomola|Alomomola, F|98/100|[from] Chilly Reception
|
|-weather|Snowscape|[upkeep]
|-damage|p1a: Zapdos|82/100 tox|[from] psn
|upkeep
|turn|16
|
|t:|1781530270
|switch|p1a: Zamazenta|Zamazenta|100/100
|-ability|p1a: Zamazenta|Dauntless Shield|boost
|-boost|p1a: Zamazenta|def|1
|move|p2a: Alomomola|Flip Turn|p1a: Zamazenta
|-damage|p1a: Zamazenta|86/100
|
|t:|1781530274
|switch|p2a: Slowking|Slowking-Galar, F, shiny|100/100|[from] Flip Turn
|
|-weather|Snowscape|[upkeep]
|upkeep
|turn|17
|
|t:|1781530282
|move|p1a: Zamazenta|Crunch|p2a: Slowking
|-supereffective|p2a: Slowking
|-damage|p2a: Slowking|65/100
|move|p2a: Slowking|Toxic|p1a: Zamazenta
|-status|p1a: Zamazenta|tox
|
|-weather|Snowscape|[upkeep]
|-heal|p2a: Slowking|71/100|[from] item: Black Sludge
|-damage|p1a: Zamazenta|80/100 tox|[from] psn
|upkeep
|turn|18
|
|t:|1781530288
|switch|p1a: Zapdos|Zapdos|82/100 tox
|-prepare|p2a: Slowking|Chilly Reception|[premajor]
|move|p2a: Slowking|Chilly Reception|p2a: Slowking
|
|t:|1781530291
|switch|p2a: Ting-Lu|Ting-Lu, shiny|100/100|[from] Chilly Reception
|-ability|p2a: Ting-Lu|Vessel of Ruin
|
|-weather|Snowscape|[upkeep]
|-damage|p1a: Zapdos|76/100 tox|[from] psn
|upkeep
|turn|19
|
|t:|1781530295
|switch|p2a: Alomomola|Alomomola, F|100/100
|move|p1a: Zapdos|Hurricane|p2a: Alomomola
|-crit|p2a: Alomomola
|-damage|p2a: Alomomola|44/100
|
|-weather|none
|-damage|p1a: Zapdos|63/100 tox|[from] psn
|upkeep
|turn|20
|
|t:|1781530301
|switch|p1a: Dragonite|Dragonite, F, shiny|100/100
|switch|p2a: Ting-Lu|Ting-Lu, shiny|100/100
|-ability|p2a: Ting-Lu|Vessel of Ruin
|
|upkeep
|turn|21
|
|t:|1781530312
|move|p1a: Dragonite|Dragon Dance|p1a: Dragonite
|-boost|p1a: Dragonite|atk|1
|-boost|p1a: Dragonite|spe|1
|move|p2a: Ting-Lu|Stone Edge|p1a: Dragonite
|-supereffective|p1a: Dragonite
|-damage|p1a: Dragonite|48/100
|
|upkeep
|turn|22
|
|t:|1781530318
|move|p1a: Dragonite|Outrage|p2a: Ting-Lu
|-damage|p2a: Ting-Lu|43/100
|move|p2a: Ting-Lu|Stone Edge|p1a: Dragonite|[miss]
|-miss|p2a: Ting-Lu|p1a: Dragonite
|
|upkeep
|turn|23
|
|t:|1781530326
|switch|p2a: Cinderace|Cinderace, F|30/100
|move|p1a: Dragonite|Outrage|p2a: Cinderace|[from] lockedmove
|-damage|p2a: Cinderace|0 fnt
|faint|p2a: Cinderace
|-start|p1a: Dragonite|confusion|[fatigue]
|
|upkeep
|
|t:|1781530331
|switch|p2a: Slowking|Slowking-Galar, F, shiny|100/100
|turn|24
|
|t:|1781530334
|-activate|p1a: Dragonite|confusion
|-damage|p1a: Dragonite|22/100|[from] confusion
|move|p2a: Slowking|Ice Beam|p1a: Dragonite
|-supereffective|p1a: Dragonite
|-crit|p1a: Dragonite
|-damage|p1a: Dragonite|0 fnt
|faint|p1a: Dragonite
|
|upkeep
|
|t:|1781530343
|switch|p1a: Zamazenta|Zamazenta|80/100 tox
|turn|25
|
|t:|1781530350
|move|p1a: Zamazenta|Crunch|p2a: Slowking
|-supereffective|p2a: Slowking
|-damage|p2a: Slowking|64/100
|-prepare|p2a: Slowking|Chilly Reception|[premajor]
|move|p2a: Slowking|Chilly Reception|p2a: Slowking
|-weather|Snowscape
|
|t:|1781530352
|switch|p2a: Alomomola|Alomomola, F|77/100|[from] Chilly Reception
|
|-weather|Snowscape|[upkeep]
|-damage|p1a: Zamazenta|74/100 tox|[from] psn
|upkeep
|turn|26
|
|t:|1781530358
|switch|p1a: Zapdos|Zapdos|63/100 tox
|switch|p2a: Slowking|Slowking-Galar, F, shiny|97/100
|
|-weather|Snowscape|[upkeep]
|-heal|p2a: Slowking|100/100|[from] item: Black Sludge
|-damage|p1a: Zapdos|57/100 tox|[from] psn
|upkeep
|turn|27
|
|t:|1781530364
|move|p1a: Zapdos|Hurricane|p2a: Slowking|[miss]
|-miss|p1a: Zapdos|p2a: Slowking
|-prepare|p2a: Slowking|Chilly Reception|[premajor]
|move|p2a: Slowking|Chilly Reception|p2a: Slowking
|
|t:|1781530366
|switch|p2a: Alomomola|Alomomola, F|100/100|[from] Chilly Reception
|
|-weather|Snowscape|[upkeep]
|-damage|p1a: Zapdos|44/100 tox|[from] psn
|upkeep
|turn|28
|
|t:|1781530377
|move|p1a: Zapdos|Hurricane|p2a: Alomomola
|-damage|p2a: Alomomola|65/100
|move|p2a: Alomomola|Flip Turn|p1a: Zapdos
|-crit|p1a: Zapdos
|-damage|p1a: Zapdos|0 fnt
|faint|p1a: Zapdos
|
|t:|1781530380
|switch|p2a: Slowking|Slowking-Galar, F, shiny|100/100|[from] Flip Turn
|
|-weather|Snowscape|[upkeep]
|upkeep
|
|t:|1781530386
|switch|p1a: Zamazenta|Zamazenta|74/100 tox
|turn|29
|
|t:|1781530397
|move|p1a: Zamazenta|Crunch|p2a: Slowking
|-supereffective|p2a: Slowking
|-damage|p2a: Slowking|65/100
|-prepare|p2a: Slowking|Chilly Reception|[premajor]
|move|p2a: Slowking|Chilly Reception|p2a: Slowking
|
|t:|1781530399
|switch|p2a: Alomomola|Alomomola, F|98/100|[from] Chilly Reception
|
|-weather|none
|-damage|p1a: Zamazenta|68/100 tox|[from] psn
|upkeep
|turn|30
|
|t:|1781530405
|move|p1a: Zamazenta|Close Combat|p2a: Alomomola
|-damage|p2a: Alomomola|49/100
|-unboost|p1a: Zamazenta|def|1
|-unboost|p1a: Zamazenta|spd|1
|move|p2a: Alomomola|Flip Turn|p1a: Zamazenta
|-damage|p1a: Zamazenta|35/100 tox
|
|t:|1781530409
|switch|p2a: Slowking|Slowking-Galar, F, shiny|99/100|[from] Flip Turn
|
|-heal|p2a: Slowking|100/100|[from] item: Black Sludge
|-damage|p1a: Zamazenta|23/100 tox|[from] psn
|upkeep
|turn|31
|
|t:|1781530412
|move|p1a: Zamazenta|Crunch|p2a: Slowking
|-supereffective|p2a: Slowking
|-damage|p2a: Slowking|62/100
|-unboost|p2a: Slowking|def|1
|-prepare|p2a: Slowking|Chilly Reception|[premajor]
|move|p2a: Slowking|Chilly Reception|p2a: Slowking
|-weather|Snowscape
|
|t:|1781530417
|switch|p2a: Alomomola|Alomomola, F|82/100|[from] Chilly Reception
|
|-weather|Snowscape|[upkeep]
|-damage|p1a: Zamazenta|4/100 tox|[from] psn
|upkeep
|turn|32
|
|t:|1781530434
|move|p2a: Alomomola|Aqua Jet|p1a: Zamazenta
|-damage|p1a: Zamazenta|0 fnt
|faint|p1a: Zamazenta
|
|-weather|Snowscape|[upkeep]
|upkeep
|
|t:|1781530436
|switch|p1a: Ceruledge|Ceruledge, F|100/100
|-damage|p1a: Ceruledge|88/100|[from] Spikes
|turn|33
|
|t:|1781530439
|move|p1a: Ceruledge|Swords Dance|p1a: Ceruledge
|-boost|p1a: Ceruledge|atk|2
|move|p2a: Alomomola|Liquidation|p1a: Ceruledge
|-supereffective|p1a: Ceruledge
|-damage|p1a: Ceruledge|1/100
|-unboost|p1a: Ceruledge|def|1
|-ability|p1a: Ceruledge|Weak Armor|boost
|-unboost|p1a: Ceruledge|def|1
|-boost|p1a: Ceruledge|spe|2
|
|-weather|Snowscape|[upkeep]
|upkeep
|turn|34
|c|☆22dt|ggs
|c|☆PepsiEnby|gg
|
|t:|1781530450
|move|p1a: Ceruledge|Shadow Sneak|p2a: Alomomola
|-damage|p2a: Alomomola|47/100
|move|p2a: Alomomola|Aqua Jet|p1a: Ceruledge
|-supereffective|p1a: Ceruledge
|-crit|p1a: Ceruledge
|-damage|p1a: Ceruledge|0 fnt
|faint|p1a: Ceruledge
|
|win|PepsiEnby
|raw|22dt's rating: 1676 &rarr; <strong>1659</strong><br />(-17 for losing)
|raw|PepsiEnby's rating: 1731 &rarr; <strong>1748</strong><br />(+17 for winning)
|l|☆PepsiEnby
|player|p2|
|l| Shimeon91
|l| SableWallJade
|l|☆22dt
|player|p1|
|l| peeekapeee
