|badge|p2|bronze|gen9ou|100-9
|uhtml|medal-msg|<div class="broadcast-blue">Curious what those medals under the avatar are? PS now has Ladder Seasons! For more information, check out the <a href="https://www.smogon.com/forums/threads/3740067/">thread on Smogon.</a></div>
|j|☆cachowcapow
|j|☆hawkins0
|t:|1781360179
|gametype|singles
|player|p1|cachowcapow|170|1753
|player|p2|hawkins0|169|1838
|gen|9
|tier|[Gen 9] OU
|rated|
|rule|HP Percentage Mod: HP is shown in percentages
|rule|Endless Battle Clause: Forcing endless battles is banned
|rule|Species Clause: Limit one of each Pokémon
|rule|OHKO Clause: OHKO moves are banned
|rule|Evasion Items Clause: Evasion items are banned
|rule|Evasion Moves Clause: Evasion moves are banned
|rule|Evasion Abilities Clause: Evasion abilities are banned
|rule|Sleep Moves Clause: Sleep-inducing moves are banned
|clearpoke
|poke|p1|Alomomola, F|
|poke|p1|Gardevoir, F|
|poke|p1|Scizor, F|
|poke|p1|Slither Wing|
|poke|p1|Mew|
|poke|p1|Meowscarada, F|
|poke|p2|Hoopa-Unbound|
|poke|p2|Pecharunt|
|poke|p2|Landorus-Therian, M|
|poke|p2|Cinderace, M|
|poke|p2|Alomomola, M|
|poke|p2|Iron Valiant|
|teampreview
|
|t:|1781360191
|teamsize|p1|6
|teamsize|p2|6
|start
|switch|p1a: Meowscarada|Meowscarada, F|100/100
|switch|p2a: Enten|Landorus-Therian, M, shiny|100/100
|-ability|p2a: Enten|Intimidate|boost
|-unboost|p1a: Meowscarada|atk|1
|turn|1
|
|t:|1781360194
|switch|p2a: Pisces|Alomomola, M, shiny|100/100
|switch|p1a: Slither Wing|Slither Wing|100/100
|
|upkeep
|turn|2
|
|t:|1781360197
|move|p1a: Slither Wing|Will-O-Wisp|p2a: Pisces
|-status|p2a: Pisces|brn
|move|p2a: Pisces|Flip Turn|p1a: Slither Wing
|-damage|p1a: Slither Wing|94/100
|-damage|p2a: Pisces|84/100 brn|[from] item: Rocky Helmet|[of] p1a: Slither Wing
|
|t:|1781360203
|switch|p2a: Calamity|Iron Valiant, shiny|100/100|[from] Flip Turn
|
|upkeep
|turn|3
|
|t:|1781360218
|-end|p1a: Slither Wing|Protosynthesis|[silent]
|switch|p1a: Scizor|Scizor, F|100/100
|move|p2a: Calamity|Moonblast|p1a: Scizor
|-resisted|p1a: Scizor
|-damage|p1a: Scizor|71/100
|
|upkeep
|turn|4
|
|t:|1781360243
|-end|p2a: Calamity|Quark Drive|[silent]
|switch|p2a: Enten|Landorus-Therian, M, shiny|100/100
|-ability|p2a: Enten|Intimidate|boost
|-unboost|p1a: Scizor|atk|1
|move|p1a: Scizor|Knock Off|p2a: Enten
|-damage|p2a: Enten|78/100
|-enditem|p2a: Enten|Choice Scarf|[from] move: Knock Off|[of] p1a: Scizor
|
|upkeep
|turn|5
|
|t:|1781360253
|switch|p1a: Slither Wing|Slither Wing|94/100
|move|p2a: Enten|U-turn|p1a: Slither Wing
|-resisted|p1a: Slither Wing
|-damage|p1a: Slither Wing|85/100
|-damage|p2a: Enten|61/100|[from] item: Rocky Helmet|[of] p1a: Slither Wing
|
|t:|1781360257
|switch|p2a: Calamity|Iron Valiant, shiny|100/100|[from] U-turn
|
|upkeep
|turn|6
|
|t:|1781360263
|-end|p1a: Slither Wing|Protosynthesis|[silent]
|switch|p1a: Scizor|Scizor, F|71/100
|move|p2a: Calamity|Moonblast|p1a: Scizor
|-resisted|p1a: Scizor
|-damage|p1a: Scizor|44/100
|-unboost|p1a: Scizor|spa|1
|
|upkeep
|turn|7
|j| haqikuxia哈奇酷侠
|
|t:|1781360273
|switch|p1a: Alomomola|Alomomola, F|100/100
|-terastallize|p2a: Calamity|Fairy
|move|p2a: Calamity|Moonblast|p1a: Alomomola
|-damage|p1a: Alomomola|0 fnt
|faint|p1a: Alomomola
|
|upkeep
|
|t:|1781360281
|switch|p1a: Scizor|Scizor, F|44/100
|turn|8
|l| haqikuxia哈奇酷侠
|
|t:|1781360290
|-end|p2a: Calamity|Quark Drive|[silent]
|switch|p2a: Enten|Landorus-Therian, M, shiny|61/100
|-ability|p2a: Enten|Intimidate|boost
|-unboost|p1a: Scizor|atk|1
|move|p1a: Scizor|Bullet Punch|p2a: Enten
|-damage|p2a: Enten|39/100
|
|upkeep
|turn|9
|j| choispecs ironmoth
|
|t:|1781360314
|switch|p2a: Calamity|Iron Valiant, shiny, tera:Fairy|100/100
|move|p1a: Scizor|Swords Dance|p1a: Scizor
|-boost|p1a: Scizor|atk|2
|
|upkeep
|turn|10
|
|t:|1781360321
|-end|p2a: Calamity|Quark Drive|[silent]
|switch|p2a: Enten|Landorus-Therian, M, shiny|39/100
|-ability|p2a: Enten|Intimidate|boost
|-unboost|p1a: Scizor|atk|1
|move|p1a: Scizor|Bullet Punch|p2a: Enten
|-damage|p2a: Enten|8/100
|
|upkeep
|turn|11
|
|t:|1781360330
|move|p1a: Scizor|Bullet Punch|p2a: Enten
|-damage|p2a: Enten|0 fnt
|faint|p2a: Enten
|
|upkeep
|
|t:|1781360332
|switch|p2a: Liberacy|Cinderace, M, shiny|100/100
|turn|12
|
|t:|1781360338
|switch|p1a: Mew|Mew, shiny|100/100
|move|p2a: Liberacy|U-turn|p1a: Mew
|-start|p2a: Liberacy|typechange|Bug|[from] ability: Libero
|-supereffective|p1a: Mew
|-damage|p1a: Mew|60/100
|-enditem|p1a: Mew|Weakness Policy
|-boost|p1a: Mew|atk|2|[from] item: Weakness Policy
|-boost|p1a: Mew|spa|2|[from] item: Weakness Policy
|
|t:|1781360342
|switch|p2a: Calamity|Iron Valiant, shiny, tera:Fairy|100/100|[from] U-turn
|
|upkeep
|turn|13
|
|t:|1781360345
|move|p2a: Calamity|Moonblast|p1a: Mew
|-damage|p1a: Mew|0 fnt
|faint|p1a: Mew
|
|upkeep
|
|t:|1781360348
|switch|p1a: Meowscarada|Meowscarada, F|100/100
|turn|14
|
|t:|1781360353
|-end|p2a: Calamity|Quark Drive|[silent]
|switch|p2a: Overseer|Pecharunt|100/100
|move|p1a: Meowscarada|U-turn|p2a: Overseer
|-start|p1a: Meowscarada|typechange|Bug|[from] ability: Protean
|-resisted|p2a: Overseer
|-damage|p2a: Overseer|98/100
|
|t:|1781360360
|switch|p1a: Gardevoir|Gardevoir, F, shiny|100/100|[from] U-turn
|
|upkeep
|turn|15
|
|t:|1781360365
|switch|p2a: Pisces|Alomomola, M, shiny|100/100 brn
|-ability|p1a: Gardevoir|Regenerator|Trace|[from] ability: Trace|[of] p2a: Pisces
|-terastallize|p1a: Gardevoir|Fairy
|move|p1a: Gardevoir|Moonblast|p2a: Pisces
|-damage|p2a: Pisces|44/100 brn
|-unboost|p2a: Pisces|spa|1
|
|-damage|p2a: Pisces|38/100 brn|[from] brn
|upkeep
|turn|16
|
|t:|1781360378
|switch|p2a: Overseer|Pecharunt|98/100
|move|p1a: Gardevoir|Moonblast|p2a: Overseer
|-resisted|p2a: Overseer
|-damage|p2a: Overseer|43/100
|-unboost|p2a: Overseer|spa|1
|
|upkeep
|turn|17
|
|t:|1781360385
|switch|p2a: Liberacy|Cinderace, M, shiny|100/100
|move|p1a: Gardevoir|Moonblast|p2a: Liberacy
|-resisted|p2a: Liberacy
|-damage|p2a: Liberacy|20/100
|
|upkeep
|turn|18
|j| MASSIVE67
|
|t:|1781360390
|move|p2a: Liberacy|Pyro Ball|p1a: Gardevoir
|-damage|p1a: Gardevoir|2/100
|move|p1a: Gardevoir|Moonblast|p2a: Liberacy
|-resisted|p2a: Liberacy
|-damage|p2a: Liberacy|0 fnt
|faint|p2a: Liberacy
|
|upkeep
|
|t:|1781360398
|switch|p2a: Calamity|Iron Valiant, shiny, tera:Fairy|100/100
|turn|19
|
|t:|1781360412
|move|p2a: Calamity|Moonblast|p1a: Gardevoir
|-damage|p1a: Gardevoir|0 fnt
|faint|p1a: Gardevoir
|
|upkeep
|
|t:|1781360414
|switch|p1a: Meowscarada|Meowscarada, F|100/100
|turn|20
|
|t:|1781360417
|move|p1a: Meowscarada|Dark Pulse|p2a: Calamity
|-start|p1a: Meowscarada|typechange|Dark|[from] ability: Protean
|-resisted|p2a: Calamity
|-damage|p2a: Calamity|60/100
|cant|p2a: Calamity|flinch
|
|upkeep
|turn|21
|
|t:|1781360426
|move|p1a: Meowscarada|Dark Pulse|p2a: Calamity
|-resisted|p2a: Calamity
|-damage|p2a: Calamity|20/100
|cant|p2a: Calamity|flinch
|
|upkeep
|turn|22
|
|t:|1781360433
|-end|p2a: Calamity|Quark Drive|[silent]
|switch|p2a: Khaos|Hoopa-Unbound|100/100
|move|p1a: Meowscarada|Dark Pulse|p2a: Khaos
|-damage|p2a: Khaos|63/100
|
|upkeep
|turn|23
|
|t:|1781360438
|move|p1a: Meowscarada|Dark Pulse|p2a: Khaos
|-damage|p2a: Khaos|24/100
|move|p2a: Khaos|Drain Punch|p1a: Meowscarada
|-supereffective|p1a: Meowscarada
|-damage|p1a: Meowscarada|0 fnt
|-heal|p2a: Khaos|71/100|[from] drain|[of] p1a: Meowscarada
|faint|p1a: Meowscarada
|
|upkeep
|
|t:|1781360440
|switch|p1a: Slither Wing|Slither Wing|85/100
|turn|24
|
|t:|1781360449
|move|p2a: Khaos|Drain Punch|p1a: Slither Wing
|-resisted|p1a: Slither Wing
|-damage|p1a: Slither Wing|66/100
|-heal|p2a: Khaos|82/100|[from] drain|[of] p1a: Slither Wing
|-damage|p2a: Khaos|66/100|[from] item: Rocky Helmet|[of] p1a: Slither Wing
|move|p1a: Slither Wing|U-turn|p2a: Khaos
|-supereffective|p2a: Khaos
|-damage|p2a: Khaos|0 fnt
|faint|p2a: Khaos
|
|t:|1781360455
|-end|p1a: Slither Wing|Protosynthesis|[silent]
|switch|p1a: Scizor|Scizor, F|44/100|[from] U-turn
|
|upkeep
|
|t:|1781360457
|switch|p2a: Overseer|Pecharunt|43/100
|turn|25
|
|t:|1781360460
|move|p2a: Overseer|Recover|p2a: Overseer
|-heal|p2a: Overseer|93/100
|move|p1a: Scizor|Swords Dance|p1a: Scizor
|-boost|p1a: Scizor|atk|2
|
|upkeep
|turn|26
|
|t:|1781360465
|move|p2a: Overseer|Shadow Ball|p1a: Scizor
|-damage|p1a: Scizor|24/100
|-unboost|p1a: Scizor|spd|1
|move|p1a: Scizor|Knock Off|p2a: Overseer
|-supereffective|p2a: Overseer
|-damage|p2a: Overseer|42/100
|-enditem|p2a: Overseer|Heavy-Duty Boots|[from] move: Knock Off|[of] p1a: Scizor
|
|upkeep
|turn|27
|
|t:|1781360473
|move|p2a: Overseer|Shadow Ball|p1a: Scizor
|-damage|p1a: Scizor|0 fnt
|faint|p1a: Scizor
|
|upkeep
|-message|cachowcapow forfeited.
|
|win|hawkins0
|raw|cachowcapow's rating: 1753 &rarr; <strong>1738</strong><br />(-15 for losing)
|raw|hawkins0's rating: 1838 &rarr; <strong>1853</strong><br />(+15 for winning)
|l|☆cachowcapow
|player|p1|
|l| choispecs ironmoth
|j| choispecs ironmoth
|l| MASSIVE67
