|j|☆silver jay#2240
|j|☆amiruae
|t:|1781116810
|gametype|singles
|player|p1|silver jay#2240|grusha|1661
|player|p2|amiruae|palmer|1603
|gen|9
|tier|[Gen 9] OU
|rated|
|rule|HP Percentage Mod: HP is shown in percentages
|rule|Endless Battle Clause: Forcing endless battles is banned
|rule|Species Clause: Limit one of each Pokémon
|rule|OHKO Clause: OHKO moves are banned
|rule|Evasion Items Clause: Evasion items are banned
|rule|Evasion Moves Clause: Evasion moves are banned
|rule|Evasion Abilities Clause: Evasion abilities are banned
|rule|Sleep Moves Clause: Sleep-inducing moves are banned
|clearpoke
|poke|p1|Iron Hands|
|poke|p1|Samurott-Hisui, M|
|poke|p1|Iron Valiant|
|poke|p1|Iron Treads|
|poke|p1|Dragonite, M|
|poke|p1|Deoxys-Speed|
|poke|p2|Dragonite, M|
|poke|p2|Moltres|
|poke|p2|Iron Moth|
|poke|p2|Iron Boulder|
|poke|p2|Zapdos-Galar|
|poke|p2|Rotom-Wash|
|teampreview
|inactive|Battle timer is ON: inactive players will automatically lose when time's up. (requested by amiruae)
|c|☆silver jay#2240|hf
|inactive|silver jay#2240 has 120 seconds left.
|
|t:|1781116851
|teamsize|p1|6
|teamsize|p2|6
|start
|switch|p1a: Samurott|Samurott-Hisui, M|100/100
|switch|p2a: Rotom|Rotom-Wash|100/100
|turn|1
|
|t:|1781116856
|switch|p1a: Iron Hands|Iron Hands|100/100
|move|p2a: Rotom|Thunderbolt|p1a: Iron Hands
|-resisted|p1a: Iron Hands
|-damage|p1a: Iron Hands|83/100
|
|upkeep
|turn|2
|
|t:|1781116866
|move|p2a: Rotom|Will-O-Wisp|p1a: Iron Hands|[miss]
|-miss|p2a: Rotom|p1a: Iron Hands
|move|p1a: Iron Hands|Swords Dance|p1a: Iron Hands
|-boost|p1a: Iron Hands|atk|2
|
|upkeep
|turn|3
|
|t:|1781116870
|move|p2a: Rotom|Will-O-Wisp|p1a: Iron Hands
|-status|p1a: Iron Hands|brn
|move|p1a: Iron Hands|Swords Dance|p1a: Iron Hands
|-boost|p1a: Iron Hands|atk|2
|
|-damage|p1a: Iron Hands|76/100 brn|[from] brn
|upkeep
|turn|4
|
|t:|1781116878
|move|p2a: Rotom|Nasty Plot|p2a: Rotom
|-boost|p2a: Rotom|spa|2
|move|p1a: Iron Hands|Swords Dance|p1a: Iron Hands
|-boost|p1a: Iron Hands|atk|2
|
|-damage|p1a: Iron Hands|70/100 brn|[from] brn
|upkeep
|turn|5
|
|t:|1781116882
|move|p2a: Rotom|Hydro Pump|p1a: Iron Hands
|-damage|p1a: Iron Hands|0 fnt
|faint|p1a: Iron Hands
|-end|p1a: Iron Hands|Quark Drive|[silent]
|
|upkeep
|
|t:|1781116893
|switch|p1a: Iron Valiant|Iron Valiant|100/100
|-enditem|p1a: Iron Valiant|Booster Energy
|-activate|p1a: Iron Valiant|ability: Quark Drive|[fromitem]
|-start|p1a: Iron Valiant|quarkdrivespe
|turn|6
|
|t:|1781116896
|move|p1a: Iron Valiant|Destiny Bond|p1a: Iron Valiant
|-singlemove|p1a: Iron Valiant|Destiny Bond
|move|p2a: Rotom|Thunderbolt|p1a: Iron Valiant
|-damage|p1a: Iron Valiant|0 fnt
|faint|p1a: Iron Valiant
|-activate|p1a: Iron Valiant|move: Destiny Bond
|-end|p1a: Iron Valiant|Quark Drive|[silent]
|faint|p2a: Rotom
|
|upkeep
|
|t:|1781116921
|switch|p1a: Dragonite|Dragonite, M|100/100
|switch|p2a: Iron Boulder|Iron Boulder|100/100
|-enditem|p2a: Iron Boulder|Booster Energy
|-activate|p2a: Iron Boulder|ability: Quark Drive|[fromitem]
|-start|p2a: Iron Boulder|quarkdrivespe
|turn|7
|
|t:|1781116929
|move|p2a: Iron Boulder|Mighty Cleave|p1a: Dragonite
|-supereffective|p1a: Dragonite
|-damage|p1a: Dragonite|48/100
|move|p1a: Dragonite|Outrage|p2a: Iron Boulder
|-damage|p2a: Iron Boulder|0 fnt
|faint|p2a: Iron Boulder
|-end|p2a: Iron Boulder|Quark Drive|[silent]
|-damage|p1a: Dragonite|38/100|[from] item: Life Orb
|
|upkeep
|
|t:|1781116943
|switch|p2a: Iron Moth|Iron Moth|100/100
|-enditem|p2a: Iron Moth|Booster Energy
|-activate|p2a: Iron Moth|ability: Quark Drive|[fromitem]
|-start|p2a: Iron Moth|quarkdrivespe
|turn|8
|
|t:|1781116947
|move|p2a: Iron Moth|Dazzling Gleam|p1a: Dragonite
|-supereffective|p1a: Dragonite
|-damage|p1a: Dragonite|0 fnt
|faint|p1a: Dragonite
|
|upkeep
|
|t:|1781116955
|switch|p1a: Samurott|Samurott-Hisui, M|100/100
|turn|9
|
|t:|1781116967
|-terastallize|p2a: Iron Moth|Grass
|move|p2a: Iron Moth|Energy Ball|p1a: Samurott
|-supereffective|p1a: Samurott
|-damage|p1a: Samurott|39/100
|move|p1a: Samurott|Ceaseless Edge|p2a: Iron Moth
|-damage|p2a: Iron Moth|32/100
|-sidestart|p2: amiruae|Spikes
|
|upkeep
|turn|10
|
|t:|1781116985
|-terastallize|p1a: Samurott|Poison
|move|p2a: Iron Moth|Energy Ball|p1a: Samurott
|-resisted|p1a: Samurott
|-damage|p1a: Samurott|22/100
|move|p1a: Samurott|Ceaseless Edge|p2a: Iron Moth
|-damage|p2a: Iron Moth|0 fnt
|-sidestart|p2: amiruae|Spikes
|faint|p2a: Iron Moth
|-end|p2a: Iron Moth|Quark Drive|[silent]
|
|upkeep
|
|t:|1781116993
|switch|p2a: Moltres|Moltres|100/100
|turn|11
|
|t:|1781116996
|move|p1a: Samurott|Aqua Cutter|p2a: Moltres
|-supereffective|p2a: Moltres
|-crit|p2a: Moltres
|-damage|p2a: Moltres|0 fnt
|faint|p2a: Moltres
|
|upkeep
|
|t:|1781117011
|switch|p2a: Zapdos|Zapdos-Galar|100/100
|turn|12
|
|t:|1781117015
|move|p2a: Zapdos|Knock Off|p1a: Samurott
|-damage|p1a: Samurott|0 fnt
|-enditem|p1a: Samurott|Assault Vest|[from] move: Knock Off|[of] p2a: Zapdos
|faint|p1a: Samurott
|
|upkeep
|
|t:|1781117021
|switch|p1a: Iron Treads|Iron Treads|100/100
|-item|p1a: Iron Treads|Air Balloon
|turn|13
|
|t:|1781117027
|move|p1a: Iron Treads|Ice Spinner|p2a: Zapdos
|-supereffective|p2a: Zapdos
|-damage|p2a: Zapdos|43/100
|move|p2a: Zapdos|Trailblaze|p1a: Iron Treads
|-damage|p1a: Iron Treads|84/100
|-boost|p2a: Zapdos|spe|1
|-enditem|p1a: Iron Treads|Air Balloon
|
|upkeep
|turn|14
|
|t:|1781117035
|move|p2a: Zapdos|Thunderous Kick|p1a: Iron Treads
|-supereffective|p1a: Iron Treads
|-damage|p1a: Iron Treads|0 fnt
|faint|p1a: Iron Treads
|-end|p1a: Iron Treads|Quark Drive|[silent]
|
|upkeep
|
|t:|1781117038
|switch|p1a: Deoxys|Deoxys-Speed|100/100
|-ability|p1a: Deoxys|Pressure
|turn|15
|
|t:|1781117043
|move|p1a: Deoxys|Iron Defense|p1a: Deoxys
|-boost|p1a: Deoxys|def|2
|move|p2a: Zapdos|Brave Bird|p1a: Deoxys
|-damage|p1a: Deoxys|61/100
|-damage|p2a: Zapdos|31/100|[from] Recoil
|
|-heal|p1a: Deoxys|67/100|[from] item: Leftovers
|upkeep
|turn|16
|
|t:|1781117049
|move|p1a: Deoxys|Iron Defense|p1a: Deoxys
|-boost|p1a: Deoxys|def|2
|move|p2a: Zapdos|Knock Off|p1a: Deoxys
|-supereffective|p1a: Deoxys
|-damage|p1a: Deoxys|36/100
|-enditem|p1a: Deoxys|Leftovers|[from] move: Knock Off|[of] p2a: Zapdos
|
|upkeep
|turn|17
|
|t:|1781117059
|move|p1a: Deoxys|Recover|p1a: Deoxys
|-heal|p1a: Deoxys|86/100
|move|p2a: Zapdos|Knock Off|p1a: Deoxys
|-supereffective|p1a: Deoxys
|-damage|p1a: Deoxys|66/100
|
|upkeep
|turn|18
|
|t:|1781117064
|move|p1a: Deoxys|Iron Defense|p1a: Deoxys
|-boost|p1a: Deoxys|def|2
|move|p2a: Zapdos|Knock Off|p1a: Deoxys
|-supereffective|p1a: Deoxys
|-damage|p1a: Deoxys|50/100
|
|upkeep
|turn|19
|
|t:|1781117067
|switch|p2a: Dragonite|Dragonite, M|100/100
|move|p1a: Deoxys|Recover|p1a: Deoxys
|-heal|p1a: Deoxys|99/100
|
|upkeep
|turn|20
|
|t:|1781117071
|move|p1a: Deoxys|Stored Power|p2a: Dragonite
|-damage|p2a: Dragonite|78/100
|move|p2a: Dragonite|Encore|p1a: Deoxys
|-start|p1a: Deoxys|Encore
|
|upkeep
|turn|21
|
|t:|1781117079
|move|p1a: Deoxys|Stored Power|p2a: Dragonite
|-damage|p2a: Dragonite|31/100
|move|p2a: Dragonite|Dragon Dance|p2a: Dragonite
|-boost|p2a: Dragonite|atk|1
|-boost|p2a: Dragonite|spe|1
|
|upkeep
|turn|22
|
|t:|1781117081
|move|p1a: Deoxys|Stored Power|p2a: Dragonite
|-damage|p2a: Dragonite|0 fnt
|faint|p2a: Dragonite
|
|upkeep
|c|☆silver jay#2240|gg
|
|t:|1781117084
|switch|p2a: Zapdos|Zapdos-Galar|31/100
|turn|23
|
|t:|1781117086
|move|p1a: Deoxys|Stored Power|p2a: Zapdos
|-supereffective|p2a: Zapdos
|-damage|p2a: Zapdos|0 fnt
|faint|p2a: Zapdos
|
|win|silver jay#2240
|raw|silver jay#2240's rating: 1661 &rarr; <strong>1678</strong><br />(+17 for winning)
|raw|amiruae's rating: 1603 &rarr; <strong>1586</strong><br />(-17 for losing)
|l|☆amiruae
|player|p2|
|l|☆silver jay#2240
|player|p1|
