|j|☆Iggy Sent Me
|j|☆sethypooh
|t:|1781209731
|gametype|singles
|player|p1|Iggy Sent Me|veteran|1580
|player|p2|sethypooh|pokemaniac|1634
|gen|9
|tier|[Gen 9] OU
|rated|
|rule|HP Percentage Mod: HP is shown in percentages
|rule|Endless Battle Clause: Forcing endless battles is banned
|rule|Species Clause: Limit one of each Pokémon
|rule|OHKO Clause: OHKO moves are banned
|rule|Evasion Items Clause: Evasion items are banned
|rule|Evasion Moves Clause: Evasion moves are banned
|rule|Evasion Abilities Clause: Evasion abilities are banned
|rule|Sleep Moves Clause: Sleep-inducing moves are banned
|clearpoke
|poke|p1|Rotom-Heat|
|poke|p1|Garchomp, M|
|poke|p1|Tornadus-Therian, M|
|poke|p1|Hatterene, F|
|poke|p1|Great Tusk|
|poke|p1|Darkrai|
|poke|p2|Raging Bolt|
|poke|p2|Ribombee, F|
|poke|p2|Gholdengo|
|poke|p2|Great Tusk|
|poke|p2|Ogerpon-Cornerstone, F|
|poke|p2|Ceruledge, F|
|teampreview
|inactive|Battle timer is ON: inactive players will automatically lose when time's up. (requested by Iggy Sent Me)
|inactive|Iggy Sent Me has 120 seconds left.
|
|t:|1781209774
|teamsize|p1|6
|teamsize|p2|6
|start
|switch|p1a: Rotom|Rotom-Heat|100/100
|switch|p2a: Ceruledge|Ceruledge, F, shiny|100/100
|turn|1
|
|t:|1781209788
|move|p1a: Rotom|Volt Switch|p2a: Ceruledge
|-damage|p2a: Ceruledge|63/100
|inactive|Iggy Sent Me has 120 seconds left.
|
|t:|1781209814
|switch|p1a: Darkrai|Darkrai|100/100|[from] Volt Switch
|move|p2a: Ceruledge|Poltergeist|p1a: Darkrai
|-activate|p1a: Darkrai|move: Poltergeist|Leftovers
|-resisted|p1a: Darkrai
|-damage|p1a: Darkrai|62/100
|
|-heal|p1a: Darkrai|68/100|[from] item: Leftovers
|upkeep
|turn|2
|
|t:|1781209823
|-terastallize|p2a: Ceruledge|Fighting
|move|p1a: Darkrai|Dark Pulse|p2a: Ceruledge
|-resisted|p2a: Ceruledge
|-damage|p2a: Ceruledge|36/100
|move|p2a: Ceruledge|Close Combat|p1a: Darkrai
|-supereffective|p1a: Darkrai
|-damage|p1a: Darkrai|0 fnt
|-unboost|p2a: Ceruledge|def|1
|-unboost|p2a: Ceruledge|spd|1
|faint|p1a: Darkrai
|
|upkeep
|
|t:|1781209833
|switch|p1a: Rotom|Rotom-Heat|100/100
|turn|3
|
|t:|1781209839
|switch|p2a: Great Tusk|Great Tusk, shiny|100/100
|-enditem|p2a: Great Tusk|Booster Energy
|-activate|p2a: Great Tusk|ability: Protosynthesis|[fromitem]
|-start|p2a: Great Tusk|protosynthesisatk
|move|p1a: Rotom|Overheat|p2a: Great Tusk
|-damage|p2a: Great Tusk|16/100
|-unboost|p1a: Rotom|spa|2
|
|upkeep
|turn|4
|
|t:|1781209849
|move|p1a: Rotom|Overheat|p2a: Great Tusk
|-damage|p2a: Great Tusk|0 fnt
|-unboost|p1a: Rotom|spa|2
|faint|p2a: Great Tusk
|-end|p2a: Great Tusk|Protosynthesis|[silent]
|
|upkeep
|
|t:|1781209863
|switch|p2a: Raging Bolt|Raging Bolt|100/100
|-enditem|p2a: Raging Bolt|Booster Energy
|-activate|p2a: Raging Bolt|ability: Protosynthesis|[fromitem]
|-start|p2a: Raging Bolt|protosynthesisspa
|turn|5
|
|t:|1781209873
|switch|p1a: Great Tusk|Great Tusk|100/100
|move|p2a: Raging Bolt|Dragon Pulse|p1a: Great Tusk
|-damage|p1a: Great Tusk|41/100
|
|upkeep
|turn|6
|
|t:|1781209878
|move|p2a: Raging Bolt|Dragon Pulse|p1a: Great Tusk
|-damage|p1a: Great Tusk|0 fnt
|faint|p1a: Great Tusk
|-end|p1a: Great Tusk|Protosynthesis|[silent]
|
|upkeep
|inactive|Iggy Sent Me has 120 seconds left.
|
|t:|1781209932
|switch|p1a: Rotom|Rotom-Heat|100/100
|turn|7
|
|t:|1781209936
|move|p1a: Rotom|Trick|p2a: Raging Bolt
|-activate|p1a: Rotom|move: Trick|[of] p2a: Raging Bolt
|-item|p2a: Raging Bolt|Choice Scarf|[from] move: Trick
|-enditem|p1a: Rotom|Choice Scarf|[silent]|[from] move: Trick
|move|p2a: Raging Bolt|Dragon Pulse|p1a: Rotom
|-damage|p1a: Rotom|8/100
|
|upkeep
|turn|8
|
|t:|1781209940
|switch|p1a: Hatterene|Hatterene, F|100/100
|move|p2a: Raging Bolt|Dragon Pulse|p1a: Hatterene
|-immune|p1a: Hatterene
|
|upkeep
|turn|9
|
|t:|1781209946
|-end|p2a: Raging Bolt|Protosynthesis|[silent]
|switch|p2a: Ceruledge|Ceruledge, F, shiny, tera:Fighting|36/100
|move|p1a: Hatterene|Nuzzle|p2a: Ceruledge
|-crit|p2a: Ceruledge
|-damage|p2a: Ceruledge|29/100
|-status|p2a: Ceruledge|par
|-ability|p2a: Ceruledge|Weak Armor|boost
|-unboost|p2a: Ceruledge|def|1
|-boost|p2a: Ceruledge|spe|2
|
|upkeep
|turn|10
|
|t:|1781209959
|switch|p1a: Rotom|Rotom-Heat|8/100
|move|p2a: Ceruledge|Poltergeist||[still]
|-fail|p2a: Ceruledge
|
|upkeep
|turn|11
|
|t:|1781209965
|move|p2a: Ceruledge|Shadow Sneak|p1a: Rotom
|-damage|p1a: Rotom|0 fnt
|faint|p1a: Rotom
|
|upkeep
|
|t:|1781209972
|switch|p1a: Garchomp|Garchomp, M|100/100
|turn|12
|
|t:|1781209976
|move|p2a: Ceruledge|Poltergeist|p1a: Garchomp|[miss]
|-miss|p2a: Ceruledge|p1a: Garchomp
|move|p1a: Garchomp|Earthquake|p2a: Ceruledge
|-damage|p2a: Ceruledge|0 fnt
|faint|p2a: Ceruledge
|
|upkeep
|
|t:|1781209980
|switch|p2a: Ribombee|Ribombee, F, shiny|100/100
|turn|13
|
|t:|1781209985
|switch|p1a: Hatterene|Hatterene, F|100/100
|move|p2a: Ribombee|Moonblast|p1a: Hatterene
|-damage|p1a: Hatterene|56/100
|
|-heal|p1a: Hatterene|62/100|[from] item: Leftovers
|upkeep
|turn|14
|
|t:|1781209994
|switch|p2a: Gholdengo|Gholdengo, shiny|100/100
|-item|p2a: Gholdengo|Air Balloon
|move|p1a: Hatterene|Nuzzle|p2a: Gholdengo
|-damage|p2a: Gholdengo|96/100
|-status|p2a: Gholdengo|par
|-enditem|p2a: Gholdengo|Air Balloon
|
|-heal|p1a: Hatterene|68/100|[from] item: Leftovers
|upkeep
|turn|15
|
|t:|1781210024
|switch|p1a: Garchomp|Garchomp, M|100/100
|move|p2a: Gholdengo|Shadow Ball|p1a: Garchomp
|-damage|p1a: Garchomp|57/100
|
|upkeep
|turn|16
|
|t:|1781210031
|move|p1a: Garchomp|Stealth Rock|p2a: Gholdengo
|-sidestart|p2: sethypooh|move: Stealth Rock
|move|p2a: Gholdengo|Dazzling Gleam|p1a: Garchomp
|-supereffective|p1a: Garchomp
|-damage|p1a: Garchomp|0 fnt
|faint|p1a: Garchomp
|
|upkeep
|
|t:|1781210036
|switch|p1a: Tornadus|Tornadus-Therian, M|100/100
|turn|17
|
|t:|1781210050
|move|p1a: Tornadus|Heat Wave|p2a: Gholdengo
|-supereffective|p2a: Gholdengo
|-damage|p2a: Gholdengo|42/100 par
|move|p2a: Gholdengo|Shadow Ball|p1a: Tornadus
|-damage|p1a: Tornadus|67/100
|
|upkeep
|turn|18
|
|t:|1781210055
|move|p1a: Tornadus|Heat Wave|p2a: Gholdengo
|-supereffective|p2a: Gholdengo
|-damage|p2a: Gholdengo|0 fnt
|faint|p2a: Gholdengo
|
|upkeep
|
|t:|1781210068
|switch|p2a: Raging Bolt|Raging Bolt|100/100
|-damage|p2a: Raging Bolt|88/100|[from] Stealth Rock
|turn|19
|
|t:|1781210094
|-terastallize|p1a: Tornadus|Steel
|move|p1a: Tornadus|U-turn|p2a: Raging Bolt
|-damage|p2a: Raging Bolt|75/100
|
|t:|1781210098
|switch|p1a: Hatterene|Hatterene, F|68/100|[from] U-turn
|move|p2a: Raging Bolt|Thunderbolt|p1a: Hatterene
|-damage|p1a: Hatterene|10/100
|
|-heal|p1a: Hatterene|16/100|[from] item: Leftovers
|upkeep
|turn|20
|-message|Iggy Sent Me forfeited.
|
|win|sethypooh
|raw|Iggy Sent Me's rating: 1580 &rarr; <strong>1563</strong><br />(-17 for losing)
|raw|sethypooh's rating: 1634 &rarr; <strong>1651</strong><br />(+17 for winning)
|l|☆Iggy Sent Me
|player|p1|
|l|☆sethypooh
|player|p2|
