|j|☆Tunder♚boltz
|j|☆tauros3
|t:|1781472120
|gametype|singles
|player|p1|Tunder♚boltz|archer|1601
|player|p2|tauros3|swimmer-gen4dp|1671
|gen|9
|tier|[Gen 9] OU
|rated|
|rule|HP Percentage Mod: HP is shown in percentages
|rule|Endless Battle Clause: Forcing endless battles is banned
|rule|Species Clause: Limit one of each Pokémon
|rule|OHKO Clause: OHKO moves are banned
|rule|Evasion Items Clause: Evasion items are banned
|rule|Evasion Moves Clause: Evasion moves are banned
|rule|Evasion Abilities Clause: Evasion abilities are banned
|rule|Sleep Moves Clause: Sleep-inducing moves are banned
|clearpoke
|poke|p1|Haxorus, M|
|poke|p1|Hatterene, F|
|poke|p1|Ceruledge, F|
|poke|p1|Samurott-Hisui, M|
|poke|p1|Garchomp, M|
|poke|p1|Iron Moth|
|poke|p2|Ninetales-Alola, M|
|poke|p2|Kyurem|
|poke|p2|Moltres-Galar|
|poke|p2|Ursaluna, F|
|poke|p2|Diancie|
|poke|p2|Hatterene, F|
|teampreview
|inactive|Battle timer is ON: inactive players will automatically lose when time's up. (requested by tauros3)
|inactive|Tunder♚boltz also wants the timer to be on.
|c|☆Tunder♚boltz|hf
|
|t:|1781472128
|teamsize|p1|6
|teamsize|p2|6
|start
|switch|p1a: MOTH.er|Iron Moth|100/100
|switch|p2a: The Good Life|Ninetales-Alola, M|100/100
|-weather|Snowscape|[from] ability: Snow Warning|[of] p2a: The Good Life
|-enditem|p1a: MOTH.er|Booster Energy
|-activate|p1a: MOTH.er|ability: Quark Drive|[fromitem]
|-start|p1a: MOTH.er|quarkdrivespe
|turn|1
|
|t:|1781472142
|switch|p2a: El Scorcho|Ursaluna, F|100/100
|move|p1a: MOTH.er|Fiery Dance|p2a: El Scorcho
|-damage|p2a: El Scorcho|62/100
|
|-weather|Snowscape|[upkeep]
|-status|p2a: El Scorcho|brn|[from] item: Flame Orb
|upkeep
|turn|2
|
|t:|1781472151
|move|p1a: MOTH.er|Substitute|p1a: MOTH.er
|-start|p1a: MOTH.er|Substitute
|-damage|p1a: MOTH.er|76/100
|move|p2a: El Scorcho|Headlong Rush|p1a: MOTH.er
|-supereffective|p1a: MOTH.er
|-end|p1a: MOTH.er|Substitute
|-unboost|p2a: El Scorcho|def|1
|-unboost|p2a: El Scorcho|spd|1
|
|-weather|Snowscape|[upkeep]
|-damage|p2a: El Scorcho|56/100 brn|[from] brn
|upkeep
|turn|3
|
|t:|1781472158
|switch|p2a: Pink Triangle|Hatterene, F|100/100
|move|p1a: MOTH.er|Energy Ball|p2a: Pink Triangle
|-damage|p2a: Pink Triangle|71/100
|
|-weather|Snowscape|[upkeep]
|upkeep
|turn|4
|
|t:|1781472164
|-terastallize|p2a: Pink Triangle|Steel
|move|p1a: MOTH.er|Sludge Wave|p2a: Pink Triangle
|-immune|p2a: Pink Triangle
|move|p2a: Pink Triangle|Trick Room|p2a: Pink Triangle
|-fieldstart|move: Trick Room|[of] p2a: Pink Triangle
|
|-weather|Snowscape|[upkeep]
|upkeep
|turn|5
|
|t:|1781472168
|move|p2a: Pink Triangle|Psychic Noise|p1a: MOTH.er
|-supereffective|p1a: MOTH.er
|-damage|p1a: MOTH.er|0 fnt
|faint|p1a: MOTH.er
|-end|p1a: MOTH.er|Quark Drive|[silent]
|
|-weather|none
|upkeep
|c|☆Tunder♚boltz|fair
|
|t:|1781472174
|switch|p1a: Teresa|Hatterene, F|100/100
|turn|6
|
|t:|1781472176
|switch|p2a: El Scorcho|Ursaluna, F|56/100 brn
|move|p1a: Teresa|Calm Mind|p1a: Teresa
|-boost|p1a: Teresa|spa|1
|-boost|p1a: Teresa|spd|1
|
|-damage|p2a: El Scorcho|50/100 brn|[from] brn
|upkeep
|turn|7
|
|t:|1781472179
|move|p1a: Teresa|Psyshock|p2a: El Scorcho
|-damage|p2a: El Scorcho|10/100 brn
|move|p2a: El Scorcho|Facade|p1a: Teresa
|-damage|p1a: Teresa|0 fnt
|faint|p1a: Teresa
|
|-damage|p2a: El Scorcho|4/100 brn|[from] brn
|upkeep
|
|t:|1781472182
|switch|p1a: Nero|Samurott-Hisui, M|100/100
|turn|8
|
|t:|1781472187
|move|p1a: Nero|Sucker Punch|p2a: El Scorcho
|-damage|p2a: El Scorcho|0 fnt
|faint|p2a: El Scorcho
|
|-fieldend|move: Trick Room
|upkeep
|
|t:|1781472192
|switch|p2a: The Good Life|Ninetales-Alola, M|100/100
|-weather|Snowscape|[from] ability: Snow Warning|[of] p2a: The Good Life
|turn|9
|
|t:|1781472195
|move|p2a: The Good Life|Encore|p1a: Nero
|-start|p1a: Nero|Encore
|move|p1a: Nero|Sucker Punch||[still]
|-fail|p1a: Nero
|
|-weather|Snowscape|[upkeep]
|upkeep
|turn|10
|
|t:|1781472197
|switch|p1a: Kyrie|Ceruledge, F|100/100
|move|p2a: The Good Life|Aurora Veil|p2a: The Good Life
|-sidestart|p2: tauros3|move: Aurora Veil
|
|-weather|Snowscape|[upkeep]
|upkeep
|turn|11
|
|t:|1781472202
|move|p2a: The Good Life|Freeze-Dry|p1a: Kyrie
|-resisted|p1a: Kyrie
|-damage|p1a: Kyrie|90/100
|move|p1a: Kyrie|Bitter Blade|p2a: The Good Life
|-supereffective|p2a: The Good Life
|-damage|p2a: The Good Life|63/100
|-heal|p1a: Kyrie|100/100|[from] drain|[of] p2a: The Good Life
|
|-weather|Snowscape|[upkeep]
|upkeep
|turn|12
|
|t:|1781472205
|switch|p2a: No Other One|Diancie|100/100
|move|p1a: Kyrie|Bitter Blade|p2a: No Other One
|-resisted|p2a: No Other One
|-damage|p2a: No Other One|91/100
|
|-weather|Snowscape|[upkeep]
|upkeep
|turn|13
|
|t:|1781472207
|switch|p1a: Vergil|Garchomp, M|100/100
|move|p2a: No Other One|Trick Room|p2a: No Other One
|-fieldstart|move: Trick Room|[of] p2a: No Other One
|
|-weather|none
|upkeep
|turn|14
|
|t:|1781472214
|-terastallize|p1a: Vergil|Water
|move|p2a: No Other One|Moonblast|p1a: Vergil
|-damage|p1a: Vergil|48/100
|move|p1a: Vergil|Earthquake|p2a: No Other One
|-supereffective|p2a: No Other One
|-damage|p2a: No Other One|50/100
|
|upkeep
|turn|15
|
|t:|1781472216
|move|p2a: No Other One|Meteor Beam||[still]
|-prepare|p2a: No Other One|Meteor Beam
|-boost|p2a: No Other One|spa|1
|-enditem|p2a: No Other One|Power Herb
|-anim|p2a: No Other One|Meteor Beam|p1a: Vergil
|-damage|p1a: Vergil|0 fnt
|faint|p1a: Vergil
|
|upkeep
|
|t:|1781472223
|switch|p1a: Raiden|Haxorus, M, shiny|100/100
|-ability|p1a: Raiden|Mold Breaker
|turn|16
|
|t:|1781472226
|move|p2a: No Other One|Moonblast|p1a: Raiden
|-supereffective|p1a: Raiden
|-damage|p1a: Raiden|0 fnt
|faint|p1a: Raiden
|
|upkeep
|
|t:|1781472228
|switch|p1a: Kyrie|Ceruledge, F|100/100
|turn|17
|
|t:|1781472232
|move|p2a: No Other One|Earth Power|p1a: Kyrie
|-supereffective|p1a: Kyrie
|-damage|p1a: Kyrie|6/100
|move|p1a: Kyrie|Swords Dance|p1a: Kyrie
|-boost|p1a: Kyrie|atk|2
|
|-sideend|p2: tauros3|move: Aurora Veil
|-fieldend|move: Trick Room
|upkeep
|turn|18
|
|t:|1781472235
|move|p1a: Kyrie|Bitter Blade|p2a: No Other One
|-resisted|p2a: No Other One
|-damage|p2a: No Other One|12/100
|-heal|p1a: Kyrie|26/100|[from] drain|[of] p2a: No Other One
|move|p2a: No Other One|Trick Room|p2a: No Other One
|-fieldstart|move: Trick Room|[of] p2a: No Other One
|
|upkeep
|turn|19
|
|t:|1781472239
|move|p1a: Kyrie|Shadow Sneak|p2a: No Other One
|-damage|p2a: No Other One|0 fnt
|faint|p2a: No Other One
|
|upkeep
|
|t:|1781472242
|switch|p2a: Pink Triangle|Hatterene, F, tera:Steel|71/100
|turn|20
|
|t:|1781472245
|move|p1a: Kyrie|Shadow Sneak|p2a: Pink Triangle
|-damage|p2a: Pink Triangle|23/100
|move|p2a: Pink Triangle|Psychic Noise|p1a: Kyrie
|-damage|p1a: Kyrie|0 fnt
|faint|p1a: Kyrie
|
|upkeep
|
|t:|1781472247
|switch|p1a: Nero|Samurott-Hisui, M|100/100
|turn|21
|
|t:|1781472249
|move|p1a: Nero|Sucker Punch|p2a: Pink Triangle
|-damage|p2a: Pink Triangle|0 fnt
|faint|p2a: Pink Triangle
|
|upkeep
|
|t:|1781472256
|switch|p2a: Getchoo|Kyurem|100/100
|-ability|p2a: Getchoo|Pressure
|turn|22
|
|t:|1781472260
|move|p1a: Nero|Ceaseless Edge|p2a: Getchoo|[miss]
|-miss|p1a: Nero|p2a: Getchoo
|move|p2a: Getchoo|Dragon Dance|p2a: Getchoo
|-boost|p2a: Getchoo|atk|1
|-boost|p2a: Getchoo|spe|1
|
|-fieldend|move: Trick Room
|upkeep
|turn|23
|c|☆Tunder♚boltz|BRUH
|c|☆Tunder♚boltz|ggwp
|
|t:|1781472268
|move|p2a: Getchoo|Scale Shot|p1a: Nero|[miss]
|-miss|p2a: Getchoo|p1a: Nero
|move|p1a: Nero|Ceaseless Edge|p2a: Getchoo
|-damage|p2a: Getchoo|37/100
|-sidestart|p2: tauros3|Spikes
|
|upkeep
|turn|24
|
|t:|1781472271
|move|p1a: Nero|Sucker Punch|p2a: Getchoo
|-damage|p2a: Getchoo|0 fnt
|faint|p2a: Getchoo
|
|upkeep
|
|t:|1781472274
|switch|p2a: The Good Life|Ninetales-Alola, M|63/100
|-damage|p2a: The Good Life|50/100|[from] Spikes
|-weather|Snowscape|[from] ability: Snow Warning|[of] p2a: The Good Life
|turn|25
|
|t:|1781472276
|move|p2a: The Good Life|Encore|p1a: Nero
|-start|p1a: Nero|Encore
|move|p1a: Nero|Sucker Punch||[still]
|-fail|p1a: Nero
|
|-weather|Snowscape|[upkeep]
|upkeep
|turn|26
|
|t:|1781472281
|move|p1a: Nero|Sucker Punch||[still]
|-fail|p1a: Nero
|move|p2a: The Good Life|Aurora Veil|p2a: The Good Life
|-sidestart|p2: tauros3|move: Aurora Veil
|
|-weather|Snowscape|[upkeep]
|upkeep
|turn|27
|c|☆Tunder♚boltz|ong do you really need to force the battle to take more than it needs?
|-message|Tunder♚boltz forfeited.
|
|win|tauros3
|raw|Tunder♚boltz's rating: 1601 &rarr; <strong>1585</strong><br />(-16 for losing)
|raw|tauros3's rating: 1671 &rarr; <strong>1687</strong><br />(+16 for winning)
|l|☆Tunder♚boltz
|player|p1|
|l|☆tauros3
|player|p2|
