|j|☆ScribbleScribble
|j|☆Omari P
|t:|1781039406
|gametype|singles
|player|p1|ScribbleScribble|mina-lgpe|1578
|player|p2|Omari P|pokemonrangerf|1526
|gen|9
|tier|[Gen 9] OU
|rated|
|rule|HP Percentage Mod: HP is shown in percentages
|rule|Endless Battle Clause: Forcing endless battles is banned
|rule|Species Clause: Limit one of each Pokémon
|rule|OHKO Clause: OHKO moves are banned
|rule|Evasion Items Clause: Evasion items are banned
|rule|Evasion Moves Clause: Evasion moves are banned
|rule|Evasion Abilities Clause: Evasion abilities are banned
|rule|Sleep Moves Clause: Sleep-inducing moves are banned
|clearpoke
|poke|p1|Slowking-Galar, F|
|poke|p1|Kyurem|
|poke|p1|Corviknight, F|
|poke|p1|Hoopa-Unbound|
|poke|p1|Ting-Lu|
|poke|p1|Zamazenta-*|
|poke|p2|Hoopa|
|poke|p2|Cinderace, M|
|poke|p2|Mandibuzz, F|
|poke|p2|Kyurem|
|poke|p2|Ting-Lu|
|poke|p2|Manaphy|
|teampreview
|inactive|Battle timer is ON: inactive players will automatically lose when time's up. (requested by ScribbleScribble)
|j| Lowladderubersnoob
|inactive|Omari P has 120 seconds left.
|j| Fat_Yogi
|
|t:|1781039464
|teamsize|p1|6
|teamsize|p2|6
|start
|switch|p1a: Hoopa|Hoopa-Unbound|100/100
|switch|p2a: Ting-Lucifer|Ting-Lu|100/100
|-ability|p2a: Ting-Lucifer|Vessel of Ruin
|turn|1
|
|t:|1781039467
|move|p1a: Hoopa|Drain Punch|p2a: Ting-Lucifer
|-supereffective|p2a: Ting-Lucifer
|-damage|p2a: Ting-Lucifer|49/100
|-enditem|p2a: Ting-Lucifer|Weakness Policy
|-boost|p2a: Ting-Lucifer|atk|2|[from] item: Weakness Policy
|-boost|p2a: Ting-Lucifer|spa|2|[from] item: Weakness Policy
|move|p2a: Ting-Lucifer|Earthquake|p1a: Hoopa
|-damage|p1a: Hoopa|0 fnt
|faint|p1a: Hoopa
|
|upkeep
|
|t:|1781039473
|switch|p1a: Zamazenta|Zamazenta|100/100
|-ability|p1a: Zamazenta|Dauntless Shield|boost
|-boost|p1a: Zamazenta|def|1
|turn|2
|
|t:|1781039482
|switch|p2a: Mandibuzz|Mandibuzz, F, shiny|100/100
|move|p1a: Zamazenta|Close Combat|p2a: Mandibuzz
|-damage|p2a: Mandibuzz|60/100
|-unboost|p1a: Zamazenta|def|1
|-unboost|p1a: Zamazenta|spd|1
|-damage|p1a: Zamazenta|84/100|[from] item: Rocky Helmet|[of] p2a: Mandibuzz
|-damage|p1a: Zamazenta|74/100|[from] item: Life Orb
|
|upkeep
|turn|3
|
|t:|1781039486
|move|p1a: Zamazenta|Stone Edge|p2a: Mandibuzz
|-supereffective|p2a: Mandibuzz
|-damage|p2a: Mandibuzz|9/100
|-damage|p1a: Zamazenta|64/100|[from] item: Life Orb
|move|p2a: Mandibuzz|Roost|p2a: Mandibuzz
|-heal|p2a: Mandibuzz|59/100
|-singleturn|p2a: Mandibuzz|move: Roost
|
|upkeep
|turn|4
|
|t:|1781039489
|move|p1a: Zamazenta|Stone Edge|p2a: Mandibuzz
|-supereffective|p2a: Mandibuzz
|-damage|p2a: Mandibuzz|14/100
|-damage|p1a: Zamazenta|54/100|[from] item: Life Orb
|move|p2a: Mandibuzz|Roost|p2a: Mandibuzz
|-heal|p2a: Mandibuzz|64/100
|-singleturn|p2a: Mandibuzz|move: Roost
|
|upkeep
|turn|5
|
|t:|1781039492
|move|p1a: Zamazenta|Stone Edge|p2a: Mandibuzz|[miss]
|-miss|p1a: Zamazenta|p2a: Mandibuzz
|move|p2a: Mandibuzz|Roost|p2a: Mandibuzz
|-heal|p2a: Mandibuzz|100/100
|-singleturn|p2a: Mandibuzz|move: Roost
|
|upkeep
|turn|6
|
|t:|1781039496
|switch|p1a: Ting-Lu|Ting-Lu|100/100
|-ability|p1a: Ting-Lu|Vessel of Ruin
|move|p2a: Mandibuzz|Toxic|p1a: Ting-Lu
|-status|p1a: Ting-Lu|tox
|
|-damage|p1a: Ting-Lu|94/100 tox|[from] psn
|upkeep
|turn|7
|
|t:|1781039498
|move|p2a: Mandibuzz|Foul Play|p1a: Ting-Lu
|-resisted|p1a: Ting-Lu
|-damage|p1a: Ting-Lu|85/100 tox
|move|p1a: Ting-Lu|Stealth Rock|p2a: Mandibuzz
|-sidestart|p2: Omari P|move: Stealth Rock
|
|-heal|p1a: Ting-Lu|91/100 tox|[from] item: Leftovers
|-damage|p1a: Ting-Lu|78/100 tox|[from] psn
|upkeep
|turn|8
|
|t:|1781039501
|move|p2a: Mandibuzz|Defog|p1a: Ting-Lu
|-unboost|p1a: Ting-Lu|evasion|1
|-sideend|p2: Omari P|Stealth Rock|[from] move: Defog|[of] p2a: Mandibuzz
|move|p1a: Ting-Lu|Ruination|p2a: Mandibuzz
|-damage|p2a: Mandibuzz|50/100
|
|-heal|p1a: Ting-Lu|85/100 tox|[from] item: Leftovers
|-damage|p1a: Ting-Lu|66/100 tox|[from] psn
|upkeep
|turn|9
|inactive|Omari P has 120 seconds left.
|inactive|Omari P has 90 seconds left.
|
|t:|1781039565
|switch|p1a: Kyurem|Kyurem|100/100
|-ability|p1a: Kyurem|Pressure
|move|p2a: Mandibuzz|Roost|p2a: Mandibuzz
|-heal|p2a: Mandibuzz|100/100
|-singleturn|p2a: Mandibuzz|move: Roost
|
|upkeep
|turn|10
|
|t:|1781039576
|switch|p2a: Cinderace|Cinderace, M|100/100
|move|p1a: Kyurem|Blizzard|p2a: Cinderace
|-resisted|p2a: Cinderace
|-damage|p2a: Cinderace|34/100
|
|upkeep
|turn|11
|
|t:|1781039582
|switch|p1a: Corviknight|Corviknight, F, shiny|100/100
|-ability|p1a: Corviknight|Pressure
|move|p2a: Cinderace|Pyro Ball|p1a: Corviknight|[miss]
|-miss|p2a: Cinderace|p1a: Corviknight
|
|upkeep
|turn|12
|
|t:|1781039586
|move|p2a: Cinderace|Pyro Ball|p1a: Corviknight
|-supereffective|p1a: Corviknight
|-damage|p1a: Corviknight|22/100
|move|p1a: Corviknight|U-turn|p2a: Cinderace
|-resisted|p2a: Cinderace
|-damage|p2a: Cinderace|23/100
|
|t:|1781039589
|switch|p1a: Zamazenta|Zamazenta|54/100|[from] U-turn
|
|upkeep
|turn|13
|
|t:|1781039594
|switch|p2a: Mandibuzz|Mandibuzz, F, shiny|100/100
|move|p1a: Zamazenta|Close Combat|p2a: Mandibuzz
|-damage|p2a: Mandibuzz|60/100
|-unboost|p1a: Zamazenta|def|1
|-unboost|p1a: Zamazenta|spd|1
|-damage|p1a: Zamazenta|38/100|[from] item: Rocky Helmet|[of] p2a: Mandibuzz
|-damage|p1a: Zamazenta|28/100|[from] item: Life Orb
|
|upkeep
|turn|14
|
|t:|1781039597
|switch|p1a: Kyurem|Kyurem|100/100
|-ability|p1a: Kyurem|Pressure
|move|p2a: Mandibuzz|Roost|p2a: Mandibuzz
|-heal|p2a: Mandibuzz|100/100
|-singleturn|p2a: Mandibuzz|move: Roost
|
|upkeep
|turn|15
|
|t:|1781039600
|switch|p2a: Kyurem|Kyurem|100/100
|-ability|p2a: Kyurem|Pressure
|move|p1a: Kyurem|Freeze-Dry|p2a: Kyurem
|-damage|p2a: Kyurem|45/100
|
|upkeep
|turn|16
|
|t:|1781039602
|move|p2a: Kyurem|Draco Meteor|p1a: Kyurem
|-supereffective|p1a: Kyurem
|-damage|p1a: Kyurem|0 fnt
|-unboost|p2a: Kyurem|spa|2
|faint|p1a: Kyurem
|
|upkeep
|
|t:|1781039604
|switch|p1a: Zamazenta|Zamazenta|28/100
|turn|17
|
|t:|1781039606
|switch|p2a: Mandibuzz|Mandibuzz, F, shiny|100/100
|move|p1a: Zamazenta|Close Combat|p2a: Mandibuzz
|-damage|p2a: Mandibuzz|55/100
|-unboost|p1a: Zamazenta|def|1
|-unboost|p1a: Zamazenta|spd|1
|-damage|p1a: Zamazenta|12/100|[from] item: Rocky Helmet|[of] p2a: Mandibuzz
|-damage|p1a: Zamazenta|2/100|[from] item: Life Orb
|
|upkeep
|turn|18
|
|t:|1781039612
|switch|p1a: Slowking|Slowking-Galar, F|100/100
|move|p2a: Mandibuzz|Roost|p2a: Mandibuzz
|-heal|p2a: Mandibuzz|100/100
|-singleturn|p2a: Mandibuzz|move: Roost
|
|upkeep
|turn|19
|
|t:|1781039614
|switch|p2a: Ting-Lucifer|Ting-Lu|49/100
|-ability|p2a: Ting-Lucifer|Vessel of Ruin
|move|p1a: Slowking|Sludge Bomb|p2a: Ting-Lucifer
|-resisted|p2a: Ting-Lucifer
|-damage|p2a: Ting-Lucifer|40/100
|
|upkeep
|turn|20
|
|t:|1781039616
|switch|p1a: Corviknight|Corviknight, F, shiny|22/100
|-ability|p1a: Corviknight|Pressure
|move|p2a: Ting-Lucifer|Stealth Rock|p1a: Corviknight
|-sidestart|p1: ScribbleScribble|move: Stealth Rock
|
|upkeep
|turn|21
|
|t:|1781039618
|move|p1a: Corviknight|Defog|p2a: Ting-Lucifer
|-unboost|p2a: Ting-Lucifer|evasion|1
|-sideend|p1: ScribbleScribble|Stealth Rock|[from] move: Defog|[of] p1a: Corviknight
|move|p2a: Ting-Lucifer|Earthquake|p1a: Corviknight
|-immune|p1a: Corviknight
|
|upkeep
|turn|22
|
|t:|1781039620
|move|p1a: Corviknight|Roost|p1a: Corviknight
|-heal|p1a: Corviknight|72/100
|-singleturn|p1a: Corviknight|move: Roost
|move|p2a: Ting-Lucifer|Earthquake|p1a: Corviknight
|-supereffective|p1a: Corviknight
|-crit|p1a: Corviknight
|-damage|p1a: Corviknight|0 fnt
|faint|p1a: Corviknight
|
|upkeep
|
|t:|1781039624
|switch|p1a: Ting-Lu|Ting-Lu|66/100 tox
|-ability|p1a: Ting-Lu|Vessel of Ruin
|turn|23
|
|t:|1781039627
|move|p2a: Ting-Lucifer|Earthquake|p1a: Ting-Lu
|-damage|p1a: Ting-Lu|38/100 tox
|move|p1a: Ting-Lu|Stealth Rock|p2a: Ting-Lucifer
|-sidestart|p2: Omari P|move: Stealth Rock
|
|-heal|p1a: Ting-Lu|44/100 tox|[from] item: Leftovers
|-damage|p1a: Ting-Lu|38/100 tox|[from] psn
|upkeep
|turn|24
|
|t:|1781039630
|move|p2a: Ting-Lucifer|Stealth Rock|p1a: Ting-Lu
|-sidestart|p1: ScribbleScribble|move: Stealth Rock
|move|p1a: Ting-Lu|Earthquake|p2a: Ting-Lucifer
|-damage|p2a: Ting-Lucifer|18/100
|
|-heal|p1a: Ting-Lu|44/100 tox|[from] item: Leftovers
|-damage|p1a: Ting-Lu|32/100 tox|[from] psn
|upkeep
|turn|25
|
|t:|1781039634
|move|p2a: Ting-Lucifer|Earthquake|p1a: Ting-Lu
|-damage|p1a: Ting-Lu|5/100 tox
|move|p1a: Ting-Lu|Earthquake|p2a: Ting-Lucifer
|-damage|p2a: Ting-Lucifer|0 fnt
|faint|p2a: Ting-Lucifer
|
|-heal|p1a: Ting-Lu|11/100 tox|[from] item: Leftovers
|-damage|p1a: Ting-Lu|0 fnt|[from] psn
|faint|p1a: Ting-Lu
|upkeep
|
|t:|1781039640
|switch|p2a: Hoopa|Hoopa|100/100
|switch|p1a: Slowking|Slowking-Galar, F|100/100
|-damage|p2a: Hoopa|88/100|[from] Stealth Rock
|turn|26
|
|t:|1781039643
|move|p2a: Hoopa|Substitute|p2a: Hoopa
|-start|p2a: Hoopa|Substitute
|-damage|p2a: Hoopa|63/100
|move|p1a: Slowking|Sludge Bomb|p2a: Hoopa
|-resisted|p2a: Hoopa
|-activate|p2a: Hoopa|move: Substitute|[damage]
|
|upkeep
|turn|27
|-message|ScribbleScribble forfeited.
|
|win|Omari P
|raw|ScribbleScribble's rating: 1578 &rarr; <strong>1556</strong><br />(-22 for losing)
|raw|Omari P's rating: 1541 &rarr; <strong>1563</strong><br />(+22 for winning)
|l|☆ScribbleScribble
|player|p1|
|l| Lowladderubersnoob
|l| Fat_Yogi
