|j|☆GLOWKING AGENDA
|j|☆icylikedecember
|t:|1780905362
|gametype|singles
|player|p1|GLOWKING AGENDA|caitlin-masters|1781
|player|p2|icylikedecember|skierf|1742
|gen|9
|tier|[Gen 9] OU
|rated|
|rule|HP Percentage Mod: HP is shown in percentages
|rule|Endless Battle Clause: Forcing endless battles is banned
|rule|Species Clause: Limit one of each Pokémon
|rule|OHKO Clause: OHKO moves are banned
|rule|Evasion Items Clause: Evasion items are banned
|rule|Evasion Moves Clause: Evasion moves are banned
|rule|Evasion Abilities Clause: Evasion abilities are banned
|rule|Sleep Moves Clause: Sleep-inducing moves are banned
|clearpoke
|poke|p1|Tinkaton, F|
|poke|p1|Ogerpon, F|
|poke|p1|Great Tusk|
|poke|p1|Pecharunt|
|poke|p1|Alomomola, M|
|poke|p1|Hydreigon, M|
|poke|p2|Corviknight, M|
|poke|p2|Slowking-Galar, M|
|poke|p2|Darkrai|
|poke|p2|Kyurem|
|poke|p2|Zamazenta-*|
|poke|p2|Samurott-Hisui, M|
|teampreview
|inactive|Battle timer is ON: inactive players will automatically lose when time's up. (requested by GLOWKING AGENDA)
|
|t:|1780905372
|teamsize|p1|6
|teamsize|p2|6
|start
|switch|p1a: Anonymous|Ogerpon, F|100/100
|switch|p2a: Slowking|Slowking-Galar, M, shiny|100/100
|turn|1
|
|t:|1780905375
|switch|p2a: Corviknight|Corviknight, M, shiny|100/100
|-ability|p2a: Corviknight|Pressure
|move|p1a: Anonymous|Knock Off|p2a: Corviknight
|-damage|p2a: Corviknight|70/100
|-damage|p1a: Anonymous|84/100|[from] item: Rocky Helmet|[of] p2a: Corviknight
|-enditem|p2a: Corviknight|Rocky Helmet|[from] move: Knock Off|[of] p1a: Anonymous
|
|upkeep
|turn|2
|j| Scarlet Pro!
|
|t:|1780905381
|switch|p1a: Overseer|Pecharunt|100/100
|move|p2a: Corviknight|U-turn|p1a: Overseer
|-resisted|p1a: Overseer
|-damage|p1a: Overseer|99/100
|-damage|p2a: Corviknight|54/100|[from] item: Rocky Helmet|[of] p1a: Overseer
|
|t:|1780905388
|switch|p2a: Samurott|Samurott-Hisui, M|100/100|[from] U-turn
|
|upkeep
|turn|3
|
|t:|1780905392
|switch|p1a: Smile.exe|Tinkaton, F, shiny|100/100
|-item|p1a: Smile.exe|Air Balloon
|move|p2a: Samurott|Knock Off|p1a: Smile.exe
|-resisted|p1a: Smile.exe
|-damage|p1a: Smile.exe|73/100
|-enditem|p1a: Smile.exe|Air Balloon
|-enditem|p2a: Samurott|Choice Scarf|[silent]|[from] ability: Pickpocket|[of] p2a: Samurott
|-item|p1a: Smile.exe|Choice Scarf|[from] ability: Pickpocket|[of] p2a: Samurott
|
|upkeep
|turn|4
|
|t:|1780905398
|switch|p2a: Slowking|Slowking-Galar, M, shiny|100/100
|move|p1a: Smile.exe|Encore||[still]
|-fail|p1a: Smile.exe
|
|upkeep
|turn|5
|
|t:|1780905404
|switch|p1a: Pisces|Alomomola, M, shiny|100/100
|move|p2a: Slowking|Flamethrower|p1a: Pisces
|-resisted|p1a: Pisces
|-damage|p1a: Pisces|94/100
|
|upkeep
|turn|6
|
|t:|1780905411
|switch|p2a: Samurott|Samurott-Hisui, M|100/100
|move|p1a: Pisces|Mirror Coat||[still]
|-fail|p1a: Pisces
|
|upkeep
|turn|7
|
|t:|1780905416
|move|p2a: Samurott|Ceaseless Edge|p1a: Pisces
|-damage|p1a: Pisces|60/100
|-sidestart|p1: GLOWKING AGENDA|Spikes
|move|p1a: Pisces|Flip Turn|p2a: Samurott
|-resisted|p2a: Samurott
|-damage|p2a: Samurott|91/100
|
|t:|1780905422
|switch|p1a: Hybrid|Hydreigon, M, shiny|100/100|[from] Flip Turn
|
|upkeep
|turn|8
|
|t:|1780905430
|switch|p2a: Slowking|Slowking-Galar, M, shiny|100/100
|move|p1a: Hybrid|Dark Pulse|p2a: Slowking
|-supereffective|p2a: Slowking
|-damage|p2a: Slowking|42/100
|
|upkeep
|turn|9
|j| hrdj6evyd
|
|t:|1780905439
|-terastallize|p2a: Slowking|Grass
|move|p1a: Hybrid|Dark Pulse|p2a: Slowking
|-damage|p2a: Slowking|12/100
|move|p2a: Slowking|Ice Beam|p1a: Hybrid
|-supereffective|p1a: Hybrid
|-damage|p1a: Hybrid|33/100
|
|upkeep
|turn|10
|
|t:|1780905447
|switch|p2a: Darkrai|Darkrai|100/100
|move|p1a: Hybrid|Dark Pulse|p2a: Darkrai
|-resisted|p2a: Darkrai
|-damage|p2a: Darkrai|62/100
|
|upkeep
|turn|11
|
|t:|1780905453
|switch|p1a: Smile.exe|Tinkaton, F, shiny|73/100
|-damage|p1a: Smile.exe|60/100|[from] Spikes
|move|p2a: Darkrai|Dark Pulse|p1a: Smile.exe
|-resisted|p1a: Smile.exe
|-damage|p1a: Smile.exe|40/100
|
|upkeep
|turn|12
|l| Scarlet Pro!
|
|t:|1780905465
|switch|p1a: Behemoth|Great Tusk, shiny|100/100
|switch|p2a: Corviknight|Corviknight, M, shiny|54/100
|-ability|p2a: Corviknight|Pressure
|
|upkeep
|turn|13
|
|t:|1780905471
|move|p1a: Behemoth|Rapid Spin|p2a: Corviknight
|-resisted|p2a: Corviknight
|-damage|p2a: Corviknight|48/100
|-boost|p1a: Behemoth|spe|1
|-sideend|p1: GLOWKING AGENDA|Spikes|[from] move: Rapid Spin|[of] p1a: Behemoth
|move|p2a: Corviknight|Roost|p2a: Corviknight
|-heal|p2a: Corviknight|98/100
|-singleturn|p2a: Corviknight|move: Roost
|
|upkeep
|turn|14
|
|t:|1780905477
|-end|p1a: Behemoth|Protosynthesis|[silent]
|switch|p1a: Overseer|Pecharunt|99/100
|move|p2a: Corviknight|Brave Bird|p1a: Overseer
|-damage|p1a: Overseer|82/100
|-damage|p2a: Corviknight|82/100|[from] item: Rocky Helmet|[of] p1a: Overseer
|-damage|p2a: Corviknight|76/100|[from] Recoil
|
|upkeep
|turn|15
|
|t:|1780905480
|move|p1a: Overseer|Shadow Ball|p2a: Corviknight
|-damage|p2a: Corviknight|50/100
|move|p2a: Corviknight|U-turn|p1a: Overseer
|-resisted|p1a: Overseer
|-damage|p1a: Overseer|81/100
|-damage|p2a: Corviknight|34/100|[from] item: Rocky Helmet|[of] p1a: Overseer
|j| hattybatty304
|
|t:|1780905495
|switch|p2a: Darkrai|Darkrai|62/100|[from] U-turn
|
|upkeep
|turn|16
|
|t:|1780905499
|switch|p1a: Pisces|Alomomola, M, shiny|93/100
|move|p2a: Darkrai|Dark Pulse|p1a: Pisces
|-damage|p1a: Pisces|71/100
|
|upkeep
|turn|17
|
|t:|1780905504
|switch|p2a: Slowking|Slowking-Galar, M, shiny, tera:Grass|46/100
|move|p1a: Pisces|Flip Turn|p2a: Slowking
|-resisted|p2a: Slowking
|-damage|p2a: Slowking|37/100
|
|t:|1780905507
|switch|p1a: Behemoth|Great Tusk, shiny|100/100|[from] Flip Turn
|
|upkeep
|turn|18
|
|t:|1780905514
|switch|p2a: Corviknight|Corviknight, M, shiny|34/100
|-ability|p2a: Corviknight|Pressure
|move|p1a: Behemoth|Close Combat|p2a: Corviknight
|-damage|p2a: Corviknight|0 fnt
|-unboost|p1a: Behemoth|def|1
|-unboost|p1a: Behemoth|spd|1
|faint|p2a: Corviknight
|
|upkeep
|
|t:|1780905520
|switch|p2a: Kyurem|Kyurem|100/100
|-ability|p2a: Kyurem|Pressure
|turn|19
|
|t:|1780905526
|-end|p1a: Behemoth|Protosynthesis|[silent]
|switch|p1a: Smile.exe|Tinkaton, F, shiny|40/100
|move|p2a: Kyurem|Freeze-Dry|p1a: Smile.exe
|-resisted|p1a: Smile.exe
|-damage|p1a: Smile.exe|9/100
|
|upkeep
|turn|20
|
|t:|1780905531
|move|p1a: Smile.exe|Gigaton Hammer|p2a: Kyurem
|-supereffective|p2a: Kyurem
|-damage|p2a: Kyurem|0 fnt
|faint|p2a: Kyurem
|
|upkeep
|
|t:|1780905552
|switch|p2a: Slowking|Slowking-Galar, M, shiny, tera:Grass|70/100
|turn|21
|
|t:|1780905556
|switch|p1a: Pisces|Alomomola, M, shiny|100/100
|move|p2a: Slowking|Psyshock|p1a: Pisces
|-damage|p1a: Pisces|72/100
|
|upkeep
|turn|22
|
|t:|1780905559
|move|p2a: Slowking|Sludge Bomb|p1a: Pisces
|-damage|p1a: Pisces|51/100
|move|p1a: Pisces|Mirror Coat|p2a: Slowking
|-damage|p2a: Slowking|14/100
|
|upkeep
|turn|23
|
|t:|1780905564
|switch|p2a: Samurott|Samurott-Hisui, M|91/100
|move|p1a: Pisces|Flip Turn|p2a: Samurott
|-resisted|p2a: Samurott
|-damage|p2a: Samurott|81/100
|
|t:|1780905567
|switch|p1a: Behemoth|Great Tusk, shiny|100/100|[from] Flip Turn
|
|upkeep
|turn|24
|
|t:|1780905571
|move|p1a: Behemoth|Close Combat|p2a: Samurott
|-supereffective|p2a: Samurott
|-damage|p2a: Samurott|0 fnt
|-unboost|p1a: Behemoth|def|1
|-unboost|p1a: Behemoth|spd|1
|faint|p2a: Samurott
|
|upkeep
|
|t:|1780905578
|switch|p2a: Zamazenta|Zamazenta|100/100
|-ability|p2a: Zamazenta|Dauntless Shield|boost
|-boost|p2a: Zamazenta|def|1
|turn|25
|
|t:|1780905582
|-end|p1a: Behemoth|Protosynthesis|[silent]
|switch|p1a: Overseer|Pecharunt|81/100
|move|p2a: Zamazenta|Iron Defense|p2a: Zamazenta
|-boost|p2a: Zamazenta|def|2
|
|upkeep
|turn|26
|
|t:|1780905589
|switch|p2a: Darkrai|Darkrai|62/100
|move|p1a: Overseer|Malignant Chain|p2a: Darkrai
|-damage|p2a: Darkrai|19/100
|
|upkeep
|turn|27
|
|t:|1780905596
|switch|p2a: Zamazenta|Zamazenta|100/100
|switch|p1a: Pisces|Alomomola, M, shiny|84/100
|
|upkeep
|turn|28
|
|t:|1780905599
|switch|p1a: Overseer|Pecharunt|81/100
|move|p2a: Zamazenta|Iron Defense|p2a: Zamazenta
|-boost|p2a: Zamazenta|def|2
|
|upkeep
|turn|29
|
|t:|1780905600
|move|p2a: Zamazenta|Crunch|p1a: Overseer
|-supereffective|p1a: Overseer
|-damage|p1a: Overseer|63/100
|-damage|p2a: Zamazenta|84/100|[from] item: Rocky Helmet|[of] p1a: Overseer
|move|p1a: Overseer|Malignant Chain|p2a: Zamazenta
|-damage|p2a: Zamazenta|62/100
|-status|p2a: Zamazenta|tox
|-start|p2a: Zamazenta|confusion|[from] ability: Poison Puppeteer|[of] p1a: Overseer
|
|-heal|p2a: Zamazenta|68/100 tox|[from] item: Leftovers
|-damage|p2a: Zamazenta|62/100 tox|[from] psn
|upkeep
|turn|30
|-message|icylikedecember forfeited.
|
|win|GLOWKING AGENDA
|raw|GLOWKING AGENDA's rating: 1781 &rarr; <strong>1799</strong><br />(+18 for winning)
|raw|icylikedecember's rating: 1742 &rarr; <strong>1724</strong><br />(-18 for losing)
|l|☆icylikedecember
|player|p2|
|c|☆GLOWKING AGENDA|ggs
|l|☆GLOWKING AGENDA
|player|p1|
