|j|☆waha8
|j|☆blueisnoob
|t:|1780998535
|gametype|singles
|player|p1|waha8|265|1603
|player|p2|blueisnoob|101|1694
|gen|9
|tier|[Gen 9] OU
|rated|
|rule|HP Percentage Mod: HP is shown in percentages
|rule|Endless Battle Clause: Forcing endless battles is banned
|rule|Species Clause: Limit one of each Pokémon
|rule|OHKO Clause: OHKO moves are banned
|rule|Evasion Items Clause: Evasion items are banned
|rule|Evasion Moves Clause: Evasion moves are banned
|rule|Evasion Abilities Clause: Evasion abilities are banned
|rule|Sleep Moves Clause: Sleep-inducing moves are banned
|clearpoke
|poke|p1|Slowking-Galar, M|
|poke|p1|Indeedee, M|
|poke|p1|Cinderace, M|
|poke|p1|Ninetales-Alola, F|
|poke|p1|Cetitan, F|
|poke|p1|Kyurem|
|poke|p2|Zamazenta-*|
|poke|p2|Ogerpon-Wellspring, F|
|poke|p2|Slowking-Galar, M|
|poke|p2|Great Tusk|
|poke|p2|Kingambit, M|
|poke|p2|Zapdos|
|teampreview
|inactive|Battle timer is ON: inactive players will automatically lose when time's up. (requested by blueisnoob)
|
|t:|1780998547
|teamsize|p1|6
|teamsize|p2|6
|start
|switch|p1a: ReverseUNO|Cinderace, M|100/100
|switch|p2a: Zapdos|Zapdos|100/100
|turn|1
|
|t:|1780998551
|move|p1a: ReverseUNO|Pyro Ball|p2a: Zapdos
|-damage|p2a: Zapdos|60/100
|move|p2a: Zapdos|Thunder Wave|p1a: ReverseUNO
|-status|p1a: ReverseUNO|par
|
|upkeep
|turn|2
|
|t:|1780998557
|switch|p1a: SageOfSixPaths|Slowking-Galar, M|100/100
|move|p2a: Zapdos|Roost|p2a: Zapdos
|-heal|p2a: Zapdos|100/100
|-singleturn|p2a: Zapdos|move: Roost
|
|upkeep
|turn|3
|
|t:|1780998564
|move|p2a: Zapdos|Thunder Wave|p1a: SageOfSixPaths
|-status|p1a: SageOfSixPaths|par
|move|p1a: SageOfSixPaths|Trick Room|p1a: SageOfSixPaths
|-fieldstart|move: Trick Room|[of] p1a: SageOfSixPaths
|
|upkeep
|turn|4
|
|t:|1780998568
|move|p1a: SageOfSixPaths|Sludge Wave|p2a: Zapdos
|-damage|p2a: Zapdos|42/100
|-damage|p1a: SageOfSixPaths|91/100 par|[from] item: Life Orb
|move|p2a: Zapdos|Hurricane|p1a: SageOfSixPaths|[miss]
|-miss|p2a: Zapdos|p1a: SageOfSixPaths
|
|upkeep
|turn|5
|
|t:|1780998575
|switch|p2a: Slowking|Slowking-Galar, M|100/100
|move|p1a: SageOfSixPaths|Fire Blast|p2a: Slowking
|-crit|p2a: Slowking
|-damage|p2a: Slowking|62/100
|-damage|p1a: SageOfSixPaths|81/100 par|[from] item: Life Orb
|
|upkeep
|turn|6
|
|t:|1780998582
|switch|p1a: DeeDee|Indeedee, M|100/100
|-fieldstart|move: Psychic Terrain|[from] ability: Psychic Surge|[of] p1a: DeeDee
|move|p2a: Slowking|Psyshock|p1a: DeeDee
|-resisted|p1a: DeeDee
|-damage|p1a: DeeDee|45/100
|
|upkeep
|turn|7
|
|t:|1780998589
|switch|p1a: ReverseUNO|Cinderace, M|100/100 par
|move|p2a: Slowking|Sludge Bomb|p1a: ReverseUNO
|-damage|p1a: ReverseUNO|38/100 par
|
|-fieldend|move: Trick Room
|upkeep
|turn|8
|
|t:|1780998595
|switch|p2a: Great Tusk|Great Tusk, shiny|100/100
|move|p1a: ReverseUNO|Pyro Ball|p2a: Great Tusk
|-damage|p2a: Great Tusk|57/100
|
|upkeep
|turn|9
|
|t:|1780998601
|move|p2a: Great Tusk|Rapid Spin|p1a: ReverseUNO
|-damage|p1a: ReverseUNO|12/100 par
|-boost|p2a: Great Tusk|spe|1
|move|p1a: ReverseUNO|Court Change||[still]
|-start|p1a: ReverseUNO|typechange|Normal|[from] ability: Libero
|-fail|p1a: ReverseUNO
|
|upkeep
|turn|10
|
|t:|1780998607
|move|p2a: Great Tusk|Rapid Spin|p1a: ReverseUNO
|-damage|p1a: ReverseUNO|0 fnt
|-boost|p2a: Great Tusk|spe|1
|faint|p1a: ReverseUNO
|
|upkeep
|
|t:|1780998612
|switch|p1a: Mavis|Ninetales-Alola, F|100/100
|-weather|Snowscape|[from] ability: Snow Warning|[of] p1a: Mavis
|turn|11
|
|t:|1780998616
|move|p2a: Great Tusk|Stealth Rock|p1a: Mavis
|-sidestart|p1: waha8|move: Stealth Rock
|move|p1a: Mavis|Aurora Veil|p1a: Mavis
|-sidestart|p1: waha8|move: Aurora Veil
|
|-weather|Snowscape|[upkeep]
|upkeep
|turn|12
|
|t:|1780998620
|-end|p2a: Great Tusk|Protosynthesis|[silent]
|switch|p2a: Slowking|Slowking-Galar, M|95/100
|move|p1a: Mavis|Moonblast|p2a: Slowking
|-resisted|p2a: Slowking
|-damage|p2a: Slowking|85/100
|-unboost|p2a: Slowking|spa|1
|
|-weather|Snowscape|[upkeep]
|upkeep
|turn|13
|
|t:|1780998628
|switch|p1a: Thing|Cetitan, F|100/100
|-damage|p1a: Thing|75/100|[from] Stealth Rock
|move|p2a: Slowking|Sludge Bomb|p1a: Thing
|-damage|p1a: Thing|57/100
|
|-weather|Snowscape|[upkeep]
|-fieldend|move: Psychic Terrain
|upkeep
|turn|14
|
|t:|1780998638
|-terastallize|p1a: Thing|Ground
|move|p1a: Thing|Belly Drum|p1a: Thing
|-damage|p1a: Thing|7/100
|-setboost|p1a: Thing|atk|6|[from] move: Belly Drum
|-enditem|p1a: Thing|Sitrus Berry|[eat]
|-heal|p1a: Thing|32/100|[from] item: Sitrus Berry
|move|p2a: Slowking|Flamethrower|p1a: Thing
|-damage|p1a: Thing|21/100
|
|-weather|Snowscape|[upkeep]
|upkeep
|turn|15
|
|t:|1780998656
|switch|p2a: Zapdos|Zapdos|42/100
|move|p1a: Thing|Icicle Spear|p2a: Zapdos
|-supereffective|p2a: Zapdos
|-damage|p2a: Zapdos|0 fnt
|faint|p2a: Zapdos
|-hitcount|p2: Zapdos|1
|
|-weather|Snowscape|[upkeep]
|-sideend|p1: waha8|move: Aurora Veil
|upkeep
|
|t:|1780998666
|switch|p2a: Zamazenta|Zamazenta|100/100
|-ability|p2a: Zamazenta|Dauntless Shield|boost
|-boost|p2a: Zamazenta|def|1
|turn|16
|
|t:|1780998670
|move|p1a: Thing|Earthquake|p2a: Zamazenta
|-damage|p2a: Zamazenta|0 fnt
|faint|p2a: Zamazenta
|
|-weather|Snowscape|[upkeep]
|upkeep
|
|t:|1780998675
|switch|p2a: Kingambit|Kingambit, M|100/100
|-activate|p2a: Kingambit|ability: Supreme Overlord
|-start|p2a: Kingambit|fallen2|[silent]
|turn|17
|
|t:|1780998678
|move|p1a: Thing|Ice Shard|p2a: Kingambit
|-resisted|p2a: Kingambit
|-damage|p2a: Kingambit|70/100
|move|p2a: Kingambit|Kowtow Cleave|p1a: Thing
|-damage|p1a: Thing|0 fnt
|faint|p1a: Thing
|
|-weather|Snowscape|[upkeep]
|-heal|p2a: Kingambit|76/100|[from] item: Leftovers
|upkeep
|
|t:|1780998687
|switch|p1a: DeeDee|Indeedee, M|45/100
|-damage|p1a: DeeDee|32/100|[from] Stealth Rock
|-fieldstart|move: Psychic Terrain|[from] ability: Psychic Surge|[of] p1a: DeeDee
|turn|18
|j| lord shiddenfards
|
|t:|1780998694
|move|p1a: DeeDee|Dazzling Gleam|p2a: Kingambit
|-damage|p2a: Kingambit|50/100
|move|p2a: Kingambit|Kowtow Cleave|p1a: DeeDee
|-supereffective|p1a: DeeDee
|-crit|p1a: DeeDee
|-damage|p1a: DeeDee|0 fnt
|faint|p1a: DeeDee
|
|-weather|none
|-heal|p2a: Kingambit|56/100|[from] item: Leftovers
|upkeep
|
|t:|1780998703
|switch|p1a: Mavis|Ninetales-Alola, F|100/100
|-damage|p1a: Mavis|76/100|[from] Stealth Rock
|-weather|Snowscape|[from] ability: Snow Warning|[of] p1a: Mavis
|turn|19
|
|t:|1780998708
|-end|p2a: Kingambit|fallen2|[silent]
|switch|p2a: Slowking|Slowking-Galar, M|100/100
|move|p1a: Mavis|Encore||[still]
|-fail|p1a: Mavis
|
|-weather|Snowscape|[upkeep]
|upkeep
|turn|20
|
|t:|1780998713
|move|p1a: Mavis|Aurora Veil|p1a: Mavis
|-sidestart|p1: waha8|move: Aurora Veil
|move|p2a: Slowking|Sludge Bomb|p1a: Mavis
|-supereffective|p1a: Mavis
|-damage|p1a: Mavis|22/100
|
|-weather|Snowscape|[upkeep]
|upkeep
|turn|21
|
|t:|1780998718
|move|p1a: Mavis|Encore|p2a: Slowking
|-start|p2a: Slowking|Encore
|move|p2a: Slowking|Sludge Bomb|p1a: Mavis
|-supereffective|p1a: Mavis
|-damage|p1a: Mavis|0 fnt
|faint|p1a: Mavis
|
|-weather|Snowscape|[upkeep]
|upkeep
|
|t:|1780998725
|switch|p1a: SubZero|Kyurem|100/100
|-damage|p1a: SubZero|76/100|[from] Stealth Rock
|-ability|p1a: SubZero|Pressure
|turn|22
|
|t:|1780998729
|move|p1a: SubZero|Dragon Dance|p1a: SubZero
|-boost|p1a: SubZero|atk|1
|-boost|p1a: SubZero|spe|1
|move|p2a: Slowking|Sludge Bomb|p1a: SubZero
|-damage|p1a: SubZero|53/100
|-status|p1a: SubZero|psn
|
|-weather|Snowscape|[upkeep]
|-damage|p1a: SubZero|41/100 psn|[from] psn
|upkeep
|turn|23
|
|t:|1780998737
|move|p1a: SubZero|Scale Shot|p2a: Slowking
|-damage|p2a: Slowking|76/100
|-damage|p2a: Slowking|52/100
|-damage|p2a: Slowking|31/100
|-damage|p2a: Slowking|6/100
|-hitcount|p2a: Slowking|4
|-unboost|p1a: SubZero|def|1
|-boost|p1a: SubZero|spe|1
|move|p2a: Slowking|Sludge Bomb|p1a: SubZero
|-damage|p1a: SubZero|19/100 psn
|
|-weather|Snowscape|[upkeep]
|-damage|p1a: SubZero|7/100 psn|[from] psn
|-end|p2a: Slowking|Encore
|upkeep
|turn|24
|
|t:|1780998751
|move|p1a: SubZero|Icicle Spear|p2a: Slowking
|-damage|p2a: Slowking|0 fnt
|faint|p2a: Slowking
|-hitcount|p2: Slowking|1
|
|-weather|Snowscape|[upkeep]
|-damage|p1a: SubZero|0 fnt|[from] psn
|faint|p1a: SubZero
|-sideend|p1: waha8|move: Aurora Veil
|upkeep
|c|☆waha8|gg
|-message|waha8 forfeited.
|
|win|blueisnoob
|raw|waha8's rating: 1603 &rarr; <strong>1588</strong><br />(-15 for losing)
|raw|blueisnoob's rating: 1694 &rarr; <strong>1709</strong><br />(+15 for winning)
|l|☆waha8
|player|p1|
|l| lord shiddenfards
