|j|☆flamesjefferyx
|j|☆qingyunxian
|t:|1781450109
|gametype|singles
|player|p1|flamesjefferyx|zinnia|1550
|player|p2|qingyunxian|1|1668
|gen|9
|tier|[Gen 9] OU
|rated|
|rule|HP Percentage Mod: HP is shown in percentages
|rule|Endless Battle Clause: Forcing endless battles is banned
|rule|Species Clause: Limit one of each Pokémon
|rule|OHKO Clause: OHKO moves are banned
|rule|Evasion Items Clause: Evasion items are banned
|rule|Evasion Moves Clause: Evasion moves are banned
|rule|Evasion Abilities Clause: Evasion abilities are banned
|rule|Sleep Moves Clause: Sleep-inducing moves are banned
|clearpoke
|poke|p1|Pelipper, M|
|poke|p1|Raging Bolt|
|poke|p1|Overqwil, M|
|poke|p1|Barraskewda, M|
|poke|p1|Iron Treads|
|poke|p1|Kingambit, M|
|poke|p2|Ceruledge, F|
|poke|p2|Glimmora, F|
|poke|p2|Iron Valiant|
|poke|p2|Ogerpon-Wellspring, F|
|poke|p2|Minior|
|poke|p2|Garchomp, F|
|teampreview
|inactive|Battle timer is ON: inactive players will automatically lose when time's up. (requested by flamesjefferyx)
|
|t:|1781450119
|teamsize|p1|6
|teamsize|p2|6
|start
|switch|p1a: man|Iron Treads|100/100
|switch|p2a: Glimmora|Glimmora, F|100/100
|-enditem|p1a: man|Booster Energy
|-activate|p1a: man|ability: Quark Drive|[fromitem]
|-start|p1a: man|quarkdrivespe
|turn|1
|j| dragasoul
|inactive|qingyunxian has 120 seconds left.
|
|t:|1781450172
|move|p1a: man|Earth Power|p2a: Glimmora
|-supereffective|p2a: Glimmora
|-enditem|p2a: Glimmora|Focus Sash
|-damage|p2a: Glimmora|1/100
|move|p2a: Glimmora|Stealth Rock|p1a: man
|-sidestart|p1: flamesjefferyx|move: Stealth Rock
|
|upkeep
|turn|2
|inactive|qingyunxian has 90 seconds left.
|
|t:|1781450202
|-terastallize|p2a: Glimmora|Ghost
|move|p1a: man|Earth Power|p2a: Glimmora
|-damage|p2a: Glimmora|0 fnt
|faint|p2a: Glimmora
|
|upkeep
|
|t:|1781450214
|switch|p2a: Ceruledge|Ceruledge, F|100/100
|turn|3
|
|t:|1781450222
|move|p1a: man|Earth Power|p2a: Ceruledge
|-supereffective|p2a: Ceruledge
|-damage|p2a: Ceruledge|11/100
|move|p2a: Ceruledge|Bitter Blade|p1a: man
|-supereffective|p1a: man
|-crit|p1a: man
|-damage|p1a: man|0 fnt
|-heal|p2a: Ceruledge|66/100|[from] drain|[of] p1a: man
|faint|p1a: man
|-end|p1a: man|Quark Drive|[silent]
|
|upkeep
|
|t:|1781450226
|switch|p1a: cat|Pelipper, M|100/100
|-damage|p1a: cat|76/100|[from] Stealth Rock
|-weather|RainDance|[from] ability: Drizzle|[of] p1a: cat
|turn|4
|inactive|qingyunxian has 90 seconds left.
|
|t:|1781450254
|move|p2a: Ceruledge|Shadow Sneak|p1a: cat
|-crit|p1a: cat
|-damage|p1a: cat|51/100
|move|p1a: cat|U-turn|p2a: Ceruledge
|-resisted|p2a: Ceruledge
|-damage|p2a: Ceruledge|63/100
|-ability|p2a: Ceruledge|Weak Armor|boost
|-unboost|p2a: Ceruledge|def|1
|-boost|p2a: Ceruledge|spe|2
|
|t:|1781450258
|switch|p1a: e e|Barraskewda, M|100/100|[from] U-turn
|-damage|p1a: e e|88/100|[from] Stealth Rock
|
|-weather|RainDance|[upkeep]
|upkeep
|turn|5
|
|t:|1781450269
|switch|p2a: Ogerpon|Ogerpon-Wellspring, F|100/100
|move|p1a: e e|Close Combat|p2a: Ogerpon
|-damage|p2a: Ogerpon|20/100
|-unboost|p1a: e e|def|1
|-unboost|p1a: e e|spd|1
|
|-weather|RainDance|[upkeep]
|upkeep
|turn|6
|
|t:|1781450279
|switch|p1a: dog|Overqwil, M|100/100
|-damage|p1a: dog|88/100|[from] Stealth Rock
|switch|p2a: Ceruledge|Ceruledge, F|63/100
|
|-weather|RainDance|[upkeep]
|upkeep
|turn|7
|inactive|qingyunxian has 90 seconds left.
|
|t:|1781450290
|switch|p2a: Garchomp|Garchomp, F|100/100
|move|p1a: dog|Crunch|p2a: Garchomp
|-damage|p2a: Garchomp|48/100
|-damage|p1a: dog|76/100|[from] ability: Rough Skin|[of] p2a: Garchomp
|-damage|p1a: dog|66/100|[from] item: Life Orb
|
|-weather|RainDance|[upkeep]
|upkeep
|turn|8
|inactive|qingyunxian has 90 seconds left.
|
|t:|1781450300
|move|p1a: dog|Crunch|p2a: Garchomp
|-damage|p2a: Garchomp|0 fnt
|-damage|p1a: dog|54/100|[from] ability: Rough Skin|[of] p2a: Garchomp
|faint|p2a: Garchomp
|-damage|p1a: dog|44/100|[from] item: Life Orb
|
|-weather|RainDance|[upkeep]
|upkeep
|inactive|qingyunxian has 90 seconds left.
|
|t:|1781450321
|switch|p2a: Minior|Minior|100/100
|-formechange|p2a: Minior|Minior-Meteor||[from] ability: Shields Down
|turn|9
|inactive|qingyunxian has 60 seconds left.
|
|t:|1781450349
|switch|p2a: Ogerpon|Ogerpon-Wellspring, F|20/100
|move|p1a: dog|Liquidation|p2a: Ogerpon
|-heal|p2a: Ogerpon|45/100|[from] ability: Water Absorb|[of] p1a: dog
|
|-weather|RainDance|[upkeep]
|upkeep
|turn|10
|inactive|qingyunxian has 60 seconds left.
|
|t:|1781450371
|switch|p2a: Minior|Minior|100/100
|-formechange|p2a: Minior|Minior-Meteor||[from] ability: Shields Down
|move|p1a: dog|Gunk Shot|p2a: Minior
|-resisted|p2a: Minior
|-damage|p2a: Minior|59/100
|-damage|p1a: dog|34/100|[from] item: Life Orb
|
|-weather|RainDance|[upkeep]
|upkeep
|turn|11
|inactive|qingyunxian has 30 seconds left.
|
|t:|1781450409
|switch|p2a: Iron Valiant|Iron Valiant|100/100
|-enditem|p2a: Iron Valiant|Booster Energy
|-activate|p2a: Iron Valiant|ability: Quark Drive|[fromitem]
|-start|p2a: Iron Valiant|quarkdrivespe
|move|p1a: dog|Gunk Shot|p2a: Iron Valiant
|-supereffective|p2a: Iron Valiant
|-damage|p2a: Iron Valiant|0 fnt
|faint|p2a: Iron Valiant
|-end|p2a: Iron Valiant|Quark Drive|[silent]
|-damage|p1a: dog|25/100|[from] item: Life Orb
|
|-weather|none
|upkeep
|inactive|qingyunxian has 30 seconds left this turn.
|inactive|qingyunxian has 20 seconds left.
|
|t:|1781450421
|switch|p2a: Ogerpon|Ogerpon-Wellspring, F|45/100
|turn|12
|inactive|qingyunxian has 30 seconds left this turn.
|
|t:|1781450429
|move|p2a: Ogerpon|Ivy Cudgel|p1a: dog|[anim] Ivy Cudgel Water
|-damage|p1a: dog|0 fnt
|faint|p1a: dog
|
|upkeep
|
|t:|1781450432
|switch|p1a: cat|Pelipper, M|51/100
|-damage|p1a: cat|27/100|[from] Stealth Rock
|-weather|RainDance|[from] ability: Drizzle|[of] p1a: cat
|turn|13
|
|t:|1781450438
|move|p2a: Ogerpon|Horn Leech|p1a: cat
|-damage|p1a: cat|0 fnt
|-heal|p2a: Ogerpon|59/100|[from] drain|[of] p1a: cat
|faint|p1a: cat
|
|-weather|RainDance|[upkeep]
|upkeep
|
|t:|1781450442
|switch|p1a: rabbit|Raging Bolt|100/100
|-damage|p1a: rabbit|88/100|[from] Stealth Rock
|-enditem|p1a: rabbit|Booster Energy
|-activate|p1a: rabbit|ability: Protosynthesis|[fromitem]
|-start|p1a: rabbit|protosynthesisspa
|turn|14
|
|t:|1781450460
|move|p2a: Ogerpon|Play Rough|p1a: rabbit
|-supereffective|p1a: rabbit
|-damage|p1a: rabbit|31/100
|move|p1a: rabbit|Thunder|p2a: Ogerpon
|-damage|p2a: Ogerpon|0 fnt
|faint|p2a: Ogerpon
|
|-weather|RainDance|[upkeep]
|upkeep
|inactive|qingyunxian has 30 seconds left.
|inactive|qingyunxian has 20 seconds left.
|inactive|qingyunxian has 15 seconds left.
|
|t:|1781450485
|switch|p2a: Ceruledge|Ceruledge, F|63/100
|turn|15
|inactive|qingyunxian has 25 seconds left this turn.
|inactive|qingyunxian has 20 seconds left.
|
|t:|1781450492
|move|p2a: Ceruledge|Close Combat|p1a: rabbit
|-damage|p1a: rabbit|0 fnt
|-unboost|p2a: Ceruledge|def|1
|-unboost|p2a: Ceruledge|spd|1
|faint|p1a: rabbit
|-end|p1a: rabbit|Protosynthesis|[silent]
|
|-weather|RainDance|[upkeep]
|upkeep
|
|t:|1781450497
|switch|p1a: woman|Kingambit, M, shiny|100/100
|-damage|p1a: woman|94/100|[from] Stealth Rock
|-activate|p1a: woman|ability: Supreme Overlord
|-start|p1a: woman|fallen4|[silent]
|turn|16
|inactive|qingyunxian has 30 seconds left.
|
|t:|1781450504
|move|p2a: Ceruledge|Close Combat|p1a: woman
|-supereffective|p1a: woman
|-damage|p1a: woman|0 fnt
|-unboost|p2a: Ceruledge|def|1
|-unboost|p2a: Ceruledge|spd|1
|faint|p1a: woman
|-end|p1a: woman|fallen4|[silent]
|
|-weather|RainDance|[upkeep]
|upkeep
|
|t:|1781450506
|switch|p1a: e e|Barraskewda, M|88/100
|-damage|p1a: e e|75/100|[from] Stealth Rock
|turn|17
|
|t:|1781450516
|switch|p2a: Minior|Minior|59/100
|-formechange|p2a: Minior|Minior-Meteor||[from] ability: Shields Down
|-terastallize|p1a: e e|Water
|move|p1a: e e|Liquidation|p2a: Minior
|-supereffective|p2a: Minior
|-damage|p2a: Minior|0 fnt
|faint|p2a: Minior
|
|-weather|RainDance|[upkeep]
|upkeep
|
|t:|1781450523
|switch|p2a: Ceruledge|Ceruledge, F|63/100
|turn|18
|
|t:|1781450525
|move|p2a: Ceruledge|Shadow Sneak|p1a: e e
|-damage|p1a: e e|31/100
|move|p1a: e e|Liquidation|p2a: Ceruledge
|-supereffective|p2a: Ceruledge
|-damage|p2a: Ceruledge|0 fnt
|faint|p2a: Ceruledge
|
|win|flamesjefferyx
|raw|flamesjefferyx's rating: 1550 &rarr; <strong>1577</strong><br />(+27 for winning)
|raw|qingyunxian's rating: 1668 &rarr; <strong>1641</strong><br />(-27 for losing)
|l|☆qingyunxian
|player|p2|
|c|☆flamesjefferyx|Lol all that time stalling and for what?
|l|☆flamesjefferyx
|player|p1|
|l| dragasoul
