|badge|p1|bronze|gen9randombattle|100-9
|badge|p1|bronze|gen9ubers|100-9
|uhtml|medal-msg|<div class="broadcast-blue">Curious what those medals under the avatar are? PS now has Ladder Seasons! For more information, check out the <a href="https://www.smogon.com/forums/threads/3740067/">thread on Smogon.</a></div>
|j|☆oddishlover4
|j|☆smithwick1
|t:|1781040924
|gametype|singles
|player|p1|oddishlover4|acetrainerf|1680
|player|p2|smithwick1|266|1722
|gen|9
|tier|[Gen 9] OU
|rated|
|rule|HP Percentage Mod: HP is shown in percentages
|rule|Endless Battle Clause: Forcing endless battles is banned
|rule|Species Clause: Limit one of each Pokémon
|rule|OHKO Clause: OHKO moves are banned
|rule|Evasion Items Clause: Evasion items are banned
|rule|Evasion Moves Clause: Evasion moves are banned
|rule|Evasion Abilities Clause: Evasion abilities are banned
|rule|Sleep Moves Clause: Sleep-inducing moves are banned
|clearpoke
|poke|p1|Kyurem|
|poke|p1|Hatterene, F|
|poke|p1|Darkrai|
|poke|p1|Great Tusk|
|poke|p1|Dragonite, F|
|poke|p1|Gholdengo|
|poke|p2|Zamazenta-*|
|poke|p2|Dragapult, F|
|poke|p2|Pecharunt|
|poke|p2|Ogerpon-Wellspring, F|
|poke|p2|Iron Treads|
|poke|p2|Kingambit, F|
|teampreview
|inactive|Battle timer is ON: inactive players will automatically lose when time's up. (requested by smithwick1)
|j| Fat_Yogi
|
|t:|1781040943
|teamsize|p1|6
|teamsize|p2|6
|start
|switch|p1a: Boompala|Kyurem|100/100
|switch|p2a: Zamazenta|Zamazenta|100/100
|-ability|p2a: Zamazenta|Dauntless Shield|boost
|-boost|p2a: Zamazenta|def|1
|-ability|p1a: Boompala|Pressure
|turn|1
|c|☆oddishlover4|gl/hf!
|inactive|oddishlover4 also wants the timer to be on.
|
|t:|1781040961
|-terastallize|p1a: Boompala|Poison
|move|p2a: Zamazenta|Close Combat|p1a: Boompala
|-resisted|p1a: Boompala
|-damage|p1a: Boompala|82/100
|-unboost|p2a: Zamazenta|def|1
|-unboost|p2a: Zamazenta|spd|1
|move|p1a: Boompala|Ice Beam|p2a: Zamazenta
|-damage|p2a: Zamazenta|41/100
|
|upkeep
|turn|2
|c|☆smithwick1|Hf!
|
|t:|1781040980
|move|p2a: Zamazenta|Light Screen|p2a: Zamazenta
|-sidestart|p2: smithwick1|move: Light Screen
|move|p1a: Boompala|Ice Beam|p2a: Zamazenta
|-damage|p2a: Zamazenta|11/100
|
|upkeep
|turn|3
|j| biscoitoxdbr
|
|t:|1781040998
|move|p2a: Zamazenta|Reflect|p2a: Zamazenta
|-sidestart|p2: smithwick1|Reflect
|move|p1a: Boompala|Body Press|p2a: Zamazenta
|-damage|p2a: Zamazenta|3/100
|
|upkeep
|turn|4
|
|t:|1781041008
|switch|p1a: Fearless|Great Tusk|100/100
|move|p2a: Zamazenta|Close Combat|p1a: Fearless
|-damage|p1a: Fearless|75/100
|-unboost|p2a: Zamazenta|def|1
|-unboost|p2a: Zamazenta|spd|1
|
|-heal|p1a: Fearless|81/100|[from] item: Leftovers
|upkeep
|turn|5
|
|t:|1781041018
|move|p2a: Zamazenta|Close Combat|p1a: Fearless
|-damage|p1a: Fearless|56/100
|-unboost|p2a: Zamazenta|def|1
|-unboost|p2a: Zamazenta|spd|1
|move|p1a: Fearless|Stealth Rock|p2a: Zamazenta
|-sidestart|p2: smithwick1|move: Stealth Rock
|
|-heal|p1a: Fearless|62/100|[from] item: Leftovers
|upkeep
|turn|6
|
|t:|1781041027
|-end|p1a: Fearless|Protosynthesis|[silent]
|switch|p1a: Celebration|Gholdengo|100/100
|move|p2a: Zamazenta|Close Combat|p1a: Celebration
|-immune|p1a: Celebration
|
|upkeep
|turn|7
|
|t:|1781041037
|switch|p2a: Ogerpon|Ogerpon-Wellspring, F|100/100
|-damage|p2a: Ogerpon|88/100|[from] Stealth Rock
|move|p1a: Celebration|Nasty Plot|p1a: Celebration
|-boost|p1a: Celebration|spa|2
|
|upkeep
|turn|8
|
|t:|1781041055
|move|p2a: Ogerpon|Ivy Cudgel|p1a: Celebration|[anim] Ivy Cudgel Water
|-damage|p1a: Celebration|50/100
|move|p1a: Celebration|Shadow Ball|p2a: Ogerpon
|-damage|p2a: Ogerpon|42/100
|
|upkeep
|turn|9
|
|t:|1781041073
|switch|p1a: Bluebeard's Wife|Dragonite, F|100/100
|move|p2a: Ogerpon|Ivy Cudgel|p1a: Bluebeard's Wife|[anim] Ivy Cudgel Water
|-resisted|p1a: Bluebeard's Wife
|-damage|p1a: Bluebeard's Wife|87/100
|
|-sideend|p2: smithwick1|move: Light Screen
|upkeep
|turn|10
|
|t:|1781041092
|switch|p2a: Pecharunt|Pecharunt|100/100
|-damage|p2a: Pecharunt|88/100|[from] Stealth Rock
|move|p1a: Bluebeard's Wife|Roost|p1a: Bluebeard's Wife
|-heal|p1a: Bluebeard's Wife|100/100
|-singleturn|p1a: Bluebeard's Wife|move: Roost
|
|-heal|p2a: Pecharunt|94/100|[from] item: Leftovers
|-sideend|p2: smithwick1|Reflect
|upkeep
|turn|11
|inactive|oddishlover4 has 120 seconds left.
|
|t:|1781041110
|switch|p1a: Boompala|Kyurem, tera:Poison|82/100
|-ability|p1a: Boompala|Pressure
|move|p2a: Pecharunt|Shadow Ball|p1a: Boompala
|-damage|p1a: Boompala|68/100
|
|-heal|p2a: Pecharunt|99/100|[from] item: Leftovers
|upkeep
|turn|12
|inactive|oddishlover4 has 120 seconds left.
|
|t:|1781041128
|switch|p2a: Zamazenta|Zamazenta|3/100
|-damage|p2a: Zamazenta|0 fnt|[from] Stealth Rock
|faint|p2a: Zamazenta
|move|p1a: Boompala|Ice Beam|p2: Zamazenta|[notarget]
|-fail|p1a: Boompala
|
|upkeep
|
|t:|1781041131
|switch|p2a: Iron Treads|Iron Treads|100/100
|-damage|p2a: Iron Treads|97/100|[from] Stealth Rock
|-enditem|p2a: Iron Treads|Booster Energy
|-activate|p2a: Iron Treads|ability: Quark Drive|[fromitem]
|-start|p2a: Iron Treads|quarkdrivespe
|turn|13
|inactive|oddishlover4 has 120 seconds left.
|
|t:|1781041149
|switch|p1a: Fearless|Great Tusk|62/100
|move|p2a: Iron Treads|Earthquake|p1a: Fearless
|-damage|p1a: Fearless|37/100
|
|-heal|p1a: Fearless|43/100|[from] item: Leftovers
|upkeep
|turn|14
|inactive|oddishlover4 has 120 seconds left.
|
|t:|1781041169
|move|p2a: Iron Treads|Knock Off|p1a: Fearless
|-resisted|p1a: Fearless
|-damage|p1a: Fearless|35/100
|-enditem|p1a: Fearless|Leftovers|[from] move: Knock Off|[of] p2a: Iron Treads
|move|p1a: Fearless|Headlong Rush|p2a: Iron Treads
|-supereffective|p2a: Iron Treads
|-damage|p2a: Iron Treads|7/100
|-unboost|p1a: Fearless|def|1
|-unboost|p1a: Fearless|spd|1
|
|upkeep
|turn|15
|
|t:|1781041187
|-end|p1a: Fearless|Protosynthesis|[silent]
|switch|p1a: Celebration|Gholdengo|50/100
|move|p2a: Iron Treads|Earthquake|p1a: Celebration
|-supereffective|p1a: Celebration
|-damage|p1a: Celebration|0 fnt
|faint|p1a: Celebration
|
|upkeep
|
|t:|1781041205
|switch|p1a: Bluebeard's Wife|Dragonite, F|100/100
|turn|16
|inactive|oddishlover4 has 90 seconds left.
|
|t:|1781041223
|-end|p2a: Iron Treads|Quark Drive|[silent]
|switch|p2a: Pecharunt|Pecharunt|99/100
|-damage|p2a: Pecharunt|88/100|[from] Stealth Rock
|move|p1a: Bluebeard's Wife|Extreme Speed|p2a: Pecharunt
|-immune|p2a: Pecharunt
|
|-heal|p2a: Pecharunt|94/100|[from] item: Leftovers
|upkeep
|turn|17
|inactive|oddishlover4 has 90 seconds left.
|
|t:|1781041241
|switch|p2a: Iron Treads|Iron Treads|7/100
|-damage|p2a: Iron Treads|4/100|[from] Stealth Rock
|switch|p1a: Boompala|Kyurem, tera:Poison|68/100
|-ability|p1a: Boompala|Pressure
|
|upkeep
|turn|18
|inactive|oddishlover4 has 90 seconds left.
|
|t:|1781041259
|switch|p1a: Bluebeard's Wife|Dragonite, F|100/100
|move|p2a: Iron Treads|Earthquake|p1a: Bluebeard's Wife
|-immune|p1a: Bluebeard's Wife
|
|upkeep
|turn|19
|
|t:|1781041278
|-terastallize|p2a: Iron Treads|Ghost
|move|p1a: Bluebeard's Wife|Extreme Speed|p2a: Iron Treads
|-immune|p2a: Iron Treads
|move|p2a: Iron Treads|Rapid Spin|p1a: Bluebeard's Wife
|-damage|p1a: Bluebeard's Wife|94/100
|-boost|p2a: Iron Treads|spe|1
|-sideend|p2: smithwick1|Stealth Rock|[from] move: Rapid Spin|[of] p2a: Iron Treads
|
|upkeep
|turn|20
|
|t:|1781041287
|switch|p1a: Antiflagile|Hatterene, F|100/100
|move|p2a: Iron Treads|Stealth Rock|p1a: Antiflagile
|move|p1a: Antiflagile|Stealth Rock|p2a: Iron Treads|[from] ability: Magic Bounce
|-sidestart|p2: smithwick1|move: Stealth Rock
|
|upkeep
|turn|21
|
|t:|1781041296
|move|p2a: Iron Treads|Rapid Spin|p1a: Antiflagile
|-damage|p1a: Antiflagile|87/100
|-boost|p2a: Iron Treads|spe|1
|-damage|p2a: Iron Treads|0 fnt|[from] item: Rocky Helmet|[of] p1a: Antiflagile
|faint|p2a: Iron Treads
|-end|p2a: Iron Treads|Quark Drive|[silent]
|move|p1a: Antiflagile|Draining Kiss|p2: Iron Treads|[notarget]
|-fail|p1a: Antiflagile
|
|upkeep
|
|t:|1781041310
|switch|p2a: Ogerpon|Ogerpon-Wellspring, F|42/100
|-damage|p2a: Ogerpon|29/100|[from] Stealth Rock
|turn|22
|inactive|oddishlover4 has 90 seconds left.
|
|t:|1781041328
|switch|p1a: Bluebeard's Wife|Dragonite, F|94/100
|move|p2a: Ogerpon|Ivy Cudgel|p1a: Bluebeard's Wife|[anim] Ivy Cudgel Water
|-resisted|p1a: Bluebeard's Wife
|-damage|p1a: Bluebeard's Wife|66/100
|
|upkeep
|turn|23
|inactive|oddishlover4 has 90 seconds left.
|
|t:|1781041346
|switch|p2a: Pecharunt|Pecharunt|94/100
|-damage|p2a: Pecharunt|82/100|[from] Stealth Rock
|move|p1a: Bluebeard's Wife|Roost|p1a: Bluebeard's Wife
|-heal|p1a: Bluebeard's Wife|100/100
|-singleturn|p1a: Bluebeard's Wife|move: Roost
|
|-heal|p2a: Pecharunt|88/100|[from] item: Leftovers
|upkeep
|turn|24
|
|t:|1781041364
|switch|p1a: Boompala|Kyurem, tera:Poison|68/100
|-ability|p1a: Boompala|Pressure
|move|p2a: Pecharunt|Shadow Ball|p1a: Boompala
|-damage|p1a: Boompala|50/100
|
|-heal|p2a: Pecharunt|94/100|[from] item: Leftovers
|upkeep
|turn|25
|
|t:|1781041382
|switch|p2a: Ogerpon|Ogerpon-Wellspring, F|29/100
|-damage|p2a: Ogerpon|17/100|[from] Stealth Rock
|move|p1a: Boompala|Ice Beam|p2a: Ogerpon
|-damage|p2a: Ogerpon|0 fnt
|faint|p2a: Ogerpon
|
|upkeep
|
|t:|1781041386
|switch|p2a: Dragapult|Dragapult, F|100/100
|-damage|p2a: Dragapult|88/100|[from] Stealth Rock
|turn|26
|
|t:|1781041404
|move|p2a: Dragapult|Dragon Dance|p2a: Dragapult
|-boost|p2a: Dragapult|atk|1
|-boost|p2a: Dragapult|spe|1
|move|p1a: Boompala|Ice Beam|p2a: Dragapult
|-supereffective|p2a: Dragapult
|-damage|p2a: Dragapult|0 fnt
|faint|p2a: Dragapult
|
|upkeep
|
|t:|1781041409
|switch|p2a: Pecharunt|Pecharunt|94/100
|-damage|p2a: Pecharunt|81/100|[from] Stealth Rock
|turn|27
|c|☆smithwick1|Gg
|
|t:|1781041427
|move|p2a: Pecharunt|Nasty Plot|p2a: Pecharunt
|-boost|p2a: Pecharunt|spa|2
|move|p1a: Boompala|Earth Power|p2a: Pecharunt
|-supereffective|p2a: Pecharunt
|-damage|p2a: Pecharunt|15/100
|
|-heal|p2a: Pecharunt|21/100|[from] item: Leftovers
|upkeep
|turn|28
|c|☆smithwick1|I shudd ajust killed u
|
|t:|1781041443
|move|p2a: Pecharunt|Shadow Ball|p1a: Boompala
|-damage|p1a: Boompala|20/100
|move|p1a: Boompala|Earth Power|p2a: Pecharunt
|-supereffective|p2a: Pecharunt
|-damage|p2a: Pecharunt|0 fnt
|faint|p2a: Pecharunt
|
|upkeep
|l| biscoitoxdbr
|
|t:|1781041448
|switch|p2a: Kingambit|Kingambit, F|100/100
|-damage|p2a: Kingambit|94/100|[from] Stealth Rock
|-activate|p2a: Kingambit|ability: Supreme Overlord
|-start|p2a: Kingambit|fallen5|[silent]
|turn|29
|
|t:|1781041459
|move|p2a: Kingambit|Sucker Punch|p1a: Boompala
|-crit|p1a: Boompala
|-damage|p1a: Boompala|0 fnt
|faint|p1a: Boompala
|
|-heal|p2a: Kingambit|100/100|[from] item: Leftovers
|upkeep
|
|t:|1781041469
|switch|p1a: Perfect Night|Darkrai|100/100
|turn|30
|
|t:|1781041471
|move|p1a: Perfect Night|Trick|p2a: Kingambit
|-activate|p1a: Perfect Night|move: Trick|[of] p2a: Kingambit
|-item|p2a: Kingambit|Choice Scarf|[from] move: Trick
|-item|p1a: Perfect Night|Leftovers|[from] move: Trick
|move|p2a: Kingambit|Swords Dance|p2a: Kingambit
|-boost|p2a: Kingambit|atk|2
|
|upkeep
|turn|31
|-message|smithwick1 forfeited.
|
|win|oddishlover4
|raw|oddishlover4's rating: 1680 &rarr; <strong>1702</strong><br />(+22 for winning)
|raw|smithwick1's rating: 1722 &rarr; <strong>1700</strong><br />(-22 for losing)
|l|☆smithwick1
|player|p2|
|c|☆oddishlover4|GG!
|l| Fat_Yogi
