|j|☆arbok super yea
|j|☆wubbybubbyjr
|t:|1781564228
|gametype|singles
|player|p1|arbok super yea|bugcatcher-gen4dp|1571
|player|p2|wubbybubbyjr|preschooler|1517
|gen|9
|tier|[Gen 9] OU
|rated|
|rule|HP Percentage Mod: HP is shown in percentages
|rule|Endless Battle Clause: Forcing endless battles is banned
|rule|Species Clause: Limit one of each Pokémon
|rule|OHKO Clause: OHKO moves are banned
|rule|Evasion Items Clause: Evasion items are banned
|rule|Evasion Moves Clause: Evasion moves are banned
|rule|Evasion Abilities Clause: Evasion abilities are banned
|rule|Sleep Moves Clause: Sleep-inducing moves are banned
|clearpoke
|poke|p1|Arbok, M|
|poke|p1|Iron Treads|
|poke|p1|Tornadus-Therian, M|
|poke|p1|Zamazenta-*|
|poke|p1|Kingambit, M|
|poke|p1|Raging Bolt|
|poke|p2|Araquanid, F|
|poke|p2|Darkrai|
|poke|p2|Iron Treads|
|poke|p2|Dragonite, F|
|poke|p2|Gholdengo|
|poke|p2|Tornadus-Therian, M|
|teampreview
|inactive|Battle timer is ON: inactive players will automatically lose when time's up. (requested by wubbybubbyjr)
|inactive|wubbybubbyjr has 120 seconds left.
|
|t:|1781564281
|teamsize|p1|6
|teamsize|p2|6
|start
|switch|p1a: asoS evoL|Arbok, M|100/100
|switch|p2a: the reaper|Darkrai|100/100
|-ability|p1a: asoS evoL|Intimidate|boost
|-unboost|p2a: the reaper|atk|1
|turn|1
|
|t:|1781564294
|move|p2a: the reaper|Dark Pulse|p1a: asoS evoL
|-damage|p1a: asoS evoL|23/100
|move|p1a: asoS evoL|Glare|p2a: the reaper
|-status|p2a: the reaper|par
|
|-heal|p1a: asoS evoL|29/100|[from] item: Black Sludge
|upkeep
|turn|2
|
|t:|1781564303
|switch|p1a: Zamazenta|Zamazenta|100/100
|-ability|p1a: Zamazenta|Dauntless Shield|boost
|-boost|p1a: Zamazenta|def|1
|cant|p2a: the reaper|par
|
|upkeep
|turn|3
|
|t:|1781564313
|switch|p1a: Raging Bolt|Raging Bolt|100/100
|switch|p2a: big nid|Araquanid, F|100/100
|
|upkeep
|turn|4
|
|t:|1781564318
|move|p1a: Raging Bolt|Volt Switch|p2a: big nid
|-supereffective|p2a: big nid
|-damage|p2a: big nid|37/100
|
|t:|1781564322
|-end|p1a: Raging Bolt|Protosynthesis|[silent]
|switch|p1a: Tornadus|Tornadus-Therian, M|100/100|[from] Volt Switch
|move|p2a: big nid|Sticky Web|p1a: Tornadus
|-sidestart|p1: arbok super yea|move: Sticky Web
|
|upkeep
|turn|5
|
|t:|1781564330
|move|p2a: big nid|Endure|p2a: big nid
|-singleturn|p2a: big nid|move: Endure
|move|p1a: Tornadus|Bleakwind Storm|p2a: big nid|[miss]
|-miss|p1a: Tornadus|p2a: big nid
|
|upkeep
|turn|6
|
|t:|1781564358
|switch|p2a: the reaper|Darkrai|100/100 par
|move|p1a: Tornadus|Bleakwind Storm|p2a: the reaper
|-damage|p2a: the reaper|40/100 par
|
|upkeep
|turn|7
|
|t:|1781564363
|move|p1a: Tornadus|Bleakwind Storm|p2a: the reaper
|-damage|p2a: the reaper|0 fnt
|faint|p2a: the reaper
|
|upkeep
|
|t:|1781564375
|switch|p2a: barney|Dragonite, F|100/100
|turn|8
|
|t:|1781564380
|switch|p1a: asoS evoL|Arbok, M|29/100
|-activate|p1a: asoS evoL|move: Sticky Web
|-unboost|p1a: asoS evoL|spe|1
|-ability|p1a: asoS evoL|Intimidate|boost
|-unboost|p2a: barney|atk|1
|move|p2a: barney|Outrage|p1a: asoS evoL
|-damage|p1a: asoS evoL|0 fnt
|faint|p1a: asoS evoL
|
|upkeep
|
|t:|1781564387
|switch|p1a: Iron Treads|Iron Treads|100/100
|-activate|p1a: Iron Treads|move: Sticky Web
|-unboost|p1a: Iron Treads|spe|1
|turn|9
|
|t:|1781564391
|move|p2a: barney|Outrage|p1a: Iron Treads|[from] lockedmove
|-resisted|p1a: Iron Treads
|-damage|p1a: Iron Treads|75/100
|move|p1a: Iron Treads|Rapid Spin|p2a: barney
|-damage|p2a: barney|94/100
|-boost|p1a: Iron Treads|spe|1
|-sideend|p1: arbok super yea|Sticky Web|[from] move: Rapid Spin|[of] p1a: Iron Treads
|
|-heal|p1a: Iron Treads|81/100|[from] item: Leftovers
|upkeep
|turn|10
|
|t:|1781564396
|move|p2a: barney|Outrage|p1a: Iron Treads|[from] lockedmove
|-resisted|p1a: Iron Treads
|-damage|p1a: Iron Treads|54/100
|-start|p2a: barney|confusion|[fatigue]
|move|p1a: Iron Treads|Stealth Rock|p2a: barney
|-sidestart|p2: wubbybubbyjr|move: Stealth Rock
|
|-heal|p1a: Iron Treads|60/100|[from] item: Leftovers
|upkeep
|turn|11
|
|t:|1781564410
|switch|p2a: bird jesus|Tornadus-Therian, M|100/100
|-damage|p2a: bird jesus|76/100|[from] Stealth Rock
|move|p1a: Iron Treads|Ice Spinner|p2a: bird jesus
|-supereffective|p2a: bird jesus
|-damage|p2a: bird jesus|18/100
|
|-heal|p1a: Iron Treads|66/100|[from] item: Leftovers
|upkeep
|turn|12
|
|t:|1781564424
|move|p2a: bird jesus|Heat Wave|p1a: Iron Treads
|-supereffective|p1a: Iron Treads
|-damage|p1a: Iron Treads|8/100
|-damage|p2a: bird jesus|9/100|[from] item: Life Orb
|move|p1a: Iron Treads|Rapid Spin|p2a: bird jesus
|-damage|p2a: bird jesus|0 fnt
|-boost|p1a: Iron Treads|spe|1
|faint|p2a: bird jesus
|
|-heal|p1a: Iron Treads|14/100|[from] item: Leftovers
|upkeep
|
|t:|1781564429
|switch|p2a: dumbo|Iron Treads|100/100
|-damage|p2a: dumbo|97/100|[from] Stealth Rock
|turn|13
|
|t:|1781564446
|-terastallize|p2a: dumbo|Ghost
|move|p1a: Iron Treads|Earthquake|p2a: dumbo
|-damage|p2a: dumbo|61/100
|move|p2a: dumbo|Rapid Spin|p1a: Iron Treads
|-resisted|p1a: Iron Treads
|-damage|p1a: Iron Treads|8/100
|-boost|p2a: dumbo|spe|1
|-sideend|p2: wubbybubbyjr|Stealth Rock|[from] move: Rapid Spin|[of] p2a: dumbo
|
|-heal|p2a: dumbo|67/100|[from] item: Leftovers
|-heal|p1a: Iron Treads|14/100|[from] item: Leftovers
|upkeep
|turn|14
|
|t:|1781564457
|move|p2a: dumbo|Rapid Spin|p1a: Iron Treads
|-resisted|p1a: Iron Treads
|-damage|p1a: Iron Treads|8/100
|-boost|p2a: dumbo|spe|1
|move|p1a: Iron Treads|Stealth Rock|p2a: dumbo
|-sidestart|p2: wubbybubbyjr|move: Stealth Rock
|
|-heal|p2a: dumbo|73/100|[from] item: Leftovers
|-heal|p1a: Iron Treads|14/100|[from] item: Leftovers
|upkeep
|turn|15
|
|t:|1781564460
|move|p2a: dumbo|Rapid Spin|p1a: Iron Treads
|-resisted|p1a: Iron Treads
|-damage|p1a: Iron Treads|8/100
|-boost|p2a: dumbo|spe|1
|-sideend|p2: wubbybubbyjr|Stealth Rock|[from] move: Rapid Spin|[of] p2a: dumbo
|move|p1a: Iron Treads|Stealth Rock|p2a: dumbo
|-sidestart|p2: wubbybubbyjr|move: Stealth Rock
|
|-heal|p2a: dumbo|79/100|[from] item: Leftovers
|-heal|p1a: Iron Treads|14/100|[from] item: Leftovers
|upkeep
|turn|16
|
|t:|1781564463
|move|p2a: dumbo|Rapid Spin|p1a: Iron Treads
|-resisted|p1a: Iron Treads
|-damage|p1a: Iron Treads|8/100
|-boost|p2a: dumbo|spe|1
|-sideend|p2: wubbybubbyjr|Stealth Rock|[from] move: Rapid Spin|[of] p2a: dumbo
|move|p1a: Iron Treads|Stealth Rock|p2a: dumbo
|-sidestart|p2: wubbybubbyjr|move: Stealth Rock
|
|-heal|p2a: dumbo|86/100|[from] item: Leftovers
|-heal|p1a: Iron Treads|14/100|[from] item: Leftovers
|upkeep
|turn|17
|
|t:|1781564466
|move|p2a: dumbo|Rapid Spin|p1a: Iron Treads
|-resisted|p1a: Iron Treads
|-damage|p1a: Iron Treads|8/100
|-boost|p2a: dumbo|spe|1
|-sideend|p2: wubbybubbyjr|Stealth Rock|[from] move: Rapid Spin|[of] p2a: dumbo
|move|p1a: Iron Treads|Stealth Rock|p2a: dumbo
|-sidestart|p2: wubbybubbyjr|move: Stealth Rock
|
|-heal|p2a: dumbo|92/100|[from] item: Leftovers
|-heal|p1a: Iron Treads|14/100|[from] item: Leftovers
|upkeep
|turn|18
|
|t:|1781564468
|move|p2a: dumbo|Rapid Spin|p1a: Iron Treads
|-resisted|p1a: Iron Treads
|-damage|p1a: Iron Treads|8/100
|-boost|p2a: dumbo|spe|1
|-sideend|p2: wubbybubbyjr|Stealth Rock|[from] move: Rapid Spin|[of] p2a: dumbo
|move|p1a: Iron Treads|Stealth Rock|p2a: dumbo
|-sidestart|p2: wubbybubbyjr|move: Stealth Rock
|
|-heal|p2a: dumbo|98/100|[from] item: Leftovers
|-heal|p1a: Iron Treads|14/100|[from] item: Leftovers
|upkeep
|turn|19
|
|t:|1781564471
|move|p2a: dumbo|Rapid Spin|p1a: Iron Treads
|-resisted|p1a: Iron Treads
|-damage|p1a: Iron Treads|8/100
|-sideend|p2: wubbybubbyjr|Stealth Rock|[from] move: Rapid Spin|[of] p2a: dumbo
|move|p1a: Iron Treads|Stealth Rock|p2a: dumbo
|-sidestart|p2: wubbybubbyjr|move: Stealth Rock
|
|-heal|p2a: dumbo|100/100|[from] item: Leftovers
|-heal|p1a: Iron Treads|14/100|[from] item: Leftovers
|upkeep
|turn|20
|
|t:|1781564473
|move|p2a: dumbo|Rapid Spin|p1a: Iron Treads
|-resisted|p1a: Iron Treads
|-damage|p1a: Iron Treads|8/100
|-sideend|p2: wubbybubbyjr|Stealth Rock|[from] move: Rapid Spin|[of] p2a: dumbo
|move|p1a: Iron Treads|Stealth Rock|p2a: dumbo
|-sidestart|p2: wubbybubbyjr|move: Stealth Rock
|
|-heal|p1a: Iron Treads|14/100|[from] item: Leftovers
|upkeep
|turn|21
|
|t:|1781564477
|move|p2a: dumbo|Rapid Spin|p1a: Iron Treads
|-resisted|p1a: Iron Treads
|-damage|p1a: Iron Treads|8/100
|-sideend|p2: wubbybubbyjr|Stealth Rock|[from] move: Rapid Spin|[of] p2a: dumbo
|move|p1a: Iron Treads|Stealth Rock|p2a: dumbo
|-sidestart|p2: wubbybubbyjr|move: Stealth Rock
|
|-heal|p1a: Iron Treads|14/100|[from] item: Leftovers
|upkeep
|turn|22
|
|t:|1781564482
|move|p2a: dumbo|Rapid Spin|p1a: Iron Treads
|-resisted|p1a: Iron Treads
|-damage|p1a: Iron Treads|8/100
|-sideend|p2: wubbybubbyjr|Stealth Rock|[from] move: Rapid Spin|[of] p2a: dumbo
|move|p1a: Iron Treads|Stealth Rock|p2a: dumbo
|-sidestart|p2: wubbybubbyjr|move: Stealth Rock
|
|-heal|p1a: Iron Treads|14/100|[from] item: Leftovers
|upkeep
|turn|23
|
|t:|1781564484
|move|p2a: dumbo|Rapid Spin|p1a: Iron Treads
|-resisted|p1a: Iron Treads
|-damage|p1a: Iron Treads|7/100
|-sideend|p2: wubbybubbyjr|Stealth Rock|[from] move: Rapid Spin|[of] p2a: dumbo
|move|p1a: Iron Treads|Stealth Rock|p2a: dumbo
|-sidestart|p2: wubbybubbyjr|move: Stealth Rock
|
|-heal|p1a: Iron Treads|13/100|[from] item: Leftovers
|upkeep
|turn|24
|
|t:|1781564486
|move|p2a: dumbo|Rapid Spin|p1a: Iron Treads
|-resisted|p1a: Iron Treads
|-crit|p1a: Iron Treads
|-damage|p1a: Iron Treads|4/100
|-sideend|p2: wubbybubbyjr|Stealth Rock|[from] move: Rapid Spin|[of] p2a: dumbo
|move|p1a: Iron Treads|Stealth Rock|p2a: dumbo
|-sidestart|p2: wubbybubbyjr|move: Stealth Rock
|
|-heal|p1a: Iron Treads|10/100|[from] item: Leftovers
|upkeep
|turn|25
|
|t:|1781564489
|move|p2a: dumbo|Rapid Spin|p1a: Iron Treads
|-resisted|p1a: Iron Treads
|-damage|p1a: Iron Treads|4/100
|-sideend|p2: wubbybubbyjr|Stealth Rock|[from] move: Rapid Spin|[of] p2a: dumbo
|move|p1a: Iron Treads|Stealth Rock|p2a: dumbo
|-sidestart|p2: wubbybubbyjr|move: Stealth Rock
|
|-heal|p1a: Iron Treads|10/100|[from] item: Leftovers
|upkeep
|turn|26
|
|t:|1781564491
|move|p2a: dumbo|Rapid Spin|p1a: Iron Treads
|-resisted|p1a: Iron Treads
|-damage|p1a: Iron Treads|4/100
|-sideend|p2: wubbybubbyjr|Stealth Rock|[from] move: Rapid Spin|[of] p2a: dumbo
|move|p1a: Iron Treads|Stealth Rock|p2a: dumbo
|-sidestart|p2: wubbybubbyjr|move: Stealth Rock
|
|-heal|p1a: Iron Treads|10/100|[from] item: Leftovers
|upkeep
|turn|27
|
|t:|1781564494
|move|p2a: dumbo|Rapid Spin|p1a: Iron Treads
|-resisted|p1a: Iron Treads
|-damage|p1a: Iron Treads|3/100
|-sideend|p2: wubbybubbyjr|Stealth Rock|[from] move: Rapid Spin|[of] p2a: dumbo
|move|p1a: Iron Treads|Stealth Rock|p2a: dumbo
|-sidestart|p2: wubbybubbyjr|move: Stealth Rock
|
|-heal|p1a: Iron Treads|9/100|[from] item: Leftovers
|upkeep
|turn|28
|
|t:|1781564505
|move|p2a: dumbo|Rapid Spin|p1a: Iron Treads
|-resisted|p1a: Iron Treads
|-damage|p1a: Iron Treads|3/100
|-sideend|p2: wubbybubbyjr|Stealth Rock|[from] move: Rapid Spin|[of] p2a: dumbo
|move|p1a: Iron Treads|Stealth Rock|p2a: dumbo
|-sidestart|p2: wubbybubbyjr|move: Stealth Rock
|
|-heal|p1a: Iron Treads|9/100|[from] item: Leftovers
|upkeep
|turn|29
|
|t:|1781564508
|move|p2a: dumbo|Rapid Spin|p1a: Iron Treads
|-resisted|p1a: Iron Treads
|-damage|p1a: Iron Treads|3/100
|-sideend|p2: wubbybubbyjr|Stealth Rock|[from] move: Rapid Spin|[of] p2a: dumbo
|move|p1a: Iron Treads|Stealth Rock|p2a: dumbo
|-sidestart|p2: wubbybubbyjr|move: Stealth Rock
|
|-heal|p1a: Iron Treads|9/100|[from] item: Leftovers
|upkeep
|turn|30
|
|t:|1781564510
|move|p2a: dumbo|Rapid Spin|p1a: Iron Treads
|-resisted|p1a: Iron Treads
|-damage|p1a: Iron Treads|3/100
|-sideend|p2: wubbybubbyjr|Stealth Rock|[from] move: Rapid Spin|[of] p2a: dumbo
|move|p1a: Iron Treads|Stealth Rock|p2a: dumbo
|-sidestart|p2: wubbybubbyjr|move: Stealth Rock
|
|-heal|p1a: Iron Treads|9/100|[from] item: Leftovers
|upkeep
|turn|31
|
|t:|1781564513
|move|p2a: dumbo|Rapid Spin|p1a: Iron Treads
|-resisted|p1a: Iron Treads
|-damage|p1a: Iron Treads|2/100
|-sideend|p2: wubbybubbyjr|Stealth Rock|[from] move: Rapid Spin|[of] p2a: dumbo
|move|p1a: Iron Treads|Stealth Rock|p2a: dumbo
|-sidestart|p2: wubbybubbyjr|move: Stealth Rock
|
|-heal|p1a: Iron Treads|8/100|[from] item: Leftovers
|upkeep
|turn|32
|
|t:|1781564515
|move|p2a: dumbo|Rapid Spin|p1a: Iron Treads
|-resisted|p1a: Iron Treads
|-damage|p1a: Iron Treads|2/100
|-sideend|p2: wubbybubbyjr|Stealth Rock|[from] move: Rapid Spin|[of] p2a: dumbo
|move|p1a: Iron Treads|Stealth Rock|p2a: dumbo
|-sidestart|p2: wubbybubbyjr|move: Stealth Rock
|
|-heal|p1a: Iron Treads|8/100|[from] item: Leftovers
|upkeep
|turn|33
|
|t:|1781564518
|move|p2a: dumbo|Rapid Spin|p1a: Iron Treads
|-resisted|p1a: Iron Treads
|-damage|p1a: Iron Treads|3/100
|-sideend|p2: wubbybubbyjr|Stealth Rock|[from] move: Rapid Spin|[of] p2a: dumbo
|move|p1a: Iron Treads|Stealth Rock|p2a: dumbo
|-sidestart|p2: wubbybubbyjr|move: Stealth Rock
|
|-heal|p1a: Iron Treads|9/100|[from] item: Leftovers
|upkeep
|turn|34
|
|t:|1781564520
|move|p2a: dumbo|Rapid Spin|p1a: Iron Treads
|-resisted|p1a: Iron Treads
|-damage|p1a: Iron Treads|3/100
|-sideend|p2: wubbybubbyjr|Stealth Rock|[from] move: Rapid Spin|[of] p2a: dumbo
|move|p1a: Iron Treads|Stealth Rock|p2a: dumbo
|-sidestart|p2: wubbybubbyjr|move: Stealth Rock
|
|-heal|p1a: Iron Treads|9/100|[from] item: Leftovers
|upkeep
|turn|35
|
|t:|1781564523
|move|p2a: dumbo|Rapid Spin|p1a: Iron Treads
|-resisted|p1a: Iron Treads
|-damage|p1a: Iron Treads|3/100
|-sideend|p2: wubbybubbyjr|Stealth Rock|[from] move: Rapid Spin|[of] p2a: dumbo
|move|p1a: Iron Treads|Stealth Rock|p2a: dumbo
|-sidestart|p2: wubbybubbyjr|move: Stealth Rock
|
|-heal|p1a: Iron Treads|9/100|[from] item: Leftovers
|upkeep
|turn|36
|
|t:|1781564525
|move|p2a: dumbo|Rapid Spin|p1a: Iron Treads
|-resisted|p1a: Iron Treads
|-damage|p1a: Iron Treads|3/100
|-sideend|p2: wubbybubbyjr|Stealth Rock|[from] move: Rapid Spin|[of] p2a: dumbo
|move|p1a: Iron Treads|Stealth Rock|p2a: dumbo
|-sidestart|p2: wubbybubbyjr|move: Stealth Rock
|
|-heal|p1a: Iron Treads|9/100|[from] item: Leftovers
|upkeep
|turn|37
|
|t:|1781564551
|move|p2a: dumbo|Rapid Spin|p1a: Iron Treads
|-resisted|p1a: Iron Treads
|-damage|p1a: Iron Treads|3/100
|-sideend|p2: wubbybubbyjr|Stealth Rock|[from] move: Rapid Spin|[of] p2a: dumbo
|move|p1a: Iron Treads|Earthquake|p2a: dumbo
|-damage|p2a: dumbo|67/100
|
|-heal|p2a: dumbo|73/100|[from] item: Leftovers
|-heal|p1a: Iron Treads|9/100|[from] item: Leftovers
|upkeep
|turn|38
|
|t:|1781564558
|move|p2a: dumbo|Knock Off|p1a: Iron Treads
|-damage|p1a: Iron Treads|0 fnt
|-enditem|p1a: Iron Treads|Leftovers|[from] move: Knock Off|[of] p2a: dumbo
|faint|p1a: Iron Treads
|-end|p1a: Iron Treads|Quark Drive|[silent]
|
|-heal|p2a: dumbo|79/100|[from] item: Leftovers
|upkeep
|
|t:|1781564566
|switch|p1a: Raging Bolt|Raging Bolt|100/100
|turn|39
|
|t:|1781564569
|move|p2a: dumbo|Stealth Rock|p1a: Raging Bolt
|-sidestart|p1: arbok super yea|move: Stealth Rock
|move|p1a: Raging Bolt|Thunderbolt|p2a: dumbo
|-damage|p2a: dumbo|0 fnt
|faint|p2a: dumbo
|-end|p2a: dumbo|Quark Drive|[silent]
|
|upkeep
|
|t:|1781564588
|switch|p2a: big nid|Araquanid, F|37/100
|turn|40
|
|t:|1781564600
|-end|p1a: Raging Bolt|Protosynthesis|[silent]
|switch|p1a: Tornadus|Tornadus-Therian, M|100/100
|move|p2a: big nid|Endure||[still]
|-fail|p2a: big nid
|
|upkeep
|turn|41
|
|t:|1781564611
|move|p1a: Tornadus|Nasty Plot|p1a: Tornadus
|-boost|p1a: Tornadus|spa|2
|move|p2a: big nid|Sticky Web|p1a: Tornadus
|-sidestart|p1: arbok super yea|move: Sticky Web
|
|upkeep
|turn|42
|
|t:|1781564623
|move|p2a: big nid|Endure|p2a: big nid
|-singleturn|p2a: big nid|move: Endure
|move|p1a: Tornadus|Nasty Plot|p1a: Tornadus
|-boost|p1a: Tornadus|spa|2
|
|upkeep
|turn|43
|
|t:|1781564628
|move|p1a: Tornadus|Bleakwind Storm|p2a: big nid
|-supereffective|p2a: big nid
|-damage|p2a: big nid|0 fnt
|faint|p2a: big nid
|
|upkeep
|
|t:|1781564631
|switch|p2a: barney|Dragonite, F|94/100
|turn|44
|
|t:|1781564635
|move|p1a: Tornadus|Bleakwind Storm|p2a: barney
|-damage|p2a: barney|0 fnt
|faint|p2a: barney
|
|upkeep
|-message|wubbybubbyjr forfeited.
|
|win|arbok super yea
|raw|arbok super yea's rating: 1571 &rarr; <strong>1588</strong><br />(+17 for winning)
|raw|wubbybubbyjr's rating: 1517 &rarr; <strong>1500</strong><br />(-17 for losing)
|l|☆wubbybubbyjr
|player|p2|
