|j|☆n-busuis
|j|☆Klopple
|t:|1780963571
|gametype|singles
|player|p1|n-busuis|preschoolerf|1574
|player|p2|Klopple|sailor|1506
|gen|9
|tier|[Gen 9] OU
|rated|
|rule|HP Percentage Mod: HP is shown in percentages
|rule|Endless Battle Clause: Forcing endless battles is banned
|rule|Species Clause: Limit one of each Pokémon
|rule|OHKO Clause: OHKO moves are banned
|rule|Evasion Items Clause: Evasion items are banned
|rule|Evasion Moves Clause: Evasion moves are banned
|rule|Evasion Abilities Clause: Evasion abilities are banned
|rule|Sleep Moves Clause: Sleep-inducing moves are banned
|clearpoke
|poke|p1|Alomomola, M|
|poke|p1|Weezing-Galar, F|
|poke|p1|Corviknight, F|
|poke|p1|Gliscor, M|
|poke|p1|Darkrai|
|poke|p1|Ogerpon, F|
|poke|p2|Arboliva, M|
|poke|p2|Gliscor, F|
|poke|p2|Iron Crown|
|poke|p2|Zamazenta-*|
|poke|p2|Hatterene, F|
|poke|p2|Dragonite, M|
|teampreview
|
|t:|1780963587
|teamsize|p1|6
|teamsize|p2|6
|start
|switch|p1a: Darkrai|Darkrai|100/100
|switch|p2a: Gliscor|Gliscor, F|100/100
|turn|1
|
|t:|1780963591
|move|p2a: Gliscor|Protect|p2a: Gliscor
|-singleturn|p2a: Gliscor|Protect
|move|p1a: Darkrai|Ice Beam|p2a: Gliscor
|-activate|p2a: Gliscor|move: Protect
|
|-status|p2a: Gliscor|tox|[from] item: Toxic Orb
|upkeep
|turn|2
|
|t:|1780963600
|switch|p2a: Iron Crown|Iron Crown|100/100
|move|p1a: Darkrai|Ice Beam|p2a: Iron Crown
|-resisted|p2a: Iron Crown
|-damage|p2a: Iron Crown|85/100
|
|upkeep
|turn|3
|
|t:|1780963610
|switch|p1a: Corviknight|Corviknight, F|100/100
|-ability|p1a: Corviknight|Pressure
|move|p2a: Iron Crown|Future Sight|p1a: Corviknight
|-start|p2a: Iron Crown|move: Future Sight
|
|upkeep
|turn|4
|
|t:|1780963618
|move|p2a: Iron Crown|Volt Switch|p1a: Corviknight
|-supereffective|p1a: Corviknight
|-damage|p1a: Corviknight|65/100
|
|t:|1780963628
|-end|p2a: Iron Crown|Quark Drive|[silent]
|switch|p2a: Zamazenta|Zamazenta|100/100|[from] Volt Switch
|-ability|p2a: Zamazenta|Dauntless Shield|boost
|-boost|p2a: Zamazenta|def|1
|move|p1a: Corviknight|U-turn|p2a: Zamazenta
|-resisted|p2a: Zamazenta
|-damage|p2a: Zamazenta|97/100
|
|t:|1780963641
|switch|p1a: Gliscor|Gliscor, M|100/100|[from] U-turn
|
|-status|p1a: Gliscor|tox|[from] item: Toxic Orb
|upkeep
|turn|5
|
|t:|1780963648
|move|p2a: Zamazenta|Ice Fang|p1a: Gliscor
|-supereffective|p1a: Gliscor
|-damage|p1a: Gliscor|25/100 tox
|move|p1a: Gliscor|Stealth Rock|p2a: Zamazenta
|-sidestart|p2: Klopple|move: Stealth Rock
|
|-end|p1a: Gliscor|move: Future Sight
|-damage|p1a: Gliscor|0 fnt
|faint|p1a: Gliscor
|upkeep
|
|t:|1780963657
|switch|p1a: Alomomola|Alomomola, M|100/100
|turn|6
|j| gvcbcbmnmbnmb
|
|t:|1780963670
|switch|p2a: Gliscor|Gliscor, F|100/100 tox
|-damage|p2a: Gliscor|88/100 tox|[from] Stealth Rock
|move|p1a: Alomomola|Flip Turn|p2a: Gliscor
|-supereffective|p2a: Gliscor
|-crit|p2a: Gliscor
|-damage|p2a: Gliscor|49/100 tox
|
|t:|1780963677
|switch|p1a: Ogerpon|Ogerpon, F|100/100|[from] Flip Turn
|
|-heal|p2a: Gliscor|61/100 tox|[from] ability: Poison Heal
|upkeep
|turn|7
|
|t:|1780963685
|move|p2a: Gliscor|Protect|p2a: Gliscor
|-singleturn|p2a: Gliscor|Protect
|move|p1a: Ogerpon|Swords Dance|p1a: Ogerpon
|-boost|p1a: Ogerpon|atk|2
|
|-heal|p2a: Gliscor|74/100 tox|[from] ability: Poison Heal
|upkeep
|turn|8
|
|t:|1780963692
|switch|p2a: Arboliva|Arboliva, M|100/100
|-damage|p2a: Arboliva|88/100|[from] Stealth Rock
|move|p1a: Ogerpon|Ivy Cudgel|p2a: Arboliva
|-resisted|p2a: Arboliva
|-crit|p2a: Arboliva
|-damage|p2a: Arboliva|18/100
|
|upkeep
|turn|9
|-enditem|p2a: Arboliva|Custap Berry|[eat]
|-activate|p2a: Arboliva|item: Custap Berry|[consumed]
|
|t:|1780963702
|move|p2a: Arboliva|Alluring Voice|p1a: Ogerpon
|-damage|p1a: Ogerpon|66/100
|move|p1a: Ogerpon|Ivy Cudgel|p2a: Arboliva
|-resisted|p2a: Arboliva
|-crit|p2a: Arboliva
|-damage|p2a: Arboliva|0 fnt
|faint|p2a: Arboliva
|
|upkeep
|
|t:|1780963709
|switch|p2a: Dragonite|Dragonite, M|100/100
|turn|10
|
|t:|1780963713
|move|p2a: Dragonite|Extreme Speed|p1a: Ogerpon
|-damage|p1a: Ogerpon|29/100
|move|p1a: Ogerpon|Knock Off|p2a: Dragonite
|-damage|p2a: Dragonite|70/100
|-enditem|p2a: Dragonite|Heavy-Duty Boots|[from] move: Knock Off|[of] p1a: Ogerpon
|
|upkeep
|turn|11
|
|t:|1780963719
|switch|p1a: Alomomola|Alomomola, M|100/100
|move|p2a: Dragonite|Extreme Speed|p1a: Alomomola
|-damage|p1a: Alomomola|83/100
|-damage|p2a: Dragonite|54/100|[from] item: Rocky Helmet|[of] p1a: Alomomola
|
|upkeep
|turn|12
|
|t:|1780963726
|move|p2a: Dragonite|Roost|p2a: Dragonite
|-heal|p2a: Dragonite|100/100
|-singleturn|p2a: Dragonite|move: Roost
|move|p1a: Alomomola|Wish|p1a: Alomomola
|
|upkeep
|turn|13
|
|t:|1780963738
|move|p1a: Alomomola|Flip Turn|p2a: Dragonite
|-resisted|p2a: Dragonite
|-damage|p2a: Dragonite|97/100
|
|t:|1780963743
|switch|p1a: Weezing|Weezing-Galar, F|100/100|[from] Flip Turn
|-ability|p1a: Weezing|Neutralizing Gas
|move|p2a: Dragonite|Dragon Tail|p1a: Weezing
|-immune|p1a: Weezing
|
|upkeep
|turn|14
|
|t:|1780963750
|switch|p2a: Iron Crown|Iron Crown|85/100
|-damage|p2a: Iron Crown|79/100|[from] Stealth Rock
|move|p1a: Weezing|Will-O-Wisp|p2a: Iron Crown
|-status|p2a: Iron Crown|brn
|
|-damage|p2a: Iron Crown|73/100 brn|[from] brn
|upkeep
|turn|15
|
|t:|1780963760
|move|p1a: Weezing|Protect|p1a: Weezing
|-singleturn|p1a: Weezing|Protect
|move|p2a: Iron Crown|Future Sight|p1a: Weezing
|-start|p2a: Iron Crown|move: Future Sight
|
|-damage|p2a: Iron Crown|67/100 brn|[from] brn
|upkeep
|turn|16
|
|t:|1780963770
|-end|p1a: Weezing|ability: Neutralizing Gas
|switch|p1a: Corviknight|Corviknight, F|65/100
|-ability|p1a: Corviknight|Pressure
|move|p2a: Iron Crown|Tachyon Cutter|p1a: Corviknight
|-resisted|p1a: Corviknight
|-damage|p1a: Corviknight|56/100
|-resisted|p1a: Corviknight
|-damage|p1a: Corviknight|48/100
|-hitcount|p1a: Corviknight|2
|
|-heal|p1a: Corviknight|54/100|[from] item: Leftovers
|-damage|p2a: Iron Crown|60/100 brn|[from] brn
|upkeep
|turn|17
|
|t:|1780963787
|move|p2a: Iron Crown|Volt Switch|p1a: Corviknight
|-supereffective|p1a: Corviknight
|-damage|p1a: Corviknight|19/100
|
|t:|1780963795
|-end|p2a: Iron Crown|Quark Drive|[silent]
|switch|p2a: Gliscor|Gliscor, F|74/100 tox|[from] Volt Switch
|-damage|p2a: Gliscor|61/100 tox|[from] Stealth Rock
|move|p1a: Corviknight|Roost|p1a: Corviknight
|-heal|p1a: Corviknight|69/100
|-singleturn|p1a: Corviknight|move: Roost
|
|-end|p1a: Corviknight|move: Future Sight
|-resisted|p1a: Corviknight
|-damage|p1a: Corviknight|50/100
|-heal|p1a: Corviknight|56/100|[from] item: Leftovers
|-heal|p2a: Gliscor|74/100 tox|[from] ability: Poison Heal
|upkeep
|turn|18
|
|t:|1780963803
|move|p2a: Gliscor|Stealth Rock|p1a: Corviknight
|-sidestart|p1: n-busuis|move: Stealth Rock
|move|p1a: Corviknight|Roost|p1a: Corviknight
|-heal|p1a: Corviknight|100/100
|-singleturn|p1a: Corviknight|move: Roost
|
|-heal|p2a: Gliscor|86/100 tox|[from] ability: Poison Heal
|upkeep
|turn|19
|
|t:|1780963810
|switch|p2a: Hatterene|Hatterene, F|100/100
|-damage|p2a: Hatterene|88/100|[from] Stealth Rock
|move|p1a: Corviknight|U-turn|p2a: Hatterene
|-damage|p2a: Hatterene|75/100
|-damage|p1a: Corviknight|84/100|[from] item: Rocky Helmet|[of] p2a: Hatterene
|
|t:|1780963828
|switch|p1a: Alomomola|Alomomola, M|100/100|[from] U-turn
|-damage|p1a: Alomomola|88/100|[from] Stealth Rock
|
|upkeep
|turn|20
|
|t:|1780963839
|move|p1a: Alomomola|Wish|p1a: Alomomola
|move|p2a: Hatterene|Nuzzle|p1a: Alomomola
|-supereffective|p1a: Alomomola
|-damage|p1a: Alomomola|84/100
|-status|p1a: Alomomola|par
|-damage|p2a: Hatterene|59/100|[from] item: Rocky Helmet|[of] p1a: Alomomola
|
|upkeep
|turn|21
|
|t:|1780963847
|move|p2a: Hatterene|Pain Split|p1a: Alomomola
|-sethp|p1a: Alomomola|59/100 par|[from] move: Pain Split|[silent]
|-sethp|p2a: Hatterene|99/100|[from] move: Pain Split
|move|p1a: Alomomola|Flip Turn|p2a: Hatterene
|-damage|p2a: Hatterene|86/100
|-damage|p1a: Alomomola|43/100 par|[from] item: Rocky Helmet|[of] p2a: Hatterene
|
|t:|1780963854
|switch|p1a: Ogerpon|Ogerpon, F|29/100|[from] Flip Turn
|-damage|p1a: Ogerpon|16/100|[from] Stealth Rock
|
|-heal|p1a: Ogerpon|100/100|[from] move: Wish|[wisher] Alomomola
|upkeep
|turn|22
|
|t:|1780963862
|switch|p1a: Alomomola|Alomomola, M|76/100 par
|-damage|p1a: Alomomola|64/100 par|[from] Stealth Rock
|move|p2a: Hatterene|Nuzzle|p1a: Alomomola
|-supereffective|p1a: Alomomola
|-damage|p1a: Alomomola|59/100 par
|-damage|p2a: Hatterene|70/100|[from] item: Rocky Helmet|[of] p1a: Alomomola
|
|upkeep
|turn|23
|
|t:|1780963872
|move|p2a: Hatterene|Psychic Noise|p1a: Alomomola
|-damage|p1a: Alomomola|19/100 par
|-start|p1a: Alomomola|move: Heal Block
|move|p1a: Alomomola|Flip Turn|p2a: Hatterene
|-damage|p2a: Hatterene|56/100
|-damage|p1a: Alomomola|2/100 par|[from] item: Rocky Helmet|[of] p2a: Hatterene
|
|t:|1780963880
|switch|p1a: Darkrai|Darkrai|100/100|[from] Flip Turn
|-damage|p1a: Darkrai|88/100|[from] Stealth Rock
|
|upkeep
|turn|24
|
|t:|1780963892
|switch|p2a: Gliscor|Gliscor, F|86/100 tox
|-damage|p2a: Gliscor|74/100 tox|[from] Stealth Rock
|move|p1a: Darkrai|Dark Pulse|p2a: Gliscor
|-damage|p2a: Gliscor|22/100 tox
|
|-heal|p2a: Gliscor|34/100 tox|[from] ability: Poison Heal
|upkeep
|turn|25
|
|t:|1780963900
|move|p2a: Gliscor|Protect|p2a: Gliscor
|-singleturn|p2a: Gliscor|Protect
|move|p1a: Darkrai|Dark Pulse|p2a: Gliscor
|-activate|p2a: Gliscor|move: Protect
|
|-heal|p2a: Gliscor|47/100 tox|[from] ability: Poison Heal
|upkeep
|turn|26
|
|t:|1780963907
|switch|p2a: Zamazenta|Zamazenta|97/100
|-damage|p2a: Zamazenta|91/100|[from] Stealth Rock
|move|p1a: Darkrai|Dark Pulse|p2a: Zamazenta
|-resisted|p2a: Zamazenta
|-damage|p2a: Zamazenta|61/100
|
|upkeep
|turn|27
|
|t:|1780963915
|switch|p1a: Weezing|Weezing-Galar, F|100/100
|-ability|p1a: Weezing|Neutralizing Gas
|-damage|p1a: Weezing|88/100|[from] Stealth Rock
|move|p2a: Zamazenta|Close Combat|p1a: Weezing
|-resisted|p1a: Weezing
|-damage|p1a: Weezing|77/100
|-unboost|p2a: Zamazenta|def|1
|-unboost|p2a: Zamazenta|spd|1
|
|-heal|p1a: Weezing|83/100|[from] item: Leftovers
|upkeep
|turn|28
|
|t:|1780963930
|switch|p2a: Iron Crown|Iron Crown|60/100 brn
|-damage|p2a: Iron Crown|54/100 brn|[from] Stealth Rock
|move|p1a: Weezing|Protect||[still]
|-fail|p1a: Weezing
|
|-heal|p1a: Weezing|89/100|[from] item: Leftovers
|-damage|p2a: Iron Crown|48/100 brn|[from] brn
|upkeep
|turn|29
|
|t:|1780963939
|move|p1a: Weezing|Protect|p1a: Weezing
|-singleturn|p1a: Weezing|Protect
|move|p2a: Iron Crown|Future Sight|p1a: Weezing
|-start|p2a: Iron Crown|move: Future Sight
|
|-heal|p1a: Weezing|95/100|[from] item: Leftovers
|-damage|p2a: Iron Crown|42/100 brn|[from] brn
|upkeep
|turn|30
|
|t:|1780963945
|-end|p1a: Weezing|ability: Neutralizing Gas
|switch|p1a: Corviknight|Corviknight, F|84/100
|-damage|p1a: Corviknight|72/100|[from] Stealth Rock
|-ability|p1a: Corviknight|Pressure
|move|p2a: Iron Crown|Volt Switch|p1a: Corviknight
|-supereffective|p1a: Corviknight
|-damage|p1a: Corviknight|40/100
|
|t:|1780963956
|-end|p2a: Iron Crown|Quark Drive|[silent]
|switch|p2a: Zamazenta|Zamazenta|61/100|[from] Volt Switch
|-damage|p2a: Zamazenta|55/100|[from] Stealth Rock
|
|-heal|p1a: Corviknight|46/100|[from] item: Leftovers
|upkeep
|turn|31
|
|t:|1780963966
|-terastallize|p1a: Corviknight|Ghost
|move|p2a: Zamazenta|Close Combat|p1a: Corviknight
|-immune|p1a: Corviknight
|move|p1a: Corviknight|Roost|p1a: Corviknight
|-heal|p1a: Corviknight|96/100
|
|-end|p1a: Corviknight|move: Future Sight
|-damage|p1a: Corviknight|58/100
|-heal|p1a: Corviknight|64/100|[from] item: Leftovers
|upkeep
|turn|32
|
|t:|1780963979
|move|p2a: Zamazenta|Crunch|p1a: Corviknight
|-supereffective|p1a: Corviknight
|-damage|p1a: Corviknight|14/100
|move|p1a: Corviknight|Roost|p1a: Corviknight
|-heal|p1a: Corviknight|64/100
|
|-heal|p1a: Corviknight|70/100|[from] item: Leftovers
|upkeep
|turn|33
|
|t:|1780963986
|switch|p1a: Weezing|Weezing-Galar, F|95/100
|-ability|p1a: Weezing|Neutralizing Gas
|-damage|p1a: Weezing|83/100|[from] Stealth Rock
|move|p2a: Zamazenta|Crunch|p1a: Weezing
|-resisted|p1a: Weezing
|-damage|p1a: Weezing|73/100
|-unboost|p1a: Weezing|def|1
|
|-heal|p1a: Weezing|79/100|[from] item: Leftovers
|upkeep
|turn|34
|
|t:|1780964009
|switch|p2a: Dragonite|Dragonite, M|97/100
|-damage|p2a: Dragonite|72/100|[from] Stealth Rock
|-end|p1a: Weezing|ability: Neutralizing Gas
|switch|p1a: Alomomola|Alomomola, M|35/100 par
|-damage|p1a: Alomomola|23/100 par|[from] Stealth Rock
|
|upkeep
|turn|35
|
|t:|1780964021
|switch|p1a: Weezing|Weezing-Galar, F|79/100
|-ability|p1a: Weezing|Neutralizing Gas
|-damage|p1a: Weezing|66/100|[from] Stealth Rock
|move|p2a: Dragonite|Earthquake|p1a: Weezing
|-supereffective|p1a: Weezing
|-damage|p1a: Weezing|9/100
|
|-heal|p1a: Weezing|15/100|[from] item: Leftovers
|upkeep
|turn|36
|
|t:|1780964032
|move|p1a: Weezing|Protect|p1a: Weezing
|-singleturn|p1a: Weezing|Protect
|move|p2a: Dragonite|Earthquake|p1a: Weezing
|-activate|p1a: Weezing|move: Protect
|
|-heal|p1a: Weezing|21/100|[from] item: Leftovers
|upkeep
|turn|37
|
|t:|1780964044
|-end|p1a: Weezing|ability: Neutralizing Gas
|switch|p1a: Ogerpon|Ogerpon, F|100/100
|-damage|p1a: Ogerpon|88/100|[from] Stealth Rock
|move|p2a: Dragonite|Earthquake|p1a: Ogerpon
|-resisted|p1a: Ogerpon
|-damage|p1a: Ogerpon|61/100
|
|upkeep
|turn|38
|
|t:|1780964059
|move|p1a: Ogerpon|Encore|p2a: Dragonite
|-start|p2a: Dragonite|Encore
|move|p2a: Dragonite|Earthquake|p1a: Ogerpon
|-resisted|p1a: Ogerpon
|-damage|p1a: Ogerpon|36/100
|
|upkeep
|turn|39
|
|t:|1780964071
|switch|p2a: Zamazenta|Zamazenta|55/100
|-damage|p2a: Zamazenta|49/100|[from] Stealth Rock
|move|p1a: Ogerpon|Knock Off|p2a: Zamazenta
|-resisted|p2a: Zamazenta
|-crit|p2a: Zamazenta
|-damage|p2a: Zamazenta|29/100
|-enditem|p2a: Zamazenta|Muscle Band|[from] move: Knock Off|[of] p1a: Ogerpon
|
|upkeep
|turn|40
|
|t:|1780964096
|switch|p1a: Weezing|Weezing-Galar, F|21/100
|-ability|p1a: Weezing|Neutralizing Gas
|-damage|p1a: Weezing|8/100|[from] Stealth Rock
|move|p2a: Zamazenta|Close Combat|p1a: Weezing
|-resisted|p1a: Weezing
|-damage|p1a: Weezing|0 fnt
|-unboost|p2a: Zamazenta|def|1
|-unboost|p2a: Zamazenta|spd|1
|faint|p1a: Weezing
|-end|p1a: Weezing|ability: Neutralizing Gas
|
|upkeep
|
|t:|1780964108
|switch|p1a: Corviknight|Corviknight, F, tera:Ghost|70/100
|-damage|p1a: Corviknight|58/100|[from] Stealth Rock
|-ability|p1a: Corviknight|Pressure
|turn|41
|
|t:|1780964122
|switch|p2a: Gliscor|Gliscor, F|47/100 tox
|-damage|p2a: Gliscor|34/100 tox|[from] Stealth Rock
|move|p1a: Corviknight|Roost|p1a: Corviknight
|-heal|p1a: Corviknight|100/100
|
|-heal|p2a: Gliscor|47/100 tox|[from] ability: Poison Heal
|upkeep
|turn|42
|
|t:|1780964130
|move|p2a: Gliscor|Knock Off|p1a: Corviknight
|-supereffective|p1a: Corviknight
|-damage|p1a: Corviknight|63/100
|-enditem|p1a: Corviknight|Leftovers|[from] move: Knock Off|[of] p2a: Gliscor
|move|p1a: Corviknight|U-turn|p2a: Gliscor
|-resisted|p2a: Gliscor
|-damage|p2a: Gliscor|42/100 tox
|
|t:|1780964138
|switch|p1a: Alomomola|Alomomola, M|56/100 par|[from] U-turn
|-damage|p1a: Alomomola|44/100 par|[from] Stealth Rock
|
|-heal|p2a: Gliscor|54/100 tox|[from] ability: Poison Heal
|upkeep
|turn|43
|
|t:|1780964146
|move|p2a: Gliscor|Knock Off|p1a: Alomomola
|-damage|p1a: Alomomola|33/100 par
|-damage|p2a: Gliscor|38/100 tox|[from] item: Rocky Helmet|[of] p1a: Alomomola
|-enditem|p1a: Alomomola|Rocky Helmet|[from] move: Knock Off|[of] p2a: Gliscor
|move|p1a: Alomomola|Wish|p1a: Alomomola
|
|-heal|p2a: Gliscor|50/100 tox|[from] ability: Poison Heal
|upkeep
|turn|44
|
|t:|1780964153
|switch|p2a: Hatterene|Hatterene, F|56/100
|-damage|p2a: Hatterene|44/100|[from] Stealth Rock
|move|p1a: Alomomola|Tickle|p2a: Hatterene
|move|p2a: Hatterene|Tickle|p1a: Alomomola|[from] ability: Magic Bounce
|-unboost|p1a: Alomomola|atk|1
|-unboost|p1a: Alomomola|def|1
|
|-heal|p1a: Alomomola|83/100 par|[from] move: Wish|[wisher] Alomomola
|upkeep
|turn|45
|
|t:|1780964170
|switch|p1a: Darkrai|Darkrai|88/100
|-damage|p1a: Darkrai|76/100|[from] Stealth Rock
|move|p2a: Hatterene|Draining Kiss|p1a: Darkrai
|-supereffective|p1a: Darkrai
|-damage|p1a: Darkrai|18/100
|-heal|p2a: Hatterene|83/100|[from] drain|[of] p1a: Darkrai
|
|upkeep
|turn|46
|
|t:|1780964197
|switch|p2a: Dragonite|Dragonite, M|72/100
|-damage|p2a: Dragonite|47/100|[from] Stealth Rock
|move|p1a: Darkrai|Sludge Bomb|p2a: Dragonite
|-damage|p2a: Dragonite|7/100
|
|upkeep
|turn|47
|
|t:|1780964206
|switch|p1a: Alomomola|Alomomola, M|100/100 par
|-damage|p1a: Alomomola|88/100 par|[from] Stealth Rock
|move|p2a: Dragonite|Extreme Speed|p1a: Alomomola
|-damage|p1a: Alomomola|71/100 par
|
|upkeep
|turn|48
|
|t:|1780964222
|move|p2a: Dragonite|Earthquake|p1a: Alomomola
|-damage|p1a: Alomomola|50/100 par
|move|p1a: Alomomola|Wish|p1a: Alomomola
|
|upkeep
|turn|49
|
|t:|1780964232
|move|p2a: Dragonite|Roost|p2a: Dragonite
|-heal|p2a: Dragonite|57/100
|-singleturn|p2a: Dragonite|move: Roost
|move|p1a: Alomomola|Flip Turn|p2a: Dragonite
|-resisted|p2a: Dragonite
|-damage|p2a: Dragonite|49/100
|
|t:|1780964241
|switch|p1a: Darkrai|Darkrai|18/100|[from] Flip Turn
|-damage|p1a: Darkrai|5/100|[from] Stealth Rock
|
|-heal|p1a: Darkrai|100/100|[from] move: Wish|[wisher] Alomomola
|upkeep
|turn|50
|
|t:|1780964254
|move|p2a: Dragonite|Extreme Speed|p1a: Darkrai
|-damage|p1a: Darkrai|56/100
|move|p1a: Darkrai|Dark Pulse|p2a: Dragonite
|-damage|p2a: Dragonite|0 fnt
|faint|p2a: Dragonite
|
|upkeep
|
|t:|1780964265
|switch|p2a: Zamazenta|Zamazenta|29/100
|-damage|p2a: Zamazenta|23/100|[from] Stealth Rock
|turn|51
|
|t:|1780964276
|switch|p1a: Corviknight|Corviknight, F, tera:Ghost|63/100
|-damage|p1a: Corviknight|51/100|[from] Stealth Rock
|-ability|p1a: Corviknight|Pressure
|move|p2a: Zamazenta|Close Combat|p1a: Corviknight
|-immune|p1a: Corviknight
|
|upkeep
|turn|52
|
|t:|1780964286
|switch|p2a: Hatterene|Hatterene, F|83/100
|-damage|p2a: Hatterene|70/100|[from] Stealth Rock
|move|p1a: Corviknight|Roost|p1a: Corviknight
|-heal|p1a: Corviknight|100/100
|
|upkeep
|turn|53
|
|t:|1780964305
|move|p1a: Corviknight|U-turn|p2a: Hatterene
|-damage|p2a: Hatterene|58/100
|-damage|p1a: Corviknight|84/100|[from] item: Rocky Helmet|[of] p2a: Hatterene
|
|t:|1780964316
|switch|p1a: Alomomola|Alomomola, M|83/100 par|[from] U-turn
|-damage|p1a: Alomomola|71/100 par|[from] Stealth Rock
|move|p2a: Hatterene|Draining Kiss|p1a: Alomomola
|-damage|p1a: Alomomola|47/100 par
|-heal|p2a: Hatterene|89/100|[from] drain|[of] p1a: Alomomola
|
|upkeep
|turn|54
|
|t:|1780964362
|move|p1a: Alomomola|Protect|p1a: Alomomola
|-singleturn|p1a: Alomomola|Protect
|move|p2a: Hatterene|Draining Kiss|p1a: Alomomola
|-activate|p1a: Alomomola|move: Protect
|
|upkeep
|turn|55
|
|t:|1780964373
|move|p2a: Hatterene|Psychic Noise|p1a: Alomomola
|-damage|p1a: Alomomola|9/100 par
|-start|p1a: Alomomola|move: Heal Block
|cant|p1a: Alomomola|move: Heal Block|Wish
|
|upkeep
|turn|56
|
|t:|1780964383
|switch|p1a: Corviknight|Corviknight, F, tera:Ghost|84/100
|-damage|p1a: Corviknight|72/100|[from] Stealth Rock
|-ability|p1a: Corviknight|Pressure
|move|p2a: Hatterene|Draining Kiss|p1a: Corviknight
|-damage|p1a: Corviknight|55/100
|-heal|p2a: Hatterene|100/100|[from] drain|[of] p1a: Corviknight
|
|upkeep
|turn|57
|
|t:|1780964392
|move|p1a: Corviknight|Roost|p1a: Corviknight
|-heal|p1a: Corviknight|100/100
|move|p2a: Hatterene|Psychic Noise|p1a: Corviknight
|-damage|p1a: Corviknight|76/100
|-start|p1a: Corviknight|move: Heal Block
|
|upkeep
|turn|58
|
|t:|1780964399
|move|p1a: Corviknight|Brave Bird|p2a: Hatterene
|-damage|p2a: Hatterene|69/100
|-damage|p1a: Corviknight|60/100|[from] item: Rocky Helmet|[of] p2a: Hatterene
|-damage|p1a: Corviknight|51/100|[from] Recoil
|move|p2a: Hatterene|Draining Kiss|p1a: Corviknight
|-damage|p1a: Corviknight|36/100
|-heal|p2a: Hatterene|84/100|[from] drain|[of] p1a: Corviknight
|
|-end|p1a: Corviknight|move: Heal Block
|upkeep
|turn|59
|
|t:|1780964408
|move|p1a: Corviknight|Brave Bird|p2a: Hatterene
|-damage|p2a: Hatterene|54/100
|-damage|p1a: Corviknight|20/100|[from] item: Rocky Helmet|[of] p2a: Hatterene
|-damage|p1a: Corviknight|12/100|[from] Recoil
|move|p2a: Hatterene|Nuzzle|p1a: Corviknight
|-damage|p1a: Corviknight|9/100
|-status|p1a: Corviknight|par
|
|upkeep
|turn|60
|
|t:|1780964418
|move|p2a: Hatterene|Draining Kiss|p1a: Corviknight
|-damage|p1a: Corviknight|0 fnt
|-heal|p2a: Hatterene|62/100|[from] drain|[of] p1a: Corviknight
|faint|p1a: Corviknight
|
|upkeep
|
|t:|1780964421
|switch|p1a: Darkrai|Darkrai|56/100
|-damage|p1a: Darkrai|44/100|[from] Stealth Rock
|turn|61
|
|t:|1780964431
|switch|p2a: Iron Crown|Iron Crown|42/100 brn
|-damage|p2a: Iron Crown|35/100 brn|[from] Stealth Rock
|move|p1a: Darkrai|Dark Pulse|p2a: Iron Crown
|-supereffective|p2a: Iron Crown
|-damage|p2a: Iron Crown|0 fnt
|faint|p2a: Iron Crown
|-end|p2a: Iron Crown|Quark Drive|[silent]
|
|upkeep
|
|t:|1780964437
|switch|p2a: Zamazenta|Zamazenta|23/100
|-damage|p2a: Zamazenta|17/100|[from] Stealth Rock
|turn|62
|
|t:|1780964461
|switch|p1a: Ogerpon|Ogerpon, F|36/100
|-damage|p1a: Ogerpon|23/100|[from] Stealth Rock
|-terastallize|p2a: Zamazenta|Fighting
|move|p2a: Zamazenta|Close Combat|p1a: Ogerpon
|-damage|p1a: Ogerpon|0 fnt
|-unboost|p2a: Zamazenta|def|1
|-unboost|p2a: Zamazenta|spd|1
|faint|p1a: Ogerpon
|
|upkeep
|
|t:|1780964470
|switch|p1a: Alomomola|Alomomola, M|43/100 par
|-damage|p1a: Alomomola|30/100 par|[from] Stealth Rock
|turn|63
|
|t:|1780964478
|switch|p2a: Hatterene|Hatterene, F|62/100
|-damage|p2a: Hatterene|49/100|[from] Stealth Rock
|move|p1a: Alomomola|Wish|p1a: Alomomola
|
|upkeep
|turn|64
|
|t:|1780964493
|cant|p1a: Alomomola|par
|move|p2a: Hatterene|Draining Kiss|p1a: Alomomola
|-damage|p1a: Alomomola|6/100 par
|-heal|p2a: Hatterene|81/100|[from] drain|[of] p1a: Alomomola
|
|-heal|p1a: Alomomola|56/100 par|[from] move: Wish|[wisher] Alomomola
|upkeep
|turn|65
|
|t:|1780964510
|switch|p1a: Darkrai|Darkrai|44/100
|-damage|p1a: Darkrai|31/100|[from] Stealth Rock
|move|p2a: Hatterene|Psychic Noise|p1a: Darkrai
|-immune|p1a: Darkrai
|
|upkeep
|turn|66
|
|t:|1780964531
|switch|p2a: Gliscor|Gliscor, F|50/100 tox
|-damage|p2a: Gliscor|38/100 tox|[from] Stealth Rock
|move|p1a: Darkrai|Sludge Bomb|p2a: Gliscor
|-resisted|p2a: Gliscor
|-damage|p2a: Gliscor|18/100 tox
|
|-heal|p2a: Gliscor|30/100 tox|[from] ability: Poison Heal
|upkeep
|turn|67
|inactive|Battle timer is ON: inactive players will automatically lose when time's up. (requested by n-busuis)
|
|t:|1780964541
|switch|p1a: Alomomola|Alomomola, M|89/100 par
|-damage|p1a: Alomomola|77/100 par|[from] Stealth Rock
|move|p2a: Gliscor|Earthquake|p1a: Alomomola
|-damage|p1a: Alomomola|58/100 par
|
|-heal|p2a: Gliscor|43/100 tox|[from] ability: Poison Heal
|upkeep
|turn|68
|
|t:|1780964552
|move|p2a: Gliscor|Earthquake|p1a: Alomomola
|-damage|p1a: Alomomola|41/100 par
|move|p1a: Alomomola|Wish|p1a: Alomomola
|
|-heal|p2a: Gliscor|55/100 tox|[from] ability: Poison Heal
|upkeep
|turn|69
|
|t:|1780964558
|move|p2a: Gliscor|Protect|p2a: Gliscor
|-singleturn|p2a: Gliscor|Protect
|cant|p1a: Alomomola|par
|
|-heal|p1a: Alomomola|91/100 par|[from] move: Wish|[wisher] Alomomola
|-heal|p2a: Gliscor|68/100 tox|[from] ability: Poison Heal
|upkeep
|turn|70
|
|t:|1780964565
|switch|p2a: Hatterene|Hatterene, F|81/100
|-damage|p2a: Hatterene|68/100|[from] Stealth Rock
|cant|p1a: Alomomola|par
|
|upkeep
|turn|71
|
|t:|1780964573
|move|p2a: Hatterene|Draining Kiss|p1a: Alomomola
|-damage|p1a: Alomomola|66/100 par
|-heal|p2a: Hatterene|99/100|[from] drain|[of] p1a: Alomomola
|move|p1a: Alomomola|Wish|p1a: Alomomola
|
|upkeep
|turn|72
|
|t:|1780964581
|move|p2a: Hatterene|Psychic Noise|p1a: Alomomola
|-damage|p1a: Alomomola|26/100 par
|-start|p1a: Alomomola|move: Heal Block
|move|p1a: Alomomola|Flip Turn|p2a: Hatterene
|-crit|p2a: Hatterene
|-damage|p2a: Hatterene|79/100
|-damage|p1a: Alomomola|9/100 par|[from] item: Rocky Helmet|[of] p2a: Hatterene
|
|t:|1780964588
|switch|p1a: Darkrai|Darkrai|31/100|[from] Flip Turn
|-damage|p1a: Darkrai|19/100|[from] Stealth Rock
|
|-heal|p1a: Darkrai|100/100|[from] move: Wish|[wisher] Alomomola
|upkeep
|turn|73
|
|t:|1780964603
|move|p1a: Darkrai|Dark Pulse|p2a: Hatterene
|-damage|p2a: Hatterene|9/100
|move|p2a: Hatterene|Nuzzle|p1a: Darkrai
|-crit|p1a: Darkrai
|-damage|p1a: Darkrai|93/100
|-status|p1a: Darkrai|par
|
|upkeep
|turn|74
|
|t:|1780964616
|switch|p1a: Alomomola|Alomomola, M|42/100 par
|-damage|p1a: Alomomola|30/100 par|[from] Stealth Rock
|move|p2a: Hatterene|Draining Kiss|p1a: Alomomola
|-damage|p1a: Alomomola|6/100 par
|-heal|p2a: Hatterene|39/100|[from] drain|[of] p1a: Alomomola
|
|upkeep
|turn|75
|
|t:|1780964628
|switch|p1a: Darkrai|Darkrai|93/100 par
|-damage|p1a: Darkrai|81/100 par|[from] Stealth Rock
|move|p2a: Hatterene|Draining Kiss|p1a: Darkrai
|-supereffective|p1a: Darkrai
|-damage|p1a: Darkrai|21/100 par
|-heal|p2a: Hatterene|79/100|[from] drain|[of] p1a: Darkrai
|
|upkeep
|turn|76
|-message|n-busuis forfeited.
|
|win|Klopple
|raw|n-busuis's rating: 1574 &rarr; <strong>1550</strong><br />(-24 for losing)
|raw|Klopple's rating: 1506 &rarr; <strong>1530</strong><br />(+24 for winning)
|l|☆n-busuis
|player|p1|
|l|☆Klopple
|player|p2|
