|j|☆manabi.portoviejo
|j|☆Praise The Salt
|t:|1781187931
|gametype|singles
|player|p1|manabi.portoviejo|1|1698
|player|p2|Praise The Salt|2|1631
|gen|9
|tier|[Gen 9] OU
|rated|
|rule|HP Percentage Mod: HP is shown in percentages
|rule|Endless Battle Clause: Forcing endless battles is banned
|rule|Species Clause: Limit one of each Pokémon
|rule|OHKO Clause: OHKO moves are banned
|rule|Evasion Items Clause: Evasion items are banned
|rule|Evasion Moves Clause: Evasion moves are banned
|rule|Evasion Abilities Clause: Evasion abilities are banned
|rule|Sleep Moves Clause: Sleep-inducing moves are banned
|clearpoke
|poke|p1|Indeedee-F, F|
|poke|p1|Hatterene, F|
|poke|p1|Hoopa-Unbound|
|poke|p1|Deoxys-Defense|
|poke|p1|Ursaluna, F|
|poke|p1|Iron Crown|
|poke|p2|Cinderace, M|
|poke|p2|Fezandipiti, M|
|poke|p2|Great Tusk|
|poke|p2|Mandibuzz, F|
|poke|p2|Torkoal, M|
|poke|p2|Volcanion|
|teampreview
|inactive|Battle timer is ON: inactive players will automatically lose when time's up. (requested by manabi.portoviejo)
|j| newhere1310
|inactive|Praise The Salt has 120 seconds left.
|inactive|Praise The Salt has 90 seconds left.
|
|t:|1781188001
|teamsize|p1|6
|teamsize|p2|6
|start
|switch|p1a: Deoxys|Deoxys-Defense|100/100
|switch|p2a: Cinderace|Cinderace, M|100/100
|-ability|p1a: Deoxys|Pressure
|turn|1
|
|t:|1781188006
|move|p2a: Cinderace|Pyro Ball|p1a: Deoxys
|-damage|p1a: Deoxys|42/100
|move|p1a: Deoxys|Trick Room|p1a: Deoxys
|-fieldstart|move: Trick Room|[of] p1a: Deoxys
|
|upkeep
|turn|2
|
|t:|1781188014
|move|p1a: Deoxys|Stealth Rock|p2a: Cinderace
|-sidestart|p2: Praise The Salt|move: Stealth Rock
|move|p2a: Cinderace|Pyro Ball|p1a: Deoxys|[miss]
|-miss|p2a: Cinderace|p1a: Deoxys
|
|upkeep
|turn|3
|
|t:|1781188021
|move|p2a: Cinderace|Court Change|p2a: Cinderace
|-start|p2a: Cinderace|typechange|Normal|[from] ability: Libero
|-swapsideconditions
|-activate|p2a: Cinderace|move: Court Change
|move|p1a: Deoxys|Teleport|p1a: Deoxys
|
|t:|1781188025
|switch|p1a: Ursaluna|Ursaluna, F|100/100|[from] Teleport
|-damage|p1a: Ursaluna|94/100|[from] Stealth Rock
|
|-status|p1a: Ursaluna|brn|[from] item: Flame Orb
|upkeep
|turn|4
|
|t:|1781188033
|switch|p2a: Mandibuzz|Mandibuzz, F, shiny|100/100
|move|p1a: Ursaluna|Facade|p2a: Mandibuzz
|-damage|p2a: Mandibuzz|29/100
|-damage|p1a: Ursaluna|78/100 brn|[from] item: Rocky Helmet|[of] p2a: Mandibuzz
|
|-damage|p1a: Ursaluna|72/100 brn|[from] brn
|upkeep
|turn|5
|
|t:|1781188048
|move|p1a: Ursaluna|Facade|p2a: Mandibuzz
|-damage|p2a: Mandibuzz|0 fnt
|-damage|p1a: Ursaluna|55/100 brn|[from] item: Rocky Helmet|[of] p2a: Mandibuzz
|faint|p2a: Mandibuzz
|
|-damage|p1a: Ursaluna|49/100 brn|[from] brn
|-fieldend|move: Trick Room
|upkeep
|
|t:|1781188059
|switch|p2a: Cinderace|Cinderace, M|100/100
|turn|6
|
|t:|1781188065
|move|p2a: Cinderace|Pyro Ball|p1a: Ursaluna
|-damage|p1a: Ursaluna|0 fnt
|faint|p1a: Ursaluna
|
|upkeep
|
|t:|1781188076
|switch|p1a: Indeedee|Indeedee-F, F|100/100
|-damage|p1a: Indeedee|88/100|[from] Stealth Rock
|-fieldstart|move: Psychic Terrain|[from] ability: Psychic Surge|[of] p1a: Indeedee
|turn|7
|
|t:|1781188090
|-terastallize|p2a: Cinderace|Fire
|move|p2a: Cinderace|Pyro Ball|p1a: Indeedee
|-damage|p1a: Indeedee|0 fnt
|faint|p1a: Indeedee
|
|upkeep
|
|t:|1781188114
|switch|p1a: Iron Crown|Iron Crown|100/100
|-damage|p1a: Iron Crown|94/100|[from] Stealth Rock
|-enditem|p1a: Iron Crown|Booster Energy
|-activate|p1a: Iron Crown|ability: Quark Drive|[fromitem]
|-start|p1a: Iron Crown|quarkdrivespa
|turn|8
|
|t:|1781188133
|-terastallize|p1a: Iron Crown|Fighting
|move|p2a: Cinderace|Pyro Ball|p1a: Iron Crown
|-damage|p1a: Iron Crown|4/100
|move|p1a: Iron Crown|Agility|p1a: Iron Crown
|-boost|p1a: Iron Crown|spe|2
|
|upkeep
|turn|9
|inactive|Praise The Salt has 120 seconds left.
|
|t:|1781188169
|switch|p2a: Torkoal|Torkoal, M, shiny|100/100
|-weather|SunnyDay|[from] ability: Drought|[of] p2a: Torkoal
|move|p1a: Iron Crown|Expanding Force|p2a: Torkoal
|-damage|p2a: Torkoal|0 fnt
|faint|p2a: Torkoal
|
|-weather|SunnyDay|[upkeep]
|upkeep
|inactive|Praise The Salt has 90 seconds left.
|
|t:|1781188205
|switch|p2a: Volcanion|Volcanion|100/100
|turn|10
|
|t:|1781188213
|move|p1a: Iron Crown|Expanding Force|p2a: Volcanion
|-crit|p2a: Volcanion
|-damage|p2a: Volcanion|0 fnt
|faint|p2a: Volcanion
|
|-weather|SunnyDay|[upkeep]
|upkeep
|
|t:|1781188225
|switch|p2a: Great Tusk|Great Tusk, shiny|100/100
|-activate|p2a: Great Tusk|ability: Protosynthesis
|-start|p2a: Great Tusk|protosynthesisatk
|turn|11
|
|t:|1781188238
|move|p1a: Iron Crown|Expanding Force|p2a: Great Tusk
|-supereffective|p2a: Great Tusk
|-damage|p2a: Great Tusk|0 fnt
|faint|p2a: Great Tusk
|-end|p2a: Great Tusk|Protosynthesis|[silent]
|
|-weather|SunnyDay|[upkeep]
|upkeep
|
|t:|1781188243
|switch|p2a: Fezandipiti|Fezandipiti, M|100/100
|turn|12
|
|t:|1781188247
|move|p1a: Iron Crown|Expanding Force|p2a: Fezandipiti
|-supereffective|p2a: Fezandipiti
|-damage|p2a: Fezandipiti|0 fnt
|faint|p2a: Fezandipiti
|
|-weather|SunnyDay|[upkeep]
|upkeep
|inactive|Praise The Salt has 90 seconds left.
|
|t:|1781188291
|switch|p2a: Cinderace|Cinderace, M, tera:Fire|100/100
|turn|13
|
|t:|1781188294
|move|p1a: Iron Crown|Expanding Force|p2a: Cinderace
|-damage|p2a: Cinderace|0 fnt
|faint|p2a: Cinderace
|
|win|manabi.portoviejo
|raw|manabi.portoviejo's rating: 1698 &rarr; <strong>1714</strong><br />(+16 for winning)
|raw|Praise The Salt's rating: 1631 &rarr; <strong>1615</strong><br />(-16 for losing)
|l|☆Praise The Salt
|player|p2|
|l| newhere1310
