|j|☆samohi0
|j|☆kshuaib734
|t:|1781309986
|gametype|singles
|player|p1|samohi0|hoopster|1718
|player|p2|kshuaib734|steven|1649
|gen|9
|tier|[Gen 9] OU
|rated|
|rule|HP Percentage Mod: HP is shown in percentages
|rule|Endless Battle Clause: Forcing endless battles is banned
|rule|Species Clause: Limit one of each Pokémon
|rule|OHKO Clause: OHKO moves are banned
|rule|Evasion Items Clause: Evasion items are banned
|rule|Evasion Moves Clause: Evasion moves are banned
|rule|Evasion Abilities Clause: Evasion abilities are banned
|rule|Sleep Moves Clause: Sleep-inducing moves are banned
|clearpoke
|poke|p1|Mamoswine, M|
|poke|p1|Glimmora, M|
|poke|p1|Iron Crown|
|poke|p1|Zamazenta-*|
|poke|p1|Sinistcha|
|poke|p1|Samurott-Hisui, M|
|poke|p2|Tyranitar, M|
|poke|p2|Dragapult, M|
|poke|p2|Pelipper, M|
|poke|p2|Quaquaval, M|
|poke|p2|Kingdra, M|
|poke|p2|Excadrill, F|
|teampreview
|inactive|Battle timer is ON: inactive players will automatically lose when time's up. (requested by kshuaib734)
|
|t:|1781309996
|teamsize|p1|6
|teamsize|p2|6
|start
|switch|p1a: Braveheart|Iron Crown|100/100
|switch|p2a: Tyrant's Enforcer|Dragapult, M|100/100
|turn|1
|
|t:|1781310002
|-end|p1a: Braveheart|Quark Drive|[silent]
|switch|p1a: Bullet|Glimmora, M, shiny|100/100
|move|p2a: Tyrant's Enforcer|Curse|p1a: Bullet
|-start|p1a: Bullet|Curse|[of] p2a: Tyrant's Enforcer
|-damage|p2a: Tyrant's Enforcer|51/100
|
|-damage|p1a: Bullet|76/100|[from] Curse
|upkeep
|turn|2
|
|t:|1781310010
|move|p2a: Tyrant's Enforcer|Surf|p1a: Bullet
|-supereffective|p1a: Bullet
|-damage|p1a: Bullet|10/100
|-enditem|p1a: Bullet|Red Card|[of] p2a: Tyrant's Enforcer
|drag|p2a: Tyrant's Endgame|Quaquaval, M|100/100
|move|p1a: Bullet|Stealth Rock|p2a: Tyrant's Endgame
|-sidestart|p2: kshuaib734|move: Stealth Rock
|
|-damage|p1a: Bullet|0 fnt|[from] Curse
|faint|p1a: Bullet
|upkeep
|
|t:|1781310014
|switch|p1a: Braveheart|Iron Crown|100/100
|turn|3
|
|t:|1781310022
|-terastallize|p2a: Tyrant's Endgame|Water
|move|p1a: Braveheart|Volt Switch|p2a: Tyrant's Endgame
|-supereffective|p2a: Tyrant's Endgame
|-damage|p2a: Tyrant's Endgame|4/100
|
|t:|1781310026
|-end|p1a: Braveheart|Quark Drive|[silent]
|switch|p1a: Trojan|Zamazenta, shiny|100/100|[from] Volt Switch
|-ability|p1a: Trojan|Dauntless Shield|boost
|-boost|p1a: Trojan|def|1
|move|p2a: Tyrant's Endgame|Aqua Step|p1a: Trojan
|-damage|p1a: Trojan|60/100
|-boost|p2a: Tyrant's Endgame|spe|1
|
|upkeep
|turn|4
|
|t:|1781310034
|move|p1a: Trojan|Crunch|p2a: Tyrant's Endgame
|-damage|p2a: Tyrant's Endgame|0 fnt
|faint|p2a: Tyrant's Endgame
|
|upkeep
|
|t:|1781310041
|switch|p2a: Tyrant's Downpour|Pelipper, M|100/100
|-damage|p2a: Tyrant's Downpour|75/100|[from] Stealth Rock
|-weather|RainDance|[from] ability: Drizzle|[of] p2a: Tyrant's Downpour
|turn|5
|
|t:|1781310046
|move|p1a: Trojan|Crunch|p2a: Tyrant's Downpour
|-damage|p2a: Tyrant's Downpour|46/100
|-unboost|p2a: Tyrant's Downpour|def|1
|move|p2a: Tyrant's Downpour|Hurricane|p1a: Trojan
|-supereffective|p1a: Trojan
|-damage|p1a: Trojan|0 fnt
|faint|p1a: Trojan
|
|-weather|RainDance|[upkeep]
|upkeep
|
|t:|1781310051
|switch|p1a: Braveheart|Iron Crown|100/100
|turn|6
|
|t:|1781310057
|switch|p2a: King Tyrant|Tyranitar, M|100/100
|-damage|p2a: King Tyrant|88/100|[from] Stealth Rock
|-weather|Sandstorm|[from] ability: Sand Stream|[of] p2a: King Tyrant
|move|p1a: Braveheart|Tachyon Cutter|p2a: King Tyrant
|-supereffective|p2a: King Tyrant
|-damage|p2a: King Tyrant|43/100
|-enditem|p2a: King Tyrant|Weakness Policy
|-boost|p2a: King Tyrant|atk|2|[from] item: Weakness Policy
|-boost|p2a: King Tyrant|spa|2|[from] item: Weakness Policy
|-supereffective|p2a: King Tyrant
|-damage|p2a: King Tyrant|0 fnt
|faint|p2a: King Tyrant
|-hitcount|p2: King Tyrant|2
|
|-weather|Sandstorm|[upkeep]
|upkeep
|
|t:|1781310070
|switch|p2a: Tyrant's Legacy|Excadrill, F|100/100
|-damage|p2a: Tyrant's Legacy|97/100|[from] Stealth Rock
|turn|7
|
|t:|1781310074
|-end|p1a: Braveheart|Quark Drive|[silent]
|switch|p1a: Sagittarius|Sinistcha, shiny|100/100
|move|p2a: Tyrant's Legacy|Earthquake|p1a: Sagittarius
|-resisted|p1a: Sagittarius
|-damage|p1a: Sagittarius|76/100
|-damage|p2a: Tyrant's Legacy|88/100|[from] item: Life Orb
|
|-weather|Sandstorm|[upkeep]
|-damage|p1a: Sagittarius|69/100|[from] Sandstorm
|upkeep
|turn|8
|
|t:|1781310084
|switch|p2a: Tyrant's Downpour|Pelipper, M|46/100
|-damage|p2a: Tyrant's Downpour|21/100|[from] Stealth Rock
|-weather|RainDance|[from] ability: Drizzle|[of] p2a: Tyrant's Downpour
|move|p1a: Sagittarius|Matcha Gotcha|p2a: Tyrant's Downpour
|-damage|p2a: Tyrant's Downpour|0 fnt
|-heal|p1a: Sagittarius|79/100|[from] drain|[of] p2a: Tyrant's Downpour
|faint|p2a: Tyrant's Downpour
|
|-weather|RainDance|[upkeep]
|upkeep
|
|t:|1781310099
|switch|p2a: Tyrant's Vengeance|Kingdra, M|100/100
|-damage|p2a: Tyrant's Vengeance|88/100|[from] Stealth Rock
|turn|9
|inactive|kshuaib734 has 120 seconds left.
|
|t:|1781310127
|move|p2a: Tyrant's Vengeance|Hurricane|p1a: Sagittarius
|-supereffective|p1a: Sagittarius
|-damage|p1a: Sagittarius|0 fnt
|faint|p1a: Sagittarius
|
|-weather|RainDance|[upkeep]
|upkeep
|
|t:|1781310133
|switch|p1a: Jack Sparrow|Samurott-Hisui, M, shiny|100/100
|turn|10
|j| HITMAN9191
|
|t:|1781310141
|move|p2a: Tyrant's Vengeance|Draco Meteor|p1a: Jack Sparrow
|-damage|p1a: Jack Sparrow|17/100
|-unboost|p2a: Tyrant's Vengeance|spa|2
|move|p1a: Jack Sparrow|Knock Off|p2a: Tyrant's Vengeance
|-damage|p2a: Tyrant's Vengeance|16/100
|-enditem|p2a: Tyrant's Vengeance|Mystic Water|[from] move: Knock Off|[of] p1a: Jack Sparrow
|
|-weather|RainDance|[upkeep]
|upkeep
|turn|11
|
|t:|1781310151
|move|p1a: Jack Sparrow|Sucker Punch|p2a: Tyrant's Vengeance
|-damage|p2a: Tyrant's Vengeance|0 fnt
|faint|p2a: Tyrant's Vengeance
|
|-weather|RainDance|[upkeep]
|upkeep
|
|t:|1781310167
|switch|p2a: Tyrant's Legacy|Excadrill, F|88/100
|-damage|p2a: Tyrant's Legacy|84/100|[from] Stealth Rock
|turn|12
|
|t:|1781310176
|-terastallize|p1a: Jack Sparrow|Dark
|move|p1a: Jack Sparrow|Sucker Punch|p2a: Tyrant's Legacy
|-damage|p2a: Tyrant's Legacy|8/100
|move|p2a: Tyrant's Legacy|Rapid Spin|p1a: Jack Sparrow
|-damage|p1a: Jack Sparrow|0 fnt
|-boost|p2a: Tyrant's Legacy|spe|1
|-sideend|p2: kshuaib734|Stealth Rock|[from] move: Rapid Spin|[of] p2a: Tyrant's Legacy
|faint|p1a: Jack Sparrow
|-damage|p2a: Tyrant's Legacy|0 fnt|[from] item: Life Orb
|faint|p2a: Tyrant's Legacy
|
|-weather|RainDance|[upkeep]
|upkeep
|inactive|kshuaib734 has 120 seconds left.
|
|t:|1781310201
|switch|p2a: Tyrant's Enforcer|Dragapult, M|51/100
|switch|p1a: Behemoth|Mamoswine, M, shiny|100/100
|turn|13
|
|t:|1781310219
|move|p1a: Behemoth|Ice Shard|p2a: Tyrant's Enforcer
|-supereffective|p2a: Tyrant's Enforcer
|-damage|p2a: Tyrant's Enforcer|0 fnt
|faint|p2a: Tyrant's Enforcer
|
|win|samohi0
|raw|samohi0's rating: 1718 &rarr; <strong>1734</strong><br />(+16 for winning)
|raw|kshuaib734's rating: 1649 &rarr; <strong>1633</strong><br />(-16 for losing)
|l|☆samohi0
|player|p1|
|l|☆kshuaib734
|player|p2|
|l| HITMAN9191
