|j|☆GreninjaMyFav
|j|☆Roseofrosarade
|t:|1781389482
|gametype|singles
|player|p1|GreninjaMyFav|skyla|1645
|player|p2|Roseofrosarade|1|1678
|gen|9
|tier|[Gen 9] OU
|rated|
|rule|HP Percentage Mod: HP is shown in percentages
|rule|Endless Battle Clause: Forcing endless battles is banned
|rule|Species Clause: Limit one of each Pokémon
|rule|OHKO Clause: OHKO moves are banned
|rule|Evasion Items Clause: Evasion items are banned
|rule|Evasion Moves Clause: Evasion moves are banned
|rule|Evasion Abilities Clause: Evasion abilities are banned
|rule|Sleep Moves Clause: Sleep-inducing moves are banned
|clearpoke
|poke|p1|Greninja-*, M|
|poke|p1|Raging Bolt|
|poke|p1|Kingambit, M|
|poke|p1|Great Tusk|
|poke|p1|Slowking-Galar, F|
|poke|p1|Corviknight, F|
|poke|p2|Umbreon, F|
|poke|p2|Sinistcha|
|poke|p2|Iron Treads|
|poke|p2|Slowking, M|
|poke|p2|Tornadus-Therian, M|
|poke|p2|Zamazenta-*|
|teampreview
|
|t:|1781389489
|teamsize|p1|6
|teamsize|p2|6
|start
|switch|p1a: Greninja|Greninja, M|100/100
|switch|p2a: Iron Treads|Iron Treads|100/100
|turn|1
|
|t:|1781389494
|-end|p2a: Iron Treads|Quark Drive|[silent]
|switch|p2a: Umbreon|Umbreon, F|100/100
|move|p1a: Greninja|Grass Knot|p2a: Umbreon
|-start|p1a: Greninja|typechange|Grass|[from] ability: Protean
|-damage|p2a: Umbreon|81/100
|
|-heal|p2a: Umbreon|87/100|[from] item: Leftovers
|upkeep
|turn|2
|
|t:|1781389505
|switch|p1a: Slowking|Slowking-Galar, F|100/100
|switch|p2a: Tornadus|Tornadus-Therian, M|100/100
|
|upkeep
|turn|3
|
|t:|1781389508
|move|p2a: Tornadus|Knock Off|p1a: Slowking
|-supereffective|p1a: Slowking
|-damage|p1a: Slowking|62/100
|-enditem|p1a: Slowking|Heavy-Duty Boots|[from] move: Knock Off|[of] p2a: Tornadus
|move|p1a: Slowking|Thunder Wave|p2a: Tornadus
|-status|p2a: Tornadus|par
|
|upkeep
|turn|4
|
|t:|1781389515
|switch|p2a: Iron Treads|Iron Treads|100/100
|-prepare|p1a: Slowking|Chilly Reception|[premajor]
|move|p1a: Slowking|Chilly Reception|p1a: Slowking
|-weather|Snowscape
|
|t:|1781389517
|switch|p1a: Greninja|Greninja, M|100/100|[from] Chilly Reception
|
|-weather|Snowscape|[upkeep]
|upkeep
|turn|5
|
|t:|1781389522
|switch|p1a: Raging Bolt|Raging Bolt|100/100
|-end|p2a: Iron Treads|Quark Drive|[silent]
|switch|p2a: Slowking|Slowking, M|100/100
|
|-weather|Snowscape|[upkeep]
|upkeep
|turn|6
|
|t:|1781389527
|switch|p2a: Iron Treads|Iron Treads|100/100
|move|p1a: Raging Bolt|Draco Meteor|p2a: Iron Treads
|-resisted|p2a: Iron Treads
|-damage|p2a: Iron Treads|41/100
|-unboost|p1a: Raging Bolt|spa|2
|
|-weather|Snowscape|[upkeep]
|-heal|p2a: Iron Treads|47/100|[from] item: Leftovers
|upkeep
|turn|7
|
|t:|1781389535
|-end|p1a: Raging Bolt|Protosynthesis|[silent]
|switch|p1a: Corviknight|Corviknight, F|100/100
|-ability|p1a: Corviknight|Pressure
|move|p2a: Iron Treads|Stealth Rock|p1a: Corviknight
|-sidestart|p1: GreninjaMyFav|move: Stealth Rock
|
|-weather|Snowscape|[upkeep]
|-heal|p2a: Iron Treads|53/100|[from] item: Leftovers
|upkeep
|turn|8
|
|t:|1781389538
|-end|p2a: Iron Treads|Quark Drive|[silent]
|switch|p2a: Umbreon|Umbreon, F|87/100
|move|p1a: Corviknight|Defog|p2a: Umbreon
|-unboost|p2a: Umbreon|evasion|1
|-sideend|p1: GreninjaMyFav|Stealth Rock|[from] move: Defog|[of] p1a: Corviknight
|
|-weather|none
|-heal|p2a: Umbreon|93/100|[from] item: Leftovers
|upkeep
|turn|9
|
|t:|1781389541
|move|p1a: Corviknight|U-turn|p2a: Umbreon
|-supereffective|p2a: Umbreon
|-damage|p2a: Umbreon|68/100
|
|t:|1781389542
|switch|p1a: Slowking|Slowking-Galar, F|95/100|[from] U-turn
|move|p2a: Umbreon|Wish|p2a: Umbreon
|
|-heal|p2a: Umbreon|74/100|[from] item: Leftovers
|upkeep
|turn|10
|
|t:|1781389546
|switch|p2a: Iron Treads|Iron Treads|53/100
|move|p1a: Slowking|Psychic Noise|p2a: Iron Treads
|-resisted|p2a: Iron Treads
|-damage|p2a: Iron Treads|38/100
|-start|p2a: Iron Treads|move: Heal Block
|
|upkeep
|turn|11
|
|t:|1781389553
|switch|p1a: Great Tusk|Great Tusk|100/100
|move|p2a: Iron Treads|Knock Off|p1a: Great Tusk
|-resisted|p1a: Great Tusk
|-damage|p1a: Great Tusk|91/100
|-enditem|p1a: Great Tusk|Heavy-Duty Boots|[from] move: Knock Off|[of] p2a: Iron Treads
|
|-end|p2a: Iron Treads|move: Heal Block
|upkeep
|turn|12
|
|t:|1781389557
|-end|p2a: Iron Treads|Quark Drive|[silent]
|switch|p2a: Sinistcha|Sinistcha|100/100
|move|p1a: Great Tusk|Stealth Rock|p2a: Sinistcha
|-sidestart|p2: Roseofrosarade|move: Stealth Rock
|
|upkeep
|turn|13
|
|t:|1781389567
|-end|p1a: Great Tusk|Protosynthesis|[silent]
|switch|p1a: Slowking|Slowking-Galar, F|100/100
|move|p2a: Sinistcha|Matcha Gotcha|p1a: Slowking
|-resisted|p1a: Slowking
|-damage|p1a: Slowking|91/100
|
|upkeep
|turn|14
|
|t:|1781389573
|switch|p2a: Iron Treads|Iron Treads|38/100
|-damage|p2a: Iron Treads|35/100|[from] Stealth Rock
|-prepare|p1a: Slowking|Chilly Reception|[premajor]
|move|p1a: Slowking|Chilly Reception|p1a: Slowking
|-weather|Snowscape
|
|t:|1781389575
|switch|p1a: Greninja|Greninja, M|100/100|[from] Chilly Reception
|
|-weather|Snowscape|[upkeep]
|-heal|p2a: Iron Treads|41/100|[from] item: Leftovers
|upkeep
|turn|15
|
|t:|1781389581
|switch|p1a: Raging Bolt|Raging Bolt|100/100
|-end|p2a: Iron Treads|Quark Drive|[silent]
|switch|p2a: Zamazenta|Zamazenta|100/100
|-damage|p2a: Zamazenta|94/100|[from] Stealth Rock
|-ability|p2a: Zamazenta|Dauntless Shield|boost
|-boost|p2a: Zamazenta|def|1
|
|-weather|Snowscape|[upkeep]
|upkeep
|turn|16
|
|t:|1781389583
|move|p2a: Zamazenta|Close Combat|p1a: Raging Bolt
|-damage|p1a: Raging Bolt|23/100
|-unboost|p2a: Zamazenta|def|1
|-unboost|p2a: Zamazenta|spd|1
|move|p1a: Raging Bolt|Draco Meteor|p2a: Zamazenta
|-damage|p2a: Zamazenta|0 fnt
|-unboost|p1a: Raging Bolt|spa|2
|faint|p2a: Zamazenta
|
|-weather|Snowscape|[upkeep]
|upkeep
|
|t:|1781389594
|switch|p2a: Iron Treads|Iron Treads|41/100
|-damage|p2a: Iron Treads|38/100|[from] Stealth Rock
|turn|17
|
|t:|1781389597
|-end|p1a: Raging Bolt|Protosynthesis|[silent]
|switch|p1a: Corviknight|Corviknight, F|100/100
|-ability|p1a: Corviknight|Pressure
|move|p2a: Iron Treads|Rapid Spin|p1a: Corviknight
|-resisted|p1a: Corviknight
|-damage|p1a: Corviknight|96/100
|-boost|p2a: Iron Treads|spe|1
|-damage|p2a: Iron Treads|22/100|[from] item: Rocky Helmet|[of] p1a: Corviknight
|-sideend|p2: Roseofrosarade|Stealth Rock|[from] move: Rapid Spin|[of] p2a: Iron Treads
|
|-weather|Snowscape|[upkeep]
|-heal|p2a: Iron Treads|28/100|[from] item: Leftovers
|upkeep
|turn|18
|
|t:|1781389603
|-end|p2a: Iron Treads|Quark Drive|[silent]
|switch|p2a: Umbreon|Umbreon, F|74/100
|move|p1a: Corviknight|Brave Bird|p2a: Umbreon
|-damage|p2a: Umbreon|47/100
|-damage|p1a: Corviknight|87/100|[from] Recoil
|
|-weather|none
|-heal|p2a: Umbreon|53/100|[from] item: Leftovers
|upkeep
|turn|19
|
|t:|1781389606
|move|p1a: Corviknight|U-turn|p2a: Umbreon
|-supereffective|p2a: Umbreon
|-damage|p2a: Umbreon|30/100
|
|t:|1781389610
|switch|p1a: Raging Bolt|Raging Bolt|23/100|[from] U-turn
|move|p2a: Umbreon|Wish|p2a: Umbreon
|
|-heal|p2a: Umbreon|37/100|[from] item: Leftovers
|upkeep
|turn|20
|
|t:|1781389612
|move|p2a: Umbreon|Protect|p2a: Umbreon
|-singleturn|p2a: Umbreon|Protect
|move|p1a: Raging Bolt|Draco Meteor|p2a: Umbreon
|-activate|p2a: Umbreon|move: Protect
|
|-heal|p2a: Umbreon|87/100|[from] move: Wish|[wisher] Umbreon
|-heal|p2a: Umbreon|93/100|[from] item: Leftovers
|upkeep
|turn|21
|
|t:|1781389617
|-terastallize|p1a: Raging Bolt|Dragon
|move|p1a: Raging Bolt|Draco Meteor|p2a: Umbreon
|-damage|p2a: Umbreon|13/100
|-unboost|p1a: Raging Bolt|spa|2
|move|p2a: Umbreon|Wish|p2a: Umbreon
|
|-heal|p2a: Umbreon|20/100|[from] item: Leftovers
|upkeep
|turn|22
|
|t:|1781389625
|-end|p1a: Raging Bolt|Protosynthesis|[silent]
|switch|p1a: Slowking|Slowking-Galar, F|100/100
|move|p2a: Umbreon|Protect||[still]
|-fail|p2a: Umbreon
|
|-heal|p2a: Umbreon|70/100|[from] move: Wish|[wisher] Umbreon
|-heal|p2a: Umbreon|76/100|[from] item: Leftovers
|upkeep
|turn|23
|
|t:|1781389629
|move|p2a: Umbreon|Wish|p2a: Umbreon
|move|p1a: Slowking|Sludge Bomb|p2a: Umbreon
|-damage|p2a: Umbreon|59/100
|-status|p2a: Umbreon|psn
|
|-heal|p2a: Umbreon|65/100 psn|[from] item: Leftovers
|-damage|p2a: Umbreon|53/100 psn|[from] psn
|upkeep
|turn|24
|
|t:|1781389635
|move|p2a: Umbreon|Foul Play|p1a: Slowking
|-supereffective|p1a: Slowking
|-damage|p1a: Slowking|63/100
|move|p1a: Slowking|Psychic Noise|p2a: Umbreon
|-immune|p2a: Umbreon
|
|-heal|p2a: Umbreon|100/100 psn|[from] move: Wish|[wisher] Umbreon
|-damage|p2a: Umbreon|88/100 psn|[from] psn
|upkeep
|turn|25
|
|t:|1781389642
|switch|p2a: Iron Treads|Iron Treads|28/100
|-prepare|p1a: Slowking|Chilly Reception|[premajor]
|move|p1a: Slowking|Chilly Reception|p1a: Slowking
|-weather|Snowscape
|
|t:|1781389644
|switch|p1a: Greninja|Greninja, M|100/100|[from] Chilly Reception
|
|-weather|Snowscape|[upkeep]
|-heal|p2a: Iron Treads|34/100|[from] item: Leftovers
|upkeep
|turn|26
|
|t:|1781389651
|-end|p2a: Iron Treads|Quark Drive|[silent]
|switch|p2a: Slowking|Slowking, M|100/100
|move|p1a: Greninja|Grass Knot|p2a: Slowking
|-start|p1a: Greninja|typechange|Grass|[from] ability: Protean
|-supereffective|p2a: Slowking
|-damage|p2a: Slowking|56/100
|
|-weather|Snowscape|[upkeep]
|upkeep
|turn|27
|
|t:|1781389665
|switch|p1a: Kingambit|Kingambit, M|100/100
|switch|p2a: Tornadus|Tornadus-Therian, M|100/100 par
|
|-weather|Snowscape|[upkeep]
|upkeep
|turn|28
|
|t:|1781389669
|-end|p1a: Kingambit|fallenundefined|[silent]
|switch|p1a: Slowking|Slowking-Galar, F|97/100
|move|p2a: Tornadus|Focus Blast|p1a: Slowking
|-resisted|p1a: Slowking
|-crit|p1a: Slowking
|-damage|p1a: Slowking|84/100
|
|-weather|Snowscape|[upkeep]
|upkeep
|turn|29
|
|t:|1781389678
|move|p2a: Tornadus|Focus Blast|p1a: Slowking|[miss]
|-miss|p2a: Tornadus|p1a: Slowking
|-prepare|p1a: Slowking|Chilly Reception|[premajor]
|move|p1a: Slowking|Chilly Reception|p1a: Slowking
|
|t:|1781389681
|switch|p1a: Raging Bolt|Raging Bolt, tera:Dragon|23/100|[from] Chilly Reception
|
|-weather|none
|upkeep
|turn|30
|
|t:|1781389689
|-terastallize|p2a: Tornadus|Steel
|move|p1a: Raging Bolt|Draco Meteor|p2a: Tornadus
|-resisted|p2a: Tornadus
|-damage|p2a: Tornadus|10/100 par
|-unboost|p1a: Raging Bolt|spa|2
|move|p2a: Tornadus|Focus Blast|p1a: Raging Bolt
|-crit|p1a: Raging Bolt
|-damage|p1a: Raging Bolt|0 fnt
|faint|p1a: Raging Bolt
|-end|p1a: Raging Bolt|Protosynthesis|[silent]
|
|upkeep
|
|t:|1781389699
|switch|p1a: Greninja|Greninja, M|100/100
|turn|31
|
|t:|1781389702
|switch|p2a: Umbreon|Umbreon, F|88/100 psn
|move|p1a: Greninja|Grass Knot|p2a: Umbreon
|-start|p1a: Greninja|typechange|Grass|[from] ability: Protean
|-damage|p2a: Umbreon|66/100 psn
|
|-heal|p2a: Umbreon|73/100 psn|[from] item: Leftovers
|-damage|p2a: Umbreon|60/100 psn|[from] psn
|upkeep
|turn|32
|
|t:|1781389705
|switch|p1a: Slowking|Slowking-Galar, F|100/100
|move|p2a: Umbreon|Wish|p2a: Umbreon
|
|-heal|p2a: Umbreon|66/100 psn|[from] item: Leftovers
|-damage|p2a: Umbreon|54/100 psn|[from] psn
|upkeep
|turn|33
|
|t:|1781389708
|move|p2a: Umbreon|Foul Play|p1a: Slowking
|-supereffective|p1a: Slowking
|-damage|p1a: Slowking|63/100
|move|p1a: Slowking|Psychic Noise|p2a: Umbreon
|-immune|p2a: Umbreon
|
|-heal|p2a: Umbreon|100/100 psn|[from] move: Wish|[wisher] Umbreon
|-damage|p2a: Umbreon|88/100 psn|[from] psn
|upkeep
|turn|34
|
|t:|1781389717
|move|p2a: Umbreon|Foul Play|p1a: Slowking
|-supereffective|p1a: Slowking
|-damage|p1a: Slowking|28/100
|-prepare|p1a: Slowking|Chilly Reception|[premajor]
|move|p1a: Slowking|Chilly Reception|p1a: Slowking
|-weather|Snowscape
|
|t:|1781389719
|switch|p1a: Greninja|Greninja, M|100/100|[from] Chilly Reception
|
|-weather|Snowscape|[upkeep]
|-heal|p2a: Umbreon|94/100 psn|[from] item: Leftovers
|-damage|p2a: Umbreon|82/100 psn|[from] psn
|upkeep
|turn|35
|
|t:|1781389725
|move|p1a: Greninja|Sludge Wave|p2a: Umbreon
|-start|p1a: Greninja|typechange|Poison|[from] ability: Protean
|-damage|p2a: Umbreon|49/100 psn
|move|p2a: Umbreon|Toxic|p1a: Greninja
|-immune|p1a: Greninja
|
|-weather|Snowscape|[upkeep]
|-heal|p2a: Umbreon|55/100 psn|[from] item: Leftovers
|-damage|p2a: Umbreon|42/100 psn|[from] psn
|upkeep
|turn|36
|
|t:|1781389732
|switch|p2a: Iron Treads|Iron Treads|34/100
|move|p1a: Greninja|Sludge Wave|p2a: Iron Treads
|-immune|p2a: Iron Treads
|
|-weather|Snowscape|[upkeep]
|-heal|p2a: Iron Treads|40/100|[from] item: Leftovers
|upkeep
|turn|37
|
|t:|1781389738
|switch|p1a: Great Tusk|Great Tusk|91/100
|move|p2a: Iron Treads|Stealth Rock|p1a: Great Tusk
|-sidestart|p1: GreninjaMyFav|move: Stealth Rock
|
|-weather|Snowscape|[upkeep]
|-heal|p2a: Iron Treads|47/100|[from] item: Leftovers
|upkeep
|turn|38
|
|t:|1781389741
|-end|p1a: Great Tusk|Protosynthesis|[silent]
|switch|p1a: Greninja|Greninja, M|100/100
|-damage|p1a: Greninja|88/100|[from] Stealth Rock
|-end|p2a: Iron Treads|Quark Drive|[silent]
|switch|p2a: Sinistcha|Sinistcha|100/100
|
|-weather|none
|upkeep
|turn|39
|
|t:|1781389750
|switch|p2a: Umbreon|Umbreon, F|42/100 psn
|move|p1a: Greninja|Ice Beam|p2a: Umbreon
|-start|p1a: Greninja|typechange|Ice|[from] ability: Protean
|-damage|p2a: Umbreon|9/100 psn
|
|-heal|p2a: Umbreon|15/100 psn|[from] item: Leftovers
|-damage|p2a: Umbreon|2/100 psn|[from] psn
|upkeep
|turn|40
|
|t:|1781389753
|switch|p2a: Slowking|Slowking, M|90/100
|move|p1a: Greninja|Ice Beam|p2a: Slowking
|-resisted|p2a: Slowking
|-damage|p2a: Slowking|77/100
|
|upkeep
|turn|41
|
|t:|1781389761
|switch|p1a: Slowking|Slowking-Galar, F|61/100
|-damage|p1a: Slowking|49/100|[from] Stealth Rock
|move|p2a: Slowking|Flamethrower|p1a: Slowking
|-damage|p1a: Slowking|35/100
|
|upkeep
|turn|42
|
|t:|1781389767
|switch|p2a: Iron Treads|Iron Treads|47/100
|move|p1a: Slowking|Thunder Wave|p2a: Iron Treads
|-immune|p2a: Iron Treads
|
|-heal|p2a: Iron Treads|53/100|[from] item: Leftovers
|upkeep
|turn|43
|
|t:|1781389778
|-end|p2a: Iron Treads|Quark Drive|[silent]
|switch|p2a: Sinistcha|Sinistcha|100/100
|switch|p1a: Corviknight|Corviknight, F|87/100
|-damage|p1a: Corviknight|75/100|[from] Stealth Rock
|-ability|p1a: Corviknight|Pressure
|
|upkeep
|turn|44
|
|t:|1781389783
|move|p2a: Sinistcha|Shadow Ball|p1a: Corviknight
|-crit|p1a: Corviknight
|-damage|p1a: Corviknight|27/100
|-unboost|p1a: Corviknight|spd|1
|move|p1a: Corviknight|U-turn|p2a: Sinistcha
|-damage|p2a: Sinistcha|90/100
|
|t:|1781389785
|switch|p1a: Greninja|Greninja, M|88/100|[from] U-turn
|-damage|p1a: Greninja|76/100|[from] Stealth Rock
|
|upkeep
|turn|45
|
|t:|1781389797
|switch|p1a: Kingambit|Kingambit, M|100/100
|-damage|p1a: Kingambit|94/100|[from] Stealth Rock
|-activate|p1a: Kingambit|ability: Supreme Overlord
|-start|p1a: Kingambit|fallen1|[silent]
|switch|p2a: Umbreon|Umbreon, F|2/100 psn
|
|-heal|p2a: Umbreon|8/100 psn|[from] item: Leftovers
|-damage|p2a: Umbreon|0 fnt|[from] psn
|faint|p2a: Umbreon
|upkeep
|
|t:|1781389803
|switch|p2a: Tornadus|Tornadus-Therian, M, tera:Steel|43/100 par
|turn|46
|
|t:|1781389809
|switch|p2a: Iron Treads|Iron Treads|53/100
|move|p1a: Kingambit|Sucker Punch||[still]
|-fail|p1a: Kingambit
|
|-heal|p2a: Iron Treads|59/100|[from] item: Leftovers
|upkeep
|turn|47
|
|t:|1781389815
|move|p2a: Iron Treads|Earthquake|p1a: Kingambit
|-supereffective|p1a: Kingambit
|-damage|p1a: Kingambit|28/100
|move|p1a: Kingambit|Swords Dance|p1a: Kingambit
|-boost|p1a: Kingambit|atk|2
|
|-heal|p2a: Iron Treads|65/100|[from] item: Leftovers
|upkeep
|turn|48
|
|t:|1781389822
|move|p1a: Kingambit|Sucker Punch|p2a: Iron Treads
|-damage|p2a: Iron Treads|0 fnt
|faint|p2a: Iron Treads
|-end|p2a: Iron Treads|Quark Drive|[silent]
|
|upkeep
|
|t:|1781389825
|switch|p2a: Sinistcha|Sinistcha|90/100
|turn|49
|
|t:|1781389827
|move|p2a: Sinistcha|Matcha Gotcha|p1a: Kingambit
|-resisted|p1a: Kingambit
|-crit|p1a: Kingambit
|-damage|p1a: Kingambit|6/100
|-heal|p2a: Sinistcha|100/100|[from] drain|[of] p1a: Kingambit
|move|p1a: Kingambit|Kowtow Cleave|p2a: Sinistcha
|-supereffective|p2a: Sinistcha
|-damage|p2a: Sinistcha|0 fnt
|faint|p2a: Sinistcha
|
|upkeep
|-message|Roseofrosarade forfeited.
|
|win|GreninjaMyFav
|raw|GreninjaMyFav's rating: 1645 &rarr; <strong>1667</strong><br />(+22 for winning)
|raw|Roseofrosarade's rating: 1678 &rarr; <strong>1656</strong><br />(-22 for losing)
|l|☆Roseofrosarade
|player|p2|
