|j|☆brock4real
|j|☆STONE CHAI
|t:|1781557473
|gametype|singles
|player|p1|brock4real|brock|1502
|player|p2|STONE CHAI|2|1549
|gen|9
|tier|[Gen 9] OU
|rated|
|rule|HP Percentage Mod: HP is shown in percentages
|rule|Endless Battle Clause: Forcing endless battles is banned
|rule|Species Clause: Limit one of each Pokémon
|rule|OHKO Clause: OHKO moves are banned
|rule|Evasion Items Clause: Evasion items are banned
|rule|Evasion Moves Clause: Evasion moves are banned
|rule|Evasion Abilities Clause: Evasion abilities are banned
|rule|Sleep Moves Clause: Sleep-inducing moves are banned
|clearpoke
|poke|p1|Garganacl, M|
|poke|p1|Glimmora, M|
|poke|p1|Tyranitar, F|
|poke|p1|Ogerpon-Cornerstone, F|
|poke|p1|Iron Boulder|
|poke|p1|Kleavor, M|
|poke|p2|Dragonite, M|
|poke|p2|Ting-Lu|
|poke|p2|Clefable, F|
|poke|p2|Pecharunt|
|poke|p2|Heatran, M|
|poke|p2|Zamazenta-*|
|teampreview
|
|t:|1781557486
|teamsize|p1|6
|teamsize|p2|6
|start
|switch|p1a: Kleavor|Kleavor, M|100/100
|switch|p2a: Ting-Lu|Ting-Lu|100/100
|-ability|p2a: Ting-Lu|Vessel of Ruin
|turn|1
|inactive|Battle timer is ON: inactive players will automatically lose when time's up. (requested by brock4real)
|
|t:|1781557502
|switch|p2a: Pecharunt|Pecharunt|100/100
|move|p1a: Kleavor|U-turn|p2a: Pecharunt
|-resisted|p2a: Pecharunt
|-damage|p2a: Pecharunt|95/100
|
|t:|1781557508
|switch|p1a: Garganacl|Garganacl, M|100/100|[from] U-turn
|
|upkeep
|turn|2
|
|t:|1781557515
|move|p2a: Pecharunt|Parting Shot|p1a: Garganacl
|-unboost|p1a: Garganacl|atk|1
|-unboost|p1a: Garganacl|spa|1
|
|t:|1781557517
|switch|p2a: Clefable|Clefable, F|100/100|[from] Parting Shot
|move|p1a: Garganacl|Salt Cure|p2a: Clefable
|-damage|p2a: Clefable|94/100
|-start|p2a: Clefable|Salt Cure
|
|-heal|p2a: Clefable|99/100|[from] item: Leftovers
|upkeep
|turn|3
|
|t:|1781557534
|switch|p1a: Glimmora|Glimmora, M|100/100
|move|p2a: Clefable|Knock Off|p1a: Glimmora
|-damage|p1a: Glimmora|81/100
|-activate|p1a: Glimmora|ability: Toxic Debris
|-sidestart|p2: STONE CHAI|move: Toxic Spikes
|-enditem|p1a: Glimmora|Focus Sash|[from] move: Knock Off|[of] p2a: Clefable
|
|-heal|p2a: Clefable|100/100|[from] item: Leftovers
|upkeep
|turn|4
|
|t:|1781557551
|move|p1a: Glimmora|Stealth Rock|p2a: Clefable
|-sidestart|p2: STONE CHAI|move: Stealth Rock
|move|p2a: Clefable|Moonblast|p1a: Glimmora
|-resisted|p1a: Glimmora
|-damage|p1a: Glimmora|59/100
|
|upkeep
|turn|5
|
|t:|1781557557
|move|p1a: Glimmora|Power Gem|p2a: Clefable
|-damage|p2a: Clefable|61/100
|move|p2a: Clefable|Calm Mind|p2a: Clefable
|-boost|p2a: Clefable|spa|1
|-boost|p2a: Clefable|spd|1
|
|-heal|p2a: Clefable|68/100|[from] item: Leftovers
|upkeep
|turn|6
|
|t:|1781557570
|switch|p1a: Kleavor|Kleavor, M|100/100
|move|p2a: Clefable|Moonblast|p1a: Kleavor
|-damage|p1a: Kleavor|26/100
|
|-heal|p2a: Clefable|74/100|[from] item: Leftovers
|upkeep
|turn|7
|
|t:|1781557585
|switch|p2a: Pecharunt|Pecharunt|95/100
|-sideend|p2: STONE CHAI|move: Toxic Spikes|[of] p2a: Pecharunt
|move|p1a: Kleavor|U-turn|p2a: Pecharunt
|-resisted|p2a: Pecharunt
|-damage|p2a: Pecharunt|91/100
|
|t:|1781557597
|switch|p1a: Garganacl|Garganacl, M|100/100|[from] U-turn
|
|upkeep
|turn|8
|
|t:|1781557602
|move|p2a: Pecharunt|Parting Shot|p1a: Garganacl
|-unboost|p1a: Garganacl|atk|1
|-unboost|p1a: Garganacl|spa|1
|
|t:|1781557605
|switch|p2a: Clefable|Clefable, F|74/100|[from] Parting Shot
|move|p1a: Garganacl|Salt Cure|p2a: Clefable
|-damage|p2a: Clefable|66/100
|-start|p2a: Clefable|Salt Cure
|
|-heal|p2a: Clefable|73/100|[from] item: Leftovers
|upkeep
|turn|9
|
|t:|1781557614
|switch|p1a: Iron Boulder|Iron Boulder|100/100
|-enditem|p1a: Iron Boulder|Booster Energy
|-activate|p1a: Iron Boulder|ability: Quark Drive|[fromitem]
|-start|p1a: Iron Boulder|quarkdrivespe
|move|p2a: Clefable|Knock Off|p1a: Iron Boulder
|-supereffective|p1a: Iron Boulder
|-damage|p1a: Iron Boulder|76/100
|
|-heal|p2a: Clefable|79/100|[from] item: Leftovers
|upkeep
|turn|10
|inactive|STONE CHAI has 120 seconds left.
|
|t:|1781557646
|move|p1a: Iron Boulder|Swords Dance|p1a: Iron Boulder
|-boost|p1a: Iron Boulder|atk|2
|move|p2a: Clefable|Moonblast|p1a: Iron Boulder
|-damage|p1a: Iron Boulder|46/100
|-unboost|p1a: Iron Boulder|spa|1
|
|-heal|p2a: Clefable|85/100|[from] item: Leftovers
|upkeep
|turn|11
|inactive|STONE CHAI has 120 seconds left.
|
|t:|1781557674
|switch|p2a: Heatran|Heatran, M|100/100
|-damage|p2a: Heatran|88/100|[from] Stealth Rock
|move|p1a: Iron Boulder|Iron Head|p2a: Heatran
|-resisted|p2a: Heatran
|-damage|p2a: Heatran|77/100
|
|-heal|p2a: Heatran|83/100|[from] item: Leftovers
|upkeep
|turn|12
|
|t:|1781557686
|move|p1a: Iron Boulder|Close Combat|p2a: Heatran
|-supereffective|p2a: Heatran
|-damage|p2a: Heatran|0 fnt
|-unboost|p1a: Iron Boulder|def|1
|-unboost|p1a: Iron Boulder|spd|1
|faint|p2a: Heatran
|
|upkeep
|
|t:|1781557693
|switch|p2a: Dragonite|Dragonite, M|100/100
|turn|13
|
|t:|1781557697
|move|p2a: Dragonite|Extreme Speed|p1a: Iron Boulder
|-resisted|p1a: Iron Boulder
|-damage|p1a: Iron Boulder|16/100
|move|p1a: Iron Boulder|Mighty Cleave|p2a: Dragonite
|-supereffective|p2a: Dragonite
|-damage|p2a: Dragonite|15/100
|
|upkeep
|turn|14
|inactive|STONE CHAI has 120 seconds left.
|
|t:|1781557705
|-end|p1a: Iron Boulder|Quark Drive|[silent]
|switch|p1a: Garganacl|Garganacl, M|100/100
|move|p2a: Dragonite|Extreme Speed|p1a: Garganacl
|-resisted|p1a: Garganacl
|-damage|p1a: Garganacl|91/100
|
|-heal|p1a: Garganacl|97/100|[from] item: Leftovers
|upkeep
|turn|15
|
|t:|1781557711
|switch|p2a: Clefable|Clefable, F|85/100
|move|p1a: Garganacl|Salt Cure|p2a: Clefable
|-damage|p2a: Clefable|75/100
|-start|p2a: Clefable|Salt Cure
|
|-heal|p2a: Clefable|81/100|[from] item: Leftovers
|-heal|p1a: Garganacl|100/100|[from] item: Leftovers
|upkeep
|turn|16
|
|t:|1781557720
|switch|p1a: Tyranitar|Tyranitar, F|100/100
|-weather|Sandstorm|[from] ability: Sand Stream|[of] p1a: Tyranitar
|move|p2a: Clefable|Moonblast|p1a: Tyranitar
|-supereffective|p1a: Tyranitar
|-damage|p1a: Tyranitar|75/100
|-unboost|p1a: Tyranitar|spa|1
|
|-weather|Sandstorm|[upkeep]
|-heal|p2a: Clefable|87/100|[from] item: Leftovers
|upkeep
|turn|17
|
|t:|1781557728
|move|p2a: Clefable|Knock Off|p1a: Tyranitar
|-resisted|p1a: Tyranitar
|-damage|p1a: Tyranitar|69/100
|-enditem|p1a: Tyranitar|Smooth Rock|[from] move: Knock Off|[of] p2a: Clefable
|move|p1a: Tyranitar|Knock Off|p2a: Clefable
|-resisted|p2a: Clefable
|-damage|p2a: Clefable|69/100
|-enditem|p2a: Clefable|Leftovers|[from] move: Knock Off|[of] p1a: Tyranitar
|
|-weather|Sandstorm|[upkeep]
|upkeep
|turn|18
|
|t:|1781557737
|move|p2a: Clefable|Moonlight|p2a: Clefable
|-heal|p2a: Clefable|94/100
|move|p1a: Tyranitar|Fire Punch|p2a: Clefable
|-damage|p2a: Clefable|77/100
|
|-weather|Sandstorm|[upkeep]
|upkeep
|turn|19
|
|t:|1781557742
|move|p2a: Clefable|Calm Mind|p2a: Clefable
|-boost|p2a: Clefable|spa|1
|-boost|p2a: Clefable|spd|1
|move|p1a: Tyranitar|Fire Punch|p2a: Clefable
|-crit|p2a: Clefable
|-damage|p2a: Clefable|51/100
|
|-weather|Sandstorm|[upkeep]
|upkeep
|turn|20
|
|t:|1781557744
|move|p2a: Clefable|Moonlight|p2a: Clefable
|-heal|p2a: Clefable|76/100
|move|p1a: Tyranitar|Fire Punch|p2a: Clefable
|-damage|p2a: Clefable|58/100
|
|-weather|Sandstorm|[upkeep]
|upkeep
|turn|21
|
|t:|1781557749
|move|p2a: Clefable|Moonlight|p2a: Clefable
|-heal|p2a: Clefable|82/100
|move|p1a: Tyranitar|Fire Punch|p2a: Clefable
|-damage|p2a: Clefable|64/100
|
|-weather|Sandstorm|[upkeep]
|upkeep
|turn|22
|
|t:|1781557754
|move|p2a: Clefable|Moonlight|p2a: Clefable
|-heal|p2a: Clefable|89/100
|move|p1a: Tyranitar|Fire Punch|p2a: Clefable
|-damage|p2a: Clefable|72/100
|
|-weather|Sandstorm|[upkeep]
|upkeep
|turn|23
|
|t:|1781557757
|move|p2a: Clefable|Moonblast|p1a: Tyranitar
|-supereffective|p1a: Tyranitar
|-damage|p1a: Tyranitar|29/100
|move|p1a: Tyranitar|Fire Punch|p2a: Clefable
|-damage|p2a: Clefable|56/100
|
|-weather|none
|upkeep
|turn|24
|
|t:|1781557761
|switch|p1a: Glimmora|Glimmora, M|59/100
|move|p2a: Clefable|Moonlight|p2a: Clefable
|-heal|p2a: Clefable|100/100
|
|upkeep
|turn|25
|
|t:|1781557768
|move|p1a: Glimmora|Power Gem|p2a: Clefable
|-damage|p2a: Clefable|74/100
|move|p2a: Clefable|Calm Mind|p2a: Clefable
|-boost|p2a: Clefable|spa|1
|-boost|p2a: Clefable|spd|1
|
|upkeep
|turn|26
|
|t:|1781557779
|move|p1a: Glimmora|Power Gem|p2a: Clefable
|-damage|p2a: Clefable|55/100
|move|p2a: Clefable|Moonblast|p1a: Glimmora
|-resisted|p1a: Glimmora
|-damage|p1a: Glimmora|17/100
|
|upkeep
|turn|27
|
|t:|1781557788
|switch|p1a: Iron Boulder|Iron Boulder|16/100
|move|p2a: Clefable|Moonlight|p2a: Clefable
|-heal|p2a: Clefable|100/100
|
|upkeep
|turn|28
|
|t:|1781557814
|switch|p2a: Pecharunt|Pecharunt|91/100
|move|p1a: Iron Boulder|Iron Head|p2a: Pecharunt
|-damage|p2a: Pecharunt|78/100
|
|upkeep
|turn|29
|
|t:|1781557829
|move|p1a: Iron Boulder|Mighty Cleave|p2a: Pecharunt
|-damage|p2a: Pecharunt|54/100
|move|p2a: Pecharunt|Toxic|p1a: Iron Boulder
|-status|p1a: Iron Boulder|tox
|-start|p1a: Iron Boulder|confusion|[from] ability: Poison Puppeteer|[of] p2a: Pecharunt
|
|-damage|p1a: Iron Boulder|10/100 tox|[from] psn
|upkeep
|turn|30
|
|t:|1781557837
|-activate|p1a: Iron Boulder|confusion
|move|p1a: Iron Boulder|Mighty Cleave|p2a: Pecharunt
|-damage|p2a: Pecharunt|30/100
|move|p2a: Pecharunt|Recover|p2a: Pecharunt
|-heal|p2a: Pecharunt|80/100
|
|-damage|p1a: Iron Boulder|0 fnt|[from] psn
|faint|p1a: Iron Boulder
|-end|p1a: Iron Boulder|Quark Drive|[silent]
|upkeep
|
|t:|1781557848
|switch|p1a: Tyranitar|Tyranitar, F|29/100
|-weather|Sandstorm|[from] ability: Sand Stream|[of] p1a: Tyranitar
|turn|31
|
|t:|1781557859
|switch|p2a: Clefable|Clefable, F|100/100
|move|p1a: Tyranitar|Knock Off|p2a: Clefable
|-resisted|p2a: Clefable
|-damage|p2a: Clefable|89/100
|
|-weather|Sandstorm|[upkeep]
|upkeep
|turn|32
|
|t:|1781557865
|switch|p1a: Ogerpon|Ogerpon-Cornerstone, F|100/100
|move|p2a: Clefable|Calm Mind|p2a: Clefable
|-boost|p2a: Clefable|spa|1
|-boost|p2a: Clefable|spd|1
|
|-weather|Sandstorm|[upkeep]
|upkeep
|turn|33
|
|t:|1781557868
|switch|p2a: Pecharunt|Pecharunt|80/100
|move|p1a: Ogerpon|Swords Dance|p1a: Ogerpon
|-boost|p1a: Ogerpon|atk|2
|
|-weather|Sandstorm|[upkeep]
|-damage|p2a: Pecharunt|74/100|[from] Sandstorm
|upkeep
|turn|34
|
|t:|1781557880
|move|p1a: Ogerpon|Ivy Cudgel|p2a: Pecharunt|[anim] Ivy Cudgel Rock
|-damage|p2a: Pecharunt|16/100
|move|p2a: Pecharunt|Toxic|p1a: Ogerpon
|-status|p1a: Ogerpon|tox
|-start|p1a: Ogerpon|confusion|[from] ability: Poison Puppeteer|[of] p2a: Pecharunt
|
|-weather|Sandstorm|[upkeep]
|-damage|p2a: Pecharunt|10/100|[from] Sandstorm
|-damage|p1a: Ogerpon|95/100 tox|[from] psn
|upkeep
|turn|35
|
|t:|1781557887
|-activate|p1a: Ogerpon|confusion
|move|p1a: Ogerpon|Trailblaze|p2a: Pecharunt
|-resisted|p2a: Pecharunt
|-damage|p2a: Pecharunt|0 fnt
|-boost|p1a: Ogerpon|spe|1
|faint|p2a: Pecharunt
|
|-weather|none
|-damage|p1a: Ogerpon|83/100 tox|[from] psn
|upkeep
|inactive|STONE CHAI has 120 seconds left.
|
|t:|1781557924
|switch|p2a: Ting-Lu|Ting-Lu|100/100
|-damage|p2a: Ting-Lu|94/100|[from] Stealth Rock
|-ability|p2a: Ting-Lu|Vessel of Ruin
|turn|36
|
|t:|1781557927
|-activate|p1a: Ogerpon|confusion
|-damage|p1a: Ogerpon|50/100 tox|[from] confusion
|move|p2a: Ting-Lu|Spikes|p1a: Ogerpon
|-sidestart|p1: brock4real|Spikes
|
|-heal|p2a: Ting-Lu|100/100|[from] item: Leftovers
|-damage|p1a: Ogerpon|32/100 tox|[from] psn
|upkeep
|turn|37
|
|t:|1781557930
|-end|p1a: Ogerpon|confusion
|move|p1a: Ogerpon|Horn Leech|p2a: Ting-Lu
|-supereffective|p2a: Ting-Lu
|-damage|p2a: Ting-Lu|6/100
|-heal|p1a: Ogerpon|100/100 tox|[from] drain|[of] p2a: Ting-Lu
|move|p2a: Ting-Lu|Earthquake|p1a: Ogerpon
|-damage|p1a: Ogerpon|50/100 tox
|
|-heal|p2a: Ting-Lu|12/100|[from] item: Leftovers
|-damage|p1a: Ogerpon|26/100 tox|[from] psn
|upkeep
|turn|38
|
|t:|1781557939
|move|p1a: Ogerpon|Horn Leech|p2a: Ting-Lu
|-supereffective|p2a: Ting-Lu
|-damage|p2a: Ting-Lu|0 fnt
|-heal|p1a: Ogerpon|36/100 tox|[from] drain|[of] p2a: Ting-Lu
|faint|p2a: Ting-Lu
|
|-damage|p1a: Ogerpon|6/100 tox|[from] psn
|upkeep
|
|t:|1781557943
|switch|p2a: Dragonite|Dragonite, M|15/100
|turn|39
|
|t:|1781557946
|move|p2a: Dragonite|Extreme Speed|p1a: Ogerpon
|-resisted|p1a: Ogerpon
|-damage|p1a: Ogerpon|0 fnt
|faint|p1a: Ogerpon
|
|upkeep
|
|t:|1781557956
|switch|p1a: Tyranitar|Tyranitar, F|29/100
|-damage|p1a: Tyranitar|16/100|[from] Spikes
|-weather|Sandstorm|[from] ability: Sand Stream|[of] p1a: Tyranitar
|turn|40
|inactive|STONE CHAI has 120 seconds left.
|
|t:|1781558007
|-terastallize|p2a: Dragonite|Normal
|move|p2a: Dragonite|Extreme Speed|p1a: Tyranitar
|-resisted|p1a: Tyranitar
|-damage|p1a: Tyranitar|0 fnt
|faint|p1a: Tyranitar
|
|-weather|Sandstorm|[upkeep]
|-damage|p2a: Dragonite|9/100|[from] Sandstorm
|upkeep
|
|t:|1781558019
|switch|p1a: Glimmora|Glimmora, M|17/100
|-damage|p1a: Glimmora|5/100|[from] Spikes
|turn|41
|
|t:|1781558022
|move|p2a: Dragonite|Extreme Speed|p1a: Glimmora
|-resisted|p1a: Glimmora
|-damage|p1a: Glimmora|0 fnt
|-activate|p1a: Glimmora|ability: Toxic Debris
|-sidestart|p2: STONE CHAI|move: Toxic Spikes
|faint|p1a: Glimmora
|
|-weather|Sandstorm|[upkeep]
|-damage|p2a: Dragonite|2/100|[from] Sandstorm
|upkeep
|
|t:|1781558025
|switch|p1a: Garganacl|Garganacl, M|100/100
|-damage|p1a: Garganacl|88/100|[from] Spikes
|turn|42
|
|t:|1781558035
|switch|p2a: Clefable|Clefable, F|89/100
|-status|p2a: Clefable|psn
|move|p1a: Garganacl|Iron Defense|p1a: Garganacl
|-boost|p1a: Garganacl|def|2
|
|-weather|Sandstorm|[upkeep]
|-heal|p1a: Garganacl|94/100|[from] item: Leftovers
|upkeep
|turn|43
|
|t:|1781558040
|move|p2a: Clefable|Calm Mind|p2a: Clefable
|-boost|p2a: Clefable|spa|1
|-boost|p2a: Clefable|spd|1
|move|p1a: Garganacl|Iron Defense|p1a: Garganacl
|-boost|p1a: Garganacl|def|2
|
|-weather|Sandstorm|[upkeep]
|-heal|p1a: Garganacl|100/100|[from] item: Leftovers
|upkeep
|turn|44
|
|t:|1781558049
|move|p2a: Clefable|Calm Mind|p2a: Clefable
|-boost|p2a: Clefable|spa|1
|-boost|p2a: Clefable|spd|1
|move|p1a: Garganacl|Body Press|p2a: Clefable
|-resisted|p2a: Clefable
|-damage|p2a: Clefable|61/100 psn
|
|-weather|none
|upkeep
|turn|45
|
|t:|1781558057
|move|p2a: Clefable|Calm Mind|p2a: Clefable
|-boost|p2a: Clefable|spa|1
|-boost|p2a: Clefable|spd|1
|move|p1a: Garganacl|Iron Defense|p1a: Garganacl
|-boost|p1a: Garganacl|def|2
|
|upkeep
|turn|46
|
|t:|1781558061
|move|p2a: Clefable|Calm Mind|p2a: Clefable
|-boost|p2a: Clefable|spa|1
|-boost|p2a: Clefable|spd|1
|move|p1a: Garganacl|Body Press|p2a: Clefable
|-resisted|p2a: Clefable
|-damage|p2a: Clefable|21/100 psn
|
|upkeep
|turn|47
|
|t:|1781558080
|switch|p1a: Kleavor|Kleavor, M|26/100
|-damage|p1a: Kleavor|13/100|[from] Spikes
|move|p2a: Clefable|Moonlight|p2a: Clefable
|-heal|p2a: Clefable|71/100 psn
|
|upkeep
|turn|48
|inactive|STONE CHAI has 120 seconds left.
|
|t:|1781558124
|switch|p2a: Dragonite|Dragonite, M, tera:Normal|2/100
|move|p1a: Kleavor|Stone Axe|p2a: Dragonite
|-damage|p2a: Dragonite|0 fnt
|faint|p2a: Dragonite
|
|upkeep
|
|t:|1781558134
|switch|p2a: Zamazenta|Zamazenta|100/100
|-ability|p2a: Zamazenta|Dauntless Shield|boost
|-boost|p2a: Zamazenta|def|1
|turn|49
|
|t:|1781558144
|move|p2a: Zamazenta|Crunch|p1a: Kleavor
|-damage|p1a: Kleavor|0 fnt
|faint|p1a: Kleavor
|
|upkeep
|
|t:|1781558147
|switch|p1a: Garganacl|Garganacl, M|100/100
|-damage|p1a: Garganacl|88/100|[from] Spikes
|turn|50
|
|t:|1781558150
|-terastallize|p1a: Garganacl|Ghost
|move|p2a: Zamazenta|Close Combat|p1a: Garganacl
|-immune|p1a: Garganacl
|move|p1a: Garganacl|Iron Defense|p1a: Garganacl
|-boost|p1a: Garganacl|def|2
|
|-heal|p1a: Garganacl|94/100|[from] item: Leftovers
|upkeep
|turn|51
|
|t:|1781558155
|move|p2a: Zamazenta|Crunch|p1a: Garganacl
|-supereffective|p1a: Garganacl
|-damage|p1a: Garganacl|78/100
|move|p1a: Garganacl|Iron Defense|p1a: Garganacl
|-boost|p1a: Garganacl|def|2
|
|-heal|p1a: Garganacl|84/100|[from] item: Leftovers
|upkeep
|turn|52
|
|t:|1781558159
|move|p2a: Zamazenta|Crunch|p1a: Garganacl
|-supereffective|p1a: Garganacl
|-damage|p1a: Garganacl|73/100
|move|p1a: Garganacl|Salt Cure|p2a: Zamazenta
|-resisted|p2a: Zamazenta
|-damage|p2a: Zamazenta|96/100
|-start|p2a: Zamazenta|Salt Cure
|
|-heal|p1a: Garganacl|79/100|[from] item: Leftovers
|-damage|p2a: Zamazenta|84/100|[from] Salt Cure
|upkeep
|turn|53
|
|t:|1781558161
|move|p2a: Zamazenta|Crunch|p1a: Garganacl
|-supereffective|p1a: Garganacl
|-damage|p1a: Garganacl|68/100
|move|p1a: Garganacl|Iron Defense|p1a: Garganacl
|-boost|p1a: Garganacl|def|2
|
|-heal|p1a: Garganacl|74/100|[from] item: Leftovers
|-damage|p2a: Zamazenta|71/100|[from] Salt Cure
|upkeep
|turn|54
|
|t:|1781558163
|move|p2a: Zamazenta|Crunch|p1a: Garganacl
|-supereffective|p1a: Garganacl
|-damage|p1a: Garganacl|65/100
|move|p1a: Garganacl|Recover|p1a: Garganacl
|-heal|p1a: Garganacl|100/100
|
|-damage|p2a: Zamazenta|59/100|[from] Salt Cure
|upkeep
|turn|55
|
|t:|1781558166
|move|p2a: Zamazenta|Crunch|p1a: Garganacl
|-supereffective|p1a: Garganacl
|-damage|p1a: Garganacl|92/100
|move|p1a: Garganacl|Body Press|p2a: Zamazenta
|-crit|p2a: Zamazenta
|-damage|p2a: Zamazenta|0 fnt
|faint|p2a: Zamazenta
|
|-heal|p1a: Garganacl|98/100|[from] item: Leftovers
|upkeep
|
|t:|1781558170
|switch|p2a: Clefable|Clefable, F|71/100 psn
|turn|56
|
|t:|1781558180
|move|p2a: Clefable|Calm Mind|p2a: Clefable
|-boost|p2a: Clefable|spa|1
|-boost|p2a: Clefable|spd|1
|move|p1a: Garganacl|Body Press|p2a: Clefable
|-resisted|p2a: Clefable
|-damage|p2a: Clefable|33/100 psn
|
|-heal|p1a: Garganacl|100/100|[from] item: Leftovers
|upkeep
|turn|57
|
|t:|1781558183
|move|p2a: Clefable|Moonlight|p2a: Clefable
|-heal|p2a: Clefable|83/100 psn
|move|p1a: Garganacl|Body Press|p2a: Clefable
|-resisted|p2a: Clefable
|-damage|p2a: Clefable|46/100 psn
|
|upkeep
|turn|58
|
|t:|1781558187
|move|p2a: Clefable|Moonblast|p1a: Garganacl
|-damage|p1a: Garganacl|66/100
|move|p1a: Garganacl|Body Press|p2a: Clefable
|-resisted|p2a: Clefable
|-damage|p2a: Clefable|7/100 psn
|
|-heal|p1a: Garganacl|73/100|[from] item: Leftovers
|upkeep
|turn|59
|
|t:|1781558190
|move|p2a: Clefable|Moonblast|p1a: Garganacl
|-damage|p1a: Garganacl|40/100
|move|p1a: Garganacl|Body Press|p2a: Clefable
|-resisted|p2a: Clefable
|-damage|p2a: Clefable|0 fnt
|faint|p2a: Clefable
|
|win|brock4real
|raw|brock4real's rating: 1502 &rarr; <strong>1525</strong><br />(+23 for winning)
|raw|STONE CHAI's rating: 1549 &rarr; <strong>1526</strong><br />(-23 for losing)
|l|☆STONE CHAI
|player|p2|
|c|☆brock4real|Gg
|l|☆brock4real
|player|p1|
