|j|☆volcaronaisboss
|j|☆waha8
|t:|1781023579
|gametype|singles
|player|p1|volcaronaisboss|burglar-gen3|1536
|player|p2|waha8|102|1613
|gen|9
|tier|[Gen 9] OU
|rated|
|rule|HP Percentage Mod: HP is shown in percentages
|rule|Endless Battle Clause: Forcing endless battles is banned
|rule|Species Clause: Limit one of each Pokémon
|rule|OHKO Clause: OHKO moves are banned
|rule|Evasion Items Clause: Evasion items are banned
|rule|Evasion Moves Clause: Evasion moves are banned
|rule|Evasion Abilities Clause: Evasion abilities are banned
|rule|Sleep Moves Clause: Sleep-inducing moves are banned
|clearpoke
|poke|p1|Comfey, M|
|poke|p1|Whimsicott, F|
|poke|p1|Iron Moth|
|poke|p1|Walking Wake|
|poke|p1|Great Tusk|
|poke|p1|Ninetales, M|
|poke|p2|Slowking-Galar, M|
|poke|p2|Indeedee, M|
|poke|p2|Cinderace, M|
|poke|p2|Ninetales-Alola, F|
|poke|p2|Cetitan, F|
|poke|p2|Kyurem|
|teampreview
|inactive|Battle timer is ON: inactive players will automatically lose when time's up. (requested by volcaronaisboss)
|
|t:|1781023590
|teamsize|p1|6
|teamsize|p2|6
|start
|switch|p1a: Walking Wake|Walking Wake|100/100
|switch|p2a: DeeDee|Indeedee, M|100/100
|-fieldstart|move: Psychic Terrain|[from] ability: Psychic Surge|[of] p2a: DeeDee
|turn|1
|
|t:|1781023597
|move|p1a: Walking Wake|Knock Off|p2a: DeeDee
|-supereffective|p2a: DeeDee
|-damage|p2a: DeeDee|34/100
|-enditem|p2a: DeeDee|Terrain Extender|[from] move: Knock Off|[of] p1a: Walking Wake
|move|p2a: DeeDee|Expanding Force|p1a: Walking Wake
|-damage|p1a: Walking Wake|53/100
|
|upkeep
|turn|2
|
|t:|1781023606
|switch|p2a: ReverseUNO|Cinderace, M|100/100
|move|p1a: Walking Wake|Hydro Steam|p2a: ReverseUNO
|-supereffective|p2a: ReverseUNO
|-damage|p2a: ReverseUNO|0 fnt
|faint|p2a: ReverseUNO
|
|upkeep
|
|t:|1781023613
|switch|p2a: SageOfSixPaths|Slowking-Galar, M|100/100
|turn|3
|
|t:|1781023615
|move|p1a: Walking Wake|Knock Off|p2a: SageOfSixPaths
|-supereffective|p2a: SageOfSixPaths
|-damage|p2a: SageOfSixPaths|65/100
|-enditem|p2a: SageOfSixPaths|Life Orb|[from] move: Knock Off|[of] p1a: Walking Wake
|move|p2a: SageOfSixPaths|Trick Room|p2a: SageOfSixPaths
|-fieldstart|move: Trick Room|[of] p2a: SageOfSixPaths
|
|upkeep
|turn|4
|
|t:|1781023623
|move|p2a: SageOfSixPaths|Expanding Force|p1a: Walking Wake
|-damage|p1a: Walking Wake|1/100
|move|p1a: Walking Wake|Draco Meteor|p2a: SageOfSixPaths
|-damage|p2a: SageOfSixPaths|20/100
|-unboost|p1a: Walking Wake|spa|2
|
|upkeep
|turn|5
|
|t:|1781023629
|move|p2a: SageOfSixPaths|Expanding Force|p1a: Walking Wake
|-damage|p1a: Walking Wake|0 fnt
|faint|p1a: Walking Wake
|-end|p1a: Walking Wake|Protosynthesis|[silent]
|
|upkeep
|
|t:|1781023631
|switch|p1a: Ninetales|Ninetales, M|100/100
|-weather|SunnyDay|[from] ability: Drought|[of] p1a: Ninetales
|turn|6
|
|t:|1781023635
|switch|p1a: Great Tusk|Great Tusk|100/100
|-activate|p1a: Great Tusk|ability: Protosynthesis
|-start|p1a: Great Tusk|protosynthesisspe
|-terastallize|p2a: SageOfSixPaths|Psychic
|move|p2a: SageOfSixPaths|Expanding Force|p1a: Great Tusk
|-supereffective|p1a: Great Tusk
|-damage|p1a: Great Tusk|0 fnt
|faint|p1a: Great Tusk
|-end|p1a: Great Tusk|Protosynthesis|[silent]
|
|-weather|SunnyDay|[upkeep]
|upkeep
|
|t:|1781023641
|switch|p1a: Comfey|Comfey, M|100/100
|turn|7
|
|t:|1781023647
|move|p2a: SageOfSixPaths|Expanding Force|p1a: Comfey
|-damage|p1a: Comfey|0 fnt
|faint|p1a: Comfey
|
|-weather|SunnyDay|[upkeep]
|-fieldend|move: Trick Room
|upkeep
|
|t:|1781023653
|switch|p1a: Iron Moth|Iron Moth|100/100
|-enditem|p1a: Iron Moth|Booster Energy
|-activate|p1a: Iron Moth|ability: Quark Drive|[fromitem]
|-start|p1a: Iron Moth|quarkdrivespa
|turn|8
|
|t:|1781023667
|switch|p2a: Mavis|Ninetales-Alola, F|100/100
|-weather|Snowscape|[from] ability: Snow Warning|[of] p2a: Mavis
|move|p1a: Iron Moth|Fiery Dance|p2a: Mavis
|-supereffective|p2a: Mavis
|-damage|p2a: Mavis|0 fnt
|-boost|p1a: Iron Moth|spa|1
|faint|p2a: Mavis
|
|-weather|Snowscape|[upkeep]
|-fieldend|move: Psychic Terrain
|upkeep
|
|t:|1781023683
|switch|p2a: SageOfSixPaths|Slowking-Galar, M, tera:Psychic|53/100
|turn|9
|
|t:|1781023687
|switch|p2a: DeeDee|Indeedee, M|34/100
|-fieldstart|move: Psychic Terrain|[from] ability: Psychic Surge|[of] p2a: DeeDee
|move|p1a: Iron Moth|Fiery Dance|p2a: DeeDee
|-damage|p2a: DeeDee|0 fnt
|-boost|p1a: Iron Moth|spa|1
|faint|p2a: DeeDee
|
|-weather|Snowscape|[upkeep]
|upkeep
|
|t:|1781023695
|switch|p2a: Thing|Cetitan, F|100/100
|turn|10
|
|t:|1781023699
|move|p2a: Thing|Earthquake|p1a: Iron Moth
|-supereffective|p1a: Iron Moth
|-crit|p1a: Iron Moth
|-damage|p1a: Iron Moth|0 fnt
|faint|p1a: Iron Moth
|-end|p1a: Iron Moth|Quark Drive|[silent]
|
|-weather|Snowscape|[upkeep]
|upkeep
|
|t:|1781023701
|switch|p1a: Ninetales|Ninetales, M|100/100
|-weather|SunnyDay|[from] ability: Drought|[of] p1a: Ninetales
|turn|11
|
|t:|1781023711
|move|p1a: Ninetales|Healing Wish|p1a: Ninetales
|faint|p1a: Ninetales
|move|p2a: Thing|Icicle Spear|p1: Ninetales|[notarget]
|-fail|p2a: Thing
|
|-weather|SunnyDay|[upkeep]
|upkeep
|
|t:|1781023713
|switch|p1a: Whimsicott|Whimsicott, F|100/100
|turn|12
|
|t:|1781023722
|-terastallize|p1a: Whimsicott|Ghost
|move|p1a: Whimsicott|Growth|p1a: Whimsicott
|-boost|p1a: Whimsicott|atk|2
|-boost|p1a: Whimsicott|spa|2
|move|p2a: Thing|Earthquake|p1a: Whimsicott
|-damage|p1a: Whimsicott|55/100
|
|-weather|SunnyDay|[upkeep]
|upkeep
|turn|13
|
|t:|1781023729
|move|p1a: Whimsicott|Moonblast|p2a: Thing
|-damage|p2a: Thing|0 fnt
|faint|p2a: Thing
|-damage|p1a: Whimsicott|45/100|[from] item: Life Orb
|
|-weather|SunnyDay|[upkeep]
|-fieldend|move: Psychic Terrain
|upkeep
|
|t:|1781023735
|switch|p2a: SageOfSixPaths|Slowking-Galar, M, tera:Psychic|86/100
|turn|14
|
|t:|1781023737
|move|p1a: Whimsicott|Shadow Ball|p2a: SageOfSixPaths
|-supereffective|p2a: SageOfSixPaths
|-damage|p2a: SageOfSixPaths|0 fnt
|faint|p2a: SageOfSixPaths
|-damage|p1a: Whimsicott|36/100|[from] item: Life Orb
|
|-weather|SunnyDay|[upkeep]
|upkeep
|
|t:|1781023743
|switch|p2a: SubZero|Kyurem|100/100
|-ability|p2a: SubZero|Pressure
|turn|15
|c|☆waha8|gg
|
|t:|1781023747
|move|p1a: Whimsicott|Moonblast|p2a: SubZero
|-supereffective|p2a: SubZero
|-damage|p2a: SubZero|0 fnt
|faint|p2a: SubZero
|-damage|p1a: Whimsicott|26/100|[from] item: Life Orb
|
|win|volcaronaisboss
|raw|volcaronaisboss's rating: 1536 &rarr; <strong>1560</strong><br />(+24 for winning)
|raw|waha8's rating: 1613 &rarr; <strong>1589</strong><br />(-24 for losing)
|c|☆volcaronaisboss|gg
|l|☆waha8
|player|p2|
|l|☆volcaronaisboss
|player|p1|
