|j|☆STONE CHAI
|j|☆The median voter
|t:|1781189739
|gametype|singles
|player|p1|STONE CHAI|1|1648
|player|p2|The median voter|scientist-gen4dp|1627
|gen|9
|tier|[Gen 9] OU
|rated|
|rule|HP Percentage Mod: HP is shown in percentages
|rule|Endless Battle Clause: Forcing endless battles is banned
|rule|Species Clause: Limit one of each Pokémon
|rule|OHKO Clause: OHKO moves are banned
|rule|Evasion Items Clause: Evasion items are banned
|rule|Evasion Moves Clause: Evasion moves are banned
|rule|Evasion Abilities Clause: Evasion abilities are banned
|rule|Sleep Moves Clause: Sleep-inducing moves are banned
|clearpoke
|poke|p1|Moltres|
|poke|p1|Sinistcha|
|poke|p1|Ting-Lu|
|poke|p1|Gholdengo|
|poke|p1|Zamazenta-*|
|poke|p1|Clefable, M|
|poke|p2|Zapdos|
|poke|p2|Great Tusk|
|poke|p2|Hoopa-Unbound|
|poke|p2|Alomomola, F|
|poke|p2|Iron Valiant|
|poke|p2|Rillaboom, M|
|teampreview
|j| newhere1310
|
|t:|1781189760
|teamsize|p1|6
|teamsize|p2|6
|start
|switch|p1a: Clefable|Clefable, M|100/100
|switch|p2a: The End of All|Hoopa-Unbound|100/100
|turn|1
|
|t:|1781189766
|move|p2a: The End of All|Psychic Noise|p1a: Clefable
|-damage|p1a: Clefable|58/100
|-start|p1a: Clefable|move: Heal Block
|move|p1a: Clefable|Thunder Wave|p2a: The End of All|[miss]
|-miss|p1a: Clefable|p2a: The End of All
|
|upkeep
|turn|2
|
|t:|1781189776
|move|p2a: The End of All|Psychic Noise|p1a: Clefable
|-damage|p1a: Clefable|14/100
|move|p1a: Clefable|Thunder Wave|p2a: The End of All
|-status|p2a: The End of All|par
|
|-end|p1a: Clefable|move: Heal Block
|upkeep
|turn|3
|
|t:|1781189783
|move|p1a: Clefable|Moonlight|p1a: Clefable
|-heal|p1a: Clefable|64/100
|move|p2a: The End of All|Psychic Noise|p1a: Clefable
|-damage|p1a: Clefable|16/100
|-start|p1a: Clefable|move: Heal Block
|
|upkeep
|turn|4
|
|t:|1781189791
|switch|p1a: Ting-Lu|Ting-Lu|100/100
|-ability|p1a: Ting-Lu|Vessel of Ruin
|move|p2a: The End of All|Hyperspace Fury|p1a: Ting-Lu
|-resisted|p1a: Ting-Lu
|-damage|p1a: Ting-Lu|86/100
|-unboost|p2a: The End of All|def|1
|
|-heal|p1a: Ting-Lu|92/100|[from] item: Leftovers
|upkeep
|turn|5
|
|t:|1781189799
|switch|p2a: Zealot|Rillaboom, M|100/100
|-fieldstart|move: Grassy Terrain|[from] ability: Grassy Surge|[of] p2a: Zealot
|move|p1a: Ting-Lu|Ruination|p2a: Zealot
|-damage|p2a: Zealot|50/100
|
|-heal|p2a: Zealot|57/100|[from] Grassy Terrain
|-heal|p1a: Ting-Lu|98/100|[from] Grassy Terrain
|-heal|p1a: Ting-Lu|100/100|[from] item: Leftovers
|upkeep
|turn|6
|
|t:|1781189807
|switch|p1a: Moltres|Moltres|100/100
|move|p2a: Zealot|Knock Off|p1a: Moltres
|-damage|p1a: Moltres|55/100
|-status|p2a: Zealot|brn|[from] ability: Flame Body|[of] p1a: Moltres
|-enditem|p1a: Moltres|Heavy-Duty Boots|[from] move: Knock Off|[of] p2a: Zealot
|
|-heal|p2a: Zealot|63/100 brn|[from] Grassy Terrain
|-damage|p2a: Zealot|57/100 brn|[from] brn
|upkeep
|turn|7
|
|t:|1781189812
|switch|p2a: Preacher|Zapdos|100/100
|move|p1a: Moltres|Roost|p1a: Moltres
|-heal|p1a: Moltres|100/100
|-singleturn|p1a: Moltres|move: Roost
|
|upkeep
|turn|8
|
|t:|1781189814
|switch|p1a: Ting-Lu|Ting-Lu|100/100
|-ability|p1a: Ting-Lu|Vessel of Ruin
|move|p2a: Preacher|U-turn|p1a: Ting-Lu
|-supereffective|p1a: Ting-Lu
|-damage|p1a: Ting-Lu|85/100
|
|t:|1781189816
|switch|p2a: Templar|Great Tusk|100/100|[from] U-turn
|
|-heal|p1a: Ting-Lu|91/100|[from] Grassy Terrain
|-heal|p1a: Ting-Lu|97/100|[from] item: Leftovers
|upkeep
|turn|9
|
|t:|1781189820
|switch|p1a: Moltres|Moltres|100/100
|move|p2a: Templar|Stealth Rock|p1a: Moltres
|-sidestart|p1: STONE CHAI|move: Stealth Rock
|
|-fieldend|move: Grassy Terrain
|upkeep
|turn|10
|
|t:|1781189825
|-end|p2a: Templar|Protosynthesis|[silent]
|switch|p2a: Preacher|Zapdos|100/100
|move|p1a: Moltres|Will-O-Wisp|p2a: Preacher
|-status|p2a: Preacher|brn
|
|-damage|p2a: Preacher|94/100 brn|[from] brn
|upkeep
|turn|11
|
|t:|1781189828
|switch|p1a: Ting-Lu|Ting-Lu|97/100
|-damage|p1a: Ting-Lu|91/100|[from] Stealth Rock
|-ability|p1a: Ting-Lu|Vessel of Ruin
|move|p2a: Preacher|Discharge|p1a: Ting-Lu
|-immune|p1a: Ting-Lu
|
|-heal|p1a: Ting-Lu|97/100|[from] item: Leftovers
|-damage|p2a: Preacher|88/100 brn|[from] brn
|upkeep
|turn|12
|
|t:|1781189831
|move|p2a: Preacher|U-turn|p1a: Ting-Lu
|-supereffective|p1a: Ting-Lu
|-damage|p1a: Ting-Lu|89/100
|
|t:|1781189833
|switch|p2a: Zealot|Rillaboom, M|57/100 brn|[from] U-turn
|-fieldstart|move: Grassy Terrain|[from] ability: Grassy Surge|[of] p2a: Zealot
|move|p1a: Ting-Lu|Stealth Rock|p2a: Zealot
|-sidestart|p2: The median voter|move: Stealth Rock
|
|-heal|p2a: Zealot|63/100 brn|[from] Grassy Terrain
|-heal|p1a: Ting-Lu|95/100|[from] Grassy Terrain
|-heal|p1a: Ting-Lu|100/100|[from] item: Leftovers
|-damage|p2a: Zealot|57/100 brn|[from] brn
|upkeep
|turn|13
|
|t:|1781189839
|move|p2a: Zealot|Wood Hammer|p1a: Ting-Lu
|-supereffective|p1a: Ting-Lu
|-damage|p1a: Ting-Lu|33/100
|-damage|p2a: Zealot|27/100 brn|[from] Recoil
|move|p1a: Ting-Lu|Spikes|p2a: Zealot
|-sidestart|p2: The median voter|Spikes
|
|-heal|p2a: Zealot|33/100 brn|[from] Grassy Terrain
|-heal|p1a: Ting-Lu|39/100|[from] Grassy Terrain
|-heal|p1a: Ting-Lu|45/100|[from] item: Leftovers
|-damage|p2a: Zealot|27/100 brn|[from] brn
|upkeep
|turn|14
|
|t:|1781189849
|switch|p2a: Preacher|Zapdos|88/100 brn
|switch|p1a: Moltres|Moltres|100/100
|-damage|p1a: Moltres|51/100|[from] Stealth Rock
|
|-damage|p2a: Preacher|82/100 brn|[from] brn
|upkeep
|turn|15
|
|t:|1781189852
|switch|p1a: Ting-Lu|Ting-Lu|45/100
|-damage|p1a: Ting-Lu|39/100|[from] Stealth Rock
|-ability|p1a: Ting-Lu|Vessel of Ruin
|move|p2a: Preacher|Discharge|p1a: Ting-Lu
|-immune|p1a: Ting-Lu
|
|-heal|p1a: Ting-Lu|45/100|[from] Grassy Terrain
|-heal|p1a: Ting-Lu|51/100|[from] item: Leftovers
|-damage|p2a: Preacher|76/100 brn|[from] brn
|upkeep
|turn|16
|
|t:|1781189870
|move|p2a: Preacher|U-turn|p1a: Ting-Lu
|-supereffective|p1a: Ting-Lu
|-damage|p1a: Ting-Lu|44/100
|
|t:|1781189872
|switch|p2a: Templar|Great Tusk|100/100|[from] U-turn
|move|p1a: Ting-Lu|Ruination|p2a: Templar
|-damage|p2a: Templar|51/100
|
|-heal|p2a: Templar|57/100|[from] Grassy Terrain
|-heal|p1a: Ting-Lu|50/100|[from] Grassy Terrain
|-heal|p1a: Ting-Lu|57/100|[from] item: Leftovers
|-fieldend|move: Grassy Terrain
|upkeep
|turn|17
|
|t:|1781189879
|switch|p1a: Moltres|Moltres|51/100
|-damage|p1a: Moltres|1/100|[from] Stealth Rock
|move|p2a: Templar|Headlong Rush|p1a: Moltres
|-immune|p1a: Moltres
|
|upkeep
|turn|18
|
|t:|1781189902
|move|p2a: Templar|Rapid Spin|p1a: Moltres
|-damage|p1a: Moltres|0 fnt
|-boost|p2a: Templar|spe|1
|-sideend|p2: The median voter|Spikes|[from] move: Rapid Spin|[of] p2a: Templar
|-sideend|p2: The median voter|Stealth Rock|[from] move: Rapid Spin|[of] p2a: Templar
|faint|p1a: Moltres
|
|upkeep
|l|☆The median voter
|player|p2|
|
|t:|1781189910
|switch|p1a: Sinistcha|Sinistcha|100/100
|turn|19
|j|☆The median voter
|player|p2|The median voter|scientist-gen4dp|
|
|t:|1781189916
|-end|p2a: Templar|Protosynthesis|[silent]
|switch|p2a: The End of All|Hoopa-Unbound|100/100 par
|move|p1a: Sinistcha|Calm Mind|p1a: Sinistcha
|-boost|p1a: Sinistcha|spa|1
|-boost|p1a: Sinistcha|spd|1
|
|upkeep
|turn|20
|l|☆The median voter
|player|p2|
|
|t:|1781189939
|-terastallize|p1a: Sinistcha|Poison
|move|p1a: Sinistcha|Strength Sap|p2a: The End of All
|-unboost|p2a: The End of All|atk|1
|cant|p2a: The End of All|par
|
|upkeep
|turn|21
|j|☆The median voter
|player|p2|The median voter|scientist-gen4dp|
|
|t:|1781189953
|move|p1a: Sinistcha|Shadow Ball|p2a: The End of All
|-damage|p2a: The End of All|77/100 par
|move|p2a: The End of All|Psychic Noise|p1a: Sinistcha
|-supereffective|p1a: Sinistcha
|-damage|p1a: Sinistcha|20/100
|-start|p1a: Sinistcha|move: Heal Block
|
|upkeep
|turn|22
|
|t:|1781189964
|switch|p1a: Ting-Lu|Ting-Lu|57/100
|-damage|p1a: Ting-Lu|50/100|[from] Stealth Rock
|-ability|p1a: Ting-Lu|Vessel of Ruin
|move|p2a: The End of All|Psychic Noise|p1a: Ting-Lu
|-immune|p1a: Ting-Lu
|
|-heal|p1a: Ting-Lu|57/100|[from] item: Leftovers
|upkeep
|turn|23
|
|t:|1781189974
|switch|p2a: Zealot|Rillaboom, M|27/100 brn
|-fieldstart|move: Grassy Terrain|[from] ability: Grassy Surge|[of] p2a: Zealot
|move|p1a: Ting-Lu|Earthquake|p2a: Zealot
|-resisted|p2a: Zealot
|-damage|p2a: Zealot|18/100 brn
|
|-heal|p2a: Zealot|25/100 brn|[from] Grassy Terrain
|-heal|p1a: Ting-Lu|63/100|[from] Grassy Terrain
|-heal|p1a: Ting-Lu|69/100|[from] item: Leftovers
|-damage|p2a: Zealot|18/100 brn|[from] brn
|upkeep
|turn|24
|
|t:|1781189982
|switch|p1a: Sinistcha|Sinistcha, tera:Poison|20/100
|move|p2a: Zealot|Wood Hammer|p1a: Sinistcha
|-resisted|p1a: Sinistcha
|-damage|p1a: Sinistcha|0 fnt
|faint|p1a: Sinistcha
|-damage|p2a: Zealot|13/100 brn|[from] Recoil
|
|-heal|p2a: Zealot|19/100 brn|[from] Grassy Terrain
|-damage|p2a: Zealot|13/100 brn|[from] brn
|upkeep
|l| newhere1310
|
|t:|1781190000
|switch|p1a: Gholdengo|Gholdengo|100/100
|-damage|p1a: Gholdengo|94/100|[from] Stealth Rock
|turn|25
|
|t:|1781190004
|move|p1a: Gholdengo|Shadow Ball|p2a: Zealot
|-damage|p2a: Zealot|0 fnt
|faint|p2a: Zealot
|
|-heal|p1a: Gholdengo|100/100|[from] Grassy Terrain
|upkeep
|
|t:|1781190012
|switch|p2a: The End of All|Hoopa-Unbound|77/100 par
|turn|26
|
|t:|1781190015
|switch|p1a: Ting-Lu|Ting-Lu|69/100
|-damage|p1a: Ting-Lu|63/100|[from] Stealth Rock
|-ability|p1a: Ting-Lu|Vessel of Ruin
|cant|p2a: The End of All|par
|
|-heal|p1a: Ting-Lu|69/100|[from] Grassy Terrain
|-heal|p1a: Ting-Lu|75/100|[from] item: Leftovers
|-heal|p2a: The End of All|83/100 par|[from] Grassy Terrain
|upkeep
|turn|27
|
|t:|1781190026
|move|p1a: Ting-Lu|Ruination|p2a: The End of All
|-damage|p2a: The End of All|42/100 par
|move|p2a: The End of All|Drain Punch|p1a: Ting-Lu
|-supereffective|p1a: Ting-Lu
|-damage|p1a: Ting-Lu|45/100
|-heal|p2a: The End of All|63/100 par|[from] drain|[of] p1a: Ting-Lu
|
|-heal|p1a: Ting-Lu|51/100|[from] Grassy Terrain
|-heal|p1a: Ting-Lu|58/100|[from] item: Leftovers
|-heal|p2a: The End of All|69/100 par|[from] Grassy Terrain
|-fieldend|move: Grassy Terrain
|upkeep
|turn|28
|
|t:|1781190034
|move|p1a: Ting-Lu|Earthquake|p2a: The End of All
|-damage|p2a: The End of All|17/100 par
|move|p2a: The End of All|Drain Punch|p1a: Ting-Lu
|-supereffective|p1a: Ting-Lu
|-damage|p1a: Ting-Lu|27/100
|-heal|p2a: The End of All|39/100 par|[from] drain|[of] p1a: Ting-Lu
|
|-heal|p1a: Ting-Lu|33/100|[from] item: Leftovers
|upkeep
|turn|29
|
|t:|1781190041
|move|p1a: Ting-Lu|Earthquake|p2a: The End of All
|-damage|p2a: The End of All|0 fnt
|faint|p2a: The End of All
|
|-heal|p1a: Ting-Lu|39/100|[from] item: Leftovers
|upkeep
|
|t:|1781190048
|switch|p2a: Holy Envoy|Alomomola, F|100/100
|turn|30
|
|t:|1781190053
|move|p1a: Ting-Lu|Stealth Rock|p2a: Holy Envoy
|-sidestart|p2: The median voter|move: Stealth Rock
|move|p2a: Holy Envoy|Flip Turn|p1a: Ting-Lu
|-supereffective|p1a: Ting-Lu
|-damage|p1a: Ting-Lu|20/100
|
|t:|1781190055
|switch|p2a: Acolyte|Iron Valiant|100/100|[from] Flip Turn
|-damage|p2a: Acolyte|94/100|[from] Stealth Rock
|-enditem|p2a: Acolyte|Booster Energy
|-activate|p2a: Acolyte|ability: Quark Drive|[fromitem]
|-start|p2a: Acolyte|quarkdrivespe
|
|-heal|p1a: Ting-Lu|26/100|[from] item: Leftovers
|upkeep
|turn|31
|
|t:|1781190069
|move|p2a: Acolyte|Moonblast|p1a: Ting-Lu
|-supereffective|p1a: Ting-Lu
|-damage|p1a: Ting-Lu|0 fnt
|faint|p1a: Ting-Lu
|
|upkeep
|l|☆The median voter
|player|p2|
|
|t:|1781190083
|switch|p1a: Gholdengo|Gholdengo|100/100
|-damage|p1a: Gholdengo|94/100|[from] Stealth Rock
|turn|32
|j|☆The median voter
|player|p2|The median voter|scientist-gen4dp|
|
|t:|1781190091
|-end|p2a: Acolyte|Quark Drive|[silent]
|switch|p2a: Holy Envoy|Alomomola, F|100/100
|-damage|p2a: Holy Envoy|88/100|[from] Stealth Rock
|move|p1a: Gholdengo|Make It Rain|p2a: Holy Envoy
|-resisted|p2a: Holy Envoy
|-damage|p2a: Holy Envoy|72/100
|-unboost|p1a: Gholdengo|spa|1
|
|upkeep
|turn|33
|
|t:|1781190095
|switch|p1a: Clefable|Clefable, M|16/100
|move|p2a: Holy Envoy|Flip Turn|p1a: Clefable
|-damage|p1a: Clefable|5/100
|
|t:|1781190099
|switch|p2a: Acolyte|Iron Valiant|94/100|[from] Flip Turn
|-damage|p2a: Acolyte|88/100|[from] Stealth Rock
|
|-heal|p1a: Clefable|11/100|[from] item: Leftovers
|upkeep
|turn|34
|
|t:|1781190107
|move|p2a: Acolyte|Shadow Ball|p1a: Clefable
|-damage|p1a: Clefable|0 fnt
|faint|p1a: Clefable
|
|upkeep
|j| newhere1310
|l|☆The median voter
|player|p2|
|
|t:|1781190128
|switch|p1a: Gholdengo|Gholdengo|94/100
|-damage|p1a: Gholdengo|88/100|[from] Stealth Rock
|turn|35
|l| newhere1310
|j|☆The median voter
|player|p2|The median voter|scientist-gen4dp|
|
|t:|1781190137
|-end|p2a: Acolyte|Quark Drive|[silent]
|switch|p2a: Holy Envoy|Alomomola, F|100/100
|-damage|p2a: Holy Envoy|88/100|[from] Stealth Rock
|move|p1a: Gholdengo|Shadow Ball|p2a: Holy Envoy
|-damage|p2a: Holy Envoy|67/100
|
|upkeep
|turn|36
|
|t:|1781190145
|move|p1a: Gholdengo|Shadow Ball|p2a: Holy Envoy
|-damage|p2a: Holy Envoy|45/100
|-unboost|p2a: Holy Envoy|spd|1
|move|p2a: Holy Envoy|Flip Turn|p1a: Gholdengo
|-damage|p1a: Gholdengo|71/100
|
|t:|1781190151
|switch|p2a: Preacher|Zapdos|76/100 brn|[from] Flip Turn
|
|-damage|p2a: Preacher|70/100 brn|[from] brn
|upkeep
|turn|37
|
|t:|1781190153
|switch|p2a: Holy Envoy|Alomomola, F|78/100
|-damage|p2a: Holy Envoy|66/100|[from] Stealth Rock
|move|p1a: Gholdengo|Shadow Ball|p2a: Holy Envoy
|-damage|p2a: Holy Envoy|45/100
|
|upkeep
|turn|38
|
|t:|1781190160
|move|p1a: Gholdengo|Shadow Ball|p2a: Holy Envoy
|-damage|p2a: Holy Envoy|24/100
|move|p2a: Holy Envoy|Mirror Coat|p1a: Gholdengo
|-damage|p1a: Gholdengo|0 fnt
|faint|p1a: Gholdengo
|
|upkeep
|
|t:|1781190164
|switch|p1a: Zamazenta|Zamazenta|100/100
|-ability|p1a: Zamazenta|Dauntless Shield|boost
|-boost|p1a: Zamazenta|def|1
|turn|39
|
|t:|1781190172
|move|p1a: Zamazenta|Stone Edge|p2a: Holy Envoy
|-damage|p2a: Holy Envoy|0 fnt
|faint|p2a: Holy Envoy
|
|upkeep
|
|t:|1781190177
|switch|p2a: Acolyte|Iron Valiant|88/100
|-damage|p2a: Acolyte|82/100|[from] Stealth Rock
|turn|40
|
|t:|1781190179
|move|p1a: Zamazenta|Heavy Slam|p2a: Acolyte
|-supereffective|p2a: Acolyte
|-damage|p2a: Acolyte|0 fnt
|faint|p2a: Acolyte
|-end|p2a: Acolyte|Quark Drive|[silent]
|
|upkeep
|
|t:|1781190182
|switch|p2a: Preacher|Zapdos|70/100 brn
|turn|41
|
|t:|1781190184
|move|p1a: Zamazenta|Stone Edge|p2a: Preacher
|-supereffective|p2a: Preacher
|-damage|p2a: Preacher|21/100 brn
|move|p2a: Preacher|Roost|p2a: Preacher
|-heal|p2a: Preacher|71/100 brn
|-singleturn|p2a: Preacher|move: Roost
|
|-damage|p2a: Preacher|65/100 brn|[from] brn
|upkeep
|turn|42
|
|t:|1781190189
|move|p1a: Zamazenta|Stone Edge|p2a: Preacher
|-supereffective|p2a: Preacher
|-damage|p2a: Preacher|14/100 brn
|move|p2a: Preacher|Roost|p2a: Preacher
|-heal|p2a: Preacher|64/100 brn
|-singleturn|p2a: Preacher|move: Roost
|
|-damage|p2a: Preacher|58/100 brn|[from] brn
|upkeep
|turn|43
|
|t:|1781190193
|-terastallize|p2a: Preacher|Dragon
|move|p1a: Zamazenta|Stone Edge|p2a: Preacher
|-damage|p2a: Preacher|33/100 brn
|move|p2a: Preacher|Roost|p2a: Preacher
|-heal|p2a: Preacher|83/100 brn
|
|-damage|p2a: Preacher|77/100 brn|[from] brn
|upkeep
|turn|44
|
|t:|1781190199
|move|p1a: Zamazenta|Close Combat|p2a: Preacher
|-damage|p2a: Preacher|33/100 brn
|-unboost|p1a: Zamazenta|def|1
|-unboost|p1a: Zamazenta|spd|1
|-status|p1a: Zamazenta|par|[from] ability: Static|[of] p2a: Preacher
|move|p2a: Preacher|Discharge|p1a: Zamazenta
|-damage|p1a: Zamazenta|58/100 par
|
|-damage|p2a: Preacher|27/100 brn|[from] brn
|upkeep
|turn|45
|
|t:|1781190207
|move|p2a: Preacher|Discharge|p1a: Zamazenta
|-damage|p1a: Zamazenta|16/100 par
|move|p1a: Zamazenta|Close Combat|p2a: Preacher
|-damage|p2a: Preacher|0 fnt
|-unboost|p1a: Zamazenta|def|1
|-unboost|p1a: Zamazenta|spd|1
|faint|p2a: Preacher
|
|upkeep
|
|t:|1781190210
|switch|p2a: Templar|Great Tusk|57/100
|turn|46
|
|t:|1781190211
|move|p2a: Templar|Headlong Rush|p1a: Zamazenta
|-damage|p1a: Zamazenta|0 fnt
|-unboost|p2a: Templar|def|1
|-unboost|p2a: Templar|spd|1
|faint|p1a: Zamazenta
|
|win|The median voter
|raw|STONE CHAI's rating: 1648 &rarr; <strong>1627</strong><br />(-21 for losing)
|raw|The median voter's rating: 1627 &rarr; <strong>1648</strong><br />(+21 for winning)
|l|☆STONE CHAI
|player|p1|
|l|☆The median voter
|player|p2|
|j|☆The median voter
|player|p2|The median voter|scientist-gen4dp|
|l|☆The median voter
|player|p2|
