|j|☆KurisuChestnutOU
|j|☆LowEL0God
|t:|1781137136
|gametype|singles
|player|p1|KurisuChestnutOU|may-contest|1538
|player|p2|LowEL0God|265|1526
|gen|9
|tier|[Gen 9] OU
|rated|
|rule|HP Percentage Mod: HP is shown in percentages
|rule|Endless Battle Clause: Forcing endless battles is banned
|rule|Species Clause: Limit one of each Pokémon
|rule|OHKO Clause: OHKO moves are banned
|rule|Evasion Items Clause: Evasion items are banned
|rule|Evasion Moves Clause: Evasion moves are banned
|rule|Evasion Abilities Clause: Evasion abilities are banned
|rule|Sleep Moves Clause: Sleep-inducing moves are banned
|clearpoke
|poke|p1|Kingambit, M|
|poke|p1|Kommo-o, M|
|poke|p1|Iron Valiant|
|poke|p1|Kyurem|
|poke|p1|Iron Treads|
|poke|p1|Iron Crown|
|poke|p2|Pelipper, M|
|poke|p2|Torkoal, F|
|poke|p2|Walking Wake|
|poke|p2|Kyurem|
|poke|p2|Ninetales-Alola, M|
|poke|p2|Ogerpon-Wellspring, F|
|teampreview
|c|☆LowEL0God|hf
|inactive|Battle timer is ON: inactive players will automatically lose when time's up. (requested by LowEL0God)
|
|t:|1781137140
|teamsize|p1|6
|teamsize|p2|6
|start
|switch|p1a: Iron Crown|Iron Crown|100/100
|switch|p2a: Ninetales|Ninetales-Alola, M|100/100
|-weather|Snowscape|[from] ability: Snow Warning|[of] p2a: Ninetales
|-enditem|p1a: Iron Crown|Booster Energy
|-activate|p1a: Iron Crown|ability: Quark Drive|[fromitem]
|-start|p1a: Iron Crown|quarkdrivespe
|turn|1
|inactive|KurisuChestnutOU also wants the timer to be on.
|
|t:|1781137146
|-terastallize|p2a: Ninetales|Water
|move|p1a: Iron Crown|Tachyon Cutter|p2a: Ninetales
|-resisted|p2a: Ninetales
|-damage|p2a: Ninetales|90/100
|-resisted|p2a: Ninetales
|-damage|p2a: Ninetales|78/100
|-hitcount|p2a: Ninetales|2
|move|p2a: Ninetales|Aurora Veil|p2a: Ninetales
|-sidestart|p2: LowEL0God|move: Aurora Veil
|
|-weather|Snowscape|[upkeep]
|upkeep
|turn|2
|
|t:|1781137150
|move|p1a: Iron Crown|Calm Mind|p1a: Iron Crown
|-boost|p1a: Iron Crown|spa|1
|-boost|p1a: Iron Crown|spd|1
|move|p2a: Ninetales|Moonblast|p1a: Iron Crown
|-resisted|p1a: Iron Crown
|-damage|p1a: Iron Crown|92/100
|
|-weather|Snowscape|[upkeep]
|upkeep
|turn|3
|
|t:|1781137153
|switch|p2a: Ogerpon|Ogerpon-Wellspring, F|100/100
|move|p1a: Iron Crown|Psychic Noise|p2a: Ogerpon
|-crit|p2a: Ogerpon
|-damage|p2a: Ogerpon|0 fnt
|faint|p2a: Ogerpon
|
|-weather|Snowscape|[upkeep]
|upkeep
|
|t:|1781137154
|switch|p2a: Walking Wake|Walking Wake|100/100
|turn|4
|
|t:|1781137158
|move|p1a: Iron Crown|Calm Mind|p1a: Iron Crown
|-boost|p1a: Iron Crown|spa|1
|-boost|p1a: Iron Crown|spd|1
|move|p2a: Walking Wake|Flamethrower|p1a: Iron Crown
|-supereffective|p1a: Iron Crown
|-damage|p1a: Iron Crown|48/100
|
|-weather|Snowscape|[upkeep]
|upkeep
|turn|5
|
|t:|1781137162
|-terastallize|p1a: Iron Crown|Fighting
|move|p1a: Iron Crown|Calm Mind|p1a: Iron Crown
|-boost|p1a: Iron Crown|spa|1
|-boost|p1a: Iron Crown|spd|1
|move|p2a: Walking Wake|Flamethrower|p1a: Iron Crown
|-damage|p1a: Iron Crown|31/100
|
|-weather|Snowscape|[upkeep]
|-sideend|p2: LowEL0God|move: Aurora Veil
|upkeep
|turn|6
|
|t:|1781137169
|-end|p2a: Walking Wake|Protosynthesis|[silent]
|switch|p2a: Torkoal|Torkoal, F|100/100
|-weather|SunnyDay|[from] ability: Drought|[of] p2a: Torkoal
|move|p1a: Iron Crown|Psychic Noise|p2a: Torkoal
|-damage|p2a: Torkoal|0 fnt
|faint|p2a: Torkoal
|
|-weather|SunnyDay|[upkeep]
|upkeep
|
|t:|1781137170
|switch|p2a: Walking Wake|Walking Wake|100/100
|-activate|p2a: Walking Wake|ability: Protosynthesis
|-start|p2a: Walking Wake|protosynthesisspe
|turn|7
|
|t:|1781137175
|move|p2a: Walking Wake|Hydro Steam|p1a: Iron Crown
|-damage|p1a: Iron Crown|0 fnt
|faint|p1a: Iron Crown
|-end|p1a: Iron Crown|Quark Drive|[silent]
|
|-weather|SunnyDay|[upkeep]
|upkeep
|
|t:|1781137179
|switch|p1a: Kyurem|Kyurem|100/100
|-ability|p1a: Kyurem|Pressure
|turn|8
|
|t:|1781137183
|-end|p2a: Walking Wake|Protosynthesis|[silent]
|switch|p2a: Kyurem|Kyurem|100/100
|-ability|p2a: Kyurem|Pressure
|move|p1a: Kyurem|Scale Shot|p2a: Kyurem
|-supereffective|p2a: Kyurem
|-damage|p2a: Kyurem|72/100
|-supereffective|p2a: Kyurem
|-damage|p2a: Kyurem|47/100
|-supereffective|p2a: Kyurem
|-damage|p2a: Kyurem|19/100
|-supereffective|p2a: Kyurem
|-damage|p2a: Kyurem|0 fnt
|faint|p2a: Kyurem
|-hitcount|p2: Kyurem|4
|-unboost|p1a: Kyurem|def|1
|-boost|p1a: Kyurem|spe|1
|
|-weather|SunnyDay|[upkeep]
|upkeep
|
|t:|1781137184
|switch|p2a: Walking Wake|Walking Wake|100/100
|-activate|p2a: Walking Wake|ability: Protosynthesis
|-start|p2a: Walking Wake|protosynthesisspe
|turn|9
|
|t:|1781137187
|move|p2a: Walking Wake|Dragon Pulse|p1a: Kyurem
|-supereffective|p1a: Kyurem
|-damage|p1a: Kyurem|0 fnt
|faint|p1a: Kyurem
|
|-weather|SunnyDay|[upkeep]
|upkeep
|
|t:|1781137190
|switch|p1a: Iron Valiant|Iron Valiant|100/100
|-enditem|p1a: Iron Valiant|Booster Energy
|-activate|p1a: Iron Valiant|ability: Quark Drive|[fromitem]
|-start|p1a: Iron Valiant|quarkdrivespe
|turn|10
|
|t:|1781137196
|-end|p2a: Walking Wake|Protosynthesis|[silent]
|switch|p2a: Hurricane Spam|Pelipper, M, shiny|100/100
|-weather|RainDance|[from] ability: Drizzle|[of] p2a: Hurricane Spam
|move|p1a: Iron Valiant|Calm Mind|p1a: Iron Valiant
|-boost|p1a: Iron Valiant|spa|1
|-boost|p1a: Iron Valiant|spd|1
|
|-weather|RainDance|[upkeep]
|upkeep
|turn|11
|
|t:|1781137200
|move|p1a: Iron Valiant|Calm Mind|p1a: Iron Valiant
|-boost|p1a: Iron Valiant|spa|1
|-boost|p1a: Iron Valiant|spd|1
|move|p2a: Hurricane Spam|Weather Ball|p1a: Iron Valiant
|-damage|p1a: Iron Valiant|20/100
|
|-weather|RainDance|[upkeep]
|upkeep
|turn|12
|
|t:|1781137205
|switch|p2a: Ninetales|Ninetales-Alola, M, tera:Water|78/100
|-weather|Snowscape|[from] ability: Snow Warning|[of] p2a: Ninetales
|move|p1a: Iron Valiant|Moonblast|p2a: Ninetales
|-damage|p2a: Ninetales|0 fnt
|faint|p2a: Ninetales
|
|-weather|Snowscape|[upkeep]
|upkeep
|
|t:|1781137206
|switch|p2a: Walking Wake|Walking Wake|100/100
|turn|13
|
|t:|1781137213
|move|p1a: Iron Valiant|Moonblast|p2a: Walking Wake
|-supereffective|p2a: Walking Wake
|-damage|p2a: Walking Wake|0 fnt
|faint|p2a: Walking Wake
|-end|p2a: Walking Wake|Protosynthesis|[silent]
|
|-weather|Snowscape|[upkeep]
|upkeep
|
|t:|1781137214
|switch|p2a: Hurricane Spam|Pelipper, M, shiny|100/100
|-weather|RainDance|[from] ability: Drizzle|[of] p2a: Hurricane Spam
|turn|14
|
|t:|1781137220
|move|p1a: Iron Valiant|Moonblast|p2a: Hurricane Spam
|-damage|p2a: Hurricane Spam|0 fnt
|faint|p2a: Hurricane Spam
|
|win|KurisuChestnutOU
|raw|KurisuChestnutOU's rating: 1573 &rarr; <strong>1590</strong><br />(+17 for winning)
|raw|LowEL0God's rating: 1526 &rarr; <strong>1509</strong><br />(-17 for losing)
