|j|☆stevstacks
|j|☆KurisuChestnutOU
|t:|1781137211
|gametype|singles
|player|p1|stevstacks|102|1592
|player|p2|KurisuChestnutOU|may-contest|1573
|gen|9
|tier|[Gen 9] OU
|rated|
|rule|HP Percentage Mod: HP is shown in percentages
|rule|Endless Battle Clause: Forcing endless battles is banned
|rule|Species Clause: Limit one of each Pokémon
|rule|OHKO Clause: OHKO moves are banned
|rule|Evasion Items Clause: Evasion items are banned
|rule|Evasion Moves Clause: Evasion moves are banned
|rule|Evasion Abilities Clause: Evasion abilities are banned
|rule|Sleep Moves Clause: Sleep-inducing moves are banned
|clearpoke
|poke|p1|Torkoal, F|
|poke|p1|Corviknight, F|
|poke|p1|Walking Wake|
|poke|p1|Dragonite, M|
|poke|p1|Great Tusk|
|poke|p1|Raging Bolt|
|poke|p2|Kingambit, F|
|poke|p2|Kommo-o, M|
|poke|p2|Iron Valiant|
|poke|p2|Kyurem|
|poke|p2|Iron Treads|
|poke|p2|Iron Crown|
|teampreview
|inactive|Battle timer is ON: inactive players will automatically lose when time's up. (requested by stevstacks)
|inactive|KurisuChestnutOU also wants the timer to be on.
|inactive|stevstacks has 120 seconds left.
|inactive|stevstacks has 90 seconds left.
|inactive|stevstacks has 60 seconds left.
|inactive|stevstacks has 30 seconds left.
|
|t:|1781137337
|teamsize|p1|6
|teamsize|p2|6
|start
|switch|p1a: Raging Bolt|Raging Bolt|100/100
|switch|p2a: Iron Valiant|Iron Valiant|100/100
|-enditem|p2a: Iron Valiant|Booster Energy
|-activate|p2a: Iron Valiant|ability: Quark Drive|[fromitem]
|-start|p2a: Iron Valiant|quarkdrivespe
|turn|1
|
|t:|1781137343
|-end|p1a: Raging Bolt|Protosynthesis|[silent]
|switch|p1a: Torkoal|Torkoal, F, shiny|100/100
|-weather|SunnyDay|[from] ability: Drought|[of] p1a: Torkoal
|move|p2a: Iron Valiant|Moonblast|p1a: Torkoal
|-resisted|p1a: Torkoal
|-damage|p1a: Torkoal|79/100
|-unboost|p1a: Torkoal|spa|1
|
|-weather|SunnyDay|[upkeep]
|upkeep
|turn|2
|
|t:|1781137349
|switch|p1a: Corviknight|Corviknight, F, shiny|100/100
|-ability|p1a: Corviknight|Pressure
|move|p2a: Iron Valiant|Focus Blast|p1a: Corviknight
|-crit|p1a: Corviknight
|-damage|p1a: Corviknight|36/100
|-unboost|p1a: Corviknight|spd|1
|
|-weather|SunnyDay|[upkeep]
|-heal|p1a: Corviknight|42/100|[from] item: Leftovers
|upkeep
|turn|3
|
|t:|1781137355
|move|p2a: Iron Valiant|Focus Blast|p1a: Corviknight
|-damage|p1a: Corviknight|0 fnt
|faint|p1a: Corviknight
|
|-weather|SunnyDay|[upkeep]
|upkeep
|
|t:|1781137360
|switch|p1a: Walking Wake|Walking Wake|100/100
|-activate|p1a: Walking Wake|ability: Protosynthesis
|-start|p1a: Walking Wake|protosynthesisspe
|turn|4
|
|t:|1781137365
|-terastallize|p1a: Walking Wake|Water
|move|p2a: Iron Valiant|Moonblast|p1a: Walking Wake
|-damage|p1a: Walking Wake|44/100
|-unboost|p1a: Walking Wake|spa|1
|move|p1a: Walking Wake|Hydro Steam|p2a: Iron Valiant
|-damage|p2a: Iron Valiant|0 fnt
|faint|p2a: Iron Valiant
|-end|p2a: Iron Valiant|Quark Drive|[silent]
|
|-weather|SunnyDay|[upkeep]
|upkeep
|
|t:|1781137368
|switch|p2a: Kyurem|Kyurem|100/100
|-ability|p2a: Kyurem|Pressure
|turn|5
|
|t:|1781137376
|move|p1a: Walking Wake|Draco Meteor|p2a: Kyurem
|-supereffective|p2a: Kyurem
|-damage|p2a: Kyurem|13/100
|-unboost|p1a: Walking Wake|spa|2
|move|p2a: Kyurem|Dragon Dance|p2a: Kyurem
|-boost|p2a: Kyurem|atk|1
|-boost|p2a: Kyurem|spe|1
|
|-weather|SunnyDay|[upkeep]
|upkeep
|turn|6
|
|t:|1781137381
|move|p1a: Walking Wake|Flamethrower|p2a: Kyurem
|-damage|p2a: Kyurem|0 fnt
|faint|p2a: Kyurem
|
|-weather|SunnyDay|[upkeep]
|upkeep
|
|t:|1781137386
|switch|p2a: Kommo-o|Kommo-o, M|100/100
|turn|7
|
|t:|1781137390
|-terastallize|p2a: Kommo-o|Ghost
|move|p1a: Walking Wake|Flip Turn|p2a: Kommo-o
|-damage|p2a: Kommo-o|91/100
|
|t:|1781137395
|-end|p1a: Walking Wake|Protosynthesis|[silent]
|switch|p1a: Great Tusk|Great Tusk, shiny|100/100|[from] Flip Turn
|-activate|p1a: Great Tusk|ability: Protosynthesis
|-start|p1a: Great Tusk|protosynthesisatk
|move|p2a: Kommo-o|Clangorous Soul|p2a: Kommo-o
|-boost|p2a: Kommo-o|atk|1
|-boost|p2a: Kommo-o|def|1
|-boost|p2a: Kommo-o|spa|1
|-boost|p2a: Kommo-o|spd|1
|-boost|p2a: Kommo-o|spe|1
|-damage|p2a: Kommo-o|58/100
|
|-weather|SunnyDay|[upkeep]
|-heal|p2a: Kommo-o|64/100|[from] item: Leftovers
|upkeep
|turn|8
|
|t:|1781137402
|move|p2a: Kommo-o|Clangorous Soul|p2a: Kommo-o
|-boost|p2a: Kommo-o|atk|1
|-boost|p2a: Kommo-o|def|1
|-boost|p2a: Kommo-o|spa|1
|-boost|p2a: Kommo-o|spd|1
|-boost|p2a: Kommo-o|spe|1
|-damage|p2a: Kommo-o|31/100
|move|p1a: Great Tusk|Knock Off|p2a: Kommo-o
|-supereffective|p2a: Kommo-o
|-damage|p2a: Kommo-o|0 fnt
|-enditem|p2a: Kommo-o|Leftovers|[from] move: Knock Off|[of] p1a: Great Tusk
|faint|p2a: Kommo-o
|-damage|p1a: Great Tusk|91/100|[from] item: Life Orb
|
|-weather|none
|-end|p1a: Great Tusk|Protosynthesis
|upkeep
|
|t:|1781137407
|switch|p2a: Kingambit|Kingambit, F|100/100
|-activate|p2a: Kingambit|ability: Supreme Overlord
|-start|p2a: Kingambit|fallen3|[silent]
|turn|9
|inactive|stevstacks has 120 seconds left.
|
|t:|1781137455
|move|p1a: Great Tusk|Headlong Rush|p2a: Kingambit
|-supereffective|p2a: Kingambit
|-damage|p2a: Kingambit|0 fnt
|-unboost|p1a: Great Tusk|def|1
|-unboost|p1a: Great Tusk|spd|1
|faint|p2a: Kingambit
|-end|p2a: Kingambit|fallen3|[silent]
|-damage|p1a: Great Tusk|81/100|[from] item: Life Orb
|
|upkeep
|
|t:|1781137462
|switch|p2a: Iron Crown|Iron Crown|100/100
|-enditem|p2a: Iron Crown|Booster Energy
|-activate|p2a: Iron Crown|ability: Quark Drive|[fromitem]
|-start|p2a: Iron Crown|quarkdrivespe
|turn|10
|inactive|stevstacks has 90 seconds left.
|
|t:|1781137513
|move|p2a: Iron Crown|Tachyon Cutter|p1a: Great Tusk
|-damage|p1a: Great Tusk|24/100
|-damage|p1a: Great Tusk|0 fnt
|faint|p1a: Great Tusk
|-end|p1a: Great Tusk|Protosynthesis|[silent]
|-hitcount|p1: Great Tusk|2
|
|upkeep
|inactive|stevstacks has 60 seconds left.
|
|t:|1781137556
|switch|p1a: Torkoal|Torkoal, F, shiny|79/100
|-weather|SunnyDay|[from] ability: Drought|[of] p1a: Torkoal
|turn|11
|
|t:|1781137560
|move|p2a: Iron Crown|Focus Blast|p1a: Torkoal
|-damage|p1a: Torkoal|46/100
|move|p1a: Torkoal|Overheat|p2a: Iron Crown
|-supereffective|p2a: Iron Crown
|-damage|p2a: Iron Crown|0 fnt
|-unboost|p1a: Torkoal|spa|2
|faint|p2a: Iron Crown
|-end|p2a: Iron Crown|Quark Drive|[silent]
|
|-weather|SunnyDay|[upkeep]
|upkeep
|
|t:|1781137567
|switch|p2a: Iron Treads|Iron Treads|100/100
|-enditem|p2a: Iron Treads|Booster Energy
|-activate|p2a: Iron Treads|ability: Quark Drive|[fromitem]
|-start|p2a: Iron Treads|quarkdrivespe
|turn|12
|
|t:|1781137587
|move|p2a: Iron Treads|Rapid Spin|p1a: Torkoal
|-damage|p1a: Torkoal|37/100
|-boost|p2a: Iron Treads|spe|1
|move|p1a: Torkoal|Will-O-Wisp|p2a: Iron Treads
|-status|p2a: Iron Treads|brn
|
|-weather|SunnyDay|[upkeep]
|-damage|p2a: Iron Treads|94/100 brn|[from] brn
|upkeep
|turn|13
|
|t:|1781137591
|switch|p1a: Dragonite|Dragonite, M, shiny|100/100
|move|p2a: Iron Treads|Earthquake|p1a: Dragonite
|-immune|p1a: Dragonite
|
|-weather|SunnyDay|[upkeep]
|-damage|p2a: Iron Treads|88/100 brn|[from] brn
|upkeep
|turn|14
|inactive|stevstacks has 60 seconds left.
|
|t:|1781137597
|move|p2a: Iron Treads|Rapid Spin|p1a: Dragonite
|-damage|p1a: Dragonite|97/100
|-boost|p2a: Iron Treads|spe|1
|move|p1a: Dragonite|Fire Punch|p2a: Iron Treads
|-supereffective|p2a: Iron Treads
|-damage|p2a: Iron Treads|27/100 brn
|
|-weather|SunnyDay|[upkeep]
|-damage|p2a: Iron Treads|21/100 brn|[from] brn
|upkeep
|turn|15
|
|t:|1781137603
|move|p2a: Iron Treads|Rapid Spin|p1a: Dragonite
|-damage|p1a: Dragonite|91/100
|-boost|p2a: Iron Treads|spe|1
|move|p1a: Dragonite|Fire Punch|p2a: Iron Treads
|-supereffective|p2a: Iron Treads
|-damage|p2a: Iron Treads|0 fnt
|faint|p2a: Iron Treads
|-end|p2a: Iron Treads|Quark Drive|[silent]
|
|win|stevstacks
|raw|stevstacks's rating: 1592 &rarr; <strong>1612</strong><br />(+20 for winning)
|raw|KurisuChestnutOU's rating: 1600 &rarr; <strong>1580</strong><br />(-20 for losing)
