|badge|p1|bronze|gen9ou|100-9
|uhtml|medal-msg|<div class="broadcast-blue">Curious what those medals under the avatar are? PS now has Ladder Seasons! For more information, check out the <a href="https://www.smogon.com/forums/threads/3740067/">thread on Smogon.</a></div>
|j|☆hawkins0
|j|☆phreshoatmeal
|t:|1781497629
|gametype|singles
|player|p1|hawkins0|2|1794
|player|p2|phreshoatmeal|265|1712
|gen|9
|tier|[Gen 9] OU
|rated|
|rule|HP Percentage Mod: HP is shown in percentages
|rule|Endless Battle Clause: Forcing endless battles is banned
|rule|Species Clause: Limit one of each Pokémon
|rule|OHKO Clause: OHKO moves are banned
|rule|Evasion Items Clause: Evasion items are banned
|rule|Evasion Moves Clause: Evasion moves are banned
|rule|Evasion Abilities Clause: Evasion abilities are banned
|rule|Sleep Moves Clause: Sleep-inducing moves are banned
|clearpoke
|poke|p1|Hoopa-Unbound|
|poke|p1|Pecharunt|
|poke|p1|Landorus-Therian, M|
|poke|p1|Cinderace, M|
|poke|p1|Alomomola, M|
|poke|p1|Iron Valiant|
|poke|p2|Tyranitar, M|
|poke|p2|Excadrill, F|
|poke|p2|Hatterene, F|
|poke|p2|Iron Valiant|
|poke|p2|Amoonguss, M|
|poke|p2|Alomomola, M|
|teampreview
|j| Shucklepilled
|inactive|Battle timer is ON: inactive players will automatically lose when time's up. (requested by hawkins0)
|
|t:|1781497669
|teamsize|p1|6
|teamsize|p2|6
|start
|switch|p1a: Khaos|Hoopa-Unbound|100/100
|switch|p2a: Tyranitar|Tyranitar, M|100/100
|-weather|Sandstorm|[from] ability: Sand Stream|[of] p2a: Tyranitar
|turn|1
|
|t:|1781497678
|switch|p2a: Alomomola|Alomomola, M|100/100
|move|p1a: Khaos|Drain Punch|p2a: Alomomola
|-damage|p2a: Alomomola|69/100
|-enditem|p2a: Alomomola|Eject Button
|
|t:|1781497692
|switch|p2a: Hatterene|Hatterene, F|100/100
|
|-weather|Sandstorm|[upkeep]
|-damage|p1a: Khaos|94/100|[from] Sandstorm
|-damage|p2a: Hatterene|95/100|[from] Sandstorm
|-heal|p2a: Hatterene|100/100|[from] item: Leftovers
|upkeep
|turn|2
|
|t:|1781497697
|switch|p1a: Pisces|Alomomola, M, shiny|100/100
|move|p2a: Hatterene|Gravity|p2a: Hatterene
|-fieldstart|move: Gravity
|
|-weather|Sandstorm|[upkeep]
|-damage|p1a: Pisces|94/100|[from] Sandstorm
|-damage|p2a: Hatterene|95/100|[from] Sandstorm
|-heal|p2a: Hatterene|100/100|[from] item: Leftovers
|upkeep
|turn|3
|
|t:|1781497710
|move|p1a: Pisces|Flip Turn|p2a: Hatterene
|-damage|p2a: Hatterene|88/100
|
|t:|1781497712
|switch|p1a: Enten|Landorus-Therian, M, shiny|100/100|[from] Flip Turn
|-ability|p1a: Enten|Intimidate|boost
|-unboost|p2a: Hatterene|atk|1
|move|p2a: Hatterene|Future Sight|p1a: Enten
|-start|p2a: Hatterene|move: Future Sight
|
|-weather|Sandstorm|[upkeep]
|-damage|p2a: Hatterene|82/100|[from] Sandstorm
|-heal|p2a: Hatterene|88/100|[from] item: Leftovers
|upkeep
|turn|4
|
|t:|1781497719
|switch|p2a: Amoonguss|Amoonguss, M|100/100
|move|p1a: Enten|U-turn|p2a: Amoonguss
|-damage|p2a: Amoonguss|82/100
|-enditem|p2a: Amoonguss|Eject Button
|
|t:|1781497729
|switch|p2a: Excadrill|Excadrill, F|100/100
|
|-weather|Sandstorm|[upkeep]
|upkeep
|turn|5
|
|t:|1781497735
|-terastallize|p2a: Excadrill|Ground
|move|p2a: Excadrill|Earthquake|p1a: Enten
|-damage|p1a: Enten|0 fnt
|faint|p1a: Enten
|
|-weather|Sandstorm|[upkeep]
|-hint|Future Sight did not hit because the target is fainted.
|upkeep
|
|t:|1781497745
|switch|p1a: Calamity|Iron Valiant, shiny|100/100
|turn|6
|
|t:|1781497748
|-terastallize|p1a: Calamity|Fairy
|move|p2a: Excadrill|Earthquake|p1a: Calamity
|-damage|p1a: Calamity|0 fnt
|faint|p1a: Calamity
|-end|p1a: Calamity|Quark Drive|[silent]
|
|-weather|Sandstorm|[upkeep]
|-fieldend|move: Gravity
|upkeep
|-message|hawkins0 forfeited.
|
|win|phreshoatmeal
|raw|hawkins0's rating: 1794 &rarr; <strong>1769</strong><br />(-25 for losing)
|raw|phreshoatmeal's rating: 1712 &rarr; <strong>1737</strong><br />(+25 for winning)
|l|☆phreshoatmeal
|player|p2|
