|j|☆KurisuChestnutOU
|j|☆LoseToRU?
|t:|1781173697
|gametype|singles
|player|p1|KurisuChestnutOU|may-contest|1559
|player|p2|LoseToRU?|giovanni-gen1|1551
|gen|9
|tier|[Gen 9] OU
|rated|
|rule|HP Percentage Mod: HP is shown in percentages
|rule|Endless Battle Clause: Forcing endless battles is banned
|rule|Species Clause: Limit one of each Pokémon
|rule|OHKO Clause: OHKO moves are banned
|rule|Evasion Items Clause: Evasion items are banned
|rule|Evasion Moves Clause: Evasion moves are banned
|rule|Evasion Abilities Clause: Evasion abilities are banned
|rule|Sleep Moves Clause: Sleep-inducing moves are banned
|clearpoke
|poke|p1|Zamazenta-*|
|poke|p1|Zapdos|
|poke|p1|Garganacl, F|
|poke|p1|Clefable, F|
|poke|p1|Samurott-Hisui, M|
|poke|p1|Gholdengo|
|poke|p2|Iron Jugulis|
|poke|p2|Moltres-Galar|
|poke|p2|Darkrai|
|poke|p2|Hydreigon, M|
|poke|p2|Weavile, M|
|poke|p2|Zarude-Dada|
|teampreview
|inactive|Battle timer is ON: inactive players will automatically lose when time's up. (requested by KurisuChestnutOU)
|
|t:|1781173711
|teamsize|p1|6
|teamsize|p2|6
|start
|switch|p1a: Zamazenta|Zamazenta|100/100
|switch|p2a: Zarude|Zarude-Dada|100/100
|-ability|p1a: Zamazenta|Dauntless Shield|boost
|-boost|p1a: Zamazenta|def|1
|turn|1
|
|t:|1781173724
|-terastallize|p2a: Zarude|Fairy
|move|p1a: Zamazenta|Body Press|p2a: Zarude
|-resisted|p2a: Zarude
|-damage|p2a: Zarude|80/100
|move|p2a: Zarude|Swords Dance|p2a: Zarude
|-boost|p2a: Zarude|atk|2
|
|upkeep
|turn|2
|
|t:|1781173728
|move|p1a: Zamazenta|Iron Defense|p1a: Zamazenta
|-boost|p1a: Zamazenta|def|2
|move|p2a: Zarude|Swords Dance|p2a: Zarude
|-boost|p2a: Zarude|atk|2
|
|upkeep
|turn|3
|
|t:|1781173734
|move|p2a: Zarude|Drain Punch|p1a: Zamazenta
|-damage|p1a: Zamazenta|79/100
|-heal|p2a: Zarude|93/100|[from] drain|[of] p1a: Zamazenta
|move|p1a: Zamazenta|Roar|p2a: Zarude
|drag|p2a: Moltres|Moltres-Galar|100/100
|
|-heal|p1a: Zamazenta|85/100|[from] item: Leftovers
|upkeep
|turn|4
|
|t:|1781173740
|move|p1a: Zamazenta|Body Press|p2a: Moltres
|-damage|p2a: Moltres|11/100
|-ability|p2a: Moltres|Berserk|boost
|-boost|p2a: Moltres|spa|1
|-enditem|p2a: Moltres|Sitrus Berry|[eat]
|-heal|p2a: Moltres|36/100|[from] item: Sitrus Berry
|move|p2a: Moltres|Air Slash|p1a: Zamazenta
|-supereffective|p1a: Zamazenta
|-damage|p1a: Zamazenta|1/100
|
|-heal|p1a: Zamazenta|7/100|[from] item: Leftovers
|upkeep
|turn|5
|
|t:|1781173744
|move|p1a: Zamazenta|Body Press|p2a: Moltres
|-damage|p2a: Moltres|0 fnt
|faint|p2a: Moltres
|
|-heal|p1a: Zamazenta|14/100|[from] item: Leftovers
|upkeep
|inactive|LoseToRU? has 120 seconds left.
|
|t:|1781173776
|switch|p2a: Iron Jugulis|Iron Jugulis|100/100
|-enditem|p2a: Iron Jugulis|Booster Energy
|-activate|p2a: Iron Jugulis|ability: Quark Drive|[fromitem]
|-start|p2a: Iron Jugulis|quarkdrivespe
|turn|6
|
|t:|1781173781
|switch|p1a: Garganacl|Garganacl, F|100/100
|move|p2a: Iron Jugulis|Dark Pulse|p1a: Garganacl
|-damage|p1a: Garganacl|76/100
|
|-heal|p1a: Garganacl|82/100|[from] item: Leftovers
|upkeep
|turn|7
|
|t:|1781173785
|move|p2a: Iron Jugulis|Taunt|p1a: Garganacl
|-start|p1a: Garganacl|move: Taunt
|move|p1a: Garganacl|Salt Cure|p2a: Iron Jugulis
|-supereffective|p2a: Iron Jugulis
|-damage|p2a: Iron Jugulis|65/100
|-start|p2a: Iron Jugulis|Salt Cure
|
|-heal|p1a: Garganacl|88/100|[from] item: Leftovers
|-damage|p2a: Iron Jugulis|53/100|[from] Salt Cure
|upkeep
|turn|8
|
|t:|1781173788
|move|p2a: Iron Jugulis|Earth Power|p1a: Garganacl
|-supereffective|p1a: Garganacl
|-damage|p1a: Garganacl|50/100
|move|p1a: Garganacl|Salt Cure|p2a: Iron Jugulis
|-supereffective|p2a: Iron Jugulis
|-damage|p2a: Iron Jugulis|18/100
|
|-heal|p1a: Garganacl|56/100|[from] item: Leftovers
|-damage|p2a: Iron Jugulis|5/100|[from] Salt Cure
|upkeep
|turn|9
|
|t:|1781173794
|switch|p1a: Clefable|Clefable, F|100/100
|move|p2a: Iron Jugulis|Dark Pulse|p1a: Clefable
|-resisted|p1a: Clefable
|-damage|p1a: Clefable|81/100
|
|-damage|p2a: Iron Jugulis|0 fnt|[from] Salt Cure
|faint|p2a: Iron Jugulis
|-end|p2a: Iron Jugulis|Quark Drive|[silent]
|upkeep
|
|t:|1781173807
|switch|p2a: Darkrai|Darkrai|100/100
|turn|10
|
|t:|1781173813
|switch|p1a: Gholdengo|Gholdengo|100/100
|move|p2a: Darkrai|Trick|p1a: Gholdengo
|-immune|p1a: Gholdengo|[from] ability: Good as Gold
|
|upkeep
|turn|11
|
|t:|1781173817
|switch|p2a: Hydreigon|Hydreigon, M|100/100
|move|p1a: Gholdengo|Make It Rain|p2a: Hydreigon
|-damage|p2a: Hydreigon|33/100
|-unboost|p1a: Gholdengo|spa|1
|
|upkeep
|turn|12
|
|t:|1781173821
|move|p1a: Gholdengo|Make It Rain|p2a: Hydreigon
|-damage|p2a: Hydreigon|0 fnt
|-unboost|p1a: Gholdengo|spa|1
|faint|p2a: Hydreigon
|
|upkeep
|
|t:|1781173830
|switch|p2a: Darkrai|Darkrai|100/100
|turn|13
|
|t:|1781173836
|switch|p1a: Zamazenta|Zamazenta|14/100
|move|p2a: Darkrai|Trick|p1a: Zamazenta
|-activate|p2a: Darkrai|move: Trick|[of] p1a: Zamazenta
|-item|p1a: Zamazenta|Choice Scarf|[from] move: Trick
|-item|p2a: Darkrai|Leftovers|[from] move: Trick
|
|upkeep
|turn|14
|
|t:|1781173844
|switch|p1a: Gholdengo|Gholdengo|100/100
|move|p2a: Darkrai|Dark Pulse|p1a: Gholdengo
|-supereffective|p1a: Gholdengo
|-damage|p1a: Gholdengo|0 fnt
|faint|p1a: Gholdengo
|
|upkeep
|
|t:|1781173851
|switch|p1a: Garganacl|Garganacl, F|56/100
|turn|15
|
|t:|1781173858
|move|p2a: Darkrai|Taunt|p1a: Garganacl
|-start|p1a: Garganacl|move: Taunt
|cant|p1a: Garganacl|move: Taunt|Recover
|
|-heal|p1a: Garganacl|63/100|[from] item: Leftovers
|upkeep
|turn|16
|
|t:|1781173861
|move|p2a: Darkrai|Dark Pulse|p1a: Garganacl
|-damage|p1a: Garganacl|36/100
|move|p1a: Garganacl|Salt Cure|p2a: Darkrai
|-damage|p2a: Darkrai|82/100
|-start|p2a: Darkrai|Salt Cure
|
|-heal|p2a: Darkrai|88/100|[from] item: Leftovers
|-heal|p1a: Garganacl|43/100|[from] item: Leftovers
|-damage|p2a: Darkrai|76/100|[from] Salt Cure
|upkeep
|turn|17
|
|t:|1781173866
|move|p2a: Darkrai|Dark Pulse|p1a: Garganacl
|-damage|p1a: Garganacl|13/100
|move|p1a: Garganacl|Salt Cure|p2a: Darkrai
|-damage|p2a: Darkrai|57/100
|
|-heal|p2a: Darkrai|63/100|[from] item: Leftovers
|-heal|p1a: Garganacl|20/100|[from] item: Leftovers
|-damage|p2a: Darkrai|50/100|[from] Salt Cure
|-end|p1a: Garganacl|move: Taunt
|upkeep
|turn|18
|
|t:|1781173869
|switch|p1a: Clefable|Clefable, F|81/100
|move|p2a: Darkrai|Dark Pulse|p1a: Clefable
|-resisted|p1a: Clefable
|-damage|p1a: Clefable|59/100
|
|-heal|p2a: Darkrai|57/100|[from] item: Leftovers
|-damage|p2a: Darkrai|44/100|[from] Salt Cure
|upkeep
|turn|19
|
|t:|1781173874
|move|p2a: Darkrai|Sludge Bomb|p1a: Clefable
|-supereffective|p1a: Clefable
|-damage|p1a: Clefable|0 fnt
|faint|p1a: Clefable
|
|-heal|p2a: Darkrai|50/100|[from] item: Leftovers
|-damage|p2a: Darkrai|38/100|[from] Salt Cure
|upkeep
|
|t:|1781173881
|switch|p1a: Samurott|Samurott-Hisui, M|100/100
|turn|20
|
|t:|1781173886
|move|p1a: Samurott|Razor Shell|p2a: Darkrai
|-damage|p2a: Darkrai|0 fnt
|faint|p2a: Darkrai
|
|upkeep
|
|t:|1781173894
|switch|p2a: Zarude|Zarude-Dada, tera:Fairy|93/100
|turn|21
|
|t:|1781173897
|move|p1a: Samurott|Razor Shell|p2a: Zarude
|-damage|p2a: Zarude|48/100
|move|p2a: Zarude|Swords Dance|p2a: Zarude
|-boost|p2a: Zarude|atk|2
|
|upkeep
|turn|22
|
|t:|1781173916
|move|p1a: Samurott|Razor Shell|p2a: Zarude|[miss]
|-miss|p1a: Samurott|p2a: Zarude
|move|p2a: Zarude|Swords Dance|p2a: Zarude
|-boost|p2a: Zarude|atk|2
|
|upkeep
|turn|23
|
|t:|1781173923
|move|p1a: Samurott|Razor Shell|p2a: Zarude
|-damage|p2a: Zarude|1/100
|-unboost|p2a: Zarude|def|1
|-enditem|p2a: Zarude|Salac Berry|[eat]
|-boost|p2a: Zarude|spe|1|[from] item: Salac Berry
|move|p2a: Zarude|Swords Dance|p2a: Zarude
|-boost|p2a: Zarude|atk|2
|
|upkeep
|turn|24
|
|t:|1781173926
|switch|p1a: Garganacl|Garganacl, F|20/100
|move|p2a: Zarude|Drain Punch|p1a: Garganacl
|-supereffective|p1a: Garganacl
|-damage|p1a: Garganacl|0 fnt
|-heal|p2a: Zarude|12/100|[from] drain|[of] p1a: Garganacl
|faint|p1a: Garganacl
|
|upkeep
|
|t:|1781173932
|switch|p1a: Zamazenta|Zamazenta|14/100
|turn|25
|
|t:|1781173937
|move|p1a: Zamazenta|Body Press|p2a: Zarude
|-resisted|p2a: Zarude
|-damage|p2a: Zarude|0 fnt
|faint|p2a: Zarude
|
|upkeep
|
|t:|1781173939
|switch|p2a: Weavile|Weavile, M|100/100
|-ability|p2a: Weavile|Pressure
|turn|26
|
|t:|1781173945
|move|p2a: Weavile|Ice Shard|p1a: Zamazenta
|-damage|p1a: Zamazenta|0 fnt
|faint|p1a: Zamazenta
|
|upkeep
|
|t:|1781173953
|switch|p1a: Samurott|Samurott-Hisui, M|100/100
|turn|27
|
|t:|1781173958
|move|p1a: Samurott|Razor Shell|p2a: Weavile
|-damage|p2a: Weavile|14/100
|move|p2a: Weavile|Swords Dance|p2a: Weavile
|-boost|p2a: Weavile|atk|2
|
|upkeep
|turn|28
|
|t:|1781173962
|move|p1a: Samurott|Razor Shell|p2a: Weavile
|-damage|p2a: Weavile|0 fnt
|faint|p2a: Weavile
|
|win|KurisuChestnutOU
|raw|KurisuChestnutOU's rating: 1549 &rarr; <strong>1569</strong><br />(+20 for winning)
|raw|LoseToRU?'s rating: 1551 &rarr; <strong>1531</strong><br />(-20 for losing)
|l|☆KurisuChestnutOU
|player|p1|
|l|☆LoseToRU?
|player|p2|
