|j|☆texett
|j|☆Smitherz107
|t:|1781486453
|gametype|singles
|player|p1|texett|jasmine|1510
|player|p2|Smitherz107|wallace|1621
|gen|9
|tier|[Gen 9] OU
|rated|
|rule|HP Percentage Mod: HP is shown in percentages
|rule|Endless Battle Clause: Forcing endless battles is banned
|rule|Species Clause: Limit one of each Pokémon
|rule|OHKO Clause: OHKO moves are banned
|rule|Evasion Items Clause: Evasion items are banned
|rule|Evasion Moves Clause: Evasion moves are banned
|rule|Evasion Abilities Clause: Evasion abilities are banned
|rule|Sleep Moves Clause: Sleep-inducing moves are banned
|clearpoke
|poke|p1|Slither Wing|
|poke|p1|Meowscarada, F|
|poke|p1|Magnezone|
|poke|p1|Glimmora, M|
|poke|p1|Dragonite, M|
|poke|p1|Thundurus-Therian, M|
|poke|p2|Rillaboom, F|
|poke|p2|Alomomola, F|
|poke|p2|Ninetales-Alola, M|
|poke|p2|Great Tusk|
|poke|p2|Latias, F|
|poke|p2|Heatran, F|
|teampreview
|inactive|Battle timer is ON: inactive players will automatically lose when time's up. (requested by texett)
|l|☆Smitherz107
|inactive|Smitherz107 disconnected and has a minute to reconnect!
|player|p2|
|inactive|Smitherz107 has 30 seconds to reconnect!
|j|☆Smitherz107
|inactive|Smitherz107 reconnected and has 95 seconds left.
|player|p2|Smitherz107|wallace|
|inactive|Smitherz107 has 90 seconds left.
|
|t:|1781486540
|teamsize|p1|6
|teamsize|p2|6
|start
|switch|p1a: Meowscarada|Meowscarada, F, shiny|100/100
|switch|p2a: Heatran|Heatran, F|100/100
|turn|1
|
|t:|1781486564
|switch|p1a: Thundurus|Thundurus-Therian, M, shiny|100/100
|move|p2a: Heatran|Stealth Rock|p1a: Thundurus
|-sidestart|p1: texett|move: Stealth Rock
|
|upkeep
|turn|2
|
|t:|1781486573
|switch|p2a: Ninetales|Ninetales-Alola, M|100/100
|-weather|Snowscape|[from] ability: Snow Warning|[of] p2a: Ninetales
|move|p1a: Thundurus|Nasty Plot|p1a: Thundurus
|-boost|p1a: Thundurus|spa|2
|
|-weather|Snowscape|[upkeep]
|upkeep
|turn|3
|
|t:|1781486577
|move|p2a: Ninetales|Blizzard|p1a: Thundurus
|-supereffective|p1a: Thundurus
|-damage|p1a: Thundurus|6/100
|move|p1a: Thundurus|Thunderbolt|p2a: Ninetales
|-damage|p2a: Ninetales|0 fnt
|faint|p2a: Ninetales
|
|-weather|Snowscape|[upkeep]
|upkeep
|
|t:|1781486583
|switch|p2a: Rillaboom|Rillaboom, F|100/100
|-fieldstart|move: Grassy Terrain|[from] ability: Grassy Surge|[of] p2a: Rillaboom
|turn|4
|
|t:|1781486589
|move|p2a: Rillaboom|Grassy Glide|p1a: Thundurus
|-resisted|p1a: Thundurus
|-damage|p1a: Thundurus|0 fnt
|faint|p1a: Thundurus
|
|-weather|Snowscape|[upkeep]
|upkeep
|
|t:|1781486602
|switch|p1a: Glimmora|Glimmora, M, shiny|100/100
|-damage|p1a: Glimmora|88/100|[from] Stealth Rock
|turn|5
|
|t:|1781486607
|switch|p2a: Heatran|Heatran, F|100/100
|move|p1a: Glimmora|Mortal Spin|p2a: Heatran
|-immune|p2a: Heatran
|
|-weather|Snowscape|[upkeep]
|-heal|p1a: Glimmora|94/100|[from] Grassy Terrain
|upkeep
|turn|6
|
|t:|1781486612
|move|p1a: Glimmora|Earth Power|p2a: Heatran
|-supereffective|p2a: Heatran
|-damage|p2a: Heatran|21/100
|move|p2a: Heatran|Earth Power|p1a: Glimmora
|-supereffective|p1a: Glimmora
|-damage|p1a: Glimmora|0 fnt
|faint|p1a: Glimmora
|
|-weather|none
|-heal|p2a: Heatran|27/100|[from] Grassy Terrain
|-heal|p2a: Heatran|33/100|[from] item: Leftovers
|upkeep
|
|t:|1781486616
|switch|p1a: Magnezone|Magnezone|100/100
|-damage|p1a: Magnezone|94/100|[from] Stealth Rock
|turn|7
|
|t:|1781486622
|move|p1a: Magnezone|Volt Switch|p2a: Heatran
|-damage|p2a: Heatran|0 fnt
|faint|p2a: Heatran
|
|t:|1781486628
|switch|p1a: Meowscarada|Meowscarada, F, shiny|100/100|[from] Volt Switch
|-damage|p1a: Meowscarada|88/100|[from] Stealth Rock
|
|-heal|p1a: Meowscarada|94/100|[from] Grassy Terrain
|upkeep
|
|t:|1781486654
|switch|p2a: Rillaboom|Rillaboom, F|100/100
|turn|8
|
|t:|1781486674
|move|p1a: Meowscarada|U-turn|p2a: Rillaboom
|-start|p1a: Meowscarada|typechange|Bug|[from] ability: Protean
|-supereffective|p2a: Rillaboom
|-damage|p2a: Rillaboom|55/100
|
|t:|1781486679
|switch|p1a: Dragonite|Dragonite, M, shiny|100/100|[from] U-turn
|move|p2a: Rillaboom|U-turn|p1a: Dragonite
|-resisted|p1a: Dragonite
|-damage|p1a: Dragonite|94/100
|
|t:|1781486696
|switch|p2a: Great Tusk|Great Tusk|100/100|[from] U-turn
|
|-fieldend|move: Grassy Terrain
|upkeep
|turn|9
|
|t:|1781486707
|-terastallize|p1a: Dragonite|Water
|move|p2a: Great Tusk|Ice Spinner|p1a: Dragonite
|-resisted|p1a: Dragonite
|-damage|p1a: Dragonite|80/100
|move|p1a: Dragonite|Air Slash|p2a: Great Tusk
|-supereffective|p2a: Great Tusk
|-damage|p2a: Great Tusk|17/100
|
|upkeep
|turn|10
|
|t:|1781486715
|-end|p2a: Great Tusk|Protosynthesis|[silent]
|switch|p2a: Alomomola|Alomomola, F|100/100
|move|p1a: Dragonite|Air Slash|p2a: Alomomola
|-damage|p2a: Alomomola|72/100
|
|upkeep
|turn|11
|
|t:|1781486720
|move|p1a: Dragonite|Thunder Wave|p2a: Alomomola|[miss]
|-miss|p1a: Dragonite|p2a: Alomomola
|move|p2a: Alomomola|Flip Turn|p1a: Dragonite
|-resisted|p1a: Dragonite
|-damage|p1a: Dragonite|73/100
|
|t:|1781486737
|switch|p2a: Rillaboom|Rillaboom, F|55/100|[from] Flip Turn
|-fieldstart|move: Grassy Terrain|[from] ability: Grassy Surge|[of] p2a: Rillaboom
|
|-heal|p1a: Dragonite|79/100|[from] Grassy Terrain
|-heal|p2a: Rillaboom|61/100|[from] Grassy Terrain
|upkeep
|turn|12
|
|t:|1781486743
|move|p1a: Dragonite|Air Slash|p2a: Rillaboom
|-supereffective|p2a: Rillaboom
|-damage|p2a: Rillaboom|19/100
|move|p2a: Rillaboom|Wood Hammer|p1a: Dragonite
|-supereffective|p1a: Dragonite
|-damage|p1a: Dragonite|0 fnt
|faint|p1a: Dragonite
|-damage|p2a: Rillaboom|0 fnt|[from] Recoil
|faint|p2a: Rillaboom
|
|upkeep
|inactive|Smitherz107 has 120 seconds left.
|inactive|Smitherz107 has 90 seconds left.
|
|t:|1781486804
|switch|p1a: Meowscarada|Meowscarada, F, shiny|94/100
|switch|p2a: Alomomola|Alomomola, F|100/100
|-damage|p1a: Meowscarada|82/100|[from] Stealth Rock
|turn|13
|inactive|Smitherz107 has 90 seconds left.
|
|t:|1781486815
|-terastallize|p2a: Alomomola|Poison
|move|p1a: Meowscarada|Shadow Ball|p2a: Alomomola
|-start|p1a: Meowscarada|typechange|Ghost|[from] ability: Protean
|-damage|p2a: Alomomola|46/100
|move|p2a: Alomomola|Wish|p2a: Alomomola
|
|-heal|p1a: Meowscarada|88/100|[from] Grassy Terrain
|-heal|p2a: Alomomola|52/100|[from] Grassy Terrain
|upkeep
|turn|14
|
|t:|1781486824
|move|p1a: Meowscarada|Shadow Ball|p2a: Alomomola
|-damage|p2a: Alomomola|0 fnt
|faint|p2a: Alomomola
|
|-heal|p1a: Meowscarada|94/100|[from] Grassy Terrain
|upkeep
|
|t:|1781486830
|switch|p2a: Latias|Latias, F|100/100
|turn|15
|
|t:|1781486834
|move|p1a: Meowscarada|Shadow Ball|p2a: Latias
|-supereffective|p2a: Latias
|-damage|p2a: Latias|35/100
|-unboost|p2a: Latias|spd|1
|-enditem|p2a: Latias|Weakness Policy
|-boost|p2a: Latias|atk|2|[from] item: Weakness Policy
|-boost|p2a: Latias|spa|2|[from] item: Weakness Policy
|move|p2a: Latias|Agility|p2a: Latias
|-boost|p2a: Latias|spe|2
|
|-heal|p1a: Meowscarada|100/100|[from] Grassy Terrain
|-fieldend|move: Grassy Terrain
|upkeep
|turn|16
|inactive|Smitherz107 has 90 seconds left.
|
|t:|1781486878
|switch|p1a: Slither Wing|Slither Wing, shiny|100/100
|-damage|p1a: Slither Wing|88/100|[from] Stealth Rock
|-enditem|p1a: Slither Wing|Booster Energy
|-activate|p1a: Slither Wing|ability: Protosynthesis|[fromitem]
|-start|p1a: Slither Wing|protosynthesisspe
|move|p2a: Latias|Stored Power|p1a: Slither Wing
|-supereffective|p1a: Slither Wing
|-damage|p1a: Slither Wing|0 fnt
|faint|p1a: Slither Wing
|-end|p1a: Slither Wing|Protosynthesis|[silent]
|
|upkeep
|
|t:|1781486885
|switch|p1a: Magnezone|Magnezone|94/100
|-damage|p1a: Magnezone|88/100|[from] Stealth Rock
|turn|17
|
|t:|1781486892
|move|p2a: Latias|Stored Power|p1a: Magnezone
|-resisted|p1a: Magnezone
|-damage|p1a: Magnezone|9/100
|move|p1a: Magnezone|Steel Beam|p2a: Latias
|-damage|p2a: Latias|0 fnt
|-damage|p1a: Magnezone|0 fnt|[from] steelbeam
|faint|p1a: Magnezone
|faint|p2a: Latias
|
|upkeep
|
|t:|1781486896
|switch|p2a: Great Tusk|Great Tusk|17/100
|switch|p1a: Meowscarada|Meowscarada, F, shiny|100/100
|-damage|p1a: Meowscarada|88/100|[from] Stealth Rock
|turn|18
|
|t:|1781486900
|move|p1a: Meowscarada|Shadow Ball|p2a: Great Tusk
|-start|p1a: Meowscarada|typechange|Ghost|[from] ability: Protean
|-damage|p2a: Great Tusk|0 fnt
|faint|p2a: Great Tusk
|-end|p2a: Great Tusk|Protosynthesis|[silent]
|
|win|texett
|raw|texett's rating: 1510 &rarr; <strong>1536</strong><br />(+26 for winning)
|raw|Smitherz107's rating: 1621 &rarr; <strong>1595</strong><br />(-26 for losing)
|l|☆Smitherz107
|player|p2|
|l|☆texett
|player|p1|
