|j|☆Klopple
|j|☆GreninjaMyFav
|t:|1781027737
|gametype|singles
|player|p1|Klopple|sailor|1676
|player|p2|GreninjaMyFav|skyla|1725
|gen|9
|tier|[Gen 9] OU
|rated|
|rule|HP Percentage Mod: HP is shown in percentages
|rule|Endless Battle Clause: Forcing endless battles is banned
|rule|Species Clause: Limit one of each Pokémon
|rule|OHKO Clause: OHKO moves are banned
|rule|Evasion Items Clause: Evasion items are banned
|rule|Evasion Moves Clause: Evasion moves are banned
|rule|Evasion Abilities Clause: Evasion abilities are banned
|rule|Sleep Moves Clause: Sleep-inducing moves are banned
|clearpoke
|poke|p1|Arboliva, M|
|poke|p1|Gliscor, M|
|poke|p1|Iron Crown|
|poke|p1|Zamazenta-*|
|poke|p1|Hatterene, F|
|poke|p1|Dragonite, F|
|poke|p2|Serperior, F|
|poke|p2|Garganacl, M|
|poke|p2|Dragapult, M|
|poke|p2|Great Tusk|
|poke|p2|Gholdengo|
|poke|p2|Alomomola, F|
|teampreview
|
|t:|1781027745
|teamsize|p1|6
|teamsize|p2|6
|start
|switch|p1a: Arboliva|Arboliva, M|100/100
|switch|p2a: Serperior|Serperior, F|100/100
|turn|1
|
|t:|1781027748
|move|p2a: Serperior|Substitute|p2a: Serperior
|-start|p2a: Serperior|Substitute
|-damage|p2a: Serperior|76/100
|move|p1a: Arboliva|Alluring Voice|p2a: Serperior
|-damage|p2a: Serperior|44/100
|
|-heal|p2a: Serperior|50/100|[from] item: Leftovers
|upkeep
|turn|2
|
|t:|1781027753
|move|p2a: Serperior|Glare|p1a: Arboliva
|-status|p1a: Arboliva|par
|move|p1a: Arboliva|Alluring Voice|p2a: Serperior
|-damage|p2a: Serperior|17/100
|
|-heal|p2a: Serperior|23/100|[from] item: Leftovers
|upkeep
|turn|3
|
|t:|1781027756
|switch|p2a: Alomomola|Alomomola, F|100/100
|move|p1a: Arboliva|Alluring Voice|p2a: Alomomola
|-damage|p2a: Alomomola|87/100
|
|upkeep
|turn|4
|
|t:|1781027761
|move|p2a: Alomomola|Flip Turn|p1a: Arboliva
|-resisted|p1a: Arboliva
|-damage|p1a: Arboliva|92/100 par
|
|t:|1781027773
|switch|p2a: Gholdengo|Gholdengo|100/100|[from] Flip Turn
|-item|p2a: Gholdengo|Air Balloon
|move|p1a: Arboliva|Energy Ball|p2a: Gholdengo
|-resisted|p2a: Gholdengo
|-damage|p2a: Gholdengo|72/100
|-enditem|p2a: Gholdengo|Air Balloon
|
|upkeep
|turn|5
|
|t:|1781027780
|move|p2a: Gholdengo|Nasty Plot|p2a: Gholdengo
|-boost|p2a: Gholdengo|spa|2
|move|p1a: Arboliva|Earth Power|p2a: Gholdengo
|-supereffective|p2a: Gholdengo
|-damage|p2a: Gholdengo|0 fnt
|faint|p2a: Gholdengo
|
|upkeep
|-message|GreninjaMyFav forfeited.
|
|win|Klopple
|raw|Klopple's rating: 1676 &rarr; <strong>1699</strong><br />(+23 for winning)
|raw|GreninjaMyFav's rating: 1725 &rarr; <strong>1702</strong><br />(-23 for losing)
|l|☆GreninjaMyFav
|player|p2|
|l|☆Klopple
|player|p1|
