|badge|p2|silver|gen9ou|30-9
|badge|p2|bronze|gen9pu|100-9
|uhtml|medal-msg|<div class="broadcast-blue">Curious what those medals under the avatar are? PS now has Ladder Seasons! For more information, check out the <a href="https://www.smogon.com/forums/threads/3740067/">thread on Smogon.</a></div>
|j|☆mythiixx
|j|☆ceo o wo chien
|t:|1781462601
|gametype|singles
|player|p1|mythiixx|valerie|1687
|player|p2|ceo o wo chien|fisherman-gen4|1957
|gen|9
|tier|[Gen 9] OU
|rated|
|rule|HP Percentage Mod: HP is shown in percentages
|rule|Endless Battle Clause: Forcing endless battles is banned
|rule|Species Clause: Limit one of each Pokémon
|rule|OHKO Clause: OHKO moves are banned
|rule|Evasion Items Clause: Evasion items are banned
|rule|Evasion Moves Clause: Evasion moves are banned
|rule|Evasion Abilities Clause: Evasion abilities are banned
|rule|Sleep Moves Clause: Sleep-inducing moves are banned
|clearpoke
|poke|p1|Kingambit, F|
|poke|p1|Kommo-o, M|
|poke|p1|Iron Valiant|
|poke|p1|Kyurem|
|poke|p1|Iron Treads|
|poke|p1|Iron Crown|
|poke|p2|Wo-Chien|
|poke|p2|Weezing-Galar, F|
|poke|p2|Alomomola, F|
|poke|p2|Iron Treads|
|poke|p2|Latios, M|
|poke|p2|Zamazenta-*|
|teampreview
|inactive|Battle timer is ON: inactive players will automatically lose when time's up. (requested by ceo o wo chien)
|inactive|mythiixx has 120 seconds left.
|
|t:|1781462631
|teamsize|p1|6
|teamsize|p2|6
|start
|switch|p1a: Iron Treads|Iron Treads|100/100
|switch|p2a: Wo-Chien|Wo-Chien|100/100
|-ability|p2a: Wo-Chien|Tablets of Ruin
|-enditem|p1a: Iron Treads|Booster Energy
|-activate|p1a: Iron Treads|ability: Quark Drive|[fromitem]
|-start|p1a: Iron Treads|quarkdrivespe
|turn|1
|
|t:|1781462639
|move|p1a: Iron Treads|Stealth Rock|p2a: Wo-Chien
|-sidestart|p2: ceo o wo chien|move: Stealth Rock
|move|p2a: Wo-Chien|Stun Spore|p1a: Iron Treads|[miss]
|-miss|p2a: Wo-Chien|p1a: Iron Treads
|
|upkeep
|turn|2
|j| kadu99
|
|t:|1781462658
|-end|p1a: Iron Treads|Quark Drive|[silent]
|switch|p1a: Kingambit|Kingambit, F|100/100
|move|p2a: Wo-Chien|Stun Spore|p1a: Kingambit
|-status|p1a: Kingambit|par
|
|upkeep
|turn|3
|
|t:|1781462664
|move|p2a: Wo-Chien|Leech Seed|p1a: Kingambit
|-start|p1a: Kingambit|move: Leech Seed
|move|p1a: Kingambit|Swords Dance|p1a: Kingambit
|-boost|p1a: Kingambit|atk|2
|
|-damage|p1a: Kingambit|88/100 par|[from] Leech Seed|[of] p2a: Wo-Chien
|upkeep
|turn|4
|
|t:|1781462668
|move|p2a: Wo-Chien|Foul Play|p1a: Kingambit
|-resisted|p1a: Kingambit
|-damage|p1a: Kingambit|40/100 par
|move|p1a: Kingambit|Iron Head|p2a: Wo-Chien
|-damage|p2a: Wo-Chien|56/100
|
|-heal|p2a: Wo-Chien|62/100|[from] item: Leftovers
|-heal|p1a: Kingambit|46/100 par|[from] item: Leftovers
|-damage|p1a: Kingambit|34/100 par|[from] Leech Seed|[of] p2a: Wo-Chien
|-heal|p2a: Wo-Chien|73/100|[silent]
|upkeep
|turn|5
|
|t:|1781462675
|-end|p1a: Kingambit|fallenundefined|[silent]
|switch|p1a: Kommo-o|Kommo-o, M|100/100
|move|p2a: Wo-Chien|Protect||[still]
|-fail|p2a: Wo-Chien
|
|-heal|p2a: Wo-Chien|79/100|[from] item: Leftovers
|upkeep
|turn|6
|j| graylv
|
|t:|1781462684
|switch|p2a: Zamazenta|Zamazenta|100/100
|-damage|p2a: Zamazenta|94/100|[from] Stealth Rock
|-ability|p2a: Zamazenta|Dauntless Shield|boost
|-boost|p2a: Zamazenta|def|1
|move|p1a: Kommo-o|Substitute|p1a: Kommo-o
|-start|p1a: Kommo-o|Substitute
|-damage|p1a: Kommo-o|75/100
|
|-heal|p2a: Zamazenta|100/100|[from] item: Leftovers
|-heal|p1a: Kommo-o|82/100|[from] item: Leftovers
|upkeep
|turn|7
|
|t:|1781462688
|move|p2a: Zamazenta|Body Press|p1a: Kommo-o
|-end|p1a: Kommo-o|Substitute
|move|p1a: Kommo-o|Clangorous Soul|p1a: Kommo-o
|-boost|p1a: Kommo-o|atk|1
|-boost|p1a: Kommo-o|def|1
|-boost|p1a: Kommo-o|spa|1
|-boost|p1a: Kommo-o|spd|1
|-boost|p1a: Kommo-o|spe|1
|-damage|p1a: Kommo-o|49/100
|
|-heal|p1a: Kommo-o|55/100|[from] item: Leftovers
|upkeep
|turn|8
|
|t:|1781462691
|move|p1a: Kommo-o|Drain Punch|p2a: Zamazenta
|-damage|p2a: Zamazenta|80/100
|-heal|p1a: Kommo-o|66/100|[from] drain|[of] p2a: Zamazenta
|move|p2a: Zamazenta|Body Press|p1a: Kommo-o
|-damage|p1a: Kommo-o|39/100
|
|-heal|p1a: Kommo-o|45/100|[from] item: Leftovers
|-heal|p2a: Zamazenta|86/100|[from] item: Leftovers
|upkeep
|turn|9
|
|t:|1781462701
|-terastallize|p1a: Kommo-o|Ghost
|move|p1a: Kommo-o|Clangorous Soul|p1a: Kommo-o
|-boost|p1a: Kommo-o|atk|1
|-boost|p1a: Kommo-o|def|1
|-boost|p1a: Kommo-o|spa|1
|-boost|p1a: Kommo-o|spd|1
|-boost|p1a: Kommo-o|spe|1
|-damage|p1a: Kommo-o|12/100
|move|p2a: Zamazenta|Iron Defense|p2a: Zamazenta
|-boost|p2a: Zamazenta|def|2
|
|-heal|p1a: Kommo-o|19/100|[from] item: Leftovers
|-heal|p2a: Zamazenta|93/100|[from] item: Leftovers
|upkeep
|turn|10
|
|t:|1781462709
|move|p1a: Kommo-o|Drain Punch|p2a: Zamazenta
|-damage|p2a: Zamazenta|77/100
|-heal|p1a: Kommo-o|27/100|[from] drain|[of] p2a: Zamazenta
|move|p2a: Zamazenta|Crunch|p1a: Kommo-o
|-supereffective|p1a: Kommo-o
|-damage|p1a: Kommo-o|10/100
|
|-heal|p1a: Kommo-o|17/100|[from] item: Leftovers
|-heal|p2a: Zamazenta|83/100|[from] item: Leftovers
|upkeep
|turn|11
|
|t:|1781462715
|move|p1a: Kommo-o|Drain Punch|p2a: Zamazenta
|-damage|p2a: Zamazenta|68/100
|-heal|p1a: Kommo-o|25/100|[from] drain|[of] p2a: Zamazenta
|move|p2a: Zamazenta|Crunch|p1a: Kommo-o
|-supereffective|p1a: Kommo-o
|-damage|p1a: Kommo-o|7/100
|-unboost|p1a: Kommo-o|def|1
|
|-heal|p1a: Kommo-o|14/100|[from] item: Leftovers
|-heal|p2a: Zamazenta|74/100|[from] item: Leftovers
|upkeep
|turn|12
|
|t:|1781462721
|move|p1a: Kommo-o|Drain Punch|p2a: Zamazenta
|-damage|p2a: Zamazenta|57/100
|-heal|p1a: Kommo-o|23/100|[from] drain|[of] p2a: Zamazenta
|move|p2a: Zamazenta|Crunch|p1a: Kommo-o
|-supereffective|p1a: Kommo-o
|-damage|p1a: Kommo-o|0 fnt
|faint|p1a: Kommo-o
|
|-heal|p2a: Zamazenta|63/100|[from] item: Leftovers
|upkeep
|
|t:|1781462728
|switch|p1a: Iron Valiant|Iron Valiant|100/100
|-enditem|p1a: Iron Valiant|Booster Energy
|-activate|p1a: Iron Valiant|ability: Quark Drive|[fromitem]
|-start|p1a: Iron Valiant|quarkdrivespe
|turn|13
|
|t:|1781462734
|move|p1a: Iron Valiant|Calm Mind|p1a: Iron Valiant
|-boost|p1a: Iron Valiant|spa|1
|-boost|p1a: Iron Valiant|spd|1
|move|p2a: Zamazenta|Roar|p1a: Iron Valiant
|-end|p1a: Iron Valiant|Quark Drive|[silent]
|drag|p1a: Kingambit|Kingambit, F|34/100 par
|-activate|p1a: Kingambit|ability: Supreme Overlord
|-start|p1a: Kingambit|fallen1|[silent]
|
|-heal|p2a: Zamazenta|69/100|[from] item: Leftovers
|-heal|p1a: Kingambit|40/100 par|[from] item: Leftovers
|upkeep
|turn|14
|
|t:|1781462740
|move|p2a: Zamazenta|Iron Defense|p2a: Zamazenta
|-boost|p2a: Zamazenta|def|2
|cant|p1a: Kingambit|par
|
|-heal|p2a: Zamazenta|75/100|[from] item: Leftovers
|-heal|p1a: Kingambit|46/100 par|[from] item: Leftovers
|upkeep
|turn|15
|
|t:|1781462746
|move|p2a: Zamazenta|Body Press|p1a: Kingambit
|-supereffective|p1a: Kingambit
|-damage|p1a: Kingambit|0 fnt
|faint|p1a: Kingambit
|-end|p1a: Kingambit|fallen1|[silent]
|
|-heal|p2a: Zamazenta|82/100|[from] item: Leftovers
|upkeep
|
|t:|1781462751
|switch|p1a: Iron Valiant|Iron Valiant|100/100
|turn|16
|
|t:|1781462757
|move|p2a: Zamazenta|Body Press|p1a: Iron Valiant
|-resisted|p1a: Iron Valiant
|-damage|p1a: Iron Valiant|20/100
|move|p1a: Iron Valiant|Calm Mind|p1a: Iron Valiant
|-boost|p1a: Iron Valiant|spa|1
|-boost|p1a: Iron Valiant|spd|1
|
|-heal|p2a: Zamazenta|88/100|[from] item: Leftovers
|upkeep
|turn|17
|
|t:|1781462760
|move|p2a: Zamazenta|Body Press|p1a: Iron Valiant
|-resisted|p1a: Iron Valiant
|-damage|p1a: Iron Valiant|0 fnt
|faint|p1a: Iron Valiant
|-end|p1a: Iron Valiant|Quark Drive|[silent]
|
|-heal|p2a: Zamazenta|94/100|[from] item: Leftovers
|upkeep
|-message|mythiixx forfeited.
|
|win|ceo o wo chien
|raw|mythiixx's rating: 1687 &rarr; <strong>1680</strong><br />(-7 for losing)
|raw|ceo o wo chien's rating: 1957 &rarr; <strong>1964</strong><br />(+7 for winning)
|l|☆mythiixx
|player|p1|
