|j|☆LowEL0God
|j|☆Kirnil
|t:|1781519253
|gametype|singles
|player|p1|LowEL0God|265|1494
|player|p2|Kirnil|maid|1557
|gen|9
|tier|[Gen 9] OU
|rated|
|rule|HP Percentage Mod: HP is shown in percentages
|rule|Endless Battle Clause: Forcing endless battles is banned
|rule|Species Clause: Limit one of each Pokémon
|rule|OHKO Clause: OHKO moves are banned
|rule|Evasion Items Clause: Evasion items are banned
|rule|Evasion Moves Clause: Evasion moves are banned
|rule|Evasion Abilities Clause: Evasion abilities are banned
|rule|Sleep Moves Clause: Sleep-inducing moves are banned
|clearpoke
|poke|p1|Pelipper, F|
|poke|p1|Raging Bolt|
|poke|p1|Overqwil, M|
|poke|p1|Barraskewda, F|
|poke|p1|Iron Treads|
|poke|p1|Kingambit, F|
|poke|p2|Glimmora, M|
|poke|p2|Great Tusk|
|poke|p2|Alomomola, F|
|poke|p2|Amoonguss, F|
|poke|p2|Iron Valiant|
|poke|p2|Hoopa-Unbound|
|teampreview
|c|☆LowEL0God|hf
|inactive|Battle timer is ON: inactive players will automatically lose when time's up. (requested by LowEL0God)
|
|t:|1781519280
|teamsize|p1|6
|teamsize|p2|6
|start
|switch|p1a: Barraskewda|Barraskewda, F|100/100
|switch|p2a: Alomomola|Alomomola, F|100/100
|turn|1
|
|t:|1781519283
|move|p1a: Barraskewda|Liquidation|p2a: Alomomola
|-resisted|p2a: Alomomola
|-crit|p2a: Alomomola
|-damage|p2a: Alomomola|61/100
|-unboost|p2a: Alomomola|def|1
|move|p2a: Alomomola|Flip Turn|p1a: Barraskewda
|-resisted|p1a: Barraskewda
|-damage|p1a: Barraskewda|85/100
|
|t:|1781519291
|switch|p2a: Amoonguss|Amoonguss, F|100/100|[from] Flip Turn
|
|upkeep
|turn|2
|
|t:|1781519292
|switch|p1a: Kingambit|Kingambit, F|100/100
|move|p2a: Amoonguss|Sludge Bomb|p1a: Kingambit
|-immune|p1a: Kingambit
|
|upkeep
|turn|3
|
|t:|1781519297
|move|p1a: Kingambit|Swords Dance|p1a: Kingambit
|-boost|p1a: Kingambit|atk|2
|move|p2a: Amoonguss|Stun Spore|p1a: Kingambit
|-status|p1a: Kingambit|par
|
|upkeep
|turn|4
|
|t:|1781519301
|move|p2a: Amoonguss|Foul Play|p1a: Kingambit
|-resisted|p1a: Kingambit
|-damage|p1a: Kingambit|74/100 par
|move|p1a: Kingambit|Iron Head|p2a: Amoonguss
|-damage|p2a: Amoonguss|31/100
|-damage|p1a: Kingambit|58/100 par|[from] item: Rocky Helmet|[of] p2a: Amoonguss
|
|-heal|p1a: Kingambit|64/100 par|[from] item: Leftovers
|upkeep
|turn|5
|
|t:|1781519307
|move|p2a: Amoonguss|Synthesis|p2a: Amoonguss
|-heal|p2a: Amoonguss|81/100
|move|p1a: Kingambit|Iron Head|p2a: Amoonguss
|-damage|p2a: Amoonguss|16/100
|-damage|p1a: Kingambit|48/100 par|[from] item: Rocky Helmet|[of] p2a: Amoonguss
|
|-heal|p1a: Kingambit|54/100 par|[from] item: Leftovers
|upkeep
|turn|6
|
|t:|1781519312
|move|p2a: Amoonguss|Foul Play|p1a: Kingambit
|-resisted|p1a: Kingambit
|-damage|p1a: Kingambit|28/100 par
|move|p1a: Kingambit|Iron Head|p2a: Amoonguss
|-damage|p2a: Amoonguss|0 fnt
|-damage|p1a: Kingambit|11/100 par|[from] item: Rocky Helmet|[of] p2a: Amoonguss
|faint|p2a: Amoonguss
|
|-heal|p1a: Kingambit|17/100 par|[from] item: Leftovers
|upkeep
|
|t:|1781519316
|switch|p2a: Iron Valiant|Iron Valiant|100/100
|-enditem|p2a: Iron Valiant|Booster Energy
|-activate|p2a: Iron Valiant|ability: Quark Drive|[fromitem]
|-start|p2a: Iron Valiant|quarkdrivespe
|turn|7
|
|t:|1781519320
|move|p1a: Kingambit|Sucker Punch|p2a: Iron Valiant
|-resisted|p2a: Iron Valiant
|-damage|p2a: Iron Valiant|74/100
|move|p2a: Iron Valiant|Moonblast|p1a: Kingambit
|-damage|p1a: Kingambit|0 fnt
|faint|p1a: Kingambit
|-end|p1a: Kingambit|fallenundefined|[silent]
|
|upkeep
|
|t:|1781519321
|switch|p1a: Pelipper|Pelipper, F|100/100
|-weather|RainDance|[from] ability: Drizzle|[of] p1a: Pelipper
|turn|8
|
|t:|1781519329
|-end|p2a: Iron Valiant|Quark Drive|[silent]
|switch|p2a: Glimmora|Glimmora, M|100/100
|-item|p2a: Glimmora|Air Balloon
|move|p1a: Pelipper|Hurricane|p2a: Glimmora
|-resisted|p2a: Glimmora
|-damage|p2a: Glimmora|75/100
|-enditem|p2a: Glimmora|Air Balloon
|
|-weather|RainDance|[upkeep]
|upkeep
|turn|9
|
|t:|1781519335
|move|p2a: Glimmora|Earth Power|p1a: Pelipper
|-immune|p1a: Pelipper
|move|p1a: Pelipper|Weather Ball|p2a: Glimmora
|-supereffective|p2a: Glimmora
|-damage|p2a: Glimmora|0 fnt
|faint|p2a: Glimmora
|
|-weather|RainDance|[upkeep]
|upkeep
|
|t:|1781519340
|switch|p2a: Hoopa|Hoopa-Unbound|100/100
|turn|10
|
|t:|1781519341
|switch|p1a: Overqwil|Overqwil, M|100/100
|move|p2a: Hoopa|Dark Pulse|p1a: Overqwil
|-resisted|p1a: Overqwil
|-damage|p1a: Overqwil|59/100
|
|-weather|RainDance|[upkeep]
|upkeep
|turn|11
|
|t:|1781519350
|switch|p2a: Alomomola|Alomomola, F|94/100
|move|p1a: Overqwil|Gunk Shot|p2a: Alomomola
|-damage|p2a: Alomomola|28/100
|-status|p2a: Alomomola|psn
|-damage|p1a: Overqwil|49/100|[from] item: Life Orb
|
|-weather|RainDance|[upkeep]
|-damage|p2a: Alomomola|16/100 psn|[from] psn
|upkeep
|turn|12
|
|t:|1781519355
|switch|p2a: Great Tusk|Great Tusk|100/100
|-enditem|p2a: Great Tusk|Booster Energy
|-activate|p2a: Great Tusk|ability: Protosynthesis|[fromitem]
|-start|p2a: Great Tusk|protosynthesisatk
|move|p1a: Overqwil|Liquidation|p2a: Great Tusk
|-supereffective|p2a: Great Tusk
|-damage|p2a: Great Tusk|8/100
|-damage|p1a: Overqwil|39/100|[from] item: Life Orb
|
|-weather|RainDance|[upkeep]
|upkeep
|turn|13
|
|t:|1781519357
|move|p1a: Overqwil|Crunch|p2a: Great Tusk
|-resisted|p2a: Great Tusk
|-damage|p2a: Great Tusk|0 fnt
|faint|p2a: Great Tusk
|-end|p2a: Great Tusk|Protosynthesis|[silent]
|-damage|p1a: Overqwil|30/100|[from] item: Life Orb
|
|-weather|RainDance|[upkeep]
|upkeep
|-message|Kirnil forfeited.
|
|win|LowEL0God
|raw|LowEL0God's rating: 1494 &rarr; <strong>1518</strong><br />(+24 for winning)
|raw|Kirnil's rating: 1557 &rarr; <strong>1533</strong><br />(-24 for losing)
|l|☆Kirnil
|player|p2|
|c|☆LowEL0God|gg
|l|☆LowEL0God
|player|p1|
