|badge|p1|bronze|gen9ou|100-9
|uhtml|medal-msg|<div class="broadcast-blue">Curious what those medals under the avatar are? PS now has Ladder Seasons! For more information, check out the <a href="https://www.smogon.com/forums/threads/3740067/">thread on Smogon.</a></div>
|j|☆noob1877 test
|j|☆crck like alakazam
|t:|1781367484
|gametype|singles
|player|p1|noob1877 test|1|1814
|player|p2|crck like alakazam|psychic-gen4|1756
|gen|9
|tier|[Gen 9] OU
|rated|
|rule|HP Percentage Mod: HP is shown in percentages
|rule|Endless Battle Clause: Forcing endless battles is banned
|rule|Species Clause: Limit one of each Pokémon
|rule|OHKO Clause: OHKO moves are banned
|rule|Evasion Items Clause: Evasion items are banned
|rule|Evasion Moves Clause: Evasion moves are banned
|rule|Evasion Abilities Clause: Evasion abilities are banned
|rule|Sleep Moves Clause: Sleep-inducing moves are banned
|clearpoke
|poke|p1|Araquanid, F|
|poke|p1|Hoopa-Unbound|
|poke|p1|Kingambit, F|
|poke|p1|Ceruledge, F|
|poke|p1|Gholdengo|
|poke|p1|Serperior, F|
|poke|p2|Iron Treads|
|poke|p2|Pelipper, M|
|poke|p2|Dondozo, M|
|poke|p2|Overqwil, M|
|poke|p2|Enamorus, F|
|poke|p2|Raging Bolt|
|teampreview
|inactive|Battle timer is ON: inactive players will automatically lose when time's up. (requested by crck like alakazam)
|c|☆crck like alakazam|hey noob
|c|☆crck like alakazam|glhf
|c|☆noob1877 test|hi
|
|t:|1781367513
|teamsize|p1|6
|teamsize|p2|6
|start
|switch|p1a: Araquanid|Araquanid, F|100/100
|switch|p2a: 4Pc Peliac Combo|Pelipper, M|100/100
|-weather|RainDance|[from] ability: Drizzle|[of] p2a: 4Pc Peliac Combo
|turn|1
|
|t:|1781367521
|move|p2a: 4Pc Peliac Combo|Hurricane|p1a: Araquanid
|-supereffective|p1a: Araquanid
|-damage|p1a: Araquanid|46/100
|-start|p1a: Araquanid|confusion
|-activate|p1a: Araquanid|confusion
|move|p1a: Araquanid|Sticky Web|p2a: 4Pc Peliac Combo
|-sidestart|p2: crck like alakazam|move: Sticky Web
|
|-weather|RainDance|[upkeep]
|upkeep
|turn|2
|
|t:|1781367530
|-activate|p1a: Araquanid|confusion
|move|p1a: Araquanid|Endure|p1a: Araquanid
|-singleturn|p1a: Araquanid|move: Endure
|move|p2a: 4Pc Peliac Combo|U-turn|p1a: Araquanid
|-damage|p1a: Araquanid|36/100
|
|t:|1781367552
|switch|p2a: PurpleRain|Overqwil, M, shiny|100/100|[from] U-turn
|-activate|p2a: PurpleRain|move: Sticky Web
|-unboost|p2a: PurpleRain|spe|1
|
|-weather|RainDance|[upkeep]
|upkeep
|turn|3
|
|t:|1781367557
|-activate|p1a: Araquanid|confusion
|move|p1a: Araquanid|Endure||[still]
|-fail|p1a: Araquanid
|move|p2a: PurpleRain|Gunk Shot|p1a: Araquanid
|-damage|p1a: Araquanid|0 fnt
|faint|p1a: Araquanid
|-damage|p2a: PurpleRain|91/100|[from] item: Life Orb
|
|-weather|RainDance|[upkeep]
|upkeep
|
|t:|1781367570
|switch|p1a: Kingambit|Kingambit, F|100/100
|-activate|p1a: Kingambit|ability: Supreme Overlord
|-start|p1a: Kingambit|fallen1|[silent]
|-item|p1a: Kingambit|Air Balloon
|turn|4
|
|t:|1781367587
|switch|p2a: WishABozoWould|Dondozo, M|100/100
|-activate|p2a: WishABozoWould|move: Sticky Web
|-unboost|p2a: WishABozoWould|spe|1
|move|p1a: Kingambit|Iron Head|p2a: WishABozoWould
|-resisted|p2a: WishABozoWould
|-damage|p2a: WishABozoWould|85/100
|
|-weather|RainDance|[upkeep]
|upkeep
|turn|5
|inactive|noob1877 test has 120 seconds left.
|
|t:|1781367626
|-end|p1a: Kingambit|fallen1|[silent]
|switch|p1a: Gholdengo|Gholdengo|100/100
|-item|p1a: Gholdengo|Air Balloon
|move|p2a: WishABozoWould|Wave Crash|p1a: Gholdengo
|-damage|p1a: Gholdengo|0 fnt
|-enditem|p1a: Gholdengo|Air Balloon
|faint|p1a: Gholdengo
|-damage|p2a: WishABozoWould|62/100|[from] Recoil
|
|-weather|RainDance|[upkeep]
|upkeep
|
|t:|1781367629
|switch|p1a: Serperior|Serperior, F|100/100
|turn|6
|inactive|crck like alakazam has 120 seconds left.
|j| Narwhale73
|inactive|crck like alakazam has 90 seconds left.
|inactive|crck like alakazam has 60 seconds left.
|inactive|crck like alakazam has 30 seconds left.
|
|t:|1781367758
|switch|p2a: Ol'DirtyBolt|Raging Bolt|100/100
|-activate|p2a: Ol'DirtyBolt|move: Sticky Web
|-unboost|p2a: Ol'DirtyBolt|spe|1
|-enditem|p2a: Ol'DirtyBolt|Booster Energy
|-activate|p2a: Ol'DirtyBolt|ability: Protosynthesis|[fromitem]
|-start|p2a: Ol'DirtyBolt|protosynthesisspa
|move|p1a: Serperior|Leaf Storm|p2a: Ol'DirtyBolt
|-resisted|p2a: Ol'DirtyBolt
|-damage|p2a: Ol'DirtyBolt|69/100
|-boost|p1a: Serperior|spa|2
|-damage|p1a: Serperior|91/100|[from] item: Life Orb
|
|-weather|RainDance|[upkeep]
|upkeep
|turn|7
|inactive|crck like alakazam has 30 seconds left.
|inactive|noob1877 test has 120 seconds left.
|
|t:|1781367790
|move|p1a: Serperior|Leaf Storm|p2a: Ol'DirtyBolt
|-resisted|p2a: Ol'DirtyBolt
|-damage|p2a: Ol'DirtyBolt|5/100
|-boost|p1a: Serperior|spa|2
|-damage|p1a: Serperior|81/100|[from] item: Life Orb
|move|p2a: Ol'DirtyBolt|Dragon Pulse|p1a: Serperior
|-damage|p1a: Serperior|7/100
|
|-weather|RainDance|[upkeep]
|upkeep
|turn|8
|inactive|crck like alakazam has 30 seconds left.
|
|t:|1781367811
|move|p1a: Serperior|Glare|p2a: Ol'DirtyBolt
|-immune|p2a: Ol'DirtyBolt
|move|p2a: Ol'DirtyBolt|Dragon Pulse|p1a: Serperior
|-damage|p1a: Serperior|0 fnt
|faint|p1a: Serperior
|
|-weather|none
|upkeep
|
|t:|1781367815
|switch|p1a: Ceruledge|Ceruledge, F|100/100
|-item|p1a: Ceruledge|Air Balloon
|turn|9
|
|t:|1781367827
|move|p1a: Ceruledge|Shadow Sneak|p2a: Ol'DirtyBolt
|-damage|p2a: Ol'DirtyBolt|0 fnt
|faint|p2a: Ol'DirtyBolt
|-end|p2a: Ol'DirtyBolt|Protosynthesis|[silent]
|
|upkeep
|
|t:|1781367833
|switch|p2a: 4Pc Peliac Combo|Pelipper, M|100/100
|-weather|RainDance|[from] ability: Drizzle|[of] p2a: 4Pc Peliac Combo
|turn|10
|
|t:|1781367837
|move|p1a: Ceruledge|Swords Dance|p1a: Ceruledge
|-boost|p1a: Ceruledge|atk|2
|move|p2a: 4Pc Peliac Combo|Weather Ball|p1a: Ceruledge
|-supereffective|p1a: Ceruledge
|-damage|p1a: Ceruledge|0 fnt
|-enditem|p1a: Ceruledge|Air Balloon
|faint|p1a: Ceruledge
|
|-weather|RainDance|[upkeep]
|upkeep
|
|t:|1781367839
|switch|p1a: Hoopa|Hoopa-Unbound|100/100
|turn|11
|
|t:|1781367843
|move|p1a: Hoopa|Psychic|p2a: 4Pc Peliac Combo
|-damage|p2a: 4Pc Peliac Combo|2/100
|-damage|p1a: Hoopa|91/100|[from] item: Life Orb
|move|p2a: 4Pc Peliac Combo|U-turn|p1a: Hoopa
|-supereffective|p1a: Hoopa
|-damage|p1a: Hoopa|26/100
|
|t:|1781367847
|switch|p2a: GangStarrFromAbove|Enamorus, F|100/100|[from] U-turn
|
|-weather|RainDance|[upkeep]
|upkeep
|turn|12
|
|t:|1781367854
|move|p2a: GangStarrFromAbove|Moonblast|p1a: Hoopa
|-supereffective|p1a: Hoopa
|-damage|p1a: Hoopa|0 fnt
|faint|p1a: Hoopa
|
|-weather|RainDance|[upkeep]
|upkeep
|
|t:|1781367856
|switch|p1a: Kingambit|Kingambit, F|100/100
|-activate|p1a: Kingambit|ability: Supreme Overlord
|-start|p1a: Kingambit|fallen5|[silent]
|-item|p1a: Kingambit|Air Balloon
|turn|13
|inactive|crck like alakazam has 90 seconds left.
|
|t:|1781367863
|move|p2a: GangStarrFromAbove|Moonblast|p1a: Kingambit
|-damage|p1a: Kingambit|38/100
|-enditem|p1a: Kingambit|Air Balloon
|move|p1a: Kingambit|Swords Dance|p1a: Kingambit
|-boost|p1a: Kingambit|atk|2
|
|-weather|RainDance|[upkeep]
|upkeep
|turn|14
|
|t:|1781367866
|move|p1a: Kingambit|Sucker Punch|p2a: GangStarrFromAbove
|-resisted|p2a: GangStarrFromAbove
|-damage|p2a: GangStarrFromAbove|6/100
|move|p2a: GangStarrFromAbove|Moonblast|p1a: Kingambit
|-damage|p1a: Kingambit|0 fnt
|faint|p1a: Kingambit
|-end|p1a: Kingambit|fallen5|[silent]
|
|win|crck like alakazam
|raw|noob1877 test's rating: 1814 &rarr; <strong>1791</strong><br />(-23 for losing)
|raw|crck like alakazam's rating: 1756 &rarr; <strong>1779</strong><br />(+23 for winning)
|c|☆crck like alakazam|Ggs
|c|☆noob1877 test|gg
|c|☆crck like alakazam|Bossman
|l|☆noob1877 test
|player|p1|
|j|☆noob1877 test
|player|p1|noob1877 test|1|
|l|☆noob1877 test
|player|p1|
|l| Narwhale73
