|j|☆jd2sleepy
|j|☆uberthegoober
|t:|1781382529
|gametype|singles
|player|p1|jd2sleepy|blackbelt-gen4dp|1535
|player|p2|uberthegoober|266|1531
|gen|9
|tier|[Gen 9] OU
|rated|
|rule|HP Percentage Mod: HP is shown in percentages
|rule|Endless Battle Clause: Forcing endless battles is banned
|rule|Species Clause: Limit one of each Pokémon
|rule|OHKO Clause: OHKO moves are banned
|rule|Evasion Items Clause: Evasion items are banned
|rule|Evasion Moves Clause: Evasion moves are banned
|rule|Evasion Abilities Clause: Evasion abilities are banned
|rule|Sleep Moves Clause: Sleep-inducing moves are banned
|clearpoke
|poke|p1|Glimmora, M|
|poke|p1|Gholdengo|
|poke|p1|Ceruledge, F|
|poke|p1|Kingambit, M|
|poke|p1|Ogerpon-Wellspring, F|
|poke|p1|Cobalion|
|poke|p2|Great Tusk|
|poke|p2|Pecharunt|
|poke|p2|Iron Valiant|
|poke|p2|Iron Crown|
|poke|p2|Samurott-Hisui, M|
|poke|p2|Tornadus-Therian, M|
|teampreview
|
|t:|1781382548
|teamsize|p1|6
|teamsize|p2|6
|start
|switch|p1a: Slayboi Carti|Ceruledge, F|100/100
|switch|p2a: Great Tusk|Great Tusk, shiny|100/100
|turn|1
|
|t:|1781382560
|switch|p1a: Cudge Judy|Ogerpon-Wellspring, F|100/100
|move|p2a: Great Tusk|Stealth Rock|p1a: Cudge Judy
|-sidestart|p1: jd2sleepy|move: Stealth Rock
|
|upkeep
|turn|2
|
|t:|1781382563
|-end|p2a: Great Tusk|Protosynthesis|[silent]
|switch|p2a: Pecharunt|Pecharunt|100/100
|move|p1a: Cudge Judy|Swords Dance|p1a: Cudge Judy
|-boost|p1a: Cudge Judy|atk|2
|
|upkeep
|turn|3
|inactive|Battle timer is ON: inactive players will automatically lose when time's up. (requested by uberthegoober)
|
|t:|1781382568
|move|p1a: Cudge Judy|Ivy Cudgel|p2a: Pecharunt|[anim] Ivy Cudgel Water
|-crit|p2a: Pecharunt
|-damage|p2a: Pecharunt|21/100
|move|p2a: Pecharunt|Malignant Chain|p1a: Cudge Judy
|-supereffective|p1a: Cudge Judy
|-damage|p1a: Cudge Judy|23/100
|-status|p1a: Cudge Judy|tox
|-start|p1a: Cudge Judy|confusion|[from] ability: Poison Puppeteer|[of] p2a: Pecharunt
|
|-damage|p1a: Cudge Judy|17/100 tox|[from] psn
|upkeep
|turn|4
|
|t:|1781382583
|-activate|p1a: Cudge Judy|confusion
|move|p1a: Cudge Judy|Ivy Cudgel|p2a: Pecharunt|[anim] Ivy Cudgel Water
|-damage|p2a: Pecharunt|0 fnt
|faint|p2a: Pecharunt
|
|-damage|p1a: Cudge Judy|5/100 tox|[from] psn
|upkeep
|
|t:|1781382598
|switch|p2a: Tornadus|Tornadus-Therian, M|100/100
|turn|5
|
|t:|1781382601
|switch|p1a: WhySoGlim|Glimmora, M|100/100
|-damage|p1a: WhySoGlim|88/100|[from] Stealth Rock
|move|p2a: Tornadus|Knock Off|p1a: WhySoGlim
|-crit|p1a: WhySoGlim
|-damage|p1a: WhySoGlim|55/100
|-activate|p1a: WhySoGlim|ability: Toxic Debris
|-sidestart|p2: uberthegoober|move: Toxic Spikes
|-enditem|p1a: WhySoGlim|Focus Sash|[from] move: Knock Off|[of] p2a: Tornadus
|
|upkeep
|turn|6
|inactive|uberthegoober has 120 seconds left.
|
|t:|1781382642
|switch|p2a: Iron Crown|Iron Crown|100/100
|move|p1a: WhySoGlim|Earth Power|p2a: Iron Crown
|-supereffective|p2a: Iron Crown
|-damage|p2a: Iron Crown|62/100
|
|upkeep
|turn|7
|
|t:|1781382657
|switch|p1a: Dengos Domain|Gholdengo|100/100
|-damage|p1a: Dengos Domain|94/100|[from] Stealth Rock
|move|p2a: Iron Crown|Psychic Noise|p1a: Dengos Domain
|-resisted|p1a: Dengos Domain
|-damage|p1a: Dengos Domain|73/100
|-start|p1a: Dengos Domain|move: Heal Block
|
|upkeep
|turn|8
|
|t:|1781382678
|move|p1a: Dengos Domain|Shadow Ball|p2a: Iron Crown
|-supereffective|p2a: Iron Crown
|-damage|p2a: Iron Crown|0 fnt
|faint|p2a: Iron Crown
|-end|p2a: Iron Crown|Quark Drive|[silent]
|
|-end|p1a: Dengos Domain|move: Heal Block
|upkeep
|inactive|uberthegoober has 90 seconds left.
|
|t:|1781382702
|switch|p2a: Great Tusk|Great Tusk, shiny|100/100
|turn|9
|
|t:|1781382710
|move|p1a: Dengos Domain|Shadow Ball|p2a: Great Tusk
|-damage|p2a: Great Tusk|36/100
|move|p2a: Great Tusk|Headlong Rush|p1a: Dengos Domain
|-supereffective|p1a: Dengos Domain
|-damage|p1a: Dengos Domain|0 fnt
|-unboost|p2a: Great Tusk|def|1
|-unboost|p2a: Great Tusk|spd|1
|faint|p1a: Dengos Domain
|
|upkeep
|
|t:|1781382727
|switch|p1a: 平和|Kingambit, M|100/100
|-damage|p1a: 平和|94/100|[from] Stealth Rock
|-activate|p1a: 平和|ability: Supreme Overlord
|-start|p1a: 平和|fallen1|[silent]
|-item|p1a: 平和|Air Balloon
|turn|10
|
|t:|1781382738
|move|p2a: Great Tusk|Rapid Spin|p1a: 平和
|-resisted|p1a: 平和
|-damage|p1a: 平和|86/100
|-boost|p2a: Great Tusk|spe|1
|-enditem|p1a: 平和|Air Balloon
|-sideend|p2: uberthegoober|Toxic Spikes|[from] move: Rapid Spin|[of] p2a: Great Tusk
|move|p1a: 平和|Iron Head|p2a: Great Tusk
|-damage|p2a: Great Tusk|0 fnt
|faint|p2a: Great Tusk
|-end|p2a: Great Tusk|Protosynthesis|[silent]
|
|upkeep
|inactive|uberthegoober has 90 seconds left.
|
|t:|1781382766
|switch|p2a: Samurott|Samurott-Hisui, M, shiny|100/100
|turn|11
|
|t:|1781382770
|-end|p1a: 平和|fallen1|[silent]
|switch|p1a: Cudge Judy|Ogerpon-Wellspring, F|5/100 tox
|-damage|p1a: Cudge Judy|0 fnt|[from] Stealth Rock
|faint|p1a: Cudge Judy
|move|p2a: Samurott|Ceaseless Edge|p1: Cudge Judy|[notarget]
|-fail|p2a: Samurott
|
|upkeep
|
|t:|1781382772
|switch|p1a: WhySoGlim|Glimmora, M|55/100
|-damage|p1a: WhySoGlim|43/100|[from] Stealth Rock
|turn|12
|
|t:|1781382781
|move|p2a: Samurott|Sucker Punch|p1a: WhySoGlim
|-damage|p1a: WhySoGlim|0 fnt
|-activate|p1a: WhySoGlim|ability: Toxic Debris
|-sidestart|p2: uberthegoober|move: Toxic Spikes
|faint|p1a: WhySoGlim
|
|upkeep
|
|t:|1781382783
|switch|p1a: CoBeBallin|Cobalion|100/100
|-damage|p1a: CoBeBallin|97/100|[from] Stealth Rock
|turn|13
|
|t:|1781382800
|switch|p2a: Tornadus|Tornadus-Therian, M|100/100
|move|p1a: CoBeBallin|Stone Edge|p2a: Tornadus
|-supereffective|p2a: Tornadus
|-damage|p2a: Tornadus|54/100
|
|-heal|p1a: CoBeBallin|100/100|[from] item: Leftovers
|upkeep
|turn|14
|
|t:|1781382812
|move|p2a: Tornadus|Bleakwind Storm|p1a: CoBeBallin
|-damage|p1a: CoBeBallin|57/100
|move|p1a: CoBeBallin|Stone Edge|p2a: Tornadus
|-supereffective|p2a: Tornadus
|-crit|p2a: Tornadus
|-damage|p2a: Tornadus|0 fnt
|faint|p2a: Tornadus
|
|-heal|p1a: CoBeBallin|63/100|[from] item: Leftovers
|upkeep
|inactive|uberthegoober has 90 seconds left.
|
|t:|1781382834
|switch|p2a: Samurott|Samurott-Hisui, M, shiny|100/100
|-status|p2a: Samurott|psn
|turn|15
|inactive|uberthegoober has 90 seconds left.
|
|t:|1781382840
|move|p2a: Samurott|Ceaseless Edge|p1a: CoBeBallin
|-resisted|p1a: CoBeBallin
|-damage|p1a: CoBeBallin|48/100
|-ability|p1a: CoBeBallin|Justified|boost
|-boost|p1a: CoBeBallin|atk|1
|-sidestart|p1: jd2sleepy|Spikes
|move|p1a: CoBeBallin|Body Press|p2a: Samurott
|-supereffective|p2a: Samurott
|-damage|p2a: Samurott|0 fnt
|faint|p2a: Samurott
|
|-heal|p1a: CoBeBallin|55/100|[from] item: Leftovers
|upkeep
|inactive|uberthegoober has 90 seconds left.
|
|t:|1781382849
|switch|p2a: Iron Valiant|Iron Valiant, shiny|100/100
|-status|p2a: Iron Valiant|psn
|turn|16
|inactive|uberthegoober has 90 seconds left.
|
|t:|1781382872
|-terastallize|p2a: Iron Valiant|Fairy
|move|p2a: Iron Valiant|Moonblast|p1a: CoBeBallin
|-damage|p1a: CoBeBallin|0 fnt
|faint|p1a: CoBeBallin
|
|-damage|p2a: Iron Valiant|88/100 psn|[from] psn
|upkeep
|
|t:|1781382874
|switch|p1a: 平和|Kingambit, M|86/100
|-damage|p1a: 平和|80/100|[from] Stealth Rock
|-damage|p1a: 平和|68/100|[from] Spikes
|-activate|p1a: 平和|ability: Supreme Overlord
|-start|p1a: 平和|fallen4|[silent]
|turn|17
|
|t:|1781382876
|-terastallize|p1a: 平和|Fire
|move|p2a: Iron Valiant|Moonblast|p1a: 平和
|-resisted|p1a: 平和
|-damage|p1a: 平和|15/100
|-unboost|p1a: 平和|spa|1
|move|p1a: 平和|Iron Head|p2a: Iron Valiant
|-supereffective|p2a: Iron Valiant
|-damage|p2a: Iron Valiant|0 fnt
|faint|p2a: Iron Valiant
|-end|p2a: Iron Valiant|Quark Drive|[silent]
|
|win|jd2sleepy
|raw|jd2sleepy's rating: 1535 &rarr; <strong>1555</strong><br />(+20 for winning)
|raw|uberthegoober's rating: 1531 &rarr; <strong>1511</strong><br />(-20 for losing)
|l|☆uberthegoober
|player|p2|
