|j|☆bobbybobby123
|j|☆winslowyoudog
|t:|1781300798
|gametype|singles
|player|p1|bobbybobby123|266|1521
|player|p2|winslowyoudog|265|1612
|gen|9
|tier|[Gen 9] OU
|rated|
|rule|HP Percentage Mod: HP is shown in percentages
|rule|Endless Battle Clause: Forcing endless battles is banned
|rule|Species Clause: Limit one of each Pokémon
|rule|OHKO Clause: OHKO moves are banned
|rule|Evasion Items Clause: Evasion items are banned
|rule|Evasion Moves Clause: Evasion moves are banned
|rule|Evasion Abilities Clause: Evasion abilities are banned
|rule|Sleep Moves Clause: Sleep-inducing moves are banned
|clearpoke
|poke|p1|Ogerpon-Wellspring, F|
|poke|p1|Hawlucha, M|
|poke|p1|Weezing-Galar, M|
|poke|p1|Great Tusk|
|poke|p1|Slowking-Galar, L99, M|
|poke|p1|Kyurem|
|poke|p2|Slowbro-Galar, F|
|poke|p2|Indeedee, M|
|poke|p2|Armarouge, F|
|poke|p2|Hatterene, F|
|poke|p2|Iron Treads|
|poke|p2|Hawlucha, F|
|teampreview
|inactive|Battle timer is ON: inactive players will automatically lose when time's up. (requested by winslowyoudog)
|
|t:|1781300826
|teamsize|p1|6
|teamsize|p2|6
|start
|switch|p1a: Slowking|Slowking-Galar, L99, M, shiny|100/100
|switch|p2a: Indeedee|Indeedee, M|100/100
|-fieldstart|move: Psychic Terrain|[from] ability: Psychic Surge|[of] p2a: Indeedee
|turn|1
|
|t:|1781300843
|switch|p1a: Weezing|Weezing-Galar, M, shiny|100/100
|-fieldstart|move: Misty Terrain|[from] ability: Misty Surge|[of] p1a: Weezing
|move|p2a: Indeedee|Trick Room|p2a: Indeedee
|-fieldstart|move: Trick Room|[of] p2a: Indeedee
|
|upkeep
|turn|2
|
|t:|1781300862
|switch|p2a: Hatterene|Hatterene, F|100/100
|switch|p1a: Slowking|Slowking-Galar, L99, M, shiny|100/100
|
|upkeep
|turn|3
|
|t:|1781300870
|switch|p2a: Indeedee|Indeedee, M|100/100
|-fieldstart|move: Psychic Terrain|[from] ability: Psychic Surge|[of] p2a: Indeedee
|move|p1a: Slowking|Future Sight|p2a: Indeedee
|-start|p1a: Slowking|move: Future Sight
|
|upkeep
|turn|4
|
|t:|1781300873
|move|p1a: Slowking|Light Screen|p1a: Slowking
|-sidestart|p1: bobbybobby123|move: Light Screen
|move|p2a: Indeedee|Expanding Force|p1a: Slowking
|-damage|p1a: Slowking|77/100
|
|-heal|p1a: Slowking|83/100|[from] item: Leftovers
|upkeep
|turn|5
|
|t:|1781300884
|switch|p1a: Weezing|Weezing-Galar, M, shiny|100/100
|-fieldstart|move: Misty Terrain|[from] ability: Misty Surge|[of] p1a: Weezing
|move|p2a: Indeedee|Expanding Force|p1a: Weezing
|-supereffective|p1a: Weezing
|-damage|p1a: Weezing|61/100
|
|-end|p2a: Indeedee|move: Future Sight
|-resisted|p2a: Indeedee
|-damage|p2a: Indeedee|78/100
|-fieldend|move: Trick Room
|upkeep
|turn|6
|
|t:|1781300891
|move|p1a: Weezing|Taunt|p2a: Indeedee
|-start|p2a: Indeedee|move: Taunt
|move|p2a: Indeedee|Expanding Force|p1a: Weezing
|-supereffective|p1a: Weezing
|-damage|p1a: Weezing|25/100
|
|upkeep
|turn|7
|inactive|bobbybobby123 has 120 seconds left.
|
|t:|1781300926
|switch|p1a: Ogerpon|Ogerpon-Wellspring, F|100/100
|move|p2a: Indeedee|Expanding Force|p1a: Ogerpon
|-damage|p1a: Ogerpon|85/100
|
|upkeep
|turn|8
|inactive|bobbybobby123 has 120 seconds left.
|
|t:|1781300949
|switch|p2a: Hatterene|Hatterene, F|100/100
|move|p1a: Ogerpon|Swords Dance|p1a: Ogerpon
|-boost|p1a: Ogerpon|atk|2
|
|-sideend|p1: bobbybobby123|move: Light Screen
|upkeep
|turn|9
|
|t:|1781300960
|move|p1a: Ogerpon|Ivy Cudgel|p2a: Hatterene|[anim] Ivy Cudgel Water
|-damage|p2a: Hatterene|0 fnt
|faint|p2a: Hatterene
|
|upkeep
|
|t:|1781300962
|switch|p2a: Indeedee|Indeedee, M|78/100
|-fieldstart|move: Psychic Terrain|[from] ability: Psychic Surge|[of] p2a: Indeedee
|turn|10
|inactive|bobbybobby123 has 120 seconds left.
|c|☆winslowyoudog|go
|inactive|bobbybobby123 has 90 seconds left.
|
|t:|1781301015
|switch|p2a: Iron Treads|Iron Treads|100/100
|-item|p2a: Iron Treads|Air Balloon
|move|p1a: Ogerpon|Ivy Cudgel|p2a: Iron Treads|[anim] Ivy Cudgel Water
|-supereffective|p2a: Iron Treads
|-damage|p2a: Iron Treads|0 fnt
|-enditem|p2a: Iron Treads|Air Balloon
|faint|p2a: Iron Treads
|-end|p2a: Iron Treads|Quark Drive|[silent]
|
|upkeep
|
|t:|1781301018
|switch|p2a: Hawlucha|Hawlucha, F|100/100
|-enditem|p2a: Hawlucha|Psychic Seed
|-boost|p2a: Hawlucha|spd|1|[from] item: Psychic Seed
|turn|11
|
|t:|1781301027
|-terastallize|p1a: Ogerpon|Water
|detailschange|p1a: Ogerpon|Ogerpon-Wellspring-Tera, F, tera:Water
|-ability|p1a: Ogerpon|Embody Aspect (Wellspring)|boost
|-boost|p1a: Ogerpon|spd|1
|move|p2a: Hawlucha|Acrobatics|p1a: Ogerpon
|-damage|p1a: Ogerpon|21/100
|move|p1a: Ogerpon|Ivy Cudgel|p2a: Hawlucha|[anim] Ivy Cudgel Water
|-damage|p2a: Hawlucha|0 fnt
|faint|p2a: Hawlucha
|
|upkeep
|
|t:|1781301031
|switch|p2a: Armarouge|Armarouge, F|100/100
|turn|12
|
|t:|1781301038
|switch|p1a: Weezing|Weezing-Galar, M, shiny|25/100
|-fieldstart|move: Misty Terrain|[from] ability: Misty Surge|[of] p1a: Weezing
|move|p2a: Armarouge|Endure||[still]
|-fail|p2a: Armarouge
|
|upkeep
|turn|13
|
|t:|1781301045
|switch|p2a: Indeedee|Indeedee, M|78/100
|-fieldstart|move: Psychic Terrain|[from] ability: Psychic Surge|[of] p2a: Indeedee
|switch|p1a: Slowking|Slowking-Galar, L99, M, shiny|100/100
|
|upkeep
|turn|14
|
|t:|1781301065
|switch|p2a: Megaman|Slowbro-Galar, F|100/100
|move|p1a: Slowking|Light Screen|p1a: Slowking
|-sidestart|p1: bobbybobby123|move: Light Screen
|
|upkeep
|turn|15
|
|t:|1781301070
|move|p2a: Megaman|Nasty Plot|p2a: Megaman
|-boost|p2a: Megaman|spa|2
|-prepare|p1a: Slowking|Chilly Reception|[premajor]
|move|p1a: Slowking|Chilly Reception|p1a: Slowking
|-weather|Snowscape
|inactive|bobbybobby123 has 90 seconds left.
|
|t:|1781301096
|switch|p1a: Weezing|Weezing-Galar, M, shiny|25/100|[from] Chilly Reception
|-fieldstart|move: Misty Terrain|[from] ability: Misty Surge|[of] p1a: Weezing
|
|-weather|Snowscape|[upkeep]
|upkeep
|turn|16
|
|t:|1781301099
|move|p1a: Weezing|Taunt|p2a: Megaman
|-start|p2a: Megaman|move: Taunt
|cant|p2a: Megaman|move: Taunt|Nasty Plot
|
|-weather|Snowscape|[upkeep]
|upkeep
|turn|17
|inactive|bobbybobby123 has 90 seconds left.
|
|t:|1781301116
|switch|p1a: Ogerpon|Ogerpon-Wellspring-Tera, F, tera:Water|21/100
|-ability|p1a: Ogerpon|Embody Aspect (Wellspring)|boost
|-boost|p1a: Ogerpon|spd|1
|move|p2a: Megaman|Expanding Force|p1a: Ogerpon
|-damage|p1a: Ogerpon|0 fnt
|faint|p1a: Ogerpon
|detailschange|p1: Ogerpon|Ogerpon-Wellspring, F|[silent]
|
|-weather|Snowscape|[upkeep]
|upkeep
|
|t:|1781301123
|switch|p1a: Great Tusk|Great Tusk, shiny|100/100
|-enditem|p1a: Great Tusk|Booster Energy
|-activate|p1a: Great Tusk|ability: Protosynthesis|[fromitem]
|-start|p1a: Great Tusk|protosynthesisatk
|turn|18
|inactive|bobbybobby123 has 90 seconds left.
|
|t:|1781301128
|-terastallize|p2a: Megaman|Water
|move|p1a: Great Tusk|Headlong Rush|p2a: Megaman
|-damage|p2a: Megaman|26/100
|-unboost|p1a: Great Tusk|def|1
|-unboost|p1a: Great Tusk|spd|1
|move|p2a: Megaman|Expanding Force|p1a: Great Tusk
|-supereffective|p1a: Great Tusk
|-damage|p1a: Great Tusk|0 fnt
|faint|p1a: Great Tusk
|-end|p1a: Great Tusk|Protosynthesis|[silent]
|
|-weather|Snowscape|[upkeep]
|-end|p2a: Megaman|move: Taunt
|-sideend|p1: bobbybobby123|move: Light Screen
|upkeep
|inactive|bobbybobby123 has 90 seconds left.
|
|t:|1781301146
|switch|p1a: Hawlucha|Hawlucha, M, shiny|100/100
|-enditem|p1a: Hawlucha|Misty Seed
|-boost|p1a: Hawlucha|spd|1|[from] item: Misty Seed
|turn|19
|
|t:|1781301163
|move|p1a: Hawlucha|Acrobatics|p2a: Megaman
|-damage|p2a: Megaman|0 fnt
|faint|p2a: Megaman
|
|-weather|none
|upkeep
|
|t:|1781301165
|switch|p2a: Indeedee|Indeedee, M|78/100
|-fieldstart|move: Psychic Terrain|[from] ability: Psychic Surge|[of] p2a: Indeedee
|turn|20
|
|t:|1781301169
|move|p1a: Hawlucha|Acrobatics|p2a: Indeedee
|-damage|p2a: Indeedee|21/100
|move|p2a: Indeedee|Expanding Force|p1a: Hawlucha
|-supereffective|p1a: Hawlucha
|-damage|p1a: Hawlucha|0 fnt
|faint|p1a: Hawlucha
|
|upkeep
|inactive|bobbybobby123 has 90 seconds left.
|
|t:|1781301175
|switch|p1a: Weezing|Weezing-Galar, M, shiny|25/100
|-fieldstart|move: Misty Terrain|[from] ability: Misty Surge|[of] p1a: Weezing
|turn|21
|
|t:|1781301183
|move|p1a: Weezing|Dazzling Gleam|p2a: Indeedee
|-damage|p2a: Indeedee|0 fnt
|faint|p2a: Indeedee
|
|upkeep
|
|t:|1781301185
|switch|p2a: Armarouge|Armarouge, F|100/100
|turn|22
|
|t:|1781301192
|move|p2a: Armarouge|Expanding Force|p1a: Weezing
|-supereffective|p1a: Weezing
|-damage|p1a: Weezing|0 fnt
|faint|p1a: Weezing
|
|upkeep
|
|t:|1781301195
|switch|p1a: Slowking|Slowking-Galar, L99, M, shiny|100/100
|turn|23
|
|t:|1781301204
|move|p2a: Armarouge|Expanding Force|p1a: Slowking
|-damage|p1a: Slowking|69/100
|move|p1a: Slowking|Light Screen|p1a: Slowking
|-sidestart|p1: bobbybobby123|move: Light Screen
|
|-heal|p1a: Slowking|75/100|[from] item: Leftovers
|upkeep
|turn|24
|
|t:|1781301207
|move|p2a: Armarouge|Expanding Force|p1a: Slowking
|-damage|p1a: Slowking|57/100
|move|p1a: Slowking|Future Sight|p2a: Armarouge
|-start|p1a: Slowking|move: Future Sight
|
|-heal|p1a: Slowking|63/100|[from] item: Leftovers
|upkeep
|turn|25
|
|t:|1781301211
|move|p2a: Armarouge|Expanding Force|p1a: Slowking
|-damage|p1a: Slowking|47/100
|-prepare|p1a: Slowking|Chilly Reception|[premajor]
|move|p1a: Slowking|Chilly Reception|p1a: Slowking
|-weather|Snowscape
|
|t:|1781301213
|switch|p1a: Kyurem|Kyurem, shiny|100/100|[from] Chilly Reception
|-ability|p1a: Kyurem|Pressure
|
|-weather|Snowscape|[upkeep]
|upkeep
|turn|26
|
|t:|1781301219
|move|p2a: Armarouge|Endure|p2a: Armarouge
|-singleturn|p2a: Armarouge|move: Endure
|move|p1a: Kyurem|Dragon Dance|p1a: Kyurem
|-boost|p1a: Kyurem|atk|1
|-boost|p1a: Kyurem|spe|1
|
|-weather|Snowscape|[upkeep]
|-end|p2a: Armarouge|move: Future Sight
|-resisted|p2a: Armarouge
|-damage|p2a: Armarouge|71/100
|upkeep
|turn|27
|
|t:|1781301225
|move|p2a: Armarouge|Endure||[still]
|-fail|p2a: Armarouge
|move|p1a: Kyurem|Earth Power|p2a: Armarouge
|-supereffective|p2a: Armarouge
|-crit|p2a: Armarouge
|-damage|p2a: Armarouge|0 fnt
|faint|p2a: Armarouge
|
|win|bobbybobby123
|raw|bobbybobby123's rating: 1521 &rarr; <strong>1546</strong><br />(+25 for winning)
|raw|winslowyoudog's rating: 1612 &rarr; <strong>1587</strong><br />(-25 for losing)
|l|☆winslowyoudog
|player|p2|
