|j|☆phreshoatmeal
|j|☆KurisuChestnutLab
|t:|1781135975
|gametype|singles
|player|p1|phreshoatmeal|clerk|1565
|player|p2|KurisuChestnutLab|may-contest|1653
|gen|9
|tier|[Gen 9] OU
|rated|
|rule|HP Percentage Mod: HP is shown in percentages
|rule|Endless Battle Clause: Forcing endless battles is banned
|rule|Species Clause: Limit one of each Pokémon
|rule|OHKO Clause: OHKO moves are banned
|rule|Evasion Items Clause: Evasion items are banned
|rule|Evasion Moves Clause: Evasion moves are banned
|rule|Evasion Abilities Clause: Evasion abilities are banned
|rule|Sleep Moves Clause: Sleep-inducing moves are banned
|clearpoke
|poke|p1|Tyranitar, M|
|poke|p1|Excadrill, F|
|poke|p1|Hatterene, F|
|poke|p1|Hydrapple, F|
|poke|p1|Corviknight, M|
|poke|p1|Zamazenta-*|
|poke|p2|Zamazenta-*|
|poke|p2|Zapdos|
|poke|p2|Garganacl, F|
|poke|p2|Clefable, M|
|poke|p2|Samurott-Hisui, M|
|poke|p2|Gholdengo|
|teampreview
|inactive|Battle timer is ON: inactive players will automatically lose when time's up. (requested by KurisuChestnutLab)
|
|t:|1781136001
|teamsize|p1|6
|teamsize|p2|6
|start
|switch|p1a: Tyranitar|Tyranitar, M|100/100
|switch|p2a: Zamazenta|Zamazenta|100/100
|-ability|p2a: Zamazenta|Dauntless Shield|boost
|-boost|p2a: Zamazenta|def|1
|-weather|Sandstorm|[from] ability: Sand Stream|[of] p1a: Tyranitar
|turn|1
|
|t:|1781136010
|switch|p1a: Hatterene|Hatterene, F|100/100
|move|p2a: Zamazenta|Body Press|p1a: Hatterene
|-resisted|p1a: Hatterene
|-damage|p1a: Hatterene|91/100
|
|-weather|Sandstorm|[upkeep]
|-damage|p2a: Zamazenta|94/100|[from] Sandstorm
|-damage|p1a: Hatterene|85/100|[from] Sandstorm
|-heal|p2a: Zamazenta|100/100|[from] item: Leftovers
|-heal|p1a: Hatterene|91/100|[from] item: Leftovers
|upkeep
|turn|2
|inactive|phreshoatmeal has 120 seconds left.
|
|t:|1781136046
|switch|p2a: Garganacl|Garganacl, F|100/100
|switch|p1a: Excadrill|Excadrill, F|100/100
|
|-weather|Sandstorm|[upkeep]
|upkeep
|turn|3
|inactive|phreshoatmeal has 120 seconds left.
|
|t:|1781136054
|switch|p2a: Zamazenta|Zamazenta|100/100
|move|p1a: Excadrill|Rock Slide|p2a: Zamazenta|[miss]
|-miss|p1a: Excadrill|p2a: Zamazenta
|
|-weather|Sandstorm|[upkeep]
|-damage|p2a: Zamazenta|94/100|[from] Sandstorm
|-heal|p2a: Zamazenta|100/100|[from] item: Leftovers
|upkeep
|turn|4
|
|t:|1781136061
|switch|p1a: Hatterene|Hatterene, F|91/100
|move|p2a: Zamazenta|Iron Defense|p2a: Zamazenta
|-boost|p2a: Zamazenta|def|2
|
|-weather|Sandstorm|[upkeep]
|-damage|p2a: Zamazenta|94/100|[from] Sandstorm
|-damage|p1a: Hatterene|85/100|[from] Sandstorm
|-heal|p2a: Zamazenta|100/100|[from] item: Leftovers
|-heal|p1a: Hatterene|91/100|[from] item: Leftovers
|upkeep
|turn|5
|
|t:|1781136066
|move|p1a: Hatterene|Future Sight|p2a: Zamazenta
|-start|p1a: Hatterene|move: Future Sight
|move|p2a: Zamazenta|Roar|p1a: Hatterene
|move|p1a: Hatterene|Roar|p2a: Zamazenta|[from] ability: Magic Bounce
|drag|p2a: Samurott|Samurott-Hisui, M|100/100
|
|-weather|Sandstorm|[upkeep]
|-damage|p2a: Samurott|94/100|[from] Sandstorm
|-damage|p1a: Hatterene|85/100|[from] Sandstorm
|-heal|p1a: Hatterene|91/100|[from] item: Leftovers
|upkeep
|turn|6
|inactive|phreshoatmeal has 120 seconds left.
|
|t:|1781136102
|switch|p2a: Gholdengo|Gholdengo|100/100
|switch|p1a: Hydrapple|Hydrapple, F|100/100
|
|-weather|Sandstorm|[upkeep]
|-damage|p1a: Hydrapple|94/100|[from] Sandstorm
|upkeep
|turn|7
|
|t:|1781136113
|switch|p1a: Excadrill|Excadrill, F|100/100
|move|p2a: Gholdengo|Make It Rain|p1a: Excadrill
|-resisted|p1a: Excadrill
|-damage|p1a: Excadrill|55/100
|-unboost|p2a: Gholdengo|spa|1
|
|-weather|Sandstorm|[upkeep]
|-end|p2a: Gholdengo|move: Future Sight
|-resisted|p2a: Gholdengo
|-damage|p2a: Gholdengo|68/100
|upkeep
|turn|8
|
|t:|1781136120
|switch|p2a: Zamazenta|Zamazenta|100/100
|move|p1a: Excadrill|Rock Slide|p2a: Zamazenta
|-resisted|p2a: Zamazenta
|-damage|p2a: Zamazenta|85/100
|
|-weather|none
|-heal|p2a: Zamazenta|91/100|[from] item: Leftovers
|upkeep
|turn|9
|
|t:|1781136124
|switch|p2a: Gholdengo|Gholdengo|68/100
|switch|p1a: Hatterene|Hatterene, F|91/100
|
|-heal|p1a: Hatterene|97/100|[from] item: Leftovers
|upkeep
|turn|10
|
|t:|1781136128
|switch|p1a: Corviknight|Corviknight, M|100/100
|move|p2a: Gholdengo|Make It Rain|p1a: Corviknight
|-resisted|p1a: Corviknight
|-damage|p1a: Corviknight|78/100
|-unboost|p2a: Gholdengo|spa|1
|-enditem|p1a: Corviknight|Eject Button
|
|t:|1781136142
|switch|p1a: Excadrill|Excadrill, F|55/100
|
|upkeep
|turn|11
|
|t:|1781136146
|switch|p2a: Zamazenta|Zamazenta|91/100
|move|p1a: Excadrill|Earthquake|p2a: Zamazenta
|-damage|p2a: Zamazenta|26/100
|
|-heal|p2a: Zamazenta|32/100|[from] item: Leftovers
|upkeep
|turn|12
|
|t:|1781136151
|switch|p2a: Zapdos|Zapdos|100/100
|switch|p1a: Hatterene|Hatterene, F|97/100
|
|-heal|p1a: Hatterene|100/100|[from] item: Leftovers
|upkeep
|turn|13
|
|t:|1781136157
|move|p2a: Zapdos|Hurricane|p1a: Hatterene|[miss]
|-miss|p2a: Zapdos|p1a: Hatterene
|move|p1a: Hatterene|Draining Kiss|p2a: Zapdos
|-damage|p2a: Zapdos|79/100
|-status|p1a: Hatterene|par|[from] ability: Static|[of] p2a: Zapdos
|
|upkeep
|turn|14
|
|t:|1781136161
|move|p2a: Zapdos|Hurricane|p1a: Hatterene
|-damage|p1a: Hatterene|50/100 par
|-start|p1a: Hatterene|confusion
|-activate|p1a: Hatterene|confusion
|move|p1a: Hatterene|Gravity|p1a: Hatterene
|-fieldstart|move: Gravity
|
|-heal|p1a: Hatterene|56/100 par|[from] item: Leftovers
|upkeep
|turn|15
|
|t:|1781136170
|switch|p1a: Tyranitar|Tyranitar, M|100/100
|-weather|Sandstorm|[from] ability: Sand Stream|[of] p1a: Tyranitar
|move|p2a: Zapdos|Volt Switch|p1a: Tyranitar
|-damage|p1a: Tyranitar|87/100
|
|t:|1781136174
|switch|p2a: Garganacl|Garganacl, F|100/100|[from] Volt Switch
|
|-weather|Sandstorm|[upkeep]
|upkeep
|turn|16
|
|t:|1781136178
|switch|p1a: Hydrapple|Hydrapple, F|100/100
|move|p2a: Garganacl|Salt Cure|p1a: Hydrapple
|-damage|p1a: Hydrapple|92/100
|-start|p1a: Hydrapple|Salt Cure
|-enditem|p1a: Hydrapple|Eject Button
|
|t:|1781136180
|switch|p1a: Excadrill|Excadrill, F|55/100
|
|-weather|Sandstorm|[upkeep]
|upkeep
|turn|17
|
|t:|1781136187
|-terastallize|p2a: Garganacl|Water
|move|p1a: Excadrill|Earthquake|p2a: Garganacl
|-damage|p2a: Garganacl|41/100
|move|p2a: Garganacl|Earthquake|p1a: Excadrill
|-supereffective|p1a: Excadrill
|-damage|p1a: Excadrill|0 fnt
|faint|p1a: Excadrill
|
|-weather|Sandstorm|[upkeep]
|-damage|p2a: Garganacl|35/100|[from] Sandstorm
|-heal|p2a: Garganacl|41/100|[from] item: Leftovers
|upkeep
|
|t:|1781136199
|switch|p1a: Hydrapple|Hydrapple, F|100/100
|turn|18
|
|t:|1781136206
|move|p1a: Hydrapple|Leaf Storm|p2a: Garganacl
|-supereffective|p2a: Garganacl
|-damage|p2a: Garganacl|0 fnt
|-unboost|p1a: Hydrapple|spa|2
|faint|p2a: Garganacl
|
|-weather|Sandstorm|[upkeep]
|-damage|p1a: Hydrapple|94/100|[from] Sandstorm
|-fieldend|move: Gravity
|upkeep
|
|t:|1781136210
|switch|p2a: Gholdengo|Gholdengo|68/100
|turn|19
|
|t:|1781136216
|switch|p1a: Corviknight|Corviknight, M|78/100
|move|p2a: Gholdengo|Make It Rain|p1a: Corviknight
|-resisted|p1a: Corviknight
|-damage|p1a: Corviknight|56/100
|-unboost|p2a: Gholdengo|spa|1
|
|-weather|Sandstorm|[upkeep]
|upkeep
|turn|20
|
|t:|1781136224
|switch|p2a: Zapdos|Zapdos|79/100
|move|p1a: Corviknight|Roost|p1a: Corviknight
|-heal|p1a: Corviknight|100/100
|-singleturn|p1a: Corviknight|move: Roost
|
|-weather|Sandstorm|[upkeep]
|-damage|p2a: Zapdos|73/100|[from] Sandstorm
|upkeep
|turn|21
|
|t:|1781136230
|switch|p1a: Tyranitar|Tyranitar, M|87/100
|move|p2a: Zapdos|Discharge|p1a: Tyranitar
|-damage|p1a: Tyranitar|73/100
|
|-weather|Sandstorm|[upkeep]
|-damage|p2a: Zapdos|67/100|[from] Sandstorm
|upkeep
|turn|22
|
|t:|1781136237
|move|p2a: Zapdos|Roost|p2a: Zapdos
|-heal|p2a: Zapdos|100/100
|-singleturn|p2a: Zapdos|move: Roost
|move|p1a: Tyranitar|Stealth Rock|p2a: Zapdos
|-sidestart|p2: KurisuChestnutLab|move: Stealth Rock
|
|-weather|none
|upkeep
|turn|23
|
|t:|1781136250
|move|p2a: Zapdos|Volt Switch|p1a: Tyranitar
|-damage|p1a: Tyranitar|52/100
|
|t:|1781136254
|switch|p2a: Clefable|Clefable, M|100/100|[from] Volt Switch
|move|p1a: Tyranitar|Knock Off|p2a: Clefable
|-resisted|p2a: Clefable
|-damage|p2a: Clefable|84/100
|-enditem|p2a: Clefable|Heavy-Duty Boots|[from] move: Knock Off|[of] p1a: Tyranitar
|
|upkeep
|turn|24
|
|t:|1781136267
|switch|p1a: Corviknight|Corviknight, M|100/100
|move|p2a: Clefable|Moonblast|p1a: Corviknight
|-resisted|p1a: Corviknight
|-damage|p1a: Corviknight|89/100
|
|upkeep
|turn|25
|
|t:|1781136274
|move|p2a: Clefable|Moonblast|p1a: Corviknight
|-resisted|p1a: Corviknight
|-damage|p1a: Corviknight|79/100
|-ability|p1a: Corviknight|Mirror Armor
|-unboost|p2a: Clefable|spa|1
|move|p1a: Corviknight|U-turn|p2a: Clefable
|-resisted|p2a: Clefable
|-damage|p2a: Clefable|78/100
|
|t:|1781136293
|switch|p1a: Hatterene|Hatterene, F|56/100 par|[from] U-turn
|
|-heal|p1a: Hatterene|62/100 par|[from] item: Leftovers
|upkeep
|turn|26
|
|t:|1781136298
|switch|p2a: Gholdengo|Gholdengo|68/100
|-damage|p2a: Gholdengo|62/100|[from] Stealth Rock
|move|p1a: Hatterene|Future Sight|p2a: Gholdengo
|-start|p1a: Hatterene|move: Future Sight
|
|-heal|p1a: Hatterene|68/100 par|[from] item: Leftovers
|upkeep
|turn|27
|
|t:|1781136304
|switch|p1a: Corviknight|Corviknight, M|79/100
|move|p2a: Gholdengo|Shadow Ball|p1a: Corviknight
|-damage|p1a: Corviknight|49/100
|
|upkeep
|turn|28
|
|t:|1781136309
|move|p2a: Gholdengo|Shadow Ball|p1a: Corviknight
|-damage|p1a: Corviknight|18/100
|move|p1a: Corviknight|Roost|p1a: Corviknight
|-heal|p1a: Corviknight|68/100
|-singleturn|p1a: Corviknight|move: Roost
|
|-end|p2a: Gholdengo|move: Future Sight
|-resisted|p2a: Gholdengo
|-damage|p2a: Gholdengo|33/100
|upkeep
|turn|29
|
|t:|1781136314
|switch|p2a: Clefable|Clefable, M|78/100
|-damage|p2a: Clefable|66/100|[from] Stealth Rock
|move|p1a: Corviknight|Roost|p1a: Corviknight
|-heal|p1a: Corviknight|100/100
|-singleturn|p1a: Corviknight|move: Roost
|
|upkeep
|turn|30
|
|t:|1781136319
|move|p2a: Clefable|Moonblast|p1a: Corviknight
|-resisted|p1a: Corviknight
|-damage|p1a: Corviknight|90/100
|move|p1a: Corviknight|U-turn|p2a: Clefable
|-resisted|p2a: Clefable
|-damage|p2a: Clefable|60/100
|
|t:|1781136327
|switch|p1a: Hatterene|Hatterene, F|68/100 par|[from] U-turn
|
|-heal|p1a: Hatterene|74/100 par|[from] item: Leftovers
|upkeep
|turn|31
|
|t:|1781136333
|move|p2a: Clefable|Knock Off|p1a: Hatterene
|-damage|p1a: Hatterene|61/100 par
|-enditem|p1a: Hatterene|Leftovers|[from] move: Knock Off|[of] p2a: Clefable
|cant|p1a: Hatterene|par
|
|upkeep
|turn|32
|
|t:|1781136338
|move|p2a: Clefable|Moonblast|p1a: Hatterene
|-damage|p1a: Hatterene|26/100 par
|move|p1a: Hatterene|Pain Split|p2a: Clefable
|-sethp|p2a: Clefable|40/100|[from] move: Pain Split|[silent]
|-sethp|p1a: Hatterene|50/100 par|[from] move: Pain Split
|
|upkeep
|turn|33
|
|t:|1781136345
|switch|p1a: Tyranitar|Tyranitar, M|52/100
|-weather|Sandstorm|[from] ability: Sand Stream|[of] p1a: Tyranitar
|move|p2a: Clefable|Moonblast|p1a: Tyranitar
|-supereffective|p1a: Tyranitar
|-damage|p1a: Tyranitar|21/100
|
|-weather|Sandstorm|[upkeep]
|-damage|p2a: Clefable|34/100|[from] Sandstorm
|upkeep
|turn|34
|
|t:|1781136350
|switch|p1a: Corviknight|Corviknight, M|90/100
|move|p2a: Clefable|Moonblast|p1a: Corviknight
|-resisted|p1a: Corviknight
|-damage|p1a: Corviknight|79/100
|
|-weather|Sandstorm|[upkeep]
|-damage|p2a: Clefable|28/100|[from] Sandstorm
|upkeep
|turn|35
|
|t:|1781136354
|move|p2a: Clefable|Moonlight|p2a: Clefable
|-heal|p2a: Clefable|53/100
|move|p1a: Corviknight|Brave Bird|p2a: Clefable
|-damage|p2a: Clefable|25/100
|-damage|p1a: Corviknight|69/100|[from] Recoil
|
|-weather|Sandstorm|[upkeep]
|-damage|p2a: Clefable|19/100|[from] Sandstorm
|upkeep
|turn|36
|
|t:|1781136359
|switch|p2a: Zapdos|Zapdos|100/100
|move|p1a: Corviknight|Brave Bird|p2a: Zapdos
|-resisted|p2a: Zapdos
|-damage|p2a: Zapdos|87/100
|-damage|p1a: Corviknight|65/100|[from] Recoil
|
|-weather|Sandstorm|[upkeep]
|-damage|p2a: Zapdos|81/100|[from] Sandstorm
|upkeep
|turn|37
|
|t:|1781136372
|move|p2a: Zapdos|Discharge|p1a: Corviknight
|-supereffective|p1a: Corviknight
|-damage|p1a: Corviknight|22/100
|-status|p1a: Corviknight|par
|cant|p1a: Corviknight|par
|
|-weather|Sandstorm|[upkeep]
|-damage|p2a: Zapdos|75/100|[from] Sandstorm
|upkeep
|turn|38
|
|t:|1781136376
|move|p2a: Zapdos|Discharge|p1a: Corviknight
|-supereffective|p1a: Corviknight
|-damage|p1a: Corviknight|0 fnt
|faint|p1a: Corviknight
|
|-weather|Sandstorm|[upkeep]
|-damage|p2a: Zapdos|69/100|[from] Sandstorm
|upkeep
|
|t:|1781136388
|switch|p1a: Hatterene|Hatterene, F|50/100 par
|turn|39
|
|t:|1781136393
|move|p2a: Zapdos|Discharge|p1a: Hatterene
|-damage|p1a: Hatterene|14/100 par
|move|p1a: Hatterene|Draining Kiss|p2a: Zapdos
|-damage|p2a: Zapdos|48/100
|-heal|p1a: Hatterene|33/100 par|[from] drain|[of] p2a: Zapdos
|
|-weather|Sandstorm|[upkeep]
|-damage|p2a: Zapdos|42/100|[from] Sandstorm
|-damage|p1a: Hatterene|27/100 par|[from] Sandstorm
|upkeep
|turn|40
|
|t:|1781136403
|move|p2a: Zapdos|Discharge|p1a: Hatterene
|-damage|p1a: Hatterene|0 fnt
|faint|p1a: Hatterene
|
|-weather|none
|upkeep
|
|t:|1781136416
|switch|p1a: Hydrapple|Hydrapple, F|100/100
|turn|41
|
|t:|1781136425
|move|p2a: Zapdos|Roost|p2a: Zapdos
|-heal|p2a: Zapdos|92/100
|-singleturn|p2a: Zapdos|move: Roost
|move|p1a: Hydrapple|Draco Meteor|p2a: Zapdos
|-damage|p2a: Zapdos|45/100
|-unboost|p1a: Hydrapple|spa|2
|
|upkeep
|turn|42
|
|t:|1781136433
|move|p2a: Zapdos|Hurricane|p1a: Hydrapple
|-supereffective|p1a: Hydrapple
|-damage|p1a: Hydrapple|9/100
|move|p1a: Hydrapple|Nasty Plot|p1a: Hydrapple
|-boost|p1a: Hydrapple|spa|2
|
|upkeep
|turn|43
|
|t:|1781136438
|move|p2a: Zapdos|Roost|p2a: Zapdos
|-heal|p2a: Zapdos|95/100
|-singleturn|p2a: Zapdos|move: Roost
|move|p1a: Hydrapple|Draco Meteor|p2a: Zapdos
|-damage|p2a: Zapdos|41/100
|-unboost|p1a: Hydrapple|spa|2
|
|upkeep
|turn|44
|
|t:|1781136443
|switch|p1a: Zamazenta|Zamazenta|100/100
|-ability|p1a: Zamazenta|Dauntless Shield|boost
|-boost|p1a: Zamazenta|def|1
|move|p2a: Zapdos|Roost|p2a: Zapdos
|-heal|p2a: Zapdos|91/100
|-singleturn|p2a: Zapdos|move: Roost
|
|upkeep
|turn|45
|
|t:|1781136448
|move|p1a: Zamazenta|Substitute|p1a: Zamazenta
|-start|p1a: Zamazenta|Substitute
|-damage|p1a: Zamazenta|76/100
|move|p2a: Zapdos|Hurricane|p1a: Zamazenta
|-supereffective|p1a: Zamazenta
|-end|p1a: Zamazenta|Substitute
|
|-heal|p1a: Zamazenta|82/100|[from] item: Leftovers
|upkeep
|turn|46
|
|t:|1781136452
|move|p1a: Zamazenta|Substitute|p1a: Zamazenta
|-start|p1a: Zamazenta|Substitute
|-damage|p1a: Zamazenta|57/100
|move|p2a: Zapdos|Hurricane|p1a: Zamazenta
|-supereffective|p1a: Zamazenta
|-end|p1a: Zamazenta|Substitute
|
|-heal|p1a: Zamazenta|63/100|[from] item: Leftovers
|upkeep
|turn|47
|
|t:|1781136457
|move|p1a: Zamazenta|Crunch|p2a: Zapdos
|-damage|p2a: Zapdos|69/100
|move|p2a: Zapdos|Hurricane|p1a: Zamazenta
|-supereffective|p1a: Zamazenta
|-damage|p1a: Zamazenta|0 fnt
|faint|p1a: Zamazenta
|
|upkeep
|-message|phreshoatmeal forfeited.
|
|win|KurisuChestnutLab
|raw|phreshoatmeal's rating: 1565 &rarr; <strong>1551</strong><br />(-14 for losing)
|raw|KurisuChestnutLab's rating: 1669 &rarr; <strong>1683</strong><br />(+14 for winning)
|l|☆phreshoatmeal
|player|p1|
