|j|☆Mca Player 11
|j|☆icylikedecember
|t:|1781000987
|gametype|singles
|player|p1|Mca Player 11|skierf|1550
|player|p2|icylikedecember|skierf|1664
|gen|9
|tier|[Gen 9] OU
|rated|
|rule|HP Percentage Mod: HP is shown in percentages
|rule|Endless Battle Clause: Forcing endless battles is banned
|rule|Species Clause: Limit one of each Pokémon
|rule|OHKO Clause: OHKO moves are banned
|rule|Evasion Items Clause: Evasion items are banned
|rule|Evasion Moves Clause: Evasion moves are banned
|rule|Evasion Abilities Clause: Evasion abilities are banned
|rule|Sleep Moves Clause: Sleep-inducing moves are banned
|clearpoke
|poke|p1|Deoxys-Speed|
|poke|p1|Iron Moth|
|poke|p1|Zamazenta-*|
|poke|p1|Gholdengo|
|poke|p1|Rillaboom, M|
|poke|p1|Iron Jugulis|
|poke|p2|Corviknight, M|
|poke|p2|Slowking-Galar, M|
|poke|p2|Darkrai|
|poke|p2|Kyurem|
|poke|p2|Zamazenta-*|
|poke|p2|Crawdaunt, F|
|teampreview
|inactive|Battle timer is ON: inactive players will automatically lose when time's up. (requested by icylikedecember)
|
|t:|1781001021
|teamsize|p1|6
|teamsize|p2|6
|start
|switch|p1a: Iron Jugulis|Iron Jugulis, shiny|100/100
|switch|p2a: Slowking|Slowking-Galar, M, shiny|100/100
|-enditem|p1a: Iron Jugulis|Booster Energy
|-activate|p1a: Iron Jugulis|ability: Quark Drive|[fromitem]
|-start|p1a: Iron Jugulis|quarkdrivespe
|turn|1
|
|t:|1781001042
|move|p1a: Iron Jugulis|Knock Off|p2a: Slowking
|-supereffective|p2a: Slowking
|-damage|p2a: Slowking|38/100
|-enditem|p2a: Slowking|Assault Vest|[from] move: Knock Off|[of] p1a: Iron Jugulis
|move|p2a: Slowking|Ice Beam|p1a: Iron Jugulis
|-supereffective|p1a: Iron Jugulis
|-damage|p1a: Iron Jugulis|24/100
|
|upkeep
|turn|2
|
|t:|1781001054
|switch|p2a: Crawdaunt|Crawdaunt, F|100/100
|move|p1a: Iron Jugulis|Knock Off|p2a: Crawdaunt
|-resisted|p2a: Crawdaunt
|-damage|p2a: Crawdaunt|80/100
|-enditem|p2a: Crawdaunt|Choice Band|[from] move: Knock Off|[of] p1a: Iron Jugulis
|
|upkeep
|turn|3
|
|t:|1781001064
|-end|p1a: Iron Jugulis|Quark Drive|[silent]
|switch|p1a: Rillaboom|Rillaboom, M, shiny|100/100
|-fieldstart|move: Grassy Terrain|[from] ability: Grassy Surge|[of] p1a: Rillaboom
|move|p2a: Crawdaunt|Aqua Jet|p1a: Rillaboom
|-resisted|p1a: Rillaboom
|-damage|p1a: Rillaboom|84/100
|
|-heal|p1a: Rillaboom|91/100|[from] Grassy Terrain
|-heal|p2a: Crawdaunt|86/100|[from] Grassy Terrain
|upkeep
|turn|4
|
|t:|1781001068
|switch|p2a: Corviknight|Corviknight, M, shiny|100/100
|-ability|p2a: Corviknight|Pressure
|move|p1a: Rillaboom|Knock Off|p2a: Corviknight
|-damage|p2a: Corviknight|70/100
|-damage|p1a: Rillaboom|74/100|[from] item: Rocky Helmet|[of] p2a: Corviknight
|-enditem|p2a: Corviknight|Rocky Helmet|[from] move: Knock Off|[of] p1a: Rillaboom
|-damage|p1a: Rillaboom|64/100|[from] item: Life Orb
|
|-heal|p1a: Rillaboom|70/100|[from] Grassy Terrain
|upkeep
|turn|5
|
|t:|1781001075
|switch|p1a: Deoxys|Deoxys-Speed|100/100
|-ability|p1a: Deoxys|Pressure
|move|p2a: Corviknight|U-turn|p1a: Deoxys
|-supereffective|p1a: Deoxys
|-damage|p1a: Deoxys|64/100
|-damage|p2a: Corviknight|53/100|[from] item: Rocky Helmet|[of] p1a: Deoxys
|
|t:|1781001082
|switch|p2a: Slowking|Slowking-Galar, M, shiny|71/100|[from] U-turn
|
|-heal|p1a: Deoxys|70/100|[from] Grassy Terrain
|-heal|p2a: Slowking|77/100|[from] Grassy Terrain
|upkeep
|turn|6
|
|t:|1781001085
|move|p1a: Deoxys|Stealth Rock|p2a: Slowking
|-sidestart|p2: icylikedecember|move: Stealth Rock
|move|p2a: Slowking|Sludge Bomb|p1a: Deoxys
|-damage|p1a: Deoxys|16/100
|
|-heal|p1a: Deoxys|22/100|[from] Grassy Terrain
|-heal|p2a: Slowking|83/100|[from] Grassy Terrain
|upkeep
|turn|7
|
|t:|1781001090
|move|p1a: Deoxys|Pain Split|p2a: Slowking
|-sethp|p2a: Slowking|50/100|[from] move: Pain Split|[silent]
|-sethp|p1a: Deoxys|65/100|[from] move: Pain Split
|move|p2a: Slowking|Sludge Bomb|p1a: Deoxys
|-damage|p1a: Deoxys|12/100
|
|-heal|p1a: Deoxys|18/100|[from] Grassy Terrain
|-heal|p2a: Slowking|56/100|[from] Grassy Terrain
|-fieldend|move: Grassy Terrain
|upkeep
|turn|8
|
|t:|1781001094
|move|p1a: Deoxys|Spikes|p2a: Slowking
|-sidestart|p2: icylikedecember|Spikes
|move|p2a: Slowking|Sludge Bomb|p1a: Deoxys
|-damage|p1a: Deoxys|0 fnt
|faint|p1a: Deoxys
|
|upkeep
|
|t:|1781001104
|switch|p1a: Iron Moth|Iron Moth, shiny|100/100
|-enditem|p1a: Iron Moth|Booster Energy
|-activate|p1a: Iron Moth|ability: Quark Drive|[fromitem]
|-start|p1a: Iron Moth|quarkdrivespe
|turn|9
|
|t:|1781001109
|move|p1a: Iron Moth|Toxic Spikes|p2a: Slowking
|-sidestart|p2: icylikedecember|move: Toxic Spikes
|move|p2a: Slowking|Psyshock|p1a: Iron Moth
|-supereffective|p1a: Iron Moth
|-crit|p1a: Iron Moth
|-damage|p1a: Iron Moth|0 fnt
|faint|p1a: Iron Moth
|-end|p1a: Iron Moth|Quark Drive|[silent]
|
|upkeep
|
|t:|1781001114
|switch|p1a: Iron Jugulis|Iron Jugulis, shiny|24/100
|turn|10
|
|t:|1781001121
|switch|p2a: Crawdaunt|Crawdaunt, F|86/100
|-damage|p2a: Crawdaunt|73/100|[from] Stealth Rock
|-damage|p2a: Crawdaunt|61/100|[from] Spikes
|-status|p2a: Crawdaunt|psn
|move|p1a: Iron Jugulis|Knock Off|p2a: Crawdaunt
|-resisted|p2a: Crawdaunt
|-damage|p2a: Crawdaunt|48/100 psn
|
|-damage|p2a: Crawdaunt|36/100 psn|[from] psn
|upkeep
|turn|11
|
|t:|1781001124
|move|p2a: Crawdaunt|Aqua Jet|p1a: Iron Jugulis
|-damage|p1a: Iron Jugulis|0 fnt
|faint|p1a: Iron Jugulis
|-end|p1a: Iron Jugulis|Quark Drive|[silent]
|
|-damage|p2a: Crawdaunt|23/100 psn|[from] psn
|upkeep
|
|t:|1781001126
|switch|p1a: Rillaboom|Rillaboom, M, shiny|70/100
|-fieldstart|move: Grassy Terrain|[from] ability: Grassy Surge|[of] p1a: Rillaboom
|turn|12
|
|t:|1781001132
|move|p1a: Rillaboom|Swords Dance|p1a: Rillaboom
|-boost|p1a: Rillaboom|atk|2
|move|p2a: Crawdaunt|Knock Off|p1a: Rillaboom
|-damage|p1a: Rillaboom|0 fnt
|-enditem|p1a: Rillaboom|Life Orb|[from] move: Knock Off|[of] p2a: Crawdaunt
|faint|p1a: Rillaboom
|
|-heal|p2a: Crawdaunt|29/100 psn|[from] Grassy Terrain
|-damage|p2a: Crawdaunt|17/100 psn|[from] psn
|upkeep
|
|t:|1781001135
|switch|p1a: Zamazenta|Zamazenta, shiny|100/100
|-ability|p1a: Zamazenta|Dauntless Shield|boost
|-boost|p1a: Zamazenta|def|1
|turn|13
|
|t:|1781001143
|move|p1a: Zamazenta|Crunch|p2a: Crawdaunt
|-resisted|p2a: Crawdaunt
|-damage|p2a: Crawdaunt|0 fnt
|faint|p2a: Crawdaunt
|
|upkeep
|
|t:|1781001146
|switch|p2a: Slowking|Slowking-Galar, M, shiny|89/100
|-damage|p2a: Slowking|77/100|[from] Stealth Rock
|-damage|p2a: Slowking|64/100|[from] Spikes
|-sideend|p2: icylikedecember|move: Toxic Spikes|[of] p2a: Slowking
|turn|14
|
|t:|1781001148
|move|p1a: Zamazenta|Crunch|p2a: Slowking
|-supereffective|p2a: Slowking
|-damage|p2a: Slowking|0 fnt
|faint|p2a: Slowking
|
|upkeep
|
|t:|1781001159
|switch|p2a: Zamazenta|Zamazenta|100/100
|-damage|p2a: Zamazenta|94/100|[from] Stealth Rock
|-damage|p2a: Zamazenta|82/100|[from] Spikes
|-ability|p2a: Zamazenta|Dauntless Shield|boost
|-boost|p2a: Zamazenta|def|1
|turn|15
|
|t:|1781001164
|switch|p1a: Gholdengo|Gholdengo, shiny|100/100
|-enditem|p1a: Gholdengo|Grassy Seed
|-boost|p1a: Gholdengo|def|1|[from] item: Grassy Seed
|move|p2a: Zamazenta|Body Press|p1a: Gholdengo
|-immune|p1a: Gholdengo
|
|-heal|p2a: Zamazenta|88/100|[from] Grassy Terrain
|-heal|p2a: Zamazenta|94/100|[from] item: Leftovers
|upkeep
|turn|16
|
|t:|1781001170
|switch|p2a: Corviknight|Corviknight, M, shiny|53/100
|-damage|p2a: Corviknight|41/100|[from] Stealth Rock
|-ability|p2a: Corviknight|Pressure
|move|p1a: Gholdengo|Nasty Plot|p1a: Gholdengo
|-boost|p1a: Gholdengo|spa|2
|
|-fieldend|move: Grassy Terrain
|upkeep
|turn|17
|
|t:|1781001178
|move|p1a: Gholdengo|Shadow Ball|p2a: Corviknight
|-damage|p2a: Corviknight|0 fnt
|faint|p2a: Corviknight
|
|upkeep
|
|t:|1781001184
|switch|p2a: Darkrai|Darkrai|100/100
|-damage|p2a: Darkrai|88/100|[from] Stealth Rock
|-damage|p2a: Darkrai|76/100|[from] Spikes
|turn|18
|
|t:|1781001187
|switch|p1a: Zamazenta|Zamazenta, shiny|100/100
|move|p2a: Darkrai|Dark Pulse|p1a: Zamazenta
|-resisted|p1a: Zamazenta
|-damage|p1a: Zamazenta|81/100
|
|upkeep
|turn|19
|
|t:|1781001190
|-terastallize|p2a: Darkrai|Poison
|move|p1a: Zamazenta|Close Combat|p2a: Darkrai
|-resisted|p2a: Darkrai
|-damage|p2a: Darkrai|13/100
|-unboost|p1a: Zamazenta|def|1
|-unboost|p1a: Zamazenta|spd|1
|move|p2a: Darkrai|Sludge Bomb|p1a: Zamazenta
|-damage|p1a: Zamazenta|16/100
|-status|p1a: Zamazenta|psn
|
|-damage|p1a: Zamazenta|4/100 psn|[from] psn
|upkeep
|turn|20
|
|t:|1781001198
|move|p1a: Zamazenta|Close Combat|p2a: Darkrai
|-resisted|p2a: Darkrai
|-damage|p2a: Darkrai|0 fnt
|-unboost|p1a: Zamazenta|def|1
|-unboost|p1a: Zamazenta|spd|1
|faint|p2a: Darkrai
|
|-damage|p1a: Zamazenta|0 fnt|[from] psn
|faint|p1a: Zamazenta
|upkeep
|
|t:|1781001200
|switch|p1a: Gholdengo|Gholdengo, shiny|100/100
|switch|p2a: Kyurem|Kyurem|100/100
|-damage|p2a: Kyurem|76/100|[from] Stealth Rock
|-damage|p2a: Kyurem|63/100|[from] Spikes
|-ability|p2a: Kyurem|Pressure
|turn|21
|
|t:|1781001203
|-terastallize|p1a: Gholdengo|Water
|move|p2a: Kyurem|Earth Power|p1a: Gholdengo
|-damage|p1a: Gholdengo|66/100
|move|p1a: Gholdengo|Make It Rain|p2a: Kyurem
|-supereffective|p2a: Kyurem
|-damage|p2a: Kyurem|0 fnt
|-unboost|p1a: Gholdengo|spa|1
|faint|p2a: Kyurem
|
|upkeep
|
|t:|1781001209
|switch|p2a: Zamazenta|Zamazenta|94/100
|-damage|p2a: Zamazenta|88/100|[from] Stealth Rock
|-damage|p2a: Zamazenta|76/100|[from] Spikes
|turn|22
|
|t:|1781001211
|move|p2a: Zamazenta|Iron Defense|p2a: Zamazenta
|-boost|p2a: Zamazenta|def|2
|move|p1a: Gholdengo|Recover|p1a: Gholdengo
|-heal|p1a: Gholdengo|100/100
|
|-heal|p2a: Zamazenta|82/100|[from] item: Leftovers
|upkeep
|turn|23
|
|t:|1781001215
|move|p2a: Zamazenta|Body Press|p1a: Gholdengo
|-damage|p1a: Gholdengo|42/100
|move|p1a: Gholdengo|Nasty Plot|p1a: Gholdengo
|-boost|p1a: Gholdengo|spa|2
|
|-heal|p2a: Zamazenta|88/100|[from] item: Leftovers
|upkeep
|turn|24
|
|t:|1781001218
|move|p2a: Zamazenta|Body Press|p1a: Gholdengo
|-damage|p1a: Gholdengo|0 fnt
|faint|p1a: Gholdengo
|
|win|icylikedecember
|raw|Mca Player 11's rating: 1550 &rarr; <strong>1536</strong><br />(-14 for losing)
|raw|icylikedecember's rating: 1664 &rarr; <strong>1678</strong><br />(+14 for winning)
|l|☆icylikedecember
|player|p2|
|c|☆Mca Player 11|oof
|c|☆Mca Player 11|gg
|l|☆Mca Player 11
|player|p1|
