|j|☆ja hoi
|j|☆Mortifi
|t:|1781187453
|gametype|singles
|player|p1|ja hoi|265|1604
|player|p2|Mortifi|pokemaniac|1680
|gen|9
|tier|[Gen 9] OU
|rated|
|rule|HP Percentage Mod: HP is shown in percentages
|rule|Endless Battle Clause: Forcing endless battles is banned
|rule|Species Clause: Limit one of each Pokémon
|rule|OHKO Clause: OHKO moves are banned
|rule|Evasion Items Clause: Evasion items are banned
|rule|Evasion Moves Clause: Evasion moves are banned
|rule|Evasion Abilities Clause: Evasion abilities are banned
|rule|Sleep Moves Clause: Sleep-inducing moves are banned
|clearpoke
|poke|p1|Quaquaval, M|
|poke|p1|Zamazenta-*|
|poke|p1|Dragapult, M|
|poke|p1|Garganacl, M|
|poke|p1|Grimmsnarl, M|
|poke|p1|Iron Moth|
|poke|p2|Gholdengo|
|poke|p2|Iron Treads|
|poke|p2|Moltres|
|poke|p2|Zamazenta-*|
|poke|p2|Samurott-Hisui, M|
|poke|p2|Garganacl, M|
|teampreview
|inactive|Battle timer is ON: inactive players will automatically lose when time's up. (requested by ja hoi)
|inactive|Mortifi has 120 seconds left.
|
|t:|1781187494
|teamsize|p1|6
|teamsize|p2|6
|start
|switch|p1a: Grimmsnarl|Grimmsnarl, M|100/100
|switch|p2a: Samurott|Samurott-Hisui, M|100/100
|turn|1
|
|t:|1781187509
|switch|p1a: Zamazenta|Zamazenta|100/100
|-ability|p1a: Zamazenta|Dauntless Shield|boost
|-boost|p1a: Zamazenta|def|1
|move|p2a: Samurott|Ceaseless Edge|p1a: Zamazenta
|-resisted|p1a: Zamazenta
|-crit|p1a: Zamazenta
|-damage|p1a: Zamazenta|74/100
|-sidestart|p1: ja hoi|Spikes
|
|-heal|p1a: Zamazenta|80/100|[from] item: Leftovers
|upkeep
|turn|2
|
|t:|1781187525
|switch|p2a: Moltres|Moltres|100/100
|switch|p1a: Garganacl|Garganacl, M|100/100
|-damage|p1a: Garganacl|88/100|[from] Spikes
|
|-heal|p1a: Garganacl|94/100|[from] item: Leftovers
|upkeep
|turn|3
|
|t:|1781187536
|move|p2a: Moltres|U-turn|p1a: Garganacl
|-damage|p1a: Garganacl|84/100
|
|t:|1781187543
|switch|p2a: Zamazenta|Zamazenta|100/100|[from] U-turn
|-ability|p2a: Zamazenta|Dauntless Shield|boost
|-boost|p2a: Zamazenta|def|1
|move|p1a: Garganacl|Salt Cure|p2a: Zamazenta
|-resisted|p2a: Zamazenta
|-damage|p2a: Zamazenta|96/100
|-start|p2a: Zamazenta|Salt Cure
|
|-heal|p1a: Garganacl|90/100|[from] item: Leftovers
|-damage|p2a: Zamazenta|84/100|[from] Salt Cure
|upkeep
|turn|4
|
|t:|1781187556
|switch|p1a: Zamazenta|Zamazenta|80/100
|-damage|p1a: Zamazenta|67/100|[from] Spikes
|move|p2a: Zamazenta|Close Combat|p1a: Zamazenta
|-damage|p1a: Zamazenta|22/100
|-unboost|p2a: Zamazenta|def|1
|-unboost|p2a: Zamazenta|spd|1
|
|-heal|p1a: Zamazenta|28/100|[from] item: Leftovers
|-damage|p2a: Zamazenta|72/100|[from] Salt Cure
|upkeep
|turn|5
|c|☆ja hoi|oops
|c|☆ja hoi|misclick
|
|t:|1781187571
|switch|p2a: Gholdengo|Gholdengo|100/100
|-item|p2a: Gholdengo|Air Balloon
|move|p1a: Zamazenta|Body Press|p2a: Gholdengo
|-immune|p2a: Gholdengo
|
|-heal|p1a: Zamazenta|35/100|[from] item: Leftovers
|upkeep
|turn|6
|inactive|Mortifi has 120 seconds left.
|inactive|Mortifi has 90 seconds left.
|
|t:|1781187639
|move|p1a: Zamazenta|Crunch|p2a: Gholdengo
|-supereffective|p2a: Gholdengo
|-damage|p2a: Gholdengo|55/100
|-enditem|p2a: Gholdengo|Air Balloon
|move|p2a: Gholdengo|Make It Rain|p1a: Zamazenta
|-damage|p1a: Zamazenta|0 fnt
|-unboost|p2a: Gholdengo|spa|1
|faint|p1a: Zamazenta
|
|upkeep
|
|t:|1781187653
|switch|p1a: Quaquaval|Quaquaval, M|100/100
|-damage|p1a: Quaquaval|88/100|[from] Spikes
|turn|7
|inactive|Mortifi has 90 seconds left.
|
|t:|1781187682
|move|p1a: Quaquaval|Aqua Step|p2a: Gholdengo
|-damage|p2a: Gholdengo|4/100
|-boost|p1a: Quaquaval|spe|1
|move|p2a: Gholdengo|Recover|p2a: Gholdengo
|-heal|p2a: Gholdengo|54/100
|
|upkeep
|turn|8
|j| newhere1310
|inactive|ja hoi has 120 seconds left.
|inactive|Mortifi has 60 seconds left.
|inactive|Mortifi has 30 seconds left.
|inactive|Mortifi has 20 seconds left.
|inactive|Mortifi has 15 seconds left.
|c|☆ja hoi|ello
|inactive|Mortifi has 10 seconds left.
|inactive|Mortifi has 5 seconds left.
|-message|Mortifi lost due to inactivity.
|
|win|ja hoi
|raw|ja hoi's rating: 1604 &rarr; <strong>1628</strong><br />(+24 for winning)
|raw|Mortifi's rating: 1680 &rarr; <strong>1656</strong><br />(-24 for losing)
|l| newhere1310
|l|☆Mortifi
|player|p2|
|l|☆ja hoi
|player|p1|
