|j|☆LowEL0God
|j|☆BlackStar150520
|t:|1781502284
|gametype|singles
|player|p1|LowEL0God|265|1585
|player|p2|BlackStar150520|unknown|1799
|gen|9
|tier|[Gen 9] OU
|rated|
|rule|HP Percentage Mod: HP is shown in percentages
|rule|Endless Battle Clause: Forcing endless battles is banned
|rule|Species Clause: Limit one of each Pokémon
|rule|OHKO Clause: OHKO moves are banned
|rule|Evasion Items Clause: Evasion items are banned
|rule|Evasion Moves Clause: Evasion moves are banned
|rule|Evasion Abilities Clause: Evasion abilities are banned
|rule|Sleep Moves Clause: Sleep-inducing moves are banned
|clearpoke
|poke|p1|Pelipper, M|
|poke|p1|Raging Bolt|
|poke|p1|Overqwil, M|
|poke|p1|Barraskewda, F|
|poke|p1|Iron Treads|
|poke|p1|Kingambit, M|
|poke|p2|Raging Bolt|
|poke|p2|Kingambit, M|
|poke|p2|Iron Moth|
|poke|p2|Ogerpon-Wellspring, F|
|poke|p2|Scizor, F|
|poke|p2|Great Tusk|
|teampreview
|inactive|Battle timer is ON: inactive players will automatically lose when time's up. (requested by BlackStar150520)
|c|☆LowEL0God|hf
|inactive|LowEL0God also wants the timer to be on.
|
|t:|1781502292
|teamsize|p1|6
|teamsize|p2|6
|start
|switch|p1a: Pelipper|Pelipper, M|100/100
|switch|p2a: ⚡️|Raging Bolt|100/100
|-weather|RainDance|[from] ability: Drizzle|[of] p1a: Pelipper
|turn|1
|
|t:|1781502295
|-end|p2a: ⚡️|Protosynthesis|[silent]
|switch|p2a: 🎭|Ogerpon-Wellspring, F|100/100
|switch|p1a: Kingambit|Kingambit, M|100/100
|
|-weather|RainDance|[upkeep]
|upkeep
|turn|2
|
|t:|1781502303
|move|p2a: 🎭|Ivy Cudgel|p1a: Kingambit|[anim] Ivy Cudgel Water
|-crit|p1a: Kingambit
|-damage|p1a: Kingambit|5/100
|move|p1a: Kingambit|Swords Dance|p1a: Kingambit
|-boost|p1a: Kingambit|atk|2
|
|-weather|RainDance|[upkeep]
|-heal|p1a: Kingambit|12/100|[from] item: Leftovers
|upkeep
|turn|3
|
|t:|1781502307
|move|p1a: Kingambit|Sucker Punch||[still]
|-fail|p1a: Kingambit
|move|p2a: 🎭|Encore|p1a: Kingambit
|-start|p1a: Kingambit|Encore
|
|-weather|RainDance|[upkeep]
|-heal|p1a: Kingambit|18/100|[from] item: Leftovers
|upkeep
|turn|4
|
|t:|1781502309
|switch|p2a: Mega Donphan|Great Tusk|100/100
|move|p1a: Kingambit|Sucker Punch||[still]
|-fail|p1a: Kingambit
|
|-weather|RainDance|[upkeep]
|-heal|p1a: Kingambit|24/100|[from] item: Leftovers
|upkeep
|turn|5
|
|t:|1781502311
|move|p1a: Kingambit|Sucker Punch||[still]
|-fail|p1a: Kingambit
|move|p2a: Mega Donphan|Stealth Rock|p1a: Kingambit
|-sidestart|p1: LowEL0God|move: Stealth Rock
|
|-weather|RainDance|[upkeep]
|-heal|p1a: Kingambit|30/100|[from] item: Leftovers
|upkeep
|turn|6
|
|t:|1781502317
|move|p1a: Kingambit|Sucker Punch|p2a: Mega Donphan
|-resisted|p2a: Mega Donphan
|-damage|p2a: Mega Donphan|73/100
|move|p2a: Mega Donphan|Headlong Rush|p1a: Kingambit
|-supereffective|p1a: Kingambit
|-damage|p1a: Kingambit|0 fnt
|-unboost|p2a: Mega Donphan|def|1
|-unboost|p2a: Mega Donphan|spd|1
|faint|p1a: Kingambit
|-end|p1a: Kingambit|fallenundefined|[silent]
|
|-weather|RainDance|[upkeep]
|upkeep
|
|t:|1781502318
|switch|p1a: Iron Treads|Iron Treads|100/100
|-damage|p1a: Iron Treads|97/100|[from] Stealth Rock
|-enditem|p1a: Iron Treads|Booster Energy
|-activate|p1a: Iron Treads|ability: Quark Drive|[fromitem]
|-start|p1a: Iron Treads|quarkdrivespe
|turn|7
|
|t:|1781502324
|move|p1a: Iron Treads|Earth Power|p2a: Mega Donphan
|-damage|p2a: Mega Donphan|0 fnt
|faint|p2a: Mega Donphan
|-end|p2a: Mega Donphan|Protosynthesis|[silent]
|
|-weather|RainDance|[upkeep]
|upkeep
|
|t:|1781502329
|switch|p2a: 🎭|Ogerpon-Wellspring, F|100/100
|turn|8
|
|t:|1781502330
|move|p1a: Iron Treads|Rapid Spin|p2a: 🎭
|-damage|p2a: 🎭|87/100
|-boost|p1a: Iron Treads|spe|1
|-sideend|p1: LowEL0God|Stealth Rock|[from] move: Rapid Spin|[of] p1a: Iron Treads
|move|p2a: 🎭|Ivy Cudgel|p1a: Iron Treads|[anim] Ivy Cudgel Water
|-supereffective|p1a: Iron Treads
|-damage|p1a: Iron Treads|0 fnt
|faint|p1a: Iron Treads
|-end|p1a: Iron Treads|Quark Drive|[silent]
|
|-weather|none
|upkeep
|
|t:|1781502331
|switch|p1a: Raging Bolt|Raging Bolt|100/100
|-enditem|p1a: Raging Bolt|Booster Energy
|-activate|p1a: Raging Bolt|ability: Protosynthesis|[fromitem]
|-start|p1a: Raging Bolt|protosynthesisspa
|turn|9
|
|t:|1781502338
|move|p2a: 🎭|Ivy Cudgel|p1a: Raging Bolt|[anim] Ivy Cudgel Water
|-resisted|p1a: Raging Bolt
|-damage|p1a: Raging Bolt|73/100
|move|p1a: Raging Bolt|Draco Meteor|p2a: 🎭
|-damage|p2a: 🎭|0 fnt
|-unboost|p1a: Raging Bolt|spa|2
|faint|p2a: 🎭
|
|upkeep
|
|t:|1781502341
|switch|p2a: Red Lightning|Scizor, F|100/100
|turn|10
|
|t:|1781502343
|-end|p1a: Raging Bolt|Protosynthesis|[silent]
|switch|p1a: Pelipper|Pelipper, M|100/100
|-weather|RainDance|[from] ability: Drizzle|[of] p1a: Pelipper
|move|p2a: Red Lightning|U-turn|p1a: Pelipper
|-resisted|p1a: Pelipper
|-damage|p1a: Pelipper|79/100
|
|t:|1781502347
|switch|p2a: ⚡️|Raging Bolt|100/100|[from] U-turn
|
|-weather|RainDance|[upkeep]
|upkeep
|turn|11
|
|t:|1781502351
|switch|p1a: Raging Bolt|Raging Bolt|73/100
|move|p2a: ⚡️|Thunderbolt|p1a: Raging Bolt
|-resisted|p1a: Raging Bolt
|-damage|p1a: Raging Bolt|61/100
|
|-weather|RainDance|[upkeep]
|upkeep
|turn|12
|
|t:|1781502353
|-end|p2a: ⚡️|Protosynthesis|[silent]
|switch|p2a: Red Lightning|Scizor, F|100/100
|move|p1a: Raging Bolt|Draco Meteor|p2a: Red Lightning
|-resisted|p2a: Red Lightning
|-damage|p2a: Red Lightning|54/100
|-unboost|p1a: Raging Bolt|spa|2
|
|-weather|RainDance|[upkeep]
|upkeep
|turn|13
|
|t:|1781502355
|move|p1a: Raging Bolt|Thunder|p2a: Red Lightning
|-damage|p2a: Red Lightning|14/100
|move|p2a: Red Lightning|U-turn|p1a: Raging Bolt
|-damage|p1a: Raging Bolt|6/100
|
|t:|1781502363
|switch|p2a: Robo Rona|Iron Moth|100/100|[from] U-turn
|-enditem|p2a: Robo Rona|Booster Energy
|-activate|p2a: Robo Rona|ability: Quark Drive|[fromitem]
|-start|p2a: Robo Rona|quarkdrivespe
|
|-weather|RainDance|[upkeep]
|upkeep
|turn|14
|
|t:|1781502364
|move|p2a: Robo Rona|Psychic|p1a: Raging Bolt
|-damage|p1a: Raging Bolt|0 fnt
|faint|p1a: Raging Bolt
|-end|p1a: Raging Bolt|Protosynthesis|[silent]
|
|-weather|RainDance|[upkeep]
|upkeep
|
|t:|1781502366
|switch|p1a: Overqwil|Overqwil, M|100/100
|turn|15
|
|t:|1781502378
|move|p1a: Overqwil|Swords Dance|p1a: Overqwil
|-boost|p1a: Overqwil|atk|2
|move|p2a: Robo Rona|Fiery Dance|p1a: Overqwil
|-damage|p1a: Overqwil|71/100
|
|-weather|RainDance|[upkeep]
|upkeep
|turn|16
|
|t:|1781502380
|move|p1a: Overqwil|Crunch|p2a: Robo Rona
|-damage|p2a: Robo Rona|0 fnt
|faint|p2a: Robo Rona
|-end|p2a: Robo Rona|Quark Drive|[silent]
|-damage|p1a: Overqwil|62/100|[from] item: Life Orb
|
|-weather|RainDance|[upkeep]
|upkeep
|
|t:|1781502385
|switch|p2a: Aizen🗡️|Kingambit, M, shiny|100/100
|-activate|p2a: Aizen🗡️|ability: Supreme Overlord
|-start|p2a: Aizen🗡️|fallen3|[silent]
|turn|17
|
|t:|1781502387
|-end|p2a: Aizen🗡️|fallen3|[silent]
|switch|p2a: Red Lightning|Scizor, F|14/100
|move|p1a: Overqwil|Liquidation|p2a: Red Lightning
|-damage|p2a: Red Lightning|0 fnt
|faint|p2a: Red Lightning
|-damage|p1a: Overqwil|52/100|[from] item: Life Orb
|
|-weather|none
|upkeep
|
|t:|1781502396
|switch|p2a: Aizen🗡️|Kingambit, M, shiny|100/100
|-activate|p2a: Aizen🗡️|ability: Supreme Overlord
|-start|p2a: Aizen🗡️|fallen4|[silent]
|turn|18
|
|t:|1781502399
|move|p1a: Overqwil|Liquidation|p2a: Aizen🗡️
|-damage|p2a: Aizen🗡️|39/100
|-damage|p1a: Overqwil|42/100|[from] item: Life Orb
|move|p2a: Aizen🗡️|Iron Head|p1a: Overqwil
|-damage|p1a: Overqwil|0 fnt
|faint|p1a: Overqwil
|
|-heal|p2a: Aizen🗡️|45/100|[from] item: Leftovers
|upkeep
|
|t:|1781502404
|switch|p1a: Pelipper|Pelipper, M|79/100
|-weather|RainDance|[from] ability: Drizzle|[of] p1a: Pelipper
|turn|19
|
|t:|1781502409
|move|p2a: Aizen🗡️|Swords Dance|p2a: Aizen🗡️
|-boost|p2a: Aizen🗡️|atk|2
|move|p1a: Pelipper|Weather Ball|p2a: Aizen🗡️
|-damage|p2a: Aizen🗡️|0 fnt
|faint|p2a: Aizen🗡️
|-end|p2a: Aizen🗡️|fallen4|[silent]
|
|-weather|RainDance|[upkeep]
|upkeep
|
|t:|1781502410
|switch|p2a: ⚡️|Raging Bolt|100/100
|turn|20
|
|t:|1781502413
|switch|p1a: Barraskewda|Barraskewda, F|100/100
|move|p2a: ⚡️|Calm Mind|p2a: ⚡️
|-boost|p2a: ⚡️|spa|1
|-boost|p2a: ⚡️|spd|1
|
|-weather|RainDance|[upkeep]
|upkeep
|turn|21
|
|t:|1781502415
|move|p2a: ⚡️|Thunderclap|p1a: Barraskewda
|-supereffective|p1a: Barraskewda
|-damage|p1a: Barraskewda|0 fnt
|faint|p1a: Barraskewda
|
|-weather|RainDance|[upkeep]
|upkeep
|
|t:|1781502416
|switch|p1a: Pelipper|Pelipper, M|79/100
|turn|22
|
|t:|1781502417
|-terastallize|p1a: Pelipper|Ground
|move|p2a: ⚡️|Thunderbolt|p1a: Pelipper
|-immune|p1a: Pelipper
|move|p1a: Pelipper|Weather Ball|p2a: ⚡️
|-resisted|p2a: ⚡️
|-damage|p2a: ⚡️|83/100
|
|-weather|RainDance|[upkeep]
|-heal|p2a: ⚡️|90/100|[from] item: Leftovers
|upkeep
|turn|23
|
|t:|1781502420
|move|p2a: ⚡️|Dragon Pulse|p1a: Pelipper
|-damage|p1a: Pelipper|0 fnt
|faint|p1a: Pelipper
|
|win|BlackStar150520
|raw|LowEL0God's rating: 1585 &rarr; <strong>1576</strong><br />(-9 for losing)
|raw|BlackStar150520's rating: 1799 &rarr; <strong>1808</strong><br />(+9 for winning)
|l|☆BlackStar150520
|player|p2|
|c|☆LowEL0God|gg
|l|☆LowEL0God
|player|p1|
