|j|‽Ryan's World
|j|☆bahnmiking
|t:|1781512158
|gametype|singles
|player|p1|Ryan's World|169|1623
|player|p2|bahnmiking|266|1583
|gen|9
|tier|[Gen 9] OU
|rated|
|rule|HP Percentage Mod: HP is shown in percentages
|rule|Endless Battle Clause: Forcing endless battles is banned
|rule|Species Clause: Limit one of each Pokémon
|rule|OHKO Clause: OHKO moves are banned
|rule|Evasion Items Clause: Evasion items are banned
|rule|Evasion Moves Clause: Evasion moves are banned
|rule|Evasion Abilities Clause: Evasion abilities are banned
|rule|Sleep Moves Clause: Sleep-inducing moves are banned
|clearpoke
|poke|p1|Ceruledge, M|
|poke|p1|Deoxys-Speed|
|poke|p1|Slowking-Galar, F|
|poke|p1|Grimmsnarl, M|
|poke|p1|Kyurem|
|poke|p1|Great Tusk|
|poke|p2|Dragonite, F|
|poke|p2|Great Tusk|
|poke|p2|Deoxys-Speed|
|poke|p2|Gholdengo|
|poke|p2|Zamazenta-*|
|poke|p2|Iron Valiant|
|teampreview
|inactive|Battle timer is ON: inactive players will automatically lose when time's up. (requested by Ryan's World)
|
|t:|1781512167
|teamsize|p1|6
|teamsize|p2|6
|start
|switch|p1a: Grimmsnarl|Grimmsnarl, M|100/100
|switch|p2a: Deoxys|Deoxys-Speed|100/100
|-ability|p2a: Deoxys|Pressure
|turn|1
|
|t:|1781512172
|switch|p2a: Gholdengo|Gholdengo|100/100
|move|p1a: Grimmsnarl|Taunt|p2a: Gholdengo
|-immune|p2a: Gholdengo|[from] ability: Good as Gold
|
|upkeep
|turn|2
|
|t:|1781512176
|move|p1a: Grimmsnarl|Light Screen|p1a: Grimmsnarl
|-sidestart|p1: Ryan's World|move: Light Screen
|move|p2a: Gholdengo|Nasty Plot|p2a: Gholdengo
|-boost|p2a: Gholdengo|spa|2
|
|upkeep
|turn|3
|
|t:|1781512188
|move|p2a: Gholdengo|Make It Rain|p1a: Grimmsnarl
|-supereffective|p1a: Grimmsnarl
|-damage|p1a: Grimmsnarl|12/100
|-unboost|p2a: Gholdengo|spa|1
|move|p1a: Grimmsnarl|Spirit Break|p2a: Gholdengo
|-resisted|p2a: Gholdengo
|-damage|p2a: Gholdengo|89/100
|-unboost|p2a: Gholdengo|spa|1
|
|upkeep
|turn|4
|
|t:|1781512197
|switch|p1a: Great Tusk|Great Tusk|100/100
|-enditem|p1a: Great Tusk|Booster Energy
|-activate|p1a: Great Tusk|ability: Protosynthesis|[fromitem]
|-start|p1a: Great Tusk|protosynthesisatk
|move|p2a: Gholdengo|Nasty Plot|p2a: Gholdengo
|-boost|p2a: Gholdengo|spa|2
|
|upkeep
|turn|5
|
|t:|1781512204
|switch|p2a: Deoxys|Deoxys-Speed|100/100
|-ability|p2a: Deoxys|Pressure
|move|p1a: Great Tusk|Headlong Rush|p2a: Deoxys
|-enditem|p2a: Deoxys|Focus Sash
|-damage|p2a: Deoxys|1/100
|-unboost|p1a: Great Tusk|def|1
|-unboost|p1a: Great Tusk|spd|1
|
|upkeep
|turn|6
|
|t:|1781512222
|-end|p1a: Great Tusk|Protosynthesis|[silent]
|switch|p1a: Grimmsnarl|Grimmsnarl, M|12/100
|-terastallize|p2a: Deoxys|Ghost
|move|p2a: Deoxys|Stealth Rock|p1a: Grimmsnarl
|-sidestart|p1: Ryan's World|move: Stealth Rock
|
|upkeep
|turn|7
|
|t:|1781512228
|switch|p2a: Gholdengo|Gholdengo|89/100
|move|p1a: Grimmsnarl|Reflect|p1a: Grimmsnarl
|-sidestart|p1: Ryan's World|Reflect
|
|upkeep
|turn|8
|
|t:|1781512239
|switch|p1a: Great Tusk|Great Tusk|100/100
|-damage|p1a: Great Tusk|98/100|[from] Stealth Rock
|move|p2a: Gholdengo|Make It Rain|p1a: Great Tusk
|-damage|p1a: Great Tusk|51/100
|-unboost|p2a: Gholdengo|spa|1
|
|upkeep
|turn|9
|
|t:|1781512254
|switch|p2a: Deoxys|Deoxys-Speed, tera:Ghost|1/100
|-ability|p2a: Deoxys|Pressure
|move|p1a: Great Tusk|Headlong Rush|p2a: Deoxys
|-damage|p2a: Deoxys|0 fnt
|-unboost|p1a: Great Tusk|def|1
|-unboost|p1a: Great Tusk|spd|1
|faint|p2a: Deoxys
|
|-sideend|p1: Ryan's World|move: Light Screen
|upkeep
|
|t:|1781512259
|switch|p2a: Iron Valiant|Iron Valiant|100/100
|-enditem|p2a: Iron Valiant|Booster Energy
|-activate|p2a: Iron Valiant|ability: Quark Drive|[fromitem]
|-start|p2a: Iron Valiant|quarkdrivespe
|turn|10
|
|t:|1781512265
|-end|p1a: Great Tusk|Protosynthesis|[silent]
|switch|p1a: Slowking|Slowking-Galar, F|100/100
|-damage|p1a: Slowking|88/100|[from] Stealth Rock
|move|p2a: Iron Valiant|Moonblast|p1a: Slowking
|-resisted|p1a: Slowking
|-damage|p1a: Slowking|65/100
|
|upkeep
|turn|11
|
|t:|1781512275
|move|p2a: Iron Valiant|Destiny Bond|p2a: Iron Valiant
|-singlemove|p2a: Iron Valiant|Destiny Bond
|move|p1a: Slowking|Flamethrower|p2a: Iron Valiant
|-damage|p2a: Iron Valiant|25/100
|-damage|p1a: Slowking|55/100|[from] item: Life Orb
|
|upkeep
|turn|12
|
|t:|1781512290
|move|p2a: Iron Valiant|Knock Off|p1a: Slowking
|-supereffective|p1a: Slowking
|-damage|p1a: Slowking|18/100
|-enditem|p1a: Slowking|Life Orb|[from] move: Knock Off|[of] p2a: Iron Valiant
|move|p1a: Slowking|Flamethrower|p2a: Iron Valiant
|-damage|p2a: Iron Valiant|0 fnt
|faint|p2a: Iron Valiant
|-end|p2a: Iron Valiant|Quark Drive|[silent]
|
|upkeep
|
|t:|1781512303
|switch|p2a: Gholdengo|Gholdengo|89/100
|turn|13
|
|t:|1781512306
|move|p2a: Gholdengo|Shadow Ball|p1a: Slowking
|-supereffective|p1a: Slowking
|-damage|p1a: Slowking|0 fnt
|faint|p1a: Slowking
|
|upkeep
|
|t:|1781512309
|switch|p1a: Great Tusk|Great Tusk|51/100
|-damage|p1a: Great Tusk|48/100|[from] Stealth Rock
|turn|14
|
|t:|1781512330
|move|p1a: Great Tusk|Headlong Rush|p2a: Gholdengo
|-supereffective|p2a: Gholdengo
|-damage|p2a: Gholdengo|0 fnt
|-unboost|p1a: Great Tusk|def|1
|-unboost|p1a: Great Tusk|spd|1
|faint|p2a: Gholdengo
|
|-sideend|p1: Ryan's World|Reflect
|upkeep
|
|t:|1781512332
|switch|p2a: Zamazenta|Zamazenta|100/100
|-ability|p2a: Zamazenta|Dauntless Shield|boost
|-boost|p2a: Zamazenta|def|1
|turn|15
|
|t:|1781512338
|-end|p1a: Great Tusk|Protosynthesis|[silent]
|switch|p1a: Ceruledge|Ceruledge, M|100/100
|-damage|p1a: Ceruledge|76/100|[from] Stealth Rock
|move|p2a: Zamazenta|Close Combat|p1a: Ceruledge
|-immune|p1a: Ceruledge
|
|upkeep
|turn|16
|
|t:|1781512345
|move|p2a: Zamazenta|Crunch|p1a: Ceruledge
|-supereffective|p1a: Ceruledge
|-damage|p1a: Ceruledge|0 fnt
|faint|p1a: Ceruledge
|-damage|p2a: Zamazenta|91/100|[from] item: Life Orb
|
|upkeep
|
|t:|1781512359
|switch|p1a: Deoxys|Deoxys-Speed|100/100
|-damage|p1a: Deoxys|88/100|[from] Stealth Rock
|-ability|p1a: Deoxys|Pressure
|turn|17
|
|t:|1781512379
|switch|p2a: Dragonite|Dragonite, F|100/100
|move|p1a: Deoxys|Cosmic Power|p1a: Deoxys
|-boost|p1a: Deoxys|def|1
|-boost|p1a: Deoxys|spd|1
|
|upkeep
|turn|18
|
|t:|1781512386
|move|p1a: Deoxys|Taunt|p2a: Dragonite
|-start|p2a: Dragonite|move: Taunt
|cant|p2a: Dragonite|move: Taunt|Dragon Dance
|
|upkeep
|turn|19
|
|t:|1781512392
|move|p1a: Deoxys|Cosmic Power|p1a: Deoxys
|-boost|p1a: Deoxys|def|1
|-boost|p1a: Deoxys|spd|1
|move|p2a: Dragonite|Outrage|p1a: Deoxys
|-crit|p1a: Deoxys
|-damage|p1a: Deoxys|0 fnt
|faint|p1a: Deoxys
|-damage|p2a: Dragonite|91/100|[from] item: Life Orb
|
|upkeep
|
|t:|1781512400
|switch|p1a: Great Tusk|Great Tusk|48/100
|-damage|p1a: Great Tusk|45/100|[from] Stealth Rock
|turn|20
|
|t:|1781512408
|move|p1a: Great Tusk|Rapid Spin|p2a: Dragonite
|-damage|p2a: Dragonite|71/100
|-boost|p1a: Great Tusk|spe|1
|-sideend|p1: Ryan's World|Stealth Rock|[from] move: Rapid Spin|[of] p1a: Great Tusk
|move|p2a: Dragonite|Outrage|p1a: Great Tusk|[from] lockedmove
|-damage|p1a: Great Tusk|0 fnt
|faint|p1a: Great Tusk
|-end|p1a: Great Tusk|Protosynthesis|[silent]
|-damage|p2a: Dragonite|61/100|[from] item: Life Orb
|
|-end|p2a: Dragonite|move: Taunt
|upkeep
|
|t:|1781512414
|switch|p1a: Grimmsnarl|Grimmsnarl, M|12/100
|turn|21
|
|t:|1781512417
|move|p1a: Grimmsnarl|Reflect|p1a: Grimmsnarl
|-sidestart|p1: Ryan's World|Reflect
|move|p2a: Dragonite|Outrage|p1a: Grimmsnarl|[from] lockedmove
|-immune|p1a: Grimmsnarl
|-start|p2a: Dragonite|confusion|[fatigue]
|
|upkeep
|turn|22
|
|t:|1781512427
|-activate|p2a: Dragonite|confusion
|move|p2a: Dragonite|Extreme Speed|p1a: Grimmsnarl
|-damage|p1a: Grimmsnarl|0 fnt
|faint|p1a: Grimmsnarl
|-damage|p2a: Dragonite|52/100|[from] item: Life Orb
|
|upkeep
|
|t:|1781512430
|switch|p1a: Kyurem|Kyurem|100/100
|-ability|p1a: Kyurem|Pressure
|turn|23
|
|t:|1781512448
|move|p1a: Kyurem|Icicle Spear|p2a: Dragonite
|-supereffective|p2a: Dragonite
|-damage|p2a: Dragonite|0 fnt
|faint|p2a: Dragonite
|-hitcount|p2: Dragonite|1
|
|upkeep
|
|t:|1781512459
|switch|p2a: Zamazenta|Zamazenta|91/100
|turn|24
|
|t:|1781512466
|-terastallize|p1a: Kyurem|Ground
|move|p2a: Zamazenta|Close Combat|p1a: Kyurem
|-damage|p1a: Kyurem|60/100
|-unboost|p2a: Zamazenta|def|1
|-unboost|p2a: Zamazenta|spd|1
|-damage|p2a: Zamazenta|81/100|[from] item: Life Orb
|move|p1a: Kyurem|Icicle Spear|p2a: Zamazenta
|-damage|p2a: Zamazenta|62/100
|-damage|p2a: Zamazenta|46/100
|-damage|p2a: Zamazenta|29/100
|-damage|p2a: Zamazenta|11/100
|-hitcount|p2a: Zamazenta|4
|
|upkeep
|turn|25
|
|t:|1781512479
|move|p2a: Zamazenta|Close Combat|p1a: Kyurem
|-damage|p1a: Kyurem|22/100
|-unboost|p2a: Zamazenta|def|1
|-unboost|p2a: Zamazenta|spd|1
|-damage|p2a: Zamazenta|1/100|[from] item: Life Orb
|move|p1a: Kyurem|Dragon Dance|p1a: Kyurem
|-boost|p1a: Kyurem|atk|1
|-boost|p1a: Kyurem|spe|1
|
|upkeep
|turn|26
|
|t:|1781512486
|move|p1a: Kyurem|Icicle Spear|p2a: Zamazenta
|-damage|p2a: Zamazenta|0 fnt
|faint|p2a: Zamazenta
|-hitcount|p2: Zamazenta|1
|
|upkeep
|
|t:|1781512487
|switch|p2a: Great Tusk|Great Tusk|100/100
|-enditem|p2a: Great Tusk|Booster Energy
|-activate|p2a: Great Tusk|ability: Protosynthesis|[fromitem]
|-start|p2a: Great Tusk|protosynthesisspe
|turn|27
|
|t:|1781512494
|move|p1a: Kyurem|Icicle Spear|p2a: Great Tusk
|-supereffective|p2a: Great Tusk
|-damage|p2a: Great Tusk|76/100
|-supereffective|p2a: Great Tusk
|-damage|p2a: Great Tusk|52/100
|-supereffective|p2a: Great Tusk
|-damage|p2a: Great Tusk|28/100
|-supereffective|p2a: Great Tusk
|-damage|p2a: Great Tusk|5/100
|-supereffective|p2a: Great Tusk
|-damage|p2a: Great Tusk|0 fnt
|faint|p2a: Great Tusk
|-end|p2a: Great Tusk|Protosynthesis|[silent]
|-hitcount|p2: Great Tusk|5
|
|win|Ryan's World
|raw|Ryan&apos;s World's rating: 1623 &rarr; <strong>1641</strong><br />(+18 for winning)
|raw|bahnmiking's rating: 1583 &rarr; <strong>1565</strong><br />(-18 for losing)
|l|☆bahnmiking
|player|p2|
|l|‽Ryan's World
|player|p1|
