|badge|p1|bronze|gen9ou|100-9
|uhtml|medal-msg|<div class="broadcast-blue">Curious what those medals under the avatar are? PS now has Ladder Seasons! For more information, check out the <a href="https://www.smogon.com/forums/threads/3740067/">thread on Smogon.</a></div>
|badge|p2|bronze|gen9ou|100-9
|uhtml|medal-msg|<div class="broadcast-blue">Curious what those medals under the avatar are? PS now has Ladder Seasons! For more information, check out the <a href="https://www.smogon.com/forums/threads/3740067/">thread on Smogon.</a></div>
|j|☆Klopple
|j|☆hawkins0
|t:|1781497802
|gametype|singles
|player|p1|Klopple|sailor|1819
|player|p2|hawkins0|2|1769
|gen|9
|tier|[Gen 9] OU
|rated|
|rule|HP Percentage Mod: HP is shown in percentages
|rule|Endless Battle Clause: Forcing endless battles is banned
|rule|Species Clause: Limit one of each Pokémon
|rule|OHKO Clause: OHKO moves are banned
|rule|Evasion Items Clause: Evasion items are banned
|rule|Evasion Moves Clause: Evasion moves are banned
|rule|Evasion Abilities Clause: Evasion abilities are banned
|rule|Sleep Moves Clause: Sleep-inducing moves are banned
|clearpoke
|poke|p1|Arboliva, M|
|poke|p1|Gliscor, F|
|poke|p1|Iron Crown|
|poke|p1|Zamazenta-*|
|poke|p1|Hatterene, F|
|poke|p1|Dragonite, M|
|poke|p2|Hoopa-Unbound|
|poke|p2|Pecharunt|
|poke|p2|Landorus-Therian, M|
|poke|p2|Cinderace, M|
|poke|p2|Alomomola, M|
|poke|p2|Iron Valiant|
|teampreview
|
|t:|1781497813
|teamsize|p1|6
|teamsize|p2|6
|start
|switch|p1a: Gliscor|Gliscor, F|100/100
|switch|p2a: Khaos|Hoopa-Unbound|100/100
|turn|1
|inactive|Battle timer is ON: inactive players will automatically lose when time's up. (requested by hawkins0)
|
|t:|1781497833
|move|p2a: Khaos|Hyperspace Fury|p1a: Gliscor
|-damage|p1a: Gliscor|19/100
|-unboost|p2a: Khaos|def|1
|move|p1a: Gliscor|Knock Off|p2a: Khaos
|-damage|p2a: Khaos|46/100
|-enditem|p2a: Khaos|Choice Band|[from] move: Knock Off|[of] p1a: Gliscor
|
|-status|p1a: Gliscor|tox|[from] item: Toxic Orb
|upkeep
|turn|2
|
|t:|1781497845
|switch|p1a: Hatterene|Hatterene, F|100/100
|move|p2a: Khaos|Zen Headbutt|p1a: Hatterene
|-resisted|p1a: Hatterene
|-damage|p1a: Hatterene|77/100
|-damage|p2a: Khaos|29/100|[from] item: Rocky Helmet|[of] p1a: Hatterene
|-item|p2a: Khaos|Rocky Helmet|[from] ability: Magician|[of] p1a: Hatterene
|
|upkeep
|turn|3
|
|t:|1781497854
|move|p2a: Khaos|Knock Off|p1a: Hatterene
|-damage|p1a: Hatterene|41/100
|move|p1a: Hatterene|Draining Kiss|p2a: Khaos
|-supereffective|p2a: Khaos
|-damage|p2a: Khaos|0 fnt
|-heal|p1a: Hatterene|62/100|[from] drain|[of] p2a: Khaos
|-damage|p1a: Hatterene|45/100|[from] item: Rocky Helmet|[of] p2a: Khaos
|faint|p2a: Khaos
|
|upkeep
|
|t:|1781497859
|switch|p2a: Calamity|Iron Valiant, shiny|100/100
|turn|4
|
|t:|1781497866
|move|p2a: Calamity|Shadow Ball|p1a: Hatterene
|-supereffective|p1a: Hatterene
|-damage|p1a: Hatterene|0 fnt
|faint|p1a: Hatterene
|
|upkeep
|
|t:|1781497871
|switch|p1a: Gliscor|Gliscor, F|19/100 tox
|turn|5
|
|t:|1781497881
|move|p1a: Gliscor|Protect|p1a: Gliscor
|-singleturn|p1a: Gliscor|Protect
|move|p2a: Calamity|Shadow Ball|p1a: Gliscor
|-activate|p1a: Gliscor|move: Protect
|
|-heal|p1a: Gliscor|31/100 tox|[from] ability: Poison Heal
|upkeep
|turn|6
|
|t:|1781497885
|switch|p1a: Arboliva|Arboliva, M|100/100
|move|p2a: Calamity|Shadow Ball|p1a: Arboliva
|-immune|p1a: Arboliva
|
|upkeep
|turn|7
|
|t:|1781497895
|-end|p2a: Calamity|Quark Drive|[silent]
|switch|p2a: Overseer|Pecharunt|100/100
|move|p1a: Arboliva|Earth Power|p2a: Overseer
|-supereffective|p2a: Overseer
|-crit|p2a: Overseer
|-damage|p2a: Overseer|0 fnt
|faint|p2a: Overseer
|
|upkeep
|
|t:|1781497899
|switch|p2a: Calamity|Iron Valiant, shiny|100/100
|turn|8
|
|t:|1781497905
|-terastallize|p2a: Calamity|Fairy
|move|p1a: Arboliva|Endure|p1a: Arboliva
|-singleturn|p1a: Arboliva|move: Endure
|move|p2a: Calamity|Moonblast|p1a: Arboliva
|-damage|p1a: Arboliva|23/100
|
|upkeep
|turn|9
|-enditem|p1a: Arboliva|Custap Berry|[eat]
|-activate|p1a: Arboliva|item: Custap Berry|[consumed]
|
|t:|1781497913
|move|p1a: Arboliva|Energy Ball|p2a: Calamity
|-damage|p2a: Calamity|8/100
|move|p2a: Calamity|Moonblast|p1a: Arboliva
|-damage|p1a: Arboliva|0 fnt
|faint|p1a: Arboliva
|
|upkeep
|
|t:|1781497921
|switch|p1a: Iron Crown|Iron Crown|100/100
|turn|10
|j| dilf huntr
|
|t:|1781497930
|move|p2a: Calamity|Moonblast|p1a: Iron Crown
|-resisted|p1a: Iron Crown
|-damage|p1a: Iron Crown|68/100
|move|p1a: Iron Crown|Future Sight|p2a: Calamity
|-start|p1a: Iron Crown|move: Future Sight
|
|upkeep
|turn|11
|
|t:|1781497935
|move|p2a: Calamity|Moonblast|p1a: Iron Crown
|-resisted|p1a: Iron Crown
|-damage|p1a: Iron Crown|38/100
|move|p1a: Iron Crown|Volt Switch|p2a: Calamity
|-damage|p2a: Calamity|0 fnt
|faint|p2a: Calamity
|-end|p2a: Calamity|Quark Drive|[silent]
|
|t:|1781497939
|-end|p1a: Iron Crown|Quark Drive|[silent]
|switch|p1a: Gliscor|Gliscor, F|31/100 tox|[from] Volt Switch
|
|-heal|p1a: Gliscor|44/100 tox|[from] ability: Poison Heal
|upkeep
|-message|hawkins0 forfeited.
|
|win|Klopple
|raw|Klopple's rating: 1819 &rarr; <strong>1836</strong><br />(+17 for winning)
|raw|hawkins0's rating: 1769 &rarr; <strong>1752</strong><br />(-17 for losing)
|l|☆hawkins0
|player|p2|
|l|☆Klopple
|player|p1|
|l| dilf huntr
