|badge|p1|bronze|gen9ubers|100-9
|uhtml|medal-msg|<div class="broadcast-blue">Curious what those medals under the avatar are? PS now has Ladder Seasons! For more information, check out the <a href="https://www.smogon.com/forums/threads/3740067/">thread on Smogon.</a></div>
|j|☆DriftedEx
|j|☆scorpion257
|t:|1781449659
|gametype|singles
|player|p1|DriftedEx|rocketgrunt|1620
|player|p2|scorpion257|benga|1725
|gen|9
|tier|[Gen 9] OU
|rated|
|rule|HP Percentage Mod: HP is shown in percentages
|rule|Endless Battle Clause: Forcing endless battles is banned
|rule|Species Clause: Limit one of each Pokémon
|rule|OHKO Clause: OHKO moves are banned
|rule|Evasion Items Clause: Evasion items are banned
|rule|Evasion Moves Clause: Evasion moves are banned
|rule|Evasion Abilities Clause: Evasion abilities are banned
|rule|Sleep Moves Clause: Sleep-inducing moves are banned
|clearpoke
|poke|p1|Gliscor, M|
|poke|p1|Gholdengo|
|poke|p1|Dragonite, M|
|poke|p1|Ting-Lu|
|poke|p1|Darkrai|
|poke|p1|Zamazenta-*|
|poke|p2|Dondozo, M|
|poke|p2|Blissey, F|
|poke|p2|Corviknight, M|
|poke|p2|Weezing-Galar, F|
|poke|p2|Gliscor, M|
|poke|p2|Toxapex, M|
|teampreview
|inactive|Battle timer is ON: inactive players will automatically lose when time's up. (requested by DriftedEx)
|inactive|scorpion257 also wants the timer to be on.
|l|☆DriftedEx
|inactive|DriftedEx disconnected and has a minute to reconnect!
|player|p1|
|j| heheheha07
|j|☆DriftedEx
|inactive|DriftedEx reconnected and has 115 seconds left.
|player|p1|DriftedEx|rocketgrunt|
|
|t:|1781449699
|teamsize|p1|6
|teamsize|p2|6
|start
|switch|p1a: Gliscor|Gliscor, M|100/100
|switch|p2a: Gliscor|Gliscor, M|100/100
|turn|1
|
|t:|1781449705
|move|p1a: Gliscor|Protect|p1a: Gliscor
|-singleturn|p1a: Gliscor|Protect
|move|p2a: Gliscor|Protect||[still]
|-fail|p2a: Gliscor
|
|-status|p1a: Gliscor|tox|[from] item: Toxic Orb
|-status|p2a: Gliscor|tox|[from] item: Toxic Orb
|upkeep
|turn|2
|
|t:|1781449709
|move|p1a: Gliscor|Spikes|p2a: Gliscor
|-sidestart|p2: scorpion257|Spikes
|move|p2a: Gliscor|Knock Off|p1a: Gliscor
|-damage|p1a: Gliscor|86/100 tox
|-enditem|p1a: Gliscor|Toxic Orb|[from] move: Knock Off|[of] p2a: Gliscor
|
|-heal|p1a: Gliscor|99/100 tox|[from] ability: Poison Heal
|upkeep
|turn|3
|
|t:|1781449713
|switch|p2a: Weezing|Weezing-Galar, F|100/100
|-ability|p2a: Weezing|Neutralizing Gas
|move|p1a: Gliscor|Spikes|p2a: Weezing
|-sidestart|p2: scorpion257|Spikes
|
|-damage|p1a: Gliscor|86/100 tox|[from] psn
|upkeep
|turn|4
|
|t:|1781449717
|switch|p1a: Gholdengo|Gholdengo|100/100
|move|p2a: Weezing|Defog|p1a: Gholdengo
|-unboost|p1a: Gholdengo|evasion|1
|-sideend|p2: scorpion257|Spikes|[from] move: Defog|[of] p2a: Weezing
|
|upkeep
|turn|5
|
|t:|1781449722
|-end|p2a: Weezing|ability: Neutralizing Gas
|switch|p2a: Toxapex|Toxapex, M|100/100
|move|p1a: Gholdengo|Trick|p2a: Toxapex
|-activate|p1a: Gholdengo|move: Trick|[of] p2a: Toxapex
|-item|p2a: Toxapex|Choice Scarf|[from] move: Trick
|-item|p1a: Gholdengo|Leftovers|[from] move: Trick
|
|upkeep
|turn|6
|
|t:|1781449725
|switch|p1a: Gliscor|Gliscor, M|86/100 tox
|switch|p2a: Blissey|Blissey, F|100/100
|
|-heal|p1a: Gliscor|99/100 tox|[from] ability: Poison Heal
|upkeep
|turn|7
|
|t:|1781449729
|switch|p2a: Weezing|Weezing-Galar, F|100/100
|-ability|p2a: Weezing|Neutralizing Gas
|move|p1a: Gliscor|Spikes|p2a: Weezing
|-sidestart|p2: scorpion257|Spikes
|
|-damage|p1a: Gliscor|86/100 tox|[from] psn
|upkeep
|turn|8
|
|t:|1781449733
|move|p1a: Gliscor|Protect|p1a: Gliscor
|-singleturn|p1a: Gliscor|Protect
|move|p2a: Weezing|Will-O-Wisp|p1a: Gliscor
|-activate|p1a: Gliscor|move: Protect
|
|-damage|p1a: Gliscor|68/100 tox|[from] psn
|upkeep
|turn|9
|
|t:|1781449738
|switch|p1a: Gholdengo|Gholdengo|100/100
|move|p2a: Weezing|Will-O-Wisp|p1a: Gholdengo|[miss]
|-miss|p2a: Weezing|p1a: Gholdengo
|
|upkeep
|turn|10
|
|t:|1781449741
|switch|p1a: Darkrai|Darkrai|100/100
|-end|p2a: Weezing|ability: Neutralizing Gas
|switch|p2a: Blissey|Blissey, F|100/100
|-damage|p2a: Blissey|88/100|[from] Spikes
|
|-heal|p2a: Blissey|94/100|[from] item: Leftovers
|upkeep
|turn|11
|
|t:|1781449744
|switch|p2a: Toxapex|Toxapex, M|100/100
|-damage|p2a: Toxapex|88/100|[from] Spikes
|move|p1a: Darkrai|Knock Off|p2a: Toxapex
|-damage|p2a: Toxapex|67/100
|-enditem|p2a: Toxapex|Choice Scarf|[from] move: Knock Off|[of] p1a: Darkrai
|
|upkeep
|turn|12
|
|t:|1781449748
|move|p1a: Darkrai|Will-O-Wisp|p2a: Toxapex
|-status|p2a: Toxapex|brn
|move|p2a: Toxapex|Toxic|p1a: Darkrai
|-status|p1a: Darkrai|tox
|
|-damage|p1a: Darkrai|94/100 tox|[from] psn
|-damage|p2a: Toxapex|61/100 brn|[from] brn
|upkeep
|turn|13
|
|t:|1781449752
|switch|p1a: Gholdengo|Gholdengo|100/100
|move|p2a: Toxapex|Recover|p2a: Toxapex
|-heal|p2a: Toxapex|100/100 brn
|
|-damage|p2a: Toxapex|94/100 brn|[from] brn
|upkeep
|turn|14
|
|t:|1781449755
|switch|p2a: Blissey|Blissey, F|94/100
|-damage|p2a: Blissey|82/100|[from] Spikes
|move|p1a: Gholdengo|Shadow Ball|p2a: Blissey
|-immune|p2a: Blissey
|
|-heal|p2a: Blissey|88/100|[from] item: Leftovers
|upkeep
|turn|15
|
|t:|1781449758
|move|p1a: Gholdengo|Make It Rain|p2a: Blissey
|-damage|p2a: Blissey|67/100
|-unboost|p1a: Gholdengo|spa|1
|move|p2a: Blissey|Stealth Rock|p1a: Gholdengo
|-sidestart|p1: DriftedEx|move: Stealth Rock
|
|-heal|p2a: Blissey|73/100|[from] item: Leftovers
|upkeep
|turn|16
|
|t:|1781449762
|move|p1a: Gholdengo|Trick|p2a: Blissey
|-activate|p1a: Gholdengo|move: Trick|[of] p2a: Blissey
|-item|p2a: Blissey|Leftovers|[from] move: Trick
|-item|p1a: Gholdengo|Leftovers|[from] move: Trick
|move|p2a: Blissey|Calm Mind|p2a: Blissey
|-boost|p2a: Blissey|spa|1
|-boost|p2a: Blissey|spd|1
|
|-heal|p2a: Blissey|79/100|[from] item: Leftovers
|upkeep
|turn|17
|
|t:|1781449766
|switch|p1a: Zamazenta|Zamazenta|100/100
|-ability|p1a: Zamazenta|Dauntless Shield|boost
|-boost|p1a: Zamazenta|def|1
|move|p2a: Blissey|Seismic Toss|p1a: Zamazenta
|-damage|p1a: Zamazenta|70/100
|
|-heal|p2a: Blissey|86/100|[from] item: Leftovers
|upkeep
|turn|18
|
|t:|1781449773
|switch|p2a: Toxapex|Toxapex, M|100/100 brn
|-damage|p2a: Toxapex|88/100 brn|[from] Spikes
|move|p1a: Zamazenta|Close Combat|p2a: Toxapex
|-resisted|p2a: Toxapex
|-crit|p2a: Toxapex
|-damage|p2a: Toxapex|56/100 brn
|-unboost|p1a: Zamazenta|def|1
|-unboost|p1a: Zamazenta|spd|1
|
|-damage|p2a: Toxapex|50/100 brn|[from] brn
|upkeep
|turn|19
|
|t:|1781449781
|switch|p1a: Gliscor|Gliscor, M|68/100 tox
|-damage|p1a: Gliscor|55/100 tox|[from] Stealth Rock
|move|p2a: Toxapex|Toxic|p1a: Gliscor
|-fail|p1a: Gliscor|tox
|
|-heal|p1a: Gliscor|68/100 tox|[from] ability: Poison Heal
|-damage|p2a: Toxapex|43/100 brn|[from] brn
|upkeep
|turn|20
|
|t:|1781449784
|switch|p2a: Weezing|Weezing-Galar, F|100/100
|-ability|p2a: Weezing|Neutralizing Gas
|move|p1a: Gliscor|Spikes|p2a: Weezing
|-sidestart|p2: scorpion257|Spikes
|
|-damage|p1a: Gliscor|55/100 tox|[from] psn
|upkeep
|turn|21
|
|t:|1781449787
|switch|p1a: Gholdengo|Gholdengo|100/100
|-damage|p1a: Gholdengo|94/100|[from] Stealth Rock
|move|p2a: Weezing|Defog|p1a: Gholdengo
|-unboost|p1a: Gholdengo|evasion|1
|-sideend|p1: DriftedEx|Stealth Rock|[from] move: Defog|[of] p2a: Weezing
|-sideend|p2: scorpion257|Spikes|[from] move: Defog|[of] p2a: Weezing
|
|-heal|p1a: Gholdengo|100/100|[from] item: Leftovers
|upkeep
|turn|22
|
|t:|1781449790
|switch|p1a: Gliscor|Gliscor, M|55/100 tox
|-end|p2a: Weezing|ability: Neutralizing Gas
|switch|p2a: Blissey|Blissey, F|86/100
|
|-heal|p2a: Blissey|92/100|[from] item: Leftovers
|-heal|p1a: Gliscor|68/100 tox|[from] ability: Poison Heal
|upkeep
|turn|23
|
|t:|1781449793
|switch|p1a: Gholdengo|Gholdengo|100/100
|switch|p2a: Weezing|Weezing-Galar, F|100/100
|-ability|p2a: Weezing|Neutralizing Gas
|
|upkeep
|turn|24
|
|t:|1781449796
|-end|p2a: Weezing|ability: Neutralizing Gas
|switch|p2a: Blissey|Blissey, F|92/100
|move|p1a: Gholdengo|Make It Rain|p2a: Blissey
|-damage|p2a: Blissey|74/100
|-unboost|p1a: Gholdengo|spa|1
|
|-heal|p2a: Blissey|80/100|[from] item: Leftovers
|upkeep
|turn|25
|
|t:|1781449804
|switch|p1a: Gliscor|Gliscor, M|68/100 tox
|move|p2a: Blissey|Seismic Toss|p1a: Gliscor
|-damage|p1a: Gliscor|39/100 tox
|
|-heal|p2a: Blissey|86/100|[from] item: Leftovers
|-heal|p1a: Gliscor|52/100 tox|[from] ability: Poison Heal
|upkeep
|turn|26
|
|t:|1781449810
|switch|p1a: Gholdengo|Gholdengo|100/100
|switch|p2a: Weezing|Weezing-Galar, F|100/100
|-ability|p2a: Weezing|Neutralizing Gas
|
|upkeep
|turn|27
|
|t:|1781449812
|switch|p1a: Ting-Lu|Ting-Lu|100/100
|-end|p2a: Weezing|ability: Neutralizing Gas
|-ability|p1a: Ting-Lu|Vessel of Ruin
|switch|p2a: Blissey|Blissey, F|86/100
|
|-heal|p2a: Blissey|93/100|[from] item: Leftovers
|upkeep
|turn|28
|
|t:|1781449815
|switch|p2a: Weezing|Weezing-Galar, F|100/100
|-ability|p2a: Weezing|Neutralizing Gas
|move|p1a: Ting-Lu|Ruination|p2a: Weezing
|-damage|p2a: Weezing|50/100
|
|upkeep
|turn|29
|
|t:|1781449817
|move|p2a: Weezing|Will-O-Wisp|p1a: Ting-Lu
|-status|p1a: Ting-Lu|brn
|move|p1a: Ting-Lu|Earthquake|p2a: Weezing
|-supereffective|p2a: Weezing
|-damage|p2a: Weezing|26/100
|
|-damage|p1a: Ting-Lu|94/100 brn|[from] brn
|upkeep
|turn|30
|
|t:|1781449819
|move|p2a: Weezing|Pain Split|p1a: Ting-Lu
|-sethp|p1a: Ting-Lu|56/100 brn|[from] move: Pain Split|[silent]
|-sethp|p2a: Weezing|85/100|[from] move: Pain Split
|move|p1a: Ting-Lu|Stealth Rock|p2a: Weezing
|-sidestart|p2: scorpion257|move: Stealth Rock
|
|-heal|p1a: Ting-Lu|62/100 brn|[from] item: Leftovers
|-damage|p1a: Ting-Lu|56/100 brn|[from] brn
|upkeep
|turn|31
|
|t:|1781449823
|move|p2a: Weezing|Defog|p1a: Ting-Lu
|-unboost|p1a: Ting-Lu|evasion|1
|-sideend|p2: scorpion257|Stealth Rock|[from] move: Defog|[of] p2a: Weezing
|move|p1a: Ting-Lu|Ruination|p2a: Weezing
|-damage|p2a: Weezing|43/100
|
|-heal|p1a: Ting-Lu|62/100 brn|[from] item: Leftovers
|-damage|p1a: Ting-Lu|56/100 brn|[from] brn
|upkeep
|turn|32
|
|t:|1781449830
|move|p2a: Weezing|Pain Split|p1a: Ting-Lu
|-sethp|p1a: Ting-Lu|42/100 brn|[from] move: Pain Split|[silent]
|-sethp|p2a: Weezing|64/100|[from] move: Pain Split
|move|p1a: Ting-Lu|Stealth Rock|p2a: Weezing
|-sidestart|p2: scorpion257|move: Stealth Rock
|
|-heal|p1a: Ting-Lu|48/100 brn|[from] item: Leftovers
|-damage|p1a: Ting-Lu|42/100 brn|[from] brn
|upkeep
|turn|33
|
|t:|1781449834
|-end|p2a: Weezing|ability: Neutralizing Gas
|-ability|p1a: Ting-Lu|Vessel of Ruin
|switch|p2a: Gliscor|Gliscor, M|100/100 tox
|-damage|p2a: Gliscor|88/100 tox|[from] Stealth Rock
|move|p1a: Ting-Lu|Ruination|p2a: Gliscor
|-damage|p2a: Gliscor|44/100 tox
|
|-heal|p1a: Ting-Lu|48/100 brn|[from] item: Leftovers
|-heal|p2a: Gliscor|57/100 tox|[from] ability: Poison Heal
|-damage|p1a: Ting-Lu|42/100 brn|[from] brn
|upkeep
|turn|34
|
|t:|1781449837
|switch|p1a: Gliscor|Gliscor, M|52/100 tox
|move|p2a: Gliscor|Knock Off|p1a: Gliscor
|-damage|p1a: Gliscor|43/100 tox
|
|-heal|p1a: Gliscor|56/100 tox|[from] ability: Poison Heal
|-heal|p2a: Gliscor|69/100 tox|[from] ability: Poison Heal
|upkeep
|turn|35
|l| heheheha07
|
|t:|1781449841
|switch|p1a: Gholdengo|Gholdengo|100/100
|switch|p2a: Corviknight|Corviknight, M|100/100
|-damage|p2a: Corviknight|88/100|[from] Stealth Rock
|-ability|p2a: Corviknight|Pressure
|
|-heal|p2a: Corviknight|94/100|[from] item: Leftovers
|upkeep
|turn|36
|
|t:|1781449844
|switch|p2a: Blissey|Blissey, F|93/100
|-damage|p2a: Blissey|80/100|[from] Stealth Rock
|move|p1a: Gholdengo|Shadow Ball|p2a: Blissey
|-immune|p2a: Blissey
|
|-heal|p2a: Blissey|86/100|[from] item: Leftovers
|upkeep
|turn|37
|
|t:|1781449849
|switch|p1a: Darkrai|Darkrai|94/100 tox
|move|p2a: Blissey|Stealth Rock|p1a: Darkrai
|-sidestart|p1: DriftedEx|move: Stealth Rock
|
|-heal|p2a: Blissey|93/100|[from] item: Leftovers
|-damage|p1a: Darkrai|88/100 tox|[from] psn
|upkeep
|turn|38
|
|t:|1781449853
|switch|p1a: Gliscor|Gliscor, M|56/100 tox
|-damage|p1a: Gliscor|43/100 tox|[from] Stealth Rock
|switch|p2a: Toxapex|Toxapex, M|76/100 brn
|-damage|p2a: Toxapex|64/100 brn|[from] Stealth Rock
|
|-heal|p1a: Gliscor|56/100 tox|[from] ability: Poison Heal
|-damage|p2a: Toxapex|58/100 brn|[from] brn
|upkeep
|turn|39
|
|t:|1781449858
|switch|p2a: Weezing|Weezing-Galar, F|64/100
|-ability|p2a: Weezing|Neutralizing Gas
|move|p1a: Gliscor|Spikes|p2a: Weezing
|-sidestart|p2: scorpion257|Spikes
|
|-damage|p1a: Gliscor|43/100 tox|[from] psn
|upkeep
|turn|40
|
|t:|1781449861
|switch|p1a: Gholdengo|Gholdengo|100/100
|-damage|p1a: Gholdengo|94/100|[from] Stealth Rock
|move|p2a: Weezing|Defog|p1a: Gholdengo
|-unboost|p1a: Gholdengo|evasion|1
|-sideend|p1: DriftedEx|Stealth Rock|[from] move: Defog|[of] p2a: Weezing
|-sideend|p2: scorpion257|Spikes|[from] move: Defog|[of] p2a: Weezing
|-sideend|p2: scorpion257|Stealth Rock|[from] move: Defog|[of] p2a: Weezing
|
|-heal|p1a: Gholdengo|100/100|[from] item: Leftovers
|upkeep
|turn|41
|
|t:|1781449865
|switch|p1a: Gliscor|Gliscor, M|43/100 tox
|-end|p2a: Weezing|ability: Neutralizing Gas
|switch|p2a: Blissey|Blissey, F|93/100
|
|-heal|p2a: Blissey|99/100|[from] item: Leftovers
|-heal|p1a: Gliscor|56/100 tox|[from] ability: Poison Heal
|upkeep
|turn|42
|
|t:|1781449868
|switch|p1a: Gholdengo|Gholdengo|100/100
|switch|p2a: Weezing|Weezing-Galar, F|64/100
|-ability|p2a: Weezing|Neutralizing Gas
|
|upkeep
|turn|43
|
|t:|1781449871
|-end|p2a: Weezing|ability: Neutralizing Gas
|switch|p2a: Gliscor|Gliscor, M|69/100 tox
|move|p1a: Gholdengo|Trick|p2a: Gliscor
|-activate|p1a: Gholdengo|move: Trick|[of] p2a: Gliscor
|-item|p2a: Gliscor|Leftovers|[from] move: Trick
|-item|p1a: Gholdengo|Toxic Orb|[from] move: Trick
|
|-heal|p2a: Gliscor|75/100 tox|[from] item: Leftovers
|-heal|p2a: Gliscor|88/100 tox|[from] ability: Poison Heal
|upkeep
|turn|44
|j| matilda1
|
|t:|1781449879
|switch|p1a: Gliscor|Gliscor, M|56/100 tox
|move|p2a: Gliscor|Knock Off|p1a: Gliscor
|-damage|p1a: Gliscor|47/100 tox
|
|-heal|p2a: Gliscor|94/100 tox|[from] item: Leftovers
|-heal|p1a: Gliscor|60/100 tox|[from] ability: Poison Heal
|-heal|p2a: Gliscor|100/100 tox|[from] ability: Poison Heal
|upkeep
|turn|45
|l| matilda1
|
|t:|1781449883
|switch|p1a: Gholdengo|Gholdengo|100/100
|move|p2a: Gliscor|Spikes|p1a: Gholdengo
|-sidestart|p1: DriftedEx|Spikes
|
|upkeep
|turn|46
|
|t:|1781449889
|switch|p1a: Gliscor|Gliscor, M|60/100 tox
|move|p2a: Gliscor|Earthquake|p1a: Gliscor
|-immune|p1a: Gliscor
|
|-heal|p1a: Gliscor|72/100 tox|[from] ability: Poison Heal
|upkeep
|turn|47
|
|t:|1781449892
|move|p1a: Gliscor|Spikes|p2a: Gliscor
|-sidestart|p2: scorpion257|Spikes
|move|p2a: Gliscor|Spikes|p1a: Gliscor
|-sidestart|p1: DriftedEx|Spikes
|
|-heal|p1a: Gliscor|85/100 tox|[from] ability: Poison Heal
|upkeep
|turn|48
|
|t:|1781449894
|move|p1a: Gliscor|Spikes|p2a: Gliscor
|-sidestart|p2: scorpion257|Spikes
|move|p2a: Gliscor|Spikes|p1a: Gliscor
|-sidestart|p1: DriftedEx|Spikes
|
|-heal|p1a: Gliscor|97/100 tox|[from] ability: Poison Heal
|upkeep
|turn|49
|
|t:|1781449896
|switch|p2a: Corviknight|Corviknight, M|94/100
|-ability|p2a: Corviknight|Pressure
|move|p1a: Gliscor|Earthquake|p2a: Corviknight
|-immune|p2a: Corviknight
|
|-heal|p2a: Corviknight|100/100|[from] item: Leftovers
|-heal|p1a: Gliscor|100/100 tox|[from] ability: Poison Heal
|upkeep
|turn|50
|
|t:|1781449898
|switch|p2a: Gliscor|Gliscor, M|100/100 tox
|move|p1a: Gliscor|Spikes|p2a: Gliscor
|-sidestart|p2: scorpion257|Spikes
|
|upkeep
|turn|51
|
|t:|1781449901
|switch|p1a: Gholdengo|Gholdengo|100/100
|-damage|p1a: Gholdengo|76/100|[from] Spikes
|switch|p2a: Corviknight|Corviknight, M|100/100
|-ability|p2a: Corviknight|Pressure
|
|upkeep
|turn|52
|
|t:|1781449906
|switch|p2a: Gliscor|Gliscor, M|100/100 tox
|move|p1a: Gholdengo|Shadow Ball|p2a: Gliscor
|-damage|p2a: Gliscor|68/100 tox
|
|-heal|p2a: Gliscor|74/100 tox|[from] item: Leftovers
|-heal|p2a: Gliscor|87/100 tox|[from] ability: Poison Heal
|upkeep
|turn|53
|
|t:|1781449914
|switch|p1a: Darkrai|Darkrai|88/100 tox
|move|p2a: Gliscor|Knock Off|p1a: Darkrai
|-resisted|p1a: Darkrai
|-damage|p1a: Darkrai|74/100 tox
|-enditem|p1a: Darkrai|Heavy-Duty Boots|[from] move: Knock Off|[of] p2a: Gliscor
|
|-heal|p2a: Gliscor|93/100 tox|[from] item: Leftovers
|-damage|p1a: Darkrai|68/100 tox|[from] psn
|-heal|p2a: Gliscor|100/100 tox|[from] ability: Poison Heal
|upkeep
|turn|54
|
|t:|1781449921
|switch|p2a: Toxapex|Toxapex, M|91/100 brn
|-damage|p2a: Toxapex|66/100 brn|[from] Spikes
|move|p1a: Darkrai|Ice Beam|p2a: Toxapex
|-resisted|p2a: Toxapex
|-crit|p2a: Toxapex
|-damage|p2a: Toxapex|50/100 brn
|
|-damage|p1a: Darkrai|56/100 tox|[from] psn
|-damage|p2a: Toxapex|43/100 brn|[from] brn
|upkeep
|turn|55
|
|t:|1781449927
|move|p1a: Darkrai|Dark Pulse|p2a: Toxapex
|-damage|p2a: Toxapex|18/100 brn
|move|p2a: Toxapex|Recover|p2a: Toxapex
|-heal|p2a: Toxapex|68/100 brn
|
|-damage|p1a: Darkrai|38/100 tox|[from] psn
|-damage|p2a: Toxapex|61/100 brn|[from] brn
|upkeep
|turn|56
|
|t:|1781449932
|switch|p1a: Gliscor|Gliscor, M|100/100 tox
|move|p2a: Toxapex|Poison Jab|p1a: Gliscor
|-resisted|p1a: Gliscor
|-damage|p1a: Gliscor|98/100 tox
|
|-heal|p1a: Gliscor|100/100 tox|[from] ability: Poison Heal
|-damage|p2a: Toxapex|55/100 brn|[from] brn
|upkeep
|turn|57
|
|t:|1781449938
|switch|p1a: Dragonite|Dragonite, M|100/100
|switch|p2a: Gliscor|Gliscor, M|100/100 tox
|
|upkeep
|turn|58
|
|t:|1781449941
|switch|p2a: Dondozo|Dondozo, M|100/100
|-damage|p2a: Dondozo|76/100|[from] Spikes
|move|p1a: Dragonite|Dragon Dance|p1a: Dragonite
|-boost|p1a: Dragonite|atk|1
|-boost|p1a: Dragonite|spe|1
|
|-heal|p2a: Dondozo|82/100|[from] item: Leftovers
|upkeep
|turn|59
|
|t:|1781449946
|switch|p1a: Gholdengo|Gholdengo|76/100
|-damage|p1a: Gholdengo|51/100|[from] Spikes
|move|p2a: Dondozo|Avalanche|p1a: Gholdengo
|-resisted|p1a: Gholdengo
|-damage|p1a: Gholdengo|44/100
|
|-heal|p2a: Dondozo|88/100|[from] item: Leftovers
|upkeep
|turn|60
|
|t:|1781449950
|switch|p2a: Blissey|Blissey, F|99/100
|-damage|p2a: Blissey|74/100|[from] Spikes
|move|p1a: Gholdengo|Recover|p1a: Gholdengo
|-heal|p1a: Gholdengo|94/100
|
|-heal|p2a: Blissey|80/100|[from] item: Leftovers
|upkeep
|turn|61
|
|t:|1781449955
|switch|p1a: Zamazenta|Zamazenta|70/100
|move|p2a: Blissey|Stealth Rock|p1a: Zamazenta
|-sidestart|p1: DriftedEx|move: Stealth Rock
|
|-heal|p2a: Blissey|86/100|[from] item: Leftovers
|upkeep
|turn|62
|
|t:|1781449960
|switch|p2a: Toxapex|Toxapex, M|88/100 brn
|-damage|p2a: Toxapex|63/100 brn|[from] Spikes
|move|p1a: Zamazenta|Stone Edge|p2a: Toxapex
|-damage|p2a: Toxapex|37/100 brn
|
|-damage|p2a: Toxapex|30/100 brn|[from] brn
|upkeep
|turn|63
|
|t:|1781449967
|switch|p2a: Weezing|Weezing-Galar, F|64/100
|-ability|p2a: Weezing|Neutralizing Gas
|move|p1a: Zamazenta|Stone Edge|p2a: Weezing|[miss]
|-miss|p1a: Zamazenta|p2a: Weezing
|
|upkeep
|turn|64
|
|t:|1781449973
|-end|p2a: Weezing|ability: Neutralizing Gas
|switch|p2a: Toxapex|Toxapex, M|64/100 brn
|-damage|p2a: Toxapex|39/100 brn|[from] Spikes
|move|p1a: Zamazenta|Heavy Slam|p2a: Toxapex
|-resisted|p2a: Toxapex
|-damage|p2a: Toxapex|24/100 brn
|
|-damage|p2a: Toxapex|17/100 brn|[from] brn
|upkeep
|turn|65
|
|t:|1781449981
|switch|p2a: Gliscor|Gliscor, M|100/100 tox
|move|p1a: Zamazenta|Close Combat|p2a: Gliscor
|-resisted|p2a: Gliscor
|-damage|p2a: Gliscor|77/100 tox
|-unboost|p1a: Zamazenta|def|1
|-unboost|p1a: Zamazenta|spd|1
|
|-heal|p2a: Gliscor|84/100 tox|[from] item: Leftovers
|-heal|p2a: Gliscor|96/100 tox|[from] ability: Poison Heal
|upkeep
|turn|66
|
|t:|1781449989
|move|p1a: Zamazenta|Ice Fang|p2a: Gliscor
|-supereffective|p2a: Gliscor
|-damage|p2a: Gliscor|33/100 tox
|move|p2a: Gliscor|Knock Off|p1a: Zamazenta
|-resisted|p1a: Zamazenta
|-damage|p1a: Zamazenta|55/100
|-enditem|p1a: Zamazenta|Heavy-Duty Boots|[from] move: Knock Off|[of] p2a: Gliscor
|
|-heal|p2a: Gliscor|39/100 tox|[from] item: Leftovers
|-heal|p2a: Gliscor|51/100 tox|[from] ability: Poison Heal
|upkeep
|turn|67
|
|t:|1781449994
|move|p2a: Gliscor|Protect|p2a: Gliscor
|-singleturn|p2a: Gliscor|Protect
|move|p1a: Zamazenta|Close Combat|p2a: Gliscor
|-activate|p2a: Gliscor|move: Protect
|
|-heal|p2a: Gliscor|58/100 tox|[from] item: Leftovers
|-heal|p2a: Gliscor|70/100 tox|[from] ability: Poison Heal
|upkeep
|turn|68
|
|t:|1781450006
|switch|p2a: Weezing|Weezing-Galar, F|64/100
|-ability|p2a: Weezing|Neutralizing Gas
|-terastallize|p1a: Zamazenta|Ice
|move|p1a: Zamazenta|Ice Fang|p2a: Weezing
|-damage|p2a: Weezing|41/100
|
|upkeep
|turn|69
|
|t:|1781450020
|-terastallize|p2a: Weezing|Ghost
|move|p1a: Zamazenta|Close Combat|p2a: Weezing
|-immune|p2a: Weezing
|move|p2a: Weezing|Will-O-Wisp|p1a: Zamazenta
|-status|p1a: Zamazenta|brn
|
|-damage|p1a: Zamazenta|49/100 brn|[from] brn
|upkeep
|turn|70
|
|t:|1781450027
|switch|p1a: Gholdengo|Gholdengo|94/100
|-damage|p1a: Gholdengo|69/100|[from] Spikes
|-damage|p1a: Gholdengo|63/100|[from] Stealth Rock
|move|p2a: Weezing|Defog|p1a: Gholdengo
|-unboost|p1a: Gholdengo|evasion|1
|-sideend|p1: DriftedEx|Spikes|[from] move: Defog|[of] p2a: Weezing
|-sideend|p1: DriftedEx|Stealth Rock|[from] move: Defog|[of] p2a: Weezing
|-sideend|p2: scorpion257|Spikes|[from] move: Defog|[of] p2a: Weezing
|
|upkeep
|turn|71
|
|t:|1781450033
|switch|p1a: Gliscor|Gliscor, M|100/100 tox
|-end|p2a: Weezing|ability: Neutralizing Gas
|switch|p2a: Gliscor|Gliscor, M|70/100 tox
|
|-heal|p2a: Gliscor|76/100 tox|[from] item: Leftovers
|-heal|p2a: Gliscor|89/100 tox|[from] ability: Poison Heal
|upkeep
|turn|72
|
|t:|1781450036
|switch|p2a: Corviknight|Corviknight, M|100/100
|-ability|p2a: Corviknight|Pressure
|move|p1a: Gliscor|Spikes|p2a: Corviknight
|-sidestart|p2: scorpion257|Spikes
|
|upkeep
|turn|73
|
|t:|1781450039
|move|p1a: Gliscor|Toxic|p2a: Corviknight
|-immune|p2a: Corviknight
|move|p2a: Corviknight|Defog|p1a: Gliscor
|-unboost|p1a: Gliscor|evasion|1
|-sideend|p2: scorpion257|Spikes|[from] move: Defog|[of] p2a: Corviknight
|
|upkeep
|turn|74
|
|t:|1781450042
|move|p1a: Gliscor|Spikes|p2a: Corviknight
|-sidestart|p2: scorpion257|Spikes
|move|p2a: Corviknight|Iron Defense|p2a: Corviknight
|-boost|p2a: Corviknight|def|2
|
|upkeep
|turn|75
|
|t:|1781450044
|move|p1a: Gliscor|Toxic|p2a: Corviknight
|-immune|p2a: Corviknight
|move|p2a: Corviknight|Defog|p1a: Gliscor
|-unboost|p1a: Gliscor|evasion|1
|-sideend|p2: scorpion257|Spikes|[from] move: Defog|[of] p2a: Corviknight
|
|upkeep
|turn|76
|
|t:|1781450046
|switch|p1a: Gholdengo|Gholdengo|63/100
|move|p2a: Corviknight|Iron Defense|p2a: Corviknight
|-boost|p2a: Corviknight|def|2
|
|upkeep
|turn|77
|
|t:|1781450049
|switch|p2a: Gliscor|Gliscor, M|89/100 tox
|move|p1a: Gholdengo|Recover|p1a: Gholdengo
|-heal|p1a: Gholdengo|100/100
|
|-heal|p2a: Gliscor|95/100 tox|[from] item: Leftovers
|-heal|p2a: Gliscor|100/100 tox|[from] ability: Poison Heal
|upkeep
|turn|78
|
|t:|1781450052
|switch|p1a: Gliscor|Gliscor, M|100/100 tox
|move|p2a: Gliscor|Spikes|p1a: Gliscor
|-sidestart|p1: DriftedEx|Spikes
|
|upkeep
|turn|79
|
|t:|1781450056
|switch|p2a: Corviknight|Corviknight, M|100/100
|-ability|p2a: Corviknight|Pressure
|move|p1a: Gliscor|Toxic|p2a: Corviknight|[miss]
|-miss|p1a: Gliscor|p2a: Corviknight
|
|upkeep
|turn|80
|
|t:|1781450058
|switch|p2a: Gliscor|Gliscor, M|100/100 tox
|move|p1a: Gliscor|Spikes|p2a: Gliscor
|-sidestart|p2: scorpion257|Spikes
|
|upkeep
|turn|81
|
|t:|1781450061
|switch|p1a: Gholdengo|Gholdengo|100/100
|-damage|p1a: Gholdengo|88/100|[from] Spikes
|switch|p2a: Corviknight|Corviknight, M|100/100
|-ability|p2a: Corviknight|Pressure
|
|upkeep
|turn|82
|
|t:|1781450064
|switch|p2a: Gliscor|Gliscor, M|100/100 tox
|move|p1a: Gholdengo|Shadow Ball|p2a: Gliscor
|-damage|p2a: Gliscor|63/100 tox
|
|-heal|p2a: Gliscor|69/100 tox|[from] item: Leftovers
|-heal|p2a: Gliscor|81/100 tox|[from] ability: Poison Heal
|upkeep
|turn|83
|
|t:|1781450068
|switch|p1a: Gliscor|Gliscor, M|100/100 tox
|move|p2a: Gliscor|Knock Off|p1a: Gliscor
|-damage|p1a: Gliscor|92/100 tox
|
|-heal|p2a: Gliscor|88/100 tox|[from] item: Leftovers
|-heal|p1a: Gliscor|100/100 tox|[from] ability: Poison Heal
|-heal|p2a: Gliscor|99/100 tox|[from] ability: Poison Heal
|upkeep
|turn|84
|
|t:|1781450076
|switch|p2a: Toxapex|Toxapex, M|50/100 brn
|-damage|p2a: Toxapex|38/100 brn|[from] Spikes
|move|p1a: Gliscor|Spikes|p2a: Toxapex
|-sidestart|p2: scorpion257|Spikes
|
|-damage|p2a: Toxapex|32/100 brn|[from] brn
|upkeep
|turn|85
|
|t:|1781450080
|switch|p2a: Corviknight|Corviknight, M|100/100
|-ability|p2a: Corviknight|Pressure
|move|p1a: Gliscor|Toxic|p2a: Corviknight
|-immune|p2a: Corviknight
|
|upkeep
|turn|86
|
|t:|1781450083
|switch|p1a: Gholdengo|Gholdengo|88/100
|-damage|p1a: Gholdengo|76/100|[from] Spikes
|move|p2a: Corviknight|Defog|p1a: Gholdengo
|-immune|p1a: Gholdengo|[from] ability: Good as Gold
|
|upkeep
|turn|87
|
|t:|1781450093
|switch|p2a: Gliscor|Gliscor, M|99/100 tox
|move|p1a: Gholdengo|Shadow Ball|p2a: Gliscor
|-damage|p2a: Gliscor|64/100 tox
|
|-heal|p2a: Gliscor|71/100 tox|[from] item: Leftovers
|-heal|p2a: Gliscor|83/100 tox|[from] ability: Poison Heal
|upkeep
|turn|88
|
|t:|1781450099
|switch|p2a: Weezing|Weezing-Galar, F, tera:Ghost|41/100
|-ability|p2a: Weezing|Neutralizing Gas
|move|p1a: Gholdengo|Shadow Ball|p2a: Weezing
|-supereffective|p2a: Weezing
|-damage|p2a: Weezing|0 fnt
|faint|p2a: Weezing
|-end|p2a: Weezing|ability: Neutralizing Gas
|
|upkeep
|
|t:|1781450104
|switch|p2a: Gliscor|Gliscor, M|83/100 tox
|turn|89
|
|t:|1781450106
|switch|p1a: Gliscor|Gliscor, M|100/100 tox
|move|p2a: Gliscor|Spikes|p1a: Gliscor
|-sidestart|p1: DriftedEx|Spikes
|
|-heal|p2a: Gliscor|89/100 tox|[from] item: Leftovers
|-heal|p2a: Gliscor|100/100 tox|[from] ability: Poison Heal
|upkeep
|turn|90
|
|t:|1781450108
|move|p1a: Gliscor|Spikes|p2a: Gliscor
|-sidestart|p2: scorpion257|Spikes
|move|p2a: Gliscor|Spikes|p1a: Gliscor
|-sidestart|p1: DriftedEx|Spikes
|
|upkeep
|turn|91
|
|t:|1781450114
|switch|p1a: Dragonite|Dragonite, M|100/100
|switch|p2a: Corviknight|Corviknight, M|100/100
|-ability|p2a: Corviknight|Pressure
|
|upkeep
|turn|92
|
|t:|1781450118
|move|p1a: Dragonite|Dragon Dance|p1a: Dragonite
|-boost|p1a: Dragonite|atk|1
|-boost|p1a: Dragonite|spe|1
|move|p2a: Corviknight|Iron Defense|p2a: Corviknight
|-boost|p2a: Corviknight|def|2
|
|upkeep
|turn|93
|
|t:|1781450119
|move|p1a: Dragonite|Dragon Dance|p1a: Dragonite
|-boost|p1a: Dragonite|atk|1
|-boost|p1a: Dragonite|spe|1
|move|p2a: Corviknight|Iron Defense|p2a: Corviknight
|-boost|p2a: Corviknight|def|2
|
|upkeep
|turn|94
|
|t:|1781450122
|switch|p1a: Gholdengo|Gholdengo|76/100
|-damage|p1a: Gholdengo|51/100|[from] Spikes
|move|p2a: Corviknight|Iron Defense|p2a: Corviknight
|-boost|p2a: Corviknight|def|2
|
|upkeep
|turn|95
|
|t:|1781450125
|switch|p2a: Gliscor|Gliscor, M|100/100 tox
|move|p1a: Gholdengo|Trick|p2a: Gliscor
|-activate|p1a: Gholdengo|move: Trick|[of] p2a: Gliscor
|-item|p2a: Gliscor|Toxic Orb|[from] move: Trick
|-item|p1a: Gholdengo|Leftovers|[from] move: Trick
|
|-heal|p1a: Gholdengo|57/100|[from] item: Leftovers
|upkeep
|turn|96
|
|t:|1781450129
|switch|p2a: Blissey|Blissey, F|86/100
|-damage|p2a: Blissey|61/100|[from] Spikes
|move|p1a: Gholdengo|Trick|p2a: Blissey
|-activate|p1a: Gholdengo|move: Trick|[of] p2a: Blissey
|-item|p2a: Blissey|Leftovers|[from] move: Trick
|-item|p1a: Gholdengo|Leftovers|[from] move: Trick
|
|-heal|p1a: Gholdengo|63/100|[from] item: Leftovers
|-heal|p2a: Blissey|68/100|[from] item: Leftovers
|upkeep
|turn|97
|
|t:|1781450134
|switch|p1a: Gliscor|Gliscor, M|100/100 tox
|move|p2a: Blissey|Stealth Rock|p1a: Gliscor
|-sidestart|p1: DriftedEx|move: Stealth Rock
|
|-heal|p2a: Blissey|74/100|[from] item: Leftovers
|upkeep
|turn|98
|
|t:|1781450141
|switch|p2a: Gliscor|Gliscor, M|100/100 tox
|move|p1a: Gliscor|Protect||[still]
|-fail|p1a: Gliscor
|
|upkeep
|turn|99
|
|t:|1781450148
|switch|p1a: Ting-Lu|Ting-Lu|42/100 brn
|-damage|p1a: Ting-Lu|17/100 brn|[from] Spikes
|-damage|p1a: Ting-Lu|11/100 brn|[from] Stealth Rock
|-ability|p1a: Ting-Lu|Vessel of Ruin
|switch|p2a: Corviknight|Corviknight, M|100/100
|-ability|p2a: Corviknight|Pressure
|
|-heal|p1a: Ting-Lu|17/100 brn|[from] item: Leftovers
|-damage|p1a: Ting-Lu|11/100 brn|[from] brn
|upkeep
|turn|100
|
|t:|1781450152
|move|p2a: Corviknight|Body Press|p1a: Ting-Lu
|-supereffective|p1a: Ting-Lu
|-damage|p1a: Ting-Lu|0 fnt
|faint|p1a: Ting-Lu
|
|upkeep
|
|t:|1781450154
|switch|p1a: Darkrai|Darkrai|38/100 tox
|-damage|p1a: Darkrai|13/100 tox|[from] Spikes
|-damage|p1a: Darkrai|0 fnt|[from] Stealth Rock
|faint|p1a: Darkrai
|
|t:|1781450157
|switch|p1a: Gholdengo|Gholdengo|63/100
|-damage|p1a: Gholdengo|38/100|[from] Spikes
|-damage|p1a: Gholdengo|32/100|[from] Stealth Rock
|turn|101
|
|t:|1781450161
|switch|p2a: Gliscor|Gliscor, M|100/100 tox
|move|p1a: Gholdengo|Recover|p1a: Gholdengo
|-heal|p1a: Gholdengo|82/100
|
|-heal|p1a: Gholdengo|88/100|[from] item: Leftovers
|upkeep
|turn|102
|
|t:|1781450164
|switch|p1a: Dragonite|Dragonite, M|100/100
|move|p2a: Gliscor|Knock Off|p1a: Dragonite
|-damage|p1a: Dragonite|91/100
|-enditem|p1a: Dragonite|Heavy-Duty Boots|[from] move: Knock Off|[of] p2a: Gliscor
|
|upkeep
|turn|103
|
|t:|1781450167
|switch|p2a: Dondozo|Dondozo, M|88/100
|-damage|p2a: Dondozo|63/100|[from] Spikes
|move|p1a: Dragonite|Dragon Dance|p1a: Dragonite
|-boost|p1a: Dragonite|atk|1
|-boost|p1a: Dragonite|spe|1
|
|-heal|p2a: Dondozo|69/100|[from] item: Leftovers
|upkeep
|turn|104
|
|t:|1781450169
|switch|p1a: Gholdengo|Gholdengo|88/100
|-damage|p1a: Gholdengo|64/100|[from] Spikes
|-damage|p1a: Gholdengo|58/100|[from] Stealth Rock
|move|p2a: Dondozo|Avalanche|p1a: Gholdengo
|-resisted|p1a: Gholdengo
|-damage|p1a: Gholdengo|50/100
|
|-heal|p1a: Gholdengo|56/100|[from] item: Leftovers
|-heal|p2a: Dondozo|75/100|[from] item: Leftovers
|upkeep
|turn|105
|
|t:|1781450175
|switch|p1a: Dragonite|Dragonite, M|91/100
|-damage|p1a: Dragonite|66/100|[from] Stealth Rock
|switch|p2a: Gliscor|Gliscor, M|100/100 tox
|
|upkeep
|turn|106
|
|t:|1781450179
|switch|p2a: Corviknight|Corviknight, M|100/100
|-ability|p2a: Corviknight|Pressure
|move|p1a: Dragonite|Roost|p1a: Dragonite
|-heal|p1a: Dragonite|100/100
|-singleturn|p1a: Dragonite|move: Roost
|
|upkeep
|turn|107
|
|t:|1781450182
|switch|p1a: Gliscor|Gliscor, M|100/100 tox
|-damage|p1a: Gliscor|88/100 tox|[from] Stealth Rock
|move|p2a: Corviknight|Iron Defense|p2a: Corviknight
|-boost|p2a: Corviknight|def|2
|
|-heal|p1a: Gliscor|100/100 tox|[from] ability: Poison Heal
|upkeep
|turn|108
|
|t:|1781450186
|move|p1a: Gliscor|Spikes||[still]
|-fail|p1a: Gliscor
|move|p2a: Corviknight|Iron Defense|p2a: Corviknight
|-boost|p2a: Corviknight|def|2
|
|upkeep
|turn|109
|
|t:|1781450188
|move|p1a: Gliscor|Spikes||[still]
|-fail|p1a: Gliscor
|move|p2a: Corviknight|Iron Defense|p2a: Corviknight
|-boost|p2a: Corviknight|def|2
|
|upkeep
|turn|110
|
|t:|1781450190
|move|p1a: Gliscor|Spikes||[still]
|-fail|p1a: Gliscor
|move|p2a: Corviknight|Body Press|p1a: Gliscor
|-resisted|p1a: Gliscor
|-damage|p1a: Gliscor|66/100 tox
|
|-heal|p1a: Gliscor|79/100 tox|[from] ability: Poison Heal
|upkeep
|turn|111
|
|t:|1781450192
|switch|p1a: Gholdengo|Gholdengo|56/100
|-damage|p1a: Gholdengo|31/100|[from] Spikes
|-damage|p1a: Gholdengo|25/100|[from] Stealth Rock
|switch|p2a: Gliscor|Gliscor, M|100/100 tox
|
|-heal|p1a: Gholdengo|31/100|[from] item: Leftovers
|upkeep
|turn|112
|
|t:|1781450196
|move|p1a: Gholdengo|Recover|p1a: Gholdengo
|-heal|p1a: Gholdengo|81/100
|move|p2a: Gliscor|Earthquake|p1a: Gholdengo
|-supereffective|p1a: Gholdengo
|-damage|p1a: Gholdengo|7/100
|
|-heal|p1a: Gholdengo|13/100|[from] item: Leftovers
|upkeep
|turn|113
|
|t:|1781450200
|move|p1a: Gholdengo|Recover|p1a: Gholdengo
|-heal|p1a: Gholdengo|63/100
|move|p2a: Gliscor|Earthquake|p1a: Gholdengo
|-supereffective|p1a: Gholdengo
|-damage|p1a: Gholdengo|0 fnt
|faint|p1a: Gholdengo
|
|upkeep
|
|t:|1781450201
|switch|p1a: Gliscor|Gliscor, M|79/100 tox
|-damage|p1a: Gliscor|66/100 tox|[from] Stealth Rock
|turn|114
|
|t:|1781450206
|switch|p2a: Corviknight|Corviknight, M|100/100
|-ability|p2a: Corviknight|Pressure
|move|p1a: Gliscor|Toxic|p2a: Corviknight
|-immune|p2a: Corviknight
|
|-heal|p1a: Gliscor|79/100 tox|[from] ability: Poison Heal
|upkeep
|turn|115
|
|t:|1781450211
|move|p1a: Gliscor|Protect|p1a: Gliscor
|-singleturn|p1a: Gliscor|Protect
|move|p2a: Corviknight|Defog|p1a: Gliscor
|-activate|p1a: Gliscor|move: Protect
|
|-heal|p1a: Gliscor|91/100 tox|[from] ability: Poison Heal
|upkeep
|turn|116
|
|t:|1781450213
|switch|p1a: Dragonite|Dragonite, M|100/100
|-damage|p1a: Dragonite|75/100|[from] Stealth Rock
|move|p2a: Corviknight|Defog|p1a: Dragonite
|-unboost|p1a: Dragonite|evasion|1
|-sideend|p1: DriftedEx|Spikes|[from] move: Defog|[of] p2a: Corviknight
|-sideend|p1: DriftedEx|Stealth Rock|[from] move: Defog|[of] p2a: Corviknight
|-sideend|p2: scorpion257|Spikes|[from] move: Defog|[of] p2a: Corviknight
|
|upkeep
|turn|117
|
|t:|1781450215
|switch|p2a: Dondozo|Dondozo, M|75/100
|move|p1a: Dragonite|Dragon Dance|p1a: Dragonite
|-boost|p1a: Dragonite|atk|1
|-boost|p1a: Dragonite|spe|1
|
|-heal|p2a: Dondozo|82/100|[from] item: Leftovers
|upkeep
|turn|118
|
|t:|1781450217
|move|p1a: Dragonite|Dragon Dance|p1a: Dragonite
|-boost|p1a: Dragonite|atk|1
|-boost|p1a: Dragonite|spe|1
|move|p2a: Dondozo|Avalanche|p1a: Dragonite
|-supereffective|p1a: Dragonite
|-damage|p1a: Dragonite|25/100
|
|-heal|p2a: Dondozo|88/100|[from] item: Leftovers
|upkeep
|turn|119
|
|t:|1781450219
|move|p1a: Dragonite|Roost|p1a: Dragonite
|-heal|p1a: Dragonite|75/100
|-singleturn|p1a: Dragonite|move: Roost
|move|p2a: Dondozo|Avalanche|p1a: Dragonite
|-supereffective|p1a: Dragonite
|-crit|p1a: Dragonite
|-damage|p1a: Dragonite|34/100
|
|-heal|p2a: Dondozo|94/100|[from] item: Leftovers
|upkeep
|turn|120
|-message|DriftedEx forfeited.
|
|win|scorpion257
|raw|DriftedEx's rating: 1620 &rarr; <strong>1606</strong><br />(-14 for losing)
|raw|scorpion257's rating: 1725 &rarr; <strong>1739</strong><br />(+14 for winning)
|l|☆DriftedEx
|player|p1|
|l|☆scorpion257
|player|p2|
