|badge|p1|silver|gen9ou|30-9
|uhtml|medal-msg|<div class="broadcast-blue">Curious what those medals under the avatar are? PS now has Ladder Seasons! For more information, check out the <a href="https://www.smogon.com/forums/threads/3740067/">thread on Smogon.</a></div>
|badge|p2|bronze|gen9ou|100-9
|uhtml|medal-msg|<div class="broadcast-blue">Curious what those medals under the avatar are? PS now has Ladder Seasons! For more information, check out the <a href="https://www.smogon.com/forums/threads/3740067/">thread on Smogon.</a></div>
|j|☆AnonymousJon
|j|☆phreshoatmeal
|t:|1781571895
|gametype|singles
|player|p1|AnonymousJon|workerice|1868
|player|p2|phreshoatmeal|266|1838
|gen|9
|tier|[Gen 9] OU
|rated|
|rule|HP Percentage Mod: HP is shown in percentages
|rule|Endless Battle Clause: Forcing endless battles is banned
|rule|Species Clause: Limit one of each Pokémon
|rule|OHKO Clause: OHKO moves are banned
|rule|Evasion Items Clause: Evasion items are banned
|rule|Evasion Moves Clause: Evasion moves are banned
|rule|Evasion Abilities Clause: Evasion abilities are banned
|rule|Sleep Moves Clause: Sleep-inducing moves are banned
|clearpoke
|poke|p1|Great Tusk|
|poke|p1|Ogerpon-Cornerstone, F|
|poke|p1|Rillaboom, M|
|poke|p1|Tyranitar, F|
|poke|p1|Corviknight, M|
|poke|p1|Dragapult, F|
|poke|p2|Tyranitar, M|
|poke|p2|Excadrill, F|
|poke|p2|Hatterene, F|
|poke|p2|Iron Valiant|
|poke|p2|Amoonguss, M|
|poke|p2|Alomomola, F|
|teampreview
|inactive|Battle timer is ON: inactive players will automatically lose when time's up. (requested by AnonymousJon)
|inactive|phreshoatmeal has 120 seconds left.
|j| S4CRED FL4ME
|
|t:|1781571946
|teamsize|p1|6
|teamsize|p2|6
|start
|switch|p1a: Rillaboom|Rillaboom, M|100/100
|switch|p2a: Hatterene|Hatterene, F|100/100
|-fieldstart|move: Grassy Terrain|[from] ability: Grassy Surge|[of] p1a: Rillaboom
|turn|1
|
|t:|1781571958
|move|p1a: Rillaboom|Wood Hammer|p2a: Hatterene
|-damage|p2a: Hatterene|0 fnt
|faint|p2a: Hatterene
|-damage|p1a: Rillaboom|70/100|[from] Recoil
|
|-heal|p1a: Rillaboom|76/100|[from] Grassy Terrain
|upkeep
|
|t:|1781571963
|switch|p2a: Iron Valiant|Iron Valiant|100/100
|turn|2
|
|t:|1781571971
|switch|p1a: Corviknight|Corviknight, M|100/100
|-ability|p1a: Corviknight|Pressure
|move|p2a: Iron Valiant|Thunderbolt|p1a: Corviknight
|-supereffective|p1a: Corviknight
|-damage|p1a: Corviknight|31/100
|-damage|p2a: Iron Valiant|91/100|[from] item: Life Orb
|
|-heal|p2a: Iron Valiant|97/100|[from] Grassy Terrain
|upkeep
|turn|3
|
|t:|1781571995
|switch|p1a: Tyranitar|Tyranitar, F|100/100
|-weather|Sandstorm|[from] ability: Sand Stream|[of] p1a: Tyranitar
|move|p2a: Iron Valiant|Moonblast|p1a: Tyranitar
|-supereffective|p1a: Tyranitar
|-damage|p1a: Tyranitar|54/100
|-damage|p2a: Iron Valiant|87/100|[from] item: Life Orb
|
|-weather|Sandstorm|[upkeep]
|-damage|p2a: Iron Valiant|81/100|[from] Sandstorm
|-heal|p2a: Iron Valiant|87/100|[from] Grassy Terrain
|-heal|p1a: Tyranitar|60/100|[from] Grassy Terrain
|-heal|p1a: Tyranitar|66/100|[from] item: Leftovers
|upkeep
|turn|4
|
|t:|1781571999
|move|p2a: Iron Valiant|Drain Punch|p1a: Tyranitar
|-supereffective|p1a: Tyranitar
|-damage|p1a: Tyranitar|0 fnt
|-heal|p2a: Iron Valiant|100/100|[from] drain|[of] p1a: Tyranitar
|faint|p1a: Tyranitar
|-damage|p2a: Iron Valiant|91/100|[from] item: Life Orb
|
|-weather|Sandstorm|[upkeep]
|-damage|p2a: Iron Valiant|85/100|[from] Sandstorm
|-heal|p2a: Iron Valiant|91/100|[from] Grassy Terrain
|upkeep
|
|t:|1781572015
|switch|p1a: Ogerpon|Ogerpon-Cornerstone, F|100/100
|turn|5
|
|t:|1781572024
|-end|p2a: Iron Valiant|Quark Drive|[silent]
|switch|p2a: Amoonguss|Amoonguss, M|100/100
|move|p1a: Ogerpon|Horn Leech|p2a: Amoonguss
|-resisted|p2a: Amoonguss
|-damage|p2a: Amoonguss|90/100
|-enditem|p2a: Amoonguss|Eject Button
|
|t:|1781572037
|switch|p2a: Excadrill|Excadrill, F|100/100
|
|-weather|Sandstorm|[upkeep]
|-fieldend|move: Grassy Terrain
|upkeep
|turn|6
|
|t:|1781572048
|switch|p2a: Amoonguss|Amoonguss, M|100/100
|switch|p1a: Great Tusk|Great Tusk|100/100
|
|-weather|Sandstorm|[upkeep]
|-damage|p2a: Amoonguss|94/100|[from] Sandstorm
|upkeep
|turn|7
|
|t:|1781572075
|-end|p1a: Great Tusk|Protosynthesis|[silent]
|switch|p1a: Dragapult|Dragapult, F|100/100
|switch|p2a: Alomomola|Alomomola, F|100/100
|
|-weather|none
|upkeep
|turn|8
|
|t:|1781572083
|move|p1a: Dragapult|Substitute|p1a: Dragapult
|-start|p1a: Dragapult|Substitute
|-damage|p1a: Dragapult|76/100
|move|p2a: Alomomola|Flip Turn|p1a: Dragapult
|-resisted|p1a: Dragapult
|-activate|p1a: Dragapult|move: Substitute|[damage]
|
|t:|1781572088
|switch|p2a: Tyranitar|Tyranitar, M|100/100|[from] Flip Turn
|-weather|Sandstorm|[from] ability: Sand Stream|[of] p2a: Tyranitar
|
|-weather|Sandstorm|[upkeep]
|-damage|p1a: Dragapult|69/100|[from] Sandstorm
|-heal|p1a: Dragapult|76/100|[from] item: Leftovers
|upkeep
|turn|9
|
|t:|1781572092
|move|p1a: Dragapult|Will-O-Wisp|p2a: Tyranitar
|-status|p2a: Tyranitar|brn
|move|p2a: Tyranitar|Stealth Rock|p1a: Dragapult
|-sidestart|p1: AnonymousJon|move: Stealth Rock
|
|-weather|Sandstorm|[upkeep]
|-damage|p1a: Dragapult|69/100|[from] Sandstorm
|-heal|p1a: Dragapult|76/100|[from] item: Leftovers
|-damage|p2a: Tyranitar|94/100 brn|[from] brn
|upkeep
|turn|10
|
|t:|1781572095
|move|p1a: Dragapult|Dragon Darts|p2a: Tyranitar
|-damage|p2a: Tyranitar|77/100 brn
|-anim|p1a: Dragapult|Dragon Darts|p2a: Tyranitar
|-damage|p2a: Tyranitar|61/100 brn
|move|p2a: Tyranitar|Roar|p1a: Dragapult
|drag|p1a: Rillaboom|Rillaboom, M|76/100
|-damage|p1a: Rillaboom|64/100|[from] Stealth Rock
|-fieldstart|move: Grassy Terrain|[from] ability: Grassy Surge|[of] p1a: Rillaboom
|
|-weather|Sandstorm|[upkeep]
|-damage|p1a: Rillaboom|57/100|[from] Sandstorm
|-heal|p1a: Rillaboom|64/100|[from] Grassy Terrain
|-heal|p2a: Tyranitar|67/100 brn|[from] Grassy Terrain
|-damage|p2a: Tyranitar|61/100 brn|[from] brn
|upkeep
|turn|11
|
|t:|1781572104
|switch|p2a: Amoonguss|Amoonguss, M|100/100
|move|p1a: Rillaboom|U-turn|p2a: Amoonguss
|-crit|p2a: Amoonguss
|-damage|p2a: Amoonguss|61/100
|
|t:|1781572110
|switch|p1a: Great Tusk|Great Tusk|100/100|[from] U-turn
|-damage|p1a: Great Tusk|98/100|[from] Stealth Rock
|
|-weather|Sandstorm|[upkeep]
|-damage|p2a: Amoonguss|55/100|[from] Sandstorm
|-heal|p1a: Great Tusk|100/100|[from] Grassy Terrain
|-heal|p2a: Amoonguss|61/100|[from] Grassy Terrain
|upkeep
|turn|12
|
|t:|1781572135
|move|p1a: Great Tusk|Rapid Spin|p2a: Amoonguss
|-damage|p2a: Amoonguss|49/100
|-boost|p1a: Great Tusk|spe|1
|-sideend|p1: AnonymousJon|Stealth Rock|[from] move: Rapid Spin|[of] p1a: Great Tusk
|move|p2a: Amoonguss|Stun Spore|p1a: Great Tusk
|-status|p1a: Great Tusk|par
|
|-weather|Sandstorm|[upkeep]
|-damage|p2a: Amoonguss|43/100|[from] Sandstorm
|-heal|p2a: Amoonguss|49/100|[from] Grassy Terrain
|upkeep
|turn|13
|
|t:|1781572152
|-end|p1a: Great Tusk|Protosynthesis|[silent]
|switch|p1a: Corviknight|Corviknight, M|31/100
|-ability|p1a: Corviknight|Pressure
|switch|p2a: Alomomola|Alomomola, F|100/100
|
|-weather|Sandstorm|[upkeep]
|-damage|p2a: Alomomola|94/100|[from] Sandstorm
|-heal|p2a: Alomomola|100/100|[from] Grassy Terrain
|upkeep
|turn|14
|
|t:|1781572162
|move|p1a: Corviknight|Roost|p1a: Corviknight
|-heal|p1a: Corviknight|81/100
|-singleturn|p1a: Corviknight|move: Roost
|move|p2a: Alomomola|Flip Turn|p1a: Corviknight
|-damage|p1a: Corviknight|72/100
|-damage|p2a: Alomomola|84/100|[from] item: Rocky Helmet|[of] p1a: Corviknight
|
|t:|1781572175
|switch|p2a: Iron Valiant|Iron Valiant|91/100|[from] Flip Turn
|
|-weather|Sandstorm|[upkeep]
|-damage|p2a: Iron Valiant|85/100|[from] Sandstorm
|-heal|p2a: Iron Valiant|91/100|[from] Grassy Terrain
|-heal|p1a: Corviknight|78/100|[from] Grassy Terrain
|-fieldend|move: Grassy Terrain
|upkeep
|turn|15
|
|t:|1781572182
|-end|p2a: Iron Valiant|Quark Drive|[silent]
|switch|p2a: Alomomola|Alomomola, F|100/100
|switch|p1a: Rillaboom|Rillaboom, M|64/100
|-fieldstart|move: Grassy Terrain|[from] ability: Grassy Surge|[of] p1a: Rillaboom
|
|-weather|none
|-heal|p1a: Rillaboom|70/100|[from] Grassy Terrain
|upkeep
|turn|16
|
|t:|1781572195
|switch|p2a: Amoonguss|Amoonguss, M|82/100
|move|p1a: Rillaboom|U-turn|p2a: Amoonguss
|-damage|p2a: Amoonguss|54/100
|
|t:|1781572197
|switch|p1a: Dragapult|Dragapult, F|76/100|[from] U-turn
|
|-heal|p1a: Dragapult|82/100|[from] Grassy Terrain
|-heal|p1a: Dragapult|88/100|[from] item: Leftovers
|-heal|p2a: Amoonguss|60/100|[from] Grassy Terrain
|upkeep
|turn|17
|
|t:|1781572205
|move|p1a: Dragapult|Substitute|p1a: Dragapult
|-start|p1a: Dragapult|Substitute
|-damage|p1a: Dragapult|63/100
|move|p2a: Amoonguss|Foul Play|p1a: Dragapult
|-supereffective|p1a: Dragapult
|-end|p1a: Dragapult|Substitute
|
|-heal|p1a: Dragapult|69/100|[from] Grassy Terrain
|-heal|p1a: Dragapult|76/100|[from] item: Leftovers
|-heal|p2a: Amoonguss|67/100|[from] Grassy Terrain
|upkeep
|turn|18
|
|t:|1781572212
|move|p1a: Dragapult|Will-O-Wisp|p2a: Amoonguss|[miss]
|-miss|p1a: Dragapult|p2a: Amoonguss
|move|p2a: Amoonguss|Foul Play|p1a: Dragapult
|-supereffective|p1a: Dragapult
|-damage|p1a: Dragapult|0 fnt
|faint|p1a: Dragapult
|
|-heal|p2a: Amoonguss|73/100|[from] Grassy Terrain
|upkeep
|
|t:|1781572221
|switch|p1a: Ogerpon|Ogerpon-Cornerstone, F|100/100
|turn|19
|
|t:|1781572235
|-terastallize|p1a: Ogerpon|Rock
|detailschange|p1a: Ogerpon|Ogerpon-Cornerstone-Tera, F, tera:Rock
|-ability|p1a: Ogerpon|Embody Aspect (Cornerstone)|boost
|-boost|p1a: Ogerpon|def|1
|move|p1a: Ogerpon|Ivy Cudgel|p2a: Amoonguss|[anim] Ivy Cudgel Rock
|-damage|p2a: Amoonguss|14/100
|move|p2a: Amoonguss|Clear Smog|p1a: Ogerpon
|-resisted|p1a: Ogerpon
|-damage|p1a: Ogerpon|92/100
|-clearboost|p1a: Ogerpon
|
|-heal|p1a: Ogerpon|98/100|[from] Grassy Terrain
|-heal|p2a: Amoonguss|20/100|[from] Grassy Terrain
|-fieldend|move: Grassy Terrain
|upkeep
|turn|20
|
|t:|1781572259
|switch|p2a: Alomomola|Alomomola, F|100/100
|move|p1a: Ogerpon|Ivy Cudgel|p2a: Alomomola|[anim] Ivy Cudgel Rock
|-damage|p2a: Alomomola|57/100
|-enditem|p2a: Alomomola|Eject Button
|
|t:|1781572264
|switch|p2a: Iron Valiant|Iron Valiant|91/100
|
|upkeep
|turn|21
|
|t:|1781572270
|switch|p1a: Corviknight|Corviknight, M|78/100
|-ability|p1a: Corviknight|Pressure
|move|p2a: Iron Valiant|Drain Punch|p1a: Corviknight
|-damage|p1a: Corviknight|50/100
|-heal|p2a: Iron Valiant|100/100|[from] drain|[of] p1a: Corviknight
|-damage|p2a: Iron Valiant|84/100|[from] item: Rocky Helmet|[of] p1a: Corviknight
|-damage|p2a: Iron Valiant|74/100|[from] item: Life Orb
|
|upkeep
|turn|22
|
|t:|1781572285
|switch|p1a: Rillaboom|Rillaboom, M|70/100
|-fieldstart|move: Grassy Terrain|[from] ability: Grassy Surge|[of] p1a: Rillaboom
|move|p2a: Iron Valiant|Thunderbolt|p1a: Rillaboom
|-resisted|p1a: Rillaboom
|-damage|p1a: Rillaboom|45/100
|-damage|p2a: Iron Valiant|65/100|[from] item: Life Orb
|
|-heal|p2a: Iron Valiant|71/100|[from] Grassy Terrain
|-heal|p1a: Rillaboom|52/100|[from] Grassy Terrain
|upkeep
|turn|23
|
|t:|1781572288
|-end|p2a: Iron Valiant|Quark Drive|[silent]
|switch|p2a: Amoonguss|Amoonguss, M|53/100
|move|p1a: Rillaboom|Grassy Glide|p2a: Amoonguss
|-resisted|p2a: Amoonguss
|-damage|p2a: Amoonguss|43/100
|
|-heal|p1a: Rillaboom|58/100|[from] Grassy Terrain
|-heal|p2a: Amoonguss|50/100|[from] Grassy Terrain
|upkeep
|turn|24
|
|t:|1781572310
|switch|p1a: Corviknight|Corviknight, M|50/100
|-ability|p1a: Corviknight|Pressure
|move|p2a: Amoonguss|Stun Spore|p1a: Corviknight
|-status|p1a: Corviknight|par
|
|-heal|p2a: Amoonguss|56/100|[from] Grassy Terrain
|upkeep
|turn|25
|
|t:|1781572320
|switch|p2a: Alomomola|Alomomola, F|91/100
|move|p1a: Corviknight|Roost|p1a: Corviknight
|-heal|p1a: Corviknight|100/100 par
|-singleturn|p1a: Corviknight|move: Roost
|
|-heal|p2a: Alomomola|97/100|[from] Grassy Terrain
|upkeep
|turn|26
|
|t:|1781572326
|move|p2a: Alomomola|Wish|p2a: Alomomola
|cant|p1a: Corviknight|par
|
|-heal|p2a: Alomomola|100/100|[from] Grassy Terrain
|-fieldend|move: Grassy Terrain
|upkeep
|turn|27
|
|t:|1781572333
|move|p2a: Alomomola|Flip Turn|p1a: Corviknight
|-damage|p1a: Corviknight|91/100 par
|-damage|p2a: Alomomola|84/100|[from] item: Rocky Helmet|[of] p1a: Corviknight
|
|t:|1781572339
|switch|p2a: Iron Valiant|Iron Valiant|71/100|[from] Flip Turn
|move|p1a: Corviknight|U-turn|p2a: Iron Valiant
|-resisted|p2a: Iron Valiant
|-damage|p2a: Iron Valiant|66/100
|
|t:|1781572349
|switch|p1a: Ogerpon|Ogerpon-Cornerstone-Tera, F, tera:Rock|98/100|[from] U-turn
|-ability|p1a: Ogerpon|Embody Aspect (Cornerstone)|boost
|-boost|p1a: Ogerpon|def|1
|
|-heal|p2a: Iron Valiant|100/100|[from] move: Wish|[wisher] Alomomola
|upkeep
|turn|28
|
|t:|1781572369
|-terastallize|p2a: Iron Valiant|Stellar
|move|p2a: Iron Valiant|Drain Punch|p1a: Ogerpon
|-supereffective|p1a: Ogerpon
|-damage|p1a: Ogerpon|0 fnt
|faint|p1a: Ogerpon
|detailschange|p1: Ogerpon|Ogerpon-Cornerstone, F|[silent]
|-damage|p2a: Iron Valiant|91/100|[from] item: Life Orb
|
|upkeep
|
|t:|1781572377
|switch|p1a: Rillaboom|Rillaboom, M|58/100
|-fieldstart|move: Grassy Terrain|[from] ability: Grassy Surge|[of] p1a: Rillaboom
|turn|29
|j| DA COME UP
|
|t:|1781572389
|-end|p2a: Iron Valiant|Quark Drive|[silent]
|switch|p2a: Amoonguss|Amoonguss, M|89/100
|move|p1a: Rillaboom|U-turn|p2a: Amoonguss
|-damage|p2a: Amoonguss|64/100
|
|t:|1781572399
|switch|p1a: Great Tusk|Great Tusk|100/100 par|[from] U-turn
|
|-heal|p2a: Amoonguss|70/100|[from] Grassy Terrain
|upkeep
|turn|30
|
|t:|1781572421
|switch|p2a: Alomomola|Alomomola, F|100/100
|move|p1a: Great Tusk|Headlong Rush|p2a: Alomomola
|-damage|p2a: Alomomola|63/100
|-unboost|p1a: Great Tusk|def|1
|-unboost|p1a: Great Tusk|spd|1
|
|-heal|p2a: Alomomola|69/100|[from] Grassy Terrain
|upkeep
|turn|31
|
|t:|1781572426
|move|p2a: Alomomola|Flip Turn|p1a: Great Tusk
|-supereffective|p1a: Great Tusk
|-damage|p1a: Great Tusk|69/100 par
|
|t:|1781572433
|switch|p2a: Amoonguss|Amoonguss, M|100/100|[from] Flip Turn
|move|p1a: Great Tusk|Headlong Rush|p2a: Amoonguss
|-damage|p2a: Amoonguss|59/100
|-unboost|p1a: Great Tusk|def|1
|-unboost|p1a: Great Tusk|spd|1
|
|-heal|p1a: Great Tusk|75/100 par|[from] Grassy Terrain
|-heal|p2a: Amoonguss|65/100|[from] Grassy Terrain
|upkeep
|turn|32
|-message|AnonymousJon forfeited.
|
|win|phreshoatmeal
|raw|AnonymousJon's rating: 1868 &rarr; <strong>1846</strong><br />(-22 for losing)
|raw|phreshoatmeal's rating: 1838 &rarr; <strong>1860</strong><br />(+22 for winning)
|l|☆AnonymousJon
|player|p1|
|l| DA COME UP
|l|☆phreshoatmeal
|player|p2|
