|badge|p2|bronze|gen9ubers|100-9
|uhtml|medal-msg|<div class="broadcast-blue">Curious what those medals under the avatar are? PS now has Ladder Seasons! For more information, check out the <a href="https://www.smogon.com/forums/threads/3740067/">thread on Smogon.</a></div>
|j|☆LowEL0God
|j|☆mister_ttar
|t:|1781432228
|gametype|singles
|player|p1|LowEL0God|265|1604
|player|p2|mister_ttar|vince|1576
|gen|9
|tier|[Gen 9] OU
|rated|
|rule|HP Percentage Mod: HP is shown in percentages
|rule|Endless Battle Clause: Forcing endless battles is banned
|rule|Species Clause: Limit one of each Pokémon
|rule|OHKO Clause: OHKO moves are banned
|rule|Evasion Items Clause: Evasion items are banned
|rule|Evasion Moves Clause: Evasion moves are banned
|rule|Evasion Abilities Clause: Evasion abilities are banned
|rule|Sleep Moves Clause: Sleep-inducing moves are banned
|clearpoke
|poke|p1|Pelipper, M|
|poke|p1|Raging Bolt|
|poke|p1|Overqwil, F|
|poke|p1|Barraskewda, M|
|poke|p1|Iron Treads|
|poke|p1|Kingambit, F|
|poke|p2|Ceruledge, F|
|poke|p2|Iron Valiant|
|poke|p2|Ditto|
|poke|p2|Mamoswine, F|
|poke|p2|Armarouge, F|
|poke|p2|Cinderace, M|
|teampreview
|c|☆LowEL0God|hf
|inactive|Battle timer is ON: inactive players will automatically lose when time's up. (requested by LowEL0God)
|inactive|mister_ttar has 120 seconds left.
|
|t:|1781432281
|teamsize|p1|6
|teamsize|p2|6
|start
|switch|p1a: Barraskewda|Barraskewda, M|100/100
|switch|p2a: The Indian Swine|Mamoswine, F|100/100
|turn|1
|
|t:|1781432288
|move|p1a: Barraskewda|Flip Turn|p2a: The Indian Swine
|-supereffective|p2a: The Indian Swine
|-enditem|p2a: The Indian Swine|Focus Sash
|-damage|p2a: The Indian Swine|1/100
|
|t:|1781432290
|switch|p1a: Pelipper|Pelipper, M|100/100|[from] Flip Turn
|-weather|RainDance|[from] ability: Drizzle|[of] p1a: Pelipper
|move|p2a: The Indian Swine|Icicle Crash|p1a: Pelipper
|-damage|p1a: Pelipper|66/100
|
|-weather|RainDance|[upkeep]
|upkeep
|turn|2
|
|t:|1781432300
|move|p2a: The Indian Swine|Stone Edge|p1a: Pelipper|[miss]
|-miss|p2a: The Indian Swine|p1a: Pelipper
|move|p1a: Pelipper|Weather Ball|p2a: The Indian Swine
|-supereffective|p2a: The Indian Swine
|-damage|p2a: The Indian Swine|0 fnt
|faint|p2a: The Indian Swine
|
|-weather|RainDance|[upkeep]
|upkeep
|
|t:|1781432309
|switch|p2a: He's/Him|Iron Valiant|100/100
|-enditem|p2a: He's/Him|Booster Energy
|-activate|p2a: He's/Him|ability: Quark Drive|[fromitem]
|-start|p2a: He's/Him|quarkdrivespe
|turn|3
|
|t:|1781432313
|move|p2a: He's/Him|Thunderbolt|p1a: Pelipper
|-supereffective|p1a: Pelipper
|-damage|p1a: Pelipper|0 fnt
|faint|p1a: Pelipper
|
|-weather|RainDance|[upkeep]
|upkeep
|
|t:|1781432314
|switch|p1a: Barraskewda|Barraskewda, M|100/100
|turn|4
|
|t:|1781432322
|move|p1a: Barraskewda|Liquidation|p2a: He's/Him
|-damage|p2a: He's/Him|0 fnt
|faint|p2a: He's/Him
|-end|p2a: He's/Him|Quark Drive|[silent]
|
|-weather|RainDance|[upkeep]
|upkeep
|
|t:|1781432339
|switch|p2a: Jabba|Ditto|100/100
|-transform|p2a: Jabba|p1a: Barraskewda|[from] ability: Imposter
|turn|5
|
|t:|1781432353
|move|p1a: Barraskewda|Liquidation|p2a: Jabba
|-resisted|p2a: Jabba
|-damage|p2a: Jabba|15/100
|move|p2a: Jabba|Close Combat|p1a: Barraskewda
|-damage|p1a: Barraskewda|16/100
|-unboost|p2a: Jabba|def|1
|-unboost|p2a: Jabba|spd|1
|
|-weather|RainDance|[upkeep]
|upkeep
|turn|6
|
|t:|1781432359
|move|p2a: Jabba|Aqua Jet|p1a: Barraskewda
|-resisted|p1a: Barraskewda
|-damage|p1a: Barraskewda|0 fnt
|faint|p1a: Barraskewda
|
|-weather|RainDance|[upkeep]
|upkeep
|
|t:|1781432360
|switch|p1a: Raging Bolt|Raging Bolt|100/100
|-enditem|p1a: Raging Bolt|Booster Energy
|-activate|p1a: Raging Bolt|ability: Protosynthesis|[fromitem]
|-start|p1a: Raging Bolt|protosynthesisspa
|turn|7
|
|t:|1781432365
|move|p2a: Jabba|Close Combat|p1a: Raging Bolt
|-damage|p1a: Raging Bolt|59/100
|-unboost|p2a: Jabba|def|1
|-unboost|p2a: Jabba|spd|1
|move|p1a: Raging Bolt|Weather Ball|p2a: Jabba
|-resisted|p2a: Jabba
|-damage|p2a: Jabba|0 fnt
|faint|p2a: Jabba
|
|-weather|RainDance|[upkeep]
|upkeep
|
|t:|1781432371
|switch|p2a: Anna De Armas|Armarouge, F|100/100
|turn|8
|
|t:|1781432377
|move|p2a: Anna De Armas|Psyshock|p1a: Raging Bolt
|-damage|p1a: Raging Bolt|17/100
|move|p1a: Raging Bolt|Thunder|p2a: Anna De Armas
|-enditem|p2a: Anna De Armas|Focus Sash
|-damage|p2a: Anna De Armas|1/100
|
|-weather|none
|upkeep
|turn|9
|
|t:|1781432382
|move|p1a: Raging Bolt|Thunderclap||[still]
|-fail|p1a: Raging Bolt
|move|p2a: Anna De Armas|Calm Mind|p2a: Anna De Armas
|-boost|p2a: Anna De Armas|spa|1
|-boost|p2a: Anna De Armas|spd|1
|
|upkeep
|turn|10
|
|t:|1781432384
|move|p1a: Raging Bolt|Thunderclap||[still]
|-fail|p1a: Raging Bolt
|move|p2a: Anna De Armas|Calm Mind|p2a: Anna De Armas
|-boost|p2a: Anna De Armas|spa|1
|-boost|p2a: Anna De Armas|spd|1
|
|upkeep
|turn|11
|
|t:|1781432386
|move|p1a: Raging Bolt|Thunderclap||[still]
|-fail|p1a: Raging Bolt
|move|p2a: Anna De Armas|Calm Mind|p2a: Anna De Armas
|-boost|p2a: Anna De Armas|spa|1
|-boost|p2a: Anna De Armas|spd|1
|
|upkeep
|turn|12
|
|t:|1781432388
|move|p1a: Raging Bolt|Thunderclap||[still]
|-fail|p1a: Raging Bolt
|move|p2a: Anna De Armas|Calm Mind|p2a: Anna De Armas
|-boost|p2a: Anna De Armas|spa|1
|-boost|p2a: Anna De Armas|spd|1
|
|upkeep
|turn|13
|
|t:|1781432390
|move|p1a: Raging Bolt|Thunderclap||[still]
|-fail|p1a: Raging Bolt
|move|p2a: Anna De Armas|Calm Mind|p2a: Anna De Armas
|-boost|p2a: Anna De Armas|spa|1
|-boost|p2a: Anna De Armas|spd|1
|
|upkeep
|turn|14
|
|t:|1781432392
|move|p1a: Raging Bolt|Thunderclap||[still]
|-fail|p1a: Raging Bolt
|move|p2a: Anna De Armas|Calm Mind|p2a: Anna De Armas
|-boost|p2a: Anna De Armas|spa|1
|-boost|p2a: Anna De Armas|spd|1
|
|upkeep
|turn|15
|
|t:|1781432393
|move|p1a: Raging Bolt|Thunderclap||[still]
|-fail|p1a: Raging Bolt
|move|p2a: Anna De Armas|Calm Mind|p2a: Anna De Armas
|-boost|p2a: Anna De Armas|spa|0
|-boost|p2a: Anna De Armas|spd|0
|
|upkeep
|turn|16
|
|t:|1781432395
|move|p1a: Raging Bolt|Thunderclap||[still]
|-fail|p1a: Raging Bolt
|move|p2a: Anna De Armas|Calm Mind|p2a: Anna De Armas
|-boost|p2a: Anna De Armas|spa|0
|-boost|p2a: Anna De Armas|spd|0
|
|upkeep
|turn|17
|
|t:|1781432398
|move|p2a: Anna De Armas|Aura Sphere|p1a: Raging Bolt
|-damage|p1a: Raging Bolt|0 fnt
|faint|p1a: Raging Bolt
|-end|p1a: Raging Bolt|Protosynthesis|[silent]
|
|upkeep
|
|t:|1781432399
|switch|p1a: Iron Treads|Iron Treads|100/100
|-enditem|p1a: Iron Treads|Booster Energy
|-activate|p1a: Iron Treads|ability: Quark Drive|[fromitem]
|-start|p1a: Iron Treads|quarkdrivespe
|turn|18
|
|t:|1781432412
|move|p1a: Iron Treads|Rapid Spin|p2a: Anna De Armas
|-damage|p2a: Anna De Armas|0 fnt
|-boost|p1a: Iron Treads|spe|1
|faint|p2a: Anna De Armas
|
|upkeep
|
|t:|1781432415
|switch|p2a: The Main Character|Ceruledge, F, shiny|100/100
|turn|19
|
|t:|1781432420
|move|p1a: Iron Treads|Steel Beam|p2a: The Main Character
|-resisted|p2a: The Main Character
|-damage|p2a: The Main Character|71/100
|-damage|p1a: Iron Treads|50/100|[from] steelbeam
|move|p2a: The Main Character|Bitter Blade|p1a: Iron Treads
|-supereffective|p1a: Iron Treads
|-damage|p1a: Iron Treads|0 fnt
|-heal|p2a: The Main Character|98/100|[from] drain|[of] p1a: Iron Treads
|faint|p1a: Iron Treads
|-end|p1a: Iron Treads|Quark Drive|[silent]
|
|upkeep
|
|t:|1781432423
|switch|p1a: Kingambit|Kingambit, F|100/100
|-activate|p1a: Kingambit|ability: Supreme Overlord
|-start|p1a: Kingambit|fallen4|[silent]
|turn|20
|
|t:|1781432447
|-terastallize|p1a: Kingambit|Dark
|move|p2a: The Main Character|Swords Dance|p2a: The Main Character
|-boost|p2a: The Main Character|atk|2
|move|p1a: Kingambit|Kowtow Cleave|p2a: The Main Character
|-supereffective|p2a: The Main Character
|-damage|p2a: The Main Character|0 fnt
|faint|p2a: The Main Character
|
|upkeep
|
|t:|1781432450
|switch|p2a: Thumper|Cinderace, M|100/100
|turn|21
|
|t:|1781432457
|move|p2a: Thumper|High Jump Kick|p1a: Kingambit
|-start|p2a: Thumper|typechange|Fighting|[from] ability: Libero
|-supereffective|p1a: Kingambit
|-damage|p1a: Kingambit|5/100
|move|p1a: Kingambit|Kowtow Cleave|p2a: Thumper
|-resisted|p2a: Thumper
|-damage|p2a: Thumper|31/100
|
|-heal|p1a: Kingambit|11/100|[from] item: Leftovers
|upkeep
|turn|22
|
|t:|1781432462
|move|p2a: Thumper|Sucker Punch|p1a: Kingambit
|-resisted|p1a: Kingambit
|-damage|p1a: Kingambit|2/100
|move|p1a: Kingambit|Sucker Punch||[still]
|-fail|p1a: Kingambit
|
|-heal|p1a: Kingambit|8/100|[from] item: Leftovers
|upkeep
|turn|23
|
|t:|1781432465
|move|p2a: Thumper|Sucker Punch|p1a: Kingambit
|-resisted|p1a: Kingambit
|-damage|p1a: Kingambit|0 fnt
|faint|p1a: Kingambit
|-end|p1a: Kingambit|fallen4|[silent]
|
|upkeep
|
|t:|1781432466
|switch|p1a: Overqwil|Overqwil, F|100/100
|turn|24
|
|t:|1781432490
|-terastallize|p2a: Thumper|Fire
|move|p2a: Thumper|Pyro Ball|p1a: Overqwil
|-damage|p1a: Overqwil|23/100
|move|p1a: Overqwil|Crunch|p2a: Thumper
|-damage|p2a: Thumper|0 fnt
|faint|p2a: Thumper
|-damage|p1a: Overqwil|13/100|[from] item: Life Orb
|
|win|LowEL0God
|raw|LowEL0God's rating: 1604 &rarr; <strong>1622</strong><br />(+18 for winning)
|raw|mister_ttar's rating: 1576 &rarr; <strong>1558</strong><br />(-18 for losing)
|l|☆mister_ttar
|player|p2|
|c|☆LowEL0God|gg
|l|☆LowEL0God
|player|p1|
