|j|☆Veryverymoist
|j|☆teamskullenoxa
|t:|1780957162
|gametype|singles
|player|p1|Veryverymoist|youngster-gen4dp|1577
|player|p2|teamskullenoxa|265|1591
|gen|9
|tier|[Gen 9] OU
|rated|
|rule|HP Percentage Mod: HP is shown in percentages
|rule|Endless Battle Clause: Forcing endless battles is banned
|rule|Species Clause: Limit one of each Pokémon
|rule|OHKO Clause: OHKO moves are banned
|rule|Evasion Items Clause: Evasion items are banned
|rule|Evasion Moves Clause: Evasion moves are banned
|rule|Evasion Abilities Clause: Evasion abilities are banned
|rule|Sleep Moves Clause: Sleep-inducing moves are banned
|clearpoke
|poke|p1|Cloyster, M|
|poke|p1|Polteageist|
|poke|p1|Maushold|
|poke|p1|Dragonite, F|
|poke|p1|Kommo-o, F|
|poke|p1|Slither Wing|
|poke|p2|Pelipper, F|
|poke|p2|Hatterene, F|
|poke|p2|Iron Treads|
|poke|p2|Toxicroak, F|
|poke|p2|Barraskewda, F|
|poke|p2|Zapdos|
|teampreview
|inactive|Battle timer is ON: inactive players will automatically lose when time's up. (requested by teamskullenoxa)
|
|t:|1780957192
|teamsize|p1|6
|teamsize|p2|6
|start
|switch|p1a: Cloyster|Cloyster, M|100/100
|switch|p2a: Pelipper|Pelipper, F|100/100
|-weather|RainDance|[from] ability: Drizzle|[of] p2a: Pelipper
|turn|1
|
|t:|1780957203
|move|p1a: Cloyster|Shell Smash|p1a: Cloyster
|-unboost|p1a: Cloyster|def|1
|-unboost|p1a: Cloyster|spd|1
|-boost|p1a: Cloyster|atk|2
|-boost|p1a: Cloyster|spa|2
|-boost|p1a: Cloyster|spe|2
|move|p2a: Pelipper|U-turn|p1a: Cloyster
|-damage|p1a: Cloyster|87/100
|
|t:|1780957207
|switch|p2a: Barraskewda|Barraskewda, F|100/100|[from] U-turn
|
|-weather|RainDance|[upkeep]
|upkeep
|turn|2
|
|t:|1780957210
|move|p2a: Barraskewda|Close Combat|p1a: Cloyster
|-supereffective|p1a: Cloyster
|-damage|p1a: Cloyster|0 fnt
|-unboost|p2a: Barraskewda|def|1
|-unboost|p2a: Barraskewda|spd|1
|faint|p1a: Cloyster
|
|-weather|RainDance|[upkeep]
|upkeep
|
|t:|1780957215
|switch|p1a: Polteageist|Polteageist|100/100
|turn|3
|
|t:|1780957239
|switch|p2a: Iron Treads|Iron Treads|100/100
|move|p1a: Polteageist|Shell Smash|p1a: Polteageist
|-unboost|p1a: Polteageist|def|1
|-unboost|p1a: Polteageist|spd|1
|-boost|p1a: Polteageist|atk|2
|-boost|p1a: Polteageist|spa|2
|-boost|p1a: Polteageist|spe|2
|
|-weather|RainDance|[upkeep]
|upkeep
|turn|4
|
|t:|1780957244
|move|p1a: Polteageist|Shell Smash|p1a: Polteageist
|-unboost|p1a: Polteageist|def|1
|-unboost|p1a: Polteageist|spd|1
|-boost|p1a: Polteageist|atk|2
|-boost|p1a: Polteageist|spa|2
|-boost|p1a: Polteageist|spe|2
|move|p2a: Iron Treads|Volt Switch|p1a: Polteageist
|-damage|p1a: Polteageist|73/100
|
|t:|1780957248
|-end|p2a: Iron Treads|Quark Drive|[silent]
|switch|p2a: Barraskewda|Barraskewda, F|100/100|[from] Volt Switch
|
|-weather|RainDance|[upkeep]
|upkeep
|turn|5
|
|t:|1780957257
|-terastallize|p1a: Polteageist|Grass
|move|p2a: Barraskewda|Aqua Jet|p1a: Polteageist
|-resisted|p1a: Polteageist
|-damage|p1a: Polteageist|0 fnt
|faint|p1a: Polteageist
|
|-weather|RainDance|[upkeep]
|upkeep
|
|t:|1780957262
|switch|p1a: Dragonite|Dragonite, F|100/100
|turn|6
|
|t:|1780957274
|switch|p2a: Toxicroak|Toxicroak, F|100/100
|switch|p1a: Maushold|Maushold|100/100
|
|-weather|RainDance|[upkeep]
|upkeep
|turn|7
|
|t:|1780957279
|move|p1a: Maushold|Population Bomb|p2a: Toxicroak
|-damage|p2a: Toxicroak|90/100
|-damage|p1a: Maushold|84/100|[from] item: Rocky Helmet|[of] p2a: Toxicroak
|-damage|p2a: Toxicroak|79/100
|-damage|p1a: Maushold|67/100|[from] item: Rocky Helmet|[of] p2a: Toxicroak
|-damage|p2a: Toxicroak|69/100
|-damage|p1a: Maushold|51/100|[from] item: Rocky Helmet|[of] p2a: Toxicroak
|-damage|p2a: Toxicroak|58/100
|-damage|p1a: Maushold|34/100|[from] item: Rocky Helmet|[of] p2a: Toxicroak
|-damage|p2a: Toxicroak|47/100
|-damage|p1a: Maushold|17/100|[from] item: Rocky Helmet|[of] p2a: Toxicroak
|-damage|p2a: Toxicroak|35/100
|-damage|p1a: Maushold|1/100|[from] item: Rocky Helmet|[of] p2a: Toxicroak
|-damage|p2a: Toxicroak|24/100
|-damage|p1a: Maushold|0 fnt|[from] item: Rocky Helmet|[of] p2a: Toxicroak
|faint|p1a: Maushold
|-hitcount|p2a: Toxicroak|7
|move|p2a: Toxicroak|Drain Punch|p1: Maushold|[notarget]
|-fail|p2a: Toxicroak
|
|-weather|RainDance|[upkeep]
|-heal|p2a: Toxicroak|36/100|[from] ability: Dry Skin
|upkeep
|
|t:|1780957285
|switch|p1a: Kommo-o|Kommo-o, F|100/100
|turn|8
|
|t:|1780957301
|move|p1a: Kommo-o|Clangorous Soul|p1a: Kommo-o
|-boost|p1a: Kommo-o|atk|1
|-boost|p1a: Kommo-o|def|1
|-boost|p1a: Kommo-o|spa|1
|-boost|p1a: Kommo-o|spd|1
|-boost|p1a: Kommo-o|spe|1
|-damage|p1a: Kommo-o|68/100
|-enditem|p1a: Kommo-o|Throat Spray
|-boost|p1a: Kommo-o|spa|1|[from] item: Throat Spray
|move|p2a: Toxicroak|Encore|p1a: Kommo-o
|-start|p1a: Kommo-o|Encore
|
|-weather|none
|upkeep
|turn|9
|
|t:|1780957306
|move|p1a: Kommo-o|Clangorous Soul|p1a: Kommo-o
|-boost|p1a: Kommo-o|atk|1
|-boost|p1a: Kommo-o|def|1
|-boost|p1a: Kommo-o|spa|1
|-boost|p1a: Kommo-o|spd|1
|-boost|p1a: Kommo-o|spe|1
|-damage|p1a: Kommo-o|35/100
|move|p2a: Toxicroak|Toxic|p1a: Kommo-o
|-status|p1a: Kommo-o|tox
|
|-damage|p1a: Kommo-o|28/100 tox|[from] psn
|upkeep
|turn|10
|
|t:|1780957318
|move|p1a: Kommo-o|Clangorous Soul||[still]
|-fail|p1a: Kommo-o
|move|p2a: Toxicroak|Drain Punch|p1a: Kommo-o
|-damage|p1a: Kommo-o|14/100 tox
|-heal|p2a: Toxicroak|42/100|[from] drain|[of] p1a: Kommo-o
|
|-damage|p1a: Kommo-o|2/100 tox|[from] psn
|upkeep
|turn|11
|
|t:|1780957330
|switch|p2a: Pelipper|Pelipper, F|100/100
|-weather|RainDance|[from] ability: Drizzle|[of] p2a: Pelipper
|move|p1a: Kommo-o|Clangorous Soul||[still]
|-fail|p1a: Kommo-o
|
|-weather|RainDance|[upkeep]
|-damage|p1a: Kommo-o|0 fnt|[from] psn
|faint|p1a: Kommo-o
|upkeep
|inactive|Veryverymoist has 120 seconds left.
|inactive|Veryverymoist has 90 seconds left.
|inactive|Veryverymoist has 60 seconds left.
|inactive|Veryverymoist has 30 seconds left.
|inactive|Veryverymoist has 20 seconds left.
|inactive|Veryverymoist has 15 seconds left.
|inactive|Veryverymoist has 10 seconds left.
|inactive|Veryverymoist has 5 seconds left.
|-message|Veryverymoist lost due to inactivity.
|
|win|teamskullenoxa
|raw|Veryverymoist's rating: 1559 &rarr; <strong>1541</strong><br />(-18 for losing)
|raw|teamskullenoxa's rating: 1591 &rarr; <strong>1609</strong><br />(+18 for winning)
|l|☆teamskullenoxa
|player|p2|
|l|☆Veryverymoist
|player|p1|
