|j|☆diav
|j|☆lemontheheavens
|t:|1781001396
|gametype|singles
|player|p1|diav|flannery|1542
|player|p2|lemontheheavens|1|1574
|gen|9
|tier|[Gen 9] OU
|rated|
|rule|HP Percentage Mod: HP is shown in percentages
|rule|Endless Battle Clause: Forcing endless battles is banned
|rule|Species Clause: Limit one of each Pokémon
|rule|OHKO Clause: OHKO moves are banned
|rule|Evasion Items Clause: Evasion items are banned
|rule|Evasion Moves Clause: Evasion moves are banned
|rule|Evasion Abilities Clause: Evasion abilities are banned
|rule|Sleep Moves Clause: Sleep-inducing moves are banned
|clearpoke
|poke|p1|Lokix, F|
|poke|p1|Iron Treads|
|poke|p1|Gholdengo|
|poke|p1|Iron Valiant|
|poke|p1|Moltres|
|poke|p1|Primarina, M|
|poke|p2|Ting-Lu|
|poke|p2|Dragapult, M|
|poke|p2|Iron Valiant|
|poke|p2|Hoopa-Unbound|
|poke|p2|Alomomola, F|
|poke|p2|Torterra, F|
|teampreview
|inactive|Battle timer is ON: inactive players will automatically lose when time's up. (requested by diav)
|l|☆diav
|inactive|diav disconnected and has a minute to reconnect!
|player|p1|
|j|☆diav
|inactive|diav reconnected and has 140 seconds left.
|player|p1|diav|flannery|
|
|t:|1781001414
|teamsize|p1|6
|teamsize|p2|6
|start
|switch|p1a: rhe bug|Lokix, F|100/100
|switch|p2a: Alomomola|Alomomola, F|100/100
|turn|1
|
|t:|1781001419
|move|p1a: rhe bug|Knock Off|p2a: Alomomola
|-damage|p2a: Alomomola|69/100
|-damage|p1a: rhe bug|84/100|[from] item: Rocky Helmet|[of] p2a: Alomomola
|-enditem|p2a: Alomomola|Rocky Helmet|[from] move: Knock Off|[of] p1a: rhe bug
|move|p2a: Alomomola|Flip Turn|p1a: rhe bug
|-damage|p1a: rhe bug|58/100
|
|t:|1781001435
|switch|p2a: Hoopa|Hoopa-Unbound|100/100|[from] Flip Turn
|
|upkeep
|turn|2
|
|t:|1781001444
|switch|p1a: the woman...kinda|Primarina, M|100/100
|move|p2a: Hoopa|Gunk Shot|p1a: the woman...kinda|[miss]
|-miss|p2a: Hoopa|p1a: the woman...kinda
|
|upkeep
|turn|3
|
|t:|1781001449
|switch|p1a: the robot|Iron Treads|100/100
|move|p2a: Hoopa|Gunk Shot|p1a: the robot
|-immune|p1a: the robot
|
|upkeep
|turn|4
|
|t:|1781001457
|switch|p2a: Ting-Lu|Ting-Lu|100/100
|-ability|p2a: Ting-Lu|Vessel of Ruin
|-end|p1a: the robot|Quark Drive|[silent]
|switch|p1a: the woman...kinda|Primarina, M|100/100
|
|upkeep
|turn|5
|
|t:|1781001466
|-terastallize|p2a: Ting-Lu|Poison
|move|p1a: the woman...kinda|Moonblast|p2a: Ting-Lu
|-resisted|p2a: Ting-Lu
|-damage|p2a: Ting-Lu|89/100
|move|p2a: Ting-Lu|Stealth Rock|p1a: the woman...kinda
|-sidestart|p1: diav|move: Stealth Rock
|
|-heal|p2a: Ting-Lu|95/100|[from] item: Leftovers
|upkeep
|turn|6
|
|t:|1781001470
|move|p1a: the woman...kinda|Psychic Noise|p2a: Ting-Lu
|-supereffective|p2a: Ting-Lu
|-damage|p2a: Ting-Lu|72/100
|-start|p2a: Ting-Lu|move: Heal Block
|move|p2a: Ting-Lu|Spikes|p1a: the woman...kinda
|-sidestart|p1: diav|Spikes
|
|upkeep
|turn|7
|
|t:|1781001476
|move|p1a: the woman...kinda|Flip Turn|p2a: Ting-Lu
|-damage|p2a: Ting-Lu|65/100
|
|t:|1781001478
|switch|p1a: the robot|Iron Treads|100/100|[from] Flip Turn
|move|p2a: Ting-Lu|Spikes|p1a: the robot
|-sidestart|p1: diav|Spikes
|
|-end|p2a: Ting-Lu|move: Heal Block
|upkeep
|turn|8
|
|t:|1781001481
|switch|p2a: Dragapult|Dragapult, M|100/100
|move|p1a: the robot|Rapid Spin|p2a: Dragapult
|-immune|p2a: Dragapult
|
|upkeep
|turn|9
|
|t:|1781001486
|move|p2a: Dragapult|Flamethrower|p1a: the robot
|-supereffective|p1a: the robot
|-damage|p1a: the robot|0 fnt
|faint|p1a: the robot
|-end|p1a: the robot|Quark Drive|[silent]
|
|upkeep
|
|t:|1781001492
|switch|p1a: the woman...kinda|Primarina, M|100/100
|-damage|p1a: the woman...kinda|88/100|[from] Stealth Rock
|-damage|p1a: the woman...kinda|72/100|[from] Spikes
|turn|10
|
|t:|1781001502
|switch|p2a: Alomomola|Alomomola, F|100/100
|move|p1a: the woman...kinda|Flip Turn|p2a: Alomomola
|-resisted|p2a: Alomomola
|-damage|p2a: Alomomola|97/100
|
|t:|1781001510
|switch|p1a: the hero|Iron Valiant|100/100|[from] Flip Turn
|-damage|p1a: the hero|94/100|[from] Stealth Rock
|-damage|p1a: the hero|78/100|[from] Spikes
|
|-heal|p1a: the hero|84/100|[from] item: Leftovers
|upkeep
|turn|11
|
|t:|1781001513
|move|p1a: the hero|Substitute|p1a: the hero
|-start|p1a: the hero|Substitute
|-damage|p1a: the hero|59/100
|move|p2a: Alomomola|Flip Turn|p1a: the hero
|-activate|p1a: the hero|move: Substitute|[damage]
|
|t:|1781001519
|switch|p2a: Ting-Lu|Ting-Lu, tera:Poison|65/100|[from] Flip Turn
|-ability|p2a: Ting-Lu|Vessel of Ruin
|
|-heal|p1a: the hero|65/100|[from] item: Leftovers
|-heal|p2a: Ting-Lu|71/100|[from] item: Leftovers
|upkeep
|turn|12
|
|t:|1781001524
|move|p1a: the hero|Knock Off|p2a: Ting-Lu
|-damage|p2a: Ting-Lu|52/100
|-enditem|p2a: Ting-Lu|Leftovers|[from] move: Knock Off|[of] p1a: the hero
|move|p2a: Ting-Lu|Whirlwind|p1a: the hero
|-end|p1a: the hero|Quark Drive|[silent]
|drag|p1a: the woman...kinda|Primarina, M|72/100
|-damage|p1a: the woman...kinda|59/100|[from] Stealth Rock
|-damage|p1a: the woman...kinda|43/100|[from] Spikes
|
|upkeep
|turn|13
|
|t:|1781001531
|move|p1a: the woman...kinda|Psychic Noise|p2a: Ting-Lu
|-supereffective|p2a: Ting-Lu
|-damage|p2a: Ting-Lu|28/100
|-start|p2a: Ting-Lu|move: Heal Block
|move|p2a: Ting-Lu|Whirlwind|p1a: the woman...kinda
|drag|p1a: the hero|Iron Valiant|65/100
|-damage|p1a: the hero|59/100|[from] Stealth Rock
|-damage|p1a: the hero|42/100|[from] Spikes
|
|-heal|p1a: the hero|49/100|[from] item: Leftovers
|upkeep
|turn|14
|
|t:|1781001537
|switch|p2a: Alomomola|Alomomola, F|100/100
|move|p1a: the hero|Close Combat|p2a: Alomomola
|-damage|p2a: Alomomola|68/100
|-unboost|p1a: the hero|def|1
|-unboost|p1a: the hero|spd|1
|
|-heal|p1a: the hero|55/100|[from] item: Leftovers
|upkeep
|turn|15
|
|t:|1781001540
|move|p1a: the hero|Moonblast|p2a: Alomomola
|-damage|p2a: Alomomola|23/100
|move|p2a: Alomomola|Flip Turn|p1a: the hero
|-damage|p1a: the hero|26/100
|
|t:|1781001545
|switch|p2a: Dragapult|Dragapult, M|100/100|[from] Flip Turn
|
|-heal|p1a: the hero|32/100|[from] item: Leftovers
|upkeep
|turn|16
|
|t:|1781001549
|move|p2a: Dragapult|Flamethrower|p1a: the hero
|-damage|p1a: the hero|0 fnt
|faint|p1a: the hero
|-end|p1a: the hero|Quark Drive|[silent]
|
|upkeep
|
|t:|1781001551
|switch|p1a: the chicken|Moltres|100/100
|turn|17
|
|t:|1781001554
|switch|p2a: Alomomola|Alomomola, F|56/100
|move|p1a: the chicken|U-turn|p2a: Alomomola
|-damage|p2a: Alomomola|49/100
|
|t:|1781001557
|switch|p1a: the woman...kinda|Primarina, M|43/100|[from] U-turn
|-damage|p1a: the woman...kinda|30/100|[from] Stealth Rock
|-damage|p1a: the woman...kinda|14/100|[from] Spikes
|
|upkeep
|turn|18
|
|t:|1781001564
|switch|p2a: Ting-Lu|Ting-Lu, tera:Poison|28/100
|-ability|p2a: Ting-Lu|Vessel of Ruin
|move|p1a: the woman...kinda|Moonblast|p2a: Ting-Lu
|-resisted|p2a: Ting-Lu
|-damage|p2a: Ting-Lu|16/100
|
|upkeep
|turn|19
|
|t:|1781001567
|move|p1a: the woman...kinda|Surf|p2a: Ting-Lu
|-damage|p2a: Ting-Lu|0 fnt
|faint|p2a: Ting-Lu
|
|upkeep
|
|t:|1781001576
|switch|p2a: Alomomola|Alomomola, F|82/100
|turn|20
|
|t:|1781001578
|move|p1a: the woman...kinda|Moonblast|p2a: Alomomola
|-damage|p2a: Alomomola|22/100
|move|p2a: Alomomola|Flip Turn|p1a: the woman...kinda
|-resisted|p1a: the woman...kinda
|-damage|p1a: the woman...kinda|2/100
|
|t:|1781001584
|switch|p2a: Dragapult|Dragapult, M|100/100|[from] Flip Turn
|
|upkeep
|turn|21
|
|t:|1781001585
|move|p2a: Dragapult|U-turn|p1a: the woman...kinda
|-resisted|p1a: the woman...kinda
|-damage|p1a: the woman...kinda|0 fnt
|faint|p1a: the woman...kinda
|
|t:|1781001587
|switch|p2a: Alomomola|Alomomola, F|56/100|[from] U-turn
|
|upkeep
|
|t:|1781001590
|switch|p1a: the cheese man|Gholdengo|100/100
|-damage|p1a: the cheese man|94/100|[from] Stealth Rock
|-item|p1a: the cheese man|Air Balloon
|turn|22
|
|t:|1781001598
|move|p1a: the cheese man|Nasty Plot|p1a: the cheese man
|-boost|p1a: the cheese man|spa|2
|move|p2a: Alomomola|Flip Turn|p1a: the cheese man
|-damage|p1a: the cheese man|75/100
|-enditem|p1a: the cheese man|Air Balloon
|
|t:|1781001600
|switch|p2a: Dragapult|Dragapult, M|100/100|[from] Flip Turn
|
|upkeep
|turn|23
|
|t:|1781001603
|-terastallize|p1a: the cheese man|Fairy
|move|p2a: Dragapult|Shadow Ball|p1a: the cheese man
|-damage|p1a: the cheese man|15/100
|move|p1a: the cheese man|Shadow Ball|p2a: Dragapult
|-supereffective|p2a: Dragapult
|-damage|p2a: Dragapult|0 fnt
|faint|p2a: Dragapult
|
|upkeep
|
|t:|1781001607
|switch|p2a: Iron Valiant|Iron Valiant|100/100
|-enditem|p2a: Iron Valiant|Booster Energy
|-activate|p2a: Iron Valiant|ability: Quark Drive|[fromitem]
|-start|p2a: Iron Valiant|quarkdrivespe
|turn|24
|
|t:|1781001611
|move|p2a: Iron Valiant|Knock Off|p1a: the cheese man
|-resisted|p1a: the cheese man
|-damage|p1a: the cheese man|2/100
|move|p1a: the cheese man|Shadow Ball|p2a: Iron Valiant
|-damage|p2a: Iron Valiant|0 fnt
|faint|p2a: Iron Valiant
|-end|p2a: Iron Valiant|Quark Drive|[silent]
|
|upkeep
|
|t:|1781001618
|switch|p2a: Hoopa|Hoopa-Unbound|100/100
|turn|25
|
|t:|1781001621
|move|p2a: Hoopa|Hyperspace Fury|p1a: the cheese man
|-resisted|p1a: the cheese man
|-damage|p1a: the cheese man|0 fnt
|-unboost|p2a: Hoopa|def|1
|faint|p1a: the cheese man
|
|upkeep
|
|t:|1781001623
|switch|p1a: rhe bug|Lokix, F|58/100
|-damage|p1a: rhe bug|34/100|[from] Stealth Rock
|-damage|p1a: rhe bug|17/100|[from] Spikes
|turn|26
|
|t:|1781001630
|switch|p2a: Alomomola|Alomomola, F|89/100
|move|p1a: rhe bug|U-turn|p2a: Alomomola
|-damage|p2a: Alomomola|67/100
|
|t:|1781001632
|switch|p1a: the chicken|Moltres|100/100|[from] U-turn
|
|upkeep
|turn|27
|
|t:|1781001636
|move|p1a: the chicken|U-turn|p2a: Alomomola
|-damage|p2a: Alomomola|59/100
|
|t:|1781001637
|switch|p1a: rhe bug|Lokix, F|17/100|[from] U-turn
|-damage|p1a: rhe bug|0 fnt|[from] Stealth Rock
|faint|p1a: rhe bug
|move|p2a: Alomomola|Flip Turn|p1: rhe bug|[notarget]
|-fail|p2a: Alomomola
|
|upkeep
|
|t:|1781001638
|switch|p1a: the chicken|Moltres|100/100
|turn|28
|
|t:|1781001640
|move|p1a: the chicken|Flamethrower|p2a: Alomomola
|-resisted|p2a: Alomomola
|-damage|p2a: Alomomola|36/100
|move|p2a: Alomomola|Flip Turn|p1a: the chicken
|-supereffective|p1a: the chicken
|-damage|p1a: the chicken|78/100
|-status|p2a: Alomomola|brn|[from] ability: Flame Body|[of] p1a: the chicken
|
|t:|1781001642
|switch|p2a: Hoopa|Hoopa-Unbound|100/100|[from] Flip Turn
|
|upkeep
|turn|29
|
|t:|1781001643
|move|p2a: Hoopa|Hyperspace Fury|p1a: the chicken
|-damage|p1a: the chicken|36/100
|-unboost|p2a: Hoopa|def|1
|move|p1a: the chicken|U-turn|p2a: Hoopa
|-supereffective|p2a: Hoopa
|-damage|p2a: Hoopa|0 fnt
|faint|p2a: Hoopa
|
|upkeep
|
|t:|1781001645
|switch|p2a: Torterra|Torterra, F|100/100
|turn|30
|
|t:|1781001649
|move|p1a: the chicken|Flamethrower|p2a: Torterra
|-supereffective|p2a: Torterra
|-damage|p2a: Torterra|12/100
|move|p2a: Torterra|Rock Blast|p1a: the chicken
|-supereffective|p1a: the chicken
|-damage|p1a: the chicken|14/100
|-supereffective|p1a: the chicken
|-damage|p1a: the chicken|0 fnt
|faint|p1a: the chicken
|-hitcount|p1: the chicken|2
|
|win|lemontheheavens
|raw|diav's rating: 1542 &rarr; <strong>1524</strong><br />(-18 for losing)
|raw|lemontheheavens's rating: 1574 &rarr; <strong>1592</strong><br />(+18 for winning)
|l|☆lemontheheavens
|player|p2|
|l|☆diav
|player|p1|
