|j|☆salazzle stan
|j|☆Partynparadise
|t:|1781554942
|gametype|singles
|player|p1|salazzle stan|ninjaboy|1554
|player|p2|Partynparadise|brawly|1555
|gen|9
|tier|[Gen 9] OU
|rated|
|rule|HP Percentage Mod: HP is shown in percentages
|rule|Endless Battle Clause: Forcing endless battles is banned
|rule|Species Clause: Limit one of each Pokémon
|rule|OHKO Clause: OHKO moves are banned
|rule|Evasion Items Clause: Evasion items are banned
|rule|Evasion Moves Clause: Evasion moves are banned
|rule|Evasion Abilities Clause: Evasion abilities are banned
|rule|Sleep Moves Clause: Sleep-inducing moves are banned
|clearpoke
|poke|p1|Zapdos|
|poke|p1|Scizor, F|
|poke|p1|Heatran, F|
|poke|p1|Alomomola, F|
|poke|p1|Mienshao, M|
|poke|p1|Glimmora, M|
|poke|p2|Kyurem|
|poke|p2|Great Tusk|
|poke|p2|Moltres|
|poke|p2|Slowking-Galar, M|
|poke|p2|Iron Valiant|
|poke|p2|Meowscarada, M|
|teampreview
|inactive|Battle timer is ON: inactive players will automatically lose when time's up. (requested by Partynparadise)
|
|t:|1781554950
|teamsize|p1|6
|teamsize|p2|6
|start
|switch|p1a: Mienshao|Mienshao, M|100/100
|switch|p2a: Meowscarada|Meowscarada, M|100/100
|turn|1
|
|t:|1781554955
|move|p1a: Mienshao|Fake Out|p2a: Meowscarada
|-damage|p2a: Meowscarada|80/100
|cant|p2a: Meowscarada|flinch
|
|upkeep
|turn|2
|
|t:|1781554961
|switch|p1a: Heatran|Heatran, F|100/100
|-item|p1a: Heatran|Air Balloon
|move|p2a: Meowscarada|U-turn|p1a: Heatran
|-start|p2a: Meowscarada|typechange|Bug|[from] ability: Protean
|-resisted|p1a: Heatran
|-damage|p1a: Heatran|94/100
|-status|p2a: Meowscarada|brn|[from] ability: Flame Body|[of] p1a: Heatran
|-enditem|p1a: Heatran|Air Balloon
|
|t:|1781554966
|switch|p2a: Great Tusk|Great Tusk|100/100|[from] U-turn
|
|upkeep
|turn|3
|
|t:|1781554974
|switch|p1a: Alomomola|Alomomola, F|100/100
|move|p2a: Great Tusk|Stealth Rock|p1a: Alomomola
|-sidestart|p1: salazzle stan|move: Stealth Rock
|
|upkeep
|turn|4
|
|t:|1781554978
|-end|p2a: Great Tusk|Protosynthesis|[silent]
|switch|p2a: Slowking|Slowking-Galar, M|100/100
|move|p1a: Alomomola|Flip Turn|p2a: Slowking
|-damage|p2a: Slowking|83/100
|
|t:|1781554983
|switch|p1a: Mienshao|Mienshao, M|100/100|[from] Flip Turn
|-damage|p1a: Mienshao|95/100|[from] Stealth Rock
|
|upkeep
|turn|5
|
|t:|1781554989
|move|p1a: Mienshao|U-turn|p2a: Slowking
|-damage|p2a: Slowking|56/100
|
|t:|1781554992
|switch|p1a: Heatran|Heatran, F|94/100|[from] U-turn
|-damage|p1a: Heatran|82/100|[from] Stealth Rock
|move|p2a: Slowking|Future Sight|p1a: Heatran
|-start|p2a: Slowking|move: Future Sight
|
|upkeep
|turn|6
|
|t:|1781554998
|move|p1a: Heatran|Taunt|p2a: Slowking
|-start|p2a: Slowking|move: Taunt
|-prepare|p2a: Slowking|Chilly Reception|[premajor]
|cant|p2a: Slowking|move: Taunt|Chilly Reception
|
|upkeep
|turn|7
|
|t:|1781555004
|switch|p2a: Moltres|Moltres|100/100
|move|p1a: Heatran|Lava Plume|p2a: Moltres
|-resisted|p2a: Moltres
|-damage|p2a: Moltres|83/100
|
|-end|p1a: Heatran|move: Future Sight
|-resisted|p1a: Heatran
|-damage|p1a: Heatran|64/100
|upkeep
|turn|8
|
|t:|1781555012
|move|p1a: Heatran|Stealth Rock|p2a: Moltres
|-sidestart|p2: Partynparadise|move: Stealth Rock
|move|p2a: Moltres|Scorching Sands|p1a: Heatran
|-supereffective|p1a: Heatran
|-damage|p1a: Heatran|0 fnt
|faint|p1a: Heatran
|
|upkeep
|
|t:|1781555018
|switch|p1a: Zapdos|Zapdos|100/100
|turn|9
|
|t:|1781555023
|switch|p2a: Slowking|Slowking-Galar, M|90/100
|move|p1a: Zapdos|U-turn|p2a: Slowking
|-damage|p2a: Slowking|76/100
|
|t:|1781555027
|switch|p1a: Mienshao|Mienshao, M|100/100|[from] U-turn
|-damage|p1a: Mienshao|95/100|[from] Stealth Rock
|
|upkeep
|turn|10
|
|t:|1781555032
|move|p1a: Mienshao|Knock Off|p2a: Slowking
|-supereffective|p2a: Slowking
|-damage|p2a: Slowking|8/100
|-enditem|p2a: Slowking|Heavy-Duty Boots|[from] move: Knock Off|[of] p1a: Mienshao
|move|p2a: Slowking|Future Sight|p1a: Mienshao
|-start|p2a: Slowking|move: Future Sight
|
|upkeep
|turn|11
|
|t:|1781555038
|switch|p2a: Moltres|Moltres|83/100
|move|p1a: Mienshao|Knock Off|p2a: Moltres
|-damage|p2a: Moltres|61/100
|-enditem|p2a: Moltres|Heavy-Duty Boots|[from] move: Knock Off|[of] p1a: Mienshao
|
|upkeep
|turn|12
|
|t:|1781555046
|move|p1a: Mienshao|U-turn|p2a: Moltres
|-resisted|p2a: Moltres
|-damage|p2a: Moltres|57/100
|
|t:|1781555049
|switch|p1a: Alomomola|Alomomola, F|100/100|[from] U-turn
|move|p2a: Moltres|Roost|p2a: Moltres
|-heal|p2a: Moltres|100/100
|-singleturn|p2a: Moltres|move: Roost
|
|-end|p1a: Alomomola|move: Future Sight
|-damage|p1a: Alomomola|59/100
|upkeep
|turn|13
|
|t:|1781555058
|move|p2a: Moltres|U-turn|p1a: Alomomola
|-damage|p1a: Alomomola|50/100
|
|t:|1781555063
|switch|p2a: Great Tusk|Great Tusk|100/100|[from] U-turn
|-damage|p2a: Great Tusk|98/100|[from] Stealth Rock
|move|p1a: Alomomola|Flip Turn|p2a: Great Tusk
|-supereffective|p2a: Great Tusk
|-damage|p2a: Great Tusk|80/100
|-damage|p1a: Alomomola|33/100|[from] item: Rocky Helmet|[of] p2a: Great Tusk
|
|t:|1781555070
|switch|p1a: Zapdos|Zapdos|100/100|[from] Flip Turn
|
|upkeep
|turn|14
|
|t:|1781555074
|-end|p2a: Great Tusk|Protosynthesis|[silent]
|switch|p2a: Slowking|Slowking-Galar, M|42/100
|-damage|p2a: Slowking|29/100|[from] Stealth Rock
|move|p1a: Zapdos|Hurricane|p2a: Slowking
|-damage|p2a: Slowking|2/100
|
|upkeep
|turn|15
|
|t:|1781555081
|move|p1a: Zapdos|U-turn|p2a: Slowking
|-damage|p2a: Slowking|0 fnt
|faint|p2a: Slowking
|
|t:|1781555084
|switch|p1a: Mienshao|Mienshao, M|100/100|[from] U-turn
|-damage|p1a: Mienshao|95/100|[from] Stealth Rock
|
|upkeep
|
|t:|1781555089
|switch|p2a: Great Tusk|Great Tusk|80/100
|-damage|p2a: Great Tusk|77/100|[from] Stealth Rock
|turn|16
|
|t:|1781555092
|move|p1a: Mienshao|Fake Out|p2a: Great Tusk
|-damage|p2a: Great Tusk|69/100
|cant|p2a: Great Tusk|flinch
|
|upkeep
|turn|17
|
|t:|1781555097
|move|p1a: Mienshao|U-turn|p2a: Great Tusk
|-resisted|p2a: Great Tusk
|-damage|p2a: Great Tusk|63/100
|
|t:|1781555099
|switch|p1a: Zapdos|Zapdos|100/100|[from] U-turn
|move|p2a: Great Tusk|Rapid Spin|p1a: Zapdos
|-damage|p1a: Zapdos|89/100
|-boost|p2a: Great Tusk|spe|1
|-status|p2a: Great Tusk|par|[from] ability: Static|[of] p1a: Zapdos
|-sideend|p2: Partynparadise|Stealth Rock|[from] move: Rapid Spin|[of] p2a: Great Tusk
|
|upkeep
|turn|18
|
|t:|1781555108
|move|p1a: Zapdos|Hurricane|p2a: Great Tusk
|-supereffective|p2a: Great Tusk
|-damage|p2a: Great Tusk|0 fnt
|faint|p2a: Great Tusk
|-end|p2a: Great Tusk|Protosynthesis|[silent]
|
|upkeep
|
|t:|1781555110
|switch|p2a: Kyurem|Kyurem, shiny|100/100
|-ability|p2a: Kyurem|Pressure
|turn|19
|
|t:|1781555119
|move|p2a: Kyurem|Substitute|p2a: Kyurem
|-start|p2a: Kyurem|Substitute
|-damage|p2a: Kyurem|76/100
|move|p1a: Zapdos|U-turn|p2a: Kyurem
|-activate|p2a: Kyurem|move: Substitute|[damage]
|
|t:|1781555124
|switch|p1a: Mienshao|Mienshao, M|100/100|[from] U-turn
|-damage|p1a: Mienshao|95/100|[from] Stealth Rock
|
|-heal|p2a: Kyurem|82/100|[from] item: Leftovers
|upkeep
|turn|20
|
|t:|1781555129
|-terastallize|p2a: Kyurem|Ground
|move|p1a: Mienshao|Fake Out|p2a: Kyurem
|-end|p2a: Kyurem|Substitute
|move|p2a: Kyurem|Earth Power|p1a: Mienshao
|-damage|p1a: Mienshao|2/100
|
|-heal|p2a: Kyurem|88/100|[from] item: Leftovers
|upkeep
|turn|21
|
|t:|1781555146
|switch|p2a: Moltres|Moltres|100/100
|move|p1a: Mienshao|Close Combat|p2a: Moltres
|-resisted|p2a: Moltres
|-crit|p2a: Moltres
|-damage|p2a: Moltres|71/100
|-unboost|p1a: Mienshao|def|1
|-unboost|p1a: Mienshao|spd|1
|
|upkeep
|turn|22
|
|t:|1781555153
|move|p1a: Mienshao|U-turn|p2a: Moltres
|-resisted|p2a: Moltres
|-damage|p2a: Moltres|67/100
|
|t:|1781555156
|switch|p1a: Alomomola|Alomomola, F|66/100|[from] U-turn
|move|p2a: Moltres|U-turn|p1a: Alomomola
|-damage|p1a: Alomomola|58/100
|
|t:|1781555159
|switch|p2a: Kyurem|Kyurem, shiny, tera:Ground|88/100|[from] U-turn
|-ability|p2a: Kyurem|Pressure
|
|-heal|p2a: Kyurem|94/100|[from] item: Leftovers
|upkeep
|turn|23
|
|t:|1781555165
|move|p2a: Kyurem|Substitute|p2a: Kyurem
|-start|p2a: Kyurem|Substitute
|-damage|p2a: Kyurem|69/100
|move|p1a: Alomomola|Flip Turn|p2a: Kyurem
|-supereffective|p2a: Kyurem
|-end|p2a: Kyurem|Substitute
|
|t:|1781555171
|switch|p1a: Mienshao|Mienshao, M|36/100|[from] Flip Turn
|-damage|p1a: Mienshao|30/100|[from] Stealth Rock
|
|-heal|p2a: Kyurem|75/100|[from] item: Leftovers
|upkeep
|turn|24
|
|t:|1781555178
|switch|p2a: Moltres|Moltres|67/100
|move|p1a: Mienshao|Fake Out|p2a: Moltres
|-crit|p2a: Moltres
|-damage|p2a: Moltres|52/100
|
|upkeep
|turn|25
|
|t:|1781555183
|move|p1a: Mienshao|U-turn|p2a: Moltres
|-resisted|p2a: Moltres
|-damage|p2a: Moltres|48/100
|
|t:|1781555185
|switch|p1a: Glimmora|Glimmora, M|100/100|[from] U-turn
|-damage|p1a: Glimmora|88/100|[from] Stealth Rock
|move|p2a: Moltres|Roost|p2a: Moltres
|-heal|p2a: Moltres|98/100
|-singleturn|p2a: Moltres|move: Roost
|
|-heal|p1a: Glimmora|94/100|[from] item: Leftovers
|upkeep
|turn|26
|
|t:|1781555195
|switch|p1a: Zapdos|Zapdos|89/100
|move|p2a: Moltres|Scorching Sands|p1a: Zapdos
|-immune|p1a: Zapdos
|
|upkeep
|turn|27
|
|t:|1781555200
|switch|p2a: Kyurem|Kyurem, shiny, tera:Ground|75/100
|-ability|p2a: Kyurem|Pressure
|move|p1a: Zapdos|U-turn|p2a: Kyurem
|-crit|p2a: Kyurem
|-damage|p2a: Kyurem|58/100
|
|t:|1781555207
|switch|p1a: Mienshao|Mienshao, M|63/100|[from] U-turn
|-damage|p1a: Mienshao|57/100|[from] Stealth Rock
|
|-heal|p2a: Kyurem|64/100|[from] item: Leftovers
|upkeep
|turn|28
|
|t:|1781555212
|move|p2a: Kyurem|Protect|p2a: Kyurem
|-singleturn|p2a: Kyurem|Protect
|move|p1a: Mienshao|Fake Out|p2a: Kyurem
|-activate|p2a: Kyurem|move: Protect
|
|-heal|p2a: Kyurem|70/100|[from] item: Leftovers
|upkeep
|turn|29
|
|t:|1781555219
|move|p1a: Mienshao|U-turn|p2a: Kyurem
|-damage|p2a: Kyurem|47/100
|
|t:|1781555221
|switch|p1a: Zapdos|Zapdos|89/100|[from] U-turn
|move|p2a: Kyurem|Earth Power|p1a: Zapdos
|-immune|p1a: Zapdos
|
|-heal|p2a: Kyurem|53/100|[from] item: Leftovers
|upkeep
|turn|30
|
|t:|1781555230
|switch|p1a: Scizor|Scizor, F|100/100
|-damage|p1a: Scizor|88/100|[from] Stealth Rock
|move|p2a: Kyurem|Freeze-Dry|p1a: Scizor
|-resisted|p1a: Scizor
|-damage|p1a: Scizor|64/100
|
|-heal|p2a: Kyurem|59/100|[from] item: Leftovers
|upkeep
|turn|31
|
|t:|1781555239
|switch|p2a: Moltres|Moltres|98/100
|move|p1a: Scizor|Knock Off|p2a: Moltres
|-damage|p2a: Moltres|75/100
|
|upkeep
|turn|32
|
|t:|1781555248
|switch|p1a: Alomomola|Alomomola, F|91/100
|move|p2a: Moltres|Flamethrower|p1a: Alomomola
|-resisted|p1a: Alomomola
|-damage|p1a: Alomomola|74/100
|
|upkeep
|turn|33
|
|t:|1781555254
|switch|p2a: Meowscarada|Meowscarada, M|80/100 brn
|move|p1a: Alomomola|Flip Turn|p2a: Meowscarada
|-resisted|p2a: Meowscarada
|-damage|p2a: Meowscarada|67/100 brn
|
|t:|1781555259
|switch|p1a: Glimmora|Glimmora, M|94/100|[from] Flip Turn
|-damage|p1a: Glimmora|82/100|[from] Stealth Rock
|
|-heal|p1a: Glimmora|88/100|[from] item: Leftovers
|-damage|p2a: Meowscarada|61/100 brn|[from] brn
|upkeep
|turn|34
|
|t:|1781555266
|move|p2a: Meowscarada|Trick|p1a: Glimmora
|-start|p2a: Meowscarada|typechange|Psychic|[from] ability: Protean
|-activate|p2a: Meowscarada|move: Trick|[of] p1a: Glimmora
|-item|p1a: Glimmora|Choice Scarf|[from] move: Trick
|-item|p2a: Meowscarada|Leftovers|[from] move: Trick
|move|p1a: Glimmora|Mortal Spin|p2a: Meowscarada
|-damage|p2a: Meowscarada|52/100 brn
|-sideend|p1: salazzle stan|Stealth Rock|[from] move: Mortal Spin|[of] p1a: Glimmora
|
|-heal|p2a: Meowscarada|58/100 brn|[from] item: Leftovers
|-damage|p2a: Meowscarada|52/100 brn|[from] brn
|upkeep
|turn|35
|
|t:|1781555277
|switch|p2a: Kyurem|Kyurem, shiny, tera:Ground|59/100
|-ability|p2a: Kyurem|Pressure
|move|p1a: Glimmora|Mortal Spin|p2a: Kyurem
|-resisted|p2a: Kyurem
|-damage|p2a: Kyurem|57/100
|-status|p2a: Kyurem|psn
|
|-heal|p2a: Kyurem|63/100 psn|[from] item: Leftovers
|-damage|p2a: Kyurem|50/100 psn|[from] psn
|upkeep
|turn|36
|
|t:|1781555288
|switch|p1a: Alomomola|Alomomola, F|100/100
|move|p2a: Kyurem|Freeze-Dry|p1a: Alomomola
|-supereffective|p1a: Alomomola
|-damage|p1a: Alomomola|32/100
|-status|p1a: Alomomola|frz
|
|-heal|p2a: Kyurem|57/100 psn|[from] item: Leftovers
|-damage|p2a: Kyurem|44/100 psn|[from] psn
|upkeep
|turn|37
|
|t:|1781555299
|cant|p1a: Alomomola|frz
|move|p2a: Kyurem|Substitute|p2a: Kyurem
|-start|p2a: Kyurem|Substitute
|-damage|p2a: Kyurem|19/100 psn
|
|-heal|p2a: Kyurem|26/100 psn|[from] item: Leftovers
|-damage|p2a: Kyurem|13/100 psn|[from] psn
|upkeep
|turn|38
|c|☆salazzle stan|sub iis crazy
|
|t:|1781555317
|switch|p1a: Scizor|Scizor, F|64/100
|move|p2a: Kyurem|Freeze-Dry|p1a: Scizor
|-resisted|p1a: Scizor
|-damage|p1a: Scizor|37/100
|
|-heal|p2a: Kyurem|19/100 psn|[from] item: Leftovers
|-damage|p2a: Kyurem|7/100 psn|[from] psn
|upkeep
|turn|39
|
|t:|1781555327
|switch|p1a: Alomomola|Alomomola, F|66/100 frz
|move|p2a: Kyurem|Earth Power|p1a: Alomomola
|-damage|p1a: Alomomola|20/100 frz
|
|-heal|p2a: Kyurem|13/100 psn|[from] item: Leftovers
|-damage|p2a: Kyurem|1/100 psn|[from] psn
|upkeep
|turn|40
|
|t:|1781555340
|move|p2a: Kyurem|Freeze-Dry|p1a: Alomomola
|-supereffective|p1a: Alomomola
|-damage|p1a: Alomomola|0 fnt
|faint|p1a: Alomomola
|
|-heal|p2a: Kyurem|7/100 psn|[from] item: Leftovers
|-damage|p2a: Kyurem|0 fnt|[from] psn
|faint|p2a: Kyurem
|upkeep
|
|t:|1781555348
|switch|p2a: Meowscarada|Meowscarada, M|52/100 brn
|switch|p1a: Zapdos|Zapdos|89/100
|turn|41
|
|t:|1781555353
|switch|p1a: Glimmora|Glimmora, M|88/100
|move|p2a: Meowscarada|Triple Axel|p1a: Glimmora
|-start|p2a: Meowscarada|typechange|Ice|[from] ability: Protean
|-damage|p1a: Glimmora|82/100
|-activate|p1a: Glimmora|ability: Toxic Debris
|-sidestart|p2: Partynparadise|move: Toxic Spikes
|-damage|p1a: Glimmora|72/100
|-activate|p1a: Glimmora|ability: Toxic Debris
|-sidestart|p2: Partynparadise|move: Toxic Spikes
|-damage|p1a: Glimmora|55/100
|-hitcount|p1a: Glimmora|3
|
|-heal|p2a: Meowscarada|58/100 brn|[from] item: Leftovers
|-damage|p2a: Meowscarada|52/100 brn|[from] brn
|upkeep
|turn|42
|
|t:|1781555369
|move|p1a: Glimmora|Sludge Wave|p2a: Meowscarada
|-damage|p2a: Meowscarada|0 fnt
|faint|p2a: Meowscarada
|
|upkeep
|
|t:|1781555372
|switch|p2a: Moltres|Moltres|75/100
|turn|43
|
|t:|1781555376
|move|p1a: Glimmora|Sludge Wave|p2a: Moltres
|-damage|p2a: Moltres|30/100
|move|p2a: Moltres|Scorching Sands|p1a: Glimmora
|-supereffective|p1a: Glimmora
|-damage|p1a: Glimmora|0 fnt
|faint|p1a: Glimmora
|
|upkeep
|c|☆salazzle stan|ggs
|
|t:|1781555383
|switch|p1a: Zapdos|Zapdos|89/100
|turn|44
|
|t:|1781555386
|move|p1a: Zapdos|Discharge|p2a: Moltres
|-supereffective|p2a: Moltres
|-damage|p2a: Moltres|0 fnt
|faint|p2a: Moltres
|
|upkeep
|
|t:|1781555388
|switch|p2a: Iron Valiant|Iron Valiant|100/100
|-status|p2a: Iron Valiant|tox
|-enditem|p2a: Iron Valiant|Booster Energy
|-activate|p2a: Iron Valiant|ability: Quark Drive|[fromitem]
|-start|p2a: Iron Valiant|quarkdrivespe
|turn|45
|
|t:|1781555395
|move|p2a: Iron Valiant|Moonblast|p1a: Zapdos
|-damage|p1a: Zapdos|51/100
|-unboost|p1a: Zapdos|spa|1
|move|p1a: Zapdos|Discharge|p2a: Iron Valiant
|-damage|p2a: Iron Valiant|56/100 tox
|
|-damage|p2a: Iron Valiant|50/100 tox|[from] psn
|upkeep
|turn|46
|
|t:|1781555403
|move|p2a: Iron Valiant|Moonblast|p1a: Zapdos
|-crit|p1a: Zapdos
|-damage|p1a: Zapdos|0 fnt
|faint|p1a: Zapdos
|
|-damage|p2a: Iron Valiant|37/100 tox|[from] psn
|upkeep
|
|t:|1781555409
|switch|p1a: Scizor|Scizor, F|37/100
|turn|47
|
|t:|1781555412
|move|p1a: Scizor|Bullet Punch|p2a: Iron Valiant
|-supereffective|p2a: Iron Valiant
|-damage|p2a: Iron Valiant|0 fnt
|faint|p2a: Iron Valiant
|-end|p2a: Iron Valiant|Quark Drive|[silent]
|
|win|salazzle stan
|raw|salazzle stan's rating: 1554 &rarr; <strong>1574</strong><br />(+20 for winning)
|raw|Partynparadise's rating: 1555 &rarr; <strong>1535</strong><br />(-20 for losing)
|l|☆Partynparadise
|player|p2|
|l|☆salazzle stan
|player|p1|
