|j|☆kadu99
|j|☆mongwong
|t:|1781070186
|gametype|singles
|player|p1|kadu99|policeman-gen4|1548
|player|p2|mongwong|giovanni-masters|1599
|gen|9
|tier|[Gen 9] OU
|rated|
|rule|HP Percentage Mod: HP is shown in percentages
|rule|Endless Battle Clause: Forcing endless battles is banned
|rule|Species Clause: Limit one of each Pokémon
|rule|OHKO Clause: OHKO moves are banned
|rule|Evasion Items Clause: Evasion items are banned
|rule|Evasion Moves Clause: Evasion moves are banned
|rule|Evasion Abilities Clause: Evasion abilities are banned
|rule|Sleep Moves Clause: Sleep-inducing moves are banned
|clearpoke
|poke|p1|Iron Valiant|
|poke|p1|Ogerpon-Wellspring, F|
|poke|p1|Ting-Lu|
|poke|p1|Pecharunt|
|poke|p1|Cinderace, F|
|poke|p1|Dragonite, M|
|poke|p2|Indeedee, M|
|poke|p2|Polteageist-Antique|
|poke|p2|Hawlucha, F|
|poke|p2|Primarina, F|
|poke|p2|Iron Valiant|
|poke|p2|Great Tusk|
|teampreview
|inactive|Battle timer is ON: inactive players will automatically lose when time's up. (requested by mongwong)
|
|t:|1781070203
|teamsize|p1|6
|teamsize|p2|6
|start
|switch|p1a: Ting-Lu|Ting-Lu|100/100
|switch|p2a: Great Tusk|Great Tusk|100/100
|-ability|p1a: Ting-Lu|Vessel of Ruin
|turn|1
|
|t:|1781070213
|move|p2a: Great Tusk|Stealth Rock|p1a: Ting-Lu
|-sidestart|p1: kadu99|move: Stealth Rock
|move|p1a: Ting-Lu|Ruination|p2a: Great Tusk
|-damage|p2a: Great Tusk|50/100
|
|upkeep
|turn|2
|
|t:|1781070217
|-end|p2a: Great Tusk|Protosynthesis|[silent]
|switch|p2a: Indeedee|Indeedee, M|100/100
|-fieldstart|move: Psychic Terrain|[from] ability: Psychic Surge|[of] p2a: Indeedee
|move|p1a: Ting-Lu|Ruination|p2a: Indeedee
|-damage|p2a: Indeedee|51/100
|
|upkeep
|turn|3
|
|t:|1781070220
|move|p2a: Indeedee|Encore|p1a: Ting-Lu
|-start|p1a: Ting-Lu|Encore
|move|p1a: Ting-Lu|Ruination|p2a: Indeedee
|-damage|p2a: Indeedee|26/100
|
|upkeep
|turn|4
|
|t:|1781070224
|switch|p2a: Hawlucha|Hawlucha, F|100/100
|-enditem|p2a: Hawlucha|Psychic Seed
|-boost|p2a: Hawlucha|spd|1|[from] item: Psychic Seed
|move|p1a: Ting-Lu|Ruination|p2a: Hawlucha
|-damage|p2a: Hawlucha|50/100
|
|upkeep
|turn|5
|
|t:|1781070229
|switch|p1a: Dragonite|Dragonite, M|100/100
|move|p2a: Hawlucha|Swords Dance|p2a: Hawlucha
|-boost|p2a: Hawlucha|atk|2
|
|upkeep
|turn|6
|
|t:|1781070232
|move|p2a: Hawlucha|Acrobatics|p1a: Dragonite
|-damage|p1a: Dragonite|59/100
|move|p1a: Dragonite|Dragon Tail|p2a: Hawlucha
|-damage|p2a: Hawlucha|0 fnt
|faint|p2a: Hawlucha
|
|upkeep
|
|t:|1781070237
|switch|p2a: Iron Valiant|Iron Valiant|100/100
|-enditem|p2a: Iron Valiant|Booster Energy
|-activate|p2a: Iron Valiant|ability: Quark Drive|[fromitem]
|-start|p2a: Iron Valiant|quarkdrivespe
|turn|7
|
|t:|1781070243
|switch|p1a: Pecharunt|Pecharunt|100/100
|move|p2a: Iron Valiant|Calm Mind|p2a: Iron Valiant
|-boost|p2a: Iron Valiant|spa|1
|-boost|p2a: Iron Valiant|spd|1
|
|upkeep
|turn|8
|
|t:|1781070252
|-terastallize|p1a: Pecharunt|Water
|move|p2a: Iron Valiant|Expanding Force|p1a: Pecharunt
|-damage|p1a: Pecharunt|12/100
|move|p1a: Pecharunt|Malignant Chain|p2a: Iron Valiant
|-supereffective|p2a: Iron Valiant
|-damage|p2a: Iron Valiant|0 fnt
|faint|p2a: Iron Valiant
|-end|p2a: Iron Valiant|Quark Drive|[silent]
|
|upkeep
|
|t:|1781070263
|switch|p2a: Indeedee|Indeedee, M|26/100
|turn|9
|
|t:|1781070267
|switch|p1a: Ting-Lu|Ting-Lu|100/100
|-damage|p1a: Ting-Lu|94/100|[from] Stealth Rock
|-ability|p1a: Ting-Lu|Vessel of Ruin
|move|p2a: Indeedee|Dazzling Gleam|p1a: Ting-Lu
|-supereffective|p1a: Ting-Lu
|-damage|p1a: Ting-Lu|74/100
|
|-heal|p1a: Ting-Lu|80/100|[from] item: Leftovers
|-fieldend|move: Psychic Terrain
|upkeep
|turn|10
|
|t:|1781070272
|switch|p2a: Great Tusk|Great Tusk|50/100
|move|p1a: Ting-Lu|Stealth Rock|p2a: Great Tusk
|-sidestart|p2: mongwong|move: Stealth Rock
|
|-heal|p1a: Ting-Lu|86/100|[from] item: Leftovers
|upkeep
|turn|11
|
|t:|1781070279
|move|p2a: Great Tusk|Rapid Spin|p1a: Ting-Lu
|-crit|p1a: Ting-Lu
|-damage|p1a: Ting-Lu|75/100
|-boost|p2a: Great Tusk|spe|1
|-sideend|p2: mongwong|Stealth Rock|[from] move: Rapid Spin|[of] p2a: Great Tusk
|move|p1a: Ting-Lu|Earthquake|p2a: Great Tusk
|-damage|p2a: Great Tusk|34/100
|
|-heal|p1a: Ting-Lu|81/100|[from] item: Leftovers
|upkeep
|turn|12
|
|t:|1781070283
|move|p2a: Great Tusk|Knock Off|p1a: Ting-Lu
|-resisted|p1a: Ting-Lu
|-damage|p1a: Ting-Lu|74/100
|-enditem|p1a: Ting-Lu|Leftovers|[from] move: Knock Off|[of] p2a: Great Tusk
|move|p1a: Ting-Lu|Stealth Rock|p2a: Great Tusk
|-sidestart|p2: mongwong|move: Stealth Rock
|
|upkeep
|turn|13
|
|t:|1781070287
|move|p2a: Great Tusk|Rapid Spin|p1a: Ting-Lu
|-damage|p1a: Ting-Lu|65/100
|-boost|p2a: Great Tusk|spe|1
|-sideend|p2: mongwong|Stealth Rock|[from] move: Rapid Spin|[of] p2a: Great Tusk
|move|p1a: Ting-Lu|Whirlwind|p2a: Great Tusk
|-end|p2a: Great Tusk|Protosynthesis|[silent]
|drag|p2a: Indeedee|Indeedee, M|26/100
|-fieldstart|move: Psychic Terrain|[from] ability: Psychic Surge|[of] p2a: Indeedee
|
|upkeep
|turn|14
|
|t:|1781070295
|move|p2a: Indeedee|Encore|p1a: Ting-Lu
|-start|p1a: Ting-Lu|Encore
|move|p1a: Ting-Lu|Whirlwind|p2a: Indeedee
|drag|p2a: Polteageist|Polteageist-Antique|100/100
|
|upkeep
|turn|15
|
|t:|1781070300
|move|p2a: Polteageist|Shell Smash|p2a: Polteageist
|-unboost|p2a: Polteageist|def|1
|-unboost|p2a: Polteageist|spd|1
|-boost|p2a: Polteageist|atk|2
|-boost|p2a: Polteageist|spa|2
|-boost|p2a: Polteageist|spe|2
|move|p1a: Ting-Lu|Whirlwind|p2a: Polteageist
|drag|p2a: Primarina|Primarina, F|100/100
|
|upkeep
|turn|16
|
|t:|1781070311
|switch|p1a: Ogerpon|Ogerpon-Wellspring, F|100/100
|-damage|p1a: Ogerpon|88/100|[from] Stealth Rock
|move|p2a: Primarina|Moonblast|p1a: Ogerpon
|-damage|p1a: Ogerpon|30/100
|
|upkeep
|turn|17
|
|t:|1781070324
|move|p1a: Ogerpon|Horn Leech|p2a: Primarina
|-supereffective|p2a: Primarina
|-damage|p2a: Primarina|0 fnt
|-heal|p1a: Ogerpon|91/100|[from] drain|[of] p2a: Primarina
|faint|p2a: Primarina
|
|upkeep
|
|t:|1781070330
|switch|p2a: Polteageist|Polteageist-Antique|100/100
|turn|18
|inactive|kadu99 has 120 seconds left.
|
|t:|1781070365
|switch|p1a: Ting-Lu|Ting-Lu|65/100
|-damage|p1a: Ting-Lu|59/100|[from] Stealth Rock
|-ability|p1a: Ting-Lu|Vessel of Ruin
|move|p2a: Polteageist|Shell Smash|p2a: Polteageist
|-unboost|p2a: Polteageist|def|1
|-unboost|p2a: Polteageist|spd|1
|-boost|p2a: Polteageist|atk|2
|-boost|p2a: Polteageist|spa|2
|-boost|p2a: Polteageist|spe|2
|
|upkeep
|turn|19
|
|t:|1781070369
|-terastallize|p2a: Polteageist|Grass
|move|p2a: Polteageist|Giga Drain|p1a: Ting-Lu
|-supereffective|p1a: Ting-Lu
|-damage|p1a: Ting-Lu|0 fnt
|faint|p1a: Ting-Lu
|
|upkeep
|inactive|kadu99 has 120 seconds left.
|
|t:|1781070383
|switch|p1a: Iron Valiant|Iron Valiant|100/100
|-damage|p1a: Iron Valiant|94/100|[from] Stealth Rock
|turn|20
|
|t:|1781070386
|move|p1a: Iron Valiant|Endure|p1a: Iron Valiant
|-singleturn|p1a: Iron Valiant|move: Endure
|move|p2a: Polteageist|Stored Power|p1a: Iron Valiant
|-supereffective|p1a: Iron Valiant
|-activate|p1a: Iron Valiant|move: Endure
|-damage|p1a: Iron Valiant|1/100
|
|-fieldend|move: Psychic Terrain
|upkeep
|turn|21
|c|☆kadu99|opsz
|-enditem|p1a: Iron Valiant|Custap Berry|[eat]
|-activate|p1a: Iron Valiant|item: Custap Berry|[consumed]
|
|t:|1781070392
|switch|p2a: Indeedee|Indeedee, M|26/100
|-fieldstart|move: Psychic Terrain|[from] ability: Psychic Surge|[of] p2a: Indeedee
|move|p1a: Iron Valiant|Destiny Bond|p1a: Iron Valiant
|-singlemove|p1a: Iron Valiant|Destiny Bond
|
|upkeep
|turn|22
|
|t:|1781070399
|switch|p2a: Great Tusk|Great Tusk|34/100
|move|p1a: Iron Valiant|Moonblast|p2a: Great Tusk
|-supereffective|p2a: Great Tusk
|-damage|p2a: Great Tusk|0 fnt
|faint|p2a: Great Tusk
|-end|p2a: Great Tusk|Protosynthesis|[silent]
|
|upkeep
|
|t:|1781070405
|switch|p2a: Indeedee|Indeedee, M|26/100
|turn|23
|
|t:|1781070420
|-end|p1a: Iron Valiant|Quark Drive|[silent]
|switch|p1a: Cinderace|Cinderace, F|100/100
|move|p2a: Indeedee|Expanding Force|p1a: Cinderace
|-damage|p1a: Cinderace|0 fnt
|faint|p1a: Cinderace
|
|upkeep
|inactive|kadu99 has 120 seconds left.
|
|t:|1781070446
|switch|p1a: Ogerpon|Ogerpon-Wellspring, F|91/100
|-damage|p1a: Ogerpon|79/100|[from] Stealth Rock
|turn|24
|
|t:|1781070455
|switch|p1a: Iron Valiant|Iron Valiant|1/100
|-damage|p1a: Iron Valiant|0 fnt|[from] Stealth Rock
|faint|p1a: Iron Valiant
|-end|p1a: Iron Valiant|Quark Drive|[silent]
|move|p2a: Indeedee|Expanding Force|p1: Iron Valiant|[notarget]
|-fail|p2a: Indeedee
|
|upkeep
|inactive|kadu99 has 120 seconds left.
|inactive|kadu99 has 90 seconds left.
|inactive|kadu99 has 60 seconds left.
|inactive|kadu99 has 30 seconds left.
|
|t:|1781070564
|switch|p1a: Ogerpon|Ogerpon-Wellspring, F|79/100
|-damage|p1a: Ogerpon|66/100|[from] Stealth Rock
|turn|25
|inactive|kadu99 has 30 seconds left.
|
|t:|1781070573
|move|p1a: Ogerpon|Horn Leech|p2a: Indeedee
|-damage|p2a: Indeedee|0 fnt
|-heal|p1a: Ogerpon|77/100|[from] drain|[of] p2a: Indeedee
|faint|p2a: Indeedee
|
|upkeep
|
|t:|1781070576
|switch|p2a: Polteageist|Polteageist-Antique, tera:Grass|100/100
|turn|26
|inactive|kadu99 has 30 seconds left.
|inactive|mongwong has 120 seconds left.
|
|t:|1781070629
|move|p1a: Ogerpon|Ivy Cudgel|p2a: Polteageist|[anim] Ivy Cudgel Water
|-resisted|p2a: Polteageist
|-damage|p2a: Polteageist|43/100
|-ability|p2a: Polteageist|Weak Armor|boost
|-unboost|p2a: Polteageist|def|1
|-boost|p2a: Polteageist|spe|2
|move|p2a: Polteageist|Shell Smash|p2a: Polteageist
|-unboost|p2a: Polteageist|def|1
|-unboost|p2a: Polteageist|spd|1
|-boost|p2a: Polteageist|atk|2
|-boost|p2a: Polteageist|spa|2
|-boost|p2a: Polteageist|spe|2
|
|upkeep
|turn|27
|
|t:|1781070636
|switch|p1a: Pecharunt|Pecharunt, tera:Water|12/100
|move|p2a: Polteageist|Stored Power|p1a: Pecharunt
|-damage|p1a: Pecharunt|0 fnt
|faint|p1a: Pecharunt
|
|upkeep
|
|t:|1781070642
|switch|p1a: Ogerpon|Ogerpon-Wellspring, F|77/100
|-damage|p1a: Ogerpon|65/100|[from] Stealth Rock
|turn|28
|
|t:|1781070649
|switch|p1a: Dragonite|Dragonite, M|59/100
|move|p2a: Polteageist|Giga Drain|p1a: Dragonite
|-resisted|p1a: Dragonite
|-damage|p1a: Dragonite|38/100
|-heal|p2a: Polteageist|58/100|[from] drain|[of] p1a: Dragonite
|
|-fieldend|move: Psychic Terrain
|upkeep
|turn|29
|
|t:|1781070653
|move|p1a: Dragonite|Extreme Speed|p2a: Polteageist
|-damage|p2a: Polteageist|0 fnt
|faint|p2a: Polteageist
|
|win|kadu99
|raw|kadu99's rating: 1548 &rarr; <strong>1571</strong><br />(+23 for winning)
|raw|mongwong's rating: 1599 &rarr; <strong>1576</strong><br />(-23 for losing)
|l|☆mongwong
|player|p2|
|l|☆kadu99
|player|p1|
