|badge|p1|silver|gen9randombattle|30-9
|uhtml|medal-msg|<div class="broadcast-blue">Curious what those medals under the avatar are? PS now has Ladder Seasons! For more information, check out the <a href="https://www.smogon.com/forums/threads/3740067/">thread on Smogon.</a></div>
|j|☆Ctannn
|j|☆crck like alakazam
|t:|1781404339
|gametype|singles
|player|p1|Ctannn|170|1783
|player|p2|crck like alakazam|psychic-gen4|1850
|gen|9
|tier|[Gen 9] OU
|rated|
|rule|HP Percentage Mod: HP is shown in percentages
|rule|Endless Battle Clause: Forcing endless battles is banned
|rule|Species Clause: Limit one of each Pokémon
|rule|OHKO Clause: OHKO moves are banned
|rule|Evasion Items Clause: Evasion items are banned
|rule|Evasion Moves Clause: Evasion moves are banned
|rule|Evasion Abilities Clause: Evasion abilities are banned
|rule|Sleep Moves Clause: Sleep-inducing moves are banned
|clearpoke
|poke|p1|Rillaboom, M|
|poke|p1|Garganacl, M|
|poke|p1|Cinderace, M|
|poke|p1|Raging Bolt|
|poke|p1|Slowking-Galar, M|
|poke|p1|Landorus-Therian, M|
|poke|p2|Iron Treads|
|poke|p2|Pelipper, F|
|poke|p2|Dondozo, F|
|poke|p2|Overqwil, M|
|poke|p2|Enamorus, F|
|poke|p2|Raging Bolt|
|teampreview
|inactive|Battle timer is ON: inactive players will automatically lose when time's up. (requested by crck like alakazam)
|
|t:|1781404352
|teamsize|p1|6
|teamsize|p2|6
|start
|switch|p1a: Slowking|Slowking-Galar, M|100/100
|switch|p2a: C.T.E.Spins|Iron Treads|100/100
|-enditem|p2a: C.T.E.Spins|Booster Energy
|-activate|p2a: C.T.E.Spins|ability: Quark Drive|[fromitem]
|-start|p2a: C.T.E.Spins|quarkdrivespe
|turn|1
|
|t:|1781404356
|move|p2a: C.T.E.Spins|Stealth Rock|p1a: Slowking
|-sidestart|p1: Ctannn|move: Stealth Rock
|move|p1a: Slowking|Flamethrower|p2a: C.T.E.Spins
|-supereffective|p2a: C.T.E.Spins
|-damage|p2a: C.T.E.Spins|44/100
|
|upkeep
|turn|2
|
|t:|1781404364
|-end|p2a: C.T.E.Spins|Quark Drive|[silent]
|switch|p2a: 4Pc Peliac Combo|Pelipper, F|100/100
|-weather|RainDance|[from] ability: Drizzle|[of] p2a: 4Pc Peliac Combo
|move|p1a: Slowking|Flamethrower|p2a: 4Pc Peliac Combo
|-resisted|p2a: 4Pc Peliac Combo
|-damage|p2a: 4Pc Peliac Combo|93/100
|
|-weather|RainDance|[upkeep]
|upkeep
|turn|3
|
|t:|1781404367
|move|p2a: 4Pc Peliac Combo|U-turn|p1a: Slowking
|-damage|p1a: Slowking|93/100
|-damage|p2a: 4Pc Peliac Combo|76/100|[from] item: Rocky Helmet|[of] p1a: Slowking
|
|t:|1781404382
|switch|p2a: C.T.E.Spins|Iron Treads|44/100|[from] U-turn
|-prepare|p1a: Slowking|Chilly Reception|[premajor]
|move|p1a: Slowking|Chilly Reception|p1a: Slowking
|-weather|Snowscape
|
|t:|1781404386
|switch|p1a: Cinderace|Cinderace, M|100/100|[from] Chilly Reception
|
|-weather|Snowscape|[upkeep]
|upkeep
|turn|4
|
|t:|1781404391
|move|p1a: Cinderace|Pyro Ball|p2a: C.T.E.Spins
|-supereffective|p2a: C.T.E.Spins
|-damage|p2a: C.T.E.Spins|0 fnt
|faint|p2a: C.T.E.Spins
|-end|p2a: C.T.E.Spins|Quark Drive|[silent]
|
|-weather|Snowscape|[upkeep]
|upkeep
|
|t:|1781404393
|switch|p2a: 4Pc Peliac Combo|Pelipper, F|76/100
|-weather|RainDance|[from] ability: Drizzle|[of] p2a: 4Pc Peliac Combo
|turn|5
|
|t:|1781404397
|move|p1a: Cinderace|Court Change|p1a: Cinderace
|-start|p1a: Cinderace|typechange|Normal|[from] ability: Libero
|-swapsideconditions
|-activate|p1a: Cinderace|move: Court Change
|move|p2a: 4Pc Peliac Combo|Weather Ball|p1a: Cinderace
|-damage|p1a: Cinderace|24/100
|
|-weather|RainDance|[upkeep]
|upkeep
|turn|6
|
|t:|1781404403
|move|p1a: Cinderace|High Jump Kick|p2a: 4Pc Peliac Combo
|-resisted|p2a: 4Pc Peliac Combo
|-damage|p2a: 4Pc Peliac Combo|61/100
|move|p2a: 4Pc Peliac Combo|U-turn|p1a: Cinderace
|-damage|p1a: Cinderace|10/100
|
|t:|1781404412
|switch|p2a: PurpleRain|Overqwil, M, shiny|100/100|[from] U-turn
|-damage|p2a: PurpleRain|88/100|[from] Stealth Rock
|
|-weather|RainDance|[upkeep]
|upkeep
|turn|7
|
|t:|1781404417
|move|p2a: PurpleRain|Waterfall|p1a: Cinderace
|-damage|p1a: Cinderace|0 fnt
|faint|p1a: Cinderace
|-damage|p2a: PurpleRain|78/100|[from] item: Life Orb
|
|-weather|RainDance|[upkeep]
|upkeep
|
|t:|1781404421
|switch|p1a: Landorus|Landorus-Therian, M|100/100
|-ability|p1a: Landorus|Intimidate|boost
|-unboost|p2a: PurpleRain|atk|1
|turn|8
|
|t:|1781404428
|switch|p2a: 4Pc Peliac Combo|Pelipper, F|61/100
|-damage|p2a: 4Pc Peliac Combo|36/100|[from] Stealth Rock
|move|p1a: Landorus|Earthquake|p2a: 4Pc Peliac Combo
|-immune|p2a: 4Pc Peliac Combo
|
|-weather|RainDance|[upkeep]
|upkeep
|turn|9
|
|t:|1781404432
|move|p1a: Landorus|U-turn|p2a: 4Pc Peliac Combo
|-resisted|p2a: 4Pc Peliac Combo
|-damage|p2a: 4Pc Peliac Combo|27/100
|
|t:|1781404434
|switch|p1a: Raging Bolt|Raging Bolt|100/100|[from] U-turn
|move|p2a: 4Pc Peliac Combo|Roost|p2a: 4Pc Peliac Combo
|-heal|p2a: 4Pc Peliac Combo|78/100
|-singleturn|p2a: 4Pc Peliac Combo|move: Roost
|
|-weather|RainDance|[upkeep]
|upkeep
|turn|10
|
|t:|1781404439
|switch|p2a: Ol'DirtyBolt|Raging Bolt|100/100
|-damage|p2a: Ol'DirtyBolt|88/100|[from] Stealth Rock
|-enditem|p2a: Ol'DirtyBolt|Booster Energy
|-activate|p2a: Ol'DirtyBolt|ability: Protosynthesis|[fromitem]
|-start|p2a: Ol'DirtyBolt|protosynthesisspa
|move|p1a: Raging Bolt|Volt Switch|p2a: Ol'DirtyBolt
|-resisted|p2a: Ol'DirtyBolt
|-damage|p2a: Ol'DirtyBolt|78/100
|
|t:|1781404450
|-end|p1a: Raging Bolt|Protosynthesis|[silent]
|switch|p1a: Slowking|Slowking-Galar, M|100/100|[from] Volt Switch
|
|-weather|RainDance|[upkeep]
|upkeep
|turn|11
|j| choispecs ironmoth
|
|t:|1781404455
|move|p2a: Ol'DirtyBolt|Thunder|p1a: Slowking
|-damage|p1a: Slowking|37/100
|-status|p1a: Slowking|par
|-prepare|p1a: Slowking|Chilly Reception|[premajor]
|move|p1a: Slowking|Chilly Reception|p1a: Slowking
|-weather|Snowscape
|
|t:|1781404459
|switch|p1a: Garganacl|Garganacl, M|100/100|[from] Chilly Reception
|
|-weather|Snowscape|[upkeep]
|upkeep
|turn|12
|
|t:|1781404469
|move|p2a: Ol'DirtyBolt|Thunder|p1a: Garganacl
|-damage|p1a: Garganacl|45/100
|move|p1a: Garganacl|Salt Cure|p2a: Ol'DirtyBolt
|-damage|p2a: Ol'DirtyBolt|65/100
|-start|p2a: Ol'DirtyBolt|Salt Cure
|
|-weather|Snowscape|[upkeep]
|-heal|p1a: Garganacl|51/100|[from] item: Leftovers
|-damage|p2a: Ol'DirtyBolt|53/100|[from] Salt Cure
|upkeep
|turn|13
|
|t:|1781404474
|move|p1a: Garganacl|Protect|p1a: Garganacl
|-singleturn|p1a: Garganacl|Protect
|move|p2a: Ol'DirtyBolt|Thunder|p1a: Garganacl
|-activate|p1a: Garganacl|move: Protect
|
|-weather|Snowscape|[upkeep]
|-heal|p1a: Garganacl|57/100|[from] item: Leftovers
|-damage|p2a: Ol'DirtyBolt|40/100|[from] Salt Cure
|upkeep
|turn|14
|
|t:|1781404477
|move|p2a: Ol'DirtyBolt|Thunder|p1a: Garganacl|[miss]
|-miss|p2a: Ol'DirtyBolt|p1a: Garganacl
|move|p1a: Garganacl|Recover|p1a: Garganacl
|-heal|p1a: Garganacl|100/100
|
|-weather|Snowscape|[upkeep]
|-damage|p2a: Ol'DirtyBolt|28/100|[from] Salt Cure
|upkeep
|turn|15
|
|t:|1781404485
|-end|p2a: Ol'DirtyBolt|Protosynthesis|[silent]
|switch|p2a: 4Pc Peliac Combo|Pelipper, F|78/100
|-damage|p2a: 4Pc Peliac Combo|53/100|[from] Stealth Rock
|-weather|RainDance|[from] ability: Drizzle|[of] p2a: 4Pc Peliac Combo
|move|p1a: Garganacl|Protect||[still]
|-fail|p1a: Garganacl
|
|-weather|RainDance|[upkeep]
|upkeep
|turn|16
|j| bomboa
|
|t:|1781404496
|move|p1a: Garganacl|Protect|p1a: Garganacl
|-singleturn|p1a: Garganacl|Protect
|move|p2a: 4Pc Peliac Combo|U-turn|p1a: Garganacl
|-activate|p1a: Garganacl|move: Protect
|
|-weather|RainDance|[upkeep]
|upkeep
|turn|17
|j| Partynparadise
|
|t:|1781404505
|-terastallize|p1a: Garganacl|Water
|move|p2a: 4Pc Peliac Combo|U-turn|p1a: Garganacl
|-damage|p1a: Garganacl|95/100
|
|t:|1781404513
|switch|p2a: PurpleRain|Overqwil, M, shiny|78/100|[from] U-turn
|-damage|p2a: PurpleRain|66/100|[from] Stealth Rock
|move|p1a: Garganacl|Salt Cure|p2a: PurpleRain
|-damage|p2a: PurpleRain|51/100
|-start|p2a: PurpleRain|Salt Cure
|
|-weather|RainDance|[upkeep]
|-heal|p1a: Garganacl|100/100|[from] item: Leftovers
|-damage|p2a: PurpleRain|38/100|[from] Salt Cure
|upkeep
|turn|18
|
|t:|1781404522
|move|p2a: PurpleRain|Gunk Shot|p1a: Garganacl
|-damage|p1a: Garganacl|42/100
|-damage|p2a: PurpleRain|28/100|[from] item: Life Orb
|move|p1a: Garganacl|Curse|p1a: Garganacl
|-unboost|p1a: Garganacl|spe|1
|-boost|p1a: Garganacl|atk|1
|-boost|p1a: Garganacl|def|1
|
|-weather|RainDance|[upkeep]
|-heal|p1a: Garganacl|48/100|[from] item: Leftovers
|-damage|p2a: PurpleRain|16/100|[from] Salt Cure
|upkeep
|turn|19
|
|t:|1781404532
|switch|p2a: Ol'DirtyBolt|Raging Bolt|28/100
|-damage|p2a: Ol'DirtyBolt|15/100|[from] Stealth Rock
|move|p1a: Garganacl|Recover|p1a: Garganacl
|-heal|p1a: Garganacl|98/100
|
|-weather|RainDance|[upkeep]
|-heal|p1a: Garganacl|100/100|[from] item: Leftovers
|upkeep
|turn|20
|
|t:|1781404540
|move|p1a: Garganacl|Protect|p1a: Garganacl
|-singleturn|p1a: Garganacl|Protect
|move|p2a: Ol'DirtyBolt|Thunder|p1a: Garganacl
|-activate|p1a: Garganacl|move: Protect
|
|-weather|RainDance|[upkeep]
|upkeep
|turn|21
|
|t:|1781404546
|switch|p1a: Landorus|Landorus-Therian, M|100/100
|-ability|p1a: Landorus|Intimidate|boost
|-unboost|p2a: Ol'DirtyBolt|atk|1
|move|p2a: Ol'DirtyBolt|Weather Ball|p1a: Landorus
|-supereffective|p1a: Landorus
|-damage|p1a: Landorus|0 fnt
|faint|p1a: Landorus
|
|-weather|RainDance|[upkeep]
|upkeep
|
|t:|1781404550
|switch|p1a: Rillaboom|Rillaboom, M|100/100
|-fieldstart|move: Grassy Terrain|[from] ability: Grassy Surge|[of] p1a: Rillaboom
|turn|22
|
|t:|1781404576
|-end|p2a: Ol'DirtyBolt|Protosynthesis|[silent]
|switch|p2a: PurpleRain|Overqwil, M, shiny|16/100
|-damage|p2a: PurpleRain|4/100|[from] Stealth Rock
|move|p1a: Rillaboom|Grassy Glide|p2a: PurpleRain
|-resisted|p2a: PurpleRain
|-damage|p2a: PurpleRain|0 fnt
|faint|p2a: PurpleRain
|
|-weather|none
|upkeep
|
|t:|1781404584
|switch|p2a: 4Pc Peliac Combo|Pelipper, F|53/100
|-damage|p2a: 4Pc Peliac Combo|28/100|[from] Stealth Rock
|-weather|RainDance|[from] ability: Drizzle|[of] p2a: 4Pc Peliac Combo
|turn|23
|inactive|crck like alakazam has 120 seconds left.
|
|t:|1781404608
|move|p1a: Rillaboom|Wood Hammer|p2a: 4Pc Peliac Combo
|-damage|p2a: 4Pc Peliac Combo|0 fnt
|faint|p2a: 4Pc Peliac Combo
|-damage|p1a: Rillaboom|92/100|[from] Recoil
|
|-weather|RainDance|[upkeep]
|-heal|p1a: Rillaboom|98/100|[from] Grassy Terrain
|upkeep
|
|t:|1781404631
|switch|p2a: GangStarrFromAbove|Enamorus, F|100/100
|-damage|p2a: GangStarrFromAbove|76/100|[from] Stealth Rock
|turn|24
|
|t:|1781404638
|move|p2a: GangStarrFromAbove|Healing Wish|p2a: GangStarrFromAbove
|faint|p2a: GangStarrFromAbove
|move|p1a: Rillaboom|Wood Hammer|p2: GangStarrFromAbove|[notarget]
|-fail|p1a: Rillaboom
|
|-weather|RainDance|[upkeep]
|-heal|p1a: Rillaboom|100/100|[from] Grassy Terrain
|upkeep
|
|t:|1781404642
|switch|p2a: Ol'DirtyBolt|Raging Bolt|15/100
|-heal|p2a: Ol'DirtyBolt|100/100|[from] move: Healing Wish
|-damage|p2a: Ol'DirtyBolt|88/100|[from] Stealth Rock
|turn|25
|
|t:|1781404647
|move|p1a: Rillaboom|Wood Hammer|p2a: Ol'DirtyBolt
|-resisted|p2a: Ol'DirtyBolt
|-damage|p2a: Ol'DirtyBolt|41/100
|-damage|p1a: Rillaboom|83/100|[from] Recoil
|move|p2a: Ol'DirtyBolt|Dragon Pulse|p1a: Rillaboom
|-damage|p1a: Rillaboom|21/100
|
|-weather|RainDance|[upkeep]
|-heal|p1a: Rillaboom|27/100|[from] Grassy Terrain
|-heal|p2a: Ol'DirtyBolt|47/100|[from] Grassy Terrain
|upkeep
|turn|26
|inactive|crck like alakazam has 120 seconds left.
|
|t:|1781404658
|move|p1a: Rillaboom|Wood Hammer|p2a: Ol'DirtyBolt
|-resisted|p2a: Ol'DirtyBolt
|-damage|p2a: Ol'DirtyBolt|2/100
|-damage|p1a: Rillaboom|10/100|[from] Recoil
|move|p2a: Ol'DirtyBolt|Dragon Pulse|p1a: Rillaboom
|-damage|p1a: Rillaboom|0 fnt
|faint|p1a: Rillaboom
|
|-weather|RainDance|[upkeep]
|-heal|p2a: Ol'DirtyBolt|8/100|[from] Grassy Terrain
|-fieldend|move: Grassy Terrain
|upkeep
|
|t:|1781404667
|switch|p1a: Raging Bolt|Raging Bolt|100/100
|turn|27
|
|t:|1781404672
|move|p2a: Ol'DirtyBolt|Dragon Pulse|p1a: Raging Bolt
|-supereffective|p1a: Raging Bolt
|-damage|p1a: Raging Bolt|8/100
|move|p1a: Raging Bolt|Volt Switch|p2a: Ol'DirtyBolt
|-resisted|p2a: Ol'DirtyBolt
|-damage|p2a: Ol'DirtyBolt|0 fnt
|faint|p2a: Ol'DirtyBolt
|-end|p2a: Ol'DirtyBolt|Protosynthesis|[silent]
|
|t:|1781404684
|-end|p1a: Raging Bolt|Protosynthesis|[silent]
|switch|p1a: Garganacl|Garganacl, M, tera:Water|100/100|[from] Volt Switch
|
|-weather|RainDance|[upkeep]
|upkeep
|
|t:|1781404686
|switch|p2a: WishABozoWould|Dondozo, F|100/100
|-damage|p2a: WishABozoWould|88/100|[from] Stealth Rock
|turn|28
|
|t:|1781404692
|-terastallize|p2a: WishABozoWould|Dragon
|move|p2a: WishABozoWould|Outrage|p1a: Garganacl
|-damage|p1a: Garganacl|44/100
|move|p1a: Garganacl|Salt Cure|p2a: WishABozoWould
|-damage|p2a: WishABozoWould|79/100
|-start|p2a: WishABozoWould|Salt Cure
|
|-weather|RainDance|[upkeep]
|-heal|p1a: Garganacl|50/100|[from] item: Leftovers
|-damage|p2a: WishABozoWould|67/100|[from] Salt Cure
|upkeep
|turn|29
|-message|crck like alakazam forfeited.
|
|win|Ctannn
|raw|Ctannn's rating: 1783 &rarr; <strong>1807</strong><br />(+24 for winning)
|raw|crck like alakazam's rating: 1850 &rarr; <strong>1826</strong><br />(-24 for losing)
|l|☆crck like alakazam
|player|p2|
|l|☆Ctannn
|player|p1|
|l| bomboa
|l| choispecs ironmoth
