|badge|p1|bronze|gen9randombattle|100-9
|badge|p1|bronze|gen9ubers|100-9
|uhtml|medal-msg|<div class="broadcast-blue">Curious what those medals under the avatar are? PS now has Ladder Seasons! For more information, check out the <a href="https://www.smogon.com/forums/threads/3740067/">thread on Smogon.</a></div>
|j|☆oddishlover4
|j|‽zeep vs zoop
|t:|1781026973
|gametype|singles
|player|p1|oddishlover4|acetrainerf|1699
|player|p2|zeep vs zoop|iris-gen5bw2|1634
|gen|9
|tier|[Gen 9] OU
|rated|
|rule|HP Percentage Mod: HP is shown in percentages
|rule|Endless Battle Clause: Forcing endless battles is banned
|rule|Species Clause: Limit one of each Pokémon
|rule|OHKO Clause: OHKO moves are banned
|rule|Evasion Items Clause: Evasion items are banned
|rule|Evasion Moves Clause: Evasion moves are banned
|rule|Evasion Abilities Clause: Evasion abilities are banned
|rule|Sleep Moves Clause: Sleep-inducing moves are banned
|clearpoke
|poke|p1|Kyurem|
|poke|p1|Hatterene, F|
|poke|p1|Darkrai|
|poke|p1|Great Tusk|
|poke|p1|Dragonite, F|
|poke|p1|Gholdengo|
|poke|p2|Zamazenta-*|
|poke|p2|Kingambit, F|
|poke|p2|Dragapult, F|
|poke|p2|Zapdos|
|poke|p2|Volcanion|
|poke|p2|Iron Treads|
|teampreview
|j| sun is mid
|
|t:|1781026992
|teamsize|p1|6
|teamsize|p2|6
|start
|switch|p1a: Kyurem|Kyurem|100/100
|switch|p2a: Iron Treads|Iron Treads|100/100
|-ability|p1a: Kyurem|Pressure
|turn|1
|inactive|Battle timer is ON: inactive players will automatically lose when time's up. (requested by zeep vs zoop)
|c|☆oddishlover4|gl/hf!
|inactive|oddishlover4 also wants the timer to be on.
|
|t:|1781027011
|move|p2a: Iron Treads|Stealth Rock|p1a: Kyurem
|-sidestart|p1: oddishlover4|move: Stealth Rock
|move|p1a: Kyurem|Ice Beam|p2a: Iron Treads
|-damage|p2a: Iron Treads|31/100
|
|-heal|p2a: Iron Treads|38/100|[from] item: Leftovers
|upkeep
|turn|2
|
|t:|1781027030
|move|p2a: Iron Treads|Knock Off|p1a: Kyurem
|-damage|p1a: Kyurem|76/100
|-enditem|p1a: Kyurem|Assault Vest|[from] move: Knock Off|[of] p2a: Iron Treads
|move|p1a: Kyurem|Ice Beam|p2a: Iron Treads
|-damage|p2a: Iron Treads|0 fnt
|faint|p2a: Iron Treads
|-end|p2a: Iron Treads|Quark Drive|[silent]
|
|upkeep
|
|t:|1781027033
|switch|p2a: Dragapult|Dragapult, F|100/100
|turn|3
|
|t:|1781027051
|move|p2a: Dragapult|U-turn|p1a: Kyurem
|-damage|p1a: Kyurem|63/100
|
|t:|1781027053
|switch|p2a: Kingambit|Kingambit, F|100/100|[from] U-turn
|-activate|p2a: Kingambit|ability: Supreme Overlord
|-start|p2a: Kingambit|fallen1|[silent]
|move|p1a: Kyurem|Ice Beam|p2a: Kingambit
|-resisted|p2a: Kingambit
|-damage|p2a: Kingambit|78/100
|
|-heal|p2a: Kingambit|84/100|[from] item: Leftovers
|upkeep
|turn|4
|
|t:|1781027072
|move|p1a: Kyurem|Earth Power|p2a: Kingambit
|-supereffective|p2a: Kingambit
|-damage|p2a: Kingambit|17/100
|-unboost|p2a: Kingambit|spd|1
|move|p2a: Kingambit|Iron Head|p1a: Kyurem
|-supereffective|p1a: Kyurem
|-damage|p1a: Kyurem|0 fnt
|faint|p1a: Kyurem
|
|-heal|p2a: Kingambit|23/100|[from] item: Leftovers
|upkeep
|j| SegmentalDragon1
|
|t:|1781027091
|switch|p1a: Great Tusk|Great Tusk|100/100
|-damage|p1a: Great Tusk|97/100|[from] Stealth Rock
|turn|5
|l| sun is mid
|inactive|oddishlover4 has 120 seconds left.
|
|t:|1781027109
|-end|p2a: Kingambit|fallen1|[silent]
|switch|p2a: Zapdos|Zapdos|100/100
|move|p1a: Great Tusk|Rapid Spin|p2a: Zapdos
|-damage|p2a: Zapdos|90/100
|-boost|p1a: Great Tusk|spe|1
|-status|p1a: Great Tusk|par|[from] ability: Static|[of] p2a: Zapdos
|-sideend|p1: oddishlover4|Stealth Rock|[from] move: Rapid Spin|[of] p1a: Great Tusk
|
|-heal|p1a: Great Tusk|100/100 par|[from] item: Leftovers
|upkeep
|turn|6
|inactive|oddishlover4 has 120 seconds left.
|
|t:|1781027128
|-end|p1a: Great Tusk|Protosynthesis|[silent]
|switch|p1a: Dragonite|Dragonite, F|100/100
|move|p2a: Zapdos|Hurricane|p1a: Dragonite
|-damage|p1a: Dragonite|81/100
|-start|p1a: Dragonite|confusion
|
|upkeep
|turn|7
|inactive|oddishlover4 has 120 seconds left.
|
|t:|1781027146
|switch|p1a: Great Tusk|Great Tusk|100/100 par
|move|p2a: Zapdos|Volt Switch|p1a: Great Tusk
|-immune|p1a: Great Tusk
|
|upkeep
|turn|8
|
|t:|1781027164
|-end|p1a: Great Tusk|Protosynthesis|[silent]
|switch|p1a: Dragonite|Dragonite, F|81/100
|move|p2a: Zapdos|Hurricane|p1a: Dragonite|[miss]
|-miss|p2a: Zapdos|p1a: Dragonite
|
|upkeep
|turn|9
|
|t:|1781027182
|move|p2a: Zapdos|Volt Switch|p1a: Dragonite
|-damage|p1a: Dragonite|57/100
|
|t:|1781027185
|switch|p2a: Dragapult|Dragapult, F|100/100|[from] Volt Switch
|move|p1a: Dragonite|Dragon Dance|p1a: Dragonite
|-boost|p1a: Dragonite|atk|1
|-boost|p1a: Dragonite|spe|1
|
|upkeep
|turn|10
|
|t:|1781027203
|switch|p1a: Hatterene|Hatterene, F|100/100
|move|p2a: Dragapult|Draco Meteor|p1a: Hatterene
|-immune|p1a: Hatterene
|
|upkeep
|turn|11
|
|t:|1781027221
|switch|p2a: Volcanion|Volcanion|100/100
|move|p1a: Hatterene|Nuzzle|p2a: Volcanion
|-supereffective|p2a: Volcanion
|-damage|p2a: Volcanion|94/100
|-status|p2a: Volcanion|par
|
|upkeep
|turn|12
|j| Golem Rising
|inactive|oddishlover4 has 90 seconds left.
|l| SegmentalDragon1
|
|t:|1781027240
|switch|p1a: Dragonite|Dragonite, F|57/100
|move|p2a: Volcanion|Steam Eruption|p1a: Dragonite
|-resisted|p1a: Dragonite
|-damage|p1a: Dragonite|30/100
|
|upkeep
|turn|13
|inactive|oddishlover4 has 90 seconds left.
|
|t:|1781027258
|move|p1a: Dragonite|Roost|p1a: Dragonite
|-heal|p1a: Dragonite|80/100
|-singleturn|p1a: Dragonite|move: Roost
|move|p2a: Volcanion|Will-O-Wisp|p1a: Dragonite|[miss]
|-miss|p2a: Volcanion|p1a: Dragonite
|
|upkeep
|turn|14
|inactive|oddishlover4 has 90 seconds left.
|
|t:|1781027277
|switch|p1a: Darkrai|Darkrai|100/100
|move|p2a: Volcanion|Will-O-Wisp|p1a: Darkrai
|-status|p1a: Darkrai|brn
|
|-damage|p1a: Darkrai|94/100 brn|[from] brn
|upkeep
|turn|15
|
|t:|1781027295
|switch|p2a: Zamazenta|Zamazenta|100/100
|-ability|p2a: Zamazenta|Dauntless Shield|boost
|-boost|p2a: Zamazenta|def|1
|move|p1a: Darkrai|Dark Pulse|p2a: Zamazenta
|-resisted|p2a: Zamazenta
|-damage|p2a: Zamazenta|83/100
|
|-heal|p2a: Zamazenta|89/100|[from] item: Leftovers
|-damage|p1a: Darkrai|88/100 brn|[from] brn
|upkeep
|turn|16
|
|t:|1781027313
|switch|p1a: Hatterene|Hatterene, F|100/100
|switch|p2a: Volcanion|Volcanion|94/100 par
|
|upkeep
|turn|17
|
|t:|1781027332
|switch|p1a: Dragonite|Dragonite, F|80/100
|cant|p2a: Volcanion|par
|
|upkeep
|turn|18
|l| Golem Rising
|inactive|oddishlover4 has 60 seconds left.
|
|t:|1781027350
|switch|p1a: Darkrai|Darkrai|88/100 brn
|switch|p2a: Zapdos|Zapdos|90/100
|
|-damage|p1a: Darkrai|82/100 brn|[from] brn
|upkeep
|turn|19
|inactive|oddishlover4 has 60 seconds left.
|
|t:|1781027368
|switch|p2a: Zamazenta|Zamazenta|89/100
|move|p1a: Darkrai|Dark Pulse|p2a: Zamazenta
|-resisted|p2a: Zamazenta
|-damage|p2a: Zamazenta|73/100
|
|-heal|p2a: Zamazenta|79/100|[from] item: Leftovers
|-damage|p1a: Darkrai|76/100 brn|[from] brn
|upkeep
|turn|20
|inactive|oddishlover4 has 60 seconds left.
|
|t:|1781027386
|switch|p1a: Hatterene|Hatterene, F|100/100
|switch|p2a: Kingambit|Kingambit, F|23/100
|-activate|p2a: Kingambit|ability: Supreme Overlord
|-start|p2a: Kingambit|fallen1|[silent]
|
|-heal|p2a: Kingambit|30/100|[from] item: Leftovers
|upkeep
|turn|21
|
|t:|1781027405
|move|p2a: Kingambit|Iron Head|p1a: Hatterene
|-supereffective|p1a: Hatterene
|-damage|p1a: Hatterene|12/100
|-damage|p2a: Kingambit|13/100|[from] item: Rocky Helmet|[of] p1a: Hatterene
|cant|p1a: Hatterene|flinch
|
|-heal|p2a: Kingambit|19/100|[from] item: Leftovers
|upkeep
|turn|22
|
|t:|1781027415
|move|p2a: Kingambit|Iron Head|p1a: Hatterene
|-supereffective|p1a: Hatterene
|-damage|p1a: Hatterene|0 fnt
|-damage|p2a: Kingambit|3/100|[from] item: Rocky Helmet|[of] p1a: Hatterene
|faint|p1a: Hatterene
|
|-heal|p2a: Kingambit|9/100|[from] item: Leftovers
|upkeep
|
|t:|1781027424
|switch|p1a: Dragonite|Dragonite, F|80/100
|turn|23
|
|t:|1781027434
|switch|p1a: Darkrai|Darkrai|76/100 brn
|-end|p2a: Kingambit|fallen1|[silent]
|switch|p2a: Zapdos|Zapdos|90/100
|
|-damage|p1a: Darkrai|70/100 brn|[from] brn
|upkeep
|turn|24
|
|t:|1781027443
|switch|p2a: Volcanion|Volcanion|94/100 par
|move|p1a: Darkrai|Ice Beam|p2a: Volcanion
|-resisted|p2a: Volcanion
|-damage|p2a: Volcanion|84/100 par
|
|-damage|p1a: Darkrai|64/100 brn|[from] brn
|upkeep
|turn|25
|inactive|oddishlover4 has 60 seconds left.
|
|t:|1781027454
|switch|p1a: Dragonite|Dragonite, F|80/100
|move|p2a: Volcanion|Will-O-Wisp|p1a: Dragonite
|-status|p1a: Dragonite|brn
|
|-damage|p1a: Dragonite|74/100 brn|[from] brn
|upkeep
|turn|26
|inactive|oddishlover4 has 60 seconds left.
|
|t:|1781027472
|switch|p1a: Darkrai|Darkrai|64/100 brn
|switch|p2a: Zapdos|Zapdos|90/100
|
|-damage|p1a: Darkrai|58/100 brn|[from] brn
|upkeep
|turn|27
|inactive|oddishlover4 has 60 seconds left.
|inactive|zeep vs zoop has 120 seconds left.
|inactive|oddishlover4 has 30 seconds left.
|inactive|zeep vs zoop has 90 seconds left.
|inactive|zeep vs zoop has 60 seconds left.
|
|t:|1781027564
|switch|p2a: Volcanion|Volcanion|84/100 par
|move|p1a: Darkrai|Ice Beam|p2a: Volcanion
|-resisted|p2a: Volcanion
|-damage|p2a: Volcanion|74/100 par
|
|-damage|p1a: Darkrai|52/100 brn|[from] brn
|upkeep
|turn|28
|inactive|oddishlover4 has 30 seconds left.
|inactive|zeep vs zoop has 60 seconds left.
|
|t:|1781027601
|switch|p1a: Dragonite|Dragonite, F|74/100 brn
|move|p2a: Volcanion|Flamethrower|p1a: Dragonite
|-resisted|p1a: Dragonite
|-damage|p1a: Dragonite|52/100 brn
|
|-damage|p1a: Dragonite|46/100 brn|[from] brn
|upkeep
|turn|29
|j| Lowladderubersnoob
|inactive|oddishlover4 has 30 seconds left.
|
|t:|1781027610
|switch|p1a: Darkrai|Darkrai|52/100 brn
|switch|p2a: Zapdos|Zapdos|90/100
|
|-damage|p1a: Darkrai|46/100 brn|[from] brn
|upkeep
|turn|30
|inactive|zeep vs zoop has 30 seconds left.
|inactive|zeep vs zoop has 20 seconds left.
|inactive|zeep vs zoop has 15 seconds left.
|
|t:|1781027654
|switch|p2a: Volcanion|Volcanion|74/100 par
|move|p1a: Darkrai|Dark Pulse|p2a: Volcanion
|-damage|p2a: Volcanion|20/100 par
|
|-damage|p1a: Darkrai|40/100 brn|[from] brn
|upkeep
|turn|31
|inactive|zeep vs zoop has 25 seconds left this turn.
|
|t:|1781027663
|switch|p1a: Dragonite|Dragonite, F|46/100 brn
|cant|p2a: Volcanion|par
|
|-damage|p1a: Dragonite|39/100 brn|[from] brn
|upkeep
|turn|32
|j| testingrainteam1
|
|t:|1781027673
|switch|p1a: Darkrai|Darkrai|40/100 brn
|switch|p2a: Zamazenta|Zamazenta|79/100
|
|-heal|p2a: Zamazenta|85/100|[from] item: Leftovers
|-damage|p1a: Darkrai|34/100 brn|[from] brn
|upkeep
|turn|33
|
|t:|1781027682
|switch|p1a: Gholdengo|Gholdengo|100/100
|-item|p1a: Gholdengo|Air Balloon
|move|p2a: Zamazenta|Substitute|p2a: Zamazenta
|-start|p2a: Zamazenta|Substitute
|-damage|p2a: Zamazenta|60/100
|
|-heal|p2a: Zamazenta|66/100|[from] item: Leftovers
|upkeep
|turn|34
|
|t:|1781027691
|move|p2a: Zamazenta|Crunch|p1a: Gholdengo
|-supereffective|p1a: Gholdengo
|-damage|p1a: Gholdengo|69/100
|-enditem|p1a: Gholdengo|Air Balloon
|move|p1a: Gholdengo|Make It Rain|p2a: Zamazenta
|-end|p2a: Zamazenta|Substitute
|-unboost|p1a: Gholdengo|spa|1
|
|-heal|p2a: Zamazenta|72/100|[from] item: Leftovers
|upkeep
|turn|35
|l| testingrainteam1
|inactive|oddishlover4 has 60 seconds left.
|
|t:|1781027701
|switch|p2a: Volcanion|Volcanion|20/100 par
|move|p1a: Gholdengo|Recover|p1a: Gholdengo
|-heal|p1a: Gholdengo|100/100
|
|upkeep
|turn|36
|inactive|zeep vs zoop has 60 seconds left.
|
|t:|1781027710
|switch|p1a: Dragonite|Dragonite, F|39/100 brn
|move|p2a: Volcanion|Flamethrower|p1a: Dragonite
|-resisted|p1a: Dragonite
|-damage|p1a: Dragonite|15/100 brn
|
|-damage|p1a: Dragonite|9/100 brn|[from] brn
|upkeep
|turn|37
|
|t:|1781027719
|switch|p2a: Zapdos|Zapdos|90/100
|move|p1a: Dragonite|Roost|p1a: Dragonite
|-heal|p1a: Dragonite|59/100 brn
|-singleturn|p1a: Dragonite|move: Roost
|
|-damage|p1a: Dragonite|53/100 brn|[from] brn
|upkeep
|turn|38
|
|t:|1781027737
|move|p2a: Zapdos|Hurricane|p1a: Dragonite
|-damage|p1a: Dragonite|11/100 brn
|move|p1a: Dragonite|Roost|p1a: Dragonite
|-heal|p1a: Dragonite|61/100 brn
|-singleturn|p1a: Dragonite|move: Roost
|
|-damage|p1a: Dragonite|55/100 brn|[from] brn
|upkeep
|turn|39
|inactive|oddishlover4 has 60 seconds left.
|
|t:|1781027755
|move|p2a: Zapdos|Volt Switch|p1a: Dragonite
|-damage|p1a: Dragonite|27/100 brn
|
|t:|1781027759
|switch|p2a: Zamazenta|Zamazenta|72/100|[from] Volt Switch
|move|p1a: Dragonite|Roost|p1a: Dragonite
|-heal|p1a: Dragonite|77/100 brn
|-singleturn|p1a: Dragonite|move: Roost
|
|-heal|p2a: Zamazenta|79/100|[from] item: Leftovers
|-damage|p1a: Dragonite|71/100 brn|[from] brn
|upkeep
|turn|40
|inactive|oddishlover4 has 60 seconds left.
|
|t:|1781027777
|switch|p2a: Dragapult|Dragapult, F|100/100
|switch|p1a: Darkrai|Darkrai|34/100 brn
|
|-damage|p1a: Darkrai|28/100 brn|[from] brn
|upkeep
|turn|41
|inactive|oddishlover4 has 60 seconds left.
|inactive|zeep vs zoop has 90 seconds left.
|
|t:|1781027808
|move|p1a: Darkrai|Ice Beam|p2a: Dragapult
|-supereffective|p2a: Dragapult
|-damage|p2a: Dragapult|6/100
|move|p2a: Dragapult|Shadow Ball|p1a: Darkrai
|-resisted|p1a: Darkrai
|-damage|p1a: Darkrai|0 fnt
|faint|p1a: Darkrai
|
|upkeep
|
|t:|1781027818
|switch|p1a: Dragonite|Dragonite, F|71/100 brn
|turn|42
|
|t:|1781027827
|switch|p2a: Volcanion|Volcanion|20/100 par
|move|p1a: Dragonite|Fire Punch|p2a: Volcanion
|-resisted|p2a: Volcanion
|-damage|p2a: Volcanion|17/100 par
|
|-damage|p1a: Dragonite|64/100 brn|[from] brn
|upkeep
|turn|43
|inactive|oddishlover4 has 60 seconds left.
|
|t:|1781027837
|switch|p2a: Zapdos|Zapdos|90/100
|move|p1a: Dragonite|Fire Punch|p2a: Zapdos
|-damage|p2a: Zapdos|81/100
|
|-damage|p1a: Dragonite|58/100 brn|[from] brn
|upkeep
|turn|44
|inactive|oddishlover4 has 60 seconds left.
|
|t:|1781027855
|move|p2a: Zapdos|Hurricane|p1a: Dragonite
|-damage|p1a: Dragonite|19/100 brn
|move|p1a: Dragonite|Roost|p1a: Dragonite
|-heal|p1a: Dragonite|69/100 brn
|-singleturn|p1a: Dragonite|move: Roost
|
|-damage|p1a: Dragonite|63/100 brn|[from] brn
|upkeep
|turn|45
|inactive|oddishlover4 has 60 seconds left.
|
|t:|1781027873
|move|p2a: Zapdos|Volt Switch|p1a: Dragonite
|-damage|p1a: Dragonite|35/100 brn
|inactive|zeep vs zoop has 120 seconds left.
|
|t:|1781027910
|switch|p2a: Zamazenta|Zamazenta|79/100|[from] Volt Switch
|move|p1a: Dragonite|Roost|p1a: Dragonite
|-heal|p1a: Dragonite|85/100 brn
|-singleturn|p1a: Dragonite|move: Roost
|
|-heal|p2a: Zamazenta|85/100|[from] item: Leftovers
|-damage|p1a: Dragonite|79/100 brn|[from] brn
|upkeep
|turn|46
|inactive|oddishlover4 has 60 seconds left.
|
|t:|1781027928
|move|p2a: Zamazenta|Iron Defense|p2a: Zamazenta
|-boost|p2a: Zamazenta|def|2
|move|p1a: Dragonite|Fire Punch|p2a: Zamazenta
|-damage|p2a: Zamazenta|80/100
|
|-heal|p2a: Zamazenta|86/100|[from] item: Leftovers
|-damage|p1a: Dragonite|72/100 brn|[from] brn
|upkeep
|turn|47
|
|t:|1781027937
|switch|p1a: Gholdengo|Gholdengo|100/100
|move|p2a: Zamazenta|Substitute|p2a: Zamazenta
|-start|p2a: Zamazenta|Substitute
|-damage|p2a: Zamazenta|61/100
|
|-heal|p2a: Zamazenta|68/100|[from] item: Leftovers
|upkeep
|turn|48
|inactive|oddishlover4 has 60 seconds left.
|
|t:|1781027947
|move|p2a: Zamazenta|Crunch|p1a: Gholdengo
|-supereffective|p1a: Gholdengo
|-damage|p1a: Gholdengo|70/100
|move|p1a: Gholdengo|Make It Rain|p2a: Zamazenta
|-end|p2a: Zamazenta|Substitute
|-unboost|p1a: Gholdengo|spa|1
|
|-heal|p2a: Zamazenta|74/100|[from] item: Leftovers
|upkeep
|turn|49
|j| babyshark974
|
|t:|1781027957
|move|p2a: Zamazenta|Crunch|p1a: Gholdengo
|-supereffective|p1a: Gholdengo
|-damage|p1a: Gholdengo|39/100
|move|p1a: Gholdengo|Recover|p1a: Gholdengo
|-heal|p1a: Gholdengo|89/100
|
|-heal|p2a: Zamazenta|80/100|[from] item: Leftovers
|upkeep
|turn|50
|
|t:|1781027966
|move|p2a: Zamazenta|Iron Defense|p2a: Zamazenta
|-boost|p2a: Zamazenta|def|2
|move|p1a: Gholdengo|Make It Rain|p2a: Zamazenta
|-damage|p2a: Zamazenta|52/100
|-unboost|p1a: Gholdengo|spa|1
|
|-heal|p2a: Zamazenta|58/100|[from] item: Leftovers
|upkeep
|turn|51
|j| 1st grade lad lj
|inactive|zeep vs zoop has 120 seconds left.
|
|t:|1781027999
|move|p2a: Zamazenta|Substitute|p2a: Zamazenta
|-start|p2a: Zamazenta|Substitute
|-damage|p2a: Zamazenta|33/100
|move|p1a: Gholdengo|Make It Rain|p2a: Zamazenta
|-activate|p2a: Zamazenta|move: Substitute|[damage]
|-unboost|p1a: Gholdengo|spa|1
|
|-heal|p2a: Zamazenta|39/100|[from] item: Leftovers
|upkeep
|turn|52
|
|t:|1781028008
|move|p2a: Zamazenta|Iron Defense|p2a: Zamazenta
|-boost|p2a: Zamazenta|def|2
|move|p1a: Gholdengo|Make It Rain|p2a: Zamazenta
|-end|p2a: Zamazenta|Substitute
|-unboost|p1a: Gholdengo|spa|1
|
|-heal|p2a: Zamazenta|45/100|[from] item: Leftovers
|upkeep
|turn|53
|inactive|zeep vs zoop has 120 seconds left.
|
|t:|1781028024
|move|p2a: Zamazenta|Crunch|p1a: Gholdengo
|-supereffective|p1a: Gholdengo
|-damage|p1a: Gholdengo|60/100
|-unboost|p1a: Gholdengo|def|1
|move|p1a: Gholdengo|Make It Rain|p2a: Zamazenta
|-damage|p2a: Zamazenta|32/100
|-unboost|p1a: Gholdengo|spa|1
|
|-heal|p2a: Zamazenta|38/100|[from] item: Leftovers
|upkeep
|turn|54
|inactive|oddishlover4 has 90 seconds left.
|
|t:|1781028033
|switch|p1a: Great Tusk|Great Tusk|100/100 par
|move|p2a: Zamazenta|Crunch|p1a: Great Tusk
|-resisted|p1a: Great Tusk
|-crit|p1a: Great Tusk
|-damage|p1a: Great Tusk|91/100 par
|
|-heal|p2a: Zamazenta|44/100|[from] item: Leftovers
|-heal|p1a: Great Tusk|97/100 par|[from] item: Leftovers
|upkeep
|turn|55
|
|t:|1781028043
|move|p2a: Zamazenta|Body Press|p1a: Great Tusk
|-damage|p1a: Great Tusk|25/100 par
|move|p1a: Great Tusk|Stealth Rock|p2a: Zamazenta
|-sidestart|p2: zeep vs zoop|move: Stealth Rock
|
|-heal|p2a: Zamazenta|50/100|[from] item: Leftovers
|-heal|p1a: Great Tusk|31/100 par|[from] item: Leftovers
|upkeep
|turn|56
|
|t:|1781028052
|move|p2a: Zamazenta|Body Press|p1a: Great Tusk
|-damage|p1a: Great Tusk|0 fnt
|faint|p1a: Great Tusk
|-end|p1a: Great Tusk|Protosynthesis|[silent]
|
|-heal|p2a: Zamazenta|57/100|[from] item: Leftovers
|upkeep
|
|t:|1781028062
|switch|p1a: Gholdengo|Gholdengo|60/100
|turn|57
|
|t:|1781028071
|-terastallize|p2a: Zamazenta|Fire
|move|p2a: Zamazenta|Crunch|p1a: Gholdengo
|-supereffective|p1a: Gholdengo
|-damage|p1a: Gholdengo|31/100
|move|p1a: Gholdengo|Make It Rain|p2a: Zamazenta
|-resisted|p2a: Zamazenta
|-damage|p2a: Zamazenta|37/100
|-unboost|p1a: Gholdengo|spa|1
|
|-heal|p2a: Zamazenta|43/100|[from] item: Leftovers
|upkeep
|turn|58
|
|t:|1781028081
|-terastallize|p1a: Gholdengo|Fairy
|move|p2a: Zamazenta|Crunch|p1a: Gholdengo
|-resisted|p1a: Gholdengo
|-damage|p1a: Gholdengo|24/100
|move|p1a: Gholdengo|Thunder Wave|p2a: Zamazenta
|-status|p2a: Zamazenta|par
|
|-heal|p2a: Zamazenta|49/100 par|[from] item: Leftovers
|upkeep
|turn|59
|
|t:|1781028090
|move|p1a: Gholdengo|Recover|p1a: Gholdengo
|-heal|p1a: Gholdengo|74/100
|move|p2a: Zamazenta|Body Press|p1a: Gholdengo
|-resisted|p1a: Gholdengo
|-damage|p1a: Gholdengo|25/100
|
|-heal|p2a: Zamazenta|55/100 par|[from] item: Leftovers
|upkeep
|turn|60
|inactive|oddishlover4 has 120 seconds left.
|
|t:|1781028099
|move|p1a: Gholdengo|Recover|p1a: Gholdengo
|-heal|p1a: Gholdengo|75/100
|move|p2a: Zamazenta|Body Press|p1a: Gholdengo
|-resisted|p1a: Gholdengo
|-damage|p1a: Gholdengo|32/100
|
|-heal|p2a: Zamazenta|61/100 par|[from] item: Leftovers
|upkeep
|turn|61
|
|t:|1781028108
|move|p1a: Gholdengo|Recover|p1a: Gholdengo
|-heal|p1a: Gholdengo|82/100
|move|p2a: Zamazenta|Body Press|p1a: Gholdengo
|-resisted|p1a: Gholdengo
|-damage|p1a: Gholdengo|37/100
|
|-heal|p2a: Zamazenta|68/100 par|[from] item: Leftovers
|upkeep
|turn|62
|
|t:|1781028118
|move|p1a: Gholdengo|Recover|p1a: Gholdengo
|-heal|p1a: Gholdengo|87/100
|move|p2a: Zamazenta|Body Press|p1a: Gholdengo
|-resisted|p1a: Gholdengo
|-damage|p1a: Gholdengo|44/100
|
|-heal|p2a: Zamazenta|74/100 par|[from] item: Leftovers
|upkeep
|turn|63
|
|t:|1781028127
|move|p1a: Gholdengo|Recover|p1a: Gholdengo
|-heal|p1a: Gholdengo|94/100
|move|p2a: Zamazenta|Body Press|p1a: Gholdengo
|-resisted|p1a: Gholdengo
|-damage|p1a: Gholdengo|44/100
|
|-heal|p2a: Zamazenta|80/100 par|[from] item: Leftovers
|upkeep
|turn|64
|
|t:|1781028136
|move|p1a: Gholdengo|Recover|p1a: Gholdengo
|-heal|p1a: Gholdengo|94/100
|cant|p2a: Zamazenta|par
|
|-heal|p2a: Zamazenta|86/100 par|[from] item: Leftovers
|upkeep
|turn|65
|
|t:|1781028144
|move|p1a: Gholdengo|Hex|p2a: Zamazenta
|-damage|p2a: Zamazenta|56/100 par
|cant|p2a: Zamazenta|par
|
|-heal|p2a: Zamazenta|63/100 par|[from] item: Leftovers
|upkeep
|turn|66
|
|t:|1781028153
|move|p1a: Gholdengo|Hex|p2a: Zamazenta
|-damage|p2a: Zamazenta|32/100 par
|cant|p2a: Zamazenta|par
|
|-heal|p2a: Zamazenta|39/100 par|[from] item: Leftovers
|upkeep
|turn|67
|j| cfytgfytugfyt
|
|t:|1781028169
|move|p1a: Gholdengo|Hex|p2a: Zamazenta
|-damage|p2a: Zamazenta|8/100 par
|cant|p2a: Zamazenta|par
|
|-heal|p2a: Zamazenta|14/100 par|[from] item: Leftovers
|upkeep
|turn|68
|
|t:|1781028179
|move|p1a: Gholdengo|Hex|p2a: Zamazenta
|-damage|p2a: Zamazenta|0 fnt
|faint|p2a: Zamazenta
|
|upkeep
|
|t:|1781028187
|switch|p2a: Zapdos|Zapdos|81/100
|turn|69
|
|t:|1781028206
|move|p2a: Zapdos|Volt Switch|p1a: Gholdengo
|-damage|p1a: Gholdengo|65/100
|
|t:|1781028210
|switch|p2a: Dragapult|Dragapult, F|6/100|[from] Volt Switch
|-damage|p2a: Dragapult|0 fnt|[from] Stealth Rock
|faint|p2a: Dragapult
|move|p1a: Gholdengo|Hex|p2: Dragapult|[notarget]
|-fail|p1a: Gholdengo
|
|upkeep
|
|t:|1781028213
|switch|p2a: Zapdos|Zapdos|81/100
|turn|70
|
|t:|1781028230
|move|p2a: Zapdos|Volt Switch|p1a: Gholdengo
|-damage|p1a: Gholdengo|35/100
|
|t:|1781028233
|switch|p2a: Volcanion|Volcanion|17/100 par|[from] Volt Switch
|move|p1a: Gholdengo|Hex|p2a: Volcanion
|-crit|p2a: Volcanion
|-damage|p2a: Volcanion|0 fnt
|faint|p2a: Volcanion
|
|upkeep
|j| Ferb
|
|t:|1781028238
|switch|p2a: Zapdos|Zapdos|81/100
|turn|71
|
|t:|1781028255
|switch|p1a: Dragonite|Dragonite, F|72/100 brn
|move|p2a: Zapdos|Hurricane|p1a: Dragonite
|-damage|p1a: Dragonite|35/100 brn
|
|-damage|p1a: Dragonite|29/100 brn|[from] brn
|upkeep
|turn|72
|
|t:|1781028276
|move|p2a: Zapdos|Volt Switch|p1a: Dragonite
|-damage|p1a: Dragonite|3/100 brn
|
|t:|1781028278
|switch|p2a: Kingambit|Kingambit, F|9/100|[from] Volt Switch
|-damage|p2a: Kingambit|3/100|[from] Stealth Rock
|-activate|p2a: Kingambit|ability: Supreme Overlord
|-start|p2a: Kingambit|fallen4|[silent]
|move|p1a: Dragonite|Roost|p1a: Dragonite
|-heal|p1a: Dragonite|53/100 brn
|-singleturn|p1a: Dragonite|move: Roost
|
|-heal|p2a: Kingambit|9/100|[from] item: Leftovers
|-damage|p1a: Dragonite|47/100 brn|[from] brn
|upkeep
|turn|73
|
|t:|1781028293
|move|p2a: Kingambit|Sucker Punch|p1a: Dragonite
|-damage|p1a: Dragonite|0 fnt
|faint|p1a: Dragonite
|
|-heal|p2a: Kingambit|15/100|[from] item: Leftovers
|upkeep
|
|t:|1781028304
|switch|p1a: Gholdengo|Gholdengo, tera:Fairy|35/100
|turn|74
|
|t:|1781028313
|move|p1a: Gholdengo|Thunder Wave|p2a: Kingambit
|-status|p2a: Kingambit|par
|move|p2a: Kingambit|Iron Head|p1a: Gholdengo
|-supereffective|p1a: Gholdengo
|-damage|p1a: Gholdengo|0 fnt
|faint|p1a: Gholdengo
|
|win|zeep vs zoop
|raw|oddishlover4's rating: 1699 &rarr; <strong>1675</strong><br />(-24 for losing)
|raw|zeep vs zoop's rating: 1634 &rarr; <strong>1658</strong><br />(+24 for winning)
|c|☆oddishlover4|GG!
|l|‽zeep vs zoop
|player|p2|
|l| babyshark974
|l| Lowladderubersnoob
|l| cfytgfytugfyt
