|j|☆jd2sleepy
|j|☆Auburn Hills
|t:|1781567397
|gametype|singles
|player|p1|jd2sleepy|blackbelt-gen4dp|1700
|player|p2|Auburn Hills|alder|1724
|gen|9
|tier|[Gen 9] OU
|rated|
|rule|HP Percentage Mod: HP is shown in percentages
|rule|Endless Battle Clause: Forcing endless battles is banned
|rule|Species Clause: Limit one of each Pokémon
|rule|OHKO Clause: OHKO moves are banned
|rule|Evasion Items Clause: Evasion items are banned
|rule|Evasion Moves Clause: Evasion moves are banned
|rule|Evasion Abilities Clause: Evasion abilities are banned
|rule|Sleep Moves Clause: Sleep-inducing moves are banned
|clearpoke
|poke|p1|Mamoswine, M|
|poke|p1|Iron Treads|
|poke|p1|Raging Bolt|
|poke|p1|Pelipper, M|
|poke|p1|Kingambit, M|
|poke|p1|Latios, M|
|poke|p2|Iron Moth|
|poke|p2|Umbreon, M|
|poke|p2|Garchomp, F|
|poke|p2|Glimmora, M|
|poke|p2|Gholdengo|
|poke|p2|Dragonite, M|
|teampreview
|
|t:|1781567406
|teamsize|p1|6
|teamsize|p2|6
|start
|switch|p1a: L Ratio|Latios, M|100/100
|switch|p2a: Glimmora|Glimmora, M|100/100
|turn|1
|
|t:|1781567408
|switch|p2a: Alvvays|Umbreon, M|100/100
|move|p1a: L Ratio|Psyshock|p2a: Alvvays
|-immune|p2a: Alvvays
|
|upkeep
|turn|2
|
|t:|1781567412
|switch|p1a: Tready Way|Iron Treads|100/100
|-enditem|p1a: Tready Way|Booster Energy
|-activate|p1a: Tready Way|ability: Quark Drive|[fromitem]
|-start|p1a: Tready Way|quarkdrivespe
|move|p2a: Alvvays|Foul Play|p1a: Tready Way
|-damage|p1a: Tready Way|77/100
|
|upkeep
|turn|3
|
|t:|1781567414
|move|p1a: Tready Way|Stealth Rock|p2a: Alvvays
|-sidestart|p2: Auburn Hills|move: Stealth Rock
|move|p2a: Alvvays|Foul Play|p1a: Tready Way
|-damage|p1a: Tready Way|52/100
|
|upkeep
|turn|4
|
|t:|1781567416
|move|p1a: Tready Way|Earthquake|p2a: Alvvays
|-damage|p2a: Alvvays|71/100
|move|p2a: Alvvays|Foul Play|p1a: Tready Way
|-damage|p1a: Tready Way|29/100
|
|-heal|p2a: Alvvays|77/100|[from] item: Leftovers
|upkeep
|turn|5
|
|t:|1781567418
|move|p1a: Tready Way|Endeavor|p2a: Alvvays
|-damage|p2a: Alvvays|28/100
|move|p2a: Alvvays|Wish|p2a: Alvvays
|
|-heal|p2a: Alvvays|34/100|[from] item: Leftovers
|upkeep
|turn|6
|
|t:|1781567421
|move|p2a: Alvvays|Protect|p2a: Alvvays
|-singleturn|p2a: Alvvays|Protect
|move|p1a: Tready Way|Earthquake|p2a: Alvvays
|-activate|p2a: Alvvays|move: Protect
|
|-heal|p2a: Alvvays|84/100|[from] move: Wish|[wisher] Alvvays
|-heal|p2a: Alvvays|90/100|[from] item: Leftovers
|upkeep
|turn|7
|
|t:|1781567424
|switch|p2a: Glimmora|Glimmora, M|100/100
|-damage|p2a: Glimmora|88/100|[from] Stealth Rock
|move|p1a: Tready Way|Endeavor|p2a: Glimmora
|-damage|p2a: Glimmora|36/100
|-activate|p2a: Glimmora|ability: Toxic Debris
|-sidestart|p1: jd2sleepy|move: Toxic Spikes
|
|upkeep
|turn|8
|
|t:|1781567427
|move|p1a: Tready Way|Earthquake|p2a: Glimmora
|-supereffective|p2a: Glimmora
|-damage|p2a: Glimmora|0 fnt
|-activate|p2a: Glimmora|ability: Toxic Debris
|-sidestart|p1: jd2sleepy|move: Toxic Spikes
|faint|p2a: Glimmora
|
|upkeep
|
|t:|1781567429
|switch|p2a: Carly Rae|Iron Moth|100/100
|-damage|p2a: Carly Rae|76/100|[from] Stealth Rock
|-enditem|p2a: Carly Rae|Booster Energy
|-activate|p2a: Carly Rae|ability: Quark Drive|[fromitem]
|-start|p2a: Carly Rae|quarkdrivespe
|turn|9
|j| ebizi
|
|t:|1781567432
|-end|p1a: Tready Way|Quark Drive|[silent]
|switch|p1a: Drizzy|Pelipper, M|100/100
|-weather|RainDance|[from] ability: Drizzle|[of] p1a: Drizzy
|move|p2a: Carly Rae|Fiery Dance|p1a: Drizzy
|-resisted|p1a: Drizzy
|-damage|p1a: Drizzy|91/100
|
|-weather|RainDance|[upkeep]
|upkeep
|turn|10
|j| Concept Everything
|
|t:|1781567440
|switch|p1a: Tready Way|Iron Treads|29/100
|move|p2a: Carly Rae|Discharge|p1a: Tready Way
|-immune|p1a: Tready Way
|
|-weather|RainDance|[upkeep]
|upkeep
|turn|11
|
|t:|1781567446
|move|p2a: Carly Rae|Fiery Dance|p1a: Tready Way
|-supereffective|p1a: Tready Way
|-damage|p1a: Tready Way|0 fnt
|-boost|p2a: Carly Rae|spa|1
|faint|p1a: Tready Way
|-end|p1a: Tready Way|Quark Drive|[silent]
|
|-weather|RainDance|[upkeep]
|upkeep
|
|t:|1781567456
|switch|p1a: 平和|Kingambit, M|100/100
|-activate|p1a: 平和|ability: Supreme Overlord
|-start|p1a: 平和|fallen1|[silent]
|turn|12
|
|t:|1781567459
|move|p2a: Carly Rae|Fiery Dance|p1a: 平和
|-supereffective|p1a: 平和
|-damage|p1a: 平和|28/100
|move|p1a: 平和|Kowtow Cleave|p2a: Carly Rae
|-damage|p2a: Carly Rae|0 fnt
|faint|p2a: Carly Rae
|-end|p2a: Carly Rae|Quark Drive|[silent]
|
|-weather|RainDance|[upkeep]
|upkeep
|
|t:|1781567462
|switch|p2a: Elucid|Dragonite, M|100/100
|turn|13
|
|t:|1781567464
|move|p2a: Elucid|Earthquake|p1a: 平和
|-supereffective|p1a: 平和
|-damage|p1a: 平和|0 fnt
|faint|p1a: 平和
|-end|p1a: 平和|fallen1|[silent]
|
|-weather|RainDance|[upkeep]
|upkeep
|j| S4CRED FL4ME
|
|t:|1781567481
|switch|p1a: Rage N Furious|Raging Bolt|100/100
|-status|p1a: Rage N Furious|tox
|-enditem|p1a: Rage N Furious|Booster Energy
|-activate|p1a: Rage N Furious|ability: Protosynthesis|[fromitem]
|-start|p1a: Rage N Furious|protosynthesisspa
|turn|14
|
|t:|1781567485
|move|p1a: Rage N Furious|Dragon Pulse|p2a: Elucid
|-supereffective|p2a: Elucid
|-damage|p2a: Elucid|36/100
|move|p2a: Elucid|Earthquake|p1a: Rage N Furious
|-supereffective|p1a: Rage N Furious
|-damage|p1a: Rage N Furious|25/100 tox
|
|-weather|RainDance|[upkeep]
|-damage|p1a: Rage N Furious|19/100 tox|[from] psn
|upkeep
|turn|15
|
|t:|1781567489
|move|p2a: Elucid|Extreme Speed|p1a: Rage N Furious
|-damage|p1a: Rage N Furious|0 fnt
|faint|p1a: Rage N Furious
|-end|p1a: Rage N Furious|Protosynthesis|[silent]
|
|-weather|RainDance|[upkeep]
|upkeep
|
|t:|1781567494
|switch|p1a: L Ratio|Latios, M|100/100
|turn|16
|
|t:|1781567496
|move|p2a: Elucid|Extreme Speed|p1a: L Ratio
|-damage|p1a: L Ratio|57/100
|move|p1a: L Ratio|Psyshock|p2a: Elucid
|-damage|p2a: Elucid|0 fnt
|faint|p2a: Elucid
|
|-weather|none
|upkeep
|
|t:|1781567504
|switch|p2a: Alvvays|Umbreon, M|90/100
|-damage|p2a: Alvvays|78/100|[from] Stealth Rock
|turn|17
|
|t:|1781567506
|move|p1a: L Ratio|Draco Meteor|p2a: Alvvays
|-damage|p2a: Alvvays|36/100
|-unboost|p1a: L Ratio|spa|2
|move|p2a: Alvvays|Foul Play|p1a: L Ratio
|-supereffective|p1a: L Ratio
|-damage|p1a: L Ratio|0 fnt
|faint|p1a: L Ratio
|
|-heal|p2a: Alvvays|42/100|[from] item: Leftovers
|upkeep
|
|t:|1781567510
|switch|p1a: Swine Dining|Mamoswine, M|100/100
|-status|p1a: Swine Dining|tox
|turn|18
|
|t:|1781567513
|-terastallize|p1a: Swine Dining|Ice
|move|p2a: Alvvays|Protect|p2a: Alvvays
|-singleturn|p2a: Alvvays|Protect
|move|p1a: Swine Dining|Icicle Crash|p2a: Alvvays
|-activate|p2a: Alvvays|move: Protect
|
|-heal|p2a: Alvvays|48/100|[from] item: Leftovers
|-damage|p1a: Swine Dining|94/100 tox|[from] psn
|upkeep
|turn|19
|
|t:|1781567516
|-terastallize|p2a: Alvvays|Water
|move|p1a: Swine Dining|Icicle Crash|p2a: Alvvays|[miss]
|-miss|p1a: Swine Dining|p2a: Alvvays
|move|p2a: Alvvays|Wish|p2a: Alvvays
|
|-heal|p2a: Alvvays|54/100|[from] item: Leftovers
|-damage|p1a: Swine Dining|82/100 tox|[from] psn
|upkeep
|turn|20
|
|t:|1781567520
|move|p1a: Swine Dining|Freeze-Dry|p2a: Alvvays
|-supereffective|p2a: Alvvays
|-damage|p2a: Alvvays|18/100
|-status|p2a: Alvvays|frz
|-damage|p1a: Swine Dining|72/100 tox|[from] item: Life Orb
|-curestatus|p2a: Alvvays|frz|[msg]
|move|p2a: Alvvays|Foul Play|p1a: Swine Dining
|-damage|p1a: Swine Dining|6/100 tox
|
|-heal|p2a: Alvvays|68/100|[from] move: Wish|[wisher] Alvvays
|-heal|p2a: Alvvays|74/100|[from] item: Leftovers
|-damage|p1a: Swine Dining|0 fnt|[from] psn
|faint|p1a: Swine Dining
|upkeep
|l| S4CRED FL4ME
|-message|jd2sleepy forfeited.
|
|win|Auburn Hills
|raw|jd2sleepy's rating: 1700 &rarr; <strong>1681</strong><br />(-19 for losing)
|raw|Auburn Hills's rating: 1724 &rarr; <strong>1743</strong><br />(+19 for winning)
|l|☆jd2sleepy
|player|p1|
|l|☆Auburn Hills
|player|p2|
