|j|☆adil
|j|☆Kochu_shak ㋛
|t:|1781531938
|gametype|singles
|player|p1|adil|265|1697
|player|p2|Kochu_shak ㋛|266|1785
|gen|9
|tier|[Gen 9] OU
|rated|
|rule|HP Percentage Mod: HP is shown in percentages
|rule|Endless Battle Clause: Forcing endless battles is banned
|rule|Species Clause: Limit one of each Pokémon
|rule|OHKO Clause: OHKO moves are banned
|rule|Evasion Items Clause: Evasion items are banned
|rule|Evasion Moves Clause: Evasion moves are banned
|rule|Evasion Abilities Clause: Evasion abilities are banned
|rule|Sleep Moves Clause: Sleep-inducing moves are banned
|clearpoke
|poke|p1|Ceruledge, F|
|poke|p1|Samurott-Hisui, F|
|poke|p1|Iron Valiant|
|poke|p1|Iron Treads|
|poke|p1|Gholdengo|
|poke|p1|Tornadus-Therian, M|
|poke|p2|Araquanid, F|
|poke|p2|Gholdengo|
|poke|p2|Iron Moth|
|poke|p2|Iron Valiant|
|poke|p2|Raging Bolt|
|poke|p2|Kingambit, F|
|teampreview
|j| bingbong441
|
|t:|1781531956
|teamsize|p1|6
|teamsize|p2|6
|start
|switch|p1a: Tornadus|Tornadus-Therian, M|100/100
|switch|p2a: QUIL|Araquanid, F|100/100
|turn|1
|
|t:|1781531968
|move|p1a: Tornadus|Nasty Plot|p1a: Tornadus
|-boost|p1a: Tornadus|spa|2
|move|p2a: QUIL|Sticky Web|p1a: Tornadus
|-sidestart|p1: adil|move: Sticky Web
|
|upkeep
|turn|2
|
|t:|1781531971
|switch|p2a: DELI|Raging Bolt|100/100
|-enditem|p2a: DELI|Booster Energy
|-activate|p2a: DELI|ability: Protosynthesis|[fromitem]
|-start|p2a: DELI|protosynthesisspa
|move|p1a: Tornadus|Bleakwind Storm|p2a: DELI
|-resisted|p2a: DELI
|-crit|p2a: DELI
|-damage|p2a: DELI|8/100
|-unboost|p2a: DELI|spe|1
|-damage|p1a: Tornadus|91/100|[from] item: Life Orb
|
|upkeep
|turn|3
|c|☆Kochu_shak ㋛|ok
|c|☆Kochu_shak ㋛|mf game
|
|t:|1781531982
|switch|p1a: Iron Treads|Iron Treads|100/100
|-activate|p1a: Iron Treads|move: Sticky Web
|-unboost|p1a: Iron Treads|spe|1
|-enditem|p1a: Iron Treads|Booster Energy
|-activate|p1a: Iron Treads|ability: Quark Drive|[fromitem]
|-start|p1a: Iron Treads|quarkdriveatk
|move|p2a: DELI|Dragon Pulse|p1a: Iron Treads
|-resisted|p1a: Iron Treads
|-damage|p1a: Iron Treads|56/100
|
|upkeep
|turn|4
|
|t:|1781531995
|-end|p2a: DELI|Protosynthesis|[silent]
|switch|p2a: TREE?|Gholdengo|100/100
|-item|p2a: TREE?|Air Balloon
|move|p1a: Iron Treads|Rapid Spin|p2a: TREE?
|-immune|p2a: TREE?
|
|upkeep
|turn|5
|j| Puyu paz
|
|t:|1781532000
|-end|p1a: Iron Treads|Quark Drive|[silent]
|switch|p1a: Samurott|Samurott-Hisui, F|100/100
|-activate|p1a: Samurott|move: Sticky Web
|-unboost|p1a: Samurott|spe|1
|move|p2a: TREE?|Shadow Ball|p1a: Samurott
|-resisted|p1a: Samurott
|-damage|p1a: Samurott|86/100
|
|upkeep
|turn|6
|
|t:|1781532010
|switch|p2a: QUZZ|Iron Valiant|100/100
|-enditem|p2a: QUZZ|Booster Energy
|-activate|p2a: QUZZ|ability: Quark Drive|[fromitem]
|-start|p2a: QUZZ|quarkdrivespa
|move|p1a: Samurott|Ceaseless Edge|p2a: QUZZ
|-resisted|p2a: QUZZ
|-damage|p2a: QUZZ|86/100
|-sidestart|p2: Kochu_shak ㋛|Spikes
|
|upkeep
|turn|7
|
|t:|1781532021
|-terastallize|p1a: Samurott|Poison
|move|p2a: QUZZ|Calm Mind|p2a: QUZZ
|-boost|p2a: QUZZ|spa|1
|-boost|p2a: QUZZ|spd|1
|move|p1a: Samurott|Razor Shell|p2a: QUZZ
|-damage|p2a: QUZZ|21/100
|
|upkeep
|turn|8
|
|t:|1781532029
|move|p2a: QUZZ|Shadow Ball|p1a: Samurott
|-damage|p1a: Samurott|43/100
|-unboost|p1a: Samurott|spd|1
|move|p1a: Samurott|Razor Shell|p2a: QUZZ
|-damage|p2a: QUZZ|0 fnt
|faint|p2a: QUZZ
|-end|p2a: QUZZ|Quark Drive|[silent]
|
|upkeep
|
|t:|1781532038
|switch|p2a: CALA|Iron Moth|100/100
|-damage|p2a: CALA|88/100|[from] Spikes
|-enditem|p2a: CALA|Booster Energy
|-activate|p2a: CALA|ability: Quark Drive|[fromitem]
|-start|p2a: CALA|quarkdrivespa
|turn|9
|
|t:|1781532065
|switch|p1a: Iron Treads|Iron Treads|56/100
|-activate|p1a: Iron Treads|move: Sticky Web
|-unboost|p1a: Iron Treads|spe|1
|move|p2a: CALA|Fiery Dance|p1a: Iron Treads
|-supereffective|p1a: Iron Treads
|-damage|p1a: Iron Treads|0 fnt
|faint|p1a: Iron Treads
|-end|p1a: Iron Treads|Quark Drive|[silent]
|
|upkeep
|
|t:|1781532068
|switch|p1a: Tornadus|Tornadus-Therian, M|100/100
|turn|10
|
|t:|1781532090
|move|p1a: Tornadus|Nasty Plot|p1a: Tornadus
|-boost|p1a: Tornadus|spa|2
|move|p2a: CALA|Fiery Dance|p1a: Tornadus
|-damage|p1a: Tornadus|30/100
|
|upkeep
|turn|11
|inactive|Battle timer is ON: inactive players will automatically lose when time's up. (requested by adil)
|
|t:|1781532115
|-end|p2a: CALA|Quark Drive|[silent]
|switch|p2a: DELI|Raging Bolt|8/100
|-damage|p2a: DELI|0 fnt|[from] Spikes
|faint|p2a: DELI
|-end|p2a: DELI|Protosynthesis|[silent]
|move|p1a: Tornadus|Bleakwind Storm|p2: DELI|[notarget]
|-fail|p1a: Tornadus
|
|upkeep
|j| BiscoitoXDBr
|
|t:|1781532129
|switch|p2a: SUPA|Kingambit, F|100/100
|-activate|p2a: SUPA|ability: Supreme Overlord
|-start|p2a: SUPA|fallen2|[silent]
|-item|p2a: SUPA|Air Balloon
|turn|12
|
|t:|1781532142
|switch|p1a: Gholdengo|Gholdengo|100/100
|-activate|p1a: Gholdengo|move: Sticky Web
|-unboost|p1a: Gholdengo|spe|1
|move|p2a: SUPA|Sucker Punch||[still]
|-fail|p2a: SUPA
|
|upkeep
|turn|13
|
|t:|1781532150
|move|p1a: Gholdengo|Trick|p2a: SUPA
|-activate|p1a: Gholdengo|move: Trick|[of] p2a: SUPA
|-item|p2a: SUPA|Choice Scarf|[from] move: Trick
|-item|p1a: Gholdengo|Air Balloon
|-item|p1a: Gholdengo|Air Balloon|[from] move: Trick
|move|p2a: SUPA|Kowtow Cleave|p1a: Gholdengo
|-supereffective|p1a: Gholdengo
|-damage|p1a: Gholdengo|0 fnt
|-enditem|p1a: Gholdengo|Air Balloon
|faint|p1a: Gholdengo
|
|upkeep
|
|t:|1781532168
|switch|p1a: Ceruledge|Ceruledge, F|100/100
|-activate|p1a: Ceruledge|move: Sticky Web
|-unboost|p1a: Ceruledge|spe|1
|turn|14
|
|t:|1781532173
|move|p2a: SUPA|Kowtow Cleave|p1a: Ceruledge
|-supereffective|p1a: Ceruledge
|-crit|p1a: Ceruledge
|-enditem|p1a: Ceruledge|Focus Sash
|-damage|p1a: Ceruledge|1/100
|-ability|p1a: Ceruledge|Weak Armor|boost
|-unboost|p1a: Ceruledge|def|1
|-boost|p1a: Ceruledge|spe|2
|move|p1a: Ceruledge|Swords Dance|p1a: Ceruledge
|-boost|p1a: Ceruledge|atk|2
|
|upkeep
|turn|15
|
|t:|1781532183
|-terastallize|p2a: SUPA|Fire
|move|p1a: Ceruledge|Bitter Blade|p2a: SUPA
|-resisted|p2a: SUPA
|-damage|p2a: SUPA|59/100
|-heal|p1a: Ceruledge|25/100|[from] drain|[of] p2a: SUPA
|move|p2a: SUPA|Kowtow Cleave|p1a: Ceruledge
|-supereffective|p1a: Ceruledge
|-damage|p1a: Ceruledge|0 fnt
|faint|p1a: Ceruledge
|
|upkeep
|
|t:|1781532190
|switch|p1a: Iron Valiant|Iron Valiant|100/100
|-activate|p1a: Iron Valiant|move: Sticky Web
|-unboost|p1a: Iron Valiant|spe|1
|-enditem|p1a: Iron Valiant|Booster Energy
|-activate|p1a: Iron Valiant|ability: Quark Drive|[fromitem]
|-start|p1a: Iron Valiant|quarkdrivespa
|turn|16
|
|t:|1781532194
|-end|p2a: SUPA|fallen2|[silent]
|switch|p2a: QUIL|Araquanid, F|100/100
|-damage|p2a: QUIL|88/100|[from] Spikes
|move|p1a: Iron Valiant|Shadow Ball|p2a: QUIL
|-damage|p2a: QUIL|65/100
|
|upkeep
|turn|17
|
|t:|1781532205
|move|p1a: Iron Valiant|Moonblast|p2a: QUIL
|-damage|p2a: QUIL|23/100
|-unboost|p2a: QUIL|spa|1
|move|p2a: QUIL|Surf|p1a: Iron Valiant
|-damage|p1a: Iron Valiant|55/100
|
|upkeep
|turn|18
|-enditem|p2a: QUIL|Custap Berry|[eat]
|-activate|p2a: QUIL|item: Custap Berry|[consumed]
|
|t:|1781532218
|move|p2a: QUIL|Surf|p1a: Iron Valiant
|-damage|p1a: Iron Valiant|15/100
|move|p1a: Iron Valiant|Moonblast|p2a: QUIL
|-damage|p2a: QUIL|0 fnt
|faint|p2a: QUIL
|
|upkeep
|
|t:|1781532228
|switch|p2a: CALA|Iron Moth|88/100
|-damage|p2a: CALA|76/100|[from] Spikes
|turn|19
|j| shitc
|inactive|adil has 120 seconds left.
|j| choispecs ironmoth
|
|t:|1781532284
|move|p2a: CALA|Fiery Dance|p1a: Iron Valiant
|-damage|p1a: Iron Valiant|0 fnt
|faint|p1a: Iron Valiant
|-end|p1a: Iron Valiant|Quark Drive|[silent]
|
|upkeep
|inactive|adil has 90 seconds left.
|
|t:|1781532311
|switch|p1a: Samurott|Samurott-Hisui, F, tera:Poison|43/100
|-activate|p1a: Samurott|move: Sticky Web
|-unboost|p1a: Samurott|spe|1
|turn|20
|
|t:|1781532325
|move|p2a: CALA|Fiery Dance|p1a: Samurott
|-damage|p1a: Samurott|10/100
|-boost|p2a: CALA|spa|1
|move|p1a: Samurott|Razor Shell|p2a: CALA
|-supereffective|p2a: CALA
|-damage|p2a: CALA|0 fnt
|faint|p2a: CALA
|-end|p2a: CALA|Quark Drive|[silent]
|
|upkeep
|
|t:|1781532331
|switch|p2a: SUPA|Kingambit, F, tera:Fire|59/100
|-damage|p2a: SUPA|47/100|[from] Spikes
|-activate|p2a: SUPA|ability: Supreme Overlord
|-start|p2a: SUPA|fallen4|[silent]
|turn|21
|inactive|adil has 90 seconds left.
|inactive|adil has 60 seconds left.
|
|t:|1781532370
|move|p1a: Samurott|Sucker Punch|p2a: SUPA
|-crit|p2a: SUPA
|-damage|p2a: SUPA|8/100
|move|p2a: SUPA|Kowtow Cleave|p1a: Samurott
|-damage|p1a: Samurott|0 fnt
|faint|p1a: Samurott
|
|upkeep
|
|t:|1781532372
|switch|p1a: Tornadus|Tornadus-Therian, M|63/100
|turn|22
|
|t:|1781532378
|move|p1a: Tornadus|Heat Wave|p2a: SUPA
|-resisted|p2a: SUPA
|-damage|p2a: SUPA|0 fnt
|faint|p2a: SUPA
|-end|p2a: SUPA|fallen4|[silent]
|-damage|p1a: Tornadus|54/100|[from] item: Life Orb
|
|upkeep
|l| Puyu paz
|
|t:|1781532388
|switch|p2a: TREE?|Gholdengo|100/100
|-item|p2a: TREE?|Air Balloon
|turn|23
|
|t:|1781532392
|move|p1a: Tornadus|Heat Wave|p2a: TREE?
|-supereffective|p2a: TREE?
|-damage|p2a: TREE?|15/100
|-enditem|p2a: TREE?|Air Balloon
|-damage|p1a: Tornadus|44/100|[from] item: Life Orb
|move|p2a: TREE?|Make It Rain|p1a: Tornadus
|-damage|p1a: Tornadus|0 fnt
|-unboost|p2a: TREE?|spa|1
|faint|p1a: Tornadus
|
|win|Kochu_shak ㋛
|raw|adil's rating: 1697 &rarr; <strong>1682</strong><br />(-15 for losing)
|raw|Kochu_shak ㋛'s rating: 1785 &rarr; <strong>1800</strong><br />(+15 for winning)
|l|☆adil
|player|p1|
|l| BiscoitoXDBr
|l| shitc
