|j|☆Palm X
|j|☆blackgokuking
|t:|1781124453
|gametype|singles
|player|p1|Palm X|caitlin|1689
|player|p2|blackgokuking|101|1676
|gen|9
|tier|[Gen 9] OU
|rated|
|rule|HP Percentage Mod: HP is shown in percentages
|rule|Endless Battle Clause: Forcing endless battles is banned
|rule|Species Clause: Limit one of each Pokémon
|rule|OHKO Clause: OHKO moves are banned
|rule|Evasion Items Clause: Evasion items are banned
|rule|Evasion Moves Clause: Evasion moves are banned
|rule|Evasion Abilities Clause: Evasion abilities are banned
|rule|Sleep Moves Clause: Sleep-inducing moves are banned
|clearpoke
|poke|p1|Dragapult, F|
|poke|p1|Zamazenta-*|
|poke|p1|Slowking-Galar, F|
|poke|p1|Moltres|
|poke|p1|Ting-Lu|
|poke|p1|Weezing-Galar, F|
|poke|p2|Kingambit, F|
|poke|p2|Kommo-o, M|
|poke|p2|Iron Valiant|
|poke|p2|Kyurem|
|poke|p2|Iron Treads|
|poke|p2|Iron Crown|
|teampreview
|inactive|Battle timer is ON: inactive players will automatically lose when time's up. (requested by Palm X)
|
|t:|1781124466
|teamsize|p1|6
|teamsize|p2|6
|start
|switch|p1a: BoySlowDown😭😂✌️|Slowking-Galar, F, shiny|100/100
|switch|p2a: Iron Crown|Iron Crown|100/100
|-enditem|p2a: Iron Crown|Booster Energy
|-activate|p2a: Iron Crown|ability: Quark Drive|[fromitem]
|-start|p2a: Iron Crown|quarkdrivespe
|turn|1
|
|t:|1781124471
|move|p2a: Iron Crown|Calm Mind|p2a: Iron Crown
|-boost|p2a: Iron Crown|spa|1
|-boost|p2a: Iron Crown|spd|1
|-prepare|p1a: BoySlowDown😭😂✌️|Chilly Reception|[premajor]
|move|p1a: BoySlowDown😭😂✌️|Chilly Reception|p1a: BoySlowDown😭😂✌️
|-weather|Snowscape
|
|t:|1781124479
|switch|p1a: LuLu on dat BUTT|Ting-Lu|100/100|[from] Chilly Reception
|-ability|p1a: LuLu on dat BUTT|Vessel of Ruin
|
|-weather|Snowscape|[upkeep]
|upkeep
|turn|2
|
|t:|1781124486
|move|p2a: Iron Crown|Focus Blast|p1a: LuLu on dat BUTT
|-supereffective|p1a: LuLu on dat BUTT
|-damage|p1a: LuLu on dat BUTT|53/100
|move|p1a: LuLu on dat BUTT|Whirlwind|p2a: Iron Crown
|-end|p2a: Iron Crown|Quark Drive|[silent]
|drag|p2a: Kommo-o|Kommo-o, M|100/100
|
|-weather|Snowscape|[upkeep]
|-heal|p1a: LuLu on dat BUTT|59/100|[from] item: Leftovers
|upkeep
|turn|3
|
|t:|1781124496
|move|p2a: Kommo-o|Drain Punch|p1a: LuLu on dat BUTT
|-supereffective|p1a: LuLu on dat BUTT
|-damage|p1a: LuLu on dat BUTT|28/100
|move|p1a: LuLu on dat BUTT|Stealth Rock|p2a: Kommo-o
|-sidestart|p2: blackgokuking|move: Stealth Rock
|
|-weather|Snowscape|[upkeep]
|-heal|p1a: LuLu on dat BUTT|34/100|[from] item: Leftovers
|upkeep
|turn|4
|
|t:|1781124501
|switch|p1a: BoySlowDown😭😂✌️|Slowking-Galar, F, shiny|100/100
|move|p2a: Kommo-o|Substitute|p2a: Kommo-o
|-start|p2a: Kommo-o|Substitute
|-damage|p2a: Kommo-o|75/100
|
|-weather|Snowscape|[upkeep]
|-heal|p2a: Kommo-o|82/100|[from] item: Leftovers
|upkeep
|turn|5
|
|t:|1781124504
|move|p2a: Kommo-o|Clangorous Soul|p2a: Kommo-o
|-boost|p2a: Kommo-o|atk|1
|-boost|p2a: Kommo-o|def|1
|-boost|p2a: Kommo-o|spa|1
|-boost|p2a: Kommo-o|spd|1
|-boost|p2a: Kommo-o|spe|1
|-damage|p2a: Kommo-o|49/100
|move|p1a: BoySlowDown😭😂✌️|Future Sight|p2a: Kommo-o
|-start|p1a: BoySlowDown😭😂✌️|move: Future Sight
|
|-weather|none
|-heal|p2a: Kommo-o|55/100|[from] item: Leftovers
|upkeep
|turn|6
|
|t:|1781124508
|move|p2a: Kommo-o|Shadow Claw|p1a: BoySlowDown😭😂✌️
|-supereffective|p1a: BoySlowDown😭😂✌️
|-damage|p1a: BoySlowDown😭😂✌️|49/100
|move|p1a: BoySlowDown😭😂✌️|Sludge Bomb|p2a: Kommo-o
|-activate|p2a: Kommo-o|move: Substitute|[damage]
|
|-heal|p2a: Kommo-o|61/100|[from] item: Leftovers
|upkeep
|turn|7
|
|t:|1781124515
|switch|p1a: NoDominicanPapi|Moltres, shiny|100/100
|move|p2a: Kommo-o|Shadow Claw|p1a: NoDominicanPapi
|-crit|p1a: NoDominicanPapi
|-damage|p1a: NoDominicanPapi|70/100
|-status|p2a: Kommo-o|brn|[from] ability: Flame Body|[of] p1a: NoDominicanPapi
|
|-end|p2a: Kommo-o|move: Future Sight
|-supereffective|p2a: Kommo-o
|-end|p2a: Kommo-o|Substitute
|-heal|p2a: Kommo-o|68/100 brn|[from] item: Leftovers
|-damage|p2a: Kommo-o|61/100 brn|[from] brn
|upkeep
|turn|8
|
|t:|1781124523
|move|p2a: Kommo-o|Shadow Claw|p1a: NoDominicanPapi
|-damage|p1a: NoDominicanPapi|60/100
|move|p1a: NoDominicanPapi|Roost|p1a: NoDominicanPapi
|-heal|p1a: NoDominicanPapi|100/100
|-singleturn|p1a: NoDominicanPapi|move: Roost
|
|-heal|p2a: Kommo-o|68/100 brn|[from] item: Leftovers
|-damage|p2a: Kommo-o|61/100 brn|[from] brn
|upkeep
|turn|9
|
|t:|1781124526
|move|p2a: Kommo-o|Shadow Claw|p1a: NoDominicanPapi
|-damage|p1a: NoDominicanPapi|91/100
|move|p1a: NoDominicanPapi|Hurricane|p2a: Kommo-o
|-supereffective|p2a: Kommo-o
|-damage|p2a: Kommo-o|4/100 brn
|-start|p2a: Kommo-o|confusion
|
|-heal|p2a: Kommo-o|11/100 brn|[from] item: Leftovers
|-damage|p2a: Kommo-o|4/100 brn|[from] brn
|upkeep
|turn|10
|
|t:|1781124530
|-activate|p2a: Kommo-o|confusion
|-damage|p2a: Kommo-o|0 fnt|[from] confusion
|faint|p2a: Kommo-o
|move|p1a: NoDominicanPapi|Flamethrower|p2: Kommo-o|[notarget]
|-fail|p1a: NoDominicanPapi
|
|upkeep
|
|t:|1781124535
|switch|p2a: Iron Treads|Iron Treads|100/100
|-damage|p2a: Iron Treads|98/100|[from] Stealth Rock
|-enditem|p2a: Iron Treads|Booster Energy
|-activate|p2a: Iron Treads|ability: Quark Drive|[fromitem]
|-start|p2a: Iron Treads|quarkdrivespe
|turn|11
|
|t:|1781124538
|move|p2a: Iron Treads|Stealth Rock|p1a: NoDominicanPapi
|-sidestart|p1: Palm X|move: Stealth Rock
|move|p1a: NoDominicanPapi|Will-O-Wisp|p2a: Iron Treads|[miss]
|-miss|p1a: NoDominicanPapi|p2a: Iron Treads
|
|upkeep
|turn|12
|
|t:|1781124544
|move|p2a: Iron Treads|Rapid Spin|p1a: NoDominicanPapi
|-damage|p1a: NoDominicanPapi|82/100
|-boost|p2a: Iron Treads|spe|1
|-status|p2a: Iron Treads|brn|[from] ability: Flame Body|[of] p1a: NoDominicanPapi
|-sideend|p2: blackgokuking|Stealth Rock|[from] move: Rapid Spin|[of] p2a: Iron Treads
|move|p1a: NoDominicanPapi|Flamethrower|p2a: Iron Treads
|-supereffective|p2a: Iron Treads
|-damage|p2a: Iron Treads|14/100 brn
|
|-damage|p2a: Iron Treads|8/100 brn|[from] brn
|upkeep
|turn|13
|
|t:|1781124551
|move|p2a: Iron Treads|Endeavor|p1a: NoDominicanPapi
|-damage|p1a: NoDominicanPapi|8/100
|move|p1a: NoDominicanPapi|Flamethrower|p2a: Iron Treads
|-supereffective|p2a: Iron Treads
|-damage|p2a: Iron Treads|0 fnt
|faint|p2a: Iron Treads
|-end|p2a: Iron Treads|Quark Drive|[silent]
|
|upkeep
|
|t:|1781124560
|switch|p2a: Kyurem|Kyurem|100/100
|-ability|p2a: Kyurem|Pressure
|turn|14
|
|t:|1781124564
|move|p2a: Kyurem|Icicle Spear|p1a: NoDominicanPapi
|-damage|p1a: NoDominicanPapi|0 fnt
|faint|p1a: NoDominicanPapi
|-hitcount|p1: NoDominicanPapi|1
|
|upkeep
|
|t:|1781124567
|switch|p1a: Autozone Meatballs|Weezing-Galar, F|100/100
|-ability|p1a: Autozone Meatballs|Neutralizing Gas
|turn|15
|
|t:|1781124573
|switch|p2a: Iron Crown|Iron Crown|100/100
|move|p1a: Autozone Meatballs|Will-O-Wisp|p2a: Iron Crown
|-status|p2a: Iron Crown|brn
|
|-damage|p2a: Iron Crown|94/100 brn|[from] brn
|upkeep
|turn|16
|
|t:|1781124579
|-end|p1a: Autozone Meatballs|ability: Neutralizing Gas
|switch|p1a: BoySlowDown😭😂✌️|Slowking-Galar, F, shiny|82/100
|move|p2a: Iron Crown|Tachyon Cutter|p1a: BoySlowDown😭😂✌️
|-damage|p1a: BoySlowDown😭😂✌️|68/100
|-damage|p1a: BoySlowDown😭😂✌️|54/100
|-hitcount|p1a: BoySlowDown😭😂✌️|2
|
|-damage|p2a: Iron Crown|88/100 brn|[from] brn
|upkeep
|turn|17
|
|t:|1781124585
|move|p2a: Iron Crown|Calm Mind|p2a: Iron Crown
|-boost|p2a: Iron Crown|spa|1
|-boost|p2a: Iron Crown|spd|1
|-prepare|p1a: BoySlowDown😭😂✌️|Chilly Reception|[premajor]
|move|p1a: BoySlowDown😭😂✌️|Chilly Reception|p1a: BoySlowDown😭😂✌️
|-weather|Snowscape
|
|t:|1781124599
|switch|p1a: Dragoonette|Dragapult, F, shiny|100/100|[from] Chilly Reception
|
|-weather|Snowscape|[upkeep]
|-damage|p2a: Iron Crown|82/100 brn|[from] brn
|upkeep
|turn|18
|
|t:|1781124607
|move|p1a: Dragoonette|U-turn|p2a: Iron Crown
|-damage|p2a: Iron Crown|62/100 brn
|
|t:|1781124610
|switch|p1a: BoySlowDown😭😂✌️|Slowking-Galar, F, shiny|87/100|[from] U-turn
|move|p2a: Iron Crown|Tachyon Cutter|p1a: BoySlowDown😭😂✌️
|-damage|p1a: BoySlowDown😭😂✌️|67/100
|-damage|p1a: BoySlowDown😭😂✌️|44/100
|-hitcount|p1a: BoySlowDown😭😂✌️|2
|
|-weather|Snowscape|[upkeep]
|-damage|p2a: Iron Crown|56/100 brn|[from] brn
|upkeep
|turn|19
|
|t:|1781124614
|move|p2a: Iron Crown|Tachyon Cutter|p1a: BoySlowDown😭😂✌️
|-damage|p1a: BoySlowDown😭😂✌️|24/100
|-damage|p1a: BoySlowDown😭😂✌️|1/100
|-hitcount|p1a: BoySlowDown😭😂✌️|2
|-prepare|p1a: BoySlowDown😭😂✌️|Chilly Reception|[premajor]
|move|p1a: BoySlowDown😭😂✌️|Chilly Reception|p1a: BoySlowDown😭😂✌️
|
|t:|1781124617
|switch|p1a: Dragoonette|Dragapult, F, shiny|100/100|[from] Chilly Reception
|
|-weather|Snowscape|[upkeep]
|-damage|p2a: Iron Crown|50/100 brn|[from] brn
|upkeep
|turn|20
|
|t:|1781124622
|move|p1a: Dragoonette|Hex|p2a: Iron Crown
|-supereffective|p2a: Iron Crown
|-damage|p2a: Iron Crown|0 fnt
|faint|p2a: Iron Crown
|-end|p2a: Iron Crown|Quark Drive|[silent]
|
|-weather|Snowscape|[upkeep]
|upkeep
|
|t:|1781124625
|switch|p2a: Iron Valiant|Iron Valiant|100/100
|-enditem|p2a: Iron Valiant|Booster Energy
|-activate|p2a: Iron Valiant|ability: Quark Drive|[fromitem]
|-start|p2a: Iron Valiant|quarkdrivespe
|turn|21
|
|t:|1781124635
|switch|p1a: LuLu on dat BUTT|Ting-Lu|34/100
|-damage|p1a: LuLu on dat BUTT|28/100|[from] Stealth Rock
|-ability|p1a: LuLu on dat BUTT|Vessel of Ruin
|move|p2a: Iron Valiant|Calm Mind|p2a: Iron Valiant
|-boost|p2a: Iron Valiant|spa|1
|-boost|p2a: Iron Valiant|spd|1
|
|-weather|none
|-heal|p1a: LuLu on dat BUTT|34/100|[from] item: Leftovers
|upkeep
|turn|22
|
|t:|1781124647
|-terastallize|p1a: LuLu on dat BUTT|Ghost
|move|p2a: Iron Valiant|Moonblast|p1a: LuLu on dat BUTT
|-damage|p1a: LuLu on dat BUTT|3/100
|move|p1a: LuLu on dat BUTT|Whirlwind|p2a: Iron Valiant
|-end|p2a: Iron Valiant|Quark Drive|[silent]
|drag|p2a: Kingambit|Kingambit, F|100/100
|-activate|p2a: Kingambit|ability: Supreme Overlord
|-start|p2a: Kingambit|fallen3|[silent]
|
|-heal|p1a: LuLu on dat BUTT|9/100|[from] item: Leftovers
|upkeep
|turn|23
|
|t:|1781124653
|-end|p2a: Kingambit|fallen3|[silent]
|switch|p2a: Iron Valiant|Iron Valiant|100/100
|move|p1a: LuLu on dat BUTT|Ruination|p2a: Iron Valiant
|-damage|p2a: Iron Valiant|51/100
|
|-heal|p1a: LuLu on dat BUTT|15/100|[from] item: Leftovers
|upkeep
|turn|24
|
|t:|1781124657
|move|p2a: Iron Valiant|Moonblast|p1a: LuLu on dat BUTT
|-damage|p1a: LuLu on dat BUTT|0 fnt
|faint|p1a: LuLu on dat BUTT
|
|upkeep
|
|t:|1781124659
|switch|p1a: Dragoonette|Dragapult, F, shiny|100/100
|turn|25
|
|t:|1781124662
|move|p1a: Dragoonette|Hex|p2a: Iron Valiant
|-damage|p2a: Iron Valiant|6/100
|move|p2a: Iron Valiant|Moonblast|p1a: Dragoonette
|-supereffective|p1a: Dragoonette
|-damage|p1a: Dragoonette|0 fnt
|faint|p1a: Dragoonette
|
|upkeep
|
|t:|1781124668
|switch|p1a: BillionsMustIDef|Zamazenta|100/100
|-damage|p1a: BillionsMustIDef|94/100|[from] Stealth Rock
|-ability|p1a: BillionsMustIDef|Dauntless Shield|boost
|-boost|p1a: BillionsMustIDef|def|1
|turn|26
|
|t:|1781124672
|move|p1a: BillionsMustIDef|Crunch|p2a: Iron Valiant
|-resisted|p2a: Iron Valiant
|-damage|p2a: Iron Valiant|0 fnt
|faint|p2a: Iron Valiant
|-end|p2a: Iron Valiant|Quark Drive|[silent]
|
|-heal|p1a: BillionsMustIDef|100/100|[from] item: Leftovers
|upkeep
|
|t:|1781124679
|switch|p2a: Kyurem|Kyurem|100/100
|-ability|p2a: Kyurem|Pressure
|turn|27
|
|t:|1781124682
|move|p1a: BillionsMustIDef|Body Press|p2a: Kyurem
|-supereffective|p2a: Kyurem
|-damage|p2a: Kyurem|10/100
|move|p2a: Kyurem|Dragon Dance|p2a: Kyurem
|-boost|p2a: Kyurem|atk|1
|-boost|p2a: Kyurem|spe|1
|
|upkeep
|turn|28
|
|t:|1781124686
|move|p2a: Kyurem|Icicle Spear|p1a: BillionsMustIDef
|-damage|p1a: BillionsMustIDef|91/100
|-damage|p1a: BillionsMustIDef|80/100
|-damage|p1a: BillionsMustIDef|70/100
|-damage|p1a: BillionsMustIDef|61/100
|-hitcount|p1a: BillionsMustIDef|4
|move|p1a: BillionsMustIDef|Body Press|p2a: Kyurem
|-supereffective|p2a: Kyurem
|-damage|p2a: Kyurem|0 fnt
|faint|p2a: Kyurem
|
|-heal|p1a: BillionsMustIDef|68/100|[from] item: Leftovers
|upkeep
|
|t:|1781124693
|switch|p2a: Kingambit|Kingambit, F|100/100
|-activate|p2a: Kingambit|ability: Supreme Overlord
|-start|p2a: Kingambit|fallen5|[silent]
|turn|29
|
|t:|1781124695
|-terastallize|p2a: Kingambit|Ghost
|move|p1a: BillionsMustIDef|Iron Defense|p1a: BillionsMustIDef
|-boost|p1a: BillionsMustIDef|def|2
|move|p2a: Kingambit|Swords Dance|p2a: Kingambit
|-boost|p2a: Kingambit|atk|2
|
|-heal|p1a: BillionsMustIDef|74/100|[from] item: Leftovers
|upkeep
|turn|30
|
|t:|1781124700
|move|p1a: BillionsMustIDef|Iron Defense|p1a: BillionsMustIDef
|-boost|p1a: BillionsMustIDef|def|2
|move|p2a: Kingambit|Swords Dance|p2a: Kingambit
|-boost|p2a: Kingambit|atk|2
|
|-heal|p1a: BillionsMustIDef|80/100|[from] item: Leftovers
|upkeep
|turn|31
|
|t:|1781124702
|move|p1a: BillionsMustIDef|Iron Defense|p1a: BillionsMustIDef
|-boost|p1a: BillionsMustIDef|def|1
|move|p2a: Kingambit|Swords Dance|p2a: Kingambit
|-boost|p2a: Kingambit|atk|2
|
|-heal|p1a: BillionsMustIDef|86/100|[from] item: Leftovers
|upkeep
|turn|32
|
|t:|1781124708
|move|p1a: BillionsMustIDef|Crunch|p2a: Kingambit
|-supereffective|p2a: Kingambit
|-damage|p2a: Kingambit|62/100
|move|p2a: Kingambit|Iron Head|p1a: BillionsMustIDef
|-damage|p1a: BillionsMustIDef|30/100
|
|-heal|p1a: BillionsMustIDef|36/100|[from] item: Leftovers
|-heal|p2a: Kingambit|68/100|[from] item: Leftovers
|upkeep
|turn|33
|
|t:|1781124713
|move|p1a: BillionsMustIDef|Crunch|p2a: Kingambit
|-supereffective|p2a: Kingambit
|-damage|p2a: Kingambit|24/100
|move|p2a: Kingambit|Iron Head|p1a: BillionsMustIDef
|-damage|p1a: BillionsMustIDef|0 fnt
|faint|p1a: BillionsMustIDef
|
|-heal|p2a: Kingambit|30/100|[from] item: Leftovers
|upkeep
|
|t:|1781124717
|switch|p1a: Autozone Meatballs|Weezing-Galar, F|100/100
|-ability|p1a: Autozone Meatballs|Neutralizing Gas
|turn|34
|
|t:|1781124721
|move|p2a: Kingambit|Iron Head|p1a: Autozone Meatballs
|-supereffective|p1a: Autozone Meatballs
|-damage|p1a: Autozone Meatballs|0 fnt
|faint|p1a: Autozone Meatballs
|-end|p1a: Autozone Meatballs|ability: Neutralizing Gas
|-activate|p2a: Kingambit|ability: Supreme Overlord
|-start|p2a: Kingambit|fallen5|[silent]
|
|-heal|p2a: Kingambit|36/100|[from] item: Leftovers
|upkeep
|-message|Palm X forfeited.
|
|win|blackgokuking
|raw|Palm X's rating: 1689 &rarr; <strong>1668</strong><br />(-21 for losing)
|raw|blackgokuking's rating: 1676 &rarr; <strong>1697</strong><br />(+21 for winning)
|l|☆Palm X
|player|p1|
|l|☆blackgokuking
|player|p2|
