|badge|p2|bronze|gen9ou|100-9
|uhtml|medal-msg|<div class="broadcast-blue">Curious what those medals under the avatar are? PS now has Ladder Seasons! For more information, check out the <a href="https://www.smogon.com/forums/threads/3740067/">thread on Smogon.</a></div>
|j|☆1200s chud
|j|☆Auburn Hills
|t:|1780957141
|gametype|singles
|player|p1|1200s chud|preschooler|1744
|player|p2|Auburn Hills|alder|1853
|gen|9
|tier|[Gen 9] OU
|rated|
|rule|HP Percentage Mod: HP is shown in percentages
|rule|Endless Battle Clause: Forcing endless battles is banned
|rule|Species Clause: Limit one of each Pokémon
|rule|OHKO Clause: OHKO moves are banned
|rule|Evasion Items Clause: Evasion items are banned
|rule|Evasion Moves Clause: Evasion moves are banned
|rule|Evasion Abilities Clause: Evasion abilities are banned
|rule|Sleep Moves Clause: Sleep-inducing moves are banned
|clearpoke
|poke|p1|Iron Thorns|
|poke|p1|Ribombee, M|
|poke|p1|Gholdengo|
|poke|p1|Quaquaval, M|
|poke|p1|Ceruledge, M|
|poke|p1|Ursaluna, F|
|poke|p2|Iron Moth|
|poke|p2|Umbreon, M|
|poke|p2|Garchomp, F|
|poke|p2|Glimmora, F|
|poke|p2|Gholdengo|
|poke|p2|Dragonite, M|
|teampreview
|inactive|Battle timer is ON: inactive players will automatically lose when time's up. (requested by 1200s chud)
|
|t:|1780957147
|teamsize|p1|6
|teamsize|p2|6
|start
|switch|p1a: AintCaughtThePlot|Gholdengo|100/100
|switch|p2a: Glimmora|Glimmora, F|100/100
|turn|1
|
|t:|1780957167
|move|p2a: Glimmora|Earth Power|p1a: AintCaughtThePlot
|-supereffective|p1a: AintCaughtThePlot
|-damage|p1a: AintCaughtThePlot|23/100
|move|p1a: AintCaughtThePlot|Make It Rain|p2a: Glimmora
|-supereffective|p2a: Glimmora
|-enditem|p2a: Glimmora|Focus Sash
|-damage|p2a: Glimmora|1/100
|-unboost|p1a: AintCaughtThePlot|spa|1
|
|upkeep
|turn|2
|-enditem|p1a: AintCaughtThePlot|Custap Berry|[eat]
|-activate|p1a: AintCaughtThePlot|item: Custap Berry|[consumed]
|
|t:|1780957170
|move|p1a: AintCaughtThePlot|Shadow Ball|p2a: Glimmora
|-damage|p2a: Glimmora|0 fnt
|faint|p2a: Glimmora
|
|upkeep
|
|t:|1780957177
|switch|p2a: Smino|Gholdengo|100/100
|turn|3
|
|t:|1780957183
|move|p2a: Smino|Make It Rain|p1a: AintCaughtThePlot
|-resisted|p1a: AintCaughtThePlot
|-damage|p1a: AintCaughtThePlot|0 fnt
|-unboost|p2a: Smino|spa|1
|faint|p1a: AintCaughtThePlot
|
|upkeep
|
|t:|1780957194
|switch|p1a: Mr.EnjoyDaDances|Iron Thorns|100/100
|-enditem|p1a: Mr.EnjoyDaDances|Booster Energy
|-activate|p1a: Mr.EnjoyDaDances|ability: Quark Drive|[fromitem]
|-start|p1a: Mr.EnjoyDaDances|quarkdriveatk
|turn|4
|j| dilf huntr
|
|t:|1780957200
|switch|p2a: Rat Tally|Garchomp, F|100/100
|move|p1a: Mr.EnjoyDaDances|Dragon Dance|p1a: Mr.EnjoyDaDances
|-boost|p1a: Mr.EnjoyDaDances|atk|1
|-boost|p1a: Mr.EnjoyDaDances|spe|1
|
|upkeep
|turn|5
|
|t:|1780957207
|-terastallize|p2a: Rat Tally|Poison
|move|p1a: Mr.EnjoyDaDances|Ice Punch|p2a: Rat Tally
|-damage|p2a: Rat Tally|50/100
|-damage|p1a: Mr.EnjoyDaDances|88/100|[from] ability: Rough Skin|[of] p2a: Rat Tally
|move|p2a: Rat Tally|Scale Shot|p1a: Mr.EnjoyDaDances
|-damage|p1a: Mr.EnjoyDaDances|77/100
|-damage|p1a: Mr.EnjoyDaDances|63/100
|-damage|p1a: Mr.EnjoyDaDances|50/100
|-damage|p1a: Mr.EnjoyDaDances|39/100
|-hitcount|p1a: Mr.EnjoyDaDances|4
|-unboost|p2a: Rat Tally|def|1
|-boost|p2a: Rat Tally|spe|1
|
|upkeep
|turn|6
|
|t:|1780957219
|-end|p1a: Mr.EnjoyDaDances|Quark Drive|[silent]
|switch|p1a: HighOffDaPack|Ceruledge, M|100/100
|-item|p1a: HighOffDaPack|Air Balloon
|move|p2a: Rat Tally|Earthquake|p1a: HighOffDaPack
|-immune|p1a: HighOffDaPack
|
|upkeep
|turn|7
|
|t:|1780957222
|switch|p1a: SupremeClientele|Ribombee, M|100/100
|move|p2a: Rat Tally|Scale Shot|p1a: SupremeClientele
|-immune|p1a: SupremeClientele
|
|upkeep
|turn|8
|
|t:|1780957232
|move|p2a: Rat Tally|Poison Jab|p1a: SupremeClientele
|-supereffective|p1a: SupremeClientele
|-enditem|p1a: SupremeClientele|Focus Sash
|-damage|p1a: SupremeClientele|1/100
|move|p1a: SupremeClientele|Stun Spore|p2a: Rat Tally
|-status|p2a: Rat Tally|par
|
|upkeep
|turn|9
|
|t:|1780957237
|switch|p2a: Carly Rae|Iron Moth|100/100
|-enditem|p2a: Carly Rae|Booster Energy
|-activate|p2a: Carly Rae|ability: Quark Drive|[fromitem]
|-start|p2a: Carly Rae|quarkdrivespe
|move|p1a: SupremeClientele|Sticky Web|p2a: Carly Rae
|-sidestart|p2: Auburn Hills|move: Sticky Web
|
|upkeep
|turn|10
|
|t:|1780957240
|move|p2a: Carly Rae|Fiery Dance|p1a: SupremeClientele
|-supereffective|p1a: SupremeClientele
|-damage|p1a: SupremeClientele|0 fnt
|-boost|p2a: Carly Rae|spa|1
|faint|p1a: SupremeClientele
|
|upkeep
|
|t:|1780957250
|switch|p1a: SmokingOnYaCore|Ursaluna, F|100/100
|turn|11
|
|t:|1780957254
|move|p2a: Carly Rae|Fiery Dance|p1a: SmokingOnYaCore
|-damage|p1a: SmokingOnYaCore|39/100
|move|p1a: SmokingOnYaCore|Headlong Rush|p2a: Carly Rae
|-supereffective|p2a: Carly Rae
|-damage|p2a: Carly Rae|0 fnt
|-unboost|p1a: SmokingOnYaCore|def|1
|-unboost|p1a: SmokingOnYaCore|spd|1
|faint|p2a: Carly Rae
|-end|p2a: Carly Rae|Quark Drive|[silent]
|
|-status|p1a: SmokingOnYaCore|brn|[from] item: Flame Orb
|upkeep
|
|t:|1780957258
|switch|p2a: Elucid|Dragonite, M|100/100
|turn|12
|
|t:|1780957262
|move|p2a: Elucid|Ice Spinner|p1a: SmokingOnYaCore
|-supereffective|p1a: SmokingOnYaCore
|-damage|p1a: SmokingOnYaCore|0 fnt
|faint|p1a: SmokingOnYaCore
|
|upkeep
|
|t:|1780957268
|switch|p1a: RomeBeenSteppin|Quaquaval, M|100/100
|turn|13
|
|t:|1780957272
|move|p1a: RomeBeenSteppin|Triple Axel|p2a: Elucid
|-supereffective|p2a: Elucid
|-damage|p2a: Elucid|79/100
|-supereffective|p2a: Elucid
|-damage|p2a: Elucid|2/100
|-supereffective|p2a: Elucid
|-crit|p2a: Elucid
|-damage|p2a: Elucid|0 fnt
|faint|p2a: Elucid
|-ability|p1a: RomeBeenSteppin|Moxie|boost
|-boost|p1a: RomeBeenSteppin|atk|1
|-hitcount|p2: Elucid|3
|-damage|p1a: RomeBeenSteppin|91/100|[from] item: Life Orb
|
|upkeep
|
|t:|1780957275
|switch|p2a: Smino|Gholdengo|100/100
|-activate|p2a: Smino|move: Sticky Web
|-unboost|p2a: Smino|spe|1
|turn|14
|j| ChrisIs#1
|
|t:|1780957282
|move|p2a: Smino|Psyshock|p1a: RomeBeenSteppin
|-supereffective|p1a: RomeBeenSteppin
|-damage|p1a: RomeBeenSteppin|10/100
|move|p1a: RomeBeenSteppin|Aqua Step|p2a: Smino
|-damage|p2a: Smino|15/100
|-boost|p1a: RomeBeenSteppin|spe|1
|-damage|p1a: RomeBeenSteppin|0 fnt|[from] item: Life Orb
|faint|p1a: RomeBeenSteppin
|
|upkeep
|
|t:|1780957288
|switch|p1a: HighOffDaPack|Ceruledge, M|100/100
|-item|p1a: HighOffDaPack|Air Balloon
|turn|15
|
|t:|1780957299
|switch|p2a: Alvvays|Umbreon, M|100/100
|-activate|p2a: Alvvays|move: Sticky Web
|-unboost|p2a: Alvvays|spe|1
|switch|p1a: Mr.EnjoyDaDances|Iron Thorns|39/100
|
|upkeep
|turn|16
|
|t:|1780957303
|move|p1a: Mr.EnjoyDaDances|Supercell Slam|p2a: Alvvays
|-damage|p2a: Alvvays|61/100
|move|p2a: Alvvays|Foul Play|p1a: Mr.EnjoyDaDances
|-damage|p1a: Mr.EnjoyDaDances|0 fnt
|faint|p1a: Mr.EnjoyDaDances
|-end|p1a: Mr.EnjoyDaDances|Quark Drive|[silent]
|
|-heal|p2a: Alvvays|67/100|[from] item: Leftovers
|upkeep
|
|t:|1780957306
|switch|p1a: HighOffDaPack|Ceruledge, M|100/100
|-item|p1a: HighOffDaPack|Air Balloon
|turn|17
|
|t:|1780957309
|-terastallize|p1a: HighOffDaPack|Fairy
|move|p1a: HighOffDaPack|Swords Dance|p1a: HighOffDaPack
|-boost|p1a: HighOffDaPack|atk|2
|move|p2a: Alvvays|Foul Play|p1a: HighOffDaPack
|-resisted|p1a: HighOffDaPack
|-damage|p1a: HighOffDaPack|25/100
|-ability|p1a: HighOffDaPack|Weak Armor|boost
|-unboost|p1a: HighOffDaPack|def|1
|-boost|p1a: HighOffDaPack|spe|2
|-enditem|p1a: HighOffDaPack|Air Balloon
|
|-heal|p2a: Alvvays|73/100|[from] item: Leftovers
|upkeep
|turn|18
|
|t:|1780957314
|move|p2a: Alvvays|Protect|p2a: Alvvays
|-singleturn|p2a: Alvvays|Protect
|move|p1a: HighOffDaPack|Bitter Blade|p2a: Alvvays
|-activate|p2a: Alvvays|move: Protect
|
|-heal|p2a: Alvvays|79/100|[from] item: Leftovers
|upkeep
|turn|19
|
|t:|1780957320
|move|p1a: HighOffDaPack|Bitter Blade|p2a: Alvvays
|-damage|p2a: Alvvays|4/100
|-heal|p1a: HighOffDaPack|75/100|[from] drain|[of] p2a: Alvvays
|move|p2a: Alvvays|Foul Play|p1a: HighOffDaPack
|-resisted|p1a: HighOffDaPack
|-damage|p1a: HighOffDaPack|0 fnt
|faint|p1a: HighOffDaPack
|
|win|Auburn Hills
|raw|1200s chud's rating: 1744 &rarr; <strong>1730</strong><br />(-14 for losing)
|raw|Auburn Hills's rating: 1853 &rarr; <strong>1867</strong><br />(+14 for winning)
|l|☆1200s chud
|player|p1|
|l|☆Auburn Hills
|player|p2|
|l| dilf huntr
|l| ChrisIs#1
