|j|☆Kochu_shak ㋛
|j|☆KurisuChestnutLab
|t:|1781159877
|gametype|singles
|player|p1|Kochu_shak ㋛|169|1777
|player|p2|KurisuChestnutLab|may-contest|1580
|gen|9
|tier|[Gen 9] OU
|rated|
|rule|HP Percentage Mod: HP is shown in percentages
|rule|Endless Battle Clause: Forcing endless battles is banned
|rule|Species Clause: Limit one of each Pokémon
|rule|OHKO Clause: OHKO moves are banned
|rule|Evasion Items Clause: Evasion items are banned
|rule|Evasion Moves Clause: Evasion moves are banned
|rule|Evasion Abilities Clause: Evasion abilities are banned
|rule|Sleep Moves Clause: Sleep-inducing moves are banned
|clearpoke
|poke|p1|Araquanid, F|
|poke|p1|Gholdengo|
|poke|p1|Iron Moth|
|poke|p1|Iron Valiant|
|poke|p1|Raging Bolt|
|poke|p1|Kingambit, F|
|poke|p2|Primarina, M|
|poke|p2|Hippowdon, F|
|poke|p2|Skarmory, F|
|poke|p2|Zapdos|
|poke|p2|Dragonite, F|
|poke|p2|Slowking, M|
|teampreview
|inactive|Battle timer is ON: inactive players will automatically lose when time's up. (requested by Kochu_shak ㋛)
|inactive|KurisuChestnutLab also wants the timer to be on.
|inactive|Kochu_shak ㋛ has 120 seconds left.
|j| Nakoruru_XD
|j| tatam1 galaxy‽
|l| tatam1 galaxy‽
|inactive|Kochu_shak ㋛ has 90 seconds left.
|j| tatam1 galaxy‽
|j| PTfls
|inactive|Kochu_shak ㋛ has 60 seconds left.
|
|t:|1781159989
|teamsize|p1|6
|teamsize|p2|6
|start
|switch|p1a: QUIL|Araquanid, F|100/100
|switch|p2a: Primarina|Primarina, M|100/100
|turn|1
|
|t:|1781159998
|move|p2a: Primarina|Moonblast|p1a: QUIL
|-damage|p1a: QUIL|65/100
|-unboost|p1a: QUIL|spa|1
|move|p1a: QUIL|Lunge|p2a: Primarina
|-resisted|p2a: Primarina
|-damage|p2a: Primarina|87/100
|-unboost|p2a: Primarina|atk|1
|
|upkeep
|turn|2
|
|t:|1781160005
|move|p2a: Primarina|Moonblast|p1a: QUIL
|-damage|p1a: QUIL|30/100
|move|p1a: QUIL|Endeavor|p2a: Primarina
|-damage|p2a: Primarina|28/100
|
|upkeep
|turn|3
|
|t:|1781160011
|move|p2a: Primarina|Moonblast|p1a: QUIL
|-damage|p1a: QUIL|0 fnt
|faint|p1a: QUIL
|
|upkeep
|
|t:|1781160032
|switch|p1a: DELI|Raging Bolt|100/100
|-enditem|p1a: DELI|Booster Energy
|-activate|p1a: DELI|ability: Protosynthesis|[fromitem]
|-start|p1a: DELI|protosynthesisspa
|turn|4
|
|t:|1781160038
|switch|p2a: Hippowdon|Hippowdon, F|100/100
|-weather|Sandstorm|[from] ability: Sand Stream|[of] p2a: Hippowdon
|move|p1a: DELI|Thunderbolt|p2a: Hippowdon
|-immune|p2a: Hippowdon
|
|-weather|Sandstorm|[upkeep]
|-damage|p1a: DELI|94/100|[from] Sandstorm
|upkeep
|turn|5
|
|t:|1781160041
|move|p1a: DELI|Dragon Pulse|p2a: Hippowdon
|-damage|p2a: Hippowdon|33/100
|move|p2a: Hippowdon|Slack Off|p2a: Hippowdon
|-heal|p2a: Hippowdon|83/100
|
|-weather|Sandstorm|[upkeep]
|-damage|p1a: DELI|88/100|[from] Sandstorm
|-heal|p2a: Hippowdon|89/100|[from] item: Leftovers
|upkeep
|turn|6
|
|t:|1781160046
|move|p1a: DELI|Calm Mind|p1a: DELI
|-boost|p1a: DELI|spa|1
|-boost|p1a: DELI|spd|1
|move|p2a: Hippowdon|Earthquake|p1a: DELI
|-supereffective|p1a: DELI
|-damage|p1a: DELI|11/100
|
|-weather|Sandstorm|[upkeep]
|-damage|p1a: DELI|5/100|[from] Sandstorm
|-heal|p2a: Hippowdon|95/100|[from] item: Leftovers
|upkeep
|turn|7
|
|t:|1781160052
|switch|p2a: Primarina|Primarina, M|28/100
|move|p1a: DELI|Dragon Pulse|p2a: Primarina
|-immune|p2a: Primarina
|
|-weather|Sandstorm|[upkeep]
|-damage|p1a: DELI|0 fnt|[from] Sandstorm
|-damage|p2a: Primarina|22/100|[from] Sandstorm
|faint|p1a: DELI
|-end|p1a: DELI|Protosynthesis|[silent]
|upkeep
|inactive|Kochu_shak ㋛ has 120 seconds left.
|
|t:|1781160076
|switch|p1a: CALA|Iron Moth|100/100
|-enditem|p1a: CALA|Booster Energy
|-activate|p1a: CALA|ability: Quark Drive|[fromitem]
|-start|p1a: CALA|quarkdrivespa
|turn|8
|
|t:|1781160082
|move|p1a: CALA|Energy Ball|p2a: Primarina
|-supereffective|p2a: Primarina
|-damage|p2a: Primarina|0 fnt
|faint|p2a: Primarina
|
|-weather|none
|upkeep
|
|t:|1781160090
|switch|p2a: Dragonite|Dragonite, F|100/100
|turn|9
|inactive|Kochu_shak ㋛ has 120 seconds left.
|j| kanaete onegai
|inactive|Kochu_shak ㋛ has 90 seconds left.
|
|t:|1781160164
|-terastallize|p1a: CALA|Grass
|move|p1a: CALA|Sludge Wave|p2a: Dragonite
|-damage|p2a: Dragonite|64/100
|move|p2a: Dragonite|Dragon Dance|p2a: Dragonite
|-boost|p2a: Dragonite|atk|1
|-boost|p2a: Dragonite|spe|1
|
|upkeep
|turn|10
|j| Krokmouyoyo
|
|t:|1781160171
|-terastallize|p2a: Dragonite|Normal
|move|p2a: Dragonite|Extreme Speed|p1a: CALA
|-damage|p1a: CALA|0 fnt
|faint|p1a: CALA
|-end|p1a: CALA|Quark Drive|[silent]
|
|upkeep
|
|t:|1781160177
|switch|p1a: TREE?|Gholdengo|100/100
|-item|p1a: TREE?|Air Balloon
|turn|11
|
|t:|1781160183
|move|p2a: Dragonite|Roost|p2a: Dragonite
|-heal|p2a: Dragonite|100/100
|move|p1a: TREE?|Make It Rain|p2a: Dragonite
|-damage|p2a: Dragonite|70/100
|-unboost|p1a: TREE?|spa|1
|
|upkeep
|turn|12
|inactive|Kochu_shak ㋛ has 90 seconds left.
|
|t:|1781160203
|switch|p2a: Zapdos|Zapdos|100/100
|switch|p1a: SUPA|Kingambit, F|100/100
|-activate|p1a: SUPA|ability: Supreme Overlord
|-start|p1a: SUPA|fallen3|[silent]
|-item|p1a: SUPA|Air Balloon
|
|upkeep
|turn|13
|
|t:|1781160215
|move|p2a: Zapdos|Heat Wave|p1a: SUPA
|-supereffective|p1a: SUPA
|-damage|p1a: SUPA|42/100
|-enditem|p1a: SUPA|Air Balloon
|move|p1a: SUPA|Swords Dance|p1a: SUPA
|-boost|p1a: SUPA|atk|2
|
|upkeep
|turn|14
|
|t:|1781160221
|move|p1a: SUPA|Sucker Punch|p2a: Zapdos
|-damage|p2a: Zapdos|26/100
|-status|p1a: SUPA|par|[from] ability: Static|[of] p2a: Zapdos
|move|p2a: Zapdos|Heat Wave|p1a: SUPA
|-supereffective|p1a: SUPA
|-damage|p1a: SUPA|0 fnt
|faint|p1a: SUPA
|-end|p1a: SUPA|fallen3|[silent]
|
|upkeep
|
|t:|1781160225
|switch|p1a: QUZZ|Iron Valiant|100/100
|-enditem|p1a: QUZZ|Booster Energy
|-activate|p1a: QUZZ|ability: Quark Drive|[fromitem]
|-start|p1a: QUZZ|quarkdrivespa
|turn|15
|
|t:|1781160231
|switch|p2a: Slowking|Slowking, M|100/100
|move|p1a: QUZZ|Moonblast|p2a: Slowking
|-damage|p2a: Slowking|59/100
|
|upkeep
|turn|16
|
|t:|1781160237
|move|p1a: QUZZ|Shadow Ball|p2a: Slowking
|-supereffective|p2a: Slowking
|-crit|p2a: Slowking
|-damage|p2a: Slowking|0 fnt
|faint|p2a: Slowking
|
|upkeep
|
|t:|1781160245
|switch|p2a: Skarmory|Skarmory, F|100/100
|turn|17
|
|t:|1781160254
|-end|p1a: QUZZ|Quark Drive|[silent]
|switch|p1a: TREE?|Gholdengo|100/100
|-item|p1a: TREE?|Air Balloon
|move|p2a: Skarmory|Iron Head|p1a: TREE?
|-resisted|p1a: TREE?
|-damage|p1a: TREE?|87/100
|-enditem|p1a: TREE?|Air Balloon
|
|upkeep
|turn|18
|inactive|Kochu_shak ㋛ has 120 seconds left.
|
|t:|1781160264
|move|p1a: TREE?|Shadow Ball|p2a: Skarmory
|-damage|p2a: Skarmory|45/100
|move|p2a: Skarmory|Spikes|p1a: TREE?
|-sidestart|p1: Kochu_shak ㋛|Spikes
|
|-heal|p2a: Skarmory|51/100|[from] item: Leftovers
|upkeep
|turn|19
|inactive|Kochu_shak ㋛ has 120 seconds left.
|
|t:|1781160278
|switch|p2a: Zapdos|Zapdos|26/100
|move|p1a: TREE?|Shadow Ball|p2a: Zapdos
|-damage|p2a: Zapdos|0 fnt
|faint|p2a: Zapdos
|
|upkeep
|
|t:|1781160283
|switch|p2a: Dragonite|Dragonite, F, tera:Normal|70/100
|turn|20
|
|t:|1781160288
|move|p1a: TREE?|Make It Rain|p2a: Dragonite
|-damage|p2a: Dragonite|1/100
|-unboost|p1a: TREE?|spa|1
|move|p2a: Dragonite|Dragon Dance|p2a: Dragonite
|-boost|p2a: Dragonite|atk|1
|-boost|p2a: Dragonite|spe|1
|
|upkeep
|turn|21
|
|t:|1781160291
|move|p2a: Dragonite|Earthquake|p1a: TREE?
|-supereffective|p1a: TREE?
|-damage|p1a: TREE?|0 fnt
|faint|p1a: TREE?
|
|upkeep
|
|t:|1781160294
|switch|p1a: QUZZ|Iron Valiant|100/100
|-damage|p1a: QUZZ|88/100|[from] Spikes
|turn|22
|
|t:|1781160300
|move|p2a: Dragonite|Extreme Speed|p1a: QUZZ
|-damage|p1a: QUZZ|0 fnt
|faint|p1a: QUZZ
|-end|p1a: QUZZ|Quark Drive|[silent]
|
|win|KurisuChestnutLab
|raw|Kochu_shak ㋛'s rating: 1777 &rarr; <strong>1747</strong><br />(-30 for losing)
|raw|KurisuChestnutLab's rating: 1580 &rarr; <strong>1610</strong><br />(+30 for winning)
|l|☆KurisuChestnutLab
|player|p2|
|l| tatam1 galaxy‽
|l| Krokmouyoyo
|l| PTfls
