|j|☆U_Quokka
|j|☆Rj yoip
|t:|1781580168
|gametype|singles
|player|p1|U_Quokka|iono|1596
|player|p2|Rj yoip|caitlin-masters|1693
|gen|9
|tier|[Gen 9] OU
|rated|
|rule|HP Percentage Mod: HP is shown in percentages
|rule|Endless Battle Clause: Forcing endless battles is banned
|rule|Species Clause: Limit one of each Pokémon
|rule|OHKO Clause: OHKO moves are banned
|rule|Evasion Items Clause: Evasion items are banned
|rule|Evasion Moves Clause: Evasion moves are banned
|rule|Evasion Abilities Clause: Evasion abilities are banned
|rule|Sleep Moves Clause: Sleep-inducing moves are banned
|clearpoke
|poke|p1|Heracross, M|
|poke|p1|Alomomola, F|
|poke|p1|Slowking-Galar, F|
|poke|p1|Gliscor, F|
|poke|p1|Iron Treads|
|poke|p1|Darkrai|
|poke|p2|Tyranitar, M|
|poke|p2|Hydrapple, M|
|poke|p2|Enamorus, F|
|poke|p2|Garganacl, F|
|poke|p2|Excadrill, M|
|poke|p2|Alomomola, F|
|teampreview
|inactive|Battle timer is ON: inactive players will automatically lose when time's up. (requested by Rj yoip)
|
|t:|1781580180
|teamsize|p1|6
|teamsize|p2|6
|start
|switch|p1a: Gliscor|Gliscor, F|100/100
|switch|p2a: Alomomola|Alomomola, F|100/100
|turn|1
|
|t:|1781580182
|move|p1a: Gliscor|Protect|p1a: Gliscor
|-singleturn|p1a: Gliscor|Protect
|move|p2a: Alomomola|Scald|p1a: Gliscor
|-activate|p1a: Gliscor|move: Protect
|
|-status|p1a: Gliscor|tox|[from] item: Toxic Orb
|upkeep
|turn|2
|
|t:|1781580184
|move|p1a: Gliscor|Knock Off|p2a: Alomomola
|-damage|p2a: Alomomola|85/100
|-enditem|p2a: Alomomola|Assault Vest|[from] move: Knock Off|[of] p1a: Gliscor
|move|p2a: Alomomola|Flip Turn|p1a: Gliscor
|-supereffective|p1a: Gliscor
|-damage|p1a: Gliscor|73/100 tox
|
|t:|1781580189
|switch|p2a: Garganacl|Garganacl, F|100/100|[from] Flip Turn
|
|-heal|p1a: Gliscor|86/100 tox|[from] ability: Poison Heal
|upkeep
|turn|3
|
|t:|1781580195
|move|p1a: Gliscor|Spikes|p2a: Garganacl
|-sidestart|p2: Rj yoip|Spikes
|move|p2a: Garganacl|Salt Cure|p1a: Gliscor
|-damage|p1a: Gliscor|74/100 tox
|-start|p1a: Gliscor|Salt Cure
|
|-heal|p1a: Gliscor|86/100 tox|[from] ability: Poison Heal
|-damage|p1a: Gliscor|74/100 tox|[from] Salt Cure
|upkeep
|turn|4
|
|t:|1781580198
|move|p1a: Gliscor|Knock Off|p2a: Garganacl
|-damage|p2a: Garganacl|86/100
|-enditem|p2a: Garganacl|Leftovers|[from] move: Knock Off|[of] p1a: Gliscor
|move|p2a: Garganacl|Stealth Rock|p1a: Gliscor
|-sidestart|p1: U_Quokka|move: Stealth Rock
|
|-heal|p1a: Gliscor|86/100 tox|[from] ability: Poison Heal
|-damage|p1a: Gliscor|74/100 tox|[from] Salt Cure
|upkeep
|turn|5
|
|t:|1781580200
|move|p1a: Gliscor|Earthquake|p2a: Garganacl
|-supereffective|p2a: Garganacl
|-damage|p2a: Garganacl|43/100
|move|p2a: Garganacl|Salt Cure|p1a: Gliscor
|-damage|p1a: Gliscor|62/100 tox
|
|-heal|p1a: Gliscor|74/100 tox|[from] ability: Poison Heal
|-damage|p1a: Gliscor|62/100 tox|[from] Salt Cure
|upkeep
|turn|6
|
|t:|1781580210
|switch|p1a: Iron Treads|Iron Treads|100/100
|move|p2a: Garganacl|Recover|p2a: Garganacl
|-heal|p2a: Garganacl|93/100
|
|upkeep
|turn|7
|
|t:|1781580216
|move|p1a: Iron Treads|Stealth Rock|p2a: Garganacl
|-sidestart|p2: Rj yoip|move: Stealth Rock
|move|p2a: Garganacl|Salt Cure|p1a: Iron Treads
|-resisted|p1a: Iron Treads
|-damage|p1a: Iron Treads|97/100
|-start|p1a: Iron Treads|Salt Cure
|
|-damage|p1a: Iron Treads|73/100|[from] Salt Cure
|upkeep
|turn|8
|
|t:|1781580221
|move|p2a: Garganacl|Protect|p2a: Garganacl
|-singleturn|p2a: Garganacl|Protect
|move|p1a: Iron Treads|Earthquake|p2a: Garganacl
|-activate|p2a: Garganacl|move: Protect
|
|-damage|p1a: Iron Treads|48/100|[from] Salt Cure
|upkeep
|turn|9
|
|t:|1781580224
|-end|p1a: Iron Treads|Quark Drive|[silent]
|switch|p1a: Gliscor|Gliscor, F|62/100 tox
|-damage|p1a: Gliscor|49/100 tox|[from] Stealth Rock
|move|p2a: Garganacl|Stealth Rock||[still]
|-fail|p2a: Garganacl
|
|-heal|p1a: Gliscor|62/100 tox|[from] ability: Poison Heal
|upkeep
|turn|10
|
|t:|1781580226
|move|p1a: Gliscor|Protect|p1a: Gliscor
|-singleturn|p1a: Gliscor|Protect
|move|p2a: Garganacl|Salt Cure|p1a: Gliscor
|-activate|p1a: Gliscor|move: Protect
|
|-heal|p1a: Gliscor|74/100 tox|[from] ability: Poison Heal
|upkeep
|turn|11
|
|t:|1781580229
|move|p1a: Gliscor|Earthquake|p2a: Garganacl
|-supereffective|p2a: Garganacl
|-damage|p2a: Garganacl|48/100
|move|p2a: Garganacl|Salt Cure|p1a: Gliscor
|-damage|p1a: Gliscor|64/100 tox
|-start|p1a: Gliscor|Salt Cure
|
|-heal|p1a: Gliscor|76/100 tox|[from] ability: Poison Heal
|-damage|p1a: Gliscor|64/100 tox|[from] Salt Cure
|upkeep
|turn|12
|
|t:|1781580234
|move|p1a: Gliscor|Protect|p1a: Gliscor
|-singleturn|p1a: Gliscor|Protect
|move|p2a: Garganacl|Recover|p2a: Garganacl
|-heal|p2a: Garganacl|98/100
|
|-heal|p1a: Gliscor|76/100 tox|[from] ability: Poison Heal
|-damage|p1a: Gliscor|64/100 tox|[from] Salt Cure
|upkeep
|turn|13
|
|t:|1781580238
|move|p2a: Garganacl|Protect|p2a: Garganacl
|-singleturn|p2a: Garganacl|Protect
|move|p1a: Gliscor|Earthquake|p2a: Garganacl
|-activate|p2a: Garganacl|move: Protect
|
|-heal|p1a: Gliscor|76/100 tox|[from] ability: Poison Heal
|-damage|p1a: Gliscor|64/100 tox|[from] Salt Cure
|upkeep
|turn|14
|
|t:|1781580246
|switch|p2a: Alomomola|Alomomola, F|100/100
|-damage|p2a: Alomomola|88/100|[from] Spikes
|-damage|p2a: Alomomola|76/100|[from] Stealth Rock
|move|p1a: Gliscor|Earthquake|p2a: Alomomola
|-damage|p2a: Alomomola|54/100
|
|-heal|p1a: Gliscor|76/100 tox|[from] ability: Poison Heal
|-damage|p1a: Gliscor|64/100 tox|[from] Salt Cure
|upkeep
|turn|15
|
|t:|1781580253
|switch|p1a: Iron Treads|Iron Treads|48/100
|move|p2a: Alomomola|Flip Turn|p1a: Iron Treads
|-supereffective|p1a: Iron Treads
|-damage|p1a: Iron Treads|18/100
|
|t:|1781580260
|switch|p2a: Enamorus|Enamorus, F|100/100|[from] Flip Turn
|-damage|p2a: Enamorus|76/100|[from] Stealth Rock
|
|upkeep
|turn|16
|
|t:|1781580263
|move|p2a: Enamorus|Moonblast|p1a: Iron Treads
|-resisted|p1a: Iron Treads
|-damage|p1a: Iron Treads|0 fnt
|faint|p1a: Iron Treads
|-end|p1a: Iron Treads|Quark Drive|[silent]
|
|upkeep
|
|t:|1781580265
|switch|p1a: Slowking|Slowking-Galar, F|100/100
|turn|17
|
|t:|1781580268
|switch|p2a: Alomomola|Alomomola, F|87/100
|-damage|p2a: Alomomola|75/100|[from] Spikes
|-damage|p2a: Alomomola|62/100|[from] Stealth Rock
|-prepare|p1a: Slowking|Chilly Reception|[premajor]
|move|p1a: Slowking|Chilly Reception|p1a: Slowking
|-weather|Snowscape
|
|t:|1781580272
|switch|p1a: Heracross|Heracross, M|100/100|[from] Chilly Reception
|-damage|p1a: Heracross|88/100|[from] Stealth Rock
|
|-weather|Snowscape|[upkeep]
|-status|p1a: Heracross|brn|[from] item: Flame Orb
|upkeep
|turn|18
|
|t:|1781580280
|-terastallize|p1a: Heracross|Fighting
|move|p1a: Heracross|Close Combat|p2a: Alomomola
|-damage|p2a: Alomomola|0 fnt
|-unboost|p1a: Heracross|def|1
|-unboost|p1a: Heracross|spd|1
|faint|p2a: Alomomola
|
|-weather|Snowscape|[upkeep]
|-damage|p1a: Heracross|82/100 brn|[from] brn
|upkeep
|
|t:|1781580282
|switch|p2a: Enamorus|Enamorus, F|76/100
|-damage|p2a: Enamorus|51/100|[from] Stealth Rock
|turn|19
|
|t:|1781580285
|switch|p2a: Tyranitar|Tyranitar, M|100/100
|-damage|p2a: Tyranitar|88/100|[from] Spikes
|-damage|p2a: Tyranitar|76/100|[from] Stealth Rock
|-weather|Sandstorm|[from] ability: Sand Stream|[of] p2a: Tyranitar
|switch|p1a: Slowking|Slowking-Galar, F|100/100
|
|-weather|Sandstorm|[upkeep]
|-damage|p1a: Slowking|94/100|[from] Sandstorm
|upkeep
|turn|20
|
|t:|1781580291
|switch|p1a: Alomomola|Alomomola, F|100/100
|move|p2a: Tyranitar|Knock Off|p1a: Alomomola
|-damage|p1a: Alomomola|58/100
|-enditem|p1a: Alomomola|Heavy-Duty Boots|[from] move: Knock Off|[of] p2a: Tyranitar
|
|-weather|Sandstorm|[upkeep]
|-damage|p1a: Alomomola|52/100|[from] Sandstorm
|upkeep
|turn|21
|
|t:|1781580294
|move|p2a: Tyranitar|Knock Off|p1a: Alomomola
|-damage|p1a: Alomomola|20/100
|move|p1a: Alomomola|Wish|p1a: Alomomola
|
|-weather|Sandstorm|[upkeep]
|-damage|p1a: Alomomola|13/100|[from] Sandstorm
|upkeep
|turn|22
|
|t:|1781580297
|switch|p2a: Hydrapple|Hydrapple, M|100/100
|-damage|p2a: Hydrapple|88/100|[from] Spikes
|-damage|p2a: Hydrapple|76/100|[from] Stealth Rock
|move|p1a: Alomomola|Protect||[still]
|-fail|p1a: Alomomola
|
|-weather|Sandstorm|[upkeep]
|-damage|p1a: Alomomola|7/100|[from] Sandstorm
|-damage|p2a: Hydrapple|70/100|[from] Sandstorm
|-heal|p1a: Alomomola|57/100|[from] move: Wish|[wisher] Alomomola
|upkeep
|turn|23
|
|t:|1781580301
|switch|p1a: Heracross|Heracross, M, tera:Fighting|82/100 brn
|-damage|p1a: Heracross|76/100 brn|[from] Stealth Rock
|move|p2a: Hydrapple|Nasty Plot|p2a: Hydrapple
|-boost|p2a: Hydrapple|spa|2
|
|-weather|none
|-damage|p1a: Heracross|70/100 brn|[from] brn
|upkeep
|turn|24
|
|t:|1781580307
|-terastallize|p2a: Hydrapple|Poison
|move|p1a: Heracross|Close Combat|p2a: Hydrapple
|-resisted|p2a: Hydrapple
|-damage|p2a: Hydrapple|35/100
|-unboost|p1a: Heracross|def|1
|-unboost|p1a: Heracross|spd|1
|-damage|p1a: Heracross|53/100 brn|[from] item: Rocky Helmet|[of] p2a: Hydrapple
|move|p2a: Hydrapple|Giga Drain|p1a: Heracross
|-damage|p1a: Heracross|0 fnt
|-heal|p2a: Hydrapple|56/100|[from] drain|[of] p1a: Heracross
|faint|p1a: Heracross
|
|upkeep
|
|t:|1781580310
|switch|p1a: Gliscor|Gliscor, F|64/100 tox
|-damage|p1a: Gliscor|52/100 tox|[from] Stealth Rock
|turn|25
|
|t:|1781580312
|move|p1a: Gliscor|Earthquake|p2a: Hydrapple
|-supereffective|p2a: Hydrapple
|-damage|p2a: Hydrapple|19/100
|move|p2a: Hydrapple|Giga Drain|p1a: Gliscor
|-damage|p1a: Gliscor|2/100 tox
|-heal|p2a: Hydrapple|40/100|[from] drain|[of] p1a: Gliscor
|
|-heal|p1a: Gliscor|15/100 tox|[from] ability: Poison Heal
|upkeep
|turn|26
|
|t:|1781580315
|move|p1a: Gliscor|Earthquake|p2a: Hydrapple
|-supereffective|p2a: Hydrapple
|-damage|p2a: Hydrapple|6/100
|move|p2a: Hydrapple|Giga Drain|p1a: Gliscor
|-damage|p1a: Gliscor|0 fnt
|-heal|p2a: Hydrapple|12/100|[from] drain|[of] p1a: Gliscor
|faint|p1a: Gliscor
|
|upkeep
|
|t:|1781580319
|switch|p1a: Darkrai|Darkrai|100/100
|-damage|p1a: Darkrai|88/100|[from] Stealth Rock
|turn|27
|
|t:|1781580322
|switch|p2a: Tyranitar|Tyranitar, M|76/100
|-damage|p2a: Tyranitar|64/100|[from] Spikes
|-damage|p2a: Tyranitar|51/100|[from] Stealth Rock
|-weather|Sandstorm|[from] ability: Sand Stream|[of] p2a: Tyranitar
|move|p1a: Darkrai|Dark Pulse|p2a: Tyranitar
|-resisted|p2a: Tyranitar
|-damage|p2a: Tyranitar|37/100
|
|-weather|Sandstorm|[upkeep]
|-damage|p1a: Darkrai|82/100|[from] Sandstorm
|upkeep
|turn|28
|
|t:|1781580327
|switch|p1a: Alomomola|Alomomola, F|91/100
|-damage|p1a: Alomomola|78/100|[from] Stealth Rock
|move|p2a: Tyranitar|Stone Edge|p1a: Alomomola
|-damage|p1a: Alomomola|34/100
|
|-weather|Sandstorm|[upkeep]
|-damage|p1a: Alomomola|28/100|[from] Sandstorm
|upkeep
|turn|29
|
|t:|1781580332
|move|p2a: Tyranitar|Stone Edge|p1a: Alomomola|[miss]
|-miss|p2a: Tyranitar|p1a: Alomomola
|move|p1a: Alomomola|Wish|p1a: Alomomola
|
|-weather|Sandstorm|[upkeep]
|-damage|p1a: Alomomola|22/100|[from] Sandstorm
|upkeep
|turn|30
|j| nw loader
|
|t:|1781580339
|move|p1a: Alomomola|Protect|p1a: Alomomola
|-singleturn|p1a: Alomomola|Protect
|move|p2a: Tyranitar|Stone Edge|p1a: Alomomola
|-activate|p1a: Alomomola|move: Protect
|
|-weather|Sandstorm|[upkeep]
|-damage|p1a: Alomomola|16/100|[from] Sandstorm
|-heal|p1a: Alomomola|66/100|[from] move: Wish|[wisher] Alomomola
|upkeep
|turn|31
|
|t:|1781580344
|move|p2a: Tyranitar|Stone Edge|p1a: Alomomola
|-damage|p1a: Alomomola|23/100
|move|p1a: Alomomola|Scald|p2a: Tyranitar
|-supereffective|p2a: Tyranitar
|-damage|p2a: Tyranitar|21/100
|
|-weather|none
|upkeep
|turn|32
|
|t:|1781580351
|switch|p2a: Garganacl|Garganacl, F|98/100
|-damage|p2a: Garganacl|86/100|[from] Spikes
|-damage|p2a: Garganacl|73/100|[from] Stealth Rock
|move|p1a: Alomomola|Scald|p2a: Garganacl
|-supereffective|p2a: Garganacl
|-damage|p2a: Garganacl|53/100
|
|upkeep
|turn|33
|
|t:|1781580356
|switch|p1a: Slowking|Slowking-Galar, F|100/100
|move|p2a: Garganacl|Salt Cure|p1a: Slowking
|-damage|p1a: Slowking|85/100
|-start|p1a: Slowking|Salt Cure
|
|-damage|p1a: Slowking|73/100|[from] Salt Cure
|upkeep
|turn|34
|
|t:|1781580359
|move|p2a: Garganacl|Recover|p2a: Garganacl
|-heal|p2a: Garganacl|100/100
|move|p1a: Slowking|Future Sight|p2a: Garganacl
|-start|p1a: Slowking|move: Future Sight
|
|-damage|p1a: Slowking|60/100|[from] Salt Cure
|upkeep
|turn|35
|
|t:|1781580362
|move|p2a: Garganacl|Salt Cure|p1a: Slowking
|-damage|p1a: Slowking|46/100
|-prepare|p1a: Slowking|Chilly Reception|[premajor]
|move|p1a: Slowking|Chilly Reception|p1a: Slowking
|-weather|Snowscape
|
|t:|1781580364
|switch|p1a: Alomomola|Alomomola, F|56/100|[from] Chilly Reception
|-damage|p1a: Alomomola|44/100|[from] Stealth Rock
|
|-weather|Snowscape|[upkeep]
|upkeep
|turn|36
|
|t:|1781580369
|move|p1a: Alomomola|Wish|p1a: Alomomola
|move|p2a: Garganacl|Salt Cure|p1a: Alomomola
|-damage|p1a: Alomomola|36/100
|-start|p1a: Alomomola|Salt Cure
|
|-weather|Snowscape|[upkeep]
|-end|p2a: Garganacl|move: Future Sight
|-damage|p2a: Garganacl|70/100
|-damage|p1a: Alomomola|11/100|[from] Salt Cure
|upkeep
|turn|37
|
|t:|1781580373
|move|p1a: Alomomola|Protect|p1a: Alomomola
|-singleturn|p1a: Alomomola|Protect
|move|p2a: Garganacl|Salt Cure|p1a: Alomomola
|-activate|p1a: Alomomola|move: Protect
|
|-weather|Snowscape|[upkeep]
|-heal|p1a: Alomomola|61/100|[from] move: Wish|[wisher] Alomomola
|-damage|p1a: Alomomola|36/100|[from] Salt Cure
|upkeep
|turn|38
|
|t:|1781580376
|move|p1a: Alomomola|Flip Turn|p2a: Garganacl
|-supereffective|p2a: Garganacl
|-damage|p2a: Garganacl|47/100
|
|t:|1781580378
|switch|p1a: Slowking|Slowking-Galar, F|80/100|[from] Flip Turn
|move|p2a: Garganacl|Salt Cure|p1a: Slowking
|-damage|p1a: Slowking|66/100
|-start|p1a: Slowking|Salt Cure
|
|-weather|Snowscape|[upkeep]
|-damage|p1a: Slowking|53/100|[from] Salt Cure
|upkeep
|turn|39
|
|t:|1781580382
|move|p2a: Garganacl|Recover|p2a: Garganacl
|-heal|p2a: Garganacl|98/100
|-prepare|p1a: Slowking|Chilly Reception|[premajor]
|move|p1a: Slowking|Chilly Reception|p1a: Slowking
|
|t:|1781580383
|switch|p1a: Alomomola|Alomomola, F|69/100|[from] Chilly Reception
|-damage|p1a: Alomomola|57/100|[from] Stealth Rock
|
|-weather|none
|upkeep
|turn|40
|
|t:|1781580387
|move|p1a: Alomomola|Flip Turn|p2a: Garganacl
|-supereffective|p2a: Garganacl
|-damage|p2a: Garganacl|78/100
|
|t:|1781580389
|switch|p1a: Slowking|Slowking-Galar, F|87/100|[from] Flip Turn
|move|p2a: Garganacl|Salt Cure|p1a: Slowking
|-damage|p1a: Slowking|72/100
|-start|p1a: Slowking|Salt Cure
|
|-damage|p1a: Slowking|59/100|[from] Salt Cure
|upkeep
|turn|41
|l| nw loader
|
|t:|1781580400
|move|p2a: Garganacl|Salt Cure|p1a: Slowking
|-damage|p1a: Slowking|44/100
|-prepare|p1a: Slowking|Chilly Reception|[premajor]
|move|p1a: Slowking|Chilly Reception|p1a: Slowking
|-weather|Snowscape
|
|t:|1781580403
|switch|p1a: Alomomola|Alomomola, F|90/100|[from] Chilly Reception
|-damage|p1a: Alomomola|78/100|[from] Stealth Rock
|
|-weather|Snowscape|[upkeep]
|upkeep
|turn|42
|
|t:|1781580406
|move|p1a: Alomomola|Scald|p2a: Garganacl
|-supereffective|p2a: Garganacl
|-damage|p2a: Garganacl|58/100
|move|p2a: Garganacl|Salt Cure|p1a: Alomomola
|-damage|p1a: Alomomola|71/100
|-start|p1a: Alomomola|Salt Cure
|
|-weather|Snowscape|[upkeep]
|-damage|p1a: Alomomola|46/100|[from] Salt Cure
|upkeep
|turn|43
|
|t:|1781580415
|move|p1a: Alomomola|Flip Turn|p2a: Garganacl
|-supereffective|p2a: Garganacl
|-damage|p2a: Garganacl|35/100
|
|t:|1781580418
|switch|p1a: Slowking|Slowking-Galar, F|77/100|[from] Flip Turn
|move|p2a: Garganacl|Salt Cure|p1a: Slowking
|-damage|p1a: Slowking|62/100
|-start|p1a: Slowking|Salt Cure
|
|-weather|Snowscape|[upkeep]
|-damage|p1a: Slowking|50/100|[from] Salt Cure
|upkeep
|turn|44
|
|t:|1781580423
|move|p2a: Garganacl|Recover|p2a: Garganacl
|-heal|p2a: Garganacl|86/100
|-prepare|p1a: Slowking|Chilly Reception|[premajor]
|move|p1a: Slowking|Chilly Reception|p1a: Slowking
|
|t:|1781580428
|switch|p1a: Alomomola|Alomomola, F|80/100|[from] Chilly Reception
|-damage|p1a: Alomomola|67/100|[from] Stealth Rock
|
|-weather|Snowscape|[upkeep]
|upkeep
|turn|45
|
|t:|1781580430
|move|p1a: Alomomola|Flip Turn|p2a: Garganacl
|-supereffective|p2a: Garganacl
|-damage|p2a: Garganacl|65/100
|
|t:|1781580432
|switch|p1a: Slowking|Slowking-Galar, F|83/100|[from] Flip Turn
|move|p2a: Garganacl|Salt Cure|p1a: Slowking
|-damage|p1a: Slowking|70/100
|-start|p1a: Slowking|Salt Cure
|
|-weather|none
|-damage|p1a: Slowking|57/100|[from] Salt Cure
|upkeep
|turn|46
|
|t:|1781580435
|move|p2a: Garganacl|Stealth Rock||[still]
|-fail|p2a: Garganacl
|move|p1a: Slowking|Future Sight|p2a: Garganacl
|-start|p1a: Slowking|move: Future Sight
|
|-damage|p1a: Slowking|45/100|[from] Salt Cure
|upkeep
|turn|47
|
|t:|1781580437
|move|p2a: Garganacl|Salt Cure|p1a: Slowking
|-damage|p1a: Slowking|31/100
|-prepare|p1a: Slowking|Chilly Reception|[premajor]
|move|p1a: Slowking|Chilly Reception|p1a: Slowking
|-weather|Snowscape
|
|t:|1781580439
|switch|p1a: Alomomola|Alomomola, F|100/100|[from] Chilly Reception
|-damage|p1a: Alomomola|88/100|[from] Stealth Rock
|
|-weather|Snowscape|[upkeep]
|upkeep
|turn|48
|
|t:|1781580443
|move|p1a: Alomomola|Scald|p2a: Garganacl
|-supereffective|p2a: Garganacl
|-damage|p2a: Garganacl|45/100
|move|p2a: Garganacl|Salt Cure|p1a: Alomomola
|-damage|p1a: Alomomola|80/100
|-start|p1a: Alomomola|Salt Cure
|
|-weather|Snowscape|[upkeep]
|-end|p2a: Garganacl|move: Future Sight
|-damage|p2a: Garganacl|14/100
|-damage|p1a: Alomomola|55/100|[from] Salt Cure
|upkeep
|turn|49
|
|t:|1781580449
|move|p1a: Alomomola|Wish|p1a: Alomomola
|move|p2a: Garganacl|Recover|p2a: Garganacl
|-heal|p2a: Garganacl|64/100
|
|-weather|Snowscape|[upkeep]
|-damage|p1a: Alomomola|30/100|[from] Salt Cure
|upkeep
|turn|50
|
|t:|1781580452
|move|p1a: Alomomola|Flip Turn|p2a: Garganacl
|-supereffective|p2a: Garganacl
|-damage|p2a: Garganacl|43/100
|
|t:|1781580454
|switch|p1a: Slowking|Slowking-Galar, F|64/100|[from] Flip Turn
|move|p2a: Garganacl|Salt Cure|p1a: Slowking
|-damage|p1a: Slowking|50/100
|-start|p1a: Slowking|Salt Cure
|
|-weather|Snowscape|[upkeep]
|-heal|p1a: Slowking|100/100|[from] move: Wish|[wisher] Alomomola
|-damage|p1a: Slowking|88/100|[from] Salt Cure
|upkeep
|turn|51
|
|t:|1781580457
|move|p2a: Garganacl|Salt Cure|p1a: Slowking
|-damage|p1a: Slowking|74/100
|move|p1a: Slowking|Future Sight|p2a: Garganacl
|-start|p1a: Slowking|move: Future Sight
|
|-weather|none
|-damage|p1a: Slowking|62/100|[from] Salt Cure
|upkeep
|turn|52
|
|t:|1781580459
|move|p2a: Garganacl|Recover|p2a: Garganacl
|-heal|p2a: Garganacl|93/100
|-prepare|p1a: Slowking|Chilly Reception|[premajor]
|move|p1a: Slowking|Chilly Reception|p1a: Slowking
|-weather|Snowscape
|
|t:|1781580463
|switch|p1a: Darkrai|Darkrai|82/100|[from] Chilly Reception
|-damage|p1a: Darkrai|70/100|[from] Stealth Rock
|
|-weather|Snowscape|[upkeep]
|upkeep
|turn|53
|
|t:|1781580468
|move|p1a: Darkrai|Trick|p2a: Garganacl
|-activate|p1a: Darkrai|move: Trick|[of] p2a: Garganacl
|-item|p2a: Garganacl|Choice Scarf|[from] move: Trick
|-enditem|p1a: Darkrai|Choice Scarf|[silent]|[from] move: Trick
|move|p2a: Garganacl|Salt Cure|p1a: Darkrai
|-damage|p1a: Darkrai|51/100
|-start|p1a: Darkrai|Salt Cure
|
|-weather|Snowscape|[upkeep]
|-end|p2a: Garganacl|move: Future Sight
|-damage|p2a: Garganacl|63/100
|-damage|p1a: Darkrai|39/100|[from] Salt Cure
|upkeep
|turn|54
|
|t:|1781580473
|switch|p1a: Slowking|Slowking-Galar, F|95/100
|move|p2a: Garganacl|Salt Cure|p1a: Slowking
|-damage|p1a: Slowking|80/100
|-start|p1a: Slowking|Salt Cure
|
|-weather|Snowscape|[upkeep]
|-damage|p1a: Slowking|68/100|[from] Salt Cure
|upkeep
|turn|55
|
|t:|1781580475
|move|p2a: Garganacl|Salt Cure|p1a: Slowking
|-damage|p1a: Slowking|54/100
|-prepare|p1a: Slowking|Chilly Reception|[premajor]
|move|p1a: Slowking|Chilly Reception|p1a: Slowking
|
|t:|1781580476
|switch|p1a: Alomomola|Alomomola, F|64/100|[from] Chilly Reception
|-damage|p1a: Alomomola|51/100|[from] Stealth Rock
|
|-weather|Snowscape|[upkeep]
|upkeep
|turn|56
|
|t:|1781580479
|move|p2a: Garganacl|Salt Cure|p1a: Alomomola
|-damage|p1a: Alomomola|44/100
|-start|p1a: Alomomola|Salt Cure
|move|p1a: Alomomola|Flip Turn|p2a: Garganacl
|-supereffective|p2a: Garganacl
|-damage|p2a: Garganacl|42/100
|
|t:|1781580482
|switch|p1a: Slowking|Slowking-Galar, F|88/100|[from] Flip Turn
|
|-weather|none
|upkeep
|turn|57
|
|t:|1781580484
|move|p2a: Garganacl|Salt Cure|p1a: Slowking
|-damage|p1a: Slowking|72/100
|-start|p1a: Slowking|Salt Cure
|move|p1a: Slowking|Future Sight|p2a: Garganacl
|-start|p1a: Slowking|move: Future Sight
|
|-damage|p1a: Slowking|60/100|[from] Salt Cure
|upkeep
|turn|58
|
|t:|1781580485
|-activate|p2a: Garganacl|move: Struggle
|move|p2a: Garganacl|Struggle|p1a: Slowking
|-damage|p1a: Slowking|48/100
|-damage|p2a: Garganacl|17/100|[from] recoil
|-prepare|p1a: Slowking|Chilly Reception|[premajor]
|move|p1a: Slowking|Chilly Reception|p1a: Slowking
|-weather|Snowscape
|
|t:|1781580488
|switch|p1a: Alomomola|Alomomola, F|77/100|[from] Chilly Reception
|-damage|p1a: Alomomola|65/100|[from] Stealth Rock
|
|-weather|Snowscape|[upkeep]
|upkeep
|turn|59
|
|t:|1781580492
|-activate|p2a: Garganacl|move: Struggle
|move|p2a: Garganacl|Struggle|p1a: Alomomola
|-damage|p1a: Alomomola|58/100
|-damage|p2a: Garganacl|0 fnt|[from] recoil
|faint|p2a: Garganacl
|move|p1a: Alomomola|Wish|p1a: Alomomola
|
|-weather|Snowscape|[upkeep]
|-hint|Future Sight did not hit because the target is fainted.
|upkeep
|
|t:|1781580497
|switch|p2a: Hydrapple|Hydrapple, M, tera:Poison|45/100
|-damage|p2a: Hydrapple|33/100|[from] Spikes
|-damage|p2a: Hydrapple|20/100|[from] Stealth Rock
|turn|60
|
|t:|1781580504
|switch|p1a: Darkrai|Darkrai|39/100
|-damage|p1a: Darkrai|26/100|[from] Stealth Rock
|move|p2a: Hydrapple|Giga Drain|p1a: Darkrai
|-damage|p1a: Darkrai|0 fnt
|-heal|p2a: Hydrapple|29/100|[from] drain|[of] p1a: Darkrai
|faint|p1a: Darkrai
|
|-weather|Snowscape|[upkeep]
|upkeep
|
|t:|1781580508
|switch|p1a: Slowking|Slowking-Galar, F|81/100
|turn|61
|
|t:|1781580511
|switch|p2a: Excadrill|Excadrill, M|100/100
|-damage|p2a: Excadrill|88/100|[from] Spikes
|-damage|p2a: Excadrill|85/100|[from] Stealth Rock
|move|p1a: Slowking|Future Sight|p2a: Excadrill
|-start|p1a: Slowking|move: Future Sight
|
|-weather|Snowscape|[upkeep]
|-heal|p2a: Excadrill|91/100|[from] item: Leftovers
|upkeep
|turn|62
|
|t:|1781580513
|switch|p1a: Alomomola|Alomomola, F|92/100
|-damage|p1a: Alomomola|79/100|[from] Stealth Rock
|move|p2a: Excadrill|Rapid Spin|p1a: Alomomola
|-damage|p1a: Alomomola|69/100
|-boost|p2a: Excadrill|spe|1
|-sideend|p2: Rj yoip|Spikes|[from] move: Rapid Spin|[of] p2a: Excadrill
|-sideend|p2: Rj yoip|Stealth Rock|[from] move: Rapid Spin|[of] p2a: Excadrill
|
|-weather|none
|-heal|p2a: Excadrill|97/100|[from] item: Leftovers
|upkeep
|turn|63
|
|t:|1781580518
|switch|p2a: Hydrapple|Hydrapple, M, tera:Poison|63/100
|move|p1a: Alomomola|Flip Turn|p2a: Hydrapple
|-damage|p2a: Hydrapple|54/100
|-damage|p1a: Alomomola|52/100|[from] item: Rocky Helmet|[of] p2a: Hydrapple
|
|t:|1781580520
|switch|p1a: Slowking|Slowking-Galar, F|100/100|[from] Flip Turn
|
|-end|p2a: Hydrapple|move: Future Sight
|-supereffective|p2a: Hydrapple
|-damage|p2a: Hydrapple|0 fnt
|faint|p2a: Hydrapple
|upkeep
|
|t:|1781580524
|switch|p2a: Tyranitar|Tyranitar, M|21/100
|-weather|Sandstorm|[from] ability: Sand Stream|[of] p2a: Tyranitar
|turn|64
|
|t:|1781580526
|switch|p1a: Alomomola|Alomomola, F|86/100
|-damage|p1a: Alomomola|73/100|[from] Stealth Rock
|move|p2a: Tyranitar|Stone Edge|p1a: Alomomola
|-damage|p1a: Alomomola|30/100
|
|-weather|Sandstorm|[upkeep]
|-damage|p1a: Alomomola|23/100|[from] Sandstorm
|upkeep
|turn|65
|
|t:|1781580532
|move|p2a: Tyranitar|Stone Edge|p1a: Alomomola
|-damage|p1a: Alomomola|0 fnt
|faint|p1a: Alomomola
|
|-weather|Sandstorm|[upkeep]
|upkeep
|
|t:|1781580534
|switch|p1a: Slowking|Slowking-Galar, F|100/100
|turn|66
|
|t:|1781580538
|switch|p2a: Enamorus|Enamorus, F|51/100
|move|p1a: Slowking|Ice Beam|p2a: Enamorus
|-supereffective|p2a: Enamorus
|-damage|p2a: Enamorus|0 fnt
|faint|p2a: Enamorus
|
|-weather|Sandstorm|[upkeep]
|-damage|p1a: Slowking|94/100|[from] Sandstorm
|upkeep
|
|t:|1781580540
|switch|p2a: Excadrill|Excadrill, M|97/100
|turn|67
|
|t:|1781580543
|move|p2a: Excadrill|Earthquake|p1a: Slowking
|-supereffective|p1a: Slowking
|-damage|p1a: Slowking|0 fnt
|faint|p1a: Slowking
|
|win|Rj yoip
|raw|U_Quokka's rating: 1596 &rarr; <strong>1581</strong><br />(-15 for losing)
|raw|Rj yoip's rating: 1693 &rarr; <strong>1708</strong><br />(+15 for winning)
|l|☆Rj yoip
|player|p2|
|l|☆U_Quokka
|player|p1|
