|j|☆smithwick1
|j|☆Joltinjoe18
|t:|1781115833
|gametype|singles
|player|p1|smithwick1|101|1709
|player|p2|Joltinjoe18|169|1782
|gen|9
|tier|[Gen 9] OU
|rated|
|rule|HP Percentage Mod: HP is shown in percentages
|rule|Endless Battle Clause: Forcing endless battles is banned
|rule|Species Clause: Limit one of each Pokémon
|rule|OHKO Clause: OHKO moves are banned
|rule|Evasion Items Clause: Evasion items are banned
|rule|Evasion Moves Clause: Evasion moves are banned
|rule|Evasion Abilities Clause: Evasion abilities are banned
|rule|Sleep Moves Clause: Sleep-inducing moves are banned
|clearpoke
|poke|p1|Zamazenta-*|
|poke|p1|Dragapult, F|
|poke|p1|Pecharunt|
|poke|p1|Ogerpon-Wellspring, F|
|poke|p1|Iron Treads|
|poke|p1|Kingambit, F|
|poke|p2|Barraskewda, F|
|poke|p2|Politoed, M|
|poke|p2|Iron Treads|
|poke|p2|Dragonite, M|
|poke|p2|Raging Bolt|
|poke|p2|Basculegion, M|
|teampreview
|inactive|Battle timer is ON: inactive players will automatically lose when time's up. (requested by smithwick1)
|
|t:|1781115844
|teamsize|p1|6
|teamsize|p2|6
|start
|switch|p1a: Ogerpon|Ogerpon-Wellspring, F|100/100
|switch|p2a: Politoed|Politoed, M|100/100
|-weather|RainDance|[from] ability: Drizzle|[of] p2a: Politoed
|turn|1
|
|t:|1781115850
|switch|p2a: Dragonite|Dragonite, M|100/100
|move|p1a: Ogerpon|Ivy Cudgel|p2a: Dragonite|[anim] Ivy Cudgel Water
|-resisted|p2a: Dragonite
|-crit|p2a: Dragonite
|-damage|p2a: Dragonite|67/100
|
|-weather|RainDance|[upkeep]
|upkeep
|turn|2
|
|t:|1781115862
|switch|p1a: Iron Treads|Iron Treads|100/100
|-enditem|p1a: Iron Treads|Booster Energy
|-activate|p1a: Iron Treads|ability: Quark Drive|[fromitem]
|-start|p1a: Iron Treads|quarkdrivespe
|move|p2a: Dragonite|Roost|p2a: Dragonite
|-heal|p2a: Dragonite|100/100
|-singleturn|p2a: Dragonite|move: Roost
|
|-weather|RainDance|[upkeep]
|upkeep
|turn|3
|
|t:|1781115866
|move|p1a: Iron Treads|Knock Off|p2a: Dragonite
|-damage|p2a: Dragonite|87/100
|-enditem|p2a: Dragonite|Heavy-Duty Boots|[from] move: Knock Off|[of] p1a: Iron Treads
|move|p2a: Dragonite|Low Kick|p1a: Iron Treads
|-supereffective|p1a: Iron Treads
|-damage|p1a: Iron Treads|30/100
|
|-weather|RainDance|[upkeep]
|upkeep
|turn|4
|
|t:|1781115869
|move|p1a: Iron Treads|Stealth Rock|p2a: Dragonite
|-sidestart|p2: Joltinjoe18|move: Stealth Rock
|move|p2a: Dragonite|Low Kick|p1a: Iron Treads
|-supereffective|p1a: Iron Treads
|-damage|p1a: Iron Treads|0 fnt
|faint|p1a: Iron Treads
|-end|p1a: Iron Treads|Quark Drive|[silent]
|
|-weather|RainDance|[upkeep]
|upkeep
|
|t:|1781115874
|switch|p1a: Pecharunt|Pecharunt|100/100
|turn|5
|
|t:|1781115879
|move|p1a: Pecharunt|Shadow Ball|p2a: Dragonite
|-damage|p2a: Dragonite|60/100
|-unboost|p2a: Dragonite|spd|1
|move|p2a: Dragonite|Hurricane|p1a: Pecharunt
|-crit|p1a: Pecharunt
|-damage|p1a: Pecharunt|20/100
|
|-weather|RainDance|[upkeep]
|-heal|p1a: Pecharunt|26/100|[from] item: Leftovers
|upkeep
|turn|6
|
|t:|1781115884
|switch|p2a: Iron Treads|Iron Treads|100/100
|-damage|p2a: Iron Treads|97/100|[from] Stealth Rock
|move|p1a: Pecharunt|Malignant Chain|p2a: Iron Treads
|-immune|p2a: Iron Treads
|
|-weather|RainDance|[upkeep]
|-heal|p1a: Pecharunt|32/100|[from] item: Leftovers
|-heal|p2a: Iron Treads|100/100|[from] item: Leftovers
|upkeep
|turn|7
|
|t:|1781115895
|switch|p1a: Zamazenta|Zamazenta|100/100
|-ability|p1a: Zamazenta|Dauntless Shield|boost
|-boost|p1a: Zamazenta|def|1
|move|p2a: Iron Treads|Rapid Spin|p1a: Zamazenta
|-crit|p1a: Zamazenta
|-damage|p1a: Zamazenta|85/100
|-boost|p2a: Iron Treads|spe|1
|-sideend|p2: Joltinjoe18|Stealth Rock|[from] move: Rapid Spin|[of] p2a: Iron Treads
|
|-weather|RainDance|[upkeep]
|upkeep
|turn|8
|
|t:|1781115903
|-end|p2a: Iron Treads|Quark Drive|[silent]
|switch|p2a: Dragonite|Dragonite, M|60/100
|move|p1a: Zamazenta|Close Combat|p2a: Dragonite
|-resisted|p2a: Dragonite
|-damage|p2a: Dragonite|37/100
|-unboost|p1a: Zamazenta|def|1
|-unboost|p1a: Zamazenta|spd|1
|
|-weather|none
|upkeep
|turn|9
|
|t:|1781115909
|switch|p2a: Politoed|Politoed, M|100/100
|-weather|RainDance|[from] ability: Drizzle|[of] p2a: Politoed
|move|p1a: Zamazenta|Roar|p2a: Politoed
|drag|p2a: Barraskewda|Barraskewda, F|100/100
|
|-weather|RainDance|[upkeep]
|upkeep
|turn|10
|
|t:|1781115917
|move|p2a: Barraskewda|Close Combat|p1a: Zamazenta
|-damage|p1a: Zamazenta|36/100
|-unboost|p2a: Barraskewda|def|1
|-unboost|p2a: Barraskewda|spd|1
|move|p1a: Zamazenta|Reflect|p1a: Zamazenta
|-sidestart|p1: smithwick1|Reflect
|
|-weather|RainDance|[upkeep]
|upkeep
|turn|11
|
|t:|1781115924
|switch|p2a: Basculegion|Basculegion, M|100/100
|move|p1a: Zamazenta|Close Combat|p2a: Basculegion
|-immune|p2a: Basculegion
|
|-weather|RainDance|[upkeep]
|upkeep
|turn|12
|
|t:|1781115927
|move|p2a: Basculegion|Flip Turn|p1a: Zamazenta
|-damage|p1a: Zamazenta|8/100
|
|t:|1781115928
|switch|p2a: Dragonite|Dragonite, M|37/100|[from] Flip Turn
|move|p1a: Zamazenta|Light Screen|p1a: Zamazenta
|-sidestart|p1: smithwick1|move: Light Screen
|
|-weather|RainDance|[upkeep]
|upkeep
|turn|13
|
|t:|1781115932
|switch|p1a: Pecharunt|Pecharunt|32/100
|move|p2a: Dragonite|Roost|p2a: Dragonite
|-heal|p2a: Dragonite|87/100
|-singleturn|p2a: Dragonite|move: Roost
|
|-weather|RainDance|[upkeep]
|-heal|p1a: Pecharunt|38/100|[from] item: Leftovers
|upkeep
|turn|14
|
|t:|1781115939
|switch|p2a: Iron Treads|Iron Treads|100/100
|move|p1a: Pecharunt|Recover|p1a: Pecharunt
|-heal|p1a: Pecharunt|89/100
|
|-weather|RainDance|[upkeep]
|-heal|p1a: Pecharunt|95/100|[from] item: Leftovers
|upkeep
|turn|15
|
|t:|1781115949
|switch|p1a: Ogerpon|Ogerpon-Wellspring, F|100/100
|-end|p2a: Iron Treads|Quark Drive|[silent]
|switch|p2a: Raging Bolt|Raging Bolt|100/100
|
|-weather|RainDance|[upkeep]
|upkeep
|turn|16
|
|t:|1781115953
|move|p1a: Ogerpon|Swords Dance|p1a: Ogerpon
|-boost|p1a: Ogerpon|atk|2
|move|p2a: Raging Bolt|Volt Switch|p1a: Ogerpon
|-damage|p1a: Ogerpon|75/100
|
|t:|1781115959
|-end|p2a: Raging Bolt|Protosynthesis|[silent]
|switch|p2a: Dragonite|Dragonite, M|87/100|[from] Volt Switch
|
|-weather|none
|upkeep
|turn|17
|
|t:|1781115969
|move|p1a: Ogerpon|Ivy Cudgel|p2a: Dragonite|[anim] Ivy Cudgel Water
|-resisted|p2a: Dragonite
|-damage|p2a: Dragonite|35/100
|move|p2a: Dragonite|Dragon Tail|p1a: Ogerpon
|-damage|p1a: Ogerpon|57/100
|drag|p1a: Dragapult|Dragapult, F|100/100
|
|-sideend|p1: smithwick1|Reflect
|upkeep
|turn|18
|j| 0TX - Zenith
|
|t:|1781115980
|switch|p2a: Politoed|Politoed, M|100/100
|-weather|RainDance|[from] ability: Drizzle|[of] p2a: Politoed
|move|p1a: Dragapult|Dragon Darts|p2a: Politoed
|-crit|p2a: Politoed
|-damage|p2a: Politoed|68/100
|-anim|p1a: Dragapult|Dragon Darts|p2a: Politoed
|-damage|p2a: Politoed|46/100
|
|-weather|RainDance|[upkeep]
|upkeep
|turn|19
|l| 0TX - Zenith
|
|t:|1781115985
|switch|p2a: Iron Treads|Iron Treads|100/100
|move|p1a: Dragapult|Substitute|p1a: Dragapult
|-start|p1a: Dragapult|Substitute
|-damage|p1a: Dragapult|76/100
|
|-weather|RainDance|[upkeep]
|-heal|p1a: Dragapult|82/100|[from] item: Leftovers
|-sideend|p1: smithwick1|move: Light Screen
|upkeep
|turn|20
|
|t:|1781115991
|move|p1a: Dragapult|Dragon Dance|p1a: Dragapult
|-boost|p1a: Dragapult|atk|1
|-boost|p1a: Dragapult|spe|1
|move|p2a: Iron Treads|Knock Off|p1a: Dragapult
|-supereffective|p1a: Dragapult
|-end|p1a: Dragapult|Substitute
|
|-weather|RainDance|[upkeep]
|-heal|p1a: Dragapult|88/100|[from] item: Leftovers
|upkeep
|turn|21
|
|t:|1781115997
|move|p1a: Dragapult|Phantom Force||[still]
|-prepare|p1a: Dragapult|Phantom Force
|move|p2a: Iron Treads|Knock Off|p1a: Dragapult|[miss]
|-miss|p2a: Iron Treads|p1a: Dragapult
|
|-weather|RainDance|[upkeep]
|-heal|p1a: Dragapult|94/100|[from] item: Leftovers
|upkeep
|turn|22
|
|t:|1781115998
|move|p1a: Dragapult|Phantom Force|p2a: Iron Treads|[from] lockedmove
|-damage|p2a: Iron Treads|42/100
|move|p2a: Iron Treads|Knock Off|p1a: Dragapult
|-supereffective|p1a: Dragapult
|-damage|p1a: Dragapult|36/100
|-enditem|p1a: Dragapult|Leftovers|[from] move: Knock Off|[of] p2a: Iron Treads
|
|-weather|RainDance|[upkeep]
|-heal|p2a: Iron Treads|49/100|[from] item: Leftovers
|upkeep
|turn|23
|
|t:|1781116001
|move|p1a: Dragapult|Phantom Force||[still]
|-prepare|p1a: Dragapult|Phantom Force
|move|p2a: Iron Treads|Stealth Rock|p1a: Dragapult
|-sidestart|p1: smithwick1|move: Stealth Rock
|
|-weather|RainDance|[upkeep]
|-heal|p2a: Iron Treads|55/100|[from] item: Leftovers
|upkeep
|turn|24
|
|t:|1781116002
|move|p1a: Dragapult|Phantom Force|p2a: Iron Treads|[from] lockedmove
|-damage|p2a: Iron Treads|0 fnt
|faint|p2a: Iron Treads
|-end|p2a: Iron Treads|Quark Drive|[silent]
|
|-weather|RainDance|[upkeep]
|upkeep
|
|t:|1781116016
|switch|p2a: Basculegion|Basculegion, M|100/100
|turn|25
|
|t:|1781116035
|switch|p1a: Kingambit|Kingambit, F|100/100
|-damage|p1a: Kingambit|94/100|[from] Stealth Rock
|-activate|p1a: Kingambit|ability: Supreme Overlord
|-start|p1a: Kingambit|fallen1|[silent]
|-terastallize|p2a: Basculegion|Water
|move|p2a: Basculegion|Aqua Jet|p1a: Kingambit
|-damage|p1a: Kingambit|43/100
|
|-weather|none
|-heal|p1a: Kingambit|49/100|[from] item: Leftovers
|upkeep
|turn|26
|j| nepturee
|
|t:|1781116045
|-end|p1a: Kingambit|fallen1|[silent]
|switch|p1a: Ogerpon|Ogerpon-Wellspring, F|57/100
|-damage|p1a: Ogerpon|44/100|[from] Stealth Rock
|move|p2a: Basculegion|Aqua Jet|p1a: Ogerpon
|-heal|p1a: Ogerpon|69/100|[from] ability: Water Absorb|[of] p2a: Basculegion
|
|upkeep
|turn|27
|l| nepturee
|j| nepturee
|
|t:|1781116059
|switch|p2a: Raging Bolt|Raging Bolt|100/100
|move|p1a: Ogerpon|Horn Leech|p2a: Raging Bolt
|-resisted|p2a: Raging Bolt
|-damage|p2a: Raging Bolt|80/100
|-heal|p1a: Ogerpon|83/100|[from] drain|[of] p2a: Raging Bolt
|
|upkeep
|turn|28
|
|t:|1781116070
|switch|p1a: Dragapult|Dragapult, F|36/100
|-damage|p1a: Dragapult|24/100|[from] Stealth Rock
|move|p2a: Raging Bolt|Volt Switch|p1a: Dragapult
|-resisted|p1a: Dragapult
|-damage|p1a: Dragapult|0 fnt
|faint|p1a: Dragapult
|
|t:|1781116077
|-end|p2a: Raging Bolt|Protosynthesis|[silent]
|switch|p2a: Barraskewda|Barraskewda, F|100/100|[from] Volt Switch
|
|upkeep
|
|t:|1781116094
|switch|p1a: Zamazenta|Zamazenta|8/100
|-damage|p1a: Zamazenta|2/100|[from] Stealth Rock
|turn|29
|
|t:|1781116097
|move|p2a: Barraskewda|Aqua Jet|p1a: Zamazenta
|-damage|p1a: Zamazenta|0 fnt
|faint|p1a: Zamazenta
|
|upkeep
|
|t:|1781116101
|switch|p1a: Ogerpon|Ogerpon-Wellspring, F|83/100
|-damage|p1a: Ogerpon|71/100|[from] Stealth Rock
|turn|30
|
|t:|1781116104
|switch|p2a: Raging Bolt|Raging Bolt|80/100
|move|p1a: Ogerpon|Substitute|p1a: Ogerpon
|-start|p1a: Ogerpon|Substitute
|-damage|p1a: Ogerpon|46/100
|
|upkeep
|turn|31
|
|t:|1781116109
|move|p1a: Ogerpon|Ivy Cudgel|p2a: Raging Bolt|[anim] Ivy Cudgel Water
|-resisted|p2a: Raging Bolt
|-damage|p2a: Raging Bolt|54/100
|move|p2a: Raging Bolt|Volt Switch|p1a: Ogerpon
|-end|p1a: Ogerpon|Substitute
|
|t:|1781116113
|-end|p2a: Raging Bolt|Protosynthesis|[silent]
|switch|p2a: Dragonite|Dragonite, M|35/100|[from] Volt Switch
|
|upkeep
|turn|32
|
|t:|1781116117
|move|p1a: Ogerpon|Ivy Cudgel|p2a: Dragonite|[anim] Ivy Cudgel Water
|-resisted|p2a: Dragonite
|-damage|p2a: Dragonite|6/100
|move|p2a: Dragonite|Roost|p2a: Dragonite
|-heal|p2a: Dragonite|56/100
|-singleturn|p2a: Dragonite|move: Roost
|
|upkeep
|turn|33
|
|t:|1781116121
|move|p1a: Ogerpon|Swords Dance|p1a: Ogerpon
|-boost|p1a: Ogerpon|atk|2
|move|p2a: Dragonite|Roost|p2a: Dragonite
|-heal|p2a: Dragonite|100/100
|-singleturn|p2a: Dragonite|move: Roost
|
|upkeep
|turn|34
|
|t:|1781116125
|move|p1a: Ogerpon|Horn Leech|p2a: Dragonite
|-resisted|p2a: Dragonite
|-damage|p2a: Dragonite|89/100
|-heal|p1a: Ogerpon|52/100|[from] drain|[of] p2a: Dragonite
|move|p2a: Dragonite|Dragon Tail|p1a: Ogerpon
|-damage|p1a: Ogerpon|16/100
|drag|p1a: Kingambit|Kingambit, F|49/100
|-damage|p1a: Kingambit|43/100|[from] Stealth Rock
|-activate|p1a: Kingambit|ability: Supreme Overlord
|-start|p1a: Kingambit|fallen3|[silent]
|
|-heal|p1a: Kingambit|49/100|[from] item: Leftovers
|upkeep
|turn|35
|j| 0TX - Zenith
|
|t:|1781116133
|move|p1a: Kingambit|Sucker Punch|p2a: Dragonite
|-damage|p2a: Dragonite|43/100
|move|p2a: Dragonite|Low Kick|p1a: Kingambit
|-supereffective|p1a: Kingambit
|-damage|p1a: Kingambit|0 fnt
|faint|p1a: Kingambit
|-end|p1a: Kingambit|fallen3|[silent]
|
|upkeep
|
|t:|1781116138
|switch|p1a: Pecharunt|Pecharunt|95/100
|-damage|p1a: Pecharunt|82/100|[from] Stealth Rock
|turn|36
|
|t:|1781116142
|switch|p2a: Politoed|Politoed, M|46/100
|-weather|RainDance|[from] ability: Drizzle|[of] p2a: Politoed
|move|p1a: Pecharunt|Malignant Chain|p2a: Politoed
|-damage|p2a: Politoed|15/100
|
|-weather|RainDance|[upkeep]
|-heal|p1a: Pecharunt|88/100|[from] item: Leftovers
|upkeep
|turn|37
|
|t:|1781116147
|move|p1a: Pecharunt|Shadow Ball|p2a: Politoed
|-damage|p2a: Politoed|0 fnt
|faint|p2a: Politoed
|
|-weather|RainDance|[upkeep]
|-heal|p1a: Pecharunt|94/100|[from] item: Leftovers
|upkeep
|
|t:|1781116156
|switch|p2a: Basculegion|Basculegion, M, tera:Water|100/100
|turn|38
|
|t:|1781116160
|switch|p1a: Ogerpon|Ogerpon-Wellspring, F|16/100
|-damage|p1a: Ogerpon|4/100|[from] Stealth Rock
|move|p2a: Basculegion|Wave Crash|p1a: Ogerpon
|-heal|p1a: Ogerpon|29/100|[from] ability: Water Absorb|[of] p2a: Basculegion
|
|-weather|RainDance|[upkeep]
|upkeep
|turn|39
|
|t:|1781116168
|switch|p2a: Dragonite|Dragonite, M|43/100
|move|p1a: Ogerpon|Ivy Cudgel|p2a: Dragonite|[anim] Ivy Cudgel Water
|-resisted|p2a: Dragonite
|-damage|p2a: Dragonite|0 fnt
|faint|p2a: Dragonite
|
|-weather|RainDance|[upkeep]
|upkeep
|
|t:|1781116170
|switch|p2a: Raging Bolt|Raging Bolt|54/100
|turn|40
|
|t:|1781116179
|move|p2a: Raging Bolt|Thunderclap|p1a: Ogerpon
|-damage|p1a: Ogerpon|0 fnt
|faint|p1a: Ogerpon
|
|-weather|RainDance|[upkeep]
|upkeep
|
|t:|1781116182
|switch|p1a: Pecharunt|Pecharunt|94/100
|-damage|p1a: Pecharunt|82/100|[from] Stealth Rock
|turn|41
|
|t:|1781116185
|move|p1a: Pecharunt|Malignant Chain|p2a: Raging Bolt
|-damage|p2a: Raging Bolt|36/100
|-status|p2a: Raging Bolt|tox
|-start|p2a: Raging Bolt|confusion|[from] ability: Poison Puppeteer|[of] p1a: Pecharunt
|-activate|p2a: Raging Bolt|confusion
|move|p2a: Raging Bolt|Volt Switch|p1a: Pecharunt
|-damage|p1a: Pecharunt|37/100
|
|t:|1781116188
|-end|p2a: Raging Bolt|Protosynthesis|[silent]
|switch|p2a: Basculegion|Basculegion, M, tera:Water|100/100|[from] Volt Switch
|
|-weather|RainDance|[upkeep]
|-heal|p1a: Pecharunt|44/100|[from] item: Leftovers
|upkeep
|turn|42
|j| blackgokuking
|
|t:|1781116193
|move|p2a: Basculegion|Wave Crash|p1a: Pecharunt
|-damage|p1a: Pecharunt|0 fnt
|faint|p1a: Pecharunt
|-damage|p2a: Basculegion|86/100|[from] Recoil
|
|win|Joltinjoe18
|raw|smithwick1's rating: 1709 &rarr; <strong>1693</strong><br />(-16 for losing)
|raw|Joltinjoe18's rating: 1782 &rarr; <strong>1798</strong><br />(+16 for winning)
|l| 0TX - Zenith
|l|☆smithwick1
|player|p1|
|l| blackgokuking
