|j|☆Archerdadon
|j|☆just2us
|t:|1781515593
|gametype|singles
|player|p1|Archerdadon|marshal|1590
|player|p2|just2us|veteranf|1552
|gen|9
|tier|[Gen 9] OU
|rated|
|rule|HP Percentage Mod: HP is shown in percentages
|rule|Endless Battle Clause: Forcing endless battles is banned
|rule|Species Clause: Limit one of each Pokémon
|rule|OHKO Clause: OHKO moves are banned
|rule|Evasion Items Clause: Evasion items are banned
|rule|Evasion Moves Clause: Evasion moves are banned
|rule|Evasion Abilities Clause: Evasion abilities are banned
|rule|Sleep Moves Clause: Sleep-inducing moves are banned
|clearpoke
|poke|p1|Dondozo, M|
|poke|p1|Great Tusk|
|poke|p1|Ting-Lu|
|poke|p1|Glimmora, M|
|poke|p1|Garganacl, M|
|poke|p1|Hydrapple, F|
|poke|p2|Garganacl, F|
|poke|p2|Pecharunt|
|poke|p2|Moltres|
|poke|p2|Ogerpon-Wellspring, F|
|poke|p2|Kingambit, M|
|poke|p2|Great Tusk|
|teampreview
|inactive|Battle timer is ON: inactive players will automatically lose when time's up. (requested by Archerdadon)
|
|t:|1781515605
|teamsize|p1|6
|teamsize|p2|6
|start
|switch|p1a: Glimmora|Glimmora, M|100/100
|switch|p2a: Great Tusk|Great Tusk|100/100
|turn|1
|
|t:|1781515611
|move|p1a: Glimmora|Dazzling Gleam|p2a: Great Tusk
|-supereffective|p2a: Great Tusk
|-damage|p2a: Great Tusk|49/100
|move|p2a: Great Tusk|Rapid Spin|p1a: Glimmora
|-resisted|p1a: Glimmora
|-damage|p1a: Glimmora|89/100
|-boost|p2a: Great Tusk|spe|1
|-activate|p1a: Glimmora|ability: Toxic Debris
|-sidestart|p2: just2us|move: Toxic Spikes
|-sideend|p2: just2us|Toxic Spikes|[from] move: Rapid Spin|[of] p2a: Great Tusk
|
|upkeep
|turn|2
|
|t:|1781515627
|-end|p2a: Great Tusk|Protosynthesis|[silent]
|switch|p2a: Ogerpon|Ogerpon-Wellspring, F|100/100
|switch|p1a: Hydrapple|Hydrapple, F|100/100
|
|upkeep
|turn|3
|
|t:|1781515632
|switch|p2a: Moltres|Moltres|100/100
|move|p1a: Hydrapple|Fickle Beam|p2a: Moltres|[anim] Fickle Beam All Out
|-activate|p1a: Hydrapple|move: Fickle Beam
|-damage|p2a: Moltres|52/100
|
|upkeep
|turn|4
|
|t:|1781515638
|move|p2a: Moltres|U-turn|p1a: Hydrapple
|-supereffective|p1a: Hydrapple
|-damage|p1a: Hydrapple|85/100
|-damage|p2a: Moltres|35/100|[from] item: Rocky Helmet|[of] p1a: Hydrapple
|
|t:|1781515645
|switch|p2a: Pecharunt|Pecharunt|100/100|[from] U-turn
|move|p1a: Hydrapple|Earth Power|p2a: Pecharunt
|-supereffective|p2a: Pecharunt
|-damage|p2a: Pecharunt|53/100
|
|upkeep
|turn|5
|
|t:|1781515652
|switch|p1a: Garganacl|Garganacl, M|100/100
|move|p2a: Pecharunt|Parting Shot|p1a: Garganacl
|-unboost|p1a: Garganacl|atk|1
|-unboost|p1a: Garganacl|spa|1
|
|t:|1781515656
|switch|p2a: Ogerpon|Ogerpon-Wellspring, F|100/100|[from] Parting Shot
|
|upkeep
|turn|6
|
|t:|1781515661
|switch|p2a: Great Tusk|Great Tusk|49/100
|move|p1a: Garganacl|Salt Cure|p2a: Great Tusk
|-resisted|p2a: Great Tusk
|-crit|p2a: Great Tusk
|-damage|p2a: Great Tusk|45/100
|-start|p2a: Great Tusk|Salt Cure
|
|-damage|p2a: Great Tusk|33/100|[from] Salt Cure
|upkeep
|turn|7
|
|t:|1781515671
|switch|p1a: Hydrapple|Hydrapple, F|100/100
|move|p2a: Great Tusk|Close Combat|p1a: Hydrapple
|-damage|p1a: Hydrapple|63/100
|-unboost|p2a: Great Tusk|def|1
|-unboost|p2a: Great Tusk|spd|1
|-damage|p2a: Great Tusk|16/100|[from] item: Rocky Helmet|[of] p1a: Hydrapple
|
|-damage|p2a: Great Tusk|4/100|[from] Salt Cure
|upkeep
|turn|8
|
|t:|1781515682
|move|p2a: Great Tusk|Ice Spinner|p1a: Hydrapple
|-supereffective|p1a: Hydrapple
|-damage|p1a: Hydrapple|0 fnt
|-damage|p2a: Great Tusk|0 fnt|[from] item: Rocky Helmet|[of] p1a: Hydrapple
|faint|p1a: Hydrapple
|faint|p2a: Great Tusk
|-end|p2a: Great Tusk|Protosynthesis|[silent]
|
|upkeep
|
|t:|1781515696
|switch|p2a: Ogerpon|Ogerpon-Wellspring, F|100/100
|switch|p1a: Glimmora|Glimmora, M|89/100
|turn|9
|
|t:|1781515699
|move|p2a: Ogerpon|Ivy Cudgel|p1a: Glimmora|[anim] Ivy Cudgel Water
|-supereffective|p1a: Glimmora
|-damage|p1a: Glimmora|0 fnt
|-activate|p1a: Glimmora|ability: Toxic Debris
|-sidestart|p2: just2us|move: Toxic Spikes
|faint|p1a: Glimmora
|
|upkeep
|
|t:|1781515704
|switch|p1a: Garganacl|Garganacl, M|100/100
|turn|10
|
|t:|1781515712
|switch|p2a: Pecharunt|Pecharunt|53/100
|-sideend|p2: just2us|move: Toxic Spikes|[of] p2a: Pecharunt
|move|p1a: Garganacl|Salt Cure|p2a: Pecharunt
|-damage|p2a: Pecharunt|46/100
|-start|p2a: Pecharunt|Salt Cure
|
|-damage|p2a: Pecharunt|34/100|[from] Salt Cure
|upkeep
|turn|11
|
|t:|1781515718
|move|p2a: Pecharunt|Recover|p2a: Pecharunt
|-heal|p2a: Pecharunt|84/100
|move|p1a: Garganacl|Curse|p1a: Garganacl
|-unboost|p1a: Garganacl|spe|1
|-boost|p1a: Garganacl|atk|1
|-boost|p1a: Garganacl|def|1
|
|-damage|p2a: Pecharunt|71/100|[from] Salt Cure
|upkeep
|turn|12
|
|t:|1781515727
|move|p2a: Pecharunt|Recover|p2a: Pecharunt
|-heal|p2a: Pecharunt|100/100
|move|p1a: Garganacl|Curse|p1a: Garganacl
|-unboost|p1a: Garganacl|spe|1
|-boost|p1a: Garganacl|atk|1
|-boost|p1a: Garganacl|def|1
|
|-damage|p2a: Pecharunt|88/100|[from] Salt Cure
|upkeep
|turn|13
|
|t:|1781515732
|move|p2a: Pecharunt|Parting Shot|p1a: Garganacl
|-unboost|p1a: Garganacl|atk|1
|-unboost|p1a: Garganacl|spa|1
|
|t:|1781515734
|switch|p2a: Ogerpon|Ogerpon-Wellspring, F|100/100|[from] Parting Shot
|move|p1a: Garganacl|Curse|p1a: Garganacl
|-unboost|p1a: Garganacl|spe|1
|-boost|p1a: Garganacl|atk|1
|-boost|p1a: Garganacl|def|1
|
|upkeep
|turn|14
|
|t:|1781515740
|move|p2a: Ogerpon|Encore|p1a: Garganacl
|-start|p1a: Garganacl|Encore
|move|p1a: Garganacl|Curse|p1a: Garganacl
|-unboost|p1a: Garganacl|spe|1
|-boost|p1a: Garganacl|atk|1
|-boost|p1a: Garganacl|def|1
|
|upkeep
|turn|15
|
|t:|1781515744
|switch|p1a: Dondozo|Dondozo, M|100/100
|move|p2a: Ogerpon|Swords Dance|p2a: Ogerpon
|-boost|p2a: Ogerpon|atk|2
|
|upkeep
|turn|16
|
|t:|1781515747
|move|p2a: Ogerpon|Horn Leech|p1a: Dondozo
|-supereffective|p1a: Dondozo
|-damage|p1a: Dondozo|60/100
|move|p1a: Dondozo|Curse|p1a: Dondozo
|-unboost|p1a: Dondozo|spe|1
|-boost|p1a: Dondozo|atk|1
|-boost|p1a: Dondozo|def|1
|
|-heal|p1a: Dondozo|66/100|[from] item: Leftovers
|upkeep
|turn|17
|
|t:|1781515753
|-terastallize|p1a: Dondozo|Dark
|move|p2a: Ogerpon|Encore|p1a: Dondozo
|-start|p1a: Dondozo|Encore
|move|p1a: Dondozo|Curse|p1a: Dondozo
|-unboost|p1a: Dondozo|spe|1
|-boost|p1a: Dondozo|atk|1
|-boost|p1a: Dondozo|def|1
|
|-heal|p1a: Dondozo|72/100|[from] item: Leftovers
|upkeep
|turn|18
|
|t:|1781515759
|switch|p2a: Pecharunt|Pecharunt|88/100
|switch|p1a: Garganacl|Garganacl, M|100/100
|
|upkeep
|turn|19
|
|t:|1781515772
|move|p2a: Pecharunt|Parting Shot|p1a: Garganacl
|-unboost|p1a: Garganacl|atk|1
|-unboost|p1a: Garganacl|spa|1
|
|t:|1781515792
|switch|p2a: Garganacl|Garganacl, F, shiny|100/100|[from] Parting Shot
|move|p1a: Garganacl|Salt Cure|p2a: Garganacl
|-damage|p2a: Garganacl|94/100
|-start|p2a: Garganacl|Salt Cure
|
|-heal|p2a: Garganacl|100/100|[from] item: Leftovers
|-damage|p2a: Garganacl|88/100|[from] Salt Cure
|upkeep
|turn|20
|
|t:|1781515804
|move|p1a: Garganacl|Body Press|p2a: Garganacl
|-supereffective|p2a: Garganacl
|-damage|p2a: Garganacl|57/100
|move|p2a: Garganacl|Salt Cure|p1a: Garganacl
|-damage|p1a: Garganacl|91/100
|-start|p1a: Garganacl|Salt Cure
|
|-heal|p1a: Garganacl|97/100|[from] item: Leftovers
|-heal|p2a: Garganacl|63/100|[from] item: Leftovers
|-damage|p1a: Garganacl|84/100|[from] Salt Cure
|-damage|p2a: Garganacl|51/100|[from] Salt Cure
|upkeep
|turn|21
|
|t:|1781515815
|move|p1a: Garganacl|Curse|p1a: Garganacl
|-unboost|p1a: Garganacl|spe|1
|-boost|p1a: Garganacl|atk|1
|-boost|p1a: Garganacl|def|1
|move|p2a: Garganacl|Recover|p2a: Garganacl
|-heal|p2a: Garganacl|100/100
|
|-heal|p1a: Garganacl|91/100|[from] item: Leftovers
|-damage|p2a: Garganacl|88/100|[from] Salt Cure
|-damage|p1a: Garganacl|78/100|[from] Salt Cure
|upkeep
|turn|22
|
|t:|1781515819
|move|p2a: Garganacl|Stealth Rock|p1a: Garganacl
|-sidestart|p1: Archerdadon|move: Stealth Rock
|move|p1a: Garganacl|Salt Cure|p2a: Garganacl
|-damage|p2a: Garganacl|79/100
|
|-heal|p2a: Garganacl|85/100|[from] item: Leftovers
|-heal|p1a: Garganacl|84/100|[from] item: Leftovers
|-damage|p2a: Garganacl|73/100|[from] Salt Cure
|-damage|p1a: Garganacl|72/100|[from] Salt Cure
|upkeep
|turn|23
|
|t:|1781515827
|move|p2a: Garganacl|Salt Cure|p1a: Garganacl
|-crit|p1a: Garganacl
|-damage|p1a: Garganacl|58/100
|move|p1a: Garganacl|Body Press|p2a: Garganacl
|-supereffective|p2a: Garganacl
|-crit|p2a: Garganacl
|-damage|p2a: Garganacl|0 fnt
|faint|p2a: Garganacl
|
|-heal|p1a: Garganacl|64/100|[from] item: Leftovers
|-damage|p1a: Garganacl|51/100|[from] Salt Cure
|upkeep
|
|t:|1781515833
|switch|p2a: Ogerpon|Ogerpon-Wellspring, F|100/100
|turn|24
|
|t:|1781515840
|switch|p1a: Dondozo|Dondozo, M, tera:Dark|72/100
|-damage|p1a: Dondozo|59/100|[from] Stealth Rock
|-terastallize|p2a: Ogerpon|Water
|detailschange|p2a: Ogerpon|Ogerpon-Wellspring-Tera, F, tera:Water
|-ability|p2a: Ogerpon|Embody Aspect (Wellspring)|boost
|-boost|p2a: Ogerpon|spd|1
|move|p2a: Ogerpon|Ivy Cudgel|p1a: Dondozo|[anim] Ivy Cudgel Water
|-crit|p1a: Dondozo
|-damage|p1a: Dondozo|5/100
|
|-heal|p1a: Dondozo|12/100|[from] item: Leftovers
|upkeep
|turn|25
|-message|Archerdadon forfeited.
|
|win|just2us
|raw|Archerdadon's rating: 1590 &rarr; <strong>1568</strong><br />(-22 for losing)
|raw|just2us's rating: 1552 &rarr; <strong>1574</strong><br />(+22 for winning)
|l|☆Archerdadon
|player|p1|
|l|☆just2us
|player|p2|
