|j|☆llachiee
|j|☆sumofsquares
|t:|1781413933
|gametype|singles
|player|p1|llachiee|169|1595
|player|p2|sumofsquares|steven|1678
|gen|9
|tier|[Gen 9] OU
|rated|
|rule|HP Percentage Mod: HP is shown in percentages
|rule|Endless Battle Clause: Forcing endless battles is banned
|rule|Species Clause: Limit one of each Pokémon
|rule|OHKO Clause: OHKO moves are banned
|rule|Evasion Items Clause: Evasion items are banned
|rule|Evasion Moves Clause: Evasion moves are banned
|rule|Evasion Abilities Clause: Evasion abilities are banned
|rule|Sleep Moves Clause: Sleep-inducing moves are banned
|clearpoke
|poke|p1|Gliscor, F|
|poke|p1|Blissey, F|
|poke|p1|Clefable, F|
|poke|p1|Toxapex, F|
|poke|p1|Dondozo, F|
|poke|p1|Corviknight, F|
|poke|p2|Garchomp, M|
|poke|p2|Ninetales-Alola, M|
|poke|p2|Iron Crown|
|poke|p2|Great Tusk|
|poke|p2|Iron Valiant|
|poke|p2|Zapdos|
|teampreview
|
|t:|1781413940
|teamsize|p1|6
|teamsize|p2|6
|start
|switch|p1a: Adder|Gliscor, F|100/100
|switch|p2a: Garchomp|Garchomp, M|100/100
|turn|1
|inactive|Battle timer is ON: inactive players will automatically lose when time's up. (requested by llachiee)
|
|t:|1781413946
|switch|p2a: Iron Crown|Iron Crown|100/100
|move|p1a: Adder|Spikes|p2a: Iron Crown
|-sidestart|p2: sumofsquares|Spikes
|
|-status|p1a: Adder|tox|[from] item: Toxic Orb
|upkeep
|turn|2
|
|t:|1781413952
|move|p2a: Iron Crown|Calm Mind|p2a: Iron Crown
|-boost|p2a: Iron Crown|spa|1
|-boost|p2a: Iron Crown|spd|1
|move|p1a: Adder|Knock Off|p2a: Iron Crown
|-supereffective|p2a: Iron Crown
|-damage|p2a: Iron Crown|64/100
|-enditem|p2a: Iron Crown|Weakness Policy
|-boost|p2a: Iron Crown|atk|2|[from] item: Weakness Policy
|-boost|p2a: Iron Crown|spa|2|[from] item: Weakness Policy
|
|upkeep
|turn|3
|
|t:|1781413960
|switch|p1a: Flesh Tutu|Blissey, F|100/100
|move|p2a: Iron Crown|Stored Power|p1a: Flesh Tutu
|-damage|p1a: Flesh Tutu|57/100
|
|upkeep
|turn|4
|
|t:|1781413966
|-terastallize|p1a: Flesh Tutu|Dark
|move|p2a: Iron Crown|Stored Power|p1a: Flesh Tutu
|-immune|p1a: Flesh Tutu
|move|p1a: Flesh Tutu|Soft-Boiled|p1a: Flesh Tutu
|-heal|p1a: Flesh Tutu|100/100
|
|upkeep
|turn|5
|
|t:|1781413973
|-terastallize|p2a: Iron Crown|Steel
|move|p2a: Iron Crown|Tachyon Cutter|p1a: Flesh Tutu
|-damage|p1a: Flesh Tutu|80/100
|-damage|p1a: Flesh Tutu|58/100
|-hitcount|p1a: Flesh Tutu|2
|move|p1a: Flesh Tutu|Calm Mind|p1a: Flesh Tutu
|-boost|p1a: Flesh Tutu|spa|1
|-boost|p1a: Flesh Tutu|spd|1
|
|upkeep
|turn|6
|
|t:|1781413980
|move|p2a: Iron Crown|Tachyon Cutter|p1a: Flesh Tutu
|-damage|p1a: Flesh Tutu|44/100
|-damage|p1a: Flesh Tutu|30/100
|-hitcount|p1a: Flesh Tutu|2
|move|p1a: Flesh Tutu|Soft-Boiled|p1a: Flesh Tutu
|-heal|p1a: Flesh Tutu|80/100
|
|upkeep
|turn|7
|
|t:|1781413983
|-end|p2a: Iron Crown|Quark Drive|[silent]
|switch|p2a: Iron Valiant|Iron Valiant, shiny|100/100
|-damage|p2a: Iron Valiant|88/100|[from] Spikes
|-enditem|p2a: Iron Valiant|Booster Energy
|-activate|p2a: Iron Valiant|ability: Quark Drive|[fromitem]
|-start|p2a: Iron Valiant|quarkdrivespe
|move|p1a: Flesh Tutu|Seismic Toss|p2a: Iron Valiant
|-damage|p2a: Iron Valiant|53/100
|
|upkeep
|turn|8
|
|t:|1781413994
|switch|p1a: Lash|Toxapex, F, shiny|100/100
|move|p2a: Iron Valiant|Swords Dance|p2a: Iron Valiant
|-boost|p2a: Iron Valiant|atk|2
|
|upkeep
|turn|9
|
|t:|1781413999
|move|p2a: Iron Valiant|Knock Off|p1a: Lash
|-damage|p1a: Lash|48/100
|-enditem|p1a: Lash|Heavy-Duty Boots|[from] move: Knock Off|[of] p2a: Iron Valiant
|move|p1a: Lash|Toxic|p2a: Iron Valiant
|-status|p2a: Iron Valiant|tox
|
|-damage|p2a: Iron Valiant|47/100 tox|[from] psn
|upkeep
|turn|10
|
|t:|1781414005
|switch|p1a: Jugger|Dondozo, F, shiny|100/100
|move|p2a: Iron Valiant|Close Combat|p1a: Jugger
|-damage|p1a: Jugger|75/100
|-unboost|p2a: Iron Valiant|def|1
|-unboost|p2a: Iron Valiant|spd|1
|
|-damage|p2a: Iron Valiant|35/100 tox|[from] psn
|upkeep
|turn|11
|
|t:|1781414010
|move|p2a: Iron Valiant|Knock Off|p1a: Jugger
|-damage|p1a: Jugger|60/100
|-enditem|p1a: Jugger|Heavy-Duty Boots|[from] move: Knock Off|[of] p2a: Iron Valiant
|move|p1a: Jugger|Avalanche|p2a: Iron Valiant
|-damage|p2a: Iron Valiant|0 fnt
|faint|p2a: Iron Valiant
|-end|p2a: Iron Valiant|Quark Drive|[silent]
|
|upkeep
|
|t:|1781414020
|switch|p2a: Zapdos|Zapdos|100/100
|turn|12
|
|t:|1781414024
|switch|p2a: Iron Crown|Iron Crown, tera:Steel|64/100
|-damage|p2a: Iron Crown|52/100|[from] Spikes
|switch|p1a: Flesh Tutu|Blissey, F, tera:Dark|80/100
|
|upkeep
|turn|13
|-message|sumofsquares forfeited.
|
|win|llachiee
|raw|llachiee's rating: 1613 &rarr; <strong>1637</strong><br />(+24 for winning)
|raw|sumofsquares's rating: 1678 &rarr; <strong>1654</strong><br />(-24 for losing)
|l|☆llachiee
|player|p1|
|l|☆sumofsquares
|player|p2|
