|j|☆amiruae
|j|☆M0onStarr
|t:|1781161909
|gametype|singles
|player|p1|amiruae|palmer|1553
|player|p2|M0onStarr|266|1523
|gen|9
|tier|[Gen 9] OU
|rated|
|rule|HP Percentage Mod: HP is shown in percentages
|rule|Endless Battle Clause: Forcing endless battles is banned
|rule|Species Clause: Limit one of each Pokémon
|rule|OHKO Clause: OHKO moves are banned
|rule|Evasion Items Clause: Evasion items are banned
|rule|Evasion Moves Clause: Evasion moves are banned
|rule|Evasion Abilities Clause: Evasion abilities are banned
|rule|Sleep Moves Clause: Sleep-inducing moves are banned
|clearpoke
|poke|p1|Gholdengo|
|poke|p1|Armarouge, M|
|poke|p1|Iron Hands|
|poke|p1|Zapdos|
|poke|p1|Raging Bolt|
|poke|p1|Jirachi|
|poke|p2|Klefki, F|
|poke|p2|Regieleki|
|poke|p2|Raging Bolt|
|poke|p2|Ceruledge, F|
|poke|p2|Iron Crown|
|poke|p2|Great Tusk|
|teampreview
|inactive|Battle timer is ON: inactive players will automatically lose when time's up. (requested by amiruae)
|
|t:|1781161923
|teamsize|p1|6
|teamsize|p2|6
|start
|switch|p1a: Jirachi|Jirachi|100/100
|switch|p2a: Klefki|Klefki, F|100/100
|turn|1
|
|t:|1781161933
|move|p2a: Klefki|Thunder Wave|p1a: Jirachi
|-status|p1a: Jirachi|par
|move|p1a: Jirachi|Light Screen|p1a: Jirachi
|-sidestart|p1: amiruae|move: Light Screen
|
|upkeep
|turn|2
|
|t:|1781161940
|move|p2a: Klefki|Spikes|p1a: Jirachi
|-sidestart|p1: amiruae|Spikes
|move|p1a: Jirachi|Reflect|p1a: Jirachi
|-sidestart|p1: amiruae|Reflect
|
|upkeep
|turn|3
|
|t:|1781161950
|move|p2a: Klefki|Spikes|p1a: Jirachi
|-sidestart|p1: amiruae|Spikes
|move|p1a: Jirachi|Iron Head|p2a: Klefki
|-damage|p2a: Klefki|73/100
|
|upkeep
|turn|4
|
|t:|1781161955
|move|p2a: Klefki|Spikes|p1a: Jirachi
|-sidestart|p1: amiruae|Spikes
|move|p1a: Jirachi|U-turn|p2a: Klefki
|-resisted|p2a: Klefki
|-damage|p2a: Klefki|68/100
|
|t:|1781161957
|switch|p1a: Armarouge|Armarouge, M|100/100|[from] U-turn
|-damage|p1a: Armarouge|76/100|[from] Spikes
|
|upkeep
|turn|5
|
|t:|1781161961
|move|p2a: Klefki|Thunder Wave|p1a: Armarouge
|-status|p1a: Armarouge|par
|move|p1a: Armarouge|Armor Cannon|p2a: Klefki
|-supereffective|p2a: Klefki
|-damage|p2a: Klefki|0 fnt
|-unboost|p1a: Armarouge|def|1
|-unboost|p1a: Armarouge|spd|1
|faint|p2a: Klefki
|
|upkeep
|
|t:|1781161968
|switch|p2a: Regieleki|Regieleki|100/100
|turn|6
|
|t:|1781161978
|move|p1a: Armarouge|Endure|p1a: Armarouge
|-singleturn|p1a: Armarouge|move: Endure
|move|p2a: Regieleki|Volt Switch|p1a: Armarouge
|-damage|p1a: Armarouge|26/100 par
|
|t:|1781161989
|switch|p2a: Ceruledge|Ceruledge, F|100/100|[from] Volt Switch
|
|upkeep
|turn|7
|
|t:|1781161998
|move|p2a: Ceruledge|Shadow Sneak|p1a: Armarouge
|-supereffective|p1a: Armarouge
|-damage|p1a: Armarouge|0 fnt
|faint|p1a: Armarouge
|
|upkeep
|
|t:|1781162016
|switch|p1a: Raging Bolt|Raging Bolt|100/100
|-damage|p1a: Raging Bolt|76/100|[from] Spikes
|-enditem|p1a: Raging Bolt|Booster Energy
|-activate|p1a: Raging Bolt|ability: Protosynthesis|[fromitem]
|-start|p1a: Raging Bolt|protosynthesisspa
|turn|8
|
|t:|1781162042
|switch|p2a: Iron Crown|Iron Crown|100/100
|-enditem|p2a: Iron Crown|Booster Energy
|-activate|p2a: Iron Crown|ability: Quark Drive|[fromitem]
|-start|p2a: Iron Crown|quarkdrivespe
|move|p1a: Raging Bolt|Draco Meteor|p2a: Iron Crown|[miss]
|-miss|p1a: Raging Bolt|p2a: Iron Crown
|
|-sideend|p1: amiruae|move: Light Screen
|upkeep
|turn|9
|
|t:|1781162053
|move|p2a: Iron Crown|Psychic Noise|p1a: Raging Bolt
|-damage|p1a: Raging Bolt|45/100
|-start|p1a: Raging Bolt|move: Heal Block
|move|p1a: Raging Bolt|Calm Mind|p1a: Raging Bolt
|-boost|p1a: Raging Bolt|spa|1
|-boost|p1a: Raging Bolt|spd|1
|
|-sideend|p1: amiruae|Reflect
|upkeep
|turn|10
|
|t:|1781162061
|move|p2a: Iron Crown|Calm Mind|p2a: Iron Crown
|-boost|p2a: Iron Crown|spa|1
|-boost|p2a: Iron Crown|spd|1
|move|p1a: Raging Bolt|Thunderbolt|p2a: Iron Crown
|-damage|p2a: Iron Crown|34/100
|
|-end|p1a: Raging Bolt|move: Heal Block
|upkeep
|turn|11
|
|t:|1781162066
|move|p1a: Raging Bolt|Thunderclap|p2a: Iron Crown
|-damage|p2a: Iron Crown|0 fnt
|faint|p2a: Iron Crown
|-end|p2a: Iron Crown|Quark Drive|[silent]
|
|upkeep
|
|t:|1781162074
|switch|p2a: Great Tusk|Great Tusk|100/100
|turn|12
|
|t:|1781162081
|-end|p1a: Raging Bolt|Protosynthesis|[silent]
|switch|p1a: Zapdos|Zapdos|100/100
|move|p2a: Great Tusk|Headlong Rush|p1a: Zapdos
|-immune|p1a: Zapdos
|
|upkeep
|turn|13
|
|t:|1781162093
|-end|p2a: Great Tusk|Protosynthesis|[silent]
|switch|p2a: Raging Bolt|Raging Bolt|100/100
|-enditem|p2a: Raging Bolt|Booster Energy
|-activate|p2a: Raging Bolt|ability: Protosynthesis|[fromitem]
|-start|p2a: Raging Bolt|protosynthesisspa
|move|p1a: Zapdos|Hurricane|p2a: Raging Bolt|[miss]
|-miss|p1a: Zapdos|p2a: Raging Bolt
|
|upkeep
|turn|14
|
|t:|1781162100
|switch|p1a: Jirachi|Jirachi|100/100 par
|-damage|p1a: Jirachi|76/100 par|[from] Spikes
|move|p2a: Raging Bolt|Calm Mind|p2a: Raging Bolt
|-boost|p2a: Raging Bolt|spa|1
|-boost|p2a: Raging Bolt|spd|1
|
|upkeep
|turn|15
|
|t:|1781162108
|move|p2a: Raging Bolt|Thunderbolt|p1a: Jirachi
|-damage|p1a: Jirachi|0 fnt
|faint|p1a: Jirachi
|
|upkeep
|
|t:|1781162113
|switch|p1a: Raging Bolt|Raging Bolt|45/100
|-damage|p1a: Raging Bolt|20/100|[from] Spikes
|turn|16
|
|t:|1781162122
|-terastallize|p2a: Raging Bolt|Fairy
|move|p2a: Raging Bolt|Thunderbolt|p1a: Raging Bolt
|-resisted|p1a: Raging Bolt
|-damage|p1a: Raging Bolt|0 fnt
|faint|p1a: Raging Bolt
|-end|p1a: Raging Bolt|Protosynthesis|[silent]
|
|upkeep
|
|t:|1781162133
|switch|p1a: Gholdengo|Gholdengo|100/100
|-damage|p1a: Gholdengo|76/100|[from] Spikes
|turn|17
|
|t:|1781162137
|move|p2a: Raging Bolt|Thunderclap|p1a: Gholdengo
|-damage|p1a: Gholdengo|0 fnt
|faint|p1a: Gholdengo
|
|upkeep
|-message|amiruae forfeited.
|
|win|M0onStarr
|raw|amiruae's rating: 1553 &rarr; <strong>1531</strong><br />(-22 for losing)
|raw|M0onStarr's rating: 1523 &rarr; <strong>1545</strong><br />(+22 for winning)
|l|☆amiruae
|player|p1|
|l|☆M0onStarr
|player|p2|
