|j|☆DiceyRice
|j|☆LowEL0God
|t:|1781489656
|gametype|singles
|player|p1|DiceyRice|miku-ghost|1631
|player|p2|LowEL0God|265|1610
|gen|9
|tier|[Gen 9] OU
|rated|
|rule|HP Percentage Mod: HP is shown in percentages
|rule|Endless Battle Clause: Forcing endless battles is banned
|rule|Species Clause: Limit one of each Pokémon
|rule|OHKO Clause: OHKO moves are banned
|rule|Evasion Items Clause: Evasion items are banned
|rule|Evasion Moves Clause: Evasion moves are banned
|rule|Evasion Abilities Clause: Evasion abilities are banned
|rule|Sleep Moves Clause: Sleep-inducing moves are banned
|clearpoke
|poke|p1|Weezing-Galar, M|
|poke|p1|Gliscor, M|
|poke|p1|Heatran, M|
|poke|p1|Keldeo-Resolute|
|poke|p1|Enamorus, F|
|poke|p1|Meowscarada, F|
|poke|p2|Pelipper, F|
|poke|p2|Raging Bolt|
|poke|p2|Overqwil, F|
|poke|p2|Barraskewda, F|
|poke|p2|Iron Treads|
|poke|p2|Kingambit, F|
|teampreview
|c|☆LowEL0God|hf
|inactive|Battle timer is ON: inactive players will automatically lose when time's up. (requested by LowEL0God)
|
|t:|1781489666
|teamsize|p1|6
|teamsize|p2|6
|start
|switch|p1a: Innit|Weezing-Galar, M|100/100
|switch|p2a: Pelipper|Pelipper, F|100/100
|-ability|p1a: Innit|Neutralizing Gas
|turn|1
|
|t:|1781489668
|move|p1a: Innit|Sludge Bomb|p2a: Pelipper
|-damage|p2a: Pelipper|60/100
|move|p2a: Pelipper|Hurricane|p1a: Innit
|-damage|p1a: Innit|53/100
|-start|p1a: Innit|confusion
|
|upkeep
|turn|2
|
|t:|1781489673
|-activate|p1a: Innit|confusion
|move|p1a: Innit|Sludge Bomb|p2a: Pelipper
|-damage|p2a: Pelipper|25/100
|-status|p2a: Pelipper|psn
|move|p2a: Pelipper|Hurricane|p1a: Innit|[miss]
|-miss|p2a: Pelipper|p1a: Innit
|
|-damage|p2a: Pelipper|12/100 psn|[from] psn
|upkeep
|turn|3
|
|t:|1781489676
|-activate|p1a: Innit|confusion
|-damage|p1a: Innit|48/100|[from] confusion
|move|p2a: Pelipper|Roost|p2a: Pelipper
|-heal|p2a: Pelipper|62/100 psn
|-singleturn|p2a: Pelipper|move: Roost
|
|-damage|p2a: Pelipper|50/100 psn|[from] psn
|upkeep
|turn|4
|
|t:|1781489680
|-end|p1a: Innit|confusion
|move|p1a: Innit|Sludge Bomb|p2a: Pelipper
|-damage|p2a: Pelipper|13/100 psn
|move|p2a: Pelipper|Roost|p2a: Pelipper
|-heal|p2a: Pelipper|63/100 psn
|-singleturn|p2a: Pelipper|move: Roost
|
|-damage|p2a: Pelipper|50/100 psn|[from] psn
|upkeep
|turn|5
|
|t:|1781489682
|move|p1a: Innit|Sludge Bomb|p2a: Pelipper
|-damage|p2a: Pelipper|12/100 psn
|move|p2a: Pelipper|Roost|p2a: Pelipper
|-heal|p2a: Pelipper|62/100 psn
|-singleturn|p2a: Pelipper|move: Roost
|
|-damage|p2a: Pelipper|50/100 psn|[from] psn
|upkeep
|turn|6
|
|t:|1781489684
|move|p1a: Innit|Sludge Bomb|p2a: Pelipper
|-damage|p2a: Pelipper|8/100 psn
|move|p2a: Pelipper|Roost|p2a: Pelipper
|-heal|p2a: Pelipper|58/100 psn
|-singleturn|p2a: Pelipper|move: Roost
|
|-damage|p2a: Pelipper|46/100 psn|[from] psn
|upkeep
|turn|7
|
|t:|1781489686
|move|p1a: Innit|Sludge Bomb|p2a: Pelipper
|-damage|p2a: Pelipper|8/100 psn
|move|p2a: Pelipper|Roost|p2a: Pelipper
|-heal|p2a: Pelipper|58/100 psn
|-singleturn|p2a: Pelipper|move: Roost
|
|-damage|p2a: Pelipper|46/100 psn|[from] psn
|upkeep
|turn|8
|
|t:|1781489688
|move|p1a: Innit|Sludge Bomb|p2a: Pelipper
|-damage|p2a: Pelipper|9/100 psn
|move|p2a: Pelipper|Roost|p2a: Pelipper
|-heal|p2a: Pelipper|59/100 psn
|-singleturn|p2a: Pelipper|move: Roost
|
|-damage|p2a: Pelipper|46/100 psn|[from] psn
|upkeep
|turn|9
|
|t:|1781489691
|move|p1a: Innit|Sludge Bomb|p2a: Pelipper
|-damage|p2a: Pelipper|11/100 psn
|move|p2a: Pelipper|Roost|p2a: Pelipper
|-heal|p2a: Pelipper|61/100 psn
|-singleturn|p2a: Pelipper|move: Roost
|
|-damage|p2a: Pelipper|48/100 psn|[from] psn
|upkeep
|turn|10
|
|t:|1781489693
|move|p1a: Innit|Sludge Bomb|p2a: Pelipper
|-damage|p2a: Pelipper|7/100 psn
|move|p2a: Pelipper|Roost|p2a: Pelipper
|-heal|p2a: Pelipper|57/100 psn
|-singleturn|p2a: Pelipper|move: Roost
|
|-damage|p2a: Pelipper|44/100 psn|[from] psn
|upkeep
|turn|11
|
|t:|1781489695
|move|p1a: Innit|Sludge Bomb|p2a: Pelipper
|-damage|p2a: Pelipper|7/100 psn
|move|p2a: Pelipper|Hurricane|p1a: Innit
|-damage|p1a: Innit|1/100
|
|-damage|p2a: Pelipper|0 fnt|[from] psn
|faint|p2a: Pelipper
|upkeep
|
|t:|1781489697
|switch|p2a: Barraskewda|Barraskewda, F|100/100
|turn|12
|
|t:|1781489701
|move|p2a: Barraskewda|Liquidation|p1a: Innit
|-damage|p1a: Innit|0 fnt
|faint|p1a: Innit
|-end|p1a: Innit|ability: Neutralizing Gas
|
|upkeep
|
|t:|1781489703
|switch|p1a: Baka 3|Meowscarada, F|100/100
|turn|13
|
|t:|1781489707
|switch|p2a: Kingambit|Kingambit, F|100/100
|-activate|p2a: Kingambit|ability: Supreme Overlord
|-start|p2a: Kingambit|fallen1|[silent]
|move|p1a: Baka 3|Knock Off|p2a: Kingambit
|-start|p1a: Baka 3|typechange|Dark|[from] ability: Protean
|-resisted|p2a: Kingambit
|-damage|p2a: Kingambit|77/100
|-enditem|p2a: Kingambit|Leftovers|[from] move: Knock Off|[of] p1a: Baka 3
|
|upkeep
|turn|14
|
|t:|1781489711
|switch|p1a: Baka 1|Keldeo-Resolute|100/100
|-end|p2a: Kingambit|fallen1|[silent]
|switch|p2a: Raging Bolt|Raging Bolt|100/100
|-enditem|p2a: Raging Bolt|Booster Energy
|-activate|p2a: Raging Bolt|ability: Protosynthesis|[fromitem]
|-start|p2a: Raging Bolt|protosynthesisspa
|
|upkeep
|turn|15
|
|t:|1781489714
|switch|p1a: Snowflame|Gliscor, M|100/100
|move|p2a: Raging Bolt|Draco Meteor|p1a: Snowflame|[miss]
|-miss|p2a: Raging Bolt|p1a: Snowflame
|
|-status|p1a: Snowflame|tox|[from] item: Toxic Orb
|upkeep
|turn|16
|
|t:|1781489717
|move|p1a: Snowflame|Earthquake|p2a: Raging Bolt
|-supereffective|p2a: Raging Bolt
|-damage|p2a: Raging Bolt|46/100
|move|p2a: Raging Bolt|Draco Meteor|p1a: Snowflame
|-damage|p1a: Snowflame|13/100 tox
|-unboost|p2a: Raging Bolt|spa|2
|
|-heal|p1a: Snowflame|26/100 tox|[from] ability: Poison Heal
|upkeep
|turn|17
|
|t:|1781489721
|-end|p2a: Raging Bolt|Protosynthesis|[silent]
|switch|p2a: Barraskewda|Barraskewda, F|100/100
|move|p1a: Snowflame|Earthquake|p2a: Barraskewda
|-damage|p2a: Barraskewda|32/100
|
|-heal|p1a: Snowflame|38/100 tox|[from] ability: Poison Heal
|upkeep
|turn|18
|
|t:|1781489723
|move|p1a: Snowflame|Protect|p1a: Snowflame
|-singleturn|p1a: Snowflame|Protect
|move|p2a: Barraskewda|Liquidation|p1a: Snowflame
|-activate|p1a: Snowflame|move: Protect
|
|-heal|p1a: Snowflame|51/100 tox|[from] ability: Poison Heal
|upkeep
|turn|19
|
|t:|1781489727
|switch|p1a: Baka 3|Meowscarada, F|100/100
|move|p2a: Barraskewda|Liquidation|p1a: Baka 3
|-resisted|p1a: Baka 3
|-damage|p1a: Baka 3|48/100
|
|upkeep
|turn|20
|
|t:|1781489730
|switch|p2a: Kingambit|Kingambit, F|77/100
|-activate|p2a: Kingambit|ability: Supreme Overlord
|-start|p2a: Kingambit|fallen1|[silent]
|move|p1a: Baka 3|Knock Off|p2a: Kingambit
|-start|p1a: Baka 3|typechange|Dark|[from] ability: Protean
|-resisted|p2a: Kingambit
|-damage|p2a: Kingambit|60/100
|
|upkeep
|turn|21
|
|t:|1781489732
|switch|p1a: Baka 1|Keldeo-Resolute|100/100
|-end|p2a: Kingambit|fallen1|[silent]
|switch|p2a: Raging Bolt|Raging Bolt|46/100
|
|upkeep
|turn|22
|
|t:|1781489734
|move|p1a: Baka 1|Icy Wind|p2a: Raging Bolt
|-supereffective|p2a: Raging Bolt
|-damage|p2a: Raging Bolt|0 fnt
|faint|p2a: Raging Bolt
|-end|p2a: Raging Bolt|Protosynthesis|[silent]
|
|upkeep
|
|t:|1781489735
|switch|p2a: Kingambit|Kingambit, F|60/100
|-activate|p2a: Kingambit|ability: Supreme Overlord
|-start|p2a: Kingambit|fallen2|[silent]
|turn|23
|
|t:|1781489739
|switch|p1a: Baka 2|Enamorus, F|100/100
|move|p2a: Kingambit|Swords Dance|p2a: Kingambit
|-boost|p2a: Kingambit|atk|2
|
|upkeep
|turn|24
|
|t:|1781489742
|-terastallize|p2a: Kingambit|Dark
|move|p2a: Kingambit|Sucker Punch|p1a: Baka 2
|-resisted|p1a: Baka 2
|-damage|p1a: Baka 2|0 fnt
|faint|p1a: Baka 2
|
|upkeep
|
|t:|1781489744
|switch|p1a: Baka 1|Keldeo-Resolute|100/100
|turn|25
|
|t:|1781489747
|move|p2a: Kingambit|Sucker Punch|p1a: Baka 1
|-resisted|p1a: Baka 1
|-damage|p1a: Baka 1|19/100
|-ability|p1a: Baka 1|Justified|boost
|-boost|p1a: Baka 1|atk|1
|move|p1a: Baka 1|Secret Sword|p2a: Kingambit
|-supereffective|p2a: Kingambit
|-damage|p2a: Kingambit|0 fnt
|faint|p2a: Kingambit
|-end|p2a: Kingambit|fallen2|[silent]
|
|upkeep
|
|t:|1781489748
|switch|p2a: Barraskewda|Barraskewda, F|32/100
|turn|26
|
|t:|1781489752
|move|p2a: Barraskewda|Liquidation|p1a: Baka 1
|-resisted|p1a: Baka 1
|-damage|p1a: Baka 1|0 fnt
|faint|p1a: Baka 1
|
|upkeep
|
|t:|1781489754
|switch|p1a: Baka 3|Meowscarada, F|48/100
|turn|27
|
|t:|1781489757
|move|p1a: Baka 3|U-turn|p2a: Barraskewda
|-start|p1a: Baka 3|typechange|Bug|[from] ability: Protean
|-crit|p2a: Barraskewda
|-damage|p2a: Barraskewda|0 fnt
|faint|p2a: Barraskewda
|
|t:|1781489760
|switch|p1a: Snowflame|Gliscor, M|51/100 tox|[from] U-turn
|
|-heal|p1a: Snowflame|63/100 tox|[from] ability: Poison Heal
|upkeep
|
|t:|1781489760
|switch|p2a: Overqwil|Overqwil, F|100/100
|turn|28
|
|t:|1781489764
|switch|p1a: Baka 3|Meowscarada, F|48/100
|move|p2a: Overqwil|Liquidation|p1a: Baka 3
|-resisted|p1a: Baka 3
|-damage|p1a: Baka 3|16/100
|-damage|p2a: Overqwil|91/100|[from] item: Life Orb
|
|upkeep
|turn|29
|
|t:|1781489767
|switch|p2a: Iron Treads|Iron Treads|100/100
|-enditem|p2a: Iron Treads|Booster Energy
|-activate|p2a: Iron Treads|ability: Quark Drive|[fromitem]
|-start|p2a: Iron Treads|quarkdrivespe
|move|p1a: Baka 3|Triple Axel|p2a: Iron Treads
|-start|p1a: Baka 3|typechange|Ice|[from] ability: Protean
|-damage|p2a: Iron Treads|88/100
|-hitcount|p2a: Iron Treads|1
|
|upkeep
|turn|30
|
|t:|1781489770
|switch|p1a: Heatrans Rights|Heatran, M|100/100
|move|p2a: Iron Treads|Earth Power|p1a: Heatrans Rights
|-supereffective|p1a: Heatrans Rights
|-damage|p1a: Heatrans Rights|13/100
|
|-heal|p1a: Heatrans Rights|20/100|[from] item: Leftovers
|upkeep
|turn|31
|
|t:|1781489778
|move|p2a: Iron Treads|Earth Power|p1a: Heatrans Rights
|-supereffective|p1a: Heatrans Rights
|-crit|p1a: Heatrans Rights
|-damage|p1a: Heatrans Rights|0 fnt
|faint|p1a: Heatrans Rights
|
|upkeep
|
|t:|1781489779
|switch|p1a: Snowflame|Gliscor, M|63/100 tox
|turn|32
|
|t:|1781489783
|move|p1a: Snowflame|Protect|p1a: Snowflame
|-singleturn|p1a: Snowflame|Protect
|move|p2a: Iron Treads|Stealth Rock|p1a: Snowflame
|-sidestart|p1: DiceyRice|move: Stealth Rock
|
|-heal|p1a: Snowflame|76/100 tox|[from] ability: Poison Heal
|upkeep
|turn|33
|
|t:|1781489786
|move|p2a: Iron Treads|Rapid Spin|p1a: Snowflame
|-damage|p1a: Snowflame|68/100 tox
|-boost|p2a: Iron Treads|spe|1
|move|p1a: Snowflame|Earthquake|p2a: Iron Treads
|-supereffective|p2a: Iron Treads
|-damage|p2a: Iron Treads|33/100
|
|-heal|p1a: Snowflame|80/100 tox|[from] ability: Poison Heal
|upkeep
|turn|34
|
|t:|1781489790
|move|p2a: Iron Treads|Steel Beam|p1a: Snowflame
|-damage|p1a: Snowflame|33/100 tox
|-damage|p2a: Iron Treads|0 fnt|[from] steelbeam
|faint|p2a: Iron Treads
|-end|p2a: Iron Treads|Quark Drive|[silent]
|move|p1a: Snowflame|Spikes|p2: Iron Treads
|-sidestart|p2: LowEL0God|Spikes
|
|-heal|p1a: Snowflame|46/100 tox|[from] ability: Poison Heal
|upkeep
|
|t:|1781489790
|switch|p2a: Overqwil|Overqwil, F|91/100
|-damage|p2a: Overqwil|78/100|[from] Spikes
|turn|35
|
|t:|1781489794
|-terastallize|p1a: Snowflame|Water
|move|p2a: Overqwil|Gunk Shot|p1a: Snowflame
|-damage|p1a: Snowflame|0 fnt
|faint|p1a: Snowflame
|-damage|p2a: Overqwil|69/100|[from] item: Life Orb
|
|upkeep
|
|t:|1781489795
|switch|p1a: Baka 3|Meowscarada, F|16/100
|-damage|p1a: Baka 3|4/100|[from] Stealth Rock
|turn|36
|
|t:|1781489797
|move|p1a: Baka 3|Triple Axel|p2a: Overqwil|[miss]
|-start|p1a: Baka 3|typechange|Ice|[from] ability: Protean
|-miss|p1a: Baka 3|p2a: Overqwil
|move|p2a: Overqwil|Crunch|p1a: Baka 3
|-damage|p1a: Baka 3|0 fnt
|faint|p1a: Baka 3
|-damage|p2a: Overqwil|59/100|[from] item: Life Orb
|
|win|LowEL0God
|raw|DiceyRice's rating: 1631 &rarr; <strong>1610</strong><br />(-21 for losing)
|raw|LowEL0God's rating: 1610 &rarr; <strong>1631</strong><br />(+21 for winning)
|l|☆DiceyRice
|player|p1|
|c|☆LowEL0God|gg
|l|☆LowEL0God
|player|p2|
