|j|☆Pr0is0p
|j|☆KurisuChestnutOU
|t:|1781174971
|gametype|singles
|player|p1|Pr0is0p|lusamine-nihilego|1549
|player|p2|KurisuChestnutOU|may-contest|1591
|gen|9
|tier|[Gen 9] OU
|rated|
|rule|HP Percentage Mod: HP is shown in percentages
|rule|Endless Battle Clause: Forcing endless battles is banned
|rule|Species Clause: Limit one of each Pokémon
|rule|OHKO Clause: OHKO moves are banned
|rule|Evasion Items Clause: Evasion items are banned
|rule|Evasion Moves Clause: Evasion moves are banned
|rule|Evasion Abilities Clause: Evasion abilities are banned
|rule|Sleep Moves Clause: Sleep-inducing moves are banned
|clearpoke
|poke|p1|Ogerpon, F|
|poke|p1|Raging Bolt|
|poke|p1|Great Tusk|
|poke|p1|Darkrai|
|poke|p1|Clefable, M|
|poke|p1|Corviknight, F|
|poke|p2|Gliscor, F|
|poke|p2|Dondozo, M|
|poke|p2|Slowking-Galar, M|
|poke|p2|Gholdengo|
|poke|p2|Great Tusk|
|poke|p2|Kingambit, M|
|teampreview
|inactive|Battle timer is ON: inactive players will automatically lose when time's up. (requested by Pr0is0p)
|
|t:|1781174976
|teamsize|p1|6
|teamsize|p2|6
|start
|switch|p1a: Ogerpon|Ogerpon, F|100/100
|switch|p2a: Gholdengo|Gholdengo|100/100
|-item|p2a: Gholdengo|Air Balloon
|turn|1
|inactive|KurisuChestnutOU also wants the timer to be on.
|
|t:|1781174985
|move|p1a: Ogerpon|Knock Off|p2a: Gholdengo
|-supereffective|p2a: Gholdengo
|-damage|p2a: Gholdengo|0 fnt
|-enditem|p2a: Gholdengo|Air Balloon
|faint|p2a: Gholdengo
|
|upkeep
|
|t:|1781174991
|switch|p2a: Kingambit|Kingambit, M|100/100
|-activate|p2a: Kingambit|ability: Supreme Overlord
|-start|p2a: Kingambit|fallen1|[silent]
|turn|2
|
|t:|1781174998
|switch|p1a: Great Tusk|Great Tusk|100/100
|move|p2a: Kingambit|Iron Head|p1a: Great Tusk
|-damage|p1a: Great Tusk|61/100
|
|upkeep
|turn|3
|
|t:|1781175011
|-end|p1a: Great Tusk|Protosynthesis|[silent]
|switch|p1a: Ogerpon|Ogerpon, F|100/100
|-end|p2a: Kingambit|fallen1|[silent]
|switch|p2a: Gliscor|Gliscor, F|100/100
|
|-status|p2a: Gliscor|tox|[from] item: Toxic Orb
|upkeep
|turn|4
|
|t:|1781175019
|move|p1a: Ogerpon|U-turn|p2a: Gliscor
|-resisted|p2a: Gliscor
|-damage|p2a: Gliscor|91/100 tox
|
|t:|1781175021
|switch|p1a: Corviknight|Corviknight, F|100/100|[from] U-turn
|-ability|p1a: Corviknight|Pressure
|move|p2a: Gliscor|Knock Off|p1a: Corviknight
|-damage|p1a: Corviknight|82/100
|-enditem|p1a: Corviknight|Leftovers|[from] move: Knock Off|[of] p2a: Gliscor
|
|-heal|p2a: Gliscor|100/100 tox|[from] ability: Poison Heal
|upkeep
|turn|5
|
|t:|1781175026
|move|p2a: Gliscor|Spikes|p1a: Corviknight
|-sidestart|p1: Pr0is0p|Spikes
|move|p1a: Corviknight|Defog|p2a: Gliscor
|-unboost|p2a: Gliscor|evasion|1
|-sideend|p1: Pr0is0p|Spikes|[from] move: Defog|[of] p1a: Corviknight
|
|upkeep
|turn|6
|
|t:|1781175032
|move|p2a: Gliscor|Spikes|p1a: Corviknight
|-sidestart|p1: Pr0is0p|Spikes
|move|p1a: Corviknight|U-turn|p2a: Gliscor
|-resisted|p2a: Gliscor
|-damage|p2a: Gliscor|97/100 tox
|
|t:|1781175038
|switch|p1a: Darkrai|Darkrai|100/100|[from] U-turn
|
|-heal|p2a: Gliscor|100/100 tox|[from] ability: Poison Heal
|upkeep
|turn|7
|
|t:|1781175045
|switch|p2a: Kingambit|Kingambit, M|100/100
|-activate|p2a: Kingambit|ability: Supreme Overlord
|-start|p2a: Kingambit|fallen1|[silent]
|move|p1a: Darkrai|Ice Beam|p2a: Kingambit
|-resisted|p2a: Kingambit
|-damage|p2a: Kingambit|81/100
|-status|p2a: Kingambit|frz
|
|-heal|p2a: Kingambit|88/100 frz|[from] item: Leftovers
|upkeep
|turn|8
|
|t:|1781175053
|move|p1a: Darkrai|Focus Blast|p2a: Kingambit
|-supereffective|p2a: Kingambit
|-damage|p2a: Kingambit|0 fnt
|faint|p2a: Kingambit
|-end|p2a: Kingambit|fallen1|[silent]
|
|upkeep
|
|t:|1781175058
|switch|p2a: Slowking|Slowking-Galar, M|100/100
|turn|9
|
|t:|1781175063
|move|p1a: Darkrai|Dark Pulse|p2a: Slowking
|-supereffective|p2a: Slowking
|-damage|p2a: Slowking|68/100
|move|p2a: Slowking|Flamethrower|p1a: Darkrai
|-damage|p1a: Darkrai|70/100
|
|upkeep
|turn|10
|
|t:|1781175076
|switch|p1a: Corviknight|Corviknight, F|82/100
|-ability|p1a: Corviknight|Pressure
|move|p2a: Slowking|Sludge Bomb|p1a: Corviknight
|-immune|p1a: Corviknight
|
|upkeep
|turn|11
|
|t:|1781175081
|move|p1a: Corviknight|Defog|p2a: Slowking
|-unboost|p2a: Slowking|evasion|1
|-sideend|p1: Pr0is0p|Spikes|[from] move: Defog|[of] p1a: Corviknight
|move|p2a: Slowking|Future Sight|p1a: Corviknight
|-start|p2a: Slowking|move: Future Sight
|
|upkeep
|turn|12
|
|t:|1781175089
|switch|p2a: Dondozo|Dondozo, M|100/100
|move|p1a: Corviknight|Brave Bird|p2a: Dondozo
|-damage|p2a: Dondozo|85/100
|-damage|p1a: Corviknight|76/100|[from] Recoil
|
|-heal|p2a: Dondozo|92/100|[from] item: Leftovers
|upkeep
|turn|13
|
|t:|1781175095
|move|p1a: Corviknight|U-turn|p2a: Dondozo
|-damage|p2a: Dondozo|85/100
|
|t:|1781175099
|switch|p1a: Clefable|Clefable, M|100/100|[from] U-turn
|move|p2a: Dondozo|Wave Crash|p1a: Clefable
|-damage|p1a: Clefable|68/100
|-damage|p2a: Dondozo|76/100|[from] Recoil
|
|-end|p1a: Clefable|move: Future Sight
|-damage|p1a: Clefable|22/100
|-heal|p1a: Clefable|28/100|[from] item: Leftovers
|-heal|p2a: Dondozo|83/100|[from] item: Leftovers
|upkeep
|turn|14
|
|t:|1781175106
|move|p1a: Clefable|Moonlight|p1a: Clefable
|-heal|p1a: Clefable|78/100
|move|p2a: Dondozo|Wave Crash|p1a: Clefable
|-damage|p1a: Clefable|46/100
|-damage|p2a: Dondozo|74/100|[from] Recoil
|
|-heal|p1a: Clefable|52/100|[from] item: Leftovers
|-heal|p2a: Dondozo|80/100|[from] item: Leftovers
|upkeep
|turn|15
|
|t:|1781175112
|switch|p2a: Slowking|Slowking-Galar, M|100/100
|move|p1a: Clefable|Moonlight|p1a: Clefable
|-heal|p1a: Clefable|100/100
|
|upkeep
|turn|16
|
|t:|1781175117
|move|p1a: Clefable|Stealth Rock|p2a: Slowking
|-sidestart|p2: KurisuChestnutOU|move: Stealth Rock
|move|p2a: Slowking|Sludge Bomb|p1a: Clefable
|-supereffective|p1a: Clefable
|-damage|p1a: Clefable|30/100
|-status|p1a: Clefable|psn
|
|-heal|p1a: Clefable|36/100 psn|[from] item: Leftovers
|upkeep
|turn|17
|
|t:|1781175123
|switch|p1a: Great Tusk|Great Tusk|61/100
|move|p2a: Slowking|Sludge Bomb|p1a: Great Tusk
|-resisted|p1a: Great Tusk
|-damage|p1a: Great Tusk|35/100
|
|upkeep
|turn|18
|
|t:|1781175133
|switch|p2a: Great Tusk|Great Tusk|100/100
|move|p1a: Great Tusk|Headlong Rush|p2a: Great Tusk
|-damage|p2a: Great Tusk|53/100
|-unboost|p1a: Great Tusk|def|1
|-unboost|p1a: Great Tusk|spd|1
|
|upkeep
|turn|19
|
|t:|1781175141
|move|p2a: Great Tusk|Rapid Spin|p1a: Great Tusk
|-damage|p1a: Great Tusk|15/100
|-boost|p2a: Great Tusk|spe|1
|-sideend|p2: KurisuChestnutOU|Stealth Rock|[from] move: Rapid Spin|[of] p2a: Great Tusk
|move|p1a: Great Tusk|Ice Spinner|p2a: Great Tusk
|-supereffective|p2a: Great Tusk
|-damage|p2a: Great Tusk|8/100
|
|upkeep
|turn|20
|
|t:|1781175151
|-end|p2a: Great Tusk|Protosynthesis|[silent]
|switch|p2a: Slowking|Slowking-Galar, M|100/100
|-end|p1a: Great Tusk|Protosynthesis|[silent]
|switch|p1a: Corviknight|Corviknight, F|76/100
|-ability|p1a: Corviknight|Pressure
|
|upkeep
|turn|21
|
|t:|1781175161
|move|p1a: Corviknight|U-turn|p2a: Slowking
|-damage|p2a: Slowking|85/100
|
|t:|1781175163
|switch|p1a: Raging Bolt|Raging Bolt|100/100|[from] U-turn
|-enditem|p1a: Raging Bolt|Booster Energy
|-activate|p1a: Raging Bolt|ability: Protosynthesis|[fromitem]
|-start|p1a: Raging Bolt|protosynthesisspa
|move|p2a: Slowking|Flamethrower|p1a: Raging Bolt
|-resisted|p1a: Raging Bolt
|-damage|p1a: Raging Bolt|89/100
|
|upkeep
|turn|22
|
|t:|1781175170
|move|p1a: Raging Bolt|Calm Mind|p1a: Raging Bolt
|-boost|p1a: Raging Bolt|spa|1
|-boost|p1a: Raging Bolt|spd|1
|move|p2a: Slowking|Sludge Bomb|p1a: Raging Bolt
|-damage|p1a: Raging Bolt|66/100
|
|upkeep
|turn|23
|
|t:|1781175177
|move|p1a: Raging Bolt|Calm Mind|p1a: Raging Bolt
|-boost|p1a: Raging Bolt|spa|1
|-boost|p1a: Raging Bolt|spd|1
|move|p2a: Slowking|Future Sight|p1a: Raging Bolt
|-start|p2a: Slowking|move: Future Sight
|
|upkeep
|turn|24
|
|t:|1781175182
|switch|p2a: Great Tusk|Great Tusk|8/100
|move|p1a: Raging Bolt|Thunderbolt|p2a: Great Tusk
|-immune|p2a: Great Tusk
|
|upkeep
|turn|25
|
|t:|1781175188
|-terastallize|p1a: Raging Bolt|Flying
|move|p2a: Great Tusk|Headlong Rush|p1a: Raging Bolt
|-immune|p1a: Raging Bolt
|move|p1a: Raging Bolt|Dragon Pulse|p2a: Great Tusk
|-damage|p2a: Great Tusk|0 fnt
|faint|p2a: Great Tusk
|-end|p2a: Great Tusk|Protosynthesis|[silent]
|
|-end|p1a: Raging Bolt|move: Future Sight
|-damage|p1a: Raging Bolt|45/100
|upkeep
|
|t:|1781175195
|switch|p2a: Dondozo|Dondozo, M|80/100
|turn|26
|
|t:|1781175205
|-terastallize|p2a: Dondozo|Dragon
|move|p1a: Raging Bolt|Dragon Pulse|p2a: Dondozo
|-supereffective|p2a: Dondozo
|-damage|p2a: Dondozo|0 fnt
|faint|p2a: Dondozo
|
|upkeep
|
|t:|1781175212
|switch|p2a: Slowking|Slowking-Galar, M|100/100
|turn|27
|
|t:|1781175217
|move|p1a: Raging Bolt|Thunderbolt|p2a: Slowking
|-damage|p2a: Slowking|48/100
|move|p2a: Slowking|Sludge Bomb|p1a: Raging Bolt
|-damage|p1a: Raging Bolt|28/100
|
|upkeep
|turn|28
|
|t:|1781175225
|move|p1a: Raging Bolt|Thunderbolt|p2a: Slowking
|-damage|p2a: Slowking|0 fnt
|faint|p2a: Slowking
|
|upkeep
|
|t:|1781175232
|switch|p2a: Gliscor|Gliscor, F|100/100 tox
|turn|29
|
|t:|1781175234
|move|p2a: Gliscor|Protect|p2a: Gliscor
|-singleturn|p2a: Gliscor|Protect
|move|p1a: Raging Bolt|Dragon Pulse|p2a: Gliscor
|-activate|p2a: Gliscor|move: Protect
|
|upkeep
|turn|30
|
|t:|1781175240
|move|p2a: Gliscor|Protect||[still]
|-fail|p2a: Gliscor
|move|p1a: Raging Bolt|Dragon Pulse|p2a: Gliscor
|-damage|p2a: Gliscor|0 fnt
|faint|p2a: Gliscor
|
|win|Pr0is0p
|raw|Pr0is0p's rating: 1549 &rarr; <strong>1570</strong><br />(+21 for winning)
|raw|KurisuChestnutOU's rating: 1563 &rarr; <strong>1542</strong><br />(-21 for losing)
|l|☆KurisuChestnutOU
|player|p2|
