|j|☆XianTwa
|j|☆Kirnil
|t:|1781436037
|gametype|singles
|player|p1|XianTwa|dawn|1645
|player|p2|Kirnil|maid|1593
|gen|9
|tier|[Gen 9] OU
|rated|
|rule|HP Percentage Mod: HP is shown in percentages
|rule|Endless Battle Clause: Forcing endless battles is banned
|rule|Species Clause: Limit one of each Pokémon
|rule|OHKO Clause: OHKO moves are banned
|rule|Evasion Items Clause: Evasion items are banned
|rule|Evasion Moves Clause: Evasion moves are banned
|rule|Evasion Abilities Clause: Evasion abilities are banned
|rule|Sleep Moves Clause: Sleep-inducing moves are banned
|clearpoke
|poke|p1|Kingambit, F|
|poke|p1|Cinderace, F|
|poke|p1|Landorus-Therian, M|
|poke|p1|Iron Valiant|
|poke|p1|Kyurem|
|poke|p1|Slowking-Galar, M|
|poke|p2|Glimmora, M|
|poke|p2|Great Tusk|
|poke|p2|Alomomola, F|
|poke|p2|Amoonguss, F|
|poke|p2|Iron Valiant|
|poke|p2|Hoopa-Unbound|
|teampreview
|inactive|Battle timer is ON: inactive players will automatically lose when time's up. (requested by XianTwa)
|
|t:|1781436062
|teamsize|p1|6
|teamsize|p2|6
|start
|switch|p1a: Landorus|Landorus-Therian, M, shiny|100/100
|switch|p2a: Glimmora|Glimmora, M|100/100
|-ability|p1a: Landorus|Intimidate|boost
|-unboost|p2a: Glimmora|atk|1
|-item|p2a: Glimmora|Air Balloon
|turn|1
|
|t:|1781436072
|switch|p2a: Amoonguss|Amoonguss, F|100/100
|move|p1a: Landorus|U-turn|p2a: Amoonguss
|-damage|p2a: Amoonguss|83/100
|-damage|p1a: Landorus|84/100|[from] item: Rocky Helmet|[of] p2a: Amoonguss
|j| nonchalantbufalant
|
|t:|1781436081
|switch|p1a: Kyurem|Kyurem, shiny|100/100|[from] U-turn
|-ability|p1a: Kyurem|Pressure
|
|upkeep
|turn|2
|
|t:|1781436085
|switch|p2a: Alomomola|Alomomola, F|100/100
|move|p1a: Kyurem|Freeze-Dry|p2a: Alomomola
|-supereffective|p2a: Alomomola
|-damage|p2a: Alomomola|68/100
|
|upkeep
|turn|3
|
|t:|1781436092
|move|p1a: Kyurem|Substitute|p1a: Kyurem
|-start|p1a: Kyurem|Substitute
|-damage|p1a: Kyurem|76/100
|move|p2a: Alomomola|Mirror Coat||[still]
|-fail|p2a: Alomomola
|
|-heal|p1a: Kyurem|82/100|[from] item: Leftovers
|upkeep
|turn|4
|
|t:|1781436097
|move|p1a: Kyurem|Freeze-Dry|p2a: Alomomola
|-supereffective|p2a: Alomomola
|-damage|p2a: Alomomola|36/100
|move|p2a: Alomomola|Play Rough|p1a: Kyurem
|-supereffective|p1a: Kyurem
|-end|p1a: Kyurem|Substitute
|
|-heal|p1a: Kyurem|88/100|[from] item: Leftovers
|upkeep
|turn|5
|
|t:|1781436105
|switch|p2a: Hoopa|Hoopa-Unbound|100/100
|move|p1a: Kyurem|Substitute|p1a: Kyurem
|-start|p1a: Kyurem|Substitute
|-damage|p1a: Kyurem|63/100
|
|-heal|p1a: Kyurem|69/100|[from] item: Leftovers
|upkeep
|turn|6
|
|t:|1781436111
|move|p1a: Kyurem|Freeze-Dry|p2a: Hoopa
|-damage|p2a: Hoopa|66/100
|move|p2a: Hoopa|Psychic Noise|p1a: Kyurem
|-damage|p1a: Kyurem|25/100
|-start|p1a: Kyurem|move: Heal Block
|
|-heal|p2a: Hoopa|72/100|[from] item: Leftovers
|upkeep
|turn|7
|
|t:|1781436119
|switch|p1a: Kingambit|Kingambit, F|100/100
|move|p2a: Hoopa|Drain Punch|p1a: Kingambit
|-supereffective|p1a: Kingambit
|-damage|p1a: Kingambit|21/100
|-heal|p2a: Hoopa|100/100|[from] drain|[of] p1a: Kingambit
|
|-heal|p1a: Kingambit|28/100|[from] item: Leftovers
|upkeep
|turn|8
|
|t:|1781436127
|move|p1a: Kingambit|Sucker Punch|p2a: Hoopa
|-damage|p2a: Hoopa|48/100
|move|p2a: Hoopa|Dark Pulse|p1a: Kingambit
|-resisted|p1a: Kingambit
|-damage|p1a: Kingambit|0 fnt
|faint|p1a: Kingambit
|-end|p1a: Kingambit|fallenundefined|[silent]
|
|-heal|p2a: Hoopa|54/100|[from] item: Leftovers
|upkeep
|
|t:|1781436136
|switch|p1a: Landorus|Landorus-Therian, M, shiny|84/100
|-ability|p1a: Landorus|Intimidate|boost
|-unboost|p2a: Hoopa|atk|1
|turn|9
|
|t:|1781436139
|switch|p2a: Amoonguss|Amoonguss, F|100/100
|move|p1a: Landorus|U-turn|p2a: Amoonguss
|-damage|p2a: Amoonguss|86/100
|-damage|p1a: Landorus|67/100|[from] item: Rocky Helmet|[of] p2a: Amoonguss
|
|t:|1781436144
|switch|p1a: Kyurem|Kyurem, shiny|25/100|[from] U-turn
|-ability|p1a: Kyurem|Pressure
|
|-heal|p1a: Kyurem|31/100|[from] item: Leftovers
|upkeep
|turn|10
|
|t:|1781436148
|move|p1a: Kyurem|Freeze-Dry|p2a: Amoonguss
|-supereffective|p2a: Amoonguss
|-damage|p2a: Amoonguss|18/100
|move|p2a: Amoonguss|Sludge Bomb|p1a: Kyurem
|-damage|p1a: Kyurem|8/100
|
|-heal|p1a: Kyurem|14/100|[from] item: Leftovers
|upkeep
|turn|11
|
|t:|1781436155
|switch|p2a: Alomomola|Alomomola, F|70/100
|move|p1a: Kyurem|Freeze-Dry|p2a: Alomomola
|-supereffective|p2a: Alomomola
|-crit|p2a: Alomomola
|-damage|p2a: Alomomola|19/100
|
|-heal|p1a: Kyurem|20/100|[from] item: Leftovers
|upkeep
|turn|12
|
|t:|1781436161
|move|p1a: Kyurem|Freeze-Dry|p2a: Alomomola
|-supereffective|p2a: Alomomola
|-damage|p2a: Alomomola|0 fnt
|faint|p2a: Alomomola
|
|-heal|p1a: Kyurem|26/100|[from] item: Leftovers
|upkeep
|
|t:|1781436166
|switch|p2a: Iron Valiant|Iron Valiant|100/100
|-enditem|p2a: Iron Valiant|Booster Energy
|-activate|p2a: Iron Valiant|ability: Quark Drive|[fromitem]
|-start|p2a: Iron Valiant|quarkdrivespe
|turn|13
|
|t:|1781436175
|switch|p1a: Slowking|Slowking-Galar, M, shiny|100/100
|move|p2a: Iron Valiant|Knock Off|p1a: Slowking
|-supereffective|p1a: Slowking
|-crit|p1a: Slowking
|-damage|p1a: Slowking|22/100
|-enditem|p1a: Slowking|Heavy-Duty Boots|[from] move: Knock Off|[of] p2a: Iron Valiant
|
|upkeep
|turn|14
|
|t:|1781436183
|move|p2a: Iron Valiant|Moonblast|p1a: Slowking
|-resisted|p1a: Slowking
|-damage|p1a: Slowking|8/100
|move|p1a: Slowking|Psychic Noise|p2a: Iron Valiant
|-supereffective|p2a: Iron Valiant
|-damage|p2a: Iron Valiant|0 fnt
|faint|p2a: Iron Valiant
|-end|p2a: Iron Valiant|Quark Drive|[silent]
|
|upkeep
|
|t:|1781436188
|switch|p2a: Hoopa|Hoopa-Unbound|54/100
|turn|15
|
|t:|1781436196
|move|p2a: Hoopa|Psychic Noise|p1a: Slowking
|-damage|p1a: Slowking|0 fnt
|faint|p1a: Slowking
|
|-heal|p2a: Hoopa|60/100|[from] item: Leftovers
|upkeep
|
|t:|1781436201
|switch|p1a: Landorus|Landorus-Therian, M, shiny|67/100
|-ability|p1a: Landorus|Intimidate|boost
|-unboost|p2a: Hoopa|atk|1
|turn|16
|
|t:|1781436204
|switch|p2a: Amoonguss|Amoonguss, F|51/100
|move|p1a: Landorus|U-turn|p2a: Amoonguss
|-damage|p2a: Amoonguss|35/100
|-damage|p1a: Landorus|51/100|[from] item: Rocky Helmet|[of] p2a: Amoonguss
|
|t:|1781436206
|switch|p1a: Kyurem|Kyurem, shiny|26/100|[from] U-turn
|-ability|p1a: Kyurem|Pressure
|
|-heal|p1a: Kyurem|32/100|[from] item: Leftovers
|upkeep
|turn|17
|
|t:|1781436209
|move|p1a: Kyurem|Freeze-Dry|p2a: Amoonguss
|-supereffective|p2a: Amoonguss
|-damage|p2a: Amoonguss|0 fnt
|faint|p2a: Amoonguss
|
|-heal|p1a: Kyurem|39/100|[from] item: Leftovers
|upkeep
|
|t:|1781436213
|switch|p2a: Glimmora|Glimmora, M|100/100
|-item|p2a: Glimmora|Air Balloon
|turn|18
|
|t:|1781436222
|move|p1a: Kyurem|Freeze-Dry|p2a: Glimmora
|-damage|p2a: Glimmora|50/100
|-enditem|p2a: Glimmora|Air Balloon
|move|p2a: Glimmora|Power Gem|p1a: Kyurem
|-supereffective|p1a: Kyurem
|-damage|p1a: Kyurem|0 fnt
|faint|p1a: Kyurem
|
|upkeep
|
|t:|1781436229
|switch|p1a: Landorus|Landorus-Therian, M, shiny|51/100
|-ability|p1a: Landorus|Intimidate|boost
|-unboost|p2a: Glimmora|atk|1
|turn|19
|
|t:|1781436233
|move|p1a: Landorus|Earthquake|p2a: Glimmora
|-supereffective|p2a: Glimmora
|-damage|p2a: Glimmora|0 fnt
|-activate|p2a: Glimmora|ability: Toxic Debris
|-sidestart|p1: XianTwa|move: Toxic Spikes
|faint|p2a: Glimmora
|
|upkeep
|
|t:|1781436236
|switch|p2a: Great Tusk|Great Tusk|100/100
|-enditem|p2a: Great Tusk|Booster Energy
|-activate|p2a: Great Tusk|ability: Protosynthesis|[fromitem]
|-start|p2a: Great Tusk|protosynthesisatk
|turn|20
|
|t:|1781436243
|move|p1a: Landorus|Earthquake|p2a: Great Tusk
|-crit|p2a: Great Tusk
|-damage|p2a: Great Tusk|47/100
|move|p2a: Great Tusk|Rapid Spin|p1a: Landorus
|-damage|p1a: Landorus|30/100
|-boost|p2a: Great Tusk|spe|1
|-damage|p2a: Great Tusk|30/100|[from] item: Rocky Helmet|[of] p1a: Landorus
|
|upkeep
|turn|21
|
|t:|1781436254
|move|p2a: Great Tusk|Ice Spinner|p1a: Landorus
|-supereffective|p1a: Landorus
|-damage|p1a: Landorus|0 fnt
|-damage|p2a: Great Tusk|14/100|[from] item: Rocky Helmet|[of] p1a: Landorus
|faint|p1a: Landorus
|
|upkeep
|
|t:|1781436257
|switch|p1a: Iron Valiant|Iron Valiant|100/100
|-status|p1a: Iron Valiant|psn
|-enditem|p1a: Iron Valiant|Booster Energy
|-activate|p1a: Iron Valiant|ability: Quark Drive|[fromitem]
|-start|p1a: Iron Valiant|quarkdrivespe
|turn|22
|
|t:|1781436261
|move|p1a: Iron Valiant|Moonblast|p2a: Great Tusk
|-supereffective|p2a: Great Tusk
|-damage|p2a: Great Tusk|0 fnt
|faint|p2a: Great Tusk
|-end|p2a: Great Tusk|Protosynthesis|[silent]
|
|-damage|p1a: Iron Valiant|88/100 psn|[from] psn
|upkeep
|
|t:|1781436263
|switch|p2a: Hoopa|Hoopa-Unbound|60/100
|turn|23
|
|t:|1781436268
|-terastallize|p2a: Hoopa|Ghost
|move|p1a: Iron Valiant|Moonblast|p2a: Hoopa
|-damage|p2a: Hoopa|15/100
|move|p2a: Hoopa|Psychic Noise|p1a: Iron Valiant
|-supereffective|p1a: Iron Valiant
|-damage|p1a: Iron Valiant|0 fnt
|faint|p1a: Iron Valiant
|-end|p1a: Iron Valiant|Quark Drive|[silent]
|
|-heal|p2a: Hoopa|21/100|[from] item: Leftovers
|upkeep
|
|t:|1781436271
|switch|p1a: Cinderace|Cinderace, F, shiny|100/100
|turn|24
|
|t:|1781436277
|-terastallize|p1a: Cinderace|Bug
|move|p1a: Cinderace|Pyro Ball|p2a: Hoopa
|-damage|p2a: Hoopa|0 fnt
|faint|p2a: Hoopa
|
|win|XianTwa
|raw|XianTwa's rating: 1645 &rarr; <strong>1662</strong><br />(+17 for winning)
|raw|Kirnil's rating: 1593 &rarr; <strong>1576</strong><br />(-17 for losing)
|l|☆Kirnil
|player|p2|
|l|☆XianTwa
|player|p1|
|l| nonchalantbufalant
