|j|☆hdy nb
|j|☆Kochu_shak ㋛
|t:|1781093971
|gametype|singles
|player|p1|hdy nb|colress|1578
|player|p2|Kochu_shak ㋛|169|1705
|gen|9
|tier|[Gen 9] OU
|rated|
|rule|HP Percentage Mod: HP is shown in percentages
|rule|Endless Battle Clause: Forcing endless battles is banned
|rule|Species Clause: Limit one of each Pokémon
|rule|OHKO Clause: OHKO moves are banned
|rule|Evasion Items Clause: Evasion items are banned
|rule|Evasion Moves Clause: Evasion moves are banned
|rule|Evasion Abilities Clause: Evasion abilities are banned
|rule|Sleep Moves Clause: Sleep-inducing moves are banned
|clearpoke
|poke|p1|Pelipper, F|
|poke|p1|Zapdos|
|poke|p1|Barraskewda, M|
|poke|p1|Overqwil, M|
|poke|p1|Iron Treads|
|poke|p1|Primarina, M|
|poke|p2|Araquanid, F|
|poke|p2|Gholdengo|
|poke|p2|Iron Moth|
|poke|p2|Iron Valiant|
|poke|p2|Raging Bolt|
|poke|p2|Kingambit, F|
|teampreview
|inactive|Battle timer is ON: inactive players will automatically lose when time's up. (requested by Kochu_shak ㋛)
|j| tatam1 galaxy‽
|
|t:|1781093986
|teamsize|p1|6
|teamsize|p2|6
|start
|switch|p1a: Iron Treads|Iron Treads|100/100
|switch|p2a: DELI|Raging Bolt|100/100
|-enditem|p2a: DELI|Booster Energy
|-activate|p2a: DELI|ability: Protosynthesis|[fromitem]
|-start|p2a: DELI|protosynthesisspa
|turn|1
|
|t:|1781094005
|-end|p2a: DELI|Protosynthesis|[silent]
|switch|p2a: QUIL|Araquanid, F|100/100
|move|p1a: Iron Treads|Earthquake|p2a: QUIL
|-resisted|p2a: QUIL
|-damage|p2a: QUIL|80/100
|
|upkeep
|turn|2
|
|t:|1781094013
|-end|p1a: Iron Treads|Quark Drive|[silent]
|switch|p1a: Pelipper|Pelipper, F|100/100
|-weather|RainDance|[from] ability: Drizzle|[of] p1a: Pelipper
|move|p2a: QUIL|Sticky Web|p1a: Pelipper
|-sidestart|p1: hdy nb|move: Sticky Web
|
|-weather|RainDance|[upkeep]
|upkeep
|turn|3
|
|t:|1781094021
|move|p1a: Pelipper|U-turn|p2a: QUIL
|-damage|p2a: QUIL|74/100
|
|t:|1781094024
|switch|p1a: Zapdos|Zapdos|100/100|[from] U-turn
|move|p2a: QUIL|Endeavor|p1a: Zapdos
|-damage|p1a: Zapdos|66/100
|
|-weather|RainDance|[upkeep]
|-heal|p1a: Zapdos|72/100|[from] item: Leftovers
|upkeep
|turn|4
|
|t:|1781094037
|move|p1a: Zapdos|Hurricane|p2a: QUIL
|-supereffective|p2a: QUIL
|-damage|p2a: QUIL|0 fnt
|faint|p2a: QUIL
|
|-weather|RainDance|[upkeep]
|-heal|p1a: Zapdos|78/100|[from] item: Leftovers
|upkeep
|
|t:|1781094059
|switch|p2a: DELI|Raging Bolt|100/100
|turn|5
|
|t:|1781094066
|switch|p1a: Iron Treads|Iron Treads|100/100
|-activate|p1a: Iron Treads|move: Sticky Web
|-unboost|p1a: Iron Treads|spe|1
|move|p2a: DELI|Calm Mind|p2a: DELI
|-boost|p2a: DELI|spa|1
|-boost|p2a: DELI|spd|1
|
|-weather|RainDance|[upkeep]
|upkeep
|turn|6
|
|t:|1781094077
|-terastallize|p2a: DELI|Ghost
|move|p2a: DELI|Dragon Pulse|p1a: Iron Treads
|-resisted|p1a: Iron Treads
|-damage|p1a: Iron Treads|64/100
|move|p1a: Iron Treads|Rapid Spin|p2a: DELI
|-immune|p2a: DELI
|
|-weather|RainDance|[upkeep]
|upkeep
|turn|7
|
|t:|1781094095
|-end|p1a: Iron Treads|Quark Drive|[silent]
|switch|p1a: Primarina|Primarina, M|100/100
|-activate|p1a: Primarina|move: Sticky Web
|-unboost|p1a: Primarina|spe|1
|move|p2a: DELI|Dragon Pulse|p1a: Primarina
|-immune|p1a: Primarina
|
|-weather|RainDance|[upkeep]
|upkeep
|turn|8
|
|t:|1781094119
|-terastallize|p1a: Primarina|Ground
|move|p2a: DELI|Thunderbolt|p1a: Primarina
|-immune|p1a: Primarina
|move|p1a: Primarina|Calm Mind|p1a: Primarina
|-boost|p1a: Primarina|spa|1
|-boost|p1a: Primarina|spd|1
|
|-weather|RainDance|[upkeep]
|upkeep
|turn|9
|inactive|Kochu_shak ㋛ has 120 seconds left.
|
|t:|1781094160
|-end|p2a: DELI|Protosynthesis|[silent]
|switch|p2a: QUZZ|Iron Valiant|100/100
|-enditem|p2a: QUZZ|Booster Energy
|-activate|p2a: QUZZ|ability: Quark Drive|[fromitem]
|-start|p2a: QUZZ|quarkdrivespa
|move|p1a: Primarina|Hyper Voice|p2a: QUZZ
|-damage|p2a: QUZZ|0 fnt
|faint|p2a: QUZZ
|-end|p2a: QUZZ|Quark Drive|[silent]
|
|-weather|none
|upkeep
|
|t:|1781094173
|switch|p2a: CALA|Iron Moth|100/100
|-enditem|p2a: CALA|Booster Energy
|-activate|p2a: CALA|ability: Quark Drive|[fromitem]
|-start|p2a: CALA|quarkdrivespa
|turn|10
|
|t:|1781094180
|move|p2a: CALA|Energy Ball|p1a: Primarina
|-supereffective|p1a: Primarina
|-damage|p1a: Primarina|49/100
|move|p1a: Primarina|Hyper Voice|p2a: CALA
|-supereffective|p2a: CALA
|-damage|p2a: CALA|0 fnt
|faint|p2a: CALA
|-end|p2a: CALA|Quark Drive|[silent]
|
|-heal|p1a: Primarina|55/100|[from] item: Leftovers
|upkeep
|
|t:|1781094194
|switch|p2a: SUPA|Kingambit, F|100/100
|-activate|p2a: SUPA|ability: Supreme Overlord
|-start|p2a: SUPA|fallen3|[silent]
|-item|p2a: SUPA|Air Balloon
|turn|11
|
|t:|1781094209
|move|p2a: SUPA|Kowtow Cleave|p1a: Primarina
|-damage|p1a: Primarina|0 fnt
|faint|p1a: Primarina
|
|upkeep
|
|t:|1781094226
|switch|p1a: Iron Treads|Iron Treads|64/100
|-activate|p1a: Iron Treads|move: Sticky Web
|-unboost|p1a: Iron Treads|spe|1
|turn|12
|
|t:|1781094237
|-end|p2a: SUPA|fallen3|[silent]
|switch|p2a: TREE?|Gholdengo|100/100
|-item|p2a: TREE?|Air Balloon
|move|p1a: Iron Treads|Rapid Spin|p2a: TREE?
|-immune|p2a: TREE?
|
|upkeep
|turn|13
|
|t:|1781094244
|-end|p1a: Iron Treads|Quark Drive|[silent]
|switch|p1a: Pelipper|Pelipper, F|100/100
|-weather|RainDance|[from] ability: Drizzle|[of] p1a: Pelipper
|move|p2a: TREE?|Nasty Plot|p2a: TREE?
|-boost|p2a: TREE?|spa|2
|
|-weather|RainDance|[upkeep]
|upkeep
|turn|14
|l|☆hdy nb
|inactive|hdy nb disconnected and has a minute to reconnect!
|player|p1|
|j| Easontom
|j|☆hdy nb
|inactive|hdy nb reconnected and has 125 seconds left.
|player|p1|hdy nb|colress|
|inactive|hdy nb has 120 seconds left.
|
|t:|1781094274
|move|p2a: TREE?|Shadow Ball|p1a: Pelipper
|-damage|p1a: Pelipper|0 fnt
|faint|p1a: Pelipper
|
|-weather|RainDance|[upkeep]
|upkeep
|inactive|hdy nb has 120 seconds left.
|
|t:|1781094287
|switch|p1a: Overqwil|Overqwil, M|100/100
|-activate|p1a: Overqwil|move: Sticky Web
|-unboost|p1a: Overqwil|spe|1
|turn|15
|inactive|hdy nb has 120 seconds left.
|
|t:|1781094295
|move|p1a: Overqwil|Throat Chop|p2a: TREE?
|-supereffective|p2a: TREE?
|-crit|p2a: TREE?
|-damage|p2a: TREE?|0 fnt
|-enditem|p2a: TREE?|Air Balloon
|faint|p2a: TREE?
|-damage|p1a: Overqwil|91/100|[from] item: Life Orb
|
|-weather|RainDance|[upkeep]
|upkeep
|
|t:|1781094311
|switch|p2a: SUPA|Kingambit, F|100/100
|-activate|p2a: SUPA|ability: Supreme Overlord
|-start|p2a: SUPA|fallen4|[silent]
|-item|p2a: SUPA|Air Balloon
|turn|16
|
|t:|1781094324
|move|p1a: Overqwil|Liquidation|p2a: SUPA
|-damage|p2a: SUPA|54/100
|-enditem|p2a: SUPA|Air Balloon
|-damage|p1a: Overqwil|81/100|[from] item: Life Orb
|move|p2a: SUPA|Swords Dance|p2a: SUPA
|-boost|p2a: SUPA|atk|2
|
|-weather|RainDance|[upkeep]
|upkeep
|turn|17
|
|t:|1781094341
|move|p1a: Overqwil|Liquidation|p2a: SUPA
|-damage|p2a: SUPA|1/100
|-damage|p1a: Overqwil|71/100|[from] item: Life Orb
|move|p2a: SUPA|Iron Head|p1a: Overqwil
|-damage|p1a: Overqwil|0 fnt
|faint|p1a: Overqwil
|
|-weather|RainDance|[upkeep]
|upkeep
|inactive|hdy nb has 120 seconds left.
|
|t:|1781094353
|switch|p1a: Barraskewda|Barraskewda, M|100/100
|-activate|p1a: Barraskewda|move: Sticky Web
|-unboost|p1a: Barraskewda|spe|1
|turn|18
|
|t:|1781094358
|move|p1a: Barraskewda|Aqua Jet|p2a: SUPA
|-damage|p2a: SUPA|0 fnt
|faint|p2a: SUPA
|-end|p2a: SUPA|fallen4|[silent]
|
|-weather|RainDance|[upkeep]
|upkeep
|
|t:|1781094361
|switch|p2a: DELI|Raging Bolt, tera:Ghost|100/100
|turn|19
|
|t:|1781094370
|move|p1a: Barraskewda|Aqua Jet|p2a: DELI
|-damage|p2a: DELI|57/100
|move|p2a: DELI|Calm Mind|p2a: DELI
|-boost|p2a: DELI|spa|1
|-boost|p2a: DELI|spd|1
|
|-weather|RainDance|[upkeep]
|upkeep
|turn|20
|
|t:|1781094378
|move|p1a: Barraskewda|Aqua Jet|p2a: DELI
|-crit|p2a: DELI
|-damage|p2a: DELI|0 fnt
|faint|p2a: DELI
|-end|p2a: DELI|Protosynthesis|[silent]
|
|win|hdy nb
|raw|hdy nb's rating: 1578 &rarr; <strong>1605</strong><br />(+27 for winning)
|raw|Kochu_shak ㋛'s rating: 1705 &rarr; <strong>1678</strong><br />(-27 for losing)
|l|☆hdy nb
|player|p1|
|l|☆Kochu_shak ㋛
|player|p2|
|l| Easontom
|j| Prateekkp@!
|l| tatam1 galaxy‽
|l| Prateekkp
