|j|☆ashiceclaw
|j|☆la5495
|t:|1781067880
|gametype|singles
|player|p1|ashiceclaw|alder|1632
|player|p2|la5495|bugcatcher-gen4dp|1578
|gen|9
|tier|[Gen 9] OU
|rated|
|rule|HP Percentage Mod: HP is shown in percentages
|rule|Endless Battle Clause: Forcing endless battles is banned
|rule|Species Clause: Limit one of each Pokémon
|rule|OHKO Clause: OHKO moves are banned
|rule|Evasion Items Clause: Evasion items are banned
|rule|Evasion Moves Clause: Evasion moves are banned
|rule|Evasion Abilities Clause: Evasion abilities are banned
|rule|Sleep Moves Clause: Sleep-inducing moves are banned
|clearpoke
|poke|p1|Araquanid, M|
|poke|p1|Great Tusk|
|poke|p1|Gholdengo|
|poke|p1|Iron Moth|
|poke|p1|Ogerpon-Cornerstone, F|
|poke|p1|Raging Bolt|
|poke|p2|Ogerpon-Wellspring, F|
|poke|p2|Pecharunt|
|poke|p2|Great Tusk|
|poke|p2|Iron Crown|
|poke|p2|Landorus-Therian, M|
|poke|p2|Samurott-Hisui, F|
|teampreview
|inactive|Battle timer is ON: inactive players will automatically lose when time's up. (requested by la5495)
|
|t:|1781067898
|teamsize|p1|6
|teamsize|p2|6
|start
|switch|p1a: SpooderBae|Araquanid, M, shiny|100/100
|switch|p2a: Ogerpon|Ogerpon-Wellspring, F|100/100
|turn|1
|
|t:|1781067902
|move|p2a: Ogerpon|Swords Dance|p2a: Ogerpon
|-boost|p2a: Ogerpon|atk|2
|move|p1a: SpooderBae|Leech Life|p2a: Ogerpon
|-supereffective|p2a: Ogerpon
|-damage|p2a: Ogerpon|47/100
|
|upkeep
|turn|2
|
|t:|1781067916
|move|p2a: Ogerpon|Synthesis|p2a: Ogerpon
|-heal|p2a: Ogerpon|97/100
|move|p1a: SpooderBae|Sticky Web|p2a: Ogerpon
|-sidestart|p2: la5495|move: Sticky Web
|
|upkeep
|turn|3
|
|t:|1781067925
|move|p2a: Ogerpon|Trailblaze|p1a: SpooderBae
|-damage|p1a: SpooderBae|44/100
|-boost|p2a: Ogerpon|spe|1
|move|p1a: SpooderBae|Leech Life|p2a: Ogerpon
|-supereffective|p2a: Ogerpon
|-damage|p2a: Ogerpon|38/100
|-heal|p1a: SpooderBae|76/100|[from] drain|[of] p2a: Ogerpon
|
|upkeep
|turn|4
|
|t:|1781067934
|-terastallize|p2a: Ogerpon|Water
|detailschange|p2a: Ogerpon|Ogerpon-Wellspring-Tera, F, tera:Water
|-ability|p2a: Ogerpon|Embody Aspect (Wellspring)|boost
|-boost|p2a: Ogerpon|spd|1
|move|p2a: Ogerpon|Synthesis|p2a: Ogerpon
|-heal|p2a: Ogerpon|88/100
|move|p1a: SpooderBae|Leech Life|p2a: Ogerpon
|-damage|p2a: Ogerpon|58/100
|-heal|p1a: SpooderBae|92/100|[from] drain|[of] p2a: Ogerpon
|
|upkeep
|turn|5
|
|t:|1781067956
|move|p2a: Ogerpon|Synthesis|p2a: Ogerpon
|-heal|p2a: Ogerpon|100/100
|move|p1a: SpooderBae|Leech Life|p2a: Ogerpon
|-damage|p2a: Ogerpon|72/100
|-heal|p1a: SpooderBae|100/100|[from] drain|[of] p2a: Ogerpon
|
|upkeep
|turn|6
|
|t:|1781067962
|move|p2a: Ogerpon|Trailblaze|p1a: SpooderBae
|-damage|p1a: SpooderBae|46/100
|-boost|p2a: Ogerpon|spe|1
|move|p1a: SpooderBae|Leech Life|p2a: Ogerpon
|-damage|p2a: Ogerpon|42/100
|-heal|p1a: SpooderBae|62/100|[from] drain|[of] p2a: Ogerpon
|
|upkeep
|turn|7
|
|t:|1781067967
|move|p2a: Ogerpon|Synthesis|p2a: Ogerpon
|-heal|p2a: Ogerpon|92/100
|move|p1a: SpooderBae|Leech Life|p2a: Ogerpon
|-crit|p2a: Ogerpon
|-damage|p2a: Ogerpon|47/100
|-heal|p1a: SpooderBae|86/100|[from] drain|[of] p2a: Ogerpon
|
|upkeep
|turn|8
|
|t:|1781067970
|move|p2a: Ogerpon|Synthesis|p2a: Ogerpon
|-heal|p2a: Ogerpon|97/100
|move|p1a: SpooderBae|Leech Life|p2a: Ogerpon
|-damage|p2a: Ogerpon|67/100
|-heal|p1a: SpooderBae|100/100|[from] drain|[of] p2a: Ogerpon
|
|upkeep
|turn|9
|
|t:|1781067977
|move|p2a: Ogerpon|Swords Dance|p2a: Ogerpon
|-boost|p2a: Ogerpon|atk|2
|move|p1a: SpooderBae|Leech Life|p2a: Ogerpon
|-damage|p2a: Ogerpon|41/100
|
|upkeep
|turn|10
|
|t:|1781067980
|move|p2a: Ogerpon|Synthesis|p2a: Ogerpon
|-heal|p2a: Ogerpon|91/100
|move|p1a: SpooderBae|Leech Life|p2a: Ogerpon
|-damage|p2a: Ogerpon|61/100
|
|upkeep
|turn|11
|
|t:|1781067983
|move|p2a: Ogerpon|Synthesis|p2a: Ogerpon
|-heal|p2a: Ogerpon|100/100
|move|p1a: SpooderBae|Leech Life|p2a: Ogerpon
|-damage|p2a: Ogerpon|73/100
|
|upkeep
|turn|12
|
|t:|1781068000
|move|p2a: Ogerpon|Trailblaze|p1a: SpooderBae
|-damage|p1a: SpooderBae|16/100
|-boost|p2a: Ogerpon|spe|1
|move|p1a: SpooderBae|Endeavor|p2a: Ogerpon
|-damage|p2a: Ogerpon|15/100
|
|upkeep
|turn|13
|-enditem|p1a: SpooderBae|Custap Berry|[eat]
|-activate|p1a: SpooderBae|item: Custap Berry|[consumed]
|
|t:|1781068009
|move|p1a: SpooderBae|Leech Life|p2a: Ogerpon
|-crit|p2a: Ogerpon
|-damage|p2a: Ogerpon|0 fnt
|-heal|p1a: SpooderBae|24/100|[from] drain|[of] p2a: Ogerpon
|faint|p2a: Ogerpon
|detailschange|p2: Ogerpon|Ogerpon-Wellspring, F|[silent]
|
|upkeep
|
|t:|1781068013
|switch|p2a: Landorus|Landorus-Therian, M|100/100
|-ability|p2a: Landorus|Intimidate|boost
|-unboost|p1a: SpooderBae|atk|1
|turn|14
|
|t:|1781068017
|move|p2a: Landorus|U-turn|p1a: SpooderBae
|-damage|p1a: SpooderBae|0 fnt
|faint|p1a: SpooderBae
|
|t:|1781068021
|switch|p2a: Samurott|Samurott-Hisui, F|100/100|[from] U-turn
|-activate|p2a: Samurott|move: Sticky Web
|-unboost|p2a: Samurott|spe|1
|
|upkeep
|
|t:|1781068036
|switch|p1a: Ogerpon|Ogerpon-Cornerstone, F|100/100
|turn|15
|
|t:|1781068043
|move|p1a: Ogerpon|Swords Dance|p1a: Ogerpon
|-boost|p1a: Ogerpon|atk|2
|move|p2a: Samurott|Flip Turn|p1a: Ogerpon
|-damage|p1a: Ogerpon|60/100
|
|t:|1781068045
|switch|p2a: Pecharunt|Pecharunt|100/100|[from] Flip Turn
|-activate|p2a: Pecharunt|move: Sticky Web
|-unboost|p2a: Pecharunt|spe|1
|
|upkeep
|turn|16
|
|t:|1781068051
|move|p1a: Ogerpon|Ivy Cudgel|p2a: Pecharunt|[anim] Ivy Cudgel Rock
|-damage|p2a: Pecharunt|49/100
|move|p2a: Pecharunt|Foul Play|p1a: Ogerpon
|-damage|p1a: Ogerpon|0 fnt
|faint|p1a: Ogerpon
|
|upkeep
|
|t:|1781068062
|switch|p1a: Iron Moth|Iron Moth|100/100
|turn|17
|
|t:|1781068073
|move|p1a: Iron Moth|Meteor Beam||[still]
|-prepare|p1a: Iron Moth|Meteor Beam
|-boost|p1a: Iron Moth|spa|1
|-enditem|p1a: Iron Moth|Power Herb
|-anim|p1a: Iron Moth|Meteor Beam|p2a: Pecharunt
|-damage|p2a: Pecharunt|0 fnt
|faint|p2a: Pecharunt
|
|upkeep
|
|t:|1781068078
|switch|p2a: Samurott|Samurott-Hisui, F|100/100
|-activate|p2a: Samurott|move: Sticky Web
|-unboost|p2a: Samurott|spe|1
|turn|18
|
|t:|1781068087
|-terastallize|p1a: Iron Moth|Grass
|move|p1a: Iron Moth|Energy Ball|p2a: Samurott
|-supereffective|p2a: Samurott
|-damage|p2a: Samurott|0 fnt
|faint|p2a: Samurott
|
|upkeep
|
|t:|1781068092
|switch|p2a: Landorus|Landorus-Therian, M|100/100
|-ability|p2a: Landorus|Intimidate|boost
|-unboost|p1a: Iron Moth|atk|1
|turn|19
|
|t:|1781068097
|move|p2a: Landorus|U-turn|p1a: Iron Moth
|-supereffective|p1a: Iron Moth
|-damage|p1a: Iron Moth|7/100
|
|t:|1781068108
|switch|p2a: Iron Crown|Iron Crown|100/100|[from] U-turn
|-activate|p2a: Iron Crown|move: Sticky Web
|-unboost|p2a: Iron Crown|spe|1
|move|p1a: Iron Moth|Fiery Dance|p2a: Iron Crown
|-supereffective|p2a: Iron Crown
|-damage|p2a: Iron Crown|0 fnt
|-boost|p1a: Iron Moth|spa|1
|faint|p2a: Iron Crown
|-end|p2a: Iron Crown|Quark Drive|[silent]
|
|upkeep
|
|t:|1781068110
|switch|p2a: Landorus|Landorus-Therian, M|100/100
|-ability|p2a: Landorus|Intimidate|boost
|-unboost|p1a: Iron Moth|atk|1
|turn|20
|
|t:|1781068118
|move|p2a: Landorus|U-turn|p1a: Iron Moth
|-supereffective|p1a: Iron Moth
|-damage|p1a: Iron Moth|0 fnt
|faint|p1a: Iron Moth
|-end|p1a: Iron Moth|Quark Drive|[silent]
|
|t:|1781068119
|switch|p2a: Great Tusk|Great Tusk|100/100|[from] U-turn
|-activate|p2a: Great Tusk|move: Sticky Web
|-unboost|p2a: Great Tusk|spe|1
|-enditem|p2a: Great Tusk|Booster Energy
|-activate|p2a: Great Tusk|ability: Protosynthesis|[fromitem]
|-start|p2a: Great Tusk|protosynthesisatk
|
|upkeep
|
|t:|1781068125
|switch|p1a: Gholdengo|Gholdengo|100/100
|turn|21
|
|t:|1781068133
|move|p1a: Gholdengo|Make It Rain|p2a: Great Tusk
|-crit|p2a: Great Tusk
|-damage|p2a: Great Tusk|0 fnt
|-unboost|p1a: Gholdengo|spa|1
|faint|p2a: Great Tusk
|-end|p2a: Great Tusk|Protosynthesis|[silent]
|
|upkeep
|
|t:|1781068136
|switch|p2a: Landorus|Landorus-Therian, M|100/100
|-ability|p2a: Landorus|Intimidate|boost
|-unboost|p1a: Gholdengo|atk|1
|turn|22
|
|t:|1781068147
|move|p1a: Gholdengo|Make It Rain|p2a: Landorus
|-damage|p2a: Landorus|50/100
|-unboost|p1a: Gholdengo|spa|1
|move|p2a: Landorus|Earthquake|p1a: Gholdengo
|-supereffective|p1a: Gholdengo
|-damage|p1a: Gholdengo|0 fnt
|faint|p1a: Gholdengo
|
|upkeep
|
|t:|1781068160
|switch|p1a: Raging Bolt|Raging Bolt|100/100
|-enditem|p1a: Raging Bolt|Booster Energy
|-activate|p1a: Raging Bolt|ability: Protosynthesis|[fromitem]
|-start|p1a: Raging Bolt|protosynthesisspa
|turn|23
|
|t:|1781068163
|move|p2a: Landorus|Earthquake|p1a: Raging Bolt
|-supereffective|p1a: Raging Bolt
|-damage|p1a: Raging Bolt|0 fnt
|faint|p1a: Raging Bolt
|-end|p1a: Raging Bolt|Protosynthesis|[silent]
|
|upkeep
|
|t:|1781068166
|switch|p1a: Great Tusk|Great Tusk|100/100
|turn|24
|
|t:|1781068172
|move|p2a: Landorus|Earthquake|p1a: Great Tusk
|-damage|p1a: Great Tusk|61/100
|move|p1a: Great Tusk|Rapid Spin|p2a: Landorus
|-damage|p2a: Landorus|26/100
|-boost|p1a: Great Tusk|spe|1
|
|upkeep
|turn|25
|
|t:|1781068176
|move|p2a: Landorus|Earthquake|p1a: Great Tusk
|-damage|p1a: Great Tusk|16/100
|move|p1a: Great Tusk|Knock Off|p2a: Landorus
|-damage|p2a: Landorus|0 fnt
|-enditem|p2a: Landorus|Choice Scarf|[from] move: Knock Off|[of] p1a: Great Tusk
|faint|p2a: Landorus
|
|win|ashiceclaw
|raw|ashiceclaw's rating: 1632 &rarr; <strong>1649</strong><br />(+17 for winning)
|raw|la5495's rating: 1578 &rarr; <strong>1561</strong><br />(-17 for losing)
|l|☆ashiceclaw
|player|p1|
