|badge|p2|bronze|gen9ou|100-9
|badge|p2|silver|gen9pu|30-9
|uhtml|medal-msg|<div class="broadcast-blue">Curious what those medals under the avatar are? PS now has Ladder Seasons! For more information, check out the <a href="https://www.smogon.com/forums/threads/3740067/">thread on Smogon.</a></div>
|j|☆GreninjaMyFav
|j|☆ceo o wo chien
|t:|1781248871
|gametype|singles
|player|p1|GreninjaMyFav|skyla|1741
|player|p2|ceo o wo chien|fisherman-gen4|1757
|gen|9
|tier|[Gen 9] OU
|rated|
|rule|HP Percentage Mod: HP is shown in percentages
|rule|Endless Battle Clause: Forcing endless battles is banned
|rule|Species Clause: Limit one of each Pokémon
|rule|OHKO Clause: OHKO moves are banned
|rule|Evasion Items Clause: Evasion items are banned
|rule|Evasion Moves Clause: Evasion moves are banned
|rule|Evasion Abilities Clause: Evasion abilities are banned
|rule|Sleep Moves Clause: Sleep-inducing moves are banned
|clearpoke
|poke|p1|Greninja-*, F|
|poke|p1|Raging Bolt|
|poke|p1|Kingambit, F|
|poke|p1|Great Tusk|
|poke|p1|Slowking-Galar, F|
|poke|p1|Corviknight, F|
|poke|p2|Iron Treads|
|poke|p2|Wo-Chien|
|poke|p2|Gholdengo|
|poke|p2|Zapdos|
|poke|p2|Samurott-Hisui, M|
|poke|p2|Zamazenta-*|
|teampreview
|inactive|Battle timer is ON: inactive players will automatically lose when time's up. (requested by ceo o wo chien)
|j| yuureisuisei
|c|☆ceo o wo chien|hf!
|c|☆GreninjaMyFav|yooo
|c|☆GreninjaMyFav|my goat
|
|t:|1781248886
|teamsize|p1|6
|teamsize|p2|6
|start
|switch|p1a: Greninja|Greninja, F|100/100
|switch|p2a: Wo-Chien|Wo-Chien|100/100
|-ability|p2a: Wo-Chien|Tablets of Ruin
|turn|1
|
|t:|1781248889
|move|p2a: Wo-Chien|Protect|p2a: Wo-Chien
|-singleturn|p2a: Wo-Chien|Protect
|move|p1a: Greninja|Ice Beam|p2a: Wo-Chien
|-start|p1a: Greninja|typechange|Ice|[from] ability: Protean
|-activate|p2a: Wo-Chien|move: Protect
|
|upkeep
|turn|2
|
|t:|1781248893
|switch|p1a: Corviknight|Corviknight, F|100/100
|-ability|p1a: Corviknight|Pressure
|switch|p2a: Samurott|Samurott-Hisui, M|100/100
|
|upkeep
|turn|3
|
|t:|1781248900
|move|p2a: Samurott|Ceaseless Edge|p1a: Corviknight
|-damage|p1a: Corviknight|66/100
|-damage|p2a: Samurott|84/100|[from] item: Rocky Helmet|[of] p1a: Corviknight
|-sidestart|p1: GreninjaMyFav|Spikes
|move|p1a: Corviknight|Roost|p1a: Corviknight
|-heal|p1a: Corviknight|100/100
|-singleturn|p1a: Corviknight|move: Roost
|
|upkeep
|turn|4
|
|t:|1781248904
|move|p2a: Samurott|Swords Dance|p2a: Samurott
|-boost|p2a: Samurott|atk|2
|move|p1a: Corviknight|U-turn|p2a: Samurott
|-supereffective|p2a: Samurott
|-damage|p2a: Samurott|45/100
|
|t:|1781248912
|switch|p1a: Greninja|Greninja, F|100/100|[from] U-turn
|-damage|p1a: Greninja|88/100|[from] Spikes
|
|upkeep
|turn|5
|
|t:|1781248915
|move|p2a: Samurott|Sucker Punch|p1a: Greninja
|-resisted|p1a: Greninja
|-damage|p1a: Greninja|20/100
|move|p1a: Greninja|Grass Knot|p2a: Samurott
|-start|p1a: Greninja|typechange|Grass|[from] ability: Protean
|-supereffective|p2a: Samurott
|-damage|p2a: Samurott|0 fnt
|faint|p2a: Samurott
|
|upkeep
|
|t:|1781248922
|switch|p2a: Zapdos|Zapdos|100/100
|turn|6
|
|t:|1781248940
|switch|p1a: Great Tusk|Great Tusk|100/100
|move|p2a: Zapdos|U-turn|p1a: Great Tusk
|-resisted|p1a: Great Tusk
|-damage|p1a: Great Tusk|96/100
|
|t:|1781248944
|switch|p2a: Gholdengo|Gholdengo|100/100|[from] U-turn
|-item|p2a: Gholdengo|Air Balloon
|
|upkeep
|turn|7
|
|t:|1781248956
|-end|p1a: Great Tusk|Protosynthesis|[silent]
|switch|p1a: Kingambit|Kingambit, F|100/100
|-damage|p1a: Kingambit|88/100|[from] Spikes
|move|p2a: Gholdengo|Make It Rain|p1a: Kingambit
|-resisted|p1a: Kingambit
|-damage|p1a: Kingambit|62/100
|-unboost|p2a: Gholdengo|spa|1
|
|upkeep
|turn|8
|
|t:|1781248964
|switch|p2a: Wo-Chien|Wo-Chien|100/100
|-ability|p2a: Wo-Chien|Tablets of Ruin
|-end|p1a: Kingambit|fallenundefined|[silent]
|switch|p1a: Raging Bolt|Raging Bolt|100/100
|-damage|p1a: Raging Bolt|88/100|[from] Spikes
|
|upkeep
|turn|9
|
|t:|1781248974
|move|p2a: Wo-Chien|Protect|p2a: Wo-Chien
|-singleturn|p2a: Wo-Chien|Protect
|move|p1a: Raging Bolt|Draco Meteor|p2a: Wo-Chien
|-activate|p2a: Wo-Chien|move: Protect
|
|upkeep
|turn|10
|
|t:|1781248977
|move|p1a: Raging Bolt|Draco Meteor|p2a: Wo-Chien
|-damage|p2a: Wo-Chien|22/100
|-unboost|p1a: Raging Bolt|spa|2
|move|p2a: Wo-Chien|Leech Seed|p1a: Raging Bolt
|-start|p1a: Raging Bolt|move: Leech Seed
|
|-heal|p2a: Wo-Chien|28/100|[from] item: Leftovers
|-damage|p1a: Raging Bolt|76/100|[from] Leech Seed|[of] p2a: Wo-Chien
|-heal|p2a: Wo-Chien|41/100|[silent]
|upkeep
|turn|11
|
|t:|1781248985
|-end|p1a: Raging Bolt|Protosynthesis|[silent]
|switch|p1a: Corviknight|Corviknight, F|100/100
|-ability|p1a: Corviknight|Pressure
|move|p2a: Wo-Chien|Leech Seed|p1a: Corviknight
|-start|p1a: Corviknight|move: Leech Seed
|
|-heal|p2a: Wo-Chien|47/100|[from] item: Leftovers
|-damage|p1a: Corviknight|88/100|[from] Leech Seed|[of] p2a: Wo-Chien
|-heal|p2a: Wo-Chien|60/100|[silent]
|upkeep
|turn|12
|
|t:|1781248991
|move|p2a: Wo-Chien|Protect|p2a: Wo-Chien
|-singleturn|p2a: Wo-Chien|Protect
|move|p1a: Corviknight|U-turn|p2a: Wo-Chien
|-activate|p2a: Wo-Chien|move: Protect
|
|-heal|p2a: Wo-Chien|66/100|[from] item: Leftovers
|-damage|p1a: Corviknight|76/100|[from] Leech Seed|[of] p2a: Wo-Chien
|-heal|p2a: Wo-Chien|79/100|[silent]
|upkeep
|turn|13
|
|t:|1781249000
|move|p2a: Wo-Chien|Knock Off|p1a: Corviknight
|-crit|p1a: Corviknight
|-damage|p1a: Corviknight|53/100
|-damage|p2a: Wo-Chien|63/100|[from] item: Rocky Helmet|[of] p1a: Corviknight
|-enditem|p1a: Corviknight|Rocky Helmet|[from] move: Knock Off|[of] p2a: Wo-Chien
|move|p1a: Corviknight|U-turn|p2a: Wo-Chien
|-supereffective|p2a: Wo-Chien
|-damage|p2a: Wo-Chien|29/100
|
|t:|1781249003
|switch|p1a: Great Tusk|Great Tusk|96/100|[from] U-turn
|
|-heal|p2a: Wo-Chien|35/100|[from] item: Leftovers
|upkeep
|turn|14
|
|t:|1781249014
|move|p2a: Wo-Chien|Protect|p2a: Wo-Chien
|-singleturn|p2a: Wo-Chien|Protect
|move|p1a: Great Tusk|Ice Spinner|p2a: Wo-Chien
|-activate|p2a: Wo-Chien|move: Protect
|
|-heal|p2a: Wo-Chien|41/100|[from] item: Leftovers
|upkeep
|turn|15
|
|t:|1781249017
|move|p1a: Great Tusk|Ice Spinner|p2a: Wo-Chien
|-supereffective|p2a: Wo-Chien
|-damage|p2a: Wo-Chien|11/100
|move|p2a: Wo-Chien|Leech Seed|p1a: Great Tusk
|-start|p1a: Great Tusk|move: Leech Seed
|
|-heal|p2a: Wo-Chien|18/100|[from] item: Leftovers
|-damage|p1a: Great Tusk|83/100|[from] Leech Seed|[of] p2a: Wo-Chien
|-heal|p2a: Wo-Chien|30/100|[silent]
|upkeep
|turn|16
|
|t:|1781249022
|-end|p1a: Great Tusk|Protosynthesis|[silent]
|switch|p1a: Corviknight|Corviknight, F|53/100
|-ability|p1a: Corviknight|Pressure
|move|p2a: Wo-Chien|Protect||[still]
|-fail|p2a: Wo-Chien
|
|-heal|p2a: Wo-Chien|36/100|[from] item: Leftovers
|upkeep
|turn|17
|
|t:|1781249025
|move|p2a: Wo-Chien|Protect|p2a: Wo-Chien
|-singleturn|p2a: Wo-Chien|Protect
|move|p1a: Corviknight|Roost|p1a: Corviknight
|-heal|p1a: Corviknight|100/100
|-singleturn|p1a: Corviknight|move: Roost
|
|-heal|p2a: Wo-Chien|42/100|[from] item: Leftovers
|upkeep
|turn|18
|
|t:|1781249027
|switch|p2a: Zapdos|Zapdos|100/100
|move|p1a: Corviknight|U-turn|p2a: Zapdos
|-resisted|p2a: Zapdos
|-damage|p2a: Zapdos|95/100
|
|t:|1781249033
|switch|p1a: Greninja|Greninja, F|20/100|[from] U-turn
|-damage|p1a: Greninja|8/100|[from] Spikes
|
|upkeep
|turn|19
|j| Sailors Rock
|
|t:|1781249038
|move|p1a: Greninja|Ice Beam|p2a: Zapdos
|-start|p1a: Greninja|typechange|Ice|[from] ability: Protean
|-supereffective|p2a: Zapdos
|-damage|p2a: Zapdos|0 fnt
|faint|p2a: Zapdos
|
|upkeep
|
|t:|1781249043
|switch|p2a: Gholdengo|Gholdengo|100/100
|-item|p2a: Gholdengo|Air Balloon
|turn|20
|l| Sailors Rock
|
|t:|1781249046
|switch|p1a: Kingambit|Kingambit, F|62/100
|-damage|p1a: Kingambit|50/100|[from] Spikes
|move|p2a: Gholdengo|Hex|p1a: Kingambit
|-resisted|p1a: Kingambit
|-damage|p1a: Kingambit|35/100
|
|upkeep
|turn|21
|j| Sailors Rock
|l| Sailors Rock
|
|t:|1781249049
|move|p2a: Gholdengo|Thunder Wave|p1a: Kingambit|[miss]
|-miss|p2a: Gholdengo|p1a: Kingambit
|move|p1a: Kingambit|Iron Head|p2a: Gholdengo
|-resisted|p2a: Gholdengo
|-damage|p2a: Gholdengo|77/100
|-enditem|p2a: Gholdengo|Air Balloon
|
|upkeep
|turn|22
|
|t:|1781249052
|move|p2a: Gholdengo|Thunder Wave|p1a: Kingambit
|-status|p1a: Kingambit|par
|move|p1a: Kingambit|Kowtow Cleave|p2a: Gholdengo
|-supereffective|p2a: Gholdengo
|-damage|p2a: Gholdengo|0 fnt
|faint|p2a: Gholdengo
|
|upkeep
|j| kingofdondons
|
|t:|1781249057
|switch|p2a: Iron Treads|Iron Treads|100/100
|turn|23
|
|t:|1781249059
|-end|p1a: Kingambit|fallenundefined|[silent]
|switch|p1a: Corviknight|Corviknight, F|100/100
|-ability|p1a: Corviknight|Pressure
|move|p2a: Iron Treads|Stealth Rock|p1a: Corviknight
|-sidestart|p1: GreninjaMyFav|move: Stealth Rock
|
|upkeep
|turn|24
|
|t:|1781249062
|-end|p2a: Iron Treads|Quark Drive|[silent]
|switch|p2a: Zamazenta|Zamazenta|100/100
|-ability|p2a: Zamazenta|Dauntless Shield|boost
|-boost|p2a: Zamazenta|def|1
|move|p1a: Corviknight|Defog|p2a: Zamazenta
|-unboost|p2a: Zamazenta|evasion|1
|-sideend|p1: GreninjaMyFav|Spikes|[from] move: Defog|[of] p1a: Corviknight
|-sideend|p1: GreninjaMyFav|Stealth Rock|[from] move: Defog|[of] p1a: Corviknight
|
|upkeep
|turn|25
|
|t:|1781249064
|switch|p1a: Slowking|Slowking-Galar, F|100/100
|move|p2a: Zamazenta|Iron Defense|p2a: Zamazenta
|-boost|p2a: Zamazenta|def|2
|
|upkeep
|turn|26
|
|t:|1781249067
|switch|p2a: Iron Treads|Iron Treads|100/100
|move|p1a: Slowking|Thunder Wave|p2a: Iron Treads
|-immune|p2a: Iron Treads
|
|upkeep
|turn|27
|
|t:|1781249073
|-end|p2a: Iron Treads|Quark Drive|[silent]
|switch|p2a: Wo-Chien|Wo-Chien|42/100
|-ability|p2a: Wo-Chien|Tablets of Ruin
|switch|p1a: Great Tusk|Great Tusk|83/100
|
|-heal|p2a: Wo-Chien|49/100|[from] item: Leftovers
|upkeep
|turn|28
|
|t:|1781249077
|-end|p1a: Great Tusk|Protosynthesis|[silent]
|switch|p1a: Corviknight|Corviknight, F|100/100
|-ability|p1a: Corviknight|Pressure
|move|p2a: Wo-Chien|Leech Seed|p1a: Corviknight
|-start|p1a: Corviknight|move: Leech Seed
|
|-heal|p2a: Wo-Chien|55/100|[from] item: Leftovers
|-damage|p1a: Corviknight|88/100|[from] Leech Seed|[of] p2a: Wo-Chien
|-heal|p2a: Wo-Chien|68/100|[silent]
|upkeep
|turn|29
|
|t:|1781249079
|move|p2a: Wo-Chien|Protect|p2a: Wo-Chien
|-singleturn|p2a: Wo-Chien|Protect
|move|p1a: Corviknight|U-turn|p2a: Wo-Chien
|-activate|p2a: Wo-Chien|move: Protect
|
|-heal|p2a: Wo-Chien|74/100|[from] item: Leftovers
|-damage|p1a: Corviknight|76/100|[from] Leech Seed|[of] p2a: Wo-Chien
|-heal|p2a: Wo-Chien|87/100|[silent]
|upkeep
|turn|30
|
|t:|1781249082
|move|p2a: Wo-Chien|Foul Play|p1a: Corviknight
|-damage|p1a: Corviknight|59/100
|move|p1a: Corviknight|U-turn|p2a: Wo-Chien
|-supereffective|p2a: Wo-Chien
|-damage|p2a: Wo-Chien|58/100
|
|t:|1781249085
|switch|p1a: Greninja|Greninja, F|8/100|[from] U-turn
|
|-heal|p2a: Wo-Chien|64/100|[from] item: Leftovers
|upkeep
|turn|31
|
|t:|1781249087
|move|p2a: Wo-Chien|Protect|p2a: Wo-Chien
|-singleturn|p2a: Wo-Chien|Protect
|move|p1a: Greninja|Ice Beam|p2a: Wo-Chien
|-start|p1a: Greninja|typechange|Ice|[from] ability: Protean
|-activate|p2a: Wo-Chien|move: Protect
|
|-heal|p2a: Wo-Chien|71/100|[from] item: Leftovers
|upkeep
|turn|32
|
|t:|1781249092
|switch|p2a: Zamazenta|Zamazenta|100/100
|move|p1a: Greninja|Ice Beam|p2a: Zamazenta
|-damage|p2a: Zamazenta|43/100
|
|-heal|p2a: Zamazenta|49/100|[from] item: Leftovers
|upkeep
|turn|33
|
|t:|1781249095
|switch|p1a: Slowking|Slowking-Galar, F|100/100
|move|p2a: Zamazenta|Crunch|p1a: Slowking
|-supereffective|p1a: Slowking
|-damage|p1a: Slowking|57/100
|
|-heal|p2a: Zamazenta|56/100|[from] item: Leftovers
|upkeep
|turn|34
|
|t:|1781249097
|move|p2a: Zamazenta|Crunch|p1a: Slowking
|-supereffective|p1a: Slowking
|-damage|p1a: Slowking|9/100
|-prepare|p1a: Slowking|Chilly Reception|[premajor]
|move|p1a: Slowking|Chilly Reception|p1a: Slowking
|-weather|Snowscape
|
|t:|1781249099
|switch|p1a: Raging Bolt|Raging Bolt|76/100|[from] Chilly Reception
|
|-weather|Snowscape|[upkeep]
|-heal|p2a: Zamazenta|62/100|[from] item: Leftovers
|upkeep
|turn|35
|
|t:|1781249101
|switch|p2a: Iron Treads|Iron Treads|100/100
|-terastallize|p1a: Raging Bolt|Dragon
|move|p1a: Raging Bolt|Draco Meteor|p2a: Iron Treads
|-resisted|p2a: Iron Treads
|-damage|p2a: Iron Treads|5/100
|-unboost|p1a: Raging Bolt|spa|2
|
|-weather|Snowscape|[upkeep]
|upkeep
|turn|36
|
|t:|1781249107
|-end|p2a: Iron Treads|Quark Drive|[silent]
|switch|p2a: Zamazenta|Zamazenta|62/100
|-end|p1a: Raging Bolt|Protosynthesis|[silent]
|switch|p1a: Great Tusk|Great Tusk|83/100
|
|-weather|Snowscape|[upkeep]
|-heal|p2a: Zamazenta|68/100|[from] item: Leftovers
|upkeep
|turn|37
|
|t:|1781249110
|-end|p1a: Great Tusk|Protosynthesis|[silent]
|switch|p1a: Kingambit|Kingambit, F|35/100 par
|move|p2a: Zamazenta|Iron Defense|p2a: Zamazenta
|-boost|p2a: Zamazenta|def|2
|
|-weather|Snowscape|[upkeep]
|-heal|p2a: Zamazenta|74/100|[from] item: Leftovers
|upkeep
|turn|38
|
|t:|1781249134
|move|p2a: Zamazenta|Body Press|p1a: Kingambit
|-supereffective|p1a: Kingambit
|-damage|p1a: Kingambit|0 fnt
|faint|p1a: Kingambit
|-end|p1a: Kingambit|fallenundefined|[silent]
|
|-weather|none
|-heal|p2a: Zamazenta|80/100|[from] item: Leftovers
|upkeep
|
|t:|1781249136
|switch|p1a: Slowking|Slowking-Galar, F|42/100
|turn|39
|
|t:|1781249140
|switch|p1a: Corviknight|Corviknight, F|59/100
|-ability|p1a: Corviknight|Pressure
|move|p2a: Zamazenta|Crunch|p1a: Corviknight
|-damage|p1a: Corviknight|45/100
|
|-heal|p2a: Zamazenta|86/100|[from] item: Leftovers
|upkeep
|turn|40
|
|t:|1781249145
|move|p2a: Zamazenta|Iron Defense|p2a: Zamazenta
|-boost|p2a: Zamazenta|def|2
|move|p1a: Corviknight|U-turn|p2a: Zamazenta
|-resisted|p2a: Zamazenta
|-damage|p2a: Zamazenta|84/100
|
|t:|1781249146
|switch|p1a: Slowking|Slowking-Galar, F|75/100|[from] U-turn
|
|-heal|p2a: Zamazenta|91/100|[from] item: Leftovers
|upkeep
|turn|41
|
|t:|1781249149
|move|p2a: Zamazenta|Crunch|p1a: Slowking
|-supereffective|p1a: Slowking
|-damage|p1a: Slowking|30/100
|move|p1a: Slowking|Thunder Wave|p2a: Zamazenta
|-status|p2a: Zamazenta|par
|
|-heal|p2a: Zamazenta|97/100 par|[from] item: Leftovers
|upkeep
|turn|42
|
|t:|1781249154
|switch|p1a: Corviknight|Corviknight, F|45/100
|-ability|p1a: Corviknight|Pressure
|move|p2a: Zamazenta|Body Press|p1a: Corviknight
|-damage|p1a: Corviknight|0 fnt
|faint|p1a: Corviknight
|
|-heal|p2a: Zamazenta|100/100 par|[from] item: Leftovers
|upkeep
|
|t:|1781249158
|switch|p1a: Raging Bolt|Raging Bolt, tera:Dragon|76/100
|turn|43
|
|t:|1781249160
|move|p1a: Raging Bolt|Draco Meteor|p2a: Zamazenta|[miss]
|-miss|p1a: Raging Bolt|p2a: Zamazenta
|cant|p2a: Zamazenta|par
|
|upkeep
|turn|44
|
|t:|1781249162
|move|p1a: Raging Bolt|Draco Meteor|p2a: Zamazenta
|-damage|p2a: Zamazenta|0 fnt
|-unboost|p1a: Raging Bolt|spa|2
|faint|p2a: Zamazenta
|
|upkeep
|
|t:|1781249164
|switch|p2a: Iron Treads|Iron Treads|5/100
|turn|45
|
|t:|1781249168
|-end|p1a: Raging Bolt|Protosynthesis|[silent]
|switch|p1a: Great Tusk|Great Tusk|83/100
|move|p2a: Iron Treads|Stealth Rock|p1a: Great Tusk
|-sidestart|p1: GreninjaMyFav|move: Stealth Rock
|
|upkeep
|turn|46
|
|t:|1781249170
|-end|p2a: Iron Treads|Quark Drive|[silent]
|switch|p2a: Wo-Chien|Wo-Chien|71/100
|-ability|p2a: Wo-Chien|Tablets of Ruin
|move|p1a: Great Tusk|Ice Spinner|p2a: Wo-Chien
|-supereffective|p2a: Wo-Chien
|-damage|p2a: Wo-Chien|41/100
|
|-heal|p2a: Wo-Chien|47/100|[from] item: Leftovers
|upkeep
|turn|47
|
|t:|1781249188
|move|p1a: Great Tusk|Rapid Spin|p2a: Wo-Chien
|-damage|p2a: Wo-Chien|38/100
|-boost|p1a: Great Tusk|spe|1
|-sideend|p1: GreninjaMyFav|Stealth Rock|[from] move: Rapid Spin|[of] p1a: Great Tusk
|move|p2a: Wo-Chien|Leech Seed|p1a: Great Tusk
|-start|p1a: Great Tusk|move: Leech Seed
|
|-heal|p2a: Wo-Chien|44/100|[from] item: Leftovers
|-damage|p1a: Great Tusk|71/100|[from] Leech Seed|[of] p2a: Wo-Chien
|-heal|p2a: Wo-Chien|57/100|[silent]
|upkeep
|turn|48
|
|t:|1781249192
|-end|p1a: Great Tusk|Protosynthesis|[silent]
|switch|p1a: Raging Bolt|Raging Bolt, tera:Dragon|76/100
|move|p2a: Wo-Chien|Knock Off|p1a: Raging Bolt
|-damage|p1a: Raging Bolt|51/100
|-enditem|p1a: Raging Bolt|Choice Specs|[from] move: Knock Off|[of] p2a: Wo-Chien
|
|-heal|p2a: Wo-Chien|63/100|[from] item: Leftovers
|upkeep
|turn|49
|
|t:|1781249196
|move|p2a: Wo-Chien|Protect|p2a: Wo-Chien
|-singleturn|p2a: Wo-Chien|Protect
|move|p1a: Raging Bolt|Draco Meteor|p2a: Wo-Chien
|-activate|p2a: Wo-Chien|move: Protect
|
|-heal|p2a: Wo-Chien|69/100|[from] item: Leftovers
|upkeep
|turn|50
|
|t:|1781249205
|move|p1a: Raging Bolt|Volt Switch|p2a: Wo-Chien
|-resisted|p2a: Wo-Chien
|-damage|p2a: Wo-Chien|53/100
|
|t:|1781249206
|-end|p1a: Raging Bolt|Protosynthesis|[silent]
|switch|p1a: Slowking|Slowking-Galar, F|63/100|[from] Volt Switch
|move|p2a: Wo-Chien|Leech Seed|p1a: Slowking
|-start|p1a: Slowking|move: Leech Seed
|
|-heal|p2a: Wo-Chien|60/100|[from] item: Leftovers
|-damage|p1a: Slowking|51/100|[from] Leech Seed|[of] p2a: Wo-Chien
|-heal|p2a: Wo-Chien|73/100|[silent]
|upkeep
|turn|51
|
|t:|1781249209
|move|p2a: Wo-Chien|Knock Off|p1a: Slowking
|-supereffective|p1a: Slowking
|-damage|p1a: Slowking|0 fnt
|-enditem|p1a: Slowking|Heavy-Duty Boots|[from] move: Knock Off|[of] p2a: Wo-Chien
|faint|p1a: Slowking
|
|-heal|p2a: Wo-Chien|79/100|[from] item: Leftovers
|upkeep
|
|t:|1781249210
|switch|p1a: Greninja|Greninja, F|8/100
|turn|52
|
|t:|1781249212
|move|p2a: Wo-Chien|Protect|p2a: Wo-Chien
|-singleturn|p2a: Wo-Chien|Protect
|move|p1a: Greninja|Ice Beam|p2a: Wo-Chien
|-start|p1a: Greninja|typechange|Ice|[from] ability: Protean
|-activate|p2a: Wo-Chien|move: Protect
|
|-heal|p2a: Wo-Chien|85/100|[from] item: Leftovers
|upkeep
|turn|53
|
|t:|1781249214
|-terastallize|p2a: Wo-Chien|Poison
|move|p1a: Greninja|Ice Beam|p2a: Wo-Chien
|-damage|p2a: Wo-Chien|44/100
|move|p2a: Wo-Chien|Leech Seed|p1a: Greninja
|-start|p1a: Greninja|move: Leech Seed
|
|-heal|p2a: Wo-Chien|50/100|[from] item: Leftovers
|-damage|p1a: Greninja|0 fnt|[from] Leech Seed|[of] p2a: Wo-Chien
|-heal|p2a: Wo-Chien|55/100|[silent]
|faint|p1a: Greninja
|upkeep
|
|t:|1781249216
|switch|p1a: Great Tusk|Great Tusk|71/100
|turn|54
|
|t:|1781249218
|move|p2a: Wo-Chien|Protect|p2a: Wo-Chien
|-singleturn|p2a: Wo-Chien|Protect
|move|p1a: Great Tusk|Headlong Rush|p2a: Wo-Chien
|-activate|p2a: Wo-Chien|move: Protect
|
|-heal|p2a: Wo-Chien|61/100|[from] item: Leftovers
|upkeep
|turn|55
|
|t:|1781249220
|move|p1a: Great Tusk|Headlong Rush|p2a: Wo-Chien
|-supereffective|p2a: Wo-Chien
|-damage|p2a: Wo-Chien|0 fnt
|-unboost|p1a: Great Tusk|def|1
|-unboost|p1a: Great Tusk|spd|1
|faint|p2a: Wo-Chien
|
|upkeep
|
|t:|1781249221
|switch|p2a: Iron Treads|Iron Treads|5/100
|turn|56
|
|t:|1781249223
|-end|p1a: Great Tusk|Protosynthesis|[silent]
|switch|p1a: Raging Bolt|Raging Bolt, tera:Dragon|51/100
|move|p2a: Iron Treads|Earthquake|p1a: Raging Bolt
|-damage|p1a: Raging Bolt|0 fnt
|faint|p1a: Raging Bolt
|-end|p1a: Raging Bolt|Protosynthesis|[silent]
|
|upkeep
|
|t:|1781249224
|switch|p1a: Great Tusk|Great Tusk|71/100
|turn|57
|
|t:|1781249225
|move|p2a: Iron Treads|Earthquake|p1a: Great Tusk
|-damage|p1a: Great Tusk|34/100
|move|p1a: Great Tusk|Headlong Rush|p2a: Iron Treads
|-supereffective|p2a: Iron Treads
|-damage|p2a: Iron Treads|0 fnt
|-unboost|p1a: Great Tusk|def|1
|-unboost|p1a: Great Tusk|spd|1
|faint|p2a: Iron Treads
|-end|p2a: Iron Treads|Quark Drive|[silent]
|
|win|GreninjaMyFav
|raw|GreninjaMyFav's rating: 1716 &rarr; <strong>1738</strong><br />(+22 for winning)
|raw|ceo o wo chien's rating: 1757 &rarr; <strong>1735</strong><br />(-22 for losing)
|c|☆ceo o wo chien|gg
|l|☆ceo o wo chien
|player|p2|
|c|☆GreninjaMyFav|gg
|l| yuureisuisei
|l| kingofdondons
|l|☆GreninjaMyFav
|player|p1|
