|j|☆LowEL0God
|j|☆bsp1
|t:|1781233728
|gametype|singles
|player|p1|LowEL0God|265|1642
|player|p2|bsp1|101|1685
|gen|9
|tier|[Gen 9] OU
|rated|
|rule|HP Percentage Mod: HP is shown in percentages
|rule|Endless Battle Clause: Forcing endless battles is banned
|rule|Species Clause: Limit one of each Pokémon
|rule|OHKO Clause: OHKO moves are banned
|rule|Evasion Items Clause: Evasion items are banned
|rule|Evasion Moves Clause: Evasion moves are banned
|rule|Evasion Abilities Clause: Evasion abilities are banned
|rule|Sleep Moves Clause: Sleep-inducing moves are banned
|clearpoke
|poke|p1|Pelipper, F|
|poke|p1|Raging Bolt|
|poke|p1|Overqwil, F|
|poke|p1|Barraskewda, F|
|poke|p1|Iron Treads|
|poke|p1|Kingambit, M|
|poke|p2|Walking Wake|
|poke|p2|Cresselia, F|
|poke|p2|Ninetales, M|
|poke|p2|Zarude|
|poke|p2|Ceruledge, F|
|poke|p2|Great Tusk|
|teampreview
|c|☆LowEL0God|hf
|inactive|Battle timer is ON: inactive players will automatically lose when time's up. (requested by LowEL0God)
|c|☆bsp1|u2
|j| pok_473830
|
|t:|1781233749
|teamsize|p1|6
|teamsize|p2|6
|start
|switch|p1a: Kingambit|Kingambit, M|100/100
|switch|p2a: Great Tusk|Great Tusk|100/100
|turn|1
|
|t:|1781233760
|-end|p1a: Kingambit|fallenundefined|[silent]
|switch|p1a: Pelipper|Pelipper, F|100/100
|-weather|RainDance|[from] ability: Drizzle|[of] p1a: Pelipper
|move|p2a: Great Tusk|Close Combat|p1a: Pelipper
|-resisted|p1a: Pelipper
|-damage|p1a: Pelipper|76/100
|-unboost|p2a: Great Tusk|def|1
|-unboost|p2a: Great Tusk|spd|1
|
|-weather|RainDance|[upkeep]
|upkeep
|turn|2
|
|t:|1781233765
|-end|p2a: Great Tusk|Protosynthesis|[silent]
|switch|p2a: Ninetales|Ninetales, M|100/100
|-weather|SunnyDay|[from] ability: Drought|[of] p2a: Ninetales
|move|p1a: Pelipper|Hurricane|p2a: Ninetales
|-damage|p2a: Ninetales|61/100
|
|-weather|SunnyDay|[upkeep]
|upkeep
|turn|3
|
|t:|1781233793
|switch|p2a: Cresselia|Cresselia, F|100/100
|move|p1a: Pelipper|Roost|p1a: Pelipper
|-heal|p1a: Pelipper|100/100
|-singleturn|p1a: Pelipper|move: Roost
|
|-weather|SunnyDay|[upkeep]
|upkeep
|turn|4
|
|t:|1781233800
|move|p2a: Cresselia|Thunder Wave|p1a: Pelipper
|-status|p1a: Pelipper|par
|move|p1a: Pelipper|Hurricane|p2a: Cresselia
|-damage|p2a: Cresselia|81/100
|-enditem|p2a: Cresselia|Eject Button
|
|t:|1781233806
|switch|p2a: Zarude|Zarude|100/100
|
|-weather|SunnyDay|[upkeep]
|upkeep
|turn|5
|
|t:|1781233809
|switch|p1a: Kingambit|Kingambit, M|100/100
|move|p2a: Zarude|Swords Dance|p2a: Zarude
|-boost|p2a: Zarude|atk|2
|
|-weather|SunnyDay|[upkeep]
|upkeep
|turn|6
|
|t:|1781233814
|move|p2a: Zarude|Power Whip|p1a: Kingambit
|-resisted|p1a: Kingambit
|-damage|p1a: Kingambit|56/100
|move|p1a: Kingambit|Swords Dance|p1a: Kingambit
|-boost|p1a: Kingambit|atk|2
|
|-weather|SunnyDay|[upkeep]
|-heal|p1a: Kingambit|63/100|[from] item: Leftovers
|upkeep
|turn|7
|
|t:|1781233821
|move|p2a: Zarude|Knock Off|p1a: Kingambit
|-resisted|p1a: Kingambit
|-damage|p1a: Kingambit|30/100
|-enditem|p1a: Kingambit|Leftovers|[from] move: Knock Off|[of] p2a: Zarude
|move|p1a: Kingambit|Iron Head|p2a: Zarude
|-damage|p2a: Zarude|16/100
|
|-weather|SunnyDay|[upkeep]
|-heal|p2a: Zarude|22/100|[from] item: Leftovers
|upkeep
|turn|8
|
|t:|1781233828
|move|p1a: Kingambit|Sucker Punch||[still]
|-fail|p1a: Kingambit
|move|p2a: Zarude|Synthesis|p2a: Zarude
|-heal|p2a: Zarude|89/100
|
|-weather|SunnyDay|[upkeep]
|-heal|p2a: Zarude|95/100|[from] item: Leftovers
|upkeep
|turn|9
|
|t:|1781233832
|move|p2a: Zarude|Power Whip|p1a: Kingambit
|-resisted|p1a: Kingambit
|-damage|p1a: Kingambit|0 fnt
|faint|p1a: Kingambit
|-end|p1a: Kingambit|fallenundefined|[silent]
|
|-weather|none
|-heal|p2a: Zarude|100/100|[from] item: Leftovers
|upkeep
|
|t:|1781233833
|switch|p1a: Barraskewda|Barraskewda, F|100/100
|turn|10
|
|t:|1781233861
|switch|p2a: Cresselia|Cresselia, F|81/100
|move|p1a: Barraskewda|Close Combat|p2a: Cresselia
|-resisted|p2a: Cresselia
|-damage|p2a: Cresselia|60/100
|-unboost|p1a: Barraskewda|def|1
|-unboost|p1a: Barraskewda|spd|1
|
|upkeep
|turn|11
|l| pok_473830
|
|t:|1781233870
|switch|p1a: Overqwil|Overqwil, F|100/100
|switch|p2a: Ceruledge|Ceruledge, F|100/100
|
|upkeep
|turn|12
|
|t:|1781233875
|move|p2a: Ceruledge|Bitter Blade|p1a: Overqwil
|-damage|p1a: Overqwil|43/100
|move|p1a: Overqwil|Crunch|p2a: Ceruledge
|-supereffective|p2a: Ceruledge
|-enditem|p2a: Ceruledge|Focus Sash
|-damage|p2a: Ceruledge|1/100
|-ability|p2a: Ceruledge|Weak Armor|boost
|-unboost|p2a: Ceruledge|def|1
|-boost|p2a: Ceruledge|spe|2
|-damage|p1a: Overqwil|33/100|[from] item: Life Orb
|
|upkeep
|turn|13
|
|t:|1781233883
|switch|p1a: Pelipper|Pelipper, F|100/100 par
|-weather|RainDance|[from] ability: Drizzle|[of] p1a: Pelipper
|move|p2a: Ceruledge|Close Combat|p1a: Pelipper
|-resisted|p1a: Pelipper
|-damage|p1a: Pelipper|83/100 par
|-unboost|p2a: Ceruledge|def|1
|-unboost|p2a: Ceruledge|spd|1
|
|-weather|RainDance|[upkeep]
|upkeep
|turn|14
|
|t:|1781233904
|switch|p2a: Ninetales|Ninetales, M|61/100
|-weather|SunnyDay|[from] ability: Drought|[of] p2a: Ninetales
|move|p1a: Pelipper|U-turn|p2a: Ninetales
|-resisted|p2a: Ninetales
|-damage|p2a: Ninetales|55/100
|
|t:|1781233906
|switch|p1a: Raging Bolt|Raging Bolt|100/100|[from] U-turn
|-activate|p1a: Raging Bolt|ability: Protosynthesis
|-start|p1a: Raging Bolt|protosynthesisspa
|
|-weather|SunnyDay|[upkeep]
|upkeep
|turn|15
|
|t:|1781233918
|switch|p2a: Cresselia|Cresselia, F|60/100
|move|p1a: Raging Bolt|Weather Ball|p2a: Cresselia
|-damage|p2a: Cresselia|18/100
|
|-weather|SunnyDay|[upkeep]
|upkeep
|turn|16
|
|t:|1781233923
|switch|p2a: Walking Wake|Walking Wake|100/100
|-activate|p2a: Walking Wake|ability: Protosynthesis
|-start|p2a: Walking Wake|protosynthesisspe
|move|p1a: Raging Bolt|Weather Ball|p2a: Walking Wake
|-resisted|p2a: Walking Wake
|-damage|p2a: Walking Wake|78/100
|
|-weather|SunnyDay|[upkeep]
|upkeep
|turn|17
|
|t:|1781233929
|move|p2a: Walking Wake|Draco Meteor|p1a: Raging Bolt
|-supereffective|p1a: Raging Bolt
|-damage|p1a: Raging Bolt|0 fnt
|-unboost|p2a: Walking Wake|spa|2
|faint|p1a: Raging Bolt
|-end|p1a: Raging Bolt|Protosynthesis|[silent]
|
|-weather|SunnyDay|[upkeep]
|upkeep
|
|t:|1781233930
|switch|p1a: Pelipper|Pelipper, F|83/100 par
|-weather|RainDance|[from] ability: Drizzle|[of] p1a: Pelipper
|-end|p2a: Walking Wake|Protosynthesis
|turn|18
|
|t:|1781233942
|-end|p2a: Walking Wake|Protosynthesis|[silent]
|switch|p2a: Ninetales|Ninetales, M|55/100
|-weather|SunnyDay|[from] ability: Drought|[of] p2a: Ninetales
|move|p1a: Pelipper|Hurricane|p2a: Ninetales|[miss]
|-miss|p1a: Pelipper|p2a: Ninetales
|
|-weather|SunnyDay|[upkeep]
|upkeep
|turn|19
|
|t:|1781233952
|switch|p2a: Walking Wake|Walking Wake|78/100
|-activate|p2a: Walking Wake|ability: Protosynthesis
|-start|p2a: Walking Wake|protosynthesisspe
|move|p1a: Pelipper|U-turn|p2a: Walking Wake
|-damage|p2a: Walking Wake|68/100
|
|t:|1781233953
|switch|p1a: Iron Treads|Iron Treads|100/100|[from] U-turn
|-enditem|p1a: Iron Treads|Booster Energy
|-activate|p1a: Iron Treads|ability: Quark Drive|[fromitem]
|-start|p1a: Iron Treads|quarkdrivespe
|
|-weather|SunnyDay|[upkeep]
|upkeep
|turn|20
|
|t:|1781233961
|-end|p1a: Iron Treads|Quark Drive|[silent]
|switch|p1a: Pelipper|Pelipper, F|83/100 par
|-weather|RainDance|[from] ability: Drizzle|[of] p1a: Pelipper
|-end|p2a: Walking Wake|Protosynthesis
|move|p2a: Walking Wake|Weather Ball|p1a: Pelipper
|-resisted|p1a: Pelipper
|-crit|p1a: Pelipper
|-damage|p1a: Pelipper|0 fnt
|faint|p1a: Pelipper
|
|-weather|RainDance|[upkeep]
|upkeep
|
|t:|1781233962
|switch|p1a: Overqwil|Overqwil, F|33/100
|turn|21
|
|t:|1781233980
|move|p1a: Overqwil|Gunk Shot|p2a: Walking Wake
|-damage|p2a: Walking Wake|0 fnt
|faint|p2a: Walking Wake
|-end|p2a: Walking Wake|Protosynthesis|[silent]
|-damage|p1a: Overqwil|23/100|[from] item: Life Orb
|
|-weather|RainDance|[upkeep]
|upkeep
|
|t:|1781233986
|switch|p2a: Ninetales|Ninetales, M|55/100
|-weather|SunnyDay|[from] ability: Drought|[of] p2a: Ninetales
|turn|22
|
|t:|1781233994
|switch|p1a: Barraskewda|Barraskewda, F|100/100
|move|p2a: Ninetales|Overheat|p1a: Barraskewda|[miss]
|-miss|p2a: Ninetales|p1a: Barraskewda
|
|-weather|SunnyDay|[upkeep]
|upkeep
|turn|23
|
|t:|1781234007
|switch|p2a: Cresselia|Cresselia, F|18/100
|move|p1a: Barraskewda|Close Combat|p2a: Cresselia
|-resisted|p2a: Cresselia
|-damage|p2a: Cresselia|0 fnt
|-unboost|p1a: Barraskewda|def|1
|-unboost|p1a: Barraskewda|spd|1
|faint|p2a: Cresselia
|
|-weather|SunnyDay|[upkeep]
|upkeep
|
|t:|1781234015
|switch|p2a: Great Tusk|Great Tusk|100/100
|-activate|p2a: Great Tusk|ability: Protosynthesis
|-start|p2a: Great Tusk|protosynthesisatk
|turn|24
|
|t:|1781234017
|switch|p1a: Iron Treads|Iron Treads|100/100
|move|p2a: Great Tusk|Headlong Rush|p1a: Iron Treads
|-supereffective|p1a: Iron Treads
|-damage|p1a: Iron Treads|0 fnt
|-unboost|p2a: Great Tusk|def|1
|-unboost|p2a: Great Tusk|spd|1
|faint|p1a: Iron Treads
|-end|p1a: Iron Treads|Quark Drive|[silent]
|
|-weather|SunnyDay|[upkeep]
|upkeep
|
|t:|1781234018
|switch|p1a: Barraskewda|Barraskewda, F|100/100
|turn|25
|
|t:|1781234028
|-end|p2a: Great Tusk|Protosynthesis|[silent]
|switch|p2a: Zarude|Zarude|100/100
|-terastallize|p1a: Barraskewda|Water
|move|p1a: Barraskewda|Liquidation|p2a: Zarude
|-resisted|p2a: Zarude
|-damage|p2a: Zarude|80/100
|
|-weather|SunnyDay|[upkeep]
|-heal|p2a: Zarude|86/100|[from] item: Leftovers
|upkeep
|turn|26
|
|t:|1781234036
|switch|p1a: Overqwil|Overqwil, F|23/100
|move|p2a: Zarude|Power Whip|p1a: Overqwil
|-resisted|p1a: Overqwil
|-damage|p1a: Overqwil|0 fnt
|faint|p1a: Overqwil
|
|-weather|SunnyDay|[upkeep]
|-heal|p2a: Zarude|92/100|[from] item: Leftovers
|upkeep
|
|t:|1781234036
|switch|p1a: Barraskewda|Barraskewda, F, tera:Water|100/100
|turn|27
|
|t:|1781234042
|move|p1a: Barraskewda|Liquidation|p2a: Zarude
|-resisted|p2a: Zarude
|-damage|p2a: Zarude|72/100
|move|p2a: Zarude|Power Whip|p1a: Barraskewda
|-supereffective|p1a: Barraskewda
|-damage|p1a: Barraskewda|0 fnt
|faint|p1a: Barraskewda
|
|win|bsp1
|raw|LowEL0God's rating: 1642 &rarr; <strong>1624</strong><br />(-18 for losing)
|raw|bsp1's rating: 1685 &rarr; <strong>1703</strong><br />(+18 for winning)
|c|☆bsp1|gg
|l|☆bsp1
|player|p2|
|c|☆LowEL0God|gg
|l|☆LowEL0God
|player|p1|
