|j|☆lolshh
|j|☆Dat boii fam
|t:|1781093994
|gametype|singles
|player|p1|lolshh|102|1785
|player|p2|Dat boii fam|li|1735
|gen|9
|tier|[Gen 9] OU
|rated|
|rule|HP Percentage Mod: HP is shown in percentages
|rule|Endless Battle Clause: Forcing endless battles is banned
|rule|Species Clause: Limit one of each Pokémon
|rule|OHKO Clause: OHKO moves are banned
|rule|Evasion Items Clause: Evasion items are banned
|rule|Evasion Moves Clause: Evasion moves are banned
|rule|Evasion Abilities Clause: Evasion abilities are banned
|rule|Sleep Moves Clause: Sleep-inducing moves are banned
|clearpoke
|poke|p1|Iron Valiant|
|poke|p1|Kingambit, M|
|poke|p1|Iron Treads|
|poke|p1|Kyurem|
|poke|p1|Ogerpon-Wellspring, F|
|poke|p1|Ceruledge, F|
|poke|p2|Alomomola, F|
|poke|p2|Landorus-Therian, M|
|poke|p2|Zapdos|
|poke|p2|Tornadus-Therian, M|
|poke|p2|Scizor, F|
|poke|p2|Amoonguss, M|
|teampreview
|inactive|Battle timer is ON: inactive players will automatically lose when time's up. (requested by Dat boii fam)
|
|t:|1781094001
|teamsize|p1|6
|teamsize|p2|6
|start
|switch|p1a: Iron Treads|Iron Treads|100/100
|switch|p2a: Scizor|Scizor, F|100/100
|-enditem|p1a: Iron Treads|Booster Energy
|-activate|p1a: Iron Treads|ability: Quark Drive|[fromitem]
|-start|p1a: Iron Treads|quarkdrivespe
|turn|1
|
|t:|1781094012
|switch|p2a: Amoonguss|Amoonguss, M|100/100
|move|p1a: Iron Treads|Stealth Rock|p2a: Amoonguss
|-sidestart|p2: Dat boii fam|move: Stealth Rock
|
|upkeep
|turn|2
|
|t:|1781094016
|move|p1a: Iron Treads|Earthquake|p2a: Amoonguss
|-damage|p2a: Amoonguss|73/100
|move|p2a: Amoonguss|Giga Drain|p1a: Iron Treads
|-damage|p1a: Iron Treads|72/100
|-heal|p2a: Amoonguss|85/100|[from] drain|[of] p1a: Iron Treads
|
|upkeep
|turn|3
|j| brimstoneandflames
|
|t:|1781094023
|move|p1a: Iron Treads|Rapid Spin|p2a: Amoonguss
|-damage|p2a: Amoonguss|76/100
|-boost|p1a: Iron Treads|spe|1
|-damage|p1a: Iron Treads|56/100|[from] item: Rocky Helmet|[of] p2a: Amoonguss
|move|p2a: Amoonguss|Giga Drain|p1a: Iron Treads
|-damage|p1a: Iron Treads|31/100
|-heal|p2a: Amoonguss|87/100|[from] drain|[of] p1a: Iron Treads
|
|upkeep
|turn|4
|
|t:|1781094034
|move|p1a: Iron Treads|Endeavor|p2a: Amoonguss
|-damage|p2a: Amoonguss|28/100
|-damage|p1a: Iron Treads|14/100|[from] item: Rocky Helmet|[of] p2a: Amoonguss
|move|p2a: Amoonguss|Giga Drain|p1a: Iron Treads
|-damage|p1a: Iron Treads|0 fnt
|-heal|p2a: Amoonguss|34/100|[from] drain|[of] p1a: Iron Treads
|faint|p1a: Iron Treads
|-end|p1a: Iron Treads|Quark Drive|[silent]
|
|upkeep
|
|t:|1781094041
|switch|p1a: Ceruledge|Ceruledge, F|100/100
|-item|p1a: Ceruledge|Air Balloon
|turn|5
|
|t:|1781094046
|move|p1a: Ceruledge|Swords Dance|p1a: Ceruledge
|-boost|p1a: Ceruledge|atk|2
|move|p2a: Amoonguss|Toxic|p1a: Ceruledge
|-status|p1a: Ceruledge|tox
|
|-damage|p1a: Ceruledge|94/100 tox|[from] psn
|upkeep
|turn|6
|j| have we gone
|
|t:|1781094053
|switch|p2a: Alomomola|Alomomola, F|100/100
|move|p1a: Ceruledge|Poltergeist|p2a: Alomomola
|-activate|p2a: Alomomola|move: Poltergeist|Heavy-Duty Boots
|-damage|p2a: Alomomola|40/100
|
|-damage|p1a: Ceruledge|82/100 tox|[from] psn
|upkeep
|turn|7
|
|t:|1781094061
|move|p1a: Ceruledge|Poltergeist|p2a: Alomomola
|-activate|p2a: Alomomola|move: Poltergeist|Heavy-Duty Boots
|-damage|p2a: Alomomola|0 fnt
|faint|p2a: Alomomola
|
|-damage|p1a: Ceruledge|63/100 tox|[from] psn
|upkeep
|
|t:|1781094067
|switch|p2a: Tornadus|Tornadus-Therian, M|100/100
|turn|8
|
|t:|1781094070
|move|p2a: Tornadus|Dark Pulse|p1a: Ceruledge
|-supereffective|p1a: Ceruledge
|-damage|p1a: Ceruledge|1/100 tox
|-enditem|p1a: Ceruledge|Air Balloon
|move|p1a: Ceruledge|Bitter Blade|p2a: Tornadus
|-damage|p2a: Tornadus|0 fnt
|-heal|p1a: Ceruledge|54/100 tox|[from] drain|[of] p2a: Tornadus
|faint|p2a: Tornadus
|
|-damage|p1a: Ceruledge|30/100 tox|[from] psn
|upkeep
|
|t:|1781094096
|switch|p2a: Landorus|Landorus-Therian, M|100/100
|-damage|p2a: Landorus|88/100|[from] Stealth Rock
|-ability|p2a: Landorus|Intimidate|boost
|-unboost|p1a: Ceruledge|atk|1
|turn|9
|
|t:|1781094101
|move|p2a: Landorus|Earthquake|p1a: Ceruledge
|-supereffective|p1a: Ceruledge
|-damage|p1a: Ceruledge|0 fnt
|faint|p1a: Ceruledge
|
|upkeep
|
|t:|1781094111
|switch|p1a: Kyurem|Kyurem|100/100
|-ability|p1a: Kyurem|Pressure
|turn|10
|
|t:|1781094115
|switch|p2a: Scizor|Scizor, F|100/100
|move|p1a: Kyurem|Icicle Spear|p2a: Scizor
|-resisted|p2a: Scizor
|-damage|p2a: Scizor|93/100
|-resisted|p2a: Scizor
|-damage|p2a: Scizor|86/100
|-resisted|p2a: Scizor
|-damage|p2a: Scizor|79/100
|-resisted|p2a: Scizor
|-damage|p2a: Scizor|72/100
|-resisted|p2a: Scizor
|-damage|p2a: Scizor|66/100
|-hitcount|p2a: Scizor|5
|
|upkeep
|turn|11
|
|t:|1781094126
|move|p1a: Kyurem|Icicle Spear|p2a: Scizor
|-resisted|p2a: Scizor
|-damage|p2a: Scizor|58/100
|-resisted|p2a: Scizor
|-damage|p2a: Scizor|51/100
|-resisted|p2a: Scizor
|-damage|p2a: Scizor|44/100
|-resisted|p2a: Scizor
|-damage|p2a: Scizor|38/100
|-hitcount|p2a: Scizor|4
|move|p2a: Scizor|Defog|p1a: Kyurem
|-unboost|p1a: Kyurem|evasion|1
|-sideend|p2: Dat boii fam|Stealth Rock|[from] move: Defog|[of] p2a: Scizor
|
|upkeep
|turn|12
|
|t:|1781094137
|switch|p1a: Ogerpon|Ogerpon-Wellspring, F|100/100
|move|p2a: Scizor|Bullet Punch|p1a: Ogerpon
|-resisted|p1a: Ogerpon
|-damage|p1a: Ogerpon|82/100
|
|upkeep
|turn|13
|
|t:|1781094143
|switch|p2a: Amoonguss|Amoonguss, M|67/100
|move|p1a: Ogerpon|Swords Dance|p1a: Ogerpon
|-boost|p1a: Ogerpon|atk|2
|
|upkeep
|turn|14
|
|t:|1781094148
|move|p1a: Ogerpon|Ivy Cudgel|p2a: Amoonguss|[anim] Ivy Cudgel Water
|-resisted|p2a: Amoonguss
|-damage|p2a: Amoonguss|21/100
|move|p2a: Amoonguss|Sludge Bomb|p1a: Ogerpon
|-supereffective|p1a: Ogerpon
|-crit|p1a: Ogerpon
|-damage|p1a: Ogerpon|0 fnt
|faint|p1a: Ogerpon
|
|upkeep
|
|t:|1781094159
|switch|p1a: Iron Valiant|Iron Valiant|100/100
|-enditem|p1a: Iron Valiant|Booster Energy
|-activate|p1a: Iron Valiant|ability: Quark Drive|[fromitem]
|-start|p1a: Iron Valiant|quarkdrivespe
|turn|15
|l| have we gone
|
|t:|1781094170
|-terastallize|p1a: Iron Valiant|Ghost
|move|p1a: Iron Valiant|Substitute|p1a: Iron Valiant
|-start|p1a: Iron Valiant|Substitute
|-damage|p1a: Iron Valiant|76/100
|move|p2a: Amoonguss|Sludge Bomb|p1a: Iron Valiant
|-resisted|p1a: Iron Valiant
|-activate|p1a: Iron Valiant|move: Substitute|[damage]
|
|upkeep
|turn|16
|
|t:|1781094177
|move|p1a: Iron Valiant|Calm Mind|p1a: Iron Valiant
|-boost|p1a: Iron Valiant|spa|1
|-boost|p1a: Iron Valiant|spd|1
|move|p2a: Amoonguss|Giga Drain|p1a: Iron Valiant
|-end|p1a: Iron Valiant|Substitute
|-heal|p2a: Amoonguss|21/100|[from] drain|[of] p1a: Iron Valiant
|
|upkeep
|turn|17
|
|t:|1781094187
|switch|p2a: Scizor|Scizor, F|38/100
|move|p1a: Iron Valiant|Shadow Ball|p2a: Scizor
|-damage|p2a: Scizor|0 fnt
|faint|p2a: Scizor
|
|upkeep
|
|t:|1781094194
|switch|p2a: Landorus|Landorus-Therian, M|88/100
|-ability|p2a: Landorus|Intimidate|boost
|-unboost|p1a: Iron Valiant|atk|1
|turn|18
|
|t:|1781094198
|move|p1a: Iron Valiant|Moonblast|p2a: Landorus
|-damage|p2a: Landorus|5/100
|-unboost|p2a: Landorus|spa|1
|move|p2a: Landorus|Earthquake|p1a: Iron Valiant
|-damage|p1a: Iron Valiant|0 fnt
|faint|p1a: Iron Valiant
|-end|p1a: Iron Valiant|Quark Drive|[silent]
|
|upkeep
|
|t:|1781094208
|switch|p1a: Kyurem|Kyurem|100/100
|-ability|p1a: Kyurem|Pressure
|turn|19
|
|t:|1781094212
|move|p2a: Landorus|Earthquake|p1a: Kyurem
|-damage|p1a: Kyurem|43/100
|move|p1a: Kyurem|Icicle Spear|p2a: Landorus
|-supereffective|p2a: Landorus
|-damage|p2a: Landorus|0 fnt
|faint|p2a: Landorus
|-hitcount|p2: Landorus|1
|
|upkeep
|
|t:|1781094219
|switch|p2a: Zapdos|Zapdos|100/100
|turn|20
|
|t:|1781094222
|-terastallize|p2a: Zapdos|Fire
|move|p1a: Kyurem|Icicle Spear|p2a: Zapdos
|-resisted|p2a: Zapdos
|-damage|p2a: Zapdos|93/100
|-resisted|p2a: Zapdos
|-damage|p2a: Zapdos|87/100
|-resisted|p2a: Zapdos
|-damage|p2a: Zapdos|80/100
|-resisted|p2a: Zapdos
|-damage|p2a: Zapdos|73/100
|-resisted|p2a: Zapdos
|-damage|p2a: Zapdos|66/100
|-hitcount|p2a: Zapdos|5
|move|p2a: Zapdos|Heat Wave|p1a: Kyurem
|-damage|p1a: Kyurem|0 fnt
|faint|p1a: Kyurem
|
|upkeep
|j| Easontom
|
|t:|1781094235
|switch|p1a: Kingambit|Kingambit, M|100/100
|-activate|p1a: Kingambit|ability: Supreme Overlord
|-start|p1a: Kingambit|fallen5|[silent]
|turn|21
|
|t:|1781094239
|move|p2a: Zapdos|Heat Wave|p1a: Kingambit
|-supereffective|p1a: Kingambit
|-damage|p1a: Kingambit|0 fnt
|faint|p1a: Kingambit
|-end|p1a: Kingambit|fallen5|[silent]
|
|win|Dat boii fam
|raw|lolshh's rating: 1785 &rarr; <strong>1762</strong><br />(-23 for losing)
|raw|Dat boii fam's rating: 1735 &rarr; <strong>1758</strong><br />(+23 for winning)
|l|☆lolshh
|player|p1|
|l|☆Dat boii fam
|player|p2|
|l| Easontom
