|j|☆pinkpriestess3
|j|☆ghostninja77
|t:|1780948004
|gametype|singles
|player|p1|pinkpriestess3|102|1539
|player|p2|ghostninja77|red|1591
|gen|9
|tier|[Gen 9] OU
|rated|
|rule|HP Percentage Mod: HP is shown in percentages
|rule|Endless Battle Clause: Forcing endless battles is banned
|rule|Species Clause: Limit one of each Pokémon
|rule|OHKO Clause: OHKO moves are banned
|rule|Evasion Items Clause: Evasion items are banned
|rule|Evasion Moves Clause: Evasion moves are banned
|rule|Evasion Abilities Clause: Evasion abilities are banned
|rule|Sleep Moves Clause: Sleep-inducing moves are banned
|clearpoke
|poke|p1|Dondozo, M|
|poke|p1|Blissey, F|
|poke|p1|Gliscor, M|
|poke|p1|Toxapex, F|
|poke|p1|Mandibuzz, F|
|poke|p1|Talonflame, F|
|poke|p2|Weezing-Galar, F|
|poke|p2|Alomomola, F|
|poke|p2|Iron Treads|
|poke|p2|Tornadus-Therian, M|
|poke|p2|Zamazenta-*|
|poke|p2|Lokix, M|
|teampreview
|j| Inazuma-Fulgur
|inactive|Battle timer is ON: inactive players will automatically lose when time's up. (requested by ghostninja77)
|
|t:|1780948017
|teamsize|p1|6
|teamsize|p2|6
|start
|switch|p1a: Gliscor|Gliscor, M|100/100
|switch|p2a: Lokix|Lokix, M|100/100
|turn|1
|
|t:|1780948023
|switch|p2a: Alomomola|Alomomola, F|100/100
|move|p1a: Gliscor|Protect||[still]
|-fail|p1a: Gliscor
|
|-status|p1a: Gliscor|tox|[from] item: Toxic Orb
|upkeep
|turn|2
|
|t:|1780948033
|move|p1a: Gliscor|Knock Off|p2a: Alomomola
|-damage|p2a: Alomomola|87/100
|-damage|p1a: Gliscor|84/100 tox|[from] item: Rocky Helmet|[of] p2a: Alomomola
|-enditem|p2a: Alomomola|Rocky Helmet|[from] move: Knock Off|[of] p1a: Gliscor
|move|p2a: Alomomola|Flip Turn|p1a: Gliscor
|-supereffective|p1a: Gliscor
|-damage|p1a: Gliscor|58/100 tox
|
|t:|1780948042
|switch|p2a: Weezing|Weezing-Galar, F|100/100|[from] Flip Turn
|-ability|p2a: Weezing|Neutralizing Gas
|
|-damage|p1a: Gliscor|52/100 tox|[from] psn
|upkeep
|turn|3
|l| Inazuma-Fulgur
|
|t:|1780948049
|move|p2a: Weezing|Protect|p2a: Weezing
|-singleturn|p2a: Weezing|Protect
|move|p1a: Gliscor|Knock Off|p2a: Weezing
|-activate|p2a: Weezing|move: Protect
|
|-damage|p1a: Gliscor|39/100 tox|[from] psn
|upkeep
|turn|4
|
|t:|1780948068
|switch|p1a: Blissey|Blissey, F|100/100
|move|p2a: Weezing|Protect||[still]
|-fail|p2a: Weezing
|
|upkeep
|turn|5
|
|t:|1780948073
|-end|p2a: Weezing|ability: Neutralizing Gas
|switch|p2a: Iron Treads|Iron Treads|100/100
|move|p1a: Blissey|Stealth Rock|p2a: Iron Treads
|-sidestart|p2: ghostninja77|move: Stealth Rock
|
|upkeep
|turn|6
|
|t:|1780948080
|switch|p1a: Talonflame|Talonflame, F|100/100
|move|p2a: Iron Treads|Stealth Rock|p1a: Talonflame
|-sidestart|p1: pinkpriestess3|move: Stealth Rock
|
|upkeep
|turn|7
|
|t:|1780948090
|-end|p2a: Iron Treads|Quark Drive|[silent]
|switch|p2a: Alomomola|Alomomola, F|100/100
|-damage|p2a: Alomomola|88/100|[from] Stealth Rock
|move|p1a: Talonflame|Overheat|p2a: Alomomola
|-resisted|p2a: Alomomola
|-damage|p2a: Alomomola|72/100
|-unboost|p1a: Talonflame|spa|2
|
|upkeep
|turn|8
|
|t:|1780948097
|switch|p1a: Toxapex|Toxapex, F|100/100
|-damage|p1a: Toxapex|88/100|[from] Stealth Rock
|move|p2a: Alomomola|Flip Turn|p1a: Toxapex
|-resisted|p1a: Toxapex
|-damage|p1a: Toxapex|82/100
|
|t:|1780948100
|switch|p2a: Iron Treads|Iron Treads|100/100|[from] Flip Turn
|-damage|p2a: Iron Treads|97/100|[from] Stealth Rock
|
|-heal|p2a: Iron Treads|100/100|[from] item: Leftovers
|-heal|p1a: Toxapex|88/100|[from] item: Black Sludge
|upkeep
|turn|9
|
|t:|1780948104
|switch|p1a: Talonflame|Talonflame, F|100/100
|move|p2a: Iron Treads|Rapid Spin|p1a: Talonflame
|-damage|p1a: Talonflame|89/100
|-boost|p2a: Iron Treads|spe|1
|-sideend|p2: ghostninja77|Stealth Rock|[from] move: Rapid Spin|[of] p2a: Iron Treads
|
|upkeep
|turn|10
|
|t:|1780948114
|-end|p2a: Iron Treads|Quark Drive|[silent]
|switch|p2a: Alomomola|Alomomola, F|100/100
|move|p1a: Talonflame|Defog|p2a: Alomomola
|-unboost|p2a: Alomomola|evasion|1
|-sideend|p1: pinkpriestess3|Stealth Rock|[from] move: Defog|[of] p1a: Talonflame
|
|upkeep
|turn|11
|
|t:|1780948120
|switch|p1a: Toxapex|Toxapex, F|100/100
|move|p2a: Alomomola|Flip Turn|p1a: Toxapex
|-resisted|p1a: Toxapex
|-damage|p1a: Toxapex|95/100
|
|t:|1780948127
|switch|p2a: Lokix|Lokix, M|100/100|[from] Flip Turn
|
|-heal|p1a: Toxapex|100/100|[from] item: Black Sludge
|upkeep
|turn|12
|
|t:|1780948134
|switch|p1a: Gliscor|Gliscor, M|39/100 tox
|move|p2a: Lokix|U-turn|p1a: Gliscor
|-resisted|p1a: Gliscor
|-damage|p1a: Gliscor|0 fnt
|faint|p1a: Gliscor
|
|t:|1780948139
|switch|p2a: Alomomola|Alomomola, F|100/100|[from] U-turn
|
|upkeep
|
|t:|1780948149
|switch|p1a: Mandibuzz|Mandibuzz, F|100/100
|turn|13
|
|t:|1780948152
|move|p1a: Mandibuzz|Toxic|p2a: Alomomola
|-status|p2a: Alomomola|tox
|move|p2a: Alomomola|Flip Turn|p1a: Mandibuzz
|-damage|p1a: Mandibuzz|90/100
|
|t:|1780948158
|switch|p2a: Lokix|Lokix, M|100/100|[from] Flip Turn
|
|upkeep
|turn|14
|
|t:|1780948170
|move|p2a: Lokix|U-turn|p1a: Mandibuzz
|-damage|p1a: Mandibuzz|53/100
|
|t:|1780948173
|switch|p2a: Alomomola|Alomomola, F|100/100 tox|[from] U-turn
|move|p1a: Mandibuzz|Knock Off|p2a: Alomomola
|-damage|p2a: Alomomola|91/100 tox
|
|-damage|p2a: Alomomola|85/100 tox|[from] psn
|upkeep
|turn|15
|
|t:|1780948178
|move|p1a: Mandibuzz|Roost|p1a: Mandibuzz
|-heal|p1a: Mandibuzz|100/100
|-singleturn|p1a: Mandibuzz|move: Roost
|move|p2a: Alomomola|Flip Turn|p1a: Mandibuzz
|-damage|p1a: Mandibuzz|89/100
|
|t:|1780948193
|switch|p2a: Lokix|Lokix, M|100/100|[from] Flip Turn
|
|upkeep
|turn|16
|
|t:|1780948196
|switch|p1a: Talonflame|Talonflame, F|89/100
|move|p2a: Lokix|U-turn|p1a: Talonflame
|-resisted|p1a: Talonflame
|-damage|p1a: Talonflame|68/100
|
|t:|1780948208
|switch|p2a: Alomomola|Alomomola, F|100/100 tox|[from] U-turn
|
|-damage|p2a: Alomomola|94/100 tox|[from] psn
|upkeep
|turn|17
|
|t:|1780948216
|switch|p1a: Toxapex|Toxapex, F|100/100
|move|p2a: Alomomola|Flip Turn|p1a: Toxapex
|-resisted|p1a: Toxapex
|-damage|p1a: Toxapex|95/100
|
|t:|1780948227
|switch|p2a: Lokix|Lokix, M|100/100|[from] Flip Turn
|
|-heal|p1a: Toxapex|100/100|[from] item: Black Sludge
|upkeep
|turn|18
|
|t:|1780948233
|move|p2a: Lokix|Knock Off|p1a: Toxapex
|-damage|p1a: Toxapex|53/100
|-enditem|p1a: Toxapex|Black Sludge|[from] move: Knock Off|[of] p2a: Lokix
|move|p1a: Toxapex|Toxic Spikes|p2a: Lokix
|-sidestart|p2: ghostninja77|move: Toxic Spikes
|
|upkeep
|turn|19
|
|t:|1780948238
|switch|p2a: Weezing|Weezing-Galar, F|100/100
|-ability|p2a: Weezing|Neutralizing Gas
|-sideend|p2: ghostninja77|move: Toxic Spikes|[of] p2a: Weezing
|move|p1a: Toxapex|Recover|p1a: Toxapex
|-heal|p1a: Toxapex|100/100
|
|upkeep
|turn|20
|
|t:|1780948250
|switch|p1a: Blissey|Blissey, F|100/100
|move|p2a: Weezing|Will-O-Wisp|p1a: Blissey
|-status|p1a: Blissey|brn
|
|-damage|p1a: Blissey|94/100 brn|[from] brn
|upkeep
|turn|21
|
|t:|1780948255
|-end|p2a: Weezing|ability: Neutralizing Gas
|switch|p2a: Iron Treads|Iron Treads|100/100
|move|p1a: Blissey|Stealth Rock|p2a: Iron Treads
|-sidestart|p2: ghostninja77|move: Stealth Rock
|
|-heal|p1a: Blissey|100/100 brn|[from] item: Leftovers
|-damage|p1a: Blissey|94/100 brn|[from] brn
|upkeep
|turn|22
|
|t:|1780948267
|-curestatus|p1a: Blissey|brn|[from] ability: Natural Cure|[silent]
|switch|p1a: Talonflame|Talonflame, F|68/100
|move|p2a: Iron Treads|Rapid Spin|p1a: Talonflame
|-damage|p1a: Talonflame|56/100
|-boost|p2a: Iron Treads|spe|1
|-sideend|p2: ghostninja77|Stealth Rock|[from] move: Rapid Spin|[of] p2a: Iron Treads
|
|upkeep
|turn|23
|j| SilverDE
|
|t:|1780948271
|move|p2a: Iron Treads|Stealth Rock|p1a: Talonflame
|-sidestart|p1: pinkpriestess3|move: Stealth Rock
|move|p1a: Talonflame|Roost|p1a: Talonflame
|-heal|p1a: Talonflame|100/100
|-singleturn|p1a: Talonflame|move: Roost
|
|upkeep
|turn|24
|
|t:|1780948278
|-end|p2a: Iron Treads|Quark Drive|[silent]
|switch|p2a: Alomomola|Alomomola, F|100/100 tox
|move|p1a: Talonflame|Defog|p2a: Alomomola
|-unboost|p2a: Alomomola|evasion|1
|-sideend|p1: pinkpriestess3|Stealth Rock|[from] move: Defog|[of] p1a: Talonflame
|
|-damage|p2a: Alomomola|94/100 tox|[from] psn
|upkeep
|turn|25
|
|t:|1780948283
|switch|p1a: Toxapex|Toxapex, F|100/100
|move|p2a: Alomomola|Flip Turn|p1a: Toxapex
|-resisted|p1a: Toxapex
|-crit|p1a: Toxapex
|-damage|p1a: Toxapex|92/100
|inactive|ghostninja77 has 120 seconds left.
|
|t:|1780948322
|switch|p2a: Lokix|Lokix, M|100/100|[from] Flip Turn
|
|upkeep
|turn|26
|inactive|ghostninja77 has 120 seconds left.
|
|t:|1780948333
|move|p2a: Lokix|U-turn|p1a: Toxapex
|-resisted|p1a: Toxapex
|-damage|p1a: Toxapex|57/100
|
|t:|1780948336
|switch|p2a: Iron Treads|Iron Treads|100/100|[from] U-turn
|move|p1a: Toxapex|Sludge Bomb|p2a: Iron Treads
|-immune|p2a: Iron Treads
|
|upkeep
|turn|27
|
|t:|1780948345
|-end|p2a: Iron Treads|Quark Drive|[silent]
|switch|p2a: Alomomola|Alomomola, F|100/100 tox
|switch|p1a: Talonflame|Talonflame, F|100/100
|
|-damage|p2a: Alomomola|94/100 tox|[from] psn
|upkeep
|turn|28
|
|t:|1780948349
|switch|p1a: Toxapex|Toxapex, F|90/100
|move|p2a: Alomomola|Flip Turn|p1a: Toxapex
|-resisted|p1a: Toxapex
|-damage|p1a: Toxapex|84/100
|inactive|ghostninja77 has 120 seconds left.
|
|t:|1780948372
|switch|p2a: Iron Treads|Iron Treads|100/100|[from] Flip Turn
|
|upkeep
|turn|29
|
|t:|1780948381
|switch|p1a: Talonflame|Talonflame, F|100/100
|move|p2a: Iron Treads|Earthquake|p1a: Talonflame
|-immune|p1a: Talonflame
|
|upkeep
|turn|30
|
|t:|1780948389
|move|p2a: Iron Treads|Stealth Rock|p1a: Talonflame
|-sidestart|p1: pinkpriestess3|move: Stealth Rock
|move|p1a: Talonflame|Will-O-Wisp|p2a: Iron Treads
|-status|p2a: Iron Treads|brn
|
|-damage|p2a: Iron Treads|94/100 brn|[from] brn
|upkeep
|turn|31
|
|t:|1780948398
|-end|p2a: Iron Treads|Quark Drive|[silent]
|switch|p2a: Zamazenta|Zamazenta|100/100
|-ability|p2a: Zamazenta|Dauntless Shield|boost
|-boost|p2a: Zamazenta|def|1
|move|p1a: Talonflame|Defog|p2a: Zamazenta
|-unboost|p2a: Zamazenta|evasion|1
|-sideend|p1: pinkpriestess3|Stealth Rock|[from] move: Defog|[of] p1a: Talonflame
|
|upkeep
|turn|32
|
|t:|1780948407
|switch|p1a: Toxapex|Toxapex, F|100/100
|move|p2a: Zamazenta|Stone Edge|p1a: Toxapex
|-damage|p1a: Toxapex|61/100
|
|upkeep
|turn|33
|
|t:|1780948412
|switch|p2a: Weezing|Weezing-Galar, F|100/100
|-ability|p2a: Weezing|Neutralizing Gas
|move|p1a: Toxapex|Sludge Bomb|p2a: Weezing
|-damage|p2a: Weezing|73/100
|
|-heal|p2a: Weezing|79/100|[from] item: Leftovers
|upkeep
|turn|34
|
|t:|1780948421
|switch|p1a: Blissey|Blissey, F|94/100
|move|p2a: Weezing|Protect||[still]
|-fail|p2a: Weezing
|
|-heal|p2a: Weezing|85/100|[from] item: Leftovers
|-heal|p1a: Blissey|100/100|[from] item: Leftovers
|upkeep
|turn|35
|
|t:|1780948430
|-end|p2a: Weezing|ability: Neutralizing Gas
|switch|p2a: Alomomola|Alomomola, F|100/100 tox
|move|p1a: Blissey|Stealth Rock|p2a: Alomomola
|-sidestart|p2: ghostninja77|move: Stealth Rock
|
|-damage|p2a: Alomomola|94/100 tox|[from] psn
|upkeep
|turn|36
|
|t:|1780948438
|move|p1a: Blissey|Seismic Toss|p2a: Alomomola
|-damage|p2a: Alomomola|73/100 tox
|move|p2a: Alomomola|Flip Turn|p1a: Blissey
|-damage|p1a: Blissey|82/100
|inactive|ghostninja77 has 120 seconds left.
|
|t:|1780948490
|switch|p2a: Zamazenta|Zamazenta|100/100|[from] Flip Turn
|-damage|p2a: Zamazenta|94/100|[from] Stealth Rock
|
|-heal|p1a: Blissey|88/100|[from] item: Leftovers
|upkeep
|turn|37
|
|t:|1780948500
|switch|p1a: Toxapex|Toxapex, F|61/100
|move|p2a: Zamazenta|Close Combat|p1a: Toxapex
|-resisted|p1a: Toxapex
|-damage|p1a: Toxapex|27/100
|-unboost|p2a: Zamazenta|def|1
|-unboost|p2a: Zamazenta|spd|1
|
|upkeep
|turn|38
|
|t:|1780948507
|switch|p2a: Weezing|Weezing-Galar, F|85/100
|-ability|p2a: Weezing|Neutralizing Gas
|-damage|p2a: Weezing|72/100|[from] Stealth Rock
|switch|p1a: Talonflame|Talonflame, F|100/100
|
|-heal|p2a: Weezing|78/100|[from] item: Leftovers
|upkeep
|turn|39
|
|t:|1780948514
|move|p1a: Talonflame|Will-O-Wisp|p2a: Weezing
|-status|p2a: Weezing|brn
|move|p2a: Weezing|Defog|p1a: Talonflame
|-unboost|p1a: Talonflame|evasion|1
|-sideend|p2: ghostninja77|Stealth Rock|[from] move: Defog|[of] p2a: Weezing
|
|-heal|p2a: Weezing|84/100 brn|[from] item: Leftovers
|-damage|p2a: Weezing|78/100 brn|[from] brn
|upkeep
|turn|40
|
|t:|1780948519
|switch|p1a: Blissey|Blissey, F|88/100
|-end|p2a: Weezing|ability: Neutralizing Gas
|switch|p2a: Alomomola|Alomomola, F|100/100 tox
|
|-heal|p1a: Blissey|95/100|[from] item: Leftovers
|-damage|p2a: Alomomola|94/100 tox|[from] psn
|upkeep
|turn|41
|
|t:|1780948525
|move|p1a: Blissey|Stealth Rock|p2a: Alomomola
|-sidestart|p2: ghostninja77|move: Stealth Rock
|move|p2a: Alomomola|Flip Turn|p1a: Blissey
|-damage|p1a: Blissey|77/100
|
|t:|1780948537
|switch|p2a: Zamazenta|Zamazenta|94/100|[from] Flip Turn
|-damage|p2a: Zamazenta|88/100|[from] Stealth Rock
|
|-heal|p1a: Blissey|83/100|[from] item: Leftovers
|upkeep
|turn|42
|l| SilverDE
|
|t:|1780948551
|switch|p1a: Dondozo|Dondozo, M|100/100
|move|p2a: Zamazenta|Close Combat|p1a: Dondozo
|-damage|p1a: Dondozo|55/100
|-unboost|p2a: Zamazenta|def|1
|-unboost|p2a: Zamazenta|spd|1
|
|-heal|p1a: Dondozo|61/100|[from] item: Leftovers
|upkeep
|turn|43
|inactive|ghostninja77 has 120 seconds left.
|
|t:|1780948574
|switch|p2a: Weezing|Weezing-Galar, F|78/100 brn
|-ability|p2a: Weezing|Neutralizing Gas
|-damage|p2a: Weezing|66/100 brn|[from] Stealth Rock
|switch|p1a: Talonflame|Talonflame, F|100/100
|
|-heal|p2a: Weezing|72/100 brn|[from] item: Leftovers
|-damage|p2a: Weezing|66/100 brn|[from] brn
|upkeep
|turn|44
|
|t:|1780948578
|move|p1a: Talonflame|Overheat|p2a: Weezing
|-damage|p2a: Weezing|16/100 brn
|-unboost|p1a: Talonflame|spa|2
|move|p2a: Weezing|Defog|p1a: Talonflame
|-unboost|p1a: Talonflame|evasion|1
|-sideend|p2: ghostninja77|Stealth Rock|[from] move: Defog|[of] p2a: Weezing
|
|-heal|p2a: Weezing|22/100 brn|[from] item: Leftovers
|-damage|p2a: Weezing|16/100 brn|[from] brn
|upkeep
|turn|45
|
|t:|1780948584
|switch|p1a: Toxapex|Toxapex, F|27/100
|-end|p2a: Weezing|ability: Neutralizing Gas
|switch|p2a: Alomomola|Alomomola, F|100/100 tox
|
|-damage|p2a: Alomomola|94/100 tox|[from] psn
|upkeep
|turn|46
|
|t:|1780948588
|switch|p1a: Blissey|Blissey, F|83/100
|move|p2a: Alomomola|Wish|p2a: Alomomola
|
|-heal|p1a: Blissey|89/100|[from] item: Leftovers
|-damage|p2a: Alomomola|82/100 tox|[from] psn
|upkeep
|turn|47
|
|t:|1780948593
|move|p1a: Blissey|Stealth Rock|p2a: Alomomola
|-sidestart|p2: ghostninja77|move: Stealth Rock
|move|p2a: Alomomola|Flip Turn|p1a: Blissey
|-damage|p1a: Blissey|73/100
|
|t:|1780948597
|switch|p2a: Weezing|Weezing-Galar, F|16/100 brn|[from] Flip Turn
|-ability|p2a: Weezing|Neutralizing Gas
|-damage|p2a: Weezing|3/100 brn|[from] Stealth Rock
|
|-heal|p2a: Weezing|74/100 brn|[from] move: Wish|[wisher] Alomomola
|-heal|p2a: Weezing|80/100 brn|[from] item: Leftovers
|-heal|p1a: Blissey|79/100|[from] item: Leftovers
|-damage|p2a: Weezing|74/100 brn|[from] brn
|upkeep
|turn|48
|
|t:|1780948606
|move|p2a: Weezing|Defog|p1a: Blissey
|-unboost|p1a: Blissey|evasion|1
|-sideend|p2: ghostninja77|Stealth Rock|[from] move: Defog|[of] p2a: Weezing
|move|p1a: Blissey|Seismic Toss|p2a: Weezing
|-damage|p2a: Weezing|44/100 brn
|
|-heal|p2a: Weezing|50/100 brn|[from] item: Leftovers
|-heal|p1a: Blissey|85/100|[from] item: Leftovers
|-damage|p2a: Weezing|44/100 brn|[from] brn
|upkeep
|turn|49
|
|t:|1780948612
|-end|p2a: Weezing|ability: Neutralizing Gas
|switch|p2a: Alomomola|Alomomola, F|100/100 tox
|move|p1a: Blissey|Stealth Rock|p2a: Alomomola
|-sidestart|p2: ghostninja77|move: Stealth Rock
|
|-heal|p1a: Blissey|92/100|[from] item: Leftovers
|-damage|p2a: Alomomola|94/100 tox|[from] psn
|upkeep
|turn|50
|
|t:|1780948621
|switch|p1a: Toxapex|Toxapex, F|60/100
|move|p2a: Alomomola|Flip Turn|p1a: Toxapex
|-resisted|p1a: Toxapex
|-damage|p1a: Toxapex|54/100
|
|t:|1780948644
|switch|p2a: Iron Treads|Iron Treads|94/100 brn|[from] Flip Turn
|-damage|p2a: Iron Treads|91/100 brn|[from] Stealth Rock
|
|-heal|p2a: Iron Treads|97/100 brn|[from] item: Leftovers
|-damage|p2a: Iron Treads|91/100 brn|[from] brn
|upkeep
|turn|51
|
|t:|1780948654
|switch|p1a: Dondozo|Dondozo, M|61/100
|move|p2a: Iron Treads|Rapid Spin|p1a: Dondozo
|-damage|p1a: Dondozo|58/100
|-boost|p2a: Iron Treads|spe|1
|-sideend|p2: ghostninja77|Stealth Rock|[from] move: Rapid Spin|[of] p2a: Iron Treads
|
|-heal|p2a: Iron Treads|97/100 brn|[from] item: Leftovers
|-heal|p1a: Dondozo|65/100|[from] item: Leftovers
|-damage|p2a: Iron Treads|91/100 brn|[from] brn
|upkeep
|turn|52
|
|t:|1780948681
|-end|p2a: Iron Treads|Quark Drive|[silent]
|switch|p2a: Alomomola|Alomomola, F|100/100 tox
|move|p1a: Dondozo|Body Press|p2a: Alomomola
|-damage|p2a: Alomomola|83/100 tox
|
|-heal|p1a: Dondozo|71/100|[from] item: Leftovers
|-damage|p2a: Alomomola|76/100 tox|[from] psn
|upkeep
|turn|53
|inactive|ghostninja77 has 120 seconds left.
|
|t:|1780948708
|move|p2a: Alomomola|Flip Turn|p1a: Dondozo
|-resisted|p1a: Dondozo
|-damage|p1a: Dondozo|67/100
|
|t:|1780948714
|switch|p2a: Tornadus|Tornadus-Therian, M|100/100|[from] Flip Turn
|move|p1a: Dondozo|Body Press|p2a: Tornadus
|-resisted|p2a: Tornadus
|-damage|p2a: Tornadus|85/100
|
|-heal|p1a: Dondozo|73/100|[from] item: Leftovers
|upkeep
|turn|54
|
|t:|1780948731
|switch|p1a: Mandibuzz|Mandibuzz, F|89/100
|move|p2a: Tornadus|Knock Off|p1a: Mandibuzz
|-resisted|p1a: Mandibuzz
|-damage|p1a: Mandibuzz|83/100
|-enditem|p1a: Mandibuzz|Heavy-Duty Boots|[from] move: Knock Off|[of] p2a: Tornadus
|
|upkeep
|turn|55
|
|t:|1780948738
|move|p2a: Tornadus|U-turn|p1a: Mandibuzz
|-damage|p1a: Mandibuzz|72/100
|
|t:|1780948744
|switch|p2a: Alomomola|Alomomola, F|100/100 tox|[from] U-turn
|move|p1a: Mandibuzz|Toxic|p2a: Alomomola
|-fail|p2a: Alomomola|tox
|
|-damage|p2a: Alomomola|94/100 tox|[from] psn
|upkeep
|turn|56
|
|t:|1780948755
|switch|p1a: Blissey|Blissey, F|92/100
|move|p2a: Alomomola|Flip Turn|p1a: Blissey
|-damage|p1a: Blissey|74/100
|
|t:|1780948758
|switch|p2a: Zamazenta|Zamazenta|88/100|[from] Flip Turn
|
|-heal|p1a: Blissey|80/100|[from] item: Leftovers
|upkeep
|turn|57
|
|t:|1780948771
|switch|p1a: Toxapex|Toxapex, F|87/100
|move|p2a: Zamazenta|Close Combat|p1a: Toxapex
|-resisted|p1a: Toxapex
|-damage|p1a: Toxapex|51/100
|-unboost|p2a: Zamazenta|def|1
|-unboost|p2a: Zamazenta|spd|1
|
|upkeep
|turn|58
|
|t:|1780948777
|switch|p2a: Iron Treads|Iron Treads|91/100 brn
|switch|p1a: Talonflame|Talonflame, F|100/100
|
|-heal|p2a: Iron Treads|97/100 brn|[from] item: Leftovers
|-damage|p2a: Iron Treads|91/100 brn|[from] brn
|upkeep
|turn|59
|
|t:|1780948787
|-end|p2a: Iron Treads|Quark Drive|[silent]
|switch|p2a: Alomomola|Alomomola, F|100/100 tox
|move|p1a: Talonflame|Overheat|p2a: Alomomola
|-resisted|p2a: Alomomola
|-damage|p2a: Alomomola|84/100 tox
|-unboost|p1a: Talonflame|spa|2
|
|-damage|p2a: Alomomola|78/100 tox|[from] psn
|upkeep
|turn|60
|
|t:|1780948793
|switch|p1a: Dondozo|Dondozo, M|73/100
|move|p2a: Alomomola|Flip Turn|p1a: Dondozo
|-resisted|p1a: Dondozo
|-damage|p1a: Dondozo|70/100
|
|t:|1780948797
|switch|p2a: Lokix|Lokix, M|100/100|[from] Flip Turn
|
|-heal|p1a: Dondozo|76/100|[from] item: Leftovers
|upkeep
|turn|61
|
|t:|1780948804
|switch|p1a: Talonflame|Talonflame, F|100/100
|move|p2a: Lokix|U-turn|p1a: Talonflame
|-resisted|p1a: Talonflame
|-damage|p1a: Talonflame|80/100
|
|t:|1780948812
|switch|p2a: Alomomola|Alomomola, F|100/100 tox|[from] U-turn
|
|-damage|p2a: Alomomola|94/100 tox|[from] psn
|upkeep
|turn|62
|
|t:|1780948823
|switch|p1a: Toxapex|Toxapex, F|84/100
|move|p2a: Alomomola|Flip Turn|p1a: Toxapex
|-resisted|p1a: Toxapex
|-damage|p1a: Toxapex|78/100
|
|t:|1780948827
|switch|p2a: Iron Treads|Iron Treads|91/100 brn|[from] Flip Turn
|
|-heal|p2a: Iron Treads|97/100 brn|[from] item: Leftovers
|-damage|p2a: Iron Treads|91/100 brn|[from] brn
|upkeep
|turn|63
|
|t:|1780948842
|switch|p1a: Mandibuzz|Mandibuzz, F|72/100
|move|p2a: Iron Treads|Stealth Rock|p1a: Mandibuzz
|-sidestart|p1: pinkpriestess3|move: Stealth Rock
|
|-heal|p2a: Iron Treads|97/100 brn|[from] item: Leftovers
|-damage|p2a: Iron Treads|91/100 brn|[from] brn
|upkeep
|turn|64
|
|t:|1780948848
|move|p2a: Iron Treads|Ice Spinner|p1a: Mandibuzz
|-supereffective|p1a: Mandibuzz
|-damage|p1a: Mandibuzz|56/100
|move|p1a: Mandibuzz|Defog|p2a: Iron Treads
|-unboost|p2a: Iron Treads|evasion|1
|-sideend|p1: pinkpriestess3|Stealth Rock|[from] move: Defog|[of] p1a: Mandibuzz
|
|-heal|p2a: Iron Treads|97/100 brn|[from] item: Leftovers
|-damage|p2a: Iron Treads|91/100 brn|[from] brn
|upkeep
|turn|65
|
|t:|1780948855
|-end|p2a: Iron Treads|Quark Drive|[silent]
|switch|p2a: Alomomola|Alomomola, F|100/100 tox
|move|p1a: Mandibuzz|Knock Off|p2a: Alomomola
|-damage|p2a: Alomomola|91/100 tox
|
|-damage|p2a: Alomomola|85/100 tox|[from] psn
|upkeep
|turn|66
|
|t:|1780948860
|move|p1a: Mandibuzz|Roost|p1a: Mandibuzz
|-heal|p1a: Mandibuzz|100/100
|-singleturn|p1a: Mandibuzz|move: Roost
|move|p2a: Alomomola|Flip Turn|p1a: Mandibuzz
|-damage|p1a: Mandibuzz|89/100
|
|t:|1780948865
|switch|p2a: Zamazenta|Zamazenta|88/100|[from] Flip Turn
|
|upkeep
|turn|67
|
|t:|1780948872
|switch|p2a: Alomomola|Alomomola, F|100/100 tox
|switch|p1a: Toxapex|Toxapex, F|100/100
|
|-damage|p2a: Alomomola|94/100 tox|[from] psn
|upkeep
|turn|68
|
|t:|1780948880
|move|p2a: Alomomola|Wish|p2a: Alomomola
|move|p1a: Toxapex|Surf|p2a: Alomomola
|-resisted|p2a: Alomomola
|-crit|p2a: Alomomola
|-damage|p2a: Alomomola|82/100 tox
|
|-damage|p2a: Alomomola|69/100 tox|[from] psn
|upkeep
|turn|69
|c|☆ghostninja77|bro we are in the 1500s
|c|☆ghostninja77|why are you playing stall?
|
|t:|1780948894
|move|p2a: Alomomola|Flip Turn|p1a: Toxapex
|-resisted|p1a: Toxapex
|-damage|p1a: Toxapex|95/100
|
|t:|1780948899
|switch|p2a: Tornadus|Tornadus-Therian, M|100/100|[from] Flip Turn
|move|p1a: Toxapex|Surf|p2a: Tornadus
|-damage|p2a: Tornadus|88/100
|
|-heal|p2a: Tornadus|100/100|[from] move: Wish|[wisher] Alomomola
|upkeep
|turn|70
|
|t:|1780948907
|switch|p1a: Mandibuzz|Mandibuzz, F|89/100
|move|p2a: Tornadus|Bleakwind Storm|p1a: Mandibuzz
|-damage|p1a: Mandibuzz|63/100
|-unboost|p1a: Mandibuzz|spe|1
|
|upkeep
|turn|71
|
|t:|1780948914
|move|p2a: Tornadus|U-turn|p1a: Mandibuzz
|-damage|p1a: Mandibuzz|54/100
|
|t:|1780948927
|switch|p2a: Alomomola|Alomomola, F|100/100 tox|[from] U-turn
|move|p1a: Mandibuzz|Knock Off|p2a: Alomomola
|-damage|p2a: Alomomola|91/100 tox
|
|-damage|p2a: Alomomola|85/100 tox|[from] psn
|upkeep
|turn|72
|
|t:|1780948930
|move|p1a: Mandibuzz|Roost|p1a: Mandibuzz
|-heal|p1a: Mandibuzz|100/100
|-singleturn|p1a: Mandibuzz|move: Roost
|move|p2a: Alomomola|Flip Turn|p1a: Mandibuzz
|-crit|p1a: Mandibuzz
|-damage|p1a: Mandibuzz|83/100
|
|t:|1780948936
|switch|p2a: Tornadus|Tornadus-Therian, M|100/100|[from] Flip Turn
|
|upkeep
|turn|73
|
|t:|1780948948
|switch|p1a: Talonflame|Talonflame, F|80/100
|move|p2a: Tornadus|U-turn|p1a: Talonflame
|-resisted|p1a: Talonflame
|-damage|p1a: Talonflame|77/100
|
|t:|1780948958
|switch|p2a: Alomomola|Alomomola, F|100/100 tox|[from] U-turn
|
|-damage|p2a: Alomomola|94/100 tox|[from] psn
|upkeep
|turn|74
|
|t:|1780948962
|switch|p1a: Dondozo|Dondozo, M|76/100
|move|p2a: Alomomola|Flip Turn|p1a: Dondozo
|-resisted|p1a: Dondozo
|-damage|p1a: Dondozo|72/100
|
|t:|1780948972
|switch|p2a: Lokix|Lokix, M|100/100|[from] Flip Turn
|
|-heal|p1a: Dondozo|78/100|[from] item: Leftovers
|upkeep
|turn|75
|
|t:|1780948986
|switch|p1a: Toxapex|Toxapex, F|100/100
|move|p2a: Lokix|Knock Off|p1a: Toxapex
|-damage|p1a: Toxapex|68/100
|
|upkeep
|turn|76
|
|t:|1780948996
|switch|p2a: Alomomola|Alomomola, F|100/100 tox
|move|p1a: Toxapex|Recover|p1a: Toxapex
|-heal|p1a: Toxapex|100/100
|
|-damage|p2a: Alomomola|94/100 tox|[from] psn
|upkeep
|turn|77
|
|t:|1780949003
|switch|p1a: Dondozo|Dondozo, M|78/100
|move|p2a: Alomomola|Tickle|p1a: Dondozo
|-unboost|p1a: Dondozo|atk|1
|-unboost|p1a: Dondozo|def|1
|
|-heal|p1a: Dondozo|85/100|[from] item: Leftovers
|-damage|p2a: Alomomola|82/100 tox|[from] psn
|upkeep
|turn|78
|
|t:|1780949008
|switch|p1a: Blissey|Blissey, F|80/100
|move|p2a: Alomomola|Flip Turn|p1a: Blissey
|-damage|p1a: Blissey|62/100
|
|t:|1780949016
|switch|p2a: Lokix|Lokix, M|100/100|[from] Flip Turn
|
|-heal|p1a: Blissey|68/100|[from] item: Leftovers
|upkeep
|turn|79
|
|t:|1780949020
|switch|p1a: Toxapex|Toxapex, F|100/100
|move|p2a: Lokix|Knock Off|p1a: Toxapex
|-damage|p1a: Toxapex|64/100
|
|upkeep
|turn|80
|
|t:|1780949025
|switch|p2a: Alomomola|Alomomola, F|100/100 tox
|move|p1a: Toxapex|Toxic Spikes|p2a: Alomomola
|-sidestart|p2: ghostninja77|move: Toxic Spikes
|
|-damage|p2a: Alomomola|94/100 tox|[from] psn
|upkeep
|turn|81
|
|t:|1780949035
|move|p2a: Alomomola|Tickle|p1a: Toxapex
|-unboost|p1a: Toxapex|atk|1
|-unboost|p1a: Toxapex|def|1
|move|p1a: Toxapex|Sludge Bomb|p2a: Alomomola
|-damage|p2a: Alomomola|77/100 tox
|
|-damage|p2a: Alomomola|65/100 tox|[from] psn
|upkeep
|turn|82
|
|t:|1780949042
|move|p2a: Alomomola|Flip Turn|p1a: Toxapex
|-resisted|p1a: Toxapex
|-damage|p1a: Toxapex|56/100
|
|t:|1780949045
|switch|p2a: Iron Treads|Iron Treads|91/100 brn|[from] Flip Turn
|move|p1a: Toxapex|Sludge Bomb|p2a: Iron Treads
|-immune|p2a: Iron Treads
|
|-heal|p2a: Iron Treads|97/100 brn|[from] item: Leftovers
|-damage|p2a: Iron Treads|91/100 brn|[from] brn
|upkeep
|turn|83
|
|t:|1780949056
|switch|p1a: Mandibuzz|Mandibuzz, F|83/100
|move|p2a: Iron Treads|Rapid Spin|p1a: Mandibuzz
|-damage|p1a: Mandibuzz|78/100
|-boost|p2a: Iron Treads|spe|1
|-sideend|p2: ghostninja77|Toxic Spikes|[from] move: Rapid Spin|[of] p2a: Iron Treads
|
|-heal|p2a: Iron Treads|97/100 brn|[from] item: Leftovers
|-damage|p2a: Iron Treads|91/100 brn|[from] brn
|upkeep
|turn|84
|
|t:|1780949063
|-end|p2a: Iron Treads|Quark Drive|[silent]
|switch|p2a: Alomomola|Alomomola, F|98/100 tox
|switch|p1a: Toxapex|Toxapex, F|89/100
|
|-damage|p2a: Alomomola|92/100 tox|[from] psn
|upkeep
|turn|85
|
|t:|1780949068
|move|p2a: Alomomola|Flip Turn|p1a: Toxapex
|-resisted|p1a: Toxapex
|-damage|p1a: Toxapex|84/100
|
|t:|1780949071
|switch|p2a: Iron Treads|Iron Treads|91/100 brn|[from] Flip Turn
|move|p1a: Toxapex|Toxic Spikes|p2a: Iron Treads
|-sidestart|p2: ghostninja77|move: Toxic Spikes
|
|-heal|p2a: Iron Treads|97/100 brn|[from] item: Leftovers
|-damage|p2a: Iron Treads|91/100 brn|[from] brn
|upkeep
|turn|86
|
|t:|1780949074
|move|p2a: Iron Treads|Rapid Spin|p1a: Toxapex
|-damage|p1a: Toxapex|79/100
|-boost|p2a: Iron Treads|spe|1
|-sideend|p2: ghostninja77|Toxic Spikes|[from] move: Rapid Spin|[of] p2a: Iron Treads
|move|p1a: Toxapex|Surf|p2a: Iron Treads
|-supereffective|p2a: Iron Treads
|-damage|p2a: Iron Treads|47/100 brn
|
|-heal|p2a: Iron Treads|54/100 brn|[from] item: Leftovers
|-damage|p2a: Iron Treads|47/100 brn|[from] brn
|upkeep
|turn|87
|
|t:|1780949082
|move|p2a: Iron Treads|Earthquake|p1a: Toxapex
|-supereffective|p1a: Toxapex
|-damage|p1a: Toxapex|48/100
|move|p1a: Toxapex|Toxic Spikes|p2a: Iron Treads
|-sidestart|p2: ghostninja77|move: Toxic Spikes
|
|-heal|p2a: Iron Treads|54/100 brn|[from] item: Leftovers
|-damage|p2a: Iron Treads|47/100 brn|[from] brn
|upkeep
|turn|88
|
|t:|1780949093
|move|p2a: Iron Treads|Earthquake|p1a: Toxapex
|-supereffective|p1a: Toxapex
|-damage|p1a: Toxapex|16/100
|move|p1a: Toxapex|Recover|p1a: Toxapex
|-heal|p1a: Toxapex|66/100
|
|-heal|p2a: Iron Treads|54/100 brn|[from] item: Leftovers
|-damage|p2a: Iron Treads|47/100 brn|[from] brn
|upkeep
|turn|89
|
|t:|1780949098
|move|p2a: Iron Treads|Earthquake|p1a: Toxapex
|-supereffective|p1a: Toxapex
|-damage|p1a: Toxapex|38/100
|move|p1a: Toxapex|Surf|p2a: Iron Treads
|-supereffective|p2a: Iron Treads
|-damage|p2a: Iron Treads|4/100 brn
|
|-heal|p2a: Iron Treads|10/100 brn|[from] item: Leftovers
|-damage|p2a: Iron Treads|4/100 brn|[from] brn
|upkeep
|turn|90
|
|t:|1780949105
|-end|p2a: Iron Treads|Quark Drive|[silent]
|switch|p2a: Weezing|Weezing-Galar, F|44/100 brn
|-ability|p2a: Weezing|Neutralizing Gas
|-sideend|p2: ghostninja77|move: Toxic Spikes|[of] p2a: Weezing
|switch|p1a: Mandibuzz|Mandibuzz, F|78/100
|
|-heal|p2a: Weezing|50/100 brn|[from] item: Leftovers
|-damage|p2a: Weezing|44/100 brn|[from] brn
|upkeep
|turn|91
|
|t:|1780949112
|-end|p2a: Weezing|ability: Neutralizing Gas
|switch|p2a: Alomomola|Alomomola, F|100/100 tox
|move|p1a: Mandibuzz|Knock Off|p2a: Alomomola
|-damage|p2a: Alomomola|90/100 tox
|
|-damage|p2a: Alomomola|84/100 tox|[from] psn
|upkeep
|turn|92
|
|t:|1780949123
|switch|p1a: Toxapex|Toxapex, F|38/100
|move|p2a: Alomomola|Flip Turn|p1a: Toxapex
|-resisted|p1a: Toxapex
|-damage|p1a: Toxapex|32/100
|
|t:|1780949130
|switch|p2a: Zamazenta|Zamazenta|88/100|[from] Flip Turn
|
|upkeep
|turn|93
|
|t:|1780949145
|switch|p1a: Dondozo|Dondozo, M|85/100
|move|p2a: Zamazenta|Close Combat|p1a: Dondozo
|-damage|p1a: Dondozo|39/100
|-unboost|p2a: Zamazenta|def|1
|-unboost|p2a: Zamazenta|spd|1
|
|-heal|p1a: Dondozo|45/100|[from] item: Leftovers
|upkeep
|turn|94
|
|t:|1780949158
|switch|p2a: Alomomola|Alomomola, F|100/100 tox
|switch|p1a: Talonflame|Talonflame, F|77/100
|
|-damage|p2a: Alomomola|94/100 tox|[from] psn
|upkeep
|turn|95
|
|t:|1780949168
|switch|p1a: Dondozo|Dondozo, M|45/100
|move|p2a: Alomomola|Flip Turn|p1a: Dondozo
|-resisted|p1a: Dondozo
|-damage|p1a: Dondozo|42/100
|
|t:|1780949171
|switch|p2a: Zamazenta|Zamazenta|88/100|[from] Flip Turn
|
|-heal|p1a: Dondozo|48/100|[from] item: Leftovers
|upkeep
|turn|96
|
|t:|1780949187
|move|p2a: Zamazenta|Stone Edge|p1a: Dondozo
|-damage|p1a: Dondozo|22/100
|move|p1a: Dondozo|Rest|p1a: Dondozo
|-status|p1a: Dondozo|slp|[from] move: Rest
|-heal|p1a: Dondozo|100/100 slp|[silent]
|
|upkeep
|turn|97
|
|t:|1780949198
|switch|p2a: Alomomola|Alomomola, F|100/100 tox
|switch|p1a: Toxapex|Toxapex, F|65/100
|
|-damage|p2a: Alomomola|94/100 tox|[from] psn
|upkeep
|turn|98
|
|t:|1780949220
|switch|p1a: Dondozo|Dondozo, M|100/100 slp
|move|p2a: Alomomola|Wish|p2a: Alomomola
|
|-damage|p2a: Alomomola|82/100 tox|[from] psn
|upkeep
|turn|99
|
|t:|1780949225
|move|p2a: Alomomola|Flip Turn|p1a: Dondozo
|-resisted|p1a: Dondozo
|-damage|p1a: Dondozo|97/100 slp
|
|t:|1780949229
|switch|p2a: Weezing|Weezing-Galar, F|44/100 brn|[from] Flip Turn
|-ability|p2a: Weezing|Neutralizing Gas
|cant|p1a: Dondozo|slp
|move|p1a: Dondozo|Sleep Talk|p1a: Dondozo
|move|p1a: Dondozo|Avalanche|p2a: Weezing|[from] move: Sleep Talk
|-damage|p2a: Weezing|36/100 brn
|
|-heal|p2a: Weezing|100/100 brn|[from] move: Wish|[wisher] Alomomola
|-heal|p1a: Dondozo|100/100 slp|[from] item: Leftovers
|-damage|p2a: Weezing|94/100 brn|[from] brn
|upkeep
|turn|100
|
|t:|1780949245
|-end|p2a: Weezing|ability: Neutralizing Gas
|switch|p2a: Alomomola|Alomomola, F|100/100 tox
|cant|p1a: Dondozo|slp
|move|p1a: Dondozo|Sleep Talk|p1a: Dondozo
|move|p1a: Dondozo|Body Press|p2a: Alomomola|[from] move: Sleep Talk
|-damage|p2a: Alomomola|83/100 tox
|
|-damage|p2a: Alomomola|76/100 tox|[from] psn
|upkeep
|turn|101
|
|t:|1780949251
|switch|p1a: Toxapex|Toxapex, F|98/100
|move|p2a: Alomomola|Tickle|p1a: Toxapex
|-unboost|p1a: Toxapex|atk|1
|-unboost|p1a: Toxapex|def|1
|
|-damage|p2a: Alomomola|64/100 tox|[from] psn
|upkeep
|turn|102
|
|t:|1780949254
|move|p2a: Alomomola|Flip Turn|p1a: Toxapex
|-resisted|p1a: Toxapex
|-damage|p1a: Toxapex|89/100
|
|t:|1780949261
|switch|p2a: Tornadus|Tornadus-Therian, M|100/100|[from] Flip Turn
|move|p1a: Toxapex|Toxic Spikes|p2a: Tornadus
|-sidestart|p2: ghostninja77|move: Toxic Spikes
|
|upkeep
|turn|103
|
|t:|1780949270
|move|p2a: Tornadus|Bleakwind Storm|p1a: Toxapex
|-damage|p1a: Toxapex|63/100
|move|p1a: Toxapex|Surf|p2a: Tornadus
|-damage|p2a: Tornadus|87/100
|
|upkeep
|turn|104
|
|t:|1780949279
|switch|p1a: Blissey|Blissey, F|68/100
|move|p2a: Tornadus|U-turn|p1a: Blissey
|-damage|p1a: Blissey|54/100
|
|t:|1780949284
|switch|p2a: Weezing|Weezing-Galar, F|94/100 brn|[from] U-turn
|-ability|p2a: Weezing|Neutralizing Gas
|-sideend|p2: ghostninja77|move: Toxic Spikes|[of] p2a: Weezing
|
|-heal|p2a: Weezing|100/100 brn|[from] item: Leftovers
|-heal|p1a: Blissey|60/100|[from] item: Leftovers
|-damage|p2a: Weezing|94/100 brn|[from] brn
|upkeep
|turn|105
|
|t:|1780949287
|move|p2a: Weezing|Toxic|p1a: Blissey
|-status|p1a: Blissey|tox
|move|p1a: Blissey|Stealth Rock|p2a: Weezing
|-sidestart|p2: ghostninja77|move: Stealth Rock
|
|-heal|p2a: Weezing|100/100 brn|[from] item: Leftovers
|-heal|p1a: Blissey|67/100 tox|[from] item: Leftovers
|-damage|p1a: Blissey|60/100 tox|[from] psn
|-damage|p2a: Weezing|94/100 brn|[from] brn
|upkeep
|turn|106
|
|t:|1780949296
|move|p2a: Weezing|Defog|p1a: Blissey
|-unboost|p1a: Blissey|evasion|1
|-sideend|p2: ghostninja77|Stealth Rock|[from] move: Defog|[of] p2a: Weezing
|move|p1a: Blissey|Soft-Boiled|p1a: Blissey
|-heal|p1a: Blissey|100/100 tox
|
|-heal|p2a: Weezing|100/100 brn|[from] item: Leftovers
|-damage|p1a: Blissey|88/100 tox|[from] psn
|-damage|p2a: Weezing|94/100 brn|[from] brn
|upkeep
|turn|107
|
|t:|1780949310
|move|p2a: Weezing|Protect|p2a: Weezing
|-singleturn|p2a: Weezing|Protect
|move|p1a: Blissey|Stealth Rock|p2a: Weezing
|-sidestart|p2: ghostninja77|move: Stealth Rock
|
|-heal|p2a: Weezing|100/100 brn|[from] item: Leftovers
|-heal|p1a: Blissey|94/100 tox|[from] item: Leftovers
|-damage|p1a: Blissey|75/100 tox|[from] psn
|-damage|p2a: Weezing|94/100 brn|[from] brn
|upkeep
|turn|108
|
|t:|1780949316
|switch|p1a: Dondozo|Dondozo, M|100/100 slp
|move|p2a: Weezing|Defog|p1a: Dondozo
|-unboost|p1a: Dondozo|evasion|1
|-sideend|p2: ghostninja77|Stealth Rock|[from] move: Defog|[of] p2a: Weezing
|
|-heal|p2a: Weezing|100/100 brn|[from] item: Leftovers
|-damage|p2a: Weezing|94/100 brn|[from] brn
|upkeep
|turn|109
|
|t:|1780949336
|-end|p2a: Weezing|ability: Neutralizing Gas
|switch|p2a: Alomomola|Alomomola, F|98/100 tox
|switch|p1a: Toxapex|Toxapex, F|96/100
|
|-damage|p2a: Alomomola|91/100 tox|[from] psn
|upkeep
|turn|110
|
|t:|1780949342
|switch|p1a: Blissey|Blissey, F|75/100 tox
|move|p2a: Alomomola|Tickle|p1a: Blissey
|-unboost|p1a: Blissey|atk|1
|-unboost|p1a: Blissey|def|1
|
|-heal|p1a: Blissey|82/100 tox|[from] item: Leftovers
|-damage|p1a: Blissey|75/100 tox|[from] psn
|-damage|p2a: Alomomola|79/100 tox|[from] psn
|upkeep
|turn|111
|
|t:|1780949346
|-curestatus|p1a: Blissey|tox|[from] ability: Natural Cure|[silent]
|switch|p1a: Toxapex|Toxapex, F|100/100
|switch|p2a: Weezing|Weezing-Galar, F|94/100 brn
|-ability|p2a: Weezing|Neutralizing Gas
|
|-heal|p2a: Weezing|100/100 brn|[from] item: Leftovers
|-damage|p2a: Weezing|94/100 brn|[from] brn
|upkeep
|turn|112
|
|t:|1780949356
|-end|p2a: Weezing|ability: Neutralizing Gas
|switch|p2a: Alomomola|Alomomola, F|100/100 tox
|switch|p1a: Talonflame|Talonflame, F|77/100
|
|-damage|p2a: Alomomola|94/100 tox|[from] psn
|upkeep
|turn|113
|
|t:|1780949366
|switch|p1a: Toxapex|Toxapex, F|100/100
|move|p2a: Alomomola|Wish|p2a: Alomomola
|
|-damage|p2a: Alomomola|82/100 tox|[from] psn
|upkeep
|turn|114
|j| SDK04
|
|t:|1780949386
|move|p2a: Alomomola|Flip Turn|p1a: Toxapex
|-resisted|p1a: Toxapex
|-damage|p1a: Toxapex|95/100
|l| SDK04
|j| SDK04
|j| EMP169420
|
|t:|1780949397
|switch|p2a: Tornadus|Tornadus-Therian, M|100/100|[from] Flip Turn
|move|p1a: Toxapex|Surf|p2a: Tornadus
|-damage|p2a: Tornadus|86/100
|
|-heal|p2a: Tornadus|100/100|[from] move: Wish|[wisher] Alomomola
|upkeep
|turn|115
|j| oddishlover4
|
|t:|1780949415
|move|p2a: Tornadus|Bleakwind Storm|p1a: Toxapex|[miss]
|-miss|p2a: Tornadus|p1a: Toxapex
|move|p1a: Toxapex|Toxic Spikes|p2a: Tornadus
|-sidestart|p2: ghostninja77|move: Toxic Spikes
|
|upkeep
|turn|116
|j| BandedAI
|inactive|ghostninja77 has 120 seconds left.
|c| BandedAI|oh my
|c| BandedAI|this is indeed a matchup
|
|t:|1780949452
|move|p2a: Tornadus|Bleakwind Storm|p1a: Toxapex
|-damage|p1a: Toxapex|70/100
|move|p1a: Toxapex|Sludge Bomb|p2a: Tornadus
|-damage|p2a: Tornadus|87/100
|-status|p2a: Tornadus|psn
|
|-damage|p2a: Tornadus|75/100 psn|[from] psn
|upkeep
|turn|117
|j| Honourial
|
|t:|1780949459
|move|p2a: Tornadus|U-turn|p1a: Toxapex
|-resisted|p1a: Toxapex
|-damage|p1a: Toxapex|64/100
ghostninja77 is offering a tie.
|j| HiYawn
pinkpriestess3 rejected the tie.
|j| Hisui4ever
|j| alejandrobm
|inactive|ghostninja77 has 90 seconds left.
|
|t:|1780949474
|switch|p2a: Weezing|Weezing-Galar, F|94/100 brn|[from] U-turn
|-ability|p2a: Weezing|Neutralizing Gas
|-sideend|p2: ghostninja77|move: Toxic Spikes|[of] p2a: Weezing
|move|p1a: Toxapex|Sludge Bomb|p2a: Weezing
|-damage|p2a: Weezing|67/100 brn
|
|-heal|p2a: Weezing|73/100 brn|[from] item: Leftovers
|-damage|p2a: Weezing|67/100 brn|[from] brn
|upkeep
|turn|118
|l| Honourial
|j| noob1877 test
|inactive|ghostninja77 has 90 seconds left.
|l| noob1877 test
|
|t:|1780949493
|-end|p2a: Weezing|ability: Neutralizing Gas
|switch|p2a: Tornadus|Tornadus-Therian, M|100/100 psn
|switch|p1a: Dondozo|Dondozo, M|100/100 slp
|
|-damage|p2a: Tornadus|88/100 psn|[from] psn
|upkeep
|turn|119
|inactive|ghostninja77 has 90 seconds left.
|c| HiYawn|dual Regen core is crazy
|c| Hisui4ever|Dude, i think its time to stop
|
|t:|1780949508
|switch|p1a: Toxapex|Toxapex, F|98/100
|move|p2a: Tornadus|U-turn|p1a: Toxapex
|-resisted|p1a: Toxapex
|-damage|p1a: Toxapex|93/100
|
|t:|1780949511
|switch|p2a: Alomomola|Alomomola, F|100/100 tox|[from] U-turn
|
|-damage|p2a: Alomomola|94/100 tox|[from] psn
|upkeep
|turn|120
|c| Hisui4ever|its turn 120
|c| HiYawn|just forfeit
|
|t:|1780949515
|switch|p2a: Tornadus|Tornadus-Therian, M|100/100 psn
|move|p1a: Toxapex|Toxic Spikes|p2a: Tornadus
|-sidestart|p2: ghostninja77|move: Toxic Spikes
|
|-damage|p2a: Tornadus|88/100 psn|[from] psn
|upkeep
|turn|121
|j| khxng
|
|t:|1780949521
|switch|p2a: Alomomola|Alomomola, F|100/100 tox
|move|p1a: Toxapex|Sludge Bomb|p2a: Alomomola
|-damage|p2a: Alomomola|84/100 tox
|
|-damage|p2a: Alomomola|78/100 tox|[from] psn
|upkeep
|turn|122
|
|t:|1780949528
|switch|p2a: Tornadus|Tornadus-Therian, M|100/100 psn
|move|p1a: Toxapex|Toxic Spikes|p2a: Tornadus
|-sidestart|p2: ghostninja77|move: Toxic Spikes
|
|-damage|p2a: Tornadus|88/100 psn|[from] psn
|upkeep
|turn|123
|
|t:|1780949533
|switch|p2a: Alomomola|Alomomola, F|100/100 tox
|switch|p1a: Blissey|Blissey, F|75/100
|
|-heal|p1a: Blissey|82/100|[from] item: Leftovers
|-damage|p2a: Alomomola|94/100 tox|[from] psn
|upkeep
|turn|124
|c| Hisui4ever|neither of you are gonna be happy at the end of this
|
|t:|1780949537
|switch|p2a: Weezing|Weezing-Galar, F|67/100 brn
|-ability|p2a: Weezing|Neutralizing Gas
|-sideend|p2: ghostninja77|move: Toxic Spikes|[of] p2a: Weezing
|move|p1a: Blissey|Stealth Rock|p2a: Weezing
|-sidestart|p2: ghostninja77|move: Stealth Rock
|
|-heal|p2a: Weezing|73/100 brn|[from] item: Leftovers
|-heal|p1a: Blissey|88/100|[from] item: Leftovers
|-damage|p2a: Weezing|67/100 brn|[from] brn
|upkeep
|turn|125
ghostninja77 is offering a tie.
|
|t:|1780949547
|move|p2a: Weezing|Defog|p1a: Blissey
|-unboost|p1a: Blissey|evasion|1
|-sideend|p2: ghostninja77|Stealth Rock|[from] move: Defog|[of] p2a: Weezing
|move|p1a: Blissey|Seismic Toss|p2a: Weezing
|-damage|p2a: Weezing|37/100 brn
|
|-heal|p2a: Weezing|43/100 brn|[from] item: Leftovers
|-heal|p1a: Blissey|94/100|[from] item: Leftovers
|-damage|p2a: Weezing|37/100 brn|[from] brn
|upkeep
|turn|126
|c|☆ghostninja77|please accept
|
|t:|1780949556
|-end|p2a: Weezing|ability: Neutralizing Gas
|switch|p2a: Alomomola|Alomomola, F|100/100 tox
|move|p1a: Blissey|Seismic Toss|p2a: Alomomola
|-damage|p2a: Alomomola|79/100 tox
|
|-heal|p1a: Blissey|100/100|[from] item: Leftovers
|-damage|p2a: Alomomola|73/100 tox|[from] psn
|upkeep
|turn|127
|
|t:|1780949558
|move|p1a: Blissey|Stealth Rock|p2a: Alomomola
|-sidestart|p2: ghostninja77|move: Stealth Rock
|move|p2a: Alomomola|Flip Turn|p1a: Blissey
|-damage|p1a: Blissey|84/100
|c| Hisui4ever|here we go again
|
|t:|1780949568
|switch|p2a: Zamazenta|Zamazenta|88/100|[from] Flip Turn
|-damage|p2a: Zamazenta|82/100|[from] Stealth Rock
|
|-heal|p1a: Blissey|90/100|[from] item: Leftovers
|upkeep
|turn|128
|c| HiYawn|i'd smash my laptop at this point
|
|t:|1780949576
|switch|p1a: Toxapex|Toxapex, F|100/100
|move|p2a: Zamazenta|Close Combat|p1a: Toxapex
|-resisted|p1a: Toxapex
|-damage|p1a: Toxapex|64/100
|-unboost|p2a: Zamazenta|def|1
|-unboost|p2a: Zamazenta|spd|1
|
|upkeep
|turn|129
|
|t:|1780949595
|switch|p2a: Alomomola|Alomomola, F|100/100 tox
|-damage|p2a: Alomomola|88/100 tox|[from] Stealth Rock
|move|p1a: Toxapex|Sludge Bomb|p2a: Alomomola
|-damage|p2a: Alomomola|70/100 tox
|
|-damage|p2a: Alomomola|64/100 tox|[from] psn
|upkeep
|turn|130
|
|t:|1780949600
|switch|p2a: Tornadus|Tornadus-Therian, M|100/100 psn
|-damage|p2a: Tornadus|76/100 psn|[from] Stealth Rock
|move|p1a: Toxapex|Toxic Spikes|p2a: Tornadus
|-sidestart|p2: ghostninja77|move: Toxic Spikes
|
|-damage|p2a: Tornadus|63/100 psn|[from] psn
|upkeep
|turn|131
|j| gabagool merchant
|
|t:|1780949606
|switch|p2a: Alomomola|Alomomola, F|98/100 tox
|-damage|p2a: Alomomola|85/100 tox|[from] Stealth Rock
|move|p1a: Toxapex|Recover|p1a: Toxapex
|-heal|p1a: Toxapex|100/100
|
|-damage|p2a: Alomomola|79/100 tox|[from] psn
|upkeep
|turn|132
|c| Hisui4ever|Ninja, is it even worth it?
|j| Pastaloverlmao
|
|t:|1780949614
|switch|p2a: Tornadus|Tornadus-Therian, M|96/100 psn
|-damage|p2a: Tornadus|71/100 psn|[from] Stealth Rock
|move|p1a: Toxapex|Sludge Bomb|p2a: Tornadus
|-damage|p2a: Tornadus|59/100 psn
|
|-damage|p2a: Tornadus|46/100 psn|[from] psn
|upkeep
|turn|133
|
|t:|1780949619
|switch|p2a: Alomomola|Alomomola, F|100/100 tox
|-damage|p2a: Alomomola|88/100 tox|[from] Stealth Rock
|move|p1a: Toxapex|Sludge Bomb|p2a: Alomomola
|-damage|p2a: Alomomola|70/100 tox
|
|-damage|p2a: Alomomola|64/100 tox|[from] psn
|upkeep
|turn|134
|c| Hisui4ever|or is it a matter of pride?
|j| aztmo88
|c| khxng|How is this even fun
|l| aztmo88
|inactive|ghostninja77 has 90 seconds left.
|c|☆ghostninja77|idk bro
|c|☆ghostninja77|its 134 i offered to tie
|c|☆ghostninja77|this isn't fun wallahi
|
|t:|1780949647
|switch|p2a: Tornadus|Tornadus-Therian, M|79/100 psn
|-damage|p2a: Tornadus|55/100 psn|[from] Stealth Rock
|move|p1a: Toxapex|Sludge Bomb|p2a: Tornadus
|-damage|p2a: Tornadus|40/100 psn
|
|-damage|p2a: Tornadus|28/100 psn|[from] psn
|upkeep
|turn|135
|
|t:|1780949654
|switch|p2a: Alomomola|Alomomola, F|98/100 tox
|-damage|p2a: Alomomola|85/100 tox|[from] Stealth Rock
|move|p1a: Toxapex|Surf|p2a: Alomomola
|-resisted|p2a: Alomomola
|-damage|p2a: Alomomola|76/100 tox
|
|-damage|p2a: Alomomola|70/100 tox|[from] psn
|upkeep
|turn|136
|c| HiYawn|frfr
|
|t:|1780949659
|move|p2a: Alomomola|Wish|p2a: Alomomola
|move|p1a: Toxapex|Sludge Bomb|p2a: Alomomola
|-damage|p2a: Alomomola|55/100 tox
|
|-damage|p2a: Alomomola|42/100 tox|[from] psn
|upkeep
|turn|137
|c| Pastaloverlmao|bro what layer of hell is this
|c| HiYawn|say wallahalli rn
|c| HiYawn|lol
|c| HiYawn|the deepest
|c| HiYawn|darkest
|l| alejandrobm
|c| HiYawn|level
|c| HiYawn|of
|c| HiYawn|hellllllll
|
|t:|1780949674
|switch|p2a: Tornadus|Tornadus-Therian, M|61/100 psn
|-damage|p2a: Tornadus|36/100 psn|[from] Stealth Rock
|move|p1a: Toxapex|Sludge Bomb|p2a: Tornadus
|-damage|p2a: Tornadus|22/100 psn
|
|-heal|p2a: Tornadus|88/100 psn|[from] move: Wish|[wisher] Alomomola
|-damage|p2a: Tornadus|76/100 psn|[from] psn
|upkeep
|turn|138
|
|t:|1780949682
|switch|p2a: Alomomola|Alomomola, F|76/100 tox
|-damage|p2a: Alomomola|63/100 tox|[from] Stealth Rock
|move|p1a: Toxapex|Surf|p2a: Alomomola
|-resisted|p2a: Alomomola
|-crit|p2a: Alomomola
|-damage|p2a: Alomomola|50/100 tox
|
|-damage|p2a: Alomomola|44/100 tox|[from] psn
|upkeep
|turn|139
|c| Hisui4ever|you cant stall forever
|l| BandedAI
|c| Hisui4ever|neither of you
|
|t:|1780949690
|move|p2a: Alomomola|Flip Turn|p1a: Toxapex
|-resisted|p1a: Toxapex
|-damage|p1a: Toxapex|95/100
|
|t:|1780949692
|switch|p2a: Tornadus|Tornadus-Therian, M|100/100 psn|[from] Flip Turn
|-damage|p2a: Tornadus|76/100 psn|[from] Stealth Rock
|move|p1a: Toxapex|Surf|p2a: Tornadus
|-damage|p2a: Tornadus|62/100 psn
|
|-damage|p2a: Tornadus|50/100 psn|[from] psn
|upkeep
|turn|140
|inactive|ghostninja77 has 90 seconds left.
|
|t:|1780949697
|move|p2a: Tornadus|U-turn|p1a: Toxapex
|-resisted|p1a: Toxapex
|-damage|p1a: Toxapex|90/100
|
|t:|1780949700
|switch|p2a: Alomomola|Alomomola, F|77/100 tox|[from] U-turn
|-damage|p2a: Alomomola|65/100 tox|[from] Stealth Rock
|move|p1a: Toxapex|Surf|p2a: Alomomola
|-resisted|p2a: Alomomola
|-damage|p2a: Alomomola|56/100 tox
|
|-damage|p2a: Alomomola|50/100 tox|[from] psn
|upkeep
|turn|141
|j| deddd server
|c| khxng|this is why I hate stall lmfao
|
|t:|1780949710
|move|p2a: Alomomola|Wish|p2a: Alomomola
|move|p1a: Toxapex|Surf|p2a: Alomomola
|-resisted|p2a: Alomomola
|-damage|p2a: Alomomola|41/100 tox
|
|-damage|p2a: Alomomola|29/100 tox|[from] psn
|upkeep
|turn|142
|
|t:|1780949714
|switch|p2a: Tornadus|Tornadus-Therian, M|83/100 psn
|-damage|p2a: Tornadus|58/100 psn|[from] Stealth Rock
|move|p1a: Toxapex|Surf|p2a: Tornadus
|-damage|p2a: Tornadus|45/100 psn
|
|-heal|p2a: Tornadus|100/100 psn|[from] move: Wish|[wisher] Alomomola
|-damage|p2a: Tornadus|88/100 psn|[from] psn
|upkeep
|turn|143
|l| deddd server
|
|t:|1780949721
|move|p2a: Tornadus|U-turn|p1a: Toxapex
|-resisted|p1a: Toxapex
|-crit|p1a: Toxapex
|-damage|p1a: Toxapex|82/100
|
|t:|1780949723
|switch|p2a: Alomomola|Alomomola, F|63/100 tox|[from] U-turn
|-damage|p2a: Alomomola|50/100 tox|[from] Stealth Rock
|move|p1a: Toxapex|Surf|p2a: Alomomola
|-resisted|p2a: Alomomola
|-damage|p2a: Alomomola|42/100 tox
|
|-damage|p2a: Alomomola|36/100 tox|[from] psn
|upkeep
|turn|144
|c| Hisui4ever|This is a perfect example of what happens when two stallers meet
|
|t:|1780949735
|move|p2a: Alomomola|Wish|p2a: Alomomola
|move|p1a: Toxapex|Surf|p2a: Alomomola
|-resisted|p2a: Alomomola
|-crit|p2a: Alomomola
|-damage|p2a: Alomomola|23/100 tox
|
|-damage|p2a: Alomomola|10/100 tox|[from] psn
|upkeep
|turn|145
|c|☆ghostninja77|im not a staller
|
|t:|1780949744
|move|p2a: Alomomola|Protect|p2a: Alomomola
|-singleturn|p2a: Alomomola|Protect
|move|p1a: Toxapex|Surf|p2a: Alomomola
|-activate|p2a: Alomomola|move: Protect
|
|-heal|p2a: Alomomola|60/100 tox|[from] move: Wish|[wisher] Alomomola
|-damage|p2a: Alomomola|42/100 tox|[from] psn
|upkeep
|turn|146
|
|t:|1780949749
|switch|p2a: Tornadus|Tornadus-Therian, M|100/100 psn
|-damage|p2a: Tornadus|76/100 psn|[from] Stealth Rock
|move|p1a: Toxapex|Surf|p2a: Tornadus
|-damage|p2a: Tornadus|64/100 psn
|
|-damage|p2a: Tornadus|51/100 psn|[from] psn
|upkeep
|turn|147
|
|t:|1780949754
|move|p2a: Tornadus|U-turn|p1a: Toxapex
|-resisted|p1a: Toxapex
|-damage|p1a: Toxapex|77/100
|c| Hisui4ever|doulbe regenerator?
|c| Hisui4ever|wish?
|
|t:|1780949762
|switch|p2a: Alomomola|Alomomola, F|75/100 tox|[from] U-turn
|-damage|p2a: Alomomola|63/100 tox|[from] Stealth Rock
|move|p1a: Toxapex|Surf|p2a: Alomomola
|-resisted|p2a: Alomomola
|-damage|p2a: Alomomola|55/100 tox
|
|-damage|p2a: Alomomola|49/100 tox|[from] psn
|upkeep
|turn|148
|c| Pastaloverlmao|you merely adopted the stall I was born in it ahh teams
|c| Hisui4ever|uturn and flipturn?
|
|t:|1780949769
|switch|p2a: Tornadus|Tornadus-Therian, M|84/100 psn
|-damage|p2a: Tornadus|60/100 psn|[from] Stealth Rock
|move|p1a: Toxapex|Surf|p2a: Tornadus
|-damage|p2a: Tornadus|47/100 psn
|
|-damage|p2a: Tornadus|34/100 psn|[from] psn
|upkeep
|turn|149
|l| SDK04
|
|t:|1780949775
|switch|p2a: Alomomola|Alomomola, F|82/100 tox
|-damage|p2a: Alomomola|70/100 tox|[from] Stealth Rock
|move|p1a: Toxapex|Surf|p2a: Alomomola
|-resisted|p2a: Alomomola
|-damage|p2a: Alomomola|62/100 tox
|
|-damage|p2a: Alomomola|56/100 tox|[from] psn
|upkeep
|turn|150
|
|t:|1780949783
|move|p2a: Alomomola|Wish|p2a: Alomomola
|move|p1a: Toxapex|Toxic Spikes|p2a: Alomomola
|-sidestart|p2: ghostninja77|move: Toxic Spikes
|
|-damage|p2a: Alomomola|43/100 tox|[from] psn
|upkeep
|turn|151
|c| gabagool merchant|me when I name things that are on many different team archetypes
|
|t:|1780949791
|switch|p2a: Tornadus|Tornadus-Therian, M|68/100 psn
|-damage|p2a: Tornadus|43/100 psn|[from] Stealth Rock
|move|p1a: Toxapex|Sludge Bomb|p2a: Tornadus
|-damage|p2a: Tornadus|29/100 psn
|
|-heal|p2a: Tornadus|95/100 psn|[from] move: Wish|[wisher] Alomomola
|-damage|p2a: Tornadus|82/100 psn|[from] psn
|upkeep
|turn|152
|c| Hisui4ever|Im too invested now, but ONE of you will run out of pp eventually
|
|t:|1780949802
|switch|p1a: Mandibuzz|Mandibuzz, F|78/100
|move|p2a: Tornadus|U-turn|p1a: Mandibuzz
|-damage|p1a: Mandibuzz|67/100
|j| SDK04
|c| Hisui4ever|YES
|
|t:|1780949816
|switch|p2a: Alomomola|Alomomola, F|77/100 tox|[from] U-turn
|-damage|p2a: Alomomola|64/100 tox|[from] Stealth Rock
|
|-damage|p2a: Alomomola|58/100 tox|[from] psn
|upkeep
|turn|153
|
|t:|1780949824
|move|p1a: Mandibuzz|Knock Off|p2a: Alomomola
|-damage|p2a: Alomomola|48/100 tox
|move|p2a: Alomomola|Wish|p2a: Alomomola
|
|-damage|p2a: Alomomola|36/100 tox|[from] psn
|upkeep
|turn|154
|c| Hisui4ever|FINALLY SOME PROGRESS
|c| gabagool merchant|I don't think it matters too much dozo rails this team
|
|t:|1780949838
|switch|p1a: Toxapex|Toxapex, F|100/100
|move|p2a: Alomomola|Flip Turn|p1a: Toxapex
|-resisted|p1a: Toxapex
|-damage|p1a: Toxapex|95/100
|
|t:|1780949841
|switch|p2a: Weezing|Weezing-Galar, F|37/100 brn|[from] Flip Turn
|-ability|p2a: Weezing|Neutralizing Gas
|-damage|p2a: Weezing|25/100 brn|[from] Stealth Rock
|-sideend|p2: ghostninja77|move: Toxic Spikes|[of] p2a: Weezing
|
|-heal|p2a: Weezing|96/100 brn|[from] move: Wish|[wisher] Alomomola
|-heal|p2a: Weezing|100/100 brn|[from] item: Leftovers
|-damage|p2a: Weezing|94/100 brn|[from] brn
|upkeep
|turn|155
|
|t:|1780949848
|move|p2a: Weezing|Defog|p1a: Toxapex
|-unboost|p1a: Toxapex|evasion|1
|-sideend|p2: ghostninja77|Stealth Rock|[from] move: Defog|[of] p2a: Weezing
|move|p1a: Toxapex|Toxic Spikes|p2a: Weezing
|-sidestart|p2: ghostninja77|move: Toxic Spikes
|
|-heal|p2a: Weezing|100/100 brn|[from] item: Leftovers
|-damage|p2a: Weezing|94/100 brn|[from] brn
|upkeep
|turn|156
|c| Pastaloverlmao|I think this is the reason we need hax
|
|t:|1780949854
|-end|p2a: Weezing|ability: Neutralizing Gas
|switch|p2a: Tornadus|Tornadus-Therian, M|100/100 psn
|switch|p1a: Blissey|Blissey, F|90/100
|
|-heal|p1a: Blissey|97/100|[from] item: Leftovers
|-damage|p2a: Tornadus|88/100 psn|[from] psn
|upkeep
|turn|157
|
|t:|1780949862
|move|p2a: Tornadus|U-turn|p1a: Blissey
|-damage|p1a: Blissey|81/100
|
|t:|1780949865
|switch|p2a: Weezing|Weezing-Galar, F|94/100 brn|[from] U-turn
|-ability|p2a: Weezing|Neutralizing Gas
|-sideend|p2: ghostninja77|move: Toxic Spikes|[of] p2a: Weezing
|move|p1a: Blissey|Stealth Rock|p2a: Weezing
|-sidestart|p2: ghostninja77|move: Stealth Rock
|
|-heal|p2a: Weezing|100/100 brn|[from] item: Leftovers
|-heal|p1a: Blissey|88/100|[from] item: Leftovers
|-damage|p2a: Weezing|94/100 brn|[from] brn
|upkeep
|turn|158
|inactive|ghostninja77 has 120 seconds left.
|
|t:|1780949872
|move|p2a: Weezing|Defog|p1a: Blissey
|-unboost|p1a: Blissey|evasion|1
|-sideend|p2: ghostninja77|Stealth Rock|[from] move: Defog|[of] p2a: Weezing
|move|p1a: Blissey|Seismic Toss|p2a: Weezing
|-damage|p2a: Weezing|64/100 brn
|
|-heal|p2a: Weezing|70/100 brn|[from] item: Leftovers
|-heal|p1a: Blissey|94/100|[from] item: Leftovers
|-damage|p2a: Weezing|64/100 brn|[from] brn
|upkeep
|turn|159
|inactive|ghostninja77 has 120 seconds left.
|
|t:|1780949877
|-end|p2a: Weezing|ability: Neutralizing Gas
|switch|p2a: Alomomola|Alomomola, F|69/100 tox
|move|p1a: Blissey|Stealth Rock|p2a: Alomomola
|-sidestart|p2: ghostninja77|move: Stealth Rock
|
|-heal|p1a: Blissey|99/100|[from] item: Leftovers
|-damage|p2a: Alomomola|63/100 tox|[from] psn
|upkeep
|turn|160
|
|t:|1780949883
|move|p1a: Blissey|Seismic Toss|p2a: Alomomola
|-damage|p2a: Alomomola|42/100 tox
|move|p2a: Alomomola|Flip Turn|p1a: Blissey
|-damage|p1a: Blissey|83/100
|l| EMP169420
|
|t:|1780949888
|switch|p2a: Tornadus|Tornadus-Therian, M|100/100 psn|[from] Flip Turn
|-damage|p2a: Tornadus|76/100 psn|[from] Stealth Rock
|
|-heal|p1a: Blissey|89/100|[from] item: Leftovers
|-damage|p2a: Tornadus|63/100 psn|[from] psn
|upkeep
|turn|161
|
|t:|1780949900
|move|p2a: Tornadus|U-turn|p1a: Blissey
|-damage|p1a: Blissey|73/100
|
|t:|1780949902
|switch|p2a: Alomomola|Alomomola, F|75/100 tox|[from] U-turn
|-damage|p2a: Alomomola|63/100 tox|[from] Stealth Rock
|move|p1a: Blissey|Seismic Toss|p2a: Alomomola
|-damage|p2a: Alomomola|42/100 tox
|
|-heal|p1a: Blissey|80/100|[from] item: Leftovers
|-damage|p2a: Alomomola|36/100 tox|[from] psn
|upkeep
|turn|162
|
|t:|1780949914
|switch|p2a: Tornadus|Tornadus-Therian, M|96/100 psn
|-damage|p2a: Tornadus|71/100 psn|[from] Stealth Rock
|move|p1a: Blissey|Seismic Toss|p2a: Tornadus
|-damage|p2a: Tornadus|44/100 psn
|
|-heal|p1a: Blissey|86/100|[from] item: Leftovers
|-damage|p2a: Tornadus|31/100 psn|[from] psn
|upkeep
|turn|163
|
|t:|1780949920
|move|p2a: Tornadus|U-turn|p1a: Blissey
|-damage|p1a: Blissey|72/100
|
|t:|1780949922
|switch|p2a: Alomomola|Alomomola, F|69/100 tox|[from] U-turn
|-damage|p2a: Alomomola|56/100 tox|[from] Stealth Rock
|move|p1a: Blissey|Seismic Toss|p2a: Alomomola
|-damage|p2a: Alomomola|35/100 tox
|
|-heal|p1a: Blissey|78/100|[from] item: Leftovers
|-damage|p2a: Alomomola|29/100 tox|[from] psn
|upkeep
|turn|164
|c| Hisui4ever|Any day now
|
|t:|1780949935
|-terastallize|p2a: Alomomola|Ghost
|move|p1a: Blissey|Seismic Toss|p2a: Alomomola
|-immune|p2a: Alomomola
|move|p2a: Alomomola|Wish|p2a: Alomomola
|
|-heal|p1a: Blissey|84/100|[from] item: Leftovers
|-damage|p2a: Alomomola|17/100 tox|[from] psn
|upkeep
|turn|165
|c| Pastaloverlmao|this game feels like a battle of villains
|c| Pastaloverlmao|idk who to root for
|
|t:|1780949946
|move|p2a: Alomomola|Protect|p2a: Alomomola
|-singleturn|p2a: Alomomola|Protect
|move|p1a: Blissey|Seismic Toss|p2a: Alomomola
|-activate|p2a: Alomomola|move: Protect
|
|-heal|p2a: Alomomola|67/100 tox|[from] move: Wish|[wisher] Alomomola
|-heal|p1a: Blissey|90/100|[from] item: Leftovers
|-damage|p2a: Alomomola|49/100 tox|[from] psn
|upkeep
|turn|166
|c|☆ghostninja77|im not a villian
|c|☆ghostninja77|look at how this guy is playing in the 1500s btw
ghostninja77 is offering a tie.
|inactive|ghostninja77 has 120 seconds left.
|l| gabagool merchant
pinkpriestess3 rejected the tie.
|c| Hisui4ever|They why havent you kod a single mon yet?
|c| khxng|idk man u playin stall
|
|t:|1780949966
|switch|p2a: Weezing|Weezing-Galar, F|64/100 brn
|-ability|p2a: Weezing|Neutralizing Gas
|-damage|p2a: Weezing|52/100 brn|[from] Stealth Rock
|move|p1a: Blissey|Seismic Toss|p2a: Weezing
|-damage|p2a: Weezing|22/100 brn
|
|-heal|p2a: Weezing|28/100 brn|[from] item: Leftovers
|-heal|p1a: Blissey|97/100|[from] item: Leftovers
|-damage|p2a: Weezing|22/100 brn|[from] brn
|upkeep
|turn|167
|
|t:|1780949981
|-end|p2a: Weezing|ability: Neutralizing Gas
|switch|p2a: Alomomola|Alomomola, F, tera:Ghost|82/100 tox
|-damage|p2a: Alomomola|69/100 tox|[from] Stealth Rock
|move|p1a: Blissey|Seismic Toss|p2a: Alomomola
|-immune|p2a: Alomomola
|
|-heal|p1a: Blissey|100/100|[from] item: Leftovers
|-damage|p2a: Alomomola|63/100 tox|[from] psn
|upkeep
|turn|168
|c| Pastaloverlmao|my man you have been spamming switch moves between torn and mola for half the game
|
|t:|1780949986
|move|p1a: Blissey|Calm Mind|p1a: Blissey
|-boost|p1a: Blissey|spa|1
|-boost|p1a: Blissey|spd|1
|move|p2a: Alomomola|Tickle|p1a: Blissey
|-unboost|p1a: Blissey|atk|1
|-unboost|p1a: Blissey|def|1
|
|-damage|p2a: Alomomola|51/100 tox|[from] psn
|upkeep
|turn|169
|l| SDK04
|c| Hisui4ever|Im NoT a ViLlAiN
|
|t:|1780949991
|move|p1a: Blissey|Calm Mind|p1a: Blissey
|-boost|p1a: Blissey|spa|1
|-boost|p1a: Blissey|spd|1
|move|p2a: Alomomola|Tickle|p1a: Blissey
|-unboost|p1a: Blissey|atk|1
|-unboost|p1a: Blissey|def|1
|
|-damage|p2a: Alomomola|33/100 tox|[from] psn
|upkeep
|turn|170
|j| gabagool merchant
|
|t:|1780950002
|switch|p1a: Dondozo|Dondozo, M|100/100 slp
|switch|p2a: Tornadus|Tornadus-Therian, M|64/100 psn
|-damage|p2a: Tornadus|40/100 psn|[from] Stealth Rock
|
|-damage|p2a: Tornadus|27/100 psn|[from] psn
|upkeep
|turn|171
|
|t:|1780950006
|move|p2a: Tornadus|U-turn|p1a: Dondozo
|-crit|p1a: Dondozo
|-damage|p1a: Dondozo|91/100 slp
|c| khxng|calm mind chansey?
|c| Pastaloverlmao|it aint even a lesser of two evils this is just sad
|
|t:|1780950015
|switch|p2a: Alomomola|Alomomola, F, tera:Ghost|66/100 tox|[from] U-turn
|-damage|p2a: Alomomola|54/100 tox|[from] Stealth Rock
|-curestatus|p1a: Dondozo|slp|[msg]
|move|p1a: Dondozo|Avalanche|p2a: Alomomola
|-damage|p2a: Alomomola|45/100 tox
|
|-heal|p1a: Dondozo|97/100|[from] item: Leftovers
|-damage|p2a: Alomomola|39/100 tox|[from] psn
|upkeep
|turn|172
|j| LUNASTARLIGJT111
|
|t:|1780950025
|switch|p1a: Mandibuzz|Mandibuzz, F|67/100
|move|p2a: Alomomola|Wish|p2a: Alomomola
|
|-damage|p2a: Alomomola|27/100 tox|[from] psn
|upkeep
|turn|173
|inactive|ghostninja77 has 120 seconds left.
|
|t:|1780950034
|switch|p2a: Weezing|Weezing-Galar, F|22/100 brn
|-ability|p2a: Weezing|Neutralizing Gas
|-damage|p2a: Weezing|10/100 brn|[from] Stealth Rock
|move|p1a: Mandibuzz|Knock Off|p2a: Weezing
|-resisted|p2a: Weezing
|-damage|p2a: Weezing|2/100 brn
|-enditem|p2a: Weezing|Leftovers|[from] move: Knock Off|[of] p1a: Mandibuzz
|
|-heal|p2a: Weezing|73/100 brn|[from] move: Wish|[wisher] Alomomola
|-damage|p2a: Weezing|67/100 brn|[from] brn
|upkeep
|turn|174
|inactive|ghostninja77 has 120 seconds left.
|
|t:|1780950044
|switch|p1a: Blissey|Blissey, F|100/100
|move|p2a: Weezing|Defog|p1a: Blissey
|-unboost|p1a: Blissey|evasion|1
|-sideend|p2: ghostninja77|Stealth Rock|[from] move: Defog|[of] p2a: Weezing
|
|-damage|p2a: Weezing|61/100 brn|[from] brn
|upkeep
|turn|175
|
|t:|1780950047
|move|p2a: Weezing|Toxic|p1a: Blissey
|-status|p1a: Blissey|tox
|move|p1a: Blissey|Stealth Rock|p2a: Weezing
|-sidestart|p2: ghostninja77|move: Stealth Rock
|
|-damage|p1a: Blissey|94/100 tox|[from] psn
|-damage|p2a: Weezing|55/100 brn|[from] brn
|upkeep
|turn|176
|
|t:|1780950054
|move|p2a: Weezing|Defog|p1a: Blissey
|-unboost|p1a: Blissey|evasion|1
|-sideend|p2: ghostninja77|Stealth Rock|[from] move: Defog|[of] p2a: Weezing
|move|p1a: Blissey|Seismic Toss|p2a: Weezing
|-damage|p2a: Weezing|25/100 brn
|
|-heal|p1a: Blissey|100/100 tox|[from] item: Leftovers
|-damage|p1a: Blissey|88/100 tox|[from] psn
|-damage|p2a: Weezing|19/100 brn|[from] brn
|upkeep
|turn|177
|c| Hisui4ever|COME ON THIS IS NOT WORTH IT
|
|t:|1780950064
|-end|p2a: Weezing|ability: Neutralizing Gas
|switch|p2a: Alomomola|Alomomola, F, tera:Ghost|60/100 tox
|move|p1a: Blissey|Stealth Rock|p2a: Alomomola
|-sidestart|p2: ghostninja77|move: Stealth Rock
|
|-heal|p1a: Blissey|94/100 tox|[from] item: Leftovers
|-damage|p1a: Blissey|75/100 tox|[from] psn
|-damage|p2a: Alomomola|54/100 tox|[from] psn
|upkeep
|turn|178
|j| alejandrobm
|c| Hisui4ever|WHERES THE TURN 50 CLAUSE
|
|t:|1780950076
|-curestatus|p1a: Blissey|tox|[from] ability: Natural Cure|[silent]
|switch|p1a: Mandibuzz|Mandibuzz, F|67/100
|move|p2a: Alomomola|Tickle|p1a: Mandibuzz
|-fail|p1a: Mandibuzz|unboost|Defense|[from] ability: Big Pecks|[of] p1a: Mandibuzz
|-unboost|p1a: Mandibuzz|atk|1
|
|-damage|p2a: Alomomola|42/100 tox|[from] psn
|upkeep
|turn|179
|c| Pastaloverlmao|hazards are literally the only thing keeping the game moving
|c| Pastaloverlmao|lol
|l| alejandrobm
|inactive|ghostninja77 has 120 seconds left.
|l| khxng
|j| khxng
|j| EMP169420
|c|☆ghostninja77|absolutely ininspired gameplay
|inactive|ghostninja77 has 90 seconds left.
|c|☆ghostninja77|tf is this bro
|j| noob1877 test
|c|☆ghostninja77|why is this aqn allowed archetype?
|c|☆pinkpriestess3|click
|c|☆pinkpriestess3|go
ghostninja77 is offering a tie.
pinkpriestess3 rejected the tie.
|l| khxng
|inactive|ghostninja77 has 60 seconds left.
|
|t:|1780950152
|switch|p2a: Tornadus|Tornadus-Therian, M|60/100 psn
|-damage|p2a: Tornadus|35/100 psn|[from] Stealth Rock
|move|p1a: Mandibuzz|Knock Off|p2a: Tornadus
|-damage|p2a: Tornadus|19/100 psn
|-enditem|p2a: Tornadus|Assault Vest|[from] move: Knock Off|[of] p1a: Mandibuzz
|
|-damage|p2a: Tornadus|7/100 psn|[from] psn
|upkeep
|turn|180
|
|t:|1780950159
|move|p2a: Tornadus|U-turn|p1a: Mandibuzz
|-damage|p1a: Mandibuzz|57/100
|
|t:|1780950162
|switch|p2a: Alomomola|Alomomola, F, tera:Ghost|75/100 tox|[from] U-turn
|-damage|p2a: Alomomola|63/100 tox|[from] Stealth Rock
|move|p1a: Mandibuzz|Knock Off|p2a: Alomomola
|-supereffective|p2a: Alomomola
|-damage|p2a: Alomomola|50/100 tox
|
|-damage|p2a: Alomomola|44/100 tox|[from] psn
|upkeep
|turn|181
|c| Pastaloverlmao|bro you cant talk switching torn-mola half the game
|c| Hisui4ever|Priestess, are you a demon sent to test us?
|inactive|ghostninja77 has 60 seconds left.
|l| gabagool merchant
|l| noob1877 test
|c|☆ghostninja77|pastalover there is nothing elsew i can do
|j| khxng
|c|☆ghostninja77|my breakers aren't strong enough to break through this
|j| noob1877 test
|c|☆ghostninja77|switching to regen is all i can do
|inactive|ghostninja77 has 30 seconds left.
|c| Hisui4ever|Just bring in treads and win!
|c|☆pinkpriestess3|stop talking
|c|☆pinkpriestess3|click
|c|☆pinkpriestess3|please
|c| Hisui4ever|It HAS to work
|
|t:|1780950212
|move|p1a: Mandibuzz|Roost|p1a: Mandibuzz
|-heal|p1a: Mandibuzz|100/100
|-singleturn|p1a: Mandibuzz|move: Roost
|move|p2a: Alomomola|Wish|p2a: Alomomola
|
|-damage|p2a: Alomomola|32/100 tox|[from] psn
|upkeep
|turn|182
|inactive|ghostninja77 has 30 seconds left this turn.
|
|t:|1780950216
|switch|p2a: Tornadus|Tornadus-Therian, M|40/100 psn
|-damage|p2a: Tornadus|15/100 psn|[from] Stealth Rock
|move|p1a: Mandibuzz|Knock Off|p2a: Tornadus
|-damage|p2a: Tornadus|4/100 psn
|
|-heal|p2a: Tornadus|70/100 psn|[from] move: Wish|[wisher] Alomomola
|-damage|p2a: Tornadus|57/100 psn|[from] psn
|upkeep
|turn|183
|inactive|ghostninja77 has 30 seconds left.
|
|t:|1780950226
|move|p2a: Tornadus|Bleakwind Storm|p1a: Mandibuzz|[miss]
|-miss|p2a: Tornadus|p1a: Mandibuzz
|move|p1a: Mandibuzz|Knock Off|p2a: Tornadus
|-damage|p2a: Tornadus|45/100 psn
|
|-damage|p2a: Tornadus|32/100 psn|[from] psn
|upkeep
|turn|184
|inactive|ghostninja77 has 30 seconds left this turn.
|c|☆pinkpriestess3|timer win would be boring
|
|t:|1780950231
|move|p2a: Tornadus|U-turn|p1a: Mandibuzz
|-damage|p1a: Mandibuzz|89/100
|inactive|ghostninja77 has 30 seconds left.
|
|t:|1780950238
|switch|p2a: Alomomola|Alomomola, F, tera:Ghost|65/100 tox|[from] U-turn
|-damage|p2a: Alomomola|52/100 tox|[from] Stealth Rock
|move|p1a: Mandibuzz|Knock Off|p2a: Alomomola
|-supereffective|p2a: Alomomola
|-damage|p2a: Alomomola|41/100 tox
|
|-damage|p2a: Alomomola|34/100 tox|[from] psn
|upkeep
|turn|185
|c| Hisui4ever|YOU'RE THE REASON WHY HES HERE
|
|t:|1780950243
|switch|p2a: Tornadus|Tornadus-Therian, M|66/100 psn
|-damage|p2a: Tornadus|41/100 psn|[from] Stealth Rock
|move|p1a: Mandibuzz|Knock Off|p2a: Tornadus
|-damage|p2a: Tornadus|29/100 psn
|
|-damage|p2a: Tornadus|16/100 psn|[from] psn
|upkeep
|turn|186
|
|t:|1780950245
|switch|p2a: Alomomola|Alomomola, F, tera:Ghost|68/100 tox
|-damage|p2a: Alomomola|55/100 tox|[from] Stealth Rock
|move|p1a: Mandibuzz|Knock Off|p2a: Alomomola
|-supereffective|p2a: Alomomola
|-damage|p2a: Alomomola|42/100 tox
|
|-damage|p2a: Alomomola|36/100 tox|[from] psn
|upkeep
|turn|187
|c| Pastaloverlmao|can the staller be outstalled we shall see
|
|t:|1780950251
|move|p1a: Mandibuzz|Knock Off|p2a: Alomomola
|-supereffective|p2a: Alomomola
|-damage|p2a: Alomomola|24/100 tox
|move|p2a: Alomomola|Wish|p2a: Alomomola
|
|-damage|p2a: Alomomola|12/100 tox|[from] psn
|upkeep
|turn|188
|l| HiYawn
|c| Hisui4ever|GHOSTNINJA
|inactive|ghostninja77 has 30 seconds left.
|c| Hisui4ever|look at me
|
|t:|1780950271
|switch|p2a: Tornadus|Tornadus-Therian, M|50/100 psn
|-damage|p2a: Tornadus|25/100 psn|[from] Stealth Rock
|move|p1a: Mandibuzz|Knock Off|p2a: Tornadus
|-damage|p2a: Tornadus|12/100 psn
|
|-heal|p2a: Tornadus|78/100 psn|[from] move: Wish|[wisher] Alomomola
|-damage|p2a: Tornadus|65/100 psn|[from] psn
|upkeep
|turn|189
|c| Hisui4ever|bring
|c| Hisui4ever|in
|inactive|ghostninja77 has 30 seconds left.
|c| Hisui4ever|treads
|
|t:|1780950283
|move|p2a: Tornadus|Bleakwind Storm|p1a: Mandibuzz
|-damage|p1a: Mandibuzz|64/100
|move|p1a: Mandibuzz|Knock Off|p2a: Tornadus
|-damage|p2a: Tornadus|53/100 psn
|
|-damage|p2a: Tornadus|41/100 psn|[from] psn
|upkeep
|turn|190
|inactive|ghostninja77 has 30 seconds left this turn.
|
|t:|1780950288
|move|p2a: Tornadus|U-turn|p1a: Mandibuzz
|-damage|p1a: Mandibuzz|53/100
|inactive|ghostninja77 has 30 seconds left.
|c| Pastaloverlmao|this is the most battle of all time
|c| Hisui4ever|you're not gonna make any headway othertimes
|
|t:|1780950299
|switch|p2a: Iron Treads|Iron Treads|4/100 brn|[from] U-turn
|-damage|p2a: Iron Treads|1/100 brn|[from] Stealth Rock
|move|p1a: Mandibuzz|Roost|p1a: Mandibuzz
|-heal|p1a: Mandibuzz|100/100
|-singleturn|p1a: Mandibuzz|move: Roost
|
|-heal|p2a: Iron Treads|7/100 brn|[from] item: Leftovers
|-damage|p2a: Iron Treads|1/100 brn|[from] brn
|upkeep
|turn|191
|inactive|ghostninja77 has 30 seconds left this turn.
|
|t:|1780950308
|move|p2a: Iron Treads|Rapid Spin|p1a: Mandibuzz
|-damage|p1a: Mandibuzz|95/100
|-boost|p2a: Iron Treads|spe|1
|-sideend|p2: ghostninja77|Stealth Rock|[from] move: Rapid Spin|[of] p2a: Iron Treads
|move|p1a: Mandibuzz|Knock Off|p2a: Iron Treads
|-damage|p2a: Iron Treads|0 fnt
|-enditem|p2a: Iron Treads|Leftovers|[from] move: Knock Off|[of] p1a: Mandibuzz
|faint|p2a: Iron Treads
|-end|p2a: Iron Treads|Quark Drive|[silent]
|
|upkeep
|inactive|ghostninja77 has 30 seconds left this turn.
|
|t:|1780950315
|switch|p2a: Lokix|Lokix, M|100/100
|turn|192
|inactive|ghostninja77 has 30 seconds left this turn.
|
|t:|1780950320
|switch|p1a: Talonflame|Talonflame, F|77/100
|move|p2a: Lokix|U-turn|p1a: Talonflame
|-resisted|p1a: Talonflame
|-damage|p1a: Talonflame|57/100
|
|t:|1780950324
|switch|p2a: Zamazenta|Zamazenta|82/100|[from] U-turn
|
|upkeep
|turn|193
|c| Pastaloverlmao|hisui I dont think ninja can answer you anymore bro is locked in
|c|☆pinkpriestess3|6 uturns no flame body btw
|
|t:|1780950334
|switch|p2a: Lokix|Lokix, M|100/100
|switch|p1a: Toxapex|Toxapex, F|100/100
|
|upkeep
|turn|194
|c| Pastaloverlmao|cause of timer
|
|t:|1780950343
|move|p2a: Lokix|Leech Life|p1a: Toxapex
|-resisted|p1a: Toxapex
|-crit|p1a: Toxapex
|-damage|p1a: Toxapex|41/100
|move|p1a: Toxapex|Sludge Bomb|p2a: Lokix
|-damage|p2a: Lokix|61/100
|
|upkeep
|turn|195
|
|t:|1780950349
|switch|p1a: Talonflame|Talonflame, F|57/100
|move|p2a: Lokix|Leech Life|p1a: Talonflame
|-resisted|p1a: Talonflame
|-damage|p1a: Talonflame|32/100
|-heal|p2a: Lokix|77/100|[from] drain|[of] p1a: Talonflame
|
|upkeep
|turn|196
|c|☆pinkpriestess3|7
|c| Hisui4ever|okay, ONE of them has to win soon
|inactive|ghostninja77 has 30 seconds left.
|
|t:|1780950365
|switch|p2a: Tornadus|Tornadus-Therian, M|74/100 psn
|move|p1a: Talonflame|Roost|p1a: Talonflame
|-heal|p1a: Talonflame|82/100
|-singleturn|p1a: Talonflame|move: Roost
|
|-damage|p2a: Tornadus|62/100 psn|[from] psn
|upkeep
|turn|197
|inactive|ghostninja77 has 30 seconds left this turn.
|l| noob1877 test
|
|t:|1780950375
|switch|p1a: Blissey|Blissey, F|75/100
|move|p2a: Tornadus|Knock Off|p1a: Blissey
|-damage|p1a: Blissey|56/100
|-enditem|p1a: Blissey|Leftovers|[from] move: Knock Off|[of] p2a: Tornadus
|
|-damage|p2a: Tornadus|49/100 psn|[from] psn
|upkeep
|turn|198
|inactive|ghostninja77 has 30 seconds left this turn.
|
|t:|1780950379
|move|p2a: Tornadus|U-turn|p1a: Blissey
|-damage|p1a: Blissey|40/100
|c| Hisui4ever|idgaf anymore who does, just SOMEONE WIN
|inactive|ghostninja77 has 30 seconds left.
|
|t:|1780950386
|switch|p2a: Lokix|Lokix, M|77/100|[from] U-turn
|move|p1a: Blissey|Stealth Rock|p2a: Lokix
|-sidestart|p2: ghostninja77|move: Stealth Rock
|
|upkeep
|turn|199
|
|t:|1780950392
|switch|p1a: Toxapex|Toxapex, F|74/100
|move|p2a: Lokix|Leech Life|p1a: Toxapex
|-resisted|p1a: Toxapex
|-damage|p1a: Toxapex|28/100
|-heal|p2a: Lokix|100/100|[from] drain|[of] p1a: Toxapex
|
|upkeep
|turn|200
|c| Pastaloverlmao|I hate this but im also too invested to see this through
|
|t:|1780950397
|switch|p1a: Talonflame|Talonflame, F|82/100
|move|p2a: Lokix|Leech Life|p1a: Talonflame
|-resisted|p1a: Talonflame
|-damage|p1a: Talonflame|56/100
|
|upkeep
|turn|201
|c|☆pinkpriestess3|8
|c|☆pinkpriestess3|no body
|inactive|ghostninja77 has 30 seconds left.
|c|☆pinkpriestess3|lol
|
|t:|1780950407
|switch|p2a: Tornadus|Tornadus-Therian, M|82/100 psn
|-damage|p2a: Tornadus|58/100 psn|[from] Stealth Rock
|move|p1a: Talonflame|Roost|p1a: Talonflame
|-heal|p1a: Talonflame|100/100
|-singleturn|p1a: Talonflame|move: Roost
|
|-damage|p2a: Tornadus|45/100 psn|[from] psn
|upkeep
|turn|202
|c| Pastaloverlmao|it feels like a game of leagur
|inactive|ghostninja77 has 30 seconds left.
|
|t:|1780950414
|switch|p1a: Toxapex|Toxapex, F|62/100
|move|p2a: Tornadus|U-turn|p1a: Toxapex
|-resisted|p1a: Toxapex
|-damage|p1a: Toxapex|56/100
|inactive|ghostninja77 has 30 seconds left.
|
|t:|1780950428
|switch|p2a: Lokix|Lokix, M|100/100|[from] U-turn
|-damage|p2a: Lokix|76/100|[from] Stealth Rock
|
|upkeep
|turn|203
|inactive|ghostninja77 has 30 seconds left this turn.
|inactive|ghostninja77 has 20 seconds left.
|
|t:|1780950440
|move|p2a: Lokix|Knock Off|p1a: Toxapex
|-damage|p1a: Toxapex|21/100
|move|p1a: Toxapex|Recover|p1a: Toxapex
|-heal|p1a: Toxapex|71/100
|
|upkeep
|turn|204
|inactive|ghostninja77 has 20 seconds left this turn.
|inactive|ghostninja77 has 15 seconds left.
|inactive|ghostninja77 has 10 seconds left.
|
|t:|1780950453
|switch|p2a: Tornadus|Tornadus-Therian, M|78/100 psn
|-damage|p2a: Tornadus|53/100 psn|[from] Stealth Rock
|move|p1a: Toxapex|Toxic Spikes|p2a: Tornadus
|-sidestart|p2: ghostninja77|move: Toxic Spikes
|
|-damage|p2a: Tornadus|41/100 psn|[from] psn
|upkeep
|turn|205
|inactive|ghostninja77 has 15 seconds left this turn.
|l| EMP169420
|
|t:|1780950460
|move|p2a: Tornadus|U-turn|p1a: Toxapex
|-resisted|p1a: Toxapex
|-damage|p1a: Toxapex|66/100
|inactive|ghostninja77 has 20 seconds left this turn.
|
|t:|1780950463
|switch|p2a: Weezing|Weezing-Galar, F|19/100 brn|[from] U-turn
|-ability|p2a: Weezing|Neutralizing Gas
|-damage|p2a: Weezing|7/100 brn|[from] Stealth Rock
|-sideend|p2: ghostninja77|move: Toxic Spikes|[of] p2a: Weezing
|move|p1a: Toxapex|Toxic Spikes|p2a: Weezing
|-sidestart|p2: ghostninja77|move: Toxic Spikes
|
|-damage|p2a: Weezing|0 fnt|[from] brn
|faint|p2a: Weezing
|-end|p2a: Weezing|ability: Neutralizing Gas
|upkeep
|inactive|ghostninja77 has 25 seconds left this turn.
|c|☆pinkpriestess3|gg
|inactive|ghostninja77 has 20 seconds left.
|inactive|ghostninja77 has 15 seconds left.
|
|t:|1780950475
|switch|p2a: Lokix|Lokix, M|76/100
|-damage|p2a: Lokix|51/100|[from] Stealth Rock
|-status|p2a: Lokix|psn
|turn|206
|inactive|ghostninja77 has 15 seconds left this turn.
|
|t:|1780950478
|move|p2a: Lokix|Leech Life|p1a: Toxapex
|-resisted|p1a: Toxapex
|-damage|p1a: Toxapex|26/100
|-heal|p2a: Lokix|72/100 psn|[from] drain|[of] p1a: Toxapex
|move|p1a: Toxapex|Recover|p1a: Toxapex
|-heal|p1a: Toxapex|76/100
|
|-damage|p2a: Lokix|60/100 psn|[from] psn
|upkeep
|turn|207
|inactive|ghostninja77 has 20 seconds left this turn.
|inactive|ghostninja77 has 15 seconds left.
|c|☆ghostninja77|enjoy your win
|inactive|ghostninja77 has 10 seconds left.
|c|☆ghostninja77|fruitcake
|c|☆pinkpriestess3|hax and still lost gg ez
|-message|ghostninja77 forfeited.
|
|win|pinkpriestess3
|raw|pinkpriestess3's rating: 1539 &rarr; <strong>1562</strong><br />(+23 for winning)
|raw|ghostninja77's rating: 1591 &rarr; <strong>1568</strong><br />(-23 for losing)
|l|☆ghostninja77
|player|p2|
|c| Pastaloverlmao|rip ninja idk what kinda sin you committed but no one deserves this
|c|☆pinkpriestess3|LOL
|j|☆ghostninja77
|player|p2|ghostninja77|red|
|c| Hisui4ever|Rip ninja
|c|☆pinkpriestess3|freelo
|l| Hisui4ever
|l|☆pinkpriestess3
|player|p1|
|c|☆ghostninja77|you suck
|l| Pastaloverlmao
|l|☆ghostninja77
|player|p2|
|j|☆ghostninja77
|player|p2|ghostninja77|red|
|l|☆ghostninja77
|player|p2|
