|j|☆CMHERSOM
|j|☆Mysterious Soop
|t:|1781187837
|gametype|singles
|player|p1|CMHERSOM|hiker-gen4|1627
|player|p2|Mysterious Soop|1|1667
|gen|9
|tier|[Gen 9] OU
|rated|
|rule|HP Percentage Mod: HP is shown in percentages
|rule|Endless Battle Clause: Forcing endless battles is banned
|rule|Species Clause: Limit one of each Pokémon
|rule|OHKO Clause: OHKO moves are banned
|rule|Evasion Items Clause: Evasion items are banned
|rule|Evasion Moves Clause: Evasion moves are banned
|rule|Evasion Abilities Clause: Evasion abilities are banned
|rule|Sleep Moves Clause: Sleep-inducing moves are banned
|clearpoke
|poke|p1|Regidrago|
|poke|p1|Kyurem|
|poke|p1|Grimmsnarl, M|
|poke|p1|Dragonite, F|
|poke|p1|Great Tusk|
|poke|p1|Pecharunt|
|poke|p2|Excadrill, F|
|poke|p2|Tyranitar, M|
|poke|p2|Hydrapple, F|
|poke|p2|Gholdengo|
|poke|p2|Alomomola, F|
|poke|p2|Hatterene, F|
|teampreview
|
|t:|1781187868
|teamsize|p1|6
|teamsize|p2|6
|start
|switch|p1a: Great Tusk|Great Tusk|100/100
|switch|p2a: Tyranitar|Tyranitar, M|100/100
|-weather|Sandstorm|[from] ability: Sand Stream|[of] p2a: Tyranitar
|-enditem|p1a: Great Tusk|Booster Energy
|-activate|p1a: Great Tusk|ability: Protosynthesis|[fromitem]
|-start|p1a: Great Tusk|protosynthesisspe
|turn|1
|j| nesnot
|
|t:|1781187906
|switch|p2a: Alomomola|Alomomola, F|100/100
|move|p1a: Great Tusk|Headlong Rush|p2a: Alomomola
|-damage|p2a: Alomomola|72/100
|-unboost|p1a: Great Tusk|def|1
|-unboost|p1a: Great Tusk|spd|1
|-damage|p1a: Great Tusk|84/100|[from] item: Rocky Helmet|[of] p2a: Alomomola
|
|-weather|Sandstorm|[upkeep]
|-damage|p2a: Alomomola|66/100|[from] Sandstorm
|upkeep
|turn|2
|
|t:|1781187913
|move|p1a: Great Tusk|Stealth Rock|p2a: Alomomola
|-sidestart|p2: Mysterious Soop|move: Stealth Rock
|move|p2a: Alomomola|Flip Turn|p1a: Great Tusk
|-supereffective|p1a: Great Tusk
|-damage|p1a: Great Tusk|54/100
|l| nesnot
|
|t:|1781187935
|switch|p2a: Excadrill|Excadrill, F|100/100|[from] Flip Turn
|-damage|p2a: Excadrill|97/100|[from] Stealth Rock
|
|-weather|Sandstorm|[upkeep]
|-heal|p2a: Excadrill|100/100|[from] item: Leftovers
|upkeep
|turn|3
|
|t:|1781187941
|switch|p2a: Alomomola|Alomomola, F|99/100
|-damage|p2a: Alomomola|87/100|[from] Stealth Rock
|move|p1a: Great Tusk|Headlong Rush|p2a: Alomomola
|-damage|p2a: Alomomola|59/100
|-unboost|p1a: Great Tusk|def|1
|-unboost|p1a: Great Tusk|spd|1
|-damage|p1a: Great Tusk|38/100|[from] item: Rocky Helmet|[of] p2a: Alomomola
|
|-weather|Sandstorm|[upkeep]
|-damage|p2a: Alomomola|53/100|[from] Sandstorm
|upkeep
|turn|4
|
|t:|1781187951
|-end|p1a: Great Tusk|Protosynthesis|[silent]
|switch|p1a: Pecharunt|Pecharunt|100/100
|move|p2a: Alomomola|Flip Turn|p1a: Pecharunt
|-damage|p1a: Pecharunt|90/100
|
|t:|1781187972
|switch|p2a: Gholdengo|Gholdengo|100/100|[from] Flip Turn
|-damage|p2a: Gholdengo|94/100|[from] Stealth Rock
|
|-weather|Sandstorm|[upkeep]
|-damage|p1a: Pecharunt|84/100|[from] Sandstorm
|-heal|p1a: Pecharunt|90/100|[from] item: Leftovers
|upkeep
|turn|5
|
|t:|1781187989
|move|p2a: Gholdengo|Shadow Ball|p1a: Pecharunt
|-supereffective|p1a: Pecharunt
|-damage|p1a: Pecharunt|1/100
|move|p1a: Pecharunt|Shadow Ball|p2a: Gholdengo
|-supereffective|p2a: Gholdengo
|-damage|p2a: Gholdengo|33/100
|-unboost|p2a: Gholdengo|spd|1
|
|-weather|none
|-heal|p1a: Pecharunt|7/100|[from] item: Leftovers
|upkeep
|turn|6
|
|t:|1781188009
|switch|p2a: Excadrill|Excadrill, F|100/100
|-damage|p2a: Excadrill|97/100|[from] Stealth Rock
|switch|p1a: Grimmsnarl|Grimmsnarl, M|100/100
|
|-heal|p2a: Excadrill|100/100|[from] item: Leftovers
|upkeep
|turn|7
|j| nesnot
|l| nesnot
|
|t:|1781188020
|move|p1a: Grimmsnarl|Reflect|p1a: Grimmsnarl
|-sidestart|p1: CMHERSOM|Reflect
|move|p2a: Excadrill|Swords Dance|p2a: Excadrill
|-boost|p2a: Excadrill|atk|2
|
|upkeep
|turn|8
|
|t:|1781188027
|move|p1a: Grimmsnarl|Parting Shot|p2a: Excadrill
|-unboost|p2a: Excadrill|atk|1
|-unboost|p2a: Excadrill|spa|1
|
|t:|1781188035
|switch|p1a: Pecharunt|Pecharunt|7/100|[from] Parting Shot
|move|p2a: Excadrill|Rapid Spin|p1a: Pecharunt
|-immune|p1a: Pecharunt
|
|-heal|p1a: Pecharunt|13/100|[from] item: Leftovers
|upkeep
|turn|9
|
|t:|1781188040
|move|p1a: Pecharunt|Shadow Ball|p2a: Excadrill
|-crit|p2a: Excadrill
|-damage|p2a: Excadrill|52/100
|move|p2a: Excadrill|Iron Head|p1a: Pecharunt
|-damage|p1a: Pecharunt|0 fnt
|faint|p1a: Pecharunt
|
|-heal|p2a: Excadrill|58/100|[from] item: Leftovers
|upkeep
|
|t:|1781188055
|switch|p1a: Great Tusk|Great Tusk|38/100
|turn|10
|j| silver jay#2240
|
|t:|1781188066
|switch|p2a: Hydrapple|Hydrapple, F|100/100
|-damage|p2a: Hydrapple|88/100|[from] Stealth Rock
|move|p1a: Great Tusk|Headlong Rush|p2a: Hydrapple
|-resisted|p2a: Hydrapple
|-damage|p2a: Hydrapple|67/100
|-unboost|p1a: Great Tusk|def|1
|-unboost|p1a: Great Tusk|spd|1
|
|upkeep
|turn|11
|l| silver jay#2240
|
|t:|1781188072
|switch|p2a: Alomomola|Alomomola, F|87/100
|-damage|p2a: Alomomola|74/100|[from] Stealth Rock
|move|p1a: Great Tusk|Ice Spinner|p2a: Alomomola
|-resisted|p2a: Alomomola
|-damage|p2a: Alomomola|69/100
|-damage|p1a: Great Tusk|21/100|[from] item: Rocky Helmet|[of] p2a: Alomomola
|
|upkeep
|turn|12
|
|t:|1781188094
|-end|p1a: Great Tusk|Protosynthesis|[silent]
|switch|p1a: Grimmsnarl|Grimmsnarl, M|100/100
|move|p2a: Alomomola|Flip Turn|p1a: Grimmsnarl
|-damage|p1a: Grimmsnarl|91/100
|
|t:|1781188100
|switch|p2a: Excadrill|Excadrill, F|58/100|[from] Flip Turn
|-damage|p2a: Excadrill|55/100|[from] Stealth Rock
|
|-heal|p2a: Excadrill|61/100|[from] item: Leftovers
|upkeep
|turn|13
|
|t:|1781188110
|move|p1a: Grimmsnarl|Parting Shot|p2a: Excadrill
|-unboost|p2a: Excadrill|atk|1
|-unboost|p2a: Excadrill|spa|1
|
|t:|1781188113
|switch|p1a: Great Tusk|Great Tusk|21/100|[from] Parting Shot
|move|p2a: Excadrill|Rapid Spin|p1a: Great Tusk
|-damage|p1a: Great Tusk|17/100
|-boost|p2a: Excadrill|spe|1
|-sideend|p2: Mysterious Soop|Stealth Rock|[from] move: Rapid Spin|[of] p2a: Excadrill
|
|-heal|p2a: Excadrill|68/100|[from] item: Leftovers
|upkeep
|turn|14
|
|t:|1781188119
|switch|p2a: Hatterene|Hatterene, F|100/100
|move|p1a: Great Tusk|Stealth Rock|p2a: Hatterene
|move|p2a: Hatterene|Stealth Rock|p1a: Great Tusk|[from] ability: Magic Bounce
|-sidestart|p1: CMHERSOM|move: Stealth Rock
|
|-sideend|p1: CMHERSOM|Reflect
|upkeep
|turn|15
|
|t:|1781188125
|move|p1a: Great Tusk|Rapid Spin|p2a: Hatterene
|-damage|p2a: Hatterene|85/100
|-boost|p1a: Great Tusk|spe|1
|-sideend|p1: CMHERSOM|Stealth Rock|[from] move: Rapid Spin|[of] p1a: Great Tusk
|move|p2a: Hatterene|Draining Kiss|p1a: Great Tusk
|-supereffective|p1a: Great Tusk
|-damage|p1a: Great Tusk|0 fnt
|-heal|p2a: Hatterene|100/100|[from] drain|[of] p1a: Great Tusk
|faint|p1a: Great Tusk
|-end|p1a: Great Tusk|Protosynthesis|[silent]
|
|upkeep
|
|t:|1781188129
|switch|p1a: Grimmsnarl|Grimmsnarl, M|91/100
|turn|16
|
|t:|1781188134
|move|p1a: Grimmsnarl|Spirit Break|p2a: Hatterene
|-damage|p2a: Hatterene|68/100
|-unboost|p2a: Hatterene|spa|1
|move|p2a: Hatterene|Nuzzle|p1a: Grimmsnarl
|-damage|p1a: Grimmsnarl|86/100
|-status|p1a: Grimmsnarl|par
|
|upkeep
|turn|17
|
|t:|1781188139
|switch|p2a: Excadrill|Excadrill, F|68/100
|move|p1a: Grimmsnarl|Light Screen|p1a: Grimmsnarl
|-sidestart|p1: CMHERSOM|move: Light Screen
|
|-heal|p2a: Excadrill|74/100|[from] item: Leftovers
|upkeep
|turn|18
|
|t:|1781188148
|move|p1a: Grimmsnarl|Parting Shot|p2a: Excadrill
|-unboost|p2a: Excadrill|atk|1
|-unboost|p2a: Excadrill|spa|1
|
|t:|1781188152
|switch|p1a: Regidrago|Regidrago|100/100|[from] Parting Shot
|move|p2a: Excadrill|Swords Dance|p2a: Excadrill
|-boost|p2a: Excadrill|atk|2
|
|-heal|p2a: Excadrill|80/100|[from] item: Leftovers
|upkeep
|turn|19
|
|t:|1781188159
|switch|p2a: Hatterene|Hatterene, F|68/100
|move|p1a: Regidrago|Dragon Dance|p1a: Regidrago
|-boost|p1a: Regidrago|atk|1
|-boost|p1a: Regidrago|spe|1
|
|upkeep
|turn|20
|
|t:|1781188174
|move|p1a: Regidrago|Fire Fang|p2a: Hatterene
|-damage|p2a: Hatterene|22/100
|-damage|p1a: Regidrago|91/100|[from] item: Life Orb
|move|p2a: Hatterene|Draining Kiss|p1a: Regidrago
|-supereffective|p1a: Regidrago
|-damage|p1a: Regidrago|64/100
|-heal|p2a: Hatterene|56/100|[from] drain|[of] p1a: Regidrago
|
|upkeep
|turn|21
|
|t:|1781188188
|move|p1a: Regidrago|Fire Fang|p2a: Hatterene
|-damage|p2a: Hatterene|9/100
|-damage|p1a: Regidrago|54/100|[from] item: Life Orb
|move|p2a: Hatterene|Draining Kiss|p1a: Regidrago
|-supereffective|p1a: Regidrago
|-damage|p1a: Regidrago|29/100
|-heal|p2a: Hatterene|41/100|[from] drain|[of] p1a: Regidrago
|
|upkeep
|turn|22
|
|t:|1781188198
|switch|p2a: Alomomola|Alomomola, F|100/100
|move|p1a: Regidrago|Fire Fang|p2a: Alomomola
|-resisted|p2a: Alomomola
|-damage|p2a: Alomomola|91/100
|-damage|p1a: Regidrago|13/100|[from] item: Rocky Helmet|[of] p2a: Alomomola
|-damage|p1a: Regidrago|3/100|[from] item: Life Orb
|
|upkeep
|turn|23
|
|t:|1781188208
|switch|p2a: Hatterene|Hatterene, F|41/100
|move|p1a: Regidrago|Outrage|p2a: Hatterene
|-immune|p2a: Hatterene
|
|upkeep
|turn|24
|
|t:|1781188213
|switch|p2a: Alomomola|Alomomola, F|100/100
|move|p1a: Regidrago|Explosion|p2a: Alomomola
|-damage|p2a: Alomomola|24/100
|faint|p1a: Regidrago
|
|-sideend|p1: CMHERSOM|move: Light Screen
|upkeep
|
|t:|1781188222
|switch|p1a: Kyurem|Kyurem|100/100
|-ability|p1a: Kyurem|Pressure
|turn|25
|
|t:|1781188231
|move|p1a: Kyurem|Dragon Dance|p1a: Kyurem
|-boost|p1a: Kyurem|atk|1
|-boost|p1a: Kyurem|spe|1
|move|p2a: Alomomola|Flip Turn|p1a: Kyurem
|-resisted|p1a: Kyurem
|-crit|p1a: Kyurem
|-damage|p1a: Kyurem|89/100
|
|t:|1781188248
|switch|p2a: Tyranitar|Tyranitar, M|100/100|[from] Flip Turn
|-weather|Sandstorm|[from] ability: Sand Stream|[of] p2a: Tyranitar
|
|-weather|Sandstorm|[upkeep]
|-damage|p1a: Kyurem|83/100|[from] Sandstorm
|upkeep
|turn|26
|
|t:|1781188253
|-terastallize|p1a: Kyurem|Dragon
|move|p1a: Kyurem|Scale Shot|p2a: Tyranitar
|-damage|p2a: Tyranitar|77/100
|-damage|p2a: Tyranitar|53/100
|-damage|p2a: Tyranitar|33/100
|-damage|p2a: Tyranitar|11/100
|-damage|p2a: Tyranitar|0 fnt
|faint|p2a: Tyranitar
|-hitcount|p2: Tyranitar|5
|-unboost|p1a: Kyurem|def|1
|-boost|p1a: Kyurem|spe|1
|
|-weather|Sandstorm|[upkeep]
|-damage|p1a: Kyurem|77/100|[from] Sandstorm
|upkeep
|
|t:|1781188292
|switch|p2a: Hydrapple|Hydrapple, F|100/100
|turn|27
|
|t:|1781188308
|-terastallize|p2a: Hydrapple|Steel
|move|p1a: Kyurem|Scale Shot|p2a: Hydrapple
|-resisted|p2a: Hydrapple
|-damage|p2a: Hydrapple|90/100
|-resisted|p2a: Hydrapple
|-damage|p2a: Hydrapple|78/100
|-resisted|p2a: Hydrapple
|-damage|p2a: Hydrapple|68/100
|-resisted|p2a: Hydrapple
|-damage|p2a: Hydrapple|57/100
|-hitcount|p2a: Hydrapple|4
|-unboost|p1a: Kyurem|def|1
|-boost|p1a: Kyurem|spe|1
|move|p2a: Hydrapple|Fickle Beam|p1a: Kyurem
|-supereffective|p1a: Kyurem
|-damage|p1a: Kyurem|0 fnt
|faint|p1a: Kyurem
|
|-weather|Sandstorm|[upkeep]
|upkeep
|
|t:|1781188313
|switch|p1a: Grimmsnarl|Grimmsnarl, M|86/100 par
|turn|28
|
|t:|1781188322
|switch|p2a: Alomomola|Alomomola, F|58/100
|cant|p1a: Grimmsnarl|par
|
|-weather|Sandstorm|[upkeep]
|-damage|p2a: Alomomola|51/100|[from] Sandstorm
|-damage|p1a: Grimmsnarl|80/100 par|[from] Sandstorm
|upkeep
|turn|29
|
|t:|1781188331
|move|p1a: Grimmsnarl|Light Screen|p1a: Grimmsnarl
|-sidestart|p1: CMHERSOM|move: Light Screen
|move|p2a: Alomomola|Wish|p2a: Alomomola
|
|-weather|none
|upkeep
|turn|30
|
|t:|1781188380
|cant|p1a: Grimmsnarl|par
|move|p2a: Alomomola|Scald|p1a: Grimmsnarl
|-damage|p1a: Grimmsnarl|75/100 par
|
|-heal|p2a: Alomomola|100/100|[from] move: Wish|[wisher] Alomomola
|upkeep
|turn|31
|
|t:|1781188386
|move|p1a: Grimmsnarl|Reflect|p1a: Grimmsnarl
|-sidestart|p1: CMHERSOM|Reflect
|move|p2a: Alomomola|Scald|p1a: Grimmsnarl
|-damage|p1a: Grimmsnarl|70/100 par
|
|upkeep
|turn|32
|
|t:|1781188391
|cant|p1a: Grimmsnarl|par
|move|p2a: Alomomola|Scald|p1a: Grimmsnarl
|-damage|p1a: Grimmsnarl|65/100 par
|
|upkeep
|turn|33
|
|t:|1781188394
|cant|p1a: Grimmsnarl|par
|move|p2a: Alomomola|Scald|p1a: Grimmsnarl
|-damage|p1a: Grimmsnarl|59/100 par
|
|upkeep
|turn|34
|
|t:|1781188396
|cant|p1a: Grimmsnarl|par
|move|p2a: Alomomola|Scald|p1a: Grimmsnarl
|-damage|p1a: Grimmsnarl|54/100 par
|
|upkeep
|turn|35
|-message|CMHERSOM forfeited.
|
|win|Mysterious Soop
|raw|CMHERSOM's rating: 1627 &rarr; <strong>1609</strong><br />(-18 for losing)
|raw|Mysterious Soop's rating: 1667 &rarr; <strong>1685</strong><br />(+18 for winning)
|l|☆CMHERSOM
|player|p1|
|c|☆Mysterious Soop|lol
|c|☆Mysterious Soop|ggs
