|j|‽alakazam darnold
|j|☆LOUSINETCOKI
|t:|1781187555
|gametype|singles
|player|p1|alakazam darnold|li|1528
|player|p2|LOUSINETCOKI|2|1566
|gen|9
|tier|[Gen 9] OU
|rated|
|rule|HP Percentage Mod: HP is shown in percentages
|rule|Endless Battle Clause: Forcing endless battles is banned
|rule|Species Clause: Limit one of each Pokémon
|rule|OHKO Clause: OHKO moves are banned
|rule|Evasion Items Clause: Evasion items are banned
|rule|Evasion Moves Clause: Evasion moves are banned
|rule|Evasion Abilities Clause: Evasion abilities are banned
|rule|Sleep Moves Clause: Sleep-inducing moves are banned
|clearpoke
|poke|p1|Meowscarada, M|
|poke|p1|Froslass, F|
|poke|p1|Great Tusk|
|poke|p1|Weezing-Galar, M|
|poke|p1|Dragonite, F|
|poke|p1|Empoleon, F|
|poke|p2|Torkoal, M|
|poke|p2|Hatterene, F|
|poke|p2|Walking Wake|
|poke|p2|Great Tusk|
|poke|p2|Ceruledge, M|
|poke|p2|Raging Bolt|
|teampreview
|inactive|Battle timer is ON: inactive players will automatically lose when time's up. (requested by LOUSINETCOKI)
|
|t:|1781187596
|teamsize|p1|6
|teamsize|p2|6
|start
|switch|p1a: Froslass|Froslass, F|100/100
|switch|p2a: Torkoal|Torkoal, M|100/100
|-weather|SunnyDay|[from] ability: Drought|[of] p2a: Torkoal
|turn|1
|
|t:|1781187602
|switch|p2a: Hatterene|Hatterene, F|100/100
|move|p1a: Froslass|Thunder Wave|p2a: Hatterene
|move|p2a: Hatterene|Thunder Wave|p1a: Froslass|[from] ability: Magic Bounce
|-status|p1a: Froslass|par
|
|-weather|SunnyDay|[upkeep]
|upkeep
|turn|2
|
|t:|1781187614
|move|p1a: Froslass|Poltergeist|p2a: Hatterene
|-activate|p2a: Hatterene|move: Poltergeist|Eject Button
|-supereffective|p2a: Hatterene
|-damage|p2a: Hatterene|10/100
|-enditem|p2a: Hatterene|Eject Button
|
|t:|1781187625
|switch|p2a: Raging Bolt|Raging Bolt|100/100
|-activate|p2a: Raging Bolt|ability: Protosynthesis
|-start|p2a: Raging Bolt|protosynthesisspa
|
|-weather|SunnyDay|[upkeep]
|upkeep
|turn|3
|
|t:|1781187630
|move|p2a: Raging Bolt|Weather Ball|p1a: Froslass
|-supereffective|p1a: Froslass
|-enditem|p1a: Froslass|Focus Sash
|-damage|p1a: Froslass|1/100 par
|-start|p2a: Raging Bolt|Disable|Weather Ball|[from] ability: Cursed Body|[of] p1a: Froslass
|move|p1a: Froslass|Destiny Bond|p1a: Froslass
|-singlemove|p1a: Froslass|Destiny Bond
|
|-weather|SunnyDay|[upkeep]
|upkeep
|turn|4
|
|t:|1781187645
|-end|p2a: Raging Bolt|Protosynthesis|[silent]
|switch|p2a: Hatterene|Hatterene, F|10/100
|cant|p1a: Froslass|par
|
|-weather|SunnyDay|[upkeep]
|upkeep
|turn|5
|
|t:|1781187651
|move|p1a: Froslass|Poltergeist||[still]
|-fail|p1a: Froslass
|move|p2a: Hatterene|Nuzzle|p1a: Froslass
|-damage|p1a: Froslass|0 fnt
|faint|p1a: Froslass
|
|-weather|SunnyDay|[upkeep]
|upkeep
|
|t:|1781187667
|switch|p1a: Great Tusk|Great Tusk|100/100
|-activate|p1a: Great Tusk|ability: Protosynthesis
|-start|p1a: Great Tusk|protosynthesisatk
|turn|6
|
|t:|1781187675
|switch|p2a: Great Tusk|Great Tusk|100/100
|-activate|p2a: Great Tusk|ability: Protosynthesis
|-start|p2a: Great Tusk|protosynthesisatk
|move|p1a: Great Tusk|Headlong Rush|p2a: Great Tusk
|-damage|p2a: Great Tusk|38/100
|-unboost|p1a: Great Tusk|def|1
|-unboost|p1a: Great Tusk|spd|1
|-damage|p1a: Great Tusk|84/100|[from] item: Rocky Helmet|[of] p2a: Great Tusk
|
|-weather|SunnyDay|[upkeep]
|upkeep
|turn|7
|
|t:|1781187687
|move|p1a: Great Tusk|Headlong Rush|p2a: Great Tusk
|-damage|p2a: Great Tusk|0 fnt
|-unboost|p1a: Great Tusk|def|1
|-unboost|p1a: Great Tusk|spd|1
|-damage|p1a: Great Tusk|68/100|[from] item: Rocky Helmet|[of] p2a: Great Tusk
|faint|p2a: Great Tusk
|-end|p2a: Great Tusk|Protosynthesis|[silent]
|
|-weather|SunnyDay|[upkeep]
|upkeep
|
|t:|1781187695
|switch|p2a: Walking Wake|Walking Wake|100/100
|-activate|p2a: Walking Wake|ability: Protosynthesis
|-start|p2a: Walking Wake|protosynthesisspe
|turn|8
|
|t:|1781187701
|-end|p1a: Great Tusk|Protosynthesis|[silent]
|switch|p1a: Empoleon|Empoleon, F|100/100
|move|p2a: Walking Wake|Flamethrower|p1a: Empoleon
|-damage|p1a: Empoleon|56/100
|
|-weather|none
|-end|p2a: Walking Wake|Protosynthesis
|upkeep
|turn|9
|
|t:|1781187708
|-end|p2a: Walking Wake|Protosynthesis|[silent]
|switch|p2a: Torkoal|Torkoal, M|100/100
|-weather|SunnyDay|[from] ability: Drought|[of] p2a: Torkoal
|move|p1a: Empoleon|Surf|p2a: Torkoal
|-supereffective|p2a: Torkoal
|-damage|p2a: Torkoal|57/100
|
|-weather|SunnyDay|[upkeep]
|upkeep
|turn|10
|
|t:|1781187716
|switch|p2a: Hatterene|Hatterene, F|10/100
|move|p1a: Empoleon|Roar|p2a: Hatterene
|move|p2a: Hatterene|Roar|p1a: Empoleon|[from] ability: Magic Bounce
|drag|p1a: Dragonite|Dragonite, F|100/100
|
|-weather|SunnyDay|[upkeep]
|upkeep
|turn|11
|
|t:|1781187723
|move|p1a: Dragonite|Fire Punch|p2a: Hatterene
|-damage|p2a: Hatterene|0 fnt
|faint|p2a: Hatterene
|
|-weather|SunnyDay|[upkeep]
|upkeep
|
|t:|1781187730
|switch|p2a: Walking Wake|Walking Wake|100/100
|-activate|p2a: Walking Wake|ability: Protosynthesis
|-start|p2a: Walking Wake|protosynthesisspe
|turn|12
|
|t:|1781187739
|switch|p1a: Empoleon|Empoleon, F|56/100
|move|p2a: Walking Wake|Draco Meteor|p1a: Empoleon
|-resisted|p1a: Empoleon
|-damage|p1a: Empoleon|22/100
|-unboost|p2a: Walking Wake|spa|2
|
|-weather|SunnyDay|[upkeep]
|upkeep
|turn|13
|
|t:|1781187747
|-end|p2a: Walking Wake|Protosynthesis|[silent]
|switch|p2a: Raging Bolt|Raging Bolt|100/100
|-activate|p2a: Raging Bolt|ability: Protosynthesis
|-start|p2a: Raging Bolt|protosynthesisspa
|move|p1a: Empoleon|Roost|p1a: Empoleon
|-heal|p1a: Empoleon|72/100
|-singleturn|p1a: Empoleon|move: Roost
|
|-weather|SunnyDay|[upkeep]
|upkeep
|turn|14
|
|t:|1781187758
|move|p2a: Raging Bolt|Weather Ball|p1a: Empoleon
|-damage|p1a: Empoleon|19/100
|move|p1a: Empoleon|Roar|p2a: Raging Bolt
|-end|p2a: Raging Bolt|Protosynthesis|[silent]
|drag|p2a: Torkoal|Torkoal, M|57/100
|
|-weather|SunnyDay|[upkeep]
|upkeep
|turn|15
|
|t:|1781187765
|move|p1a: Empoleon|Surf|p2a: Torkoal
|-supereffective|p2a: Torkoal
|-crit|p2a: Torkoal
|-damage|p2a: Torkoal|0 fnt
|faint|p2a: Torkoal
|
|-weather|SunnyDay|[upkeep]
|upkeep
|
|t:|1781187774
|switch|p2a: Raging Bolt|Raging Bolt|100/100
|-activate|p2a: Raging Bolt|ability: Protosynthesis
|-start|p2a: Raging Bolt|protosynthesisspa
|turn|16
|
|t:|1781187778
|move|p2a: Raging Bolt|Weather Ball|p1a: Empoleon
|-damage|p1a: Empoleon|0 fnt
|faint|p1a: Empoleon
|
|-weather|none
|-end|p2a: Raging Bolt|Protosynthesis
|upkeep
|
|t:|1781187784
|switch|p1a: Great Tusk|Great Tusk|68/100
|turn|17
|
|t:|1781187789
|-terastallize|p2a: Raging Bolt|Fairy
|move|p1a: Great Tusk|Headlong Rush|p2a: Raging Bolt
|-damage|p2a: Raging Bolt|43/100
|-unboost|p1a: Great Tusk|def|1
|-unboost|p1a: Great Tusk|spd|1
|move|p2a: Raging Bolt|Dragon Pulse|p1a: Great Tusk
|-damage|p1a: Great Tusk|0 fnt
|faint|p1a: Great Tusk
|-end|p1a: Great Tusk|Protosynthesis|[silent]
|
|upkeep
|
|t:|1781187807
|switch|p1a: Meowscarada|Meowscarada, M|100/100
|turn|18
|j| nesnot
|
|t:|1781187824
|-end|p2a: Raging Bolt|Protosynthesis|[silent]
|switch|p2a: Ceruledge|Ceruledge, M|100/100
|move|p1a: Meowscarada|Power Gem|p2a: Ceruledge
|-start|p1a: Meowscarada|typechange|Rock|[from] ability: Protean
|-supereffective|p2a: Ceruledge
|-enditem|p2a: Ceruledge|Focus Sash
|-damage|p2a: Ceruledge|1/100
|
|upkeep
|turn|19
|
|t:|1781187838
|move|p2a: Ceruledge|Shadow Sneak|p1a: Meowscarada
|-damage|p1a: Meowscarada|65/100
|move|p1a: Meowscarada|Power Gem|p2a: Ceruledge
|-supereffective|p2a: Ceruledge
|-damage|p2a: Ceruledge|0 fnt
|faint|p2a: Ceruledge
|
|upkeep
|
|t:|1781187852
|switch|p2a: Raging Bolt|Raging Bolt, tera:Fairy|43/100
|turn|20
|
|t:|1781187855
|move|p2a: Raging Bolt|Thunderclap|p1a: Meowscarada
|-damage|p1a: Meowscarada|0 fnt
|faint|p1a: Meowscarada
|
|upkeep
|
|t:|1781187861
|switch|p1a: Dragonite|Dragonite, F|100/100
|turn|21
|
|t:|1781187869
|-terastallize|p1a: Dragonite|Normal
|move|p1a: Dragonite|Dragon Dance|p1a: Dragonite
|-boost|p1a: Dragonite|atk|1
|-boost|p1a: Dragonite|spe|1
|move|p2a: Raging Bolt|Dragon Pulse|p1a: Dragonite
|-damage|p1a: Dragonite|72/100
|
|upkeep
|turn|22
|
|t:|1781187882
|move|p1a: Dragonite|Extreme Speed|p2a: Raging Bolt
|-damage|p2a: Raging Bolt|0 fnt
|faint|p2a: Raging Bolt
|-end|p2a: Raging Bolt|Protosynthesis|[silent]
|
|upkeep
|
|t:|1781187887
|switch|p2a: Walking Wake|Walking Wake|100/100
|turn|23
|
|t:|1781187891
|move|p1a: Dragonite|Extreme Speed|p2a: Walking Wake
|-damage|p2a: Walking Wake|19/100
|move|p2a: Walking Wake|Hydro Steam|p1a: Dragonite
|-damage|p1a: Dragonite|6/100
|
|upkeep
|turn|24
|
|t:|1781187897
|move|p1a: Dragonite|Extreme Speed|p2a: Walking Wake
|-damage|p2a: Walking Wake|0 fnt
|faint|p2a: Walking Wake
|-end|p2a: Walking Wake|Protosynthesis|[silent]
|
|win|alakazam darnold
|raw|alakazam darnold's rating: 1528 &rarr; <strong>1550</strong><br />(+22 for winning)
|raw|LOUSINETCOKI's rating: 1566 &rarr; <strong>1544</strong><br />(-22 for losing)
|l| nesnot
|l|☆LOUSINETCOKI
|player|p2|
|l|‽alakazam darnold
|player|p1|
