|j|☆KurisuChestnutOU
|j|☆stevstacks
|t:|1781138045
|gametype|singles
|player|p1|KurisuChestnutOU|may-contest|1600
|player|p2|stevstacks|102|1635
|gen|9
|tier|[Gen 9] OU
|rated|
|rule|HP Percentage Mod: HP is shown in percentages
|rule|Endless Battle Clause: Forcing endless battles is banned
|rule|Species Clause: Limit one of each Pokémon
|rule|OHKO Clause: OHKO moves are banned
|rule|Evasion Items Clause: Evasion items are banned
|rule|Evasion Moves Clause: Evasion moves are banned
|rule|Evasion Abilities Clause: Evasion abilities are banned
|rule|Sleep Moves Clause: Sleep-inducing moves are banned
|clearpoke
|poke|p1|Hawlucha, F|
|poke|p1|Samurott-Hisui, F|
|poke|p1|Rillaboom, F|
|poke|p1|Gholdengo|
|poke|p1|Kyurem|
|poke|p1|Landorus-Therian, M|
|poke|p2|Torkoal, M|
|poke|p2|Corviknight, M|
|poke|p2|Walking Wake|
|poke|p2|Dragonite, M|
|poke|p2|Great Tusk|
|poke|p2|Raging Bolt|
|teampreview
|inactive|Battle timer is ON: inactive players will automatically lose when time's up. (requested by stevstacks)
|inactive|KurisuChestnutOU also wants the timer to be on.
|
|t:|1781138062
|teamsize|p1|6
|teamsize|p2|6
|start
|switch|p1a: Kyurem|Kyurem|100/100
|switch|p2a: Raging Bolt|Raging Bolt|100/100
|-ability|p1a: Kyurem|Pressure
|turn|1
|
|t:|1781138066
|-terastallize|p1a: Kyurem|Poison
|move|p2a: Raging Bolt|Draco Meteor|p1a: Kyurem
|-damage|p1a: Kyurem|53/100
|-unboost|p2a: Raging Bolt|spa|2
|move|p1a: Kyurem|Ice Beam|p2a: Raging Bolt
|-supereffective|p2a: Raging Bolt
|-damage|p2a: Raging Bolt|9/100
|
|upkeep
|turn|2
|
|t:|1781138074
|-end|p2a: Raging Bolt|Protosynthesis|[silent]
|switch|p2a: Corviknight|Corviknight, M, shiny|100/100
|-ability|p2a: Corviknight|Pressure
|move|p1a: Kyurem|Ice Beam|p2a: Corviknight
|-damage|p2a: Corviknight|69/100
|
|-heal|p2a: Corviknight|75/100|[from] item: Leftovers
|upkeep
|turn|3
|
|t:|1781138079
|move|p1a: Kyurem|Ice Beam|p2a: Corviknight
|-damage|p2a: Corviknight|45/100
|move|p2a: Corviknight|Brave Bird|p1a: Kyurem
|-damage|p1a: Kyurem|18/100
|-damage|p2a: Corviknight|33/100|[from] Recoil
|
|-heal|p2a: Corviknight|40/100|[from] item: Leftovers
|upkeep
|turn|4
|
|t:|1781138082
|move|p1a: Kyurem|Ice Beam|p2a: Corviknight
|-damage|p2a: Corviknight|9/100
|move|p2a: Corviknight|Roost|p2a: Corviknight
|-heal|p2a: Corviknight|59/100
|-singleturn|p2a: Corviknight|move: Roost
|
|-heal|p2a: Corviknight|65/100|[from] item: Leftovers
|upkeep
|turn|5
|
|t:|1781138103
|move|p1a: Kyurem|Ice Beam|p2a: Corviknight
|-damage|p2a: Corviknight|32/100
|move|p2a: Corviknight|Roost|p2a: Corviknight
|-heal|p2a: Corviknight|82/100
|-singleturn|p2a: Corviknight|move: Roost
|
|-heal|p2a: Corviknight|88/100|[from] item: Leftovers
|upkeep
|turn|6
|
|t:|1781138120
|move|p1a: Kyurem|Ice Beam|p2a: Corviknight
|-damage|p2a: Corviknight|56/100
|-status|p2a: Corviknight|frz
|cant|p2a: Corviknight|frz
|
|-heal|p2a: Corviknight|62/100 frz|[from] item: Leftovers
|upkeep
|turn|7
|
|t:|1781138124
|move|p1a: Kyurem|Ice Beam|p2a: Corviknight
|-damage|p2a: Corviknight|31/100 frz
|cant|p2a: Corviknight|frz
|
|-heal|p2a: Corviknight|37/100 frz|[from] item: Leftovers
|upkeep
|turn|8
|
|t:|1781138127
|move|p1a: Kyurem|Ice Beam|p2a: Corviknight
|-damage|p2a: Corviknight|5/100 frz
|cant|p2a: Corviknight|frz
|
|-heal|p2a: Corviknight|12/100 frz|[from] item: Leftovers
|upkeep
|turn|9
|
|t:|1781138131
|switch|p1a: Samurott|Samurott-Hisui, F|100/100
|switch|p2a: Torkoal|Torkoal, M, shiny|100/100
|-weather|SunnyDay|[from] ability: Drought|[of] p2a: Torkoal
|
|-weather|SunnyDay|[upkeep]
|upkeep
|turn|10
|
|t:|1781138135
|move|p1a: Samurott|Ceaseless Edge|p2a: Torkoal
|-damage|p2a: Torkoal|68/100
|-sidestart|p2: stevstacks|Spikes
|move|p2a: Torkoal|Will-O-Wisp|p1a: Samurott
|-status|p1a: Samurott|brn
|
|-weather|SunnyDay|[upkeep]
|-damage|p1a: Samurott|94/100 brn|[from] brn
|upkeep
|turn|11
|
|t:|1781138141
|move|p1a: Samurott|Knock Off|p2a: Torkoal
|-damage|p2a: Torkoal|52/100
|-enditem|p2a: Torkoal|Heat Rock|[from] move: Knock Off|[of] p1a: Samurott
|move|p2a: Torkoal|Rapid Spin|p1a: Samurott
|-damage|p1a: Samurott|84/100 brn
|-boost|p2a: Torkoal|spe|1
|-sideend|p2: stevstacks|Spikes|[from] move: Rapid Spin|[of] p2a: Torkoal
|
|-weather|SunnyDay|[upkeep]
|-damage|p1a: Samurott|78/100 brn|[from] brn
|upkeep
|turn|12
|
|t:|1781138145
|switch|p2a: Corviknight|Corviknight, M, shiny|12/100 frz
|-ability|p2a: Corviknight|Pressure
|move|p1a: Samurott|Ceaseless Edge|p2a: Corviknight
|-damage|p2a: Corviknight|0 fnt
|-sidestart|p2: stevstacks|Spikes
|faint|p2a: Corviknight
|
|-weather|SunnyDay|[upkeep]
|-damage|p1a: Samurott|72/100 brn|[from] brn
|upkeep
|
|t:|1781138147
|switch|p2a: Great Tusk|Great Tusk, shiny|100/100
|-damage|p2a: Great Tusk|88/100|[from] Spikes
|-activate|p2a: Great Tusk|ability: Protosynthesis
|-start|p2a: Great Tusk|protosynthesisatk
|turn|13
|
|t:|1781138154
|move|p2a: Great Tusk|Close Combat|p1a: Samurott
|-supereffective|p1a: Samurott
|-damage|p1a: Samurott|0 fnt
|-unboost|p2a: Great Tusk|def|1
|-unboost|p2a: Great Tusk|spd|1
|faint|p1a: Samurott
|-damage|p2a: Great Tusk|78/100|[from] item: Life Orb
|
|-weather|SunnyDay|[upkeep]
|upkeep
|
|t:|1781138158
|switch|p1a: Gholdengo|Gholdengo|100/100
|turn|14
|
|t:|1781138162
|switch|p1a: Kyurem|Kyurem, tera:Poison|18/100
|-ability|p1a: Kyurem|Pressure
|-end|p2a: Great Tusk|Protosynthesis|[silent]
|switch|p2a: Raging Bolt|Raging Bolt|9/100
|-damage|p2a: Raging Bolt|0 fnt|[from] Spikes
|faint|p2a: Raging Bolt
|-end|p2a: Raging Bolt|Protosynthesis|[silent]
|
|-weather|SunnyDay|[upkeep]
|upkeep
|
|t:|1781138164
|switch|p2a: Walking Wake|Walking Wake|100/100
|-damage|p2a: Walking Wake|88/100|[from] Spikes
|-activate|p2a: Walking Wake|ability: Protosynthesis
|-start|p2a: Walking Wake|protosynthesisspe
|turn|15
|
|t:|1781138171
|switch|p1a: Rillaboom|Rillaboom, F|100/100
|-fieldstart|move: Grassy Terrain|[from] ability: Grassy Surge|[of] p1a: Rillaboom
|move|p2a: Walking Wake|Hydro Steam|p1a: Rillaboom
|-resisted|p1a: Rillaboom
|-damage|p1a: Rillaboom|52/100
|
|-weather|SunnyDay|[upkeep]
|-heal|p2a: Walking Wake|94/100|[from] Grassy Terrain
|-heal|p1a: Rillaboom|58/100|[from] Grassy Terrain
|upkeep
|turn|16
|
|t:|1781138176
|move|p1a: Rillaboom|Grassy Glide|p2a: Walking Wake
|-damage|p2a: Walking Wake|52/100
|move|p2a: Walking Wake|Flamethrower|p1a: Rillaboom
|-supereffective|p1a: Rillaboom
|-damage|p1a: Rillaboom|0 fnt
|faint|p1a: Rillaboom
|
|-weather|none
|-end|p2a: Walking Wake|Protosynthesis
|-heal|p2a: Walking Wake|58/100|[from] Grassy Terrain
|upkeep
|
|t:|1781138182
|switch|p1a: Hawlucha|Hawlucha, F|100/100
|-enditem|p1a: Hawlucha|Grassy Seed
|-boost|p1a: Hawlucha|def|1|[from] item: Grassy Seed
|turn|17
|
|t:|1781138186
|move|p1a: Hawlucha|Low Kick|p2a: Walking Wake
|-damage|p2a: Walking Wake|0 fnt
|faint|p2a: Walking Wake
|-end|p2a: Walking Wake|Protosynthesis|[silent]
|
|upkeep
|
|t:|1781138192
|switch|p2a: Torkoal|Torkoal, M, shiny|52/100
|-damage|p2a: Torkoal|40/100|[from] Spikes
|-weather|SunnyDay|[from] ability: Drought|[of] p2a: Torkoal
|turn|18
|
|t:|1781138196
|move|p1a: Hawlucha|Swords Dance|p1a: Hawlucha
|-boost|p1a: Hawlucha|atk|2
|move|p2a: Torkoal|Will-O-Wisp|p1a: Hawlucha
|-status|p1a: Hawlucha|brn
|
|-weather|SunnyDay|[upkeep]
|-heal|p2a: Torkoal|46/100|[from] Grassy Terrain
|-damage|p1a: Hawlucha|94/100 brn|[from] brn
|upkeep
|turn|19
|
|t:|1781138201
|move|p1a: Hawlucha|Swords Dance|p1a: Hawlucha
|-boost|p1a: Hawlucha|atk|2
|move|p2a: Torkoal|Rapid Spin|p1a: Hawlucha
|-damage|p1a: Hawlucha|87/100 brn
|-boost|p2a: Torkoal|spe|1
|-sideend|p2: stevstacks|Spikes|[from] move: Rapid Spin|[of] p2a: Torkoal
|
|-weather|SunnyDay|[upkeep]
|-heal|p2a: Torkoal|52/100|[from] Grassy Terrain
|-damage|p1a: Hawlucha|81/100 brn|[from] brn
|-fieldend|move: Grassy Terrain
|upkeep
|turn|20
|
|t:|1781138209
|move|p1a: Hawlucha|Acrobatics|p2a: Torkoal
|-damage|p2a: Torkoal|0 fnt
|faint|p2a: Torkoal
|
|-weather|SunnyDay|[upkeep]
|-damage|p1a: Hawlucha|75/100 brn|[from] brn
|upkeep
|
|t:|1781138213
|switch|p2a: Dragonite|Dragonite, M, shiny|100/100
|turn|21
|
|t:|1781138218
|move|p1a: Hawlucha|Acrobatics|p2a: Dragonite
|-damage|p2a: Dragonite|63/100
|move|p2a: Dragonite|Scale Shot|p1a: Hawlucha
|-damage|p1a: Hawlucha|64/100 brn
|-damage|p1a: Hawlucha|50/100 brn
|-damage|p1a: Hawlucha|38/100 brn
|-damage|p1a: Hawlucha|25/100 brn
|-damage|p1a: Hawlucha|13/100 brn
|-hitcount|p1a: Hawlucha|5
|-unboost|p2a: Dragonite|def|1
|-boost|p2a: Dragonite|spe|1
|
|-weather|SunnyDay|[upkeep]
|-damage|p1a: Hawlucha|7/100 brn|[from] brn
|upkeep
|turn|22
|
|t:|1781138229
|switch|p2a: Great Tusk|Great Tusk, shiny|78/100
|-activate|p2a: Great Tusk|ability: Protosynthesis
|-start|p2a: Great Tusk|protosynthesisatk
|move|p1a: Hawlucha|Acrobatics|p2a: Great Tusk
|-supereffective|p2a: Great Tusk
|-damage|p2a: Great Tusk|0 fnt
|faint|p2a: Great Tusk
|-end|p2a: Great Tusk|Protosynthesis|[silent]
|
|-weather|none
|-damage|p1a: Hawlucha|0 fnt|[from] brn
|faint|p1a: Hawlucha
|upkeep
|
|t:|1781138233
|switch|p2a: Dragonite|Dragonite, M, shiny|63/100
|switch|p1a: Gholdengo|Gholdengo|100/100
|turn|23
|
|t:|1781138236
|-terastallize|p2a: Dragonite|Fire
|move|p1a: Gholdengo|Shadow Ball|p2a: Dragonite
|-damage|p2a: Dragonite|15/100
|move|p2a: Dragonite|Dragon Dance|p2a: Dragonite
|-boost|p2a: Dragonite|atk|1
|-boost|p2a: Dragonite|spe|1
|
|upkeep
|turn|24
|
|t:|1781138241
|move|p1a: Gholdengo|Shadow Ball|p2a: Dragonite
|-damage|p2a: Dragonite|0 fnt
|faint|p2a: Dragonite
|
|win|KurisuChestnutOU
|raw|KurisuChestnutOU's rating: 1592 &rarr; <strong>1614</strong><br />(+22 for winning)
|raw|stevstacks's rating: 1635 &rarr; <strong>1613</strong><br />(-22 for losing)
