|j|☆evoqative
|j|☆alkaspoon
|t:|1781015025
|gametype|singles
|player|p1|evoqative|2|1572
|player|p2|alkaspoon|shauntal|1532
|gen|9
|tier|[Gen 9] OU
|rated|
|rule|HP Percentage Mod: HP is shown in percentages
|rule|Endless Battle Clause: Forcing endless battles is banned
|rule|Species Clause: Limit one of each Pokémon
|rule|OHKO Clause: OHKO moves are banned
|rule|Evasion Items Clause: Evasion items are banned
|rule|Evasion Moves Clause: Evasion moves are banned
|rule|Evasion Abilities Clause: Evasion abilities are banned
|rule|Sleep Moves Clause: Sleep-inducing moves are banned
|clearpoke
|poke|p1|Kyurem|
|poke|p1|Iron Treads|
|poke|p1|Cinderace, M|
|poke|p1|Gholdengo|
|poke|p1|Ogerpon-Wellspring, F|
|poke|p1|Slither Wing|
|poke|p2|Zamazenta-*|
|poke|p2|Dragapult, M|
|poke|p2|Kingambit, F|
|poke|p2|Primarina, M|
|poke|p2|Ogerpon, F|
|poke|p2|Cinderace, M|
|teampreview
|inactive|Battle timer is ON: inactive players will automatically lose when time's up. (requested by evoqative)
|
|t:|1781015034
|teamsize|p1|6
|teamsize|p2|6
|start
|switch|p1a: Cinderace|Cinderace, M|100/100
|switch|p2a: Cinderace|Cinderace, M|100/100
|turn|1
|
|t:|1781015050
|move|p1a: Cinderace|U-turn|p2a: Cinderace
|-start|p1a: Cinderace|typechange|Bug|[from] ability: Libero
|-resisted|p2a: Cinderace
|-damage|p2a: Cinderace|65/100
|
|t:|1781015062
|switch|p1a: Slither Wing|Slither Wing, shiny|100/100|[from] U-turn
|move|p2a: Cinderace|Pyro Ball|p1a: Slither Wing
|-supereffective|p1a: Slither Wing
|-damage|p1a: Slither Wing|9/100
|
|upkeep
|turn|2
|
|t:|1781015081
|move|p1a: Slither Wing|First Impression|p2a: Cinderace
|-resisted|p2a: Cinderace
|-damage|p2a: Cinderace|33/100
|move|p2a: Cinderace|Pyro Ball|p1a: Slither Wing
|-supereffective|p1a: Slither Wing
|-damage|p1a: Slither Wing|0 fnt
|faint|p1a: Slither Wing
|-end|p1a: Slither Wing|Protosynthesis|[silent]
|
|upkeep
|
|t:|1781015093
|switch|p1a: Cinderace|Cinderace, M|100/100
|turn|3
|
|t:|1781015110
|move|p1a: Cinderace|U-turn|p2a: Cinderace
|-start|p1a: Cinderace|typechange|Bug|[from] ability: Libero
|-resisted|p2a: Cinderace
|-damage|p2a: Cinderace|0 fnt
|faint|p2a: Cinderace
|
|t:|1781015129
|switch|p1a: Kyurem|Kyurem, shiny|100/100|[from] U-turn
|-ability|p1a: Kyurem|Pressure
|
|upkeep
|
|t:|1781015132
|switch|p2a: Kingambit|Kingambit, F|100/100
|-activate|p2a: Kingambit|ability: Supreme Overlord
|-start|p2a: Kingambit|fallen1|[silent]
|turn|4
|
|t:|1781015158
|move|p1a: Kyurem|Earth Power|p2a: Kingambit
|-supereffective|p2a: Kingambit
|-damage|p2a: Kingambit|42/100
|move|p2a: Kingambit|Kowtow Cleave|p1a: Kyurem
|-damage|p1a: Kyurem|66/100
|
|-heal|p2a: Kingambit|48/100|[from] item: Leftovers
|upkeep
|turn|5
|
|t:|1781015169
|-end|p2a: Kingambit|fallen1|[silent]
|switch|p2a: Dragapult|Dragapult, M|100/100
|move|p1a: Kyurem|Body Press|p2a: Dragapult
|-immune|p2a: Dragapult
|
|upkeep
|turn|6
|inactive|evoqative has 120 seconds left.
|
|t:|1781015195
|switch|p1a: Iron Treads|Iron Treads|100/100
|move|p2a: Dragapult|Dragon Darts|p1a: Iron Treads
|-resisted|p1a: Iron Treads
|-damage|p1a: Iron Treads|93/100
|-anim|p2a: Dragapult|Dragon Darts|p1a: Iron Treads
|-resisted|p1a: Iron Treads
|-damage|p1a: Iron Treads|86/100
|
|upkeep
|turn|7
|
|t:|1781015210
|move|p2a: Dragapult|Will-O-Wisp|p1a: Iron Treads
|-status|p1a: Iron Treads|brn
|move|p1a: Iron Treads|Knock Off|p2a: Dragapult
|-supereffective|p2a: Dragapult
|-damage|p2a: Dragapult|63/100
|-enditem|p2a: Dragapult|Heavy-Duty Boots|[from] move: Knock Off|[of] p1a: Iron Treads
|
|-damage|p1a: Iron Treads|80/100 brn|[from] brn
|upkeep
|turn|8
|inactive|evoqative has 120 seconds left.
|
|t:|1781015240
|move|p2a: Dragapult|Hex|p1a: Iron Treads
|-damage|p1a: Iron Treads|34/100 brn
|move|p1a: Iron Treads|Earthquake|p2a: Dragapult
|-damage|p2a: Dragapult|36/100
|
|-damage|p1a: Iron Treads|28/100 brn|[from] brn
|upkeep
|turn|9
|
|t:|1781015262
|move|p2a: Dragapult|Hex|p1a: Iron Treads
|-damage|p1a: Iron Treads|0 fnt
|faint|p1a: Iron Treads
|-end|p1a: Iron Treads|Quark Drive|[silent]
|
|upkeep
|inactive|evoqative has 90 seconds left.
|
|t:|1781015283
|switch|p1a: Gholdengo|Gholdengo|100/100
|turn|10
|
|t:|1781015286
|move|p1a: Gholdengo|Shadow Ball|p2a: Dragapult
|-supereffective|p2a: Dragapult
|-damage|p2a: Dragapult|0 fnt
|faint|p2a: Dragapult
|
|upkeep
|
|t:|1781015288
|switch|p2a: Kingambit|Kingambit, F|48/100
|-activate|p2a: Kingambit|ability: Supreme Overlord
|-start|p2a: Kingambit|fallen2|[silent]
|turn|11
|
|t:|1781015298
|switch|p1a: Cinderace|Cinderace, M|100/100
|move|p2a: Kingambit|Swords Dance|p2a: Kingambit
|-boost|p2a: Kingambit|atk|2
|
|-heal|p2a: Kingambit|54/100|[from] item: Leftovers
|upkeep
|turn|12
|
|t:|1781015306
|move|p2a: Kingambit|Sucker Punch|p1a: Cinderace
|-damage|p1a: Cinderace|0 fnt
|faint|p1a: Cinderace
|
|-heal|p2a: Kingambit|60/100|[from] item: Leftovers
|upkeep
|
|t:|1781015311
|switch|p1a: Kyurem|Kyurem, shiny|66/100
|-ability|p1a: Kyurem|Pressure
|turn|13
|
|t:|1781015322
|-terastallize|p2a: Kingambit|Ghost
|move|p1a: Kyurem|Body Press|p2a: Kingambit
|-immune|p2a: Kingambit
|move|p2a: Kingambit|Iron Head|p1a: Kyurem
|-supereffective|p1a: Kyurem
|-damage|p1a: Kyurem|0 fnt
|faint|p1a: Kyurem
|
|-heal|p2a: Kingambit|66/100|[from] item: Leftovers
|upkeep
|inactive|evoqative has 120 seconds left.
|
|t:|1781015329
|switch|p1a: Ogerpon|Ogerpon-Wellspring, F|100/100
|turn|14
|
|t:|1781015333
|-terastallize|p1a: Ogerpon|Water
|detailschange|p1a: Ogerpon|Ogerpon-Wellspring-Tera, F, tera:Water
|-ability|p1a: Ogerpon|Embody Aspect (Wellspring)|boost
|-boost|p1a: Ogerpon|spd|1
|move|p1a: Ogerpon|Ivy Cudgel|p2a: Kingambit|[anim] Ivy Cudgel Water
|-damage|p2a: Kingambit|0 fnt
|faint|p2a: Kingambit
|-end|p2a: Kingambit|fallen2|[silent]
|
|upkeep
|
|t:|1781015339
|switch|p2a: Ogerpon|Ogerpon, F|100/100
|turn|15
|
|t:|1781015354
|move|p2a: Ogerpon|Ivy Cudgel|p1a: Ogerpon
|-supereffective|p1a: Ogerpon
|-damage|p1a: Ogerpon|0 fnt
|faint|p1a: Ogerpon
|detailschange|p1: Ogerpon|Ogerpon-Wellspring, F|[silent]
|
|upkeep
|
|t:|1781015358
|switch|p1a: Gholdengo|Gholdengo|100/100
|turn|16
|
|t:|1781015364
|move|p1a: Gholdengo|Shadow Ball|p2a: Ogerpon
|-damage|p2a: Ogerpon|52/100
|move|p2a: Ogerpon|Ivy Cudgel|p1a: Gholdengo
|-resisted|p1a: Gholdengo
|-damage|p1a: Gholdengo|59/100
|
|upkeep
|turn|17
|
|t:|1781015369
|move|p1a: Gholdengo|Shadow Ball|p2a: Ogerpon
|-damage|p2a: Ogerpon|1/100
|move|p2a: Ogerpon|Ivy Cudgel|p1a: Gholdengo
|-resisted|p1a: Gholdengo
|-damage|p1a: Gholdengo|14/100
|
|upkeep
|turn|18
|
|t:|1781015377
|move|p1a: Gholdengo|Shadow Ball|p2a: Ogerpon
|-damage|p2a: Ogerpon|0 fnt
|faint|p2a: Ogerpon
|
|upkeep
|
|t:|1781015379
|switch|p2a: Primarina|Primarina, M|100/100
|turn|19
|
|t:|1781015397
|move|p1a: Gholdengo|Shadow Ball|p2a: Primarina
|-damage|p2a: Primarina|64/100
|move|p2a: Primarina|Substitute|p2a: Primarina
|-start|p2a: Primarina|Substitute
|-damage|p2a: Primarina|39/100
|
|-heal|p2a: Primarina|45/100|[from] item: Leftovers
|upkeep
|turn|20
|
|t:|1781015404
|move|p1a: Gholdengo|Shadow Ball|p2a: Primarina
|-end|p2a: Primarina|Substitute
|move|p2a: Primarina|Psychic Noise|p1a: Gholdengo
|-damage|p1a: Gholdengo|0 fnt
|faint|p1a: Gholdengo
|
|win|alkaspoon
|raw|evoqative's rating: 1572 &rarr; <strong>1550</strong><br />(-22 for losing)
|raw|alkaspoon's rating: 1532 &rarr; <strong>1554</strong><br />(+22 for winning)
|l|☆evoqative
|player|p1|
