|j|☆zylsnbb
|j|☆ridlostar
|t:|1781101101
|gametype|singles
|player|p1|zylsnbb|265|1605
|player|p2|ridlostar|hilbert|1658
|gen|9
|tier|[Gen 9] OU
|rated|
|rule|HP Percentage Mod: HP is shown in percentages
|rule|Endless Battle Clause: Forcing endless battles is banned
|rule|Species Clause: Limit one of each Pokémon
|rule|OHKO Clause: OHKO moves are banned
|rule|Evasion Items Clause: Evasion items are banned
|rule|Evasion Moves Clause: Evasion moves are banned
|rule|Evasion Abilities Clause: Evasion abilities are banned
|rule|Sleep Moves Clause: Sleep-inducing moves are banned
|clearpoke
|poke|p1|Tyranitar, F|
|poke|p1|Excadrill, M|
|poke|p1|Tornadus-Therian, M|
|poke|p1|Heatran, F|
|poke|p1|Ogerpon-Wellspring, F|
|poke|p1|Pecharunt|
|poke|p2|Toedscruel, M|
|poke|p2|Darkrai|
|poke|p2|Cresselia, F|
|poke|p2|Clodsire, M|
|poke|p2|Dragonite, M|
|poke|p2|Alomomola, F|
|teampreview
|inactive|Battle timer is ON: inactive players will automatically lose when time's up. (requested by zylsnbb)
|
|t:|1781101111
|teamsize|p1|6
|teamsize|p2|6
|start
|switch|p1a: Tornadus|Tornadus-Therian, M|100/100
|switch|p2a: Keanu Reeves|Darkrai|100/100
|turn|1
|
|t:|1781101124
|move|p2a: Keanu Reeves|Knock Off|p1a: Tornadus
|-damage|p1a: Tornadus|60/100
|-enditem|p1a: Tornadus|Heavy-Duty Boots|[from] move: Knock Off|[of] p2a: Keanu Reeves
|move|p1a: Tornadus|Knock Off|p2a: Keanu Reeves
|-resisted|p2a: Keanu Reeves
|-damage|p2a: Keanu Reeves|85/100
|-enditem|p2a: Keanu Reeves|Tanga Berry|[from] move: Knock Off|[of] p1a: Tornadus
|
|upkeep
|turn|2
|
|t:|1781101146
|switch|p1a: Heatran|Heatran, F|100/100
|move|p2a: Keanu Reeves|Ice Beam|p1a: Heatran
|-resisted|p1a: Heatran
|-damage|p1a: Heatran|96/100
|
|-heal|p1a: Heatran|100/100|[from] item: Leftovers
|upkeep
|turn|3
|j| newhere1310
|
|t:|1781101156
|switch|p2a: Fair and Balanced|Alomomola, F|100/100
|move|p1a: Heatran|Magma Storm|p2a: Fair and Balanced
|-resisted|p2a: Fair and Balanced
|-damage|p2a: Fair and Balanced|84/100
|-activate|p2a: Fair and Balanced|move: Magma Storm|[of] p1a: Heatran
|
|-damage|p2a: Fair and Balanced|72/100|[from] move: Magma Storm|[partiallytrapped]
|upkeep
|turn|4
|inactive|zylsnbb has 120 seconds left.
|
|t:|1781101188
|move|p1a: Heatran|Stealth Rock|p2a: Fair and Balanced
|-sidestart|p2: ridlostar|move: Stealth Rock
|move|p2a: Fair and Balanced|Wish|p2a: Fair and Balanced
|
|-damage|p2a: Fair and Balanced|59/100|[from] move: Magma Storm|[partiallytrapped]
|upkeep
|turn|5
|inactive|zylsnbb has 120 seconds left.
|
|t:|1781101198
|move|p1a: Heatran|Earth Power|p2a: Fair and Balanced
|-damage|p2a: Fair and Balanced|39/100
|move|p2a: Fair and Balanced|Flip Turn|p1a: Heatran
|-supereffective|p1a: Heatran
|-damage|p1a: Heatran|74/100
|-status|p2a: Fair and Balanced|brn|[from] ability: Flame Body|[of] p1a: Heatran
|
|t:|1781101224
|switch|p2a: Squidward?|Toedscruel, M|100/100|[from] Flip Turn
|
|-heal|p1a: Heatran|80/100|[from] item: Leftovers
|upkeep
|turn|6
|inactive|zylsnbb has 120 seconds left.
|
|t:|1781101244
|switch|p1a: Tornadus|Tornadus-Therian, M|94/100
|move|p2a: Squidward?|Rapid Spin|p1a: Tornadus
|-damage|p1a: Tornadus|85/100
|-boost|p2a: Squidward?|spe|1
|-sideend|p2: ridlostar|Stealth Rock|[from] move: Rapid Spin|[of] p2a: Squidward?
|
|upkeep
|turn|7
|
|t:|1781101255
|switch|p2a: Big Man|Clodsire, M|100/100
|move|p1a: Tornadus|U-turn|p2a: Big Man
|-resisted|p2a: Big Man
|-damage|p2a: Big Man|95/100
|
|t:|1781101262
|switch|p1a: Ogerpon|Ogerpon-Wellspring, F|100/100|[from] U-turn
|
|-heal|p2a: Big Man|100/100|[from] item: Leftovers
|upkeep
|turn|8
|inactive|zylsnbb has 120 seconds left.
|
|t:|1781101273
|move|p1a: Ogerpon|Ivy Cudgel|p2a: Big Man|[anim] Ivy Cudgel Water
|-supereffective|p2a: Big Man
|-damage|p2a: Big Man|10/100
|move|p2a: Big Man|Toxic|p1a: Ogerpon
|-status|p1a: Ogerpon|tox
|
|-heal|p2a: Big Man|16/100|[from] item: Leftovers
|-damage|p1a: Ogerpon|95/100 tox|[from] psn
|upkeep
|turn|9
|inactive|zylsnbb has 120 seconds left.
|j| ho3nConfirm3d
|
|t:|1781101293
|switch|p1a: Tyranitar|Tyranitar, F|100/100
|-weather|Sandstorm|[from] ability: Sand Stream|[of] p1a: Tyranitar
|switch|p2a: him|Dragonite, M|100/100
|
|-weather|Sandstorm|[upkeep]
|-damage|p2a: him|94/100|[from] Sandstorm
|-heal|p2a: him|100/100|[from] item: Leftovers
|upkeep
|turn|10
|
|t:|1781101307
|move|p2a: him|Dragon Dance|p2a: him
|-boost|p2a: him|atk|1
|-boost|p2a: him|spe|1
|move|p1a: Tyranitar|Ice Punch|p2a: him
|-supereffective|p2a: him
|-damage|p2a: him|0 fnt
|faint|p2a: him
|
|-weather|Sandstorm|[upkeep]
|upkeep
|
|t:|1781101329
|switch|p2a: Fair and Balanced|Alomomola, F|73/100 brn
|turn|11
|inactive|zylsnbb has 120 seconds left.
|
|t:|1781101336
|switch|p1a: Ogerpon|Ogerpon-Wellspring, F|95/100 tox
|move|p2a: Fair and Balanced|Wish|p2a: Fair and Balanced
|
|-weather|Sandstorm|[upkeep]
|-damage|p1a: Ogerpon|89/100 tox|[from] Sandstorm
|-damage|p2a: Fair and Balanced|67/100 brn|[from] Sandstorm
|-damage|p1a: Ogerpon|83/100 tox|[from] psn
|-damage|p2a: Fair and Balanced|60/100 brn|[from] brn
|upkeep
|turn|12
|inactive|zylsnbb has 120 seconds left.
|
|t:|1781101355
|switch|p2a: why|Cresselia, F, shiny|100/100
|move|p1a: Ogerpon|Swords Dance|p1a: Ogerpon
|-boost|p1a: Ogerpon|atk|2
|
|-weather|Sandstorm|[upkeep]
|-damage|p1a: Ogerpon|77/100 tox|[from] Sandstorm
|-damage|p2a: why|94/100|[from] Sandstorm
|-heal|p2a: why|100/100|[from] move: Wish|[wisher] Fair and Balanced
|-damage|p1a: Ogerpon|65/100 tox|[from] psn
|upkeep
|turn|13
|
|t:|1781101364
|move|p1a: Ogerpon|Ivy Cudgel|p2a: why|[anim] Ivy Cudgel Water
|-damage|p2a: why|44/100
|move|p2a: why|Moonblast|p1a: Ogerpon
|-damage|p1a: Ogerpon|46/100 tox
|
|-weather|none
|-heal|p2a: why|50/100|[from] item: Leftovers
|-damage|p1a: Ogerpon|28/100 tox|[from] psn
|upkeep
|turn|14
|
|t:|1781101376
|switch|p2a: Big Man|Clodsire, M|16/100
|move|p1a: Ogerpon|Ivy Cudgel|p2a: Big Man|[anim] Ivy Cudgel Water
|-supereffective|p2a: Big Man
|-damage|p2a: Big Man|0 fnt
|faint|p2a: Big Man
|
|-damage|p1a: Ogerpon|4/100 tox|[from] psn
|upkeep
|
|t:|1781101381
|switch|p2a: Keanu Reeves|Darkrai|85/100
|turn|15
|
|t:|1781101393
|switch|p1a: Heatran|Heatran, F|80/100
|move|p2a: Keanu Reeves|Knock Off|p1a: Heatran
|-damage|p1a: Heatran|45/100
|-enditem|p1a: Heatran|Leftovers|[from] move: Knock Off|[of] p2a: Keanu Reeves
|
|upkeep
|turn|16
|l| ho3nConfirm3d
|
|t:|1781101412
|move|p2a: Keanu Reeves|Drain Punch|p1a: Heatran
|-supereffective|p1a: Heatran
|-damage|p1a: Heatran|12/100
|-heal|p2a: Keanu Reeves|100/100|[from] drain|[of] p1a: Heatran
|move|p1a: Heatran|Magma Storm|p2a: Keanu Reeves|[miss]
|-miss|p1a: Heatran|p2a: Keanu Reeves
|
|upkeep
|turn|17
|
|t:|1781101431
|move|p2a: Keanu Reeves|Knock Off|p1a: Heatran
|-damage|p1a: Heatran|0 fnt
|faint|p1a: Heatran
|
|upkeep
|inactive|zylsnbb has 120 seconds left.
|
|t:|1781101451
|switch|p1a: Tornadus|Tornadus-Therian, M|100/100
|turn|18
|
|t:|1781101458
|move|p2a: Keanu Reeves|Will-O-Wisp|p1a: Tornadus
|-status|p1a: Tornadus|brn
|move|p1a: Tornadus|U-turn|p2a: Keanu Reeves
|-supereffective|p2a: Keanu Reeves
|-damage|p2a: Keanu Reeves|77/100
|
|t:|1781101467
|switch|p1a: Pecharunt|Pecharunt|100/100|[from] U-turn
|
|upkeep
|turn|19
|
|t:|1781101475
|switch|p2a: Fair and Balanced|Alomomola, F|94/100 brn
|move|p1a: Pecharunt|Malignant Chain|p2a: Fair and Balanced
|-damage|p2a: Fair and Balanced|71/100 brn
|
|-damage|p2a: Fair and Balanced|65/100 brn|[from] brn
|upkeep
|turn|20
|inactive|zylsnbb has 120 seconds left.
|
|t:|1781101503
|move|p1a: Pecharunt|Malignant Chain|p2a: Fair and Balanced
|-damage|p2a: Fair and Balanced|40/100 brn
|move|p2a: Fair and Balanced|Wish|p2a: Fair and Balanced
|
|-damage|p2a: Fair and Balanced|34/100 brn|[from] brn
|upkeep
|turn|21
|
|t:|1781101521
|switch|p1a: Ogerpon|Ogerpon-Wellspring, F|4/100 tox
|move|p2a: Fair and Balanced|Wish||[still]
|-fail|p2a: Fair and Balanced
|
|-heal|p2a: Fair and Balanced|84/100 brn|[from] move: Wish|[wisher] Fair and Balanced
|-damage|p1a: Ogerpon|0 fnt|[from] psn
|faint|p1a: Ogerpon
|-damage|p2a: Fair and Balanced|78/100 brn|[from] brn
|upkeep
|inactive|zylsnbb has 120 seconds left.
|
|t:|1781101532
|switch|p1a: Tyranitar|Tyranitar, F|100/100
|-weather|Sandstorm|[from] ability: Sand Stream|[of] p1a: Tyranitar
|turn|22
|
|t:|1781101551
|switch|p2a: Squidward?|Toedscruel, M|100/100
|move|p1a: Tyranitar|Knock Off|p2a: Squidward?
|-damage|p2a: Squidward?|0 fnt
|-enditem|p2a: Squidward?|Heavy-Duty Boots|[from] move: Knock Off|[of] p1a: Tyranitar
|faint|p2a: Squidward?
|
|-weather|Sandstorm|[upkeep]
|upkeep
|
|t:|1781101561
|switch|p2a: Keanu Reeves|Darkrai|77/100
|turn|23
|
|t:|1781101569
|switch|p1a: Pecharunt|Pecharunt|100/100
|move|p2a: Keanu Reeves|Knock Off|p1a: Pecharunt
|-supereffective|p1a: Pecharunt
|-damage|p1a: Pecharunt|64/100
|-enditem|p1a: Pecharunt|Leftovers|[from] move: Knock Off|[of] p2a: Keanu Reeves
|
|-weather|Sandstorm|[upkeep]
|-damage|p2a: Keanu Reeves|71/100|[from] Sandstorm
|-damage|p1a: Pecharunt|58/100|[from] Sandstorm
|upkeep
|turn|24
|
|t:|1781101580
|switch|p2a: Fair and Balanced|Alomomola, F|100/100 brn
|move|p1a: Pecharunt|Recover|p1a: Pecharunt
|-heal|p1a: Pecharunt|100/100
|
|-weather|Sandstorm|[upkeep]
|-damage|p1a: Pecharunt|94/100|[from] Sandstorm
|-damage|p2a: Fair and Balanced|94/100 brn|[from] Sandstorm
|-damage|p2a: Fair and Balanced|88/100 brn|[from] brn
|upkeep
|turn|25
|
|t:|1781101591
|move|p1a: Pecharunt|Parting Shot|p2a: Fair and Balanced
|-unboost|p2a: Fair and Balanced|atk|1
|-unboost|p2a: Fair and Balanced|spa|1
|
|t:|1781101596
|switch|p1a: Excadrill|Excadrill, M|100/100|[from] Parting Shot
|-item|p1a: Excadrill|Air Balloon
|move|p2a: Fair and Balanced|Scald|p1a: Excadrill
|-supereffective|p1a: Excadrill
|-damage|p1a: Excadrill|78/100
|-enditem|p1a: Excadrill|Air Balloon
|
|-weather|Sandstorm|[upkeep]
|-damage|p2a: Fair and Balanced|82/100 brn|[from] Sandstorm
|-damage|p2a: Fair and Balanced|76/100 brn|[from] brn
|upkeep
|turn|26
|
|t:|1781101613
|move|p1a: Excadrill|Swords Dance|p1a: Excadrill
|-boost|p1a: Excadrill|atk|2
|move|p2a: Fair and Balanced|Flip Turn|p1a: Excadrill
|-supereffective|p1a: Excadrill
|-damage|p1a: Excadrill|62/100
|
|t:|1781101618
|switch|p2a: Keanu Reeves|Darkrai|71/100|[from] Flip Turn
|
|-weather|none
|upkeep
|turn|27
|
|t:|1781101651
|-terastallize|p2a: Keanu Reeves|Fighting
|move|p2a: Keanu Reeves|Drain Punch|p1a: Excadrill
|-supereffective|p1a: Excadrill
|-damage|p1a: Excadrill|0 fnt
|-heal|p2a: Keanu Reeves|100/100|[from] drain|[of] p1a: Excadrill
|faint|p1a: Excadrill
|
|upkeep
|
|t:|1781101659
|switch|p1a: Pecharunt|Pecharunt|94/100
|turn|28
|inactive|ridlostar has 120 seconds left.
|
|t:|1781101680
|switch|p2a: Fair and Balanced|Alomomola, F|100/100 brn
|move|p1a: Pecharunt|Parting Shot|p2a: Fair and Balanced
|-unboost|p2a: Fair and Balanced|atk|1
|-unboost|p2a: Fair and Balanced|spa|1
|
|t:|1781101689
|switch|p1a: Tyranitar|Tyranitar, F|100/100|[from] Parting Shot
|-weather|Sandstorm|[from] ability: Sand Stream|[of] p1a: Tyranitar
|
|-weather|Sandstorm|[upkeep]
|-damage|p2a: Fair and Balanced|94/100 brn|[from] Sandstorm
|-damage|p2a: Fair and Balanced|88/100 brn|[from] brn
|upkeep
|turn|29
|
|t:|1781101694
|move|p1a: Tyranitar|Knock Off|p2a: Fair and Balanced
|-damage|p2a: Fair and Balanced|28/100 brn
|-enditem|p2a: Fair and Balanced|Heavy-Duty Boots|[from] move: Knock Off|[of] p1a: Tyranitar
|move|p2a: Fair and Balanced|Flip Turn|p1a: Tyranitar
|-supereffective|p1a: Tyranitar
|-damage|p1a: Tyranitar|91/100
|
|t:|1781101701
|switch|p2a: Keanu Reeves|Darkrai, tera:Fighting|100/100|[from] Flip Turn
|
|-weather|Sandstorm|[upkeep]
|-damage|p2a: Keanu Reeves|94/100|[from] Sandstorm
|upkeep
|turn|30
|
|t:|1781101711
|switch|p1a: Pecharunt|Pecharunt|94/100
|move|p2a: Keanu Reeves|Ice Beam|p1a: Pecharunt
|-crit|p1a: Pecharunt
|-damage|p1a: Pecharunt|55/100
|
|-weather|Sandstorm|[upkeep]
|-damage|p2a: Keanu Reeves|88/100|[from] Sandstorm
|-damage|p1a: Pecharunt|49/100|[from] Sandstorm
|upkeep
|turn|31
|
|t:|1781101729
|move|p2a: Keanu Reeves|Ice Beam|p1a: Pecharunt
|-damage|p1a: Pecharunt|24/100
|move|p1a: Pecharunt|Recover|p1a: Pecharunt
|-heal|p1a: Pecharunt|74/100
|
|-weather|Sandstorm|[upkeep]
|-damage|p2a: Keanu Reeves|82/100|[from] Sandstorm
|-damage|p1a: Pecharunt|68/100|[from] Sandstorm
|upkeep
|turn|32
|
|t:|1781101737
|switch|p2a: Fair and Balanced|Alomomola, F|61/100 brn
|move|p1a: Pecharunt|Malignant Chain|p2a: Fair and Balanced
|-damage|p2a: Fair and Balanced|36/100 brn
|
|-weather|none
|-damage|p2a: Fair and Balanced|30/100 brn|[from] brn
|upkeep
|turn|33
|
|t:|1781101747
|move|p1a: Pecharunt|Malignant Chain|p2a: Fair and Balanced
|-damage|p2a: Fair and Balanced|8/100 brn
|move|p2a: Fair and Balanced|Flip Turn|p1a: Pecharunt
|-damage|p1a: Pecharunt|64/100
|
|t:|1781101754
|switch|p2a: Keanu Reeves|Darkrai, tera:Fighting|82/100|[from] Flip Turn
|
|upkeep
|turn|34
|
|t:|1781101764
|switch|p2a: Fair and Balanced|Alomomola, F|42/100 brn
|move|p1a: Pecharunt|Malignant Chain|p2a: Fair and Balanced
|-damage|p2a: Fair and Balanced|19/100 brn
|
|-damage|p2a: Fair and Balanced|13/100 brn|[from] brn
|upkeep
|turn|35
|
|t:|1781101769
|switch|p2a: why|Cresselia, F, shiny|50/100
|move|p1a: Pecharunt|Shadow Ball|p2a: why
|-supereffective|p2a: why
|-damage|p2a: why|16/100
|
|-heal|p2a: why|22/100|[from] item: Leftovers
|upkeep
|turn|36
|
|t:|1781101790
|switch|p2a: Keanu Reeves|Darkrai, tera:Fighting|82/100
|move|p1a: Pecharunt|Shadow Ball|p2a: Keanu Reeves
|-damage|p2a: Keanu Reeves|48/100
|
|upkeep
|turn|37
|
|t:|1781101806
|switch|p2a: Fair and Balanced|Alomomola, F|46/100 brn
|move|p1a: Pecharunt|Shadow Ball|p2a: Fair and Balanced
|-damage|p2a: Fair and Balanced|29/100 brn
|
|-damage|p2a: Fair and Balanced|23/100 brn|[from] brn
|upkeep
|turn|38
|
|t:|1781101818
|switch|p2a: why|Cresselia, F, shiny|22/100
|move|p1a: Pecharunt|Malignant Chain|p2a: why
|-damage|p2a: why|3/100
|
|-heal|p2a: why|9/100|[from] item: Leftovers
|upkeep
|turn|39
|
|t:|1781101823
|move|p1a: Pecharunt|Shadow Ball|p2a: why
|-supereffective|p2a: why
|-damage|p2a: why|0 fnt
|faint|p2a: why
|
|upkeep
|
|t:|1781101833
|switch|p2a: Fair and Balanced|Alomomola, F|56/100 brn
|turn|40
|
|t:|1781101862
|move|p1a: Pecharunt|Shadow Ball|p2a: Fair and Balanced
|-crit|p2a: Fair and Balanced
|-damage|p2a: Fair and Balanced|29/100 brn
|move|p2a: Fair and Balanced|Wish|p2a: Fair and Balanced
|
|-damage|p2a: Fair and Balanced|23/100 brn|[from] brn
|upkeep
|turn|41
|
|t:|1781101881
|move|p1a: Pecharunt|Malignant Chain|p2a: Fair and Balanced
|-damage|p2a: Fair and Balanced|1/100 brn
|move|p2a: Fair and Balanced|Flip Turn|p1a: Pecharunt
|-damage|p1a: Pecharunt|60/100
|
|t:|1781101884
|switch|p2a: Keanu Reeves|Darkrai, tera:Fighting|48/100|[from] Flip Turn
|
|-heal|p2a: Keanu Reeves|100/100|[from] move: Wish|[wisher] Fair and Balanced
|upkeep
|turn|42
|
|t:|1781101900
|move|p2a: Keanu Reeves|Ice Beam|p1a: Pecharunt
|-crit|p1a: Pecharunt
|-damage|p1a: Pecharunt|20/100
|move|p1a: Pecharunt|Malignant Chain|p2a: Keanu Reeves
|-damage|p2a: Keanu Reeves|62/100
|-status|p2a: Keanu Reeves|tox
|-start|p2a: Keanu Reeves|confusion|[from] ability: Poison Puppeteer|[of] p1a: Pecharunt
|
|-damage|p2a: Keanu Reeves|56/100 tox|[from] psn
|upkeep
|turn|43
|
|t:|1781101914
|switch|p2a: Fair and Balanced|Alomomola, F|34/100 brn
|move|p1a: Pecharunt|Recover|p1a: Pecharunt
|-heal|p1a: Pecharunt|70/100
|
|-damage|p2a: Fair and Balanced|28/100 brn|[from] brn
|upkeep
|turn|44
|
|t:|1781101919
|move|p1a: Pecharunt|Shadow Ball|p2a: Fair and Balanced
|-damage|p2a: Fair and Balanced|9/100 brn
|move|p2a: Fair and Balanced|Healing Wish|p2a: Fair and Balanced
|faint|p2a: Fair and Balanced
|
|upkeep
|
|t:|1781101922
|switch|p2a: Keanu Reeves|Darkrai, tera:Fighting|56/100 tox
|-heal|p2a: Keanu Reeves|100/100|[from] move: Healing Wish
|turn|45
|
|t:|1781101930
|move|p2a: Keanu Reeves|Ice Beam|p1a: Pecharunt
|-damage|p1a: Pecharunt|43/100
|-status|p1a: Pecharunt|frz
|cant|p1a: Pecharunt|frz
|
|upkeep
|turn|46
|
|t:|1781101935
|move|p2a: Keanu Reeves|Ice Beam|p1a: Pecharunt
|-damage|p1a: Pecharunt|18/100 frz
|cant|p1a: Pecharunt|frz
|
|upkeep
|turn|47
|
|t:|1781101938
|move|p2a: Keanu Reeves|Ice Beam|p1a: Pecharunt
|-damage|p1a: Pecharunt|0 fnt
|faint|p1a: Pecharunt
|
|upkeep
|
|t:|1781101942
|switch|p1a: Tornadus|Tornadus-Therian, M|100/100 brn
|turn|48
|
|t:|1781101948
|move|p2a: Keanu Reeves|Ice Beam|p1a: Tornadus
|-supereffective|p1a: Tornadus
|-damage|p1a: Tornadus|46/100 brn
|move|p1a: Tornadus|Bleakwind Storm|p2a: Keanu Reeves
|-supereffective|p2a: Keanu Reeves
|-damage|p2a: Keanu Reeves|0 fnt
|faint|p2a: Keanu Reeves
|
|win|zylsnbb
|raw|zylsnbb's rating: 1605 &rarr; <strong>1628</strong><br />(+23 for winning)
|raw|ridlostar's rating: 1658 &rarr; <strong>1635</strong><br />(-23 for losing)
|c|☆ridlostar|gg
|l|☆ridlostar
|player|p2|
|l|☆zylsnbb
|player|p1|
|l| newhere1310
