|badge|p1|silver|gen9ou|30-9
|uhtml|medal-msg|<div class="broadcast-blue">Curious what those medals under the avatar are? PS now has Ladder Seasons! For more information, check out the <a href="https://www.smogon.com/forums/threads/3740067/">thread on Smogon.</a></div>
|badge|p2|bronze|gen9ou|100-9
|uhtml|medal-msg|<div class="broadcast-blue">Curious what those medals under the avatar are? PS now has Ladder Seasons! For more information, check out the <a href="https://www.smogon.com/forums/threads/3740067/">thread on Smogon.</a></div>
|j|☆HO Only Bitch
|j|‽lt_alt1
|t:|1780967570
|gametype|singles
|player|p1|HO Only Bitch|giovanni|1925
|player|p2|lt_alt1|170|1836
|gen|9
|tier|[Gen 9] OU
|rated|
|rule|HP Percentage Mod: HP is shown in percentages
|rule|Endless Battle Clause: Forcing endless battles is banned
|rule|Species Clause: Limit one of each Pokémon
|rule|OHKO Clause: OHKO moves are banned
|rule|Evasion Items Clause: Evasion items are banned
|rule|Evasion Moves Clause: Evasion moves are banned
|rule|Evasion Abilities Clause: Evasion abilities are banned
|rule|Sleep Moves Clause: Sleep-inducing moves are banned
|clearpoke
|poke|p1|Clodsire, M|
|poke|p1|Toxapex, F|
|poke|p1|Corviknight, M|
|poke|p1|Dondozo, M|
|poke|p1|Hatterene, F|
|poke|p1|Gliscor, M|
|poke|p2|Darkrai|
|poke|p2|Slowking-Galar, M|
|poke|p2|Gholdengo|
|poke|p2|Iron Treads|
|poke|p2|Raging Bolt|
|poke|p2|Gliscor, M|
|teampreview
|inactive|Battle timer is ON: inactive players will automatically lose when time's up. (requested by HO Only Bitch)
|j| Goobshiester1st
|
|t:|1780967585
|teamsize|p1|6
|teamsize|p2|6
|start
|switch|p1a: nothing new there|Gliscor, M|100/100
|switch|p2a: Slowking|Slowking-Galar, M|100/100
|turn|1
|
|t:|1780967591
|move|p1a: nothing new there|Substitute|p1a: nothing new there
|-start|p1a: nothing new there|Substitute
|-damage|p1a: nothing new there|75/100
|move|p2a: Slowking|Future Sight|p1a: nothing new there
|-start|p2a: Slowking|move: Future Sight
|
|-status|p1a: nothing new there|tox|[from] item: Toxic Orb
|upkeep
|turn|2
|
|t:|1780967603
|move|p1a: nothing new there|Knock Off|p2a: Slowking
|-supereffective|p2a: Slowking
|-damage|p2a: Slowking|58/100
|-enditem|p2a: Slowking|Leftovers|[from] move: Knock Off|[of] p1a: nothing new there
|-prepare|p2a: Slowking|Chilly Reception|[premajor]
|move|p2a: Slowking|Chilly Reception|p2a: Slowking
|-weather|Snowscape
|
|t:|1780967605
|switch|p2a: Gliscor|Gliscor, M|100/100|[from] Chilly Reception
|
|-weather|Snowscape|[upkeep]
|-heal|p1a: nothing new there|88/100 tox|[from] ability: Poison Heal
|-status|p2a: Gliscor|tox|[from] item: Toxic Orb
|upkeep
|turn|3
|j| choispecs ironmoth
|
|t:|1780967618
|switch|p1a: love this for you|Hatterene, F|100/100
|move|p2a: Gliscor|Spikes|p1a: love this for you
|move|p1a: love this for you|Spikes|p2a: Gliscor|[from] ability: Magic Bounce
|-sidestart|p2: lt_alt1|Spikes
|
|-weather|Snowscape|[upkeep]
|-end|p1a: love this for you|move: Future Sight
|-resisted|p1a: love this for you
|-damage|p1a: love this for you|77/100
|-heal|p1a: love this for you|83/100|[from] item: Leftovers
|upkeep
|turn|4
|
|t:|1780967630
|move|p2a: Gliscor|Knock Off|p1a: love this for you
|-damage|p1a: love this for you|65/100
|-enditem|p1a: love this for you|Leftovers|[from] move: Knock Off|[of] p2a: Gliscor
|move|p1a: love this for you|Psychic Noise|p2a: Gliscor
|-damage|p2a: Gliscor|72/100 tox
|-start|p2a: Gliscor|move: Heal Block
|
|-weather|Snowscape|[upkeep]
|upkeep
|turn|5
|
|t:|1780967640
|switch|p2a: Slowking|Slowking-Galar, M|91/100
|-damage|p2a: Slowking|79/100|[from] Spikes
|move|p1a: love this for you|Pain Split|p2a: Slowking
|-sethp|p2a: Slowking|66/100|[from] move: Pain Split|[silent]
|-sethp|p1a: love this for you|81/100|[from] move: Pain Split
|
|-weather|Snowscape|[upkeep]
|upkeep
|turn|6
|
|t:|1780967650
|switch|p1a: per my last turn|Corviknight, M|100/100
|-ability|p1a: per my last turn|Pressure
|move|p2a: Slowking|Future Sight|p1a: per my last turn
|-start|p2a: Slowking|move: Future Sight
|
|-weather|none
|upkeep
|turn|7
|
|t:|1780967658
|move|p1a: per my last turn|Brave Bird|p2a: Slowking
|-damage|p2a: Slowking|33/100
|-damage|p1a: per my last turn|90/100|[from] Recoil
|-prepare|p2a: Slowking|Chilly Reception|[premajor]
|move|p2a: Slowking|Chilly Reception|p2a: Slowking
|-weather|Snowscape
|
|t:|1780967662
|switch|p2a: Iron Treads|Iron Treads|100/100|[from] Chilly Reception
|
|-weather|Snowscape|[upkeep]
|-heal|p1a: per my last turn|96/100|[from] item: Leftovers
|upkeep
|turn|8
|
|t:|1780967670
|move|p2a: Iron Treads|Rapid Spin|p1a: per my last turn
|-resisted|p1a: per my last turn
|-damage|p1a: per my last turn|91/100
|-boost|p2a: Iron Treads|spe|1
|-sideend|p2: lt_alt1|Spikes|[from] move: Rapid Spin|[of] p2a: Iron Treads
|move|p1a: per my last turn|Brave Bird|p2a: Iron Treads
|-resisted|p2a: Iron Treads
|-damage|p2a: Iron Treads|87/100
|-damage|p1a: per my last turn|87/100|[from] Recoil
|
|-weather|Snowscape|[upkeep]
|-end|p1a: per my last turn|move: Future Sight
|-resisted|p1a: per my last turn
|-damage|p1a: per my last turn|71/100
|-heal|p1a: per my last turn|77/100|[from] item: Leftovers
|upkeep
|turn|9
|
|t:|1780967684
|-end|p2a: Iron Treads|Quark Drive|[silent]
|switch|p2a: Gliscor|Gliscor, M|72/100 tox
|switch|p1a: love this for you|Hatterene, F|81/100
|
|-weather|Snowscape|[upkeep]
|-heal|p2a: Gliscor|85/100 tox|[from] ability: Poison Heal
|upkeep
|turn|10
|
|t:|1780967693
|move|p2a: Gliscor|Protect|p2a: Gliscor
|-singleturn|p2a: Gliscor|Protect
|move|p1a: love this for you|Nuzzle|p2a: Gliscor
|-activate|p2a: Gliscor|move: Protect
|
|-weather|Snowscape|[upkeep]
|-heal|p2a: Gliscor|97/100 tox|[from] ability: Poison Heal
|upkeep
|turn|11
|
|t:|1780967701
|move|p2a: Gliscor|Knock Off|p1a: love this for you
|-damage|p1a: love this for you|70/100
|move|p1a: love this for you|Pain Split|p2a: Gliscor
|-sethp|p2a: Gliscor|80/100 tox|[from] move: Pain Split|[silent]
|-sethp|p1a: love this for you|89/100|[from] move: Pain Split
|
|-weather|none
|-heal|p2a: Gliscor|93/100 tox|[from] ability: Poison Heal
|upkeep
|turn|12
|
|t:|1780967710
|switch|p2a: Slowking|Slowking-Galar, M|66/100
|move|p1a: love this for you|Nuzzle|p2a: Slowking
|-damage|p2a: Slowking|63/100
|-status|p2a: Slowking|par
|
|upkeep
|turn|13
|
|t:|1780967719
|switch|p1a: per my last turn|Corviknight, M|77/100
|-ability|p1a: per my last turn|Pressure
|move|p2a: Slowking|Future Sight|p1a: per my last turn
|-start|p2a: Slowking|move: Future Sight
|
|-heal|p1a: per my last turn|83/100|[from] item: Leftovers
|upkeep
|turn|14
|
|t:|1780967729
|switch|p1a: nothing new there|Gliscor, M|88/100 tox
|switch|p2a: Raging Bolt|Raging Bolt|100/100
|
|-heal|p1a: nothing new there|100/100 tox|[from] ability: Poison Heal
|upkeep
|turn|15
|
|t:|1780967740
|-end|p2a: Raging Bolt|Protosynthesis|[silent]
|switch|p2a: Gliscor|Gliscor, M|93/100 tox
|move|p1a: nothing new there|Protect||[still]
|-fail|p1a: nothing new there
|
|-end|p1a: nothing new there|move: Future Sight
|-crit|p1a: nothing new there
|-damage|p1a: nothing new there|12/100 tox
|-heal|p1a: nothing new there|25/100 tox|[from] ability: Poison Heal
|-heal|p2a: Gliscor|100/100 tox|[from] ability: Poison Heal
|upkeep
|turn|16
|
|t:|1780967750
|switch|p1a: love this for you|Hatterene, F|89/100
|switch|p2a: Darkrai|Darkrai|100/100
|
|upkeep
|turn|17
|
|t:|1780967758
|switch|p2a: Slowking|Slowking-Galar, M|96/100 par
|switch|p1a: calm down bro|Toxapex, F|100/100
|
|upkeep
|turn|18
|
|t:|1780967764
|switch|p1a: per my last turn|Corviknight, M|83/100
|-ability|p1a: per my last turn|Pressure
|move|p2a: Slowking|Future Sight|p1a: per my last turn
|-start|p2a: Slowking|move: Future Sight
|
|-heal|p1a: per my last turn|90/100|[from] item: Leftovers
|upkeep
|turn|19
|
|t:|1780967772
|switch|p1a: nothing new there|Gliscor, M|25/100 tox
|switch|p2a: Raging Bolt|Raging Bolt|100/100
|
|-heal|p1a: nothing new there|37/100 tox|[from] ability: Poison Heal
|upkeep
|turn|20
|
|t:|1780967783
|-terastallize|p1a: nothing new there|Dark
|move|p1a: nothing new there|Protect|p1a: nothing new there
|-singleturn|p1a: nothing new there|Protect
|move|p2a: Raging Bolt|Thunderbolt|p1a: nothing new there
|-activate|p1a: nothing new there|move: Protect
|
|-end|p1a: nothing new there|move: Future Sight
|-immune|p1a: nothing new there
|-heal|p1a: nothing new there|50/100 tox|[from] ability: Poison Heal
|upkeep
|turn|21
|
|t:|1780967802
|switch|p1a: did you calc that?|Clodsire, M|100/100
|move|p2a: Raging Bolt|Draco Meteor|p1a: did you calc that?
|-crit|p1a: did you calc that?
|-damage|p1a: did you calc that?|42/100
|-unboost|p2a: Raging Bolt|spa|2
|
|-heal|p1a: did you calc that?|48/100|[from] item: Leftovers
|upkeep
|turn|22
|
|t:|1780967812
|-end|p2a: Raging Bolt|Protosynthesis|[silent]
|switch|p2a: Slowking|Slowking-Galar, M|100/100 par
|move|p1a: did you calc that?|Recover|p1a: did you calc that?
|-heal|p1a: did you calc that?|98/100
|
|-heal|p1a: did you calc that?|100/100|[from] item: Leftovers
|upkeep
|turn|23
|
|t:|1780967821
|switch|p1a: per my last turn|Corviknight, M|90/100
|-ability|p1a: per my last turn|Pressure
|move|p2a: Slowking|Future Sight|p1a: per my last turn
|-start|p2a: Slowking|move: Future Sight
|
|-heal|p1a: per my last turn|96/100|[from] item: Leftovers
|upkeep
|turn|24
|
|t:|1780967829
|move|p1a: per my last turn|Brave Bird|p2a: Slowking
|-damage|p2a: Slowking|67/100 par
|-damage|p1a: per my last turn|85/100|[from] Recoil
|-prepare|p2a: Slowking|Chilly Reception|[premajor]
|cant|p2a: Slowking|par
|
|-heal|p1a: per my last turn|91/100|[from] item: Leftovers
|upkeep
|turn|25
|
|t:|1780967838
|move|p1a: per my last turn|Brave Bird|p2a: Slowking
|-damage|p2a: Slowking|31/100 par
|-damage|p1a: per my last turn|80/100|[from] Recoil
|-prepare|p2a: Slowking|Chilly Reception|[premajor]
|cant|p2a: Slowking|par
|
|-end|p1a: per my last turn|move: Future Sight
|-resisted|p1a: per my last turn
|-damage|p1a: per my last turn|64/100
|-heal|p1a: per my last turn|70/100|[from] item: Leftovers
|upkeep
|turn|26
|
|t:|1780967850
|switch|p1a: nothing new there|Gliscor, M, tera:Dark|50/100 tox
|switch|p2a: Gliscor|Gliscor, M|100/100 tox
|
|-heal|p1a: nothing new there|62/100 tox|[from] ability: Poison Heal
|upkeep
|turn|27
|
|t:|1780967858
|switch|p1a: love this for you|Hatterene, F|89/100
|move|p2a: Gliscor|Knock Off|p1a: love this for you
|-damage|p1a: love this for you|78/100
|
|upkeep
|turn|28
|
|t:|1780967864
|move|p2a: Gliscor|Knock Off|p1a: love this for you
|-damage|p1a: love this for you|67/100
|move|p1a: love this for you|Psychic Noise|p2a: Gliscor
|-damage|p2a: Gliscor|68/100 tox
|-start|p2a: Gliscor|move: Heal Block
|
|upkeep
|turn|29
|
|t:|1780967872
|switch|p2a: Slowking|Slowking-Galar, M|65/100 par
|move|p1a: love this for you|Psychic Noise|p2a: Slowking
|-damage|p2a: Slowking|44/100 par
|-start|p2a: Slowking|move: Heal Block
|
|upkeep
|turn|30
|
|t:|1780967882
|switch|p1a: nothing new there|Gliscor, M, tera:Dark|62/100 tox
|move|p2a: Slowking|Future Sight|p1a: nothing new there
|-start|p2a: Slowking|move: Future Sight
|
|-heal|p1a: nothing new there|75/100 tox|[from] ability: Poison Heal
|-end|p2a: Slowking|move: Heal Block
|upkeep
|turn|31
|
|t:|1780967890
|switch|p2a: Gliscor|Gliscor, M|68/100 tox
|move|p1a: nothing new there|Knock Off|p2a: Gliscor
|-damage|p2a: Gliscor|44/100 tox
|-enditem|p2a: Gliscor|Toxic Orb|[from] move: Knock Off|[of] p1a: nothing new there
|
|-heal|p1a: nothing new there|87/100 tox|[from] ability: Poison Heal
|-heal|p2a: Gliscor|56/100 tox|[from] ability: Poison Heal
|upkeep
|turn|32
|
|t:|1780967899
|switch|p1a: love this for you|Hatterene, F|67/100
|move|p2a: Gliscor|Spikes|p1a: love this for you
|move|p1a: love this for you|Spikes|p2a: Gliscor|[from] ability: Magic Bounce
|-sidestart|p2: lt_alt1|Spikes
|
|-end|p1a: love this for you|move: Future Sight
|-resisted|p1a: love this for you
|-damage|p1a: love this for you|42/100
|-heal|p2a: Gliscor|69/100 tox|[from] ability: Poison Heal
|upkeep
|turn|33
|
|t:|1780967911
|move|p2a: Gliscor|Protect|p2a: Gliscor
|-singleturn|p2a: Gliscor|Protect
|move|p1a: love this for you|Pain Split|p2a: Gliscor
|-activate|p2a: Gliscor|move: Protect
|
|-heal|p2a: Gliscor|81/100 tox|[from] ability: Poison Heal
|upkeep
|turn|34
|
|t:|1780967919
|switch|p2a: Slowking|Slowking-Galar, M|78/100 par
|-damage|p2a: Slowking|65/100 par|[from] Spikes
|move|p1a: love this for you|Pain Split|p2a: Slowking
|-sethp|p2a: Slowking|50/100 par|[from] move: Pain Split|[silent]
|-sethp|p1a: love this for you|61/100|[from] move: Pain Split
|
|upkeep
|turn|35
|
|t:|1780967927
|switch|p1a: per my last turn|Corviknight, M|70/100
|-ability|p1a: per my last turn|Pressure
|move|p2a: Slowking|Future Sight|p1a: per my last turn
|-start|p2a: Slowking|move: Future Sight
|
|-heal|p1a: per my last turn|76/100|[from] item: Leftovers
|upkeep
|turn|36
|
|t:|1780967935
|switch|p2a: Iron Treads|Iron Treads|87/100
|move|p1a: per my last turn|Brave Bird|p2a: Iron Treads
|-resisted|p2a: Iron Treads
|-damage|p2a: Iron Treads|73/100
|-damage|p1a: per my last turn|72/100|[from] Recoil
|
|-heal|p1a: per my last turn|78/100|[from] item: Leftovers
|upkeep
|turn|37
|
|t:|1780967948
|move|p1a: per my last turn|Protect|p1a: per my last turn
|-singleturn|p1a: per my last turn|Protect
|move|p2a: Iron Treads|Rapid Spin|p1a: per my last turn
|-activate|p1a: per my last turn|move: Protect
|
|-end|p1a: per my last turn|move: Future Sight
|-resisted|p1a: per my last turn
|-damage|p1a: per my last turn|61/100
|-heal|p1a: per my last turn|68/100|[from] item: Leftovers
|upkeep
|turn|38
|
|t:|1780967958
|switch|p1a: love this for you|Hatterene, F|61/100
|move|p2a: Iron Treads|Rapid Spin|p1a: love this for you
|-damage|p1a: love this for you|51/100
|-boost|p2a: Iron Treads|spe|1
|-sideend|p2: lt_alt1|Spikes|[from] move: Rapid Spin|[of] p2a: Iron Treads
|
|upkeep
|turn|39
|
|t:|1780967966
|move|p2a: Iron Treads|Earthquake|p1a: love this for you
|-damage|p1a: love this for you|21/100
|move|p1a: love this for you|Pain Split|p2a: Iron Treads
|-sethp|p2a: Iron Treads|45/100|[from] move: Pain Split|[silent]
|-sethp|p1a: love this for you|54/100|[from] move: Pain Split
|
|upkeep
|turn|40
|
|t:|1780967973
|move|p2a: Iron Treads|Earthquake|p1a: love this for you
|-damage|p1a: love this for you|25/100
|move|p1a: love this for you|Pain Split|p2a: Iron Treads
|-sethp|p2a: Iron Treads|33/100|[from] move: Pain Split|[silent]
|-sethp|p1a: love this for you|39/100|[from] move: Pain Split
|
|upkeep
|turn|41
|
|t:|1780967981
|switch|p1a: per my last turn|Corviknight, M|68/100
|-ability|p1a: per my last turn|Pressure
|move|p2a: Iron Treads|Earthquake|p1a: per my last turn
|-immune|p1a: per my last turn
|
|-heal|p1a: per my last turn|74/100|[from] item: Leftovers
|upkeep
|turn|42
|j| Hakone Outbound
|
|t:|1780967990
|move|p2a: Iron Treads|Earthquake|p1a: per my last turn
|-immune|p1a: per my last turn
|move|p1a: per my last turn|Defog|p2a: Iron Treads
|-unboost|p2a: Iron Treads|evasion|1
|
|-heal|p1a: per my last turn|80/100|[from] item: Leftovers
|upkeep
|turn|43
|
|t:|1780967998
|-end|p2a: Iron Treads|Quark Drive|[silent]
|switch|p2a: Raging Bolt|Raging Bolt|100/100
|move|p1a: per my last turn|Defog|p2a: Raging Bolt
|-unboost|p2a: Raging Bolt|evasion|1
|
|-heal|p1a: per my last turn|86/100|[from] item: Leftovers
|upkeep
|turn|44
|
|t:|1780968006
|-end|p2a: Raging Bolt|Protosynthesis|[silent]
|switch|p2a: Darkrai|Darkrai|100/100
|move|p1a: per my last turn|Protect||[still]
|-fail|p1a: per my last turn
|
|-heal|p1a: per my last turn|93/100|[from] item: Leftovers
|upkeep
|turn|45
|
|t:|1780968015
|switch|p1a: calm down bro|Toxapex, F|100/100
|move|p2a: Darkrai|Nasty Plot|p2a: Darkrai
|-boost|p2a: Darkrai|spa|2
|
|upkeep
|turn|46
|
|t:|1780968024
|switch|p2a: Slowking|Slowking-Galar, M|83/100 par
|move|p1a: calm down bro|Baneful Bunker||[still]
|-fail|p1a: calm down bro
|
|upkeep
|turn|47
|
|t:|1780968034
|switch|p1a: per my last turn|Corviknight, M|93/100
|-ability|p1a: per my last turn|Pressure
|switch|p2a: Darkrai|Darkrai|100/100
|
|-heal|p1a: per my last turn|99/100|[from] item: Leftovers
|upkeep
|turn|48
|
|t:|1780968043
|move|p2a: Darkrai|Nasty Plot|p2a: Darkrai
|-boost|p2a: Darkrai|spa|2
|move|p1a: per my last turn|Brave Bird|p2a: Darkrai
|-damage|p2a: Darkrai|53/100
|-damage|p1a: per my last turn|87/100|[from] Recoil
|
|-heal|p2a: Darkrai|59/100|[from] item: Leftovers
|-heal|p1a: per my last turn|93/100|[from] item: Leftovers
|upkeep
|turn|49
|
|t:|1780968053
|move|p1a: per my last turn|Protect|p1a: per my last turn
|-singleturn|p1a: per my last turn|Protect
|move|p2a: Darkrai|Ice Beam|p1a: per my last turn
|-activate|p1a: per my last turn|move: Protect
|
|-heal|p2a: Darkrai|65/100|[from] item: Leftovers
|-heal|p1a: per my last turn|99/100|[from] item: Leftovers
|upkeep
|turn|50
|
|t:|1780968063
|switch|p1a: did you calc that?|Clodsire, M|100/100
|move|p2a: Darkrai|Ice Beam|p1a: did you calc that?
|-supereffective|p1a: did you calc that?
|-damage|p1a: did you calc that?|66/100
|
|-heal|p2a: Darkrai|71/100|[from] item: Leftovers
|-heal|p1a: did you calc that?|72/100|[from] item: Leftovers
|upkeep
|turn|51
|
|t:|1780968071
|move|p2a: Darkrai|Ice Beam|p1a: did you calc that?
|-supereffective|p1a: did you calc that?
|-damage|p1a: did you calc that?|42/100
|-status|p1a: did you calc that?|frz
|-curestatus|p1a: did you calc that?|frz|[msg]
|move|p1a: did you calc that?|Poison Jab|p2a: Darkrai
|-damage|p2a: Darkrai|44/100
|
|-heal|p2a: Darkrai|50/100|[from] item: Leftovers
|-heal|p1a: did you calc that?|48/100|[from] item: Leftovers
|upkeep
|turn|52
|
|t:|1780968083
|move|p2a: Darkrai|Ice Beam|p1a: did you calc that?
|-supereffective|p1a: did you calc that?
|-damage|p1a: did you calc that?|14/100
|move|p1a: did you calc that?|Recover|p1a: did you calc that?
|-heal|p1a: did you calc that?|64/100
|
|-heal|p2a: Darkrai|56/100|[from] item: Leftovers
|-heal|p1a: did you calc that?|70/100|[from] item: Leftovers
|upkeep
|turn|53
|
|t:|1780968091
|move|p2a: Darkrai|Ice Beam|p1a: did you calc that?
|-supereffective|p1a: did you calc that?
|-damage|p1a: did you calc that?|36/100
|move|p1a: did you calc that?|Recover|p1a: did you calc that?
|-heal|p1a: did you calc that?|86/100
|
|-heal|p2a: Darkrai|62/100|[from] item: Leftovers
|-heal|p1a: did you calc that?|92/100|[from] item: Leftovers
|upkeep
|turn|54
|
|t:|1780968100
|switch|p2a: Gliscor|Gliscor, M|81/100 tox
|move|p1a: did you calc that?|Earthquake|p2a: Gliscor
|-immune|p2a: Gliscor
|
|-heal|p1a: did you calc that?|98/100|[from] item: Leftovers
|-heal|p2a: Gliscor|94/100 tox|[from] ability: Poison Heal
|upkeep
|turn|55
|
|t:|1780968112
|switch|p2a: Iron Treads|Iron Treads|33/100
|switch|p1a: love this for you|Hatterene, F|39/100
|
|upkeep
|turn|56
|
|t:|1780968123
|-end|p2a: Iron Treads|Quark Drive|[silent]
|switch|p2a: Darkrai|Darkrai|62/100
|switch|p1a: per my last turn|Corviknight, M|99/100
|-ability|p1a: per my last turn|Pressure
|
|-heal|p2a: Darkrai|68/100|[from] item: Leftovers
|-heal|p1a: per my last turn|100/100|[from] item: Leftovers
|upkeep
|turn|57
|
|t:|1780968132
|switch|p2a: Raging Bolt|Raging Bolt|100/100
|move|p1a: per my last turn|Brave Bird|p2a: Raging Bolt
|-resisted|p2a: Raging Bolt
|-damage|p2a: Raging Bolt|85/100
|-damage|p1a: per my last turn|95/100|[from] Recoil
|
|-heal|p2a: Raging Bolt|91/100|[from] item: Leftovers
|-heal|p1a: per my last turn|100/100|[from] item: Leftovers
|upkeep
|turn|58
|
|t:|1780968140
|move|p1a: per my last turn|Protect|p1a: per my last turn
|-singleturn|p1a: per my last turn|Protect
|move|p2a: Raging Bolt|Calm Mind|p2a: Raging Bolt
|-boost|p2a: Raging Bolt|spa|1
|-boost|p2a: Raging Bolt|spd|1
|
|-heal|p2a: Raging Bolt|97/100|[from] item: Leftovers
|upkeep
|turn|59
|
|t:|1780968149
|switch|p1a: did you calc that?|Clodsire, M|98/100
|move|p2a: Raging Bolt|Draco Meteor|p1a: did you calc that?
|-damage|p1a: did you calc that?|59/100
|-unboost|p2a: Raging Bolt|spa|2
|
|-heal|p2a: Raging Bolt|100/100|[from] item: Leftovers
|-heal|p1a: did you calc that?|65/100|[from] item: Leftovers
|upkeep
|turn|60
|
|t:|1780968158
|-end|p2a: Raging Bolt|Protosynthesis|[silent]
|switch|p2a: Gliscor|Gliscor, M|94/100 tox
|move|p1a: did you calc that?|Recover|p1a: did you calc that?
|-heal|p1a: did you calc that?|100/100
|
|-heal|p2a: Gliscor|100/100 tox|[from] ability: Poison Heal
|upkeep
|turn|61
|
|t:|1780968166
|switch|p1a: love this for you|Hatterene, F|39/100
|move|p2a: Gliscor|Knock Off|p1a: love this for you
|-damage|p1a: love this for you|28/100
|
|upkeep
|turn|62
|
|t:|1780968172
|switch|p2a: Iron Treads|Iron Treads|33/100
|move|p1a: love this for you|Pain Split|p2a: Iron Treads
|-sethp|p2a: Iron Treads|28/100|[from] move: Pain Split|[silent]
|-sethp|p1a: love this for you|34/100|[from] move: Pain Split
|
|upkeep
|turn|63
|
|t:|1780968180
|-end|p2a: Iron Treads|Quark Drive|[silent]
|switch|p2a: Darkrai|Darkrai|68/100
|switch|p1a: per my last turn|Corviknight, M|100/100
|-ability|p1a: per my last turn|Pressure
|
|-heal|p2a: Darkrai|74/100|[from] item: Leftovers
|upkeep
|turn|64
|
|t:|1780968190
|switch|p2a: Raging Bolt|Raging Bolt|100/100
|switch|p1a: nothing new there|Gliscor, M, tera:Dark|87/100 tox
|
|-heal|p1a: nothing new there|99/100 tox|[from] ability: Poison Heal
|upkeep
|turn|65
|
|t:|1780968198
|switch|p1a: love this for you|Hatterene, F|34/100
|-end|p2a: Raging Bolt|Protosynthesis|[silent]
|switch|p2a: Gliscor|Gliscor, M|100/100 tox
|
|upkeep
|turn|66
|
|t:|1780968204
|switch|p2a: Iron Treads|Iron Treads|28/100
|move|p1a: love this for you|Psychic Noise|p2a: Iron Treads
|-resisted|p2a: Iron Treads
|-damage|p2a: Iron Treads|9/100
|-start|p2a: Iron Treads|move: Heal Block
|
|upkeep
|turn|67
|
|t:|1780968213
|-end|p2a: Iron Treads|Quark Drive|[silent]
|switch|p2a: Darkrai|Darkrai|74/100
|switch|p1a: per my last turn|Corviknight, M|100/100
|-ability|p1a: per my last turn|Pressure
|
|-heal|p2a: Darkrai|80/100|[from] item: Leftovers
|upkeep
|turn|68
|
|t:|1780968222
|move|p2a: Darkrai|Nasty Plot|p2a: Darkrai
|-boost|p2a: Darkrai|spa|2
|move|p1a: per my last turn|Brave Bird|p2a: Darkrai
|-damage|p2a: Darkrai|31/100
|-damage|p1a: per my last turn|88/100|[from] Recoil
|
|-heal|p2a: Darkrai|37/100|[from] item: Leftovers
|-heal|p1a: per my last turn|94/100|[from] item: Leftovers
|upkeep
|turn|69
|
|t:|1780968232
|move|p2a: Darkrai|Dark Pulse|p1a: per my last turn
|-damage|p1a: per my last turn|35/100
|move|p1a: per my last turn|Brave Bird|p2a: Darkrai
|-damage|p2a: Darkrai|0 fnt
|faint|p2a: Darkrai
|-damage|p1a: per my last turn|26/100|[from] Recoil
|
|-heal|p1a: per my last turn|32/100|[from] item: Leftovers
|upkeep
|
|t:|1780968236
|switch|p2a: Gholdengo|Gholdengo|100/100
|turn|70
|
|t:|1780968244
|move|p1a: per my last turn|Protect|p1a: per my last turn
|-singleturn|p1a: per my last turn|Protect
|move|p2a: Gholdengo|Nasty Plot|p2a: Gholdengo
|-boost|p2a: Gholdengo|spa|2
|
|-heal|p1a: per my last turn|38/100|[from] item: Leftovers
|upkeep
|turn|71
|
|t:|1780968254
|switch|p2a: Gliscor|Gliscor, M|100/100 tox
|switch|p1a: did you calc that?|Clodsire, M|100/100
|
|upkeep
|turn|72
|
|t:|1780968260
|switch|p1a: love this for you|Hatterene, F|34/100
|move|p2a: Gliscor|Knock Off|p1a: love this for you
|-damage|p1a: love this for you|23/100
|
|upkeep
|turn|73
|
|t:|1780968266
|move|p2a: Gliscor|Knock Off|p1a: love this for you
|-damage|p1a: love this for you|11/100
|move|p1a: love this for you|Pain Split|p2a: Gliscor
|-sethp|p2a: Gliscor|55/100 tox|[from] move: Pain Split|[silent]
|-sethp|p1a: love this for you|61/100|[from] move: Pain Split
|
|-heal|p2a: Gliscor|67/100 tox|[from] ability: Poison Heal
|upkeep
|turn|74
|-message|lt_alt1 forfeited.
|
|win|HO Only Bitch
|raw|HO Only Bitch's rating: 1925 &rarr; <strong>1940</strong><br />(+15 for winning)
|raw|lt_alt1's rating: 1836 &rarr; <strong>1821</strong><br />(-15 for losing)
|l|‽lt_alt1
|player|p2|
|l|☆HO Only Bitch
|player|p1|
