|j|☆minhoto
|j|☆Skere_
|t:|1781088259
|gametype|singles
|player|p1|minhoto|1|1590
|player|p2|Skere_|ghetsis-gen5bw|1558
|gen|9
|tier|[Gen 9] OU
|rated|
|rule|HP Percentage Mod: HP is shown in percentages
|rule|Endless Battle Clause: Forcing endless battles is banned
|rule|Species Clause: Limit one of each Pokémon
|rule|OHKO Clause: OHKO moves are banned
|rule|Evasion Items Clause: Evasion items are banned
|rule|Evasion Moves Clause: Evasion moves are banned
|rule|Evasion Abilities Clause: Evasion abilities are banned
|rule|Sleep Moves Clause: Sleep-inducing moves are banned
|clearpoke
|poke|p1|Blissey, F|
|poke|p1|Corviknight, F|
|poke|p1|Cinderace, F|
|poke|p1|Dondozo, M|
|poke|p1|Slowking-Galar, M|
|poke|p1|Toxapex, F|
|poke|p2|Kyurem|
|poke|p2|Rillaboom, F|
|poke|p2|Garganacl, F|
|poke|p2|Pecharunt|
|poke|p2|Iron Treads|
|poke|p2|Zamazenta-*|
|teampreview
|inactive|Battle timer is ON: inactive players will automatically lose when time's up. (requested by minhoto)
|
|t:|1781088263
|teamsize|p1|6
|teamsize|p2|6
|start
|switch|p1a: Slowking|Slowking-Galar, M|100/100
|switch|p2a: Iron Treads|Iron Treads|100/100
|turn|1
|
|t:|1781088267
|move|p2a: Iron Treads|Knock Off|p1a: Slowking
|-supereffective|p1a: Slowking
|-crit|p1a: Slowking
|-damage|p1a: Slowking|21/100
|-enditem|p1a: Slowking|Black Sludge|[from] move: Knock Off|[of] p2a: Iron Treads
|move|p1a: Slowking|Trick|p2a: Iron Treads
|-activate|p1a: Slowking|move: Trick|[of] p2a: Iron Treads
|-enditem|p2a: Iron Treads|Assault Vest|[silent]|[from] move: Trick
|-item|p1a: Slowking|Assault Vest|[from] move: Trick
|
|upkeep
|turn|2
|
|t:|1781088280
|switch|p1a: Corviknight|Corviknight, F|100/100
|-ability|p1a: Corviknight|Pressure
|move|p2a: Iron Treads|Knock Off|p1a: Corviknight
|-damage|p1a: Corviknight|76/100
|-damage|p2a: Iron Treads|84/100|[from] item: Rocky Helmet|[of] p1a: Corviknight
|-enditem|p1a: Corviknight|Rocky Helmet|[from] move: Knock Off|[of] p2a: Iron Treads
|
|upkeep
|turn|3
|inactive|Skere_ has 120 seconds left.
|
|t:|1781088311
|-end|p2a: Iron Treads|Quark Drive|[silent]
|switch|p2a: Garganacl|Garganacl, F|100/100
|move|p1a: Corviknight|U-turn|p2a: Garganacl
|-damage|p2a: Garganacl|92/100
|
|t:|1781088313
|switch|p1a: Slowking|Slowking-Galar, M|54/100|[from] U-turn
|
|-heal|p2a: Garganacl|98/100|[from] item: Leftovers
|upkeep
|turn|4
|
|t:|1781088320
|switch|p1a: Toxapex|Toxapex, F|100/100
|move|p2a: Garganacl|Stealth Rock|p1a: Toxapex
|-sidestart|p1: minhoto|move: Stealth Rock
|
|-heal|p2a: Garganacl|100/100|[from] item: Leftovers
|upkeep
|turn|5
|
|t:|1781088325
|switch|p1a: Slowking|Slowking-Galar, M|87/100
|-damage|p1a: Slowking|75/100|[from] Stealth Rock
|move|p2a: Garganacl|Salt Cure|p1a: Slowking
|-damage|p1a: Slowking|64/100
|-start|p1a: Slowking|Salt Cure
|
|-damage|p1a: Slowking|52/100|[from] Salt Cure
|upkeep
|turn|6
|
|t:|1781088335
|switch|p1a: Toxapex|Toxapex, F|100/100
|-damage|p1a: Toxapex|88/100|[from] Stealth Rock
|move|p2a: Garganacl|Salt Cure|p1a: Toxapex
|-damage|p1a: Toxapex|78/100
|-start|p1a: Toxapex|Salt Cure
|
|-damage|p1a: Toxapex|53/100|[from] Salt Cure
|upkeep
|turn|7
|
|t:|1781088354
|switch|p2a: Iron Treads|Iron Treads|84/100
|switch|p1a: Slowking|Slowking-Galar, M|85/100
|-damage|p1a: Slowking|73/100|[from] Stealth Rock
|
|upkeep
|turn|8
|
|t:|1781088371
|switch|p1a: Corviknight|Corviknight, F|76/100
|-damage|p1a: Corviknight|64/100|[from] Stealth Rock
|-ability|p1a: Corviknight|Pressure
|move|p2a: Iron Treads|Knock Off|p1a: Corviknight
|-damage|p1a: Corviknight|49/100
|
|upkeep
|turn|9
|
|t:|1781088388
|-end|p2a: Iron Treads|Quark Drive|[silent]
|switch|p2a: Garganacl|Garganacl, F|100/100
|move|p1a: Corviknight|Defog|p2a: Garganacl
|-unboost|p2a: Garganacl|evasion|1
|-sideend|p1: minhoto|Stealth Rock|[from] move: Defog|[of] p1a: Corviknight
|
|upkeep
|turn|10
|
|t:|1781088394
|switch|p1a: Slowking|Slowking-Galar, M|100/100
|move|p2a: Garganacl|Stealth Rock|p1a: Slowking
|-sidestart|p1: minhoto|move: Stealth Rock
|
|upkeep
|turn|11
|
|t:|1781088398
|move|p2a: Garganacl|Salt Cure|p1a: Slowking
|-damage|p1a: Slowking|89/100
|-start|p1a: Slowking|Salt Cure
|move|p1a: Slowking|Future Sight|p2a: Garganacl
|-start|p1a: Slowking|move: Future Sight
|
|-damage|p1a: Slowking|77/100|[from] Salt Cure
|upkeep
|turn|12
|
|t:|1781088412
|switch|p1a: Toxapex|Toxapex, F|86/100
|-damage|p1a: Toxapex|74/100|[from] Stealth Rock
|move|p2a: Garganacl|Protect||[still]
|-fail|p2a: Garganacl
|
|upkeep
|turn|13
|
|t:|1781088417
|switch|p1a: Slowking|Slowking-Galar, M|100/100
|-damage|p1a: Slowking|88/100|[from] Stealth Rock
|move|p2a: Garganacl|Stealth Rock||[still]
|-fail|p2a: Garganacl
|
|-end|p2a: Garganacl|move: Future Sight
|-damage|p2a: Garganacl|68/100
|-heal|p2a: Garganacl|74/100|[from] item: Leftovers
|upkeep
|turn|14
|
|t:|1781088424
|move|p2a: Garganacl|Stealth Rock||[still]
|-fail|p2a: Garganacl
|move|p1a: Slowking|Future Sight|p2a: Garganacl
|-start|p1a: Slowking|move: Future Sight
|
|-heal|p2a: Garganacl|80/100|[from] item: Leftovers
|upkeep
|turn|15
|
|t:|1781088427
|switch|p1a: Toxapex|Toxapex, F|100/100
|-damage|p1a: Toxapex|88/100|[from] Stealth Rock
|move|p2a: Garganacl|Salt Cure|p1a: Toxapex
|-crit|p1a: Toxapex
|-damage|p1a: Toxapex|74/100
|-start|p1a: Toxapex|Salt Cure
|
|-heal|p2a: Garganacl|86/100|[from] item: Leftovers
|-damage|p1a: Toxapex|49/100|[from] Salt Cure
|upkeep
|turn|16
|
|t:|1781088435
|switch|p1a: Slowking|Slowking-Galar, M|100/100
|-damage|p1a: Slowking|88/100|[from] Stealth Rock
|move|p2a: Garganacl|Stealth Rock||[still]
|-fail|p2a: Garganacl
|
|-end|p2a: Garganacl|move: Future Sight
|-damage|p2a: Garganacl|56/100
|-heal|p2a: Garganacl|62/100|[from] item: Leftovers
|upkeep
|turn|17
|
|t:|1781088438
|move|p2a: Garganacl|Recover|p2a: Garganacl
|-heal|p2a: Garganacl|100/100
|move|p1a: Slowking|Future Sight|p2a: Garganacl
|-start|p1a: Slowking|move: Future Sight
|
|upkeep
|turn|18
|
|t:|1781088456
|switch|p1a: Toxapex|Toxapex, F|82/100
|-damage|p1a: Toxapex|70/100|[from] Stealth Rock
|move|p2a: Garganacl|Stealth Rock||[still]
|-fail|p2a: Garganacl
|
|upkeep
|turn|19
|
|t:|1781088459
|switch|p1a: Slowking|Slowking-Galar, M|100/100
|-damage|p1a: Slowking|88/100|[from] Stealth Rock
|move|p2a: Garganacl|Protect||[still]
|-fail|p2a: Garganacl
|
|-end|p2a: Garganacl|move: Future Sight
|-damage|p2a: Garganacl|69/100
|-heal|p2a: Garganacl|75/100|[from] item: Leftovers
|upkeep
|turn|20
|
|t:|1781088465
|move|p2a: Garganacl|Stealth Rock||[still]
|-fail|p2a: Garganacl
|move|p1a: Slowking|Future Sight|p2a: Garganacl
|-start|p1a: Slowking|move: Future Sight
|
|-heal|p2a: Garganacl|81/100|[from] item: Leftovers
|upkeep
|turn|21
|
|t:|1781088472
|switch|p1a: Toxapex|Toxapex, F|100/100
|-damage|p1a: Toxapex|88/100|[from] Stealth Rock
|move|p2a: Garganacl|Stealth Rock||[still]
|-fail|p2a: Garganacl
|
|-heal|p2a: Garganacl|88/100|[from] item: Leftovers
|upkeep
|turn|22
|
|t:|1781088475
|switch|p1a: Slowking|Slowking-Galar, M|100/100
|-damage|p1a: Slowking|88/100|[from] Stealth Rock
|move|p2a: Garganacl|Stealth Rock||[still]
|-fail|p2a: Garganacl
|
|-end|p2a: Garganacl|move: Future Sight
|-damage|p2a: Garganacl|59/100
|-heal|p2a: Garganacl|65/100|[from] item: Leftovers
|upkeep
|turn|23
|c|☆Skere_|what is the point
|
|t:|1781088486
|move|p2a: Garganacl|Stealth Rock||[still]
|-fail|p2a: Garganacl
|move|p1a: Slowking|Future Sight|p2a: Garganacl
|-start|p1a: Slowking|move: Future Sight
|
|-heal|p2a: Garganacl|71/100|[from] item: Leftovers
|upkeep
|turn|24
|
|t:|1781088491
|switch|p1a: Toxapex|Toxapex, F|100/100
|-damage|p1a: Toxapex|88/100|[from] Stealth Rock
|move|p2a: Garganacl|Stealth Rock||[still]
|-fail|p2a: Garganacl
|
|-heal|p2a: Garganacl|77/100|[from] item: Leftovers
|upkeep
|turn|25
|
|t:|1781088493
|switch|p1a: Slowking|Slowking-Galar, M|100/100
|-damage|p1a: Slowking|88/100|[from] Stealth Rock
|move|p2a: Garganacl|Stealth Rock||[still]
|-fail|p2a: Garganacl
|
|-end|p2a: Garganacl|move: Future Sight
|-damage|p2a: Garganacl|48/100
|-heal|p2a: Garganacl|54/100|[from] item: Leftovers
|upkeep
|turn|26
|
|t:|1781088502
|switch|p1a: Blissey|Blissey, F|100/100
|-damage|p1a: Blissey|88/100|[from] Stealth Rock
|move|p2a: Garganacl|Stealth Rock||[still]
|-fail|p2a: Garganacl
|
|-heal|p2a: Garganacl|60/100|[from] item: Leftovers
|upkeep
|turn|27
|
|t:|1781088504
|move|p1a: Blissey|Trick|p2a: Garganacl
|-activate|p1a: Blissey|move: Trick|[of] p2a: Garganacl
|-item|p2a: Garganacl|Choice Specs|[from] move: Trick
|-item|p1a: Blissey|Leftovers|[from] move: Trick
|move|p2a: Garganacl|Recover|p2a: Garganacl
|-heal|p2a: Garganacl|100/100
|
|-heal|p1a: Blissey|94/100|[from] item: Leftovers
|upkeep
|turn|28
|
|t:|1781088517
|switch|p1a: Slowking|Slowking-Galar, M|100/100
|-damage|p1a: Slowking|88/100|[from] Stealth Rock
|switch|p2a: Kyurem|Kyurem|100/100
|-ability|p2a: Kyurem|Pressure
|
|upkeep
|turn|29
|j| testingrainteam1
|
|t:|1781088520
|move|p2a: Kyurem|Substitute|p2a: Kyurem
|-start|p2a: Kyurem|Substitute
|-damage|p2a: Kyurem|76/100
|move|p1a: Slowking|Future Sight|p2a: Kyurem
|-start|p1a: Slowking|move: Future Sight
|
|-heal|p2a: Kyurem|82/100|[from] item: Leftovers
|upkeep
|turn|30
|
|t:|1781088528
|move|p2a: Kyurem|Earth Power|p1a: Slowking
|-supereffective|p1a: Slowking
|-crit|p1a: Slowking
|-damage|p1a: Slowking|46/100
|move|p1a: Slowking|Future Sight||[still]
|-fail|p1a: Slowking
|
|-heal|p2a: Kyurem|88/100|[from] item: Leftovers
|upkeep
|turn|31
|
|t:|1781088533
|switch|p1a: Blissey|Blissey, F|94/100
|-damage|p1a: Blissey|82/100|[from] Stealth Rock
|move|p2a: Kyurem|Earth Power|p1a: Blissey
|-damage|p1a: Blissey|72/100
|
|-end|p2a: Kyurem|move: Future Sight
|-end|p2a: Kyurem|Substitute
|-heal|p2a: Kyurem|94/100|[from] item: Leftovers
|-heal|p1a: Blissey|78/100|[from] item: Leftovers
|upkeep
|turn|32
|
|t:|1781088536
|move|p2a: Kyurem|Substitute|p2a: Kyurem
|-start|p2a: Kyurem|Substitute
|-damage|p2a: Kyurem|69/100
|move|p1a: Blissey|Fire Blast|p2a: Kyurem
|-end|p2a: Kyurem|Substitute
|
|-heal|p2a: Kyurem|75/100|[from] item: Leftovers
|-heal|p1a: Blissey|84/100|[from] item: Leftovers
|upkeep
|turn|33
|
|t:|1781088546
|move|p2a: Kyurem|Substitute|p2a: Kyurem
|-start|p2a: Kyurem|Substitute
|-damage|p2a: Kyurem|50/100
|move|p1a: Blissey|Fire Blast|p2a: Kyurem
|-activate|p2a: Kyurem|move: Substitute|[damage]
|
|-heal|p2a: Kyurem|57/100|[from] item: Leftovers
|-heal|p1a: Blissey|90/100|[from] item: Leftovers
|upkeep
|turn|34
|
|t:|1781088558
|switch|p1a: Slowking|Slowking-Galar, M|80/100
|-damage|p1a: Slowking|67/100|[from] Stealth Rock
|move|p2a: Kyurem|Freeze-Dry|p1a: Slowking
|-damage|p1a: Slowking|53/100
|
|-heal|p2a: Kyurem|63/100|[from] item: Leftovers
|upkeep
|turn|35
|
|t:|1781088561
|move|p2a: Kyurem|Earth Power|p1a: Slowking
|-supereffective|p1a: Slowking
|-crit|p1a: Slowking
|-damage|p1a: Slowking|12/100
|move|p1a: Slowking|Future Sight|p2a: Kyurem
|-start|p1a: Slowking|move: Future Sight
|
|-heal|p2a: Kyurem|69/100|[from] item: Leftovers
|upkeep
|turn|36
|
|t:|1781088573
|switch|p1a: Blissey|Blissey, F|90/100
|-damage|p1a: Blissey|77/100|[from] Stealth Rock
|move|p2a: Kyurem|Freeze-Dry|p1a: Blissey
|-damage|p1a: Blissey|66/100
|
|-heal|p2a: Kyurem|75/100|[from] item: Leftovers
|-heal|p1a: Blissey|72/100|[from] item: Leftovers
|upkeep
|turn|37
|
|t:|1781088587
|move|p2a: Kyurem|Protect|p2a: Kyurem
|-singleturn|p2a: Kyurem|Protect
|move|p1a: Blissey|Fire Blast|p2a: Kyurem
|-activate|p2a: Kyurem|move: Protect
|
|-end|p2a: Kyurem|move: Future Sight
|-end|p2a: Kyurem|Substitute
|-heal|p2a: Kyurem|81/100|[from] item: Leftovers
|-heal|p1a: Blissey|78/100|[from] item: Leftovers
|upkeep
|turn|38
|
|t:|1781088598
|switch|p1a: Slowking|Slowking-Galar, M|45/100
|-damage|p1a: Slowking|33/100|[from] Stealth Rock
|move|p2a: Kyurem|Substitute|p2a: Kyurem
|-start|p2a: Kyurem|Substitute
|-damage|p2a: Kyurem|56/100
|
|-heal|p2a: Kyurem|62/100|[from] item: Leftovers
|upkeep
|turn|39
|
|t:|1781088600
|switch|p1a: Corviknight|Corviknight, F|49/100
|-damage|p1a: Corviknight|36/100|[from] Stealth Rock
|-ability|p1a: Corviknight|Pressure
|move|p2a: Kyurem|Earth Power|p1a: Corviknight
|-immune|p1a: Corviknight
|
|-heal|p2a: Kyurem|69/100|[from] item: Leftovers
|upkeep
|turn|40
|
|t:|1781088603
|move|p2a: Kyurem|Freeze-Dry|p1a: Corviknight
|-damage|p1a: Corviknight|7/100
|move|p1a: Corviknight|Roost|p1a: Corviknight
|-heal|p1a: Corviknight|57/100
|-singleturn|p1a: Corviknight|move: Roost
|
|-heal|p2a: Kyurem|75/100|[from] item: Leftovers
|upkeep
|turn|41
|
|t:|1781088607
|move|p2a: Kyurem|Freeze-Dry|p1a: Corviknight
|-damage|p1a: Corviknight|28/100
|move|p1a: Corviknight|Defog|p2a: Kyurem
|-sideend|p1: minhoto|Stealth Rock|[from] move: Defog|[of] p1a: Corviknight
|
|-heal|p2a: Kyurem|81/100|[from] item: Leftovers
|upkeep
|turn|42
|
|t:|1781088611
|move|p2a: Kyurem|Freeze-Dry|p1a: Corviknight
|-damage|p1a: Corviknight|0 fnt
|faint|p1a: Corviknight
|
|-heal|p2a: Kyurem|87/100|[from] item: Leftovers
|upkeep
|
|t:|1781088618
|switch|p1a: Slowking|Slowking-Galar, M|66/100
|turn|43
|
|t:|1781088621
|move|p2a: Kyurem|Earth Power|p1a: Slowking
|-supereffective|p1a: Slowking
|-damage|p1a: Slowking|41/100
|move|p1a: Slowking|Future Sight|p2a: Kyurem
|-start|p1a: Slowking|move: Future Sight
|
|-heal|p2a: Kyurem|93/100|[from] item: Leftovers
|upkeep
|turn|44
|
|t:|1781088628
|switch|p1a: Blissey|Blissey, F|78/100
|move|p2a: Kyurem|Freeze-Dry|p1a: Blissey
|-damage|p1a: Blissey|66/100
|-status|p1a: Blissey|frz
|
|-heal|p2a: Kyurem|99/100|[from] item: Leftovers
|-heal|p1a: Blissey|72/100 frz|[from] item: Leftovers
|upkeep
|turn|45
|
|t:|1781088640
|-curestatus|p1a: Blissey|frz|[from] ability: Natural Cure|[silent]
|switch|p1a: Slowking|Slowking-Galar, M|74/100
|move|p2a: Kyurem|Freeze-Dry|p1a: Slowking
|-damage|p1a: Slowking|57/100
|
|-end|p2a: Kyurem|move: Future Sight
|-end|p2a: Kyurem|Substitute
|-heal|p2a: Kyurem|100/100|[from] item: Leftovers
|upkeep
|turn|46
|
|t:|1781088645
|switch|p1a: Blissey|Blissey, F|72/100
|move|p2a: Kyurem|Substitute|p2a: Kyurem
|-start|p2a: Kyurem|Substitute
|-damage|p2a: Kyurem|76/100
|
|-heal|p2a: Kyurem|82/100|[from] item: Leftovers
|-heal|p1a: Blissey|78/100|[from] item: Leftovers
|upkeep
|turn|47
|
|t:|1781088652
|switch|p1a: Slowking|Slowking-Galar, M|90/100
|move|p2a: Kyurem|Protect||[still]
|-fail|p2a: Kyurem
|
|-heal|p2a: Kyurem|88/100|[from] item: Leftovers
|upkeep
|turn|48
|
|t:|1781088655
|switch|p1a: Blissey|Blissey, F|78/100
|move|p2a: Kyurem|Freeze-Dry|p1a: Blissey
|-damage|p1a: Blissey|66/100
|
|-heal|p2a: Kyurem|94/100|[from] item: Leftovers
|-heal|p1a: Blissey|73/100|[from] item: Leftovers
|upkeep
|turn|49
|
|t:|1781088683
|move|p2a: Kyurem|Freeze-Dry|p1a: Blissey
|-damage|p1a: Blissey|60/100
|move|p1a: Blissey|Stealth Rock|p2a: Kyurem
|-sidestart|p2: Skere_|move: Stealth Rock
|
|-heal|p2a: Kyurem|99/100|[from] item: Leftovers
|-heal|p1a: Blissey|66/100|[from] item: Leftovers
|upkeep
|turn|50
|l| testingrainteam1
|
|t:|1781088695
|switch|p1a: Slowking|Slowking-Galar, M|100/100
|move|p2a: Kyurem|Freeze-Dry|p1a: Slowking
|-damage|p1a: Slowking|84/100
|
|-heal|p2a: Kyurem|100/100|[from] item: Leftovers
|upkeep
|turn|51
|
|t:|1781088708
|switch|p1a: Blissey|Blissey, F|66/100
|move|p2a: Kyurem|Earth Power|p1a: Blissey
|-damage|p1a: Blissey|55/100
|
|-heal|p1a: Blissey|61/100|[from] item: Leftovers
|upkeep
|turn|52
|
|t:|1781088713
|switch|p1a: Slowking|Slowking-Galar, M|100/100
|move|p2a: Kyurem|Freeze-Dry|p1a: Slowking
|-damage|p1a: Slowking|84/100
|
|upkeep
|turn|53
|
|t:|1781088718
|switch|p1a: Blissey|Blissey, F|61/100
|move|p2a: Kyurem|Protect||[still]
|-fail|p2a: Kyurem
|
|-heal|p1a: Blissey|67/100|[from] item: Leftovers
|upkeep
|turn|54
|inactive|Skere_ has 120 seconds left.
|
|t:|1781088750
|move|p2a: Kyurem|Freeze-Dry|p1a: Blissey
|-damage|p1a: Blissey|55/100
|move|p1a: Blissey|Stealth Rock||[still]
|-fail|p1a: Blissey
|
|-heal|p1a: Blissey|61/100|[from] item: Leftovers
|upkeep
|turn|55
|
|t:|1781088759
|switch|p1a: Slowking|Slowking-Galar, M|100/100
|move|p2a: Kyurem|Freeze-Dry|p1a: Slowking
|-damage|p1a: Slowking|84/100
|
|upkeep
|turn|56
|
|t:|1781088762
|switch|p1a: Blissey|Blissey, F|61/100
|move|p2a: Kyurem|Freeze-Dry|p1a: Blissey
|-damage|p1a: Blissey|49/100
|
|-heal|p1a: Blissey|55/100|[from] item: Leftovers
|upkeep
|turn|57
|inactive|Skere_ has 120 seconds left.
|
|t:|1781088789
|switch|p1a: Slowking|Slowking-Galar, M|100/100
|move|p2a: Kyurem|Freeze-Dry|p1a: Slowking
|-damage|p1a: Slowking|84/100
|
|upkeep
|turn|58
|inactive|Skere_ has 120 seconds left.
|j| kanaete onegai
|
|t:|1781088810
|switch|p2a: Zamazenta|Zamazenta|100/100
|-damage|p2a: Zamazenta|94/100|[from] Stealth Rock
|-ability|p2a: Zamazenta|Dauntless Shield|boost
|-boost|p2a: Zamazenta|def|1
|switch|p1a: Blissey|Blissey, F|55/100
|
|-heal|p2a: Zamazenta|100/100|[from] item: Leftovers
|-heal|p1a: Blissey|62/100|[from] item: Leftovers
|upkeep
|turn|59
|
|t:|1781088818
|switch|p1a: Toxapex|Toxapex, F|100/100
|move|p2a: Zamazenta|Body Press|p1a: Toxapex
|-resisted|p1a: Toxapex
|-damage|p1a: Toxapex|82/100
|-damage|p2a: Zamazenta|84/100|[from] item: Rocky Helmet|[of] p1a: Toxapex
|
|-heal|p2a: Zamazenta|90/100|[from] item: Leftovers
|upkeep
|turn|60
|inactive|Skere_ has 120 seconds left.
|
|t:|1781088824
|move|p2a: Zamazenta|Psychic Fangs|p1a: Toxapex
|-supereffective|p1a: Toxapex
|-damage|p1a: Toxapex|52/100
|-damage|p2a: Zamazenta|73/100|[from] item: Rocky Helmet|[of] p1a: Toxapex
|move|p1a: Toxapex|Liquidation|p2a: Zamazenta
|-crit|p2a: Zamazenta
|-damage|p2a: Zamazenta|51/100
|
|-heal|p2a: Zamazenta|58/100|[from] item: Leftovers
|upkeep
|turn|61
|
|t:|1781088832
|move|p2a: Zamazenta|Psychic Fangs|p1a: Toxapex
|-supereffective|p1a: Toxapex
|-damage|p1a: Toxapex|22/100
|-damage|p2a: Zamazenta|41/100|[from] item: Rocky Helmet|[of] p1a: Toxapex
|move|p1a: Toxapex|Toxic|p2a: Zamazenta
|-status|p2a: Zamazenta|tox
|
|-heal|p2a: Zamazenta|47/100 tox|[from] item: Leftovers
|-damage|p2a: Zamazenta|41/100 tox|[from] psn
|upkeep
|turn|62
|
|t:|1781088837
|switch|p1a: Slowking|Slowking-Galar, M|100/100
|move|p2a: Zamazenta|Psychic Fangs|p1a: Slowking
|-damage|p1a: Slowking|81/100
|
|-heal|p2a: Zamazenta|47/100 tox|[from] item: Leftovers
|-damage|p2a: Zamazenta|35/100 tox|[from] psn
|upkeep
|turn|63
|
|t:|1781088843
|switch|p1a: Toxapex|Toxapex, F|55/100
|move|p2a: Zamazenta|Psychic Fangs|p1a: Toxapex
|-supereffective|p1a: Toxapex
|-crit|p1a: Toxapex
|-damage|p1a: Toxapex|7/100
|-damage|p2a: Zamazenta|18/100 tox|[from] item: Rocky Helmet|[of] p1a: Toxapex
|
|-heal|p2a: Zamazenta|24/100 tox|[from] item: Leftovers
|-damage|p2a: Zamazenta|6/100 tox|[from] psn
|upkeep
|turn|64
|
|t:|1781088847
|switch|p1a: Slowking|Slowking-Galar, M|100/100
|move|p2a: Zamazenta|Psychic Fangs|p1a: Slowking
|-damage|p1a: Slowking|82/100
|
|-heal|p2a: Zamazenta|12/100 tox|[from] item: Leftovers
|-damage|p2a: Zamazenta|0 fnt|[from] psn
|faint|p2a: Zamazenta
|upkeep
|
|t:|1781088855
|switch|p2a: Rillaboom|Rillaboom, F|100/100
|-damage|p2a: Rillaboom|88/100|[from] Stealth Rock
|-fieldstart|move: Grassy Terrain|[from] ability: Grassy Surge|[of] p2a: Rillaboom
|turn|65
|
|t:|1781088858
|move|p2a: Rillaboom|Knock Off|p1a: Slowking
|-supereffective|p1a: Slowking
|-damage|p1a: Slowking|0 fnt
|-enditem|p1a: Slowking|Assault Vest|[from] move: Knock Off|[of] p2a: Rillaboom
|faint|p1a: Slowking
|
|-heal|p2a: Rillaboom|94/100|[from] Grassy Terrain
|upkeep
|
|t:|1781088863
|switch|p1a: Cinderace|Cinderace, F|100/100
|turn|66
|
|t:|1781088868
|switch|p2a: Garganacl|Garganacl, F|100/100
|-damage|p2a: Garganacl|88/100|[from] Stealth Rock
|-terastallize|p1a: Cinderace|Fire
|move|p1a: Cinderace|Pyro Ball|p2a: Garganacl
|-resisted|p2a: Garganacl
|-damage|p2a: Garganacl|62/100
|
|-heal|p2a: Garganacl|68/100|[from] Grassy Terrain
|upkeep
|turn|67
|
|t:|1781088878
|switch|p1a: Toxapex|Toxapex, F|40/100
|move|p2a: Garganacl|Protect||[still]
|-fail|p2a: Garganacl
|
|-heal|p2a: Garganacl|74/100|[from] Grassy Terrain
|-heal|p1a: Toxapex|46/100|[from] Grassy Terrain
|upkeep
|turn|68
|
|t:|1781088884
|switch|p2a: Pecharunt|Pecharunt|100/100
|-damage|p2a: Pecharunt|88/100|[from] Stealth Rock
|switch|p1a: Cinderace|Cinderace, F, tera:Fire|100/100
|
|-heal|p2a: Pecharunt|94/100|[from] Grassy Terrain
|upkeep
|turn|69
|
|t:|1781088892
|switch|p1a: Blissey|Blissey, F|62/100
|move|p2a: Pecharunt|Parting Shot|p1a: Blissey
|-unboost|p1a: Blissey|atk|1
|-unboost|p1a: Blissey|spa|1
|
|t:|1781088894
|switch|p2a: Rillaboom|Rillaboom, F|94/100|[from] Parting Shot
|-damage|p2a: Rillaboom|82/100|[from] Stealth Rock
|
|-heal|p2a: Rillaboom|88/100|[from] Grassy Terrain
|-heal|p1a: Blissey|68/100|[from] Grassy Terrain
|-heal|p1a: Blissey|74/100|[from] item: Leftovers
|-fieldend|move: Grassy Terrain
|upkeep
|turn|70
|
|t:|1781088898
|switch|p1a: Toxapex|Toxapex, F|79/100
|-terastallize|p2a: Rillaboom|Grass
|move|p2a: Rillaboom|Wood Hammer|p1a: Toxapex
|-damage|p1a: Toxapex|0 fnt
|-damage|p2a: Rillaboom|72/100|[from] item: Rocky Helmet|[of] p1a: Toxapex
|faint|p1a: Toxapex
|-damage|p2a: Rillaboom|49/100|[from] Recoil
|
|upkeep
|-message|minhoto forfeited.
|
|win|Skere_
|raw|minhoto's rating: 1590 &rarr; <strong>1568</strong><br />(-22 for losing)
|raw|Skere_'s rating: 1558 &rarr; <strong>1580</strong><br />(+22 for winning)
|l|☆minhoto
|player|p1|
|c|☆Skere_|gg clapped
|l|☆Skere_
|player|p2|
