|j|☆Omari P
|j|☆pinkpriestess3
|t:|1781059172
|gametype|singles
|player|p1|Omari P|pokemonrangerf|1605
|player|p2|pinkpriestess3|linebacker|1592
|gen|9
|tier|[Gen 9] OU
|rated|
|rule|HP Percentage Mod: HP is shown in percentages
|rule|Endless Battle Clause: Forcing endless battles is banned
|rule|Species Clause: Limit one of each Pokémon
|rule|OHKO Clause: OHKO moves are banned
|rule|Evasion Items Clause: Evasion items are banned
|rule|Evasion Moves Clause: Evasion moves are banned
|rule|Evasion Abilities Clause: Evasion abilities are banned
|rule|Sleep Moves Clause: Sleep-inducing moves are banned
|clearpoke
|poke|p1|Cinderace, M|
|poke|p1|Skeledirge, F|
|poke|p1|Latios, M|
|poke|p1|Mandibuzz, F|
|poke|p1|Gallade, M|
|poke|p1|Gastrodon, M|
|poke|p2|Blissey, F|
|poke|p2|Alomomola, M|
|poke|p2|Gliscor, F|
|poke|p2|Skarmory, F|
|poke|p2|Kingambit, M|
|poke|p2|Venusaur, M|
|teampreview
|
|t:|1781059188
|teamsize|p1|6
|teamsize|p2|6
|start
|switch|p1a: Gastrodon|Gastrodon, M|100/100
|switch|p2a: MARK S|Gliscor, F|100/100
|turn|1
|
|t:|1781059198
|move|p2a: MARK S|Protect|p2a: MARK S
|-singleturn|p2a: MARK S|Protect
|move|p1a: Gastrodon|Stealth Rock|p2a: MARK S
|-sidestart|p2: pinkpriestess3|move: Stealth Rock
|
|-status|p2a: MARK S|tox|[from] item: Toxic Orb
|upkeep
|turn|2
|inactive|Battle timer is ON: inactive players will automatically lose when time's up. (requested by Omari P)
|
|t:|1781059206
|switch|p2a: HELLY R|Blissey, F|100/100
|move|p1a: Gastrodon|Ice Beam|p2a: HELLY R
|-damage|p2a: HELLY R|95/100
|
|upkeep
|turn|3
|
|t:|1781059220
|switch|p1a: Gallade|Gallade, M|100/100
|move|p2a: HELLY R|Seismic Toss|p1a: Gallade
|-damage|p1a: Gallade|68/100
|
|upkeep
|turn|4
|
|t:|1781059227
|switch|p2a: MS. COBEL|Alomomola, M|100/100
|move|p1a: Gallade|Sacred Sword|p2a: MS. COBEL
|-damage|p2a: MS. COBEL|45/100
|
|upkeep
|turn|5
|
|t:|1781059233
|switch|p2a: MARK S|Gliscor, F|100/100 tox
|-damage|p2a: MARK S|88/100 tox|[from] Stealth Rock
|move|p1a: Gallade|Sacred Sword|p2a: MARK S
|-resisted|p2a: MARK S
|-damage|p2a: MARK S|49/100 tox
|
|-heal|p2a: MARK S|61/100 tox|[from] ability: Poison Heal
|upkeep
|turn|6
|
|t:|1781059237
|switch|p1a: Gastrodon|Gastrodon, M|100/100
|move|p2a: MARK S|Knock Off|p1a: Gastrodon
|-damage|p1a: Gastrodon|76/100
|-enditem|p1a: Gastrodon|Leftovers|[from] move: Knock Off|[of] p2a: MARK S
|
|-heal|p2a: MARK S|74/100 tox|[from] ability: Poison Heal
|upkeep
|turn|7
|
|t:|1781059241
|move|p2a: MARK S|Protect|p2a: MARK S
|-singleturn|p2a: MARK S|Protect
|move|p1a: Gastrodon|Ice Beam|p2a: MARK S
|-activate|p2a: MARK S|move: Protect
|
|-heal|p2a: MARK S|86/100 tox|[from] ability: Poison Heal
|upkeep
|turn|8
|
|t:|1781059259
|switch|p2a: HELLY R|Blissey, F|95/100
|switch|p1a: Gallade|Gallade, M|68/100
|
|upkeep
|turn|9
|
|t:|1781059272
|switch|p2a: MISTER MILCHIK|Skarmory, F|100/100
|-damage|p2a: MISTER MILCHIK|88/100|[from] Stealth Rock
|move|p1a: Gallade|Sacred Sword|p2a: MISTER MILCHIK
|-damage|p2a: MISTER MILCHIK|24/100
|-damage|p1a: Gallade|51/100|[from] item: Rocky Helmet|[of] p2a: MISTER MILCHIK
|
|upkeep
|turn|10
|
|t:|1781059298
|switch|p2a: MARK S|Gliscor, F|86/100 tox
|-damage|p2a: MARK S|74/100 tox|[from] Stealth Rock
|move|p1a: Gallade|Sacred Sword|p2a: MARK S
|-resisted|p2a: MARK S
|-damage|p2a: MARK S|36/100 tox
|
|-heal|p2a: MARK S|49/100 tox|[from] ability: Poison Heal
|upkeep
|turn|11
|
|t:|1781059305
|switch|p1a: Gastrodon|Gastrodon, M|76/100
|move|p2a: MARK S|Toxic|p1a: Gastrodon
|-status|p1a: Gastrodon|tox
|
|-heal|p2a: MARK S|61/100 tox|[from] ability: Poison Heal
|-damage|p1a: Gastrodon|70/100 tox|[from] psn
|upkeep
|turn|12
|
|t:|1781059308
|move|p2a: MARK S|Protect|p2a: MARK S
|-singleturn|p2a: MARK S|Protect
|move|p1a: Gastrodon|Recover|p1a: Gastrodon
|-heal|p1a: Gastrodon|100/100 tox
|
|-heal|p2a: MARK S|74/100 tox|[from] ability: Poison Heal
|-damage|p1a: Gastrodon|88/100 tox|[from] psn
|upkeep
|turn|13
|
|t:|1781059311
|switch|p1a: Gallade|Gallade, M|51/100
|move|p2a: MARK S|Knock Off|p1a: Gallade
|-damage|p1a: Gallade|17/100
|-enditem|p1a: Gallade|Choice Band|[from] move: Knock Off|[of] p2a: MARK S
|
|-heal|p2a: MARK S|86/100 tox|[from] ability: Poison Heal
|upkeep
|turn|14
|
|t:|1781059316
|move|p2a: MARK S|Protect|p2a: MARK S
|-singleturn|p2a: MARK S|Protect
|move|p1a: Gallade|Leaf Blade|p2a: MARK S
|-activate|p2a: MARK S|move: Protect
|
|-heal|p2a: MARK S|99/100 tox|[from] ability: Poison Heal
|upkeep
|turn|15
|
|t:|1781059323
|move|p1a: Gallade|Psycho Cut|p2a: MARK S
|-damage|p2a: MARK S|59/100 tox
|move|p2a: MARK S|Knock Off|p1a: Gallade
|-damage|p1a: Gallade|0 fnt
|faint|p1a: Gallade
|
|-heal|p2a: MARK S|72/100 tox|[from] ability: Poison Heal
|upkeep
|
|t:|1781059331
|switch|p1a: Gastrodon|Gastrodon, M|88/100 tox
|turn|16
|
|t:|1781059340
|move|p2a: MARK S|Protect|p2a: MARK S
|-singleturn|p2a: MARK S|Protect
|move|p1a: Gastrodon|Ice Beam|p2a: MARK S
|-activate|p2a: MARK S|move: Protect
|
|-heal|p2a: MARK S|84/100 tox|[from] ability: Poison Heal
|-damage|p1a: Gastrodon|82/100 tox|[from] psn
|upkeep
|turn|17
|
|t:|1781059344
|switch|p2a: HELLY R|Blissey, F|95/100
|switch|p1a: Skeledirge|Skeledirge, F|100/100
|
|upkeep
|turn|18
|
|t:|1781059350
|switch|p2a: MARK S|Gliscor, F|84/100 tox
|-damage|p2a: MARK S|72/100 tox|[from] Stealth Rock
|move|p1a: Skeledirge|Substitute|p1a: Skeledirge
|-start|p1a: Skeledirge|Substitute
|-damage|p1a: Skeledirge|76/100
|
|-heal|p2a: MARK S|84/100 tox|[from] ability: Poison Heal
|upkeep
|turn|19
|
|t:|1781059357
|move|p2a: MARK S|Knock Off|p1a: Skeledirge
|-supereffective|p1a: Skeledirge
|-end|p1a: Skeledirge|Substitute
|move|p1a: Skeledirge|Torch Song|p2a: MARK S
|-damage|p2a: MARK S|54/100 tox
|-boost|p1a: Skeledirge|spa|1
|
|-heal|p2a: MARK S|66/100 tox|[from] ability: Poison Heal
|upkeep
|turn|20
|
|t:|1781059363
|move|p2a: MARK S|Knock Off|p1a: Skeledirge
|-supereffective|p1a: Skeledirge
|-damage|p1a: Skeledirge|40/100
|-enditem|p1a: Skeledirge|Covert Cloak|[from] move: Knock Off|[of] p2a: MARK S
|move|p1a: Skeledirge|Torch Song|p2a: MARK S
|-damage|p2a: MARK S|21/100 tox
|-boost|p1a: Skeledirge|spa|1
|
|-heal|p2a: MARK S|33/100 tox|[from] ability: Poison Heal
|upkeep
|turn|21
|
|t:|1781059368
|move|p2a: MARK S|Protect|p2a: MARK S
|-singleturn|p2a: MARK S|Protect
|move|p1a: Skeledirge|Torch Song|p2a: MARK S
|-activate|p2a: MARK S|move: Protect
|
|-heal|p2a: MARK S|46/100 tox|[from] ability: Poison Heal
|upkeep
|turn|22
|
|t:|1781059371
|switch|p2a: HELLY R|Blissey, F|95/100
|move|p1a: Skeledirge|Torch Song|p2a: HELLY R
|-damage|p2a: HELLY R|74/100
|-boost|p1a: Skeledirge|spa|1
|
|upkeep
|turn|23
|
|t:|1781059373
|move|p1a: Skeledirge|Substitute|p1a: Skeledirge
|-start|p1a: Skeledirge|Substitute
|-damage|p1a: Skeledirge|15/100
|move|p2a: HELLY R|Calm Mind|p2a: HELLY R
|-boost|p2a: HELLY R|spa|1
|-boost|p2a: HELLY R|spd|1
|
|upkeep
|turn|24
|
|t:|1781059395
|move|p1a: Skeledirge|Slack Off|p1a: Skeledirge
|-heal|p1a: Skeledirge|65/100
|move|p2a: HELLY R|Calm Mind|p2a: HELLY R
|-boost|p2a: HELLY R|spa|1
|-boost|p2a: HELLY R|spd|1
|
|upkeep
|turn|25
|
|t:|1781059415
|move|p1a: Skeledirge|Torch Song|p2a: HELLY R
|-damage|p2a: HELLY R|44/100
|-boost|p1a: Skeledirge|spa|1
|move|p2a: HELLY R|Calm Mind|p2a: HELLY R
|-boost|p2a: HELLY R|spa|1
|-boost|p2a: HELLY R|spd|1
|
|upkeep
|turn|26
|c|☆Omari P|u know...
|inactive|pinkpriestess3 has 120 seconds left.
|j| iraniantech
|
|t:|1781059442
|move|p1a: Skeledirge|Torch Song|p2a: HELLY R
|-damage|p2a: HELLY R|11/100
|-boost|p1a: Skeledirge|spa|1
|move|p2a: HELLY R|Soft-Boiled|p2a: HELLY R
|-heal|p2a: HELLY R|61/100
|
|upkeep
|turn|27
|
|t:|1781059446
|move|p1a: Skeledirge|Torch Song|p2a: HELLY R
|-damage|p2a: HELLY R|19/100
|-boost|p1a: Skeledirge|spa|1
|move|p2a: HELLY R|Soft-Boiled|p2a: HELLY R
|-heal|p2a: HELLY R|69/100
|
|upkeep
|turn|28
|c|☆pinkpriestess3|i have to pp stall
|
|t:|1781059453
|move|p1a: Skeledirge|Torch Song|p2a: HELLY R
|-crit|p2a: HELLY R
|-damage|p2a: HELLY R|0 fnt
|faint|p2a: HELLY R
|
|upkeep
|c|☆pinkpriestess3|welp
|
|t:|1781059463
|switch|p2a: KIER EAGAN|Kingambit, M|100/100
|-ability|p2a: KIER EAGAN|Pressure
|turn|29
|
|t:|1781059468
|move|p2a: KIER EAGAN|Protect|p2a: KIER EAGAN
|-singleturn|p2a: KIER EAGAN|Protect
|move|p1a: Skeledirge|Earth Power|p2a: KIER EAGAN
|-activate|p2a: KIER EAGAN|move: Protect
|
|upkeep
|turn|30
|
|t:|1781059492
|switch|p2a: MARK S|Gliscor, F|46/100 tox
|-damage|p2a: MARK S|33/100 tox|[from] Stealth Rock
|move|p1a: Skeledirge|Torch Song|p2a: MARK S
|-damage|p2a: MARK S|0 fnt
|faint|p2a: MARK S
|
|upkeep
|c|☆pinkpriestess3|ggs
|-message|pinkpriestess3 forfeited.
|
|win|Omari P
|raw|Omari P's rating: 1605 &rarr; <strong>1624</strong><br />(+19 for winning)
|raw|pinkpriestess3's rating: 1592 &rarr; <strong>1573</strong><br />(-19 for losing)
