|j|☆DON family
|j|‽TheCannonites
|t:|1781361807
|gametype|singles
|player|p1|DON family|pokemonranger|1628
|player|p2|TheCannonites|n|1633
|gen|9
|tier|[Gen 9] OU
|rated|
|rule|HP Percentage Mod: HP is shown in percentages
|rule|Endless Battle Clause: Forcing endless battles is banned
|rule|Species Clause: Limit one of each Pokémon
|rule|OHKO Clause: OHKO moves are banned
|rule|Evasion Items Clause: Evasion items are banned
|rule|Evasion Moves Clause: Evasion moves are banned
|rule|Evasion Abilities Clause: Evasion abilities are banned
|rule|Sleep Moves Clause: Sleep-inducing moves are banned
|clearpoke
|poke|p1|Zapdos|
|poke|p1|Iron Crown|
|poke|p1|Garganacl, M|
|poke|p1|Great Tusk|
|poke|p1|Samurott-Hisui, M|
|poke|p1|Dragapult, F|
|poke|p2|Grimmsnarl, M|
|poke|p2|Blastoise, F|
|poke|p2|Hatterene, F|
|poke|p2|Iron Crown|
|poke|p2|Great Tusk|
|poke|p2|Ceruledge, F|
|teampreview
|inactive|Battle timer is ON: inactive players will automatically lose when time's up. (requested by TheCannonites)
|
|t:|1781361815
|teamsize|p1|6
|teamsize|p2|6
|start
|switch|p1a: Samurott|Samurott-Hisui, M|100/100
|switch|p2a: Grimmsnarl|Grimmsnarl, M|100/100
|turn|1
|
|t:|1781361821
|switch|p1a: Iron Crown|Iron Crown|100/100
|move|p2a: Grimmsnarl|Low Kick|p1a: Iron Crown
|-damage|p1a: Iron Crown|70/100
|
|upkeep
|turn|2
|
|t:|1781361828
|move|p2a: Grimmsnarl|Light Screen|p2a: Grimmsnarl
|-sidestart|p2: TheCannonites|move: Light Screen
|move|p1a: Iron Crown|Tachyon Cutter|p2a: Grimmsnarl
|-supereffective|p2a: Grimmsnarl
|-damage|p2a: Grimmsnarl|67/100
|-supereffective|p2a: Grimmsnarl
|-damage|p2a: Grimmsnarl|33/100
|-hitcount|p2a: Grimmsnarl|2
|
|upkeep
|turn|3
|
|t:|1781361836
|move|p2a: Grimmsnarl|Reflect|p2a: Grimmsnarl
|-sidestart|p2: TheCannonites|Reflect
|move|p1a: Iron Crown|Tachyon Cutter|p2a: Grimmsnarl
|-supereffective|p2a: Grimmsnarl
|-damage|p2a: Grimmsnarl|0 fnt
|faint|p2a: Grimmsnarl
|-hitcount|p2: Grimmsnarl|1
|
|upkeep
|
|t:|1781361843
|switch|p2a: Iron Crown|Iron Crown|100/100
|-enditem|p2a: Iron Crown|Booster Energy
|-activate|p2a: Iron Crown|ability: Quark Drive|[fromitem]
|-start|p2a: Iron Crown|quarkdrivespa
|turn|4
|
|t:|1781361850
|-end|p1a: Iron Crown|Quark Drive|[silent]
|switch|p1a: Zapdos|Zapdos|100/100
|move|p2a: Iron Crown|Agility|p2a: Iron Crown
|-boost|p2a: Iron Crown|spe|2
|
|upkeep
|turn|5
|
|t:|1781361857
|move|p2a: Iron Crown|Calm Mind|p2a: Iron Crown
|-boost|p2a: Iron Crown|spa|1
|-boost|p2a: Iron Crown|spd|1
|move|p1a: Zapdos|Thunder Wave|p2a: Iron Crown
|-status|p2a: Iron Crown|par
|
|upkeep
|turn|6
|
|t:|1781361864
|move|p2a: Iron Crown|Agility|p2a: Iron Crown
|-boost|p2a: Iron Crown|spe|2
|move|p1a: Zapdos|Volt Switch|p2a: Iron Crown
|-damage|p2a: Iron Crown|91/100 par
|
|t:|1781361867
|switch|p1a: Garganacl|Garganacl, M|100/100|[from] Volt Switch
|
|upkeep
|turn|7
|
|t:|1781361876
|-terastallize|p1a: Garganacl|Water
|move|p2a: Iron Crown|Focus Blast|p1a: Garganacl
|-crit|p1a: Garganacl
|-damage|p1a: Garganacl|19/100
|move|p1a: Garganacl|Salt Cure|p2a: Iron Crown
|-resisted|p2a: Iron Crown
|-damage|p2a: Iron Crown|88/100 par
|-start|p2a: Iron Crown|Salt Cure
|
|-heal|p1a: Garganacl|25/100|[from] item: Leftovers
|-damage|p2a: Iron Crown|63/100 par|[from] Salt Cure
|upkeep
|turn|8
|
|t:|1781361888
|-terastallize|p2a: Iron Crown|Fighting
|cant|p2a: Iron Crown|par
|move|p1a: Garganacl|Recover|p1a: Garganacl
|-heal|p1a: Garganacl|75/100
|
|-heal|p1a: Garganacl|81/100|[from] item: Leftovers
|-damage|p2a: Iron Crown|50/100 par|[from] Salt Cure
|upkeep
|turn|9
|
|t:|1781361897
|cant|p2a: Iron Crown|par
|move|p1a: Garganacl|Recover|p1a: Garganacl
|-heal|p1a: Garganacl|100/100
|
|-damage|p2a: Iron Crown|38/100 par|[from] Salt Cure
|-sideend|p2: TheCannonites|move: Light Screen
|upkeep
|turn|10
|
|t:|1781361904
|cant|p2a: Iron Crown|par
|move|p1a: Garganacl|Earthquake|p2a: Iron Crown
|-damage|p2a: Iron Crown|25/100 par
|
|-damage|p2a: Iron Crown|13/100 par|[from] Salt Cure
|-sideend|p2: TheCannonites|Reflect
|upkeep
|turn|11
|
|t:|1781361912
|cant|p2a: Iron Crown|par
|move|p1a: Garganacl|Recover||[still]
|-fail|p1a: Garganacl|heal
|
|-damage|p2a: Iron Crown|0 fnt|[from] Salt Cure
|faint|p2a: Iron Crown
|-end|p2a: Iron Crown|Quark Drive|[silent]
|upkeep
|
|t:|1781361922
|switch|p2a: Ceruledge|Ceruledge, F|100/100
|turn|12
|
|t:|1781361926
|move|p2a: Ceruledge|Swords Dance|p2a: Ceruledge
|-boost|p2a: Ceruledge|atk|2
|move|p1a: Garganacl|Salt Cure|p2a: Ceruledge
|-supereffective|p2a: Ceruledge
|-damage|p2a: Ceruledge|63/100
|-start|p2a: Ceruledge|Salt Cure
|-ability|p2a: Ceruledge|Weak Armor|boost
|-unboost|p2a: Ceruledge|def|1
|-boost|p2a: Ceruledge|spe|2
|
|-damage|p2a: Ceruledge|51/100|[from] Salt Cure
|upkeep
|turn|13
|
|t:|1781361937
|move|p2a: Ceruledge|Swords Dance|p2a: Ceruledge
|-boost|p2a: Ceruledge|atk|2
|move|p1a: Garganacl|Earthquake|p2a: Ceruledge
|-supereffective|p2a: Ceruledge
|-damage|p2a: Ceruledge|0 fnt
|faint|p2a: Ceruledge
|
|upkeep
|c|☆DON family|?
|-message|TheCannonites forfeited.
|
|win|DON family
|raw|DON family's rating: 1628 &rarr; <strong>1648</strong><br />(+20 for winning)
|raw|TheCannonites's rating: 1633 &rarr; <strong>1613</strong><br />(-20 for losing)
|l|‽TheCannonites
|player|p2|
|l|☆DON family
|player|p1|
