|j|☆Sheerluck Holmes
|j|☆Vitriso
|t:|1781254138
|gametype|singles
|player|p1|Sheerluck Holmes|gentleman-gen4|1570
|player|p2|Vitriso|266|1531
|gen|9
|tier|[Gen 9] OU
|rated|
|rule|HP Percentage Mod: HP is shown in percentages
|rule|Endless Battle Clause: Forcing endless battles is banned
|rule|Species Clause: Limit one of each Pokémon
|rule|OHKO Clause: OHKO moves are banned
|rule|Evasion Items Clause: Evasion items are banned
|rule|Evasion Moves Clause: Evasion moves are banned
|rule|Evasion Abilities Clause: Evasion abilities are banned
|rule|Sleep Moves Clause: Sleep-inducing moves are banned
|clearpoke
|poke|p1|Iron Valiant|
|poke|p1|Volcanion|
|poke|p1|Deoxys-Speed|
|poke|p1|Landorus-Therian, M|
|poke|p1|Kingambit, M|
|poke|p1|Pecharunt|
|poke|p2|Hatterene, F|
|poke|p2|Great Tusk|
|poke|p2|Tornadus-Therian, M|
|poke|p2|Kyurem|
|poke|p2|Slowking-Galar, M|
|poke|p2|Kingambit, F|
|teampreview
|inactive|Battle timer is ON: inactive players will automatically lose when time's up. (requested by Sheerluck Holmes)
|
|t:|1781254143
|teamsize|p1|6
|teamsize|p2|6
|start
|switch|p1a: Deoxys|Deoxys-Speed|100/100
|switch|p2a: Kingambit|Kingambit, F|100/100
|-ability|p1a: Deoxys|Pressure
|turn|1
|
|t:|1781254148
|move|p1a: Deoxys|Superpower|p2a: Kingambit
|-supereffective|p2a: Kingambit
|-damage|p2a: Kingambit|12/100
|-unboost|p1a: Deoxys|atk|1
|-unboost|p1a: Deoxys|def|1
|-enditem|p1a: Deoxys|Eject Pack
|
|t:|1781254153
|switch|p1a: Landorus|Landorus-Therian, M|100/100
|-ability|p1a: Landorus|Intimidate|boost
|-unboost|p2a: Kingambit|atk|1
|move|p2a: Kingambit|Kowtow Cleave|p1a: Landorus
|-damage|p1a: Landorus|71/100
|-damage|p2a: Kingambit|0 fnt|[from] item: Rocky Helmet|[of] p1a: Landorus
|faint|p2a: Kingambit
|-end|p2a: Kingambit|fallenundefined|[silent]
|
|upkeep
|
|t:|1781254157
|switch|p2a: Kyurem|Kyurem|100/100
|-ability|p2a: Kyurem|Pressure
|turn|2
|
|t:|1781254169
|switch|p1a: Volcanion|Volcanion|100/100
|move|p2a: Kyurem|Ice Beam|p1a: Volcanion
|-resisted|p1a: Volcanion
|-damage|p1a: Volcanion|83/100
|
|-heal|p1a: Volcanion|89/100|[from] item: Leftovers
|upkeep
|turn|3
|
|t:|1781254176
|switch|p2a: Tornadus|Tornadus-Therian, M|100/100
|switch|p1a: Iron Valiant|Iron Valiant|100/100
|-enditem|p1a: Iron Valiant|Booster Energy
|-activate|p1a: Iron Valiant|ability: Quark Drive|[fromitem]
|-start|p1a: Iron Valiant|quarkdrivespe
|
|upkeep
|turn|4
|
|t:|1781254189
|move|p1a: Iron Valiant|Knock Off|p2a: Tornadus
|-damage|p2a: Tornadus|58/100
|-enditem|p2a: Tornadus|Assault Vest|[from] move: Knock Off|[of] p1a: Iron Valiant
|move|p2a: Tornadus|Bleakwind Storm|p1a: Iron Valiant
|-supereffective|p1a: Iron Valiant
|-damage|p1a: Iron Valiant|0 fnt
|faint|p1a: Iron Valiant
|-end|p1a: Iron Valiant|Quark Drive|[silent]
|
|upkeep
|
|t:|1781254203
|switch|p1a: Kingambit|Kingambit, M|100/100
|-activate|p1a: Kingambit|ability: Supreme Overlord
|-start|p1a: Kingambit|fallen1|[silent]
|turn|5
|
|t:|1781254209
|move|p1a: Kingambit|Sucker Punch|p2a: Tornadus
|-damage|p2a: Tornadus|5/100
|move|p2a: Tornadus|Heat Wave|p1a: Kingambit
|-supereffective|p1a: Kingambit
|-damage|p1a: Kingambit|46/100
|
|-heal|p1a: Kingambit|52/100|[from] item: Leftovers
|upkeep
|turn|6
|
|t:|1781254216
|move|p2a: Tornadus|Heat Wave|p1a: Kingambit
|-supereffective|p1a: Kingambit
|-damage|p1a: Kingambit|2/100
|-status|p1a: Kingambit|brn
|move|p1a: Kingambit|Iron Head|p2a: Tornadus
|-damage|p2a: Tornadus|0 fnt
|faint|p2a: Tornadus
|
|-heal|p1a: Kingambit|8/100 brn|[from] item: Leftovers
|-damage|p1a: Kingambit|2/100 brn|[from] brn
|upkeep
|
|t:|1781254225
|switch|p2a: Great Tusk|Great Tusk|100/100
|turn|7
|
|t:|1781254228
|-end|p1a: Kingambit|fallen1|[silent]
|switch|p1a: Pecharunt|Pecharunt|100/100
|move|p2a: Great Tusk|Stealth Rock|p1a: Pecharunt
|-sidestart|p1: Sheerluck Holmes|move: Stealth Rock
|
|upkeep
|turn|8
|
|t:|1781254233
|move|p1a: Pecharunt|Nasty Plot|p1a: Pecharunt
|-boost|p1a: Pecharunt|spa|2
|move|p2a: Great Tusk|Headlong Rush|p1a: Pecharunt
|-supereffective|p1a: Pecharunt
|-damage|p1a: Pecharunt|20/100
|-unboost|p2a: Great Tusk|def|1
|-unboost|p2a: Great Tusk|spd|1
|
|upkeep
|turn|9
|
|t:|1781254245
|move|p1a: Pecharunt|Shadow Ball|p2a: Great Tusk
|-damage|p2a: Great Tusk|0 fnt
|faint|p2a: Great Tusk
|-end|p2a: Great Tusk|Protosynthesis|[silent]
|
|upkeep
|j| yuureisuisei
|
|t:|1781254247
|switch|p2a: Kyurem|Kyurem|100/100
|-ability|p2a: Kyurem|Pressure
|turn|10
|
|t:|1781254251
|move|p2a: Kyurem|Freeze-Dry|p1a: Pecharunt
|-damage|p1a: Pecharunt|0 fnt
|faint|p1a: Pecharunt
|
|upkeep
|
|t:|1781254256
|switch|p1a: Deoxys|Deoxys-Speed|100/100
|-damage|p1a: Deoxys|88/100|[from] Stealth Rock
|-ability|p1a: Deoxys|Pressure
|turn|11
|
|t:|1781254259
|switch|p2a: Slowking|Slowking-Galar, M|100/100
|move|p1a: Deoxys|Knock Off|p2a: Slowking
|-supereffective|p2a: Slowking
|-crit|p2a: Slowking
|-damage|p2a: Slowking|41/100
|-enditem|p2a: Slowking|Black Sludge|[from] move: Knock Off|[of] p1a: Deoxys
|
|upkeep
|turn|12
|
|t:|1781254272
|move|p1a: Deoxys|Spikes|p2a: Slowking
|-sidestart|p2: Vitriso|Spikes
|-prepare|p2a: Slowking|Chilly Reception|[premajor]
|move|p2a: Slowking|Chilly Reception|p2a: Slowking
|-weather|Snowscape
|
|t:|1781254274
|switch|p2a: Hatterene|Hatterene, F|100/100|[from] Chilly Reception
|-damage|p2a: Hatterene|88/100|[from] Spikes
|
|-weather|Snowscape|[upkeep]
|upkeep
|turn|13
|
|t:|1781254276
|move|p1a: Deoxys|Knock Off|p2a: Hatterene
|-damage|p2a: Hatterene|67/100
|-damage|p1a: Deoxys|71/100|[from] item: Rocky Helmet|[of] p2a: Hatterene
|-enditem|p2a: Hatterene|Rocky Helmet|[from] move: Knock Off|[of] p1a: Deoxys
|move|p2a: Hatterene|Nuzzle|p1a: Deoxys
|-damage|p1a: Deoxys|64/100
|-status|p1a: Deoxys|par
|
|-weather|Snowscape|[upkeep]
|upkeep
|turn|14
|
|t:|1781254283
|switch|p1a: Kingambit|Kingambit, M|2/100 brn
|-damage|p1a: Kingambit|0 fnt|[from] Stealth Rock
|faint|p1a: Kingambit
|-end|p1a: Kingambit|fallenundefined|[silent]
|move|p2a: Hatterene|Draining Kiss|p1: Kingambit|[notarget]
|-fail|p2a: Hatterene
|
|-weather|Snowscape|[upkeep]
|upkeep
|l| yuureisuisei
|
|t:|1781254307
|switch|p1a: Landorus|Landorus-Therian, M|71/100
|-damage|p1a: Landorus|59/100|[from] Stealth Rock
|-ability|p1a: Landorus|Intimidate|boost
|-unboost|p2a: Hatterene|atk|1
|turn|15
|
|t:|1781254312
|move|p1a: Landorus|Earthquake|p2a: Hatterene
|-damage|p2a: Hatterene|30/100
|move|p2a: Hatterene|Psychic Noise|p1a: Landorus
|-damage|p1a: Landorus|23/100
|-start|p1a: Landorus|move: Heal Block
|
|-weather|Snowscape|[upkeep]
|upkeep
|turn|16
|
|t:|1781254316
|move|p1a: Landorus|Earthquake|p2a: Hatterene
|-damage|p2a: Hatterene|0 fnt
|faint|p2a: Hatterene
|
|-weather|none
|-end|p1a: Landorus|move: Heal Block
|upkeep
|
|t:|1781254321
|switch|p2a: Kyurem|Kyurem|100/100
|-damage|p2a: Kyurem|88/100|[from] Spikes
|-ability|p2a: Kyurem|Pressure
|turn|17
|
|t:|1781254326
|move|p2a: Kyurem|Freeze-Dry|p1a: Landorus
|-supereffective|p1a: Landorus
|-damage|p1a: Landorus|0 fnt
|faint|p1a: Landorus
|
|upkeep
|
|t:|1781254328
|switch|p1a: Volcanion|Volcanion|89/100
|-damage|p1a: Volcanion|64/100|[from] Stealth Rock
|turn|18
|
|t:|1781254331
|switch|p2a: Slowking|Slowking-Galar, M|75/100
|-damage|p2a: Slowking|62/100|[from] Spikes
|move|p1a: Volcanion|Steam Eruption|p2a: Slowking
|-damage|p2a: Slowking|17/100
|
|-heal|p1a: Volcanion|70/100|[from] item: Leftovers
|upkeep
|turn|19
|j| wwlolkk
|l| wwlolkk
|
|t:|1781254338
|move|p1a: Volcanion|Flamethrower|p2a: Slowking
|-damage|p2a: Slowking|0 fnt
|faint|p2a: Slowking
|
|-heal|p1a: Volcanion|76/100|[from] item: Leftovers
|upkeep
|
|t:|1781254339
|switch|p2a: Kyurem|Kyurem|88/100
|-damage|p2a: Kyurem|76/100|[from] Spikes
|-ability|p2a: Kyurem|Pressure
|turn|20
|inactive|Vitriso has 120 seconds left.
|
|t:|1781254372
|move|p2a: Kyurem|Earth Power|p1a: Volcanion
|-supereffective|p1a: Volcanion
|-damage|p1a: Volcanion|0 fnt
|faint|p1a: Volcanion
|
|upkeep
|
|t:|1781254374
|switch|p1a: Deoxys|Deoxys-Speed|64/100 par
|-damage|p1a: Deoxys|52/100 par|[from] Stealth Rock
|-ability|p1a: Deoxys|Pressure
|turn|21
|
|t:|1781254376
|move|p2a: Kyurem|Earth Power|p1a: Deoxys
|-damage|p1a: Deoxys|0 fnt
|faint|p1a: Deoxys
|
|win|Vitriso
|raw|Sheerluck Holmes's rating: 1570 &rarr; <strong>1548</strong><br />(-22 for losing)
|raw|Vitriso's rating: 1531 &rarr; <strong>1553</strong><br />(+22 for winning)
|l|☆Sheerluck Holmes
|player|p1|
