|j|☆texett
|j|‽oathusishere
|t:|1781545525
|gametype|singles
|player|p1|texett|jasmine|1635
|player|p2|oathusishere|artistf-gen6|1682
|gen|9
|tier|[Gen 9] OU
|rated|
|rule|HP Percentage Mod: HP is shown in percentages
|rule|Endless Battle Clause: Forcing endless battles is banned
|rule|Species Clause: Limit one of each Pokémon
|rule|OHKO Clause: OHKO moves are banned
|rule|Evasion Items Clause: Evasion items are banned
|rule|Evasion Moves Clause: Evasion moves are banned
|rule|Evasion Abilities Clause: Evasion abilities are banned
|rule|Sleep Moves Clause: Sleep-inducing moves are banned
|clearpoke
|poke|p1|Glimmora, M|
|poke|p1|Dragapult, F|
|poke|p1|Zapdos|
|poke|p1|Samurott-Hisui, M|
|poke|p1|Iron Treads|
|poke|p1|Slither Wing|
|poke|p2|Regidrago|
|poke|p2|Darkrai|
|poke|p2|Slowking-Galar, F|
|poke|p2|Great Tusk|
|poke|p2|Corviknight, F|
|poke|p2|Primarina, M|
|teampreview
|inactive|Battle timer is ON: inactive players will automatically lose when time's up. (requested by oathusishere)
|inactive|texett also wants the timer to be on.
|
|t:|1781545555
|teamsize|p1|6
|teamsize|p2|6
|start
|switch|p1a: Slither Wing|Slither Wing, shiny|100/100
|switch|p2a: Slowking|Slowking-Galar, F|100/100
|turn|1
|l|☆texett
|inactive|texett disconnected and has a minute to reconnect!
|player|p1|
|j|☆texett
|inactive|texett reconnected and has 145 seconds left.
|player|p1|texett|jasmine|
|
|t:|1781545568
|move|p1a: Slither Wing|U-turn|p2a: Slowking
|-damage|p2a: Slowking|70/100
|
|t:|1781545572
|-end|p1a: Slither Wing|Protosynthesis|[silent]
|switch|p1a: Zapdos|Zapdos, shiny|100/100|[from] U-turn
|-prepare|p2a: Slowking|Chilly Reception|[premajor]
|move|p2a: Slowking|Chilly Reception|p2a: Slowking
|-weather|Snowscape
|
|t:|1781545577
|switch|p2a: Regidrago|Regidrago|100/100|[from] Chilly Reception
|
|-weather|Snowscape|[upkeep]
|upkeep
|turn|2
|
|t:|1781545581
|-terastallize|p2a: Regidrago|Dragon
|-terastallize|p1a: Zapdos|Steel
|move|p2a: Regidrago|Dragon Energy|p1a: Zapdos
|-resisted|p1a: Zapdos
|-damage|p1a: Zapdos|39/100
|move|p1a: Zapdos|Hurricane|p2a: Regidrago
|-damage|p2a: Regidrago|42/100
|
|-weather|Snowscape|[upkeep]
|upkeep
|turn|3
|
|t:|1781545590
|switch|p2a: Slowking|Slowking-Galar, F|100/100
|switch|p1a: Iron Treads|Iron Treads, shiny|100/100
|
|-weather|Snowscape|[upkeep]
|upkeep
|turn|4
|
|t:|1781545593
|switch|p2a: Corviknight|Corviknight, F|100/100
|-ability|p2a: Corviknight|Pressure
|move|p1a: Iron Treads|Knock Off|p2a: Corviknight
|-damage|p2a: Corviknight|86/100
|-damage|p1a: Iron Treads|84/100|[from] item: Rocky Helmet|[of] p2a: Corviknight
|-enditem|p2a: Corviknight|Rocky Helmet|[from] move: Knock Off|[of] p1a: Iron Treads
|
|-weather|Snowscape|[upkeep]
|upkeep
|turn|5
|
|t:|1781545597
|move|p1a: Iron Treads|Volt Switch|p2a: Corviknight
|-supereffective|p2a: Corviknight
|-damage|p2a: Corviknight|66/100
|
|t:|1781545600
|-end|p1a: Iron Treads|Quark Drive|[silent]
|switch|p1a: Zapdos|Zapdos, shiny, tera:Steel|39/100|[from] Volt Switch
|move|p2a: Corviknight|U-turn|p1a: Zapdos
|-resisted|p1a: Zapdos
|-damage|p1a: Zapdos|33/100
|
|t:|1781545603
|switch|p2a: Regidrago|Regidrago, tera:Dragon|42/100|[from] U-turn
|
|-weather|none
|upkeep
|turn|6
|
|t:|1781545606
|switch|p1a: Iron Treads|Iron Treads, shiny|84/100
|move|p2a: Regidrago|Earth Power|p1a: Iron Treads
|-supereffective|p1a: Iron Treads
|-damage|p1a: Iron Treads|55/100
|
|upkeep
|turn|7
|
|t:|1781545616
|switch|p2a: Great Tusk|Great Tusk|100/100
|-end|p1a: Iron Treads|Quark Drive|[silent]
|switch|p1a: Dragapult|Dragapult, F, shiny|100/100
|
|upkeep
|turn|8
|
|t:|1781545620
|-end|p2a: Great Tusk|Protosynthesis|[silent]
|switch|p2a: Primarina|Primarina, M|100/100
|move|p1a: Dragapult|U-turn|p2a: Primarina
|-resisted|p2a: Primarina
|-damage|p2a: Primarina|90/100
|
|t:|1781545626
|switch|p1a: Glimmora|Glimmora, M, shiny|100/100|[from] U-turn
|
|upkeep
|turn|9
|
|t:|1781545631
|move|p1a: Glimmora|Stealth Rock|p2a: Primarina
|-sidestart|p2: oathusishere|move: Stealth Rock
|move|p2a: Primarina|Surf|p1a: Glimmora
|-supereffective|p1a: Glimmora
|-damage|p1a: Glimmora|0 fnt
|faint|p1a: Glimmora
|
|upkeep
|
|t:|1781545638
|switch|p1a: Zapdos|Zapdos, shiny, tera:Steel|33/100
|turn|10
|
|t:|1781545645
|move|p1a: Zapdos|Roost|p1a: Zapdos
|-heal|p1a: Zapdos|83/100
|move|p2a: Primarina|Surf|p1a: Zapdos
|-damage|p1a: Zapdos|31/100
|
|upkeep
|turn|11
|
|t:|1781545650
|move|p1a: Zapdos|Volt Switch|p2a: Primarina
|-supereffective|p2a: Primarina
|-damage|p2a: Primarina|51/100
|
|t:|1781545656
|switch|p1a: Dragapult|Dragapult, F, shiny|100/100|[from] Volt Switch
|move|p2a: Primarina|Surf|p1a: Dragapult
|-resisted|p1a: Dragapult
|-damage|p1a: Dragapult|64/100
|
|upkeep
|turn|12
|
|t:|1781545662
|move|p1a: Dragapult|U-turn|p2a: Primarina
|-resisted|p2a: Primarina
|-damage|p2a: Primarina|38/100
|
|t:|1781545666
|switch|p1a: Iron Treads|Iron Treads, shiny|55/100|[from] U-turn
|move|p2a: Primarina|Surf|p1a: Iron Treads
|-supereffective|p1a: Iron Treads
|-damage|p1a: Iron Treads|3/100
|
|upkeep
|turn|13
|
|t:|1781545673
|move|p1a: Iron Treads|Earthquake|p2a: Primarina
|-damage|p2a: Primarina|0 fnt
|faint|p2a: Primarina
|
|upkeep
|
|t:|1781545677
|switch|p2a: Great Tusk|Great Tusk|100/100
|turn|14
|
|t:|1781545686
|-end|p1a: Iron Treads|Quark Drive|[silent]
|switch|p1a: Zapdos|Zapdos, shiny, tera:Steel|31/100
|move|p2a: Great Tusk|Ice Spinner|p1a: Zapdos
|-resisted|p1a: Zapdos
|-damage|p1a: Zapdos|20/100
|-status|p2a: Great Tusk|par|[from] ability: Static|[of] p1a: Zapdos
|
|upkeep
|turn|15
|
|t:|1781545698
|switch|p1a: Slither Wing|Slither Wing, shiny|100/100
|-end|p2a: Great Tusk|Protosynthesis|[silent]
|switch|p2a: Slowking|Slowking-Galar, F|100/100
|
|upkeep
|turn|16
|
|t:|1781545705
|move|p1a: Slither Wing|Will-O-Wisp|p2a: Slowking
|-status|p2a: Slowking|brn
|-prepare|p2a: Slowking|Chilly Reception|[premajor]
|move|p2a: Slowking|Chilly Reception|p2a: Slowking
|-weather|Snowscape
|
|t:|1781545709
|switch|p2a: Regidrago|Regidrago, tera:Dragon|42/100|[from] Chilly Reception
|-damage|p2a: Regidrago|29/100|[from] Stealth Rock
|
|-weather|Snowscape|[upkeep]
|upkeep
|turn|17
|
|t:|1781545714
|-end|p1a: Slither Wing|Protosynthesis|[silent]
|switch|p1a: Iron Treads|Iron Treads, shiny|3/100
|move|p2a: Regidrago|Outrage|p1a: Iron Treads
|-resisted|p1a: Iron Treads
|-damage|p1a: Iron Treads|0 fnt
|faint|p1a: Iron Treads
|-end|p1a: Iron Treads|Quark Drive|[silent]
|
|-weather|Snowscape|[upkeep]
|upkeep
|
|t:|1781545720
|switch|p1a: Slither Wing|Slither Wing, shiny|100/100
|turn|18
|
|t:|1781545722
|move|p1a: Slither Wing|First Impression|p2a: Regidrago
|-damage|p2a: Regidrago|0 fnt
|faint|p2a: Regidrago
|
|-weather|Snowscape|[upkeep]
|upkeep
|
|t:|1781545724
|switch|p2a: Great Tusk|Great Tusk|100/100 par
|turn|19
|
|t:|1781545730
|move|p1a: Slither Wing|U-turn|p2a: Great Tusk
|-resisted|p2a: Great Tusk
|-damage|p2a: Great Tusk|89/100 par
|
|t:|1781545735
|-end|p1a: Slither Wing|Protosynthesis|[silent]
|switch|p1a: Zapdos|Zapdos, shiny, tera:Steel|20/100|[from] U-turn
|move|p2a: Great Tusk|Headlong Rush|p1a: Zapdos
|-supereffective|p1a: Zapdos
|-damage|p1a: Zapdos|0 fnt
|-unboost|p2a: Great Tusk|def|1
|-unboost|p2a: Great Tusk|spd|1
|faint|p1a: Zapdos
|
|-weather|Snowscape|[upkeep]
|upkeep
|
|t:|1781545741
|switch|p1a: Dragapult|Dragapult, F, shiny|64/100
|turn|20
|
|t:|1781545746
|-end|p2a: Great Tusk|Protosynthesis|[silent]
|switch|p2a: Slowking|Slowking-Galar, F|100/100 brn
|move|p1a: Dragapult|Hex|p2a: Slowking
|-supereffective|p2a: Slowking
|-damage|p2a: Slowking|7/100 brn
|
|-weather|none
|-damage|p2a: Slowking|1/100 brn|[from] brn
|upkeep
|turn|21
|
|t:|1781545754
|move|p1a: Dragapult|Hex|p2a: Slowking
|-supereffective|p2a: Slowking
|-damage|p2a: Slowking|0 fnt
|faint|p2a: Slowking
|
|upkeep
|
|t:|1781545757
|switch|p2a: Darkrai|Darkrai|100/100
|-damage|p2a: Darkrai|88/100|[from] Stealth Rock
|turn|22
|
|t:|1781545761
|switch|p1a: Samurott|Samurott-Hisui, M, shiny|100/100
|move|p2a: Darkrai|Dark Pulse|p1a: Samurott
|-resisted|p1a: Samurott
|-damage|p1a: Samurott|84/100
|
|upkeep
|turn|23
|
|t:|1781545766
|switch|p2a: Corviknight|Corviknight, F|66/100
|-damage|p2a: Corviknight|54/100|[from] Stealth Rock
|-ability|p2a: Corviknight|Pressure
|move|p1a: Samurott|Aqua Cutter|p2a: Corviknight
|-damage|p2a: Corviknight|29/100
|
|upkeep
|turn|24
|
|t:|1781545779
|switch|p1a: Dragapult|Dragapult, F, shiny|64/100
|move|p2a: Corviknight|Roost|p2a: Corviknight
|-heal|p2a: Corviknight|79/100
|-singleturn|p2a: Corviknight|move: Roost
|
|upkeep
|turn|25
|
|t:|1781545783
|move|p1a: Dragapult|Shadow Ball|p2a: Corviknight
|-damage|p2a: Corviknight|30/100
|move|p2a: Corviknight|Brave Bird|p1a: Dragapult
|-damage|p1a: Dragapult|14/100
|-damage|p2a: Corviknight|17/100|[from] Recoil
|
|upkeep
|turn|26
|
|t:|1781545788
|move|p1a: Dragapult|Shadow Ball|p2a: Corviknight
|-damage|p2a: Corviknight|0 fnt
|faint|p2a: Corviknight
|
|upkeep
|
|t:|1781545791
|switch|p2a: Darkrai|Darkrai|88/100
|-damage|p2a: Darkrai|76/100|[from] Stealth Rock
|turn|27
|
|t:|1781545798
|switch|p1a: Samurott|Samurott-Hisui, M, shiny|84/100
|move|p2a: Darkrai|Sucker Punch||[still]
|-fail|p2a: Darkrai
|
|upkeep
|turn|28
|-message|oathusishere forfeited.
|
|win|texett
|raw|texett's rating: 1635 &rarr; <strong>1658</strong><br />(+23 for winning)
|raw|oathusishere's rating: 1682 &rarr; <strong>1659</strong><br />(-23 for losing)
|l|‽oathusishere
|player|p2|
|l|☆texett
|player|p1|
