|j|☆ur doggo
|j|☆mrporksin
|t:|1781179391
|gametype|singles
|player|p1|ur doggo|2|1522
|player|p2|mrporksin|169|1523
|gen|9
|tier|[Gen 9] OU
|rated|
|rule|HP Percentage Mod: HP is shown in percentages
|rule|Endless Battle Clause: Forcing endless battles is banned
|rule|Species Clause: Limit one of each Pokémon
|rule|OHKO Clause: OHKO moves are banned
|rule|Evasion Items Clause: Evasion items are banned
|rule|Evasion Moves Clause: Evasion moves are banned
|rule|Evasion Abilities Clause: Evasion abilities are banned
|rule|Sleep Moves Clause: Sleep-inducing moves are banned
|clearpoke
|poke|p1|Latios, M|
|poke|p1|Darkrai|
|poke|p1|Ting-Lu|
|poke|p1|Pecharunt|
|poke|p1|Dragonite, F|
|poke|p1|Clefable, F|
|poke|p2|Ogerpon, F|
|poke|p2|Deoxys-Speed|
|poke|p2|Blaziken, F|
|poke|p2|Scizor, M|
|poke|p2|Raging Bolt|
|poke|p2|Great Tusk|
|teampreview
|
|t:|1781179411
|teamsize|p1|6
|teamsize|p2|6
|start
|switch|p1a: Pecharunt|Pecharunt|100/100
|switch|p2a: Scizor|Scizor, M|100/100
|turn|1
|
|t:|1781179432
|move|p1a: Pecharunt|Shadow Ball|p2a: Scizor
|-damage|p2a: Scizor|69/100
|move|p2a: Scizor|U-turn|p1a: Pecharunt
|-resisted|p1a: Pecharunt
|-damage|p1a: Pecharunt|93/100
|
|t:|1781179435
|switch|p2a: Deoxys|Deoxys-Speed|100/100|[from] U-turn
|-ability|p2a: Deoxys|Pressure
|
|upkeep
|turn|2
|
|t:|1781179442
|switch|p1a: Ting-Lu|Ting-Lu|100/100
|-ability|p1a: Ting-Lu|Vessel of Ruin
|move|p2a: Deoxys|Spikes|p1a: Ting-Lu
|-sidestart|p1: ur doggo|Spikes
|
|upkeep
|turn|3
|
|t:|1781179454
|move|p2a: Deoxys|Spikes|p1a: Ting-Lu
|-sidestart|p1: ur doggo|Spikes
|move|p1a: Ting-Lu|Ruination|p2a: Deoxys
|-damage|p2a: Deoxys|51/100
|
|upkeep
|turn|4
|l|☆ur doggo
|player|p1|
|j|☆ur doggo
|player|p1|ur doggo|2|
|
|t:|1781179482
|move|p2a: Deoxys|Spikes|p1a: Ting-Lu
|-sidestart|p1: ur doggo|Spikes
|move|p1a: Ting-Lu|Spikes|p2a: Deoxys
|-sidestart|p2: mrporksin|Spikes
|
|upkeep
|turn|5
|
|t:|1781179486
|switch|p2a: Great Tusk|Great Tusk|100/100
|move|p1a: Ting-Lu|Spikes|p2a: Great Tusk
|-sidestart|p2: mrporksin|Spikes
|
|upkeep
|turn|6
|
|t:|1781179497
|switch|p1a: Pecharunt|Pecharunt|93/100
|move|p2a: Great Tusk|Knock Off|p1a: Pecharunt
|-supereffective|p1a: Pecharunt
|-damage|p1a: Pecharunt|61/100
|-enditem|p1a: Pecharunt|Heavy-Duty Boots|[from] move: Knock Off|[of] p2a: Great Tusk
|
|upkeep
|turn|7
|
|t:|1781179506
|-end|p2a: Great Tusk|Protosynthesis|[silent]
|switch|p2a: Scizor|Scizor, M|69/100
|-damage|p2a: Scizor|52/100|[from] Spikes
|switch|p1a: Latios|Latios, M|100/100
|
|upkeep
|turn|8
|
|t:|1781179518
|switch|p1a: Dragonite|Dragonite, F|100/100
|move|p2a: Scizor|U-turn|p1a: Dragonite
|-resisted|p1a: Dragonite
|-damage|p1a: Dragonite|85/100
|
|t:|1781179523
|switch|p2a: Great Tusk|Great Tusk|100/100|[from] U-turn
|
|upkeep
|turn|9
|
|t:|1781179529
|switch|p1a: Pecharunt|Pecharunt|61/100
|-damage|p1a: Pecharunt|36/100|[from] Spikes
|move|p2a: Great Tusk|Knock Off|p1a: Pecharunt
|-supereffective|p1a: Pecharunt
|-damage|p1a: Pecharunt|14/100
|
|upkeep
|turn|10
|
|t:|1781179537
|switch|p1a: Clefable|Clefable, F|100/100
|move|p2a: Great Tusk|Headlong Rush|p1a: Clefable
|-damage|p1a: Clefable|24/100
|-unboost|p2a: Great Tusk|def|1
|-unboost|p2a: Great Tusk|spd|1
|-damage|p2a: Great Tusk|84/100|[from] item: Rocky Helmet|[of] p1a: Clefable
|
|upkeep
|turn|11
|
|t:|1781179542
|switch|p1a: Pecharunt|Pecharunt|14/100
|-damage|p1a: Pecharunt|0 fnt|[from] Spikes
|faint|p1a: Pecharunt
|move|p2a: Great Tusk|Headlong Rush|p1: Pecharunt|[notarget]
|-fail|p2a: Great Tusk
|
|upkeep
|l|☆ur doggo
|player|p1|
|inactive|Battle timer is ON: inactive players will automatically lose when time's up. (requested by mrporksin)
|j|☆ur doggo
|inactive|ur doggo reconnected and has 140 seconds left.
|player|p1|ur doggo|2|
|
|t:|1781179582
|switch|p1a: Latios|Latios, M|100/100
|turn|12
|
|t:|1781179590
|-end|p2a: Great Tusk|Protosynthesis|[silent]
|switch|p2a: Deoxys|Deoxys-Speed|51/100
|-damage|p2a: Deoxys|34/100|[from] Spikes
|-ability|p2a: Deoxys|Pressure
|move|p1a: Latios|Psychic Noise|p2a: Deoxys
|-resisted|p2a: Deoxys
|-damage|p2a: Deoxys|2/100
|-start|p2a: Deoxys|move: Heal Block
|
|upkeep
|turn|13
|
|t:|1781179600
|switch|p1a: Clefable|Clefable, F|24/100
|move|p2a: Deoxys|Ice Beam|p1a: Clefable
|-damage|p1a: Clefable|1/100
|-damage|p2a: Deoxys|0 fnt|[from] item: Life Orb
|faint|p2a: Deoxys
|
|upkeep
|
|t:|1781179604
|switch|p2a: Great Tusk|Great Tusk|84/100
|turn|14
|
|t:|1781179622
|move|p2a: Great Tusk|Rapid Spin|p1a: Clefable
|-damage|p1a: Clefable|0 fnt
|-boost|p2a: Great Tusk|spe|1
|-damage|p2a: Great Tusk|68/100|[from] item: Rocky Helmet|[of] p1a: Clefable
|-sideend|p2: mrporksin|Spikes|[from] move: Rapid Spin|[of] p2a: Great Tusk
|faint|p1a: Clefable
|
|upkeep
|
|t:|1781179632
|switch|p1a: Darkrai|Darkrai|100/100
|turn|15
|
|t:|1781179640
|move|p2a: Great Tusk|Close Combat|p1a: Darkrai
|-supereffective|p1a: Darkrai
|-damage|p1a: Darkrai|0 fnt
|-unboost|p2a: Great Tusk|def|1
|-unboost|p2a: Great Tusk|spd|1
|faint|p1a: Darkrai
|
|upkeep
|
|t:|1781179647
|switch|p1a: Dragonite|Dragonite, F|85/100
|turn|16
|
|t:|1781179652
|move|p2a: Great Tusk|Knock Off|p1a: Dragonite
|-damage|p1a: Dragonite|47/100
|-enditem|p1a: Dragonite|Heavy-Duty Boots|[from] move: Knock Off|[of] p2a: Great Tusk
|move|p1a: Dragonite|Ice Spinner|p2a: Great Tusk
|-supereffective|p2a: Great Tusk
|-damage|p2a: Great Tusk|0 fnt
|faint|p2a: Great Tusk
|-end|p2a: Great Tusk|Protosynthesis|[silent]
|
|upkeep
|
|t:|1781179657
|switch|p2a: Scizor|Scizor, M|52/100
|turn|17
|
|t:|1781179670
|switch|p1a: Ting-Lu|Ting-Lu|100/100
|-damage|p1a: Ting-Lu|76/100|[from] Spikes
|-ability|p1a: Ting-Lu|Vessel of Ruin
|move|p2a: Scizor|Bullet Punch|p1a: Ting-Lu
|-crit|p1a: Ting-Lu
|-damage|p1a: Ting-Lu|34/100
|
|-heal|p1a: Ting-Lu|40/100|[from] item: Leftovers
|upkeep
|turn|18
|-message|ur doggo forfeited.
|
|win|mrporksin
|raw|ur doggo's rating: 1522 &rarr; <strong>1502</strong><br />(-20 for losing)
|raw|mrporksin's rating: 1523 &rarr; <strong>1543</strong><br />(+20 for winning)
|l|☆ur doggo
|player|p1|
|l|☆mrporksin
|player|p2|
