|j|☆sonnald
|j|☆CDPGuillaume
|t:|1781344744
|gametype|singles
|player|p1|sonnald|steven|1656
|player|p2|CDPGuillaume|101|1678
|gen|9
|tier|[Gen 9] OU
|rated|
|rule|HP Percentage Mod: HP is shown in percentages
|rule|Endless Battle Clause: Forcing endless battles is banned
|rule|Species Clause: Limit one of each Pokémon
|rule|OHKO Clause: OHKO moves are banned
|rule|Evasion Items Clause: Evasion items are banned
|rule|Evasion Moves Clause: Evasion moves are banned
|rule|Evasion Abilities Clause: Evasion abilities are banned
|rule|Sleep Moves Clause: Sleep-inducing moves are banned
|clearpoke
|poke|p1|Garchomp, M|
|poke|p1|Darkrai|
|poke|p1|Gholdengo|
|poke|p1|Ogerpon-Wellspring, F|
|poke|p1|Iron Valiant|
|poke|p1|Iron Treads|
|poke|p2|Iron Hands|
|poke|p2|Landorus-Therian, M|
|poke|p2|Kingambit, F|
|poke|p2|Rillaboom, M|
|poke|p2|Kyurem|
|poke|p2|Cinderace, F|
|teampreview
|inactive|Battle timer is ON: inactive players will automatically lose when time's up. (requested by CDPGuillaume)
|
|t:|1781344775
|teamsize|p1|6
|teamsize|p2|6
|start
|switch|p1a: Darkrai|Darkrai|100/100
|switch|p2a: Landorus|Landorus-Therian, M|100/100
|-ability|p2a: Landorus|Intimidate|boost
|-unboost|p1a: Darkrai|atk|1
|turn|1
|
|t:|1781344784
|switch|p2a: Iron Hands|Iron Hands|100/100
|move|p1a: Darkrai|Ice Beam|p2a: Iron Hands
|-damage|p2a: Iron Hands|85/100
|
|upkeep
|turn|2
|
|t:|1781344799
|switch|p1a: Gholdengo|Gholdengo|100/100
|-item|p1a: Gholdengo|Air Balloon
|move|p2a: Iron Hands|Drain Punch|p1a: Gholdengo
|-immune|p1a: Gholdengo
|
|upkeep
|turn|3
|
|t:|1781344814
|switch|p1a: Garchomp|Garchomp, M|100/100
|move|p2a: Iron Hands|Supercell Slam|p1a: Garchomp
|-immune|p1a: Garchomp
|-damage|p2a: Iron Hands|35/100|[from] supercellslam
|
|upkeep
|turn|4
|
|t:|1781344827
|-end|p2a: Iron Hands|Quark Drive|[silent]
|switch|p2a: Kyurem|Kyurem|100/100
|-ability|p2a: Kyurem|Pressure
|move|p1a: Garchomp|Stealth Rock|p2a: Kyurem
|-sidestart|p2: CDPGuillaume|move: Stealth Rock
|
|upkeep
|turn|5
|
|t:|1781344842
|switch|p1a: Gholdengo|Gholdengo|100/100
|-item|p1a: Gholdengo|Air Balloon
|move|p2a: Kyurem|Ice Beam|p1a: Gholdengo
|-resisted|p1a: Gholdengo
|-damage|p1a: Gholdengo|63/100
|-enditem|p1a: Gholdengo|Air Balloon
|
|upkeep
|turn|6
|
|t:|1781344863
|switch|p2a: Iron Hands|Iron Hands|35/100
|-damage|p2a: Iron Hands|29/100|[from] Stealth Rock
|move|p1a: Gholdengo|Recover|p1a: Gholdengo
|-heal|p1a: Gholdengo|100/100
|
|upkeep
|turn|7
|inactive|sonnald has 120 seconds left.
|
|t:|1781344880
|move|p1a: Gholdengo|Make It Rain|p2a: Iron Hands
|-resisted|p2a: Iron Hands
|-crit|p2a: Iron Hands
|-damage|p2a: Iron Hands|9/100
|-unboost|p1a: Gholdengo|spa|1
|move|p2a: Iron Hands|Earthquake|p1a: Gholdengo
|-supereffective|p1a: Gholdengo
|-crit|p1a: Gholdengo
|-damage|p1a: Gholdengo|12/100
|
|upkeep
|turn|8
|inactive|sonnald has 120 seconds left.
|
|t:|1781344908
|move|p1a: Gholdengo|Hex|p2a: Iron Hands
|-damage|p2a: Iron Hands|0 fnt
|faint|p2a: Iron Hands
|-end|p2a: Iron Hands|Quark Drive|[silent]
|
|upkeep
|
|t:|1781344923
|switch|p2a: Cinderace|Cinderace, F|100/100
|turn|9
|
|t:|1781344929
|switch|p1a: Garchomp|Garchomp, M|100/100
|move|p2a: Cinderace|Court Change|p2a: Cinderace
|-start|p2a: Cinderace|typechange|Normal|[from] ability: Libero
|-swapsideconditions
|-activate|p2a: Cinderace|move: Court Change
|
|upkeep
|turn|10
|j| Hider123
|inactive|sonnald has 120 seconds left.
|
|t:|1781344948
|switch|p2a: Kyurem|Kyurem|100/100
|-ability|p2a: Kyurem|Pressure
|move|p1a: Garchomp|Stealth Rock|p2a: Kyurem
|-sidestart|p2: CDPGuillaume|move: Stealth Rock
|
|upkeep
|turn|11
|
|t:|1781344974
|switch|p1a: Gholdengo|Gholdengo|12/100
|-damage|p1a: Gholdengo|6/100|[from] Stealth Rock
|move|p2a: Kyurem|Ice Beam|p1a: Gholdengo
|-resisted|p1a: Gholdengo
|-damage|p1a: Gholdengo|0 fnt
|faint|p1a: Gholdengo
|
|upkeep
|l| Hider123
|inactive|sonnald has 90 seconds left.
|
|t:|1781345010
|switch|p1a: Iron Treads|Iron Treads|100/100
|-damage|p1a: Iron Treads|98/100|[from] Stealth Rock
|turn|12
|
|t:|1781345030
|switch|p2a: Landorus|Landorus-Therian, M|100/100
|-damage|p2a: Landorus|88/100|[from] Stealth Rock
|-ability|p2a: Landorus|Intimidate|boost
|-unboost|p1a: Iron Treads|atk|1
|move|p1a: Iron Treads|Knock Off|p2a: Landorus
|-damage|p2a: Landorus|74/100
|-damage|p1a: Iron Treads|81/100|[from] item: Rocky Helmet|[of] p2a: Landorus
|-enditem|p2a: Landorus|Rocky Helmet|[from] move: Knock Off|[of] p1a: Iron Treads
|
|-heal|p1a: Iron Treads|87/100|[from] item: Leftovers
|upkeep
|turn|13
|
|t:|1781345044
|-end|p1a: Iron Treads|Quark Drive|[silent]
|switch|p1a: Garchomp|Garchomp, M|100/100
|-damage|p1a: Garchomp|94/100|[from] Stealth Rock
|move|p2a: Landorus|Earthquake|p1a: Garchomp
|-damage|p1a: Garchomp|64/100
|
|upkeep
|turn|14
|
|t:|1781345056
|move|p2a: Landorus|Earthquake|p1a: Garchomp
|-damage|p1a: Garchomp|34/100
|move|p1a: Garchomp|Dragon Tail|p2a: Landorus
|-damage|p2a: Landorus|51/100
|drag|p2a: Rillaboom|Rillaboom, M|100/100
|-damage|p2a: Rillaboom|88/100|[from] Stealth Rock
|-fieldstart|move: Grassy Terrain|[from] ability: Grassy Surge|[of] p2a: Rillaboom
|
|-heal|p1a: Garchomp|40/100|[from] Grassy Terrain
|-heal|p2a: Rillaboom|94/100|[from] Grassy Terrain
|upkeep
|turn|15
|inactive|sonnald has 60 seconds left.
|inactive|CDPGuillaume has 120 seconds left.
|
|t:|1781345116
|-terastallize|p2a: Rillaboom|Grass
|move|p2a: Rillaboom|Grassy Glide|p1a: Garchomp
|-damage|p1a: Garchomp|0 fnt
|-damage|p2a: Rillaboom|82/100|[from] ability: Rough Skin|[of] p1a: Garchomp
|-damage|p2a: Rillaboom|66/100|[from] item: Rocky Helmet|[of] p1a: Garchomp
|faint|p1a: Garchomp
|
|-heal|p2a: Rillaboom|72/100|[from] Grassy Terrain
|upkeep
|
|t:|1781345134
|switch|p1a: Darkrai|Darkrai|100/100
|turn|16
|
|t:|1781345145
|switch|p2a: Landorus|Landorus-Therian, M|51/100
|-damage|p2a: Landorus|39/100|[from] Stealth Rock
|-ability|p2a: Landorus|Intimidate|boost
|-unboost|p1a: Darkrai|atk|1
|-terastallize|p1a: Darkrai|Poison
|move|p1a: Darkrai|Sludge Bomb|p2a: Landorus
|-resisted|p2a: Landorus
|-damage|p2a: Landorus|9/100
|-status|p2a: Landorus|psn
|
|-damage|p2a: Landorus|0 fnt|[from] psn
|faint|p2a: Landorus
|upkeep
|
|t:|1781345154
|switch|p2a: Kyurem|Kyurem|100/100
|-damage|p2a: Kyurem|76/100|[from] Stealth Rock
|-ability|p2a: Kyurem|Pressure
|turn|17
|j| Hider123
|inactive|sonnald has 30 seconds left.
|
|t:|1781345186
|switch|p1a: Iron Treads|Iron Treads|87/100
|-damage|p1a: Iron Treads|84/100|[from] Stealth Rock
|move|p2a: Kyurem|Ice Beam|p1a: Iron Treads
|-damage|p1a: Iron Treads|19/100
|-status|p1a: Iron Treads|frz
|
|-heal|p1a: Iron Treads|25/100 frz|[from] Grassy Terrain
|-heal|p1a: Iron Treads|31/100 frz|[from] item: Leftovers
|-heal|p2a: Kyurem|82/100|[from] Grassy Terrain
|upkeep
|turn|18
|inactive|sonnald has 30 seconds left.
|
|t:|1781345203
|-curestatus|p1a: Iron Treads|frz|[msg]
|move|p1a: Iron Treads|Knock Off|p2a: Kyurem
|-damage|p2a: Kyurem|58/100
|-enditem|p2a: Kyurem|Choice Specs|[from] move: Knock Off|[of] p1a: Iron Treads
|move|p2a: Kyurem|Ice Beam|p1a: Iron Treads
|-damage|p1a: Iron Treads|0 fnt
|faint|p1a: Iron Treads
|-end|p1a: Iron Treads|Quark Drive|[silent]
|
|-heal|p2a: Kyurem|64/100|[from] Grassy Terrain
|-fieldend|move: Grassy Terrain
|upkeep
|inactive|sonnald has 30 seconds left this turn.
|inactive|sonnald has 20 seconds left.
|
|t:|1781345217
|switch|p1a: Iron Valiant|Iron Valiant|100/100
|-damage|p1a: Iron Valiant|94/100|[from] Stealth Rock
|-enditem|p1a: Iron Valiant|Booster Energy
|-activate|p1a: Iron Valiant|ability: Quark Drive|[fromitem]
|-start|p1a: Iron Valiant|quarkdrivespe
|turn|19
|inactive|sonnald has 30 seconds left this turn.
|
|t:|1781345227
|move|p1a: Iron Valiant|Moonblast|p2a: Kyurem
|-supereffective|p2a: Kyurem
|-damage|p2a: Kyurem|0 fnt
|faint|p2a: Kyurem
|
|upkeep
|
|t:|1781345229
|switch|p2a: Rillaboom|Rillaboom, M, tera:Grass|72/100
|-damage|p2a: Rillaboom|59/100|[from] Stealth Rock
|-fieldstart|move: Grassy Terrain|[from] ability: Grassy Surge|[of] p2a: Rillaboom
|turn|20
|inactive|sonnald has 30 seconds left.
|inactive|sonnald has 20 seconds left.
|inactive|sonnald has 15 seconds left.
|
|t:|1781345257
|-end|p1a: Iron Valiant|Quark Drive|[silent]
|switch|p1a: Ogerpon|Ogerpon-Wellspring, F|100/100
|-damage|p1a: Ogerpon|88/100|[from] Stealth Rock
|move|p2a: Rillaboom|Grassy Glide|p1a: Ogerpon
|-damage|p1a: Ogerpon|0 fnt
|faint|p1a: Ogerpon
|
|-heal|p2a: Rillaboom|66/100|[from] Grassy Terrain
|upkeep
|inactive|sonnald has 20 seconds left this turn.
|inactive|sonnald has 15 seconds left.
|
|t:|1781345263
|switch|p1a: Darkrai|Darkrai, tera:Poison|100/100
|turn|21
|inactive|sonnald has 25 seconds left this turn.
|inactive|sonnald has 20 seconds left.
|
|t:|1781345271
|switch|p2a: Cinderace|Cinderace, F|100/100
|move|p1a: Darkrai|Sludge Bomb|p2a: Cinderace
|-damage|p2a: Cinderace|28/100
|
|-heal|p2a: Cinderace|34/100|[from] Grassy Terrain
|upkeep
|turn|22
|inactive|sonnald has 30 seconds left this turn.
|
|t:|1781345280
|move|p1a: Darkrai|Dark Pulse|p2a: Cinderace
|-damage|p2a: Cinderace|0 fnt
|faint|p2a: Cinderace
|
|upkeep
|
|t:|1781345286
|switch|p2a: Kingambit|Kingambit, F|100/100
|-damage|p2a: Kingambit|94/100|[from] Stealth Rock
|-activate|p2a: Kingambit|ability: Supreme Overlord
|-start|p2a: Kingambit|fallen4|[silent]
|turn|23
|inactive|sonnald has 30 seconds left.
|inactive|sonnald has 20 seconds left.
|inactive|sonnald has 15 seconds left.
|inactive|sonnald has 10 seconds left.
|inactive|sonnald has 5 seconds left.
|
|t:|1781345322
|switch|p1a: Iron Valiant|Iron Valiant|94/100
|-damage|p1a: Iron Valiant|88/100|[from] Stealth Rock
|move|p2a: Kingambit|Iron Head|p1a: Iron Valiant
|-supereffective|p1a: Iron Valiant
|-damage|p1a: Iron Valiant|0 fnt
|faint|p1a: Iron Valiant
|-end|p1a: Iron Valiant|Quark Drive|[silent]
|
|-heal|p2a: Kingambit|100/100|[from] Grassy Terrain
|upkeep
|inactive|sonnald has 10 seconds left this turn.
|inactive|sonnald has 5 seconds left.
|c|☆sonnald|gg
|-message|sonnald forfeited.
|
|win|CDPGuillaume
|raw|sonnald's rating: 1656 &rarr; <strong>1639</strong><br />(-17 for losing)
|raw|CDPGuillaume's rating: 1704 &rarr; <strong>1721</strong><br />(+17 for winning)
|l|☆sonnald
|player|p1|
|c|☆CDPGuillaume|gg
|l|☆CDPGuillaume
|player|p2|
