|j|☆pivotslophaxmaxxer
|j|☆Indralok
|t:|1781546332
|gametype|singles
|player|p1|pivotslophaxmaxxer|thorton|1649
|player|p2|Indralok|dawn|1567
|gen|9
|tier|[Gen 9] OU
|rated|
|rule|HP Percentage Mod: HP is shown in percentages
|rule|Endless Battle Clause: Forcing endless battles is banned
|rule|Species Clause: Limit one of each Pokémon
|rule|OHKO Clause: OHKO moves are banned
|rule|Evasion Items Clause: Evasion items are banned
|rule|Evasion Moves Clause: Evasion moves are banned
|rule|Evasion Abilities Clause: Evasion abilities are banned
|rule|Sleep Moves Clause: Sleep-inducing moves are banned
|clearpoke
|poke|p1|Regieleki|
|poke|p1|Tyranitar, M|
|poke|p1|Ogerpon-Wellspring, F|
|poke|p1|Hatterene, F|
|poke|p1|Gholdengo|
|poke|p1|Gliscor, M|
|poke|p2|Hawlucha, F|
|poke|p2|Samurott-Hisui, F|
|poke|p2|Rillaboom, F|
|poke|p2|Gholdengo|
|poke|p2|Kyurem|
|poke|p2|Landorus-Therian, M|
|teampreview
|inactive|Battle timer is ON: inactive players will automatically lose when time's up. (requested by Indralok)
|
|t:|1781546347
|teamsize|p1|6
|teamsize|p2|6
|start
|switch|p1a: Regieleki|Regieleki|100/100
|switch|p2a: Rillaboom|Rillaboom, F|100/100
|-fieldstart|move: Grassy Terrain|[from] ability: Grassy Surge|[of] p2a: Rillaboom
|turn|1
|
|t:|1781546351
|move|p2a: Rillaboom|Grassy Glide|p1a: Regieleki
|-crit|p1a: Regieleki
|-damage|p1a: Regieleki|0 fnt
|faint|p1a: Regieleki
|
|upkeep
|
|t:|1781546362
|switch|p1a: Gholdengo|Gholdengo|100/100
|turn|2
|
|t:|1781546367
|switch|p2a: Samurott|Samurott-Hisui, F|100/100
|move|p1a: Gholdengo|Make It Rain|p2a: Samurott
|-resisted|p2a: Samurott
|-damage|p2a: Samurott|71/100
|-unboost|p1a: Gholdengo|spa|1
|
|-heal|p2a: Samurott|77/100|[from] Grassy Terrain
|upkeep
|turn|3
|
|t:|1781546378
|switch|p1a: Ogerpon|Ogerpon-Wellspring, F|100/100
|move|p2a: Samurott|Ceaseless Edge|p1a: Ogerpon
|-damage|p1a: Ogerpon|52/100
|-sidestart|p1: pivotslophaxmaxxer|Spikes
|
|-heal|p1a: Ogerpon|58/100|[from] Grassy Terrain
|-heal|p2a: Samurott|83/100|[from] Grassy Terrain
|upkeep
|turn|4
|
|t:|1781546382
|switch|p2a: Kyurem|Kyurem|100/100
|-ability|p2a: Kyurem|Pressure
|move|p1a: Ogerpon|Play Rough|p2a: Kyurem
|-supereffective|p2a: Kyurem
|-damage|p2a: Kyurem|31/100
|
|-heal|p1a: Ogerpon|64/100|[from] Grassy Terrain
|-heal|p2a: Kyurem|38/100|[from] Grassy Terrain
|upkeep
|turn|5
|
|t:|1781546385
|switch|p2a: Rillaboom|Rillaboom, F|100/100
|move|p1a: Ogerpon|Play Rough|p2a: Rillaboom
|-damage|p2a: Rillaboom|65/100
|
|-heal|p1a: Ogerpon|70/100|[from] Grassy Terrain
|-heal|p2a: Rillaboom|71/100|[from] Grassy Terrain
|-fieldend|move: Grassy Terrain
|upkeep
|turn|6
|
|t:|1781546406
|move|p1a: Ogerpon|Play Rough|p2a: Rillaboom
|-crit|p2a: Rillaboom
|-damage|p2a: Rillaboom|14/100
|move|p2a: Rillaboom|Wood Hammer|p1a: Ogerpon
|-damage|p1a: Ogerpon|0 fnt
|faint|p1a: Ogerpon
|-damage|p2a: Rillaboom|0 fnt|[from] Recoil
|faint|p2a: Rillaboom
|
|upkeep
|inactive|pivotslophaxmaxxer has 120 seconds left.
|
|t:|1781546426
|switch|p1a: Hatterene|Hatterene, F|100/100
|switch|p2a: Gholdengo|Gholdengo|100/100
|-damage|p1a: Hatterene|88/100|[from] Spikes
|turn|7
|
|t:|1781546434
|-terastallize|p1a: Hatterene|Water
|move|p2a: Gholdengo|Make It Rain|p1a: Hatterene
|-resisted|p1a: Hatterene
|-damage|p1a: Hatterene|57/100
|-unboost|p2a: Gholdengo|spa|1
|move|p1a: Hatterene|Calm Mind|p1a: Hatterene
|-boost|p1a: Hatterene|spa|1
|-boost|p1a: Hatterene|spd|1
|
|-heal|p1a: Hatterene|63/100|[from] item: Leftovers
|upkeep
|turn|8
|
|t:|1781546441
|switch|p2a: Kyurem|Kyurem|38/100
|-ability|p2a: Kyurem|Pressure
|move|p1a: Hatterene|Calm Mind|p1a: Hatterene
|-boost|p1a: Hatterene|spa|1
|-boost|p1a: Hatterene|spd|1
|
|-heal|p1a: Hatterene|69/100|[from] item: Leftovers
|upkeep
|turn|9
|
|t:|1781546444
|move|p2a: Kyurem|Freeze-Dry|p1a: Hatterene
|-supereffective|p1a: Hatterene
|-damage|p1a: Hatterene|27/100
|move|p1a: Hatterene|Draining Kiss|p2a: Kyurem
|-supereffective|p2a: Kyurem
|-damage|p2a: Kyurem|0 fnt
|-heal|p1a: Hatterene|61/100|[from] drain|[of] p2a: Kyurem
|faint|p2a: Kyurem
|
|-heal|p1a: Hatterene|67/100|[from] item: Leftovers
|upkeep
|
|t:|1781546447
|switch|p2a: Samurott|Samurott-Hisui, F|83/100
|turn|10
|
|t:|1781546451
|-terastallize|p2a: Samurott|Poison
|move|p2a: Samurott|Knock Off|p1a: Hatterene
|-damage|p1a: Hatterene|35/100
|-enditem|p1a: Hatterene|Leftovers|[from] move: Knock Off|[of] p2a: Samurott
|move|p1a: Hatterene|Draining Kiss|p2a: Samurott
|-resisted|p2a: Samurott
|-damage|p2a: Samurott|69/100
|-heal|p1a: Hatterene|46/100|[from] drain|[of] p2a: Samurott
|
|upkeep
|turn|11
|
|t:|1781546455
|move|p2a: Samurott|Ceaseless Edge|p1a: Hatterene|[miss]
|-miss|p2a: Samurott|p1a: Hatterene
|move|p1a: Hatterene|Psychic Noise|p2a: Samurott
|-supereffective|p2a: Samurott
|-damage|p2a: Samurott|0 fnt
|faint|p2a: Samurott
|
|upkeep
|
|t:|1781546468
|switch|p2a: Gholdengo|Gholdengo|100/100
|turn|12
|
|t:|1781546475
|move|p2a: Gholdengo|Trick|p1a: Hatterene
|-activate|p2a: Gholdengo|move: Trick|[of] p1a: Hatterene
|-item|p1a: Hatterene|Choice Scarf|[from] move: Trick
|-enditem|p2a: Gholdengo|Choice Scarf|[silent]|[from] move: Trick
|move|p1a: Hatterene|Mystical Fire|p2a: Gholdengo
|-supereffective|p2a: Gholdengo
|-damage|p2a: Gholdengo|2/100
|-unboost|p2a: Gholdengo|spa|1
|
|upkeep
|turn|13
|
|t:|1781546479
|move|p2a: Gholdengo|Shadow Ball|p1a: Hatterene
|-damage|p1a: Hatterene|31/100
|move|p1a: Hatterene|Mystical Fire|p2a: Gholdengo
|-supereffective|p2a: Gholdengo
|-damage|p2a: Gholdengo|0 fnt
|faint|p2a: Gholdengo
|
|upkeep
|
|t:|1781546482
|switch|p2a: Hawlucha|Hawlucha, F|100/100
|turn|14
|
|t:|1781546485
|move|p2a: Hawlucha|Acrobatics|p1a: Hatterene
|-damage|p1a: Hatterene|10/100
|move|p1a: Hatterene|Mystical Fire|p2a: Hawlucha
|-crit|p2a: Hawlucha
|-damage|p2a: Hawlucha|1/100
|-unboost|p2a: Hawlucha|spa|1
|
|upkeep
|turn|15
|c|☆Indralok|this battle was so shit
|-message|Indralok forfeited.
|
|win|pivotslophaxmaxxer
|raw|pivotslophaxmaxxer's rating: 1649 &rarr; <strong>1664</strong><br />(+15 for winning)
|raw|Indralok's rating: 1567 &rarr; <strong>1552</strong><br />(-15 for losing)
|l|☆Indralok
|player|p2|
|l|☆pivotslophaxmaxxer
|player|p1|
