|j|☆Catalyxx
|j|☆A4555
|t:|1781446754
|gametype|singles
|player|p1|Catalyxx|roxie-masters|1537
|player|p2|A4555|sisandbro|1502
|gen|9
|tier|[Gen 9] OU
|rated|
|rule|HP Percentage Mod: HP is shown in percentages
|rule|Endless Battle Clause: Forcing endless battles is banned
|rule|Species Clause: Limit one of each Pokémon
|rule|OHKO Clause: OHKO moves are banned
|rule|Evasion Items Clause: Evasion items are banned
|rule|Evasion Moves Clause: Evasion moves are banned
|rule|Evasion Abilities Clause: Evasion abilities are banned
|rule|Sleep Moves Clause: Sleep-inducing moves are banned
|clearpoke
|poke|p1|Reuniclus, M|
|poke|p1|Kingambit, M|
|poke|p1|Ogerpon-Wellspring, F|
|poke|p1|Landorus-Therian, M|
|poke|p1|Iron Valiant|
|poke|p1|Cinderace, M|
|poke|p2|Cinderace, M|
|poke|p2|Zapdos|
|poke|p2|Kingambit, M|
|poke|p2|Kyurem|
|poke|p2|Great Tusk|
|poke|p2|Slowking-Galar, M|
|teampreview
|inactive|Battle timer is ON: inactive players will automatically lose when time's up. (requested by A4555)
|
|t:|1781446776
|teamsize|p1|6
|teamsize|p2|6
|start
|switch|p1a: Cinderace|Cinderace, M|100/100
|switch|p2a: Kyurem|Kyurem, shiny|100/100
|-ability|p2a: Kyurem|Pressure
|turn|1
|
|t:|1781446783
|switch|p2a: Zapdos|Zapdos, shiny|100/100
|move|p1a: Cinderace|U-turn|p2a: Zapdos
|-start|p1a: Cinderace|typechange|Bug|[from] ability: Libero
|-resisted|p2a: Zapdos
|-damage|p2a: Zapdos|88/100
|-status|p1a: Cinderace|par|[from] ability: Static|[of] p2a: Zapdos
|
|t:|1781446788
|switch|p1a: Landorus|Landorus-Therian, M|100/100|[from] U-turn
|-ability|p1a: Landorus|Intimidate|boost
|-unboost|p2a: Zapdos|atk|1
|
|upkeep
|turn|2
|
|t:|1781446793
|move|p1a: Landorus|Stealth Rock|p2a: Zapdos
|-sidestart|p2: A4555|move: Stealth Rock
|move|p2a: Zapdos|U-turn|p1a: Landorus
|-resisted|p1a: Landorus
|-damage|p1a: Landorus|96/100
|-damage|p2a: Zapdos|72/100|[from] item: Rocky Helmet|[of] p1a: Landorus
|
|t:|1781446800
|switch|p2a: Great Tusk|Great Tusk|100/100|[from] U-turn
|-damage|p2a: Great Tusk|97/100|[from] Stealth Rock
|
|-heal|p2a: Great Tusk|100/100|[from] item: Leftovers
|upkeep
|turn|3
|
|t:|1781446806
|move|p1a: Landorus|Taunt|p2a: Great Tusk
|-start|p2a: Great Tusk|move: Taunt
|move|p2a: Great Tusk|Rapid Spin|p1a: Landorus
|-damage|p1a: Landorus|79/100
|-boost|p2a: Great Tusk|spe|1
|-damage|p2a: Great Tusk|84/100|[from] item: Rocky Helmet|[of] p1a: Landorus
|-sideend|p2: A4555|Stealth Rock|[from] move: Rapid Spin|[of] p2a: Great Tusk
|
|-heal|p2a: Great Tusk|90/100|[from] item: Leftovers
|upkeep
|turn|4
|
|t:|1781446816
|switch|p1a: Ogerpon|Ogerpon-Wellspring, F|100/100
|move|p2a: Great Tusk|Ice Spinner|p1a: Ogerpon
|-damage|p1a: Ogerpon|65/100
|
|-heal|p2a: Great Tusk|96/100|[from] item: Leftovers
|upkeep
|turn|5
|
|t:|1781446821
|move|p2a: Great Tusk|Close Combat|p1a: Ogerpon
|-damage|p1a: Ogerpon|0 fnt
|-unboost|p2a: Great Tusk|def|1
|-unboost|p2a: Great Tusk|spd|1
|faint|p1a: Ogerpon
|
|-heal|p2a: Great Tusk|100/100|[from] item: Leftovers
|-end|p2a: Great Tusk|move: Taunt
|upkeep
|
|t:|1781446825
|switch|p1a: Reuniclus|Reuniclus, M|100/100
|turn|6
|
|t:|1781446844
|-end|p2a: Great Tusk|Protosynthesis|[silent]
|switch|p2a: Slowking|Slowking-Galar, M|100/100
|move|p1a: Reuniclus|Trick Room|p1a: Reuniclus
|-fieldstart|move: Trick Room|[of] p1a: Reuniclus
|
|upkeep
|turn|7
|
|t:|1781446856
|-terastallize|p2a: Slowking|Water
|move|p1a: Reuniclus|Shadow Ball|p2a: Slowking
|-damage|p2a: Slowking|77/100
|-unboost|p2a: Slowking|spd|1
|move|p2a: Slowking|Thunder Wave|p1a: Reuniclus
|-status|p1a: Reuniclus|par
|
|upkeep
|turn|8
|
|t:|1781446861
|cant|p1a: Reuniclus|par
|-prepare|p2a: Slowking|Chilly Reception|[premajor]
|move|p2a: Slowking|Chilly Reception|p2a: Slowking
|-weather|Snowscape
|
|t:|1781446872
|switch|p2a: Zapdos|Zapdos, shiny|72/100|[from] Chilly Reception
|
|-weather|Snowscape|[upkeep]
|upkeep
|turn|9
|
|t:|1781446875
|cant|p1a: Reuniclus|par
|move|p2a: Zapdos|U-turn|p1a: Reuniclus
|-supereffective|p1a: Reuniclus
|-damage|p1a: Reuniclus|75/100 par
|
|t:|1781446892
|switch|p2a: Slowking|Slowking-Galar, M, tera:Water|100/100|[from] U-turn
|
|-weather|Snowscape|[upkeep]
|upkeep
|turn|10
|
|t:|1781446898
|move|p1a: Reuniclus|Psychic Noise|p2a: Slowking
|-damage|p2a: Slowking|69/100
|-start|p2a: Slowking|move: Heal Block
|move|p2a: Slowking|Sludge Bomb|p1a: Reuniclus
|-damage|p1a: Reuniclus|46/100 par
|
|-weather|Snowscape|[upkeep]
|-fieldend|move: Trick Room
|upkeep
|turn|11
|
|t:|1781446925
|move|p2a: Slowking|Future Sight|p1a: Reuniclus
|-start|p2a: Slowking|move: Future Sight
|move|p1a: Reuniclus|Focus Blast|p2a: Slowking
|-damage|p2a: Slowking|34/100
|
|-weather|Snowscape|[upkeep]
|-end|p2a: Slowking|move: Heal Block
|upkeep
|turn|12
|
|t:|1781446936
|switch|p2a: Kyurem|Kyurem, shiny|100/100
|-ability|p2a: Kyurem|Pressure
|cant|p1a: Reuniclus|par
|
|-weather|none
|upkeep
|turn|13
|inactive|A4555 has 120 seconds left.
|
|t:|1781446958
|move|p2a: Kyurem|Ice Beam|p1a: Reuniclus
|-damage|p1a: Reuniclus|0 fnt
|faint|p1a: Reuniclus
|
|-hint|Future Sight did not hit because the target is fainted.
|upkeep
|
|t:|1781446969
|switch|p1a: Iron Valiant|Iron Valiant|100/100
|turn|14
|
|t:|1781446972
|switch|p2a: Slowking|Slowking-Galar, M, tera:Water|67/100
|move|p1a: Iron Valiant|Moonblast|p2a: Slowking
|-damage|p2a: Slowking|30/100
|-unboost|p2a: Slowking|spa|1
|
|upkeep
|turn|15
|
|t:|1781446979
|switch|p2a: Cinderace|Cinderace, M|100/100
|move|p1a: Iron Valiant|Moonblast|p2a: Cinderace
|-resisted|p2a: Cinderace
|-damage|p2a: Cinderace|65/100
|
|upkeep
|turn|16
|
|t:|1781446987
|-end|p1a: Iron Valiant|Quark Drive|[silent]
|switch|p1a: Landorus|Landorus-Therian, M|79/100
|-ability|p1a: Landorus|Intimidate|boost
|-unboost|p2a: Cinderace|atk|1
|move|p2a: Cinderace|Pyro Ball|p1a: Landorus
|-damage|p1a: Landorus|50/100
|-status|p1a: Landorus|brn
|
|-damage|p1a: Landorus|44/100 brn|[from] brn
|upkeep
|turn|17
|
|t:|1781447012
|move|p2a: Cinderace|U-turn|p1a: Landorus
|-resisted|p1a: Landorus
|-damage|p1a: Landorus|37/100 brn
|-damage|p2a: Cinderace|49/100|[from] item: Rocky Helmet|[of] p1a: Landorus
|
|t:|1781447015
|switch|p2a: Zapdos|Zapdos, shiny|72/100|[from] U-turn
|move|p1a: Landorus|U-turn|p2a: Zapdos
|-resisted|p2a: Zapdos
|-damage|p2a: Zapdos|68/100
|
|t:|1781447020
|switch|p1a: Cinderace|Cinderace, M|100/100 par|[from] U-turn
|
|upkeep
|turn|18
|
|t:|1781447033
|move|p2a: Zapdos|Thunderbolt|p1a: Cinderace
|-damage|p1a: Cinderace|48/100 par
|move|p1a: Cinderace|Pyro Ball|p2a: Zapdos
|-damage|p2a: Zapdos|24/100
|
|upkeep
|turn|19
|
|t:|1781447039
|move|p2a: Zapdos|Roost|p2a: Zapdos
|-heal|p2a: Zapdos|74/100
|-singleturn|p2a: Zapdos|move: Roost
|move|p1a: Cinderace|Gunk Shot|p2a: Zapdos
|-start|p1a: Cinderace|typechange|Poison|[from] ability: Libero
|-crit|p2a: Zapdos
|-damage|p2a: Zapdos|11/100
|
|upkeep
|turn|20
|
|t:|1781447044
|move|p2a: Zapdos|Roost|p2a: Zapdos
|-heal|p2a: Zapdos|61/100
|-singleturn|p2a: Zapdos|move: Roost
|cant|p1a: Cinderace|par
|
|upkeep
|turn|21
|
|t:|1781447049
|move|p2a: Zapdos|Thunderbolt|p1a: Cinderace
|-damage|p1a: Cinderace|0 fnt
|faint|p1a: Cinderace
|
|upkeep
|
|t:|1781447058
|switch|p1a: Kingambit|Kingambit, M|100/100
|-activate|p1a: Kingambit|ability: Supreme Overlord
|-start|p1a: Kingambit|fallen3|[silent]
|turn|22
|inactive|A4555 has 120 seconds left.
|
|t:|1781447090
|-end|p1a: Kingambit|fallen3|[silent]
|switch|p1a: Iron Valiant|Iron Valiant|100/100
|move|p2a: Zapdos|Thunderbolt|p1a: Iron Valiant
|-damage|p1a: Iron Valiant|20/100
|
|upkeep
|turn|23
|
|t:|1781447095
|switch|p2a: Slowking|Slowking-Galar, M, tera:Water|63/100
|-terastallize|p1a: Iron Valiant|Fairy
|move|p1a: Iron Valiant|Moonblast|p2a: Slowking
|-damage|p2a: Slowking|18/100
|-unboost|p2a: Slowking|spa|1
|
|upkeep
|turn|24
|
|t:|1781447108
|switch|p2a: Cinderace|Cinderace, M|49/100
|move|p1a: Iron Valiant|Moonblast|p2a: Cinderace
|-resisted|p2a: Cinderace
|-damage|p2a: Cinderace|4/100
|
|upkeep
|turn|25
|
|t:|1781447115
|-end|p1a: Iron Valiant|Quark Drive|[silent]
|switch|p1a: Landorus|Landorus-Therian, M|37/100 brn
|-ability|p1a: Landorus|Intimidate|boost
|-unboost|p2a: Cinderace|atk|1
|move|p2a: Cinderace|Pyro Ball|p1a: Landorus
|-damage|p1a: Landorus|0 fnt
|faint|p1a: Landorus
|
|upkeep
|
|t:|1781447118
|switch|p1a: Iron Valiant|Iron Valiant, tera:Fairy|20/100
|turn|26
|
|t:|1781447145
|move|p1a: Iron Valiant|Vacuum Wave|p2a: Cinderace
|-damage|p2a: Cinderace|0 fnt
|faint|p2a: Cinderace
|
|upkeep
|
|t:|1781447148
|switch|p2a: Slowking|Slowking-Galar, M, tera:Water|51/100
|turn|27
|
|t:|1781447152
|-end|p1a: Iron Valiant|Quark Drive|[silent]
|switch|p1a: Kingambit|Kingambit, M|100/100
|-activate|p1a: Kingambit|ability: Supreme Overlord
|-start|p1a: Kingambit|fallen4|[silent]
|-prepare|p2a: Slowking|Chilly Reception|[premajor]
|move|p2a: Slowking|Chilly Reception|p2a: Slowking
|-weather|Snowscape
|
|t:|1781447155
|switch|p2a: Great Tusk|Great Tusk|100/100|[from] Chilly Reception
|
|-weather|Snowscape|[upkeep]
|upkeep
|turn|28
|
|t:|1781447163
|move|p2a: Great Tusk|Headlong Rush|p1a: Kingambit
|-supereffective|p1a: Kingambit
|-damage|p1a: Kingambit|2/100
|-unboost|p2a: Great Tusk|def|1
|-unboost|p2a: Great Tusk|spd|1
|move|p1a: Kingambit|Iron Head|p2a: Great Tusk
|-damage|p2a: Great Tusk|32/100
|
|-weather|Snowscape|[upkeep]
|-heal|p2a: Great Tusk|38/100|[from] item: Leftovers
|-heal|p1a: Kingambit|8/100|[from] item: Leftovers
|upkeep
|turn|29
|inactive|A4555 has 120 seconds left.
|
|t:|1781447196
|-end|p2a: Great Tusk|Protosynthesis|[silent]
|switch|p2a: Zapdos|Zapdos, shiny|61/100
|move|p1a: Kingambit|Sucker Punch||[still]
|-fail|p1a: Kingambit
|
|-weather|Snowscape|[upkeep]
|-heal|p1a: Kingambit|14/100|[from] item: Leftovers
|upkeep
|turn|30
|
|t:|1781447200
|move|p2a: Zapdos|Thunderbolt|p1a: Kingambit
|-damage|p1a: Kingambit|0 fnt
|faint|p1a: Kingambit
|-end|p1a: Kingambit|fallen4|[silent]
|
|-weather|Snowscape|[upkeep]
|upkeep
|
|t:|1781447202
|switch|p1a: Iron Valiant|Iron Valiant, tera:Fairy|20/100
|turn|31
|inactive|A4555 has 120 seconds left.
|
|t:|1781447228
|move|p1a: Iron Valiant|Moonblast|p2a: Zapdos
|-damage|p2a: Zapdos|0 fnt
|faint|p2a: Zapdos
|
|-weather|none
|upkeep
|
|t:|1781447233
|switch|p2a: Slowking|Slowking-Galar, M, tera:Water|84/100
|turn|32
|
|t:|1781447238
|move|p1a: Iron Valiant|Moonblast|p2a: Slowking
|-damage|p2a: Slowking|40/100
|-unboost|p2a: Slowking|spa|1
|move|p2a: Slowking|Sludge Bomb|p1a: Iron Valiant
|-supereffective|p1a: Iron Valiant
|-damage|p1a: Iron Valiant|0 fnt
|faint|p1a: Iron Valiant
|-end|p1a: Iron Valiant|Quark Drive|[silent]
|
|win|A4555
|raw|Catalyxx's rating: 1537 &rarr; <strong>1515</strong><br />(-22 for losing)
|raw|A4555's rating: 1502 &rarr; <strong>1524</strong><br />(+22 for winning)
|l|☆Catalyxx
|player|p1|
|l|☆A4555
|player|p2|
