|j|☆epicgamer069420
|j|☆GummyDeino
|t:|1781373856
|gametype|singles
|player|p1|epicgamer069420|101|1771
|player|p2|GummyDeino|lady|1762
|gen|9
|tier|[Gen 9] OU
|rated|
|rule|HP Percentage Mod: HP is shown in percentages
|rule|Endless Battle Clause: Forcing endless battles is banned
|rule|Species Clause: Limit one of each Pokémon
|rule|OHKO Clause: OHKO moves are banned
|rule|Evasion Items Clause: Evasion items are banned
|rule|Evasion Moves Clause: Evasion moves are banned
|rule|Evasion Abilities Clause: Evasion abilities are banned
|rule|Sleep Moves Clause: Sleep-inducing moves are banned
|clearpoke
|poke|p1|Ting-Lu|
|poke|p1|Dragapult, M|
|poke|p1|Iron Crown|
|poke|p1|Great Tusk|
|poke|p1|Iron Valiant|
|poke|p1|Ogerpon-Wellspring, F|
|poke|p2|Dragonite, F|
|poke|p2|Gholdengo|
|poke|p2|Kingambit, F|
|poke|p2|Hatterene, F|
|poke|p2|Great Tusk|
|poke|p2|Samurott-Hisui, F|
|teampreview
|inactive|Battle timer is ON: inactive players will automatically lose when time's up. (requested by GummyDeino)
|inactive|epicgamer069420 also wants the timer to be on.
|
|t:|1781373863
|teamsize|p1|6
|teamsize|p2|6
|start
|switch|p1a: Ogerpon|Ogerpon-Wellspring, F|100/100
|switch|p2a: Tengen|Hatterene, F, shiny|100/100
|turn|1
|j| KangkongNation
|
|t:|1781373870
|move|p1a: Ogerpon|U-turn|p2a: Tengen
|-damage|p2a: Tengen|78/100
|-damage|p1a: Ogerpon|84/100|[from] item: Rocky Helmet|[of] p2a: Tengen
|
|t:|1781373874
|switch|p1a: Iron Crown|Iron Crown|100/100|[from] U-turn
|move|p2a: Tengen|Draining Kiss|p1a: Iron Crown
|-resisted|p1a: Iron Crown
|-damage|p1a: Iron Crown|94/100
|-heal|p2a: Tengen|84/100|[from] drain|[of] p1a: Iron Crown
|
|upkeep
|turn|2
|
|t:|1781373883
|switch|p2a: Satoru Gholdo|Gholdengo, shiny|100/100
|move|p1a: Iron Crown|Volt Switch|p2a: Satoru Gholdo
|-damage|p2a: Satoru Gholdo|80/100
|l| KangkongNation
|
|t:|1781373888
|-end|p1a: Iron Crown|Quark Drive|[silent]
|switch|p1a: Ogerpon|Ogerpon-Wellspring, F|84/100|[from] Volt Switch
|
|upkeep
|turn|3
|
|t:|1781373893
|switch|p2a: Tengen|Hatterene, F, shiny|84/100
|move|p1a: Ogerpon|Ivy Cudgel|p2a: Tengen|[anim] Ivy Cudgel Water
|-damage|p2a: Tengen|33/100
|
|upkeep
|turn|4
|
|t:|1781373915
|move|p1a: Ogerpon|Ivy Cudgel|p2a: Tengen|[anim] Ivy Cudgel Water
|-damage|p2a: Tengen|0 fnt
|faint|p2a: Tengen
|
|upkeep
|
|t:|1781373918
|switch|p2a: Hollow Purple|Dragonite, F|100/100
|turn|5
|
|t:|1781373921
|move|p1a: Ogerpon|U-turn|p2a: Hollow Purple
|-resisted|p2a: Hollow Purple
|-damage|p2a: Hollow Purple|93/100
|
|t:|1781373923
|switch|p1a: Great Tusk|Great Tusk|100/100|[from] U-turn
|move|p2a: Hollow Purple|Dragon Dance|p2a: Hollow Purple
|-boost|p2a: Hollow Purple|atk|1
|-boost|p2a: Hollow Purple|spe|1
|
|upkeep
|turn|6
|
|t:|1781373928
|move|p2a: Hollow Purple|Outrage|p1a: Great Tusk
|-damage|p1a: Great Tusk|21/100
|-damage|p2a: Hollow Purple|77/100|[from] item: Rocky Helmet|[of] p1a: Great Tusk
|-damage|p2a: Hollow Purple|67/100|[from] item: Life Orb
|move|p1a: Great Tusk|Roar|p2a: Hollow Purple
|drag|p2a: Behemoth|Great Tusk, shiny|100/100
|
|upkeep
|turn|7
|
|t:|1781373940
|move|p2a: Behemoth|Ice Spinner|p1a: Great Tusk
|-supereffective|p1a: Great Tusk
|-damage|p1a: Great Tusk|0 fnt
|-damage|p2a: Behemoth|84/100|[from] item: Rocky Helmet|[of] p1a: Great Tusk
|faint|p1a: Great Tusk
|-end|p1a: Great Tusk|Protosynthesis|[silent]
|
|upkeep
|
|t:|1781373945
|switch|p1a: Iron Valiant|Iron Valiant|100/100
|turn|8
|
|t:|1781373949
|-end|p2a: Behemoth|Protosynthesis|[silent]
|switch|p2a: Satoru Gholdo|Gholdengo, shiny|80/100
|move|p1a: Iron Valiant|Moonblast|p2a: Satoru Gholdo
|-resisted|p2a: Satoru Gholdo
|-damage|p2a: Satoru Gholdo|40/100
|
|upkeep
|turn|9
|
|t:|1781373953
|-end|p1a: Iron Valiant|Quark Drive|[silent]
|switch|p1a: Ting-Lu|Ting-Lu|100/100
|-ability|p1a: Ting-Lu|Vessel of Ruin
|move|p2a: Satoru Gholdo|Make It Rain|p1a: Ting-Lu
|-damage|p1a: Ting-Lu|76/100
|-unboost|p2a: Satoru Gholdo|spa|1
|
|-heal|p1a: Ting-Lu|82/100|[from] item: Leftovers
|upkeep
|turn|10
|
|t:|1781373959
|switch|p2a: Hollow Purple|Dragonite, F|67/100
|move|p1a: Ting-Lu|Ruination|p2a: Hollow Purple
|-damage|p2a: Hollow Purple|34/100
|
|-heal|p1a: Ting-Lu|88/100|[from] item: Leftovers
|upkeep
|turn|11
|
|t:|1781373967
|move|p2a: Hollow Purple|Encore|p1a: Ting-Lu
|-start|p1a: Ting-Lu|Encore
|move|p1a: Ting-Lu|Ruination|p2a: Hollow Purple
|-damage|p2a: Hollow Purple|17/100
|
|-heal|p1a: Ting-Lu|94/100|[from] item: Leftovers
|upkeep
|turn|12
|
|t:|1781373970
|switch|p1a: Dragapult|Dragapult, M|100/100
|move|p2a: Hollow Purple|Dragon Dance|p2a: Hollow Purple
|-boost|p2a: Hollow Purple|atk|1
|-boost|p2a: Hollow Purple|spe|1
|
|upkeep
|turn|13
|
|t:|1781373974
|move|p1a: Dragapult|Dragon Darts|p2a: Hollow Purple
|-supereffective|p2a: Hollow Purple
|-damage|p2a: Hollow Purple|0 fnt
|faint|p2a: Hollow Purple
|
|upkeep
|
|t:|1781373978
|switch|p2a: Satoru Gholdo|Gholdengo, shiny|40/100
|turn|14
|
|t:|1781373983
|switch|p1a: Ting-Lu|Ting-Lu|94/100
|-ability|p1a: Ting-Lu|Vessel of Ruin
|switch|p2a: Cleave|Samurott-Hisui, F, shiny|100/100
|
|-heal|p1a: Ting-Lu|100/100|[from] item: Leftovers
|upkeep
|turn|15
|
|t:|1781373990
|switch|p1a: Iron Valiant|Iron Valiant|100/100
|move|p2a: Cleave|Ceaseless Edge|p1a: Iron Valiant
|-resisted|p1a: Iron Valiant
|-damage|p1a: Iron Valiant|86/100
|-sidestart|p1: epicgamer069420|Spikes
|
|upkeep
|turn|16
|
|t:|1781373993
|move|p1a: Iron Valiant|Moonblast|p2a: Cleave
|-supereffective|p2a: Cleave
|-damage|p2a: Cleave|3/100
|move|p2a: Cleave|Razor Shell|p1a: Iron Valiant
|-damage|p1a: Iron Valiant|23/100
|-unboost|p1a: Iron Valiant|def|1
|
|upkeep
|turn|17
|
|t:|1781373996
|move|p2a: Cleave|Sucker Punch|p1a: Iron Valiant
|-resisted|p1a: Iron Valiant
|-damage|p1a: Iron Valiant|8/100
|move|p1a: Iron Valiant|Moonblast|p2a: Cleave
|-supereffective|p2a: Cleave
|-damage|p2a: Cleave|0 fnt
|faint|p2a: Cleave
|
|upkeep
|
|t:|1781374000
|switch|p2a: Satoru Gholdo|Gholdengo, shiny|40/100
|turn|18
|
|t:|1781374014
|move|p2a: Satoru Gholdo|Shadow Ball|p1a: Iron Valiant
|-damage|p1a: Iron Valiant|0 fnt
|faint|p1a: Iron Valiant
|-end|p1a: Iron Valiant|Quark Drive|[silent]
|
|upkeep
|
|t:|1781374026
|switch|p1a: Ting-Lu|Ting-Lu|100/100
|-damage|p1a: Ting-Lu|88/100|[from] Spikes
|-ability|p1a: Ting-Lu|Vessel of Ruin
|turn|19
|
|t:|1781374030
|switch|p2a: Behemoth|Great Tusk, shiny|84/100
|move|p1a: Ting-Lu|Earthquake|p2a: Behemoth
|-damage|p2a: Behemoth|55/100
|
|-heal|p1a: Ting-Lu|94/100|[from] item: Leftovers
|upkeep
|turn|20
|
|t:|1781374035
|switch|p1a: Dragapult|Dragapult, M|100/100
|-damage|p1a: Dragapult|88/100|[from] Spikes
|move|p2a: Behemoth|Stealth Rock|p1a: Dragapult
|-sidestart|p1: epicgamer069420|move: Stealth Rock
|
|upkeep
|turn|21
|
|t:|1781374038
|move|p1a: Dragapult|Shadow Ball|p2a: Behemoth
|-damage|p2a: Behemoth|0 fnt
|faint|p2a: Behemoth
|-end|p2a: Behemoth|Protosynthesis|[silent]
|
|upkeep
|
|t:|1781374043
|switch|p2a: Dismantle|Kingambit, F, shiny|100/100
|-activate|p2a: Dismantle|ability: Supreme Overlord
|-start|p2a: Dismantle|fallen4|[silent]
|-item|p2a: Dismantle|Air Balloon
|turn|22
|
|t:|1781374048
|switch|p1a: Ogerpon|Ogerpon-Wellspring, F|84/100
|-damage|p1a: Ogerpon|72/100|[from] Spikes
|-damage|p1a: Ogerpon|59/100|[from] Stealth Rock
|-terastallize|p2a: Dismantle|Fire
|move|p2a: Dismantle|Swords Dance|p2a: Dismantle
|-boost|p2a: Dismantle|atk|2
|
|upkeep
|turn|23
|
|t:|1781374056
|move|p2a: Dismantle|Sucker Punch||[still]
|-fail|p2a: Dismantle
|move|p1a: Ogerpon|Spikes|p2a: Dismantle
|-sidestart|p2: GummyDeino|Spikes
|
|upkeep
|turn|24
|
|t:|1781374075
|move|p2a: Dismantle|Sucker Punch||[still]
|-fail|p2a: Dismantle
|move|p1a: Ogerpon|Spikes|p2a: Dismantle
|-sidestart|p2: GummyDeino|Spikes
|
|upkeep
|turn|25
|inactive|epicgamer069420 has 120 seconds left.
|inactive|GummyDeino has 120 seconds left.
|inactive|epicgamer069420 has 90 seconds left.
|inactive|GummyDeino has 90 seconds left.
|j| testingrainteam1
|inactive|GummyDeino has 60 seconds left.
|
|t:|1781374180
|move|p2a: Dismantle|Sucker Punch||[still]
|-fail|p2a: Dismantle
|move|p1a: Ogerpon|Spikes|p2a: Dismantle
|-sidestart|p2: GummyDeino|Spikes
|
|upkeep
|turn|26
|inactive|epicgamer069420 has 90 seconds left.
|inactive|GummyDeino has 60 seconds left.
|inactive|epicgamer069420 has 60 seconds left.
|
|t:|1781374229
|move|p2a: Dismantle|Sucker Punch||[still]
|-fail|p2a: Dismantle
|move|p1a: Ogerpon|Spikes||[still]
|-fail|p1a: Ogerpon
|
|upkeep
|turn|27
|inactive|epicgamer069420 has 30 seconds left.
|
|t:|1781374259
|move|p2a: Dismantle|Sucker Punch||[still]
|-fail|p2a: Dismantle
|move|p1a: Ogerpon|Spikes||[still]
|-fail|p1a: Ogerpon
|
|upkeep
|turn|28
|l| testingrainteam1
|inactive|epicgamer069420 has 30 seconds left.
|inactive|epicgamer069420 has 20 seconds left.
|
|t:|1781374281
|move|p2a: Dismantle|Sucker Punch||[still]
|-fail|p2a: Dismantle
|move|p1a: Ogerpon|Spikes||[still]
|-fail|p1a: Ogerpon
|
|upkeep
|turn|29
|inactive|epicgamer069420 has 30 seconds left this turn.
|inactive|epicgamer069420 has 20 seconds left.
|
|t:|1781374292
|move|p1a: Ogerpon|Ivy Cudgel|p2a: Dismantle|[anim] Ivy Cudgel Water
|-supereffective|p2a: Dismantle
|-damage|p2a: Dismantle|11/100
|-enditem|p2a: Dismantle|Air Balloon
|move|p2a: Dismantle|Kowtow Cleave|p1a: Ogerpon
|-damage|p1a: Ogerpon|0 fnt
|faint|p1a: Ogerpon
|
|upkeep
|inactive|epicgamer069420 has 25 seconds left this turn.
|inactive|epicgamer069420 has 20 seconds left.
|inactive|epicgamer069420 has 15 seconds left.
|
|t:|1781374303
|switch|p1a: Iron Crown|Iron Crown|94/100
|-damage|p1a: Iron Crown|82/100|[from] Spikes
|-damage|p1a: Iron Crown|75/100|[from] Stealth Rock
|turn|30
|inactive|epicgamer069420 has 25 seconds left this turn.
|
|t:|1781374306
|-terastallize|p1a: Iron Crown|Fighting
|move|p1a: Iron Crown|Volt Switch|p2a: Dismantle
|-damage|p2a: Dismantle|0 fnt
|faint|p2a: Dismantle
|-end|p2a: Dismantle|fallen4|[silent]
|inactive|epicgamer069420 has 30 seconds left this turn.
|
|t:|1781374312
|-end|p1a: Iron Crown|Quark Drive|[silent]
|switch|p1a: Dragapult|Dragapult, M|88/100|[from] Volt Switch
|-damage|p1a: Dragapult|76/100|[from] Spikes
|-damage|p1a: Dragapult|64/100|[from] Stealth Rock
|
|upkeep
|c|☆GummyDeino|I suck gg
|-message|GummyDeino forfeited.
|
|win|epicgamer069420
|raw|epicgamer069420's rating: 1771 &rarr; <strong>1790</strong><br />(+19 for winning)
|raw|GummyDeino's rating: 1762 &rarr; <strong>1743</strong><br />(-19 for losing)
|c|☆epicgamer069420|that was hard bro
|l|☆GummyDeino
|player|p2|
|c|☆epicgamer069420|its ok
