|j|☆masonc3456
|j|☆lord shiddenfards
|t:|1781076799
|gametype|singles
|player|p1|masonc3456|lucas|1565
|player|p2|lord shiddenfards|blaine|1672
|gen|9
|tier|[Gen 9] OU
|rated|
|rule|HP Percentage Mod: HP is shown in percentages
|rule|Endless Battle Clause: Forcing endless battles is banned
|rule|Species Clause: Limit one of each Pokémon
|rule|OHKO Clause: OHKO moves are banned
|rule|Evasion Items Clause: Evasion items are banned
|rule|Evasion Moves Clause: Evasion moves are banned
|rule|Evasion Abilities Clause: Evasion abilities are banned
|rule|Sleep Moves Clause: Sleep-inducing moves are banned
|clearpoke
|poke|p1|Ogerpon-Wellspring, F|
|poke|p1|Moltres|
|poke|p1|Iron Treads|
|poke|p1|Iron Valiant|
|poke|p1|Dragapult, M|
|poke|p1|Slowking-Galar, M|
|poke|p2|Ninetales, F|
|poke|p2|Great Tusk|
|poke|p2|Slither Wing|
|poke|p2|Alomomola, F|
|poke|p2|Iron Moth|
|poke|p2|Raging Bolt|
|teampreview
|inactive|Battle timer is ON: inactive players will automatically lose when time's up. (requested by masonc3456)
|
|t:|1781076811
|teamsize|p1|6
|teamsize|p2|6
|start
|switch|p1a: Ogerpon|Ogerpon-Wellspring, F|100/100
|switch|p2a: Slither Wing|Slither Wing|100/100
|turn|1
|
|t:|1781076818
|switch|p1a: Moltres|Moltres, shiny|100/100
|-end|p2a: Slither Wing|Protosynthesis|[silent]
|switch|p2a: Raging Bolt|Raging Bolt|100/100
|
|upkeep
|turn|2
|
|t:|1781076826
|switch|p1a: Iron Treads|Iron Treads, shiny|100/100
|move|p2a: Raging Bolt|Draco Meteor|p1a: Iron Treads
|-resisted|p1a: Iron Treads
|-damage|p1a: Iron Treads|51/100
|-unboost|p2a: Raging Bolt|spa|2
|
|upkeep
|turn|3
|
|t:|1781076833
|-end|p2a: Raging Bolt|Protosynthesis|[silent]
|switch|p2a: Great Tusk|Great Tusk|100/100
|move|p1a: Iron Treads|Stealth Rock|p2a: Great Tusk
|-sidestart|p2: lord shiddenfards|move: Stealth Rock
|
|upkeep
|turn|4
|
|t:|1781076839
|-end|p1a: Iron Treads|Quark Drive|[silent]
|switch|p1a: Moltres|Moltres, shiny|100/100
|move|p2a: Great Tusk|Rapid Spin|p1a: Moltres
|-damage|p1a: Moltres|90/100
|-boost|p2a: Great Tusk|spe|1
|-sideend|p2: lord shiddenfards|Stealth Rock|[from] move: Rapid Spin|[of] p2a: Great Tusk
|
|upkeep
|turn|5
|
|t:|1781076844
|-end|p2a: Great Tusk|Protosynthesis|[silent]
|switch|p2a: Ninetales|Ninetales, F|100/100
|-weather|SunnyDay|[from] ability: Drought|[of] p2a: Ninetales
|move|p1a: Moltres|Air Slash|p2a: Ninetales
|-damage|p2a: Ninetales|64/100
|
|-weather|SunnyDay|[upkeep]
|upkeep
|turn|6
|
|t:|1781076852
|switch|p2a: Raging Bolt|Raging Bolt|100/100
|-activate|p2a: Raging Bolt|ability: Protosynthesis
|-start|p2a: Raging Bolt|protosynthesisspa
|move|p1a: Moltres|U-turn|p2a: Raging Bolt
|-damage|p2a: Raging Bolt|88/100
|
|t:|1781076858
|switch|p1a: Iron Treads|Iron Treads, shiny|51/100|[from] U-turn
|
|-weather|SunnyDay|[upkeep]
|upkeep
|turn|7
|
|t:|1781076865
|move|p1a: Iron Treads|Stealth Rock|p2a: Raging Bolt
|-sidestart|p2: lord shiddenfards|move: Stealth Rock
|move|p2a: Raging Bolt|Weather Ball|p1a: Iron Treads
|-supereffective|p1a: Iron Treads
|-damage|p1a: Iron Treads|0 fnt
|faint|p1a: Iron Treads
|-end|p1a: Iron Treads|Quark Drive|[silent]
|
|-weather|SunnyDay|[upkeep]
|upkeep
|
|t:|1781076890
|switch|p1a: Iron Valiant|Iron Valiant, shiny|100/100
|-enditem|p1a: Iron Valiant|Booster Energy
|-activate|p1a: Iron Valiant|ability: Quark Drive|[fromitem]
|-start|p1a: Iron Valiant|quarkdrivespe
|turn|8
|
|t:|1781076904
|move|p1a: Iron Valiant|Moonblast|p2a: Raging Bolt
|-supereffective|p2a: Raging Bolt
|-damage|p2a: Raging Bolt|35/100
|move|p2a: Raging Bolt|Volt Switch|p1a: Iron Valiant
|-damage|p1a: Iron Valiant|0 fnt
|faint|p1a: Iron Valiant
|-end|p1a: Iron Valiant|Quark Drive|[silent]
|
|t:|1781076913
|-end|p2a: Raging Bolt|Protosynthesis|[silent]
|switch|p2a: Alomomola|Alomomola, F|100/100|[from] Volt Switch
|-damage|p2a: Alomomola|88/100|[from] Stealth Rock
|
|-weather|SunnyDay|[upkeep]
|upkeep
|
|t:|1781076918
|switch|p1a: Ogerpon|Ogerpon-Wellspring, F|100/100
|turn|9
|
|t:|1781076926
|move|p1a: Ogerpon|Power Whip|p2a: Alomomola
|-supereffective|p2a: Alomomola
|-damage|p2a: Alomomola|0 fnt
|faint|p2a: Alomomola
|
|-weather|none
|upkeep
|
|t:|1781076951
|switch|p2a: Slither Wing|Slither Wing|100/100
|-damage|p2a: Slither Wing|88/100|[from] Stealth Rock
|turn|10
|
|t:|1781076962
|switch|p1a: Moltres|Moltres, shiny|90/100
|-end|p2a: Slither Wing|Protosynthesis|[silent]
|switch|p2a: Great Tusk|Great Tusk|100/100
|
|upkeep
|turn|11
|
|t:|1781076969
|switch|p1a: Dragapult|Dragapult, M, shiny|100/100
|move|p2a: Great Tusk|Rapid Spin|p1a: Dragapult
|-immune|p1a: Dragapult
|
|upkeep
|turn|12
|
|t:|1781076974
|move|p1a: Dragapult|Will-O-Wisp|p2a: Great Tusk
|-status|p2a: Great Tusk|brn
|move|p2a: Great Tusk|Ice Spinner|p1a: Dragapult
|-supereffective|p1a: Dragapult
|-damage|p1a: Dragapult|70/100
|
|-damage|p2a: Great Tusk|94/100 brn|[from] brn
|upkeep
|turn|13
|
|t:|1781076987
|-end|p2a: Great Tusk|Protosynthesis|[silent]
|switch|p2a: Ninetales|Ninetales, F|64/100
|-damage|p2a: Ninetales|39/100|[from] Stealth Rock
|-weather|SunnyDay|[from] ability: Drought|[of] p2a: Ninetales
|move|p1a: Dragapult|Dragon Darts|p2a: Ninetales
|-damage|p2a: Ninetales|7/100
|-anim|p1a: Dragapult|Dragon Darts|p2a: Ninetales
|-crit|p2a: Ninetales
|-damage|p2a: Ninetales|0 fnt
|faint|p2a: Ninetales
|
|-weather|SunnyDay|[upkeep]
|upkeep
|
|t:|1781076991
|switch|p2a: Raging Bolt|Raging Bolt|35/100
|-damage|p2a: Raging Bolt|23/100|[from] Stealth Rock
|-activate|p2a: Raging Bolt|ability: Protosynthesis
|-start|p2a: Raging Bolt|protosynthesisspa
|turn|14
|
|t:|1781077001
|move|p2a: Raging Bolt|Thunderclap|p1a: Dragapult
|-resisted|p1a: Dragapult
|-damage|p1a: Dragapult|30/100
|move|p1a: Dragapult|Hex|p2a: Raging Bolt
|-damage|p2a: Raging Bolt|8/100
|
|-weather|SunnyDay|[upkeep]
|upkeep
|turn|15
|
|t:|1781077014
|move|p1a: Dragapult|Hex|p2a: Raging Bolt
|-damage|p2a: Raging Bolt|0 fnt
|faint|p2a: Raging Bolt
|-end|p2a: Raging Bolt|Protosynthesis|[silent]
|
|-weather|SunnyDay|[upkeep]
|upkeep
|inactive|lord shiddenfards has 120 seconds left.
|
|t:|1781077042
|switch|p2a: Great Tusk|Great Tusk|94/100 brn
|-activate|p2a: Great Tusk|ability: Protosynthesis
|-start|p2a: Great Tusk|protosynthesisspe
|turn|16
|j| ILoveGardevoirRah
|
|t:|1781077050
|move|p2a: Great Tusk|Ice Spinner|p1a: Dragapult
|-supereffective|p1a: Dragapult
|-damage|p1a: Dragapult|0 fnt
|faint|p1a: Dragapult
|
|-weather|SunnyDay|[upkeep]
|-damage|p2a: Great Tusk|88/100 brn|[from] brn
|upkeep
|
|t:|1781077056
|switch|p1a: Ogerpon|Ogerpon-Wellspring, F|100/100
|turn|17
|
|t:|1781077064
|move|p2a: Great Tusk|Rapid Spin|p1a: Ogerpon
|-damage|p1a: Ogerpon|91/100
|-boost|p2a: Great Tusk|spe|1
|-sideend|p2: lord shiddenfards|Stealth Rock|[from] move: Rapid Spin|[of] p2a: Great Tusk
|move|p1a: Ogerpon|Power Whip|p2a: Great Tusk
|-supereffective|p2a: Great Tusk
|-damage|p2a: Great Tusk|0 fnt
|faint|p2a: Great Tusk
|-end|p2a: Great Tusk|Protosynthesis|[silent]
|
|-weather|none
|upkeep
|c| ILoveGardevoirRah|how are you?
|
|t:|1781077071
|switch|p2a: Slither Wing|Slither Wing|88/100
|turn|18
|c|☆masonc3456|non eof your buisness
|c| ILoveGardevoirRah|hmm
|
|t:|1781077091
|switch|p1a: Moltres|Moltres, shiny|90/100
|move|p2a: Slither Wing|U-turn|p1a: Moltres
|-resisted|p1a: Moltres
|-damage|p1a: Moltres|80/100
|-status|p2a: Slither Wing|brn|[from] ability: Flame Body|[of] p1a: Moltres
|
|t:|1781077093
|-end|p2a: Slither Wing|Protosynthesis|[silent]
|switch|p2a: Iron Moth|Iron Moth|100/100|[from] U-turn
|-enditem|p2a: Iron Moth|Booster Energy
|-activate|p2a: Iron Moth|ability: Quark Drive|[fromitem]
|-start|p2a: Iron Moth|quarkdrivespe
|
|upkeep
|turn|19
|c| ILoveGardevoirRah|you are winning, why so rude?
|
|t:|1781077101
|switch|p1a: Slowking|Slowking-Galar, M, shiny|100/100
|move|p2a: Iron Moth|Fiery Dance|p1a: Slowking
|-damage|p1a: Slowking|77/100
|-boost|p2a: Iron Moth|spa|1
|
|upkeep
|turn|20
|
|t:|1781077106
|move|p2a: Iron Moth|Substitute|p2a: Iron Moth
|-start|p2a: Iron Moth|Substitute
|-damage|p2a: Iron Moth|76/100
|move|p1a: Slowking|Thunder Wave||[still]
|-fail|p1a: Slowking
|
|upkeep
|turn|21
|
|t:|1781077110
|move|p2a: Iron Moth|Fiery Dance|p1a: Slowking
|-damage|p1a: Slowking|41/100
|-boost|p2a: Iron Moth|spa|1
|move|p1a: Slowking|Future Sight|p2a: Iron Moth
|-start|p1a: Slowking|move: Future Sight
|
|upkeep
|turn|22
|c| ILoveGardevoirRah|also, I could have been asking your opponent
|
|t:|1781077115
|switch|p1a: Moltres|Moltres, shiny|80/100
|move|p2a: Iron Moth|Fiery Dance|p1a: Moltres
|-resisted|p1a: Moltres
|-damage|p1a: Moltres|40/100
|-boost|p2a: Iron Moth|spa|1
|
|upkeep
|turn|23
|
|t:|1781077119
|move|p2a: Iron Moth|Fiery Dance|p1a: Moltres
|-resisted|p1a: Moltres
|-damage|p1a: Moltres|0 fnt
|-boost|p2a: Iron Moth|spa|1
|faint|p1a: Moltres
|
|-end|p2a: Iron Moth|move: Future Sight
|-supereffective|p2a: Iron Moth
|-end|p2a: Iron Moth|Substitute
|upkeep
|
|t:|1781077122
|switch|p1a: Slowking|Slowking-Galar, M, shiny|74/100
|turn|24
|
|t:|1781077130
|move|p2a: Iron Moth|Substitute|p2a: Iron Moth
|-start|p2a: Iron Moth|Substitute
|-damage|p2a: Iron Moth|51/100
|move|p1a: Slowking|Thunder Wave||[still]
|-fail|p1a: Slowking
|
|upkeep
|turn|25
|c| ILoveGardevoirRah|oh
|
|t:|1781077137
|move|p2a: Iron Moth|Fiery Dance|p1a: Slowking
|-damage|p1a: Slowking|0 fnt
|faint|p1a: Slowking
|
|upkeep
|-message|masonc3456 forfeited.
|
|win|lord shiddenfards
|raw|masonc3456's rating: 1565 &rarr; <strong>1551</strong><br />(-14 for losing)
|raw|lord shiddenfards's rating: 1672 &rarr; <strong>1686</strong><br />(+14 for winning)
|l|☆masonc3456
|player|p1|
|l|☆lord shiddenfards
|player|p2|
|l| ILoveGardevoirRah
