|j|☆CDPGuillaume
|j|‽Come on mon
|t:|1780902940
|gametype|singles
|player|p1|CDPGuillaume|266|1656
|player|p2|Come on mon|galacticgruntf|1669
|gen|9
|tier|[Gen 9] OU
|rated|
|rule|HP Percentage Mod: HP is shown in percentages
|rule|Endless Battle Clause: Forcing endless battles is banned
|rule|Species Clause: Limit one of each Pokémon
|rule|OHKO Clause: OHKO moves are banned
|rule|Evasion Items Clause: Evasion items are banned
|rule|Evasion Moves Clause: Evasion moves are banned
|rule|Evasion Abilities Clause: Evasion abilities are banned
|rule|Sleep Moves Clause: Sleep-inducing moves are banned
|clearpoke
|poke|p1|Iron Hands|
|poke|p1|Primarina, F|
|poke|p1|Kingambit, M|
|poke|p1|Iron Valiant|
|poke|p1|Kyurem|
|poke|p1|Cinderace, M|
|poke|p2|Ninetales-Alola, M|
|poke|p2|Klefki, M|
|poke|p2|Maushold-Four|
|poke|p2|Braviary-Hisui, M|
|poke|p2|Okidogi, M|
|poke|p2|Blaziken, F|
|teampreview
|inactive|Battle timer is ON: inactive players will automatically lose when time's up. (requested by Come on mon)
|
|t:|1780902949
|teamsize|p1|6
|teamsize|p2|6
|start
|switch|p1a: Cinderace|Cinderace, M|100/100
|switch|p2a: Klefki|Klefki, M|100/100
|turn|1
|
|t:|1780902953
|switch|p1a: Iron Hands|Iron Hands|100/100
|move|p2a: Klefki|Reflect|p2a: Klefki
|-sidestart|p2: Come on mon|Reflect
|
|upkeep
|turn|2
|
|t:|1780902961
|switch|p2a: Okidogi|Okidogi, M|100/100
|move|p1a: Iron Hands|Earthquake|p2a: Okidogi
|-supereffective|p2a: Okidogi
|-damage|p2a: Okidogi|68/100
|
|-heal|p2a: Okidogi|74/100|[from] item: Leftovers
|upkeep
|turn|3
|
|t:|1780902965
|move|p2a: Okidogi|Bulk Up|p2a: Okidogi
|-boost|p2a: Okidogi|atk|1
|-boost|p2a: Okidogi|def|1
|move|p1a: Iron Hands|Earthquake|p2a: Okidogi
|-supereffective|p2a: Okidogi
|-damage|p2a: Okidogi|50/100
|
|-heal|p2a: Okidogi|56/100|[from] item: Leftovers
|upkeep
|turn|4
|
|t:|1780902972
|-end|p1a: Iron Hands|Quark Drive|[silent]
|switch|p1a: Kyurem|Kyurem|100/100
|-ability|p1a: Kyurem|Pressure
|move|p2a: Okidogi|Bulk Up|p2a: Okidogi
|-boost|p2a: Okidogi|atk|1
|-boost|p2a: Okidogi|def|1
|
|-heal|p2a: Okidogi|62/100|[from] item: Leftovers
|upkeep
|turn|5
|
|t:|1780902975
|-terastallize|p2a: Okidogi|Normal
|move|p1a: Kyurem|Draco Meteor|p2a: Okidogi
|-damage|p2a: Okidogi|0 fnt
|-unboost|p1a: Kyurem|spa|2
|faint|p2a: Okidogi
|
|upkeep
|
|t:|1780902980
|switch|p2a: Blaziken|Blaziken, F|100/100
|turn|6
|
|t:|1780902984
|switch|p1a: Iron Valiant|Iron Valiant|100/100
|-enditem|p1a: Iron Valiant|Booster Energy
|-activate|p1a: Iron Valiant|ability: Quark Drive|[fromitem]
|-start|p1a: Iron Valiant|quarkdrivespe
|move|p2a: Blaziken|Focus Energy|p2a: Blaziken
|-start|p2a: Blaziken|move: Focus Energy
|
|-ability|p2a: Blaziken|Speed Boost|boost
|-boost|p2a: Blaziken|spe|1
|upkeep
|turn|7
|
|t:|1780902992
|move|p1a: Iron Valiant|Encore|p2a: Blaziken
|-start|p2a: Blaziken|Encore
|move|p2a: Blaziken|Focus Energy||[still]
|-fail|p2a: Blaziken
|
|-ability|p2a: Blaziken|Speed Boost|boost
|-boost|p2a: Blaziken|spe|1
|upkeep
|turn|8
|
|t:|1780902994
|switch|p2a: Klefki|Klefki, M|100/100
|move|p1a: Iron Valiant|Moonblast|p2a: Klefki
|-resisted|p2a: Klefki
|-damage|p2a: Klefki|73/100
|
|-sideend|p2: Come on mon|Reflect
|upkeep
|turn|9
|
|t:|1780902999
|move|p2a: Klefki|Thunder Wave|p1a: Iron Valiant|[miss]
|-miss|p2a: Klefki|p1a: Iron Valiant
|move|p1a: Iron Valiant|Knock Off|p2a: Klefki
|-resisted|p2a: Klefki
|-damage|p2a: Klefki|60/100
|-enditem|p2a: Klefki|Light Clay|[from] move: Knock Off|[of] p1a: Iron Valiant
|
|upkeep
|turn|10
|
|t:|1780903003
|move|p2a: Klefki|Thunder Wave|p1a: Iron Valiant
|-status|p1a: Iron Valiant|par
|move|p1a: Iron Valiant|Encore|p2a: Klefki
|-start|p2a: Klefki|Encore
|
|upkeep
|turn|11
|
|t:|1780903009
|switch|p2a: Ninetales|Ninetales-Alola, M|100/100
|-weather|Snowscape|[from] ability: Snow Warning|[of] p2a: Ninetales
|cant|p1a: Iron Valiant|par
|
|-weather|Snowscape|[upkeep]
|upkeep
|turn|12
|
|t:|1780903020
|move|p2a: Ninetales|Aurora Veil|p2a: Ninetales
|-sidestart|p2: Come on mon|move: Aurora Veil
|move|p1a: Iron Valiant|Encore|p2a: Ninetales
|-start|p2a: Ninetales|Encore
|
|-weather|Snowscape|[upkeep]
|upkeep
|turn|13
|
|t:|1780903023
|switch|p2a: Klefki|Klefki, M|60/100
|-end|p1a: Iron Valiant|Quark Drive|[silent]
|switch|p1a: Cinderace|Cinderace, M|100/100
|
|-weather|Snowscape|[upkeep]
|upkeep
|turn|14
|
|t:|1780903026
|switch|p1a: Iron Valiant|Iron Valiant|100/100 par
|move|p2a: Klefki|Thunder Wave|p1a: Iron Valiant
|-fail|p1a: Iron Valiant|par
|
|-weather|Snowscape|[upkeep]
|upkeep
|turn|15
|
|t:|1780903030
|switch|p2a: Blaziken|Blaziken, F|100/100
|cant|p1a: Iron Valiant|par
|
|-weather|none
|upkeep
|turn|16
|
|t:|1780903035
|move|p2a: Blaziken|Focus Energy|p2a: Blaziken
|-start|p2a: Blaziken|move: Focus Energy
|cant|p1a: Iron Valiant|par
|
|-ability|p2a: Blaziken|Speed Boost|boost
|-boost|p2a: Blaziken|spe|1
|upkeep
|turn|17
|
|t:|1780903038
|move|p2a: Blaziken|Overheat|p1a: Iron Valiant
|-crit|p1a: Iron Valiant
|-damage|p1a: Iron Valiant|0 fnt
|-unboost|p2a: Blaziken|spa|2
|faint|p1a: Iron Valiant
|-end|p1a: Iron Valiant|Quark Drive|[silent]
|
|-ability|p2a: Blaziken|Speed Boost|boost
|-boost|p2a: Blaziken|spe|1
|upkeep
|
|t:|1780903050
|switch|p1a: Primarina|Primarina, F|100/100
|turn|18
|
|t:|1780903052
|move|p2a: Blaziken|Hyper Beam|p1a: Primarina
|-crit|p1a: Primarina
|-damage|p1a: Primarina|41/100
|-mustrecharge|p2a: Blaziken
|move|p1a: Primarina|Surf|p2a: Blaziken
|-supereffective|p2a: Blaziken
|-damage|p2a: Blaziken|0 fnt
|faint|p2a: Blaziken
|
|upkeep
|
|t:|1780903057
|switch|p2a: Maushold|Maushold-Four|100/100
|turn|19
|
|t:|1780903061
|move|p2a: Maushold|Tidy Up|p2a: Maushold
|-boost|p2a: Maushold|atk|1
|-boost|p2a: Maushold|spe|1
|move|p1a: Primarina|Surf|p2a: Maushold
|-damage|p2a: Maushold|50/100
|
|-sideend|p2: Come on mon|move: Aurora Veil
|upkeep
|turn|20
|
|t:|1780903064
|move|p2a: Maushold|Population Bomb|p1a: Primarina
|-damage|p1a: Primarina|18/100
|-damage|p1a: Primarina|0 fnt
|faint|p1a: Primarina
|-hitcount|p1: Primarina|2
|
|upkeep
|
|t:|1780903068
|switch|p1a: Kingambit|Kingambit, M|100/100
|-activate|p1a: Kingambit|ability: Supreme Overlord
|-start|p1a: Kingambit|fallen2|[silent]
|turn|21
|
|t:|1780903070
|move|p1a: Kingambit|Sucker Punch|p2a: Maushold
|-damage|p2a: Maushold|0 fnt
|faint|p2a: Maushold
|
|upkeep
|
|t:|1780903073
|switch|p2a: Braviary|Braviary-Hisui, M|100/100
|turn|22
|
|t:|1780903079
|move|p1a: Kingambit|Sucker Punch|p2a: Braviary
|-supereffective|p2a: Braviary
|-damage|p2a: Braviary|0 fnt
|faint|p2a: Braviary
|
|upkeep
|
|t:|1780903081
|switch|p2a: Ninetales|Ninetales-Alola, M|100/100
|-weather|Snowscape|[from] ability: Snow Warning|[of] p2a: Ninetales
|turn|23
|
|t:|1780903083
|move|p2a: Ninetales|Encore|p1a: Kingambit
|-start|p1a: Kingambit|Encore
|move|p1a: Kingambit|Sucker Punch||[still]
|-fail|p1a: Kingambit
|
|-weather|Snowscape|[upkeep]
|upkeep
|turn|24
|
|t:|1780903086
|switch|p2a: Klefki|Klefki, M|60/100
|-end|p1a: Kingambit|fallen2|[silent]
|switch|p1a: Cinderace|Cinderace, M|100/100
|
|-weather|Snowscape|[upkeep]
|upkeep
|turn|25
|
|t:|1780903088
|switch|p1a: Iron Hands|Iron Hands|100/100
|move|p2a: Klefki|Thunder Wave|p1a: Iron Hands
|-immune|p1a: Iron Hands
|
|-weather|Snowscape|[upkeep]
|upkeep
|turn|26
|
|t:|1780903091
|move|p2a: Klefki|Reflect|p2a: Klefki
|-sidestart|p2: Come on mon|Reflect
|move|p1a: Iron Hands|Earthquake|p2a: Klefki
|-supereffective|p2a: Klefki
|-damage|p2a: Klefki|15/100
|
|-weather|Snowscape|[upkeep]
|upkeep
|turn|27
|
|t:|1780903094
|move|p2a: Klefki|Spikes|p1a: Iron Hands
|-sidestart|p1: CDPGuillaume|Spikes
|move|p1a: Iron Hands|Earthquake|p2a: Klefki
|-supereffective|p2a: Klefki
|-damage|p2a: Klefki|0 fnt
|faint|p2a: Klefki
|
|-weather|none
|upkeep
|
|t:|1780903097
|switch|p2a: Ninetales|Ninetales-Alola, M|100/100
|-weather|Snowscape|[from] ability: Snow Warning|[of] p2a: Ninetales
|turn|28
|
|t:|1780903100
|move|p2a: Ninetales|Freeze-Dry|p1a: Iron Hands
|-damage|p1a: Iron Hands|90/100
|move|p1a: Iron Hands|Drain Punch|p2a: Ninetales
|-damage|p2a: Ninetales|82/100
|-heal|p1a: Iron Hands|95/100|[from] drain|[of] p2a: Ninetales
|
|-weather|Snowscape|[upkeep]
|upkeep
|turn|29
|
|t:|1780903105
|move|p2a: Ninetales|Freeze-Dry|p1a: Iron Hands
|-damage|p1a: Iron Hands|83/100
|move|p1a: Iron Hands|Drain Punch|p2a: Ninetales
|-damage|p2a: Ninetales|66/100
|-heal|p1a: Iron Hands|88/100|[from] drain|[of] p2a: Ninetales
|
|-weather|Snowscape|[upkeep]
|upkeep
|turn|30
|
|t:|1780903109
|move|p2a: Ninetales|Aurora Veil|p2a: Ninetales
|-sidestart|p2: Come on mon|move: Aurora Veil
|move|p1a: Iron Hands|Drain Punch|p2a: Ninetales
|-damage|p2a: Ninetales|50/100
|-heal|p1a: Iron Hands|93/100|[from] drain|[of] p2a: Ninetales
|
|-weather|Snowscape|[upkeep]
|-sideend|p2: Come on mon|Reflect
|upkeep
|turn|31
|
|t:|1780903112
|move|p2a: Ninetales|Freeze-Dry|p1a: Iron Hands
|-damage|p1a: Iron Hands|83/100
|move|p1a: Iron Hands|Drain Punch|p2a: Ninetales
|-damage|p2a: Ninetales|31/100
|-heal|p1a: Iron Hands|88/100|[from] drain|[of] p2a: Ninetales
|
|-weather|Snowscape|[upkeep]
|upkeep
|turn|32
|
|t:|1780903115
|move|p2a: Ninetales|Freeze-Dry|p1a: Iron Hands
|-damage|p1a: Iron Hands|77/100
|move|p1a: Iron Hands|Drain Punch|p2a: Ninetales
|-damage|p2a: Ninetales|14/100
|-heal|p1a: Iron Hands|83/100|[from] drain|[of] p2a: Ninetales
|
|-weather|none
|upkeep
|turn|33
|
|t:|1780903118
|move|p2a: Ninetales|Freeze-Dry|p1a: Iron Hands
|-damage|p1a: Iron Hands|71/100
|move|p1a: Iron Hands|Drain Punch|p2a: Ninetales
|-damage|p2a: Ninetales|0 fnt
|-heal|p1a: Iron Hands|75/100|[from] drain|[of] p2a: Ninetales
|faint|p2a: Ninetales
|
|win|CDPGuillaume
|raw|CDPGuillaume's rating: 1656 &rarr; <strong>1677</strong><br />(+21 for winning)
|raw|Come on mon's rating: 1669 &rarr; <strong>1648</strong><br />(-21 for losing)
|l|‽Come on mon
|player|p2|
|l|☆CDPGuillaume
|player|p1|
