|j|☆DuckyBro
|j|☆iamverykarpy
|t:|1781116748
|gametype|singles
|player|p1|DuckyBro|dragontamer|1555
|player|p2|iamverykarpy|colress|1536
|gen|9
|tier|[Gen 9] OU
|rated|
|rule|HP Percentage Mod: HP is shown in percentages
|rule|Endless Battle Clause: Forcing endless battles is banned
|rule|Species Clause: Limit one of each Pokémon
|rule|OHKO Clause: OHKO moves are banned
|rule|Evasion Items Clause: Evasion items are banned
|rule|Evasion Moves Clause: Evasion moves are banned
|rule|Evasion Abilities Clause: Evasion abilities are banned
|rule|Sleep Moves Clause: Sleep-inducing moves are banned
|clearpoke
|poke|p1|Cinderace, M|
|poke|p1|Corviknight, M|
|poke|p1|Garganacl, F|
|poke|p1|Slowking-Galar, F|
|poke|p1|Kleavor, F|
|poke|p1|Lokix, F|
|poke|p2|Cetitan, F|
|poke|p2|Slowking-Galar, M|
|poke|p2|Kyurem|
|poke|p2|Rillaboom, F|
|poke|p2|Alomomola, F|
|poke|p2|Great Tusk|
|teampreview
|inactive|Battle timer is ON: inactive players will automatically lose when time's up. (requested by iamverykarpy)
|
|t:|1781116759
|teamsize|p1|6
|teamsize|p2|6
|start
|switch|p1a: Kleavor|Kleavor, F|100/100
|switch|p2a: Kyurem|Kyurem, shiny|100/100
|-ability|p2a: Kyurem|Pressure
|turn|1
|
|t:|1781116768
|move|p2a: Kyurem|Ice Beam|p1a: Kleavor
|-damage|p1a: Kleavor|8/100
|move|p1a: Kleavor|Stone Axe|p2a: Kyurem
|-supereffective|p2a: Kyurem
|-damage|p2a: Kyurem|1/100
|-sidestart|p2: iamverykarpy|move: Stealth Rock
|
|-heal|p1a: Kleavor|14/100|[from] item: Leftovers
|upkeep
|turn|2
|
|t:|1781116779
|switch|p2a: Alomomola|Alomomola, F|100/100
|-damage|p2a: Alomomola|88/100|[from] Stealth Rock
|switch|p1a: Cinderace|Cinderace, M|100/100
|
|upkeep
|turn|3
|
|t:|1781116784
|move|p1a: Cinderace|U-turn|p2a: Alomomola
|-start|p1a: Cinderace|typechange|Bug|[from] ability: Libero
|-damage|p2a: Alomomola|71/100
|-damage|p1a: Cinderace|84/100|[from] item: Rocky Helmet|[of] p2a: Alomomola
|
|t:|1781116790
|switch|p1a: Lokix|Lokix, F|100/100|[from] U-turn
|move|p2a: Alomomola|Flip Turn|p1a: Lokix
|-damage|p1a: Lokix|75/100
|
|t:|1781116792
|switch|p2a: Great Tusk|Great Tusk|100/100|[from] Flip Turn
|-damage|p2a: Great Tusk|97/100|[from] Stealth Rock
|
|-heal|p2a: Great Tusk|100/100|[from] item: Leftovers
|upkeep
|turn|4
|
|t:|1781116798
|move|p1a: Lokix|Knock Off|p2a: Great Tusk
|-resisted|p2a: Great Tusk
|-damage|p2a: Great Tusk|57/100
|-enditem|p2a: Great Tusk|Leftovers|[from] move: Knock Off|[of] p1a: Lokix
|move|p2a: Great Tusk|Rapid Spin|p1a: Lokix
|-damage|p1a: Lokix|51/100
|-boost|p2a: Great Tusk|spe|1
|-sideend|p2: iamverykarpy|Stealth Rock|[from] move: Rapid Spin|[of] p2a: Great Tusk
|
|upkeep
|turn|5
|
|t:|1781116804
|-end|p2a: Great Tusk|Protosynthesis|[silent]
|switch|p2a: Alomomola|Alomomola, F|100/100
|switch|p1a: Corviknight|Corviknight, M|100/100
|-ability|p1a: Corviknight|Pressure
|
|upkeep
|turn|6
|
|t:|1781116808
|move|p1a: Corviknight|U-turn|p2a: Alomomola
|-damage|p2a: Alomomola|93/100
|-damage|p1a: Corviknight|84/100|[from] item: Rocky Helmet|[of] p2a: Alomomola
|
|t:|1781116814
|switch|p1a: Slowking|Slowking-Galar, F|100/100|[from] U-turn
|move|p2a: Alomomola|Wish|p2a: Alomomola
|
|upkeep
|turn|7
|
|t:|1781116821
|move|p2a: Alomomola|Flip Turn|p1a: Slowking
|-damage|p1a: Slowking|84/100
|
|t:|1781116825
|switch|p2a: Great Tusk|Great Tusk|57/100|[from] Flip Turn
|move|p1a: Slowking|Thunder Wave|p2a: Great Tusk
|-immune|p2a: Great Tusk
|
|-heal|p2a: Great Tusk|100/100|[from] move: Wish|[wisher] Alomomola
|-heal|p1a: Slowking|90/100|[from] item: Leftovers
|upkeep
|turn|8
|
|t:|1781116835
|switch|p1a: Corviknight|Corviknight, M|84/100
|-ability|p1a: Corviknight|Pressure
|move|p2a: Great Tusk|Knock Off|p1a: Corviknight
|-damage|p1a: Corviknight|65/100
|-damage|p2a: Great Tusk|84/100|[from] item: Rocky Helmet|[of] p1a: Corviknight
|-enditem|p1a: Corviknight|Rocky Helmet|[from] move: Knock Off|[of] p2a: Great Tusk
|
|upkeep
|turn|9
|
|t:|1781116838
|-end|p2a: Great Tusk|Protosynthesis|[silent]
|switch|p2a: Alomomola|Alomomola, F|100/100
|move|p1a: Corviknight|U-turn|p2a: Alomomola
|-damage|p2a: Alomomola|93/100
|-damage|p1a: Corviknight|49/100|[from] item: Rocky Helmet|[of] p2a: Alomomola
|
|t:|1781116842
|switch|p1a: Garganacl|Garganacl, F|100/100|[from] U-turn
|
|upkeep
|turn|10
|
|t:|1781116844
|move|p2a: Alomomola|Flip Turn|p1a: Garganacl
|-supereffective|p1a: Garganacl
|-damage|p1a: Garganacl|82/100
|
|t:|1781116846
|switch|p2a: Rillaboom|Rillaboom, F|100/100|[from] Flip Turn
|-fieldstart|move: Grassy Terrain|[from] ability: Grassy Surge|[of] p2a: Rillaboom
|move|p1a: Garganacl|Salt Cure|p2a: Rillaboom
|-crit|p2a: Rillaboom
|-damage|p2a: Rillaboom|78/100
|-start|p2a: Rillaboom|Salt Cure
|
|-heal|p2a: Rillaboom|84/100|[from] Grassy Terrain
|-heal|p1a: Garganacl|88/100|[from] Grassy Terrain
|-heal|p1a: Garganacl|95/100|[from] item: Leftovers
|-damage|p2a: Rillaboom|72/100|[from] Salt Cure
|upkeep
|turn|11
|
|t:|1781116850
|move|p1a: Garganacl|Protect|p1a: Garganacl
|-singleturn|p1a: Garganacl|Protect
|move|p2a: Rillaboom|U-turn|p1a: Garganacl
|-activate|p1a: Garganacl|move: Protect
|
|-heal|p2a: Rillaboom|78/100|[from] Grassy Terrain
|-heal|p1a: Garganacl|100/100|[from] Grassy Terrain
|-damage|p2a: Rillaboom|65/100|[from] Salt Cure
|upkeep
|turn|12
|
|t:|1781116856
|move|p2a: Rillaboom|U-turn|p1a: Garganacl
|-damage|p1a: Garganacl|82/100
|
|t:|1781116861
|switch|p2a: Great Tusk|Great Tusk|84/100|[from] U-turn
|move|p1a: Garganacl|Salt Cure|p2a: Great Tusk
|-resisted|p2a: Great Tusk
|-damage|p2a: Great Tusk|82/100
|-start|p2a: Great Tusk|Salt Cure
|
|-heal|p2a: Great Tusk|88/100|[from] Grassy Terrain
|-heal|p1a: Garganacl|88/100|[from] Grassy Terrain
|-heal|p1a: Garganacl|94/100|[from] item: Leftovers
|-damage|p2a: Great Tusk|75/100|[from] Salt Cure
|upkeep
|turn|13
|
|t:|1781116865
|move|p1a: Garganacl|Protect|p1a: Garganacl
|-singleturn|p1a: Garganacl|Protect
|move|p2a: Great Tusk|Knock Off|p1a: Garganacl
|-activate|p1a: Garganacl|move: Protect
|
|-heal|p2a: Great Tusk|81/100|[from] Grassy Terrain
|-heal|p1a: Garganacl|100/100|[from] Grassy Terrain
|-damage|p2a: Great Tusk|69/100|[from] Salt Cure
|upkeep
|turn|14
|
|t:|1781116870
|switch|p1a: Corviknight|Corviknight, M|49/100
|-ability|p1a: Corviknight|Pressure
|move|p2a: Great Tusk|Knock Off|p1a: Corviknight
|-damage|p1a: Corviknight|35/100
|
|-heal|p2a: Great Tusk|75/100|[from] Grassy Terrain
|-damage|p2a: Great Tusk|63/100|[from] Salt Cure
|-fieldend|move: Grassy Terrain
|upkeep
|turn|15
|
|t:|1781116886
|-end|p2a: Great Tusk|Protosynthesis|[silent]
|switch|p2a: Kyurem|Kyurem, shiny|1/100
|-ability|p2a: Kyurem|Pressure
|move|p1a: Corviknight|Roost|p1a: Corviknight
|-heal|p1a: Corviknight|85/100
|-singleturn|p1a: Corviknight|move: Roost
|
|upkeep
|turn|16
|
|t:|1781116893
|switch|p2a: Alomomola|Alomomola, F|100/100
|move|p1a: Corviknight|U-turn|p2a: Alomomola
|-damage|p2a: Alomomola|93/100
|-damage|p1a: Corviknight|69/100|[from] item: Rocky Helmet|[of] p2a: Alomomola
|
|t:|1781116900
|switch|p1a: Kleavor|Kleavor, F|14/100|[from] U-turn
|
|-heal|p1a: Kleavor|20/100|[from] item: Leftovers
|upkeep
|turn|17
|
|t:|1781116905
|move|p1a: Kleavor|Stone Axe|p2a: Alomomola
|-damage|p2a: Alomomola|62/100
|-damage|p1a: Kleavor|4/100|[from] item: Rocky Helmet|[of] p2a: Alomomola
|-sidestart|p2: iamverykarpy|move: Stealth Rock
|move|p2a: Alomomola|Wish|p2a: Alomomola
|
|-heal|p1a: Kleavor|10/100|[from] item: Leftovers
|upkeep
|turn|18
|
|t:|1781116921
|move|p1a: Kleavor|Night Slash|p2a: Alomomola
|-damage|p2a: Alomomola|41/100
|-damage|p1a: Kleavor|0 fnt|[from] item: Rocky Helmet|[of] p2a: Alomomola
|faint|p1a: Kleavor
|move|p2a: Alomomola|Flip Turn|p1: Kleavor|[notarget]
|-fail|p2a: Alomomola
|
|-heal|p2a: Alomomola|91/100|[from] move: Wish|[wisher] Alomomola
|upkeep
|
|t:|1781116926
|switch|p1a: Garganacl|Garganacl, F|100/100
|turn|19
|
|t:|1781116931
|move|p2a: Alomomola|Wish|p2a: Alomomola
|move|p1a: Garganacl|Salt Cure|p2a: Alomomola
|-damage|p2a: Alomomola|84/100
|-start|p2a: Alomomola|Salt Cure
|
|-damage|p2a: Alomomola|59/100|[from] Salt Cure
|upkeep
|turn|20
|
|t:|1781116934
|switch|p2a: Great Tusk|Great Tusk|63/100
|-damage|p2a: Great Tusk|60/100|[from] Stealth Rock
|move|p1a: Garganacl|Protect||[still]
|-fail|p1a: Garganacl
|
|-heal|p2a: Great Tusk|100/100|[from] move: Wish|[wisher] Alomomola
|upkeep
|turn|21
|
|t:|1781116940
|move|p2a: Great Tusk|Rapid Spin|p1a: Garganacl
|-resisted|p1a: Garganacl
|-damage|p1a: Garganacl|97/100
|-boost|p2a: Great Tusk|spe|1
|-sideend|p2: iamverykarpy|Stealth Rock|[from] move: Rapid Spin|[of] p2a: Great Tusk
|move|p1a: Garganacl|Salt Cure|p2a: Great Tusk
|-resisted|p2a: Great Tusk
|-damage|p2a: Great Tusk|98/100
|-start|p2a: Great Tusk|Salt Cure
|
|-heal|p1a: Garganacl|100/100|[from] item: Leftovers
|-damage|p2a: Great Tusk|86/100|[from] Salt Cure
|upkeep
|turn|22
|
|t:|1781116946
|move|p2a: Great Tusk|Knock Off|p1a: Garganacl
|-damage|p1a: Garganacl|84/100
|-enditem|p1a: Garganacl|Leftovers|[from] move: Knock Off|[of] p2a: Great Tusk
|move|p1a: Garganacl|Salt Cure|p2a: Great Tusk
|-resisted|p2a: Great Tusk
|-damage|p2a: Great Tusk|84/100
|
|-damage|p2a: Great Tusk|72/100|[from] Salt Cure
|upkeep
|turn|23
|
|t:|1781116950
|move|p1a: Garganacl|Protect|p1a: Garganacl
|-singleturn|p1a: Garganacl|Protect
|move|p2a: Great Tusk|Headlong Rush|p1a: Garganacl
|-activate|p1a: Garganacl|move: Protect
|
|-damage|p2a: Great Tusk|59/100|[from] Salt Cure
|upkeep
|turn|24
|
|t:|1781116955
|-end|p2a: Great Tusk|Protosynthesis|[silent]
|switch|p2a: Alomomola|Alomomola, F|92/100
|switch|p1a: Corviknight|Corviknight, M|69/100
|-ability|p1a: Corviknight|Pressure
|
|upkeep
|turn|25
|-message|DuckyBro forfeited.
|
|win|iamverykarpy
|raw|DuckyBro's rating: 1555 &rarr; <strong>1534</strong><br />(-21 for losing)
|raw|iamverykarpy's rating: 1536 &rarr; <strong>1557</strong><br />(+21 for winning)
|l|☆DuckyBro
|player|p1|
|l|☆iamverykarpy
|player|p2|
