|j|☆eljugoaaron
|j|☆ascended tusk 69
|t:|1781467514
|gametype|singles
|player|p1|eljugoaaron|169|1534
|player|p2|ascended tusk 69|biker|1794
|gen|9
|tier|[Gen 9] OU
|rated|
|rule|HP Percentage Mod: HP is shown in percentages
|rule|Endless Battle Clause: Forcing endless battles is banned
|rule|Species Clause: Limit one of each Pokémon
|rule|OHKO Clause: OHKO moves are banned
|rule|Evasion Items Clause: Evasion items are banned
|rule|Evasion Moves Clause: Evasion moves are banned
|rule|Evasion Abilities Clause: Evasion abilities are banned
|rule|Sleep Moves Clause: Sleep-inducing moves are banned
|clearpoke
|poke|p1|Kyurem|
|poke|p1|Kingambit, M|
|poke|p1|Great Tusk|
|poke|p1|Cinderace, M|
|poke|p1|Slowking-Galar, M|
|poke|p1|Enamorus-Therian, F|
|poke|p2|Iron Moth|
|poke|p2|Gliscor, M|
|poke|p2|Hatterene, F|
|poke|p2|Ogerpon-Wellspring, F|
|poke|p2|Raging Bolt|
|poke|p2|Zamazenta-*|
|teampreview
|j| DefrostTheIceQueen
|j| GengarAdept
|j| sote og rare
|j| FearHater
|l| sote og rare
|
|t:|1781467542
|teamsize|p1|6
|teamsize|p2|6
|start
|switch|p1a: Kyurem|Kyurem|100/100
|switch|p2a: Suneater|Iron Moth|100/100
|-ability|p1a: Kyurem|Pressure
|-enditem|p2a: Suneater|Booster Energy
|-activate|p2a: Suneater|ability: Quark Drive|[fromitem]
|-start|p2a: Suneater|quarkdrivespe
|turn|1
|j| ceo o wo chien
|
|t:|1781467550
|move|p2a: Suneater|Fiery Dance|p1a: Kyurem
|-damage|p1a: Kyurem|78/100
|move|p1a: Kyurem|Earth Power|p2a: Suneater
|-supereffective|p2a: Suneater
|-damage|p2a: Suneater|10/100
|
|upkeep
|turn|2
|inactive|Battle timer is ON: inactive players will automatically lose when time's up. (requested by ascended tusk 69)
|
|t:|1781467556
|move|p2a: Suneater|Sludge Wave|p1a: Kyurem
|-damage|p1a: Kyurem|52/100
|move|p1a: Kyurem|Freeze-Dry|p2a: Suneater
|-resisted|p2a: Suneater
|-crit|p2a: Suneater
|-damage|p2a: Suneater|0 fnt
|faint|p2a: Suneater
|-end|p2a: Suneater|Quark Drive|[silent]
|
|upkeep
|c|☆ascended tusk 69|av kyu
|
|t:|1781467576
|switch|p2a: SLICE|Hatterene, F|100/100
|turn|3
|
|t:|1781467586
|move|p1a: Kyurem|Ice Beam|p2a: SLICE
|-damage|p2a: SLICE|62/100
|move|p2a: SLICE|Mystical Fire|p1a: Kyurem
|-damage|p1a: Kyurem|39/100
|-unboost|p1a: Kyurem|spa|1
|
|-heal|p2a: SLICE|68/100|[from] item: Leftovers
|upkeep
|turn|4
|c|☆eljugoaaron|maybe
|
|t:|1781467595
|switch|p1a: Cinderace|Cinderace, M|100/100
|move|p2a: SLICE|Draining Kiss|p1a: Cinderace
|-resisted|p1a: Cinderace
|-damage|p1a: Cinderace|84/100
|-heal|p2a: SLICE|80/100|[from] drain|[of] p1a: Cinderace
|
|-heal|p2a: SLICE|86/100|[from] item: Leftovers
|upkeep
|turn|5
|
|t:|1781467603
|switch|p2a: Dorg|Zamazenta|100/100
|-ability|p2a: Dorg|Dauntless Shield|boost
|-boost|p2a: Dorg|def|1
|move|p1a: Cinderace|Pyro Ball|p2a: Dorg
|-damage|p2a: Dorg|67/100
|
|upkeep
|turn|6
|l| GengarAdept
|
|t:|1781467613
|move|p2a: Dorg|Close Combat|p1a: Cinderace
|-damage|p1a: Cinderace|13/100
|-unboost|p2a: Dorg|def|1
|-unboost|p2a: Dorg|spd|1
|move|p1a: Cinderace|U-turn|p2a: Dorg
|-start|p1a: Cinderace|typechange|Bug|[from] ability: Libero
|-resisted|p2a: Dorg
|-damage|p2a: Dorg|52/100
|
|t:|1781467629
|switch|p1a: Slowking|Slowking-Galar, M|100/100|[from] U-turn
|
|upkeep
|turn|7
|j| CloudyEJ
|l| CloudyEJ
|
|t:|1781467642
|switch|p2a: Tenko|Gliscor, M|100/100
|move|p1a: Slowking|Sludge Bomb|p2a: Tenko
|-resisted|p2a: Tenko
|-damage|p2a: Tenko|70/100
|
|-status|p2a: Tenko|tox|[from] item: Toxic Orb
|upkeep
|turn|8
|
|t:|1781467649
|move|p2a: Tenko|Earthquake|p1a: Slowking
|-supereffective|p1a: Slowking
|-damage|p1a: Slowking|11/100
|move|p1a: Slowking|Ice Beam|p2a: Tenko
|-supereffective|p2a: Tenko
|-damage|p2a: Tenko|0 fnt
|faint|p2a: Tenko
|
|upkeep
|
|t:|1781467656
|switch|p2a: BONK|Ogerpon-Wellspring, F|100/100
|turn|9
|
|t:|1781467661
|switch|p1a: Cinderace|Cinderace, M|13/100
|move|p2a: BONK|Trailblaze|p1a: Cinderace
|-resisted|p1a: Cinderace
|-damage|p1a: Cinderace|0 fnt
|-boost|p2a: BONK|spe|1
|faint|p1a: Cinderace
|
|upkeep
|l| FearHater
|
|t:|1781467670
|switch|p1a: Enamorus|Enamorus-Therian, F|100/100
|turn|10
|
|t:|1781467680
|move|p2a: BONK|Ivy Cudgel|p1a: Enamorus|[anim] Ivy Cudgel Water
|-damage|p1a: Enamorus|57/100
|move|p1a: Enamorus|Iron Defense|p1a: Enamorus
|-boost|p1a: Enamorus|def|2
|
|-heal|p1a: Enamorus|63/100|[from] item: Leftovers
|upkeep
|turn|11
|
|t:|1781467684
|move|p2a: BONK|Encore|p1a: Enamorus
|-start|p1a: Enamorus|Encore
|move|p1a: Enamorus|Iron Defense|p1a: Enamorus
|-boost|p1a: Enamorus|def|2
|
|-heal|p1a: Enamorus|69/100|[from] item: Leftovers
|upkeep
|turn|12
|
|t:|1781467691
|switch|p1a: Kyurem|Kyurem|39/100
|-ability|p1a: Kyurem|Pressure
|move|p2a: BONK|Swords Dance|p2a: BONK
|-boost|p2a: BONK|atk|2
|
|upkeep
|turn|13
|
|t:|1781467698
|move|p2a: BONK|Ivy Cudgel|p1a: Kyurem|[anim] Ivy Cudgel Water
|-resisted|p1a: Kyurem
|-damage|p1a: Kyurem|0 fnt
|faint|p1a: Kyurem
|
|upkeep
|
|t:|1781467706
|switch|p1a: Kingambit|Kingambit, M|100/100
|-activate|p1a: Kingambit|ability: Supreme Overlord
|-start|p1a: Kingambit|fallen2|[silent]
|-item|p1a: Kingambit|Air Balloon
|turn|14
|
|t:|1781467714
|move|p1a: Kingambit|Sucker Punch|p2a: BONK
|-damage|p2a: BONK|44/100
|move|p2a: BONK|Ivy Cudgel|p1a: Kingambit|[anim] Ivy Cudgel Water
|-crit|p1a: Kingambit
|-damage|p1a: Kingambit|0 fnt
|-enditem|p1a: Kingambit|Air Balloon
|faint|p1a: Kingambit
|-end|p1a: Kingambit|fallen2|[silent]
|
|upkeep
|
|t:|1781467718
|switch|p1a: Enamorus|Enamorus-Therian, F|69/100
|turn|15
|c|☆ascended tusk 69|lol
|
|t:|1781467735
|move|p2a: BONK|Ivy Cudgel|p1a: Enamorus|[anim] Ivy Cudgel Water
|-damage|p1a: Enamorus|0 fnt
|faint|p1a: Enamorus
|
|upkeep
|
|t:|1781467740
|switch|p1a: Great Tusk|Great Tusk|100/100
|turn|16
|
|t:|1781467747
|-terastallize|p1a: Great Tusk|Fighting
|move|p2a: BONK|Ivy Cudgel|p1a: Great Tusk|[anim] Ivy Cudgel Water
|-crit|p1a: Great Tusk
|-damage|p1a: Great Tusk|0 fnt
|faint|p1a: Great Tusk
|-end|p1a: Great Tusk|Protosynthesis|[silent]
|
|upkeep
|
|t:|1781467749
|switch|p1a: Slowking|Slowking-Galar, M|45/100
|turn|17
|c|☆ascended tusk 69|lol
|-message|eljugoaaron forfeited.
|
|win|ascended tusk 69
|raw|eljugoaaron's rating: 1534 &rarr; <strong>1527</strong><br />(-7 for losing)
|raw|ascended tusk 69's rating: 1794 &rarr; <strong>1801</strong><br />(+7 for winning)
|l|☆eljugoaaron
|player|p1|
|j| ban tha pex
|l| ban tha pex
|l|☆ascended tusk 69
|player|p2|
