|j|☆suprya
|j|☆temporarylight
|t:|1781547604
|gametype|singles
|player|p1|suprya|clown|1744
|player|p2|temporarylight|jogger|1784
|gen|9
|tier|[Gen 9] OU
|rated|
|rule|HP Percentage Mod: HP is shown in percentages
|rule|Endless Battle Clause: Forcing endless battles is banned
|rule|Species Clause: Limit one of each Pokémon
|rule|OHKO Clause: OHKO moves are banned
|rule|Evasion Items Clause: Evasion items are banned
|rule|Evasion Moves Clause: Evasion moves are banned
|rule|Evasion Abilities Clause: Evasion abilities are banned
|rule|Sleep Moves Clause: Sleep-inducing moves are banned
|clearpoke
|poke|p1|Pelipper, M|
|poke|p1|Hydrapple, F|
|poke|p1|Iron Treads|
|poke|p1|Gholdengo|
|poke|p1|Slowking-Galar, F|
|poke|p1|Greninja-*, M|
|poke|p2|Ting-Lu|
|poke|p2|Gholdengo|
|poke|p2|Dragonite, M|
|poke|p2|Volcanion|
|poke|p2|Hatterene, F|
|poke|p2|Zapdos-Galar|
|teampreview
|inactive|Battle timer is ON: inactive players will automatically lose when time's up. (requested by suprya)
|
|t:|1781547625
|teamsize|p1|6
|teamsize|p2|6
|start
|switch|p1a: Greninja|Greninja, M|100/100
|switch|p2a: Zapdos|Zapdos-Galar|100/100
|turn|1
|
|t:|1781547640
|switch|p1a: Slowking|Slowking-Galar, F|100/100
|move|p2a: Zapdos|Brave Bird|p1a: Slowking
|-damage|p1a: Slowking|33/100
|-damage|p2a: Zapdos|73/100|[from] Recoil
|
|upkeep
|turn|2
|
|t:|1781547647
|switch|p2a: Volcanion|Volcanion|100/100
|switch|p1a: Gholdengo|Gholdengo|100/100
|
|upkeep
|turn|3
|
|t:|1781547658
|switch|p1a: Hydrapple|Hydrapple, F|100/100
|move|p2a: Volcanion|Steam Eruption|p1a: Hydrapple
|-resisted|p1a: Hydrapple
|-damage|p1a: Hydrapple|77/100
|
|upkeep
|turn|4
|
|t:|1781547684
|switch|p2a: Magic I Bounce U|Hatterene, F, shiny|100/100
|switch|p1a: Slowking|Slowking-Galar, F|67/100
|
|upkeep
|turn|5
|
|t:|1781547689
|switch|p2a: Ting-Lu|Ting-Lu|100/100
|-ability|p2a: Ting-Lu|Vessel of Ruin
|move|p1a: Slowking|Sludge Bomb|p2a: Ting-Lu
|-resisted|p2a: Ting-Lu
|-damage|p2a: Ting-Lu|92/100
|-status|p2a: Ting-Lu|psn
|
|-heal|p2a: Ting-Lu|98/100 psn|[from] item: Leftovers
|-damage|p2a: Ting-Lu|85/100 psn|[from] psn
|upkeep
|turn|6
|
|t:|1781547694
|switch|p1a: Hydrapple|Hydrapple, F|100/100
|move|p2a: Ting-Lu|Stealth Rock|p1a: Hydrapple
|-sidestart|p1: suprya|move: Stealth Rock
|
|-heal|p2a: Ting-Lu|92/100 psn|[from] item: Leftovers
|-damage|p2a: Ting-Lu|79/100 psn|[from] psn
|upkeep
|turn|7
|
|t:|1781547698
|switch|p2a: Magic I Bounce U|Hatterene, F, shiny|100/100
|move|p1a: Hydrapple|Giga Drain|p2a: Magic I Bounce U
|-damage|p2a: Magic I Bounce U|67/100
|
|upkeep
|turn|8
|
|t:|1781547704
|switch|p1a: Iron Treads|Iron Treads|100/100
|-damage|p1a: Iron Treads|98/100|[from] Stealth Rock
|move|p2a: Magic I Bounce U|Nuzzle|p1a: Iron Treads
|-immune|p1a: Iron Treads
|
|-heal|p1a: Iron Treads|100/100|[from] item: Leftovers
|upkeep
|turn|9
|
|t:|1781547714
|move|p1a: Iron Treads|Knock Off|p2a: Magic I Bounce U
|-damage|p2a: Magic I Bounce U|48/100
|-damage|p1a: Iron Treads|84/100|[from] item: Rocky Helmet|[of] p2a: Magic I Bounce U
|-enditem|p2a: Magic I Bounce U|Rocky Helmet|[from] move: Knock Off|[of] p1a: Iron Treads
|move|p2a: Magic I Bounce U|Pain Split|p1a: Iron Treads
|-sethp|p1a: Iron Treads|62/100|[from] move: Pain Split|[silent]
|-sethp|p2a: Magic I Bounce U|75/100|[from] move: Pain Split
|
|-heal|p1a: Iron Treads|68/100|[from] item: Leftovers
|upkeep
|turn|10
|
|t:|1781547720
|switch|p2a: Zapdos|Zapdos-Galar|73/100
|move|p1a: Iron Treads|Rapid Spin|p2a: Zapdos
|-damage|p2a: Zapdos|58/100
|-boost|p1a: Iron Treads|spe|1
|-sideend|p1: suprya|Stealth Rock|[from] move: Rapid Spin|[of] p1a: Iron Treads
|
|-heal|p1a: Iron Treads|74/100|[from] item: Leftovers
|upkeep
|turn|11
|
|t:|1781547728
|-end|p1a: Iron Treads|Quark Drive|[silent]
|switch|p1a: Pelipper|Pelipper, M|100/100
|-weather|RainDance|[from] ability: Drizzle|[of] p1a: Pelipper
|move|p2a: Zapdos|Close Combat|p1a: Pelipper
|-resisted|p1a: Pelipper
|-damage|p1a: Pelipper|76/100
|-unboost|p2a: Zapdos|def|1
|-unboost|p2a: Zapdos|spd|1
|
|-weather|RainDance|[upkeep]
|upkeep
|turn|12
|
|t:|1781547736
|switch|p2a: Gholdengo|Gholdengo|100/100
|move|p1a: Pelipper|U-turn|p2a: Gholdengo
|-resisted|p2a: Gholdengo
|-damage|p2a: Gholdengo|98/100
|
|t:|1781547741
|switch|p1a: Iron Treads|Iron Treads|74/100|[from] U-turn
|
|-weather|RainDance|[upkeep]
|-heal|p1a: Iron Treads|80/100|[from] item: Leftovers
|upkeep
|turn|13
|
|t:|1781547745
|move|p2a: Gholdengo|Shadow Ball|p1a: Iron Treads
|-damage|p1a: Iron Treads|43/100
|move|p1a: Iron Treads|Earthquake|p2a: Gholdengo
|-supereffective|p2a: Gholdengo
|-damage|p2a: Gholdengo|10/100
|
|-weather|RainDance|[upkeep]
|-heal|p1a: Iron Treads|49/100|[from] item: Leftovers
|upkeep
|turn|14
|j| BiscoitoXDBr
|
|t:|1781547766
|switch|p2a: Zapdos|Zapdos-Galar|58/100
|move|p1a: Iron Treads|Earthquake|p2a: Zapdos
|-immune|p2a: Zapdos
|
|-weather|RainDance|[upkeep]
|-heal|p1a: Iron Treads|55/100|[from] item: Leftovers
|upkeep
|turn|15
|
|t:|1781547783
|-end|p1a: Iron Treads|Quark Drive|[silent]
|switch|p1a: Hydrapple|Hydrapple, F|100/100
|move|p2a: Zapdos|Close Combat|p1a: Hydrapple
|-damage|p1a: Hydrapple|60/100
|-unboost|p2a: Zapdos|def|1
|-unboost|p2a: Zapdos|spd|1
|
|-weather|none
|upkeep
|turn|16
|
|t:|1781547793
|move|p2a: Zapdos|Close Combat|p1a: Hydrapple
|-damage|p1a: Hydrapple|21/100
|-unboost|p2a: Zapdos|def|1
|-unboost|p2a: Zapdos|spd|1
|move|p1a: Hydrapple|Giga Drain|p2a: Zapdos
|-resisted|p2a: Zapdos
|-damage|p2a: Zapdos|23/100
|-heal|p1a: Hydrapple|35/100|[from] drain|[of] p2a: Zapdos
|
|upkeep
|turn|17
|
|t:|1781547802
|switch|p2a: Volcanion|Volcanion|100/100
|switch|p1a: Gholdengo|Gholdengo|100/100
|
|upkeep
|turn|18
|
|t:|1781547807
|switch|p1a: Slowking|Slowking-Galar, F|99/100
|move|p2a: Volcanion|Flamethrower|p1a: Slowking
|-damage|p1a: Slowking|60/100
|
|upkeep
|turn|19
|
|t:|1781547812
|switch|p2a: Ting-Lu|Ting-Lu|79/100 psn
|-ability|p2a: Ting-Lu|Vessel of Ruin
|move|p1a: Slowking|Sludge Bomb|p2a: Ting-Lu
|-resisted|p2a: Ting-Lu
|-damage|p2a: Ting-Lu|70/100 psn
|
|-heal|p2a: Ting-Lu|77/100 psn|[from] item: Leftovers
|-damage|p2a: Ting-Lu|64/100 psn|[from] psn
|upkeep
|turn|20
|
|t:|1781547816
|switch|p1a: Hydrapple|Hydrapple, F|68/100
|move|p2a: Ting-Lu|Stealth Rock|p1a: Hydrapple
|-sidestart|p1: suprya|move: Stealth Rock
|
|-heal|p2a: Ting-Lu|70/100 psn|[from] item: Leftovers
|-damage|p2a: Ting-Lu|58/100 psn|[from] psn
|upkeep
|turn|21
|
|t:|1781547823
|switch|p2a: Magic I Bounce U|Hatterene, F, shiny|75/100
|move|p1a: Hydrapple|Giga Drain|p2a: Magic I Bounce U
|-damage|p2a: Magic I Bounce U|45/100
|-heal|p1a: Hydrapple|79/100|[from] drain|[of] p2a: Magic I Bounce U
|
|upkeep
|turn|22
|
|t:|1781547831
|switch|p1a: Iron Treads|Iron Treads|55/100
|-damage|p1a: Iron Treads|52/100|[from] Stealth Rock
|move|p2a: Magic I Bounce U|Pain Split|p1a: Iron Treads
|-sethp|p1a: Iron Treads|45/100|[from] move: Pain Split|[silent]
|-sethp|p2a: Magic I Bounce U|54/100|[from] move: Pain Split
|
|-heal|p1a: Iron Treads|51/100|[from] item: Leftovers
|upkeep
|turn|23
|
|t:|1781547841
|switch|p2a: Zapdos|Zapdos-Galar|23/100
|move|p1a: Iron Treads|Earthquake|p2a: Zapdos
|-immune|p2a: Zapdos
|
|-heal|p1a: Iron Treads|57/100|[from] item: Leftovers
|upkeep
|turn|24
|
|t:|1781547846
|-end|p1a: Iron Treads|Quark Drive|[silent]
|switch|p1a: Gholdengo|Gholdengo|100/100
|-damage|p1a: Gholdengo|94/100|[from] Stealth Rock
|move|p2a: Zapdos|Brave Bird|p1a: Gholdengo
|-resisted|p1a: Gholdengo
|-damage|p1a: Gholdengo|57/100
|-damage|p2a: Zapdos|10/100|[from] Recoil
|
|upkeep
|turn|25
|
|t:|1781547852
|switch|p2a: Volcanion|Volcanion|100/100
|move|p1a: Gholdengo|Shadow Ball|p2a: Volcanion
|-damage|p2a: Volcanion|43/100
|
|upkeep
|turn|26
|
|t:|1781547855
|switch|p2a: Ting-Lu|Ting-Lu|58/100 psn
|-ability|p2a: Ting-Lu|Vessel of Ruin
|move|p1a: Gholdengo|Shadow Ball|p2a: Ting-Lu
|-resisted|p2a: Ting-Lu
|-damage|p2a: Ting-Lu|49/100 psn
|
|-heal|p2a: Ting-Lu|55/100 psn|[from] item: Leftovers
|-damage|p2a: Ting-Lu|43/100 psn|[from] psn
|upkeep
|turn|27
|
|t:|1781547861
|switch|p1a: Hydrapple|Hydrapple, F|100/100
|switch|p2a: Zapdos|Zapdos-Galar|10/100
|
|upkeep
|turn|28
|
|t:|1781547869
|move|p2a: Zapdos|U-turn|p1a: Hydrapple
|-supereffective|p1a: Hydrapple
|-damage|p1a: Hydrapple|70/100
|
|t:|1781547880
|switch|p2a: Gholdengo|Gholdengo|10/100|[from] U-turn
|move|p1a: Hydrapple|Giga Drain|p2a: Gholdengo
|-resisted|p2a: Gholdengo
|-damage|p2a: Gholdengo|0 fnt
|-heal|p1a: Hydrapple|73/100|[from] drain|[of] p2a: Gholdengo
|faint|p2a: Gholdengo
|
|upkeep
|
|t:|1781547886
|switch|p2a: Magic I Bounce U|Hatterene, F, shiny|54/100
|turn|29
|
|t:|1781547908
|switch|p1a: Iron Treads|Iron Treads|57/100
|-damage|p1a: Iron Treads|54/100|[from] Stealth Rock
|move|p2a: Magic I Bounce U|Dazzling Gleam|p1a: Iron Treads
|-resisted|p1a: Iron Treads
|-damage|p1a: Iron Treads|39/100
|
|-heal|p1a: Iron Treads|45/100|[from] item: Leftovers
|upkeep
|turn|30
|
|t:|1781547922
|switch|p2a: Zapdos|Zapdos-Galar|10/100
|move|p1a: Iron Treads|Rapid Spin|p2a: Zapdos
|-damage|p2a: Zapdos|0 fnt
|-boost|p1a: Iron Treads|spe|1
|-sideend|p1: suprya|Stealth Rock|[from] move: Rapid Spin|[of] p1a: Iron Treads
|faint|p2a: Zapdos
|
|-heal|p1a: Iron Treads|51/100|[from] item: Leftovers
|upkeep
|
|t:|1781547925
|switch|p2a: Dragonite|Dragonite, M, shiny|100/100
|turn|31
|
|t:|1781547931
|move|p1a: Iron Treads|Knock Off|p2a: Dragonite
|-damage|p2a: Dragonite|87/100
|-enditem|p2a: Dragonite|Heavy-Duty Boots|[from] move: Knock Off|[of] p1a: Iron Treads
|move|p2a: Dragonite|Earthquake|p1a: Iron Treads
|-supereffective|p1a: Iron Treads
|-damage|p1a: Iron Treads|0 fnt
|faint|p1a: Iron Treads
|-end|p1a: Iron Treads|Quark Drive|[silent]
|
|upkeep
|
|t:|1781547945
|switch|p1a: Hydrapple|Hydrapple, F|100/100
|turn|32
|
|t:|1781547949
|-terastallize|p2a: Dragonite|Normal
|move|p2a: Dragonite|Dragon Dance|p2a: Dragonite
|-boost|p2a: Dragonite|atk|1
|-boost|p2a: Dragonite|spe|1
|move|p1a: Hydrapple|Fickle Beam|p2a: Dragonite
|-damage|p2a: Dragonite|53/100
|
|upkeep
|turn|33
|
|t:|1781547967
|move|p2a: Dragonite|Dragon Dance|p2a: Dragonite
|-boost|p2a: Dragonite|atk|1
|-boost|p2a: Dragonite|spe|1
|move|p1a: Hydrapple|Fickle Beam|p2a: Dragonite
|-damage|p2a: Dragonite|17/100
|
|upkeep
|turn|34
|
|t:|1781547974
|move|p2a: Dragonite|Outrage|p1a: Hydrapple
|-supereffective|p1a: Hydrapple
|-damage|p1a: Hydrapple|0 fnt
|faint|p1a: Hydrapple
|
|upkeep
|
|t:|1781547979
|switch|p1a: Greninja|Greninja, M|100/100
|turn|35
|
|t:|1781547981
|move|p1a: Greninja|Water Shuriken|p2a: Dragonite
|-damage|p2a: Dragonite|7/100
|-damage|p2a: Dragonite|0 fnt
|faint|p2a: Dragonite
|-ability|p1a: Greninja|Battle Bond|boost
|-boost|p1a: Greninja|atk|1
|-boost|p1a: Greninja|spa|1
|-boost|p1a: Greninja|spe|1
|-activate|p1a: Greninja|ability: Battle Bond
|-hitcount|p2: Dragonite|2
|
|upkeep
|
|t:|1781547985
|switch|p2a: Magic I Bounce U|Hatterene, F, shiny|54/100
|turn|36
|
|t:|1781547992
|-terastallize|p1a: Greninja|Water
|move|p1a: Greninja|Water Shuriken|p2a: Magic I Bounce U
|-damage|p2a: Magic I Bounce U|33/100
|-damage|p2a: Magic I Bounce U|11/100
|-hitcount|p2a: Magic I Bounce U|2
|move|p2a: Magic I Bounce U|Dazzling Gleam|p1a: Greninja
|-damage|p1a: Greninja|43/100
|
|upkeep
|turn|37
|
|t:|1781548001
|move|p1a: Greninja|Water Shuriken|p2a: Magic I Bounce U
|-damage|p2a: Magic I Bounce U|0 fnt
|faint|p2a: Magic I Bounce U
|-hitcount|p2: Magic I Bounce U|1
|
|upkeep
|
|t:|1781548003
|switch|p2a: Volcanion|Volcanion|43/100
|turn|38
|
|t:|1781548014
|switch|p1a: Gholdengo|Gholdengo|57/100
|move|p2a: Volcanion|Steam Eruption|p1a: Gholdengo
|-damage|p1a: Gholdengo|0 fnt
|faint|p1a: Gholdengo
|
|upkeep
|
|t:|1781548021
|switch|p1a: Greninja|Greninja, M, tera:Water|43/100
|turn|39
|
|t:|1781548024
|switch|p2a: Ting-Lu|Ting-Lu|43/100 psn
|-ability|p2a: Ting-Lu|Vessel of Ruin
|move|p1a: Greninja|Dark Pulse|p2a: Ting-Lu
|-resisted|p2a: Ting-Lu
|-damage|p2a: Ting-Lu|32/100 psn
|
|-heal|p2a: Ting-Lu|38/100 psn|[from] item: Leftovers
|-damage|p2a: Ting-Lu|26/100 psn|[from] psn
|upkeep
|turn|40
|
|t:|1781548029
|switch|p1a: Pelipper|Pelipper, M|76/100
|-weather|RainDance|[from] ability: Drizzle|[of] p1a: Pelipper
|move|p2a: Ting-Lu|Stealth Rock|p1a: Pelipper
|-sidestart|p1: suprya|move: Stealth Rock
|
|-weather|RainDance|[upkeep]
|-heal|p2a: Ting-Lu|32/100 psn|[from] item: Leftovers
|-damage|p2a: Ting-Lu|19/100 psn|[from] psn
|upkeep
|turn|41
|
|t:|1781548040
|switch|p2a: Volcanion|Volcanion|43/100
|move|p1a: Pelipper|Hurricane|p2a: Volcanion
|-damage|p2a: Volcanion|0 fnt
|faint|p2a: Volcanion
|
|-weather|RainDance|[upkeep]
|upkeep
|-message|temporarylight forfeited.
|
|win|suprya
|raw|suprya's rating: 1744 &rarr; <strong>1766</strong><br />(+22 for winning)
|raw|temporarylight's rating: 1784 &rarr; <strong>1762</strong><br />(-22 for losing)
|l|☆temporarylight
|player|p2|
|l|☆suprya
|player|p1|
|l| BiscoitoXDBr
