|j|‽LT_Alt1
|j|☆kingofdondons
|t:|1781159205
|gametype|singles
|player|p1|LT_Alt1|266|1735
|player|p2|kingofdondons|skyla|1593
|gen|9
|tier|[Gen 9] OU
|rated|
|rule|HP Percentage Mod: HP is shown in percentages
|rule|Endless Battle Clause: Forcing endless battles is banned
|rule|Species Clause: Limit one of each Pokémon
|rule|OHKO Clause: OHKO moves are banned
|rule|Evasion Items Clause: Evasion items are banned
|rule|Evasion Moves Clause: Evasion moves are banned
|rule|Evasion Abilities Clause: Evasion abilities are banned
|rule|Sleep Moves Clause: Sleep-inducing moves are banned
|clearpoke
|poke|p1|Kyurem|
|poke|p1|Raging Bolt|
|poke|p1|Hatterene, F|
|poke|p1|Slowking-Galar, F|
|poke|p1|Ting-Lu|
|poke|p1|Corviknight, F|
|poke|p2|Ninetales, M|
|poke|p2|Walking Wake|
|poke|p2|Cresselia, F|
|poke|p2|Iron Moth|
|poke|p2|Great Tusk|
|poke|p2|Raging Bolt|
|teampreview
|inactive|Battle timer is ON: inactive players will automatically lose when time's up. (requested by kingofdondons)
|
|t:|1781159213
|teamsize|p1|6
|teamsize|p2|6
|start
|switch|p1a: Raging Bolt|Raging Bolt|100/100
|switch|p2a: Ninetales|Ninetales, M|100/100
|-weather|SunnyDay|[from] ability: Drought|[of] p2a: Ninetales
|-activate|p1a: Raging Bolt|ability: Protosynthesis
|-start|p1a: Raging Bolt|protosynthesisspa
|turn|1
|
|t:|1781159225
|switch|p2a: Cresselia|Cresselia, F|100/100
|move|p1a: Raging Bolt|Thunderbolt|p2a: Cresselia
|-damage|p2a: Cresselia|62/100
|-enditem|p2a: Cresselia|Eject Button
|
|t:|1781159236
|switch|p2a: Walking Wake|Walking Wake|100/100
|-activate|p2a: Walking Wake|ability: Protosynthesis
|-start|p2a: Walking Wake|protosynthesisspe
|
|-weather|SunnyDay|[upkeep]
|upkeep
|turn|2
|
|t:|1781159246
|-terastallize|p1a: Raging Bolt|Steel
|move|p2a: Walking Wake|Draco Meteor|p1a: Raging Bolt
|-resisted|p1a: Raging Bolt
|-damage|p1a: Raging Bolt|72/100
|-unboost|p2a: Walking Wake|spa|2
|move|p1a: Raging Bolt|Draco Meteor|p2a: Walking Wake
|-supereffective|p2a: Walking Wake
|-damage|p2a: Walking Wake|0 fnt
|-unboost|p1a: Raging Bolt|spa|2
|faint|p2a: Walking Wake
|-end|p2a: Walking Wake|Protosynthesis|[silent]
|
|-weather|SunnyDay|[upkeep]
|upkeep
|
|t:|1781159255
|switch|p2a: Iron Moth|Iron Moth|100/100
|-enditem|p2a: Iron Moth|Booster Energy
|-activate|p2a: Iron Moth|ability: Quark Drive|[fromitem]
|-start|p2a: Iron Moth|quarkdrivespe
|turn|3
|
|t:|1781159261
|-end|p1a: Raging Bolt|Protosynthesis|[silent]
|switch|p1a: Ting-Lu|Ting-Lu|100/100
|-ability|p1a: Ting-Lu|Vessel of Ruin
|move|p2a: Iron Moth|Fiery Dance|p1a: Ting-Lu
|-damage|p1a: Ting-Lu|72/100
|-boost|p2a: Iron Moth|spa|1
|
|-weather|SunnyDay|[upkeep]
|-heal|p1a: Ting-Lu|78/100|[from] item: Leftovers
|upkeep
|turn|4
|
|t:|1781159265
|-end|p2a: Iron Moth|Quark Drive|[silent]
|switch|p2a: Great Tusk|Great Tusk|100/100
|-activate|p2a: Great Tusk|ability: Protosynthesis
|-start|p2a: Great Tusk|protosynthesisatk
|move|p1a: Ting-Lu|Earthquake|p2a: Great Tusk
|-damage|p2a: Great Tusk|73/100
|
|-weather|SunnyDay|[upkeep]
|-heal|p1a: Ting-Lu|84/100|[from] item: Leftovers
|upkeep
|turn|5
|
|t:|1781159269
|switch|p1a: Slowking|Slowking-Galar, F|100/100
|move|p2a: Great Tusk|Ice Spinner|p1a: Slowking
|-damage|p1a: Slowking|71/100
|
|-weather|SunnyDay|[upkeep]
|upkeep
|turn|6
|
|t:|1781159274
|switch|p1a: Corviknight|Corviknight, F|100/100
|-ability|p1a: Corviknight|Pressure
|move|p2a: Great Tusk|Headlong Rush|p1a: Corviknight
|-immune|p1a: Corviknight
|
|-weather|SunnyDay|[upkeep]
|upkeep
|turn|7
|
|t:|1781159279
|move|p2a: Great Tusk|Stealth Rock|p1a: Corviknight
|-sidestart|p1: LT_Alt1|move: Stealth Rock
|move|p1a: Corviknight|Body Press|p2a: Great Tusk
|-damage|p2a: Great Tusk|55/100
|-damage|p1a: Corviknight|84/100|[from] item: Rocky Helmet|[of] p2a: Great Tusk
|
|-weather|SunnyDay|[upkeep]
|upkeep
|turn|8
|
|t:|1781159283
|-end|p2a: Great Tusk|Protosynthesis|[silent]
|switch|p2a: Iron Moth|Iron Moth|100/100
|move|p1a: Corviknight|Defog|p2a: Iron Moth
|-unboost|p2a: Iron Moth|evasion|1
|-sideend|p1: LT_Alt1|Stealth Rock|[from] move: Defog|[of] p1a: Corviknight
|
|-weather|none
|upkeep
|turn|9
|
|t:|1781159289
|switch|p1a: Slowking|Slowking-Galar, F|100/100
|move|p2a: Iron Moth|Fiery Dance|p1a: Slowking
|-damage|p1a: Slowking|73/100
|-boost|p2a: Iron Moth|spa|1
|
|upkeep
|turn|10
|
|t:|1781159293
|move|p2a: Iron Moth|Fiery Dance|p1a: Slowking
|-damage|p1a: Slowking|33/100
|-boost|p2a: Iron Moth|spa|1
|move|p1a: Slowking|Future Sight|p2a: Iron Moth
|-start|p1a: Slowking|move: Future Sight
|
|upkeep
|turn|11
|
|t:|1781159306
|switch|p1a: Ting-Lu|Ting-Lu|84/100
|-ability|p1a: Ting-Lu|Vessel of Ruin
|move|p2a: Iron Moth|Fiery Dance|p1a: Ting-Lu
|-damage|p1a: Ting-Lu|44/100
|-boost|p2a: Iron Moth|spa|1
|
|-heal|p1a: Ting-Lu|50/100|[from] item: Leftovers
|upkeep
|turn|12
|
|t:|1781159314
|move|p2a: Iron Moth|Dazzling Gleam|p1a: Ting-Lu
|-supereffective|p1a: Ting-Lu
|-damage|p1a: Ting-Lu|0 fnt
|faint|p1a: Ting-Lu
|
|-end|p2a: Iron Moth|move: Future Sight
|-supereffective|p2a: Iron Moth
|-damage|p2a: Iron Moth|2/100
|upkeep
|
|t:|1781159324
|switch|p1a: Slowking|Slowking-Galar, F|66/100
|turn|13
|
|t:|1781159330
|move|p2a: Iron Moth|Fiery Dance|p1a: Slowking
|-damage|p1a: Slowking|0 fnt
|faint|p1a: Slowking
|
|upkeep
|
|t:|1781159333
|switch|p1a: Raging Bolt|Raging Bolt, tera:Steel|72/100
|turn|14
|
|t:|1781159342
|-end|p2a: Iron Moth|Quark Drive|[silent]
|switch|p2a: Great Tusk|Great Tusk|55/100
|move|p1a: Raging Bolt|Thunderclap||[still]
|-fail|p1a: Raging Bolt
|
|upkeep
|turn|15
|
|t:|1781159346
|-end|p1a: Raging Bolt|Protosynthesis|[silent]
|switch|p1a: Corviknight|Corviknight, F|84/100
|-ability|p1a: Corviknight|Pressure
|move|p2a: Great Tusk|Stealth Rock|p1a: Corviknight
|-sidestart|p1: LT_Alt1|move: Stealth Rock
|
|upkeep
|turn|16
|
|t:|1781159353
|-end|p2a: Great Tusk|Protosynthesis|[silent]
|switch|p2a: Ninetales|Ninetales, M|100/100
|-weather|SunnyDay|[from] ability: Drought|[of] p2a: Ninetales
|move|p1a: Corviknight|Body Press|p2a: Ninetales
|-damage|p2a: Ninetales|71/100
|
|-weather|SunnyDay|[upkeep]
|upkeep
|turn|17
|
|t:|1781159374
|move|p2a: Ninetales|Will-O-Wisp|p1a: Corviknight
|-status|p1a: Corviknight|brn
|move|p1a: Corviknight|Defog|p2a: Ninetales
|-unboost|p2a: Ninetales|evasion|1
|-sideend|p1: LT_Alt1|Stealth Rock|[from] move: Defog|[of] p1a: Corviknight
|
|-weather|SunnyDay|[upkeep]
|-damage|p1a: Corviknight|78/100 brn|[from] brn
|upkeep
|turn|18
|
|t:|1781159380
|switch|p2a: Cresselia|Cresselia, F|62/100
|switch|p1a: Hatterene|Hatterene, F|100/100
|
|-weather|SunnyDay|[upkeep]
|upkeep
|turn|19
|
|t:|1781159388
|move|p2a: Cresselia|Moonblast|p1a: Hatterene
|-damage|p1a: Hatterene|84/100
|move|p1a: Hatterene|Nuzzle|p2a: Cresselia
|-damage|p2a: Cresselia|60/100
|-status|p2a: Cresselia|par
|
|-weather|SunnyDay|[upkeep]
|-heal|p1a: Hatterene|90/100|[from] item: Leftovers
|upkeep
|turn|20
|
|t:|1781159395
|switch|p1a: Raging Bolt|Raging Bolt, tera:Steel|72/100
|-activate|p1a: Raging Bolt|ability: Protosynthesis
|-start|p1a: Raging Bolt|protosynthesisspa
|move|p2a: Cresselia|Lunar Dance|p2a: Cresselia
|faint|p2a: Cresselia
|
|-weather|SunnyDay|[upkeep]
|upkeep
|
|t:|1781159397
|switch|p2a: Iron Moth|Iron Moth|2/100
|-heal|p2a: Iron Moth|100/100|[from] move: Lunar Dance
|turn|21
|
|t:|1781159400
|move|p2a: Iron Moth|Fiery Dance|p1a: Raging Bolt
|-supereffective|p1a: Raging Bolt
|-damage|p1a: Raging Bolt|6/100
|-boost|p2a: Iron Moth|spa|1
|move|p1a: Raging Bolt|Draco Meteor|p2a: Iron Moth
|-damage|p2a: Iron Moth|7/100
|-unboost|p1a: Raging Bolt|spa|2
|
|-weather|SunnyDay|[upkeep]
|upkeep
|turn|22
|
|t:|1781159416
|-end|p2a: Iron Moth|Quark Drive|[silent]
|switch|p2a: Great Tusk|Great Tusk|55/100
|-activate|p2a: Great Tusk|ability: Protosynthesis
|-start|p2a: Great Tusk|protosynthesisatk
|move|p1a: Raging Bolt|Thunderclap||[still]
|-fail|p1a: Raging Bolt
|
|-weather|SunnyDay|[upkeep]
|upkeep
|turn|23
|
|t:|1781159421
|-end|p1a: Raging Bolt|Protosynthesis|[silent]
|switch|p1a: Hatterene|Hatterene, F|90/100
|move|p2a: Great Tusk|Rapid Spin|p1a: Hatterene
|-damage|p1a: Hatterene|67/100
|-boost|p2a: Great Tusk|spe|1
|
|-weather|none
|-end|p2a: Great Tusk|Protosynthesis
|-heal|p1a: Hatterene|73/100|[from] item: Leftovers
|upkeep
|turn|24
|
|t:|1781159429
|-end|p2a: Great Tusk|Protosynthesis|[silent]
|switch|p2a: Ninetales|Ninetales, M|71/100
|-weather|SunnyDay|[from] ability: Drought|[of] p2a: Ninetales
|move|p1a: Hatterene|Dazzling Gleam|p2a: Ninetales
|-resisted|p2a: Ninetales
|-damage|p2a: Ninetales|53/100
|
|-weather|SunnyDay|[upkeep]
|-heal|p1a: Hatterene|79/100|[from] item: Leftovers
|upkeep
|turn|25
|
|t:|1781159443
|move|p2a: Ninetales|Flamethrower|p1a: Hatterene
|-damage|p1a: Hatterene|41/100
|-status|p1a: Hatterene|brn
|move|p1a: Hatterene|Nuzzle|p2a: Ninetales
|-damage|p2a: Ninetales|51/100
|-status|p2a: Ninetales|par
|
|-weather|SunnyDay|[upkeep]
|-heal|p1a: Hatterene|47/100 brn|[from] item: Leftovers
|-damage|p1a: Hatterene|41/100 brn|[from] brn
|upkeep
|turn|26
|
|t:|1781159454
|cant|p2a: Ninetales|par
|move|p1a: Hatterene|Pain Split|p2a: Ninetales
|-sethp|p2a: Ninetales|42/100 par|[from] move: Pain Split|[silent]
|-sethp|p1a: Hatterene|52/100 brn|[from] move: Pain Split
|
|-weather|SunnyDay|[upkeep]
|-heal|p1a: Hatterene|57/100 brn|[from] item: Leftovers
|-damage|p1a: Hatterene|52/100 brn|[from] brn
|upkeep
|turn|27
|
|t:|1781159463
|move|p2a: Ninetales|Healing Wish|p2a: Ninetales
|faint|p2a: Ninetales
|move|p1a: Hatterene|Psyshock|p2: Ninetales|[notarget]
|-fail|p1a: Hatterene
|
|-weather|SunnyDay|[upkeep]
|-heal|p1a: Hatterene|57/100 brn|[from] item: Leftovers
|-damage|p1a: Hatterene|52/100 brn|[from] brn
|upkeep
|
|t:|1781159470
|switch|p2a: Iron Moth|Iron Moth|7/100
|-heal|p2a: Iron Moth|100/100|[from] move: Healing Wish
|turn|28
|
|t:|1781159474
|move|p2a: Iron Moth|Fiery Dance|p1a: Hatterene
|-damage|p1a: Hatterene|0 fnt
|-boost|p2a: Iron Moth|spa|1
|faint|p1a: Hatterene
|
|-weather|SunnyDay|[upkeep]
|upkeep
|
|t:|1781159478
|switch|p1a: Kyurem|Kyurem|100/100
|-ability|p1a: Kyurem|Pressure
|turn|29
|
|t:|1781159491
|-terastallize|p2a: Iron Moth|Fairy
|move|p2a: Iron Moth|Dazzling Gleam|p1a: Kyurem
|-supereffective|p1a: Kyurem
|-damage|p1a: Kyurem|0 fnt
|faint|p1a: Kyurem
|
|-weather|SunnyDay|[upkeep]
|upkeep
|-message|LT_Alt1 forfeited.
|
|win|kingofdondons
|raw|LT_Alt1's rating: 1735 &rarr; <strong>1707</strong><br />(-28 for losing)
|raw|kingofdondons's rating: 1593 &rarr; <strong>1621</strong><br />(+28 for winning)
|l|‽LT_Alt1
|player|p1|
|j| kanaete onegai
