|j|☆cenotaphs
|j|‽alakazam darnold
|t:|1781104031
|gametype|singles
|player|p1|cenotaphs|lady|1509
|player|p2|alakazam darnold|li|1525
|gen|9
|tier|[Gen 9] OU
|rated|
|rule|HP Percentage Mod: HP is shown in percentages
|rule|Endless Battle Clause: Forcing endless battles is banned
|rule|Species Clause: Limit one of each Pokémon
|rule|OHKO Clause: OHKO moves are banned
|rule|Evasion Items Clause: Evasion items are banned
|rule|Evasion Moves Clause: Evasion moves are banned
|rule|Evasion Abilities Clause: Evasion abilities are banned
|rule|Sleep Moves Clause: Sleep-inducing moves are banned
|clearpoke
|poke|p1|Cresselia, F|
|poke|p1|Iron Treads|
|poke|p1|Scizor, M|
|poke|p1|Ting-Lu|
|poke|p1|Enamorus, F|
|poke|p1|Pecharunt|
|poke|p2|Tauros, M|
|poke|p2|Kyurem|
|poke|p2|Cinderace, M|
|poke|p2|Mandibuzz, F|
|poke|p2|Slowking-Galar, M|
|poke|p2|Great Tusk|
|teampreview
|inactive|Battle timer is ON: inactive players will automatically lose when time's up. (requested by cenotaphs)
|
|t:|1781104047
|teamsize|p1|6
|teamsize|p2|6
|start
|switch|p1a: ▬▬ι══════ﺤ|Scizor, M, shiny|100/100
|switch|p2a: Slowking|Slowking-Galar, M|100/100
|turn|1
|
|t:|1781104052
|switch|p2a: Mandibuzz|Mandibuzz, F|100/100
|move|p1a: ▬▬ι══════ﺤ|Knock Off|p2a: Mandibuzz
|-resisted|p2a: Mandibuzz
|-damage|p2a: Mandibuzz|86/100
|-damage|p1a: ▬▬ι══════ﺤ|84/100|[from] item: Rocky Helmet|[of] p2a: Mandibuzz
|-enditem|p2a: Mandibuzz|Rocky Helmet|[from] move: Knock Off|[of] p1a: ▬▬ι══════ﺤ
|
|upkeep
|turn|2
|
|t:|1781104056
|switch|p1a: ㊊ Ξ愛愛愛|Enamorus, F|100/100
|move|p2a: Mandibuzz|Foul Play|p1a: ㊊ Ξ愛愛愛
|-resisted|p1a: ㊊ Ξ愛愛愛
|-damage|p1a: ㊊ Ξ愛愛愛|76/100
|
|upkeep
|turn|3
|
|t:|1781104063
|switch|p2a: Slowking|Slowking-Galar, M|100/100
|move|p1a: ㊊ Ξ愛愛愛|Moonblast|p2a: Slowking
|-resisted|p2a: Slowking
|-damage|p2a: Slowking|85/100
|
|upkeep
|turn|4
|
|t:|1781104067
|switch|p1a: €€€€€€€€€€€€€|Ting-Lu, shiny|100/100
|-ability|p1a: €€€€€€€€€€€€€|Vessel of Ruin
|move|p2a: Slowking|Flamethrower|p1a: €€€€€€€€€€€€€
|-crit|p1a: €€€€€€€€€€€€€
|-damage|p1a: €€€€€€€€€€€€€|83/100
|
|-heal|p1a: €€€€€€€€€€€€€|89/100|[from] item: Leftovers
|upkeep
|turn|5
|
|t:|1781104077
|switch|p2a: Kyurem|Kyurem|100/100
|-ability|p2a: Kyurem|Pressure
|move|p1a: €€€€€€€€€€€€€|Earthquake|p2a: Kyurem
|-damage|p2a: Kyurem|75/100
|
|-heal|p1a: €€€€€€€€€€€€€|95/100|[from] item: Leftovers
|upkeep
|turn|6
|
|t:|1781104086
|switch|p1a: ▬▬ι══════ﺤ|Scizor, M, shiny|84/100
|move|p2a: Kyurem|Ice Beam|p1a: ▬▬ι══════ﺤ
|-resisted|p1a: ▬▬ι══════ﺤ
|-crit|p1a: ▬▬ι══════ﺤ
|-damage|p1a: ▬▬ι══════ﺤ|46/100
|
|upkeep
|turn|7
|
|t:|1781104094
|switch|p2a: Mandibuzz|Mandibuzz, F|86/100
|move|p1a: ▬▬ι══════ﺤ|U-turn|p2a: Mandibuzz
|-damage|p2a: Mandibuzz|52/100
|
|t:|1781104102
|switch|p1a: 憎悪と恐怖|Pecharunt|100/100|[from] U-turn
|-item|p1a: 憎悪と恐怖|Air Balloon
|
|upkeep
|turn|8
|
|t:|1781104105
|move|p1a: 憎悪と恐怖|Malignant Chain|p2a: Mandibuzz
|-damage|p2a: Mandibuzz|25/100
|-status|p2a: Mandibuzz|tox
|-start|p2a: Mandibuzz|confusion|[from] ability: Poison Puppeteer|[of] p1a: 憎悪と恐怖
|-activate|p2a: Mandibuzz|confusion
|move|p2a: Mandibuzz|Foul Play|p1a: 憎悪と恐怖
|-supereffective|p1a: 憎悪と恐怖
|-damage|p1a: 憎悪と恐怖|78/100
|-enditem|p1a: 憎悪と恐怖|Air Balloon
|
|-damage|p2a: Mandibuzz|19/100 tox|[from] psn
|upkeep
|turn|9
|
|t:|1781104111
|switch|p2a: Slowking|Slowking-Galar, M|100/100
|move|p1a: 憎悪と恐怖|Parting Shot|p2a: Slowking
|-unboost|p2a: Slowking|atk|1
|-unboost|p2a: Slowking|spa|1
|
|t:|1781104114
|switch|p1a: ▬▬ι══════ﺤ|Scizor, M, shiny|46/100|[from] Parting Shot
|
|upkeep
|turn|10
|
|t:|1781104119
|switch|p2a: Mandibuzz|Mandibuzz, F|19/100 tox
|move|p1a: ▬▬ι══════ﺤ|U-turn|p2a: Mandibuzz
|-damage|p2a: Mandibuzz|0 fnt
|faint|p2a: Mandibuzz
|
|t:|1781104122
|switch|p1a: €€€€€€€€€€€€€|Ting-Lu, shiny|95/100|[from] U-turn
|-ability|p1a: €€€€€€€€€€€€€|Vessel of Ruin
|
|-heal|p1a: €€€€€€€€€€€€€|100/100|[from] item: Leftovers
|upkeep
|
|t:|1781104133
|switch|p2a: Great Tusk|Great Tusk|100/100
|-enditem|p2a: Great Tusk|Booster Energy
|-activate|p2a: Great Tusk|ability: Protosynthesis|[fromitem]
|-start|p2a: Great Tusk|protosynthesisspe
|turn|11
|
|t:|1781104138
|move|p2a: Great Tusk|Bulk Up|p2a: Great Tusk
|-boost|p2a: Great Tusk|atk|1
|-boost|p2a: Great Tusk|def|1
|move|p1a: €€€€€€€€€€€€€|Whirlwind|p2a: Great Tusk
|-end|p2a: Great Tusk|Protosynthesis|[silent]
|drag|p2a: Kyurem|Kyurem|75/100
|-ability|p2a: Kyurem|Pressure
|
|upkeep
|turn|12
|
|t:|1781104147
|switch|p1a: 𝄞𝄢°❀⋆.ೃ࿔*:･|Cresselia, F, shiny|100/100
|move|p2a: Kyurem|Ice Beam|p1a: 𝄞𝄢°❀⋆.ೃ࿔*:･
|-damage|p1a: 𝄞𝄢°❀⋆.ೃ࿔*:･|73/100
|
|-heal|p1a: 𝄞𝄢°❀⋆.ೃ࿔*:･|79/100|[from] item: Leftovers
|upkeep
|turn|13
|
|t:|1781104155
|move|p2a: Kyurem|Ice Beam|p1a: 𝄞𝄢°❀⋆.ೃ࿔*:･
|-damage|p1a: 𝄞𝄢°❀⋆.ೃ࿔*:･|52/100
|move|p1a: 𝄞𝄢°❀⋆.ೃ࿔*:･|Calm Mind|p1a: 𝄞𝄢°❀⋆.ೃ࿔*:･
|-boost|p1a: 𝄞𝄢°❀⋆.ೃ࿔*:･|spa|1
|-boost|p1a: 𝄞𝄢°❀⋆.ೃ࿔*:･|spd|1
|
|-heal|p1a: 𝄞𝄢°❀⋆.ೃ࿔*:･|58/100|[from] item: Leftovers
|upkeep
|turn|14
|
|t:|1781104158
|move|p2a: Kyurem|Ice Beam|p1a: 𝄞𝄢°❀⋆.ೃ࿔*:･
|-crit|p1a: 𝄞𝄢°❀⋆.ೃ࿔*:･
|-damage|p1a: 𝄞𝄢°❀⋆.ೃ࿔*:･|21/100
|-status|p1a: 𝄞𝄢°❀⋆.ೃ࿔*:･|frz
|cant|p1a: 𝄞𝄢°❀⋆.ೃ࿔*:･|frz
|
|-heal|p1a: 𝄞𝄢°❀⋆.ೃ࿔*:･|28/100 frz|[from] item: Leftovers
|upkeep
|turn|15
|
|t:|1781104161
|move|p2a: Kyurem|Ice Beam|p1a: 𝄞𝄢°❀⋆.ೃ࿔*:･
|-damage|p1a: 𝄞𝄢°❀⋆.ೃ࿔*:･|9/100 frz
|cant|p1a: 𝄞𝄢°❀⋆.ೃ࿔*:･|frz
|
|-heal|p1a: 𝄞𝄢°❀⋆.ೃ࿔*:･|15/100 frz|[from] item: Leftovers
|upkeep
|turn|16
|
|t:|1781104168
|move|p2a: Kyurem|Ice Beam|p1a: 𝄞𝄢°❀⋆.ೃ࿔*:･
|-damage|p1a: 𝄞𝄢°❀⋆.ೃ࿔*:･|0 fnt
|faint|p1a: 𝄞𝄢°❀⋆.ೃ࿔*:･
|
|upkeep
|
|t:|1781104171
|switch|p1a: ▬▬ι══════ﺤ|Scizor, M, shiny|46/100
|turn|17
|
|t:|1781104177
|switch|p2a: Great Tusk|Great Tusk|100/100
|move|p1a: ▬▬ι══════ﺤ|Bullet Punch|p2a: Great Tusk
|-crit|p2a: Great Tusk
|-damage|p2a: Great Tusk|53/100
|
|upkeep
|turn|18
|
|t:|1781104182
|switch|p1a: ㊊ Ξ愛愛愛|Enamorus, F|76/100
|move|p2a: Great Tusk|Bulk Up|p2a: Great Tusk
|-boost|p2a: Great Tusk|atk|1
|-boost|p2a: Great Tusk|def|1
|
|upkeep
|turn|19
|
|t:|1781104187
|-terastallize|p2a: Great Tusk|Poison
|move|p1a: ㊊ Ξ愛愛愛|Moonblast|p2a: Great Tusk
|-resisted|p2a: Great Tusk
|-damage|p2a: Great Tusk|18/100
|move|p2a: Great Tusk|Ice Spinner|p1a: ㊊ Ξ愛愛愛
|-supereffective|p1a: ㊊ Ξ愛愛愛
|-damage|p1a: ㊊ Ξ愛愛愛|0 fnt
|faint|p1a: ㊊ Ξ愛愛愛
|
|upkeep
|
|t:|1781104196
|switch|p1a: ↂ⑳ↂ ㈨|Iron Treads, shiny|100/100
|turn|20
|
|t:|1781104204
|move|p1a: ↂ⑳ↂ ㈨|Earthquake|p2a: Great Tusk
|-supereffective|p2a: Great Tusk
|-damage|p2a: Great Tusk|0 fnt
|faint|p2a: Great Tusk
|-end|p2a: Great Tusk|Protosynthesis|[silent]
|
|upkeep
|
|t:|1781104207
|switch|p2a: Cinderace|Cinderace, M|100/100
|turn|21
|
|t:|1781104211
|-end|p1a: ↂ⑳ↂ ㈨|Quark Drive|[silent]
|switch|p1a: €€€€€€€€€€€€€|Ting-Lu, shiny|100/100
|-ability|p1a: €€€€€€€€€€€€€|Vessel of Ruin
|move|p2a: Cinderace|Pyro Ball|p1a: €€€€€€€€€€€€€
|-damage|p1a: €€€€€€€€€€€€€|68/100
|
|-heal|p1a: €€€€€€€€€€€€€|75/100|[from] item: Leftovers
|upkeep
|turn|22
|
|t:|1781104215
|move|p2a: Cinderace|U-turn|p1a: €€€€€€€€€€€€€
|-supereffective|p1a: €€€€€€€€€€€€€
|-damage|p1a: €€€€€€€€€€€€€|48/100
|
|t:|1781104218
|switch|p2a: Kyurem|Kyurem|75/100|[from] U-turn
|-ability|p2a: Kyurem|Pressure
|move|p1a: €€€€€€€€€€€€€|Stealth Rock|p2a: Kyurem
|-sidestart|p2: alakazam darnold|move: Stealth Rock
|
|-heal|p1a: €€€€€€€€€€€€€|54/100|[from] item: Leftovers
|upkeep
|turn|23
|
|t:|1781104223
|move|p2a: Kyurem|Ice Beam|p1a: €€€€€€€€€€€€€
|-supereffective|p1a: €€€€€€€€€€€€€
|-damage|p1a: €€€€€€€€€€€€€|23/100
|move|p1a: €€€€€€€€€€€€€|Earthquake|p2a: Kyurem
|-damage|p2a: Kyurem|48/100
|
|-heal|p1a: €€€€€€€€€€€€€|29/100|[from] item: Leftovers
|upkeep
|turn|24
|
|t:|1781104227
|move|p2a: Kyurem|Ice Beam|p1a: €€€€€€€€€€€€€
|-supereffective|p1a: €€€€€€€€€€€€€
|-damage|p1a: €€€€€€€€€€€€€|0 fnt
|faint|p1a: €€€€€€€€€€€€€
|
|upkeep
|
|t:|1781104230
|switch|p1a: ▬▬ι══════ﺤ|Scizor, M, shiny|46/100
|turn|25
|
|t:|1781104235
|move|p1a: ▬▬ι══════ﺤ|Bullet Punch|p2a: Kyurem
|-supereffective|p2a: Kyurem
|-damage|p2a: Kyurem|0 fnt
|faint|p2a: Kyurem
|
|upkeep
|
|t:|1781104238
|switch|p2a: Cinderace|Cinderace, M|100/100
|turn|26
|
|t:|1781104241
|switch|p1a: 憎悪と恐怖|Pecharunt|78/100
|move|p2a: Cinderace|Court Change|p2a: Cinderace
|-swapsideconditions
|-activate|p2a: Cinderace|move: Court Change
|
|upkeep
|turn|27
|
|t:|1781104250
|switch|p2a: Slowking|Slowking-Galar, M|100/100
|move|p1a: 憎悪と恐怖|Shadow Ball|p2a: Slowking
|-supereffective|p2a: Slowking
|-damage|p2a: Slowking|76/100
|-unboost|p2a: Slowking|spd|1
|
|upkeep
|turn|28
|
|t:|1781104254
|move|p1a: 憎悪と恐怖|Shadow Ball|p2a: Slowking
|-supereffective|p2a: Slowking
|-damage|p2a: Slowking|38/100
|move|p2a: Slowking|Psychic Noise|p1a: 憎悪と恐怖
|-supereffective|p1a: 憎悪と恐怖
|-damage|p1a: 憎悪と恐怖|7/100
|-start|p1a: 憎悪と恐怖|move: Heal Block
|
|upkeep
|turn|29
|
|t:|1781104263
|move|p1a: 憎悪と恐怖|Malignant Chain|p2a: Slowking
|-resisted|p2a: Slowking
|-damage|p2a: Slowking|26/100
|move|p2a: Slowking|Psychic Noise|p1a: 憎悪と恐怖
|-supereffective|p1a: 憎悪と恐怖
|-damage|p1a: 憎悪と恐怖|0 fnt
|faint|p1a: 憎悪と恐怖
|
|upkeep
|
|t:|1781104265
|switch|p1a: ↂ⑳ↂ ㈨|Iron Treads, shiny|100/100
|-damage|p1a: ↂ⑳ↂ ㈨|97/100|[from] Stealth Rock
|turn|30
|
|t:|1781104274
|move|p1a: ↂ⑳ↂ ㈨|Rapid Spin|p2a: Slowking
|-damage|p2a: Slowking|8/100
|-boost|p1a: ↂ⑳ↂ ㈨|spe|1
|-sideend|p1: cenotaphs|Stealth Rock|[from] move: Rapid Spin|[of] p1a: ↂ⑳ↂ ㈨
|move|p2a: Slowking|Flamethrower|p1a: ↂ⑳ↂ ㈨
|-supereffective|p1a: ↂ⑳ↂ ㈨
|-damage|p1a: ↂ⑳ↂ ㈨|37/100
|
|upkeep
|turn|31
|
|t:|1781104281
|move|p1a: ↂ⑳ↂ ㈨|Rapid Spin|p2a: Slowking
|-damage|p2a: Slowking|0 fnt
|-boost|p1a: ↂ⑳ↂ ㈨|spe|1
|faint|p2a: Slowking
|
|upkeep
|
|t:|1781104283
|switch|p2a: Tauros|Tauros, M|100/100
|turn|32
|
|t:|1781104290
|move|p1a: ↂ⑳ↂ ㈨|Earthquake|p2a: Tauros
|-damage|p2a: Tauros|36/100
|move|p2a: Tauros|Flamethrower|p1a: ↂ⑳ↂ ㈨
|-supereffective|p1a: ↂ⑳ↂ ㈨
|-damage|p1a: ↂ⑳ↂ ㈨|0 fnt
|faint|p1a: ↂ⑳ↂ ㈨
|-end|p1a: ↂ⑳ↂ ㈨|Quark Drive|[silent]
|
|upkeep
|
|t:|1781104292
|switch|p1a: ▬▬ι══════ﺤ|Scizor, M, shiny|46/100
|turn|33
|
|t:|1781104295
|move|p1a: ▬▬ι══════ﺤ|Bullet Punch|p2a: Tauros
|-damage|p2a: Tauros|0 fnt
|faint|p2a: Tauros
|
|upkeep
|
|t:|1781104297
|switch|p2a: Cinderace|Cinderace, M|100/100
|turn|34
|
|t:|1781104299
|-terastallize|p1a: ▬▬ι══════ﺤ|Steel
|move|p1a: ▬▬ι══════ﺤ|Bullet Punch|p2a: Cinderace
|-resisted|p2a: Cinderace
|-damage|p2a: Cinderace|51/100
|move|p2a: Cinderace|Pyro Ball|p1a: ▬▬ι══════ﺤ
|-supereffective|p1a: ▬▬ι══════ﺤ
|-damage|p1a: ▬▬ι══════ﺤ|0 fnt
|faint|p1a: ▬▬ι══════ﺤ
|
|win|alakazam darnold
|raw|cenotaphs's rating: 1529 &rarr; <strong>1509</strong><br />(-20 for losing)
|raw|alakazam darnold's rating: 1525 &rarr; <strong>1545</strong><br />(+20 for winning)
|l|☆cenotaphs
|player|p1|
|l|‽alakazam darnold
|player|p2|
