|j|☆RoryAnimatez
|j|☆jd2sleepy
|t:|1781476982
|gametype|singles
|player|p1|RoryAnimatez|lucas-gen4pt|1599
|player|p2|jd2sleepy|blackbelt-gen4dp|1668
|gen|9
|tier|[Gen 9] OU
|rated|
|rule|HP Percentage Mod: HP is shown in percentages
|rule|Endless Battle Clause: Forcing endless battles is banned
|rule|Species Clause: Limit one of each Pokémon
|rule|OHKO Clause: OHKO moves are banned
|rule|Evasion Items Clause: Evasion items are banned
|rule|Evasion Moves Clause: Evasion moves are banned
|rule|Evasion Abilities Clause: Evasion abilities are banned
|rule|Sleep Moves Clause: Sleep-inducing moves are banned
|clearpoke
|poke|p1|Alomomola, M|
|poke|p1|Landorus-Therian, M|
|poke|p1|Slowking-Galar, F|
|poke|p1|Dragapult, M|
|poke|p1|Darkrai|
|poke|p1|Scizor, M|
|poke|p2|Dragalge, M|
|poke|p2|Zapdos|
|poke|p2|Lokix, F|
|poke|p2|Alomomola, L99, M|
|poke|p2|Great Tusk|
|poke|p2|Pecharunt|
|teampreview
|
|t:|1781476989
|teamsize|p1|6
|teamsize|p2|6
|start
|switch|p1a: Alomomola|Alomomola, M|100/100
|switch|p2a: Alomomola Bar|Alomomola, L99, M, shiny|100/100
|turn|1
|
|t:|1781476997
|move|p1a: Alomomola|Flip Turn|p2a: Alomomola Bar
|-resisted|p2a: Alomomola Bar
|-damage|p2a: Alomomola Bar|94/100
|
|t:|1781477003
|switch|p1a: Dragapult|Dragapult, M|100/100|[from] Flip Turn
|move|p2a: Alomomola Bar|Flip Turn|p1a: Dragapult
|-resisted|p1a: Dragapult
|-damage|p1a: Dragapult|90/100
|
|t:|1781477007
|switch|p2a: Lotwix|Lokix, F, shiny|100/100|[from] Flip Turn
|
|upkeep
|turn|2
|
|t:|1781477012
|switch|p1a: Alomomola|Alomomola, M|100/100
|switch|p2a: Alomomola Bar|Alomomola, L99, M, shiny|100/100
|
|upkeep
|turn|3
|
|t:|1781477017
|move|p1a: Alomomola|Wish|p1a: Alomomola
|move|p2a: Alomomola Bar|Flip Turn|p1a: Alomomola
|-resisted|p1a: Alomomola
|-damage|p1a: Alomomola|96/100
|-damage|p2a: Alomomola Bar|84/100|[from] item: Rocky Helmet|[of] p1a: Alomomola
|
|t:|1781477020
|switch|p2a: Dragalge|Dragalge, M, shiny|100/100|[from] Flip Turn
|
|upkeep
|turn|4
|
|t:|1781477027
|switch|p1a: Slowking|Slowking-Galar, F|100/100
|move|p2a: Dragalge|Dragon Pulse|p1a: Slowking
|-damage|p1a: Slowking|73/100
|
|-heal|p1a: Slowking|100/100|[from] move: Wish|[wisher] Alomomola
|upkeep
|turn|5
|
|t:|1781477042
|switch|p2a: Alomomola Bar|Alomomola, L99, M, shiny|100/100
|move|p1a: Slowking|Psychic|p2a: Alomomola Bar
|-damage|p2a: Alomomola Bar|77/100
|
|upkeep
|turn|6
|
|t:|1781477054
|switch|p1a: Alomomola|Alomomola, M|100/100
|move|p2a: Alomomola Bar|Flip Turn|p1a: Alomomola
|-resisted|p1a: Alomomola
|-damage|p1a: Alomomola|97/100
|-damage|p2a: Alomomola Bar|61/100|[from] item: Rocky Helmet|[of] p1a: Alomomola
|
|t:|1781477060
|switch|p2a: Dragalge|Dragalge, M, shiny|100/100|[from] Flip Turn
|
|upkeep
|turn|7
|
|t:|1781477067
|switch|p2a: Lotwix|Lokix, F, shiny|100/100
|switch|p1a: Slowking|Slowking-Galar, F|100/100
|
|upkeep
|turn|8
|
|t:|1781477072
|switch|p1a: Alomomola|Alomomola, M|100/100
|move|p2a: Lotwix|Knock Off|p1a: Alomomola
|-damage|p1a: Alomomola|63/100
|-damage|p2a: Lotwix|84/100|[from] item: Rocky Helmet|[of] p1a: Alomomola
|-enditem|p1a: Alomomola|Rocky Helmet|[from] move: Knock Off|[of] p2a: Lotwix
|
|upkeep
|turn|9
|
|t:|1781477079
|switch|p2a: Alomomola Bar|Alomomola, L99, M, shiny|94/100
|move|p1a: Alomomola|Flip Turn|p2a: Alomomola Bar
|-resisted|p2a: Alomomola Bar
|-damage|p2a: Alomomola Bar|87/100
|
|t:|1781477088
|switch|p1a: Darkrai|Darkrai|100/100|[from] Flip Turn
|
|upkeep
|turn|10
|
|t:|1781477093
|move|p1a: Darkrai|Nasty Plot|p1a: Darkrai
|-boost|p1a: Darkrai|spa|2
|move|p2a: Alomomola Bar|Flip Turn|p1a: Darkrai
|-damage|p1a: Darkrai|81/100
|
|t:|1781477095
|switch|p2a: Lotwix|Lokix, F, shiny|84/100|[from] Flip Turn
|
|upkeep
|turn|11
|
|t:|1781477102
|switch|p1a: Alomomola|Alomomola, M|97/100
|move|p2a: Lotwix|First Impression|p1a: Alomomola
|-damage|p1a: Alomomola|65/100
|
|upkeep
|turn|12
|
|t:|1781477109
|switch|p2a: Alomomola Bar|Alomomola, L99, M, shiny|100/100
|move|p1a: Alomomola|Scald|p2a: Alomomola Bar
|-resisted|p2a: Alomomola Bar
|-damage|p2a: Alomomola Bar|97/100
|
|upkeep
|turn|13
|
|t:|1781477116
|move|p1a: Alomomola|Wish|p1a: Alomomola
|move|p2a: Alomomola Bar|Flip Turn|p1a: Alomomola
|-resisted|p1a: Alomomola
|-damage|p1a: Alomomola|61/100
|
|t:|1781477119
|switch|p2a: Dragalge|Dragalge, M, shiny|100/100|[from] Flip Turn
|
|upkeep
|turn|14
|
|t:|1781477128
|switch|p1a: Slowking|Slowking-Galar, F|100/100
|move|p2a: Dragalge|Dragon Pulse|p1a: Slowking
|-damage|p1a: Slowking|72/100
|
|-heal|p1a: Slowking|100/100|[from] move: Wish|[wisher] Alomomola
|upkeep
|turn|15
|
|t:|1781477135
|switch|p2a: Alomomola Bar|Alomomola, L99, M, shiny|100/100
|switch|p1a: Landorus|Landorus-Therian, M|100/100
|-ability|p1a: Landorus|Intimidate|boost
|-unboost|p2a: Alomomola Bar|atk|1
|
|upkeep
|turn|16
|
|t:|1781477144
|move|p1a: Landorus|Earthquake|p2a: Alomomola Bar
|-damage|p2a: Alomomola Bar|53/100
|move|p2a: Alomomola Bar|Body Slam|p1a: Landorus
|-damage|p1a: Landorus|92/100
|-status|p1a: Landorus|par
|
|-heal|p1a: Landorus|98/100 par|[from] item: Leftovers
|upkeep
|turn|17
|
|t:|1781477153
|move|p2a: Alomomola Bar|Flip Turn|p1a: Landorus
|-supereffective|p1a: Landorus
|-damage|p1a: Landorus|76/100 par
|
|t:|1781477157
|switch|p2a: Zap Tap|Zapdos, shiny|100/100|[from] Flip Turn
|-ability|p2a: Zap Tap|Pressure
|move|p1a: Landorus|Earthquake|p2a: Zap Tap
|-immune|p2a: Zap Tap
|
|-heal|p1a: Landorus|82/100 par|[from] item: Leftovers
|upkeep
|turn|18
|
|t:|1781477168
|switch|p1a: Slowking|Slowking-Galar, F|100/100
|move|p2a: Zap Tap|Hurricane|p1a: Slowking
|-damage|p1a: Slowking|78/100
|
|upkeep
|turn|19
|
|t:|1781477190
|move|p2a: Zap Tap|Volt Switch|p1a: Slowking
|-damage|p1a: Slowking|63/100
|
|t:|1781477194
|switch|p2a: Alomomola Bar|Alomomola, L99, M, shiny|87/100|[from] Volt Switch
|move|p1a: Slowking|Sludge Wave|p2a: Alomomola Bar
|-damage|p2a: Alomomola Bar|64/100
|
|upkeep
|turn|20
|
|t:|1781477206
|switch|p1a: Alomomola|Alomomola, M|94/100
|move|p2a: Alomomola Bar|Flip Turn|p1a: Alomomola
|-resisted|p1a: Alomomola
|-damage|p1a: Alomomola|90/100
|
|t:|1781477210
|switch|p2a: Dragalge|Dragalge, M, shiny|100/100|[from] Flip Turn
|
|upkeep
|turn|21
|
|t:|1781477219
|switch|p1a: Slowking|Slowking-Galar, F|96/100
|move|p2a: Dragalge|Draco Meteor|p1a: Slowking
|-damage|p1a: Slowking|51/100
|-unboost|p2a: Dragalge|spa|2
|
|upkeep
|turn|22
|
|t:|1781477233
|switch|p2a: Alomomola Bar|Alomomola, L99, M, shiny|98/100
|switch|p1a: Darkrai|Darkrai|81/100
|
|upkeep
|turn|23
|
|t:|1781477240
|move|p1a: Darkrai|Ice Beam|p2a: Alomomola Bar
|-resisted|p2a: Alomomola Bar
|-damage|p2a: Alomomola Bar|88/100
|-damage|p1a: Darkrai|71/100|[from] item: Life Orb
|move|p2a: Alomomola Bar|Flip Turn|p1a: Darkrai
|-damage|p1a: Darkrai|51/100
|
|t:|1781477244
|switch|p2a: Lotwix|Lokix, F, shiny|84/100|[from] Flip Turn
|
|upkeep
|turn|24
|
|t:|1781477251
|switch|p1a: Alomomola|Alomomola, M|100/100
|move|p2a: Lotwix|First Impression|p1a: Alomomola
|-damage|p1a: Alomomola|71/100
|
|upkeep
|turn|25
|
|t:|1781477260
|switch|p2a: Alomomola Bar|Alomomola, L99, M, shiny|100/100
|move|p1a: Alomomola|Wish|p1a: Alomomola
|
|upkeep
|turn|26
|
|t:|1781477265
|move|p1a: Alomomola|Flip Turn|p2a: Alomomola Bar
|-resisted|p2a: Alomomola Bar
|-damage|p2a: Alomomola Bar|94/100
|
|t:|1781477269
|switch|p1a: Darkrai|Darkrai|51/100|[from] Flip Turn
|move|p2a: Alomomola Bar|Flip Turn|p1a: Darkrai
|-damage|p1a: Darkrai|31/100
|
|t:|1781477271
|switch|p2a: Lotwix|Lokix, F, shiny|84/100|[from] Flip Turn
|
|-heal|p1a: Darkrai|100/100|[from] move: Wish|[wisher] Alomomola
|upkeep
|turn|27
|
|t:|1781477280
|switch|p1a: Alomomola|Alomomola, M|100/100
|move|p2a: Lotwix|First Impression|p1a: Alomomola
|-damage|p1a: Alomomola|69/100
|
|upkeep
|turn|28
|
|t:|1781477286
|switch|p2a: Alomomola Bar|Alomomola, L99, M, shiny|100/100
|move|p1a: Alomomola|Scald|p2a: Alomomola Bar
|-resisted|p2a: Alomomola Bar
|-damage|p2a: Alomomola Bar|97/100
|
|upkeep
|turn|29
|
|t:|1781477293
|move|p1a: Alomomola|Scald|p2a: Alomomola Bar
|-resisted|p2a: Alomomola Bar
|-damage|p2a: Alomomola Bar|93/100
|-status|p2a: Alomomola Bar|brn
|move|p2a: Alomomola Bar|Flip Turn|p1a: Alomomola
|-resisted|p1a: Alomomola
|-damage|p1a: Alomomola|67/100
|
|t:|1781477302
|switch|p2a: Dragalge|Dragalge, M, shiny|100/100|[from] Flip Turn
|
|upkeep
|turn|30
|
|t:|1781477307
|switch|p2a: Tusk The Great|Great Tusk, shiny|100/100
|switch|p1a: Slowking|Slowking-Galar, F|84/100
|
|upkeep
|turn|31
|
|t:|1781477317
|switch|p1a: Alomomola|Alomomola, M|100/100
|move|p2a: Tusk The Great|Headlong Rush|p1a: Alomomola
|-damage|p1a: Alomomola|68/100
|-unboost|p2a: Tusk The Great|def|1
|-unboost|p2a: Tusk The Great|spd|1
|
|upkeep
|turn|32
|
|t:|1781477332
|-end|p2a: Tusk The Great|Protosynthesis|[silent]
|switch|p2a: Alomomola Bar|Alomomola, L99, M, shiny|100/100 brn
|move|p1a: Alomomola|Flip Turn|p2a: Alomomola Bar
|-resisted|p2a: Alomomola Bar
|-damage|p2a: Alomomola Bar|94/100 brn
|
|t:|1781477340
|switch|p1a: Scizor|Scizor, M|100/100|[from] Flip Turn
|
|-damage|p2a: Alomomola Bar|87/100 brn|[from] brn
|upkeep
|turn|33
|
|t:|1781477346
|switch|p2a: Purple ChainZ|Pecharunt|100/100
|move|p1a: Scizor|Knock Off|p2a: Purple ChainZ
|-supereffective|p2a: Purple ChainZ
|-crit|p2a: Purple ChainZ
|-damage|p2a: Purple ChainZ|56/100
|-damage|p1a: Scizor|84/100|[from] item: Rocky Helmet|[of] p2a: Purple ChainZ
|-enditem|p2a: Purple ChainZ|Rocky Helmet|[from] move: Knock Off|[of] p1a: Scizor
|
|upkeep
|turn|34
|
|t:|1781477356
|switch|p1a: Slowking|Slowking-Galar, F|100/100
|move|p2a: Purple ChainZ|Recover|p2a: Purple ChainZ
|-heal|p2a: Purple ChainZ|100/100
|
|upkeep
|turn|35
|
|t:|1781477362
|move|p2a: Purple ChainZ|Parting Shot|p1a: Slowking
|-unboost|p1a: Slowking|atk|1
|-unboost|p1a: Slowking|spa|1
|
|t:|1781477364
|switch|p2a: Alomomola Bar|Alomomola, L99, M, shiny|100/100 brn|[from] Parting Shot
|move|p1a: Slowking|Psychic|p2a: Alomomola Bar
|-damage|p2a: Alomomola Bar|86/100 brn
|
|-damage|p2a: Alomomola Bar|79/100 brn|[from] brn
|upkeep
|turn|36
|
|t:|1781477372
|switch|p1a: Alomomola|Alomomola, M|100/100
|move|p2a: Alomomola Bar|Flip Turn|p1a: Alomomola
|-resisted|p1a: Alomomola
|-damage|p1a: Alomomola|98/100
|
|t:|1781477375
|switch|p2a: Dragalge|Dragalge, M, shiny|100/100|[from] Flip Turn
|
|upkeep
|turn|37
|
|t:|1781477385
|move|p1a: Alomomola|Protect|p1a: Alomomola
|-singleturn|p1a: Alomomola|Protect
|move|p2a: Dragalge|Dragon Pulse|p1a: Alomomola
|-activate|p1a: Alomomola|move: Protect
|
|upkeep
|turn|38
|
|t:|1781477391
|switch|p2a: Tusk The Great|Great Tusk, shiny|100/100
|switch|p1a: Slowking|Slowking-Galar, F|100/100
|
|upkeep
|turn|39
|
|t:|1781477403
|-terastallize|p1a: Slowking|Fairy
|move|p2a: Tusk The Great|Stealth Rock|p1a: Slowking
|-sidestart|p1: RoryAnimatez|move: Stealth Rock
|move|p1a: Slowking|Psychic|p2a: Tusk The Great
|-supereffective|p2a: Tusk The Great
|-damage|p2a: Tusk The Great|0 fnt
|faint|p2a: Tusk The Great
|-end|p2a: Tusk The Great|Protosynthesis|[silent]
|
|upkeep
|
|t:|1781477410
|switch|p2a: Dragalge|Dragalge, M, shiny|100/100
|turn|40
|
|t:|1781477428
|switch|p1a: Scizor|Scizor, M|84/100
|move|p2a: Dragalge|Focus Blast|p1a: Scizor
|-damage|p1a: Scizor|39/100
|
|upkeep
|turn|41
|
|t:|1781477436
|move|p2a: Dragalge|Focus Blast|p1a: Scizor
|-damage|p1a: Scizor|0 fnt
|faint|p1a: Scizor
|
|upkeep
|
|t:|1781477442
|switch|p1a: Slowking|Slowking-Galar, F, tera:Fairy|100/100
|-damage|p1a: Slowking|88/100|[from] Stealth Rock
|turn|42
|
|t:|1781477448
|move|p2a: Dragalge|Sludge Wave|p1a: Slowking
|-supereffective|p1a: Slowking
|-damage|p1a: Slowking|28/100
|move|p1a: Slowking|Psychic|p2a: Dragalge
|-supereffective|p2a: Dragalge
|-damage|p2a: Dragalge|1/100
|
|upkeep
|turn|43
|
|t:|1781477458
|switch|p1a: Dragapult|Dragapult, M|90/100
|-damage|p1a: Dragapult|78/100|[from] Stealth Rock
|move|p2a: Dragalge|Sludge Wave|p1a: Dragapult
|-resisted|p1a: Dragapult
|-damage|p1a: Dragapult|40/100
|
|upkeep
|turn|44
|
|t:|1781477465
|switch|p2a: Alomomola Bar|Alomomola, L99, M, shiny|100/100 brn
|move|p1a: Dragapult|Shadow Ball|p2a: Alomomola Bar
|-damage|p2a: Alomomola Bar|74/100 brn
|-unboost|p2a: Alomomola Bar|spd|1
|
|-damage|p2a: Alomomola Bar|68/100 brn|[from] brn
|upkeep
|turn|45
|
|t:|1781477475
|move|p1a: Dragapult|Shadow Ball|p2a: Alomomola Bar
|-damage|p2a: Alomomola Bar|26/100 brn
|move|p2a: Alomomola Bar|Flip Turn|p1a: Dragapult
|-resisted|p1a: Dragapult
|-crit|p1a: Dragapult
|-damage|p1a: Dragapult|32/100
|
|t:|1781477479
|switch|p2a: Lotwix|Lokix, F, shiny|84/100|[from] Flip Turn
|
|upkeep
|turn|46
|
|t:|1781477489
|switch|p1a: Alomomola|Alomomola, M|100/100
|-damage|p1a: Alomomola|88/100|[from] Stealth Rock
|move|p2a: Lotwix|U-turn|p1a: Alomomola
|-damage|p1a: Alomomola|63/100
|
|t:|1781477491
|switch|p2a: Dragalge|Dragalge, M, shiny|1/100|[from] U-turn
|
|upkeep
|turn|47
|
|t:|1781477509
|move|p1a: Alomomola|Protect|p1a: Alomomola
|-singleturn|p1a: Alomomola|Protect
|move|p2a: Dragalge|Sludge Wave|p1a: Alomomola
|-activate|p1a: Alomomola|move: Protect
|
|upkeep
|turn|48
|
|t:|1781477543
|switch|p1a: Dragapult|Dragapult, M|32/100
|-damage|p1a: Dragapult|20/100|[from] Stealth Rock
|move|p2a: Dragalge|Sludge Wave|p1a: Dragapult
|-resisted|p1a: Dragapult
|-damage|p1a: Dragapult|0 fnt
|faint|p1a: Dragapult
|
|upkeep
|
|t:|1781477554
|switch|p1a: Darkrai|Darkrai|100/100
|-damage|p1a: Darkrai|88/100|[from] Stealth Rock
|turn|49
|
|t:|1781477565
|switch|p2a: Alomomola Bar|Alomomola, L99, M, shiny|60/100 brn
|move|p1a: Darkrai|Dark Pulse|p2a: Alomomola Bar
|-damage|p2a: Alomomola Bar|33/100 brn
|-damage|p1a: Darkrai|78/100|[from] item: Life Orb
|
|-damage|p2a: Alomomola Bar|26/100 brn|[from] brn
|upkeep
|turn|50
|
|t:|1781477576
|move|p1a: Darkrai|Dark Pulse|p2a: Alomomola Bar
|-damage|p2a: Alomomola Bar|0 fnt
|faint|p2a: Alomomola Bar
|-damage|p1a: Darkrai|68/100|[from] item: Life Orb
|
|upkeep
|
|t:|1781477581
|switch|p2a: Lotwix|Lokix, F, shiny|84/100
|turn|51
|
|t:|1781477585
|switch|p1a: Alomomola|Alomomola, M|96/100
|-damage|p1a: Alomomola|84/100|[from] Stealth Rock
|move|p2a: Lotwix|First Impression|p1a: Alomomola
|-damage|p1a: Alomomola|54/100
|
|upkeep
|turn|52
|
|t:|1781477593
|switch|p2a: Zap Tap|Zapdos, shiny|100/100
|-ability|p2a: Zap Tap|Pressure
|move|p1a: Alomomola|Wish|p1a: Alomomola
|
|upkeep
|turn|53
|
|t:|1781477610
|switch|p1a: Slowking|Slowking-Galar, F, tera:Fairy|61/100
|-damage|p1a: Slowking|49/100|[from] Stealth Rock
|move|p2a: Zap Tap|Volt Switch|p1a: Slowking
|-damage|p1a: Slowking|33/100
|
|t:|1781477612
|switch|p2a: Dragalge|Dragalge, M, shiny|1/100|[from] Volt Switch
|
|-heal|p1a: Slowking|100/100|[from] move: Wish|[wisher] Alomomola
|upkeep
|turn|54
|
|t:|1781477625
|move|p2a: Dragalge|Sludge Wave|p1a: Slowking
|-supereffective|p1a: Slowking
|-damage|p1a: Slowking|35/100
|move|p1a: Slowking|Psychic|p2a: Dragalge
|-supereffective|p2a: Dragalge
|-damage|p2a: Dragalge|0 fnt
|faint|p2a: Dragalge
|
|upkeep
|
|t:|1781477630
|switch|p2a: Zap Tap|Zapdos, shiny|100/100
|-ability|p2a: Zap Tap|Pressure
|turn|55
|
|t:|1781477649
|switch|p1a: Landorus|Landorus-Therian, M|82/100 par
|-damage|p1a: Landorus|69/100 par|[from] Stealth Rock
|-ability|p1a: Landorus|Intimidate|boost
|-unboost|p2a: Zap Tap|atk|1
|move|p2a: Zap Tap|Hurricane|p1a: Landorus
|-damage|p1a: Landorus|23/100 par
|-start|p1a: Landorus|confusion
|
|-heal|p1a: Landorus|29/100 par|[from] item: Leftovers
|upkeep
|turn|56
|
|t:|1781477660
|move|p2a: Zap Tap|Hurricane|p1a: Landorus
|-damage|p1a: Landorus|0 fnt
|faint|p1a: Landorus
|
|upkeep
|
|t:|1781477665
|switch|p1a: Darkrai|Darkrai|68/100
|-damage|p1a: Darkrai|56/100|[from] Stealth Rock
|turn|57
|
|t:|1781477669
|move|p1a: Darkrai|Ice Beam|p2a: Zap Tap
|-supereffective|p2a: Zap Tap
|-damage|p2a: Zap Tap|20/100
|-damage|p1a: Darkrai|46/100|[from] item: Life Orb
|move|p2a: Zap Tap|Volt Switch|p1a: Darkrai
|-crit|p1a: Darkrai
|-damage|p1a: Darkrai|0 fnt
|faint|p1a: Darkrai
|
|t:|1781477673
|switch|p2a: Purple ChainZ|Pecharunt|100/100|[from] Volt Switch
|
|upkeep
|
|t:|1781477684
|switch|p1a: Slowking|Slowking-Galar, F, tera:Fairy|68/100
|-damage|p1a: Slowking|55/100|[from] Stealth Rock
|turn|58
|
|t:|1781477688
|-terastallize|p2a: Purple ChainZ|Dark
|move|p2a: Purple ChainZ|Malignant Chain|p1a: Slowking
|-supereffective|p1a: Slowking
|-damage|p1a: Slowking|23/100
|move|p1a: Slowking|Psychic|p2a: Purple ChainZ
|-immune|p2a: Purple ChainZ
|
|upkeep
|turn|59
|
|t:|1781477696
|switch|p1a: Alomomola|Alomomola, M|88/100
|-damage|p1a: Alomomola|75/100|[from] Stealth Rock
|move|p2a: Purple ChainZ|Malignant Chain|p1a: Alomomola
|-damage|p1a: Alomomola|41/100
|
|upkeep
|turn|60
|
|t:|1781477705
|move|p2a: Purple ChainZ|Malignant Chain|p1a: Alomomola
|-damage|p1a: Alomomola|3/100
|move|p1a: Alomomola|Wish|p1a: Alomomola
|
|upkeep
|turn|61
|
|t:|1781477712
|switch|p1a: Slowking|Slowking-Galar, F, tera:Fairy|57/100
|-damage|p1a: Slowking|44/100|[from] Stealth Rock
|move|p2a: Purple ChainZ|Malignant Chain|p1a: Slowking
|-supereffective|p1a: Slowking
|-damage|p1a: Slowking|9/100
|-status|p1a: Slowking|tox
|-start|p1a: Slowking|confusion|[from] ability: Poison Puppeteer|[of] p2a: Purple ChainZ
|
|-heal|p1a: Slowking|77/100 tox|[from] move: Wish|[wisher] Alomomola
|-damage|p1a: Slowking|71/100 tox|[from] psn
|upkeep
|turn|62
|
|t:|1781477725
|move|p2a: Purple ChainZ|Malignant Chain|p1a: Slowking
|-supereffective|p1a: Slowking
|-damage|p1a: Slowking|40/100 tox
|-activate|p1a: Slowking|confusion
|-damage|p1a: Slowking|34/100 tox|[from] confusion
|
|-damage|p1a: Slowking|22/100 tox|[from] psn
|upkeep
|turn|63
|
|t:|1781477733
|switch|p1a: Alomomola|Alomomola, M|36/100
|-damage|p1a: Alomomola|24/100|[from] Stealth Rock
|move|p2a: Purple ChainZ|Malignant Chain|p1a: Alomomola
|-damage|p1a: Alomomola|0 fnt
|faint|p1a: Alomomola
|
|upkeep
|
|t:|1781477740
|switch|p1a: Slowking|Slowking-Galar, F, tera:Fairy|55/100 tox
|-damage|p1a: Slowking|42/100 tox|[from] Stealth Rock
|turn|64
|
|t:|1781477744
|move|p2a: Purple ChainZ|Malignant Chain|p1a: Slowking
|-supereffective|p1a: Slowking
|-crit|p1a: Slowking
|-damage|p1a: Slowking|0 fnt
|faint|p1a: Slowking
|
|win|jd2sleepy
|raw|RoryAnimatez's rating: 1599 &rarr; <strong>1583</strong><br />(-16 for losing)
|raw|jd2sleepy's rating: 1668 &rarr; <strong>1684</strong><br />(+16 for winning)
|c|☆RoryAnimatez|gg
|c|☆jd2sleepy|Gg
|l|☆jd2sleepy
|player|p2|
|l|☆RoryAnimatez
|player|p1|
