|badge|p2|bronze|gen9ou|100-9
|uhtml|medal-msg|<div class="broadcast-blue">Curious what those medals under the avatar are? PS now has Ladder Seasons! For more information, check out the <a href="https://www.smogon.com/forums/threads/3740067/">thread on Smogon.</a></div>
|j|☆ykykp
|j|☆isaac_gam3r
|t:|1781245318
|gametype|singles
|player|p1|ykykp|1|1756
|player|p2|isaac_gam3r|acetrainer-gen4dp|1800
|gen|9
|tier|[Gen 9] OU
|rated|
|rule|HP Percentage Mod: HP is shown in percentages
|rule|Endless Battle Clause: Forcing endless battles is banned
|rule|Species Clause: Limit one of each Pokémon
|rule|OHKO Clause: OHKO moves are banned
|rule|Evasion Items Clause: Evasion items are banned
|rule|Evasion Moves Clause: Evasion moves are banned
|rule|Evasion Abilities Clause: Evasion abilities are banned
|rule|Sleep Moves Clause: Sleep-inducing moves are banned
|clearpoke
|poke|p1|Iron Valiant|
|poke|p1|Pecharunt|
|poke|p1|Alomomola, F|
|poke|p1|Cinderace, M|
|poke|p1|Zamazenta-*|
|poke|p1|Deoxys-Speed|
|poke|p2|Primarina, F|
|poke|p2|Raging Bolt|
|poke|p2|Heatran, M|
|poke|p2|Weezing-Galar, M|
|poke|p2|Garchomp, M|
|poke|p2|Weavile, M|
|teampreview
|
|t:|1781245324
|teamsize|p1|6
|teamsize|p2|6
|start
|switch|p1a: Deoxys|Deoxys-Speed|100/100
|switch|p2a: Weavile|Weavile, M|100/100
|-ability|p1a: Deoxys|Pressure
|-ability|p2a: Weavile|Pressure
|turn|1
|inactive|Battle timer is ON: inactive players will automatically lose when time's up. (requested by ykykp)
|
|t:|1781245332
|move|p1a: Deoxys|Superpower|p2a: Weavile
|-supereffective|p2a: Weavile
|-enditem|p2a: Weavile|Focus Sash
|-damage|p2a: Weavile|1/100
|-unboost|p1a: Deoxys|atk|1
|-unboost|p1a: Deoxys|def|1
|-damage|p1a: Deoxys|91/100|[from] item: Life Orb
|move|p2a: Weavile|Knock Off|p1a: Deoxys
|-supereffective|p1a: Deoxys
|-damage|p1a: Deoxys|0 fnt
|-enditem|p1a: Deoxys|Life Orb|[from] move: Knock Off|[of] p2a: Weavile
|faint|p1a: Deoxys
|
|upkeep
|
|t:|1781245338
|switch|p1a: Cinderace|Cinderace, M|100/100
|turn|2
|
|t:|1781245353
|switch|p2a: Heatran|Heatran, M|100/100
|move|p1a: Cinderace|U-turn|p2a: Heatran
|-start|p1a: Cinderace|typechange|Bug|[from] ability: Libero
|-resisted|p2a: Heatran
|-damage|p2a: Heatran|93/100
|
|t:|1781245358
|switch|p1a: Zamazenta|Zamazenta|100/100|[from] U-turn
|-ability|p1a: Zamazenta|Dauntless Shield|boost
|-boost|p1a: Zamazenta|def|1
|
|upkeep
|turn|3
|j| yuureisuisei
|
|t:|1781245366
|switch|p2a: Weezing|Weezing-Galar, M, shiny|100/100
|move|p1a: Zamazenta|Close Combat|p2a: Weezing
|-resisted|p2a: Weezing
|-damage|p2a: Weezing|84/100
|-unboost|p1a: Zamazenta|def|1
|-unboost|p1a: Zamazenta|spd|1
|
|-heal|p2a: Weezing|90/100|[from] item: Black Sludge
|upkeep
|turn|4
|
|t:|1781245373
|switch|p1a: Alomomola|Alomomola, F|100/100
|move|p2a: Weezing|Will-O-Wisp|p1a: Alomomola|[miss]
|-miss|p2a: Weezing|p1a: Alomomola
|
|-heal|p2a: Weezing|96/100|[from] item: Black Sludge
|upkeep
|turn|5
|
|t:|1781245375
|move|p2a: Weezing|Will-O-Wisp|p1a: Alomomola
|-status|p1a: Alomomola|brn
|move|p1a: Alomomola|Flip Turn|p2a: Weezing
|-damage|p2a: Weezing|90/100
|
|t:|1781245380
|switch|p1a: Cinderace|Cinderace, M|100/100|[from] Flip Turn
|
|-heal|p2a: Weezing|96/100|[from] item: Black Sludge
|upkeep
|turn|6
|
|t:|1781245383
|move|p1a: Cinderace|Pyro Ball|p2a: Weezing
|-damage|p2a: Weezing|60/100
|move|p2a: Weezing|Strange Steam|p1a: Cinderace
|-resisted|p1a: Cinderace
|-damage|p1a: Cinderace|82/100
|
|-heal|p2a: Weezing|66/100|[from] item: Black Sludge
|upkeep
|turn|7
|
|t:|1781245386
|move|p1a: Cinderace|Pyro Ball|p2a: Weezing
|-damage|p2a: Weezing|29/100
|move|p2a: Weezing|Pain Split|p1a: Cinderace
|-sethp|p1a: Cinderace|57/100|[from] move: Pain Split|[silent]
|-sethp|p2a: Weezing|51/100|[from] move: Pain Split
|
|-heal|p2a: Weezing|57/100|[from] item: Black Sludge
|upkeep
|turn|8
|
|t:|1781245389
|switch|p2a: Heatran|Heatran, M|93/100
|move|p1a: Cinderace|Pyro Ball|p2a: Heatran
|-start|p2a: Heatran|ability: Flash Fire
|
|upkeep
|turn|9
|
|t:|1781245393
|move|p1a: Cinderace|U-turn|p2a: Heatran
|-start|p1a: Cinderace|typechange|Bug|[from] ability: Libero
|-resisted|p2a: Heatran
|-damage|p2a: Heatran|85/100
|
|t:|1781245396
|switch|p1a: Alomomola|Alomomola, F|100/100 brn|[from] U-turn
|move|p2a: Heatran|Earth Power|p1a: Alomomola
|-damage|p1a: Alomomola|84/100 brn
|
|-damage|p1a: Alomomola|78/100 brn|[from] brn
|upkeep
|turn|10
|
|t:|1781245398
|move|p2a: Heatran|Earth Power|p1a: Alomomola
|-damage|p1a: Alomomola|61/100 brn
|move|p1a: Alomomola|Flip Turn|p2a: Heatran
|-supereffective|p2a: Heatran
|-damage|p2a: Heatran|71/100
|
|t:|1781245402
|switch|p1a: Zamazenta|Zamazenta|100/100|[from] Flip Turn
|
|upkeep
|turn|11
|
|t:|1781245404
|switch|p1a: Cinderace|Cinderace, M|57/100
|-end|p2a: Heatran|ability: Flash Fire|[silent]
|switch|p2a: Weezing|Weezing-Galar, M, shiny|57/100
|
|-heal|p2a: Weezing|63/100|[from] item: Black Sludge
|upkeep
|turn|12
|
|t:|1781245406
|switch|p2a: Garchomp|Garchomp, M|100/100
|move|p1a: Cinderace|Pyro Ball|p2a: Garchomp
|-resisted|p2a: Garchomp
|-damage|p2a: Garchomp|73/100
|
|upkeep
|turn|13
|
|t:|1781245410
|switch|p1a: Pecharunt|Pecharunt|100/100
|move|p2a: Garchomp|Earthquake|p1a: Pecharunt
|-supereffective|p1a: Pecharunt
|-damage|p1a: Pecharunt|50/100
|
|upkeep
|turn|14
|
|t:|1781245413
|move|p2a: Garchomp|Earthquake|p1a: Pecharunt
|-supereffective|p1a: Pecharunt
|-damage|p1a: Pecharunt|0 fnt
|faint|p1a: Pecharunt
|
|upkeep
|
|t:|1781245415
|switch|p1a: Iron Valiant|Iron Valiant|100/100
|turn|15
|
|t:|1781245420
|switch|p2a: Primarina|Primarina, F, shiny|100/100
|move|p1a: Iron Valiant|Moonblast|p2a: Primarina
|-damage|p2a: Primarina|43/100
|-unboost|p2a: Primarina|spa|1
|
|-heal|p2a: Primarina|49/100|[from] item: Leftovers
|upkeep
|turn|16
|
|t:|1781245426
|-end|p1a: Iron Valiant|Quark Drive|[silent]
|switch|p1a: Zamazenta|Zamazenta|100/100
|switch|p2a: Heatran|Heatran, M|71/100
|
|upkeep
|turn|17
|
|t:|1781245429
|switch|p2a: Primarina|Primarina, F, shiny|49/100
|move|p1a: Zamazenta|Stone Edge|p2a: Primarina
|-damage|p2a: Primarina|0 fnt
|faint|p2a: Primarina
|
|upkeep
|
|t:|1781245432
|switch|p2a: Weezing|Weezing-Galar, M, shiny|63/100
|turn|18
|
|t:|1781245436
|switch|p1a: Cinderace|Cinderace, M|57/100
|switch|p2a: Raging Bolt|Raging Bolt|100/100
|
|upkeep
|turn|19
|
|t:|1781245441
|move|p1a: Cinderace|U-turn|p2a: Raging Bolt
|-start|p1a: Cinderace|typechange|Bug|[from] ability: Libero
|-damage|p2a: Raging Bolt|73/100
|
|t:|1781245442
|switch|p1a: Alomomola|Alomomola, F|94/100 brn|[from] U-turn
|move|p2a: Raging Bolt|Calm Mind|p2a: Raging Bolt
|-boost|p2a: Raging Bolt|spa|1
|-boost|p2a: Raging Bolt|spd|1
|
|-heal|p2a: Raging Bolt|80/100|[from] item: Leftovers
|-damage|p1a: Alomomola|88/100 brn|[from] brn
|upkeep
|turn|20
|
|t:|1781245445
|move|p2a: Raging Bolt|Calm Mind|p2a: Raging Bolt
|-boost|p2a: Raging Bolt|spa|1
|-boost|p2a: Raging Bolt|spd|1
|move|p1a: Alomomola|Mirror Coat||[still]
|-fail|p1a: Alomomola
|
|-heal|p2a: Raging Bolt|86/100|[from] item: Leftovers
|-damage|p1a: Alomomola|82/100 brn|[from] brn
|upkeep
|turn|21
|
|t:|1781245448
|move|p2a: Raging Bolt|Thunderbolt|p1a: Alomomola
|-supereffective|p1a: Alomomola
|-crit|p1a: Alomomola
|-damage|p1a: Alomomola|0 fnt
|faint|p1a: Alomomola
|
|-heal|p2a: Raging Bolt|92/100|[from] item: Leftovers
|upkeep
|
|t:|1781245451
|switch|p1a: Zamazenta|Zamazenta|100/100
|turn|22
|
|t:|1781245453
|move|p1a: Zamazenta|Close Combat|p2a: Raging Bolt
|-damage|p2a: Raging Bolt|11/100
|-unboost|p1a: Zamazenta|def|1
|-unboost|p1a: Zamazenta|spd|1
|move|p2a: Raging Bolt|Thunderbolt|p1a: Zamazenta
|-damage|p1a: Zamazenta|0 fnt
|faint|p1a: Zamazenta
|
|-heal|p2a: Raging Bolt|17/100|[from] item: Leftovers
|upkeep
|
|t:|1781245457
|switch|p1a: Iron Valiant|Iron Valiant|100/100
|turn|23
|
|t:|1781245460
|move|p1a: Iron Valiant|Vacuum Wave|p2a: Raging Bolt
|-damage|p2a: Raging Bolt|6/100
|move|p2a: Raging Bolt|Thunderclap||[still]
|-fail|p2a: Raging Bolt
|
|-heal|p2a: Raging Bolt|12/100|[from] item: Leftovers
|upkeep
|turn|24
|
|t:|1781245465
|-end|p1a: Iron Valiant|Quark Drive|[silent]
|switch|p1a: Cinderace|Cinderace, M|57/100
|move|p2a: Raging Bolt|Thunderbolt|p1a: Cinderace
|-damage|p1a: Cinderace|0 fnt
|faint|p1a: Cinderace
|
|-heal|p2a: Raging Bolt|18/100|[from] item: Leftovers
|upkeep
|
|t:|1781245466
|switch|p1a: Iron Valiant|Iron Valiant|100/100
|turn|25
|
|t:|1781245469
|move|p2a: Raging Bolt|Thunderclap|p1a: Iron Valiant
|-damage|p1a: Iron Valiant|0 fnt
|faint|p1a: Iron Valiant
|-end|p1a: Iron Valiant|Quark Drive|[silent]
|
|win|isaac_gam3r
|raw|ykykp's rating: 1756 &rarr; <strong>1739</strong><br />(-17 for losing)
|raw|isaac_gam3r's rating: 1800 &rarr; <strong>1817</strong><br />(+17 for winning)
|l|☆ykykp
|player|p1|
|l|☆isaac_gam3r
|player|p2|
|l| yuureisuisei
