|badge|p2|bronze|gen9ubers|100-9
|uhtml|medal-msg|<div class="broadcast-blue">Curious what those medals under the avatar are? PS now has Ladder Seasons! For more information, check out the <a href="https://www.smogon.com/forums/threads/3740067/">thread on Smogon.</a></div>
|j|☆Aarons fish
|j|☆DriftedEx
|t:|1781450679
|gametype|singles
|player|p1|Aarons fish|2|1587
|player|p2|DriftedEx|rocketgrunt|1663
|gen|9
|tier|[Gen 9] OU
|rated|
|rule|HP Percentage Mod: HP is shown in percentages
|rule|Endless Battle Clause: Forcing endless battles is banned
|rule|Species Clause: Limit one of each Pokémon
|rule|OHKO Clause: OHKO moves are banned
|rule|Evasion Items Clause: Evasion items are banned
|rule|Evasion Moves Clause: Evasion moves are banned
|rule|Evasion Abilities Clause: Evasion abilities are banned
|rule|Sleep Moves Clause: Sleep-inducing moves are banned
|clearpoke
|poke|p1|Torkoal, F|
|poke|p1|Iron Moth|
|poke|p1|Hatterene, F|
|poke|p1|Landorus-Therian, M|
|poke|p1|Slither Wing|
|poke|p1|Walking Wake|
|poke|p2|Ribombee, M|
|poke|p2|Great Tusk|
|poke|p2|Gholdengo|
|poke|p2|Manaphy|
|poke|p2|Kingambit, M|
|poke|p2|Iron Valiant|
|teampreview
|inactive|Battle timer is ON: inactive players will automatically lose when time's up. (requested by DriftedEx)
|
|t:|1781450684
|teamsize|p1|6
|teamsize|p2|6
|start
|switch|p1a: Slither Wing|Slither Wing|100/100
|switch|p2a: Manaphy|Manaphy|100/100
|turn|1
|
|t:|1781450688
|switch|p2a: Ribombee|Ribombee, M|100/100
|move|p1a: Slither Wing|Wild Charge|p2a: Ribombee
|-damage|p2a: Ribombee|51/100
|-damage|p1a: Slither Wing|92/100|[from] Recoil
|
|upkeep
|turn|2
|
|t:|1781450696
|move|p2a: Ribombee|Skill Swap||[still]
|-fail|p2a: Ribombee
|move|p1a: Slither Wing|U-turn|p2a: Ribombee
|-resisted|p2a: Ribombee
|-damage|p2a: Ribombee|18/100
|
|t:|1781450704
|-end|p1a: Slither Wing|Protosynthesis|[silent]
|switch|p1a: Hatterene|Hatterene, F|100/100|[from] U-turn
|
|upkeep
|turn|3
|
|t:|1781450707
|switch|p2a: Gholdengo|Gholdengo|100/100
|-item|p2a: Gholdengo|Air Balloon
|move|p1a: Hatterene|Psychic Noise|p2a: Gholdengo
|-resisted|p2a: Gholdengo
|-crit|p2a: Gholdengo
|-damage|p2a: Gholdengo|73/100
|-start|p2a: Gholdengo|move: Heal Block
|-enditem|p2a: Gholdengo|Air Balloon
|
|upkeep
|turn|4
|
|t:|1781450712
|switch|p1a: Landorus|Landorus-Therian, M|100/100
|-ability|p1a: Landorus|Intimidate|boost
|-unboost|p2a: Gholdengo|atk|1
|move|p2a: Gholdengo|Shadow Ball|p1a: Landorus
|-damage|p1a: Landorus|79/100
|
|-end|p2a: Gholdengo|move: Heal Block
|upkeep
|turn|5
|
|t:|1781450718
|switch|p2a: Great Tusk|Great Tusk|100/100
|-enditem|p2a: Great Tusk|Booster Energy
|-activate|p2a: Great Tusk|ability: Protosynthesis|[fromitem]
|-start|p2a: Great Tusk|protosynthesisatk
|move|p1a: Landorus|U-turn|p2a: Great Tusk
|-resisted|p2a: Great Tusk
|-damage|p2a: Great Tusk|93/100
|
|t:|1781450728
|switch|p1a: Walking Wake|Walking Wake|100/100|[from] U-turn
|
|upkeep
|turn|6
|
|t:|1781450731
|move|p1a: Walking Wake|Flip Turn|p2a: Great Tusk
|-supereffective|p2a: Great Tusk
|-damage|p2a: Great Tusk|65/100
|
|t:|1781450735
|-end|p1a: Walking Wake|Protosynthesis|[silent]
|switch|p1a: Landorus|Landorus-Therian, M|79/100|[from] Flip Turn
|-ability|p1a: Landorus|Intimidate|boost
|-unboost|p2a: Great Tusk|atk|1
|move|p2a: Great Tusk|Headlong Rush|p1a: Landorus
|-immune|p1a: Landorus
|
|upkeep
|turn|7
|
|t:|1781450738
|switch|p1a: Torkoal|Torkoal, F|100/100
|-weather|SunnyDay|[from] ability: Drought|[of] p1a: Torkoal
|move|p2a: Great Tusk|Head Smash|p1a: Torkoal
|-supereffective|p1a: Torkoal
|-damage|p1a: Torkoal|52/100
|-damage|p2a: Great Tusk|42/100|[from] Recoil
|
|-weather|SunnyDay|[upkeep]
|upkeep
|turn|8
|
|t:|1781450743
|switch|p1a: Landorus|Landorus-Therian, M|79/100
|-ability|p1a: Landorus|Intimidate|boost
|-unboost|p2a: Great Tusk|atk|1
|move|p2a: Great Tusk|Head Smash|p1a: Landorus
|-damage|p1a: Landorus|45/100
|-damage|p2a: Great Tusk|24/100|[from] Recoil
|
|-weather|SunnyDay|[upkeep]
|upkeep
|turn|9
|
|t:|1781450750
|move|p2a: Great Tusk|Headlong Rush|p1a: Landorus
|-immune|p1a: Landorus
|move|p1a: Landorus|Earthquake|p2a: Great Tusk
|-damage|p2a: Great Tusk|0 fnt
|faint|p2a: Great Tusk
|-end|p2a: Great Tusk|Protosynthesis|[silent]
|
|-weather|SunnyDay|[upkeep]
|upkeep
|
|t:|1781450753
|switch|p2a: Ribombee|Ribombee, M|18/100
|turn|10
|
|t:|1781450756
|switch|p1a: Hatterene|Hatterene, F|100/100
|move|p2a: Ribombee|Skill Swap|p1a: Hatterene
|-activate|p2a: Ribombee|Skill Swap|Magic Bounce|Shield Dust|[of] p1a: Hatterene
|
|-weather|SunnyDay|[upkeep]
|upkeep
|turn|11
|
|t:|1781450762
|switch|p1a: Torkoal|Torkoal, F|52/100
|move|p2a: Ribombee|Sticky Web|p1a: Torkoal
|-sidestart|p1: Aarons fish|move: Sticky Web
|
|-weather|SunnyDay|[upkeep]
|upkeep
|turn|12
|
|t:|1781450772
|-terastallize|p2a: Ribombee|Ghost
|move|p2a: Ribombee|Psychic Noise|p1a: Torkoal
|-damage|p1a: Torkoal|30/100
|-start|p1a: Torkoal|move: Heal Block
|move|p1a: Torkoal|Stealth Rock|p2a: Ribombee
|move|p2a: Ribombee|Stealth Rock|p1a: Torkoal|[from] ability: Magic Bounce
|-sidestart|p1: Aarons fish|move: Stealth Rock
|
|-weather|SunnyDay|[upkeep]
|upkeep
|turn|13
|
|t:|1781450777
|move|p2a: Ribombee|Psychic Noise|p1a: Torkoal
|-damage|p1a: Torkoal|7/100
|move|p1a: Torkoal|Lava Plume|p2a: Ribombee
|-damage|p2a: Ribombee|0 fnt
|faint|p2a: Ribombee
|
|-weather|SunnyDay|[upkeep]
|-end|p1a: Torkoal|move: Heal Block
|upkeep
|
|t:|1781450782
|switch|p2a: Manaphy|Manaphy|100/100
|turn|14
|
|t:|1781450787
|switch|p1a: Landorus|Landorus-Therian, M|45/100
|-damage|p1a: Landorus|32/100|[from] Stealth Rock
|-ability|p1a: Landorus|Intimidate|boost
|-unboost|p2a: Manaphy|atk|1
|move|p2a: Manaphy|Surf|p1a: Landorus
|-supereffective|p1a: Landorus
|-damage|p1a: Landorus|15/100
|
|-weather|none
|upkeep
|turn|15
|
|t:|1781450790
|move|p2a: Manaphy|Tail Glow|p2a: Manaphy
|-boost|p2a: Manaphy|spa|3
|move|p1a: Landorus|U-turn|p2a: Manaphy
|-damage|p2a: Manaphy|78/100
|
|t:|1781450800
|switch|p1a: Hatterene|Hatterene, F|100/100|[from] U-turn
|-activate|p1a: Hatterene|move: Sticky Web
|-unboost|p1a: Hatterene|spe|1
|-damage|p1a: Hatterene|88/100|[from] Stealth Rock
|
|-heal|p2a: Manaphy|84/100|[from] item: Leftovers
|-heal|p1a: Hatterene|94/100|[from] item: Leftovers
|upkeep
|turn|16
|
|t:|1781450810
|move|p2a: Manaphy|Substitute|p2a: Manaphy
|-start|p2a: Manaphy|Substitute
|-damage|p2a: Manaphy|59/100
|move|p1a: Hatterene|Nuzzle|p2a: Manaphy
|-supereffective|p2a: Manaphy
|-crit|p2a: Manaphy
|-activate|p2a: Manaphy|move: Substitute|[damage]
|
|-heal|p2a: Manaphy|66/100|[from] item: Leftovers
|-heal|p1a: Hatterene|99/100|[from] item: Leftovers
|upkeep
|turn|17
|
|t:|1781450813
|move|p2a: Manaphy|Tail Glow|p2a: Manaphy
|-boost|p2a: Manaphy|spa|3
|move|p1a: Hatterene|Draining Kiss|p2a: Manaphy
|-end|p2a: Manaphy|Substitute
|-heal|p1a: Hatterene|100/100|[from] drain|[of] p2a: Manaphy
|
|-heal|p2a: Manaphy|72/100|[from] item: Leftovers
|upkeep
|turn|18
|
|t:|1781450814
|move|p2a: Manaphy|Substitute|p2a: Manaphy
|-start|p2a: Manaphy|Substitute
|-damage|p2a: Manaphy|47/100
|move|p1a: Hatterene|Psychic Noise|p2a: Manaphy
|-damage|p2a: Manaphy|12/100
|-start|p2a: Manaphy|move: Heal Block
|
|upkeep
|turn|19
|
|t:|1781450821
|move|p2a: Manaphy|Surf|p1a: Hatterene
|-damage|p1a: Hatterene|0 fnt
|faint|p1a: Hatterene
|
|-end|p2a: Manaphy|move: Heal Block
|upkeep
|-message|Aarons fish forfeited.
|
|win|DriftedEx
|raw|Aarons fish's rating: 1587 &rarr; <strong>1571</strong><br />(-16 for losing)
|raw|DriftedEx's rating: 1663 &rarr; <strong>1679</strong><br />(+16 for winning)
|l|☆Aarons fish
|player|p1|
|l|☆DriftedEx
|player|p2|
