|j|☆Supmydude777
|j|☆LUPIIT
|t:|1781026541
|gametype|singles
|player|p1|Supmydude777|170|1504
|player|p2|LUPIIT|lucas|1539
|gen|9
|tier|[Gen 9] OU
|rated|
|rule|HP Percentage Mod: HP is shown in percentages
|rule|Endless Battle Clause: Forcing endless battles is banned
|rule|Species Clause: Limit one of each Pokémon
|rule|OHKO Clause: OHKO moves are banned
|rule|Evasion Items Clause: Evasion items are banned
|rule|Evasion Moves Clause: Evasion moves are banned
|rule|Evasion Abilities Clause: Evasion abilities are banned
|rule|Sleep Moves Clause: Sleep-inducing moves are banned
|clearpoke
|poke|p1|Ogerpon-Wellspring, F|
|poke|p1|Raging Bolt|
|poke|p1|Cinderace, F|
|poke|p1|Corviknight, F|
|poke|p1|Ting-Lu|
|poke|p1|Gengar, M|
|poke|p2|Comfey, F|
|poke|p2|Smeargle, F|
|poke|p2|Zapdos|
|poke|p2|Garganacl, F|
|poke|p2|Scizor, M|
|poke|p2|Tinkaton, F|
|teampreview
|inactive|Battle timer is ON: inactive players will automatically lose when time's up. (requested by LUPIIT)
|inactive|Supmydude777 also wants the timer to be on.
|
|t:|1781026544
|teamsize|p1|6
|teamsize|p2|6
|start
|switch|p1a: Cinderace|Cinderace, F|100/100
|switch|p2a: Smeargle|Smeargle, F|100/100
|turn|1
|
|t:|1781026551
|move|p2a: Smeargle|Burning Bulwark|p2a: Smeargle
|-singleturn|p2a: Smeargle|move: Protect
|move|p1a: Cinderace|U-turn|p2a: Smeargle
|-start|p1a: Cinderace|typechange|Bug|[from] ability: Libero
|-activate|p2a: Smeargle|move: Protect
|-status|p1a: Cinderace|brn
|
|-damage|p1a: Cinderace|95/100 brn|[from] brn
|upkeep
|turn|2
|
|t:|1781026561
|switch|p2a: Garganacl|Garganacl, F|100/100
|move|p1a: Cinderace|U-turn|p2a: Garganacl
|-damage|p2a: Garganacl|83/100
|
|t:|1781026566
|switch|p1a: Gengar|Gengar, M|100/100|[from] U-turn
|
|-heal|p2a: Garganacl|89/100|[from] item: Leftovers
|upkeep
|turn|3
|
|t:|1781026573
|move|p2a: Garganacl|Protect|p2a: Garganacl
|-singleturn|p2a: Garganacl|Protect
|move|p1a: Gengar|Trick|p2a: Garganacl
|-activate|p2a: Garganacl|move: Protect
|
|-heal|p2a: Garganacl|95/100|[from] item: Leftovers
|upkeep
|turn|4
|
|t:|1781026582
|switch|p1a: Raging Bolt|Raging Bolt|100/100
|-enditem|p1a: Raging Bolt|Booster Energy
|-activate|p1a: Raging Bolt|ability: Protosynthesis|[fromitem]
|-start|p1a: Raging Bolt|protosynthesisspa
|switch|p2a: Smeargle|Smeargle, F|100/100
|
|upkeep
|turn|5
|
|t:|1781026591
|switch|p2a: Garganacl|Garganacl, F|95/100
|move|p1a: Raging Bolt|Thunderbolt|p2a: Garganacl
|-damage|p2a: Garganacl|42/100
|
|-heal|p2a: Garganacl|49/100|[from] item: Leftovers
|upkeep
|turn|6
|
|t:|1781026602
|move|p2a: Garganacl|Protect|p2a: Garganacl
|-singleturn|p2a: Garganacl|Protect
|move|p1a: Raging Bolt|Thunderbolt|p2a: Garganacl
|-activate|p2a: Garganacl|move: Protect
|
|-heal|p2a: Garganacl|55/100|[from] item: Leftovers
|upkeep
|turn|7
|
|t:|1781026610
|move|p1a: Raging Bolt|Thunderbolt|p2a: Garganacl
|-damage|p2a: Garganacl|5/100
|move|p2a: Garganacl|Salt Cure|p1a: Raging Bolt
|-damage|p1a: Raging Bolt|88/100
|-start|p1a: Raging Bolt|Salt Cure
|
|-heal|p2a: Garganacl|12/100|[from] item: Leftovers
|-damage|p1a: Raging Bolt|75/100|[from] Salt Cure
|upkeep
|turn|8
|
|t:|1781026619
|move|p2a: Garganacl|Protect|p2a: Garganacl
|-singleturn|p2a: Garganacl|Protect
|move|p1a: Raging Bolt|Calm Mind|p1a: Raging Bolt
|-boost|p1a: Raging Bolt|spa|1
|-boost|p1a: Raging Bolt|spd|1
|
|-heal|p2a: Garganacl|18/100|[from] item: Leftovers
|-damage|p1a: Raging Bolt|63/100|[from] Salt Cure
|upkeep
|turn|9
|
|t:|1781026632
|switch|p2a: Zapdos|Zapdos|100/100
|move|p1a: Raging Bolt|Thunderbolt|p2a: Zapdos
|-damage|p2a: Zapdos|2/100
|
|-damage|p1a: Raging Bolt|50/100|[from] Salt Cure
|upkeep
|turn|10
|
|t:|1781026640
|move|p1a: Raging Bolt|Thunderbolt|p2a: Zapdos
|-damage|p2a: Zapdos|0 fnt
|faint|p2a: Zapdos
|
|-damage|p1a: Raging Bolt|38/100|[from] Salt Cure
|upkeep
|
|t:|1781026648
|switch|p2a: Tinkaton|Tinkaton, F|100/100
|-item|p2a: Tinkaton|Air Balloon
|turn|11
|
|t:|1781026652
|move|p2a: Tinkaton|Protect|p2a: Tinkaton
|-singleturn|p2a: Tinkaton|Protect
|move|p1a: Raging Bolt|Thunderbolt|p2a: Tinkaton
|-activate|p2a: Tinkaton|move: Protect
|
|-damage|p1a: Raging Bolt|25/100|[from] Salt Cure
|upkeep
|turn|12
|
|t:|1781026660
|move|p2a: Tinkaton|Gigaton Hammer|p1a: Raging Bolt
|-resisted|p1a: Raging Bolt
|-damage|p1a: Raging Bolt|0 fnt
|faint|p1a: Raging Bolt
|-end|p1a: Raging Bolt|Protosynthesis|[silent]
|
|upkeep
|
|t:|1781026669
|switch|p1a: Cinderace|Cinderace, F|95/100 brn
|turn|13
|
|t:|1781026674
|switch|p2a: Garganacl|Garganacl, F|18/100
|move|p1a: Cinderace|Low Kick|p2a: Garganacl
|-start|p1a: Cinderace|typechange|Fighting|[from] ability: Libero
|-supereffective|p2a: Garganacl
|-damage|p2a: Garganacl|0 fnt
|faint|p2a: Garganacl
|
|-damage|p1a: Cinderace|89/100 brn|[from] brn
|upkeep
|
|t:|1781026677
|switch|p2a: Comfey|Comfey, F|100/100
|turn|14
|
|t:|1781026687
|switch|p1a: Ting-Lu|Ting-Lu|100/100
|-ability|p1a: Ting-Lu|Vessel of Ruin
|move|p2a: Comfey|Substitute|p2a: Comfey
|-start|p2a: Comfey|Substitute
|-damage|p2a: Comfey|76/100
|
|upkeep
|turn|15
|
|t:|1781026697
|move|p2a: Comfey|Leech Seed|p1a: Ting-Lu
|-start|p1a: Ting-Lu|move: Leech Seed
|move|p1a: Ting-Lu|Stealth Rock|p2a: Comfey
|-sidestart|p2: LUPIIT|move: Stealth Rock
|
|-damage|p1a: Ting-Lu|88/100|[from] Leech Seed|[of] p2a: Comfey
|-heal|p2a: Comfey|97/100|[silent]
|upkeep
|turn|16
|
|t:|1781026707
|move|p2a: Comfey|Draining Kiss|p1a: Ting-Lu
|-supereffective|p1a: Ting-Lu
|-damage|p1a: Ting-Lu|71/100
|-heal|p2a: Comfey|100/100|[from] drain|[of] p1a: Ting-Lu
|move|p1a: Ting-Lu|Whirlwind|p2a: Comfey
|drag|p2a: Scizor|Scizor, M|100/100
|
|-heal|p1a: Ting-Lu|77/100|[from] item: Leftovers
|-damage|p1a: Ting-Lu|64/100|[from] Leech Seed|[of] p2a: Scizor
|upkeep
|turn|17
|
|t:|1781026719
|switch|p1a: Cinderace|Cinderace, F|89/100 brn
|move|p2a: Scizor|U-turn|p1a: Cinderace
|-resisted|p1a: Cinderace
|-damage|p1a: Cinderace|62/100 brn
|
|t:|1781026724
|switch|p2a: Comfey|Comfey, F|100/100|[from] U-turn
|-damage|p2a: Comfey|88/100|[from] Stealth Rock
|
|-damage|p1a: Cinderace|56/100 brn|[from] brn
|upkeep
|turn|18
|
|t:|1781026733
|move|p2a: Comfey|Draining Kiss|p1a: Cinderace
|-resisted|p1a: Cinderace
|-damage|p1a: Cinderace|41/100 brn
|-heal|p2a: Comfey|99/100|[from] drain|[of] p1a: Cinderace
|move|p1a: Cinderace|Pyro Ball|p2a: Comfey
|-damage|p2a: Comfey|43/100
|
|-damage|p1a: Cinderace|35/100 brn|[from] brn
|upkeep
|turn|19
|
|t:|1781026752
|move|p2a: Comfey|Draining Kiss|p1a: Cinderace
|-resisted|p1a: Cinderace
|-damage|p1a: Cinderace|15/100 brn
|-heal|p2a: Comfey|58/100|[from] drain|[of] p1a: Cinderace
|move|p1a: Cinderace|Pyro Ball|p2a: Comfey
|-damage|p2a: Comfey|6/100
|
|-damage|p1a: Cinderace|9/100 brn|[from] brn
|upkeep
|turn|20
|
|t:|1781026763
|switch|p1a: Gengar|Gengar, M|100/100
|move|p2a: Comfey|Draining Kiss|p1a: Gengar
|-resisted|p1a: Gengar
|-damage|p1a: Gengar|76/100
|-heal|p2a: Comfey|21/100|[from] drain|[of] p1a: Gengar
|
|upkeep
|turn|21
|
|t:|1781026773
|switch|p2a: Smeargle|Smeargle, F|100/100
|-damage|p2a: Smeargle|88/100|[from] Stealth Rock
|move|p1a: Gengar|Shadow Ball|p2a: Smeargle
|-immune|p2a: Smeargle
|
|upkeep
|turn|22
|
|t:|1781026782
|switch|p1a: Corviknight|Corviknight, F|100/100
|move|p2a: Smeargle|Court Change|p2a: Smeargle
|-swapsideconditions
|-activate|p2a: Smeargle|move: Court Change
|
|upkeep
|turn|23
|
|t:|1781026788
|switch|p2a: Tinkaton|Tinkaton, F|100/100
|-item|p2a: Tinkaton|Air Balloon
|move|p1a: Corviknight|Defog|p2a: Tinkaton
|-unboost|p2a: Tinkaton|evasion|1
|-sideend|p1: Supmydude777|Stealth Rock|[from] move: Defog|[of] p1a: Corviknight
|
|upkeep
|turn|24
|
|t:|1781026797
|switch|p1a: Ting-Lu|Ting-Lu|64/100
|-ability|p1a: Ting-Lu|Vessel of Ruin
|move|p2a: Tinkaton|Thunder Wave|p1a: Ting-Lu
|-immune|p1a: Ting-Lu
|
|-heal|p1a: Ting-Lu|71/100|[from] item: Leftovers
|upkeep
|turn|25
|
|t:|1781026808
|move|p2a: Tinkaton|Stealth Rock|p1a: Ting-Lu
|-sidestart|p1: Supmydude777|move: Stealth Rock
|move|p1a: Ting-Lu|Ruination|p2a: Tinkaton
|-damage|p2a: Tinkaton|51/100
|-enditem|p2a: Tinkaton|Air Balloon
|
|-heal|p1a: Ting-Lu|77/100|[from] item: Leftovers
|upkeep
|turn|26
|
|t:|1781026817
|switch|p2a: Scizor|Scizor, M|100/100
|move|p1a: Ting-Lu|Earthquake|p2a: Scizor
|-damage|p2a: Scizor|51/100
|
|-heal|p1a: Ting-Lu|83/100|[from] item: Leftovers
|upkeep
|turn|27
|
|t:|1781026834
|switch|p1a: Corviknight|Corviknight, F|100/100
|-damage|p1a: Corviknight|88/100|[from] Stealth Rock
|move|p2a: Scizor|Close Combat|p1a: Corviknight
|-damage|p1a: Corviknight|59/100
|-unboost|p2a: Scizor|def|1
|-unboost|p2a: Scizor|spd|1
|
|-heal|p1a: Corviknight|65/100|[from] item: Leftovers
|upkeep
|turn|28
|
|t:|1781026846
|move|p1a: Corviknight|Brave Bird|p2a: Scizor
|-damage|p2a: Scizor|0 fnt
|faint|p2a: Scizor
|-damage|p1a: Corviknight|53/100|[from] Recoil
|
|-heal|p1a: Corviknight|59/100|[from] item: Leftovers
|upkeep
|
|t:|1781026852
|switch|p2a: Smeargle|Smeargle, F|88/100
|turn|29
|
|t:|1781026856
|move|p2a: Smeargle|Trick|p1a: Corviknight
|-activate|p2a: Smeargle|move: Trick|[of] p1a: Corviknight
|-item|p1a: Corviknight|Choice Scarf|[from] move: Trick
|-item|p2a: Smeargle|Leftovers|[from] move: Trick
|move|p1a: Corviknight|Defog|p2a: Smeargle
|-unboost|p2a: Smeargle|evasion|1
|-sideend|p1: Supmydude777|Stealth Rock|[from] move: Defog|[of] p1a: Corviknight
|
|-heal|p2a: Smeargle|94/100|[from] item: Leftovers
|upkeep
|turn|30
|
|t:|1781026867
|switch|p2a: Comfey|Comfey, F|21/100
|switch|p1a: Ting-Lu|Ting-Lu|83/100
|-ability|p1a: Ting-Lu|Vessel of Ruin
|
|-heal|p1a: Ting-Lu|89/100|[from] item: Leftovers
|upkeep
|turn|31
|
|t:|1781026876
|move|p2a: Comfey|Draining Kiss|p1a: Ting-Lu
|-supereffective|p1a: Ting-Lu
|-damage|p1a: Ting-Lu|71/100
|-heal|p2a: Comfey|44/100|[from] drain|[of] p1a: Ting-Lu
|move|p1a: Ting-Lu|Earthquake|p2a: Comfey
|-damage|p2a: Comfey|1/100
|
|-heal|p1a: Ting-Lu|78/100|[from] item: Leftovers
|upkeep
|turn|32
|-message|LUPIIT forfeited.
|
|win|Supmydude777
|raw|Supmydude777's rating: 1504 &rarr; <strong>1526</strong><br />(+22 for winning)
|raw|LUPIIT's rating: 1539 &rarr; <strong>1517</strong><br />(-22 for losing)
|l|☆LUPIIT
|player|p2|
