|j|☆powerfulslash
|j|☆Humerus_Skelepun
|t:|1781498442
|gametype|singles
|player|p1|powerfulslash|az|1636
|player|p2|Humerus_Skelepun|102|1596
|gen|9
|tier|[Gen 9] OU
|rated|
|rule|HP Percentage Mod: HP is shown in percentages
|rule|Endless Battle Clause: Forcing endless battles is banned
|rule|Species Clause: Limit one of each Pokémon
|rule|OHKO Clause: OHKO moves are banned
|rule|Evasion Items Clause: Evasion items are banned
|rule|Evasion Moves Clause: Evasion moves are banned
|rule|Evasion Abilities Clause: Evasion abilities are banned
|rule|Sleep Moves Clause: Sleep-inducing moves are banned
|clearpoke
|poke|p1|Crawdaunt, M|
|poke|p1|Slowking-Galar, F|
|poke|p1|Kyurem|
|poke|p1|Cinderace, M|
|poke|p1|Iron Treads|
|poke|p1|Zapdos|
|poke|p2|Weezing-Galar, M|
|poke|p2|Ogerpon, F|
|poke|p2|Skarmory, M|
|poke|p2|Alomomola, M|
|poke|p2|Clodsire, M|
|poke|p2|Hydreigon, M|
|teampreview
|inactive|Battle timer is ON: inactive players will automatically lose when time's up. (requested by Humerus_Skelepun)
|j| soldyawife
|inactive|Humerus_Skelepun has 120 seconds left.
|
|t:|1781498486
|teamsize|p1|6
|teamsize|p2|6
|start
|switch|p1a: The Oracle|Slowking-Galar, F, shiny|100/100
|switch|p2a: Hybrid|Hydreigon, M, shiny|100/100
|turn|1
|
|t:|1781498493
|move|p2a: Hybrid|Dark Pulse|p1a: The Oracle
|-supereffective|p1a: The Oracle
|-enditem|p1a: The Oracle|Colbur Berry|[eat]
|-enditem|p1a: The Oracle|Colbur Berry|[weaken]
|-damage|p1a: The Oracle|62/100
|move|p1a: The Oracle|Thunder Wave|p2a: Hybrid|[miss]
|-miss|p1a: The Oracle|p2a: Hybrid
|
|upkeep
|turn|2
|
|t:|1781498503
|move|p2a: Hybrid|Dark Pulse|p1a: The Oracle
|-supereffective|p1a: The Oracle
|-damage|p1a: The Oracle|0 fnt
|faint|p1a: The Oracle
|
|upkeep
|
|t:|1781498509
|switch|p1a: Freddie Gibbs|Cinderace, M, shiny|100/100
|turn|3
|
|t:|1781498537
|switch|p2a: Pisces|Alomomola, M, shiny|100/100
|move|p1a: Freddie Gibbs|U-turn|p2a: Pisces
|-damage|p2a: Pisces|86/100
|
|t:|1781498546
|switch|p1a: Helheim|Kyurem, shiny|100/100|[from] U-turn
|-ability|p1a: Helheim|Pressure
|
|upkeep
|turn|4
|
|t:|1781498555
|switch|p1a: Red Lobster|Crawdaunt, M|100/100
|move|p2a: Pisces|Play Rough|p1a: Red Lobster
|-supereffective|p1a: Red Lobster
|-damage|p1a: Red Lobster|53/100
|
|upkeep
|turn|5
|
|t:|1781498569
|switch|p2a: Raptor|Skarmory, M, shiny|100/100
|move|p1a: Red Lobster|Knock Off|p2a: Raptor
|-damage|p2a: Raptor|34/100
|-damage|p1a: Red Lobster|36/100|[from] item: Rocky Helmet|[of] p2a: Raptor
|-enditem|p2a: Raptor|Rocky Helmet|[from] move: Knock Off|[of] p1a: Red Lobster
|
|upkeep
|turn|6
|
|t:|1781498577
|move|p1a: Red Lobster|Knock Off|p2a: Raptor
|-damage|p2a: Raptor|0 fnt
|faint|p2a: Raptor
|
|upkeep
|
|t:|1781498579
|switch|p2a: Anonymous|Ogerpon, F|100/100
|turn|7
|
|t:|1781498583
|switch|p1a: Topaz|Zapdos, shiny|100/100
|move|p2a: Anonymous|Rock Tomb|p1a: Topaz
|-supereffective|p1a: Topaz
|-damage|p1a: Topaz|58/100
|-unboost|p1a: Topaz|spe|1
|
|upkeep
|turn|8
|
|t:|1781498591
|switch|p2a: Endless Nameless|Clodsire, M, shiny|100/100
|move|p1a: Topaz|U-turn|p2a: Endless Nameless
|-resisted|p2a: Endless Nameless
|-damage|p2a: Endless Nameless|94/100
|
|t:|1781498595
|switch|p1a: Red Lobster|Crawdaunt, M|36/100|[from] U-turn
|
|upkeep
|turn|9
|
|t:|1781498602
|switch|p2a: Sentinel|Weezing-Galar, M, shiny|100/100
|-ability|p2a: Sentinel|Neutralizing Gas
|move|p1a: Red Lobster|Crabhammer|p2a: Sentinel
|-crit|p2a: Sentinel
|-damage|p2a: Sentinel|19/100
|
|upkeep
|turn|10
|
|t:|1781498609
|-end|p2a: Sentinel|ability: Neutralizing Gas
|switch|p2a: Pisces|Alomomola, M, shiny|100/100
|move|p1a: Red Lobster|Crabhammer|p2a: Pisces
|-resisted|p2a: Pisces
|-damage|p2a: Pisces|56/100
|
|upkeep
|turn|11
|
|t:|1781498612
|switch|p1a: Topaz|Zapdos, shiny|58/100
|move|p2a: Pisces|Play Rough|p1a: Topaz
|-damage|p1a: Topaz|46/100
|-status|p2a: Pisces|par|[from] ability: Static|[of] p1a: Topaz
|
|upkeep
|turn|12
|
|t:|1781498615
|move|p1a: Topaz|Roost|p1a: Topaz
|-heal|p1a: Topaz|96/100
|-singleturn|p1a: Topaz|move: Roost
|cant|p2a: Pisces|par
|
|upkeep
|turn|13
|
|t:|1781498617
|move|p1a: Topaz|Hurricane|p2a: Pisces
|-damage|p2a: Pisces|35/100 par
|move|p2a: Pisces|Flip Turn|p1a: Topaz
|-damage|p1a: Topaz|84/100
|
|t:|1781498620
|switch|p2a: Hybrid|Hydreigon, M, shiny|100/100|[from] Flip Turn
|
|upkeep
|turn|14
|
|t:|1781498624
|move|p2a: Hybrid|Dark Pulse|p1a: Topaz
|-damage|p1a: Topaz|25/100
|cant|p1a: Topaz|flinch
|
|upkeep
|turn|15
|
|t:|1781498628
|switch|p1a: Landrover|Iron Treads, shiny|100/100
|move|p2a: Hybrid|Dark Pulse|p1a: Landrover
|-damage|p1a: Landrover|52/100
|
|upkeep
|turn|16
|
|t:|1781498633
|move|p1a: Landrover|Heavy Slam|p2a: Hybrid
|-damage|p2a: Hybrid|82/100
|move|p2a: Hybrid|Dark Pulse|p1a: Landrover
|-damage|p1a: Landrover|0 fnt
|faint|p1a: Landrover
|-end|p1a: Landrover|Quark Drive|[silent]
|
|upkeep
|
|t:|1781498637
|switch|p1a: Freddie Gibbs|Cinderace, M, shiny|100/100
|turn|17
|
|t:|1781498642
|switch|p2a: Sentinel|Weezing-Galar, M, shiny|19/100
|-ability|p2a: Sentinel|Neutralizing Gas
|move|p1a: Freddie Gibbs|U-turn|p2a: Sentinel
|-resisted|p2a: Sentinel
|-damage|p2a: Sentinel|16/100
|
|t:|1781498645
|switch|p1a: Red Lobster|Crawdaunt, M|36/100|[from] U-turn
|
|upkeep
|turn|18
|
|t:|1781498651
|move|p1a: Red Lobster|Knock Off|p2a: Sentinel
|-resisted|p2a: Sentinel
|-damage|p2a: Sentinel|0 fnt
|-enditem|p2a: Sentinel|Heavy-Duty Boots|[from] move: Knock Off|[of] p1a: Red Lobster
|faint|p2a: Sentinel
|-end|p2a: Sentinel|ability: Neutralizing Gas
|
|upkeep
|
|t:|1781498653
|switch|p2a: Hybrid|Hydreigon, M, shiny|82/100
|turn|19
|
|t:|1781498656
|switch|p1a: Freddie Gibbs|Cinderace, M, shiny|100/100
|move|p2a: Hybrid|Dark Pulse|p1a: Freddie Gibbs
|-damage|p1a: Freddie Gibbs|33/100
|
|upkeep
|turn|20
|
|t:|1781498671
|switch|p2a: Pisces|Alomomola, M, shiny|68/100 par
|move|p1a: Freddie Gibbs|U-turn|p2a: Pisces
|-damage|p2a: Pisces|55/100 par
|
|t:|1781498674
|switch|p1a: Topaz|Zapdos, shiny|25/100|[from] U-turn
|
|upkeep
|turn|21
|
|t:|1781498677
|move|p1a: Topaz|Roost|p1a: Topaz
|-heal|p1a: Topaz|75/100
|-singleturn|p1a: Topaz|move: Roost
|move|p2a: Pisces|Flip Turn|p1a: Topaz
|-damage|p1a: Topaz|63/100
|
|t:|1781498678
|switch|p2a: Hybrid|Hydreigon, M, shiny|82/100|[from] Flip Turn
|
|upkeep
|turn|22
|
|t:|1781498681
|-terastallize|p1a: Topaz|Fairy
|move|p2a: Hybrid|Draco Meteor|p1a: Topaz
|-immune|p1a: Topaz
|move|p1a: Topaz|Roost|p1a: Topaz
|-heal|p1a: Topaz|100/100
|
|upkeep
|turn|23
|
|t:|1781498685
|switch|p2a: Endless Nameless|Clodsire, M, shiny|94/100
|move|p1a: Topaz|U-turn|p2a: Endless Nameless
|-resisted|p2a: Endless Nameless
|-damage|p2a: Endless Nameless|86/100
|
|t:|1781498688
|switch|p1a: Red Lobster|Crawdaunt, M|36/100|[from] U-turn
|
|upkeep
|turn|24
|
|t:|1781498692
|switch|p2a: Pisces|Alomomola, M, shiny|88/100 par
|move|p1a: Red Lobster|Knock Off|p2a: Pisces
|-damage|p2a: Pisces|3/100 par
|-enditem|p2a: Pisces|Assault Vest|[from] move: Knock Off|[of] p1a: Red Lobster
|
|upkeep
|turn|25
|
|t:|1781498698
|move|p2a: Pisces|Aqua Jet|p1a: Red Lobster
|-resisted|p1a: Red Lobster
|-damage|p1a: Red Lobster|28/100
|move|p1a: Red Lobster|Knock Off|p2a: Pisces
|-damage|p2a: Pisces|0 fnt
|faint|p2a: Pisces
|
|upkeep
|
|t:|1781498700
|switch|p2a: Anonymous|Ogerpon, F|100/100
|turn|26
|
|t:|1781498708
|switch|p1a: Topaz|Zapdos, shiny, tera:Fairy|100/100
|move|p2a: Anonymous|Ivy Cudgel|p1a: Topaz
|-damage|p1a: Topaz|45/100
|
|upkeep
|turn|27
|
|t:|1781498716
|switch|p1a: Helheim|Kyurem, shiny|100/100
|-ability|p1a: Helheim|Pressure
|move|p2a: Anonymous|Ivy Cudgel|p1a: Helheim
|-resisted|p1a: Helheim
|-damage|p1a: Helheim|66/100
|
|upkeep
|turn|28
|
|t:|1781498724
|switch|p2a: Endless Nameless|Clodsire, M, shiny|86/100
|move|p1a: Helheim|Freeze-Dry|p2a: Endless Nameless
|-supereffective|p2a: Endless Nameless
|-damage|p2a: Endless Nameless|25/100
|
|upkeep
|turn|29
|
|t:|1781498734
|move|p1a: Helheim|Freeze-Dry|p2a: Endless Nameless
|-supereffective|p2a: Endless Nameless
|-damage|p2a: Endless Nameless|0 fnt
|faint|p2a: Endless Nameless
|
|upkeep
|
|t:|1781498735
|switch|p2a: Hybrid|Hydreigon, M, shiny|82/100
|turn|30
|
|t:|1781498749
|switch|p1a: Red Lobster|Crawdaunt, M|28/100
|move|p2a: Hybrid|Dark Pulse|p1a: Red Lobster
|-resisted|p1a: Red Lobster
|-damage|p1a: Red Lobster|0 fnt
|faint|p1a: Red Lobster
|
|upkeep
|
|t:|1781498753
|switch|p1a: Topaz|Zapdos, shiny, tera:Fairy|45/100
|turn|31
|
|t:|1781498756
|move|p2a: Hybrid|Dark Pulse|p1a: Topaz
|-resisted|p1a: Topaz
|-damage|p1a: Topaz|15/100
|move|p1a: Topaz|Roost|p1a: Topaz
|-heal|p1a: Topaz|65/100
|
|upkeep
|turn|32
|
|t:|1781498760
|move|p2a: Hybrid|Dark Pulse|p1a: Topaz
|-resisted|p1a: Topaz
|-damage|p1a: Topaz|33/100
|move|p1a: Topaz|Roost|p1a: Topaz
|-heal|p1a: Topaz|83/100
|
|upkeep
|turn|33
|
|t:|1781498765
|move|p2a: Hybrid|Dark Pulse|p1a: Topaz
|-resisted|p1a: Topaz
|-damage|p1a: Topaz|53/100
|cant|p1a: Topaz|flinch
|
|upkeep
|turn|34
|
|t:|1781498771
|move|p2a: Hybrid|Dark Pulse|p1a: Topaz
|-resisted|p1a: Topaz
|-damage|p1a: Topaz|25/100
|move|p1a: Topaz|Roost|p1a: Topaz
|-heal|p1a: Topaz|75/100
|
|upkeep
|turn|35
|
|t:|1781498775
|move|p2a: Hybrid|Dark Pulse|p1a: Topaz
|-resisted|p1a: Topaz
|-damage|p1a: Topaz|47/100
|move|p1a: Topaz|Roost|p1a: Topaz
|-heal|p1a: Topaz|97/100
|
|upkeep
|turn|36
|
|t:|1781498777
|move|p2a: Hybrid|Dark Pulse|p1a: Topaz
|-resisted|p1a: Topaz
|-damage|p1a: Topaz|69/100
|move|p1a: Topaz|U-turn|p2a: Hybrid
|-supereffective|p2a: Hybrid
|-damage|p2a: Hybrid|51/100
|
|t:|1781498779
|switch|p1a: Freddie Gibbs|Cinderace, M, shiny|33/100|[from] U-turn
|
|upkeep
|turn|37
|
|t:|1781498786
|move|p1a: Freddie Gibbs|U-turn|p2a: Hybrid
|-supereffective|p2a: Hybrid
|-damage|p2a: Hybrid|7/100
|
|t:|1781498789
|switch|p1a: Topaz|Zapdos, shiny, tera:Fairy|69/100|[from] U-turn
|move|p2a: Hybrid|Dark Pulse|p1a: Topaz
|-resisted|p1a: Topaz
|-damage|p1a: Topaz|38/100
|
|upkeep
|turn|38
|
|t:|1781498791
|move|p2a: Hybrid|Dark Pulse|p1a: Topaz
|-resisted|p1a: Topaz
|-damage|p1a: Topaz|10/100
|move|p1a: Topaz|Roost|p1a: Topaz
|-heal|p1a: Topaz|60/100
|
|upkeep
|turn|39
|
|t:|1781498795
|move|p2a: Hybrid|Dark Pulse|p1a: Topaz
|-resisted|p1a: Topaz
|-damage|p1a: Topaz|29/100
|move|p1a: Topaz|Discharge|p2a: Hybrid
|-resisted|p2a: Hybrid
|-damage|p2a: Hybrid|0 fnt
|faint|p2a: Hybrid
|
|upkeep
|
|t:|1781498799
|switch|p2a: Anonymous|Ogerpon, F|100/100
|turn|40
|
|t:|1781498803
|-terastallize|p2a: Anonymous|Grass
|detailschange|p2a: Anonymous|Ogerpon-Teal-Tera, F, tera:Grass
|-ability|p2a: Anonymous|Embody Aspect (Teal)|boost
|-boost|p2a: Anonymous|spe|1
|move|p2a: Anonymous|Ivy Cudgel|p1a: Topaz
|-damage|p1a: Topaz|0 fnt
|faint|p1a: Topaz
|
|upkeep
|
|t:|1781498805
|switch|p1a: Helheim|Kyurem, shiny|66/100
|-ability|p1a: Helheim|Pressure
|turn|41
|
|t:|1781498807
|move|p2a: Anonymous|Ivy Cudgel|p1a: Helheim
|-resisted|p1a: Helheim
|-crit|p1a: Helheim
|-damage|p1a: Helheim|0 fnt
|faint|p1a: Helheim
|
|upkeep
|
|t:|1781498812
|switch|p1a: Freddie Gibbs|Cinderace, M, shiny|33/100
|turn|42
|
|t:|1781498814
|move|p2a: Anonymous|Ivy Cudgel|p1a: Freddie Gibbs
|-resisted|p1a: Freddie Gibbs
|-damage|p1a: Freddie Gibbs|0 fnt
|faint|p1a: Freddie Gibbs
|
|win|Humerus_Skelepun
|raw|powerfulslash's rating: 1636 &rarr; <strong>1614</strong><br />(-22 for losing)
|raw|Humerus_Skelepun's rating: 1596 &rarr; <strong>1618</strong><br />(+22 for winning)
|l|☆Humerus_Skelepun
|player|p2|
|l|☆powerfulslash
|player|p1|
|l| soldyawife
