|badge|p1|bronze|gen9ou|100-9
|uhtml|medal-msg|<div class="broadcast-blue">Curious what those medals under the avatar are? PS now has Ladder Seasons! For more information, check out the <a href="https://www.smogon.com/forums/threads/3740067/">thread on Smogon.</a></div>
|j|☆typhlosi
|j|☆LowEL0God
|t:|1781595172
|gametype|singles
|player|p1|typhlosi|102|1771
|player|p2|LowEL0God|265|1712
|gen|9
|tier|[Gen 9] OU
|rated|
|rule|HP Percentage Mod: HP is shown in percentages
|rule|Endless Battle Clause: Forcing endless battles is banned
|rule|Species Clause: Limit one of each Pokémon
|rule|OHKO Clause: OHKO moves are banned
|rule|Evasion Items Clause: Evasion items are banned
|rule|Evasion Moves Clause: Evasion moves are banned
|rule|Evasion Abilities Clause: Evasion abilities are banned
|rule|Sleep Moves Clause: Sleep-inducing moves are banned
|clearpoke
|poke|p1|Volcanion|
|poke|p1|Darkrai|
|poke|p1|Primarina, M|
|poke|p1|Garchomp, F|
|poke|p1|Ogerpon-Cornerstone, F|
|poke|p1|Corviknight, M|
|poke|p2|Pelipper, M|
|poke|p2|Raging Bolt|
|poke|p2|Overqwil, F|
|poke|p2|Barraskewda, M|
|poke|p2|Iron Treads|
|poke|p2|Kingambit, F|
|teampreview
|c|☆LowEL0God|hf
|inactive|Battle timer is ON: inactive players will automatically lose when time's up. (requested by LowEL0God)
|
|t:|1781595182
|teamsize|p1|6
|teamsize|p2|6
|start
|switch|p1a: Volcanion|Volcanion|100/100
|switch|p2a: Raging Bolt|Raging Bolt|100/100
|-enditem|p2a: Raging Bolt|Booster Energy
|-activate|p2a: Raging Bolt|ability: Protosynthesis|[fromitem]
|-start|p2a: Raging Bolt|protosynthesisspa
|turn|1
|
|t:|1781595186
|move|p2a: Raging Bolt|Draco Meteor|p1a: Volcanion
|-damage|p1a: Volcanion|29/100
|-unboost|p2a: Raging Bolt|spa|2
|move|p1a: Volcanion|Earth Power|p2a: Raging Bolt
|-supereffective|p2a: Raging Bolt
|-damage|p2a: Raging Bolt|46/100
|
|upkeep
|turn|2
|
|t:|1781595197
|switch|p1a: Garchomp|Garchomp, F|100/100
|move|p2a: Raging Bolt|Thunder|p1a: Garchomp
|-immune|p1a: Garchomp
|
|upkeep
|turn|3
|
|t:|1781595202
|-end|p2a: Raging Bolt|Protosynthesis|[silent]
|switch|p2a: Pelipper|Pelipper, M|100/100
|-weather|RainDance|[from] ability: Drizzle|[of] p2a: Pelipper
|move|p1a: Garchomp|Scale Shot|p2a: Pelipper
|-damage|p2a: Pelipper|89/100
|-damage|p2a: Pelipper|79/100
|-damage|p2a: Pelipper|68/100
|-crit|p2a: Pelipper
|-damage|p2a: Pelipper|51/100
|-damage|p2a: Pelipper|40/100
|-hitcount|p2a: Pelipper|5
|-unboost|p1a: Garchomp|def|1
|-boost|p1a: Garchomp|spe|1
|
|-weather|RainDance|[upkeep]
|upkeep
|turn|4
|
|t:|1781595205
|move|p1a: Garchomp|Scale Shot|p2a: Pelipper
|-damage|p2a: Pelipper|28/100
|-damage|p2a: Pelipper|17/100
|-damage|p2a: Pelipper|5/100
|-damage|p2a: Pelipper|0 fnt
|faint|p2a: Pelipper
|-hitcount|p2: Pelipper|4
|-unboost|p1a: Garchomp|def|1
|-boost|p1a: Garchomp|spe|1
|
|-weather|RainDance|[upkeep]
|upkeep
|
|t:|1781595205
|switch|p2a: Kingambit|Kingambit, F|100/100
|-activate|p2a: Kingambit|ability: Supreme Overlord
|-start|p2a: Kingambit|fallen1|[silent]
|turn|5
|
|t:|1781595212
|switch|p1a: Corviknight|Corviknight, M|100/100
|-ability|p1a: Corviknight|Unnerve
|move|p2a: Kingambit|Kowtow Cleave|p1a: Corviknight
|-damage|p1a: Corviknight|65/100
|-damage|p2a: Kingambit|84/100|[from] item: Rocky Helmet|[of] p1a: Corviknight
|
|-weather|RainDance|[upkeep]
|-heal|p2a: Kingambit|90/100|[from] item: Leftovers
|upkeep
|turn|6
|
|t:|1781595215
|move|p1a: Corviknight|Body Press|p2a: Kingambit
|-supereffective|p2a: Kingambit
|-damage|p2a: Kingambit|15/100
|move|p2a: Kingambit|Swords Dance|p2a: Kingambit
|-boost|p2a: Kingambit|atk|2
|
|-weather|RainDance|[upkeep]
|-heal|p2a: Kingambit|22/100|[from] item: Leftovers
|upkeep
|turn|7
|
|t:|1781595220
|move|p2a: Kingambit|Sucker Punch||[still]
|-fail|p2a: Kingambit
|move|p1a: Corviknight|Roost|p1a: Corviknight
|-heal|p1a: Corviknight|100/100
|-singleturn|p1a: Corviknight|move: Roost
|
|-weather|RainDance|[upkeep]
|-heal|p2a: Kingambit|28/100|[from] item: Leftovers
|upkeep
|turn|8
|
|t:|1781595223
|move|p2a: Kingambit|Sucker Punch|p1a: Corviknight
|-damage|p1a: Corviknight|46/100
|-damage|p2a: Kingambit|11/100|[from] item: Rocky Helmet|[of] p1a: Corviknight
|move|p1a: Corviknight|Body Press|p2a: Kingambit
|-supereffective|p2a: Kingambit
|-damage|p2a: Kingambit|0 fnt
|faint|p2a: Kingambit
|-end|p2a: Kingambit|fallen1|[silent]
|
|-weather|RainDance|[upkeep]
|upkeep
|
|t:|1781595226
|switch|p2a: Raging Bolt|Raging Bolt|46/100
|turn|9
|
|t:|1781595229
|move|p2a: Raging Bolt|Thunder|p1a: Corviknight
|-supereffective|p1a: Corviknight
|-damage|p1a: Corviknight|0 fnt
|faint|p1a: Corviknight
|
|-weather|RainDance|[upkeep]
|upkeep
|
|t:|1781595231
|switch|p1a: Garchomp|Garchomp, F|100/100
|turn|10
|
|t:|1781595233
|-terastallize|p2a: Raging Bolt|Fairy
|move|p1a: Garchomp|Scale Shot|p2a: Raging Bolt
|-immune|p2a: Raging Bolt
|move|p2a: Raging Bolt|Draco Meteor|p1a: Garchomp
|-supereffective|p1a: Garchomp
|-damage|p1a: Garchomp|0 fnt
|-unboost|p2a: Raging Bolt|spa|2
|faint|p1a: Garchomp
|
|-weather|none
|upkeep
|
|t:|1781595237
|switch|p1a: Ogerpon|Ogerpon-Cornerstone, F|100/100
|turn|11
|
|t:|1781595239
|-end|p2a: Raging Bolt|Protosynthesis|[silent]
|switch|p2a: Iron Treads|Iron Treads|100/100
|-enditem|p2a: Iron Treads|Booster Energy
|-activate|p2a: Iron Treads|ability: Quark Drive|[fromitem]
|-start|p2a: Iron Treads|quarkdrivespe
|move|p1a: Ogerpon|Ivy Cudgel|p2a: Iron Treads|[anim] Ivy Cudgel Rock
|-resisted|p2a: Iron Treads
|-damage|p2a: Iron Treads|88/100
|
|upkeep
|turn|12
|
|t:|1781595247
|switch|p1a: Darkrai|Darkrai|100/100
|move|p2a: Iron Treads|Earth Power|p1a: Darkrai
|-damage|p1a: Darkrai|55/100
|
|upkeep
|turn|13
|
|t:|1781595250
|move|p1a: Darkrai|Focus Blast|p2a: Iron Treads
|-supereffective|p2a: Iron Treads
|-damage|p2a: Iron Treads|0 fnt
|faint|p2a: Iron Treads
|-end|p2a: Iron Treads|Quark Drive|[silent]
|
|upkeep
|
|t:|1781595251
|switch|p2a: Raging Bolt|Raging Bolt, tera:Fairy|46/100
|turn|14
|
|t:|1781595261
|move|p1a: Darkrai|Focus Blast|p2a: Raging Bolt|[miss]
|-miss|p1a: Darkrai|p2a: Raging Bolt
|move|p2a: Raging Bolt|Draco Meteor|p1a: Darkrai
|-damage|p1a: Darkrai|0 fnt
|-unboost|p2a: Raging Bolt|spa|2
|faint|p1a: Darkrai
|
|upkeep
|
|t:|1781595265
|switch|p1a: Ogerpon|Ogerpon-Cornerstone, F|100/100
|turn|15
|
|t:|1781595270
|move|p1a: Ogerpon|Ivy Cudgel|p2a: Raging Bolt|[anim] Ivy Cudgel Rock
|-damage|p2a: Raging Bolt|0 fnt
|faint|p2a: Raging Bolt
|-end|p2a: Raging Bolt|Protosynthesis|[silent]
|
|upkeep
|
|t:|1781595270
|switch|p2a: Barraskewda|Barraskewda, M|100/100
|turn|16
|
|t:|1781595282
|move|p2a: Barraskewda|Flip Turn|p1a: Ogerpon
|-damage|p1a: Ogerpon|38/100
|
|t:|1781595283
|switch|p2a: Overqwil|Overqwil, F|100/100|[from] Flip Turn
|move|p1a: Ogerpon|Ivy Cudgel|p2a: Overqwil|[anim] Ivy Cudgel Rock
|-damage|p2a: Overqwil|29/100
|
|upkeep
|turn|17
|
|t:|1781595288
|move|p1a: Ogerpon|Ivy Cudgel|p2a: Overqwil|[anim] Ivy Cudgel Rock
|-crit|p2a: Overqwil
|-damage|p2a: Overqwil|0 fnt
|faint|p2a: Overqwil
|
|upkeep
|
|t:|1781595289
|switch|p2a: Barraskewda|Barraskewda, M|100/100
|turn|18
|
|t:|1781595296
|move|p2a: Barraskewda|Aqua Jet|p1a: Ogerpon
|-damage|p1a: Ogerpon|0 fnt
|faint|p1a: Ogerpon
|
|upkeep
|
|t:|1781595299
|switch|p1a: Volcanion|Volcanion|29/100
|turn|19
|
|t:|1781595301
|move|p2a: Barraskewda|Aqua Jet|p1a: Volcanion
|-heal|p1a: Volcanion|54/100|[from] ability: Water Absorb|[of] p2a: Barraskewda
|move|p1a: Volcanion|Sludge Wave|p2a: Barraskewda
|-damage|p2a: Barraskewda|33/100
|
|upkeep
|turn|20
|
|t:|1781595305
|move|p2a: Barraskewda|Aqua Jet|p1a: Volcanion
|-heal|p1a: Volcanion|79/100|[from] ability: Water Absorb|[of] p2a: Barraskewda
|move|p1a: Volcanion|Sludge Wave|p2a: Barraskewda
|-damage|p2a: Barraskewda|0 fnt
|faint|p2a: Barraskewda
|
|win|typhlosi
|raw|typhlosi's rating: 1771 &rarr; <strong>1788</strong><br />(+17 for winning)
|raw|LowEL0God's rating: 1712 &rarr; <strong>1695</strong><br />(-17 for losing)
|c|☆LowEL0God|gg
|l|☆LowEL0God
|player|p2|
|l|☆typhlosi
|player|p1|
