|j|☆ur doggo
|j|☆Glimpse Man
|t:|1781237309
|gametype|singles
|player|p1|ur doggo|1|1616
|player|p2|Glimpse Man|acetrainer-gen4dp|1581
|gen|9
|tier|[Gen 9] OU
|rated|
|rule|HP Percentage Mod: HP is shown in percentages
|rule|Endless Battle Clause: Forcing endless battles is banned
|rule|Species Clause: Limit one of each Pokémon
|rule|OHKO Clause: OHKO moves are banned
|rule|Evasion Items Clause: Evasion items are banned
|rule|Evasion Moves Clause: Evasion moves are banned
|rule|Evasion Abilities Clause: Evasion abilities are banned
|rule|Sleep Moves Clause: Sleep-inducing moves are banned
|clearpoke
|poke|p1|Latios, M|
|poke|p1|Darkrai|
|poke|p1|Ting-Lu|
|poke|p1|Corviknight, M|
|poke|p1|Dragonite, F|
|poke|p1|Clefable, F|
|poke|p2|Great Tusk|
|poke|p2|Samurott-Hisui, F|
|poke|p2|Gholdengo|
|poke|p2|Zamazenta-*|
|poke|p2|Iron Valiant|
|poke|p2|Talonflame, F|
|teampreview
|inactive|Battle timer is ON: inactive players will automatically lose when time's up. (requested by Glimpse Man)
|
|t:|1781237316
|teamsize|p1|6
|teamsize|p2|6
|start
|switch|p1a: Clefable|Clefable, F|100/100
|switch|p2a: Samurott|Samurott-Hisui, F|100/100
|turn|1
|
|t:|1781237320
|move|p2a: Samurott|Razor Shell|p1a: Clefable
|-damage|p1a: Clefable|64/100
|-unboost|p1a: Clefable|def|1
|-damage|p2a: Samurott|84/100|[from] item: Rocky Helmet|[of] p1a: Clefable
|move|p1a: Clefable|Knock Off|p2a: Samurott
|-resisted|p2a: Samurott
|-damage|p2a: Samurott|74/100
|-enditem|p2a: Samurott|Assault Vest|[from] move: Knock Off|[of] p1a: Clefable
|
|upkeep
|turn|2
|
|t:|1781237325
|switch|p1a: Corviknight|Corviknight, M|100/100
|-ability|p1a: Corviknight|Pressure
|move|p2a: Samurott|Razor Shell|p1a: Corviknight
|-damage|p1a: Corviknight|57/100
|
|-heal|p1a: Corviknight|63/100|[from] item: Leftovers
|upkeep
|turn|3
|
|t:|1781237329
|move|p2a: Samurott|Ceaseless Edge|p1a: Corviknight
|-damage|p1a: Corviknight|28/100
|-sidestart|p1: ur doggo|Spikes
|move|p1a: Corviknight|Roost|p1a: Corviknight
|-heal|p1a: Corviknight|78/100
|-singleturn|p1a: Corviknight|move: Roost
|
|-heal|p1a: Corviknight|84/100|[from] item: Leftovers
|upkeep
|turn|4
|
|t:|1781237332
|switch|p1a: Clefable|Clefable, F|64/100
|move|p2a: Samurott|Razor Shell|p1a: Clefable
|-damage|p1a: Clefable|22/100
|-damage|p2a: Samurott|58/100|[from] item: Rocky Helmet|[of] p1a: Clefable
|
|upkeep
|turn|5
|
|t:|1781237342
|switch|p1a: Corviknight|Corviknight, M|84/100
|-ability|p1a: Corviknight|Pressure
|move|p2a: Samurott|Razor Shell|p1a: Corviknight
|-damage|p1a: Corviknight|43/100
|
|-heal|p1a: Corviknight|49/100|[from] item: Leftovers
|upkeep
|turn|6
|
|t:|1781237347
|move|p2a: Samurott|Knock Off|p1a: Corviknight
|-damage|p1a: Corviknight|10/100
|-enditem|p1a: Corviknight|Leftovers|[from] move: Knock Off|[of] p2a: Samurott
|move|p1a: Corviknight|Roost|p1a: Corviknight
|-heal|p1a: Corviknight|60/100
|-singleturn|p1a: Corviknight|move: Roost
|
|upkeep
|turn|7
|
|t:|1781237356
|move|p2a: Samurott|Razor Shell|p1a: Corviknight
|-damage|p1a: Corviknight|16/100
|move|p1a: Corviknight|Roost|p1a: Corviknight
|-heal|p1a: Corviknight|66/100
|-singleturn|p1a: Corviknight|move: Roost
|
|upkeep
|turn|8
|
|t:|1781237359
|move|p2a: Samurott|Razor Shell|p1a: Corviknight
|-damage|p1a: Corviknight|25/100
|move|p1a: Corviknight|Brave Bird|p2a: Samurott
|-damage|p2a: Samurott|15/100
|-damage|p1a: Corviknight|13/100|[from] Recoil
|
|upkeep
|turn|9
|
|t:|1781237369
|move|p2a: Samurott|Razor Shell|p1a: Corviknight
|-damage|p1a: Corviknight|0 fnt
|faint|p1a: Corviknight
|
|upkeep
|
|t:|1781237374
|switch|p1a: Darkrai|Darkrai|100/100
|turn|10
|
|t:|1781237378
|move|p2a: Samurott|Sucker Punch|p1a: Darkrai
|-resisted|p1a: Darkrai
|-damage|p1a: Darkrai|78/100
|move|p1a: Darkrai|Dark Pulse|p2a: Samurott
|-resisted|p2a: Samurott
|-damage|p2a: Samurott|0 fnt
|faint|p2a: Samurott
|
|upkeep
|
|t:|1781237401
|switch|p2a: Zamazenta|Zamazenta|100/100
|-ability|p2a: Zamazenta|Dauntless Shield|boost
|-boost|p2a: Zamazenta|def|1
|turn|11
|inactive|ur doggo has 120 seconds left.
|j| Kisaragi Station
|
|t:|1781237459
|-terastallize|p1a: Darkrai|Ghost
|move|p2a: Zamazenta|Body Press|p1a: Darkrai
|-immune|p1a: Darkrai
|move|p1a: Darkrai|Will-O-Wisp|p2a: Zamazenta
|-status|p2a: Zamazenta|brn
|
|-damage|p2a: Zamazenta|94/100 brn|[from] brn
|upkeep
|turn|12
|
|t:|1781237464
|move|p2a: Zamazenta|Crunch|p1a: Darkrai
|-supereffective|p1a: Darkrai
|-damage|p1a: Darkrai|41/100
|move|p1a: Darkrai|Knock Off|p2a: Zamazenta
|-resisted|p2a: Zamazenta
|-damage|p2a: Zamazenta|85/100 brn
|-enditem|p2a: Zamazenta|Leftovers|[from] move: Knock Off|[of] p1a: Darkrai
|
|-damage|p2a: Zamazenta|79/100 brn|[from] brn
|upkeep
|turn|13
|
|t:|1781237475
|switch|p1a: Clefable|Clefable, F|22/100
|move|p2a: Zamazenta|Stone Edge|p1a: Clefable
|-damage|p1a: Clefable|10/100
|
|-damage|p2a: Zamazenta|72/100 brn|[from] brn
|upkeep
|turn|14
|
|t:|1781237478
|move|p2a: Zamazenta|Stone Edge|p1a: Clefable|[miss]
|-miss|p2a: Zamazenta|p1a: Clefable
|move|p1a: Clefable|Moonlight|p1a: Clefable
|-heal|p1a: Clefable|60/100
|
|-damage|p2a: Zamazenta|66/100 brn|[from] brn
|upkeep
|turn|15
|c|☆Glimpse Man|aight lmao
|c|☆ur doggo|mb
|
|t:|1781237491
|switch|p2a: Gholdengo|Gholdengo|100/100
|-item|p2a: Gholdengo|Air Balloon
|move|p1a: Clefable|Moonlight|p1a: Clefable
|-heal|p1a: Clefable|100/100
|
|upkeep
|turn|16
|
|t:|1781237506
|switch|p1a: Ting-Lu|Ting-Lu|100/100
|-damage|p1a: Ting-Lu|88/100|[from] Spikes
|-ability|p1a: Ting-Lu|Vessel of Ruin
|move|p2a: Gholdengo|Focus Blast|p1a: Ting-Lu
|-supereffective|p1a: Ting-Lu
|-damage|p1a: Ting-Lu|51/100
|
|-heal|p1a: Ting-Lu|57/100|[from] item: Leftovers
|upkeep
|turn|17
|
|t:|1781237516
|move|p2a: Gholdengo|Focus Blast|p1a: Ting-Lu
|-supereffective|p1a: Ting-Lu
|-damage|p1a: Ting-Lu|20/100
|move|p1a: Ting-Lu|Ruination|p2a: Gholdengo
|-damage|p2a: Gholdengo|51/100
|-enditem|p2a: Gholdengo|Air Balloon
|
|-heal|p1a: Ting-Lu|26/100|[from] item: Leftovers
|upkeep
|turn|18
|
|t:|1781237522
|move|p2a: Gholdengo|Make It Rain|p1a: Ting-Lu
|-damage|p1a: Ting-Lu|0 fnt
|-unboost|p2a: Gholdengo|spa|1
|faint|p1a: Ting-Lu
|
|upkeep
|
|t:|1781237525
|switch|p1a: Darkrai|Darkrai, tera:Ghost|41/100
|turn|19
|
|t:|1781237527
|switch|p2a: Zamazenta|Zamazenta|66/100 brn
|move|p1a: Darkrai|Dark Pulse|p2a: Zamazenta
|-resisted|p2a: Zamazenta
|-damage|p2a: Zamazenta|47/100 brn
|
|-damage|p2a: Zamazenta|41/100 brn|[from] brn
|upkeep
|turn|20
|
|t:|1781237533
|switch|p1a: Clefable|Clefable, F|100/100
|move|p2a: Zamazenta|Crunch|p1a: Clefable
|-resisted|p1a: Clefable
|-damage|p1a: Clefable|95/100
|-damage|p2a: Zamazenta|24/100 brn|[from] item: Rocky Helmet|[of] p1a: Clefable
|
|-damage|p2a: Zamazenta|18/100 brn|[from] brn
|upkeep
|turn|21
|
|t:|1781237537
|move|p2a: Zamazenta|Crunch|p1a: Clefable
|-resisted|p1a: Clefable
|-damage|p1a: Clefable|90/100
|-damage|p2a: Zamazenta|1/100 brn|[from] item: Rocky Helmet|[of] p1a: Clefable
|move|p1a: Clefable|Stealth Rock|p2a: Zamazenta
|-sidestart|p2: Glimpse Man|move: Stealth Rock
|
|-damage|p2a: Zamazenta|0 fnt|[from] brn
|faint|p2a: Zamazenta
|upkeep
|
|t:|1781237539
|switch|p2a: Gholdengo|Gholdengo|51/100
|-damage|p2a: Gholdengo|45/100|[from] Stealth Rock
|turn|22
|
|t:|1781237555
|switch|p1a: Latios|Latios, M|100/100
|move|p2a: Gholdengo|Make It Rain|p1a: Latios
|-damage|p1a: Latios|28/100
|-unboost|p2a: Gholdengo|spa|1
|
|upkeep
|turn|23
|
|t:|1781237562
|move|p1a: Latios|Psychic Noise|p2a: Gholdengo
|-resisted|p2a: Gholdengo
|-damage|p2a: Gholdengo|23/100
|-start|p2a: Gholdengo|move: Heal Block
|move|p2a: Gholdengo|Shadow Ball|p1a: Latios
|-supereffective|p1a: Latios
|-damage|p1a: Latios|0 fnt
|faint|p1a: Latios
|
|upkeep
|
|t:|1781237564
|switch|p1a: Darkrai|Darkrai, tera:Ghost|41/100
|turn|24
|
|t:|1781237567
|move|p1a: Darkrai|Dark Pulse|p2a: Gholdengo
|-supereffective|p2a: Gholdengo
|-crit|p2a: Gholdengo
|-damage|p2a: Gholdengo|0 fnt
|faint|p2a: Gholdengo
|
|upkeep
|
|t:|1781237573
|switch|p2a: Iron Valiant|Iron Valiant|100/100
|-damage|p2a: Iron Valiant|94/100|[from] Stealth Rock
|-enditem|p2a: Iron Valiant|Booster Energy
|-activate|p2a: Iron Valiant|ability: Quark Drive|[fromitem]
|-start|p2a: Iron Valiant|quarkdrivespe
|turn|25
|
|t:|1781237585
|switch|p1a: Dragonite|Dragonite, F|100/100
|move|p2a: Iron Valiant|Knock Off|p1a: Dragonite
|-crit|p1a: Dragonite
|-damage|p1a: Dragonite|74/100
|-enditem|p1a: Dragonite|Heavy-Duty Boots|[from] move: Knock Off|[of] p2a: Iron Valiant
|
|upkeep
|turn|26
|
|t:|1781237587
|move|p1a: Dragonite|Extreme Speed|p2a: Iron Valiant
|-damage|p2a: Iron Valiant|52/100
|move|p2a: Iron Valiant|Ice Punch|p1a: Dragonite
|-supereffective|p1a: Dragonite
|-damage|p1a: Dragonite|0 fnt
|faint|p1a: Dragonite
|
|upkeep
|
|t:|1781237591
|switch|p1a: Clefable|Clefable, F|90/100
|turn|27
|
|t:|1781237602
|move|p2a: Iron Valiant|Knock Off|p1a: Clefable
|-resisted|p1a: Clefable
|-damage|p1a: Clefable|78/100
|-damage|p2a: Iron Valiant|35/100|[from] item: Rocky Helmet|[of] p1a: Clefable
|-enditem|p1a: Clefable|Rocky Helmet|[from] move: Knock Off|[of] p2a: Iron Valiant
|move|p1a: Clefable|Moonblast|p2a: Iron Valiant
|-supereffective|p2a: Iron Valiant
|-damage|p2a: Iron Valiant|0 fnt
|faint|p2a: Iron Valiant
|-end|p2a: Iron Valiant|Quark Drive|[silent]
|
|upkeep
|
|t:|1781237604
|switch|p2a: Talonflame|Talonflame, F|100/100
|turn|28
|
|t:|1781237607
|move|p2a: Talonflame|Taunt|p1a: Clefable
|-start|p1a: Clefable|move: Taunt
|move|p1a: Clefable|Knock Off|p2a: Talonflame
|-damage|p2a: Talonflame|84/100
|-enditem|p2a: Talonflame|Heavy-Duty Boots|[from] move: Knock Off|[of] p1a: Clefable
|
|upkeep
|turn|29
|
|t:|1781237610
|move|p2a: Talonflame|Defog|p1a: Clefable
|-unboost|p1a: Clefable|evasion|1
|-sideend|p1: ur doggo|Spikes|[from] move: Defog|[of] p2a: Talonflame
|-sideend|p2: Glimpse Man|Stealth Rock|[from] move: Defog|[of] p2a: Talonflame
|move|p1a: Clefable|Moonblast|p2a: Talonflame
|-resisted|p2a: Talonflame
|-damage|p2a: Talonflame|59/100
|-unboost|p2a: Talonflame|spa|1
|
|upkeep
|turn|30
|
|t:|1781237613
|move|p2a: Talonflame|Will-O-Wisp|p1a: Clefable
|-status|p1a: Clefable|brn
|move|p1a: Clefable|Moonblast|p2a: Talonflame
|-resisted|p2a: Talonflame
|-damage|p2a: Talonflame|31/100
|-unboost|p2a: Talonflame|spa|1
|
|-end|p1a: Clefable|move: Taunt
|upkeep
|turn|31
|
|t:|1781237616
|move|p2a: Talonflame|Taunt|p1a: Clefable
|-start|p1a: Clefable|move: Taunt
|move|p1a: Clefable|Moonblast|p2a: Talonflame
|-resisted|p2a: Talonflame
|-damage|p2a: Talonflame|5/100
|
|upkeep
|turn|32
|
|t:|1781237622
|switch|p1a: Darkrai|Darkrai, tera:Ghost|41/100
|move|p2a: Talonflame|Defog|p1a: Darkrai
|-unboost|p1a: Darkrai|evasion|1
|
|upkeep
|turn|33
|
|t:|1781237626
|move|p2a: Talonflame|Taunt|p1a: Darkrai
|-start|p1a: Darkrai|move: Taunt
|move|p1a: Darkrai|Dark Pulse|p2a: Talonflame
|-damage|p2a: Talonflame|0 fnt
|faint|p2a: Talonflame
|
|upkeep
|
|t:|1781237627
|switch|p2a: Great Tusk|Great Tusk|100/100
|turn|34
|
|t:|1781237639
|move|p1a: Darkrai|Ice Beam|p2a: Great Tusk
|-supereffective|p2a: Great Tusk
|-damage|p2a: Great Tusk|7/100
|move|p2a: Great Tusk|Headlong Rush|p1a: Darkrai
|-damage|p1a: Darkrai|0 fnt
|-unboost|p2a: Great Tusk|def|1
|-unboost|p2a: Great Tusk|spd|1
|faint|p1a: Darkrai
|
|-heal|p2a: Great Tusk|13/100|[from] item: Leftovers
|upkeep
|c|☆Glimpse Man|that miss won it bruh
|
|t:|1781237644
|switch|p1a: Clefable|Clefable, F|78/100 brn
|turn|35
|c|☆Glimpse Man|gg
|c|☆ur doggo|gg
|
|t:|1781237649
|move|p2a: Great Tusk|Headlong Rush|p1a: Clefable
|-damage|p1a: Clefable|26/100 brn
|-unboost|p2a: Great Tusk|def|1
|-unboost|p2a: Great Tusk|spd|1
|move|p1a: Clefable|Moonblast|p2a: Great Tusk
|-supereffective|p2a: Great Tusk
|-damage|p2a: Great Tusk|0 fnt
|faint|p2a: Great Tusk
|-end|p2a: Great Tusk|Protosynthesis|[silent]
|
|win|ur doggo
|raw|ur doggo's rating: 1616 &rarr; <strong>1634</strong><br />(+18 for winning)
|raw|Glimpse Man's rating: 1581 &rarr; <strong>1563</strong><br />(-18 for losing)
|l|☆Glimpse Man
|player|p2|
|j|☆Glimpse Man
|player|p2|Glimpse Man|acetrainer-gen4dp|
|l|☆Glimpse Man
|player|p2|
|l|☆ur doggo
|player|p1|
