|j|☆himothy jr
|j|☆myree
|t:|1781374914
|gametype|singles
|player|p1|himothy jr|2|1542
|player|p2|myree|benga|1624
|gen|9
|tier|[Gen 9] OU
|rated|
|rule|HP Percentage Mod: HP is shown in percentages
|rule|Endless Battle Clause: Forcing endless battles is banned
|rule|Species Clause: Limit one of each Pokémon
|rule|OHKO Clause: OHKO moves are banned
|rule|Evasion Items Clause: Evasion items are banned
|rule|Evasion Moves Clause: Evasion moves are banned
|rule|Evasion Abilities Clause: Evasion abilities are banned
|rule|Sleep Moves Clause: Sleep-inducing moves are banned
|clearpoke
|poke|p1|Samurott-Hisui, M|
|poke|p1|Gholdengo|
|poke|p1|Meowscarada, F|
|poke|p1|Raging Bolt|
|poke|p1|Great Tusk|
|poke|p1|Corviknight, F|
|poke|p2|Ting-Lu|
|poke|p2|Hydrapple, M|
|poke|p2|Iron Boulder|
|poke|p2|Iron Crown|
|poke|p2|Pecharunt|
|poke|p2|Enamorus-Therian, F|
|teampreview
|inactive|Battle timer is ON: inactive players will automatically lose when time's up. (requested by himothy jr)
|
|t:|1781374929
|teamsize|p1|6
|teamsize|p2|6
|start
|switch|p1a: Great Tusk|Great Tusk|100/100
|switch|p2a: chef boul-dar-D|Iron Boulder|100/100
|turn|1
|
|t:|1781374953
|-end|p2a: chef boul-dar-D|Quark Drive|[silent]
|switch|p2a: na'am tee|Enamorus-Therian, F|100/100
|-end|p1a: Great Tusk|Protosynthesis|[silent]
|switch|p1a: Corviknight|Corviknight, F|100/100
|-ability|p1a: Corviknight|Pressure
|
|upkeep
|turn|2
|inactive|himothy jr has 120 seconds left.
|
|t:|1781374974
|switch|p1a: Gholdengo|Gholdengo|100/100
|-item|p1a: Gholdengo|Air Balloon
|move|p2a: na'am tee|Calm Mind|p2a: na'am tee
|-boost|p2a: na'am tee|spa|1
|-boost|p2a: na'am tee|spd|1
|
|upkeep
|turn|3
|inactive|himothy jr has 120 seconds left.
|
|t:|1781374987
|-terastallize|p2a: na'am tee|Electric
|move|p1a: Gholdengo|Nasty Plot|p1a: Gholdengo
|-boost|p1a: Gholdengo|spa|2
|move|p2a: na'am tee|Calm Mind|p2a: na'am tee
|-boost|p2a: na'am tee|spa|1
|-boost|p2a: na'am tee|spd|1
|
|upkeep
|turn|4
|inactive|himothy jr has 120 seconds left.
|
|t:|1781375011
|move|p1a: Gholdengo|Nasty Plot|p1a: Gholdengo
|-boost|p1a: Gholdengo|spa|2
|move|p2a: na'am tee|Draining Kiss|p1a: Gholdengo
|-resisted|p1a: Gholdengo
|-damage|p1a: Gholdengo|69/100
|-enditem|p1a: Gholdengo|Air Balloon
|
|upkeep
|turn|5
|
|t:|1781375019
|move|p1a: Gholdengo|Shadow Ball|p2a: na'am tee
|-damage|p2a: na'am tee|42/100
|move|p2a: na'am tee|Earth Power|p1a: Gholdengo
|-supereffective|p1a: Gholdengo
|-damage|p1a: Gholdengo|0 fnt
|faint|p1a: Gholdengo
|
|upkeep
|
|t:|1781375033
|switch|p1a: Raging Bolt|Raging Bolt|100/100
|turn|6
|
|t:|1781375038
|move|p1a: Raging Bolt|Draco Meteor|p2a: na'am tee
|-damage|p2a: na'am tee|0 fnt
|-unboost|p1a: Raging Bolt|spa|2
|faint|p2a: na'am tee
|
|upkeep
|
|t:|1781375057
|switch|p2a: chef boul-dar-D|Iron Boulder|100/100
|turn|7
|inactive|himothy jr has 120 seconds left.
|
|t:|1781375068
|-end|p1a: Raging Bolt|Protosynthesis|[silent]
|switch|p1a: Corviknight|Corviknight, F|100/100
|-ability|p1a: Corviknight|Pressure
|move|p2a: chef boul-dar-D|Swords Dance|p2a: chef boul-dar-D
|-boost|p2a: chef boul-dar-D|atk|2
|
|upkeep
|turn|8
|inactive|himothy jr has 120 seconds left.
|
|t:|1781375085
|move|p2a: chef boul-dar-D|Mighty Cleave|p1a: Corviknight
|-damage|p1a: Corviknight|19/100
|-damage|p2a: chef boul-dar-D|84/100|[from] item: Rocky Helmet|[of] p1a: Corviknight
|move|p1a: Corviknight|Body Press|p2a: chef boul-dar-D
|-damage|p2a: chef boul-dar-D|59/100
|
|upkeep
|turn|9
|inactive|himothy jr has 120 seconds left.
|
|t:|1781375096
|move|p2a: chef boul-dar-D|Mighty Cleave|p1a: Corviknight
|-damage|p1a: Corviknight|0 fnt
|-damage|p2a: chef boul-dar-D|42/100|[from] item: Rocky Helmet|[of] p1a: Corviknight
|faint|p1a: Corviknight
|
|upkeep
|
|t:|1781375114
|switch|p1a: Samurott|Samurott-Hisui, M|100/100
|turn|10
|
|t:|1781375121
|-end|p2a: chef boul-dar-D|Quark Drive|[silent]
|switch|p2a: dr. hyd-raa|Hydrapple, M|100/100
|move|p1a: Samurott|Sucker Punch||[still]
|-fail|p1a: Samurott
|
|upkeep
|turn|11
|
|t:|1781375147
|move|p1a: Samurott|Ceaseless Edge|p2a: dr. hyd-raa
|-damage|p2a: dr. hyd-raa|69/100
|-damage|p1a: Samurott|84/100|[from] item: Rocky Helmet|[of] p2a: dr. hyd-raa
|-sidestart|p2: myree|Spikes
|move|p2a: dr. hyd-raa|Giga Drain|p1a: Samurott
|-supereffective|p1a: Samurott
|-damage|p1a: Samurott|24/100
|-heal|p2a: dr. hyd-raa|96/100|[from] drain|[of] p1a: Samurott
|
|upkeep
|turn|12
|
|t:|1781375160
|switch|p1a: Meowscarada|Meowscarada, F|100/100
|move|p2a: dr. hyd-raa|Giga Drain|p1a: Meowscarada
|-resisted|p1a: Meowscarada
|-damage|p1a: Meowscarada|68/100
|-heal|p2a: dr. hyd-raa|100/100|[from] drain|[of] p1a: Meowscarada
|
|upkeep
|turn|13
|
|t:|1781375174
|switch|p2a: mrz. puff|Pecharunt|100/100
|-damage|p2a: mrz. puff|88/100|[from] Spikes
|move|p1a: Meowscarada|Triple Axel|p2a: mrz. puff|[miss]
|-start|p1a: Meowscarada|typechange|Ice|[from] ability: Protean
|-miss|p1a: Meowscarada|p2a: mrz. puff
|
|upkeep
|turn|14
|inactive|myree has 120 seconds left.
|
|t:|1781375210
|switch|p1a: Samurott|Samurott-Hisui, M|24/100
|move|p2a: mrz. puff|Malignant Chain|p1a: Samurott
|-damage|p1a: Samurott|0 fnt
|faint|p1a: Samurott
|
|upkeep
|
|t:|1781375225
|switch|p1a: Raging Bolt|Raging Bolt|100/100
|turn|15
|
|t:|1781375229
|switch|p2a: gov. gen.|Ting-Lu|100/100
|-damage|p2a: gov. gen.|88/100|[from] Spikes
|-ability|p2a: gov. gen.|Vessel of Ruin
|move|p1a: Raging Bolt|Draco Meteor|p2a: gov. gen.
|-damage|p2a: gov. gen.|37/100
|-unboost|p1a: Raging Bolt|spa|2
|
|-heal|p2a: gov. gen.|43/100|[from] item: Leftovers
|upkeep
|turn|16
|
|t:|1781375242
|-end|p1a: Raging Bolt|Protosynthesis|[silent]
|switch|p1a: Meowscarada|Meowscarada, F|68/100
|move|p2a: gov. gen.|Ruination|p1a: Meowscarada
|-damage|p1a: Meowscarada|34/100
|
|-heal|p2a: gov. gen.|49/100|[from] item: Leftovers
|upkeep
|turn|17
|inactive|myree has 120 seconds left.
|
|t:|1781375269
|switch|p2a: mrz. puff|Pecharunt|88/100
|-damage|p2a: mrz. puff|76/100|[from] Spikes
|move|p1a: Meowscarada|U-turn|p2a: mrz. puff
|-start|p1a: Meowscarada|typechange|Bug|[from] ability: Protean
|-resisted|p2a: mrz. puff
|-damage|p2a: mrz. puff|71/100
|-damage|p1a: Meowscarada|18/100|[from] item: Rocky Helmet|[of] p2a: mrz. puff
|
|t:|1781375279
|switch|p1a: Raging Bolt|Raging Bolt|100/100|[from] U-turn
|
|upkeep
|turn|18
|
|t:|1781375284
|switch|p2a: s. kaiki|Iron Crown|100/100
|-damage|p2a: s. kaiki|88/100|[from] Spikes
|move|p1a: Raging Bolt|Draco Meteor|p2a: s. kaiki
|-resisted|p2a: s. kaiki
|-damage|p2a: s. kaiki|54/100
|-unboost|p1a: Raging Bolt|spa|2
|
|upkeep
|turn|19
|
|t:|1781375306
|move|p2a: s. kaiki|Tachyon Cutter|p1a: Raging Bolt
|-resisted|p1a: Raging Bolt
|-damage|p1a: Raging Bolt|88/100
|-resisted|p1a: Raging Bolt
|-damage|p1a: Raging Bolt|76/100
|-hitcount|p1a: Raging Bolt|2
|move|p1a: Raging Bolt|Draco Meteor|p2a: s. kaiki
|-resisted|p2a: s. kaiki
|-damage|p2a: s. kaiki|38/100
|-unboost|p1a: Raging Bolt|spa|2
|
|upkeep
|turn|20
|inactive|himothy jr has 90 seconds left.
|
|t:|1781375327
|-end|p1a: Raging Bolt|Protosynthesis|[silent]
|switch|p1a: Great Tusk|Great Tusk|100/100
|move|p2a: s. kaiki|Tachyon Cutter|p1a: Great Tusk
|-damage|p1a: Great Tusk|64/100
|-damage|p1a: Great Tusk|31/100
|-hitcount|p1a: Great Tusk|2
|
|upkeep
|turn|21
|inactive|himothy jr has 90 seconds left.
|
|t:|1781375339
|-end|p2a: s. kaiki|Quark Drive|[silent]
|switch|p2a: dr. hyd-raa|Hydrapple, M|100/100
|-damage|p2a: dr. hyd-raa|88/100|[from] Spikes
|move|p1a: Great Tusk|Knock Off|p2a: dr. hyd-raa
|-damage|p2a: dr. hyd-raa|66/100
|-damage|p1a: Great Tusk|14/100|[from] item: Rocky Helmet|[of] p2a: dr. hyd-raa
|-enditem|p2a: dr. hyd-raa|Rocky Helmet|[from] move: Knock Off|[of] p1a: Great Tusk
|
|upkeep
|turn|22
|inactive|himothy jr has 90 seconds left.
|
|t:|1781375352
|switch|p2a: mrz. puff|Pecharunt|71/100
|-damage|p2a: mrz. puff|59/100|[from] Spikes
|move|p1a: Great Tusk|Stealth Rock|p2a: mrz. puff
|-sidestart|p2: myree|move: Stealth Rock
|
|upkeep
|turn|23
|inactive|himothy jr has 90 seconds left.
|
|t:|1781375371
|switch|p2a: dr. hyd-raa|Hydrapple, M|99/100
|-damage|p2a: dr. hyd-raa|87/100|[from] Spikes
|-damage|p2a: dr. hyd-raa|74/100|[from] Stealth Rock
|move|p1a: Great Tusk|Headlong Rush|p2a: dr. hyd-raa
|-resisted|p2a: dr. hyd-raa
|-damage|p2a: dr. hyd-raa|53/100
|-unboost|p1a: Great Tusk|def|1
|-unboost|p1a: Great Tusk|spd|1
|
|upkeep
|turn|24
|j| hgghgbc
|
|t:|1781375391
|move|p1a: Great Tusk|Headlong Rush|p2a: dr. hyd-raa
|-resisted|p2a: dr. hyd-raa
|-damage|p2a: dr. hyd-raa|33/100
|-unboost|p1a: Great Tusk|def|1
|-unboost|p1a: Great Tusk|spd|1
|move|p2a: dr. hyd-raa|Fickle Beam|p1a: Great Tusk
|-damage|p1a: Great Tusk|0 fnt
|faint|p1a: Great Tusk
|-end|p1a: Great Tusk|Protosynthesis|[silent]
|
|upkeep
|inactive|himothy jr has 60 seconds left.
|
|t:|1781375432
|switch|p1a: Meowscarada|Meowscarada, F|18/100
|turn|25
|
|t:|1781375441
|switch|p2a: mrz. puff|Pecharunt|59/100
|-damage|p2a: mrz. puff|46/100|[from] Spikes
|-damage|p2a: mrz. puff|34/100|[from] Stealth Rock
|move|p1a: Meowscarada|Knock Off|p2a: mrz. puff
|-start|p1a: Meowscarada|typechange|Dark|[from] ability: Protean
|-supereffective|p2a: mrz. puff
|-damage|p2a: mrz. puff|0 fnt
|-damage|p1a: Meowscarada|2/100|[from] item: Rocky Helmet|[of] p2a: mrz. puff
|-enditem|p2a: mrz. puff|Rocky Helmet|[from] move: Knock Off|[of] p1a: Meowscarada
|faint|p2a: mrz. puff
|
|upkeep
|
|t:|1781375469
|switch|p2a: dr. hyd-raa|Hydrapple, M|66/100
|-damage|p2a: dr. hyd-raa|54/100|[from] Spikes
|-damage|p2a: dr. hyd-raa|42/100|[from] Stealth Rock
|turn|26
|inactive|himothy jr has 60 seconds left.
|
|t:|1781375476
|move|p1a: Meowscarada|Knock Off|p2a: dr. hyd-raa
|-damage|p2a: dr. hyd-raa|19/100
|move|p2a: dr. hyd-raa|Fickle Beam|p1a: Meowscarada
|-damage|p1a: Meowscarada|0 fnt
|faint|p1a: Meowscarada
|
|upkeep
|inactive|himothy jr has 60 seconds left.
|
|t:|1781375484
|switch|p1a: Raging Bolt|Raging Bolt|76/100
|turn|27
|-message|himothy jr forfeited.
|
|win|myree
|raw|himothy jr's rating: 1542 &rarr; <strong>1527</strong><br />(-15 for losing)
|raw|myree's rating: 1624 &rarr; <strong>1639</strong><br />(+15 for winning)
|l|☆himothy jr
|player|p1|
|l| hgghgbc
|l|☆myree
|player|p2|
