|j|☆waynegoobey
|j|☆juli<33
|t:|1781260669
|gametype|singles
|player|p1|waynegoobey|benga|1637
|player|p2|juli<33|irida|1690
|gen|9
|tier|[Gen 9] OU
|rated|
|rule|HP Percentage Mod: HP is shown in percentages
|rule|Endless Battle Clause: Forcing endless battles is banned
|rule|Species Clause: Limit one of each Pokémon
|rule|OHKO Clause: OHKO moves are banned
|rule|Evasion Items Clause: Evasion items are banned
|rule|Evasion Moves Clause: Evasion moves are banned
|rule|Evasion Abilities Clause: Evasion abilities are banned
|rule|Sleep Moves Clause: Sleep-inducing moves are banned
|clearpoke
|poke|p1|Hatterene, F|
|poke|p1|Kingambit, M|
|poke|p1|Moltres|
|poke|p1|Ursaluna, F|
|poke|p1|Ogerpon-Wellspring, F|
|poke|p1|Maushold-Four|
|poke|p2|Great Tusk|
|poke|p2|Slowking-Galar, M|
|poke|p2|Corviknight, F|
|poke|p2|Clefable, F|
|poke|p2|Samurott-Hisui, F|
|poke|p2|Dragapult, F|
|teampreview
|inactive|Battle timer is ON: inactive players will automatically lose when time's up. (requested by juli<33)
|
|t:|1781260675
|teamsize|p1|6
|teamsize|p2|6
|start
|switch|p1a: Ogerpon|Ogerpon-Wellspring, F|100/100
|switch|p2a: Bull's-eye|Dragapult, F, shiny|100/100
|turn|1
|j| Puyu paz
|
|t:|1781260679
|move|p2a: Bull's-eye|U-turn|p1a: Ogerpon
|-supereffective|p1a: Ogerpon
|-damage|p1a: Ogerpon|55/100
|
|t:|1781260682
|switch|p2a: Voyageur|Corviknight, F|100/100|[from] U-turn
|-ability|p2a: Voyageur|Pressure
|move|p1a: Ogerpon|Knock Off|p2a: Voyageur
|-damage|p2a: Voyageur|76/100
|-damage|p1a: Ogerpon|38/100|[from] item: Rocky Helmet|[of] p2a: Voyageur
|-enditem|p2a: Voyageur|Rocky Helmet|[from] move: Knock Off|[of] p1a: Ogerpon
|
|upkeep
|turn|2
|
|t:|1781260687
|move|p1a: Ogerpon|U-turn|p2a: Voyageur
|-resisted|p2a: Voyageur
|-damage|p2a: Voyageur|72/100
|
|t:|1781260690
|switch|p1a: Moltres|Moltres|100/100|[from] U-turn
|move|p2a: Voyageur|U-turn|p1a: Moltres
|-resisted|p1a: Moltres
|-damage|p1a: Moltres|98/100
|
|t:|1781260694
|switch|p2a: P!nk|Clefable, F|100/100|[from] U-turn
|
|upkeep
|turn|3
|
|t:|1781260703
|move|p1a: Moltres|Flamethrower|p2a: P!nk
|-damage|p2a: P!nk|62/100
|move|p2a: P!nk|Knock Off|p1a: Moltres
|-damage|p1a: Moltres|87/100
|-status|p2a: P!nk|brn|[from] ability: Flame Body|[of] p1a: Moltres
|-enditem|p1a: Moltres|Heavy-Duty Boots|[from] move: Knock Off|[of] p2a: P!nk
|
|-heal|p2a: P!nk|68/100 brn|[from] item: Leftovers
|upkeep
|turn|4
|
|t:|1781260710
|move|p1a: Moltres|U-turn|p2a: P!nk
|-resisted|p2a: P!nk
|-damage|p2a: P!nk|62/100 brn
|
|t:|1781260726
|switch|p1a: Hatterene|Hatterene, F|100/100|[from] U-turn
|move|p2a: P!nk|Moonlight|p2a: P!nk
|-heal|p2a: P!nk|100/100 brn
|
|upkeep
|turn|5
|
|t:|1781260740
|switch|p1a: Moltres|Moltres|87/100
|move|p2a: P!nk|Knock Off|p1a: Moltres
|-damage|p1a: Moltres|84/100
|
|upkeep
|turn|6
|
|t:|1781260744
|switch|p2a: Alchemist|Slowking-Galar, M|100/100
|move|p1a: Moltres|Flamethrower|p2a: Alchemist
|-damage|p2a: Alchemist|83/100
|
|upkeep
|turn|7
|
|t:|1781260754
|move|p1a: Moltres|Will-O-Wisp|p2a: Alchemist
|-status|p2a: Alchemist|brn
|move|p2a: Alchemist|Flamethrower|p1a: Moltres
|-resisted|p1a: Moltres
|-damage|p1a: Moltres|70/100
|
|-damage|p2a: Alchemist|77/100 brn|[from] brn
|upkeep
|turn|8
|
|t:|1781260758
|move|p1a: Moltres|Roost|p1a: Moltres
|-heal|p1a: Moltres|100/100
|-singleturn|p1a: Moltres|move: Roost
|move|p2a: Alchemist|Flamethrower|p1a: Moltres
|-resisted|p1a: Moltres
|-damage|p1a: Moltres|87/100
|
|-damage|p2a: Alchemist|71/100 brn|[from] brn
|upkeep
|turn|9
|
|t:|1781260773
|move|p1a: Moltres|Flamethrower|p2a: Alchemist
|-damage|p2a: Alchemist|53/100 brn
|move|p2a: Alchemist|Sludge Bomb|p1a: Moltres
|-damage|p1a: Moltres|47/100
|
|-damage|p2a: Alchemist|47/100 brn|[from] brn
|upkeep
|turn|10
|
|t:|1781260780
|move|p1a: Moltres|Roost|p1a: Moltres
|-heal|p1a: Moltres|97/100
|-singleturn|p1a: Moltres|move: Roost
|move|p2a: Alchemist|Sludge Bomb|p1a: Moltres
|-damage|p1a: Moltres|52/100
|-status|p1a: Moltres|psn
|
|-damage|p1a: Moltres|40/100 psn|[from] psn
|-damage|p2a: Alchemist|41/100 brn|[from] brn
|upkeep
|turn|11
|
|t:|1781260785
|switch|p1a: Kingambit|Kingambit, M|100/100
|switch|p2a: P!nk|Clefable, F|100/100 brn
|
|upkeep
|turn|12
|
|t:|1781260791
|switch|p2a: Jack|Samurott-Hisui, F, shiny|100/100
|move|p1a: Kingambit|Swords Dance|p1a: Kingambit
|-boost|p1a: Kingambit|atk|2
|
|upkeep
|turn|13
|
|t:|1781260806
|move|p2a: Jack|Ceaseless Edge|p1a: Kingambit
|-resisted|p1a: Kingambit
|-damage|p1a: Kingambit|85/100
|-sidestart|p1: waynegoobey|Spikes
|move|p1a: Kingambit|Swords Dance|p1a: Kingambit
|-boost|p1a: Kingambit|atk|2
|
|upkeep
|turn|14
|j| darkrat18
|
|t:|1781260819
|move|p2a: Jack|Ceaseless Edge|p1a: Kingambit
|-resisted|p1a: Kingambit
|-damage|p1a: Kingambit|69/100
|-sidestart|p1: waynegoobey|Spikes
|move|p1a: Kingambit|Kowtow Cleave|p2a: Jack
|-resisted|p2a: Jack
|-damage|p2a: Jack|0 fnt
|faint|p2a: Jack
|
|upkeep
|
|t:|1781260823
|switch|p2a: Loxodonta|Great Tusk|100/100
|turn|15
|
|t:|1781260828
|-terastallize|p1a: Kingambit|Dark
|move|p2a: Loxodonta|Headlong Rush|p1a: Kingambit
|-damage|p1a: Kingambit|23/100
|-unboost|p2a: Loxodonta|def|1
|-unboost|p2a: Loxodonta|spd|1
|move|p1a: Kingambit|Iron Head|p2a: Loxodonta
|-damage|p2a: Loxodonta|0 fnt
|faint|p2a: Loxodonta
|-end|p2a: Loxodonta|Protosynthesis|[silent]
|
|upkeep
|l| Puyu paz
|
|t:|1781260832
|switch|p2a: Voyageur|Corviknight, F|72/100
|-ability|p2a: Voyageur|Pressure
|turn|16
|
|t:|1781260842
|move|p1a: Kingambit|Kowtow Cleave|p2a: Voyageur
|-damage|p2a: Voyageur|0 fnt
|faint|p2a: Voyageur
|
|upkeep
|-message|juli<33 forfeited.
|
|win|waynegoobey
|raw|waynegoobey's rating: 1637 &rarr; <strong>1660</strong><br />(+23 for winning)
|raw|juli&lt;33's rating: 1690 &rarr; <strong>1667</strong><br />(-23 for losing)
|l|☆juli<33
|player|p2|
|l|☆waynegoobey
|player|p1|
|l| darkrat18
