|badge|p2|silver|gen9ou|30-9
|uhtml|medal-msg|<div class="broadcast-blue">Curious what those medals under the avatar are? PS now has Ladder Seasons! For more information, check out the <a href="https://www.smogon.com/forums/threads/3740067/">thread on Smogon.</a></div>
|j|☆isaac_gam3r
|j|☆moth ily
|t:|1781459586
|gametype|singles
|player|p1|isaac_gam3r|acetrainer-gen4dp|1746
|player|p2|moth ily|iono-masters|1914
|gen|9
|tier|[Gen 9] OU
|rated|
|rule|HP Percentage Mod: HP is shown in percentages
|rule|Endless Battle Clause: Forcing endless battles is banned
|rule|Species Clause: Limit one of each Pokémon
|rule|OHKO Clause: OHKO moves are banned
|rule|Evasion Items Clause: Evasion items are banned
|rule|Evasion Moves Clause: Evasion moves are banned
|rule|Evasion Abilities Clause: Evasion abilities are banned
|rule|Sleep Moves Clause: Sleep-inducing moves are banned
|clearpoke
|poke|p1|Primarina, F|
|poke|p1|Raging Bolt|
|poke|p1|Heatran, M|
|poke|p1|Weezing-Galar, M|
|poke|p1|Garchomp, M|
|poke|p1|Weavile, M|
|poke|p2|Tornadus-Therian, M|
|poke|p2|Slowking-Galar, F|
|poke|p2|Garganacl, M|
|poke|p2|Lokix, M|
|poke|p2|Great Tusk|
|poke|p2|Gholdengo|
|teampreview
|inactive|Battle timer is ON: inactive players will automatically lose when time's up. (requested by isaac_gam3r)
|c|☆moth ily|hf
|
|t:|1781459607
|teamsize|p1|6
|teamsize|p2|6
|start
|switch|p1a: Weavile|Weavile, M|100/100
|switch|p2a: Tornadus|Tornadus-Therian, M|100/100
|-ability|p1a: Weavile|Pressure
|turn|1
|
|t:|1781459612
|switch|p2a: Gholdengo|Gholdengo|100/100
|move|p1a: Weavile|Knock Off|p2a: Gholdengo
|-supereffective|p2a: Gholdengo
|-damage|p2a: Gholdengo|0 fnt
|-enditem|p2a: Gholdengo|Choice Scarf|[from] move: Knock Off|[of] p1a: Weavile
|faint|p2a: Gholdengo
|
|upkeep
|
|t:|1781459615
|switch|p2a: Lokix|Lokix, M|100/100
|turn|2
|j| Negative1stClass
|
|t:|1781459622
|move|p1a: Weavile|Triple Axel|p2a: Lokix
|-damage|p2a: Lokix|86/100
|-hitcount|p2a: Lokix|1
|move|p2a: Lokix|U-turn|p1a: Weavile
|-supereffective|p1a: Weavile
|-enditem|p1a: Weavile|Focus Sash
|-damage|p1a: Weavile|1/100
|
|t:|1781459626
|switch|p2a: Great Tusk|Great Tusk|100/100|[from] U-turn
|
|upkeep
|turn|3
|
|t:|1781459628
|move|p1a: Weavile|Triple Axel|p2a: Great Tusk
|-supereffective|p2a: Great Tusk
|-damage|p2a: Great Tusk|84/100
|-damage|p1a: Weavile|0 fnt|[from] item: Rocky Helmet|[of] p2a: Great Tusk
|faint|p1a: Weavile
|-hitcount|p2a: Great Tusk|1
|move|p2a: Great Tusk|Stealth Rock|p1: Weavile
|-sidestart|p1: isaac_gam3r|move: Stealth Rock
|
|upkeep
|
|t:|1781459631
|switch|p1a: Weezing|Weezing-Galar, M, shiny|100/100
|-damage|p1a: Weezing|88/100|[from] Stealth Rock
|turn|4
|
|t:|1781459635
|move|p2a: Great Tusk|Headlong Rush|p1a: Weezing
|-immune|p1a: Weezing|[from] ability: Levitate
|move|p1a: Weezing|Defog|p2a: Great Tusk
|-unboost|p2a: Great Tusk|evasion|1
|-sideend|p1: isaac_gam3r|Stealth Rock|[from] move: Defog|[of] p1a: Weezing
|
|-heal|p1a: Weezing|94/100|[from] item: Black Sludge
|upkeep
|turn|5
|
|t:|1781459641
|-end|p2a: Great Tusk|Protosynthesis|[silent]
|switch|p2a: Slowking|Slowking-Galar, F|100/100
|move|p1a: Weezing|Strange Steam|p2a: Slowking
|-resisted|p2a: Slowking
|-damage|p2a: Slowking|90/100
|
|-heal|p1a: Weezing|99/100|[from] item: Black Sludge
|upkeep
|turn|6
|
|t:|1781459645
|move|p1a: Weezing|Will-O-Wisp|p2a: Slowking
|-status|p2a: Slowking|brn
|-prepare|p2a: Slowking|Chilly Reception|[premajor]
|move|p2a: Slowking|Chilly Reception|p2a: Slowking
|-weather|Snowscape
|
|t:|1781459647
|switch|p2a: Tornadus|Tornadus-Therian, M|100/100|[from] Chilly Reception
|
|-weather|Snowscape|[upkeep]
|-heal|p1a: Weezing|100/100|[from] item: Black Sludge
|upkeep
|turn|7
|
|t:|1781459653
|move|p2a: Tornadus|Bleakwind Storm|p1a: Weezing
|-damage|p1a: Weezing|0 fnt
|faint|p1a: Weezing
|
|-weather|Snowscape|[upkeep]
|upkeep
|
|t:|1781459655
|switch|p1a: Primarina|Primarina, F, shiny|100/100
|turn|8
|
|t:|1781459657
|move|p2a: Tornadus|Bleakwind Storm|p1a: Primarina
|-damage|p1a: Primarina|40/100
|move|p1a: Primarina|Calm Mind|p1a: Primarina
|-boost|p1a: Primarina|spa|1
|-boost|p1a: Primarina|spd|1
|
|-weather|Snowscape|[upkeep]
|-heal|p1a: Primarina|46/100|[from] item: Leftovers
|upkeep
|turn|9
|
|t:|1781459666
|-terastallize|p2a: Tornadus|Flying
|move|p1a: Primarina|Protect|p1a: Primarina
|-singleturn|p1a: Primarina|Protect
|move|p2a: Tornadus|Bleakwind Storm|p1a: Primarina
|-activate|p1a: Primarina|move: Protect
|
|-weather|Snowscape|[upkeep]
|-heal|p1a: Primarina|52/100|[from] item: Leftovers
|upkeep
|turn|10
|
|t:|1781459669
|move|p2a: Tornadus|Bleakwind Storm|p1a: Primarina
|-damage|p1a: Primarina|0 fnt
|faint|p1a: Primarina
|
|-weather|none
|upkeep
|-message|isaac_gam3r forfeited.
|
|win|moth ily
|raw|isaac_gam3r's rating: 1746 &rarr; <strong>1735</strong><br />(-11 for losing)
|raw|moth ily's rating: 1914 &rarr; <strong>1925</strong><br />(+11 for winning)
|l|☆isaac_gam3r
|player|p1|
|l|☆moth ily
|player|p2|
|l| Negative1stClass
