|j|☆zyysama333
|j|☆jus4funsies
|t:|1781320404
|gametype|singles
|player|p1|zyysama333|1|1507
|player|p2|jus4funsies|teamrocket|1576
|gen|9
|tier|[Gen 9] OU
|rated|
|rule|HP Percentage Mod: HP is shown in percentages
|rule|Endless Battle Clause: Forcing endless battles is banned
|rule|Species Clause: Limit one of each Pokémon
|rule|OHKO Clause: OHKO moves are banned
|rule|Evasion Items Clause: Evasion items are banned
|rule|Evasion Moves Clause: Evasion moves are banned
|rule|Evasion Abilities Clause: Evasion abilities are banned
|rule|Sleep Moves Clause: Sleep-inducing moves are banned
|clearpoke
|poke|p1|Fezandipiti, M|
|poke|p1|Slowking-Galar, F|
|poke|p1|Great Tusk|
|poke|p1|Heatran, M|
|poke|p1|Rillaboom, M|
|poke|p1|Zapdos|
|poke|p2|Samurott-Hisui, F|
|poke|p2|Gholdengo|
|poke|p2|Great Tusk|
|poke|p2|Dragonite, M|
|poke|p2|Raging Bolt|
|poke|p2|Kingambit, M|
|teampreview
|j| mak7xr
|
|t:|1781320409
|teamsize|p1|6
|teamsize|p2|6
|start
|switch|p1a: Zapdos|Zapdos|100/100
|switch|p2a: Shamiqua|Samurott-Hisui, F|100/100
|turn|1
|
|t:|1781320421
|move|p2a: Shamiqua|Ceaseless Edge|p1a: Zapdos
|-damage|p1a: Zapdos|69/100
|-sidestart|p1: zyysama333|Spikes
|move|p1a: Zapdos|Volt Switch|p2a: Shamiqua
|-supereffective|p2a: Shamiqua
|-damage|p2a: Shamiqua|8/100
|
|t:|1781320426
|switch|p1a: Rillaboom|Rillaboom, M|100/100|[from] Volt Switch
|-damage|p1a: Rillaboom|88/100|[from] Spikes
|-fieldstart|move: Grassy Terrain|[from] ability: Grassy Surge|[of] p1a: Rillaboom
|
|-heal|p2a: Shamiqua|15/100|[from] Grassy Terrain
|-heal|p1a: Rillaboom|94/100|[from] Grassy Terrain
|-heal|p1a: Rillaboom|100/100|[from] item: Leftovers
|upkeep
|turn|2
|inactive|Battle timer is ON: inactive players will automatically lose when time's up. (requested by zyysama333)
|
|t:|1781320459
|switch|p2a: DragoniGG|Dragonite, M|100/100
|move|p1a: Rillaboom|Knock Off|p2a: DragoniGG
|-damage|p2a: DragoniGG|87/100
|-enditem|p2a: DragoniGG|Heavy-Duty Boots|[from] move: Knock Off|[of] p1a: Rillaboom
|
|upkeep
|turn|3
|
|t:|1781320469
|switch|p1a: Slowking|Slowking-Galar, F|100/100
|-damage|p1a: Slowking|88/100|[from] Spikes
|move|p2a: DragoniGG|Dragon Dance|p2a: DragoniGG
|-boost|p2a: DragoniGG|atk|1
|-boost|p2a: DragoniGG|spe|1
|
|-heal|p1a: Slowking|94/100|[from] Grassy Terrain
|-heal|p1a: Slowking|99/100|[from] item: Leftovers
|upkeep
|turn|4
|
|t:|1781320474
|move|p2a: DragoniGG|Earthquake|p1a: Slowking
|-supereffective|p1a: Slowking
|-damage|p1a: Slowking|35/100
|move|p1a: Slowking|Ice Beam|p2a: DragoniGG
|-supereffective|p2a: DragoniGG
|-damage|p2a: DragoniGG|0 fnt
|faint|p2a: DragoniGG
|
|-heal|p1a: Slowking|41/100|[from] Grassy Terrain
|-heal|p1a: Slowking|47/100|[from] item: Leftovers
|upkeep
|
|t:|1781320478
|switch|p2a: Shamiqua|Samurott-Hisui, F|15/100
|turn|5
|
|t:|1781320488
|switch|p1a: Great Tusk|Great Tusk|100/100
|-damage|p1a: Great Tusk|88/100|[from] Spikes
|move|p2a: Shamiqua|Ceaseless Edge|p1a: Great Tusk
|-resisted|p1a: Great Tusk
|-damage|p1a: Great Tusk|72/100
|-sidestart|p1: zyysama333|Spikes
|
|-heal|p2a: Shamiqua|21/100|[from] Grassy Terrain
|-heal|p1a: Great Tusk|78/100|[from] Grassy Terrain
|-fieldend|move: Grassy Terrain
|upkeep
|turn|6
|c|☆jus4funsies|grassy terrain brooo
|c|☆jus4funsies|i forgor
|
|t:|1781320496
|move|p2a: Shamiqua|Razor Shell|p1a: Great Tusk
|-supereffective|p1a: Great Tusk
|-damage|p1a: Great Tusk|2/100
|-unboost|p1a: Great Tusk|def|1
|move|p1a: Great Tusk|Knock Off|p2a: Shamiqua
|-resisted|p2a: Shamiqua
|-damage|p2a: Shamiqua|0 fnt
|-enditem|p2a: Shamiqua|Focus Sash|[from] move: Knock Off|[of] p1a: Great Tusk
|faint|p2a: Shamiqua
|
|upkeep
|
|t:|1781320504
|switch|p2a: Cinna-Mon|Gholdengo|100/100
|-item|p2a: Cinna-Mon|Air Balloon
|turn|7
|
|t:|1781320512
|move|p2a: Cinna-Mon|Shadow Ball|p1a: Great Tusk
|-damage|p1a: Great Tusk|0 fnt
|faint|p1a: Great Tusk
|-end|p1a: Great Tusk|Protosynthesis|[silent]
|
|upkeep
|
|t:|1781320516
|switch|p1a: Heatran|Heatran, M|100/100
|-damage|p1a: Heatran|84/100|[from] Spikes
|turn|8
|
|t:|1781320536
|switch|p2a: Tyrone|Great Tusk|100/100
|move|p1a: Heatran|Magma Storm|p2a: Tyrone
|-damage|p2a: Tyrone|33/100
|-activate|p2a: Tyrone|move: Magma Storm|[of] p1a: Heatran
|
|-heal|p1a: Heatran|90/100|[from] item: Leftovers
|-damage|p2a: Tyrone|21/100|[from] move: Magma Storm|[partiallytrapped]
|upkeep
|turn|9
|inactive|zyysama333 has 120 seconds left.
|
|t:|1781320568
|switch|p1a: Zapdos|Zapdos|69/100
|move|p2a: Tyrone|Headlong Rush|p1a: Zapdos
|-immune|p1a: Zapdos
|
|-end|p2a: Tyrone|Magma Storm|[partiallytrapped]|[silent]
|upkeep
|turn|10
|
|t:|1781320592
|-end|p2a: Tyrone|Protosynthesis|[silent]
|switch|p2a: Daddy long neck|Raging Bolt|100/100
|-enditem|p2a: Daddy long neck|Booster Energy
|-activate|p2a: Daddy long neck|ability: Protosynthesis|[fromitem]
|-start|p2a: Daddy long neck|protosynthesisspa
|move|p1a: Zapdos|Hurricane|p2a: Daddy long neck
|-resisted|p2a: Daddy long neck
|-damage|p2a: Daddy long neck|78/100
|
|upkeep
|turn|11
|
|t:|1781320607
|switch|p1a: Fezandipiti|Fezandipiti, M|100/100
|-damage|p1a: Fezandipiti|84/100|[from] Spikes
|move|p2a: Daddy long neck|Thunderbolt|p1a: Fezandipiti
|-damage|p1a: Fezandipiti|46/100
|
|-heal|p1a: Fezandipiti|52/100|[from] item: Leftovers
|upkeep
|turn|12
|
|t:|1781320635
|-end|p2a: Daddy long neck|Protosynthesis|[silent]
|switch|p2a: Cinna-Mon|Gholdengo|100/100
|-item|p2a: Cinna-Mon|Air Balloon
|move|p1a: Fezandipiti|Roost|p1a: Fezandipiti
|-heal|p1a: Fezandipiti|100/100
|-singleturn|p1a: Fezandipiti|move: Roost
|
|upkeep
|turn|13
|
|t:|1781320646
|move|p2a: Cinna-Mon|Nasty Plot|p2a: Cinna-Mon
|-boost|p2a: Cinna-Mon|spa|2
|move|p1a: Fezandipiti|Beat Up|p2a: Cinna-Mon
|-supereffective|p2a: Cinna-Mon
|-damage|p2a: Cinna-Mon|94/100
|-enditem|p2a: Cinna-Mon|Air Balloon
|-supereffective|p2a: Cinna-Mon
|-damage|p2a: Cinna-Mon|85/100
|-supereffective|p2a: Cinna-Mon
|-damage|p2a: Cinna-Mon|80/100
|-supereffective|p2a: Cinna-Mon
|-damage|p2a: Cinna-Mon|73/100
|-supereffective|p2a: Cinna-Mon
|-damage|p2a: Cinna-Mon|67/100
|-hitcount|p2a: Cinna-Mon|5
|
|upkeep
|turn|14
|
|t:|1781320655
|switch|p1a: Heatran|Heatran, M|90/100
|-damage|p1a: Heatran|74/100|[from] Spikes
|move|p2a: Cinna-Mon|Make It Rain|p1a: Heatran
|-resisted|p1a: Heatran
|-damage|p1a: Heatran|54/100
|-unboost|p2a: Cinna-Mon|spa|1
|
|-heal|p1a: Heatran|61/100|[from] item: Leftovers
|upkeep
|turn|15
|
|t:|1781320658
|move|p2a: Cinna-Mon|Shadow Ball|p1a: Heatran
|-crit|p1a: Heatran
|-damage|p1a: Heatran|2/100
|-unboost|p1a: Heatran|spd|1
|move|p1a: Heatran|Magma Storm|p2a: Cinna-Mon
|-supereffective|p2a: Cinna-Mon
|-damage|p2a: Cinna-Mon|0 fnt
|faint|p2a: Cinna-Mon
|
|-heal|p1a: Heatran|8/100|[from] item: Leftovers
|upkeep
|
|t:|1781320665
|switch|p2a: Tyrone|Great Tusk|21/100
|turn|16
|
|t:|1781320673
|switch|p1a: Zapdos|Zapdos|69/100
|move|p2a: Tyrone|Rapid Spin|p1a: Zapdos
|-damage|p1a: Zapdos|58/100
|-boost|p2a: Tyrone|spe|1
|
|upkeep
|turn|17
|
|t:|1781320677
|move|p2a: Tyrone|Ice Spinner|p1a: Zapdos
|-supereffective|p1a: Zapdos
|-damage|p1a: Zapdos|14/100
|move|p1a: Zapdos|Hurricane|p2a: Tyrone
|-supereffective|p2a: Tyrone
|-damage|p2a: Tyrone|0 fnt
|faint|p2a: Tyrone
|-end|p2a: Tyrone|Protosynthesis|[silent]
|
|upkeep
|
|t:|1781320681
|switch|p2a: Daddy long neck|Raging Bolt|78/100
|turn|18
|
|t:|1781320691
|switch|p1a: Fezandipiti|Fezandipiti, M|100/100
|-damage|p1a: Fezandipiti|84/100|[from] Spikes
|move|p2a: Daddy long neck|Calm Mind|p2a: Daddy long neck
|-boost|p2a: Daddy long neck|spa|1
|-boost|p2a: Daddy long neck|spd|1
|
|-heal|p1a: Fezandipiti|90/100|[from] item: Leftovers
|upkeep
|turn|19
|
|t:|1781320700
|move|p2a: Daddy long neck|Thunderbolt|p1a: Fezandipiti
|-damage|p1a: Fezandipiti|43/100
|move|p1a: Fezandipiti|Beat Up|p2a: Daddy long neck
|-damage|p2a: Daddy long neck|75/100
|-damage|p2a: Daddy long neck|71/100
|-damage|p2a: Daddy long neck|69/100
|-damage|p2a: Daddy long neck|66/100
|-damage|p2a: Daddy long neck|63/100
|-hitcount|p2a: Daddy long neck|5
|
|-heal|p1a: Fezandipiti|49/100|[from] item: Leftovers
|upkeep
|turn|20
|c|☆jus4funsies|sooo lucky
|c|☆jus4funsies|lets go
|
|t:|1781320717
|move|p2a: Daddy long neck|Thunderbolt|p1a: Fezandipiti
|-damage|p1a: Fezandipiti|7/100
|move|p1a: Fezandipiti|Beat Up|p2a: Daddy long neck
|-damage|p2a: Daddy long neck|60/100
|-status|p2a: Daddy long neck|tox|[from] ability: Toxic Chain|[of] p1a: Fezandipiti
|-damage|p2a: Daddy long neck|57/100 tox
|-damage|p2a: Daddy long neck|54/100 tox
|-damage|p2a: Daddy long neck|50/100 tox
|-damage|p2a: Daddy long neck|47/100 tox
|-hitcount|p2a: Daddy long neck|5
|
|-heal|p1a: Fezandipiti|13/100|[from] item: Leftovers
|-damage|p2a: Daddy long neck|41/100 tox|[from] psn
|upkeep
|turn|21
|
|t:|1781320723
|move|p1a: Fezandipiti|Protect|p1a: Fezandipiti
|-singleturn|p1a: Fezandipiti|Protect
|move|p2a: Daddy long neck|Thunderbolt|p1a: Fezandipiti
|-activate|p1a: Fezandipiti|move: Protect
|
|-heal|p1a: Fezandipiti|19/100|[from] item: Leftovers
|-damage|p2a: Daddy long neck|29/100 tox|[from] psn
|upkeep
|turn|22
|
|t:|1781320731
|move|p2a: Daddy long neck|Thunderbolt|p1a: Fezandipiti
|-damage|p1a: Fezandipiti|0 fnt
|faint|p1a: Fezandipiti
|
|-damage|p2a: Daddy long neck|10/100 tox|[from] psn
|upkeep
|
|t:|1781320734
|switch|p1a: Rillaboom|Rillaboom, M|100/100
|-damage|p1a: Rillaboom|84/100|[from] Spikes
|-fieldstart|move: Grassy Terrain|[from] ability: Grassy Surge|[of] p1a: Rillaboom
|turn|23
|
|t:|1781320737
|move|p2a: Daddy long neck|Thunderclap|p1a: Rillaboom
|-resisted|p1a: Rillaboom
|-damage|p1a: Rillaboom|47/100
|move|p1a: Rillaboom|Grassy Glide|p2a: Daddy long neck
|-resisted|p2a: Daddy long neck
|-damage|p2a: Daddy long neck|0 fnt
|faint|p2a: Daddy long neck
|-end|p2a: Daddy long neck|Protosynthesis|[silent]
|
|-heal|p1a: Rillaboom|53/100|[from] Grassy Terrain
|-heal|p1a: Rillaboom|59/100|[from] item: Leftovers
|upkeep
|
|t:|1781320740
|switch|p2a: WE WUZ|Kingambit, M, shiny|100/100
|-activate|p2a: WE WUZ|ability: Supreme Overlord
|-start|p2a: WE WUZ|fallen5|[silent]
|turn|24
|
|t:|1781320753
|move|p1a: Rillaboom|High Horsepower|p2a: WE WUZ
|-supereffective|p2a: WE WUZ
|-damage|p2a: WE WUZ|58/100
|move|p2a: WE WUZ|Kowtow Cleave|p1a: Rillaboom
|-damage|p1a: Rillaboom|3/100
|
|-heal|p1a: Rillaboom|9/100|[from] Grassy Terrain
|-heal|p1a: Rillaboom|16/100|[from] item: Leftovers
|-heal|p2a: WE WUZ|64/100|[from] Grassy Terrain
|upkeep
|turn|25
|
|t:|1781320758
|move|p2a: WE WUZ|Sucker Punch|p1a: Rillaboom
|-damage|p1a: Rillaboom|0 fnt
|faint|p1a: Rillaboom
|
|-heal|p2a: WE WUZ|70/100|[from] Grassy Terrain
|upkeep
|
|t:|1781320760
|switch|p1a: Zapdos|Zapdos|14/100
|turn|26
|
|t:|1781320765
|move|p1a: Zapdos|Thunder Wave|p2a: WE WUZ
|-status|p2a: WE WUZ|par
|move|p2a: WE WUZ|Kowtow Cleave|p1a: Zapdos
|-damage|p1a: Zapdos|0 fnt
|faint|p1a: Zapdos
|
|-heal|p2a: WE WUZ|76/100 par|[from] Grassy Terrain
|upkeep
|
|t:|1781320769
|switch|p1a: Slowking|Slowking-Galar, F|80/100
|-damage|p1a: Slowking|64/100|[from] Spikes
|turn|27
|
|t:|1781320772
|cant|p2a: WE WUZ|par
|move|p1a: Slowking|Ice Beam|p2a: WE WUZ
|-resisted|p2a: WE WUZ
|-damage|p2a: WE WUZ|57/100 par
|
|-heal|p2a: WE WUZ|64/100 par|[from] Grassy Terrain
|-heal|p1a: Slowking|70/100|[from] Grassy Terrain
|-heal|p1a: Slowking|76/100|[from] item: Leftovers
|-fieldend|move: Grassy Terrain
|upkeep
|turn|28
|
|t:|1781320774
|move|p2a: WE WUZ|Kowtow Cleave|p1a: Slowking
|-supereffective|p1a: Slowking
|-damage|p1a: Slowking|0 fnt
|faint|p1a: Slowking
|
|upkeep
|
|t:|1781320776
|switch|p1a: Heatran|Heatran, M|8/100
|-damage|p1a: Heatran|0 fnt|[from] Spikes
|faint|p1a: Heatran
|
|win|jus4funsies
|raw|zyysama333's rating: 1525 &rarr; <strong>1508</strong><br />(-17 for losing)
|raw|jus4funsies's rating: 1576 &rarr; <strong>1593</strong><br />(+17 for winning)
|l|☆zyysama333
|player|p1|
|c|☆jus4funsies|woww
