|j|☆Praise The Salt
|j|☆drop a baby
|t:|1781103664
|gametype|singles
|player|p1|Praise The Salt|102|1605
|player|p2|drop a baby|chase|1745
|gen|9
|tier|[Gen 9] OU
|rated|
|rule|HP Percentage Mod: HP is shown in percentages
|rule|Endless Battle Clause: Forcing endless battles is banned
|rule|Species Clause: Limit one of each Pokémon
|rule|OHKO Clause: OHKO moves are banned
|rule|Evasion Items Clause: Evasion items are banned
|rule|Evasion Moves Clause: Evasion moves are banned
|rule|Evasion Abilities Clause: Evasion abilities are banned
|rule|Sleep Moves Clause: Sleep-inducing moves are banned
|clearpoke
|poke|p1|Primarina, M|
|poke|p1|Zamazenta-*|
|poke|p1|Gholdengo|
|poke|p1|Rillaboom, M|
|poke|p1|Glimmora, M|
|poke|p1|Hydreigon, M|
|poke|p2|Darkrai|
|poke|p2|Deoxys-Speed|
|poke|p2|Raging Bolt|
|poke|p2|Kingambit, M|
|poke|p2|Iron Valiant|
|poke|p2|Great Tusk|
|teampreview
|inactive|Battle timer is ON: inactive players will automatically lose when time's up. (requested by Praise The Salt)
|j| newhere1310
|inactive|Praise The Salt has 120 seconds left.
|
|t:|1781103716
|teamsize|p1|6
|teamsize|p2|6
|start
|switch|p1a: Kong|Rillaboom, M, shiny|100/100
|switch|p2a: Speedy Gonzales|Deoxys-Speed, shiny|100/100
|-ability|p2a: Speedy Gonzales|Pressure
|-fieldstart|move: Grassy Terrain|[from] ability: Grassy Surge|[of] p1a: Kong
|turn|1
|
|t:|1781103731
|move|p2a: Speedy Gonzales|Psycho Boost|p1a: Kong
|-damage|p1a: Kong|0 fnt
|-unboost|p2a: Speedy Gonzales|spa|2
|faint|p1a: Kong
|-damage|p2a: Speedy Gonzales|91/100|[from] item: Life Orb
|
|-heal|p2a: Speedy Gonzales|97/100|[from] Grassy Terrain
|upkeep
|inactive|Praise The Salt has 120 seconds left.
|
|t:|1781103770
|switch|p1a: Spirit Rush|Gholdengo, shiny|100/100
|-enditem|p1a: Spirit Rush|Grassy Seed
|-boost|p1a: Spirit Rush|def|1|[from] item: Grassy Seed
|turn|2
|inactive|Praise The Salt has 120 seconds left.
|
|t:|1781103776
|move|p2a: Speedy Gonzales|Stealth Rock|p1a: Spirit Rush
|-sidestart|p1: Praise The Salt|move: Stealth Rock
|move|p1a: Spirit Rush|Nasty Plot|p1a: Spirit Rush
|-boost|p1a: Spirit Rush|spa|2
|
|-heal|p2a: Speedy Gonzales|100/100|[from] Grassy Terrain
|upkeep
|turn|3
|
|t:|1781103785
|move|p2a: Speedy Gonzales|Psycho Boost|p1a: Spirit Rush
|-resisted|p1a: Spirit Rush
|-damage|p1a: Spirit Rush|88/100
|-unboost|p2a: Speedy Gonzales|spa|2
|-damage|p2a: Speedy Gonzales|91/100|[from] item: Life Orb
|move|p1a: Spirit Rush|Shadow Ball|p2a: Speedy Gonzales
|-supereffective|p2a: Speedy Gonzales
|-damage|p2a: Speedy Gonzales|0 fnt
|faint|p2a: Speedy Gonzales
|
|-heal|p1a: Spirit Rush|94/100|[from] Grassy Terrain
|upkeep
|
|t:|1781103786
|switch|p2a: IMU|Darkrai|100/100
|turn|4
|
|t:|1781103790
|move|p2a: IMU|Nasty Plot|p2a: IMU
|-boost|p2a: IMU|spa|2
|move|p1a: Spirit Rush|Make It Rain|p2a: IMU
|-crit|p2a: IMU
|-enditem|p2a: IMU|Focus Sash
|-damage|p2a: IMU|1/100
|-unboost|p1a: Spirit Rush|spa|1
|
|-heal|p2a: IMU|7/100|[from] Grassy Terrain
|-heal|p1a: Spirit Rush|99/100|[from] Grassy Terrain
|upkeep
|turn|5
|
|t:|1781103803
|switch|p1a: Celestine|Primarina, M, shiny|100/100
|-damage|p1a: Celestine|88/100|[from] Stealth Rock
|move|p2a: IMU|Sludge Bomb|p1a: Celestine
|-supereffective|p1a: Celestine
|-damage|p1a: Celestine|24/100
|
|-heal|p2a: IMU|13/100|[from] Grassy Terrain
|-heal|p1a: Celestine|30/100|[from] Grassy Terrain
|-fieldend|move: Grassy Terrain
|upkeep
|turn|6
|
|t:|1781103806
|move|p2a: IMU|Sludge Bomb|p1a: Celestine
|-supereffective|p1a: Celestine
|-damage|p1a: Celestine|0 fnt
|faint|p1a: Celestine
|
|upkeep
|
|t:|1781103811
|switch|p1a: Trojan|Zamazenta, shiny|100/100
|-damage|p1a: Trojan|94/100|[from] Stealth Rock
|-ability|p1a: Trojan|Dauntless Shield|boost
|-boost|p1a: Trojan|def|1
|turn|7
|
|t:|1781103815
|move|p1a: Trojan|Body Press|p2a: IMU
|-supereffective|p2a: IMU
|-damage|p2a: IMU|0 fnt
|faint|p2a: IMU
|
|-heal|p1a: Trojan|100/100|[from] item: Leftovers
|upkeep
|
|t:|1781103817
|switch|p2a: BROTD|Great Tusk, shiny|100/100
|-enditem|p2a: BROTD|Booster Energy
|-activate|p2a: BROTD|ability: Protosynthesis|[fromitem]
|-start|p2a: BROTD|protosynthesisspe
|turn|8
|
|t:|1781103823
|switch|p1a: Spirit Rush|Gholdengo, shiny|99/100
|-damage|p1a: Spirit Rush|94/100|[from] Stealth Rock
|move|p2a: BROTD|Taunt|p1a: Spirit Rush
|-immune|p1a: Spirit Rush|[from] ability: Good as Gold
|
|upkeep
|turn|9
|
|t:|1781103832
|switch|p1a: Hybrid|Hydreigon, M, shiny|100/100
|-damage|p1a: Hybrid|88/100|[from] Stealth Rock
|move|p2a: BROTD|Headlong Rush|p1a: Hybrid
|-immune|p1a: Hybrid|[from] ability: Levitate
|
|upkeep
|turn|10
|
|t:|1781103843
|move|p2a: BROTD|Bulk Up|p2a: BROTD
|-boost|p2a: BROTD|atk|1
|-boost|p2a: BROTD|def|1
|move|p1a: Hybrid|Draco Meteor|p2a: BROTD
|-damage|p2a: BROTD|0 fnt
|-unboost|p1a: Hybrid|spa|2
|faint|p2a: BROTD
|-end|p2a: BROTD|Protosynthesis|[silent]
|
|upkeep
|
|t:|1781103845
|switch|p2a: 🎭|Iron Valiant, shiny|100/100
|-enditem|p2a: 🎭|Booster Energy
|-activate|p2a: 🎭|ability: Quark Drive|[fromitem]
|-start|p2a: 🎭|quarkdrivespe
|turn|11
|
|t:|1781103849
|switch|p1a: Bullet|Glimmora, M, shiny|100/100
|-damage|p1a: Bullet|88/100|[from] Stealth Rock
|move|p2a: 🎭|Calm Mind|p2a: 🎭
|-boost|p2a: 🎭|spa|1
|-boost|p2a: 🎭|spd|1
|
|upkeep
|turn|12
|
|t:|1781103856
|move|p2a: 🎭|Shadow Ball|p1a: Bullet
|-damage|p1a: Bullet|42/100
|-enditem|p1a: Bullet|Red Card|[of] p2a: 🎭
|-end|p2a: 🎭|Quark Drive|[silent]
|drag|p2a: Mihawk|Kingambit, M|100/100
|-activate|p2a: Mihawk|ability: Supreme Overlord
|-start|p2a: Mihawk|fallen3|[silent]
|move|p1a: Bullet|Mortal Spin|p2a: Mihawk
|-immune|p2a: Mihawk
|
|upkeep
|turn|13
|
|t:|1781103868
|move|p2a: Mihawk|Sucker Punch|p1a: Bullet
|-crit|p1a: Bullet
|-damage|p1a: Bullet|0 fnt
|-activate|p1a: Bullet|ability: Toxic Debris
|-sidestart|p2: drop a baby|move: Toxic Spikes
|faint|p1a: Bullet
|
|upkeep
|
|t:|1781103893
|switch|p1a: Trojan|Zamazenta, shiny|100/100
|-damage|p1a: Trojan|94/100|[from] Stealth Rock
|turn|14
|
|t:|1781103912
|-end|p2a: Mihawk|fallen3|[silent]
|switch|p2a: 🎭|Iron Valiant, shiny|100/100
|-status|p2a: 🎭|psn
|move|p1a: Trojan|Substitute|p1a: Trojan
|-start|p1a: Trojan|Substitute
|-damage|p1a: Trojan|69/100
|
|-heal|p1a: Trojan|76/100|[from] item: Leftovers
|-damage|p2a: 🎭|88/100 psn|[from] psn
|upkeep
|turn|15
|
|t:|1781103925
|move|p1a: Trojan|Body Press|p2a: 🎭
|-resisted|p2a: 🎭
|-crit|p2a: 🎭
|-damage|p2a: 🎭|58/100 psn
|move|p2a: 🎭|Moonblast|p1a: Trojan
|-supereffective|p1a: Trojan
|-end|p1a: Trojan|Substitute
|
|-heal|p1a: Trojan|82/100|[from] item: Leftovers
|-damage|p2a: 🎭|45/100 psn|[from] psn
|upkeep
|turn|16
|
|t:|1781103930
|switch|p1a: Spirit Rush|Gholdengo, shiny|94/100
|-damage|p1a: Spirit Rush|88/100|[from] Stealth Rock
|move|p2a: 🎭|Moonblast|p1a: Spirit Rush
|-resisted|p1a: Spirit Rush
|-damage|p1a: Spirit Rush|72/100
|-unboost|p1a: Spirit Rush|spa|1
|
|-damage|p2a: 🎭|33/100 psn|[from] psn
|upkeep
|turn|17
|
|t:|1781103940
|move|p2a: 🎭|Shadow Ball|p1a: Spirit Rush
|-supereffective|p1a: Spirit Rush
|-damage|p1a: Spirit Rush|37/100
|move|p1a: Spirit Rush|Recover|p1a: Spirit Rush
|-heal|p1a: Spirit Rush|87/100
|
|-damage|p2a: 🎭|21/100 psn|[from] psn
|upkeep
|turn|18
|
|t:|1781103946
|move|p2a: 🎭|Shadow Ball|p1a: Spirit Rush
|-supereffective|p1a: Spirit Rush
|-damage|p1a: Spirit Rush|47/100
|move|p1a: Spirit Rush|Nasty Plot|p1a: Spirit Rush
|-boost|p1a: Spirit Rush|spa|2
|
|-damage|p2a: 🎭|8/100 psn|[from] psn
|upkeep
|turn|19
|
|t:|1781103951
|move|p2a: 🎭|Shadow Ball|p1a: Spirit Rush
|-supereffective|p1a: Spirit Rush
|-damage|p1a: Spirit Rush|10/100
|move|p1a: Spirit Rush|Recover|p1a: Spirit Rush
|-heal|p1a: Spirit Rush|60/100
|
|-damage|p2a: 🎭|0 fnt|[from] psn
|faint|p2a: 🎭
|-end|p2a: 🎭|Quark Drive|[silent]
|upkeep
|
|t:|1781103954
|switch|p2a: Mihawk|Kingambit, M|100/100
|-activate|p2a: Mihawk|ability: Supreme Overlord
|-start|p2a: Mihawk|fallen4|[silent]
|turn|20
|
|t:|1781103964
|switch|p1a: Hybrid|Hydreigon, M, shiny|88/100
|-damage|p1a: Hybrid|76/100|[from] Stealth Rock
|move|p2a: Mihawk|Sucker Punch||[still]
|-fail|p2a: Mihawk
|
|upkeep
|turn|21
|
|t:|1781103972
|-terastallize|p2a: Mihawk|Dark
|move|p1a: Hybrid|Earth Power|p2a: Mihawk
|-damage|p2a: Mihawk|44/100
|move|p2a: Mihawk|Swords Dance|p2a: Mihawk
|-boost|p2a: Mihawk|atk|2
|
|upkeep
|turn|22
|
|t:|1781103983
|switch|p1a: Spirit Rush|Gholdengo, shiny|60/100
|-damage|p1a: Spirit Rush|54/100|[from] Stealth Rock
|move|p2a: Mihawk|Sucker Punch||[still]
|-fail|p2a: Mihawk
|
|upkeep
|turn|23
|
|t:|1781103988
|move|p1a: Spirit Rush|Make It Rain|p2a: Mihawk
|-damage|p2a: Mihawk|0 fnt
|-unboost|p1a: Spirit Rush|spa|1
|faint|p2a: Mihawk
|-end|p2a: Mihawk|fallen4|[silent]
|
|upkeep
|
|t:|1781103990
|switch|p2a: Hito no mi Model⚡️|Raging Bolt|100/100
|-status|p2a: Hito no mi Model⚡️|psn
|-enditem|p2a: Hito no mi Model⚡️|Booster Energy
|-activate|p2a: Hito no mi Model⚡️|ability: Protosynthesis|[fromitem]
|-start|p2a: Hito no mi Model⚡️|protosynthesisspa
|turn|24
|
|t:|1781103996
|move|p2a: Hito no mi Model⚡️|Calm Mind|p2a: Hito no mi Model⚡️
|-boost|p2a: Hito no mi Model⚡️|spa|1
|-boost|p2a: Hito no mi Model⚡️|spd|1
|move|p1a: Spirit Rush|Shadow Ball|p2a: Hito no mi Model⚡️
|-damage|p2a: Hito no mi Model⚡️|84/100 psn
|
|-damage|p2a: Hito no mi Model⚡️|72/100 psn|[from] psn
|upkeep
|turn|25
|
|t:|1781104006
|move|p2a: Hito no mi Model⚡️|Thunderbolt|p1a: Spirit Rush
|-damage|p1a: Spirit Rush|0 fnt
|faint|p1a: Spirit Rush
|
|-damage|p2a: Hito no mi Model⚡️|60/100 psn|[from] psn
|upkeep
|
|t:|1781104008
|switch|p1a: Hybrid|Hydreigon, M, shiny|76/100
|-damage|p1a: Hybrid|64/100|[from] Stealth Rock
|turn|26
|
|t:|1781104012
|move|p2a: Hito no mi Model⚡️|Thunderclap|p1a: Hybrid
|-resisted|p1a: Hybrid
|-damage|p1a: Hybrid|20/100
|move|p1a: Hybrid|Earth Power|p2a: Hito no mi Model⚡️
|-supereffective|p2a: Hito no mi Model⚡️
|-damage|p2a: Hito no mi Model⚡️|5/100 psn
|
|-damage|p2a: Hito no mi Model⚡️|0 fnt|[from] psn
|faint|p2a: Hito no mi Model⚡️
|-end|p2a: Hito no mi Model⚡️|Protosynthesis|[silent]
|
|win|Praise The Salt
|raw|Praise The Salt's rating: 1605 &rarr; <strong>1633</strong><br />(+28 for winning)
|raw|drop a baby's rating: 1745 &rarr; <strong>1717</strong><br />(-28 for losing)
|l|☆drop a baby
|player|p2|
