|j|☆101Darmanitans
|j|☆KurisuChestnutOU
|t:|1781148671
|gametype|singles
|player|p1|101Darmanitans|roxie|1571
|player|p2|KurisuChestnutOU|may-contest|1542
|gen|9
|tier|[Gen 9] OU
|rated|
|rule|HP Percentage Mod: HP is shown in percentages
|rule|Endless Battle Clause: Forcing endless battles is banned
|rule|Species Clause: Limit one of each Pokémon
|rule|OHKO Clause: OHKO moves are banned
|rule|Evasion Items Clause: Evasion items are banned
|rule|Evasion Moves Clause: Evasion moves are banned
|rule|Evasion Abilities Clause: Evasion abilities are banned
|rule|Sleep Moves Clause: Sleep-inducing moves are banned
|clearpoke
|poke|p1|Rillaboom, F|
|poke|p1|Hawlucha, M|
|poke|p1|Diancie|
|poke|p1|Samurott-Hisui, F|
|poke|p1|Glimmora, M|
|poke|p1|Ogerpon-Wellspring, F|
|poke|p2|Zamazenta-*|
|poke|p2|Zapdos|
|poke|p2|Garganacl, M|
|poke|p2|Clefable, F|
|poke|p2|Samurott-Hisui, F|
|poke|p2|Gholdengo|
|teampreview
|inactive|Battle timer is ON: inactive players will automatically lose when time's up. (requested by KurisuChestnutOU)
|
|t:|1781148701
|teamsize|p1|6
|teamsize|p2|6
|start
|switch|p1a: Glimmora|Glimmora, M|100/100
|switch|p2a: Gholdengo|Gholdengo|100/100
|turn|1
|
|t:|1781148708
|switch|p1a: Samurott|Samurott-Hisui, F|100/100
|move|p2a: Gholdengo|Make It Rain|p1a: Samurott
|-resisted|p1a: Samurott
|-damage|p1a: Samurott|50/100
|-unboost|p2a: Gholdengo|spa|1
|
|upkeep
|turn|2
|
|t:|1781148715
|switch|p2a: Zamazenta|Zamazenta|100/100
|-ability|p2a: Zamazenta|Dauntless Shield|boost
|-boost|p2a: Zamazenta|def|1
|move|p1a: Samurott|Ceaseless Edge|p2a: Zamazenta
|-resisted|p2a: Zamazenta
|-damage|p2a: Zamazenta|84/100
|-sidestart|p2: KurisuChestnutOU|Spikes
|
|-heal|p2a: Zamazenta|90/100|[from] item: Leftovers
|upkeep
|turn|3
|
|t:|1781148730
|switch|p1a: Glimmora|Glimmora, M|100/100
|move|p2a: Zamazenta|Iron Defense|p2a: Zamazenta
|-boost|p2a: Zamazenta|def|2
|
|-heal|p2a: Zamazenta|96/100|[from] item: Leftovers
|upkeep
|turn|4
|
|t:|1781148747
|-terastallize|p1a: Glimmora|Ghost
|move|p2a: Zamazenta|Body Press|p1a: Glimmora
|-immune|p1a: Glimmora
|move|p1a: Glimmora|Mortal Spin|p2a: Zamazenta
|-crit|p2a: Zamazenta
|-damage|p2a: Zamazenta|90/100
|-status|p2a: Zamazenta|psn
|
|-heal|p2a: Zamazenta|96/100 psn|[from] item: Leftovers
|-damage|p2a: Zamazenta|84/100 psn|[from] psn
|upkeep
|turn|5
|
|t:|1781148752
|move|p2a: Zamazenta|Crunch|p1a: Glimmora
|-supereffective|p1a: Glimmora
|-damage|p1a: Glimmora|50/100
|-activate|p1a: Glimmora|ability: Toxic Debris
|-sidestart|p2: KurisuChestnutOU|move: Toxic Spikes
|move|p1a: Glimmora|Stealth Rock|p2a: Zamazenta
|-sidestart|p2: KurisuChestnutOU|move: Stealth Rock
|
|-heal|p2a: Zamazenta|90/100 psn|[from] item: Leftovers
|-damage|p2a: Zamazenta|78/100 psn|[from] psn
|upkeep
|turn|6
|
|t:|1781148763
|move|p2a: Zamazenta|Crunch|p1a: Glimmora
|-supereffective|p1a: Glimmora
|-damage|p1a: Glimmora|0 fnt
|-activate|p1a: Glimmora|ability: Toxic Debris
|-sidestart|p2: KurisuChestnutOU|move: Toxic Spikes
|faint|p1a: Glimmora
|
|-heal|p2a: Zamazenta|84/100 psn|[from] item: Leftovers
|-damage|p2a: Zamazenta|71/100 psn|[from] psn
|upkeep
|
|t:|1781148768
|switch|p1a: Rillaboom|Rillaboom, F|100/100
|-fieldstart|move: Grassy Terrain|[from] ability: Grassy Surge|[of] p1a: Rillaboom
|turn|7
|
|t:|1781148772
|move|p2a: Zamazenta|Body Press|p1a: Rillaboom
|-damage|p1a: Rillaboom|29/100
|move|p1a: Rillaboom|U-turn|p2a: Zamazenta
|-resisted|p2a: Zamazenta
|-damage|p2a: Zamazenta|67/100 psn
|
|t:|1781148777
|switch|p1a: Hawlucha|Hawlucha, M|100/100|[from] U-turn
|-enditem|p1a: Hawlucha|Grassy Seed
|-boost|p1a: Hawlucha|def|1|[from] item: Grassy Seed
|
|-heal|p2a: Zamazenta|73/100 psn|[from] Grassy Terrain
|-heal|p2a: Zamazenta|80/100 psn|[from] item: Leftovers
|-damage|p2a: Zamazenta|67/100 psn|[from] psn
|upkeep
|turn|8
|
|t:|1781148781
|move|p1a: Hawlucha|Swords Dance|p1a: Hawlucha
|-boost|p1a: Hawlucha|atk|2
|move|p2a: Zamazenta|Roar|p1a: Hawlucha
|drag|p1a: Ogerpon|Ogerpon-Wellspring, F|100/100
|
|-heal|p2a: Zamazenta|73/100 psn|[from] Grassy Terrain
|-heal|p2a: Zamazenta|80/100 psn|[from] item: Leftovers
|-damage|p2a: Zamazenta|67/100 psn|[from] psn
|upkeep
|turn|9
|
|t:|1781148794
|move|p2a: Zamazenta|Body Press|p1a: Ogerpon
|-damage|p1a: Ogerpon|0 fnt
|faint|p1a: Ogerpon
|
|-heal|p2a: Zamazenta|73/100 psn|[from] Grassy Terrain
|-heal|p2a: Zamazenta|80/100 psn|[from] item: Leftovers
|-damage|p2a: Zamazenta|67/100 psn|[from] psn
|upkeep
|
|t:|1781148797
|switch|p1a: Hawlucha|Hawlucha, M|100/100
|turn|10
|
|t:|1781148804
|move|p2a: Zamazenta|Body Press|p1a: Hawlucha
|-resisted|p1a: Hawlucha
|-damage|p1a: Hawlucha|51/100
|move|p1a: Hawlucha|Acrobatics|p2a: Zamazenta
|-supereffective|p2a: Zamazenta
|-damage|p2a: Zamazenta|37/100 psn
|
|-heal|p2a: Zamazenta|44/100 psn|[from] Grassy Terrain
|-heal|p2a: Zamazenta|50/100 psn|[from] item: Leftovers
|-damage|p2a: Zamazenta|37/100 psn|[from] psn
|upkeep
|turn|11
|
|t:|1781148811
|move|p2a: Zamazenta|Body Press|p1a: Hawlucha
|-resisted|p1a: Hawlucha
|-damage|p1a: Hawlucha|0 fnt
|faint|p1a: Hawlucha
|
|-heal|p2a: Zamazenta|44/100 psn|[from] Grassy Terrain
|-heal|p2a: Zamazenta|50/100 psn|[from] item: Leftovers
|-damage|p2a: Zamazenta|37/100 psn|[from] psn
|upkeep
|
|t:|1781148817
|switch|p1a: Diancie|Diancie|100/100
|-enditem|p1a: Diancie|Grassy Seed
|-boost|p1a: Diancie|def|1|[from] item: Grassy Seed
|turn|12
|
|t:|1781148822
|move|p2a: Zamazenta|Body Press|p1a: Diancie
|-damage|p1a: Diancie|62/100
|move|p1a: Diancie|Iron Defense|p1a: Diancie
|-boost|p1a: Diancie|def|2
|
|-heal|p2a: Zamazenta|44/100 psn|[from] Grassy Terrain
|-heal|p2a: Zamazenta|50/100 psn|[from] item: Leftovers
|-heal|p1a: Diancie|68/100|[from] Grassy Terrain
|-damage|p2a: Zamazenta|37/100 psn|[from] psn
|upkeep
|turn|13
|
|t:|1781148826
|move|p2a: Zamazenta|Body Press|p1a: Diancie
|-damage|p1a: Diancie|45/100
|move|p1a: Diancie|Draining Kiss|p2a: Zamazenta
|-supereffective|p2a: Zamazenta
|-damage|p2a: Zamazenta|12/100 psn
|-heal|p1a: Diancie|69/100|[from] drain|[of] p2a: Zamazenta
|
|-heal|p2a: Zamazenta|18/100 psn|[from] Grassy Terrain
|-heal|p2a: Zamazenta|24/100 psn|[from] item: Leftovers
|-heal|p1a: Diancie|75/100|[from] Grassy Terrain
|-damage|p2a: Zamazenta|12/100 psn|[from] psn
|upkeep
|turn|14
|j| EBT FOOD STAMPS
|
|t:|1781148830
|move|p2a: Zamazenta|Body Press|p1a: Diancie
|-damage|p1a: Diancie|52/100
|move|p1a: Diancie|Draining Kiss|p2a: Zamazenta
|-supereffective|p2a: Zamazenta
|-damage|p2a: Zamazenta|0 fnt
|-heal|p1a: Diancie|64/100|[from] drain|[of] p2a: Zamazenta
|faint|p2a: Zamazenta
|
|-heal|p1a: Diancie|70/100|[from] Grassy Terrain
|-fieldend|move: Grassy Terrain
|upkeep
|
|t:|1781148836
|switch|p2a: Gholdengo|Gholdengo|100/100
|-damage|p2a: Gholdengo|88/100|[from] Spikes
|-damage|p2a: Gholdengo|82/100|[from] Stealth Rock
|turn|15
|
|t:|1781148841
|switch|p1a: Rillaboom|Rillaboom, F|29/100
|-fieldstart|move: Grassy Terrain|[from] ability: Grassy Surge|[of] p1a: Rillaboom
|move|p2a: Gholdengo|Dazzling Gleam|p1a: Rillaboom
|-damage|p1a: Rillaboom|0 fnt
|faint|p1a: Rillaboom
|
|-heal|p2a: Gholdengo|88/100|[from] Grassy Terrain
|upkeep
|
|t:|1781148848
|switch|p1a: Samurott|Samurott-Hisui, F|50/100
|turn|16
|
|t:|1781148855
|move|p1a: Samurott|Sucker Punch|p2a: Gholdengo
|-supereffective|p2a: Gholdengo
|-crit|p2a: Gholdengo
|-damage|p2a: Gholdengo|0 fnt
|faint|p2a: Gholdengo
|
|-heal|p1a: Samurott|56/100|[from] Grassy Terrain
|upkeep
|
|t:|1781148859
|switch|p2a: Zapdos|Zapdos|100/100
|turn|17
|
|t:|1781148863
|move|p1a: Samurott|Knock Off|p2a: Zapdos
|-damage|p2a: Zapdos|61/100
|-enditem|p2a: Zapdos|Heavy-Duty Boots|[from] move: Knock Off|[of] p1a: Samurott
|move|p2a: Zapdos|Volt Switch|p1a: Samurott
|-supereffective|p1a: Samurott
|-damage|p1a: Samurott|0 fnt
|faint|p1a: Samurott
|
|t:|1781148869
|switch|p2a: Samurott|Samurott-Hisui, F|100/100|[from] Volt Switch
|-damage|p2a: Samurott|88/100|[from] Spikes
|-status|p2a: Samurott|tox
|-damage|p2a: Samurott|76/100 tox|[from] Stealth Rock
|
|-heal|p2a: Samurott|82/100 tox|[from] Grassy Terrain
|-damage|p2a: Samurott|76/100 tox|[from] psn
|upkeep
|
|t:|1781148871
|switch|p1a: Diancie|Diancie|70/100
|turn|18
|
|t:|1781148874
|-terastallize|p2a: Samurott|Dark
|move|p2a: Samurott|Razor Shell|p1a: Diancie
|-supereffective|p1a: Diancie
|-damage|p1a: Diancie|0 fnt
|faint|p1a: Diancie
|
|win|KurisuChestnutOU
|raw|101Darmanitans's rating: 1571 &rarr; <strong>1548</strong><br />(-23 for losing)
|raw|KurisuChestnutOU's rating: 1520 &rarr; <strong>1543</strong><br />(+23 for winning)
