|j|‽LT_Alt1
|j|☆pls game
|t:|1781410273
|gametype|singles
|player|p1|LT_Alt1|170|1709
|player|p2|pls game|cynthia-masters4|1656
|gen|9
|tier|[Gen 9] OU
|rated|
|rule|HP Percentage Mod: HP is shown in percentages
|rule|Endless Battle Clause: Forcing endless battles is banned
|rule|Species Clause: Limit one of each Pokémon
|rule|OHKO Clause: OHKO moves are banned
|rule|Evasion Items Clause: Evasion items are banned
|rule|Evasion Moves Clause: Evasion moves are banned
|rule|Evasion Abilities Clause: Evasion abilities are banned
|rule|Sleep Moves Clause: Sleep-inducing moves are banned
|clearpoke
|poke|p1|Kyurem|
|poke|p1|Raging Bolt|
|poke|p1|Hatterene, F|
|poke|p1|Slowking-Galar, M|
|poke|p1|Ting-Lu|
|poke|p1|Corviknight, M|
|poke|p2|Slowking-Galar, M|
|poke|p2|Great Tusk|
|poke|p2|Kyurem|
|poke|p2|Kingambit, M|
|poke|p2|Cinderace, M|
|poke|p2|Zapdos|
|teampreview
|inactive|Battle timer is ON: inactive players will automatically lose when time's up. (requested by pls game)
|
|t:|1781410301
|teamsize|p1|6
|teamsize|p2|6
|start
|switch|p1a: Hatterene|Hatterene, F|100/100
|switch|p2a: Kyurem|Kyurem|100/100
|-ability|p2a: Kyurem|Pressure
|turn|1
|inactive|LT_Alt1 has 120 seconds left.
|
|t:|1781410340
|switch|p2a: Slowking|Slowking-Galar, M|100/100
|move|p1a: Hatterene|Psyshock|p2a: Slowking
|-damage|p2a: Slowking|64/100
|
|upkeep
|turn|2
|c|☆pls game|glhf
|inactive|LT_Alt1 has 120 seconds left.
|
|t:|1781410352
|move|p1a: Hatterene|Psyshock|p2a: Slowking
|-crit|p2a: Slowking
|-damage|p2a: Slowking|9/100
|move|p2a: Slowking|Sludge Bomb|p1a: Hatterene
|-supereffective|p1a: Hatterene
|-damage|p1a: Hatterene|40/100
|
|-heal|p1a: Hatterene|46/100|[from] item: Leftovers
|upkeep
|turn|3
|inactive|LT_Alt1 has 120 seconds left.
|inactive|LT_Alt1 has 90 seconds left.
|
|t:|1781410397
|switch|p2a: Kingambit|Kingambit, M|100/100
|move|p1a: Hatterene|Pain Split|p2a: Kingambit
|-sethp|p2a: Kingambit|69/100|[from] move: Pain Split|[silent]
|-sethp|p1a: Hatterene|83/100|[from] move: Pain Split
|
|-heal|p2a: Kingambit|75/100|[from] item: Leftovers
|-heal|p1a: Hatterene|89/100|[from] item: Leftovers
|upkeep
|turn|4
|inactive|LT_Alt1 has 90 seconds left.
|n|‽LT_Alt1|ltalt1
|n|‽LT_Alt1|ltalt1
|
|t:|1781410423
|-end|p2a: Kingambit|fallenundefined|[silent]
|switch|p2a: Slowking|Slowking-Galar, M|42/100
|switch|p1a: Corviknight|Corviknight, M|100/100
|-ability|p1a: Corviknight|Pressure
|
|upkeep
|turn|5
|
|t:|1781410434
|switch|p1a: Slowking|Slowking-Galar, M|100/100
|switch|p2a: Zapdos|Zapdos, shiny|100/100
|
|upkeep
|turn|6
|
|t:|1781410448
|move|p2a: Zapdos|Volt Switch|p1a: Slowking
|-damage|p1a: Slowking|82/100
|
|t:|1781410450
|switch|p2a: Slowking|Slowking-Galar, M|75/100|[from] Volt Switch
|-prepare|p1a: Slowking|Chilly Reception|[premajor]
|move|p1a: Slowking|Chilly Reception|p1a: Slowking
|-weather|Snowscape
|
|t:|1781410456
|switch|p1a: Ting-Lu|Ting-Lu|100/100|[from] Chilly Reception
|-ability|p1a: Ting-Lu|Vessel of Ruin
|
|-weather|Snowscape|[upkeep]
|upkeep
|turn|7
|
|t:|1781410463
|switch|p2a: Kyurem|Kyurem|100/100
|-ability|p2a: Kyurem|Pressure
|move|p1a: Ting-Lu|Ruination|p2a: Kyurem
|-damage|p2a: Kyurem|51/100
|
|-weather|Snowscape|[upkeep]
|upkeep
|turn|8
|
|t:|1781410472
|switch|p1a: Slowking|Slowking-Galar, M|100/100
|move|p2a: Kyurem|Blizzard|p1a: Slowking
|-damage|p1a: Slowking|42/100
|
|-weather|Snowscape|[upkeep]
|upkeep
|turn|9
|inactive|LT_Alt1 has 90 seconds left.
|
|t:|1781410512
|switch|p2a: Kingambit|Kingambit, M|75/100
|-prepare|p1a: Slowking|Chilly Reception|[premajor]
|move|p1a: Slowking|Chilly Reception|p1a: Slowking
|
|t:|1781410521
|switch|p1a: Ting-Lu|Ting-Lu|100/100|[from] Chilly Reception
|-ability|p1a: Ting-Lu|Vessel of Ruin
|
|-weather|Snowscape|[upkeep]
|-heal|p2a: Kingambit|81/100|[from] item: Leftovers
|upkeep
|turn|10
|inactive|pls game has 120 seconds left.
|
|t:|1781410543
|move|p2a: Kingambit|Swords Dance|p2a: Kingambit
|-boost|p2a: Kingambit|atk|2
|move|p1a: Ting-Lu|Ruination|p2a: Kingambit
|-damage|p2a: Kingambit|41/100
|
|-weather|none
|-heal|p2a: Kingambit|47/100|[from] item: Leftovers
|upkeep
|turn|11
|
|t:|1781410548
|switch|p1a: Corviknight|Corviknight, M|100/100
|-ability|p1a: Corviknight|Pressure
|move|p2a: Kingambit|Low Kick|p1a: Corviknight
|-damage|p1a: Corviknight|58/100
|-damage|p2a: Kingambit|31/100|[from] item: Rocky Helmet|[of] p1a: Corviknight
|
|-heal|p2a: Kingambit|37/100|[from] item: Leftovers
|upkeep
|turn|12
|
|t:|1781410559
|move|p1a: Corviknight|Body Press|p2a: Kingambit
|-supereffective|p2a: Kingambit
|-damage|p2a: Kingambit|0 fnt
|faint|p2a: Kingambit
|-end|p2a: Kingambit|fallenundefined|[silent]
|
|upkeep
|inactive|pls game has 120 seconds left.
|
|t:|1781410575
|switch|p2a: Kyurem|Kyurem|51/100
|-ability|p2a: Kyurem|Pressure
|turn|13
|inactive|pls game has 120 seconds left.
|
|t:|1781410593
|switch|p1a: Slowking|Slowking-Galar, M|75/100
|move|p2a: Kyurem|Ice Beam|p1a: Slowking
|-damage|p1a: Slowking|29/100
|
|upkeep
|turn|14
|j| scorpion257
|
|t:|1781410603
|move|p2a: Kyurem|Ice Beam|p1a: Slowking
|-damage|p1a: Slowking|0 fnt
|faint|p1a: Slowking
|
|upkeep
|
|t:|1781410614
|switch|p1a: Raging Bolt|Raging Bolt|100/100
|turn|15
|inactive|pls game has 120 seconds left.
|
|t:|1781410635
|switch|p2a: Slowking|Slowking-Galar, M|100/100
|move|p1a: Raging Bolt|Draco Meteor|p2a: Slowking
|-damage|p2a: Slowking|52/100
|-unboost|p1a: Raging Bolt|spa|2
|
|upkeep
|turn|16
|inactive|pls game has 120 seconds left.
|
|t:|1781410654
|move|p1a: Raging Bolt|Draco Meteor|p2a: Slowking
|-damage|p2a: Slowking|29/100
|-unboost|p1a: Raging Bolt|spa|2
|-prepare|p2a: Slowking|Chilly Reception|[premajor]
|move|p2a: Slowking|Chilly Reception|p2a: Slowking
|-weather|Snowscape
|inactive|pls game has 120 seconds left.
|
|t:|1781410670
|switch|p2a: Kyurem|Kyurem|51/100|[from] Chilly Reception
|-ability|p2a: Kyurem|Pressure
|
|-weather|Snowscape|[upkeep]
|upkeep
|turn|17
|
|t:|1781410676
|-terastallize|p1a: Raging Bolt|Steel
|move|p2a: Kyurem|Blizzard|p1a: Raging Bolt
|-resisted|p1a: Raging Bolt
|-damage|p1a: Raging Bolt|73/100
|move|p1a: Raging Bolt|Draco Meteor|p2a: Kyurem|[miss]
|-miss|p1a: Raging Bolt|p2a: Kyurem
|
|-weather|Snowscape|[upkeep]
|upkeep
|turn|18
|
|t:|1781410683
|switch|p2a: Slowking|Slowking-Galar, M|62/100
|move|p1a: Raging Bolt|Volt Switch|p2a: Slowking
|-damage|p2a: Slowking|53/100
|
|t:|1781410685
|-end|p1a: Raging Bolt|Protosynthesis|[silent]
|switch|p1a: Kyurem|Kyurem|100/100|[from] Volt Switch
|-ability|p1a: Kyurem|Pressure
|
|-weather|Snowscape|[upkeep]
|upkeep
|turn|19
|inactive|pls game has 120 seconds left.
|
|t:|1781410717
|switch|p2a: Zapdos|Zapdos, shiny|100/100
|move|p1a: Kyurem|Draco Meteor|p2a: Zapdos
|-damage|p2a: Zapdos|2/100
|-unboost|p1a: Kyurem|spa|2
|
|-weather|Snowscape|[upkeep]
|upkeep
|turn|20
|
|t:|1781410738
|switch|p1a: Ting-Lu|Ting-Lu|100/100
|-ability|p1a: Ting-Lu|Vessel of Ruin
|switch|p2a: Great Tusk|Great Tusk|100/100
|
|-weather|none
|upkeep
|turn|21
|
|t:|1781410748
|switch|p1a: Hatterene|Hatterene, F|89/100
|move|p2a: Great Tusk|Close Combat|p1a: Hatterene
|-resisted|p1a: Hatterene
|-damage|p1a: Hatterene|73/100
|-unboost|p2a: Great Tusk|def|1
|-unboost|p2a: Great Tusk|spd|1
|
|-heal|p1a: Hatterene|79/100|[from] item: Leftovers
|upkeep
|turn|22
|j| hindus curry
|inactive|pls game has 90 seconds left.
|
|t:|1781410784
|-end|p2a: Great Tusk|Protosynthesis|[silent]
|switch|p2a: Zapdos|Zapdos, shiny|2/100
|move|p1a: Hatterene|Psyshock|p2a: Zapdos
|-damage|p2a: Zapdos|0 fnt
|faint|p2a: Zapdos
|
|-heal|p1a: Hatterene|85/100|[from] item: Leftovers
|upkeep
|
|t:|1781410793
|switch|p2a: Slowking|Slowking-Galar, M|86/100
|turn|23
|
|t:|1781410808
|switch|p1a: Raging Bolt|Raging Bolt, tera:Steel|73/100
|-prepare|p2a: Slowking|Chilly Reception|[premajor]
|move|p2a: Slowking|Chilly Reception|p2a: Slowking
|-weather|Snowscape
|inactive|pls game has 90 seconds left.
|
|t:|1781410821
|switch|p2a: Cinderace|Cinderace, M|100/100|[from] Chilly Reception
|
|-weather|Snowscape|[upkeep]
|upkeep
|turn|24
|l| hindus curry
|
|t:|1781410828
|-end|p1a: Raging Bolt|Protosynthesis|[silent]
|switch|p1a: Ting-Lu|Ting-Lu|100/100
|-ability|p1a: Ting-Lu|Vessel of Ruin
|move|p2a: Cinderace|Pyro Ball|p1a: Ting-Lu
|-damage|p1a: Ting-Lu|76/100
|
|-weather|Snowscape|[upkeep]
|-heal|p1a: Ting-Lu|82/100|[from] item: Leftovers
|upkeep
|turn|25
|
|t:|1781410847
|move|p2a: Cinderace|Will-O-Wisp|p1a: Ting-Lu
|-status|p1a: Ting-Lu|brn
|move|p1a: Ting-Lu|Ruination|p2a: Cinderace
|-damage|p2a: Cinderace|51/100
|
|-weather|Snowscape|[upkeep]
|-heal|p1a: Ting-Lu|88/100 brn|[from] item: Leftovers
|-damage|p1a: Ting-Lu|82/100 brn|[from] brn
|upkeep
|turn|26
|
|t:|1781410851
|move|p2a: Cinderace|U-turn|p1a: Ting-Lu
|-supereffective|p1a: Ting-Lu
|-damage|p1a: Ting-Lu|62/100 brn
|
|t:|1781410864
|switch|p2a: Kyurem|Kyurem|51/100|[from] U-turn
|-ability|p2a: Kyurem|Pressure
|move|p1a: Ting-Lu|Spikes|p2a: Kyurem
|-sidestart|p2: pls game|Spikes
|
|-weather|Snowscape|[upkeep]
|-heal|p1a: Ting-Lu|69/100 brn|[from] item: Leftovers
|-damage|p1a: Ting-Lu|62/100 brn|[from] brn
|upkeep
|turn|27
|
|t:|1781410892
|switch|p1a: Raging Bolt|Raging Bolt, tera:Steel|73/100
|move|p2a: Kyurem|Blizzard|p1a: Raging Bolt
|-resisted|p1a: Raging Bolt
|-damage|p1a: Raging Bolt|48/100
|
|-weather|none
|upkeep
|turn|28
|
|t:|1781410900
|switch|p2a: Slowking|Slowking-Galar, M|100/100
|-damage|p2a: Slowking|88/100|[from] Spikes
|move|p1a: Raging Bolt|Volt Switch|p2a: Slowking
|-damage|p2a: Slowking|65/100
|j| heheheha07
|
|t:|1781410907
|-end|p1a: Raging Bolt|Protosynthesis|[silent]
|switch|p1a: Kyurem|Kyurem|100/100|[from] Volt Switch
|-ability|p1a: Kyurem|Pressure
|
|upkeep
|turn|29
|
|t:|1781410916
|move|p1a: Kyurem|Draco Meteor|p2a: Slowking
|-damage|p2a: Slowking|0 fnt
|-unboost|p1a: Kyurem|spa|2
|faint|p2a: Slowking
|
|upkeep
|inactive|pls game has 120 seconds left.
|j| isaac_gam3r
|
|t:|1781410928
|switch|p2a: Cinderace|Cinderace, M|51/100
|turn|30
|
|t:|1781410931
|move|p2a: Cinderace|Court Change|p2a: Cinderace
|-swapsideconditions
|-activate|p2a: Cinderace|move: Court Change
|move|p1a: Kyurem|Draco Meteor|p2a: Cinderace
|-damage|p2a: Cinderace|0 fnt
|-unboost|p1a: Kyurem|spa|2
|faint|p2a: Cinderace
|
|upkeep
|
|t:|1781410935
|switch|p2a: Kyurem|Kyurem|51/100
|-ability|p2a: Kyurem|Pressure
|turn|31
|c|☆pls game|gg
|
|t:|1781410951
|switch|p1a: Ting-Lu|Ting-Lu|62/100 brn
|-damage|p1a: Ting-Lu|50/100 brn|[from] Spikes
|-ability|p1a: Ting-Lu|Vessel of Ruin
|-terastallize|p2a: Kyurem|Ice
|move|p2a: Kyurem|Blizzard|p1a: Ting-Lu
|-supereffective|p1a: Ting-Lu
|-damage|p1a: Ting-Lu|0 fnt
|faint|p1a: Ting-Lu
|
|upkeep
|
|t:|1781410957
|switch|p1a: Raging Bolt|Raging Bolt, tera:Steel|48/100
|-damage|p1a: Raging Bolt|35/100|[from] Spikes
|turn|32
|
|t:|1781410965
|move|p2a: Kyurem|Blizzard|p1a: Raging Bolt
|-resisted|p1a: Raging Bolt
|-damage|p1a: Raging Bolt|2/100
|-status|p1a: Raging Bolt|frz
|cant|p1a: Raging Bolt|frz
|
|upkeep
|turn|33
|
|t:|1781410978
|switch|p2a: Great Tusk|Great Tusk|100/100
|cant|p1a: Raging Bolt|frz
|
|upkeep
|turn|34
|
|t:|1781410980
|move|p2a: Great Tusk|Rapid Spin|p1a: Raging Bolt
|-resisted|p1a: Raging Bolt
|-damage|p1a: Raging Bolt|0 fnt
|-boost|p2a: Great Tusk|spe|1
|faint|p1a: Raging Bolt
|-end|p1a: Raging Bolt|Protosynthesis|[silent]
|
|upkeep
|
|t:|1781410983
|switch|p1a: Corviknight|Corviknight, M|58/100
|-ability|p1a: Corviknight|Pressure
|turn|35
|inactive|pls game has 120 seconds left.
|
|t:|1781411015
|-end|p2a: Great Tusk|Protosynthesis|[silent]
|switch|p2a: Kyurem|Kyurem, tera:Ice|51/100
|-ability|p2a: Kyurem|Pressure
|move|p1a: Corviknight|Roost|p1a: Corviknight
|-heal|p1a: Corviknight|100/100
|-singleturn|p1a: Corviknight|move: Roost
|
|upkeep
|turn|36
|inactive|pls game has 120 seconds left.
|
|t:|1781411043
|switch|p1a: Hatterene|Hatterene, F|85/100
|-damage|p1a: Hatterene|73/100|[from] Spikes
|move|p2a: Kyurem|Blizzard|p1a: Hatterene
|-damage|p1a: Hatterene|0 fnt
|faint|p1a: Hatterene
|
|upkeep
|inactive|LT_Alt1 has 120 seconds left.
|
|t:|1781411063
|switch|p1a: Kyurem|Kyurem|100/100
|-damage|p1a: Kyurem|88/100|[from] Spikes
|-ability|p1a: Kyurem|Pressure
|turn|37
|
|t:|1781411085
|switch|p2a: Great Tusk|Great Tusk|100/100
|move|p1a: Kyurem|Draco Meteor|p2a: Great Tusk
|-damage|p2a: Great Tusk|0 fnt
|-unboost|p1a: Kyurem|spa|2
|faint|p2a: Great Tusk
|-end|p2a: Great Tusk|Protosynthesis|[silent]
|
|upkeep
|
|t:|1781411086
|switch|p2a: Kyurem|Kyurem, tera:Ice|51/100
|-ability|p2a: Kyurem|Pressure
|turn|38
|
|t:|1781411094
|switch|p1a: Corviknight|Corviknight, M|100/100
|-ability|p1a: Corviknight|Pressure
|move|p2a: Kyurem|Ice Beam|p1a: Corviknight
|-damage|p1a: Corviknight|8/100
|
|upkeep
|turn|39
|
|t:|1781411098
|move|p2a: Kyurem|Ice Beam|p1a: Corviknight
|-damage|p1a: Corviknight|0 fnt
|faint|p1a: Corviknight
|
|upkeep
|
|t:|1781411100
|switch|p1a: Kyurem|Kyurem|88/100
|-damage|p1a: Kyurem|76/100|[from] Spikes
|-ability|p1a: Kyurem|Pressure
|turn|40
|
|t:|1781411102
|move|p2a: Kyurem|Ice Beam|p1a: Kyurem
|-damage|p1a: Kyurem|0 fnt
|faint|p1a: Kyurem
|
|win|pls game
|raw|LT_Alt1's rating: 1709 &rarr; <strong>1686</strong><br />(-23 for losing)
|raw|pls game's rating: 1656 &rarr; <strong>1679</strong><br />(+23 for winning)
|c|☆pls game|gg
|l|☆pls game
|player|p2|
|l| isaac_gam3r
|l| scorpion257
