|badge|p1|bronze|gen9randombattle|100-9
|badge|p1|bronze|gen9ubers|100-9
|uhtml|medal-msg|<div class="broadcast-blue">Curious what those medals under the avatar are? PS now has Ladder Seasons! For more information, check out the <a href="https://www.smogon.com/forums/threads/3740067/">thread on Smogon.</a></div>
|j|☆oddishlover4
|j|☆shockmoth
|t:|1780931498
|gametype|singles
|player|p1|oddishlover4|bellelba|1570
|player|p2|shockmoth|102|1724
|gen|9
|tier|[Gen 9] OU
|rated|
|rule|HP Percentage Mod: HP is shown in percentages
|rule|Endless Battle Clause: Forcing endless battles is banned
|rule|Species Clause: Limit one of each Pokémon
|rule|OHKO Clause: OHKO moves are banned
|rule|Evasion Items Clause: Evasion items are banned
|rule|Evasion Moves Clause: Evasion moves are banned
|rule|Evasion Abilities Clause: Evasion abilities are banned
|rule|Sleep Moves Clause: Sleep-inducing moves are banned
|clearpoke
|poke|p1|Kyurem|
|poke|p1|Hatterene, F|
|poke|p1|Darkrai|
|poke|p1|Great Tusk|
|poke|p1|Dragonite, F|
|poke|p1|Gholdengo|
|poke|p2|Frosmoth, F|
|poke|p2|Pincurchin, M|
|poke|p2|Raichu-Alola, F|
|poke|p2|Iron Hands|
|poke|p2|Rotom-Wash|
|poke|p2|Pawmot, M|
|teampreview
|
|t:|1780931517
|teamsize|p1|6
|teamsize|p2|6
|start
|switch|p1a: Dragonite|Dragonite, F|100/100
|switch|p2a: OH YEAH!!! YEAH!!|Pincurchin, M|100/100
|-fieldstart|move: Electric Terrain|[from] ability: Electric Surge|[of] p2a: OH YEAH!!! YEAH!!
|turn|1
|c|☆oddishlover4|gl/hf!
|inactive|Battle timer is ON: inactive players will automatically lose when time's up. (requested by oddishlover4)
|
|t:|1780931536
|move|p1a: Dragonite|Dragon Dance|p1a: Dragonite
|-boost|p1a: Dragonite|atk|1
|-boost|p1a: Dragonite|spe|1
|move|p2a: OH YEAH!!! YEAH!!|Supercell Slam|p1a: Dragonite
|-damage|p1a: Dragonite|70/100
|
|upkeep
|turn|2
|c|☆shockmoth|U2!
|
|t:|1780931555
|move|p1a: Dragonite|Extreme Speed|p2a: OH YEAH!!! YEAH!!
|-damage|p2a: OH YEAH!!! YEAH!!|53/100
|move|p2a: OH YEAH!!! YEAH!!|Supercell Slam|p1a: Dragonite
|-damage|p1a: Dragonite|9/100
|
|upkeep
|turn|3
|
|t:|1780931573
|move|p2a: OH YEAH!!! YEAH!!|Sucker Punch||[still]
|-fail|p2a: OH YEAH!!! YEAH!!
|move|p1a: Dragonite|Roost|p1a: Dragonite
|-heal|p1a: Dragonite|59/100
|-singleturn|p1a: Dragonite|move: Roost
|
|upkeep
|turn|4
|
|t:|1780931591
|move|p1a: Dragonite|Roost|p1a: Dragonite
|-heal|p1a: Dragonite|100/100
|-singleturn|p1a: Dragonite|move: Roost
|move|p2a: OH YEAH!!! YEAH!!|Supercell Slam|p1a: Dragonite
|-resisted|p1a: Dragonite
|-damage|p1a: Dragonite|85/100
|
|upkeep
|turn|5
|inactive|oddishlover4 has 120 seconds left.
|
|t:|1780931609
|move|p1a: Dragonite|Dragon Dance|p1a: Dragonite
|-boost|p1a: Dragonite|atk|1
|-boost|p1a: Dragonite|spe|1
|move|p2a: OH YEAH!!! YEAH!!|Memento|p1a: Dragonite
|-unboost|p1a: Dragonite|atk|2
|-unboost|p1a: Dragonite|spa|2
|faint|p2a: OH YEAH!!! YEAH!!
|
|upkeep
|
|t:|1780931611
|switch|p2a: William O' Wisp|Rotom-Wash|100/100
|turn|6
|inactive|oddishlover4 has 120 seconds left.
|
|t:|1780931629
|switch|p1a: Great Tusk|Great Tusk|100/100
|move|p2a: William O' Wisp|Reflect|p2a: William O' Wisp
|-sidestart|p2: shockmoth|Reflect
|
|upkeep
|turn|7
|inactive|oddishlover4 has 120 seconds left.
|
|t:|1780931647
|-end|p1a: Great Tusk|Protosynthesis|[silent]
|switch|p1a: Dragonite|Dragonite, F|85/100
|move|p2a: William O' Wisp|Light Screen|p2a: William O' Wisp
|-sidestart|p2: shockmoth|move: Light Screen
|
|upkeep
|turn|8
|inactive|oddishlover4 has 120 seconds left.
|
|t:|1780931665
|switch|p1a: Great Tusk|Great Tusk|100/100
|move|p2a: William O' Wisp|Volt Switch|p1a: Great Tusk
|-immune|p1a: Great Tusk
|
|-fieldend|move: Electric Terrain
|upkeep
|turn|9
|
|t:|1780931674
|-end|p1a: Great Tusk|Protosynthesis|[silent]
|switch|p1a: Dragonite|Dragonite, F|85/100
|move|p2a: William O' Wisp|Hydro Pump|p1a: Dragonite
|-resisted|p1a: Dragonite
|-damage|p1a: Dragonite|59/100
|
|upkeep
|turn|10
|inactive|oddishlover4 has 120 seconds left.
|
|t:|1780931683
|switch|p2a: Iron Deficiency|Iron Hands|100/100
|move|p1a: Dragonite|Roost|p1a: Dragonite
|-heal|p1a: Dragonite|100/100
|-singleturn|p1a: Dragonite|move: Roost
|
|upkeep
|turn|11
|inactive|oddishlover4 has 120 seconds left.
|
|t:|1780931701
|switch|p1a: Hatterene|Hatterene, F|100/100
|move|p2a: Iron Deficiency|Swords Dance|p2a: Iron Deficiency
|-boost|p2a: Iron Deficiency|atk|2
|
|upkeep
|turn|12
|inactive|oddishlover4 has 120 seconds left.
|
|t:|1780931719
|move|p2a: Iron Deficiency|Swords Dance|p2a: Iron Deficiency
|-boost|p2a: Iron Deficiency|atk|2
|move|p1a: Hatterene|Psychic Noise|p2a: Iron Deficiency
|-supereffective|p2a: Iron Deficiency
|-damage|p2a: Iron Deficiency|66/100
|-start|p2a: Iron Deficiency|move: Heal Block
|
|upkeep
|turn|13
|
|t:|1780931738
|switch|p1a: Great Tusk|Great Tusk|100/100
|move|p2a: Iron Deficiency|Ice Punch|p1a: Great Tusk
|-supereffective|p1a: Great Tusk
|-damage|p1a: Great Tusk|0 fnt
|faint|p1a: Great Tusk
|-end|p1a: Great Tusk|Protosynthesis|[silent]
|
|-end|p2a: Iron Deficiency|move: Heal Block
|-sideend|p2: shockmoth|Reflect
|upkeep
|
|t:|1780931756
|switch|p1a: Dragonite|Dragonite, F|100/100
|turn|14
|inactive|oddishlover4 has 90 seconds left.
|
|t:|1780931774
|move|p1a: Dragonite|Earthquake|p2a: Iron Deficiency
|-supereffective|p2a: Iron Deficiency
|-damage|p2a: Iron Deficiency|26/100
|move|p2a: Iron Deficiency|Drain Punch|p1a: Dragonite
|-resisted|p1a: Dragonite
|-damage|p1a: Dragonite|67/100
|-heal|p2a: Iron Deficiency|40/100|[from] drain|[of] p1a: Dragonite
|
|-sideend|p2: shockmoth|move: Light Screen
|upkeep
|turn|15
|-activate|p2a: Iron Deficiency|item: Quick Claw
|
|t:|1780931783
|-terastallize|p2a: Iron Deficiency|Flying
|move|p2a: Iron Deficiency|Ice Punch|p1a: Dragonite
|-supereffective|p1a: Dragonite
|-damage|p1a: Dragonite|0 fnt
|faint|p1a: Dragonite
|
|upkeep
|
|t:|1780931792
|switch|p1a: Darkrai|Darkrai|100/100
|turn|16
|
|t:|1780931802
|-terastallize|p1a: Darkrai|Dark
|move|p1a: Darkrai|Dark Pulse|p2a: Iron Deficiency
|-damage|p2a: Iron Deficiency|0 fnt
|faint|p2a: Iron Deficiency
|-end|p2a: Iron Deficiency|Quark Drive|[silent]
|
|upkeep
|
|t:|1780931808
|switch|p2a: Finger Eleven|Frosmoth, F, shiny|100/100
|turn|17
|
|t:|1780931826
|move|p1a: Darkrai|Dark Pulse|p2a: Finger Eleven
|-damage|p2a: Finger Eleven|63/100
|move|p2a: Finger Eleven|Quiver Dance|p2a: Finger Eleven
|-boost|p2a: Finger Eleven|spa|1
|-boost|p2a: Finger Eleven|spd|1
|-boost|p2a: Finger Eleven|spe|1
|
|upkeep
|turn|18
|
|t:|1780931844
|move|p1a: Darkrai|Dark Pulse|p2a: Finger Eleven
|-damage|p2a: Finger Eleven|40/100
|move|p2a: Finger Eleven|Quiver Dance|p2a: Finger Eleven
|-boost|p2a: Finger Eleven|spa|1
|-boost|p2a: Finger Eleven|spd|1
|-boost|p2a: Finger Eleven|spe|1
|
|upkeep
|turn|19
|inactive|oddishlover4 has 90 seconds left.
|
|t:|1780931862
|move|p1a: Darkrai|Dark Pulse|p2a: Finger Eleven
|-damage|p2a: Finger Eleven|23/100
|move|p2a: Finger Eleven|Giga Drain|p1a: Darkrai
|-damage|p1a: Darkrai|40/100
|-heal|p2a: Finger Eleven|51/100|[from] drain|[of] p1a: Darkrai
|
|upkeep
|turn|20
|inactive|oddishlover4 has 90 seconds left.
|
|t:|1780931880
|switch|p1a: Kyurem|Kyurem|100/100
|-ability|p1a: Kyurem|Pressure
|move|p2a: Finger Eleven|Quiver Dance|p2a: Finger Eleven
|-boost|p2a: Finger Eleven|spa|1
|-boost|p2a: Finger Eleven|spd|1
|-boost|p2a: Finger Eleven|spe|1
|
|upkeep
|turn|21
|inactive|oddishlover4 has 90 seconds left.
|j| michealjackkson
|
|t:|1780931898
|move|p2a: Finger Eleven|Ice Beam|p1a: Kyurem
|-damage|p1a: Kyurem|30/100
|move|p1a: Kyurem|Body Press|p2a: Finger Eleven
|-damage|p2a: Finger Eleven|15/100
|
|upkeep
|turn|22
|
|t:|1780931908
|switch|p1a: Darkrai|Darkrai, tera:Dark|40/100
|move|p2a: Finger Eleven|Ice Beam|p1a: Darkrai
|-damage|p1a: Darkrai|0 fnt
|faint|p1a: Darkrai
|
|upkeep
|
|t:|1780931917
|switch|p1a: Gholdengo|Gholdengo|100/100
|turn|23
|inactive|oddishlover4 has 90 seconds left.
|
|t:|1780931927
|move|p2a: Finger Eleven|Giga Drain|p1a: Gholdengo
|-resisted|p1a: Gholdengo
|-damage|p1a: Gholdengo|72/100
|-heal|p2a: Finger Eleven|32/100|[from] drain|[of] p1a: Gholdengo
|move|p1a: Gholdengo|Make It Rain|p2a: Finger Eleven
|-supereffective|p2a: Finger Eleven
|-damage|p2a: Finger Eleven|0 fnt
|-unboost|p1a: Gholdengo|spa|1
|faint|p2a: Finger Eleven
|
|upkeep
|
|t:|1780931936
|switch|p2a: William O' Wisp|Rotom-Wash|100/100
|turn|24
|
|t:|1780931946
|switch|p1a: Kyurem|Kyurem|30/100
|-ability|p1a: Kyurem|Pressure
|move|p2a: William O' Wisp|Light Screen|p2a: William O' Wisp
|-sidestart|p2: shockmoth|move: Light Screen
|
|upkeep
|turn|25
|
|t:|1780931955
|move|p1a: Kyurem|Freeze-Dry|p2a: William O' Wisp
|-supereffective|p2a: William O' Wisp
|-damage|p2a: William O' Wisp|57/100
|move|p2a: William O' Wisp|Volt Switch|p1a: Kyurem
|-resisted|p1a: Kyurem
|-damage|p1a: Kyurem|19/100
|
|t:|1780931964
|switch|p2a: Evanescence|Pawmot, M|100/100|[from] Volt Switch
|
|upkeep
|turn|26
|
|t:|1780931982
|switch|p1a: Hatterene|Hatterene, F|100/100
|move|p2a: Evanescence|Revival Blessing|p2a: Evanescence
|-enditem|p2a: Evanescence|Leppa Berry|[eat]
|-activate|p2a: Evanescence|item: Leppa Berry|Revival Blessing|[consumed]
|
|t:|1780931989
|-heal|p2: OH YEAH!!! YEAH!!|50/100|[from] move: Revival Blessing
|
|upkeep
|turn|27
|
|t:|1780932006
|move|p2a: Evanescence|Revival Blessing|p2a: Evanescence
|
|t:|1780932008
|-heal|p2: Iron Deficiency|50/100|[from] move: Revival Blessing
|move|p1a: Hatterene|Draining Kiss|p2a: Evanescence
|-supereffective|p2a: Evanescence
|-damage|p2a: Evanescence|63/100
|
|upkeep
|turn|28
|
|t:|1780932027
|switch|p2a: OH YEAH!!! YEAH!!|Pincurchin, M|50/100
|-fieldstart|move: Electric Terrain|[from] ability: Electric Surge|[of] p2a: OH YEAH!!! YEAH!!
|move|p1a: Hatterene|Draining Kiss|p2a: OH YEAH!!! YEAH!!
|-damage|p2a: OH YEAH!!! YEAH!!|34/100
|
|upkeep
|turn|29
|
|t:|1780932036
|move|p1a: Hatterene|Psychic Noise|p2a: OH YEAH!!! YEAH!!
|-damage|p2a: OH YEAH!!! YEAH!!|12/100
|-start|p2a: OH YEAH!!! YEAH!!|move: Heal Block
|move|p2a: OH YEAH!!! YEAH!!|Supercell Slam|p1a: Hatterene
|-damage|p1a: Hatterene|47/100
|-damage|p2a: OH YEAH!!! YEAH!!|0 fnt|[from] item: Rocky Helmet|[of] p1a: Hatterene
|faint|p2a: OH YEAH!!! YEAH!!
|
|upkeep
|
|t:|1780932043
|switch|p2a: Iron Deficiency|Iron Hands|50/100
|-activate|p2a: Iron Deficiency|ability: Quark Drive
|-start|p2a: Iron Deficiency|quarkdriveatk
|turn|30
|inactive|oddishlover4 has 120 seconds left.
|-activate|p2a: Iron Deficiency|item: Quick Claw
|
|t:|1780932052
|move|p2a: Iron Deficiency|Supercell Slam|p1a: Hatterene
|-damage|p1a: Hatterene|0 fnt
|-damage|p2a: Iron Deficiency|34/100|[from] item: Rocky Helmet|[of] p1a: Hatterene
|faint|p1a: Hatterene
|
|upkeep
|inactive|oddishlover4 has 120 seconds left.
|
|t:|1780932060
|switch|p1a: Kyurem|Kyurem|19/100
|-ability|p1a: Kyurem|Pressure
|turn|31
|
|t:|1780932068
|move|p1a: Kyurem|Ice Beam|p2a: Iron Deficiency
|-crit|p2a: Iron Deficiency
|-damage|p2a: Iron Deficiency|0 fnt
|faint|p2a: Iron Deficiency
|-end|p2a: Iron Deficiency|Quark Drive|[silent]
|
|-sideend|p2: shockmoth|move: Light Screen
|upkeep
|
|t:|1780932077
|switch|p2a: Surf's Up (2007)|Raichu-Alola, F|100/100
|turn|32
|
|t:|1780932092
|switch|p1a: Gholdengo|Gholdengo|72/100
|move|p2a: Surf's Up (2007)|Psychic Noise|p1a: Gholdengo
|-resisted|p1a: Gholdengo
|-damage|p1a: Gholdengo|45/100
|-start|p1a: Gholdengo|move: Heal Block
|
|upkeep
|turn|33
|
|t:|1780932106
|switch|p2a: William O' Wisp|Rotom-Wash|57/100
|move|p1a: Gholdengo|Psyshock|p2a: William O' Wisp
|-damage|p2a: William O' Wisp|25/100
|
|-end|p1a: Gholdengo|move: Heal Block
|upkeep
|turn|34
|
|t:|1780932113
|move|p1a: Gholdengo|Make It Rain|p2a: William O' Wisp
|-resisted|p2a: William O' Wisp
|-damage|p2a: William O' Wisp|7/100
|-unboost|p1a: Gholdengo|spa|1
|move|p2a: William O' Wisp|Volt Switch|p1a: Gholdengo
|-damage|p1a: Gholdengo|5/100
|
|t:|1780932119
|switch|p2a: Surf's Up (2007)|Raichu-Alola, F|100/100|[from] Volt Switch
|
|upkeep
|turn|35
|
|t:|1780932128
|move|p2a: Surf's Up (2007)|Psychic Noise|p1a: Gholdengo
|-resisted|p1a: Gholdengo
|-damage|p1a: Gholdengo|0 fnt
|faint|p1a: Gholdengo
|
|-fieldend|move: Electric Terrain
|upkeep
|
|t:|1780932134
|switch|p1a: Kyurem|Kyurem|19/100
|-ability|p1a: Kyurem|Pressure
|turn|36
|
|t:|1780932138
|move|p2a: Surf's Up (2007)|Psychic Noise|p1a: Kyurem
|-damage|p1a: Kyurem|0 fnt
|faint|p1a: Kyurem
|
|win|shockmoth
|raw|oddishlover4's rating: 1570 &rarr; <strong>1558</strong><br />(-12 for losing)
|raw|shockmoth's rating: 1724 &rarr; <strong>1736</strong><br />(+12 for winning)
|c|☆oddishlover4|GG!
|c|☆shockmoth|Ggs!
|c|☆shockmoth|Fun match
|l|☆shockmoth
|player|p2|
|l| michealjackkson
