|j|☆gabboh
|j|☆mastersannin
|t:|1781272588
|gametype|singles
|player|p1|gabboh|265|1526
|player|p2|mastersannin|266|1556
|gen|9
|tier|[Gen 9] OU
|rated|
|rule|HP Percentage Mod: HP is shown in percentages
|rule|Endless Battle Clause: Forcing endless battles is banned
|rule|Species Clause: Limit one of each Pokémon
|rule|OHKO Clause: OHKO moves are banned
|rule|Evasion Items Clause: Evasion items are banned
|rule|Evasion Moves Clause: Evasion moves are banned
|rule|Evasion Abilities Clause: Evasion abilities are banned
|rule|Sleep Moves Clause: Sleep-inducing moves are banned
|clearpoke
|poke|p1|Comfey, F|
|poke|p1|Walking Wake|
|poke|p1|Great Tusk|
|poke|p1|Ninetales, F|
|poke|p1|Whimsicott, F|
|poke|p1|Iron Moth|
|poke|p2|Pelipper, F|
|poke|p2|Raging Bolt|
|poke|p2|Overqwil, M|
|poke|p2|Barraskewda, M|
|poke|p2|Iron Treads|
|poke|p2|Kingambit, M|
|teampreview
|inactive|Battle timer is ON: inactive players will automatically lose when time's up. (requested by mastersannin)
|inactive|mastersannin has 120 seconds left.
|
|t:|1781272624
|teamsize|p1|6
|teamsize|p2|6
|start
|switch|p1a: Walking Wake|Walking Wake|100/100
|switch|p2a: Barraskewda|Barraskewda, M|100/100
|turn|1
|
|t:|1781272636
|move|p2a: Barraskewda|Flip Turn|p1a: Walking Wake
|-resisted|p1a: Walking Wake
|-damage|p1a: Walking Wake|89/100
|
|t:|1781272639
|switch|p2a: Raging Bolt|Raging Bolt|100/100|[from] Flip Turn
|-enditem|p2a: Raging Bolt|Booster Energy
|-activate|p2a: Raging Bolt|ability: Protosynthesis|[fromitem]
|-start|p2a: Raging Bolt|protosynthesisspa
|move|p1a: Walking Wake|Knock Off|p2a: Raging Bolt
|-damage|p2a: Raging Bolt|91/100
|
|upkeep
|turn|2
|
|t:|1781272647
|-terastallize|p2a: Raging Bolt|Fairy
|move|p1a: Walking Wake|Draco Meteor|p2a: Raging Bolt
|-immune|p2a: Raging Bolt
|move|p2a: Raging Bolt|Draco Meteor|p1a: Walking Wake|[miss]
|-miss|p2a: Raging Bolt|p1a: Walking Wake
|
|upkeep
|turn|3
|
|t:|1781272659
|move|p1a: Walking Wake|Flip Turn|p2a: Raging Bolt
|-damage|p2a: Raging Bolt|77/100
|
|t:|1781272665
|-end|p1a: Walking Wake|Protosynthesis|[silent]
|switch|p1a: Whimsicott|Whimsicott, F|100/100|[from] Flip Turn
|move|p2a: Raging Bolt|Thunder|p1a: Whimsicott
|-resisted|p1a: Whimsicott
|-damage|p1a: Whimsicott|43/100
|
|upkeep
|turn|4
|
|t:|1781272677
|-end|p2a: Raging Bolt|Protosynthesis|[silent]
|switch|p2a: Iron Treads|Iron Treads|100/100
|-enditem|p2a: Iron Treads|Booster Energy
|-activate|p2a: Iron Treads|ability: Quark Drive|[fromitem]
|-start|p2a: Iron Treads|quarkdrivespe
|move|p1a: Whimsicott|Moonblast|p2a: Iron Treads
|-resisted|p2a: Iron Treads
|-damage|p2a: Iron Treads|64/100
|-unboost|p2a: Iron Treads|spa|1
|-damage|p1a: Whimsicott|33/100|[from] item: Life Orb
|
|upkeep
|turn|5
|
|t:|1781272687
|switch|p1a: Great Tusk|Great Tusk|100/100
|move|p2a: Iron Treads|Stealth Rock|p1a: Great Tusk
|-sidestart|p1: gabboh|move: Stealth Rock
|
|upkeep
|turn|6
|
|t:|1781272695
|move|p2a: Iron Treads|Steel Beam|p1a: Great Tusk|[miss]
|-miss|p2a: Iron Treads|p1a: Great Tusk
|-damage|p2a: Iron Treads|14/100|[from] steelbeam
|move|p1a: Great Tusk|Stealth Rock|p2a: Iron Treads
|-sidestart|p2: mastersannin|move: Stealth Rock
|
|upkeep
|turn|7
|
|t:|1781272705
|move|p2a: Iron Treads|Steel Beam|p1a: Great Tusk
|-damage|p1a: Great Tusk|57/100
|-damage|p2a: Iron Treads|0 fnt|[from] steelbeam
|faint|p2a: Iron Treads
|-end|p2a: Iron Treads|Quark Drive|[silent]
|move|p1a: Great Tusk|Rapid Spin|p2: Iron Treads|[notarget]
|-fail|p1a: Great Tusk
|
|upkeep
|
|t:|1781272710
|switch|p2a: Pelipper|Pelipper, F|100/100
|-damage|p2a: Pelipper|76/100|[from] Stealth Rock
|-weather|RainDance|[from] ability: Drizzle|[of] p2a: Pelipper
|turn|8
|
|t:|1781272718
|-end|p1a: Great Tusk|Protosynthesis|[silent]
|switch|p1a: Ninetales|Ninetales, F, shiny|100/100
|-damage|p1a: Ninetales|76/100|[from] Stealth Rock
|-weather|SunnyDay|[from] ability: Drought|[of] p1a: Ninetales
|move|p2a: Pelipper|Weather Ball|p1a: Ninetales
|-resisted|p1a: Ninetales
|-damage|p1a: Ninetales|58/100
|
|-weather|SunnyDay|[upkeep]
|upkeep
|turn|9
|
|t:|1781272729
|move|p1a: Ninetales|Will-O-Wisp|p2a: Pelipper
|-status|p2a: Pelipper|brn
|move|p2a: Pelipper|U-turn|p1a: Ninetales
|-resisted|p1a: Ninetales
|-damage|p1a: Ninetales|55/100
|
|t:|1781272733
|switch|p2a: Barraskewda|Barraskewda, M|100/100|[from] U-turn
|-damage|p2a: Barraskewda|88/100|[from] Stealth Rock
|
|-weather|SunnyDay|[upkeep]
|upkeep
|turn|10
|
|t:|1781272744
|switch|p1a: Walking Wake|Walking Wake|89/100
|-damage|p1a: Walking Wake|77/100|[from] Stealth Rock
|-activate|p1a: Walking Wake|ability: Protosynthesis
|-start|p1a: Walking Wake|protosynthesisspe
|move|p2a: Barraskewda|Flip Turn|p1a: Walking Wake
|-resisted|p1a: Walking Wake
|-damage|p1a: Walking Wake|71/100
|
|t:|1781272753
|switch|p2a: Pelipper|Pelipper, F|76/100 brn|[from] Flip Turn
|-damage|p2a: Pelipper|51/100 brn|[from] Stealth Rock
|-weather|RainDance|[from] ability: Drizzle|[of] p2a: Pelipper
|-end|p1a: Walking Wake|Protosynthesis
|
|-weather|RainDance|[upkeep]
|-damage|p2a: Pelipper|45/100 brn|[from] brn
|upkeep
|turn|11
|
|t:|1781272761
|move|p1a: Walking Wake|Hydro Steam|p2a: Pelipper
|-resisted|p2a: Pelipper
|-damage|p2a: Pelipper|6/100 brn
|move|p2a: Pelipper|Hurricane|p1a: Walking Wake
|-damage|p1a: Walking Wake|46/100
|
|-weather|RainDance|[upkeep]
|-damage|p2a: Pelipper|0 fnt|[from] brn
|faint|p2a: Pelipper
|upkeep
|
|t:|1781272775
|switch|p2a: Overqwil|Overqwil, M|100/100
|-damage|p2a: Overqwil|88/100|[from] Stealth Rock
|turn|12
|
|t:|1781272782
|move|p2a: Overqwil|Crunch|p1a: Walking Wake
|-damage|p1a: Walking Wake|0 fnt
|faint|p1a: Walking Wake
|-end|p1a: Walking Wake|Protosynthesis|[silent]
|-damage|p2a: Overqwil|78/100|[from] item: Life Orb
|
|-weather|RainDance|[upkeep]
|upkeep
|
|t:|1781272788
|switch|p1a: Ninetales|Ninetales, F, shiny|55/100
|-damage|p1a: Ninetales|30/100|[from] Stealth Rock
|-weather|SunnyDay|[from] ability: Drought|[of] p1a: Ninetales
|turn|13
|
|t:|1781272793
|switch|p1a: Great Tusk|Great Tusk|57/100
|-damage|p1a: Great Tusk|54/100|[from] Stealth Rock
|-activate|p1a: Great Tusk|ability: Protosynthesis
|-start|p1a: Great Tusk|protosynthesisspe
|move|p2a: Overqwil|Gunk Shot|p1a: Great Tusk
|-resisted|p1a: Great Tusk
|-damage|p1a: Great Tusk|30/100
|-damage|p2a: Overqwil|69/100|[from] item: Life Orb
|
|-weather|SunnyDay|[upkeep]
|upkeep
|turn|14
|
|t:|1781272805
|move|p1a: Great Tusk|Rapid Spin|p2a: Overqwil
|-damage|p2a: Overqwil|53/100
|-boost|p1a: Great Tusk|spe|1
|-sideend|p1: gabboh|Stealth Rock|[from] move: Rapid Spin|[of] p1a: Great Tusk
|move|p2a: Overqwil|Liquidation|p1a: Great Tusk
|-supereffective|p1a: Great Tusk
|-crit|p1a: Great Tusk
|-damage|p1a: Great Tusk|0 fnt
|-damage|p2a: Overqwil|37/100|[from] item: Rocky Helmet|[of] p1a: Great Tusk
|faint|p1a: Great Tusk
|-end|p1a: Great Tusk|Protosynthesis|[silent]
|-damage|p2a: Overqwil|27/100|[from] item: Life Orb
|
|-weather|SunnyDay|[upkeep]
|upkeep
|
|t:|1781272821
|switch|p1a: Iron Moth|Iron Moth|100/100
|-enditem|p1a: Iron Moth|Booster Energy
|-activate|p1a: Iron Moth|ability: Quark Drive|[fromitem]
|-start|p1a: Iron Moth|quarkdrivespa
|turn|15
|
|t:|1781272838
|move|p1a: Iron Moth|Fiery Dance|p2a: Overqwil
|-damage|p2a: Overqwil|0 fnt
|-boost|p1a: Iron Moth|spa|1
|faint|p2a: Overqwil
|
|-weather|SunnyDay|[upkeep]
|upkeep
|
|t:|1781272847
|switch|p2a: Barraskewda|Barraskewda, M|88/100
|-damage|p2a: Barraskewda|75/100|[from] Stealth Rock
|turn|16
|inactive|gabboh has 120 seconds left.
|
|t:|1781272875
|-end|p1a: Iron Moth|Quark Drive|[silent]
|switch|p1a: Whimsicott|Whimsicott, F|33/100
|move|p2a: Barraskewda|Liquidation|p1a: Whimsicott
|-resisted|p1a: Whimsicott
|-damage|p1a: Whimsicott|10/100
|
|-weather|SunnyDay|[upkeep]
|upkeep
|turn|17
|
|t:|1781272885
|move|p1a: Whimsicott|Giga Drain|p2a: Barraskewda
|-supereffective|p2a: Barraskewda
|-damage|p2a: Barraskewda|0 fnt
|-heal|p1a: Whimsicott|42/100|[from] drain|[of] p2a: Barraskewda
|faint|p2a: Barraskewda
|-damage|p1a: Whimsicott|32/100|[from] item: Life Orb
|
|-weather|SunnyDay|[upkeep]
|upkeep
|
|t:|1781272890
|switch|p2a: Kingambit|Kingambit, M|100/100
|-damage|p2a: Kingambit|94/100|[from] Stealth Rock
|-activate|p2a: Kingambit|ability: Supreme Overlord
|-start|p2a: Kingambit|fallen4|[silent]
|turn|18
|
|t:|1781272896
|move|p1a: Whimsicott|Moonblast|p2a: Kingambit
|-damage|p2a: Kingambit|42/100
|-unboost|p2a: Kingambit|spa|1
|-damage|p1a: Whimsicott|22/100|[from] item: Life Orb
|move|p2a: Kingambit|Iron Head|p1a: Whimsicott
|-supereffective|p1a: Whimsicott
|-crit|p1a: Whimsicott
|-damage|p1a: Whimsicott|0 fnt
|faint|p1a: Whimsicott
|
|-weather|SunnyDay|[upkeep]
|-heal|p2a: Kingambit|49/100|[from] item: Leftovers
|upkeep
|
|t:|1781272914
|switch|p1a: Comfey|Comfey, F|100/100
|turn|19
|
|t:|1781272919
|-terastallize|p1a: Comfey|Water
|move|p1a: Comfey|Growth|p1a: Comfey
|-boost|p1a: Comfey|atk|2
|-boost|p1a: Comfey|spa|2
|move|p2a: Kingambit|Iron Head|p1a: Comfey
|-resisted|p1a: Comfey
|-damage|p1a: Comfey|60/100
|
|-weather|SunnyDay|[upkeep]
|-heal|p2a: Kingambit|55/100|[from] item: Leftovers
|upkeep
|turn|20
|
|t:|1781272928
|move|p1a: Comfey|Draining Kiss|p2a: Kingambit
|-damage|p2a: Kingambit|0 fnt
|-heal|p1a: Comfey|100/100|[from] drain|[of] p2a: Kingambit
|faint|p2a: Kingambit
|-end|p2a: Kingambit|fallen4|[silent]
|-damage|p1a: Comfey|91/100|[from] item: Life Orb
|
|-weather|none
|upkeep
|-message|mastersannin forfeited.
|
|win|gabboh
|raw|gabboh's rating: 1526 &rarr; <strong>1548</strong><br />(+22 for winning)
|raw|mastersannin's rating: 1556 &rarr; <strong>1534</strong><br />(-22 for losing)
|l|☆mastersannin
|player|p2|
|l|☆gabboh
|player|p1|
