|j|☆Klopple
|j|☆monkeoogaboog2
|t:|1781602158
|gametype|singles
|player|p1|Klopple|sailor|1752
|player|p2|monkeoogaboog2|102|1663
|gen|9
|tier|[Gen 9] OU
|rated|
|rule|HP Percentage Mod: HP is shown in percentages
|rule|Endless Battle Clause: Forcing endless battles is banned
|rule|Species Clause: Limit one of each Pokémon
|rule|OHKO Clause: OHKO moves are banned
|rule|Evasion Items Clause: Evasion items are banned
|rule|Evasion Moves Clause: Evasion moves are banned
|rule|Evasion Abilities Clause: Evasion abilities are banned
|rule|Sleep Moves Clause: Sleep-inducing moves are banned
|clearpoke
|poke|p1|Arboliva, M|
|poke|p1|Gliscor, F|
|poke|p1|Iron Crown|
|poke|p1|Zamazenta-*|
|poke|p1|Hatterene, F|
|poke|p1|Dragonite, M|
|poke|p2|Fezandipiti, M|
|poke|p2|Landorus-Therian, M|
|poke|p2|Cinderace, F|
|poke|p2|Alomomola, F|
|poke|p2|Dragapult, F|
|poke|p2|Darkrai|
|teampreview
|
|t:|1781602181
|teamsize|p1|6
|teamsize|p2|6
|start
|switch|p1a: Gliscor|Gliscor, F|100/100
|switch|p2a: Landorus|Landorus-Therian, M|100/100
|-ability|p2a: Landorus|Intimidate|boost
|-unboost|p1a: Gliscor|atk|1
|turn|1
|j| BandedAI
|
|t:|1781602186
|move|p2a: Landorus|Taunt|p1a: Gliscor
|-start|p1a: Gliscor|move: Taunt
|cant|p1a: Gliscor|move: Taunt|Stealth Rock
|
|-status|p1a: Gliscor|tox|[from] item: Toxic Orb
|upkeep
|turn|2
|
|t:|1781602190
|move|p2a: Landorus|U-turn|p1a: Gliscor
|-resisted|p1a: Gliscor
|-damage|p1a: Gliscor|93/100 tox
|
|t:|1781602193
|switch|p2a: Alomomola|Alomomola, F|100/100|[from] U-turn
|move|p1a: Gliscor|Knock Off|p2a: Alomomola
|-damage|p2a: Alomomola|91/100
|-enditem|p2a: Alomomola|Assault Vest|[from] move: Knock Off|[of] p1a: Gliscor
|
|-heal|p1a: Gliscor|100/100 tox|[from] ability: Poison Heal
|upkeep
|turn|3
|c| BandedAI|oh shi arboliva heat
|
|t:|1781602200
|move|p1a: Gliscor|Earthquake|p2a: Alomomola
|-damage|p2a: Alomomola|77/100
|move|p2a: Alomomola|Flip Turn|p1a: Gliscor
|-supereffective|p1a: Gliscor
|-damage|p1a: Gliscor|74/100 tox
|
|t:|1781602203
|switch|p2a: Dragapult|Dragapult, F|100/100|[from] Flip Turn
|
|-heal|p1a: Gliscor|87/100 tox|[from] ability: Poison Heal
|-end|p1a: Gliscor|move: Taunt
|upkeep
|turn|4
|
|t:|1781602209
|move|p1a: Gliscor|Protect|p1a: Gliscor
|-singleturn|p1a: Gliscor|Protect
|move|p2a: Dragapult|Hex|p1a: Gliscor
|-activate|p1a: Gliscor|move: Protect
|
|-heal|p1a: Gliscor|99/100 tox|[from] ability: Poison Heal
|upkeep
|turn|5
|
|t:|1781602213
|move|p2a: Dragapult|Hex|p1a: Gliscor
|-damage|p1a: Gliscor|25/100 tox
|move|p1a: Gliscor|Knock Off|p2a: Dragapult
|-supereffective|p2a: Dragapult
|-damage|p2a: Dragapult|65/100
|-enditem|p2a: Dragapult|Choice Specs|[from] move: Knock Off|[of] p1a: Gliscor
|
|-heal|p1a: Gliscor|37/100 tox|[from] ability: Poison Heal
|upkeep
|turn|6
|
|t:|1781602220
|move|p1a: Gliscor|Protect|p1a: Gliscor
|-singleturn|p1a: Gliscor|Protect
|move|p2a: Dragapult|Shadow Ball|p1a: Gliscor
|-activate|p1a: Gliscor|move: Protect
|
|-heal|p1a: Gliscor|50/100 tox|[from] ability: Poison Heal
|upkeep
|turn|7
|
|t:|1781602226
|switch|p1a: Arboliva|Arboliva, M|100/100
|move|p2a: Dragapult|Hex|p1a: Arboliva
|-immune|p1a: Arboliva
|
|upkeep
|turn|8
|
|t:|1781602235
|move|p2a: Dragapult|U-turn|p1a: Arboliva
|-supereffective|p1a: Arboliva
|-damage|p1a: Arboliva|65/100
|
|t:|1781602237
|switch|p2a: Fezandipiti|Fezandipiti, M|100/100|[from] U-turn
|move|p1a: Arboliva|Alluring Voice|p2a: Fezandipiti
|-resisted|p2a: Fezandipiti
|-damage|p2a: Fezandipiti|89/100
|
|upkeep
|turn|9
|
|t:|1781602242
|switch|p1a: Gliscor|Gliscor, F|50/100 tox
|move|p2a: Fezandipiti|U-turn|p1a: Gliscor
|-resisted|p1a: Gliscor
|-damage|p1a: Gliscor|44/100 tox
|
|t:|1781602244
|switch|p2a: Dragapult|Dragapult, F|65/100|[from] U-turn
|
|-heal|p1a: Gliscor|57/100 tox|[from] ability: Poison Heal
|upkeep
|turn|10
|
|t:|1781602250
|move|p1a: Gliscor|Protect|p1a: Gliscor
|-singleturn|p1a: Gliscor|Protect
|move|p2a: Dragapult|Hex|p1a: Gliscor
|-activate|p1a: Gliscor|move: Protect
|
|-heal|p1a: Gliscor|69/100 tox|[from] ability: Poison Heal
|upkeep
|turn|11
|l| BandedAI
|
|t:|1781602263
|-terastallize|p2a: Dragapult|Ghost
|move|p2a: Dragapult|Hex|p1a: Gliscor
|-damage|p1a: Gliscor|6/100 tox
|move|p1a: Gliscor|Stealth Rock|p2a: Dragapult
|-sidestart|p2: monkeoogaboog2|move: Stealth Rock
|
|-heal|p1a: Gliscor|18/100 tox|[from] ability: Poison Heal
|upkeep
|turn|12
|
|t:|1781602269
|move|p1a: Gliscor|Protect|p1a: Gliscor
|-singleturn|p1a: Gliscor|Protect
|move|p2a: Dragapult|Draco Meteor|p1a: Gliscor
|-activate|p1a: Gliscor|move: Protect
|
|-heal|p1a: Gliscor|31/100 tox|[from] ability: Poison Heal
|upkeep
|turn|13
|j| BandedAI
|
|t:|1781602275
|switch|p1a: Arboliva|Arboliva, M|65/100
|move|p2a: Dragapult|Shadow Ball|p1a: Arboliva
|-immune|p1a: Arboliva
|
|upkeep
|turn|14
|
|t:|1781602282
|move|p2a: Dragapult|Draco Meteor|p1a: Arboliva
|-damage|p1a: Arboliva|15/100
|-unboost|p2a: Dragapult|spa|2
|move|p1a: Arboliva|Energy Ball|p2a: Dragapult
|-damage|p2a: Dragapult|0 fnt
|faint|p2a: Dragapult
|
|upkeep
|
|t:|1781602286
|switch|p2a: Cinderace|Cinderace, F|100/100
|turn|15
|-enditem|p1a: Arboliva|Custap Berry|[eat]
|-activate|p1a: Arboliva|item: Custap Berry|[consumed]
|
|t:|1781602293
|move|p1a: Arboliva|Earth Power|p2a: Cinderace
|-supereffective|p2a: Cinderace
|-damage|p2a: Cinderace|4/100
|move|p2a: Cinderace|Court Change|p2a: Cinderace
|-start|p2a: Cinderace|typechange|Normal|[from] ability: Libero
|-swapsideconditions
|-activate|p2a: Cinderace|move: Court Change
|
|upkeep
|turn|16
|
|t:|1781602304
|move|p1a: Arboliva|Endure|p1a: Arboliva
|-singleturn|p1a: Arboliva|move: Endure
|move|p2a: Cinderace|U-turn|p1a: Arboliva
|-supereffective|p1a: Arboliva
|-activate|p1a: Arboliva|move: Endure
|-damage|p1a: Arboliva|1/100
|
|t:|1781602310
|switch|p2a: Darkrai|Darkrai|100/100|[from] U-turn
|
|-item|p1a: Arboliva|Custap Berry|[from] ability: Harvest
|upkeep
|turn|17
|-enditem|p1a: Arboliva|Custap Berry|[eat]
|-activate|p1a: Arboliva|item: Custap Berry|[consumed]
|
|t:|1781602315
|move|p1a: Arboliva|Alluring Voice|p2a: Darkrai
|-supereffective|p2a: Darkrai
|-damage|p2a: Darkrai|22/100
|move|p2a: Darkrai|Dark Pulse|p1a: Arboliva
|-damage|p1a: Arboliva|0 fnt
|faint|p1a: Arboliva
|
|-heal|p2a: Darkrai|28/100|[from] item: Leftovers
|upkeep
|c|☆monkeoogaboog2|cool tecc lol
|
|t:|1781602332
|switch|p1a: Dragonite|Dragonite, M|100/100
|turn|18
|
|t:|1781602335
|switch|p2a: Landorus|Landorus-Therian, M|100/100
|-ability|p2a: Landorus|Intimidate|boost
|-unboost|p1a: Dragonite|atk|1
|move|p1a: Dragonite|Extreme Speed|p2a: Landorus
|-damage|p2a: Landorus|82/100
|-damage|p1a: Dragonite|84/100|[from] item: Rocky Helmet|[of] p2a: Landorus
|
|upkeep
|turn|19
|
|t:|1781602342
|move|p2a: Landorus|Taunt|p1a: Dragonite
|-start|p1a: Dragonite|move: Taunt
|move|p1a: Dragonite|Dragon Tail|p2a: Landorus
|-damage|p2a: Landorus|60/100
|-damage|p1a: Dragonite|68/100|[from] item: Rocky Helmet|[of] p2a: Landorus
|drag|p2a: Darkrai|Darkrai|28/100
|
|-heal|p2a: Darkrai|34/100|[from] item: Leftovers
|upkeep
|turn|20
|
|t:|1781602354
|switch|p1a: Iron Crown|Iron Crown|100/100
|-damage|p1a: Iron Crown|94/100|[from] Stealth Rock
|move|p2a: Darkrai|Dark Pulse|p1a: Iron Crown
|-supereffective|p1a: Iron Crown
|-damage|p1a: Iron Crown|39/100
|
|-heal|p2a: Darkrai|40/100|[from] item: Leftovers
|upkeep
|turn|21
|
|t:|1781602364
|-end|p1a: Iron Crown|Quark Drive|[silent]
|switch|p1a: Zamazenta|Zamazenta|100/100
|-damage|p1a: Zamazenta|94/100|[from] Stealth Rock
|-ability|p1a: Zamazenta|Dauntless Shield|boost
|-boost|p1a: Zamazenta|def|1
|move|p2a: Darkrai|Dark Pulse|p1a: Zamazenta
|-resisted|p1a: Zamazenta
|-damage|p1a: Zamazenta|77/100
|
|-heal|p2a: Darkrai|46/100|[from] item: Leftovers
|upkeep
|turn|22
|
|t:|1781602371
|switch|p2a: Landorus|Landorus-Therian, M|60/100
|-ability|p2a: Landorus|Intimidate|boost
|-unboost|p1a: Zamazenta|atk|1
|move|p1a: Zamazenta|Ice Fang|p2a: Landorus
|-supereffective|p2a: Landorus
|-damage|p2a: Landorus|2/100
|-damage|p1a: Zamazenta|61/100|[from] item: Rocky Helmet|[of] p2a: Landorus
|
|upkeep
|turn|23
|
|t:|1781602378
|switch|p2a: Alomomola|Alomomola, F|100/100
|move|p1a: Zamazenta|Close Combat|p2a: Alomomola
|-damage|p2a: Alomomola|70/100
|-unboost|p1a: Zamazenta|def|1
|-unboost|p1a: Zamazenta|spd|1
|
|upkeep
|turn|24
|l| BandedAI
|
|t:|1781602385
|switch|p1a: Dragonite|Dragonite, M|68/100
|move|p2a: Alomomola|Flip Turn|p1a: Dragonite
|-resisted|p1a: Dragonite
|-damage|p1a: Dragonite|60/100
|
|t:|1781602390
|switch|p2a: Fezandipiti|Fezandipiti, M|89/100|[from] Flip Turn
|
|upkeep
|turn|25
|
|t:|1781602410
|switch|p1a: Hatterene|Hatterene, F|100/100
|-damage|p1a: Hatterene|88/100|[from] Stealth Rock
|move|p2a: Fezandipiti|Moonblast|p1a: Hatterene
|-damage|p1a: Hatterene|62/100
|-status|p1a: Hatterene|tox|[from] ability: Toxic Chain|[of] p2a: Fezandipiti
|
|-damage|p1a: Hatterene|56/100 tox|[from] psn
|upkeep
|turn|26
|
|t:|1781602426
|move|p2a: Fezandipiti|U-turn|p1a: Hatterene
|-damage|p1a: Hatterene|44/100 tox
|-damage|p2a: Fezandipiti|73/100|[from] item: Rocky Helmet|[of] p1a: Hatterene
|
|t:|1781602432
|switch|p2a: Alomomola|Alomomola, F|100/100|[from] U-turn
|move|p1a: Hatterene|Psychic Noise|p2a: Alomomola
|-damage|p2a: Alomomola|74/100
|-start|p2a: Alomomola|move: Heal Block
|
|-damage|p1a: Hatterene|32/100 tox|[from] psn
|upkeep
|turn|27
|
|t:|1781602441
|switch|p2a: Cinderace|Cinderace, F|4/100
|move|p1a: Hatterene|Pain Split|p2a: Cinderace
|-sethp|p2a: Cinderace|19/100|[from] move: Pain Split|[silent]
|-sethp|p1a: Hatterene|18/100 tox|[from] move: Pain Split
|
|-damage|p1a: Hatterene|0 fnt|[from] psn
|faint|p1a: Hatterene
|upkeep
|
|t:|1781602452
|switch|p1a: Dragonite|Dragonite, M|60/100
|turn|28
|
|t:|1781602457
|switch|p2a: Alomomola|Alomomola, F|100/100
|move|p1a: Dragonite|Extreme Speed|p2a: Alomomola
|-damage|p2a: Alomomola|79/100
|
|upkeep
|turn|29
|
|t:|1781602460
|move|p1a: Dragonite|Roost|p1a: Dragonite
|-heal|p1a: Dragonite|100/100
|-singleturn|p1a: Dragonite|move: Roost
|move|p2a: Alomomola|Scald|p1a: Dragonite
|-resisted|p1a: Dragonite
|-damage|p1a: Dragonite|98/100
|
|upkeep
|turn|30
|
|t:|1781602471
|switch|p1a: Gliscor|Gliscor, F|31/100 tox
|-damage|p1a: Gliscor|18/100 tox|[from] Stealth Rock
|move|p2a: Alomomola|Flip Turn|p1a: Gliscor
|-supereffective|p1a: Gliscor
|-damage|p1a: Gliscor|0 fnt
|faint|p1a: Gliscor
|
|t:|1781602479
|switch|p2a: Darkrai|Darkrai|46/100|[from] Flip Turn
|
|-heal|p2a: Darkrai|52/100|[from] item: Leftovers
|upkeep
|
|t:|1781602483
|switch|p1a: Zamazenta|Zamazenta|61/100
|-damage|p1a: Zamazenta|55/100|[from] Stealth Rock
|turn|31
|
|t:|1781602489
|switch|p2a: Landorus|Landorus-Therian, M|2/100
|-ability|p2a: Landorus|Intimidate|boost
|-unboost|p1a: Zamazenta|atk|1
|move|p1a: Zamazenta|Close Combat|p2a: Landorus
|-resisted|p2a: Landorus
|-damage|p2a: Landorus|0 fnt
|-unboost|p1a: Zamazenta|def|1
|-unboost|p1a: Zamazenta|spd|1
|-damage|p1a: Zamazenta|38/100|[from] item: Rocky Helmet|[of] p2a: Landorus
|faint|p2a: Landorus
|
|upkeep
|
|t:|1781602497
|switch|p2a: Alomomola|Alomomola, F|100/100
|turn|32
|
|t:|1781602503
|switch|p1a: Dragonite|Dragonite, M|98/100
|move|p2a: Alomomola|Flip Turn|p1a: Dragonite
|-resisted|p1a: Dragonite
|-damage|p1a: Dragonite|90/100
|
|t:|1781602507
|switch|p2a: Fezandipiti|Fezandipiti, M|73/100|[from] Flip Turn
|
|upkeep
|turn|33
|
|t:|1781602513
|move|p2a: Fezandipiti|Beat Up|p1a: Dragonite
|-damage|p1a: Dragonite|87/100
|-status|p1a: Dragonite|tox|[from] ability: Toxic Chain|[of] p2a: Fezandipiti
|-damage|p1a: Dragonite|85/100 tox
|-damage|p1a: Dragonite|82/100 tox
|-damage|p1a: Dragonite|79/100 tox
|-hitcount|p1a: Dragonite|4
|move|p1a: Dragonite|Earthquake|p2a: Fezandipiti
|-supereffective|p2a: Fezandipiti
|-damage|p2a: Fezandipiti|0 fnt
|faint|p2a: Fezandipiti
|
|-damage|p1a: Dragonite|73/100 tox|[from] psn
|upkeep
|
|t:|1781602518
|switch|p2a: Alomomola|Alomomola, F|100/100
|turn|34
|
|t:|1781602531
|move|p1a: Dragonite|Earthquake|p2a: Alomomola
|-damage|p2a: Alomomola|73/100
|move|p2a: Alomomola|Scald|p1a: Dragonite
|-resisted|p1a: Dragonite
|-damage|p1a: Dragonite|67/100 tox
|
|-damage|p1a: Dragonite|55/100 tox|[from] psn
|upkeep
|turn|35
|
|t:|1781602537
|move|p1a: Dragonite|Earthquake|p2a: Alomomola
|-damage|p2a: Alomomola|47/100
|move|p2a: Alomomola|Scald|p1a: Dragonite
|-resisted|p1a: Dragonite
|-damage|p1a: Dragonite|50/100 tox
|
|-damage|p1a: Dragonite|32/100 tox|[from] psn
|upkeep
|turn|36
|
|t:|1781602548
|move|p1a: Dragonite|Roost|p1a: Dragonite
|-heal|p1a: Dragonite|82/100 tox
|-singleturn|p1a: Dragonite|move: Roost
|move|p2a: Alomomola|Body Slam|p1a: Dragonite
|-damage|p1a: Dragonite|68/100 tox
|
|-damage|p1a: Dragonite|44/100 tox|[from] psn
|upkeep
|turn|37
|
|t:|1781602555
|move|p1a: Dragonite|Earthquake|p2a: Alomomola
|-damage|p2a: Alomomola|20/100
|move|p2a: Alomomola|Body Slam|p1a: Dragonite
|-damage|p1a: Dragonite|30/100 tox
|
|-damage|p1a: Dragonite|0 fnt|[from] psn
|faint|p1a: Dragonite
|upkeep
|
|t:|1781602563
|switch|p1a: Zamazenta|Zamazenta|38/100
|-damage|p1a: Zamazenta|32/100|[from] Stealth Rock
|turn|38
|
|t:|1781602576
|switch|p2a: Cinderace|Cinderace, F|19/100
|move|p1a: Zamazenta|Close Combat|p2a: Cinderace
|-damage|p2a: Cinderace|0 fnt
|-unboost|p1a: Zamazenta|def|1
|-unboost|p1a: Zamazenta|spd|1
|faint|p2a: Cinderace
|
|upkeep
|
|t:|1781602582
|switch|p2a: Alomomola|Alomomola, F|53/100
|turn|39
|
|t:|1781602588
|-terastallize|p1a: Zamazenta|Fighting
|move|p1a: Zamazenta|Close Combat|p2a: Alomomola
|-damage|p2a: Alomomola|0 fnt
|-unboost|p1a: Zamazenta|def|1
|-unboost|p1a: Zamazenta|spd|1
|faint|p2a: Alomomola
|
|upkeep
|
|t:|1781602593
|switch|p2a: Darkrai|Darkrai|52/100
|turn|40
|
|t:|1781602596
|move|p1a: Zamazenta|Close Combat|p2a: Darkrai
|-supereffective|p2a: Darkrai
|-damage|p2a: Darkrai|0 fnt
|-unboost|p1a: Zamazenta|def|1
|-unboost|p1a: Zamazenta|spd|1
|faint|p2a: Darkrai
|
|win|Klopple
|raw|Klopple's rating: 1752 &rarr; <strong>1767</strong><br />(+15 for winning)
|raw|monkeoogaboog2's rating: 1663 &rarr; <strong>1648</strong><br />(-15 for losing)
|l|☆monkeoogaboog2
|player|p2|
|l|☆Klopple
|player|p1|
