|j|☆Kirnil
|j|☆omari p
|t:|1781550158
|gametype|singles
|player|p1|Kirnil|maid|1661
|player|p2|omari p|pokemonrangerf|1668
|gen|9
|tier|[Gen 9] OU
|rated|
|rule|HP Percentage Mod: HP is shown in percentages
|rule|Endless Battle Clause: Forcing endless battles is banned
|rule|Species Clause: Limit one of each Pokémon
|rule|OHKO Clause: OHKO moves are banned
|rule|Evasion Items Clause: Evasion items are banned
|rule|Evasion Moves Clause: Evasion moves are banned
|rule|Evasion Abilities Clause: Evasion abilities are banned
|rule|Sleep Moves Clause: Sleep-inducing moves are banned
|clearpoke
|poke|p1|Darkrai|
|poke|p1|Kyurem|
|poke|p1|Cinderace, F|
|poke|p1|Mandibuzz, F|
|poke|p1|Slowking-Galar, M|
|poke|p1|Rillaboom, F|
|poke|p2|Hoopa|
|poke|p2|Cinderace, F|
|poke|p2|Mandibuzz, F|
|poke|p2|Kyurem|
|poke|p2|Ting-Lu|
|poke|p2|Manaphy|
|teampreview
|inactive|Battle timer is ON: inactive players will automatically lose when time's up. (requested by Kirnil)
|c|☆omari p|this looks like my team
|c|☆omari p|uses all of my mons except slowking
|
|t:|1781550200
|teamsize|p1|6
|teamsize|p2|6
|start
|switch|p1a: Cinderace|Cinderace, F|100/100
|switch|p2a: Cinderace|Cinderace, F|100/100
|turn|1
|
|t:|1781550206
|move|p2a: Cinderace|Pyro Ball|p1a: Cinderace
|-resisted|p1a: Cinderace
|-damage|p1a: Cinderace|52/100
|move|p1a: Cinderace|High Jump Kick|p2a: Cinderace
|-start|p1a: Cinderace|typechange|Fighting|[from] ability: Libero
|-damage|p2a: Cinderace|5/100
|
|upkeep
|turn|2
|
|t:|1781550213
|switch|p2a: Mandibuzz|Mandibuzz, F, shiny|100/100
|move|p1a: Cinderace|U-turn|p2a: Mandibuzz
|-damage|p2a: Mandibuzz|88/100
|-damage|p1a: Cinderace|35/100|[from] item: Rocky Helmet|[of] p2a: Mandibuzz
|
|t:|1781550221
|switch|p1a: Kyurem|Kyurem|100/100|[from] U-turn
|-ability|p1a: Kyurem|Pressure
|
|upkeep
|turn|3
|
|t:|1781550228
|switch|p2a: Hoopa|Hoopa|100/100
|move|p1a: Kyurem|Freeze-Dry|p2a: Hoopa
|-damage|p2a: Hoopa|57/100
|
|upkeep
|turn|4
|
|t:|1781550239
|-terastallize|p1a: Kyurem|Ice
|move|p1a: Kyurem|Freeze-Dry|p2a: Hoopa
|-damage|p2a: Hoopa|0 fnt
|faint|p2a: Hoopa
|
|upkeep
|
|t:|1781550243
|switch|p2a: Cinderace|Cinderace, F|5/100
|turn|5
|j| Shucklepilled
|
|t:|1781550246
|switch|p1a: Mandibuzz|Mandibuzz, F|100/100
|move|p2a: Cinderace|Pyro Ball|p1a: Mandibuzz
|-damage|p1a: Mandibuzz|62/100
|
|upkeep
|turn|6
|
|t:|1781550251
|switch|p2a: Manaphy|Manaphy|100/100
|move|p1a: Mandibuzz|U-turn|p2a: Manaphy
|-damage|p2a: Manaphy|91/100
|
|t:|1781550256
|switch|p1a: Kyurem|Kyurem, tera:Ice|100/100|[from] U-turn
|-ability|p1a: Kyurem|Pressure
|
|-heal|p2a: Manaphy|98/100|[from] item: Leftovers
|upkeep
|turn|7
|
|t:|1781550264
|switch|p2a: Kyurem|Kyurem|100/100
|-ability|p2a: Kyurem|Pressure
|move|p1a: Kyurem|Freeze-Dry|p2a: Kyurem
|-damage|p2a: Kyurem|26/100
|
|upkeep
|turn|8
|
|t:|1781550268
|switch|p1a: Slowking|Slowking-Galar, M|100/100
|move|p2a: Kyurem|Draco Meteor|p1a: Slowking
|-damage|p1a: Slowking|63/100
|-unboost|p2a: Kyurem|spa|2
|
|upkeep
|turn|9
|
|t:|1781550272
|switch|p2a: Ting-Lucifer|Ting-Lu|100/100
|-ability|p2a: Ting-Lucifer|Vessel of Ruin
|-prepare|p1a: Slowking|Chilly Reception|[premajor]
|move|p1a: Slowking|Chilly Reception|p1a: Slowking
|-weather|Snowscape
|
|t:|1781550277
|switch|p1a: Kyurem|Kyurem, tera:Ice|100/100|[from] Chilly Reception
|-ability|p1a: Kyurem|Pressure
|
|-weather|Snowscape|[upkeep]
|upkeep
|turn|10
|
|t:|1781550281
|-terastallize|p2a: Ting-Lucifer|Steel
|move|p1a: Kyurem|Blizzard|p2a: Ting-Lucifer
|-resisted|p2a: Ting-Lucifer
|-crit|p2a: Ting-Lucifer
|-damage|p2a: Ting-Lucifer|54/100
|move|p2a: Ting-Lucifer|Heavy Slam|p1a: Kyurem
|-supereffective|p1a: Kyurem
|-damage|p1a: Kyurem|61/100
|
|-weather|Snowscape|[upkeep]
|upkeep
|turn|11
|j| TheSacredJackal⨕
|
|t:|1781550294
|switch|p1a: Mandibuzz|Mandibuzz, F|62/100
|move|p2a: Ting-Lucifer|Stealth Rock|p1a: Mandibuzz
|-sidestart|p1: Kirnil|move: Stealth Rock
|
|-weather|Snowscape|[upkeep]
|upkeep
|turn|12
|
|t:|1781550297
|move|p1a: Mandibuzz|Defog|p2a: Ting-Lucifer
|-unboost|p2a: Ting-Lucifer|evasion|1
|-sideend|p1: Kirnil|Stealth Rock|[from] move: Defog|[of] p1a: Mandibuzz
|move|p2a: Ting-Lucifer|Stone Edge|p1a: Mandibuzz
|-supereffective|p1a: Mandibuzz
|-damage|p1a: Mandibuzz|22/100
|
|-weather|Snowscape|[upkeep]
|upkeep
|turn|13
|
|t:|1781550302
|move|p1a: Mandibuzz|Roost|p1a: Mandibuzz
|-heal|p1a: Mandibuzz|72/100
|-singleturn|p1a: Mandibuzz|move: Roost
|move|p2a: Ting-Lucifer|Earthquake|p1a: Mandibuzz
|-damage|p1a: Mandibuzz|45/100
|
|-weather|none
|upkeep
|turn|14
|
|t:|1781550308
|switch|p2a: Manaphy|Manaphy|98/100
|move|p1a: Mandibuzz|Roost|p1a: Mandibuzz
|-heal|p1a: Mandibuzz|95/100
|-singleturn|p1a: Mandibuzz|move: Roost
|
|-heal|p2a: Manaphy|100/100|[from] item: Leftovers
|upkeep
|turn|15
|l| Shucklepilled
|
|t:|1781550310
|move|p2a: Manaphy|Tail Glow|p2a: Manaphy
|-boost|p2a: Manaphy|spa|3
|move|p1a: Mandibuzz|U-turn|p2a: Manaphy
|-damage|p2a: Manaphy|90/100
|
|t:|1781550321
|switch|p1a: Rillaboom|Rillaboom, F|100/100|[from] U-turn
|-fieldstart|move: Grassy Terrain|[from] ability: Grassy Surge|[of] p1a: Rillaboom
|
|-heal|p2a: Manaphy|97/100|[from] Grassy Terrain
|-heal|p2a: Manaphy|100/100|[from] item: Leftovers
|upkeep
|turn|16
|l| TheSacredJackal⨕
|
|t:|1781550324
|move|p1a: Rillaboom|Grassy Glide|p2a: Manaphy
|-supereffective|p2a: Manaphy
|-damage|p2a: Manaphy|35/100
|move|p2a: Manaphy|Psychic|p1a: Rillaboom
|-damage|p1a: Rillaboom|62/100
|-unboost|p1a: Rillaboom|spd|1
|
|-heal|p2a: Manaphy|41/100|[from] Grassy Terrain
|-heal|p2a: Manaphy|48/100|[from] item: Leftovers
|-heal|p1a: Rillaboom|69/100|[from] Grassy Terrain
|upkeep
|turn|17
|
|t:|1781550331
|switch|p2a: Mandibuzz|Mandibuzz, F, shiny|88/100
|move|p1a: Rillaboom|U-turn|p2a: Mandibuzz
|-damage|p2a: Mandibuzz|72/100
|-damage|p1a: Rillaboom|52/100|[from] item: Rocky Helmet|[of] p2a: Mandibuzz
|
|t:|1781550334
|switch|p1a: Kyurem|Kyurem, tera:Ice|61/100|[from] U-turn
|-ability|p1a: Kyurem|Pressure
|
|-heal|p1a: Kyurem|67/100|[from] Grassy Terrain
|upkeep
|turn|18
|
|t:|1781550338
|switch|p2a: Ting-Lucifer|Ting-Lu, tera:Steel|54/100
|-ability|p2a: Ting-Lucifer|Vessel of Ruin
|move|p1a: Kyurem|Freeze-Dry|p2a: Ting-Lucifer
|-resisted|p2a: Ting-Lucifer
|-damage|p2a: Ting-Lucifer|35/100
|-status|p2a: Ting-Lucifer|frz
|
|-heal|p1a: Kyurem|73/100|[from] Grassy Terrain
|-heal|p2a: Ting-Lucifer|41/100 frz|[from] Grassy Terrain
|upkeep
|turn|19
|
|t:|1781550344
|switch|p1a: Cinderace|Cinderace, F|35/100
|cant|p2a: Ting-Lucifer|frz
|
|-heal|p1a: Cinderace|41/100|[from] Grassy Terrain
|-heal|p2a: Ting-Lucifer|47/100 frz|[from] Grassy Terrain
|-fieldend|move: Grassy Terrain
|upkeep
|turn|20
|
|t:|1781550348
|switch|p2a: Mandibuzz|Mandibuzz, F, shiny|72/100
|move|p1a: Cinderace|U-turn|p2a: Mandibuzz
|-start|p1a: Cinderace|typechange|Bug|[from] ability: Libero
|-damage|p2a: Mandibuzz|53/100
|-damage|p1a: Cinderace|25/100|[from] item: Rocky Helmet|[of] p2a: Mandibuzz
|
|t:|1781550350
|switch|p1a: Kyurem|Kyurem, tera:Ice|73/100|[from] U-turn
|-ability|p1a: Kyurem|Pressure
|
|upkeep
|turn|21
|
|t:|1781550356
|switch|p2a: Ting-Lucifer|Ting-Lu, tera:Steel|47/100 frz
|-ability|p2a: Ting-Lucifer|Vessel of Ruin
|move|p1a: Kyurem|Freeze-Dry|p2a: Ting-Lucifer
|-resisted|p2a: Ting-Lucifer
|-damage|p2a: Ting-Lucifer|27/100 frz
|
|upkeep
|turn|22
|
|t:|1781550366
|switch|p1a: Darkrai|Darkrai|100/100
|cant|p2a: Ting-Lucifer|frz
|
|upkeep
|turn|23
|
|t:|1781550373
|move|p1a: Darkrai|Dark Pulse|p2a: Ting-Lucifer
|-damage|p2a: Ting-Lucifer|0 fnt
|faint|p2a: Ting-Lucifer
|
|upkeep
|
|t:|1781550378
|switch|p2a: Kyurem|Kyurem|26/100
|-ability|p2a: Kyurem|Pressure
|turn|24
|
|t:|1781550381
|move|p2a: Kyurem|Ice Beam|p1a: Darkrai
|-damage|p1a: Darkrai|35/100
|move|p1a: Darkrai|Dark Pulse|p2a: Kyurem
|-damage|p2a: Kyurem|0 fnt
|faint|p2a: Kyurem
|
|upkeep
|
|t:|1781550385
|switch|p2a: Manaphy|Manaphy|48/100
|turn|25
|
|t:|1781550388
|move|p1a: Darkrai|Dark Pulse|p2a: Manaphy
|-damage|p2a: Manaphy|0 fnt
|faint|p2a: Manaphy
|
|upkeep
|
|t:|1781550391
|switch|p2a: Mandibuzz|Mandibuzz, F, shiny|53/100
|turn|26
|
|t:|1781550393
|move|p1a: Darkrai|Dark Pulse|p2a: Mandibuzz
|-resisted|p2a: Mandibuzz
|-crit|p2a: Mandibuzz
|-damage|p2a: Mandibuzz|9/100
|move|p2a: Mandibuzz|Roost|p2a: Mandibuzz
|-heal|p2a: Mandibuzz|59/100
|-singleturn|p2a: Mandibuzz|move: Roost
|
|upkeep
|turn|27
|
|t:|1781550398
|switch|p1a: Slowking|Slowking-Galar, M|96/100
|move|p2a: Mandibuzz|Roost|p2a: Mandibuzz
|-heal|p2a: Mandibuzz|100/100
|-singleturn|p2a: Mandibuzz|move: Roost
|
|upkeep
|turn|28
|
|t:|1781550402
|move|p2a: Mandibuzz|Foul Play|p1a: Slowking
|-supereffective|p1a: Slowking
|-crit|p1a: Slowking
|-damage|p1a: Slowking|38/100
|-prepare|p1a: Slowking|Chilly Reception|[premajor]
|move|p1a: Slowking|Chilly Reception|p1a: Slowking
|-weather|Snowscape
|
|t:|1781550406
|switch|p1a: Kyurem|Kyurem, tera:Ice|73/100|[from] Chilly Reception
|-ability|p1a: Kyurem|Pressure
|
|-weather|Snowscape|[upkeep]
|upkeep
|turn|29
|
|t:|1781550407
|move|p1a: Kyurem|Blizzard|p2a: Mandibuzz
|-supereffective|p2a: Mandibuzz
|-damage|p2a: Mandibuzz|0 fnt
|faint|p2a: Mandibuzz
|
|-weather|Snowscape|[upkeep]
|upkeep
|j| Annoxia
|
|t:|1781550410
|switch|p2a: Cinderace|Cinderace, F|5/100
|turn|30
|
|t:|1781550412
|switch|p1a: Darkrai|Darkrai|35/100
|move|p2a: Cinderace|Pyro Ball|p1a: Darkrai|[miss]
|-miss|p2a: Cinderace|p1a: Darkrai
|
|-weather|Snowscape|[upkeep]
|upkeep
|turn|31
|
|t:|1781550415
|move|p1a: Darkrai|Dark Pulse|p2a: Cinderace
|-damage|p2a: Cinderace|0 fnt
|faint|p2a: Cinderace
|
|win|Kirnil
|raw|Kirnil's rating: 1661 &rarr; <strong>1681</strong><br />(+20 for winning)
|raw|omari p's rating: 1668 &rarr; <strong>1648</strong><br />(-20 for losing)
|l|☆Kirnil
|player|p1|
|l| Annoxia
|j| Shucklepilled
|l| Shucklepilled
