|j|☆Luisowbro
|j|‽oatishere
|t:|1781109366
|gametype|singles
|player|p1|Luisowbro|ingo|1549
|player|p2|oatishere|artistf-gen6|1628
|gen|9
|tier|[Gen 9] OU
|rated|
|rule|HP Percentage Mod: HP is shown in percentages
|rule|Endless Battle Clause: Forcing endless battles is banned
|rule|Species Clause: Limit one of each Pokémon
|rule|OHKO Clause: OHKO moves are banned
|rule|Evasion Items Clause: Evasion items are banned
|rule|Evasion Moves Clause: Evasion moves are banned
|rule|Evasion Abilities Clause: Evasion abilities are banned
|rule|Sleep Moves Clause: Sleep-inducing moves are banned
|clearpoke
|poke|p1|Moltres-Galar|
|poke|p1|Haxorus, M|
|poke|p1|Thundurus-Therian, M|
|poke|p1|Scizor, M|
|poke|p1|Volcanion|
|poke|p1|Ninetales-Alola, F|
|poke|p2|Gardevoir, F|
|poke|p2|Rillaboom, F|
|poke|p2|Serperior, F|
|poke|p2|Great Tusk|
|poke|p2|Glimmora, M|
|poke|p2|Kingambit, F|
|teampreview
|inactive|Battle timer is ON: inactive players will automatically lose when time's up. (requested by oatishere)
|inactive|Luisowbro has 120 seconds left.
|
|t:|1781109416
|teamsize|p1|6
|teamsize|p2|6
|start
|switch|p1a: Scizor|Scizor, M|100/100
|switch|p2a: Rillaboom|Rillaboom, F|100/100
|-fieldstart|move: Grassy Terrain|[from] ability: Grassy Surge|[of] p2a: Rillaboom
|turn|1
|
|t:|1781109422
|switch|p2a: Glimmora|Glimmora, M|100/100
|move|p1a: Scizor|U-turn|p2a: Glimmora
|-resisted|p2a: Glimmora
|-damage|p2a: Glimmora|64/100
|-activate|p2a: Glimmora|ability: Toxic Debris
|-sidestart|p1: Luisowbro|move: Toxic Spikes
|inactive|Luisowbro has 120 seconds left.
|
|t:|1781109460
|switch|p1a: Thundurus|Thundurus-Therian, M, shiny|100/100|[from] U-turn
|
|-heal|p2a: Glimmora|70/100|[from] Grassy Terrain
|upkeep
|turn|2
|inactive|Luisowbro has 120 seconds left.
|
|t:|1781109471
|move|p1a: Thundurus|Psychic|p2a: Glimmora
|-supereffective|p2a: Glimmora
|-damage|p2a: Glimmora|0 fnt
|faint|p2a: Glimmora
|
|upkeep
|
|t:|1781109479
|switch|p2a: Serperior|Serperior, F|100/100
|turn|3
|
|t:|1781109483
|switch|p1a: Scizor|Scizor, M|100/100
|move|p2a: Serperior|Leaf Storm|p1a: Scizor|[miss]
|-miss|p2a: Serperior|p1a: Scizor
|
|upkeep
|turn|4
|
|t:|1781109490
|switch|p2a: Great Tusk|Great Tusk|100/100
|-enditem|p2a: Great Tusk|Booster Energy
|-activate|p2a: Great Tusk|ability: Protosynthesis|[fromitem]
|-start|p2a: Great Tusk|protosynthesisspe
|move|p1a: Scizor|U-turn|p2a: Great Tusk
|-resisted|p2a: Great Tusk
|-damage|p2a: Great Tusk|83/100
|
|t:|1781109501
|switch|p1a: Thundurus|Thundurus-Therian, M, shiny|100/100|[from] U-turn
|
|-heal|p2a: Great Tusk|89/100|[from] Grassy Terrain
|upkeep
|turn|5
|
|t:|1781109507
|-terastallize|p1a: Thundurus|Psychic
|move|p1a: Thundurus|Psychic|p2a: Great Tusk
|-supereffective|p2a: Great Tusk
|-damage|p2a: Great Tusk|0 fnt
|faint|p2a: Great Tusk
|-end|p2a: Great Tusk|Protosynthesis|[silent]
|
|upkeep
|
|t:|1781109511
|switch|p2a: Kingambit|Kingambit, F|100/100
|-activate|p2a: Kingambit|ability: Supreme Overlord
|-start|p2a: Kingambit|fallen2|[silent]
|turn|6
|
|t:|1781109516
|switch|p1a: Haxorus|Haxorus, M, shiny|100/100
|-status|p1a: Haxorus|psn
|-ability|p1a: Haxorus|Mold Breaker
|move|p2a: Kingambit|Iron Head|p1a: Haxorus
|-damage|p1a: Haxorus|25/100 psn
|
|-heal|p1a: Haxorus|31/100 psn|[from] Grassy Terrain
|-damage|p1a: Haxorus|19/100 psn|[from] psn
|upkeep
|turn|7
|
|t:|1781109526
|move|p1a: Haxorus|First Impression|p2a: Kingambit
|-damage|p2a: Kingambit|75/100
|move|p2a: Kingambit|Sucker Punch||[still]
|-fail|p2a: Kingambit
|
|-heal|p1a: Haxorus|25/100 psn|[from] Grassy Terrain
|-heal|p2a: Kingambit|81/100|[from] Grassy Terrain
|-damage|p1a: Haxorus|12/100 psn|[from] psn
|upkeep
|turn|8
|
|t:|1781109535
|move|p1a: Haxorus|Close Combat|p2a: Kingambit
|-supereffective|p2a: Kingambit
|-damage|p2a: Kingambit|0 fnt
|-unboost|p1a: Haxorus|def|1
|-unboost|p1a: Haxorus|spd|1
|faint|p2a: Kingambit
|-end|p2a: Kingambit|fallen2|[silent]
|
|-heal|p1a: Haxorus|19/100 psn|[from] Grassy Terrain
|-damage|p1a: Haxorus|6/100 psn|[from] psn
|-fieldend|move: Grassy Terrain
|upkeep
|
|t:|1781109538
|switch|p2a: Rillaboom|Rillaboom, F|100/100
|-fieldstart|move: Grassy Terrain|[from] ability: Grassy Surge|[of] p2a: Rillaboom
|turn|9
|
|t:|1781109547
|move|p1a: Haxorus|Scale Shot|p2a: Rillaboom
|-damage|p2a: Rillaboom|86/100
|-damage|p2a: Rillaboom|72/100
|-damage|p2a: Rillaboom|59/100
|-damage|p2a: Rillaboom|44/100
|-damage|p2a: Rillaboom|31/100
|-hitcount|p2a: Rillaboom|5
|-unboost|p1a: Haxorus|def|1
|-boost|p1a: Haxorus|spe|1
|move|p2a: Rillaboom|U-turn|p1a: Haxorus
|-damage|p1a: Haxorus|0 fnt
|faint|p1a: Haxorus
|
|t:|1781109550
|switch|p2a: Gardevoir|Gardevoir, F|100/100|[from] U-turn
|-enditem|p2a: Gardevoir|Grassy Seed
|-boost|p2a: Gardevoir|def|1|[from] item: Grassy Seed
|
|upkeep
|j| ILoveGardevoirRah
|
|t:|1781109569
|switch|p1a: Scizor|Scizor, M|100/100
|-ability|p2a: Gardevoir|Technician|Trace|[from] ability: Trace|[of] p1a: Scizor
|turn|10
|
|t:|1781109574
|-terastallize|p2a: Gardevoir|Poison
|move|p2a: Gardevoir|Calm Mind|p2a: Gardevoir
|-boost|p2a: Gardevoir|spa|1
|-boost|p2a: Gardevoir|spd|1
|move|p1a: Scizor|Defog|p2a: Gardevoir
|-unboost|p2a: Gardevoir|evasion|1
|-sideend|p1: Luisowbro|Toxic Spikes|[from] move: Defog|[of] p1a: Scizor
|-fieldend|move: Grassy Terrain
|
|upkeep
|turn|11
|
|t:|1781109587
|switch|p1a: Ninetales|Ninetales-Alola, F, shiny|100/100
|-weather|Snowscape|[from] ability: Snow Warning|[of] p1a: Ninetales
|move|p2a: Gardevoir|Stored Power|p1a: Ninetales
|-damage|p1a: Ninetales|42/100
|
|-weather|Snowscape|[upkeep]
|upkeep
|turn|12
|
|t:|1781109594
|move|p1a: Ninetales|Aurora Veil|p1a: Ninetales
|-sidestart|p1: Luisowbro|move: Aurora Veil
|move|p2a: Gardevoir|Draining Kiss|p1a: Ninetales
|-damage|p1a: Ninetales|15/100
|
|-weather|Snowscape|[upkeep]
|upkeep
|turn|13
|
|t:|1781109605
|move|p1a: Ninetales|Freeze-Dry|p2a: Gardevoir
|-damage|p2a: Gardevoir|88/100
|move|p2a: Gardevoir|Draining Kiss|p1a: Ninetales
|-damage|p1a: Ninetales|0 fnt
|-heal|p2a: Gardevoir|99/100|[from] drain|[of] p1a: Ninetales
|faint|p1a: Ninetales
|
|-weather|Snowscape|[upkeep]
|upkeep
|j| SigmaWolf67
|
|t:|1781109629
|switch|p1a: Volcanion|Volcanion|100/100
|turn|14
|
|t:|1781109632
|move|p2a: Gardevoir|Calm Mind|p2a: Gardevoir
|-boost|p2a: Gardevoir|spa|1
|-boost|p2a: Gardevoir|spd|1
|move|p1a: Volcanion|Earth Power|p2a: Gardevoir
|-supereffective|p2a: Gardevoir
|-damage|p2a: Gardevoir|65/100
|
|-weather|Snowscape|[upkeep]
|upkeep
|turn|15
|l| SigmaWolf67
|
|t:|1781109649
|move|p2a: Gardevoir|Calm Mind|p2a: Gardevoir
|-boost|p2a: Gardevoir|spa|1
|-boost|p2a: Gardevoir|spd|1
|move|p1a: Volcanion|Earth Power|p2a: Gardevoir
|-supereffective|p2a: Gardevoir
|-damage|p2a: Gardevoir|38/100
|
|-weather|none
|upkeep
|turn|16
|
|t:|1781109656
|move|p2a: Gardevoir|Stored Power|p1a: Volcanion
|-damage|p1a: Volcanion|38/100
|move|p1a: Volcanion|Earth Power|p2a: Gardevoir
|-supereffective|p2a: Gardevoir
|-damage|p2a: Gardevoir|14/100
|
|upkeep
|turn|17
|
|t:|1781109664
|move|p2a: Gardevoir|Stored Power|p1a: Volcanion
|-damage|p1a: Volcanion|0 fnt
|faint|p1a: Volcanion
|
|upkeep
|
|t:|1781109676
|switch|p1a: Scizor|Scizor, M|100/100
|turn|18
|
|t:|1781109686
|move|p1a: Scizor|Bullet Punch|p2a: Gardevoir
|-damage|p2a: Gardevoir|0 fnt
|faint|p2a: Gardevoir
|
|upkeep
|
|t:|1781109688
|switch|p2a: Rillaboom|Rillaboom, F|31/100
|-fieldstart|move: Grassy Terrain|[from] ability: Grassy Surge|[of] p2a: Rillaboom
|turn|19
|
|t:|1781109693
|move|p1a: Scizor|Bullet Punch|p2a: Rillaboom
|-damage|p2a: Rillaboom|0 fnt
|faint|p2a: Rillaboom
|
|-sideend|p1: Luisowbro|move: Aurora Veil
|upkeep
|
|t:|1781109694
|switch|p2a: Serperior|Serperior, F|100/100
|turn|20
|
|t:|1781109699
|move|p1a: Scizor|Bullet Punch|p2a: Serperior
|-damage|p2a: Serperior|39/100
|move|p2a: Serperior|Leaf Storm|p1a: Scizor
|-resisted|p1a: Scizor
|-damage|p1a: Scizor|73/100
|-boost|p2a: Serperior|spa|2
|
|-heal|p2a: Serperior|46/100|[from] Grassy Terrain
|-heal|p1a: Scizor|79/100|[from] Grassy Terrain
|upkeep
|turn|21
|
|t:|1781109708
|move|p1a: Scizor|Bullet Punch|p2a: Serperior
|-damage|p2a: Serperior|0 fnt
|faint|p2a: Serperior
|
|win|Luisowbro
|raw|Luisowbro's rating: 1549 &rarr; <strong>1573</strong><br />(+24 for winning)
|raw|oatishere's rating: 1628 &rarr; <strong>1604</strong><br />(-24 for losing)
|l|‽oatishere
|player|p2|
|l|☆Luisowbro
|player|p1|
|l| ILoveGardevoirRah
