|j|☆Gupygak
|j|‽Blood soaked fangs
|t:|1781334623
|gametype|singles
|player|p1|Gupygak|chuck|1568
|player|p2|Blood soaked fangs|galacticgruntf|1702
|gen|9
|tier|[Gen 9] OU
|rated|
|rule|HP Percentage Mod: HP is shown in percentages
|rule|Endless Battle Clause: Forcing endless battles is banned
|rule|Species Clause: Limit one of each Pokémon
|rule|OHKO Clause: OHKO moves are banned
|rule|Evasion Items Clause: Evasion items are banned
|rule|Evasion Moves Clause: Evasion moves are banned
|rule|Evasion Abilities Clause: Evasion abilities are banned
|rule|Sleep Moves Clause: Sleep-inducing moves are banned
|clearpoke
|poke|p1|Weezing-Galar, M|
|poke|p1|Gliscor, M|
|poke|p1|Alomomola, M|
|poke|p1|Quagsire, F|
|poke|p1|Clefable, F|
|poke|p1|Skarmory, M|
|poke|p2|Ninetales-Alola, M|
|poke|p2|Klefki, M|
|poke|p2|Maushold-Four|
|poke|p2|Latias, F|
|poke|p2|Okidogi, M|
|poke|p2|Ogerpon-Wellspring, F|
|teampreview
|inactive|Battle timer is ON: inactive players will automatically lose when time's up. (requested by Blood soaked fangs)
|inactive|Gupygak also wants the timer to be on.
|
|t:|1781334637
|teamsize|p1|6
|teamsize|p2|6
|start
|switch|p1a: Gliscor|Gliscor, M|100/100
|switch|p2a: Ninetales|Ninetales-Alola, M|100/100
|-weather|Snowscape|[from] ability: Snow Warning|[of] p2a: Ninetales
|turn|1
|
|t:|1781334640
|move|p1a: Gliscor|Protect|p1a: Gliscor
|-singleturn|p1a: Gliscor|Protect
|move|p2a: Ninetales|Aurora Veil|p2a: Ninetales
|-sidestart|p2: Blood soaked fangs|move: Aurora Veil
|
|-weather|Snowscape|[upkeep]
|-status|p1a: Gliscor|tox|[from] item: Toxic Orb
|upkeep
|turn|2
|
|t:|1781334644
|switch|p2a: Okidogi|Okidogi, M|100/100
|switch|p1a: Alomomola|Alomomola, M|100/100
|
|-weather|Snowscape|[upkeep]
|upkeep
|turn|3
|
|t:|1781334650
|move|p2a: Okidogi|Bulk Up|p2a: Okidogi
|-boost|p2a: Okidogi|atk|1
|-boost|p2a: Okidogi|def|1
|move|p1a: Alomomola|Scald|p2a: Okidogi
|-damage|p2a: Okidogi|94/100
|
|-weather|Snowscape|[upkeep]
|-heal|p2a: Okidogi|99/100|[from] item: Leftovers
|upkeep
|turn|4
|
|t:|1781334655
|move|p2a: Okidogi|Knock Off|p1a: Alomomola
|-damage|p1a: Alomomola|67/100
|-damage|p2a: Okidogi|84/100|[from] item: Rocky Helmet|[of] p1a: Alomomola
|-enditem|p1a: Alomomola|Rocky Helmet|[from] move: Knock Off|[of] p2a: Okidogi
|move|p1a: Alomomola|Scald|p2a: Okidogi
|-damage|p2a: Okidogi|77/100
|
|-weather|Snowscape|[upkeep]
|-heal|p2a: Okidogi|83/100|[from] item: Leftovers
|upkeep
|turn|5
|
|t:|1781334661
|switch|p2a: Ogerpon|Ogerpon-Wellspring, F|100/100
|move|p1a: Alomomola|Scald|p2a: Ogerpon
|-immune|p2a: Ogerpon|[from] ability: Water Absorb
|
|-weather|none
|upkeep
|turn|6
|
|t:|1781334666
|switch|p1a: Skarmory|Skarmory, M|100/100
|move|p2a: Ogerpon|Ivy Cudgel|p1a: Skarmory|[anim] Ivy Cudgel Water
|-damage|p1a: Skarmory|59/100
|
|upkeep
|turn|7
|
|t:|1781334672
|move|p2a: Ogerpon|Swords Dance|p2a: Ogerpon
|-boost|p2a: Ogerpon|atk|2
|move|p1a: Skarmory|Roost|p1a: Skarmory
|-heal|p1a: Skarmory|100/100
|-singleturn|p1a: Skarmory|move: Roost
|
|upkeep
|turn|8
|
|t:|1781334676
|move|p2a: Ogerpon|Ivy Cudgel|p1a: Skarmory|[anim] Ivy Cudgel Water
|-damage|p1a: Skarmory|19/100
|move|p1a: Skarmory|Whirlwind|p2a: Ogerpon
|drag|p2a: Klefki|Klefki, M|100/100
|
|-sideend|p2: Blood soaked fangs|move: Aurora Veil
|upkeep
|turn|9
|
|t:|1781334681
|move|p2a: Klefki|Thunder Wave|p1a: Skarmory
|-status|p1a: Skarmory|par
|move|p1a: Skarmory|Roost|p1a: Skarmory
|-heal|p1a: Skarmory|69/100 par
|-singleturn|p1a: Skarmory|move: Roost
|
|upkeep
|turn|10
|
|t:|1781334685
|switch|p2a: Ogerpon|Ogerpon-Wellspring, F|100/100
|move|p1a: Skarmory|Roost|p1a: Skarmory
|-heal|p1a: Skarmory|100/100 par
|-singleturn|p1a: Skarmory|move: Roost
|
|upkeep
|turn|11
|
|t:|1781334701
|move|p2a: Ogerpon|Ivy Cudgel|p1a: Skarmory|[anim] Ivy Cudgel Water
|-damage|p1a: Skarmory|63/100 par
|move|p1a: Skarmory|Whirlwind|p2a: Ogerpon
|drag|p2a: Latias|Latias, F|100/100
|
|upkeep
|turn|12
|
|t:|1781334706
|switch|p2a: Ogerpon|Ogerpon-Wellspring, F|100/100
|switch|p1a: Alomomola|Alomomola, M|99/100
|
|upkeep
|turn|13
|
|t:|1781334711
|move|p2a: Ogerpon|Swords Dance|p2a: Ogerpon
|-boost|p2a: Ogerpon|atk|2
|move|p1a: Alomomola|Wish|p1a: Alomomola
|
|upkeep
|turn|14
|
|t:|1781334720
|switch|p1a: Weezing|Weezing-Galar, M|100/100
|-ability|p1a: Weezing|Neutralizing Gas
|move|p2a: Ogerpon|Swords Dance|p2a: Ogerpon
|-boost|p2a: Ogerpon|atk|2
|
|upkeep
|turn|15
|
|t:|1781334738
|move|p2a: Ogerpon|Ivy Cudgel|p1a: Weezing|[anim] Ivy Cudgel Water
|-damage|p1a: Weezing|0 fnt
|faint|p1a: Weezing
|-end|p1a: Weezing|ability: Neutralizing Gas
|
|upkeep
|
|t:|1781334742
|switch|p1a: Quagsire|Quagsire, F|100/100
|turn|16
|
|t:|1781334747
|-terastallize|p1a: Quagsire|Grass
|move|p2a: Ogerpon|Ivy Cudgel|p1a: Quagsire|[anim] Ivy Cudgel Water
|-resisted|p1a: Quagsire
|-crit|p1a: Quagsire
|-damage|p1a: Quagsire|68/100
|move|p1a: Quagsire|Toxic|p2a: Ogerpon
|-status|p2a: Ogerpon|tox
|
|-heal|p1a: Quagsire|74/100|[from] item: Leftovers
|-damage|p2a: Ogerpon|94/100 tox|[from] psn
|upkeep
|turn|17
|
|t:|1781334753
|move|p2a: Ogerpon|Encore|p1a: Quagsire
|-start|p1a: Quagsire|Encore
|move|p1a: Quagsire|Toxic|p2a: Ogerpon
|-fail|p2a: Ogerpon|tox
|
|-heal|p1a: Quagsire|80/100|[from] item: Leftovers
|-damage|p2a: Ogerpon|82/100 tox|[from] psn
|upkeep
|turn|18
|
|t:|1781334760
|move|p2a: Ogerpon|Ivy Cudgel|p1a: Quagsire|[anim] Ivy Cudgel Water
|-resisted|p1a: Quagsire
|-damage|p1a: Quagsire|58/100
|move|p1a: Quagsire|Toxic|p2a: Ogerpon
|-fail|p2a: Ogerpon|tox
|
|-heal|p1a: Quagsire|64/100|[from] item: Leftovers
|-damage|p2a: Ogerpon|64/100 tox|[from] psn
|upkeep
|turn|19
|
|t:|1781334764
|move|p2a: Ogerpon|Ivy Cudgel|p1a: Quagsire|[anim] Ivy Cudgel Water
|-resisted|p1a: Quagsire
|-damage|p1a: Quagsire|42/100
|move|p1a: Quagsire|Toxic|p2a: Ogerpon
|-fail|p2a: Ogerpon|tox
|
|-heal|p1a: Quagsire|48/100|[from] item: Leftovers
|-damage|p2a: Ogerpon|40/100 tox|[from] psn
|-end|p1a: Quagsire|Encore
|upkeep
|turn|20
|
|t:|1781334768
|move|p2a: Ogerpon|Encore|p1a: Quagsire
|-start|p1a: Quagsire|Encore
|move|p1a: Quagsire|Toxic|p2a: Ogerpon
|-fail|p2a: Ogerpon|tox
|
|-heal|p1a: Quagsire|55/100|[from] item: Leftovers
|-damage|p2a: Ogerpon|9/100 tox|[from] psn
|upkeep
|turn|21
|
|t:|1781334771
|move|p2a: Ogerpon|Ivy Cudgel|p1a: Quagsire|[anim] Ivy Cudgel Water
|-resisted|p1a: Quagsire
|-damage|p1a: Quagsire|31/100
|move|p1a: Quagsire|Toxic|p2a: Ogerpon
|-fail|p2a: Ogerpon|tox
|
|-heal|p1a: Quagsire|37/100|[from] item: Leftovers
|-damage|p2a: Ogerpon|0 fnt|[from] psn
|faint|p2a: Ogerpon
|upkeep
|c|☆Gupygak|!dt Okidogi
|c|☆Gupygak|/raw <div class="message"><ul class="utilichart"><li class="result"><span class="col numcol">UUBL</span> <span class="col iconcol"><psicon pokemon="okidogi"/></span> <span class="col pokemonnamecol" style="white-space:nowrap"><a href="https://dex.pokemonshowdown.com/pokemon/okidogi" target="_blank">Okidogi</a></span> <span class="col typecol"><img src="https://play.pokemonshowdown.com/sprites/types/Poison.png" alt="Poison" height="14" width="32"><img src="https://play.pokemonshowdown.com/sprites/types/Fighting.png" alt="Fighting" height="14" width="32"></span> <span style="float:left;min-height:26px"><span class="col abilitycol">Toxic Chain</span><span class="col abilitycol"><em>Guard Dog</em></span></span><span style="float:left;min-height:26px"><span class="col statcol"><em>HP</em><br />88</span> <span class="col statcol"><em>Atk</em><br />128</span> <span class="col statcol"><em>Def</em><br />115</span> <span class="col statcol"><em>SpA</em><br />58</span> <span class="col statcol"><em>SpD</em><br />86</span> <span class="col statcol"><em>Spe</em><br />80</span> <span class="col bstcol"><em>BST<br />555</em></span> </span></li><li style="clear:both"></li></ul></div>
|c|☆Gupygak|/raw <font size="1"><font color="#686868">Dex#:</font> 1014&nbsp;|&ThickSpace;<font color="#686868">Gen:</font> 9&nbsp;|&ThickSpace;<font color="#686868">Height:</font> 1.8 m&nbsp;|&ThickSpace;<font color="#686868">Weight:</font> 92 kg <em>(80 BP)</em>&nbsp;|&ThickSpace;<font color="#686868">Dex Colour:</font> Black&nbsp;|&ThickSpace;<font color="#686868">Egg Group(s):</font> Undiscovered&nbsp;|&ThickSpace;<font color="#686868">Does Not Evolve</font></font>

|
|t:|1781334795
|switch|p2a: Okidogi|Okidogi, M|83/100
|turn|22
|
|t:|1781334801
|switch|p1a: Alomomola|Alomomola, M|100/100
|move|p2a: Okidogi|Knock Off|p1a: Alomomola
|-damage|p1a: Alomomola|87/100
|
|-heal|p2a: Okidogi|89/100|[from] item: Leftovers
|upkeep
|turn|23
|
|t:|1781334805
|move|p2a: Okidogi|Bulk Up|p2a: Okidogi
|-boost|p2a: Okidogi|atk|1
|-boost|p2a: Okidogi|def|1
|move|p1a: Alomomola|Scald|p2a: Okidogi
|-damage|p2a: Okidogi|75/100
|
|-heal|p2a: Okidogi|81/100|[from] item: Leftovers
|upkeep
|turn|24
|
|t:|1781334809
|move|p2a: Okidogi|Bulk Up|p2a: Okidogi
|-boost|p2a: Okidogi|atk|1
|-boost|p2a: Okidogi|def|1
|move|p1a: Alomomola|Scald|p2a: Okidogi
|-damage|p2a: Okidogi|67/100
|-status|p2a: Okidogi|brn
|
|-heal|p2a: Okidogi|73/100 brn|[from] item: Leftovers
|-damage|p2a: Okidogi|67/100 brn|[from] brn
|upkeep
|turn|25
|
|t:|1781334813
|move|p2a: Okidogi|Facade|p1a: Alomomola
|-damage|p1a: Alomomola|18/100
|move|p1a: Alomomola|Wish|p1a: Alomomola
|
|-heal|p2a: Okidogi|73/100 brn|[from] item: Leftovers
|-damage|p2a: Okidogi|67/100 brn|[from] brn
|upkeep
|turn|26
|
|t:|1781334819
|switch|p1a: Skarmory|Skarmory, M|63/100 par
|move|p2a: Okidogi|Bulk Up|p2a: Okidogi
|-boost|p2a: Okidogi|atk|1
|-boost|p2a: Okidogi|def|1
|
|-heal|p1a: Skarmory|100/100 par|[from] move: Wish|[wisher] Alomomola
|-heal|p2a: Okidogi|73/100 brn|[from] item: Leftovers
|-damage|p2a: Okidogi|67/100 brn|[from] brn
|upkeep
|turn|27
|
|t:|1781334824
|move|p2a: Okidogi|Knock Off|p1a: Skarmory
|-damage|p1a: Skarmory|74/100 par
|-damage|p2a: Okidogi|50/100 brn|[from] item: Rocky Helmet|[of] p1a: Skarmory
|-enditem|p1a: Skarmory|Rocky Helmet|[from] move: Knock Off|[of] p2a: Okidogi
|move|p1a: Skarmory|Whirlwind|p2a: Okidogi
|-activate|p2a: Okidogi|ability: Guard Dog
|
|-heal|p2a: Okidogi|57/100 brn|[from] item: Leftovers
|-damage|p2a: Okidogi|50/100 brn|[from] brn
|upkeep
|turn|28
|c|☆Gupygak|!dt Guard Dog
|c|☆Gupygak|/raw <ul class="utilichart"><li class="result"><span class="col namecol"><a href="https://dex.pokemonshowdown.com/abilities/guarddog">Guard Dog</a></span> <span class="col abilitydesccol">Immune to Intimidate. Intimidated: +1 Attack. Cannot be forced to switch out.</span> </li><li style="clear:both"></li></ul>
|c|☆Gupygak|/raw <font size="1"><font color="#686868">Gen:</font> 9&nbsp;|&ThickSpace;&#10003; Ignored by Mold Breaker</font>

|
|t:|1781334850
|move|p2a: Okidogi|Drain Punch|p1a: Skarmory
|-damage|p1a: Skarmory|42/100 par
|-heal|p2a: Okidogi|64/100 brn|[from] drain|[of] p1a: Skarmory
|cant|p1a: Skarmory|par
|
|-heal|p2a: Okidogi|70/100 brn|[from] item: Leftovers
|-damage|p2a: Okidogi|64/100 brn|[from] brn
|upkeep
|turn|29
|
|t:|1781334855
|move|p2a: Okidogi|Drain Punch|p1a: Skarmory
|-damage|p1a: Skarmory|9/100 par
|-heal|p2a: Okidogi|79/100 brn|[from] drain|[of] p1a: Skarmory
|move|p1a: Skarmory|Roost|p1a: Skarmory
|-heal|p1a: Skarmory|59/100 par
|-singleturn|p1a: Skarmory|move: Roost
|
|-heal|p2a: Okidogi|85/100 brn|[from] item: Leftovers
|-damage|p2a: Okidogi|79/100 brn|[from] brn
|upkeep
|turn|30
|
|t:|1781334867
|move|p2a: Okidogi|Bulk Up|p2a: Okidogi
|-boost|p2a: Okidogi|atk|1
|-boost|p2a: Okidogi|def|1
|move|p1a: Skarmory|Roost|p1a: Skarmory
|-heal|p1a: Skarmory|100/100 par
|-singleturn|p1a: Skarmory|move: Roost
|
|-heal|p2a: Okidogi|85/100 brn|[from] item: Leftovers
|-damage|p2a: Okidogi|79/100 brn|[from] brn
|upkeep
|turn|31
|
|t:|1781334871
|switch|p1a: Alomomola|Alomomola, M|51/100
|move|p2a: Okidogi|Bulk Up|p2a: Okidogi
|-boost|p2a: Okidogi|atk|1
|-boost|p2a: Okidogi|def|1
|
|-heal|p2a: Okidogi|85/100 brn|[from] item: Leftovers
|-damage|p2a: Okidogi|79/100 brn|[from] brn
|upkeep
|turn|32
|
|t:|1781334874
|move|p2a: Okidogi|Facade|p1a: Alomomola
|-damage|p1a: Alomomola|0 fnt
|faint|p1a: Alomomola
|
|-heal|p2a: Okidogi|85/100 brn|[from] item: Leftovers
|-damage|p2a: Okidogi|79/100 brn|[from] brn
|upkeep
|
|t:|1781334877
|switch|p1a: Quagsire|Quagsire, F, tera:Grass|37/100
|turn|33
|
|t:|1781334881
|move|p2a: Okidogi|Facade|p1a: Quagsire
|-damage|p1a: Quagsire|0 fnt
|faint|p1a: Quagsire
|
|-heal|p2a: Okidogi|85/100 brn|[from] item: Leftovers
|-damage|p2a: Okidogi|79/100 brn|[from] brn
|upkeep
|
|t:|1781334888
|switch|p1a: Clefable|Clefable, F|100/100
|turn|34
|
|t:|1781334896
|-terastallize|p2a: Okidogi|Normal
|move|p1a: Clefable|Protect|p1a: Clefable
|-singleturn|p1a: Clefable|Protect
|move|p2a: Okidogi|Facade|p1a: Clefable
|-activate|p1a: Clefable|move: Protect
|
|-heal|p2a: Okidogi|85/100 brn|[from] item: Leftovers
|-damage|p2a: Okidogi|79/100 brn|[from] brn
|upkeep
|turn|35
|
|t:|1781334907
|move|p2a: Okidogi|Facade|p1a: Clefable
|-damage|p1a: Clefable|13/100
|move|p1a: Clefable|Moonblast|p2a: Okidogi
|-damage|p2a: Okidogi|44/100 brn
|
|-heal|p2a: Okidogi|50/100 brn|[from] item: Leftovers
|-heal|p1a: Clefable|19/100|[from] item: Leftovers
|-damage|p2a: Okidogi|44/100 brn|[from] brn
|upkeep
|turn|36
|
|t:|1781334913
|move|p1a: Clefable|Protect|p1a: Clefable
|-singleturn|p1a: Clefable|Protect
|move|p2a: Okidogi|Facade|p1a: Clefable
|-activate|p1a: Clefable|move: Protect
|
|-heal|p2a: Okidogi|50/100 brn|[from] item: Leftovers
|-heal|p1a: Clefable|25/100|[from] item: Leftovers
|-damage|p2a: Okidogi|44/100 brn|[from] brn
|upkeep
|turn|37
|
|t:|1781334920
|move|p2a: Okidogi|Facade|p1a: Clefable
|-damage|p1a: Clefable|0 fnt
|faint|p1a: Clefable
|
|-heal|p2a: Okidogi|50/100 brn|[from] item: Leftovers
|-damage|p2a: Okidogi|44/100 brn|[from] brn
|upkeep
|
|t:|1781334922
|switch|p1a: Gliscor|Gliscor, M|100/100 tox
|turn|38
|
|t:|1781334927
|move|p1a: Gliscor|Earthquake|p2a: Okidogi
|-damage|p2a: Okidogi|37/100 brn
|move|p2a: Okidogi|Facade|p1a: Gliscor
|-damage|p1a: Gliscor|0 fnt
|faint|p1a: Gliscor
|
|-heal|p2a: Okidogi|43/100 brn|[from] item: Leftovers
|-damage|p2a: Okidogi|37/100 brn|[from] brn
|upkeep
|
|t:|1781334930
|switch|p1a: Skarmory|Skarmory, M|100/100 par
|turn|39
|
|t:|1781334933
|move|p2a: Okidogi|Drain Punch|p1a: Skarmory
|-damage|p1a: Skarmory|57/100 par
|-heal|p2a: Okidogi|56/100 brn|[from] drain|[of] p1a: Skarmory
|move|p1a: Skarmory|Iron Head|p2a: Okidogi
|-damage|p2a: Okidogi|50/100 brn
|
|-heal|p2a: Okidogi|56/100 brn|[from] item: Leftovers
|-damage|p2a: Okidogi|50/100 brn|[from] brn
|upkeep
|turn|40
|-message|Gupygak forfeited.
|
|win|Blood soaked fangs
|raw|Gupygak's rating: 1568 &rarr; <strong>1555</strong><br />(-13 for losing)
|raw|Blood soaked fangs's rating: 1702 &rarr; <strong>1715</strong><br />(+13 for winning)
|l|☆Gupygak
|player|p1|
|l|‽Blood soaked fangs
|player|p2|
