|j|☆lesbiancleric
|j|☆Kirnil
|t:|1781266230
|gametype|singles
|player|p1|lesbiancleric|plasmagruntf|1506
|player|p2|Kirnil|maid|1547
|gen|9
|tier|[Gen 9] OU
|rated|
|rule|HP Percentage Mod: HP is shown in percentages
|rule|Endless Battle Clause: Forcing endless battles is banned
|rule|Species Clause: Limit one of each Pokémon
|rule|OHKO Clause: OHKO moves are banned
|rule|Evasion Items Clause: Evasion items are banned
|rule|Evasion Moves Clause: Evasion moves are banned
|rule|Evasion Abilities Clause: Evasion abilities are banned
|rule|Sleep Moves Clause: Sleep-inducing moves are banned
|clearpoke
|poke|p1|Alomomola, F|
|poke|p1|Hydreigon, F|
|poke|p1|Garganacl, F|
|poke|p1|Samurott-Hisui, F|
|poke|p1|Great Tusk|
|poke|p1|Pecharunt|
|poke|p2|Glimmora, F|
|poke|p2|Great Tusk|
|poke|p2|Alomomola, M|
|poke|p2|Amoonguss, M|
|poke|p2|Iron Valiant|
|poke|p2|Hoopa-Unbound|
|teampreview
|inactive|Battle timer is ON: inactive players will automatically lose when time's up. (requested by lesbiancleric)
|
|t:|1781266239
|teamsize|p1|6
|teamsize|p2|6
|start
|switch|p1a: Samurott|Samurott-Hisui, F|100/100
|switch|p2a: Amoonguss|Amoonguss, M|100/100
|turn|1
|
|t:|1781266243
|move|p1a: Samurott|Flip Turn|p2a: Amoonguss
|-resisted|p2a: Amoonguss
|-damage|p2a: Amoonguss|91/100
|-damage|p1a: Samurott|84/100|[from] item: Rocky Helmet|[of] p2a: Amoonguss
|
|t:|1781266244
|switch|p1a: Pecharunt|Pecharunt|100/100|[from] Flip Turn
|move|p2a: Amoonguss|Sludge Bomb|p1a: Pecharunt
|-resisted|p1a: Pecharunt
|-damage|p1a: Pecharunt|93/100
|
|upkeep
|turn|2
|
|t:|1781266251
|move|p1a: Pecharunt|Shadow Ball|p2a: Amoonguss
|-damage|p2a: Amoonguss|66/100
|move|p2a: Amoonguss|Stun Spore|p1a: Pecharunt|[miss]
|-miss|p2a: Amoonguss|p1a: Pecharunt
|
|upkeep
|turn|3
|
|t:|1781266256
|move|p1a: Pecharunt|Parting Shot|p2a: Amoonguss
|-unboost|p2a: Amoonguss|atk|1
|-unboost|p2a: Amoonguss|spa|1
|
|t:|1781266258
|switch|p1a: Garganacl|Garganacl, F|100/100|[from] Parting Shot
|move|p2a: Amoonguss|Stun Spore|p1a: Garganacl
|-immune|p1a: Garganacl|[from] ability: Purifying Salt
|
|upkeep
|turn|4
|
|t:|1781266269
|move|p1a: Garganacl|Stealth Rock|p2a: Amoonguss
|-sidestart|p2: Kirnil|move: Stealth Rock
|move|p2a: Amoonguss|Foul Play|p1a: Garganacl
|-crit|p1a: Garganacl
|-damage|p1a: Garganacl|78/100
|
|-heal|p1a: Garganacl|84/100|[from] item: Leftovers
|upkeep
|turn|5
|
|t:|1781266273
|switch|p2a: Great Tusk|Great Tusk|100/100
|-damage|p2a: Great Tusk|98/100|[from] Stealth Rock
|-enditem|p2a: Great Tusk|Booster Energy
|-activate|p2a: Great Tusk|ability: Protosynthesis|[fromitem]
|-start|p2a: Great Tusk|protosynthesisatk
|move|p1a: Garganacl|Salt Cure|p2a: Great Tusk
|-resisted|p2a: Great Tusk
|-damage|p2a: Great Tusk|95/100
|-start|p2a: Great Tusk|Salt Cure
|
|-heal|p1a: Garganacl|91/100|[from] item: Leftovers
|-damage|p2a: Great Tusk|82/100|[from] Salt Cure
|upkeep
|turn|6
|
|t:|1781266277
|move|p1a: Garganacl|Protect|p1a: Garganacl
|-singleturn|p1a: Garganacl|Protect
|move|p2a: Great Tusk|Headlong Rush|p1a: Garganacl
|-activate|p1a: Garganacl|move: Protect
|
|-heal|p1a: Garganacl|97/100|[from] item: Leftovers
|-damage|p2a: Great Tusk|70/100|[from] Salt Cure
|upkeep
|turn|7
|
|t:|1781266281
|switch|p1a: Hydreigon|Hydreigon, F|100/100
|move|p2a: Great Tusk|Rapid Spin|p1a: Hydreigon
|-damage|p1a: Hydreigon|73/100
|-boost|p2a: Great Tusk|spe|1
|-sideend|p2: Kirnil|Stealth Rock|[from] move: Rapid Spin|[of] p2a: Great Tusk
|
|-damage|p2a: Great Tusk|58/100|[from] Salt Cure
|upkeep
|turn|8
|
|t:|1781266288
|switch|p1a: Alomomola|Alomomola, F|100/100
|move|p2a: Great Tusk|Close Combat|p1a: Alomomola
|-damage|p1a: Alomomola|57/100
|-unboost|p2a: Great Tusk|def|1
|-unboost|p2a: Great Tusk|spd|1
|-damage|p2a: Great Tusk|41/100|[from] item: Rocky Helmet|[of] p1a: Alomomola
|
|-damage|p2a: Great Tusk|29/100|[from] Salt Cure
|upkeep
|turn|9
|
|t:|1781266297
|-end|p2a: Great Tusk|Protosynthesis|[silent]
|switch|p2a: Alomomola|Alomomola, M|100/100
|move|p1a: Alomomola|Wish|p1a: Alomomola
|
|upkeep
|turn|10
|
|t:|1781266302
|move|p1a: Alomomola|Flip Turn|p2a: Alomomola
|-resisted|p2a: Alomomola
|-damage|p2a: Alomomola|94/100
|
|t:|1781266305
|switch|p1a: Hydreigon|Hydreigon, F|73/100|[from] Flip Turn
|move|p2a: Alomomola|Scald|p1a: Hydreigon
|-resisted|p1a: Hydreigon
|-damage|p1a: Hydreigon|65/100
|-status|p1a: Hydreigon|brn
|
|-heal|p1a: Hydreigon|100/100 brn|[from] move: Wish|[wisher] Alomomola
|-damage|p1a: Hydreigon|94/100 brn|[from] brn
|upkeep
|turn|11
|
|t:|1781266309
|move|p1a: Hydreigon|Dark Pulse|p2a: Alomomola
|-damage|p2a: Alomomola|61/100
|move|p2a: Alomomola|Mirror Coat|p1a: Hydreigon
|-immune|p1a: Hydreigon
|
|-damage|p1a: Hydreigon|88/100 brn|[from] brn
|upkeep
|turn|12
|
|t:|1781266314
|move|p1a: Hydreigon|Dark Pulse|p2a: Alomomola
|-damage|p2a: Alomomola|26/100
|move|p2a: Alomomola|Flip Turn|p1a: Hydreigon
|-resisted|p1a: Hydreigon
|-damage|p1a: Hydreigon|79/100 brn
|
|t:|1781266325
|switch|p2a: Iron Valiant|Iron Valiant|100/100|[from] Flip Turn
|-enditem|p2a: Iron Valiant|Booster Energy
|-activate|p2a: Iron Valiant|ability: Quark Drive|[fromitem]
|-start|p2a: Iron Valiant|quarkdrivespe
|
|-damage|p1a: Hydreigon|73/100 brn|[from] brn
|upkeep
|turn|13
|
|t:|1781266331
|switch|p1a: Pecharunt|Pecharunt|93/100
|move|p2a: Iron Valiant|Knock Off|p1a: Pecharunt
|-supereffective|p1a: Pecharunt
|-damage|p1a: Pecharunt|58/100
|-enditem|p1a: Pecharunt|Heavy-Duty Boots|[from] move: Knock Off|[of] p2a: Iron Valiant
|
|upkeep
|turn|14
|
|t:|1781266335
|-end|p2a: Iron Valiant|Quark Drive|[silent]
|switch|p2a: Glimmora|Glimmora, F|100/100
|-item|p2a: Glimmora|Air Balloon
|move|p1a: Pecharunt|Malignant Chain|p2a: Glimmora
|-resisted|p2a: Glimmora
|-damage|p2a: Glimmora|90/100
|-enditem|p2a: Glimmora|Air Balloon
|
|upkeep
|turn|15
|
|t:|1781266337
|move|p1a: Pecharunt|Parting Shot|p2a: Glimmora
|-unboost|p2a: Glimmora|atk|1
|-unboost|p2a: Glimmora|spa|1
|
|t:|1781266339
|switch|p1a: Garganacl|Garganacl, F|97/100|[from] Parting Shot
|move|p2a: Glimmora|Stealth Rock|p1a: Garganacl
|-sidestart|p1: lesbiancleric|move: Stealth Rock
|
|-heal|p1a: Garganacl|100/100|[from] item: Leftovers
|upkeep
|turn|16
|
|t:|1781266343
|switch|p2a: Great Tusk|Great Tusk|29/100
|move|p1a: Garganacl|Salt Cure|p2a: Great Tusk
|-resisted|p2a: Great Tusk
|-damage|p2a: Great Tusk|26/100
|-start|p2a: Great Tusk|Salt Cure
|
|-damage|p2a: Great Tusk|14/100|[from] Salt Cure
|upkeep
|turn|17
|
|t:|1781266348
|-end|p2a: Great Tusk|Protosynthesis|[silent]
|switch|p2a: Iron Valiant|Iron Valiant|100/100
|move|p1a: Garganacl|Protect||[still]
|-fail|p1a: Garganacl
|
|upkeep
|turn|18
|
|t:|1781266352
|switch|p1a: Alomomola|Alomomola, F|90/100
|-damage|p1a: Alomomola|78/100|[from] Stealth Rock
|move|p2a: Iron Valiant|Encore||[still]
|-fail|p2a: Iron Valiant
|
|upkeep
|turn|19
|
|t:|1781266356
|move|p2a: Iron Valiant|Moonblast|p1a: Alomomola
|-damage|p1a: Alomomola|18/100
|-unboost|p1a: Alomomola|spa|1
|move|p1a: Alomomola|Flip Turn|p2a: Iron Valiant
|-damage|p2a: Iron Valiant|80/100
|
|t:|1781266359
|switch|p1a: Pecharunt|Pecharunt|58/100|[from] Flip Turn
|-damage|p1a: Pecharunt|45/100|[from] Stealth Rock
|
|upkeep
|turn|20
|
|t:|1781266363
|-end|p2a: Iron Valiant|Quark Drive|[silent]
|switch|p2a: Great Tusk|Great Tusk|14/100
|move|p1a: Pecharunt|Recover|p1a: Pecharunt
|-heal|p1a: Pecharunt|95/100
|
|upkeep
|turn|21
|
|t:|1781266370
|move|p1a: Pecharunt|Shadow Ball|p2a: Great Tusk
|-damage|p2a: Great Tusk|0 fnt
|faint|p2a: Great Tusk
|-end|p2a: Great Tusk|Protosynthesis|[silent]
|
|upkeep
|
|t:|1781266372
|switch|p2a: Hoopa|Hoopa-Unbound|100/100
|turn|22
|
|t:|1781266380
|move|p1a: Pecharunt|Parting Shot|p2a: Hoopa
|-unboost|p2a: Hoopa|atk|1
|-unboost|p2a: Hoopa|spa|1
|
|t:|1781266383
|switch|p1a: Garganacl|Garganacl, F|100/100|[from] Parting Shot
|-damage|p1a: Garganacl|88/100|[from] Stealth Rock
|move|p2a: Hoopa|Psychic Noise|p1a: Garganacl
|-damage|p1a: Garganacl|64/100
|-start|p1a: Garganacl|move: Heal Block
|
|upkeep
|turn|23
|
|t:|1781266390
|move|p2a: Hoopa|Substitute|p2a: Hoopa
|-start|p2a: Hoopa|Substitute
|-damage|p2a: Hoopa|76/100
|move|p1a: Garganacl|Salt Cure|p2a: Hoopa
|-activate|p2a: Hoopa|move: Substitute|[damage]
|
|-heal|p2a: Hoopa|82/100|[from] item: Leftovers
|-end|p1a: Garganacl|move: Heal Block
|upkeep
|turn|24
|
|t:|1781266394
|move|p2a: Hoopa|Nasty Plot|p2a: Hoopa
|-boost|p2a: Hoopa|spa|2
|move|p1a: Garganacl|Stealth Rock|p2a: Hoopa
|-sidestart|p2: Kirnil|move: Stealth Rock
|
|-heal|p2a: Hoopa|88/100|[from] item: Leftovers
|-heal|p1a: Garganacl|71/100|[from] item: Leftovers
|upkeep
|turn|25
|
|t:|1781266407
|move|p2a: Hoopa|Dark Pulse|p1a: Garganacl
|-damage|p1a: Garganacl|14/100
|move|p1a: Garganacl|Salt Cure|p2a: Hoopa
|-end|p2a: Hoopa|Substitute
|
|-heal|p2a: Hoopa|94/100|[from] item: Leftovers
|-heal|p1a: Garganacl|21/100|[from] item: Leftovers
|upkeep
|turn|26
|
|t:|1781266415
|switch|p1a: Samurott|Samurott-Hisui, F|84/100
|-damage|p1a: Samurott|72/100|[from] Stealth Rock
|move|p2a: Hoopa|Substitute|p2a: Hoopa
|-start|p2a: Hoopa|Substitute
|-damage|p2a: Hoopa|69/100
|
|-heal|p2a: Hoopa|76/100|[from] item: Leftovers
|upkeep
|turn|27
|
|t:|1781266418
|move|p1a: Samurott|Flip Turn|p2a: Hoopa
|-end|p2a: Hoopa|Substitute
|
|t:|1781266421
|switch|p1a: Garganacl|Garganacl, F|21/100|[from] Flip Turn
|-damage|p1a: Garganacl|8/100|[from] Stealth Rock
|move|p2a: Hoopa|Dark Pulse|p1a: Garganacl
|-damage|p1a: Garganacl|0 fnt
|faint|p1a: Garganacl
|
|-heal|p2a: Hoopa|82/100|[from] item: Leftovers
|upkeep
|
|t:|1781266424
|switch|p1a: Great Tusk|Great Tusk|100/100
|turn|28
|
|t:|1781266430
|move|p1a: Great Tusk|Headlong Rush|p2a: Hoopa
|-damage|p2a: Hoopa|7/100
|-unboost|p1a: Great Tusk|def|1
|-unboost|p1a: Great Tusk|spd|1
|move|p2a: Hoopa|Psychic Noise|p1a: Great Tusk
|-supereffective|p1a: Great Tusk
|-damage|p1a: Great Tusk|0 fnt
|faint|p1a: Great Tusk
|-end|p1a: Great Tusk|Protosynthesis|[silent]
|
|-heal|p2a: Hoopa|13/100|[from] item: Leftovers
|upkeep
|
|t:|1781266435
|switch|p1a: Samurott|Samurott-Hisui, F|72/100
|-damage|p1a: Samurott|59/100|[from] Stealth Rock
|turn|29
|
|t:|1781266441
|switch|p2a: Amoonguss|Amoonguss, M|99/100
|-damage|p2a: Amoonguss|87/100|[from] Stealth Rock
|move|p1a: Samurott|Ceaseless Edge|p2a: Amoonguss
|-damage|p2a: Amoonguss|56/100
|-damage|p1a: Samurott|43/100|[from] item: Rocky Helmet|[of] p2a: Amoonguss
|-sidestart|p2: Kirnil|Spikes
|
|upkeep
|turn|30
|
|t:|1781266446
|switch|p1a: Hydreigon|Hydreigon, F|73/100 brn
|-damage|p1a: Hydreigon|60/100 brn|[from] Stealth Rock
|move|p2a: Amoonguss|Stun Spore||[still]
|-fail|p2a: Amoonguss
|
|-damage|p1a: Hydreigon|54/100 brn|[from] brn
|upkeep
|turn|31
|
|t:|1781266451
|switch|p2a: Alomomola|Alomomola, M|60/100
|-damage|p2a: Alomomola|47/100|[from] Stealth Rock
|-damage|p2a: Alomomola|35/100|[from] Spikes
|move|p1a: Hydreigon|Dark Pulse|p2a: Alomomola
|-damage|p2a: Alomomola|5/100
|
|-damage|p1a: Hydreigon|48/100 brn|[from] brn
|upkeep
|turn|32
|
|t:|1781266455
|move|p1a: Hydreigon|Dark Pulse|p2a: Alomomola
|-damage|p2a: Alomomola|0 fnt
|faint|p2a: Alomomola
|
|-damage|p1a: Hydreigon|42/100 brn|[from] brn
|upkeep
|
|t:|1781266457
|switch|p2a: Glimmora|Glimmora, F|90/100
|-damage|p2a: Glimmora|78/100|[from] Stealth Rock
|-damage|p2a: Glimmora|66/100|[from] Spikes
|turn|33
|
|t:|1781266460
|move|p2a: Glimmora|Mortal Spin|p1a: Hydreigon
|-damage|p1a: Hydreigon|37/100 brn
|-sideend|p2: Kirnil|Spikes|[from] move: Mortal Spin|[of] p2a: Glimmora
|-sideend|p2: Kirnil|Stealth Rock|[from] move: Mortal Spin|[of] p2a: Glimmora
|move|p1a: Hydreigon|Dark Pulse|p2a: Glimmora
|-damage|p2a: Glimmora|0 fnt
|faint|p2a: Glimmora
|
|-damage|p1a: Hydreigon|31/100 brn|[from] brn
|upkeep
|
|t:|1781266464
|switch|p2a: Iron Valiant|Iron Valiant|80/100
|turn|34
|
|t:|1781266468
|-end|p2a: Iron Valiant|Quark Drive|[silent]
|switch|p2a: Hoopa|Hoopa-Unbound|13/100
|switch|p1a: Pecharunt|Pecharunt|95/100
|-damage|p1a: Pecharunt|83/100|[from] Stealth Rock
|
|-heal|p2a: Hoopa|19/100|[from] item: Leftovers
|upkeep
|turn|35
|
|t:|1781266471
|move|p1a: Pecharunt|Shadow Ball|p2a: Hoopa
|-damage|p2a: Hoopa|0 fnt
|faint|p2a: Hoopa
|
|upkeep
|
|t:|1781266475
|switch|p2a: Iron Valiant|Iron Valiant|80/100
|turn|36
|
|t:|1781266477
|move|p2a: Iron Valiant|Knock Off|p1a: Pecharunt
|-supereffective|p1a: Pecharunt
|-damage|p1a: Pecharunt|59/100
|move|p1a: Pecharunt|Malignant Chain|p2a: Iron Valiant
|-supereffective|p2a: Iron Valiant
|-damage|p2a: Iron Valiant|0 fnt
|faint|p2a: Iron Valiant
|-end|p2a: Iron Valiant|Quark Drive|[silent]
|
|upkeep
|-message|Kirnil forfeited.
|
|win|lesbiancleric
|raw|lesbiancleric's rating: 1506 &rarr; <strong>1528</strong><br />(+22 for winning)
|raw|Kirnil's rating: 1547 &rarr; <strong>1525</strong><br />(-22 for losing)
|l|☆Kirnil
|player|p2|
|l|☆lesbiancleric
|player|p1|
