|j|☆jameshardensucks
|j|☆arturohdez
|t:|1781440905
|gametype|singles
|player|p1|jameshardensucks|harlequin|1558
|player|p2|arturohdez|lucas|1559
|gen|9
|tier|[Gen 9] OU
|rated|
|rule|HP Percentage Mod: HP is shown in percentages
|rule|Endless Battle Clause: Forcing endless battles is banned
|rule|Species Clause: Limit one of each Pokémon
|rule|OHKO Clause: OHKO moves are banned
|rule|Evasion Items Clause: Evasion items are banned
|rule|Evasion Moves Clause: Evasion moves are banned
|rule|Evasion Abilities Clause: Evasion abilities are banned
|rule|Sleep Moves Clause: Sleep-inducing moves are banned
|clearpoke
|poke|p1|Rillaboom, F|
|poke|p1|Ogerpon-Cornerstone, F|
|poke|p1|Hawlucha, F|
|poke|p1|Pecharunt|
|poke|p1|Great Tusk|
|poke|p1|Hoopa-Unbound|
|poke|p2|Tyranitar, M|
|poke|p2|Garganacl, M|
|poke|p2|Excadrill, M|
|poke|p2|Zamazenta-*|
|poke|p2|Moltres|
|poke|p2|Pecharunt|
|teampreview
|
|t:|1781440912
|teamsize|p1|6
|teamsize|p2|6
|start
|switch|p1a: Ogerpon|Ogerpon-Cornerstone, F|100/100
|switch|p2a: Pecharunt|Pecharunt|100/100
|turn|1
|inactive|Battle timer is ON: inactive players will automatically lose when time's up. (requested by arturohdez)
|
|t:|1781440919
|switch|p1a: Hoopa|Hoopa-Unbound|100/100
|move|p2a: Pecharunt|Parting Shot|p1a: Hoopa
|-unboost|p1a: Hoopa|atk|1
|-unboost|p1a: Hoopa|spa|1
|
|t:|1781440924
|switch|p2a: Tyranitar|Tyranitar, M|100/100|[from] Parting Shot
|-weather|Sandstorm|[from] ability: Sand Stream|[of] p2a: Tyranitar
|
|-weather|Sandstorm|[upkeep]
|-damage|p1a: Hoopa|94/100|[from] Sandstorm
|upkeep
|turn|2
|
|t:|1781440931
|switch|p2a: Moltres|Moltres|100/100
|move|p1a: Hoopa|Drain Punch|p2a: Moltres
|-resisted|p2a: Moltres
|-damage|p2a: Moltres|92/100
|-heal|p1a: Hoopa|99/100|[from] drain|[of] p2a: Moltres
|-status|p1a: Hoopa|brn|[from] ability: Flame Body|[of] p2a: Moltres
|
|-weather|Sandstorm|[upkeep]
|-damage|p2a: Moltres|86/100|[from] Sandstorm
|-damage|p1a: Hoopa|93/100 brn|[from] Sandstorm
|-damage|p1a: Hoopa|87/100 brn|[from] brn
|upkeep
|turn|3
|
|t:|1781440937
|move|p2a: Moltres|U-turn|p1a: Hoopa
|-supereffective|p1a: Hoopa
|-damage|p1a: Hoopa|22/100 brn
|
|t:|1781440941
|switch|p2a: Garganacl|Garganacl, M|100/100|[from] U-turn
|move|p1a: Hoopa|Psychic Noise|p2a: Garganacl
|-crit|p2a: Garganacl
|-damage|p2a: Garganacl|69/100
|-start|p2a: Garganacl|move: Heal Block
|
|-weather|Sandstorm|[upkeep]
|-damage|p1a: Hoopa|16/100 brn|[from] Sandstorm
|-damage|p1a: Hoopa|10/100 brn|[from] brn
|upkeep
|turn|4
|
|t:|1781440949
|move|p1a: Hoopa|Knock Off|p2a: Garganacl
|-damage|p2a: Garganacl|57/100
|-enditem|p2a: Garganacl|Leftovers|[from] move: Knock Off|[of] p1a: Hoopa
|move|p2a: Garganacl|Salt Cure|p1a: Hoopa
|-damage|p1a: Hoopa|0 fnt
|faint|p1a: Hoopa
|
|-weather|Sandstorm|[upkeep]
|-end|p2a: Garganacl|move: Heal Block
|upkeep
|
|t:|1781440955
|switch|p1a: Rillaboom|Rillaboom, F|100/100
|-fieldstart|move: Grassy Terrain|[from] ability: Grassy Surge|[of] p1a: Rillaboom
|turn|5
|
|t:|1781440960
|switch|p2a: Moltres|Moltres|86/100
|move|p1a: Rillaboom|U-turn|p2a: Moltres
|-resisted|p2a: Moltres
|-damage|p2a: Moltres|80/100
|
|t:|1781440963
|switch|p1a: Ogerpon|Ogerpon-Cornerstone, F|100/100|[from] U-turn
|
|-weather|none
|upkeep
|turn|6
|
|t:|1781440968
|switch|p2a: Pecharunt|Pecharunt|100/100
|move|p1a: Ogerpon|Swords Dance|p1a: Ogerpon
|-boost|p1a: Ogerpon|atk|2
|
|upkeep
|turn|7
|
|t:|1781440972
|move|p1a: Ogerpon|Ivy Cudgel|p2a: Pecharunt|[anim] Ivy Cudgel Rock
|-damage|p2a: Pecharunt|38/100
|move|p2a: Pecharunt|Malignant Chain|p1a: Ogerpon
|-damage|p1a: Ogerpon|63/100
|
|-heal|p1a: Ogerpon|69/100|[from] Grassy Terrain
|-heal|p2a: Pecharunt|44/100|[from] Grassy Terrain
|upkeep
|turn|8
|
|t:|1781440985
|switch|p2a: Zamazenta|Zamazenta|100/100
|-ability|p2a: Zamazenta|Dauntless Shield|boost
|-boost|p2a: Zamazenta|def|1
|move|p1a: Ogerpon|Ivy Cudgel|p2a: Zamazenta|[anim] Ivy Cudgel Rock
|-resisted|p2a: Zamazenta
|-damage|p2a: Zamazenta|69/100
|
|-heal|p2a: Zamazenta|75/100|[from] Grassy Terrain
|-heal|p2a: Zamazenta|81/100|[from] item: Leftovers
|-heal|p1a: Ogerpon|75/100|[from] Grassy Terrain
|upkeep
|turn|9
|
|t:|1781440996
|switch|p1a: Pecharunt|Pecharunt|100/100
|move|p2a: Zamazenta|Body Press|p1a: Pecharunt
|-immune|p1a: Pecharunt
|
|-heal|p2a: Zamazenta|87/100|[from] Grassy Terrain
|-heal|p2a: Zamazenta|93/100|[from] item: Leftovers
|upkeep
|turn|10
|
|t:|1781440999
|switch|p2a: Tyranitar|Tyranitar, M|100/100
|-weather|Sandstorm|[from] ability: Sand Stream|[of] p2a: Tyranitar
|move|p1a: Pecharunt|Parting Shot|p2a: Tyranitar
|-unboost|p2a: Tyranitar|atk|1
|-unboost|p2a: Tyranitar|spa|1
|
|t:|1781441006
|switch|p1a: Ogerpon|Ogerpon-Cornerstone, F|75/100|[from] Parting Shot
|
|-weather|Sandstorm|[upkeep]
|-heal|p1a: Ogerpon|82/100|[from] Grassy Terrain
|upkeep
|turn|11
|
|t:|1781441011
|move|p1a: Ogerpon|Swords Dance|p1a: Ogerpon
|-boost|p1a: Ogerpon|atk|2
|move|p2a: Tyranitar|Ice Punch|p1a: Ogerpon
|-supereffective|p1a: Ogerpon
|-damage|p1a: Ogerpon|11/100
|
|-weather|Sandstorm|[upkeep]
|-heal|p1a: Ogerpon|17/100|[from] Grassy Terrain
|upkeep
|turn|12
|
|t:|1781441019
|switch|p2a: Zamazenta|Zamazenta|93/100
|move|p1a: Ogerpon|Power Whip|p2a: Zamazenta
|-damage|p2a: Zamazenta|0 fnt
|faint|p2a: Zamazenta
|
|-weather|Sandstorm|[upkeep]
|-heal|p1a: Ogerpon|23/100|[from] Grassy Terrain
|-fieldend|move: Grassy Terrain
|upkeep
|
|t:|1781441025
|switch|p2a: Excadrill|Excadrill, M|100/100
|-item|p2a: Excadrill|Air Balloon
|turn|13
|
|t:|1781441030
|switch|p1a: Rillaboom|Rillaboom, F|100/100
|-fieldstart|move: Grassy Terrain|[from] ability: Grassy Surge|[of] p1a: Rillaboom
|move|p2a: Excadrill|Iron Head|p1a: Rillaboom
|-damage|p1a: Rillaboom|56/100
|
|-weather|Sandstorm|[upkeep]
|-damage|p1a: Rillaboom|50/100|[from] Sandstorm
|-heal|p1a: Rillaboom|56/100|[from] Grassy Terrain
|upkeep
|turn|14
|
|t:|1781441034
|switch|p2a: Moltres|Moltres|80/100
|move|p1a: Rillaboom|Grassy Glide|p2a: Moltres
|-resisted|p2a: Moltres
|-damage|p2a: Moltres|71/100
|
|-weather|none
|-heal|p1a: Rillaboom|62/100|[from] Grassy Terrain
|upkeep
|turn|15
|
|t:|1781441041
|switch|p1a: Pecharunt|Pecharunt|100/100
|move|p2a: Moltres|U-turn|p1a: Pecharunt
|-resisted|p1a: Pecharunt
|-damage|p1a: Pecharunt|99/100
|-damage|p2a: Moltres|54/100|[from] item: Rocky Helmet|[of] p1a: Pecharunt
|
|t:|1781441044
|switch|p2a: Tyranitar|Tyranitar, M|100/100|[from] U-turn
|-weather|Sandstorm|[from] ability: Sand Stream|[of] p2a: Tyranitar
|
|-weather|Sandstorm|[upkeep]
|-damage|p1a: Pecharunt|93/100|[from] Sandstorm
|-heal|p1a: Pecharunt|99/100|[from] Grassy Terrain
|upkeep
|turn|16
|
|t:|1781441047
|move|p2a: Tyranitar|Knock Off|p1a: Pecharunt
|-supereffective|p1a: Pecharunt
|-damage|p1a: Pecharunt|18/100
|-damage|p2a: Tyranitar|84/100|[from] item: Rocky Helmet|[of] p1a: Pecharunt
|-enditem|p1a: Pecharunt|Rocky Helmet|[from] move: Knock Off|[of] p2a: Tyranitar
|move|p1a: Pecharunt|Malignant Chain|p2a: Tyranitar
|-resisted|p2a: Tyranitar
|-damage|p2a: Tyranitar|72/100
|
|-weather|Sandstorm|[upkeep]
|-damage|p1a: Pecharunt|12/100|[from] Sandstorm
|-heal|p2a: Tyranitar|78/100|[from] Grassy Terrain
|-heal|p1a: Pecharunt|18/100|[from] Grassy Terrain
|upkeep
|turn|17
|
|t:|1781441054
|move|p2a: Tyranitar|Knock Off|p1a: Pecharunt
|-supereffective|p1a: Pecharunt
|-damage|p1a: Pecharunt|0 fnt
|faint|p1a: Pecharunt
|
|-weather|Sandstorm|[upkeep]
|-heal|p2a: Tyranitar|84/100|[from] Grassy Terrain
|upkeep
|
|t:|1781441058
|switch|p1a: Ogerpon|Ogerpon-Cornerstone, F|23/100
|turn|18
|
|t:|1781441065
|switch|p2a: Garganacl|Garganacl, M|57/100
|move|p1a: Ogerpon|Power Whip|p2a: Garganacl
|-supereffective|p2a: Garganacl
|-damage|p2a: Garganacl|0 fnt
|faint|p2a: Garganacl
|
|-weather|Sandstorm|[upkeep]
|-heal|p1a: Ogerpon|29/100|[from] Grassy Terrain
|upkeep
|
|t:|1781441070
|switch|p2a: Excadrill|Excadrill, M|100/100
|-item|p2a: Excadrill|Air Balloon
|turn|19
|
|t:|1781441078
|switch|p1a: Great Tusk|Great Tusk|100/100
|move|p2a: Excadrill|Iron Head|p1a: Great Tusk
|-damage|p1a: Great Tusk|73/100
|-damage|p2a: Excadrill|84/100|[from] item: Rocky Helmet|[of] p1a: Great Tusk
|
|-weather|none
|-heal|p1a: Great Tusk|80/100|[from] Grassy Terrain
|upkeep
|turn|20
|
|t:|1781441081
|switch|p2a: Moltres|Moltres|54/100
|move|p1a: Great Tusk|Rapid Spin|p2a: Moltres
|-damage|p2a: Moltres|42/100
|-boost|p1a: Great Tusk|spe|1
|
|-heal|p1a: Great Tusk|86/100|[from] Grassy Terrain
|-fieldend|move: Grassy Terrain
|upkeep
|turn|21
|
|t:|1781441087
|move|p1a: Great Tusk|Knock Off|p2a: Moltres
|-damage|p2a: Moltres|15/100
|-status|p1a: Great Tusk|brn|[from] ability: Flame Body|[of] p2a: Moltres
|-enditem|p2a: Moltres|Heavy-Duty Boots|[from] move: Knock Off|[of] p1a: Great Tusk
|move|p2a: Moltres|Roost|p2a: Moltres
|-heal|p2a: Moltres|66/100
|-singleturn|p2a: Moltres|move: Roost
|
|-damage|p1a: Great Tusk|80/100 brn|[from] brn
|upkeep
|turn|22
|
|t:|1781441091
|move|p1a: Great Tusk|Stealth Rock|p2a: Moltres
|-sidestart|p2: arturohdez|move: Stealth Rock
|move|p2a: Moltres|Roost|p2a: Moltres
|-heal|p2a: Moltres|100/100
|-singleturn|p2a: Moltres|move: Roost
|
|-damage|p1a: Great Tusk|73/100 brn|[from] brn
|upkeep
|turn|23
|
|t:|1781441096
|-end|p1a: Great Tusk|Protosynthesis|[silent]
|switch|p1a: Rillaboom|Rillaboom, F|62/100
|-fieldstart|move: Grassy Terrain|[from] ability: Grassy Surge|[of] p1a: Rillaboom
|move|p2a: Moltres|Flamethrower|p1a: Rillaboom
|-supereffective|p1a: Rillaboom
|-damage|p1a: Rillaboom|0 fnt
|faint|p1a: Rillaboom
|
|upkeep
|
|t:|1781441098
|switch|p1a: Ogerpon|Ogerpon-Cornerstone, F|29/100
|turn|24
|
|t:|1781441107
|switch|p2a: Tyranitar|Tyranitar, M|84/100
|-damage|p2a: Tyranitar|72/100|[from] Stealth Rock
|-weather|Sandstorm|[from] ability: Sand Stream|[of] p2a: Tyranitar
|move|p1a: Ogerpon|Ivy Cudgel|p2a: Tyranitar|[anim] Ivy Cudgel Rock
|-damage|p2a: Tyranitar|11/100
|
|-weather|Sandstorm|[upkeep]
|-heal|p1a: Ogerpon|36/100|[from] Grassy Terrain
|-heal|p2a: Tyranitar|17/100|[from] Grassy Terrain
|upkeep
|turn|25
|
|t:|1781441114
|move|p1a: Ogerpon|Ivy Cudgel|p2a: Tyranitar|[anim] Ivy Cudgel Rock
|-damage|p2a: Tyranitar|0 fnt
|faint|p2a: Tyranitar
|
|-weather|Sandstorm|[upkeep]
|-heal|p1a: Ogerpon|42/100|[from] Grassy Terrain
|upkeep
|
|t:|1781441115
|switch|p2a: Excadrill|Excadrill, M|84/100
|-damage|p2a: Excadrill|81/100|[from] Stealth Rock
|-item|p2a: Excadrill|Air Balloon
|turn|26
|
|t:|1781441120
|switch|p1a: Great Tusk|Great Tusk|73/100 brn
|move|p2a: Excadrill|Iron Head|p1a: Great Tusk
|-damage|p1a: Great Tusk|42/100 brn
|-damage|p2a: Excadrill|64/100|[from] item: Rocky Helmet|[of] p1a: Great Tusk
|
|-weather|Sandstorm|[upkeep]
|-heal|p1a: Great Tusk|48/100 brn|[from] Grassy Terrain
|-damage|p1a: Great Tusk|42/100 brn|[from] brn
|upkeep
|turn|27
|
|t:|1781441124
|move|p2a: Excadrill|Rapid Spin|p1a: Great Tusk
|-damage|p1a: Great Tusk|28/100 brn
|-boost|p2a: Excadrill|spe|1
|-damage|p2a: Excadrill|48/100|[from] item: Rocky Helmet|[of] p1a: Great Tusk
|-sideend|p2: arturohdez|Stealth Rock|[from] move: Rapid Spin|[of] p2a: Excadrill
|move|p1a: Great Tusk|Rapid Spin|p2a: Excadrill
|-resisted|p2a: Excadrill
|-damage|p2a: Excadrill|43/100
|-boost|p1a: Great Tusk|spe|1
|-enditem|p2a: Excadrill|Air Balloon
|
|-weather|Sandstorm|[upkeep]
|-heal|p2a: Excadrill|49/100|[from] Grassy Terrain
|-heal|p1a: Great Tusk|34/100 brn|[from] Grassy Terrain
|-damage|p1a: Great Tusk|28/100 brn|[from] brn
|upkeep
|turn|28
|
|t:|1781441133
|move|p2a: Excadrill|Iron Head|p1a: Great Tusk
|-damage|p1a: Great Tusk|0 fnt
|-damage|p2a: Excadrill|32/100|[from] item: Rocky Helmet|[of] p1a: Great Tusk
|faint|p1a: Great Tusk
|-end|p1a: Great Tusk|Protosynthesis|[silent]
|
|-weather|none
|-heal|p2a: Excadrill|38/100|[from] Grassy Terrain
|upkeep
|
|t:|1781441135
|switch|p1a: Hawlucha|Hawlucha, F|100/100
|-enditem|p1a: Hawlucha|Grassy Seed
|-boost|p1a: Hawlucha|def|1|[from] item: Grassy Seed
|turn|29
|
|t:|1781441140
|switch|p2a: Moltres|Moltres|100/100
|-terastallize|p1a: Hawlucha|Steel
|move|p1a: Hawlucha|Close Combat|p2a: Moltres
|-resisted|p2a: Moltres
|-damage|p2a: Moltres|78/100
|-unboost|p1a: Hawlucha|def|1
|-unboost|p1a: Hawlucha|spd|1
|-status|p1a: Hawlucha|brn|[from] ability: Flame Body|[of] p2a: Moltres
|
|-damage|p1a: Hawlucha|94/100 brn|[from] brn
|upkeep
|turn|30
|
|t:|1781441150
|move|p1a: Hawlucha|Swords Dance|p1a: Hawlucha
|-boost|p1a: Hawlucha|atk|2
|move|p2a: Moltres|Flamethrower|p1a: Hawlucha
|-supereffective|p1a: Hawlucha
|-damage|p1a: Hawlucha|0 fnt
|faint|p1a: Hawlucha
|
|-fieldend|move: Grassy Terrain
|upkeep
|
|t:|1781441155
|switch|p1a: Ogerpon|Ogerpon-Cornerstone, F|42/100
|turn|31
|j| EBT FOOD STAMPS
|
|t:|1781441163
|-terastallize|p2a: Moltres|Water
|move|p1a: Ogerpon|Ivy Cudgel|p2a: Moltres|[anim] Ivy Cudgel Rock
|-damage|p2a: Moltres|21/100
|move|p2a: Moltres|Flamethrower|p1a: Ogerpon
|-damage|p1a: Ogerpon|0 fnt
|faint|p1a: Ogerpon
|
|win|arturohdez
|raw|jameshardensucks's rating: 1558 &rarr; <strong>1538</strong><br />(-20 for losing)
|raw|arturohdez's rating: 1559 &rarr; <strong>1579</strong><br />(+20 for winning)
|l|☆jameshardensucks
|player|p1|
|l|☆arturohdez
|player|p2|
