|j|☆wubbybubbyjr
|j|‽LT_Alt1
|t:|1781244553
|gametype|singles
|player|p1|wubbybubbyjr|preschooler|1539
|player|p2|LT_Alt1|102|1696
|gen|9
|tier|[Gen 9] OU
|rated|
|rule|HP Percentage Mod: HP is shown in percentages
|rule|Endless Battle Clause: Forcing endless battles is banned
|rule|Species Clause: Limit one of each Pokémon
|rule|OHKO Clause: OHKO moves are banned
|rule|Evasion Items Clause: Evasion items are banned
|rule|Evasion Moves Clause: Evasion moves are banned
|rule|Evasion Abilities Clause: Evasion abilities are banned
|rule|Sleep Moves Clause: Sleep-inducing moves are banned
|clearpoke
|poke|p1|Ursaluna, M|
|poke|p1|Alomomola, M|
|poke|p1|Cinderace, F|
|poke|p1|Tornadus-Therian, M|
|poke|p1|Iron Treads|
|poke|p1|Dragapult, F|
|poke|p2|Kyurem|
|poke|p2|Raging Bolt|
|poke|p2|Hatterene, F|
|poke|p2|Slowking-Galar, M|
|poke|p2|Ting-Lu|
|poke|p2|Corviknight, M|
|teampreview
|inactive|Battle timer is ON: inactive players will automatically lose when time's up. (requested by wubbybubbyjr)
|inactive|LT_Alt1 has 120 seconds left.
|
|t:|1781244596
|teamsize|p1|6
|teamsize|p2|6
|start
|switch|p1a: Dragapult|Dragapult, F|100/100
|switch|p2a: Slowking|Slowking-Galar, M|100/100
|turn|1
|
|t:|1781244604
|move|p1a: Dragapult|Shadow Ball|p2a: Slowking
|-supereffective|p2a: Slowking
|-damage|p2a: Slowking|35/100
|-unboost|p2a: Slowking|spd|1
|-prepare|p2a: Slowking|Chilly Reception|[premajor]
|move|p2a: Slowking|Chilly Reception|p2a: Slowking
|-weather|Snowscape
|
|t:|1781244609
|switch|p2a: Kyurem|Kyurem|100/100|[from] Chilly Reception
|-ability|p2a: Kyurem|Pressure
|
|-weather|Snowscape|[upkeep]
|upkeep
|turn|2
|
|t:|1781244627
|-terastallize|p1a: Dragapult|Ghost
|move|p1a: Dragapult|Shadow Ball|p2a: Kyurem
|-damage|p2a: Kyurem|35/100
|move|p2a: Kyurem|Draco Meteor|p1a: Dragapult
|-crit|p1a: Dragapult
|-damage|p1a: Dragapult|0 fnt
|-unboost|p2a: Kyurem|spa|2
|faint|p1a: Dragapult
|
|-weather|Snowscape|[upkeep]
|upkeep
|j| yuureisuisei
|
|t:|1781244645
|switch|p1a: Cinderace|Cinderace, F|100/100
|turn|3
|
|t:|1781244651
|switch|p2a: Ting-Lu|Ting-Lu|100/100
|-ability|p2a: Ting-Lu|Vessel of Ruin
|move|p1a: Cinderace|Pyro Ball|p2a: Ting-Lu
|-crit|p2a: Ting-Lu
|-damage|p2a: Ting-Lu|60/100
|
|-weather|Snowscape|[upkeep]
|-heal|p2a: Ting-Lu|66/100|[from] item: Leftovers
|upkeep
|turn|4
|
|t:|1781244662
|move|p1a: Cinderace|U-turn|p2a: Ting-Lu
|-start|p1a: Cinderace|typechange|Bug|[from] ability: Libero
|-supereffective|p2a: Ting-Lu
|-damage|p2a: Ting-Lu|31/100
|
|t:|1781244676
|switch|p1a: Alomomola|Alomomola, M|100/100|[from] U-turn
|move|p2a: Ting-Lu|Ruination|p1a: Alomomola
|-damage|p1a: Alomomola|50/100
|
|-weather|Snowscape|[upkeep]
|-heal|p2a: Ting-Lu|37/100|[from] item: Leftovers
|-heal|p1a: Alomomola|57/100|[from] item: Leftovers
|upkeep
|turn|5
|
|t:|1781244697
|move|p2a: Ting-Lu|Ruination|p1a: Alomomola
|-damage|p1a: Alomomola|29/100
|move|p1a: Alomomola|Flip Turn|p2a: Ting-Lu
|-supereffective|p2a: Ting-Lu
|-damage|p2a: Ting-Lu|21/100
|
|t:|1781244705
|switch|p1a: Cinderace|Cinderace, F|100/100|[from] Flip Turn
|
|-weather|none
|-heal|p2a: Ting-Lu|27/100|[from] item: Leftovers
|upkeep
|turn|6
|
|t:|1781244710
|move|p1a: Cinderace|U-turn|p2a: Ting-Lu
|-start|p1a: Cinderace|typechange|Bug|[from] ability: Libero
|-supereffective|p2a: Ting-Lu
|-damage|p2a: Ting-Lu|0 fnt
|faint|p2a: Ting-Lu
|inactive|wubbybubbyjr has 120 seconds left.
|
|t:|1781244747
|switch|p1a: Ursaluna|Ursaluna, M|100/100|[from] U-turn
|
|-status|p1a: Ursaluna|brn|[from] item: Flame Orb
|upkeep
|
|t:|1781244755
|switch|p2a: Kyurem|Kyurem|35/100
|-ability|p2a: Kyurem|Pressure
|turn|7
|
|t:|1781244765
|switch|p1a: Alomomola|Alomomola, M|62/100
|move|p2a: Kyurem|Draco Meteor|p1a: Alomomola
|-damage|p1a: Alomomola|0 fnt
|-unboost|p2a: Kyurem|spa|2
|faint|p1a: Alomomola
|
|upkeep
|
|t:|1781244773
|switch|p1a: Cinderace|Cinderace, F|100/100
|turn|8
|inactive|LT_Alt1 has 120 seconds left.
|inactive|LT_Alt1 has 90 seconds left.
|n|‽LT_Alt1|ltalt1
|n|‽LT_Alt1|ltalt1
|
|t:|1781244840
|switch|p2a: Hatterene|Hatterene, F|100/100
|move|p1a: Cinderace|U-turn|p2a: Hatterene
|-start|p1a: Cinderace|typechange|Bug|[from] ability: Libero
|-damage|p2a: Hatterene|67/100
|
|t:|1781244853
|switch|p1a: Ursaluna|Ursaluna, M|100/100 brn|[from] U-turn
|
|-heal|p2a: Hatterene|73/100|[from] item: Leftovers
|-damage|p1a: Ursaluna|94/100 brn|[from] brn
|upkeep
|turn|9
|
|t:|1781244858
|switch|p2a: Slowking|Slowking-Galar, M|68/100
|move|p1a: Ursaluna|Facade|p2a: Slowking
|-damage|p2a: Slowking|0 fnt
|faint|p2a: Slowking
|
|-damage|p1a: Ursaluna|88/100 brn|[from] brn
|upkeep
|
|t:|1781244862
|switch|p2a: Kyurem|Kyurem|35/100
|-ability|p2a: Kyurem|Pressure
|turn|10
|
|t:|1781244879
|switch|p1a: Iron Treads|Iron Treads|100/100
|move|p2a: Kyurem|Draco Meteor|p1a: Iron Treads
|-resisted|p1a: Iron Treads
|-damage|p1a: Iron Treads|26/100
|-unboost|p2a: Kyurem|spa|2
|
|-heal|p1a: Iron Treads|33/100|[from] item: Leftovers
|upkeep
|turn|11
|
|t:|1781244889
|switch|p2a: Corviknight|Corviknight, M|100/100
|-ability|p2a: Corviknight|Pressure
|move|p1a: Iron Treads|Knock Off|p2a: Corviknight
|-damage|p2a: Corviknight|80/100
|-damage|p1a: Iron Treads|16/100|[from] item: Rocky Helmet|[of] p2a: Corviknight
|-enditem|p2a: Corviknight|Rocky Helmet|[from] move: Knock Off|[of] p1a: Iron Treads
|
|-heal|p1a: Iron Treads|22/100|[from] item: Leftovers
|upkeep
|turn|12
|
|t:|1781244899
|switch|p2a: Hatterene|Hatterene, F|73/100
|move|p1a: Iron Treads|Ice Spinner|p2a: Hatterene
|-damage|p2a: Hatterene|46/100
|
|-heal|p1a: Iron Treads|29/100|[from] item: Leftovers
|-heal|p2a: Hatterene|52/100|[from] item: Leftovers
|upkeep
|turn|13
|
|t:|1781244908
|-end|p1a: Iron Treads|Quark Drive|[silent]
|switch|p1a: Ursaluna|Ursaluna, M|88/100 brn
|switch|p2a: Corviknight|Corviknight, M|80/100
|-ability|p2a: Corviknight|Pressure
|
|-damage|p1a: Ursaluna|82/100 brn|[from] brn
|upkeep
|turn|14
|
|t:|1781244913
|move|p2a: Corviknight|Iron Defense|p2a: Corviknight
|-boost|p2a: Corviknight|def|2
|move|p1a: Ursaluna|Fire Punch|p2a: Corviknight
|-supereffective|p2a: Corviknight
|-damage|p2a: Corviknight|50/100
|
|-damage|p1a: Ursaluna|76/100 brn|[from] brn
|upkeep
|turn|15
|
|t:|1781244919
|switch|p1a: Tornadus|Tornadus-Therian, M|100/100
|move|p2a: Corviknight|Roost|p2a: Corviknight
|-heal|p2a: Corviknight|99/100
|-singleturn|p2a: Corviknight|move: Roost
|
|upkeep
|turn|16
|
|t:|1781244922
|switch|p2a: Raging Bolt|Raging Bolt|100/100
|move|p1a: Tornadus|Heat Wave|p2a: Raging Bolt
|-resisted|p2a: Raging Bolt
|-damage|p2a: Raging Bolt|94/100
|
|upkeep
|turn|17
|
|t:|1781244928
|move|p1a: Tornadus|U-turn|p2a: Raging Bolt
|-damage|p2a: Raging Bolt|82/100
|
|t:|1781244931
|switch|p1a: Ursaluna|Ursaluna, M|76/100 brn|[from] U-turn
|move|p2a: Raging Bolt|Draco Meteor|p1a: Ursaluna
|-damage|p1a: Ursaluna|0 fnt
|-unboost|p2a: Raging Bolt|spa|2
|faint|p1a: Ursaluna
|
|upkeep
|
|t:|1781244936
|switch|p1a: Iron Treads|Iron Treads|29/100
|turn|18
|
|t:|1781244942
|-end|p1a: Iron Treads|Quark Drive|[silent]
|switch|p1a: Cinderace|Cinderace, F|100/100
|-end|p2a: Raging Bolt|Protosynthesis|[silent]
|switch|p2a: Corviknight|Corviknight, M|99/100
|-ability|p2a: Corviknight|Pressure
|
|upkeep
|turn|19
|
|t:|1781244947
|switch|p2a: Kyurem|Kyurem|35/100
|-ability|p2a: Kyurem|Pressure
|move|p1a: Cinderace|Pyro Ball|p2a: Kyurem
|-damage|p2a: Kyurem|0 fnt
|faint|p2a: Kyurem
|
|upkeep
|
|t:|1781244953
|switch|p2a: Raging Bolt|Raging Bolt|82/100
|turn|20
|
|t:|1781244958
|move|p1a: Cinderace|U-turn|p2a: Raging Bolt
|-start|p1a: Cinderace|typechange|Bug|[from] ability: Libero
|-damage|p2a: Raging Bolt|52/100
|
|t:|1781244984
|switch|p1a: Tornadus|Tornadus-Therian, M|100/100|[from] U-turn
|move|p2a: Raging Bolt|Draco Meteor|p1a: Tornadus
|-damage|p1a: Tornadus|47/100
|-unboost|p2a: Raging Bolt|spa|2
|
|upkeep
|turn|21
|
|t:|1781244990
|move|p1a: Tornadus|U-turn|p2a: Raging Bolt
|-damage|p2a: Raging Bolt|40/100
|
|t:|1781244992
|switch|p1a: Iron Treads|Iron Treads|29/100|[from] U-turn
|move|p2a: Raging Bolt|Draco Meteor|p1a: Iron Treads
|-resisted|p1a: Iron Treads
|-damage|p1a: Iron Treads|0 fnt
|-unboost|p2a: Raging Bolt|spa|2
|faint|p1a: Iron Treads
|-end|p1a: Iron Treads|Quark Drive|[silent]
|
|upkeep
|
|t:|1781244996
|switch|p1a: Cinderace|Cinderace, F|100/100
|turn|22
|
|t:|1781245005
|move|p1a: Cinderace|Pyro Ball|p2a: Raging Bolt
|-resisted|p2a: Raging Bolt
|-damage|p2a: Raging Bolt|15/100
|move|p2a: Raging Bolt|Volt Switch|p1a: Cinderace
|-damage|p1a: Cinderace|82/100
|
|t:|1781245008
|-end|p2a: Raging Bolt|Protosynthesis|[silent]
|switch|p2a: Hatterene|Hatterene, F|52/100|[from] Volt Switch
|
|-heal|p2a: Hatterene|58/100|[from] item: Leftovers
|upkeep
|turn|23
|l| yuureisuisei
|
|t:|1781245015
|move|p1a: Cinderace|U-turn|p2a: Hatterene
|-start|p1a: Cinderace|typechange|Bug|[from] ability: Libero
|-damage|p2a: Hatterene|25/100
|
|t:|1781245019
|switch|p1a: Tornadus|Tornadus-Therian, M|81/100|[from] U-turn
|move|p2a: Hatterene|Nuzzle|p1a: Tornadus
|-supereffective|p1a: Tornadus
|-damage|p1a: Tornadus|73/100
|-status|p1a: Tornadus|par
|
|-heal|p2a: Hatterene|31/100|[from] item: Leftovers
|upkeep
|turn|24
|
|t:|1781245023
|move|p1a: Tornadus|Bleakwind Storm|p2a: Hatterene|[miss]
|-miss|p1a: Tornadus|p2a: Hatterene
|move|p2a: Hatterene|Pain Split|p1a: Tornadus
|-sethp|p1a: Tornadus|49/100 par|[from] move: Pain Split|[silent]
|-sethp|p2a: Hatterene|62/100|[from] move: Pain Split
|
|-heal|p2a: Hatterene|68/100|[from] item: Leftovers
|upkeep
|turn|25
|
|t:|1781245031
|move|p1a: Tornadus|Bleakwind Storm|p2a: Hatterene|[miss]
|-miss|p1a: Tornadus|p2a: Hatterene
|move|p2a: Hatterene|Psyshock|p1a: Tornadus
|-damage|p1a: Tornadus|8/100 par
|
|-heal|p2a: Hatterene|74/100|[from] item: Leftovers
|upkeep
|turn|26
|
|t:|1781245037
|move|p1a: Tornadus|Bleakwind Storm|p2a: Hatterene
|-damage|p2a: Hatterene|40/100
|move|p2a: Hatterene|Psyshock|p1a: Tornadus
|-damage|p1a: Tornadus|0 fnt
|faint|p1a: Tornadus
|
|-heal|p2a: Hatterene|46/100|[from] item: Leftovers
|upkeep
|
|t:|1781245040
|switch|p1a: Cinderace|Cinderace, F|82/100
|turn|27
|
|t:|1781245045
|move|p1a: Cinderace|Pyro Ball|p2a: Hatterene
|-damage|p2a: Hatterene|0 fnt
|faint|p2a: Hatterene
|
|upkeep
|
|t:|1781245048
|switch|p2a: Corviknight|Corviknight, M|99/100
|-ability|p2a: Corviknight|Pressure
|turn|28
|
|t:|1781245053
|-terastallize|p2a: Corviknight|Dragon
|move|p1a: Cinderace|Pyro Ball|p2a: Corviknight
|-resisted|p2a: Corviknight
|-damage|p2a: Corviknight|79/100
|move|p2a: Corviknight|Iron Defense|p2a: Corviknight
|-boost|p2a: Corviknight|def|2
|
|upkeep
|turn|29
|-message|wubbybubbyjr forfeited.
|
|win|LT_Alt1
|raw|wubbybubbyjr's rating: 1539 &rarr; <strong>1527</strong><br />(-12 for losing)
|raw|LT_Alt1's rating: 1679 &rarr; <strong>1691</strong><br />(+12 for winning)
|l|☆wubbybubbyjr
|player|p1|
