|j|☆Kallopala
|j|☆Joegirl
|t:|1781529025
|gametype|singles
|player|p1|Kallopala|gentleman|1589
|player|p2|Joegirl|2|1588
|gen|9
|tier|[Gen 9] OU
|rated|
|rule|HP Percentage Mod: HP is shown in percentages
|rule|Endless Battle Clause: Forcing endless battles is banned
|rule|Species Clause: Limit one of each Pokémon
|rule|OHKO Clause: OHKO moves are banned
|rule|Evasion Items Clause: Evasion items are banned
|rule|Evasion Moves Clause: Evasion moves are banned
|rule|Evasion Abilities Clause: Evasion abilities are banned
|rule|Sleep Moves Clause: Sleep-inducing moves are banned
|clearpoke
|poke|p1|Dondozo, F|
|poke|p1|Blissey, F|
|poke|p1|Corviknight, M|
|poke|p1|Weezing-Galar, M|
|poke|p1|Gliscor, F|
|poke|p1|Toxapex, M|
|poke|p2|Cresselia, F|
|poke|p2|Walking Wake|
|poke|p2|Torkoal, M|
|poke|p2|Raging Bolt|
|poke|p2|Rillaboom, M|
|poke|p2|Ceruledge, F|
|teampreview
|inactive|Battle timer is ON: inactive players will automatically lose when time's up. (requested by Kallopala)
|j| peeekapeee
|j| choispecs ironmoth
|
|t:|1781529037
|teamsize|p1|6
|teamsize|p2|6
|start
|switch|p1a: Toxapex|Toxapex, M|100/100
|switch|p2a: Rillaboom|Rillaboom, M|100/100
|-fieldstart|move: Grassy Terrain|[from] ability: Grassy Surge|[of] p2a: Rillaboom
|turn|1
|
|t:|1781529042
|move|p2a: Rillaboom|Knock Off|p1a: Toxapex
|-damage|p1a: Toxapex|59/100
|-enditem|p1a: Toxapex|Leftovers|[from] move: Knock Off|[of] p2a: Rillaboom
|move|p1a: Toxapex|Toxic Spikes|p2a: Rillaboom
|-sidestart|p2: Joegirl|move: Toxic Spikes
|
|-heal|p1a: Toxapex|66/100|[from] Grassy Terrain
|upkeep
|turn|2
|
|t:|1781529054
|switch|p2a: Torkoal|Torkoal, M|100/100
|-status|p2a: Torkoal|psn
|-weather|SunnyDay|[from] ability: Drought|[of] p2a: Torkoal
|move|p1a: Toxapex|Toxic||[still]
|-fail|p1a: Toxapex
|
|-weather|SunnyDay|[upkeep]
|-heal|p1a: Toxapex|72/100|[from] Grassy Terrain
|-damage|p2a: Torkoal|88/100 psn|[from] psn
|upkeep
|turn|3
|
|t:|1781529057
|move|p1a: Toxapex|Toxic Spikes|p2a: Torkoal
|-sidestart|p2: Joegirl|move: Toxic Spikes
|move|p2a: Torkoal|Stealth Rock|p1a: Toxapex
|-sidestart|p1: Kallopala|move: Stealth Rock
|
|-weather|SunnyDay|[upkeep]
|-heal|p1a: Toxapex|78/100|[from] Grassy Terrain
|-heal|p2a: Torkoal|94/100 psn|[from] Grassy Terrain
|-damage|p2a: Torkoal|82/100 psn|[from] psn
|upkeep
|turn|4
|
|t:|1781529067
|switch|p1a: Gliscor|Gliscor, F|100/100
|-damage|p1a: Gliscor|88/100|[from] Stealth Rock
|move|p2a: Torkoal|Rapid Spin|p1a: Gliscor
|-damage|p1a: Gliscor|81/100
|-boost|p2a: Torkoal|spe|1
|-sideend|p2: Joegirl|Toxic Spikes|[from] move: Rapid Spin|[of] p2a: Torkoal
|
|-weather|SunnyDay|[upkeep]
|-heal|p2a: Torkoal|88/100 psn|[from] Grassy Terrain
|-damage|p2a: Torkoal|75/100 psn|[from] psn
|-status|p1a: Gliscor|tox|[from] item: Toxic Orb
|upkeep
|turn|5
|
|t:|1781529095
|switch|p2a: Ceruledge|Ceruledge, F|100/100
|-item|p2a: Ceruledge|Air Balloon
|move|p1a: Gliscor|Knock Off|p2a: Ceruledge
|-supereffective|p2a: Ceruledge
|-damage|p2a: Ceruledge|46/100
|-ability|p2a: Ceruledge|Weak Armor|boost
|-unboost|p2a: Ceruledge|def|1
|-boost|p2a: Ceruledge|spe|2
|-enditem|p2a: Ceruledge|Air Balloon
|
|-weather|SunnyDay|[upkeep]
|-heal|p2a: Ceruledge|52/100|[from] Grassy Terrain
|-heal|p1a: Gliscor|93/100 tox|[from] ability: Poison Heal
|-fieldend|move: Grassy Terrain
|upkeep
|turn|6
|
|t:|1781529103
|move|p2a: Ceruledge|Swords Dance|p2a: Ceruledge
|-boost|p2a: Ceruledge|atk|2
|move|p1a: Gliscor|Earthquake|p2a: Ceruledge
|-supereffective|p2a: Ceruledge
|-damage|p2a: Ceruledge|0 fnt
|faint|p2a: Ceruledge
|
|-weather|SunnyDay|[upkeep]
|-heal|p1a: Gliscor|100/100 tox|[from] ability: Poison Heal
|upkeep
|
|t:|1781529111
|switch|p2a: Rillaboom|Rillaboom, M|100/100
|-fieldstart|move: Grassy Terrain|[from] ability: Grassy Surge|[of] p2a: Rillaboom
|turn|7
|
|t:|1781529114
|move|p1a: Gliscor|Protect|p1a: Gliscor
|-singleturn|p1a: Gliscor|Protect
|move|p2a: Rillaboom|Wood Hammer|p1a: Gliscor
|-activate|p1a: Gliscor|move: Protect
|
|-weather|SunnyDay|[upkeep]
|upkeep
|turn|8
|
|t:|1781529117
|switch|p1a: Weezing|Weezing-Galar, M|100/100
|-ability|p1a: Weezing|Neutralizing Gas
|move|p2a: Rillaboom|Wood Hammer|p1a: Weezing
|-resisted|p1a: Weezing
|-damage|p1a: Weezing|63/100
|-damage|p2a: Rillaboom|88/100|[from] Recoil
|
|-weather|SunnyDay|[upkeep]
|-heal|p2a: Rillaboom|94/100|[from] Grassy Terrain
|-heal|p1a: Weezing|69/100|[from] Grassy Terrain
|upkeep
|turn|9
|l| choispecs ironmoth
|
|t:|1781529126
|switch|p2a: Walking Wake|Walking Wake|100/100
|move|p1a: Weezing|Defog|p2a: Walking Wake
|-unboost|p2a: Walking Wake|evasion|1
|-sideend|p1: Kallopala|Stealth Rock|[from] move: Defog|[of] p1a: Weezing
|-fieldend|move: Grassy Terrain
|
|-weather|none
|upkeep
|turn|10
|
|t:|1781529133
|-end|p1a: Weezing|ability: Neutralizing Gas
|switch|p1a: Blissey|Blissey, F|100/100
|move|p2a: Walking Wake|Flip Turn|p1a: Blissey
|-damage|p1a: Blissey|83/100
|j| choispecs ironmoth
|
|t:|1781529138
|-end|p2a: Walking Wake|Protosynthesis|[silent]
|switch|p2a: Rillaboom|Rillaboom, M|94/100|[from] Flip Turn
|-fieldstart|move: Grassy Terrain|[from] ability: Grassy Surge|[of] p2a: Rillaboom
|
|-heal|p2a: Rillaboom|100/100|[from] Grassy Terrain
|-heal|p1a: Blissey|89/100|[from] Grassy Terrain
|-heal|p1a: Blissey|95/100|[from] item: Leftovers
|upkeep
|turn|11
|
|t:|1781529145
|switch|p1a: Weezing|Weezing-Galar, M|69/100
|-ability|p1a: Weezing|Neutralizing Gas
|move|p2a: Rillaboom|Knock Off|p1a: Weezing
|-resisted|p1a: Weezing
|-damage|p1a: Weezing|53/100
|-enditem|p1a: Weezing|Heavy-Duty Boots|[from] move: Knock Off|[of] p2a: Rillaboom
|
|-heal|p1a: Weezing|59/100|[from] Grassy Terrain
|upkeep
|turn|12
|
|t:|1781529150
|switch|p2a: Torkoal|Torkoal, M|75/100 psn
|move|p1a: Weezing|Will-O-Wisp||[still]
|-fail|p1a: Weezing
|
|-heal|p1a: Weezing|65/100|[from] Grassy Terrain
|-heal|p2a: Torkoal|81/100 psn|[from] Grassy Terrain
|-damage|p2a: Torkoal|69/100 psn|[from] psn
|upkeep
|turn|13
|
|t:|1781529157
|move|p1a: Weezing|Pain Split|p2a: Torkoal
|-sethp|p2a: Torkoal|66/100 psn|[from] move: Pain Split|[silent]
|-sethp|p1a: Weezing|68/100|[from] move: Pain Split
|move|p2a: Torkoal|Stealth Rock|p1a: Weezing
|-sidestart|p1: Kallopala|move: Stealth Rock
|
|-heal|p1a: Weezing|74/100|[from] Grassy Terrain
|-heal|p2a: Torkoal|72/100 psn|[from] Grassy Terrain
|-damage|p2a: Torkoal|60/100 psn|[from] psn
|upkeep
|turn|14
|
|t:|1781529162
|switch|p2a: Raging Bolt|Raging Bolt|100/100
|move|p1a: Weezing|Defog|p2a: Raging Bolt
|-unboost|p2a: Raging Bolt|evasion|1
|-sideend|p1: Kallopala|Stealth Rock|[from] move: Defog|[of] p1a: Weezing
|-fieldend|move: Grassy Terrain
|
|upkeep
|turn|15
|
|t:|1781529168
|-end|p1a: Weezing|ability: Neutralizing Gas
|switch|p1a: Blissey|Blissey, F|95/100
|move|p2a: Raging Bolt|Volt Switch|p1a: Blissey
|-damage|p1a: Blissey|76/100
|
|t:|1781529177
|-end|p2a: Raging Bolt|Protosynthesis|[silent]
|switch|p2a: Torkoal|Torkoal, M|60/100 psn|[from] Volt Switch
|-weather|SunnyDay|[from] ability: Drought|[of] p2a: Torkoal
|
|-weather|SunnyDay|[upkeep]
|-heal|p1a: Blissey|83/100|[from] item: Leftovers
|-damage|p2a: Torkoal|47/100 psn|[from] psn
|upkeep
|turn|16
|
|t:|1781529185
|move|p1a: Blissey|Stealth Rock|p2a: Torkoal
|-sidestart|p2: Joegirl|move: Stealth Rock
|move|p2a: Torkoal|Stealth Rock|p1a: Blissey
|-sidestart|p1: Kallopala|move: Stealth Rock
|
|-weather|SunnyDay|[upkeep]
|-heal|p1a: Blissey|89/100|[from] item: Leftovers
|-damage|p2a: Torkoal|35/100 psn|[from] psn
|upkeep
|turn|17
|
|t:|1781529188
|switch|p2a: Rillaboom|Rillaboom, M|100/100
|-damage|p2a: Rillaboom|88/100|[from] Stealth Rock
|-fieldstart|move: Grassy Terrain|[from] ability: Grassy Surge|[of] p2a: Rillaboom
|move|p1a: Blissey|Seismic Toss|p2a: Rillaboom
|-damage|p2a: Rillaboom|59/100
|
|-weather|SunnyDay|[upkeep]
|-heal|p2a: Rillaboom|65/100|[from] Grassy Terrain
|-heal|p1a: Blissey|95/100|[from] Grassy Terrain
|-heal|p1a: Blissey|100/100|[from] item: Leftovers
|upkeep
|turn|18
|
|t:|1781529193
|switch|p1a: Corviknight|Corviknight, M|100/100
|-damage|p1a: Corviknight|88/100|[from] Stealth Rock
|-ability|p1a: Corviknight|Pressure
|move|p2a: Rillaboom|Wood Hammer|p1a: Corviknight
|-resisted|p1a: Corviknight
|-damage|p1a: Corviknight|70/100
|-damage|p2a: Rillaboom|58/100|[from] Recoil
|
|-weather|SunnyDay|[upkeep]
|-heal|p2a: Rillaboom|65/100|[from] Grassy Terrain
|-heal|p1a: Corviknight|76/100|[from] item: Leftovers
|upkeep
|turn|19
|
|t:|1781529199
|switch|p2a: Walking Wake|Walking Wake|100/100
|-damage|p2a: Walking Wake|88/100|[from] Stealth Rock
|-activate|p2a: Walking Wake|ability: Protosynthesis
|-start|p2a: Walking Wake|protosynthesisspe
|move|p1a: Corviknight|Defog|p2a: Walking Wake
|-unboost|p2a: Walking Wake|evasion|1
|-sideend|p2: Joegirl|Stealth Rock|[from] move: Defog|[of] p1a: Corviknight
|-sideend|p1: Kallopala|Stealth Rock|[from] move: Defog|[of] p1a: Corviknight
|-fieldend|move: Grassy Terrain
|
|-weather|SunnyDay|[upkeep]
|-heal|p1a: Corviknight|83/100|[from] item: Leftovers
|upkeep
|turn|20
|
|t:|1781529213
|switch|p1a: Toxapex|Toxapex, M|100/100
|move|p2a: Walking Wake|Hydro Steam|p1a: Toxapex
|-resisted|p1a: Toxapex
|-damage|p1a: Toxapex|71/100
|
|-weather|SunnyDay|[upkeep]
|upkeep
|turn|21
|
|t:|1781529223
|-end|p2a: Walking Wake|Protosynthesis|[silent]
|switch|p2a: Torkoal|Torkoal, M|35/100 psn
|move|p1a: Toxapex|Toxic Spikes|p2a: Torkoal
|-sidestart|p2: Joegirl|move: Toxic Spikes
|
|-weather|SunnyDay|[upkeep]
|-damage|p2a: Torkoal|22/100 psn|[from] psn
|upkeep
|turn|22
|
|t:|1781529233
|move|p1a: Toxapex|Toxic Spikes|p2a: Torkoal
|-sidestart|p2: Joegirl|move: Toxic Spikes
|move|p2a: Torkoal|Stealth Rock|p1a: Toxapex
|-sidestart|p1: Kallopala|move: Stealth Rock
|
|-weather|none
|-damage|p2a: Torkoal|10/100 psn|[from] psn
|upkeep
|turn|23
|
|t:|1781529243
|switch|p2a: Raging Bolt|Raging Bolt|100/100
|-status|p2a: Raging Bolt|tox
|move|p1a: Toxapex|Toxic Spikes||[still]
|-fail|p1a: Toxapex
|
|-damage|p2a: Raging Bolt|94/100 tox|[from] psn
|upkeep
|turn|24
|
|t:|1781529253
|switch|p1a: Gliscor|Gliscor, F|100/100 tox
|-damage|p1a: Gliscor|88/100 tox|[from] Stealth Rock
|move|p2a: Raging Bolt|Volt Switch|p1a: Gliscor
|-immune|p1a: Gliscor
|
|-heal|p1a: Gliscor|100/100 tox|[from] ability: Poison Heal
|-damage|p2a: Raging Bolt|82/100 tox|[from] psn
|upkeep
|turn|25
|
|t:|1781529260
|-end|p2a: Raging Bolt|Protosynthesis|[silent]
|switch|p2a: Rillaboom|Rillaboom, M|65/100
|-status|p2a: Rillaboom|tox
|-fieldstart|move: Grassy Terrain|[from] ability: Grassy Surge|[of] p2a: Rillaboom
|move|p1a: Gliscor|Knock Off|p2a: Rillaboom
|-damage|p2a: Rillaboom|42/100 tox
|-enditem|p2a: Rillaboom|Choice Band|[from] move: Knock Off|[of] p1a: Gliscor
|
|-heal|p2a: Rillaboom|48/100 tox|[from] Grassy Terrain
|-damage|p2a: Rillaboom|42/100 tox|[from] psn
|upkeep
|turn|26
|
|t:|1781529273
|switch|p2a: Torkoal|Torkoal, M|10/100 psn
|-weather|SunnyDay|[from] ability: Drought|[of] p2a: Torkoal
|move|p1a: Gliscor|Spikes|p2a: Torkoal
|-sidestart|p2: Joegirl|Spikes
|
|-weather|SunnyDay|[upkeep]
|-heal|p2a: Torkoal|16/100 psn|[from] Grassy Terrain
|-damage|p2a: Torkoal|3/100 psn|[from] psn
|upkeep
|turn|27
|
|t:|1781529282
|switch|p2a: Walking Wake|Walking Wake|88/100
|-status|p2a: Walking Wake|tox
|-damage|p2a: Walking Wake|76/100 tox|[from] Spikes
|-activate|p2a: Walking Wake|ability: Protosynthesis
|-start|p2a: Walking Wake|protosynthesisspe
|move|p1a: Gliscor|Knock Off|p2a: Walking Wake
|-damage|p2a: Walking Wake|51/100 tox
|-enditem|p2a: Walking Wake|Choice Specs|[from] move: Knock Off|[of] p1a: Gliscor
|
|-weather|SunnyDay|[upkeep]
|-heal|p2a: Walking Wake|58/100 tox|[from] Grassy Terrain
|-damage|p2a: Walking Wake|51/100 tox|[from] psn
|upkeep
|turn|28
|
|t:|1781529295
|move|p1a: Gliscor|Protect|p1a: Gliscor
|-singleturn|p1a: Gliscor|Protect
|move|p2a: Walking Wake|Hydro Steam|p1a: Gliscor
|-activate|p1a: Gliscor|move: Protect
|
|-weather|SunnyDay|[upkeep]
|-heal|p2a: Walking Wake|58/100 tox|[from] Grassy Terrain
|-damage|p2a: Walking Wake|45/100 tox|[from] psn
|upkeep
|turn|29
|
|t:|1781529301
|switch|p1a: Toxapex|Toxapex, M|100/100
|-damage|p1a: Toxapex|88/100|[from] Stealth Rock
|move|p2a: Walking Wake|Hydro Steam|p1a: Toxapex
|-resisted|p1a: Toxapex
|-damage|p1a: Toxapex|70/100
|
|-weather|SunnyDay|[upkeep]
|-heal|p2a: Walking Wake|51/100 tox|[from] Grassy Terrain
|-heal|p1a: Toxapex|76/100|[from] Grassy Terrain
|-damage|p2a: Walking Wake|33/100 tox|[from] psn
|-fieldend|move: Grassy Terrain
|upkeep
|turn|30
|
|t:|1781529312
|move|p2a: Walking Wake|Dragon Pulse|p1a: Toxapex
|-damage|p1a: Toxapex|50/100
|move|p1a: Toxapex|Toxic|p2a: Walking Wake
|-fail|p2a: Walking Wake|tox
|
|-weather|SunnyDay|[upkeep]
|-damage|p2a: Walking Wake|8/100 tox|[from] psn
|upkeep
|turn|31
|
|t:|1781529317
|move|p2a: Walking Wake|Dragon Pulse|p1a: Toxapex
|-damage|p1a: Toxapex|24/100
|move|p1a: Toxapex|Recover|p1a: Toxapex
|-heal|p1a: Toxapex|74/100
|
|-weather|SunnyDay|[upkeep]
|-damage|p2a: Walking Wake|0 fnt|[from] psn
|faint|p2a: Walking Wake
|-end|p2a: Walking Wake|Protosynthesis|[silent]
|upkeep
|
|t:|1781529321
|switch|p2a: Rillaboom|Rillaboom, M|42/100 tox
|-damage|p2a: Rillaboom|29/100 tox|[from] Spikes
|-fieldstart|move: Grassy Terrain|[from] ability: Grassy Surge|[of] p2a: Rillaboom
|turn|32
|
|t:|1781529324
|switch|p1a: Corviknight|Corviknight, M|83/100
|-damage|p1a: Corviknight|70/100|[from] Stealth Rock
|-ability|p1a: Corviknight|Pressure
|move|p2a: Rillaboom|U-turn|p1a: Corviknight
|-resisted|p1a: Corviknight
|-damage|p1a: Corviknight|67/100
|
|t:|1781529328
|switch|p2a: Raging Bolt|Raging Bolt|82/100 tox|[from] U-turn
|-damage|p2a: Raging Bolt|70/100 tox|[from] Spikes
|-activate|p2a: Raging Bolt|ability: Protosynthesis
|-start|p2a: Raging Bolt|protosynthesisspa
|
|-weather|SunnyDay|[upkeep]
|-heal|p2a: Raging Bolt|76/100 tox|[from] Grassy Terrain
|-heal|p1a: Corviknight|73/100|[from] item: Leftovers
|-damage|p2a: Raging Bolt|70/100 tox|[from] psn
|upkeep
|turn|33
|
|t:|1781529335
|switch|p1a: Blissey|Blissey, F|100/100
|-damage|p1a: Blissey|88/100|[from] Stealth Rock
|move|p2a: Raging Bolt|Dragon Pulse|p1a: Blissey
|-crit|p1a: Blissey
|-damage|p1a: Blissey|39/100
|
|-weather|none
|-end|p2a: Raging Bolt|Protosynthesis
|-heal|p2a: Raging Bolt|76/100 tox|[from] Grassy Terrain
|-heal|p1a: Blissey|45/100|[from] Grassy Terrain
|-heal|p1a: Blissey|51/100|[from] item: Leftovers
|-damage|p2a: Raging Bolt|63/100 tox|[from] psn
|upkeep
|turn|34
|
|t:|1781529338
|move|p2a: Raging Bolt|Dragon Pulse|p1a: Blissey
|-damage|p1a: Blissey|26/100
|move|p1a: Blissey|Soft-Boiled|p1a: Blissey
|-heal|p1a: Blissey|76/100
|
|-heal|p2a: Raging Bolt|70/100 tox|[from] Grassy Terrain
|-heal|p1a: Blissey|83/100|[from] Grassy Terrain
|-heal|p1a: Blissey|89/100|[from] item: Leftovers
|-damage|p2a: Raging Bolt|51/100 tox|[from] psn
|upkeep
|turn|35
|
|t:|1781529343
|move|p2a: Raging Bolt|Dragon Pulse|p1a: Blissey
|-damage|p1a: Blissey|65/100
|move|p1a: Blissey|Calm Mind|p1a: Blissey
|-boost|p1a: Blissey|spa|1
|-boost|p1a: Blissey|spd|1
|
|-heal|p2a: Raging Bolt|57/100 tox|[from] Grassy Terrain
|-heal|p1a: Blissey|71/100|[from] Grassy Terrain
|-heal|p1a: Blissey|78/100|[from] item: Leftovers
|-damage|p2a: Raging Bolt|33/100 tox|[from] psn
|upkeep
|turn|36
|
|t:|1781529346
|move|p2a: Raging Bolt|Dragon Pulse|p1a: Blissey
|-damage|p1a: Blissey|63/100
|move|p1a: Blissey|Stealth Rock|p2a: Raging Bolt
|-sidestart|p2: Joegirl|move: Stealth Rock
|
|-heal|p2a: Raging Bolt|39/100 tox|[from] Grassy Terrain
|-heal|p1a: Blissey|69/100|[from] Grassy Terrain
|-heal|p1a: Blissey|75/100|[from] item: Leftovers
|-damage|p2a: Raging Bolt|8/100 tox|[from] psn
|-fieldend|move: Grassy Terrain
|upkeep
|turn|37
|
|t:|1781529352
|-end|p2a: Raging Bolt|Protosynthesis|[silent]
|switch|p2a: Rillaboom|Rillaboom, M|29/100 tox
|-damage|p2a: Rillaboom|17/100 tox|[from] Spikes
|-damage|p2a: Rillaboom|5/100 tox|[from] Stealth Rock
|-fieldstart|move: Grassy Terrain|[from] ability: Grassy Surge|[of] p2a: Rillaboom
|move|p1a: Blissey|Soft-Boiled|p1a: Blissey
|-heal|p1a: Blissey|100/100
|
|-heal|p2a: Rillaboom|11/100 tox|[from] Grassy Terrain
|-damage|p2a: Rillaboom|5/100 tox|[from] psn
|upkeep
|turn|38
|
|t:|1781529359
|switch|p1a: Weezing|Weezing-Galar, M|74/100
|-ability|p1a: Weezing|Neutralizing Gas
|-damage|p1a: Weezing|62/100|[from] Stealth Rock
|move|p2a: Rillaboom|Knock Off|p1a: Weezing
|-resisted|p1a: Weezing
|-damage|p1a: Weezing|55/100
|
|-heal|p2a: Rillaboom|11/100 tox|[from] Grassy Terrain
|-heal|p1a: Weezing|61/100|[from] Grassy Terrain
|-damage|p2a: Rillaboom|0 fnt|[from] psn
|faint|p2a: Rillaboom
|upkeep
|
|t:|1781529364
|switch|p2a: Torkoal|Torkoal, M|3/100 psn
|-damage|p2a: Torkoal|0 fnt|[from] Spikes
|faint|p2a: Torkoal
|
|t:|1781529366
|switch|p2a: Raging Bolt|Raging Bolt|8/100 tox
|-damage|p2a: Raging Bolt|0 fnt|[from] Spikes
|faint|p2a: Raging Bolt
|-end|p2a: Raging Bolt|Protosynthesis|[silent]
|
|t:|1781529368
|switch|p2a: Cresselia|Cresselia, F|100/100
|-status|p2a: Cresselia|tox
|-damage|p2a: Cresselia|88/100 tox|[from] Spikes
|-damage|p2a: Cresselia|76/100 tox|[from] Stealth Rock
|turn|39
|
|t:|1781529374
|-terastallize|p2a: Cresselia|Poison
|move|p2a: Cresselia|Calm Mind|p2a: Cresselia
|-boost|p2a: Cresselia|spa|1
|-boost|p2a: Cresselia|spd|1
|move|p1a: Weezing|Strange Steam|p2a: Cresselia
|-resisted|p2a: Cresselia
|-damage|p2a: Cresselia|70/100 tox
|
|-heal|p2a: Cresselia|76/100 tox|[from] Grassy Terrain
|-heal|p1a: Weezing|67/100|[from] Grassy Terrain
|-damage|p2a: Cresselia|70/100 tox|[from] psn
|upkeep
|turn|40
|
|t:|1781529385
|-end|p1a: Weezing|ability: Neutralizing Gas
|switch|p1a: Toxapex|Toxapex, M|100/100
|-damage|p1a: Toxapex|88/100|[from] Stealth Rock
|move|p2a: Cresselia|Calm Mind|p2a: Cresselia
|-boost|p2a: Cresselia|spa|1
|-boost|p2a: Cresselia|spd|1
|
|-heal|p1a: Toxapex|94/100|[from] Grassy Terrain
|-damage|p2a: Cresselia|58/100 tox|[from] psn
|upkeep
|turn|41
|
|t:|1781529391
|-terastallize|p1a: Toxapex|Steel
|move|p2a: Cresselia|Stored Power|p1a: Toxapex
|-resisted|p1a: Toxapex
|-damage|p1a: Toxapex|76/100
|move|p1a: Toxapex|Haze|p1a: Toxapex
|-clearallboost
|
|-heal|p1a: Toxapex|82/100|[from] Grassy Terrain
|-damage|p2a: Cresselia|39/100 tox|[from] psn
|-fieldend|move: Grassy Terrain
|upkeep
|turn|42
|-message|Joegirl forfeited.
|
|win|Kallopala
|raw|Kallopala's rating: 1589 &rarr; <strong>1609</strong><br />(+20 for winning)
|raw|Joegirl's rating: 1588 &rarr; <strong>1568</strong><br />(-20 for losing)
|l|☆Joegirl
|player|p2|
|l|☆Kallopala
|player|p1|
