|j|☆n5v
|j|☆Jsparxs
|t:|1780952744
|gametype|singles
|player|p1|n5v|leon-masters|1508
|player|p2|Jsparxs|266|1591
|gen|9
|tier|[Gen 9] OU
|rated|
|rule|HP Percentage Mod: HP is shown in percentages
|rule|Endless Battle Clause: Forcing endless battles is banned
|rule|Species Clause: Limit one of each Pokémon
|rule|OHKO Clause: OHKO moves are banned
|rule|Evasion Items Clause: Evasion items are banned
|rule|Evasion Moves Clause: Evasion moves are banned
|rule|Evasion Abilities Clause: Evasion abilities are banned
|rule|Sleep Moves Clause: Sleep-inducing moves are banned
|clearpoke
|poke|p1|Raging Bolt|
|poke|p1|Iron Crown|
|poke|p1|Rillaboom, M|
|poke|p1|Enamorus, F|
|poke|p1|Great Tusk|
|poke|p1|Pecharunt|
|poke|p2|Great Tusk|
|poke|p2|Zamazenta-*|
|poke|p2|Iron Valiant|
|poke|p2|Gallade, M|
|poke|p2|Kommo-o, M|
|poke|p2|Okidogi, M|
|teampreview
|c|☆Jsparxs|Glhf
|c|☆n5v|u2
|
|t:|1780952762
|teamsize|p1|6
|teamsize|p2|6
|start
|switch|p1a: letachyon|Iron Crown|100/100
|switch|p2a: Gallade|Gallade, M|100/100
|turn|1
|
|t:|1780952767
|move|p1a: letachyon|Volt Switch|p2a: Gallade
|-damage|p2a: Gallade|88/100
|
|t:|1780952785
|-end|p1a: letachyon|Quark Drive|[silent]
|switch|p1a: cheap tusk|Great Tusk|100/100|[from] Volt Switch
|move|p2a: Gallade|Sacred Sword|p1a: cheap tusk
|-damage|p1a: cheap tusk|50/100
|-damage|p2a: Gallade|71/100|[from] item: Rocky Helmet|[of] p1a: cheap tusk
|
|upkeep
|turn|2
|
|t:|1780952801
|-end|p1a: cheap tusk|Protosynthesis|[silent]
|switch|p1a: gay alladin|Enamorus, F|100/100
|move|p2a: Gallade|Psycho Cut|p1a: gay alladin
|-damage|p1a: gay alladin|9/100
|
|upkeep
|turn|3
|
|t:|1780952813
|move|p1a: gay alladin|Moonblast|p2a: Gallade
|-supereffective|p2a: Gallade
|-damage|p2a: Gallade|3/100
|-unboost|p2a: Gallade|spa|1
|move|p2a: Gallade|Psycho Cut|p1a: gay alladin
|-damage|p1a: gay alladin|0 fnt
|faint|p1a: gay alladin
|
|upkeep
|
|t:|1780952820
|switch|p1a: letachyon|Iron Crown|100/100
|turn|4
|inactive|Battle timer is ON: inactive players will automatically lose when time's up. (requested by n5v)
|
|t:|1780952829
|move|p1a: letachyon|Volt Switch|p2a: Gallade
|-damage|p2a: Gallade|0 fnt
|faint|p2a: Gallade
|
|t:|1780952837
|-end|p1a: letachyon|Quark Drive|[silent]
|switch|p1a: cheap tusk|Great Tusk|50/100|[from] Volt Switch
|
|upkeep
|
|t:|1780952855
|switch|p2a: Iron Valiant|Iron Valiant|100/100
|-enditem|p2a: Iron Valiant|Booster Energy
|-activate|p2a: Iron Valiant|ability: Quark Drive|[fromitem]
|-start|p2a: Iron Valiant|quarkdrivespe
|turn|5
|
|t:|1780952862
|-end|p1a: cheap tusk|Protosynthesis|[silent]
|switch|p1a: letachyon|Iron Crown|100/100
|move|p2a: Iron Valiant|Moonblast|p1a: letachyon
|-resisted|p1a: letachyon
|-damage|p1a: letachyon|84/100
|
|upkeep
|turn|6
|
|t:|1780952876
|-end|p2a: Iron Valiant|Quark Drive|[silent]
|switch|p2a: Kommo-o|Kommo-o, M|100/100
|move|p1a: letachyon|Tachyon Cutter|p2a: Kommo-o
|-damage|p2a: Kommo-o|72/100
|-damage|p2a: Kommo-o|46/100
|-hitcount|p2a: Kommo-o|2
|
|upkeep
|turn|7
|
|t:|1780952884
|-terastallize|p2a: Kommo-o|Fire
|move|p1a: letachyon|Tachyon Cutter|p2a: Kommo-o
|-resisted|p2a: Kommo-o
|-damage|p2a: Kommo-o|32/100
|-resisted|p2a: Kommo-o
|-damage|p2a: Kommo-o|19/100
|-hitcount|p2a: Kommo-o|2
|move|p2a: Kommo-o|Flamethrower|p1a: letachyon
|-supereffective|p1a: letachyon
|-damage|p1a: letachyon|29/100
|
|upkeep
|turn|8
|
|t:|1780952889
|move|p1a: letachyon|Volt Switch|p2a: Kommo-o
|-damage|p2a: Kommo-o|0 fnt
|faint|p2a: Kommo-o
|
|t:|1780952897
|-end|p1a: letachyon|Quark Drive|[silent]
|switch|p1a: diddy kong|Rillaboom, M|100/100|[from] Volt Switch
|-fieldstart|move: Grassy Terrain|[from] ability: Grassy Surge|[of] p1a: diddy kong
|
|upkeep
|
|t:|1780952904
|switch|p2a: Okidogi|Okidogi, M|100/100
|turn|9
|
|t:|1780952915
|switch|p1a: cheap tusk|Great Tusk|50/100
|move|p2a: Okidogi|Drain Punch|p1a: cheap tusk
|-damage|p1a: cheap tusk|23/100
|-damage|p2a: Okidogi|84/100|[from] item: Rocky Helmet|[of] p1a: cheap tusk
|
|-heal|p1a: cheap tusk|29/100|[from] Grassy Terrain
|-heal|p2a: Okidogi|90/100|[from] Grassy Terrain
|upkeep
|turn|10
|
|t:|1780952925
|move|p1a: cheap tusk|Headlong Rush|p2a: Okidogi
|-supereffective|p2a: Okidogi
|-damage|p2a: Okidogi|13/100
|-unboost|p1a: cheap tusk|def|1
|-unboost|p1a: cheap tusk|spd|1
|move|p2a: Okidogi|Ice Punch|p1a: cheap tusk
|-supereffective|p1a: cheap tusk
|-damage|p1a: cheap tusk|0 fnt
|-damage|p2a: Okidogi|0 fnt|[from] item: Rocky Helmet|[of] p1a: cheap tusk
|faint|p1a: cheap tusk
|-end|p1a: cheap tusk|Protosynthesis|[silent]
|faint|p2a: Okidogi
|
|upkeep
|
|t:|1780952947
|switch|p1a: letachyon|Iron Crown|29/100
|switch|p2a: Great Tusk|Great Tusk|100/100
|-enditem|p2a: Great Tusk|Booster Energy
|-activate|p2a: Great Tusk|ability: Protosynthesis|[fromitem]
|-start|p2a: Great Tusk|protosynthesisatk
|turn|11
|
|t:|1780952964
|-end|p1a: letachyon|Quark Drive|[silent]
|switch|p1a: diddy kong|Rillaboom, M|100/100
|move|p2a: Great Tusk|Headlong Rush|p1a: diddy kong
|-resisted|p1a: diddy kong
|-damage|p1a: diddy kong|62/100
|-unboost|p2a: Great Tusk|def|1
|-unboost|p2a: Great Tusk|spd|1
|
|-heal|p1a: diddy kong|68/100|[from] Grassy Terrain
|-heal|p1a: diddy kong|74/100|[from] item: Leftovers
|upkeep
|turn|12
|
|t:|1780952977
|-end|p2a: Great Tusk|Protosynthesis|[silent]
|switch|p2a: Zamazenta|Zamazenta|100/100
|-ability|p2a: Zamazenta|Dauntless Shield|boost
|-boost|p2a: Zamazenta|def|1
|move|p1a: diddy kong|Grassy Glide|p2a: Zamazenta
|-damage|p2a: Zamazenta|82/100
|
|-heal|p2a: Zamazenta|88/100|[from] Grassy Terrain
|-heal|p2a: Zamazenta|94/100|[from] item: Leftovers
|-heal|p1a: diddy kong|81/100|[from] Grassy Terrain
|-heal|p1a: diddy kong|87/100|[from] item: Leftovers
|-fieldend|move: Grassy Terrain
|upkeep
|turn|13
|
|t:|1780952985
|switch|p2a: Iron Valiant|Iron Valiant|100/100
|move|p1a: diddy kong|Knock Off|p2a: Iron Valiant
|-resisted|p2a: Iron Valiant
|-damage|p2a: Iron Valiant|92/100
|
|-heal|p1a: diddy kong|93/100|[from] item: Leftovers
|upkeep
|turn|14
|
|t:|1780952997
|move|p2a: Iron Valiant|Moonblast|p1a: diddy kong
|-damage|p1a: diddy kong|39/100
|move|p1a: diddy kong|U-turn|p2a: Iron Valiant
|-resisted|p2a: Iron Valiant
|-damage|p2a: Iron Valiant|84/100
|
|t:|1780953000
|switch|p1a: Pecharunt|Pecharunt|100/100|[from] U-turn
|
|upkeep
|turn|15
|
|t:|1780953010
|move|p2a: Iron Valiant|Destiny Bond|p2a: Iron Valiant
|-singlemove|p2a: Iron Valiant|Destiny Bond
|move|p1a: Pecharunt|Malignant Chain|p2a: Iron Valiant
|-supereffective|p2a: Iron Valiant
|-damage|p2a: Iron Valiant|0 fnt
|faint|p2a: Iron Valiant
|-activate|p2a: Iron Valiant|move: Destiny Bond
|-end|p2a: Iron Valiant|Quark Drive|[silent]
|faint|p1a: Pecharunt
|
|upkeep
|
|t:|1780953027
|switch|p2a: Zamazenta|Zamazenta|94/100
|switch|p1a: diddy kong|Rillaboom, M|39/100
|-fieldstart|move: Grassy Terrain|[from] ability: Grassy Surge|[of] p1a: diddy kong
|turn|16
|
|t:|1780953030
|move|p2a: Zamazenta|Iron Defense|p2a: Zamazenta
|-boost|p2a: Zamazenta|def|2
|move|p1a: diddy kong|U-turn|p2a: Zamazenta
|-resisted|p2a: Zamazenta
|-damage|p2a: Zamazenta|89/100
|
|t:|1780953033
|switch|p1a: goobing bolt|Raging Bolt|100/100|[from] U-turn
|
|-heal|p2a: Zamazenta|95/100|[from] Grassy Terrain
|-heal|p2a: Zamazenta|100/100|[from] item: Leftovers
|upkeep
|turn|17
|
|t:|1780953050
|-terastallize|p1a: goobing bolt|Fairy
|move|p2a: Zamazenta|Body Press|p1a: goobing bolt
|-resisted|p1a: goobing bolt
|-damage|p1a: goobing bolt|68/100
|move|p1a: goobing bolt|Draco Meteor|p2a: Zamazenta
|-damage|p2a: Zamazenta|0 fnt
|-unboost|p1a: goobing bolt|spa|2
|faint|p2a: Zamazenta
|
|-heal|p1a: goobing bolt|74/100|[from] Grassy Terrain
|upkeep
|
|t:|1780953057
|switch|p2a: Great Tusk|Great Tusk|100/100
|turn|18
|
|t:|1780953059
|-end|p1a: goobing bolt|Protosynthesis|[silent]
|switch|p1a: letachyon|Iron Crown|29/100
|move|p2a: Great Tusk|Rapid Spin|p1a: letachyon
|-resisted|p1a: letachyon
|-damage|p1a: letachyon|20/100
|-boost|p2a: Great Tusk|spe|1
|
|-heal|p1a: letachyon|26/100|[from] Grassy Terrain
|upkeep
|turn|19
|
|t:|1780953071
|move|p2a: Great Tusk|Close Combat|p1a: letachyon
|-damage|p1a: letachyon|0 fnt
|-unboost|p2a: Great Tusk|def|1
|-unboost|p2a: Great Tusk|spd|1
|faint|p1a: letachyon
|-end|p1a: letachyon|Quark Drive|[silent]
|
|upkeep
|c|☆Jsparxs|gg
|
|t:|1780953080
|switch|p1a: goobing bolt|Raging Bolt, tera:Fairy|74/100
|turn|20
|
|t:|1780953083
|move|p2a: Great Tusk|Headlong Rush|p1a: goobing bolt
|-damage|p1a: goobing bolt|16/100
|-unboost|p2a: Great Tusk|def|1
|-unboost|p2a: Great Tusk|spd|1
|move|p1a: goobing bolt|Draco Meteor|p2a: Great Tusk
|-damage|p2a: Great Tusk|0 fnt
|-unboost|p1a: goobing bolt|spa|2
|faint|p2a: Great Tusk
|-end|p2a: Great Tusk|Protosynthesis|[silent]
|
|win|n5v
|raw|n5v's rating: 1508 &rarr; <strong>1533</strong><br />(+25 for winning)
|raw|Jsparxs's rating: 1591 &rarr; <strong>1566</strong><br />(-25 for losing)
|c|☆n5v|gg
|l|☆n5v
|player|p1|
|l|☆Jsparxs
|player|p2|
