|j|☆mongwong
|j|☆Klopple
|t:|1781153289
|gametype|singles
|player|p1|mongwong|eusine-gen2|1642
|player|p2|Klopple|sailor|1602
|gen|9
|tier|[Gen 9] OU
|rated|
|rule|HP Percentage Mod: HP is shown in percentages
|rule|Endless Battle Clause: Forcing endless battles is banned
|rule|Species Clause: Limit one of each Pokémon
|rule|OHKO Clause: OHKO moves are banned
|rule|Evasion Items Clause: Evasion items are banned
|rule|Evasion Moves Clause: Evasion moves are banned
|rule|Evasion Abilities Clause: Evasion abilities are banned
|rule|Sleep Moves Clause: Sleep-inducing moves are banned
|clearpoke
|poke|p1|Indeedee, M|
|poke|p1|Polteageist-Antique|
|poke|p1|Hawlucha, F|
|poke|p1|Primarina, F|
|poke|p1|Iron Valiant|
|poke|p1|Great Tusk|
|poke|p2|Arboliva, F|
|poke|p2|Gliscor, F|
|poke|p2|Iron Crown|
|poke|p2|Zamazenta-*|
|poke|p2|Hatterene, F|
|poke|p2|Dragonite, F|
|teampreview
|inactive|Battle timer is ON: inactive players will automatically lose when time's up. (requested by mongwong)
|
|t:|1781153312
|teamsize|p1|6
|teamsize|p2|6
|start
|switch|p1a: Great Tusk|Great Tusk|100/100
|switch|p2a: Arboliva|Arboliva, F|100/100
|turn|1
|
|t:|1781153322
|move|p1a: Great Tusk|Stealth Rock|p2a: Arboliva
|-sidestart|p2: Klopple|move: Stealth Rock
|move|p2a: Arboliva|Energy Ball|p1a: Great Tusk
|-supereffective|p1a: Great Tusk
|-damage|p1a: Great Tusk|0 fnt
|faint|p1a: Great Tusk
|-end|p1a: Great Tusk|Protosynthesis|[silent]
|
|upkeep
|
|t:|1781153333
|switch|p1a: Hawlucha|Hawlucha, F|100/100
|turn|2
|
|t:|1781153337
|move|p2a: Arboliva|Endure|p2a: Arboliva
|-singleturn|p2a: Arboliva|move: Endure
|move|p1a: Hawlucha|Swords Dance|p1a: Hawlucha
|-boost|p1a: Hawlucha|atk|2
|
|upkeep
|turn|3
|
|t:|1781153343
|switch|p2a: Hatterene|Hatterene, F|100/100
|-damage|p2a: Hatterene|88/100|[from] Stealth Rock
|move|p1a: Hawlucha|Acrobatics|p2a: Hatterene
|-damage|p2a: Hatterene|44/100
|-damage|p1a: Hawlucha|84/100|[from] item: Rocky Helmet|[of] p2a: Hatterene
|
|upkeep
|turn|4
|
|t:|1781153355
|move|p1a: Hawlucha|Acrobatics|p2a: Hatterene
|-damage|p2a: Hatterene|0 fnt
|-damage|p1a: Hawlucha|68/100|[from] item: Rocky Helmet|[of] p2a: Hatterene
|faint|p2a: Hatterene
|
|upkeep
|
|t:|1781153363
|switch|p2a: Dragonite|Dragonite, F|100/100
|turn|5
|
|t:|1781153368
|switch|p1a: Indeedee|Indeedee, M|100/100
|-fieldstart|move: Psychic Terrain|[from] ability: Psychic Surge|[of] p1a: Indeedee
|move|p2a: Dragonite|Dragon Tail|p1a: Indeedee
|-damage|p1a: Indeedee|32/100
|drag|p1a: Hawlucha|Hawlucha, F|68/100
|-enditem|p1a: Hawlucha|Psychic Seed
|-boost|p1a: Hawlucha|spd|1|[from] item: Psychic Seed
|
|upkeep
|turn|6
|
|t:|1781153384
|move|p1a: Hawlucha|Acrobatics|p2a: Dragonite
|-damage|p2a: Dragonite|76/100
|move|p2a: Dragonite|Dragon Tail|p1a: Hawlucha
|-damage|p1a: Hawlucha|20/100
|drag|p1a: Indeedee|Indeedee, M|32/100
|
|upkeep
|turn|7
|
|t:|1781153393
|switch|p1a: Primarina|Primarina, F|100/100
|move|p2a: Dragonite|Roost|p2a: Dragonite
|-heal|p2a: Dragonite|100/100
|-singleturn|p2a: Dragonite|move: Roost
|
|upkeep
|turn|8
|
|t:|1781153399
|switch|p2a: Iron Crown|Iron Crown|100/100
|-damage|p2a: Iron Crown|94/100|[from] Stealth Rock
|move|p1a: Primarina|Moonblast|p2a: Iron Crown
|-resisted|p2a: Iron Crown
|-damage|p2a: Iron Crown|76/100
|
|upkeep
|turn|9
|
|t:|1781153409
|move|p2a: Iron Crown|Future Sight|p1a: Primarina
|-start|p2a: Iron Crown|move: Future Sight
|move|p1a: Primarina|Surf|p2a: Iron Crown
|-damage|p2a: Iron Crown|41/100
|
|upkeep
|turn|10
|
|t:|1781153425
|move|p2a: Iron Crown|Volt Switch|p1a: Primarina
|-supereffective|p1a: Primarina
|-damage|p1a: Primarina|73/100
|
|t:|1781153429
|-end|p2a: Iron Crown|Quark Drive|[silent]
|switch|p2a: Arboliva|Arboliva, F|100/100|[from] Volt Switch
|-damage|p2a: Arboliva|88/100|[from] Stealth Rock
|move|p1a: Primarina|Surf|p2a: Arboliva
|-resisted|p2a: Arboliva
|-damage|p2a: Arboliva|66/100
|
|upkeep
|turn|11
|inactive|mongwong has 120 seconds left.
|
|t:|1781153467
|-terastallize|p1a: Primarina|Steel
|move|p1a: Primarina|Moonblast|p2a: Arboliva
|-damage|p2a: Arboliva|19/100
|-unboost|p2a: Arboliva|spa|1
|move|p2a: Arboliva|Energy Ball|p1a: Primarina
|-resisted|p1a: Primarina
|-damage|p1a: Primarina|65/100
|
|-end|p1a: Primarina|move: Future Sight
|-resisted|p1a: Primarina
|-damage|p1a: Primarina|44/100
|upkeep
|turn|12
|inactive|mongwong has 120 seconds left.
|
|t:|1781153496
|switch|p2a: Iron Crown|Iron Crown|41/100
|-damage|p2a: Iron Crown|35/100|[from] Stealth Rock
|move|p1a: Primarina|Moonblast|p2a: Iron Crown
|-resisted|p2a: Iron Crown
|-damage|p2a: Iron Crown|16/100
|
|-fieldend|move: Psychic Terrain
|upkeep
|turn|13
|inactive|mongwong has 120 seconds left.
|
|t:|1781153517
|move|p2a: Iron Crown|Tachyon Cutter|p1a: Primarina
|-resisted|p1a: Primarina
|-damage|p1a: Primarina|37/100
|-resisted|p1a: Primarina
|-damage|p1a: Primarina|31/100
|-hitcount|p1a: Primarina|2
|move|p1a: Primarina|Surf|p2a: Iron Crown
|-damage|p2a: Iron Crown|0 fnt
|faint|p2a: Iron Crown
|-end|p2a: Iron Crown|Quark Drive|[silent]
|
|upkeep
|inactive|Klopple has 120 seconds left.
|
|t:|1781153529
|switch|p2a: Gliscor|Gliscor, F|100/100
|-damage|p2a: Gliscor|88/100|[from] Stealth Rock
|turn|14
|inactive|mongwong has 120 seconds left.
|
|t:|1781153534
|switch|p1a: Hawlucha|Hawlucha, F|20/100
|move|p2a: Gliscor|Earthquake|p1a: Hawlucha
|-immune|p1a: Hawlucha
|
|-status|p2a: Gliscor|tox|[from] item: Toxic Orb
|upkeep
|turn|15
|
|t:|1781153546
|move|p1a: Hawlucha|Acrobatics|p2a: Gliscor
|-damage|p2a: Gliscor|47/100 tox
|move|p2a: Gliscor|Stealth Rock|p1a: Hawlucha
|-sidestart|p1: mongwong|move: Stealth Rock
|
|-heal|p2a: Gliscor|59/100 tox|[from] ability: Poison Heal
|upkeep
|turn|16
|
|t:|1781153557
|switch|p2a: Dragonite|Dragonite, F|100/100
|move|p1a: Hawlucha|Acrobatics|p2a: Dragonite
|-damage|p2a: Dragonite|77/100
|
|upkeep
|turn|17
|
|t:|1781153563
|move|p2a: Dragonite|Extreme Speed|p1a: Hawlucha
|-damage|p1a: Hawlucha|0 fnt
|faint|p1a: Hawlucha
|
|upkeep
|
|t:|1781153565
|switch|p1a: Indeedee|Indeedee, M|32/100
|-damage|p1a: Indeedee|20/100|[from] Stealth Rock
|-fieldstart|move: Psychic Terrain|[from] ability: Psychic Surge|[of] p1a: Indeedee
|turn|18
|
|t:|1781153569
|move|p1a: Indeedee|Encore|p2a: Dragonite
|-start|p2a: Dragonite|Encore
|move|p2a: Dragonite|Extreme Speed|p1a: Indeedee
|-damage|p1a: Indeedee|0 fnt
|faint|p1a: Indeedee
|
|upkeep
|
|t:|1781153570
|switch|p1a: Polteageist|Polteageist-Antique|100/100
|-damage|p1a: Polteageist|88/100|[from] Stealth Rock
|turn|19
|
|t:|1781153583
|switch|p2a: Gliscor|Gliscor, F|59/100 tox
|-damage|p2a: Gliscor|47/100 tox|[from] Stealth Rock
|move|p1a: Polteageist|Shell Smash|p1a: Polteageist
|-unboost|p1a: Polteageist|def|1
|-unboost|p1a: Polteageist|spd|1
|-boost|p1a: Polteageist|atk|2
|-boost|p1a: Polteageist|spa|2
|-boost|p1a: Polteageist|spe|2
|
|-heal|p2a: Gliscor|59/100 tox|[from] ability: Poison Heal
|upkeep
|turn|20
|
|t:|1781153593
|move|p1a: Polteageist|Stored Power|p2a: Gliscor
|-damage|p2a: Gliscor|0 fnt
|faint|p2a: Gliscor
|
|upkeep
|
|t:|1781153606
|switch|p2a: Arboliva|Arboliva, F|19/100
|-damage|p2a: Arboliva|6/100|[from] Stealth Rock
|turn|21
|-enditem|p2a: Arboliva|Custap Berry|[eat]
|-activate|p2a: Arboliva|item: Custap Berry|[consumed]
|
|t:|1781153612
|move|p2a: Arboliva|Energy Ball|p1a: Polteageist
|-damage|p1a: Polteageist|0 fnt
|faint|p1a: Polteageist
|
|-item|p2a: Arboliva|Custap Berry|[from] ability: Harvest
|upkeep
|
|t:|1781153617
|switch|p1a: Iron Valiant|Iron Valiant|100/100
|-damage|p1a: Iron Valiant|94/100|[from] Stealth Rock
|-enditem|p1a: Iron Valiant|Booster Energy
|-activate|p1a: Iron Valiant|ability: Quark Drive|[fromitem]
|-start|p1a: Iron Valiant|quarkdrivespe
|turn|22
|-enditem|p2a: Arboliva|Custap Berry|[eat]
|-activate|p2a: Arboliva|item: Custap Berry|[consumed]
|
|t:|1781153628
|-terastallize|p2a: Arboliva|Fairy
|move|p2a: Arboliva|Alluring Voice|p1a: Iron Valiant
|-supereffective|p1a: Iron Valiant
|-damage|p1a: Iron Valiant|0 fnt
|faint|p1a: Iron Valiant
|-end|p1a: Iron Valiant|Quark Drive|[silent]
|
|-item|p2a: Arboliva|Custap Berry|[from] ability: Harvest
|upkeep
|-message|mongwong forfeited.
|
|win|Klopple
|raw|mongwong's rating: 1642 &rarr; <strong>1620</strong><br />(-22 for losing)
|raw|Klopple's rating: 1602 &rarr; <strong>1624</strong><br />(+22 for winning)
|l|☆mongwong
|player|p1|
|l|☆Klopple
|player|p2|
