|j|☆stone xo
|j|☆eros maniac
|t:|1781541432
|gametype|singles
|player|p1|stone xo|169|1659
|player|p2|eros maniac|hilbert-wonderlauncher|1682
|gen|9
|tier|[Gen 9] OU
|rated|
|rule|HP Percentage Mod: HP is shown in percentages
|rule|Endless Battle Clause: Forcing endless battles is banned
|rule|Species Clause: Limit one of each Pokémon
|rule|OHKO Clause: OHKO moves are banned
|rule|Evasion Items Clause: Evasion items are banned
|rule|Evasion Moves Clause: Evasion moves are banned
|rule|Evasion Abilities Clause: Evasion abilities are banned
|rule|Sleep Moves Clause: Sleep-inducing moves are banned
|clearpoke
|poke|p1|Grimmsnarl, M|
|poke|p1|Zamazenta-*|
|poke|p1|Iron Crown|
|poke|p1|Raging Bolt|
|poke|p1|Ogerpon-Wellspring, F|
|poke|p1|Glimmora, F|
|poke|p2|Frosmoth, F|
|poke|p2|Maushold-Four|
|poke|p2|Krookodile, M|
|poke|p2|Sinistcha|
|poke|p2|Alomomola, F|
|poke|p2|Weezing-Galar, F|
|teampreview
|inactive|Battle timer is ON: inactive players will automatically lose when time's up. (requested by eros maniac)
|
|t:|1781541439
|teamsize|p1|6
|teamsize|p2|6
|start
|switch|p1a: Grimmsnarl|Grimmsnarl, M|100/100
|switch|p2a: Krookodile|Krookodile, M|100/100
|-ability|p2a: Krookodile|Intimidate|boost
|-unboost|p1a: Grimmsnarl|atk|1
|turn|1
|
|t:|1781541446
|move|p1a: Grimmsnarl|Reflect|p1a: Grimmsnarl
|-sidestart|p1: stone xo|Reflect
|move|p2a: Krookodile|Stealth Rock|p1a: Grimmsnarl
|-sidestart|p1: stone xo|move: Stealth Rock
|
|upkeep
|turn|2
|
|t:|1781541456
|switch|p2a: Maushold|Maushold-Four|100/100
|switch|p1a: Ogerpon|Ogerpon-Wellspring, F|100/100
|-damage|p1a: Ogerpon|88/100|[from] Stealth Rock
|
|upkeep
|turn|3
|
|t:|1781541461
|move|p2a: Maushold|Population Bomb|p1a: Ogerpon
|-damage|p1a: Ogerpon|81/100
|-damage|p1a: Ogerpon|73/100
|-damage|p1a: Ogerpon|67/100
|-damage|p1a: Ogerpon|60/100
|-damage|p1a: Ogerpon|52/100
|-damage|p1a: Ogerpon|45/100
|-damage|p1a: Ogerpon|38/100
|-damage|p1a: Ogerpon|30/100
|-damage|p1a: Ogerpon|23/100
|-damage|p1a: Ogerpon|15/100
|-hitcount|p1a: Ogerpon|10
|move|p1a: Ogerpon|Ivy Cudgel|p2a: Maushold|[anim] Ivy Cudgel Water
|-damage|p2a: Maushold|8/100
|
|upkeep
|turn|4
|
|t:|1781541473
|switch|p1a: Glimmora|Glimmora, F|100/100
|-damage|p1a: Glimmora|88/100|[from] Stealth Rock
|move|p2a: Maushold|Population Bomb|p1a: Glimmora
|-resisted|p1a: Glimmora
|-damage|p1a: Glimmora|86/100
|-activate|p1a: Glimmora|ability: Toxic Debris
|-sidestart|p2: eros maniac|move: Toxic Spikes
|-resisted|p1a: Glimmora
|-damage|p1a: Glimmora|84/100
|-activate|p1a: Glimmora|ability: Toxic Debris
|-sidestart|p2: eros maniac|move: Toxic Spikes
|-resisted|p1a: Glimmora
|-damage|p1a: Glimmora|82/100
|-resisted|p1a: Glimmora
|-damage|p1a: Glimmora|80/100
|-resisted|p1a: Glimmora
|-damage|p1a: Glimmora|78/100
|-resisted|p1a: Glimmora
|-damage|p1a: Glimmora|76/100
|-resisted|p1a: Glimmora
|-damage|p1a: Glimmora|74/100
|-resisted|p1a: Glimmora
|-damage|p1a: Glimmora|72/100
|-resisted|p1a: Glimmora
|-damage|p1a: Glimmora|70/100
|-resisted|p1a: Glimmora
|-damage|p1a: Glimmora|68/100
|-hitcount|p1a: Glimmora|10
|-enditem|p1a: Glimmora|Red Card|[of] p2a: Maushold
|drag|p2a: Weezing|Weezing-Galar, F|100/100
|-ability|p2a: Weezing|Neutralizing Gas
|-sideend|p2: eros maniac|move: Toxic Spikes|[of] p2a: Weezing
|
|upkeep
|turn|5
|
|t:|1781541489
|-end|p2a: Weezing|ability: Neutralizing Gas
|switch|p2a: Krookodile|Krookodile, M|100/100
|-ability|p2a: Krookodile|Intimidate|boost
|-unboost|p1a: Glimmora|atk|1
|move|p1a: Glimmora|Stealth Rock|p2a: Krookodile
|-sidestart|p2: eros maniac|move: Stealth Rock
|
|upkeep
|turn|6
|
|t:|1781541497
|switch|p1a: Grimmsnarl|Grimmsnarl, M|100/100
|-damage|p1a: Grimmsnarl|88/100|[from] Stealth Rock
|move|p2a: Krookodile|Earthquake|p1a: Grimmsnarl
|-damage|p1a: Grimmsnarl|47/100
|
|upkeep
|turn|7
|
|t:|1781541506
|switch|p1a: Ogerpon|Ogerpon-Wellspring, F|15/100
|-damage|p1a: Ogerpon|3/100|[from] Stealth Rock
|move|p2a: Krookodile|Earthquake|p1a: Ogerpon
|-resisted|p1a: Ogerpon
|-damage|p1a: Ogerpon|0 fnt
|faint|p1a: Ogerpon
|
|upkeep
|
|t:|1781541514
|switch|p1a: Zamazenta|Zamazenta|100/100
|-damage|p1a: Zamazenta|94/100|[from] Stealth Rock
|-ability|p1a: Zamazenta|Dauntless Shield|boost
|-boost|p1a: Zamazenta|def|1
|turn|8
|
|t:|1781541520
|switch|p2a: Weezing|Weezing-Galar, F|100/100
|-ability|p2a: Weezing|Neutralizing Gas
|-damage|p2a: Weezing|88/100|[from] Stealth Rock
|move|p1a: Zamazenta|Substitute|p1a: Zamazenta
|-start|p1a: Zamazenta|Substitute
|-damage|p1a: Zamazenta|69/100
|
|-heal|p1a: Zamazenta|75/100|[from] item: Leftovers
|-sideend|p1: stone xo|Reflect
|upkeep
|turn|9
|
|t:|1781541528
|move|p1a: Zamazenta|Crunch|p2a: Weezing
|-resisted|p2a: Weezing
|-damage|p2a: Weezing|80/100
|move|p2a: Weezing|Defog|p1a: Zamazenta
|-sideend|p1: stone xo|Stealth Rock|[from] move: Defog|[of] p2a: Weezing
|-sideend|p2: eros maniac|Stealth Rock|[from] move: Defog|[of] p2a: Weezing
|
|-heal|p1a: Zamazenta|82/100|[from] item: Leftovers
|upkeep
|turn|10
|
|t:|1781541534
|switch|p1a: Glimmora|Glimmora, F|68/100
|move|p2a: Weezing|Strange Steam|p1a: Glimmora
|-resisted|p1a: Glimmora
|-damage|p1a: Glimmora|52/100
|-start|p1a: Glimmora|confusion
|
|upkeep
|turn|11
|
|t:|1781541544
|-end|p2a: Weezing|ability: Neutralizing Gas
|switch|p2a: Maushold|Maushold-Four|8/100
|-activate|p1a: Glimmora|confusion
|-damage|p1a: Glimmora|48/100|[from] confusion
|
|upkeep
|turn|12
|
|t:|1781541551
|move|p2a: Maushold|Population Bomb|p1a: Glimmora
|-resisted|p1a: Glimmora
|-damage|p1a: Glimmora|44/100
|-activate|p1a: Glimmora|ability: Toxic Debris
|-sidestart|p2: eros maniac|move: Toxic Spikes
|-resisted|p1a: Glimmora
|-damage|p1a: Glimmora|39/100
|-activate|p1a: Glimmora|ability: Toxic Debris
|-sidestart|p2: eros maniac|move: Toxic Spikes
|-resisted|p1a: Glimmora
|-damage|p1a: Glimmora|35/100
|-resisted|p1a: Glimmora
|-damage|p1a: Glimmora|31/100
|-resisted|p1a: Glimmora
|-damage|p1a: Glimmora|27/100
|-resisted|p1a: Glimmora
|-damage|p1a: Glimmora|22/100
|-resisted|p1a: Glimmora
|-damage|p1a: Glimmora|18/100
|-resisted|p1a: Glimmora
|-damage|p1a: Glimmora|14/100
|-resisted|p1a: Glimmora
|-damage|p1a: Glimmora|9/100
|-resisted|p1a: Glimmora
|-damage|p1a: Glimmora|5/100
|-hitcount|p1a: Glimmora|10
|-activate|p1a: Glimmora|confusion
|-damage|p1a: Glimmora|1/100|[from] confusion
|
|upkeep
|turn|13
|c|☆stone xo|gg
|-message|stone xo forfeited.
|
|win|eros maniac
|raw|stone xo's rating: 1659 &rarr; <strong>1640</strong><br />(-19 for losing)
|raw|eros maniac's rating: 1682 &rarr; <strong>1701</strong><br />(+19 for winning)
|l|☆stone xo
|player|p1|
|c|☆eros maniac|Gg
|l|☆eros maniac
|player|p2|
