|j|☆team10thPlanet
|j|☆kshuaib734
|t:|1781045632
|gametype|singles
|player|p1|team10thPlanet|veteran|1677
|player|p2|kshuaib734|steven|1700
|gen|9
|tier|[Gen 9] OU
|rated|
|rule|HP Percentage Mod: HP is shown in percentages
|rule|Endless Battle Clause: Forcing endless battles is banned
|rule|Species Clause: Limit one of each Pokémon
|rule|OHKO Clause: OHKO moves are banned
|rule|Evasion Items Clause: Evasion items are banned
|rule|Evasion Moves Clause: Evasion moves are banned
|rule|Evasion Abilities Clause: Evasion abilities are banned
|rule|Sleep Moves Clause: Sleep-inducing moves are banned
|clearpoke
|poke|p1|Zamazenta-*|
|poke|p1|Dragonite, M|
|poke|p1|Araquanid, M|
|poke|p1|Iron Treads|
|poke|p1|Hoopa-Unbound|
|poke|p1|Gholdengo|
|poke|p2|Tyranitar, M|
|poke|p2|Dragapult, F|
|poke|p2|Pelipper, F|
|poke|p2|Quaquaval, M|
|poke|p2|Kingdra, F|
|poke|p2|Excadrill, M|
|teampreview
|inactive|Battle timer is ON: inactive players will automatically lose when time's up. (requested by kshuaib734)
|inactive|team10thPlanet has 120 seconds left.
|
|t:|1781045675
|teamsize|p1|6
|teamsize|p2|6
|start
|switch|p1a: Hoopa|Hoopa-Unbound|100/100
|switch|p2a: Tyrant's Downpour|Pelipper, F|100/100
|-weather|RainDance|[from] ability: Drizzle|[of] p2a: Tyrant's Downpour
|turn|1
|
|t:|1781045683
|move|p1a: Hoopa|Thunderbolt|p2a: Tyrant's Downpour
|-supereffective|p2a: Tyrant's Downpour
|-damage|p2a: Tyrant's Downpour|0 fnt
|faint|p2a: Tyrant's Downpour
|
|-weather|RainDance|[upkeep]
|upkeep
|
|t:|1781045690
|switch|p2a: Tyrant's Enforcer|Dragapult, F|100/100
|turn|2
|
|t:|1781045712
|switch|p1a: Johnny Tsunami 🌊|Araquanid, M|100/100
|move|p2a: Tyrant's Enforcer|Dragon Darts|p1a: Johnny Tsunami 🌊
|-damage|p1a: Johnny Tsunami 🌊|63/100
|-anim|p2a: Tyrant's Enforcer|Dragon Darts|p1a: Johnny Tsunami 🌊
|-damage|p1a: Johnny Tsunami 🌊|23/100
|-damage|p2a: Tyrant's Enforcer|91/100|[from] item: Life Orb
|
|-weather|RainDance|[upkeep]
|upkeep
|turn|3
|-enditem|p1a: Johnny Tsunami 🌊|Custap Berry|[eat]
|-activate|p1a: Johnny Tsunami 🌊|item: Custap Berry|[consumed]
|
|t:|1781045731
|move|p1a: Johnny Tsunami 🌊|Sticky Web|p2a: Tyrant's Enforcer
|-sidestart|p2: kshuaib734|move: Sticky Web
|move|p2a: Tyrant's Enforcer|Dragon Darts|p1a: Johnny Tsunami 🌊
|-damage|p1a: Johnny Tsunami 🌊|0 fnt
|faint|p1a: Johnny Tsunami 🌊
|-damage|p2a: Tyrant's Enforcer|81/100|[from] item: Life Orb
|
|-weather|RainDance|[upkeep]
|upkeep
|inactive|team10thPlanet has 120 seconds left.
|
|t:|1781045742
|switch|p1a: Iron Treads|Iron Treads|100/100
|-enditem|p1a: Iron Treads|Booster Energy
|-activate|p1a: Iron Treads|ability: Quark Drive|[fromitem]
|-start|p1a: Iron Treads|quarkdrivespe
|turn|4
|inactive|team10thPlanet has 120 seconds left.
|
|t:|1781045759
|move|p1a: Iron Treads|Earthquake|p2a: Tyrant's Enforcer
|-damage|p2a: Tyrant's Enforcer|14/100
|move|p2a: Tyrant's Enforcer|Dragon Darts|p1a: Iron Treads
|-resisted|p1a: Iron Treads
|-damage|p1a: Iron Treads|86/100
|-anim|p2a: Tyrant's Enforcer|Dragon Darts|p1a: Iron Treads
|-resisted|p1a: Iron Treads
|-damage|p1a: Iron Treads|68/100
|-damage|p2a: Tyrant's Enforcer|4/100|[from] item: Life Orb
|
|-weather|RainDance|[upkeep]
|upkeep
|turn|5
|inactive|team10thPlanet has 120 seconds left.
|
|t:|1781045776
|move|p2a: Tyrant's Enforcer|Sucker Punch|p1a: Iron Treads
|-damage|p1a: Iron Treads|37/100
|-damage|p2a: Tyrant's Enforcer|0 fnt|[from] item: Life Orb
|faint|p2a: Tyrant's Enforcer
|move|p1a: Iron Treads|Earthquake|p2: Tyrant's Enforcer|[notarget]
|-fail|p1a: Iron Treads
|
|-weather|RainDance|[upkeep]
|upkeep
|
|t:|1781045791
|switch|p2a: Tyrant's Vengeance|Kingdra, F|100/100
|-activate|p2a: Tyrant's Vengeance|move: Sticky Web
|-unboost|p2a: Tyrant's Vengeance|spe|1
|turn|6
|inactive|team10thPlanet has 120 seconds left.
|
|t:|1781045805
|move|p1a: Iron Treads|Endeavor|p2a: Tyrant's Vengeance
|-damage|p2a: Tyrant's Vengeance|41/100
|move|p2a: Tyrant's Vengeance|Weather Ball|p1a: Iron Treads
|-supereffective|p1a: Iron Treads
|-crit|p1a: Iron Treads
|-damage|p1a: Iron Treads|0 fnt
|faint|p1a: Iron Treads
|-end|p1a: Iron Treads|Quark Drive|[silent]
|
|-weather|RainDance|[upkeep]
|upkeep
|j| SilverDE
|l| SilverDE
|
|t:|1781045833
|switch|p1a: Fat Boy|Dragonite, M, shiny|100/100
|turn|7
|
|t:|1781045841
|move|p2a: Tyrant's Vengeance|Weather Ball|p1a: Fat Boy
|-resisted|p1a: Fat Boy
|-damage|p1a: Fat Boy|78/100
|move|p1a: Fat Boy|Outrage|p2a: Tyrant's Vengeance
|-supereffective|p2a: Tyrant's Vengeance
|-damage|p2a: Tyrant's Vengeance|0 fnt
|faint|p2a: Tyrant's Vengeance
|
|-weather|RainDance|[upkeep]
|upkeep
|
|t:|1781045851
|switch|p2a: King Tyrant|Tyranitar, M|100/100
|-activate|p2a: King Tyrant|move: Sticky Web
|-unboost|p2a: King Tyrant|spe|1
|-weather|Sandstorm|[from] ability: Sand Stream|[of] p2a: King Tyrant
|turn|8
|
|t:|1781045862
|move|p1a: Fat Boy|Outrage|p2a: King Tyrant|[from] lockedmove
|-damage|p2a: King Tyrant|37/100
|-start|p1a: Fat Boy|confusion|[fatigue]
|move|p2a: King Tyrant|Ice Beam|p1a: Fat Boy
|-supereffective|p1a: Fat Boy
|-damage|p1a: Fat Boy|0 fnt
|faint|p1a: Fat Boy
|
|-weather|Sandstorm|[upkeep]
|upkeep
|inactive|team10thPlanet has 90 seconds left.
|
|t:|1781045903
|switch|p1a: Zamazenta|Zamazenta|100/100
|-ability|p1a: Zamazenta|Dauntless Shield|boost
|-boost|p1a: Zamazenta|def|1
|turn|9
|
|t:|1781045909
|move|p1a: Zamazenta|Close Combat|p2a: King Tyrant
|-supereffective|p2a: King Tyrant
|-damage|p2a: King Tyrant|0 fnt
|-unboost|p1a: Zamazenta|def|1
|-unboost|p1a: Zamazenta|spd|1
|faint|p2a: King Tyrant
|-damage|p1a: Zamazenta|91/100|[from] item: Life Orb
|
|-weather|Sandstorm|[upkeep]
|-damage|p1a: Zamazenta|85/100|[from] Sandstorm
|upkeep
|
|t:|1781045917
|switch|p2a: Tyrant's Legacy|Excadrill, M|100/100
|-activate|p2a: Tyrant's Legacy|move: Sticky Web
|-unboost|p2a: Tyrant's Legacy|spe|1
|turn|10
|inactive|team10thPlanet has 90 seconds left.
|
|t:|1781045943
|switch|p1a: Gholdengo|Gholdengo|100/100
|move|p2a: Tyrant's Legacy|Iron Head|p1a: Gholdengo
|-resisted|p1a: Gholdengo
|-damage|p1a: Gholdengo|68/100
|-damage|p2a: Tyrant's Legacy|91/100|[from] item: Life Orb
|
|-weather|Sandstorm|[upkeep]
|upkeep
|turn|11
|
|t:|1781045958
|move|p1a: Gholdengo|Shadow Ball|p2a: Tyrant's Legacy
|-damage|p2a: Tyrant's Legacy|30/100
|move|p2a: Tyrant's Legacy|Iron Head|p1a: Gholdengo
|-resisted|p1a: Gholdengo
|-damage|p1a: Gholdengo|34/100
|-damage|p2a: Tyrant's Legacy|20/100|[from] item: Life Orb
|
|-weather|Sandstorm|[upkeep]
|upkeep
|turn|12
|
|t:|1781045968
|move|p1a: Gholdengo|Shadow Ball|p2a: Tyrant's Legacy
|-damage|p2a: Tyrant's Legacy|0 fnt
|faint|p2a: Tyrant's Legacy
|
|-weather|none
|upkeep
|
|t:|1781045974
|switch|p2a: Tyrant's Endgame|Quaquaval, M|100/100
|-activate|p2a: Tyrant's Endgame|move: Sticky Web
|-unboost|p2a: Tyrant's Endgame|spe|1
|turn|13
|inactive|team10thPlanet has 60 seconds left.
|
|t:|1781046004
|-terastallize|p2a: Tyrant's Endgame|Water
|move|p2a: Tyrant's Endgame|Aqua Jet|p1a: Gholdengo
|-damage|p1a: Gholdengo|0 fnt
|faint|p1a: Gholdengo
|-ability|p2a: Tyrant's Endgame|Moxie|boost
|-boost|p2a: Tyrant's Endgame|atk|1
|
|upkeep
|
|t:|1781046015
|switch|p1a: Hoopa|Hoopa-Unbound|100/100
|turn|14
|
|t:|1781046020
|move|p2a: Tyrant's Endgame|Aqua Jet|p1a: Hoopa
|-damage|p1a: Hoopa|5/100
|move|p1a: Hoopa|Thunderbolt|p2a: Tyrant's Endgame
|-supereffective|p2a: Tyrant's Endgame
|-damage|p2a: Tyrant's Endgame|2/100
|
|upkeep
|turn|15
|
|t:|1781046029
|move|p2a: Tyrant's Endgame|Aqua Jet|p1a: Hoopa
|-damage|p1a: Hoopa|0 fnt
|faint|p1a: Hoopa
|-ability|p2a: Tyrant's Endgame|Moxie|boost
|-boost|p2a: Tyrant's Endgame|atk|1
|
|upkeep
|
|t:|1781046035
|switch|p1a: Zamazenta|Zamazenta|85/100
|turn|16
|
|t:|1781046040
|move|p2a: Tyrant's Endgame|Aqua Jet|p1a: Zamazenta
|-damage|p1a: Zamazenta|24/100
|move|p1a: Zamazenta|Crunch|p2a: Tyrant's Endgame
|-damage|p2a: Tyrant's Endgame|0 fnt
|faint|p2a: Tyrant's Endgame
|-damage|p1a: Zamazenta|14/100|[from] item: Life Orb
|
|win|team10thPlanet
|raw|team10thPlanet's rating: 1677 &rarr; <strong>1698</strong><br />(+21 for winning)
|raw|kshuaib734's rating: 1700 &rarr; <strong>1679</strong><br />(-21 for losing)
|l|☆kshuaib734
|player|p2|
|l|☆team10thPlanet
|player|p1|
