|j|☆m5322
|j|☆CoolMeDownB
|t:|1781589955
|gametype|singles
|player|p1|m5322|266|1570
|player|p2|CoolMeDownB|crasherwake|1663
|gen|9
|tier|[Gen 9] OU
|rated|
|rule|HP Percentage Mod: HP is shown in percentages
|rule|Endless Battle Clause: Forcing endless battles is banned
|rule|Species Clause: Limit one of each Pokémon
|rule|OHKO Clause: OHKO moves are banned
|rule|Evasion Items Clause: Evasion items are banned
|rule|Evasion Moves Clause: Evasion moves are banned
|rule|Evasion Abilities Clause: Evasion abilities are banned
|rule|Sleep Moves Clause: Sleep-inducing moves are banned
|clearpoke
|poke|p1|Weezing-Galar, F|
|poke|p1|Alomomola, M|
|poke|p1|Iron Treads|
|poke|p1|Tornadus-Therian, M|
|poke|p1|Zamazenta-*|
|poke|p1|Lokix, F|
|poke|p2|Samurott-Hisui, F|
|poke|p2|Pelipper, F|
|poke|p2|Basculegion-F, F|
|poke|p2|Great Tusk|
|poke|p2|Kingambit, M|
|poke|p2|Slowking-Galar, M|
|teampreview
|c|☆CoolMeDownB|gl
|inactive|Battle timer is ON: inactive players will automatically lose when time's up. (requested by m5322)
|
|t:|1781589969
|teamsize|p1|6
|teamsize|p2|6
|start
|switch|p1a: Lokix|Lokix, F|100/100
|switch|p2a: big head|Slowking-Galar, M, shiny|100/100
|turn|1
|
|t:|1781589981
|switch|p2a: big guy|Great Tusk, shiny|100/100
|move|p1a: Lokix|Knock Off|p2a: big guy
|-resisted|p2a: big guy
|-damage|p2a: big guy|59/100
|-enditem|p2a: big guy|Covert Cloak|[from] move: Knock Off|[of] p1a: Lokix
|
|upkeep
|turn|2
|
|t:|1781589987
|switch|p1a: Alomomola|Alomomola, M|100/100
|move|p2a: big guy|Knock Off|p1a: Alomomola
|-damage|p1a: Alomomola|82/100
|-damage|p2a: big guy|42/100|[from] item: Rocky Helmet|[of] p1a: Alomomola
|-enditem|p1a: Alomomola|Rocky Helmet|[from] move: Knock Off|[of] p2a: big guy
|
|upkeep
|turn|3
|
|t:|1781589993
|-end|p2a: big guy|Protosynthesis|[silent]
|switch|p2a: best mon|Samurott-Hisui, F, shiny|100/100
|move|p1a: Alomomola|Flip Turn|p2a: best mon
|-resisted|p2a: best mon
|-damage|p2a: best mon|94/100
|-damage|p1a: Alomomola|65/100|[from] item: Rocky Helmet|[of] p2a: best mon
|
|t:|1781589995
|switch|p1a: Lokix|Lokix, F|100/100|[from] Flip Turn
|
|upkeep
|turn|4
|
|t:|1781589999
|-terastallize|p2a: best mon|Fairy
|move|p1a: Lokix|U-turn|p2a: best mon
|-resisted|p2a: best mon
|-damage|p2a: best mon|51/100
|-damage|p1a: Lokix|84/100|[from] item: Rocky Helmet|[of] p2a: best mon
|
|t:|1781590004
|switch|p1a: Weezing|Weezing-Galar, F|100/100|[from] U-turn
|-ability|p1a: Weezing|Neutralizing Gas
|move|p2a: best mon|Razor Shell|p1a: Weezing
|-damage|p1a: Weezing|82/100
|
|-heal|p1a: Weezing|88/100|[from] item: Leftovers
|upkeep
|turn|5
|
|t:|1781590011
|switch|p2a: big head|Slowking-Galar, M, shiny|100/100
|move|p1a: Weezing|Will-O-Wisp|p2a: big head
|-status|p2a: big head|brn
|
|-heal|p1a: Weezing|94/100|[from] item: Leftovers
|-damage|p2a: big head|94/100 brn|[from] brn
|upkeep
|turn|6
|
|t:|1781590018
|-end|p1a: Weezing|ability: Neutralizing Gas
|switch|p1a: Tornadus|Tornadus-Therian, M|100/100
|move|p2a: big head|Future Sight|p1a: Tornadus
|-start|p2a: big head|move: Future Sight
|
|-damage|p2a: big head|88/100 brn|[from] brn
|upkeep
|turn|7
|
|t:|1781590021
|move|p1a: Tornadus|Knock Off|p2a: big head
|-supereffective|p2a: big head
|-damage|p2a: big head|52/100 brn
|-enditem|p2a: big head|Assault Vest|[from] move: Knock Off|[of] p1a: Tornadus
|move|p2a: big head|Sludge Bomb|p1a: Tornadus
|-damage|p1a: Tornadus|79/100
|
|-damage|p2a: big head|46/100 brn|[from] brn
|upkeep
|turn|8
|
|t:|1781590034
|move|p1a: Tornadus|Bleakwind Storm|p2a: big head|[miss]
|-miss|p1a: Tornadus|p2a: big head
|move|p2a: big head|Surf|p1a: Tornadus
|-damage|p1a: Tornadus|63/100
|
|-end|p1a: Tornadus|move: Future Sight
|-damage|p1a: Tornadus|31/100
|-damage|p2a: big head|40/100 brn|[from] brn
|upkeep
|turn|9
|
|t:|1781590038
|move|p1a: Tornadus|U-turn|p2a: big head
|-damage|p2a: big head|25/100 brn
|
|t:|1781590043
|switch|p1a: Weezing|Weezing-Galar, F|94/100|[from] U-turn
|-ability|p1a: Weezing|Neutralizing Gas
|move|p2a: big head|Sludge Bomb|p1a: Weezing
|-damage|p1a: Weezing|49/100
|
|-heal|p1a: Weezing|55/100|[from] item: Leftovers
|-damage|p2a: big head|19/100 brn|[from] brn
|upkeep
|turn|10
|
|t:|1781590049
|move|p1a: Weezing|Protect|p1a: Weezing
|-singleturn|p1a: Weezing|Protect
|move|p2a: big head|Sludge Bomb|p1a: Weezing
|-activate|p1a: Weezing|move: Protect
|
|-heal|p1a: Weezing|61/100|[from] item: Leftovers
|-damage|p2a: big head|13/100 brn|[from] brn
|upkeep
|turn|11
|
|t:|1781590059
|-end|p1a: Weezing|ability: Neutralizing Gas
|switch|p1a: Iron Treads|Iron Treads|100/100
|move|p2a: big head|Eerie Spell|p1a: Iron Treads
|-resisted|p1a: Iron Treads
|-damage|p1a: Iron Treads|85/100
|
|-heal|p1a: Iron Treads|91/100|[from] item: Leftovers
|-damage|p2a: big head|7/100 brn|[from] brn
|upkeep
|turn|12
|
|t:|1781590065
|switch|p2a: big guy|Great Tusk, shiny|42/100
|move|p1a: Iron Treads|Stealth Rock|p2a: big guy
|-sidestart|p2: CoolMeDownB|move: Stealth Rock
|
|-heal|p1a: Iron Treads|97/100|[from] item: Leftovers
|upkeep
|turn|13
|
|t:|1781590071
|-end|p1a: Iron Treads|Quark Drive|[silent]
|switch|p1a: Alomomola|Alomomola, M|98/100
|move|p2a: big guy|Rapid Spin|p1a: Alomomola
|-crit|p1a: Alomomola
|-damage|p1a: Alomomola|83/100
|-boost|p2a: big guy|spe|1
|-sideend|p2: CoolMeDownB|Stealth Rock|[from] move: Rapid Spin|[of] p2a: big guy
|
|upkeep
|turn|14
|
|t:|1781590076
|-end|p2a: big guy|Protosynthesis|[silent]
|switch|p2a: best mon|Samurott-Hisui, F, shiny, tera:Fairy|51/100
|move|p1a: Alomomola|Flip Turn|p2a: best mon
|-damage|p2a: best mon|38/100
|-damage|p1a: Alomomola|66/100|[from] item: Rocky Helmet|[of] p2a: best mon
|
|t:|1781590085
|switch|p1a: Lokix|Lokix, F|84/100|[from] Flip Turn
|
|upkeep
|turn|15
|
|t:|1781590089
|switch|p2a: big guy|Great Tusk, shiny|42/100
|move|p1a: Lokix|U-turn|p2a: big guy
|-resisted|p2a: big guy
|-damage|p2a: big guy|10/100
|
|t:|1781590097
|switch|p1a: Tornadus|Tornadus-Therian, M|64/100|[from] U-turn
|
|upkeep
|turn|16
|
|t:|1781590103
|-end|p2a: big guy|Protosynthesis|[silent]
|switch|p2a: brb sacking 5|Kingambit, M, shiny|100/100
|move|p1a: Tornadus|Bleakwind Storm|p2a: brb sacking 5
|-resisted|p2a: brb sacking 5
|-damage|p2a: brb sacking 5|81/100
|-unboost|p2a: brb sacking 5|spe|1
|
|upkeep
|turn|17
|
|t:|1781590109
|move|p1a: Tornadus|Heat Wave|p2a: brb sacking 5
|-supereffective|p2a: brb sacking 5
|-damage|p2a: brb sacking 5|34/100
|move|p2a: brb sacking 5|Iron Head|p1a: Tornadus
|-damage|p1a: Tornadus|10/100
|
|upkeep
|turn|18
|
|t:|1781590116
|switch|p1a: Alomomola|Alomomola, M|99/100
|move|p2a: brb sacking 5|Kowtow Cleave|p1a: Alomomola
|-damage|p1a: Alomomola|67/100
|
|upkeep
|turn|19
|
|t:|1781590119
|move|p1a: Alomomola|Flip Turn|p2a: brb sacking 5
|-damage|p2a: brb sacking 5|23/100
|
|t:|1781590122
|switch|p1a: Iron Treads|Iron Treads|97/100|[from] Flip Turn
|move|p2a: brb sacking 5|Swords Dance|p2a: brb sacking 5
|-boost|p2a: brb sacking 5|atk|2
|
|-heal|p1a: Iron Treads|100/100|[from] item: Leftovers
|upkeep
|turn|20
|
|t:|1781590130
|move|p2a: brb sacking 5|Sucker Punch|p1a: Iron Treads
|-damage|p1a: Iron Treads|30/100
|move|p1a: Iron Treads|Earthquake|p2a: brb sacking 5
|-supereffective|p2a: brb sacking 5
|-damage|p2a: brb sacking 5|0 fnt
|faint|p2a: brb sacking 5
|-end|p2a: brb sacking 5|fallenundefined|[silent]
|
|-heal|p1a: Iron Treads|36/100|[from] item: Leftovers
|upkeep
|
|t:|1781590136
|switch|p2a: the drizzler|Pelipper, F|100/100
|-weather|RainDance|[from] ability: Drizzle|[of] p2a: the drizzler
|turn|21
|
|t:|1781590141
|move|p1a: Iron Treads|Stealth Rock|p2a: the drizzler
|-sidestart|p2: CoolMeDownB|move: Stealth Rock
|move|p2a: the drizzler|U-turn|p1a: Iron Treads
|-resisted|p1a: Iron Treads
|-damage|p1a: Iron Treads|32/100
|
|t:|1781590143
|switch|p2a: death fish|Basculegion-F, F|100/100|[from] U-turn
|-damage|p2a: death fish|88/100|[from] Stealth Rock
|
|-weather|RainDance|[upkeep]
|-heal|p1a: Iron Treads|39/100|[from] item: Leftovers
|upkeep
|turn|22
|
|t:|1781590151
|move|p2a: death fish|Surf|p1a: Iron Treads
|-supereffective|p1a: Iron Treads
|-damage|p1a: Iron Treads|0 fnt
|faint|p1a: Iron Treads
|-end|p1a: Iron Treads|Quark Drive|[silent]
|
|-weather|RainDance|[upkeep]
|upkeep
|
|t:|1781590153
|switch|p1a: Alomomola|Alomomola, M|99/100
|turn|23
|
|t:|1781590156
|move|p1a: Alomomola|Protect|p1a: Alomomola
|-singleturn|p1a: Alomomola|Protect
|move|p2a: death fish|Substitute|p2a: death fish
|-start|p2a: death fish|Substitute
|-damage|p2a: death fish|63/100
|
|-weather|RainDance|[upkeep]
|upkeep
|turn|24
|
|t:|1781590162
|move|p2a: death fish|Ice Beam|p1a: Alomomola
|-resisted|p1a: Alomomola
|-crit|p1a: Alomomola
|-damage|p1a: Alomomola|83/100
|move|p1a: Alomomola|Flip Turn|p2a: death fish
|-resisted|p2a: death fish
|-activate|p2a: death fish|move: Substitute|[damage]
|
|t:|1781590170
|switch|p1a: Tornadus|Tornadus-Therian, M|43/100|[from] Flip Turn
|
|-weather|RainDance|[upkeep]
|upkeep
|turn|25
|
|t:|1781590173
|move|p2a: death fish|Surf|p1a: Tornadus
|-damage|p1a: Tornadus|0 fnt
|faint|p1a: Tornadus
|
|-weather|RainDance|[upkeep]
|upkeep
|inactive|m5322 has 120 seconds left.
|
|t:|1781590204
|switch|p1a: Weezing|Weezing-Galar, F|61/100
|-ability|p1a: Weezing|Neutralizing Gas
|turn|26
|
|t:|1781590207
|move|p1a: Weezing|Protect|p1a: Weezing
|-singleturn|p1a: Weezing|Protect
|move|p2a: death fish|Surf|p1a: Weezing
|-activate|p1a: Weezing|move: Protect
|
|-weather|RainDance|[upkeep]
|-heal|p1a: Weezing|67/100|[from] item: Leftovers
|upkeep
|turn|27
|
|t:|1781590220
|move|p2a: death fish|Surf|p1a: Weezing
|-damage|p1a: Weezing|0 fnt
|faint|p1a: Weezing
|-end|p1a: Weezing|ability: Neutralizing Gas
|
|-weather|RainDance|[upkeep]
|upkeep
|
|t:|1781590223
|switch|p1a: Alomomola|Alomomola, M|100/100
|turn|28
|
|t:|1781590228
|move|p2a: death fish|Ice Beam|p1a: Alomomola
|-resisted|p1a: Alomomola
|-damage|p1a: Alomomola|90/100
|-status|p1a: Alomomola|frz
|cant|p1a: Alomomola|frz
|
|-weather|none
|upkeep
|turn|29
|
|t:|1781590232
|move|p2a: death fish|Surf|p1a: Alomomola
|-resisted|p1a: Alomomola
|-damage|p1a: Alomomola|69/100 frz
|cant|p1a: Alomomola|frz
|
|upkeep
|turn|30
|
|t:|1781590236
|move|p2a: death fish|Surf|p1a: Alomomola
|-resisted|p1a: Alomomola
|-damage|p1a: Alomomola|47/100 frz
|cant|p1a: Alomomola|frz
|
|upkeep
|turn|31
|
|t:|1781590240
|move|p2a: death fish|Surf|p1a: Alomomola
|-resisted|p1a: Alomomola
|-damage|p1a: Alomomola|26/100 frz
|cant|p1a: Alomomola|frz
|
|upkeep
|turn|32
|
|t:|1781590243
|cant|p1a: Alomomola|frz
|move|p2a: death fish|Surf|p1a: Alomomola
|-resisted|p1a: Alomomola
|-damage|p1a: Alomomola|4/100 frz
|
|upkeep
|turn|33
|
|t:|1781590249
|move|p2a: death fish|Surf|p1a: Alomomola
|-resisted|p1a: Alomomola
|-damage|p1a: Alomomola|0 fnt
|faint|p1a: Alomomola
|
|upkeep
|
|t:|1781590252
|switch|p1a: Lokix|Lokix, F|84/100
|turn|34
|
|t:|1781590254
|move|p1a: Lokix|Leech Life|p2a: death fish
|-resisted|p2a: death fish
|-end|p2a: death fish|Substitute
|-heal|p1a: Lokix|91/100|[from] drain|[of] p2a: death fish
|move|p2a: death fish|Surf|p1a: Lokix
|-damage|p1a: Lokix|5/100
|
|upkeep
|turn|35
|
|t:|1781590262
|switch|p2a: big guy|Great Tusk, shiny|10/100
|-damage|p2a: big guy|7/100|[from] Stealth Rock
|move|p1a: Lokix|Leech Life|p2a: big guy
|-resisted|p2a: big guy
|-damage|p2a: big guy|0 fnt
|-heal|p1a: Lokix|10/100|[from] drain|[of] p2a: big guy
|faint|p2a: big guy
|-end|p2a: big guy|Protosynthesis|[silent]
|
|upkeep
|
|t:|1781590264
|switch|p2a: the drizzler|Pelipper, F|100/100
|-damage|p2a: the drizzler|76/100|[from] Stealth Rock
|-weather|RainDance|[from] ability: Drizzle|[of] p2a: the drizzler
|turn|36
|
|t:|1781590266
|move|p1a: Lokix|Leech Life|p2a: the drizzler
|-resisted|p2a: the drizzler
|-damage|p2a: the drizzler|34/100
|-heal|p1a: Lokix|34/100|[from] drain|[of] p2a: the drizzler
|move|p2a: the drizzler|Hurricane|p1a: Lokix
|-supereffective|p1a: Lokix
|-damage|p1a: Lokix|0 fnt
|faint|p1a: Lokix
|
|-weather|RainDance|[upkeep]
|upkeep
|
|t:|1781590271
|switch|p1a: Zamazenta|Zamazenta|100/100
|-ability|p1a: Zamazenta|Dauntless Shield|boost
|-boost|p1a: Zamazenta|def|1
|turn|37
|
|t:|1781590276
|move|p1a: Zamazenta|Crunch|p2a: the drizzler
|-damage|p2a: the drizzler|3/100
|move|p2a: the drizzler|Hurricane|p1a: Zamazenta
|-supereffective|p1a: Zamazenta
|-damage|p1a: Zamazenta|32/100
|
|-weather|RainDance|[upkeep]
|upkeep
|turn|38
|
|t:|1781590280
|move|p1a: Zamazenta|Crunch|p2a: the drizzler
|-crit|p2a: the drizzler
|-damage|p2a: the drizzler|0 fnt
|faint|p2a: the drizzler
|
|-weather|RainDance|[upkeep]
|upkeep
|c|☆CoolMeDownB|gg
|
|t:|1781590285
|switch|p2a: death fish|Basculegion-F, F|63/100
|-damage|p2a: death fish|51/100|[from] Stealth Rock
|turn|39
|
|t:|1781590287
|move|p2a: death fish|Surf|p1a: Zamazenta
|-damage|p1a: Zamazenta|0 fnt
|faint|p1a: Zamazenta
|
|win|CoolMeDownB
|raw|m5322's rating: 1570 &rarr; <strong>1555</strong><br />(-15 for losing)
|raw|CoolMeDownB's rating: 1663 &rarr; <strong>1678</strong><br />(+15 for winning)
|c|☆m5322|gg
|l|☆m5322
|player|p1|
|l|☆CoolMeDownB
|player|p2|
