|j|☆Alfblu3
|j|☆BlackStar150520
|t:|1781258839
|gametype|singles
|player|p1|Alfblu3|fisherman-gen4|1505
|player|p2|BlackStar150520|unknown|1653
|gen|9
|tier|[Gen 9] OU
|rated|
|rule|HP Percentage Mod: HP is shown in percentages
|rule|Endless Battle Clause: Forcing endless battles is banned
|rule|Species Clause: Limit one of each Pokémon
|rule|OHKO Clause: OHKO moves are banned
|rule|Evasion Items Clause: Evasion items are banned
|rule|Evasion Moves Clause: Evasion moves are banned
|rule|Evasion Abilities Clause: Evasion abilities are banned
|rule|Sleep Moves Clause: Sleep-inducing moves are banned
|clearpoke
|poke|p1|Kyurem|
|poke|p1|Corviknight, F|
|poke|p1|Ting-Lu|
|poke|p1|Dondozo, F|
|poke|p1|Slowking-Galar, M|
|poke|p1|Cinderace, M|
|poke|p2|Raging Bolt|
|poke|p2|Kingambit, M|
|poke|p2|Iron Moth|
|poke|p2|Ogerpon-Wellspring, F|
|poke|p2|Scizor, F|
|poke|p2|Great Tusk|
|teampreview
|inactive|Battle timer is ON: inactive players will automatically lose when time's up. (requested by BlackStar150520)
|inactive|Alfblu3 also wants the timer to be on.
|
|t:|1781258851
|teamsize|p1|6
|teamsize|p2|6
|start
|switch|p1a: Cinderace|Cinderace, M|100/100
|switch|p2a: Mega Donphan|Great Tusk|100/100
|turn|1
|
|t:|1781258864
|move|p1a: Cinderace|Will-O-Wisp|p2a: Mega Donphan|[miss]
|-miss|p1a: Cinderace|p2a: Mega Donphan
|move|p2a: Mega Donphan|Headlong Rush|p1a: Cinderace
|-supereffective|p1a: Cinderace
|-damage|p1a: Cinderace|0 fnt
|-unboost|p2a: Mega Donphan|def|1
|-unboost|p2a: Mega Donphan|spd|1
|faint|p1a: Cinderace
|
|upkeep
|
|t:|1781258868
|switch|p1a: Kyurem|Kyurem|100/100
|-ability|p1a: Kyurem|Pressure
|turn|2
|
|t:|1781258871
|-end|p2a: Mega Donphan|Protosynthesis|[silent]
|switch|p2a: Red Lightning|Scizor, F|100/100
|move|p1a: Kyurem|Substitute|p1a: Kyurem
|-start|p1a: Kyurem|Substitute
|-damage|p1a: Kyurem|75/100
|
|-heal|p1a: Kyurem|82/100|[from] item: Leftovers
|upkeep
|turn|3
|
|t:|1781258874
|move|p1a: Kyurem|Protect|p1a: Kyurem
|-singleturn|p1a: Kyurem|Protect
|move|p2a: Red Lightning|U-turn|p1a: Kyurem
|-activate|p1a: Kyurem|move: Protect
|
|-heal|p1a: Kyurem|88/100|[from] item: Leftovers
|upkeep
|turn|4
|
|t:|1781258877
|move|p1a: Kyurem|Earth Power|p2a: Red Lightning
|-damage|p2a: Red Lightning|60/100
|move|p2a: Red Lightning|U-turn|p1a: Kyurem
|-end|p1a: Kyurem|Substitute
|
|t:|1781258882
|switch|p2a: 🎭|Ogerpon-Wellspring, F|100/100|[from] U-turn
|
|-heal|p1a: Kyurem|94/100|[from] item: Leftovers
|upkeep
|turn|5
|
|t:|1781258885
|switch|p1a: Corviknight|Corviknight, F|100/100
|-ability|p1a: Corviknight|Pressure
|move|p2a: 🎭|Encore||[still]
|-fail|p2a: 🎭
|
|upkeep
|turn|6
|
|t:|1781258888
|move|p2a: 🎭|Knock Off|p1a: Corviknight
|-damage|p1a: Corviknight|78/100
|-damage|p2a: 🎭|84/100|[from] item: Rocky Helmet|[of] p1a: Corviknight
|-enditem|p1a: Corviknight|Rocky Helmet|[from] move: Knock Off|[of] p2a: 🎭
|move|p1a: Corviknight|U-turn|p2a: 🎭
|-supereffective|p2a: 🎭
|-damage|p2a: 🎭|44/100
|
|t:|1781258894
|switch|p1a: Slowking|Slowking-Galar, M|100/100|[from] U-turn
|
|upkeep
|turn|7
|
|t:|1781258897
|move|p2a: 🎭|U-turn|p1a: Slowking
|-damage|p1a: Slowking|71/100
|
|t:|1781258900
|switch|p2a: Red Lightning|Scizor, F|60/100|[from] U-turn
|-prepare|p1a: Slowking|Chilly Reception|[premajor]
|move|p1a: Slowking|Chilly Reception|p1a: Slowking
|-weather|Snowscape
|
|t:|1781258907
|switch|p1a: Kyurem|Kyurem|94/100|[from] Chilly Reception
|-ability|p1a: Kyurem|Pressure
|
|-weather|Snowscape|[upkeep]
|-heal|p1a: Kyurem|99/100|[from] item: Leftovers
|upkeep
|turn|8
|
|t:|1781258911
|move|p1a: Kyurem|Protect|p1a: Kyurem
|-singleturn|p1a: Kyurem|Protect
|move|p2a: Red Lightning|Bullet Punch|p1a: Kyurem
|-activate|p1a: Kyurem|move: Protect
|
|-weather|Snowscape|[upkeep]
|-heal|p1a: Kyurem|100/100|[from] item: Leftovers
|upkeep
|turn|9
|
|t:|1781258914
|move|p2a: Red Lightning|Bullet Punch|p1a: Kyurem
|-supereffective|p1a: Kyurem
|-damage|p1a: Kyurem|32/100
|move|p1a: Kyurem|Earth Power|p2a: Red Lightning
|-damage|p2a: Red Lightning|19/100
|
|-weather|Snowscape|[upkeep]
|-heal|p1a: Kyurem|38/100|[from] item: Leftovers
|upkeep
|turn|10
|
|t:|1781258920
|move|p1a: Kyurem|Protect|p1a: Kyurem
|-singleturn|p1a: Kyurem|Protect
|move|p2a: Red Lightning|Bullet Punch|p1a: Kyurem
|-activate|p1a: Kyurem|move: Protect
|
|-weather|Snowscape|[upkeep]
|-heal|p1a: Kyurem|45/100|[from] item: Leftovers
|upkeep
|turn|11
|
|t:|1781258926
|switch|p1a: Corviknight|Corviknight, F|78/100
|-ability|p1a: Corviknight|Pressure
|switch|p2a: ⚡️|Raging Bolt|100/100
|
|-weather|none
|upkeep
|turn|12
|
|t:|1781258929
|-end|p2a: ⚡️|Protosynthesis|[silent]
|switch|p2a: 🎭|Ogerpon-Wellspring, F|44/100
|switch|p1a: Ting-Lu|Ting-Lu|100/100
|-ability|p1a: Ting-Lu|Vessel of Ruin
|
|upkeep
|turn|13
|
|t:|1781258931
|switch|p1a: Corviknight|Corviknight, F|78/100
|-ability|p1a: Corviknight|Pressure
|move|p2a: 🎭|Ivy Cudgel|p1a: Corviknight|[anim] Ivy Cudgel Water
|-damage|p1a: Corviknight|41/100
|
|upkeep
|turn|14
|
|t:|1781258937
|move|p2a: 🎭|Ivy Cudgel|p1a: Corviknight|[anim] Ivy Cudgel Water
|-damage|p1a: Corviknight|7/100
|move|p1a: Corviknight|U-turn|p2a: 🎭
|-supereffective|p2a: 🎭
|-damage|p2a: 🎭|3/100
|
|t:|1781258942
|switch|p1a: Dondozo|Dondozo, F|100/100|[from] U-turn
|
|upkeep
|turn|15
|
|t:|1781258945
|move|p2a: 🎭|U-turn|p1a: Dondozo
|-damage|p1a: Dondozo|87/100
|
|t:|1781258948
|switch|p2a: Mega Donphan|Great Tusk|100/100|[from] U-turn
|move|p1a: Dondozo|Body Press|p2a: Mega Donphan
|-damage|p2a: Mega Donphan|79/100
|
|-heal|p1a: Dondozo|94/100|[from] item: Leftovers
|upkeep
|turn|16
|
|t:|1781258951
|move|p2a: Mega Donphan|Stealth Rock|p1a: Dondozo
|-sidestart|p1: Alfblu3|move: Stealth Rock
|move|p1a: Dondozo|Waterfall|p2a: Mega Donphan
|-supereffective|p2a: Mega Donphan
|-damage|p2a: Mega Donphan|42/100
|
|-heal|p1a: Dondozo|99/100|[from] item: Leftovers
|upkeep
|turn|17
|
|t:|1781258958
|move|p2a: Mega Donphan|Headlong Rush|p1a: Dondozo
|-damage|p1a: Dondozo|71/100
|-unboost|p2a: Mega Donphan|def|1
|-unboost|p2a: Mega Donphan|spd|1
|move|p1a: Dondozo|Curse|p1a: Dondozo
|-unboost|p1a: Dondozo|spe|1
|-boost|p1a: Dondozo|atk|1
|-boost|p1a: Dondozo|def|1
|
|-heal|p1a: Dondozo|77/100|[from] item: Leftovers
|upkeep
|turn|18
|
|t:|1781258963
|move|p2a: Mega Donphan|Headlong Rush|p1a: Dondozo
|-damage|p1a: Dondozo|59/100
|-unboost|p2a: Mega Donphan|def|1
|-unboost|p2a: Mega Donphan|spd|1
|move|p1a: Dondozo|Body Press|p2a: Mega Donphan
|-damage|p2a: Mega Donphan|10/100
|
|-heal|p1a: Dondozo|65/100|[from] item: Leftovers
|upkeep
|turn|19
|
|t:|1781258967
|-end|p2a: Mega Donphan|Protosynthesis|[silent]
|switch|p2a: 🎭|Ogerpon-Wellspring, F|3/100
|move|p1a: Dondozo|Rest|p1a: Dondozo
|-status|p1a: Dondozo|slp|[from] move: Rest
|-heal|p1a: Dondozo|100/100 slp|[silent]
|
|upkeep
|turn|20
|
|t:|1781258972
|move|p2a: 🎭|Knock Off|p1a: Dondozo
|-damage|p1a: Dondozo|88/100 slp
|-enditem|p1a: Dondozo|Leftovers|[from] move: Knock Off|[of] p2a: 🎭
|cant|p1a: Dondozo|slp
|
|upkeep
|turn|21
|
|t:|1781258977
|move|p2a: 🎭|Knock Off|p1a: Dondozo
|-damage|p1a: Dondozo|81/100 slp
|cant|p1a: Dondozo|slp
|
|upkeep
|turn|22
|
|t:|1781258983
|move|p2a: 🎭|U-turn|p1a: Dondozo
|-damage|p1a: Dondozo|73/100 slp
|
|t:|1781258987
|switch|p2a: Mega Donphan|Great Tusk|10/100|[from] U-turn
|-curestatus|p1a: Dondozo|slp|[msg]
|move|p1a: Dondozo|Body Press|p2a: Mega Donphan
|-damage|p2a: Mega Donphan|0 fnt
|faint|p2a: Mega Donphan
|-end|p2a: Mega Donphan|Protosynthesis|[silent]
|
|upkeep
|
|t:|1781258991
|switch|p2a: Robo Rona|Iron Moth|100/100
|-enditem|p2a: Robo Rona|Booster Energy
|-activate|p2a: Robo Rona|ability: Quark Drive|[fromitem]
|-start|p2a: Robo Rona|quarkdrivespe
|turn|23
|
|t:|1781258994
|-end|p2a: Robo Rona|Quark Drive|[silent]
|switch|p2a: 🎭|Ogerpon-Wellspring, F|3/100
|move|p1a: Dondozo|Waterfall|p2a: 🎭
|-heal|p2a: 🎭|28/100|[from] ability: Water Absorb|[of] p1a: Dondozo
|
|upkeep
|turn|24
|
|t:|1781258999
|switch|p1a: Kyurem|Kyurem|45/100
|-damage|p1a: Kyurem|20/100|[from] Stealth Rock
|-ability|p1a: Kyurem|Pressure
|move|p2a: 🎭|Encore||[still]
|-fail|p2a: 🎭
|
|-heal|p1a: Kyurem|26/100|[from] item: Leftovers
|upkeep
|turn|25
|
|t:|1781259003
|move|p2a: 🎭|Knock Off|p1a: Kyurem
|-damage|p1a: Kyurem|0 fnt
|-enditem|p1a: Kyurem|Leftovers|[from] move: Knock Off|[of] p2a: 🎭
|faint|p1a: Kyurem
|
|upkeep
|
|t:|1781259008
|switch|p1a: Slowking|Slowking-Galar, M|100/100
|turn|26
|-message|Alfblu3 forfeited.
|
|win|BlackStar150520
|raw|Alfblu3's rating: 1523 &rarr; <strong>1510</strong><br />(-13 for losing)
|raw|BlackStar150520's rating: 1653 &rarr; <strong>1666</strong><br />(+13 for winning)
|l|☆Alfblu3
|player|p1|
