|j|☆OUZQ Crocodile
|j|☆JacquesDeAlderberg
|t:|1780922617
|gametype|singles
|player|p1|OUZQ Crocodile|101|1610
|player|p2|JacquesDeAlderberg|2|1759
|gen|9
|tier|[Gen 9] OU
|rated|
|rule|HP Percentage Mod: HP is shown in percentages
|rule|Endless Battle Clause: Forcing endless battles is banned
|rule|Species Clause: Limit one of each Pokémon
|rule|OHKO Clause: OHKO moves are banned
|rule|Evasion Items Clause: Evasion items are banned
|rule|Evasion Moves Clause: Evasion moves are banned
|rule|Evasion Abilities Clause: Evasion abilities are banned
|rule|Sleep Moves Clause: Sleep-inducing moves are banned
|clearpoke
|poke|p1|Cresselia, F|
|poke|p1|Zamazenta-*|
|poke|p1|Grimmsnarl, M|
|poke|p1|Raging Bolt|
|poke|p1|Ogerpon-Wellspring, F|
|poke|p1|Glimmora, M|
|poke|p2|Iron Crown|
|poke|p2|Enamorus, F|
|poke|p2|Great Tusk|
|poke|p2|Probopass, F|
|poke|p2|Deoxys-Speed|
|poke|p2|Dragapult, F|
|teampreview
|inactive|Battle timer is ON: inactive players will automatically lose when time's up. (requested by OUZQ Crocodile)
|
|t:|1780922623
|teamsize|p1|6
|teamsize|p2|6
|start
|switch|p1a: Grimmsnarl|Grimmsnarl, M|100/100
|switch|p2a: Deoxys|Deoxys-Speed|100/100
|-ability|p2a: Deoxys|Pressure
|turn|1
|j| Krokmouyoyo
|
|t:|1780922635
|move|p1a: Grimmsnarl|Reflect|p1a: Grimmsnarl
|-sidestart|p1: OUZQ Crocodile|Reflect
|move|p2a: Deoxys|Knock Off|p1a: Grimmsnarl
|-resisted|p1a: Grimmsnarl
|-damage|p1a: Grimmsnarl|97/100
|-enditem|p1a: Grimmsnarl|Light Clay|[from] move: Knock Off|[of] p2a: Deoxys
|
|upkeep
|turn|2
|
|t:|1780922641
|switch|p2a: Probopass|Probopass, F|100/100
|move|p1a: Grimmsnarl|Light Screen|p1a: Grimmsnarl
|-sidestart|p1: OUZQ Crocodile|move: Light Screen
|
|upkeep
|turn|3
|
|t:|1780922647
|move|p1a: Grimmsnarl|Low Kick|p2a: Probopass
|-supereffective|p2a: Probopass
|-damage|p2a: Probopass|24/100
|-damage|p1a: Grimmsnarl|80/100|[from] item: Rocky Helmet|[of] p2a: Probopass
|move|p2a: Probopass|Volt Switch|p1a: Grimmsnarl
|-crit|p1a: Grimmsnarl
|-damage|p1a: Grimmsnarl|61/100
|
|t:|1780922652
|switch|p2a: Enamorus|Enamorus, F|100/100|[from] Volt Switch
|
|upkeep
|turn|4
|
|t:|1780922656
|move|p1a: Grimmsnarl|Parting Shot|p2a: Enamorus
|-unboost|p2a: Enamorus|atk|1
|-unboost|p2a: Enamorus|spa|1
|
|t:|1780922659
|switch|p1a: Cresselia|Cresselia, F|100/100|[from] Parting Shot
|move|p2a: Enamorus|Calm Mind|p2a: Enamorus
|-boost|p2a: Enamorus|spa|1
|-boost|p2a: Enamorus|spd|1
|
|upkeep
|turn|5
|
|t:|1780922662
|move|p2a: Enamorus|Taunt|p1a: Cresselia
|-start|p1a: Cresselia|move: Taunt
|cant|p1a: Cresselia|move: Taunt|Calm Mind
|
|upkeep
|turn|6
|
|t:|1780922668
|switch|p1a: Ogerpon|Ogerpon-Wellspring, F|100/100
|move|p2a: Enamorus|Moonblast|p1a: Ogerpon
|-damage|p1a: Ogerpon|71/100
|
|-sideend|p1: OUZQ Crocodile|move: Light Screen
|upkeep
|turn|7
|
|t:|1780922680
|switch|p2a: Probopass|Probopass, F|24/100
|move|p1a: Ogerpon|Trailblaze|p2a: Probopass
|-damage|p2a: Probopass|6/100
|-boost|p1a: Ogerpon|spe|1
|-damage|p1a: Ogerpon|55/100|[from] item: Rocky Helmet|[of] p2a: Probopass
|
|upkeep
|turn|8
|
|t:|1780922687
|move|p1a: Ogerpon|Ivy Cudgel|p2a: Probopass|[anim] Ivy Cudgel Water
|-supereffective|p2a: Probopass
|-damage|p2a: Probopass|0 fnt
|faint|p2a: Probopass
|
|-sideend|p1: OUZQ Crocodile|Reflect
|upkeep
|
|t:|1780922691
|switch|p2a: Dragapult|Dragapult, F|100/100
|turn|9
|
|t:|1780922693
|move|p1a: Ogerpon|Play Rough|p2a: Dragapult
|-supereffective|p2a: Dragapult
|-damage|p2a: Dragapult|7/100
|move|p2a: Dragapult|Dragon Darts|p1a: Ogerpon
|-damage|p1a: Ogerpon|18/100
|-anim|p2a: Dragapult|Dragon Darts|p1a: Ogerpon
|-damage|p1a: Ogerpon|0 fnt
|faint|p1a: Ogerpon
|
|-heal|p2a: Dragapult|13/100|[from] item: Leftovers
|upkeep
|
|t:|1780922701
|switch|p1a: Grimmsnarl|Grimmsnarl, M|61/100
|turn|10
|
|t:|1780922708
|move|p1a: Grimmsnarl|Parting Shot|p2a: Dragapult
|-unboost|p2a: Dragapult|atk|1
|-unboost|p2a: Dragapult|spa|1
|
|t:|1780922711
|switch|p1a: Glimmora|Glimmora, M|100/100|[from] Parting Shot
|move|p2a: Dragapult|Dragon Dance|p2a: Dragapult
|-boost|p2a: Dragapult|atk|1
|-boost|p2a: Dragapult|spe|1
|
|-heal|p2a: Dragapult|19/100|[from] item: Leftovers
|upkeep
|turn|11
|
|t:|1780922718
|switch|p2a: Deoxys|Deoxys-Speed|100/100
|-ability|p2a: Deoxys|Pressure
|move|p1a: Glimmora|Earth Power|p2a: Deoxys
|-damage|p2a: Deoxys|46/100
|
|upkeep
|turn|12
|
|t:|1780922726
|switch|p1a: Grimmsnarl|Grimmsnarl, M|61/100
|move|p2a: Deoxys|Psycho Boost|p1a: Grimmsnarl
|-immune|p1a: Grimmsnarl
|
|upkeep
|turn|13
|
|t:|1780922731
|move|p1a: Grimmsnarl|Reflect|p1a: Grimmsnarl
|-sidestart|p1: OUZQ Crocodile|Reflect
|move|p2a: Deoxys|Superpower|p1a: Grimmsnarl
|-damage|p1a: Grimmsnarl|41/100
|-unboost|p2a: Deoxys|atk|1
|-unboost|p2a: Deoxys|def|1
|-enditem|p2a: Deoxys|Eject Pack
|
|t:|1780922734
|switch|p2a: Enamorus|Enamorus, F|100/100
|
|upkeep
|turn|14
|
|t:|1780922736
|move|p1a: Grimmsnarl|Parting Shot|p2a: Enamorus
|-unboost|p2a: Enamorus|atk|1
|-unboost|p2a: Enamorus|spa|1
|
|t:|1780922743
|switch|p1a: Raging Bolt|Raging Bolt|100/100|[from] Parting Shot
|-enditem|p1a: Raging Bolt|Booster Energy
|-activate|p1a: Raging Bolt|ability: Protosynthesis|[fromitem]
|-start|p1a: Raging Bolt|protosynthesisspa
|move|p2a: Enamorus|Calm Mind|p2a: Enamorus
|-boost|p2a: Enamorus|spa|1
|-boost|p2a: Enamorus|spd|1
|
|upkeep
|turn|15
|
|t:|1780922750
|switch|p2a: Deoxys|Deoxys-Speed|46/100
|-ability|p2a: Deoxys|Pressure
|move|p1a: Raging Bolt|Thunderbolt|p2a: Deoxys
|-damage|p2a: Deoxys|0 fnt
|faint|p2a: Deoxys
|
|upkeep
|
|t:|1780922753
|switch|p2a: Great Tusk|Great Tusk|100/100
|-enditem|p2a: Great Tusk|Booster Energy
|-activate|p2a: Great Tusk|ability: Protosynthesis|[fromitem]
|-start|p2a: Great Tusk|protosynthesisspe
|turn|16
|
|t:|1780922756
|move|p2a: Great Tusk|Headlong Rush|p1a: Raging Bolt
|-supereffective|p1a: Raging Bolt
|-damage|p1a: Raging Bolt|47/100
|-unboost|p2a: Great Tusk|def|1
|-unboost|p2a: Great Tusk|spd|1
|move|p1a: Raging Bolt|Draco Meteor|p2a: Great Tusk
|-damage|p2a: Great Tusk|0 fnt
|-unboost|p1a: Raging Bolt|spa|2
|faint|p2a: Great Tusk
|-end|p2a: Great Tusk|Protosynthesis|[silent]
|
|upkeep
|
|t:|1780922761
|switch|p2a: Dragapult|Dragapult, F|19/100
|turn|17
|
|t:|1780922768
|move|p1a: Raging Bolt|Thunderclap|p2a: Dragapult
|-resisted|p2a: Dragapult
|-damage|p2a: Dragapult|0 fnt
|faint|p2a: Dragapult
|
|-sideend|p1: OUZQ Crocodile|Reflect
|upkeep
|
|t:|1780922772
|switch|p2a: Enamorus|Enamorus, F|100/100
|turn|18
|
|t:|1780922784
|move|p2a: Enamorus|Moonblast|p1a: Raging Bolt
|-supereffective|p1a: Raging Bolt
|-damage|p1a: Raging Bolt|0 fnt
|faint|p1a: Raging Bolt
|-end|p1a: Raging Bolt|Protosynthesis|[silent]
|
|upkeep
|j| SilverDE
|
|t:|1780922797
|switch|p1a: Grimmsnarl|Grimmsnarl, M|41/100
|turn|19
|
|t:|1780922802
|move|p1a: Grimmsnarl|Light Screen|p1a: Grimmsnarl
|-sidestart|p1: OUZQ Crocodile|move: Light Screen
|move|p2a: Enamorus|Calm Mind|p2a: Enamorus
|-boost|p2a: Enamorus|spa|1
|-boost|p2a: Enamorus|spd|1
|
|upkeep
|turn|20
|
|t:|1780922805
|move|p1a: Grimmsnarl|Parting Shot|p2a: Enamorus
|-unboost|p2a: Enamorus|atk|1
|-unboost|p2a: Enamorus|spa|1
|
|t:|1780922807
|switch|p1a: Zamazenta|Zamazenta|100/100|[from] Parting Shot
|-ability|p1a: Zamazenta|Dauntless Shield|boost
|-boost|p1a: Zamazenta|def|1
|move|p2a: Enamorus|Calm Mind|p2a: Enamorus
|-boost|p2a: Enamorus|spa|1
|-boost|p2a: Enamorus|spd|1
|
|upkeep
|turn|21
|
|t:|1780922816
|-terastallize|p1a: Zamazenta|Fire
|move|p1a: Zamazenta|Heavy Slam|p2a: Enamorus
|-supereffective|p2a: Enamorus
|-damage|p2a: Enamorus|23/100
|move|p2a: Enamorus|Moonblast|p1a: Zamazenta
|-resisted|p1a: Zamazenta
|-damage|p1a: Zamazenta|85/100
|-unboost|p1a: Zamazenta|spa|1
|
|-heal|p1a: Zamazenta|91/100|[from] item: Leftovers
|-heal|p2a: Enamorus|29/100|[from] item: Leftovers
|upkeep
|turn|22
|
|t:|1780922827
|move|p1a: Zamazenta|Heavy Slam|p2a: Enamorus
|-supereffective|p2a: Enamorus
|-crit|p2a: Enamorus
|-damage|p2a: Enamorus|0 fnt
|faint|p2a: Enamorus
|
|-heal|p1a: Zamazenta|97/100|[from] item: Leftovers
|upkeep
|
|t:|1780922830
|switch|p2a: Iron Crown|Iron Crown|100/100
|-enditem|p2a: Iron Crown|Booster Energy
|-activate|p2a: Iron Crown|ability: Quark Drive|[fromitem]
|-start|p2a: Iron Crown|quarkdrivespa
|turn|23
|l| SilverDE
|
|t:|1780922836
|move|p1a: Zamazenta|Body Press|p2a: Iron Crown
|-damage|p2a: Iron Crown|37/100
|move|p2a: Iron Crown|Calm Mind|p2a: Iron Crown
|-boost|p2a: Iron Crown|spa|1
|-boost|p2a: Iron Crown|spd|1
|
|-heal|p1a: Zamazenta|100/100|[from] item: Leftovers
|-sideend|p1: OUZQ Crocodile|move: Light Screen
|upkeep
|turn|24
|
|t:|1780922848
|-terastallize|p2a: Iron Crown|Fighting
|move|p1a: Zamazenta|Body Press|p2a: Iron Crown
|-damage|p2a: Iron Crown|0 fnt
|faint|p2a: Iron Crown
|-end|p2a: Iron Crown|Quark Drive|[silent]
|
|win|OUZQ Crocodile
|raw|OUZQ Crocodile's rating: 1610 &rarr; <strong>1638</strong><br />(+28 for winning)
|raw|JacquesDeAlderberg's rating: 1759 &rarr; <strong>1731</strong><br />(-28 for losing)
|l|☆JacquesDeAlderberg
|player|p2|
|l|☆OUZQ Crocodile
|player|p1|
|l| Krokmouyoyo
