|j|☆billythekid95
|j|☆Superhjkdetective
|t:|1781022442
|gametype|singles
|player|p1|billythekid95|265|1541
|player|p2|Superhjkdetective|102|1641
|gen|9
|tier|[Gen 9] OU
|rated|
|rule|HP Percentage Mod: HP is shown in percentages
|rule|Endless Battle Clause: Forcing endless battles is banned
|rule|Species Clause: Limit one of each Pokémon
|rule|OHKO Clause: OHKO moves are banned
|rule|Evasion Items Clause: Evasion items are banned
|rule|Evasion Moves Clause: Evasion moves are banned
|rule|Evasion Abilities Clause: Evasion abilities are banned
|rule|Sleep Moves Clause: Sleep-inducing moves are banned
|clearpoke
|poke|p1|Okidogi, M|
|poke|p1|Kingambit, M|
|poke|p1|Ninetales-Alola, F|
|poke|p1|Regieleki|
|poke|p1|Latias, F|
|poke|p1|Landorus-Therian, M|
|poke|p2|Ninetales, F|
|poke|p2|Ceruledge, M|
|poke|p2|Great Tusk|
|poke|p2|Hatterene, F|
|poke|p2|Walking Wake|
|poke|p2|Raging Bolt|
|teampreview
|inactive|Battle timer is ON: inactive players will automatically lose when time's up. (requested by Superhjkdetective)
|inactive|billythekid95 has 120 seconds left.
|
|t:|1781022483
|teamsize|p1|6
|teamsize|p2|6
|start
|switch|p1a: Landorus|Landorus-Therian, M|100/100
|switch|p2a: Raging Bolt|Raging Bolt|100/100
|-ability|p1a: Landorus|Intimidate|boost
|-unboost|p2a: Raging Bolt|atk|1
|turn|1
|
|t:|1781022495
|-end|p2a: Raging Bolt|Protosynthesis|[silent]
|switch|p2a: Hatterene|Hatterene, F|100/100
|move|p1a: Landorus|Earthquake|p2a: Hatterene
|-damage|p2a: Hatterene|51/100
|-enditem|p2a: Hatterene|Eject Button
|
|t:|1781022501
|switch|p2a: Walking Wake|Walking Wake|100/100
|
|upkeep
|turn|2
|
|t:|1781022507
|move|p2a: Walking Wake|Hydro Steam|p1a: Landorus
|-supereffective|p1a: Landorus
|-damage|p1a: Landorus|0 fnt
|faint|p1a: Landorus
|
|upkeep
|
|t:|1781022512
|switch|p1a: Regieleki|Regieleki|100/100
|turn|3
|
|t:|1781022519
|-end|p2a: Walking Wake|Protosynthesis|[silent]
|switch|p2a: Great Tusk|Great Tusk|100/100
|move|p1a: Regieleki|Volt Switch|p2a: Great Tusk
|-immune|p2a: Great Tusk
|
|upkeep
|turn|4
|
|t:|1781022526
|switch|p1a: Ninetales|Ninetales-Alola, F|100/100
|-weather|Snowscape|[from] ability: Snow Warning|[of] p1a: Ninetales
|move|p2a: Great Tusk|Stealth Rock|p1a: Ninetales
|-sidestart|p1: billythekid95|move: Stealth Rock
|
|-weather|Snowscape|[upkeep]
|upkeep
|turn|5
|
|t:|1781022533
|switch|p1a: Regieleki|Regieleki|100/100
|-end|p2a: Great Tusk|Protosynthesis|[silent]
|switch|p2a: Ninetales|Ninetales, F|100/100
|-weather|SunnyDay|[from] ability: Drought|[of] p2a: Ninetales
|
|-weather|SunnyDay|[upkeep]
|upkeep
|turn|6
|j| Fat_Yogi
|
|t:|1781022541
|move|p1a: Regieleki|Rapid Spin|p2a: Ninetales
|-damage|p2a: Ninetales|84/100
|-boost|p1a: Regieleki|spe|1
|-sideend|p1: billythekid95|Stealth Rock|[from] move: Rapid Spin|[of] p1a: Regieleki
|move|p2a: Ninetales|Overheat|p1a: Regieleki
|-damage|p1a: Regieleki|0 fnt
|-unboost|p2a: Ninetales|spa|2
|faint|p1a: Regieleki
|
|-weather|SunnyDay|[upkeep]
|upkeep
|
|t:|1781022550
|switch|p1a: Ninetales|Ninetales-Alola, F|100/100
|-weather|Snowscape|[from] ability: Snow Warning|[of] p1a: Ninetales
|turn|7
|
|t:|1781022560
|move|p1a: Ninetales|Aurora Veil|p1a: Ninetales
|-sidestart|p1: billythekid95|move: Aurora Veil
|move|p2a: Ninetales|Encore|p1a: Ninetales
|-start|p1a: Ninetales|Encore
|
|-weather|Snowscape|[upkeep]
|upkeep
|turn|8
|
|t:|1781022566
|switch|p1a: Okidogi|Okidogi, M|100/100
|move|p2a: Ninetales|Will-O-Wisp|p1a: Okidogi
|-status|p1a: Okidogi|brn
|
|-weather|Snowscape|[upkeep]
|-damage|p1a: Okidogi|94/100 brn|[from] brn
|upkeep
|turn|9
|
|t:|1781022574
|switch|p2a: Hatterene|Hatterene, F|51/100
|move|p1a: Okidogi|Knock Off|p2a: Hatterene
|-damage|p2a: Hatterene|40/100
|
|-weather|Snowscape|[upkeep]
|-heal|p1a: Okidogi|100/100 brn|[from] item: Leftovers
|-damage|p1a: Okidogi|94/100 brn|[from] brn
|upkeep
|turn|10
|
|t:|1781022583
|move|p1a: Okidogi|Bulk Up|p1a: Okidogi
|-boost|p1a: Okidogi|atk|1
|-boost|p1a: Okidogi|def|1
|move|p2a: Hatterene|Pain Split|p1a: Okidogi
|-sethp|p1a: Okidogi|64/100 brn|[from] move: Pain Split|[silent]
|-sethp|p2a: Hatterene|76/100|[from] move: Pain Split
|
|-weather|Snowscape|[upkeep]
|-heal|p1a: Okidogi|70/100 brn|[from] item: Leftovers
|-damage|p1a: Okidogi|64/100 brn|[from] brn
|upkeep
|turn|11
|
|t:|1781022593
|move|p1a: Okidogi|Bulk Up|p1a: Okidogi
|-boost|p1a: Okidogi|atk|1
|-boost|p1a: Okidogi|def|1
|move|p2a: Hatterene|Psychic Noise|p1a: Okidogi
|-supereffective|p1a: Okidogi
|-damage|p1a: Okidogi|0 fnt
|faint|p1a: Okidogi
|
|-weather|none
|upkeep
|
|t:|1781022603
|switch|p1a: Kingambit|Kingambit, M|100/100
|-activate|p1a: Kingambit|ability: Supreme Overlord
|-start|p1a: Kingambit|fallen3|[silent]
|turn|12
|
|t:|1781022607
|switch|p2a: Ninetales|Ninetales, F|84/100
|-weather|SunnyDay|[from] ability: Drought|[of] p2a: Ninetales
|move|p1a: Kingambit|Swords Dance|p1a: Kingambit
|-boost|p1a: Kingambit|atk|2
|
|-weather|SunnyDay|[upkeep]
|upkeep
|turn|13
|
|t:|1781022614
|move|p2a: Ninetales|Encore|p1a: Kingambit
|-start|p1a: Kingambit|Encore
|move|p1a: Kingambit|Swords Dance|p1a: Kingambit
|-boost|p1a: Kingambit|atk|2
|
|-weather|SunnyDay|[upkeep]
|upkeep
|turn|14
|
|t:|1781022620
|-end|p1a: Kingambit|fallen3|[silent]
|switch|p1a: Ninetales|Ninetales-Alola, F|100/100
|-weather|Snowscape|[from] ability: Snow Warning|[of] p1a: Ninetales
|move|p2a: Ninetales|Will-O-Wisp|p1a: Ninetales
|-status|p1a: Ninetales|brn
|
|-weather|Snowscape|[upkeep]
|-damage|p1a: Ninetales|94/100 brn|[from] brn
|-sideend|p1: billythekid95|move: Aurora Veil
|upkeep
|turn|15
|
|t:|1781022631
|switch|p2a: Ceruledge|Ceruledge, M|100/100
|move|p1a: Ninetales|Aurora Veil|p1a: Ninetales
|-sidestart|p1: billythekid95|move: Aurora Veil
|
|-weather|Snowscape|[upkeep]
|-damage|p1a: Ninetales|88/100 brn|[from] brn
|upkeep
|turn|16
|
|t:|1781022641
|move|p1a: Ninetales|Moonblast|p2a: Ceruledge
|-resisted|p2a: Ceruledge
|-damage|p2a: Ceruledge|84/100
|-unboost|p2a: Ceruledge|spa|1
|move|p2a: Ceruledge|Bitter Blade|p1a: Ninetales
|-supereffective|p1a: Ninetales
|-damage|p1a: Ninetales|45/100 brn
|-heal|p2a: Ceruledge|100/100|[from] drain|[of] p1a: Ninetales
|
|-weather|Snowscape|[upkeep]
|-damage|p1a: Ninetales|39/100 brn|[from] brn
|upkeep
|turn|17
|
|t:|1781022651
|move|p1a: Ninetales|Encore|p2a: Ceruledge
|-start|p2a: Ceruledge|Encore
|move|p2a: Ceruledge|Bitter Blade|p1a: Ninetales
|-supereffective|p1a: Ninetales
|-damage|p1a: Ninetales|0 fnt
|faint|p1a: Ninetales
|
|-weather|Snowscape|[upkeep]
|upkeep
|
|t:|1781022658
|switch|p1a: Latias|Latias, F|100/100
|turn|18
|
|t:|1781022666
|switch|p2a: Ninetales|Ninetales, F|84/100
|-weather|SunnyDay|[from] ability: Drought|[of] p2a: Ninetales
|move|p1a: Latias|Agility|p1a: Latias
|-boost|p1a: Latias|spe|2
|
|-weather|SunnyDay|[upkeep]
|upkeep
|turn|19
|
|t:|1781022674
|move|p1a: Latias|Calm Mind|p1a: Latias
|-boost|p1a: Latias|spa|1
|-boost|p1a: Latias|spd|1
|move|p2a: Ninetales|Encore|p1a: Latias
|-start|p1a: Latias|Encore
|
|-weather|SunnyDay|[upkeep]
|upkeep
|turn|20
|
|t:|1781022684
|switch|p2a: Ceruledge|Ceruledge, M|100/100
|move|p1a: Latias|Calm Mind|p1a: Latias
|-boost|p1a: Latias|spa|1
|-boost|p1a: Latias|spd|1
|
|-weather|SunnyDay|[upkeep]
|upkeep
|turn|21
|
|t:|1781022693
|-terastallize|p1a: Latias|Fairy
|move|p1a: Latias|Calm Mind|p1a: Latias
|-boost|p1a: Latias|spa|1
|-boost|p1a: Latias|spd|1
|move|p2a: Ceruledge|Poltergeist|p1a: Latias
|-activate|p1a: Latias|move: Poltergeist|Leftovers
|-damage|p1a: Latias|79/100
|
|-weather|SunnyDay|[upkeep]
|-heal|p1a: Latias|85/100|[from] item: Leftovers
|upkeep
|turn|22
|
|t:|1781022713
|move|p1a: Latias|Calm Mind|p1a: Latias
|-boost|p1a: Latias|spa|1
|-boost|p1a: Latias|spd|1
|move|p2a: Ceruledge|Swords Dance|p2a: Ceruledge
|-boost|p2a: Ceruledge|atk|2
|
|-weather|SunnyDay|[upkeep]
|-heal|p1a: Latias|91/100|[from] item: Leftovers
|-end|p1a: Latias|Encore
|-sideend|p1: billythekid95|move: Aurora Veil
|upkeep
|turn|23
|
|t:|1781022722
|move|p1a: Latias|Stored Power|p2a: Ceruledge
|-enditem|p2a: Ceruledge|Focus Sash
|-damage|p2a: Ceruledge|1/100
|move|p2a: Ceruledge|Bitter Blade|p1a: Latias
|-damage|p1a: Latias|0 fnt
|-heal|p2a: Ceruledge|57/100|[from] drain|[of] p1a: Latias
|faint|p1a: Latias
|
|-weather|SunnyDay|[upkeep]
|upkeep
|-message|billythekid95 forfeited.
|
|win|Superhjkdetective
|raw|billythekid95's rating: 1541 &rarr; <strong>1527</strong><br />(-14 for losing)
|raw|Superhjkdetective's rating: 1641 &rarr; <strong>1655</strong><br />(+14 for winning)
|l|☆billythekid95
|player|p1|
|l| Fat_Yogi
|l|☆Superhjkdetective
|player|p2|
