|badge|p1|bronze|gen9ou|100-9
|uhtml|medal-msg|<div class="broadcast-blue">Curious what those medals under the avatar are? PS now has Ladder Seasons! For more information, check out the <a href="https://www.smogon.com/forums/threads/3740067/">thread on Smogon.</a></div>
|badge|p2|bronze|gen9ou|100-9
|uhtml|medal-msg|<div class="broadcast-blue">Curious what those medals under the avatar are? PS now has Ladder Seasons! For more information, check out the <a href="https://www.smogon.com/forums/threads/3740067/">thread on Smogon.</a></div>
|j|☆healorant
|j|☆noob1877
|t:|1781041024
|gametype|singles
|player|p1|healorant|alder|1807
|player|p2|noob1877|169|1849
|gen|9
|tier|[Gen 9] OU
|rated|
|rule|HP Percentage Mod: HP is shown in percentages
|rule|Endless Battle Clause: Forcing endless battles is banned
|rule|Species Clause: Limit one of each Pokémon
|rule|OHKO Clause: OHKO moves are banned
|rule|Evasion Items Clause: Evasion items are banned
|rule|Evasion Moves Clause: Evasion moves are banned
|rule|Evasion Abilities Clause: Evasion abilities are banned
|rule|Sleep Moves Clause: Sleep-inducing moves are banned
|clearpoke
|poke|p1|Iron Treads|
|poke|p1|Clefable, F|
|poke|p1|Raging Bolt|
|poke|p1|Zamazenta-*|
|poke|p1|Corviknight, M|
|poke|p1|Darkrai|
|poke|p2|Cinderace, F|
|poke|p2|Great Tusk|
|poke|p2|Ogerpon-Wellspring, F|
|poke|p2|Kingambit, F|
|poke|p2|Tornadus-Therian, M|
|poke|p2|Fezandipiti, M|
|teampreview
|l|☆noob1877
|player|p2|
|j|☆noob1877
|player|p2|noob1877|169|
|c|☆healorant|hf
|inactive|Battle timer is ON: inactive players will automatically lose when time's up. (requested by healorant)
|
|t:|1781041043
|teamsize|p1|6
|teamsize|p2|6
|start
|switch|p1a: Clefable|Clefable, F|100/100
|switch|p2a: Tornadus|Tornadus-Therian, M|100/100
|turn|1
|
|t:|1781041047
|move|p2a: Tornadus|Knock Off|p1a: Clefable
|-resisted|p1a: Clefable
|-damage|p1a: Clefable|92/100
|-enditem|p1a: Clefable|Leftovers|[from] move: Knock Off|[of] p2a: Tornadus
|move|p1a: Clefable|Knock Off|p2a: Tornadus
|-damage|p2a: Tornadus|84/100
|-enditem|p2a: Tornadus|Assault Vest|[from] move: Knock Off|[of] p1a: Clefable
|
|upkeep
|turn|2
|
|t:|1781041054
|move|p2a: Tornadus|Bleakwind Storm|p1a: Clefable
|-damage|p1a: Clefable|58/100
|move|p1a: Clefable|Moonblast|p2a: Tornadus
|-damage|p2a: Tornadus|54/100
|
|upkeep
|turn|3
|
|t:|1781041060
|move|p2a: Tornadus|U-turn|p1a: Clefable
|-resisted|p1a: Clefable
|-damage|p1a: Clefable|52/100
|
|t:|1781041062
|switch|p2a: Cinderace|Cinderace, F|100/100|[from] U-turn
|move|p1a: Clefable|Moonlight|p1a: Clefable
|-heal|p1a: Clefable|100/100
|
|upkeep
|turn|4
|
|t:|1781041066
|move|p2a: Cinderace|Gunk Shot|p1a: Clefable|[miss]
|-start|p2a: Cinderace|typechange|Poison|[from] ability: Libero
|-miss|p2a: Cinderace|p1a: Clefable
|move|p1a: Clefable|Knock Off|p2a: Cinderace
|-damage|p2a: Cinderace|77/100
|-enditem|p2a: Cinderace|Choice Band|[from] move: Knock Off|[of] p1a: Clefable
|
|upkeep
|turn|5
|
|t:|1781041080
|switch|p1a: Raging Bolt|Raging Bolt|100/100
|move|p2a: Cinderace|Pyro Ball|p1a: Raging Bolt
|-resisted|p1a: Raging Bolt
|-damage|p1a: Raging Bolt|81/100
|
|upkeep
|turn|6
|
|t:|1781041087
|switch|p2a: Fezandipiti|Fezandipiti, M|100/100
|move|p1a: Raging Bolt|Volt Switch|p2a: Fezandipiti
|-damage|p2a: Fezandipiti|56/100
|
|t:|1781041092
|-end|p1a: Raging Bolt|Protosynthesis|[silent]
|switch|p1a: Iron Treads|Iron Treads|100/100|[from] Volt Switch
|
|upkeep
|turn|7
|
|t:|1781041096
|switch|p2a: Great Tusk|Great Tusk|100/100
|move|p1a: Iron Treads|Stealth Rock|p2a: Great Tusk
|-sidestart|p2: noob1877|move: Stealth Rock
|
|upkeep
|turn|8
|
|t:|1781041100
|move|p1a: Iron Treads|Earthquake|p2a: Great Tusk
|-damage|p2a: Great Tusk|53/100
|move|p2a: Great Tusk|Stealth Rock|p1a: Iron Treads
|-sidestart|p1: healorant|move: Stealth Rock
|
|upkeep
|turn|9
|
|t:|1781041104
|-end|p1a: Iron Treads|Quark Drive|[silent]
|switch|p1a: Corviknight|Corviknight, M|100/100
|-damage|p1a: Corviknight|88/100|[from] Stealth Rock
|-ability|p1a: Corviknight|Pressure
|move|p2a: Great Tusk|Headlong Rush|p1a: Corviknight
|-immune|p1a: Corviknight
|
|-heal|p1a: Corviknight|94/100|[from] item: Leftovers
|upkeep
|turn|10
|
|t:|1781041109
|move|p2a: Great Tusk|Rapid Spin|p1a: Corviknight
|-resisted|p1a: Corviknight
|-damage|p1a: Corviknight|87/100
|-boost|p2a: Great Tusk|spe|1
|-sideend|p2: noob1877|Stealth Rock|[from] move: Rapid Spin|[of] p2a: Great Tusk
|move|p1a: Corviknight|Brave Bird|p2a: Great Tusk
|-supereffective|p2a: Great Tusk
|-damage|p2a: Great Tusk|0 fnt
|faint|p2a: Great Tusk
|-end|p2a: Great Tusk|Protosynthesis|[silent]
|-damage|p1a: Corviknight|70/100|[from] Recoil
|
|-heal|p1a: Corviknight|76/100|[from] item: Leftovers
|upkeep
|
|t:|1781041111
|switch|p2a: Cinderace|Cinderace, F|77/100
|turn|11
|
|t:|1781041122
|-terastallize|p1a: Corviknight|Dragon
|move|p2a: Cinderace|Pyro Ball|p1a: Corviknight
|-resisted|p1a: Corviknight
|-damage|p1a: Corviknight|51/100
|move|p1a: Corviknight|Brave Bird|p2a: Cinderace
|-damage|p2a: Cinderace|25/100
|-damage|p1a: Corviknight|38/100|[from] Recoil
|
|-heal|p1a: Corviknight|44/100|[from] item: Leftovers
|upkeep
|turn|12
|
|t:|1781041132
|switch|p1a: Iron Treads|Iron Treads|100/100
|-damage|p1a: Iron Treads|97/100|[from] Stealth Rock
|move|p2a: Cinderace|Gunk Shot|p1a: Iron Treads
|-start|p2a: Cinderace|typechange|Poison|[from] ability: Libero
|-immune|p1a: Iron Treads
|
|upkeep
|turn|13
|
|t:|1781041150
|move|p2a: Cinderace|U-turn|p1a: Iron Treads
|-resisted|p1a: Iron Treads
|-damage|p1a: Iron Treads|87/100
|
|t:|1781041152
|switch|p2a: Ogerpon|Ogerpon-Wellspring, F|100/100|[from] U-turn
|move|p1a: Iron Treads|Rapid Spin|p2a: Ogerpon
|-damage|p2a: Ogerpon|77/100
|-boost|p1a: Iron Treads|spe|1
|-sideend|p1: healorant|Stealth Rock|[from] move: Rapid Spin|[of] p1a: Iron Treads
|
|upkeep
|turn|14
|
|t:|1781041159
|move|p1a: Iron Treads|Stealth Rock|p2a: Ogerpon
|-sidestart|p2: noob1877|move: Stealth Rock
|move|p2a: Ogerpon|Ivy Cudgel|p1a: Iron Treads|[anim] Ivy Cudgel Water
|-supereffective|p1a: Iron Treads
|-damage|p1a: Iron Treads|0 fnt
|faint|p1a: Iron Treads
|-end|p1a: Iron Treads|Quark Drive|[silent]
|
|upkeep
|
|t:|1781041163
|switch|p1a: Raging Bolt|Raging Bolt|81/100
|turn|15
|
|t:|1781041166
|move|p2a: Ogerpon|Knock Off|p1a: Raging Bolt
|-damage|p1a: Raging Bolt|45/100
|-enditem|p1a: Raging Bolt|Choice Specs|[from] move: Knock Off|[of] p2a: Ogerpon
|move|p1a: Raging Bolt|Volt Switch|p2a: Ogerpon
|-damage|p2a: Ogerpon|28/100
|
|t:|1781041170
|-end|p1a: Raging Bolt|Protosynthesis|[silent]
|switch|p1a: Darkrai|Darkrai|100/100|[from] Volt Switch
|
|upkeep
|turn|16
|
|t:|1781041175
|switch|p2a: Fezandipiti|Fezandipiti, M|56/100
|move|p1a: Darkrai|Dark Pulse|p2a: Fezandipiti
|-resisted|p2a: Fezandipiti
|-damage|p2a: Fezandipiti|42/100
|
|upkeep
|turn|17
|
|t:|1781041183
|switch|p1a: Clefable|Clefable, F|100/100
|move|p2a: Fezandipiti|Roost|p2a: Fezandipiti
|-heal|p2a: Fezandipiti|92/100
|-singleturn|p2a: Fezandipiti|move: Roost
|
|upkeep
|turn|18
|
|t:|1781041188
|move|p2a: Fezandipiti|U-turn|p1a: Clefable
|-resisted|p1a: Clefable
|-damage|p1a: Clefable|94/100
|-status|p1a: Clefable|tox|[from] ability: Toxic Chain|[of] p2a: Fezandipiti
|
|t:|1781041193
|switch|p2a: Cinderace|Cinderace, F|25/100|[from] U-turn
|-damage|p2a: Cinderace|0 fnt|[from] Stealth Rock
|faint|p2a: Cinderace
|move|p1a: Clefable|Moonblast|p2: Cinderace|[notarget]
|-fail|p1a: Clefable
|
|upkeep
|
|t:|1781041200
|switch|p2a: Kingambit|Kingambit, F|100/100
|-damage|p2a: Kingambit|94/100|[from] Stealth Rock
|-activate|p2a: Kingambit|ability: Supreme Overlord
|-start|p2a: Kingambit|fallen2|[silent]
|turn|19
|
|t:|1781041204
|move|p1a: Clefable|Moonblast|p2a: Kingambit
|-crit|p2a: Kingambit
|-damage|p2a: Kingambit|47/100
|-unboost|p2a: Kingambit|spa|1
|move|p2a: Kingambit|Iron Head|p1a: Clefable
|-supereffective|p1a: Clefable
|-damage|p1a: Clefable|11/100 tox
|
|-heal|p2a: Kingambit|54/100|[from] item: Leftovers
|upkeep
|turn|20
|
|t:|1781041213
|move|p2a: Kingambit|Sucker Punch|p1a: Clefable
|-resisted|p1a: Clefable
|-damage|p1a: Clefable|0 fnt
|faint|p1a: Clefable
|
|-heal|p2a: Kingambit|60/100|[from] item: Leftovers
|upkeep
|
|t:|1781041220
|switch|p1a: Darkrai|Darkrai|100/100
|turn|21
|
|t:|1781041223
|-end|p2a: Kingambit|fallen2|[silent]
|switch|p2a: Fezandipiti|Fezandipiti, M|92/100
|move|p1a: Darkrai|Will-O-Wisp|p2a: Fezandipiti
|-status|p2a: Fezandipiti|brn
|
|-damage|p2a: Fezandipiti|86/100 brn|[from] brn
|upkeep
|turn|22
|
|t:|1781041228
|switch|p1a: Corviknight|Corviknight, M, tera:Dragon|44/100
|-ability|p1a: Corviknight|Pressure
|move|p2a: Fezandipiti|Play Rough|p1a: Corviknight
|-supereffective|p1a: Corviknight
|-damage|p1a: Corviknight|14/100
|
|-heal|p1a: Corviknight|20/100|[from] item: Leftovers
|-damage|p2a: Fezandipiti|80/100 brn|[from] brn
|upkeep
|turn|23
|
|t:|1781041234
|move|p2a: Fezandipiti|Play Rough|p1a: Corviknight
|-supereffective|p1a: Corviknight
|-damage|p1a: Corviknight|0 fnt
|faint|p1a: Corviknight
|
|-damage|p2a: Fezandipiti|74/100 brn|[from] brn
|upkeep
|
|t:|1781041237
|switch|p1a: Zamazenta|Zamazenta|100/100
|-ability|p1a: Zamazenta|Dauntless Shield|boost
|-boost|p1a: Zamazenta|def|1
|turn|24
|
|t:|1781041244
|switch|p2a: Ogerpon|Ogerpon-Wellspring, F|28/100
|-damage|p2a: Ogerpon|16/100|[from] Stealth Rock
|move|p1a: Zamazenta|Heavy Slam|p2a: Ogerpon
|-resisted|p2a: Ogerpon
|-damage|p2a: Ogerpon|0 fnt
|faint|p2a: Ogerpon
|
|upkeep
|inactive|noob1877 has 120 seconds left.
|j| vhjhjfvghgfdj
|
|t:|1781041278
|switch|p2a: Kingambit|Kingambit, F|60/100
|-damage|p2a: Kingambit|54/100|[from] Stealth Rock
|-activate|p2a: Kingambit|ability: Supreme Overlord
|-start|p2a: Kingambit|fallen3|[silent]
|turn|25
|l|☆healorant
|inactive|healorant disconnected and has a minute to reconnect!
|player|p1|
|inactive|noob1877 has 120 seconds left.
|inactive|healorant has 30 seconds to reconnect!
|inactive|healorant has 20 seconds to reconnect!
|inactive|healorant has 15 seconds to reconnect!
|inactive|healorant has 10 seconds to reconnect!
|inactive|healorant has 5 seconds to reconnect!
|-message|healorant lost due to inactivity.
|
|win|noob1877
|raw|healorant's rating: 1807 &rarr; <strong>1789</strong><br />(-18 for losing)
|raw|noob1877's rating: 1849 &rarr; <strong>1867</strong><br />(+18 for winning)
|l|☆noob1877
|player|p2|
|l| vhjhjfvghgfdj
