|badge|p1|bronze|gen9ubers|100-9
|uhtml|medal-msg|<div class="broadcast-blue">Curious what those medals under the avatar are? PS now has Ladder Seasons! For more information, check out the <a href="https://www.smogon.com/forums/threads/3740067/">thread on Smogon.</a></div>
|j|☆goodnightnite
|j|‽zozotown
|t:|1781005732
|gametype|singles
|player|p1|goodnightnite|miku-water|1626
|player|p2|zozotown|265|1721
|gen|9
|tier|[Gen 9] OU
|rated|
|rule|HP Percentage Mod: HP is shown in percentages
|rule|Endless Battle Clause: Forcing endless battles is banned
|rule|Species Clause: Limit one of each Pokémon
|rule|OHKO Clause: OHKO moves are banned
|rule|Evasion Items Clause: Evasion items are banned
|rule|Evasion Moves Clause: Evasion moves are banned
|rule|Evasion Abilities Clause: Evasion abilities are banned
|rule|Sleep Moves Clause: Sleep-inducing moves are banned
|clearpoke
|poke|p1|Hatterene, F|
|poke|p1|Great Tusk|
|poke|p1|Tornadus-Therian, M|
|poke|p1|Kyurem|
|poke|p1|Slowking-Galar, M|
|poke|p1|Kingambit, M|
|poke|p2|Clodsire, F|
|poke|p2|Alomomola, F|
|poke|p2|Hydrapple, F|
|poke|p2|Meowscarada, M|
|poke|p2|Primarina, F|
|poke|p2|Weezing-Galar, M|
|teampreview
|inactive|Battle timer is ON: inactive players will automatically lose when time's up. (requested by goodnightnite)
|
|t:|1781005738
|teamsize|p1|6
|teamsize|p2|6
|start
|switch|p1a: Slowking|Slowking-Galar, M|100/100
|switch|p2a: Meowscarada|Meowscarada, M|100/100
|turn|1
|
|t:|1781005745
|switch|p1a: Great Tusk|Great Tusk|100/100
|move|p2a: Meowscarada|Knock Off|p1a: Great Tusk
|-start|p2a: Meowscarada|typechange|Dark|[from] ability: Protean
|-resisted|p1a: Great Tusk
|-damage|p1a: Great Tusk|75/100
|-damage|p2a: Meowscarada|84/100|[from] item: Rocky Helmet|[of] p1a: Great Tusk
|-enditem|p1a: Great Tusk|Rocky Helmet|[from] move: Knock Off|[of] p2a: Meowscarada
|
|upkeep
|turn|2
|j| michealjackkson
|
|t:|1781005752
|switch|p2a: Alomomola|Alomomola, F|100/100
|-end|p1a: Great Tusk|Protosynthesis|[silent]
|switch|p1a: Slowking|Slowking-Galar, M|100/100
|
|upkeep
|turn|3
|
|t:|1781005756
|move|p2a: Alomomola|Flip Turn|p1a: Slowking
|-damage|p1a: Slowking|89/100
|
|t:|1781005760
|switch|p2a: Meowscarada|Meowscarada, M|84/100|[from] Flip Turn
|move|p1a: Slowking|Trick|p2a: Meowscarada
|-activate|p1a: Slowking|move: Trick|[of] p2a: Meowscarada
|-item|p2a: Meowscarada|Black Sludge|[from] move: Trick
|-item|p1a: Slowking|Choice Band|[from] move: Trick
|
|-damage|p2a: Meowscarada|72/100|[from] item: Black Sludge
|upkeep
|turn|4
|
|t:|1781005771
|move|p2a: Meowscarada|U-turn|p1a: Slowking
|-start|p2a: Meowscarada|typechange|Bug|[from] ability: Protean
|-damage|p1a: Slowking|65/100
|
|t:|1781005777
|switch|p2a: Alomomola|Alomomola, F|100/100|[from] U-turn
|-prepare|p1a: Slowking|Chilly Reception|[premajor]
|move|p1a: Slowking|Chilly Reception|p1a: Slowking
|-weather|Snowscape
|
|t:|1781005781
|switch|p1a: Kyurem|Kyurem|100/100|[from] Chilly Reception
|-ability|p1a: Kyurem|Pressure
|
|-weather|Snowscape|[upkeep]
|upkeep
|turn|5
|
|t:|1781005789
|switch|p1a: Slowking|Slowking-Galar, M|98/100
|move|p2a: Alomomola|Flip Turn|p1a: Slowking
|-damage|p1a: Slowking|86/100
|
|t:|1781005799
|switch|p2a: Hydrapple|Hydrapple, F|100/100|[from] Flip Turn
|
|-weather|Snowscape|[upkeep]
|upkeep
|turn|6
|
|t:|1781005802
|move|p2a: Hydrapple|Earth Power|p1a: Slowking
|-supereffective|p1a: Slowking
|-damage|p1a: Slowking|15/100
|move|p1a: Slowking|Sludge Bomb|p2a: Hydrapple
|-supereffective|p2a: Hydrapple
|-damage|p2a: Hydrapple|46/100
|-status|p2a: Hydrapple|psn
|
|-weather|Snowscape|[upkeep]
|-damage|p2a: Hydrapple|33/100 psn|[from] psn
|upkeep
|turn|7
|
|t:|1781005811
|switch|p2a: Alomomola|Alomomola, F|100/100
|switch|p1a: Hatterene|Hatterene, F|100/100
|
|-weather|Snowscape|[upkeep]
|upkeep
|turn|8
|
|t:|1781005815
|move|p2a: Alomomola|Wish|p2a: Alomomola
|move|p1a: Hatterene|Nuzzle|p2a: Alomomola
|-supereffective|p2a: Alomomola
|-damage|p2a: Alomomola|96/100
|
|-weather|none
|upkeep
|turn|9
|
|t:|1781005823
|move|p2a: Alomomola|Flip Turn|p1a: Hatterene
|-damage|p1a: Hatterene|86/100
|-damage|p2a: Alomomola|79/100|[from] item: Rocky Helmet|[of] p1a: Hatterene
|
|t:|1781005825
|switch|p2a: Hydrapple|Hydrapple, F|66/100 psn|[from] Flip Turn
|move|p1a: Hatterene|Psychic Noise|p2a: Hydrapple
|-damage|p2a: Hydrapple|37/100 psn
|-start|p2a: Hydrapple|move: Heal Block
|
|-damage|p2a: Hydrapple|24/100 psn|[from] psn
|upkeep
|turn|10
|
|t:|1781005831
|switch|p2a: Alomomola|Alomomola, F|100/100
|move|p1a: Hatterene|Psychic Noise|p2a: Alomomola
|-damage|p2a: Alomomola|68/100
|
|upkeep
|turn|11
|
|t:|1781005837
|move|p2a: Alomomola|Wish|p2a: Alomomola
|move|p1a: Hatterene|Psychic Noise|p2a: Alomomola
|-damage|p2a: Alomomola|38/100
|
|upkeep
|turn|12
|
|t:|1781005842
|move|p2a: Alomomola|Protect|p2a: Alomomola
|-singleturn|p2a: Alomomola|Protect
|move|p1a: Hatterene|Nuzzle|p2a: Alomomola
|-activate|p2a: Alomomola|move: Protect
|
|-heal|p2a: Alomomola|88/100|[from] move: Wish|[wisher] Alomomola
|upkeep
|turn|13
|
|t:|1781005848
|switch|p1a: Slowking|Slowking-Galar, M|48/100
|move|p2a: Alomomola|Wish|p2a: Alomomola
|
|upkeep
|turn|14
|
|t:|1781005855
|move|p2a: Alomomola|Flip Turn|p1a: Slowking
|-damage|p1a: Slowking|37/100
|
|t:|1781005858
|switch|p2a: Hydrapple|Hydrapple, F|57/100 psn|[from] Flip Turn
|move|p1a: Slowking|Trick|p2a: Hydrapple
|-activate|p1a: Slowking|move: Trick|[of] p2a: Hydrapple
|-item|p2a: Hydrapple|Choice Band|[from] move: Trick
|-item|p1a: Slowking|Choice Specs|[from] move: Trick
|
|-heal|p2a: Hydrapple|100/100 psn|[from] move: Wish|[wisher] Alomomola
|-damage|p2a: Hydrapple|88/100 psn|[from] psn
|upkeep
|turn|15
|
|t:|1781005870
|switch|p2a: Alomomola|Alomomola, F|100/100
|switch|p1a: Tornadus|Tornadus-Therian, M|100/100
|
|upkeep
|turn|16
|
|t:|1781005877
|switch|p2a: Hydrapple|Hydrapple, F|100/100 psn
|move|p1a: Tornadus|Knock Off|p2a: Hydrapple
|-damage|p2a: Hydrapple|84/100 psn
|-enditem|p2a: Hydrapple|Choice Band|[from] move: Knock Off|[of] p1a: Tornadus
|
|-damage|p2a: Hydrapple|71/100 psn|[from] psn
|upkeep
|turn|17
|
|t:|1781005882
|switch|p2a: Alomomola|Alomomola, F|100/100
|move|p1a: Tornadus|Bleakwind Storm|p2a: Alomomola
|-damage|p2a: Alomomola|68/100
|
|upkeep
|turn|18
|
|t:|1781005890
|switch|p2a: Meowscarada|Meowscarada, M|72/100
|move|p1a: Tornadus|Knock Off|p2a: Meowscarada
|-resisted|p2a: Meowscarada
|-damage|p2a: Meowscarada|56/100
|-enditem|p2a: Meowscarada|Black Sludge|[from] move: Knock Off|[of] p1a: Tornadus
|
|upkeep
|turn|19
|
|t:|1781005896
|move|p2a: Meowscarada|Triple Axel|p1a: Tornadus
|-start|p2a: Meowscarada|typechange|Ice|[from] ability: Protean
|-supereffective|p1a: Tornadus
|-damage|p1a: Tornadus|79/100
|-hitcount|p1a: Tornadus|1
|move|p1a: Tornadus|U-turn|p2a: Meowscarada
|-damage|p2a: Meowscarada|33/100
|
|t:|1781005902
|switch|p1a: Slowking|Slowking-Galar, M|70/100|[from] U-turn
|
|upkeep
|turn|20
|
|t:|1781005907
|move|p2a: Meowscarada|Knock Off|p1a: Slowking
|-supereffective|p1a: Slowking
|-damage|p1a: Slowking|26/100
|-enditem|p1a: Slowking|Choice Specs|[from] move: Knock Off|[of] p2a: Meowscarada
|move|p1a: Slowking|Sludge Bomb|p2a: Meowscarada
|-damage|p2a: Meowscarada|0 fnt
|faint|p2a: Meowscarada
|
|upkeep
|
|t:|1781005925
|switch|p2a: Hydrapple|Hydrapple, F|100/100 psn
|turn|21
|
|t:|1781005929
|switch|p1a: Tornadus|Tornadus-Therian, M|100/100
|move|p2a: Hydrapple|Fickle Beam|p1a: Tornadus|[anim] Fickle Beam All Out
|-activate|p2a: Hydrapple|move: Fickle Beam
|-damage|p1a: Tornadus|54/100
|
|-damage|p2a: Hydrapple|88/100 psn|[from] psn
|upkeep
|turn|22
|
|t:|1781005939
|move|p1a: Tornadus|U-turn|p2a: Hydrapple
|-supereffective|p2a: Hydrapple
|-damage|p2a: Hydrapple|67/100 psn
|
|t:|1781005944
|switch|p1a: Hatterene|Hatterene, F|86/100|[from] U-turn
|move|p2a: Hydrapple|Draco Meteor|p1a: Hatterene
|-immune|p1a: Hatterene
|
|-damage|p2a: Hydrapple|54/100 psn|[from] psn
|upkeep
|turn|23
|
|t:|1781005949
|switch|p2a: Alomomola|Alomomola, F|100/100
|switch|p1a: Tornadus|Tornadus-Therian, M|87/100
|
|upkeep
|turn|24
|
|t:|1781005957
|move|p1a: Tornadus|Knock Off|p2a: Alomomola
|-damage|p2a: Alomomola|88/100
|-enditem|p2a: Alomomola|Covert Cloak|[from] move: Knock Off|[of] p1a: Tornadus
|move|p2a: Alomomola|Flip Turn|p1a: Tornadus
|-damage|p1a: Tornadus|69/100
|
|t:|1781005959
|switch|p2a: Weezing|Weezing-Galar, M|100/100|[from] Flip Turn
|-ability|p2a: Weezing|Neutralizing Gas
|
|upkeep
|turn|25
|
|t:|1781005964
|move|p1a: Tornadus|Bleakwind Storm|p2a: Weezing|[miss]
|-miss|p1a: Tornadus|p2a: Weezing
|move|p2a: Weezing|Will-O-Wisp|p1a: Tornadus
|-status|p1a: Tornadus|brn
|
|-damage|p1a: Tornadus|63/100 brn|[from] brn
|upkeep
|turn|26
|
|t:|1781005970
|-end|p2a: Weezing|ability: Neutralizing Gas
|switch|p2a: Alomomola|Alomomola, F|100/100
|move|p1a: Tornadus|U-turn|p2a: Alomomola
|-damage|p2a: Alomomola|96/100
|
|t:|1781005974
|switch|p1a: Slowking|Slowking-Galar, M|60/100|[from] U-turn
|
|upkeep
|turn|27
|
|t:|1781005982
|move|p2a: Alomomola|Wish|p2a: Alomomola
|move|p1a: Slowking|Future Sight|p2a: Alomomola
|-start|p1a: Slowking|move: Future Sight
|
|upkeep
|turn|28
|
|t:|1781005989
|move|p2a: Alomomola|Flip Turn|p1a: Slowking
|-damage|p1a: Slowking|48/100
|
|t:|1781005990
|switch|p2a: Weezing|Weezing-Galar, M|100/100|[from] Flip Turn
|-ability|p2a: Weezing|Neutralizing Gas
|-prepare|p1a: Slowking|Chilly Reception|[premajor]
|move|p1a: Slowking|Chilly Reception|p1a: Slowking
|-weather|Snowscape
|j| Because Arcanine
|
|t:|1781005996
|switch|p1a: Kyurem|Kyurem|100/100|[from] Chilly Reception
|
|-weather|Snowscape|[upkeep]
|upkeep
|turn|29
|
|t:|1781006005
|move|p1a: Kyurem|Blizzard|p2a: Weezing
|-damage|p2a: Weezing|3/100
|move|p2a: Weezing|Will-O-Wisp|p1a: Kyurem
|-status|p1a: Kyurem|brn
|
|-weather|Snowscape|[upkeep]
|-end|p2a: Weezing|move: Future Sight
|-supereffective|p2a: Weezing
|-damage|p2a: Weezing|0 fnt
|faint|p2a: Weezing
|-end|p2a: Weezing|ability: Neutralizing Gas
|-ability|p1a: Kyurem|Pressure
|-damage|p1a: Kyurem|94/100 brn|[from] brn
|upkeep
|
|t:|1781006022
|switch|p2a: Primarina|Primarina, F|100/100
|turn|30
|
|t:|1781006041
|switch|p1a: Tornadus|Tornadus-Therian, M|96/100 brn
|move|p2a: Primarina|Whirlpool|p1a: Tornadus|[miss]
|-miss|p2a: Primarina|p1a: Tornadus
|
|-weather|Snowscape|[upkeep]
|-damage|p1a: Tornadus|90/100 brn|[from] brn
|upkeep
|turn|31
|
|t:|1781006049
|move|p2a: Primarina|Protect|p2a: Primarina
|-singleturn|p2a: Primarina|Protect
|move|p1a: Tornadus|Knock Off|p2a: Primarina
|-activate|p2a: Primarina|move: Protect
|
|-weather|Snowscape|[upkeep]
|-damage|p1a: Tornadus|84/100 brn|[from] brn
|upkeep
|turn|32
|
|t:|1781006053
|switch|p2a: Alomomola|Alomomola, F|100/100
|move|p1a: Tornadus|Knock Off|p2a: Alomomola
|-damage|p2a: Alomomola|96/100
|
|-weather|none
|-damage|p1a: Tornadus|77/100 brn|[from] brn
|upkeep
|turn|33
|
|t:|1781006060
|move|p1a: Tornadus|U-turn|p2a: Alomomola
|-damage|p2a: Alomomola|92/100
|
|t:|1781006063
|switch|p1a: Hatterene|Hatterene, F|86/100|[from] U-turn
|move|p2a: Alomomola|Flip Turn|p1a: Hatterene
|-damage|p1a: Hatterene|71/100
|-damage|p2a: Alomomola|75/100|[from] item: Rocky Helmet|[of] p1a: Hatterene
|j| testingrainteam1
|
|t:|1781006080
|switch|p2a: Hydrapple|Hydrapple, F|88/100 psn|[from] Flip Turn
|
|-damage|p2a: Hydrapple|75/100 psn|[from] psn
|upkeep
|turn|34
|
|t:|1781006087
|move|p2a: Hydrapple|Leaf Storm|p1a: Hatterene
|-damage|p1a: Hatterene|0 fnt
|-unboost|p2a: Hydrapple|spa|2
|faint|p1a: Hatterene
|
|-damage|p2a: Hydrapple|63/100 psn|[from] psn
|upkeep
|
|t:|1781006093
|switch|p1a: Slowking|Slowking-Galar, M|48/100
|turn|35
|
|t:|1781006098
|switch|p2a: Alomomola|Alomomola, F|100/100
|-prepare|p1a: Slowking|Chilly Reception|[premajor]
|move|p1a: Slowking|Chilly Reception|p1a: Slowking
|-weather|Snowscape
|
|t:|1781006102
|switch|p1a: Kyurem|Kyurem|94/100 brn|[from] Chilly Reception
|-ability|p1a: Kyurem|Pressure
|
|-weather|Snowscape|[upkeep]
|-damage|p1a: Kyurem|88/100 brn|[from] brn
|upkeep
|turn|36
|
|t:|1781006107
|move|p1a: Kyurem|Freeze-Dry|p2a: Alomomola
|-supereffective|p2a: Alomomola
|-damage|p2a: Alomomola|0 fnt
|faint|p2a: Alomomola
|
|-weather|Snowscape|[upkeep]
|-damage|p1a: Kyurem|82/100 brn|[from] brn
|upkeep
|
|t:|1781006117
|switch|p2a: Hydrapple|Hydrapple, F|96/100 psn
|turn|37
|
|t:|1781006121
|switch|p1a: Kingambit|Kingambit, M|100/100
|-activate|p1a: Kingambit|ability: Supreme Overlord
|-start|p1a: Kingambit|fallen1|[silent]
|-terastallize|p2a: Hydrapple|Steel
|move|p2a: Hydrapple|Fickle Beam|p1a: Kingambit
|-resisted|p1a: Kingambit
|-damage|p1a: Kingambit|81/100
|
|-weather|Snowscape|[upkeep]
|-heal|p1a: Kingambit|88/100|[from] item: Leftovers
|-damage|p2a: Hydrapple|83/100 psn|[from] psn
|upkeep
|turn|38
|
|t:|1781006125
|-end|p1a: Kingambit|fallen1|[silent]
|switch|p1a: Kyurem|Kyurem|82/100 brn
|-ability|p1a: Kyurem|Pressure
|move|p2a: Hydrapple|Earth Power|p1a: Kyurem
|-damage|p1a: Kyurem|53/100 brn
|
|-weather|Snowscape|[upkeep]
|-damage|p2a: Hydrapple|71/100 psn|[from] psn
|-damage|p1a: Kyurem|47/100 brn|[from] brn
|upkeep
|turn|39
|
|t:|1781006133
|switch|p2a: Primarina|Primarina, F|100/100
|move|p1a: Kyurem|Blizzard|p2a: Primarina
|-resisted|p2a: Primarina
|-damage|p2a: Primarina|68/100
|
|-weather|none
|-heal|p2a: Primarina|74/100|[from] item: Leftovers
|-damage|p1a: Kyurem|41/100 brn|[from] brn
|upkeep
|turn|40
|
|t:|1781006139
|switch|p1a: Slowking|Slowking-Galar, M|81/100
|move|p2a: Primarina|Whirlpool|p1a: Slowking
|-damage|p1a: Slowking|70/100
|-activate|p1a: Slowking|move: Whirlpool|[of] p2a: Primarina
|
|-heal|p2a: Primarina|80/100|[from] item: Leftovers
|-damage|p1a: Slowking|58/100|[from] move: Whirlpool|[partiallytrapped]
|upkeep
|turn|41
|
|t:|1781006144
|move|p2a: Primarina|Protect|p2a: Primarina
|-singleturn|p2a: Primarina|Protect
|-prepare|p1a: Slowking|Chilly Reception|[premajor]
|move|p1a: Slowking|Chilly Reception|p1a: Slowking
|-weather|Snowscape
|
|t:|1781006148
|switch|p1a: Kingambit|Kingambit, M|88/100|[from] Chilly Reception
|-activate|p1a: Kingambit|ability: Supreme Overlord
|-start|p1a: Kingambit|fallen1|[silent]
|
|-weather|Snowscape|[upkeep]
|-heal|p2a: Primarina|86/100|[from] item: Leftovers
|-heal|p1a: Kingambit|94/100|[from] item: Leftovers
|upkeep
|turn|42
|
|t:|1781006154
|move|p2a: Primarina|Whirlpool|p1a: Kingambit|[miss]
|-miss|p2a: Primarina|p1a: Kingambit
|move|p1a: Kingambit|Swords Dance|p1a: Kingambit
|-boost|p1a: Kingambit|atk|2
|
|-weather|Snowscape|[upkeep]
|-heal|p2a: Primarina|93/100|[from] item: Leftovers
|-heal|p1a: Kingambit|99/100|[from] item: Leftovers
|upkeep
|turn|43
|
|t:|1781006167
|move|p2a: Primarina|Moonblast|p1a: Kingambit
|-damage|p1a: Kingambit|62/100
|move|p1a: Kingambit|Iron Head|p2a: Primarina
|-damage|p2a: Primarina|2/100
|
|-weather|Snowscape|[upkeep]
|-heal|p2a: Primarina|8/100|[from] item: Leftovers
|-heal|p1a: Kingambit|68/100|[from] item: Leftovers
|upkeep
|turn|44
|
|t:|1781006173
|move|p1a: Kingambit|Sucker Punch||[still]
|-fail|p1a: Kingambit
|move|p2a: Primarina|Perish Song|p2a: Primarina
|-start|p1a: Kingambit|perish3|[silent]
|-start|p2a: Primarina|perish3|[silent]
|-fieldactivate|move: Perish Song
|
|-weather|Snowscape|[upkeep]
|-heal|p2a: Primarina|14/100|[from] item: Leftovers
|-heal|p1a: Kingambit|74/100|[from] item: Leftovers
|-start|p2a: Primarina|perish3
|-start|p1a: Kingambit|perish3
|upkeep
|turn|45
|
|t:|1781006178
|move|p2a: Primarina|Protect|p2a: Primarina
|-singleturn|p2a: Primarina|Protect
|move|p1a: Kingambit|Sucker Punch||[still]
|-fail|p1a: Kingambit
|
|-weather|none
|-heal|p2a: Primarina|20/100|[from] item: Leftovers
|-heal|p1a: Kingambit|80/100|[from] item: Leftovers
|-start|p2a: Primarina|perish2
|-start|p1a: Kingambit|perish2
|upkeep
|turn|46
|
|t:|1781006184
|move|p2a: Primarina|Whirlpool|p1a: Kingambit
|-damage|p1a: Kingambit|58/100
|-activate|p1a: Kingambit|move: Whirlpool|[of] p2a: Primarina
|move|p1a: Kingambit|Kowtow Cleave|p2a: Primarina
|-resisted|p2a: Primarina
|-damage|p2a: Primarina|0 fnt
|faint|p2a: Primarina
|
|-heal|p1a: Kingambit|64/100|[from] item: Leftovers
|-end|p1a: Kingambit|Whirlpool|[partiallytrapped]|[silent]
|-start|p1a: Kingambit|perish1
|upkeep
|
|t:|1781006189
|switch|p2a: Clodsire|Clodsire, F|100/100
|turn|47
|
|t:|1781006194
|move|p1a: Kingambit|Kowtow Cleave|p2a: Clodsire
|-damage|p2a: Clodsire|51/100
|move|p2a: Clodsire|Curse|p2a: Clodsire
|-unboost|p2a: Clodsire|spe|1
|-boost|p2a: Clodsire|atk|1
|-boost|p2a: Clodsire|def|1
|
|-heal|p1a: Kingambit|70/100|[from] item: Leftovers
|-heal|p2a: Clodsire|57/100|[from] item: Leftovers
|-start|p1a: Kingambit|perish0
|upkeep
|faint|p1a: Kingambit
|-end|p1a: Kingambit|fallen1|[silent]
|j| JC Hyper Cube
|
|t:|1781006200
|switch|p1a: Kyurem|Kyurem|41/100 brn
|-ability|p1a: Kyurem|Pressure
|turn|48
|
|t:|1781006206
|move|p1a: Kyurem|Earth Power|p2a: Clodsire
|-supereffective|p2a: Clodsire
|-damage|p2a: Clodsire|0 fnt
|faint|p2a: Clodsire
|
|-damage|p1a: Kyurem|35/100 brn|[from] brn
|upkeep
|-message|zozotown forfeited.
|
|win|goodnightnite
|raw|goodnightnite's rating: 1626 &rarr; <strong>1651</strong><br />(+25 for winning)
|raw|zozotown's rating: 1721 &rarr; <strong>1696</strong><br />(-25 for losing)
|l|‽zozotown
|player|p2|
