|j|☆STONE CHAI
|j|☆Praise The Salt
|t:|1781191079
|gametype|singles
|player|p1|STONE CHAI|1|1648
|player|p2|Praise The Salt|2|1674
|gen|9
|tier|[Gen 9] OU
|rated|
|rule|HP Percentage Mod: HP is shown in percentages
|rule|Endless Battle Clause: Forcing endless battles is banned
|rule|Species Clause: Limit one of each Pokémon
|rule|OHKO Clause: OHKO moves are banned
|rule|Evasion Items Clause: Evasion items are banned
|rule|Evasion Moves Clause: Evasion moves are banned
|rule|Evasion Abilities Clause: Evasion abilities are banned
|rule|Sleep Moves Clause: Sleep-inducing moves are banned
|clearpoke
|poke|p1|Rillaboom, M|
|poke|p1|Serperior, F|
|poke|p1|Heatran, M|
|poke|p1|Gholdengo|
|poke|p1|Zamazenta-*|
|poke|p1|Great Tusk|
|poke|p2|Cinderace, F|
|poke|p2|Fezandipiti, M|
|poke|p2|Great Tusk|
|poke|p2|Mandibuzz, F|
|poke|p2|Torkoal, M|
|poke|p2|Volcanion|
|teampreview
|inactive|Battle timer is ON: inactive players will automatically lose when time's up. (requested by Praise The Salt)
|inactive|STONE CHAI has 120 seconds left.
|inactive|Praise The Salt has 120 seconds left.
|j| brazy asd
|j| crck like alakazam
|inactive|Praise The Salt has 90 seconds left.
|l| crck like alakazam
|
|t:|1781191164
|teamsize|p1|6
|teamsize|p2|6
|start
|switch|p1a: Heatran|Heatran, M|100/100
|switch|p2a: Cinderace|Cinderace, F|100/100
|-item|p1a: Heatran|Air Balloon
|turn|1
|l| brazy asd
|j| newhere1310
|inactive|Praise The Salt has 120 seconds left.
|j| brazy asd
|
|t:|1781191215
|move|p2a: Cinderace|High Jump Kick|p1a: Heatran
|-start|p2a: Cinderace|typechange|Fighting|[from] ability: Libero
|-supereffective|p1a: Heatran
|-damage|p1a: Heatran|0 fnt
|-enditem|p1a: Heatran|Air Balloon
|faint|p1a: Heatran
|
|upkeep
|
|t:|1781191224
|switch|p1a: Gholdengo|Gholdengo|100/100
|turn|2
|l| brazy asd
|inactive|Praise The Salt has 90 seconds left.
|j| brazy asd
|inactive|Praise The Salt has 60 seconds left.
|l| brazy asd
|
|t:|1781191295
|switch|p1a: Rillaboom|Rillaboom, M|100/100
|-fieldstart|move: Grassy Terrain|[from] ability: Grassy Surge|[of] p1a: Rillaboom
|move|p2a: Cinderace|Pyro Ball|p1a: Rillaboom
|-supereffective|p1a: Rillaboom
|-damage|p1a: Rillaboom|1/100
|
|-heal|p1a: Rillaboom|7/100|[from] Grassy Terrain
|upkeep
|turn|3
|j| crck like alakazam
|
|t:|1781191315
|move|p2a: Cinderace|Sucker Punch|p1a: Rillaboom
|-damage|p1a: Rillaboom|0 fnt
|faint|p1a: Rillaboom
|
|upkeep
|
|t:|1781191319
|switch|p1a: Gholdengo|Gholdengo|100/100
|-enditem|p1a: Gholdengo|Grassy Seed
|-boost|p1a: Gholdengo|def|1|[from] item: Grassy Seed
|turn|4
|l| crck like alakazam
|j| brazy asd
|inactive|Praise The Salt has 30 seconds left.
|
|t:|1781191346
|-terastallize|p1a: Gholdengo|Water
|move|p2a: Cinderace|Pyro Ball|p1a: Gholdengo
|-resisted|p1a: Gholdengo
|-damage|p1a: Gholdengo|84/100
|move|p1a: Gholdengo|Nasty Plot|p1a: Gholdengo
|-boost|p1a: Gholdengo|spa|2
|
|-heal|p1a: Gholdengo|90/100|[from] Grassy Terrain
|upkeep
|turn|5
|inactive|Praise The Salt has 30 seconds left.
|
|t:|1781191358
|move|p2a: Cinderace|High Jump Kick|p1a: Gholdengo
|-damage|p1a: Gholdengo|43/100
|move|p1a: Gholdengo|Shadow Ball|p2a: Cinderace
|-damage|p2a: Cinderace|0 fnt
|faint|p2a: Cinderace
|
|-heal|p1a: Gholdengo|49/100|[from] Grassy Terrain
|upkeep
|inactive|Praise The Salt has 30 seconds left this turn.
|inactive|Praise The Salt has 20 seconds left.
|inactive|Praise The Salt has 15 seconds left.
|
|t:|1781191375
|switch|p2a: Great Tusk|Great Tusk, shiny|100/100
|turn|6
|inactive|Praise The Salt has 25 seconds left this turn.
|
|t:|1781191382
|-terastallize|p2a: Great Tusk|Ground
|move|p2a: Great Tusk|Headlong Rush|p1a: Gholdengo
|-damage|p1a: Gholdengo|0 fnt
|-unboost|p2a: Great Tusk|def|1
|-unboost|p2a: Great Tusk|spd|1
|faint|p1a: Gholdengo
|
|-fieldend|move: Grassy Terrain
|upkeep
|
|t:|1781191391
|switch|p1a: Serperior|Serperior, F|100/100
|turn|7
|inactive|Praise The Salt has 30 seconds left.
|
|t:|1781191408
|-end|p2a: Great Tusk|Protosynthesis|[silent]
|switch|p2a: Torkoal|Torkoal, M, shiny|100/100
|-weather|SunnyDay|[from] ability: Drought|[of] p2a: Torkoal
|move|p1a: Serperior|Leaf Storm|p2a: Torkoal
|-resisted|p2a: Torkoal
|-damage|p2a: Torkoal|68/100
|-boost|p1a: Serperior|spa|2
|
|-weather|SunnyDay|[upkeep]
|upkeep
|turn|8
|inactive|Praise The Salt has 30 seconds left.
|inactive|STONE CHAI has 120 seconds left.
|
|t:|1781191459
|switch|p1a: Zamazenta|Zamazenta|100/100
|-ability|p1a: Zamazenta|Dauntless Shield|boost
|-boost|p1a: Zamazenta|def|1
|move|p2a: Torkoal|Fire Blast|p1a: Zamazenta
|-damage|p1a: Zamazenta|38/100
|-status|p1a: Zamazenta|brn
|
|-weather|SunnyDay|[upkeep]
|-damage|p1a: Zamazenta|32/100 brn|[from] brn
|upkeep
|turn|9
|inactive|Praise The Salt has 30 seconds left.
|c|☆Praise The Salt|oh oops
|
|t:|1781191477
|move|p1a: Zamazenta|Close Combat|p2a: Torkoal
|-damage|p2a: Torkoal|38/100
|-unboost|p1a: Zamazenta|def|1
|-unboost|p1a: Zamazenta|spd|1
|-damage|p1a: Zamazenta|22/100 brn|[from] item: Life Orb
|move|p2a: Torkoal|Fire Blast|p1a: Zamazenta
|-damage|p1a: Zamazenta|0 fnt
|faint|p1a: Zamazenta
|
|-weather|SunnyDay|[upkeep]
|upkeep
|inactive|STONE CHAI has 90 seconds left.
|
|t:|1781191521
|switch|p1a: Great Tusk|Great Tusk|100/100
|-activate|p1a: Great Tusk|ability: Protosynthesis
|-start|p1a: Great Tusk|protosynthesisspe
|turn|10
|
|t:|1781191525
|move|p1a: Great Tusk|Bulk Up|p1a: Great Tusk
|-boost|p1a: Great Tusk|atk|1
|-boost|p1a: Great Tusk|def|1
|move|p2a: Torkoal|Fire Blast|p1a: Great Tusk
|-damage|p1a: Great Tusk|19/100
|
|-weather|SunnyDay|[upkeep]
|upkeep
|turn|11
|j| yuureisuisei
|
|t:|1781191536
|move|p1a: Great Tusk|Head Smash|p2a: Torkoal
|-supereffective|p2a: Torkoal
|-damage|p2a: Torkoal|0 fnt
|faint|p2a: Torkoal
|-damage|p1a: Great Tusk|5/100|[from] Recoil
|
|-weather|SunnyDay|[upkeep]
|upkeep
|inactive|Praise The Salt has 30 seconds left.
|
|t:|1781191558
|switch|p2a: Mandibuzz|Mandibuzz, F, shiny|100/100
|turn|12
|inactive|STONE CHAI has 90 seconds left.
|inactive|Praise The Salt has 30 seconds left.
|
|t:|1781191568
|move|p1a: Great Tusk|Head Smash|p2a: Mandibuzz|[miss]
|-miss|p1a: Great Tusk|p2a: Mandibuzz
|move|p2a: Mandibuzz|Roost||[still]
|-fail|p2a: Mandibuzz|heal
|
|-weather|SunnyDay|[upkeep]
|upkeep
|turn|13
|
|t:|1781191572
|move|p1a: Great Tusk|Head Smash|p2a: Mandibuzz
|-supereffective|p2a: Mandibuzz
|-damage|p2a: Mandibuzz|23/100
|-damage|p1a: Great Tusk|0 fnt|[from] item: Rocky Helmet|[of] p2a: Mandibuzz
|faint|p1a: Great Tusk
|-end|p1a: Great Tusk|Protosynthesis|[silent]
|move|p2a: Mandibuzz|Roost|p2a: Mandibuzz
|-heal|p2a: Mandibuzz|73/100
|-singleturn|p2a: Mandibuzz|move: Roost
|
|-weather|SunnyDay|[upkeep]
|upkeep
|
|t:|1781191577
|switch|p1a: Serperior|Serperior, F|100/100
|turn|14
|
|t:|1781191581
|move|p1a: Serperior|Leaf Storm|p2a: Mandibuzz
|-resisted|p2a: Mandibuzz
|-damage|p2a: Mandibuzz|49/100
|-boost|p1a: Serperior|spa|2
|move|p2a: Mandibuzz|Toxic|p1a: Serperior
|-status|p1a: Serperior|tox
|
|-weather|none
|-damage|p1a: Serperior|94/100 tox|[from] psn
|upkeep
|turn|15
|inactive|Praise The Salt has 60 seconds left.
|c|☆STONE CHAI|ah man
|
|t:|1781191588
|move|p1a: Serperior|Leaf Storm|p2a: Mandibuzz
|-resisted|p2a: Mandibuzz
|-damage|p2a: Mandibuzz|8/100
|-boost|p1a: Serperior|spa|2
|move|p2a: Mandibuzz|Roost|p2a: Mandibuzz
|-heal|p2a: Mandibuzz|58/100
|-singleturn|p2a: Mandibuzz|move: Roost
|
|-damage|p1a: Serperior|82/100 tox|[from] psn
|upkeep
|turn|16
|l| brazy asd
|
|t:|1781191592
|move|p1a: Serperior|Leaf Storm|p2a: Mandibuzz
|-resisted|p2a: Mandibuzz
|-damage|p2a: Mandibuzz|0 fnt
|-boost|p1a: Serperior|spa|2
|faint|p2a: Mandibuzz
|
|-damage|p1a: Serperior|64/100 tox|[from] psn
|upkeep
|
|t:|1781191599
|switch|p2a: Great Tusk|Great Tusk, shiny, tera:Ground|100/100
|turn|17
|
|t:|1781191603
|move|p1a: Serperior|Leaf Storm|p2a: Great Tusk
|-supereffective|p2a: Great Tusk
|-damage|p2a: Great Tusk|0 fnt
|faint|p2a: Great Tusk
|-end|p2a: Great Tusk|Protosynthesis|[silent]
|
|-damage|p1a: Serperior|40/100 tox|[from] psn
|upkeep
|j| goobix
|
|t:|1781191605
|switch|p2a: Volcanion|Volcanion|100/100
|turn|18
|
|t:|1781191607
|move|p1a: Serperior|Leaf Storm|p2a: Volcanion
|-damage|p2a: Volcanion|0 fnt
|faint|p2a: Volcanion
|
|-damage|p1a: Serperior|10/100 tox|[from] psn
|upkeep
|
|t:|1781191610
|switch|p2a: Fezandipiti|Fezandipiti, M|100/100
|turn|19
|
|t:|1781191612
|move|p1a: Serperior|Leaf Storm|p2a: Fezandipiti
|-resisted|p2a: Fezandipiti
|-damage|p2a: Fezandipiti|21/100
|move|p2a: Fezandipiti|Moonblast|p1a: Serperior
|-damage|p1a: Serperior|0 fnt
|faint|p1a: Serperior
|
|win|Praise The Salt
|raw|STONE CHAI's rating: 1648 &rarr; <strong>1629</strong><br />(-19 for losing)
|raw|Praise The Salt's rating: 1674 &rarr; <strong>1693</strong><br />(+19 for winning)
|c|☆Praise The Salt|gg
|l|☆STONE CHAI
|player|p1|
|l| goobix
|l|☆Praise The Salt
|player|p2|
|l| yuureisuisei
