|j|☆tboc13
|j|☆KurisuChestnutOU
|t:|1781152501
|gametype|singles
|player|p1|tboc13|dawn|1572
|player|p2|KurisuChestnutOU|may-contest|1523
|gen|9
|tier|[Gen 9] OU
|rated|
|rule|HP Percentage Mod: HP is shown in percentages
|rule|Endless Battle Clause: Forcing endless battles is banned
|rule|Species Clause: Limit one of each Pokémon
|rule|OHKO Clause: OHKO moves are banned
|rule|Evasion Items Clause: Evasion items are banned
|rule|Evasion Moves Clause: Evasion moves are banned
|rule|Evasion Abilities Clause: Evasion abilities are banned
|rule|Sleep Moves Clause: Sleep-inducing moves are banned
|clearpoke
|poke|p1|Meowscarada, F|
|poke|p1|Samurott-Hisui, F|
|poke|p1|Dragapult, F|
|poke|p1|Iron Treads|
|poke|p1|Moltres|
|poke|p1|Clefable, F|
|poke|p2|Hawlucha, F|
|poke|p2|Samurott-Hisui, F|
|poke|p2|Rillaboom, F|
|poke|p2|Gholdengo|
|poke|p2|Kyurem|
|poke|p2|Landorus-Therian, M|
|teampreview
|inactive|Battle timer is ON: inactive players will automatically lose when time's up. (requested by tboc13)
|inactive|KurisuChestnutOU also wants the timer to be on.
|
|t:|1781152530
|teamsize|p1|6
|teamsize|p2|6
|start
|switch|p1a: Samurott|Samurott-Hisui, F|100/100
|switch|p2a: Kyurem|Kyurem|100/100
|-ability|p2a: Kyurem|Pressure
|turn|1
|
|t:|1781152534
|move|p1a: Samurott|Sacred Sword|p2a: Kyurem
|-supereffective|p2a: Kyurem
|-damage|p2a: Kyurem|18/100
|move|p2a: Kyurem|Freeze-Dry|p1a: Samurott
|-supereffective|p1a: Samurott
|-damage|p1a: Samurott|0 fnt
|faint|p1a: Samurott
|
|upkeep
|
|t:|1781152539
|switch|p1a: Meowscarada|Meowscarada, F|100/100
|turn|2
|
|t:|1781152544
|switch|p2a: Rillaboom|Rillaboom, F|100/100
|-fieldstart|move: Grassy Terrain|[from] ability: Grassy Surge|[of] p2a: Rillaboom
|move|p1a: Meowscarada|Triple Axel|p2a: Rillaboom
|-start|p1a: Meowscarada|typechange|Ice|[from] ability: Protean
|-supereffective|p2a: Rillaboom
|-damage|p2a: Rillaboom|73/100
|-supereffective|p2a: Rillaboom
|-damage|p2a: Rillaboom|15/100
|-supereffective|p2a: Rillaboom
|-damage|p2a: Rillaboom|0 fnt
|faint|p2a: Rillaboom
|-hitcount|p2: Rillaboom|3
|
|upkeep
|
|t:|1781152549
|switch|p2a: Gholdengo|Gholdengo|100/100
|turn|3
|
|t:|1781152552
|switch|p1a: Moltres|Moltres|100/100
|move|p2a: Gholdengo|Shadow Ball|p1a: Moltres
|-damage|p1a: Moltres|60/100
|
|upkeep
|turn|4
|
|t:|1781152555
|move|p2a: Gholdengo|Shadow Ball|p1a: Moltres
|-damage|p1a: Moltres|16/100
|move|p1a: Moltres|Flamethrower|p2a: Gholdengo
|-supereffective|p2a: Gholdengo
|-damage|p2a: Gholdengo|14/100
|
|-heal|p2a: Gholdengo|20/100|[from] Grassy Terrain
|upkeep
|turn|5
|
|t:|1781152559
|move|p2a: Gholdengo|Shadow Ball|p1a: Moltres
|-damage|p1a: Moltres|0 fnt
|faint|p1a: Moltres
|
|-heal|p2a: Gholdengo|26/100|[from] Grassy Terrain
|upkeep
|
|t:|1781152560
|switch|p1a: Iron Treads|Iron Treads|100/100
|turn|6
|
|t:|1781152564
|move|p2a: Gholdengo|Shadow Ball|p1a: Iron Treads
|-damage|p1a: Iron Treads|36/100
|move|p1a: Iron Treads|Knock Off|p2a: Gholdengo
|-supereffective|p2a: Gholdengo
|-damage|p2a: Gholdengo|0 fnt
|-enditem|p2a: Gholdengo|Choice Scarf|[from] move: Knock Off|[of] p1a: Iron Treads
|faint|p2a: Gholdengo
|
|-heal|p1a: Iron Treads|42/100|[from] Grassy Terrain
|-fieldend|move: Grassy Terrain
|upkeep
|
|t:|1781152568
|switch|p2a: Kyurem|Kyurem|18/100
|-ability|p2a: Kyurem|Pressure
|turn|7
|
|t:|1781152574
|move|p1a: Iron Treads|Earthquake|p2a: Kyurem
|-damage|p2a: Kyurem|0 fnt
|faint|p2a: Kyurem
|
|upkeep
|
|t:|1781152581
|switch|p2a: Samurott|Samurott-Hisui, F|100/100
|turn|8
|
|t:|1781152587
|switch|p2a: Landorus|Landorus-Therian, M|100/100
|-ability|p2a: Landorus|Intimidate|boost
|-unboost|p1a: Iron Treads|atk|1
|move|p1a: Iron Treads|Earthquake|p2a: Landorus
|-immune|p2a: Landorus
|
|upkeep
|turn|9
|
|t:|1781152592
|switch|p2a: Samurott|Samurott-Hisui, F|100/100
|move|p1a: Iron Treads|Ice Spinner|p2a: Samurott
|-resisted|p2a: Samurott
|-damage|p2a: Samurott|91/100
|
|upkeep
|turn|10
|
|t:|1781152597
|-end|p1a: Iron Treads|Quark Drive|[silent]
|switch|p1a: Clefable|Clefable, F|100/100
|move|p2a: Samurott|Ceaseless Edge|p1a: Clefable
|-resisted|p1a: Clefable
|-damage|p1a: Clefable|79/100
|-sidestart|p1: tboc13|Spikes
|
|-heal|p1a: Clefable|85/100|[from] item: Leftovers
|upkeep
|turn|11
|
|t:|1781152603
|-terastallize|p2a: Samurott|Poison
|move|p2a: Samurott|Knock Off|p1a: Clefable
|-resisted|p1a: Clefable
|-damage|p1a: Clefable|63/100
|-enditem|p1a: Clefable|Leftovers|[from] move: Knock Off|[of] p2a: Samurott
|move|p1a: Clefable|Moonblast|p2a: Samurott
|-resisted|p2a: Samurott
|-damage|p2a: Samurott|82/100
|-unboost|p2a: Samurott|spa|1
|
|upkeep
|turn|12
|
|t:|1781152607
|move|p1a: Clefable|Protect|p1a: Clefable
|-singleturn|p1a: Clefable|Protect
|move|p2a: Samurott|Flip Turn|p1a: Clefable
|-activate|p1a: Clefable|move: Protect
|
|upkeep
|turn|13
|
|t:|1781152611
|move|p2a: Samurott|Ceaseless Edge|p1a: Clefable
|-resisted|p1a: Clefable
|-damage|p1a: Clefable|41/100
|-sidestart|p1: tboc13|Spikes
|move|p1a: Clefable|Wish|p1a: Clefable
|
|upkeep
|turn|14
|
|t:|1781152615
|switch|p1a: Meowscarada|Meowscarada, F|100/100
|-damage|p1a: Meowscarada|84/100|[from] Spikes
|move|p2a: Samurott|Knock Off|p1a: Meowscarada
|-resisted|p1a: Meowscarada
|-damage|p1a: Meowscarada|54/100
|-enditem|p1a: Meowscarada|Choice Band|[from] move: Knock Off|[of] p2a: Samurott
|
|-heal|p1a: Meowscarada|100/100|[from] move: Wish|[wisher] Clefable
|upkeep
|turn|15
|
|t:|1781152619
|switch|p2a: Landorus|Landorus-Therian, M|100/100
|-ability|p2a: Landorus|Intimidate|boost
|-unboost|p1a: Meowscarada|atk|1
|move|p1a: Meowscarada|Knock Off|p2a: Landorus
|-start|p1a: Meowscarada|typechange|Dark|[from] ability: Protean
|-damage|p2a: Landorus|74/100
|-damage|p1a: Meowscarada|84/100|[from] item: Rocky Helmet|[of] p2a: Landorus
|-enditem|p2a: Landorus|Rocky Helmet|[from] move: Knock Off|[of] p1a: Meowscarada
|
|upkeep
|turn|16
|
|t:|1781152623
|switch|p2a: Samurott|Samurott-Hisui, F, tera:Poison|82/100
|move|p1a: Meowscarada|Triple Axel|p2a: Samurott
|-damage|p2a: Samurott|77/100
|-damage|p2a: Samurott|68/100
|-damage|p2a: Samurott|55/100
|-hitcount|p2a: Samurott|3
|
|upkeep
|turn|17
|
|t:|1781152628
|move|p1a: Meowscarada|U-turn|p2a: Samurott
|-resisted|p2a: Samurott
|-damage|p2a: Samurott|46/100
|
|t:|1781152631
|switch|p1a: Clefable|Clefable, F|41/100|[from] U-turn
|move|p2a: Samurott|Ceaseless Edge|p1a: Clefable
|-resisted|p1a: Clefable
|-damage|p1a: Clefable|19/100
|-sidestart|p1: tboc13|Spikes
|
|upkeep
|turn|18
|
|t:|1781152635
|move|p2a: Samurott|Knock Off|p1a: Clefable
|-resisted|p1a: Clefable
|-crit|p1a: Clefable
|-damage|p1a: Clefable|0 fnt
|faint|p1a: Clefable
|
|upkeep
|
|t:|1781152636
|switch|p1a: Iron Treads|Iron Treads|42/100
|turn|19
|
|t:|1781152641
|move|p1a: Iron Treads|Rapid Spin|p2a: Samurott
|-damage|p2a: Samurott|30/100
|-boost|p1a: Iron Treads|spe|1
|-sideend|p1: tboc13|Spikes|[from] move: Rapid Spin|[of] p1a: Iron Treads
|move|p2a: Samurott|Flip Turn|p1a: Iron Treads
|-supereffective|p1a: Iron Treads
|-damage|p1a: Iron Treads|0 fnt
|faint|p1a: Iron Treads
|-end|p1a: Iron Treads|Quark Drive|[silent]
|
|t:|1781152647
|switch|p2a: Hawlucha|Hawlucha, F|100/100|[from] Flip Turn
|
|upkeep
|
|t:|1781152648
|switch|p1a: Dragapult|Dragapult, F|100/100
|turn|20
|
|t:|1781152653
|move|p1a: Dragapult|Will-O-Wisp|p2a: Hawlucha
|-status|p2a: Hawlucha|brn
|move|p2a: Hawlucha|Roost||[still]
|-fail|p2a: Hawlucha|heal
|
|-damage|p2a: Hawlucha|94/100 brn|[from] brn
|upkeep
|turn|21
|
|t:|1781152658
|move|p1a: Dragapult|Hex|p2a: Hawlucha
|-damage|p2a: Hawlucha|25/100 brn
|move|p2a: Hawlucha|Roost|p2a: Hawlucha
|-heal|p2a: Hawlucha|76/100 brn
|-singleturn|p2a: Hawlucha|move: Roost
|
|-damage|p2a: Hawlucha|69/100 brn|[from] brn
|upkeep
|turn|22
|
|t:|1781152662
|switch|p2a: Landorus|Landorus-Therian, M|74/100
|-ability|p2a: Landorus|Intimidate|boost
|-unboost|p1a: Dragapult|atk|1
|move|p1a: Dragapult|Hex|p2a: Landorus
|-damage|p2a: Landorus|49/100
|
|upkeep
|turn|23
|
|t:|1781152666
|move|p1a: Dragapult|Will-O-Wisp|p2a: Landorus
|-status|p2a: Landorus|brn
|move|p2a: Landorus|U-turn|p1a: Dragapult
|-resisted|p1a: Dragapult
|-damage|p1a: Dragapult|95/100
|
|t:|1781152670
|switch|p2a: Samurott|Samurott-Hisui, F, tera:Poison|30/100|[from] U-turn
|
|upkeep
|turn|24
|
|t:|1781152680
|switch|p2a: Landorus|Landorus-Therian, M|49/100 brn
|-ability|p2a: Landorus|Intimidate|boost
|-unboost|p1a: Dragapult|atk|1
|move|p1a: Dragapult|Will-O-Wisp|p2a: Landorus
|-fail|p2a: Landorus|brn
|
|-damage|p2a: Landorus|42/100 brn|[from] brn
|upkeep
|turn|25
|
|t:|1781152687
|switch|p2a: Samurott|Samurott-Hisui, F, tera:Poison|30/100
|move|p1a: Dragapult|Hex|p2a: Samurott
|-damage|p2a: Samurott|14/100
|
|upkeep
|turn|26
|
|t:|1781152692
|-terastallize|p1a: Dragapult|Fairy
|move|p2a: Samurott|Sucker Punch|p1a: Dragapult
|-resisted|p1a: Dragapult
|-damage|p1a: Dragapult|81/100
|move|p1a: Dragapult|Hex|p2a: Samurott
|-damage|p2a: Samurott|0 fnt
|faint|p2a: Samurott
|
|upkeep
|
|t:|1781152697
|switch|p2a: Hawlucha|Hawlucha, F|69/100 brn
|turn|27
|
|t:|1781152702
|move|p1a: Dragapult|Hex|p2a: Hawlucha
|-damage|p2a: Hawlucha|3/100 brn
|move|p2a: Hawlucha|Roost|p2a: Hawlucha
|-heal|p2a: Hawlucha|54/100 brn
|-singleturn|p2a: Hawlucha|move: Roost
|
|-damage|p2a: Hawlucha|47/100 brn|[from] brn
|upkeep
|turn|28
|
|t:|1781152710
|move|p1a: Dragapult|Hex|p2a: Hawlucha
|-damage|p2a: Hawlucha|0 fnt
|faint|p2a: Hawlucha
|
|upkeep
|
|t:|1781152717
|switch|p2a: Landorus|Landorus-Therian, M|42/100 brn
|-ability|p2a: Landorus|Intimidate|boost
|-unboost|p1a: Dragapult|atk|1
|turn|29
|
|t:|1781152720
|move|p1a: Dragapult|Hex|p2a: Landorus
|-damage|p2a: Landorus|0 fnt
|faint|p2a: Landorus
|
|win|tboc13
|raw|tboc13's rating: 1572 &rarr; <strong>1590</strong><br />(+18 for winning)
|raw|KurisuChestnutOU's rating: 1536 &rarr; <strong>1518</strong><br />(-18 for losing)
|l|☆KurisuChestnutOU
|player|p2|
|l|☆tboc13
|player|p1|
