|badge|p1|bronze|gen9ou|100-9
|uhtml|medal-msg|<div class="broadcast-blue">Curious what those medals under the avatar are? PS now has Ladder Seasons! For more information, check out the <a href="https://www.smogon.com/forums/threads/3740067/">thread on Smogon.</a></div>
|j|☆Klopple
|j|☆CDPGuillaume
|t:|1781561956
|gametype|singles
|player|p1|Klopple|sailor|1832
|player|p2|CDPGuillaume|ethan|1763
|gen|9
|tier|[Gen 9] OU
|rated|
|rule|HP Percentage Mod: HP is shown in percentages
|rule|Endless Battle Clause: Forcing endless battles is banned
|rule|Species Clause: Limit one of each Pokémon
|rule|OHKO Clause: OHKO moves are banned
|rule|Evasion Items Clause: Evasion items are banned
|rule|Evasion Moves Clause: Evasion moves are banned
|rule|Evasion Abilities Clause: Evasion abilities are banned
|rule|Sleep Moves Clause: Sleep-inducing moves are banned
|clearpoke
|poke|p1|Arboliva, M|
|poke|p1|Gliscor, M|
|poke|p1|Iron Crown|
|poke|p1|Zamazenta-*|
|poke|p1|Hatterene, F|
|poke|p1|Dragonite, M|
|poke|p2|Iron Hands|
|poke|p2|Pecharunt|
|poke|p2|Kingambit, M|
|poke|p2|Rillaboom, F|
|poke|p2|Kyurem|
|poke|p2|Cinderace, F|
|teampreview
|j| blue crappie
|j| padd35
|inactive|Battle timer is ON: inactive players will automatically lose when time's up. (requested by Klopple)
|inactive|CDPGuillaume has 120 seconds left.
|inactive|CDPGuillaume has 90 seconds left.
|inactive|CDPGuillaume has 60 seconds left.
|
|t:|1781562090
|teamsize|p1|6
|teamsize|p2|6
|start
|switch|p1a: Iron Crown|Iron Crown|100/100
|switch|p2a: Kyurem|Kyurem|100/100
|-ability|p2a: Kyurem|Pressure
|turn|1
|
|t:|1781562115
|switch|p2a: Iron Hands|Iron Hands|100/100
|move|p1a: Iron Crown|Tachyon Cutter|p2a: Iron Hands
|-resisted|p2a: Iron Hands
|-damage|p2a: Iron Hands|94/100
|-resisted|p2a: Iron Hands
|-damage|p2a: Iron Hands|87/100
|-hitcount|p2a: Iron Hands|2
|
|upkeep
|turn|2
|
|t:|1781562122
|move|p1a: Iron Crown|Psychic Noise|p2a: Iron Hands
|-supereffective|p2a: Iron Hands
|-damage|p2a: Iron Hands|50/100
|-start|p2a: Iron Hands|move: Heal Block
|move|p2a: Iron Hands|Earthquake|p1a: Iron Crown
|-supereffective|p1a: Iron Crown
|-damage|p1a: Iron Crown|21/100
|
|upkeep
|turn|3
|
|t:|1781562137
|move|p1a: Iron Crown|Volt Switch|p2a: Iron Hands
|-resisted|p2a: Iron Hands
|-damage|p2a: Iron Hands|43/100
|
|t:|1781562142
|-end|p1a: Iron Crown|Quark Drive|[silent]
|switch|p1a: Gliscor|Gliscor, M|100/100|[from] Volt Switch
|move|p2a: Iron Hands|Ice Punch|p1a: Gliscor
|-supereffective|p1a: Gliscor
|-damage|p1a: Gliscor|5/100
|
|-end|p2a: Iron Hands|move: Heal Block
|-status|p1a: Gliscor|tox|[from] item: Toxic Orb
|upkeep
|turn|4
|
|t:|1781562152
|-end|p2a: Iron Hands|Quark Drive|[silent]
|switch|p2a: Kyurem|Kyurem|100/100
|-ability|p2a: Kyurem|Pressure
|move|p1a: Gliscor|Earthquake|p2a: Kyurem
|-damage|p2a: Kyurem|68/100
|
|-heal|p1a: Gliscor|18/100 tox|[from] ability: Poison Heal
|upkeep
|turn|5
|inactive|CDPGuillaume has 120 seconds left.
|inactive|CDPGuillaume has 90 seconds left.
|inactive|CDPGuillaume has 60 seconds left.
|
|t:|1781562247
|move|p1a: Gliscor|Protect|p1a: Gliscor
|-singleturn|p1a: Gliscor|Protect
|move|p2a: Kyurem|Ice Beam|p1a: Gliscor
|-activate|p1a: Gliscor|move: Protect
|
|-heal|p1a: Gliscor|30/100 tox|[from] ability: Poison Heal
|upkeep
|turn|6
|
|t:|1781562266
|switch|p1a: Hatterene|Hatterene, F|100/100
|move|p2a: Kyurem|Ice Beam|p1a: Hatterene
|-damage|p1a: Hatterene|29/100
|
|upkeep
|turn|7
|
|t:|1781562277
|move|p2a: Kyurem|Ice Beam|p1a: Hatterene
|-damage|p1a: Hatterene|0 fnt
|faint|p1a: Hatterene
|
|upkeep
|
|t:|1781562286
|switch|p1a: Iron Crown|Iron Crown|21/100
|turn|8
|
|t:|1781562290
|switch|p2a: Kingambit|Kingambit, M|100/100
|move|p1a: Iron Crown|Future Sight|p2a: Kingambit
|-start|p1a: Iron Crown|move: Future Sight
|
|upkeep
|turn|9
|
|t:|1781562299
|-end|p1a: Iron Crown|Quark Drive|[silent]
|switch|p1a: Dragonite|Dragonite, M|100/100
|move|p2a: Kingambit|Iron Head|p1a: Dragonite
|-damage|p1a: Dragonite|80/100
|
|upkeep
|turn|10
|
|t:|1781562304
|-end|p2a: Kingambit|fallenundefined|[silent]
|switch|p2a: Iron Hands|Iron Hands|43/100
|move|p1a: Dragonite|Earthquake|p2a: Iron Hands
|-supereffective|p2a: Iron Hands
|-damage|p2a: Iron Hands|0 fnt
|faint|p2a: Iron Hands
|-end|p2a: Iron Hands|Quark Drive|[silent]
|
|-hint|Future Sight did not hit because the target is fainted.
|upkeep
|
|t:|1781562311
|switch|p2a: Kyurem|Kyurem|68/100
|-ability|p2a: Kyurem|Pressure
|turn|11
|
|t:|1781562325
|switch|p1a: Arboliva|Arboliva, M|100/100
|move|p2a: Kyurem|Ice Beam|p1a: Arboliva
|-supereffective|p1a: Arboliva
|-damage|p1a: Arboliva|0 fnt
|faint|p1a: Arboliva
|
|upkeep
|
|t:|1781562332
|switch|p1a: Iron Crown|Iron Crown|21/100
|turn|12
|inactive|CDPGuillaume has 120 seconds left.
|inactive|CDPGuillaume has 90 seconds left.
|inactive|CDPGuillaume has 60 seconds left.
|
|t:|1781562422
|switch|p2a: Cinderace|Cinderace, F|100/100
|move|p1a: Iron Crown|Volt Switch|p2a: Cinderace
|-damage|p2a: Cinderace|69/100
|
|t:|1781562430
|-end|p1a: Iron Crown|Quark Drive|[silent]
|switch|p1a: Zamazenta|Zamazenta|100/100|[from] Volt Switch
|-ability|p1a: Zamazenta|Dauntless Shield|boost
|-boost|p1a: Zamazenta|def|1
|
|upkeep
|turn|13
|
|t:|1781562437
|switch|p2a: Pecharunt|Pecharunt|100/100
|move|p1a: Zamazenta|Close Combat|p2a: Pecharunt
|-immune|p2a: Pecharunt
|
|upkeep
|turn|14
|
|t:|1781562442
|move|p1a: Zamazenta|Crunch|p2a: Pecharunt
|-supereffective|p2a: Pecharunt
|-damage|p2a: Pecharunt|62/100
|-unboost|p2a: Pecharunt|def|1
|-damage|p1a: Zamazenta|84/100|[from] item: Rocky Helmet|[of] p2a: Pecharunt
|move|p2a: Pecharunt|Shadow Ball|p1a: Zamazenta
|-damage|p1a: Zamazenta|62/100
|
|upkeep
|turn|15
|
|t:|1781562453
|move|p1a: Zamazenta|Crunch|p2a: Pecharunt
|-supereffective|p2a: Pecharunt
|-damage|p2a: Pecharunt|11/100
|-unboost|p2a: Pecharunt|def|1
|-damage|p1a: Zamazenta|46/100|[from] item: Rocky Helmet|[of] p2a: Pecharunt
|move|p2a: Pecharunt|Recover|p2a: Pecharunt
|-heal|p2a: Pecharunt|61/100
|
|upkeep
|turn|16
|
|t:|1781562461
|switch|p2a: Cinderace|Cinderace, F|69/100
|move|p1a: Zamazenta|Crunch|p2a: Cinderace
|-damage|p2a: Cinderace|29/100
|
|upkeep
|turn|17
|
|t:|1781562466
|move|p1a: Zamazenta|Crunch|p2a: Cinderace
|-damage|p2a: Cinderace|0 fnt
|faint|p2a: Cinderace
|
|upkeep
|
|t:|1781562467
|switch|p2a: Pecharunt|Pecharunt|61/100
|turn|18
|
|t:|1781562473
|switch|p1a: Gliscor|Gliscor, M|30/100 tox
|move|p2a: Pecharunt|Recover|p2a: Pecharunt
|-heal|p2a: Pecharunt|100/100
|
|-heal|p1a: Gliscor|43/100 tox|[from] ability: Poison Heal
|upkeep
|turn|19
|
|t:|1781562480
|move|p2a: Pecharunt|Shadow Ball|p1a: Gliscor
|-damage|p1a: Gliscor|20/100 tox
|move|p1a: Gliscor|Stealth Rock|p2a: Pecharunt
|-sidestart|p2: CDPGuillaume|move: Stealth Rock
|
|-heal|p1a: Gliscor|33/100 tox|[from] ability: Poison Heal
|upkeep
|turn|20
|
|t:|1781562488
|move|p2a: Pecharunt|Shadow Ball|p1a: Gliscor
|-damage|p1a: Gliscor|10/100 tox
|move|p1a: Gliscor|Earthquake|p2a: Pecharunt
|-supereffective|p2a: Pecharunt
|-damage|p2a: Pecharunt|62/100
|
|-heal|p1a: Gliscor|22/100 tox|[from] ability: Poison Heal
|upkeep
|turn|21
|
|t:|1781562494
|move|p1a: Gliscor|Protect|p1a: Gliscor
|-singleturn|p1a: Gliscor|Protect
|move|p2a: Pecharunt|Nasty Plot|p2a: Pecharunt
|-boost|p2a: Pecharunt|spa|2
|
|-heal|p1a: Gliscor|35/100 tox|[from] ability: Poison Heal
|upkeep
|turn|22
|
|t:|1781562508
|move|p2a: Pecharunt|Shadow Ball|p1a: Gliscor
|-damage|p1a: Gliscor|0 fnt
|faint|p1a: Gliscor
|
|upkeep
|
|t:|1781562517
|switch|p1a: Iron Crown|Iron Crown|21/100
|turn|23
|
|t:|1781562531
|move|p1a: Iron Crown|Tachyon Cutter|p2a: Pecharunt
|-damage|p2a: Pecharunt|33/100
|-damage|p2a: Pecharunt|2/100
|-hitcount|p2a: Pecharunt|2
|move|p2a: Pecharunt|Shadow Ball|p1a: Iron Crown
|-supereffective|p1a: Iron Crown
|-damage|p1a: Iron Crown|0 fnt
|faint|p1a: Iron Crown
|-end|p1a: Iron Crown|Quark Drive|[silent]
|
|upkeep
|
|t:|1781562538
|switch|p1a: Zamazenta|Zamazenta|46/100
|turn|24
|inactive|CDPGuillaume has 120 seconds left.
|
|t:|1781562582
|move|p1a: Zamazenta|Crunch|p2a: Pecharunt
|-supereffective|p2a: Pecharunt
|-damage|p2a: Pecharunt|0 fnt
|-damage|p1a: Zamazenta|29/100|[from] item: Rocky Helmet|[of] p2a: Pecharunt
|faint|p2a: Pecharunt
|
|upkeep
|
|t:|1781562603
|switch|p2a: Rillaboom|Rillaboom, F|100/100
|-damage|p2a: Rillaboom|88/100|[from] Stealth Rock
|-fieldstart|move: Grassy Terrain|[from] ability: Grassy Surge|[of] p2a: Rillaboom
|turn|25
|
|t:|1781562607
|switch|p1a: Dragonite|Dragonite, M|80/100
|move|p2a: Rillaboom|Wood Hammer|p1a: Dragonite
|-resisted|p1a: Dragonite
|-damage|p1a: Dragonite|48/100
|-damage|p2a: Rillaboom|76/100|[from] Recoil
|
|-heal|p2a: Rillaboom|82/100|[from] Grassy Terrain
|upkeep
|turn|26
|
|t:|1781562613
|switch|p2a: Kyurem|Kyurem|68/100
|-damage|p2a: Kyurem|43/100|[from] Stealth Rock
|-ability|p2a: Kyurem|Pressure
|move|p1a: Dragonite|Roost|p1a: Dragonite
|-heal|p1a: Dragonite|98/100
|-singleturn|p1a: Dragonite|move: Roost
|
|-heal|p2a: Kyurem|50/100|[from] Grassy Terrain
|-heal|p1a: Dragonite|100/100|[from] Grassy Terrain
|upkeep
|turn|27
|j| nesnot
|inactive|CDPGuillaume has 120 seconds left.
|
|t:|1781562642
|-terastallize|p1a: Dragonite|Normal
|move|p1a: Dragonite|Extreme Speed|p2a: Kyurem
|-damage|p2a: Kyurem|8/100
|move|p2a: Kyurem|Ice Beam|p1a: Dragonite
|-damage|p1a: Dragonite|71/100
|
|-heal|p2a: Kyurem|14/100|[from] Grassy Terrain
|-heal|p1a: Dragonite|77/100|[from] Grassy Terrain
|upkeep
|turn|28
|
|t:|1781562654
|move|p1a: Dragonite|Extreme Speed|p2a: Kyurem
|-damage|p2a: Kyurem|0 fnt
|faint|p2a: Kyurem
|
|-heal|p1a: Dragonite|83/100|[from] Grassy Terrain
|upkeep
|inactive|CDPGuillaume has 90 seconds left.
|l| nesnot
|inactive|CDPGuillaume has 60 seconds left.
|
|t:|1781562716
|switch|p2a: Kingambit|Kingambit, M|100/100
|-damage|p2a: Kingambit|94/100|[from] Stealth Rock
|-activate|p2a: Kingambit|ability: Supreme Overlord
|-start|p2a: Kingambit|fallen4|[silent]
|turn|29
|
|t:|1781562725
|move|p2a: Kingambit|Kowtow Cleave|p1a: Dragonite
|-damage|p1a: Dragonite|22/100
|move|p1a: Dragonite|Dragon Tail|p2a: Kingambit
|-resisted|p2a: Kingambit
|-damage|p2a: Kingambit|81/100
|-end|p2a: Kingambit|fallen4|[silent]
|drag|p2a: Rillaboom|Rillaboom, F|82/100
|-damage|p2a: Rillaboom|70/100|[from] Stealth Rock
|
|-heal|p2a: Rillaboom|76/100|[from] Grassy Terrain
|-heal|p1a: Dragonite|28/100|[from] Grassy Terrain
|-fieldend|move: Grassy Terrain
|upkeep
|turn|30
|j| Barryshambles
|inactive|CDPGuillaume has 60 seconds left.
|j| nesnot
|inactive|Klopple has 120 seconds left.
|
|t:|1781562780
|move|p1a: Dragonite|Extreme Speed|p2a: Rillaboom
|-damage|p2a: Rillaboom|33/100
|move|p2a: Rillaboom|Wood Hammer|p1a: Dragonite
|-damage|p1a: Dragonite|0 fnt
|faint|p1a: Dragonite
|-damage|p2a: Rillaboom|23/100|[from] Recoil
|
|upkeep
|
|t:|1781562788
|switch|p1a: Zamazenta|Zamazenta|29/100
|turn|31
|inactive|CDPGuillaume has 60 seconds left.
|
|t:|1781562802
|switch|p2a: Kingambit|Kingambit, M|81/100
|-damage|p2a: Kingambit|75/100|[from] Stealth Rock
|-activate|p2a: Kingambit|ability: Supreme Overlord
|-start|p2a: Kingambit|fallen4|[silent]
|move|p1a: Zamazenta|Ice Fang|p2a: Kingambit
|-resisted|p2a: Kingambit
|-damage|p2a: Kingambit|67/100
|
|-heal|p2a: Kingambit|73/100|[from] item: Leftovers
|upkeep
|turn|32
|
|t:|1781562810
|move|p1a: Zamazenta|Close Combat|p2a: Kingambit
|-supereffective|p2a: Kingambit
|-damage|p2a: Kingambit|0 fnt
|-unboost|p1a: Zamazenta|def|1
|-unboost|p1a: Zamazenta|spd|1
|faint|p2a: Kingambit
|-end|p2a: Kingambit|fallen4|[silent]
|
|upkeep
|
|t:|1781562813
|switch|p2a: Rillaboom|Rillaboom, F|23/100
|-damage|p2a: Rillaboom|11/100|[from] Stealth Rock
|-fieldstart|move: Grassy Terrain|[from] ability: Grassy Surge|[of] p2a: Rillaboom
|turn|33
|
|t:|1781562815
|move|p2a: Rillaboom|Grassy Glide|p1a: Zamazenta
|-damage|p1a: Zamazenta|0 fnt
|faint|p1a: Zamazenta
|
|win|CDPGuillaume
|raw|Klopple's rating: 1832 &rarr; <strong>1808</strong><br />(-24 for losing)
|raw|CDPGuillaume's rating: 1763 &rarr; <strong>1787</strong><br />(+24 for winning)
|l|☆Klopple
|player|p1|
|l|☆CDPGuillaume
|player|p2|
|l| nesnot
|l| padd35
