|j|☆POESIE CLANDESTINE
|j|☆KurisuChestnutLab
|t:|1781132054
|gametype|singles
|player|p1|POESIE CLANDESTINE|backpacker|1673
|player|p2|KurisuChestnutLab|may-contest|1677
|gen|9
|tier|[Gen 9] OU
|rated|
|rule|HP Percentage Mod: HP is shown in percentages
|rule|Endless Battle Clause: Forcing endless battles is banned
|rule|Species Clause: Limit one of each Pokémon
|rule|OHKO Clause: OHKO moves are banned
|rule|Evasion Items Clause: Evasion items are banned
|rule|Evasion Moves Clause: Evasion moves are banned
|rule|Evasion Abilities Clause: Evasion abilities are banned
|rule|Sleep Moves Clause: Sleep-inducing moves are banned
|clearpoke
|poke|p1|Zamazenta-*|
|poke|p1|Serperior, M|
|poke|p1|Umbreon, M|
|poke|p1|Kyurem|
|poke|p1|Zapdos|
|poke|p1|Iron Treads|
|poke|p2|Zamazenta-*|
|poke|p2|Zapdos|
|poke|p2|Garganacl, M|
|poke|p2|Clefable, F|
|poke|p2|Samurott-Hisui, M|
|poke|p2|Gholdengo|
|teampreview
|inactive|Battle timer is ON: inactive players will automatically lose when time's up. (requested by KurisuChestnutLab)
|inactive|POESIE CLANDESTINE has 120 seconds left.
|
|t:|1781132102
|teamsize|p1|6
|teamsize|p2|6
|start
|switch|p1a: Serperior|Serperior, M|100/100
|switch|p2a: Zamazenta|Zamazenta|100/100
|-ability|p2a: Zamazenta|Dauntless Shield|boost
|-boost|p2a: Zamazenta|def|1
|turn|1
|
|t:|1781132107
|move|p2a: Zamazenta|Body Press|p1a: Serperior
|-damage|p1a: Serperior|40/100
|move|p1a: Serperior|Glare|p2a: Zamazenta
|-status|p2a: Zamazenta|par
|
|-heal|p1a: Serperior|46/100|[from] item: Leftovers
|upkeep
|turn|2
|
|t:|1781132119
|switch|p1a: Zapdos|Zapdos|100/100
|move|p2a: Zamazenta|Body Press|p1a: Zapdos
|-resisted|p1a: Zapdos
|-damage|p1a: Zapdos|77/100
|
|upkeep
|turn|3
|
|t:|1781132131
|switch|p2a: Garganacl|Garganacl, M|100/100
|move|p1a: Zapdos|Volt Switch|p2a: Garganacl
|-damage|p2a: Garganacl|78/100
|
|t:|1781132136
|switch|p1a: Serperior|Serperior, M|46/100|[from] Volt Switch
|
|-heal|p1a: Serperior|52/100|[from] item: Leftovers
|-heal|p2a: Garganacl|84/100|[from] item: Leftovers
|upkeep
|turn|4
|
|t:|1781132141
|switch|p2a: Gholdengo|Gholdengo|100/100
|move|p1a: Serperior|Substitute|p1a: Serperior
|-start|p1a: Serperior|Substitute
|-damage|p1a: Serperior|27/100
|
|-heal|p1a: Serperior|33/100|[from] item: Leftovers
|upkeep
|turn|5
|inactive|POESIE CLANDESTINE has 120 seconds left.
|
|t:|1781132190
|move|p2a: Gholdengo|Shadow Ball|p1a: Serperior
|-end|p1a: Serperior|Substitute
|move|p1a: Serperior|Leaf Storm|p2a: Gholdengo
|-resisted|p2a: Gholdengo
|-damage|p2a: Gholdengo|69/100
|-boost|p1a: Serperior|spa|2
|
|-heal|p1a: Serperior|40/100|[from] item: Leftovers
|upkeep
|turn|6
|
|t:|1781132201
|switch|p1a: Umbreon|Umbreon, M|100/100
|move|p2a: Gholdengo|Shadow Ball|p1a: Umbreon
|-resisted|p1a: Umbreon
|-damage|p1a: Umbreon|89/100
|
|-heal|p1a: Umbreon|95/100|[from] item: Leftovers
|upkeep
|turn|7
|
|t:|1781132206
|switch|p2a: Zamazenta|Zamazenta|100/100 par
|move|p1a: Umbreon|Wish|p1a: Umbreon
|
|-heal|p1a: Umbreon|100/100|[from] item: Leftovers
|upkeep
|turn|8
|inactive|POESIE CLANDESTINE has 120 seconds left.
|
|t:|1781132216
|switch|p1a: Zapdos|Zapdos|77/100
|move|p2a: Zamazenta|Roar|p1a: Zapdos
|drag|p1a: Iron Treads|Iron Treads|100/100
|-enditem|p1a: Iron Treads|Booster Energy
|-activate|p1a: Iron Treads|ability: Quark Drive|[fromitem]
|-start|p1a: Iron Treads|quarkdrivespe
|
|upkeep
|turn|9
|
|t:|1781132225
|move|p1a: Iron Treads|Stealth Rock|p2a: Zamazenta
|-sidestart|p2: KurisuChestnutLab|move: Stealth Rock
|move|p2a: Zamazenta|Body Press|p1a: Iron Treads
|-supereffective|p1a: Iron Treads
|-crit|p1a: Iron Treads
|-damage|p1a: Iron Treads|9/100
|
|upkeep
|turn|10
|
|t:|1781132233
|move|p1a: Iron Treads|Earthquake|p2a: Zamazenta
|-damage|p2a: Zamazenta|63/100 par
|move|p2a: Zamazenta|Iron Defense|p2a: Zamazenta
|-boost|p2a: Zamazenta|def|2
|
|-heal|p2a: Zamazenta|70/100 par|[from] item: Leftovers
|upkeep
|turn|11
|
|t:|1781132246
|move|p1a: Iron Treads|Steel Beam|p2a: Zamazenta
|-damage|p2a: Zamazenta|46/100 par
|-damage|p1a: Iron Treads|0 fnt|[from] steelbeam
|faint|p1a: Iron Treads
|-end|p1a: Iron Treads|Quark Drive|[silent]
|move|p2a: Zamazenta|Roar|p1: Iron Treads|[notarget]
|-fail|p2a: Zamazenta
|
|-heal|p2a: Zamazenta|52/100 par|[from] item: Leftovers
|upkeep
|inactive|POESIE CLANDESTINE has 120 seconds left.
|
|t:|1781132275
|switch|p1a: Serperior|Serperior, M|40/100
|turn|12
|
|t:|1781132278
|move|p1a: Serperior|Substitute|p1a: Serperior
|-start|p1a: Serperior|Substitute
|-damage|p1a: Serperior|15/100
|move|p2a: Zamazenta|Body Press|p1a: Serperior
|-end|p1a: Serperior|Substitute
|
|-heal|p1a: Serperior|21/100|[from] item: Leftovers
|-heal|p2a: Zamazenta|58/100 par|[from] item: Leftovers
|upkeep
|turn|13
|inactive|POESIE CLANDESTINE has 120 seconds left.
|
|t:|1781132290
|switch|p1a: Zapdos|Zapdos|77/100
|move|p2a: Zamazenta|Crunch|p1a: Zapdos
|-damage|p1a: Zapdos|55/100
|
|-heal|p2a: Zamazenta|64/100 par|[from] item: Leftovers
|upkeep
|turn|14
|
|t:|1781132298
|switch|p2a: Garganacl|Garganacl, M|84/100
|-damage|p2a: Garganacl|72/100|[from] Stealth Rock
|move|p1a: Zapdos|Hurricane|p2a: Garganacl
|-resisted|p2a: Garganacl
|-damage|p2a: Garganacl|56/100
|
|-heal|p2a: Garganacl|62/100|[from] item: Leftovers
|upkeep
|turn|15
|
|t:|1781132306
|switch|p1a: Umbreon|Umbreon, M|100/100
|move|p2a: Garganacl|Recover|p2a: Garganacl
|-heal|p2a: Garganacl|100/100
|
|upkeep
|turn|16
|
|t:|1781132316
|move|p1a: Umbreon|Wish|p1a: Umbreon
|move|p2a: Garganacl|Stealth Rock|p1a: Umbreon
|-sidestart|p1: POESIE CLANDESTINE|move: Stealth Rock
|
|upkeep
|turn|17
|inactive|POESIE CLANDESTINE has 120 seconds left.
|j| BiscoitoXDBr
|
|t:|1781132364
|switch|p1a: Kyurem|Kyurem|100/100
|-damage|p1a: Kyurem|76/100|[from] Stealth Rock
|-ability|p1a: Kyurem|Pressure
|move|p2a: Garganacl|Salt Cure|p1a: Kyurem
|-supereffective|p1a: Kyurem
|-damage|p1a: Kyurem|45/100
|-start|p1a: Kyurem|Salt Cure
|
|-heal|p1a: Kyurem|95/100|[from] move: Wish|[wisher] Umbreon
|-damage|p1a: Kyurem|83/100|[from] Salt Cure
|upkeep
|turn|18
|
|t:|1781132373
|move|p1a: Kyurem|Draco Meteor|p2a: Garganacl|[miss]
|-miss|p1a: Kyurem|p2a: Garganacl
|move|p2a: Garganacl|Salt Cure|p1a: Kyurem
|-supereffective|p1a: Kyurem
|-damage|p1a: Kyurem|55/100
|
|-damage|p1a: Kyurem|43/100|[from] Salt Cure
|upkeep
|turn|19
|
|t:|1781132380
|move|p1a: Kyurem|Draco Meteor|p2a: Garganacl
|-damage|p2a: Garganacl|58/100
|-unboost|p1a: Kyurem|spa|2
|move|p2a: Garganacl|Salt Cure|p1a: Kyurem
|-supereffective|p1a: Kyurem
|-damage|p1a: Kyurem|16/100
|
|-heal|p2a: Garganacl|64/100|[from] item: Leftovers
|-damage|p1a: Kyurem|3/100|[from] Salt Cure
|upkeep
|turn|20
|
|t:|1781132389
|move|p1a: Kyurem|Earth Power|p2a: Garganacl
|-supereffective|p2a: Garganacl
|-damage|p2a: Garganacl|42/100
|move|p2a: Garganacl|Recover|p2a: Garganacl
|-heal|p2a: Garganacl|92/100
|
|-heal|p2a: Garganacl|98/100|[from] item: Leftovers
|-damage|p1a: Kyurem|0 fnt|[from] Salt Cure
|faint|p1a: Kyurem
|upkeep
|
|t:|1781132393
|switch|p1a: Serperior|Serperior, M|21/100
|-damage|p1a: Serperior|9/100|[from] Stealth Rock
|turn|21
|
|t:|1781132400
|move|p1a: Serperior|Leech Seed|p2a: Garganacl
|-start|p2a: Garganacl|move: Leech Seed
|move|p2a: Garganacl|Salt Cure|p1a: Serperior
|-damage|p1a: Serperior|0 fnt
|faint|p1a: Serperior
|
|-heal|p2a: Garganacl|100/100|[from] item: Leftovers
|upkeep
|
|t:|1781132405
|switch|p1a: Zamazenta|Zamazenta|100/100
|-damage|p1a: Zamazenta|94/100|[from] Stealth Rock
|-ability|p1a: Zamazenta|Dauntless Shield|boost
|-boost|p1a: Zamazenta|def|1
|turn|22
|
|t:|1781132408
|switch|p2a: Gholdengo|Gholdengo|69/100
|-damage|p2a: Gholdengo|63/100|[from] Stealth Rock
|move|p1a: Zamazenta|Substitute|p1a: Zamazenta
|-start|p1a: Zamazenta|Substitute
|-damage|p1a: Zamazenta|69/100
|
|-heal|p1a: Zamazenta|75/100|[from] item: Leftovers
|upkeep
|turn|23
|
|t:|1781132413
|switch|p2a: Zamazenta|Zamazenta|64/100 par
|-damage|p2a: Zamazenta|58/100 par|[from] Stealth Rock
|move|p1a: Zamazenta|Crunch|p2a: Zamazenta
|-resisted|p2a: Zamazenta
|-damage|p2a: Zamazenta|49/100 par
|
|-heal|p1a: Zamazenta|82/100|[from] item: Leftovers
|-heal|p2a: Zamazenta|55/100 par|[from] item: Leftovers
|upkeep
|turn|24
|
|t:|1781132417
|switch|p2a: Zapdos|Zapdos|100/100
|move|p1a: Zamazenta|Iron Defense|p1a: Zamazenta
|-boost|p1a: Zamazenta|def|2
|
|-heal|p1a: Zamazenta|88/100|[from] item: Leftovers
|upkeep
|turn|25
|
|t:|1781132425
|move|p1a: Zamazenta|Body Press|p2a: Zapdos
|-resisted|p2a: Zapdos
|-damage|p2a: Zapdos|72/100
|move|p2a: Zapdos|Discharge|p1a: Zamazenta
|-end|p1a: Zamazenta|Substitute
|
|-heal|p1a: Zamazenta|94/100|[from] item: Leftovers
|upkeep
|turn|26
|
|t:|1781132438
|move|p1a: Zamazenta|Substitute|p1a: Zamazenta
|-start|p1a: Zamazenta|Substitute
|-damage|p1a: Zamazenta|69/100
|move|p2a: Zapdos|Hurricane|p1a: Zamazenta
|-supereffective|p1a: Zamazenta
|-crit|p1a: Zamazenta
|-end|p1a: Zamazenta|Substitute
|
|-heal|p1a: Zamazenta|75/100|[from] item: Leftovers
|upkeep
|turn|27
|
|t:|1781132443
|move|p1a: Zamazenta|Substitute|p1a: Zamazenta
|-start|p1a: Zamazenta|Substitute
|-damage|p1a: Zamazenta|50/100
|move|p2a: Zapdos|Hurricane|p1a: Zamazenta|[miss]
|-miss|p2a: Zapdos|p1a: Zamazenta
|
|-heal|p1a: Zamazenta|56/100|[from] item: Leftovers
|upkeep
|turn|28
|
|t:|1781132451
|move|p1a: Zamazenta|Body Press|p2a: Zapdos
|-resisted|p2a: Zapdos
|-damage|p2a: Zapdos|42/100
|move|p2a: Zapdos|Discharge|p1a: Zamazenta
|-crit|p1a: Zamazenta
|-end|p1a: Zamazenta|Substitute
|
|-heal|p1a: Zamazenta|63/100|[from] item: Leftovers
|upkeep
|turn|29
|
|t:|1781132457
|switch|p1a: Umbreon|Umbreon, M|100/100
|-damage|p1a: Umbreon|88/100|[from] Stealth Rock
|move|p2a: Zapdos|Roost|p2a: Zapdos
|-heal|p2a: Zapdos|92/100
|-singleturn|p2a: Zapdos|move: Roost
|
|-heal|p1a: Umbreon|94/100|[from] item: Leftovers
|upkeep
|turn|30
|
|t:|1781132466
|move|p2a: Zapdos|Discharge|p1a: Umbreon
|-crit|p1a: Umbreon
|-damage|p1a: Umbreon|70/100
|-status|p1a: Umbreon|par
|cant|p1a: Umbreon|par
|
|-heal|p1a: Umbreon|76/100 par|[from] item: Leftovers
|upkeep
|turn|31
|
|t:|1781132470
|move|p2a: Zapdos|Hurricane|p1a: Umbreon
|-damage|p1a: Umbreon|52/100 par
|-start|p1a: Umbreon|confusion
|-activate|p1a: Umbreon|confusion
|-damage|p1a: Umbreon|48/100 par|[from] confusion
|
|-heal|p1a: Umbreon|54/100 par|[from] item: Leftovers
|upkeep
|turn|32
|
|t:|1781132478
|move|p2a: Zapdos|Hurricane|p1a: Umbreon|[miss]
|-miss|p2a: Zapdos|p1a: Umbreon
|-activate|p1a: Umbreon|confusion
|move|p1a: Umbreon|Toxic|p2a: Zapdos
|-status|p2a: Zapdos|tox
|
|-heal|p1a: Umbreon|60/100 par|[from] item: Leftovers
|-damage|p2a: Zapdos|86/100 tox|[from] psn
|upkeep
|turn|33
|
|t:|1781132483
|move|p2a: Zapdos|Volt Switch|p1a: Umbreon
|-damage|p1a: Umbreon|45/100 par
|
|t:|1781132490
|switch|p2a: Zamazenta|Zamazenta|55/100 par|[from] Volt Switch
|-damage|p2a: Zamazenta|49/100 par|[from] Stealth Rock
|-end|p1a: Umbreon|confusion
|cant|p1a: Umbreon|par
|
|-heal|p2a: Zamazenta|55/100 par|[from] item: Leftovers
|-heal|p1a: Umbreon|51/100 par|[from] item: Leftovers
|upkeep
|turn|34
|l| BiscoitoXDBr
|
|t:|1781132504
|move|p1a: Umbreon|Protect|p1a: Umbreon
|-singleturn|p1a: Umbreon|Protect
|cant|p2a: Zamazenta|par
|
|-heal|p2a: Zamazenta|61/100 par|[from] item: Leftovers
|-heal|p1a: Umbreon|57/100 par|[from] item: Leftovers
|upkeep
|turn|35
|
|t:|1781132508
|move|p2a: Zamazenta|Body Press|p1a: Umbreon
|-supereffective|p1a: Umbreon
|-damage|p1a: Umbreon|10/100 par
|cant|p1a: Umbreon|par
|
|-heal|p2a: Zamazenta|68/100 par|[from] item: Leftovers
|-heal|p1a: Umbreon|16/100 par|[from] item: Leftovers
|upkeep
|turn|36
|
|t:|1781132514
|move|p2a: Zamazenta|Iron Defense|p2a: Zamazenta
|-boost|p2a: Zamazenta|def|2
|move|p1a: Umbreon|Wish|p1a: Umbreon
|
|-heal|p2a: Zamazenta|74/100 par|[from] item: Leftovers
|-heal|p1a: Umbreon|22/100 par|[from] item: Leftovers
|upkeep
|turn|37
|
|t:|1781132520
|switch|p1a: Zapdos|Zapdos|55/100
|-damage|p1a: Zapdos|30/100|[from] Stealth Rock
|cant|p2a: Zamazenta|par
|
|-heal|p1a: Zapdos|81/100|[from] move: Wish|[wisher] Umbreon
|-heal|p2a: Zamazenta|80/100 par|[from] item: Leftovers
|upkeep
|turn|38
|
|t:|1781132529
|switch|p2a: Garganacl|Garganacl, M|100/100
|-damage|p2a: Garganacl|88/100|[from] Stealth Rock
|move|p1a: Zapdos|Volt Switch|p2a: Garganacl
|-damage|p2a: Garganacl|66/100
|
|t:|1781132531
|switch|p1a: Zamazenta|Zamazenta|63/100|[from] Volt Switch
|-damage|p1a: Zamazenta|56/100|[from] Stealth Rock
|
|-heal|p1a: Zamazenta|63/100|[from] item: Leftovers
|-heal|p2a: Garganacl|72/100|[from] item: Leftovers
|upkeep
|turn|39
|
|t:|1781132535
|move|p1a: Zamazenta|Substitute|p1a: Zamazenta
|-start|p1a: Zamazenta|Substitute
|-damage|p1a: Zamazenta|38/100
|move|p2a: Garganacl|Salt Cure|p1a: Zamazenta
|-resisted|p1a: Zamazenta
|-activate|p1a: Zamazenta|move: Substitute|[damage]
|
|-heal|p1a: Zamazenta|44/100|[from] item: Leftovers
|-heal|p2a: Garganacl|78/100|[from] item: Leftovers
|upkeep
|turn|40
|
|t:|1781132546
|switch|p2a: Zamazenta|Zamazenta|80/100 par
|-damage|p2a: Zamazenta|74/100 par|[from] Stealth Rock
|move|p1a: Zamazenta|Iron Defense|p1a: Zamazenta
|-boost|p1a: Zamazenta|def|2
|
|-heal|p1a: Zamazenta|50/100|[from] item: Leftovers
|-heal|p2a: Zamazenta|80/100 par|[from] item: Leftovers
|upkeep
|turn|41
|
|t:|1781132553
|switch|p2a: Clefable|Clefable, F|100/100
|move|p1a: Zamazenta|Body Press|p2a: Clefable
|-resisted|p2a: Clefable
|-damage|p2a: Clefable|88/100
|
|-heal|p1a: Zamazenta|56/100|[from] item: Leftovers
|upkeep
|turn|42
|
|t:|1781132569
|move|p1a: Zamazenta|Crunch|p2a: Clefable
|-resisted|p2a: Clefable
|-damage|p2a: Clefable|79/100
|move|p2a: Clefable|Moonblast|p1a: Zamazenta
|-supereffective|p1a: Zamazenta
|-end|p1a: Zamazenta|Substitute
|
|-heal|p1a: Zamazenta|62/100|[from] item: Leftovers
|upkeep
|turn|43
|
|t:|1781132581
|-terastallize|p1a: Zamazenta|Steel
|move|p1a: Zamazenta|Substitute|p1a: Zamazenta
|-start|p1a: Zamazenta|Substitute
|-damage|p1a: Zamazenta|37/100
|move|p2a: Clefable|Moonblast|p1a: Zamazenta
|-resisted|p1a: Zamazenta
|-activate|p1a: Zamazenta|move: Substitute|[damage]
|
|-heal|p1a: Zamazenta|44/100|[from] item: Leftovers
|upkeep
|turn|44
|
|t:|1781132585
|move|p1a: Zamazenta|Crunch|p2a: Clefable
|-resisted|p2a: Clefable
|-damage|p2a: Clefable|71/100
|move|p2a: Clefable|Knock Off|p1a: Zamazenta
|-activate|p1a: Zamazenta|move: Substitute|[damage]
|
|-heal|p1a: Zamazenta|50/100|[from] item: Leftovers
|upkeep
|turn|45
|
|t:|1781132592
|move|p1a: Zamazenta|Iron Defense|p1a: Zamazenta
|-boost|p1a: Zamazenta|def|2
|move|p2a: Clefable|Moonlight|p2a: Clefable
|-heal|p2a: Clefable|100/100
|
|-heal|p1a: Zamazenta|56/100|[from] item: Leftovers
|upkeep
|turn|46
|
|t:|1781132598
|move|p1a: Zamazenta|Crunch|p2a: Clefable
|-resisted|p2a: Clefable
|-damage|p2a: Clefable|93/100
|move|p2a: Clefable|Moonblast|p1a: Zamazenta
|-resisted|p1a: Zamazenta
|-end|p1a: Zamazenta|Substitute
|
|-heal|p1a: Zamazenta|62/100|[from] item: Leftovers
|upkeep
|turn|47
|
|t:|1781132604
|move|p1a: Zamazenta|Substitute|p1a: Zamazenta
|-start|p1a: Zamazenta|Substitute
|-damage|p1a: Zamazenta|37/100
|move|p2a: Clefable|Moonblast|p1a: Zamazenta
|-resisted|p1a: Zamazenta
|-activate|p1a: Zamazenta|move: Substitute|[damage]
|
|-heal|p1a: Zamazenta|43/100|[from] item: Leftovers
|upkeep
|turn|48
|
|t:|1781132609
|move|p1a: Zamazenta|Crunch|p2a: Clefable
|-resisted|p2a: Clefable
|-damage|p2a: Clefable|85/100
|-unboost|p2a: Clefable|def|1
|move|p2a: Clefable|Moonblast|p1a: Zamazenta
|-resisted|p1a: Zamazenta
|-activate|p1a: Zamazenta|move: Substitute|[damage]
|
|-heal|p1a: Zamazenta|49/100|[from] item: Leftovers
|upkeep
|turn|49
|
|t:|1781132617
|move|p1a: Zamazenta|Crunch|p2a: Clefable
|-resisted|p2a: Clefable
|-damage|p2a: Clefable|71/100
|move|p2a: Clefable|Moonlight|p2a: Clefable
|-heal|p2a: Clefable|100/100
|
|-heal|p1a: Zamazenta|56/100|[from] item: Leftovers
|upkeep
|turn|50
|
|t:|1781132627
|move|p1a: Zamazenta|Crunch|p2a: Clefable
|-resisted|p2a: Clefable
|-damage|p2a: Clefable|87/100
|-unboost|p2a: Clefable|def|1
|move|p2a: Clefable|Moonblast|p1a: Zamazenta
|-resisted|p1a: Zamazenta
|-end|p1a: Zamazenta|Substitute
|
|-heal|p1a: Zamazenta|62/100|[from] item: Leftovers
|upkeep
|turn|51
|
|t:|1781132633
|switch|p2a: Gholdengo|Gholdengo|63/100
|-damage|p2a: Gholdengo|57/100|[from] Stealth Rock
|move|p1a: Zamazenta|Substitute|p1a: Zamazenta
|-start|p1a: Zamazenta|Substitute
|-damage|p1a: Zamazenta|37/100
|
|-heal|p1a: Zamazenta|43/100|[from] item: Leftovers
|upkeep
|turn|52
|
|t:|1781132638
|move|p2a: Gholdengo|Shadow Ball|p1a: Zamazenta
|-end|p1a: Zamazenta|Substitute
|move|p1a: Zamazenta|Crunch|p2a: Gholdengo
|-supereffective|p2a: Gholdengo
|-damage|p2a: Gholdengo|4/100
|
|-heal|p1a: Zamazenta|49/100|[from] item: Leftovers
|upkeep
|turn|53
|
|t:|1781132650
|move|p2a: Gholdengo|Shadow Ball|p1a: Zamazenta
|-damage|p1a: Zamazenta|17/100
|move|p1a: Zamazenta|Crunch|p2a: Gholdengo
|-supereffective|p2a: Gholdengo
|-damage|p2a: Gholdengo|0 fnt
|faint|p2a: Gholdengo
|
|-heal|p1a: Zamazenta|23/100|[from] item: Leftovers
|upkeep
|
|t:|1781132653
|switch|p2a: Zapdos|Zapdos|86/100 tox
|turn|54
|
|t:|1781132676
|move|p1a: Zamazenta|Body Press|p2a: Zapdos
|-resisted|p2a: Zapdos
|-damage|p2a: Zapdos|50/100 tox
|move|p2a: Zapdos|Volt Switch|p1a: Zamazenta
|-damage|p1a: Zamazenta|2/100
|
|t:|1781132681
|switch|p2a: Samurott|Samurott-Hisui, M|100/100|[from] Volt Switch
|-damage|p2a: Samurott|88/100|[from] Stealth Rock
|
|-heal|p1a: Zamazenta|8/100|[from] item: Leftovers
|upkeep
|turn|55
|
|t:|1781132688
|move|p2a: Samurott|Ceaseless Edge|p1a: Zamazenta
|-damage|p1a: Zamazenta|0 fnt
|-sidestart|p1: POESIE CLANDESTINE|Spikes
|faint|p1a: Zamazenta
|
|upkeep
|
|t:|1781132704
|switch|p1a: Zapdos|Zapdos|81/100
|-damage|p1a: Zapdos|57/100|[from] Stealth Rock
|turn|56
|c|☆POESIE CLANDESTINE|gg
|
|t:|1781132716
|-terastallize|p2a: Samurott|Dark
|move|p2a: Samurott|Ceaseless Edge|p1a: Zapdos
|-damage|p1a: Zapdos|0 fnt
|-sidestart|p1: POESIE CLANDESTINE|Spikes
|faint|p1a: Zapdos
|
|upkeep
|
|t:|1781132719
|switch|p1a: Umbreon|Umbreon, M|22/100 par
|-damage|p1a: Umbreon|9/100 par|[from] Stealth Rock
|-damage|p1a: Umbreon|0 fnt|[from] Spikes
|faint|p1a: Umbreon
|
|win|KurisuChestnutLab
|raw|POESIE CLANDESTINE's rating: 1673 &rarr; <strong>1651</strong><br />(-22 for losing)
|raw|KurisuChestnutLab's rating: 1637 &rarr; <strong>1659</strong><br />(+22 for winning)
