|j|☆Noamm
|j|☆Igoodnamename
|t:|1781014378
|gametype|singles
|player|p1|Noamm|gambler|1770
|player|p2|Igoodnamename|aaron|1715
|gen|9
|tier|[Gen 9] OU
|rated|
|rule|HP Percentage Mod: HP is shown in percentages
|rule|Endless Battle Clause: Forcing endless battles is banned
|rule|Species Clause: Limit one of each Pokémon
|rule|OHKO Clause: OHKO moves are banned
|rule|Evasion Items Clause: Evasion items are banned
|rule|Evasion Moves Clause: Evasion moves are banned
|rule|Evasion Abilities Clause: Evasion abilities are banned
|rule|Sleep Moves Clause: Sleep-inducing moves are banned
|clearpoke
|poke|p1|Lokix, M|
|poke|p1|Gholdengo|
|poke|p1|Slowking-Galar, F|
|poke|p1|Great Tusk|
|poke|p1|Zamazenta-*|
|poke|p1|Hydreigon, M|
|poke|p2|Gholdengo|
|poke|p2|Zamazenta-*|
|poke|p2|Moltres|
|poke|p2|Ting-Lu|
|poke|p2|Serperior, F|
|poke|p2|Kyurem|
|teampreview
|inactive|Battle timer is ON: inactive players will automatically lose when time's up. (requested by Noamm)
|
|t:|1781014387
|teamsize|p1|6
|teamsize|p2|6
|start
|switch|p1a: Hydreigon|Hydreigon, M|100/100
|switch|p2a: Moltres|Moltres|100/100
|turn|1
|
|t:|1781014406
|move|p1a: Hydreigon|Draco Meteor|p2a: Moltres
|-damage|p2a: Moltres|0 fnt
|-unboost|p1a: Hydreigon|spa|2
|faint|p2a: Moltres
|
|upkeep
|
|t:|1781014412
|switch|p2a: Ting-Lu|Ting-Lu|100/100
|-ability|p2a: Ting-Lu|Vessel of Ruin
|turn|2
|
|t:|1781014415
|switch|p1a: Lokix|Lokix, M|100/100
|move|p2a: Ting-Lu|Stealth Rock|p1a: Lokix
|-sidestart|p1: Noamm|move: Stealth Rock
|
|upkeep
|turn|3
|
|t:|1781014423
|-terastallize|p2a: Ting-Lu|Water
|move|p1a: Lokix|U-turn|p2a: Ting-Lu
|-damage|p2a: Ting-Lu|73/100
|
|t:|1781014427
|switch|p1a: Great Tusk|Great Tusk|100/100|[from] U-turn
|move|p2a: Ting-Lu|Ruination|p1a: Great Tusk
|-damage|p1a: Great Tusk|51/100
|
|-heal|p2a: Ting-Lu|80/100|[from] item: Leftovers
|upkeep
|turn|4
|
|t:|1781014435
|switch|p2a: Serperior|Serperior, F|100/100
|move|p1a: Great Tusk|Stealth Rock|p2a: Serperior
|-sidestart|p2: Igoodnamename|move: Stealth Rock
|
|upkeep
|turn|5
|
|t:|1781014441
|-end|p1a: Great Tusk|Protosynthesis|[silent]
|switch|p1a: Slowking|Slowking-Galar, F|100/100
|-damage|p1a: Slowking|88/100|[from] Stealth Rock
|move|p2a: Serperior|Knock Off|p1a: Slowking
|-supereffective|p1a: Slowking
|-damage|p1a: Slowking|53/100
|-enditem|p1a: Slowking|Assault Vest|[from] move: Knock Off|[of] p2a: Serperior
|
|upkeep
|turn|6
|j| liechiteladihul
|
|t:|1781014450
|switch|p2a: Ting-Lu|Ting-Lu, tera:Water|80/100
|-damage|p2a: Ting-Lu|67/100|[from] Stealth Rock
|-ability|p2a: Ting-Lu|Vessel of Ruin
|move|p1a: Slowking|Future Sight|p2a: Ting-Lu
|-start|p1a: Slowking|move: Future Sight
|
|-heal|p2a: Ting-Lu|73/100|[from] item: Leftovers
|upkeep
|turn|7
|
|t:|1781014458
|switch|p1a: Great Tusk|Great Tusk|51/100
|move|p2a: Ting-Lu|Ruination|p1a: Great Tusk
|-damage|p1a: Great Tusk|26/100
|
|-heal|p2a: Ting-Lu|80/100|[from] item: Leftovers
|upkeep
|turn|8
|
|t:|1781014465
|switch|p2a: Gholdengo|Gholdengo|100/100
|-damage|p2a: Gholdengo|94/100|[from] Stealth Rock
|move|p1a: Great Tusk|Headlong Rush|p2a: Gholdengo
|-supereffective|p2a: Gholdengo
|-damage|p2a: Gholdengo|0 fnt
|-unboost|p1a: Great Tusk|def|1
|-unboost|p1a: Great Tusk|spd|1
|faint|p2a: Gholdengo
|
|-hint|Future Sight did not hit because the target is fainted.
|upkeep
|
|t:|1781014479
|switch|p2a: Kyurem|Kyurem|100/100
|-ability|p2a: Kyurem|Pressure
|turn|9
|
|t:|1781014486
|move|p2a: Kyurem|Ice Beam|p1a: Great Tusk
|-supereffective|p1a: Great Tusk
|-damage|p1a: Great Tusk|0 fnt
|faint|p1a: Great Tusk
|-end|p1a: Great Tusk|Protosynthesis|[silent]
|
|upkeep
|
|t:|1781014492
|switch|p1a: Zamazenta|Zamazenta|100/100
|-damage|p1a: Zamazenta|94/100|[from] Stealth Rock
|-ability|p1a: Zamazenta|Dauntless Shield|boost
|-boost|p1a: Zamazenta|def|1
|turn|10
|
|t:|1781014499
|switch|p2a: Serperior|Serperior, F|100/100
|-damage|p2a: Serperior|88/100|[from] Stealth Rock
|move|p1a: Zamazenta|Iron Defense|p1a: Zamazenta
|-boost|p1a: Zamazenta|def|2
|
|-heal|p1a: Zamazenta|100/100|[from] item: Leftovers
|upkeep
|turn|11
|
|t:|1781014506
|move|p2a: Serperior|Glare|p1a: Zamazenta
|-status|p1a: Zamazenta|par
|move|p1a: Zamazenta|Body Press|p2a: Serperior
|-damage|p2a: Serperior|0 fnt
|faint|p2a: Serperior
|
|upkeep
|
|t:|1781014509
|switch|p2a: Zamazenta|Zamazenta|100/100
|-damage|p2a: Zamazenta|94/100|[from] Stealth Rock
|-ability|p2a: Zamazenta|Dauntless Shield|boost
|-boost|p2a: Zamazenta|def|1
|turn|12
|
|t:|1781014513
|move|p2a: Zamazenta|Roar|p1a: Zamazenta
|drag|p1a: Hydreigon|Hydreigon, M|100/100
|-damage|p1a: Hydreigon|88/100|[from] Stealth Rock
|
|-heal|p2a: Zamazenta|100/100|[from] item: Leftovers
|upkeep
|turn|13
|
|t:|1781014525
|switch|p1a: Slowking|Slowking-Galar, F|87/100
|-damage|p1a: Slowking|74/100|[from] Stealth Rock
|move|p2a: Zamazenta|Body Press|p1a: Slowking
|-resisted|p1a: Slowking
|-damage|p1a: Slowking|62/100
|
|upkeep
|turn|14
|
|t:|1781014529
|move|p2a: Zamazenta|Crunch|p1a: Slowking
|-supereffective|p1a: Slowking
|-damage|p1a: Slowking|21/100
|move|p1a: Slowking|Future Sight|p2a: Zamazenta
|-start|p1a: Slowking|move: Future Sight
|
|upkeep
|turn|15
|
|t:|1781014533
|switch|p1a: Hydreigon|Hydreigon, M|88/100
|-damage|p1a: Hydreigon|76/100|[from] Stealth Rock
|move|p2a: Zamazenta|Crunch|p1a: Hydreigon
|-resisted|p1a: Hydreigon
|-damage|p1a: Hydreigon|64/100
|-unboost|p1a: Hydreigon|def|1
|
|upkeep
|turn|16
|
|t:|1781014540
|switch|p2a: Ting-Lu|Ting-Lu, tera:Water|80/100
|-damage|p2a: Ting-Lu|67/100|[from] Stealth Rock
|-ability|p2a: Ting-Lu|Vessel of Ruin
|move|p1a: Hydreigon|Draco Meteor|p2a: Ting-Lu|[miss]
|-miss|p1a: Hydreigon|p2a: Ting-Lu
|
|-end|p2a: Ting-Lu|move: Future Sight
|-damage|p2a: Ting-Lu|43/100
|-heal|p2a: Ting-Lu|50/100|[from] item: Leftovers
|upkeep
|turn|17
|
|t:|1781014546
|switch|p1a: Lokix|Lokix, M|100/100
|-damage|p1a: Lokix|76/100|[from] Stealth Rock
|move|p2a: Ting-Lu|Ruination|p1a: Lokix
|-damage|p1a: Lokix|38/100
|
|-heal|p2a: Ting-Lu|56/100|[from] item: Leftovers
|upkeep
|turn|18
|
|t:|1781014551
|move|p1a: Lokix|Leech Life|p2a: Ting-Lu
|-damage|p2a: Ting-Lu|25/100
|-heal|p1a: Lokix|67/100|[from] drain|[of] p2a: Ting-Lu
|move|p2a: Ting-Lu|Ruination|p1a: Lokix
|-damage|p1a: Lokix|34/100
|
|-heal|p2a: Ting-Lu|31/100|[from] item: Leftovers
|upkeep
|turn|19
|
|t:|1781014555
|move|p1a: Lokix|Leech Life|p2a: Ting-Lu
|-damage|p2a: Ting-Lu|0 fnt
|-heal|p1a: Lokix|61/100|[from] drain|[of] p2a: Ting-Lu
|faint|p2a: Ting-Lu
|
|upkeep
|
|t:|1781014562
|switch|p2a: Kyurem|Kyurem|100/100
|-ability|p2a: Kyurem|Pressure
|turn|20
|
|t:|1781014568
|move|p2a: Kyurem|Ice Beam|p1a: Lokix
|-damage|p1a: Lokix|0 fnt
|faint|p1a: Lokix
|
|upkeep
|
|t:|1781014572
|switch|p1a: Hydreigon|Hydreigon, M|64/100
|-damage|p1a: Hydreigon|52/100|[from] Stealth Rock
|turn|21
|
|t:|1781014592
|move|p1a: Hydreigon|Draco Meteor|p2a: Kyurem
|-supereffective|p2a: Kyurem
|-damage|p2a: Kyurem|0 fnt
|-unboost|p1a: Hydreigon|spa|2
|faint|p2a: Kyurem
|
|upkeep
|
|t:|1781014595
|switch|p2a: Zamazenta|Zamazenta|100/100
|-damage|p2a: Zamazenta|94/100|[from] Stealth Rock
|turn|22
|
|t:|1781014597
|move|p2a: Zamazenta|Iron Defense|p2a: Zamazenta
|-boost|p2a: Zamazenta|def|2
|move|p1a: Hydreigon|Draco Meteor|p2a: Zamazenta|[miss]
|-miss|p1a: Hydreigon|p2a: Zamazenta
|
|-heal|p2a: Zamazenta|100/100|[from] item: Leftovers
|upkeep
|turn|23
|
|t:|1781014601
|move|p2a: Zamazenta|Iron Defense|p2a: Zamazenta
|-boost|p2a: Zamazenta|def|2
|move|p1a: Hydreigon|Draco Meteor|p2a: Zamazenta
|-damage|p2a: Zamazenta|60/100
|-unboost|p1a: Hydreigon|spa|2
|
|-heal|p2a: Zamazenta|66/100|[from] item: Leftovers
|upkeep
|turn|24
|
|t:|1781014608
|move|p2a: Zamazenta|Crunch|p1a: Hydreigon
|-resisted|p1a: Hydreigon
|-damage|p1a: Hydreigon|41/100
|-unboost|p1a: Hydreigon|def|1
|move|p1a: Hydreigon|Draco Meteor|p2a: Zamazenta|[miss]
|-miss|p1a: Hydreigon|p2a: Zamazenta
|
|-heal|p2a: Zamazenta|73/100|[from] item: Leftovers
|upkeep
|turn|25
|
|t:|1781014613
|move|p2a: Zamazenta|Body Press|p1a: Hydreigon
|-supereffective|p1a: Hydreigon
|-damage|p1a: Hydreigon|0 fnt
|faint|p1a: Hydreigon
|
|-heal|p2a: Zamazenta|79/100|[from] item: Leftovers
|upkeep
|
|t:|1781014615
|switch|p1a: Gholdengo|Gholdengo|100/100
|-damage|p1a: Gholdengo|94/100|[from] Stealth Rock
|turn|26
|
|t:|1781014619
|move|p2a: Zamazenta|Crunch|p1a: Gholdengo
|-supereffective|p1a: Gholdengo
|-damage|p1a: Gholdengo|44/100
|-unboost|p1a: Gholdengo|def|1
|move|p1a: Gholdengo|Make It Rain|p2a: Zamazenta
|-damage|p2a: Zamazenta|11/100
|-unboost|p1a: Gholdengo|spa|1
|
|-heal|p2a: Zamazenta|17/100|[from] item: Leftovers
|upkeep
|turn|27
|
|t:|1781014626
|-terastallize|p1a: Gholdengo|Steel
|move|p2a: Zamazenta|Crunch|p1a: Gholdengo
|-damage|p1a: Gholdengo|6/100
|move|p1a: Gholdengo|Make It Rain|p2a: Zamazenta
|-damage|p2a: Zamazenta|0 fnt
|-unboost|p1a: Gholdengo|spa|1
|faint|p2a: Zamazenta
|
|win|Noamm
|raw|Noamm's rating: 1770 &rarr; <strong>1787</strong><br />(+17 for winning)
|raw|Igoodnamename's rating: 1715 &rarr; <strong>1698</strong><br />(-17 for losing)
|c|☆Noamm|Gg
|l|☆Igoodnamename
|player|p2|
|l|☆Noamm
|player|p1|
|l| liechiteladihul
|j| michealjackkson
|l| michealjackkson
