|j|☆adil
|j|☆kshuaib734
|t:|1781532581
|gametype|singles
|player|p1|adil|265|1708
|player|p2|kshuaib734|steven|1643
|gen|9
|tier|[Gen 9] OU
|rated|
|rule|HP Percentage Mod: HP is shown in percentages
|rule|Endless Battle Clause: Forcing endless battles is banned
|rule|Species Clause: Limit one of each Pokémon
|rule|OHKO Clause: OHKO moves are banned
|rule|Evasion Items Clause: Evasion items are banned
|rule|Evasion Moves Clause: Evasion moves are banned
|rule|Evasion Abilities Clause: Evasion abilities are banned
|rule|Sleep Moves Clause: Sleep-inducing moves are banned
|clearpoke
|poke|p1|Ceruledge, M|
|poke|p1|Samurott-Hisui, F|
|poke|p1|Iron Valiant|
|poke|p1|Iron Treads|
|poke|p1|Gholdengo|
|poke|p1|Tornadus-Therian, M|
|poke|p2|Tyranitar, M|
|poke|p2|Dragonite, F|
|poke|p2|Pelipper, M|
|poke|p2|Quaquaval, F|
|poke|p2|Kingdra, M|
|poke|p2|Excadrill, F|
|teampreview
|inactive|Battle timer is ON: inactive players will automatically lose when time's up. (requested by kshuaib734)
|
|t:|1781532597
|teamsize|p1|6
|teamsize|p2|6
|start
|switch|p1a: Samurott|Samurott-Hisui, F|100/100
|switch|p2a: Tyrant's Downpour|Pelipper, M|100/100
|-weather|RainDance|[from] ability: Drizzle|[of] p2a: Tyrant's Downpour
|turn|1
|
|t:|1781532604
|move|p1a: Samurott|Ceaseless Edge|p2a: Tyrant's Downpour
|-damage|p2a: Tyrant's Downpour|66/100
|-sidestart|p2: kshuaib734|Spikes
|move|p2a: Tyrant's Downpour|U-turn|p1a: Samurott
|-supereffective|p1a: Samurott
|-damage|p1a: Samurott|80/100
|
|t:|1781532610
|switch|p2a: Tyrant's Enforcer|Dragonite, F|100/100|[from] U-turn
|
|-weather|RainDance|[upkeep]
|upkeep
|turn|2
|
|t:|1781532615
|move|p1a: Samurott|Ceaseless Edge|p2a: Tyrant's Enforcer
|-damage|p2a: Tyrant's Enforcer|79/100
|-sidestart|p2: kshuaib734|Spikes
|move|p2a: Tyrant's Enforcer|Thunderbolt|p1a: Samurott
|-supereffective|p1a: Samurott
|-damage|p1a: Samurott|39/100
|
|-weather|RainDance|[upkeep]
|upkeep
|turn|3
|
|t:|1781532626
|move|p1a: Samurott|Ceaseless Edge|p2a: Tyrant's Enforcer
|-damage|p2a: Tyrant's Enforcer|32/100
|-sidestart|p2: kshuaib734|Spikes
|move|p2a: Tyrant's Enforcer|Thunderbolt|p1a: Samurott
|-supereffective|p1a: Samurott
|-damage|p1a: Samurott|0 fnt
|faint|p1a: Samurott
|
|-weather|RainDance|[upkeep]
|upkeep
|
|t:|1781532633
|switch|p1a: Iron Treads|Iron Treads|100/100
|-enditem|p1a: Iron Treads|Booster Energy
|-activate|p1a: Iron Treads|ability: Quark Drive|[fromitem]
|-start|p1a: Iron Treads|quarkdrivespe
|turn|4
|
|t:|1781532639
|move|p1a: Iron Treads|Stealth Rock|p2a: Tyrant's Enforcer
|-sidestart|p2: kshuaib734|move: Stealth Rock
|move|p2a: Tyrant's Enforcer|Earthquake|p1a: Iron Treads
|-supereffective|p1a: Iron Treads
|-damage|p1a: Iron Treads|39/100
|
|-weather|RainDance|[upkeep]
|upkeep
|turn|5
|
|t:|1781532646
|move|p1a: Iron Treads|Ice Spinner|p2a: Tyrant's Enforcer
|-supereffective|p2a: Tyrant's Enforcer
|-damage|p2a: Tyrant's Enforcer|0 fnt
|faint|p2a: Tyrant's Enforcer
|
|-weather|RainDance|[upkeep]
|upkeep
|
|t:|1781532652
|switch|p2a: King Tyrant|Tyranitar, M|100/100
|-damage|p2a: King Tyrant|75/100|[from] Spikes
|-damage|p2a: King Tyrant|63/100|[from] Stealth Rock
|-weather|Sandstorm|[from] ability: Sand Stream|[of] p2a: King Tyrant
|turn|6
|
|t:|1781532664
|move|p1a: Iron Treads|Earthquake|p2a: King Tyrant
|-supereffective|p2a: King Tyrant
|-damage|p2a: King Tyrant|2/100
|-enditem|p2a: King Tyrant|Weakness Policy
|-boost|p2a: King Tyrant|atk|2|[from] item: Weakness Policy
|-boost|p2a: King Tyrant|spa|2|[from] item: Weakness Policy
|move|p2a: King Tyrant|Stealth Rock|p1a: Iron Treads
|-sidestart|p1: adil|move: Stealth Rock
|
|-weather|Sandstorm|[upkeep]
|upkeep
|turn|7
|j| newhere1310
|
|t:|1781532673
|-terastallize|p2a: King Tyrant|Ghost
|move|p1a: Iron Treads|Rapid Spin|p2a: King Tyrant
|-immune|p2a: King Tyrant
|move|p2a: King Tyrant|Knock Off|p1a: Iron Treads
|-damage|p1a: Iron Treads|0 fnt
|faint|p1a: Iron Treads
|-end|p1a: Iron Treads|Quark Drive|[silent]
|
|-weather|Sandstorm|[upkeep]
|-damage|p2a: King Tyrant|0 fnt|[from] Sandstorm
|faint|p2a: King Tyrant
|upkeep
|inactive|adil has 120 seconds left.
|
|t:|1781532716
|switch|p1a: Tornadus|Tornadus-Therian, M|100/100
|switch|p2a: Tyrant's Legacy|Excadrill, F|100/100
|-damage|p2a: Tyrant's Legacy|76/100|[from] Spikes
|-damage|p2a: Tyrant's Legacy|73/100|[from] Stealth Rock
|-damage|p1a: Tornadus|76/100|[from] Stealth Rock
|turn|8
|inactive|kshuaib734 has 120 seconds left.
|
|t:|1781532757
|move|p2a: Tyrant's Legacy|Rapid Spin|p1a: Tornadus
|-damage|p1a: Tornadus|41/100
|-boost|p2a: Tyrant's Legacy|spe|1
|-sideend|p2: kshuaib734|Spikes|[from] move: Rapid Spin|[of] p2a: Tyrant's Legacy
|-sideend|p2: kshuaib734|Stealth Rock|[from] move: Rapid Spin|[of] p2a: Tyrant's Legacy
|-damage|p2a: Tyrant's Legacy|63/100|[from] item: Life Orb
|move|p1a: Tornadus|Heat Wave|p2a: Tyrant's Legacy
|-supereffective|p2a: Tyrant's Legacy
|-damage|p2a: Tyrant's Legacy|0 fnt
|faint|p2a: Tyrant's Legacy
|-damage|p1a: Tornadus|32/100|[from] item: Life Orb
|
|-weather|Sandstorm|[upkeep]
|-damage|p1a: Tornadus|26/100|[from] Sandstorm
|upkeep
|
|t:|1781532770
|switch|p2a: Tyrant's Endgame|Quaquaval, F|100/100
|turn|9
|
|t:|1781532773
|move|p2a: Tyrant's Endgame|Aqua Jet|p1a: Tornadus
|-damage|p1a: Tornadus|0 fnt
|faint|p1a: Tornadus
|-ability|p2a: Tyrant's Endgame|Moxie|boost
|-boost|p2a: Tyrant's Endgame|atk|1
|
|-weather|Sandstorm|[upkeep]
|-damage|p2a: Tyrant's Endgame|94/100|[from] Sandstorm
|upkeep
|
|t:|1781532780
|switch|p1a: Iron Valiant|Iron Valiant|100/100
|-damage|p1a: Iron Valiant|94/100|[from] Stealth Rock
|-enditem|p1a: Iron Valiant|Booster Energy
|-activate|p1a: Iron Valiant|ability: Quark Drive|[fromitem]
|-start|p1a: Iron Valiant|quarkdrivespe
|turn|10
|inactive|kshuaib734 has 120 seconds left.
|
|t:|1781532796
|move|p2a: Tyrant's Endgame|Aqua Jet|p1a: Iron Valiant
|-damage|p1a: Iron Valiant|42/100
|move|p1a: Iron Valiant|Moonblast|p2a: Tyrant's Endgame
|-supereffective|p2a: Tyrant's Endgame
|-damage|p2a: Tyrant's Endgame|0 fnt
|faint|p2a: Tyrant's Endgame
|
|-weather|none
|upkeep
|
|t:|1781532803
|switch|p2a: Tyrant's Downpour|Pelipper, M|66/100
|-weather|RainDance|[from] ability: Drizzle|[of] p2a: Tyrant's Downpour
|turn|11
|
|t:|1781532809
|move|p1a: Iron Valiant|Calm Mind|p1a: Iron Valiant
|-boost|p1a: Iron Valiant|spa|1
|-boost|p1a: Iron Valiant|spd|1
|move|p2a: Tyrant's Downpour|Weather Ball|p1a: Iron Valiant
|-damage|p1a: Iron Valiant|0 fnt
|faint|p1a: Iron Valiant
|-end|p1a: Iron Valiant|Quark Drive|[silent]
|
|-weather|RainDance|[upkeep]
|upkeep
|inactive|adil has 120 seconds left.
|l| newhere1310
|inactive|adil has 90 seconds left.
|
|t:|1781532871
|switch|p1a: Gholdengo|Gholdengo|100/100
|-damage|p1a: Gholdengo|94/100|[from] Stealth Rock
|turn|12
|inactive|adil has 90 seconds left.
|
|t:|1781532882
|move|p1a: Gholdengo|Trick|p2a: Tyrant's Downpour
|-activate|p1a: Gholdengo|move: Trick|[of] p2a: Tyrant's Downpour
|-item|p2a: Tyrant's Downpour|Choice Scarf|[from] move: Trick
|-item|p1a: Gholdengo|Damp Rock|[from] move: Trick
|move|p2a: Tyrant's Downpour|U-turn|p1a: Gholdengo
|-resisted|p1a: Gholdengo
|-damage|p1a: Gholdengo|92/100
|
|t:|1781532887
|switch|p2a: Tyrant's Vengeance|Kingdra, M|100/100|[from] U-turn
|
|-weather|RainDance|[upkeep]
|upkeep
|turn|13
|
|t:|1781532895
|move|p2a: Tyrant's Vengeance|Weather Ball|p1a: Gholdengo
|-damage|p1a: Gholdengo|0 fnt
|faint|p1a: Gholdengo
|
|-weather|RainDance|[upkeep]
|upkeep
|
|t:|1781532896
|switch|p1a: Ceruledge|Ceruledge, M|100/100
|-damage|p1a: Ceruledge|76/100|[from] Stealth Rock
|turn|14
|
|t:|1781532903
|-terastallize|p1a: Ceruledge|Ghost
|move|p2a: Tyrant's Vengeance|Weather Ball|p1a: Ceruledge
|-damage|p1a: Ceruledge|0 fnt
|faint|p1a: Ceruledge
|
|win|kshuaib734
|raw|adil's rating: 1708 &rarr; <strong>1684</strong><br />(-24 for losing)
|raw|kshuaib734's rating: 1643 &rarr; <strong>1667</strong><br />(+24 for winning)
|l|☆adil
|player|p1|
|l|☆kshuaib734
|player|p2|
