|j|☆KnuckleTesting
|j|☆oirgor
|t:|1781371783
|gametype|singles
|player|p1|KnuckleTesting|169|1610
|player|p2|oirgor|red|1561
|gen|9
|tier|[Gen 9] OU
|rated|
|rule|HP Percentage Mod: HP is shown in percentages
|rule|Endless Battle Clause: Forcing endless battles is banned
|rule|Species Clause: Limit one of each Pokémon
|rule|OHKO Clause: OHKO moves are banned
|rule|Evasion Items Clause: Evasion items are banned
|rule|Evasion Moves Clause: Evasion moves are banned
|rule|Evasion Abilities Clause: Evasion abilities are banned
|rule|Sleep Moves Clause: Sleep-inducing moves are banned
|clearpoke
|poke|p1|Regieleki|
|poke|p1|Zamazenta-*|
|poke|p1|Corviknight, F|
|poke|p1|Grafaiai, F|
|poke|p1|Alomomola, M|
|poke|p1|Gliscor, M|
|poke|p2|Walking Wake|
|poke|p2|Darkrai|
|poke|p2|Hatterene, F|
|poke|p2|Ogerpon-Wellspring, F|
|poke|p2|Landorus-Therian, M|
|poke|p2|Gholdengo|
|teampreview
|inactive|Battle timer is ON: inactive players will automatically lose when time's up. (requested by KnuckleTesting)
|
|t:|1781371796
|teamsize|p1|6
|teamsize|p2|6
|start
|switch|p1a: Grafaiai|Grafaiai, F|100/100
|switch|p2a: Landorus|Landorus-Therian, M|100/100
|-ability|p2a: Landorus|Intimidate|boost
|-unboost|p1a: Grafaiai|atk|1
|turn|1
|
|t:|1781371800
|move|p1a: Grafaiai|Switcheroo|p2a: Landorus
|-activate|p1a: Grafaiai|move: Trick|[of] p2a: Landorus
|-item|p2a: Landorus|Ring Target|[from] move: Switcheroo
|-item|p1a: Grafaiai|Rocky Helmet|[from] move: Switcheroo
|move|p2a: Landorus|Taunt|p1a: Grafaiai
|-start|p1a: Grafaiai|move: Taunt
|
|upkeep
|turn|2
|
|t:|1781371807
|switch|p1a: Gliscor|Gliscor, M|100/100
|move|p2a: Landorus|Stealth Rock|p1a: Gliscor
|-sidestart|p1: KnuckleTesting|move: Stealth Rock
|
|-status|p1a: Gliscor|tox|[from] item: Toxic Orb
|upkeep
|turn|3
|
|t:|1781371812
|move|p2a: Landorus|Taunt|p1a: Gliscor
|-start|p1a: Gliscor|move: Taunt
|cant|p1a: Gliscor|move: Taunt|Swords Dance
|
|upkeep
|turn|4
|
|t:|1781371816
|switch|p1a: Corviknight|Corviknight, F|100/100
|-damage|p1a: Corviknight|88/100|[from] Stealth Rock
|-ability|p1a: Corviknight|Pressure
|move|p2a: Landorus|U-turn|p1a: Corviknight
|-resisted|p1a: Corviknight
|-damage|p1a: Corviknight|85/100
|-damage|p2a: Landorus|84/100|[from] item: Rocky Helmet|[of] p1a: Corviknight
|
|t:|1781371825
|switch|p2a: Walking Wake|Walking Wake|100/100|[from] U-turn
|
|upkeep
|turn|5
|
|t:|1781371828
|switch|p1a: Alomomola|Alomomola, M|100/100
|-damage|p1a: Alomomola|88/100|[from] Stealth Rock
|move|p2a: Walking Wake|Knock Off|p1a: Alomomola
|-damage|p1a: Alomomola|74/100
|-enditem|p1a: Alomomola|Assault Vest|[from] move: Knock Off|[of] p2a: Walking Wake
|
|upkeep
|turn|6
|
|t:|1781371833
|move|p2a: Walking Wake|Draco Meteor|p1a: Alomomola
|-damage|p1a: Alomomola|26/100
|-unboost|p2a: Walking Wake|spa|2
|move|p1a: Alomomola|Flip Turn|p2a: Walking Wake
|-resisted|p2a: Walking Wake
|-damage|p2a: Walking Wake|96/100
|
|t:|1781371844
|switch|p1a: Regieleki|Regieleki|100/100|[from] Flip Turn
|-damage|p1a: Regieleki|88/100|[from] Stealth Rock
|
|upkeep
|turn|7
|
|t:|1781371850
|-end|p2a: Walking Wake|Protosynthesis|[silent]
|switch|p2a: Hatterene|Hatterene, F|100/100
|-terastallize|p1a: Regieleki|Electric
|move|p1a: Regieleki|Thunderbolt|p2a: Hatterene
|-damage|p2a: Hatterene|43/100
|
|upkeep
|turn|8
|
|t:|1781371856
|move|p1a: Regieleki|Thunderbolt|p2a: Hatterene
|-damage|p2a: Hatterene|0 fnt
|faint|p2a: Hatterene
|
|upkeep
|
|t:|1781371860
|switch|p2a: Darkrai|Darkrai, shiny|100/100
|turn|9
|
|t:|1781371869
|switch|p1a: Alomomola|Alomomola, M|59/100
|-damage|p1a: Alomomola|47/100|[from] Stealth Rock
|move|p2a: Darkrai|Dark Pulse|p1a: Alomomola
|-damage|p1a: Alomomola|16/100
|
|upkeep
|turn|10
|
|t:|1781371877
|switch|p1a: Grafaiai|Grafaiai, F|100/100
|-damage|p1a: Grafaiai|88/100|[from] Stealth Rock
|move|p2a: Darkrai|Dark Pulse|p1a: Grafaiai
|-damage|p1a: Grafaiai|31/100
|
|upkeep
|turn|11
|
|t:|1781371881
|move|p2a: Darkrai|Dark Pulse|p1a: Grafaiai
|-damage|p1a: Grafaiai|0 fnt
|faint|p1a: Grafaiai
|
|upkeep
|
|t:|1781371885
|switch|p1a: Corviknight|Corviknight, F|85/100
|-damage|p1a: Corviknight|72/100|[from] Stealth Rock
|-ability|p1a: Corviknight|Pressure
|turn|12
|
|t:|1781371891
|switch|p2a: Landorus|Landorus-Therian, M|84/100
|-ability|p2a: Landorus|Intimidate|boost
|-unboost|p1a: Corviknight|atk|1
|move|p1a: Corviknight|Defog|p2a: Landorus
|-unboost|p2a: Landorus|evasion|1
|-sideend|p1: KnuckleTesting|Stealth Rock|[from] move: Defog|[of] p1a: Corviknight
|
|upkeep
|turn|13
|
|t:|1781371897
|move|p2a: Landorus|Stealth Rock|p1a: Corviknight
|-sidestart|p1: KnuckleTesting|move: Stealth Rock
|move|p1a: Corviknight|U-turn|p2a: Landorus
|-resisted|p2a: Landorus
|-damage|p2a: Landorus|79/100
|
|t:|1781371899
|switch|p1a: Regieleki|Regieleki, tera:Electric|88/100|[from] U-turn
|-damage|p1a: Regieleki|76/100|[from] Stealth Rock
|
|upkeep
|turn|14
|
|t:|1781371902
|move|p1a: Regieleki|Thunderbolt|p2a: Landorus
|-supereffective|p2a: Landorus
|-damage|p2a: Landorus|0 fnt
|faint|p2a: Landorus
|
|upkeep
|
|t:|1781371904
|switch|p2a: Darkrai|Darkrai, shiny|100/100
|turn|15
|
|t:|1781371906
|move|p2a: Darkrai|Dark Pulse|p1a: Regieleki
|-damage|p1a: Regieleki|0 fnt
|faint|p1a: Regieleki
|
|upkeep
|
|t:|1781371908
|switch|p1a: Zamazenta|Zamazenta|100/100
|-damage|p1a: Zamazenta|95/100|[from] Stealth Rock
|-ability|p1a: Zamazenta|Dauntless Shield|boost
|-boost|p1a: Zamazenta|def|1
|turn|16
|
|t:|1781371911
|switch|p2a: Gholdengo|Gholdengo|100/100
|-item|p2a: Gholdengo|Air Balloon
|move|p1a: Zamazenta|Crunch|p2a: Gholdengo
|-supereffective|p2a: Gholdengo
|-damage|p2a: Gholdengo|41/100
|-enditem|p2a: Gholdengo|Air Balloon
|
|upkeep
|turn|17
|
|t:|1781371916
|-terastallize|p2a: Gholdengo|Fairy
|move|p1a: Zamazenta|Crunch|p2a: Gholdengo
|-resisted|p2a: Gholdengo
|-damage|p2a: Gholdengo|27/100
|-unboost|p2a: Gholdengo|def|1
|move|p2a: Gholdengo|Thunder Wave|p1a: Zamazenta
|-status|p1a: Zamazenta|par
|
|upkeep
|turn|18
|
|t:|1781371930
|switch|p2a: Walking Wake|Walking Wake|96/100
|switch|p1a: Gliscor|Gliscor, M|100/100 tox
|-damage|p1a: Gliscor|88/100 tox|[from] Stealth Rock
|
|-heal|p1a: Gliscor|100/100 tox|[from] ability: Poison Heal
|upkeep
|turn|19
|
|t:|1781371938
|move|p2a: Walking Wake|Surf|p1a: Gliscor
|-supereffective|p1a: Gliscor
|-damage|p1a: Gliscor|12/100 tox
|move|p1a: Gliscor|Knock Off|p2a: Walking Wake
|-damage|p2a: Walking Wake|72/100
|-enditem|p2a: Walking Wake|Heavy-Duty Boots|[from] move: Knock Off|[of] p1a: Gliscor
|
|-heal|p1a: Gliscor|24/100 tox|[from] ability: Poison Heal
|upkeep
|turn|20
|j| KangkongNation
|
|t:|1781371944
|move|p1a: Gliscor|Protect|p1a: Gliscor
|-singleturn|p1a: Gliscor|Protect
|move|p2a: Walking Wake|Surf|p1a: Gliscor
|-activate|p1a: Gliscor|move: Protect
|
|-heal|p1a: Gliscor|37/100 tox|[from] ability: Poison Heal
|upkeep
|turn|21
|
|t:|1781371968
|switch|p1a: Alomomola|Alomomola, M|49/100
|-damage|p1a: Alomomola|37/100|[from] Stealth Rock
|move|p2a: Walking Wake|Surf|p1a: Alomomola
|-resisted|p1a: Alomomola
|-damage|p1a: Alomomola|19/100
|
|upkeep
|turn|22
|inactive|KnuckleTesting has 120 seconds left.
|l| KangkongNation
|
|t:|1781372000
|move|p2a: Walking Wake|Draco Meteor|p1a: Alomomola
|-damage|p1a: Alomomola|0 fnt
|-unboost|p2a: Walking Wake|spa|2
|faint|p1a: Alomomola
|
|upkeep
|-message|KnuckleTesting forfeited.
|
|win|oirgor
|raw|KnuckleTesting's rating: 1610 &rarr; <strong>1587</strong><br />(-23 for losing)
|raw|oirgor's rating: 1561 &rarr; <strong>1584</strong><br />(+23 for winning)
|l|☆KnuckleTesting
|player|p1|
|l|☆oirgor
|player|p2|
