|j|‽zozotown
|j|☆rekjllj
|t:|1781264841
|gametype|singles
|player|p1|zozotown|101|1676
|player|p2|rekjllj|169|1669
|gen|9
|tier|[Gen 9] OU
|rated|
|rule|HP Percentage Mod: HP is shown in percentages
|rule|Endless Battle Clause: Forcing endless battles is banned
|rule|Species Clause: Limit one of each Pokémon
|rule|OHKO Clause: OHKO moves are banned
|rule|Evasion Items Clause: Evasion items are banned
|rule|Evasion Moves Clause: Evasion moves are banned
|rule|Evasion Abilities Clause: Evasion abilities are banned
|rule|Sleep Moves Clause: Sleep-inducing moves are banned
|clearpoke
|poke|p1|Clodsire, M|
|poke|p1|Alomomola, M|
|poke|p1|Hydrapple, M|
|poke|p1|Meowscarada, F|
|poke|p1|Primarina, F|
|poke|p1|Weezing-Galar, F|
|poke|p2|Walking Wake|
|poke|p2|Great Tusk|
|poke|p2|Ninetales, M|
|poke|p2|Cresselia, F|
|poke|p2|Zarude|
|poke|p2|Ceruledge, M|
|teampreview
|inactive|Battle timer is ON: inactive players will automatically lose when time's up. (requested by zozotown)
|j| lord shiddenfards
|
|t:|1781264847
|teamsize|p1|6
|teamsize|p2|6
|start
|switch|p1a: Meowscarada|Meowscarada, F|100/100
|switch|p2a: Ceruledge|Ceruledge, M|100/100
|turn|1
|c|☆rekjllj|hf
|inactive|rekjllj also wants the timer to be on.
|
|t:|1781264858
|move|p1a: Meowscarada|U-turn|p2a: Ceruledge
|-start|p1a: Meowscarada|typechange|Bug|[from] ability: Protean
|-resisted|p2a: Ceruledge
|-damage|p2a: Ceruledge|84/100
|-ability|p2a: Ceruledge|Weak Armor|boost
|-unboost|p2a: Ceruledge|def|1
|-boost|p2a: Ceruledge|spe|2
|
|t:|1781264866
|switch|p1a: Alomomola|Alomomola, M|100/100|[from] U-turn
|move|p2a: Ceruledge|Swords Dance|p2a: Ceruledge
|-boost|p2a: Ceruledge|atk|2
|
|upkeep
|turn|2
|
|t:|1781264870
|move|p2a: Ceruledge|Swords Dance|p2a: Ceruledge
|-boost|p2a: Ceruledge|atk|2
|move|p1a: Alomomola|Flip Turn|p2a: Ceruledge
|-supereffective|p2a: Ceruledge
|-damage|p2a: Ceruledge|18/100
|-ability|p2a: Ceruledge|Weak Armor|boost
|-unboost|p2a: Ceruledge|def|1
|-boost|p2a: Ceruledge|spe|2
|
|t:|1781264874
|switch|p1a: Clodsire|Clodsire, M|100/100|[from] Flip Turn
|
|upkeep
|turn|3
|
|t:|1781264878
|-terastallize|p2a: Ceruledge|Fairy
|move|p2a: Ceruledge|Bitter Blade|p1a: Clodsire
|-damage|p1a: Clodsire|59/100
|-heal|p2a: Ceruledge|49/100|[from] drain|[of] p1a: Clodsire
|move|p1a: Clodsire|Earthquake|p2a: Ceruledge
|-damage|p2a: Ceruledge|8/100
|-ability|p2a: Ceruledge|Weak Armor|boost
|-unboost|p2a: Ceruledge|def|1
|-boost|p2a: Ceruledge|spe|2
|
|-heal|p1a: Clodsire|65/100|[from] item: Leftovers
|upkeep
|turn|4
|
|t:|1781264885
|move|p2a: Ceruledge|Bitter Blade|p1a: Clodsire
|-damage|p1a: Clodsire|20/100
|-heal|p2a: Ceruledge|42/100|[from] drain|[of] p1a: Clodsire
|move|p1a: Clodsire|Poison Jab|p2a: Ceruledge
|-supereffective|p2a: Ceruledge
|-damage|p2a: Ceruledge|0 fnt
|faint|p2a: Ceruledge
|
|-heal|p1a: Clodsire|26/100|[from] item: Leftovers
|upkeep
|
|t:|1781264889
|switch|p2a: Great Tusk|Great Tusk|100/100
|turn|5
|
|t:|1781264892
|switch|p1a: Alomomola|Alomomola, M|100/100
|move|p2a: Great Tusk|Ice Spinner|p1a: Alomomola
|-resisted|p1a: Alomomola
|-crit|p1a: Alomomola
|-damage|p1a: Alomomola|86/100
|
|upkeep
|turn|6
|
|t:|1781264897
|-end|p2a: Great Tusk|Protosynthesis|[silent]
|switch|p2a: Cresselia|Cresselia, F|100/100
|move|p1a: Alomomola|Wish|p1a: Alomomola
|
|upkeep
|turn|7
|
|t:|1781264902
|move|p2a: Cresselia|Thunder Wave|p1a: Alomomola
|-status|p1a: Alomomola|par
|move|p1a: Alomomola|Flip Turn|p2a: Cresselia
|-damage|p2a: Cresselia|90/100
|-enditem|p2a: Cresselia|Eject Button
|
|t:|1781264907
|switch|p2a: Zarude|Zarude|100/100
|
|-heal|p1a: Alomomola|100/100 par|[from] move: Wish|[wisher] Alomomola
|upkeep
|turn|8
|
|t:|1781264913
|switch|p1a: Hydrapple|Hydrapple, M|100/100
|move|p2a: Zarude|Knock Off|p1a: Hydrapple
|-damage|p1a: Hydrapple|63/100
|-enditem|p1a: Hydrapple|Choice Specs|[from] move: Knock Off|[of] p2a: Zarude
|
|upkeep
|turn|9
|
|t:|1781264919
|switch|p1a: Alomomola|Alomomola, M|100/100 par
|move|p2a: Zarude|Knock Off|p1a: Alomomola
|-damage|p1a: Alomomola|69/100 par
|-enditem|p1a: Alomomola|Covert Cloak|[from] move: Knock Off|[of] p2a: Zarude
|
|upkeep
|turn|10
|
|t:|1781264924
|switch|p1a: Hydrapple|Hydrapple, M|97/100
|move|p2a: Zarude|Knock Off|p1a: Hydrapple
|-damage|p1a: Hydrapple|73/100
|
|upkeep
|turn|11
|
|t:|1781264929
|switch|p1a: Alomomola|Alomomola, M|100/100 par
|move|p2a: Zarude|Knock Off|p1a: Alomomola
|-damage|p1a: Alomomola|80/100 par
|
|upkeep
|turn|12
|
|t:|1781264934
|move|p2a: Zarude|Knock Off|p1a: Alomomola
|-damage|p1a: Alomomola|61/100 par
|move|p1a: Alomomola|Flip Turn|p2a: Zarude
|-resisted|p2a: Zarude
|-damage|p2a: Zarude|93/100
|
|t:|1781264937
|switch|p1a: Meowscarada|Meowscarada, F|100/100|[from] Flip Turn
|
|-heal|p2a: Zarude|99/100|[from] item: Leftovers
|upkeep
|turn|13
|
|t:|1781264941
|switch|p2a: Cresselia|Cresselia, F|90/100
|move|p1a: Meowscarada|U-turn|p2a: Cresselia
|-start|p1a: Meowscarada|typechange|Bug|[from] ability: Protean
|-supereffective|p2a: Cresselia
|-damage|p2a: Cresselia|30/100
|
|t:|1781264947
|switch|p1a: Alomomola|Alomomola, M|94/100 par|[from] U-turn
|
|upkeep
|turn|14
|
|t:|1781264951
|move|p2a: Cresselia|Moonlight|p2a: Cresselia
|-heal|p2a: Cresselia|80/100
|move|p1a: Alomomola|Flip Turn|p2a: Cresselia
|-damage|p2a: Cresselia|69/100
|
|t:|1781264958
|switch|p1a: Meowscarada|Meowscarada, F|100/100|[from] Flip Turn
|
|upkeep
|turn|15
|
|t:|1781264962
|move|p1a: Meowscarada|U-turn|p2a: Cresselia
|-start|p1a: Meowscarada|typechange|Bug|[from] ability: Protean
|-supereffective|p2a: Cresselia
|-damage|p2a: Cresselia|7/100
|
|t:|1781264965
|switch|p1a: Alomomola|Alomomola, M|100/100 par|[from] U-turn
|move|p2a: Cresselia|Moonlight|p2a: Cresselia
|-heal|p2a: Cresselia|57/100
|
|upkeep
|turn|16
|
|t:|1781264969
|move|p2a: Cresselia|Moonlight|p2a: Cresselia
|-heal|p2a: Cresselia|100/100
|move|p1a: Alomomola|Flip Turn|p2a: Cresselia
|-damage|p2a: Cresselia|90/100
|
|t:|1781264973
|switch|p1a: Meowscarada|Meowscarada, F|100/100|[from] Flip Turn
|
|upkeep
|turn|17
|
|t:|1781264977
|move|p1a: Meowscarada|U-turn|p2a: Cresselia
|-start|p1a: Meowscarada|typechange|Bug|[from] ability: Protean
|-supereffective|p2a: Cresselia
|-damage|p2a: Cresselia|33/100
|
|t:|1781264980
|switch|p1a: Alomomola|Alomomola, M|100/100 par|[from] U-turn
|move|p2a: Cresselia|Moonlight|p2a: Cresselia
|-heal|p2a: Cresselia|83/100
|
|upkeep
|turn|18
|
|t:|1781264984
|move|p2a: Cresselia|Moonlight|p2a: Cresselia
|-heal|p2a: Cresselia|100/100
|move|p1a: Alomomola|Flip Turn|p2a: Cresselia
|-damage|p2a: Cresselia|90/100
|
|t:|1781264986
|switch|p1a: Meowscarada|Meowscarada, F|100/100|[from] Flip Turn
|
|upkeep
|turn|19
|
|t:|1781264990
|move|p1a: Meowscarada|U-turn|p2a: Cresselia
|-start|p1a: Meowscarada|typechange|Bug|[from] ability: Protean
|-supereffective|p2a: Cresselia
|-crit|p2a: Cresselia
|-damage|p2a: Cresselia|5/100
|
|t:|1781264993
|switch|p1a: Alomomola|Alomomola, M|100/100 par|[from] U-turn
|move|p2a: Cresselia|Moonlight|p2a: Cresselia
|-heal|p2a: Cresselia|55/100
|
|upkeep
|turn|20
|
|t:|1781264996
|move|p2a: Cresselia|Moonlight|p2a: Cresselia
|-heal|p2a: Cresselia|100/100
|move|p1a: Alomomola|Flip Turn|p2a: Cresselia
|-damage|p2a: Cresselia|90/100
|
|t:|1781264999
|switch|p1a: Meowscarada|Meowscarada, F|100/100|[from] Flip Turn
|
|upkeep
|turn|21
|
|t:|1781265003
|move|p1a: Meowscarada|U-turn|p2a: Cresselia
|-start|p1a: Meowscarada|typechange|Bug|[from] ability: Protean
|-supereffective|p2a: Cresselia
|-damage|p2a: Cresselia|36/100
|
|t:|1781265005
|switch|p1a: Alomomola|Alomomola, M|100/100 par|[from] U-turn
|move|p2a: Cresselia|Moonlight|p2a: Cresselia
|-heal|p2a: Cresselia|86/100
|
|upkeep
|turn|22
|
|t:|1781265009
|move|p2a: Cresselia|Thunder Wave|p1a: Alomomola
|-fail|p1a: Alomomola|par
|move|p1a: Alomomola|Flip Turn|p2a: Cresselia
|-damage|p2a: Cresselia|76/100
|
|t:|1781265011
|switch|p1a: Meowscarada|Meowscarada, F|100/100|[from] Flip Turn
|
|upkeep
|turn|23
|
|t:|1781265015
|move|p1a: Meowscarada|U-turn|p2a: Cresselia
|-start|p1a: Meowscarada|typechange|Bug|[from] ability: Protean
|-supereffective|p2a: Cresselia
|-damage|p2a: Cresselia|16/100
|
|t:|1781265018
|switch|p1a: Alomomola|Alomomola, M|100/100 par|[from] U-turn
|move|p2a: Cresselia|Thunder Wave|p1a: Alomomola
|-fail|p1a: Alomomola|par
|
|upkeep
|turn|24
|
|t:|1781265021
|move|p2a: Cresselia|Thunder Wave|p1a: Alomomola
|-fail|p1a: Alomomola|par
|move|p1a: Alomomola|Flip Turn|p2a: Cresselia
|-damage|p2a: Cresselia|7/100
|
|t:|1781265023
|switch|p1a: Meowscarada|Meowscarada, F|100/100|[from] Flip Turn
|
|upkeep
|turn|25
|
|t:|1781265027
|move|p1a: Meowscarada|U-turn|p2a: Cresselia
|-start|p1a: Meowscarada|typechange|Bug|[from] ability: Protean
|-supereffective|p2a: Cresselia
|-crit|p2a: Cresselia
|-damage|p2a: Cresselia|0 fnt
|faint|p2a: Cresselia
|
|t:|1781265033
|switch|p1a: Alomomola|Alomomola, M|100/100 par|[from] U-turn
|
|upkeep
|
|t:|1781265036
|switch|p2a: Ninetales|Ninetales, M|100/100
|-weather|SunnyDay|[from] ability: Drought|[of] p2a: Ninetales
|turn|26
|
|t:|1781265041
|switch|p2a: Great Tusk|Great Tusk|100/100
|-activate|p2a: Great Tusk|ability: Protosynthesis
|-start|p2a: Great Tusk|protosynthesisatk
|cant|p1a: Alomomola|par
|
|-weather|SunnyDay|[upkeep]
|upkeep
|turn|27
|
|t:|1781265045
|move|p2a: Great Tusk|Rapid Spin|p1a: Alomomola
|-damage|p1a: Alomomola|84/100 par
|-boost|p2a: Great Tusk|spe|1
|cant|p1a: Alomomola|par
|
|-weather|SunnyDay|[upkeep]
|upkeep
|turn|28
|
|t:|1781265050
|move|p2a: Great Tusk|Headlong Rush|p1a: Alomomola
|-damage|p1a: Alomomola|26/100 par
|-unboost|p2a: Great Tusk|def|1
|-unboost|p2a: Great Tusk|spd|1
|move|p1a: Alomomola|Wish|p1a: Alomomola
|
|-weather|SunnyDay|[upkeep]
|upkeep
|turn|29
|
|t:|1781265058
|move|p1a: Alomomola|Protect|p1a: Alomomola
|-singleturn|p1a: Alomomola|Protect
|move|p2a: Great Tusk|Headlong Rush|p1a: Alomomola
|-activate|p1a: Alomomola|move: Protect
|
|-weather|SunnyDay|[upkeep]
|-heal|p1a: Alomomola|76/100 par|[from] move: Wish|[wisher] Alomomola
|upkeep
|turn|30
|
|t:|1781265061
|move|p2a: Great Tusk|Close Combat|p1a: Alomomola
|-damage|p1a: Alomomola|18/100 par
|-unboost|p2a: Great Tusk|def|1
|-unboost|p2a: Great Tusk|spd|1
|move|p1a: Alomomola|Wish|p1a: Alomomola
|
|-weather|SunnyDay|[upkeep]
|upkeep
|turn|31
|
|t:|1781265065
|switch|p1a: Primarina|Primarina, F|100/100
|move|p2a: Great Tusk|Headlong Rush|p1a: Primarina
|-damage|p1a: Primarina|22/100
|-unboost|p2a: Great Tusk|def|1
|-unboost|p2a: Great Tusk|spd|1
|
|-weather|SunnyDay|[upkeep]
|-heal|p1a: Primarina|88/100|[from] move: Wish|[wisher] Alomomola
|-heal|p1a: Primarina|94/100|[from] item: Leftovers
|upkeep
|turn|32
|
|t:|1781265071
|-end|p2a: Great Tusk|Protosynthesis|[silent]
|switch|p2a: Zarude|Zarude|99/100
|move|p1a: Primarina|Protect||[still]
|-fail|p1a: Primarina
|
|-weather|SunnyDay|[upkeep]
|-heal|p2a: Zarude|100/100|[from] item: Leftovers
|-heal|p1a: Primarina|100/100|[from] item: Leftovers
|upkeep
|turn|33
|
|t:|1781265075
|move|p1a: Primarina|Protect|p1a: Primarina
|-singleturn|p1a: Primarina|Protect
|move|p2a: Zarude|Power Whip|p1a: Primarina
|-activate|p1a: Primarina|move: Protect
|
|-weather|none
|upkeep
|turn|34
|
|t:|1781265080
|switch|p1a: Hydrapple|Hydrapple, M|100/100
|move|p2a: Zarude|Knock Off|p1a: Hydrapple
|-damage|p1a: Hydrapple|78/100
|
|upkeep
|turn|35
|
|t:|1781265086
|move|p2a: Zarude|Swords Dance|p2a: Zarude
|-boost|p2a: Zarude|atk|2
|move|p1a: Hydrapple|Earth Power|p2a: Zarude
|-resisted|p2a: Zarude
|-damage|p2a: Zarude|87/100
|
|-heal|p2a: Zarude|93/100|[from] item: Leftovers
|upkeep
|turn|36
|
|t:|1781265090
|move|p2a: Zarude|Knock Off|p1a: Hydrapple
|-damage|p1a: Hydrapple|29/100
|move|p1a: Hydrapple|Draco Meteor|p2a: Zarude
|-damage|p2a: Zarude|37/100
|-unboost|p1a: Hydrapple|spa|2
|
|-heal|p2a: Zarude|43/100|[from] item: Leftovers
|upkeep
|turn|37
|
|t:|1781265095
|move|p2a: Zarude|Knock Off|p1a: Hydrapple
|-crit|p1a: Hydrapple
|-damage|p1a: Hydrapple|0 fnt
|faint|p1a: Hydrapple
|
|-heal|p2a: Zarude|49/100|[from] item: Leftovers
|upkeep
|
|t:|1781265100
|switch|p1a: Meowscarada|Meowscarada, F|100/100
|turn|38
|
|t:|1781265105
|switch|p2a: Ninetales|Ninetales, M|100/100
|-weather|SunnyDay|[from] ability: Drought|[of] p2a: Ninetales
|move|p1a: Meowscarada|U-turn|p2a: Ninetales
|-start|p1a: Meowscarada|typechange|Bug|[from] ability: Protean
|-resisted|p2a: Ninetales
|-damage|p2a: Ninetales|70/100
|
|t:|1781265109
|switch|p1a: Primarina|Primarina, F|100/100|[from] U-turn
|
|-weather|SunnyDay|[upkeep]
|upkeep
|turn|39
|
|t:|1781265113
|switch|p2a: Zarude|Zarude|49/100
|move|p1a: Primarina|Whirlpool|p2a: Zarude|[miss]
|-miss|p1a: Primarina|p2a: Zarude
|
|-weather|SunnyDay|[upkeep]
|-heal|p2a: Zarude|55/100|[from] item: Leftovers
|upkeep
|turn|40
|
|t:|1781265122
|move|p1a: Primarina|Protect|p1a: Primarina
|-singleturn|p1a: Primarina|Protect
|move|p2a: Zarude|Power Whip|p1a: Primarina
|-activate|p1a: Primarina|move: Protect
|
|-weather|SunnyDay|[upkeep]
|-heal|p2a: Zarude|62/100|[from] item: Leftovers
|upkeep
|turn|41
|
|t:|1781265126
|switch|p1a: Weezing|Weezing-Galar, F|100/100
|-ability|p1a: Weezing|Neutralizing Gas
|move|p2a: Zarude|Power Whip|p1a: Weezing
|-resisted|p1a: Weezing
|-damage|p1a: Weezing|80/100
|
|-weather|SunnyDay|[upkeep]
|-heal|p2a: Zarude|68/100|[from] item: Leftovers
|-heal|p1a: Weezing|86/100|[from] item: Leftovers
|upkeep
|turn|42
|
|t:|1781265131
|move|p2a: Zarude|Knock Off|p1a: Weezing
|-resisted|p1a: Weezing
|-damage|p1a: Weezing|70/100
|-enditem|p1a: Weezing|Leftovers|[from] move: Knock Off|[of] p2a: Zarude
|move|p1a: Weezing|Will-O-Wisp|p2a: Zarude
|-status|p2a: Zarude|brn
|
|-weather|SunnyDay|[upkeep]
|-heal|p2a: Zarude|74/100 brn|[from] item: Leftovers
|-damage|p2a: Zarude|68/100 brn|[from] brn
|upkeep
|turn|43
|
|t:|1781265136
|move|p2a: Zarude|Knock Off|p1a: Weezing
|-resisted|p1a: Weezing
|-damage|p1a: Weezing|63/100
|move|p1a: Weezing|Strange Steam|p2a: Zarude
|-supereffective|p2a: Zarude
|-damage|p2a: Zarude|19/100 brn
|
|-weather|SunnyDay|[upkeep]
|-heal|p2a: Zarude|25/100 brn|[from] item: Leftovers
|-damage|p2a: Zarude|19/100 brn|[from] brn
|upkeep
|turn|44
|
|t:|1781265144
|move|p2a: Zarude|Synthesis|p2a: Zarude
|-heal|p2a: Zarude|85/100 brn
|move|p1a: Weezing|Strange Steam|p2a: Zarude
|-supereffective|p2a: Zarude
|-damage|p2a: Zarude|29/100 brn
|
|-weather|SunnyDay|[upkeep]
|-heal|p2a: Zarude|36/100 brn|[from] item: Leftovers
|-damage|p2a: Zarude|29/100 brn|[from] brn
|upkeep
|turn|45
|
|t:|1781265148
|move|p2a: Zarude|Synthesis|p2a: Zarude
|-heal|p2a: Zarude|96/100 brn
|move|p1a: Weezing|Strange Steam|p2a: Zarude
|-supereffective|p2a: Zarude
|-damage|p2a: Zarude|39/100 brn
|
|-weather|none
|-heal|p2a: Zarude|45/100 brn|[from] item: Leftovers
|-damage|p2a: Zarude|39/100 brn|[from] brn
|upkeep
|turn|46
|
|t:|1781265154
|move|p2a: Zarude|Synthesis|p2a: Zarude
|-heal|p2a: Zarude|89/100 brn
|move|p1a: Weezing|Strange Steam|p2a: Zarude
|-supereffective|p2a: Zarude
|-damage|p2a: Zarude|35/100 brn
|
|-heal|p2a: Zarude|41/100 brn|[from] item: Leftovers
|-damage|p2a: Zarude|35/100 brn|[from] brn
|upkeep
|turn|47
|
|t:|1781265159
|move|p2a: Zarude|Synthesis|p2a: Zarude
|-heal|p2a: Zarude|85/100 brn
|move|p1a: Weezing|Pain Split|p2a: Zarude
|-sethp|p2a: Zarude|72/100 brn|[from] move: Pain Split|[silent]
|-sethp|p1a: Weezing|77/100|[from] move: Pain Split
|
|-heal|p2a: Zarude|78/100 brn|[from] item: Leftovers
|-damage|p2a: Zarude|72/100 brn|[from] brn
|upkeep
|turn|48
|
|t:|1781265161
|move|p2a: Zarude|Knock Off|p1a: Weezing
|-resisted|p1a: Weezing
|-damage|p1a: Weezing|72/100
|move|p1a: Weezing|Strange Steam|p2a: Zarude
|-supereffective|p2a: Zarude
|-damage|p2a: Zarude|19/100 brn
|-start|p2a: Zarude|confusion
|
|-heal|p2a: Zarude|26/100 brn|[from] item: Leftovers
|-damage|p2a: Zarude|19/100 brn|[from] brn
|upkeep
|turn|49
|
|t:|1781265167
|-end|p1a: Weezing|ability: Neutralizing Gas
|switch|p1a: Alomomola|Alomomola, M|52/100 par
|-activate|p2a: Zarude|confusion
|move|p2a: Zarude|Synthesis|p2a: Zarude
|-heal|p2a: Zarude|69/100 brn
|
|-heal|p2a: Zarude|75/100 brn|[from] item: Leftovers
|-damage|p2a: Zarude|69/100 brn|[from] brn
|upkeep
|turn|50
|
|t:|1781265170
|-end|p2a: Zarude|confusion
|move|p2a: Zarude|Swords Dance|p2a: Zarude
|-boost|p2a: Zarude|atk|2
|move|p1a: Alomomola|Wish|p1a: Alomomola
|
|-heal|p2a: Zarude|75/100 brn|[from] item: Leftovers
|-damage|p2a: Zarude|69/100 brn|[from] brn
|upkeep
|turn|51
|
|t:|1781265176
|switch|p2a: Great Tusk|Great Tusk|100/100
|switch|p1a: Clodsire|Clodsire, M|26/100
|
|-heal|p1a: Clodsire|82/100|[from] move: Wish|[wisher] Alomomola
|-heal|p1a: Clodsire|88/100|[from] item: Leftovers
|upkeep
|turn|52
|
|t:|1781265181
|switch|p1a: Alomomola|Alomomola, M|85/100 par
|move|p2a: Great Tusk|Headlong Rush|p1a: Alomomola
|-damage|p1a: Alomomola|41/100 par
|-unboost|p2a: Great Tusk|def|1
|-unboost|p2a: Great Tusk|spd|1
|
|upkeep
|turn|53
|
|t:|1781265198
|move|p2a: Great Tusk|Headlong Rush|p1a: Alomomola
|-crit|p1a: Alomomola
|-damage|p1a: Alomomola|0 fnt
|-unboost|p2a: Great Tusk|def|1
|-unboost|p2a: Great Tusk|spd|1
|faint|p1a: Alomomola
|
|upkeep
|
|t:|1781265201
|switch|p1a: Meowscarada|Meowscarada, F|100/100
|turn|54
|
|t:|1781265209
|-end|p2a: Great Tusk|Protosynthesis|[silent]
|switch|p2a: Zarude|Zarude|69/100 brn
|move|p1a: Meowscarada|Low Kick|p2a: Zarude
|-start|p1a: Meowscarada|typechange|Fighting|[from] ability: Protean
|-supereffective|p2a: Zarude
|-damage|p2a: Zarude|0 fnt
|faint|p2a: Zarude
|
|upkeep
|
|t:|1781265214
|switch|p2a: Great Tusk|Great Tusk|100/100
|turn|55
|
|t:|1781265217
|move|p1a: Meowscarada|Low Kick|p2a: Great Tusk
|-damage|p2a: Great Tusk|43/100
|move|p2a: Great Tusk|Headlong Rush|p1a: Meowscarada
|-damage|p1a: Meowscarada|0 fnt
|-unboost|p2a: Great Tusk|def|1
|-unboost|p2a: Great Tusk|spd|1
|faint|p1a: Meowscarada
|
|upkeep
|
|t:|1781265224
|switch|p1a: Primarina|Primarina, F|100/100
|turn|56
|
|t:|1781265228
|-end|p2a: Great Tusk|Protosynthesis|[silent]
|switch|p2a: Ninetales|Ninetales, M|70/100
|-weather|SunnyDay|[from] ability: Drought|[of] p2a: Ninetales
|move|p1a: Primarina|Whirlpool|p2a: Ninetales
|-supereffective|p2a: Ninetales
|-damage|p2a: Ninetales|56/100
|-activate|p2a: Ninetales|move: Whirlpool|[of] p1a: Primarina
|
|-weather|SunnyDay|[upkeep]
|-damage|p2a: Ninetales|43/100|[from] move: Whirlpool|[partiallytrapped]
|upkeep
|turn|57
|
|t:|1781265234
|move|p1a: Primarina|Protect|p1a: Primarina
|-singleturn|p1a: Primarina|Protect
|move|p2a: Ninetales|Encore|p1a: Primarina
|-activate|p1a: Primarina|move: Protect
|
|-weather|SunnyDay|[upkeep]
|-damage|p2a: Ninetales|31/100|[from] move: Whirlpool|[partiallytrapped]
|upkeep
|turn|58
|
|t:|1781265238
|move|p2a: Ninetales|Encore|p1a: Primarina
|-start|p1a: Primarina|Encore
|move|p1a: Primarina|Protect||[still]
|-fail|p1a: Primarina
|
|-weather|SunnyDay|[upkeep]
|-damage|p2a: Ninetales|19/100|[from] move: Whirlpool|[partiallytrapped]
|upkeep
|turn|59
|
|t:|1781265242
|move|p1a: Primarina|Protect|p1a: Primarina
|-singleturn|p1a: Primarina|Protect
|move|p2a: Ninetales|Healing Wish|p2a: Ninetales
|faint|p2a: Ninetales
|
|-weather|SunnyDay|[upkeep]
|upkeep
|
|t:|1781265246
|switch|p2a: Great Tusk|Great Tusk|43/100
|-heal|p2a: Great Tusk|100/100|[from] move: Healing Wish
|-activate|p2a: Great Tusk|ability: Protosynthesis
|-start|p2a: Great Tusk|protosynthesisatk
|turn|60
|
|t:|1781265250
|move|p1a: Primarina|Protect||[still]
|-fail|p1a: Primarina
|move|p2a: Great Tusk|Headlong Rush|p1a: Primarina
|-damage|p1a: Primarina|14/100
|-unboost|p2a: Great Tusk|def|1
|-unboost|p2a: Great Tusk|spd|1
|
|-weather|SunnyDay|[upkeep]
|-heal|p1a: Primarina|20/100|[from] item: Leftovers
|-end|p1a: Primarina|Encore
|upkeep
|turn|61
|
|t:|1781265253
|move|p1a: Primarina|Protect|p1a: Primarina
|-singleturn|p1a: Primarina|Protect
|move|p2a: Great Tusk|Rapid Spin|p1a: Primarina
|-activate|p1a: Primarina|move: Protect
|
|-weather|SunnyDay|[upkeep]
|-heal|p1a: Primarina|26/100|[from] item: Leftovers
|upkeep
|turn|62
|
|t:|1781265257
|move|p2a: Great Tusk|Close Combat|p1a: Primarina
|-resisted|p1a: Primarina
|-damage|p1a: Primarina|0 fnt
|-unboost|p2a: Great Tusk|def|1
|-unboost|p2a: Great Tusk|spd|1
|faint|p1a: Primarina
|
|-weather|SunnyDay|[upkeep]
|upkeep
|
|t:|1781265260
|switch|p1a: Weezing|Weezing-Galar, F|72/100
|-ability|p1a: Weezing|Neutralizing Gas
|turn|63
|
|t:|1781265262
|-end|p2a: Great Tusk|Protosynthesis|[silent]
|switch|p2a: Walking Wake|Walking Wake|100/100
|move|p1a: Weezing|Will-O-Wisp|p2a: Walking Wake
|-status|p2a: Walking Wake|brn
|
|-weather|none
|-damage|p2a: Walking Wake|94/100 brn|[from] brn
|upkeep
|turn|64
|
|t:|1781265267
|move|p2a: Walking Wake|Hydro Steam|p1a: Weezing
|-damage|p1a: Weezing|22/100
|move|p1a: Weezing|Strange Steam|p2a: Walking Wake
|-supereffective|p2a: Walking Wake
|-damage|p2a: Walking Wake|33/100 brn
|-start|p2a: Walking Wake|confusion
|
|-damage|p2a: Walking Wake|27/100 brn|[from] brn
|upkeep
|turn|65
|
|t:|1781265271
|-activate|p2a: Walking Wake|confusion
|move|p2a: Walking Wake|Hydro Steam|p1a: Weezing
|-damage|p1a: Weezing|0 fnt
|faint|p1a: Weezing
|-end|p1a: Weezing|ability: Neutralizing Gas
|
|-damage|p2a: Walking Wake|21/100 brn|[from] brn
|upkeep
|
|t:|1781265273
|switch|p1a: Clodsire|Clodsire, M|88/100
|turn|66
|
|t:|1781265277
|-end|p2a: Walking Wake|Protosynthesis|[silent]
|switch|p2a: Great Tusk|Great Tusk|100/100
|-terastallize|p1a: Clodsire|Grass
|move|p1a: Clodsire|Curse|p1a: Clodsire
|-unboost|p1a: Clodsire|spe|1
|-boost|p1a: Clodsire|atk|1
|-boost|p1a: Clodsire|def|1
|
|-heal|p1a: Clodsire|94/100|[from] item: Leftovers
|upkeep
|turn|67
|j| Sailors Rock
|
|t:|1781265284
|move|p2a: Great Tusk|Close Combat|p1a: Clodsire
|-damage|p1a: Clodsire|55/100
|-unboost|p2a: Great Tusk|def|1
|-unboost|p2a: Great Tusk|spd|1
|move|p1a: Clodsire|Curse|p1a: Clodsire
|-unboost|p1a: Clodsire|spe|1
|-boost|p1a: Clodsire|atk|1
|-boost|p1a: Clodsire|def|1
|
|-heal|p1a: Clodsire|61/100|[from] item: Leftovers
|upkeep
|turn|68
|
|t:|1781265287
|move|p2a: Great Tusk|Close Combat|p1a: Clodsire
|-damage|p1a: Clodsire|29/100
|-unboost|p2a: Great Tusk|def|1
|-unboost|p2a: Great Tusk|spd|1
|move|p1a: Clodsire|Recover|p1a: Clodsire
|-heal|p1a: Clodsire|79/100
|
|-heal|p1a: Clodsire|85/100|[from] item: Leftovers
|upkeep
|turn|69
|
|t:|1781265290
|move|p2a: Great Tusk|Close Combat|p1a: Clodsire
|-damage|p1a: Clodsire|57/100
|-unboost|p2a: Great Tusk|def|1
|-unboost|p2a: Great Tusk|spd|1
|move|p1a: Clodsire|Earthquake|p2a: Great Tusk
|-damage|p2a: Great Tusk|60/100
|
|-heal|p1a: Clodsire|63/100|[from] item: Leftovers
|upkeep
|turn|70
|
|t:|1781265292
|move|p2a: Great Tusk|Close Combat|p1a: Clodsire
|-damage|p1a: Clodsire|33/100
|-unboost|p2a: Great Tusk|def|1
|-unboost|p2a: Great Tusk|spd|1
|move|p1a: Clodsire|Recover|p1a: Clodsire
|-heal|p1a: Clodsire|83/100
|
|-heal|p1a: Clodsire|89/100|[from] item: Leftovers
|upkeep
|turn|71
|l| Sailors Rock
|
|t:|1781265294
|move|p2a: Great Tusk|Ice Spinner|p1a: Clodsire
|-supereffective|p1a: Clodsire
|-damage|p1a: Clodsire|63/100
|move|p1a: Clodsire|Earthquake|p2a: Great Tusk
|-damage|p2a: Great Tusk|23/100
|
|-heal|p1a: Clodsire|69/100|[from] item: Leftovers
|upkeep
|turn|72
|
|t:|1781265297
|move|p2a: Great Tusk|Close Combat|p1a: Clodsire
|-damage|p1a: Clodsire|41/100
|-unboost|p2a: Great Tusk|def|1
|-unboost|p2a: Great Tusk|spd|1
|move|p1a: Clodsire|Recover|p1a: Clodsire
|-heal|p1a: Clodsire|91/100
|
|-heal|p1a: Clodsire|97/100|[from] item: Leftovers
|upkeep
|turn|73
|
|t:|1781265300
|move|p2a: Great Tusk|Close Combat|p1a: Clodsire
|-damage|p1a: Clodsire|65/100
|-unboost|p2a: Great Tusk|def|1
|-unboost|p2a: Great Tusk|spd|1
|move|p1a: Clodsire|Earthquake|p2a: Great Tusk
|-damage|p2a: Great Tusk|0 fnt
|faint|p2a: Great Tusk
|-end|p2a: Great Tusk|Protosynthesis|[silent]
|
|-heal|p1a: Clodsire|72/100|[from] item: Leftovers
|upkeep
|
|t:|1781265302
|switch|p2a: Walking Wake|Walking Wake|21/100 brn
|turn|74
|
|t:|1781265306
|move|p2a: Walking Wake|Draco Meteor|p1a: Clodsire
|-damage|p1a: Clodsire|22/100
|-unboost|p2a: Walking Wake|spa|2
|move|p1a: Clodsire|Earthquake|p2a: Walking Wake
|-crit|p2a: Walking Wake
|-damage|p2a: Walking Wake|0 fnt
|faint|p2a: Walking Wake
|-end|p2a: Walking Wake|Protosynthesis|[silent]
|
|win|zozotown
|raw|zozotown's rating: 1676 &rarr; <strong>1696</strong><br />(+20 for winning)
|raw|rekjllj's rating: 1669 &rarr; <strong>1649</strong><br />(-20 for losing)
|c|☆rekjllj|gg
