|j|☆zong200
|j|☆Mawile442
|t:|1781373390
|gametype|singles
|player|p1|zong200|aromalady|1600
|player|p2|Mawile442|170|1630
|gen|9
|tier|[Gen 9] OU
|rated|
|rule|HP Percentage Mod: HP is shown in percentages
|rule|Endless Battle Clause: Forcing endless battles is banned
|rule|Species Clause: Limit one of each Pokémon
|rule|OHKO Clause: OHKO moves are banned
|rule|Evasion Items Clause: Evasion items are banned
|rule|Evasion Moves Clause: Evasion moves are banned
|rule|Evasion Abilities Clause: Evasion abilities are banned
|rule|Sleep Moves Clause: Sleep-inducing moves are banned
|clearpoke
|poke|p1|Dragonite, F|
|poke|p1|Zamazenta-*|
|poke|p1|Hatterene, F|
|poke|p1|Kyurem|
|poke|p1|Gliscor, M|
|poke|p1|Moltres|
|poke|p2|Tyranitar, F|
|poke|p2|Excadrill, F|
|poke|p2|Ogerpon-Wellspring, F|
|poke|p2|Zamazenta-*|
|poke|p2|Garganacl, F|
|poke|p2|Moltres|
|teampreview
|c|☆zong200|hi
|inactive|Battle timer is ON: inactive players will automatically lose when time's up. (requested by Mawile442)
|c|☆zong200|all goob
|c|☆zong200|good
|
|t:|1781373418
|teamsize|p1|6
|teamsize|p2|6
|start
|switch|p1a: Gliscor|Gliscor, M|100/100
|switch|p2a: Ogerpon|Ogerpon-Wellspring, F|100/100
|turn|1
|
|t:|1781373422
|move|p1a: Gliscor|Protect|p1a: Gliscor
|-singleturn|p1a: Gliscor|Protect
|move|p2a: Ogerpon|Ivy Cudgel|p1a: Gliscor|[anim] Ivy Cudgel Water
|-activate|p1a: Gliscor|move: Protect
|
|-status|p1a: Gliscor|tox|[from] item: Toxic Orb
|upkeep
|turn|2
|
|t:|1781373428
|switch|p1a: Kyurem|Kyurem|100/100
|-ability|p1a: Kyurem|Pressure
|move|p2a: Ogerpon|Ivy Cudgel|p1a: Kyurem|[anim] Ivy Cudgel Water
|-resisted|p1a: Kyurem
|-damage|p1a: Kyurem|70/100
|
|upkeep
|turn|3
|
|t:|1781373434
|move|p2a: Ogerpon|U-turn|p1a: Kyurem
|-damage|p1a: Kyurem|45/100
|
|t:|1781373437
|switch|p2a: Garganacl|Garganacl, F, shiny|100/100|[from] U-turn
|move|p1a: Kyurem|Earth Power|p2a: Garganacl
|-supereffective|p2a: Garganacl
|-damage|p2a: Garganacl|63/100
|
|-heal|p2a: Garganacl|69/100|[from] item: Leftovers
|upkeep
|turn|4
|
|t:|1781373454
|switch|p1a: Gliscor|Gliscor, M|100/100 tox
|move|p2a: Garganacl|Stealth Rock|p1a: Gliscor
|-sidestart|p1: zong200|move: Stealth Rock
|
|-heal|p2a: Garganacl|75/100|[from] item: Leftovers
|upkeep
|turn|5
|
|t:|1781373459
|switch|p2a: Ogerpon|Ogerpon-Wellspring, F|100/100
|move|p1a: Gliscor|Stealth Rock|p2a: Ogerpon
|-sidestart|p2: Mawile442|move: Stealth Rock
|
|upkeep
|turn|6
|
|t:|1781373463
|-terastallize|p1a: Gliscor|Ghost
|move|p2a: Ogerpon|Ivy Cudgel|p1a: Gliscor|[anim] Ivy Cudgel Water
|-damage|p1a: Gliscor|52/100 tox
|move|p1a: Gliscor|Toxic|p2a: Ogerpon
|-status|p2a: Ogerpon|tox
|
|-damage|p2a: Ogerpon|95/100 tox|[from] psn
|-heal|p1a: Gliscor|64/100 tox|[from] ability: Poison Heal
|upkeep
|turn|7
|
|t:|1781373470
|move|p1a: Gliscor|Protect|p1a: Gliscor
|-singleturn|p1a: Gliscor|Protect
|move|p2a: Ogerpon|Ivy Cudgel|p1a: Gliscor|[anim] Ivy Cudgel Water
|-activate|p1a: Gliscor|move: Protect
|
|-damage|p2a: Ogerpon|83/100 tox|[from] psn
|-heal|p1a: Gliscor|77/100 tox|[from] ability: Poison Heal
|upkeep
|turn|8
|
|t:|1781373479
|move|p2a: Ogerpon|U-turn|p1a: Gliscor
|-resisted|p1a: Gliscor
|-damage|p1a: Gliscor|67/100 tox
|
|t:|1781373488
|switch|p2a: Tyranitar|Tyranitar, F, shiny|100/100|[from] U-turn
|-damage|p2a: Tyranitar|88/100|[from] Stealth Rock
|-weather|Sandstorm|[from] ability: Sand Stream|[of] p2a: Tyranitar
|move|p1a: Gliscor|Earthquake|p2a: Tyranitar
|-supereffective|p2a: Tyranitar
|-damage|p2a: Tyranitar|26/100
|
|-weather|Sandstorm|[upkeep]
|-damage|p1a: Gliscor|60/100 tox|[from] Sandstorm
|-heal|p1a: Gliscor|73/100 tox|[from] ability: Poison Heal
|upkeep
|turn|9
|
|t:|1781373491
|move|p1a: Gliscor|Protect|p1a: Gliscor
|-singleturn|p1a: Gliscor|Protect
|move|p2a: Tyranitar|Knock Off|p1a: Gliscor
|-activate|p1a: Gliscor|move: Protect
|
|-weather|Sandstorm|[upkeep]
|-damage|p1a: Gliscor|67/100 tox|[from] Sandstorm
|-heal|p1a: Gliscor|79/100 tox|[from] ability: Poison Heal
|upkeep
|turn|10
|
|t:|1781373497
|move|p1a: Gliscor|Earthquake|p2a: Tyranitar
|-supereffective|p2a: Tyranitar
|-damage|p2a: Tyranitar|0 fnt
|faint|p2a: Tyranitar
|
|-weather|Sandstorm|[upkeep]
|-damage|p1a: Gliscor|73/100 tox|[from] Sandstorm
|-heal|p1a: Gliscor|85/100 tox|[from] ability: Poison Heal
|upkeep
|
|t:|1781373502
|switch|p2a: Excadrill|Excadrill, F, shiny|100/100
|-damage|p2a: Excadrill|97/100|[from] Stealth Rock
|turn|11
|
|t:|1781373511
|-terastallize|p2a: Excadrill|Ghost
|move|p2a: Excadrill|Swords Dance|p2a: Excadrill
|-boost|p2a: Excadrill|atk|2
|move|p1a: Gliscor|Earthquake|p2a: Excadrill
|-damage|p2a: Excadrill|48/100
|
|-weather|Sandstorm|[upkeep]
|-damage|p1a: Gliscor|79/100 tox|[from] Sandstorm
|-heal|p2a: Excadrill|54/100|[from] item: Leftovers
|-heal|p1a: Gliscor|91/100 tox|[from] ability: Poison Heal
|upkeep
|turn|12
|
|t:|1781373518
|move|p1a: Gliscor|Protect|p1a: Gliscor
|-singleturn|p1a: Gliscor|Protect
|move|p2a: Excadrill|Swords Dance|p2a: Excadrill
|-boost|p2a: Excadrill|atk|2
|
|-weather|none
|-heal|p2a: Excadrill|60/100|[from] item: Leftovers
|-heal|p1a: Gliscor|100/100 tox|[from] ability: Poison Heal
|upkeep
|turn|13
|
|t:|1781373525
|switch|p1a: Kyurem|Kyurem|45/100
|-damage|p1a: Kyurem|20/100|[from] Stealth Rock
|-ability|p1a: Kyurem|Pressure
|move|p2a: Excadrill|Earthquake|p1a: Kyurem
|-damage|p1a: Kyurem|0 fnt
|faint|p1a: Kyurem
|
|-heal|p2a: Excadrill|66/100|[from] item: Leftovers
|upkeep
|
|t:|1781373533
|switch|p1a: Zamazenta|Zamazenta|100/100
|-damage|p1a: Zamazenta|94/100|[from] Stealth Rock
|-ability|p1a: Zamazenta|Dauntless Shield|boost
|-boost|p1a: Zamazenta|def|1
|turn|14
|
|t:|1781373543
|move|p1a: Zamazenta|Heavy Slam|p2a: Excadrill
|-damage|p2a: Excadrill|13/100
|move|p2a: Excadrill|Rapid Spin|p1a: Zamazenta
|-damage|p1a: Zamazenta|65/100
|-boost|p2a: Excadrill|spe|1
|-sideend|p2: Mawile442|Stealth Rock|[from] move: Rapid Spin|[of] p2a: Excadrill
|
|-heal|p2a: Excadrill|19/100|[from] item: Leftovers
|-heal|p1a: Zamazenta|71/100|[from] item: Leftovers
|upkeep
|turn|15
|
|t:|1781373550
|switch|p1a: Moltres|Moltres|100/100
|move|p2a: Excadrill|Earthquake|p1a: Moltres
|-immune|p1a: Moltres
|
|-heal|p2a: Excadrill|25/100|[from] item: Leftovers
|upkeep
|turn|16
|
|t:|1781373559
|switch|p2a: Ogerpon|Ogerpon-Wellspring, F|83/100 tox
|switch|p1a: Hatterene|Hatterene, F|100/100
|-damage|p1a: Hatterene|88/100|[from] Stealth Rock
|
|-damage|p2a: Ogerpon|77/100 tox|[from] psn
|upkeep
|turn|17
|
|t:|1781373564
|switch|p1a: Zamazenta|Zamazenta|71/100
|-damage|p1a: Zamazenta|65/100|[from] Stealth Rock
|move|p2a: Ogerpon|Ivy Cudgel|p1a: Zamazenta|[anim] Ivy Cudgel Water
|-damage|p1a: Zamazenta|20/100
|
|-heal|p1a: Zamazenta|26/100|[from] item: Leftovers
|-damage|p2a: Ogerpon|65/100 tox|[from] psn
|upkeep
|turn|18
|
|t:|1781373570
|move|p1a: Zamazenta|Body Press|p2a: Ogerpon
|-damage|p2a: Ogerpon|18/100 tox
|move|p2a: Ogerpon|Ivy Cudgel|p1a: Zamazenta|[anim] Ivy Cudgel Water
|-damage|p1a: Zamazenta|0 fnt
|faint|p1a: Zamazenta
|
|-damage|p2a: Ogerpon|0 fnt|[from] psn
|faint|p2a: Ogerpon
|upkeep
|
|t:|1781373583
|switch|p1a: Gliscor|Gliscor, M, tera:Ghost|100/100 tox
|switch|p2a: Garganacl|Garganacl, F, shiny|75/100
|-damage|p1a: Gliscor|88/100 tox|[from] Stealth Rock
|turn|19
|
|t:|1781373587
|move|p1a: Gliscor|Earthquake|p2a: Garganacl
|-supereffective|p2a: Garganacl
|-crit|p2a: Garganacl
|-damage|p2a: Garganacl|2/100
|move|p2a: Garganacl|Salt Cure|p1a: Gliscor
|-damage|p1a: Gliscor|77/100 tox
|-start|p1a: Gliscor|Salt Cure
|
|-heal|p2a: Garganacl|9/100|[from] item: Leftovers
|-heal|p1a: Gliscor|89/100 tox|[from] ability: Poison Heal
|-damage|p1a: Gliscor|77/100 tox|[from] Salt Cure
|upkeep
|turn|20
|
|t:|1781373592
|move|p1a: Gliscor|Earthquake|p2a: Garganacl
|-supereffective|p2a: Garganacl
|-damage|p2a: Garganacl|0 fnt
|faint|p2a: Garganacl
|
|-heal|p1a: Gliscor|89/100 tox|[from] ability: Poison Heal
|-damage|p1a: Gliscor|77/100 tox|[from] Salt Cure
|upkeep
|
|t:|1781373601
|switch|p2a: Moltres|Moltres, shiny|100/100
|turn|21
|
|t:|1781373603
|move|p1a: Gliscor|Toxic|p2a: Moltres
|-status|p2a: Moltres|tox
|move|p2a: Moltres|Flamethrower|p1a: Gliscor
|-damage|p1a: Gliscor|46/100 tox
|
|-heal|p1a: Gliscor|59/100 tox|[from] ability: Poison Heal
|-damage|p2a: Moltres|94/100 tox|[from] psn
|-damage|p1a: Gliscor|46/100 tox|[from] Salt Cure
|upkeep
|turn|22
|
|t:|1781373612
|switch|p1a: Moltres|Moltres|100/100
|move|p2a: Moltres|Flamethrower|p1a: Moltres
|-resisted|p1a: Moltres
|-damage|p1a: Moltres|82/100
|
|-damage|p2a: Moltres|82/100 tox|[from] psn
|upkeep
|turn|23
|
|t:|1781373615
|move|p2a: Moltres|U-turn|p1a: Moltres
|-resisted|p1a: Moltres
|-damage|p1a: Moltres|79/100
|
|t:|1781373618
|switch|p2a: Excadrill|Excadrill, F, shiny, tera:Ghost|25/100|[from] U-turn
|move|p1a: Moltres|Flamethrower|p2a: Excadrill
|-damage|p2a: Excadrill|0 fnt
|faint|p2a: Excadrill
|
|upkeep
|
|t:|1781373623
|switch|p2a: Zamazenta|Zamazenta, shiny|100/100
|-ability|p2a: Zamazenta|Dauntless Shield|boost
|-boost|p2a: Zamazenta|def|1
|turn|24
|
|t:|1781373627
|switch|p1a: Hatterene|Hatterene, F|88/100
|-damage|p1a: Hatterene|76/100|[from] Stealth Rock
|move|p2a: Zamazenta|Crunch|p1a: Hatterene
|-damage|p1a: Hatterene|54/100
|-damage|p2a: Zamazenta|84/100|[from] item: Rocky Helmet|[of] p1a: Hatterene
|
|upkeep
|turn|25
|
|t:|1781373630
|move|p2a: Zamazenta|Heavy Slam|p1a: Hatterene
|-supereffective|p1a: Hatterene
|-damage|p1a: Hatterene|0 fnt
|-damage|p2a: Zamazenta|67/100|[from] item: Rocky Helmet|[of] p1a: Hatterene
|faint|p1a: Hatterene
|
|upkeep
|
|t:|1781373638
|switch|p1a: Moltres|Moltres|79/100
|turn|26
|
|t:|1781373642
|move|p2a: Zamazenta|Crunch|p1a: Moltres
|-damage|p1a: Moltres|61/100
|move|p1a: Moltres|Flamethrower|p2a: Zamazenta
|-damage|p2a: Zamazenta|29/100
|
|upkeep
|turn|27
|-message|Mawile442 forfeited.
|
|win|zong200
|raw|zong200's rating: 1600 &rarr; <strong>1622</strong><br />(+22 for winning)
|raw|Mawile442's rating: 1630 &rarr; <strong>1608</strong><br />(-22 for losing)
