|j|☆Golem Rising
|j|☆AnonymousJon
|t:|1781460030
|gametype|singles
|player|p1|Golem Rising|bruno|1771
|player|p2|AnonymousJon|workerice|1758
|gen|9
|tier|[Gen 9] OU
|rated|
|rule|HP Percentage Mod: HP is shown in percentages
|rule|Endless Battle Clause: Forcing endless battles is banned
|rule|Species Clause: Limit one of each Pokémon
|rule|OHKO Clause: OHKO moves are banned
|rule|Evasion Items Clause: Evasion items are banned
|rule|Evasion Moves Clause: Evasion moves are banned
|rule|Evasion Abilities Clause: Evasion abilities are banned
|rule|Sleep Moves Clause: Sleep-inducing moves are banned
|clearpoke
|poke|p1|Torkoal, F|
|poke|p1|Walking Wake|
|poke|p1|Great Tusk|
|poke|p1|Goodra-Hisui, M|
|poke|p1|Slither Wing|
|poke|p1|Venusaur, M|
|poke|p2|Great Tusk|
|poke|p2|Ogerpon-Cornerstone, F|
|poke|p2|Rillaboom, F|
|poke|p2|Tyranitar, M|
|poke|p2|Corviknight, F|
|poke|p2|Dragapult, M|
|teampreview
|inactive|Battle timer is ON: inactive players will automatically lose when time's up. (requested by AnonymousJon)
|
|t:|1781460041
|teamsize|p1|6
|teamsize|p2|6
|start
|switch|p1a: Torkoal|Torkoal, F|100/100
|switch|p2a: Dragapult|Dragapult, M|100/100
|-weather|SunnyDay|[from] ability: Drought|[of] p1a: Torkoal
|turn|1
|
|t:|1781460047
|switch|p1a: Goodra|Goodra-Hisui, M|100/100
|move|p2a: Dragapult|Substitute|p2a: Dragapult
|-start|p2a: Dragapult|Substitute
|-damage|p2a: Dragapult|76/100
|
|-weather|SunnyDay|[upkeep]
|-heal|p2a: Dragapult|82/100|[from] item: Leftovers
|upkeep
|turn|2
|
|t:|1781460054
|move|p2a: Dragapult|Will-O-Wisp|p1a: Goodra
|-status|p1a: Goodra|brn
|move|p1a: Goodra|Dragon Pulse|p2a: Dragapult
|-supereffective|p2a: Dragapult
|-end|p2a: Dragapult|Substitute
|
|-weather|SunnyDay|[upkeep]
|-heal|p2a: Dragapult|88/100|[from] item: Leftovers
|-damage|p1a: Goodra|94/100 brn|[from] brn
|upkeep
|turn|3
|
|t:|1781460064
|switch|p2a: Tyranitar|Tyranitar, M|100/100
|-weather|Sandstorm|[from] ability: Sand Stream|[of] p2a: Tyranitar
|move|p1a: Goodra|Dragon Pulse|p2a: Tyranitar
|-damage|p2a: Tyranitar|82/100
|
|-weather|Sandstorm|[upkeep]
|-heal|p2a: Tyranitar|89/100|[from] item: Leftovers
|-damage|p1a: Goodra|88/100 brn|[from] brn
|upkeep
|turn|4
|
|t:|1781460073
|switch|p1a: Slither Wing|Slither Wing|100/100
|move|p2a: Tyranitar|Stealth Rock|p1a: Slither Wing
|-sidestart|p1: Golem Rising|move: Stealth Rock
|
|-weather|Sandstorm|[upkeep]
|-damage|p1a: Slither Wing|94/100|[from] Sandstorm
|-heal|p2a: Tyranitar|95/100|[from] item: Leftovers
|upkeep
|turn|5
|
|t:|1781460083
|switch|p2a: Dragapult|Dragapult, M|88/100
|move|p1a: Slither Wing|U-turn|p2a: Dragapult
|-resisted|p2a: Dragapult
|-damage|p2a: Dragapult|44/100
|
|t:|1781460088
|-end|p1a: Slither Wing|Protosynthesis|[silent]
|switch|p1a: Goodra|Goodra-Hisui, M|88/100 brn|[from] U-turn
|-damage|p1a: Goodra|82/100 brn|[from] Stealth Rock
|
|-weather|Sandstorm|[upkeep]
|-damage|p2a: Dragapult|38/100|[from] Sandstorm
|-heal|p2a: Dragapult|44/100|[from] item: Leftovers
|-damage|p1a: Goodra|76/100 brn|[from] brn
|upkeep
|turn|6
|
|t:|1781460096
|switch|p2a: Great Tusk|Great Tusk|100/100
|move|p1a: Goodra|Dragon Pulse|p2a: Great Tusk
|-damage|p2a: Great Tusk|74/100
|
|-weather|Sandstorm|[upkeep]
|-damage|p1a: Goodra|70/100 brn|[from] brn
|upkeep
|turn|7
|
|t:|1781460118
|switch|p1a: Slither Wing|Slither Wing|94/100
|-damage|p1a: Slither Wing|82/100|[from] Stealth Rock
|move|p2a: Great Tusk|Headlong Rush|p1a: Slither Wing
|-resisted|p1a: Slither Wing
|-damage|p1a: Slither Wing|44/100
|-unboost|p2a: Great Tusk|def|1
|-unboost|p2a: Great Tusk|spd|1
|
|-weather|none
|upkeep
|turn|8
|
|t:|1781460128
|-end|p2a: Great Tusk|Protosynthesis|[silent]
|switch|p2a: Corviknight|Corviknight, F|100/100
|-ability|p2a: Corviknight|Pressure
|move|p1a: Slither Wing|Flare Blitz|p2a: Corviknight
|-supereffective|p2a: Corviknight
|-damage|p2a: Corviknight|20/100
|-damage|p1a: Slither Wing|28/100|[from] item: Rocky Helmet|[of] p2a: Corviknight
|-damage|p1a: Slither Wing|0 fnt|[from] Recoil
|faint|p1a: Slither Wing
|-end|p1a: Slither Wing|Protosynthesis|[silent]
|
|upkeep
|
|t:|1781460143
|switch|p1a: Torkoal|Torkoal, F|100/100
|-damage|p1a: Torkoal|76/100|[from] Stealth Rock
|-weather|SunnyDay|[from] ability: Drought|[of] p1a: Torkoal
|turn|9
|
|t:|1781460148
|switch|p2a: Tyranitar|Tyranitar, M|95/100
|-weather|Sandstorm|[from] ability: Sand Stream|[of] p2a: Tyranitar
|move|p1a: Torkoal|Body Press|p2a: Tyranitar
|-supereffective|p2a: Tyranitar
|-damage|p2a: Tyranitar|0 fnt
|faint|p2a: Tyranitar
|
|-weather|Sandstorm|[upkeep]
|-damage|p1a: Torkoal|70/100|[from] Sandstorm
|upkeep
|
|t:|1781460151
|switch|p2a: Ogerpon|Ogerpon-Cornerstone, F|100/100
|turn|10
|
|t:|1781460171
|switch|p1a: Great Tusk|Great Tusk|100/100
|-damage|p1a: Great Tusk|97/100|[from] Stealth Rock
|move|p2a: Ogerpon|Swords Dance|p2a: Ogerpon
|-boost|p2a: Ogerpon|atk|2
|
|-weather|Sandstorm|[upkeep]
|upkeep
|turn|11
|
|t:|1781460179
|-terastallize|p1a: Great Tusk|Steel
|move|p2a: Ogerpon|Horn Leech|p1a: Great Tusk
|-resisted|p1a: Great Tusk
|-damage|p1a: Great Tusk|65/100
|move|p1a: Great Tusk|Ice Spinner|p2a: Ogerpon
|-supereffective|p2a: Ogerpon
|-ability|p2a: Ogerpon|Sturdy
|-damage|p2a: Ogerpon|1/100
|
|-weather|Sandstorm|[upkeep]
|upkeep
|turn|12
|
|t:|1781460188
|move|p2a: Ogerpon|Low Kick|p1a: Great Tusk
|-supereffective|p1a: Great Tusk
|-damage|p1a: Great Tusk|0 fnt
|faint|p1a: Great Tusk
|-end|p1a: Great Tusk|Protosynthesis|[silent]
|
|-weather|Sandstorm|[upkeep]
|upkeep
|
|t:|1781460198
|switch|p1a: Goodra|Goodra-Hisui, M|70/100 brn
|-damage|p1a: Goodra|64/100 brn|[from] Stealth Rock
|turn|13
|
|t:|1781460207
|move|p2a: Ogerpon|Low Kick|p1a: Goodra
|-supereffective|p1a: Goodra
|-damage|p1a: Goodra|0 fnt
|-ability|p1a: Goodra|Gooey
|-unboost|p2a: Ogerpon|spe|1
|faint|p1a: Goodra
|
|-weather|none
|upkeep
|
|t:|1781460215
|switch|p1a: Walking Wake|Walking Wake|100/100
|-damage|p1a: Walking Wake|88/100|[from] Stealth Rock
|turn|14
|
|t:|1781460221
|switch|p2a: Corviknight|Corviknight, F|20/100
|-ability|p2a: Corviknight|Pressure
|move|p1a: Walking Wake|Dragon Pulse|p2a: Corviknight
|-resisted|p2a: Corviknight
|-damage|p2a: Corviknight|0 fnt
|faint|p2a: Corviknight
|
|upkeep
|
|t:|1781460230
|switch|p2a: Ogerpon|Ogerpon-Cornerstone, F|1/100
|turn|15
|
|t:|1781460234
|move|p2a: Ogerpon|Ivy Cudgel|p1a: Walking Wake|[anim] Ivy Cudgel Rock
|-damage|p1a: Walking Wake|25/100
|move|p1a: Walking Wake|Dragon Pulse|p2a: Ogerpon
|-damage|p2a: Ogerpon|0 fnt
|faint|p2a: Ogerpon
|
|upkeep
|
|t:|1781460236
|switch|p2a: Dragapult|Dragapult, M|44/100
|turn|16
|
|t:|1781460242
|move|p2a: Dragapult|Dragon Darts|p1a: Walking Wake
|-supereffective|p1a: Walking Wake
|-damage|p1a: Walking Wake|0 fnt
|faint|p1a: Walking Wake
|-end|p1a: Walking Wake|Protosynthesis|[silent]
|
|-heal|p2a: Dragapult|51/100|[from] item: Leftovers
|upkeep
|
|t:|1781460247
|switch|p1a: Torkoal|Torkoal, F|70/100
|-damage|p1a: Torkoal|45/100|[from] Stealth Rock
|-weather|SunnyDay|[from] ability: Drought|[of] p1a: Torkoal
|turn|17
|
|t:|1781460253
|move|p2a: Dragapult|Substitute|p2a: Dragapult
|-start|p2a: Dragapult|Substitute
|-damage|p2a: Dragapult|26/100
|move|p1a: Torkoal|Lava Plume|p2a: Dragapult
|-resisted|p2a: Dragapult
|-activate|p2a: Dragapult|move: Substitute|[damage]
|
|-weather|SunnyDay|[upkeep]
|-heal|p2a: Dragapult|32/100|[from] item: Leftovers
|upkeep
|turn|18
|
|t:|1781460261
|move|p2a: Dragapult|Hex|p1a: Torkoal
|-damage|p1a: Torkoal|10/100
|move|p1a: Torkoal|Lava Plume|p2a: Dragapult
|-resisted|p2a: Dragapult
|-end|p2a: Dragapult|Substitute
|
|-weather|SunnyDay|[upkeep]
|-heal|p2a: Dragapult|38/100|[from] item: Leftovers
|upkeep
|turn|19
|
|t:|1781460269
|move|p2a: Dragapult|Substitute|p2a: Dragapult
|-start|p2a: Dragapult|Substitute
|-damage|p2a: Dragapult|13/100
|move|p1a: Torkoal|Lava Plume|p2a: Dragapult
|-resisted|p2a: Dragapult
|-activate|p2a: Dragapult|move: Substitute|[damage]
|
|-weather|SunnyDay|[upkeep]
|-heal|p2a: Dragapult|20/100|[from] item: Leftovers
|upkeep
|turn|20
|
|t:|1781460276
|move|p2a: Dragapult|Hex|p1a: Torkoal
|-damage|p1a: Torkoal|0 fnt
|faint|p1a: Torkoal
|
|-weather|SunnyDay|[upkeep]
|-heal|p2a: Dragapult|26/100|[from] item: Leftovers
|upkeep
|
|t:|1781460283
|switch|p1a: Venusaur|Venusaur, M|100/100
|-damage|p1a: Venusaur|88/100|[from] Stealth Rock
|turn|21
|
|t:|1781460287
|move|p1a: Venusaur|Earth Power|p2a: Dragapult
|-end|p2a: Dragapult|Substitute
|-damage|p1a: Venusaur|78/100|[from] item: Life Orb
|move|p2a: Dragapult|Dragon Darts|p1a: Venusaur
|-damage|p1a: Venusaur|49/100
|-anim|p2a: Dragapult|Dragon Darts|p1a: Venusaur
|-damage|p1a: Venusaur|23/100
|
|-weather|SunnyDay|[upkeep]
|-heal|p2a: Dragapult|32/100|[from] item: Leftovers
|upkeep
|turn|22
|
|t:|1781460297
|move|p1a: Venusaur|Weather Ball|p2a: Dragapult
|-resisted|p2a: Dragapult
|-damage|p2a: Dragapult|0 fnt
|faint|p2a: Dragapult
|-damage|p1a: Venusaur|13/100|[from] item: Life Orb
|
|-weather|SunnyDay|[upkeep]
|upkeep
|
|t:|1781460301
|switch|p2a: Great Tusk|Great Tusk|74/100
|-activate|p2a: Great Tusk|ability: Protosynthesis
|-start|p2a: Great Tusk|protosynthesisatk
|turn|23
|
|t:|1781460307
|-terastallize|p2a: Great Tusk|Fire
|move|p1a: Venusaur|Giga Drain|p2a: Great Tusk
|-resisted|p2a: Great Tusk
|-damage|p2a: Great Tusk|61/100
|-heal|p1a: Venusaur|22/100|[from] drain|[of] p2a: Great Tusk
|-damage|p1a: Venusaur|12/100|[from] item: Life Orb
|move|p2a: Great Tusk|Temper Flare|p1a: Venusaur
|-supereffective|p1a: Venusaur
|-damage|p1a: Venusaur|0 fnt
|faint|p1a: Venusaur
|
|win|AnonymousJon
|raw|Golem Rising's rating: 1771 &rarr; <strong>1750</strong><br />(-21 for losing)
|raw|AnonymousJon's rating: 1758 &rarr; <strong>1779</strong><br />(+21 for winning)
|c|☆AnonymousJon|gg
|l|☆Golem Rising
|player|p1|
|l|☆AnonymousJon
|player|p2|
