|j|☆KurisuChestnutOU
|j|☆thepoowizard_md
|t:|1781123523
|gametype|singles
|player|p1|KurisuChestnutOU|may-contest|1528
|player|p2|thepoowizard_md|rood|1541
|gen|9
|tier|[Gen 9] OU
|rated|
|rule|HP Percentage Mod: HP is shown in percentages
|rule|Endless Battle Clause: Forcing endless battles is banned
|rule|Species Clause: Limit one of each Pokémon
|rule|OHKO Clause: OHKO moves are banned
|rule|Evasion Items Clause: Evasion items are banned
|rule|Evasion Moves Clause: Evasion moves are banned
|rule|Evasion Abilities Clause: Evasion abilities are banned
|rule|Sleep Moves Clause: Sleep-inducing moves are banned
|clearpoke
|poke|p1|Gliscor, M|
|poke|p1|Dondozo, F|
|poke|p1|Slowking-Galar, M|
|poke|p1|Gholdengo|
|poke|p1|Great Tusk|
|poke|p1|Kingambit, M|
|poke|p2|Magnezone|
|poke|p2|Cinderace, F|
|poke|p2|Regieleki|
|poke|p2|Great Tusk|
|poke|p2|Gholdengo|
|poke|p2|Kyurem|
|teampreview
|inactive|Battle timer is ON: inactive players will automatically lose when time's up. (requested by thepoowizard_md)
|inactive|KurisuChestnutOU also wants the timer to be on.
|
|t:|1781123530
|teamsize|p1|6
|teamsize|p2|6
|start
|switch|p1a: Gliscor|Gliscor, M|100/100
|switch|p2a: Victor Krum|Kyurem|100/100
|-ability|p2a: Victor Krum|Pressure
|turn|1
|
|t:|1781123537
|switch|p1a: Slowking|Slowking-Galar, M|100/100
|move|p2a: Victor Krum|Dragon Dance|p2a: Victor Krum
|-boost|p2a: Victor Krum|atk|1
|-boost|p2a: Victor Krum|spe|1
|
|upkeep
|turn|2
|
|t:|1781123544
|switch|p1a: Kingambit|Kingambit, M|100/100
|move|p2a: Victor Krum|Substitute|p2a: Victor Krum
|-start|p2a: Victor Krum|Substitute
|-damage|p2a: Victor Krum|76/100
|
|upkeep
|turn|3
|
|t:|1781123548
|move|p2a: Victor Krum|Icicle Spear|p1a: Kingambit
|-resisted|p1a: Kingambit
|-damage|p1a: Kingambit|92/100
|-resisted|p1a: Kingambit
|-damage|p1a: Kingambit|84/100
|-resisted|p1a: Kingambit
|-damage|p1a: Kingambit|77/100
|-resisted|p1a: Kingambit
|-damage|p1a: Kingambit|68/100
|-hitcount|p1a: Kingambit|4
|move|p1a: Kingambit|Low Kick|p2a: Victor Krum
|-supereffective|p2a: Victor Krum
|-end|p2a: Victor Krum|Substitute
|
|-heal|p1a: Kingambit|74/100|[from] item: Leftovers
|upkeep
|turn|4
|
|t:|1781123558
|switch|p2a: Big Tuskackus|Great Tusk|100/100
|-enditem|p2a: Big Tuskackus|Booster Energy
|-activate|p2a: Big Tuskackus|ability: Protosynthesis|[fromitem]
|-start|p2a: Big Tuskackus|protosynthesisspe
|move|p1a: Kingambit|Low Kick|p2a: Big Tuskackus
|-damage|p2a: Big Tuskackus|71/100
|
|-heal|p1a: Kingambit|81/100|[from] item: Leftovers
|upkeep
|turn|5
|
|t:|1781123563
|-end|p1a: Kingambit|fallenundefined|[silent]
|switch|p1a: Gholdengo|Gholdengo|100/100
|-item|p1a: Gholdengo|Air Balloon
|move|p2a: Big Tuskackus|Knock Off|p1a: Gholdengo
|-supereffective|p1a: Gholdengo
|-damage|p1a: Gholdengo|36/100
|-enditem|p1a: Gholdengo|Air Balloon
|
|upkeep
|turn|6
|
|t:|1781123570
|switch|p1a: Dondozo|Dondozo, F|100/100
|move|p2a: Big Tuskackus|Knock Off|p1a: Dondozo
|-crit|p1a: Dondozo
|-damage|p1a: Dondozo|82/100
|-enditem|p1a: Dondozo|Leftovers|[from] move: Knock Off|[of] p2a: Big Tuskackus
|
|upkeep
|turn|7
|
|t:|1781123581
|move|p2a: Big Tuskackus|Stealth Rock|p1a: Dondozo
|-sidestart|p1: KurisuChestnutOU|move: Stealth Rock
|move|p1a: Dondozo|Wave Crash|p2a: Big Tuskackus
|-supereffective|p2a: Big Tuskackus
|-damage|p2a: Big Tuskackus|19/100
|-damage|p1a: Dondozo|67/100|[from] Recoil
|
|upkeep
|turn|8
|
|t:|1781123588
|-end|p2a: Big Tuskackus|Protosynthesis|[silent]
|switch|p2a: Magnum Jones|Magnezone|100/100
|move|p1a: Dondozo|Wave Crash|p2a: Magnum Jones
|-damage|p2a: Magnum Jones|61/100
|-damage|p1a: Dondozo|58/100|[from] Recoil
|
|upkeep
|turn|9
|
|t:|1781123592
|switch|p1a: Slowking|Slowking-Galar, M|100/100
|-damage|p1a: Slowking|88/100|[from] Stealth Rock
|move|p2a: Magnum Jones|Flash Cannon|p1a: Slowking
|-damage|p1a: Slowking|56/100
|
|upkeep
|turn|10
|
|t:|1781123600
|switch|p2a: Big Tuskackus|Great Tusk|19/100
|move|p1a: Slowking|Flamethrower|p2a: Big Tuskackus
|-crit|p2a: Big Tuskackus
|-damage|p2a: Big Tuskackus|0 fnt
|faint|p2a: Big Tuskackus
|-end|p2a: Big Tuskackus|Protosynthesis|[silent]
|
|upkeep
|
|t:|1781123627
|switch|p2a: Poo Chainz|Cinderace, F|100/100
|turn|11
|
|t:|1781123636
|switch|p1a: Gliscor|Gliscor, M|100/100
|-damage|p1a: Gliscor|88/100|[from] Stealth Rock
|move|p2a: Poo Chainz|U-turn|p1a: Gliscor
|-start|p2a: Poo Chainz|typechange|Bug|[from] ability: Libero
|-resisted|p1a: Gliscor
|-damage|p1a: Gliscor|73/100
|
|t:|1781123640
|switch|p2a: Victor Krum|Kyurem|76/100|[from] U-turn
|-ability|p2a: Victor Krum|Pressure
|
|-status|p1a: Gliscor|tox|[from] item: Toxic Orb
|upkeep
|turn|12
|
|t:|1781123649
|-terastallize|p1a: Gliscor|Water
|move|p2a: Victor Krum|Icicle Spear|p1a: Gliscor
|-resisted|p1a: Gliscor
|-damage|p1a: Gliscor|69/100 tox
|-resisted|p1a: Gliscor
|-damage|p1a: Gliscor|65/100 tox
|-resisted|p1a: Gliscor
|-damage|p1a: Gliscor|61/100 tox
|-resisted|p1a: Gliscor
|-damage|p1a: Gliscor|57/100 tox
|-resisted|p1a: Gliscor
|-damage|p1a: Gliscor|54/100 tox
|-hitcount|p1a: Gliscor|5
|move|p1a: Gliscor|Earthquake|p2a: Victor Krum
|-damage|p2a: Victor Krum|47/100
|
|-heal|p1a: Gliscor|66/100 tox|[from] ability: Poison Heal
|upkeep
|turn|13
|
|t:|1781123661
|switch|p2a: Gholdengo|Gholdengo|100/100
|-item|p2a: Gholdengo|Air Balloon
|move|p1a: Gliscor|Knock Off|p2a: Gholdengo
|-supereffective|p2a: Gholdengo
|-damage|p2a: Gholdengo|62/100
|-enditem|p2a: Gholdengo|Air Balloon
|
|-heal|p1a: Gliscor|79/100 tox|[from] ability: Poison Heal
|upkeep
|turn|14
|
|t:|1781123668
|move|p1a: Gliscor|Earthquake|p2a: Gholdengo
|-supereffective|p2a: Gholdengo
|-damage|p2a: Gholdengo|0 fnt
|faint|p2a: Gholdengo
|
|-heal|p1a: Gliscor|91/100 tox|[from] ability: Poison Heal
|upkeep
|
|t:|1781123675
|switch|p2a: Regieleki|Regieleki|100/100
|turn|15
|
|t:|1781123681
|switch|p2a: Victor Krum|Kyurem|47/100
|-ability|p2a: Victor Krum|Pressure
|switch|p1a: Great Tusk|Great Tusk|100/100
|
|upkeep
|turn|16
|
|t:|1781123688
|move|p2a: Victor Krum|Icicle Spear|p1a: Great Tusk
|-supereffective|p1a: Great Tusk
|-damage|p1a: Great Tusk|79/100
|-supereffective|p1a: Great Tusk
|-damage|p1a: Great Tusk|60/100
|-supereffective|p1a: Great Tusk
|-damage|p1a: Great Tusk|41/100
|-supereffective|p1a: Great Tusk
|-damage|p1a: Great Tusk|21/100
|-supereffective|p1a: Great Tusk
|-damage|p1a: Great Tusk|1/100
|-hitcount|p1a: Great Tusk|5
|move|p1a: Great Tusk|Rapid Spin|p2a: Victor Krum
|-damage|p2a: Victor Krum|30/100
|-boost|p1a: Great Tusk|spe|1
|-sideend|p1: KurisuChestnutOU|Stealth Rock|[from] move: Rapid Spin|[of] p1a: Great Tusk
|
|upkeep
|turn|17
|
|t:|1781123693
|move|p1a: Great Tusk|Headlong Rush|p2a: Victor Krum
|-damage|p2a: Victor Krum|0 fnt
|-unboost|p1a: Great Tusk|def|1
|-unboost|p1a: Great Tusk|spd|1
|faint|p2a: Victor Krum
|
|upkeep
|
|t:|1781123700
|switch|p2a: Regieleki|Regieleki|100/100
|turn|18
|
|t:|1781123704
|-end|p1a: Great Tusk|Protosynthesis|[silent]
|switch|p1a: Gholdengo|Gholdengo|36/100
|move|p2a: Regieleki|Rapid Spin|p1a: Gholdengo
|-immune|p1a: Gholdengo
|
|upkeep
|turn|19
|
|t:|1781123709
|switch|p2a: Poo Chainz|Cinderace, F|100/100
|switch|p1a: Great Tusk|Great Tusk|1/100
|
|upkeep
|turn|20
|
|t:|1781123713
|-end|p1a: Great Tusk|Protosynthesis|[silent]
|switch|p1a: Slowking|Slowking-Galar, M|89/100
|move|p2a: Poo Chainz|U-turn|p1a: Slowking
|-start|p2a: Poo Chainz|typechange|Bug|[from] ability: Libero
|-damage|p1a: Slowking|36/100
|
|t:|1781123717
|switch|p2a: Magnum Jones|Magnezone|61/100|[from] U-turn
|
|upkeep
|turn|21
|
|t:|1781123724
|move|p2a: Magnum Jones|Flash Cannon|p1a: Slowking
|-damage|p1a: Slowking|10/100
|move|p1a: Slowking|Flamethrower|p2a: Magnum Jones
|-supereffective|p2a: Magnum Jones
|-damage|p2a: Magnum Jones|11/100
|
|upkeep
|turn|22
|
|t:|1781123732
|switch|p1a: Gliscor|Gliscor, M, tera:Water|91/100 tox
|move|p2a: Magnum Jones|Flash Cannon|p1a: Gliscor
|-resisted|p1a: Gliscor
|-damage|p1a: Gliscor|38/100 tox
|
|-heal|p1a: Gliscor|51/100 tox|[from] ability: Poison Heal
|upkeep
|turn|23
|
|t:|1781123738
|-terastallize|p2a: Magnum Jones|Flying
|move|p1a: Gliscor|Earthquake|p2a: Magnum Jones
|-immune|p2a: Magnum Jones
|move|p2a: Magnum Jones|Flash Cannon|p1a: Gliscor
|-resisted|p1a: Gliscor
|-damage|p1a: Gliscor|0 fnt
|faint|p1a: Gliscor
|
|upkeep
|
|t:|1781123747
|switch|p1a: Kingambit|Kingambit, M|81/100
|-activate|p1a: Kingambit|ability: Supreme Overlord
|-start|p1a: Kingambit|fallen1|[silent]
|turn|24
|
|t:|1781123764
|move|p1a: Kingambit|Swords Dance|p1a: Kingambit
|-boost|p1a: Kingambit|atk|2
|move|p2a: Magnum Jones|Flash Cannon|p1a: Kingambit
|-resisted|p1a: Kingambit
|-damage|p1a: Kingambit|25/100
|
|-heal|p1a: Kingambit|31/100|[from] item: Leftovers
|upkeep
|turn|25
|
|t:|1781123769
|move|p1a: Kingambit|Low Kick|p2a: Magnum Jones
|-resisted|p2a: Magnum Jones
|-damage|p2a: Magnum Jones|0 fnt
|faint|p2a: Magnum Jones
|
|-heal|p1a: Kingambit|38/100|[from] item: Leftovers
|upkeep
|
|t:|1781123774
|switch|p2a: Poo Chainz|Cinderace, F|100/100
|turn|26
|
|t:|1781123779
|move|p2a: Poo Chainz|Sucker Punch|p1a: Kingambit
|-start|p2a: Poo Chainz|typechange|Dark|[from] ability: Libero
|-resisted|p1a: Kingambit
|-damage|p1a: Kingambit|16/100
|move|p1a: Kingambit|Sucker Punch||[still]
|-fail|p1a: Kingambit
|
|-heal|p1a: Kingambit|22/100|[from] item: Leftovers
|upkeep
|turn|27
|
|t:|1781123790
|move|p2a: Poo Chainz|Sucker Punch|p1a: Kingambit
|-resisted|p1a: Kingambit
|-damage|p1a: Kingambit|0 fnt
|faint|p1a: Kingambit
|-end|p1a: Kingambit|fallen1|[silent]
|
|upkeep
|
|t:|1781123794
|switch|p1a: Gholdengo|Gholdengo|36/100
|turn|28
|
|t:|1781123799
|switch|p2a: Regieleki|Regieleki|100/100
|move|p1a: Gholdengo|Recover|p1a: Gholdengo
|-heal|p1a: Gholdengo|87/100
|
|upkeep
|turn|29
|
|t:|1781123805
|switch|p2a: Poo Chainz|Cinderace, F|100/100
|move|p1a: Gholdengo|Shadow Ball|p2a: Poo Chainz
|-damage|p2a: Poo Chainz|36/100
|
|upkeep
|turn|30
|
|t:|1781123813
|switch|p1a: Great Tusk|Great Tusk|1/100
|move|p2a: Poo Chainz|Pyro Ball|p1a: Great Tusk
|-damage|p1a: Great Tusk|0 fnt
|faint|p1a: Great Tusk
|-end|p1a: Great Tusk|Protosynthesis|[silent]
|
|upkeep
|
|t:|1781123819
|switch|p1a: Dondozo|Dondozo, F|58/100
|turn|31
|inactive|thepoowizard_md has 120 seconds left.
|
|t:|1781123870
|move|p2a: Poo Chainz|Pyro Ball|p1a: Dondozo
|-resisted|p1a: Dondozo
|-damage|p1a: Dondozo|40/100
|move|p1a: Dondozo|Body Press|p2a: Poo Chainz
|-damage|p2a: Poo Chainz|0 fnt
|faint|p2a: Poo Chainz
|
|upkeep
|
|t:|1781123872
|switch|p2a: Regieleki|Regieleki|100/100
|turn|32
|
|t:|1781123878
|move|p2a: Regieleki|Thunderbolt|p1a: Dondozo
|-supereffective|p1a: Dondozo
|-damage|p1a: Dondozo|0 fnt
|faint|p1a: Dondozo
|
|upkeep
|
|t:|1781123885
|switch|p1a: Slowking|Slowking-Galar, M|43/100
|turn|33
|
|t:|1781123888
|switch|p1a: Gholdengo|Gholdengo|87/100
|move|p2a: Regieleki|Thunderbolt|p1a: Gholdengo
|-damage|p1a: Gholdengo|0 fnt
|faint|p1a: Gholdengo
|
|upkeep
|
|t:|1781123896
|switch|p1a: Slowking|Slowking-Galar, M|76/100
|turn|34
|
|t:|1781123903
|move|p2a: Regieleki|Thunderbolt|p1a: Slowking
|-damage|p1a: Slowking|46/100
|move|p1a: Slowking|Sludge Bomb|p2a: Regieleki
|-damage|p2a: Regieleki|38/100
|-status|p2a: Regieleki|psn
|
|-damage|p2a: Regieleki|26/100 psn|[from] psn
|upkeep
|turn|35
|
|t:|1781123909
|move|p2a: Regieleki|Thunderbolt|p1a: Slowking
|-damage|p1a: Slowking|13/100
|move|p1a: Slowking|Sludge Bomb|p2a: Regieleki
|-damage|p2a: Regieleki|0 fnt
|faint|p2a: Regieleki
|
|win|KurisuChestnutOU
|raw|KurisuChestnutOU's rating: 1534 &rarr; <strong>1554</strong><br />(+20 for winning)
|raw|thepoowizard_md's rating: 1541 &rarr; <strong>1521</strong><br />(-20 for losing)
|l|☆KurisuChestnutOU
|player|p1|
|l|☆thepoowizard_md
|player|p2|
