|j|☆hyp4roffender
|j|☆ohlookarock3
|t:|1780891774
|gametype|singles
|player|p1|hyp4roffender|170|1610
|player|p2|ohlookarock3|geeta|1658
|gen|9
|tier|[Gen 9] OU
|rated|
|rule|HP Percentage Mod: HP is shown in percentages
|rule|Endless Battle Clause: Forcing endless battles is banned
|rule|Species Clause: Limit one of each Pokémon
|rule|OHKO Clause: OHKO moves are banned
|rule|Evasion Items Clause: Evasion items are banned
|rule|Evasion Moves Clause: Evasion moves are banned
|rule|Evasion Abilities Clause: Evasion abilities are banned
|rule|Sleep Moves Clause: Sleep-inducing moves are banned
|clearpoke
|poke|p1|Ninetales-Alola, M|
|poke|p1|Ceruledge, F|
|poke|p1|Hatterene, F|
|poke|p1|Great Tusk|
|poke|p1|Ogerpon-Wellspring, F|
|poke|p1|Gliscor, F|
|poke|p2|Araquanid, F|
|poke|p2|Dragonite, F|
|poke|p2|Gholdengo|
|poke|p2|Iron Moth|
|poke|p2|Iron Valiant|
|poke|p2|Iron Treads|
|teampreview
|inactive|Battle timer is ON: inactive players will automatically lose when time's up. (requested by ohlookarock3)
|
|t:|1780891788
|teamsize|p1|6
|teamsize|p2|6
|start
|switch|p1a: Ninetales|Ninetales-Alola, M|100/100
|switch|p2a: Yumame|Araquanid, F, shiny|100/100
|-weather|Snowscape|[from] ability: Snow Warning|[of] p1a: Ninetales
|turn|1
|
|t:|1780891800
|move|p1a: Ninetales|Aurora Veil|p1a: Ninetales
|-sidestart|p1: hyp4roffender|move: Aurora Veil
|move|p2a: Yumame|Sticky Web|p1a: Ninetales
|-sidestart|p1: hyp4roffender|move: Sticky Web
|
|-weather|Snowscape|[upkeep]
|upkeep
|turn|2
|
|t:|1780891804
|switch|p1a: Great Tusk|Great Tusk|100/100
|-activate|p1a: Great Tusk|move: Sticky Web
|-unboost|p1a: Great Tusk|spe|1
|move|p2a: Yumame|Liquidation|p1a: Great Tusk
|-supereffective|p1a: Great Tusk
|-damage|p1a: Great Tusk|73/100
|-unboost|p1a: Great Tusk|def|1
|
|-weather|Snowscape|[upkeep]
|-heal|p1a: Great Tusk|79/100|[from] item: Leftovers
|upkeep
|turn|3
|
|t:|1780891814
|move|p1a: Great Tusk|Bulk Up|p1a: Great Tusk
|-boost|p1a: Great Tusk|atk|1
|-boost|p1a: Great Tusk|def|1
|move|p2a: Yumame|Liquidation|p1a: Great Tusk
|-supereffective|p1a: Great Tusk
|-damage|p1a: Great Tusk|53/100
|-unboost|p1a: Great Tusk|def|1
|
|-weather|Snowscape|[upkeep]
|-heal|p1a: Great Tusk|59/100|[from] item: Leftovers
|upkeep
|turn|4
|
|t:|1780891818
|move|p1a: Great Tusk|Rapid Spin|p2a: Yumame
|-damage|p2a: Yumame|84/100
|-boost|p1a: Great Tusk|spe|1
|-sideend|p1: hyp4roffender|Sticky Web|[from] move: Rapid Spin|[of] p1a: Great Tusk
|move|p2a: Yumame|Liquidation|p1a: Great Tusk
|-supereffective|p1a: Great Tusk
|-damage|p1a: Great Tusk|19/100
|
|-weather|Snowscape|[upkeep]
|-heal|p1a: Great Tusk|25/100|[from] item: Leftovers
|upkeep
|turn|5
|
|t:|1780891824
|-end|p1a: Great Tusk|Protosynthesis|[silent]
|switch|p1a: Hatterene|Hatterene, F|100/100
|move|p2a: Yumame|Sticky Web|p1a: Hatterene
|move|p1a: Hatterene|Sticky Web|p2a: Yumame|[from] ability: Magic Bounce
|-sidestart|p2: ohlookarock3|move: Sticky Web
|
|-weather|none
|upkeep
|turn|6
|
|t:|1780891829
|switch|p2a: Tenshi|Iron Treads|100/100
|-activate|p2a: Tenshi|move: Sticky Web
|-unboost|p2a: Tenshi|spe|1
|-enditem|p2a: Tenshi|Booster Energy
|-activate|p2a: Tenshi|ability: Quark Drive|[fromitem]
|-start|p2a: Tenshi|quarkdriveatk
|move|p1a: Hatterene|Calm Mind|p1a: Hatterene
|-boost|p1a: Hatterene|spa|1
|-boost|p1a: Hatterene|spd|1
|
|upkeep
|turn|7
|
|t:|1780891839
|move|p2a: Tenshi|Knock Off|p1a: Hatterene
|-damage|p1a: Hatterene|84/100
|-enditem|p1a: Hatterene|Leftovers|[from] move: Knock Off|[of] p2a: Tenshi
|move|p1a: Hatterene|Mystical Fire|p2a: Tenshi
|-supereffective|p2a: Tenshi
|-damage|p2a: Tenshi|6/100
|-unboost|p2a: Tenshi|spa|1
|
|upkeep
|turn|8
|
|t:|1780891843
|move|p2a: Tenshi|Rapid Spin|p1a: Hatterene
|-damage|p1a: Hatterene|75/100
|-boost|p2a: Tenshi|spe|1
|-sideend|p2: ohlookarock3|Sticky Web|[from] move: Rapid Spin|[of] p2a: Tenshi
|move|p1a: Hatterene|Mystical Fire|p2a: Tenshi
|-supereffective|p2a: Tenshi
|-damage|p2a: Tenshi|0 fnt
|faint|p2a: Tenshi
|-end|p2a: Tenshi|Quark Drive|[silent]
|
|-sideend|p1: hyp4roffender|move: Aurora Veil
|upkeep
|
|t:|1780891847
|switch|p2a: Sumireko|Iron Moth|100/100
|-enditem|p2a: Sumireko|Booster Energy
|-activate|p2a: Sumireko|ability: Quark Drive|[fromitem]
|-start|p2a: Sumireko|quarkdrivespa
|turn|9
|
|t:|1780891863
|move|p2a: Sumireko|Sludge Wave|p1a: Hatterene
|-supereffective|p1a: Hatterene
|-damage|p1a: Hatterene|0 fnt
|faint|p1a: Hatterene
|
|upkeep
|
|t:|1780891868
|switch|p1a: Gliscor|Gliscor, F|100/100
|turn|10
|
|t:|1780891880
|move|p2a: Sumireko|Fiery Dance|p1a: Gliscor
|-damage|p1a: Gliscor|32/100
|move|p1a: Gliscor|Agility|p1a: Gliscor
|-boost|p1a: Gliscor|spe|2
|
|-status|p1a: Gliscor|tox|[from] item: Toxic Orb
|upkeep
|turn|11
|
|t:|1780891886
|move|p1a: Gliscor|Earthquake|p2a: Sumireko
|-supereffective|p2a: Sumireko
|-damage|p2a: Sumireko|0 fnt
|faint|p2a: Sumireko
|-end|p2a: Sumireko|Quark Drive|[silent]
|
|-heal|p1a: Gliscor|45/100 tox|[from] ability: Poison Heal
|upkeep
|
|t:|1780891905
|switch|p2a: Chimata|Gholdengo|100/100
|-item|p2a: Chimata|Air Balloon
|turn|12
|
|t:|1780891923
|switch|p1a: Ninetales|Ninetales-Alola, M|100/100
|-weather|Snowscape|[from] ability: Snow Warning|[of] p1a: Ninetales
|move|p2a: Chimata|Shadow Ball|p1a: Ninetales
|-damage|p1a: Ninetales|58/100
|
|-weather|Snowscape|[upkeep]
|upkeep
|turn|13
|
|t:|1780891930
|switch|p2a: Yumame|Araquanid, F, shiny|84/100
|move|p1a: Ninetales|Aurora Veil|p1a: Ninetales
|-sidestart|p1: hyp4roffender|move: Aurora Veil
|
|-weather|Snowscape|[upkeep]
|upkeep
|turn|14
|
|t:|1780891945
|switch|p1a: Great Tusk|Great Tusk|25/100
|move|p2a: Yumame|Sticky Web|p1a: Great Tusk
|-sidestart|p1: hyp4roffender|move: Sticky Web
|
|-weather|Snowscape|[upkeep]
|-heal|p1a: Great Tusk|32/100|[from] item: Leftovers
|upkeep
|turn|15
|
|t:|1780891950
|move|p1a: Great Tusk|Ice Spinner|p2a: Yumame
|-resisted|p2a: Yumame
|-damage|p2a: Yumame|74/100
|move|p2a: Yumame|Liquidation|p1a: Great Tusk
|-supereffective|p1a: Great Tusk
|-damage|p1a: Great Tusk|6/100
|-unboost|p1a: Great Tusk|def|1
|
|-weather|Snowscape|[upkeep]
|-heal|p1a: Great Tusk|12/100|[from] item: Leftovers
|upkeep
|turn|16
|
|t:|1780891959
|move|p1a: Great Tusk|Rapid Spin|p2a: Yumame
|-damage|p2a: Yumame|62/100
|-boost|p1a: Great Tusk|spe|1
|-sideend|p1: hyp4roffender|Sticky Web|[from] move: Rapid Spin|[of] p1a: Great Tusk
|move|p2a: Yumame|Liquidation|p1a: Great Tusk
|-supereffective|p1a: Great Tusk
|-damage|p1a: Great Tusk|0 fnt
|faint|p1a: Great Tusk
|-end|p1a: Great Tusk|Protosynthesis|[silent]
|
|-weather|none
|upkeep
|inactive|hyp4roffender has 120 seconds left.
|
|t:|1780892000
|switch|p1a: Ceruledge|Ceruledge, F|100/100
|turn|17
|inactive|ohlookarock3 has 120 seconds left.
|
|t:|1780892059
|move|p1a: Ceruledge|Poltergeist|p2a: Yumame
|-activate|p2a: Yumame|move: Poltergeist|Mental Herb
|-damage|p2a: Yumame|29/100
|move|p2a: Yumame|Lunge|p1a: Ceruledge
|-resisted|p1a: Ceruledge
|-damage|p1a: Ceruledge|98/100
|-unboost|p1a: Ceruledge|atk|1
|
|-heal|p1a: Ceruledge|100/100|[from] item: Leftovers
|upkeep
|turn|18
|inactive|hyp4roffender has 120 seconds left.
|
|t:|1780892077
|move|p1a: Ceruledge|Bulk Up|p1a: Ceruledge
|-boost|p1a: Ceruledge|atk|1
|-boost|p1a: Ceruledge|def|1
|move|p2a: Yumame|Sticky Web|p1a: Ceruledge
|-sidestart|p1: hyp4roffender|move: Sticky Web
|
|upkeep
|turn|19
|
|t:|1780892085
|move|p1a: Ceruledge|Poltergeist|p2a: Yumame
|-activate|p2a: Yumame|move: Poltergeist|Mental Herb
|-damage|p2a: Yumame|0 fnt
|faint|p2a: Yumame
|
|upkeep
|
|t:|1780892094
|switch|p2a: Patchouli|Iron Valiant|100/100
|-enditem|p2a: Patchouli|Booster Energy
|-activate|p2a: Patchouli|ability: Quark Drive|[fromitem]
|-start|p2a: Patchouli|quarkdrivespa
|turn|20
|
|t:|1780892100
|move|p2a: Patchouli|Shadow Ball|p1a: Ceruledge
|-supereffective|p1a: Ceruledge
|-damage|p1a: Ceruledge|73/100
|move|p1a: Ceruledge|Bulk Up|p1a: Ceruledge
|-boost|p1a: Ceruledge|atk|1
|-boost|p1a: Ceruledge|def|1
|
|-heal|p1a: Ceruledge|80/100|[from] item: Leftovers
|-sideend|p1: hyp4roffender|move: Aurora Veil
|upkeep
|turn|21
|
|t:|1780892111
|-terastallize|p1a: Ceruledge|Fire
|move|p2a: Patchouli|Shadow Ball|p1a: Ceruledge
|-damage|p1a: Ceruledge|49/100
|move|p1a: Ceruledge|Bitter Blade|p2a: Patchouli
|-damage|p2a: Patchouli|5/100
|-heal|p1a: Ceruledge|88/100|[from] drain|[of] p2a: Patchouli
|
|-heal|p1a: Ceruledge|94/100|[from] item: Leftovers
|upkeep
|turn|22
|
|t:|1780892126
|move|p2a: Patchouli|Vacuum Wave|p1a: Ceruledge
|-damage|p1a: Ceruledge|73/100
|move|p1a: Ceruledge|Bitter Blade|p2a: Patchouli
|-damage|p2a: Patchouli|0 fnt
|-heal|p1a: Ceruledge|75/100|[from] drain|[of] p2a: Patchouli
|faint|p2a: Patchouli
|-end|p2a: Patchouli|Quark Drive|[silent]
|
|-heal|p1a: Ceruledge|81/100|[from] item: Leftovers
|upkeep
|
|t:|1780892133
|switch|p2a: Byakuren|Dragonite, F|100/100
|turn|23
|
|t:|1780892140
|move|p2a: Byakuren|Dragon Dance|p2a: Byakuren
|-boost|p2a: Byakuren|atk|1
|-boost|p2a: Byakuren|spe|1
|move|p1a: Ceruledge|Poltergeist|p2a: Byakuren
|-activate|p2a: Byakuren|move: Poltergeist|Heavy-Duty Boots
|-damage|p2a: Byakuren|62/100
|
|-heal|p1a: Ceruledge|87/100|[from] item: Leftovers
|upkeep
|turn|24
|
|t:|1780892150
|-terastallize|p2a: Byakuren|Normal
|move|p2a: Byakuren|Dragon Dance|p2a: Byakuren
|-boost|p2a: Byakuren|atk|1
|-boost|p2a: Byakuren|spe|1
|move|p1a: Ceruledge|Poltergeist|p2a: Byakuren
|-immune|p2a: Byakuren
|
|-heal|p1a: Ceruledge|93/100|[from] item: Leftovers
|upkeep
|turn|25
|
|t:|1780892159
|move|p2a: Byakuren|Earthquake|p1a: Ceruledge
|-supereffective|p1a: Ceruledge
|-damage|p1a: Ceruledge|6/100
|move|p1a: Ceruledge|Bitter Blade|p2a: Byakuren
|-damage|p2a: Byakuren|0 fnt
|-heal|p1a: Ceruledge|34/100|[from] drain|[of] p2a: Byakuren
|faint|p2a: Byakuren
|
|-heal|p1a: Ceruledge|41/100|[from] item: Leftovers
|upkeep
|
|t:|1780892168
|switch|p2a: Chimata|Gholdengo|100/100
|-item|p2a: Chimata|Air Balloon
|turn|26
|
|t:|1780892172
|move|p2a: Chimata|Shadow Ball|p1a: Ceruledge
|-damage|p1a: Ceruledge|7/100
|move|p1a: Ceruledge|Bitter Blade|p2a: Chimata
|-supereffective|p2a: Chimata
|-damage|p2a: Chimata|0 fnt
|-heal|p1a: Ceruledge|52/100|[from] drain|[of] p2a: Chimata
|-enditem|p2a: Chimata|Air Balloon
|faint|p2a: Chimata
|
|win|hyp4roffender
|raw|hyp4roffender's rating: 1610 &rarr; <strong>1633</strong><br />(+23 for winning)
|raw|ohlookarock3's rating: 1658 &rarr; <strong>1635</strong><br />(-23 for losing)
|l|☆hyp4roffender
|player|p1|
|l|☆ohlookarock3
|player|p2|
