|j|☆temporarylight
|j|☆rblt ryo
|t:|1781546809
|gametype|singles
|player|p1|temporarylight|jogger|1739
|player|p2|rblt ryo|grimsley-gen7|1704
|gen|9
|tier|[Gen 9] OU
|rated|
|rule|HP Percentage Mod: HP is shown in percentages
|rule|Endless Battle Clause: Forcing endless battles is banned
|rule|Species Clause: Limit one of each Pokémon
|rule|OHKO Clause: OHKO moves are banned
|rule|Evasion Items Clause: Evasion items are banned
|rule|Evasion Moves Clause: Evasion moves are banned
|rule|Evasion Abilities Clause: Evasion abilities are banned
|rule|Sleep Moves Clause: Sleep-inducing moves are banned
|clearpoke
|poke|p1|Ting-Lu|
|poke|p1|Gholdengo|
|poke|p1|Dragonite, F|
|poke|p1|Volcanion|
|poke|p1|Hatterene, F|
|poke|p1|Zapdos-Galar|
|poke|p2|Ting-Lu|
|poke|p2|Corviknight, M|
|poke|p2|Hatterene, F|
|poke|p2|Amoonguss, M|
|poke|p2|Dondozo, M|
|poke|p2|Hoopa-Unbound|
|teampreview
|
|t:|1781546831
|teamsize|p1|6
|teamsize|p2|6
|start
|switch|p1a: Ting-Lu|Ting-Lu|100/100
|switch|p2a: Ting-Lu|Ting-Lu|100/100
|-ability|p1a: Ting-Lu|Vessel of Ruin
|-ability|p2a: Ting-Lu|Vessel of Ruin
|turn|1
|
|t:|1781546836
|switch|p2a: Hatterene|Hatterene, F|100/100
|move|p1a: Ting-Lu|Ruination|p2a: Hatterene
|-damage|p2a: Hatterene|50/100
|
|-heal|p2a: Hatterene|56/100|[from] item: Leftovers
|upkeep
|turn|2
|
|t:|1781546847
|move|p2a: Hatterene|Mystical Fire|p1a: Ting-Lu
|-damage|p1a: Ting-Lu|91/100
|-unboost|p1a: Ting-Lu|spa|1
|move|p1a: Ting-Lu|Whirlwind|p2a: Hatterene
|move|p2a: Hatterene|Whirlwind|p1a: Ting-Lu|[from] ability: Magic Bounce
|drag|p1a: Volcanion|Volcanion|100/100
|
|-heal|p2a: Hatterene|62/100|[from] item: Leftovers
|upkeep
|turn|3
|inactive|Battle timer is ON: inactive players will automatically lose when time's up. (requested by temporarylight)
|j| kkfontinele
|
|t:|1781546872
|-terastallize|p2a: Hatterene|Dragon
|move|p1a: Volcanion|Steam Eruption|p2a: Hatterene
|-resisted|p2a: Hatterene
|-damage|p2a: Hatterene|10/100
|move|p2a: Hatterene|Pain Split|p1a: Volcanion
|-sethp|p1a: Volcanion|56/100|[from] move: Pain Split|[silent]
|-sethp|p2a: Hatterene|53/100|[from] move: Pain Split
|
|-heal|p2a: Hatterene|59/100|[from] item: Leftovers
|upkeep
|turn|4
|
|t:|1781546889
|switch|p2a: Amoonguss|Amoonguss, M|100/100
|move|p1a: Volcanion|Steam Eruption|p2a: Amoonguss
|-resisted|p2a: Amoonguss
|-damage|p2a: Amoonguss|53/100
|
|upkeep
|turn|5
|
|t:|1781546901
|move|p1a: Volcanion|Steam Eruption|p2a: Amoonguss
|-resisted|p2a: Amoonguss
|-damage|p2a: Amoonguss|9/100
|-status|p2a: Amoonguss|brn
|move|p2a: Amoonguss|Stun Spore|p1a: Volcanion
|-status|p1a: Volcanion|par
|
|-damage|p2a: Amoonguss|3/100 brn|[from] brn
|upkeep
|turn|6
|inactive|rblt ryo has 120 seconds left.
|
|t:|1781546932
|switch|p2a: Dondozo|Dondozo, M|100/100
|move|p1a: Volcanion|Steam Eruption|p2a: Dondozo
|-resisted|p2a: Dondozo
|-damage|p2a: Dondozo|71/100
|
|-heal|p2a: Dondozo|77/100|[from] item: Leftovers
|upkeep
|turn|7
|j| mysticzak
|j| BiscoitoXDBr
|inactive|rblt ryo has 120 seconds left.
|
|t:|1781546945
|switch|p1a: Gholdengo|Gholdengo|100/100
|move|p2a: Dondozo|Curse|p2a: Dondozo
|-unboost|p2a: Dondozo|spe|1
|-boost|p2a: Dondozo|atk|1
|-boost|p2a: Dondozo|def|1
|
|-heal|p2a: Dondozo|83/100|[from] item: Leftovers
|upkeep
|turn|8
|
|t:|1781546951
|switch|p1a: Zapdos|Zapdos-Galar|100/100
|switch|p2a: Hoopa|Hoopa-Unbound|100/100
|
|upkeep
|turn|9
|
|t:|1781546959
|switch|p2a: Corviknight|Corviknight, M|100/100
|-ability|p2a: Corviknight|Pressure
|move|p1a: Zapdos|Knock Off|p2a: Corviknight
|-damage|p2a: Corviknight|80/100
|-damage|p1a: Zapdos|84/100|[from] item: Rocky Helmet|[of] p2a: Corviknight
|-enditem|p2a: Corviknight|Rocky Helmet|[from] move: Knock Off|[of] p1a: Zapdos
|
|upkeep
|turn|10
|
|t:|1781546972
|switch|p1a: Ting-Lu|Ting-Lu|91/100
|-ability|p1a: Ting-Lu|Vessel of Ruin
|move|p2a: Corviknight|Roost|p2a: Corviknight
|-heal|p2a: Corviknight|100/100
|-singleturn|p2a: Corviknight|move: Roost
|
|-heal|p1a: Ting-Lu|97/100|[from] item: Leftovers
|upkeep
|turn|11
|
|t:|1781546979
|move|p2a: Corviknight|Body Press|p1a: Ting-Lu
|-supereffective|p1a: Ting-Lu
|-damage|p1a: Ting-Lu|67/100
|move|p1a: Ting-Lu|Ruination|p2a: Corviknight
|-damage|p2a: Corviknight|51/100
|
|-heal|p1a: Ting-Lu|73/100|[from] item: Leftovers
|upkeep
|turn|12
|
|t:|1781546986
|switch|p2a: Hatterene|Hatterene, F, tera:Dragon|59/100
|move|p1a: Ting-Lu|Stealth Rock|p2a: Hatterene
|move|p2a: Hatterene|Stealth Rock|p1a: Ting-Lu|[from] ability: Magic Bounce
|-sidestart|p1: temporarylight|move: Stealth Rock
|
|-heal|p1a: Ting-Lu|80/100|[from] item: Leftovers
|-heal|p2a: Hatterene|65/100|[from] item: Leftovers
|upkeep
|turn|13
|c|☆temporarylight|nooo
|
|t:|1781546997
|switch|p1a: Magic I Bounce U|Hatterene, F, shiny|100/100
|-damage|p1a: Magic I Bounce U|88/100|[from] Stealth Rock
|move|p2a: Hatterene|Draining Kiss|p1a: Magic I Bounce U
|-damage|p1a: Magic I Bounce U|65/100
|-heal|p2a: Hatterene|82/100|[from] drain|[of] p1a: Magic I Bounce U
|-damage|p2a: Hatterene|66/100|[from] item: Rocky Helmet|[of] p1a: Magic I Bounce U
|
|-heal|p2a: Hatterene|72/100|[from] item: Leftovers
|upkeep
|turn|14
|l| kkfontinele
|
|t:|1781547025
|switch|p2a: Ting-Lu|Ting-Lu|100/100
|-ability|p2a: Ting-Lu|Vessel of Ruin
|move|p1a: Magic I Bounce U|Nuzzle|p2a: Ting-Lu
|-immune|p2a: Ting-Lu
|
|upkeep
|turn|15
|j| DA COME UP
|j| have we gone
|inactive|rblt ryo has 120 seconds left.
|
|t:|1781547046
|switch|p2a: Hoopa|Hoopa-Unbound|100/100
|move|p1a: Magic I Bounce U|Pain Split|p2a: Hoopa
|-sethp|p2a: Hoopa|79/100|[from] move: Pain Split|[silent]
|-sethp|p1a: Magic I Bounce U|90/100|[from] move: Pain Split
|
|upkeep
|turn|16
|inactive|rblt ryo has 120 seconds left.
|
|t:|1781547058
|move|p2a: Hoopa|Knock Off|p1a: Magic I Bounce U
|-damage|p1a: Magic I Bounce U|40/100
|-damage|p2a: Hoopa|62/100|[from] item: Rocky Helmet|[of] p1a: Magic I Bounce U
|-enditem|p1a: Magic I Bounce U|Rocky Helmet|[from] move: Knock Off|[of] p2a: Hoopa
|move|p1a: Magic I Bounce U|Dazzling Gleam|p2a: Hoopa
|-supereffective|p2a: Hoopa
|-damage|p2a: Hoopa|20/100
|
|upkeep
|turn|17
|inactive|rblt ryo has 120 seconds left.
|
|t:|1781547083
|move|p2a: Hoopa|Thunderbolt|p1a: Magic I Bounce U
|-crit|p1a: Magic I Bounce U
|-damage|p1a: Magic I Bounce U|0 fnt
|faint|p1a: Magic I Bounce U
|
|upkeep
|
|t:|1781547088
|switch|p1a: Zapdos|Zapdos-Galar|84/100
|-damage|p1a: Zapdos|72/100|[from] Stealth Rock
|turn|18
|
|t:|1781547097
|switch|p2a: Amoonguss|Amoonguss, M|36/100 brn
|move|p1a: Zapdos|Close Combat|p2a: Amoonguss
|-resisted|p2a: Amoonguss
|-damage|p2a: Amoonguss|10/100 brn
|-unboost|p1a: Zapdos|def|1
|-unboost|p1a: Zapdos|spd|1
|
|-damage|p2a: Amoonguss|4/100 brn|[from] brn
|upkeep
|turn|19
|inactive|rblt ryo has 120 seconds left.
|l| mysticzak
|l| have we gone
|j| have we gone
|l| DA COME UP
|j| mysticzak
|inactive|rblt ryo has 90 seconds left.
|
|t:|1781547144
|move|p1a: Zapdos|Close Combat|p2a: Amoonguss
|-resisted|p2a: Amoonguss
|-damage|p2a: Amoonguss|0 fnt
|-unboost|p1a: Zapdos|def|1
|-unboost|p1a: Zapdos|spd|1
|faint|p2a: Amoonguss
|
|upkeep
|j| DA COME UP
|
|t:|1781547146
|switch|p2a: Hatterene|Hatterene, F, tera:Dragon|72/100
|turn|20
|
|t:|1781547154
|switch|p1a: Gholdengo|Gholdengo|100/100
|-damage|p1a: Gholdengo|94/100|[from] Stealth Rock
|move|p2a: Hatterene|Draining Kiss|p1a: Gholdengo
|-resisted|p1a: Gholdengo
|-damage|p1a: Gholdengo|82/100
|-heal|p2a: Hatterene|81/100|[from] drain|[of] p1a: Gholdengo
|
|-heal|p2a: Hatterene|87/100|[from] item: Leftovers
|upkeep
|turn|21
|
|t:|1781547165
|switch|p2a: Ting-Lu|Ting-Lu|100/100
|-ability|p2a: Ting-Lu|Vessel of Ruin
|move|p1a: Gholdengo|Trick|p2a: Ting-Lu
|-activate|p1a: Gholdengo|move: Trick|[of] p2a: Ting-Lu
|-item|p2a: Ting-Lu|Choice Scarf|[from] move: Trick
|-item|p1a: Gholdengo|Leftovers|[from] move: Trick
|
|-heal|p1a: Gholdengo|88/100|[from] item: Leftovers
|upkeep
|turn|22
|inactive|rblt ryo has 90 seconds left.
|
|t:|1781547183
|switch|p1a: Zapdos|Zapdos-Galar|72/100
|-damage|p1a: Zapdos|59/100|[from] Stealth Rock
|move|p2a: Ting-Lu|Payback|p1a: Zapdos
|-resisted|p1a: Zapdos
|-crit|p1a: Zapdos
|-damage|p1a: Zapdos|42/100
|
|upkeep
|turn|23
|inactive|rblt ryo has 90 seconds left.
|
|t:|1781547204
|switch|p2a: Hoopa|Hoopa-Unbound|20/100
|move|p1a: Zapdos|Close Combat|p2a: Hoopa
|-damage|p2a: Hoopa|0 fnt
|-unboost|p1a: Zapdos|def|1
|-unboost|p1a: Zapdos|spd|1
|faint|p2a: Hoopa
|
|upkeep
|
|t:|1781547207
|switch|p2a: Corviknight|Corviknight, M|51/100
|-ability|p2a: Corviknight|Pressure
|turn|24
|
|t:|1781547210
|move|p1a: Zapdos|Close Combat|p2a: Corviknight
|-damage|p2a: Corviknight|8/100
|-unboost|p1a: Zapdos|def|1
|-unboost|p1a: Zapdos|spd|1
|move|p2a: Corviknight|Roost|p2a: Corviknight
|-heal|p2a: Corviknight|58/100
|-singleturn|p2a: Corviknight|move: Roost
|
|upkeep
|turn|25
|l| DA COME UP
|
|t:|1781547217
|switch|p1a: Ting-Lu|Ting-Lu|80/100
|-damage|p1a: Ting-Lu|73/100|[from] Stealth Rock
|-ability|p1a: Ting-Lu|Vessel of Ruin
|move|p2a: Corviknight|Roost|p2a: Corviknight
|-heal|p2a: Corviknight|100/100
|-singleturn|p2a: Corviknight|move: Roost
|
|-heal|p1a: Ting-Lu|80/100|[from] item: Leftovers
|upkeep
|turn|26
|
|t:|1781547225
|switch|p2a: Hatterene|Hatterene, F, tera:Dragon|87/100
|move|p1a: Ting-Lu|Stealth Rock|p2a: Hatterene
|move|p2a: Hatterene|Stealth Rock||[from] ability: Magic Bounce|[still]
|-fail|p2a: Hatterene
|
|-heal|p1a: Ting-Lu|86/100|[from] item: Leftovers
|-heal|p2a: Hatterene|93/100|[from] item: Leftovers
|upkeep
|turn|27
|l| have we gone
|
|t:|1781547238
|move|p1a: Ting-Lu|Earthquake|p2a: Hatterene
|-damage|p2a: Hatterene|62/100
|move|p2a: Hatterene|Draining Kiss|p1a: Ting-Lu
|-supereffective|p1a: Ting-Lu
|-damage|p1a: Ting-Lu|66/100
|-heal|p2a: Hatterene|86/100|[from] drain|[of] p1a: Ting-Lu
|
|-heal|p1a: Ting-Lu|72/100|[from] item: Leftovers
|-heal|p2a: Hatterene|92/100|[from] item: Leftovers
|upkeep
|turn|28
|
|t:|1781547243
|move|p1a: Ting-Lu|Ruination|p2a: Hatterene
|-damage|p2a: Hatterene|46/100
|move|p2a: Hatterene|Mystical Fire|p1a: Ting-Lu
|-damage|p1a: Ting-Lu|62/100
|-unboost|p1a: Ting-Lu|spa|1
|
|-heal|p1a: Ting-Lu|69/100|[from] item: Leftovers
|-heal|p2a: Hatterene|52/100|[from] item: Leftovers
|upkeep
|turn|29
|inactive|rblt ryo has 120 seconds left.
|
|t:|1781547250
|move|p1a: Ting-Lu|Earthquake|p2a: Hatterene
|-damage|p2a: Hatterene|21/100
|move|p2a: Hatterene|Mystical Fire|p1a: Ting-Lu
|-crit|p1a: Ting-Lu
|-damage|p1a: Ting-Lu|54/100
|-unboost|p1a: Ting-Lu|spa|1
|
|-heal|p1a: Ting-Lu|60/100|[from] item: Leftovers
|-heal|p2a: Hatterene|27/100|[from] item: Leftovers
|upkeep
|turn|30
|j| DA COME UP
|
|t:|1781547260
|switch|p2a: Dondozo|Dondozo, M|83/100
|move|p1a: Ting-Lu|Earthquake|p2a: Dondozo
|-damage|p2a: Dondozo|59/100
|
|-heal|p1a: Ting-Lu|66/100|[from] item: Leftovers
|-heal|p2a: Dondozo|65/100|[from] item: Leftovers
|upkeep
|turn|31
|
|t:|1781547265
|move|p1a: Ting-Lu|Earthquake|p2a: Dondozo
|-damage|p2a: Dondozo|42/100
|move|p2a: Dondozo|Curse|p2a: Dondozo
|-unboost|p2a: Dondozo|spe|1
|-boost|p2a: Dondozo|atk|1
|-boost|p2a: Dondozo|def|1
|
|-heal|p1a: Ting-Lu|73/100|[from] item: Leftovers
|-heal|p2a: Dondozo|49/100|[from] item: Leftovers
|upkeep
|turn|32
|
|t:|1781547275
|move|p1a: Ting-Lu|Stealth Rock|p2a: Dondozo
|-sidestart|p2: rblt ryo|move: Stealth Rock
|move|p2a: Dondozo|Curse|p2a: Dondozo
|-unboost|p2a: Dondozo|spe|1
|-boost|p2a: Dondozo|atk|1
|-boost|p2a: Dondozo|def|1
|
|-heal|p1a: Ting-Lu|79/100|[from] item: Leftovers
|-heal|p2a: Dondozo|55/100|[from] item: Leftovers
|upkeep
|turn|33
|l| mysticzak
|
|t:|1781547285
|move|p2a: Dondozo|Curse|p2a: Dondozo
|-unboost|p2a: Dondozo|spe|1
|-boost|p2a: Dondozo|atk|1
|-boost|p2a: Dondozo|def|1
|move|p1a: Ting-Lu|Whirlwind|p2a: Dondozo
|drag|p2a: Corviknight|Corviknight, M|100/100
|-damage|p2a: Corviknight|88/100|[from] Stealth Rock
|-ability|p2a: Corviknight|Pressure
|
|-heal|p1a: Ting-Lu|85/100|[from] item: Leftovers
|upkeep
|turn|34
|
|t:|1781547290
|switch|p2a: Ting-Lu|Ting-Lu|100/100
|-damage|p2a: Ting-Lu|94/100|[from] Stealth Rock
|-ability|p2a: Ting-Lu|Vessel of Ruin
|move|p1a: Ting-Lu|Ruination|p2a: Ting-Lu
|-damage|p2a: Ting-Lu|47/100
|
|-heal|p1a: Ting-Lu|91/100|[from] item: Leftovers
|upkeep
|turn|35
|-message|rblt ryo forfeited.
|
|win|temporarylight
|raw|temporarylight's rating: 1739 &rarr; <strong>1757</strong><br />(+18 for winning)
|raw|rblt ryo's rating: 1704 &rarr; <strong>1686</strong><br />(-18 for losing)
|l|☆temporarylight
|player|p1|
|j| mysticzak
|l| mysticzak
|l| BiscoitoXDBr
