|j|☆seven-iwnl
|j|☆bigballs01
|t:|1781496667
|gametype|singles
|player|p1|seven-iwnl|ghetsis|1626
|player|p2|bigballs01|swimmer-gen4dp|1587
|gen|9
|tier|[Gen 9] OU
|rated|
|rule|HP Percentage Mod: HP is shown in percentages
|rule|Endless Battle Clause: Forcing endless battles is banned
|rule|Species Clause: Limit one of each Pokémon
|rule|OHKO Clause: OHKO moves are banned
|rule|Evasion Items Clause: Evasion items are banned
|rule|Evasion Moves Clause: Evasion moves are banned
|rule|Evasion Abilities Clause: Evasion abilities are banned
|rule|Sleep Moves Clause: Sleep-inducing moves are banned
|clearpoke
|poke|p1|Raging Bolt|
|poke|p1|Ribombee, M|
|poke|p1|Gholdengo|
|poke|p1|Great Tusk|
|poke|p1|Ogerpon-Cornerstone, F|
|poke|p1|Ceruledge, F|
|poke|p2|Hatterene, F|
|poke|p2|Great Tusk|
|poke|p2|Tornadus-Therian, M|
|poke|p2|Kyurem|
|poke|p2|Slowking-Galar, F|
|poke|p2|Kingambit, M|
|teampreview
|inactive|Battle timer is ON: inactive players will automatically lose when time's up. (requested by bigballs01)
|
|t:|1781496695
|teamsize|p1|6
|teamsize|p2|6
|start
|switch|p1a: Ribombee|Ribombee, M, shiny|100/100
|switch|p2a: Tornadus|Tornadus-Therian, M|100/100
|turn|1
|
|t:|1781496701
|switch|p2a: Hatterene|Hatterene, F|100/100
|move|p1a: Ribombee|Moonblast|p2a: Hatterene
|-damage|p2a: Hatterene|60/100
|-unboost|p2a: Hatterene|spa|1
|
|upkeep
|turn|2
|
|t:|1781496707
|move|p1a: Ribombee|Skill Swap|p2a: Hatterene
|-activate|p1a: Ribombee|Skill Swap|Magic Bounce|Shield Dust|[of] p2a: Hatterene
|move|p2a: Hatterene|Draining Kiss|p1a: Ribombee
|-damage|p1a: Ribombee|73/100
|-heal|p2a: Hatterene|77/100|[from] drain|[of] p1a: Ribombee
|
|upkeep
|turn|3
|
|t:|1781496715
|move|p1a: Ribombee|Sticky Web|p2a: Hatterene
|-sidestart|p2: bigballs01|move: Sticky Web
|move|p2a: Hatterene|Nuzzle|p1a: Ribombee
|-damage|p1a: Ribombee|65/100
|-status|p1a: Ribombee|par
|
|upkeep
|turn|4
|
|t:|1781496720
|move|p1a: Ribombee|Moonblast|p2a: Hatterene
|-damage|p2a: Hatterene|34/100
|move|p2a: Hatterene|Psychic Noise|p1a: Ribombee
|-damage|p1a: Ribombee|25/100 par
|-start|p1a: Ribombee|move: Heal Block
|
|upkeep
|turn|5
|
|t:|1781496724
|switch|p2a: Tornadus|Tornadus-Therian, M|100/100
|move|p1a: Ribombee|Moonblast|p2a: Tornadus
|-damage|p2a: Tornadus|73/100
|-unboost|p2a: Tornadus|spa|1
|
|-end|p1a: Ribombee|move: Heal Block
|upkeep
|turn|6
|
|t:|1781496728
|move|p2a: Tornadus|Heat Wave|p1a: Ribombee
|-supereffective|p1a: Ribombee
|-damage|p1a: Ribombee|0 fnt
|faint|p1a: Ribombee
|
|upkeep
|
|t:|1781496731
|switch|p1a: Ogerpon|Ogerpon-Cornerstone, F|100/100
|turn|7
|
|t:|1781496734
|move|p2a: Tornadus|U-turn|p1a: Ogerpon
|-supereffective|p1a: Ogerpon
|-damage|p1a: Ogerpon|65/100
|
|t:|1781496738
|switch|p2a: Hatterene|Hatterene, F|34/100|[from] U-turn
|-activate|p2a: Hatterene|move: Sticky Web
|-unboost|p2a: Hatterene|spe|1
|move|p1a: Ogerpon|Ivy Cudgel|p2a: Hatterene|[anim] Ivy Cudgel Rock
|-damage|p2a: Hatterene|0 fnt
|faint|p2a: Hatterene
|
|upkeep
|
|t:|1781496746
|switch|p2a: Tornadus|Tornadus-Therian, M|100/100
|turn|8
|
|t:|1781496756
|move|p2a: Tornadus|U-turn|p1a: Ogerpon
|-supereffective|p1a: Ogerpon
|-damage|p1a: Ogerpon|25/100
|
|t:|1781496759
|switch|p2a: Great Tusk|Great Tusk|100/100|[from] U-turn
|-activate|p2a: Great Tusk|move: Sticky Web
|-unboost|p2a: Great Tusk|spe|1
|move|p1a: Ogerpon|Low Kick|p2a: Great Tusk
|-damage|p2a: Great Tusk|63/100
|-damage|p1a: Ogerpon|9/100|[from] item: Rocky Helmet|[of] p2a: Great Tusk
|
|upkeep
|turn|9
|
|t:|1781496766
|-end|p2a: Great Tusk|Protosynthesis|[silent]
|switch|p2a: Tornadus|Tornadus-Therian, M|100/100
|move|p1a: Ogerpon|Power Whip|p2a: Tornadus
|-resisted|p2a: Tornadus
|-damage|p2a: Tornadus|52/100
|
|upkeep
|turn|10
|
|t:|1781496773
|switch|p1a: Great Tusk|Great Tusk, shiny|100/100
|-enditem|p1a: Great Tusk|Booster Energy
|-activate|p1a: Great Tusk|ability: Protosynthesis|[fromitem]
|-start|p1a: Great Tusk|protosynthesisatk
|move|p2a: Tornadus|U-turn|p1a: Great Tusk
|-resisted|p1a: Great Tusk
|-damage|p1a: Great Tusk|95/100
|
|t:|1781496782
|switch|p2a: Great Tusk|Great Tusk|63/100|[from] U-turn
|-activate|p2a: Great Tusk|move: Sticky Web
|-unboost|p2a: Great Tusk|spe|1
|
|upkeep
|turn|11
|
|t:|1781496789
|-terastallize|p1a: Great Tusk|Fighting
|move|p1a: Great Tusk|Close Combat|p2a: Great Tusk
|-damage|p2a: Great Tusk|0 fnt
|-unboost|p1a: Great Tusk|def|1
|-unboost|p1a: Great Tusk|spd|1
|-damage|p1a: Great Tusk|78/100|[from] item: Rocky Helmet|[of] p2a: Great Tusk
|faint|p2a: Great Tusk
|-end|p2a: Great Tusk|Protosynthesis|[silent]
|
|upkeep
|
|t:|1781496793
|switch|p2a: Tornadus|Tornadus-Therian, M|85/100
|turn|12
|
|t:|1781496797
|-end|p1a: Great Tusk|Protosynthesis|[silent]
|switch|p1a: Ogerpon|Ogerpon-Cornerstone, F|9/100
|move|p2a: Tornadus|Bleakwind Storm|p1a: Ogerpon
|-damage|p1a: Ogerpon|0 fnt
|faint|p1a: Ogerpon
|
|upkeep
|
|t:|1781496799
|switch|p1a: Ceruledge|Ceruledge, F, shiny|100/100
|turn|13
|
|t:|1781496804
|move|p2a: Tornadus|Bleakwind Storm|p1a: Ceruledge|[miss]
|-miss|p2a: Tornadus|p1a: Ceruledge
|move|p1a: Ceruledge|Swords Dance|p1a: Ceruledge
|-boost|p1a: Ceruledge|atk|2
|
|upkeep
|turn|14
|
|t:|1781496808
|move|p2a: Tornadus|Bleakwind Storm|p1a: Ceruledge|[miss]
|-miss|p2a: Tornadus|p1a: Ceruledge
|move|p1a: Ceruledge|Poltergeist|p2a: Tornadus
|-activate|p2a: Tornadus|move: Poltergeist|Assault Vest
|-damage|p2a: Tornadus|0 fnt
|faint|p2a: Tornadus
|
|upkeep
|
|t:|1781496815
|switch|p2a: Kingambit|Kingambit, M|100/100
|-activate|p2a: Kingambit|move: Sticky Web
|-unboost|p2a: Kingambit|spe|1
|-activate|p2a: Kingambit|ability: Supreme Overlord
|-start|p2a: Kingambit|fallen3|[silent]
|turn|15
|
|t:|1781496821
|move|p1a: Ceruledge|Close Combat|p2a: Kingambit
|-supereffective|p2a: Kingambit
|-damage|p2a: Kingambit|0 fnt
|-unboost|p1a: Ceruledge|def|1
|-unboost|p1a: Ceruledge|spd|1
|faint|p2a: Kingambit
|-end|p2a: Kingambit|fallen3|[silent]
|
|upkeep
|-message|bigballs01 forfeited.
|
|win|seven-iwnl
|raw|seven-iwnl's rating: 1626 &rarr; <strong>1644</strong><br />(+18 for winning)
|raw|bigballs01's rating: 1587 &rarr; <strong>1569</strong><br />(-18 for losing)
|l|☆bigballs01
|player|p2|
|l|☆seven-iwnl
|player|p1|
