|j|☆medtyr
|j|☆uncle brown
|t:|1781446613
|gametype|singles
|player|p1|medtyr|170|1576
|player|p2|uncle brown|265|1517
|gen|9
|tier|[Gen 9] OU
|rated|
|rule|HP Percentage Mod: HP is shown in percentages
|rule|Endless Battle Clause: Forcing endless battles is banned
|rule|Species Clause: Limit one of each Pokémon
|rule|OHKO Clause: OHKO moves are banned
|rule|Evasion Items Clause: Evasion items are banned
|rule|Evasion Moves Clause: Evasion moves are banned
|rule|Evasion Abilities Clause: Evasion abilities are banned
|rule|Sleep Moves Clause: Sleep-inducing moves are banned
|clearpoke
|poke|p1|Ogerpon-Wellspring, F|
|poke|p1|Gholdengo|
|poke|p1|Great Tusk|
|poke|p1|Kingambit, M|
|poke|p1|Moltres|
|poke|p1|Tyranitar, M|
|poke|p2|Dragonite, F|
|poke|p2|Maushold|
|poke|p2|Great Tusk|
|poke|p2|Iron Moth|
|poke|p2|Gholdengo|
|poke|p2|Deoxys-Speed|
|teampreview
|
|t:|1781446679
|teamsize|p1|6
|teamsize|p2|6
|start
|switch|p1a: Gholdengo|Gholdengo|100/100
|switch|p2a: Deoxys|Deoxys-Speed|100/100
|-ability|p2a: Deoxys|Pressure
|turn|1
|
|t:|1781446687
|move|p2a: Deoxys|Psycho Boost|p1a: Gholdengo
|-resisted|p1a: Gholdengo
|-damage|p1a: Gholdengo|68/100
|-unboost|p2a: Deoxys|spa|2
|-enditem|p2a: Deoxys|Eject Pack
|
|t:|1781446691
|switch|p2a: Iron Moth|Iron Moth|100/100
|-enditem|p2a: Iron Moth|Booster Energy
|-activate|p2a: Iron Moth|ability: Quark Drive|[fromitem]
|-start|p2a: Iron Moth|quarkdrivespe
|move|p1a: Gholdengo|Shadow Ball|p2a: Iron Moth
|-damage|p2a: Iron Moth|58/100
|
|upkeep
|turn|2
|
|t:|1781446696
|switch|p1a: Tyranitar|Tyranitar, M|100/100
|-weather|Sandstorm|[from] ability: Sand Stream|[of] p1a: Tyranitar
|move|p2a: Iron Moth|Toxic Spikes|p1a: Tyranitar
|-sidestart|p1: medtyr|move: Toxic Spikes
|
|-weather|Sandstorm|[upkeep]
|-damage|p2a: Iron Moth|52/100|[from] Sandstorm
|upkeep
|turn|3
|
|t:|1781446700
|-end|p2a: Iron Moth|Quark Drive|[silent]
|switch|p2a: Great Tusk|Great Tusk|100/100
|-enditem|p2a: Great Tusk|Booster Energy
|-activate|p2a: Great Tusk|ability: Protosynthesis|[fromitem]
|-start|p2a: Great Tusk|protosynthesisspe
|move|p1a: Tyranitar|Earthquake|p2a: Great Tusk
|-damage|p2a: Great Tusk|78/100
|
|-weather|Sandstorm|[upkeep]
|upkeep
|turn|4
|
|t:|1781446706
|-end|p2a: Great Tusk|Protosynthesis|[silent]
|switch|p2a: Deoxys|Deoxys-Speed|100/100
|-ability|p2a: Deoxys|Pressure
|switch|p1a: Moltres|Moltres|100/100
|
|-weather|Sandstorm|[upkeep]
|-damage|p2a: Deoxys|94/100|[from] Sandstorm
|-damage|p1a: Moltres|94/100|[from] Sandstorm
|upkeep
|turn|5
|
|t:|1781446708
|move|p2a: Deoxys|Stealth Rock|p1a: Moltres
|-sidestart|p1: medtyr|move: Stealth Rock
|move|p1a: Moltres|U-turn|p2a: Deoxys
|-supereffective|p2a: Deoxys
|-damage|p2a: Deoxys|52/100
|
|t:|1781446713
|switch|p1a: Gholdengo|Gholdengo|68/100|[from] U-turn
|-damage|p1a: Gholdengo|62/100|[from] Stealth Rock
|
|-weather|Sandstorm|[upkeep]
|-damage|p2a: Deoxys|46/100|[from] Sandstorm
|upkeep
|turn|6
|
|t:|1781446718
|move|p2a: Deoxys|Shadow Ball|p1a: Gholdengo
|-supereffective|p1a: Gholdengo
|-damage|p1a: Gholdengo|10/100
|move|p1a: Gholdengo|Shadow Ball|p2a: Deoxys
|-supereffective|p2a: Deoxys
|-damage|p2a: Deoxys|0 fnt
|faint|p2a: Deoxys
|
|-weather|none
|upkeep
|
|t:|1781446723
|switch|p2a: Iron Moth|Iron Moth|52/100
|turn|7
|
|t:|1781446730
|switch|p1a: Tyranitar|Tyranitar, M|100/100
|-status|p1a: Tyranitar|psn
|-damage|p1a: Tyranitar|88/100 psn|[from] Stealth Rock
|-weather|Sandstorm|[from] ability: Sand Stream|[of] p1a: Tyranitar
|move|p2a: Iron Moth|Whirlwind|p1a: Tyranitar
|drag|p1a: Gholdengo|Gholdengo|10/100
|-damage|p1a: Gholdengo|4/100|[from] Stealth Rock
|
|-weather|Sandstorm|[upkeep]
|-damage|p2a: Iron Moth|46/100|[from] Sandstorm
|upkeep
|turn|8
|
|t:|1781446737
|move|p1a: Gholdengo|Shadow Ball|p2a: Iron Moth
|-damage|p2a: Iron Moth|3/100
|move|p2a: Iron Moth|Fiery Dance|p1a: Gholdengo
|-supereffective|p1a: Gholdengo
|-damage|p1a: Gholdengo|0 fnt
|faint|p1a: Gholdengo
|
|-weather|Sandstorm|[upkeep]
|-damage|p2a: Iron Moth|0 fnt|[from] Sandstorm
|faint|p2a: Iron Moth
|-end|p2a: Iron Moth|Quark Drive|[silent]
|upkeep
|
|t:|1781446749
|switch|p2a: Maushold|Maushold|100/100
|switch|p1a: Great Tusk|Great Tusk|100/100
|-status|p1a: Great Tusk|psn
|-damage|p1a: Great Tusk|98/100 psn|[from] Stealth Rock
|turn|9
|
|t:|1781446763
|-terastallize|p2a: Maushold|Ghost
|move|p2a: Maushold|Population Bomb|p1a: Great Tusk
|-damage|p1a: Great Tusk|90/100 psn
|-damage|p1a: Great Tusk|82/100 psn
|-damage|p1a: Great Tusk|74/100 psn
|-damage|p1a: Great Tusk|67/100 psn
|-damage|p1a: Great Tusk|59/100 psn
|-damage|p1a: Great Tusk|51/100 psn
|-damage|p1a: Great Tusk|44/100 psn
|-damage|p1a: Great Tusk|36/100 psn
|-damage|p1a: Great Tusk|29/100 psn
|-damage|p1a: Great Tusk|22/100 psn
|-hitcount|p1a: Great Tusk|10
|move|p1a: Great Tusk|Rapid Spin|p2a: Maushold
|-immune|p2a: Maushold
|
|-weather|Sandstorm|[upkeep]
|-damage|p2a: Maushold|94/100|[from] Sandstorm
|-heal|p1a: Great Tusk|28/100 psn|[from] item: Leftovers
|-damage|p1a: Great Tusk|15/100 psn|[from] psn
|upkeep
|turn|10
|
|t:|1781446779
|move|p2a: Maushold|Low Kick|p1a: Great Tusk
|-damage|p1a: Great Tusk|0 fnt
|faint|p1a: Great Tusk
|-end|p1a: Great Tusk|Protosynthesis|[silent]
|
|-weather|Sandstorm|[upkeep]
|-damage|p2a: Maushold|88/100|[from] Sandstorm
|upkeep
|
|t:|1781446786
|switch|p1a: Kingambit|Kingambit, M|100/100
|-damage|p1a: Kingambit|94/100|[from] Stealth Rock
|-activate|p1a: Kingambit|ability: Supreme Overlord
|-start|p1a: Kingambit|fallen2|[silent]
|turn|11
|
|t:|1781446790
|move|p2a: Maushold|Low Kick|p1a: Kingambit
|-supereffective|p1a: Kingambit
|-damage|p1a: Kingambit|12/100
|move|p1a: Kingambit|Kowtow Cleave|p2a: Maushold
|-supereffective|p2a: Maushold
|-damage|p2a: Maushold|0 fnt
|faint|p2a: Maushold
|
|-weather|none
|upkeep
|
|t:|1781446797
|switch|p2a: Dragonite|Dragonite, F|100/100
|turn|12
|
|t:|1781446801
|-end|p1a: Kingambit|fallen2|[silent]
|switch|p1a: Moltres|Moltres|94/100
|move|p2a: Dragonite|Dragon Dance|p2a: Dragonite
|-boost|p2a: Dragonite|atk|1
|-boost|p2a: Dragonite|spe|1
|
|upkeep
|turn|13
|
|t:|1781446804
|move|p2a: Dragonite|Stone Edge|p1a: Moltres
|-supereffective|p1a: Moltres
|-damage|p1a: Moltres|0 fnt
|faint|p1a: Moltres
|
|upkeep
|
|t:|1781446817
|switch|p1a: Tyranitar|Tyranitar, M|88/100 psn
|-damage|p1a: Tyranitar|76/100 psn|[from] Stealth Rock
|-weather|Sandstorm|[from] ability: Sand Stream|[of] p1a: Tyranitar
|turn|14
|inactive|Battle timer is ON: inactive players will automatically lose when time's up. (requested by uncle brown)
|
|t:|1781446821
|move|p2a: Dragonite|Earthquake|p1a: Tyranitar
|-supereffective|p1a: Tyranitar
|-damage|p1a: Tyranitar|0 fnt
|faint|p1a: Tyranitar
|
|-weather|Sandstorm|[upkeep]
|-damage|p2a: Dragonite|94/100|[from] Sandstorm
|upkeep
|
|t:|1781446827
|switch|p1a: Kingambit|Kingambit, M|12/100
|-damage|p1a: Kingambit|6/100|[from] Stealth Rock
|-activate|p1a: Kingambit|ability: Supreme Overlord
|-start|p1a: Kingambit|fallen4|[silent]
|turn|15
|
|t:|1781446831
|move|p2a: Dragonite|Earthquake|p1a: Kingambit
|-supereffective|p1a: Kingambit
|-crit|p1a: Kingambit
|-damage|p1a: Kingambit|0 fnt
|faint|p1a: Kingambit
|-end|p1a: Kingambit|fallen4|[silent]
|
|-weather|Sandstorm|[upkeep]
|-damage|p2a: Dragonite|88/100|[from] Sandstorm
|upkeep
|
|t:|1781446834
|switch|p1a: Ogerpon|Ogerpon-Wellspring, F|100/100
|-status|p1a: Ogerpon|psn
|-damage|p1a: Ogerpon|88/100 psn|[from] Stealth Rock
|turn|16
|
|t:|1781446838
|move|p2a: Dragonite|Stone Edge|p1a: Ogerpon
|-damage|p1a: Ogerpon|7/100 psn
|move|p1a: Ogerpon|Ivy Cudgel|p2a: Dragonite|[anim] Ivy Cudgel Water
|-resisted|p2a: Dragonite
|-damage|p2a: Dragonite|58/100
|
|-weather|Sandstorm|[upkeep]
|-damage|p2a: Dragonite|52/100|[from] Sandstorm
|-damage|p1a: Ogerpon|1/100 psn|[from] Sandstorm
|-damage|p1a: Ogerpon|0 fnt|[from] psn
|faint|p1a: Ogerpon
|
|win|uncle brown
|raw|medtyr's rating: 1576 &rarr; <strong>1553</strong><br />(-23 for losing)
|raw|uncle brown's rating: 1517 &rarr; <strong>1540</strong><br />(+23 for winning)
|l|☆medtyr
|player|p1|
|j| leng loi
|j| TheSacredJackal⨕
|l| leng loi
|j| angel engine
|j| bonczy
|l| angel engine
|l| TheSacredJackal⨕
|j| Shucklepilled
|l| Shucklepilled
|l| bonczy
|l|☆uncle brown
|player|p2|
|j| GengarAdept
