|j|☆rblt ryo
|j|☆Galarian Blades
|t:|1781546628
|gametype|singles
|player|p1|rblt ryo|grimsley-gen7|1679
|player|p2|Galarian Blades|#capplxiwutangclants|1771
|gen|9
|tier|[Gen 9] OU
|rated|
|rule|HP Percentage Mod: HP is shown in percentages
|rule|Endless Battle Clause: Forcing endless battles is banned
|rule|Species Clause: Limit one of each Pokémon
|rule|OHKO Clause: OHKO moves are banned
|rule|Evasion Items Clause: Evasion items are banned
|rule|Evasion Moves Clause: Evasion moves are banned
|rule|Evasion Abilities Clause: Evasion abilities are banned
|rule|Sleep Moves Clause: Sleep-inducing moves are banned
|clearpoke
|poke|p1|Ting-Lu|
|poke|p1|Corviknight, M|
|poke|p1|Hatterene, F|
|poke|p1|Amoonguss, F|
|poke|p1|Dondozo, M|
|poke|p1|Hoopa-Unbound|
|poke|p2|Zamazenta-*|
|poke|p2|Dragonite, F|
|poke|p2|Kyurem|
|poke|p2|Hatterene, F|
|poke|p2|Kingambit, M|
|poke|p2|Landorus-Therian, M|
|teampreview
|inactive|Battle timer is ON: inactive players will automatically lose when time's up. (requested by Galarian Blades)
|j| DA COME UP
|
|t:|1781546655
|teamsize|p1|6
|teamsize|p2|6
|start
|switch|p1a: Ting-Lu|Ting-Lu|100/100
|switch|p2a: Kyurem|Kyurem|100/100
|-ability|p2a: Kyurem|Pressure
|-ability|p1a: Ting-Lu|Vessel of Ruin
|turn|1
|
|t:|1781546668
|-terastallize|p1a: Ting-Lu|Poison
|move|p2a: Kyurem|Ice Beam|p1a: Ting-Lu
|-damage|p1a: Ting-Lu|80/100
|move|p1a: Ting-Lu|Earthquake|p2a: Kyurem
|-damage|p2a: Kyurem|69/100
|
|-heal|p1a: Ting-Lu|87/100|[from] item: Leftovers
|upkeep
|turn|2
|
|t:|1781546682
|switch|p2a: Hatterene|Hatterene, F|100/100
|move|p1a: Ting-Lu|Earthquake|p2a: Hatterene
|-damage|p2a: Hatterene|57/100
|
|-heal|p1a: Ting-Lu|93/100|[from] item: Leftovers
|upkeep
|turn|3
|
|t:|1781546711
|move|p1a: Ting-Lu|Earthquake|p2a: Hatterene
|-damage|p2a: Hatterene|13/100
|move|p2a: Hatterene|Nuzzle|p1a: Ting-Lu
|-damage|p1a: Ting-Lu|91/100
|-status|p1a: Ting-Lu|par
|
|-heal|p1a: Ting-Lu|97/100 par|[from] item: Leftovers
|upkeep
|turn|4
|-enditem|p2a: Hatterene|Custap Berry|[eat]
|-activate|p2a: Hatterene|item: Custap Berry|[consumed]
|
|t:|1781546716
|move|p2a: Hatterene|Psychic Noise|p1a: Ting-Lu
|-supereffective|p1a: Ting-Lu
|-crit|p1a: Ting-Lu
|-damage|p1a: Ting-Lu|52/100 par
|-start|p1a: Ting-Lu|move: Heal Block
|cant|p1a: Ting-Lu|par
|
|upkeep
|turn|5
|
|t:|1781546727
|switch|p1a: Hoopa|Hoopa-Unbound|100/100
|move|p2a: Hatterene|Psychic Noise|p1a: Hoopa
|-immune|p1a: Hoopa
|
|upkeep
|turn|6
|
|t:|1781546733
|move|p1a: Hoopa|Knock Off|p2a: Hatterene
|-damage|p2a: Hatterene|0 fnt
|faint|p2a: Hatterene
|
|upkeep
|
|t:|1781546735
|switch|p2a: Landorus|Landorus-Therian, M|100/100
|-ability|p2a: Landorus|Intimidate|boost
|-unboost|p1a: Hoopa|atk|1
|turn|7
|
|t:|1781546742
|switch|p1a: Corviknight|Corviknight, M|100/100
|-ability|p1a: Corviknight|Pressure
|move|p2a: Landorus|U-turn|p1a: Corviknight
|-resisted|p1a: Corviknight
|-damage|p1a: Corviknight|98/100
|-damage|p2a: Landorus|84/100|[from] item: Rocky Helmet|[of] p1a: Corviknight
|
|t:|1781546747
|switch|p2a: Kingambit|Kingambit, M|100/100|[from] U-turn
|-activate|p2a: Kingambit|ability: Supreme Overlord
|-start|p2a: Kingambit|fallen1|[silent]
|
|upkeep
|turn|8
|
|t:|1781546759
|switch|p1a: Ting-Lu|Ting-Lu, tera:Poison|52/100 par
|-ability|p1a: Ting-Lu|Vessel of Ruin
|move|p2a: Kingambit|Swords Dance|p2a: Kingambit
|-boost|p2a: Kingambit|atk|2
|
|-heal|p1a: Ting-Lu|58/100 par|[from] item: Leftovers
|upkeep
|turn|9
|
|t:|1781546773
|switch|p1a: Dondozo|Dondozo, M|100/100
|move|p2a: Kingambit|Iron Head|p1a: Dondozo
|-resisted|p1a: Dondozo
|-damage|p1a: Dondozo|85/100
|
|-heal|p1a: Dondozo|91/100|[from] item: Leftovers
|upkeep
|turn|10
|
|t:|1781546780
|-end|p2a: Kingambit|fallen1|[silent]
|switch|p2a: Landorus|Landorus-Therian, M|84/100
|-ability|p2a: Landorus|Intimidate|boost
|-unboost|p1a: Dondozo|atk|1
|move|p1a: Dondozo|Curse|p1a: Dondozo
|-unboost|p1a: Dondozo|spe|1
|-boost|p1a: Dondozo|atk|1
|-boost|p1a: Dondozo|def|1
|
|-heal|p1a: Dondozo|97/100|[from] item: Leftovers
|upkeep
|turn|11
|
|t:|1781546784
|switch|p1a: Hatterene|Hatterene, F|100/100
|move|p2a: Landorus|Stealth Rock|p1a: Hatterene
|move|p1a: Hatterene|Stealth Rock|p2a: Landorus|[from] ability: Magic Bounce
|-sidestart|p2: Galarian Blades|move: Stealth Rock
|
|upkeep
|turn|12
|-message|Galarian Blades forfeited.
|
|win|rblt ryo
|raw|rblt ryo's rating: 1679 &rarr; <strong>1704</strong><br />(+25 for winning)
|raw|Galarian Blades's rating: 1771 &rarr; <strong>1746</strong><br />(-25 for losing)
|l|☆Galarian Blades
|player|p2|
|l| DA COME UP
