|j|☆merlin sword
|j|‽TheCannonites
|t:|1781369876
|gametype|singles
|player|p1|merlin sword|hiker-gen4|1516
|player|p2|TheCannonites|n|1665
|gen|9
|tier|[Gen 9] OU
|rated|
|rule|HP Percentage Mod: HP is shown in percentages
|rule|Endless Battle Clause: Forcing endless battles is banned
|rule|Species Clause: Limit one of each Pokémon
|rule|OHKO Clause: OHKO moves are banned
|rule|Evasion Items Clause: Evasion items are banned
|rule|Evasion Moves Clause: Evasion moves are banned
|rule|Evasion Abilities Clause: Evasion abilities are banned
|rule|Sleep Moves Clause: Sleep-inducing moves are banned
|clearpoke
|poke|p1|Dragonite, M|
|poke|p1|Hatterene, F|
|poke|p1|Weavile, M|
|poke|p1|Ogerpon-Wellspring, F|
|poke|p1|Kingambit, F|
|poke|p1|Great Tusk|
|poke|p2|Grimmsnarl, M|
|poke|p2|Blastoise, M|
|poke|p2|Hatterene, F|
|poke|p2|Iron Crown|
|poke|p2|Great Tusk|
|poke|p2|Ceruledge, F|
|teampreview
|inactive|Battle timer is ON: inactive players will automatically lose when time's up. (requested by TheCannonites)
|
|t:|1781369882
|teamsize|p1|6
|teamsize|p2|6
|start
|switch|p1a: Weavile|Weavile, M|100/100
|switch|p2a: Grimmsnarl|Grimmsnarl, M|100/100
|turn|1
|
|t:|1781369889
|move|p2a: Grimmsnarl|Reflect|p2a: Grimmsnarl
|-sidestart|p2: TheCannonites|Reflect
|move|p1a: Weavile|Swords Dance|p1a: Weavile
|-boost|p1a: Weavile|atk|2
|
|upkeep
|turn|2
|
|t:|1781369894
|move|p1a: Weavile|Beat Up|p2a: Grimmsnarl
|-resisted|p2a: Grimmsnarl
|-damage|p2a: Grimmsnarl|98/100
|-resisted|p2a: Grimmsnarl
|-damage|p2a: Grimmsnarl|96/100
|-resisted|p2a: Grimmsnarl
|-damage|p2a: Grimmsnarl|93/100
|-resisted|p2a: Grimmsnarl
|-damage|p2a: Grimmsnarl|90/100
|-resisted|p2a: Grimmsnarl
|-damage|p2a: Grimmsnarl|88/100
|-resisted|p2a: Grimmsnarl
|-damage|p2a: Grimmsnarl|85/100
|-hitcount|p2a: Grimmsnarl|6
|move|p2a: Grimmsnarl|Low Kick|p1a: Weavile
|-supereffective|p1a: Weavile
|-enditem|p1a: Weavile|Focus Sash
|-damage|p1a: Weavile|1/100
|-enditem|p2a: Grimmsnarl|Light Clay|[silent]|[from] ability: Pickpocket|[of] p2a: Grimmsnarl
|-item|p1a: Weavile|Light Clay|[from] ability: Pickpocket|[of] p2a: Grimmsnarl
|
|upkeep
|turn|3
|
|t:|1781369914
|move|p2a: Grimmsnarl|Light Screen|p2a: Grimmsnarl
|-sidestart|p2: TheCannonites|move: Light Screen
|move|p1a: Weavile|Icicle Crash|p2a: Grimmsnarl
|-crit|p2a: Grimmsnarl
|-damage|p2a: Grimmsnarl|0 fnt
|faint|p2a: Grimmsnarl
|
|upkeep
|inactive|TheCannonites has 120 seconds left.
|
|t:|1781369934
|switch|p2a: Blastoise|Blastoise, M|100/100
|turn|4
|
|t:|1781369938
|move|p1a: Weavile|Beat Up|p2a: Blastoise
|-damage|p2a: Blastoise|91/100
|-damage|p2a: Blastoise|84/100
|-damage|p2a: Blastoise|74/100
|-damage|p2a: Blastoise|64/100
|-damage|p2a: Blastoise|53/100
|-damage|p2a: Blastoise|42/100
|-hitcount|p2a: Blastoise|6
|move|p2a: Blastoise|Shell Smash|p2a: Blastoise
|-unboost|p2a: Blastoise|def|1
|-unboost|p2a: Blastoise|spd|1
|-boost|p2a: Blastoise|atk|2
|-boost|p2a: Blastoise|spa|2
|-boost|p2a: Blastoise|spe|2
|-enditem|p2a: Blastoise|White Herb
|-clearnegativeboost|p2a: Blastoise|[silent]
|
|upkeep
|turn|5
|
|t:|1781369952
|move|p2a: Blastoise|Ice Beam|p1a: Weavile
|-resisted|p1a: Weavile
|-damage|p1a: Weavile|0 fnt
|faint|p1a: Weavile
|
|upkeep
|
|t:|1781369958
|switch|p1a: Ogerpon|Ogerpon-Wellspring, F|100/100
|turn|6
|
|t:|1781369964
|move|p2a: Blastoise|Aura Sphere|p1a: Ogerpon
|-damage|p1a: Ogerpon|54/100
|move|p1a: Ogerpon|Power Whip|p2a: Blastoise
|-supereffective|p2a: Blastoise
|-damage|p2a: Blastoise|0 fnt
|faint|p2a: Blastoise
|
|upkeep
|
|t:|1781369972
|switch|p2a: Ceruledge|Ceruledge, F|100/100
|turn|7
|
|t:|1781369976
|switch|p1a: Hatterene|Hatterene, F|100/100
|move|p2a: Ceruledge|Swords Dance|p2a: Ceruledge
|-boost|p2a: Ceruledge|atk|2
|
|-sideend|p2: TheCannonites|move: Light Screen
|upkeep
|turn|8
|
|t:|1781369986
|-terastallize|p1a: Hatterene|Water
|move|p2a: Ceruledge|Poltergeist|p1a: Hatterene
|-activate|p1a: Hatterene|move: Poltergeist|Rocky Helmet
|-damage|p1a: Hatterene|0 fnt
|faint|p1a: Hatterene
|-damage|p2a: Ceruledge|91/100|[from] item: Life Orb
|
|-sideend|p2: TheCannonites|Reflect
|upkeep
|
|t:|1781369996
|switch|p1a: Dragonite|Dragonite, M|100/100
|turn|9
|
|t:|1781370000
|move|p2a: Ceruledge|Poltergeist|p1a: Dragonite
|-activate|p1a: Dragonite|move: Poltergeist|Leftovers
|-damage|p1a: Dragonite|14/100
|-damage|p2a: Ceruledge|81/100|[from] item: Life Orb
|move|p1a: Dragonite|Earthquake|p2a: Ceruledge
|-supereffective|p2a: Ceruledge
|-damage|p2a: Ceruledge|0 fnt
|faint|p2a: Ceruledge
|
|-heal|p1a: Dragonite|20/100|[from] item: Leftovers
|upkeep
|
|t:|1781370013
|switch|p2a: Great Tusk|Great Tusk|100/100
|-enditem|p2a: Great Tusk|Booster Energy
|-activate|p2a: Great Tusk|ability: Protosynthesis|[fromitem]
|-start|p2a: Great Tusk|protosynthesisspe
|turn|10
|
|t:|1781370020
|move|p2a: Great Tusk|Bulk Up|p2a: Great Tusk
|-boost|p2a: Great Tusk|atk|1
|-boost|p2a: Great Tusk|def|1
|move|p1a: Dragonite|Ice Spinner|p2a: Great Tusk
|-supereffective|p2a: Great Tusk
|-damage|p2a: Great Tusk|76/100
|
|-heal|p1a: Dragonite|27/100|[from] item: Leftovers
|upkeep
|turn|11
|
|t:|1781370029
|move|p2a: Great Tusk|Bulk Up|p2a: Great Tusk
|-boost|p2a: Great Tusk|atk|1
|-boost|p2a: Great Tusk|def|1
|move|p1a: Dragonite|Encore|p2a: Great Tusk
|-start|p2a: Great Tusk|Encore
|
|-heal|p1a: Dragonite|33/100|[from] item: Leftovers
|upkeep
|turn|12
|
|t:|1781370036
|move|p2a: Great Tusk|Bulk Up|p2a: Great Tusk
|-boost|p2a: Great Tusk|atk|1
|-boost|p2a: Great Tusk|def|1
|move|p1a: Dragonite|Dragon Dance|p1a: Dragonite
|-boost|p1a: Dragonite|atk|1
|-boost|p1a: Dragonite|spe|1
|
|-heal|p1a: Dragonite|39/100|[from] item: Leftovers
|upkeep
|turn|13
|
|t:|1781370044
|move|p2a: Great Tusk|Bulk Up|p2a: Great Tusk
|-boost|p2a: Great Tusk|atk|1
|-boost|p2a: Great Tusk|def|1
|move|p1a: Dragonite|Dragon Dance|p1a: Dragonite
|-boost|p1a: Dragonite|atk|1
|-boost|p1a: Dragonite|spe|1
|
|-heal|p1a: Dragonite|45/100|[from] item: Leftovers
|upkeep
|turn|14
|
|t:|1781370052
|move|p1a: Dragonite|Dragon Dance|p1a: Dragonite
|-boost|p1a: Dragonite|atk|1
|-boost|p1a: Dragonite|spe|1
|move|p2a: Great Tusk|Bulk Up|p2a: Great Tusk
|-boost|p2a: Great Tusk|atk|1
|-boost|p2a: Great Tusk|def|1
|
|-heal|p1a: Dragonite|51/100|[from] item: Leftovers
|-end|p2a: Great Tusk|Encore
|upkeep
|turn|15
|
|t:|1781370061
|move|p1a: Dragonite|Encore|p2a: Great Tusk
|-start|p2a: Great Tusk|Encore
|move|p2a: Great Tusk|Bulk Up|p2a: Great Tusk
|-boost|p2a: Great Tusk|atk|1
|-boost|p2a: Great Tusk|def|1
|
|-heal|p1a: Dragonite|57/100|[from] item: Leftovers
|upkeep
|turn|16
|
|t:|1781370068
|move|p1a: Dragonite|Dragon Dance|p1a: Dragonite
|-boost|p1a: Dragonite|atk|1
|-boost|p1a: Dragonite|spe|1
|move|p2a: Great Tusk|Bulk Up|p2a: Great Tusk
|-boost|p2a: Great Tusk|atk|0
|-boost|p2a: Great Tusk|def|0
|
|-heal|p1a: Dragonite|64/100|[from] item: Leftovers
|upkeep
|turn|17
|
|t:|1781370076
|move|p1a: Dragonite|Dragon Dance|p1a: Dragonite
|-boost|p1a: Dragonite|atk|1
|-boost|p1a: Dragonite|spe|1
|move|p2a: Great Tusk|Bulk Up|p2a: Great Tusk
|-boost|p2a: Great Tusk|atk|0
|-boost|p2a: Great Tusk|def|0
|
|-heal|p1a: Dragonite|70/100|[from] item: Leftovers
|-end|p2a: Great Tusk|Encore
|upkeep
|turn|18
|
|t:|1781370086
|move|p1a: Dragonite|Encore|p2a: Great Tusk
|-start|p2a: Great Tusk|Encore
|move|p2a: Great Tusk|Bulk Up|p2a: Great Tusk
|-boost|p2a: Great Tusk|atk|0
|-boost|p2a: Great Tusk|def|0
|
|-heal|p1a: Dragonite|76/100|[from] item: Leftovers
|upkeep
|turn|19
|
|t:|1781370092
|move|p1a: Dragonite|Dragon Dance|p1a: Dragonite
|-boost|p1a: Dragonite|atk|1
|-boost|p1a: Dragonite|spe|1
|move|p2a: Great Tusk|Bulk Up|p2a: Great Tusk
|-boost|p2a: Great Tusk|atk|0
|-boost|p2a: Great Tusk|def|0
|
|-heal|p1a: Dragonite|82/100|[from] item: Leftovers
|upkeep
|turn|20
|-message|TheCannonites forfeited.
|
|win|merlin sword
|raw|merlin sword's rating: 1516 &rarr; <strong>1544</strong><br />(+28 for winning)
|raw|TheCannonites's rating: 1665 &rarr; <strong>1637</strong><br />(-28 for losing)
|l|‽TheCannonites
|player|p2|
|l|☆merlin sword
|player|p1|
