|j|☆roddyj
|j|‽yesterdaymister
|t:|1780898054
|gametype|singles
|player|p1|roddyj|ethan|1654
|player|p2|yesterdaymister|striker|1724
|gen|9
|tier|[Gen 9] OU
|rated|
|rule|HP Percentage Mod: HP is shown in percentages
|rule|Endless Battle Clause: Forcing endless battles is banned
|rule|Species Clause: Limit one of each Pokémon
|rule|OHKO Clause: OHKO moves are banned
|rule|Evasion Items Clause: Evasion items are banned
|rule|Evasion Moves Clause: Evasion moves are banned
|rule|Evasion Abilities Clause: Evasion abilities are banned
|rule|Sleep Moves Clause: Sleep-inducing moves are banned
|clearpoke
|poke|p1|Kommo-o, F|
|poke|p1|Serperior, M|
|poke|p1|Ogerpon-Wellspring, F|
|poke|p1|Weezing-Galar, F|
|poke|p1|Incineroar, M|
|poke|p1|Iron Crown|
|poke|p2|Ninetales, F|
|poke|p2|Ceruledge, F|
|poke|p2|Venusaur, M|
|poke|p2|Hatterene, F|
|poke|p2|Great Tusk|
|poke|p2|Walking Wake|
|teampreview
|inactive|Battle timer is ON: inactive players will automatically lose when time's up. (requested by yesterdaymister)
|
|t:|1780898084
|teamsize|p1|6
|teamsize|p2|6
|start
|switch|p1a: Incineroar|Incineroar, M, shiny|100/100
|switch|p2a: Ninetales|Ninetales, F|100/100
|-weather|SunnyDay|[from] ability: Drought|[of] p2a: Ninetales
|-ability|p1a: Incineroar|Intimidate|boost
|-unboost|p2a: Ninetales|atk|1
|turn|1
|
|t:|1780898086
|switch|p2a: Great Tusk|Great Tusk|100/100
|-activate|p2a: Great Tusk|ability: Protosynthesis
|-start|p2a: Great Tusk|protosynthesisspe
|move|p1a: Incineroar|Knock Off|p2a: Great Tusk
|-resisted|p2a: Great Tusk
|-damage|p2a: Great Tusk|89/100
|-damage|p1a: Incineroar|84/100|[from] item: Rocky Helmet|[of] p2a: Great Tusk
|-enditem|p2a: Great Tusk|Rocky Helmet|[from] move: Knock Off|[of] p1a: Incineroar
|
|-weather|SunnyDay|[upkeep]
|upkeep
|turn|2
|
|t:|1780898093
|move|p2a: Great Tusk|Stealth Rock|p1a: Incineroar
|-sidestart|p1: roddyj|move: Stealth Rock
|move|p1a: Incineroar|Will-O-Wisp|p2a: Great Tusk
|-status|p2a: Great Tusk|brn
|
|-weather|SunnyDay|[upkeep]
|-damage|p2a: Great Tusk|83/100 brn|[from] brn
|upkeep
|turn|3
|
|t:|1780898099
|-end|p2a: Great Tusk|Protosynthesis|[silent]
|switch|p2a: Hatterene|Hatterene, F|100/100
|switch|p1a: Weezing|Weezing-Galar, F, shiny|100/100
|-damage|p1a: Weezing|88/100|[from] Stealth Rock
|
|-weather|SunnyDay|[upkeep]
|-heal|p1a: Weezing|94/100|[from] item: Leftovers
|upkeep
|turn|4
|
|t:|1780898108
|move|p1a: Weezing|Defog|p2a: Hatterene
|move|p2a: Hatterene|Defog|p1a: Weezing|[from] ability: Magic Bounce
|-unboost|p1a: Weezing|evasion|1
|-sideend|p1: roddyj|Stealth Rock|[from] move: Defog|[of] p2a: Hatterene
|move|p2a: Hatterene|Psychic Noise|p1a: Weezing
|-supereffective|p1a: Weezing
|-damage|p1a: Weezing|5/100
|-start|p1a: Weezing|move: Heal Block
|
|-weather|SunnyDay|[upkeep]
|upkeep
|turn|5
|
|t:|1780898113
|switch|p2a: Great Tusk|Great Tusk|83/100 brn
|-activate|p2a: Great Tusk|ability: Protosynthesis
|-start|p2a: Great Tusk|protosynthesisspe
|move|p1a: Weezing|Acid Spray|p2a: Great Tusk
|-resisted|p2a: Great Tusk
|-damage|p2a: Great Tusk|75/100 brn
|-unboost|p2a: Great Tusk|spd|2
|
|-weather|SunnyDay|[upkeep]
|-damage|p2a: Great Tusk|68/100 brn|[from] brn
|-end|p1a: Weezing|move: Heal Block
|upkeep
|turn|6
|
|t:|1780898118
|move|p2a: Great Tusk|Headlong Rush|p1a: Weezing
|-immune|p1a: Weezing|[from] ability: Levitate
|move|p1a: Weezing|Strange Steam|p2a: Great Tusk
|-supereffective|p2a: Great Tusk
|-damage|p2a: Great Tusk|0 fnt
|faint|p2a: Great Tusk
|-end|p2a: Great Tusk|Protosynthesis|[silent]
|
|-weather|SunnyDay|[upkeep]
|-heal|p1a: Weezing|11/100|[from] item: Leftovers
|upkeep
|
|t:|1780898124
|switch|p2a: Ceruledge|Ceruledge, F|100/100
|turn|7
|
|t:|1780898127
|switch|p1a: Incineroar|Incineroar, M, shiny|84/100
|-ability|p1a: Incineroar|Intimidate|boost
|-unboost|p2a: Ceruledge|atk|1
|move|p2a: Ceruledge|Bitter Blade|p1a: Incineroar
|-resisted|p1a: Incineroar
|-damage|p1a: Incineroar|62/100
|
|-weather|SunnyDay|[upkeep]
|upkeep
|turn|8
|
|t:|1780898130
|switch|p2a: Hatterene|Hatterene, F|100/100
|move|p1a: Incineroar|Knock Off|p2a: Hatterene
|-damage|p2a: Hatterene|66/100
|-enditem|p2a: Hatterene|Eject Button|[from] move: Knock Off|[of] p1a: Incineroar
|
|-weather|none
|upkeep
|turn|9
|
|t:|1780898135
|move|p1a: Incineroar|Will-O-Wisp|p2a: Hatterene
|move|p2a: Hatterene|Will-O-Wisp|p1a: Incineroar|[from] ability: Magic Bounce
|-immune|p1a: Incineroar
|move|p2a: Hatterene|Nuzzle|p1a: Incineroar
|-damage|p1a: Incineroar|58/100
|-status|p1a: Incineroar|par
|
|upkeep
|turn|10
|
|t:|1780898140
|move|p2a: Hatterene|Dazzling Gleam|p1a: Incineroar
|-damage|p1a: Incineroar|34/100 par
|move|p1a: Incineroar|Temper Flare|p2a: Hatterene
|-crit|p2a: Hatterene
|-damage|p2a: Hatterene|0 fnt
|faint|p2a: Hatterene
|
|upkeep
|
|t:|1780898143
|switch|p2a: Walking Wake|Walking Wake|100/100
|turn|11
|
|t:|1780898149
|switch|p1a: Weezing|Weezing-Galar, F, shiny|11/100
|move|p2a: Walking Wake|Flamethrower|p1a: Weezing
|-damage|p1a: Weezing|0 fnt
|faint|p1a: Weezing
|
|upkeep
|
|t:|1780898153
|switch|p1a: Incineroar|Incineroar, M, shiny|34/100 par
|-ability|p1a: Incineroar|Intimidate|boost
|-unboost|p2a: Walking Wake|atk|1
|turn|12
|
|t:|1780898156
|-end|p2a: Walking Wake|Protosynthesis|[silent]
|switch|p2a: Ninetales|Ninetales, F|100/100
|-weather|SunnyDay|[from] ability: Drought|[of] p2a: Ninetales
|move|p1a: Incineroar|Parting Shot|p2a: Ninetales
|-unboost|p2a: Ninetales|atk|1
|-unboost|p2a: Ninetales|spa|1
|
|t:|1780898163
|switch|p1a: Serperior|Serperior, M, shiny|100/100|[from] Parting Shot
|
|-weather|SunnyDay|[upkeep]
|upkeep
|turn|13
|
|t:|1780898169
|move|p1a: Serperior|Glare|p2a: Ninetales
|-status|p2a: Ninetales|par
|move|p2a: Ninetales|Flamethrower|p1a: Serperior
|-supereffective|p1a: Serperior
|-damage|p1a: Serperior|49/100
|
|-weather|SunnyDay|[upkeep]
|-heal|p1a: Serperior|55/100|[from] item: Leftovers
|upkeep
|turn|14
|
|t:|1780898177
|switch|p1a: Incineroar|Incineroar, M, shiny|34/100 par
|-ability|p1a: Incineroar|Intimidate|boost
|-unboost|p2a: Ninetales|atk|1
|switch|p2a: Venusaur|Venusaur, M|100/100
|
|-weather|SunnyDay|[upkeep]
|upkeep
|turn|15
|
|t:|1780898180
|move|p2a: Venusaur|Sludge Bomb|p1a: Incineroar
|-damage|p1a: Incineroar|0 fnt
|faint|p1a: Incineroar
|-damage|p2a: Venusaur|91/100|[from] item: Life Orb
|
|-weather|SunnyDay|[upkeep]
|upkeep
|
|t:|1780898185
|switch|p1a: Kommo-o|Kommo-o, F, shiny|100/100
|turn|16
|
|t:|1780898187
|switch|p2a: Ceruledge|Ceruledge, F|100/100
|move|p1a: Kommo-o|Clangorous Soul|p1a: Kommo-o
|-boost|p1a: Kommo-o|atk|1
|-boost|p1a: Kommo-o|def|1
|-boost|p1a: Kommo-o|spa|1
|-boost|p1a: Kommo-o|spd|1
|-boost|p1a: Kommo-o|spe|1
|-damage|p1a: Kommo-o|68/100
|-enditem|p1a: Kommo-o|Throat Spray
|-boost|p1a: Kommo-o|spa|1|[from] item: Throat Spray
|
|-weather|SunnyDay|[upkeep]
|upkeep
|turn|17
|
|t:|1780898212
|move|p1a: Kommo-o|Clanging Scales|p2a: Ceruledge
|-damage|p2a: Ceruledge|13/100
|-unboost|p1a: Kommo-o|def|1
|move|p2a: Ceruledge|Bitter Blade|p1a: Kommo-o
|-resisted|p1a: Kommo-o
|-damage|p1a: Kommo-o|41/100
|-heal|p2a: Ceruledge|29/100|[from] drain|[of] p1a: Kommo-o
|
|-weather|SunnyDay|[upkeep]
|upkeep
|turn|18
|
|t:|1780898227
|move|p2a: Ceruledge|Shadow Sneak|p1a: Kommo-o
|-damage|p1a: Kommo-o|26/100
|move|p1a: Kommo-o|Clanging Scales|p2a: Ceruledge
|-damage|p2a: Ceruledge|0 fnt
|faint|p2a: Ceruledge
|-unboost|p1a: Kommo-o|def|1
|
|-weather|SunnyDay|[upkeep]
|upkeep
|
|t:|1780898230
|switch|p2a: Venusaur|Venusaur, M|91/100
|turn|19
|
|t:|1780898239
|move|p2a: Venusaur|Sludge Bomb|p1a: Kommo-o
|-immune|p1a: Kommo-o|[from] ability: Bulletproof
|move|p1a: Kommo-o|Clanging Scales|p2a: Venusaur
|-damage|p2a: Venusaur|6/100
|-unboost|p1a: Kommo-o|def|1
|
|-weather|none
|upkeep
|turn|20
|
|t:|1780898246
|switch|p2a: Ninetales|Ninetales, F|100/100 par
|-weather|SunnyDay|[from] ability: Drought|[of] p2a: Ninetales
|move|p1a: Kommo-o|Boomburst|p2a: Ninetales
|-damage|p2a: Ninetales|37/100 par
|
|-weather|SunnyDay|[upkeep]
|upkeep
|turn|21
|
|t:|1780898252
|move|p1a: Kommo-o|Boomburst|p2a: Ninetales
|-damage|p2a: Ninetales|0 fnt
|faint|p2a: Ninetales
|
|-weather|SunnyDay|[upkeep]
|upkeep
|
|t:|1780898254
|switch|p2a: Walking Wake|Walking Wake|100/100
|-activate|p2a: Walking Wake|ability: Protosynthesis
|-start|p2a: Walking Wake|protosynthesisspa
|turn|22
|
|t:|1780898259
|-terastallize|p2a: Walking Wake|Water
|move|p1a: Kommo-o|Clanging Scales|p2a: Walking Wake
|-damage|p2a: Walking Wake|16/100
|-unboost|p1a: Kommo-o|def|1
|move|p2a: Walking Wake|Flamethrower|p1a: Kommo-o
|-resisted|p1a: Kommo-o
|-damage|p1a: Kommo-o|0 fnt
|faint|p1a: Kommo-o
|
|-weather|SunnyDay|[upkeep]
|upkeep
|
|t:|1780898268
|switch|p1a: Serperior|Serperior, M, shiny|55/100
|turn|23
|
|t:|1780898271
|move|p1a: Serperior|Leaf Storm|p2a: Walking Wake
|-supereffective|p2a: Walking Wake
|-damage|p2a: Walking Wake|0 fnt
|-boost|p1a: Serperior|spa|2
|faint|p2a: Walking Wake
|-end|p2a: Walking Wake|Protosynthesis|[silent]
|
|-weather|SunnyDay|[upkeep]
|-heal|p1a: Serperior|61/100|[from] item: Leftovers
|upkeep
|
|t:|1780898273
|switch|p2a: Venusaur|Venusaur, M|6/100
|turn|24
|
|t:|1780898284
|move|p2a: Venusaur|Weather Ball|p1a: Serperior
|-supereffective|p1a: Serperior
|-damage|p1a: Serperior|0 fnt
|faint|p1a: Serperior
|-damage|p2a: Venusaur|0 fnt|[from] item: Life Orb
|faint|p2a: Venusaur
|
|win|roddyj
|raw|roddyj's rating: 1654 &rarr; <strong>1678</strong><br />(+24 for winning)
|raw|yesterdaymister's rating: 1724 &rarr; <strong>1700</strong><br />(-24 for losing)
|l|☆roddyj
|player|p1|
