|j|☆Rj yoip
|j|☆cachowcapow
|t:|1781093541
|gametype|singles
|player|p1|Rj yoip|caitlin-masters|1666
|player|p2|cachowcapow|265|1678
|gen|9
|tier|[Gen 9] OU
|rated|
|rule|HP Percentage Mod: HP is shown in percentages
|rule|Endless Battle Clause: Forcing endless battles is banned
|rule|Species Clause: Limit one of each Pokémon
|rule|OHKO Clause: OHKO moves are banned
|rule|Evasion Items Clause: Evasion items are banned
|rule|Evasion Moves Clause: Evasion moves are banned
|rule|Evasion Abilities Clause: Evasion abilities are banned
|rule|Sleep Moves Clause: Sleep-inducing moves are banned
|clearpoke
|poke|p1|Tyranitar, F|
|poke|p1|Hydrapple, M|
|poke|p1|Enamorus, F|
|poke|p1|Garganacl, M|
|poke|p1|Excadrill, M|
|poke|p1|Alomomola, F|
|poke|p2|Primarina, M|
|poke|p2|Slither Wing|
|poke|p2|Slowking-Galar, M|
|poke|p2|Great Tusk|
|poke|p2|Meowscarada, F|
|poke|p2|Gardevoir, F|
|teampreview
|
|t:|1781093550
|teamsize|p1|6
|teamsize|p2|6
|start
|switch|p1a: Garganacl|Garganacl, M|100/100
|switch|p2a: Gardevoir|Gardevoir, F, shiny|100/100
|-ability|p2a: Gardevoir|Purifying Salt|Trace|[from] ability: Trace|[of] p1a: Garganacl
|turn|1
|inactive|Battle timer is ON: inactive players will automatically lose when time's up. (requested by Rj yoip)
|
|t:|1781093555
|-terastallize|p2a: Gardevoir|Fairy
|move|p2a: Gardevoir|Moonblast|p1a: Garganacl
|-damage|p1a: Garganacl|32/100
|move|p1a: Garganacl|Salt Cure|p2a: Gardevoir
|-damage|p2a: Gardevoir|75/100
|-start|p2a: Gardevoir|Salt Cure
|
|-heal|p1a: Garganacl|38/100|[from] item: Leftovers
|-damage|p2a: Gardevoir|63/100|[from] Salt Cure
|upkeep
|turn|2
|
|t:|1781093560
|move|p1a: Garganacl|Protect|p1a: Garganacl
|-singleturn|p1a: Garganacl|Protect
|move|p2a: Gardevoir|Moonblast|p1a: Garganacl
|-activate|p1a: Garganacl|move: Protect
|
|-heal|p1a: Garganacl|44/100|[from] item: Leftovers
|-damage|p2a: Gardevoir|51/100|[from] Salt Cure
|upkeep
|turn|3
|
|t:|1781093562
|switch|p1a: Alomomola|Alomomola, F|100/100
|move|p2a: Gardevoir|Moonblast|p1a: Alomomola
|-damage|p1a: Alomomola|44/100
|-unboost|p1a: Alomomola|spa|1
|
|-damage|p2a: Gardevoir|38/100|[from] Salt Cure
|upkeep
|turn|4
|
|t:|1781093567
|switch|p2a: Slither Wing|Slither Wing|100/100
|-terastallize|p1a: Alomomola|Poison
|move|p1a: Alomomola|Flip Turn|p2a: Slither Wing
|-damage|p2a: Slither Wing|89/100
|-damage|p1a: Alomomola|27/100|[from] item: Rocky Helmet|[of] p2a: Slither Wing
|
|t:|1781093570
|switch|p1a: Enamorus|Enamorus, F|100/100|[from] Flip Turn
|
|upkeep
|turn|5
|
|t:|1781093575
|switch|p1a: Garganacl|Garganacl, M|44/100
|-end|p2a: Slither Wing|Protosynthesis|[silent]
|switch|p2a: Slowking|Slowking-Galar, M|100/100
|
|-heal|p1a: Garganacl|50/100|[from] item: Leftovers
|upkeep
|turn|6
|
|t:|1781093579
|move|p1a: Garganacl|Recover|p1a: Garganacl
|-heal|p1a: Garganacl|99/100
|-prepare|p2a: Slowking|Chilly Reception|[premajor]
|move|p2a: Slowking|Chilly Reception|p2a: Slowking
|-weather|Snowscape
|
|t:|1781093582
|switch|p2a: Primarina|Primarina, M, shiny|100/100|[from] Chilly Reception
|
|-weather|Snowscape|[upkeep]
|-heal|p1a: Garganacl|100/100|[from] item: Leftovers
|upkeep
|turn|7
|
|t:|1781093584
|move|p2a: Primarina|Encore|p1a: Garganacl
|-start|p1a: Garganacl|Encore
|move|p1a: Garganacl|Recover||[still]
|-fail|p1a: Garganacl|heal
|
|-weather|Snowscape|[upkeep]
|upkeep
|turn|8
|
|t:|1781093589
|switch|p1a: Tyranitar|Tyranitar, F|100/100
|-weather|Sandstorm|[from] ability: Sand Stream|[of] p1a: Tyranitar
|move|p2a: Primarina|Calm Mind|p2a: Primarina
|-boost|p2a: Primarina|spa|1
|-boost|p2a: Primarina|spd|1
|
|-weather|Sandstorm|[upkeep]
|-damage|p2a: Primarina|94/100|[from] Sandstorm
|-heal|p2a: Primarina|100/100|[from] item: Leftovers
|upkeep
|turn|9
|
|t:|1781093594
|move|p1a: Tyranitar|Stone Edge|p2a: Primarina
|-damage|p2a: Primarina|28/100
|move|p2a: Primarina|Draining Kiss|p1a: Tyranitar
|-supereffective|p1a: Tyranitar
|-damage|p1a: Tyranitar|57/100
|-heal|p2a: Primarina|59/100|[from] drain|[of] p1a: Tyranitar
|
|-weather|Sandstorm|[upkeep]
|-damage|p2a: Primarina|53/100|[from] Sandstorm
|-heal|p2a: Primarina|59/100|[from] item: Leftovers
|upkeep
|turn|10
|
|t:|1781093601
|switch|p1a: Alomomola|Alomomola, F, tera:Poison|60/100
|switch|p2a: Great Tusk|Great Tusk|100/100
|
|-weather|Sandstorm|[upkeep]
|-damage|p1a: Alomomola|54/100|[from] Sandstorm
|upkeep
|turn|11
|
|t:|1781093603
|switch|p1a: Hydrapple|Hydrapple, M|100/100
|move|p2a: Great Tusk|Knock Off|p1a: Hydrapple
|-damage|p1a: Hydrapple|83/100
|-damage|p2a: Great Tusk|84/100|[from] item: Rocky Helmet|[of] p1a: Hydrapple
|-enditem|p1a: Hydrapple|Rocky Helmet|[from] move: Knock Off|[of] p2a: Great Tusk
|
|-weather|Sandstorm|[upkeep]
|-damage|p1a: Hydrapple|77/100|[from] Sandstorm
|upkeep
|turn|12
|
|t:|1781093608
|-end|p2a: Great Tusk|Protosynthesis|[silent]
|switch|p2a: Slowking|Slowking-Galar, M|100/100
|move|p1a: Hydrapple|Giga Drain|p2a: Slowking
|-resisted|p2a: Slowking
|-damage|p2a: Slowking|91/100
|-heal|p1a: Hydrapple|81/100|[from] drain|[of] p2a: Slowking
|
|-weather|none
|upkeep
|turn|13
|
|t:|1781093610
|switch|p1a: Garganacl|Garganacl, M|100/100
|-prepare|p2a: Slowking|Chilly Reception|[premajor]
|move|p2a: Slowking|Chilly Reception|p2a: Slowking
|-weather|Snowscape
|
|t:|1781093614
|switch|p2a: Primarina|Primarina, M, shiny|59/100|[from] Chilly Reception
|
|-weather|Snowscape|[upkeep]
|-heal|p2a: Primarina|65/100|[from] item: Leftovers
|upkeep
|turn|14
|
|t:|1781093615
|move|p2a: Primarina|Psychic Noise|p1a: Garganacl
|-supereffective|p1a: Garganacl
|-damage|p1a: Garganacl|59/100
|-start|p1a: Garganacl|move: Heal Block
|move|p1a: Garganacl|Salt Cure|p2a: Primarina
|-damage|p2a: Primarina|52/100
|-start|p2a: Primarina|Salt Cure
|
|-weather|Snowscape|[upkeep]
|-heal|p2a: Primarina|58/100|[from] item: Leftovers
|-damage|p2a: Primarina|33/100|[from] Salt Cure
|upkeep
|turn|15
|
|t:|1781093619
|switch|p2a: Slowking|Slowking-Galar, M|100/100
|move|p1a: Garganacl|Stealth Rock|p2a: Slowking
|-sidestart|p2: cachowcapow|move: Stealth Rock
|
|-weather|Snowscape|[upkeep]
|-end|p1a: Garganacl|move: Heal Block
|upkeep
|turn|16
|
|t:|1781093622
|move|p1a: Garganacl|Recover|p1a: Garganacl
|-heal|p1a: Garganacl|100/100
|move|p2a: Slowking|Future Sight|p1a: Garganacl
|-start|p2a: Slowking|move: Future Sight
|
|-weather|Snowscape|[upkeep]
|upkeep
|turn|17
|
|t:|1781093625
|move|p1a: Garganacl|Salt Cure|p2a: Slowking
|-damage|p2a: Slowking|87/100
|-start|p2a: Slowking|Salt Cure
|-prepare|p2a: Slowking|Chilly Reception|[premajor]
|move|p2a: Slowking|Chilly Reception|p2a: Slowking
|
|t:|1781093627
|switch|p2a: Great Tusk|Great Tusk|84/100|[from] Chilly Reception
|
|-weather|none
|upkeep
|turn|18
|
|t:|1781093630
|move|p1a: Garganacl|Protect|p1a: Garganacl
|-singleturn|p1a: Garganacl|Protect
|move|p2a: Great Tusk|Rapid Spin|p1a: Garganacl
|-activate|p1a: Garganacl|move: Protect
|
|-end|p1a: Garganacl|move: Future Sight
|-damage|p1a: Garganacl|70/100
|-heal|p1a: Garganacl|76/100|[from] item: Leftovers
|upkeep
|turn|19
|
|t:|1781093632
|switch|p1a: Hydrapple|Hydrapple, M|100/100
|move|p2a: Great Tusk|Rapid Spin|p1a: Hydrapple
|-damage|p1a: Hydrapple|91/100
|-boost|p2a: Great Tusk|spe|1
|-sideend|p2: cachowcapow|Stealth Rock|[from] move: Rapid Spin|[of] p2a: Great Tusk
|
|upkeep
|turn|20
|
|t:|1781093636
|-end|p2a: Great Tusk|Protosynthesis|[silent]
|switch|p2a: Slowking|Slowking-Galar, M|100/100
|switch|p1a: Tyranitar|Tyranitar, F|57/100
|-weather|Sandstorm|[from] ability: Sand Stream|[of] p1a: Tyranitar
|
|-weather|Sandstorm|[upkeep]
|-damage|p2a: Slowking|94/100|[from] Sandstorm
|upkeep
|turn|21
|
|t:|1781093639
|switch|p2a: Slither Wing|Slither Wing|89/100
|move|p1a: Tyranitar|Knock Off|p2a: Slither Wing
|-resisted|p2a: Slither Wing
|-damage|p2a: Slither Wing|54/100
|-damage|p1a: Tyranitar|40/100|[from] item: Rocky Helmet|[of] p2a: Slither Wing
|-enditem|p2a: Slither Wing|Rocky Helmet|[from] move: Knock Off|[of] p1a: Tyranitar
|
|-weather|Sandstorm|[upkeep]
|-damage|p2a: Slither Wing|48/100|[from] Sandstorm
|upkeep
|turn|22
|
|t:|1781093644
|switch|p1a: Alomomola|Alomomola, F, tera:Poison|87/100
|move|p2a: Slither Wing|U-turn|p1a: Alomomola
|-resisted|p1a: Alomomola
|-damage|p1a: Alomomola|77/100
|
|t:|1781093647
|-end|p2a: Slither Wing|Protosynthesis|[silent]
|switch|p2a: Gardevoir|Gardevoir, F, shiny, tera:Fairy|38/100|[from] U-turn
|-ability|p2a: Gardevoir|Regenerator|Trace|[from] ability: Trace|[of] p1a: Alomomola
|
|-weather|Sandstorm|[upkeep]
|-damage|p2a: Gardevoir|32/100|[from] Sandstorm
|-damage|p1a: Alomomola|71/100|[from] Sandstorm
|upkeep
|turn|23
|
|t:|1781093649
|switch|p1a: Tyranitar|Tyranitar, F|40/100
|move|p2a: Gardevoir|Moonblast|p1a: Tyranitar
|-supereffective|p1a: Tyranitar
|-crit|p1a: Tyranitar
|-damage|p1a: Tyranitar|0 fnt
|faint|p1a: Tyranitar
|
|-weather|Sandstorm|[upkeep]
|-damage|p2a: Gardevoir|26/100|[from] Sandstorm
|upkeep
|
|t:|1781093654
|switch|p1a: Garganacl|Garganacl, M|76/100
|turn|24
|
|t:|1781093659
|switch|p2a: Slowking|Slowking-Galar, M|100/100
|move|p1a: Garganacl|Salt Cure|p2a: Slowking
|-damage|p2a: Slowking|87/100
|-start|p2a: Slowking|Salt Cure
|
|-weather|none
|-heal|p1a: Garganacl|82/100|[from] item: Leftovers
|-damage|p2a: Slowking|74/100|[from] Salt Cure
|upkeep
|turn|25
|
|t:|1781093662
|move|p1a: Garganacl|Stealth Rock|p2a: Slowking
|-sidestart|p2: cachowcapow|move: Stealth Rock
|move|p2a: Slowking|Future Sight|p1a: Garganacl
|-start|p2a: Slowking|move: Future Sight
|
|-heal|p1a: Garganacl|89/100|[from] item: Leftovers
|-damage|p2a: Slowking|62/100|[from] Salt Cure
|upkeep
|turn|26
|
|t:|1781093665
|move|p1a: Garganacl|Salt Cure|p2a: Slowking
|-damage|p2a: Slowking|47/100
|-prepare|p2a: Slowking|Chilly Reception|[premajor]
|move|p2a: Slowking|Chilly Reception|p2a: Slowking
|-weather|Snowscape
|
|t:|1781093675
|switch|p2a: Great Tusk|Great Tusk|84/100|[from] Chilly Reception
|
|-weather|Snowscape|[upkeep]
|-heal|p1a: Garganacl|95/100|[from] item: Leftovers
|upkeep
|turn|27
|
|t:|1781093678
|move|p2a: Great Tusk|Headlong Rush|p1a: Garganacl
|-supereffective|p1a: Garganacl
|-damage|p1a: Garganacl|8/100
|-unboost|p2a: Great Tusk|def|1
|-unboost|p2a: Great Tusk|spd|1
|move|p1a: Garganacl|Salt Cure|p2a: Great Tusk
|-resisted|p2a: Great Tusk
|-damage|p2a: Great Tusk|81/100
|-start|p2a: Great Tusk|Salt Cure
|
|-weather|Snowscape|[upkeep]
|-end|p1a: Garganacl|move: Future Sight
|-damage|p1a: Garganacl|0 fnt
|faint|p1a: Garganacl
|-damage|p2a: Great Tusk|68/100|[from] Salt Cure
|upkeep
|
|t:|1781093683
|switch|p1a: Enamorus|Enamorus, F|100/100
|turn|28
|
|t:|1781093687
|switch|p1a: Excadrill|Excadrill, M|100/100
|-end|p2a: Great Tusk|Protosynthesis|[silent]
|switch|p2a: Slowking|Slowking-Galar, M|81/100
|
|-weather|Snowscape|[upkeep]
|upkeep
|turn|29
|
|t:|1781093692
|switch|p2a: Slither Wing|Slither Wing|48/100
|-damage|p2a: Slither Wing|36/100|[from] Stealth Rock
|move|p1a: Excadrill|Substitute|p1a: Excadrill
|-start|p1a: Excadrill|Substitute
|-damage|p1a: Excadrill|76/100
|
|-weather|Snowscape|[upkeep]
|-heal|p1a: Excadrill|82/100|[from] item: Leftovers
|upkeep
|turn|30
|
|t:|1781093696
|move|p2a: Slither Wing|First Impression|p1a: Excadrill
|-resisted|p1a: Excadrill
|-end|p1a: Excadrill|Substitute
|move|p1a: Excadrill|Rock Slide|p2a: Slither Wing
|-damage|p2a: Slither Wing|16/100
|
|-weather|none
|-heal|p1a: Excadrill|88/100|[from] item: Leftovers
|upkeep
|turn|31
|
|t:|1781093704
|move|p1a: Excadrill|Rock Slide|p2a: Slither Wing
|-crit|p2a: Slither Wing
|-damage|p2a: Slither Wing|0 fnt
|faint|p2a: Slither Wing
|-end|p2a: Slither Wing|Protosynthesis|[silent]
|
|-heal|p1a: Excadrill|94/100|[from] item: Leftovers
|upkeep
|
|t:|1781093709
|switch|p2a: Great Tusk|Great Tusk|68/100
|turn|32
|
|t:|1781093712
|switch|p1a: Hydrapple|Hydrapple, M|100/100
|move|p2a: Great Tusk|Rapid Spin|p1a: Hydrapple
|-damage|p1a: Hydrapple|91/100
|-boost|p2a: Great Tusk|spe|1
|-sideend|p2: cachowcapow|Stealth Rock|[from] move: Rapid Spin|[of] p2a: Great Tusk
|
|upkeep
|turn|33
|
|t:|1781093715
|-end|p2a: Great Tusk|Protosynthesis|[silent]
|switch|p2a: Slowking|Slowking-Galar, M|100/100
|move|p1a: Hydrapple|Giga Drain|p2a: Slowking
|-resisted|p2a: Slowking
|-damage|p2a: Slowking|92/100
|-heal|p1a: Hydrapple|95/100|[from] drain|[of] p2a: Slowking
|
|upkeep
|turn|34
|
|t:|1781093719
|move|p1a: Hydrapple|Earth Power|p2a: Slowking
|-supereffective|p2a: Slowking
|-damage|p2a: Slowking|65/100
|-prepare|p2a: Slowking|Chilly Reception|[premajor]
|move|p2a: Slowking|Chilly Reception|p2a: Slowking
|-weather|Snowscape
|
|t:|1781093722
|switch|p2a: Gardevoir|Gardevoir, F, shiny, tera:Fairy|59/100|[from] Chilly Reception
|-ability|p2a: Gardevoir|Regenerator|Trace|[from] ability: Trace|[of] p1a: Hydrapple
|
|-weather|Snowscape|[upkeep]
|upkeep
|turn|35
|
|t:|1781093725
|switch|p1a: Alomomola|Alomomola, F, tera:Poison|100/100
|move|p2a: Gardevoir|Psyshock|p1a: Alomomola
|-supereffective|p1a: Alomomola
|-damage|p1a: Alomomola|8/100
|
|-weather|Snowscape|[upkeep]
|upkeep
|turn|36
|
|t:|1781093733
|switch|p2a: Meowscarada|Meowscarada, F|100/100
|switch|p1a: Hydrapple|Hydrapple, M|100/100
|
|-weather|Snowscape|[upkeep]
|upkeep
|turn|37
|
|t:|1781093737
|switch|p1a: Alomomola|Alomomola, F, tera:Poison|42/100
|move|p2a: Meowscarada|Triple Axel|p1a: Alomomola
|-start|p2a: Meowscarada|typechange|Ice|[from] ability: Protean
|-damage|p1a: Alomomola|35/100
|-damage|p1a: Alomomola|22/100
|-hitcount|p1a: Alomomola|2
|
|-weather|Snowscape|[upkeep]
|upkeep
|turn|38
|
|t:|1781093740
|switch|p1a: Hydrapple|Hydrapple, M|100/100
|move|p2a: Meowscarada|Triple Axel|p1a: Hydrapple|[miss]
|-miss|p2a: Meowscarada|p1a: Hydrapple
|
|-weather|none
|upkeep
|turn|39
|
|t:|1781093744
|switch|p1a: Alomomola|Alomomola, F, tera:Poison|55/100
|move|p2a: Meowscarada|Triple Axel|p1a: Alomomola
|-damage|p1a: Alomomola|49/100
|-hitcount|p1a: Alomomola|1
|
|upkeep
|turn|40
|
|t:|1781093750
|switch|p2a: Gardevoir|Gardevoir, F, shiny, tera:Fairy|93/100
|-ability|p2a: Gardevoir|Regenerator|Trace|[from] ability: Trace|[of] p1a: Alomomola
|move|p1a: Alomomola|Flip Turn|p2a: Gardevoir
|-damage|p2a: Gardevoir|62/100
|
|t:|1781093753
|switch|p1a: Excadrill|Excadrill, M|94/100|[from] Flip Turn
|
|-heal|p1a: Excadrill|99/100|[from] item: Leftovers
|upkeep
|turn|41
|
|t:|1781093759
|switch|p2a: Meowscarada|Meowscarada, F|100/100
|move|p1a: Excadrill|Substitute|p1a: Excadrill
|-start|p1a: Excadrill|Substitute
|-damage|p1a: Excadrill|75/100
|
|-heal|p1a: Excadrill|81/100|[from] item: Leftovers
|upkeep
|turn|42
|
|t:|1781093763
|move|p2a: Meowscarada|Flower Trick|p1a: Excadrill
|-start|p2a: Meowscarada|typechange|Grass|[from] ability: Protean
|-crit|p1a: Excadrill
|-end|p1a: Excadrill|Substitute
|move|p1a: Excadrill|Rapid Spin|p2a: Meowscarada
|-damage|p2a: Meowscarada|73/100
|-boost|p1a: Excadrill|spe|1
|
|-heal|p1a: Excadrill|87/100|[from] item: Leftovers
|upkeep
|turn|43
|
|t:|1781093766
|move|p2a: Meowscarada|Flower Trick|p1a: Excadrill
|-crit|p1a: Excadrill
|-damage|p1a: Excadrill|12/100
|move|p1a: Excadrill|Rock Slide|p2a: Meowscarada
|-damage|p2a: Meowscarada|27/100
|
|-heal|p1a: Excadrill|18/100|[from] item: Leftovers
|upkeep
|turn|44
|
|t:|1781093770
|switch|p2a: Gardevoir|Gardevoir, F, shiny, tera:Fairy|95/100
|-ability|p2a: Gardevoir|Sand Rush|Trace|[from] ability: Trace|[of] p1a: Excadrill
|switch|p1a: Hydrapple|Hydrapple, M|100/100
|
|upkeep
|turn|45
|
|t:|1781093774
|switch|p1a: Alomomola|Alomomola, F, tera:Poison|82/100
|move|p2a: Gardevoir|Moonblast|p1a: Alomomola
|-resisted|p1a: Alomomola
|-damage|p1a: Alomomola|53/100
|
|upkeep
|turn|46
|
|t:|1781093781
|switch|p2a: Meowscarada|Meowscarada, F|27/100
|move|p1a: Alomomola|Flip Turn|p2a: Meowscarada
|-resisted|p2a: Meowscarada
|-damage|p2a: Meowscarada|15/100
|
|t:|1781093783
|switch|p1a: Excadrill|Excadrill, M|18/100|[from] Flip Turn
|
|-heal|p1a: Excadrill|24/100|[from] item: Leftovers
|upkeep
|turn|47
|
|t:|1781093788
|switch|p1a: Alomomola|Alomomola, F, tera:Poison|87/100
|move|p2a: Meowscarada|U-turn|p1a: Alomomola
|-start|p2a: Meowscarada|typechange|Bug|[from] ability: Protean
|-resisted|p1a: Alomomola
|-damage|p1a: Alomomola|75/100
|
|t:|1781093798
|switch|p2a: Gardevoir|Gardevoir, F, shiny, tera:Fairy|95/100|[from] U-turn
|-ability|p2a: Gardevoir|Regenerator|Trace|[from] ability: Trace|[of] p1a: Alomomola
|
|upkeep
|turn|48
|
|t:|1781093801
|switch|p1a: Hydrapple|Hydrapple, M|100/100
|move|p2a: Gardevoir|Psyshock|p1a: Hydrapple
|-damage|p1a: Hydrapple|64/100
|
|upkeep
|turn|49
|j| KangkongNation
|
|t:|1781093805
|switch|p2a: Slowking|Slowking-Galar, M|98/100
|switch|p1a: Excadrill|Excadrill, M|24/100
|
|-heal|p1a: Excadrill|30/100|[from] item: Leftovers
|upkeep
|turn|50
|
|t:|1781093811
|move|p1a: Excadrill|Substitute|p1a: Excadrill
|-start|p1a: Excadrill|Substitute
|-damage|p1a: Excadrill|5/100
|move|p2a: Slowking|Future Sight|p1a: Excadrill
|-start|p2a: Slowking|move: Future Sight
|
|-heal|p1a: Excadrill|12/100|[from] item: Leftovers
|upkeep
|turn|51
|
|t:|1781093816
|move|p1a: Excadrill|Earthquake|p2a: Slowking
|-supereffective|p2a: Slowking
|-damage|p2a: Slowking|0 fnt
|faint|p2a: Slowking
|
|-heal|p1a: Excadrill|18/100|[from] item: Leftovers
|upkeep
|
|t:|1781093819
|switch|p2a: Meowscarada|Meowscarada, F|15/100
|turn|52
|
|t:|1781093824
|switch|p1a: Hydrapple|Hydrapple, M|98/100
|move|p2a: Meowscarada|Flower Trick|p1a: Hydrapple
|-start|p2a: Meowscarada|typechange|Grass|[from] ability: Protean
|-resisted|p1a: Hydrapple
|-crit|p1a: Hydrapple
|-damage|p1a: Hydrapple|90/100
|
|-end|p1a: Hydrapple|move: Future Sight
|-damage|p1a: Hydrapple|48/100
|upkeep
|turn|53
|
|t:|1781093827
|switch|p2a: Gardevoir|Gardevoir, F, shiny, tera:Fairy|100/100
|-ability|p2a: Gardevoir|Regenerator|Trace|[from] ability: Trace|[of] p1a: Hydrapple
|move|p1a: Hydrapple|Giga Drain|p2a: Gardevoir
|-damage|p2a: Gardevoir|66/100
|-heal|p1a: Hydrapple|60/100|[from] drain|[of] p2a: Gardevoir
|
|upkeep
|turn|54
|
|t:|1781093834
|switch|p1a: Alomomola|Alomomola, F, tera:Poison|100/100
|move|p2a: Gardevoir|Moonblast|p1a: Alomomola
|-resisted|p1a: Alomomola
|-damage|p1a: Alomomola|71/100
|
|upkeep
|turn|55
|l| KangkongNation
|
|t:|1781093838
|switch|p2a: Primarina|Primarina, M, shiny|33/100
|move|p1a: Alomomola|Flip Turn|p2a: Primarina
|-resisted|p2a: Primarina
|-damage|p2a: Primarina|26/100
|
|t:|1781093840
|switch|p1a: Enamorus|Enamorus, F|100/100|[from] Flip Turn
|
|-heal|p2a: Primarina|32/100|[from] item: Leftovers
|upkeep
|turn|56
|-message|cachowcapow forfeited.
|
|win|Rj yoip
|raw|Rj yoip's rating: 1666 &rarr; <strong>1687</strong><br />(+21 for winning)
|raw|cachowcapow's rating: 1678 &rarr; <strong>1657</strong><br />(-21 for losing)
|l|☆cachowcapow
|player|p2|
|l|☆Rj yoip
|player|p1|
|j| KangkongNation
|l| KangkongNation
