|j|☆ChessDennis
|j|☆cachowcapow
|t:|1780928325
|gametype|singles
|player|p1|ChessDennis|265|1546
|player|p2|cachowcapow|102|1635
|gen|9
|tier|[Gen 9] OU
|rated|
|rule|HP Percentage Mod: HP is shown in percentages
|rule|Endless Battle Clause: Forcing endless battles is banned
|rule|Species Clause: Limit one of each Pokémon
|rule|OHKO Clause: OHKO moves are banned
|rule|Evasion Items Clause: Evasion items are banned
|rule|Evasion Moves Clause: Evasion moves are banned
|rule|Evasion Abilities Clause: Evasion abilities are banned
|rule|Sleep Moves Clause: Sleep-inducing moves are banned
|clearpoke
|poke|p1|Ninetales-Alola, F|
|poke|p1|Iron Crown|
|poke|p1|Corviknight, F|
|poke|p1|Ursaluna, F|
|poke|p1|Alomomola, F|
|poke|p1|Hatterene, F|
|poke|p2|Primarina, M|
|poke|p2|Slither Wing|
|poke|p2|Slowking-Galar, M|
|poke|p2|Great Tusk|
|poke|p2|Meowscarada, F|
|poke|p2|Gardevoir, M|
|teampreview
|
|t:|1780928360
|teamsize|p1|6
|teamsize|p2|6
|start
|switch|p1a: Ninetales|Ninetales-Alola, F|100/100
|switch|p2a: Slowking|Slowking-Galar, M|100/100
|-weather|Snowscape|[from] ability: Snow Warning|[of] p1a: Ninetales
|turn|1
|
|t:|1780928365
|switch|p1a: Ursaluna|Ursaluna, F|100/100
|move|p2a: Slowking|Thunder Wave|p1a: Ursaluna
|-immune|p1a: Ursaluna
|
|-weather|Snowscape|[upkeep]
|-status|p1a: Ursaluna|brn|[from] item: Flame Orb
|upkeep
|turn|2
|
|t:|1780928370
|switch|p2a: Slither Wing|Slither Wing|100/100
|move|p1a: Ursaluna|Facade|p2a: Slither Wing
|-damage|p2a: Slither Wing|22/100
|-damage|p1a: Ursaluna|84/100 brn|[from] item: Rocky Helmet|[of] p2a: Slither Wing
|
|-weather|Snowscape|[upkeep]
|-damage|p1a: Ursaluna|78/100 brn|[from] brn
|upkeep
|turn|3
|
|t:|1780928382
|switch|p1a: Alomomola|Alomomola, F|100/100
|move|p2a: Slither Wing|U-turn|p1a: Alomomola
|-damage|p1a: Alomomola|72/100
|
|t:|1780928396
|-end|p2a: Slither Wing|Protosynthesis|[silent]
|switch|p2a: Primarina|Primarina, M, shiny|100/100|[from] U-turn
|
|-weather|Snowscape|[upkeep]
|upkeep
|turn|4
|
|t:|1780928400
|move|p2a: Primarina|Calm Mind|p2a: Primarina
|-boost|p2a: Primarina|spa|1
|-boost|p2a: Primarina|spd|1
|move|p1a: Alomomola|Flip Turn|p2a: Primarina
|-resisted|p2a: Primarina
|-damage|p2a: Primarina|85/100
|
|t:|1780928406
|switch|p1a: Hatterene|Hatterene, F|100/100|[from] Flip Turn
|
|-weather|Snowscape|[upkeep]
|-heal|p2a: Primarina|91/100|[from] item: Leftovers
|upkeep
|turn|5
|
|t:|1780928412
|move|p2a: Primarina|Psychic Noise|p1a: Hatterene
|-damage|p1a: Hatterene|49/100
|-start|p1a: Hatterene|move: Heal Block
|move|p1a: Hatterene|Trick Room|p1a: Hatterene
|-fieldstart|move: Trick Room|[of] p1a: Hatterene
|
|-weather|none
|-heal|p2a: Primarina|97/100|[from] item: Leftovers
|upkeep
|turn|6
|
|t:|1780928418
|switch|p1a: Ursaluna|Ursaluna, F|78/100 brn
|move|p2a: Primarina|Psychic Noise|p1a: Ursaluna
|-supereffective|p1a: Ursaluna
|-damage|p1a: Ursaluna|13/100 brn
|-start|p1a: Ursaluna|move: Heal Block
|
|-heal|p2a: Primarina|100/100|[from] item: Leftovers
|-damage|p1a: Ursaluna|7/100 brn|[from] brn
|upkeep
|turn|7
|
|t:|1780928421
|switch|p2a: Slither Wing|Slither Wing|22/100
|move|p1a: Ursaluna|Facade|p2a: Slither Wing
|-crit|p2a: Slither Wing
|-damage|p2a: Slither Wing|0 fnt
|-damage|p1a: Ursaluna|0 fnt|[from] item: Rocky Helmet|[of] p2a: Slither Wing
|faint|p2a: Slither Wing
|-end|p2a: Slither Wing|Protosynthesis|[silent]
|faint|p1a: Ursaluna
|
|upkeep
|
|t:|1780928425
|switch|p1a: Hatterene|Hatterene, F|49/100
|switch|p2a: Slowking|Slowking-Galar, M|100/100
|turn|8
|
|t:|1780928429
|move|p1a: Hatterene|Psyshock|p2a: Slowking
|-damage|p2a: Slowking|56/100
|move|p2a: Slowking|Sludge Bomb|p1a: Hatterene
|-supereffective|p1a: Hatterene
|-damage|p1a: Hatterene|0 fnt
|faint|p1a: Hatterene
|
|upkeep
|
|t:|1780928435
|switch|p1a: Iron Crown|Iron Crown|100/100
|turn|9
|
|t:|1780928439
|move|p2a: Slowking|Thunder Wave|p1a: Iron Crown
|-status|p1a: Iron Crown|par
|move|p1a: Iron Crown|Agility|p1a: Iron Crown
|-boost|p1a: Iron Crown|spe|2
|
|-fieldend|move: Trick Room
|upkeep
|turn|10
|
|t:|1780928444
|move|p1a: Iron Crown|Agility|p1a: Iron Crown
|-boost|p1a: Iron Crown|spe|2
|-prepare|p2a: Slowking|Chilly Reception|[premajor]
|move|p2a: Slowking|Chilly Reception|p2a: Slowking
|-weather|Snowscape
|
|t:|1780928446
|switch|p2a: Meowscarada|Meowscarada, F|100/100|[from] Chilly Reception
|
|-weather|Snowscape|[upkeep]
|upkeep
|turn|11
|
|t:|1780928455
|-terastallize|p1a: Iron Crown|Steel
|move|p2a: Meowscarada|Knock Off|p1a: Iron Crown
|-start|p2a: Meowscarada|typechange|Dark|[from] ability: Protean
|-damage|p1a: Iron Crown|66/100 par
|-enditem|p1a: Iron Crown|Weakness Policy|[from] move: Knock Off|[of] p2a: Meowscarada
|move|p1a: Iron Crown|Tachyon Cutter|p2a: Meowscarada
|-damage|p2a: Meowscarada|55/100
|-damage|p2a: Meowscarada|10/100
|-hitcount|p2a: Meowscarada|2
|
|-weather|Snowscape|[upkeep]
|upkeep
|turn|12
|
|t:|1780928466
|move|p2a: Meowscarada|Knock Off|p1a: Iron Crown
|-damage|p1a: Iron Crown|38/100 par
|move|p1a: Iron Crown|Tachyon Cutter|p2a: Meowscarada
|-damage|p2a: Meowscarada|0 fnt
|faint|p2a: Meowscarada
|-hitcount|p2: Meowscarada|1
|
|-weather|Snowscape|[upkeep]
|upkeep
|
|t:|1780928468
|switch|p2a: Gardevoir|Gardevoir, M, shiny|100/100
|turn|13
|
|t:|1780928472
|move|p2a: Gardevoir|Vacuum Wave|p1a: Iron Crown
|-supereffective|p1a: Iron Crown
|-damage|p1a: Iron Crown|3/100 par
|move|p1a: Iron Crown|Tachyon Cutter|p2a: Gardevoir
|-supereffective|p2a: Gardevoir
|-damage|p2a: Gardevoir|38/100
|-supereffective|p2a: Gardevoir
|-damage|p2a: Gardevoir|0 fnt
|faint|p2a: Gardevoir
|-hitcount|p2: Gardevoir|2
|
|-weather|Snowscape|[upkeep]
|upkeep
|
|t:|1780928479
|switch|p2a: Primarina|Primarina, M, shiny|100/100
|turn|14
|j| testingrainteam1
|
|t:|1780928494
|move|p1a: Iron Crown|Calm Mind|p1a: Iron Crown
|-boost|p1a: Iron Crown|spa|1
|-boost|p1a: Iron Crown|spd|1
|move|p2a: Primarina|Draining Kiss|p1a: Iron Crown
|-resisted|p1a: Iron Crown
|-damage|p1a: Iron Crown|0 fnt
|faint|p1a: Iron Crown
|-end|p1a: Iron Crown|Quark Drive|[silent]
|
|-weather|none
|upkeep
|
|t:|1780928497
|switch|p1a: Ninetales|Ninetales-Alola, F|100/100
|-weather|Snowscape|[from] ability: Snow Warning|[of] p1a: Ninetales
|turn|15
|
|t:|1780928501
|move|p1a: Ninetales|Freeze-Dry|p2a: Primarina
|-supereffective|p2a: Primarina
|-damage|p2a: Primarina|54/100
|move|p2a: Primarina|Encore|p1a: Ninetales
|-start|p1a: Ninetales|Encore
|
|-weather|Snowscape|[upkeep]
|-heal|p2a: Primarina|60/100|[from] item: Leftovers
|upkeep
|turn|16
|
|t:|1780928504
|switch|p2a: Slowking|Slowking-Galar, M|89/100
|move|p1a: Ninetales|Freeze-Dry|p2a: Slowking
|-damage|p2a: Slowking|71/100
|
|-weather|Snowscape|[upkeep]
|upkeep
|turn|17
|
|t:|1780928509
|switch|p1a: Alomomola|Alomomola, F|100/100
|move|p2a: Slowking|Future Sight|p1a: Alomomola
|-start|p2a: Slowking|move: Future Sight
|
|-weather|Snowscape|[upkeep]
|upkeep
|turn|18
|
|t:|1780928519
|move|p1a: Alomomola|Flip Turn|p2a: Slowking
|-damage|p2a: Slowking|31/100
|
|t:|1780928522
|switch|p1a: Ninetales|Ninetales-Alola, F|100/100|[from] Flip Turn
|move|p2a: Slowking|Sludge Bomb|p1a: Ninetales
|-supereffective|p1a: Ninetales
|-damage|p1a: Ninetales|16/100
|
|-weather|Snowscape|[upkeep]
|upkeep
|turn|19
|
|t:|1780928528
|move|p1a: Ninetales|Blizzard|p2a: Slowking
|-damage|p2a: Slowking|3/100
|-prepare|p2a: Slowking|Chilly Reception|[premajor]
|move|p2a: Slowking|Chilly Reception|p2a: Slowking
|
|t:|1780928532
|switch|p2a: Primarina|Primarina, M, shiny|60/100|[from] Chilly Reception
|
|-weather|none
|-end|p1a: Ninetales|move: Future Sight
|-damage|p1a: Ninetales|0 fnt
|faint|p1a: Ninetales
|-heal|p2a: Primarina|66/100|[from] item: Leftovers
|upkeep
|
|t:|1780928543
|switch|p1a: Corviknight|Corviknight, F|100/100
|-ability|p1a: Corviknight|Pressure
|turn|20
|
|t:|1780928553
|move|p1a: Corviknight|Agility|p1a: Corviknight
|-boost|p1a: Corviknight|spe|2
|move|p2a: Primarina|Calm Mind|p2a: Primarina
|-boost|p2a: Primarina|spa|1
|-boost|p2a: Primarina|spd|1
|
|-heal|p2a: Primarina|72/100|[from] item: Leftovers
|upkeep
|turn|21
|
|t:|1780928556
|move|p1a: Corviknight|Bulk Up|p1a: Corviknight
|-boost|p1a: Corviknight|atk|1
|-boost|p1a: Corviknight|def|1
|move|p2a: Primarina|Encore|p1a: Corviknight
|-start|p1a: Corviknight|Encore
|
|-heal|p2a: Primarina|78/100|[from] item: Leftovers
|upkeep
|turn|22
|
|t:|1780928558
|move|p1a: Corviknight|Bulk Up|p1a: Corviknight
|-boost|p1a: Corviknight|atk|1
|-boost|p1a: Corviknight|def|1
|move|p2a: Primarina|Psychic Noise|p1a: Corviknight
|-damage|p1a: Corviknight|68/100
|-start|p1a: Corviknight|move: Heal Block
|
|-heal|p2a: Primarina|84/100|[from] item: Leftovers
|upkeep
|turn|23
|
|t:|1780928563
|move|p1a: Corviknight|Bulk Up|p1a: Corviknight
|-boost|p1a: Corviknight|atk|1
|-boost|p1a: Corviknight|def|1
|move|p2a: Primarina|Psychic Noise|p1a: Corviknight
|-damage|p1a: Corviknight|35/100
|
|-heal|p2a: Primarina|90/100|[from] item: Leftovers
|-end|p1a: Corviknight|move: Heal Block
|upkeep
|turn|24
|
|t:|1780928567
|move|p1a: Corviknight|Bulk Up|p1a: Corviknight
|-boost|p1a: Corviknight|atk|1
|-boost|p1a: Corviknight|def|1
|move|p2a: Primarina|Psychic Noise|p1a: Corviknight
|-damage|p1a: Corviknight|2/100
|-start|p1a: Corviknight|move: Heal Block
|
|-heal|p2a: Primarina|96/100|[from] item: Leftovers
|-end|p1a: Corviknight|Encore
|upkeep
|turn|25
|
|t:|1780928570
|move|p1a: Corviknight|Power Trip|p2a: Primarina
|-resisted|p2a: Primarina
|-damage|p2a: Primarina|31/100
|move|p2a: Primarina|Psychic Noise|p1a: Corviknight
|-damage|p1a: Corviknight|0 fnt
|faint|p1a: Corviknight
|
|-heal|p2a: Primarina|37/100|[from] item: Leftovers
|upkeep
|
|t:|1780928573
|switch|p1a: Alomomola|Alomomola, F|100/100
|turn|26
|
|t:|1780928583
|move|p2a: Primarina|Calm Mind|p2a: Primarina
|-boost|p2a: Primarina|spa|1
|-boost|p2a: Primarina|spd|1
|move|p1a: Alomomola|Flip Turn|p2a: Primarina
|-resisted|p2a: Primarina
|-damage|p2a: Primarina|20/100
|
|-heal|p2a: Primarina|26/100|[from] item: Leftovers
|upkeep
|turn|27
|
|t:|1780928586
|move|p2a: Primarina|Draining Kiss|p1a: Alomomola
|-damage|p1a: Alomomola|60/100
|-heal|p2a: Primarina|65/100|[from] drain|[of] p1a: Alomomola
|move|p1a: Alomomola|Flip Turn|p2a: Primarina
|-resisted|p2a: Primarina
|-damage|p2a: Primarina|49/100
|
|-heal|p2a: Primarina|55/100|[from] item: Leftovers
|upkeep
|turn|28
|
|t:|1780928589
|move|p2a: Primarina|Draining Kiss|p1a: Alomomola
|-damage|p1a: Alomomola|19/100
|-heal|p2a: Primarina|95/100|[from] drain|[of] p1a: Alomomola
|move|p1a: Alomomola|Flip Turn|p2a: Primarina
|-resisted|p2a: Primarina
|-damage|p2a: Primarina|80/100
|
|-heal|p2a: Primarina|86/100|[from] item: Leftovers
|upkeep
|turn|29
|
|t:|1780928591
|move|p2a: Primarina|Draining Kiss|p1a: Alomomola
|-damage|p1a: Alomomola|0 fnt
|-heal|p2a: Primarina|100/100|[from] drain|[of] p1a: Alomomola
|faint|p1a: Alomomola
|
|win|cachowcapow
|raw|ChessDennis's rating: 1546 &rarr; <strong>1531</strong><br />(-15 for losing)
|raw|cachowcapow's rating: 1635 &rarr; <strong>1650</strong><br />(+15 for winning)
|c|☆cachowcapow|gg
|l|☆ChessDennis
|player|p1|
|l|☆cachowcapow
|player|p2|
|l| testingrainteam1
