|j|☆lklowxhn
|j|☆RagingSquirtleXD
|t:|1781360130
|gametype|singles
|player|p1|lklowxhn|miku-ghost|1641
|player|p2|RagingSquirtleXD|pokemonbreederf-gen4|1630
|gen|9
|tier|[Gen 9] OU
|rated|
|rule|HP Percentage Mod: HP is shown in percentages
|rule|Endless Battle Clause: Forcing endless battles is banned
|rule|Species Clause: Limit one of each Pokémon
|rule|OHKO Clause: OHKO moves are banned
|rule|Evasion Items Clause: Evasion items are banned
|rule|Evasion Moves Clause: Evasion moves are banned
|rule|Evasion Abilities Clause: Evasion abilities are banned
|rule|Sleep Moves Clause: Sleep-inducing moves are banned
|clearpoke
|poke|p1|Serperior, M|
|poke|p1|Slowbro, F|
|poke|p1|Fezandipiti, M|
|poke|p1|Great Tusk|
|poke|p1|Heatran, M|
|poke|p1|Tornadus-Therian, M|
|poke|p2|Kyurem|
|poke|p2|Rillaboom, M|
|poke|p2|Garganacl, F|
|poke|p2|Pecharunt|
|poke|p2|Iron Treads|
|poke|p2|Zamazenta-*|
|teampreview
|inactive|Battle timer is ON: inactive players will automatically lose when time's up. (requested by lklowxhn)
|
|t:|1781360141
|teamsize|p1|6
|teamsize|p2|6
|start
|switch|p1a: 小树林|Slowbro, F|100/100
|switch|p2a: Kyurem|Kyurem|100/100
|-ability|p2a: Kyurem|Pressure
|turn|1
|
|t:|1781360146
|switch|p1a: Fezandipiti|Fezandipiti, M|100/100
|move|p2a: Kyurem|Substitute|p2a: Kyurem
|-start|p2a: Kyurem|Substitute
|-damage|p2a: Kyurem|76/100
|
|-heal|p2a: Kyurem|82/100|[from] item: Leftovers
|upkeep
|turn|2
|
|t:|1781360150
|move|p2a: Kyurem|Protect|p2a: Kyurem
|-singleturn|p2a: Kyurem|Protect
|move|p1a: Fezandipiti|Moonblast|p2a: Kyurem
|-activate|p2a: Kyurem|move: Protect
|
|-heal|p2a: Kyurem|88/100|[from] item: Leftovers
|upkeep
|turn|3
|
|t:|1781360152
|move|p2a: Kyurem|Earth Power|p1a: Fezandipiti
|-supereffective|p1a: Fezandipiti
|-damage|p1a: Fezandipiti|67/100
|move|p1a: Fezandipiti|Moonblast|p2a: Kyurem
|-supereffective|p2a: Kyurem
|-end|p2a: Kyurem|Substitute
|
|-heal|p2a: Kyurem|94/100|[from] item: Leftovers
|-heal|p1a: Fezandipiti|73/100|[from] item: Leftovers
|upkeep
|turn|4
|
|t:|1781360156
|move|p2a: Kyurem|Protect|p2a: Kyurem
|-singleturn|p2a: Kyurem|Protect
|move|p1a: Fezandipiti|Moonblast|p2a: Kyurem
|-activate|p2a: Kyurem|move: Protect
|
|-heal|p2a: Kyurem|99/100|[from] item: Leftovers
|-heal|p1a: Fezandipiti|79/100|[from] item: Leftovers
|upkeep
|turn|5
|
|t:|1781360162
|switch|p2a: Garganacl|Garganacl, F|100/100
|move|p1a: Fezandipiti|Moonblast|p2a: Garganacl
|-damage|p2a: Garganacl|83/100
|-unboost|p2a: Garganacl|spa|1
|
|-heal|p1a: Fezandipiti|85/100|[from] item: Leftovers
|-heal|p2a: Garganacl|90/100|[from] item: Leftovers
|upkeep
|turn|6
|
|t:|1781360165
|move|p1a: Fezandipiti|U-turn|p2a: Garganacl
|-damage|p2a: Garganacl|79/100
|
|t:|1781360169
|switch|p1a: Great Tusk|Great Tusk|100/100|[from] U-turn
|-enditem|p1a: Great Tusk|Booster Energy
|-activate|p1a: Great Tusk|ability: Protosynthesis|[fromitem]
|-start|p1a: Great Tusk|protosynthesisatk
|move|p2a: Garganacl|Salt Cure|p1a: Great Tusk
|-resisted|p1a: Great Tusk
|-damage|p1a: Great Tusk|98/100
|-start|p1a: Great Tusk|Salt Cure
|
|-heal|p2a: Garganacl|85/100|[from] item: Leftovers
|-damage|p1a: Great Tusk|86/100|[from] Salt Cure
|upkeep
|turn|7
|
|t:|1781360175
|switch|p2a: Pecharunt|Pecharunt|100/100
|move|p1a: Great Tusk|Headlong Rush|p2a: Pecharunt
|-supereffective|p2a: Pecharunt
|-damage|p2a: Pecharunt|0 fnt
|-unboost|p1a: Great Tusk|def|1
|-unboost|p1a: Great Tusk|spd|1
|faint|p2a: Pecharunt
|
|-damage|p1a: Great Tusk|73/100|[from] Salt Cure
|upkeep
|
|t:|1781360178
|switch|p2a: Kyurem|Kyurem|99/100
|-ability|p2a: Kyurem|Pressure
|turn|8
|
|t:|1781360184
|move|p2a: Kyurem|Substitute|p2a: Kyurem
|-start|p2a: Kyurem|Substitute
|-damage|p2a: Kyurem|75/100
|move|p1a: Great Tusk|Close Combat|p2a: Kyurem
|-supereffective|p2a: Kyurem
|-end|p2a: Kyurem|Substitute
|-unboost|p1a: Great Tusk|def|1
|-unboost|p1a: Great Tusk|spd|1
|
|-heal|p2a: Kyurem|81/100|[from] item: Leftovers
|-damage|p1a: Great Tusk|61/100|[from] Salt Cure
|upkeep
|turn|9
|
|t:|1781360188
|-end|p1a: Great Tusk|Protosynthesis|[silent]
|switch|p1a: Fezandipiti|Fezandipiti, M|85/100
|move|p2a: Kyurem|Freeze-Dry|p1a: Fezandipiti
|-damage|p1a: Fezandipiti|65/100
|
|-heal|p2a: Kyurem|88/100|[from] item: Leftovers
|-heal|p1a: Fezandipiti|71/100|[from] item: Leftovers
|upkeep
|turn|10
|
|t:|1781360192
|move|p2a: Kyurem|Protect|p2a: Kyurem
|-singleturn|p2a: Kyurem|Protect
|move|p1a: Fezandipiti|Moonblast|p2a: Kyurem
|-activate|p2a: Kyurem|move: Protect
|
|-heal|p2a: Kyurem|94/100|[from] item: Leftovers
|-heal|p1a: Fezandipiti|77/100|[from] item: Leftovers
|upkeep
|turn|11
|
|t:|1781360196
|switch|p2a: Garganacl|Garganacl, F|85/100
|move|p1a: Fezandipiti|U-turn|p2a: Garganacl
|-damage|p2a: Garganacl|76/100
|
|t:|1781360199
|switch|p1a: Serperior|Serperior, M|100/100|[from] U-turn
|
|-heal|p2a: Garganacl|82/100|[from] item: Leftovers
|upkeep
|turn|12
|
|t:|1781360205
|switch|p2a: Iron Treads|Iron Treads|100/100
|move|p1a: Serperior|Substitute|p1a: Serperior
|-start|p1a: Serperior|Substitute
|-damage|p1a: Serperior|75/100
|
|-heal|p1a: Serperior|82/100|[from] item: Leftovers
|upkeep
|turn|13
|
|t:|1781360212
|move|p1a: Serperior|Leaf Storm|p2a: Iron Treads|[miss]
|-miss|p1a: Serperior|p2a: Iron Treads
|move|p2a: Iron Treads|Ice Spinner|p1a: Serperior
|-supereffective|p1a: Serperior
|-end|p1a: Serperior|Substitute
|
|-heal|p1a: Serperior|88/100|[from] item: Leftovers
|upkeep
|turn|14
|
|t:|1781360216
|switch|p1a: 小树林|Slowbro, F|100/100
|move|p2a: Iron Treads|Knock Off|p1a: 小树林
|-supereffective|p1a: 小树林
|-enditem|p1a: 小树林|Colbur Berry|[eat]
|-enditem|p1a: 小树林|Colbur Berry|[weaken]
|-damage|p1a: 小树林|83/100
|
|upkeep
|turn|15
|
|t:|1781360222
|-end|p2a: Iron Treads|Quark Drive|[silent]
|switch|p2a: Rillaboom|Rillaboom, M|100/100
|-fieldstart|move: Grassy Terrain|[from] ability: Grassy Surge|[of] p2a: Rillaboom
|move|p1a: 小树林|Body Press|p2a: Rillaboom
|-damage|p2a: Rillaboom|71/100
|
|-heal|p2a: Rillaboom|78/100|[from] Grassy Terrain
|-heal|p1a: 小树林|89/100|[from] Grassy Terrain
|upkeep
|turn|16
|
|t:|1781360227
|switch|p1a: Tornadus|Tornadus-Therian, M|100/100
|move|p2a: Rillaboom|Knock Off|p1a: Tornadus
|-damage|p1a: Tornadus|21/100
|-enditem|p1a: Tornadus|Heavy-Duty Boots|[from] move: Knock Off|[of] p2a: Rillaboom
|
|-heal|p2a: Rillaboom|84/100|[from] Grassy Terrain
|upkeep
|turn|17
|
|t:|1781360236
|switch|p1a: Great Tusk|Great Tusk|61/100
|switch|p2a: Garganacl|Garganacl, F|82/100
|
|-heal|p1a: Great Tusk|67/100|[from] Grassy Terrain
|-heal|p2a: Garganacl|89/100|[from] Grassy Terrain
|-heal|p2a: Garganacl|95/100|[from] item: Leftovers
|upkeep
|turn|18
|
|t:|1781360243
|switch|p2a: Kyurem|Kyurem|94/100
|-ability|p2a: Kyurem|Pressure
|move|p1a: Great Tusk|Headlong Rush|p2a: Kyurem
|-damage|p2a: Kyurem|40/100
|-unboost|p1a: Great Tusk|def|1
|-unboost|p1a: Great Tusk|spd|1
|
|-heal|p2a: Kyurem|47/100|[from] Grassy Terrain
|-heal|p2a: Kyurem|53/100|[from] item: Leftovers
|-heal|p1a: Great Tusk|73/100|[from] Grassy Terrain
|upkeep
|turn|19
|
|t:|1781360259
|-end|p1a: Great Tusk|Protosynthesis|[silent]
|switch|p1a: Fezandipiti|Fezandipiti, M|77/100
|move|p2a: Kyurem|Freeze-Dry|p1a: Fezandipiti
|-damage|p1a: Fezandipiti|57/100
|
|-heal|p2a: Kyurem|59/100|[from] Grassy Terrain
|-heal|p2a: Kyurem|65/100|[from] item: Leftovers
|-heal|p1a: Fezandipiti|63/100|[from] Grassy Terrain
|-heal|p1a: Fezandipiti|69/100|[from] item: Leftovers
|-fieldend|move: Grassy Terrain
|upkeep
|turn|20
|
|t:|1781360263
|move|p2a: Kyurem|Protect|p2a: Kyurem
|-singleturn|p2a: Kyurem|Protect
|move|p1a: Fezandipiti|Moonblast|p2a: Kyurem
|-activate|p2a: Kyurem|move: Protect
|
|-heal|p2a: Kyurem|71/100|[from] item: Leftovers
|-heal|p1a: Fezandipiti|75/100|[from] item: Leftovers
|upkeep
|turn|21
|
|t:|1781360266
|switch|p2a: Garganacl|Garganacl, F|95/100
|move|p1a: Fezandipiti|Moonblast|p2a: Garganacl
|-damage|p2a: Garganacl|78/100
|-unboost|p2a: Garganacl|spa|1
|
|-heal|p1a: Fezandipiti|82/100|[from] item: Leftovers
|-heal|p2a: Garganacl|84/100|[from] item: Leftovers
|upkeep
|turn|22
|
|t:|1781360272
|switch|p1a: Great Tusk|Great Tusk|73/100
|move|p2a: Garganacl|Salt Cure|p1a: Great Tusk
|-resisted|p1a: Great Tusk
|-damage|p1a: Great Tusk|71/100
|-start|p1a: Great Tusk|Salt Cure
|
|-heal|p2a: Garganacl|90/100|[from] item: Leftovers
|-damage|p1a: Great Tusk|58/100|[from] Salt Cure
|upkeep
|turn|23
|
|t:|1781360278
|move|p2a: Garganacl|Protect|p2a: Garganacl
|-singleturn|p2a: Garganacl|Protect
|move|p1a: Great Tusk|Close Combat|p2a: Garganacl
|-activate|p2a: Garganacl|move: Protect
|
|-heal|p2a: Garganacl|96/100|[from] item: Leftovers
|-damage|p1a: Great Tusk|46/100|[from] Salt Cure
|upkeep
|turn|24
|
|t:|1781360290
|switch|p2a: Zamazenta|Zamazenta|100/100
|-ability|p2a: Zamazenta|Dauntless Shield|boost
|-boost|p2a: Zamazenta|def|1
|move|p1a: Great Tusk|Close Combat|p2a: Zamazenta
|-damage|p2a: Zamazenta|70/100
|-unboost|p1a: Great Tusk|def|1
|-unboost|p1a: Great Tusk|spd|1
|
|-heal|p2a: Zamazenta|76/100|[from] item: Leftovers
|-damage|p1a: Great Tusk|34/100|[from] Salt Cure
|upkeep
|turn|25
|
|t:|1781360298
|switch|p2a: Garganacl|Garganacl, F|96/100
|-end|p1a: Great Tusk|Protosynthesis|[silent]
|switch|p1a: 小树林|Slowbro, F|100/100
|
|-heal|p2a: Garganacl|100/100|[from] item: Leftovers
|upkeep
|turn|26
|
|t:|1781360303
|switch|p1a: Serperior|Serperior, M|88/100
|move|p2a: Garganacl|Stealth Rock|p1a: Serperior
|-sidestart|p1: lklowxhn|move: Stealth Rock
|
|-heal|p1a: Serperior|94/100|[from] item: Leftovers
|upkeep
|turn|27
|
|t:|1781360307
|switch|p2a: Iron Treads|Iron Treads|100/100
|move|p1a: Serperior|Substitute|p1a: Serperior
|-start|p1a: Serperior|Substitute
|-damage|p1a: Serperior|69/100
|
|-heal|p1a: Serperior|75/100|[from] item: Leftovers
|upkeep
|turn|28
|
|t:|1781360312
|move|p1a: Serperior|Leaf Storm|p2a: Iron Treads|[miss]
|-miss|p1a: Serperior|p2a: Iron Treads
|move|p2a: Iron Treads|Ice Spinner|p1a: Serperior
|-supereffective|p1a: Serperior
|-end|p1a: Serperior|Substitute
|
|-heal|p1a: Serperior|81/100|[from] item: Leftovers
|upkeep
|turn|29
|
|t:|1781360319
|switch|p1a: 小树林|Slowbro, F|100/100
|-damage|p1a: 小树林|88/100|[from] Stealth Rock
|move|p2a: Iron Treads|Knock Off|p1a: 小树林
|-supereffective|p1a: 小树林
|-damage|p1a: 小树林|66/100
|
|upkeep
|turn|30
|
|t:|1781360328
|-end|p2a: Iron Treads|Quark Drive|[silent]
|switch|p2a: Garganacl|Garganacl, F|100/100
|move|p1a: 小树林|Ice Beam|p2a: Garganacl
|-damage|p2a: Garganacl|85/100
|
|-heal|p2a: Garganacl|91/100|[from] item: Leftovers
|upkeep
|turn|31
|
|t:|1781360332
|switch|p1a: Great Tusk|Great Tusk|34/100
|-damage|p1a: Great Tusk|31/100|[from] Stealth Rock
|move|p2a: Garganacl|Salt Cure|p1a: Great Tusk
|-resisted|p1a: Great Tusk
|-damage|p1a: Great Tusk|28/100
|-start|p1a: Great Tusk|Salt Cure
|
|-heal|p2a: Garganacl|98/100|[from] item: Leftovers
|-damage|p1a: Great Tusk|16/100|[from] Salt Cure
|upkeep
|turn|32
|
|t:|1781360335
|move|p2a: Garganacl|Protect|p2a: Garganacl
|-singleturn|p2a: Garganacl|Protect
|move|p1a: Great Tusk|Close Combat|p2a: Garganacl
|-activate|p2a: Garganacl|move: Protect
|
|-heal|p2a: Garganacl|100/100|[from] item: Leftovers
|-damage|p1a: Great Tusk|3/100|[from] Salt Cure
|upkeep
|turn|33
|
|t:|1781360344
|move|p1a: Great Tusk|Close Combat|p2a: Garganacl
|-supereffective|p2a: Garganacl
|-damage|p2a: Garganacl|20/100
|-unboost|p1a: Great Tusk|def|1
|-unboost|p1a: Great Tusk|spd|1
|move|p2a: Garganacl|Stealth Rock||[still]
|-fail|p2a: Garganacl
|
|-heal|p2a: Garganacl|26/100|[from] item: Leftovers
|-damage|p1a: Great Tusk|0 fnt|[from] Salt Cure
|faint|p1a: Great Tusk
|-end|p1a: Great Tusk|Protosynthesis|[silent]
|upkeep
|
|t:|1781360351
|switch|p1a: Tornadus|Tornadus-Therian, M|54/100
|-damage|p1a: Tornadus|30/100|[from] Stealth Rock
|turn|34
|
|t:|1781360353
|move|p2a: Garganacl|Protect|p2a: Garganacl
|-singleturn|p2a: Garganacl|Protect
|move|p1a: Tornadus|Focus Blast|p2a: Garganacl
|-activate|p2a: Garganacl|move: Protect
|
|-heal|p2a: Garganacl|33/100|[from] item: Leftovers
|upkeep
|turn|35
|
|t:|1781360357
|switch|p2a: Rillaboom|Rillaboom, M|84/100
|-fieldstart|move: Grassy Terrain|[from] ability: Grassy Surge|[of] p2a: Rillaboom
|move|p1a: Tornadus|Focus Blast|p2a: Rillaboom
|-damage|p2a: Rillaboom|33/100
|
|-heal|p2a: Rillaboom|40/100|[from] Grassy Terrain
|upkeep
|turn|36
|j| MushTown
|
|t:|1781360364
|switch|p1a: Heatran|Heatran, M|100/100
|-damage|p1a: Heatran|88/100|[from] Stealth Rock
|move|p2a: Rillaboom|Grassy Glide|p1a: Heatran
|-resisted|p1a: Heatran
|-damage|p1a: Heatran|76/100
|
|-heal|p2a: Rillaboom|46/100|[from] Grassy Terrain
|-heal|p1a: Heatran|82/100|[from] Grassy Terrain
|-heal|p1a: Heatran|89/100|[from] item: Leftovers
|upkeep
|turn|37
|
|t:|1781360373
|switch|p2a: Kyurem|Kyurem|71/100
|-ability|p2a: Kyurem|Pressure
|move|p1a: Heatran|Magma Storm|p2a: Kyurem
|-damage|p2a: Kyurem|34/100
|-activate|p2a: Kyurem|move: Magma Storm|[of] p1a: Heatran
|
|-heal|p2a: Kyurem|40/100|[from] Grassy Terrain
|-heal|p2a: Kyurem|47/100|[from] item: Leftovers
|-heal|p1a: Heatran|95/100|[from] Grassy Terrain
|-heal|p1a: Heatran|100/100|[from] item: Leftovers
|-damage|p2a: Kyurem|34/100|[from] move: Magma Storm|[partiallytrapped]
|upkeep
|turn|38
|
|t:|1781360382
|switch|p1a: Fezandipiti|Fezandipiti, M|82/100
|-damage|p1a: Fezandipiti|69/100|[from] Stealth Rock
|move|p2a: Kyurem|Protect||[still]
|-fail|p2a: Kyurem
|
|-heal|p2a: Kyurem|40/100|[from] Grassy Terrain
|-heal|p2a: Kyurem|47/100|[from] item: Leftovers
|-heal|p1a: Fezandipiti|75/100|[from] Grassy Terrain
|-heal|p1a: Fezandipiti|81/100|[from] item: Leftovers
|-end|p2a: Kyurem|Magma Storm|[partiallytrapped]|[silent]
|upkeep
|turn|39
|
|t:|1781360388
|move|p2a: Kyurem|Protect|p2a: Kyurem
|-singleturn|p2a: Kyurem|Protect
|move|p1a: Fezandipiti|U-turn|p2a: Kyurem
|-activate|p2a: Kyurem|move: Protect
|
|-heal|p2a: Kyurem|53/100|[from] Grassy Terrain
|-heal|p2a: Kyurem|59/100|[from] item: Leftovers
|-heal|p1a: Fezandipiti|87/100|[from] Grassy Terrain
|-heal|p1a: Fezandipiti|93/100|[from] item: Leftovers
|-fieldend|move: Grassy Terrain
|upkeep
|turn|40
|
|t:|1781360391
|switch|p2a: Iron Treads|Iron Treads|100/100
|move|p1a: Fezandipiti|Moonblast|p2a: Iron Treads
|-resisted|p2a: Iron Treads
|-crit|p2a: Iron Treads
|-damage|p2a: Iron Treads|82/100
|
|-heal|p1a: Fezandipiti|99/100|[from] item: Leftovers
|upkeep
|turn|41
|
|t:|1781360396
|-end|p2a: Iron Treads|Quark Drive|[silent]
|switch|p2a: Rillaboom|Rillaboom, M|46/100
|-fieldstart|move: Grassy Terrain|[from] ability: Grassy Surge|[of] p2a: Rillaboom
|switch|p1a: 小树林|Slowbro, F|99/100
|-damage|p1a: 小树林|87/100|[from] Stealth Rock
|
|-heal|p2a: Rillaboom|52/100|[from] Grassy Terrain
|-heal|p1a: 小树林|93/100|[from] Grassy Terrain
|upkeep
|turn|42
|
|t:|1781360400
|-terastallize|p1a: 小树林|Fighting
|move|p2a: Rillaboom|Knock Off|p1a: 小树林
|-resisted|p1a: 小树林
|-damage|p1a: 小树林|82/100
|move|p1a: 小树林|Body Press|p2a: Rillaboom
|-damage|p2a: Rillaboom|8/100
|
|-heal|p2a: Rillaboom|15/100|[from] Grassy Terrain
|-heal|p1a: 小树林|88/100|[from] Grassy Terrain
|upkeep
|turn|43
|
|t:|1781360412
|switch|p2a: Zamazenta|Zamazenta|76/100
|move|p1a: 小树林|Future Sight|p2a: Zamazenta
|-start|p1a: 小树林|move: Future Sight
|
|-heal|p2a: Zamazenta|82/100|[from] Grassy Terrain
|-heal|p2a: Zamazenta|88/100|[from] item: Leftovers
|-heal|p1a: 小树林|94/100|[from] Grassy Terrain
|upkeep
|turn|44
|
|t:|1781360415
|move|p2a: Zamazenta|Iron Defense|p2a: Zamazenta
|-boost|p2a: Zamazenta|def|2
|move|p1a: 小树林|Body Press|p2a: Zamazenta
|-damage|p2a: Zamazenta|73/100
|
|-heal|p2a: Zamazenta|79/100|[from] Grassy Terrain
|-heal|p2a: Zamazenta|85/100|[from] item: Leftovers
|-heal|p1a: 小树林|100/100|[from] Grassy Terrain
|upkeep
|turn|45
|
|t:|1781360421
|-terastallize|p2a: Zamazenta|Fire
|move|p2a: Zamazenta|Iron Defense|p2a: Zamazenta
|-boost|p2a: Zamazenta|def|2
|move|p1a: 小树林|Body Press|p2a: Zamazenta
|-damage|p2a: Zamazenta|75/100
|
|-end|p2a: Zamazenta|move: Future Sight
|-damage|p2a: Zamazenta|40/100
|-heal|p2a: Zamazenta|46/100|[from] Grassy Terrain
|-heal|p2a: Zamazenta|52/100|[from] item: Leftovers
|-fieldend|move: Grassy Terrain
|upkeep
|turn|46
|
|t:|1781360425
|move|p2a: Zamazenta|Iron Defense|p2a: Zamazenta
|-boost|p2a: Zamazenta|def|2
|move|p1a: 小树林|Scald|p2a: Zamazenta
|-supereffective|p2a: Zamazenta
|-damage|p2a: Zamazenta|0 fnt
|faint|p2a: Zamazenta
|
|upkeep
|
|t:|1781360431
|switch|p2a: Rillaboom|Rillaboom, M|15/100
|-fieldstart|move: Grassy Terrain|[from] ability: Grassy Surge|[of] p2a: Rillaboom
|turn|47
|
|t:|1781360438
|move|p2a: Rillaboom|Wood Hammer|p1a: 小树林
|-damage|p1a: 小树林|22/100
|-damage|p2a: Rillaboom|0 fnt|[from] Recoil
|faint|p2a: Rillaboom
|move|p1a: 小树林|Body Press|p2: Rillaboom|[notarget]
|-fail|p1a: 小树林
|
|-heal|p1a: 小树林|28/100|[from] Grassy Terrain
|upkeep
|
|t:|1781360442
|switch|p2a: Kyurem|Kyurem|59/100
|-ability|p2a: Kyurem|Pressure
|turn|48
|l| MushTown
|
|t:|1781360448
|move|p2a: Kyurem|Substitute|p2a: Kyurem
|-start|p2a: Kyurem|Substitute
|-damage|p2a: Kyurem|34/100
|move|p1a: 小树林|Body Press|p2a: Kyurem
|-supereffective|p2a: Kyurem
|-end|p2a: Kyurem|Substitute
|
|-heal|p2a: Kyurem|40/100|[from] Grassy Terrain
|-heal|p2a: Kyurem|46/100|[from] item: Leftovers
|-heal|p1a: 小树林|34/100|[from] Grassy Terrain
|upkeep
|turn|49
|
|t:|1781360453
|move|p2a: Kyurem|Substitute|p2a: Kyurem
|-start|p2a: Kyurem|Substitute
|-damage|p2a: Kyurem|21/100
|move|p1a: 小树林|Body Press|p2a: Kyurem
|-supereffective|p2a: Kyurem
|-end|p2a: Kyurem|Substitute
|
|-heal|p2a: Kyurem|28/100|[from] Grassy Terrain
|-heal|p2a: Kyurem|34/100|[from] item: Leftovers
|-heal|p1a: 小树林|40/100|[from] Grassy Terrain
|upkeep
|turn|50
|
|t:|1781360455
|move|p2a: Kyurem|Protect|p2a: Kyurem
|-singleturn|p2a: Kyurem|Protect
|move|p1a: 小树林|Body Press|p2a: Kyurem
|-activate|p2a: Kyurem|move: Protect
|
|-heal|p2a: Kyurem|40/100|[from] Grassy Terrain
|-heal|p2a: Kyurem|46/100|[from] item: Leftovers
|-heal|p1a: 小树林|46/100|[from] Grassy Terrain
|upkeep
|turn|51
|
|t:|1781360458
|move|p2a: Kyurem|Freeze-Dry|p1a: 小树林
|-damage|p1a: 小树林|11/100
|move|p1a: 小树林|Body Press|p2a: Kyurem
|-supereffective|p2a: Kyurem
|-damage|p2a: Kyurem|0 fnt
|faint|p2a: Kyurem
|
|-heal|p1a: 小树林|17/100|[from] Grassy Terrain
|-fieldend|move: Grassy Terrain
|upkeep
|-message|RagingSquirtleXD forfeited.
|
|win|lklowxhn
|raw|lklowxhn's rating: 1641 &rarr; <strong>1660</strong><br />(+19 for winning)
|raw|RagingSquirtleXD's rating: 1630 &rarr; <strong>1611</strong><br />(-19 for losing)
|l|☆RagingSquirtleXD
|player|p2|
|l|☆lklowxhn
|player|p1|
