|j|☆roddyj
|j|☆my2005
|t:|1781333796
|gametype|singles
|player|p1|roddyj|ethan|1638
|player|p2|my2005|1|1669
|gen|9
|tier|[Gen 9] OU
|rated|
|rule|HP Percentage Mod: HP is shown in percentages
|rule|Endless Battle Clause: Forcing endless battles is banned
|rule|Species Clause: Limit one of each Pokémon
|rule|OHKO Clause: OHKO moves are banned
|rule|Evasion Items Clause: Evasion items are banned
|rule|Evasion Moves Clause: Evasion moves are banned
|rule|Evasion Abilities Clause: Evasion abilities are banned
|rule|Sleep Moves Clause: Sleep-inducing moves are banned
|clearpoke
|poke|p1|Kommo-o, F|
|poke|p1|Serperior, F|
|poke|p1|Ogerpon-Wellspring, F|
|poke|p1|Weezing-Galar, F|
|poke|p1|Incineroar, F|
|poke|p1|Iron Crown|
|poke|p2|Slowking-Galar, M|
|poke|p2|Whimsicott, F|
|poke|p2|Kyurem|
|poke|p2|Cinderace, M|
|poke|p2|Alomomola, F|
|poke|p2|Gliscor, F|
|teampreview
|j| testingrainteam1
|inactive|Battle timer is ON: inactive players will automatically lose when time's up. (requested by my2005)
|
|t:|1781333843
|teamsize|p1|6
|teamsize|p2|6
|start
|switch|p1a: Incineroar|Incineroar, F, shiny|100/100
|switch|p2a: Cinderace|Cinderace, M|100/100
|-ability|p1a: Incineroar|Intimidate|boost
|-unboost|p2a: Cinderace|atk|1
|turn|1
|
|t:|1781333847
|move|p2a: Cinderace|U-turn|p1a: Incineroar
|-start|p2a: Cinderace|typechange|Bug|[from] ability: Libero
|-damage|p1a: Incineroar|77/100
|
|t:|1781333852
|switch|p2a: Alomomola|Alomomola, F|100/100|[from] U-turn
|move|p1a: Incineroar|Knock Off|p2a: Alomomola
|-damage|p2a: Alomomola|80/100
|-damage|p1a: Incineroar|61/100|[from] item: Rocky Helmet|[of] p2a: Alomomola
|-enditem|p2a: Alomomola|Rocky Helmet|[from] move: Knock Off|[of] p1a: Incineroar
|
|upkeep
|turn|2
|
|t:|1781333857
|move|p2a: Alomomola|Wish|p2a: Alomomola
|move|p1a: Incineroar|Will-O-Wisp|p2a: Alomomola|[miss]
|-miss|p1a: Incineroar|p2a: Alomomola
|
|upkeep
|turn|3
|
|t:|1781333865
|move|p2a: Alomomola|Flip Turn|p1a: Incineroar
|-supereffective|p1a: Incineroar
|-damage|p1a: Incineroar|30/100
|
|t:|1781333880
|switch|p2a: Cinderace|Cinderace, M|100/100|[from] Flip Turn
|move|p1a: Incineroar|Knock Off|p2a: Cinderace
|-crit|p2a: Cinderace
|-damage|p2a: Cinderace|14/100
|-enditem|p2a: Cinderace|Heavy-Duty Boots|[from] move: Knock Off|[of] p1a: Incineroar
|
|-heal|p2a: Cinderace|100/100|[from] move: Wish|[wisher] Alomomola
|upkeep
|turn|4
|
|t:|1781333900
|move|p2a: Cinderace|U-turn|p1a: Incineroar
|-start|p2a: Cinderace|typechange|Bug|[from] ability: Libero
|-damage|p1a: Incineroar|0 fnt
|faint|p1a: Incineroar
|
|t:|1781333906
|switch|p2a: Gliscor|Gliscor, F|100/100|[from] U-turn
|
|-status|p2a: Gliscor|tox|[from] item: Toxic Orb
|upkeep
|inactive|roddyj has 120 seconds left.
|inactive|roddyj has 90 seconds left.
|inactive|roddyj has 60 seconds left.
|
|t:|1781333989
|switch|p1a: Ogerpon|Ogerpon-Wellspring, F|100/100
|turn|5
|
|t:|1781333999
|switch|p2a: Whimsicott|Whimsicott, F|100/100
|move|p1a: Ogerpon|Trailblaze|p2a: Whimsicott
|-resisted|p2a: Whimsicott
|-damage|p2a: Whimsicott|89/100
|-boost|p1a: Ogerpon|spe|1
|
|-heal|p2a: Whimsicott|95/100|[from] item: Leftovers
|upkeep
|turn|6
|
|t:|1781334013
|move|p2a: Whimsicott|Encore|p1a: Ogerpon
|-start|p1a: Ogerpon|Encore
|move|p1a: Ogerpon|Trailblaze|p2a: Whimsicott
|-resisted|p2a: Whimsicott
|-damage|p2a: Whimsicott|83/100
|-boost|p1a: Ogerpon|spe|1
|
|-heal|p2a: Whimsicott|89/100|[from] item: Leftovers
|upkeep
|turn|7
|
|t:|1781334021
|switch|p1a: Serperior|Serperior, F, shiny|100/100
|move|p2a: Whimsicott|U-turn|p1a: Serperior
|-supereffective|p1a: Serperior
|-damage|p1a: Serperior|75/100
|
|t:|1781334026
|switch|p2a: Cinderace|Cinderace, M|100/100|[from] U-turn
|
|-heal|p1a: Serperior|81/100|[from] item: Leftovers
|upkeep
|turn|8
|
|t:|1781334039
|switch|p1a: Weezing|Weezing-Galar, F, shiny|100/100
|move|p2a: Cinderace|Pyro Ball|p1a: Weezing
|-damage|p1a: Weezing|63/100
|
|-heal|p1a: Weezing|69/100|[from] item: Leftovers
|upkeep
|turn|9
|
|t:|1781334044
|switch|p1a: Serperior|Serperior, F, shiny|81/100
|move|p2a: Cinderace|U-turn|p1a: Serperior
|-start|p2a: Cinderace|typechange|Bug|[from] ability: Libero
|-supereffective|p1a: Serperior
|-damage|p1a: Serperior|15/100
|
|t:|1781334057
|switch|p2a: Gliscor|Gliscor, F|100/100 tox|[from] U-turn
|
|-heal|p1a: Serperior|21/100|[from] item: Leftovers
|upkeep
|turn|10
|
|t:|1781334061
|move|p1a: Serperior|Leech Seed|p2a: Gliscor
|-start|p2a: Gliscor|move: Leech Seed
|move|p2a: Gliscor|Facade|p1a: Serperior
|-damage|p1a: Serperior|0 fnt
|faint|p1a: Serperior
|
|upkeep
|
|t:|1781334066
|switch|p1a: Kommo-o|Kommo-o, F, shiny|100/100
|turn|11
|
|t:|1781334069
|switch|p2a: Whimsicott|Whimsicott, F|89/100
|move|p1a: Kommo-o|Clangorous Soul|p1a: Kommo-o
|-boost|p1a: Kommo-o|atk|1
|-boost|p1a: Kommo-o|def|1
|-boost|p1a: Kommo-o|spa|1
|-boost|p1a: Kommo-o|spd|1
|-boost|p1a: Kommo-o|spe|1
|-damage|p1a: Kommo-o|68/100
|-enditem|p1a: Kommo-o|Throat Spray
|-boost|p1a: Kommo-o|spa|1|[from] item: Throat Spray
|
|-heal|p2a: Whimsicott|95/100|[from] item: Leftovers
|upkeep
|turn|12
|inactive|roddyj has 120 seconds left.
|
|t:|1781334075
|switch|p1a: Weezing|Weezing-Galar, F, shiny|69/100
|move|p2a: Whimsicott|Encore||[still]
|-fail|p2a: Whimsicott
|
|-heal|p2a: Whimsicott|100/100|[from] item: Leftovers
|-heal|p1a: Weezing|75/100|[from] item: Leftovers
|upkeep
|turn|13
|
|t:|1781334080
|move|p2a: Whimsicott|U-turn|p1a: Weezing
|-resisted|p1a: Weezing
|-damage|p1a: Weezing|73/100
|
|t:|1781334101
|switch|p2a: Gliscor|Gliscor, F|100/100 tox|[from] U-turn
|move|p1a: Weezing|Strange Steam|p2a: Gliscor
|-damage|p2a: Gliscor|68/100 tox
|
|-heal|p1a: Weezing|79/100|[from] item: Leftovers
|-heal|p2a: Gliscor|80/100 tox|[from] ability: Poison Heal
|upkeep
|turn|14
|
|t:|1781334115
|move|p2a: Gliscor|Swords Dance|p2a: Gliscor
|-boost|p2a: Gliscor|atk|2
|move|p1a: Weezing|Acid Spray|p2a: Gliscor
|-resisted|p2a: Gliscor
|-damage|p2a: Gliscor|73/100 tox
|-unboost|p2a: Gliscor|spd|2
|
|-heal|p1a: Weezing|85/100|[from] item: Leftovers
|-heal|p2a: Gliscor|86/100 tox|[from] ability: Poison Heal
|upkeep
|turn|15
|l| testingrainteam1
|
|t:|1781334126
|-terastallize|p2a: Gliscor|Normal
|move|p2a: Gliscor|Facade|p1a: Weezing
|-damage|p1a: Weezing|20/100
|move|p1a: Weezing|Strange Steam|p2a: Gliscor
|-damage|p2a: Gliscor|20/100 tox
|
|-heal|p1a: Weezing|26/100|[from] item: Leftovers
|-heal|p2a: Gliscor|32/100 tox|[from] ability: Poison Heal
|upkeep
|turn|16
|
|t:|1781334134
|move|p2a: Gliscor|Facade|p1a: Weezing
|-damage|p1a: Weezing|0 fnt
|faint|p1a: Weezing
|
|-heal|p2a: Gliscor|44/100 tox|[from] ability: Poison Heal
|upkeep
|
|t:|1781334137
|switch|p1a: Iron Crown|Iron Crown|100/100
|turn|17
|
|t:|1781334142
|switch|p2a: Slowking|Slowking-Galar, M|100/100
|move|p1a: Iron Crown|Tachyon Cutter|p2a: Slowking
|-damage|p2a: Slowking|89/100
|-crit|p2a: Slowking
|-damage|p2a: Slowking|72/100
|-hitcount|p2a: Slowking|2
|
|upkeep
|turn|18
|
|t:|1781334150
|-end|p1a: Iron Crown|Quark Drive|[silent]
|switch|p1a: Kommo-o|Kommo-o, F, shiny|68/100
|move|p2a: Slowking|Flamethrower|p1a: Kommo-o
|-resisted|p1a: Kommo-o
|-damage|p1a: Kommo-o|54/100
|
|upkeep
|turn|19
|
|t:|1781334163
|switch|p2a: Alomomola|Alomomola, F|100/100
|move|p1a: Kommo-o|Boomburst|p2a: Alomomola
|-damage|p2a: Alomomola|62/100
|
|upkeep
|turn|20
|
|t:|1781334168
|move|p1a: Kommo-o|Clanging Scales|p2a: Alomomola
|-damage|p2a: Alomomola|19/100
|-unboost|p1a: Kommo-o|def|1
|move|p2a: Alomomola|Flip Turn|p1a: Kommo-o
|-resisted|p1a: Kommo-o
|-damage|p1a: Kommo-o|44/100
|
|t:|1781334176
|switch|p2a: Gliscor|Gliscor, F, tera:Normal|44/100 tox|[from] Flip Turn
|
|-heal|p2a: Gliscor|56/100 tox|[from] ability: Poison Heal
|upkeep
|turn|21
|
|t:|1781334179
|move|p2a: Gliscor|Facade|p1a: Kommo-o
|-damage|p1a: Kommo-o|0 fnt
|faint|p1a: Kommo-o
|
|-heal|p2a: Gliscor|69/100 tox|[from] ability: Poison Heal
|upkeep
|
|t:|1781334183
|switch|p1a: Ogerpon|Ogerpon-Wellspring, F|100/100
|turn|22
|
|t:|1781334186
|switch|p2a: Whimsicott|Whimsicott, F|100/100
|move|p1a: Ogerpon|Ivy Cudgel|p2a: Whimsicott|[anim] Ivy Cudgel Water
|-resisted|p2a: Whimsicott
|-damage|p2a: Whimsicott|77/100
|
|-heal|p2a: Whimsicott|83/100|[from] item: Leftovers
|upkeep
|turn|23
|
|t:|1781334190
|move|p1a: Ogerpon|Swords Dance|p1a: Ogerpon
|-boost|p1a: Ogerpon|atk|2
|move|p2a: Whimsicott|U-turn|p1a: Ogerpon
|-supereffective|p1a: Ogerpon
|-damage|p1a: Ogerpon|71/100
|
|t:|1781334194
|switch|p2a: Cinderace|Cinderace, M|100/100|[from] U-turn
|
|upkeep
|turn|24
|
|t:|1781334203
|move|p2a: Cinderace|U-turn|p1a: Ogerpon
|-start|p2a: Cinderace|typechange|Bug|[from] ability: Libero
|-supereffective|p1a: Ogerpon
|-damage|p1a: Ogerpon|0 fnt
|faint|p1a: Ogerpon
|
|t:|1781334213
|switch|p2a: Gliscor|Gliscor, F, tera:Normal|69/100 tox|[from] U-turn
|
|-heal|p2a: Gliscor|81/100 tox|[from] ability: Poison Heal
|upkeep
|
|t:|1781334233
|switch|p1a: Iron Crown|Iron Crown|100/100
|turn|25
|
|t:|1781334236
|move|p1a: Iron Crown|Agility|p1a: Iron Crown
|-boost|p1a: Iron Crown|spe|2
|move|p2a: Gliscor|Earthquake|p1a: Iron Crown
|-supereffective|p1a: Iron Crown
|-damage|p1a: Iron Crown|33/100
|-enditem|p1a: Iron Crown|Weakness Policy
|-boost|p1a: Iron Crown|atk|2|[from] item: Weakness Policy
|-boost|p1a: Iron Crown|spa|2|[from] item: Weakness Policy
|
|-heal|p2a: Gliscor|93/100 tox|[from] ability: Poison Heal
|upkeep
|turn|26
|
|t:|1781334243
|move|p1a: Iron Crown|Stored Power|p2a: Gliscor
|-damage|p2a: Gliscor|0 fnt
|faint|p2a: Gliscor
|
|upkeep
|
|t:|1781334246
|switch|p2a: Slowking|Slowking-Galar, M|100/100
|turn|27
|
|t:|1781334250
|-terastallize|p1a: Iron Crown|Ground
|move|p1a: Iron Crown|Stored Power|p2a: Slowking
|-damage|p2a: Slowking|38/100
|move|p2a: Slowking|Flamethrower|p1a: Iron Crown
|-damage|p1a: Iron Crown|9/100
|
|upkeep
|turn|28
|
|t:|1781334256
|switch|p2a: Whimsicott|Whimsicott, F|83/100
|move|p1a: Iron Crown|Stored Power|p2a: Whimsicott
|-damage|p2a: Whimsicott|0 fnt
|faint|p2a: Whimsicott
|
|upkeep
|
|t:|1781334260
|switch|p2a: Cinderace|Cinderace, M|100/100
|turn|29
|
|t:|1781334263
|move|p2a: Cinderace|Sucker Punch|p1a: Iron Crown
|-start|p2a: Cinderace|typechange|Dark|[from] ability: Libero
|-damage|p1a: Iron Crown|0 fnt
|faint|p1a: Iron Crown
|-end|p1a: Iron Crown|Quark Drive|[silent]
|
|win|my2005
|raw|roddyj's rating: 1638 &rarr; <strong>1620</strong><br />(-18 for losing)
|raw|my2005's rating: 1669 &rarr; <strong>1687</strong><br />(+18 for winning)
|l|☆roddyj
|player|p1|
|l|☆my2005
|player|p2|
