|j|☆shockmoth
|j|☆lord shiddenfards
|t:|1781245279
|gametype|singles
|player|p1|shockmoth|169|1697
|player|p2|lord shiddenfards|blaine|1668
|gen|9
|tier|[Gen 9] OU
|rated|
|rule|HP Percentage Mod: HP is shown in percentages
|rule|Endless Battle Clause: Forcing endless battles is banned
|rule|Species Clause: Limit one of each Pokémon
|rule|OHKO Clause: OHKO moves are banned
|rule|Evasion Items Clause: Evasion items are banned
|rule|Evasion Moves Clause: Evasion moves are banned
|rule|Evasion Abilities Clause: Evasion abilities are banned
|rule|Sleep Moves Clause: Sleep-inducing moves are banned
|clearpoke
|poke|p1|Frosmoth, F|
|poke|p1|Pincurchin, F|
|poke|p1|Raichu-Alola, M|
|poke|p1|Iron Hands|
|poke|p1|Rotom-Wash|
|poke|p1|Pawmot, F|
|poke|p2|Ninetales, F|
|poke|p2|Great Tusk|
|poke|p2|Slither Wing|
|poke|p2|Alomomola, F|
|poke|p2|Iron Moth|
|poke|p2|Raging Bolt|
|teampreview
|
|t:|1781245292
|teamsize|p1|6
|teamsize|p2|6
|start
|switch|p1a: OH YEAH!!! YEAH!!|Pincurchin, F|100/100
|switch|p2a: Slither Wing|Slither Wing|100/100
|-fieldstart|move: Electric Terrain|[from] ability: Electric Surge|[of] p1a: OH YEAH!!! YEAH!!
|turn|1
|
|t:|1781245296
|switch|p1a: Iron Deficiency|Iron Hands|100/100
|-activate|p1a: Iron Deficiency|ability: Quark Drive
|-start|p1a: Iron Deficiency|quarkdriveatk
|move|p2a: Slither Wing|Earthquake|p1a: Iron Deficiency
|-supereffective|p1a: Iron Deficiency
|-damage|p1a: Iron Deficiency|31/100
|
|upkeep
|turn|2
|
|t:|1781245310
|move|p2a: Slither Wing|Earthquake|p1a: Iron Deficiency
|-supereffective|p1a: Iron Deficiency
|-damage|p1a: Iron Deficiency|0 fnt
|faint|p1a: Iron Deficiency
|-end|p1a: Iron Deficiency|Quark Drive|[silent]
|
|upkeep
|
|t:|1781245312
|switch|p1a: Surf's Up (2007)|Raichu-Alola, M|100/100
|turn|3
|j| yuureisuisei
|
|t:|1781245316
|-end|p2a: Slither Wing|Protosynthesis|[silent]
|switch|p2a: Alomomola|Alomomola, F|100/100
|move|p1a: Surf's Up (2007)|Volt Switch|p2a: Alomomola
|-supereffective|p2a: Alomomola
|-damage|p2a: Alomomola|0 fnt
|faint|p2a: Alomomola
|inactive|Battle timer is ON: inactive players will automatically lose when time's up. (requested by lord shiddenfards)
|
|t:|1781245321
|switch|p1a: Finger Eleven|Frosmoth, F, shiny|100/100|[from] Volt Switch
|
|upkeep
|
|t:|1781245332
|switch|p2a: Ninetales|Ninetales, F|100/100
|-weather|SunnyDay|[from] ability: Drought|[of] p2a: Ninetales
|turn|4
|
|t:|1781245340
|switch|p1a: Surf's Up (2007)|Raichu-Alola, M|100/100
|move|p2a: Ninetales|Overheat|p1a: Surf's Up (2007)
|-damage|p1a: Surf's Up (2007)|0 fnt
|-unboost|p2a: Ninetales|spa|2
|faint|p1a: Surf's Up (2007)
|
|-weather|SunnyDay|[upkeep]
|upkeep
|
|t:|1781245342
|switch|p1a: William O' Wisp|Rotom-Wash|100/100
|turn|5
|
|t:|1781245350
|switch|p2a: Raging Bolt|Raging Bolt|100/100
|-activate|p2a: Raging Bolt|ability: Protosynthesis
|-start|p2a: Raging Bolt|protosynthesisspa
|move|p1a: William O' Wisp|Light Screen|p1a: William O' Wisp
|-sidestart|p1: shockmoth|move: Light Screen
|
|-weather|SunnyDay|[upkeep]
|upkeep
|turn|6
|
|t:|1781245354
|switch|p1a: Finger Eleven|Frosmoth, F, shiny|100/100
|move|p2a: Raging Bolt|Volt Switch|p1a: Finger Eleven
|-damage|p1a: Finger Eleven|79/100
|
|t:|1781245356
|-end|p2a: Raging Bolt|Protosynthesis|[silent]
|switch|p2a: Slither Wing|Slither Wing|100/100|[from] Volt Switch
|-activate|p2a: Slither Wing|ability: Protosynthesis
|-start|p2a: Slither Wing|protosynthesisatk
|
|-weather|SunnyDay|[upkeep]
|upkeep
|turn|7
|
|t:|1781245359
|switch|p1a: William O' Wisp|Rotom-Wash|100/100
|move|p2a: Slither Wing|First Impression|p1a: William O' Wisp
|-damage|p1a: William O' Wisp|0 fnt
|faint|p1a: William O' Wisp
|
|-weather|SunnyDay|[upkeep]
|upkeep
|l| yuureisuisei
|
|t:|1781245361
|switch|p1a: Evanescence|Pawmot, F|100/100
|turn|8
|
|t:|1781245366
|-end|p2a: Slither Wing|Protosynthesis|[silent]
|switch|p2a: Raging Bolt|Raging Bolt|100/100
|-activate|p2a: Raging Bolt|ability: Protosynthesis
|-start|p2a: Raging Bolt|protosynthesisspa
|move|p1a: Evanescence|Revival Blessing|p1a: Evanescence
|-enditem|p1a: Evanescence|Leppa Berry|[eat]
|-activate|p1a: Evanescence|item: Leppa Berry|Revival Blessing|[consumed]
|
|t:|1781245369
|-heal|p1: Iron Deficiency|50/100|[from] move: Revival Blessing
|
|-weather|none
|-end|p2a: Raging Bolt|Protosynthesis
|-fieldend|move: Electric Terrain
|upkeep
|turn|9
|
|t:|1781245372
|move|p1a: Evanescence|Revival Blessing|p1a: Evanescence
|
|t:|1781245374
|-heal|p1: William O' Wisp|50/100|[from] move: Revival Blessing
|move|p2a: Raging Bolt|Draco Meteor|p1a: Evanescence
|-damage|p1a: Evanescence|26/100
|-unboost|p2a: Raging Bolt|spa|2
|
|upkeep
|turn|10
|
|t:|1781245379
|move|p1a: Evanescence|Encore|p2a: Raging Bolt
|-start|p2a: Raging Bolt|Encore
|move|p2a: Raging Bolt|Draco Meteor|p1a: Evanescence
|-damage|p1a: Evanescence|0 fnt
|-unboost|p2a: Raging Bolt|spa|2
|faint|p1a: Evanescence
|
|upkeep
|
|t:|1781245382
|switch|p1a: William O' Wisp|Rotom-Wash|50/100
|turn|11
|
|t:|1781245386
|-end|p2a: Raging Bolt|Protosynthesis|[silent]
|switch|p2a: Ninetales|Ninetales, F|100/100
|-weather|SunnyDay|[from] ability: Drought|[of] p2a: Ninetales
|move|p1a: William O' Wisp|Reflect|p1a: William O' Wisp
|-sidestart|p1: shockmoth|Reflect
|
|-weather|SunnyDay|[upkeep]
|upkeep
|turn|12
|
|t:|1781245395
|switch|p1a: OH YEAH!!! YEAH!!|Pincurchin, F|100/100
|-fieldstart|move: Electric Terrain|[from] ability: Electric Surge|[of] p1a: OH YEAH!!! YEAH!!
|move|p2a: Ninetales|Solar Beam||[still]
|-prepare|p2a: Ninetales|Solar Beam
|-anim|p2a: Ninetales|Solar Beam|p1a: OH YEAH!!! YEAH!!
|-damage|p1a: OH YEAH!!! YEAH!!|69/100
|
|-weather|SunnyDay|[upkeep]
|-sideend|p1: shockmoth|move: Light Screen
|upkeep
|turn|13
|
|t:|1781245402
|switch|p2a: Raging Bolt|Raging Bolt|100/100
|-activate|p2a: Raging Bolt|ability: Protosynthesis
|-start|p2a: Raging Bolt|protosynthesisspa
|move|p1a: OH YEAH!!! YEAH!!|Memento|p2a: Raging Bolt
|-unboost|p2a: Raging Bolt|atk|2
|-unboost|p2a: Raging Bolt|spa|2
|faint|p1a: OH YEAH!!! YEAH!!
|
|-weather|SunnyDay|[upkeep]
|upkeep
|
|t:|1781245404
|switch|p1a: William O' Wisp|Rotom-Wash|50/100
|turn|14
|
|t:|1781245406
|move|p1a: William O' Wisp|Light Screen|p1a: William O' Wisp
|-sidestart|p1: shockmoth|move: Light Screen
|move|p2a: Raging Bolt|Volt Switch|p1a: William O' Wisp
|-damage|p1a: William O' Wisp|32/100
|
|t:|1781245413
|-end|p2a: Raging Bolt|Protosynthesis|[silent]
|switch|p2a: Slither Wing|Slither Wing|100/100|[from] Volt Switch
|-activate|p2a: Slither Wing|ability: Protosynthesis
|-start|p2a: Slither Wing|protosynthesisatk
|
|-weather|SunnyDay|[upkeep]
|upkeep
|turn|15
|
|t:|1781245418
|move|p2a: Slither Wing|U-turn|p1a: William O' Wisp
|-damage|p1a: William O' Wisp|0 fnt
|faint|p1a: William O' Wisp
|
|t:|1781245423
|-end|p2a: Slither Wing|Protosynthesis|[silent]
|switch|p2a: Great Tusk|Great Tusk|100/100|[from] U-turn
|-activate|p2a: Great Tusk|ability: Protosynthesis
|-start|p2a: Great Tusk|protosynthesisspe
|
|-weather|none
|-end|p2a: Great Tusk|Protosynthesis
|upkeep
|
|t:|1781245425
|switch|p1a: Finger Eleven|Frosmoth, F, shiny|79/100
|turn|16
|
|t:|1781245433
|switch|p1a: Iron Deficiency|Iron Hands|50/100
|-activate|p1a: Iron Deficiency|ability: Quark Drive
|-start|p1a: Iron Deficiency|quarkdriveatk
|move|p2a: Great Tusk|Headlong Rush|p1a: Iron Deficiency
|-supereffective|p1a: Iron Deficiency
|-damage|p1a: Iron Deficiency|19/100
|-unboost|p2a: Great Tusk|def|1
|-unboost|p2a: Great Tusk|spd|1
|
|upkeep
|turn|17
|
|t:|1781245438
|-terastallize|p1a: Iron Deficiency|Flying
|move|p2a: Great Tusk|Headlong Rush|p1a: Iron Deficiency
|-immune|p1a: Iron Deficiency
|move|p1a: Iron Deficiency|Drain Punch|p2a: Great Tusk
|-damage|p2a: Great Tusk|40/100
|-heal|p1a: Iron Deficiency|46/100|[from] drain|[of] p2a: Great Tusk
|
|upkeep
|turn|18
|
|t:|1781245440
|move|p2a: Great Tusk|Ice Spinner|p1a: Iron Deficiency
|-supereffective|p1a: Iron Deficiency
|-damage|p1a: Iron Deficiency|31/100
|-fieldend|move: Electric Terrain
|-end|p1a: Iron Deficiency|Quark Drive
|move|p1a: Iron Deficiency|Drain Punch|p2a: Great Tusk
|-damage|p2a: Great Tusk|0 fnt
|-heal|p1a: Iron Deficiency|49/100|[from] drain|[of] p2a: Great Tusk
|faint|p2a: Great Tusk
|-end|p2a: Great Tusk|Protosynthesis|[silent]
|
|-sideend|p1: shockmoth|Reflect
|upkeep
|
|t:|1781245446
|switch|p2a: Raging Bolt|Raging Bolt|100/100
|turn|19
|
|t:|1781245448
|move|p2a: Raging Bolt|Volt Switch|p1a: Iron Deficiency
|-supereffective|p1a: Iron Deficiency
|-damage|p1a: Iron Deficiency|6/100
|
|t:|1781245452
|-end|p2a: Raging Bolt|Protosynthesis|[silent]
|switch|p2a: Ninetales|Ninetales, F|100/100|[from] Volt Switch
|-weather|SunnyDay|[from] ability: Drought|[of] p2a: Ninetales
|move|p1a: Iron Deficiency|Ice Punch|p2a: Ninetales
|-resisted|p2a: Ninetales
|-damage|p2a: Ninetales|77/100
|
|-weather|SunnyDay|[upkeep]
|upkeep
|turn|20
|
|t:|1781245457
|move|p2a: Ninetales|Weather Ball|p1a: Iron Deficiency
|-damage|p1a: Iron Deficiency|0 fnt
|faint|p1a: Iron Deficiency
|-end|p1a: Iron Deficiency|Quark Drive|[silent]
|
|-weather|SunnyDay|[upkeep]
|upkeep
|-message|shockmoth forfeited.
|
|win|lord shiddenfards
|raw|shockmoth's rating: 1697 &rarr; <strong>1675</strong><br />(-22 for losing)
|raw|lord shiddenfards's rating: 1668 &rarr; <strong>1690</strong><br />(+22 for winning)
|l|☆shockmoth
|player|p1|
|l|☆lord shiddenfards
|player|p2|
