|j|☆deathprofessor21
|j|☆Glinpo
|t:|1781273465
|gametype|singles
|player|p1|deathprofessor21|266|1564
|player|p2|Glinpo|brock|1611
|gen|9
|tier|[Gen 9] OU
|rated|
|rule|HP Percentage Mod: HP is shown in percentages
|rule|Endless Battle Clause: Forcing endless battles is banned
|rule|Species Clause: Limit one of each Pokémon
|rule|OHKO Clause: OHKO moves are banned
|rule|Evasion Items Clause: Evasion items are banned
|rule|Evasion Moves Clause: Evasion moves are banned
|rule|Evasion Abilities Clause: Evasion abilities are banned
|rule|Sleep Moves Clause: Sleep-inducing moves are banned
|clearpoke
|poke|p1|Slowking-Galar, F|
|poke|p1|Hydrapple, M|
|poke|p1|Moltres|
|poke|p1|Raging Bolt|
|poke|p1|Venomoth, F|
|poke|p1|Meowscarada, F|
|poke|p2|Pelipper, M|
|poke|p2|Raging Bolt|
|poke|p2|Overqwil, M|
|poke|p2|Barraskewda, M|
|poke|p2|Iron Treads|
|poke|p2|Kingambit, M|
|teampreview
|inactive|Battle timer is ON: inactive players will automatically lose when time's up. (requested by Glinpo)
|
|t:|1781273482
|teamsize|p1|6
|teamsize|p2|6
|start
|switch|p1a: Raging Bolt|Raging Bolt|100/100
|switch|p2a: SIN MIEDO|Kingambit, M, shiny|100/100
|turn|1
|
|t:|1781273488
|move|p1a: Raging Bolt|Volt Switch|p2a: SIN MIEDO
|-damage|p2a: SIN MIEDO|59/100
|
|t:|1781273491
|-end|p1a: Raging Bolt|Protosynthesis|[silent]
|switch|p1a: Moltres|Moltres|100/100|[from] Volt Switch
|move|p2a: SIN MIEDO|Kowtow Cleave|p1a: Moltres
|-damage|p1a: Moltres|57/100
|
|-heal|p2a: SIN MIEDO|66/100|[from] item: Leftovers
|upkeep
|turn|2
|
|t:|1781273506
|-end|p2a: SIN MIEDO|fallenundefined|[silent]
|switch|p2a: Brianstorm|Pelipper, M, shiny|100/100
|-weather|RainDance|[from] ability: Drizzle|[of] p2a: Brianstorm
|move|p1a: Moltres|U-turn|p2a: Brianstorm
|-resisted|p2a: Brianstorm
|-damage|p2a: Brianstorm|94/100
|
|t:|1781273517
|switch|p1a: Raging Bolt|Raging Bolt|100/100|[from] U-turn
|
|-weather|RainDance|[upkeep]
|upkeep
|turn|3
|
|t:|1781273521
|switch|p2a: Iron Dreads|Iron Treads|100/100
|-enditem|p2a: Iron Dreads|Booster Energy
|-activate|p2a: Iron Dreads|ability: Quark Drive|[fromitem]
|-start|p2a: Iron Dreads|quarkdrivespe
|move|p1a: Raging Bolt|Draco Meteor|p2a: Iron Dreads
|-resisted|p2a: Iron Dreads
|-damage|p2a: Iron Dreads|48/100
|-unboost|p1a: Raging Bolt|spa|2
|
|-weather|RainDance|[upkeep]
|upkeep
|turn|4
|
|t:|1781273528
|-end|p1a: Raging Bolt|Protosynthesis|[silent]
|switch|p1a: Moltres|Moltres|57/100
|move|p2a: Iron Dreads|Stealth Rock|p1a: Moltres
|-sidestart|p1: deathprofessor21|move: Stealth Rock
|
|-weather|RainDance|[upkeep]
|upkeep
|turn|5
|
|t:|1781273532
|move|p2a: Iron Dreads|Steel Beam|p1a: Moltres
|-resisted|p1a: Moltres
|-damage|p1a: Moltres|38/100
|-damage|p2a: Iron Dreads|0 fnt|[from] steelbeam
|faint|p2a: Iron Dreads
|-end|p2a: Iron Dreads|Quark Drive|[silent]
|move|p1a: Moltres|Roost|p1a: Moltres
|-heal|p1a: Moltres|88/100
|-singleturn|p1a: Moltres|move: Roost
|
|-weather|RainDance|[upkeep]
|upkeep
|
|t:|1781273541
|switch|p2a: 3 Cheers 4 SR|Overqwil, M, shiny|100/100
|turn|6
|
|t:|1781273544
|move|p2a: 3 Cheers 4 SR|Liquidation|p1a: Moltres
|-supereffective|p1a: Moltres
|-damage|p1a: Moltres|0 fnt
|faint|p1a: Moltres
|-damage|p2a: 3 Cheers 4 SR|91/100|[from] item: Life Orb
|
|-weather|RainDance|[upkeep]
|upkeep
|
|t:|1781273558
|switch|p1a: Raging Bolt|Raging Bolt|100/100
|-damage|p1a: Raging Bolt|88/100|[from] Stealth Rock
|turn|7
|
|t:|1781273562
|move|p2a: 3 Cheers 4 SR|Gunk Shot|p1a: Raging Bolt
|-damage|p1a: Raging Bolt|9/100
|-damage|p2a: 3 Cheers 4 SR|81/100|[from] item: Life Orb
|move|p1a: Raging Bolt|Draco Meteor|p2a: 3 Cheers 4 SR
|-damage|p2a: 3 Cheers 4 SR|0 fnt
|-unboost|p1a: Raging Bolt|spa|2
|faint|p2a: 3 Cheers 4 SR
|
|-weather|RainDance|[upkeep]
|upkeep
|
|t:|1781273573
|switch|p2a: Kuma II|Barraskewda, M, shiny|100/100
|turn|8
|
|t:|1781273580
|-end|p1a: Raging Bolt|Protosynthesis|[silent]
|switch|p1a: Hydrapple|Hydrapple, M|100/100
|-damage|p1a: Hydrapple|88/100|[from] Stealth Rock
|move|p2a: Kuma II|Aqua Jet|p1a: Hydrapple
|-resisted|p1a: Hydrapple
|-damage|p1a: Hydrapple|79/100
|
|-weather|RainDance|[upkeep]
|upkeep
|turn|9
|
|t:|1781273588
|switch|p2a: SIN MIEDO|Kingambit, M, shiny|66/100
|-activate|p2a: SIN MIEDO|ability: Supreme Overlord
|-start|p2a: SIN MIEDO|fallen2|[silent]
|move|p1a: Hydrapple|Fickle Beam|p2a: SIN MIEDO
|-resisted|p2a: SIN MIEDO
|-damage|p2a: SIN MIEDO|39/100
|-damage|p1a: Hydrapple|69/100|[from] item: Life Orb
|
|-weather|none
|-heal|p2a: SIN MIEDO|45/100|[from] item: Leftovers
|upkeep
|turn|10
|
|t:|1781273593
|move|p2a: SIN MIEDO|Kowtow Cleave|p1a: Hydrapple
|-damage|p1a: Hydrapple|26/100
|move|p1a: Hydrapple|Earth Power|p2a: SIN MIEDO
|-supereffective|p2a: SIN MIEDO
|-damage|p2a: SIN MIEDO|0 fnt
|faint|p2a: SIN MIEDO
|-end|p2a: SIN MIEDO|fallen2|[silent]
|-damage|p1a: Hydrapple|16/100|[from] item: Life Orb
|
|upkeep
|
|t:|1781273602
|switch|p2a: Kuma II|Barraskewda, M, shiny|100/100
|turn|11
|
|t:|1781273645
|switch|p1a: Venomoth|Venomoth, F|100/100
|-terastallize|p2a: Kuma II|Water
|move|p2a: Kuma II|Flip Turn|p1a: Venomoth
|-damage|p1a: Venomoth|38/100
|
|t:|1781273649
|switch|p2a: Brianstorm|Pelipper, M, shiny|94/100|[from] Flip Turn
|-weather|RainDance|[from] ability: Drizzle|[of] p2a: Brianstorm
|
|-weather|RainDance|[upkeep]
|upkeep
|turn|12
|
|t:|1781273655
|move|p1a: Venomoth|Substitute|p1a: Venomoth
|-start|p1a: Venomoth|Substitute
|-damage|p1a: Venomoth|13/100
|move|p2a: Brianstorm|U-turn|p1a: Venomoth
|-resisted|p1a: Venomoth
|-activate|p1a: Venomoth|move: Substitute|[damage]
|
|t:|1781273661
|switch|p2a: Ride The Lightning|Raging Bolt|100/100|[from] U-turn
|-enditem|p2a: Ride The Lightning|Booster Energy
|-activate|p2a: Ride The Lightning|ability: Protosynthesis|[fromitem]
|-start|p2a: Ride The Lightning|protosynthesisspa
|
|-weather|RainDance|[upkeep]
|upkeep
|turn|13
|
|t:|1781273668
|move|p1a: Venomoth|Quiver Dance|p1a: Venomoth
|-boost|p1a: Venomoth|spa|1
|-boost|p1a: Venomoth|spd|1
|-boost|p1a: Venomoth|spe|1
|move|p2a: Ride The Lightning|Thunder|p1a: Venomoth
|-end|p1a: Venomoth|Substitute
|
|-weather|RainDance|[upkeep]
|upkeep
|turn|14
|
|t:|1781273674
|move|p1a: Venomoth|Morning Sun|p1a: Venomoth
|-heal|p1a: Venomoth|38/100
|move|p2a: Ride The Lightning|Thunder|p1a: Venomoth
|-damage|p1a: Venomoth|0 fnt
|faint|p1a: Venomoth
|
|-weather|RainDance|[upkeep]
|upkeep
|
|t:|1781273686
|switch|p1a: Hydrapple|Hydrapple, M|49/100
|-damage|p1a: Hydrapple|37/100|[from] Stealth Rock
|turn|15
|
|t:|1781273695
|switch|p1a: Raging Bolt|Raging Bolt|9/100
|-damage|p1a: Raging Bolt|0 fnt|[from] Stealth Rock
|faint|p1a: Raging Bolt
|-end|p1a: Raging Bolt|Protosynthesis|[silent]
|move|p2a: Ride The Lightning|Draco Meteor|p1: Raging Bolt|[notarget]
|-fail|p2a: Ride The Lightning
|
|-weather|RainDance|[upkeep]
|upkeep
|
|t:|1781273697
|switch|p1a: Meowscarada|Meowscarada, F|100/100
|-damage|p1a: Meowscarada|88/100|[from] Stealth Rock
|turn|16
|
|t:|1781273714
|move|p2a: Ride The Lightning|Thunderclap|p1a: Meowscarada
|-resisted|p1a: Meowscarada
|-damage|p1a: Meowscarada|46/100
|move|p1a: Meowscarada|Triple Axel|p2a: Ride The Lightning
|-start|p1a: Meowscarada|typechange|Ice|[from] ability: Protean
|-supereffective|p2a: Ride The Lightning
|-damage|p2a: Ride The Lightning|77/100
|-supereffective|p2a: Ride The Lightning
|-damage|p2a: Ride The Lightning|28/100
|-supereffective|p2a: Ride The Lightning
|-damage|p2a: Ride The Lightning|0 fnt
|faint|p2a: Ride The Lightning
|-end|p2a: Ride The Lightning|Protosynthesis|[silent]
|-hitcount|p2: Ride The Lightning|3
|
|-weather|RainDance|[upkeep]
|upkeep
|
|t:|1781273718
|switch|p2a: Kuma II|Barraskewda, M, shiny, tera:Water|100/100
|turn|17
|
|t:|1781273735
|move|p2a: Kuma II|Close Combat|p1a: Meowscarada
|-supereffective|p1a: Meowscarada
|-damage|p1a: Meowscarada|0 fnt
|-unboost|p2a: Kuma II|def|1
|-unboost|p2a: Kuma II|spd|1
|faint|p1a: Meowscarada
|
|-weather|RainDance|[upkeep]
|upkeep
|
|t:|1781273742
|switch|p1a: Slowking|Slowking-Galar, F|100/100
|-damage|p1a: Slowking|88/100|[from] Stealth Rock
|turn|18
|
|t:|1781273746
|move|p2a: Kuma II|Close Combat|p1a: Slowking
|-resisted|p1a: Slowking
|-damage|p1a: Slowking|70/100
|-unboost|p2a: Kuma II|def|1
|-unboost|p2a: Kuma II|spd|1
|move|p1a: Slowking|Sludge Bomb|p2a: Kuma II
|-damage|p2a: Kuma II|0 fnt
|faint|p2a: Kuma II
|
|-weather|none
|upkeep
|
|t:|1781273749
|switch|p2a: Brianstorm|Pelipper, M, shiny|94/100
|-weather|RainDance|[from] ability: Drizzle|[of] p2a: Brianstorm
|turn|19
|
|t:|1781273754
|move|p2a: Brianstorm|Weather Ball|p1a: Slowking
|-damage|p1a: Slowking|44/100
|move|p1a: Slowking|Sludge Bomb|p2a: Brianstorm
|-damage|p2a: Brianstorm|26/100
|-status|p2a: Brianstorm|psn
|
|-weather|RainDance|[upkeep]
|-damage|p2a: Brianstorm|14/100 psn|[from] psn
|upkeep
|turn|20
|-message|Glinpo forfeited.
|
|win|deathprofessor21
|raw|deathprofessor21's rating: 1564 &rarr; <strong>1587</strong><br />(+23 for winning)
|raw|Glinpo's rating: 1611 &rarr; <strong>1588</strong><br />(-23 for losing)
|l|☆Glinpo
|player|p2|
