|j|☆zhihe0719
|j|☆thiccdug
|t:|1781505058
|gametype|singles
|player|p1|zhihe0719|pokemonrangerf-gen4|1532
|player|p2|thiccdug|265|1519
|gen|9
|tier|[Gen 9] OU
|rated|
|rule|HP Percentage Mod: HP is shown in percentages
|rule|Endless Battle Clause: Forcing endless battles is banned
|rule|Species Clause: Limit one of each Pokémon
|rule|OHKO Clause: OHKO moves are banned
|rule|Evasion Items Clause: Evasion items are banned
|rule|Evasion Moves Clause: Evasion moves are banned
|rule|Evasion Abilities Clause: Evasion abilities are banned
|rule|Sleep Moves Clause: Sleep-inducing moves are banned
|clearpoke
|poke|p1|Dragonite, F|
|poke|p1|Garchomp, F|
|poke|p1|Hydrapple, M|
|poke|p1|Hydreigon, M|
|poke|p1|Goodra-Hisui, F|
|poke|p1|Cyclizar, F|
|poke|p2|Dragonite, M|
|poke|p2|Gholdengo|
|poke|p2|Ting-Lu|
|poke|p2|Gliscor, M|
|poke|p2|Sinistcha-Masterpiece|
|poke|p2|Keldeo-Resolute|
|teampreview
|inactive|Battle timer is ON: inactive players will automatically lose when time's up. (requested by thiccdug)
|inactive|zhihe0719 also wants the timer to be on.
|j| ZeeRequiem
|
|t:|1781505088
|teamsize|p1|6
|teamsize|p2|6
|start
|switch|p1a: Garchomp|Garchomp, F|100/100
|switch|p2a: Gliscor|Gliscor, M|100/100
|turn|1
|
|t:|1781505098
|move|p1a: Garchomp|Stealth Rock|p2a: Gliscor
|-sidestart|p2: thiccdug|move: Stealth Rock
|move|p2a: Gliscor|Knock Off|p1a: Garchomp
|-damage|p1a: Garchomp|87/100
|-damage|p2a: Gliscor|88/100|[from] ability: Rough Skin|[of] p1a: Garchomp
|-damage|p2a: Gliscor|71/100|[from] item: Rocky Helmet|[of] p1a: Garchomp
|-enditem|p1a: Garchomp|Rocky Helmet|[from] move: Knock Off|[of] p2a: Gliscor
|
|-status|p2a: Gliscor|tox|[from] item: Toxic Orb
|upkeep
|turn|2
|
|t:|1781505104
|move|p2a: Gliscor|Toxic|p1a: Garchomp
|-status|p1a: Garchomp|tox
|move|p1a: Garchomp|Dragon Tail|p2a: Gliscor
|-damage|p2a: Gliscor|50/100 tox
|drag|p2a: Sinistcha|Sinistcha-Masterpiece|100/100
|
|-damage|p1a: Garchomp|81/100 tox|[from] psn
|upkeep
|turn|3
|
|t:|1781505112
|switch|p1a: Hydreigon|Hydreigon, M|100/100
|move|p2a: Sinistcha|Calm Mind|p2a: Sinistcha
|-boost|p2a: Sinistcha|spa|1
|-boost|p2a: Sinistcha|spd|1
|
|upkeep
|turn|4
|
|t:|1781505116
|switch|p2a: Ting-Lu|Ting-Lu|100/100
|-damage|p2a: Ting-Lu|94/100|[from] Stealth Rock
|-ability|p2a: Ting-Lu|Vessel of Ruin
|move|p1a: Hydreigon|Nasty Plot|p1a: Hydreigon
|-boost|p1a: Hydreigon|spa|2
|
|-heal|p2a: Ting-Lu|100/100|[from] item: Leftovers
|upkeep
|turn|5
|
|t:|1781505120
|switch|p1a: Hydrapple|Hydrapple, M|100/100
|move|p2a: Ting-Lu|Stealth Rock|p1a: Hydrapple
|-sidestart|p1: zhihe0719|move: Stealth Rock
|
|upkeep
|turn|6
|
|t:|1781505124
|move|p2a: Ting-Lu|Spikes|p1a: Hydrapple
|-sidestart|p1: zhihe0719|Spikes
|move|p1a: Hydrapple|Giga Drain|p2a: Ting-Lu
|-supereffective|p2a: Ting-Lu
|-damage|p2a: Ting-Lu|66/100
|
|-heal|p2a: Ting-Lu|72/100|[from] item: Leftovers
|upkeep
|turn|7
|
|t:|1781505130
|move|p2a: Ting-Lu|Spikes|p1a: Hydrapple
|-sidestart|p1: zhihe0719|Spikes
|move|p1a: Hydrapple|Giga Drain|p2a: Ting-Lu
|-supereffective|p2a: Ting-Lu
|-damage|p2a: Ting-Lu|41/100
|
|-heal|p2a: Ting-Lu|47/100|[from] item: Leftovers
|upkeep
|turn|8
|
|t:|1781505135
|switch|p2a: Gholdengo|Gholdengo|100/100
|-damage|p2a: Gholdengo|95/100|[from] Stealth Rock
|move|p1a: Hydrapple|Giga Drain|p2a: Gholdengo
|-resisted|p2a: Gholdengo
|-damage|p2a: Gholdengo|78/100
|
|upkeep
|turn|9
|
|t:|1781505138
|move|p2a: Gholdengo|Shadow Ball|p1a: Hydrapple
|-damage|p1a: Hydrapple|59/100
|move|p1a: Hydrapple|Earth Power|p2a: Gholdengo
|-supereffective|p2a: Gholdengo
|-crit|p2a: Gholdengo
|-damage|p2a: Gholdengo|0 fnt
|faint|p2a: Gholdengo
|
|upkeep
|
|t:|1781505163
|switch|p2a: Gliscor|Gliscor, M|50/100 tox
|-damage|p2a: Gliscor|38/100 tox|[from] Stealth Rock
|turn|10
|
|t:|1781505173
|move|p2a: Gliscor|Protect|p2a: Gliscor
|-singleturn|p2a: Gliscor|Protect
|move|p1a: Hydrapple|Giga Drain|p2a: Gliscor
|-activate|p2a: Gliscor|move: Protect
|
|-heal|p2a: Gliscor|50/100 tox|[from] ability: Poison Heal
|upkeep
|turn|11
|
|t:|1781505176
|switch|p1a: Garchomp|Garchomp, F|81/100 tox
|-damage|p1a: Garchomp|75/100 tox|[from] Stealth Rock
|-damage|p1a: Garchomp|58/100 tox|[from] Spikes
|move|p2a: Gliscor|Toxic|p1a: Garchomp
|-fail|p1a: Garchomp|tox
|
|-damage|p1a: Garchomp|52/100 tox|[from] psn
|-heal|p2a: Gliscor|62/100 tox|[from] ability: Poison Heal
|upkeep
|turn|12
|
|t:|1781505181
|move|p2a: Gliscor|Toxic|p1a: Garchomp
|-fail|p1a: Garchomp|tox
|move|p1a: Garchomp|Dragon Tail|p2a: Gliscor|[miss]
|-miss|p1a: Garchomp|p2a: Gliscor
|
|-damage|p1a: Garchomp|39/100 tox|[from] psn
|-heal|p2a: Gliscor|75/100 tox|[from] ability: Poison Heal
|upkeep
|turn|13
|
|t:|1781505186
|move|p2a: Gliscor|Protect|p2a: Gliscor
|-singleturn|p2a: Gliscor|Protect
|move|p1a: Garchomp|Dragon Tail|p2a: Gliscor
|-activate|p2a: Gliscor|move: Protect
|
|-damage|p1a: Garchomp|21/100 tox|[from] psn
|-heal|p2a: Gliscor|87/100 tox|[from] ability: Poison Heal
|upkeep
|turn|14
|
|t:|1781505189
|move|p2a: Gliscor|Earthquake|p1a: Garchomp
|-damage|p1a: Garchomp|0 fnt
|faint|p1a: Garchomp
|
|-heal|p2a: Gliscor|99/100 tox|[from] ability: Poison Heal
|upkeep
|
|t:|1781505195
|switch|p1a: Goodra|Goodra-Hisui, F|100/100
|-damage|p1a: Goodra|94/100|[from] Stealth Rock
|-damage|p1a: Goodra|78/100|[from] Spikes
|turn|15
|
|t:|1781505198
|move|p2a: Gliscor|Knock Off|p1a: Goodra
|-damage|p1a: Goodra|59/100
|-enditem|p1a: Goodra|Assault Vest|[from] move: Knock Off|[of] p2a: Gliscor
|move|p1a: Goodra|Ice Beam|p2a: Gliscor
|-supereffective|p2a: Gliscor
|-damage|p2a: Gliscor|17/100 tox
|
|-heal|p2a: Gliscor|30/100 tox|[from] ability: Poison Heal
|upkeep
|turn|16
|
|t:|1781505211
|move|p2a: Gliscor|Protect|p2a: Gliscor
|-singleturn|p2a: Gliscor|Protect
|move|p1a: Goodra|Ice Beam|p2a: Gliscor
|-activate|p2a: Gliscor|move: Protect
|
|-heal|p2a: Gliscor|42/100 tox|[from] ability: Poison Heal
|upkeep
|turn|17
|
|t:|1781505215
|switch|p2a: Keldeo|Keldeo-Resolute|100/100
|move|p1a: Goodra|Ice Beam|p2a: Keldeo
|-resisted|p2a: Keldeo
|-damage|p2a: Keldeo|88/100
|
|upkeep
|turn|18
|
|t:|1781505219
|switch|p1a: Hydrapple|Hydrapple, M|93/100
|-damage|p1a: Hydrapple|80/100|[from] Stealth Rock
|-damage|p1a: Hydrapple|63/100|[from] Spikes
|move|p2a: Keldeo|Secret Sword|p1a: Hydrapple
|-damage|p1a: Hydrapple|37/100
|
|upkeep
|turn|19
|
|t:|1781505239
|move|p2a: Keldeo|Flip Turn|p1a: Hydrapple
|-resisted|p1a: Hydrapple
|-damage|p1a: Hydrapple|35/100
|-damage|p2a: Keldeo|72/100|[from] item: Rocky Helmet|[of] p1a: Hydrapple
|
|t:|1781505255
|switch|p2a: Dragonite|Dragonite, M|100/100|[from] Flip Turn
|move|p1a: Hydrapple|Giga Drain|p2a: Dragonite
|-resisted|p2a: Dragonite
|-crit|p2a: Dragonite
|-damage|p2a: Dragonite|95/100
|-heal|p1a: Hydrapple|37/100|[from] drain|[of] p2a: Dragonite
|
|upkeep
|turn|20
|l| ZeeRequiem
|
|t:|1781505264
|-terastallize|p2a: Dragonite|Normal
|move|p2a: Dragonite|Dragon Dance|p2a: Dragonite
|-boost|p2a: Dragonite|atk|1
|-boost|p2a: Dragonite|spe|1
|move|p1a: Hydrapple|Fickle Beam|p2a: Dragonite
|-damage|p2a: Dragonite|66/100
|
|upkeep
|turn|21
|
|t:|1781505269
|switch|p1a: Cyclizar|Cyclizar, F|100/100
|-damage|p1a: Cyclizar|88/100|[from] Stealth Rock
|-damage|p1a: Cyclizar|71/100|[from] Spikes
|move|p2a: Dragonite|Extreme Speed|p1a: Cyclizar
|-damage|p1a: Cyclizar|0 fnt
|faint|p1a: Cyclizar
|
|upkeep
|
|t:|1781505272
|switch|p1a: Dragonite|Dragonite, F|100/100
|turn|22
|
|t:|1781505278
|move|p2a: Dragonite|Extreme Speed|p1a: Dragonite
|-damage|p1a: Dragonite|66/100
|move|p1a: Dragonite|Dragon Dance|p1a: Dragonite
|-boost|p1a: Dragonite|atk|1
|-boost|p1a: Dragonite|spe|1
|
|upkeep
|turn|23
|
|t:|1781505281
|-terastallize|p1a: Dragonite|Normal
|move|p2a: Dragonite|Extreme Speed|p1a: Dragonite
|-damage|p1a: Dragonite|0 fnt
|faint|p1a: Dragonite
|
|upkeep
|
|t:|1781505288
|switch|p1a: Hydreigon|Hydreigon, M|100/100
|-damage|p1a: Hydreigon|88/100|[from] Stealth Rock
|turn|24
|
|t:|1781505291
|move|p2a: Dragonite|Extreme Speed|p1a: Hydreigon
|-damage|p1a: Hydreigon|11/100
|move|p1a: Hydreigon|Draco Meteor|p2a: Dragonite
|-damage|p2a: Dragonite|10/100
|-unboost|p1a: Hydreigon|spa|2
|
|-heal|p1a: Hydreigon|17/100|[from] item: Leftovers
|upkeep
|turn|25
|
|t:|1781505295
|move|p2a: Dragonite|Extreme Speed|p1a: Hydreigon
|-damage|p1a: Hydreigon|0 fnt
|faint|p1a: Hydreigon
|
|upkeep
|
|t:|1781505299
|switch|p1a: Hydrapple|Hydrapple, M|70/100
|-damage|p1a: Hydrapple|58/100|[from] Stealth Rock
|-damage|p1a: Hydrapple|41/100|[from] Spikes
|turn|26
|
|t:|1781505309
|switch|p1a: Goodra|Goodra-Hisui, F|59/100
|-damage|p1a: Goodra|53/100|[from] Stealth Rock
|-damage|p1a: Goodra|36/100|[from] Spikes
|move|p2a: Dragonite|Roost|p2a: Dragonite
|-heal|p2a: Dragonite|60/100
|
|upkeep
|turn|27
|
|t:|1781505312
|move|p2a: Dragonite|Earthquake|p1a: Goodra
|-supereffective|p1a: Goodra
|-damage|p1a: Goodra|0 fnt
|faint|p1a: Goodra
|
|upkeep
|
|t:|1781505314
|switch|p1a: Hydrapple|Hydrapple, M|74/100
|-damage|p1a: Hydrapple|62/100|[from] Stealth Rock
|-damage|p1a: Hydrapple|45/100|[from] Spikes
|turn|28
|
|t:|1781505319
|move|p2a: Dragonite|Extreme Speed|p1a: Hydrapple
|-damage|p1a: Hydrapple|11/100
|-damage|p2a: Dragonite|43/100|[from] item: Rocky Helmet|[of] p1a: Hydrapple
|move|p1a: Hydrapple|Recover|p1a: Hydrapple
|-heal|p1a: Hydrapple|61/100
|
|upkeep
|turn|29
|
|t:|1781505323
|move|p2a: Dragonite|Roost|p2a: Dragonite
|-heal|p2a: Dragonite|93/100
|move|p1a: Hydrapple|Fickle Beam|p2a: Dragonite|[anim] Fickle Beam All Out
|-activate|p1a: Hydrapple|move: Fickle Beam
|-damage|p2a: Dragonite|35/100
|
|upkeep
|turn|30
|
|t:|1781505328
|move|p2a: Dragonite|Roost|p2a: Dragonite
|-heal|p2a: Dragonite|85/100
|move|p1a: Hydrapple|Recover|p1a: Hydrapple
|-heal|p1a: Hydrapple|100/100
|
|upkeep
|turn|31
|
|t:|1781505332
|move|p2a: Dragonite|Roost|p2a: Dragonite
|-heal|p2a: Dragonite|100/100
|move|p1a: Hydrapple|Fickle Beam|p2a: Dragonite|[anim] Fickle Beam All Out
|-activate|p1a: Hydrapple|move: Fickle Beam
|-damage|p2a: Dragonite|70/100
|
|upkeep
|turn|32
|
|t:|1781505335
|move|p2a: Dragonite|Extreme Speed|p1a: Hydrapple
|-damage|p1a: Hydrapple|62/100
|-damage|p2a: Dragonite|54/100|[from] item: Rocky Helmet|[of] p1a: Hydrapple
|move|p1a: Hydrapple|Giga Drain|p2a: Dragonite
|-damage|p2a: Dragonite|24/100
|-heal|p1a: Hydrapple|75/100|[from] drain|[of] p2a: Dragonite
|
|upkeep
|turn|33
|
|t:|1781505338
|move|p2a: Dragonite|Roost|p2a: Dragonite
|-heal|p2a: Dragonite|74/100
|move|p1a: Hydrapple|Giga Drain|p2a: Dragonite
|-crit|p2a: Dragonite
|-damage|p2a: Dragonite|34/100
|-heal|p1a: Hydrapple|94/100|[from] drain|[of] p2a: Dragonite
|
|upkeep
|turn|34
|
|t:|1781505340
|move|p2a: Dragonite|Roost|p2a: Dragonite
|-heal|p2a: Dragonite|84/100
|move|p1a: Hydrapple|Giga Drain|p2a: Dragonite
|-damage|p2a: Dragonite|57/100
|-heal|p1a: Hydrapple|100/100|[from] drain|[of] p2a: Dragonite
|
|upkeep
|turn|35
|
|t:|1781505343
|move|p2a: Dragonite|Dragon Dance|p2a: Dragonite
|-boost|p2a: Dragonite|atk|1
|-boost|p2a: Dragonite|spe|1
|move|p1a: Hydrapple|Giga Drain|p2a: Dragonite
|-damage|p2a: Dragonite|32/100
|
|upkeep
|turn|36
|
|t:|1781505345
|move|p2a: Dragonite|Roost|p2a: Dragonite
|-heal|p2a: Dragonite|82/100
|move|p1a: Hydrapple|Giga Drain|p2a: Dragonite
|-crit|p2a: Dragonite
|-damage|p2a: Dragonite|44/100
|
|upkeep
|turn|37
|
|t:|1781505350
|move|p2a: Dragonite|Roost|p2a: Dragonite
|-heal|p2a: Dragonite|94/100
|move|p1a: Hydrapple|Giga Drain|p2a: Dragonite
|-damage|p2a: Dragonite|66/100
|
|upkeep
|turn|38
|
|t:|1781505355
|move|p2a: Dragonite|Dragon Dance|p2a: Dragonite
|-boost|p2a: Dragonite|atk|1
|-boost|p2a: Dragonite|spe|1
|move|p1a: Hydrapple|Recover||[still]
|-fail|p1a: Hydrapple|heal
|
|upkeep
|turn|39
|
|t:|1781505360
|move|p2a: Dragonite|Dragon Dance|p2a: Dragonite
|-boost|p2a: Dragonite|atk|1
|-boost|p2a: Dragonite|spe|1
|move|p1a: Hydrapple|Fickle Beam|p2a: Dragonite
|-damage|p2a: Dragonite|35/100
|
|upkeep
|turn|40
|
|t:|1781505364
|move|p2a: Dragonite|Extreme Speed|p1a: Hydrapple
|-damage|p1a: Hydrapple|22/100
|-damage|p2a: Dragonite|19/100|[from] item: Rocky Helmet|[of] p1a: Hydrapple
|move|p1a: Hydrapple|Fickle Beam|p2a: Dragonite
|-damage|p2a: Dragonite|0 fnt
|faint|p2a: Dragonite
|
|upkeep
|
|t:|1781505387
|switch|p2a: Keldeo|Keldeo-Resolute|72/100
|turn|41
|
|t:|1781505390
|move|p2a: Keldeo|Secret Sword|p1a: Hydrapple
|-damage|p1a: Hydrapple|0 fnt
|faint|p1a: Hydrapple
|
|win|thiccdug
|raw|zhihe0719's rating: 1532 &rarr; <strong>1511</strong><br />(-21 for losing)
|raw|thiccdug's rating: 1519 &rarr; <strong>1540</strong><br />(+21 for winning)
|l|☆zhihe0719
|player|p1|
|l|☆thiccdug
|player|p2|
