|j|☆iamverykarpy
|j|☆drop a baby
|t:|1781017444
|gametype|singles
|player|p1|iamverykarpy|colress|1660
|player|p2|drop a baby|chase|1725
|gen|9
|tier|[Gen 9] OU
|rated|
|rule|HP Percentage Mod: HP is shown in percentages
|rule|Endless Battle Clause: Forcing endless battles is banned
|rule|Species Clause: Limit one of each Pokémon
|rule|OHKO Clause: OHKO moves are banned
|rule|Evasion Items Clause: Evasion items are banned
|rule|Evasion Moves Clause: Evasion moves are banned
|rule|Evasion Abilities Clause: Evasion abilities are banned
|rule|Sleep Moves Clause: Sleep-inducing moves are banned
|clearpoke
|poke|p1|Cetitan, F|
|poke|p1|Slowking-Galar, M|
|poke|p1|Kyurem|
|poke|p1|Rillaboom, F|
|poke|p1|Alomomola, F|
|poke|p1|Great Tusk|
|poke|p2|Darkrai|
|poke|p2|Deoxys-Speed|
|poke|p2|Raging Bolt|
|poke|p2|Kingambit, M|
|poke|p2|Iron Valiant|
|poke|p2|Great Tusk|
|teampreview
|inactive|Battle timer is ON: inactive players will automatically lose when time's up. (requested by iamverykarpy)
|
|t:|1781017457
|teamsize|p1|6
|teamsize|p2|6
|start
|switch|p1a: Kyurem|Kyurem, shiny|100/100
|switch|p2a: Speedy Gonzales|Deoxys-Speed, shiny|100/100
|-ability|p2a: Speedy Gonzales|Pressure
|-ability|p1a: Kyurem|Pressure
|turn|1
|
|t:|1781017468
|move|p2a: Speedy Gonzales|Stealth Rock|p1a: Kyurem
|-sidestart|p1: iamverykarpy|move: Stealth Rock
|move|p1a: Kyurem|Ice Beam|p2a: Speedy Gonzales
|-damage|p2a: Speedy Gonzales|0 fnt
|faint|p2a: Speedy Gonzales
|
|upkeep
|
|t:|1781017485
|switch|p2a: 🎭|Iron Valiant, shiny|100/100
|-enditem|p2a: 🎭|Booster Energy
|-activate|p2a: 🎭|ability: Quark Drive|[fromitem]
|-start|p2a: 🎭|quarkdrivespe
|turn|2
|
|t:|1781017491
|switch|p1a: Slowking|Slowking-Galar, M, shiny|100/100
|-damage|p1a: Slowking|88/100|[from] Stealth Rock
|move|p2a: 🎭|Calm Mind|p2a: 🎭
|-boost|p2a: 🎭|spa|1
|-boost|p2a: 🎭|spd|1
|
|upkeep
|turn|3
|c|☆drop a baby|Hf bigger bro
|
|t:|1781017500
|move|p2a: 🎭|Shadow Ball|p1a: Slowking
|-supereffective|p1a: Slowking
|-damage|p1a: Slowking|40/100
|-unboost|p1a: Slowking|spd|1
|move|p1a: Slowking|Flamethrower|p2a: 🎭
|-damage|p2a: 🎭|72/100
|
|upkeep
|turn|4
|
|t:|1781017509
|-terastallize|p1a: Slowking|Dark
|move|p2a: 🎭|Calm Mind|p2a: 🎭
|-boost|p2a: 🎭|spa|1
|-boost|p2a: 🎭|spd|1
|move|p1a: Slowking|Sludge Bomb|p2a: 🎭
|-supereffective|p2a: 🎭
|-damage|p2a: 🎭|13/100
|
|upkeep
|turn|5
|
|t:|1781017513
|move|p2a: 🎭|Moonblast|p1a: Slowking
|-supereffective|p1a: Slowking
|-damage|p1a: Slowking|0 fnt
|faint|p1a: Slowking
|
|upkeep
|
|t:|1781017517
|switch|p1a: Rillaboom|Rillaboom, F|100/100
|-damage|p1a: Rillaboom|88/100|[from] Stealth Rock
|-fieldstart|move: Grassy Terrain|[from] ability: Grassy Surge|[of] p1a: Rillaboom
|turn|6
|
|t:|1781017520
|move|p2a: 🎭|Vacuum Wave|p1a: Rillaboom
|-damage|p1a: Rillaboom|37/100
|move|p1a: Rillaboom|Grassy Glide|p2a: 🎭
|-damage|p2a: 🎭|0 fnt
|faint|p2a: 🎭
|-end|p2a: 🎭|Quark Drive|[silent]
|
|-heal|p1a: Rillaboom|43/100|[from] Grassy Terrain
|upkeep
|
|t:|1781017538
|switch|p2a: Hito no mi Model⚡️|Raging Bolt|100/100
|-enditem|p2a: Hito no mi Model⚡️|Booster Energy
|-activate|p2a: Hito no mi Model⚡️|ability: Protosynthesis|[fromitem]
|-start|p2a: Hito no mi Model⚡️|protosynthesisspa
|turn|7
|
|t:|1781017544
|switch|p1a: Cetitan|Cetitan, F, shiny|100/100
|-damage|p1a: Cetitan|76/100|[from] Stealth Rock
|move|p2a: Hito no mi Model⚡️|Calm Mind|p2a: Hito no mi Model⚡️
|-boost|p2a: Hito no mi Model⚡️|spa|1
|-boost|p2a: Hito no mi Model⚡️|spd|1
|
|-heal|p1a: Cetitan|82/100|[from] Grassy Terrain
|upkeep
|turn|8
|
|t:|1781017548
|move|p2a: Hito no mi Model⚡️|Thunderbolt|p1a: Cetitan
|-damage|p1a: Cetitan|0 fnt
|faint|p1a: Cetitan
|
|upkeep
|
|t:|1781017552
|switch|p1a: Great Tusk|Great Tusk|100/100
|-damage|p1a: Great Tusk|97/100|[from] Stealth Rock
|turn|9
|
|t:|1781017557
|-terastallize|p2a: Hito no mi Model⚡️|Bug
|move|p1a: Great Tusk|Headlong Rush|p2a: Hito no mi Model⚡️
|-resisted|p2a: Hito no mi Model⚡️
|-damage|p2a: Hito no mi Model⚡️|75/100
|-unboost|p1a: Great Tusk|def|1
|-unboost|p1a: Great Tusk|spd|1
|move|p2a: Hito no mi Model⚡️|Dragon Pulse|p1a: Great Tusk
|-damage|p1a: Great Tusk|0 fnt
|faint|p1a: Great Tusk
|-end|p1a: Great Tusk|Protosynthesis|[silent]
|
|-heal|p2a: Hito no mi Model⚡️|81/100|[from] Grassy Terrain
|upkeep
|
|t:|1781017561
|switch|p1a: Kyurem|Kyurem, shiny|100/100
|-damage|p1a: Kyurem|75/100|[from] Stealth Rock
|-ability|p1a: Kyurem|Pressure
|turn|10
|
|t:|1781017567
|move|p1a: Kyurem|Ice Beam|p2a: Hito no mi Model⚡️
|-damage|p2a: Hito no mi Model⚡️|33/100
|move|p2a: Hito no mi Model⚡️|Dragon Pulse|p1a: Kyurem
|-supereffective|p1a: Kyurem
|-damage|p1a: Kyurem|0 fnt
|faint|p1a: Kyurem
|
|-heal|p2a: Hito no mi Model⚡️|40/100|[from] Grassy Terrain
|-fieldend|move: Grassy Terrain
|upkeep
|
|t:|1781017572
|switch|p1a: Rillaboom|Rillaboom, F|43/100
|-damage|p1a: Rillaboom|31/100|[from] Stealth Rock
|-fieldstart|move: Grassy Terrain|[from] ability: Grassy Surge|[of] p1a: Rillaboom
|turn|11
|-message|iamverykarpy forfeited.
|
|win|drop a baby
|raw|iamverykarpy's rating: 1660 &rarr; <strong>1644</strong><br />(-16 for losing)
|raw|drop a baby's rating: 1725 &rarr; <strong>1741</strong><br />(+16 for winning)
|l|☆iamverykarpy
|player|p1|
|l|☆drop a baby
|player|p2|
