|j|☆Kochu_shak ㋛
|j|☆psylxr
|t:|1781160322
|gametype|singles
|player|p1|Kochu_shak ㋛|169|1747
|player|p2|psylxr|266|1659
|gen|9
|tier|[Gen 9] OU
|rated|
|rule|HP Percentage Mod: HP is shown in percentages
|rule|Endless Battle Clause: Forcing endless battles is banned
|rule|Species Clause: Limit one of each Pokémon
|rule|OHKO Clause: OHKO moves are banned
|rule|Evasion Items Clause: Evasion items are banned
|rule|Evasion Moves Clause: Evasion moves are banned
|rule|Evasion Abilities Clause: Evasion abilities are banned
|rule|Sleep Moves Clause: Sleep-inducing moves are banned
|clearpoke
|poke|p1|Araquanid, F|
|poke|p1|Gholdengo|
|poke|p1|Iron Moth|
|poke|p1|Iron Valiant|
|poke|p1|Raging Bolt|
|poke|p1|Kingambit, F|
|poke|p2|Pelipper, M|
|poke|p2|Raging Bolt|
|poke|p2|Overqwil, F|
|poke|p2|Barraskewda, F|
|poke|p2|Iron Treads|
|poke|p2|Kingambit, F|
|teampreview
|inactive|Battle timer is ON: inactive players will automatically lose when time's up. (requested by Kochu_shak ㋛)
|
|t:|1781160345
|teamsize|p1|6
|teamsize|p2|6
|start
|switch|p1a: QUIL|Araquanid, F|100/100
|switch|p2a: Raging Neck|Raging Bolt|100/100
|-enditem|p2a: Raging Neck|Booster Energy
|-activate|p2a: Raging Neck|ability: Protosynthesis|[fromitem]
|-start|p2a: Raging Neck|protosynthesisspa
|turn|1
|j| tatam1 galaxy‽
|
|t:|1781160360
|move|p2a: Raging Neck|Thunder|p1a: QUIL|[miss]
|-miss|p2a: Raging Neck|p1a: QUIL
|move|p1a: QUIL|Sticky Web|p2a: Raging Neck
|-sidestart|p2: psylxr|move: Sticky Web
|
|upkeep
|turn|2
|l| tatam1 galaxy‽
|
|t:|1781160367
|switch|p1a: DELI|Raging Bolt|100/100
|-enditem|p1a: DELI|Booster Energy
|-activate|p1a: DELI|ability: Protosynthesis|[fromitem]
|-start|p1a: DELI|protosynthesisspa
|move|p2a: Raging Neck|Thunder|p1a: DELI
|-resisted|p1a: DELI
|-damage|p1a: DELI|79/100
|
|upkeep
|turn|3
|j| tatam1 galaxy‽
|l| tatam1 galaxy‽
|
|t:|1781160380
|-terastallize|p2a: Raging Neck|Fairy
|move|p1a: DELI|Dragon Pulse|p2a: Raging Neck
|-immune|p2a: Raging Neck
|move|p2a: Raging Neck|Draco Meteor|p1a: DELI
|-supereffective|p1a: DELI
|-damage|p1a: DELI|0 fnt
|-unboost|p2a: Raging Neck|spa|2
|faint|p1a: DELI
|-end|p1a: DELI|Protosynthesis|[silent]
|
|upkeep
|
|t:|1781160393
|switch|p1a: QUZZ|Iron Valiant|100/100
|-enditem|p1a: QUZZ|Booster Energy
|-activate|p1a: QUZZ|ability: Quark Drive|[fromitem]
|-start|p1a: QUZZ|quarkdrivespa
|turn|4
|
|t:|1781160403
|move|p1a: QUZZ|Calm Mind|p1a: QUZZ
|-boost|p1a: QUZZ|spa|1
|-boost|p1a: QUZZ|spd|1
|move|p2a: Raging Neck|Thunder|p1a: QUZZ
|-damage|p1a: QUZZ|50/100
|
|upkeep
|turn|5
|
|t:|1781160410
|move|p1a: QUZZ|Moonblast|p2a: Raging Neck
|-damage|p2a: Raging Neck|12/100
|move|p2a: Raging Neck|Thunder|p1a: QUZZ
|-damage|p1a: QUZZ|3/100
|
|upkeep
|turn|6
|j| tatam1 galaxy‽
|
|t:|1781160418
|move|p1a: QUZZ|Moonblast|p2a: Raging Neck
|-damage|p2a: Raging Neck|0 fnt
|faint|p2a: Raging Neck
|-end|p2a: Raging Neck|Protosynthesis|[silent]
|
|upkeep
|
|t:|1781160420
|switch|p2a: Flip Flop|Barraskewda, F|100/100
|-activate|p2a: Flip Flop|move: Sticky Web
|-unboost|p2a: Flip Flop|spe|1
|turn|7
|l| tatam1 galaxy‽
|
|t:|1781160427
|move|p1a: QUZZ|Vacuum Wave|p2a: Flip Flop
|-damage|p2a: Flip Flop|6/100
|move|p2a: Flip Flop|Aqua Jet|p1a: QUZZ
|-damage|p1a: QUZZ|0 fnt
|faint|p1a: QUZZ
|-end|p1a: QUZZ|Quark Drive|[silent]
|
|upkeep
|j| tatam1 galaxy‽
|j| Nakoruru_XD
|j| Krokmouyoyo
|
|t:|1781160450
|switch|p1a: QUIL|Araquanid, F|100/100
|turn|8
|
|t:|1781160458
|switch|p2a: Gulp Gulp|Pelipper, M|100/100
|-weather|RainDance|[from] ability: Drizzle|[of] p2a: Gulp Gulp
|move|p1a: QUIL|Lunge|p2a: Gulp Gulp
|-resisted|p2a: Gulp Gulp
|-damage|p2a: Gulp Gulp|92/100
|-unboost|p2a: Gulp Gulp|atk|1
|
|-weather|RainDance|[upkeep]
|upkeep
|turn|9
|
|t:|1781160462
|move|p2a: Gulp Gulp|Hurricane|p1a: QUIL
|-supereffective|p1a: QUIL
|-damage|p1a: QUIL|49/100
|-start|p1a: QUIL|confusion
|-activate|p1a: QUIL|confusion
|move|p1a: QUIL|Endeavor|p2a: Gulp Gulp
|-damage|p2a: Gulp Gulp|51/100
|
|-weather|RainDance|[upkeep]
|upkeep
|turn|10
|
|t:|1781160469
|move|p2a: Gulp Gulp|Hurricane|p1a: QUIL
|-supereffective|p1a: QUIL
|-damage|p1a: QUIL|1/100
|-activate|p1a: QUIL|confusion
|move|p1a: QUIL|Endeavor|p2a: Gulp Gulp
|-damage|p2a: Gulp Gulp|1/100
|
|-weather|RainDance|[upkeep]
|upkeep
|turn|11
|-enditem|p1a: QUIL|Custap Berry|[eat]
|-activate|p1a: QUIL|item: Custap Berry|[consumed]
|
|t:|1781160475
|-activate|p1a: QUIL|confusion
|move|p1a: QUIL|Surf|p2a: Gulp Gulp
|-resisted|p2a: Gulp Gulp
|-damage|p2a: Gulp Gulp|0 fnt
|faint|p2a: Gulp Gulp
|
|-weather|RainDance|[upkeep]
|upkeep
|
|t:|1781160483
|switch|p2a: Iron Belly|Iron Treads|100/100
|-activate|p2a: Iron Belly|move: Sticky Web
|-unboost|p2a: Iron Belly|spe|1
|-enditem|p2a: Iron Belly|Booster Energy
|-activate|p2a: Iron Belly|ability: Quark Drive|[fromitem]
|-start|p2a: Iron Belly|quarkdrivedef
|turn|12
|
|t:|1781160502
|switch|p1a: TREE?|Gholdengo|100/100
|-item|p1a: TREE?|Air Balloon
|move|p2a: Iron Belly|Earth Power|p1a: TREE?
|-immune|p1a: TREE?
|
|-weather|RainDance|[upkeep]
|upkeep
|turn|13
|inactive|Kochu_shak ㋛ has 120 seconds left.
|
|t:|1781160529
|move|p1a: TREE?|Shadow Ball|p2a: Iron Belly
|-damage|p2a: Iron Belly|41/100
|-unboost|p2a: Iron Belly|spd|1
|move|p2a: Iron Belly|Stealth Rock|p1a: TREE?
|-sidestart|p1: Kochu_shak ㋛|move: Stealth Rock
|
|-weather|RainDance|[upkeep]
|upkeep
|turn|14
|
|t:|1781160536
|-end|p2a: Iron Belly|Quark Drive|[silent]
|switch|p2a: Spike|Overqwil, F|100/100
|-activate|p2a: Spike|move: Sticky Web
|-unboost|p2a: Spike|spe|1
|move|p1a: TREE?|Shadow Ball|p2a: Spike
|-resisted|p2a: Spike
|-damage|p2a: Spike|70/100
|
|-weather|RainDance|[upkeep]
|upkeep
|turn|15
|inactive|Kochu_shak ㋛ has 120 seconds left.
|
|t:|1781160555
|switch|p1a: QUIL|Araquanid, F|1/100
|-damage|p1a: QUIL|0 fnt|[from] Stealth Rock
|faint|p1a: QUIL
|move|p2a: Spike|Liquidation|p1: QUIL|[notarget]
|-fail|p2a: Spike
|
|-weather|none
|upkeep
|inactive|Kochu_shak ㋛ has 120 seconds left.
|
|t:|1781160561
|switch|p1a: CALA|Iron Moth|100/100
|-damage|p1a: CALA|76/100|[from] Stealth Rock
|-enditem|p1a: CALA|Booster Energy
|-activate|p1a: CALA|ability: Quark Drive|[fromitem]
|-start|p1a: CALA|quarkdrivespa
|turn|16
|
|t:|1781160574
|move|p1a: CALA|Fiery Dance|p2a: Spike
|-damage|p2a: Spike|0 fnt
|faint|p2a: Spike
|
|upkeep
|
|t:|1781160576
|switch|p2a: Flip Flop|Barraskewda, F|6/100
|-activate|p2a: Flip Flop|move: Sticky Web
|-unboost|p2a: Flip Flop|spe|1
|turn|17
|inactive|Kochu_shak ㋛ has 120 seconds left.
|j| kanaete onegai
|
|t:|1781160605
|-terastallize|p1a: CALA|Grass
|move|p2a: Flip Flop|Aqua Jet|p1a: CALA
|-resisted|p1a: CALA
|-damage|p1a: CALA|45/100
|move|p1a: CALA|Fiery Dance|p2a: Flip Flop
|-resisted|p2a: Flip Flop
|-damage|p2a: Flip Flop|0 fnt
|-boost|p1a: CALA|spa|1
|faint|p2a: Flip Flop
|
|upkeep
|
|t:|1781160610
|switch|p2a: Queengambit|Kingambit, F|100/100
|-activate|p2a: Queengambit|move: Sticky Web
|-unboost|p2a: Queengambit|spe|1
|-activate|p2a: Queengambit|ability: Supreme Overlord
|-start|p2a: Queengambit|fallen4|[silent]
|turn|18
|
|t:|1781160623
|move|p1a: CALA|Substitute|p1a: CALA
|-start|p1a: CALA|Substitute
|-damage|p1a: CALA|20/100
|move|p2a: Queengambit|Swords Dance|p2a: Queengambit
|-boost|p2a: Queengambit|atk|2
|
|upkeep
|turn|19
|
|t:|1781160627
|move|p2a: Queengambit|Sucker Punch|p1a: CALA
|-end|p1a: CALA|Substitute
|move|p1a: CALA|Fiery Dance|p2a: Queengambit
|-supereffective|p2a: Queengambit
|-damage|p2a: Queengambit|0 fnt
|-boost|p1a: CALA|spa|1
|faint|p2a: Queengambit
|-end|p2a: Queengambit|fallen4|[silent]
|
|upkeep
|
|t:|1781160629
|switch|p2a: Iron Belly|Iron Treads|41/100
|-activate|p2a: Iron Belly|move: Sticky Web
|-unboost|p2a: Iron Belly|spe|1
|turn|20
|
|t:|1781160633
|move|p1a: CALA|Fiery Dance|p2a: Iron Belly
|-supereffective|p2a: Iron Belly
|-damage|p2a: Iron Belly|0 fnt
|faint|p2a: Iron Belly
|-end|p2a: Iron Belly|Quark Drive|[silent]
|
|win|Kochu_shak ㋛
|raw|Kochu_shak ㋛'s rating: 1747 &rarr; <strong>1762</strong><br />(+15 for winning)
|raw|psylxr's rating: 1659 &rarr; <strong>1644</strong><br />(-15 for losing)
|l|☆psylxr
|player|p2|
|l| tatam1 galaxy‽
|l| Krokmouyoyo
|j| tatam1 galaxy‽
|c| tatam1 galaxy‽|https://play.pokemonshowdown.com/battle-gen9ou-2629657573-9tpsuh7xk3d93mpxi14mlhllgn9cpevpw
|l| Nakoruru_XD
