|j|☆uu7gwasbetter
|j|☆Mystic_Meloetta
|t:|1781360886
|gametype|singles
|player|p1|uu7gwasbetter|170|1527
|player|p2|Mystic_Meloetta|2|1529
|gen|9
|tier|[Gen 9] OU
|rated|
|rule|HP Percentage Mod: HP is shown in percentages
|rule|Endless Battle Clause: Forcing endless battles is banned
|rule|Species Clause: Limit one of each Pokémon
|rule|OHKO Clause: OHKO moves are banned
|rule|Evasion Items Clause: Evasion items are banned
|rule|Evasion Moves Clause: Evasion moves are banned
|rule|Evasion Abilities Clause: Evasion abilities are banned
|rule|Sleep Moves Clause: Sleep-inducing moves are banned
|clearpoke
|poke|p1|Torkoal, M|
|poke|p1|Dragapult, M|
|poke|p1|Iron Moth|
|poke|p1|Kingambit, F|
|poke|p1|Ceruledge, M|
|poke|p1|Staraptor, M|
|poke|p2|Jirachi|
|poke|p2|Garganacl, F|
|poke|p2|Quaquaval, M|
|poke|p2|Iron Valiant|
|poke|p2|Weezing-Galar, F|
|poke|p2|Meowscarada, F|
|teampreview
|inactive|Battle timer is ON: inactive players will automatically lose when time's up. (requested by uu7gwasbetter)
|
|t:|1781360903
|teamsize|p1|6
|teamsize|p2|6
|start
|switch|p1a: Torkoal|Torkoal, M|100/100
|switch|p2a: Garganacl|Garganacl, F|100/100
|-weather|SunnyDay|[from] ability: Drought|[of] p1a: Torkoal
|turn|1
|
|t:|1781360907
|move|p2a: Garganacl|Salt Cure|p1a: Torkoal
|-supereffective|p1a: Torkoal
|-crit|p1a: Torkoal
|-damage|p1a: Torkoal|69/100
|-start|p1a: Torkoal|Salt Cure
|move|p1a: Torkoal|Stealth Rock|p2a: Garganacl
|-sidestart|p2: Mystic_Meloetta|move: Stealth Rock
|
|-weather|SunnyDay|[upkeep]
|-damage|p1a: Torkoal|56/100|[from] Salt Cure
|upkeep
|turn|2
|
|t:|1781360916
|switch|p1a: Dragapult|Dragapult, M|100/100
|move|p2a: Garganacl|Salt Cure|p1a: Dragapult
|-damage|p1a: Dragapult|80/100
|-start|p1a: Dragapult|Salt Cure
|
|-weather|SunnyDay|[upkeep]
|-heal|p1a: Dragapult|86/100|[from] item: Leftovers
|-damage|p1a: Dragapult|74/100|[from] Salt Cure
|upkeep
|turn|3
|
|t:|1781360920
|switch|p1a: Staraptor|Staraptor, M|100/100
|move|p2a: Garganacl|Salt Cure|p1a: Staraptor
|-supereffective|p1a: Staraptor
|-damage|p1a: Staraptor|65/100
|-start|p1a: Staraptor|Salt Cure
|
|-weather|SunnyDay|[upkeep]
|-damage|p1a: Staraptor|53/100|[from] Salt Cure
|upkeep
|turn|4
|
|t:|1781360925
|switch|p2a: Weezing|Weezing-Galar, F|100/100
|-ability|p2a: Weezing|Neutralizing Gas
|-damage|p2a: Weezing|88/100|[from] Stealth Rock
|move|p1a: Staraptor|Final Gambit|p2a: Weezing
|-damage|p2a: Weezing|30/100
|faint|p1a: Staraptor
|
|-weather|SunnyDay|[upkeep]
|-heal|p2a: Weezing|36/100|[from] item: Leftovers
|upkeep
|
|t:|1781360929
|switch|p1a: Iron Moth|Iron Moth|100/100
|turn|5
|
|t:|1781360932
|-end|p2a: Weezing|ability: Neutralizing Gas
|switch|p2a: Quaquaval|Quaquaval, M|100/100
|-enditem|p1a: Iron Moth|Booster Energy
|-activate|p1a: Iron Moth|ability: Quark Drive|[fromitem]
|-start|p1a: Iron Moth|quarkdrivespe
|-damage|p2a: Quaquaval|94/100|[from] Stealth Rock
|move|p1a: Iron Moth|Fiery Dance|p2a: Quaquaval
|-resisted|p2a: Quaquaval
|-damage|p2a: Quaquaval|78/100
|
|-weather|none
|upkeep
|turn|6
|
|t:|1781360940
|-end|p1a: Iron Moth|Quark Drive|[silent]
|switch|p1a: Ceruledge|Ceruledge, M|100/100
|move|p2a: Quaquaval|Rapid Spin|p1a: Ceruledge
|-immune|p1a: Ceruledge
|
|upkeep
|turn|7
|
|t:|1781360946
|move|p1a: Ceruledge|Swords Dance|p1a: Ceruledge
|-boost|p1a: Ceruledge|atk|2
|move|p2a: Quaquaval|Knock Off|p1a: Ceruledge
|-supereffective|p1a: Ceruledge
|-damage|p1a: Ceruledge|38/100
|-ability|p1a: Ceruledge|Weak Armor|boost
|-unboost|p1a: Ceruledge|def|1
|-boost|p1a: Ceruledge|spe|2
|-enditem|p1a: Ceruledge|Focus Sash|[from] move: Knock Off|[of] p2a: Quaquaval
|
|upkeep
|turn|8
|
|t:|1781360950
|move|p1a: Ceruledge|Poltergeist|p2a: Quaquaval
|-activate|p2a: Quaquaval|move: Poltergeist|Assault Vest
|-damage|p2a: Quaquaval|0 fnt
|faint|p2a: Quaquaval
|
|upkeep
|
|t:|1781360957
|switch|p2a: Meowscarada|Meowscarada, F|100/100
|-damage|p2a: Meowscarada|88/100|[from] Stealth Rock
|turn|9
|
|t:|1781360960
|move|p2a: Meowscarada|Knock Off|p1a: Ceruledge
|-start|p2a: Meowscarada|typechange|Dark|[from] ability: Protean
|-supereffective|p1a: Ceruledge
|-damage|p1a: Ceruledge|0 fnt
|faint|p1a: Ceruledge
|
|upkeep
|
|t:|1781360984
|switch|p1a: Torkoal|Torkoal, M|56/100
|-weather|SunnyDay|[from] ability: Drought|[of] p1a: Torkoal
|turn|10
|
|t:|1781360989
|move|p2a: Meowscarada|Knock Off|p1a: Torkoal
|-damage|p1a: Torkoal|19/100
|-enditem|p1a: Torkoal|Heavy-Duty Boots|[from] move: Knock Off|[of] p2a: Meowscarada
|move|p1a: Torkoal|Lava Plume|p2a: Meowscarada
|-damage|p2a: Meowscarada|28/100
|
|-weather|SunnyDay|[upkeep]
|upkeep
|turn|11
|
|t:|1781360996
|move|p2a: Meowscarada|Knock Off|p1a: Torkoal
|-crit|p1a: Torkoal
|-damage|p1a: Torkoal|0 fnt
|faint|p1a: Torkoal
|
|-weather|SunnyDay|[upkeep]
|upkeep
|
|t:|1781360999
|switch|p1a: Iron Moth|Iron Moth|100/100
|turn|12
|
|t:|1781361014
|switch|p2a: Weezing|Weezing-Galar, F|36/100
|-ability|p2a: Weezing|Neutralizing Gas
|-damage|p2a: Weezing|23/100|[from] Stealth Rock
|move|p1a: Iron Moth|Fiery Dance|p2a: Weezing
|-damage|p2a: Weezing|0 fnt
|-boost|p1a: Iron Moth|spa|1
|faint|p2a: Weezing
|-end|p2a: Weezing|ability: Neutralizing Gas
|
|-weather|SunnyDay|[upkeep]
|upkeep
|
|t:|1781361017
|switch|p2a: Garganacl|Garganacl, F|100/100
|-damage|p2a: Garganacl|88/100|[from] Stealth Rock
|turn|13
|
|t:|1781361024
|-terastallize|p1a: Iron Moth|Grass
|-terastallize|p2a: Garganacl|Ghost
|move|p1a: Iron Moth|Energy Ball|p2a: Garganacl
|-damage|p2a: Garganacl|28/100
|move|p2a: Garganacl|Salt Cure|p1a: Iron Moth
|-damage|p1a: Iron Moth|78/100
|-start|p1a: Iron Moth|Salt Cure
|
|-weather|SunnyDay|[upkeep]
|-heal|p2a: Garganacl|35/100|[from] item: Leftovers
|-damage|p1a: Iron Moth|65/100|[from] Salt Cure
|upkeep
|turn|14
|
|t:|1781361033
|move|p1a: Iron Moth|Fiery Dance|p2a: Garganacl
|-damage|p2a: Garganacl|0 fnt
|faint|p2a: Garganacl
|
|-weather|none
|-damage|p1a: Iron Moth|53/100|[from] Salt Cure
|upkeep
|
|t:|1781361036
|switch|p2a: Meowscarada|Meowscarada, F|28/100
|-damage|p2a: Meowscarada|16/100|[from] Stealth Rock
|turn|15
|
|t:|1781361043
|move|p2a: Meowscarada|U-turn|p1a: Iron Moth
|-start|p2a: Meowscarada|typechange|Bug|[from] ability: Protean
|-supereffective|p1a: Iron Moth
|-damage|p1a: Iron Moth|0 fnt
|faint|p1a: Iron Moth
|-end|p1a: Iron Moth|Quark Drive|[silent]
|
|t:|1781361049
|switch|p2a: Jirachi|Jirachi|100/100|[from] U-turn
|-damage|p2a: Jirachi|94/100|[from] Stealth Rock
|
|-heal|p2a: Jirachi|100/100|[from] item: Leftovers
|upkeep
|
|t:|1781361052
|switch|p1a: Dragapult|Dragapult, M|74/100
|turn|16
|
|t:|1781361056
|move|p1a: Dragapult|Substitute|p1a: Dragapult
|-start|p1a: Dragapult|Substitute
|-damage|p1a: Dragapult|49/100
|move|p2a: Jirachi|Thunder Wave||[still]
|-fail|p2a: Jirachi
|
|-heal|p1a: Dragapult|55/100|[from] item: Leftovers
|upkeep
|turn|17
|
|t:|1781361063
|move|p1a: Dragapult|Phantom Force||[still]
|-prepare|p1a: Dragapult|Phantom Force
|move|p2a: Jirachi|U-turn|p1a: Dragapult|[miss]
|-miss|p2a: Jirachi|p1a: Dragapult
|
|-heal|p1a: Dragapult|61/100|[from] item: Leftovers
|upkeep
|turn|18
|
|t:|1781361071
|move|p1a: Dragapult|Phantom Force|p2a: Jirachi|[from] lockedmove
|-supereffective|p2a: Jirachi
|-damage|p2a: Jirachi|16/100
|move|p2a: Jirachi|U-turn|p1a: Dragapult
|-resisted|p1a: Dragapult
|-activate|p1a: Dragapult|move: Substitute|[damage]
|
|t:|1781361074
|switch|p2a: Meowscarada|Meowscarada, F|16/100|[from] U-turn
|-damage|p2a: Meowscarada|3/100|[from] Stealth Rock
|
|-heal|p1a: Dragapult|67/100|[from] item: Leftovers
|upkeep
|turn|19
|
|t:|1781361085
|move|p2a: Meowscarada|Triple Axel|p1a: Dragapult|[miss]
|-start|p2a: Meowscarada|typechange|Ice|[from] ability: Protean
|-miss|p2a: Meowscarada|p1a: Dragapult
|move|p1a: Dragapult|Dragon Dance|p1a: Dragapult
|-boost|p1a: Dragapult|atk|1
|-boost|p1a: Dragapult|spe|1
|
|-heal|p1a: Dragapult|73/100|[from] item: Leftovers
|upkeep
|turn|20
|c|☆uu7gwasbetter|Yolo
|
|t:|1781361103
|move|p1a: Dragapult|Dragon Darts|p2a: Meowscarada
|-damage|p2a: Meowscarada|0 fnt
|faint|p2a: Meowscarada
|
|-heal|p1a: Dragapult|79/100|[from] item: Leftovers
|upkeep
|
|t:|1781361107
|switch|p2a: Iron Valiant|Iron Valiant|100/100
|-damage|p2a: Iron Valiant|94/100|[from] Stealth Rock
|turn|21
|
|t:|1781361112
|move|p1a: Dragapult|Phantom Force||[still]
|-prepare|p1a: Dragapult|Phantom Force
|move|p2a: Iron Valiant|Moonblast|p1a: Dragapult|[miss]
|-miss|p2a: Iron Valiant|p1a: Dragapult
|
|-heal|p1a: Dragapult|85/100|[from] item: Leftovers
|upkeep
|turn|22
|
|t:|1781361119
|move|p1a: Dragapult|Phantom Force|p2a: Iron Valiant|[from] lockedmove
|-damage|p2a: Iron Valiant|0 fnt
|faint|p2a: Iron Valiant
|-end|p2a: Iron Valiant|Quark Drive|[silent]
|
|-heal|p1a: Dragapult|91/100|[from] item: Leftovers
|upkeep
|-message|Mystic_Meloetta forfeited.
|
|win|uu7gwasbetter
|raw|uu7gwasbetter's rating: 1527 &rarr; <strong>1547</strong><br />(+20 for winning)
|raw|Mystic_Meloetta's rating: 1529 &rarr; <strong>1509</strong><br />(-20 for losing)
|l|☆uu7gwasbetter
|player|p1|
|l|☆Mystic_Meloetta
|player|p2|
