|j|☆kadu99
|j|☆KurisuChestnutLab
|t:|1781158546
|gametype|singles
|player|p1|kadu99|policeman-gen4|1638
|player|p2|KurisuChestnutLab|may-contest|1535
|gen|9
|tier|[Gen 9] OU
|rated|
|rule|HP Percentage Mod: HP is shown in percentages
|rule|Endless Battle Clause: Forcing endless battles is banned
|rule|Species Clause: Limit one of each Pokémon
|rule|OHKO Clause: OHKO moves are banned
|rule|Evasion Items Clause: Evasion items are banned
|rule|Evasion Moves Clause: Evasion moves are banned
|rule|Evasion Abilities Clause: Evasion abilities are banned
|rule|Sleep Moves Clause: Sleep-inducing moves are banned
|clearpoke
|poke|p1|Iron Valiant|
|poke|p1|Ogerpon-Wellspring, F|
|poke|p1|Ting-Lu|
|poke|p1|Pecharunt|
|poke|p1|Cinderace, M|
|poke|p1|Dragonite, M|
|poke|p2|Zamazenta-*|
|poke|p2|Zapdos|
|poke|p2|Garganacl, M|
|poke|p2|Clefable, M|
|poke|p2|Samurott-Hisui, M|
|poke|p2|Gholdengo|
|teampreview
|inactive|Battle timer is ON: inactive players will automatically lose when time's up. (requested by kadu99)
|inactive|KurisuChestnutLab also wants the timer to be on.
|
|t:|1781158570
|teamsize|p1|6
|teamsize|p2|6
|start
|switch|p1a: SwordArtOnline|Iron Valiant|100/100
|switch|p2a: Samurott|Samurott-Hisui, M|100/100
|turn|1
|
|t:|1781158573
|switch|p2a: Gholdengo|Gholdengo|100/100
|move|p1a: SwordArtOnline|Close Combat|p2a: Gholdengo
|-immune|p2a: Gholdengo
|
|upkeep
|turn|2
|
|t:|1781158581
|switch|p2a: Samurott|Samurott-Hisui, M|100/100
|-end|p1a: SwordArtOnline|Quark Drive|[silent]
|switch|p1a: LooTing|Ting-Lu|100/100
|-ability|p1a: LooTing|Vessel of Ruin
|
|upkeep
|turn|3
|
|t:|1781158592
|move|p2a: Samurott|Razor Shell|p1a: LooTing
|-supereffective|p1a: LooTing
|-damage|p1a: LooTing|48/100
|-unboost|p1a: LooTing|def|1
|move|p1a: LooTing|Ruination|p2a: Samurott
|-damage|p2a: Samurott|51/100
|
|-heal|p1a: LooTing|54/100|[from] item: Leftovers
|upkeep
|turn|4
|
|t:|1781158599
|switch|p1a: s26 ultra 5g 512gb|Dragonite, M|100/100
|move|p2a: Samurott|Razor Shell|p1a: s26 ultra 5g 512gb
|-resisted|p1a: s26 ultra 5g 512gb
|-damage|p1a: s26 ultra 5g 512gb|90/100
|
|upkeep
|turn|5
|
|t:|1781158606
|switch|p2a: Zamazenta|Zamazenta|100/100
|-ability|p2a: Zamazenta|Dauntless Shield|boost
|-boost|p2a: Zamazenta|def|1
|move|p1a: s26 ultra 5g 512gb|Roost|p1a: s26 ultra 5g 512gb
|-heal|p1a: s26 ultra 5g 512gb|100/100
|-singleturn|p1a: s26 ultra 5g 512gb|move: Roost
|
|upkeep
|turn|6
|
|t:|1781158610
|move|p2a: Zamazenta|Crunch|p1a: s26 ultra 5g 512gb
|-damage|p1a: s26 ultra 5g 512gb|91/100
|-unboost|p1a: s26 ultra 5g 512gb|def|1
|move|p1a: s26 ultra 5g 512gb|Dragon Tail|p2a: Zamazenta
|-damage|p2a: Zamazenta|83/100
|drag|p2a: Samurott|Samurott-Hisui, M|51/100
|
|upkeep
|turn|7
|
|t:|1781158630
|switch|p1a: SwordArtOnline|Iron Valiant|100/100
|move|p2a: Samurott|Ceaseless Edge|p1a: SwordArtOnline
|-resisted|p1a: SwordArtOnline
|-damage|p1a: SwordArtOnline|86/100
|-sidestart|p1: kadu99|Spikes
|
|upkeep
|turn|8
|
|t:|1781158636
|move|p2a: Samurott|Ceaseless Edge|p1a: SwordArtOnline
|-resisted|p1a: SwordArtOnline
|-damage|p1a: SwordArtOnline|72/100
|-sidestart|p1: kadu99|Spikes
|move|p1a: SwordArtOnline|Moonblast|p2a: Samurott
|-supereffective|p2a: Samurott
|-damage|p2a: Samurott|0 fnt
|faint|p2a: Samurott
|
|upkeep
|
|t:|1781158642
|switch|p2a: Gholdengo|Gholdengo|100/100
|turn|9
|
|t:|1781158658
|switch|p2a: Zamazenta|Zamazenta|83/100
|move|p1a: SwordArtOnline|Destiny Bond|p1a: SwordArtOnline
|-singlemove|p1a: SwordArtOnline|Destiny Bond
|
|-heal|p2a: Zamazenta|89/100|[from] item: Leftovers
|upkeep
|turn|10
|
|t:|1781158664
|switch|p2a: Gholdengo|Gholdengo|100/100
|move|p1a: SwordArtOnline|Moonblast|p2a: Gholdengo
|-resisted|p2a: Gholdengo
|-damage|p2a: Gholdengo|71/100
|
|upkeep
|turn|11
|
|t:|1781158669
|switch|p2a: Zamazenta|Zamazenta|89/100
|move|p1a: SwordArtOnline|Destiny Bond|p1a: SwordArtOnline
|-singlemove|p1a: SwordArtOnline|Destiny Bond
|
|-heal|p2a: Zamazenta|96/100|[from] item: Leftovers
|upkeep
|turn|12
|
|t:|1781158676
|switch|p2a: Gholdengo|Gholdengo|71/100
|move|p1a: SwordArtOnline|Moonblast|p2a: Gholdengo
|-resisted|p2a: Gholdengo
|-damage|p2a: Gholdengo|44/100
|
|upkeep
|turn|13
|
|t:|1781158684
|move|p2a: Gholdengo|Make It Rain|p1a: SwordArtOnline
|-supereffective|p1a: SwordArtOnline
|-damage|p1a: SwordArtOnline|0 fnt
|-unboost|p2a: Gholdengo|spa|1
|faint|p1a: SwordArtOnline
|-end|p1a: SwordArtOnline|Quark Drive|[silent]
|
|upkeep
|
|t:|1781158705
|switch|p1a: Ronaldinho|Cinderace, M|100/100
|turn|14
|
|t:|1781158709
|move|p2a: Gholdengo|Make It Rain|p1a: Ronaldinho
|-resisted|p1a: Ronaldinho
|-damage|p1a: Ronaldinho|69/100
|-unboost|p2a: Gholdengo|spa|1
|move|p1a: Ronaldinho|Court Change|p1a: Ronaldinho
|-start|p1a: Ronaldinho|typechange|Normal|[from] ability: Libero
|-swapsideconditions
|-activate|p1a: Ronaldinho|move: Court Change
|
|upkeep
|turn|15
|
|t:|1781158714
|switch|p2a: Zamazenta|Zamazenta|96/100
|-damage|p2a: Zamazenta|79/100|[from] Spikes
|move|p1a: Ronaldinho|Pyro Ball|p2a: Zamazenta
|-damage|p2a: Zamazenta|52/100
|
|-heal|p2a: Zamazenta|58/100|[from] item: Leftovers
|upkeep
|turn|16
|
|t:|1781158718
|switch|p1a: Cherrypop|Pecharunt|100/100
|move|p2a: Zamazenta|Crunch|p1a: Cherrypop
|-supereffective|p1a: Cherrypop
|-damage|p1a: Cherrypop|70/100
|
|-heal|p2a: Zamazenta|64/100|[from] item: Leftovers
|upkeep
|turn|17
|
|t:|1781158723
|move|p2a: Zamazenta|Crunch|p1a: Cherrypop
|-supereffective|p1a: Cherrypop
|-damage|p1a: Cherrypop|38/100
|move|p1a: Cherrypop|Recover|p1a: Cherrypop
|-heal|p1a: Cherrypop|88/100
|
|-heal|p2a: Zamazenta|70/100|[from] item: Leftovers
|upkeep
|turn|18
|
|t:|1781158727
|switch|p2a: Garganacl|Garganacl, M|100/100
|-damage|p2a: Garganacl|84/100|[from] Spikes
|move|p1a: Cherrypop|Malignant Chain|p2a: Garganacl
|-resisted|p2a: Garganacl
|-damage|p2a: Garganacl|72/100
|
|-heal|p2a: Garganacl|78/100|[from] item: Leftovers
|upkeep
|turn|19
|
|t:|1781158738
|move|p1a: Cherrypop|Nasty Plot|p1a: Cherrypop
|-boost|p1a: Cherrypop|spa|2
|move|p2a: Garganacl|Salt Cure|p1a: Cherrypop
|-damage|p1a: Cherrypop|77/100
|-start|p1a: Cherrypop|Salt Cure
|
|-heal|p2a: Garganacl|84/100|[from] item: Leftovers
|-damage|p1a: Cherrypop|65/100|[from] Salt Cure
|upkeep
|turn|20
|
|t:|1781158743
|move|p1a: Cherrypop|Nasty Plot|p1a: Cherrypop
|-boost|p1a: Cherrypop|spa|2
|move|p2a: Garganacl|Earthquake|p1a: Cherrypop
|-supereffective|p1a: Cherrypop
|-damage|p1a: Cherrypop|32/100
|
|-heal|p2a: Garganacl|90/100|[from] item: Leftovers
|-damage|p1a: Cherrypop|20/100|[from] Salt Cure
|upkeep
|turn|21
|
|t:|1781158748
|move|p1a: Cherrypop|Recover|p1a: Cherrypop
|-heal|p1a: Cherrypop|70/100
|move|p2a: Garganacl|Stealth Rock|p1a: Cherrypop
|-sidestart|p1: kadu99|move: Stealth Rock
|
|-heal|p2a: Garganacl|97/100|[from] item: Leftovers
|-damage|p1a: Cherrypop|58/100|[from] Salt Cure
|upkeep
|turn|22
|
|t:|1781158754
|move|p1a: Cherrypop|Malignant Chain|p2a: Garganacl
|-resisted|p2a: Garganacl
|-damage|p2a: Garganacl|58/100
|move|p2a: Garganacl|Earthquake|p1a: Cherrypop
|-supereffective|p1a: Cherrypop
|-damage|p1a: Cherrypop|22/100
|
|-heal|p2a: Garganacl|64/100|[from] item: Leftovers
|-damage|p1a: Cherrypop|10/100|[from] Salt Cure
|upkeep
|turn|23
|
|t:|1781158761
|move|p1a: Cherrypop|Malignant Chain|p2a: Garganacl
|-resisted|p2a: Garganacl
|-damage|p2a: Garganacl|24/100
|move|p2a: Garganacl|Earthquake|p1a: Cherrypop
|-supereffective|p1a: Cherrypop
|-damage|p1a: Cherrypop|0 fnt
|faint|p1a: Cherrypop
|
|-heal|p2a: Garganacl|30/100|[from] item: Leftovers
|upkeep
|
|t:|1781158782
|switch|p1a: LooTing|Ting-Lu|54/100
|-damage|p1a: LooTing|48/100|[from] Stealth Rock
|-ability|p1a: LooTing|Vessel of Ruin
|turn|24
|
|t:|1781158785
|move|p1a: LooTing|Earthquake|p2a: Garganacl
|-supereffective|p2a: Garganacl
|-damage|p2a: Garganacl|0 fnt
|faint|p2a: Garganacl
|
|-heal|p1a: LooTing|54/100|[from] item: Leftovers
|upkeep
|
|t:|1781158793
|switch|p2a: Zamazenta|Zamazenta|70/100
|-damage|p2a: Zamazenta|54/100|[from] Spikes
|turn|25
|
|t:|1781158796
|switch|p1a: s26 ultra 5g 512gb|Dragonite, M|91/100
|move|p2a: Zamazenta|Iron Defense|p2a: Zamazenta
|-boost|p2a: Zamazenta|def|2
|
|-heal|p2a: Zamazenta|60/100|[from] item: Leftovers
|upkeep
|turn|26
|
|t:|1781158800
|move|p2a: Zamazenta|Roar|p1a: s26 ultra 5g 512gb
|drag|p1a: LooTing|Ting-Lu|54/100
|-damage|p1a: LooTing|48/100|[from] Stealth Rock
|-ability|p1a: LooTing|Vessel of Ruin
|
|-heal|p2a: Zamazenta|66/100|[from] item: Leftovers
|-heal|p1a: LooTing|54/100|[from] item: Leftovers
|upkeep
|turn|27
|
|t:|1781158806
|-terastallize|p1a: LooTing|Water
|move|p2a: Zamazenta|Roar|p1a: LooTing
|drag|p1a: Ronaldinho|Cinderace, M|69/100
|
|-heal|p2a: Zamazenta|72/100|[from] item: Leftovers
|upkeep
|turn|28
|
|t:|1781158813
|move|p2a: Zamazenta|Iron Defense|p2a: Zamazenta
|-boost|p2a: Zamazenta|def|2
|move|p1a: Ronaldinho|Pyro Ball|p2a: Zamazenta
|-damage|p2a: Zamazenta|58/100
|
|-heal|p2a: Zamazenta|64/100|[from] item: Leftovers
|upkeep
|turn|29
|
|t:|1781158819
|move|p2a: Zamazenta|Body Press|p1a: Ronaldinho
|-damage|p1a: Ronaldinho|0 fnt
|faint|p1a: Ronaldinho
|
|-heal|p2a: Zamazenta|70/100|[from] item: Leftovers
|upkeep
|
|t:|1781158825
|switch|p1a: s26 ultra 5g 512gb|Dragonite, M|91/100
|turn|30
|
|t:|1781158829
|move|p1a: s26 ultra 5g 512gb|Roost|p1a: s26 ultra 5g 512gb
|-heal|p1a: s26 ultra 5g 512gb|100/100
|-singleturn|p1a: s26 ultra 5g 512gb|move: Roost
|move|p2a: Zamazenta|Roar|p1a: s26 ultra 5g 512gb
|drag|p1a: Ludicolo Fan|Ogerpon-Wellspring, F|100/100
|-damage|p1a: Ludicolo Fan|88/100|[from] Stealth Rock
|
|-heal|p2a: Zamazenta|77/100|[from] item: Leftovers
|upkeep
|turn|31
|
|t:|1781158837
|move|p2a: Zamazenta|Body Press|p1a: Ludicolo Fan
|-damage|p1a: Ludicolo Fan|0 fnt
|faint|p1a: Ludicolo Fan
|
|-heal|p2a: Zamazenta|83/100|[from] item: Leftovers
|upkeep
|
|t:|1781158839
|switch|p1a: s26 ultra 5g 512gb|Dragonite, M|100/100
|turn|32
|
|t:|1781158845
|move|p1a: s26 ultra 5g 512gb|Earthquake|p2a: Zamazenta
|-damage|p2a: Zamazenta|72/100
|move|p2a: Zamazenta|Roar|p1a: s26 ultra 5g 512gb
|drag|p1a: LooTing|Ting-Lu, tera:Water|54/100
|-damage|p1a: LooTing|42/100|[from] Stealth Rock
|-ability|p1a: LooTing|Vessel of Ruin
|
|-heal|p2a: Zamazenta|78/100|[from] item: Leftovers
|-heal|p1a: LooTing|48/100|[from] item: Leftovers
|upkeep
|turn|33
|
|t:|1781158849
|move|p2a: Zamazenta|Body Press|p1a: LooTing
|-damage|p1a: LooTing|0 fnt
|faint|p1a: LooTing
|
|-heal|p2a: Zamazenta|84/100|[from] item: Leftovers
|upkeep
|
|t:|1781158851
|switch|p1a: s26 ultra 5g 512gb|Dragonite, M|100/100
|turn|34
|
|t:|1781158854
|move|p2a: Zamazenta|Crunch|p1a: s26 ultra 5g 512gb
|-damage|p1a: s26 ultra 5g 512gb|90/100
|move|p1a: s26 ultra 5g 512gb|Dragon Tail|p2a: Zamazenta
|-damage|p2a: Zamazenta|75/100
|drag|p2a: Gholdengo|Gholdengo|44/100
|-damage|p2a: Gholdengo|27/100|[from] Spikes
|
|upkeep
|turn|35
|
|t:|1781158864
|move|p2a: Gholdengo|Dazzling Gleam|p1a: s26 ultra 5g 512gb
|-supereffective|p1a: s26 ultra 5g 512gb
|-damage|p1a: s26 ultra 5g 512gb|42/100
|move|p1a: s26 ultra 5g 512gb|Roost|p1a: s26 ultra 5g 512gb
|-heal|p1a: s26 ultra 5g 512gb|92/100
|-singleturn|p1a: s26 ultra 5g 512gb|move: Roost
|
|upkeep
|turn|36
|
|t:|1781158870
|move|p2a: Gholdengo|Dazzling Gleam|p1a: s26 ultra 5g 512gb
|-supereffective|p1a: s26 ultra 5g 512gb
|-damage|p1a: s26 ultra 5g 512gb|43/100
|move|p1a: s26 ultra 5g 512gb|Earthquake|p2a: Gholdengo
|-supereffective|p2a: Gholdengo
|-damage|p2a: Gholdengo|0 fnt
|faint|p2a: Gholdengo
|
|upkeep
|-message|kadu99 forfeited.
|
|win|KurisuChestnutLab
|raw|kadu99's rating: 1638 &rarr; <strong>1612</strong><br />(-26 for losing)
|raw|KurisuChestnutLab's rating: 1535 &rarr; <strong>1561</strong><br />(+26 for winning)
|l|☆kadu99
|player|p1|
