|j|☆IRON VALIANT
|j|☆powerfulslash
|t:|1781238851
|gametype|singles
|player|p1|IRON VALIANT|miku-water|1548
|player|p2|powerfulslash|az|1531
|gen|9
|tier|[Gen 9] OU
|rated|
|rule|HP Percentage Mod: HP is shown in percentages
|rule|Endless Battle Clause: Forcing endless battles is banned
|rule|Species Clause: Limit one of each Pokémon
|rule|OHKO Clause: OHKO moves are banned
|rule|Evasion Items Clause: Evasion items are banned
|rule|Evasion Moves Clause: Evasion moves are banned
|rule|Evasion Abilities Clause: Evasion abilities are banned
|rule|Sleep Moves Clause: Sleep-inducing moves are banned
|clearpoke
|poke|p1|Tinkaton, F|
|poke|p1|Ogerpon, F|
|poke|p1|Great Tusk|
|poke|p1|Pecharunt|
|poke|p1|Alomomola, M|
|poke|p1|Hydreigon, M|
|poke|p2|Garganacl, M|
|poke|p2|Weezing-Galar, F|
|poke|p2|Corviknight, M|
|poke|p2|Dragapult, M|
|poke|p2|Slowking-Galar, M|
|poke|p2|Samurott-Hisui, F|
|teampreview
|
|t:|1781238865
|teamsize|p1|6
|teamsize|p2|6
|start
|switch|p1a: FLESH JUGULIS|Hydreigon, M, shiny|100/100
|switch|p2a: Specialist|Dragapult, M|100/100
|turn|1
|
|t:|1781238871
|switch|p2a: Dr. Garg|Garganacl, M|100/100
|switch|p1a: THE FISH|Alomomola, M, shiny|100/100
|
|upkeep
|turn|2
|
|t:|1781238875
|move|p1a: THE FISH|Flip Turn|p2a: Dr. Garg
|-supereffective|p2a: Dr. Garg
|-damage|p2a: Dr. Garg|80/100
|
|t:|1781238878
|switch|p1a: MANNY FROM ICE AGE|Great Tusk, shiny|100/100|[from] Flip Turn
|move|p2a: Dr. Garg|Salt Cure|p1a: MANNY FROM ICE AGE
|-resisted|p1a: MANNY FROM ICE AGE
|-damage|p1a: MANNY FROM ICE AGE|98/100
|-start|p1a: MANNY FROM ICE AGE|Salt Cure
|
|-heal|p2a: Dr. Garg|86/100|[from] item: Leftovers
|-damage|p1a: MANNY FROM ICE AGE|86/100|[from] Salt Cure
|upkeep
|turn|3
|
|t:|1781238883
|-end|p1a: MANNY FROM ICE AGE|Protosynthesis|[silent]
|switch|p1a: GIGATON|Tinkaton, F, shiny|100/100
|-item|p1a: GIGATON|Air Balloon
|move|p2a: Dr. Garg|Protect||[still]
|-fail|p2a: Dr. Garg
|
|-heal|p2a: Dr. Garg|92/100|[from] item: Leftovers
|upkeep
|turn|4
|
|t:|1781238888
|switch|p2a: Plague Doctor|Corviknight, M|100/100
|-ability|p2a: Plague Doctor|Pressure
|move|p1a: GIGATON|Encore||[still]
|-fail|p1a: GIGATON
|
|upkeep
|turn|5
|
|t:|1781238895
|switch|p1a: MYTHICALMALIGNANCE|Pecharunt|100/100
|move|p2a: Plague Doctor|Body Press|p1a: MYTHICALMALIGNANCE
|-immune|p1a: MYTHICALMALIGNANCE
|
|upkeep
|turn|6
|
|t:|1781238898
|switch|p2a: Dr. Garg|Garganacl, M|92/100
|move|p1a: MYTHICALMALIGNANCE|Parting Shot|p2a: Dr. Garg
|-unboost|p2a: Dr. Garg|atk|1
|-unboost|p2a: Dr. Garg|spa|1
|
|t:|1781238903
|switch|p1a: MASK ON|Ogerpon, F|100/100|[from] Parting Shot
|
|-heal|p2a: Dr. Garg|98/100|[from] item: Leftovers
|upkeep
|turn|7
|
|t:|1781238907
|switch|p2a: Plague Doctor|Corviknight, M|100/100
|-ability|p2a: Plague Doctor|Pressure
|move|p1a: MASK ON|Ivy Cudgel|p2a: Plague Doctor
|-resisted|p2a: Plague Doctor
|-damage|p2a: Plague Doctor|90/100
|
|upkeep
|turn|8
|
|t:|1781238912
|switch|p1a: THE FISH|Alomomola, M, shiny|100/100
|move|p2a: Plague Doctor|Iron Defense|p2a: Plague Doctor
|-boost|p2a: Plague Doctor|def|2
|
|upkeep
|turn|9
|
|t:|1781238920
|switch|p2a: Acupuncturist|Samurott-Hisui, F|100/100
|move|p1a: THE FISH|Flip Turn|p2a: Acupuncturist
|-resisted|p2a: Acupuncturist
|-damage|p2a: Acupuncturist|90/100
|
|t:|1781238924
|switch|p1a: MASK ON|Ogerpon, F|100/100|[from] Flip Turn
|
|upkeep
|turn|10
|
|t:|1781238927
|move|p2a: Acupuncturist|Flip Turn|p1a: MASK ON
|-resisted|p1a: MASK ON
|-damage|p1a: MASK ON|83/100
|
|t:|1781238930
|switch|p2a: Plague Doctor|Corviknight, M|90/100|[from] Flip Turn
|-ability|p2a: Plague Doctor|Pressure
|move|p1a: MASK ON|U-turn|p2a: Plague Doctor
|-resisted|p2a: Plague Doctor
|-damage|p2a: Plague Doctor|86/100
|-damage|p1a: MASK ON|66/100|[from] item: Rocky Helmet|[of] p2a: Plague Doctor
|
|t:|1781238932
|switch|p1a: FLESH JUGULIS|Hydreigon, M, shiny|100/100|[from] U-turn
|
|upkeep
|turn|11
|
|t:|1781238936
|switch|p2a: Nurse|Weezing-Galar, F|100/100
|-ability|p2a: Nurse|Neutralizing Gas
|move|p1a: FLESH JUGULIS|Flash Cannon|p2a: Nurse
|-supereffective|p2a: Nurse
|-damage|p2a: Nurse|0 fnt
|faint|p2a: Nurse
|-end|p2a: Nurse|ability: Neutralizing Gas
|
|upkeep
|
|t:|1781238939
|switch|p2a: Specialist|Dragapult, M|100/100
|turn|12
|
|t:|1781238942
|switch|p1a: THE FISH|Alomomola, M, shiny|100/100
|move|p2a: Specialist|Will-O-Wisp|p1a: THE FISH
|-status|p1a: THE FISH|brn
|
|-damage|p1a: THE FISH|94/100 brn|[from] brn
|upkeep
|turn|13
|
|t:|1781238944
|move|p2a: Specialist|Hex|p1a: THE FISH
|-damage|p1a: THE FISH|73/100 brn
|move|p1a: THE FISH|Flip Turn|p2a: Specialist
|-resisted|p2a: Specialist
|-damage|p2a: Specialist|95/100
|
|t:|1781238950
|switch|p1a: GIGATON|Tinkaton, F, shiny|100/100|[from] Flip Turn
|-item|p1a: GIGATON|Air Balloon
|
|upkeep
|turn|14
|
|t:|1781238953
|switch|p1a: THE FISH|Alomomola, M, shiny|100/100 brn
|move|p2a: Specialist|Will-O-Wisp|p1a: THE FISH
|-fail|p1a: THE FISH|brn
|
|-damage|p1a: THE FISH|94/100 brn|[from] brn
|upkeep
|turn|15
|
|t:|1781238956
|switch|p2a: Dr. Garg|Garganacl, M|98/100
|move|p1a: THE FISH|Play Rough|p2a: Dr. Garg
|-damage|p2a: Dr. Garg|93/100
|
|-heal|p2a: Dr. Garg|99/100|[from] item: Leftovers
|-damage|p1a: THE FISH|88/100 brn|[from] brn
|upkeep
|turn|16
|
|t:|1781238958
|move|p1a: THE FISH|Flip Turn|p2a: Dr. Garg
|-supereffective|p2a: Dr. Garg
|-damage|p2a: Dr. Garg|87/100
|
|t:|1781238961
|switch|p1a: MANNY FROM ICE AGE|Great Tusk, shiny|86/100|[from] Flip Turn
|move|p2a: Dr. Garg|Stealth Rock|p1a: MANNY FROM ICE AGE
|-sidestart|p1: IRON VALIANT|move: Stealth Rock
|
|-heal|p2a: Dr. Garg|94/100|[from] item: Leftovers
|upkeep
|turn|17
|
|t:|1781238968
|-terastallize|p2a: Dr. Garg|Fairy
|move|p1a: MANNY FROM ICE AGE|Headlong Rush|p2a: Dr. Garg
|-damage|p2a: Dr. Garg|55/100
|-unboost|p1a: MANNY FROM ICE AGE|def|1
|-unboost|p1a: MANNY FROM ICE AGE|spd|1
|move|p2a: Dr. Garg|Salt Cure|p1a: MANNY FROM ICE AGE
|-resisted|p1a: MANNY FROM ICE AGE
|-damage|p1a: MANNY FROM ICE AGE|82/100
|-start|p1a: MANNY FROM ICE AGE|Salt Cure
|
|-heal|p2a: Dr. Garg|61/100|[from] item: Leftovers
|-damage|p1a: MANNY FROM ICE AGE|70/100|[from] Salt Cure
|upkeep
|turn|18
|
|t:|1781238976
|-end|p1a: MANNY FROM ICE AGE|Protosynthesis|[silent]
|switch|p1a: GIGATON|Tinkaton, F, shiny|100/100
|-damage|p1a: GIGATON|94/100|[from] Stealth Rock
|-item|p1a: GIGATON|Air Balloon
|move|p2a: Dr. Garg|Recover|p2a: Dr. Garg
|-heal|p2a: Dr. Garg|100/100
|
|upkeep
|turn|19
|
|t:|1781238982
|switch|p2a: Plague Doctor|Corviknight, M|86/100
|-ability|p2a: Plague Doctor|Pressure
|move|p1a: GIGATON|Stealth Rock|p2a: Plague Doctor
|-sidestart|p2: powerfulslash|move: Stealth Rock
|
|upkeep
|turn|20
|
|t:|1781238986
|switch|p1a: MYTHICALMALIGNANCE|Pecharunt|100/100
|-damage|p1a: MYTHICALMALIGNANCE|88/100|[from] Stealth Rock
|switch|p2a: Dr. Garg|Garganacl, M, tera:Fairy|100/100
|-damage|p2a: Dr. Garg|88/100|[from] Stealth Rock
|
|-heal|p2a: Dr. Garg|94/100|[from] item: Leftovers
|upkeep
|turn|21
|
|t:|1781238989
|move|p1a: MYTHICALMALIGNANCE|Malignant Chain|p2a: Dr. Garg
|-supereffective|p2a: Dr. Garg
|-damage|p2a: Dr. Garg|51/100
|move|p2a: Dr. Garg|Salt Cure|p1a: MYTHICALMALIGNANCE
|-damage|p1a: MYTHICALMALIGNANCE|82/100
|-start|p1a: MYTHICALMALIGNANCE|Salt Cure
|
|-heal|p2a: Dr. Garg|57/100|[from] item: Leftovers
|-damage|p1a: MYTHICALMALIGNANCE|69/100|[from] Salt Cure
|upkeep
|turn|22
|
|t:|1781238996
|move|p1a: MYTHICALMALIGNANCE|Parting Shot|p2a: Dr. Garg
|-unboost|p2a: Dr. Garg|atk|1
|-unboost|p2a: Dr. Garg|spa|1
|
|t:|1781238998
|switch|p1a: FLESH JUGULIS|Hydreigon, M, shiny|100/100|[from] Parting Shot
|-damage|p1a: FLESH JUGULIS|88/100|[from] Stealth Rock
|move|p2a: Dr. Garg|Recover|p2a: Dr. Garg
|-heal|p2a: Dr. Garg|100/100
|
|upkeep
|turn|23
|
|t:|1781239001
|switch|p2a: Trudeau-king|Slowking-Galar, M|100/100
|-damage|p2a: Trudeau-king|88/100|[from] Stealth Rock
|move|p1a: FLESH JUGULIS|Flash Cannon|p2a: Trudeau-king
|-crit|p2a: Trudeau-king
|-damage|p2a: Trudeau-king|60/100
|-unboost|p2a: Trudeau-king|spd|1
|
|upkeep
|turn|24
|
|t:|1781239005
|switch|p1a: GIGATON|Tinkaton, F, shiny|94/100
|-damage|p1a: GIGATON|88/100|[from] Stealth Rock
|-item|p1a: GIGATON|Air Balloon
|switch|p2a: Specialist|Dragapult, M|95/100
|
|upkeep
|turn|25
|
|t:|1781239008
|move|p2a: Specialist|U-turn|p1a: GIGATON
|-resisted|p1a: GIGATON
|-damage|p1a: GIGATON|80/100
|-enditem|p1a: GIGATON|Air Balloon
|-enditem|p2a: Specialist|Heavy-Duty Boots|[silent]|[from] ability: Pickpocket|[of] p2a: Specialist
|-item|p1a: GIGATON|Heavy-Duty Boots|[from] ability: Pickpocket|[of] p2a: Specialist
|
|t:|1781239010
|switch|p2a: Plague Doctor|Corviknight, M|86/100|[from] U-turn
|-damage|p2a: Plague Doctor|73/100|[from] Stealth Rock
|-ability|p2a: Plague Doctor|Pressure
|move|p1a: GIGATON|Gigaton Hammer|p2a: Plague Doctor
|-resisted|p2a: Plague Doctor
|-damage|p2a: Plague Doctor|57/100
|
|upkeep
|turn|26
|
|t:|1781239014
|switch|p1a: MYTHICALMALIGNANCE|Pecharunt|69/100
|-damage|p1a: MYTHICALMALIGNANCE|57/100|[from] Stealth Rock
|move|p2a: Plague Doctor|Roost|p2a: Plague Doctor
|-heal|p2a: Plague Doctor|100/100
|-singleturn|p2a: Plague Doctor|move: Roost
|
|upkeep
|turn|27
|
|t:|1781239017
|switch|p2a: Dr. Garg|Garganacl, M, tera:Fairy|100/100
|-damage|p2a: Dr. Garg|88/100|[from] Stealth Rock
|move|p1a: MYTHICALMALIGNANCE|Recover|p1a: MYTHICALMALIGNANCE
|-heal|p1a: MYTHICALMALIGNANCE|100/100
|
|-heal|p2a: Dr. Garg|94/100|[from] item: Leftovers
|upkeep
|turn|28
|
|t:|1781239020
|move|p2a: Dr. Garg|Protect|p2a: Dr. Garg
|-singleturn|p2a: Dr. Garg|Protect
|move|p1a: MYTHICALMALIGNANCE|Malignant Chain|p2a: Dr. Garg
|-activate|p2a: Dr. Garg|move: Protect
|
|-heal|p2a: Dr. Garg|100/100|[from] item: Leftovers
|upkeep
|turn|29
|
|t:|1781239023
|switch|p2a: Trudeau-king|Slowking-Galar, M|94/100
|-damage|p2a: Trudeau-king|81/100|[from] Stealth Rock
|move|p1a: MYTHICALMALIGNANCE|Malignant Chain|p2a: Trudeau-king
|-resisted|p2a: Trudeau-king
|-damage|p2a: Trudeau-king|75/100
|
|upkeep
|turn|30
|
|t:|1781239025
|move|p1a: MYTHICALMALIGNANCE|Shadow Ball|p2a: Trudeau-king
|-supereffective|p2a: Trudeau-king
|-damage|p2a: Trudeau-king|53/100
|move|p2a: Trudeau-king|Future Sight|p1a: MYTHICALMALIGNANCE
|-start|p2a: Trudeau-king|move: Future Sight
|
|upkeep
|turn|31
|
|t:|1781239028
|move|p1a: MYTHICALMALIGNANCE|Parting Shot|p2a: Trudeau-king
|-unboost|p2a: Trudeau-king|atk|1
|-unboost|p2a: Trudeau-king|spa|1
|
|t:|1781239030
|switch|p1a: FLESH JUGULIS|Hydreigon, M, shiny|88/100|[from] Parting Shot
|-damage|p1a: FLESH JUGULIS|76/100|[from] Stealth Rock
|move|p2a: Trudeau-king|Sludge Bomb|p1a: FLESH JUGULIS
|-damage|p1a: FLESH JUGULIS|47/100
|
|upkeep
|turn|32
|
|t:|1781239038
|move|p1a: FLESH JUGULIS|Dark Pulse|p2a: Trudeau-king
|-supereffective|p2a: Trudeau-king
|-damage|p2a: Trudeau-king|4/100
|move|p2a: Trudeau-king|Sludge Bomb|p1a: FLESH JUGULIS
|-damage|p1a: FLESH JUGULIS|20/100
|-status|p1a: FLESH JUGULIS|psn
|
|-end|p1a: FLESH JUGULIS|move: Future Sight
|-immune|p1a: FLESH JUGULIS
|-damage|p1a: FLESH JUGULIS|7/100 psn|[from] psn
|upkeep
|turn|33
|
|t:|1781239056
|switch|p2a: Acupuncturist|Samurott-Hisui, F|90/100
|-damage|p2a: Acupuncturist|77/100|[from] Stealth Rock
|move|p1a: FLESH JUGULIS|Dark Pulse|p2a: Acupuncturist
|-resisted|p2a: Acupuncturist
|-damage|p2a: Acupuncturist|34/100
|
|-damage|p1a: FLESH JUGULIS|0 fnt|[from] psn
|faint|p1a: FLESH JUGULIS
|upkeep
|
|t:|1781239059
|switch|p1a: MASK ON|Ogerpon, F|66/100
|-damage|p1a: MASK ON|54/100|[from] Stealth Rock
|turn|34
|
|t:|1781239064
|-terastallize|p1a: MASK ON|Grass
|detailschange|p1a: MASK ON|Ogerpon-Teal-Tera, F, tera:Grass
|-ability|p1a: MASK ON|Embody Aspect (Teal)|boost
|-boost|p1a: MASK ON|spe|1
|move|p1a: MASK ON|Ivy Cudgel|p2a: Acupuncturist
|-supereffective|p2a: Acupuncturist
|-damage|p2a: Acupuncturist|0 fnt
|faint|p2a: Acupuncturist
|
|upkeep
|
|t:|1781239069
|switch|p2a: Plague Doctor|Corviknight, M|100/100
|-damage|p2a: Plague Doctor|88/100|[from] Stealth Rock
|-ability|p2a: Plague Doctor|Pressure
|turn|35
|
|t:|1781239073
|switch|p1a: MYTHICALMALIGNANCE|Pecharunt|100/100
|-damage|p1a: MYTHICALMALIGNANCE|88/100|[from] Stealth Rock
|move|p2a: Plague Doctor|Brave Bird|p1a: MYTHICALMALIGNANCE
|-damage|p1a: MYTHICALMALIGNANCE|71/100
|-damage|p2a: Plague Doctor|71/100|[from] item: Rocky Helmet|[of] p1a: MYTHICALMALIGNANCE
|-damage|p2a: Plague Doctor|66/100|[from] Recoil
|
|upkeep
|turn|36
|
|t:|1781239080
|move|p1a: MYTHICALMALIGNANCE|Shadow Ball|p2a: Plague Doctor
|-damage|p2a: Plague Doctor|42/100
|move|p2a: Plague Doctor|Roost|p2a: Plague Doctor
|-heal|p2a: Plague Doctor|92/100
|-singleturn|p2a: Plague Doctor|move: Roost
|
|upkeep
|turn|37
|
|t:|1781239084
|move|p1a: MYTHICALMALIGNANCE|Shadow Ball|p2a: Plague Doctor
|-damage|p2a: Plague Doctor|66/100
|move|p2a: Plague Doctor|Iron Defense|p2a: Plague Doctor
|-boost|p2a: Plague Doctor|def|2
|
|upkeep
|turn|38
|
|t:|1781239090
|switch|p1a: GIGATON|Tinkaton, F, shiny|80/100
|move|p2a: Plague Doctor|Roost|p2a: Plague Doctor
|-heal|p2a: Plague Doctor|100/100
|-singleturn|p2a: Plague Doctor|move: Roost
|
|upkeep
|turn|39
|
|t:|1781239096
|move|p1a: GIGATON|Encore|p2a: Plague Doctor
|-start|p2a: Plague Doctor|Encore
|move|p2a: Plague Doctor|Roost||[still]
|-fail|p2a: Plague Doctor|heal
|
|upkeep
|turn|40
|
|t:|1781239109
|switch|p1a: MYTHICALMALIGNANCE|Pecharunt|71/100
|-damage|p1a: MYTHICALMALIGNANCE|58/100|[from] Stealth Rock
|move|p2a: Plague Doctor|Roost||[still]
|-fail|p2a: Plague Doctor|heal
|
|upkeep
|turn|41
|
|t:|1781239115
|switch|p2a: Dr. Garg|Garganacl, M, tera:Fairy|100/100
|-damage|p2a: Dr. Garg|88/100|[from] Stealth Rock
|move|p1a: MYTHICALMALIGNANCE|Parting Shot|p2a: Dr. Garg
|-unboost|p2a: Dr. Garg|atk|1
|-unboost|p2a: Dr. Garg|spa|1
|
|t:|1781239119
|switch|p1a: GIGATON|Tinkaton, F, shiny|80/100|[from] Parting Shot
|
|-heal|p2a: Dr. Garg|94/100|[from] item: Leftovers
|upkeep
|turn|42
|
|t:|1781239124
|move|p2a: Dr. Garg|Protect|p2a: Dr. Garg
|-singleturn|p2a: Dr. Garg|Protect
|move|p1a: GIGATON|Gigaton Hammer|p2a: Dr. Garg
|-activate|p2a: Dr. Garg|move: Protect
|
|-heal|p2a: Dr. Garg|100/100|[from] item: Leftovers
|upkeep
|turn|43
|
|t:|1781239129
|switch|p1a: THE FISH|Alomomola, M, shiny|100/100 brn
|-damage|p1a: THE FISH|88/100 brn|[from] Stealth Rock
|switch|p2a: Plague Doctor|Corviknight, M|100/100
|-damage|p2a: Plague Doctor|88/100|[from] Stealth Rock
|-ability|p2a: Plague Doctor|Pressure
|
|-damage|p1a: THE FISH|82/100 brn|[from] brn
|upkeep
|turn|44
|
|t:|1781239131
|switch|p2a: Dr. Garg|Garganacl, M, tera:Fairy|100/100
|-damage|p2a: Dr. Garg|88/100|[from] Stealth Rock
|move|p1a: THE FISH|Flip Turn|p2a: Dr. Garg
|-damage|p2a: Dr. Garg|82/100
|
|t:|1781239137
|switch|p1a: MASK ON|Ogerpon-Teal-Tera, F, tera:Grass|54/100|[from] Flip Turn
|-damage|p1a: MASK ON|41/100|[from] Stealth Rock
|-ability|p1a: MASK ON|Embody Aspect (Teal)|boost
|-boost|p1a: MASK ON|spe|1
|
|-heal|p2a: Dr. Garg|89/100|[from] item: Leftovers
|upkeep
|turn|45
|
|t:|1781239139
|move|p2a: Dr. Garg|Protect|p2a: Dr. Garg
|-singleturn|p2a: Dr. Garg|Protect
|move|p1a: MASK ON|Ivy Cudgel|p2a: Dr. Garg
|-activate|p2a: Dr. Garg|move: Protect
|
|-heal|p2a: Dr. Garg|95/100|[from] item: Leftovers
|upkeep
|turn|46
|
|t:|1781239141
|switch|p2a: Plague Doctor|Corviknight, M|88/100
|-damage|p2a: Plague Doctor|75/100|[from] Stealth Rock
|-ability|p2a: Plague Doctor|Pressure
|move|p1a: MASK ON|Ivy Cudgel|p2a: Plague Doctor
|-resisted|p2a: Plague Doctor
|-damage|p2a: Plague Doctor|62/100
|
|upkeep
|turn|47
|
|t:|1781239148
|switch|p1a: MANNY FROM ICE AGE|Great Tusk, shiny|70/100
|move|p2a: Plague Doctor|Roost|p2a: Plague Doctor
|-heal|p2a: Plague Doctor|100/100
|-singleturn|p2a: Plague Doctor|move: Roost
|
|upkeep
|turn|48
|
|t:|1781239151
|move|p1a: MANNY FROM ICE AGE|Rapid Spin|p2a: Plague Doctor
|-resisted|p2a: Plague Doctor
|-damage|p2a: Plague Doctor|96/100
|-boost|p1a: MANNY FROM ICE AGE|spe|1
|-damage|p1a: MANNY FROM ICE AGE|53/100|[from] item: Rocky Helmet|[of] p2a: Plague Doctor
|-sideend|p1: IRON VALIANT|Stealth Rock|[from] move: Rapid Spin|[of] p1a: MANNY FROM ICE AGE
|move|p2a: Plague Doctor|Body Press|p1a: MANNY FROM ICE AGE
|-damage|p1a: MANNY FROM ICE AGE|33/100
|
|upkeep
|turn|49
|
|t:|1781239155
|-end|p1a: MANNY FROM ICE AGE|Protosynthesis|[silent]
|switch|p1a: MYTHICALMALIGNANCE|Pecharunt|58/100
|switch|p2a: Dr. Garg|Garganacl, M, tera:Fairy|95/100
|-damage|p2a: Dr. Garg|82/100|[from] Stealth Rock
|
|-heal|p2a: Dr. Garg|89/100|[from] item: Leftovers
|upkeep
|turn|50
|
|t:|1781239159
|move|p1a: MYTHICALMALIGNANCE|Malignant Chain|p2a: Dr. Garg
|-supereffective|p2a: Dr. Garg
|-damage|p2a: Dr. Garg|47/100
|move|p2a: Dr. Garg|Stealth Rock|p1a: MYTHICALMALIGNANCE
|-sidestart|p1: IRON VALIANT|move: Stealth Rock
|
|-heal|p2a: Dr. Garg|53/100|[from] item: Leftovers
|upkeep
|turn|51
|
|t:|1781239162
|move|p2a: Dr. Garg|Protect|p2a: Dr. Garg
|-singleturn|p2a: Dr. Garg|Protect
|move|p1a: MYTHICALMALIGNANCE|Recover|p1a: MYTHICALMALIGNANCE
|-heal|p1a: MYTHICALMALIGNANCE|100/100
|
|-heal|p2a: Dr. Garg|59/100|[from] item: Leftovers
|upkeep
|turn|52
|
|t:|1781239164
|move|p1a: MYTHICALMALIGNANCE|Malignant Chain|p2a: Dr. Garg
|-supereffective|p2a: Dr. Garg
|-damage|p2a: Dr. Garg|16/100
|move|p2a: Dr. Garg|Recover|p2a: Dr. Garg
|-heal|p2a: Dr. Garg|66/100
|
|-heal|p2a: Dr. Garg|73/100|[from] item: Leftovers
|upkeep
|turn|53
|
|t:|1781239167
|move|p1a: MYTHICALMALIGNANCE|Shadow Ball|p2a: Dr. Garg
|-damage|p2a: Dr. Garg|64/100
|move|p2a: Dr. Garg|Salt Cure|p1a: MYTHICALMALIGNANCE
|-damage|p1a: MYTHICALMALIGNANCE|94/100
|-start|p1a: MYTHICALMALIGNANCE|Salt Cure
|
|-heal|p2a: Dr. Garg|70/100|[from] item: Leftovers
|-damage|p1a: MYTHICALMALIGNANCE|82/100|[from] Salt Cure
|upkeep
|turn|54
|
|t:|1781239173
|move|p2a: Dr. Garg|Protect|p2a: Dr. Garg
|-singleturn|p2a: Dr. Garg|Protect
|move|p1a: MYTHICALMALIGNANCE|Malignant Chain|p2a: Dr. Garg
|-activate|p2a: Dr. Garg|move: Protect
|
|-heal|p2a: Dr. Garg|76/100|[from] item: Leftovers
|-damage|p1a: MYTHICALMALIGNANCE|69/100|[from] Salt Cure
|upkeep
|turn|55
|
|t:|1781239176
|move|p1a: MYTHICALMALIGNANCE|Recover|p1a: MYTHICALMALIGNANCE
|-heal|p1a: MYTHICALMALIGNANCE|100/100
|move|p2a: Dr. Garg|Recover|p2a: Dr. Garg
|-heal|p2a: Dr. Garg|100/100
|
|-damage|p1a: MYTHICALMALIGNANCE|88/100|[from] Salt Cure
|upkeep
|turn|56
|
|t:|1781239185
|move|p1a: MYTHICALMALIGNANCE|Parting Shot|p2a: Dr. Garg
|-unboost|p2a: Dr. Garg|atk|1
|-unboost|p2a: Dr. Garg|spa|1
|
|t:|1781239187
|switch|p1a: THE FISH|Alomomola, M, shiny|100/100 brn|[from] Parting Shot
|-damage|p1a: THE FISH|88/100 brn|[from] Stealth Rock
|move|p2a: Dr. Garg|Stealth Rock||[still]
|-fail|p2a: Dr. Garg
|
|-damage|p1a: THE FISH|82/100 brn|[from] brn
|upkeep
|turn|57
|
|t:|1781239191
|move|p1a: THE FISH|Flip Turn|p2a: Dr. Garg
|-damage|p2a: Dr. Garg|95/100
|
|t:|1781239192
|switch|p1a: MYTHICALMALIGNANCE|Pecharunt|88/100|[from] Flip Turn
|-damage|p1a: MYTHICALMALIGNANCE|76/100|[from] Stealth Rock
|move|p2a: Dr. Garg|Salt Cure|p1a: MYTHICALMALIGNANCE
|-damage|p1a: MYTHICALMALIGNANCE|71/100
|-start|p1a: MYTHICALMALIGNANCE|Salt Cure
|
|-heal|p2a: Dr. Garg|100/100|[from] item: Leftovers
|-damage|p1a: MYTHICALMALIGNANCE|59/100|[from] Salt Cure
|upkeep
|turn|58
|
|t:|1781239197
|switch|p2a: Trudeau-king|Slowking-Galar, M|38/100
|-damage|p2a: Trudeau-king|25/100|[from] Stealth Rock
|move|p1a: MYTHICALMALIGNANCE|Parting Shot|p2a: Trudeau-king
|-unboost|p2a: Trudeau-king|atk|1
|-unboost|p2a: Trudeau-king|spa|1
|
|t:|1781239200
|switch|p1a: MASK ON|Ogerpon-Teal-Tera, F, tera:Grass|41/100|[from] Parting Shot
|-damage|p1a: MASK ON|29/100|[from] Stealth Rock
|-ability|p1a: MASK ON|Embody Aspect (Teal)|boost
|-boost|p1a: MASK ON|spe|1
|
|upkeep
|turn|59
|
|t:|1781239202
|switch|p2a: Plague Doctor|Corviknight, M|96/100
|-damage|p2a: Plague Doctor|83/100|[from] Stealth Rock
|-ability|p2a: Plague Doctor|Pressure
|move|p1a: MASK ON|Knock Off|p2a: Plague Doctor
|-damage|p2a: Plague Doctor|57/100
|-damage|p1a: MASK ON|12/100|[from] item: Rocky Helmet|[of] p2a: Plague Doctor
|-enditem|p2a: Plague Doctor|Rocky Helmet|[from] move: Knock Off|[of] p1a: MASK ON
|
|upkeep
|turn|60
|
|t:|1781239205
|switch|p1a: MANNY FROM ICE AGE|Great Tusk, shiny|33/100
|move|p2a: Plague Doctor|Roost|p2a: Plague Doctor
|-heal|p2a: Plague Doctor|100/100
|-singleturn|p2a: Plague Doctor|move: Roost
|
|upkeep
|turn|61
|
|t:|1781239207
|move|p1a: MANNY FROM ICE AGE|Headlong Rush|p2a: Plague Doctor
|-immune|p2a: Plague Doctor
|move|p2a: Plague Doctor|Body Press|p1a: MANNY FROM ICE AGE
|-damage|p1a: MANNY FROM ICE AGE|16/100
|
|upkeep
|turn|62
|
|t:|1781239214
|move|p1a: MANNY FROM ICE AGE|Rapid Spin|p2a: Plague Doctor
|-resisted|p2a: Plague Doctor
|-damage|p2a: Plague Doctor|95/100
|-boost|p1a: MANNY FROM ICE AGE|spe|1
|-sideend|p1: IRON VALIANT|Stealth Rock|[from] move: Rapid Spin|[of] p1a: MANNY FROM ICE AGE
|move|p2a: Plague Doctor|Body Press|p1a: MANNY FROM ICE AGE
|-damage|p1a: MANNY FROM ICE AGE|0 fnt
|faint|p1a: MANNY FROM ICE AGE
|-end|p1a: MANNY FROM ICE AGE|Protosynthesis|[silent]
|
|upkeep
|
|t:|1781239222
|switch|p1a: MYTHICALMALIGNANCE|Pecharunt|59/100
|turn|63
|
|t:|1781239224
|switch|p2a: Dr. Garg|Garganacl, M, tera:Fairy|100/100
|-damage|p2a: Dr. Garg|88/100|[from] Stealth Rock
|move|p1a: MYTHICALMALIGNANCE|Shadow Ball|p2a: Dr. Garg
|-damage|p2a: Dr. Garg|79/100
|
|-heal|p2a: Dr. Garg|85/100|[from] item: Leftovers
|upkeep
|turn|64
|
|t:|1781239229
|switch|p1a: MASK ON|Ogerpon-Teal-Tera, F, tera:Grass|12/100
|-ability|p1a: MASK ON|Embody Aspect (Teal)|boost
|-boost|p1a: MASK ON|spe|1
|move|p2a: Dr. Garg|Stealth Rock|p1a: MASK ON
|-sidestart|p1: IRON VALIANT|move: Stealth Rock
|
|-heal|p2a: Dr. Garg|92/100|[from] item: Leftovers
|upkeep
|turn|65
|
|t:|1781239232
|switch|p2a: Plague Doctor|Corviknight, M|95/100
|-damage|p2a: Plague Doctor|83/100|[from] Stealth Rock
|-ability|p2a: Plague Doctor|Pressure
|move|p1a: MASK ON|Ivy Cudgel|p2a: Plague Doctor
|-resisted|p2a: Plague Doctor
|-damage|p2a: Plague Doctor|69/100
|
|upkeep
|turn|66
|
|t:|1781239235
|switch|p1a: MYTHICALMALIGNANCE|Pecharunt|59/100
|-damage|p1a: MYTHICALMALIGNANCE|46/100|[from] Stealth Rock
|move|p2a: Plague Doctor|Body Press|p1a: MYTHICALMALIGNANCE
|-immune|p1a: MYTHICALMALIGNANCE
|
|upkeep
|turn|67
|
|t:|1781239239
|switch|p2a: Dr. Garg|Garganacl, M, tera:Fairy|92/100
|-damage|p2a: Dr. Garg|79/100|[from] Stealth Rock
|move|p1a: MYTHICALMALIGNANCE|Malignant Chain|p2a: Dr. Garg
|-supereffective|p2a: Dr. Garg
|-damage|p2a: Dr. Garg|34/100
|
|-heal|p2a: Dr. Garg|40/100|[from] item: Leftovers
|upkeep
|turn|68
|
|t:|1781239244
|move|p2a: Dr. Garg|Protect|p2a: Dr. Garg
|-singleturn|p2a: Dr. Garg|Protect
|move|p1a: MYTHICALMALIGNANCE|Malignant Chain|p2a: Dr. Garg
|-activate|p2a: Dr. Garg|move: Protect
|
|-heal|p2a: Dr. Garg|47/100|[from] item: Leftovers
|upkeep
|turn|69
|
|t:|1781239246
|move|p1a: MYTHICALMALIGNANCE|Shadow Ball|p2a: Dr. Garg
|-damage|p2a: Dr. Garg|38/100
|move|p2a: Dr. Garg|Recover|p2a: Dr. Garg
|-heal|p2a: Dr. Garg|88/100
|
|-heal|p2a: Dr. Garg|94/100|[from] item: Leftovers
|upkeep
|turn|70
|-message|IRON VALIANT forfeited.
|
|win|powerfulslash
|raw|IRON VALIANT's rating: 1548 &rarr; <strong>1527</strong><br />(-21 for losing)
|raw|powerfulslash's rating: 1531 &rarr; <strong>1552</strong><br />(+21 for winning)
|l|☆IRON VALIANT
|player|p1|
|l|☆powerfulslash
|player|p2|
