|j|☆GODKUD
|j|☆Dillnchill
|t:|1781537630
|gametype|singles
|player|p1|GODKUD|ghetsis|1578
|player|p2|Dillnchill|roxie|1580
|gen|9
|tier|[Gen 9] OU
|rated|
|rule|HP Percentage Mod: HP is shown in percentages
|rule|Endless Battle Clause: Forcing endless battles is banned
|rule|Species Clause: Limit one of each Pokémon
|rule|OHKO Clause: OHKO moves are banned
|rule|Evasion Items Clause: Evasion items are banned
|rule|Evasion Moves Clause: Evasion moves are banned
|rule|Evasion Abilities Clause: Evasion abilities are banned
|rule|Sleep Moves Clause: Sleep-inducing moves are banned
|clearpoke
|poke|p1|Hydreigon, M|
|poke|p1|Corviknight, F|
|poke|p1|Slowking-Galar, M|
|poke|p1|Sandy Shocks|
|poke|p1|Quaquaval, F|
|poke|p1|Ceruledge, M|
|poke|p2|Great Tusk|
|poke|p2|Corviknight, M|
|poke|p2|Clefable, M|
|poke|p2|Dragapult, M|
|poke|p2|Samurott-Hisui, F|
|poke|p2|Slowking-Galar, M|
|teampreview
|inactive|Battle timer is ON: inactive players will automatically lose when time's up. (requested by GODKUD)
|
|t:|1781537650
|teamsize|p1|6
|teamsize|p2|6
|start
|switch|p1a: Sandy Shocks|Sandy Shocks|100/100
|switch|p2a: Slowking|Slowking-Galar, M|100/100
|-enditem|p1a: Sandy Shocks|Booster Energy
|-activate|p1a: Sandy Shocks|ability: Protosynthesis|[fromitem]
|-start|p1a: Sandy Shocks|protosynthesisspe
|turn|1
|
|t:|1781537655
|move|p1a: Sandy Shocks|Stealth Rock|p2a: Slowking
|-sidestart|p2: Dillnchill|move: Stealth Rock
|move|p2a: Slowking|Ice Beam|p1a: Sandy Shocks
|-supereffective|p1a: Sandy Shocks
|-damage|p1a: Sandy Shocks|24/100
|
|upkeep
|turn|2
|
|t:|1781537664
|move|p1a: Sandy Shocks|Spikes|p2a: Slowking
|-sidestart|p2: Dillnchill|Spikes
|move|p2a: Slowking|Ice Beam|p1a: Sandy Shocks
|-supereffective|p1a: Sandy Shocks
|-damage|p1a: Sandy Shocks|0 fnt
|faint|p1a: Sandy Shocks
|-end|p1a: Sandy Shocks|Protosynthesis|[silent]
|
|upkeep
|
|t:|1781537669
|switch|p1a: God of Destruction|Hydreigon, M|100/100
|turn|3
|
|t:|1781537676
|switch|p2a: Samurott|Samurott-Hisui, F|100/100
|-damage|p2a: Samurott|88/100|[from] Stealth Rock
|-damage|p2a: Samurott|76/100|[from] Spikes
|-terastallize|p1a: God of Destruction|Steel
|move|p1a: God of Destruction|Nasty Plot|p1a: God of Destruction
|-boost|p1a: God of Destruction|spa|2
|
|upkeep
|turn|4
|
|t:|1781537681
|move|p1a: God of Destruction|Draco Meteor|p2a: Samurott
|-damage|p2a: Samurott|0 fnt
|-unboost|p1a: God of Destruction|spa|2
|faint|p2a: Samurott
|-damage|p1a: God of Destruction|91/100|[from] item: Life Orb
|
|upkeep
|
|t:|1781537699
|switch|p2a: Slowking|Slowking-Galar, M|100/100
|-damage|p2a: Slowking|88/100|[from] Stealth Rock
|-damage|p2a: Slowking|76/100|[from] Spikes
|turn|5
|
|t:|1781537704
|move|p1a: God of Destruction|Nasty Plot|p1a: God of Destruction
|-boost|p1a: God of Destruction|spa|2
|move|p2a: Slowking|Flamethrower|p1a: God of Destruction
|-supereffective|p1a: God of Destruction
|-damage|p1a: God of Destruction|24/100
|
|upkeep
|turn|6
|
|t:|1781537718
|-terastallize|p2a: Slowking|Water
|move|p1a: God of Destruction|Dark Pulse|p2a: Slowking
|-damage|p2a: Slowking|20/100
|-damage|p1a: God of Destruction|14/100|[from] item: Life Orb
|cant|p2a: Slowking|flinch
|
|upkeep
|turn|7
|
|t:|1781537731
|move|p1a: God of Destruction|Flash Cannon|p2a: Slowking
|-resisted|p2a: Slowking
|-damage|p2a: Slowking|0 fnt
|faint|p2a: Slowking
|-damage|p1a: God of Destruction|4/100|[from] item: Life Orb
|
|upkeep
|
|t:|1781537734
|switch|p2a: Dragapult|Dragapult, M, shiny|100/100
|-damage|p2a: Dragapult|88/100|[from] Stealth Rock
|-damage|p2a: Dragapult|76/100|[from] Spikes
|turn|8
|
|t:|1781537736
|move|p2a: Dragapult|U-turn|p1a: God of Destruction
|-resisted|p1a: God of Destruction
|-damage|p1a: God of Destruction|0 fnt
|faint|p1a: God of Destruction
|
|t:|1781537750
|switch|p2a: Great Tusk|Great Tusk|100/100|[from] U-turn
|-damage|p2a: Great Tusk|98/100|[from] Stealth Rock
|-damage|p2a: Great Tusk|85/100|[from] Spikes
|
|-heal|p2a: Great Tusk|91/100|[from] item: Leftovers
|upkeep
|
|t:|1781537753
|switch|p1a: Ceruledge|Ceruledge, M|100/100
|turn|9
|
|t:|1781537766
|move|p2a: Great Tusk|Headlong Rush|p1a: Ceruledge
|-supereffective|p1a: Ceruledge
|-enditem|p1a: Ceruledge|Focus Sash
|-damage|p1a: Ceruledge|1/100
|-unboost|p2a: Great Tusk|def|1
|-unboost|p2a: Great Tusk|spd|1
|-ability|p1a: Ceruledge|Weak Armor|boost
|-unboost|p1a: Ceruledge|def|1
|-boost|p1a: Ceruledge|spe|2
|move|p1a: Ceruledge|Swords Dance|p1a: Ceruledge
|-boost|p1a: Ceruledge|atk|2
|
|-heal|p2a: Great Tusk|98/100|[from] item: Leftovers
|upkeep
|turn|10
|
|t:|1781537789
|-end|p2a: Great Tusk|Protosynthesis|[silent]
|switch|p2a: Dragapult|Dragapult, M, shiny|76/100
|-damage|p2a: Dragapult|64/100|[from] Stealth Rock
|-damage|p2a: Dragapult|51/100|[from] Spikes
|move|p1a: Ceruledge|Bitter Blade|p2a: Dragapult
|-resisted|p2a: Dragapult
|-damage|p2a: Dragapult|0 fnt
|-heal|p1a: Ceruledge|29/100|[from] drain|[of] p2a: Dragapult
|faint|p2a: Dragapult
|
|upkeep
|
|t:|1781537791
|switch|p2a: Clefable|Clefable, M|100/100
|turn|11
|
|t:|1781537794
|move|p1a: Ceruledge|Bitter Blade|p2a: Clefable
|-damage|p2a: Clefable|21/100
|-heal|p1a: Ceruledge|82/100|[from] drain|[of] p2a: Clefable
|move|p2a: Clefable|Knock Off|p1a: Ceruledge
|-supereffective|p1a: Ceruledge
|-damage|p1a: Ceruledge|39/100
|-ability|p1a: Ceruledge|Weak Armor|boost
|-unboost|p1a: Ceruledge|def|1
|-boost|p1a: Ceruledge|spe|2
|
|-heal|p2a: Clefable|27/100|[from] item: Leftovers
|upkeep
|turn|12
|
|t:|1781537800
|move|p1a: Ceruledge|Bitter Blade|p2a: Clefable
|-damage|p2a: Clefable|0 fnt
|-heal|p1a: Ceruledge|57/100|[from] drain|[of] p2a: Clefable
|faint|p2a: Clefable
|
|upkeep
|-message|Dillnchill forfeited.
|
|win|GODKUD
|raw|GODKUD's rating: 1578 &rarr; <strong>1598</strong><br />(+20 for winning)
|raw|Dillnchill's rating: 1580 &rarr; <strong>1560</strong><br />(-20 for losing)
|l|☆Dillnchill
|player|p2|
|l|☆GODKUD
|player|p1|
