|j|☆keirimm
|j|☆employment devil
|t:|1781034702
|gametype|singles
|player|p1|keirimm|170|1638
|player|p2|employment devil|lusamine-nihilego|1668
|gen|9
|tier|[Gen 9] OU
|rated|
|rule|HP Percentage Mod: HP is shown in percentages
|rule|Endless Battle Clause: Forcing endless battles is banned
|rule|Species Clause: Limit one of each Pokémon
|rule|OHKO Clause: OHKO moves are banned
|rule|Evasion Items Clause: Evasion items are banned
|rule|Evasion Moves Clause: Evasion moves are banned
|rule|Evasion Abilities Clause: Evasion abilities are banned
|rule|Sleep Moves Clause: Sleep-inducing moves are banned
|clearpoke
|poke|p1|Hatterene, F|
|poke|p1|Great Tusk|
|poke|p1|Tornadus-Therian, M|
|poke|p1|Kyurem|
|poke|p1|Slowking-Galar, M|
|poke|p1|Kingambit, F|
|poke|p2|Torkoal, M|
|poke|p2|Raging Bolt|
|poke|p2|Walking Wake|
|poke|p2|Great Tusk|
|poke|p2|Hatterene, F|
|poke|p2|Slither Wing|
|teampreview
|inactive|Battle timer is ON: inactive players will automatically lose when time's up. (requested by keirimm)
|c|☆employment devil|hf
|c|☆keirimm|u2
|
|t:|1781034714
|teamsize|p1|6
|teamsize|p2|6
|start
|switch|p1a: Slowking|Slowking-Galar, M|100/100
|switch|p2a: 10 packs deep|Torkoal, M, shiny|100/100
|-weather|SunnyDay|[from] ability: Drought|[of] p2a: 10 packs deep
|turn|1
|
|t:|1781034720
|move|p2a: 10 packs deep|Stealth Rock|p1a: Slowking
|-sidestart|p1: keirimm|move: Stealth Rock
|-prepare|p1a: Slowking|Chilly Reception|[premajor]
|move|p1a: Slowking|Chilly Reception|p1a: Slowking
|-weather|Snowscape
|inactive|keirimm has 120 seconds left.
|
|t:|1781034760
|switch|p1a: Kyurem|Kyurem|100/100|[from] Chilly Reception
|-damage|p1a: Kyurem|76/100|[from] Stealth Rock
|-ability|p1a: Kyurem|Pressure
|
|-weather|Snowscape|[upkeep]
|upkeep
|turn|2
|
|t:|1781034766
|switch|p2a: Gyatt in the hat|Hatterene, F, shiny|100/100
|move|p1a: Kyurem|Freeze-Dry|p2a: Gyatt in the hat
|-damage|p2a: Gyatt in the hat|47/100
|-enditem|p2a: Gyatt in the hat|Eject Button
|
|t:|1781034770
|switch|p2a: Waking Bad|Walking Wake|100/100
|
|-weather|Snowscape|[upkeep]
|upkeep
|turn|3
|
|t:|1781034779
|switch|p1a: Hatterene|Hatterene, F|100/100
|-damage|p1a: Hatterene|88/100|[from] Stealth Rock
|move|p2a: Waking Bad|Flip Turn|p1a: Hatterene
|-damage|p1a: Hatterene|75/100
|-damage|p2a: Waking Bad|84/100|[from] item: Rocky Helmet|[of] p1a: Hatterene
|j| 0CarpetBombMoscow
|c| 0CarpetBombMoscow|wp
|
|t:|1781034788
|-end|p2a: Waking Bad|Protosynthesis|[silent]
|switch|p2a: 10 packs deep|Torkoal, M, shiny|100/100|[from] Flip Turn
|-weather|SunnyDay|[from] ability: Drought|[of] p2a: 10 packs deep
|
|-weather|SunnyDay|[upkeep]
|upkeep
|turn|4
|j| qklingying
|
|t:|1781034795
|switch|p2a: name censored|Great Tusk, shiny|100/100
|-activate|p2a: name censored|ability: Protosynthesis
|-start|p2a: name censored|protosynthesisatk
|move|p1a: Hatterene|Psychic Noise|p2a: name censored
|-supereffective|p2a: name censored
|-damage|p2a: name censored|43/100
|-start|p2a: name censored|move: Heal Block
|
|-weather|SunnyDay|[upkeep]
|upkeep
|turn|5
|c| 0CarpetBombMoscow|keep the momentum
|
|t:|1781034804
|move|p2a: name censored|Headlong Rush|p1a: Hatterene
|-damage|p1a: Hatterene|0 fnt
|-unboost|p2a: name censored|def|1
|-unboost|p2a: name censored|spd|1
|-damage|p2a: name censored|27/100|[from] item: Rocky Helmet|[of] p1a: Hatterene
|faint|p1a: Hatterene
|
|-weather|SunnyDay|[upkeep]
|-end|p2a: name censored|move: Heal Block
|upkeep
|
|t:|1781034809
|switch|p1a: Tornadus|Tornadus-Therian, M|100/100
|-damage|p1a: Tornadus|76/100|[from] Stealth Rock
|turn|6
|
|t:|1781034817
|-end|p2a: name censored|Protosynthesis|[silent]
|switch|p2a: RagingStormZoner|Raging Bolt|100/100
|-activate|p2a: RagingStormZoner|ability: Protosynthesis
|-start|p2a: RagingStormZoner|protosynthesisspa
|move|p1a: Tornadus|Bleakwind Storm|p2a: RagingStormZoner
|-resisted|p2a: RagingStormZoner
|-damage|p2a: RagingStormZoner|82/100
|
|-weather|SunnyDay|[upkeep]
|upkeep
|turn|7
|
|t:|1781034830
|move|p2a: RagingStormZoner|Thunderclap|p1a: Tornadus
|-supereffective|p1a: Tornadus
|-damage|p1a: Tornadus|0 fnt
|faint|p1a: Tornadus
|
|-weather|SunnyDay|[upkeep]
|upkeep
|
|t:|1781034833
|switch|p1a: Great Tusk|Great Tusk|100/100
|-damage|p1a: Great Tusk|98/100|[from] Stealth Rock
|-activate|p1a: Great Tusk|ability: Protosynthesis
|-start|p1a: Great Tusk|protosynthesisatk
|turn|8
|
|t:|1781034839
|-end|p2a: RagingStormZoner|Protosynthesis|[silent]
|switch|p2a: Dangerous flaps|Slither Wing, shiny|100/100
|-activate|p2a: Dangerous flaps|ability: Protosynthesis
|-start|p2a: Dangerous flaps|protosynthesisdef
|move|p1a: Great Tusk|Rapid Spin|p2a: Dangerous flaps
|-damage|p2a: Dangerous flaps|86/100
|-boost|p1a: Great Tusk|spe|1
|-damage|p1a: Great Tusk|81/100|[from] item: Rocky Helmet|[of] p2a: Dangerous flaps
|-sideend|p1: keirimm|Stealth Rock|[from] move: Rapid Spin|[of] p1a: Great Tusk
|
|-weather|SunnyDay|[upkeep]
|upkeep
|turn|9
|
|t:|1781034845
|move|p1a: Great Tusk|Stealth Rock|p2a: Dangerous flaps
|-sidestart|p2: employment devil|move: Stealth Rock
|move|p2a: Dangerous flaps|Will-O-Wisp|p1a: Great Tusk
|-status|p1a: Great Tusk|brn
|
|-weather|SunnyDay|[upkeep]
|-damage|p1a: Great Tusk|75/100 brn|[from] brn
|upkeep
|turn|10
|
|t:|1781034854
|-end|p1a: Great Tusk|Protosynthesis|[silent]
|switch|p1a: Slowking|Slowking-Galar, M|100/100
|move|p2a: Dangerous flaps|U-turn|p1a: Slowking
|-damage|p1a: Slowking|79/100
|
|t:|1781034861
|-end|p2a: Dangerous flaps|Protosynthesis|[silent]
|switch|p2a: Gyatt in the hat|Hatterene, F, shiny|47/100|[from] U-turn
|-damage|p2a: Gyatt in the hat|34/100|[from] Stealth Rock
|
|-weather|none
|-heal|p1a: Slowking|85/100|[from] item: Black Sludge
|upkeep
|turn|11
|
|t:|1781034864
|move|p2a: Gyatt in the hat|Healing Wish|p2a: Gyatt in the hat
|faint|p2a: Gyatt in the hat
|move|p1a: Slowking|Future Sight|p2: Gyatt in the hat
|-start|p1a: Slowking|move: Future Sight
|
|-heal|p1a: Slowking|91/100|[from] item: Black Sludge
|upkeep
|
|t:|1781034869
|switch|p2a: name censored|Great Tusk, shiny|27/100
|-heal|p2a: name censored|100/100|[from] move: Healing Wish
|-damage|p2a: name censored|98/100|[from] Stealth Rock
|turn|12
|
|t:|1781034875
|switch|p1a: Great Tusk|Great Tusk|75/100 brn
|move|p2a: name censored|Rapid Spin|p1a: Great Tusk
|-damage|p1a: Great Tusk|60/100 brn
|-boost|p2a: name censored|spe|1
|-damage|p2a: name censored|81/100|[from] item: Rocky Helmet|[of] p1a: Great Tusk
|-sideend|p2: employment devil|Stealth Rock|[from] move: Rapid Spin|[of] p2a: name censored
|
|-damage|p1a: Great Tusk|54/100 brn|[from] brn
|upkeep
|turn|13
|
|t:|1781034887
|move|p2a: name censored|Ice Spinner|p1a: Great Tusk
|-supereffective|p1a: Great Tusk
|-damage|p1a: Great Tusk|11/100 brn
|-damage|p2a: name censored|65/100|[from] item: Rocky Helmet|[of] p1a: Great Tusk
|move|p1a: Great Tusk|Stealth Rock|p2a: name censored
|-sidestart|p2: employment devil|move: Stealth Rock
|
|-end|p2a: name censored|move: Future Sight
|-supereffective|p2a: name censored
|-damage|p2a: name censored|0 fnt
|faint|p2a: name censored
|-end|p2a: name censored|Protosynthesis|[silent]
|-damage|p1a: Great Tusk|5/100 brn|[from] brn
|upkeep
|
|t:|1781034899
|switch|p2a: Waking Bad|Walking Wake|84/100
|-damage|p2a: Waking Bad|72/100|[from] Stealth Rock
|turn|14
|
|t:|1781034906
|move|p2a: Waking Bad|Flip Turn|p1a: Great Tusk
|-supereffective|p1a: Great Tusk
|-damage|p1a: Great Tusk|0 fnt
|-damage|p2a: Waking Bad|55/100|[from] item: Rocky Helmet|[of] p1a: Great Tusk
|faint|p1a: Great Tusk
|-end|p1a: Great Tusk|Protosynthesis|[silent]
|
|t:|1781034912
|-end|p2a: Waking Bad|Protosynthesis|[silent]
|switch|p2a: 10 packs deep|Torkoal, M, shiny|100/100|[from] Flip Turn
|-damage|p2a: 10 packs deep|76/100|[from] Stealth Rock
|-weather|SunnyDay|[from] ability: Drought|[of] p2a: 10 packs deep
|
|-weather|SunnyDay|[upkeep]
|upkeep
|
|t:|1781034914
|switch|p1a: Slowking|Slowking-Galar, M|100/100
|turn|15
|
|t:|1781034917
|move|p2a: 10 packs deep|Stealth Rock|p1a: Slowking
|-sidestart|p1: keirimm|move: Stealth Rock
|move|p1a: Slowking|Trick|p2a: 10 packs deep
|-activate|p1a: Slowking|move: Trick|[of] p2a: 10 packs deep
|-item|p2a: 10 packs deep|Black Sludge|[from] move: Trick
|-item|p1a: Slowking|Heat Rock|[from] move: Trick
|
|-weather|SunnyDay|[upkeep]
|-damage|p2a: 10 packs deep|63/100|[from] item: Black Sludge
|upkeep
|turn|16
|
|t:|1781034925
|move|p2a: 10 packs deep|Earthquake|p1a: Slowking
|-supereffective|p1a: Slowking
|-damage|p1a: Slowking|69/100
|move|p1a: Slowking|Future Sight|p2a: 10 packs deep
|-start|p1a: Slowking|move: Future Sight
|
|-weather|SunnyDay|[upkeep]
|-damage|p2a: 10 packs deep|51/100|[from] item: Black Sludge
|upkeep
|turn|17
|
|t:|1781034929
|move|p2a: 10 packs deep|Earthquake|p1a: Slowking
|-supereffective|p1a: Slowking
|-damage|p1a: Slowking|40/100
|-prepare|p1a: Slowking|Chilly Reception|[premajor]
|move|p1a: Slowking|Chilly Reception|p1a: Slowking
|-weather|Snowscape
|
|t:|1781034936
|switch|p1a: Kyurem|Kyurem|76/100|[from] Chilly Reception
|-damage|p1a: Kyurem|51/100|[from] Stealth Rock
|-ability|p1a: Kyurem|Pressure
|
|-weather|Snowscape|[upkeep]
|-damage|p2a: 10 packs deep|39/100|[from] item: Black Sludge
|upkeep
|turn|18
|
|t:|1781034950
|move|p1a: Kyurem|Blizzard|p2a: 10 packs deep
|-resisted|p2a: 10 packs deep
|-damage|p2a: 10 packs deep|0 fnt
|faint|p2a: 10 packs deep
|
|-weather|Snowscape|[upkeep]
|-hint|Future Sight did not hit because the target is fainted.
|upkeep
|j| testingrainteam1
|
|t:|1781034953
|switch|p2a: Waking Bad|Walking Wake|55/100
|-damage|p2a: Waking Bad|43/100|[from] Stealth Rock
|turn|19
|
|t:|1781034957
|move|p2a: Waking Bad|Draco Meteor|p1a: Kyurem
|-supereffective|p1a: Kyurem
|-damage|p1a: Kyurem|0 fnt
|-unboost|p2a: Waking Bad|spa|2
|faint|p1a: Kyurem
|
|-weather|Snowscape|[upkeep]
|upkeep
|
|t:|1781034961
|switch|p1a: Kingambit|Kingambit, F|100/100
|-damage|p1a: Kingambit|94/100|[from] Stealth Rock
|-activate|p1a: Kingambit|ability: Supreme Overlord
|-start|p1a: Kingambit|fallen4|[silent]
|turn|20
|
|t:|1781034964
|-end|p2a: Waking Bad|Protosynthesis|[silent]
|switch|p2a: Dangerous flaps|Slither Wing, shiny|86/100
|-damage|p2a: Dangerous flaps|73/100|[from] Stealth Rock
|move|p1a: Kingambit|Swords Dance|p1a: Kingambit
|-boost|p1a: Kingambit|atk|2
|
|-weather|Snowscape|[upkeep]
|-heal|p1a: Kingambit|100/100|[from] item: Leftovers
|upkeep
|turn|21
|
|t:|1781034967
|-end|p1a: Kingambit|fallen4|[silent]
|switch|p1a: Slowking|Slowking-Galar, M|73/100
|-damage|p1a: Slowking|61/100|[from] Stealth Rock
|move|p2a: Dangerous flaps|Will-O-Wisp|p1a: Slowking
|-status|p1a: Slowking|brn
|
|-weather|none
|-damage|p1a: Slowking|55/100 brn|[from] brn
|upkeep
|turn|22
|
|t:|1781034970
|move|p2a: Dangerous flaps|U-turn|p1a: Slowking
|-damage|p1a: Slowking|35/100 brn
|
|t:|1781034972
|-end|p2a: Dangerous flaps|Protosynthesis|[silent]
|switch|p2a: RagingStormZoner|Raging Bolt|82/100|[from] U-turn
|-damage|p2a: RagingStormZoner|70/100|[from] Stealth Rock
|move|p1a: Slowking|Sludge Bomb|p2a: RagingStormZoner
|-damage|p2a: RagingStormZoner|38/100
|-status|p2a: RagingStormZoner|psn
|
|-damage|p2a: RagingStormZoner|25/100 psn|[from] psn
|-damage|p1a: Slowking|29/100 brn|[from] brn
|upkeep
|turn|23
|
|t:|1781034980
|move|p2a: RagingStormZoner|Volt Switch|p1a: Slowking
|-damage|p1a: Slowking|0 fnt
|faint|p1a: Slowking
|
|t:|1781034985
|-end|p2a: RagingStormZoner|Protosynthesis|[silent]
|switch|p2a: Dangerous flaps|Slither Wing, shiny|73/100|[from] Volt Switch
|-damage|p2a: Dangerous flaps|61/100|[from] Stealth Rock
|
|upkeep
|
|t:|1781034987
|switch|p1a: Kingambit|Kingambit, F|100/100
|-damage|p1a: Kingambit|94/100|[from] Stealth Rock
|-activate|p1a: Kingambit|ability: Supreme Overlord
|-start|p1a: Kingambit|fallen5|[silent]
|turn|24
|
|t:|1781034990
|-terastallize|p1a: Kingambit|Ghost
|move|p2a: Dangerous flaps|Will-O-Wisp|p1a: Kingambit
|-status|p1a: Kingambit|brn
|move|p1a: Kingambit|Swords Dance|p1a: Kingambit
|-boost|p1a: Kingambit|atk|2
|
|-heal|p1a: Kingambit|100/100 brn|[from] item: Leftovers
|-damage|p1a: Kingambit|94/100 brn|[from] brn
|upkeep
|turn|25
|
|t:|1781034995
|move|p2a: Dangerous flaps|Morning Sun|p2a: Dangerous flaps
|-heal|p2a: Dangerous flaps|100/100
|move|p1a: Kingambit|Swords Dance|p1a: Kingambit
|-boost|p1a: Kingambit|atk|2
|
|-heal|p1a: Kingambit|100/100 brn|[from] item: Leftovers
|-damage|p1a: Kingambit|94/100 brn|[from] brn
|upkeep
|turn|26
|
|t:|1781034999
|move|p2a: Dangerous flaps|U-turn|p1a: Kingambit
|-resisted|p1a: Kingambit
|-damage|p1a: Kingambit|83/100 brn
|
|t:|1781035001
|-end|p2a: Dangerous flaps|Protosynthesis|[silent]
|switch|p2a: Waking Bad|Walking Wake|43/100|[from] U-turn
|-damage|p2a: Waking Bad|30/100|[from] Stealth Rock
|move|p1a: Kingambit|Swords Dance|p1a: Kingambit
|-boost|p1a: Kingambit|atk|2
|
|-heal|p1a: Kingambit|89/100 brn|[from] item: Leftovers
|-damage|p1a: Kingambit|83/100 brn|[from] brn
|upkeep
|turn|27
|
|t:|1781035008
|move|p1a: Kingambit|Sucker Punch|p2a: Waking Bad
|-damage|p2a: Waking Bad|0 fnt
|faint|p2a: Waking Bad
|-end|p2a: Waking Bad|Protosynthesis|[silent]
|
|-heal|p1a: Kingambit|89/100 brn|[from] item: Leftovers
|-damage|p1a: Kingambit|83/100 brn|[from] brn
|upkeep
|
|t:|1781035010
|switch|p2a: RagingStormZoner|Raging Bolt|25/100 psn
|-damage|p2a: RagingStormZoner|13/100 psn|[from] Stealth Rock
|turn|28
|
|t:|1781035015
|move|p1a: Kingambit|Sucker Punch|p2a: RagingStormZoner
|-damage|p2a: RagingStormZoner|0 fnt
|faint|p2a: RagingStormZoner
|-end|p2a: RagingStormZoner|Protosynthesis|[silent]
|
|-heal|p1a: Kingambit|89/100 brn|[from] item: Leftovers
|-damage|p1a: Kingambit|83/100 brn|[from] brn
|upkeep
|
|t:|1781035018
|switch|p2a: Dangerous flaps|Slither Wing, shiny|100/100
|-damage|p2a: Dangerous flaps|88/100|[from] Stealth Rock
|turn|29
|
|t:|1781035028
|-terastallize|p2a: Dangerous flaps|Steel
|move|p2a: Dangerous flaps|U-turn|p1a: Kingambit
|-resisted|p1a: Kingambit
|-damage|p1a: Kingambit|73/100 brn
|move|p1a: Kingambit|Iron Head|p2a: Dangerous flaps
|-resisted|p2a: Dangerous flaps
|-damage|p2a: Dangerous flaps|34/100
|-damage|p1a: Kingambit|57/100 brn|[from] item: Rocky Helmet|[of] p2a: Dangerous flaps
|
|-heal|p1a: Kingambit|63/100 brn|[from] item: Leftovers
|-damage|p1a: Kingambit|57/100 brn|[from] brn
|upkeep
|turn|30
|
|t:|1781035034
|move|p2a: Dangerous flaps|Morning Sun|p2a: Dangerous flaps
|-heal|p2a: Dangerous flaps|84/100
|move|p1a: Kingambit|Kowtow Cleave|p2a: Dangerous flaps
|-damage|p2a: Dangerous flaps|0 fnt
|-damage|p1a: Kingambit|40/100 brn|[from] item: Rocky Helmet|[of] p2a: Dangerous flaps
|faint|p2a: Dangerous flaps
|-end|p2a: Dangerous flaps|Protosynthesis|[silent]
|
|win|keirimm
|raw|keirimm's rating: 1638 &rarr; <strong>1660</strong><br />(+22 for winning)
|raw|employment devil's rating: 1668 &rarr; <strong>1646</strong><br />(-22 for losing)
|c|☆keirimm|gg
|c|☆employment devil|gg
|l|☆keirimm
|player|p1|
|l|☆employment devil
|player|p2|
|l| 0CarpetBombMoscow
|l| testingrainteam1
