|j|☆Bigkyuza18
|j|☆ashiceclaw
|t:|1781052098
|gametype|singles
|player|p1|Bigkyuza18|1|1675
|player|p2|ashiceclaw|alder|1623
|gen|9
|tier|[Gen 9] OU
|rated|
|rule|HP Percentage Mod: HP is shown in percentages
|rule|Endless Battle Clause: Forcing endless battles is banned
|rule|Species Clause: Limit one of each Pokémon
|rule|OHKO Clause: OHKO moves are banned
|rule|Evasion Items Clause: Evasion items are banned
|rule|Evasion Moves Clause: Evasion moves are banned
|rule|Evasion Abilities Clause: Evasion abilities are banned
|rule|Sleep Moves Clause: Sleep-inducing moves are banned
|clearpoke
|poke|p1|Tyranitar, M|
|poke|p1|Excadrill, F|
|poke|p1|Tornadus-Therian, M|
|poke|p1|Sinistcha|
|poke|p1|Toxapex, F|
|poke|p1|Tinkaton, F|
|poke|p2|Araquanid, M|
|poke|p2|Great Tusk|
|poke|p2|Gholdengo|
|poke|p2|Iron Moth|
|poke|p2|Ogerpon-Cornerstone, F|
|poke|p2|Raging Bolt|
|teampreview
|inactive|Battle timer is ON: inactive players will automatically lose when time's up. (requested by Bigkyuza18)
|
|t:|1781052116
|teamsize|p1|6
|teamsize|p2|6
|start
|switch|p1a: Tornadus|Tornadus-Therian, M|100/100
|switch|p2a: Ogerpon|Ogerpon-Cornerstone, F|100/100
|turn|1
|
|t:|1781052122
|switch|p1a: Sinistcha|Sinistcha|100/100
|move|p2a: Ogerpon|Swords Dance|p2a: Ogerpon
|-boost|p2a: Ogerpon|atk|2
|
|upkeep
|turn|2
|
|t:|1781052125
|move|p2a: Ogerpon|Ivy Cudgel|p1a: Sinistcha|[anim] Ivy Cudgel Rock
|-damage|p1a: Sinistcha|24/100
|move|p1a: Sinistcha|Matcha Gotcha|p2a: Ogerpon|[miss]
|-miss|p1a: Sinistcha|p2a: Ogerpon
|
|upkeep
|turn|3
|
|t:|1781052133
|move|p2a: Ogerpon|Ivy Cudgel|p1a: Sinistcha|[anim] Ivy Cudgel Rock
|-damage|p1a: Sinistcha|0 fnt
|faint|p1a: Sinistcha
|
|upkeep
|j| Barryshambles
|
|t:|1781052135
|switch|p1a: Tinkaton|Tinkaton, F|100/100
|-ability|p1a: Tinkaton|Mold Breaker
|-item|p1a: Tinkaton|Air Balloon
|turn|4
|
|t:|1781052140
|move|p2a: Ogerpon|Low Kick|p1a: Tinkaton
|-damage|p1a: Tinkaton|16/100
|-enditem|p1a: Tinkaton|Air Balloon
|move|p1a: Tinkaton|Gigaton Hammer|p2a: Ogerpon
|-supereffective|p2a: Ogerpon
|-damage|p2a: Ogerpon|0 fnt
|faint|p2a: Ogerpon
|
|upkeep
|
|t:|1781052151
|switch|p2a: SpooderBae|Araquanid, M, shiny|100/100
|turn|5
|
|t:|1781052154
|move|p1a: Tinkaton|Stealth Rock|p2a: SpooderBae
|-sidestart|p2: ashiceclaw|move: Stealth Rock
|move|p2a: SpooderBae|Sticky Web|p1a: Tinkaton
|-sidestart|p1: Bigkyuza18|move: Sticky Web
|
|upkeep
|turn|6
|
|t:|1781052158
|move|p1a: Tinkaton|Encore|p2a: SpooderBae
|-start|p2a: SpooderBae|Encore
|move|p2a: SpooderBae|Sticky Web||[still]
|-fail|p2a: SpooderBae
|
|upkeep
|turn|7
|
|t:|1781052163
|switch|p2a: Great Tusk|Great Tusk|100/100
|-damage|p2a: Great Tusk|97/100|[from] Stealth Rock
|move|p1a: Tinkaton|Knock Off|p2a: Great Tusk
|-resisted|p2a: Great Tusk
|-damage|p2a: Great Tusk|91/100
|-enditem|p2a: Great Tusk|Assault Vest|[from] move: Knock Off|[of] p1a: Tinkaton
|
|upkeep
|turn|8
|
|t:|1781052167
|move|p1a: Tinkaton|Gigaton Hammer|p2a: Great Tusk
|-damage|p2a: Great Tusk|62/100
|move|p2a: Great Tusk|Rapid Spin|p1a: Tinkaton
|-resisted|p1a: Tinkaton
|-damage|p1a: Tinkaton|6/100
|-boost|p2a: Great Tusk|spe|1
|-sideend|p2: ashiceclaw|Stealth Rock|[from] move: Rapid Spin|[of] p2a: Great Tusk
|
|upkeep
|turn|9
|
|t:|1781052173
|move|p2a: Great Tusk|Knock Off|p1a: Tinkaton
|-resisted|p1a: Tinkaton
|-damage|p1a: Tinkaton|0 fnt
|faint|p1a: Tinkaton
|
|upkeep
|
|t:|1781052175
|switch|p1a: Tornadus|Tornadus-Therian, M|100/100
|turn|10
|
|t:|1781052179
|move|p1a: Tornadus|Heat Wave|p2a: Great Tusk
|-damage|p2a: Great Tusk|0 fnt
|faint|p2a: Great Tusk
|-end|p2a: Great Tusk|Protosynthesis|[silent]
|
|upkeep
|
|t:|1781052189
|switch|p2a: Iron Moth|Iron Moth|100/100
|turn|11
|
|t:|1781052191
|switch|p1a: Toxapex|Toxapex, F|100/100
|-activate|p1a: Toxapex|move: Sticky Web
|-unboost|p1a: Toxapex|spe|1
|move|p2a: Iron Moth|Meteor Beam||[still]
|-prepare|p2a: Iron Moth|Meteor Beam
|-boost|p2a: Iron Moth|spa|1
|-enditem|p2a: Iron Moth|Power Herb
|-anim|p2a: Iron Moth|Meteor Beam|p1a: Toxapex
|-damage|p1a: Toxapex|60/100
|-enditem|p1a: Toxapex|Eject Button
|
|t:|1781052197
|switch|p1a: Tyranitar|Tyranitar, M|100/100
|-activate|p1a: Tyranitar|move: Sticky Web
|-unboost|p1a: Tyranitar|spe|1
|-weather|Sandstorm|[from] ability: Sand Stream|[of] p1a: Tyranitar
|
|-weather|Sandstorm|[upkeep]
|-damage|p2a: Iron Moth|95/100|[from] Sandstorm
|upkeep
|turn|12
|
|t:|1781052201
|-terastallize|p2a: Iron Moth|Grass
|move|p2a: Iron Moth|Energy Ball|p1a: Tyranitar
|-supereffective|p1a: Tyranitar
|-damage|p1a: Tyranitar|0 fnt
|faint|p1a: Tyranitar
|
|-weather|Sandstorm|[upkeep]
|-damage|p2a: Iron Moth|89/100|[from] Sandstorm
|upkeep
|
|t:|1781052206
|switch|p1a: Tornadus|Tornadus-Therian, M|100/100
|turn|13
|
|t:|1781052209
|move|p1a: Tornadus|Heat Wave|p2a: Iron Moth
|-supereffective|p2a: Iron Moth
|-damage|p2a: Iron Moth|2/100
|-status|p2a: Iron Moth|brn
|move|p2a: Iron Moth|Fiery Dance|p1a: Tornadus
|-damage|p1a: Tornadus|20/100
|
|-weather|Sandstorm|[upkeep]
|-damage|p1a: Tornadus|14/100|[from] Sandstorm
|-damage|p2a: Iron Moth|0 fnt|[from] Sandstorm
|faint|p2a: Iron Moth
|-end|p2a: Iron Moth|Quark Drive|[silent]
|upkeep
|
|t:|1781052218
|switch|p2a: Gholdengo|Gholdengo|100/100
|turn|14
|
|t:|1781052222
|switch|p1a: Toxapex|Toxapex, F|93/100
|-activate|p1a: Toxapex|move: Sticky Web
|-unboost|p1a: Toxapex|spe|1
|move|p2a: Gholdengo|Shadow Ball|p1a: Toxapex
|-damage|p1a: Toxapex|65/100
|
|-weather|Sandstorm|[upkeep]
|-damage|p1a: Toxapex|59/100|[from] Sandstorm
|upkeep
|turn|15
|
|t:|1781052229
|move|p2a: Gholdengo|Shadow Ball|p1a: Toxapex
|-damage|p1a: Toxapex|32/100
|-unboost|p1a: Toxapex|spd|1
|move|p1a: Toxapex|Recover|p1a: Toxapex
|-heal|p1a: Toxapex|82/100
|
|-weather|none
|upkeep
|turn|16
|
|t:|1781052234
|move|p2a: Gholdengo|Shadow Ball|p1a: Toxapex
|-damage|p1a: Toxapex|41/100
|move|p1a: Toxapex|Haze|p1a: Toxapex
|-clearallboost
|
|upkeep
|turn|17
|
|t:|1781052239
|switch|p2a: Raging Bolt|Raging Bolt|100/100
|-enditem|p2a: Raging Bolt|Booster Energy
|-activate|p2a: Raging Bolt|ability: Protosynthesis|[fromitem]
|-start|p2a: Raging Bolt|protosynthesisspa
|move|p1a: Toxapex|Recover|p1a: Toxapex
|-heal|p1a: Toxapex|91/100
|
|upkeep
|turn|18
|
|t:|1781052245
|move|p2a: Raging Bolt|Dragon Pulse|p1a: Toxapex
|-damage|p1a: Toxapex|49/100
|move|p1a: Toxapex|Toxic|p2a: Raging Bolt
|-status|p2a: Raging Bolt|tox
|
|-damage|p2a: Raging Bolt|94/100 tox|[from] psn
|upkeep
|turn|19
|
|t:|1781052252
|switch|p1a: Excadrill|Excadrill, F|100/100
|-activate|p1a: Excadrill|move: Sticky Web
|-unboost|p1a: Excadrill|spe|1
|move|p2a: Raging Bolt|Dragon Pulse|p1a: Excadrill
|-resisted|p1a: Excadrill
|-damage|p1a: Excadrill|58/100
|
|-damage|p2a: Raging Bolt|82/100 tox|[from] psn
|upkeep
|turn|20
|
|t:|1781052257
|move|p2a: Raging Bolt|Dragon Pulse|p1a: Excadrill
|-resisted|p1a: Excadrill
|-damage|p1a: Excadrill|14/100
|move|p1a: Excadrill|Earthquake|p2a: Raging Bolt
|-supereffective|p2a: Raging Bolt
|-damage|p2a: Raging Bolt|0 fnt
|faint|p2a: Raging Bolt
|-end|p2a: Raging Bolt|Protosynthesis|[silent]
|
|upkeep
|
|t:|1781052262
|switch|p2a: Gholdengo|Gholdengo|100/100
|turn|21
|
|t:|1781052267
|move|p2a: Gholdengo|Shadow Ball|p1a: Excadrill
|-damage|p1a: Excadrill|0 fnt
|faint|p1a: Excadrill
|
|upkeep
|
|t:|1781052268
|switch|p1a: Tornadus|Tornadus-Therian, M|47/100
|turn|22
|
|t:|1781052271
|switch|p1a: Toxapex|Toxapex, F|82/100
|-activate|p1a: Toxapex|move: Sticky Web
|-unboost|p1a: Toxapex|spe|1
|move|p2a: Gholdengo|Shadow Ball|p1a: Toxapex
|-damage|p1a: Toxapex|54/100
|
|upkeep
|turn|23
|
|t:|1781052277
|move|p2a: Gholdengo|Shadow Ball|p1a: Toxapex
|-damage|p1a: Toxapex|26/100
|-unboost|p1a: Toxapex|spd|1
|move|p1a: Toxapex|Recover|p1a: Toxapex
|-heal|p1a: Toxapex|76/100
|
|upkeep
|turn|24
|
|t:|1781052281
|move|p2a: Gholdengo|Shadow Ball|p1a: Toxapex
|-damage|p1a: Toxapex|36/100
|move|p1a: Toxapex|Toxic Spikes|p2a: Gholdengo
|-sidestart|p2: ashiceclaw|move: Toxic Spikes
|
|upkeep
|turn|25
|
|t:|1781052286
|move|p2a: Gholdengo|Shadow Ball|p1a: Toxapex
|-crit|p1a: Toxapex
|-damage|p1a: Toxapex|0 fnt
|faint|p1a: Toxapex
|
|upkeep
|
|t:|1781052287
|switch|p1a: Tornadus|Tornadus-Therian, M|80/100
|turn|26
|
|t:|1781052290
|move|p2a: Gholdengo|Shadow Ball|p1a: Tornadus
|-damage|p1a: Tornadus|25/100
|move|p1a: Tornadus|Heat Wave|p2a: Gholdengo
|-supereffective|p2a: Gholdengo
|-damage|p2a: Gholdengo|1/100
|
|upkeep
|turn|27
|-message|Bigkyuza18 forfeited.
|
|win|ashiceclaw
|raw|Bigkyuza18's rating: 1675 &rarr; <strong>1652</strong><br />(-23 for losing)
|raw|ashiceclaw's rating: 1623 &rarr; <strong>1646</strong><br />(+23 for winning)
|l|☆Bigkyuza18
|player|p1|
|l|☆ashiceclaw
|player|p2|
|l| Barryshambles
