|j|☆manabi.portoviejo
|j|☆nicorobin1995
|t:|1781368295
|gametype|singles
|player|p1|manabi.portoviejo|169|1529
|player|p2|nicorobin1995|1|1540
|gen|9
|tier|[Gen 9] OU
|rated|
|rule|HP Percentage Mod: HP is shown in percentages
|rule|Endless Battle Clause: Forcing endless battles is banned
|rule|Species Clause: Limit one of each Pokémon
|rule|OHKO Clause: OHKO moves are banned
|rule|Evasion Items Clause: Evasion items are banned
|rule|Evasion Moves Clause: Evasion moves are banned
|rule|Evasion Abilities Clause: Evasion abilities are banned
|rule|Sleep Moves Clause: Sleep-inducing moves are banned
|clearpoke
|poke|p1|Hoopa-Unbound|
|poke|p1|Hawlucha, F|
|poke|p1|Iron Crown|
|poke|p1|Indeedee-F, F|
|poke|p1|Hatterene, F|
|poke|p1|Cloyster, F|
|poke|p2|Kyurem|
|poke|p2|Hatterene, F|
|poke|p2|Samurott-Hisui, M|
|poke|p2|Great Tusk|
|poke|p2|Pecharunt|
|poke|p2|Dragonite, M|
|teampreview
|inactive|Battle timer is ON: inactive players will automatically lose when time's up. (requested by manabi.portoviejo)
|inactive|nicorobin1995 has 120 seconds left.
|
|t:|1781368362
|teamsize|p1|6
|teamsize|p2|6
|start
|switch|p1a: Indeedee|Indeedee-F, F|100/100
|switch|p2a: Kyurem|Kyurem|100/100
|-ability|p2a: Kyurem|Pressure
|-fieldstart|move: Psychic Terrain|[from] ability: Psychic Surge|[of] p1a: Indeedee
|turn|1
|
|t:|1781368373
|move|p2a: Kyurem|Draco Meteor|p1a: Indeedee|[miss]
|-miss|p2a: Kyurem|p1a: Indeedee
|move|p1a: Indeedee|Reflect|p1a: Indeedee
|-sidestart|p1: manabi.portoviejo|Reflect
|
|upkeep
|turn|2
|
|t:|1781368379
|move|p2a: Kyurem|Draco Meteor|p1a: Indeedee
|-damage|p1a: Indeedee|7/100
|-unboost|p2a: Kyurem|spa|2
|move|p1a: Indeedee|Light Screen|p1a: Indeedee
|-sidestart|p1: manabi.portoviejo|move: Light Screen
|
|upkeep
|turn|3
|
|t:|1781368408
|switch|p1a: Iron Crown|Iron Crown|100/100
|-enditem|p1a: Iron Crown|Booster Energy
|-activate|p1a: Iron Crown|ability: Quark Drive|[fromitem]
|-start|p1a: Iron Crown|quarkdrivespa
|move|p2a: Kyurem|Draco Meteor|p1a: Iron Crown|[miss]
|-miss|p2a: Kyurem|p1a: Iron Crown
|
|upkeep
|turn|4
|
|t:|1781368418
|switch|p2a: Samurott|Samurott-Hisui, M|100/100
|move|p1a: Iron Crown|Agility|p1a: Iron Crown
|-boost|p1a: Iron Crown|spe|2
|
|upkeep
|turn|5
|inactive|nicorobin1995 has 120 seconds left.
|
|t:|1781368435
|move|p1a: Iron Crown|Focus Blast|p2a: Samurott
|-supereffective|p2a: Samurott
|-damage|p2a: Samurott|12/100
|move|p2a: Samurott|Ceaseless Edge|p1a: Iron Crown
|-supereffective|p1a: Iron Crown
|-damage|p1a: Iron Crown|63/100
|-sidestart|p1: manabi.portoviejo|Spikes
|
|-fieldend|move: Psychic Terrain
|upkeep
|turn|6
|inactive|nicorobin1995 has 120 seconds left.
|
|t:|1781368446
|move|p2a: Samurott|Sucker Punch|p1a: Iron Crown
|-supereffective|p1a: Iron Crown
|-damage|p1a: Iron Crown|37/100
|move|p1a: Iron Crown|Tachyon Cutter|p2a: Samurott
|-resisted|p2a: Samurott
|-damage|p2a: Samurott|0 fnt
|faint|p2a: Samurott
|-hitcount|p2: Samurott|1
|
|upkeep
|inactive|nicorobin1995 has 120 seconds left.
|inactive|nicorobin1995 has 90 seconds left.
|
|t:|1781368483
|switch|p2a: Dragonite|Dragonite, M|100/100
|turn|7
|
|t:|1781368490
|move|p1a: Iron Crown|Tachyon Cutter|p2a: Dragonite
|-damage|p2a: Dragonite|82/100
|-damage|p2a: Dragonite|42/100
|-hitcount|p2a: Dragonite|2
|move|p2a: Dragonite|Earthquake|p1a: Iron Crown
|-supereffective|p1a: Iron Crown
|-damage|p1a: Iron Crown|1/100
|
|upkeep
|turn|8
|
|t:|1781368499
|-end|p1a: Iron Crown|Quark Drive|[silent]
|switch|p1a: Indeedee|Indeedee-F, F|7/100
|-damage|p1a: Indeedee|0 fnt|[from] Spikes
|faint|p1a: Indeedee
|move|p2a: Dragonite|Extreme Speed|p1: Indeedee|[notarget]
|-fail|p2a: Dragonite
|
|-sideend|p1: manabi.portoviejo|Reflect
|upkeep
|
|t:|1781368508
|switch|p1a: Cloyster|Cloyster, F|100/100
|-damage|p1a: Cloyster|88/100|[from] Spikes
|turn|9
|
|t:|1781368520
|switch|p2a: Pecharunt|Pecharunt|100/100
|move|p1a: Cloyster|Shell Smash|p1a: Cloyster
|-unboost|p1a: Cloyster|def|1
|-unboost|p1a: Cloyster|spd|1
|-boost|p1a: Cloyster|atk|2
|-boost|p1a: Cloyster|spa|2
|-boost|p1a: Cloyster|spe|2
|
|-sideend|p1: manabi.portoviejo|move: Light Screen
|upkeep
|turn|10
|
|t:|1781368528
|move|p1a: Cloyster|Icicle Spear|p2a: Pecharunt
|-damage|p2a: Pecharunt|90/100
|-damage|p2a: Pecharunt|79/100
|-damage|p2a: Pecharunt|69/100
|-damage|p2a: Pecharunt|57/100
|-damage|p2a: Pecharunt|46/100
|-hitcount|p2a: Pecharunt|5
|move|p2a: Pecharunt|Malignant Chain|p1a: Cloyster
|-damage|p1a: Cloyster|0 fnt
|faint|p1a: Cloyster
|
|upkeep
|
|t:|1781368540
|switch|p1a: Hoopa|Hoopa-Unbound|100/100
|-damage|p1a: Hoopa|88/100|[from] Spikes
|turn|11
|
|t:|1781368546
|switch|p2a: Great Tusk|Great Tusk|100/100
|move|p1a: Hoopa|Trick Room|p1a: Hoopa
|-fieldstart|move: Trick Room|[of] p1a: Hoopa
|
|upkeep
|turn|12
|
|t:|1781368554
|move|p1a: Hoopa|Expanding Force|p2a: Great Tusk
|-supereffective|p2a: Great Tusk
|-damage|p2a: Great Tusk|0 fnt
|faint|p2a: Great Tusk
|-end|p2a: Great Tusk|Protosynthesis|[silent]
|
|upkeep
|
|t:|1781368558
|switch|p2a: Hatterene|Hatterene, F|100/100
|turn|13
|
|t:|1781368565
|move|p2a: Hatterene|Draining Kiss|p1a: Hoopa
|-supereffective|p1a: Hoopa
|-damage|p1a: Hoopa|51/100
|move|p1a: Hoopa|Hyperspace Fury|p2a: Hatterene
|-damage|p2a: Hatterene|27/100
|-unboost|p1a: Hoopa|def|1
|
|upkeep
|turn|14
|
|t:|1781368577
|switch|p1a: Hatterene|Hatterene, F|100/100
|-damage|p1a: Hatterene|88/100|[from] Spikes
|move|p2a: Hatterene|Draining Kiss|p1a: Hatterene
|-damage|p1a: Hatterene|62/100
|-heal|p2a: Hatterene|47/100|[from] drain|[of] p1a: Hatterene
|-enditem|p1a: Hatterene|Eject Button
|
|t:|1781368582
|switch|p1a: Iron Crown|Iron Crown|1/100
|-damage|p1a: Iron Crown|0 fnt|[from] Spikes
|faint|p1a: Iron Crown
|-end|p1a: Iron Crown|Quark Drive|[silent]
|
|upkeep
|-message|manabi.portoviejo forfeited.
|
|win|nicorobin1995
|raw|manabi.portoviejo's rating: 1529 &rarr; <strong>1510</strong><br />(-19 for losing)
|raw|nicorobin1995's rating: 1540 &rarr; <strong>1559</strong><br />(+19 for winning)
|l|☆manabi.portoviejo
|player|p1|
|l|☆nicorobin1995
|player|p2|
