|badge|p2|bronze|gen9ou|100-9
|uhtml|medal-msg|<div class="broadcast-blue">Curious what those medals under the avatar are? PS now has Ladder Seasons! For more information, check out the <a href="https://www.smogon.com/forums/threads/3740067/">thread on Smogon.</a></div>
|j|☆healorant
|j|☆a jellyfish
|t:|1780956070
|gametype|singles
|player|p1|healorant|alder|1793
|player|p2|a jellyfish|bianca|1861
|gen|9
|tier|[Gen 9] OU
|rated|
|rule|HP Percentage Mod: HP is shown in percentages
|rule|Endless Battle Clause: Forcing endless battles is banned
|rule|Species Clause: Limit one of each Pokémon
|rule|OHKO Clause: OHKO moves are banned
|rule|Evasion Items Clause: Evasion items are banned
|rule|Evasion Moves Clause: Evasion moves are banned
|rule|Evasion Abilities Clause: Evasion abilities are banned
|rule|Sleep Moves Clause: Sleep-inducing moves are banned
|clearpoke
|poke|p1|Gliscor, F|
|poke|p1|Pecharunt|
|poke|p1|Ogerpon, F|
|poke|p1|Zamazenta-*|
|poke|p1|Darkrai|
|poke|p1|Garganacl, F|
|poke|p2|Great Tusk|
|poke|p2|Darkrai|
|poke|p2|Iron Moth|
|poke|p2|Ogerpon-Wellspring, F|
|poke|p2|Hatterene, F|
|poke|p2|Dragapult, F|
|teampreview
|inactive|Battle timer is ON: inactive players will automatically lose when time's up. (requested by a jellyfish)
|
|t:|1780956099
|teamsize|p1|6
|teamsize|p2|6
|start
|switch|p1a: Ogerpon|Ogerpon, F|100/100
|switch|p2a: Dragapult|Dragapult, F|100/100
|turn|1
|
|t:|1780956102
|switch|p2a: Great Tusk|Great Tusk|100/100
|switch|p1a: Garganacl|Garganacl, F|100/100
|
|upkeep
|turn|2
|
|t:|1780956106
|move|p2a: Great Tusk|Stealth Rock|p1a: Garganacl
|-sidestart|p1: healorant|move: Stealth Rock
|move|p1a: Garganacl|Salt Cure|p2a: Great Tusk
|-resisted|p2a: Great Tusk
|-damage|p2a: Great Tusk|98/100
|-start|p2a: Great Tusk|Salt Cure
|
|-damage|p2a: Great Tusk|86/100|[from] Salt Cure
|upkeep
|turn|3
|
|t:|1780956113
|-end|p2a: Great Tusk|Protosynthesis|[silent]
|switch|p2a: Hatterene|Hatterene, F|100/100
|move|p1a: Garganacl|Stealth Rock|p2a: Hatterene
|move|p2a: Hatterene|Stealth Rock||[from] ability: Magic Bounce|[still]
|-fail|p2a: Hatterene
|
|upkeep
|turn|4
|
|t:|1780956122
|move|p2a: Hatterene|Psychic Noise|p1a: Garganacl
|-crit|p1a: Garganacl
|-damage|p1a: Garganacl|68/100
|-start|p1a: Garganacl|move: Heal Block
|move|p1a: Garganacl|Salt Cure|p2a: Hatterene
|-damage|p2a: Hatterene|89/100
|-start|p2a: Hatterene|Salt Cure
|
|-heal|p2a: Hatterene|95/100|[from] item: Leftovers
|-damage|p2a: Hatterene|83/100|[from] Salt Cure
|upkeep
|turn|5
|
|t:|1780956132
|move|p1a: Garganacl|Protect|p1a: Garganacl
|-singleturn|p1a: Garganacl|Protect
|move|p2a: Hatterene|Psychic Noise|p1a: Garganacl
|-activate|p1a: Garganacl|move: Protect
|
|-heal|p2a: Hatterene|89/100|[from] item: Leftovers
|-damage|p2a: Hatterene|77/100|[from] Salt Cure
|-end|p1a: Garganacl|move: Heal Block
|upkeep
|turn|6
|j| nepturee
|inactive|a jellyfish has 120 seconds left.
|
|t:|1780956164
|switch|p1a: Gliscor|Gliscor, F|100/100
|-damage|p1a: Gliscor|88/100|[from] Stealth Rock
|move|p2a: Hatterene|Nuzzle|p1a: Gliscor
|-immune|p1a: Gliscor
|
|-heal|p2a: Hatterene|83/100|[from] item: Leftovers
|-damage|p2a: Hatterene|70/100|[from] Salt Cure
|-status|p1a: Gliscor|tox|[from] item: Toxic Orb
|upkeep
|turn|7
|
|t:|1780956169
|switch|p2a: Ogerpon|Ogerpon-Wellspring, F|100/100
|move|p1a: Gliscor|Earthquake|p2a: Ogerpon
|-resisted|p2a: Ogerpon
|-damage|p2a: Ogerpon|78/100
|
|-heal|p1a: Gliscor|100/100 tox|[from] ability: Poison Heal
|upkeep
|turn|8
|
|t:|1780956174
|switch|p2a: Hatterene|Hatterene, F|70/100
|switch|p1a: Pecharunt|Pecharunt|100/100
|
|-heal|p2a: Hatterene|76/100|[from] item: Leftovers
|upkeep
|turn|9
|inactive|a jellyfish has 120 seconds left.
|
|t:|1780956202
|switch|p2a: Iron Moth|Iron Moth|100/100
|-enditem|p2a: Iron Moth|Booster Energy
|-activate|p2a: Iron Moth|ability: Quark Drive|[fromitem]
|-start|p2a: Iron Moth|quarkdrivespe
|move|p1a: Pecharunt|Malignant Chain|p2a: Iron Moth
|-resisted|p2a: Iron Moth
|-damage|p2a: Iron Moth|83/100
|
|upkeep
|turn|10
|inactive|a jellyfish has 120 seconds left.
|
|t:|1780956212
|switch|p1a: Garganacl|Garganacl, F|68/100
|-damage|p1a: Garganacl|56/100|[from] Stealth Rock
|move|p2a: Iron Moth|Fiery Dance|p1a: Garganacl
|-resisted|p1a: Garganacl
|-damage|p1a: Garganacl|41/100
|-boost|p2a: Iron Moth|spa|1
|
|-heal|p1a: Garganacl|47/100|[from] item: Leftovers
|upkeep
|turn|11
|
|t:|1780956215
|move|p1a: Garganacl|Protect|p1a: Garganacl
|-singleturn|p1a: Garganacl|Protect
|move|p2a: Iron Moth|Energy Ball|p1a: Garganacl
|-activate|p1a: Garganacl|move: Protect
|
|-heal|p1a: Garganacl|53/100|[from] item: Leftovers
|upkeep
|turn|12
|j| Fat_Yogi
|
|t:|1780956223
|move|p2a: Iron Moth|Energy Ball|p1a: Garganacl
|-supereffective|p1a: Garganacl
|-damage|p1a: Garganacl|0 fnt
|faint|p1a: Garganacl
|
|upkeep
|
|t:|1780956225
|switch|p1a: Zamazenta|Zamazenta|100/100
|-ability|p1a: Zamazenta|Dauntless Shield|boost
|-boost|p1a: Zamazenta|def|1
|turn|13
|
|t:|1780956228
|move|p2a: Iron Moth|Substitute|p2a: Iron Moth
|-start|p2a: Iron Moth|Substitute
|-damage|p2a: Iron Moth|58/100
|move|p1a: Zamazenta|Stone Edge|p2a: Iron Moth
|-supereffective|p2a: Iron Moth
|-end|p2a: Iron Moth|Substitute
|
|upkeep
|turn|14
|
|t:|1780956237
|move|p2a: Iron Moth|Substitute|p2a: Iron Moth
|-start|p2a: Iron Moth|Substitute
|-damage|p2a: Iron Moth|33/100
|move|p1a: Zamazenta|Crunch|p2a: Iron Moth
|-end|p2a: Iron Moth|Substitute
|
|upkeep
|turn|15
|
|t:|1780956244
|move|p2a: Iron Moth|Sludge Wave|p1a: Zamazenta
|-damage|p1a: Zamazenta|31/100
|move|p1a: Zamazenta|Crunch|p2a: Iron Moth
|-damage|p2a: Iron Moth|0 fnt
|faint|p2a: Iron Moth
|-end|p2a: Iron Moth|Quark Drive|[silent]
|
|upkeep
|
|t:|1780956253
|switch|p2a: Dragapult|Dragapult, F|100/100
|turn|16
|
|t:|1780956268
|switch|p1a: Gliscor|Gliscor, F|100/100 tox
|-damage|p1a: Gliscor|88/100 tox|[from] Stealth Rock
|move|p2a: Dragapult|Dragon Darts|p1a: Gliscor
|-damage|p1a: Gliscor|71/100 tox
|-anim|p2a: Dragapult|Dragon Darts|p1a: Gliscor
|-damage|p1a: Gliscor|54/100 tox
|
|-heal|p1a: Gliscor|66/100 tox|[from] ability: Poison Heal
|upkeep
|turn|17
|
|t:|1780956278
|move|p2a: Dragapult|U-turn|p1a: Gliscor
|-resisted|p1a: Gliscor
|-damage|p1a: Gliscor|59/100 tox
|
|t:|1780956280
|switch|p2a: Ogerpon|Ogerpon-Wellspring, F|78/100|[from] U-turn
|move|p1a: Gliscor|Earthquake|p2a: Ogerpon
|-resisted|p2a: Ogerpon
|-damage|p2a: Ogerpon|55/100
|
|-heal|p1a: Gliscor|71/100 tox|[from] ability: Poison Heal
|upkeep
|turn|18
|
|t:|1780956288
|switch|p1a: Pecharunt|Pecharunt|100/100
|move|p2a: Ogerpon|Spikes|p1a: Pecharunt
|-sidestart|p1: healorant|Spikes
|
|upkeep
|turn|19
|j| beeboobaa
|j| angel.cus2
|inactive|a jellyfish has 120 seconds left.
|l| angel.cus2
|
|t:|1780956341
|move|p2a: Ogerpon|Knock Off|p1a: Pecharunt
|-supereffective|p1a: Pecharunt
|-damage|p1a: Pecharunt|53/100
|-enditem|p1a: Pecharunt|Heavy-Duty Boots|[from] move: Knock Off|[of] p2a: Ogerpon
|move|p1a: Pecharunt|Malignant Chain|p2a: Ogerpon
|-supereffective|p2a: Ogerpon
|-damage|p2a: Ogerpon|0 fnt
|faint|p2a: Ogerpon
|
|upkeep
|
|t:|1780956350
|switch|p2a: Darkrai|Darkrai|100/100
|turn|20
|
|t:|1780956356
|move|p2a: Darkrai|Dark Pulse|p1a: Pecharunt
|-supereffective|p1a: Pecharunt
|-damage|p1a: Pecharunt|0 fnt
|faint|p1a: Pecharunt
|-damage|p2a: Darkrai|91/100|[from] item: Life Orb
|
|upkeep
|
|t:|1780956359
|switch|p1a: Zamazenta|Zamazenta|31/100
|turn|21
|j| Lowladderubersnoob
|inactive|a jellyfish has 90 seconds left.
|
|t:|1780956393
|switch|p2a: Dragapult|Dragapult, F|100/100
|move|p1a: Zamazenta|Crunch|p2a: Dragapult
|-supereffective|p2a: Dragapult
|-damage|p2a: Dragapult|41/100
|-unboost|p2a: Dragapult|def|1
|
|upkeep
|turn|22
|
|t:|1780956404
|move|p2a: Dragapult|Dragon Darts|p1a: Zamazenta
|-damage|p1a: Zamazenta|11/100
|-anim|p2a: Dragapult|Dragon Darts|p1a: Zamazenta
|-damage|p1a: Zamazenta|0 fnt
|faint|p1a: Zamazenta
|
|upkeep
|
|t:|1780956413
|switch|p1a: Ogerpon|Ogerpon, F|100/100
|turn|23
|inactive|a jellyfish has 90 seconds left.
|
|t:|1780956435
|switch|p2a: Darkrai|Darkrai|91/100
|-terastallize|p1a: Ogerpon|Grass
|detailschange|p1a: Ogerpon|Ogerpon-Teal-Tera, F, tera:Grass
|-ability|p1a: Ogerpon|Embody Aspect (Teal)|boost
|-boost|p1a: Ogerpon|spe|1
|move|p1a: Ogerpon|Ivy Cudgel|p2a: Darkrai
|-damage|p2a: Darkrai|0 fnt
|faint|p2a: Darkrai
|
|upkeep
|
|t:|1780956437
|switch|p2a: Great Tusk|Great Tusk|86/100
|turn|24
|
|t:|1780956446
|-terastallize|p2a: Great Tusk|Steel
|move|p1a: Ogerpon|U-turn|p2a: Great Tusk
|-resisted|p2a: Great Tusk
|-damage|p2a: Great Tusk|79/100
|-damage|p1a: Ogerpon|84/100|[from] item: Rocky Helmet|[of] p2a: Great Tusk
|
|t:|1780956449
|switch|p1a: Gliscor|Gliscor, F|71/100 tox|[from] U-turn
|-damage|p1a: Gliscor|59/100 tox|[from] Stealth Rock
|move|p2a: Great Tusk|Ice Spinner|p1a: Gliscor
|-supereffective|p1a: Gliscor
|-damage|p1a: Gliscor|0 fnt
|faint|p1a: Gliscor
|
|upkeep
|
|t:|1780956452
|switch|p1a: Darkrai|Darkrai|100/100
|turn|25
|inactive|a jellyfish has 90 seconds left.
|inactive|a jellyfish has 60 seconds left.
|
|t:|1780956530
|move|p1a: Darkrai|Dark Pulse|p2a: Great Tusk
|-damage|p2a: Great Tusk|18/100
|cant|p2a: Great Tusk|flinch
|
|upkeep
|turn|26
|c|☆healorant|damn
|c|☆healorant|mb
|c|☆a jellyfish|damn
|
|t:|1780956543
|move|p1a: Darkrai|Dark Pulse|p2a: Great Tusk
|-damage|p2a: Great Tusk|0 fnt
|faint|p2a: Great Tusk
|-end|p2a: Great Tusk|Protosynthesis|[silent]
|
|upkeep
|
|t:|1780956548
|switch|p2a: Hatterene|Hatterene, F|76/100
|turn|27
|
|t:|1780956551
|move|p1a: Darkrai|Sludge Bomb|p2a: Hatterene
|-supereffective|p2a: Hatterene
|-damage|p2a: Hatterene|11/100
|move|p2a: Hatterene|Nuzzle|p1a: Darkrai
|-damage|p1a: Darkrai|95/100
|-status|p1a: Darkrai|par
|
|-heal|p2a: Hatterene|17/100|[from] item: Leftovers
|upkeep
|turn|28
|inactive|a jellyfish has 60 seconds left.
|
|t:|1780956557
|move|p1a: Darkrai|Dark Pulse|p2a: Hatterene
|-damage|p2a: Hatterene|0 fnt
|faint|p2a: Hatterene
|
|upkeep
|
|t:|1780956558
|switch|p2a: Dragapult|Dragapult, F|41/100
|turn|29
|
|t:|1780956560
|move|p2a: Dragapult|Dragon Darts|p1a: Darkrai
|-damage|p1a: Darkrai|65/100 par
|-anim|p2a: Dragapult|Dragon Darts|p1a: Darkrai
|-damage|p1a: Darkrai|34/100 par
|cant|p1a: Darkrai|par
|
|upkeep
|turn|30
|
|t:|1780956562
|move|p2a: Dragapult|Dragon Darts|p1a: Darkrai
|-damage|p1a: Darkrai|4/100 par
|-anim|p2a: Dragapult|Dragon Darts|p1a: Darkrai
|-damage|p1a: Darkrai|0 fnt
|faint|p1a: Darkrai
|
|upkeep
|
|t:|1780956564
|switch|p1a: Ogerpon|Ogerpon-Teal-Tera, F, tera:Grass|84/100
|-ability|p1a: Ogerpon|Embody Aspect (Teal)|boost
|-boost|p1a: Ogerpon|spe|1
|turn|31
|
|t:|1780956566
|move|p1a: Ogerpon|Knock Off|p2a: Dragapult
|-supereffective|p2a: Dragapult
|-damage|p2a: Dragapult|0 fnt
|-enditem|p2a: Dragapult|Heavy-Duty Boots|[from] move: Knock Off|[of] p1a: Ogerpon
|faint|p2a: Dragapult
|
|win|healorant
|raw|healorant's rating: 1793 &rarr; <strong>1817</strong><br />(+24 for winning)
|raw|a jellyfish's rating: 1861 &rarr; <strong>1837</strong><br />(-24 for losing)
|c|☆healorant|gg
|l|☆a jellyfish
|player|p2|
|c|☆healorant|sorry
|l| Lowladderubersnoob
|l|☆healorant
|player|p1|
|l| Fat_Yogi
