|j|☆Dragonair bot
|j|☆Vitriso
|t:|1781503486
|gametype|singles
|player|p1|Dragonair bot|parasollady|1624
|player|p2|Vitriso|102|1637
|gen|9
|tier|[Gen 9] OU
|rated|
|rule|HP Percentage Mod: HP is shown in percentages
|rule|Endless Battle Clause: Forcing endless battles is banned
|rule|Species Clause: Limit one of each Pokémon
|rule|OHKO Clause: OHKO moves are banned
|rule|Evasion Items Clause: Evasion items are banned
|rule|Evasion Moves Clause: Evasion moves are banned
|rule|Evasion Abilities Clause: Evasion abilities are banned
|rule|Sleep Moves Clause: Sleep-inducing moves are banned
|clearpoke
|poke|p1|Weezing-Galar, F|
|poke|p1|Gliscor, M|
|poke|p1|Blissey, F|
|poke|p1|Corviknight, M|
|poke|p1|Dondozo, F|
|poke|p1|Toxapex, F|
|poke|p2|Hatterene, F|
|poke|p2|Great Tusk|
|poke|p2|Tornadus-Therian, M|
|poke|p2|Kyurem|
|poke|p2|Slowking-Galar, F|
|poke|p2|Kingambit, M|
|teampreview
|inactive|Battle timer is ON: inactive players will automatically lose when time's up. (requested by Dragonair bot)
|
|t:|1781503498
|teamsize|p1|6
|teamsize|p2|6
|start
|switch|p1a: Toxapex|Toxapex, F|100/100
|switch|p2a: Hatterene|Hatterene, F|100/100
|turn|1
|
|t:|1781503500
|move|p2a: Hatterene|Psychic Noise|p1a: Toxapex
|-supereffective|p1a: Toxapex
|-damage|p1a: Toxapex|46/100
|move|p1a: Toxapex|Poison Jab|p2a: Hatterene
|-supereffective|p2a: Hatterene
|-damage|p2a: Hatterene|68/100
|-status|p2a: Hatterene|psn
|-damage|p1a: Toxapex|30/100|[from] item: Rocky Helmet|[of] p2a: Hatterene
|
|-damage|p2a: Hatterene|56/100 psn|[from] psn
|upkeep
|turn|2
|
|t:|1781503508
|switch|p1a: Gliscor|Gliscor, M|100/100
|move|p2a: Hatterene|Psychic Noise|p1a: Gliscor
|-damage|p1a: Gliscor|73/100
|-start|p1a: Gliscor|move: Heal Block
|
|-damage|p2a: Hatterene|44/100 psn|[from] psn
|-status|p1a: Gliscor|tox|[from] item: Toxic Orb
|upkeep
|turn|3
|
|t:|1781503511
|move|p1a: Gliscor|Protect|p1a: Gliscor
|-singleturn|p1a: Gliscor|Protect
|move|p2a: Hatterene|Pain Split|p1a: Gliscor
|-activate|p1a: Gliscor|move: Protect
|
|-damage|p2a: Hatterene|31/100 psn|[from] psn
|-end|p1a: Gliscor|move: Heal Block
|upkeep
|turn|4
|
|t:|1781503517
|move|p1a: Gliscor|Earthquake|p2a: Hatterene
|-damage|p2a: Hatterene|6/100 psn
|move|p2a: Hatterene|Pain Split|p1a: Gliscor
|-sethp|p1a: Gliscor|39/100 tox|[from] move: Pain Split|[silent]
|-sethp|p2a: Hatterene|43/100 psn|[from] move: Pain Split
|
|-heal|p1a: Gliscor|52/100 tox|[from] ability: Poison Heal
|-damage|p2a: Hatterene|31/100 psn|[from] psn
|upkeep
|turn|5
|
|t:|1781503528
|switch|p2a: Tornadus|Tornadus-Therian, M|100/100
|move|p1a: Gliscor|Protect||[still]
|-fail|p1a: Gliscor
|
|-heal|p1a: Gliscor|64/100 tox|[from] ability: Poison Heal
|upkeep
|turn|6
|
|t:|1781503533
|move|p1a: Gliscor|Protect|p1a: Gliscor
|-singleturn|p1a: Gliscor|Protect
|move|p2a: Tornadus|Knock Off|p1a: Gliscor
|-activate|p1a: Gliscor|move: Protect
|
|-heal|p1a: Gliscor|77/100 tox|[from] ability: Poison Heal
|upkeep
|turn|7
|j| DA COME UP
|inactive|Dragonair bot has 120 seconds left.
|
|t:|1781503563
|move|p2a: Tornadus|Bleakwind Storm|p1a: Gliscor
|-damage|p1a: Gliscor|46/100 tox
|move|p1a: Gliscor|Knock Off|p2a: Tornadus
|-damage|p2a: Tornadus|75/100
|-enditem|p2a: Tornadus|Assault Vest|[from] move: Knock Off|[of] p1a: Gliscor
|
|-heal|p1a: Gliscor|58/100 tox|[from] ability: Poison Heal
|upkeep
|turn|8
|
|t:|1781503571
|move|p1a: Gliscor|Protect|p1a: Gliscor
|-singleturn|p1a: Gliscor|Protect
|move|p2a: Tornadus|Knock Off|p1a: Gliscor
|-activate|p1a: Gliscor|move: Protect
|
|-heal|p1a: Gliscor|71/100 tox|[from] ability: Poison Heal
|upkeep
|turn|9
|
|t:|1781503576
|switch|p1a: Toxapex|Toxapex, F|63/100
|move|p2a: Tornadus|Knock Off|p1a: Toxapex
|-damage|p1a: Toxapex|49/100
|-enditem|p1a: Toxapex|Covert Cloak|[from] move: Knock Off|[of] p2a: Tornadus
|
|upkeep
|turn|10
|
|t:|1781503582
|move|p2a: Tornadus|U-turn|p1a: Toxapex
|-resisted|p1a: Toxapex
|-damage|p1a: Toxapex|45/100
|
|t:|1781503585
|switch|p2a: Slowking|Slowking-Galar, F|100/100|[from] U-turn
|move|p1a: Toxapex|Recover|p1a: Toxapex
|-heal|p1a: Toxapex|95/100
|
|upkeep
|turn|11
|
|t:|1781503604
|switch|p1a: Corviknight|Corviknight, M|100/100
|-ability|p1a: Corviknight|Pressure
|move|p2a: Slowking|Future Sight|p1a: Corviknight
|-start|p2a: Slowking|move: Future Sight
|
|upkeep
|turn|12
|
|t:|1781503607
|move|p1a: Corviknight|Iron Defense|p1a: Corviknight
|-boost|p1a: Corviknight|def|2
|-prepare|p2a: Slowking|Chilly Reception|[premajor]
|move|p2a: Slowking|Chilly Reception|p2a: Slowking
|-weather|Snowscape
|
|t:|1781503615
|switch|p2a: Tornadus|Tornadus-Therian, M|100/100|[from] Chilly Reception
|
|-weather|Snowscape|[upkeep]
|upkeep
|turn|13
|
|t:|1781503618
|move|p2a: Tornadus|Heat Wave|p1a: Corviknight
|-supereffective|p1a: Corviknight
|-damage|p1a: Corviknight|54/100
|move|p1a: Corviknight|Roost|p1a: Corviknight
|-heal|p1a: Corviknight|100/100
|-singleturn|p1a: Corviknight|move: Roost
|
|-weather|Snowscape|[upkeep]
|-end|p1a: Corviknight|move: Future Sight
|-resisted|p1a: Corviknight
|-damage|p1a: Corviknight|76/100
|-heal|p1a: Corviknight|82/100|[from] item: Leftovers
|upkeep
|turn|14
|
|t:|1781503628
|switch|p1a: Gliscor|Gliscor, M|71/100 tox
|move|p2a: Tornadus|Heat Wave|p1a: Gliscor|[miss]
|-miss|p2a: Tornadus|p1a: Gliscor
|
|-weather|Snowscape|[upkeep]
|-heal|p1a: Gliscor|83/100 tox|[from] ability: Poison Heal
|upkeep
|turn|15
|
|t:|1781503635
|move|p2a: Tornadus|Knock Off|p1a: Gliscor
|-damage|p1a: Gliscor|67/100 tox
|-enditem|p1a: Gliscor|Toxic Orb|[from] move: Knock Off|[of] p2a: Tornadus
|move|p1a: Gliscor|Swords Dance|p1a: Gliscor
|-boost|p1a: Gliscor|atk|2
|
|-weather|Snowscape|[upkeep]
|-heal|p1a: Gliscor|79/100 tox|[from] ability: Poison Heal
|upkeep
|turn|16
|
|t:|1781503641
|move|p2a: Tornadus|Bleakwind Storm|p1a: Gliscor
|-damage|p1a: Gliscor|50/100 tox
|move|p1a: Gliscor|Knock Off|p2a: Tornadus
|-damage|p2a: Tornadus|69/100
|
|-weather|none
|-heal|p1a: Gliscor|63/100 tox|[from] ability: Poison Heal
|upkeep
|turn|17
|
|t:|1781503652
|move|p2a: Tornadus|Bleakwind Storm|p1a: Gliscor
|-damage|p1a: Gliscor|33/100 tox
|move|p1a: Gliscor|Knock Off|p2a: Tornadus
|-damage|p2a: Tornadus|35/100
|
|-heal|p1a: Gliscor|46/100 tox|[from] ability: Poison Heal
|upkeep
|turn|18
|
|t:|1781503663
|move|p2a: Tornadus|Bleakwind Storm|p1a: Gliscor
|-damage|p1a: Gliscor|14/100 tox
|move|p1a: Gliscor|Knock Off|p2a: Tornadus
|-damage|p2a: Tornadus|3/100
|
|-heal|p1a: Gliscor|27/100 tox|[from] ability: Poison Heal
|upkeep
|turn|19
|
|t:|1781503674
|move|p1a: Gliscor|Protect|p1a: Gliscor
|-singleturn|p1a: Gliscor|Protect
|move|p2a: Tornadus|U-turn|p1a: Gliscor
|-activate|p1a: Gliscor|move: Protect
|
|-heal|p1a: Gliscor|39/100 tox|[from] ability: Poison Heal
|upkeep
|turn|20
|
|t:|1781503678
|move|p2a: Tornadus|U-turn|p1a: Gliscor
|-resisted|p1a: Gliscor
|-damage|p1a: Gliscor|33/100 tox
|
|t:|1781503682
|switch|p2a: Great Tusk|Great Tusk|100/100|[from] U-turn
|move|p1a: Gliscor|Knock Off|p2a: Great Tusk
|-resisted|p2a: Great Tusk
|-damage|p2a: Great Tusk|85/100
|-damage|p1a: Gliscor|17/100 tox|[from] item: Rocky Helmet|[of] p2a: Great Tusk
|-enditem|p2a: Great Tusk|Rocky Helmet|[from] move: Knock Off|[of] p1a: Gliscor
|
|-heal|p1a: Gliscor|29/100 tox|[from] ability: Poison Heal
|upkeep
|turn|21
|
|t:|1781503693
|move|p1a: Gliscor|Protect|p1a: Gliscor
|-singleturn|p1a: Gliscor|Protect
|move|p2a: Great Tusk|Stealth Rock|p1a: Gliscor
|-sidestart|p1: Dragonair bot|move: Stealth Rock
|
|-heal|p1a: Gliscor|42/100 tox|[from] ability: Poison Heal
|upkeep
|turn|22
|
|t:|1781503700
|-end|p2a: Great Tusk|Protosynthesis|[silent]
|switch|p2a: Tornadus|Tornadus-Therian, M|37/100
|switch|p1a: Corviknight|Corviknight, M|82/100
|-damage|p1a: Corviknight|70/100|[from] Stealth Rock
|-ability|p1a: Corviknight|Pressure
|
|-heal|p1a: Corviknight|76/100|[from] item: Leftovers
|upkeep
|turn|23
|
|t:|1781503705
|move|p2a: Tornadus|Heat Wave|p1a: Corviknight
|-supereffective|p1a: Corviknight
|-damage|p1a: Corviknight|22/100
|-status|p1a: Corviknight|brn
|move|p1a: Corviknight|Defog|p2a: Tornadus
|-unboost|p2a: Tornadus|evasion|1
|-sideend|p1: Dragonair bot|Stealth Rock|[from] move: Defog|[of] p1a: Corviknight
|
|-heal|p1a: Corviknight|28/100 brn|[from] item: Leftovers
|-damage|p1a: Corviknight|22/100 brn|[from] brn
|upkeep
|turn|24
|
|t:|1781503714
|switch|p1a: Gliscor|Gliscor, M|42/100 tox
|move|p2a: Tornadus|Heat Wave|p1a: Gliscor
|-damage|p1a: Gliscor|23/100 tox
|
|-heal|p1a: Gliscor|35/100 tox|[from] ability: Poison Heal
|upkeep
|turn|25
|
|t:|1781503718
|move|p1a: Gliscor|Protect|p1a: Gliscor
|-singleturn|p1a: Gliscor|Protect
|move|p2a: Tornadus|Bleakwind Storm|p1a: Gliscor
|-activate|p1a: Gliscor|move: Protect
|
|-heal|p1a: Gliscor|48/100 tox|[from] ability: Poison Heal
|upkeep
|turn|26
|
|t:|1781503721
|move|p2a: Tornadus|Bleakwind Storm|p1a: Gliscor
|-damage|p1a: Gliscor|14/100 tox
|move|p1a: Gliscor|Swords Dance|p1a: Gliscor
|-boost|p1a: Gliscor|atk|2
|
|-heal|p1a: Gliscor|26/100 tox|[from] ability: Poison Heal
|upkeep
|turn|27
|
|t:|1781503728
|switch|p2a: Great Tusk|Great Tusk|85/100
|move|p1a: Gliscor|Protect||[still]
|-fail|p1a: Gliscor
|
|-heal|p1a: Gliscor|39/100 tox|[from] ability: Poison Heal
|upkeep
|turn|28
|
|t:|1781503732
|switch|p1a: Weezing|Weezing-Galar, F|100/100
|-ability|p1a: Weezing|Neutralizing Gas
|move|p2a: Great Tusk|Stealth Rock|p1a: Weezing
|-sidestart|p1: Dragonair bot|move: Stealth Rock
|
|upkeep
|turn|29
|
|t:|1781503735
|-end|p2a: Great Tusk|Protosynthesis|[silent]
|switch|p2a: Hatterene|Hatterene, F|31/100 psn
|move|p1a: Weezing|Will-O-Wisp||[still]
|-fail|p1a: Weezing
|
|-damage|p2a: Hatterene|19/100 psn|[from] psn
|upkeep
|turn|30
|
|t:|1781503746
|-end|p1a: Weezing|ability: Neutralizing Gas
|switch|p1a: Corviknight|Corviknight, M|22/100 brn
|-damage|p1a: Corviknight|9/100 brn|[from] Stealth Rock
|-ability|p1a: Corviknight|Pressure
|move|p2a: Hatterene|Psychic Noise|p1a: Corviknight
|-resisted|p1a: Corviknight
|-damage|p1a: Corviknight|0 fnt
|faint|p1a: Corviknight
|
|-damage|p2a: Hatterene|6/100 psn|[from] psn
|upkeep
|
|t:|1781503749
|switch|p1a: Gliscor|Gliscor, M|39/100 tox
|-damage|p1a: Gliscor|26/100 tox|[from] Stealth Rock
|turn|31
|
|t:|1781503760
|move|p1a: Gliscor|Earthquake|p2a: Hatterene
|-damage|p2a: Hatterene|0 fnt
|faint|p2a: Hatterene
|
|-heal|p1a: Gliscor|39/100 tox|[from] ability: Poison Heal
|upkeep
|
|t:|1781503762
|switch|p2a: Kyurem|Kyurem|100/100
|-ability|p2a: Kyurem|Pressure
|turn|32
|
|t:|1781503765
|move|p1a: Gliscor|Protect|p1a: Gliscor
|-singleturn|p1a: Gliscor|Protect
|move|p2a: Kyurem|Freeze-Dry|p1a: Gliscor
|-activate|p1a: Gliscor|move: Protect
|
|-heal|p1a: Gliscor|51/100 tox|[from] ability: Poison Heal
|upkeep
|turn|33
|
|t:|1781503768
|switch|p1a: Blissey|Blissey, F|100/100
|-damage|p1a: Blissey|88/100|[from] Stealth Rock
|move|p2a: Kyurem|Freeze-Dry|p1a: Blissey
|-damage|p1a: Blissey|70/100
|
|-heal|p1a: Blissey|76/100|[from] item: Leftovers
|upkeep
|turn|34
|
|t:|1781503777
|switch|p2a: Tornadus|Tornadus-Therian, M|70/100
|move|p1a: Blissey|Stealth Rock|p2a: Tornadus
|-sidestart|p2: Vitriso|move: Stealth Rock
|
|-heal|p1a: Blissey|83/100|[from] item: Leftovers
|upkeep
|turn|35
|
|t:|1781503786
|switch|p1a: Toxapex|Toxapex, F|100/100
|-damage|p1a: Toxapex|88/100|[from] Stealth Rock
|move|p2a: Tornadus|Knock Off|p1a: Toxapex
|-damage|p1a: Toxapex|79/100
|
|upkeep
|turn|36
|
|t:|1781503789
|switch|p1a: Weezing|Weezing-Galar, F|100/100
|-ability|p1a: Weezing|Neutralizing Gas
|move|p2a: Tornadus|U-turn|p1a: Weezing
|-resisted|p1a: Weezing
|-damage|p1a: Weezing|98/100
|
|t:|1781503793
|switch|p2a: Slowking|Slowking-Galar, F|100/100|[from] U-turn
|-damage|p2a: Slowking|88/100|[from] Stealth Rock
|
|-heal|p2a: Slowking|94/100|[from] item: Black Sludge
|upkeep
|turn|37
|
|t:|1781503802
|move|p1a: Weezing|Toxic Spikes|p2a: Slowking
|-sidestart|p2: Vitriso|move: Toxic Spikes
|move|p2a: Slowking|Future Sight|p1a: Weezing
|-start|p2a: Slowking|move: Future Sight
|
|-heal|p2a: Slowking|99/100|[from] item: Black Sludge
|upkeep
|turn|38
|
|t:|1781503808
|move|p1a: Weezing|Will-O-Wisp|p2a: Slowking
|-status|p2a: Slowking|brn
|-prepare|p2a: Slowking|Chilly Reception|[premajor]
|move|p2a: Slowking|Chilly Reception|p2a: Slowking
|-weather|Snowscape
|
|t:|1781503810
|switch|p2a: Tornadus|Tornadus-Therian, M|70/100|[from] Chilly Reception
|-damage|p2a: Tornadus|45/100|[from] Stealth Rock
|
|-weather|Snowscape|[upkeep]
|upkeep
|turn|39
|
|t:|1781503821
|-end|p1a: Weezing|ability: Neutralizing Gas
|switch|p1a: Blissey|Blissey, F|83/100
|-damage|p1a: Blissey|70/100|[from] Stealth Rock
|move|p2a: Tornadus|Knock Off|p1a: Blissey
|-damage|p1a: Blissey|51/100
|-enditem|p1a: Blissey|Leftovers|[from] move: Knock Off|[of] p2a: Tornadus
|
|-weather|Snowscape|[upkeep]
|-end|p1a: Blissey|move: Future Sight
|-damage|p1a: Blissey|36/100
|upkeep
|turn|40
|
|t:|1781503834
|move|p2a: Tornadus|U-turn|p1a: Blissey
|-damage|p1a: Blissey|20/100
|
|t:|1781503839
|switch|p2a: Slowking|Slowking-Galar, F|99/100 brn|[from] U-turn
|-damage|p2a: Slowking|88/100 brn|[from] Stealth Rock
|-sideend|p2: Vitriso|move: Toxic Spikes|[of] p2a: Slowking
|move|p1a: Blissey|Soft-Boiled|p1a: Blissey
|-heal|p1a: Blissey|70/100
|
|-weather|Snowscape|[upkeep]
|-heal|p2a: Slowking|94/100 brn|[from] item: Black Sludge
|-damage|p2a: Slowking|88/100 brn|[from] brn
|upkeep
|turn|41
|
|t:|1781503847
|switch|p1a: Gliscor|Gliscor, M|51/100 tox
|-damage|p1a: Gliscor|39/100 tox|[from] Stealth Rock
|move|p2a: Slowking|Future Sight|p1a: Gliscor
|-start|p2a: Slowking|move: Future Sight
|
|-weather|Snowscape|[upkeep]
|-heal|p2a: Slowking|94/100 brn|[from] item: Black Sludge
|-heal|p1a: Gliscor|51/100 tox|[from] ability: Poison Heal
|-damage|p2a: Slowking|88/100 brn|[from] brn
|upkeep
|turn|42
|
|t:|1781503852
|move|p1a: Gliscor|Earthquake|p2a: Slowking
|-supereffective|p2a: Slowking
|-damage|p2a: Slowking|37/100 brn
|move|p2a: Slowking|Trick|p1a: Gliscor
|-activate|p2a: Slowking|move: Trick|[of] p1a: Gliscor
|-item|p1a: Gliscor|Black Sludge|[from] move: Trick
|-enditem|p2a: Slowking|Black Sludge|[silent]|[from] move: Trick
|
|-weather|none
|-damage|p1a: Gliscor|39/100 tox|[from] item: Black Sludge
|-heal|p1a: Gliscor|51/100 tox|[from] ability: Poison Heal
|-damage|p2a: Slowking|31/100 brn|[from] brn
|upkeep
|turn|43
|
|t:|1781503859
|switch|p2a: Tornadus|Tornadus-Therian, M|78/100
|-damage|p2a: Tornadus|54/100|[from] Stealth Rock
|move|p1a: Gliscor|Knock Off|p2a: Tornadus
|-damage|p2a: Tornadus|35/100
|
|-end|p1a: Gliscor|move: Future Sight
|-damage|p1a: Gliscor|14/100 tox
|-damage|p1a: Gliscor|1/100 tox|[from] item: Black Sludge
|-heal|p1a: Gliscor|14/100 tox|[from] ability: Poison Heal
|upkeep
|turn|44
|
|t:|1781503871
|move|p2a: Tornadus|U-turn|p1a: Gliscor
|-resisted|p1a: Gliscor
|-damage|p1a: Gliscor|8/100 tox
|
|t:|1781503875
|switch|p2a: Great Tusk|Great Tusk|85/100|[from] U-turn
|-damage|p2a: Great Tusk|82/100|[from] Stealth Rock
|move|p1a: Gliscor|Knock Off|p2a: Great Tusk
|-resisted|p2a: Great Tusk
|-damage|p2a: Great Tusk|77/100
|
|-damage|p1a: Gliscor|0 fnt|[from] item: Black Sludge
|faint|p1a: Gliscor
|upkeep
|-message|Dragonair bot forfeited.
|
|win|Vitriso
|raw|Dragonair bot's rating: 1624 &rarr; <strong>1605</strong><br />(-19 for losing)
|raw|Vitriso's rating: 1637 &rarr; <strong>1656</strong><br />(+19 for winning)
|l|☆Dragonair bot
|player|p1|
|l|☆Vitriso
|player|p2|
