|j|☆LowEL0God
|j|☆Loums
|t:|1781546302
|gametype|singles
|player|p1|LowEL0God|265|1578
|player|p2|Loums|nate|1555
|gen|9
|tier|[Gen 9] OU
|rated|
|rule|HP Percentage Mod: HP is shown in percentages
|rule|Endless Battle Clause: Forcing endless battles is banned
|rule|Species Clause: Limit one of each Pokémon
|rule|OHKO Clause: OHKO moves are banned
|rule|Evasion Items Clause: Evasion items are banned
|rule|Evasion Moves Clause: Evasion moves are banned
|rule|Evasion Abilities Clause: Evasion abilities are banned
|rule|Sleep Moves Clause: Sleep-inducing moves are banned
|clearpoke
|poke|p1|Pelipper, F|
|poke|p1|Raging Bolt|
|poke|p1|Overqwil, F|
|poke|p1|Barraskewda, M|
|poke|p1|Iron Treads|
|poke|p1|Kingambit, M|
|poke|p2|Tyranitar, F|
|poke|p2|Excadrill, M|
|poke|p2|Ogerpon-Cornerstone, F|
|poke|p2|Dragapult, M|
|poke|p2|Moltres|
|poke|p2|Great Tusk|
|teampreview
|c|☆LowEL0God|hf
|inactive|Battle timer is ON: inactive players will automatically lose when time's up. (requested by LowEL0God)
|inactive|Loums has 120 seconds left.
|
|t:|1781546351
|teamsize|p1|6
|teamsize|p2|6
|start
|switch|p1a: Barraskewda|Barraskewda, M|100/100
|switch|p2a: Tyranitar|Tyranitar, F|100/100
|-weather|Sandstorm|[from] ability: Sand Stream|[of] p2a: Tyranitar
|turn|1
|
|t:|1781546359
|switch|p2a: Dragapult|Dragapult, M|100/100
|move|p1a: Barraskewda|Liquidation|p2a: Dragapult
|-resisted|p2a: Dragapult
|-damage|p2a: Dragapult|50/100
|
|-weather|Sandstorm|[upkeep]
|-damage|p2a: Dragapult|44/100|[from] Sandstorm
|-damage|p1a: Barraskewda|94/100|[from] Sandstorm
|upkeep
|turn|2
|
|t:|1781546368
|switch|p1a: Kingambit|Kingambit, M|100/100
|move|p2a: Dragapult|Draco Meteor|p1a: Kingambit
|-resisted|p1a: Kingambit
|-damage|p1a: Kingambit|57/100
|-unboost|p2a: Dragapult|spa|2
|
|-weather|Sandstorm|[upkeep]
|-damage|p2a: Dragapult|38/100|[from] Sandstorm
|-heal|p1a: Kingambit|63/100|[from] item: Leftovers
|upkeep
|turn|3
|
|t:|1781546377
|switch|p2a: Moltres|Moltres|100/100
|move|p1a: Kingambit|Iron Head|p2a: Moltres
|-resisted|p2a: Moltres
|-damage|p2a: Moltres|84/100
|
|-weather|Sandstorm|[upkeep]
|-damage|p2a: Moltres|78/100|[from] Sandstorm
|-heal|p1a: Kingambit|69/100|[from] item: Leftovers
|upkeep
|turn|4
|
|t:|1781546386
|-end|p1a: Kingambit|fallenundefined|[silent]
|switch|p1a: Pelipper|Pelipper, F|100/100
|-weather|RainDance|[from] ability: Drizzle|[of] p1a: Pelipper
|move|p2a: Moltres|Flamethrower|p1a: Pelipper
|-resisted|p1a: Pelipper
|-crit|p1a: Pelipper
|-damage|p1a: Pelipper|80/100
|
|-weather|RainDance|[upkeep]
|upkeep
|turn|5
|
|t:|1781546396
|switch|p2a: Tyranitar|Tyranitar, F|100/100
|-weather|Sandstorm|[from] ability: Sand Stream|[of] p2a: Tyranitar
|move|p1a: Pelipper|Weather Ball|p2a: Tyranitar
|-damage|p2a: Tyranitar|91/100
|
|-weather|Sandstorm|[upkeep]
|-damage|p1a: Pelipper|74/100|[from] Sandstorm
|upkeep
|turn|6
|
|t:|1781546404
|move|p2a: Tyranitar|Stealth Rock|p1a: Pelipper
|-sidestart|p1: LowEL0God|move: Stealth Rock
|move|p1a: Pelipper|U-turn|p2a: Tyranitar
|-supereffective|p2a: Tyranitar
|-damage|p2a: Tyranitar|77/100
|
|t:|1781546405
|switch|p1a: Barraskewda|Barraskewda, M|94/100|[from] U-turn
|-damage|p1a: Barraskewda|82/100|[from] Stealth Rock
|
|-weather|Sandstorm|[upkeep]
|-damage|p1a: Barraskewda|76/100|[from] Sandstorm
|upkeep
|turn|7
|
|t:|1781546418
|-terastallize|p2a: Tyranitar|Ghost
|move|p1a: Barraskewda|Flip Turn|p2a: Tyranitar
|-damage|p2a: Tyranitar|36/100
|
|t:|1781546419
|switch|p1a: Kingambit|Kingambit, M|69/100|[from] Flip Turn
|-damage|p1a: Kingambit|63/100|[from] Stealth Rock
|move|p2a: Tyranitar|Thunder Wave|p1a: Kingambit
|-status|p1a: Kingambit|par
|
|-weather|Sandstorm|[upkeep]
|-damage|p2a: Tyranitar|30/100|[from] Sandstorm
|-heal|p1a: Kingambit|69/100 par|[from] item: Leftovers
|upkeep
|turn|8
|
|t:|1781546431
|switch|p2a: Moltres|Moltres|78/100
|move|p1a: Kingambit|Kowtow Cleave|p2a: Moltres
|-damage|p2a: Moltres|42/100
|
|-weather|Sandstorm|[upkeep]
|-damage|p2a: Moltres|36/100|[from] Sandstorm
|-heal|p1a: Kingambit|76/100 par|[from] item: Leftovers
|upkeep
|turn|9
|
|t:|1781546439
|move|p2a: Moltres|Roost|p2a: Moltres
|-heal|p2a: Moltres|86/100
|-singleturn|p2a: Moltres|move: Roost
|cant|p1a: Kingambit|par
|
|-weather|Sandstorm|[upkeep]
|-damage|p2a: Moltres|80/100|[from] Sandstorm
|-heal|p1a: Kingambit|82/100 par|[from] item: Leftovers
|upkeep
|turn|10
|
|t:|1781546447
|move|p2a: Moltres|Flamethrower|p1a: Kingambit
|-supereffective|p1a: Kingambit
|-damage|p1a: Kingambit|7/100 par
|move|p1a: Kingambit|Kowtow Cleave|p2a: Moltres
|-damage|p2a: Moltres|45/100
|
|-weather|Sandstorm|[upkeep]
|-damage|p2a: Moltres|39/100|[from] Sandstorm
|-heal|p1a: Kingambit|13/100 par|[from] item: Leftovers
|upkeep
|turn|11
|
|t:|1781546456
|move|p2a: Moltres|Roost|p2a: Moltres
|-heal|p2a: Moltres|89/100
|-singleturn|p2a: Moltres|move: Roost
|cant|p1a: Kingambit|par
|
|-weather|Sandstorm|[upkeep]
|-damage|p2a: Moltres|83/100|[from] Sandstorm
|-heal|p1a: Kingambit|19/100 par|[from] item: Leftovers
|upkeep
|turn|12
|
|t:|1781546465
|move|p2a: Moltres|Flamethrower|p1a: Kingambit
|-supereffective|p1a: Kingambit
|-damage|p1a: Kingambit|0 fnt
|faint|p1a: Kingambit
|-end|p1a: Kingambit|fallenundefined|[silent]
|
|-weather|none
|upkeep
|
|t:|1781546466
|switch|p1a: Barraskewda|Barraskewda, M|76/100
|-damage|p1a: Barraskewda|63/100|[from] Stealth Rock
|turn|13
|
|t:|1781546474
|move|p1a: Barraskewda|Liquidation|p2a: Moltres
|-supereffective|p2a: Moltres
|-damage|p2a: Moltres|0 fnt
|faint|p2a: Moltres
|
|upkeep
|
|t:|1781546479
|switch|p2a: Dragapult|Dragapult, M|38/100
|turn|14
|
|t:|1781546481
|switch|p1a: Iron Treads|Iron Treads|100/100
|-damage|p1a: Iron Treads|97/100|[from] Stealth Rock
|-enditem|p1a: Iron Treads|Booster Energy
|-activate|p1a: Iron Treads|ability: Quark Drive|[fromitem]
|-start|p1a: Iron Treads|quarkdrivespe
|move|p2a: Dragapult|Flamethrower|p1a: Iron Treads
|-supereffective|p1a: Iron Treads
|-damage|p1a: Iron Treads|0 fnt
|faint|p1a: Iron Treads
|-end|p1a: Iron Treads|Quark Drive|[silent]
|
|upkeep
|
|t:|1781546482
|switch|p1a: Barraskewda|Barraskewda, M|63/100
|-damage|p1a: Barraskewda|51/100|[from] Stealth Rock
|turn|15
|
|t:|1781546495
|switch|p2a: Tyranitar|Tyranitar, F, tera:Ghost|30/100
|-weather|Sandstorm|[from] ability: Sand Stream|[of] p2a: Tyranitar
|move|p1a: Barraskewda|Liquidation|p2a: Tyranitar
|-damage|p2a: Tyranitar|0 fnt
|faint|p2a: Tyranitar
|
|-weather|Sandstorm|[upkeep]
|-damage|p1a: Barraskewda|45/100|[from] Sandstorm
|upkeep
|
|t:|1781546504
|switch|p2a: Excadrill|Excadrill, M|100/100
|turn|16
|
|t:|1781546508
|switch|p1a: Pelipper|Pelipper, F|74/100
|-damage|p1a: Pelipper|49/100|[from] Stealth Rock
|-weather|RainDance|[from] ability: Drizzle|[of] p1a: Pelipper
|move|p2a: Excadrill|Earthquake|p1a: Pelipper
|-immune|p1a: Pelipper
|
|-weather|RainDance|[upkeep]
|upkeep
|turn|17
|
|t:|1781546517
|move|p2a: Excadrill|Rock Slide|p1a: Pelipper
|-supereffective|p1a: Pelipper
|-damage|p1a: Pelipper|0 fnt
|faint|p1a: Pelipper
|-damage|p2a: Excadrill|91/100|[from] item: Life Orb
|
|-weather|RainDance|[upkeep]
|upkeep
|
|t:|1781546519
|switch|p1a: Barraskewda|Barraskewda, M|45/100
|-damage|p1a: Barraskewda|32/100|[from] Stealth Rock
|turn|18
|
|t:|1781546527
|move|p1a: Barraskewda|Liquidation|p2a: Excadrill
|-supereffective|p2a: Excadrill
|-damage|p2a: Excadrill|0 fnt
|faint|p2a: Excadrill
|
|-weather|RainDance|[upkeep]
|upkeep
|
|t:|1781546532
|switch|p2a: Ogerpon|Ogerpon-Cornerstone, F|100/100
|turn|19
|
|t:|1781546534
|move|p1a: Barraskewda|Liquidation|p2a: Ogerpon
|-ability|p2a: Ogerpon|Sturdy
|-damage|p2a: Ogerpon|1/100
|-unboost|p2a: Ogerpon|def|1
|move|p2a: Ogerpon|Ivy Cudgel|p1a: Barraskewda|[anim] Ivy Cudgel Rock
|-damage|p1a: Barraskewda|0 fnt
|faint|p1a: Barraskewda
|
|-weather|RainDance|[upkeep]
|upkeep
|
|t:|1781546535
|switch|p1a: Overqwil|Overqwil, F|100/100
|-damage|p1a: Overqwil|88/100|[from] Stealth Rock
|turn|20
|
|t:|1781546546
|move|p1a: Overqwil|Liquidation|p2a: Ogerpon
|-damage|p2a: Ogerpon|0 fnt
|faint|p2a: Ogerpon
|-damage|p1a: Overqwil|78/100|[from] item: Life Orb
|
|-weather|RainDance|[upkeep]
|upkeep
|
|t:|1781546556
|switch|p2a: Dragapult|Dragapult, M|38/100
|turn|21
|
|t:|1781546559
|-terastallize|p1a: Overqwil|Water
|move|p1a: Overqwil|Liquidation|p2a: Dragapult
|-resisted|p2a: Dragapult
|-damage|p2a: Dragapult|0 fnt
|faint|p2a: Dragapult
|-damage|p1a: Overqwil|69/100|[from] item: Life Orb
|
|-weather|RainDance|[upkeep]
|upkeep
|-message|Loums forfeited.
|
|win|LowEL0God
|raw|LowEL0God's rating: 1578 &rarr; <strong>1597</strong><br />(+19 for winning)
|raw|Loums's rating: 1555 &rarr; <strong>1536</strong><br />(-19 for losing)
|l|☆Loums
|player|p2|
|c|☆LowEL0God|gg
|l|☆LowEL0God
|player|p1|
