|j|☆Drakolise
|j|☆huilaoshi1111
|t:|1781177196
|gametype|singles
|player|p1|Drakolise|anabel|1556
|player|p2|huilaoshi1111|266|1585
|gen|9
|tier|[Gen 9] OU
|rated|
|rule|HP Percentage Mod: HP is shown in percentages
|rule|Endless Battle Clause: Forcing endless battles is banned
|rule|Species Clause: Limit one of each Pokémon
|rule|OHKO Clause: OHKO moves are banned
|rule|Evasion Items Clause: Evasion items are banned
|rule|Evasion Moves Clause: Evasion moves are banned
|rule|Evasion Abilities Clause: Evasion abilities are banned
|rule|Sleep Moves Clause: Sleep-inducing moves are banned
|clearpoke
|poke|p1|Darkrai|
|poke|p1|Ogerpon-Wellspring, F|
|poke|p1|Slowking-Galar, M|
|poke|p1|Kingambit, F|
|poke|p1|Great Tusk|
|poke|p1|Gholdengo|
|poke|p2|Mienshao, M|
|poke|p2|Blissey, F|
|poke|p2|Slowbro, M|
|poke|p2|Krookodile, F|
|poke|p2|Talonflame, F|
|poke|p2|Zoroark-Hisui, F|
|teampreview
|inactive|Battle timer is ON: inactive players will automatically lose when time's up. (requested by Drakolise)
|
|t:|1781177218
|teamsize|p1|6
|teamsize|p2|6
|start
|switch|p1a: Ogerpon|Ogerpon-Wellspring, F|100/100
|switch|p2a: Mienshao|Mienshao, M|100/100
|turn|1
|
|t:|1781177228
|switch|p1a: Great Tusk|Great Tusk|100/100
|move|p2a: Mienshao|U-turn|p1a: Great Tusk
|-resisted|p1a: Great Tusk
|-damage|p1a: Great Tusk|91/100
|
|t:|1781177234
|switch|p2a: Slowbro|Slowbro, M|100/100|[from] U-turn
|
|upkeep
|turn|2
|
|t:|1781177242
|switch|p2a: Mienshao|Mienshao, M|100/100
|move|p1a: Great Tusk|Stealth Rock|p2a: Mienshao
|-sidestart|p2: huilaoshi1111|move: Stealth Rock
|
|upkeep
|turn|3
|
|t:|1781177249
|move|p2a: Mienshao|U-turn|p1a: Great Tusk
|-resisted|p1a: Great Tusk
|-damage|p1a: Great Tusk|82/100
|
|t:|1781177252
|switch|p2a: Talonflame|Talonflame, F|100/100|[from] U-turn
|move|p1a: Great Tusk|Headlong Rush|p2a: Talonflame
|-immune|p2a: Talonflame
|
|upkeep
|turn|4
|
|t:|1781177258
|-end|p1a: Great Tusk|Protosynthesis|[silent]
|switch|p1a: Gholdengo|Gholdengo, shiny|100/100
|-item|p1a: Gholdengo|Air Balloon
|move|p2a: Talonflame|Fire Blast|p1a: Gholdengo|[miss]
|-miss|p2a: Talonflame|p1a: Gholdengo
|
|upkeep
|turn|5
|
|t:|1781177263
|switch|p1a: Slowking|Slowking-Galar, M, shiny|100/100
|move|p2a: Talonflame|Fire Blast|p1a: Slowking|[miss]
|-miss|p2a: Talonflame|p1a: Slowking
|
|upkeep
|turn|6
|
|t:|1781177268
|move|p2a: Talonflame|Defog|p1a: Slowking
|-unboost|p1a: Slowking|evasion|1
|-sideend|p2: huilaoshi1111|Stealth Rock|[from] move: Defog|[of] p2a: Talonflame
|-prepare|p1a: Slowking|Chilly Reception|[premajor]
|move|p1a: Slowking|Chilly Reception|p1a: Slowking
|-weather|Snowscape
|
|t:|1781177272
|switch|p1a: Darkrai|Darkrai|100/100|[from] Chilly Reception
|
|-weather|Snowscape|[upkeep]
|upkeep
|turn|7
|
|t:|1781177277
|switch|p2a: Blissey|Blissey, F|100/100
|move|p1a: Darkrai|Trick|p2a: Blissey
|-activate|p1a: Darkrai|move: Trick|[of] p2a: Blissey
|-item|p2a: Blissey|Choice Scarf|[from] move: Trick
|-item|p1a: Darkrai|Heavy-Duty Boots|[from] move: Trick
|
|-weather|Snowscape|[upkeep]
|upkeep
|turn|8
|
|t:|1781177287
|switch|p2a: Talonflame|Talonflame, F|100/100
|move|p1a: Darkrai|Taunt|p2a: Talonflame
|-start|p2a: Talonflame|move: Taunt
|
|-weather|Snowscape|[upkeep]
|upkeep
|turn|9
|
|t:|1781177297
|switch|p2a: Blissey|Blissey, F|100/100
|move|p1a: Darkrai|Dark Pulse|p2a: Blissey
|-damage|p2a: Blissey|87/100
|
|-weather|Snowscape|[upkeep]
|upkeep
|turn|10
|
|t:|1781177304
|switch|p1a: Slowking|Slowking-Galar, M, shiny|100/100
|move|p2a: Blissey|Seismic Toss|p1a: Slowking
|-damage|p1a: Slowking|75/100
|
|-weather|none
|upkeep
|turn|11
|
|t:|1781177307
|switch|p2a: Talonflame|Talonflame, F|100/100
|-prepare|p1a: Slowking|Chilly Reception|[premajor]
|move|p1a: Slowking|Chilly Reception|p1a: Slowking
|-weather|Snowscape
|
|t:|1781177311
|switch|p1a: Darkrai|Darkrai|100/100|[from] Chilly Reception
|
|-weather|Snowscape|[upkeep]
|upkeep
|turn|12
|
|t:|1781177317
|switch|p2a: Krookodile|Krookodile, F|100/100
|-ability|p2a: Krookodile|Intimidate|boost
|-unboost|p1a: Darkrai|atk|1
|move|p1a: Darkrai|Dark Pulse|p2a: Krookodile
|-resisted|p2a: Krookodile
|-damage|p2a: Krookodile|75/100
|
|-weather|Snowscape|[upkeep]
|upkeep
|turn|13
|j| choispecs ironmoth
|
|t:|1781177327
|switch|p1a: Great Tusk|Great Tusk|82/100
|switch|p2a: Talonflame|Talonflame, F|100/100
|
|-weather|Snowscape|[upkeep]
|upkeep
|turn|14
|
|t:|1781177333
|move|p2a: Talonflame|Bitter Malice|p1a: Great Tusk
|-damage|p1a: Great Tusk|0 fnt
|faint|p1a: Great Tusk
|-end|p1a: Great Tusk|Protosynthesis|[silent]
|
|-weather|Snowscape|[upkeep]
|upkeep
|
|t:|1781177339
|switch|p1a: Darkrai|Darkrai|100/100
|turn|15
|
|t:|1781177344
|switch|p1a: Ogerpon|Ogerpon-Wellspring, F|100/100
|switch|p2a: Blissey|Blissey, F|87/100
|
|-weather|none
|upkeep
|turn|16
|
|t:|1781177351
|move|p1a: Ogerpon|Knock Off|p2a: Blissey
|-damage|p2a: Blissey|50/100
|-enditem|p2a: Blissey|Choice Scarf|[from] move: Knock Off|[of] p1a: Ogerpon
|move|p2a: Blissey|Thunder Wave|p1a: Ogerpon
|-status|p1a: Ogerpon|par
|
|upkeep
|turn|17
|j| yuureisuisei
|
|t:|1781177360
|switch|p2a: Slowbro|Slowbro, M|100/100
|move|p1a: Ogerpon|Ivy Cudgel|p2a: Slowbro|[anim] Ivy Cudgel Water
|-resisted|p2a: Slowbro
|-damage|p2a: Slowbro|83/100
|
|upkeep
|turn|18
|
|t:|1781177366
|move|p1a: Ogerpon|Spikes|p2a: Slowbro
|-sidestart|p2: huilaoshi1111|Spikes
|move|p2a: Slowbro|Body Press|p1a: Ogerpon
|-damage|p1a: Ogerpon|62/100 par
|
|upkeep
|turn|19
|
|t:|1781177373
|switch|p2a: Talonflame|Talonflame, F|100/100
|move|p1a: Ogerpon|U-turn|p2a: Talonflame
|-resisted|p2a: Talonflame
|-damage|p2a: Talonflame|94/100
|
|t:|1781177377
|switch|p1a: Darkrai|Darkrai|100/100|[from] U-turn
|
|upkeep
|turn|20
|
|t:|1781177384
|move|p1a: Darkrai|Dark Pulse|p2a: Talonflame
|-damage|p2a: Talonflame|40/100
|move|p2a: Talonflame|U-turn|p1a: Darkrai
|-supereffective|p1a: Darkrai
|-damage|p1a: Darkrai|68/100
|
|t:|1781177390
|switch|p2a: Mienshao|Mienshao, M|100/100|[from] U-turn
|-damage|p2a: Mienshao|88/100|[from] Spikes
|
|upkeep
|turn|21
|
|t:|1781177396
|switch|p1a: Slowking|Slowking-Galar, M, shiny|100/100
|move|p2a: Mienshao|U-turn|p1a: Slowking
|-damage|p1a: Slowking|73/100
|
|t:|1781177404
|switch|p2a: Slowbro|Slowbro, M|100/100|[from] U-turn
|-damage|p2a: Slowbro|88/100|[from] Spikes
|
|upkeep
|turn|22
|
|t:|1781177412
|switch|p1a: Darkrai|Darkrai|68/100
|move|p2a: Slowbro|Focus Blast|p1a: Darkrai
|-supereffective|p1a: Darkrai
|-damage|p1a: Darkrai|0 fnt
|faint|p1a: Darkrai
|
|upkeep
|
|t:|1781177419
|switch|p1a: Gholdengo|Gholdengo, shiny|100/100
|-item|p1a: Gholdengo|Air Balloon
|turn|23
|
|t:|1781177433
|switch|p2a: Slowbro|Slowbro, M|100/100
|-damage|p2a: Slowbro|88/100|[from] Spikes
|move|p1a: Gholdengo|Nasty Plot|p1a: Gholdengo
|-boost|p1a: Gholdengo|spa|2
|
|upkeep
|turn|24
|
|t:|1781177449
|switch|p2a: Blissey|Blissey, F|50/100
|-damage|p2a: Blissey|38/100|[from] Spikes
|move|p1a: Gholdengo|Make It Rain|p2a: Blissey
|-damage|p2a: Blissey|4/100
|-unboost|p1a: Gholdengo|spa|1
|
|upkeep
|turn|25
|
|t:|1781177458
|move|p1a: Gholdengo|Make It Rain|p2a: Blissey
|-crit|p2a: Blissey
|-damage|p2a: Blissey|0 fnt
|-unboost|p1a: Gholdengo|spa|1
|faint|p2a: Blissey
|
|upkeep
|
|t:|1781177460
|switch|p2a: Slowbro|Slowbro, M|88/100
|-damage|p2a: Slowbro|76/100|[from] Spikes
|turn|26
|
|t:|1781177465
|switch|p1a: Kingambit|Kingambit, F, shiny|100/100
|-activate|p1a: Kingambit|ability: Supreme Overlord
|-start|p1a: Kingambit|fallen2|[silent]
|move|p2a: Slowbro|Bitter Malice|p1a: Kingambit
|-resisted|p1a: Kingambit
|-damage|p1a: Kingambit|68/100
|-unboost|p1a: Kingambit|atk|1
|
|upkeep
|turn|27
|
|t:|1781177480
|switch|p2a: Mienshao|Mienshao, M|100/100
|-damage|p2a: Mienshao|88/100|[from] Spikes
|-end|p1a: Kingambit|fallen2|[silent]
|switch|p1a: Ogerpon|Ogerpon-Wellspring, F|62/100 par
|
|upkeep
|turn|28
|
|t:|1781177488
|move|p2a: Mienshao|U-turn|p1a: Ogerpon
|-supereffective|p1a: Ogerpon
|-damage|p1a: Ogerpon|0 fnt
|faint|p1a: Ogerpon
|
|t:|1781177494
|switch|p2a: Slowbro|Slowbro, M|76/100|[from] U-turn
|-damage|p2a: Slowbro|64/100|[from] Spikes
|
|upkeep
|
|t:|1781177503
|switch|p1a: Slowking|Slowking-Galar, M, shiny|100/100
|turn|29
|
|t:|1781177506
|move|p2a: Slowbro|Bitter Malice|p1a: Slowking
|-supereffective|p1a: Slowking
|-damage|p1a: Slowking|26/100
|-unboost|p1a: Slowking|atk|1
|move|p1a: Slowking|Psychic Noise|p2a: Slowbro
|-damage|p2a: Slowbro|10/100
|-start|p2a: Slowbro|move: Heal Block
|replace|p2a: Zoroark|Zoroark-Hisui, F
|-end|p2a: Zoroark|Illusion
|
|upkeep
|turn|30
|
|t:|1781177524
|switch|p2a: Talonflame|Talonflame, F|40/100
|move|p1a: Slowking|Psychic Noise|p2a: Talonflame
|-damage|p2a: Talonflame|5/100
|-start|p2a: Talonflame|move: Heal Block
|
|upkeep
|turn|31
|
|t:|1781177530
|move|p2a: Talonflame|Defog|p1a: Slowking
|-unboost|p1a: Slowking|evasion|1
|-sideend|p2: huilaoshi1111|Spikes|[from] move: Defog|[of] p2a: Talonflame
|-prepare|p1a: Slowking|Chilly Reception|[premajor]
|move|p1a: Slowking|Chilly Reception|p1a: Slowking
|-weather|Snowscape
|
|t:|1781177535
|switch|p1a: Kingambit|Kingambit, F, shiny|68/100|[from] Chilly Reception
|-activate|p1a: Kingambit|ability: Supreme Overlord
|-start|p1a: Kingambit|fallen3|[silent]
|
|-weather|Snowscape|[upkeep]
|-end|p2a: Talonflame|move: Heal Block
|upkeep
|turn|32
|
|t:|1781177538
|move|p1a: Kingambit|Sucker Punch|p2a: Talonflame
|-damage|p2a: Talonflame|0 fnt
|faint|p2a: Talonflame
|
|-weather|Snowscape|[upkeep]
|upkeep
|l| yuureisuisei
|
|t:|1781177541
|switch|p2a: Mienshao|Mienshao, M|100/100
|turn|33
|
|t:|1781177545
|-end|p1a: Kingambit|fallen3|[silent]
|switch|p1a: Slowking|Slowking-Galar, M, shiny|59/100
|move|p2a: Mienshao|U-turn|p1a: Slowking
|-damage|p1a: Slowking|30/100
|
|t:|1781177548
|switch|p2a: Slowbro|Slowbro, M|10/100|[from] U-turn
|
|-weather|Snowscape|[upkeep]
|upkeep
|turn|34
|
|t:|1781177554
|move|p2a: Slowbro|Bitter Malice|p1a: Slowking
|-supereffective|p1a: Slowking
|-damage|p1a: Slowking|0 fnt
|faint|p1a: Slowking
|
|-weather|Snowscape|[upkeep]
|upkeep
|
|t:|1781177556
|switch|p1a: Kingambit|Kingambit, F, shiny|68/100
|-activate|p1a: Kingambit|ability: Supreme Overlord
|-start|p1a: Kingambit|fallen4|[silent]
|turn|35
|
|t:|1781177566
|switch|p2a: Slowbro|Slowbro, M|100/100
|move|p1a: Kingambit|Swords Dance|p1a: Kingambit
|-boost|p1a: Kingambit|atk|2
|
|-weather|none
|upkeep
|turn|36
|
|t:|1781177572
|-terastallize|p2a: Slowbro|Fighting
|move|p1a: Kingambit|Sucker Punch|p2a: Slowbro
|-resisted|p2a: Slowbro
|-damage|p2a: Slowbro|59/100
|move|p2a: Slowbro|Body Press|p1a: Kingambit
|-supereffective|p1a: Kingambit
|-damage|p1a: Kingambit|0 fnt
|faint|p1a: Kingambit
|-end|p1a: Kingambit|fallen4|[silent]
|
|upkeep
|
|t:|1781177575
|switch|p1a: Gholdengo|Gholdengo, shiny|100/100
|-item|p1a: Gholdengo|Air Balloon
|turn|37
|
|t:|1781177583
|move|p1a: Gholdengo|Nasty Plot|p1a: Gholdengo
|-boost|p1a: Gholdengo|spa|2
|move|p2a: Slowbro|Scald|p1a: Gholdengo
|-damage|p1a: Gholdengo|76/100
|-enditem|p1a: Gholdengo|Air Balloon
|
|upkeep
|turn|38
|
|t:|1781177587
|move|p1a: Gholdengo|Shadow Ball|p2a: Slowbro
|-damage|p2a: Slowbro|0 fnt
|faint|p2a: Slowbro
|
|upkeep
|
|t:|1781177591
|switch|p2a: Mienshao|Mienshao, M|10/100
|turn|39
|
|t:|1781177598
|-terastallize|p1a: Gholdengo|Fairy
|move|p2a: Mienshao|Bitter Malice|p1a: Gholdengo
|-damage|p1a: Gholdengo|18/100
|-unboost|p1a: Gholdengo|atk|1
|move|p1a: Gholdengo|Make It Rain|p2a: Mienshao
|-damage|p2a: Mienshao|0 fnt
|-unboost|p1a: Gholdengo|spa|1
|replace|p2a: Zoroark|Zoroark-Hisui, F
|-end|p2a: Zoroark|Illusion
|faint|p2a: Zoroark
|
|upkeep
|
|t:|1781177612
|switch|p2a: Mienshao|Mienshao, M|100/100
|turn|40
|
|t:|1781177614
|move|p2a: Mienshao|Close Combat|p1a: Gholdengo
|-resisted|p1a: Gholdengo
|-damage|p1a: Gholdengo|0 fnt
|-unboost|p2a: Mienshao|def|1
|-unboost|p2a: Mienshao|spd|1
|faint|p1a: Gholdengo
|
|win|huilaoshi1111
|raw|Drakolise's rating: 1556 &rarr; <strong>1538</strong><br />(-18 for losing)
|raw|huilaoshi1111's rating: 1585 &rarr; <strong>1603</strong><br />(+18 for winning)
|l|☆Drakolise
|player|p1|
|l|☆huilaoshi1111
|player|p2|
