|j|☆cachowcapow
|j|☆n5v
|t:|1781021878
|gametype|singles
|player|p1|cachowcapow|102|1758
|player|p2|n5v|leon-masters|1589
|gen|9
|tier|[Gen 9] OU
|rated|
|rule|HP Percentage Mod: HP is shown in percentages
|rule|Endless Battle Clause: Forcing endless battles is banned
|rule|Species Clause: Limit one of each Pokémon
|rule|OHKO Clause: OHKO moves are banned
|rule|Evasion Items Clause: Evasion items are banned
|rule|Evasion Moves Clause: Evasion moves are banned
|rule|Evasion Abilities Clause: Evasion abilities are banned
|rule|Sleep Moves Clause: Sleep-inducing moves are banned
|clearpoke
|poke|p1|Alomomola, F|
|poke|p1|Gardevoir, F|
|poke|p1|Scizor, F|
|poke|p1|Slither Wing|
|poke|p1|Mew|
|poke|p1|Meowscarada, F|
|poke|p2|Raging Bolt|
|poke|p2|Iron Crown|
|poke|p2|Rillaboom, M|
|poke|p2|Enamorus, F|
|poke|p2|Great Tusk|
|poke|p2|Kingambit, F|
|teampreview
|c|☆n5v|glhf
|inactive|Battle timer is ON: inactive players will automatically lose when time's up. (requested by n5v)
|
|t:|1781021898
|teamsize|p1|6
|teamsize|p2|6
|start
|switch|p1a: Gardevoir|Gardevoir, F, shiny|100/100
|switch|p2a: goobing bolt|Raging Bolt|100/100
|turn|1
|
|t:|1781021904
|-end|p2a: goobing bolt|Protosynthesis|[silent]
|switch|p2a: le-tachyon|Iron Crown|100/100
|move|p1a: Gardevoir|Shadow Ball|p2a: le-tachyon
|-supereffective|p2a: le-tachyon
|-damage|p2a: le-tachyon|50/100
|
|upkeep
|turn|2
|
|t:|1781021910
|switch|p1a: Alomomola|Alomomola, F|100/100
|move|p2a: le-tachyon|Volt Switch|p1a: Alomomola
|-supereffective|p1a: Alomomola
|-damage|p1a: Alomomola|56/100
|
|t:|1781021912
|-end|p2a: le-tachyon|Quark Drive|[silent]
|switch|p2a: goobing bolt|Raging Bolt|100/100|[from] Volt Switch
|
|upkeep
|turn|3
|inactive|cachowcapow has 120 seconds left.
|
|t:|1781021949
|switch|p1a: Scizor|Scizor, F|100/100
|move|p2a: goobing bolt|Thunderbolt|p1a: Scizor
|-damage|p1a: Scizor|37/100
|
|upkeep
|turn|4
|inactive|cachowcapow has 120 seconds left.
|
|t:|1781021971
|-terastallize|p1a: Scizor|Ground
|move|p2a: goobing bolt|Thunderbolt|p1a: Scizor
|-immune|p1a: Scizor
|move|p1a: Scizor|Knock Off|p2a: goobing bolt
|-damage|p2a: goobing bolt|73/100
|-enditem|p2a: goobing bolt|Choice Specs|[from] move: Knock Off|[of] p1a: Scizor
|
|upkeep
|turn|5
|inactive|cachowcapow has 120 seconds left.
|
|t:|1781021976
|switch|p1a: Gardevoir|Gardevoir, F, shiny|100/100
|move|p2a: goobing bolt|Draco Meteor|p1a: Gardevoir
|-immune|p1a: Gardevoir
|
|upkeep
|turn|6
|
|t:|1781021983
|-end|p2a: goobing bolt|Protosynthesis|[silent]
|switch|p2a: neededaghostresist|Kingambit, F|100/100
|-ability|p1a: Gardevoir|Supreme Overlord|Trace|[from] ability: Trace|[of] p2a: neededaghostresist
|move|p1a: Gardevoir|Moonblast|p2a: neededaghostresist
|-damage|p2a: neededaghostresist|20/100
|-unboost|p2a: neededaghostresist|spa|1
|
|-heal|p2a: neededaghostresist|26/100|[from] item: Leftovers
|upkeep
|turn|7
|
|t:|1781021998
|-end|p1a: Gardevoir|fallenundefined|[silent]
|switch|p1a: Alomomola|Alomomola, F|89/100
|move|p2a: neededaghostresist|Sucker Punch||[still]
|-fail|p2a: neededaghostresist
|
|-heal|p2a: neededaghostresist|33/100|[from] item: Leftovers
|upkeep
|turn|8
|
|t:|1781022002
|move|p2a: neededaghostresist|Swords Dance|p2a: neededaghostresist
|-boost|p2a: neededaghostresist|atk|2
|move|p1a: Alomomola|Flip Turn|p2a: neededaghostresist
|-damage|p2a: neededaghostresist|4/100
|
|t:|1781022031
|switch|p1a: Slither Wing|Slither Wing|100/100|[from] Flip Turn
|
|-heal|p2a: neededaghostresist|10/100|[from] item: Leftovers
|upkeep
|turn|9
|
|t:|1781022046
|-end|p2a: neededaghostresist|fallenundefined|[silent]
|switch|p2a: cheap tusk|Great Tusk|100/100
|move|p1a: Slither Wing|First Impression|p2a: cheap tusk
|-resisted|p2a: cheap tusk
|-damage|p2a: cheap tusk|88/100
|
|upkeep
|turn|10
|inactive|cachowcapow has 120 seconds left.
|
|t:|1781022086
|move|p2a: cheap tusk|Stealth Rock|p1a: Slither Wing
|-sidestart|p1: cachowcapow|move: Stealth Rock
|move|p1a: Slither Wing|Will-O-Wisp|p2a: cheap tusk|[miss]
|-miss|p1a: Slither Wing|p2a: cheap tusk
|
|upkeep
|turn|11
|c|☆n5v|mb
|
|t:|1781022107
|move|p2a: cheap tusk|Rapid Spin|p1a: Slither Wing
|-damage|p1a: Slither Wing|89/100
|-boost|p2a: cheap tusk|spe|1
|-damage|p2a: cheap tusk|71/100|[from] item: Rocky Helmet|[of] p1a: Slither Wing
|move|p1a: Slither Wing|U-turn|p2a: cheap tusk
|-resisted|p2a: cheap tusk
|-damage|p2a: cheap tusk|61/100
|
|t:|1781022117
|-end|p1a: Slither Wing|Protosynthesis|[silent]
|switch|p1a: Alomomola|Alomomola, F|100/100|[from] U-turn
|-damage|p1a: Alomomola|88/100|[from] Stealth Rock
|
|upkeep
|turn|12
|
|t:|1781022120
|-end|p2a: cheap tusk|Protosynthesis|[silent]
|switch|p2a: goobing bolt|Raging Bolt|73/100
|move|p1a: Alomomola|Flip Turn|p2a: goobing bolt
|-resisted|p2a: goobing bolt
|-damage|p2a: goobing bolt|55/100
|inactive|cachowcapow has 120 seconds left.
|
|t:|1781022132
|switch|p1a: Gardevoir|Gardevoir, F, shiny|100/100|[from] Flip Turn
|-damage|p1a: Gardevoir|88/100|[from] Stealth Rock
|
|upkeep
|turn|13
|
|t:|1781022140
|-end|p2a: goobing bolt|Protosynthesis|[silent]
|switch|p2a: le-tachyon|Iron Crown|50/100
|move|p1a: Gardevoir|Moonblast|p2a: le-tachyon
|-resisted|p2a: le-tachyon
|-damage|p2a: le-tachyon|28/100
|
|upkeep
|turn|14
|
|t:|1781022147
|switch|p1a: Alomomola|Alomomola, F|100/100
|-damage|p1a: Alomomola|88/100|[from] Stealth Rock
|move|p2a: le-tachyon|Tachyon Cutter|p1a: Alomomola
|-resisted|p1a: Alomomola
|-damage|p1a: Alomomola|76/100
|-resisted|p1a: Alomomola
|-damage|p1a: Alomomola|64/100
|-hitcount|p1a: Alomomola|2
|
|upkeep
|turn|15
|
|t:|1781022153
|switch|p1a: Scizor|Scizor, F, tera:Ground|37/100
|move|p2a: le-tachyon|Volt Switch|p1a: Scizor
|-immune|p1a: Scizor
|
|upkeep
|turn|16
|
|t:|1781022158
|move|p2a: le-tachyon|Tachyon Cutter|p1a: Scizor
|-damage|p1a: Scizor|21/100
|-damage|p1a: Scizor|4/100
|-hitcount|p1a: Scizor|2
|move|p1a: Scizor|Defog|p2a: le-tachyon
|-unboost|p2a: le-tachyon|evasion|1
|-sideend|p1: cachowcapow|Stealth Rock|[from] move: Defog|[of] p1a: Scizor
|
|upkeep
|turn|17
|
|t:|1781022165
|move|p1a: Scizor|Bullet Punch|p2a: le-tachyon
|-resisted|p2a: le-tachyon
|-damage|p2a: le-tachyon|17/100
|move|p2a: le-tachyon|Psychic Noise|p1a: Scizor
|-damage|p1a: Scizor|0 fnt
|faint|p1a: Scizor
|
|upkeep
|
|t:|1781022171
|switch|p1a: Meowscarada|Meowscarada, F|100/100
|turn|18
|
|t:|1781022174
|move|p1a: Meowscarada|U-turn|p2a: le-tachyon
|-start|p1a: Meowscarada|typechange|Bug|[from] ability: Protean
|-crit|p2a: le-tachyon
|-damage|p2a: le-tachyon|0 fnt
|faint|p2a: le-tachyon
|-end|p2a: le-tachyon|Quark Drive|[silent]
|
|t:|1781022189
|switch|p1a: Gardevoir|Gardevoir, F, shiny|88/100|[from] U-turn
|
|upkeep
|
|t:|1781022199
|switch|p2a: cheap tusk|Great Tusk|61/100
|turn|19
|
|t:|1781022203
|move|p2a: cheap tusk|Headlong Rush|p1a: Gardevoir
|-damage|p1a: Gardevoir|0 fnt
|-unboost|p2a: cheap tusk|def|1
|-unboost|p2a: cheap tusk|spd|1
|faint|p1a: Gardevoir
|
|upkeep
|
|t:|1781022205
|switch|p1a: Mew|Mew, shiny|100/100
|turn|20
|
|t:|1781022210
|move|p2a: cheap tusk|Headlong Rush|p1a: Mew
|-damage|p1a: Mew|66/100
|-unboost|p2a: cheap tusk|def|1
|-unboost|p2a: cheap tusk|spd|1
|move|p1a: Mew|Agility|p1a: Mew
|-boost|p1a: Mew|spe|2
|
|upkeep
|turn|21
|
|t:|1781022213
|move|p1a: Mew|Calm Mind|p1a: Mew
|-boost|p1a: Mew|spa|1
|-boost|p1a: Mew|spd|1
|move|p2a: cheap tusk|Headlong Rush|p1a: Mew
|-damage|p1a: Mew|33/100
|-unboost|p2a: cheap tusk|def|1
|-unboost|p2a: cheap tusk|spd|1
|
|upkeep
|turn|22
|
|t:|1781022217
|move|p1a: Mew|Draining Kiss|p2a: cheap tusk
|-supereffective|p2a: cheap tusk
|-damage|p2a: cheap tusk|0 fnt
|-heal|p1a: Mew|82/100|[from] drain|[of] p2a: cheap tusk
|faint|p2a: cheap tusk
|-end|p2a: cheap tusk|Protosynthesis|[silent]
|
|upkeep
|
|t:|1781022228
|switch|p2a: diddy kong|Rillaboom, M|100/100
|-fieldstart|move: Grassy Terrain|[from] ability: Grassy Surge|[of] p2a: diddy kong
|turn|23
|
|t:|1781022233
|move|p1a: Mew|Stored Power|p2a: diddy kong
|-damage|p2a: diddy kong|40/100
|move|p2a: diddy kong|Knock Off|p1a: Mew
|-supereffective|p1a: Mew
|-damage|p1a: Mew|38/100
|-enditem|p1a: Mew|Weakness Policy
|-boost|p1a: Mew|atk|2|[from] item: Weakness Policy
|-boost|p1a: Mew|spa|2|[from] item: Weakness Policy
|
|-heal|p1a: Mew|44/100|[from] Grassy Terrain
|-heal|p2a: diddy kong|46/100|[from] Grassy Terrain
|upkeep
|turn|24
|c|☆n5v|good lord
|
|t:|1781022257
|-terastallize|p2a: diddy kong|Grass
|move|p2a: diddy kong|Grassy Glide|p1a: Mew
|-damage|p1a: Mew|13/100
|move|p1a: Mew|Stored Power|p2a: diddy kong
|-damage|p2a: diddy kong|0 fnt
|faint|p2a: diddy kong
|
|-heal|p1a: Mew|19/100|[from] Grassy Terrain
|upkeep
|
|t:|1781022262
|switch|p2a: neededaghostresist|Kingambit, F|10/100
|-activate|p2a: neededaghostresist|ability: Supreme Overlord
|-start|p2a: neededaghostresist|fallen3|[silent]
|turn|25
|
|t:|1781022267
|move|p1a: Mew|Draining Kiss|p2a: neededaghostresist
|-damage|p2a: neededaghostresist|0 fnt
|-heal|p1a: Mew|25/100|[from] drain|[of] p2a: neededaghostresist
|faint|p2a: neededaghostresist
|-end|p2a: neededaghostresist|fallen3|[silent]
|
|-heal|p1a: Mew|32/100|[from] Grassy Terrain
|upkeep
|c|☆n5v|wp
|
|t:|1781022272
|switch|p2a: goobing bolt|Raging Bolt|55/100
|turn|26
|
|t:|1781022281
|move|p1a: Mew|Draining Kiss|p2a: goobing bolt
|-supereffective|p2a: goobing bolt
|-damage|p2a: goobing bolt|0 fnt
|-heal|p1a: Mew|72/100|[from] drain|[of] p2a: goobing bolt
|faint|p2a: goobing bolt
|-end|p2a: goobing bolt|Protosynthesis|[silent]
|
|-heal|p1a: Mew|78/100|[from] Grassy Terrain
|upkeep
|
|t:|1781022283
|switch|p2a: gay alladin|Enamorus, F|100/100
|turn|27
|c|☆n5v|gg
|c|☆cachowcapow|tyty
|
|t:|1781022289
|move|p1a: Mew|Stored Power|p2a: gay alladin
|-damage|p2a: gay alladin|0 fnt
|faint|p2a: gay alladin
|
|win|cachowcapow
|raw|cachowcapow's rating: 1739 &rarr; <strong>1751</strong><br />(+12 for winning)
|raw|n5v's rating: 1589 &rarr; <strong>1577</strong><br />(-12 for losing)
|c|☆cachowcapow|gg
|l|☆cachowcapow
|player|p1|
|l|☆n5v
|player|p2|
