|j|☆jonuz
|j|☆lord shiddenfards
|t:|1781156917
|gametype|singles
|player|p1|jonuz|170|1613
|player|p2|lord shiddenfards|blaine|1641
|gen|9
|tier|[Gen 9] OU
|rated|
|rule|HP Percentage Mod: HP is shown in percentages
|rule|Endless Battle Clause: Forcing endless battles is banned
|rule|Species Clause: Limit one of each Pokémon
|rule|OHKO Clause: OHKO moves are banned
|rule|Evasion Items Clause: Evasion items are banned
|rule|Evasion Moves Clause: Evasion moves are banned
|rule|Evasion Abilities Clause: Evasion abilities are banned
|rule|Sleep Moves Clause: Sleep-inducing moves are banned
|clearpoke
|poke|p1|Sinistcha|
|poke|p1|Samurott-Hisui, F|
|poke|p1|Clefable, M|
|poke|p1|Moltres|
|poke|p1|Ting-Lu|
|poke|p1|Kommo-o, M|
|poke|p2|Ninetales, M|
|poke|p2|Great Tusk|
|poke|p2|Slither Wing|
|poke|p2|Alomomola, F|
|poke|p2|Iron Moth|
|poke|p2|Raging Bolt|
|teampreview
|inactive|Battle timer is ON: inactive players will automatically lose when time's up. (requested by lord shiddenfards)
|
|t:|1781156929
|teamsize|p1|6
|teamsize|p2|6
|start
|switch|p1a: Moltres|Moltres|100/100
|switch|p2a: Slither Wing|Slither Wing|100/100
|-ability|p1a: Moltres|Pressure
|turn|1
|
|t:|1781156945
|-end|p2a: Slither Wing|Protosynthesis|[silent]
|switch|p2a: Raging Bolt|Raging Bolt|100/100
|move|p1a: Moltres|Hurricane|p2a: Raging Bolt|[miss]
|-miss|p1a: Moltres|p2a: Raging Bolt
|
|upkeep
|turn|2
|
|t:|1781156950
|switch|p1a: Ting-Lu|Ting-Lu|100/100
|-ability|p1a: Ting-Lu|Vessel of Ruin
|move|p2a: Raging Bolt|Draco Meteor|p1a: Ting-Lu
|-damage|p1a: Ting-Lu|67/100
|-unboost|p2a: Raging Bolt|spa|2
|
|-heal|p1a: Ting-Lu|73/100|[from] item: Leftovers
|upkeep
|turn|3
|
|t:|1781156963
|-end|p2a: Raging Bolt|Protosynthesis|[silent]
|switch|p2a: Great Tusk|Great Tusk|100/100
|switch|p1a: Clefable|Clefable, M|100/100
|
|upkeep
|turn|4
|
|t:|1781156967
|-end|p2a: Great Tusk|Protosynthesis|[silent]
|switch|p2a: Ninetales|Ninetales, M|100/100
|-weather|SunnyDay|[from] ability: Drought|[of] p2a: Ninetales
|move|p1a: Clefable|Stealth Rock|p2a: Ninetales
|-sidestart|p2: lord shiddenfards|move: Stealth Rock
|
|-weather|SunnyDay|[upkeep]
|upkeep
|turn|5
|
|t:|1781156973
|switch|p1a: Ting-Lu|Ting-Lu|73/100
|-ability|p1a: Ting-Lu|Vessel of Ruin
|move|p2a: Ninetales|Overheat|p1a: Ting-Lu
|-damage|p1a: Ting-Lu|30/100
|-unboost|p2a: Ninetales|spa|2
|
|-weather|SunnyDay|[upkeep]
|-heal|p1a: Ting-Lu|36/100|[from] item: Leftovers
|upkeep
|turn|6
|
|t:|1781156981
|switch|p2a: Great Tusk|Great Tusk|100/100
|-activate|p2a: Great Tusk|ability: Protosynthesis
|-start|p2a: Great Tusk|protosynthesisspe
|move|p1a: Ting-Lu|Rest|p1a: Ting-Lu
|-status|p1a: Ting-Lu|slp|[from] move: Rest
|-heal|p1a: Ting-Lu|100/100 slp|[silent]
|
|-weather|SunnyDay|[upkeep]
|upkeep
|turn|7
|
|t:|1781156987
|-end|p2a: Great Tusk|Protosynthesis|[silent]
|switch|p2a: Raging Bolt|Raging Bolt|100/100
|-damage|p2a: Raging Bolt|88/100|[from] Stealth Rock
|-activate|p2a: Raging Bolt|ability: Protosynthesis
|-start|p2a: Raging Bolt|protosynthesisspa
|switch|p1a: Sinistcha|Sinistcha|100/100
|
|-weather|SunnyDay|[upkeep]
|upkeep
|turn|8
|
|t:|1781156989
|switch|p1a: Ting-Lu|Ting-Lu|100/100 slp
|-ability|p1a: Ting-Lu|Vessel of Ruin
|move|p2a: Raging Bolt|Weather Ball|p1a: Ting-Lu
|-damage|p1a: Ting-Lu|70/100 slp
|
|-weather|none
|-end|p2a: Raging Bolt|Protosynthesis
|-heal|p1a: Ting-Lu|76/100 slp|[from] item: Leftovers
|upkeep
|turn|9
|
|t:|1781156993
|-end|p2a: Raging Bolt|Protosynthesis|[silent]
|switch|p2a: Great Tusk|Great Tusk|100/100
|cant|p1a: Ting-Lu|slp
|move|p1a: Ting-Lu|Sleep Talk|p1a: Ting-Lu
|move|p1a: Ting-Lu|Earthquake|p2a: Great Tusk|[from] move: Sleep Talk
|-damage|p2a: Great Tusk|75/100
|
|-heal|p1a: Ting-Lu|83/100 slp|[from] item: Leftovers
|upkeep
|turn|10
|
|t:|1781157009
|switch|p1a: Sinistcha|Sinistcha|100/100
|move|p2a: Great Tusk|Ice Spinner|p1a: Sinistcha
|-supereffective|p1a: Sinistcha
|-damage|p1a: Sinistcha|67/100
|
|upkeep
|turn|11
|
|t:|1781157012
|-end|p2a: Great Tusk|Protosynthesis|[silent]
|switch|p2a: Ninetales|Ninetales, M|100/100
|-damage|p2a: Ninetales|76/100|[from] Stealth Rock
|-weather|SunnyDay|[from] ability: Drought|[of] p2a: Ninetales
|move|p1a: Sinistcha|Strength Sap|p2a: Ninetales
|-unboost|p2a: Ninetales|atk|1
|-heal|p1a: Sinistcha|100/100
|
|-weather|SunnyDay|[upkeep]
|upkeep
|turn|12
|
|t:|1781157014
|switch|p1a: Ting-Lu|Ting-Lu|83/100 slp
|-ability|p1a: Ting-Lu|Vessel of Ruin
|move|p2a: Ninetales|Overheat|p1a: Ting-Lu
|-damage|p1a: Ting-Lu|32/100 slp
|-unboost|p2a: Ninetales|spa|2
|
|-weather|SunnyDay|[upkeep]
|-heal|p1a: Ting-Lu|39/100 slp|[from] item: Leftovers
|upkeep
|turn|13
|
|t:|1781157023
|switch|p2a: Slither Wing|Slither Wing|100/100
|-damage|p2a: Slither Wing|88/100|[from] Stealth Rock
|-activate|p2a: Slither Wing|ability: Protosynthesis
|-start|p2a: Slither Wing|protosynthesisatk
|cant|p1a: Ting-Lu|slp
|move|p1a: Ting-Lu|Sleep Talk|p1a: Ting-Lu
|move|p1a: Ting-Lu|Earthquake|p2a: Slither Wing|[from] move: Sleep Talk
|-resisted|p2a: Slither Wing
|-damage|p2a: Slither Wing|65/100
|
|-weather|SunnyDay|[upkeep]
|-heal|p1a: Ting-Lu|45/100 slp|[from] item: Leftovers
|upkeep
|turn|14
|
|t:|1781157032
|switch|p1a: Clefable|Clefable, M|100/100
|move|p2a: Slither Wing|Close Combat|p1a: Clefable
|-resisted|p1a: Clefable
|-damage|p1a: Clefable|52/100
|-unboost|p2a: Slither Wing|def|1
|-unboost|p2a: Slither Wing|spd|1
|
|-weather|SunnyDay|[upkeep]
|-heal|p1a: Clefable|58/100|[from] item: Leftovers
|upkeep
|turn|15
|
|t:|1781157036
|-end|p2a: Slither Wing|Protosynthesis|[silent]
|switch|p2a: Alomomola|Alomomola, F|100/100
|-damage|p2a: Alomomola|88/100|[from] Stealth Rock
|move|p1a: Clefable|Moonlight|p1a: Clefable
|-heal|p1a: Clefable|100/100
|
|-weather|none
|upkeep
|turn|16
|
|t:|1781157039
|move|p1a: Clefable|Knock Off|p2a: Alomomola
|-damage|p2a: Alomomola|78/100
|-enditem|p2a: Alomomola|Eject Button|[from] move: Knock Off|[of] p1a: Clefable
|move|p2a: Alomomola|Wish|p2a: Alomomola
|
|upkeep
|turn|17
|
|t:|1781157049
|move|p1a: Clefable|Knock Off|p2a: Alomomola
|-damage|p2a: Alomomola|71/100
|move|p2a: Alomomola|Flip Turn|p1a: Clefable
|-damage|p1a: Clefable|89/100
|
|t:|1781157058
|switch|p2a: Ninetales|Ninetales, M|76/100|[from] Flip Turn
|-damage|p2a: Ninetales|51/100|[from] Stealth Rock
|-weather|SunnyDay|[from] ability: Drought|[of] p2a: Ninetales
|
|-weather|SunnyDay|[upkeep]
|-heal|p2a: Ninetales|100/100|[from] move: Wish|[wisher] Alomomola
|-heal|p1a: Clefable|95/100|[from] item: Leftovers
|upkeep
|turn|18
|
|t:|1781157063
|switch|p1a: Moltres|Moltres|100/100
|-ability|p1a: Moltres|Pressure
|move|p2a: Ninetales|Overheat|p1a: Moltres
|-resisted|p1a: Moltres
|-damage|p1a: Moltres|40/100
|-unboost|p2a: Ninetales|spa|2
|
|-weather|SunnyDay|[upkeep]
|upkeep
|turn|19
|
|t:|1781157070
|switch|p2a: Raging Bolt|Raging Bolt|88/100
|-damage|p2a: Raging Bolt|76/100|[from] Stealth Rock
|-activate|p2a: Raging Bolt|ability: Protosynthesis
|-start|p2a: Raging Bolt|protosynthesisspa
|move|p1a: Moltres|Roost|p1a: Moltres
|-heal|p1a: Moltres|90/100
|-singleturn|p1a: Moltres|move: Roost
|
|-weather|SunnyDay|[upkeep]
|upkeep
|turn|20
|
|t:|1781157077
|switch|p1a: Kommo-o|Kommo-o, M|100/100
|move|p2a: Raging Bolt|Draco Meteor|p1a: Kommo-o
|-supereffective|p1a: Kommo-o
|-damage|p1a: Kommo-o|0 fnt
|-unboost|p2a: Raging Bolt|spa|2
|faint|p1a: Kommo-o
|
|-weather|SunnyDay|[upkeep]
|upkeep
|
|t:|1781157080
|switch|p1a: Ting-Lu|Ting-Lu|45/100 slp
|-ability|p1a: Ting-Lu|Vessel of Ruin
|turn|21
|
|t:|1781157090
|-end|p2a: Raging Bolt|Protosynthesis|[silent]
|switch|p2a: Great Tusk|Great Tusk|75/100
|-activate|p2a: Great Tusk|ability: Protosynthesis
|-start|p2a: Great Tusk|protosynthesisspe
|-curestatus|p1a: Ting-Lu|slp|[msg]
|move|p1a: Ting-Lu|Ruination|p2a: Great Tusk
|-damage|p2a: Great Tusk|38/100
|
|-weather|none
|-end|p2a: Great Tusk|Protosynthesis
|-heal|p1a: Ting-Lu|51/100|[from] item: Leftovers
|upkeep
|turn|22
|j| pokemonlover-834
|
|t:|1781157099
|-end|p2a: Great Tusk|Protosynthesis|[silent]
|switch|p2a: Ninetales|Ninetales, M|100/100
|-damage|p2a: Ninetales|76/100|[from] Stealth Rock
|-weather|SunnyDay|[from] ability: Drought|[of] p2a: Ninetales
|move|p1a: Ting-Lu|Earthquake|p2a: Ninetales
|-supereffective|p2a: Ninetales
|-damage|p2a: Ninetales|0 fnt
|faint|p2a: Ninetales
|
|-weather|SunnyDay|[upkeep]
|-heal|p1a: Ting-Lu|57/100|[from] item: Leftovers
|upkeep
|
|t:|1781157112
|switch|p2a: Great Tusk|Great Tusk|38/100
|-activate|p2a: Great Tusk|ability: Protosynthesis
|-start|p2a: Great Tusk|protosynthesisspe
|turn|23
|
|t:|1781157114
|switch|p1a: Sinistcha|Sinistcha|100/100
|move|p2a: Great Tusk|Rapid Spin|p1a: Sinistcha
|-immune|p1a: Sinistcha
|
|-weather|SunnyDay|[upkeep]
|upkeep
|turn|24
|
|t:|1781157123
|-end|p2a: Great Tusk|Protosynthesis|[silent]
|switch|p2a: Raging Bolt|Raging Bolt|76/100
|-damage|p2a: Raging Bolt|63/100|[from] Stealth Rock
|-activate|p2a: Raging Bolt|ability: Protosynthesis
|-start|p2a: Raging Bolt|protosynthesisspa
|move|p1a: Sinistcha|Shadow Ball|p2a: Raging Bolt
|-damage|p2a: Raging Bolt|46/100
|
|-weather|SunnyDay|[upkeep]
|upkeep
|turn|25
|
|t:|1781157131
|switch|p1a: Ting-Lu|Ting-Lu|57/100
|-ability|p1a: Ting-Lu|Vessel of Ruin
|move|p2a: Raging Bolt|Weather Ball|p1a: Ting-Lu
|-damage|p1a: Ting-Lu|27/100
|
|-weather|SunnyDay|[upkeep]
|-heal|p1a: Ting-Lu|33/100|[from] item: Leftovers
|upkeep
|turn|26
|
|t:|1781157139
|switch|p1a: Clefable|Clefable, M|95/100
|move|p2a: Raging Bolt|Draco Meteor|p1a: Clefable
|-immune|p1a: Clefable
|
|-weather|none
|-end|p2a: Raging Bolt|Protosynthesis
|-heal|p1a: Clefable|100/100|[from] item: Leftovers
|upkeep
|turn|27
|
|t:|1781157145
|move|p2a: Raging Bolt|Volt Switch|p1a: Clefable
|-damage|p1a: Clefable|61/100
|
|t:|1781157148
|-end|p2a: Raging Bolt|Protosynthesis|[silent]
|switch|p2a: Alomomola|Alomomola, F|100/100|[from] Volt Switch
|-damage|p2a: Alomomola|88/100|[from] Stealth Rock
|move|p1a: Clefable|Moonblast|p2a: Alomomola
|-damage|p2a: Alomomola|62/100
|
|-heal|p1a: Clefable|67/100|[from] item: Leftovers
|upkeep
|turn|28
|
|t:|1781157152
|move|p1a: Clefable|Moonblast|p2a: Alomomola
|-damage|p2a: Alomomola|38/100
|-unboost|p2a: Alomomola|spa|1
|move|p2a: Alomomola|Wish|p2a: Alomomola
|
|-heal|p1a: Clefable|73/100|[from] item: Leftovers
|upkeep
|turn|29
|
|t:|1781157160
|switch|p1a: Samurott|Samurott-Hisui, F|100/100
|move|p2a: Alomomola|Flip Turn|p1a: Samurott
|-resisted|p1a: Samurott
|-damage|p1a: Samurott|90/100
|
|t:|1781157162
|switch|p2a: Great Tusk|Great Tusk|38/100|[from] Flip Turn
|
|-heal|p2a: Great Tusk|96/100|[from] move: Wish|[wisher] Alomomola
|upkeep
|turn|30
|
|t:|1781157166
|move|p1a: Samurott|Flip Turn|p2a: Great Tusk
|-supereffective|p2a: Great Tusk
|-damage|p2a: Great Tusk|61/100
|
|t:|1781157170
|switch|p1a: Sinistcha|Sinistcha|100/100|[from] Flip Turn
|move|p2a: Great Tusk|Ice Spinner|p1a: Sinistcha
|-supereffective|p1a: Sinistcha
|-damage|p1a: Sinistcha|70/100
|
|upkeep
|turn|31
|
|t:|1781157197
|-end|p2a: Great Tusk|Protosynthesis|[silent]
|switch|p2a: Iron Moth|Iron Moth|100/100
|-damage|p2a: Iron Moth|76/100|[from] Stealth Rock
|-enditem|p2a: Iron Moth|Booster Energy
|-activate|p2a: Iron Moth|ability: Quark Drive|[fromitem]
|-start|p2a: Iron Moth|quarkdrivespe
|move|p1a: Sinistcha|Strength Sap|p2a: Iron Moth
|-unboost|p2a: Iron Moth|atk|1
|-heal|p1a: Sinistcha|100/100
|
|upkeep
|turn|32
|
|t:|1781157207
|switch|p1a: Moltres|Moltres|90/100
|-ability|p1a: Moltres|Pressure
|move|p2a: Iron Moth|Fiery Dance|p1a: Moltres
|-resisted|p1a: Moltres
|-damage|p1a: Moltres|71/100
|
|upkeep
|turn|33
|
|t:|1781157215
|move|p2a: Iron Moth|Fiery Dance|p1a: Moltres
|-resisted|p1a: Moltres
|-damage|p1a: Moltres|50/100
|-boost|p2a: Iron Moth|spa|1
|move|p1a: Moltres|Hurricane|p2a: Iron Moth
|-damage|p2a: Iron Moth|16/100
|-start|p2a: Iron Moth|confusion
|
|upkeep
|turn|34
|
|t:|1781157224
|-activate|p2a: Iron Moth|confusion
|move|p2a: Iron Moth|Sludge Wave|p1a: Moltres
|-damage|p1a: Moltres|0 fnt
|faint|p1a: Moltres
|
|upkeep
|
|t:|1781157228
|switch|p1a: Ting-Lu|Ting-Lu|33/100
|-ability|p1a: Ting-Lu|Vessel of Ruin
|turn|35
|
|t:|1781157238
|-activate|p2a: Iron Moth|confusion
|-damage|p2a: Iron Moth|10/100|[from] confusion
|move|p1a: Ting-Lu|Rest|p1a: Ting-Lu
|-status|p1a: Ting-Lu|slp|[from] move: Rest
|-heal|p1a: Ting-Lu|100/100 slp|[silent]
|
|upkeep
|turn|36
|
|t:|1781157242
|-activate|p2a: Iron Moth|confusion
|move|p2a: Iron Moth|Fiery Dance|p1a: Ting-Lu
|-damage|p1a: Ting-Lu|76/100 slp
|cant|p1a: Ting-Lu|slp
|move|p1a: Ting-Lu|Sleep Talk|p1a: Ting-Lu
|move|p1a: Ting-Lu|Ruination|p2a: Iron Moth|[from] move: Sleep Talk
|-damage|p2a: Iron Moth|5/100
|
|-heal|p1a: Ting-Lu|83/100 slp|[from] item: Leftovers
|upkeep
|turn|37
|
|t:|1781157251
|-activate|p2a: Iron Moth|confusion
|move|p2a: Iron Moth|Fiery Dance|p1a: Ting-Lu
|-damage|p1a: Ting-Lu|58/100 slp
|-boost|p2a: Iron Moth|spa|1
|cant|p1a: Ting-Lu|slp
|move|p1a: Ting-Lu|Sleep Talk|p1a: Ting-Lu
|move|p1a: Ting-Lu|Ruination|p2a: Iron Moth|[from] move: Sleep Talk
|-damage|p2a: Iron Moth|3/100
|
|-heal|p1a: Ting-Lu|64/100 slp|[from] item: Leftovers
|upkeep
|turn|38
|
|t:|1781157258
|-end|p2a: Iron Moth|confusion
|move|p2a: Iron Moth|Fiery Dance|p1a: Ting-Lu
|-damage|p1a: Ting-Lu|29/100 slp
|-curestatus|p1a: Ting-Lu|slp|[msg]
|move|p1a: Ting-Lu|Rest|p1a: Ting-Lu
|-status|p1a: Ting-Lu|slp|[from] move: Rest
|-heal|p1a: Ting-Lu|100/100 slp|[silent]
|
|upkeep
|turn|39
|
|t:|1781157264
|move|p2a: Iron Moth|Fiery Dance|p1a: Ting-Lu
|-damage|p1a: Ting-Lu|66/100 slp
|-boost|p2a: Iron Moth|spa|1
|cant|p1a: Ting-Lu|slp
|move|p1a: Ting-Lu|Sleep Talk|p1a: Ting-Lu
|move|p1a: Ting-Lu|Earthquake|p2a: Iron Moth|[from] move: Sleep Talk
|-supereffective|p2a: Iron Moth
|-damage|p2a: Iron Moth|0 fnt
|faint|p2a: Iron Moth
|-end|p2a: Iron Moth|Quark Drive|[silent]
|
|-heal|p1a: Ting-Lu|72/100 slp|[from] item: Leftovers
|upkeep
|
|t:|1781157274
|switch|p2a: Slither Wing|Slither Wing|65/100
|-damage|p2a: Slither Wing|53/100|[from] Stealth Rock
|turn|40
|
|t:|1781157276
|switch|p1a: Clefable|Clefable, M|73/100
|move|p2a: Slither Wing|U-turn|p1a: Clefable
|-resisted|p1a: Clefable
|-crit|p1a: Clefable
|-damage|p1a: Clefable|39/100
|
|t:|1781157279
|-end|p2a: Slither Wing|Protosynthesis|[silent]
|switch|p2a: Alomomola|Alomomola, F|71/100|[from] U-turn
|-damage|p2a: Alomomola|59/100|[from] Stealth Rock
|
|-heal|p1a: Clefable|45/100|[from] item: Leftovers
|upkeep
|turn|41
|
|t:|1781157282
|move|p1a: Clefable|Moonlight|p1a: Clefable
|-heal|p1a: Clefable|95/100
|move|p2a: Alomomola|Wish|p2a: Alomomola
|
|-heal|p1a: Clefable|100/100|[from] item: Leftovers
|upkeep
|turn|42
|
|t:|1781157292
|move|p1a: Clefable|Moonblast|p2a: Alomomola
|-damage|p2a: Alomomola|32/100
|-unboost|p2a: Alomomola|spa|1
|move|p2a: Alomomola|Flip Turn|p1a: Clefable
|-damage|p1a: Clefable|88/100
|
|t:|1781157312
|switch|p2a: Raging Bolt|Raging Bolt|46/100|[from] Flip Turn
|-damage|p2a: Raging Bolt|34/100|[from] Stealth Rock
|
|-heal|p2a: Raging Bolt|87/100|[from] move: Wish|[wisher] Alomomola
|-heal|p1a: Clefable|94/100|[from] item: Leftovers
|upkeep
|turn|43
|
|t:|1781157316
|move|p2a: Raging Bolt|Volt Switch|p1a: Clefable
|-damage|p1a: Clefable|58/100
|
|t:|1781157320
|-end|p2a: Raging Bolt|Protosynthesis|[silent]
|switch|p2a: Alomomola|Alomomola, F|66/100|[from] Volt Switch
|-damage|p2a: Alomomola|53/100|[from] Stealth Rock
|move|p1a: Clefable|Moonblast|p2a: Alomomola
|-damage|p2a: Alomomola|30/100
|
|-heal|p1a: Clefable|64/100|[from] item: Leftovers
|upkeep
|turn|44
|
|t:|1781157324
|move|p1a: Clefable|Moonblast|p2a: Alomomola
|-damage|p2a: Alomomola|7/100
|move|p2a: Alomomola|Flip Turn|p1a: Clefable
|-damage|p1a: Clefable|53/100
|
|t:|1781157338
|switch|p2a: Raging Bolt|Raging Bolt|87/100|[from] Flip Turn
|-damage|p2a: Raging Bolt|75/100|[from] Stealth Rock
|
|-heal|p1a: Clefable|59/100|[from] item: Leftovers
|upkeep
|turn|45
|
|t:|1781157341
|switch|p1a: Ting-Lu|Ting-Lu|72/100 slp
|-ability|p1a: Ting-Lu|Vessel of Ruin
|move|p2a: Raging Bolt|Volt Switch|p1a: Ting-Lu
|-immune|p1a: Ting-Lu
|
|-heal|p1a: Ting-Lu|79/100 slp|[from] item: Leftovers
|upkeep
|turn|46
|
|t:|1781157349
|-end|p2a: Raging Bolt|Protosynthesis|[silent]
|switch|p2a: Great Tusk|Great Tusk|61/100
|cant|p1a: Ting-Lu|slp
|move|p1a: Ting-Lu|Sleep Talk|p1a: Ting-Lu
|move|p1a: Ting-Lu|Earthquake|p2a: Great Tusk|[from] move: Sleep Talk
|-damage|p2a: Great Tusk|37/100
|
|-heal|p1a: Ting-Lu|85/100 slp|[from] item: Leftovers
|upkeep
|turn|47
|
|t:|1781157356
|move|p2a: Great Tusk|Ice Spinner|p1a: Ting-Lu
|-supereffective|p1a: Ting-Lu
|-damage|p1a: Ting-Lu|58/100 slp
|-curestatus|p1a: Ting-Lu|slp|[msg]
|move|p1a: Ting-Lu|Earthquake|p2a: Great Tusk
|-damage|p2a: Great Tusk|13/100
|
|-heal|p1a: Ting-Lu|64/100|[from] item: Leftovers
|upkeep
|turn|48
|
|t:|1781157361
|move|p2a: Great Tusk|Rapid Spin|p1a: Ting-Lu
|-damage|p1a: Ting-Lu|56/100
|-boost|p2a: Great Tusk|spe|1
|-sideend|p2: lord shiddenfards|Stealth Rock|[from] move: Rapid Spin|[of] p2a: Great Tusk
|move|p1a: Ting-Lu|Earthquake|p2a: Great Tusk
|-damage|p2a: Great Tusk|0 fnt
|faint|p2a: Great Tusk
|-end|p2a: Great Tusk|Protosynthesis|[silent]
|
|-heal|p1a: Ting-Lu|63/100|[from] item: Leftovers
|upkeep
|
|t:|1781157366
|switch|p2a: Slither Wing|Slither Wing|53/100
|turn|49
|
|t:|1781157371
|switch|p1a: Sinistcha|Sinistcha|100/100
|move|p2a: Slither Wing|Close Combat|p1a: Sinistcha
|-immune|p1a: Sinistcha
|
|upkeep
|turn|50
|
|t:|1781157378
|-end|p2a: Slither Wing|Protosynthesis|[silent]
|switch|p2a: Raging Bolt|Raging Bolt|75/100
|move|p1a: Sinistcha|Calm Mind|p1a: Sinistcha
|-boost|p1a: Sinistcha|spa|1
|-boost|p1a: Sinistcha|spd|1
|
|upkeep
|turn|51
|
|t:|1781157381
|move|p2a: Raging Bolt|Draco Meteor|p1a: Sinistcha|[miss]
|-miss|p2a: Raging Bolt|p1a: Sinistcha
|move|p1a: Sinistcha|Shadow Ball|p2a: Raging Bolt
|-damage|p2a: Raging Bolt|46/100
|
|upkeep
|turn|52
|
|t:|1781157383
|move|p2a: Raging Bolt|Draco Meteor|p1a: Sinistcha
|-damage|p1a: Sinistcha|44/100
|-unboost|p2a: Raging Bolt|spa|2
|move|p1a: Sinistcha|Shadow Ball|p2a: Raging Bolt
|-damage|p2a: Raging Bolt|19/100
|
|upkeep
|turn|53
|
|t:|1781157387
|move|p2a: Raging Bolt|Volt Switch|p1a: Sinistcha
|-resisted|p1a: Sinistcha
|-damage|p1a: Sinistcha|36/100
|
|t:|1781157395
|-end|p2a: Raging Bolt|Protosynthesis|[silent]
|switch|p2a: Alomomola|Alomomola, F|40/100|[from] Volt Switch
|move|p1a: Sinistcha|Strength Sap|p2a: Alomomola
|-unboost|p2a: Alomomola|atk|1
|-heal|p1a: Sinistcha|90/100
|
|upkeep
|turn|54
|
|t:|1781157405
|move|p1a: Sinistcha|Shadow Ball|p2a: Alomomola
|-damage|p2a: Alomomola|0 fnt
|faint|p2a: Alomomola
|
|upkeep
|-message|lord shiddenfards forfeited.
|
|win|jonuz
|raw|jonuz's rating: 1613 &rarr; <strong>1635</strong><br />(+22 for winning)
|raw|lord shiddenfards's rating: 1641 &rarr; <strong>1619</strong><br />(-22 for losing)
|l|☆lord shiddenfards
|player|p2|
|l| pokemonlover-834
|l|☆jonuz
|player|p1|
