|j|☆Alfblu3
|j|☆snurke
|t:|1780919741
|gametype|singles
|player|p1|Alfblu3|fisherman-gen4|1601
|player|p2|snurke|sisandbro|1629
|gen|9
|tier|[Gen 9] OU
|rated|
|rule|HP Percentage Mod: HP is shown in percentages
|rule|Endless Battle Clause: Forcing endless battles is banned
|rule|Species Clause: Limit one of each Pokémon
|rule|OHKO Clause: OHKO moves are banned
|rule|Evasion Items Clause: Evasion items are banned
|rule|Evasion Moves Clause: Evasion moves are banned
|rule|Evasion Abilities Clause: Evasion abilities are banned
|rule|Sleep Moves Clause: Sleep-inducing moves are banned
|clearpoke
|poke|p1|Pawmot, M|
|poke|p1|Cresselia, F|
|poke|p1|Entei|
|poke|p1|Iron Treads|
|poke|p1|Fezandipiti, M|
|poke|p1|Darkrai|
|poke|p2|Cinderace, F|
|poke|p2|Torkoal, M|
|poke|p2|Walking Wake|
|poke|p2|Enamorus, F|
|poke|p2|Raging Bolt|
|poke|p2|Great Tusk|
|teampreview
|inactive|Battle timer is ON: inactive players will automatically lose when time's up. (requested by Alfblu3)
|
|t:|1780919768
|teamsize|p1|6
|teamsize|p2|6
|start
|switch|p1a: Entei|Entei|100/100
|switch|p2a: Enamorus|Enamorus, F|100/100
|-ability|p1a: Entei|Pressure
|turn|1
|
|t:|1780919775
|move|p1a: Entei|Protect|p1a: Entei
|-singleturn|p1a: Entei|Protect
|move|p2a: Enamorus|Earth Power|p1a: Entei
|-activate|p1a: Entei|move: Protect
|
|upkeep
|turn|2
|
|t:|1780919782
|switch|p2a: Torkoal|Torkoal, M, shiny|100/100
|-weather|SunnyDay|[from] ability: Drought|[of] p2a: Torkoal
|switch|p1a: Cresselia|Cresselia, F|100/100
|
|-weather|SunnyDay|[upkeep]
|upkeep
|turn|3
|
|t:|1780919785
|switch|p1a: Entei|Entei|100/100
|-ability|p1a: Entei|Pressure
|move|p2a: Torkoal|Stealth Rock|p1a: Entei
|-sidestart|p1: Alfblu3|move: Stealth Rock
|
|-weather|SunnyDay|[upkeep]
|upkeep
|turn|4
|
|t:|1780919796
|switch|p2a: Walking Wake|Walking Wake|100/100
|-activate|p2a: Walking Wake|ability: Protosynthesis
|-start|p2a: Walking Wake|protosynthesisspe
|move|p1a: Entei|Substitute|p1a: Entei
|-start|p1a: Entei|Substitute
|-damage|p1a: Entei|75/100
|
|-weather|SunnyDay|[upkeep]
|-heal|p1a: Entei|82/100|[from] item: Leftovers
|upkeep
|turn|5
|
|t:|1780919801
|move|p1a: Entei|Protect|p1a: Entei
|-singleturn|p1a: Entei|Protect
|move|p2a: Walking Wake|Hydro Steam|p1a: Entei
|-activate|p1a: Entei|move: Protect
|
|-weather|SunnyDay|[upkeep]
|-heal|p1a: Entei|88/100|[from] item: Leftovers
|upkeep
|turn|6
|
|t:|1780919809
|move|p2a: Walking Wake|Hydro Steam|p1a: Entei
|-supereffective|p1a: Entei
|-end|p1a: Entei|Substitute
|move|p1a: Entei|Lava Plume|p2a: Walking Wake
|-resisted|p2a: Walking Wake
|-damage|p2a: Walking Wake|91/100
|
|-weather|none
|-end|p2a: Walking Wake|Protosynthesis
|-heal|p1a: Entei|94/100|[from] item: Leftovers
|upkeep
|turn|7
|
|t:|1780919821
|move|p1a: Entei|Protect|p1a: Entei
|-singleturn|p1a: Entei|Protect
|move|p2a: Walking Wake|Hydro Steam|p1a: Entei
|-activate|p1a: Entei|move: Protect
|
|-heal|p1a: Entei|99/100|[from] item: Leftovers
|upkeep
|turn|8
|
|t:|1780919823
|switch|p1a: Fezandipiti|Fezandipiti, M|100/100
|move|p2a: Walking Wake|Hydro Steam|p1a: Fezandipiti
|-damage|p1a: Fezandipiti|65/100
|
|upkeep
|turn|9
|j| takong
|
|t:|1780919847
|-end|p2a: Walking Wake|Protosynthesis|[silent]
|switch|p2a: Cinderace|Cinderace, F, shiny|100/100
|move|p1a: Fezandipiti|U-turn|p2a: Cinderace
|-resisted|p2a: Cinderace
|-damage|p2a: Cinderace|89/100
|l| takong
|
|t:|1780919853
|switch|p1a: Entei|Entei|99/100|[from] U-turn
|-damage|p1a: Entei|75/100|[from] Stealth Rock
|-ability|p1a: Entei|Pressure
|
|-heal|p1a: Entei|81/100|[from] item: Leftovers
|upkeep
|turn|10
|inactive|snurke has 120 seconds left.
|
|t:|1780919881
|switch|p2a: Walking Wake|Walking Wake|91/100
|move|p1a: Entei|Calm Mind|p1a: Entei
|-boost|p1a: Entei|spa|1
|-boost|p1a: Entei|spd|1
|
|-heal|p1a: Entei|88/100|[from] item: Leftovers
|upkeep
|turn|11
|
|t:|1780919887
|move|p1a: Entei|Protect|p1a: Entei
|-singleturn|p1a: Entei|Protect
|move|p2a: Walking Wake|Hydro Steam|p1a: Entei
|-activate|p1a: Entei|move: Protect
|
|-heal|p1a: Entei|94/100|[from] item: Leftovers
|upkeep
|turn|12
|
|t:|1780919893
|-terastallize|p1a: Entei|Dragon
|move|p2a: Walking Wake|Hydro Steam|p1a: Entei
|-resisted|p1a: Entei
|-damage|p1a: Entei|74/100
|move|p1a: Entei|Calm Mind|p1a: Entei
|-boost|p1a: Entei|spa|1
|-boost|p1a: Entei|spd|1
|
|-heal|p1a: Entei|80/100|[from] item: Leftovers
|upkeep
|turn|13
|j| michealjackkson
|
|t:|1780919898
|-end|p2a: Walking Wake|Protosynthesis|[silent]
|switch|p2a: Enamorus|Enamorus, F|100/100
|move|p1a: Entei|Substitute|p1a: Entei
|-start|p1a: Entei|Substitute
|-damage|p1a: Entei|55/100
|
|-heal|p1a: Entei|61/100|[from] item: Leftovers
|upkeep
|turn|14
|
|t:|1780919901
|move|p1a: Entei|Protect|p1a: Entei
|-singleturn|p1a: Entei|Protect
|move|p2a: Enamorus|Moonblast|p1a: Entei
|-activate|p1a: Entei|move: Protect
|
|-heal|p1a: Entei|67/100|[from] item: Leftovers
|upkeep
|turn|15
|
|t:|1780919904
|move|p2a: Enamorus|Moonblast|p1a: Entei
|-supereffective|p1a: Entei
|-end|p1a: Entei|Substitute
|move|p1a: Entei|Lava Plume|p2a: Enamorus
|-damage|p2a: Enamorus|27/100
|-status|p2a: Enamorus|brn
|
|-heal|p1a: Entei|74/100|[from] item: Leftovers
|-damage|p2a: Enamorus|21/100 brn|[from] brn
|upkeep
|turn|16
|j| makz7x
|
|t:|1780919909
|move|p1a: Entei|Protect|p1a: Entei
|-singleturn|p1a: Entei|Protect
|move|p2a: Enamorus|Moonblast|p1a: Entei
|-activate|p1a: Entei|move: Protect
|
|-heal|p1a: Entei|80/100|[from] item: Leftovers
|-damage|p2a: Enamorus|15/100 brn|[from] brn
|upkeep
|turn|17
|
|t:|1780919914
|switch|p1a: Fezandipiti|Fezandipiti, M|65/100
|move|p2a: Enamorus|Moonblast|p1a: Fezandipiti
|-resisted|p1a: Fezandipiti
|-damage|p1a: Fezandipiti|49/100
|-unboost|p1a: Fezandipiti|spa|1
|
|-damage|p2a: Enamorus|9/100 brn|[from] brn
|upkeep
|turn|18
|
|t:|1780919921
|switch|p2a: Torkoal|Torkoal, M, shiny|100/100
|-weather|SunnyDay|[from] ability: Drought|[of] p2a: Torkoal
|move|p1a: Fezandipiti|Roost|p1a: Fezandipiti
|-heal|p1a: Fezandipiti|99/100
|-singleturn|p1a: Fezandipiti|move: Roost
|
|-weather|SunnyDay|[upkeep]
|upkeep
|turn|19
|
|t:|1780919934
|move|p1a: Fezandipiti|Beat Up|p2a: Torkoal
|-damage|p2a: Torkoal|98/100
|-damage|p2a: Torkoal|96/100
|-damage|p2a: Torkoal|93/100
|-damage|p2a: Torkoal|90/100
|-damage|p2a: Torkoal|87/100
|-damage|p2a: Torkoal|84/100
|-status|p2a: Torkoal|tox|[from] ability: Toxic Chain|[of] p1a: Fezandipiti
|-hitcount|p2a: Torkoal|6
|move|p2a: Torkoal|Lava Plume|p1a: Fezandipiti
|-damage|p1a: Fezandipiti|72/100
|
|-weather|SunnyDay|[upkeep]
|-damage|p2a: Torkoal|78/100 tox|[from] psn
|upkeep
|turn|20
|
|t:|1780919940
|move|p1a: Fezandipiti|U-turn|p2a: Torkoal
|-resisted|p2a: Torkoal
|-damage|p2a: Torkoal|72/100 tox
|
|t:|1780919943
|switch|p1a: Cresselia|Cresselia, F|100/100|[from] U-turn
|-damage|p1a: Cresselia|88/100|[from] Stealth Rock
|move|p2a: Torkoal|Lava Plume|p1a: Cresselia
|-damage|p1a: Cresselia|57/100
|
|-weather|SunnyDay|[upkeep]
|-damage|p2a: Torkoal|60/100 tox|[from] psn
|upkeep
|turn|21
|
|t:|1780919953
|switch|p2a: Walking Wake|Walking Wake|91/100
|-activate|p2a: Walking Wake|ability: Protosynthesis
|-start|p2a: Walking Wake|protosynthesisspe
|move|p1a: Cresselia|Moonlight|p1a: Cresselia
|-heal|p1a: Cresselia|100/100
|
|-weather|SunnyDay|[upkeep]
|upkeep
|turn|22
|
|t:|1780919966
|move|p2a: Walking Wake|Hydro Steam|p1a: Cresselia
|-damage|p1a: Cresselia|36/100
|move|p1a: Cresselia|Thunder Wave|p2a: Walking Wake
|-status|p2a: Walking Wake|par
|
|-weather|none
|-end|p2a: Walking Wake|Protosynthesis
|upkeep
|turn|23
|
|t:|1780919975
|-end|p2a: Walking Wake|Protosynthesis|[silent]
|switch|p2a: Raging Bolt|Raging Bolt|100/100
|move|p1a: Cresselia|Moonlight|p1a: Cresselia
|-heal|p1a: Cresselia|86/100
|
|upkeep
|turn|24
|
|t:|1780919984
|-end|p2a: Raging Bolt|Protosynthesis|[silent]
|switch|p2a: Cinderace|Cinderace, F, shiny|89/100
|switch|p1a: Iron Treads|Iron Treads|100/100
|-damage|p1a: Iron Treads|97/100|[from] Stealth Rock
|
|-heal|p1a: Iron Treads|100/100|[from] item: Leftovers
|upkeep
|turn|25
|
|t:|1780919996
|move|p2a: Cinderace|Pyro Ball|p1a: Iron Treads
|-supereffective|p1a: Iron Treads
|-damage|p1a: Iron Treads|0 fnt
|faint|p1a: Iron Treads
|-end|p1a: Iron Treads|Quark Drive|[silent]
|
|upkeep
|
|t:|1780919999
|switch|p1a: Entei|Entei, tera:Dragon|80/100
|-damage|p1a: Entei|67/100|[from] Stealth Rock
|-ability|p1a: Entei|Pressure
|turn|26
|l| makz7x
|
|t:|1780920010
|switch|p2a: Enamorus|Enamorus, F|9/100 brn
|move|p1a: Entei|Calm Mind|p1a: Entei
|-boost|p1a: Entei|spa|1
|-boost|p1a: Entei|spd|1
|
|-heal|p1a: Entei|74/100|[from] item: Leftovers
|-damage|p2a: Enamorus|3/100 brn|[from] brn
|upkeep
|turn|27
|
|t:|1780920014
|move|p1a: Entei|Protect|p1a: Entei
|-singleturn|p1a: Entei|Protect
|move|p2a: Enamorus|Healing Wish|p2a: Enamorus
|faint|p2a: Enamorus
|
|-heal|p1a: Entei|80/100|[from] item: Leftovers
|upkeep
|inactive|snurke has 120 seconds left.
|
|t:|1780920045
|switch|p2a: Walking Wake|Walking Wake|91/100 par
|-heal|p2a: Walking Wake|100/100|[from] move: Healing Wish
|turn|28
|
|t:|1780920054
|switch|p1a: Fezandipiti|Fezandipiti, M|72/100
|move|p2a: Walking Wake|Draco Meteor|p1a: Fezandipiti
|-immune|p1a: Fezandipiti
|
|upkeep
|turn|29
|
|t:|1780920058
|-end|p2a: Walking Wake|Protosynthesis|[silent]
|switch|p2a: Torkoal|Torkoal, M, shiny|60/100 tox
|-weather|SunnyDay|[from] ability: Drought|[of] p2a: Torkoal
|move|p1a: Fezandipiti|U-turn|p2a: Torkoal
|-resisted|p2a: Torkoal
|-damage|p2a: Torkoal|54/100 tox
|
|t:|1780920065
|switch|p1a: Darkrai|Darkrai|100/100|[from] U-turn
|-damage|p1a: Darkrai|88/100|[from] Stealth Rock
|
|-weather|SunnyDay|[upkeep]
|-damage|p2a: Torkoal|48/100 tox|[from] psn
|upkeep
|turn|30
|
|t:|1780920069
|switch|p2a: Raging Bolt|Raging Bolt|100/100
|-activate|p2a: Raging Bolt|ability: Protosynthesis
|-start|p2a: Raging Bolt|protosynthesisspa
|move|p1a: Darkrai|Dark Pulse|p2a: Raging Bolt
|-damage|p2a: Raging Bolt|75/100
|
|-weather|SunnyDay|[upkeep]
|upkeep
|turn|31
|
|t:|1780920081
|switch|p1a: Fezandipiti|Fezandipiti, M|72/100
|move|p2a: Raging Bolt|Draco Meteor|p1a: Fezandipiti
|-immune|p1a: Fezandipiti
|
|-weather|SunnyDay|[upkeep]
|upkeep
|turn|32
|
|t:|1780920106
|move|p1a: Fezandipiti|Beat Up|p2a: Raging Bolt
|-damage|p2a: Raging Bolt|72/100
|-status|p2a: Raging Bolt|tox|[from] ability: Toxic Chain|[of] p1a: Fezandipiti
|-damage|p2a: Raging Bolt|69/100 tox
|-damage|p2a: Raging Bolt|66/100 tox
|-crit|p2a: Raging Bolt
|-damage|p2a: Raging Bolt|62/100 tox
|-damage|p2a: Raging Bolt|59/100 tox
|-hitcount|p2a: Raging Bolt|5
|move|p2a: Raging Bolt|Volt Switch|p1a: Fezandipiti
|-damage|p1a: Fezandipiti|38/100
|
|t:|1780920109
|-end|p2a: Raging Bolt|Protosynthesis|[silent]
|switch|p2a: Cinderace|Cinderace, F, shiny|89/100|[from] Volt Switch
|
|-weather|SunnyDay|[upkeep]
|upkeep
|turn|33
|
|t:|1780920111
|switch|p1a: Entei|Entei, tera:Dragon|80/100
|-damage|p1a: Entei|67/100|[from] Stealth Rock
|-ability|p1a: Entei|Pressure
|move|p2a: Cinderace|Pyro Ball|p1a: Entei
|-resisted|p1a: Entei
|-damage|p1a: Entei|1/100
|
|-weather|none
|-heal|p1a: Entei|8/100|[from] item: Leftovers
|upkeep
|turn|34
|
|t:|1780920120
|move|p1a: Entei|Protect|p1a: Entei
|-singleturn|p1a: Entei|Protect
|move|p2a: Cinderace|Pyro Ball|p1a: Entei
|-activate|p1a: Entei|move: Protect
|
|-heal|p1a: Entei|14/100|[from] item: Leftovers
|upkeep
|turn|35
|
|t:|1780920127
|move|p2a: Cinderace|Pyro Ball|p1a: Entei
|-resisted|p1a: Entei
|-damage|p1a: Entei|0 fnt
|faint|p1a: Entei
|
|upkeep
|
|t:|1780920131
|switch|p1a: Darkrai|Darkrai|88/100
|-damage|p1a: Darkrai|76/100|[from] Stealth Rock
|turn|36
|
|t:|1780920141
|switch|p2a: Torkoal|Torkoal, M, shiny|48/100 tox
|-weather|SunnyDay|[from] ability: Drought|[of] p2a: Torkoal
|move|p1a: Darkrai|Dark Pulse|p2a: Torkoal
|-damage|p2a: Torkoal|0 fnt
|faint|p2a: Torkoal
|
|-weather|SunnyDay|[upkeep]
|upkeep
|
|t:|1780920145
|switch|p2a: Walking Wake|Walking Wake|100/100
|-activate|p2a: Walking Wake|ability: Protosynthesis
|-start|p2a: Walking Wake|protosynthesisspe
|turn|37
|
|t:|1780920154
|move|p1a: Darkrai|Dark Pulse|p2a: Walking Wake
|-damage|p2a: Walking Wake|49/100
|move|p2a: Walking Wake|Hydro Steam|p1a: Darkrai
|-damage|p1a: Darkrai|0 fnt
|faint|p1a: Darkrai
|
|-weather|SunnyDay|[upkeep]
|upkeep
|
|t:|1780920160
|switch|p1a: Fezandipiti|Fezandipiti, M|38/100
|turn|38
|
|t:|1780920163
|-terastallize|p2a: Walking Wake|Water
|move|p2a: Walking Wake|Hydro Steam|p1a: Fezandipiti
|-damage|p1a: Fezandipiti|0 fnt
|faint|p1a: Fezandipiti
|
|-weather|SunnyDay|[upkeep]
|upkeep
|
|t:|1780920169
|switch|p1a: Pawmot|Pawmot, M, shiny|100/100
|-damage|p1a: Pawmot|94/100|[from] Stealth Rock
|turn|39
|
|t:|1780920170
|move|p1a: Pawmot|Mach Punch|p2a: Walking Wake
|-damage|p2a: Walking Wake|7/100
|move|p2a: Walking Wake|Hydro Steam|p1a: Pawmot
|-damage|p1a: Pawmot|0 fnt
|faint|p1a: Pawmot
|
|-weather|SunnyDay|[upkeep]
|upkeep
|-message|Alfblu3 forfeited.
|
|win|snurke
|raw|Alfblu3's rating: 1601 &rarr; <strong>1583</strong><br />(-18 for losing)
|raw|snurke's rating: 1629 &rarr; <strong>1647</strong><br />(+18 for winning)
|l|☆Alfblu3
|player|p1|
|l| michealjackkson
