|j|☆qingyunxian
|j|☆li dream
|t:|1781354678
|gametype|singles
|player|p1|qingyunxian|2|1609
|player|p2|li dream|cynthia|1618
|gen|9
|tier|[Gen 9] OU
|rated|
|rule|HP Percentage Mod: HP is shown in percentages
|rule|Endless Battle Clause: Forcing endless battles is banned
|rule|Species Clause: Limit one of each Pokémon
|rule|OHKO Clause: OHKO moves are banned
|rule|Evasion Items Clause: Evasion items are banned
|rule|Evasion Moves Clause: Evasion moves are banned
|rule|Evasion Abilities Clause: Evasion abilities are banned
|rule|Sleep Moves Clause: Sleep-inducing moves are banned
|clearpoke
|poke|p1|Ceruledge, M|
|poke|p1|Glimmora, M|
|poke|p1|Iron Valiant|
|poke|p1|Ogerpon-Wellspring, F|
|poke|p1|Minior|
|poke|p1|Garchomp, M|
|poke|p2|Weezing-Galar, M|
|poke|p2|Gliscor, M|
|poke|p2|Blissey, F|
|poke|p2|Corviknight, F|
|poke|p2|Dondozo, F|
|poke|p2|Toxapex, F|
|teampreview
|inactive|Battle timer is ON: inactive players will automatically lose when time's up. (requested by li dream)
|j| dragasoul
|
|t:|1781354702
|teamsize|p1|6
|teamsize|p2|6
|start
|switch|p1a: Glimmora|Glimmora, M|100/100
|switch|p2a: Blissey|Blissey, F, shiny|100/100
|turn|1
|
|t:|1781354707
|move|p1a: Glimmora|Stealth Rock|p2a: Blissey
|-sidestart|p2: li dream|move: Stealth Rock
|move|p2a: Blissey|Stealth Rock|p1a: Glimmora
|-sidestart|p1: qingyunxian|move: Stealth Rock
|
|upkeep
|turn|2
|
|t:|1781354711
|switch|p2a: Corviknight|Corviknight, F, shiny|100/100
|-damage|p2a: Corviknight|88/100|[from] Stealth Rock
|-ability|p2a: Corviknight|Pressure
|move|p1a: Glimmora|Mortal Spin|p2a: Corviknight
|-immune|p2a: Corviknight
|
|-heal|p2a: Corviknight|94/100|[from] item: Leftovers
|upkeep
|turn|3
|
|t:|1781354717
|move|p1a: Glimmora|Power Gem|p2a: Corviknight
|-damage|p2a: Corviknight|50/100
|move|p2a: Corviknight|Body Press|p1a: Glimmora
|-damage|p1a: Glimmora|66/100
|-activate|p1a: Glimmora|ability: Toxic Debris
|-sidestart|p2: li dream|move: Toxic Spikes
|
|-heal|p2a: Corviknight|56/100|[from] item: Leftovers
|upkeep
|turn|4
|
|t:|1781354723
|move|p1a: Glimmora|Power Gem|p2a: Corviknight
|-damage|p2a: Corviknight|12/100
|move|p2a: Corviknight|Roost|p2a: Corviknight
|-heal|p2a: Corviknight|62/100
|-singleturn|p2a: Corviknight|move: Roost
|
|-heal|p2a: Corviknight|69/100|[from] item: Leftovers
|upkeep
|turn|5
|
|t:|1781354727
|move|p1a: Glimmora|Power Gem|p2a: Corviknight
|-damage|p2a: Corviknight|22/100
|move|p2a: Corviknight|Roost|p2a: Corviknight
|-heal|p2a: Corviknight|72/100
|-singleturn|p2a: Corviknight|move: Roost
|
|-heal|p2a: Corviknight|79/100|[from] item: Leftovers
|upkeep
|turn|6
|
|t:|1781354732
|move|p1a: Glimmora|Power Gem|p2a: Corviknight
|-damage|p2a: Corviknight|31/100
|move|p2a: Corviknight|Roost|p2a: Corviknight
|-heal|p2a: Corviknight|82/100
|-singleturn|p2a: Corviknight|move: Roost
|
|-heal|p2a: Corviknight|88/100|[from] item: Leftovers
|upkeep
|turn|7
|
|t:|1781354750
|switch|p2a: Gliscor|Gliscor, M, shiny|100/100
|-damage|p2a: Gliscor|88/100|[from] Stealth Rock
|move|p1a: Glimmora|Power Gem|p2a: Gliscor
|-damage|p2a: Gliscor|53/100
|
|-status|p2a: Gliscor|tox|[from] item: Toxic Orb
|upkeep
|turn|8
|
|t:|1781354764
|move|p2a: Gliscor|Protect|p2a: Gliscor
|-singleturn|p2a: Gliscor|Protect
|move|p1a: Glimmora|Mortal Spin|p2a: Gliscor
|-activate|p2a: Gliscor|move: Protect
|
|-heal|p2a: Gliscor|65/100 tox|[from] ability: Poison Heal
|upkeep
|turn|9
|
|t:|1781354771
|move|p1a: Glimmora|Mortal Spin|p2a: Gliscor
|-resisted|p2a: Gliscor
|-damage|p2a: Gliscor|63/100 tox
|-sideend|p1: qingyunxian|Stealth Rock|[from] move: Mortal Spin|[of] p1a: Glimmora
|move|p2a: Gliscor|Earthquake|p1a: Glimmora
|-supereffective|p1a: Glimmora
|-damage|p1a: Glimmora|0 fnt
|-activate|p1a: Glimmora|ability: Toxic Debris
|-sidestart|p2: li dream|move: Toxic Spikes
|faint|p1a: Glimmora
|
|-heal|p2a: Gliscor|75/100 tox|[from] ability: Poison Heal
|upkeep
|inactive|qingyunxian has 120 seconds left.
|
|t:|1781354814
|switch|p1a: Ogerpon|Ogerpon-Wellspring, F|100/100
|turn|10
|
|t:|1781354819
|switch|p2a: Toxapex|Toxapex, F, shiny|100/100
|-damage|p2a: Toxapex|88/100|[from] Stealth Rock
|-sideend|p2: li dream|move: Toxic Spikes|[of] p2a: Toxapex
|move|p1a: Ogerpon|Ivy Cudgel|p2a: Toxapex|[anim] Ivy Cudgel Water
|-resisted|p2a: Toxapex
|-damage|p2a: Toxapex|70/100
|
|upkeep
|turn|11
|inactive|qingyunxian has 120 seconds left.
|
|t:|1781354837
|switch|p1a: Minior|Minior|100/100
|-formechange|p1a: Minior|Minior-Meteor||[from] ability: Shields Down
|move|p2a: Toxapex|Toxic|p1a: Minior
|-immune|p1a: Minior|[from] ability: Shields Down
|
|upkeep
|turn|12
|inactive|qingyunxian has 120 seconds left.
|inactive|li dream has 120 seconds left.
|inactive|qingyunxian has 90 seconds left.
|
|t:|1781354881
|move|p1a: Minior|Shell Smash|p1a: Minior
|-unboost|p1a: Minior|def|1
|-unboost|p1a: Minior|spd|1
|-boost|p1a: Minior|atk|2
|-boost|p1a: Minior|spa|2
|-boost|p1a: Minior|spe|2
|move|p2a: Toxapex|Haze|p2a: Toxapex
|-clearallboost
|
|upkeep
|turn|13
|inactive|li dream has 120 seconds left.
|
|t:|1781354892
|move|p1a: Minior|Shell Smash|p1a: Minior
|-unboost|p1a: Minior|def|1
|-unboost|p1a: Minior|spd|1
|-boost|p1a: Minior|atk|2
|-boost|p1a: Minior|spa|2
|-boost|p1a: Minior|spe|2
|move|p2a: Toxapex|Haze|p2a: Toxapex
|-clearallboost
|
|upkeep
|turn|14
|inactive|li dream has 120 seconds left.
|inactive|li dream has 90 seconds left.
|
|t:|1781354935
|move|p1a: Minior|Shell Smash|p1a: Minior
|-unboost|p1a: Minior|def|1
|-unboost|p1a: Minior|spd|1
|-boost|p1a: Minior|atk|2
|-boost|p1a: Minior|spa|2
|-boost|p1a: Minior|spe|2
|move|p2a: Toxapex|Haze|p2a: Toxapex
|-clearallboost
|
|upkeep
|turn|15
|
|t:|1781354942
|move|p1a: Minior|Shell Smash|p1a: Minior
|-unboost|p1a: Minior|def|1
|-unboost|p1a: Minior|spd|1
|-boost|p1a: Minior|atk|2
|-boost|p1a: Minior|spa|2
|-boost|p1a: Minior|spe|2
|move|p2a: Toxapex|Haze|p2a: Toxapex
|-clearallboost
|
|upkeep
|turn|16
|
|t:|1781354945
|move|p1a: Minior|Earth Power|p2a: Toxapex
|-supereffective|p2a: Toxapex
|-damage|p2a: Toxapex|39/100
|move|p2a: Toxapex|Haze|p2a: Toxapex
|-clearallboost
|
|upkeep
|turn|17
|
|t:|1781354949
|move|p1a: Minior|Shell Smash|p1a: Minior
|-unboost|p1a: Minior|def|1
|-unboost|p1a: Minior|spd|1
|-boost|p1a: Minior|atk|2
|-boost|p1a: Minior|spa|2
|-boost|p1a: Minior|spe|2
|move|p2a: Toxapex|Recover|p2a: Toxapex
|-heal|p2a: Toxapex|89/100
|
|upkeep
|turn|18
|inactive|li dream has 120 seconds left.
|
|t:|1781354956
|move|p1a: Minior|Earth Power|p2a: Toxapex
|-supereffective|p2a: Toxapex
|-damage|p2a: Toxapex|30/100
|move|p2a: Toxapex|Haze|p2a: Toxapex
|-clearallboost
|
|upkeep
|turn|19
|inactive|li dream has 120 seconds left.
|
|t:|1781354968
|switch|p2a: Dondozo|Dondozo, F, shiny|100/100
|-damage|p2a: Dondozo|88/100|[from] Stealth Rock
|move|p1a: Minior|Shell Smash|p1a: Minior
|-unboost|p1a: Minior|def|1
|-unboost|p1a: Minior|spd|1
|-boost|p1a: Minior|atk|2
|-boost|p1a: Minior|spa|2
|-boost|p1a: Minior|spe|2
|
|-heal|p2a: Dondozo|94/100|[from] item: Leftovers
|upkeep
|turn|20
|inactive|qingyunxian has 120 seconds left.
|inactive|qingyunxian has 90 seconds left.
|
|t:|1781355033
|switch|p1a: Iron Valiant|Iron Valiant|100/100
|-enditem|p1a: Iron Valiant|Booster Energy
|-activate|p1a: Iron Valiant|ability: Quark Drive|[fromitem]
|-start|p1a: Iron Valiant|quarkdrivespe
|move|p2a: Dondozo|Wave Crash|p1a: Iron Valiant
|-damage|p1a: Iron Valiant|50/100
|-damage|p2a: Dondozo|85/100|[from] Recoil
|
|-heal|p2a: Dondozo|91/100|[from] item: Leftovers
|upkeep
|turn|21
|inactive|qingyunxian has 90 seconds left.
|
|t:|1781355049
|switch|p2a: Weezing|Weezing-Galar, M, shiny|100/100
|-ability|p2a: Weezing|Neutralizing Gas
|move|p1a: Iron Valiant|Shadow Ball|p2a: Weezing
|-damage|p2a: Weezing|61/100
|-unboost|p2a: Weezing|spd|1
|
|upkeep
|turn|22
|
|t:|1781355063
|-end|p2a: Weezing|ability: Neutralizing Gas
|switch|p2a: Corviknight|Corviknight, F, shiny|88/100
|-damage|p2a: Corviknight|75/100|[from] Stealth Rock
|-ability|p2a: Corviknight|Pressure
|move|p1a: Iron Valiant|Shadow Ball|p2a: Corviknight
|-damage|p2a: Corviknight|49/100
|
|-heal|p2a: Corviknight|55/100|[from] item: Leftovers
|upkeep
|turn|23
|
|t:|1781355080
|move|p1a: Iron Valiant|Calm Mind|p1a: Iron Valiant
|-boost|p1a: Iron Valiant|spa|1
|-boost|p1a: Iron Valiant|spd|1
|move|p2a: Corviknight|Roost|p2a: Corviknight
|-heal|p2a: Corviknight|100/100
|-singleturn|p2a: Corviknight|move: Roost
|
|upkeep
|turn|24
|inactive|qingyunxian has 90 seconds left.
|
|t:|1781355104
|switch|p2a: Blissey|Blissey, F, shiny|100/100
|-damage|p2a: Blissey|88/100|[from] Stealth Rock
|move|p1a: Iron Valiant|Encore||[still]
|-fail|p1a: Iron Valiant
|
|-heal|p2a: Blissey|94/100|[from] item: Leftovers
|upkeep
|turn|25
|inactive|qingyunxian has 90 seconds left.
|
|t:|1781355110
|-end|p1a: Iron Valiant|Quark Drive|[silent]
|switch|p1a: Ceruledge|Ceruledge, M|100/100
|move|p2a: Blissey|Shadow Ball|p1a: Ceruledge
|-supereffective|p1a: Ceruledge
|-damage|p1a: Ceruledge|65/100
|
|-heal|p2a: Blissey|100/100|[from] item: Leftovers
|upkeep
|turn|26
|inactive|qingyunxian has 90 seconds left.
|
|t:|1781355128
|switch|p2a: Dondozo|Dondozo, F, shiny|91/100
|-damage|p2a: Dondozo|78/100|[from] Stealth Rock
|move|p1a: Ceruledge|Close Combat|p2a: Dondozo
|-damage|p2a: Dondozo|59/100
|-unboost|p1a: Ceruledge|def|1
|-unboost|p1a: Ceruledge|spd|1
|
|-heal|p2a: Dondozo|65/100|[from] item: Leftovers
|upkeep
|turn|27
|inactive|qingyunxian has 90 seconds left.
|
|t:|1781355161
|switch|p1a: Ogerpon|Ogerpon-Wellspring, F|100/100
|switch|p2a: Weezing|Weezing-Galar, M, shiny|61/100
|-ability|p2a: Weezing|Neutralizing Gas
|
|upkeep
|turn|28
|
|t:|1781355171
|switch|p1a: Ceruledge|Ceruledge, M|65/100
|move|p2a: Weezing|Defog|p1a: Ceruledge
|-unboost|p1a: Ceruledge|evasion|1
|-sideend|p2: li dream|Stealth Rock|[from] move: Defog|[of] p2a: Weezing
|
|upkeep
|turn|29
|
|t:|1781355189
|move|p1a: Ceruledge|Bitter Blade|p2a: Weezing
|-damage|p2a: Weezing|26/100
|-heal|p1a: Ceruledge|85/100|[from] drain|[of] p2a: Weezing
|move|p2a: Weezing|Toxic Spikes|p1a: Ceruledge
|-sidestart|p1: qingyunxian|move: Toxic Spikes
|
|upkeep
|turn|30
|j| have we gone
|
|t:|1781355204
|move|p1a: Ceruledge|Bitter Blade|p2a: Weezing
|-damage|p2a: Weezing|0 fnt
|-heal|p1a: Ceruledge|99/100|[from] drain|[of] p2a: Weezing
|faint|p2a: Weezing
|-end|p2a: Weezing|ability: Neutralizing Gas
|
|upkeep
|
|t:|1781355209
|switch|p2a: Toxapex|Toxapex, F, shiny|64/100
|turn|31
|inactive|qingyunxian has 90 seconds left.
|
|t:|1781355223
|switch|p1a: Minior|Minior|100/100
|-formechange|p1a: Minior|Minior-Meteor||[from] ability: Shields Down
|move|p2a: Toxapex|Toxic|p1a: Minior
|-immune|p1a: Minior|[from] ability: Shields Down
|
|upkeep
|turn|32
|inactive|qingyunxian has 90 seconds left.
|l| have we gone
|
|t:|1781355247
|switch|p2a: Blissey|Blissey, F, shiny|100/100
|move|p1a: Minior|Shell Smash|p1a: Minior
|-unboost|p1a: Minior|def|1
|-unboost|p1a: Minior|spd|1
|-boost|p1a: Minior|atk|2
|-boost|p1a: Minior|spa|2
|-boost|p1a: Minior|spe|2
|
|upkeep
|turn|33
|
|t:|1781355259
|move|p1a: Minior|Meteor Beam||[still]
|-prepare|p1a: Minior|Meteor Beam
|-boost|p1a: Minior|spa|1
|-enditem|p1a: Minior|Power Herb
|-anim|p1a: Minior|Meteor Beam|p2a: Blissey
|-damage|p2a: Blissey|68/100
|move|p2a: Blissey|Stealth Rock|p1a: Minior
|-sidestart|p1: qingyunxian|move: Stealth Rock
|
|-heal|p2a: Blissey|74/100|[from] item: Leftovers
|upkeep
|turn|34
|
|t:|1781355268
|move|p1a: Minior|Earth Power|p2a: Blissey
|-damage|p2a: Blissey|59/100
|move|p2a: Blissey|Calm Mind|p2a: Blissey
|-boost|p2a: Blissey|spa|1
|-boost|p2a: Blissey|spd|1
|
|-heal|p2a: Blissey|65/100|[from] item: Leftovers
|upkeep
|turn|35
|inactive|qingyunxian has 90 seconds left.
|
|t:|1781355280
|move|p1a: Minior|Earth Power|p2a: Blissey
|-damage|p2a: Blissey|54/100
|move|p2a: Blissey|Soft-Boiled|p2a: Blissey
|-heal|p2a: Blissey|100/100
|
|upkeep
|turn|36
|inactive|qingyunxian has 90 seconds left.
|
|t:|1781355287
|switch|p1a: Garchomp|Garchomp, M|100/100
|-status|p1a: Garchomp|psn
|-damage|p1a: Garchomp|94/100 psn|[from] Stealth Rock
|move|p2a: Blissey|Calm Mind|p2a: Blissey
|-boost|p2a: Blissey|spa|1
|-boost|p2a: Blissey|spd|1
|
|-damage|p1a: Garchomp|82/100 psn|[from] psn
|upkeep
|turn|37
|
|t:|1781355298
|switch|p2a: Corviknight|Corviknight, F, shiny|100/100
|-ability|p2a: Corviknight|Pressure
|move|p1a: Garchomp|Swords Dance|p1a: Garchomp
|-boost|p1a: Garchomp|atk|2
|
|-damage|p1a: Garchomp|70/100 psn|[from] psn
|upkeep
|turn|38
|
|t:|1781355303
|move|p1a: Garchomp|Fire Fang|p2a: Corviknight
|-supereffective|p2a: Corviknight
|-damage|p2a: Corviknight|39/100
|move|p2a: Corviknight|Iron Defense|p2a: Corviknight
|-boost|p2a: Corviknight|def|2
|
|-heal|p2a: Corviknight|45/100|[from] item: Leftovers
|-damage|p1a: Garchomp|57/100 psn|[from] psn
|upkeep
|turn|39
|
|t:|1781355326
|-terastallize|p1a: Garchomp|Fire
|move|p1a: Garchomp|Fire Fang|p2a: Corviknight
|-supereffective|p2a: Corviknight
|-damage|p2a: Corviknight|4/100
|move|p2a: Corviknight|Roost|p2a: Corviknight
|-heal|p2a: Corviknight|54/100
|-singleturn|p2a: Corviknight|move: Roost
|
|-heal|p2a: Corviknight|61/100|[from] item: Leftovers
|-damage|p1a: Garchomp|45/100 psn|[from] psn
|upkeep
|turn|40
|
|t:|1781355332
|move|p1a: Garchomp|Fire Fang|p2a: Corviknight
|-supereffective|p2a: Corviknight
|-damage|p2a: Corviknight|20/100
|move|p2a: Corviknight|Roost|p2a: Corviknight
|-heal|p2a: Corviknight|70/100
|-singleturn|p2a: Corviknight|move: Roost
|
|-heal|p2a: Corviknight|77/100|[from] item: Leftovers
|-damage|p1a: Garchomp|33/100 psn|[from] psn
|upkeep
|turn|41
|
|t:|1781355338
|move|p1a: Garchomp|Fire Fang|p2a: Corviknight
|-supereffective|p2a: Corviknight
|-damage|p2a: Corviknight|36/100
|cant|p2a: Corviknight|flinch
|
|-heal|p2a: Corviknight|42/100|[from] item: Leftovers
|-damage|p1a: Garchomp|20/100 psn|[from] psn
|upkeep
|turn|42
|
|t:|1781355343
|move|p1a: Garchomp|Fire Fang|p2a: Corviknight
|-supereffective|p2a: Corviknight
|-damage|p2a: Corviknight|0 fnt
|faint|p2a: Corviknight
|
|-damage|p1a: Garchomp|8/100 psn|[from] psn
|upkeep
|
|t:|1781355352
|switch|p2a: Gliscor|Gliscor, M, shiny|75/100 tox
|turn|43
|inactive|qingyunxian has 120 seconds left.
|
|t:|1781355362
|move|p2a: Gliscor|Protect|p2a: Gliscor
|-singleturn|p2a: Gliscor|Protect
|move|p1a: Garchomp|Scale Shot|p2a: Gliscor
|-activate|p2a: Gliscor|move: Protect
|
|-damage|p1a: Garchomp|0 fnt|[from] psn
|faint|p1a: Garchomp
|-heal|p2a: Gliscor|88/100 tox|[from] ability: Poison Heal
|upkeep
|
|t:|1781355373
|switch|p1a: Ogerpon|Ogerpon-Wellspring, F|100/100
|-status|p1a: Ogerpon|psn
|-damage|p1a: Ogerpon|88/100 psn|[from] Stealth Rock
|turn|44
|
|t:|1781355378
|switch|p2a: Toxapex|Toxapex, F, shiny|97/100
|move|p1a: Ogerpon|Swords Dance|p1a: Ogerpon
|-boost|p1a: Ogerpon|atk|2
|
|-damage|p1a: Ogerpon|76/100 psn|[from] psn
|upkeep
|turn|45
|
|t:|1781355382
|move|p1a: Ogerpon|Horn Leech|p2a: Toxapex
|-damage|p2a: Toxapex|38/100
|-heal|p1a: Ogerpon|100/100 psn|[from] drain|[of] p2a: Toxapex
|move|p2a: Toxapex|Haze|p2a: Toxapex
|-clearallboost
|
|-damage|p1a: Ogerpon|88/100 psn|[from] psn
|upkeep
|turn|46
|
|t:|1781355388
|switch|p2a: Dondozo|Dondozo, F, shiny|65/100
|move|p1a: Ogerpon|Swords Dance|p1a: Ogerpon
|-boost|p1a: Ogerpon|atk|2
|
|-heal|p2a: Dondozo|71/100|[from] item: Leftovers
|-damage|p1a: Ogerpon|76/100 psn|[from] psn
|upkeep
|turn|47
|
|t:|1781355395
|-terastallize|p2a: Dondozo|Fighting
|move|p1a: Ogerpon|Horn Leech|p2a: Dondozo
|-damage|p2a: Dondozo|52/100
|-heal|p1a: Ogerpon|92/100 psn|[from] drain|[of] p2a: Dondozo
|move|p2a: Dondozo|Body Press|p1a: Ogerpon
|-crit|p1a: Ogerpon
|-damage|p1a: Ogerpon|8/100 psn
|
|-heal|p2a: Dondozo|58/100|[from] item: Leftovers
|-damage|p1a: Ogerpon|0 fnt|[from] psn
|faint|p1a: Ogerpon
|upkeep
|
|t:|1781355410
|switch|p1a: Ceruledge|Ceruledge, M|99/100
|-status|p1a: Ceruledge|psn
|-damage|p1a: Ceruledge|75/100 psn|[from] Stealth Rock
|turn|48
|
|t:|1781355422
|move|p1a: Ceruledge|Bitter Blade|p2a: Dondozo
|-damage|p2a: Dondozo|36/100
|-heal|p1a: Ceruledge|94/100 psn|[from] drain|[of] p2a: Dondozo
|move|p2a: Dondozo|Wave Crash|p1a: Ceruledge
|-supereffective|p1a: Ceruledge
|-damage|p1a: Ceruledge|0 fnt
|faint|p1a: Ceruledge
|-damage|p2a: Dondozo|18/100|[from] Recoil
|
|-heal|p2a: Dondozo|25/100|[from] item: Leftovers
|upkeep
|
|t:|1781355435
|switch|p1a: Iron Valiant|Iron Valiant|50/100
|-status|p1a: Iron Valiant|psn
|-damage|p1a: Iron Valiant|43/100 psn|[from] Stealth Rock
|turn|49
|
|t:|1781355442
|switch|p2a: Gliscor|Gliscor, M, shiny|88/100 tox
|move|p1a: Iron Valiant|Moonblast|p2a: Gliscor
|-damage|p2a: Gliscor|46/100 tox
|-unboost|p2a: Gliscor|spa|1
|
|-damage|p1a: Iron Valiant|31/100 psn|[from] psn
|-heal|p2a: Gliscor|58/100 tox|[from] ability: Poison Heal
|upkeep
|turn|50
|
|t:|1781355448
|move|p1a: Iron Valiant|Moonblast|p2a: Gliscor
|-damage|p2a: Gliscor|20/100 tox
|-unboost|p2a: Gliscor|spa|1
|move|p2a: Gliscor|Earthquake|p1a: Iron Valiant
|-damage|p1a: Iron Valiant|0 fnt
|faint|p1a: Iron Valiant
|-end|p1a: Iron Valiant|Quark Drive|[silent]
|
|-heal|p2a: Gliscor|33/100 tox|[from] ability: Poison Heal
|upkeep
|
|t:|1781355452
|switch|p1a: Minior|Minior|100/100
|-damage|p1a: Minior|76/100|[from] Stealth Rock
|-formechange|p1a: Minior|Minior-Meteor||[from] ability: Shields Down
|turn|51
|
|t:|1781355457
|switch|p2a: Blissey|Blissey, F, shiny|100/100
|move|p1a: Minior|Shell Smash|p1a: Minior
|-unboost|p1a: Minior|def|1
|-unboost|p1a: Minior|spd|1
|-boost|p1a: Minior|atk|2
|-boost|p1a: Minior|spa|2
|-boost|p1a: Minior|spe|2
|
|upkeep
|turn|52
|
|t:|1781355474
|move|p1a: Minior|Meteor Beam||[still]
|-prepare|p1a: Minior|Meteor Beam
|-boost|p1a: Minior|spa|1
|move|p2a: Blissey|Calm Mind|p2a: Blissey
|-boost|p2a: Blissey|spa|1
|-boost|p2a: Blissey|spd|1
|
|upkeep
|turn|53
|
|t:|1781355481
|move|p1a: Minior|Meteor Beam|p2a: Blissey|[from] lockedmove
|-damage|p2a: Blissey|79/100
|move|p2a: Blissey|Shadow Ball|p1a: Minior
|-damage|p1a: Minior|41/100
|
|-heal|p2a: Blissey|85/100|[from] item: Leftovers
|-formechange|p1a: Minior|Minior||[from] ability: Shields Down
|upkeep
|turn|54
|
|t:|1781355487
|move|p1a: Minior|Meteor Beam||[still]
|-prepare|p1a: Minior|Meteor Beam
|-boost|p1a: Minior|spa|1
|move|p2a: Blissey|Shadow Ball|p1a: Minior
|-damage|p1a: Minior|0 fnt
|faint|p1a: Minior
|
|win|li dream
|raw|qingyunxian's rating: 1609 &rarr; <strong>1590</strong><br />(-19 for losing)
|raw|li dream's rating: 1618 &rarr; <strong>1637</strong><br />(+19 for winning)
|l|☆qingyunxian
|player|p1|
|l|☆li dream
|player|p2|
|l| dragasoul
