|j|☆Praise The Salt
|j|☆billythekid95
|t:|1781189912
|gametype|singles
|player|p1|Praise The Salt|2|1638
|player|p2|billythekid95|101|1654
|gen|9
|tier|[Gen 9] OU
|rated|
|rule|HP Percentage Mod: HP is shown in percentages
|rule|Endless Battle Clause: Forcing endless battles is banned
|rule|Species Clause: Limit one of each Pokémon
|rule|OHKO Clause: OHKO moves are banned
|rule|Evasion Items Clause: Evasion items are banned
|rule|Evasion Moves Clause: Evasion moves are banned
|rule|Evasion Abilities Clause: Evasion abilities are banned
|rule|Sleep Moves Clause: Sleep-inducing moves are banned
|clearpoke
|poke|p1|Cinderace, M|
|poke|p1|Fezandipiti, M|
|poke|p1|Great Tusk|
|poke|p1|Mandibuzz, F|
|poke|p1|Torkoal, M|
|poke|p1|Volcanion|
|poke|p2|Walking Wake|
|poke|p2|Ribombee, M|
|poke|p2|Gholdengo|
|poke|p2|Torkoal, F|
|poke|p2|Great Tusk|
|poke|p2|Ceruledge, F|
|teampreview
|inactive|Battle timer is ON: inactive players will automatically lose when time's up. (requested by Praise The Salt)
|
|t:|1781189939
|teamsize|p1|6
|teamsize|p2|6
|start
|switch|p1a: Volcanion|Volcanion|100/100
|switch|p2a: Great Tusk|Great Tusk|100/100
|turn|1
|j| newhere1310
|
|t:|1781189944
|switch|p1a: Mandibuzz|Mandibuzz, F, shiny|100/100
|move|p2a: Great Tusk|Earthquake|p1a: Mandibuzz
|-immune|p1a: Mandibuzz
|
|upkeep
|turn|2
|
|t:|1781189964
|-end|p2a: Great Tusk|Protosynthesis|[silent]
|switch|p2a: Torkoal|Torkoal, F|100/100
|-weather|SunnyDay|[from] ability: Drought|[of] p2a: Torkoal
|move|p1a: Mandibuzz|Toxic|p2a: Torkoal
|-status|p2a: Torkoal|tox
|
|-weather|SunnyDay|[upkeep]
|-damage|p2a: Torkoal|94/100 tox|[from] psn
|upkeep
|turn|3
|
|t:|1781189994
|switch|p2a: Great Tusk|Great Tusk|100/100
|-activate|p2a: Great Tusk|ability: Protosynthesis
|-start|p2a: Great Tusk|protosynthesisatk
|move|p1a: Mandibuzz|Toxic|p2a: Great Tusk|[miss]
|-miss|p1a: Mandibuzz|p2a: Great Tusk
|
|-weather|SunnyDay|[upkeep]
|upkeep
|turn|4
|l| newhere1310
|
|t:|1781190001
|move|p2a: Great Tusk|Knock Off|p1a: Mandibuzz
|-resisted|p1a: Mandibuzz
|-damage|p1a: Mandibuzz|89/100
|-damage|p2a: Great Tusk|84/100|[from] item: Rocky Helmet|[of] p1a: Mandibuzz
|-enditem|p1a: Mandibuzz|Rocky Helmet|[from] move: Knock Off|[of] p2a: Great Tusk
|move|p1a: Mandibuzz|Toxic|p2a: Great Tusk
|-status|p2a: Great Tusk|tox
|
|-weather|SunnyDay|[upkeep]
|-damage|p2a: Great Tusk|78/100 tox|[from] psn
|upkeep
|turn|5
|
|t:|1781190012
|move|p2a: Great Tusk|Close Combat|p1a: Mandibuzz
|-damage|p1a: Mandibuzz|49/100
|-unboost|p2a: Great Tusk|def|1
|-unboost|p2a: Great Tusk|spd|1
|move|p1a: Mandibuzz|Foul Play|p2a: Great Tusk
|-resisted|p2a: Great Tusk
|-damage|p2a: Great Tusk|58/100 tox
|
|-weather|SunnyDay|[upkeep]
|-damage|p2a: Great Tusk|46/100 tox|[from] psn
|upkeep
|turn|6
|
|t:|1781190022
|-end|p2a: Great Tusk|Protosynthesis|[silent]
|switch|p2a: Walking Wake|Walking Wake|100/100
|-activate|p2a: Walking Wake|ability: Protosynthesis
|-start|p2a: Walking Wake|protosynthesisspa
|move|p1a: Mandibuzz|Roost|p1a: Mandibuzz
|-heal|p1a: Mandibuzz|99/100
|-singleturn|p1a: Mandibuzz|move: Roost
|
|-weather|SunnyDay|[upkeep]
|upkeep
|turn|7
|
|t:|1781190030
|switch|p1a: Fezandipiti|Fezandipiti, M|100/100
|move|p2a: Walking Wake|Hydro Steam|p1a: Fezandipiti
|-damage|p1a: Fezandipiti|0 fnt
|faint|p1a: Fezandipiti
|
|-weather|SunnyDay|[upkeep]
|upkeep
|
|t:|1781190036
|switch|p1a: Volcanion|Volcanion|100/100
|turn|8
|
|t:|1781190041
|-end|p2a: Walking Wake|Protosynthesis|[silent]
|switch|p2a: Ribombee|Ribombee, M|100/100
|move|p1a: Volcanion|Steam Eruption|p2a: Ribombee
|-damage|p2a: Ribombee|17/100
|
|-weather|SunnyDay|[upkeep]
|upkeep
|turn|9
|
|t:|1781190049
|move|p2a: Ribombee|Stun Spore|p1a: Volcanion|[miss]
|-miss|p2a: Ribombee|p1a: Volcanion
|move|p1a: Volcanion|Steam Eruption|p2a: Ribombee
|-damage|p2a: Ribombee|0 fnt
|faint|p2a: Ribombee
|
|-weather|none
|upkeep
|
|t:|1781190061
|switch|p2a: Walking Wake|Walking Wake|100/100
|turn|10
|
|t:|1781190077
|switch|p1a: Torkoal|Torkoal, M, shiny|100/100
|-weather|SunnyDay|[from] ability: Drought|[of] p1a: Torkoal
|-activate|p2a: Walking Wake|ability: Protosynthesis
|-start|p2a: Walking Wake|protosynthesisspa
|move|p2a: Walking Wake|Draco Meteor|p1a: Torkoal|[miss]
|-miss|p2a: Walking Wake|p1a: Torkoal
|
|-weather|SunnyDay|[upkeep]
|upkeep
|turn|11
|
|t:|1781190093
|move|p2a: Walking Wake|Draco Meteor|p1a: Torkoal|[miss]
|-miss|p2a: Walking Wake|p1a: Torkoal
|move|p1a: Torkoal|Earth Power|p2a: Walking Wake
|-damage|p2a: Walking Wake|73/100
|
|-weather|SunnyDay|[upkeep]
|upkeep
|turn|12
|c|☆billythekid95|ahahahhah
|c|☆Praise The Salt|i'm right here silly
|
|t:|1781190107
|move|p2a: Walking Wake|Draco Meteor|p1a: Torkoal
|-damage|p1a: Torkoal|0 fnt
|-unboost|p2a: Walking Wake|spa|2
|faint|p1a: Torkoal
|
|-weather|SunnyDay|[upkeep]
|upkeep
|
|t:|1781190120
|switch|p1a: Great Tusk|Great Tusk, shiny|100/100
|-activate|p1a: Great Tusk|ability: Protosynthesis
|-start|p1a: Great Tusk|protosynthesisatk
|turn|13
|
|t:|1781190129
|-end|p2a: Walking Wake|Protosynthesis|[silent]
|switch|p2a: Ceruledge|Ceruledge, F|100/100
|move|p1a: Great Tusk|Headlong Rush|p2a: Ceruledge
|-supereffective|p2a: Ceruledge
|-enditem|p2a: Ceruledge|Focus Sash
|-damage|p2a: Ceruledge|1/100
|-unboost|p1a: Great Tusk|def|1
|-unboost|p1a: Great Tusk|spd|1
|-ability|p2a: Ceruledge|Weak Armor|boost
|-unboost|p2a: Ceruledge|def|1
|-boost|p2a: Ceruledge|spe|2
|
|-weather|SunnyDay|[upkeep]
|upkeep
|turn|14
|j| kanaete onegai
|
|t:|1781190141
|-end|p1a: Great Tusk|Protosynthesis|[silent]
|switch|p1a: Volcanion|Volcanion|100/100
|move|p2a: Ceruledge|Bitter Blade|p1a: Volcanion
|-resisted|p1a: Volcanion
|-damage|p1a: Volcanion|86/100
|-heal|p2a: Ceruledge|9/100|[from] drain|[of] p1a: Volcanion
|
|-weather|SunnyDay|[upkeep]
|upkeep
|turn|15
|
|t:|1781190154
|move|p2a: Ceruledge|Poltergeist|p1a: Volcanion|[miss]
|-miss|p2a: Ceruledge|p1a: Volcanion
|move|p1a: Volcanion|Earth Power|p2a: Ceruledge
|-supereffective|p2a: Ceruledge
|-damage|p2a: Ceruledge|0 fnt
|faint|p2a: Ceruledge
|
|-weather|SunnyDay|[upkeep]
|upkeep
|c|☆billythekid95|no way
|
|t:|1781190162
|switch|p2a: Walking Wake|Walking Wake|73/100
|-activate|p2a: Walking Wake|ability: Protosynthesis
|-start|p2a: Walking Wake|protosynthesisspa
|turn|16
|c|☆Praise The Salt|i think i was meant to win this one
|c|☆billythekid95|missed 3 attacks with 90% accuracy and one stun spore
|
|t:|1781190185
|move|p2a: Walking Wake|Dragon Pulse|p1a: Volcanion
|-damage|p1a: Volcanion|0 fnt
|faint|p1a: Volcanion
|
|-weather|SunnyDay|[upkeep]
|upkeep
|
|t:|1781190192
|switch|p1a: Great Tusk|Great Tusk, shiny|100/100
|-activate|p1a: Great Tusk|ability: Protosynthesis
|-start|p1a: Great Tusk|protosynthesisatk
|turn|17
|
|t:|1781190204
|-end|p2a: Walking Wake|Protosynthesis|[silent]
|switch|p2a: Great Tusk|Great Tusk|46/100 tox
|-activate|p2a: Great Tusk|ability: Protosynthesis
|-start|p2a: Great Tusk|protosynthesisatk
|move|p1a: Great Tusk|Headlong Rush|p2a: Great Tusk
|-damage|p2a: Great Tusk|0 fnt
|-unboost|p1a: Great Tusk|def|1
|-unboost|p1a: Great Tusk|spd|1
|faint|p2a: Great Tusk
|-end|p2a: Great Tusk|Protosynthesis|[silent]
|
|-weather|none
|-end|p1a: Great Tusk|Protosynthesis
|upkeep
|
|t:|1781190214
|switch|p2a: Walking Wake|Walking Wake|73/100
|turn|18
|inactive|Praise The Salt has 120 seconds left.
|
|t:|1781190252
|-terastallize|p1a: Great Tusk|Ground
|move|p1a: Great Tusk|Headlong Rush|p2a: Walking Wake
|-damage|p2a: Walking Wake|0 fnt
|-unboost|p1a: Great Tusk|def|1
|-unboost|p1a: Great Tusk|spd|1
|faint|p2a: Walking Wake
|-end|p2a: Walking Wake|Protosynthesis|[silent]
|
|upkeep
|
|t:|1781190261
|switch|p2a: Gholdengo|Gholdengo|100/100
|turn|19
|inactive|Praise The Salt has 120 seconds left.
|
|t:|1781190274
|-end|p1a: Great Tusk|Protosynthesis|[silent]
|switch|p1a: Mandibuzz|Mandibuzz, F, shiny|99/100
|-terastallize|p2a: Gholdengo|Flying
|move|p2a: Gholdengo|Shadow Ball|p1a: Mandibuzz
|-resisted|p1a: Mandibuzz
|-damage|p1a: Mandibuzz|82/100
|
|upkeep
|turn|20
|inactive|Praise The Salt has 120 seconds left.
|
|t:|1781190284
|switch|p2a: Torkoal|Torkoal, F|94/100 tox
|-weather|SunnyDay|[from] ability: Drought|[of] p2a: Torkoal
|move|p1a: Mandibuzz|Foul Play|p2a: Torkoal
|-damage|p2a: Torkoal|77/100 tox
|
|-weather|SunnyDay|[upkeep]
|-damage|p2a: Torkoal|70/100 tox|[from] psn
|upkeep
|turn|21
|
|t:|1781190292
|move|p1a: Mandibuzz|Foul Play|p2a: Torkoal
|-damage|p2a: Torkoal|52/100 tox
|move|p2a: Torkoal|Lava Plume|p1a: Mandibuzz
|-damage|p1a: Mandibuzz|50/100
|
|-weather|SunnyDay|[upkeep]
|-damage|p2a: Torkoal|40/100 tox|[from] psn
|upkeep
|turn|22
|
|t:|1781190300
|move|p1a: Mandibuzz|Roost|p1a: Mandibuzz
|-heal|p1a: Mandibuzz|99/100
|-singleturn|p1a: Mandibuzz|move: Roost
|move|p2a: Torkoal|Lava Plume|p1a: Mandibuzz
|-damage|p1a: Mandibuzz|67/100
|
|-weather|SunnyDay|[upkeep]
|-damage|p2a: Torkoal|21/100 tox|[from] psn
|upkeep
|turn|23
|
|t:|1781190308
|move|p1a: Mandibuzz|Roost|p1a: Mandibuzz
|-heal|p1a: Mandibuzz|100/100
|-singleturn|p1a: Mandibuzz|move: Roost
|move|p2a: Torkoal|Lava Plume|p1a: Mandibuzz
|-damage|p1a: Mandibuzz|69/100
|-status|p1a: Mandibuzz|brn
|
|-weather|SunnyDay|[upkeep]
|-damage|p2a: Torkoal|0 fnt|[from] psn
|faint|p2a: Torkoal
|-damage|p1a: Mandibuzz|63/100 brn|[from] brn
|upkeep
|
|t:|1781190318
|switch|p2a: Gholdengo|Gholdengo, tera:Flying|100/100
|turn|24
|
|t:|1781190321
|switch|p1a: Cinderace|Cinderace, M|100/100
|move|p2a: Gholdengo|Trick|p1a: Cinderace
|-activate|p2a: Gholdengo|move: Trick|[of] p1a: Cinderace
|-item|p1a: Cinderace|Choice Scarf|[from] move: Trick
|-item|p2a: Gholdengo|Flame Plate|[from] move: Trick
|
|-weather|SunnyDay|[upkeep]
|upkeep
|turn|25
|
|t:|1781190328
|move|p1a: Cinderace|Pyro Ball|p2a: Gholdengo
|-damage|p2a: Gholdengo|0 fnt
|faint|p2a: Gholdengo
|
|win|Praise The Salt
|raw|Praise The Salt's rating: 1638 &rarr; <strong>1659</strong><br />(+21 for winning)
|raw|billythekid95's rating: 1654 &rarr; <strong>1633</strong><br />(-21 for losing)
|l|☆Praise The Salt
|player|p1|
|c|☆billythekid95|u dont miss
|c|☆billythekid95|that hs it+
|l|☆billythekid95
|player|p2|
