|j|☆bigtestsofbig
|j|☆winslowyoudog
|t:|1781136165
|gametype|singles
|player|p1|bigtestsofbig|265|1596
|player|p2|winslowyoudog|169|1642
|gen|9
|tier|[Gen 9] OU
|rated|
|rule|HP Percentage Mod: HP is shown in percentages
|rule|Endless Battle Clause: Forcing endless battles is banned
|rule|Species Clause: Limit one of each Pokémon
|rule|OHKO Clause: OHKO moves are banned
|rule|Evasion Items Clause: Evasion items are banned
|rule|Evasion Moves Clause: Evasion moves are banned
|rule|Evasion Abilities Clause: Evasion abilities are banned
|rule|Sleep Moves Clause: Sleep-inducing moves are banned
|clearpoke
|poke|p1|Bisharp, M|
|poke|p1|Moltres|
|poke|p1|Great Tusk|
|poke|p1|Primarina, F|
|poke|p1|Iron Boulder|
|poke|p1|Darkrai|
|poke|p2|Slowbro-Galar, M|
|poke|p2|Indeedee, M|
|poke|p2|Armarouge, F|
|poke|p2|Hatterene, F|
|poke|p2|Iron Treads|
|poke|p2|Hawlucha, F|
|teampreview
|inactive|Battle timer is ON: inactive players will automatically lose when time's up. (requested by bigtestsofbig)
|j| nsisjaiip
|
|t:|1781136183
|teamsize|p1|6
|teamsize|p2|6
|start
|switch|p1a: Bisharp|Bisharp, M|100/100
|switch|p2a: Indeedee|Indeedee, M|100/100
|-fieldstart|move: Psychic Terrain|[from] ability: Psychic Surge|[of] p2a: Indeedee
|turn|1
|
|t:|1781136187
|switch|p2a: Hawlucha|Hawlucha, F|100/100
|-enditem|p2a: Hawlucha|Psychic Seed
|-boost|p2a: Hawlucha|spd|1|[from] item: Psychic Seed
|move|p1a: Bisharp|Low Kick|p2a: Hawlucha
|-resisted|p2a: Hawlucha
|-damage|p2a: Hawlucha|91/100
|
|upkeep
|turn|2
|
|t:|1781136192
|switch|p1a: Moltres|Moltres|100/100
|move|p2a: Hawlucha|Swords Dance|p2a: Hawlucha
|-boost|p2a: Hawlucha|atk|2
|
|upkeep
|turn|3
|
|t:|1781136198
|move|p2a: Hawlucha|Acrobatics|p1a: Moltres
|-damage|p1a: Moltres|19/100
|-status|p2a: Hawlucha|brn|[from] ability: Flame Body|[of] p1a: Moltres
|move|p1a: Moltres|Roar|p2a: Hawlucha
|drag|p2a: Iron Treads|Iron Treads|100/100
|-item|p2a: Iron Treads|Air Balloon
|
|upkeep
|turn|4
|
|t:|1781136205
|move|p2a: Iron Treads|Knock Off|p1a: Moltres
|-damage|p1a: Moltres|0 fnt
|-enditem|p1a: Moltres|Heavy-Duty Boots|[from] move: Knock Off|[of] p2a: Iron Treads
|faint|p1a: Moltres
|
|upkeep
|
|t:|1781136211
|switch|p1a: Darkrai|Darkrai|100/100
|turn|5
|
|t:|1781136216
|-end|p2a: Iron Treads|Quark Drive|[silent]
|switch|p2a: Hawlucha|Hawlucha, F|91/100 brn
|move|p1a: Darkrai|Focus Blast|p2a: Hawlucha
|-resisted|p2a: Hawlucha
|-damage|p2a: Hawlucha|59/100 brn
|-unboost|p2a: Hawlucha|spd|1
|
|-damage|p2a: Hawlucha|53/100 brn|[from] brn
|upkeep
|turn|6
|
|t:|1781136228
|switch|p1a: Iron Boulder|Iron Boulder|100/100
|move|p2a: Hawlucha|Close Combat|p1a: Iron Boulder
|-damage|p1a: Iron Boulder|63/100
|-unboost|p2a: Hawlucha|def|1
|-unboost|p2a: Hawlucha|spd|1
|
|-damage|p2a: Hawlucha|47/100 brn|[from] brn
|upkeep
|turn|7
|
|t:|1781136243
|move|p1a: Iron Boulder|Close Combat|p2a: Hawlucha
|-resisted|p2a: Hawlucha
|-damage|p2a: Hawlucha|0 fnt
|-unboost|p1a: Iron Boulder|def|1
|-unboost|p1a: Iron Boulder|spd|1
|faint|p2a: Hawlucha
|
|upkeep
|
|t:|1781136252
|switch|p2a: Megaman|Slowbro-Galar, M|100/100
|turn|8
|-activate|p2a: Megaman|ability: Quick Draw
|
|t:|1781136256
|-end|p1a: Iron Boulder|Quark Drive|[silent]
|switch|p1a: Bisharp|Bisharp, M|100/100
|move|p2a: Megaman|Surf|p1a: Bisharp
|-damage|p1a: Bisharp|78/100
|
|-fieldend|move: Psychic Terrain
|upkeep
|turn|9
|
|t:|1781136268
|move|p1a: Bisharp|Throat Chop|p2a: Megaman
|-supereffective|p2a: Megaman
|-damage|p2a: Megaman|16/100
|-start|p2a: Megaman|Throat Chop|[silent]
|move|p2a: Megaman|Flamethrower|p1a: Bisharp
|-supereffective|p1a: Bisharp
|-damage|p1a: Bisharp|26/100
|
|upkeep
|turn|10
|-activate|p2a: Megaman|ability: Quick Draw
|
|t:|1781136276
|move|p2a: Megaman|Flamethrower|p1a: Bisharp
|-supereffective|p1a: Bisharp
|-damage|p1a: Bisharp|0 fnt
|faint|p1a: Bisharp
|
|-end|p2a: Megaman|Throat Chop|[silent]
|upkeep
|
|t:|1781136281
|switch|p1a: Great Tusk|Great Tusk|100/100
|turn|11
|
|t:|1781136285
|switch|p2a: Hatterene|Hatterene, F|100/100
|move|p1a: Great Tusk|Stealth Rock|p2a: Hatterene
|move|p2a: Hatterene|Stealth Rock|p1a: Great Tusk|[from] ability: Magic Bounce
|-sidestart|p1: bigtestsofbig|move: Stealth Rock
|
|upkeep
|turn|12
|
|t:|1781136289
|move|p1a: Great Tusk|Rapid Spin|p2a: Hatterene
|-damage|p2a: Hatterene|85/100
|-boost|p1a: Great Tusk|spe|1
|-sideend|p1: bigtestsofbig|Stealth Rock|[from] move: Rapid Spin|[of] p1a: Great Tusk
|-enditem|p2a: Hatterene|Eject Button
|
|t:|1781136292
|switch|p2a: Indeedee|Indeedee, M|100/100
|-fieldstart|move: Psychic Terrain|[from] ability: Psychic Surge|[of] p2a: Indeedee
|
|upkeep
|turn|13
|
|t:|1781136298
|-end|p1a: Great Tusk|Protosynthesis|[silent]
|switch|p1a: Darkrai|Darkrai|100/100
|switch|p2a: Hatterene|Hatterene, F|85/100
|
|upkeep
|turn|14
|inactive|bigtestsofbig has 120 seconds left.
|
|t:|1781136329
|switch|p1a: Iron Boulder|Iron Boulder|63/100
|move|p2a: Hatterene|Trick Room|p2a: Hatterene
|-fieldstart|move: Trick Room|[of] p2a: Hatterene
|
|upkeep
|turn|15
|
|t:|1781136339
|move|p2a: Hatterene|Healing Wish|p2a: Hatterene
|faint|p2a: Hatterene
|move|p1a: Iron Boulder|Mighty Cleave|p2: Hatterene|[notarget]
|-fail|p1a: Iron Boulder
|
|upkeep
|
|t:|1781136342
|switch|p2a: Megaman|Slowbro-Galar, M|16/100
|-heal|p2a: Megaman|100/100|[from] move: Healing Wish
|turn|16
|-activate|p2a: Megaman|item: Quick Claw
|
|t:|1781136347
|move|p2a: Megaman|Nasty Plot|p2a: Megaman
|-boost|p2a: Megaman|spa|2
|move|p1a: Iron Boulder|Mighty Cleave|p2a: Megaman
|-damage|p2a: Megaman|37/100
|
|upkeep
|turn|17
|-activate|p2a: Megaman|ability: Quick Draw
|
|t:|1781136351
|-end|p1a: Iron Boulder|Quark Drive|[silent]
|switch|p1a: Primarina|Primarina, F|100/100
|move|p2a: Megaman|Expanding Force|p1a: Primarina
|-damage|p1a: Primarina|3/100
|
|upkeep
|turn|18
|
|t:|1781136360
|move|p2a: Megaman|Surf|p1a: Primarina
|-resisted|p1a: Primarina
|-damage|p1a: Primarina|0 fnt
|faint|p1a: Primarina
|
|-fieldend|move: Trick Room
|upkeep
|
|t:|1781136376
|switch|p1a: Great Tusk|Great Tusk|100/100
|turn|19
|
|t:|1781136388
|move|p1a: Great Tusk|Stealth Rock|p2a: Megaman
|-sidestart|p2: winslowyoudog|move: Stealth Rock
|move|p2a: Megaman|Surf|p1a: Great Tusk
|-supereffective|p1a: Great Tusk
|-damage|p1a: Great Tusk|0 fnt
|faint|p1a: Great Tusk
|-end|p1a: Great Tusk|Protosynthesis|[silent]
|
|-fieldend|move: Psychic Terrain
|upkeep
|inactive|bigtestsofbig has 120 seconds left.
|
|t:|1781136426
|switch|p1a: Iron Boulder|Iron Boulder|63/100
|turn|20
|
|t:|1781136430
|move|p1a: Iron Boulder|Mighty Cleave|p2a: Megaman
|-damage|p2a: Megaman|0 fnt
|faint|p2a: Megaman
|
|upkeep
|
|t:|1781136448
|switch|p2a: Iron Treads|Iron Treads|100/100
|-damage|p2a: Iron Treads|97/100|[from] Stealth Rock
|-item|p2a: Iron Treads|Air Balloon
|turn|21
|
|t:|1781136451
|move|p1a: Iron Boulder|Mighty Cleave|p2a: Iron Treads
|-resisted|p2a: Iron Treads
|-damage|p2a: Iron Treads|82/100
|-enditem|p2a: Iron Treads|Air Balloon
|move|p2a: Iron Treads|Rapid Spin|p1a: Iron Boulder
|-resisted|p1a: Iron Boulder
|-damage|p1a: Iron Boulder|53/100
|-boost|p2a: Iron Treads|spe|1
|-sideend|p2: winslowyoudog|Stealth Rock|[from] move: Rapid Spin|[of] p2a: Iron Treads
|
|upkeep
|turn|22
|
|t:|1781136459
|-end|p1a: Iron Boulder|Quark Drive|[silent]
|switch|p1a: Darkrai|Darkrai|100/100
|move|p2a: Iron Treads|Stealth Rock|p1a: Darkrai
|-sidestart|p1: bigtestsofbig|move: Stealth Rock
|
|upkeep
|turn|23
|
|t:|1781136465
|move|p1a: Darkrai|Dark Pulse|p2a: Iron Treads
|-damage|p2a: Iron Treads|25/100
|move|p2a: Iron Treads|Earthquake|p1a: Darkrai
|-damage|p1a: Darkrai|33/100
|
|upkeep
|turn|24
|
|t:|1781136470
|move|p1a: Darkrai|Dark Pulse|p2a: Iron Treads
|-damage|p2a: Iron Treads|0 fnt
|faint|p2a: Iron Treads
|-end|p2a: Iron Treads|Quark Drive|[silent]
|
|upkeep
|
|t:|1781136472
|switch|p2a: Indeedee|Indeedee, M|100/100
|-fieldstart|move: Psychic Terrain|[from] ability: Psychic Surge|[of] p2a: Indeedee
|turn|25
|
|t:|1781136479
|-terastallize|p2a: Indeedee|Fairy
|move|p1a: Darkrai|Dark Pulse|p2a: Indeedee
|-resisted|p2a: Indeedee
|-damage|p2a: Indeedee|75/100
|move|p2a: Indeedee|Trick Room|p2a: Indeedee
|-fieldstart|move: Trick Room|[of] p2a: Indeedee
|
|upkeep
|turn|26
|
|t:|1781136485
|move|p2a: Indeedee|Healing Wish|p2a: Indeedee
|faint|p2a: Indeedee
|move|p1a: Darkrai|Dark Pulse|p2: Indeedee|[notarget]
|-fail|p1a: Darkrai
|
|upkeep
|
|t:|1781136488
|switch|p2a: Armarouge|Armarouge, F|100/100
|turn|27
|
|t:|1781136495
|move|p2a: Armarouge|Endure|p2a: Armarouge
|-singleturn|p2a: Armarouge|move: Endure
|move|p1a: Darkrai|Dark Pulse|p2a: Armarouge
|-supereffective|p2a: Armarouge
|-activate|p2a: Armarouge|move: Endure
|-damage|p2a: Armarouge|1/100
|-enditem|p2a: Armarouge|Weakness Policy
|-boost|p2a: Armarouge|atk|2|[from] item: Weakness Policy
|-boost|p2a: Armarouge|spa|2|[from] item: Weakness Policy
|
|upkeep
|turn|28
|
|t:|1781136500
|move|p2a: Armarouge|Armor Cannon|p1a: Darkrai
|-damage|p1a: Darkrai|0 fnt
|-unboost|p2a: Armarouge|def|1
|-unboost|p2a: Armarouge|spd|1
|faint|p1a: Darkrai
|
|upkeep
|
|t:|1781136503
|switch|p1a: Iron Boulder|Iron Boulder|53/100
|-damage|p1a: Iron Boulder|41/100|[from] Stealth Rock
|turn|29
|
|t:|1781136510
|-terastallize|p1a: Iron Boulder|Fighting
|move|p2a: Armarouge|Armor Cannon|p1a: Iron Boulder
|-damage|p1a: Iron Boulder|0 fnt
|-unboost|p2a: Armarouge|def|1
|-unboost|p2a: Armarouge|spd|1
|faint|p1a: Iron Boulder
|-end|p1a: Iron Boulder|Quark Drive|[silent]
|
|win|winslowyoudog
|raw|bigtestsofbig's rating: 1596 &rarr; <strong>1579</strong><br />(-17 for losing)
|raw|winslowyoudog's rating: 1642 &rarr; <strong>1659</strong><br />(+17 for winning)
|l|☆bigtestsofbig
|player|p1|
|l| nsisjaiip
|l|☆winslowyoudog
|player|p2|
