|j|☆uu7gwasbetter
|j|☆LowEL0God
|t:|1781298641
|gametype|singles
|player|p1|uu7gwasbetter|1|1509
|player|p2|LowEL0God|265|1555
|gen|9
|tier|[Gen 9] OU
|rated|
|rule|HP Percentage Mod: HP is shown in percentages
|rule|Endless Battle Clause: Forcing endless battles is banned
|rule|Species Clause: Limit one of each Pokémon
|rule|OHKO Clause: OHKO moves are banned
|rule|Evasion Items Clause: Evasion items are banned
|rule|Evasion Moves Clause: Evasion moves are banned
|rule|Evasion Abilities Clause: Evasion abilities are banned
|rule|Sleep Moves Clause: Sleep-inducing moves are banned
|clearpoke
|poke|p1|Torkoal, F|
|poke|p1|Dragapult, F|
|poke|p1|Iron Moth|
|poke|p1|Kingambit, F|
|poke|p1|Ceruledge, F|
|poke|p1|Staraptor, F|
|poke|p2|Pelipper, M|
|poke|p2|Raging Bolt|
|poke|p2|Overqwil, M|
|poke|p2|Barraskewda, M|
|poke|p2|Iron Treads|
|poke|p2|Kingambit, F|
|teampreview
|inactive|Battle timer is ON: inactive players will automatically lose when time's up. (requested by uu7gwasbetter)
|c|☆LowEL0God|hf
|j| blucobos
|inactive|LowEL0God also wants the timer to be on.
|
|t:|1781298645
|teamsize|p1|6
|teamsize|p2|6
|start
|switch|p1a: Staraptor|Staraptor, F|100/100
|switch|p2a: Pelipper|Pelipper, M|100/100
|-weather|RainDance|[from] ability: Drizzle|[of] p2a: Pelipper
|turn|1
|
|t:|1781298650
|move|p1a: Staraptor|Final Gambit|p2a: Pelipper
|-damage|p2a: Pelipper|0 fnt
|faint|p1a: Staraptor
|faint|p2a: Pelipper
|
|-weather|RainDance|[upkeep]
|upkeep
|l| blucobos
|
|t:|1781298661
|switch|p1a: Torkoal|Torkoal, F|100/100
|switch|p2a: Raging Bolt|Raging Bolt|100/100
|-weather|SunnyDay|[from] ability: Drought|[of] p1a: Torkoal
|-activate|p2a: Raging Bolt|ability: Protosynthesis
|-start|p2a: Raging Bolt|protosynthesisspa
|turn|2
|
|t:|1781298665
|move|p2a: Raging Bolt|Draco Meteor|p1a: Torkoal
|-damage|p1a: Torkoal|7/100
|-unboost|p2a: Raging Bolt|spa|2
|move|p1a: Torkoal|Stealth Rock|p2a: Raging Bolt
|-sidestart|p2: LowEL0God|move: Stealth Rock
|
|-weather|SunnyDay|[upkeep]
|upkeep
|turn|3
|
|t:|1781298670
|-end|p2a: Raging Bolt|Protosynthesis|[silent]
|switch|p2a: Kingambit|Kingambit, F|100/100
|-damage|p2a: Kingambit|94/100|[from] Stealth Rock
|-activate|p2a: Kingambit|ability: Supreme Overlord
|-start|p2a: Kingambit|fallen1|[silent]
|move|p1a: Torkoal|Earth Power|p2a: Kingambit
|-supereffective|p2a: Kingambit
|-damage|p2a: Kingambit|53/100
|
|-weather|SunnyDay|[upkeep]
|-heal|p2a: Kingambit|59/100|[from] item: Leftovers
|upkeep
|turn|4
|
|t:|1781298673
|-end|p2a: Kingambit|fallen1|[silent]
|switch|p2a: Raging Bolt|Raging Bolt|100/100
|-damage|p2a: Raging Bolt|88/100|[from] Stealth Rock
|-activate|p2a: Raging Bolt|ability: Protosynthesis
|-start|p2a: Raging Bolt|protosynthesisspa
|move|p1a: Torkoal|Lava Plume|p2a: Raging Bolt
|-resisted|p2a: Raging Bolt
|-damage|p2a: Raging Bolt|69/100
|
|-weather|SunnyDay|[upkeep]
|upkeep
|turn|5
|
|t:|1781298678
|move|p2a: Raging Bolt|Weather Ball|p1a: Torkoal
|-resisted|p1a: Torkoal
|-damage|p1a: Torkoal|0 fnt
|faint|p1a: Torkoal
|
|-weather|SunnyDay|[upkeep]
|upkeep
|
|t:|1781298683
|switch|p1a: Dragapult|Dragapult, F|100/100
|turn|6
|
|t:|1781298684
|move|p1a: Dragapult|Substitute|p1a: Dragapult
|-start|p1a: Dragapult|Substitute
|-damage|p1a: Dragapult|76/100
|move|p2a: Raging Bolt|Draco Meteor|p1a: Dragapult|[miss]
|-miss|p2a: Raging Bolt|p1a: Dragapult
|
|-weather|none
|-end|p2a: Raging Bolt|Protosynthesis
|-heal|p1a: Dragapult|82/100|[from] item: Leftovers
|upkeep
|-enditem|p2a: Raging Bolt|Booster Energy
|-activate|p2a: Raging Bolt|ability: Protosynthesis|[fromitem]
|-start|p2a: Raging Bolt|protosynthesisspa
|turn|7
|
|t:|1781298690
|-end|p2a: Raging Bolt|Protosynthesis|[silent]
|switch|p2a: Kingambit|Kingambit, F|59/100
|-damage|p2a: Kingambit|53/100|[from] Stealth Rock
|-activate|p2a: Kingambit|ability: Supreme Overlord
|-start|p2a: Kingambit|fallen1|[silent]
|move|p1a: Dragapult|Dragon Darts|p2a: Kingambit
|-resisted|p2a: Kingambit
|-crit|p2a: Kingambit
|-damage|p2a: Kingambit|39/100
|-anim|p1a: Dragapult|Dragon Darts|p2a: Kingambit
|-resisted|p2a: Kingambit
|-damage|p2a: Kingambit|30/100
|
|-heal|p1a: Dragapult|88/100|[from] item: Leftovers
|-heal|p2a: Kingambit|36/100|[from] item: Leftovers
|upkeep
|turn|8
|
|t:|1781298692
|move|p1a: Dragapult|Dragon Darts|p2a: Kingambit
|-resisted|p2a: Kingambit
|-damage|p2a: Kingambit|25/100
|-anim|p1a: Dragapult|Dragon Darts|p2a: Kingambit
|-resisted|p2a: Kingambit
|-damage|p2a: Kingambit|16/100
|move|p2a: Kingambit|Kowtow Cleave|p1a: Dragapult
|-supereffective|p1a: Dragapult
|-end|p1a: Dragapult|Substitute
|
|-heal|p1a: Dragapult|94/100|[from] item: Leftovers
|-heal|p2a: Kingambit|22/100|[from] item: Leftovers
|upkeep
|turn|9
|
|t:|1781298706
|switch|p1a: Kingambit|Kingambit, F|100/100
|-activate|p1a: Kingambit|ability: Supreme Overlord
|-start|p1a: Kingambit|fallen2|[silent]
|move|p2a: Kingambit|Kowtow Cleave|p1a: Kingambit
|-resisted|p1a: Kingambit
|-damage|p1a: Kingambit|79/100
|
|-heal|p2a: Kingambit|28/100|[from] item: Leftovers
|upkeep
|turn|10
|
|t:|1781298710
|move|p1a: Kingambit|Low Kick|p2a: Kingambit
|-supereffective|p2a: Kingambit
|-damage|p2a: Kingambit|0 fnt
|faint|p2a: Kingambit
|-end|p2a: Kingambit|fallen1|[silent]
|
|upkeep
|
|t:|1781298712
|switch|p2a: Iron Treads|Iron Treads|100/100
|-damage|p2a: Iron Treads|97/100|[from] Stealth Rock
|-enditem|p2a: Iron Treads|Booster Energy
|-activate|p2a: Iron Treads|ability: Quark Drive|[fromitem]
|-start|p2a: Iron Treads|quarkdrivespe
|turn|11
|
|t:|1781298714
|-end|p1a: Kingambit|fallen2|[silent]
|switch|p1a: Ceruledge|Ceruledge, F|100/100
|move|p2a: Iron Treads|Earth Power|p1a: Ceruledge
|-supereffective|p1a: Ceruledge
|-damage|p1a: Ceruledge|18/100
|
|upkeep
|turn|12
|
|t:|1781298721
|move|p2a: Iron Treads|Earth Power|p1a: Ceruledge
|-supereffective|p1a: Ceruledge
|-crit|p1a: Ceruledge
|-damage|p1a: Ceruledge|0 fnt
|faint|p1a: Ceruledge
|
|upkeep
|
|t:|1781298722
|switch|p1a: Iron Moth|Iron Moth|100/100
|-enditem|p1a: Iron Moth|Booster Energy
|-activate|p1a: Iron Moth|ability: Quark Drive|[fromitem]
|-start|p1a: Iron Moth|quarkdrivespe
|turn|13
|
|t:|1781298725
|-terastallize|p2a: Iron Treads|Ghost
|move|p1a: Iron Moth|Fiery Dance|p2a: Iron Treads
|-damage|p2a: Iron Treads|41/100
|-boost|p1a: Iron Moth|spa|1
|move|p2a: Iron Treads|Rapid Spin|p1a: Iron Moth
|-damage|p1a: Iron Moth|82/100
|-boost|p2a: Iron Treads|spe|1
|-sideend|p2: LowEL0God|Stealth Rock|[from] move: Rapid Spin|[of] p2a: Iron Treads
|
|upkeep
|turn|14
|
|t:|1781298731
|-terastallize|p1a: Iron Moth|Grass
|move|p2a: Iron Treads|Earth Power|p1a: Iron Moth
|-resisted|p1a: Iron Moth
|-damage|p1a: Iron Moth|66/100
|move|p1a: Iron Moth|Fiery Dance|p2a: Iron Treads
|-damage|p2a: Iron Treads|0 fnt
|-boost|p1a: Iron Moth|spa|1
|faint|p2a: Iron Treads
|-end|p2a: Iron Treads|Quark Drive|[silent]
|
|upkeep
|
|t:|1781298733
|switch|p2a: Barraskewda|Barraskewda, M|100/100
|turn|15
|
|t:|1781298738
|switch|p2a: Raging Bolt|Raging Bolt|69/100
|move|p1a: Iron Moth|Energy Ball|p2a: Raging Bolt
|-resisted|p2a: Raging Bolt
|-damage|p2a: Raging Bolt|30/100
|-unboost|p2a: Raging Bolt|spd|1
|
|upkeep
|turn|16
|
|t:|1781298742
|move|p2a: Raging Bolt|Thunderclap|p1a: Iron Moth
|-resisted|p1a: Iron Moth
|-damage|p1a: Iron Moth|47/100
|move|p1a: Iron Moth|Sludge Wave|p2a: Raging Bolt
|-damage|p2a: Raging Bolt|0 fnt
|faint|p2a: Raging Bolt
|-end|p2a: Raging Bolt|Protosynthesis|[silent]
|
|upkeep
|
|t:|1781298743
|switch|p2a: Overqwil|Overqwil, M|100/100
|turn|17
|
|t:|1781298746
|switch|p2a: Barraskewda|Barraskewda, M|100/100
|move|p1a: Iron Moth|Fiery Dance|p2a: Barraskewda
|-resisted|p2a: Barraskewda
|-damage|p2a: Barraskewda|5/100
|-boost|p1a: Iron Moth|spa|1
|
|upkeep
|turn|18
|
|t:|1781298749
|move|p1a: Iron Moth|Energy Ball|p2a: Barraskewda
|-supereffective|p2a: Barraskewda
|-damage|p2a: Barraskewda|0 fnt
|faint|p2a: Barraskewda
|
|upkeep
|
|t:|1781298750
|switch|p2a: Overqwil|Overqwil, M|100/100
|turn|19
|
|t:|1781298754
|move|p1a: Iron Moth|Fiery Dance|p2a: Overqwil
|-damage|p2a: Overqwil|0 fnt
|-boost|p1a: Iron Moth|spa|1
|faint|p2a: Overqwil
|
|win|uu7gwasbetter
|raw|uu7gwasbetter's rating: 1509 &rarr; <strong>1532</strong><br />(+23 for winning)
|raw|LowEL0God's rating: 1555 &rarr; <strong>1532</strong><br />(-23 for losing)
|l|☆uu7gwasbetter
|player|p1|
|c|☆LowEL0God|gg
|l|☆LowEL0God
|player|p2|
