|j|☆bigburgerboss
|j|☆KurisuChestnutOU
|t:|1781166463
|gametype|singles
|player|p1|bigburgerboss|1|1579
|player|p2|KurisuChestnutOU|may-contest|1598
|gen|9
|tier|[Gen 9] OU
|rated|
|rule|HP Percentage Mod: HP is shown in percentages
|rule|Endless Battle Clause: Forcing endless battles is banned
|rule|Species Clause: Limit one of each Pokémon
|rule|OHKO Clause: OHKO moves are banned
|rule|Evasion Items Clause: Evasion items are banned
|rule|Evasion Moves Clause: Evasion moves are banned
|rule|Evasion Abilities Clause: Evasion abilities are banned
|rule|Sleep Moves Clause: Sleep-inducing moves are banned
|clearpoke
|poke|p1|Deoxys-Speed|
|poke|p1|Tyranitar, M|
|poke|p1|Excadrill, M|
|poke|p1|Dragapult, F|
|poke|p1|Raging Bolt|
|poke|p1|Scizor, F|
|poke|p2|Kingambit, F|
|poke|p2|Kommo-o, M|
|poke|p2|Iron Valiant|
|poke|p2|Kyurem|
|poke|p2|Iron Treads|
|poke|p2|Iron Crown|
|teampreview
|inactive|Battle timer is ON: inactive players will automatically lose when time's up. (requested by KurisuChestnutOU)
|
|t:|1781166472
|teamsize|p1|6
|teamsize|p2|6
|start
|switch|p1a: Deoxys|Deoxys-Speed|100/100
|switch|p2a: Iron Treads|Iron Treads|100/100
|-ability|p1a: Deoxys|Pressure
|-enditem|p2a: Iron Treads|Booster Energy
|-activate|p2a: Iron Treads|ability: Quark Drive|[fromitem]
|-start|p2a: Iron Treads|quarkdrivespe
|turn|1
|
|t:|1781166485
|move|p1a: Deoxys|Stealth Rock|p2a: Iron Treads
|-sidestart|p2: KurisuChestnutOU|move: Stealth Rock
|move|p2a: Iron Treads|Rapid Spin|p1a: Deoxys
|-damage|p1a: Deoxys|85/100
|-boost|p2a: Iron Treads|spe|1
|-sideend|p2: KurisuChestnutOU|Stealth Rock|[from] move: Rapid Spin|[of] p2a: Iron Treads
|
|upkeep
|turn|2
|
|t:|1781166492
|move|p2a: Iron Treads|Earthquake|p1a: Deoxys
|-damage|p1a: Deoxys|36/100
|move|p1a: Deoxys|Stealth Rock|p2a: Iron Treads
|-sidestart|p2: KurisuChestnutOU|move: Stealth Rock
|
|upkeep
|turn|3
|
|t:|1781166499
|move|p2a: Iron Treads|Stealth Rock|p1a: Deoxys
|-sidestart|p1: bigburgerboss|move: Stealth Rock
|move|p1a: Deoxys|Stealth Rock||[still]
|-fail|p1a: Deoxys
|
|upkeep
|turn|4
|
|t:|1781166505
|move|p2a: Iron Treads|Rapid Spin|p1a: Deoxys
|-damage|p1a: Deoxys|21/100
|-boost|p2a: Iron Treads|spe|1
|-sideend|p2: KurisuChestnutOU|Stealth Rock|[from] move: Rapid Spin|[of] p2a: Iron Treads
|move|p1a: Deoxys|Psycho Boost|p2a: Iron Treads
|-resisted|p2a: Iron Treads
|-damage|p2a: Iron Treads|72/100
|-unboost|p1a: Deoxys|spa|2
|
|upkeep
|turn|5
|
|t:|1781166516
|move|p2a: Iron Treads|Rapid Spin|p1a: Deoxys
|-damage|p1a: Deoxys|6/100
|-boost|p2a: Iron Treads|spe|1
|move|p1a: Deoxys|Stealth Rock|p2a: Iron Treads
|-sidestart|p2: KurisuChestnutOU|move: Stealth Rock
|
|upkeep
|turn|6
|
|t:|1781166540
|move|p2a: Iron Treads|Earthquake|p1a: Deoxys
|-damage|p1a: Deoxys|0 fnt
|faint|p1a: Deoxys
|
|upkeep
|
|t:|1781166552
|switch|p1a: Tyranitar|Tyranitar, M|100/100
|-damage|p1a: Tyranitar|88/100|[from] Stealth Rock
|-weather|Sandstorm|[from] ability: Sand Stream|[of] p1a: Tyranitar
|turn|7
|inactive|bigburgerboss has 120 seconds left.
|
|t:|1781166569
|move|p2a: Iron Treads|Rapid Spin|p1a: Tyranitar
|-resisted|p1a: Tyranitar
|-damage|p1a: Tyranitar|82/100
|-boost|p2a: Iron Treads|spe|1
|-sideend|p2: KurisuChestnutOU|Stealth Rock|[from] move: Rapid Spin|[of] p2a: Iron Treads
|move|p1a: Tyranitar|Knock Off|p2a: Iron Treads
|-damage|p2a: Iron Treads|45/100
|
|-weather|Sandstorm|[upkeep]
|upkeep
|turn|8
|inactive|bigburgerboss has 120 seconds left.
|
|t:|1781166582
|move|p2a: Iron Treads|Earthquake|p1a: Tyranitar
|-supereffective|p1a: Tyranitar
|-damage|p1a: Tyranitar|12/100
|move|p1a: Tyranitar|Ice Punch|p2a: Iron Treads
|-damage|p2a: Iron Treads|23/100
|
|-weather|Sandstorm|[upkeep]
|upkeep
|turn|9
|
|t:|1781166588
|move|p2a: Iron Treads|Earthquake|p1a: Tyranitar
|-supereffective|p1a: Tyranitar
|-crit|p1a: Tyranitar
|-damage|p1a: Tyranitar|0 fnt
|faint|p1a: Tyranitar
|
|-weather|Sandstorm|[upkeep]
|upkeep
|
|t:|1781166589
|switch|p1a: Excadrill|Excadrill, M|100/100
|-damage|p1a: Excadrill|97/100|[from] Stealth Rock
|turn|10
|
|t:|1781166597
|move|p2a: Iron Treads|Earthquake|p1a: Excadrill
|-supereffective|p1a: Excadrill
|-damage|p1a: Excadrill|0 fnt
|faint|p1a: Excadrill
|
|-weather|Sandstorm|[upkeep]
|upkeep
|-message|bigburgerboss forfeited.
|
|win|KurisuChestnutOU
|raw|bigburgerboss's rating: 1579 &rarr; <strong>1560</strong><br />(-19 for losing)
|raw|KurisuChestnutOU's rating: 1598 &rarr; <strong>1617</strong><br />(+19 for winning)
|l|☆bigburgerboss
|player|p1|
