|badge|p1|silver|gen9ou|30-9
|uhtml|medal-msg|<div class="broadcast-blue">Curious what those medals under the avatar are? PS now has Ladder Seasons! For more information, check out the <a href="https://www.smogon.com/forums/threads/3740067/">thread on Smogon.</a></div>
|j|☆AnonymousJon
|j|☆DiceyRice
|t:|1781403515
|gametype|singles
|player|p1|AnonymousJon|workerice|1898
|player|p2|DiceyRice|miku-ghost|1818
|gen|9
|tier|[Gen 9] OU
|rated|
|rule|HP Percentage Mod: HP is shown in percentages
|rule|Endless Battle Clause: Forcing endless battles is banned
|rule|Species Clause: Limit one of each Pokémon
|rule|OHKO Clause: OHKO moves are banned
|rule|Evasion Items Clause: Evasion items are banned
|rule|Evasion Moves Clause: Evasion moves are banned
|rule|Evasion Abilities Clause: Evasion abilities are banned
|rule|Sleep Moves Clause: Sleep-inducing moves are banned
|clearpoke
|poke|p1|Great Tusk|
|poke|p1|Ogerpon-Cornerstone, F|
|poke|p1|Rillaboom, M|
|poke|p1|Tyranitar, M|
|poke|p1|Corviknight, F|
|poke|p1|Dragapult, F|
|poke|p2|Lokix, M|
|poke|p2|Tornadus-Therian, M|
|poke|p2|Great Tusk|
|poke|p2|Iron Crown|
|poke|p2|Ogerpon-Wellspring, F|
|poke|p2|Pecharunt|
|teampreview
|inactive|Battle timer is ON: inactive players will automatically lose when time's up. (requested by AnonymousJon)
|
|t:|1781403526
|teamsize|p1|6
|teamsize|p2|6
|start
|switch|p1a: Tyranitar|Tyranitar, M|100/100
|switch|p2a: Tornadus|Tornadus-Therian, M|100/100
|-weather|Sandstorm|[from] ability: Sand Stream|[of] p1a: Tyranitar
|turn|1
|
|t:|1781403528
|move|p2a: Tornadus|U-turn|p1a: Tyranitar
|-supereffective|p1a: Tyranitar
|-damage|p1a: Tyranitar|76/100
|
|t:|1781403530
|switch|p2a: Great Tusk|Great Tusk|100/100|[from] U-turn
|move|p1a: Tyranitar|Stealth Rock|p2a: Great Tusk
|-sidestart|p2: DiceyRice|move: Stealth Rock
|
|-weather|Sandstorm|[upkeep]
|-heal|p1a: Tyranitar|82/100|[from] item: Leftovers
|upkeep
|turn|2
|
|t:|1781403537
|switch|p1a: Dragapult|Dragapult, F|100/100
|move|p2a: Great Tusk|Stealth Rock|p1a: Dragapult
|-sidestart|p1: AnonymousJon|move: Stealth Rock
|
|-weather|Sandstorm|[upkeep]
|-damage|p1a: Dragapult|94/100|[from] Sandstorm
|-heal|p1a: Dragapult|100/100|[from] item: Leftovers
|upkeep
|turn|3
|
|t:|1781403544
|move|p1a: Dragapult|Will-O-Wisp|p2a: Great Tusk|[miss]
|-miss|p1a: Dragapult|p2a: Great Tusk
|move|p2a: Great Tusk|Ice Spinner|p1a: Dragapult
|-supereffective|p1a: Dragapult
|-damage|p1a: Dragapult|34/100
|
|-weather|Sandstorm|[upkeep]
|-damage|p1a: Dragapult|28/100|[from] Sandstorm
|-heal|p1a: Dragapult|34/100|[from] item: Leftovers
|upkeep
|turn|4
|j| choispecs ironmoth
|
|t:|1781403548
|move|p1a: Dragapult|Will-O-Wisp|p2a: Great Tusk|[miss]
|-miss|p1a: Dragapult|p2a: Great Tusk
|move|p2a: Great Tusk|Headlong Rush|p1a: Dragapult
|-damage|p1a: Dragapult|0 fnt
|-unboost|p2a: Great Tusk|def|1
|-unboost|p2a: Great Tusk|spd|1
|faint|p1a: Dragapult
|
|-weather|Sandstorm|[upkeep]
|upkeep
|
|t:|1781403551
|switch|p1a: Ogerpon|Ogerpon-Cornerstone, F|100/100
|-damage|p1a: Ogerpon|88/100|[from] Stealth Rock
|turn|5
|
|t:|1781403553
|-end|p2a: Great Tusk|Protosynthesis|[silent]
|switch|p2a: Pecharunt|Pecharunt|100/100
|move|p1a: Ogerpon|Horn Leech|p2a: Pecharunt
|-resisted|p2a: Pecharunt
|-damage|p2a: Pecharunt|90/100
|-heal|p1a: Ogerpon|95/100|[from] drain|[of] p2a: Pecharunt
|
|-weather|none
|upkeep
|turn|6
|
|t:|1781403557
|move|p1a: Ogerpon|Swords Dance|p1a: Ogerpon
|-boost|p1a: Ogerpon|atk|2
|move|p2a: Pecharunt|Toxic|p1a: Ogerpon
|-status|p1a: Ogerpon|tox
|-start|p1a: Ogerpon|confusion|[from] ability: Poison Puppeteer|[of] p2a: Pecharunt
|
|-damage|p1a: Ogerpon|88/100 tox|[from] psn
|upkeep
|turn|7
|
|t:|1781403561
|-activate|p1a: Ogerpon|confusion
|-damage|p1a: Ogerpon|53/100 tox|[from] confusion
|move|p2a: Pecharunt|Parting Shot|p1a: Ogerpon
|-unboost|p1a: Ogerpon|atk|1
|-unboost|p1a: Ogerpon|spa|1
|-message|AnonymousJon forfeited.
|
|win|DiceyRice
|raw|AnonymousJon's rating: 1898 &rarr; <strong>1873</strong><br />(-25 for losing)
|raw|DiceyRice's rating: 1818 &rarr; <strong>1843</strong><br />(+25 for winning)
|l|☆AnonymousJon
|player|p1|
