|j|☆post spring
|j|☆GreninjaMyFav
|t:|1781148704
|gametype|singles
|player|p1|post spring|lady-gen4|1629
|player|p2|GreninjaMyFav|skyla|1731
|gen|9
|tier|[Gen 9] OU
|rated|
|rule|HP Percentage Mod: HP is shown in percentages
|rule|Endless Battle Clause: Forcing endless battles is banned
|rule|Species Clause: Limit one of each Pokémon
|rule|OHKO Clause: OHKO moves are banned
|rule|Evasion Items Clause: Evasion items are banned
|rule|Evasion Moves Clause: Evasion moves are banned
|rule|Evasion Abilities Clause: Evasion abilities are banned
|rule|Sleep Moves Clause: Sleep-inducing moves are banned
|clearpoke
|poke|p1|Ribombee, F|
|poke|p1|Raging Bolt|
|poke|p1|Gholdengo|
|poke|p1|Enamorus, F|
|poke|p1|Iron Moth|
|poke|p1|Kingambit, F|
|poke|p2|Greninja-*, M|
|poke|p2|Raging Bolt|
|poke|p2|Kingambit, M|
|poke|p2|Great Tusk|
|poke|p2|Slowking-Galar, F|
|poke|p2|Corviknight, M|
|teampreview
|inactive|Battle timer is ON: inactive players will automatically lose when time's up. (requested by post spring)
|
|t:|1781148710
|teamsize|p1|6
|teamsize|p2|6
|start
|switch|p1a: Ribombee|Ribombee, F|100/100
|switch|p2a: Slowking|Slowking-Galar, F|100/100
|turn|1
|
|t:|1781148712
|move|p1a: Ribombee|Stun Spore|p2a: Slowking
|-status|p2a: Slowking|par
|move|p2a: Slowking|Thunder Wave|p1a: Ribombee
|-status|p1a: Ribombee|par
|
|upkeep
|turn|2
|
|t:|1781148715
|switch|p2a: Corviknight|Corviknight, M|100/100
|-ability|p2a: Corviknight|Pressure
|cant|p1a: Ribombee|par
|
|upkeep
|turn|3
|
|t:|1781148718
|cant|p1a: Ribombee|par
|move|p2a: Corviknight|Brave Bird|p1a: Ribombee
|-supereffective|p1a: Ribombee
|-enditem|p1a: Ribombee|Focus Sash
|-damage|p1a: Ribombee|1/100 par
|-damage|p2a: Corviknight|79/100|[from] Recoil
|
|upkeep
|turn|4
|
|t:|1781148720
|move|p1a: Ribombee|Sticky Web|p2a: Corviknight
|-sidestart|p2: GreninjaMyFav|move: Sticky Web
|move|p2a: Corviknight|Defog|p1a: Ribombee
|-unboost|p1a: Ribombee|evasion|1
|-sideend|p2: GreninjaMyFav|Sticky Web|[from] move: Defog|[of] p2a: Corviknight
|
|upkeep
|turn|5
|
|t:|1781148725
|move|p1a: Ribombee|Sticky Web|p2a: Corviknight
|-sidestart|p2: GreninjaMyFav|move: Sticky Web
|move|p2a: Corviknight|Defog|p1a: Ribombee
|-unboost|p1a: Ribombee|evasion|1
|-sideend|p2: GreninjaMyFav|Sticky Web|[from] move: Defog|[of] p2a: Corviknight
|
|upkeep
|turn|6
|
|t:|1781148726
|cant|p1a: Ribombee|par
|move|p2a: Corviknight|Defog|p1a: Ribombee
|-unboost|p1a: Ribombee|evasion|1
|
|upkeep
|turn|7
|
|t:|1781148729
|move|p1a: Ribombee|Sticky Web|p2a: Corviknight
|-sidestart|p2: GreninjaMyFav|move: Sticky Web
|move|p2a: Corviknight|U-turn|p1a: Ribombee
|-resisted|p1a: Ribombee
|-damage|p1a: Ribombee|0 fnt
|faint|p1a: Ribombee
|
|t:|1781148736
|switch|p2a: Great Tusk|Great Tusk|100/100|[from] U-turn
|
|upkeep
|
|t:|1781148741
|switch|p1a: Enamorus|Enamorus, F|100/100
|turn|8
|
|t:|1781148745
|switch|p1a: Gholdengo|Gholdengo|100/100
|-item|p1a: Gholdengo|Air Balloon
|-end|p2a: Great Tusk|Protosynthesis|[silent]
|switch|p2a: Corviknight|Corviknight, M|79/100
|-ability|p2a: Corviknight|Pressure
|
|upkeep
|turn|9
|
|t:|1781148748
|switch|p2a: Greninja|Greninja, M|100/100
|-activate|p2a: Greninja|move: Sticky Web
|-unboost|p2a: Greninja|spe|1
|move|p1a: Gholdengo|Nasty Plot|p1a: Gholdengo
|-boost|p1a: Gholdengo|spa|2
|
|upkeep
|turn|10
|
|t:|1781148753
|move|p1a: Gholdengo|Focus Blast|p2a: Greninja
|-supereffective|p2a: Greninja
|-damage|p2a: Greninja|0 fnt
|faint|p2a: Greninja
|
|upkeep
|
|t:|1781148756
|switch|p2a: Kingambit|Kingambit, M|100/100
|-activate|p2a: Kingambit|move: Sticky Web
|-unboost|p2a: Kingambit|spe|1
|-activate|p2a: Kingambit|ability: Supreme Overlord
|-start|p2a: Kingambit|fallen1|[silent]
|turn|11
|
|t:|1781148761
|move|p2a: Kingambit|Sucker Punch|p1a: Gholdengo
|-supereffective|p1a: Gholdengo
|-damage|p1a: Gholdengo|0 fnt
|-enditem|p1a: Gholdengo|Air Balloon
|faint|p1a: Gholdengo
|
|upkeep
|
|t:|1781148764
|switch|p1a: Iron Moth|Iron Moth|100/100
|-enditem|p1a: Iron Moth|Booster Energy
|-activate|p1a: Iron Moth|ability: Quark Drive|[fromitem]
|-start|p1a: Iron Moth|quarkdrivespa
|turn|12
|
|t:|1781148771
|-terastallize|p2a: Kingambit|Dark
|move|p2a: Kingambit|Sucker Punch||[still]
|-fail|p2a: Kingambit
|move|p1a: Iron Moth|Substitute|p1a: Iron Moth
|-start|p1a: Iron Moth|Substitute
|-damage|p1a: Iron Moth|76/100
|
|upkeep
|turn|13
|
|t:|1781148775
|-end|p2a: Kingambit|fallen1|[silent]
|switch|p2a: Slowking|Slowking-Galar, F|100/100 par
|move|p1a: Iron Moth|Fiery Dance|p2a: Slowking
|-damage|p2a: Slowking|69/100 par
|
|upkeep
|turn|14
|
|t:|1781148777
|move|p1a: Iron Moth|Fiery Dance|p2a: Slowking
|-damage|p2a: Slowking|32/100 par
|-boost|p1a: Iron Moth|spa|1
|cant|p2a: Slowking|par
|
|upkeep
|turn|15
|
|t:|1781148782
|switch|p2a: Raging Bolt|Raging Bolt|100/100
|-activate|p2a: Raging Bolt|move: Sticky Web
|-unboost|p2a: Raging Bolt|spe|1
|move|p1a: Iron Moth|Fiery Dance|p2a: Raging Bolt
|-resisted|p2a: Raging Bolt
|-damage|p2a: Raging Bolt|58/100
|-boost|p1a: Iron Moth|spa|1
|
|upkeep
|turn|16
|-message|GreninjaMyFav forfeited.
|
|win|post spring
|raw|post spring's rating: 1629 &rarr; <strong>1655</strong><br />(+26 for winning)
|raw|GreninjaMyFav's rating: 1731 &rarr; <strong>1705</strong><br />(-26 for losing)
|l|☆GreninjaMyFav
|player|p2|
|l|☆post spring
|player|p1|
