|j|☆employment devil
|j|☆King.cah
|t:|1781037330
|gametype|singles
|player|p1|employment devil|lusamine-nihilego|1617
|player|p2|King.cah|dancer|1604
|gen|9
|tier|[Gen 9] OU
|rated|
|rule|HP Percentage Mod: HP is shown in percentages
|rule|Endless Battle Clause: Forcing endless battles is banned
|rule|Species Clause: Limit one of each Pokémon
|rule|OHKO Clause: OHKO moves are banned
|rule|Evasion Items Clause: Evasion items are banned
|rule|Evasion Moves Clause: Evasion moves are banned
|rule|Evasion Abilities Clause: Evasion abilities are banned
|rule|Sleep Moves Clause: Sleep-inducing moves are banned
|clearpoke
|poke|p1|Landorus-Therian, M|
|poke|p1|Walking Wake|
|poke|p1|Ogerpon-Wellspring, F|
|poke|p1|Samurott-Hisui, F|
|poke|p1|Iron Moth|
|poke|p1|Gholdengo|
|poke|p2|Chesnaught, M|
|poke|p2|Iron Crown|
|poke|p2|Primarina, F|
|poke|p2|Iron Moth|
|poke|p2|Dragonite, M|
|poke|p2|Great Tusk|
|teampreview
|c|☆employment devil|hf
|inactive|Battle timer is ON: inactive players will automatically lose when time's up. (requested by King.cah)
|
|t:|1781037354
|teamsize|p1|6
|teamsize|p2|6
|start
|switch|p1a: Gholdengo|Gholdengo|100/100
|switch|p2a: Ariel|Primarina, F, shiny|100/100
|-item|p1a: Gholdengo|Air Balloon
|turn|1
|
|t:|1781037362
|move|p1a: Gholdengo|Thunderbolt|p2a: Ariel
|-supereffective|p2a: Ariel
|-damage|p2a: Ariel|43/100
|-status|p2a: Ariel|par
|cant|p2a: Ariel|par
|
|-heal|p2a: Ariel|49/100 par|[from] item: Leftovers
|upkeep
|turn|2
|
|t:|1781037379
|switch|p2a: Iron Crown|Iron Crown|100/100
|move|p1a: Gholdengo|Make It Rain|p2a: Iron Crown
|-resisted|p2a: Iron Crown
|-damage|p2a: Iron Crown|68/100
|-unboost|p1a: Gholdengo|spa|1
|
|upkeep
|turn|3
|
|t:|1781037383
|switch|p1a: Samurott|Samurott-Hisui, F|100/100
|move|p2a: Iron Crown|Volt Switch|p1a: Samurott
|-supereffective|p1a: Samurott
|-damage|p1a: Samurott|3/100
|
|t:|1781037387
|-end|p2a: Iron Crown|Quark Drive|[silent]
|switch|p2a: Hazelnaught|Chesnaught, M, shiny|100/100|[from] Volt Switch
|
|upkeep
|turn|4
|
|t:|1781037393
|move|p1a: Samurott|Razor Shell|p2a: Hazelnaught
|-resisted|p2a: Hazelnaught
|-damage|p2a: Hazelnaught|84/100
|-unboost|p2a: Hazelnaught|def|1
|-damage|p1a: Samurott|0 fnt|[from] item: Rocky Helmet|[of] p2a: Hazelnaught
|faint|p1a: Samurott
|move|p2a: Hazelnaught|Spikes|p1: Samurott
|-sidestart|p1: employment devil|Spikes
|
|upkeep
|
|t:|1781037407
|switch|p1a: Gholdengo|Gholdengo|100/100
|-item|p1a: Gholdengo|Air Balloon
|turn|5
|
|t:|1781037410
|move|p1a: Gholdengo|Nasty Plot|p1a: Gholdengo
|-boost|p1a: Gholdengo|spa|2
|move|p2a: Hazelnaught|Knock Off|p1a: Gholdengo
|-supereffective|p1a: Gholdengo
|-damage|p1a: Gholdengo|45/100
|-enditem|p1a: Gholdengo|Air Balloon
|
|upkeep
|turn|6
|
|t:|1781037414
|switch|p2a: Iron Crown|Iron Crown|68/100
|move|p1a: Gholdengo|Make It Rain|p2a: Iron Crown
|-resisted|p2a: Iron Crown
|-damage|p2a: Iron Crown|7/100
|-unboost|p1a: Gholdengo|spa|1
|
|upkeep
|turn|7
|
|t:|1781037427
|move|p2a: Iron Crown|Volt Switch|p1a: Gholdengo
|-crit|p1a: Gholdengo
|-damage|p1a: Gholdengo|0 fnt
|faint|p1a: Gholdengo
|
|t:|1781037431
|-end|p2a: Iron Crown|Quark Drive|[silent]
|switch|p2a: Ariel|Primarina, F, shiny|49/100 par|[from] Volt Switch
|
|-heal|p2a: Ariel|55/100 par|[from] item: Leftovers
|upkeep
|
|t:|1781037436
|switch|p1a: Ogerpon|Ogerpon-Wellspring, F|100/100
|-damage|p1a: Ogerpon|88/100|[from] Spikes
|turn|8
|
|t:|1781037440
|switch|p2a: Hazelnaught|Chesnaught, M, shiny|84/100
|move|p1a: Ogerpon|Power Whip|p2a: Hazelnaught|[miss]
|-miss|p1a: Ogerpon|p2a: Hazelnaught
|
|upkeep
|turn|9
|
|t:|1781037445
|switch|p1a: Landorus|Landorus-Therian, M|100/100
|-ability|p1a: Landorus|Intimidate|boost
|-unboost|p2a: Hazelnaught|atk|1
|move|p2a: Hazelnaught|Body Press|p1a: Landorus
|-resisted|p1a: Landorus
|-damage|p1a: Landorus|80/100
|-damage|p2a: Hazelnaught|67/100|[from] item: Rocky Helmet|[of] p1a: Landorus
|
|upkeep
|turn|10
|
|t:|1781037451
|move|p1a: Landorus|Taunt|p2a: Hazelnaught
|-start|p2a: Hazelnaught|move: Taunt
|move|p2a: Hazelnaught|Knock Off|p1a: Landorus
|-damage|p1a: Landorus|64/100
|-damage|p2a: Hazelnaught|50/100|[from] item: Rocky Helmet|[of] p1a: Landorus
|-enditem|p1a: Landorus|Rocky Helmet|[from] move: Knock Off|[of] p2a: Hazelnaught
|
|upkeep
|turn|11
|
|t:|1781037467
|switch|p2a: Tuskphan|Great Tusk|100/100
|move|p1a: Landorus|Stealth Rock|p2a: Tuskphan
|-sidestart|p2: King.cah|move: Stealth Rock
|
|upkeep
|turn|12
|
|t:|1781037470
|move|p1a: Landorus|Earth Power|p2a: Tuskphan
|-damage|p2a: Tuskphan|48/100
|move|p2a: Tuskphan|Rapid Spin|p1a: Landorus
|-damage|p1a: Landorus|49/100
|-boost|p2a: Tuskphan|spe|1
|-sideend|p2: King.cah|Stealth Rock|[from] move: Rapid Spin|[of] p2a: Tuskphan
|
|upkeep
|turn|13
|
|t:|1781037476
|switch|p1a: Ogerpon|Ogerpon-Wellspring, F|88/100
|-damage|p1a: Ogerpon|76/100|[from] Spikes
|move|p2a: Tuskphan|Ice Spinner|p1a: Ogerpon
|-damage|p1a: Ogerpon|41/100
|
|upkeep
|turn|14
|
|t:|1781037480
|move|p2a: Tuskphan|Stealth Rock|p1a: Ogerpon
|-sidestart|p1: employment devil|move: Stealth Rock
|move|p1a: Ogerpon|Ivy Cudgel|p2a: Tuskphan|[anim] Ivy Cudgel Water
|-supereffective|p2a: Tuskphan
|-damage|p2a: Tuskphan|0 fnt
|faint|p2a: Tuskphan
|-end|p2a: Tuskphan|Protosynthesis|[silent]
|
|upkeep
|
|t:|1781037483
|switch|p2a: Hazelnaught|Chesnaught, M, shiny|50/100
|turn|15
|
|t:|1781037488
|move|p1a: Ogerpon|Ivy Cudgel|p2a: Hazelnaught|[anim] Ivy Cudgel Water
|-resisted|p2a: Hazelnaught
|-crit|p2a: Hazelnaught
|-damage|p2a: Hazelnaught|27/100
|move|p2a: Hazelnaught|Body Press|p1a: Ogerpon
|-damage|p1a: Ogerpon|0 fnt
|faint|p1a: Ogerpon
|
|upkeep
|
|t:|1781037502
|switch|p1a: Landorus|Landorus-Therian, M|49/100
|-damage|p1a: Landorus|36/100|[from] Stealth Rock
|-ability|p1a: Landorus|Intimidate|boost
|-unboost|p2a: Hazelnaught|atk|1
|turn|16
|
|t:|1781037509
|move|p1a: Landorus|Stealth Rock|p2a: Hazelnaught
|-sidestart|p2: King.cah|move: Stealth Rock
|move|p2a: Hazelnaught|Synthesis|p2a: Hazelnaught
|-heal|p2a: Hazelnaught|77/100
|
|upkeep
|turn|17
|
|t:|1781037519
|switch|p2a: Iron Crown|Iron Crown|7/100
|-damage|p2a: Iron Crown|1/100|[from] Stealth Rock
|move|p1a: Landorus|Taunt|p2a: Iron Crown
|-start|p2a: Iron Crown|move: Taunt
|
|upkeep
|turn|18
|
|t:|1781037525
|move|p2a: Iron Crown|Psychic Noise|p1a: Landorus
|-damage|p1a: Landorus|0 fnt
|faint|p1a: Landorus
|
|upkeep
|
|t:|1781037527
|switch|p1a: Iron Moth|Iron Moth|100/100
|-damage|p1a: Iron Moth|88/100|[from] Spikes
|-damage|p1a: Iron Moth|63/100|[from] Stealth Rock
|-enditem|p1a: Iron Moth|Booster Energy
|-activate|p1a: Iron Moth|ability: Quark Drive|[fromitem]
|-start|p1a: Iron Moth|quarkdrivespe
|turn|19
|
|t:|1781037532
|move|p1a: Iron Moth|Fiery Dance|p2a: Iron Crown
|-supereffective|p2a: Iron Crown
|-damage|p2a: Iron Crown|0 fnt
|-boost|p1a: Iron Moth|spa|1
|faint|p2a: Iron Crown
|-end|p2a: Iron Crown|Quark Drive|[silent]
|
|upkeep
|
|t:|1781037542
|switch|p2a: Baby Bopp|Dragonite, M, shiny|100/100
|-damage|p2a: Baby Bopp|76/100|[from] Stealth Rock
|turn|20
|
|t:|1781037548
|-terastallize|p2a: Baby Bopp|Normal
|move|p2a: Baby Bopp|Extreme Speed|p1a: Iron Moth
|-damage|p1a: Iron Moth|0 fnt
|faint|p1a: Iron Moth
|-end|p1a: Iron Moth|Quark Drive|[silent]
|
|upkeep
|
|t:|1781037550
|switch|p1a: Walking Wake|Walking Wake|100/100
|-damage|p1a: Walking Wake|88/100|[from] Spikes
|-damage|p1a: Walking Wake|76/100|[from] Stealth Rock
|-enditem|p1a: Walking Wake|Booster Energy
|-activate|p1a: Walking Wake|ability: Protosynthesis|[fromitem]
|-start|p1a: Walking Wake|protosynthesisspa
|turn|21
|
|t:|1781037556
|-terastallize|p1a: Walking Wake|Ghost
|move|p2a: Baby Bopp|Extreme Speed|p1a: Walking Wake
|-immune|p1a: Walking Wake
|move|p1a: Walking Wake|Agility|p1a: Walking Wake
|-boost|p1a: Walking Wake|spe|2
|
|upkeep
|turn|22
|
|t:|1781037568
|switch|p2a: Hazelnaught|Chesnaught, M, shiny|77/100
|-damage|p2a: Hazelnaught|70/100|[from] Stealth Rock
|move|p1a: Walking Wake|Surf|p2a: Hazelnaught
|-resisted|p2a: Hazelnaught
|-damage|p2a: Hazelnaught|30/100
|
|upkeep
|turn|23
|
|t:|1781037571
|move|p1a: Walking Wake|Surf|p2a: Hazelnaught
|-resisted|p2a: Hazelnaught
|-damage|p2a: Hazelnaught|0 fnt
|faint|p2a: Hazelnaught
|
|upkeep
|
|t:|1781037573
|switch|p2a: Ariel|Primarina, F, shiny|55/100 par
|-damage|p2a: Ariel|43/100 par|[from] Stealth Rock
|turn|24
|
|t:|1781037577
|move|p1a: Walking Wake|Surf|p2a: Ariel
|-resisted|p2a: Ariel
|-damage|p2a: Ariel|18/100 par
|move|p2a: Ariel|Psychic Noise|p1a: Walking Wake
|-damage|p1a: Walking Wake|28/100
|-start|p1a: Walking Wake|move: Heal Block
|
|-heal|p2a: Ariel|24/100 par|[from] item: Leftovers
|upkeep
|turn|25
|
|t:|1781037580
|move|p1a: Walking Wake|Surf|p2a: Ariel
|-resisted|p2a: Ariel
|-damage|p2a: Ariel|0 fnt
|faint|p2a: Ariel
|
|-end|p1a: Walking Wake|move: Heal Block
|upkeep
|
|t:|1781037582
|switch|p2a: Iron Moth|Iron Moth|100/100
|-damage|p2a: Iron Moth|76/100|[from] Stealth Rock
|-enditem|p2a: Iron Moth|Booster Energy
|-activate|p2a: Iron Moth|ability: Quark Drive|[fromitem]
|-start|p2a: Iron Moth|quarkdrivespe
|turn|26
|
|t:|1781037585
|move|p1a: Walking Wake|Surf|p2a: Iron Moth
|-supereffective|p2a: Iron Moth
|-damage|p2a: Iron Moth|0 fnt
|faint|p2a: Iron Moth
|-end|p2a: Iron Moth|Quark Drive|[silent]
|
|upkeep
|
|t:|1781037587
|switch|p2a: Baby Bopp|Dragonite, M, shiny, tera:Normal|76/100
|-damage|p2a: Baby Bopp|63/100|[from] Stealth Rock
|turn|27
|
|t:|1781037590
|move|p1a: Walking Wake|Surf|p2a: Baby Bopp
|-damage|p2a: Baby Bopp|0 fnt
|faint|p2a: Baby Bopp
|
|win|employment devil
|raw|employment devil's rating: 1617 &rarr; <strong>1636</strong><br />(+19 for winning)
|raw|King.cah's rating: 1604 &rarr; <strong>1585</strong><br />(-19 for losing)
|l|☆King.cah
|player|p2|
|c|☆employment devil|gg
|l|☆employment devil
|player|p1|
