|j|☆deepfriedmagikarp
|j|☆tauros3
|t:|1781381944
|gametype|singles
|player|p1|deepfriedmagikarp|pokemonranger-gen4|1702
|player|p2|tauros3|swimmer-gen4dp|1682
|gen|9
|tier|[Gen 9] OU
|rated|
|rule|HP Percentage Mod: HP is shown in percentages
|rule|Endless Battle Clause: Forcing endless battles is banned
|rule|Species Clause: Limit one of each Pokémon
|rule|OHKO Clause: OHKO moves are banned
|rule|Evasion Items Clause: Evasion items are banned
|rule|Evasion Moves Clause: Evasion moves are banned
|rule|Evasion Abilities Clause: Evasion abilities are banned
|rule|Sleep Moves Clause: Sleep-inducing moves are banned
|clearpoke
|poke|p1|Hatterene, F|
|poke|p1|Great Tusk|
|poke|p1|Tornadus-Therian, M|
|poke|p1|Kyurem|
|poke|p1|Slowking-Galar, M|
|poke|p1|Kingambit, M|
|poke|p2|Ninetales-Alola, M|
|poke|p2|Kyurem|
|poke|p2|Moltres-Galar|
|poke|p2|Ursaluna, F|
|poke|p2|Diancie|
|poke|p2|Hatterene, F|
|teampreview
|inactive|Battle timer is ON: inactive players will automatically lose when time's up. (requested by tauros3)
|inactive|deepfriedmagikarp also wants the timer to be on.
|
|t:|1781381960
|teamsize|p1|6
|teamsize|p2|6
|start
|switch|p1a: Tornadus|Tornadus-Therian, M|100/100
|switch|p2a: Pink Triangle|Hatterene, F|100/100
|turn|1
|
|t:|1781381965
|move|p1a: Tornadus|U-turn|p2a: Pink Triangle
|-damage|p2a: Pink Triangle|84/100
|
|t:|1781381967
|switch|p1a: Slowking|Slowking-Galar, M|100/100|[from] U-turn
|move|p2a: Pink Triangle|Trick Room|p2a: Pink Triangle
|-fieldstart|move: Trick Room|[of] p2a: Pink Triangle
|
|upkeep
|turn|2
|
|t:|1781381973
|switch|p2a: El Scorcho|Ursaluna, F|100/100
|-prepare|p1a: Slowking|Chilly Reception|[premajor]
|move|p1a: Slowking|Chilly Reception|p1a: Slowking
|-weather|Snowscape
|
|t:|1781381978
|switch|p1a: Kyurem|Kyurem|100/100|[from] Chilly Reception
|-ability|p1a: Kyurem|Pressure
|
|-weather|Snowscape|[upkeep]
|-status|p2a: El Scorcho|brn|[from] item: Flame Orb
|upkeep
|turn|3
|
|t:|1781381984
|-terastallize|p2a: El Scorcho|Normal
|move|p2a: El Scorcho|Facade|p1a: Kyurem
|-damage|p1a: Kyurem|0 fnt
|faint|p1a: Kyurem
|
|-weather|Snowscape|[upkeep]
|-damage|p2a: El Scorcho|94/100 brn|[from] brn
|upkeep
|
|t:|1781381996
|switch|p1a: Great Tusk|Great Tusk|100/100
|turn|4
|
|t:|1781382005
|switch|p2a: Pink Triangle|Hatterene, F|84/100
|-terastallize|p1a: Great Tusk|Steel
|move|p1a: Great Tusk|Stealth Rock|p2a: Pink Triangle
|move|p2a: Pink Triangle|Stealth Rock|p1a: Great Tusk|[from] ability: Magic Bounce
|-sidestart|p1: deepfriedmagikarp|move: Stealth Rock
|
|-weather|Snowscape|[upkeep]
|upkeep
|turn|5
|
|t:|1781382012
|move|p2a: Pink Triangle|Psychic Noise|p1a: Great Tusk
|-resisted|p1a: Great Tusk
|-crit|p1a: Great Tusk
|-damage|p1a: Great Tusk|49/100
|-start|p1a: Great Tusk|move: Heal Block
|move|p1a: Great Tusk|Rapid Spin|p2a: Pink Triangle
|-damage|p2a: Pink Triangle|63/100
|-boost|p1a: Great Tusk|spe|1
|-sideend|p1: deepfriedmagikarp|Stealth Rock|[from] move: Rapid Spin|[of] p1a: Great Tusk
|
|-weather|Snowscape|[upkeep]
|-fieldend|move: Trick Room
|upkeep
|turn|6
|
|t:|1781382016
|move|p1a: Great Tusk|Headlong Rush|p2a: Pink Triangle
|-damage|p2a: Pink Triangle|0 fnt
|-unboost|p1a: Great Tusk|def|1
|-unboost|p1a: Great Tusk|spd|1
|faint|p2a: Pink Triangle
|
|-weather|none
|-end|p1a: Great Tusk|move: Heal Block
|upkeep
|
|t:|1781382031
|switch|p2a: El Scorcho|Ursaluna, F, tera:Normal|94/100 brn
|turn|7
|
|t:|1781382036
|move|p1a: Great Tusk|Stealth Rock|p2a: El Scorcho
|-sidestart|p2: tauros3|move: Stealth Rock
|move|p2a: El Scorcho|Fire Punch|p1a: Great Tusk
|-supereffective|p1a: Great Tusk
|-damage|p1a: Great Tusk|0 fnt
|-damage|p2a: El Scorcho|78/100 brn|[from] item: Rocky Helmet|[of] p1a: Great Tusk
|faint|p1a: Great Tusk
|-end|p1a: Great Tusk|Protosynthesis|[silent]
|
|-damage|p2a: El Scorcho|72/100 brn|[from] brn
|upkeep
|
|t:|1781382041
|switch|p1a: Kingambit|Kingambit, M|100/100
|-activate|p1a: Kingambit|ability: Supreme Overlord
|-start|p1a: Kingambit|fallen2|[silent]
|turn|8
|
|t:|1781382045
|switch|p2a: The Good Life|Ninetales-Alola, M|100/100
|-damage|p2a: The Good Life|76/100|[from] Stealth Rock
|-weather|Snowscape|[from] ability: Snow Warning|[of] p2a: The Good Life
|move|p1a: Kingambit|Iron Head|p2a: The Good Life
|-supereffective|p2a: The Good Life
|-damage|p2a: The Good Life|0 fnt
|faint|p2a: The Good Life
|
|-weather|Snowscape|[upkeep]
|upkeep
|
|t:|1781382050
|switch|p2a: Getchoo|Kyurem|100/100
|-damage|p2a: Getchoo|76/100|[from] Stealth Rock
|-ability|p2a: Getchoo|Pressure
|turn|9
|
|t:|1781382053
|move|p2a: Getchoo|Earth Power|p1a: Kingambit
|-supereffective|p1a: Kingambit
|-damage|p1a: Kingambit|53/100
|move|p1a: Kingambit|Iron Head|p2a: Getchoo
|-supereffective|p2a: Getchoo
|-damage|p2a: Getchoo|0 fnt
|faint|p2a: Getchoo
|
|-weather|Snowscape|[upkeep]
|-heal|p1a: Kingambit|59/100|[from] item: Leftovers
|upkeep
|
|t:|1781382058
|switch|p2a: El Scorcho|Ursaluna, F, tera:Normal|72/100 brn
|-damage|p2a: El Scorcho|59/100 brn|[from] Stealth Rock
|turn|10
|j| blackblurspidey
|
|t:|1781382064
|-end|p1a: Kingambit|fallen2|[silent]
|switch|p1a: Hatterene|Hatterene, F|100/100
|move|p2a: El Scorcho|Facade|p1a: Hatterene
|-damage|p1a: Hatterene|0 fnt
|-damage|p2a: El Scorcho|43/100 brn|[from] item: Rocky Helmet|[of] p1a: Hatterene
|faint|p1a: Hatterene
|
|-weather|Snowscape|[upkeep]
|-damage|p2a: El Scorcho|37/100 brn|[from] brn
|upkeep
|
|t:|1781382068
|switch|p1a: Tornadus|Tornadus-Therian, M|100/100
|turn|11
|
|t:|1781382070
|move|p1a: Tornadus|U-turn|p2a: El Scorcho
|-damage|p2a: El Scorcho|27/100 brn
|
|t:|1781382073
|switch|p1a: Slowking|Slowking-Galar, M|100/100|[from] U-turn
|move|p2a: El Scorcho|Facade|p1a: Slowking
|-damage|p1a: Slowking|0 fnt
|faint|p1a: Slowking
|
|-weather|Snowscape|[upkeep]
|-damage|p2a: El Scorcho|21/100 brn|[from] brn
|upkeep
|
|t:|1781382074
|switch|p1a: Kingambit|Kingambit, M|59/100
|-activate|p1a: Kingambit|ability: Supreme Overlord
|-start|p1a: Kingambit|fallen4|[silent]
|turn|12
|
|t:|1781382076
|move|p1a: Kingambit|Iron Head|p2a: El Scorcho
|-damage|p2a: El Scorcho|0 fnt
|faint|p2a: El Scorcho
|
|-weather|none
|-heal|p1a: Kingambit|65/100|[from] item: Leftovers
|upkeep
|
|t:|1781382079
|switch|p2a: Butterfly|Moltres-Galar|100/100
|-damage|p2a: Butterfly|75/100|[from] Stealth Rock
|turn|13
|
|t:|1781382084
|move|p2a: Butterfly|Fiery Wrath|p1a: Kingambit
|-resisted|p1a: Kingambit
|-damage|p1a: Kingambit|43/100
|cant|p1a: Kingambit|flinch
|
|-heal|p1a: Kingambit|49/100|[from] item: Leftovers
|upkeep
|turn|14
|
|t:|1781382089
|move|p2a: Butterfly|Fiery Wrath|p1a: Kingambit
|-resisted|p1a: Kingambit
|-damage|p1a: Kingambit|28/100
|move|p1a: Kingambit|Iron Head|p2a: Butterfly
|-damage|p2a: Butterfly|0 fnt
|faint|p2a: Butterfly
|
|-heal|p1a: Kingambit|35/100|[from] item: Leftovers
|upkeep
|
|t:|1781382096
|switch|p2a: No Other One|Diancie|100/100
|-damage|p2a: No Other One|88/100|[from] Stealth Rock
|turn|15
|
|t:|1781382098
|move|p1a: Kingambit|Iron Head|p2a: No Other One
|-supereffective|p2a: No Other One
|-damage|p2a: No Other One|0 fnt
|faint|p2a: No Other One
|
|win|deepfriedmagikarp
|raw|deepfriedmagikarp's rating: 1702 &rarr; <strong>1721</strong><br />(+19 for winning)
|raw|tauros3's rating: 1682 &rarr; <strong>1663</strong><br />(-19 for losing)
|l|☆tauros3
|player|p2|
|l| blackblurspidey
|l|☆deepfriedmagikarp
|player|p1|
