|j|☆lolcano46
|j|☆Mr.X&Y97
|t:|1781577672
|gametype|singles
|player|p1|lolcano46|fisherman-gen4|1624
|player|p2|Mr.X&Y97|ingo|1629
|gen|9
|tier|[Gen 9] OU
|rated|
|rule|HP Percentage Mod: HP is shown in percentages
|rule|Endless Battle Clause: Forcing endless battles is banned
|rule|Species Clause: Limit one of each Pokémon
|rule|OHKO Clause: OHKO moves are banned
|rule|Evasion Items Clause: Evasion items are banned
|rule|Evasion Moves Clause: Evasion moves are banned
|rule|Evasion Abilities Clause: Evasion abilities are banned
|rule|Sleep Moves Clause: Sleep-inducing moves are banned
|clearpoke
|poke|p1|Azelf|
|poke|p1|Ogerpon-Wellspring, F|
|poke|p1|Scizor, F|
|poke|p1|Gengar, M|
|poke|p1|Raging Bolt|
|poke|p1|Cinderace, M|
|poke|p2|Regieleki|
|poke|p2|Grafaiai, M|
|poke|p2|Corviknight, F|
|poke|p2|Alomomola, M|
|poke|p2|Gliscor, M|
|poke|p2|Zamazenta-*|
|teampreview
|inactive|Battle timer is ON: inactive players will automatically lose when time's up. (requested by Mr.X&Y97)
|inactive|lolcano46 also wants the timer to be on.
|
|t:|1781577679
|teamsize|p1|6
|teamsize|p2|6
|start
|switch|p1a: Raging Bolt|Raging Bolt|100/100
|switch|p2a: Regieleki|Regieleki|100/100
|-enditem|p1a: Raging Bolt|Booster Energy
|-activate|p1a: Raging Bolt|ability: Protosynthesis|[fromitem]
|-start|p1a: Raging Bolt|protosynthesisspa
|turn|1
|
|t:|1781577683
|move|p2a: Regieleki|Volt Switch|p1a: Raging Bolt
|-resisted|p1a: Raging Bolt
|-damage|p1a: Raging Bolt|85/100
|
|t:|1781577690
|switch|p2a: Gliscor|Gliscor, M|100/100|[from] Volt Switch
|move|p1a: Raging Bolt|Dragon Pulse|p2a: Gliscor
|-damage|p2a: Gliscor|44/100
|
|-status|p2a: Gliscor|tox|[from] item: Toxic Orb
|upkeep
|turn|2
|
|t:|1781577696
|move|p2a: Gliscor|Protect|p2a: Gliscor
|-singleturn|p2a: Gliscor|Protect
|move|p1a: Raging Bolt|Dragon Pulse|p2a: Gliscor
|-activate|p2a: Gliscor|move: Protect
|
|-heal|p2a: Gliscor|57/100 tox|[from] ability: Poison Heal
|upkeep
|turn|3
|
|t:|1781577702
|switch|p2a: Alomomola|Alomomola, M|100/100
|move|p1a: Raging Bolt|Dragon Pulse|p2a: Alomomola
|-damage|p2a: Alomomola|71/100
|
|upkeep
|turn|4
|
|t:|1781577711
|move|p1a: Raging Bolt|Calm Mind|p1a: Raging Bolt
|-boost|p1a: Raging Bolt|spa|1
|-boost|p1a: Raging Bolt|spd|1
|move|p2a: Alomomola|Mirror Coat||[still]
|-fail|p2a: Alomomola
|
|upkeep
|turn|5
|
|t:|1781577740
|move|p1a: Raging Bolt|Thunderbolt|p2a: Alomomola
|-supereffective|p2a: Alomomola
|-damage|p2a: Alomomola|0 fnt
|faint|p2a: Alomomola
|
|upkeep
|inactive|Mr.X&Y97 has 120 seconds left.
|
|t:|1781577757
|switch|p2a: Grafaiai|Grafaiai, M|100/100
|turn|6
|inactive|Mr.X&Y97 has 120 seconds left.
|
|t:|1781577767
|move|p2a: Grafaiai|Encore|p1a: Raging Bolt
|-start|p1a: Raging Bolt|Encore
|move|p1a: Raging Bolt|Thunderbolt|p2a: Grafaiai
|-damage|p2a: Grafaiai|0 fnt
|faint|p2a: Grafaiai
|
|upkeep
|
|t:|1781577769
|switch|p2a: Gliscor|Gliscor, M|57/100 tox
|turn|7
|
|t:|1781577773
|-end|p1a: Raging Bolt|Protosynthesis|[silent]
|switch|p1a: Ogerpon|Ogerpon-Wellspring, F|100/100
|move|p2a: Gliscor|Swords Dance|p2a: Gliscor
|-boost|p2a: Gliscor|atk|2
|
|-heal|p2a: Gliscor|69/100 tox|[from] ability: Poison Heal
|upkeep
|turn|8
|inactive|Mr.X&Y97 has 120 seconds left.
|
|t:|1781577815
|move|p2a: Gliscor|Protect|p2a: Gliscor
|-singleturn|p2a: Gliscor|Protect
|move|p1a: Ogerpon|Ivy Cudgel|p2a: Gliscor|[anim] Ivy Cudgel Water
|-activate|p2a: Gliscor|move: Protect
|
|-heal|p2a: Gliscor|82/100 tox|[from] ability: Poison Heal
|upkeep
|turn|9
|
|t:|1781577825
|-terastallize|p2a: Gliscor|Water
|move|p1a: Ogerpon|Ivy Cudgel|p2a: Gliscor|[anim] Ivy Cudgel Water
|-resisted|p2a: Gliscor
|-damage|p2a: Gliscor|58/100 tox
|move|p2a: Gliscor|Knock Off|p1a: Ogerpon
|-damage|p1a: Ogerpon|65/100
|
|-heal|p2a: Gliscor|70/100 tox|[from] ability: Poison Heal
|upkeep
|turn|10
|
|t:|1781577830
|move|p2a: Gliscor|Protect|p2a: Gliscor
|-singleturn|p2a: Gliscor|Protect
|move|p1a: Ogerpon|Horn Leech|p2a: Gliscor
|-activate|p2a: Gliscor|move: Protect
|
|-heal|p2a: Gliscor|83/100 tox|[from] ability: Poison Heal
|upkeep
|turn|11
|
|t:|1781577833
|switch|p2a: Corviknight|Corviknight, F|100/100
|-ability|p2a: Corviknight|Pressure
|move|p1a: Ogerpon|Horn Leech|p2a: Corviknight
|-resisted|p2a: Corviknight
|-damage|p2a: Corviknight|93/100
|-heal|p1a: Ogerpon|71/100|[from] drain|[of] p2a: Corviknight
|-damage|p1a: Ogerpon|54/100|[from] item: Rocky Helmet|[of] p2a: Corviknight
|
|upkeep
|turn|12
|
|t:|1781577841
|switch|p1a: Raging Bolt|Raging Bolt|85/100
|move|p2a: Corviknight|U-turn|p1a: Raging Bolt
|-damage|p1a: Raging Bolt|72/100
|
|t:|1781577844
|switch|p2a: Zamazenta|Zamazenta|100/100|[from] U-turn
|-ability|p2a: Zamazenta|Dauntless Shield|boost
|-boost|p2a: Zamazenta|def|1
|
|upkeep
|turn|13
|
|t:|1781577850
|move|p2a: Zamazenta|Close Combat|p1a: Raging Bolt
|-damage|p1a: Raging Bolt|13/100
|-unboost|p2a: Zamazenta|def|1
|-unboost|p2a: Zamazenta|spd|1
|move|p1a: Raging Bolt|Thunderbolt|p2a: Zamazenta
|-damage|p2a: Zamazenta|19/100
|
|upkeep
|turn|14
|
|t:|1781577862
|move|p2a: Zamazenta|Close Combat|p1a: Raging Bolt
|-damage|p1a: Raging Bolt|0 fnt
|-unboost|p2a: Zamazenta|def|1
|-unboost|p2a: Zamazenta|spd|1
|faint|p1a: Raging Bolt
|-end|p1a: Raging Bolt|Protosynthesis|[silent]
|
|upkeep
|
|t:|1781577867
|switch|p1a: Scizor|Scizor, F|100/100
|turn|15
|
|t:|1781577870
|move|p1a: Scizor|Bullet Punch|p2a: Zamazenta
|-damage|p2a: Zamazenta|0 fnt
|faint|p2a: Zamazenta
|
|upkeep
|
|t:|1781577872
|switch|p2a: Corviknight|Corviknight, F|93/100
|-ability|p2a: Corviknight|Pressure
|turn|16
|
|t:|1781577875
|move|p1a: Scizor|Swords Dance|p1a: Scizor
|-boost|p1a: Scizor|atk|2
|move|p2a: Corviknight|Brave Bird|p1a: Scizor
|-damage|p1a: Scizor|63/100
|-damage|p2a: Corviknight|83/100|[from] Recoil
|
|upkeep
|turn|17
|
|t:|1781577877
|move|p1a: Scizor|Knock Off|p2a: Corviknight
|-damage|p2a: Corviknight|38/100
|-damage|p1a: Scizor|47/100|[from] item: Rocky Helmet|[of] p2a: Corviknight
|-enditem|p2a: Corviknight|Rocky Helmet|[from] move: Knock Off|[of] p1a: Scizor
|move|p2a: Corviknight|Brave Bird|p1a: Scizor
|-damage|p1a: Scizor|5/100
|-damage|p2a: Corviknight|27/100|[from] Recoil
|
|upkeep
|turn|18
|
|t:|1781577880
|move|p1a: Scizor|Close Combat|p2a: Corviknight
|-damage|p2a: Corviknight|0 fnt
|-unboost|p1a: Scizor|def|1
|-unboost|p1a: Scizor|spd|1
|faint|p2a: Corviknight
|
|upkeep
|
|t:|1781577883
|switch|p2a: Gliscor|Gliscor, M, tera:Water|83/100 tox
|turn|19
|
|t:|1781577888
|switch|p1a: Ogerpon|Ogerpon-Wellspring, F|54/100
|move|p2a: Gliscor|Earthquake|p1a: Ogerpon
|-resisted|p1a: Ogerpon
|-damage|p1a: Ogerpon|32/100
|
|-heal|p2a: Gliscor|95/100 tox|[from] ability: Poison Heal
|upkeep
|turn|20
|
|t:|1781577892
|move|p2a: Gliscor|Protect|p2a: Gliscor
|-singleturn|p2a: Gliscor|Protect
|move|p1a: Ogerpon|Horn Leech|p2a: Gliscor
|-activate|p2a: Gliscor|move: Protect
|
|-heal|p2a: Gliscor|100/100 tox|[from] ability: Poison Heal
|upkeep
|turn|21
|
|t:|1781577905
|move|p1a: Ogerpon|Horn Leech|p2a: Gliscor
|-supereffective|p2a: Gliscor
|-damage|p2a: Gliscor|24/100 tox
|-heal|p1a: Ogerpon|77/100|[from] drain|[of] p2a: Gliscor
|move|p2a: Gliscor|Knock Off|p1a: Ogerpon
|-damage|p1a: Ogerpon|57/100
|
|-heal|p2a: Gliscor|36/100 tox|[from] ability: Poison Heal
|upkeep
|turn|22
|
|t:|1781577922
|move|p1a: Ogerpon|Horn Leech|p2a: Gliscor
|-supereffective|p2a: Gliscor
|-damage|p2a: Gliscor|0 fnt
|-heal|p1a: Ogerpon|78/100|[from] drain|[of] p2a: Gliscor
|faint|p2a: Gliscor
|
|upkeep
|
|t:|1781577923
|switch|p2a: Regieleki|Regieleki|100/100
|turn|23
|
|t:|1781577926
|move|p2a: Regieleki|Thunderbolt|p1a: Ogerpon
|-damage|p1a: Ogerpon|0 fnt
|faint|p1a: Ogerpon
|
|upkeep
|
|t:|1781577930
|switch|p1a: Scizor|Scizor, F|5/100
|turn|24
|
|t:|1781577932
|move|p1a: Scizor|Bullet Punch|p2a: Regieleki
|-resisted|p2a: Regieleki
|-damage|p2a: Regieleki|67/100
|move|p2a: Regieleki|Thunderbolt|p1a: Scizor
|-damage|p1a: Scizor|0 fnt
|faint|p1a: Scizor
|
|upkeep
|
|t:|1781577937
|switch|p1a: Cinderace|Cinderace, M|100/100
|turn|25
|
|t:|1781577939
|move|p1a: Cinderace|Sucker Punch|p2a: Regieleki
|-start|p1a: Cinderace|typechange|Dark|[from] ability: Libero
|-damage|p2a: Regieleki|3/100
|move|p2a: Regieleki|Thunderbolt|p1a: Cinderace
|-damage|p1a: Cinderace|0 fnt
|faint|p1a: Cinderace
|
|upkeep
|
|t:|1781577942
|switch|p1a: Gengar|Gengar, M|100/100
|turn|26
|
|t:|1781577946
|move|p1a: Gengar|Sludge Bomb|p2a: Regieleki
|-crit|p2a: Regieleki
|-damage|p2a: Regieleki|0 fnt
|faint|p2a: Regieleki
|
|win|lolcano46
|raw|lolcano46's rating: 1624 &rarr; <strong>1644</strong><br />(+20 for winning)
|raw|Mr.X&amp;Y97's rating: 1629 &rarr; <strong>1609</strong><br />(-20 for losing)
|l|☆Mr.X&Y97
|player|p2|
|l|☆lolcano46
|player|p1|
