|j|☆MonkeyWaters
|j|☆n5v
|t:|1780938913
|gametype|singles
|player|p1|MonkeyWaters|unknownf|1554
|player|p2|n5v|leon-masters|1644
|gen|9
|tier|[Gen 9] OU
|rated|
|rule|HP Percentage Mod: HP is shown in percentages
|rule|Endless Battle Clause: Forcing endless battles is banned
|rule|Species Clause: Limit one of each Pokémon
|rule|OHKO Clause: OHKO moves are banned
|rule|Evasion Items Clause: Evasion items are banned
|rule|Evasion Moves Clause: Evasion moves are banned
|rule|Evasion Abilities Clause: Evasion abilities are banned
|rule|Sleep Moves Clause: Sleep-inducing moves are banned
|clearpoke
|poke|p1|Primarina, M|
|poke|p1|Landorus-Therian, M|
|poke|p1|Kyurem|
|poke|p1|Cinderace, M|
|poke|p1|Kingambit, F|
|poke|p1|Regieleki|
|poke|p2|Raging Bolt|
|poke|p2|Iron Crown|
|poke|p2|Rillaboom, F|
|poke|p2|Enamorus, F|
|poke|p2|Great Tusk|
|poke|p2|Pecharunt|
|teampreview
|inactive|Battle timer is ON: inactive players will automatically lose when time's up. (requested by MonkeyWaters)
|c|☆n5v|glhf
|
|t:|1780938942
|teamsize|p1|6
|teamsize|p2|6
|start
|switch|p1a: Cinderace|Cinderace, M|100/100
|switch|p2a: cheap tusk|Great Tusk|100/100
|turn|1
|c|☆MonkeyWaters|u2
|
|t:|1780938958
|move|p1a: Cinderace|U-turn|p2a: cheap tusk
|-start|p1a: Cinderace|typechange|Bug|[from] ability: Libero
|-resisted|p2a: cheap tusk
|-damage|p2a: cheap tusk|90/100
|-damage|p1a: Cinderace|84/100|[from] item: Rocky Helmet|[of] p2a: cheap tusk
|
|t:|1780938964
|switch|p1a: Primarina|Primarina, M|100/100|[from] U-turn
|move|p2a: cheap tusk|Stealth Rock|p1a: Primarina
|-sidestart|p1: MonkeyWaters|move: Stealth Rock
|
|upkeep
|turn|2
|
|t:|1780938968
|-end|p2a: cheap tusk|Protosynthesis|[silent]
|switch|p2a: letachyon|Iron Crown|100/100
|move|p1a: Primarina|Moonblast|p2a: letachyon
|-resisted|p2a: letachyon
|-damage|p2a: letachyon|84/100
|-unboost|p2a: letachyon|spa|1
|
|upkeep
|turn|3
|
|t:|1780938972
|move|p2a: letachyon|Psychic Noise|p1a: Primarina
|-damage|p1a: Primarina|86/100
|-start|p1a: Primarina|move: Heal Block
|move|p1a: Primarina|Surf|p2a: letachyon
|-damage|p2a: letachyon|52/100
|
|upkeep
|turn|4
|
|t:|1780938976
|move|p2a: letachyon|Volt Switch|p1a: Primarina
|-supereffective|p1a: Primarina
|-damage|p1a: Primarina|67/100
|
|t:|1780938980
|-end|p2a: letachyon|Quark Drive|[silent]
|switch|p2a: goobing bolt|Raging Bolt|100/100|[from] Volt Switch
|move|p1a: Primarina|Surf|p2a: goobing bolt
|-resisted|p2a: goobing bolt
|-damage|p2a: goobing bolt|77/100
|
|-end|p1a: Primarina|move: Heal Block
|upkeep
|turn|5
|inactive|MonkeyWaters has 120 seconds left.
|
|t:|1780939015
|switch|p1a: Landorus|Landorus-Therian, M|100/100
|-damage|p1a: Landorus|88/100|[from] Stealth Rock
|-ability|p1a: Landorus|Intimidate|boost
|-unboost|p2a: goobing bolt|atk|1
|move|p2a: goobing bolt|Draco Meteor|p1a: Landorus
|-crit|p1a: Landorus
|-damage|p1a: Landorus|0 fnt
|-unboost|p2a: goobing bolt|spa|2
|faint|p1a: Landorus
|
|upkeep
|inactive|MonkeyWaters has 120 seconds left.
|c|☆n5v|mb
|
|t:|1780939027
|switch|p1a: Regieleki|Regieleki|100/100
|turn|6
|
|t:|1780939032
|move|p1a: Regieleki|Thunderbolt|p2a: goobing bolt
|-resisted|p2a: goobing bolt
|-damage|p2a: goobing bolt|65/100
|move|p2a: goobing bolt|Draco Meteor|p1a: Regieleki
|-damage|p1a: Regieleki|0 fnt
|-unboost|p2a: goobing bolt|spa|2
|faint|p1a: Regieleki
|
|upkeep
|
|t:|1780939036
|switch|p1a: Kyurem|Kyurem|100/100
|-damage|p1a: Kyurem|76/100|[from] Stealth Rock
|-ability|p1a: Kyurem|Pressure
|turn|7
|c|☆n5v|I lied im specs
|
|t:|1780939046
|-end|p2a: goobing bolt|Protosynthesis|[silent]
|switch|p2a: letachyon|Iron Crown|52/100
|move|p1a: Kyurem|Dragon Dance|p1a: Kyurem
|-boost|p1a: Kyurem|atk|1
|-boost|p1a: Kyurem|spe|1
|
|upkeep
|turn|8
|
|t:|1780939050
|move|p1a: Kyurem|Earth Power|p2a: letachyon
|-supereffective|p2a: letachyon
|-damage|p2a: letachyon|17/100
|move|p2a: letachyon|Tachyon Cutter|p1a: Kyurem
|-supereffective|p1a: Kyurem
|-damage|p1a: Kyurem|32/100
|-supereffective|p1a: Kyurem
|-damage|p1a: Kyurem|0 fnt
|faint|p1a: Kyurem
|-hitcount|p1: Kyurem|2
|
|upkeep
|-message|MonkeyWaters forfeited.
|
|win|n5v
|raw|MonkeyWaters's rating: 1554 &rarr; <strong>1539</strong><br />(-15 for losing)
|raw|n5v's rating: 1644 &rarr; <strong>1659</strong><br />(+15 for winning)
|l|☆MonkeyWaters
|player|p1|
|c|☆n5v|gg
