|j|‽jus4funsies
|j|☆maddie_from_arcane
|t:|1781593040
|gametype|singles
|player|p1|jus4funsies|teamrocket|1551
|player|p2|maddie_from_arcane|battlegirl-gen4|1519
|gen|9
|tier|[Gen 9] OU
|rated|
|rule|HP Percentage Mod: HP is shown in percentages
|rule|Endless Battle Clause: Forcing endless battles is banned
|rule|Species Clause: Limit one of each Pokémon
|rule|OHKO Clause: OHKO moves are banned
|rule|Evasion Items Clause: Evasion items are banned
|rule|Evasion Moves Clause: Evasion moves are banned
|rule|Evasion Abilities Clause: Evasion abilities are banned
|rule|Sleep Moves Clause: Sleep-inducing moves are banned
|clearpoke
|poke|p1|Samurott-Hisui, F|
|poke|p1|Gholdengo|
|poke|p1|Great Tusk|
|poke|p1|Dragonite, M|
|poke|p1|Raging Bolt|
|poke|p1|Kingambit, M|
|poke|p2|Crawdaunt, F|
|poke|p2|Gliscor, M|
|poke|p2|Garganacl, M|
|poke|p2|Slither Wing|
|poke|p2|Darkrai|
|poke|p2|Iron Valiant|
|teampreview
|inactive|Battle timer is ON: inactive players will automatically lose when time's up. (requested by maddie_from_arcane)
|
|t:|1781593046
|teamsize|p1|6
|teamsize|p2|6
|start
|switch|p1a: Samurott|Samurott-Hisui, F|100/100
|switch|p2a: moth mami|Slither Wing|100/100
|turn|1
|j| Concept Everything
|
|t:|1781593049
|move|p1a: Samurott|Ceaseless Edge|p2a: moth mami
|-resisted|p2a: moth mami
|-damage|p2a: moth mami|84/100
|-sidestart|p2: maddie_from_arcane|Spikes
|move|p2a: moth mami|U-turn|p1a: Samurott
|-supereffective|p1a: Samurott
|-damage|p1a: Samurott|18/100
|
|t:|1781593057
|-end|p2a: moth mami|Protosynthesis|[silent]
|switch|p2a: knocked by james|Gliscor, M|100/100|[from] U-turn
|
|-status|p2a: knocked by james|tox|[from] item: Toxic Orb
|upkeep
|turn|2
|
|t:|1781593061
|move|p1a: Samurott|Ceaseless Edge|p2a: knocked by james
|-crit|p2a: knocked by james
|-damage|p2a: knocked by james|46/100 tox
|-sidestart|p2: maddie_from_arcane|Spikes
|move|p2a: knocked by james|Stealth Rock|p1a: Samurott
|-sidestart|p1: jus4funsies|move: Stealth Rock
|
|-heal|p2a: knocked by james|58/100 tox|[from] ability: Poison Heal
|upkeep
|turn|3
|
|t:|1781593066
|move|p1a: Samurott|Razor Shell|p2a: knocked by james
|-supereffective|p2a: knocked by james
|-damage|p2a: knocked by james|0 fnt
|faint|p2a: knocked by james
|
|upkeep
|
|t:|1781593069
|switch|p2a: moth mami|Slither Wing|84/100
|turn|4
|
|t:|1781593077
|move|p2a: moth mami|First Impression|p1a: Samurott
|-supereffective|p1a: Samurott
|-damage|p1a: Samurott|0 fnt
|faint|p1a: Samurott
|
|upkeep
|
|t:|1781593080
|switch|p1a: Great Tusk|Great Tusk|100/100
|turn|5
|
|t:|1781593084
|move|p1a: Great Tusk|Rapid Spin|p2a: moth mami
|-damage|p2a: moth mami|69/100
|-boost|p1a: Great Tusk|spe|1
|-sideend|p1: jus4funsies|Stealth Rock|[from] move: Rapid Spin|[of] p1a: Great Tusk
|move|p2a: moth mami|Will-O-Wisp|p1a: Great Tusk
|-status|p1a: Great Tusk|brn
|
|-damage|p1a: Great Tusk|94/100 brn|[from] brn
|upkeep
|turn|6
|
|t:|1781593089
|move|p1a: Great Tusk|Stealth Rock|p2a: moth mami
|-sidestart|p2: maddie_from_arcane|move: Stealth Rock
|move|p2a: moth mami|Morning Sun|p2a: moth mami
|-heal|p2a: moth mami|100/100
|
|-damage|p1a: Great Tusk|88/100 brn|[from] brn
|upkeep
|turn|7
|
|t:|1781593096
|move|p1a: Great Tusk|Ice Spinner|p2a: moth mami
|-damage|p2a: moth mami|89/100
|move|p2a: moth mami|Will-O-Wisp|p1a: Great Tusk
|-fail|p1a: Great Tusk|brn
|
|-damage|p1a: Great Tusk|82/100 brn|[from] brn
|upkeep
|turn|8
|
|t:|1781593112
|move|p1a: Great Tusk|Ice Spinner|p2a: moth mami
|-damage|p2a: moth mami|78/100
|move|p2a: moth mami|U-turn|p1a: Great Tusk
|-resisted|p1a: Great Tusk
|-damage|p1a: Great Tusk|71/100 brn
|
|t:|1781593114
|-end|p2a: moth mami|Protosynthesis|[silent]
|switch|p2a: krampus|Darkrai|100/100|[from] U-turn
|
|-damage|p1a: Great Tusk|64/100 brn|[from] brn
|upkeep
|turn|9
|
|t:|1781593118
|-end|p1a: Great Tusk|Protosynthesis|[silent]
|switch|p1a: Kingambit|Kingambit, M, shiny|100/100
|-activate|p1a: Kingambit|ability: Supreme Overlord
|-start|p1a: Kingambit|fallen1|[silent]
|switch|p2a: moth mami|Slither Wing|78/100
|
|upkeep
|turn|10
|
|t:|1781593127
|-end|p1a: Kingambit|fallen1|[silent]
|switch|p1a: Great Tusk|Great Tusk|64/100 brn
|move|p2a: moth mami|U-turn|p1a: Great Tusk
|-resisted|p1a: Great Tusk
|-damage|p1a: Great Tusk|53/100 brn
|
|t:|1781593130
|-end|p2a: moth mami|Protosynthesis|[silent]
|switch|p2a: krampus|Darkrai|100/100|[from] U-turn
|
|-damage|p1a: Great Tusk|47/100 brn|[from] brn
|upkeep
|turn|11
|
|t:|1781593137
|-end|p1a: Great Tusk|Protosynthesis|[silent]
|switch|p1a: Kingambit|Kingambit, M, shiny|100/100
|-activate|p1a: Kingambit|ability: Supreme Overlord
|-start|p1a: Kingambit|fallen1|[silent]
|move|p2a: krampus|Ice Beam|p1a: Kingambit
|-resisted|p1a: Kingambit
|-damage|p1a: Kingambit|83/100
|
|upkeep
|turn|12
|
|t:|1781593141
|move|p2a: krampus|Knock Off|p1a: Kingambit
|-resisted|p1a: Kingambit
|-damage|p1a: Kingambit|70/100
|-enditem|p1a: Kingambit|Black Glasses|[from] move: Knock Off|[of] p2a: krampus
|move|p1a: Kingambit|Iron Head|p2a: krampus
|-damage|p2a: krampus|18/100
|
|upkeep
|turn|13
|
|t:|1781593146
|switch|p2a: moth mami|Slither Wing|78/100
|move|p1a: Kingambit|Iron Head|p2a: moth mami
|-damage|p2a: moth mami|40/100
|
|upkeep
|turn|14
|
|t:|1781593151
|-end|p1a: Kingambit|fallen1|[silent]
|switch|p1a: Great Tusk|Great Tusk|47/100 brn
|move|p2a: moth mami|Morning Sun|p2a: moth mami
|-heal|p2a: moth mami|90/100
|
|-damage|p1a: Great Tusk|40/100 brn|[from] brn
|upkeep
|turn|15
|
|t:|1781593156
|move|p1a: Great Tusk|Ice Spinner|p2a: moth mami
|-damage|p2a: moth mami|79/100
|move|p2a: moth mami|U-turn|p1a: Great Tusk
|-resisted|p1a: Great Tusk
|-damage|p1a: Great Tusk|30/100 brn
|
|t:|1781593158
|-end|p2a: moth mami|Protosynthesis|[silent]
|switch|p2a: krampus|Darkrai|18/100|[from] U-turn
|
|-damage|p1a: Great Tusk|23/100 brn|[from] brn
|upkeep
|turn|16
|
|t:|1781593162
|move|p2a: krampus|Ice Beam|p1a: Great Tusk
|-supereffective|p1a: Great Tusk
|-damage|p1a: Great Tusk|0 fnt
|faint|p1a: Great Tusk
|-end|p1a: Great Tusk|Protosynthesis|[silent]
|
|upkeep
|
|t:|1781593166
|switch|p1a: Kingambit|Kingambit, M, shiny|70/100
|-activate|p1a: Kingambit|ability: Supreme Overlord
|-start|p1a: Kingambit|fallen2|[silent]
|turn|17
|
|t:|1781593172
|switch|p2a: moth mami|Slither Wing|79/100
|move|p1a: Kingambit|Iron Head|p2a: moth mami
|-damage|p2a: moth mami|36/100
|
|upkeep
|turn|18
|
|t:|1781593178
|-end|p1a: Kingambit|fallen2|[silent]
|switch|p1a: Gholdengo|Gholdengo|100/100
|-item|p1a: Gholdengo|Air Balloon
|move|p2a: moth mami|Will-O-Wisp|p1a: Gholdengo
|-immune|p1a: Gholdengo|[from] ability: Good as Gold
|
|upkeep
|turn|19
|j| hattybatty304
|
|t:|1781593188
|move|p1a: Gholdengo|Make It Rain|p2a: moth mami
|-damage|p2a: moth mami|0 fnt
|-unboost|p1a: Gholdengo|spa|1
|faint|p2a: moth mami
|-end|p2a: moth mami|Protosynthesis|[silent]
|
|upkeep
|
|t:|1781593192
|switch|p2a: krampus|Darkrai|18/100
|turn|20
|l| hattybatty304
|
|t:|1781593197
|switch|p2a: PICKUPDAPHONE|Crawdaunt, F|100/100
|-damage|p2a: PICKUPDAPHONE|84/100|[from] Spikes
|-damage|p2a: PICKUPDAPHONE|72/100|[from] Stealth Rock
|switch|p1a: Kingambit|Kingambit, M, shiny|70/100
|-activate|p1a: Kingambit|ability: Supreme Overlord
|-start|p1a: Kingambit|fallen2|[silent]
|
|upkeep
|turn|21
|
|t:|1781593208
|-end|p1a: Kingambit|fallen2|[silent]
|switch|p1a: Raging Bolt|Raging Bolt|100/100
|-enditem|p1a: Raging Bolt|Booster Energy
|-activate|p1a: Raging Bolt|ability: Protosynthesis|[fromitem]
|-start|p1a: Raging Bolt|protosynthesisspa
|move|p2a: PICKUPDAPHONE|Crabhammer|p1a: Raging Bolt
|-resisted|p1a: Raging Bolt
|-damage|p1a: Raging Bolt|48/100
|
|upkeep
|turn|22
|
|t:|1781593220
|move|p1a: Raging Bolt|Thunderbolt|p2a: PICKUPDAPHONE
|-supereffective|p2a: PICKUPDAPHONE
|-damage|p2a: PICKUPDAPHONE|0 fnt
|faint|p2a: PICKUPDAPHONE
|
|upkeep
|
|t:|1781593227
|switch|p2a: krampus|Darkrai|18/100
|turn|23
|
|t:|1781593230
|switch|p2a: forever a png|Iron Valiant|100/100
|move|p1a: Raging Bolt|Thunderclap||[still]
|-fail|p1a: Raging Bolt
|
|upkeep
|turn|24
|
|t:|1781593232
|move|p1a: Raging Bolt|Thunderclap||[still]
|-fail|p1a: Raging Bolt
|move|p2a: forever a png|Encore|p1a: Raging Bolt
|-start|p1a: Raging Bolt|Encore
|
|upkeep
|turn|25
|
|t:|1781593238
|-end|p2a: forever a png|Quark Drive|[silent]
|switch|p2a: setup sleeper|Garganacl, M|100/100
|-damage|p2a: setup sleeper|84/100|[from] Spikes
|-damage|p2a: setup sleeper|72/100|[from] Stealth Rock
|-end|p1a: Raging Bolt|Protosynthesis|[silent]
|switch|p1a: Gholdengo|Gholdengo|100/100
|-item|p1a: Gholdengo|Air Balloon
|
|-heal|p2a: setup sleeper|78/100|[from] item: Leftovers
|upkeep
|turn|26
|
|t:|1781593256
|-terastallize|p2a: setup sleeper|Water
|move|p1a: Gholdengo|Make It Rain|p2a: setup sleeper
|-resisted|p2a: setup sleeper
|-damage|p2a: setup sleeper|55/100
|-unboost|p1a: Gholdengo|spa|1
|move|p2a: setup sleeper|Salt Cure|p1a: Gholdengo
|-resisted|p1a: Gholdengo
|-damage|p1a: Gholdengo|93/100
|-start|p1a: Gholdengo|Salt Cure
|-enditem|p1a: Gholdengo|Air Balloon
|
|-heal|p2a: setup sleeper|62/100|[from] item: Leftovers
|-damage|p1a: Gholdengo|68/100|[from] Salt Cure
|upkeep
|turn|27
|
|t:|1781593264
|switch|p1a: Raging Bolt|Raging Bolt|48/100
|move|p2a: setup sleeper|Salt Cure|p1a: Raging Bolt
|-damage|p1a: Raging Bolt|34/100
|-start|p1a: Raging Bolt|Salt Cure
|
|-heal|p2a: setup sleeper|68/100|[from] item: Leftovers
|-damage|p1a: Raging Bolt|22/100|[from] Salt Cure
|upkeep
|turn|28
|
|t:|1781593279
|switch|p2a: krampus|Darkrai|18/100
|move|p1a: Raging Bolt|Thunderbolt|p2a: krampus
|-damage|p2a: krampus|0 fnt
|faint|p2a: krampus
|
|-damage|p1a: Raging Bolt|9/100|[from] Salt Cure
|upkeep
|
|t:|1781593284
|switch|p2a: forever a png|Iron Valiant|100/100
|turn|29
|
|t:|1781593296
|move|p2a: forever a png|Moonblast|p1a: Raging Bolt
|-supereffective|p1a: Raging Bolt
|-damage|p1a: Raging Bolt|0 fnt
|faint|p1a: Raging Bolt
|-end|p1a: Raging Bolt|Protosynthesis|[silent]
|
|upkeep
|
|t:|1781593304
|switch|p1a: Gholdengo|Gholdengo|68/100
|turn|30
|
|t:|1781593307
|move|p2a: forever a png|Knock Off|p1a: Gholdengo
|-supereffective|p1a: Gholdengo
|-damage|p1a: Gholdengo|18/100
|move|p1a: Gholdengo|Make It Rain|p2a: forever a png
|-supereffective|p2a: forever a png
|-damage|p2a: forever a png|0 fnt
|-unboost|p1a: Gholdengo|spa|1
|faint|p2a: forever a png
|-end|p2a: forever a png|Quark Drive|[silent]
|
|upkeep
|
|t:|1781593309
|switch|p2a: setup sleeper|Garganacl, M, tera:Water|68/100
|-damage|p2a: setup sleeper|51/100|[from] Spikes
|-damage|p2a: setup sleeper|39/100|[from] Stealth Rock
|turn|31
|
|t:|1781593323
|move|p1a: Gholdengo|Recover|p1a: Gholdengo
|-heal|p1a: Gholdengo|69/100
|move|p2a: setup sleeper|Curse|p2a: setup sleeper
|-unboost|p2a: setup sleeper|spe|1
|-boost|p2a: setup sleeper|atk|1
|-boost|p2a: setup sleeper|def|1
|
|-heal|p2a: setup sleeper|45/100|[from] item: Leftovers
|upkeep
|turn|32
|
|t:|1781593332
|move|p1a: Gholdengo|Nasty Plot|p1a: Gholdengo
|-boost|p1a: Gholdengo|spa|2
|move|p2a: setup sleeper|Recover|p2a: setup sleeper
|-heal|p2a: setup sleeper|95/100
|
|-heal|p2a: setup sleeper|100/100|[from] item: Leftovers
|upkeep
|turn|33
|
|t:|1781593356
|-terastallize|p1a: Gholdengo|Flying
|move|p1a: Gholdengo|Nasty Plot|p1a: Gholdengo
|-boost|p1a: Gholdengo|spa|2
|move|p2a: setup sleeper|Earthquake|p1a: Gholdengo
|-immune|p1a: Gholdengo
|
|upkeep
|turn|34
|
|t:|1781593372
|move|p1a: Gholdengo|Make It Rain|p2a: setup sleeper
|-resisted|p2a: setup sleeper
|-damage|p2a: setup sleeper|44/100
|-unboost|p1a: Gholdengo|spa|1
|move|p2a: setup sleeper|Salt Cure|p1a: Gholdengo
|-supereffective|p1a: Gholdengo
|-damage|p1a: Gholdengo|27/100
|-start|p1a: Gholdengo|Salt Cure
|
|-heal|p2a: setup sleeper|50/100|[from] item: Leftovers
|-damage|p1a: Gholdengo|15/100|[from] Salt Cure
|upkeep
|turn|35
|
|t:|1781593379
|move|p1a: Gholdengo|Make It Rain|p2a: setup sleeper
|-resisted|p2a: setup sleeper
|-damage|p2a: setup sleeper|12/100
|-unboost|p1a: Gholdengo|spa|1
|move|p2a: setup sleeper|Recover|p2a: setup sleeper
|-heal|p2a: setup sleeper|62/100
|
|-heal|p2a: setup sleeper|68/100|[from] item: Leftovers
|-damage|p1a: Gholdengo|2/100|[from] Salt Cure
|upkeep
|turn|36
|
|t:|1781593383
|move|p1a: Gholdengo|Recover|p1a: Gholdengo
|-heal|p1a: Gholdengo|53/100
|move|p2a: setup sleeper|Recover|p2a: setup sleeper
|-heal|p2a: setup sleeper|100/100
|
|-damage|p1a: Gholdengo|40/100|[from] Salt Cure
|upkeep
|turn|37
|
|t:|1781593388
|move|p1a: Gholdengo|Recover|p1a: Gholdengo
|-heal|p1a: Gholdengo|90/100
|move|p2a: setup sleeper|Salt Cure|p1a: Gholdengo
|-supereffective|p1a: Gholdengo
|-damage|p1a: Gholdengo|44/100
|
|-damage|p1a: Gholdengo|32/100|[from] Salt Cure
|upkeep
|turn|38
|
|t:|1781593391
|move|p1a: Gholdengo|Make It Rain|p2a: setup sleeper
|-resisted|p2a: setup sleeper
|-damage|p2a: setup sleeper|71/100
|-unboost|p1a: Gholdengo|spa|1
|move|p2a: setup sleeper|Curse|p2a: setup sleeper
|-unboost|p2a: setup sleeper|spe|1
|-boost|p2a: setup sleeper|atk|1
|-boost|p2a: setup sleeper|def|1
|
|-heal|p2a: setup sleeper|77/100|[from] item: Leftovers
|-damage|p1a: Gholdengo|20/100|[from] Salt Cure
|upkeep
|turn|39
|
|t:|1781593394
|move|p1a: Gholdengo|Make It Rain|p2a: setup sleeper
|-resisted|p2a: setup sleeper
|-damage|p2a: setup sleeper|54/100
|-unboost|p1a: Gholdengo|spa|1
|move|p2a: setup sleeper|Salt Cure|p1a: Gholdengo
|-supereffective|p1a: Gholdengo
|-damage|p1a: Gholdengo|0 fnt
|faint|p1a: Gholdengo
|
|-heal|p2a: setup sleeper|61/100|[from] item: Leftovers
|upkeep
|
|t:|1781593404
|switch|p1a: Dragonite|Dragonite, M|100/100
|turn|40
|
|t:|1781593406
|move|p1a: Dragonite|Dragon Dance|p1a: Dragonite
|-boost|p1a: Dragonite|atk|1
|-boost|p1a: Dragonite|spe|1
|move|p2a: setup sleeper|Salt Cure|p1a: Dragonite
|-supereffective|p1a: Dragonite
|-damage|p1a: Dragonite|70/100
|-start|p1a: Dragonite|Salt Cure
|
|-heal|p2a: setup sleeper|67/100|[from] item: Leftovers
|-damage|p1a: Dragonite|57/100|[from] Salt Cure
|upkeep
|turn|41
|
|t:|1781593411
|move|p1a: Dragonite|Roost|p1a: Dragonite
|-heal|p1a: Dragonite|100/100
|-singleturn|p1a: Dragonite|move: Roost
|move|p2a: setup sleeper|Salt Cure|p1a: Dragonite
|-damage|p1a: Dragonite|86/100
|
|-heal|p2a: setup sleeper|73/100|[from] item: Leftovers
|-damage|p1a: Dragonite|73/100|[from] Salt Cure
|upkeep
|turn|42
|
|t:|1781593420
|move|p1a: Dragonite|Earthquake|p2a: setup sleeper
|-damage|p2a: setup sleeper|54/100
|move|p2a: setup sleeper|Salt Cure|p1a: Dragonite
|-supereffective|p1a: Dragonite
|-damage|p1a: Dragonite|8/100
|
|-heal|p2a: setup sleeper|60/100|[from] item: Leftovers
|-damage|p1a: Dragonite|0 fnt|[from] Salt Cure
|faint|p1a: Dragonite
|upkeep
|
|t:|1781593424
|switch|p1a: Kingambit|Kingambit, M, shiny|70/100
|-activate|p1a: Kingambit|ability: Supreme Overlord
|-start|p1a: Kingambit|fallen5|[silent]
|turn|43
|
|t:|1781593436
|move|p1a: Kingambit|Iron Head|p2a: setup sleeper
|-resisted|p2a: setup sleeper
|-damage|p2a: setup sleeper|48/100
|move|p2a: setup sleeper|Earthquake|p1a: Kingambit
|-supereffective|p1a: Kingambit
|-damage|p1a: Kingambit|0 fnt
|faint|p1a: Kingambit
|-end|p1a: Kingambit|fallen5|[silent]
|
|win|maddie_from_arcane
|raw|jus4funsies's rating: 1551 &rarr; <strong>1529</strong><br />(-22 for losing)
|raw|maddie_from_arcane's rating: 1519 &rarr; <strong>1541</strong><br />(+22 for winning)
|l|☆maddie_from_arcane
|player|p2|
|l|‽jus4funsies
|player|p1|
