|j|☆psylxr
|j|☆lemontheheavens
|t:|1780970992
|gametype|singles
|player|p1|psylxr|1|1729
|player|p2|lemontheheavens|266|1645
|gen|9
|tier|[Gen 9] OU
|rated|
|rule|HP Percentage Mod: HP is shown in percentages
|rule|Endless Battle Clause: Forcing endless battles is banned
|rule|Species Clause: Limit one of each Pokémon
|rule|OHKO Clause: OHKO moves are banned
|rule|Evasion Items Clause: Evasion items are banned
|rule|Evasion Moves Clause: Evasion moves are banned
|rule|Evasion Abilities Clause: Evasion abilities are banned
|rule|Sleep Moves Clause: Sleep-inducing moves are banned
|clearpoke
|poke|p1|Pelipper, F|
|poke|p1|Raging Bolt|
|poke|p1|Overqwil, F|
|poke|p1|Barraskewda, F|
|poke|p1|Iron Treads|
|poke|p1|Kingambit, F|
|poke|p2|Ting-Lu|
|poke|p2|Dragapult, M|
|poke|p2|Iron Valiant|
|poke|p2|Hoopa-Unbound|
|poke|p2|Alomomola, F|
|poke|p2|Torterra, F|
|teampreview
|c|☆psylxr|TORTERRA HIGH LADDER
|c|☆psylxr|im getting smoked
|inactive|Battle timer is ON: inactive players will automatically lose when time's up. (requested by psylxr)
|
|t:|1780971018
|teamsize|p1|6
|teamsize|p2|6
|start
|switch|p1a: Gulp Gulp|Pelipper, F|100/100
|switch|p2a: Hoopa|Hoopa-Unbound|100/100
|-weather|RainDance|[from] ability: Drizzle|[of] p1a: Gulp Gulp
|turn|1
|
|t:|1780971041
|switch|p1a: Iron Belly|Iron Treads|100/100
|-enditem|p1a: Iron Belly|Booster Energy
|-activate|p1a: Iron Belly|ability: Quark Drive|[fromitem]
|-start|p1a: Iron Belly|quarkdrivespe
|move|p2a: Hoopa|Zen Headbutt|p1a: Iron Belly
|-resisted|p1a: Iron Belly
|-damage|p1a: Iron Belly|77/100
|
|-weather|RainDance|[upkeep]
|upkeep
|turn|2
|
|t:|1780971046
|switch|p2a: Alomomola|Alomomola, F|100/100
|move|p1a: Iron Belly|Stealth Rock|p2a: Alomomola
|-sidestart|p2: lemontheheavens|move: Stealth Rock
|
|-weather|RainDance|[upkeep]
|upkeep
|turn|3
|
|t:|1780971058
|-end|p1a: Iron Belly|Quark Drive|[silent]
|switch|p1a: Raging Neck|Raging Bolt|100/100
|-enditem|p1a: Raging Neck|Booster Energy
|-activate|p1a: Raging Neck|ability: Protosynthesis|[fromitem]
|-start|p1a: Raging Neck|protosynthesisspa
|move|p2a: Alomomola|Flip Turn|p1a: Raging Neck
|-resisted|p1a: Raging Neck
|-damage|p1a: Raging Neck|91/100
|c|☆lemontheheavens|this not high ladder man
|
|t:|1780971066
|switch|p2a: Ting-Lu|Ting-Lu|100/100|[from] Flip Turn
|-damage|p2a: Ting-Lu|94/100|[from] Stealth Rock
|-ability|p2a: Ting-Lu|Vessel of Ruin
|
|-weather|RainDance|[upkeep]
|-heal|p2a: Ting-Lu|100/100|[from] item: Leftovers
|upkeep
|turn|4
|c|☆psylxr|oh yeah i lost a few
|
|t:|1780971074
|move|p1a: Raging Neck|Weather Ball|p2a: Ting-Lu
|-supereffective|p2a: Ting-Lu
|-damage|p2a: Ting-Lu|33/100
|move|p2a: Ting-Lu|Spikes|p1a: Raging Neck
|-sidestart|p1: psylxr|Spikes
|
|-weather|RainDance|[upkeep]
|-heal|p2a: Ting-Lu|39/100|[from] item: Leftovers
|upkeep
|turn|5
|
|t:|1780971086
|switch|p2a: Alomomola|Alomomola, F|100/100
|move|p1a: Raging Neck|Weather Ball|p2a: Alomomola
|-resisted|p2a: Alomomola
|-damage|p2a: Alomomola|55/100
|
|-weather|RainDance|[upkeep]
|upkeep
|turn|6
|
|t:|1780971093
|switch|p2a: Hoopa|Hoopa-Unbound|100/100
|-damage|p2a: Hoopa|88/100|[from] Stealth Rock
|move|p1a: Raging Neck|Thunder|p2a: Hoopa
|-damage|p2a: Hoopa|8/100
|
|-weather|RainDance|[upkeep]
|upkeep
|turn|7
|
|t:|1780971102
|move|p1a: Raging Neck|Thunderclap|p2a: Hoopa
|-damage|p2a: Hoopa|0 fnt
|faint|p2a: Hoopa
|
|-weather|RainDance|[upkeep]
|upkeep
|
|t:|1780971108
|switch|p2a: Dragapult|Dragapult, M|100/100
|-damage|p2a: Dragapult|88/100|[from] Stealth Rock
|turn|8
|
|t:|1780971111
|-terastallize|p1a: Raging Neck|Fairy
|move|p2a: Dragapult|Shadow Ball|p1a: Raging Neck
|-damage|p1a: Raging Neck|47/100
|move|p1a: Raging Neck|Draco Meteor|p2a: Dragapult
|-supereffective|p2a: Dragapult
|-damage|p2a: Dragapult|0 fnt
|-unboost|p1a: Raging Neck|spa|2
|faint|p2a: Dragapult
|
|-weather|none
|upkeep
|
|t:|1780971115
|switch|p2a: Torterra|Torterra, F|100/100
|-damage|p2a: Torterra|94/100|[from] Stealth Rock
|turn|9
|
|t:|1780971120
|-end|p1a: Raging Neck|Protosynthesis|[silent]
|switch|p1a: Gulp Gulp|Pelipper, F|100/100
|-weather|RainDance|[from] ability: Drizzle|[of] p1a: Gulp Gulp
|move|p2a: Torterra|Shell Smash|p2a: Torterra
|-unboost|p2a: Torterra|def|1
|-unboost|p2a: Torterra|spd|1
|-boost|p2a: Torterra|atk|2
|-boost|p2a: Torterra|spa|2
|-boost|p2a: Torterra|spe|2
|
|-weather|RainDance|[upkeep]
|upkeep
|turn|10
|
|t:|1780971124
|move|p2a: Torterra|Bullet Seed|p1a: Gulp Gulp
|-damage|p1a: Gulp Gulp|80/100
|-damage|p1a: Gulp Gulp|59/100
|-damage|p1a: Gulp Gulp|41/100
|-damage|p1a: Gulp Gulp|23/100
|-damage|p1a: Gulp Gulp|3/100
|-hitcount|p1a: Gulp Gulp|5
|move|p1a: Gulp Gulp|Hurricane|p2a: Torterra
|-supereffective|p2a: Torterra
|-damage|p2a: Torterra|0 fnt
|faint|p2a: Torterra
|
|-weather|RainDance|[upkeep]
|upkeep
|
|t:|1780971131
|switch|p2a: Alomomola|Alomomola, F|89/100
|turn|11
|
|t:|1780971135
|move|p2a: Alomomola|Flip Turn|p1a: Gulp Gulp
|-resisted|p1a: Gulp Gulp
|-damage|p1a: Gulp Gulp|0 fnt
|faint|p1a: Gulp Gulp
|
|t:|1780971137
|switch|p2a: Ting-Lu|Ting-Lu|39/100|[from] Flip Turn
|-damage|p2a: Ting-Lu|33/100|[from] Stealth Rock
|-ability|p2a: Ting-Lu|Vessel of Ruin
|
|-weather|RainDance|[upkeep]
|-heal|p2a: Ting-Lu|39/100|[from] item: Leftovers
|upkeep
|
|t:|1780971150
|switch|p1a: Flip Flop|Barraskewda, F|100/100
|-damage|p1a: Flip Flop|88/100|[from] Spikes
|turn|12
|
|t:|1780971156
|switch|p2a: Alomomola|Alomomola, F|100/100
|move|p1a: Flip Flop|Liquidation|p2a: Alomomola
|-resisted|p2a: Alomomola
|-damage|p2a: Alomomola|70/100
|
|-weather|RainDance|[upkeep]
|upkeep
|turn|13
|
|t:|1780971164
|move|p1a: Flip Flop|Liquidation|p2a: Alomomola
|-resisted|p2a: Alomomola
|-crit|p2a: Alomomola
|-damage|p2a: Alomomola|27/100
|move|p2a: Alomomola|Flip Turn|p1a: Flip Flop
|-resisted|p1a: Flip Flop
|-damage|p1a: Flip Flop|66/100
|
|t:|1780971166
|switch|p2a: Ting-Lu|Ting-Lu|39/100|[from] Flip Turn
|-damage|p2a: Ting-Lu|33/100|[from] Stealth Rock
|-ability|p2a: Ting-Lu|Vessel of Ruin
|
|-weather|RainDance|[upkeep]
|-heal|p2a: Ting-Lu|39/100|[from] item: Leftovers
|upkeep
|turn|14
|
|t:|1780971170
|switch|p2a: Alomomola|Alomomola, F|60/100
|move|p1a: Flip Flop|Liquidation|p2a: Alomomola
|-resisted|p2a: Alomomola
|-damage|p2a: Alomomola|34/100
|
|-weather|RainDance|[upkeep]
|upkeep
|turn|15
|
|t:|1780971173
|move|p2a: Alomomola|Protect|p2a: Alomomola
|-singleturn|p2a: Alomomola|Protect
|move|p1a: Flip Flop|Liquidation|p2a: Alomomola
|-activate|p2a: Alomomola|move: Protect
|
|-weather|RainDance|[upkeep]
|upkeep
|turn|16
|
|t:|1780971175
|move|p1a: Flip Flop|Liquidation|p2a: Alomomola
|-resisted|p2a: Alomomola
|-damage|p2a: Alomomola|7/100
|move|p2a: Alomomola|Wish|p2a: Alomomola
|
|-weather|none
|upkeep
|turn|17
|
|t:|1780971179
|move|p2a: Alomomola|Protect|p2a: Alomomola
|-singleturn|p2a: Alomomola|Protect
|move|p1a: Flip Flop|Liquidation|p2a: Alomomola
|-activate|p2a: Alomomola|move: Protect
|
|-heal|p2a: Alomomola|57/100|[from] move: Wish|[wisher] Alomomola
|upkeep
|turn|18
|
|t:|1780971186
|move|p1a: Flip Flop|Liquidation|p2a: Alomomola
|-resisted|p2a: Alomomola
|-damage|p2a: Alomomola|37/100
|move|p2a: Alomomola|Wish|p2a: Alomomola
|
|upkeep
|turn|19
|
|t:|1780971192
|switch|p1a: Raging Neck|Raging Bolt, tera:Fairy|47/100
|-damage|p1a: Raging Neck|35/100|[from] Spikes
|move|p2a: Alomomola|Flip Turn|p1a: Raging Neck
|-damage|p1a: Raging Neck|19/100
|
|t:|1780971195
|switch|p2a: Ting-Lu|Ting-Lu|39/100|[from] Flip Turn
|-damage|p2a: Ting-Lu|33/100|[from] Stealth Rock
|-ability|p2a: Ting-Lu|Vessel of Ruin
|
|-heal|p2a: Ting-Lu|85/100|[from] move: Wish|[wisher] Alomomola
|-heal|p2a: Ting-Lu|91/100|[from] item: Leftovers
|upkeep
|turn|20
|
|t:|1780971208
|-end|p1a: Raging Neck|Protosynthesis|[silent]
|switch|p1a: Spike|Overqwil, F|100/100
|-damage|p1a: Spike|88/100|[from] Spikes
|move|p2a: Ting-Lu|Stealth Rock|p1a: Spike
|-sidestart|p1: psylxr|move: Stealth Rock
|
|-heal|p2a: Ting-Lu|97/100|[from] item: Leftovers
|upkeep
|turn|21
|
|t:|1780971213
|move|p1a: Spike|Swords Dance|p1a: Spike
|-boost|p1a: Spike|atk|2
|move|p2a: Ting-Lu|Whirlwind|p1a: Spike
|drag|p1a: Queengambit|Kingambit, F|100/100
|-damage|p1a: Queengambit|88/100|[from] Spikes
|-damage|p1a: Queengambit|82/100|[from] Stealth Rock
|-activate|p1a: Queengambit|ability: Supreme Overlord
|-start|p1a: Queengambit|fallen1|[silent]
|
|-heal|p1a: Queengambit|88/100|[from] item: Leftovers
|-heal|p2a: Ting-Lu|100/100|[from] item: Leftovers
|upkeep
|turn|22
|
|t:|1780971219
|-end|p1a: Queengambit|fallen1|[silent]
|switch|p1a: Raging Neck|Raging Bolt, tera:Fairy|19/100
|-damage|p1a: Raging Neck|7/100|[from] Spikes
|-damage|p1a: Raging Neck|0 fnt|[from] Stealth Rock
|faint|p1a: Raging Neck
|-end|p1a: Raging Neck|Protosynthesis|[silent]
|move|p2a: Ting-Lu|Whirlwind|p1: Raging Neck|[notarget]
|-fail|p2a: Ting-Lu
|
|upkeep
|
|t:|1780971228
|switch|p1a: Flip Flop|Barraskewda, F|66/100
|-damage|p1a: Flip Flop|53/100|[from] Spikes
|-damage|p1a: Flip Flop|41/100|[from] Stealth Rock
|turn|23
|
|t:|1780971233
|switch|p2a: Alomomola|Alomomola, F|71/100
|move|p1a: Flip Flop|Flip Turn|p2a: Alomomola
|-resisted|p2a: Alomomola
|-damage|p2a: Alomomola|58/100
|
|t:|1780971235
|switch|p1a: Iron Belly|Iron Treads|77/100|[from] Flip Turn
|-damage|p1a: Iron Belly|65/100|[from] Spikes
|-damage|p1a: Iron Belly|62/100|[from] Stealth Rock
|
|upkeep
|turn|24
|
|t:|1780971239
|move|p2a: Alomomola|Protect|p2a: Alomomola
|-singleturn|p2a: Alomomola|Protect
|move|p1a: Iron Belly|Rapid Spin|p2a: Alomomola
|-activate|p2a: Alomomola|move: Protect
|
|upkeep
|turn|25
|
|t:|1780971243
|move|p1a: Iron Belly|Rapid Spin|p2a: Alomomola
|-damage|p2a: Alomomola|52/100
|-boost|p1a: Iron Belly|spe|1
|-sideend|p1: psylxr|Spikes|[from] move: Rapid Spin|[of] p1a: Iron Belly
|-sideend|p1: psylxr|Stealth Rock|[from] move: Rapid Spin|[of] p1a: Iron Belly
|move|p2a: Alomomola|Wish|p2a: Alomomola
|
|upkeep
|turn|26
|
|t:|1780971257
|-end|p1a: Iron Belly|Quark Drive|[silent]
|switch|p1a: Spike|Overqwil, F|88/100
|move|p2a: Alomomola|Scald|p1a: Spike
|-damage|p1a: Spike|67/100
|-status|p1a: Spike|brn
|
|-heal|p2a: Alomomola|100/100|[from] move: Wish|[wisher] Alomomola
|-damage|p1a: Spike|61/100 brn|[from] brn
|upkeep
|turn|27
|
|t:|1780971262
|move|p1a: Spike|Swords Dance|p1a: Spike
|-boost|p1a: Spike|atk|2
|move|p2a: Alomomola|Flip Turn|p1a: Spike
|-damage|p1a: Spike|44/100 brn
|
|t:|1780971264
|switch|p2a: Ting-Lu|Ting-Lu|100/100|[from] Flip Turn
|-damage|p2a: Ting-Lu|94/100|[from] Stealth Rock
|-ability|p2a: Ting-Lu|Vessel of Ruin
|
|-heal|p2a: Ting-Lu|100/100|[from] item: Leftovers
|-damage|p1a: Spike|37/100 brn|[from] brn
|upkeep
|turn|28
|
|t:|1780971267
|move|p1a: Spike|Liquidation|p2a: Ting-Lu
|-supereffective|p2a: Ting-Lu
|-damage|p2a: Ting-Lu|61/100
|-damage|p1a: Spike|27/100 brn|[from] item: Life Orb
|move|p2a: Ting-Lu|Stealth Rock|p1a: Spike
|-sidestart|p1: psylxr|move: Stealth Rock
|
|-heal|p2a: Ting-Lu|67/100|[from] item: Leftovers
|-damage|p1a: Spike|21/100 brn|[from] brn
|upkeep
|turn|29
|
|t:|1780971274
|switch|p2a: Alomomola|Alomomola, F|100/100
|move|p1a: Spike|Liquidation|p2a: Alomomola
|-resisted|p2a: Alomomola
|-crit|p2a: Alomomola
|-damage|p2a: Alomomola|87/100
|-damage|p1a: Spike|11/100 brn|[from] item: Life Orb
|
|-damage|p1a: Spike|5/100 brn|[from] brn
|upkeep
|turn|30
|
|t:|1780971277
|move|p1a: Spike|Gunk Shot|p2a: Alomomola
|-damage|p2a: Alomomola|49/100
|-damage|p1a: Spike|0 fnt|[from] item: Life Orb
|faint|p1a: Spike
|move|p2a: Alomomola|Wish|p2a: Alomomola
|
|upkeep
|
|t:|1780971281
|switch|p1a: Iron Belly|Iron Treads|62/100
|-damage|p1a: Iron Belly|59/100|[from] Stealth Rock
|turn|31
|
|t:|1780971284
|move|p1a: Iron Belly|Rapid Spin|p2a: Alomomola
|-damage|p2a: Alomomola|43/100
|-boost|p1a: Iron Belly|spe|1
|-sideend|p1: psylxr|Stealth Rock|[from] move: Rapid Spin|[of] p1a: Iron Belly
|move|p2a: Alomomola|Flip Turn|p1a: Iron Belly
|-supereffective|p1a: Iron Belly
|-damage|p1a: Iron Belly|27/100
|
|t:|1780971286
|switch|p2a: Ting-Lu|Ting-Lu|67/100|[from] Flip Turn
|-damage|p2a: Ting-Lu|61/100|[from] Stealth Rock
|-ability|p2a: Ting-Lu|Vessel of Ruin
|
|-heal|p2a: Ting-Lu|100/100|[from] move: Wish|[wisher] Alomomola
|upkeep
|turn|32
|
|t:|1780971294
|switch|p2a: Alomomola|Alomomola, F|76/100
|move|p1a: Iron Belly|Earth Power|p2a: Alomomola
|-damage|p2a: Alomomola|33/100
|
|upkeep
|turn|33
|
|t:|1780971300
|switch|p2a: Ting-Lu|Ting-Lu|100/100
|-damage|p2a: Ting-Lu|94/100|[from] Stealth Rock
|-ability|p2a: Ting-Lu|Vessel of Ruin
|move|p1a: Iron Belly|Earth Power|p2a: Ting-Lu
|-damage|p2a: Ting-Lu|80/100
|
|-heal|p2a: Ting-Lu|86/100|[from] item: Leftovers
|upkeep
|turn|34
|
|t:|1780971304
|move|p1a: Iron Belly|Earth Power|p2a: Ting-Lu
|-damage|p2a: Ting-Lu|71/100
|move|p2a: Ting-Lu|Whirlwind|p1a: Iron Belly
|-end|p1a: Iron Belly|Quark Drive|[silent]
|drag|p1a: Queengambit|Kingambit, F|88/100
|-activate|p1a: Queengambit|ability: Supreme Overlord
|-start|p1a: Queengambit|fallen3|[silent]
|
|-heal|p1a: Queengambit|94/100|[from] item: Leftovers
|-heal|p2a: Ting-Lu|77/100|[from] item: Leftovers
|upkeep
|turn|35
|
|t:|1780971309
|move|p1a: Queengambit|Iron Head|p2a: Ting-Lu
|-damage|p2a: Ting-Lu|46/100
|move|p2a: Ting-Lu|Spikes|p1a: Queengambit
|-sidestart|p1: psylxr|Spikes
|
|-heal|p1a: Queengambit|100/100|[from] item: Leftovers
|-heal|p2a: Ting-Lu|52/100|[from] item: Leftovers
|upkeep
|turn|36
|
|t:|1780971314
|switch|p2a: Alomomola|Alomomola, F|67/100
|move|p1a: Queengambit|Iron Head|p2a: Alomomola
|-resisted|p2a: Alomomola
|-damage|p2a: Alomomola|50/100
|
|upkeep
|turn|37
|
|t:|1780971318
|move|p2a: Alomomola|Scald|p1a: Queengambit
|-damage|p1a: Queengambit|86/100
|move|p1a: Queengambit|Kowtow Cleave|p2a: Alomomola
|-damage|p2a: Alomomola|15/100
|
|-heal|p1a: Queengambit|93/100|[from] item: Leftovers
|upkeep
|turn|38
|
|t:|1780971324
|move|p2a: Alomomola|Flip Turn|p1a: Queengambit
|-damage|p1a: Queengambit|81/100
|
|t:|1780971326
|switch|p2a: Ting-Lu|Ting-Lu|52/100|[from] Flip Turn
|-damage|p2a: Ting-Lu|46/100|[from] Stealth Rock
|-ability|p2a: Ting-Lu|Vessel of Ruin
|move|p1a: Queengambit|Swords Dance|p1a: Queengambit
|-boost|p1a: Queengambit|atk|2
|
|-heal|p1a: Queengambit|87/100|[from] item: Leftovers
|-heal|p2a: Ting-Lu|52/100|[from] item: Leftovers
|upkeep
|turn|39
|
|t:|1780971340
|move|p1a: Queengambit|Iron Head|p2a: Ting-Lu
|-damage|p2a: Ting-Lu|0 fnt
|faint|p2a: Ting-Lu
|
|-heal|p1a: Queengambit|93/100|[from] item: Leftovers
|upkeep
|
|t:|1780971343
|switch|p2a: Iron Valiant|Iron Valiant|100/100
|-damage|p2a: Iron Valiant|94/100|[from] Stealth Rock
|-enditem|p2a: Iron Valiant|Booster Energy
|-activate|p2a: Iron Valiant|ability: Quark Drive|[fromitem]
|-start|p2a: Iron Valiant|quarkdrivespe
|turn|40
|
|t:|1780971351
|move|p2a: Iron Valiant|Close Combat|p1a: Queengambit
|-supereffective|p1a: Queengambit
|-damage|p1a: Queengambit|0 fnt
|-unboost|p2a: Iron Valiant|def|1
|-unboost|p2a: Iron Valiant|spd|1
|faint|p1a: Queengambit
|-end|p1a: Queengambit|fallen3|[silent]
|
|upkeep
|
|t:|1780971364
|switch|p1a: Iron Belly|Iron Treads|27/100
|-damage|p1a: Iron Belly|15/100|[from] Spikes
|turn|41
|
|t:|1780971368
|move|p2a: Iron Valiant|Close Combat|p1a: Iron Belly
|-supereffective|p1a: Iron Belly
|-damage|p1a: Iron Belly|0 fnt
|-unboost|p2a: Iron Valiant|def|1
|-unboost|p2a: Iron Valiant|spd|1
|faint|p1a: Iron Belly
|-end|p1a: Iron Belly|Quark Drive|[silent]
|
|upkeep
|
|t:|1780971370
|switch|p1a: Flip Flop|Barraskewda, F|41/100
|-damage|p1a: Flip Flop|28/100|[from] Spikes
|turn|42
|
|t:|1780971373
|move|p1a: Flip Flop|Aqua Jet|p2a: Iron Valiant
|-damage|p2a: Iron Valiant|16/100
|move|p2a: Iron Valiant|Close Combat|p1a: Flip Flop
|-damage|p1a: Flip Flop|0 fnt
|-unboost|p2a: Iron Valiant|def|1
|-unboost|p2a: Iron Valiant|spd|1
|faint|p1a: Flip Flop
|
|win|lemontheheavens
|raw|psylxr's rating: 1729 &rarr; <strong>1704</strong><br />(-25 for losing)
|raw|lemontheheavens's rating: 1645 &rarr; <strong>1670</strong><br />(+25 for winning)
|l|☆psylxr
|player|p1|
|l|☆lemontheheavens
|player|p2|
