|j|☆jameshardensucks
|j|☆RadiantSol
|t:|1781443464
|gametype|singles
|player|p1|jameshardensucks|harlequin|1532
|player|p2|RadiantSol|richboy|1569
|gen|9
|tier|[Gen 9] OU
|rated|
|rule|HP Percentage Mod: HP is shown in percentages
|rule|Endless Battle Clause: Forcing endless battles is banned
|rule|Species Clause: Limit one of each Pokémon
|rule|OHKO Clause: OHKO moves are banned
|rule|Evasion Items Clause: Evasion items are banned
|rule|Evasion Moves Clause: Evasion moves are banned
|rule|Evasion Abilities Clause: Evasion abilities are banned
|rule|Sleep Moves Clause: Sleep-inducing moves are banned
|clearpoke
|poke|p1|Rillaboom, M|
|poke|p1|Ogerpon-Cornerstone, F|
|poke|p1|Hawlucha, F|
|poke|p1|Pecharunt|
|poke|p1|Great Tusk|
|poke|p1|Hoopa-Unbound|
|poke|p2|Espeon, F|
|poke|p2|Ninetales-Alola, F|
|poke|p2|Muk-Alola, M|
|poke|p2|Quagsire, F|
|poke|p2|Lapras, F|
|poke|p2|Talonflame, F|
|teampreview
|
|t:|1781443478
|teamsize|p1|6
|teamsize|p2|6
|start
|switch|p1a: Ogerpon|Ogerpon-Cornerstone, F|100/100
|switch|p2a: Quagsire|Quagsire, F|100/100
|turn|1
|
|t:|1781443484
|switch|p1a: Pecharunt|Pecharunt|100/100
|-terastallize|p2a: Quagsire|Poison
|move|p2a: Quagsire|Toxic|p1a: Pecharunt
|-immune|p1a: Pecharunt
|
|upkeep
|turn|2
|
|t:|1781443488
|switch|p2a: Muk|Muk-Alola, M|100/100
|move|p1a: Pecharunt|Shadow Ball|p2a: Muk
|-resisted|p2a: Muk
|-damage|p2a: Muk|92/100
|
|-heal|p2a: Muk|98/100|[from] item: Black Sludge
|upkeep
|turn|3
|
|t:|1781443490
|move|p1a: Pecharunt|Parting Shot|p2a: Muk
|-unboost|p2a: Muk|atk|1
|-unboost|p2a: Muk|spa|1
|
|t:|1781443494
|switch|p1a: Great Tusk|Great Tusk|100/100|[from] Parting Shot
|move|p2a: Muk|Knock Off|p1a: Great Tusk
|-resisted|p1a: Great Tusk
|-damage|p1a: Great Tusk|94/100
|-damage|p2a: Muk|81/100|[from] item: Rocky Helmet|[of] p1a: Great Tusk
|-enditem|p1a: Great Tusk|Rocky Helmet|[from] move: Knock Off|[of] p2a: Muk
|
|-heal|p2a: Muk|87/100|[from] item: Black Sludge
|upkeep
|turn|4
|j| Schlafparalyse
|
|t:|1781443498
|switch|p2a: Talonflame|Talonflame, F|100/100
|move|p1a: Great Tusk|Stealth Rock|p2a: Talonflame
|-sidestart|p2: RadiantSol|move: Stealth Rock
|
|upkeep
|turn|5
|
|t:|1781443501
|move|p2a: Talonflame|Defog|p1a: Great Tusk
|-unboost|p1a: Great Tusk|evasion|1
|-sideend|p2: RadiantSol|Stealth Rock|[from] move: Defog|[of] p2a: Talonflame
|move|p1a: Great Tusk|Knock Off|p2a: Talonflame
|-damage|p2a: Talonflame|71/100
|-enditem|p2a: Talonflame|Heavy-Duty Boots|[from] move: Knock Off|[of] p1a: Great Tusk
|
|upkeep
|turn|6
|
|t:|1781443505
|move|p2a: Talonflame|Will-O-Wisp|p1a: Great Tusk
|-status|p1a: Great Tusk|brn
|move|p1a: Great Tusk|Knock Off|p2a: Talonflame
|-damage|p2a: Talonflame|61/100
|
|-damage|p1a: Great Tusk|87/100 brn|[from] brn
|upkeep
|turn|7
|
|t:|1781443508
|move|p2a: Talonflame|Roost|p2a: Talonflame
|-heal|p2a: Talonflame|100/100
|-singleturn|p2a: Talonflame|move: Roost
|move|p1a: Great Tusk|Knock Off|p2a: Talonflame
|-damage|p2a: Talonflame|91/100
|
|-damage|p1a: Great Tusk|81/100 brn|[from] brn
|upkeep
|turn|8
|
|t:|1781443512
|move|p2a: Talonflame|Defog|p1a: Great Tusk
|-unboost|p1a: Great Tusk|evasion|1
|move|p1a: Great Tusk|Knock Off|p2a: Talonflame
|-damage|p2a: Talonflame|81/100
|
|-damage|p1a: Great Tusk|75/100 brn|[from] brn
|upkeep
|turn|9
|
|t:|1781443517
|move|p2a: Talonflame|Defog|p1a: Great Tusk
|-unboost|p1a: Great Tusk|evasion|1
|move|p1a: Great Tusk|Headlong Rush|p2a: Talonflame
|-immune|p2a: Talonflame
|
|-damage|p1a: Great Tusk|69/100 brn|[from] brn
|upkeep
|turn|10
|
|t:|1781443523
|move|p2a: Talonflame|Protect|p2a: Talonflame
|-singleturn|p2a: Talonflame|Protect
|move|p1a: Great Tusk|Stealth Rock|p2a: Talonflame
|-sidestart|p2: RadiantSol|move: Stealth Rock
|
|-damage|p1a: Great Tusk|62/100 brn|[from] brn
|upkeep
|turn|11
|
|t:|1781443530
|-end|p1a: Great Tusk|Protosynthesis|[silent]
|switch|p1a: Pecharunt|Pecharunt|100/100
|move|p2a: Talonflame|Defog|p1a: Pecharunt
|-unboost|p1a: Pecharunt|evasion|1
|-sideend|p2: RadiantSol|Stealth Rock|[from] move: Defog|[of] p2a: Talonflame
|
|upkeep
|turn|12
|
|t:|1781443536
|switch|p2a: Muk|Muk-Alola, M|87/100
|move|p1a: Pecharunt|Shadow Ball|p2a: Muk
|-resisted|p2a: Muk
|-damage|p2a: Muk|80/100
|
|-heal|p2a: Muk|86/100|[from] item: Black Sludge
|upkeep
|turn|13
|
|t:|1781443539
|move|p1a: Pecharunt|Parting Shot|p2a: Muk
|-unboost|p2a: Muk|atk|1
|-unboost|p2a: Muk|spa|1
|
|t:|1781443543
|switch|p1a: Great Tusk|Great Tusk|62/100 brn|[from] Parting Shot
|move|p2a: Muk|Knock Off|p1a: Great Tusk
|-resisted|p1a: Great Tusk
|-damage|p1a: Great Tusk|58/100 brn
|
|-heal|p2a: Muk|92/100|[from] item: Black Sludge
|-damage|p1a: Great Tusk|51/100 brn|[from] brn
|upkeep
|turn|14
|
|t:|1781443547
|switch|p2a: Talonflame|Talonflame, F|81/100
|move|p1a: Great Tusk|Stealth Rock|p2a: Talonflame
|-sidestart|p2: RadiantSol|move: Stealth Rock
|
|-damage|p1a: Great Tusk|45/100 brn|[from] brn
|upkeep
|turn|15
|
|t:|1781443551
|-end|p1a: Great Tusk|Protosynthesis|[silent]
|switch|p1a: Ogerpon|Ogerpon-Cornerstone, F|100/100
|move|p2a: Talonflame|Defog|p1a: Ogerpon
|-unboost|p1a: Ogerpon|evasion|1
|-sideend|p2: RadiantSol|Stealth Rock|[from] move: Defog|[of] p2a: Talonflame
|
|upkeep
|turn|16
|
|t:|1781443556
|switch|p2a: Quagsire|Quagsire, F, tera:Poison|100/100
|move|p1a: Ogerpon|Ivy Cudgel|p2a: Quagsire|[anim] Ivy Cudgel Rock
|-damage|p2a: Quagsire|59/100
|
|upkeep
|turn|17
|
|t:|1781443565
|switch|p1a: Pecharunt|Pecharunt|100/100
|move|p2a: Quagsire|Recover|p2a: Quagsire
|-heal|p2a: Quagsire|100/100
|
|upkeep
|turn|18
|
|t:|1781443568
|switch|p2a: Muk|Muk-Alola, M|92/100
|move|p1a: Pecharunt|Shadow Ball|p2a: Muk
|-resisted|p2a: Muk
|-damage|p2a: Muk|85/100
|-unboost|p2a: Muk|spd|1
|
|-heal|p2a: Muk|91/100|[from] item: Black Sludge
|upkeep
|turn|19
|
|t:|1781443571
|move|p1a: Pecharunt|Parting Shot|p2a: Muk
|-unboost|p2a: Muk|atk|1
|-unboost|p2a: Muk|spa|1
|
|t:|1781443574
|switch|p1a: Rillaboom|Rillaboom, M|100/100|[from] Parting Shot
|-fieldstart|move: Grassy Terrain|[from] ability: Grassy Surge|[of] p1a: Rillaboom
|move|p2a: Muk|Knock Off|p1a: Rillaboom
|-damage|p1a: Rillaboom|78/100
|-enditem|p1a: Rillaboom|Terrain Extender|[from] move: Knock Off|[of] p2a: Muk
|
|-heal|p1a: Rillaboom|84/100|[from] Grassy Terrain
|-heal|p2a: Muk|97/100|[from] Grassy Terrain
|-heal|p2a: Muk|100/100|[from] item: Black Sludge
|upkeep
|turn|20
|
|t:|1781443578
|switch|p2a: Talonflame|Talonflame, F|81/100
|move|p1a: Rillaboom|U-turn|p2a: Talonflame
|-resisted|p2a: Talonflame
|-damage|p2a: Talonflame|74/100
|
|t:|1781443582
|switch|p1a: Ogerpon|Ogerpon-Cornerstone, F|100/100|[from] U-turn
|
|upkeep
|turn|21
|
|t:|1781443586
|move|p2a: Talonflame|Will-O-Wisp|p1a: Ogerpon|[miss]
|-miss|p2a: Talonflame|p1a: Ogerpon
|move|p1a: Ogerpon|Ivy Cudgel|p2a: Talonflame|[anim] Ivy Cudgel Rock
|-supereffective|p2a: Talonflame
|-damage|p2a: Talonflame|0 fnt
|faint|p2a: Talonflame
|
|upkeep
|
|t:|1781443592
|switch|p2a: Quagsire|Quagsire, F, tera:Poison|100/100
|turn|22
|
|t:|1781443596
|switch|p1a: Hoopa|Hoopa-Unbound|100/100
|move|p2a: Quagsire|Liquidation|p1a: Hoopa
|-damage|p1a: Hoopa|73/100
|-unboost|p1a: Hoopa|def|1
|
|-heal|p1a: Hoopa|79/100|[from] Grassy Terrain
|upkeep
|turn|23
|
|t:|1781443599
|switch|p2a: Muk|Muk-Alola, M|100/100
|move|p1a: Hoopa|Psychic Noise|p2a: Muk
|-immune|p2a: Muk
|
|-heal|p1a: Hoopa|85/100|[from] Grassy Terrain
|upkeep
|turn|24
|
|t:|1781443603
|switch|p1a: Hawlucha|Hawlucha, F|100/100
|-enditem|p1a: Hawlucha|Grassy Seed
|-boost|p1a: Hawlucha|def|1|[from] item: Grassy Seed
|move|p2a: Muk|Knock Off|p1a: Hawlucha
|-resisted|p1a: Hawlucha
|-damage|p1a: Hawlucha|90/100
|
|upkeep
|turn|25
|
|t:|1781443609
|move|p1a: Hawlucha|Swords Dance|p1a: Hawlucha
|-boost|p1a: Hawlucha|atk|2
|move|p2a: Muk|Haze|p2a: Muk
|-clearallboost
|
|upkeep
|turn|26
|
|t:|1781443617
|switch|p2a: Quagsire|Quagsire, F, tera:Poison|100/100
|move|p1a: Hawlucha|Encore||[still]
|-fail|p1a: Hawlucha
|
|-fieldend|move: Grassy Terrain
|upkeep
|turn|27
|
|t:|1781443624
|move|p1a: Hawlucha|Swords Dance|p1a: Hawlucha
|-boost|p1a: Hawlucha|atk|2
|move|p2a: Quagsire|Liquidation|p1a: Hawlucha
|-damage|p1a: Hawlucha|56/100
|
|upkeep
|turn|28
|
|t:|1781443632
|switch|p1a: Rillaboom|Rillaboom, M|84/100
|-fieldstart|move: Grassy Terrain|[from] ability: Grassy Surge|[of] p1a: Rillaboom
|move|p2a: Quagsire|Liquidation|p1a: Rillaboom
|-resisted|p1a: Rillaboom
|-damage|p1a: Rillaboom|71/100
|-unboost|p1a: Rillaboom|def|1
|
|-heal|p1a: Rillaboom|78/100|[from] Grassy Terrain
|upkeep
|turn|29
|
|t:|1781443639
|move|p1a: Rillaboom|Knock Off|p2a: Quagsire
|-damage|p2a: Quagsire|76/100
|-damage|p1a: Rillaboom|61/100|[from] item: Rocky Helmet|[of] p2a: Quagsire
|-enditem|p2a: Quagsire|Rocky Helmet|[from] move: Knock Off|[of] p1a: Rillaboom
|move|p2a: Quagsire|Liquidation|p1a: Rillaboom
|-resisted|p1a: Rillaboom
|-damage|p1a: Rillaboom|47/100
|-unboost|p1a: Rillaboom|def|1
|
|-heal|p1a: Rillaboom|53/100|[from] Grassy Terrain
|-heal|p2a: Quagsire|82/100|[from] Grassy Terrain
|upkeep
|turn|30
|
|t:|1781443641
|move|p1a: Rillaboom|U-turn|p2a: Quagsire
|-resisted|p2a: Quagsire
|-damage|p2a: Quagsire|73/100
|
|t:|1781443647
|switch|p1a: Hawlucha|Hawlucha, F|56/100|[from] U-turn
|move|p2a: Quagsire|Recover|p2a: Quagsire
|-heal|p2a: Quagsire|100/100
|
|upkeep
|turn|31
|
|t:|1781443661
|switch|p2a: Ninetales|Ninetales-Alola, F, shiny|100/100
|-weather|Snowscape|[from] ability: Snow Warning|[of] p2a: Ninetales
|move|p1a: Hawlucha|Acrobatics|p2a: Ninetales
|-damage|p2a: Ninetales|56/100
|
|-weather|Snowscape|[upkeep]
|-heal|p2a: Ninetales|62/100|[from] Grassy Terrain
|upkeep
|turn|32
|
|t:|1781443670
|move|p2a: Ninetales|Aurora Veil|p2a: Ninetales
|-sidestart|p2: RadiantSol|move: Aurora Veil
|move|p1a: Hawlucha|Acrobatics|p2a: Ninetales
|-damage|p2a: Ninetales|41/100
|
|-weather|Snowscape|[upkeep]
|-heal|p2a: Ninetales|47/100|[from] Grassy Terrain
|-fieldend|move: Grassy Terrain
|upkeep
|turn|33
|
|t:|1781443678
|-terastallize|p1a: Hawlucha|Steel
|move|p2a: Ninetales|Freeze-Dry|p1a: Hawlucha
|-resisted|p1a: Hawlucha
|-damage|p1a: Hawlucha|39/100
|move|p1a: Hawlucha|Encore|p2a: Ninetales
|-start|p2a: Ninetales|Encore
|
|-weather|Snowscape|[upkeep]
|upkeep
|turn|34
|
|t:|1781443687
|switch|p2a: Quagsire|Quagsire, F, tera:Poison|100/100
|switch|p1a: Hoopa|Hoopa-Unbound|85/100
|
|-weather|Snowscape|[upkeep]
|upkeep
|turn|35
|
|t:|1781443697
|move|p1a: Hoopa|Knock Off|p2a: Quagsire
|-damage|p2a: Quagsire|88/100
|move|p2a: Quagsire|Toxic|p1a: Hoopa
|-status|p1a: Hoopa|tox
|
|-weather|none
|-damage|p1a: Hoopa|79/100 tox|[from] psn
|upkeep
|turn|36
|
|t:|1781443701
|switch|p2a: Muk|Muk-Alola, M|100/100
|move|p1a: Hoopa|Knock Off|p2a: Muk
|-resisted|p2a: Muk
|-damage|p2a: Muk|86/100
|-enditem|p2a: Muk|Black Sludge|[from] move: Knock Off|[of] p1a: Hoopa
|
|-damage|p1a: Hoopa|67/100 tox|[from] psn
|upkeep
|turn|37
|
|t:|1781443705
|switch|p1a: Hawlucha|Hawlucha, F, tera:Steel|39/100
|move|p2a: Muk|Knock Off|p1a: Hawlucha
|-damage|p1a: Hawlucha|5/100
|
|upkeep
|turn|38
|
|t:|1781443710
|switch|p1a: Rillaboom|Rillaboom, M|53/100
|-fieldstart|move: Grassy Terrain|[from] ability: Grassy Surge|[of] p1a: Rillaboom
|move|p2a: Muk|Shadow Sneak|p1a: Rillaboom
|-damage|p1a: Rillaboom|43/100
|
|-heal|p1a: Rillaboom|50/100|[from] Grassy Terrain
|-heal|p2a: Muk|93/100|[from] Grassy Terrain
|upkeep
|turn|39
|
|t:|1781443715
|move|p1a: Rillaboom|U-turn|p2a: Muk
|-damage|p2a: Muk|79/100
|
|t:|1781443721
|switch|p1a: Pecharunt|Pecharunt|100/100|[from] U-turn
|move|p2a: Muk|Knock Off|p1a: Pecharunt
|-supereffective|p1a: Pecharunt
|-damage|p1a: Pecharunt|65/100
|-damage|p2a: Muk|63/100|[from] item: Rocky Helmet|[of] p1a: Pecharunt
|-enditem|p1a: Pecharunt|Rocky Helmet|[from] move: Knock Off|[of] p2a: Muk
|
|-heal|p1a: Pecharunt|71/100|[from] Grassy Terrain
|-heal|p2a: Muk|69/100|[from] Grassy Terrain
|-sideend|p2: RadiantSol|move: Aurora Veil
|upkeep
|turn|40
|
|t:|1781443731
|move|p2a: Muk|Protect|p2a: Muk
|-singleturn|p2a: Muk|Protect
|move|p1a: Pecharunt|Parting Shot|p2a: Muk
|-activate|p2a: Muk|move: Protect
|
|-heal|p1a: Pecharunt|77/100|[from] Grassy Terrain
|-heal|p2a: Muk|75/100|[from] Grassy Terrain
|upkeep
|turn|41
|
|t:|1781443736
|move|p1a: Pecharunt|Parting Shot|p2a: Muk
|-unboost|p2a: Muk|atk|1
|-unboost|p2a: Muk|spa|1
|
|t:|1781443739
|switch|p1a: Ogerpon|Ogerpon-Cornerstone, F|100/100|[from] Parting Shot
|move|p2a: Muk|Knock Off|p1a: Ogerpon
|-damage|p1a: Ogerpon|81/100
|
|-heal|p1a: Ogerpon|87/100|[from] Grassy Terrain
|-heal|p2a: Muk|81/100|[from] Grassy Terrain
|upkeep
|turn|42
|
|t:|1781443747
|move|p1a: Ogerpon|Swords Dance|p1a: Ogerpon
|-boost|p1a: Ogerpon|atk|2
|move|p2a: Muk|Knock Off|p1a: Ogerpon
|-damage|p1a: Ogerpon|65/100
|
|-heal|p1a: Ogerpon|71/100|[from] Grassy Terrain
|-heal|p2a: Muk|87/100|[from] Grassy Terrain
|-fieldend|move: Grassy Terrain
|upkeep
|turn|43
|
|t:|1781443751
|switch|p2a: Quagsire|Quagsire, F, tera:Poison|88/100
|move|p1a: Ogerpon|Ivy Cudgel|p2a: Quagsire|[anim] Ivy Cudgel Rock
|-damage|p2a: Quagsire|40/100
|
|upkeep
|turn|44
|
|t:|1781443759
|move|p1a: Ogerpon|Ivy Cudgel|p2a: Quagsire|[anim] Ivy Cudgel Rock
|-damage|p2a: Quagsire|0 fnt
|faint|p2a: Quagsire
|
|upkeep
|-message|RadiantSol forfeited.
|
|win|jameshardensucks
|raw|jameshardensucks's rating: 1532 &rarr; <strong>1554</strong><br />(+22 for winning)
|raw|RadiantSol's rating: 1569 &rarr; <strong>1547</strong><br />(-22 for losing)
|l|☆RadiantSol
|player|p2|
|l|☆jameshardensucks
|player|p1|
|l| Schlafparalyse
