|j|☆my2005
|j|☆minhoto
|t:|1781255362
|gametype|singles
|player|p1|my2005|170|1688
|player|p2|minhoto|2|1574
|gen|9
|tier|[Gen 9] OU
|rated|
|rule|HP Percentage Mod: HP is shown in percentages
|rule|Endless Battle Clause: Forcing endless battles is banned
|rule|Species Clause: Limit one of each Pokémon
|rule|OHKO Clause: OHKO moves are banned
|rule|Evasion Items Clause: Evasion items are banned
|rule|Evasion Moves Clause: Evasion moves are banned
|rule|Evasion Abilities Clause: Evasion abilities are banned
|rule|Sleep Moves Clause: Sleep-inducing moves are banned
|clearpoke
|poke|p1|Slowking-Galar, F|
|poke|p1|Whimsicott, F|
|poke|p1|Kyurem|
|poke|p1|Cinderace, F|
|poke|p1|Alomomola, F|
|poke|p1|Gliscor, M|
|poke|p2|Blissey, F|
|poke|p2|Corviknight, M|
|poke|p2|Cinderace, F|
|poke|p2|Dondozo, M|
|poke|p2|Slowking-Galar, F|
|poke|p2|Toxapex, F|
|teampreview
|inactive|Battle timer is ON: inactive players will automatically lose when time's up. (requested by minhoto)
|
|t:|1781255376
|teamsize|p1|6
|teamsize|p2|6
|start
|switch|p1a: Alomomola|Alomomola, F|100/100
|switch|p2a: Slowking|Slowking-Galar, F|100/100
|turn|1
|
|t:|1781255384
|move|p1a: Alomomola|Flip Turn|p2a: Slowking
|-damage|p2a: Slowking|88/100
|
|t:|1781255389
|switch|p1a: Slowking|Slowking-Galar, F|100/100|[from] Flip Turn
|move|p2a: Slowking|Trick|p1a: Slowking
|-activate|p2a: Slowking|move: Trick|[of] p1a: Slowking
|-item|p1a: Slowking|Black Sludge|[from] move: Trick
|-item|p2a: Slowking|Assault Vest|[from] move: Trick
|
|upkeep
|turn|2
|
|t:|1781255403
|switch|p1a: Alomomola|Alomomola, F|100/100
|move|p2a: Slowking|Future Sight|p1a: Alomomola
|-start|p2a: Slowking|move: Future Sight
|
|upkeep
|turn|3
|
|t:|1781255408
|switch|p2a: Toxapex|Toxapex, F|100/100
|move|p1a: Alomomola|Flip Turn|p2a: Toxapex
|-resisted|p2a: Toxapex
|-damage|p2a: Toxapex|95/100
|-damage|p1a: Alomomola|84/100|[from] item: Rocky Helmet|[of] p2a: Toxapex
|
|t:|1781255410
|switch|p1a: Gliscor|Gliscor, M|100/100|[from] Flip Turn
|
|-status|p1a: Gliscor|tox|[from] item: Toxic Orb
|upkeep
|turn|4
|
|t:|1781255421
|switch|p1a: Slowking|Slowking-Galar, F|100/100
|switch|p2a: Corviknight|Corviknight, M|100/100
|-ability|p2a: Corviknight|Pressure
|
|-end|p1a: Slowking|move: Future Sight
|-damage|p1a: Slowking|63/100
|-heal|p1a: Slowking|69/100|[from] item: Black Sludge
|upkeep
|turn|5
|
|t:|1781255426
|move|p2a: Corviknight|U-turn|p1a: Slowking
|-damage|p1a: Slowking|57/100
|
|t:|1781255429
|switch|p2a: Slowking|Slowking-Galar, F|100/100|[from] U-turn
|move|p1a: Slowking|Flamethrower|p2a: Slowking
|-damage|p2a: Slowking|87/100
|
|-heal|p1a: Slowking|63/100|[from] item: Black Sludge
|upkeep
|turn|6
|
|t:|1781255445
|move|p2a: Slowking|Future Sight|p1a: Slowking
|-start|p2a: Slowking|move: Future Sight
|move|p1a: Slowking|Psychic Noise|p2a: Slowking
|-damage|p2a: Slowking|71/100
|-start|p2a: Slowking|move: Heal Block
|
|-heal|p1a: Slowking|69/100|[from] item: Black Sludge
|upkeep
|turn|7
|
|t:|1781255454
|switch|p2a: Blissey|Blissey, F|100/100
|switch|p1a: Alomomola|Alomomola, F|100/100
|
|upkeep
|turn|8
|
|t:|1781255459
|move|p2a: Blissey|Trick|p1a: Alomomola
|-activate|p2a: Blissey|move: Trick|[of] p1a: Alomomola
|-item|p1a: Alomomola|Choice Specs|[from] move: Trick
|-item|p2a: Blissey|Rocky Helmet|[from] move: Trick
|move|p1a: Alomomola|Flip Turn|p2a: Blissey
|-damage|p2a: Blissey|63/100
|-damage|p1a: Alomomola|84/100|[from] item: Rocky Helmet|[of] p2a: Blissey
|
|t:|1781255474
|switch|p1a: Slowking|Slowking-Galar, F|100/100|[from] Flip Turn
|
|-end|p1a: Slowking|move: Future Sight
|-damage|p1a: Slowking|63/100
|-heal|p1a: Slowking|69/100|[from] item: Black Sludge
|upkeep
|turn|9
|
|t:|1781255486
|switch|p2a: Slowking|Slowking-Galar, F|100/100
|move|p1a: Slowking|Psychic Noise|p2a: Slowking
|-damage|p2a: Slowking|85/100
|-start|p2a: Slowking|move: Heal Block
|
|-heal|p1a: Slowking|76/100|[from] item: Black Sludge
|upkeep
|turn|10
|
|t:|1781255491
|switch|p1a: Gliscor|Gliscor, M|100/100 tox
|move|p2a: Slowking|Future Sight|p1a: Gliscor
|-start|p2a: Slowking|move: Future Sight
|
|-end|p2a: Slowking|move: Heal Block
|upkeep
|turn|11
|
|t:|1781255503
|switch|p1a: Slowking|Slowking-Galar, F|100/100
|switch|p2a: Corviknight|Corviknight, M|100/100
|-ability|p2a: Corviknight|Pressure
|
|upkeep
|turn|12
|
|t:|1781255507
|switch|p2a: Slowking|Slowking-Galar, F|100/100
|move|p1a: Slowking|Ice Beam|p2a: Slowking
|-damage|p2a: Slowking|87/100
|
|-end|p1a: Slowking|move: Future Sight
|-damage|p1a: Slowking|66/100
|-heal|p1a: Slowking|72/100|[from] item: Black Sludge
|upkeep
|turn|13
|
|t:|1781255516
|switch|p2a: Blissey|Blissey, F|63/100
|move|p1a: Slowking|Psychic Noise|p2a: Blissey
|-damage|p2a: Blissey|50/100
|-start|p2a: Blissey|move: Heal Block
|
|-heal|p1a: Slowking|78/100|[from] item: Black Sludge
|upkeep
|turn|14
|
|t:|1781255523
|move|p2a: Blissey|Stealth Rock|p1a: Slowking
|-sidestart|p1: my2005|move: Stealth Rock
|move|p1a: Slowking|Ice Beam|p2a: Blissey
|-damage|p2a: Blissey|41/100
|
|-heal|p1a: Slowking|84/100|[from] item: Black Sludge
|-end|p2a: Blissey|move: Heal Block
|upkeep
|turn|15
|
|t:|1781255533
|switch|p1a: Gliscor|Gliscor, M|100/100 tox
|-damage|p1a: Gliscor|88/100 tox|[from] Stealth Rock
|move|p2a: Blissey|Soft-Boiled|p2a: Blissey
|-heal|p2a: Blissey|91/100
|
|-heal|p1a: Gliscor|100/100 tox|[from] ability: Poison Heal
|upkeep
|turn|16
|
|t:|1781255537
|switch|p2a: Slowking|Slowking-Galar, F|100/100
|move|p1a: Gliscor|Spikes|p2a: Slowking
|-sidestart|p2: minhoto|Spikes
|
|upkeep
|turn|17
|
|t:|1781255550
|move|p1a: Gliscor|Swords Dance|p1a: Gliscor
|-boost|p1a: Gliscor|atk|2
|move|p2a: Slowking|Future Sight|p1a: Gliscor
|-start|p2a: Slowking|move: Future Sight
|
|upkeep
|turn|18
|
|t:|1781255561
|switch|p2a: Dondozo|Dondozo, M|100/100
|-damage|p2a: Dondozo|88/100|[from] Spikes
|move|p1a: Gliscor|Spikes|p2a: Dondozo
|-sidestart|p2: minhoto|Spikes
|
|-heal|p2a: Dondozo|94/100|[from] item: Leftovers
|upkeep
|turn|19
|
|t:|1781255564
|move|p1a: Gliscor|Knock Off|p2a: Dondozo
|-damage|p2a: Dondozo|83/100
|-enditem|p2a: Dondozo|Leftovers|[from] move: Knock Off|[of] p1a: Gliscor
|move|p2a: Dondozo|Liquidation|p1a: Gliscor
|-supereffective|p1a: Gliscor
|-damage|p1a: Gliscor|53/100 tox
|
|-end|p1a: Gliscor|move: Future Sight
|-damage|p1a: Gliscor|0 fnt
|faint|p1a: Gliscor
|upkeep
|
|t:|1781255573
|switch|p1a: Kyurem|Kyurem|100/100
|-damage|p1a: Kyurem|76/100|[from] Stealth Rock
|-ability|p1a: Kyurem|Pressure
|turn|20
|
|t:|1781255577
|switch|p2a: Slowking|Slowking-Galar, F|100/100
|-damage|p2a: Slowking|84/100|[from] Spikes
|move|p1a: Kyurem|Freeze-Dry|p2a: Slowking
|-damage|p2a: Slowking|69/100
|
|-heal|p1a: Kyurem|82/100|[from] item: Leftovers
|upkeep
|turn|21
|
|t:|1781255581
|move|p1a: Kyurem|Earth Power|p2a: Slowking
|-supereffective|p2a: Slowking
|-damage|p2a: Slowking|42/100
|move|p2a: Slowking|Future Sight|p1a: Kyurem
|-start|p2a: Slowking|move: Future Sight
|
|-heal|p1a: Kyurem|88/100|[from] item: Leftovers
|upkeep
|turn|22
|
|t:|1781255588
|switch|p2a: Blissey|Blissey, F|91/100
|-damage|p2a: Blissey|74/100|[from] Spikes
|move|p1a: Kyurem|Freeze-Dry|p2a: Blissey
|-damage|p2a: Blissey|61/100
|
|-heal|p1a: Kyurem|94/100|[from] item: Leftovers
|upkeep
|turn|23
|
|t:|1781255591
|move|p1a: Kyurem|Substitute|p1a: Kyurem
|-start|p1a: Kyurem|Substitute
|-damage|p1a: Kyurem|69/100
|move|p2a: Blissey|Fire Blast|p1a: Kyurem
|-end|p1a: Kyurem|Substitute
|
|-end|p1a: Kyurem|move: Future Sight
|-damage|p1a: Kyurem|29/100
|-heal|p1a: Kyurem|35/100|[from] item: Leftovers
|upkeep
|turn|24
|
|t:|1781255598
|move|p1a: Kyurem|Protect|p1a: Kyurem
|-singleturn|p1a: Kyurem|Protect
|move|p2a: Blissey|Fire Blast|p1a: Kyurem
|-activate|p1a: Kyurem|move: Protect
|
|-heal|p1a: Kyurem|41/100|[from] item: Leftovers
|upkeep
|turn|25
|
|t:|1781255607
|switch|p2a: Slowking|Slowking-Galar, F|75/100
|-damage|p2a: Slowking|58/100|[from] Spikes
|move|p1a: Kyurem|Substitute|p1a: Kyurem
|-start|p1a: Kyurem|Substitute
|-damage|p1a: Kyurem|16/100
|
|-heal|p1a: Kyurem|22/100|[from] item: Leftovers
|upkeep
|turn|26
|
|t:|1781255616
|move|p1a: Kyurem|Earth Power|p2a: Slowking
|-supereffective|p2a: Slowking
|-damage|p2a: Slowking|30/100
|move|p2a: Slowking|Future Sight|p1a: Kyurem
|-start|p2a: Slowking|move: Future Sight
|
|-heal|p1a: Kyurem|28/100|[from] item: Leftovers
|upkeep
|turn|27
|
|t:|1781255620
|switch|p2a: Blissey|Blissey, F|61/100
|-damage|p2a: Blissey|45/100|[from] Spikes
|move|p1a: Kyurem|Freeze-Dry|p2a: Blissey
|-damage|p2a: Blissey|33/100
|
|-heal|p1a: Kyurem|34/100|[from] item: Leftovers
|upkeep
|turn|28
|
|t:|1781255624
|move|p1a: Kyurem|Protect|p1a: Kyurem
|-singleturn|p1a: Kyurem|Protect
|move|p2a: Blissey|Soft-Boiled|p2a: Blissey
|-heal|p2a: Blissey|83/100
|
|-end|p1a: Kyurem|move: Future Sight
|-end|p1a: Kyurem|Substitute
|-heal|p1a: Kyurem|40/100|[from] item: Leftovers
|upkeep
|turn|29
|
|t:|1781255626
|move|p1a: Kyurem|Substitute|p1a: Kyurem
|-start|p1a: Kyurem|Substitute
|-damage|p1a: Kyurem|15/100
|move|p2a: Blissey|Fire Blast|p1a: Kyurem
|-end|p1a: Kyurem|Substitute
|
|-heal|p1a: Kyurem|21/100|[from] item: Leftovers
|upkeep
|turn|30
|
|t:|1781255630
|switch|p2a: Slowking|Slowking-Galar, F|63/100
|-damage|p2a: Slowking|47/100|[from] Spikes
|move|p1a: Kyurem|Protect||[still]
|-fail|p1a: Kyurem
|
|-heal|p1a: Kyurem|27/100|[from] item: Leftovers
|upkeep
|turn|31
|
|t:|1781255633
|move|p1a: Kyurem|Substitute|p1a: Kyurem
|-start|p1a: Kyurem|Substitute
|-damage|p1a: Kyurem|3/100
|move|p2a: Slowking|Future Sight|p1a: Kyurem
|-start|p2a: Slowking|move: Future Sight
|
|-heal|p1a: Kyurem|9/100|[from] item: Leftovers
|upkeep
|turn|32
|
|t:|1781255636
|switch|p2a: Blissey|Blissey, F|83/100
|-damage|p2a: Blissey|66/100|[from] Spikes
|move|p1a: Kyurem|Earth Power|p2a: Blissey
|-damage|p2a: Blissey|57/100
|-unboost|p2a: Blissey|spd|1
|
|-heal|p1a: Kyurem|15/100|[from] item: Leftovers
|upkeep
|turn|33
|
|t:|1781255643
|switch|p2a: Cinderace|Cinderace, F|100/100
|move|p1a: Kyurem|Protect||[still]
|-fail|p1a: Kyurem
|
|-end|p1a: Kyurem|move: Future Sight
|-end|p1a: Kyurem|Substitute
|-heal|p1a: Kyurem|21/100|[from] item: Leftovers
|upkeep
|turn|34
|
|t:|1781255645
|move|p1a: Kyurem|Protect|p1a: Kyurem
|-singleturn|p1a: Kyurem|Protect
|move|p2a: Cinderace|Pyro Ball|p1a: Kyurem
|-activate|p1a: Kyurem|move: Protect
|
|-heal|p1a: Kyurem|27/100|[from] item: Leftovers
|upkeep
|turn|35
|
|t:|1781255651
|switch|p1a: Alomomola|Alomomola, F|100/100
|-damage|p1a: Alomomola|88/100|[from] Stealth Rock
|move|p2a: Cinderace|Pyro Ball|p1a: Alomomola
|-resisted|p1a: Alomomola
|-crit|p1a: Alomomola
|-damage|p1a: Alomomola|67/100
|
|upkeep
|turn|36
|
|t:|1781255663
|move|p2a: Cinderace|U-turn|p1a: Alomomola
|-start|p2a: Cinderace|typechange|Bug|[from] ability: Libero
|-damage|p1a: Alomomola|48/100
|
|t:|1781255666
|switch|p2a: Corviknight|Corviknight, M|100/100|[from] U-turn
|-ability|p2a: Corviknight|Pressure
|move|p1a: Alomomola|Wish|p1a: Alomomola
|
|upkeep
|turn|37
|
|t:|1781255670
|switch|p1a: Cinderace|Cinderace, F|100/100
|move|p2a: Corviknight|Brave Bird|p1a: Cinderace
|-damage|p1a: Cinderace|44/100
|-damage|p2a: Corviknight|86/100|[from] Recoil
|
|-heal|p1a: Cinderace|100/100|[from] move: Wish|[wisher] Alomomola
|upkeep
|turn|38
|
|t:|1781255685
|switch|p2a: Toxapex|Toxapex, F|100/100
|-damage|p2a: Toxapex|84/100|[from] Spikes
|move|p1a: Cinderace|U-turn|p2a: Toxapex
|-start|p1a: Cinderace|typechange|Bug|[from] ability: Libero
|-resisted|p2a: Toxapex
|-damage|p2a: Toxapex|72/100
|-damage|p1a: Cinderace|84/100|[from] item: Rocky Helmet|[of] p2a: Toxapex
|
|t:|1781255689
|switch|p1a: Kyurem|Kyurem|27/100|[from] U-turn
|-damage|p1a: Kyurem|2/100|[from] Stealth Rock
|-ability|p1a: Kyurem|Pressure
|
|-heal|p1a: Kyurem|8/100|[from] item: Leftovers
|upkeep
|turn|39
|
|t:|1781255695
|-terastallize|p2a: Toxapex|Dark
|move|p1a: Kyurem|Protect|p1a: Kyurem
|-singleturn|p1a: Kyurem|Protect
|move|p2a: Toxapex|Liquidation|p1a: Kyurem
|-activate|p1a: Kyurem|move: Protect
|
|-heal|p1a: Kyurem|14/100|[from] item: Leftovers
|upkeep
|turn|40
|
|t:|1781255709
|move|p1a: Kyurem|Freeze-Dry|p2a: Toxapex
|-damage|p2a: Toxapex|42/100
|move|p2a: Toxapex|Toxic|p1a: Kyurem
|-status|p1a: Kyurem|tox
|
|-heal|p1a: Kyurem|20/100 tox|[from] item: Leftovers
|-damage|p1a: Kyurem|14/100 tox|[from] psn
|upkeep
|turn|41
|
|t:|1781255720
|switch|p2a: Blissey|Blissey, F|57/100
|-damage|p2a: Blissey|40/100|[from] Spikes
|move|p1a: Kyurem|Freeze-Dry|p2a: Blissey
|-damage|p2a: Blissey|27/100
|
|-heal|p1a: Kyurem|20/100 tox|[from] item: Leftovers
|-damage|p1a: Kyurem|8/100 tox|[from] psn
|upkeep
|turn|42
|
|t:|1781255727
|move|p1a: Kyurem|Freeze-Dry|p2a: Blissey
|-damage|p2a: Blissey|15/100
|-status|p2a: Blissey|frz
|-curestatus|p2a: Blissey|frz|[msg]
|move|p2a: Blissey|Soft-Boiled|p2a: Blissey
|-heal|p2a: Blissey|65/100
|
|-heal|p1a: Kyurem|14/100 tox|[from] item: Leftovers
|-damage|p1a: Kyurem|0 fnt|[from] psn
|faint|p1a: Kyurem
|upkeep
|
|t:|1781255731
|switch|p1a: Cinderace|Cinderace, F|84/100
|turn|43
|
|t:|1781255736
|switch|p2a: Dondozo|Dondozo, M|83/100
|-damage|p2a: Dondozo|66/100|[from] Spikes
|move|p1a: Cinderace|U-turn|p2a: Dondozo
|-start|p1a: Cinderace|typechange|Bug|[from] ability: Libero
|-damage|p2a: Dondozo|49/100
|
|t:|1781255739
|switch|p1a: Slowking|Slowking-Galar, F|100/100|[from] U-turn
|-damage|p1a: Slowking|88/100|[from] Stealth Rock
|
|-heal|p1a: Slowking|94/100|[from] item: Black Sludge
|upkeep
|turn|44
|
|t:|1781255744
|move|p2a: Dondozo|Rest|p2a: Dondozo
|-status|p2a: Dondozo|slp|[from] move: Rest
|-heal|p2a: Dondozo|100/100 slp|[silent]
|move|p1a: Slowking|Psychic Noise|p2a: Dondozo
|-damage|p2a: Dondozo|71/100 slp
|-start|p2a: Dondozo|move: Heal Block
|
|-heal|p1a: Slowking|100/100|[from] item: Black Sludge
|upkeep
|turn|45
|
|t:|1781255751
|cant|p2a: Dondozo|slp
|move|p2a: Dondozo|Sleep Talk|p2a: Dondozo
|cant|p2a: Dondozo|move: Heal Block|Rest
|move|p1a: Slowking|Sludge Wave|p2a: Dondozo
|-damage|p2a: Dondozo|39/100 slp
|
|-end|p2a: Dondozo|move: Heal Block
|upkeep
|turn|46
|
|t:|1781255756
|switch|p2a: Slowking|Slowking-Galar, F|80/100
|-damage|p2a: Slowking|63/100|[from] Spikes
|move|p1a: Slowking|Sludge Wave|p2a: Slowking
|-resisted|p2a: Slowking
|-damage|p2a: Slowking|53/100
|
|upkeep
|turn|47
|
|t:|1781255759
|move|p2a: Slowking|Future Sight|p1a: Slowking
|-start|p2a: Slowking|move: Future Sight
|move|p1a: Slowking|Psychic Noise|p2a: Slowking
|-damage|p2a: Slowking|37/100
|-start|p2a: Slowking|move: Heal Block
|
|upkeep
|turn|48
|
|t:|1781255765
|switch|p2a: Corviknight|Corviknight, M|86/100
|-ability|p2a: Corviknight|Pressure
|move|p1a: Slowking|Psychic Noise|p2a: Corviknight
|-resisted|p2a: Corviknight
|-damage|p2a: Corviknight|73/100
|-start|p2a: Corviknight|move: Heal Block
|
|upkeep
|turn|49
|
|t:|1781255769
|move|p2a: Corviknight|U-turn|p1a: Slowking
|-damage|p1a: Slowking|88/100
|
|t:|1781255771
|switch|p2a: Blissey|Blissey, F|65/100|[from] U-turn
|-damage|p2a: Blissey|48/100|[from] Spikes
|move|p1a: Slowking|Ice Beam|p2a: Blissey
|-damage|p2a: Blissey|38/100
|
|-end|p1a: Slowking|move: Future Sight
|-damage|p1a: Slowking|53/100
|-heal|p1a: Slowking|59/100|[from] item: Black Sludge
|upkeep
|turn|50
|
|t:|1781255777
|switch|p1a: Alomomola|Alomomola, F|82/100
|-damage|p1a: Alomomola|69/100|[from] Stealth Rock
|move|p2a: Blissey|Soft-Boiled|p2a: Blissey
|-heal|p2a: Blissey|88/100
|
|upkeep
|turn|51
|
|t:|1781255783
|switch|p2a: Corviknight|Corviknight, M|73/100
|-ability|p2a: Corviknight|Pressure
|move|p1a: Alomomola|Flip Turn|p2a: Corviknight
|-damage|p2a: Corviknight|62/100
|-damage|p1a: Alomomola|53/100|[from] item: Rocky Helmet|[of] p2a: Corviknight
|
|t:|1781255787
|switch|p1a: Cinderace|Cinderace, F|84/100|[from] Flip Turn
|
|upkeep
|turn|52
|
|t:|1781255794
|move|p1a: Cinderace|Pyro Ball|p2a: Corviknight
|-supereffective|p2a: Corviknight
|-crit|p2a: Corviknight
|-damage|p2a: Corviknight|0 fnt
|faint|p2a: Corviknight
|
|upkeep
|
|t:|1781255799
|switch|p2a: Toxapex|Toxapex, F, tera:Dark|75/100
|-damage|p2a: Toxapex|59/100|[from] Spikes
|turn|53
|
|t:|1781255808
|move|p1a: Cinderace|U-turn|p2a: Toxapex
|-start|p1a: Cinderace|typechange|Bug|[from] ability: Libero
|-supereffective|p2a: Toxapex
|-damage|p2a: Toxapex|13/100
|-damage|p1a: Cinderace|67/100|[from] item: Rocky Helmet|[of] p2a: Toxapex
|
|t:|1781255812
|switch|p1a: Slowking|Slowking-Galar, F|92/100|[from] U-turn
|-damage|p1a: Slowking|80/100|[from] Stealth Rock
|move|p2a: Toxapex|Recover|p2a: Toxapex
|-heal|p2a: Toxapex|63/100
|
|-heal|p1a: Slowking|86/100|[from] item: Black Sludge
|upkeep
|turn|54
|
|t:|1781255820
|switch|p2a: Slowking|Slowking-Galar, F|71/100
|-damage|p2a: Slowking|54/100|[from] Spikes
|move|p1a: Slowking|Sludge Wave|p2a: Slowking
|-resisted|p2a: Slowking
|-damage|p2a: Slowking|43/100
|
|-heal|p1a: Slowking|92/100|[from] item: Black Sludge
|upkeep
|turn|55
|
|t:|1781255825
|move|p2a: Slowking|Future Sight|p1a: Slowking
|-start|p2a: Slowking|move: Future Sight
|move|p1a: Slowking|Ice Beam|p2a: Slowking
|-damage|p2a: Slowking|31/100
|
|-heal|p1a: Slowking|98/100|[from] item: Black Sludge
|upkeep
|turn|56
|
|t:|1781255831
|switch|p2a: Blissey|Blissey, F|88/100
|-damage|p2a: Blissey|71/100|[from] Spikes
|move|p1a: Slowking|Flamethrower|p2a: Blissey
|-damage|p2a: Blissey|62/100
|
|-heal|p1a: Slowking|100/100|[from] item: Black Sludge
|upkeep
|turn|57
|
|t:|1781255836
|switch|p2a: Cinderace|Cinderace, F|100/100
|move|p1a: Slowking|Flamethrower|p2a: Cinderace
|-resisted|p2a: Cinderace
|-damage|p2a: Cinderace|79/100
|
|-end|p1a: Slowking|move: Future Sight
|-damage|p1a: Slowking|63/100
|-heal|p1a: Slowking|69/100|[from] item: Black Sludge
|upkeep
|turn|58
|
|t:|1781255842
|move|p2a: Cinderace|Court Change|p2a: Cinderace
|-start|p2a: Cinderace|typechange|Normal|[from] ability: Libero
|-swapsideconditions
|-activate|p2a: Cinderace|move: Court Change
|move|p1a: Slowking|Sludge Wave|p2a: Cinderace
|-damage|p2a: Cinderace|6/100
|
|-heal|p1a: Slowking|75/100|[from] item: Black Sludge
|upkeep
|turn|59
|
|t:|1781255849
|move|p2a: Cinderace|U-turn|p1a: Slowking
|-damage|p1a: Slowking|56/100
|
|t:|1781255852
|switch|p2a: Blissey|Blissey, F|62/100|[from] U-turn
|-damage|p2a: Blissey|50/100|[from] Stealth Rock
|move|p1a: Slowking|Sludge Wave|p2a: Blissey
|-damage|p2a: Blissey|35/100
|
|-heal|p1a: Slowking|62/100|[from] item: Black Sludge
|upkeep
|turn|60
|
|t:|1781255857
|move|p2a: Blissey|Soft-Boiled|p2a: Blissey
|-heal|p2a: Blissey|85/100
|move|p1a: Slowking|Sludge Wave|p2a: Blissey
|-damage|p2a: Blissey|69/100
|
|-heal|p1a: Slowking|68/100|[from] item: Black Sludge
|upkeep
|turn|61
|
|t:|1781255862
|move|p2a: Blissey|Stealth Rock|p1a: Slowking
|-sidestart|p1: my2005|move: Stealth Rock
|move|p1a: Slowking|Flamethrower|p2a: Blissey
|-damage|p2a: Blissey|59/100
|
|-heal|p1a: Slowking|74/100|[from] item: Black Sludge
|upkeep
|turn|62
|
|t:|1781255866
|switch|p2a: Slowking|Slowking-Galar, F|64/100
|-damage|p2a: Slowking|52/100|[from] Stealth Rock
|move|p1a: Slowking|Sludge Wave|p2a: Slowking
|-resisted|p2a: Slowking
|-damage|p2a: Slowking|41/100
|
|-heal|p1a: Slowking|80/100|[from] item: Black Sludge
|upkeep
|turn|63
|
|t:|1781255873
|switch|p1a: Cinderace|Cinderace, F|67/100
|switch|p2a: Blissey|Blissey, F|59/100
|-damage|p2a: Blissey|46/100|[from] Stealth Rock
|
|upkeep
|turn|64
|
|t:|1781255880
|switch|p2a: Dondozo|Dondozo, M|39/100 slp
|-damage|p2a: Dondozo|26/100 slp|[from] Stealth Rock
|move|p1a: Cinderace|Court Change|p1a: Cinderace
|-start|p1a: Cinderace|typechange|Normal|[from] ability: Libero
|-swapsideconditions
|-activate|p1a: Cinderace|move: Court Change
|
|upkeep
|turn|65
|
|t:|1781255883
|move|p1a: Cinderace|U-turn|p2a: Dondozo
|-damage|p2a: Dondozo|13/100 slp
|
|t:|1781255889
|switch|p1a: Slowking|Slowking-Galar, F|100/100|[from] U-turn
|-damage|p1a: Slowking|88/100|[from] Stealth Rock
|cant|p2a: Dondozo|slp
|move|p2a: Dondozo|Sleep Talk|p2a: Dondozo
|move|p2a: Dondozo|Liquidation|p1a: Slowking|[from] move: Sleep Talk
|-damage|p1a: Slowking|59/100
|-unboost|p1a: Slowking|def|1
|
|-heal|p1a: Slowking|65/100|[from] item: Black Sludge
|upkeep
|turn|66
|
|t:|1781255898
|switch|p1a: Alomomola|Alomomola, F|86/100
|-damage|p1a: Alomomola|74/100|[from] Stealth Rock
|-curestatus|p2a: Dondozo|slp|[msg]
|move|p2a: Dondozo|Rest|p2a: Dondozo
|-status|p2a: Dondozo|slp|[from] move: Rest
|-heal|p2a: Dondozo|100/100 slp|[silent]
|
|upkeep
|turn|67
|
|t:|1781255900
|move|p1a: Alomomola|Wish|p1a: Alomomola
|cant|p2a: Dondozo|slp
|move|p2a: Dondozo|Sleep Talk|p2a: Dondozo
|move|p2a: Dondozo|Curse|p2a: Dondozo|[from] move: Sleep Talk
|-unboost|p2a: Dondozo|spe|1
|-boost|p2a: Dondozo|atk|1
|-boost|p2a: Dondozo|def|1
|
|upkeep
|turn|68
|
|t:|1781255907
|switch|p1a: Whimsicott|Whimsicott, F|100/100
|-damage|p1a: Whimsicott|88/100|[from] Stealth Rock
|cant|p2a: Dondozo|slp
|move|p2a: Dondozo|Sleep Talk|p2a: Dondozo
|move|p2a: Dondozo|Curse|p2a: Dondozo|[from] move: Sleep Talk
|-unboost|p2a: Dondozo|spe|1
|-boost|p2a: Dondozo|atk|1
|-boost|p2a: Dondozo|def|1
|
|-heal|p1a: Whimsicott|100/100|[from] move: Wish|[wisher] Alomomola
|upkeep
|turn|69
|
|t:|1781255910
|move|p1a: Whimsicott|Leech Seed|p2a: Dondozo
|-start|p2a: Dondozo|move: Leech Seed
|-curestatus|p2a: Dondozo|slp|[msg]
|move|p2a: Dondozo|Liquidation|p1a: Whimsicott
|-resisted|p1a: Whimsicott
|-damage|p1a: Whimsicott|77/100
|
|-heal|p1a: Whimsicott|83/100|[from] item: Leftovers
|-damage|p2a: Dondozo|88/100|[from] Leech Seed|[of] p1a: Whimsicott
|-heal|p1a: Whimsicott|100/100|[silent]
|upkeep
|turn|70
|
|t:|1781255917
|switch|p2a: Cinderace|Cinderace, F|6/100
|move|p1a: Whimsicott|Encore||[still]
|-fail|p1a: Whimsicott
|
|upkeep
|turn|71
|
|t:|1781255924
|move|p2a: Cinderace|Court Change|p2a: Cinderace
|-start|p2a: Cinderace|typechange|Normal|[from] ability: Libero
|-swapsideconditions
|-activate|p2a: Cinderace|move: Court Change
|move|p1a: Whimsicott|U-turn|p2a: Cinderace
|-damage|p2a: Cinderace|0 fnt
|faint|p2a: Cinderace
|
|t:|1781255931
|switch|p1a: Alomomola|Alomomola, F|100/100|[from] U-turn
|-damage|p1a: Alomomola|84/100|[from] Spikes
|-damage|p1a: Alomomola|71/100|[from] Stealth Rock
|
|upkeep
|-message|minhoto forfeited.
|
|win|my2005
|raw|my2005's rating: 1688 &rarr; <strong>1702</strong><br />(+14 for winning)
|raw|minhoto's rating: 1574 &rarr; <strong>1560</strong><br />(-14 for losing)
|l|☆minhoto
|player|p2|
|l|☆my2005
|player|p1|
