|badge|p2|bronze|gen9ou|100-9
|uhtml|medal-msg|<div class="broadcast-blue">Curious what those medals under the avatar are? PS now has Ladder Seasons! For more information, check out the <a href="https://www.smogon.com/forums/threads/3740067/">thread on Smogon.</a></div>
|j|☆suprya
|j|☆BlackStar150520
|t:|1781409349
|gametype|singles
|player|p1|suprya|clown|1763
|player|p2|BlackStar150520|unknown|1885
|gen|9
|tier|[Gen 9] OU
|rated|
|rule|HP Percentage Mod: HP is shown in percentages
|rule|Endless Battle Clause: Forcing endless battles is banned
|rule|Species Clause: Limit one of each Pokémon
|rule|OHKO Clause: OHKO moves are banned
|rule|Evasion Items Clause: Evasion items are banned
|rule|Evasion Moves Clause: Evasion moves are banned
|rule|Evasion Abilities Clause: Evasion abilities are banned
|rule|Sleep Moves Clause: Sleep-inducing moves are banned
|clearpoke
|poke|p1|Pelipper, F|
|poke|p1|Hydrapple, M|
|poke|p1|Iron Treads|
|poke|p1|Gholdengo|
|poke|p1|Slowking-Galar, F|
|poke|p1|Greninja-*, M|
|poke|p2|Raging Bolt|
|poke|p2|Kingambit, M|
|poke|p2|Iron Moth|
|poke|p2|Ogerpon-Wellspring, F|
|poke|p2|Scizor, M|
|poke|p2|Great Tusk|
|teampreview
|inactive|Battle timer is ON: inactive players will automatically lose when time's up. (requested by BlackStar150520)
|inactive|suprya also wants the timer to be on.
|
|t:|1781409378
|teamsize|p1|6
|teamsize|p2|6
|start
|switch|p1a: Pelipper|Pelipper, F|100/100
|switch|p2a: ⚡️|Raging Bolt|100/100
|-weather|RainDance|[from] ability: Drizzle|[of] p1a: Pelipper
|turn|1
|
|t:|1781409381
|-end|p2a: ⚡️|Protosynthesis|[silent]
|switch|p2a: Mega Donphan|Great Tusk|100/100
|switch|p1a: Iron Treads|Iron Treads|100/100
|
|-weather|RainDance|[upkeep]
|upkeep
|turn|2
|
|t:|1781409389
|-end|p1a: Iron Treads|Quark Drive|[silent]
|switch|p1a: Pelipper|Pelipper, F|100/100
|move|p2a: Mega Donphan|Stealth Rock|p1a: Pelipper
|-sidestart|p1: suprya|move: Stealth Rock
|
|-weather|RainDance|[upkeep]
|upkeep
|turn|3
|
|t:|1781409399
|-end|p2a: Mega Donphan|Protosynthesis|[silent]
|switch|p2a: ⚡️|Raging Bolt|100/100
|move|p1a: Pelipper|Hurricane|p2a: ⚡️
|-resisted|p2a: ⚡️
|-damage|p2a: ⚡️|84/100
|
|-weather|RainDance|[upkeep]
|-heal|p2a: ⚡️|90/100|[from] item: Leftovers
|upkeep
|turn|4
|
|t:|1781409407
|-end|p2a: ⚡️|Protosynthesis|[silent]
|switch|p2a: 🎭|Ogerpon-Wellspring, F|100/100
|switch|p1a: Iron Treads|Iron Treads|100/100
|-damage|p1a: Iron Treads|98/100|[from] Stealth Rock
|
|-weather|RainDance|[upkeep]
|-heal|p1a: Iron Treads|100/100|[from] item: Leftovers
|upkeep
|turn|5
|
|t:|1781409413
|-end|p1a: Iron Treads|Quark Drive|[silent]
|switch|p1a: Hydrapple|Hydrapple, M|100/100
|move|p2a: 🎭|Knock Off|p1a: Hydrapple
|-damage|p1a: Hydrapple|79/100
|-enditem|p1a: Hydrapple|Heavy-Duty Boots|[from] move: Knock Off|[of] p2a: 🎭
|
|-weather|none
|upkeep
|turn|6
|
|t:|1781409422
|move|p2a: 🎭|U-turn|p1a: Hydrapple
|-supereffective|p1a: Hydrapple
|-damage|p1a: Hydrapple|48/100
|
|t:|1781409425
|switch|p2a: Red Lightning|Scizor, M|100/100|[from] U-turn
|move|p1a: Hydrapple|Fickle Beam|p2a: Red Lightning
|-resisted|p2a: Red Lightning
|-damage|p2a: Red Lightning|79/100
|
|upkeep
|turn|7
|
|t:|1781409433
|switch|p1a: Iron Treads|Iron Treads|100/100
|-damage|p1a: Iron Treads|98/100|[from] Stealth Rock
|move|p2a: Red Lightning|U-turn|p1a: Iron Treads
|-resisted|p1a: Iron Treads
|-damage|p1a: Iron Treads|74/100
|
|t:|1781409441
|switch|p2a: 🎭|Ogerpon-Wellspring, F|100/100|[from] U-turn
|
|-heal|p1a: Iron Treads|80/100|[from] item: Leftovers
|upkeep
|turn|8
|
|t:|1781409448
|move|p2a: 🎭|Ivy Cudgel|p1a: Iron Treads|[anim] Ivy Cudgel Water
|-supereffective|p1a: Iron Treads
|-damage|p1a: Iron Treads|0 fnt
|faint|p1a: Iron Treads
|-end|p1a: Iron Treads|Quark Drive|[silent]
|
|upkeep
|-message|suprya forfeited.
|
|win|BlackStar150520
|raw|suprya's rating: 1763 &rarr; <strong>1750</strong><br />(-13 for losing)
|raw|BlackStar150520's rating: 1885 &rarr; <strong>1898</strong><br />(+13 for winning)
|l|☆suprya
|player|p1|
