|j|☆freekaik
|j|‽Minissou RPPLF
|t:|1780902679
|gametype|singles
|player|p1|freekaik|265|1536
|player|p2|Minissou RPPLF|doctor|1545
|gen|9
|tier|[Gen 9] OU
|rated|
|rule|HP Percentage Mod: HP is shown in percentages
|rule|Endless Battle Clause: Forcing endless battles is banned
|rule|Species Clause: Limit one of each Pokémon
|rule|OHKO Clause: OHKO moves are banned
|rule|Evasion Items Clause: Evasion items are banned
|rule|Evasion Moves Clause: Evasion moves are banned
|rule|Evasion Abilities Clause: Evasion abilities are banned
|rule|Sleep Moves Clause: Sleep-inducing moves are banned
|clearpoke
|poke|p1|Meowscarada, M|
|poke|p1|Great Tusk|
|poke|p1|Metagross|
|poke|p1|Zapdos|
|poke|p1|Greninja-*, M|
|poke|p1|Slowking-Galar, F|
|poke|p2|Kyurem|
|poke|p2|Great Tusk|
|poke|p2|Corviknight, M|
|poke|p2|Primarina, M|
|poke|p2|Pecharunt|
|poke|p2|Darkrai|
|teampreview
|inactive|Battle timer is ON: inactive players will automatically lose when time's up. (requested by Minissou RPPLF)
|inactive|freekaik also wants the timer to be on.
|
|t:|1780902711
|teamsize|p1|6
|teamsize|p2|6
|start
|switch|p1a: Metagross|Metagross, shiny|100/100
|switch|p2a: Darkrai|Darkrai|100/100
|turn|1
|inactive|freekaik has 120 seconds left.
|
|t:|1780902748
|move|p2a: Darkrai|Dark Pulse|p1a: Metagross
|-supereffective|p1a: Metagross
|-damage|p1a: Metagross|10/100
|move|p1a: Metagross|Heavy Slam|p2a: Darkrai
|-damage|p2a: Darkrai|0 fnt
|faint|p2a: Darkrai
|
|upkeep
|
|t:|1780902760
|switch|p2a: Corviknight|Corviknight, M, shiny|100/100
|-ability|p2a: Corviknight|Pressure
|turn|2
|
|t:|1780902765
|switch|p1a: Zapdos|Zapdos, shiny|100/100
|move|p2a: Corviknight|U-turn|p1a: Zapdos
|-resisted|p1a: Zapdos
|-damage|p1a: Zapdos|95/100
|
|t:|1780902769
|switch|p2a: Kyurem|Kyurem|100/100|[from] U-turn
|-ability|p2a: Kyurem|Pressure
|
|upkeep
|turn|3
|
|t:|1780902777
|switch|p1a: Slowking|Slowking-Galar, F|100/100
|move|p2a: Kyurem|Substitute|p2a: Kyurem
|-start|p2a: Kyurem|Substitute
|-damage|p2a: Kyurem|75/100
|
|-heal|p2a: Kyurem|82/100|[from] item: Leftovers
|upkeep
|turn|4
|inactive|freekaik has 120 seconds left.
|inactive|freekaik has 90 seconds left.
|
|t:|1780902854
|-terastallize|p2a: Kyurem|Steel
|move|p2a: Kyurem|Earth Power|p1a: Slowking
|-supereffective|p1a: Slowking
|-damage|p1a: Slowking|68/100
|move|p1a: Slowking|Sludge Bomb|p2a: Kyurem
|-immune|p2a: Kyurem
|
|-heal|p2a: Kyurem|88/100|[from] item: Leftovers
|-heal|p1a: Slowking|74/100|[from] item: Leftovers
|upkeep
|turn|5
|
|t:|1780902866
|move|p2a: Kyurem|Flash Cannon|p1a: Slowking
|-damage|p1a: Slowking|51/100
|-unboost|p1a: Slowking|spd|1
|-prepare|p1a: Slowking|Chilly Reception|[premajor]
|move|p1a: Slowking|Chilly Reception|p1a: Slowking
|-weather|Snowscape
|inactive|freekaik has 60 seconds left.
|
|t:|1780902904
|switch|p1a: Meowscarada|Meowscarada, M|100/100|[from] Chilly Reception
|
|-weather|Snowscape|[upkeep]
|-heal|p2a: Kyurem|94/100|[from] item: Leftovers
|upkeep
|turn|6
|inactive|freekaik has 30 seconds left.
|
|t:|1780902932
|move|p1a: Meowscarada|U-turn|p2a: Kyurem
|-start|p1a: Meowscarada|typechange|Bug|[from] ability: Protean
|-resisted|p2a: Kyurem
|-activate|p2a: Kyurem|move: Substitute|[damage]
|inactive|freekaik has 30 seconds left.
|
|t:|1780902940
|switch|p1a: Slowking|Slowking-Galar, F|84/100|[from] U-turn
|move|p2a: Kyurem|Freeze-Dry|p1a: Slowking
|-damage|p1a: Slowking|62/100
|
|-weather|Snowscape|[upkeep]
|-heal|p2a: Kyurem|99/100|[from] item: Leftovers
|-heal|p1a: Slowking|68/100|[from] item: Leftovers
|upkeep
|turn|7
|
|t:|1780902948
|move|p2a: Kyurem|Earth Power|p1a: Slowking
|-supereffective|p1a: Slowking
|-damage|p1a: Slowking|32/100
|-prepare|p1a: Slowking|Chilly Reception|[premajor]
|move|p1a: Slowking|Chilly Reception|p1a: Slowking
|
|t:|1780902954
|switch|p1a: Meowscarada|Meowscarada, M|100/100|[from] Chilly Reception
|
|-weather|Snowscape|[upkeep]
|-heal|p2a: Kyurem|100/100|[from] item: Leftovers
|upkeep
|turn|8
|inactive|freekaik has 30 seconds left.
|
|t:|1780902974
|move|p1a: Meowscarada|U-turn|p2a: Kyurem
|-start|p1a: Meowscarada|typechange|Bug|[from] ability: Protean
|-resisted|p2a: Kyurem
|-end|p2a: Kyurem|Substitute
|inactive|freekaik has 30 seconds left.
|inactive|freekaik has 20 seconds left.
|inactive|freekaik has 15 seconds left.
|
|t:|1780902995
|switch|p1a: Slowking|Slowking-Galar, F|65/100|[from] U-turn
|move|p2a: Kyurem|Substitute|p2a: Kyurem
|-start|p2a: Kyurem|Substitute
|-damage|p2a: Kyurem|75/100
|
|-weather|Snowscape|[upkeep]
|-heal|p2a: Kyurem|82/100|[from] item: Leftovers
|-heal|p1a: Slowking|71/100|[from] item: Leftovers
|upkeep
|turn|9
|inactive|freekaik has 25 seconds left this turn.
|inactive|freekaik has 20 seconds left.
|
|t:|1780903003
|move|p2a: Kyurem|Earth Power|p1a: Slowking
|-supereffective|p1a: Slowking
|-damage|p1a: Slowking|36/100
|-prepare|p1a: Slowking|Chilly Reception|[premajor]
|move|p1a: Slowking|Chilly Reception|p1a: Slowking
|inactive|freekaik has 25 seconds left this turn.
|inactive|freekaik has 20 seconds left.
|
|t:|1780903011
|switch|p1a: Meowscarada|Meowscarada, M|100/100|[from] Chilly Reception
|
|-weather|none
|-heal|p2a: Kyurem|88/100|[from] item: Leftovers
|upkeep
|turn|10
|inactive|freekaik has 30 seconds left this turn.
|
|t:|1780903016
|move|p1a: Meowscarada|U-turn|p2a: Kyurem
|-start|p1a: Meowscarada|typechange|Bug|[from] ability: Protean
|-resisted|p2a: Kyurem
|-activate|p2a: Kyurem|move: Substitute|[damage]
|inactive|freekaik has 30 seconds left this turn.
|
|t:|1780903022
|switch|p1a: Slowking|Slowking-Galar, F|69/100|[from] U-turn
|move|p2a: Kyurem|Earth Power|p1a: Slowking
|-supereffective|p1a: Slowking
|-damage|p1a: Slowking|31/100
|
|-heal|p2a: Kyurem|94/100|[from] item: Leftovers
|-heal|p1a: Slowking|37/100|[from] item: Leftovers
|upkeep
|turn|11
|inactive|freekaik has 30 seconds left.
|
|t:|1780903031
|switch|p1a: Zapdos|Zapdos, shiny|95/100
|move|p2a: Kyurem|Earth Power|p1a: Zapdos
|-immune|p1a: Zapdos
|
|-heal|p2a: Kyurem|99/100|[from] item: Leftovers
|upkeep
|turn|12
|
|t:|1780903040
|move|p2a: Kyurem|Freeze-Dry|p1a: Zapdos
|-supereffective|p1a: Zapdos
|-damage|p1a: Zapdos|13/100
|move|p1a: Zapdos|Volt Switch|p2a: Kyurem
|-end|p2a: Kyurem|Substitute
|inactive|freekaik has 30 seconds left.
|
|t:|1780903051
|switch|p1a: Meowscarada|Meowscarada, M|100/100|[from] Volt Switch
|
|-heal|p2a: Kyurem|100/100|[from] item: Leftovers
|upkeep
|turn|13
|
|t:|1780903057
|switch|p2a: Pecharunt|Pecharunt|100/100
|move|p1a: Meowscarada|Knock Off|p2a: Pecharunt
|-start|p1a: Meowscarada|typechange|Dark|[from] ability: Protean
|-supereffective|p2a: Pecharunt
|-damage|p2a: Pecharunt|40/100
|-enditem|p2a: Pecharunt|Heavy-Duty Boots|[from] move: Knock Off|[of] p1a: Meowscarada
|
|upkeep
|turn|14
|
|t:|1780903066
|move|p1a: Meowscarada|Knock Off|p2a: Pecharunt
|-supereffective|p2a: Pecharunt
|-crit|p2a: Pecharunt
|-damage|p2a: Pecharunt|0 fnt
|faint|p2a: Pecharunt
|
|upkeep
|
|t:|1780903072
|switch|p2a: Primarina|Primarina, M|100/100
|turn|15
|inactive|freekaik has 30 seconds left.
|
|t:|1780903105
|switch|p1a: Slowking|Slowking-Galar, F|70/100
|move|p2a: Primarina|Flip Turn|p1a: Slowking
|-crit|p1a: Slowking
|-damage|p1a: Slowking|47/100
|
|t:|1780903110
|switch|p2a: Kyurem|Kyurem, tera:Steel|100/100|[from] Flip Turn
|-ability|p2a: Kyurem|Pressure
|
|-heal|p1a: Slowking|53/100|[from] item: Leftovers
|upkeep
|turn|16
|
|t:|1780903116
|move|p2a: Kyurem|Substitute|p2a: Kyurem
|-start|p2a: Kyurem|Substitute
|-damage|p2a: Kyurem|75/100
|-prepare|p1a: Slowking|Chilly Reception|[premajor]
|move|p1a: Slowking|Chilly Reception|p1a: Slowking
|-weather|Snowscape
|inactive|freekaik has 30 seconds left.
|inactive|freekaik has 20 seconds left.
|
|t:|1780903143
|switch|p1a: Meowscarada|Meowscarada, M|100/100|[from] Chilly Reception
|
|-weather|Snowscape|[upkeep]
|-heal|p2a: Kyurem|82/100|[from] item: Leftovers
|upkeep
|turn|17
|inactive|freekaik has 30 seconds left this turn.
|
|t:|1780903148
|move|p1a: Meowscarada|U-turn|p2a: Kyurem
|-start|p1a: Meowscarada|typechange|Bug|[from] ability: Protean
|-resisted|p2a: Kyurem
|-activate|p2a: Kyurem|move: Substitute|[damage]
|inactive|freekaik has 30 seconds left this turn.
|inactive|freekaik has 20 seconds left.
|inactive|freekaik has 15 seconds left.
|
|t:|1780903168
|switch|p1a: Zapdos|Zapdos, shiny|13/100|[from] U-turn
|move|p2a: Kyurem|Flash Cannon|p1a: Zapdos
|-resisted|p1a: Zapdos
|-damage|p1a: Zapdos|0 fnt
|faint|p1a: Zapdos
|
|-weather|Snowscape|[upkeep]
|-heal|p2a: Kyurem|88/100|[from] item: Leftovers
|upkeep
|inactive|freekaik has 20 seconds left this turn.
|inactive|freekaik has 15 seconds left.
|
|t:|1780903176
|switch|p1a: Meowscarada|Meowscarada, M|100/100
|turn|18
|inactive|freekaik has 25 seconds left this turn.
|
|t:|1780903180
|move|p1a: Meowscarada|Knock Off|p2a: Kyurem
|-start|p1a: Meowscarada|typechange|Dark|[from] ability: Protean
|-crit|p2a: Kyurem
|-end|p2a: Kyurem|Substitute
|move|p2a: Kyurem|Substitute|p2a: Kyurem
|-start|p2a: Kyurem|Substitute
|-damage|p2a: Kyurem|63/100
|
|-weather|Snowscape|[upkeep]
|-heal|p2a: Kyurem|69/100|[from] item: Leftovers
|upkeep
|turn|19
|inactive|freekaik has 30 seconds left.
|
|t:|1780903189
|move|p1a: Meowscarada|Knock Off|p2a: Kyurem
|-end|p2a: Kyurem|Substitute
|move|p2a: Kyurem|Flash Cannon|p1a: Meowscarada
|-damage|p1a: Meowscarada|39/100
|
|-weather|Snowscape|[upkeep]
|-heal|p2a: Kyurem|75/100|[from] item: Leftovers
|upkeep
|turn|20
|
|t:|1780903195
|switch|p2a: Great Tusk|Great Tusk|100/100
|move|p1a: Meowscarada|Knock Off|p2a: Great Tusk
|-resisted|p2a: Great Tusk
|-damage|p2a: Great Tusk|75/100
|-damage|p1a: Meowscarada|22/100|[from] item: Rocky Helmet|[of] p2a: Great Tusk
|-enditem|p2a: Great Tusk|Rocky Helmet|[from] move: Knock Off|[of] p1a: Meowscarada
|
|-weather|none
|upkeep
|turn|21
|
|t:|1780903210
|switch|p1a: Great Tusk|Great Tusk|100/100
|-enditem|p1a: Great Tusk|Booster Energy
|-activate|p1a: Great Tusk|ability: Protosynthesis|[fromitem]
|-start|p1a: Great Tusk|protosynthesisatk
|move|p2a: Great Tusk|Stealth Rock|p1a: Great Tusk
|-sidestart|p1: freekaik|move: Stealth Rock
|
|upkeep
|turn|22
|
|t:|1780903217
|-end|p2a: Great Tusk|Protosynthesis|[silent]
|switch|p2a: Corviknight|Corviknight, M, shiny|100/100
|-ability|p2a: Corviknight|Pressure
|move|p1a: Great Tusk|Rapid Spin|p2a: Corviknight
|-resisted|p2a: Corviknight
|-damage|p2a: Corviknight|94/100
|-boost|p1a: Great Tusk|spe|1
|-damage|p1a: Great Tusk|84/100|[from] item: Rocky Helmet|[of] p2a: Corviknight
|-sideend|p1: freekaik|Stealth Rock|[from] move: Rapid Spin|[of] p1a: Great Tusk
|
|upkeep
|turn|23
|
|t:|1780903227
|move|p1a: Great Tusk|Bulk Up|p1a: Great Tusk
|-boost|p1a: Great Tusk|atk|1
|-boost|p1a: Great Tusk|def|1
|move|p2a: Corviknight|Iron Defense|p2a: Corviknight
|-boost|p2a: Corviknight|def|2
|
|upkeep
|turn|24
|
|t:|1780903244
|-end|p1a: Great Tusk|Protosynthesis|[silent]
|switch|p1a: Slowking|Slowking-Galar, F|86/100
|move|p2a: Corviknight|Iron Defense|p2a: Corviknight
|-boost|p2a: Corviknight|def|2
|
|-heal|p1a: Slowking|92/100|[from] item: Leftovers
|upkeep
|turn|25
|
|t:|1780903252
|move|p2a: Corviknight|Brave Bird|p1a: Slowking
|-damage|p1a: Slowking|54/100
|-damage|p2a: Corviknight|81/100|[from] Recoil
|move|p1a: Slowking|Future Sight|p2a: Corviknight
|-start|p1a: Slowking|move: Future Sight
|
|-heal|p1a: Slowking|60/100|[from] item: Leftovers
|upkeep
|turn|26
|
|t:|1780903266
|move|p2a: Corviknight|Brave Bird|p1a: Slowking
|-damage|p1a: Slowking|20/100
|-damage|p2a: Corviknight|68/100|[from] Recoil
|-prepare|p1a: Slowking|Chilly Reception|[premajor]
|move|p1a: Slowking|Chilly Reception|p1a: Slowking
|-weather|Snowscape
|inactive|freekaik has 30 seconds left.
|
|t:|1780903288
|switch|p1a: Metagross|Metagross, shiny|10/100|[from] Chilly Reception
|
|-weather|Snowscape|[upkeep]
|upkeep
|turn|27
|inactive|freekaik has 30 seconds left.
|
|t:|1780903297
|move|p1a: Metagross|Knock Off|p2a: Corviknight
|-damage|p2a: Corviknight|56/100
|-damage|p1a: Metagross|0 fnt|[from] item: Rocky Helmet|[of] p2a: Corviknight
|faint|p1a: Metagross
|move|p2a: Corviknight|Roost|p2a: Corviknight
|-heal|p2a: Corviknight|100/100
|-singleturn|p2a: Corviknight|move: Roost
|
|-weather|Snowscape|[upkeep]
|-end|p2a: Corviknight|move: Future Sight
|-resisted|p2a: Corviknight
|-damage|p2a: Corviknight|80/100
|upkeep
|inactive|freekaik has 30 seconds left.
|inactive|freekaik has 20 seconds left.
|inactive|freekaik has 15 seconds left.
|
|t:|1780903320
|switch|p1a: Meowscarada|Meowscarada, M|22/100
|turn|28
|inactive|freekaik has 25 seconds left this turn.
|inactive|freekaik has 20 seconds left.
|
|t:|1780903327
|move|p1a: Meowscarada|Knock Off|p2a: Corviknight
|-start|p1a: Meowscarada|typechange|Dark|[from] ability: Protean
|-damage|p2a: Corviknight|65/100
|-damage|p1a: Meowscarada|6/100|[from] item: Rocky Helmet|[of] p2a: Corviknight
|-enditem|p2a: Corviknight|Rocky Helmet|[from] move: Knock Off|[of] p1a: Meowscarada
|move|p2a: Corviknight|Brave Bird|p1a: Meowscarada
|-damage|p1a: Meowscarada|0 fnt
|faint|p1a: Meowscarada
|-damage|p2a: Corviknight|64/100|[from] Recoil
|
|-weather|Snowscape|[upkeep]
|upkeep
|inactive|freekaik has 25 seconds left this turn.
|inactive|freekaik has 20 seconds left.
|inactive|freekaik has 15 seconds left.
|
|t:|1780903338
|switch|p1a: Greninja|Greninja, M|100/100
|turn|29
|inactive|freekaik has 25 seconds left this turn.
|
|t:|1780903342
|-terastallize|p1a: Greninja|Water
|move|p1a: Greninja|Surf|p2a: Corviknight
|-damage|p2a: Corviknight|0 fnt
|faint|p2a: Corviknight
|-ability|p1a: Greninja|Battle Bond|boost
|-boost|p1a: Greninja|atk|1
|-boost|p1a: Greninja|spa|1
|-boost|p1a: Greninja|spe|1
|-activate|p1a: Greninja|ability: Battle Bond
|-damage|p1a: Greninja|91/100|[from] item: Life Orb
|
|-weather|Snowscape|[upkeep]
|upkeep
|
|t:|1780903350
|switch|p2a: Primarina|Primarina, M|100/100
|turn|30
|
|t:|1780903355
|move|p1a: Greninja|Sludge Wave|p2a: Primarina
|-supereffective|p2a: Primarina
|-damage|p2a: Primarina|35/100
|-damage|p1a: Greninja|81/100|[from] item: Life Orb
|move|p2a: Primarina|Moonblast|p1a: Greninja
|-damage|p1a: Greninja|0 fnt
|faint|p1a: Greninja
|
|-weather|none
|upkeep
|inactive|freekaik has 30 seconds left.
|
|t:|1780903379
|switch|p1a: Slowking|Slowking-Galar, F|53/100
|turn|31
|inactive|freekaik has 30 seconds left.
|
|t:|1780903389
|switch|p2a: Kyurem|Kyurem, tera:Steel|75/100
|-ability|p2a: Kyurem|Pressure
|-prepare|p1a: Slowking|Chilly Reception|[premajor]
|move|p1a: Slowking|Chilly Reception|p1a: Slowking
|-weather|Snowscape
|inactive|freekaik has 30 seconds left.
|
|t:|1780903395
|switch|p1a: Great Tusk|Great Tusk|84/100|[from] Chilly Reception
|
|-weather|Snowscape|[upkeep]
|-heal|p2a: Kyurem|81/100|[from] item: Leftovers
|upkeep
|turn|32
|
|t:|1780903401
|move|p2a: Kyurem|Freeze-Dry|p1a: Great Tusk
|-supereffective|p1a: Great Tusk
|-damage|p1a: Great Tusk|0 fnt
|faint|p1a: Great Tusk
|-end|p1a: Great Tusk|Protosynthesis|[silent]
|
|-weather|Snowscape|[upkeep]
|-heal|p2a: Kyurem|88/100|[from] item: Leftovers
|upkeep
|-message|freekaik forfeited.
|
|win|Minissou RPPLF
|raw|freekaik's rating: 1536 &rarr; <strong>1517</strong><br />(-19 for losing)
|raw|Minissou RPPLF's rating: 1545 &rarr; <strong>1564</strong><br />(+19 for winning)
|l|☆freekaik
|player|p1|
