|j|☆18dabloons
|j|☆bongzongweedluvr
|t:|1781155855
|gametype|singles
|player|p1|18dabloons|caitlin|1765
|player|p2|bongzongweedluvr|1|1648
|gen|9
|tier|[Gen 9] OU
|rated|
|rule|HP Percentage Mod: HP is shown in percentages
|rule|Endless Battle Clause: Forcing endless battles is banned
|rule|Species Clause: Limit one of each Pokémon
|rule|OHKO Clause: OHKO moves are banned
|rule|Evasion Items Clause: Evasion items are banned
|rule|Evasion Moves Clause: Evasion moves are banned
|rule|Evasion Abilities Clause: Evasion abilities are banned
|rule|Sleep Moves Clause: Sleep-inducing moves are banned
|clearpoke
|poke|p1|Ursaluna, F|
|poke|p1|Rillaboom, F|
|poke|p1|Iron Moth|
|poke|p1|Ogerpon-Wellspring, F|
|poke|p1|Scizor, F|
|poke|p1|Ting-Lu|
|poke|p2|Greninja-*, M|
|poke|p2|Glimmora, M|
|poke|p2|Garchomp, M|
|poke|p2|Iron Valiant|
|poke|p2|Ceruledge, M|
|poke|p2|Kingambit, M|
|teampreview
|inactive|Battle timer is ON: inactive players will automatically lose when time's up. (requested by bongzongweedluvr)
|inactive|18dabloons has 120 seconds left.
|
|t:|1781155887
|teamsize|p1|6
|teamsize|p2|6
|start
|switch|p1a: Ting-Lu|Ting-Lu|100/100
|switch|p2a: Glimmora|Glimmora, M|100/100
|-ability|p1a: Ting-Lu|Vessel of Ruin
|turn|1
|
|t:|1781155897
|switch|p2a: Ceruledge|Ceruledge, M|100/100
|-item|p2a: Ceruledge|Air Balloon
|move|p1a: Ting-Lu|Stealth Rock|p2a: Ceruledge
|-sidestart|p2: bongzongweedluvr|move: Stealth Rock
|
|upkeep
|turn|2
|
|t:|1781155906
|switch|p2a: Greninja|Greninja, M|100/100
|-damage|p2a: Greninja|88/100|[from] Stealth Rock
|move|p1a: Ting-Lu|Payback|p2a: Greninja
|-resisted|p2a: Greninja
|-damage|p2a: Greninja|74/100
|
|upkeep
|turn|3
|
|t:|1781155922
|switch|p1a: Scizor|Scizor, F|100/100
|move|p2a: Greninja|Surf|p1a: Scizor
|-crit|p1a: Scizor
|-damage|p1a: Scizor|33/100
|-enditem|p1a: Scizor|Sitrus Berry|[eat]
|-heal|p1a: Scizor|58/100|[from] item: Sitrus Berry
|
|upkeep
|turn|4
|
|t:|1781155932
|move|p2a: Greninja|Dark Pulse|p1a: Scizor
|-damage|p1a: Scizor|13/100
|move|p1a: Scizor|U-turn|p2a: Greninja
|-supereffective|p2a: Greninja
|-crit|p2a: Greninja
|-damage|p2a: Greninja|0 fnt
|faint|p2a: Greninja
|
|t:|1781155957
|switch|p1a: Rillaboom|Rillaboom, F|100/100|[from] U-turn
|-fieldstart|move: Grassy Terrain|[from] ability: Grassy Surge|[of] p1a: Rillaboom
|
|upkeep
|j| qklingying
|
|t:|1781155963
|switch|p2a: Glimmora|Glimmora, M|100/100
|-damage|p2a: Glimmora|88/100|[from] Stealth Rock
|turn|5
|
|t:|1781155981
|switch|p1a: Ursaluna|Ursaluna, F|100/100
|move|p2a: Glimmora|Meteor Beam||[still]
|-prepare|p2a: Glimmora|Meteor Beam
|-boost|p2a: Glimmora|spa|1
|-enditem|p2a: Glimmora|Power Herb
|-anim|p2a: Glimmora|Meteor Beam|p1a: Ursaluna|[miss]
|-miss|p2a: Glimmora|p1a: Ursaluna
|
|-heal|p2a: Glimmora|94/100|[from] Grassy Terrain
|-status|p1a: Ursaluna|brn|[from] item: Flame Orb
|upkeep
|turn|6
|inactive|18dabloons has 120 seconds left.
|
|t:|1781155998
|move|p2a: Glimmora|Mortal Spin|p1a: Ursaluna
|-resisted|p1a: Ursaluna
|-damage|p1a: Ursaluna|98/100 brn
|-sideend|p2: bongzongweedluvr|Stealth Rock|[from] move: Mortal Spin|[of] p2a: Glimmora
|move|p1a: Ursaluna|Fire Punch|p2a: Glimmora
|-resisted|p2a: Glimmora
|-damage|p2a: Glimmora|67/100
|-activate|p2a: Glimmora|ability: Toxic Debris
|-sidestart|p1: 18dabloons|move: Toxic Spikes
|
|-heal|p2a: Glimmora|73/100|[from] Grassy Terrain
|-heal|p1a: Ursaluna|100/100 brn|[from] Grassy Terrain
|-damage|p1a: Ursaluna|94/100 brn|[from] brn
|upkeep
|turn|7
|
|t:|1781156005
|move|p2a: Glimmora|Stealth Rock|p1a: Ursaluna
|-sidestart|p1: 18dabloons|move: Stealth Rock
|move|p1a: Ursaluna|Headlong Rush|p2a: Glimmora
|-supereffective|p2a: Glimmora
|-damage|p2a: Glimmora|0 fnt
|-unboost|p1a: Ursaluna|def|1
|-unboost|p1a: Ursaluna|spd|1
|-activate|p2a: Glimmora|ability: Toxic Debris
|-sidestart|p1: 18dabloons|move: Toxic Spikes
|faint|p2a: Glimmora
|
|-heal|p1a: Ursaluna|100/100 brn|[from] Grassy Terrain
|-damage|p1a: Ursaluna|94/100 brn|[from] brn
|upkeep
|
|t:|1781156011
|switch|p2a: Garchomp|Garchomp, M|100/100
|turn|8
|inactive|18dabloons has 120 seconds left.
|inactive|18dabloons has 90 seconds left.
|
|t:|1781156073
|switch|p2a: Ceruledge|Ceruledge, M|100/100
|-item|p2a: Ceruledge|Air Balloon
|-terastallize|p1a: Ursaluna|Fairy
|move|p1a: Ursaluna|Facade|p2a: Ceruledge
|-immune|p2a: Ceruledge
|
|-heal|p1a: Ursaluna|100/100 brn|[from] Grassy Terrain
|-damage|p1a: Ursaluna|94/100 brn|[from] brn
|-fieldend|move: Grassy Terrain
|upkeep
|turn|9
|
|t:|1781156082
|switch|p1a: Scizor|Scizor, F|13/100
|-damage|p1a: Scizor|0 fnt|[from] Stealth Rock
|faint|p1a: Scizor
|move|p2a: Ceruledge|Swords Dance|p2a: Ceruledge
|-boost|p2a: Ceruledge|atk|2
|
|upkeep
|inactive|18dabloons has 60 seconds left.
|
|t:|1781156117
|switch|p1a: Ting-Lu|Ting-Lu|100/100
|-status|p1a: Ting-Lu|tox
|-damage|p1a: Ting-Lu|94/100 tox|[from] Stealth Rock
|-ability|p1a: Ting-Lu|Vessel of Ruin
|turn|10
|
|t:|1781156122
|switch|p2a: Iron Valiant|Iron Valiant|100/100
|-enditem|p2a: Iron Valiant|Booster Energy
|-activate|p2a: Iron Valiant|ability: Quark Drive|[fromitem]
|-start|p2a: Iron Valiant|quarkdrivespe
|move|p1a: Ting-Lu|Payback|p2a: Iron Valiant
|-resisted|p2a: Iron Valiant
|-damage|p2a: Iron Valiant|95/100
|
|-heal|p1a: Ting-Lu|100/100 tox|[from] item: Leftovers
|-damage|p1a: Ting-Lu|94/100 tox|[from] psn
|upkeep
|turn|11
|
|t:|1781156135
|move|p2a: Iron Valiant|Encore|p1a: Ting-Lu
|-start|p1a: Ting-Lu|Encore
|move|p1a: Ting-Lu|Payback|p2a: Iron Valiant
|-resisted|p2a: Iron Valiant
|-damage|p2a: Iron Valiant|83/100
|
|-heal|p1a: Ting-Lu|100/100 tox|[from] item: Leftovers
|-damage|p1a: Ting-Lu|88/100 tox|[from] psn
|upkeep
|turn|12
|
|t:|1781156143
|switch|p1a: Iron Moth|Iron Moth|100/100
|-sideend|p1: 18dabloons|move: Toxic Spikes|[of] p1a: Iron Moth
|-damage|p1a: Iron Moth|76/100|[from] Stealth Rock
|move|p2a: Iron Valiant|Calm Mind|p2a: Iron Valiant
|-boost|p2a: Iron Valiant|spa|1
|-boost|p2a: Iron Valiant|spd|1
|
|upkeep
|turn|13
|
|t:|1781156156
|move|p2a: Iron Valiant|Shadow Ball|p1a: Iron Moth
|-damage|p1a: Iron Moth|34/100
|move|p1a: Iron Moth|Fiery Dance|p2a: Iron Valiant
|-damage|p2a: Iron Valiant|25/100
|-boost|p1a: Iron Moth|spa|1
|
|upkeep
|turn|14
|inactive|18dabloons has 60 seconds left.
|
|t:|1781156178
|move|p2a: Iron Valiant|Shadow Ball|p1a: Iron Moth
|-damage|p1a: Iron Moth|0 fnt
|faint|p1a: Iron Moth
|-end|p1a: Iron Moth|Quark Drive|[silent]
|
|upkeep
|inactive|18dabloons has 60 seconds left.
|
|t:|1781156190
|switch|p1a: Rillaboom|Rillaboom, F|100/100
|-fieldstart|move: Grassy Terrain|[from] ability: Grassy Surge|[of] p1a: Rillaboom
|turn|15
|inactive|18dabloons has 60 seconds left.
|
|t:|1781156204
|-end|p2a: Iron Valiant|Quark Drive|[silent]
|switch|p2a: Garchomp|Garchomp, M|100/100
|move|p1a: Rillaboom|Grassy Glide|p2a: Garchomp
|-damage|p2a: Garchomp|62/100
|-damage|p1a: Rillaboom|88/100|[from] ability: Rough Skin|[of] p2a: Garchomp
|
|-heal|p2a: Garchomp|68/100|[from] Grassy Terrain
|-heal|p1a: Rillaboom|94/100|[from] Grassy Terrain
|upkeep
|turn|16
|inactive|18dabloons has 60 seconds left.
|
|t:|1781156221
|move|p1a: Rillaboom|Grassy Glide|p2a: Garchomp
|-damage|p2a: Garchomp|27/100
|-damage|p1a: Rillaboom|82/100|[from] ability: Rough Skin|[of] p2a: Garchomp
|move|p2a: Garchomp|Scale Shot|p1a: Rillaboom
|-damage|p1a: Rillaboom|70/100
|-damage|p1a: Rillaboom|57/100
|-damage|p1a: Rillaboom|44/100
|-damage|p1a: Rillaboom|32/100
|-hitcount|p1a: Rillaboom|4
|-unboost|p2a: Garchomp|def|1
|-boost|p2a: Garchomp|spe|1
|
|-heal|p2a: Garchomp|33/100|[from] Grassy Terrain
|-heal|p1a: Rillaboom|38/100|[from] Grassy Terrain
|upkeep
|turn|17
|inactive|bongzongweedluvr has 120 seconds left.
|
|t:|1781156263
|-terastallize|p2a: Garchomp|Fire
|move|p1a: Rillaboom|Grassy Glide|p2a: Garchomp
|-resisted|p2a: Garchomp
|-crit|p2a: Garchomp
|-damage|p2a: Garchomp|0 fnt
|-damage|p1a: Rillaboom|26/100|[from] ability: Rough Skin|[of] p2a: Garchomp
|faint|p2a: Garchomp
|
|-heal|p1a: Rillaboom|32/100|[from] Grassy Terrain
|upkeep
|
|t:|1781156268
|switch|p2a: Ceruledge|Ceruledge, M|100/100
|-item|p2a: Ceruledge|Air Balloon
|turn|18
|
|t:|1781156291
|move|p2a: Ceruledge|Bitter Blade|p1a: Rillaboom
|-supereffective|p1a: Rillaboom
|-damage|p1a: Rillaboom|0 fnt
|faint|p1a: Rillaboom
|
|upkeep
|inactive|18dabloons has 60 seconds left.
|
|t:|1781156307
|switch|p1a: Ogerpon|Ogerpon-Wellspring, F|100/100
|-damage|p1a: Ogerpon|88/100|[from] Stealth Rock
|turn|19
|inactive|18dabloons has 60 seconds left.
|inactive|bongzongweedluvr has 120 seconds left.
|
|t:|1781156323
|switch|p2a: Kingambit|Kingambit, M|100/100
|-activate|p2a: Kingambit|ability: Supreme Overlord
|-start|p2a: Kingambit|fallen3|[silent]
|move|p1a: Ogerpon|Ivy Cudgel|p2a: Kingambit|[anim] Ivy Cudgel Water
|-damage|p2a: Kingambit|49/100
|
|-heal|p1a: Ogerpon|94/100|[from] Grassy Terrain
|-heal|p2a: Kingambit|55/100|[from] Grassy Terrain
|-fieldend|move: Grassy Terrain
|upkeep
|turn|20
|inactive|18dabloons has 60 seconds left.
|
|t:|1781156339
|move|p1a: Ogerpon|Ivy Cudgel|p2a: Kingambit|[anim] Ivy Cudgel Water
|-damage|p2a: Kingambit|7/100
|move|p2a: Kingambit|Kowtow Cleave|p1a: Ogerpon
|-damage|p1a: Ogerpon|0 fnt
|faint|p1a: Ogerpon
|
|upkeep
|
|t:|1781156353
|switch|p1a: Ursaluna|Ursaluna, F, tera:Fairy|94/100 brn
|-damage|p1a: Ursaluna|82/100 brn|[from] Stealth Rock
|turn|21
|
|t:|1781156357
|move|p2a: Kingambit|Iron Head|p1a: Ursaluna
|-supereffective|p1a: Ursaluna
|-damage|p1a: Ursaluna|0 fnt
|faint|p1a: Ursaluna
|
|upkeep
|
|t:|1781156360
|switch|p1a: Ting-Lu|Ting-Lu|88/100 tox
|-damage|p1a: Ting-Lu|82/100 tox|[from] Stealth Rock
|-ability|p1a: Ting-Lu|Vessel of Ruin
|turn|22
|
|t:|1781156366
|move|p2a: Kingambit|Iron Head|p1a: Ting-Lu
|-damage|p1a: Ting-Lu|54/100 tox
|move|p1a: Ting-Lu|Body Press|p2a: Kingambit
|-supereffective|p2a: Kingambit
|-damage|p2a: Kingambit|0 fnt
|faint|p2a: Kingambit
|-end|p2a: Kingambit|fallen3|[silent]
|
|-heal|p1a: Ting-Lu|60/100 tox|[from] item: Leftovers
|-damage|p1a: Ting-Lu|54/100 tox|[from] psn
|upkeep
|
|t:|1781156371
|switch|p2a: Iron Valiant|Iron Valiant|25/100
|turn|23
|
|t:|1781156378
|move|p2a: Iron Valiant|Encore|p1a: Ting-Lu
|-start|p1a: Ting-Lu|Encore
|move|p1a: Ting-Lu|Body Press|p2a: Iron Valiant
|-resisted|p2a: Iron Valiant
|-damage|p2a: Iron Valiant|9/100
|
|-heal|p1a: Ting-Lu|60/100 tox|[from] item: Leftovers
|-damage|p1a: Ting-Lu|47/100 tox|[from] psn
|upkeep
|turn|24
|
|t:|1781156381
|move|p2a: Iron Valiant|Moonblast|p1a: Ting-Lu
|-supereffective|p1a: Ting-Lu
|-damage|p1a: Ting-Lu|1/100 tox
|-unboost|p1a: Ting-Lu|spa|1
|move|p1a: Ting-Lu|Body Press|p2a: Iron Valiant
|-resisted|p2a: Iron Valiant
|-damage|p2a: Iron Valiant|0 fnt
|faint|p2a: Iron Valiant
|-end|p2a: Iron Valiant|Quark Drive|[silent]
|
|-heal|p1a: Ting-Lu|8/100 tox|[from] item: Leftovers
|-damage|p1a: Ting-Lu|0 fnt|[from] psn
|faint|p1a: Ting-Lu
|
|win|bongzongweedluvr
|raw|18dabloons's rating: 1765 &rarr; <strong>1739</strong><br />(-26 for losing)
|raw|bongzongweedluvr's rating: 1648 &rarr; <strong>1674</strong><br />(+26 for winning)
|l|☆18dabloons
|player|p1|
|l| qklingying
