|j|☆Kazuelasnt
|j|☆tony urbadaliano
|t:|1780973779
|gametype|singles
|player|p1|Kazuelasnt|cress|1575
|player|p2|tony urbadaliano|hooligans|1659
|gen|9
|tier|[Gen 9] OU
|rated|
|rule|HP Percentage Mod: HP is shown in percentages
|rule|Endless Battle Clause: Forcing endless battles is banned
|rule|Species Clause: Limit one of each Pokémon
|rule|OHKO Clause: OHKO moves are banned
|rule|Evasion Items Clause: Evasion items are banned
|rule|Evasion Moves Clause: Evasion moves are banned
|rule|Evasion Abilities Clause: Evasion abilities are banned
|rule|Sleep Moves Clause: Sleep-inducing moves are banned
|clearpoke
|poke|p1|Araquanid, M|
|poke|p1|Gholdengo|
|poke|p1|Typhlosion-Hisui, M|
|poke|p1|Zamazenta-*|
|poke|p1|Raging Bolt|
|poke|p1|Dragonite, F|
|poke|p2|Iron Valiant|
|poke|p2|Latias, F|
|poke|p2|Kingambit, M|
|poke|p2|Cinderace, F|
|poke|p2|Ogerpon-Wellspring, F|
|poke|p2|Landorus-Therian, M|
|teampreview
|inactive|Battle timer is ON: inactive players will automatically lose when time's up. (requested by tony urbadaliano)
|
|t:|1780973786
|teamsize|p1|6
|teamsize|p2|6
|start
|switch|p1a: Nosk|Araquanid, M, shiny|100/100
|switch|p2a: cLOUDDEAD|Landorus-Therian, M|100/100
|-ability|p2a: cLOUDDEAD|Intimidate|boost
|-unboost|p1a: Nosk|atk|1
|turn|1
|
|t:|1780973792
|move|p2a: cLOUDDEAD|Taunt|p1a: Nosk
|-start|p1a: Nosk|move: Taunt
|move|p1a: Nosk|Surf|p2a: cLOUDDEAD
|-supereffective|p2a: cLOUDDEAD
|-damage|p2a: cLOUDDEAD|25/100
|
|upkeep
|turn|2
|
|t:|1780973795
|move|p2a: cLOUDDEAD|U-turn|p1a: Nosk
|-damage|p1a: Nosk|80/100
|
|t:|1780973798
|switch|p2a: The Blue Mask|Ogerpon-Wellspring, F|100/100|[from] U-turn
|move|p1a: Nosk|Lunge|p2a: The Blue Mask
|-supereffective|p2a: The Blue Mask
|-damage|p2a: The Blue Mask|67/100
|-unboost|p2a: The Blue Mask|atk|1
|
|upkeep
|turn|3
|
|t:|1780973803
|move|p2a: The Blue Mask|U-turn|p1a: Nosk
|-damage|p1a: Nosk|63/100
|
|t:|1780973808
|switch|p2a: Firestarter|Cinderace, F|100/100|[from] U-turn
|move|p1a: Nosk|Lunge|p2a: Firestarter
|-resisted|p2a: Firestarter
|-damage|p2a: Firestarter|92/100
|-unboost|p2a: Firestarter|atk|1
|
|-end|p1a: Nosk|move: Taunt
|upkeep
|turn|4
|
|t:|1780973813
|move|p2a: Firestarter|U-turn|p1a: Nosk
|-damage|p1a: Nosk|51/100
|
|t:|1780973816
|switch|p2a: cLOUDDEAD|Landorus-Therian, M|25/100|[from] U-turn
|-ability|p2a: cLOUDDEAD|Intimidate|boost
|-unboost|p1a: Nosk|atk|1
|move|p1a: Nosk|Sticky Web|p2a: cLOUDDEAD
|-sidestart|p2: tony urbadaliano|move: Sticky Web
|
|upkeep
|turn|5
|
|t:|1780973818
|move|p2a: cLOUDDEAD|U-turn|p1a: Nosk
|-damage|p1a: Nosk|31/100
|
|t:|1780973821
|switch|p2a: The Blue Mask|Ogerpon-Wellspring, F|67/100|[from] U-turn
|-activate|p2a: The Blue Mask|move: Sticky Web
|-unboost|p2a: The Blue Mask|spe|1
|move|p1a: Nosk|Surf|p2a: The Blue Mask
|-heal|p2a: The Blue Mask|92/100|[from] ability: Water Absorb|[of] p1a: Nosk
|
|upkeep
|turn|6
|
|t:|1780973825
|move|p2a: The Blue Mask|U-turn|p1a: Nosk
|-damage|p1a: Nosk|6/100
|
|t:|1780973828
|switch|p2a: Firestarter|Cinderace, F|92/100|[from] U-turn
|move|p1a: Nosk|Lunge|p2a: Firestarter
|-resisted|p2a: Firestarter
|-damage|p2a: Firestarter|86/100
|-unboost|p2a: Firestarter|atk|1
|
|upkeep
|turn|7
|-enditem|p1a: Nosk|Custap Berry|[eat]
|-activate|p1a: Nosk|item: Custap Berry|[consumed]
|
|t:|1780973832
|move|p1a: Nosk|Sticky Web||[still]
|-fail|p1a: Nosk
|move|p2a: Firestarter|Court Change|p2a: Firestarter
|-swapsideconditions
|-activate|p2a: Firestarter|move: Court Change
|
|upkeep
|turn|8
|
|t:|1780973837
|move|p2a: Firestarter|U-turn|p1a: Nosk
|-damage|p1a: Nosk|0 fnt
|faint|p1a: Nosk
|
|t:|1780973840
|switch|p2a: cLOUDDEAD|Landorus-Therian, M|25/100|[from] U-turn
|
|upkeep
|c|☆Kazuelasnt|Im so dumb omg
|
|t:|1780973854
|switch|p1a: Elliot|Zamazenta|100/100
|-activate|p1a: Elliot|move: Sticky Web
|-unboost|p1a: Elliot|spe|1
|-ability|p1a: Elliot|Dauntless Shield|boost
|-boost|p1a: Elliot|def|1
|turn|9
|
|t:|1780973873
|move|p2a: cLOUDDEAD|U-turn|p1a: Elliot
|-resisted|p1a: Elliot
|-damage|p1a: Elliot|93/100
|
|t:|1780973880
|switch|p2a: The Blue Mask|Ogerpon-Wellspring, F|92/100|[from] U-turn
|move|p1a: Elliot|Ice Fang|p2a: The Blue Mask
|-damage|p2a: The Blue Mask|52/100
|-damage|p1a: Elliot|83/100|[from] item: Life Orb
|
|upkeep
|turn|10
|
|t:|1780973890
|switch|p2a: cLOUDDEAD|Landorus-Therian, M|25/100
|-ability|p2a: cLOUDDEAD|Intimidate|boost
|-unboost|p1a: Elliot|atk|1
|move|p1a: Elliot|Close Combat|p2a: cLOUDDEAD
|-resisted|p2a: cLOUDDEAD
|-damage|p2a: cLOUDDEAD|0 fnt
|-unboost|p1a: Elliot|def|1
|-unboost|p1a: Elliot|spd|1
|-damage|p1a: Elliot|67/100|[from] item: Rocky Helmet|[of] p2a: cLOUDDEAD
|faint|p2a: cLOUDDEAD
|-damage|p1a: Elliot|57/100|[from] item: Life Orb
|
|upkeep
|
|t:|1780973898
|switch|p2a: Lodi Dodi|Latias, F|100/100
|turn|11
|
|t:|1780973903
|switch|p1a: A Penny|Gholdengo|100/100
|-item|p1a: A Penny|Air Balloon
|move|p2a: Lodi Dodi|Agility|p2a: Lodi Dodi
|-boost|p2a: Lodi Dodi|spe|2
|
|upkeep
|turn|12
|
|t:|1780973906
|switch|p2a: Crimson King|Kingambit, M|100/100
|move|p1a: A Penny|Nasty Plot|p1a: A Penny
|-boost|p1a: A Penny|spa|2
|
|upkeep
|turn|13
|
|t:|1780973911
|switch|p1a: Alba|Dragonite, F|100/100
|move|p2a: Crimson King|Kowtow Cleave|p1a: Alba
|-damage|p1a: Alba|71/100
|
|upkeep
|turn|14
|
|t:|1780973924
|switch|p2a: Lodi Dodi|Latias, F|100/100
|move|p1a: Alba|Earthquake|p2a: Lodi Dodi
|-immune|p2a: Lodi Dodi|[from] ability: Levitate
|
|upkeep
|turn|15
|
|t:|1780973930
|switch|p1a: Elliot|Zamazenta|57/100
|-activate|p1a: Elliot|move: Sticky Web
|-unboost|p1a: Elliot|spe|1
|move|p2a: Lodi Dodi|Agility|p2a: Lodi Dodi
|-boost|p2a: Lodi Dodi|spe|2
|
|upkeep
|turn|16
|
|t:|1780973935
|move|p2a: Lodi Dodi|Calm Mind|p2a: Lodi Dodi
|-boost|p2a: Lodi Dodi|spa|1
|-boost|p2a: Lodi Dodi|spd|1
|move|p1a: Elliot|Crunch|p2a: Lodi Dodi
|-supereffective|p2a: Lodi Dodi
|-damage|p2a: Lodi Dodi|48/100
|-unboost|p2a: Lodi Dodi|def|1
|-enditem|p2a: Lodi Dodi|Weakness Policy
|-boost|p2a: Lodi Dodi|atk|2|[from] item: Weakness Policy
|-boost|p2a: Lodi Dodi|spa|2|[from] item: Weakness Policy
|-damage|p1a: Elliot|47/100|[from] item: Life Orb
|
|upkeep
|turn|17
|
|t:|1780973941
|-terastallize|p1a: Elliot|Dark
|move|p2a: Lodi Dodi|Stored Power|p1a: Elliot
|-immune|p1a: Elliot
|move|p1a: Elliot|Crunch|p2a: Lodi Dodi
|-supereffective|p2a: Lodi Dodi
|-damage|p2a: Lodi Dodi|0 fnt
|faint|p2a: Lodi Dodi
|-damage|p1a: Elliot|37/100|[from] item: Life Orb
|
|upkeep
|
|t:|1780973945
|switch|p2a: Loveless|Iron Valiant|100/100
|turn|18
|
|t:|1780973956
|-terastallize|p2a: Loveless|Fairy
|move|p2a: Loveless|Moonblast|p1a: Elliot
|-supereffective|p1a: Elliot
|-damage|p1a: Elliot|0 fnt
|faint|p1a: Elliot
|
|upkeep
|
|t:|1780973964
|switch|p1a: Allegations|Typhlosion-Hisui, M, shiny|100/100
|-activate|p1a: Allegations|move: Sticky Web
|-unboost|p1a: Allegations|spe|1
|-item|p2a: Loveless|Choice Specs|[from] ability: Frisk|[of] p1a: Allegations
|turn|19
|
|t:|1780973969
|-end|p2a: Loveless|Quark Drive|[silent]
|switch|p2a: Firestarter|Cinderace, F|86/100
|move|p1a: Allegations|Fire Blast|p2a: Firestarter
|-resisted|p2a: Firestarter
|-damage|p2a: Firestarter|36/100
|
|upkeep
|turn|20
|
|t:|1780973975
|move|p2a: Firestarter|U-turn|p1a: Allegations
|-resisted|p1a: Allegations
|-damage|p1a: Allegations|94/100
|
|t:|1780973979
|switch|p2a: The Blue Mask|Ogerpon-Wellspring, F|52/100|[from] U-turn
|move|p1a: Allegations|Fire Blast|p2a: The Blue Mask
|-damage|p2a: The Blue Mask|0 fnt
|faint|p2a: The Blue Mask
|
|upkeep
|c|☆tony urbadaliano|omg im so dumb also
|
|t:|1780973992
|switch|p2a: Crimson King|Kingambit, M|100/100
|turn|21
|
|t:|1780973996
|move|p1a: Allegations|Fire Blast|p2a: Crimson King
|-supereffective|p2a: Crimson King
|-damage|p2a: Crimson King|0 fnt
|faint|p2a: Crimson King
|
|upkeep
|-message|tony urbadaliano forfeited.
|
|win|Kazuelasnt
|raw|Kazuelasnt's rating: 1575 &rarr; <strong>1600</strong><br />(+25 for winning)
|raw|tony urbadaliano's rating: 1659 &rarr; <strong>1634</strong><br />(-25 for losing)
|l|☆tony urbadaliano
|player|p2|
|l|☆Kazuelasnt
|player|p1|
