|j|☆KurisuChestnutOU
|j|☆tony urbadaliano
|t:|1781151493
|gametype|singles
|player|p1|KurisuChestnutOU|may-contest|1539
|player|p2|tony urbadaliano|hooligans|1580
|gen|9
|tier|[Gen 9] OU
|rated|
|rule|HP Percentage Mod: HP is shown in percentages
|rule|Endless Battle Clause: Forcing endless battles is banned
|rule|Species Clause: Limit one of each Pokémon
|rule|OHKO Clause: OHKO moves are banned
|rule|Evasion Items Clause: Evasion items are banned
|rule|Evasion Moves Clause: Evasion moves are banned
|rule|Evasion Abilities Clause: Evasion abilities are banned
|rule|Sleep Moves Clause: Sleep-inducing moves are banned
|clearpoke
|poke|p1|Hawlucha, F|
|poke|p1|Samurott-Hisui, F|
|poke|p1|Rillaboom, F|
|poke|p1|Gholdengo|
|poke|p1|Kyurem|
|poke|p1|Landorus-Therian, M|
|poke|p2|Iron Valiant|
|poke|p2|Latias, F|
|poke|p2|Kingambit, M|
|poke|p2|Cinderace, F|
|poke|p2|Ogerpon-Wellspring, F|
|poke|p2|Landorus-Therian, M|
|teampreview
|inactive|Battle timer is ON: inactive players will automatically lose when time's up. (requested by tony urbadaliano)
|
|t:|1781151498
|teamsize|p1|6
|teamsize|p2|6
|start
|switch|p1a: Landorus|Landorus-Therian, M|100/100
|switch|p2a: Loveless|Iron Valiant|100/100
|-ability|p1a: Landorus|Intimidate|boost
|-unboost|p2a: Loveless|atk|1
|turn|1
|inactive|KurisuChestnutOU also wants the timer to be on.
|
|t:|1781151505
|-end|p2a: Loveless|Quark Drive|[silent]
|switch|p2a: cLOUDDEAD|Landorus-Therian, M|100/100
|-ability|p2a: cLOUDDEAD|Intimidate|boost
|-unboost|p1a: Landorus|atk|1
|switch|p1a: Gholdengo|Gholdengo|100/100
|
|upkeep
|turn|2
|
|t:|1781151512
|switch|p1a: Landorus|Landorus-Therian, M|100/100
|-ability|p1a: Landorus|Intimidate|boost
|-unboost|p2a: cLOUDDEAD|atk|1
|move|p2a: cLOUDDEAD|Earthquake|p1a: Landorus
|-immune|p1a: Landorus
|
|upkeep
|turn|3
|
|t:|1781151519
|move|p2a: cLOUDDEAD|Taunt|p1a: Landorus
|-start|p1a: Landorus|move: Taunt
|cant|p1a: Landorus|move: Taunt|Taunt
|
|upkeep
|turn|4
|
|t:|1781151525
|switch|p1a: Kyurem|Kyurem|100/100
|-ability|p1a: Kyurem|Pressure
|move|p2a: cLOUDDEAD|U-turn|p1a: Kyurem
|-damage|p1a: Kyurem|86/100
|
|t:|1781151527
|switch|p2a: Loveless|Iron Valiant|100/100|[from] U-turn
|
|upkeep
|turn|5
|
|t:|1781151531
|-terastallize|p1a: Kyurem|Poison
|move|p2a: Loveless|Moonblast|p1a: Kyurem
|-resisted|p1a: Kyurem
|-damage|p1a: Kyurem|63/100
|move|p1a: Kyurem|Ice Beam|p2a: Loveless
|-damage|p2a: Loveless|12/100
|
|upkeep
|turn|6
|
|t:|1781151540
|-end|p2a: Loveless|Quark Drive|[silent]
|switch|p2a: Crimson King|Kingambit, M|100/100
|move|p1a: Kyurem|Ice Beam|p2a: Crimson King
|-resisted|p2a: Crimson King
|-damage|p2a: Crimson King|74/100
|
|-heal|p2a: Crimson King|80/100|[from] item: Leftovers
|upkeep
|turn|7
|
|t:|1781151551
|move|p1a: Kyurem|Earth Power|p2a: Crimson King
|-supereffective|p2a: Crimson King
|-damage|p2a: Crimson King|13/100
|move|p2a: Crimson King|Iron Head|p1a: Kyurem
|-damage|p1a: Kyurem|22/100
|
|-heal|p2a: Crimson King|19/100|[from] item: Leftovers
|upkeep
|turn|8
|
|t:|1781151555
|move|p2a: Crimson King|Sucker Punch|p1a: Kyurem
|-damage|p1a: Kyurem|0 fnt
|faint|p1a: Kyurem
|
|-heal|p2a: Crimson King|25/100|[from] item: Leftovers
|upkeep
|
|t:|1781151561
|switch|p1a: Landorus|Landorus-Therian, M|100/100
|-ability|p1a: Landorus|Intimidate|boost
|-unboost|p2a: Crimson King|atk|1
|-ability|p2a: Crimson King|Defiant|boost
|-boost|p2a: Crimson King|atk|2
|turn|9
|
|t:|1781151565
|switch|p2a: cLOUDDEAD|Landorus-Therian, M|100/100
|-ability|p2a: cLOUDDEAD|Intimidate|boost
|-unboost|p1a: Landorus|atk|1
|move|p1a: Landorus|Stealth Rock|p2a: cLOUDDEAD
|-sidestart|p2: tony urbadaliano|move: Stealth Rock
|
|upkeep
|turn|10
|
|t:|1781151571
|move|p2a: cLOUDDEAD|Taunt|p1a: Landorus
|-start|p1a: Landorus|move: Taunt
|cant|p1a: Landorus|move: Taunt|Taunt
|
|upkeep
|turn|11
|
|t:|1781151574
|switch|p1a: Gholdengo|Gholdengo|100/100
|move|p2a: cLOUDDEAD|U-turn|p1a: Gholdengo
|-resisted|p1a: Gholdengo
|-damage|p1a: Gholdengo|94/100
|
|t:|1781151577
|switch|p2a: Firestarter|Cinderace, F|100/100|[from] U-turn
|
|upkeep
|turn|12
|
|t:|1781151583
|move|p1a: Gholdengo|Make It Rain|p2a: Firestarter
|-resisted|p2a: Firestarter
|-damage|p2a: Firestarter|60/100
|-unboost|p1a: Gholdengo|spa|1
|move|p2a: Firestarter|Court Change|p2a: Firestarter
|-swapsideconditions
|-activate|p2a: Firestarter|move: Court Change
|
|upkeep
|turn|13
|
|t:|1781151588
|switch|p1a: Landorus|Landorus-Therian, M|100/100
|-damage|p1a: Landorus|88/100|[from] Stealth Rock
|-ability|p1a: Landorus|Intimidate|boost
|-unboost|p2a: Firestarter|atk|1
|move|p2a: Firestarter|Pyro Ball|p1a: Landorus
|-damage|p1a: Landorus|56/100
|
|upkeep
|turn|14
|
|t:|1781151595
|move|p2a: Firestarter|Will-O-Wisp|p1a: Landorus
|-status|p1a: Landorus|brn
|move|p1a: Landorus|Stealth Rock|p2a: Firestarter
|-sidestart|p2: tony urbadaliano|move: Stealth Rock
|
|-damage|p1a: Landorus|50/100 brn|[from] brn
|upkeep
|turn|15
|
|t:|1781151602
|move|p2a: Firestarter|Pyro Ball|p1a: Landorus
|-damage|p1a: Landorus|17/100 brn
|move|p1a: Landorus|U-turn|p2a: Firestarter
|-resisted|p2a: Firestarter
|-damage|p2a: Firestarter|55/100
|
|t:|1781151608
|switch|p1a: Rillaboom|Rillaboom, F|100/100|[from] U-turn
|-damage|p1a: Rillaboom|88/100|[from] Stealth Rock
|-fieldstart|move: Grassy Terrain|[from] ability: Grassy Surge|[of] p1a: Rillaboom
|
|-heal|p2a: Firestarter|61/100|[from] Grassy Terrain
|-heal|p1a: Rillaboom|94/100|[from] Grassy Terrain
|upkeep
|turn|16
|
|t:|1781151612
|switch|p1a: Landorus|Landorus-Therian, M|17/100 brn
|-damage|p1a: Landorus|5/100 brn|[from] Stealth Rock
|-ability|p1a: Landorus|Intimidate|boost
|-unboost|p2a: Firestarter|atk|1
|move|p2a: Firestarter|Pyro Ball|p1a: Landorus
|-damage|p1a: Landorus|0 fnt
|faint|p1a: Landorus
|
|-heal|p2a: Firestarter|67/100|[from] Grassy Terrain
|upkeep
|
|t:|1781151617
|switch|p1a: Gholdengo|Gholdengo|94/100
|-damage|p1a: Gholdengo|88/100|[from] Stealth Rock
|turn|17
|j| MrHog19
|
|t:|1781151629
|move|p1a: Gholdengo|Shadow Ball|p2a: Firestarter
|-damage|p2a: Firestarter|20/100
|move|p2a: Firestarter|U-turn|p1a: Gholdengo
|-resisted|p1a: Gholdengo
|-damage|p1a: Gholdengo|85/100
|
|t:|1781151636
|switch|p2a: Lodi Dodi|Latias, F|100/100|[from] U-turn
|-damage|p2a: Lodi Dodi|88/100|[from] Stealth Rock
|
|-heal|p1a: Gholdengo|91/100|[from] Grassy Terrain
|upkeep
|turn|18
|
|t:|1781151639
|move|p1a: Gholdengo|Shadow Ball|p2a: Lodi Dodi
|-supereffective|p2a: Lodi Dodi
|-damage|p2a: Lodi Dodi|28/100
|-enditem|p2a: Lodi Dodi|Weakness Policy
|-boost|p2a: Lodi Dodi|atk|2|[from] item: Weakness Policy
|-boost|p2a: Lodi Dodi|spa|2|[from] item: Weakness Policy
|move|p2a: Lodi Dodi|Agility|p2a: Lodi Dodi
|-boost|p2a: Lodi Dodi|spe|2
|
|-heal|p1a: Gholdengo|97/100|[from] Grassy Terrain
|upkeep
|turn|19
|
|t:|1781151649
|-terastallize|p2a: Lodi Dodi|Fairy
|move|p2a: Lodi Dodi|Calm Mind|p2a: Lodi Dodi
|-boost|p2a: Lodi Dodi|spa|1
|-boost|p2a: Lodi Dodi|spd|1
|move|p1a: Gholdengo|Shadow Ball|p2a: Lodi Dodi
|-damage|p2a: Lodi Dodi|8/100
|-unboost|p2a: Lodi Dodi|spd|1
|
|-heal|p1a: Gholdengo|100/100|[from] Grassy Terrain
|-fieldend|move: Grassy Terrain
|upkeep
|turn|20
|
|t:|1781151663
|move|p2a: Lodi Dodi|Stored Power|p1a: Gholdengo
|-resisted|p1a: Gholdengo
|-crit|p1a: Gholdengo
|-damage|p1a: Gholdengo|0 fnt
|faint|p1a: Gholdengo
|
|upkeep
|
|t:|1781151670
|switch|p1a: Samurott|Samurott-Hisui, F|100/100
|-damage|p1a: Samurott|88/100|[from] Stealth Rock
|turn|21
|
|t:|1781151673
|move|p1a: Samurott|Sucker Punch|p2a: Lodi Dodi
|-resisted|p2a: Lodi Dodi
|-damage|p2a: Lodi Dodi|0 fnt
|faint|p2a: Lodi Dodi
|
|upkeep
|
|t:|1781151685
|switch|p2a: cLOUDDEAD|Landorus-Therian, M|100/100
|-damage|p2a: cLOUDDEAD|88/100|[from] Stealth Rock
|-ability|p2a: cLOUDDEAD|Intimidate|boost
|-unboost|p1a: Samurott|atk|1
|turn|22
|
|t:|1781151690
|move|p2a: cLOUDDEAD|U-turn|p1a: Samurott
|-supereffective|p1a: Samurott
|-damage|p1a: Samurott|39/100
|
|t:|1781151692
|switch|p2a: The Blue Mask|Ogerpon-Wellspring, F|100/100|[from] U-turn
|-damage|p2a: The Blue Mask|88/100|[from] Stealth Rock
|move|p1a: Samurott|Ceaseless Edge|p2a: The Blue Mask
|-damage|p2a: The Blue Mask|53/100
|-sidestart|p2: tony urbadaliano|Spikes
|
|upkeep
|turn|23
|
|t:|1781151700
|move|p1a: Samurott|Sucker Punch|p2a: The Blue Mask
|-damage|p2a: The Blue Mask|27/100
|move|p2a: The Blue Mask|U-turn|p1a: Samurott
|-supereffective|p1a: Samurott
|-damage|p1a: Samurott|0 fnt
|faint|p1a: Samurott
|
|t:|1781151716
|switch|p2a: cLOUDDEAD|Landorus-Therian, M|88/100|[from] U-turn
|-damage|p2a: cLOUDDEAD|76/100|[from] Stealth Rock
|
|upkeep
|
|t:|1781151723
|switch|p1a: Rillaboom|Rillaboom, F|94/100
|-damage|p1a: Rillaboom|82/100|[from] Stealth Rock
|-fieldstart|move: Grassy Terrain|[from] ability: Grassy Surge|[of] p1a: Rillaboom
|turn|24
|
|t:|1781151729
|move|p2a: cLOUDDEAD|U-turn|p1a: Rillaboom
|-supereffective|p1a: Rillaboom
|-damage|p1a: Rillaboom|38/100
|
|t:|1781151734
|switch|p2a: The Blue Mask|Ogerpon-Wellspring, F|27/100|[from] U-turn
|-damage|p2a: The Blue Mask|15/100|[from] Stealth Rock
|-damage|p2a: The Blue Mask|3/100|[from] Spikes
|move|p1a: Rillaboom|Swords Dance|p1a: Rillaboom
|-boost|p1a: Rillaboom|atk|2
|
|-heal|p2a: The Blue Mask|9/100|[from] Grassy Terrain
|-heal|p1a: Rillaboom|45/100|[from] Grassy Terrain
|upkeep
|turn|25
|
|t:|1781151740
|move|p1a: Rillaboom|Grassy Glide|p2a: The Blue Mask
|-damage|p2a: The Blue Mask|0 fnt
|faint|p2a: The Blue Mask
|
|-heal|p1a: Rillaboom|51/100|[from] Grassy Terrain
|upkeep
|
|t:|1781151743
|switch|p2a: cLOUDDEAD|Landorus-Therian, M|76/100
|-damage|p2a: cLOUDDEAD|64/100|[from] Stealth Rock
|-ability|p2a: cLOUDDEAD|Intimidate|boost
|-unboost|p1a: Rillaboom|atk|1
|turn|26
|
|t:|1781151752
|move|p1a: Rillaboom|Grassy Glide|p2a: cLOUDDEAD
|-damage|p2a: cLOUDDEAD|9/100
|-damage|p1a: Rillaboom|34/100|[from] item: Rocky Helmet|[of] p2a: cLOUDDEAD
|move|p2a: cLOUDDEAD|U-turn|p1a: Rillaboom
|-supereffective|p1a: Rillaboom
|-damage|p1a: Rillaboom|0 fnt
|faint|p1a: Rillaboom
|
|t:|1781151760
|switch|p2a: Firestarter|Cinderace, F|20/100|[from] U-turn
|
|-heal|p2a: Firestarter|26/100|[from] Grassy Terrain
|upkeep
|
|t:|1781151762
|switch|p1a: Hawlucha|Hawlucha, F|100/100
|-damage|p1a: Hawlucha|88/100|[from] Stealth Rock
|-enditem|p1a: Hawlucha|Grassy Seed
|-boost|p1a: Hawlucha|def|1|[from] item: Grassy Seed
|turn|27
|
|t:|1781151770
|move|p1a: Hawlucha|Acrobatics|p2a: Firestarter
|-damage|p2a: Firestarter|0 fnt
|faint|p2a: Firestarter
|
|upkeep
|
|t:|1781151775
|switch|p2a: cLOUDDEAD|Landorus-Therian, M|9/100
|-damage|p2a: cLOUDDEAD|0 fnt|[from] Stealth Rock
|faint|p2a: cLOUDDEAD
|
|t:|1781151779
|switch|p2a: Crimson King|Kingambit, M|25/100
|-damage|p2a: Crimson King|19/100|[from] Stealth Rock
|-damage|p2a: Crimson King|7/100|[from] Spikes
|turn|28
|
|t:|1781151784
|move|p1a: Hawlucha|Acrobatics|p2a: Crimson King
|-resisted|p2a: Crimson King
|-damage|p2a: Crimson King|0 fnt
|faint|p2a: Crimson King
|
|-fieldend|move: Grassy Terrain
|upkeep
|-message|tony urbadaliano forfeited.
|
|win|KurisuChestnutOU
|raw|KurisuChestnutOU's rating: 1498 &rarr; <strong>1523</strong><br />(+25 for winning)
|raw|tony urbadaliano's rating: 1580 &rarr; <strong>1555</strong><br />(-25 for losing)
|l|☆tony urbadaliano
|player|p2|
|l|☆KurisuChestnutOU
|player|p1|
|l| MrHog19
