|j|☆msean3
|j|☆ankoro
|t:|1781111433
|gametype|singles
|player|p1|msean3|101|1651
|player|p2|ankoro|acetrainer-gen2|1585
|gen|9
|tier|[Gen 9] OU
|rated|
|rule|HP Percentage Mod: HP is shown in percentages
|rule|Endless Battle Clause: Forcing endless battles is banned
|rule|Species Clause: Limit one of each Pokémon
|rule|OHKO Clause: OHKO moves are banned
|rule|Evasion Items Clause: Evasion items are banned
|rule|Evasion Moves Clause: Evasion moves are banned
|rule|Evasion Abilities Clause: Evasion abilities are banned
|rule|Sleep Moves Clause: Sleep-inducing moves are banned
|clearpoke
|poke|p1|Darkrai|
|poke|p1|Alomomola, M|
|poke|p1|Corviknight, M|
|poke|p1|Weezing-Galar, M|
|poke|p1|Garchomp, M|
|poke|p1|Ogerpon, F|
|poke|p2|Lycanroc, M|
|poke|p2|Kingambit, M|
|poke|p2|Azumarill, M|
|poke|p2|Pawmot, F|
|poke|p2|Zamazenta-*|
|poke|p2|Tornadus-Therian, M|
|teampreview
|inactive|Battle timer is ON: inactive players will automatically lose when time's up. (requested by ankoro)
|
|t:|1781111466
|teamsize|p1|6
|teamsize|p2|6
|start
|switch|p1a: Garchomp|Garchomp, M|100/100
|switch|p2a: Tornadus|Tornadus-Therian, M|100/100
|turn|1
|
|t:|1781111470
|move|p2a: Tornadus|Bleakwind Storm|p1a: Garchomp
|-damage|p1a: Garchomp|39/100
|-unboost|p1a: Garchomp|spe|1
|-damage|p2a: Tornadus|91/100|[from] item: Life Orb
|move|p1a: Garchomp|Stealth Rock|p2a: Tornadus
|-sidestart|p2: ankoro|move: Stealth Rock
|
|upkeep
|turn|2
|
|t:|1781111473
|switch|p1a: Alomomola|Alomomola, M|100/100
|move|p2a: Tornadus|Bleakwind Storm|p1a: Alomomola
|-damage|p1a: Alomomola|71/100
|-damage|p2a: Tornadus|81/100|[from] item: Life Orb
|
|upkeep
|turn|3
|
|t:|1781111477
|move|p2a: Tornadus|Nasty Plot|p2a: Tornadus
|-boost|p2a: Tornadus|spa|2
|move|p1a: Alomomola|Flip Turn|p2a: Tornadus
|-damage|p2a: Tornadus|59/100
|
|t:|1781111479
|switch|p1a: Darkrai|Darkrai|100/100|[from] Flip Turn
|
|upkeep
|turn|4
|
|t:|1781111487
|switch|p2a: Zamazenta|Zamazenta|100/100
|-damage|p2a: Zamazenta|94/100|[from] Stealth Rock
|-ability|p2a: Zamazenta|Dauntless Shield|boost
|-boost|p2a: Zamazenta|def|1
|move|p1a: Darkrai|Ice Beam|p2a: Zamazenta
|-damage|p2a: Zamazenta|50/100
|
|upkeep
|turn|5
|
|t:|1781111492
|switch|p1a: Weezing|Weezing-Galar, M|100/100
|-ability|p1a: Weezing|Neutralizing Gas
|move|p2a: Zamazenta|Close Combat|p1a: Weezing
|-resisted|p1a: Weezing
|-damage|p1a: Weezing|88/100
|-unboost|p2a: Zamazenta|def|1
|-unboost|p2a: Zamazenta|spd|1
|-damage|p2a: Zamazenta|40/100|[from] item: Life Orb
|
|-heal|p1a: Weezing|94/100|[from] item: Leftovers
|upkeep
|turn|6
|
|t:|1781111495
|-end|p1a: Weezing|ability: Neutralizing Gas
|switch|p1a: Garchomp|Garchomp, M|39/100
|move|p2a: Zamazenta|Heavy Slam|p1a: Garchomp
|-damage|p1a: Garchomp|22/100
|-damage|p2a: Zamazenta|28/100|[from] ability: Rough Skin|[of] p1a: Garchomp
|-damage|p2a: Zamazenta|11/100|[from] item: Rocky Helmet|[of] p1a: Garchomp
|-damage|p2a: Zamazenta|1/100|[from] item: Life Orb
|
|upkeep
|turn|7
|
|t:|1781111506
|switch|p1a: Weezing|Weezing-Galar, M|94/100
|-ability|p1a: Weezing|Neutralizing Gas
|move|p2a: Zamazenta|Close Combat|p1a: Weezing
|-resisted|p1a: Weezing
|-damage|p1a: Weezing|82/100
|-unboost|p2a: Zamazenta|def|1
|-unboost|p2a: Zamazenta|spd|1
|-damage|p2a: Zamazenta|0 fnt|[from] item: Life Orb
|faint|p2a: Zamazenta
|
|-heal|p1a: Weezing|88/100|[from] item: Leftovers
|upkeep
|
|t:|1781111517
|switch|p2a: doggorock|Lycanroc, M|100/100
|-damage|p2a: doggorock|88/100|[from] Stealth Rock
|turn|8
|
|t:|1781111519
|move|p2a: doggorock|Stealth Rock|p1a: Weezing
|-sidestart|p1: msean3|move: Stealth Rock
|move|p1a: Weezing|Will-O-Wisp|p2a: doggorock
|-status|p2a: doggorock|brn
|
|-heal|p1a: Weezing|94/100|[from] item: Leftovers
|-damage|p2a: doggorock|82/100 brn|[from] brn
|upkeep
|turn|9
|
|t:|1781111528
|move|p2a: doggorock|Rock Blast|p1a: Weezing
|-damage|p1a: Weezing|91/100
|-damage|p1a: Weezing|87/100
|-damage|p1a: Weezing|84/100
|-hitcount|p1a: Weezing|3
|move|p1a: Weezing|Sludge Bomb|p2a: doggorock
|-resisted|p2a: doggorock
|-crit|p2a: doggorock
|-damage|p2a: doggorock|54/100 brn
|
|-heal|p1a: Weezing|90/100|[from] item: Leftovers
|-damage|p2a: doggorock|48/100 brn|[from] brn
|upkeep
|turn|10
|
|t:|1781111534
|-end|p1a: Weezing|ability: Neutralizing Gas
|switch|p1a: Corviknight|Corviknight, M|100/100
|-damage|p1a: Corviknight|88/100|[from] Stealth Rock
|-ability|p1a: Corviknight|Pressure
|move|p2a: doggorock|Endeavor|p1a: Corviknight
|-damage|p1a: Corviknight|43/100
|
|-heal|p1a: Corviknight|49/100|[from] item: Leftovers
|-damage|p2a: doggorock|42/100 brn|[from] brn
|upkeep
|turn|11
|
|t:|1781111539
|move|p2a: doggorock|Taunt|p1a: Corviknight
|-start|p1a: Corviknight|move: Taunt
|cant|p1a: Corviknight|move: Taunt|Roost
|
|-heal|p1a: Corviknight|55/100|[from] item: Leftovers
|-damage|p2a: doggorock|36/100 brn|[from] brn
|upkeep
|turn|12
|
|t:|1781111548
|move|p2a: doggorock|Endeavor|p1a: Corviknight
|-damage|p1a: Corviknight|32/100
|move|p1a: Corviknight|U-turn|p2a: doggorock
|-damage|p2a: doggorock|15/100 brn
|
|t:|1781111552
|switch|p1a: Alomomola|Alomomola, M|100/100|[from] U-turn
|-damage|p1a: Alomomola|88/100|[from] Stealth Rock
|
|-damage|p2a: doggorock|9/100 brn|[from] brn
|upkeep
|turn|13
|
|t:|1781111556
|move|p1a: Alomomola|Aqua Jet|p2a: doggorock
|-supereffective|p2a: doggorock
|-damage|p2a: doggorock|0 fnt
|faint|p2a: doggorock
|
|upkeep
|
|t:|1781111573
|switch|p2a: Tornadus|Tornadus-Therian, M|92/100
|-damage|p2a: Tornadus|67/100|[from] Stealth Rock
|turn|14
|
|t:|1781111577
|move|p2a: Tornadus|Bleakwind Storm|p1a: Alomomola|[miss]
|-miss|p2a: Tornadus|p1a: Alomomola
|move|p1a: Alomomola|Flip Turn|p2a: Tornadus
|-damage|p2a: Tornadus|44/100
|
|t:|1781111583
|switch|p1a: Darkrai|Darkrai|100/100|[from] Flip Turn
|-damage|p1a: Darkrai|88/100|[from] Stealth Rock
|
|upkeep
|turn|15
|
|t:|1781111591
|move|p1a: Darkrai|Dark Pulse|p2a: Tornadus
|-damage|p2a: Tornadus|0 fnt
|faint|p2a: Tornadus
|
|upkeep
|
|t:|1781111595
|switch|p2a: joy|Pawmot, F|100/100
|-damage|p2a: joy|94/100|[from] Stealth Rock
|turn|16
|
|t:|1781111600
|move|p1a: Darkrai|Dark Pulse|p2a: joy
|-resisted|p2a: joy
|-damage|p2a: joy|42/100
|move|p2a: joy|Thunder Wave|p1a: Darkrai
|-status|p1a: Darkrai|par
|
|upkeep
|turn|17
|
|t:|1781111603
|move|p2a: joy|Revival Blessing|p2a: joy
|-enditem|p2a: joy|Leppa Berry|[eat]
|-activate|p2a: joy|item: Leppa Berry|Revival Blessing|[consumed]
|
|t:|1781111606
|-heal|p2: Tornadus|50/100|[from] move: Revival Blessing
|move|p1a: Darkrai|Dark Pulse|p2a: joy
|-resisted|p2a: joy
|-damage|p2a: joy|0 fnt
|faint|p2a: joy
|
|upkeep
|
|t:|1781111610
|switch|p2a: koolguybit|Kingambit, M|100/100
|-damage|p2a: koolguybit|94/100|[from] Stealth Rock
|-activate|p2a: koolguybit|ability: Supreme Overlord
|-start|p2a: koolguybit|fallen4|[silent]
|-item|p2a: koolguybit|Air Balloon
|turn|18
|
|t:|1781111618
|move|p2a: koolguybit|Swords Dance|p2a: koolguybit
|-boost|p2a: koolguybit|atk|2
|move|p1a: Darkrai|Dark Pulse|p2a: koolguybit
|-resisted|p2a: koolguybit
|-damage|p2a: koolguybit|58/100
|-enditem|p2a: koolguybit|Air Balloon
|
|upkeep
|turn|19
|
|t:|1781111624
|move|p2a: koolguybit|Iron Head|p1a: Darkrai
|-damage|p1a: Darkrai|0 fnt
|faint|p1a: Darkrai
|
|upkeep
|
|t:|1781111626
|switch|p1a: Garchomp|Garchomp, M|22/100
|-damage|p1a: Garchomp|15/100|[from] Stealth Rock
|turn|20
|
|t:|1781111631
|move|p2a: koolguybit|Sucker Punch||[still]
|-fail|p2a: koolguybit
|move|p1a: Garchomp|Spikes|p2a: koolguybit
|-sidestart|p2: ankoro|Spikes
|
|upkeep
|turn|21
|
|t:|1781111634
|move|p2a: koolguybit|Sucker Punch|p1a: Garchomp
|-damage|p1a: Garchomp|0 fnt
|-damage|p2a: koolguybit|46/100|[from] ability: Rough Skin|[of] p1a: Garchomp
|-damage|p2a: koolguybit|30/100|[from] item: Rocky Helmet|[of] p1a: Garchomp
|faint|p1a: Garchomp
|
|upkeep
|
|t:|1781111637
|switch|p1a: Ogerpon|Ogerpon, F|100/100
|turn|22
|
|t:|1781111654
|move|p1a: Ogerpon|Encore|p2a: koolguybit
|-start|p2a: koolguybit|Encore
|move|p2a: koolguybit|Sucker Punch||[still]
|-fail|p2a: koolguybit
|
|upkeep
|turn|23
|
|t:|1781111658
|switch|p1a: Weezing|Weezing-Galar, M|90/100
|-ability|p1a: Weezing|Neutralizing Gas
|-damage|p1a: Weezing|78/100|[from] Stealth Rock
|-end|p2a: koolguybit|fallen4|[silent]
|switch|p2a: Tornadus|Tornadus-Therian, M|50/100
|-damage|p2a: Tornadus|26/100|[from] Stealth Rock
|
|-heal|p1a: Weezing|84/100|[from] item: Leftovers
|upkeep
|turn|24
|
|t:|1781111664
|-end|p1a: Weezing|ability: Neutralizing Gas
|switch|p1a: Alomomola|Alomomola, M|100/100
|-damage|p1a: Alomomola|88/100|[from] Stealth Rock
|move|p2a: Tornadus|Bleakwind Storm|p1a: Alomomola
|-damage|p1a: Alomomola|60/100
|-damage|p2a: Tornadus|16/100|[from] item: Life Orb
|
|upkeep
|turn|25
|
|t:|1781111670
|move|p2a: Tornadus|Bleakwind Storm|p1a: Alomomola|[miss]
|-miss|p2a: Tornadus|p1a: Alomomola
|move|p1a: Alomomola|Flip Turn|p2a: Tornadus
|-damage|p2a: Tornadus|0 fnt
|faint|p2a: Tornadus
|
|t:|1781111672
|switch|p1a: Ogerpon|Ogerpon, F|100/100|[from] Flip Turn
|
|upkeep
|
|t:|1781111678
|switch|p2a: juquinha|Azumarill, M|100/100
|-damage|p2a: juquinha|88/100|[from] Stealth Rock
|-damage|p2a: juquinha|76/100|[from] Spikes
|turn|26
|
|t:|1781111682
|-terastallize|p1a: Ogerpon|Grass
|detailschange|p1a: Ogerpon|Ogerpon-Teal-Tera, F, tera:Grass
|-ability|p1a: Ogerpon|Embody Aspect (Teal)|boost
|-boost|p1a: Ogerpon|spe|1
|-terastallize|p2a: juquinha|Grass
|move|p1a: Ogerpon|Ivy Cudgel|p2a: juquinha
|-resisted|p2a: juquinha
|-crit|p2a: juquinha
|-damage|p2a: juquinha|26/100
|-enditem|p2a: juquinha|Sitrus Berry|[eat]
|-heal|p2a: juquinha|51/100|[from] item: Sitrus Berry
|move|p2a: juquinha|Play Rough|p1a: Ogerpon
|-damage|p1a: Ogerpon|22/100
|
|upkeep
|turn|27
|
|t:|1781111700
|move|p1a: Ogerpon|U-turn|p2a: juquinha
|-supereffective|p2a: juquinha
|-damage|p2a: juquinha|0 fnt
|faint|p2a: juquinha
|
|t:|1781111704
|switch|p1a: Alomomola|Alomomola, M|93/100|[from] U-turn
|-damage|p1a: Alomomola|80/100|[from] Stealth Rock
|
|upkeep
|
|t:|1781111706
|switch|p2a: koolguybit|Kingambit, M|30/100
|-damage|p2a: koolguybit|23/100|[from] Stealth Rock
|-damage|p2a: koolguybit|11/100|[from] Spikes
|-activate|p2a: koolguybit|ability: Supreme Overlord
|-start|p2a: koolguybit|fallen5|[silent]
|turn|28
|
|t:|1781111710
|move|p1a: Alomomola|Aqua Jet|p2a: koolguybit
|-damage|p2a: koolguybit|1/100
|move|p2a: koolguybit|Kowtow Cleave|p1a: Alomomola
|-damage|p1a: Alomomola|26/100
|
|upkeep
|turn|29
|
|t:|1781111714
|move|p2a: koolguybit|Sucker Punch|p1a: Alomomola
|-damage|p1a: Alomomola|0 fnt
|faint|p1a: Alomomola
|
|upkeep
|
|t:|1781111717
|switch|p1a: Ogerpon|Ogerpon-Teal-Tera, F, tera:Grass|22/100
|-ability|p1a: Ogerpon|Embody Aspect (Teal)|boost
|-boost|p1a: Ogerpon|spe|1
|turn|30
|
|t:|1781111722
|move|p1a: Ogerpon|Encore|p2a: koolguybit
|-start|p2a: koolguybit|Encore
|move|p2a: koolguybit|Sucker Punch||[still]
|-fail|p2a: koolguybit
|
|upkeep
|turn|31
|
|t:|1781111726
|switch|p1a: Weezing|Weezing-Galar, M|84/100
|-ability|p1a: Weezing|Neutralizing Gas
|-damage|p1a: Weezing|72/100|[from] Stealth Rock
|move|p2a: koolguybit|Sucker Punch||[still]
|-fail|p2a: koolguybit
|
|-heal|p1a: Weezing|78/100|[from] item: Leftovers
|upkeep
|turn|32
|
|t:|1781111728
|move|p2a: koolguybit|Sucker Punch||[still]
|-fail|p2a: koolguybit
|move|p1a: Weezing|Will-O-Wisp|p2a: koolguybit
|-status|p2a: koolguybit|brn
|
|-heal|p1a: Weezing|84/100|[from] item: Leftovers
|-damage|p2a: koolguybit|0 fnt|[from] brn
|faint|p2a: koolguybit
|-end|p2a: koolguybit|fallen5|[silent]
|
|win|msean3
|raw|msean3's rating: 1651 &rarr; <strong>1667</strong><br />(+16 for winning)
|raw|ankoro's rating: 1585 &rarr; <strong>1569</strong><br />(-16 for losing)
|c|☆msean3|gg
|c|☆ankoro|gg
|l|☆ankoro
|player|p2|
|l|☆msean3
|player|p1|
