|badge|p1|silver|gen9randombattle|30-9
|uhtml|medal-msg|<div class="broadcast-blue">Curious what those medals under the avatar are? PS now has Ladder Seasons! For more information, check out the <a href="https://www.smogon.com/forums/threads/3740067/">thread on Smogon.</a></div>
|badge|p2|silver|gen9ou|30-9
|uhtml|medal-msg|<div class="broadcast-blue">Curious what those medals under the avatar are? PS now has Ladder Seasons! For more information, check out the <a href="https://www.smogon.com/forums/threads/3740067/">thread on Smogon.</a></div>
|j|☆Ctannn
|j|☆BlackStar150520
|t:|1781428455
|gametype|singles
|player|p1|Ctannn|169|1745
|player|p2|BlackStar150520|unknown|1919
|gen|9
|tier|[Gen 9] OU
|rated|
|rule|HP Percentage Mod: HP is shown in percentages
|rule|Endless Battle Clause: Forcing endless battles is banned
|rule|Species Clause: Limit one of each Pokémon
|rule|OHKO Clause: OHKO moves are banned
|rule|Evasion Items Clause: Evasion items are banned
|rule|Evasion Moves Clause: Evasion moves are banned
|rule|Evasion Abilities Clause: Evasion abilities are banned
|rule|Sleep Moves Clause: Sleep-inducing moves are banned
|clearpoke
|poke|p1|Rillaboom, M|
|poke|p1|Garganacl, M|
|poke|p1|Cinderace, F|
|poke|p1|Raging Bolt|
|poke|p1|Slowking-Galar, F|
|poke|p1|Landorus-Therian, M|
|poke|p2|Raging Bolt|
|poke|p2|Kingambit, M|
|poke|p2|Iron Moth|
|poke|p2|Ogerpon-Wellspring, F|
|poke|p2|Scizor, F|
|poke|p2|Great Tusk|
|teampreview
|inactive|Battle timer is ON: inactive players will automatically lose when time's up. (requested by BlackStar150520)
|j| TheHighDerple
|inactive|BlackStar150520 has 120 seconds left.
|
|t:|1781428515
|teamsize|p1|6
|teamsize|p2|6
|start
|switch|p1a: Landorus|Landorus-Therian, M|100/100
|switch|p2a: Red Lightning|Scizor, F|100/100
|-ability|p1a: Landorus|Intimidate|boost
|-unboost|p2a: Red Lightning|atk|1
|turn|1
|
|t:|1781428526
|switch|p2a: 🎭|Ogerpon-Wellspring, F|100/100
|move|p1a: Landorus|Earthquake|p2a: 🎭
|-resisted|p2a: 🎭
|-damage|p2a: 🎭|72/100
|
|upkeep
|turn|2
|
|t:|1781428533
|move|p2a: 🎭|U-turn|p1a: Landorus
|-resisted|p1a: Landorus
|-damage|p1a: Landorus|90/100
|-damage|p2a: 🎭|55/100|[from] item: Rocky Helmet|[of] p1a: Landorus
|
|t:|1781428540
|switch|p2a: Mega Donphan|Great Tusk|100/100|[from] U-turn
|move|p1a: Landorus|U-turn|p2a: Mega Donphan
|-resisted|p2a: Mega Donphan
|-damage|p2a: Mega Donphan|93/100
|
|t:|1781428547
|switch|p1a: Cinderace|Cinderace, F|100/100|[from] U-turn
|
|upkeep
|turn|3
|
|t:|1781428556
|switch|p1a: Landorus|Landorus-Therian, M|90/100
|-ability|p1a: Landorus|Intimidate|boost
|-unboost|p2a: Mega Donphan|atk|1
|move|p2a: Mega Donphan|Headlong Rush|p1a: Landorus
|-immune|p1a: Landorus
|
|upkeep
|turn|4
|
|t:|1781428560
|-end|p2a: Mega Donphan|Protosynthesis|[silent]
|switch|p2a: 🎭|Ogerpon-Wellspring, F|55/100
|move|p1a: Landorus|U-turn|p2a: 🎭
|-supereffective|p2a: 🎭
|-damage|p2a: 🎭|0 fnt
|faint|p2a: 🎭
|
|t:|1781428563
|switch|p1a: Cinderace|Cinderace, F|100/100|[from] U-turn
|
|upkeep
|
|t:|1781428567
|switch|p2a: Mega Donphan|Great Tusk|93/100
|turn|5
|
|t:|1781428574
|switch|p1a: Landorus|Landorus-Therian, M|90/100
|-ability|p1a: Landorus|Intimidate|boost
|-unboost|p2a: Mega Donphan|atk|1
|move|p2a: Mega Donphan|Headlong Rush|p1a: Landorus
|-immune|p1a: Landorus
|
|upkeep
|turn|6
|
|t:|1781428589
|-end|p2a: Mega Donphan|Protosynthesis|[silent]
|switch|p2a: Red Lightning|Scizor, F|100/100
|move|p1a: Landorus|U-turn|p2a: Red Lightning
|-resisted|p2a: Red Lightning
|-damage|p2a: Red Lightning|89/100
|
|t:|1781428592
|switch|p1a: Cinderace|Cinderace, F|100/100|[from] U-turn
|
|upkeep
|turn|7
|
|t:|1781428599
|switch|p2a: ⚡️|Raging Bolt|100/100
|move|p1a: Cinderace|Pyro Ball|p2a: ⚡️
|-resisted|p2a: ⚡️
|-damage|p2a: ⚡️|73/100
|
|-heal|p2a: ⚡️|80/100|[from] item: Leftovers
|upkeep
|turn|8
|
|t:|1781428609
|move|p1a: Cinderace|High Jump Kick|p2a: ⚡️
|-start|p1a: Cinderace|typechange|Fighting|[from] ability: Libero
|-damage|p2a: ⚡️|19/100
|move|p2a: ⚡️|Calm Mind|p2a: ⚡️
|-boost|p2a: ⚡️|spa|1
|-boost|p2a: ⚡️|spd|1
|
|-heal|p2a: ⚡️|25/100|[from] item: Leftovers
|upkeep
|turn|9
|
|t:|1781428617
|move|p1a: Cinderace|High Jump Kick|p2a: ⚡️
|-damage|p2a: ⚡️|0 fnt
|faint|p2a: ⚡️
|-end|p2a: ⚡️|Protosynthesis|[silent]
|
|upkeep
|
|t:|1781428620
|switch|p2a: Red Lightning|Scizor, F|89/100
|turn|10
|
|t:|1781428623
|move|p2a: Red Lightning|Bullet Punch|p1a: Cinderace
|-damage|p1a: Cinderace|20/100
|move|p1a: Cinderace|Pyro Ball|p2a: Red Lightning
|-supereffective|p2a: Red Lightning
|-damage|p2a: Red Lightning|0 fnt
|faint|p2a: Red Lightning
|
|upkeep
|
|t:|1781428627
|switch|p2a: Robo Rona|Iron Moth|100/100
|-enditem|p2a: Robo Rona|Booster Energy
|-activate|p2a: Robo Rona|ability: Quark Drive|[fromitem]
|-start|p2a: Robo Rona|quarkdrivespe
|turn|11
|
|t:|1781428633
|switch|p1a: Garganacl|Garganacl, M|100/100
|move|p2a: Robo Rona|Fiery Dance|p1a: Garganacl
|-resisted|p1a: Garganacl
|-damage|p1a: Garganacl|88/100
|
|-heal|p1a: Garganacl|94/100|[from] item: Leftovers
|upkeep
|turn|12
|
|t:|1781428637
|-end|p2a: Robo Rona|Quark Drive|[silent]
|switch|p2a: Mega Donphan|Great Tusk|93/100
|move|p1a: Garganacl|Salt Cure|p2a: Mega Donphan
|-resisted|p2a: Mega Donphan
|-damage|p2a: Mega Donphan|91/100
|-start|p2a: Mega Donphan|Salt Cure
|
|-heal|p1a: Garganacl|100/100|[from] item: Leftovers
|-damage|p2a: Mega Donphan|78/100|[from] Salt Cure
|upkeep
|turn|13
|
|t:|1781428641
|move|p1a: Garganacl|Protect|p1a: Garganacl
|-singleturn|p1a: Garganacl|Protect
|move|p2a: Mega Donphan|Stealth Rock|p1a: Garganacl
|-sidestart|p1: Ctannn|move: Stealth Rock
|
|-damage|p2a: Mega Donphan|66/100|[from] Salt Cure
|upkeep
|turn|14
|
|t:|1781428646
|move|p2a: Mega Donphan|Ice Spinner|p1a: Garganacl
|-damage|p1a: Garganacl|83/100
|move|p1a: Garganacl|Curse|p1a: Garganacl
|-unboost|p1a: Garganacl|spe|1
|-boost|p1a: Garganacl|atk|1
|-boost|p1a: Garganacl|def|1
|
|-heal|p1a: Garganacl|89/100|[from] item: Leftovers
|-damage|p2a: Mega Donphan|53/100|[from] Salt Cure
|upkeep
|turn|15
|
|t:|1781428650
|move|p2a: Mega Donphan|Headlong Rush|p1a: Garganacl
|-supereffective|p1a: Garganacl
|-damage|p1a: Garganacl|37/100
|-unboost|p2a: Mega Donphan|def|1
|-unboost|p2a: Mega Donphan|spd|1
|move|p1a: Garganacl|Curse|p1a: Garganacl
|-unboost|p1a: Garganacl|spe|1
|-boost|p1a: Garganacl|atk|1
|-boost|p1a: Garganacl|def|1
|
|-heal|p1a: Garganacl|43/100|[from] item: Leftovers
|-damage|p2a: Mega Donphan|41/100|[from] Salt Cure
|upkeep
|turn|16
|
|t:|1781428657
|move|p2a: Mega Donphan|Headlong Rush|p1a: Garganacl
|-supereffective|p1a: Garganacl
|-damage|p1a: Garganacl|2/100
|-unboost|p2a: Mega Donphan|def|1
|-unboost|p2a: Mega Donphan|spd|1
|move|p1a: Garganacl|Recover|p1a: Garganacl
|-heal|p1a: Garganacl|52/100
|
|-heal|p1a: Garganacl|59/100|[from] item: Leftovers
|-damage|p2a: Mega Donphan|29/100|[from] Salt Cure
|upkeep
|turn|17
|
|t:|1781428661
|move|p2a: Mega Donphan|Headlong Rush|p1a: Garganacl
|-supereffective|p1a: Garganacl
|-damage|p1a: Garganacl|12/100
|-unboost|p2a: Mega Donphan|def|1
|-unboost|p2a: Mega Donphan|spd|1
|move|p1a: Garganacl|Recover|p1a: Garganacl
|-heal|p1a: Garganacl|62/100
|
|-heal|p1a: Garganacl|68/100|[from] item: Leftovers
|-damage|p2a: Mega Donphan|16/100|[from] Salt Cure
|upkeep
|turn|18
|
|t:|1781428663
|move|p1a: Garganacl|Protect|p1a: Garganacl
|-singleturn|p1a: Garganacl|Protect
|move|p2a: Mega Donphan|Headlong Rush|p1a: Garganacl
|-activate|p1a: Garganacl|move: Protect
|
|-heal|p1a: Garganacl|75/100|[from] item: Leftovers
|-damage|p2a: Mega Donphan|4/100|[from] Salt Cure
|upkeep
|turn|19
|
|t:|1781428668
|move|p2a: Mega Donphan|Headlong Rush|p1a: Garganacl
|-supereffective|p1a: Garganacl
|-damage|p1a: Garganacl|32/100
|-unboost|p2a: Mega Donphan|def|1
|-unboost|p2a: Mega Donphan|spd|1
|move|p1a: Garganacl|Recover|p1a: Garganacl
|-heal|p1a: Garganacl|82/100
|
|-heal|p1a: Garganacl|89/100|[from] item: Leftovers
|-damage|p2a: Mega Donphan|0 fnt|[from] Salt Cure
|faint|p2a: Mega Donphan
|-end|p2a: Mega Donphan|Protosynthesis|[silent]
|upkeep
|
|t:|1781428676
|switch|p2a: Aizen🗡️|Kingambit, M, shiny|100/100
|-activate|p2a: Aizen🗡️|ability: Supreme Overlord
|-start|p2a: Aizen🗡️|fallen4|[silent]
|turn|20
|
|t:|1781428680
|-terastallize|p2a: Aizen🗡️|Ghost
|move|p2a: Aizen🗡️|Swords Dance|p2a: Aizen🗡️
|-boost|p2a: Aizen🗡️|atk|2
|move|p1a: Garganacl|Salt Cure|p2a: Aizen🗡️
|-damage|p2a: Aizen🗡️|79/100
|-start|p2a: Aizen🗡️|Salt Cure
|
|-heal|p2a: Aizen🗡️|85/100|[from] item: Leftovers
|-heal|p1a: Garganacl|95/100|[from] item: Leftovers
|-damage|p2a: Aizen🗡️|73/100|[from] Salt Cure
|upkeep
|turn|21
|
|t:|1781428686
|-terastallize|p1a: Garganacl|Water
|move|p2a: Aizen🗡️|Low Kick|p1a: Garganacl
|-damage|p1a: Garganacl|52/100
|move|p1a: Garganacl|Salt Cure|p2a: Aizen🗡️
|-damage|p2a: Aizen🗡️|51/100
|
|-heal|p2a: Aizen🗡️|57/100|[from] item: Leftovers
|-heal|p1a: Garganacl|58/100|[from] item: Leftovers
|-damage|p2a: Aizen🗡️|45/100|[from] Salt Cure
|upkeep
|turn|22
|
|t:|1781428695
|move|p2a: Aizen🗡️|Swords Dance|p2a: Aizen🗡️
|-boost|p2a: Aizen🗡️|atk|2
|move|p1a: Garganacl|Recover|p1a: Garganacl
|-heal|p1a: Garganacl|100/100
|
|-heal|p2a: Aizen🗡️|51/100|[from] item: Leftovers
|-damage|p2a: Aizen🗡️|38/100|[from] Salt Cure
|upkeep
|turn|23
|
|t:|1781428698
|move|p1a: Garganacl|Protect|p1a: Garganacl
|-singleturn|p1a: Garganacl|Protect
|move|p2a: Aizen🗡️|Low Kick|p1a: Garganacl
|-activate|p1a: Garganacl|move: Protect
|
|-heal|p2a: Aizen🗡️|44/100|[from] item: Leftovers
|-damage|p2a: Aizen🗡️|32/100|[from] Salt Cure
|upkeep
|turn|24
|
|t:|1781428705
|move|p2a: Aizen🗡️|Low Kick|p1a: Garganacl
|-damage|p1a: Garganacl|35/100
|move|p1a: Garganacl|Salt Cure|p2a: Aizen🗡️
|-damage|p2a: Aizen🗡️|11/100
|
|-heal|p2a: Aizen🗡️|17/100|[from] item: Leftovers
|-heal|p1a: Garganacl|41/100|[from] item: Leftovers
|-damage|p2a: Aizen🗡️|5/100|[from] Salt Cure
|upkeep
|turn|25
|
|t:|1781428708
|move|p1a: Garganacl|Protect|p1a: Garganacl
|-singleturn|p1a: Garganacl|Protect
|move|p2a: Aizen🗡️|Low Kick|p1a: Garganacl
|-activate|p1a: Garganacl|move: Protect
|
|-heal|p2a: Aizen🗡️|11/100|[from] item: Leftovers
|-heal|p1a: Garganacl|47/100|[from] item: Leftovers
|-damage|p2a: Aizen🗡️|0 fnt|[from] Salt Cure
|faint|p2a: Aizen🗡️
|-end|p2a: Aizen🗡️|fallen4|[silent]
|upkeep
|
|t:|1781428710
|switch|p2a: Robo Rona|Iron Moth|100/100
|turn|26
|
|t:|1781428719
|move|p2a: Robo Rona|Sludge Wave|p1a: Garganacl
|-damage|p1a: Garganacl|15/100
|move|p1a: Garganacl|Salt Cure|p2a: Robo Rona
|-supereffective|p2a: Robo Rona
|-damage|p2a: Robo Rona|20/100
|-start|p2a: Robo Rona|Salt Cure
|
|-heal|p1a: Garganacl|21/100|[from] item: Leftovers
|-damage|p2a: Robo Rona|8/100|[from] Salt Cure
|upkeep
|turn|27
|
|t:|1781428725
|move|p1a: Garganacl|Protect|p1a: Garganacl
|-singleturn|p1a: Garganacl|Protect
|move|p2a: Robo Rona|Sludge Wave|p1a: Garganacl
|-activate|p1a: Garganacl|move: Protect
|
|-heal|p1a: Garganacl|27/100|[from] item: Leftovers
|-damage|p2a: Robo Rona|0 fnt|[from] Salt Cure
|faint|p2a: Robo Rona
|-end|p2a: Robo Rona|Quark Drive|[silent]
|
|win|Ctannn
|raw|Ctannn's rating: 1745 &rarr; <strong>1774</strong><br />(+29 for winning)
|raw|BlackStar150520's rating: 1919 &rarr; <strong>1890</strong><br />(-29 for losing)
|l|☆BlackStar150520
|player|p2|
|l|☆Ctannn
|player|p1|
