|j|☆fantominus83
|j|☆ykykp
|t:|1781097333
|gametype|singles
|player|p1|fantominus83|grimsley|1682
|player|p2|ykykp|101|1714
|gen|9
|tier|[Gen 9] OU
|rated|
|rule|HP Percentage Mod: HP is shown in percentages
|rule|Endless Battle Clause: Forcing endless battles is banned
|rule|Species Clause: Limit one of each Pokémon
|rule|OHKO Clause: OHKO moves are banned
|rule|Evasion Items Clause: Evasion items are banned
|rule|Evasion Moves Clause: Evasion moves are banned
|rule|Evasion Abilities Clause: Evasion abilities are banned
|rule|Sleep Moves Clause: Sleep-inducing moves are banned
|clearpoke
|poke|p1|Iron Crown|
|poke|p1|Ninetales-Alola, M|
|poke|p1|Ceruledge, F|
|poke|p1|Great Tusk|
|poke|p1|Hatterene, F|
|poke|p1|Manaphy|
|poke|p2|Iron Valiant|
|poke|p2|Pecharunt|
|poke|p2|Alomomola, F|
|poke|p2|Cinderace, M|
|poke|p2|Zamazenta-*|
|poke|p2|Hoopa-Unbound|
|teampreview
|inactive|Battle timer is ON: inactive players will automatically lose when time's up. (requested by ykykp)
|
|t:|1781097347
|teamsize|p1|6
|teamsize|p2|6
|start
|switch|p1a: Manaphy|Manaphy|100/100
|switch|p2a: Hoopa|Hoopa-Unbound|100/100
|turn|1
|
|t:|1781097351
|switch|p1a: Ninetales|Ninetales-Alola, M|100/100
|-weather|Snowscape|[from] ability: Snow Warning|[of] p1a: Ninetales
|move|p2a: Hoopa|Knock Off|p1a: Ninetales
|-resisted|p1a: Ninetales
|-damage|p1a: Ninetales|80/100
|-enditem|p1a: Ninetales|Light Clay|[from] move: Knock Off|[of] p2a: Hoopa
|
|-weather|Snowscape|[upkeep]
|upkeep
|turn|2
|
|t:|1781097358
|switch|p2a: Cinderace|Cinderace, M|100/100
|move|p1a: Ninetales|Aurora Veil|p1a: Ninetales
|-sidestart|p1: fantominus83|move: Aurora Veil
|
|-weather|Snowscape|[upkeep]
|upkeep
|turn|3
|
|t:|1781097364
|switch|p1a: Manaphy|Manaphy|100/100
|move|p2a: Cinderace|Court Change|p2a: Cinderace
|-start|p2a: Cinderace|typechange|Normal|[from] ability: Libero
|-swapsideconditions
|-activate|p2a: Cinderace|move: Court Change
|
|-weather|Snowscape|[upkeep]
|upkeep
|turn|4
|
|t:|1781097369
|move|p2a: Cinderace|U-turn|p1a: Manaphy
|-damage|p1a: Manaphy|78/100
|
|t:|1781097378
|switch|p2a: Iron Valiant|Iron Valiant|100/100|[from] U-turn
|move|p1a: Manaphy|Tail Glow|p1a: Manaphy
|-boost|p1a: Manaphy|spa|3
|
|-weather|Snowscape|[upkeep]
|-heal|p1a: Manaphy|84/100|[from] item: Leftovers
|upkeep
|turn|5
|
|t:|1781097385
|-terastallize|p2a: Iron Valiant|Fairy
|move|p2a: Iron Valiant|Moonblast|p1a: Manaphy
|-damage|p1a: Manaphy|0 fnt
|faint|p1a: Manaphy
|
|-weather|none
|upkeep
|
|t:|1781097400
|switch|p1a: Iron Crown|Iron Crown|100/100
|turn|6
|
|t:|1781097405
|-end|p2a: Iron Valiant|Quark Drive|[silent]
|switch|p2a: Hoopa|Hoopa-Unbound|100/100
|move|p1a: Iron Crown|Calm Mind|p1a: Iron Crown
|-boost|p1a: Iron Crown|spa|1
|-boost|p1a: Iron Crown|spd|1
|
|-sideend|p2: ykykp|move: Aurora Veil
|upkeep
|turn|7
|
|t:|1781097408
|-end|p1a: Iron Crown|Quark Drive|[silent]
|switch|p1a: Ninetales|Ninetales-Alola, M|80/100
|-weather|Snowscape|[from] ability: Snow Warning|[of] p1a: Ninetales
|move|p2a: Hoopa|Knock Off|p1a: Ninetales
|-resisted|p1a: Ninetales
|-damage|p1a: Ninetales|65/100
|
|-weather|Snowscape|[upkeep]
|upkeep
|turn|8
|
|t:|1781097412
|switch|p2a: Cinderace|Cinderace, M|100/100
|move|p1a: Ninetales|Aurora Veil|p1a: Ninetales
|-sidestart|p1: fantominus83|move: Aurora Veil
|
|-weather|Snowscape|[upkeep]
|upkeep
|turn|9
|
|t:|1781097415
|move|p2a: Cinderace|Court Change|p2a: Cinderace
|-start|p2a: Cinderace|typechange|Normal|[from] ability: Libero
|-swapsideconditions
|-activate|p2a: Cinderace|move: Court Change
|move|p1a: Ninetales|Aurora Veil|p1a: Ninetales
|-sidestart|p1: fantominus83|move: Aurora Veil
|
|-weather|Snowscape|[upkeep]
|upkeep
|turn|10
|
|t:|1781097432
|switch|p1a: Ceruledge|Ceruledge, F|100/100
|move|p2a: Cinderace|Pyro Ball|p1a: Ceruledge
|-start|p1a: Ceruledge|ability: Flash Fire
|
|-weather|Snowscape|[upkeep]
|upkeep
|turn|11
|
|t:|1781097437
|move|p2a: Cinderace|U-turn|p1a: Ceruledge
|-resisted|p1a: Ceruledge
|-damage|p1a: Ceruledge|96/100
|
|t:|1781097444
|switch|p2a: Pecharunt|Pecharunt|100/100|[from] U-turn
|move|p1a: Ceruledge|Swords Dance|p1a: Ceruledge
|-boost|p1a: Ceruledge|atk|2
|
|-weather|none
|upkeep
|turn|12
|
|t:|1781097455
|move|p1a: Ceruledge|Poltergeist|p2a: Pecharunt
|-activate|p2a: Pecharunt|move: Poltergeist|Heavy-Duty Boots
|-supereffective|p2a: Pecharunt
|-damage|p2a: Pecharunt|30/100
|-damage|p1a: Ceruledge|86/100|[from] item: Life Orb
|move|p2a: Pecharunt|Malignant Chain|p1a: Ceruledge
|-resisted|p1a: Ceruledge
|-damage|p1a: Ceruledge|77/100
|
|-sideend|p2: ykykp|move: Aurora Veil
|upkeep
|turn|13
|
|t:|1781097463
|switch|p2a: Hoopa|Hoopa-Unbound|100/100
|move|p1a: Ceruledge|Bitter Blade|p2a: Hoopa
|-damage|p2a: Hoopa|0 fnt
|-heal|p1a: Ceruledge|100/100|[from] drain|[of] p2a: Hoopa
|faint|p2a: Hoopa
|-damage|p1a: Ceruledge|91/100|[from] item: Life Orb
|
|-sideend|p1: fantominus83|move: Aurora Veil
|upkeep
|
|t:|1781097466
|switch|p2a: Zamazenta|Zamazenta|100/100
|-ability|p2a: Zamazenta|Dauntless Shield|boost
|-boost|p2a: Zamazenta|def|1
|turn|14
|
|t:|1781097471
|move|p2a: Zamazenta|Crunch|p1a: Ceruledge
|-supereffective|p1a: Ceruledge
|-damage|p1a: Ceruledge|0 fnt
|faint|p1a: Ceruledge
|
|upkeep
|
|t:|1781097475
|switch|p1a: Ninetales|Ninetales-Alola, M|65/100
|-weather|Snowscape|[from] ability: Snow Warning|[of] p1a: Ninetales
|turn|15
|
|t:|1781097479
|switch|p2a: Cinderace|Cinderace, M|100/100
|move|p1a: Ninetales|Aurora Veil|p1a: Ninetales
|-sidestart|p1: fantominus83|move: Aurora Veil
|
|-weather|Snowscape|[upkeep]
|upkeep
|turn|16
|
|t:|1781097481
|move|p2a: Cinderace|Court Change|p2a: Cinderace
|-start|p2a: Cinderace|typechange|Normal|[from] ability: Libero
|-swapsideconditions
|-activate|p2a: Cinderace|move: Court Change
|move|p1a: Ninetales|Aurora Veil|p1a: Ninetales
|-sidestart|p1: fantominus83|move: Aurora Veil
|
|-weather|Snowscape|[upkeep]
|upkeep
|turn|17
|
|t:|1781097486
|move|p2a: Cinderace|Pyro Ball|p1a: Ninetales
|-supereffective|p1a: Ninetales
|-damage|p1a: Ninetales|32/100
|move|p1a: Ninetales|Moonblast|p2a: Cinderace
|-damage|p2a: Cinderace|81/100
|-unboost|p2a: Cinderace|spa|1
|
|-weather|Snowscape|[upkeep]
|upkeep
|turn|18
|
|t:|1781097489
|move|p2a: Cinderace|Pyro Ball|p1a: Ninetales
|-supereffective|p1a: Ninetales
|-damage|p1a: Ninetales|2/100
|-status|p1a: Ninetales|brn
|move|p1a: Ninetales|Moonblast|p2a: Cinderace
|-damage|p2a: Cinderace|60/100
|
|-weather|Snowscape|[upkeep]
|-damage|p1a: Ninetales|0 fnt|[from] brn
|faint|p1a: Ninetales
|upkeep
|
|t:|1781097498
|switch|p1a: Hatterene|Hatterene, F|100/100
|turn|19
|
|t:|1781097501
|move|p2a: Cinderace|U-turn|p1a: Hatterene
|-damage|p1a: Hatterene|91/100
|
|t:|1781097503
|switch|p2a: Pecharunt|Pecharunt|30/100|[from] U-turn
|move|p1a: Hatterene|Calm Mind|p1a: Hatterene
|-boost|p1a: Hatterene|spa|1
|-boost|p1a: Hatterene|spd|1
|
|-weather|none
|-heal|p1a: Hatterene|97/100|[from] item: Leftovers
|-sideend|p2: ykykp|move: Aurora Veil
|upkeep
|turn|20
|
|t:|1781097506
|move|p2a: Pecharunt|Malignant Chain|p1a: Hatterene
|-supereffective|p1a: Hatterene
|-damage|p1a: Hatterene|75/100
|move|p1a: Hatterene|Psychic Noise|p2a: Pecharunt
|-supereffective|p2a: Pecharunt
|-damage|p2a: Pecharunt|0 fnt
|faint|p2a: Pecharunt
|
|-heal|p1a: Hatterene|81/100|[from] item: Leftovers
|-sideend|p1: fantominus83|move: Aurora Veil
|upkeep
|
|t:|1781097514
|switch|p2a: Iron Valiant|Iron Valiant, tera:Fairy|100/100
|turn|21
|
|t:|1781097516
|move|p2a: Iron Valiant|Moonblast|p1a: Hatterene
|-damage|p1a: Hatterene|13/100
|move|p1a: Hatterene|Draining Kiss|p2a: Iron Valiant
|-damage|p2a: Iron Valiant|38/100
|-heal|p1a: Hatterene|56/100|[from] drain|[of] p2a: Iron Valiant
|
|-heal|p1a: Hatterene|62/100|[from] item: Leftovers
|upkeep
|turn|22
|
|t:|1781097534
|switch|p1a: Great Tusk|Great Tusk|100/100
|-enditem|p1a: Great Tusk|Booster Energy
|-activate|p1a: Great Tusk|ability: Protosynthesis|[fromitem]
|-start|p1a: Great Tusk|protosynthesisspe
|move|p2a: Iron Valiant|Moonblast|p1a: Great Tusk
|-supereffective|p1a: Great Tusk
|-damage|p1a: Great Tusk|0 fnt
|faint|p1a: Great Tusk
|-end|p1a: Great Tusk|Protosynthesis|[silent]
|
|upkeep
|
|t:|1781097535
|switch|p1a: Iron Crown|Iron Crown|100/100
|turn|23
|
|t:|1781097540
|-end|p2a: Iron Valiant|Quark Drive|[silent]
|switch|p2a: Cinderace|Cinderace, M|60/100
|move|p1a: Iron Crown|Agility|p1a: Iron Crown
|-boost|p1a: Iron Crown|spe|2
|
|upkeep
|turn|24
|
|t:|1781097550
|move|p1a: Iron Crown|Calm Mind|p1a: Iron Crown
|-boost|p1a: Iron Crown|spa|1
|-boost|p1a: Iron Crown|spd|1
|move|p2a: Cinderace|Pyro Ball|p1a: Iron Crown
|-supereffective|p1a: Iron Crown
|-damage|p1a: Iron Crown|0 fnt
|faint|p1a: Iron Crown
|-end|p1a: Iron Crown|Quark Drive|[silent]
|
|upkeep
|-message|fantominus83 forfeited.
|
|win|ykykp
|raw|fantominus83's rating: 1682 &rarr; <strong>1664</strong><br />(-18 for losing)
|raw|ykykp's rating: 1714 &rarr; <strong>1732</strong><br />(+18 for winning)
|l|☆fantominus83
|player|p1|
|l|☆ykykp
|player|p2|
