|j|☆typhoon9
|j|☆Lqmons23
|t:|1781458632
|gametype|singles
|player|p1|typhoon9|swimmerf-gen4dp|1505
|player|p2|Lqmons23|265|1556
|gen|9
|tier|[Gen 9] OU
|rated|
|rule|HP Percentage Mod: HP is shown in percentages
|rule|Endless Battle Clause: Forcing endless battles is banned
|rule|Species Clause: Limit one of each Pokémon
|rule|OHKO Clause: OHKO moves are banned
|rule|Evasion Items Clause: Evasion items are banned
|rule|Evasion Moves Clause: Evasion moves are banned
|rule|Evasion Abilities Clause: Evasion abilities are banned
|rule|Sleep Moves Clause: Sleep-inducing moves are banned
|clearpoke
|poke|p1|Hatterene, F|
|poke|p1|Ursaluna, M|
|poke|p1|Porygon2|
|poke|p1|Cresselia, F|
|poke|p1|Iron Hands|
|poke|p1|Volcanion|
|poke|p2|Kyurem|
|poke|p2|Great Tusk|
|poke|p2|Hatterene, F|
|poke|p2|Cinderace, M|
|poke|p2|Tornadus-Therian, M|
|poke|p2|Kingambit, F|
|teampreview
|inactive|Battle timer is ON: inactive players will automatically lose when time's up. (requested by typhoon9)
|
|t:|1781458641
|teamsize|p1|6
|teamsize|p2|6
|start
|switch|p1a: Sydney Hattereney|Hatterene, F|100/100
|switch|p2a: Kingambit|Kingambit, F|100/100
|turn|1
|
|t:|1781458647
|move|p2a: Kingambit|Iron Head|p1a: Sydney Hattereney
|-supereffective|p1a: Sydney Hattereney
|-enditem|p1a: Sydney Hattereney|Focus Sash
|-damage|p1a: Sydney Hattereney|1/100
|move|p1a: Sydney Hattereney|Trick Room|p1a: Sydney Hattereney
|-fieldstart|move: Trick Room|[of] p1a: Sydney Hattereney
|
|upkeep
|turn|2
|
|t:|1781458653
|move|p1a: Sydney Hattereney|Healing Wish|p1a: Sydney Hattereney
|faint|p1a: Sydney Hattereney
|move|p2a: Kingambit|Kowtow Cleave|p1: Sydney Hattereney|[notarget]
|-fail|p2a: Kingambit
|
|upkeep
|
|t:|1781458656
|switch|p1a: Za Handso|Iron Hands|100/100
|-enditem|p1a: Za Handso|Booster Energy
|-activate|p1a: Za Handso|ability: Quark Drive|[fromitem]
|-start|p1a: Za Handso|quarkdriveatk
|turn|3
|
|t:|1781458662
|-end|p2a: Kingambit|fallenundefined|[silent]
|switch|p2a: Hatterene|Hatterene, F|100/100
|move|p1a: Za Handso|Swords Dance|p1a: Za Handso
|-boost|p1a: Za Handso|atk|2
|
|upkeep
|turn|4
|
|t:|1781458669
|switch|p2a: Great Tusk|Great Tusk|100/100
|move|p1a: Za Handso|Wild Charge|p2a: Great Tusk
|-immune|p2a: Great Tusk
|
|upkeep
|turn|5
|
|t:|1781458676
|-end|p2a: Great Tusk|Protosynthesis|[silent]
|switch|p2a: Hatterene|Hatterene, F|100/100
|move|p1a: Za Handso|Ice Punch|p2a: Hatterene
|-damage|p2a: Hatterene|30/100
|
|-heal|p2a: Hatterene|36/100|[from] item: Leftovers
|-fieldend|move: Trick Room
|upkeep
|turn|6
|
|t:|1781458684
|move|p2a: Hatterene|Psychic Noise|p1a: Za Handso
|-supereffective|p1a: Za Handso
|-damage|p1a: Za Handso|31/100
|-start|p1a: Za Handso|move: Heal Block
|move|p1a: Za Handso|Ice Punch|p2a: Hatterene
|-damage|p2a: Hatterene|0 fnt
|faint|p2a: Hatterene
|
|upkeep
|
|t:|1781458696
|switch|p2a: Cinderace|Cinderace, M|100/100
|turn|7
|
|t:|1781458700
|move|p2a: Cinderace|Pyro Ball|p1a: Za Handso
|-damage|p1a: Za Handso|0 fnt
|faint|p1a: Za Handso
|-end|p1a: Za Handso|Quark Drive|[silent]
|
|upkeep
|
|t:|1781458706
|switch|p1a: King PoryVon2|Porygon2|100/100
|-ability|p1a: King PoryVon2|Download|boost
|-boost|p1a: King PoryVon2|spa|1
|turn|8
|
|t:|1781458713
|move|p2a: Cinderace|Gunk Shot|p1a: King PoryVon2
|-start|p2a: Cinderace|typechange|Poison|[from] ability: Libero
|-damage|p1a: King PoryVon2|61/100
|move|p1a: King PoryVon2|Trick Room|p1a: King PoryVon2
|-fieldstart|move: Trick Room|[of] p1a: King PoryVon2
|
|upkeep
|turn|9
|
|t:|1781458720
|move|p1a: King PoryVon2|Hyper Beam|p2a: Cinderace
|-damage|p2a: Cinderace|0 fnt
|-mustrecharge|p1a: King PoryVon2
|faint|p2a: Cinderace
|
|upkeep
|
|t:|1781458726
|switch|p2a: Kingambit|Kingambit, F|100/100
|-activate|p2a: Kingambit|ability: Supreme Overlord
|-start|p2a: Kingambit|fallen2|[silent]
|turn|10
|
|t:|1781458730
|cant|p1a: King PoryVon2|recharge
|move|p2a: Kingambit|Kowtow Cleave|p1a: King PoryVon2
|-damage|p1a: King PoryVon2|24/100
|
|upkeep
|turn|11
|
|t:|1781458736
|switch|p1a: Volcanion|Volcanion|100/100
|move|p2a: Kingambit|Kowtow Cleave|p1a: Volcanion
|-damage|p1a: Volcanion|56/100
|
|upkeep
|turn|12
|
|t:|1781458743
|-terastallize|p1a: Volcanion|Water
|move|p2a: Kingambit|Sucker Punch|p1a: Volcanion
|-damage|p1a: Volcanion|14/100
|move|p1a: Volcanion|Steam Eruption|p2a: Kingambit
|-damage|p2a: Kingambit|0 fnt
|faint|p2a: Kingambit
|-end|p2a: Kingambit|fallen2|[silent]
|
|-fieldend|move: Trick Room
|upkeep
|
|t:|1781458753
|switch|p2a: Tornadus|Tornadus-Therian, M|100/100
|turn|13
|
|t:|1781458767
|switch|p1a: King PoryVon2|Porygon2|24/100
|-heal|p1a: King PoryVon2|100/100|[from] move: Healing Wish
|-ability|p1a: King PoryVon2|Download|boost
|-boost|p1a: King PoryVon2|atk|1
|move|p2a: Tornadus|Knock Off|p1a: King PoryVon2
|-damage|p1a: King PoryVon2|88/100
|-enditem|p1a: King PoryVon2|Eviolite|[from] move: Knock Off|[of] p2a: Tornadus
|
|upkeep
|turn|14
|
|t:|1781458777
|move|p2a: Tornadus|Bleakwind Storm|p1a: King PoryVon2
|-damage|p1a: King PoryVon2|36/100
|move|p1a: King PoryVon2|Trick Room|p1a: King PoryVon2
|-fieldstart|move: Trick Room|[of] p1a: King PoryVon2
|
|upkeep
|turn|15
|
|t:|1781458784
|move|p1a: King PoryVon2|Hyper Beam|p2a: Tornadus
|-damage|p2a: Tornadus|48/100
|-mustrecharge|p1a: King PoryVon2
|move|p2a: Tornadus|Bleakwind Storm|p1a: King PoryVon2|[miss]
|-miss|p2a: Tornadus|p1a: King PoryVon2
|
|upkeep
|turn|16
|
|t:|1781458791
|cant|p1a: King PoryVon2|recharge
|move|p2a: Tornadus|Bleakwind Storm|p1a: King PoryVon2
|-damage|p1a: King PoryVon2|0 fnt
|faint|p1a: King PoryVon2
|
|upkeep
|
|t:|1781458795
|switch|p1a: Freddy Facadebear|Ursaluna, M|100/100
|turn|17
|
|t:|1781458805
|switch|p2a: Great Tusk|Great Tusk|100/100
|move|p1a: Freddy Facadebear|Facade|p2a: Great Tusk
|-damage|p2a: Great Tusk|73/100
|-damage|p1a: Freddy Facadebear|84/100|[from] item: Rocky Helmet|[of] p2a: Great Tusk
|
|-status|p1a: Freddy Facadebear|brn|[from] item: Flame Orb
|upkeep
|turn|18
|
|t:|1781458816
|-end|p2a: Great Tusk|Protosynthesis|[silent]
|switch|p2a: Tornadus|Tornadus-Therian, M|81/100
|move|p1a: Freddy Facadebear|Facade|p2a: Tornadus
|-damage|p2a: Tornadus|0 fnt
|faint|p2a: Tornadus
|
|-damage|p1a: Freddy Facadebear|78/100 brn|[from] brn
|-fieldend|move: Trick Room
|upkeep
|
|t:|1781458826
|switch|p2a: Kyurem|Kyurem, shiny|100/100
|-ability|p2a: Kyurem|Pressure
|turn|19
|
|t:|1781458831
|switch|p1a: Cres-MOON|Cresselia, F, shiny|100/100
|move|p2a: Kyurem|Ice Beam|p1a: Cres-MOON
|-damage|p1a: Cres-MOON|73/100
|
|upkeep
|turn|20
|
|t:|1781458837
|move|p2a: Kyurem|Ice Beam|p1a: Cres-MOON
|-damage|p1a: Cres-MOON|43/100
|move|p1a: Cres-MOON|Trick Room|p1a: Cres-MOON
|-fieldstart|move: Trick Room|[of] p1a: Cres-MOON
|
|upkeep
|turn|21
|
|t:|1781458846
|move|p1a: Cres-MOON|Lunar Dance|p1a: Cres-MOON
|faint|p1a: Cres-MOON
|move|p2a: Kyurem|Ice Beam|p1: Cres-MOON|[notarget]
|-fail|p2a: Kyurem
|
|upkeep
|
|t:|1781458848
|switch|p1a: Volcanion|Volcanion, tera:Water|14/100
|-heal|p1a: Volcanion|100/100|[from] move: Lunar Dance
|turn|22
|
|t:|1781458856
|move|p1a: Volcanion|Flamethrower|p2a: Kyurem
|-damage|p2a: Kyurem|31/100
|move|p2a: Kyurem|Ice Beam|p1a: Volcanion
|-resisted|p1a: Volcanion
|-damage|p1a: Volcanion|75/100
|
|upkeep
|turn|23
|-message|Lqmons23 forfeited.
|
|win|typhoon9
|raw|typhoon9's rating: 1505 &rarr; <strong>1528</strong><br />(+23 for winning)
|raw|Lqmons23's rating: 1556 &rarr; <strong>1533</strong><br />(-23 for losing)
|l|☆Lqmons23
|player|p2|
|l|☆typhoon9
|player|p1|
