|badge|p2|bronze|gen9ubers|100-9
|uhtml|medal-msg|<div class="broadcast-blue">Curious what those medals under the avatar are? PS now has Ladder Seasons! For more information, check out the <a href="https://www.smogon.com/forums/threads/3740067/">thread on Smogon.</a></div>
|j|☆xxroditoxx
|j|☆DriftedEx
|t:|1781482491
|gametype|singles
|player|p1|xxroditoxx|shadowtriad|1597
|player|p2|DriftedEx|rocketgrunt|1741
|gen|9
|tier|[Gen 9] OU
|rated|
|rule|HP Percentage Mod: HP is shown in percentages
|rule|Endless Battle Clause: Forcing endless battles is banned
|rule|Species Clause: Limit one of each Pokémon
|rule|OHKO Clause: OHKO moves are banned
|rule|Evasion Items Clause: Evasion items are banned
|rule|Evasion Moves Clause: Evasion moves are banned
|rule|Evasion Abilities Clause: Evasion abilities are banned
|rule|Sleep Moves Clause: Sleep-inducing moves are banned
|clearpoke
|poke|p1|Hoopa-Unbound|
|poke|p1|Pecharunt|
|poke|p1|Landorus-Therian, M|
|poke|p1|Cinderace, M|
|poke|p1|Alomomola, M|
|poke|p1|Iron Valiant|
|poke|p2|Ribombee, M|
|poke|p2|Great Tusk|
|poke|p2|Gholdengo|
|poke|p2|Manaphy|
|poke|p2|Kingambit, M|
|poke|p2|Iron Valiant|
|teampreview
|inactive|Battle timer is ON: inactive players will automatically lose when time's up. (requested by DriftedEx)
|inactive|xxroditoxx has 120 seconds left.
|
|t:|1781482524
|teamsize|p1|6
|teamsize|p2|6
|start
|switch|p1a: Pecharunt|Pecharunt|100/100
|switch|p2a: Manaphy|Manaphy|100/100
|turn|1
|
|t:|1781482530
|switch|p2a: Gholdengo|Gholdengo|100/100
|-item|p2a: Gholdengo|Air Balloon
|move|p1a: Pecharunt|Parting Shot|p2a: Gholdengo
|-immune|p2a: Gholdengo|[from] ability: Good as Gold
|
|upkeep
|turn|2
|
|t:|1781482536
|switch|p1a: Alomomola|Alomomola, M, shiny|100/100
|move|p2a: Gholdengo|Make It Rain|p1a: Alomomola
|-resisted|p1a: Alomomola
|-damage|p1a: Alomomola|82/100
|-unboost|p2a: Gholdengo|spa|1
|
|upkeep
|turn|3
|
|t:|1781482543
|switch|p2a: Ribombee|Ribombee, M|100/100
|move|p1a: Alomomola|Flip Turn|p2a: Ribombee
|-damage|p2a: Ribombee|75/100
|
|t:|1781482559
|switch|p1a: Landorus|Landorus-Therian, M, shiny|100/100|[from] Flip Turn
|-ability|p1a: Landorus|Intimidate|boost
|-unboost|p2a: Ribombee|atk|1
|
|upkeep
|turn|4
|
|t:|1781482567
|move|p1a: Landorus|Stone Edge|p2a: Ribombee
|-supereffective|p2a: Ribombee
|-damage|p2a: Ribombee|0 fnt
|faint|p2a: Ribombee
|
|upkeep
|
|t:|1781482571
|switch|p2a: Manaphy|Manaphy|100/100
|turn|5
|
|t:|1781482579
|switch|p1a: Hoopa|Hoopa-Unbound|100/100
|move|p2a: Manaphy|Tail Glow|p2a: Manaphy
|-boost|p2a: Manaphy|spa|3
|
|upkeep
|turn|6
|
|t:|1781482590
|move|p2a: Manaphy|Alluring Voice|p1a: Hoopa
|-supereffective|p1a: Hoopa
|-damage|p1a: Hoopa|2/100
|move|p1a: Hoopa|Knock Off|p2a: Manaphy
|-crit|p2a: Manaphy
|-damage|p2a: Manaphy|0 fnt
|-enditem|p2a: Manaphy|Leftovers|[from] move: Knock Off|[of] p1a: Hoopa
|faint|p2a: Manaphy
|
|upkeep
|
|t:|1781482601
|switch|p2a: Iron Valiant|Iron Valiant|100/100
|-enditem|p2a: Iron Valiant|Booster Energy
|-activate|p2a: Iron Valiant|ability: Quark Drive|[fromitem]
|-start|p2a: Iron Valiant|quarkdrivespe
|turn|7
|
|t:|1781482612
|switch|p1a: Pecharunt|Pecharunt|100/100
|move|p2a: Iron Valiant|Calm Mind|p2a: Iron Valiant
|-boost|p2a: Iron Valiant|spa|1
|-boost|p2a: Iron Valiant|spd|1
|
|upkeep
|turn|8
|
|t:|1781482616
|-terastallize|p2a: Iron Valiant|Ghost
|move|p2a: Iron Valiant|Shadow Ball|p1a: Pecharunt
|-supereffective|p1a: Pecharunt
|-damage|p1a: Pecharunt|0 fnt
|faint|p1a: Pecharunt
|
|upkeep
|
|t:|1781482636
|switch|p1a: Alomomola|Alomomola, M, shiny|100/100
|turn|9
|
|t:|1781482640
|move|p2a: Iron Valiant|Calm Mind|p2a: Iron Valiant
|-boost|p2a: Iron Valiant|spa|1
|-boost|p2a: Iron Valiant|spd|1
|move|p1a: Alomomola|Flip Turn|p2a: Iron Valiant
|-damage|p2a: Iron Valiant|77/100
|
|t:|1781482648
|switch|p1a: Cinderace|Cinderace, M|100/100|[from] Flip Turn
|
|upkeep
|turn|10
|
|t:|1781482650
|move|p1a: Cinderace|Sucker Punch|p2a: Iron Valiant
|-start|p1a: Cinderace|typechange|Dark|[from] ability: Libero
|-supereffective|p2a: Iron Valiant
|-damage|p2a: Iron Valiant|0 fnt
|faint|p2a: Iron Valiant
|-end|p2a: Iron Valiant|Quark Drive|[silent]
|
|upkeep
|
|t:|1781482663
|switch|p2a: Great Tusk|Great Tusk|100/100
|-enditem|p2a: Great Tusk|Booster Energy
|-activate|p2a: Great Tusk|ability: Protosynthesis|[fromitem]
|-start|p2a: Great Tusk|protosynthesisatk
|turn|11
|
|t:|1781482691
|move|p1a: Cinderace|U-turn|p2a: Great Tusk
|-resisted|p2a: Great Tusk
|-damage|p2a: Great Tusk|92/100
|
|t:|1781482694
|switch|p1a: Hoopa|Hoopa-Unbound|2/100|[from] U-turn
|move|p2a: Great Tusk|Rapid Spin|p1a: Hoopa
|-damage|p1a: Hoopa|0 fnt
|-boost|p2a: Great Tusk|spe|1
|faint|p1a: Hoopa
|
|upkeep
|inactive|xxroditoxx has 120 seconds left.
|
|t:|1781482711
|switch|p1a: Alomomola|Alomomola, M, shiny|100/100
|turn|12
|
|t:|1781482716
|move|p2a: Great Tusk|Headlong Rush|p1a: Alomomola
|-damage|p1a: Alomomola|39/100
|-unboost|p2a: Great Tusk|def|1
|-unboost|p2a: Great Tusk|spd|1
|move|p1a: Alomomola|Flip Turn|p2a: Great Tusk
|-supereffective|p2a: Great Tusk
|-damage|p2a: Great Tusk|59/100
|
|t:|1781482721
|switch|p1a: Landorus|Landorus-Therian, M, shiny|100/100|[from] Flip Turn
|-ability|p1a: Landorus|Intimidate|boost
|-unboost|p2a: Great Tusk|atk|1
|
|upkeep
|turn|13
|
|t:|1781482724
|move|p1a: Landorus|Grass Knot|p2a: Great Tusk
|-supereffective|p2a: Great Tusk
|-damage|p2a: Great Tusk|0 fnt
|faint|p2a: Great Tusk
|-end|p2a: Great Tusk|Protosynthesis|[silent]
|
|upkeep
|
|t:|1781482729
|switch|p2a: King Von|Kingambit, M|100/100
|-activate|p2a: King Von|ability: Supreme Overlord
|-start|p2a: King Von|fallen4|[silent]
|-item|p2a: King Von|Air Balloon
|turn|14
|
|t:|1781482735
|switch|p1a: Alomomola|Alomomola, M, shiny|72/100
|move|p2a: King Von|Swords Dance|p2a: King Von
|-boost|p2a: King Von|atk|2
|
|upkeep
|turn|15
|
|t:|1781482740
|move|p2a: King Von|Kowtow Cleave|p1a: Alomomola
|-damage|p1a: Alomomola|0 fnt
|faint|p1a: Alomomola
|
|upkeep
|
|t:|1781482742
|switch|p1a: Iron Valiant|Iron Valiant, shiny|100/100
|turn|16
|
|t:|1781482745
|-end|p2a: King Von|fallen4|[silent]
|switch|p2a: Gholdengo|Gholdengo|100/100
|-item|p2a: Gholdengo|Air Balloon
|move|p1a: Iron Valiant|Vacuum Wave|p2a: Gholdengo
|-immune|p2a: Gholdengo
|
|upkeep
|turn|17
|
|t:|1781482752
|-end|p1a: Iron Valiant|Quark Drive|[silent]
|switch|p1a: Cinderace|Cinderace, M|100/100
|move|p2a: Gholdengo|Shadow Ball|p1a: Cinderace
|-damage|p1a: Cinderace|38/100
|
|upkeep
|turn|18
|
|t:|1781482755
|move|p1a: Cinderace|Pyro Ball|p2a: Gholdengo
|-supereffective|p2a: Gholdengo
|-damage|p2a: Gholdengo|0 fnt
|-enditem|p2a: Gholdengo|Air Balloon
|faint|p2a: Gholdengo
|
|upkeep
|
|t:|1781482757
|switch|p2a: King Von|Kingambit, M|100/100
|-activate|p2a: King Von|ability: Supreme Overlord
|-start|p2a: King Von|fallen5|[silent]
|-item|p2a: King Von|Air Balloon
|turn|19
|
|t:|1781482759
|move|p2a: King Von|Sucker Punch|p1a: Cinderace
|-damage|p1a: Cinderace|0 fnt
|faint|p1a: Cinderace
|
|upkeep
|
|t:|1781482761
|switch|p1a: Iron Valiant|Iron Valiant, shiny|100/100
|turn|20
|
|t:|1781482763
|move|p1a: Iron Valiant|Vacuum Wave|p2a: King Von
|-supereffective|p2a: King Von
|-damage|p2a: King Von|0 fnt
|-enditem|p2a: King Von|Air Balloon
|faint|p2a: King Von
|-end|p2a: King Von|fallen5|[silent]
|
|win|xxroditoxx
|raw|xxroditoxx's rating: 1597 &rarr; <strong>1625</strong><br />(+28 for winning)
|raw|DriftedEx's rating: 1741 &rarr; <strong>1713</strong><br />(-28 for losing)
|l|☆DriftedEx
|player|p2|
|c|☆xxroditoxx|gg
