|j|☆Mca Player 11
|j|☆kadu99
|t:|1780989080
|gametype|singles
|player|p1|Mca Player 11|skierf|1579
|player|p2|kadu99|policeman-gen4|1703
|gen|9
|tier|[Gen 9] OU
|rated|
|rule|HP Percentage Mod: HP is shown in percentages
|rule|Endless Battle Clause: Forcing endless battles is banned
|rule|Species Clause: Limit one of each Pokémon
|rule|OHKO Clause: OHKO moves are banned
|rule|Evasion Items Clause: Evasion items are banned
|rule|Evasion Moves Clause: Evasion moves are banned
|rule|Evasion Abilities Clause: Evasion abilities are banned
|rule|Sleep Moves Clause: Sleep-inducing moves are banned
|clearpoke
|poke|p1|Deoxys-Speed|
|poke|p1|Iron Moth|
|poke|p1|Zamazenta-*|
|poke|p1|Gholdengo|
|poke|p1|Rillaboom, M|
|poke|p1|Iron Jugulis|
|poke|p2|Scizor, F|
|poke|p2|Alomomola, M|
|poke|p2|Weezing-Galar, F|
|poke|p2|Raging Bolt|
|poke|p2|Landorus-Therian, M|
|poke|p2|Iron Crown|
|teampreview
|inactive|Battle timer is ON: inactive players will automatically lose when time's up. (requested by kadu99)
|
|t:|1780989094
|teamsize|p1|6
|teamsize|p2|6
|start
|switch|p1a: Iron Jugulis|Iron Jugulis, shiny|100/100
|switch|p2a: Landorus|Landorus-Therian, M|100/100
|-ability|p2a: Landorus|Intimidate|boost
|-unboost|p1a: Iron Jugulis|atk|1
|-enditem|p1a: Iron Jugulis|Booster Energy
|-activate|p1a: Iron Jugulis|ability: Quark Drive|[fromitem]
|-start|p1a: Iron Jugulis|quarkdrivespe
|turn|1
|
|t:|1780989111
|move|p1a: Iron Jugulis|Knock Off|p2a: Landorus
|-damage|p2a: Landorus|83/100
|-damage|p1a: Iron Jugulis|84/100|[from] item: Rocky Helmet|[of] p2a: Landorus
|-enditem|p2a: Landorus|Rocky Helmet|[from] move: Knock Off|[of] p1a: Iron Jugulis
|move|p2a: Landorus|U-turn|p1a: Iron Jugulis
|-damage|p1a: Iron Jugulis|60/100
|
|t:|1780989118
|switch|p2a: Iron Crown|Iron Crown|100/100|[from] U-turn
|
|upkeep
|turn|2
|
|t:|1780989121
|move|p1a: Iron Jugulis|Knock Off|p2a: Iron Crown
|-supereffective|p2a: Iron Crown
|-damage|p2a: Iron Crown|63/100
|-enditem|p2a: Iron Crown|Assault Vest|[from] move: Knock Off|[of] p1a: Iron Jugulis
|move|p2a: Iron Crown|Tachyon Cutter|p1a: Iron Jugulis
|-damage|p1a: Iron Jugulis|23/100
|-damage|p1a: Iron Jugulis|0 fnt
|faint|p1a: Iron Jugulis
|-end|p1a: Iron Jugulis|Quark Drive|[silent]
|-hitcount|p1: Iron Jugulis|2
|
|upkeep
|
|t:|1780989129
|switch|p1a: Iron Moth|Iron Moth, shiny|100/100
|-enditem|p1a: Iron Moth|Booster Energy
|-activate|p1a: Iron Moth|ability: Quark Drive|[fromitem]
|-start|p1a: Iron Moth|quarkdrivespe
|turn|3
|j| Kisaragi Station
|inactive|kadu99 has 120 seconds left.
|inactive|kadu99 has 90 seconds left.
|
|t:|1780989203
|-terastallize|p2a: Iron Crown|Fighting
|move|p1a: Iron Moth|Fiery Dance|p2a: Iron Crown
|-damage|p2a: Iron Crown|19/100
|-boost|p1a: Iron Moth|spa|1
|move|p2a: Iron Crown|Psychic Noise|p1a: Iron Moth
|-supereffective|p1a: Iron Moth
|-damage|p1a: Iron Moth|24/100
|-start|p1a: Iron Moth|move: Heal Block
|
|upkeep
|turn|4
|
|t:|1780989209
|move|p1a: Iron Moth|Fiery Dance|p2a: Iron Crown
|-damage|p2a: Iron Crown|0 fnt
|-boost|p1a: Iron Moth|spa|1
|faint|p2a: Iron Crown
|-end|p2a: Iron Crown|Quark Drive|[silent]
|
|-end|p1a: Iron Moth|move: Heal Block
|upkeep
|
|t:|1780989214
|switch|p2a: Scizor|Scizor, F, shiny|100/100
|turn|5
|
|t:|1780989217
|-end|p1a: Iron Moth|Quark Drive|[silent]
|switch|p1a: Gholdengo|Gholdengo, shiny|100/100
|move|p2a: Scizor|Bullet Punch|p1a: Gholdengo
|-resisted|p1a: Gholdengo
|-damage|p1a: Gholdengo|78/100
|-damage|p2a: Scizor|91/100|[from] item: Life Orb
|
|upkeep
|turn|6
|
|t:|1780989223
|switch|p1a: Iron Moth|Iron Moth, shiny|24/100
|move|p2a: Scizor|Knock Off|p1a: Iron Moth
|-damage|p1a: Iron Moth|0 fnt
|faint|p1a: Iron Moth
|-end|p1a: Iron Moth|Quark Drive|[silent]
|-damage|p2a: Scizor|81/100|[from] item: Life Orb
|
|upkeep
|
|t:|1780989226
|switch|p1a: Zamazenta|Zamazenta, shiny|100/100
|-ability|p1a: Zamazenta|Dauntless Shield|boost
|-boost|p1a: Zamazenta|def|1
|turn|7
|
|t:|1780989229
|switch|p2a: Landorus|Landorus-Therian, M|83/100
|-ability|p2a: Landorus|Intimidate|boost
|-unboost|p1a: Zamazenta|atk|1
|move|p1a: Zamazenta|Stone Edge|p2a: Landorus
|-damage|p2a: Landorus|52/100
|
|upkeep
|turn|8
|
|t:|1780989233
|switch|p1a: Deoxys|Deoxys-Speed|100/100
|-ability|p1a: Deoxys|Pressure
|move|p2a: Landorus|Stealth Rock|p1a: Deoxys
|-sidestart|p1: Mca Player 11|move: Stealth Rock
|
|upkeep
|turn|9
|
|t:|1780989237
|move|p1a: Deoxys|Stealth Rock|p2a: Landorus
|-sidestart|p2: kadu99|move: Stealth Rock
|move|p2a: Landorus|U-turn|p1a: Deoxys
|-supereffective|p1a: Deoxys
|-damage|p1a: Deoxys|50/100
|-damage|p2a: Landorus|36/100|[from] item: Rocky Helmet|[of] p1a: Deoxys
|
|t:|1780989241
|switch|p2a: Alomomola|Alomomola, M|100/100|[from] U-turn
|
|upkeep
|turn|10
|
|t:|1780989245
|move|p1a: Deoxys|Pain Split|p2a: Alomomola
|-sethp|p2a: Alomomola|65/100|[from] move: Pain Split|[silent]
|-sethp|p1a: Deoxys|100/100|[from] move: Pain Split
|move|p2a: Alomomola|Flip Turn|p1a: Deoxys
|-damage|p1a: Deoxys|82/100
|-damage|p2a: Alomomola|48/100|[from] item: Rocky Helmet|[of] p1a: Deoxys
|
|t:|1780989255
|switch|p2a: Scizor|Scizor, F, shiny|81/100|[from] Flip Turn
|-damage|p2a: Scizor|68/100|[from] Stealth Rock
|
|upkeep
|turn|11
|
|t:|1780989260
|move|p1a: Deoxys|Spikes|p2a: Scizor
|-sidestart|p2: kadu99|Spikes
|move|p2a: Scizor|Knock Off|p1a: Deoxys
|-supereffective|p1a: Deoxys
|-damage|p1a: Deoxys|0 fnt
|-damage|p2a: Scizor|52/100|[from] item: Rocky Helmet|[of] p1a: Deoxys
|-enditem|p1a: Deoxys|Rocky Helmet|[from] move: Knock Off|[of] p2a: Scizor
|faint|p1a: Deoxys
|-damage|p2a: Scizor|42/100|[from] item: Life Orb
|
|upkeep
|
|t:|1780989266
|switch|p1a: Zamazenta|Zamazenta, shiny|100/100
|-damage|p1a: Zamazenta|94/100|[from] Stealth Rock
|turn|12
|
|t:|1780989270
|switch|p2a: Landorus|Landorus-Therian, M|36/100
|-damage|p2a: Landorus|24/100|[from] Stealth Rock
|-ability|p2a: Landorus|Intimidate|boost
|-unboost|p1a: Zamazenta|atk|1
|move|p1a: Zamazenta|Close Combat|p2a: Landorus
|-resisted|p2a: Landorus
|-damage|p2a: Landorus|0 fnt
|-unboost|p1a: Zamazenta|def|1
|-unboost|p1a: Zamazenta|spd|1
|faint|p2a: Landorus
|
|upkeep
|
|t:|1780989278
|switch|p2a: Weezing|Weezing-Galar, F|100/100
|-ability|p2a: Weezing|Neutralizing Gas
|turn|13
|
|t:|1780989281
|switch|p1a: Gholdengo|Gholdengo, shiny|78/100
|-damage|p1a: Gholdengo|72/100|[from] Stealth Rock
|move|p2a: Weezing|Defog|p1a: Gholdengo
|-unboost|p1a: Gholdengo|evasion|1
|-sideend|p1: Mca Player 11|Stealth Rock|[from] move: Defog|[of] p2a: Weezing
|-sideend|p2: kadu99|Spikes|[from] move: Defog|[of] p2a: Weezing
|-sideend|p2: kadu99|Stealth Rock|[from] move: Defog|[of] p2a: Weezing
|
|upkeep
|turn|14
|
|t:|1780989288
|switch|p1a: Zamazenta|Zamazenta, shiny|94/100
|move|p2a: Weezing|Will-O-Wisp|p1a: Zamazenta
|-status|p1a: Zamazenta|brn
|
|-damage|p1a: Zamazenta|88/100 brn|[from] brn
|upkeep
|turn|15
|j| hattybatty304
|
|t:|1780989293
|switch|p1a: Rillaboom|Rillaboom, M, shiny|100/100
|move|p2a: Weezing|Sludge Bomb|p1a: Rillaboom
|-supereffective|p1a: Rillaboom
|-damage|p1a: Rillaboom|31/100
|
|upkeep
|turn|16
|
|t:|1780989295
|switch|p1a: Gholdengo|Gholdengo, shiny|72/100
|move|p2a: Weezing|Sludge Bomb|p1a: Gholdengo
|-immune|p1a: Gholdengo
|
|upkeep
|turn|17
|
|t:|1780989311
|-end|p2a: Weezing|ability: Neutralizing Gas
|switch|p2a: Alomomola|Alomomola, M|81/100
|move|p1a: Gholdengo|Nasty Plot|p1a: Gholdengo
|-boost|p1a: Gholdengo|spa|2
|
|upkeep
|turn|18
|
|t:|1780989316
|move|p1a: Gholdengo|Shadow Ball|p2a: Alomomola
|-damage|p2a: Alomomola|0 fnt
|faint|p2a: Alomomola
|
|upkeep
|
|t:|1780989334
|switch|p2a: Raging Bolt|Raging Bolt|100/100
|turn|19
|
|t:|1780989343
|move|p2a: Raging Bolt|Calm Mind|p2a: Raging Bolt
|-boost|p2a: Raging Bolt|spa|1
|-boost|p2a: Raging Bolt|spd|1
|move|p1a: Gholdengo|Shadow Ball|p2a: Raging Bolt
|-damage|p2a: Raging Bolt|55/100
|-unboost|p2a: Raging Bolt|spd|1
|
|-heal|p2a: Raging Bolt|61/100|[from] item: Leftovers
|upkeep
|turn|20
|
|t:|1780989347
|move|p2a: Raging Bolt|Thunderbolt|p1a: Gholdengo
|-damage|p1a: Gholdengo|20/100
|-status|p1a: Gholdengo|par
|move|p1a: Gholdengo|Shadow Ball|p2a: Raging Bolt
|-damage|p2a: Raging Bolt|0 fnt
|faint|p2a: Raging Bolt
|-end|p2a: Raging Bolt|Protosynthesis|[silent]
|
|upkeep
|
|t:|1780989349
|switch|p2a: Scizor|Scizor, F, shiny|42/100
|turn|21
|
|t:|1780989360
|switch|p1a: Rillaboom|Rillaboom, M, shiny|31/100
|-fieldstart|move: Grassy Terrain|[from] ability: Grassy Surge|[of] p1a: Rillaboom
|move|p2a: Scizor|Bullet Punch|p1a: Rillaboom
|-damage|p1a: Rillaboom|0 fnt
|faint|p1a: Rillaboom
|-damage|p2a: Scizor|32/100|[from] item: Life Orb
|
|-heal|p2a: Scizor|38/100|[from] Grassy Terrain
|upkeep
|
|t:|1780989364
|switch|p1a: Zamazenta|Zamazenta, shiny|88/100 brn
|turn|22
|
|t:|1780989375
|switch|p1a: Gholdengo|Gholdengo, shiny|20/100 par
|-enditem|p1a: Gholdengo|Grassy Seed
|-boost|p1a: Gholdengo|def|1|[from] item: Grassy Seed
|switch|p2a: Weezing|Weezing-Galar, F|100/100
|-ability|p2a: Weezing|Neutralizing Gas
|
|-heal|p1a: Gholdengo|26/100 par|[from] Grassy Terrain
|upkeep
|turn|23
|
|t:|1780989391
|move|p2a: Weezing|Sludge Bomb|p1a: Gholdengo
|-immune|p1a: Gholdengo
|cant|p1a: Gholdengo|par
|
|-heal|p1a: Gholdengo|33/100 par|[from] Grassy Terrain
|upkeep
|turn|24
|
|t:|1780989406
|move|p2a: Weezing|Will-O-Wisp||[still]
|-fail|p2a: Weezing
|move|p1a: Gholdengo|Recover|p1a: Gholdengo
|-heal|p1a: Gholdengo|83/100 par
|
|-heal|p1a: Gholdengo|89/100 par|[from] Grassy Terrain
|upkeep
|turn|25
|
|t:|1780989416
|move|p2a: Weezing|Sludge Bomb|p1a: Gholdengo
|-immune|p1a: Gholdengo
|cant|p1a: Gholdengo|par
|
|-heal|p1a: Gholdengo|95/100 par|[from] Grassy Terrain
|-fieldend|move: Grassy Terrain
|upkeep
|turn|26
|
|t:|1780989419
|move|p2a: Weezing|Sludge Bomb|p1a: Gholdengo
|-immune|p1a: Gholdengo
|move|p1a: Gholdengo|Shadow Ball|p2a: Weezing
|-damage|p2a: Weezing|50/100
|
|upkeep
|turn|27
|
|t:|1780989423
|move|p2a: Weezing|Pain Split|p1a: Gholdengo
|-sethp|p1a: Gholdengo|70/100 par|[from] move: Pain Split|[silent]
|-sethp|p2a: Weezing|79/100|[from] move: Pain Split
|move|p1a: Gholdengo|Shadow Ball|p2a: Weezing
|-damage|p2a: Weezing|31/100
|
|upkeep
|turn|28
|
|t:|1780989429
|move|p2a: Weezing|Pain Split|p1a: Gholdengo
|-sethp|p1a: Gholdengo|49/100 par|[from] move: Pain Split|[silent]
|-sethp|p2a: Weezing|55/100|[from] move: Pain Split
|move|p1a: Gholdengo|Recover|p1a: Gholdengo
|-heal|p1a: Gholdengo|99/100 par
|
|upkeep
|turn|29
|
|t:|1780989432
|move|p2a: Weezing|Pain Split|p1a: Gholdengo
|-sethp|p1a: Gholdengo|73/100 par|[from] move: Pain Split|[silent]
|-sethp|p2a: Weezing|83/100|[from] move: Pain Split
|cant|p1a: Gholdengo|par
|
|upkeep
|turn|30
|
|t:|1780989435
|move|p2a: Weezing|Sludge Bomb|p1a: Gholdengo
|-immune|p1a: Gholdengo
|move|p1a: Gholdengo|Nasty Plot|p1a: Gholdengo
|-boost|p1a: Gholdengo|spa|2
|
|upkeep
|turn|31
|
|t:|1780989438
|move|p2a: Weezing|Sludge Bomb|p1a: Gholdengo
|-immune|p1a: Gholdengo
|move|p1a: Gholdengo|Shadow Ball|p2a: Weezing
|-damage|p2a: Weezing|0 fnt
|faint|p2a: Weezing
|-end|p2a: Weezing|ability: Neutralizing Gas
|
|upkeep
|
|t:|1780989440
|switch|p2a: Scizor|Scizor, F, shiny|38/100
|turn|32
|
|t:|1780989442
|move|p2a: Scizor|Knock Off|p1a: Gholdengo
|-supereffective|p1a: Gholdengo
|-damage|p1a: Gholdengo|36/100 par
|-damage|p2a: Scizor|28/100|[from] item: Life Orb
|move|p1a: Gholdengo|Shadow Ball|p2a: Scizor
|-damage|p2a: Scizor|0 fnt
|faint|p2a: Scizor
|
|win|Mca Player 11
|raw|Mca Player 11's rating: 1579 &rarr; <strong>1606</strong><br />(+27 for winning)
|raw|kadu99's rating: 1703 &rarr; <strong>1676</strong><br />(-27 for losing)
|l|☆kadu99
|player|p2|
|l| hattybatty304
