|j|☆Veryverymoist
|j|☆LowEL0God
|t:|1781018593
|gametype|singles
|player|p1|Veryverymoist|youngster-gen4dp|1629
|player|p2|LowEL0God|265|1577
|gen|9
|tier|[Gen 9] OU
|rated|
|rule|HP Percentage Mod: HP is shown in percentages
|rule|Endless Battle Clause: Forcing endless battles is banned
|rule|Species Clause: Limit one of each Pokémon
|rule|OHKO Clause: OHKO moves are banned
|rule|Evasion Items Clause: Evasion items are banned
|rule|Evasion Moves Clause: Evasion moves are banned
|rule|Evasion Abilities Clause: Evasion abilities are banned
|rule|Sleep Moves Clause: Sleep-inducing moves are banned
|clearpoke
|poke|p1|Cloyster, F|
|poke|p1|Polteageist|
|poke|p1|Maushold|
|poke|p1|Dragonite, M|
|poke|p1|Kommo-o, F|
|poke|p1|Tornadus-Therian, M|
|poke|p2|Pelipper, M|
|poke|p2|Torkoal, F|
|poke|p2|Walking Wake|
|poke|p2|Kyurem|
|poke|p2|Ninetales-Alola, F|
|poke|p2|Ogerpon-Wellspring, F|
|teampreview
|c|☆LowEL0God|hf
|inactive|Battle timer is ON: inactive players will automatically lose when time's up. (requested by LowEL0God)
|
|t:|1781018608
|teamsize|p1|6
|teamsize|p2|6
|start
|switch|p1a: Maushold|Maushold|100/100
|switch|p2a: Hurricane Spam|Pelipper, M, shiny|100/100
|-weather|RainDance|[from] ability: Drizzle|[of] p2a: Hurricane Spam
|turn|1
|
|t:|1781018610
|move|p1a: Maushold|Population Bomb|p2a: Hurricane Spam
|-damage|p2a: Hurricane Spam|89/100
|-damage|p2a: Hurricane Spam|78/100
|-damage|p2a: Hurricane Spam|66/100
|-damage|p2a: Hurricane Spam|55/100
|-damage|p2a: Hurricane Spam|44/100
|-damage|p2a: Hurricane Spam|32/100
|-damage|p2a: Hurricane Spam|20/100
|-damage|p2a: Hurricane Spam|8/100
|-damage|p2a: Hurricane Spam|0 fnt
|faint|p2a: Hurricane Spam
|-hitcount|p2: Hurricane Spam|9
|
|-weather|RainDance|[upkeep]
|upkeep
|
|t:|1781018611
|switch|p2a: Torkoal|Torkoal, F|100/100
|-weather|SunnyDay|[from] ability: Drought|[of] p2a: Torkoal
|turn|2
|
|t:|1781018616
|move|p1a: Maushold|Population Bomb|p2a: Torkoal
|-damage|p2a: Torkoal|93/100
|-damage|p2a: Torkoal|85/100
|-damage|p2a: Torkoal|77/100
|-damage|p2a: Torkoal|70/100
|-damage|p2a: Torkoal|63/100
|-damage|p2a: Torkoal|56/100
|-damage|p2a: Torkoal|49/100
|-damage|p2a: Torkoal|42/100
|-damage|p2a: Torkoal|34/100
|-damage|p2a: Torkoal|27/100
|-hitcount|p2a: Torkoal|10
|move|p2a: Torkoal|Lava Plume|p1a: Maushold
|-damage|p1a: Maushold|45/100
|
|-weather|SunnyDay|[upkeep]
|upkeep
|turn|3
|
|t:|1781018618
|move|p1a: Maushold|Population Bomb|p2a: Torkoal
|-damage|p2a: Torkoal|19/100
|-damage|p2a: Torkoal|13/100
|-damage|p2a: Torkoal|6/100
|-damage|p2a: Torkoal|0 fnt
|faint|p2a: Torkoal
|-hitcount|p2: Torkoal|4
|
|-weather|SunnyDay|[upkeep]
|upkeep
|
|t:|1781018619
|switch|p2a: Walking Wake|Walking Wake|100/100
|-activate|p2a: Walking Wake|ability: Protosynthesis
|-start|p2a: Walking Wake|protosynthesisspe
|turn|4
|
|t:|1781018621
|move|p2a: Walking Wake|Dragon Pulse|p1a: Maushold
|-damage|p1a: Maushold|0 fnt
|faint|p1a: Maushold
|
|-weather|SunnyDay|[upkeep]
|upkeep
|
|t:|1781018630
|switch|p1a: Dragonite|Dragonite, M|100/100
|turn|5
|
|t:|1781018632
|move|p2a: Walking Wake|Dragon Pulse|p1a: Dragonite
|-supereffective|p1a: Dragonite
|-damage|p1a: Dragonite|28/100
|move|p1a: Dragonite|Scale Shot|p2a: Walking Wake
|-supereffective|p2a: Walking Wake
|-damage|p2a: Walking Wake|69/100
|-supereffective|p2a: Walking Wake
|-damage|p2a: Walking Wake|39/100
|-supereffective|p2a: Walking Wake
|-damage|p2a: Walking Wake|8/100
|-supereffective|p2a: Walking Wake
|-damage|p2a: Walking Wake|0 fnt
|faint|p2a: Walking Wake
|-end|p2a: Walking Wake|Protosynthesis|[silent]
|-hitcount|p2: Walking Wake|4
|-unboost|p1a: Dragonite|def|1
|-boost|p1a: Dragonite|spe|1
|
|-weather|SunnyDay|[upkeep]
|upkeep
|
|t:|1781018634
|switch|p2a: Ninetales|Ninetales-Alola, F|100/100
|-weather|Snowscape|[from] ability: Snow Warning|[of] p2a: Ninetales
|turn|6
|
|t:|1781018637
|move|p1a: Dragonite|Fire Punch|p2a: Ninetales
|-supereffective|p2a: Ninetales
|-damage|p2a: Ninetales|51/100
|move|p2a: Ninetales|Aurora Veil|p2a: Ninetales
|-sidestart|p2: LowEL0God|move: Aurora Veil
|
|-weather|Snowscape|[upkeep]
|upkeep
|turn|7
|
|t:|1781018639
|switch|p2a: Kyurem|Kyurem|100/100
|-ability|p2a: Kyurem|Pressure
|move|p1a: Dragonite|Encore||[still]
|-fail|p1a: Dragonite
|
|-weather|Snowscape|[upkeep]
|upkeep
|turn|8
|
|t:|1781018641
|move|p1a: Dragonite|Scale Shot|p2a: Kyurem
|-supereffective|p2a: Kyurem
|-damage|p2a: Kyurem|89/100
|-supereffective|p2a: Kyurem
|-damage|p2a: Kyurem|79/100
|-supereffective|p2a: Kyurem
|-damage|p2a: Kyurem|67/100
|-supereffective|p2a: Kyurem
|-damage|p2a: Kyurem|57/100
|-hitcount|p2a: Kyurem|4
|-unboost|p1a: Dragonite|def|1
|-boost|p1a: Dragonite|spe|1
|move|p2a: Kyurem|Freeze-Dry|p1a: Dragonite
|-supereffective|p1a: Dragonite
|-damage|p1a: Dragonite|0 fnt
|faint|p1a: Dragonite
|
|-weather|Snowscape|[upkeep]
|upkeep
|
|t:|1781018654
|switch|p1a: Polteageist|Polteageist|100/100
|turn|9
|
|t:|1781018655
|move|p2a: Kyurem|Dragon Dance|p2a: Kyurem
|-boost|p2a: Kyurem|atk|1
|-boost|p2a: Kyurem|spe|1
|move|p1a: Polteageist|Shell Smash|p1a: Polteageist
|-unboost|p1a: Polteageist|def|1
|-unboost|p1a: Polteageist|spd|1
|-boost|p1a: Polteageist|atk|2
|-boost|p1a: Polteageist|spa|2
|-boost|p1a: Polteageist|spe|2
|
|-weather|Snowscape|[upkeep]
|upkeep
|turn|10
|
|t:|1781018657
|move|p1a: Polteageist|Stored Power|p2a: Kyurem
|-damage|p2a: Kyurem|9/100
|move|p2a: Kyurem|Icicle Spear|p1a: Polteageist
|-damage|p1a: Polteageist|41/100
|-ability|p1a: Polteageist|Weak Armor|boost
|-unboost|p1a: Polteageist|def|1
|-boost|p1a: Polteageist|spe|2
|-damage|p1a: Polteageist|0 fnt
|faint|p1a: Polteageist
|-hitcount|p1: Polteageist|2
|
|-weather|Snowscape|[upkeep]
|-sideend|p2: LowEL0God|move: Aurora Veil
|upkeep
|
|t:|1781018662
|switch|p1a: Cloyster|Cloyster, F|100/100
|turn|11
|
|t:|1781018664
|move|p1a: Cloyster|Ice Shard|p2a: Kyurem
|-damage|p2a: Kyurem|0 fnt
|faint|p2a: Kyurem
|
|-weather|Snowscape|[upkeep]
|upkeep
|
|t:|1781018667
|switch|p2a: Ninetales|Ninetales-Alola, F|51/100
|turn|12
|
|t:|1781018672
|move|p2a: Ninetales|Encore|p1a: Cloyster
|-start|p1a: Cloyster|Encore
|move|p1a: Cloyster|Ice Shard|p2a: Ninetales
|-resisted|p2a: Ninetales
|-crit|p2a: Ninetales
|-damage|p2a: Ninetales|39/100
|
|-weather|Snowscape|[upkeep]
|upkeep
|turn|13
|
|t:|1781018681
|switch|p1a: Tornadus|Tornadus-Therian, M|100/100
|move|p2a: Ninetales|Aurora Veil|p2a: Ninetales
|-sidestart|p2: LowEL0God|move: Aurora Veil
|
|-weather|none
|upkeep
|turn|14
|
|t:|1781018686
|move|p2a: Ninetales|Freeze-Dry|p1a: Tornadus
|-supereffective|p1a: Tornadus
|-damage|p1a: Tornadus|50/100
|move|p1a: Tornadus|Bleakwind Storm|p2a: Ninetales
|-crit|p2a: Ninetales
|-damage|p2a: Ninetales|0 fnt
|faint|p2a: Ninetales
|-damage|p1a: Tornadus|41/100|[from] item: Life Orb
|
|upkeep
|
|t:|1781018687
|switch|p2a: Ogerpon|Ogerpon-Wellspring, F|100/100
|turn|15
|
|t:|1781018689
|-terastallize|p2a: Ogerpon|Water
|detailschange|p2a: Ogerpon|Ogerpon-Wellspring-Tera, F, tera:Water
|-ability|p2a: Ogerpon|Embody Aspect (Wellspring)|boost
|-boost|p2a: Ogerpon|spd|1
|move|p2a: Ogerpon|Swords Dance|p2a: Ogerpon
|-boost|p2a: Ogerpon|atk|2
|move|p1a: Tornadus|Bleakwind Storm|p2a: Ogerpon
|-crit|p2a: Ogerpon
|-damage|p2a: Ogerpon|0 fnt
|faint|p2a: Ogerpon
|detailschange|p2: Ogerpon|Ogerpon-Wellspring, F|[silent]
|-damage|p1a: Tornadus|31/100|[from] item: Life Orb
|
|win|Veryverymoist
|raw|Veryverymoist's rating: 1629 &rarr; <strong>1646</strong><br />(+17 for winning)
|raw|LowEL0God's rating: 1577 &rarr; <strong>1560</strong><br />(-17 for losing)
|c|☆LowEL0God|gg
|l|☆LowEL0God
|player|p2|
