|j|☆serpico XD
|j|☆JacquesDeAlderberg
|t:|1781082503
|gametype|singles
|player|p1|serpico XD|blue|1632
|player|p2|JacquesDeAlderberg|265|1600
|gen|9
|tier|[Gen 9] OU
|rated|
|rule|HP Percentage Mod: HP is shown in percentages
|rule|Endless Battle Clause: Forcing endless battles is banned
|rule|Species Clause: Limit one of each Pokémon
|rule|OHKO Clause: OHKO moves are banned
|rule|Evasion Items Clause: Evasion items are banned
|rule|Evasion Moves Clause: Evasion moves are banned
|rule|Evasion Abilities Clause: Evasion abilities are banned
|rule|Sleep Moves Clause: Sleep-inducing moves are banned
|clearpoke
|poke|p1|Ogerpon-Wellspring, F|
|poke|p1|Dragapult, F|
|poke|p1|Deoxys-Speed|
|poke|p1|Regieleki|
|poke|p1|Great Tusk|
|poke|p1|Moltres|
|poke|p2|Clodsire, F|
|poke|p2|Conkeldurr, M|
|poke|p2|Zapdos|
|poke|p2|Ceruledge, F|
|poke|p2|Skarmory, F|
|poke|p2|Sinistcha|
|teampreview
|c|☆serpico XD|glhf
|c|☆JacquesDeAlderberg|u2
|inactive|Battle timer is ON: inactive players will automatically lose when time's up. (requested by serpico XD)
|
|t:|1781082516
|teamsize|p1|6
|teamsize|p2|6
|start
|switch|p1a: Deoxys|Deoxys-Speed|100/100
|switch|p2a: Conkeldurr|Conkeldurr, M|100/100
|-ability|p1a: Deoxys|Pressure
|turn|1
|
|t:|1781082520
|move|p1a: Deoxys|Psycho Boost|p2a: Conkeldurr
|-supereffective|p2a: Conkeldurr
|-damage|p2a: Conkeldurr|47/100
|-unboost|p1a: Deoxys|spa|2
|move|p2a: Conkeldurr|Knock Off|p1a: Deoxys
|-supereffective|p1a: Deoxys
|-enditem|p1a: Deoxys|Focus Sash
|-damage|p1a: Deoxys|1/100
|
|upkeep
|turn|2
|
|t:|1781082531
|move|p2a: Conkeldurr|Mach Punch|p1a: Deoxys
|-resisted|p1a: Deoxys
|-damage|p1a: Deoxys|0 fnt
|faint|p1a: Deoxys
|
|upkeep
|
|t:|1781082534
|switch|p1a: Ogerpon|Ogerpon-Wellspring, F|100/100
|turn|3
|
|t:|1781082537
|move|p1a: Ogerpon|Ivy Cudgel|p2a: Conkeldurr|[anim] Ivy Cudgel Water
|-damage|p2a: Conkeldurr|0 fnt
|faint|p2a: Conkeldurr
|
|upkeep
|
|t:|1781082539
|switch|p2a: Clodsire|Clodsire, F|100/100
|turn|4
|j| nemesiiis
|
|t:|1781082546
|switch|p1a: Great Tusk|Great Tusk|100/100
|move|p2a: Clodsire|Toxic|p1a: Great Tusk
|-status|p1a: Great Tusk|tox
|
|-damage|p1a: Great Tusk|94/100 tox|[from] psn
|upkeep
|turn|5
|
|t:|1781082553
|switch|p2a: Skarmory|Skarmory, F|100/100
|move|p1a: Great Tusk|Ice Spinner|p2a: Skarmory
|-damage|p2a: Skarmory|82/100
|
|-heal|p2a: Skarmory|88/100|[from] item: Leftovers
|-damage|p1a: Great Tusk|82/100 tox|[from] psn
|upkeep
|turn|6
|
|t:|1781082560
|-end|p1a: Great Tusk|Protosynthesis|[silent]
|switch|p1a: Moltres|Moltres|100/100
|move|p2a: Skarmory|Spikes|p1a: Moltres
|-sidestart|p1: serpico XD|Spikes
|
|-heal|p2a: Skarmory|94/100|[from] item: Leftovers
|upkeep
|turn|7
|
|t:|1781082563
|switch|p2a: Clodsire|Clodsire, F|100/100
|move|p1a: Moltres|Flamethrower|p2a: Clodsire
|-damage|p2a: Clodsire|68/100
|
|-heal|p2a: Clodsire|74/100|[from] item: Leftovers
|upkeep
|turn|8
|
|t:|1781082568
|move|p1a: Moltres|Scorching Sands|p2a: Clodsire
|-supereffective|p2a: Clodsire
|-damage|p2a: Clodsire|36/100
|move|p2a: Clodsire|Toxic|p1a: Moltres
|-status|p1a: Moltres|tox
|
|-heal|p2a: Clodsire|42/100|[from] item: Leftovers
|-damage|p1a: Moltres|94/100 tox|[from] psn
|upkeep
|turn|9
|
|t:|1781082577
|move|p1a: Moltres|Scorching Sands|p2a: Clodsire
|-supereffective|p2a: Clodsire
|-damage|p2a: Clodsire|7/100
|-status|p2a: Clodsire|brn
|move|p2a: Clodsire|Recover|p2a: Clodsire
|-heal|p2a: Clodsire|57/100 brn
|
|-heal|p2a: Clodsire|63/100 brn|[from] item: Leftovers
|-damage|p1a: Moltres|82/100 tox|[from] psn
|-damage|p2a: Clodsire|57/100 brn|[from] brn
|upkeep
|turn|10
|
|t:|1781082585
|switch|p1a: Ogerpon|Ogerpon-Wellspring, F|100/100
|-damage|p1a: Ogerpon|88/100|[from] Spikes
|move|p2a: Clodsire|Recover|p2a: Clodsire
|-heal|p2a: Clodsire|100/100 brn
|
|-damage|p2a: Clodsire|94/100 brn|[from] brn
|upkeep
|turn|11
|
|t:|1781082589
|move|p1a: Ogerpon|Swords Dance|p1a: Ogerpon
|-boost|p1a: Ogerpon|atk|2
|move|p2a: Clodsire|Toxic|p1a: Ogerpon
|-status|p1a: Ogerpon|tox
|
|-heal|p2a: Clodsire|100/100 brn|[from] item: Leftovers
|-damage|p1a: Ogerpon|82/100 tox|[from] psn
|-damage|p2a: Clodsire|94/100 brn|[from] brn
|upkeep
|turn|12
|
|t:|1781082593
|switch|p2a: Sinistcha|Sinistcha|100/100
|move|p1a: Ogerpon|Horn Leech|p2a: Sinistcha
|-resisted|p2a: Sinistcha
|-damage|p2a: Sinistcha|68/100
|-heal|p1a: Ogerpon|100/100 tox|[from] drain|[of] p2a: Sinistcha
|
|-damage|p1a: Ogerpon|89/100 tox|[from] psn
|upkeep
|turn|13
|
|t:|1781082597
|move|p1a: Ogerpon|Ivy Cudgel|p2a: Sinistcha|[anim] Ivy Cudgel Water
|-resisted|p2a: Sinistcha
|-damage|p2a: Sinistcha|22/100
|move|p2a: Sinistcha|Strength Sap|p1a: Ogerpon
|-unboost|p1a: Ogerpon|atk|1
|-heal|p2a: Sinistcha|100/100
|
|-damage|p1a: Ogerpon|71/100 tox|[from] psn
|upkeep
|turn|14
|
|t:|1781082601
|switch|p1a: Moltres|Moltres|82/100 tox
|move|p2a: Sinistcha|Strength Sap|p1a: Moltres
|-unboost|p1a: Moltres|atk|1
|
|-damage|p1a: Moltres|76/100 tox|[from] psn
|upkeep
|turn|15
|
|t:|1781082606
|switch|p2a: Clodsire|Clodsire, F|94/100 brn
|move|p1a: Moltres|Flamethrower|p2a: Clodsire
|-damage|p2a: Clodsire|63/100 brn
|
|-heal|p2a: Clodsire|69/100 brn|[from] item: Leftovers
|-damage|p1a: Moltres|64/100 tox|[from] psn
|-damage|p2a: Clodsire|63/100 brn|[from] brn
|upkeep
|turn|16
|
|t:|1781082610
|move|p1a: Moltres|Scorching Sands|p2a: Clodsire
|-supereffective|p2a: Clodsire
|-damage|p2a: Clodsire|27/100 brn
|move|p2a: Clodsire|Recover|p2a: Clodsire
|-heal|p2a: Clodsire|77/100 brn
|
|-heal|p2a: Clodsire|83/100 brn|[from] item: Leftovers
|-damage|p1a: Moltres|46/100 tox|[from] psn
|-damage|p2a: Clodsire|77/100 brn|[from] brn
|upkeep
|turn|17
|
|t:|1781082613
|move|p1a: Moltres|Roost|p1a: Moltres
|-heal|p1a: Moltres|97/100 tox
|-singleturn|p1a: Moltres|move: Roost
|move|p2a: Clodsire|Stealth Rock|p1a: Moltres
|-sidestart|p1: serpico XD|move: Stealth Rock
|
|-heal|p2a: Clodsire|83/100 brn|[from] item: Leftovers
|-damage|p1a: Moltres|73/100 tox|[from] psn
|-damage|p2a: Clodsire|77/100 brn|[from] brn
|upkeep
|turn|18
|
|t:|1781082617
|switch|p1a: Dragapult|Dragapult, F, shiny|100/100
|-damage|p1a: Dragapult|88/100|[from] Spikes
|-damage|p1a: Dragapult|76/100|[from] Stealth Rock
|move|p2a: Clodsire|Recover|p2a: Clodsire
|-heal|p2a: Clodsire|100/100 brn
|
|-damage|p2a: Clodsire|94/100 brn|[from] brn
|upkeep
|turn|19
|
|t:|1781082625
|-terastallize|p1a: Dragapult|Ghost
|move|p1a: Dragapult|Shadow Ball|p2a: Clodsire
|-damage|p2a: Clodsire|46/100 brn
|move|p2a: Clodsire|Toxic|p1a: Dragapult
|-status|p1a: Dragapult|tox
|
|-heal|p2a: Clodsire|52/100 brn|[from] item: Leftovers
|-damage|p1a: Dragapult|70/100 tox|[from] psn
|-damage|p2a: Clodsire|46/100 brn|[from] brn
|upkeep
|turn|20
|j| liechiteladihul
|
|t:|1781082632
|-terastallize|p2a: Clodsire|Dark
|move|p1a: Dragapult|Shadow Ball|p2a: Clodsire
|-resisted|p2a: Clodsire
|-damage|p2a: Clodsire|24/100 brn
|move|p2a: Clodsire|Recover|p2a: Clodsire
|-heal|p2a: Clodsire|74/100 brn
|
|-heal|p2a: Clodsire|80/100 brn|[from] item: Leftovers
|-damage|p1a: Dragapult|58/100 tox|[from] psn
|-damage|p2a: Clodsire|74/100 brn|[from] brn
|upkeep
|turn|21
|
|t:|1781082637
|switch|p1a: Regieleki|Regieleki, shiny|100/100
|move|p2a: Clodsire|Recover|p2a: Clodsire
|-heal|p2a: Clodsire|100/100 brn
|
|-damage|p2a: Clodsire|94/100 brn|[from] brn
|upkeep
|turn|22
|
|t:|1781082640
|move|p1a: Regieleki|Thunderbolt|p2a: Clodsire
|-damage|p2a: Clodsire|63/100 brn
|move|p2a: Clodsire|Toxic|p1a: Regieleki
|-status|p1a: Regieleki|tox
|
|-heal|p2a: Clodsire|69/100 brn|[from] item: Leftovers
|-damage|p1a: Regieleki|95/100 tox|[from] psn
|-damage|p2a: Clodsire|63/100 brn|[from] brn
|upkeep
|turn|23
|
|t:|1781082643
|move|p1a: Regieleki|Rapid Spin|p2a: Clodsire
|-damage|p2a: Clodsire|54/100 brn
|-boost|p1a: Regieleki|spe|1
|-sideend|p1: serpico XD|Spikes|[from] move: Rapid Spin|[of] p1a: Regieleki
|-sideend|p1: serpico XD|Stealth Rock|[from] move: Rapid Spin|[of] p1a: Regieleki
|move|p2a: Clodsire|Recover|p2a: Clodsire
|-heal|p2a: Clodsire|100/100 brn
|
|-damage|p1a: Regieleki|83/100 tox|[from] psn
|-damage|p2a: Clodsire|94/100 brn|[from] brn
|upkeep
|turn|24
|
|t:|1781082649
|switch|p1a: Great Tusk|Great Tusk|82/100 tox
|move|p2a: Clodsire|Stealth Rock|p1a: Great Tusk
|-sidestart|p1: serpico XD|move: Stealth Rock
|
|-heal|p2a: Clodsire|100/100 brn|[from] item: Leftovers
|-damage|p1a: Great Tusk|76/100 tox|[from] psn
|-damage|p2a: Clodsire|94/100 brn|[from] brn
|upkeep
|turn|25
|-message|serpico XD forfeited.
|
|win|JacquesDeAlderberg
|raw|serpico XD's rating: 1632 &rarr; <strong>1610</strong><br />(-22 for losing)
|raw|JacquesDeAlderberg's rating: 1600 &rarr; <strong>1622</strong><br />(+22 for winning)
|l|☆serpico XD
|player|p1|
|l| liechiteladihul
|l|☆JacquesDeAlderberg
|player|p2|
|l| nemesiiis
