|j|☆KnuckleTesting
|j|‽blisteringbigfoot
|t:|1781282301
|gametype|singles
|player|p1|KnuckleTesting|101|1559
|player|p2|blisteringbigfoot|roxie-masters|1609
|gen|9
|tier|[Gen 9] OU
|rated|
|rule|HP Percentage Mod: HP is shown in percentages
|rule|Endless Battle Clause: Forcing endless battles is banned
|rule|Species Clause: Limit one of each Pokémon
|rule|OHKO Clause: OHKO moves are banned
|rule|Evasion Items Clause: Evasion items are banned
|rule|Evasion Moves Clause: Evasion moves are banned
|rule|Evasion Abilities Clause: Evasion abilities are banned
|rule|Sleep Moves Clause: Sleep-inducing moves are banned
|clearpoke
|poke|p1|Regieleki|
|poke|p1|Zamazenta-*|
|poke|p1|Corviknight, M|
|poke|p1|Grafaiai, M|
|poke|p1|Alomomola, F|
|poke|p1|Gliscor, F|
|poke|p2|Iron Moth|
|poke|p2|Gliscor, M|
|poke|p2|Hatterene, F|
|poke|p2|Ogerpon-Wellspring, F|
|poke|p2|Raging Bolt|
|poke|p2|Zamazenta-*|
|teampreview
|inactive|Battle timer is ON: inactive players will automatically lose when time's up. (requested by KnuckleTesting)
|
|t:|1781282319
|teamsize|p1|6
|teamsize|p2|6
|start
|switch|p1a: Regieleki|Regieleki|100/100
|switch|p2a: Zamazenta|Zamazenta|100/100
|-ability|p2a: Zamazenta|Dauntless Shield|boost
|-boost|p2a: Zamazenta|def|1
|turn|1
|
|t:|1781282323
|move|p1a: Regieleki|Volt Switch|p2a: Zamazenta
|-damage|p2a: Zamazenta|49/100
|
|t:|1781282327
|switch|p1a: Corviknight|Corviknight, M|100/100|[from] Volt Switch
|-ability|p1a: Corviknight|Pressure
|move|p2a: Zamazenta|Light Screen|p2a: Zamazenta
|-sidestart|p2: blisteringbigfoot|move: Light Screen
|
|upkeep
|turn|2
|
|t:|1781282340
|switch|p2a: Hatterene|Hatterene, F|100/100
|move|p1a: Corviknight|Brave Bird|p2a: Hatterene
|-damage|p2a: Hatterene|68/100
|-damage|p1a: Corviknight|92/100|[from] Recoil
|
|-heal|p2a: Hatterene|74/100|[from] item: Leftovers
|upkeep
|turn|3
|
|t:|1781282345
|move|p1a: Corviknight|U-turn|p2a: Hatterene
|-damage|p2a: Hatterene|62/100
|
|t:|1781282348
|switch|p1a: Zamazenta|Zamazenta|100/100|[from] U-turn
|-ability|p1a: Zamazenta|Dauntless Shield|boost
|-boost|p1a: Zamazenta|def|1
|move|p2a: Hatterene|Calm Mind|p2a: Hatterene
|-boost|p2a: Hatterene|spa|1
|-boost|p2a: Hatterene|spd|1
|
|-heal|p2a: Hatterene|68/100|[from] item: Leftovers
|upkeep
|turn|4
|
|t:|1781282352
|move|p1a: Zamazenta|Heavy Slam|p2a: Hatterene
|-supereffective|p2a: Hatterene
|-damage|p2a: Hatterene|0 fnt
|faint|p2a: Hatterene
|
|upkeep
|
|t:|1781282374
|switch|p2a: Ogerpon|Ogerpon-Wellspring, F|100/100
|turn|5
|
|t:|1781282394
|switch|p1a: Grafaiai|Grafaiai, M|100/100
|move|p2a: Ogerpon|Swords Dance|p2a: Ogerpon
|-boost|p2a: Ogerpon|atk|2
|
|upkeep
|turn|6
|
|t:|1781282399
|switch|p2a: Iron Moth|Iron Moth|100/100
|-enditem|p2a: Iron Moth|Booster Energy
|-activate|p2a: Iron Moth|ability: Quark Drive|[fromitem]
|-start|p2a: Iron Moth|quarkdrivespe
|move|p1a: Grafaiai|Encore||[still]
|-fail|p1a: Grafaiai
|
|upkeep
|turn|7
|
|t:|1781282406
|switch|p1a: Alomomola|Alomomola, F|100/100
|move|p2a: Iron Moth|Toxic Spikes|p1a: Alomomola
|-sidestart|p1: KnuckleTesting|move: Toxic Spikes
|
|upkeep
|turn|8
|
|t:|1781282412
|move|p1a: Alomomola|Body Slam|p2a: Iron Moth
|-damage|p2a: Iron Moth|77/100
|move|p2a: Iron Moth|Whirlwind|p1a: Alomomola
|drag|p1a: Regieleki|Regieleki|100/100
|-status|p1a: Regieleki|psn
|
|-damage|p1a: Regieleki|88/100 psn|[from] psn
|-sideend|p2: blisteringbigfoot|move: Light Screen
|upkeep
|turn|9
|
|t:|1781282420
|switch|p1a: Alomomola|Alomomola, F|100/100
|-status|p1a: Alomomola|psn
|move|p2a: Iron Moth|Fiery Dance|p1a: Alomomola
|-resisted|p1a: Alomomola
|-damage|p1a: Alomomola|90/100 psn
|
|-damage|p1a: Alomomola|77/100 psn|[from] psn
|upkeep
|turn|10
|
|t:|1781282427
|move|p2a: Iron Moth|Toxic Spikes|p1a: Alomomola
|-sidestart|p1: KnuckleTesting|move: Toxic Spikes
|move|p1a: Alomomola|Scald|p2a: Iron Moth
|-supereffective|p2a: Iron Moth
|-damage|p2a: Iron Moth|51/100
|
|-damage|p1a: Alomomola|65/100 psn|[from] psn
|upkeep
|turn|11
|
|t:|1781282438
|move|p1a: Alomomola|Flip Turn|p2a: Iron Moth
|-supereffective|p2a: Iron Moth
|-damage|p2a: Iron Moth|1/100
|
|t:|1781282441
|switch|p1a: Grafaiai|Grafaiai, M|100/100|[from] Flip Turn
|-sideend|p1: KnuckleTesting|move: Toxic Spikes|[of] p1a: Grafaiai
|move|p2a: Iron Moth|Whirlwind|p1a: Grafaiai
|drag|p1a: Alomomola|Alomomola, F|98/100 psn
|
|-damage|p1a: Alomomola|86/100 psn|[from] psn
|upkeep
|turn|12
|
|t:|1781282446
|move|p2a: Iron Moth|Toxic Spikes|p1a: Alomomola
|-sidestart|p1: KnuckleTesting|move: Toxic Spikes
|move|p1a: Alomomola|Flip Turn|p2a: Iron Moth
|-supereffective|p2a: Iron Moth
|-damage|p2a: Iron Moth|0 fnt
|faint|p2a: Iron Moth
|-end|p2a: Iron Moth|Quark Drive|[silent]
|
|t:|1781282448
|switch|p1a: Grafaiai|Grafaiai, M|100/100|[from] Flip Turn
|-sideend|p1: KnuckleTesting|move: Toxic Spikes|[of] p1a: Grafaiai
|
|upkeep
|
|t:|1781282452
|switch|p2a: Gliscor|Gliscor, M|100/100
|turn|13
|
|t:|1781282457
|move|p1a: Grafaiai|Parting Shot|p2a: Gliscor
|-unboost|p2a: Gliscor|atk|1
|-unboost|p2a: Gliscor|spa|1
|
|t:|1781282463
|switch|p1a: Corviknight|Corviknight, M|92/100|[from] Parting Shot
|-ability|p1a: Corviknight|Pressure
|move|p2a: Gliscor|Earthquake|p1a: Corviknight
|-immune|p1a: Corviknight
|
|-status|p2a: Gliscor|tox|[from] item: Toxic Orb
|upkeep
|turn|14
|
|t:|1781282468
|switch|p2a: Zamazenta|Zamazenta|49/100
|move|p1a: Corviknight|U-turn|p2a: Zamazenta
|-resisted|p2a: Zamazenta
|-damage|p2a: Zamazenta|44/100
|
|t:|1781282470
|switch|p1a: Regieleki|Regieleki|88/100 psn|[from] U-turn
|
|-damage|p1a: Regieleki|76/100 psn|[from] psn
|upkeep
|turn|15
|
|t:|1781282473
|switch|p1a: Grafaiai|Grafaiai, M|100/100
|switch|p2a: Raging Bolt|Raging Bolt|100/100
|-enditem|p2a: Raging Bolt|Booster Energy
|-activate|p2a: Raging Bolt|ability: Protosynthesis|[fromitem]
|-start|p2a: Raging Bolt|protosynthesisspa
|
|upkeep
|turn|16
|
|t:|1781282479
|move|p1a: Grafaiai|Toxic|p2a: Raging Bolt
|-status|p2a: Raging Bolt|tox
|move|p2a: Raging Bolt|Dragon Pulse|p1a: Grafaiai
|-damage|p1a: Grafaiai|14/100
|
|-damage|p2a: Raging Bolt|94/100 tox|[from] psn
|upkeep
|turn|17
|
|t:|1781282489
|move|p1a: Grafaiai|Parting Shot|p2a: Raging Bolt
|-unboost|p2a: Raging Bolt|atk|1
|-unboost|p2a: Raging Bolt|spa|1
|
|t:|1781282493
|switch|p1a: Alomomola|Alomomola, F|100/100 psn|[from] Parting Shot
|move|p2a: Raging Bolt|Calm Mind|p2a: Raging Bolt
|-boost|p2a: Raging Bolt|spa|1
|-boost|p2a: Raging Bolt|spd|1
|
|-damage|p2a: Raging Bolt|82/100 tox|[from] psn
|-damage|p1a: Alomomola|88/100 psn|[from] psn
|upkeep
|turn|18
|
|t:|1781282500
|move|p2a: Raging Bolt|Thunderbolt|p1a: Alomomola
|-supereffective|p1a: Alomomola
|-damage|p1a: Alomomola|19/100 psn
|move|p1a: Alomomola|Mirror Coat|p2a: Raging Bolt
|-damage|p2a: Raging Bolt|0 fnt
|faint|p2a: Raging Bolt
|-end|p2a: Raging Bolt|Protosynthesis|[silent]
|
|-damage|p1a: Alomomola|7/100 psn|[from] psn
|upkeep
|
|t:|1781282505
|switch|p2a: Ogerpon|Ogerpon-Wellspring, F|100/100
|turn|19
|
|t:|1781282512
|switch|p1a: Corviknight|Corviknight, M|92/100
|-ability|p1a: Corviknight|Pressure
|move|p2a: Ogerpon|Trailblaze|p1a: Corviknight
|-resisted|p1a: Corviknight
|-damage|p1a: Corviknight|87/100
|-boost|p2a: Ogerpon|spe|1
|-damage|p2a: Ogerpon|84/100|[from] item: Rocky Helmet|[of] p1a: Corviknight
|
|upkeep
|turn|20
|
|t:|1781282516
|-terastallize|p2a: Ogerpon|Water
|detailschange|p2a: Ogerpon|Ogerpon-Wellspring-Tera, F, tera:Water
|-ability|p2a: Ogerpon|Embody Aspect (Wellspring)|boost
|-boost|p2a: Ogerpon|spd|1
|move|p2a: Ogerpon|Swords Dance|p2a: Ogerpon
|-boost|p2a: Ogerpon|atk|2
|move|p1a: Corviknight|U-turn|p2a: Ogerpon
|-damage|p2a: Ogerpon|64/100
|
|t:|1781282521
|switch|p1a: Zamazenta|Zamazenta|100/100|[from] U-turn
|
|upkeep
|turn|21
|c|☆KnuckleTesting|Aaaand lets get crit
|
|t:|1781282531
|move|p2a: Ogerpon|Ivy Cudgel|p1a: Zamazenta|[anim] Ivy Cudgel Water
|-crit|p1a: Zamazenta
|-damage|p1a: Zamazenta|0 fnt
|faint|p1a: Zamazenta
|
|upkeep
|inactive|KnuckleTesting has 120 seconds left.
|c|☆KnuckleTesting|Im playing so freaking well, wearing you down Like a pro
|c|☆KnuckleTesting|And then im getting buttfucked by rng. This is so Not fair.
|
|t:|1781282589
|switch|p1a: Corviknight|Corviknight, M|87/100
|-ability|p1a: Corviknight|Pressure
|turn|22
|
|t:|1781282591
|move|p2a: Ogerpon|Ivy Cudgel|p1a: Corviknight|[anim] Ivy Cudgel Water
|-damage|p1a: Corviknight|0 fnt
|faint|p1a: Corviknight
|
|upkeep
|
|t:|1781282598
|switch|p1a: Regieleki|Regieleki|76/100 psn
|turn|23
|inactiveoff|Battle timer is now OFF.
|
|t:|1781282605
|switch|p2a: Gliscor|Gliscor, M|100/100 tox
|move|p1a: Regieleki|Thunderbolt|p2a: Gliscor
|-immune|p2a: Gliscor
|
|-damage|p1a: Regieleki|64/100 psn|[from] psn
|upkeep
|turn|24
|inactive|Battle timer is ON: inactive players will automatically lose when time's up. (requested by blisteringbigfoot)
|
|t:|1781282617
|switch|p1a: Alomomola|Alomomola, F|40/100 psn
|move|p2a: Gliscor|Earthquake|p1a: Alomomola
|-damage|p1a: Alomomola|3/100 psn
|
|-damage|p1a: Alomomola|0 fnt|[from] psn
|faint|p1a: Alomomola
|upkeep
|
|t:|1781282620
|switch|p1a: Grafaiai|Grafaiai, M|14/100
|turn|25
|
|t:|1781282625
|switch|p2a: Zamazenta|Zamazenta|44/100
|move|p1a: Grafaiai|Switcheroo|p2a: Zamazenta
|-activate|p1a: Grafaiai|move: Trick|[of] p2a: Zamazenta
|-item|p2a: Zamazenta|Ring Target|[from] move: Switcheroo
|-item|p1a: Grafaiai|Light Clay|[from] move: Switcheroo
|
|upkeep
|turn|26
|
|t:|1781282636
|move|p2a: Zamazenta|Ice Fang|p1a: Grafaiai
|-damage|p1a: Grafaiai|0 fnt
|faint|p1a: Grafaiai
|
|upkeep
|
|t:|1781282640
|switch|p1a: Regieleki|Regieleki|64/100 psn
|turn|27
|
|t:|1781282650
|switch|p2a: Gliscor|Gliscor, M|100/100 tox
|move|p1a: Regieleki|Explosion|p2a: Gliscor
|-damage|p2a: Gliscor|53/100 tox
|faint|p1a: Regieleki
|
|-heal|p2a: Gliscor|65/100 tox|[from] ability: Poison Heal
|upkeep
|
|t:|1781282652
|switch|p1a: Gliscor|Gliscor, F|100/100
|turn|28
|
|t:|1781282659
|move|p2a: Gliscor|Agility|p2a: Gliscor
|-boost|p2a: Gliscor|spe|2
|move|p1a: Gliscor|Swords Dance|p1a: Gliscor
|-boost|p1a: Gliscor|atk|2
|
|-heal|p2a: Gliscor|78/100 tox|[from] ability: Poison Heal
|-status|p1a: Gliscor|tox|[from] item: Toxic Orb
|upkeep
|turn|29
|c|☆KnuckleTesting|I really Hope you are proud of your "Performance"
|
|t:|1781282675
|move|p2a: Gliscor|Swords Dance|p2a: Gliscor
|-boost|p2a: Gliscor|atk|2
|move|p1a: Gliscor|Swords Dance|p1a: Gliscor
|-boost|p1a: Gliscor|atk|2
|
|-heal|p2a: Gliscor|90/100 tox|[from] ability: Poison Heal
|upkeep
|turn|30
|
|t:|1781282681
|move|p2a: Gliscor|Facade|p1a: Gliscor
|-damage|p1a: Gliscor|30/100 tox
|move|p1a: Gliscor|Swords Dance|p1a: Gliscor
|-boost|p1a: Gliscor|atk|2
|
|-heal|p2a: Gliscor|100/100 tox|[from] ability: Poison Heal
|-heal|p1a: Gliscor|42/100 tox|[from] ability: Poison Heal
|upkeep
|turn|31
|
|t:|1781282686
|move|p1a: Gliscor|Protect|p1a: Gliscor
|-singleturn|p1a: Gliscor|Protect
|move|p2a: Gliscor|Facade|p1a: Gliscor
|-activate|p1a: Gliscor|move: Protect
|
|-heal|p1a: Gliscor|55/100 tox|[from] ability: Poison Heal
|upkeep
|turn|32
|
|t:|1781282689
|move|p2a: Gliscor|Facade|p1a: Gliscor
|-damage|p1a: Gliscor|0 fnt
|faint|p1a: Gliscor
|
|win|blisteringbigfoot
|raw|KnuckleTesting's rating: 1559 &rarr; <strong>1542</strong><br />(-17 for losing)
|raw|blisteringbigfoot's rating: 1609 &rarr; <strong>1626</strong><br />(+17 for winning)
|c|☆KnuckleTesting|BG
|j| joins bad matches
|c| joins bad matches|cringelord
|l|☆KnuckleTesting
|player|p1|
|l| joins bad matches
