|j|☆XianTwa
|j|☆icylikedecember
|t:|1780906066
|gametype|singles
|player|p1|XianTwa|dawn|1541
|player|p2|icylikedecember|skierf|1697
|gen|9
|tier|[Gen 9] OU
|rated|
|rule|HP Percentage Mod: HP is shown in percentages
|rule|Endless Battle Clause: Forcing endless battles is banned
|rule|Species Clause: Limit one of each Pokémon
|rule|OHKO Clause: OHKO moves are banned
|rule|Evasion Items Clause: Evasion items are banned
|rule|Evasion Moves Clause: Evasion moves are banned
|rule|Evasion Abilities Clause: Evasion abilities are banned
|rule|Sleep Moves Clause: Sleep-inducing moves are banned
|clearpoke
|poke|p1|Clefable, F|
|poke|p1|Reuniclus, F|
|poke|p1|Kingambit, F|
|poke|p1|Iron Valiant|
|poke|p1|Kyurem|
|poke|p1|Zamazenta-*|
|poke|p2|Corviknight, F|
|poke|p2|Slowking-Galar, M|
|poke|p2|Darkrai|
|poke|p2|Kyurem|
|poke|p2|Zamazenta-*|
|poke|p2|Samurott-Hisui, F|
|teampreview
|inactive|Battle timer is ON: inactive players will automatically lose when time's up. (requested by XianTwa)
|
|t:|1780906081
|teamsize|p1|6
|teamsize|p2|6
|start
|switch|p1a: Iron Valiant|Iron Valiant|100/100
|switch|p2a: Slowking|Slowking-Galar, M, shiny|100/100
|turn|1
|
|t:|1780906089
|-end|p1a: Iron Valiant|Quark Drive|[silent]
|switch|p1a: Kingambit|Kingambit, F|100/100
|move|p2a: Slowking|Sludge Bomb|p1a: Kingambit
|-immune|p1a: Kingambit
|
|upkeep
|turn|2
|
|t:|1780906094
|move|p1a: Kingambit|Low Kick|p2a: Slowking
|-resisted|p2a: Slowking
|-damage|p2a: Slowking|90/100
|-damage|p1a: Kingambit|91/100|[from] item: Life Orb
|move|p2a: Slowking|Flamethrower|p1a: Kingambit
|-supereffective|p1a: Kingambit
|-damage|p1a: Kingambit|40/100
|
|upkeep
|turn|3
|
|t:|1780906102
|switch|p2a: Corviknight|Corviknight, F, shiny|100/100
|-ability|p2a: Corviknight|Pressure
|move|p1a: Kingambit|Iron Head|p2a: Corviknight
|-resisted|p2a: Corviknight
|-damage|p2a: Corviknight|81/100
|-damage|p1a: Kingambit|23/100|[from] item: Rocky Helmet|[of] p2a: Corviknight
|-damage|p1a: Kingambit|13/100|[from] item: Life Orb
|
|upkeep
|turn|4
|
|t:|1780906109
|move|p2a: Corviknight|U-turn|p1a: Kingambit
|-damage|p1a: Kingambit|2/100
|
|t:|1780906113
|switch|p2a: Samurott|Samurott-Hisui, F|100/100|[from] U-turn
|move|p1a: Kingambit|Low Kick|p2a: Samurott
|-supereffective|p2a: Samurott
|-damage|p2a: Samurott|0 fnt
|faint|p2a: Samurott
|-damage|p1a: Kingambit|0 fnt|[from] item: Life Orb
|faint|p1a: Kingambit
|-end|p1a: Kingambit|fallenundefined|[silent]
|
|upkeep
|
|t:|1780906127
|switch|p2a: Slowking|Slowking-Galar, M, shiny|100/100
|switch|p1a: Kyurem|Kyurem|100/100
|-ability|p1a: Kyurem|Pressure
|turn|5
|
|t:|1780906132
|move|p1a: Kyurem|Earth Power|p2a: Slowking
|-supereffective|p2a: Slowking
|-damage|p2a: Slowking|60/100
|-damage|p1a: Kyurem|91/100|[from] item: Life Orb
|move|p2a: Slowking|Sludge Bomb|p1a: Kyurem
|-damage|p1a: Kyurem|49/100
|
|upkeep
|turn|6
|
|t:|1780906140
|move|p1a: Kyurem|Ice Beam|p2a: Slowking
|-damage|p2a: Slowking|29/100
|-damage|p1a: Kyurem|39/100|[from] item: Life Orb
|move|p2a: Slowking|Sludge Bomb|p1a: Kyurem
|-damage|p1a: Kyurem|2/100
|
|upkeep
|turn|7
|
|t:|1780906147
|switch|p2a: Corviknight|Corviknight, F, shiny|81/100
|-ability|p2a: Corviknight|Pressure
|move|p1a: Kyurem|Ice Beam|p2a: Corviknight
|-damage|p2a: Corviknight|17/100
|-status|p2a: Corviknight|frz
|-damage|p1a: Kyurem|0 fnt|[from] item: Life Orb
|faint|p1a: Kyurem
|
|upkeep
|
|t:|1780906152
|switch|p1a: Clefable|Clefable, F|100/100
|turn|8
|
|t:|1780906156
|move|p1a: Clefable|Moonblast|p2a: Corviknight
|-resisted|p2a: Corviknight
|-damage|p2a: Corviknight|0 fnt
|faint|p2a: Corviknight
|
|upkeep
|
|t:|1780906160
|switch|p2a: Slowking|Slowking-Galar, M, shiny|62/100
|turn|9
|
|t:|1780906168
|move|p1a: Clefable|Fire Blast|p2a: Slowking|[miss]
|-miss|p1a: Clefable|p2a: Slowking
|move|p2a: Slowking|Sludge Bomb|p1a: Clefable
|-supereffective|p1a: Clefable
|-damage|p1a: Clefable|1/100
|
|upkeep
|turn|10
|
|t:|1780906172
|move|p1a: Clefable|Fire Blast|p2a: Slowking
|-damage|p2a: Slowking|42/100
|move|p2a: Slowking|Sludge Bomb|p1a: Clefable
|-supereffective|p1a: Clefable
|-damage|p1a: Clefable|0 fnt
|faint|p1a: Clefable
|
|upkeep
|
|t:|1780906176
|switch|p1a: Iron Valiant|Iron Valiant|100/100
|turn|11
|
|t:|1780906180
|switch|p2a: Darkrai|Darkrai|100/100
|move|p1a: Iron Valiant|Knock Off|p2a: Darkrai
|-resisted|p2a: Darkrai
|-damage|p2a: Darkrai|72/100
|-enditem|p2a: Darkrai|Expert Belt|[from] move: Knock Off|[of] p1a: Iron Valiant
|-damage|p1a: Iron Valiant|91/100|[from] item: Life Orb
|
|upkeep
|turn|12
|
|t:|1780906191
|-end|p1a: Iron Valiant|Quark Drive|[silent]
|switch|p1a: Zamazenta|Zamazenta|100/100
|-ability|p1a: Zamazenta|Dauntless Shield|boost
|-boost|p1a: Zamazenta|def|1
|move|p2a: Darkrai|Sludge Bomb|p1a: Zamazenta
|-damage|p1a: Zamazenta|70/100
|
|upkeep
|turn|13
|
|t:|1780906197
|switch|p2a: Zamazenta|Zamazenta|100/100
|-ability|p2a: Zamazenta|Dauntless Shield|boost
|-boost|p2a: Zamazenta|def|1
|move|p1a: Zamazenta|Crunch|p2a: Zamazenta
|-resisted|p2a: Zamazenta
|-damage|p2a: Zamazenta|93/100
|-damage|p1a: Zamazenta|60/100|[from] item: Life Orb
|
|-heal|p2a: Zamazenta|99/100|[from] item: Leftovers
|upkeep
|turn|14
|
|t:|1780906201
|switch|p1a: Reuniclus|Reuniclus, F|100/100
|move|p2a: Zamazenta|Body Press|p1a: Reuniclus
|-resisted|p1a: Reuniclus
|-damage|p1a: Reuniclus|75/100
|
|-heal|p2a: Zamazenta|100/100|[from] item: Leftovers
|upkeep
|turn|15
|
|t:|1780906205
|move|p2a: Zamazenta|Crunch|p1a: Reuniclus
|-supereffective|p1a: Reuniclus
|-damage|p1a: Reuniclus|28/100
|move|p1a: Reuniclus|Trick Room|p1a: Reuniclus
|-fieldstart|move: Trick Room|[of] p1a: Reuniclus
|
|upkeep
|turn|16
|
|t:|1780906210
|-terastallize|p2a: Zamazenta|Fire
|move|p1a: Reuniclus|Psychic Noise|p2a: Zamazenta
|-damage|p2a: Zamazenta|60/100
|-start|p2a: Zamazenta|move: Heal Block
|move|p2a: Zamazenta|Crunch|p1a: Reuniclus
|-supereffective|p1a: Reuniclus
|-damage|p1a: Reuniclus|0 fnt
|faint|p1a: Reuniclus
|
|upkeep
|
|t:|1780906231
|switch|p1a: Iron Valiant|Iron Valiant|91/100
|turn|17
|
|t:|1780906239
|-terastallize|p1a: Iron Valiant|Dark
|move|p1a: Iron Valiant|Knock Off|p2a: Zamazenta
|-damage|p2a: Zamazenta|29/100
|-enditem|p2a: Zamazenta|Leftovers|[from] move: Knock Off|[of] p1a: Iron Valiant
|-damage|p1a: Iron Valiant|81/100|[from] item: Life Orb
|move|p2a: Zamazenta|Body Press|p1a: Iron Valiant
|-supereffective|p1a: Iron Valiant
|-damage|p1a: Iron Valiant|0 fnt
|faint|p1a: Iron Valiant
|-end|p1a: Iron Valiant|Quark Drive|[silent]
|
|-end|p2a: Zamazenta|move: Heal Block
|upkeep
|
|t:|1780906249
|switch|p1a: Zamazenta|Zamazenta|60/100
|turn|18
|
|t:|1780906256
|move|p2a: Zamazenta|Body Press|p1a: Zamazenta
|-damage|p1a: Zamazenta|9/100
|move|p1a: Zamazenta|Crunch|p2a: Zamazenta
|-damage|p2a: Zamazenta|13/100
|-unboost|p2a: Zamazenta|def|1
|-damage|p1a: Zamazenta|0 fnt|[from] item: Life Orb
|faint|p1a: Zamazenta
|
|win|icylikedecember
|raw|XianTwa's rating: 1541 &rarr; <strong>1529</strong><br />(-12 for losing)
|raw|icylikedecember's rating: 1697 &rarr; <strong>1709</strong><br />(+12 for winning)
|l|☆XianTwa
|player|p1|
|l|☆icylikedecember
|player|p2|
