|j|☆texett
|j|☆rblt ryo
|t:|1781594985
|gametype|singles
|player|p1|texett|jasmine|1573
|player|p2|rblt ryo|grimsley-gen7|1674
|gen|9
|tier|[Gen 9] OU
|rated|
|rule|HP Percentage Mod: HP is shown in percentages
|rule|Endless Battle Clause: Forcing endless battles is banned
|rule|Species Clause: Limit one of each Pokémon
|rule|OHKO Clause: OHKO moves are banned
|rule|Evasion Items Clause: Evasion items are banned
|rule|Evasion Moves Clause: Evasion moves are banned
|rule|Evasion Abilities Clause: Evasion abilities are banned
|rule|Sleep Moves Clause: Sleep-inducing moves are banned
|clearpoke
|poke|p1|Whimsicott, F|
|poke|p1|Brambleghast, M|
|poke|p1|Walking Wake|
|poke|p1|Torkoal, M|
|poke|p1|Great Tusk|
|poke|p1|Skarmory, M|
|poke|p2|Weavile, F|
|poke|p2|Volcanion|
|poke|p2|Great Tusk|
|poke|p2|Hatterene, F|
|poke|p2|Gholdengo|
|poke|p2|Dragonite, M|
|teampreview
|inactive|Battle timer is ON: inactive players will automatically lose when time's up. (requested by texett)
|inactive|rblt ryo has 120 seconds left.
|
|t:|1781595019
|teamsize|p1|6
|teamsize|p2|6
|start
|switch|p1a: Skarmory|Skarmory, M, shiny|100/100
|switch|p2a: Hatterene|Hatterene, F|100/100
|turn|1
|
|t:|1781595031
|move|p1a: Skarmory|Tailwind|p1a: Skarmory
|-sidestart|p1: texett|move: Tailwind
|move|p2a: Hatterene|Nuzzle|p1a: Skarmory
|-supereffective|p1a: Skarmory
|-damage|p1a: Skarmory|92/100
|-status|p1a: Skarmory|par
|
|upkeep
|turn|2
|
|t:|1781595037
|switch|p1a: Torkoal|Torkoal, M, shiny|100/100
|-weather|SunnyDay|[from] ability: Drought|[of] p1a: Torkoal
|move|p2a: Hatterene|Psychic Noise|p1a: Torkoal
|-damage|p1a: Torkoal|57/100
|-start|p1a: Torkoal|move: Heal Block
|-enditem|p1a: Torkoal|Eject Button
|
|t:|1781595040
|switch|p1a: Walking Wake|Walking Wake|100/100
|-activate|p1a: Walking Wake|ability: Protosynthesis
|-start|p1a: Walking Wake|protosynthesisspa
|
|-weather|SunnyDay|[upkeep]
|upkeep
|turn|3
|
|t:|1781595047
|move|p1a: Walking Wake|Draco Meteor|p2a: Hatterene
|-immune|p2a: Hatterene
|move|p2a: Hatterene|Draining Kiss|p1a: Walking Wake
|-supereffective|p1a: Walking Wake
|-damage|p1a: Walking Wake|47/100
|
|-weather|SunnyDay|[upkeep]
|upkeep
|turn|4
|
|t:|1781595050
|move|p1a: Walking Wake|Draco Meteor|p2a: Hatterene
|-immune|p2a: Hatterene
|move|p2a: Hatterene|Draining Kiss|p1a: Walking Wake
|-supereffective|p1a: Walking Wake
|-damage|p1a: Walking Wake|0 fnt
|faint|p1a: Walking Wake
|-end|p1a: Walking Wake|Protosynthesis|[silent]
|
|-weather|SunnyDay|[upkeep]
|-sideend|p1: texett|move: Tailwind
|upkeep
|
|t:|1781595054
|switch|p1a: Skarmory|Skarmory, M, shiny|92/100 par
|turn|5
|
|t:|1781595057
|move|p1a: Skarmory|Tailwind|p1a: Skarmory
|-sidestart|p1: texett|move: Tailwind
|move|p2a: Hatterene|Psychic Noise|p1a: Skarmory
|-resisted|p1a: Skarmory
|-damage|p1a: Skarmory|66/100 par
|-start|p1a: Skarmory|move: Heal Block
|
|-weather|SunnyDay|[upkeep]
|upkeep
|turn|6
|
|t:|1781595061
|move|p1a: Skarmory|Brave Bird|p2a: Hatterene
|-damage|p2a: Hatterene|63/100
|-damage|p1a: Skarmory|49/100 par|[from] item: Rocky Helmet|[of] p2a: Hatterene
|-damage|p1a: Skarmory|34/100 par|[from] Recoil
|move|p2a: Hatterene|Psychic Noise|p1a: Skarmory
|-resisted|p1a: Skarmory
|-damage|p1a: Skarmory|4/100 par
|
|-weather|none
|-end|p1a: Skarmory|move: Heal Block
|upkeep
|turn|7
|-enditem|p1a: Skarmory|Custap Berry|[eat]
|-activate|p1a: Skarmory|item: Custap Berry|[consumed]
|
|t:|1781595064
|move|p1a: Skarmory|Brave Bird|p2a: Hatterene
|-damage|p2a: Hatterene|24/100
|-damage|p1a: Skarmory|0 fnt|[from] item: Rocky Helmet|[of] p2a: Hatterene
|faint|p1a: Skarmory
|move|p2a: Hatterene|Psychic Noise|p1: Skarmory|[notarget]
|-fail|p2a: Hatterene
|
|upkeep
|
|t:|1781595069
|switch|p1a: Brambleghast|Brambleghast, M, shiny|100/100
|-ability|p1a: Brambleghast|Wind Rider|boost
|-boost|p1a: Brambleghast|atk|1
|turn|8
|
|t:|1781595072
|move|p1a: Brambleghast|Poltergeist|p2a: Hatterene
|-activate|p2a: Hatterene|move: Poltergeist|Rocky Helmet
|-supereffective|p2a: Hatterene
|-damage|p2a: Hatterene|0 fnt
|faint|p2a: Hatterene
|-damage|p1a: Brambleghast|91/100|[from] item: Life Orb
|
|-sideend|p1: texett|move: Tailwind
|upkeep
|
|t:|1781595086
|switch|p2a: Weavile|Weavile, F|100/100
|turn|9
|
|t:|1781595091
|switch|p1a: Torkoal|Torkoal, M, shiny|57/100
|-weather|SunnyDay|[from] ability: Drought|[of] p1a: Torkoal
|move|p2a: Weavile|Knock Off|p1a: Torkoal
|-damage|p1a: Torkoal|29/100
|
|-weather|SunnyDay|[upkeep]
|upkeep
|turn|10
|
|t:|1781595100
|switch|p2a: Volcanion|Volcanion|100/100
|move|p1a: Torkoal|Stealth Rock|p2a: Volcanion
|-sidestart|p2: rblt ryo|move: Stealth Rock
|
|-weather|SunnyDay|[upkeep]
|upkeep
|turn|11
|
|t:|1781595108
|move|p2a: Volcanion|Earth Power|p1a: Torkoal
|-supereffective|p1a: Torkoal
|-damage|p1a: Torkoal|0 fnt
|faint|p1a: Torkoal
|
|-weather|SunnyDay|[upkeep]
|upkeep
|
|t:|1781595113
|switch|p1a: Whimsicott|Whimsicott, F, shiny|100/100
|turn|12
|
|t:|1781595116
|move|p1a: Whimsicott|Tailwind|p1a: Whimsicott
|-sidestart|p1: texett|move: Tailwind
|move|p2a: Volcanion|Flamethrower|p1a: Whimsicott
|-supereffective|p1a: Whimsicott
|-damage|p1a: Whimsicott|0 fnt
|faint|p1a: Whimsicott
|
|-weather|SunnyDay|[upkeep]
|upkeep
|
|t:|1781595118
|switch|p1a: Brambleghast|Brambleghast, M, shiny|91/100
|-ability|p1a: Brambleghast|Wind Rider|boost
|-boost|p1a: Brambleghast|atk|1
|turn|13
|
|t:|1781595121
|move|p1a: Brambleghast|Power Whip|p2a: Volcanion
|-damage|p2a: Volcanion|0 fnt
|faint|p2a: Volcanion
|-damage|p1a: Brambleghast|81/100|[from] item: Life Orb
|
|-weather|none
|upkeep
|inactive|rblt ryo has 120 seconds left.
|
|t:|1781595152
|switch|p2a: Dragonite|Dragonite, M|100/100
|-damage|p2a: Dragonite|76/100|[from] Stealth Rock
|turn|14
|
|t:|1781595161
|move|p1a: Brambleghast|Poltergeist|p2a: Dragonite
|-activate|p2a: Dragonite|move: Poltergeist|Leftovers
|-damage|p2a: Dragonite|0 fnt
|faint|p2a: Dragonite
|-damage|p1a: Brambleghast|71/100|[from] item: Life Orb
|
|upkeep
|
|t:|1781595163
|switch|p2a: Weavile|Weavile, F|100/100
|-damage|p2a: Weavile|76/100|[from] Stealth Rock
|turn|15
|
|t:|1781595174
|-terastallize|p1a: Brambleghast|Ghost
|move|p2a: Weavile|Ice Shard|p1a: Brambleghast
|-damage|p1a: Brambleghast|20/100
|move|p1a: Brambleghast|Power Whip|p2a: Weavile
|-damage|p2a: Weavile|0 fnt
|faint|p2a: Weavile
|-damage|p1a: Brambleghast|10/100|[from] item: Life Orb
|
|-sideend|p1: texett|move: Tailwind
|upkeep
|
|t:|1781595199
|switch|p2a: Gholdengo|Gholdengo|100/100
|-damage|p2a: Gholdengo|94/100|[from] Stealth Rock
|turn|16
|
|t:|1781595205
|-terastallize|p2a: Gholdengo|Steel
|move|p1a: Brambleghast|Shadow Sneak|p2a: Gholdengo
|-damage|p2a: Gholdengo|27/100
|-damage|p1a: Brambleghast|0 fnt|[from] item: Life Orb
|faint|p1a: Brambleghast
|move|p2a: Gholdengo|Shadow Ball|p1: Brambleghast|[notarget]
|-fail|p2a: Gholdengo
|
|upkeep
|
|t:|1781595212
|switch|p1a: Great Tusk|Great Tusk, shiny|100/100
|turn|17
|
|t:|1781595216
|move|p2a: Gholdengo|Shadow Ball|p1a: Great Tusk
|-damage|p1a: Great Tusk|46/100
|move|p1a: Great Tusk|Knock Off|p2a: Gholdengo
|-damage|p2a: Gholdengo|0 fnt
|-enditem|p2a: Gholdengo|Choice Scarf|[from] move: Knock Off|[of] p1a: Great Tusk
|faint|p2a: Gholdengo
|
|upkeep
|
|t:|1781595217
|switch|p2a: Great Tusk|Great Tusk|100/100
|-damage|p2a: Great Tusk|98/100|[from] Stealth Rock
|turn|18
|
|t:|1781595220
|move|p2a: Great Tusk|Rapid Spin|p1a: Great Tusk
|-damage|p1a: Great Tusk|36/100
|-boost|p2a: Great Tusk|spe|1
|-sideend|p2: rblt ryo|Stealth Rock|[from] move: Rapid Spin|[of] p2a: Great Tusk
|move|p1a: Great Tusk|Rapid Spin|p2a: Great Tusk
|-damage|p2a: Great Tusk|87/100
|-boost|p1a: Great Tusk|spe|1
|
|upkeep
|turn|19
|
|t:|1781595224
|move|p1a: Great Tusk|Earthquake|p2a: Great Tusk
|-damage|p2a: Great Tusk|58/100
|move|p2a: Great Tusk|Headlong Rush|p1a: Great Tusk
|-damage|p1a: Great Tusk|0 fnt
|-unboost|p2a: Great Tusk|def|1
|-unboost|p2a: Great Tusk|spd|1
|faint|p1a: Great Tusk
|-end|p1a: Great Tusk|Protosynthesis|[silent]
|
|win|rblt ryo
|raw|texett's rating: 1573 &rarr; <strong>1559</strong><br />(-14 for losing)
|raw|rblt ryo's rating: 1674 &rarr; <strong>1688</strong><br />(+14 for winning)
|l|☆texett
|player|p1|
