|j|☆adil
|j|☆COLFOFLOW
|t:|1781182259
|gametype|singles
|player|p1|adil|2|1699
|player|p2|COLFOFLOW|volkner|1753
|gen|9
|tier|[Gen 9] OU
|rated|
|rule|HP Percentage Mod: HP is shown in percentages
|rule|Endless Battle Clause: Forcing endless battles is banned
|rule|Species Clause: Limit one of each Pokémon
|rule|OHKO Clause: OHKO moves are banned
|rule|Evasion Items Clause: Evasion items are banned
|rule|Evasion Moves Clause: Evasion moves are banned
|rule|Evasion Abilities Clause: Evasion abilities are banned
|rule|Sleep Moves Clause: Sleep-inducing moves are banned
|clearpoke
|poke|p1|Kyurem|
|poke|p1|Corviknight, M|
|poke|p1|Ting-Lu|
|poke|p1|Slowking-Galar, F|
|poke|p1|Pecharunt|
|poke|p1|Cinderace, F|
|poke|p2|Darkrai|
|poke|p2|Clodsire, F|
|poke|p2|Suicune|
|poke|p2|Lokix, M|
|poke|p2|Pecharunt|
|poke|p2|Corviknight, M|
|teampreview
|inactive|Battle timer is ON: inactive players will automatically lose when time's up. (requested by COLFOFLOW)
|inactive|adil has 120 seconds left.
|
|t:|1781182309
|teamsize|p1|6
|teamsize|p2|6
|start
|switch|p1a: Corviknight|Corviknight, M|100/100
|switch|p2a: Lokix|Lokix, M|100/100
|-ability|p1a: Corviknight|Pressure
|turn|1
|inactive|COLFOFLOW has 120 seconds left.
|
|t:|1781182352
|move|p2a: Lokix|Knock Off|p1a: Corviknight
|-crit|p1a: Corviknight
|-damage|p1a: Corviknight|34/100
|-enditem|p1a: Corviknight|Leftovers|[from] move: Knock Off|[of] p2a: Lokix
|move|p1a: Corviknight|Brave Bird|p2a: Lokix
|-supereffective|p2a: Lokix
|-damage|p2a: Lokix|0 fnt
|faint|p2a: Lokix
|-damage|p1a: Corviknight|11/100|[from] Recoil
|
|upkeep
|
|t:|1781182358
|switch|p2a: Darkrai|Darkrai|100/100
|turn|2
|
|t:|1781182363
|switch|p1a: Ting-Lu|Ting-Lu|100/100
|-ability|p1a: Ting-Lu|Vessel of Ruin
|move|p2a: Darkrai|Trick|p1a: Ting-Lu
|-activate|p2a: Darkrai|move: Trick|[of] p1a: Ting-Lu
|-item|p1a: Ting-Lu|Choice Specs|[from] move: Trick
|-item|p2a: Darkrai|Leftovers|[from] move: Trick
|
|upkeep
|turn|3
|
|t:|1781182376
|switch|p1a: Cinderace|Cinderace, F|100/100
|move|p2a: Darkrai|Ice Beam|p1a: Cinderace
|-resisted|p1a: Cinderace
|-damage|p1a: Cinderace|80/100
|
|upkeep
|turn|4
|
|t:|1781182384
|move|p2a: Darkrai|Dark Pulse|p1a: Cinderace
|-damage|p1a: Cinderace|32/100
|move|p1a: Cinderace|U-turn|p2a: Darkrai
|-supereffective|p2a: Darkrai
|-damage|p2a: Darkrai|54/100
|
|t:|1781182388
|switch|p1a: Ting-Lu|Ting-Lu|100/100|[from] U-turn
|-ability|p1a: Ting-Lu|Vessel of Ruin
|
|-heal|p2a: Darkrai|60/100|[from] item: Leftovers
|upkeep
|turn|5
|
|t:|1781182397
|switch|p2a: Corviknight|Corviknight, M|100/100
|-ability|p2a: Corviknight|Pressure
|move|p1a: Ting-Lu|Payback|p2a: Corviknight
|-damage|p2a: Corviknight|88/100
|-damage|p1a: Ting-Lu|84/100|[from] item: Rocky Helmet|[of] p2a: Corviknight
|
|upkeep
|turn|6
|
|t:|1781182401
|switch|p1a: Slowking|Slowking-Galar, F|100/100
|move|p2a: Corviknight|U-turn|p1a: Slowking
|-damage|p1a: Slowking|85/100
|
|t:|1781182404
|switch|p2a: Darkrai|Darkrai|60/100|[from] U-turn
|
|-heal|p2a: Darkrai|66/100|[from] item: Leftovers
|upkeep
|turn|7
|
|t:|1781182407
|move|p2a: Darkrai|Dark Pulse|p1a: Slowking
|-supereffective|p1a: Slowking
|-damage|p1a: Slowking|39/100
|move|p1a: Slowking|Thunder Wave|p2a: Darkrai
|-status|p2a: Darkrai|par
|
|-heal|p2a: Darkrai|72/100 par|[from] item: Leftovers
|upkeep
|turn|8
|
|t:|1781182413
|switch|p1a: Ting-Lu|Ting-Lu|84/100
|-ability|p1a: Ting-Lu|Vessel of Ruin
|move|p2a: Darkrai|Dark Pulse|p1a: Ting-Lu
|-resisted|p1a: Ting-Lu
|-damage|p1a: Ting-Lu|75/100
|
|-heal|p2a: Darkrai|78/100 par|[from] item: Leftovers
|upkeep
|turn|9
|
|t:|1781182421
|switch|p1a: Slowking|Slowking-Galar, F|72/100
|move|p2a: Darkrai|Ice Beam|p1a: Slowking
|-damage|p1a: Slowking|55/100
|-status|p1a: Slowking|frz
|
|-heal|p2a: Darkrai|84/100 par|[from] item: Leftovers
|upkeep
|turn|10
|
|t:|1781182426
|switch|p1a: Ting-Lu|Ting-Lu|75/100
|-ability|p1a: Ting-Lu|Vessel of Ruin
|cant|p2a: Darkrai|par
|
|-heal|p2a: Darkrai|91/100 par|[from] item: Leftovers
|upkeep
|turn|11
|
|t:|1781182433
|switch|p2a: Corviknight|Corviknight, M|88/100
|-ability|p2a: Corviknight|Pressure
|switch|p1a: Slowking|Slowking-Galar, F|88/100 frz
|
|upkeep
|turn|12
|
|t:|1781182436
|move|p2a: Corviknight|U-turn|p1a: Slowking
|-damage|p1a: Slowking|74/100 frz
|
|t:|1781182439
|switch|p2a: Pecharunt|Pecharunt|100/100|[from] U-turn
|-prepare|p1a: Slowking|Chilly Reception|[premajor]
|-curestatus|p1a: Slowking|frz|[msg]
|move|p1a: Slowking|Chilly Reception|p1a: Slowking
|-weather|Snowscape
|
|t:|1781182443
|switch|p1a: Kyurem|Kyurem|100/100|[from] Chilly Reception
|-ability|p1a: Kyurem|Pressure
|
|-weather|Snowscape|[upkeep]
|upkeep
|turn|13
|
|t:|1781182445
|move|p1a: Kyurem|Substitute|p1a: Kyurem
|-start|p1a: Kyurem|Substitute
|-damage|p1a: Kyurem|75/100
|move|p2a: Pecharunt|Malignant Chain|p1a: Kyurem
|-end|p1a: Kyurem|Substitute
|
|-weather|Snowscape|[upkeep]
|-heal|p1a: Kyurem|82/100|[from] item: Leftovers
|upkeep
|turn|14
|
|t:|1781182450
|move|p1a: Kyurem|Substitute|p1a: Kyurem
|-start|p1a: Kyurem|Substitute
|-damage|p1a: Kyurem|57/100
|move|p2a: Pecharunt|Malignant Chain|p1a: Kyurem
|-end|p1a: Kyurem|Substitute
|
|-weather|Snowscape|[upkeep]
|-heal|p1a: Kyurem|63/100|[from] item: Leftovers
|upkeep
|turn|15
|
|t:|1781182456
|move|p1a: Kyurem|Protect|p1a: Kyurem
|-singleturn|p1a: Kyurem|Protect
|move|p2a: Pecharunt|Shadow Ball|p1a: Kyurem
|-activate|p1a: Kyurem|move: Protect
|
|-weather|Snowscape|[upkeep]
|-heal|p1a: Kyurem|69/100|[from] item: Leftovers
|upkeep
|turn|16
|
|t:|1781182459
|switch|p1a: Slowking|Slowking-Galar, F|100/100
|move|p2a: Pecharunt|Shadow Ball|p1a: Slowking
|-supereffective|p1a: Slowking
|-damage|p1a: Slowking|70/100
|
|-weather|none
|upkeep
|turn|17
|
|t:|1781182466
|move|p2a: Pecharunt|Parting Shot|p1a: Slowking
|-unboost|p1a: Slowking|atk|1
|-unboost|p1a: Slowking|spa|1
|
|t:|1781182468
|switch|p2a: Darkrai|Darkrai|91/100 par|[from] Parting Shot
|move|p1a: Slowking|Psychic Noise|p2a: Darkrai
|-immune|p2a: Darkrai
|
|-heal|p2a: Darkrai|97/100 par|[from] item: Leftovers
|upkeep
|turn|18
|
|t:|1781182472
|switch|p1a: Ting-Lu|Ting-Lu|75/100
|-ability|p1a: Ting-Lu|Vessel of Ruin
|cant|p2a: Darkrai|par
|
|-heal|p2a: Darkrai|100/100 par|[from] item: Leftovers
|upkeep
|turn|19
|
|t:|1781182477
|switch|p2a: Suicune|Suicune|100/100
|-ability|p2a: Suicune|Pressure
|switch|p1a: Slowking|Slowking-Galar, F|100/100
|
|upkeep
|turn|20
|
|t:|1781182485
|move|p2a: Suicune|Calm Mind|p2a: Suicune
|-boost|p2a: Suicune|spa|1
|-boost|p2a: Suicune|spd|1
|-prepare|p1a: Slowking|Chilly Reception|[premajor]
|move|p1a: Slowking|Chilly Reception|p1a: Slowking
|-weather|Snowscape
|
|t:|1781182512
|switch|p1a: Ting-Lu|Ting-Lu|75/100|[from] Chilly Reception
|-ability|p1a: Ting-Lu|Vessel of Ruin
|
|-weather|Snowscape|[upkeep]
|upkeep
|turn|21
|
|t:|1781182523
|move|p2a: Suicune|Scald|p1a: Ting-Lu
|-supereffective|p1a: Ting-Lu
|-damage|p1a: Ting-Lu|45/100
|move|p1a: Ting-Lu|Whirlwind|p2a: Suicune
|drag|p2a: Pecharunt|Pecharunt|100/100
|
|-weather|Snowscape|[upkeep]
|upkeep
|turn|22
|
|t:|1781182535
|switch|p1a: Slowking|Slowking-Galar, F|100/100
|move|p2a: Pecharunt|Parting Shot|p1a: Slowking
|-unboost|p1a: Slowking|atk|1
|-unboost|p1a: Slowking|spa|1
|
|t:|1781182538
|switch|p2a: Darkrai|Darkrai|100/100 par|[from] Parting Shot
|
|-weather|Snowscape|[upkeep]
|upkeep
|turn|23
|
|t:|1781182543
|move|p2a: Darkrai|Dark Pulse|p1a: Slowking
|-supereffective|p1a: Slowking
|-damage|p1a: Slowking|49/100
|-prepare|p1a: Slowking|Chilly Reception|[premajor]
|move|p1a: Slowking|Chilly Reception|p1a: Slowking
|
|t:|1781182553
|switch|p1a: Pecharunt|Pecharunt|100/100|[from] Chilly Reception
|
|-weather|Snowscape|[upkeep]
|upkeep
|turn|24
|
|t:|1781182557
|move|p1a: Pecharunt|Parting Shot|p2a: Darkrai
|-unboost|p2a: Darkrai|atk|1
|-unboost|p2a: Darkrai|spa|1
|
|t:|1781182560
|switch|p1a: Slowking|Slowking-Galar, F|82/100|[from] Parting Shot
|move|p2a: Darkrai|Dark Pulse|p1a: Slowking
|-supereffective|p1a: Slowking
|-damage|p1a: Slowking|47/100
|
|-weather|none
|upkeep
|turn|25
|
|t:|1781182564
|switch|p2a: Corviknight|Corviknight, M|88/100
|-ability|p2a: Corviknight|Pressure
|-prepare|p1a: Slowking|Chilly Reception|[premajor]
|move|p1a: Slowking|Chilly Reception|p1a: Slowking
|-weather|Snowscape
|
|t:|1781182568
|switch|p1a: Kyurem|Kyurem|69/100|[from] Chilly Reception
|-ability|p1a: Kyurem|Pressure
|
|-weather|Snowscape|[upkeep]
|-heal|p1a: Kyurem|75/100|[from] item: Leftovers
|upkeep
|turn|26
|
|t:|1781182575
|move|p1a: Kyurem|Substitute|p1a: Kyurem
|-start|p1a: Kyurem|Substitute
|-damage|p1a: Kyurem|50/100
|move|p2a: Corviknight|Body Press|p1a: Kyurem
|-supereffective|p1a: Kyurem
|-end|p1a: Kyurem|Substitute
|
|-weather|Snowscape|[upkeep]
|-heal|p1a: Kyurem|56/100|[from] item: Leftovers
|upkeep
|turn|27
|
|t:|1781182581
|move|p1a: Kyurem|Protect|p1a: Kyurem
|-singleturn|p1a: Kyurem|Protect
|move|p2a: Corviknight|Body Press|p1a: Kyurem
|-activate|p1a: Kyurem|move: Protect
|
|-weather|Snowscape|[upkeep]
|-heal|p1a: Kyurem|63/100|[from] item: Leftovers
|upkeep
|turn|28
|
|t:|1781182587
|move|p1a: Kyurem|Substitute|p1a: Kyurem
|-start|p1a: Kyurem|Substitute
|-damage|p1a: Kyurem|38/100
|move|p2a: Corviknight|Body Press|p1a: Kyurem
|-supereffective|p1a: Kyurem
|-end|p1a: Kyurem|Substitute
|
|-weather|Snowscape|[upkeep]
|-heal|p1a: Kyurem|44/100|[from] item: Leftovers
|upkeep
|turn|29
|
|t:|1781182590
|move|p1a: Kyurem|Protect|p1a: Kyurem
|-singleturn|p1a: Kyurem|Protect
|move|p2a: Corviknight|Defog|p1a: Kyurem
|-activate|p1a: Kyurem|move: Protect
|
|-weather|none
|-heal|p1a: Kyurem|50/100|[from] item: Leftovers
|upkeep
|turn|30
|
|t:|1781182593
|switch|p1a: Slowking|Slowking-Galar, F|80/100
|move|p2a: Corviknight|Body Press|p1a: Slowking
|-resisted|p1a: Slowking
|-damage|p1a: Slowking|74/100
|
|upkeep
|turn|31
|
|t:|1781182601
|move|p2a: Corviknight|U-turn|p1a: Slowking
|-damage|p1a: Slowking|59/100
|
|t:|1781182603
|switch|p2a: Clodsire|Clodsire, F|100/100|[from] U-turn
|-prepare|p1a: Slowking|Chilly Reception|[premajor]
|move|p1a: Slowking|Chilly Reception|p1a: Slowking
|-weather|Snowscape
|
|t:|1781182608
|switch|p1a: Corviknight|Corviknight, M|11/100|[from] Chilly Reception
|-ability|p1a: Corviknight|Pressure
|
|-weather|Snowscape|[upkeep]
|upkeep
|turn|32
|
|t:|1781182612
|move|p1a: Corviknight|Roost|p1a: Corviknight
|-heal|p1a: Corviknight|61/100
|-singleturn|p1a: Corviknight|move: Roost
|move|p2a: Clodsire|Earthquake|p1a: Corviknight
|-supereffective|p1a: Corviknight
|-damage|p1a: Corviknight|29/100
|
|-weather|Snowscape|[upkeep]
|upkeep
|turn|33
|
|t:|1781182617
|move|p1a: Corviknight|Roost|p1a: Corviknight
|-heal|p1a: Corviknight|79/100
|-singleturn|p1a: Corviknight|move: Roost
|move|p2a: Clodsire|Stealth Rock|p1a: Corviknight
|-sidestart|p1: adil|move: Stealth Rock
|
|-weather|Snowscape|[upkeep]
|upkeep
|turn|34
|
|t:|1781182621
|switch|p2a: Darkrai|Darkrai|100/100 par
|move|p1a: Corviknight|Defog|p2a: Darkrai
|-unboost|p2a: Darkrai|evasion|1
|-sideend|p1: adil|Stealth Rock|[from] move: Defog|[of] p1a: Corviknight
|
|-weather|Snowscape|[upkeep]
|upkeep
|turn|35
|
|t:|1781182631
|switch|p1a: Slowking|Slowking-Galar, F|92/100
|move|p2a: Darkrai|Dark Pulse|p1a: Slowking
|-supereffective|p1a: Slowking
|-damage|p1a: Slowking|42/100
|
|-weather|none
|upkeep
|turn|36
|
|t:|1781182639
|switch|p1a: Ting-Lu|Ting-Lu|45/100
|-ability|p1a: Ting-Lu|Vessel of Ruin
|move|p2a: Darkrai|Dark Pulse|p1a: Ting-Lu
|-resisted|p1a: Ting-Lu
|-damage|p1a: Ting-Lu|35/100
|
|upkeep
|turn|37
|
|t:|1781182646
|move|p2a: Darkrai|Ice Beam|p1a: Ting-Lu
|-supereffective|p1a: Ting-Lu
|-damage|p1a: Ting-Lu|10/100
|move|p1a: Ting-Lu|Rest|p1a: Ting-Lu
|-status|p1a: Ting-Lu|slp|[from] move: Rest
|-heal|p1a: Ting-Lu|100/100 slp|[silent]
|
|-damage|p1a: Ting-Lu|88/100 slp|[from] ability: Bad Dreams|[of] p2a: Darkrai
|upkeep
|turn|38
|
|t:|1781182658
|switch|p1a: Slowking|Slowking-Galar, F|75/100
|move|p2a: Darkrai|Dark Pulse|p1a: Slowking
|-supereffective|p1a: Slowking
|-damage|p1a: Slowking|22/100
|
|upkeep
|turn|39
|
|t:|1781182663
|switch|p1a: Ting-Lu|Ting-Lu|88/100 slp
|-ability|p1a: Ting-Lu|Vessel of Ruin
|move|p2a: Darkrai|Ice Beam|p1a: Ting-Lu
|-supereffective|p1a: Ting-Lu
|-damage|p1a: Ting-Lu|63/100 slp
|
|-damage|p1a: Ting-Lu|50/100 slp|[from] ability: Bad Dreams|[of] p2a: Darkrai
|upkeep
|turn|40
|
|t:|1781182671
|switch|p1a: Slowking|Slowking-Galar, F|55/100
|move|p2a: Darkrai|Ice Beam|p1a: Slowking
|-damage|p1a: Slowking|36/100
|
|upkeep
|turn|41
|
|t:|1781182690
|-terastallize|p1a: Slowking|Water
|move|p2a: Darkrai|Dark Pulse|p1a: Slowking
|-damage|p1a: Slowking|8/100
|-prepare|p1a: Slowking|Chilly Reception|[premajor]
|move|p1a: Slowking|Chilly Reception|p1a: Slowking
|-weather|Snowscape
|
|t:|1781182693
|switch|p1a: Pecharunt|Pecharunt|100/100|[from] Chilly Reception
|
|-weather|Snowscape|[upkeep]
|upkeep
|turn|42
|
|t:|1781182696
|move|p1a: Pecharunt|Parting Shot|p2a: Darkrai
|-unboost|p2a: Darkrai|atk|1
|-unboost|p2a: Darkrai|spa|1
|
|t:|1781182698
|switch|p1a: Slowking|Slowking-Galar, F, tera:Water|42/100|[from] Parting Shot
|move|p2a: Darkrai|Dark Pulse|p1a: Slowking
|-damage|p1a: Slowking|25/100
|
|-weather|Snowscape|[upkeep]
|upkeep
|turn|43
|
|t:|1781182703
|switch|p2a: Pecharunt|Pecharunt|100/100
|-prepare|p1a: Slowking|Chilly Reception|[premajor]
|move|p1a: Slowking|Chilly Reception|p1a: Slowking
|
|t:|1781182709
|switch|p1a: Ting-Lu|Ting-Lu|50/100 slp|[from] Chilly Reception
|-ability|p1a: Ting-Lu|Vessel of Ruin
|
|-weather|Snowscape|[upkeep]
|upkeep
|turn|44
|
|t:|1781182714
|switch|p2a: Darkrai|Darkrai|100/100 par
|cant|p1a: Ting-Lu|slp
|
|-weather|Snowscape|[upkeep]
|-damage|p1a: Ting-Lu|38/100 slp|[from] ability: Bad Dreams|[of] p2a: Darkrai
|upkeep
|turn|45
|
|t:|1781182718
|switch|p1a: Slowking|Slowking-Galar, F, tera:Water|58/100
|move|p2a: Darkrai|Sludge Bomb|p1a: Slowking
|-damage|p1a: Slowking|40/100
|
|-weather|none
|upkeep
|turn|46
|
|t:|1781182723
|move|p2a: Darkrai|Sludge Bomb|p1a: Slowking
|-damage|p1a: Slowking|21/100
|-status|p1a: Slowking|psn
|-prepare|p1a: Slowking|Chilly Reception|[premajor]
|move|p1a: Slowking|Chilly Reception|p1a: Slowking
|-weather|Snowscape
|
|t:|1781182737
|switch|p1a: Kyurem|Kyurem|50/100|[from] Chilly Reception
|-ability|p1a: Kyurem|Pressure
|
|-weather|Snowscape|[upkeep]
|-heal|p1a: Kyurem|56/100|[from] item: Leftovers
|upkeep
|turn|47
|
|t:|1781182740
|move|p1a: Kyurem|Substitute|p1a: Kyurem
|-start|p1a: Kyurem|Substitute
|-damage|p1a: Kyurem|31/100
|cant|p2a: Darkrai|par
|
|-weather|Snowscape|[upkeep]
|-heal|p1a: Kyurem|37/100|[from] item: Leftovers
|upkeep
|turn|48
|
|t:|1781182745
|move|p1a: Kyurem|Freeze-Dry|p2a: Darkrai
|-damage|p2a: Darkrai|53/100 par
|move|p2a: Darkrai|Dark Pulse|p1a: Kyurem
|-crit|p1a: Kyurem
|-end|p1a: Kyurem|Substitute
|
|-weather|Snowscape|[upkeep]
|-heal|p1a: Kyurem|44/100|[from] item: Leftovers
|-heal|p2a: Darkrai|59/100 par|[from] item: Leftovers
|upkeep
|turn|49
|
|t:|1781182751
|move|p1a: Kyurem|Protect|p1a: Kyurem
|-singleturn|p1a: Kyurem|Protect
|move|p2a: Darkrai|Sludge Bomb|p1a: Kyurem
|-activate|p1a: Kyurem|move: Protect
|
|-weather|Snowscape|[upkeep]
|-heal|p1a: Kyurem|50/100|[from] item: Leftovers
|-heal|p2a: Darkrai|65/100 par|[from] item: Leftovers
|upkeep
|turn|50
|
|t:|1781182756
|switch|p1a: Slowking|Slowking-Galar, F, tera:Water|54/100 psn
|cant|p2a: Darkrai|par
|
|-weather|none
|-heal|p2a: Darkrai|71/100 par|[from] item: Leftovers
|-damage|p1a: Slowking|42/100 psn|[from] psn
|upkeep
|turn|51
|
|t:|1781182765
|move|p2a: Darkrai|Dark Pulse|p1a: Slowking
|-damage|p1a: Slowking|18/100 psn
|-prepare|p1a: Slowking|Chilly Reception|[premajor]
|move|p1a: Slowking|Chilly Reception|p1a: Slowking
|-weather|Snowscape
|
|t:|1781182769
|switch|p1a: Cinderace|Cinderace, F|32/100|[from] Chilly Reception
|
|-weather|Snowscape|[upkeep]
|-heal|p2a: Darkrai|77/100 par|[from] item: Leftovers
|upkeep
|turn|52
|
|t:|1781182775
|switch|p1a: Kyurem|Kyurem|50/100
|-ability|p1a: Kyurem|Pressure
|switch|p2a: Pecharunt|Pecharunt|100/100
|
|-weather|Snowscape|[upkeep]
|-heal|p1a: Kyurem|56/100|[from] item: Leftovers
|upkeep
|turn|53
|
|t:|1781182782
|move|p1a: Kyurem|Substitute|p1a: Kyurem
|-start|p1a: Kyurem|Substitute
|-damage|p1a: Kyurem|31/100
|move|p2a: Pecharunt|Shadow Ball|p1a: Kyurem
|-end|p1a: Kyurem|Substitute
|
|-weather|Snowscape|[upkeep]
|-heal|p1a: Kyurem|37/100|[from] item: Leftovers
|upkeep
|turn|54
|
|t:|1781182787
|move|p1a: Kyurem|Protect|p1a: Kyurem
|-singleturn|p1a: Kyurem|Protect
|move|p2a: Pecharunt|Parting Shot|p1a: Kyurem
|-activate|p1a: Kyurem|move: Protect
|
|-weather|Snowscape|[upkeep]
|-heal|p1a: Kyurem|43/100|[from] item: Leftovers
|upkeep
|turn|55
|
|t:|1781182794
|move|p1a: Kyurem|Substitute|p1a: Kyurem
|-start|p1a: Kyurem|Substitute
|-damage|p1a: Kyurem|18/100
|move|p2a: Pecharunt|Shadow Ball|p1a: Kyurem
|-activate|p1a: Kyurem|move: Substitute|[damage]
|
|-weather|none
|-heal|p1a: Kyurem|25/100|[from] item: Leftovers
|upkeep
|turn|56
|
|t:|1781182799
|move|p1a: Kyurem|Earth Power|p2a: Pecharunt
|-supereffective|p2a: Pecharunt
|-damage|p2a: Pecharunt|36/100
|move|p2a: Pecharunt|Shadow Ball|p1a: Kyurem
|-end|p1a: Kyurem|Substitute
|
|-heal|p1a: Kyurem|31/100|[from] item: Leftovers
|-heal|p2a: Pecharunt|42/100|[from] item: Leftovers
|upkeep
|turn|57
|
|t:|1781182806
|move|p1a: Kyurem|Substitute|p1a: Kyurem
|-start|p1a: Kyurem|Substitute
|-damage|p1a: Kyurem|6/100
|move|p2a: Pecharunt|Shadow Ball|p1a: Kyurem
|-activate|p1a: Kyurem|move: Substitute|[damage]
|
|-heal|p1a: Kyurem|12/100|[from] item: Leftovers
|-heal|p2a: Pecharunt|48/100|[from] item: Leftovers
|upkeep
|turn|58
|
|t:|1781182809
|switch|p2a: Corviknight|Corviknight, M|88/100
|-ability|p2a: Corviknight|Pressure
|move|p1a: Kyurem|Earth Power|p2a: Corviknight
|-immune|p2a: Corviknight
|
|-heal|p1a: Kyurem|18/100|[from] item: Leftovers
|upkeep
|turn|59
|
|t:|1781182812
|move|p1a: Kyurem|Freeze-Dry|p2a: Corviknight
|-damage|p2a: Corviknight|52/100
|move|p2a: Corviknight|Body Press|p1a: Kyurem
|-supereffective|p1a: Kyurem
|-end|p1a: Kyurem|Substitute
|
|-heal|p1a: Kyurem|24/100|[from] item: Leftovers
|upkeep
|turn|60
|
|t:|1781182815
|move|p1a: Kyurem|Protect|p1a: Kyurem
|-singleturn|p1a: Kyurem|Protect
|move|p2a: Corviknight|Body Press|p1a: Kyurem
|-activate|p1a: Kyurem|move: Protect
|
|-heal|p1a: Kyurem|30/100|[from] item: Leftovers
|upkeep
|turn|61
|
|t:|1781182821
|move|p1a: Kyurem|Substitute|p1a: Kyurem
|-start|p1a: Kyurem|Substitute
|-damage|p1a: Kyurem|5/100
|move|p2a: Corviknight|Body Press|p1a: Kyurem
|-supereffective|p1a: Kyurem
|-end|p1a: Kyurem|Substitute
|
|-heal|p1a: Kyurem|12/100|[from] item: Leftovers
|upkeep
|turn|62
|
|t:|1781182845
|switch|p1a: Slowking|Slowking-Galar, F, tera:Water|51/100 psn
|move|p2a: Corviknight|U-turn|p1a: Slowking
|-damage|p1a: Slowking|37/100 psn
|
|t:|1781182847
|switch|p2a: Darkrai|Darkrai|77/100 par|[from] U-turn
|
|-heal|p2a: Darkrai|83/100 par|[from] item: Leftovers
|-damage|p1a: Slowking|24/100 psn|[from] psn
|upkeep
|turn|63
|
|t:|1781182859
|switch|p1a: Pecharunt|Pecharunt|100/100
|move|p2a: Darkrai|Dark Pulse|p1a: Pecharunt
|-supereffective|p1a: Pecharunt
|-damage|p1a: Pecharunt|18/100
|
|-heal|p2a: Darkrai|89/100 par|[from] item: Leftovers
|upkeep
|turn|64
|
|t:|1781182871
|move|p1a: Pecharunt|Parting Shot|p2a: Darkrai
|-unboost|p2a: Darkrai|atk|1
|-unboost|p2a: Darkrai|spa|1
|
|t:|1781182875
|switch|p1a: Slowking|Slowking-Galar, F, tera:Water|57/100 psn|[from] Parting Shot
|move|p2a: Darkrai|Dark Pulse|p1a: Slowking
|-damage|p1a: Slowking|40/100 psn
|
|-heal|p2a: Darkrai|96/100 par|[from] item: Leftovers
|-damage|p1a: Slowking|28/100 psn|[from] psn
|upkeep
|turn|65
|
|t:|1781182880
|switch|p2a: Clodsire|Clodsire, F|100/100
|-prepare|p1a: Slowking|Chilly Reception|[premajor]
|move|p1a: Slowking|Chilly Reception|p1a: Slowking
|-weather|Snowscape
|
|t:|1781182893
|switch|p1a: Pecharunt|Pecharunt|18/100|[from] Chilly Reception
|
|-weather|Snowscape|[upkeep]
|upkeep
|turn|66
|l|☆COLFOFLOW
|inactive|COLFOFLOW disconnected and has a minute to reconnect!
|player|p2|
|j|☆COLFOFLOW
|inactive|COLFOFLOW reconnected and has 120 seconds left.
|player|p2|COLFOFLOW|volkner|
|
|t:|1781182933
|move|p1a: Pecharunt|Recover|p1a: Pecharunt
|-heal|p1a: Pecharunt|68/100
|move|p2a: Clodsire|Stealth Rock|p1a: Pecharunt
|-sidestart|p1: adil|move: Stealth Rock
|
|-weather|Snowscape|[upkeep]
|upkeep
|turn|67
|
|t:|1781182949
|switch|p2a: Darkrai|Darkrai|96/100 par
|move|p1a: Pecharunt|Parting Shot|p2a: Darkrai
|-unboost|p2a: Darkrai|atk|1
|-unboost|p2a: Darkrai|spa|1
|
|t:|1781182952
|switch|p1a: Slowking|Slowking-Galar, F, tera:Water|61/100 psn|[from] Parting Shot
|
|-weather|Snowscape|[upkeep]
|-heal|p2a: Darkrai|100/100 par|[from] item: Leftovers
|-damage|p1a: Slowking|49/100 psn|[from] psn
|upkeep
|turn|68
|
|t:|1781182962
|switch|p2a: Suicune|Suicune|100/100
|-ability|p2a: Suicune|Pressure
|-prepare|p1a: Slowking|Chilly Reception|[premajor]
|move|p1a: Slowking|Chilly Reception|p1a: Slowking
|inactive|adil has 120 seconds left.
|
|t:|1781183003
|switch|p1a: Cinderace|Cinderace, F|32/100|[from] Chilly Reception
|
|-weather|Snowscape|[upkeep]
|upkeep
|turn|69
|
|t:|1781183015
|move|p1a: Cinderace|Court Change|p1a: Cinderace
|-swapsideconditions
|-activate|p1a: Cinderace|move: Court Change
|move|p2a: Suicune|Calm Mind|p2a: Suicune
|-boost|p2a: Suicune|spa|1
|-boost|p2a: Suicune|spd|1
|
|-weather|none
|upkeep
|turn|70
|
|t:|1781183019
|move|p1a: Cinderace|U-turn|p2a: Suicune
|-damage|p2a: Suicune|90/100
|
|t:|1781183021
|switch|p1a: Slowking|Slowking-Galar, F, tera:Water|82/100 psn|[from] U-turn
|move|p2a: Suicune|Scald|p1a: Slowking
|-resisted|p1a: Slowking
|-damage|p1a: Slowking|70/100 psn
|
|-heal|p2a: Suicune|96/100|[from] item: Leftovers
|-damage|p1a: Slowking|58/100 psn|[from] psn
|upkeep
|turn|71
|
|t:|1781183025
|move|p2a: Suicune|Calm Mind|p2a: Suicune
|-boost|p2a: Suicune|spa|1
|-boost|p2a: Suicune|spd|1
|move|p1a: Slowking|Thunder Wave|p2a: Suicune
|-status|p2a: Suicune|par
|
|-heal|p2a: Suicune|100/100 par|[from] item: Leftovers
|-damage|p1a: Slowking|45/100 psn|[from] psn
|upkeep
|turn|72
|
|t:|1781183031
|move|p2a: Suicune|Scald|p1a: Slowking
|-resisted|p1a: Slowking
|-damage|p1a: Slowking|29/100 psn
|move|p1a: Slowking|Psychic Noise|p2a: Suicune
|-damage|p2a: Suicune|89/100 par
|-start|p2a: Suicune|move: Heal Block
|
|-damage|p1a: Slowking|17/100 psn|[from] psn
|upkeep
|turn|73
|
|t:|1781183044
|move|p2a: Suicune|Scald|p1a: Slowking
|-resisted|p1a: Slowking
|-damage|p1a: Slowking|2/100 psn
|-prepare|p1a: Slowking|Chilly Reception|[premajor]
|move|p1a: Slowking|Chilly Reception|p1a: Slowking
|-weather|Snowscape
|
|t:|1781183047
|switch|p1a: Kyurem|Kyurem|12/100|[from] Chilly Reception
|-ability|p1a: Kyurem|Pressure
|
|-weather|Snowscape|[upkeep]
|-heal|p1a: Kyurem|18/100|[from] item: Leftovers
|-end|p2a: Suicune|move: Heal Block
|upkeep
|turn|74
|
|t:|1781183053
|switch|p1a: Slowking|Slowking-Galar, F, tera:Water|36/100 psn
|move|p2a: Suicune|Scald|p1a: Slowking
|-resisted|p1a: Slowking
|-damage|p1a: Slowking|20/100 psn
|
|-weather|Snowscape|[upkeep]
|-heal|p2a: Suicune|95/100 par|[from] item: Leftovers
|-damage|p1a: Slowking|8/100 psn|[from] psn
|upkeep
|turn|75
|
|t:|1781183062
|switch|p1a: Ting-Lu|Ting-Lu|38/100 slp
|-ability|p1a: Ting-Lu|Vessel of Ruin
|move|p2a: Suicune|Calm Mind|p2a: Suicune
|-boost|p2a: Suicune|spa|1
|-boost|p2a: Suicune|spd|1
|
|-weather|Snowscape|[upkeep]
|-heal|p2a: Suicune|100/100 par|[from] item: Leftovers
|upkeep
|turn|76
|
|t:|1781183067
|cant|p1a: Ting-Lu|slp
|move|p2a: Suicune|Scald|p1a: Ting-Lu
|-supereffective|p1a: Ting-Lu
|-damage|p1a: Ting-Lu|0 fnt
|faint|p1a: Ting-Lu
|
|-weather|Snowscape|[upkeep]
|upkeep
|
|t:|1781183081
|switch|p1a: Slowking|Slowking-Galar, F, tera:Water|41/100 psn
|turn|77
|
|t:|1781183084
|cant|p2a: Suicune|par
|move|p1a: Slowking|Psychic Noise|p2a: Suicune
|-damage|p2a: Suicune|92/100 par
|-start|p2a: Suicune|move: Heal Block
|
|-weather|none
|-damage|p1a: Slowking|29/100 psn|[from] psn
|upkeep
|turn|78
|
|t:|1781183089
|move|p2a: Suicune|Calm Mind|p2a: Suicune
|-boost|p2a: Suicune|spa|1
|-boost|p2a: Suicune|spd|1
|move|p1a: Slowking|Sludge Bomb|p2a: Suicune
|-damage|p2a: Suicune|84/100 par
|
|-damage|p1a: Slowking|16/100 psn|[from] psn
|-end|p2a: Suicune|move: Heal Block
|upkeep
|turn|79
|
|t:|1781183095
|move|p2a: Suicune|Rest|p2a: Suicune
|-status|p2a: Suicune|slp|[from] move: Rest
|-heal|p2a: Suicune|100/100 slp|[silent]
|move|p1a: Slowking|Psychic Noise|p2a: Suicune
|-damage|p2a: Suicune|93/100 slp
|-start|p2a: Suicune|move: Heal Block
|
|-damage|p1a: Slowking|4/100 psn|[from] psn
|upkeep
|turn|80
|
|t:|1781183104
|switch|p1a: Kyurem|Kyurem|18/100
|-ability|p1a: Kyurem|Pressure
|cant|p2a: Suicune|slp
|move|p2a: Suicune|Sleep Talk|p2a: Suicune
|cant|p2a: Suicune|move: Heal Block|Rest
|
|-heal|p1a: Kyurem|24/100|[from] item: Leftovers
|-end|p2a: Suicune|move: Heal Block
|upkeep
|turn|81
|
|t:|1781183108
|move|p1a: Kyurem|Freeze-Dry|p2a: Suicune
|-supereffective|p2a: Suicune
|-damage|p2a: Suicune|75/100 slp
|cant|p2a: Suicune|slp
|move|p2a: Suicune|Sleep Talk|p2a: Suicune
|move|p2a: Suicune|Rest||[from] move: Sleep Talk|[still]
|-fail|p2a: Suicune
|
|-heal|p1a: Kyurem|30/100|[from] item: Leftovers
|-heal|p2a: Suicune|81/100 slp|[from] item: Leftovers
|upkeep
|turn|82
|
|t:|1781183114
|move|p1a: Kyurem|Protect|p1a: Kyurem
|-singleturn|p1a: Kyurem|Protect
|-curestatus|p2a: Suicune|slp|[msg]
|move|p2a: Suicune|Scald|p1a: Kyurem
|-activate|p1a: Kyurem|move: Protect
|
|-heal|p1a: Kyurem|36/100|[from] item: Leftovers
|-heal|p2a: Suicune|87/100|[from] item: Leftovers
|upkeep
|turn|83
|
|t:|1781183118
|move|p1a: Kyurem|Freeze-Dry|p2a: Suicune
|-supereffective|p2a: Suicune
|-damage|p2a: Suicune|68/100
|move|p2a: Suicune|Scald|p1a: Kyurem
|-resisted|p1a: Kyurem
|-damage|p1a: Kyurem|0 fnt
|faint|p1a: Kyurem
|
|-heal|p2a: Suicune|74/100|[from] item: Leftovers
|upkeep
|-message|adil forfeited.
|
|win|COLFOFLOW
|raw|adil's rating: 1699 &rarr; <strong>1682</strong><br />(-17 for losing)
|raw|COLFOFLOW's rating: 1753 &rarr; <strong>1770</strong><br />(+17 for winning)
|l|☆adil
|player|p1|
|l|☆COLFOFLOW
|player|p2|
