|j|☆Rj yoip
|j|☆teamskullenoxa
|t:|1781094605
|gametype|singles
|player|p1|Rj yoip|caitlin-masters|1658
|player|p2|teamskullenoxa|169|1610
|gen|9
|tier|[Gen 9] OU
|rated|
|rule|HP Percentage Mod: HP is shown in percentages
|rule|Endless Battle Clause: Forcing endless battles is banned
|rule|Species Clause: Limit one of each Pokémon
|rule|OHKO Clause: OHKO moves are banned
|rule|Evasion Items Clause: Evasion items are banned
|rule|Evasion Moves Clause: Evasion moves are banned
|rule|Evasion Abilities Clause: Evasion abilities are banned
|rule|Sleep Moves Clause: Sleep-inducing moves are banned
|clearpoke
|poke|p1|Tyranitar, M|
|poke|p1|Hydrapple, M|
|poke|p1|Enamorus, F|
|poke|p1|Garganacl, M|
|poke|p1|Excadrill, F|
|poke|p1|Alomomola, F|
|poke|p2|Pelipper, F|
|poke|p2|Hatterene, F|
|poke|p2|Iron Treads|
|poke|p2|Toxicroak, F|
|poke|p2|Barraskewda, F|
|poke|p2|Zapdos|
|teampreview
|inactive|Battle timer is ON: inactive players will automatically lose when time's up. (requested by Rj yoip)
|
|t:|1781094623
|teamsize|p1|6
|teamsize|p2|6
|start
|switch|p1a: Garganacl|Garganacl, M|100/100
|switch|p2a: Barraskewda|Barraskewda, F|100/100
|turn|1
|inactive|Rj yoip has 120 seconds left.
|
|t:|1781094653
|move|p1a: Garganacl|Protect|p1a: Garganacl
|-singleturn|p1a: Garganacl|Protect
|move|p2a: Barraskewda|Flip Turn|p1a: Garganacl
|-activate|p1a: Garganacl|move: Protect
|
|upkeep
|turn|2
|
|t:|1781094656
|switch|p1a: Hydrapple|Hydrapple, M|100/100
|move|p2a: Barraskewda|Flip Turn|p1a: Hydrapple
|-resisted|p1a: Hydrapple
|-damage|p1a: Hydrapple|94/100
|-damage|p2a: Barraskewda|84/100|[from] item: Rocky Helmet|[of] p1a: Hydrapple
|
|t:|1781094661
|switch|p2a: Zapdos|Zapdos|100/100|[from] Flip Turn
|
|upkeep
|turn|3
|
|t:|1781094682
|switch|p1a: Excadrill|Excadrill, F|100/100
|move|p2a: Zapdos|Volt Switch|p1a: Excadrill
|-immune|p1a: Excadrill
|
|upkeep
|turn|4
|
|t:|1781094689
|switch|p2a: Hatterene|Hatterene, F|100/100
|move|p1a: Excadrill|Substitute|p1a: Excadrill
|-start|p1a: Excadrill|Substitute
|-damage|p1a: Excadrill|76/100
|
|-heal|p1a: Excadrill|82/100|[from] item: Leftovers
|upkeep
|turn|5
|
|t:|1781094694
|switch|p2a: Pelipper|Pelipper, F|100/100
|-weather|RainDance|[from] ability: Drizzle|[of] p2a: Pelipper
|move|p1a: Excadrill|Earthquake|p2a: Pelipper
|-immune|p2a: Pelipper
|
|-weather|RainDance|[upkeep]
|-heal|p1a: Excadrill|88/100|[from] item: Leftovers
|upkeep
|turn|6
|
|t:|1781094698
|move|p1a: Excadrill|Rock Slide|p2a: Pelipper
|-supereffective|p2a: Pelipper
|-damage|p2a: Pelipper|42/100
|move|p2a: Pelipper|U-turn|p1a: Excadrill
|-resisted|p1a: Excadrill
|-activate|p1a: Excadrill|move: Substitute|[damage]
|j| kanaete onegai
|
|t:|1781094709
|switch|p2a: Barraskewda|Barraskewda, F|84/100|[from] U-turn
|
|-weather|RainDance|[upkeep]
|-heal|p1a: Excadrill|94/100|[from] item: Leftovers
|upkeep
|turn|7
|
|t:|1781094712
|move|p2a: Barraskewda|Flip Turn|p1a: Excadrill
|-supereffective|p1a: Excadrill
|-end|p1a: Excadrill|Substitute
|
|t:|1781094713
|switch|p2a: Zapdos|Zapdos|100/100|[from] Flip Turn
|move|p1a: Excadrill|Rock Slide|p2a: Zapdos
|-supereffective|p2a: Zapdos
|-damage|p2a: Zapdos|37/100
|
|-weather|RainDance|[upkeep]
|-heal|p1a: Excadrill|99/100|[from] item: Leftovers
|upkeep
|turn|8
|
|t:|1781094722
|switch|p1a: Alomomola|Alomomola, F|100/100
|move|p2a: Zapdos|Weather Ball|p1a: Alomomola
|-resisted|p1a: Alomomola
|-damage|p1a: Alomomola|79/100
|
|-weather|RainDance|[upkeep]
|upkeep
|turn|9
|
|t:|1781094726
|switch|p2a: Toxicroak|Toxicroak, F|100/100
|switch|p1a: Hydrapple|Hydrapple, M|100/100
|
|-weather|RainDance|[upkeep]
|upkeep
|turn|10
|
|t:|1781094729
|move|p2a: Toxicroak|Toxic|p1a: Hydrapple
|-status|p1a: Hydrapple|tox
|move|p1a: Hydrapple|Earth Power|p2a: Toxicroak
|-supereffective|p2a: Toxicroak
|-damage|p2a: Toxicroak|41/100
|
|-weather|RainDance|[upkeep]
|-heal|p2a: Toxicroak|54/100|[from] ability: Dry Skin
|-damage|p1a: Hydrapple|94/100 tox|[from] psn
|upkeep
|turn|11
|
|t:|1781094733
|move|p2a: Toxicroak|Knock Off|p1a: Hydrapple
|-damage|p1a: Hydrapple|81/100 tox
|-damage|p2a: Toxicroak|37/100|[from] item: Rocky Helmet|[of] p1a: Hydrapple
|-enditem|p1a: Hydrapple|Rocky Helmet|[from] move: Knock Off|[of] p2a: Toxicroak
|move|p1a: Hydrapple|Earth Power|p2a: Toxicroak
|-supereffective|p2a: Toxicroak
|-damage|p2a: Toxicroak|0 fnt
|faint|p2a: Toxicroak
|
|-weather|RainDance|[upkeep]
|-damage|p1a: Hydrapple|69/100 tox|[from] psn
|upkeep
|
|t:|1781094742
|switch|p2a: Zapdos|Zapdos|37/100
|turn|12
|
|t:|1781094747
|switch|p1a: Alomomola|Alomomola, F|100/100
|-terastallize|p2a: Zapdos|Flying
|move|p2a: Zapdos|Hurricane|p1a: Alomomola
|-damage|p1a: Alomomola|41/100
|
|-weather|none
|upkeep
|turn|13
|
|t:|1781094750
|switch|p1a: Tyranitar|Tyranitar, M|100/100
|-weather|Sandstorm|[from] ability: Sand Stream|[of] p1a: Tyranitar
|move|p2a: Zapdos|Hurricane|p1a: Tyranitar
|-resisted|p1a: Tyranitar
|-damage|p1a: Tyranitar|62/100
|-start|p1a: Tyranitar|confusion
|
|-weather|Sandstorm|[upkeep]
|-damage|p2a: Zapdos|31/100|[from] Sandstorm
|upkeep
|turn|14
|
|t:|1781094756
|switch|p2a: Hatterene|Hatterene, F|100/100
|-activate|p1a: Tyranitar|confusion
|move|p1a: Tyranitar|Knock Off|p2a: Hatterene
|-damage|p2a: Hatterene|25/100
|-enditem|p2a: Hatterene|Eject Button|[from] move: Knock Off|[of] p1a: Tyranitar
|
|-weather|Sandstorm|[upkeep]
|-damage|p2a: Hatterene|19/100|[from] Sandstorm
|upkeep
|turn|15
|
|t:|1781094763
|-activate|p1a: Tyranitar|confusion
|-damage|p1a: Tyranitar|47/100|[from] confusion
|move|p2a: Hatterene|Healing Wish|p2a: Hatterene
|faint|p2a: Hatterene
|
|-weather|Sandstorm|[upkeep]
|upkeep
|
|t:|1781094769
|switch|p2a: Zapdos|Zapdos, tera:Flying|31/100
|-heal|p2a: Zapdos|100/100|[from] move: Healing Wish
|turn|16
|
|t:|1781094772
|switch|p1a: Garganacl|Garganacl, M|100/100
|move|p2a: Zapdos|Volt Switch|p1a: Garganacl
|-damage|p1a: Garganacl|76/100
|
|t:|1781094778
|switch|p2a: Barraskewda|Barraskewda, F|84/100|[from] Volt Switch
|
|-weather|Sandstorm|[upkeep]
|-damage|p2a: Barraskewda|78/100|[from] Sandstorm
|-heal|p1a: Garganacl|83/100|[from] item: Leftovers
|upkeep
|turn|17
|
|t:|1781094786
|move|p1a: Garganacl|Protect|p1a: Garganacl
|-singleturn|p1a: Garganacl|Protect
|move|p2a: Barraskewda|Flip Turn|p1a: Garganacl
|-activate|p1a: Garganacl|move: Protect
|
|-weather|none
|-heal|p1a: Garganacl|89/100|[from] item: Leftovers
|upkeep
|turn|18
|
|t:|1781094789
|switch|p1a: Hydrapple|Hydrapple, M|100/100 tox
|move|p2a: Barraskewda|Flip Turn|p1a: Hydrapple
|-resisted|p1a: Hydrapple
|-damage|p1a: Hydrapple|93/100 tox
|
|t:|1781094793
|switch|p2a: Iron Treads|Iron Treads|100/100|[from] Flip Turn
|
|-damage|p1a: Hydrapple|87/100 tox|[from] psn
|upkeep
|turn|19
|
|t:|1781094795
|move|p2a: Iron Treads|Stealth Rock|p1a: Hydrapple
|-sidestart|p1: Rj yoip|move: Stealth Rock
|move|p1a: Hydrapple|Earth Power|p2a: Iron Treads
|-supereffective|p2a: Iron Treads
|-damage|p2a: Iron Treads|60/100
|
|-heal|p2a: Iron Treads|66/100|[from] item: Leftovers
|-damage|p1a: Hydrapple|75/100 tox|[from] psn
|upkeep
|turn|20
|
|t:|1781094800
|switch|p1a: Alomomola|Alomomola, F|74/100
|-damage|p1a: Alomomola|62/100|[from] Stealth Rock
|move|p2a: Iron Treads|Volt Switch|p1a: Alomomola
|-supereffective|p1a: Alomomola
|-damage|p1a: Alomomola|49/100
|
|t:|1781094806
|-end|p2a: Iron Treads|Quark Drive|[silent]
|switch|p2a: Zapdos|Zapdos, tera:Flying|100/100|[from] Volt Switch
|
|upkeep
|turn|21
|
|t:|1781094809
|switch|p1a: Excadrill|Excadrill, F|99/100
|-damage|p1a: Excadrill|97/100|[from] Stealth Rock
|move|p2a: Zapdos|Hurricane|p1a: Excadrill
|-resisted|p1a: Excadrill
|-damage|p1a: Excadrill|24/100
|
|-heal|p1a: Excadrill|30/100|[from] item: Leftovers
|upkeep
|turn|22
|
|t:|1781094816
|move|p2a: Zapdos|Hurricane|p1a: Excadrill|[miss]
|-miss|p2a: Zapdos|p1a: Excadrill
|move|p1a: Excadrill|Rapid Spin|p2a: Zapdos
|-damage|p2a: Zapdos|78/100
|-boost|p1a: Excadrill|spe|1
|-sideend|p1: Rj yoip|Stealth Rock|[from] move: Rapid Spin|[of] p1a: Excadrill
|
|-heal|p1a: Excadrill|36/100|[from] item: Leftovers
|upkeep
|turn|23
|
|t:|1781094821
|switch|p1a: Garganacl|Garganacl, M|89/100
|move|p2a: Zapdos|Hurricane|p1a: Garganacl
|-resisted|p1a: Garganacl
|-damage|p1a: Garganacl|51/100
|
|-heal|p1a: Garganacl|57/100|[from] item: Leftovers
|upkeep
|turn|24
|
|t:|1781094827
|switch|p2a: Iron Treads|Iron Treads|66/100
|move|p1a: Garganacl|Salt Cure|p2a: Iron Treads
|-resisted|p2a: Iron Treads
|-damage|p2a: Iron Treads|64/100
|-start|p2a: Iron Treads|Salt Cure
|
|-heal|p2a: Iron Treads|70/100|[from] item: Leftovers
|-heal|p1a: Garganacl|63/100|[from] item: Leftovers
|-damage|p2a: Iron Treads|45/100|[from] Salt Cure
|upkeep
|turn|25
|
|t:|1781094830
|move|p2a: Iron Treads|Stealth Rock|p1a: Garganacl
|-sidestart|p1: Rj yoip|move: Stealth Rock
|move|p1a: Garganacl|Stealth Rock|p2a: Iron Treads
|-sidestart|p2: teamskullenoxa|move: Stealth Rock
|
|-heal|p2a: Iron Treads|51/100|[from] item: Leftovers
|-heal|p1a: Garganacl|69/100|[from] item: Leftovers
|-damage|p2a: Iron Treads|26/100|[from] Salt Cure
|upkeep
|turn|26
|
|t:|1781094838
|-end|p2a: Iron Treads|Quark Drive|[silent]
|switch|p2a: Barraskewda|Barraskewda, F|78/100
|-damage|p2a: Barraskewda|66/100|[from] Stealth Rock
|move|p1a: Garganacl|Protect||[still]
|-fail|p1a: Garganacl
|
|-heal|p1a: Garganacl|75/100|[from] item: Leftovers
|upkeep
|turn|27
|
|t:|1781094843
|move|p1a: Garganacl|Protect|p1a: Garganacl
|-singleturn|p1a: Garganacl|Protect
|move|p2a: Barraskewda|Close Combat|p1a: Garganacl
|-activate|p1a: Garganacl|move: Protect
|
|-heal|p1a: Garganacl|82/100|[from] item: Leftovers
|upkeep
|turn|28
|
|t:|1781094849
|move|p2a: Barraskewda|Close Combat|p1a: Garganacl
|-supereffective|p1a: Garganacl
|-damage|p1a: Garganacl|0 fnt
|-unboost|p2a: Barraskewda|def|1
|-unboost|p2a: Barraskewda|spd|1
|faint|p1a: Garganacl
|
|upkeep
|
|t:|1781094855
|switch|p1a: Enamorus|Enamorus, F|100/100
|-damage|p1a: Enamorus|76/100|[from] Stealth Rock
|turn|29
|
|t:|1781094867
|switch|p2a: Pelipper|Pelipper, F|42/100
|-damage|p2a: Pelipper|17/100|[from] Stealth Rock
|-weather|RainDance|[from] ability: Drizzle|[of] p2a: Pelipper
|move|p1a: Enamorus|Moonblast|p2a: Pelipper
|-damage|p2a: Pelipper|0 fnt
|faint|p2a: Pelipper
|
|-weather|RainDance|[upkeep]
|upkeep
|
|t:|1781094872
|switch|p2a: Barraskewda|Barraskewda, F|66/100
|-damage|p2a: Barraskewda|54/100|[from] Stealth Rock
|turn|30
|
|t:|1781094878
|switch|p1a: Tyranitar|Tyranitar, M|47/100
|-damage|p1a: Tyranitar|35/100|[from] Stealth Rock
|-weather|Sandstorm|[from] ability: Sand Stream|[of] p1a: Tyranitar
|move|p2a: Barraskewda|Flip Turn|p1a: Tyranitar
|-supereffective|p1a: Tyranitar
|-damage|p1a: Tyranitar|0 fnt
|faint|p1a: Tyranitar
|
|t:|1781094882
|switch|p2a: Iron Treads|Iron Treads|26/100|[from] Flip Turn
|-damage|p2a: Iron Treads|23/100|[from] Stealth Rock
|
|-weather|Sandstorm|[upkeep]
|-heal|p2a: Iron Treads|29/100|[from] item: Leftovers
|upkeep
|
|t:|1781094885
|switch|p1a: Excadrill|Excadrill, F|36/100
|-damage|p1a: Excadrill|33/100|[from] Stealth Rock
|turn|31
|
|t:|1781094889
|-end|p2a: Iron Treads|Quark Drive|[silent]
|switch|p2a: Zapdos|Zapdos, tera:Flying|78/100
|-damage|p2a: Zapdos|53/100|[from] Stealth Rock
|move|p1a: Excadrill|Earthquake|p2a: Zapdos
|-immune|p2a: Zapdos
|
|-weather|Sandstorm|[upkeep]
|-damage|p2a: Zapdos|47/100|[from] Sandstorm
|-heal|p1a: Excadrill|39/100|[from] item: Leftovers
|upkeep
|turn|32
|
|t:|1781094893
|move|p1a: Excadrill|Rock Slide|p2a: Zapdos
|-supereffective|p2a: Zapdos
|-damage|p2a: Zapdos|0 fnt
|faint|p2a: Zapdos
|
|-weather|Sandstorm|[upkeep]
|-heal|p1a: Excadrill|45/100|[from] item: Leftovers
|upkeep
|
|t:|1781094896
|switch|p2a: Barraskewda|Barraskewda, F|54/100
|-damage|p2a: Barraskewda|42/100|[from] Stealth Rock
|turn|33
|
|t:|1781094900
|switch|p1a: Hydrapple|Hydrapple, M|100/100 tox
|-damage|p1a: Hydrapple|88/100 tox|[from] Stealth Rock
|move|p2a: Barraskewda|Aqua Jet|p1a: Hydrapple
|-resisted|p1a: Hydrapple
|-damage|p1a: Hydrapple|83/100 tox
|
|-weather|Sandstorm|[upkeep]
|-damage|p2a: Barraskewda|35/100|[from] Sandstorm
|-damage|p1a: Hydrapple|77/100 tox|[from] Sandstorm
|-damage|p1a: Hydrapple|71/100 tox|[from] psn
|upkeep
|turn|34
|-message|teamskullenoxa forfeited.
|
|win|Rj yoip
|raw|Rj yoip's rating: 1684 &rarr; <strong>1700</strong><br />(+16 for winning)
|raw|teamskullenoxa's rating: 1610 &rarr; <strong>1594</strong><br />(-16 for losing)
|l|☆teamskullenoxa
|player|p2|
|l|☆Rj yoip
|player|p1|
