|j|☆huilaoshi1111
|j|☆ChiefGreenLeaf3
|t:|1781168706
|gametype|singles
|player|p1|huilaoshi1111|266|1532
|player|p2|ChiefGreenLeaf3|giovanni-gen1|1639
|gen|9
|tier|[Gen 9] OU
|rated|
|rule|HP Percentage Mod: HP is shown in percentages
|rule|Endless Battle Clause: Forcing endless battles is banned
|rule|Species Clause: Limit one of each Pokémon
|rule|OHKO Clause: OHKO moves are banned
|rule|Evasion Items Clause: Evasion items are banned
|rule|Evasion Moves Clause: Evasion moves are banned
|rule|Evasion Abilities Clause: Evasion abilities are banned
|rule|Sleep Moves Clause: Sleep-inducing moves are banned
|clearpoke
|poke|p1|Mienshao, F|
|poke|p1|Blissey, F|
|poke|p1|Slowbro, M|
|poke|p1|Krookodile, F|
|poke|p1|Talonflame, F|
|poke|p1|Zoroark-Hisui, M|
|poke|p2|Iron Jugulis|
|poke|p2|Moltres-Galar|
|poke|p2|Darkrai|
|poke|p2|Kingambit, M|
|poke|p2|Weavile, M|
|poke|p2|Meowscarada, F|
|teampreview
|inactive|Battle timer is ON: inactive players will automatically lose when time's up. (requested by huilaoshi1111)
|
|t:|1781168737
|teamsize|p1|6
|teamsize|p2|6
|start
|switch|p1a: Mienshao|Mienshao, F|100/100
|switch|p2a: Darkrai|Darkrai|100/100
|turn|1
|
|t:|1781168751
|move|p2a: Darkrai|Trick|p1a: Mienshao
|-activate|p2a: Darkrai|move: Trick|[of] p1a: Mienshao
|-item|p1a: Mienshao|Choice Scarf|[from] move: Trick
|-item|p2a: Darkrai|Choice Scarf|[from] move: Trick
|move|p1a: Mienshao|Close Combat|p2a: Darkrai
|-supereffective|p2a: Darkrai
|-damage|p2a: Darkrai|0 fnt
|-unboost|p1a: Mienshao|def|1
|-unboost|p1a: Mienshao|spd|1
|faint|p2a: Darkrai
|
|upkeep
|inactive|ChiefGreenLeaf3 has 120 seconds left.
|
|t:|1781168777
|switch|p2a: Iron Jugulis|Iron Jugulis|100/100
|-enditem|p2a: Iron Jugulis|Booster Energy
|-activate|p2a: Iron Jugulis|ability: Quark Drive|[fromitem]
|-start|p2a: Iron Jugulis|quarkdrivespe
|turn|2
|
|t:|1781168783
|switch|p1a: Blissey|Blissey, F|100/100
|move|p2a: Iron Jugulis|Hurricane|p1a: Blissey|[miss]
|-miss|p2a: Iron Jugulis|p1a: Blissey
|
|upkeep
|turn|3
|
|t:|1781168790
|move|p2a: Iron Jugulis|Taunt|p1a: Blissey
|-start|p1a: Blissey|move: Taunt
|cant|p1a: Blissey|move: Taunt|Thunder Wave
|
|upkeep
|turn|4
|
|t:|1781168793
|move|p2a: Iron Jugulis|Hurricane|p1a: Blissey|[miss]
|-miss|p2a: Iron Jugulis|p1a: Blissey
|move|p1a: Blissey|Seismic Toss|p2a: Iron Jugulis
|-damage|p2a: Iron Jugulis|70/100
|
|upkeep
|turn|5
|
|t:|1781168794
|move|p2a: Iron Jugulis|Hurricane|p1a: Blissey|[miss]
|-miss|p2a: Iron Jugulis|p1a: Blissey
|move|p1a: Blissey|Seismic Toss|p2a: Iron Jugulis
|-damage|p2a: Iron Jugulis|40/100
|
|-end|p1a: Blissey|move: Taunt
|upkeep
|turn|6
|
|t:|1781168800
|move|p2a: Iron Jugulis|Taunt|p1a: Blissey
|-start|p1a: Blissey|move: Taunt
|move|p1a: Blissey|Seismic Toss|p2a: Iron Jugulis
|-damage|p2a: Iron Jugulis|10/100
|
|upkeep
|turn|7
|
|t:|1781168802
|move|p2a: Iron Jugulis|Hurricane|p1a: Blissey
|-damage|p1a: Blissey|84/100
|move|p1a: Blissey|Seismic Toss|p2a: Iron Jugulis
|-damage|p2a: Iron Jugulis|0 fnt
|faint|p2a: Iron Jugulis
|-end|p2a: Iron Jugulis|Quark Drive|[silent]
|
|upkeep
|
|t:|1781168804
|switch|p2a: Meowscarada|Meowscarada, F|100/100
|turn|8
|
|t:|1781168807
|switch|p1a: Talonflame|Talonflame, F|100/100
|move|p2a: Meowscarada|Spikes|p1a: Talonflame
|-start|p2a: Meowscarada|typechange|Ground|[from] ability: Protean
|-sidestart|p1: huilaoshi1111|Spikes
|
|upkeep
|turn|9
|
|t:|1781168812
|move|p2a: Meowscarada|Spikes|p1a: Talonflame
|-sidestart|p1: huilaoshi1111|Spikes
|move|p1a: Talonflame|Defog|p2a: Meowscarada
|-unboost|p2a: Meowscarada|evasion|1
|-sideend|p1: huilaoshi1111|Spikes|[from] move: Defog|[of] p1a: Talonflame
|
|upkeep
|turn|10
|
|t:|1781168815
|move|p2a: Meowscarada|Spikes|p1a: Talonflame
|-sidestart|p1: huilaoshi1111|Spikes
|move|p1a: Talonflame|Fire Blast|p2a: Meowscarada
|-damage|p2a: Meowscarada|52/100
|
|upkeep
|turn|11
|
|t:|1781168819
|move|p2a: Meowscarada|Spikes|p1a: Talonflame
|-sidestart|p1: huilaoshi1111|Spikes
|move|p1a: Talonflame|Defog|p2a: Meowscarada
|-unboost|p2a: Meowscarada|evasion|1
|-sideend|p1: huilaoshi1111|Spikes|[from] move: Defog|[of] p1a: Talonflame
|
|upkeep
|turn|12
|
|t:|1781168821
|move|p2a: Meowscarada|Spikes|p1a: Talonflame
|-sidestart|p1: huilaoshi1111|Spikes
|move|p1a: Talonflame|Fire Blast|p2a: Meowscarada
|-damage|p2a: Meowscarada|9/100
|
|upkeep
|turn|13
|
|t:|1781168825
|move|p2a: Meowscarada|Spikes|p1a: Talonflame
|-sidestart|p1: huilaoshi1111|Spikes
|move|p1a: Talonflame|Defog|p2a: Meowscarada
|-unboost|p2a: Meowscarada|evasion|1
|-sideend|p1: huilaoshi1111|Spikes|[from] move: Defog|[of] p1a: Talonflame
|
|upkeep
|turn|14
|
|t:|1781168832
|move|p2a: Meowscarada|Spikes|p1a: Talonflame
|-sidestart|p1: huilaoshi1111|Spikes
|move|p1a: Talonflame|Fire Blast|p2a: Meowscarada
|-crit|p2a: Meowscarada
|-damage|p2a: Meowscarada|0 fnt
|faint|p2a: Meowscarada
|
|upkeep
|
|t:|1781168841
|switch|p2a: Weavile|Weavile, M|100/100
|-ability|p2a: Weavile|Pressure
|turn|15
|
|t:|1781168846
|move|p2a: Weavile|Swords Dance|p2a: Weavile
|-boost|p2a: Weavile|atk|2
|move|p1a: Talonflame|U-turn|p2a: Weavile
|-supereffective|p2a: Weavile
|-crit|p2a: Weavile
|-damage|p2a: Weavile|36/100
|
|t:|1781168852
|switch|p1a: Mienshao|Mienshao, F|100/100|[from] U-turn
|-damage|p1a: Mienshao|88/100|[from] Spikes
|
|upkeep
|turn|16
|
|t:|1781168858
|move|p2a: Weavile|Ice Shard|p1a: Mienshao
|-damage|p1a: Mienshao|13/100
|move|p1a: Mienshao|Close Combat|p2a: Weavile
|-supereffective|p2a: Weavile
|-damage|p2a: Weavile|0 fnt
|-unboost|p1a: Mienshao|def|1
|-unboost|p1a: Mienshao|spd|1
|faint|p2a: Weavile
|
|upkeep
|
|t:|1781168874
|switch|p2a: Moltres|Moltres-Galar|100/100
|turn|17
|
|t:|1781168877
|switch|p1a: Blissey|Blissey, F|84/100
|-terastallize|p2a: Moltres|Ghost
|move|p2a: Moltres|Agility|p2a: Moltres
|-boost|p2a: Moltres|spe|2
|
|upkeep
|turn|18
|
|t:|1781168883
|move|p2a: Moltres|Nasty Plot|p2a: Moltres
|-boost|p2a: Moltres|spa|2
|move|p1a: Blissey|Thunder Wave|p2a: Moltres
|-status|p2a: Moltres|par
|
|upkeep
|turn|19
|
|t:|1781168894
|switch|p1a: Krookodile|Krookodile, F|100/100
|-damage|p1a: Krookodile|88/100|[from] Spikes
|-ability|p1a: Krookodile|Intimidate|boost
|-unboost|p2a: Moltres|atk|1
|move|p2a: Moltres|Agility|p2a: Moltres
|-boost|p2a: Moltres|spe|2
|
|upkeep
|turn|20
|
|t:|1781168902
|move|p2a: Moltres|Air Slash|p1a: Krookodile
|-damage|p1a: Krookodile|0 fnt
|faint|p1a: Krookodile
|
|upkeep
|
|t:|1781168908
|switch|p1a: Talonflame|Talonflame, F|100/100
|-damage|p1a: Talonflame|88/100|[from] Spikes
|turn|21
|
|t:|1781168911
|move|p2a: Moltres|Air Slash|p1a: Talonflame
|-damage|p1a: Talonflame|0 fnt
|replace|p1a: Zoroark|Zoroark-Hisui, M
|-end|p1a: Zoroark|Illusion
|faint|p1a: Zoroark
|
|upkeep
|
|t:|1781168918
|switch|p1a: Mienshao|Mienshao, F|46/100
|-damage|p1a: Mienshao|34/100|[from] Spikes
|turn|22
|
|t:|1781168926
|move|p1a: Mienshao|Knock Off|p2a: Moltres
|-supereffective|p2a: Moltres
|-damage|p2a: Moltres|19/100 par
|-enditem|p2a: Moltres|Sitrus Berry|[from] move: Knock Off|[of] p1a: Mienshao
|-ability|p2a: Moltres|Berserk|boost
|-boost|p2a: Moltres|spa|1
|move|p2a: Moltres|Fiery Wrath|p1a: Mienshao
|-resisted|p1a: Mienshao
|-damage|p1a: Mienshao|0 fnt
|faint|p1a: Mienshao
|
|upkeep
|
|t:|1781168937
|switch|p1a: Talonflame|Talonflame, F|100/100
|turn|23
|
|t:|1781168939
|move|p2a: Moltres|Fiery Wrath|p1a: Talonflame
|-damage|p1a: Talonflame|0 fnt
|faint|p1a: Talonflame
|
|upkeep
|
|t:|1781168943
|switch|p1a: Slowbro|Slowbro, M|100/100
|-damage|p1a: Slowbro|88/100|[from] Spikes
|turn|24
|
|t:|1781168946
|-terastallize|p1a: Slowbro|Fighting
|move|p2a: Moltres|Fiery Wrath|p1a: Slowbro
|-resisted|p1a: Slowbro
|-damage|p1a: Slowbro|39/100
|cant|p1a: Slowbro|flinch
|
|upkeep
|turn|25
|
|t:|1781168951
|move|p2a: Moltres|Fiery Wrath|p1a: Slowbro
|-resisted|p1a: Slowbro
|-damage|p1a: Slowbro|0 fnt
|faint|p1a: Slowbro
|
|upkeep
|inactive|huilaoshi1111 has 120 seconds left.
|inactive|huilaoshi1111 has 90 seconds left.
|inactive|huilaoshi1111 has 60 seconds left.
|inactive|huilaoshi1111 has 30 seconds left.
|inactive|huilaoshi1111 has 20 seconds left.
|inactive|huilaoshi1111 has 15 seconds left.
|inactive|huilaoshi1111 has 10 seconds left.
|inactive|huilaoshi1111 has 5 seconds left.
|-message|huilaoshi1111 lost due to inactivity.
|
|win|ChiefGreenLeaf3
|raw|huilaoshi1111's rating: 1532 &rarr; <strong>1519</strong><br />(-13 for losing)
|raw|ChiefGreenLeaf3's rating: 1654 &rarr; <strong>1667</strong><br />(+13 for winning)
|l|☆ChiefGreenLeaf3
|player|p2|
