|j|☆Kloakris
|j|☆FP.//06
|t:|1780909426
|gametype|singles
|player|p1|Kloakris|102|1560
|player|p2|FP.//06|lucas|1595
|gen|9
|tier|[Gen 9] OU
|rated|
|rule|HP Percentage Mod: HP is shown in percentages
|rule|Endless Battle Clause: Forcing endless battles is banned
|rule|Species Clause: Limit one of each Pokémon
|rule|OHKO Clause: OHKO moves are banned
|rule|Evasion Items Clause: Evasion items are banned
|rule|Evasion Moves Clause: Evasion moves are banned
|rule|Evasion Abilities Clause: Evasion abilities are banned
|rule|Sleep Moves Clause: Sleep-inducing moves are banned
|clearpoke
|poke|p1|Ribombee, M|
|poke|p1|Gholdengo|
|poke|p1|Great Tusk|
|poke|p1|Raging Bolt|
|poke|p1|Ogerpon-Cornerstone, F|
|poke|p1|Ceruledge, F|
|poke|p2|Corviknight, F|
|poke|p2|Clefable, M|
|poke|p2|Alomomola, M|
|poke|p2|Clodsire, M|
|poke|p2|Toxapex, M|
|poke|p2|Quagsire, M|
|teampreview
|inactive|Battle timer is ON: inactive players will automatically lose when time's up. (requested by FP.//06)
|
|t:|1780909441
|teamsize|p1|6
|teamsize|p2|6
|start
|switch|p1a: NEW DROP|Ribombee, M, shiny|100/100
|switch|p2a: Clodsire|Clodsire, M|100/100
|turn|1
|
|t:|1780909446
|move|p1a: NEW DROP|Psychic Noise|p2a: Clodsire
|-supereffective|p2a: Clodsire
|-damage|p2a: Clodsire|78/100
|-start|p2a: Clodsire|move: Heal Block
|move|p2a: Clodsire|Spikes|p1a: NEW DROP
|-sidestart|p1: Kloakris|Spikes
|
|upkeep
|turn|2
|
|t:|1780909457
|move|p1a: NEW DROP|Psychic Noise|p2a: Clodsire
|-supereffective|p2a: Clodsire
|-damage|p2a: Clodsire|53/100
|move|p2a: Clodsire|Toxic|p1a: NEW DROP
|-status|p1a: NEW DROP|tox
|
|-damage|p1a: NEW DROP|94/100 tox|[from] psn
|-end|p2a: Clodsire|move: Heal Block
|upkeep
|turn|3
|
|t:|1780909463
|switch|p2a: Alomomola|Alomomola, M|100/100
|move|p1a: NEW DROP|Psychic Noise|p2a: Alomomola
|-damage|p2a: Alomomola|84/100
|-start|p2a: Alomomola|move: Heal Block
|
|-damage|p1a: NEW DROP|82/100 tox|[from] psn
|upkeep
|turn|4
|
|t:|1780909469
|move|p1a: NEW DROP|Sticky Web|p2a: Alomomola
|-sidestart|p2: FP.//06|move: Sticky Web
|move|p2a: Alomomola|Flip Turn|p1a: NEW DROP
|-damage|p1a: NEW DROP|48/100 tox
|
|t:|1780909471
|switch|p2a: Clodsire|Clodsire, M|53/100|[from] Flip Turn
|
|-damage|p1a: NEW DROP|30/100 tox|[from] psn
|upkeep
|turn|5
|
|t:|1780909473
|switch|p2a: Alomomola|Alomomola, M|100/100
|move|p1a: NEW DROP|Psychic Noise|p2a: Alomomola
|-damage|p2a: Alomomola|83/100
|-start|p2a: Alomomola|move: Heal Block
|
|-damage|p1a: NEW DROP|5/100 tox|[from] psn
|upkeep
|turn|6
|
|t:|1780909477
|move|p1a: NEW DROP|Skill Swap|p2a: Alomomola
|-activate|p1a: NEW DROP|Skill Swap|Regenerator|Shield Dust|[of] p2a: Alomomola
|move|p2a: Alomomola|Flip Turn|p1a: NEW DROP
|-damage|p1a: NEW DROP|0 fnt
|faint|p1a: NEW DROP
|
|t:|1780909480
|switch|p2a: Clodsire|Clodsire, M|53/100|[from] Flip Turn
|
|upkeep
|
|t:|1780909492
|switch|p1a: BROTHER STONE|Ogerpon-Cornerstone, F|100/100
|-damage|p1a: BROTHER STONE|88/100|[from] Spikes
|turn|7
|
|t:|1780909498
|switch|p2a: Corviknight|Corviknight, F|100/100
|-ability|p2a: Corviknight|Pressure
|move|p1a: BROTHER STONE|Taunt|p2a: Corviknight
|-start|p2a: Corviknight|move: Taunt
|
|upkeep
|turn|8
|
|t:|1780909506
|-terastallize|p1a: BROTHER STONE|Rock
|detailschange|p1a: BROTHER STONE|Ogerpon-Cornerstone-Tera, F, tera:Rock
|-ability|p1a: BROTHER STONE|Embody Aspect (Cornerstone)|boost
|-boost|p1a: BROTHER STONE|def|1
|move|p1a: BROTHER STONE|Ivy Cudgel|p2a: Corviknight|[anim] Ivy Cudgel Rock
|-damage|p2a: Corviknight|42/100
|move|p2a: Corviknight|Body Press|p1a: BROTHER STONE
|-supereffective|p1a: BROTHER STONE
|-damage|p1a: BROTHER STONE|46/100
|
|upkeep
|turn|9
|
|t:|1780909518
|move|p1a: BROTHER STONE|Ivy Cudgel|p2a: Corviknight|[anim] Ivy Cudgel Rock
|-damage|p2a: Corviknight|0 fnt
|faint|p2a: Corviknight
|
|upkeep
|
|t:|1780909523
|switch|p2a: Toxapex|Toxapex, M|100/100
|turn|10
|
|t:|1780909530
|move|p1a: BROTHER STONE|Power Whip|p2a: Toxapex
|-damage|p2a: Toxapex|52/100
|move|p2a: Toxapex|Toxic|p1a: BROTHER STONE
|-status|p1a: BROTHER STONE|tox
|
|-damage|p1a: BROTHER STONE|40/100 tox|[from] psn
|upkeep
|turn|11
|
|t:|1780909535
|move|p1a: BROTHER STONE|Ivy Cudgel|p2a: Toxapex|[anim] Ivy Cudgel Rock
|-damage|p2a: Toxapex|3/100
|move|p2a: Toxapex|Recover|p2a: Toxapex
|-heal|p2a: Toxapex|54/100
|
|-damage|p1a: BROTHER STONE|28/100 tox|[from] psn
|upkeep
|turn|12
|
|t:|1780909539
|move|p1a: BROTHER STONE|Taunt|p2a: Toxapex
|-start|p2a: Toxapex|move: Taunt
|cant|p2a: Toxapex|move: Taunt|Recover
|
|-damage|p1a: BROTHER STONE|10/100 tox|[from] psn
|upkeep
|turn|13
|
|t:|1780909544
|move|p1a: BROTHER STONE|Ivy Cudgel|p2a: Toxapex|[anim] Ivy Cudgel Rock
|-damage|p2a: Toxapex|3/100
|move|p2a: Toxapex|Poison Jab|p1a: BROTHER STONE
|-resisted|p1a: BROTHER STONE
|-damage|p1a: BROTHER STONE|1/100 tox
|
|-damage|p1a: BROTHER STONE|0 fnt|[from] psn
|faint|p1a: BROTHER STONE
|detailschange|p1: BROTHER STONE|Ogerpon-Cornerstone, F|[silent]
|upkeep
|
|t:|1780909553
|switch|p1a: BANDIT|Great Tusk, shiny|100/100
|-damage|p1a: BANDIT|88/100|[from] Spikes
|-enditem|p1a: BANDIT|Booster Energy
|-activate|p1a: BANDIT|ability: Protosynthesis|[fromitem]
|-start|p1a: BANDIT|protosynthesisatk
|turn|14
|
|t:|1780909558
|switch|p2a: Alomomola|Alomomola, M|83/100
|move|p1a: BANDIT|Rapid Spin|p2a: Alomomola
|-damage|p2a: Alomomola|66/100
|-boost|p1a: BANDIT|spe|1
|-sideend|p1: Kloakris|Spikes|[from] move: Rapid Spin|[of] p1a: BANDIT
|
|upkeep
|turn|15
|
|t:|1780909574
|move|p1a: BANDIT|Headlong Rush|p2a: Alomomola
|-damage|p2a: Alomomola|11/100
|-unboost|p1a: BANDIT|def|1
|-unboost|p1a: BANDIT|spd|1
|move|p2a: Alomomola|Wish|p2a: Alomomola
|
|upkeep
|turn|16
|
|t:|1780909586
|switch|p2a: Quagsire|Quagsire, M|100/100
|move|p1a: BANDIT|Rapid Spin|p2a: Quagsire
|-damage|p2a: Quagsire|86/100
|-boost|p1a: BANDIT|spe|1
|
|-heal|p2a: Quagsire|100/100|[from] move: Wish|[wisher] Alomomola
|upkeep
|turn|17
|
|t:|1780909593
|move|p1a: BANDIT|Headlong Rush|p2a: Quagsire
|-damage|p2a: Quagsire|40/100
|-unboost|p1a: BANDIT|def|1
|-unboost|p1a: BANDIT|spd|1
|move|p2a: Quagsire|Counter|p1a: BANDIT
|-damage|p1a: BANDIT|0 fnt
|faint|p1a: BANDIT
|-end|p1a: BANDIT|Protosynthesis|[silent]
|
|upkeep
|
|t:|1780909606
|switch|p1a: TORE UP|Ceruledge, F, shiny|100/100
|turn|18
|
|t:|1780909621
|-terastallize|p2a: Quagsire|Dark
|move|p1a: TORE UP|Swords Dance|p1a: TORE UP
|-boost|p1a: TORE UP|atk|2
|move|p2a: Quagsire|Recover|p2a: Quagsire
|-heal|p2a: Quagsire|90/100
|
|upkeep
|turn|19
|j| cgyhcg
|
|t:|1780909634
|move|p1a: TORE UP|Close Combat|p2a: Quagsire
|-supereffective|p2a: Quagsire
|-damage|p2a: Quagsire|29/100
|-unboost|p1a: TORE UP|def|1
|-unboost|p1a: TORE UP|spd|1
|move|p2a: Quagsire|Toxic|p1a: TORE UP
|-status|p1a: TORE UP|tox
|
|-damage|p1a: TORE UP|94/100 tox|[from] psn
|upkeep
|turn|20
|
|t:|1780909637
|switch|p2a: Toxapex|Toxapex, M|37/100
|move|p1a: TORE UP|Close Combat|p2a: Toxapex
|-resisted|p2a: Toxapex
|-damage|p2a: Toxapex|8/100
|-unboost|p1a: TORE UP|def|1
|-unboost|p1a: TORE UP|spd|1
|
|-damage|p1a: TORE UP|82/100 tox|[from] psn
|upkeep
|turn|21
|
|t:|1780909644
|switch|p2a: Clefable|Clefable, M|100/100
|-activate|p2a: Clefable|move: Sticky Web
|-unboost|p2a: Clefable|spe|1
|move|p1a: TORE UP|Shadow Sneak|p2a: Clefable
|-damage|p2a: Clefable|46/100
|
|-heal|p2a: Clefable|52/100|[from] item: Leftovers
|-damage|p1a: TORE UP|63/100 tox|[from] psn
|upkeep
|turn|22
|
|t:|1780909652
|switch|p2a: Toxapex|Toxapex, M|41/100
|move|p1a: TORE UP|Bitter Blade|p2a: Toxapex
|-resisted|p2a: Toxapex
|-damage|p2a: Toxapex|10/100
|-heal|p1a: TORE UP|80/100 tox|[from] drain|[of] p2a: Toxapex
|
|-damage|p1a: TORE UP|55/100 tox|[from] psn
|upkeep
|turn|23
|
|t:|1780909662
|switch|p2a: Quagsire|Quagsire, M, tera:Dark|29/100
|move|p1a: TORE UP|Bitter Blade|p2a: Quagsire
|-damage|p2a: Quagsire|0 fnt
|-heal|p1a: TORE UP|74/100 tox|[from] drain|[of] p2a: Quagsire
|faint|p2a: Quagsire
|
|-damage|p1a: TORE UP|43/100 tox|[from] psn
|upkeep
|
|t:|1780909665
|switch|p2a: Alomomola|Alomomola, M|44/100
|turn|24
|
|t:|1780909667
|move|p2a: Alomomola|Protect|p2a: Alomomola
|-singleturn|p2a: Alomomola|Protect
|move|p1a: TORE UP|Close Combat|p2a: Alomomola
|-activate|p2a: Alomomola|move: Protect
|
|-damage|p1a: TORE UP|6/100 tox|[from] psn
|upkeep
|turn|25
|
|t:|1780909672
|switch|p2a: Toxapex|Toxapex, M|44/100
|move|p1a: TORE UP|Close Combat|p2a: Toxapex
|-resisted|p2a: Toxapex
|-damage|p2a: Toxapex|19/100
|-unboost|p1a: TORE UP|def|1
|-unboost|p1a: TORE UP|spd|1
|
|-damage|p1a: TORE UP|0 fnt|[from] psn
|faint|p1a: TORE UP
|upkeep
|
|t:|1780909682
|switch|p1a: KRYPTONITE|Gholdengo, shiny|100/100
|-item|p1a: KRYPTONITE|Air Balloon
|turn|26
|
|t:|1780909686
|switch|p2a: Alomomola|Alomomola, M|78/100
|move|p1a: KRYPTONITE|Shadow Ball|p2a: Alomomola
|-damage|p2a: Alomomola|42/100
|
|upkeep
|turn|27
|
|t:|1780909695
|move|p1a: KRYPTONITE|Shadow Ball|p2a: Alomomola
|-damage|p2a: Alomomola|4/100
|-unboost|p2a: Alomomola|spd|1
|move|p2a: Alomomola|Flip Turn|p1a: KRYPTONITE
|-damage|p1a: KRYPTONITE|83/100
|-enditem|p1a: KRYPTONITE|Air Balloon
|
|t:|1780909697
|switch|p2a: Clodsire|Clodsire, M|53/100|[from] Flip Turn
|
|upkeep
|turn|28
|
|t:|1780909700
|move|p1a: KRYPTONITE|Psyshock|p2a: Clodsire
|-supereffective|p2a: Clodsire
|-damage|p2a: Clodsire|0 fnt
|faint|p2a: Clodsire
|
|upkeep
|-message|FP.//06 forfeited.
|
|win|Kloakris
|raw|Kloakris's rating: 1560 &rarr; <strong>1582</strong><br />(+22 for winning)
|raw|FP.&#x2f;&#x2f;06's rating: 1595 &rarr; <strong>1573</strong><br />(-22 for losing)
|l|☆FP.//06
|player|p2|
|l|☆Kloakris
|player|p1|
