|j|☆rockeater9000
|j|☆Voltaris33
|t:|1781400577
|gametype|singles
|player|p1|rockeater9000|265|1632
|player|p2|Voltaris33|unknownf|1614
|gen|9
|tier|[Gen 9] OU
|rated|
|rule|HP Percentage Mod: HP is shown in percentages
|rule|Endless Battle Clause: Forcing endless battles is banned
|rule|Species Clause: Limit one of each Pokémon
|rule|OHKO Clause: OHKO moves are banned
|rule|Evasion Items Clause: Evasion items are banned
|rule|Evasion Moves Clause: Evasion moves are banned
|rule|Evasion Abilities Clause: Evasion abilities are banned
|rule|Sleep Moves Clause: Sleep-inducing moves are banned
|clearpoke
|poke|p1|Greninja-*, M|
|poke|p1|Glimmora, F|
|poke|p1|Garchomp, F|
|poke|p1|Iron Valiant|
|poke|p1|Kingambit, M|
|poke|p1|Ceruledge, F|
|poke|p2|Heatran, M|
|poke|p2|Tyranitar, M|
|poke|p2|Skarmory, M|
|poke|p2|Moltres|
|poke|p2|Weezing-Galar, M|
|poke|p2|Deoxys-Speed|
|teampreview
|inactive|Battle timer is ON: inactive players will automatically lose when time's up. (requested by Voltaris33)
|
|t:|1781400583
|teamsize|p1|6
|teamsize|p2|6
|start
|switch|p1a: Greninja|Greninja, M|100/100
|switch|p2a: Deoxys|Deoxys-Speed, shiny|100/100
|-ability|p2a: Deoxys|Pressure
|turn|1
|
|t:|1781400587
|move|p2a: Deoxys|Thunder Wave|p1a: Greninja
|-status|p1a: Greninja|par
|move|p1a: Greninja|Dark Pulse|p2a: Deoxys
|-supereffective|p2a: Deoxys
|-crit|p2a: Deoxys
|-damage|p2a: Deoxys|0 fnt
|faint|p2a: Deoxys
|-ability|p1a: Greninja|Battle Bond|boost
|-boost|p1a: Greninja|atk|1
|-boost|p1a: Greninja|spa|1
|-boost|p1a: Greninja|spe|1
|-activate|p1a: Greninja|ability: Battle Bond
|-damage|p1a: Greninja|91/100 par|[from] item: Life Orb
|
|upkeep
|
|t:|1781400590
|switch|p2a: Weezing|Weezing-Galar, M|100/100
|-ability|p2a: Weezing|Neutralizing Gas
|turn|2
|
|t:|1781400596
|move|p1a: Greninja|Surf|p2a: Weezing
|-crit|p2a: Weezing
|-damage|p2a: Weezing|0 fnt
|faint|p2a: Weezing
|-end|p2a: Weezing|ability: Neutralizing Gas
|-damage|p1a: Greninja|81/100 par|[from] item: Life Orb
|
|upkeep
|j| choispecs ironmoth
|
|t:|1781400617
|switch|p2a: Skarmory|Skarmory, M, shiny|100/100
|turn|3
|
|t:|1781400631
|move|p1a: Greninja|Surf|p2a: Skarmory
|-ability|p2a: Skarmory|Sturdy
|-damage|p2a: Skarmory|1/100
|-damage|p1a: Greninja|71/100 par|[from] item: Life Orb
|move|p2a: Skarmory|Body Press|p1a: Greninja
|-supereffective|p1a: Greninja
|-damage|p1a: Greninja|0 fnt
|faint|p1a: Greninja
|
|-heal|p2a: Skarmory|7/100|[from] item: Leftovers
|upkeep
|
|t:|1781400655
|switch|p1a: Ceruledge|Ceruledge, F|100/100
|-item|p1a: Ceruledge|Air Balloon
|turn|4
|
|t:|1781400664
|move|p1a: Ceruledge|Swords Dance|p1a: Ceruledge
|-boost|p1a: Ceruledge|atk|2
|move|p2a: Skarmory|Roost|p2a: Skarmory
|-heal|p2a: Skarmory|57/100
|-singleturn|p2a: Skarmory|move: Roost
|
|-heal|p2a: Skarmory|63/100|[from] item: Leftovers
|upkeep
|turn|5
|
|t:|1781400666
|switch|p2a: Heatran|Heatran, M, shiny|100/100
|move|p1a: Ceruledge|Bitter Blade|p2a: Heatran
|-start|p2a: Heatran|ability: Flash Fire
|
|upkeep
|turn|6
|
|t:|1781400668
|move|p1a: Ceruledge|Poltergeist|p2a: Heatran
|-activate|p2a: Heatran|move: Poltergeist|Blunder Policy
|-damage|p2a: Heatran|0 fnt
|faint|p2a: Heatran
|
|upkeep
|
|t:|1781400671
|switch|p2a: Tyranitar|Tyranitar, M|100/100
|-weather|Sandstorm|[from] ability: Sand Stream|[of] p2a: Tyranitar
|turn|7
|
|t:|1781400673
|move|p1a: Ceruledge|Bitter Blade|p2a: Tyranitar
|-resisted|p2a: Tyranitar
|-damage|p2a: Tyranitar|57/100
|move|p2a: Tyranitar|Knock Off|p1a: Ceruledge
|-supereffective|p1a: Ceruledge
|-crit|p1a: Ceruledge
|-damage|p1a: Ceruledge|0 fnt
|-enditem|p1a: Ceruledge|Air Balloon
|faint|p1a: Ceruledge
|-damage|p2a: Tyranitar|47/100|[from] item: Life Orb
|
|-weather|Sandstorm|[upkeep]
|upkeep
|
|t:|1781400682
|switch|p1a: Garchomp|Garchomp, F|100/100
|turn|8
|
|t:|1781400704
|move|p1a: Garchomp|Scale Shot|p2a: Tyranitar
|-damage|p2a: Tyranitar|32/100
|-damage|p2a: Tyranitar|19/100
|-damage|p2a: Tyranitar|5/100
|-damage|p2a: Tyranitar|0 fnt
|faint|p2a: Tyranitar
|-hitcount|p2: Tyranitar|4
|-unboost|p1a: Garchomp|def|1
|-boost|p1a: Garchomp|spe|1
|
|-weather|Sandstorm|[upkeep]
|upkeep
|
|t:|1781400708
|switch|p2a: Skarmory|Skarmory, M, shiny|63/100
|turn|9
|
|t:|1781400711
|move|p1a: Garchomp|Swords Dance|p1a: Garchomp
|-boost|p1a: Garchomp|atk|2
|move|p2a: Skarmory|Iron Defense|p2a: Skarmory
|-boost|p2a: Skarmory|def|2
|
|-weather|Sandstorm|[upkeep]
|-heal|p2a: Skarmory|69/100|[from] item: Leftovers
|upkeep
|turn|10
|
|t:|1781400723
|switch|p1a: Iron Valiant|Iron Valiant|100/100
|-enditem|p1a: Iron Valiant|Booster Energy
|-activate|p1a: Iron Valiant|ability: Quark Drive|[fromitem]
|-start|p1a: Iron Valiant|quarkdrivespe
|move|p2a: Skarmory|Iron Defense|p2a: Skarmory
|-boost|p2a: Skarmory|def|2
|
|-weather|Sandstorm|[upkeep]
|-damage|p1a: Iron Valiant|94/100|[from] Sandstorm
|-heal|p2a: Skarmory|75/100|[from] item: Leftovers
|upkeep
|turn|11
|
|t:|1781400726
|-terastallize|p2a: Skarmory|Ground
|move|p1a: Iron Valiant|Encore|p2a: Skarmory
|-start|p2a: Skarmory|Encore
|move|p2a: Skarmory|Iron Defense|p2a: Skarmory
|-boost|p2a: Skarmory|def|2
|
|-weather|none
|-heal|p2a: Skarmory|81/100|[from] item: Leftovers
|upkeep
|turn|12
|
|t:|1781400729
|switch|p2a: Moltres|Moltres|100/100
|move|p1a: Iron Valiant|Calm Mind|p1a: Iron Valiant
|-boost|p1a: Iron Valiant|spa|1
|-boost|p1a: Iron Valiant|spd|1
|
|upkeep
|turn|13
|
|t:|1781400732
|move|p1a: Iron Valiant|Shadow Ball|p2a: Moltres
|-damage|p2a: Moltres|56/100
|-unboost|p2a: Moltres|spd|1
|move|p2a: Moltres|Overheat|p1a: Iron Valiant
|-damage|p1a: Iron Valiant|9/100
|-unboost|p2a: Moltres|spa|2
|
|upkeep
|turn|14
|
|t:|1781400735
|move|p1a: Iron Valiant|Shadow Ball|p2a: Moltres
|-damage|p2a: Moltres|0 fnt
|faint|p2a: Moltres
|
|upkeep
|
|t:|1781400753
|switch|p2a: Skarmory|Skarmory, M, shiny, tera:Ground|81/100
|turn|15
|
|t:|1781400756
|move|p1a: Iron Valiant|Moonblast|p2a: Skarmory
|-damage|p2a: Skarmory|0 fnt
|faint|p2a: Skarmory
|
|win|rockeater9000
|raw|rockeater9000's rating: 1632 &rarr; <strong>1651</strong><br />(+19 for winning)
|raw|Voltaris33's rating: 1614 &rarr; <strong>1595</strong><br />(-19 for losing)
|l|☆Voltaris33
|player|p2|
|l|☆rockeater9000
|player|p1|
|j|☆rockeater9000
|player|p1|rockeater9000|265|
