|j|☆Kochu_shak
|j|☆dilf huntr
|t:|1781327841
|gametype|singles
|player|p1|Kochu_shak|101|1776
|player|p2|dilf huntr|170|1681
|gen|9
|tier|[Gen 9] OU
|rated|
|rule|HP Percentage Mod: HP is shown in percentages
|rule|Endless Battle Clause: Forcing endless battles is banned
|rule|Species Clause: Limit one of each Pokémon
|rule|OHKO Clause: OHKO moves are banned
|rule|Evasion Items Clause: Evasion items are banned
|rule|Evasion Moves Clause: Evasion moves are banned
|rule|Evasion Abilities Clause: Evasion abilities are banned
|rule|Sleep Moves Clause: Sleep-inducing moves are banned
|clearpoke
|poke|p1|Araquanid, F|
|poke|p1|Gholdengo|
|poke|p1|Iron Moth|
|poke|p1|Iron Valiant|
|poke|p1|Raging Bolt|
|poke|p1|Kingambit, F|
|poke|p2|Ninetales, M|
|poke|p2|Typhlosion-Hisui, F|
|poke|p2|Venusaur, M|
|poke|p2|Great Tusk|
|poke|p2|Garganacl, F|
|poke|p2|Walking Wake|
|teampreview
|inactive|Battle timer is ON: inactive players will automatically lose when time's up. (requested by dilf huntr)
|inactive|Kochu_shak also wants the timer to be on.
|j| tatam1 galaxy‽
|inactive|Kochu_shak has 120 seconds left.
|
|t:|1781327884
|teamsize|p1|6
|teamsize|p2|6
|start
|switch|p1a: QUIL|Araquanid, F|100/100
|switch|p2a: Ninetales|Ninetales, M|100/100
|-weather|SunnyDay|[from] ability: Drought|[of] p2a: Ninetales
|turn|1
|l|☆Kochu_shak
|inactive|Kochu_shak disconnected and has a minute to reconnect!
|player|p1|
|j|☆Kochu_shak
|inactive|Kochu_shak reconnected and has 145 seconds left.
|player|p1|Kochu_shak|101|
|
|t:|1781327897
|switch|p2a: Venusaur|Venusaur, M|100/100
|move|p1a: QUIL|Sticky Web|p2a: Venusaur
|-sidestart|p2: dilf huntr|move: Sticky Web
|
|-weather|SunnyDay|[upkeep]
|upkeep
|turn|2
|
|t:|1781327905
|move|p2a: Venusaur|Sludge Bomb|p1a: QUIL
|-damage|p1a: QUIL|65/100
|-damage|p2a: Venusaur|91/100|[from] item: Life Orb
|move|p1a: QUIL|Lunge|p2a: Venusaur
|-damage|p2a: Venusaur|62/100
|-unboost|p2a: Venusaur|atk|1
|
|-weather|SunnyDay|[upkeep]
|upkeep
|turn|3
|
|t:|1781327914
|move|p2a: Venusaur|Sludge Bomb|p1a: QUIL
|-damage|p1a: QUIL|33/100
|-damage|p2a: Venusaur|52/100|[from] item: Life Orb
|move|p1a: QUIL|Lunge|p2a: Venusaur
|-damage|p2a: Venusaur|25/100
|-unboost|p2a: Venusaur|atk|1
|
|-weather|SunnyDay|[upkeep]
|upkeep
|turn|4
|
|t:|1781327922
|move|p2a: Venusaur|Solar Beam||[still]
|-prepare|p2a: Venusaur|Solar Beam
|-anim|p2a: Venusaur|Solar Beam|p1a: QUIL
|-damage|p1a: QUIL|0 fnt
|faint|p1a: QUIL
|-damage|p2a: Venusaur|15/100|[from] item: Life Orb
|
|-weather|SunnyDay|[upkeep]
|upkeep
|inactive|Kochu_shak has 120 seconds left.
|
|t:|1781327969
|switch|p1a: QUZZ|Iron Valiant|100/100
|-enditem|p1a: QUZZ|Booster Energy
|-activate|p1a: QUZZ|ability: Quark Drive|[fromitem]
|-start|p1a: QUZZ|quarkdrivespa
|turn|5
|
|t:|1781327976
|move|p1a: QUZZ|Vacuum Wave|p2a: Venusaur
|-resisted|p2a: Venusaur
|-damage|p2a: Venusaur|0 fnt
|faint|p2a: Venusaur
|
|-weather|SunnyDay|[upkeep]
|upkeep
|inactive|dilf huntr has 120 seconds left.
|
|t:|1781328020
|switch|p2a: Garganacl|Garganacl, F|100/100
|-activate|p2a: Garganacl|move: Sticky Web
|-unboost|p2a: Garganacl|spe|1
|turn|6
|inactive|Kochu_shak has 120 seconds left.
|inactive|Kochu_shak has 90 seconds left.
|
|t:|1781328068
|move|p1a: QUZZ|Calm Mind|p1a: QUZZ
|-boost|p1a: QUZZ|spa|1
|-boost|p1a: QUZZ|spd|1
|move|p2a: Garganacl|Iron Defense|p2a: Garganacl
|-boost|p2a: Garganacl|def|2
|
|-weather|SunnyDay|[upkeep]
|upkeep
|turn|7
|
|t:|1781328072
|move|p2a: Garganacl|Protect|p2a: Garganacl
|-singleturn|p2a: Garganacl|Protect
|move|p1a: QUZZ|Moonblast|p2a: Garganacl
|-activate|p2a: Garganacl|move: Protect
|
|-weather|SunnyDay|[upkeep]
|upkeep
|turn|8
|
|t:|1781328076
|move|p1a: QUZZ|Moonblast|p2a: Garganacl
|-damage|p2a: Garganacl|32/100
|-unboost|p2a: Garganacl|spa|1
|move|p2a: Garganacl|Salt Cure|p1a: QUZZ
|-resisted|p1a: QUZZ
|-damage|p1a: QUZZ|92/100
|-start|p1a: QUZZ|Salt Cure
|
|-weather|none
|-heal|p2a: Garganacl|38/100|[from] item: Leftovers
|-damage|p1a: QUZZ|79/100|[from] Salt Cure
|upkeep
|turn|9
|
|t:|1781328086
|move|p1a: QUZZ|Calm Mind|p1a: QUZZ
|-boost|p1a: QUZZ|spa|1
|-boost|p1a: QUZZ|spd|1
|move|p2a: Garganacl|Salt Cure|p1a: QUZZ
|-resisted|p1a: QUZZ
|-damage|p1a: QUZZ|70/100
|
|-heal|p2a: Garganacl|44/100|[from] item: Leftovers
|-damage|p1a: QUZZ|57/100|[from] Salt Cure
|upkeep
|turn|10
|
|t:|1781328097
|move|p1a: QUZZ|Moonblast|p2a: Garganacl
|-damage|p2a: Garganacl|0 fnt
|faint|p2a: Garganacl
|
|-damage|p1a: QUZZ|45/100|[from] Salt Cure
|upkeep
|inactive|dilf huntr has 120 seconds left.
|-message|dilf huntr forfeited.
|
|win|Kochu_shak
|raw|Kochu_shak's rating: 1776 &rarr; <strong>1791</strong><br />(+15 for winning)
|raw|dilf huntr's rating: 1681 &rarr; <strong>1666</strong><br />(-15 for losing)
|l|☆dilf huntr
|player|p2|
|l| tatam1 galaxy‽
|j| tatam1 galaxy‽
|l| tatam1 galaxy‽
|j| tatam1 galaxy‽
|l| tatam1 galaxy‽
