|badge|p1|bronze|gen9ubers|100-9
|uhtml|medal-msg|<div class="broadcast-blue">Curious what those medals under the avatar are? PS now has Ladder Seasons! For more information, check out the <a href="https://www.smogon.com/forums/threads/3740067/">thread on Smogon.</a></div>
|j|☆itztrip
|j|☆KurisuChestnutOU
|t:|1781121140
|gametype|singles
|player|p1|itztrip|proton|1596
|player|p2|KurisuChestnutOU|2|1620
|gen|9
|tier|[Gen 9] OU
|rated|
|rule|HP Percentage Mod: HP is shown in percentages
|rule|Endless Battle Clause: Forcing endless battles is banned
|rule|Species Clause: Limit one of each Pokémon
|rule|OHKO Clause: OHKO moves are banned
|rule|Evasion Items Clause: Evasion items are banned
|rule|Evasion Moves Clause: Evasion moves are banned
|rule|Evasion Abilities Clause: Evasion abilities are banned
|rule|Sleep Moves Clause: Sleep-inducing moves are banned
|clearpoke
|poke|p1|Gliscor, F|
|poke|p1|Gholdengo|
|poke|p1|Dragonite, F|
|poke|p1|Ting-Lu|
|poke|p1|Darkrai|
|poke|p1|Zamazenta-*|
|poke|p2|Gliscor, F|
|poke|p2|Dondozo, F|
|poke|p2|Slowking-Galar, F|
|poke|p2|Gholdengo|
|poke|p2|Great Tusk|
|poke|p2|Kingambit, M|
|teampreview
|inactive|Battle timer is ON: inactive players will automatically lose when time's up. (requested by itztrip)
|
|t:|1781121145
|teamsize|p1|6
|teamsize|p2|6
|start
|switch|p1a: Darkrai|Darkrai|100/100
|switch|p2a: Dondozo|Dondozo, F|100/100
|turn|1
|inactive|KurisuChestnutOU also wants the timer to be on.
|
|t:|1781121150
|move|p1a: Darkrai|Knock Off|p2a: Dondozo
|-damage|p2a: Dondozo|89/100
|-enditem|p2a: Dondozo|Leftovers|[from] move: Knock Off|[of] p1a: Darkrai
|move|p2a: Dondozo|Wave Crash|p1a: Darkrai
|-damage|p1a: Darkrai|45/100
|-damage|p2a: Dondozo|78/100|[from] Recoil
|
|upkeep
|turn|2
|
|t:|1781121158
|move|p1a: Darkrai|Will-O-Wisp|p2a: Dondozo
|-status|p2a: Dondozo|brn
|move|p2a: Dondozo|Wave Crash|p1a: Darkrai
|-damage|p1a: Darkrai|17/100
|-damage|p2a: Dondozo|73/100 brn|[from] Recoil
|
|-damage|p2a: Dondozo|67/100 brn|[from] brn
|upkeep
|turn|3
|
|t:|1781121162
|move|p1a: Darkrai|Dark Pulse|p2a: Dondozo
|-damage|p2a: Dondozo|28/100 brn
|cant|p2a: Dondozo|flinch
|
|-damage|p2a: Dondozo|22/100 brn|[from] brn
|upkeep
|turn|4
|
|t:|1781121167
|switch|p2a: Slowking|Slowking-Galar, F|100/100
|move|p1a: Darkrai|Dark Pulse|p2a: Slowking
|-supereffective|p2a: Slowking
|-damage|p2a: Slowking|65/100
|
|upkeep
|turn|5
|
|t:|1781121171
|switch|p2a: Dondozo|Dondozo, F|22/100 brn
|move|p1a: Darkrai|Knock Off|p2a: Dondozo
|-damage|p2a: Dondozo|14/100 brn
|
|-damage|p2a: Dondozo|8/100 brn|[from] brn
|upkeep
|turn|6
|
|t:|1781121174
|switch|p2a: Kingambit|Kingambit, M|100/100
|move|p1a: Darkrai|Dark Pulse|p2a: Kingambit
|-resisted|p2a: Kingambit
|-damage|p2a: Kingambit|77/100
|
|-heal|p2a: Kingambit|83/100|[from] item: Leftovers
|upkeep
|turn|7
|
|t:|1781121180
|-end|p2a: Kingambit|fallenundefined|[silent]
|switch|p2a: Dondozo|Dondozo, F|8/100 brn
|move|p1a: Darkrai|Will-O-Wisp|p2a: Dondozo
|-fail|p2a: Dondozo|brn
|
|-damage|p2a: Dondozo|2/100 brn|[from] brn
|upkeep
|turn|8
|
|t:|1781121183
|move|p1a: Darkrai|Dark Pulse|p2a: Dondozo
|-damage|p2a: Dondozo|0 fnt
|faint|p2a: Dondozo
|
|upkeep
|
|t:|1781121186
|switch|p2a: Slowking|Slowking-Galar, F|99/100
|turn|9
|
|t:|1781121192
|switch|p1a: Gholdengo|Gholdengo|100/100
|move|p2a: Slowking|Flamethrower|p1a: Gholdengo
|-supereffective|p1a: Gholdengo
|-damage|p1a: Gholdengo|48/100
|
|upkeep
|turn|10
|
|t:|1781121199
|move|p1a: Gholdengo|Trick|p2a: Slowking
|-activate|p1a: Gholdengo|move: Trick|[of] p2a: Slowking
|-item|p2a: Slowking|Choice Scarf|[from] move: Trick
|-item|p1a: Gholdengo|Assault Vest|[from] move: Trick
|move|p2a: Slowking|Flamethrower|p1a: Gholdengo
|-supereffective|p1a: Gholdengo
|-damage|p1a: Gholdengo|15/100
|
|upkeep
|turn|11
|
|t:|1781121204
|switch|p1a: Gliscor|Gliscor, F|100/100
|move|p2a: Slowking|Flamethrower|p1a: Gliscor
|-damage|p1a: Gliscor|72/100
|
|-status|p1a: Gliscor|tox|[from] item: Toxic Orb
|upkeep
|turn|12
|
|t:|1781121208
|switch|p2a: Gholdengo|Gholdengo|100/100
|-item|p2a: Gholdengo|Air Balloon
|move|p1a: Gliscor|Protect||[still]
|-fail|p1a: Gliscor
|
|-heal|p1a: Gliscor|85/100 tox|[from] ability: Poison Heal
|upkeep
|turn|13
|
|t:|1781121212
|switch|p1a: Ting-Lu|Ting-Lu|100/100
|-ability|p1a: Ting-Lu|Vessel of Ruin
|move|p2a: Gholdengo|Shadow Ball|p1a: Ting-Lu
|-resisted|p1a: Ting-Lu
|-damage|p1a: Ting-Lu|92/100
|
|-heal|p1a: Ting-Lu|99/100|[from] item: Leftovers
|upkeep
|turn|14
|
|t:|1781121216
|switch|p2a: Gliscor|Gliscor, F|100/100
|move|p1a: Ting-Lu|Ruination|p2a: Gliscor
|-damage|p2a: Gliscor|50/100
|
|-heal|p1a: Ting-Lu|100/100|[from] item: Leftovers
|-status|p2a: Gliscor|tox|[from] item: Toxic Orb
|upkeep
|turn|15
|
|t:|1781121220
|move|p2a: Gliscor|Spikes|p1a: Ting-Lu
|-sidestart|p1: itztrip|Spikes
|move|p1a: Ting-Lu|Stealth Rock|p2a: Gliscor
|-sidestart|p2: KurisuChestnutOU|move: Stealth Rock
|
|-heal|p2a: Gliscor|63/100 tox|[from] ability: Poison Heal
|upkeep
|turn|16
|
|t:|1781121225
|move|p2a: Gliscor|Spikes|p1a: Ting-Lu
|-sidestart|p1: itztrip|Spikes
|move|p1a: Ting-Lu|Whirlwind|p2a: Gliscor
|drag|p2a: Kingambit|Kingambit, M|83/100
|-damage|p2a: Kingambit|77/100|[from] Stealth Rock
|-activate|p2a: Kingambit|ability: Supreme Overlord
|-start|p2a: Kingambit|fallen1|[silent]
|
|-heal|p2a: Kingambit|83/100|[from] item: Leftovers
|upkeep
|turn|17
|
|t:|1781121230
|move|p2a: Kingambit|Low Kick|p1a: Ting-Lu
|-supereffective|p1a: Ting-Lu
|-damage|p1a: Ting-Lu|42/100
|move|p1a: Ting-Lu|Whirlwind|p2a: Kingambit
|-end|p2a: Kingambit|fallen1|[silent]
|drag|p2a: Slowking|Slowking-Galar, F|100/100
|-damage|p2a: Slowking|88/100|[from] Stealth Rock
|
|-heal|p1a: Ting-Lu|48/100|[from] item: Leftovers
|upkeep
|turn|18
|
|t:|1781121235
|switch|p2a: Gliscor|Gliscor, F|63/100 tox
|-damage|p2a: Gliscor|50/100 tox|[from] Stealth Rock
|move|p1a: Ting-Lu|Earthquake|p2a: Gliscor
|-immune|p2a: Gliscor
|
|-heal|p1a: Ting-Lu|54/100|[from] item: Leftovers
|-heal|p2a: Gliscor|63/100 tox|[from] ability: Poison Heal
|upkeep
|turn|19
|
|t:|1781121241
|switch|p1a: Gliscor|Gliscor, F|85/100 tox
|move|p2a: Gliscor|Knock Off|p1a: Gliscor
|-damage|p1a: Gliscor|71/100 tox
|-enditem|p1a: Gliscor|Toxic Orb|[from] move: Knock Off|[of] p2a: Gliscor
|
|-heal|p2a: Gliscor|75/100 tox|[from] ability: Poison Heal
|-heal|p1a: Gliscor|83/100 tox|[from] ability: Poison Heal
|upkeep
|turn|20
|
|t:|1781121245
|move|p2a: Gliscor|Spikes|p1a: Gliscor
|-sidestart|p1: itztrip|Spikes
|move|p1a: Gliscor|Spikes|p2a: Gliscor
|-sidestart|p2: KurisuChestnutOU|Spikes
|
|-heal|p2a: Gliscor|88/100 tox|[from] ability: Poison Heal
|-heal|p1a: Gliscor|96/100 tox|[from] ability: Poison Heal
|upkeep
|turn|21
|
|t:|1781121248
|switch|p2a: Great Tusk|Great Tusk|100/100
|move|p1a: Gliscor|Spikes|p2a: Great Tusk
|-sidestart|p2: KurisuChestnutOU|Spikes
|
|-heal|p1a: Gliscor|100/100 tox|[from] ability: Poison Heal
|upkeep
|turn|22
|
|t:|1781121254
|move|p2a: Great Tusk|Rapid Spin|p1a: Gliscor
|-damage|p1a: Gliscor|89/100 tox
|-boost|p2a: Great Tusk|spe|1
|-sideend|p2: KurisuChestnutOU|Spikes|[from] move: Rapid Spin|[of] p2a: Great Tusk
|-sideend|p2: KurisuChestnutOU|Stealth Rock|[from] move: Rapid Spin|[of] p2a: Great Tusk
|move|p1a: Gliscor|Toxic|p2a: Great Tusk
|-status|p2a: Great Tusk|tox
|
|-damage|p2a: Great Tusk|94/100 tox|[from] psn
|-heal|p1a: Gliscor|100/100 tox|[from] ability: Poison Heal
|upkeep
|turn|23
|
|t:|1781121257
|move|p1a: Gliscor|Protect|p1a: Gliscor
|-singleturn|p1a: Gliscor|Protect
|move|p2a: Great Tusk|Ice Spinner|p1a: Gliscor
|-activate|p1a: Gliscor|move: Protect
|
|-damage|p2a: Great Tusk|82/100 tox|[from] psn
|upkeep
|turn|24
|
|t:|1781121260
|move|p2a: Great Tusk|Ice Spinner|p1a: Gliscor
|-supereffective|p1a: Gliscor
|-damage|p1a: Gliscor|36/100 tox
|move|p1a: Gliscor|Spikes|p2a: Great Tusk
|-sidestart|p2: KurisuChestnutOU|Spikes
|
|-damage|p2a: Great Tusk|63/100 tox|[from] psn
|-heal|p1a: Gliscor|48/100 tox|[from] ability: Poison Heal
|upkeep
|turn|25
|
|t:|1781121265
|-end|p2a: Great Tusk|Protosynthesis|[silent]
|switch|p2a: Gholdengo|Gholdengo|100/100
|-item|p2a: Gholdengo|Air Balloon
|move|p1a: Gliscor|Protect||[still]
|-fail|p1a: Gliscor
|
|-heal|p1a: Gliscor|61/100 tox|[from] ability: Poison Heal
|upkeep
|turn|26
|
|t:|1781121270
|switch|p1a: Gholdengo|Gholdengo|15/100
|-damage|p1a: Gholdengo|0 fnt|[from] Spikes
|faint|p1a: Gholdengo
|move|p2a: Gholdengo|Nasty Plot|p2a: Gholdengo
|-boost|p2a: Gholdengo|spa|2
|
|upkeep
|
|t:|1781121272
|switch|p1a: Darkrai|Darkrai|17/100
|turn|27
|
|t:|1781121278
|switch|p2a: Kingambit|Kingambit, M|83/100
|-damage|p2a: Kingambit|71/100|[from] Spikes
|-activate|p2a: Kingambit|ability: Supreme Overlord
|-start|p2a: Kingambit|fallen1|[silent]
|move|p1a: Darkrai|Dark Pulse|p2a: Kingambit
|-resisted|p2a: Kingambit
|-damage|p2a: Kingambit|46/100
|
|-heal|p2a: Kingambit|52/100|[from] item: Leftovers
|upkeep
|turn|28
|
|t:|1781121285
|move|p1a: Darkrai|Will-O-Wisp|p2a: Kingambit
|-status|p2a: Kingambit|brn
|move|p2a: Kingambit|Iron Head|p1a: Darkrai
|-damage|p1a: Darkrai|0 fnt
|faint|p1a: Darkrai
|
|-heal|p2a: Kingambit|58/100 brn|[from] item: Leftovers
|-damage|p2a: Kingambit|52/100 brn|[from] brn
|upkeep
|
|t:|1781121295
|switch|p1a: Ting-Lu|Ting-Lu|54/100
|-damage|p1a: Ting-Lu|29/100|[from] Spikes
|-ability|p1a: Ting-Lu|Vessel of Ruin
|turn|29
|
|t:|1781121301
|-end|p2a: Kingambit|fallen1|[silent]
|switch|p2a: Gholdengo|Gholdengo|100/100
|-item|p2a: Gholdengo|Air Balloon
|move|p1a: Ting-Lu|Stealth Rock|p2a: Gholdengo
|-sidestart|p2: KurisuChestnutOU|move: Stealth Rock
|
|-heal|p1a: Ting-Lu|36/100|[from] item: Leftovers
|upkeep
|turn|30
|
|t:|1781121307
|move|p2a: Gholdengo|Nasty Plot|p2a: Gholdengo
|-boost|p2a: Gholdengo|spa|2
|move|p1a: Ting-Lu|Ruination|p2a: Gholdengo
|-damage|p2a: Gholdengo|51/100
|-enditem|p2a: Gholdengo|Air Balloon
|
|-heal|p1a: Ting-Lu|42/100|[from] item: Leftovers
|upkeep
|turn|31
|
|t:|1781121312
|move|p2a: Gholdengo|Make It Rain|p1a: Ting-Lu
|-damage|p1a: Ting-Lu|0 fnt
|-unboost|p2a: Gholdengo|spa|1
|faint|p1a: Ting-Lu
|
|upkeep
|
|t:|1781121316
|switch|p1a: Dragonite|Dragonite, F|100/100
|turn|32
|
|t:|1781121319
|move|p2a: Gholdengo|Make It Rain|p1a: Dragonite
|-damage|p1a: Dragonite|54/100
|-unboost|p2a: Gholdengo|spa|1
|move|p1a: Dragonite|Dragon Dance|p1a: Dragonite
|-boost|p1a: Dragonite|atk|1
|-boost|p1a: Dragonite|spe|1
|
|upkeep
|turn|33
|
|t:|1781121324
|move|p1a: Dragonite|Roost|p1a: Dragonite
|-heal|p1a: Dragonite|100/100
|-singleturn|p1a: Dragonite|move: Roost
|move|p2a: Gholdengo|Make It Rain|p1a: Dragonite
|-damage|p1a: Dragonite|71/100
|-unboost|p2a: Gholdengo|spa|1
|
|upkeep
|turn|34
|
|t:|1781121332
|move|p1a: Dragonite|Dragon Dance|p1a: Dragonite
|-boost|p1a: Dragonite|atk|1
|-boost|p1a: Dragonite|spe|1
|move|p2a: Gholdengo|Recover|p2a: Gholdengo
|-heal|p2a: Gholdengo|100/100
|
|upkeep
|turn|35
|
|t:|1781121336
|move|p1a: Dragonite|Roost|p1a: Dragonite
|-heal|p1a: Dragonite|100/100
|-singleturn|p1a: Dragonite|move: Roost
|move|p2a: Gholdengo|Shadow Ball|p1a: Dragonite
|-damage|p1a: Dragonite|88/100
|
|upkeep
|turn|36
|
|t:|1781121340
|switch|p2a: Gliscor|Gliscor, F|88/100 tox
|-damage|p2a: Gliscor|75/100 tox|[from] Stealth Rock
|move|p1a: Dragonite|Dragon Dance|p1a: Dragonite
|-boost|p1a: Dragonite|atk|1
|-boost|p1a: Dragonite|spe|1
|
|-heal|p2a: Gliscor|88/100 tox|[from] ability: Poison Heal
|upkeep
|turn|37
|
|t:|1781121343
|-terastallize|p1a: Dragonite|Normal
|move|p1a: Dragonite|Extreme Speed|p2a: Gliscor
|-damage|p2a: Gliscor|17/100 tox
|move|p2a: Gliscor|Knock Off|p1a: Dragonite
|-damage|p1a: Dragonite|68/100
|-enditem|p1a: Dragonite|Heavy-Duty Boots|[from] move: Knock Off|[of] p2a: Gliscor
|
|-heal|p2a: Gliscor|30/100 tox|[from] ability: Poison Heal
|upkeep
|turn|38
|
|t:|1781121348
|move|p2a: Gliscor|Protect|p2a: Gliscor
|-singleturn|p2a: Gliscor|Protect
|move|p1a: Dragonite|Roost|p1a: Dragonite
|-heal|p1a: Dragonite|100/100
|
|-heal|p2a: Gliscor|42/100 tox|[from] ability: Poison Heal
|upkeep
|turn|39
|
|t:|1781121355
|switch|p2a: Gholdengo|Gholdengo|100/100
|-damage|p2a: Gholdengo|88/100|[from] Spikes
|-damage|p2a: Gholdengo|82/100|[from] Stealth Rock
|move|p1a: Dragonite|Extreme Speed|p2a: Gholdengo
|-immune|p2a: Gholdengo
|
|upkeep
|turn|40
|
|t:|1781121358
|switch|p2a: Gliscor|Gliscor, F|42/100 tox
|-damage|p2a: Gliscor|30/100 tox|[from] Stealth Rock
|move|p1a: Dragonite|Extreme Speed|p2a: Gliscor
|-damage|p2a: Gliscor|0 fnt
|faint|p2a: Gliscor
|
|upkeep
|
|t:|1781121361
|switch|p2a: Kingambit|Kingambit, M|52/100 brn
|-damage|p2a: Kingambit|39/100 brn|[from] Spikes
|-damage|p2a: Kingambit|33/100 brn|[from] Stealth Rock
|-activate|p2a: Kingambit|ability: Supreme Overlord
|-start|p2a: Kingambit|fallen2|[silent]
|turn|41
|
|t:|1781121363
|move|p2a: Kingambit|Sucker Punch|p1a: Dragonite
|-damage|p1a: Dragonite|88/100
|move|p1a: Dragonite|Earthquake|p2a: Kingambit
|-supereffective|p2a: Kingambit
|-damage|p2a: Kingambit|0 fnt
|faint|p2a: Kingambit
|-end|p2a: Kingambit|fallen2|[silent]
|
|upkeep
|
|t:|1781121371
|switch|p2a: Great Tusk|Great Tusk|63/100 tox
|turn|42
|
|t:|1781121381
|-end|p2a: Great Tusk|Protosynthesis|[silent]
|switch|p2a: Slowking|Slowking-Galar, F|100/100
|-damage|p2a: Slowking|88/100|[from] Spikes
|-damage|p2a: Slowking|76/100|[from] Stealth Rock
|move|p1a: Dragonite|Extreme Speed|p2a: Slowking
|-damage|p2a: Slowking|0 fnt
|faint|p2a: Slowking
|
|upkeep
|
|t:|1781121384
|switch|p2a: Great Tusk|Great Tusk|63/100 tox
|turn|43
|
|t:|1781121389
|move|p1a: Dragonite|Extreme Speed|p2a: Great Tusk
|-damage|p2a: Great Tusk|0 fnt
|faint|p2a: Great Tusk
|-end|p2a: Great Tusk|Protosynthesis|[silent]
|
|upkeep
|
|t:|1781121395
|switch|p2a: Gholdengo|Gholdengo|82/100
|-damage|p2a: Gholdengo|70/100|[from] Spikes
|-damage|p2a: Gholdengo|64/100|[from] Stealth Rock
|turn|44
|
|t:|1781121408
|-terastallize|p2a: Gholdengo|Flying
|move|p1a: Dragonite|Earthquake|p2a: Gholdengo
|-immune|p2a: Gholdengo
|move|p2a: Gholdengo|Make It Rain|p1a: Dragonite
|-damage|p1a: Dragonite|30/100
|-unboost|p2a: Gholdengo|spa|1
|
|upkeep
|turn|45
|
|t:|1781121412
|move|p1a: Dragonite|Extreme Speed|p2a: Gholdengo
|-damage|p2a: Gholdengo|0 fnt
|faint|p2a: Gholdengo
|
|win|itztrip
|raw|itztrip's rating: 1596 &rarr; <strong>1617</strong><br />(+21 for winning)
|raw|KurisuChestnutOU's rating: 1620 &rarr; <strong>1599</strong><br />(-21 for losing)
