|badge|p2|bronze|gen9ou|100-9
|uhtml|medal-msg|<div class="broadcast-blue">Curious what those medals under the avatar are? PS now has Ladder Seasons! For more information, check out the <a href="https://www.smogon.com/forums/threads/3740067/">thread on Smogon.</a></div>
|j|☆miaoTV-青
|j|☆thelarpinglarper
|t:|1781589154
|gametype|singles
|player|p1|miaoTV-青|elesa|1645
|player|p2|thelarpinglarper|sordward|1661
|gen|9
|tier|[Gen 9] OU
|rated|
|rule|HP Percentage Mod: HP is shown in percentages
|rule|Endless Battle Clause: Forcing endless battles is banned
|rule|Species Clause: Limit one of each Pokémon
|rule|OHKO Clause: OHKO moves are banned
|rule|Evasion Items Clause: Evasion items are banned
|rule|Evasion Moves Clause: Evasion moves are banned
|rule|Evasion Abilities Clause: Evasion abilities are banned
|rule|Sleep Moves Clause: Sleep-inducing moves are banned
|clearpoke
|poke|p1|Ogerpon-Wellspring, F|
|poke|p1|Dondozo, M|
|poke|p1|Cinderace, M|
|poke|p1|Landorus-Therian, M|
|poke|p1|Slowking-Galar, L99, F|
|poke|p1|Tyranitar, M|
|poke|p2|Samurott-Hisui, F|
|poke|p2|Iron Treads|
|poke|p2|Iron Valiant|
|poke|p2|Rotom-Wash|
|poke|p2|Iron Moth|
|poke|p2|Pecharunt|
|teampreview
|inactive|Battle timer is ON: inactive players will automatically lose when time's up. (requested by thelarpinglarper)
|
|t:|1781589170
|teamsize|p1|6
|teamsize|p2|6
|start
|switch|p1a: 林统帅(未坠机版)|Landorus-Therian, M|100/100
|switch|p2a: Iron Valiant|Iron Valiant|100/100
|-ability|p1a: 林统帅(未坠机版)|Intimidate|boost
|-unboost|p2a: Iron Valiant|atk|1
|turn|1
|j| roucer
|inactive|miaoTV-青 has 120 seconds left.
|
|t:|1781589220
|switch|p1a: 庆丰帝|Slowking-Galar, L99, F, shiny|100/100
|move|p2a: Iron Valiant|Moonblast|p1a: 庆丰帝
|-resisted|p1a: 庆丰帝
|-crit|p1a: 庆丰帝
|-damage|p1a: 庆丰帝|67/100
|-damage|p2a: Iron Valiant|90/100|[from] item: Life Orb
|
|upkeep
|turn|2
|inactive|thelarpinglarper has 120 seconds left.
|
|t:|1781589254
|move|p2a: Iron Valiant|Knock Off|p1a: 庆丰帝
|-supereffective|p1a: 庆丰帝
|-damage|p1a: 庆丰帝|22/100
|-damage|p2a: Iron Valiant|74/100|[from] item: Rocky Helmet|[of] p1a: 庆丰帝
|-enditem|p1a: 庆丰帝|Rocky Helmet|[from] move: Knock Off|[of] p2a: Iron Valiant
|-damage|p2a: Iron Valiant|64/100|[from] item: Life Orb
|-prepare|p1a: 庆丰帝|Chilly Reception|[premajor]
|move|p1a: 庆丰帝|Chilly Reception|p1a: 庆丰帝
|-weather|Snowscape
|
|t:|1781589266
|switch|p1a: 林统帅(未坠机版)|Landorus-Therian, M|100/100|[from] Chilly Reception
|-ability|p1a: 林统帅(未坠机版)|Intimidate|boost
|-unboost|p2a: Iron Valiant|atk|1
|
|-weather|Snowscape|[upkeep]
|upkeep
|turn|3
|
|t:|1781589275
|switch|p1a: 庆丰帝|Slowking-Galar, L99, F, shiny|55/100
|-end|p2a: Iron Valiant|Quark Drive|[silent]
|switch|p2a: Rotom|Rotom-Wash|100/100
|
|-weather|Snowscape|[upkeep]
|upkeep
|turn|4
|
|t:|1781589278
|move|p2a: Rotom|Volt Switch|p1a: 庆丰帝
|-damage|p1a: 庆丰帝|35/100
|
|t:|1781589281
|switch|p2a: Iron Moth|Iron Moth|100/100|[from] Volt Switch
|-prepare|p1a: 庆丰帝|Chilly Reception|[premajor]
|move|p1a: 庆丰帝|Chilly Reception|p1a: 庆丰帝
|
|t:|1781589288
|switch|p1a: 毛腊肉|Tyranitar, M|100/100|[from] Chilly Reception
|-weather|Sandstorm|[from] ability: Sand Stream|[of] p1a: 毛腊肉
|
|-weather|Sandstorm|[upkeep]
|-damage|p2a: Iron Moth|95/100|[from] Sandstorm
|upkeep
|turn|5
|
|t:|1781589294
|move|p2a: Iron Moth|U-turn|p1a: 毛腊肉
|-supereffective|p1a: 毛腊肉
|-damage|p1a: 毛腊肉|83/100
|
|t:|1781589309
|-end|p2a: Iron Moth|Quark Drive|[silent]
|switch|p2a: Rotom|Rotom-Wash|100/100|[from] U-turn
|move|p1a: 毛腊肉|Earth Power|p2a: Rotom
|-immune|p2a: Rotom|[from] ability: Levitate
|
|-weather|Sandstorm|[upkeep]
|-damage|p2a: Rotom|94/100|[from] Sandstorm
|upkeep
|turn|6
|
|t:|1781589319
|move|p2a: Rotom|Volt Switch|p1a: 毛腊肉
|-damage|p1a: 毛腊肉|73/100
|
|t:|1781589343
|switch|p2a: Iron Valiant|Iron Valiant|64/100|[from] Volt Switch
|move|p1a: 毛腊肉|Knock Off|p2a: Iron Valiant
|-resisted|p2a: Iron Valiant
|-damage|p2a: Iron Valiant|52/100
|-enditem|p2a: Iron Valiant|Life Orb|[from] move: Knock Off|[of] p1a: 毛腊肉
|
|-weather|Sandstorm|[upkeep]
|-damage|p2a: Iron Valiant|46/100|[from] Sandstorm
|upkeep
|turn|7
|
|t:|1781589367
|-end|p2a: Iron Valiant|Quark Drive|[silent]
|switch|p2a: Samurott|Samurott-Hisui, F|100/100
|switch|p1a: 庆丰帝|Slowking-Galar, L99, F, shiny|68/100
|
|-weather|Sandstorm|[upkeep]
|-damage|p2a: Samurott|94/100|[from] Sandstorm
|-damage|p1a: 庆丰帝|62/100|[from] Sandstorm
|upkeep
|turn|8
|
|t:|1781589378
|switch|p1a: 水晶棺|Dondozo, M|100/100
|move|p2a: Samurott|Razor Shell|p1a: 水晶棺
|-resisted|p1a: 水晶棺
|-damage|p1a: 水晶棺|84/100
|
|-weather|none
|upkeep
|turn|9
|
|t:|1781589386
|switch|p2a: Rotom|Rotom-Wash|94/100
|move|p1a: 水晶棺|Body Press|p2a: Rotom
|-crit|p2a: Rotom
|-damage|p2a: Rotom|60/100
|
|upkeep
|turn|10
|inactive|thelarpinglarper has 120 seconds left.
|
|t:|1781589418
|switch|p1a: 林统帅(未坠机版)|Landorus-Therian, M|100/100
|-ability|p1a: 林统帅(未坠机版)|Intimidate|boost
|-unboost|p2a: Rotom|atk|1
|move|p2a: Rotom|Volt Switch|p1a: 林统帅(未坠机版)
|-immune|p1a: 林统帅(未坠机版)
|
|upkeep
|turn|11
|inactive|thelarpinglarper has 120 seconds left.
|
|t:|1781589437
|move|p1a: 林统帅(未坠机版)|U-turn|p2a: Rotom
|-damage|p2a: Rotom|38/100
|
|t:|1781589446
|switch|p1a: 庆丰帝|Slowking-Galar, L99, F, shiny|96/100|[from] U-turn
|move|p2a: Rotom|Volt Switch|p1a: 庆丰帝
|-damage|p1a: 庆丰帝|74/100
|inactive|thelarpinglarper has 120 seconds left.
|
|t:|1781589458
|switch|p2a: Samurott|Samurott-Hisui, F|94/100|[from] Volt Switch
|
|upkeep
|turn|12
|inactive|thelarpinglarper has 120 seconds left.
|inactive|miaoTV-青 has 120 seconds left.
|
|t:|1781589488
|switch|p1a: 水晶棺|Dondozo, M|84/100
|move|p2a: Samurott|Ceaseless Edge|p1a: 水晶棺
|-damage|p1a: 水晶棺|53/100
|-sidestart|p1: miaoTV-青|Spikes
|
|upkeep
|turn|13
|inactive|thelarpinglarper has 120 seconds left.
|
|t:|1781589500
|switch|p2a: Rotom|Rotom-Wash|38/100
|move|p1a: 水晶棺|Wave Crash|p2a: Rotom
|-resisted|p2a: Rotom
|-damage|p2a: Rotom|23/100
|-damage|p1a: 水晶棺|50/100|[from] Recoil
|
|upkeep
|turn|14
|
|t:|1781589507
|move|p2a: Rotom|Volt Switch|p1a: 水晶棺
|-supereffective|p1a: 水晶棺
|-damage|p1a: 水晶棺|0 fnt
|faint|p1a: 水晶棺
|
|t:|1781589515
|switch|p2a: Iron Valiant|Iron Valiant|46/100|[from] Volt Switch
|
|upkeep
|
|t:|1781589524
|switch|p1a: 庆丰帝|Slowking-Galar, L99, F, shiny|100/100
|-damage|p1a: 庆丰帝|88/100|[from] Spikes
|turn|15
|inactive|thelarpinglarper has 120 seconds left.
|
|t:|1781589566
|move|p2a: Iron Valiant|Destiny Bond|p2a: Iron Valiant
|-singlemove|p2a: Iron Valiant|Destiny Bond
|move|p1a: 庆丰帝|Focus Blast|p2a: Iron Valiant|[miss]
|-miss|p1a: 庆丰帝|p2a: Iron Valiant
|
|upkeep
|turn|16
|
|t:|1781589577
|-end|p2a: Iron Valiant|Quark Drive|[silent]
|switch|p2a: Iron Treads|Iron Treads|100/100
|switch|p1a: 林统帅(未坠机版)|Landorus-Therian, M|100/100
|-ability|p1a: 林统帅(未坠机版)|Intimidate|boost
|-unboost|p2a: Iron Treads|atk|1
|
|upkeep
|turn|17
|
|t:|1781589588
|move|p1a: 林统帅(未坠机版)|Earthquake|p2a: Iron Treads
|-supereffective|p2a: Iron Treads
|-damage|p2a: Iron Treads|7/100
|move|p2a: Iron Treads|Knock Off|p1a: 林统帅(未坠机版)
|-damage|p1a: 林统帅(未坠机版)|83/100
|-enditem|p1a: 林统帅(未坠机版)|Choice Scarf|[from] move: Knock Off|[of] p2a: Iron Treads
|
|upkeep
|turn|18
|
|t:|1781589598
|-end|p2a: Iron Treads|Quark Drive|[silent]
|switch|p2a: Rotom|Rotom-Wash|23/100
|move|p1a: 林统帅(未坠机版)|U-turn|p2a: Rotom
|-crit|p2a: Rotom
|-damage|p2a: Rotom|0 fnt
|faint|p2a: Rotom
|
|t:|1781589602
|switch|p1a: 红小将|Cinderace, M|100/100|[from] U-turn
|
|upkeep
|
|t:|1781589622
|switch|p2a: Iron Moth|Iron Moth|95/100
|turn|19
|
|t:|1781589628
|switch|p1a: 毛腊肉|Tyranitar, M|73/100
|-damage|p1a: 毛腊肉|61/100|[from] Spikes
|-weather|Sandstorm|[from] ability: Sand Stream|[of] p1a: 毛腊肉
|move|p2a: Iron Moth|U-turn|p1a: 毛腊肉
|-supereffective|p1a: 毛腊肉
|-damage|p1a: 毛腊肉|43/100
|inactive|thelarpinglarper has 90 seconds left.
|
|t:|1781589650
|-end|p2a: Iron Moth|Quark Drive|[silent]
|switch|p2a: Samurott|Samurott-Hisui, F|94/100|[from] U-turn
|
|-weather|Sandstorm|[upkeep]
|-damage|p2a: Samurott|88/100|[from] Sandstorm
|upkeep
|turn|20
|l| roucer
|
|t:|1781589663
|move|p2a: Samurott|Ceaseless Edge|p1a: 毛腊肉
|-resisted|p1a: 毛腊肉
|-crit|p1a: 毛腊肉
|-damage|p1a: 毛腊肉|4/100
|-sidestart|p1: miaoTV-青|Spikes
|move|p1a: 毛腊肉|Thunderbolt|p2a: Samurott
|-supereffective|p2a: Samurott
|-damage|p2a: Samurott|11/100
|
|-weather|Sandstorm|[upkeep]
|-damage|p2a: Samurott|5/100|[from] Sandstorm
|upkeep
|turn|21
|inactive|thelarpinglarper has 90 seconds left.
|inactive|thelarpinglarper has 60 seconds left.
|
|t:|1781589710
|move|p2a: Samurott|Ceaseless Edge|p1a: 毛腊肉
|-resisted|p1a: 毛腊肉
|-damage|p1a: 毛腊肉|0 fnt
|-sidestart|p1: miaoTV-青|Spikes
|faint|p1a: 毛腊肉
|
|-weather|Sandstorm|[upkeep]
|-damage|p2a: Samurott|0 fnt|[from] Sandstorm
|faint|p2a: Samurott
|upkeep
|inactive|thelarpinglarper has 60 seconds left.
|l|☆miaoTV-青
|inactive|miaoTV-青 disconnected and has a minute to reconnect!
|player|p1|
|j|☆miaoTV-青
|inactive|miaoTV-青 reconnected and has 115 seconds left.
|player|p1|miaoTV-青|elesa|
|
|t:|1781589752
|switch|p2a: Iron Moth|Iron Moth|95/100
|switch|p1a: 红小将|Cinderace, M|100/100
|turn|22
|inactive|thelarpinglarper has 60 seconds left.
|
|t:|1781589775
|move|p1a: 红小将|Court Change|p1a: 红小将
|-start|p1a: 红小将|typechange|Normal|[from] ability: Libero
|-swapsideconditions
|-activate|p1a: 红小将|move: Court Change
|move|p2a: Iron Moth|Sludge Wave|p1a: 红小将
|-damage|p1a: 红小将|0 fnt
|faint|p1a: 红小将
|
|-weather|Sandstorm|[upkeep]
|-damage|p2a: Iron Moth|89/100|[from] Sandstorm
|upkeep
|
|t:|1781589779
|switch|p1a: 江母狗|Ogerpon-Wellspring, F|100/100
|turn|23
|inactive|thelarpinglarper has 30 seconds left.
|
|t:|1781589815
|-end|p2a: Iron Moth|Quark Drive|[silent]
|switch|p2a: Iron Treads|Iron Treads|7/100
|-terastallize|p1a: 江母狗|Water
|detailschange|p1a: 江母狗|Ogerpon-Wellspring-Tera, F, tera:Water
|-ability|p1a: 江母狗|Embody Aspect (Wellspring)|boost
|-boost|p1a: 江母狗|spd|1
|move|p1a: 江母狗|Ivy Cudgel|p2a: Iron Treads|[anim] Ivy Cudgel Water
|-supereffective|p2a: Iron Treads
|-damage|p2a: Iron Treads|0 fnt
|faint|p2a: Iron Treads
|-end|p2a: Iron Treads|Quark Drive|[silent]
|
|-weather|none
|upkeep
|inactive|thelarpinglarper has 30 seconds left this turn.
|
|t:|1781589821
|switch|p2a: Pecharunt|Pecharunt|100/100
|turn|24
|
|t:|1781589824
|switch|p1a: 林统帅(未坠机版)|Landorus-Therian, M|83/100
|-ability|p1a: 林统帅(未坠机版)|Intimidate|boost
|-unboost|p2a: Pecharunt|atk|1
|move|p2a: Pecharunt|Parting Shot|p1a: 林统帅(未坠机版)
|-unboost|p1a: 林统帅(未坠机版)|atk|1
|-unboost|p1a: 林统帅(未坠机版)|spa|1
|
|t:|1781589826
|switch|p2a: Iron Moth|Iron Moth|89/100|[from] Parting Shot
|-damage|p2a: Iron Moth|64/100|[from] Spikes
|
|upkeep
|turn|25
|
|t:|1781589828
|-terastallize|p2a: Iron Moth|Fire
|move|p2a: Iron Moth|Overheat|p1a: 林统帅(未坠机版)
|-damage|p1a: 林统帅(未坠机版)|0 fnt
|-unboost|p2a: Iron Moth|spa|2
|faint|p1a: 林统帅(未坠机版)
|
|upkeep
|
|t:|1781589831
|switch|p1a: 江母狗|Ogerpon-Wellspring-Tera, F, tera:Water|100/100
|-ability|p1a: 江母狗|Embody Aspect (Wellspring)|boost
|-boost|p1a: 江母狗|spd|1
|turn|26
|inactive|thelarpinglarper has 60 seconds left.
|
|t:|1781589839
|-end|p2a: Iron Moth|Quark Drive|[silent]
|switch|p2a: Iron Valiant|Iron Valiant|46/100
|-damage|p2a: Iron Valiant|21/100|[from] Spikes
|move|p1a: 江母狗|Swords Dance|p1a: 江母狗
|-boost|p1a: 江母狗|atk|2
|
|upkeep
|turn|27
|inactive|thelarpinglarper has 60 seconds left.
|
|t:|1781589864
|switch|p1a: 庆丰帝|Slowking-Galar, L99, F, shiny|100/100
|move|p2a: Iron Valiant|Close Combat|p1a: 庆丰帝
|-resisted|p1a: 庆丰帝
|-damage|p1a: 庆丰帝|89/100
|-unboost|p2a: Iron Valiant|def|1
|-unboost|p2a: Iron Valiant|spd|1
|
|upkeep
|turn|28
|
|t:|1781589871
|move|p2a: Iron Valiant|Knock Off|p1a: 庆丰帝
|-supereffective|p1a: 庆丰帝
|-damage|p1a: 庆丰帝|50/100
|-prepare|p1a: 庆丰帝|Chilly Reception|[premajor]
|move|p1a: 庆丰帝|Chilly Reception|p1a: 庆丰帝
|-weather|Snowscape
|
|t:|1781589873
|switch|p1a: 江母狗|Ogerpon-Wellspring-Tera, F, tera:Water|100/100|[from] Chilly Reception
|-ability|p1a: 江母狗|Embody Aspect (Wellspring)|boost
|-boost|p1a: 江母狗|spd|1
|
|-weather|Snowscape|[upkeep]
|upkeep
|turn|29
|inactive|thelarpinglarper has 60 seconds left.
|
|t:|1781589893
|switch|p1a: 庆丰帝|Slowking-Galar, L99, F, shiny|84/100
|move|p2a: Iron Valiant|Knock Off|p1a: 庆丰帝
|-supereffective|p1a: 庆丰帝
|-damage|p1a: 庆丰帝|50/100
|
|-weather|Snowscape|[upkeep]
|upkeep
|turn|30
|inactive|thelarpinglarper has 60 seconds left.
|
|t:|1781589911
|move|p2a: Iron Valiant|Destiny Bond|p2a: Iron Valiant
|-singlemove|p2a: Iron Valiant|Destiny Bond
|-prepare|p1a: 庆丰帝|Chilly Reception|[premajor]
|move|p1a: 庆丰帝|Chilly Reception|p1a: 庆丰帝
|
|t:|1781589918
|switch|p1a: 江母狗|Ogerpon-Wellspring-Tera, F, tera:Water|100/100|[from] Chilly Reception
|-ability|p1a: 江母狗|Embody Aspect (Wellspring)|boost
|-boost|p1a: 江母狗|spd|1
|
|-weather|Snowscape|[upkeep]
|upkeep
|turn|31
|inactive|thelarpinglarper has 60 seconds left.
|
|t:|1781589928
|move|p2a: Iron Valiant|Close Combat|p1a: 江母狗
|-damage|p1a: 江母狗|17/100
|-unboost|p2a: Iron Valiant|def|1
|-unboost|p2a: Iron Valiant|spd|1
|move|p1a: 江母狗|Horn Leech|p2a: Iron Valiant
|-damage|p2a: Iron Valiant|0 fnt
|-heal|p1a: 江母狗|27/100|[from] drain|[of] p2a: Iron Valiant
|faint|p2a: Iron Valiant
|-end|p2a: Iron Valiant|Quark Drive|[silent]
|
|-weather|Snowscape|[upkeep]
|upkeep
|
|t:|1781589932
|switch|p2a: Pecharunt|Pecharunt|100/100
|turn|32
|
|t:|1781589935
|move|p1a: 江母狗|U-turn|p2a: Pecharunt
|-resisted|p2a: Pecharunt
|-damage|p2a: Pecharunt|97/100
|
|t:|1781589937
|switch|p1a: 庆丰帝|Slowking-Galar, L99, F, shiny|84/100|[from] U-turn
|move|p2a: Pecharunt|Foul Play|p1a: 庆丰帝
|-supereffective|p1a: 庆丰帝
|-damage|p1a: 庆丰帝|66/100
|
|-weather|none
|upkeep
|turn|33
|
|t:|1781589948
|move|p2a: Pecharunt|Foul Play|p1a: 庆丰帝
|-supereffective|p1a: 庆丰帝
|-damage|p1a: 庆丰帝|46/100
|move|p1a: 庆丰帝|Eerie Spell|p2a: Pecharunt
|-supereffective|p2a: Pecharunt
|-damage|p2a: Pecharunt|35/100
|-activate|p2a: Pecharunt|move: Eerie Spell|Foul Play|3
|
|upkeep
|turn|34
|
|t:|1781589962
|move|p2a: Pecharunt|Parting Shot|p1a: 庆丰帝
|-unboost|p1a: 庆丰帝|atk|1
|-unboost|p1a: 庆丰帝|spa|1
|
|t:|1781589963
|switch|p2a: Iron Moth|Iron Moth, tera:Fire|64/100|[from] Parting Shot
|-damage|p2a: Iron Moth|39/100|[from] Spikes
|move|p1a: 庆丰帝|Eerie Spell|p2a: Iron Moth
|-damage|p2a: Iron Moth|16/100
|
|upkeep
|turn|35
|
|t:|1781589972
|move|p2a: Iron Moth|Fiery Dance|p1a: 庆丰帝
|-damage|p1a: 庆丰帝|0 fnt
|-boost|p2a: Iron Moth|spa|1
|faint|p1a: 庆丰帝
|
|upkeep
|
|t:|1781589974
|switch|p1a: 江母狗|Ogerpon-Wellspring-Tera, F, tera:Water|27/100
|-ability|p1a: 江母狗|Embody Aspect (Wellspring)|boost
|-boost|p1a: 江母狗|spd|1
|turn|36
|
|t:|1781589977
|move|p1a: 江母狗|Horn Leech|p2a: Iron Moth
|-resisted|p2a: Iron Moth
|-damage|p2a: Iron Moth|0 fnt
|-heal|p1a: 江母狗|35/100|[from] drain|[of] p2a: Iron Moth
|faint|p2a: Iron Moth
|-end|p2a: Iron Moth|Quark Drive|[silent]
|
|upkeep
|
|t:|1781589983
|switch|p2a: Pecharunt|Pecharunt|35/100
|turn|37
|
|t:|1781589985
|move|p1a: 江母狗|Ivy Cudgel|p2a: Pecharunt|[anim] Ivy Cudgel Water
|-damage|p2a: Pecharunt|1/100
|move|p2a: Pecharunt|Foul Play|p1a: 江母狗
|-crit|p1a: 江母狗
|-damage|p1a: 江母狗|0 fnt
|faint|p1a: 江母狗
|detailschange|p1: 江母狗|Ogerpon-Wellspring, F|[silent]
|
|win|thelarpinglarper
|raw|miaoTV-青's rating: 1645 &rarr; <strong>1627</strong><br />(-18 for losing)
|raw|thelarpinglarper's rating: 1683 &rarr; <strong>1701</strong><br />(+18 for winning)
|c|☆thelarpinglarper|gg
|l|☆miaoTV-青
|player|p1|
|l|☆thelarpinglarper
|player|p2|
