|j|☆oathusishere
|j|☆suprya
|t:|1781421485
|gametype|singles
|player|p1|oathusishere|artistf-gen6|1736
|player|p2|suprya|clown|1726
|gen|9
|tier|[Gen 9] OU
|rated|
|rule|HP Percentage Mod: HP is shown in percentages
|rule|Endless Battle Clause: Forcing endless battles is banned
|rule|Species Clause: Limit one of each Pokémon
|rule|OHKO Clause: OHKO moves are banned
|rule|Evasion Items Clause: Evasion items are banned
|rule|Evasion Moves Clause: Evasion moves are banned
|rule|Evasion Abilities Clause: Evasion abilities are banned
|rule|Sleep Moves Clause: Sleep-inducing moves are banned
|clearpoke
|poke|p1|Gardevoir, M|
|poke|p1|Rillaboom, F|
|poke|p1|Iron Crown|
|poke|p1|Great Tusk|
|poke|p1|Glimmora, F|
|poke|p1|Iron Jugulis|
|poke|p2|Pelipper, F|
|poke|p2|Hydrapple, M|
|poke|p2|Iron Treads|
|poke|p2|Mienshao, F|
|poke|p2|Slowking-Galar, F|
|poke|p2|Greninja-*, M|
|teampreview
|inactive|Battle timer is ON: inactive players will automatically lose when time's up. (requested by suprya)
|inactive|oathusishere also wants the timer to be on.
|
|t:|1781421502
|teamsize|p1|6
|teamsize|p2|6
|start
|switch|p1a: Funky Kong|Rillaboom, F|100/100
|switch|p2a: Pelipper|Pelipper, F|100/100
|-fieldstart|move: Grassy Terrain|[from] ability: Grassy Surge|[of] p1a: Funky Kong
|-weather|RainDance|[from] ability: Drizzle|[of] p2a: Pelipper
|turn|1
|
|t:|1781421506
|switch|p1a: Amethyst|Glimmora, F|100/100
|move|p2a: Pelipper|Surf|p1a: Amethyst
|-supereffective|p1a: Amethyst
|-damage|p1a: Amethyst|0 fnt
|faint|p1a: Amethyst
|
|-weather|RainDance|[upkeep]
|upkeep
|
|t:|1781421509
|switch|p1a: CybreigonTheBig|Iron Jugulis|100/100
|-enditem|p1a: CybreigonTheBig|Booster Energy
|-activate|p1a: CybreigonTheBig|ability: Quark Drive|[fromitem]
|-start|p1a: CybreigonTheBig|quarkdrivespe
|turn|2
|
|t:|1781421521
|move|p1a: CybreigonTheBig|Hurricane|p2a: Pelipper
|-damage|p2a: Pelipper|29/100
|move|p2a: Pelipper|U-turn|p1a: CybreigonTheBig
|-damage|p1a: CybreigonTheBig|89/100
|
|t:|1781421524
|switch|p2a: Slowking|Slowking-Galar, F|100/100|[from] U-turn
|
|-weather|RainDance|[upkeep]
|upkeep
|turn|3
|
|t:|1781421528
|move|p1a: CybreigonTheBig|Dark Pulse|p2a: Slowking
|-supereffective|p2a: Slowking
|-damage|p2a: Slowking|62/100
|move|p2a: Slowking|Ice Beam|p1a: CybreigonTheBig
|-supereffective|p1a: CybreigonTheBig
|-damage|p1a: CybreigonTheBig|24/100
|
|-weather|RainDance|[upkeep]
|-heal|p2a: Slowking|69/100|[from] Grassy Terrain
|upkeep
|turn|4
|
|t:|1781421537
|-end|p1a: CybreigonTheBig|Quark Drive|[silent]
|switch|p1a: BluedolphTheBlue|Iron Crown|100/100
|-enditem|p1a: BluedolphTheBlue|Booster Energy
|-activate|p1a: BluedolphTheBlue|ability: Quark Drive|[fromitem]
|-start|p1a: BluedolphTheBlue|quarkdrivespe
|move|p2a: Slowking|Ice Beam|p1a: BluedolphTheBlue
|-resisted|p1a: BluedolphTheBlue
|-damage|p1a: BluedolphTheBlue|88/100
|
|-weather|RainDance|[upkeep]
|-heal|p1a: BluedolphTheBlue|94/100|[from] Grassy Terrain
|-heal|p2a: Slowking|75/100|[from] Grassy Terrain
|upkeep
|turn|5
|
|t:|1781421542
|move|p1a: BluedolphTheBlue|Calm Mind|p1a: BluedolphTheBlue
|-boost|p1a: BluedolphTheBlue|spa|1
|-boost|p1a: BluedolphTheBlue|spd|1
|move|p2a: Slowking|Surf|p1a: BluedolphTheBlue
|-damage|p1a: BluedolphTheBlue|69/100
|
|-weather|none
|-heal|p1a: BluedolphTheBlue|75/100|[from] Grassy Terrain
|-heal|p2a: Slowking|81/100|[from] Grassy Terrain
|upkeep
|turn|6
|
|t:|1781421553
|move|p1a: BluedolphTheBlue|Calm Mind|p1a: BluedolphTheBlue
|-boost|p1a: BluedolphTheBlue|spa|1
|-boost|p1a: BluedolphTheBlue|spd|1
|move|p2a: Slowking|Ice Beam|p1a: BluedolphTheBlue
|-resisted|p1a: BluedolphTheBlue
|-crit|p1a: BluedolphTheBlue
|-damage|p1a: BluedolphTheBlue|57/100
|
|-heal|p1a: BluedolphTheBlue|63/100|[from] Grassy Terrain
|-heal|p2a: Slowking|87/100|[from] Grassy Terrain
|upkeep
|turn|7
|
|t:|1781421555
|move|p1a: BluedolphTheBlue|Calm Mind|p1a: BluedolphTheBlue
|-boost|p1a: BluedolphTheBlue|spa|1
|-boost|p1a: BluedolphTheBlue|spd|1
|move|p2a: Slowking|Ice Beam|p1a: BluedolphTheBlue
|-resisted|p1a: BluedolphTheBlue
|-damage|p1a: BluedolphTheBlue|58/100
|
|-heal|p1a: BluedolphTheBlue|65/100|[from] Grassy Terrain
|-heal|p2a: Slowking|93/100|[from] Grassy Terrain
|upkeep
|turn|8
|
|t:|1781421562
|move|p1a: BluedolphTheBlue|Calm Mind|p1a: BluedolphTheBlue
|-boost|p1a: BluedolphTheBlue|spa|1
|-boost|p1a: BluedolphTheBlue|spd|1
|move|p2a: Slowking|Ice Beam|p1a: BluedolphTheBlue
|-resisted|p1a: BluedolphTheBlue
|-damage|p1a: BluedolphTheBlue|60/100
|
|-heal|p1a: BluedolphTheBlue|66/100|[from] Grassy Terrain
|-heal|p2a: Slowking|99/100|[from] Grassy Terrain
|-fieldend|move: Grassy Terrain
|upkeep
|turn|9
|
|t:|1781421566
|move|p1a: BluedolphTheBlue|Stored Power|p2a: Slowking
|-damage|p2a: Slowking|0 fnt
|faint|p2a: Slowking
|
|upkeep
|j| tonyrby
|
|t:|1781421582
|switch|p2a: Greninja|Greninja, M|100/100
|turn|10
|
|t:|1781421584
|move|p1a: BluedolphTheBlue|Focus Blast|p2a: Greninja
|-supereffective|p2a: Greninja
|-damage|p2a: Greninja|0 fnt
|faint|p2a: Greninja
|
|upkeep
|
|t:|1781421586
|switch|p2a: Mienshao|Mienshao, F|100/100
|turn|11
|
|t:|1781421599
|-terastallize|p2a: Mienshao|Dark
|move|p1a: BluedolphTheBlue|Focus Blast|p2a: Mienshao|[miss]
|-miss|p1a: BluedolphTheBlue|p2a: Mienshao
|move|p2a: Mienshao|Knock Off|p1a: BluedolphTheBlue
|-supereffective|p1a: BluedolphTheBlue
|-damage|p1a: BluedolphTheBlue|0 fnt
|faint|p1a: BluedolphTheBlue
|-end|p1a: BluedolphTheBlue|Quark Drive|[silent]
|
|upkeep
|
|t:|1781421612
|switch|p1a: Anancus|Great Tusk|100/100
|-enditem|p1a: Anancus|Booster Energy
|-activate|p1a: Anancus|ability: Protosynthesis|[fromitem]
|-start|p1a: Anancus|protosynthesisspe
|turn|12
|
|t:|1781421628
|switch|p2a: Pelipper|Pelipper, F|29/100
|-weather|RainDance|[from] ability: Drizzle|[of] p2a: Pelipper
|move|p1a: Anancus|Bulk Up|p1a: Anancus
|-boost|p1a: Anancus|atk|1
|-boost|p1a: Anancus|def|1
|
|-weather|RainDance|[upkeep]
|upkeep
|turn|13
|
|t:|1781421632
|move|p1a: Anancus|Head Smash|p2a: Pelipper
|-supereffective|p2a: Pelipper
|-damage|p2a: Pelipper|0 fnt
|faint|p2a: Pelipper
|-damage|p1a: Anancus|90/100|[from] Recoil
|
|-weather|RainDance|[upkeep]
|upkeep
|
|t:|1781421634
|switch|p2a: Hydrapple|Hydrapple, M|100/100
|turn|14
|
|t:|1781421643
|-end|p1a: Anancus|Protosynthesis|[silent]
|switch|p1a: CybreigonTheBig|Iron Jugulis|24/100
|move|p2a: Hydrapple|Giga Drain|p1a: CybreigonTheBig
|-resisted|p1a: CybreigonTheBig
|-damage|p1a: CybreigonTheBig|4/100
|
|-weather|RainDance|[upkeep]
|upkeep
|turn|15
|
|t:|1781421649
|switch|p2a: Iron Treads|Iron Treads|100/100
|move|p1a: CybreigonTheBig|Hurricane|p2a: Iron Treads
|-resisted|p2a: Iron Treads
|-damage|p2a: Iron Treads|77/100
|-start|p2a: Iron Treads|confusion
|
|-weather|RainDance|[upkeep]
|-heal|p2a: Iron Treads|83/100|[from] item: Leftovers
|upkeep
|turn|16
|
|t:|1781421653
|move|p1a: CybreigonTheBig|Earth Power|p2a: Iron Treads
|-supereffective|p2a: Iron Treads
|-damage|p2a: Iron Treads|37/100
|-activate|p2a: Iron Treads|confusion
|-damage|p2a: Iron Treads|29/100|[from] confusion
|
|-weather|none
|-heal|p2a: Iron Treads|35/100|[from] item: Leftovers
|upkeep
|turn|17
|
|t:|1781421657
|move|p1a: CybreigonTheBig|Earth Power|p2a: Iron Treads
|-supereffective|p2a: Iron Treads
|-damage|p2a: Iron Treads|0 fnt
|faint|p2a: Iron Treads
|-end|p2a: Iron Treads|Quark Drive|[silent]
|
|upkeep
|
|t:|1781421659
|switch|p2a: Mienshao|Mienshao, F, tera:Dark|100/100
|turn|18
|
|t:|1781421662
|-end|p1a: CybreigonTheBig|Quark Drive|[silent]
|switch|p1a: Anancus|Great Tusk|90/100
|move|p2a: Mienshao|U-turn|p1a: Anancus
|-resisted|p1a: Anancus
|-damage|p1a: Anancus|83/100
|
|t:|1781421665
|switch|p2a: Hydrapple|Hydrapple, M|100/100|[from] U-turn
|
|upkeep
|turn|19
|-message|suprya forfeited.
|
|win|oathusishere
|raw|oathusishere's rating: 1736 &rarr; <strong>1755</strong><br />(+19 for winning)
|raw|suprya's rating: 1726 &rarr; <strong>1707</strong><br />(-19 for losing)
|l|☆suprya
|player|p2|
|l|☆oathusishere
|player|p1|
|l| tonyrby
