|j|☆buhuifeihhh
|j|☆powerfulslash
|t:|1781497879
|gametype|singles
|player|p1|buhuifeihhh|hilbert|1539
|player|p2|powerfulslash|az|1644
|gen|9
|tier|[Gen 9] OU
|rated|
|rule|HP Percentage Mod: HP is shown in percentages
|rule|Endless Battle Clause: Forcing endless battles is banned
|rule|Species Clause: Limit one of each Pokémon
|rule|OHKO Clause: OHKO moves are banned
|rule|Evasion Items Clause: Evasion items are banned
|rule|Evasion Moves Clause: Evasion moves are banned
|rule|Evasion Abilities Clause: Evasion abilities are banned
|rule|Sleep Moves Clause: Sleep-inducing moves are banned
|clearpoke
|poke|p1|Heatran, F|
|poke|p1|Rillaboom, F|
|poke|p1|Moltres-Galar|
|poke|p1|Weezing-Galar, M|
|poke|p1|Tyranitar, F|
|poke|p1|Volcanion|
|poke|p2|Garganacl, M|
|poke|p2|Weezing-Galar, F|
|poke|p2|Corviknight, M|
|poke|p2|Dragapult, M|
|poke|p2|Slowking-Galar, M|
|poke|p2|Samurott-Hisui, F|
|teampreview
|
|t:|1781497885
|teamsize|p1|6
|teamsize|p2|6
|start
|switch|p1a: Rillaboom|Rillaboom, F|100/100
|switch|p2a: Acupuncturist|Samurott-Hisui, F|100/100
|-fieldstart|move: Grassy Terrain|[from] ability: Grassy Surge|[of] p1a: Rillaboom
|turn|1
|
|t:|1781497888
|switch|p2a: Nurse|Weezing-Galar, F|100/100
|-ability|p2a: Nurse|Neutralizing Gas
|move|p1a: Rillaboom|Grassy Glide|p2a: Nurse
|-resisted|p2a: Nurse
|-damage|p2a: Nurse|82/100
|
|-heal|p2a: Nurse|88/100|[from] Grassy Terrain
|-heal|p2a: Nurse|94/100|[from] item: Black Sludge
|upkeep
|turn|2
|
|t:|1781497897
|switch|p1a: Weezing|Weezing-Galar, M|100/100
|move|p2a: Nurse|Strange Steam|p1a: Weezing
|-resisted|p1a: Weezing
|-crit|p1a: Weezing
|-damage|p1a: Weezing|78/100
|-start|p1a: Weezing|confusion
|
|-heal|p1a: Weezing|84/100|[from] Grassy Terrain
|-heal|p2a: Nurse|99/100|[from] Grassy Terrain
|-heal|p1a: Weezing|90/100|[from] item: Leftovers
|-heal|p2a: Nurse|100/100|[from] item: Black Sludge
|upkeep
|turn|3
|inactive|Battle timer is ON: inactive players will automatically lose when time's up. (requested by buhuifeihhh)
|
|t:|1781497905
|-end|p2a: Nurse|ability: Neutralizing Gas
|switch|p2a: Trudeau-king|Slowking-Galar, M|100/100
|-activate|p1a: Weezing|confusion
|move|p1a: Weezing|Toxic|p2a: Trudeau-king
|-immune|p2a: Trudeau-king
|
|-heal|p1a: Weezing|96/100|[from] item: Leftovers
|upkeep
|turn|4
|
|t:|1781497910
|switch|p1a: Heatran|Heatran, F|100/100
|move|p2a: Trudeau-king|Future Sight|p1a: Heatran
|-start|p2a: Trudeau-king|move: Future Sight
|
|upkeep
|turn|5
|
|t:|1781497913
|switch|p2a: Acupuncturist|Samurott-Hisui, F|100/100
|move|p1a: Heatran|Earth Power|p2a: Acupuncturist
|-crit|p2a: Acupuncturist
|-damage|p2a: Acupuncturist|17/100
|
|-heal|p2a: Acupuncturist|24/100|[from] Grassy Terrain
|-fieldend|move: Grassy Terrain
|upkeep
|turn|6
|
|t:|1781497921
|move|p1a: Heatran|Protect|p1a: Heatran
|-singleturn|p1a: Heatran|Protect
|move|p2a: Acupuncturist|Ceaseless Edge|p1a: Heatran
|-activate|p1a: Heatran|move: Protect
|
|-end|p1a: Heatran|move: Future Sight
|-resisted|p1a: Heatran
|-damage|p1a: Heatran|79/100
|-heal|p1a: Heatran|85/100|[from] item: Leftovers
|upkeep
|turn|7
|
|t:|1781497932
|switch|p1a: Weezing|Weezing-Galar, M|96/100
|move|p2a: Acupuncturist|Ceaseless Edge|p1a: Weezing
|-resisted|p1a: Weezing
|-damage|p1a: Weezing|77/100
|-sidestart|p1: buhuifeihhh|Spikes
|
|-heal|p1a: Weezing|84/100|[from] item: Leftovers
|upkeep
|turn|8
|
|t:|1781497939
|switch|p2a: Dr. Garg|Garganacl, M|100/100
|move|p1a: Weezing|Strange Steam|p2a: Dr. Garg
|-damage|p2a: Dr. Garg|80/100
|
|-heal|p1a: Weezing|90/100|[from] item: Leftovers
|-heal|p2a: Dr. Garg|87/100|[from] item: Leftovers
|upkeep
|turn|9
|
|t:|1781497942
|move|p1a: Weezing|Defog|p2a: Dr. Garg
|-unboost|p2a: Dr. Garg|evasion|1
|-sideend|p1: buhuifeihhh|Spikes|[from] move: Defog|[of] p1a: Weezing
|move|p2a: Dr. Garg|Salt Cure|p1a: Weezing
|-damage|p1a: Weezing|77/100
|-start|p1a: Weezing|Salt Cure
|
|-heal|p1a: Weezing|83/100|[from] item: Leftovers
|-heal|p2a: Dr. Garg|93/100|[from] item: Leftovers
|-damage|p1a: Weezing|70/100|[from] Salt Cure
|upkeep
|turn|10
|
|t:|1781497945
|move|p1a: Weezing|Pain Split|p2a: Dr. Garg
|-sethp|p2a: Dr. Garg|70/100|[from] move: Pain Split|[silent]
|-sethp|p1a: Weezing|100/100|[from] move: Pain Split
|move|p2a: Dr. Garg|Stealth Rock|p1a: Weezing
|-sidestart|p1: buhuifeihhh|move: Stealth Rock
|
|-heal|p2a: Dr. Garg|76/100|[from] item: Leftovers
|-damage|p1a: Weezing|88/100|[from] Salt Cure
|upkeep
|turn|11
|
|t:|1781497949
|switch|p2a: Nurse|Weezing-Galar, F|100/100
|-ability|p2a: Nurse|Neutralizing Gas
|move|p1a: Weezing|Defog|p2a: Nurse
|-unboost|p2a: Nurse|evasion|1
|-sideend|p1: buhuifeihhh|Stealth Rock|[from] move: Defog|[of] p1a: Weezing
|
|-heal|p1a: Weezing|94/100|[from] item: Leftovers
|-damage|p1a: Weezing|82/100|[from] Salt Cure
|upkeep
|turn|12
|
|t:|1781497957
|switch|p1a: Heatran|Heatran, F|85/100
|-end|p2a: Nurse|ability: Neutralizing Gas
|switch|p2a: Dr. Garg|Garganacl, M|76/100
|
|-heal|p1a: Heatran|91/100|[from] item: Leftovers
|-heal|p2a: Dr. Garg|82/100|[from] item: Leftovers
|upkeep
|turn|13
|
|t:|1781497961
|move|p2a: Dr. Garg|Protect|p2a: Dr. Garg
|-singleturn|p2a: Dr. Garg|Protect
|move|p1a: Heatran|Magma Storm|p2a: Dr. Garg
|-activate|p2a: Dr. Garg|move: Protect
|
|-heal|p1a: Heatran|97/100|[from] item: Leftovers
|-heal|p2a: Dr. Garg|89/100|[from] item: Leftovers
|upkeep
|turn|14
|
|t:|1781497964
|move|p1a: Heatran|Magma Storm|p2a: Dr. Garg
|-resisted|p2a: Dr. Garg
|-damage|p2a: Dr. Garg|69/100
|-activate|p2a: Dr. Garg|move: Magma Storm|[of] p1a: Heatran
|move|p2a: Dr. Garg|Salt Cure|p1a: Heatran
|-damage|p1a: Heatran|86/100
|-start|p1a: Heatran|Salt Cure
|
|-heal|p1a: Heatran|92/100|[from] item: Leftovers
|-heal|p2a: Dr. Garg|75/100|[from] item: Leftovers
|-damage|p1a: Heatran|68/100|[from] Salt Cure
|-damage|p2a: Dr. Garg|62/100|[from] move: Magma Storm|[partiallytrapped]
|upkeep
|turn|15
|
|t:|1781497968
|move|p1a: Heatran|Flash Cannon|p2a: Dr. Garg
|-supereffective|p2a: Dr. Garg
|-damage|p2a: Dr. Garg|1/100
|move|p2a: Dr. Garg|Recover|p2a: Dr. Garg
|-heal|p2a: Dr. Garg|51/100
|
|-heal|p1a: Heatran|74/100|[from] item: Leftovers
|-heal|p2a: Dr. Garg|58/100|[from] item: Leftovers
|-damage|p1a: Heatran|49/100|[from] Salt Cure
|-damage|p2a: Dr. Garg|45/100|[from] move: Magma Storm|[partiallytrapped]
|upkeep
|turn|16
|
|t:|1781497971
|move|p2a: Dr. Garg|Protect|p2a: Dr. Garg
|-singleturn|p2a: Dr. Garg|Protect
|move|p1a: Heatran|Flash Cannon|p2a: Dr. Garg
|-activate|p2a: Dr. Garg|move: Protect
|
|-heal|p1a: Heatran|55/100|[from] item: Leftovers
|-heal|p2a: Dr. Garg|51/100|[from] item: Leftovers
|-damage|p1a: Heatran|30/100|[from] Salt Cure
|-damage|p2a: Dr. Garg|39/100|[from] move: Magma Storm|[partiallytrapped]
|upkeep
|turn|17
|
|t:|1781497973
|move|p2a: Dr. Garg|Protect||[still]
|-fail|p2a: Dr. Garg
|move|p1a: Heatran|Flash Cannon|p2a: Dr. Garg
|-supereffective|p2a: Dr. Garg
|-damage|p2a: Dr. Garg|0 fnt
|faint|p2a: Dr. Garg
|
|-heal|p1a: Heatran|36/100|[from] item: Leftovers
|-damage|p1a: Heatran|11/100|[from] Salt Cure
|upkeep
|
|t:|1781497975
|switch|p2a: Specialist|Dragapult, M|100/100
|turn|18
|
|t:|1781497978
|switch|p1a: Tyranitar|Tyranitar, F|100/100
|-weather|Sandstorm|[from] ability: Sand Stream|[of] p1a: Tyranitar
|move|p2a: Specialist|Dragon Darts|p1a: Tyranitar
|-damage|p1a: Tyranitar|77/100
|-anim|p2a: Specialist|Dragon Darts|p1a: Tyranitar
|-damage|p1a: Tyranitar|54/100
|
|-weather|Sandstorm|[upkeep]
|-damage|p2a: Specialist|95/100|[from] Sandstorm
|upkeep
|turn|19
|
|t:|1781497982
|switch|p1a: Weezing|Weezing-Galar, M|82/100
|move|p2a: Specialist|U-turn|p1a: Weezing
|-resisted|p1a: Weezing
|-damage|p1a: Weezing|77/100
|
|t:|1781497986
|switch|p2a: Trudeau-king|Slowking-Galar, M|100/100|[from] U-turn
|
|-weather|Sandstorm|[upkeep]
|-damage|p1a: Weezing|71/100|[from] Sandstorm
|-damage|p2a: Trudeau-king|94/100|[from] Sandstorm
|-heal|p1a: Weezing|77/100|[from] item: Leftovers
|upkeep
|turn|20
|
|t:|1781497992
|switch|p1a: Heatran|Heatran, F|11/100
|move|p2a: Trudeau-king|Future Sight|p1a: Heatran
|-start|p2a: Trudeau-king|move: Future Sight
|
|-weather|Sandstorm|[upkeep]
|-damage|p2a: Trudeau-king|88/100|[from] Sandstorm
|-heal|p1a: Heatran|18/100|[from] item: Leftovers
|upkeep
|turn|21
|
|t:|1781497996
|move|p1a: Heatran|Earth Power|p2a: Trudeau-king
|-supereffective|p2a: Trudeau-king
|-damage|p2a: Trudeau-king|62/100
|-unboost|p2a: Trudeau-king|spd|1
|move|p2a: Trudeau-king|Psychic Noise|p1a: Heatran
|-resisted|p1a: Heatran
|-damage|p1a: Heatran|6/100
|-start|p1a: Heatran|move: Heal Block
|
|-weather|Sandstorm|[upkeep]
|-damage|p2a: Trudeau-king|56/100|[from] Sandstorm
|upkeep
|turn|22
|
|t:|1781498005
|move|p1a: Heatran|Earth Power|p2a: Trudeau-king
|-supereffective|p2a: Trudeau-king
|-damage|p2a: Trudeau-king|10/100
|move|p2a: Trudeau-king|Psychic Noise|p1a: Heatran
|-resisted|p1a: Heatran
|-damage|p1a: Heatran|0 fnt
|faint|p1a: Heatran
|
|-weather|none
|-hint|Future Sight did not hit because the target is fainted.
|upkeep
|
|t:|1781498032
|switch|p1a: Moltres|Moltres-Galar|100/100
|turn|23
|
|t:|1781498035
|move|p1a: Moltres|Agility|p1a: Moltres
|-boost|p1a: Moltres|spe|2
|move|p2a: Trudeau-king|Sludge Bomb|p1a: Moltres
|-damage|p1a: Moltres|68/100
|
|upkeep
|turn|24
|
|t:|1781498041
|move|p1a: Moltres|Fiery Wrath|p2a: Trudeau-king
|-supereffective|p2a: Trudeau-king
|-damage|p2a: Trudeau-king|0 fnt
|faint|p2a: Trudeau-king
|
|upkeep
|
|t:|1781498048
|switch|p2a: Nurse|Weezing-Galar, F|100/100
|-ability|p2a: Nurse|Neutralizing Gas
|turn|25
|
|t:|1781498053
|-terastallize|p1a: Moltres|Poison
|move|p1a: Moltres|Hurricane|p2a: Nurse
|-damage|p2a: Nurse|26/100
|move|p2a: Nurse|Will-O-Wisp|p1a: Moltres|[miss]
|-miss|p2a: Nurse|p1a: Moltres
|
|-heal|p2a: Nurse|32/100|[from] item: Black Sludge
|upkeep
|turn|26
|
|t:|1781498062
|move|p1a: Moltres|Hurricane|p2a: Nurse
|-damage|p2a: Nurse|0 fnt
|faint|p2a: Nurse
|-end|p2a: Nurse|ability: Neutralizing Gas
|
|upkeep
|
|t:|1781498066
|switch|p2a: Specialist|Dragapult, M|95/100
|turn|27
|
|t:|1781498068
|-terastallize|p2a: Specialist|Dragon
|move|p1a: Moltres|Fiery Wrath|p2a: Specialist
|-damage|p2a: Specialist|29/100
|move|p2a: Specialist|Dragon Darts|p1a: Moltres
|-damage|p1a: Moltres|37/100
|-enditem|p1a: Moltres|Sitrus Berry|[eat]
|-heal|p1a: Moltres|62/100|[from] item: Sitrus Berry
|-anim|p2a: Specialist|Dragon Darts|p1a: Moltres
|-damage|p1a: Moltres|30/100
|-ability|p1a: Moltres|Berserk|boost
|-boost|p1a: Moltres|spa|1
|
|upkeep
|turn|28
|-message|powerfulslash forfeited.
|
|win|buhuifeihhh
|raw|buhuifeihhh's rating: 1539 &rarr; <strong>1565</strong><br />(+26 for winning)
|raw|powerfulslash's rating: 1644 &rarr; <strong>1618</strong><br />(-26 for losing)
|l|☆powerfulslash
|player|p2|
|l|☆buhuifeihhh
|player|p1|
