|j|☆Davy12345
|j|☆stevstacks
|t:|1781191799
|gametype|singles
|player|p1|Davy12345|drayden|1548
|player|p2|stevstacks|169|1524
|gen|9
|tier|[Gen 9] OU
|rated|
|rule|HP Percentage Mod: HP is shown in percentages
|rule|Endless Battle Clause: Forcing endless battles is banned
|rule|Species Clause: Limit one of each Pokémon
|rule|OHKO Clause: OHKO moves are banned
|rule|Evasion Items Clause: Evasion items are banned
|rule|Evasion Moves Clause: Evasion moves are banned
|rule|Evasion Abilities Clause: Evasion abilities are banned
|rule|Sleep Moves Clause: Sleep-inducing moves are banned
|clearpoke
|poke|p1|Sandy Shocks|
|poke|p1|Ogerpon, F|
|poke|p1|Latios, M|
|poke|p1|Scizor, M|
|poke|p1|Manaphy|
|poke|p1|Iron Jugulis|
|poke|p2|Torkoal, F|
|poke|p2|Corviknight, F|
|poke|p2|Walking Wake|
|poke|p2|Dragonite, M|
|poke|p2|Great Tusk|
|poke|p2|Raging Bolt|
|teampreview
|inactive|Battle timer is ON: inactive players will automatically lose when time's up. (requested by stevstacks)
|inactive|Davy12345 also wants the timer to be on.
|
|t:|1781191808
|teamsize|p1|6
|teamsize|p2|6
|start
|switch|p1a: Sandy Shocks|Sandy Shocks|100/100
|switch|p2a: Raging Bolt|Raging Bolt|100/100
|-enditem|p1a: Sandy Shocks|Booster Energy
|-activate|p1a: Sandy Shocks|ability: Protosynthesis|[fromitem]
|-start|p1a: Sandy Shocks|protosynthesisspe
|turn|1
|
|t:|1781191814
|move|p1a: Sandy Shocks|Earth Power|p2a: Raging Bolt
|-supereffective|p2a: Raging Bolt
|-damage|p2a: Raging Bolt|19/100
|move|p2a: Raging Bolt|Draco Meteor|p1a: Sandy Shocks
|-damage|p1a: Sandy Shocks|14/100
|-unboost|p2a: Raging Bolt|spa|2
|
|upkeep
|turn|2
|
|t:|1781191821
|-end|p2a: Raging Bolt|Protosynthesis|[silent]
|switch|p2a: Corviknight|Corviknight, F, shiny|100/100
|-ability|p2a: Corviknight|Pressure
|move|p1a: Sandy Shocks|Stealth Rock|p2a: Corviknight
|-sidestart|p2: stevstacks|move: Stealth Rock
|
|upkeep
|turn|3
|
|t:|1781191827
|move|p1a: Sandy Shocks|Discharge|p2a: Corviknight
|-supereffective|p2a: Corviknight
|-damage|p2a: Corviknight|48/100
|move|p2a: Corviknight|Brave Bird|p1a: Sandy Shocks
|-resisted|p1a: Sandy Shocks
|-damage|p1a: Sandy Shocks|0 fnt
|faint|p1a: Sandy Shocks
|-end|p1a: Sandy Shocks|Protosynthesis|[silent]
|-damage|p2a: Corviknight|44/100|[from] Recoil
|
|-heal|p2a: Corviknight|51/100|[from] item: Leftovers
|upkeep
|
|t:|1781191840
|switch|p1a: Iron Jugulis|Iron Jugulis|100/100
|-enditem|p1a: Iron Jugulis|Booster Energy
|-activate|p1a: Iron Jugulis|ability: Quark Drive|[fromitem]
|-start|p1a: Iron Jugulis|quarkdrivespe
|turn|4
|
|t:|1781191844
|move|p1a: Iron Jugulis|Taunt|p2a: Corviknight
|-start|p2a: Corviknight|move: Taunt
|cant|p2a: Corviknight|move: Taunt|Defog
|
|-heal|p2a: Corviknight|57/100|[from] item: Leftovers
|upkeep
|turn|5
|
|t:|1781191849
|move|p1a: Iron Jugulis|Dark Pulse|p2a: Corviknight
|-damage|p2a: Corviknight|28/100
|cant|p2a: Corviknight|flinch
|
|-heal|p2a: Corviknight|34/100|[from] item: Leftovers
|upkeep
|turn|6
|
|t:|1781191853
|move|p1a: Iron Jugulis|Dark Pulse|p2a: Corviknight
|-damage|p2a: Corviknight|5/100
|move|p2a: Corviknight|Brave Bird|p1a: Iron Jugulis
|-damage|p1a: Iron Jugulis|56/100
|-damage|p2a: Corviknight|0 fnt|[from] Recoil
|faint|p2a: Corviknight
|
|upkeep
|
|t:|1781191857
|switch|p2a: Torkoal|Torkoal, F, shiny|100/100
|-damage|p2a: Torkoal|76/100|[from] Stealth Rock
|-weather|SunnyDay|[from] ability: Drought|[of] p2a: Torkoal
|turn|7
|
|t:|1781191863
|move|p1a: Iron Jugulis|Earth Power|p2a: Torkoal
|-supereffective|p2a: Torkoal
|-damage|p2a: Torkoal|22/100
|move|p2a: Torkoal|Rapid Spin|p1a: Iron Jugulis
|-damage|p1a: Iron Jugulis|44/100
|-boost|p2a: Torkoal|spe|1
|-sideend|p2: stevstacks|Stealth Rock|[from] move: Rapid Spin|[of] p2a: Torkoal
|
|-weather|SunnyDay|[upkeep]
|upkeep
|turn|8
|
|t:|1781191873
|switch|p2a: Walking Wake|Walking Wake|100/100
|-activate|p2a: Walking Wake|ability: Protosynthesis
|-start|p2a: Walking Wake|protosynthesisspe
|move|p1a: Iron Jugulis|Hurricane|p2a: Walking Wake|[miss]
|-miss|p1a: Iron Jugulis|p2a: Walking Wake
|
|-weather|SunnyDay|[upkeep]
|upkeep
|turn|9
|
|t:|1781191877
|move|p2a: Walking Wake|Hydro Steam|p1a: Iron Jugulis
|-damage|p1a: Iron Jugulis|0 fnt
|faint|p1a: Iron Jugulis
|-end|p1a: Iron Jugulis|Quark Drive|[silent]
|
|-weather|SunnyDay|[upkeep]
|upkeep
|
|t:|1781191886
|switch|p1a: Manaphy|Manaphy|100/100
|turn|10
|
|t:|1781191902
|move|p2a: Walking Wake|Draco Meteor|p1a: Manaphy
|-damage|p1a: Manaphy|32/100
|-unboost|p2a: Walking Wake|spa|2
|-enditem|p1a: Manaphy|Sitrus Berry|[eat]
|-heal|p1a: Manaphy|57/100|[from] item: Sitrus Berry
|move|p1a: Manaphy|Ice Beam|p2a: Walking Wake
|-damage|p2a: Walking Wake|71/100
|
|-weather|SunnyDay|[upkeep]
|upkeep
|turn|11
|
|t:|1781191907
|move|p2a: Walking Wake|Draco Meteor|p1a: Manaphy
|-damage|p1a: Manaphy|25/100
|-unboost|p2a: Walking Wake|spa|2
|move|p1a: Manaphy|Tail Glow|p1a: Manaphy
|-boost|p1a: Manaphy|spa|3
|
|-weather|SunnyDay|[upkeep]
|upkeep
|turn|12
|
|t:|1781191910
|move|p2a: Walking Wake|Flip Turn|p1a: Manaphy
|-resisted|p1a: Manaphy
|-damage|p1a: Manaphy|21/100
|
|t:|1781191914
|-end|p2a: Walking Wake|Protosynthesis|[silent]
|switch|p2a: Raging Bolt|Raging Bolt|19/100|[from] Flip Turn
|-activate|p2a: Raging Bolt|ability: Protosynthesis
|-start|p2a: Raging Bolt|protosynthesisspa
|move|p1a: Manaphy|Ice Beam|p2a: Raging Bolt
|-supereffective|p2a: Raging Bolt
|-damage|p2a: Raging Bolt|0 fnt
|faint|p2a: Raging Bolt
|-end|p2a: Raging Bolt|Protosynthesis|[silent]
|
|-weather|SunnyDay|[upkeep]
|upkeep
|
|t:|1781191916
|switch|p2a: Walking Wake|Walking Wake|71/100
|-activate|p2a: Walking Wake|ability: Protosynthesis
|-start|p2a: Walking Wake|protosynthesisspe
|turn|13
|
|t:|1781191918
|move|p2a: Walking Wake|Hydro Steam|p1a: Manaphy
|-resisted|p1a: Manaphy
|-damage|p1a: Manaphy|0 fnt
|faint|p1a: Manaphy
|
|-weather|SunnyDay|[upkeep]
|upkeep
|
|t:|1781191924
|switch|p1a: Scizor|Scizor, M|100/100
|turn|14
|
|t:|1781191938
|-terastallize|p1a: Scizor|Fire
|move|p2a: Walking Wake|Flamethrower|p1a: Scizor
|-resisted|p1a: Scizor
|-damage|p1a: Scizor|76/100
|move|p1a: Scizor|Close Combat|p2a: Walking Wake
|-damage|p2a: Walking Wake|21/100
|-unboost|p1a: Scizor|def|1
|-unboost|p1a: Scizor|spd|1
|
|-weather|none
|-end|p2a: Walking Wake|Protosynthesis
|upkeep
|turn|15
|
|t:|1781191941
|move|p1a: Scizor|Bullet Punch|p2a: Walking Wake
|-resisted|p2a: Walking Wake
|-damage|p2a: Walking Wake|3/100
|move|p2a: Walking Wake|Hydro Steam|p1a: Scizor
|-supereffective|p1a: Scizor
|-damage|p1a: Scizor|0 fnt
|faint|p1a: Scizor
|
|upkeep
|
|t:|1781191946
|switch|p1a: Latios|Latios, M|100/100
|turn|16
|
|t:|1781191950
|move|p2a: Walking Wake|Draco Meteor|p1a: Latios
|-supereffective|p1a: Latios
|-damage|p1a: Latios|0 fnt
|-unboost|p2a: Walking Wake|spa|2
|faint|p1a: Latios
|
|upkeep
|
|t:|1781191953
|switch|p1a: Ogerpon|Ogerpon, F|100/100
|turn|17
|
|t:|1781191958
|move|p1a: Ogerpon|Swords Dance|p1a: Ogerpon
|-boost|p1a: Ogerpon|atk|2
|move|p2a: Walking Wake|Flip Turn|p1a: Ogerpon
|-resisted|p1a: Ogerpon
|-damage|p1a: Ogerpon|87/100
|
|t:|1781191959
|-end|p2a: Walking Wake|Protosynthesis|[silent]
|switch|p2a: Dragonite|Dragonite, M, shiny|100/100|[from] Flip Turn
|
|upkeep
|turn|18
|
|t:|1781191964
|move|p1a: Ogerpon|Rock Tomb|p2a: Dragonite
|-supereffective|p2a: Dragonite
|-damage|p2a: Dragonite|55/100
|-unboost|p2a: Dragonite|spe|1
|move|p2a: Dragonite|Encore|p1a: Ogerpon
|-start|p1a: Ogerpon|Encore
|
|upkeep
|turn|19
|
|t:|1781191971
|switch|p2a: Great Tusk|Great Tusk, shiny|100/100
|move|p1a: Ogerpon|Rock Tomb|p2a: Great Tusk
|-resisted|p2a: Great Tusk
|-damage|p2a: Great Tusk|93/100
|-unboost|p2a: Great Tusk|spe|1
|
|upkeep
|turn|20
|
|t:|1781191976
|move|p1a: Ogerpon|Rock Tomb|p2a: Great Tusk
|-resisted|p2a: Great Tusk
|-damage|p2a: Great Tusk|86/100
|-unboost|p2a: Great Tusk|spe|1
|move|p2a: Great Tusk|Close Combat|p1a: Ogerpon
|-damage|p1a: Ogerpon|0 fnt
|-unboost|p2a: Great Tusk|def|1
|-unboost|p2a: Great Tusk|spd|1
|faint|p1a: Ogerpon
|-damage|p2a: Great Tusk|76/100|[from] item: Life Orb
|
|win|stevstacks
|raw|Davy12345's rating: 1548 &rarr; <strong>1527</strong><br />(-21 for losing)
|raw|stevstacks's rating: 1524 &rarr; <strong>1545</strong><br />(+21 for winning)
|l|☆Davy12345
|player|p1|
|l|☆stevstacks
|player|p2|
