|j|☆jonuz
|j|☆zippitytippity
|t:|1781158759
|gametype|singles
|player|p1|jonuz|170|1594
|player|p2|zippitytippity|cynthia-masters4|1588
|gen|9
|tier|[Gen 9] OU
|rated|
|rule|HP Percentage Mod: HP is shown in percentages
|rule|Endless Battle Clause: Forcing endless battles is banned
|rule|Species Clause: Limit one of each Pokémon
|rule|OHKO Clause: OHKO moves are banned
|rule|Evasion Items Clause: Evasion items are banned
|rule|Evasion Moves Clause: Evasion moves are banned
|rule|Evasion Abilities Clause: Evasion abilities are banned
|rule|Sleep Moves Clause: Sleep-inducing moves are banned
|clearpoke
|poke|p1|Sinistcha|
|poke|p1|Samurott-Hisui, F|
|poke|p1|Clefable, F|
|poke|p1|Moltres|
|poke|p1|Ting-Lu|
|poke|p1|Kommo-o, F|
|poke|p2|Ursaluna, M|
|poke|p2|Cresselia, F|
|poke|p2|Iron Valiant|
|poke|p2|Hatterene, F|
|poke|p2|Keldeo-Resolute|
|poke|p2|Ogerpon, F|
|teampreview
|
|t:|1781158803
|teamsize|p1|6
|teamsize|p2|6
|start
|switch|p1a: Moltres|Moltres|100/100
|switch|p2a: Keldeo|Keldeo-Resolute|100/100
|turn|1
|inactive|Battle timer is ON: inactive players will automatically lose when time's up. (requested by zippitytippity)
|c|☆zippitytippity|stay in
|
|t:|1781158835
|switch|p1a: Sinistcha|Sinistcha|100/100
|move|p2a: Keldeo|Flip Turn|p1a: Sinistcha
|-resisted|p1a: Sinistcha
|-damage|p1a: Sinistcha|95/100
|
|t:|1781158841
|switch|p2a: Ursaluna|Ursaluna, M, shiny|100/100|[from] Flip Turn
|
|-status|p2a: Ursaluna|brn|[from] item: Flame Orb
|upkeep
|turn|2
|
|t:|1781158845
|move|p1a: Sinistcha|Matcha Gotcha|p2a: Ursaluna
|-supereffective|p2a: Ursaluna
|-damage|p2a: Ursaluna|47/100 brn
|-heal|p1a: Sinistcha|100/100|[from] drain|[of] p2a: Ursaluna
|move|p2a: Ursaluna|Ice Punch|p1a: Sinistcha
|-supereffective|p1a: Sinistcha
|-crit|p1a: Sinistcha
|-damage|p1a: Sinistcha|3/100
|
|-damage|p2a: Ursaluna|41/100 brn|[from] brn
|upkeep
|turn|3
|
|t:|1781158856
|switch|p2a: Ogerpon|Ogerpon, F|100/100
|move|p1a: Sinistcha|Strength Sap|p2a: Ogerpon
|-unboost|p2a: Ogerpon|atk|1
|-ability|p2a: Ogerpon|Defiant|boost
|-boost|p2a: Ogerpon|atk|2
|-heal|p1a: Sinistcha|100/100
|
|upkeep
|turn|4
|
|t:|1781158862
|switch|p1a: Moltres|Moltres|100/100
|move|p2a: Ogerpon|Knock Off|p1a: Moltres
|-damage|p1a: Moltres|35/100
|-enditem|p1a: Moltres|Heavy-Duty Boots|[from] move: Knock Off|[of] p2a: Ogerpon
|
|upkeep
|turn|5
|
|t:|1781158866
|move|p2a: Ogerpon|Knock Off|p1a: Moltres
|-damage|p1a: Moltres|0 fnt
|-status|p2a: Ogerpon|brn|[from] ability: Flame Body|[of] p1a: Moltres
|faint|p1a: Moltres
|
|-damage|p2a: Ogerpon|95/100 brn|[from] brn
|upkeep
|j| testingrainteam1
|
|t:|1781158874
|switch|p1a: Clefable|Clefable, F|100/100
|turn|6
|
|t:|1781158879
|switch|p2a: Hatterene|Hatterene, F, shiny|100/100
|move|p1a: Clefable|Moonblast|p2a: Hatterene
|-damage|p2a: Hatterene|68/100
|
|upkeep
|turn|7
|
|t:|1781158886
|move|p1a: Clefable|Knock Off|p2a: Hatterene
|-damage|p2a: Hatterene|53/100
|-enditem|p2a: Hatterene|Focus Sash|[from] move: Knock Off|[of] p1a: Clefable
|move|p2a: Hatterene|Trick Room|p2a: Hatterene
|-fieldstart|move: Trick Room|[of] p2a: Hatterene
|
|upkeep
|turn|8
|
|t:|1781158891
|move|p2a: Hatterene|Psychic Noise|p1a: Clefable
|-damage|p1a: Clefable|56/100
|-start|p1a: Clefable|move: Heal Block
|move|p1a: Clefable|Moonblast|p2a: Hatterene
|-damage|p2a: Hatterene|23/100
|-unboost|p2a: Hatterene|spa|1
|
|upkeep
|turn|9
|
|t:|1781158895
|switch|p1a: Ting-Lu|Ting-Lu|100/100
|-ability|p1a: Ting-Lu|Vessel of Ruin
|move|p2a: Hatterene|Dazzling Gleam|p1a: Ting-Lu
|-supereffective|p1a: Ting-Lu
|-damage|p1a: Ting-Lu|71/100
|
|-heal|p1a: Ting-Lu|78/100|[from] item: Leftovers
|upkeep
|turn|10
|
|t:|1781158900
|move|p2a: Hatterene|Dazzling Gleam|p1a: Ting-Lu
|-supereffective|p1a: Ting-Lu
|-damage|p1a: Ting-Lu|52/100
|move|p1a: Ting-Lu|Earthquake|p2a: Hatterene
|-damage|p2a: Hatterene|0 fnt
|faint|p2a: Hatterene
|
|-heal|p1a: Ting-Lu|58/100|[from] item: Leftovers
|upkeep
|
|t:|1781158902
|switch|p2a: Ursaluna|Ursaluna, M, shiny|41/100 brn
|turn|11
|
|t:|1781158906
|switch|p1a: Sinistcha|Sinistcha|100/100
|move|p2a: Ursaluna|Ice Punch|p1a: Sinistcha
|-supereffective|p1a: Sinistcha
|-damage|p1a: Sinistcha|39/100
|
|-damage|p2a: Ursaluna|35/100 brn|[from] brn
|-fieldend|move: Trick Room
|upkeep
|turn|12
|
|t:|1781158909
|switch|p2a: Ogerpon|Ogerpon, F|95/100 brn
|move|p1a: Sinistcha|Strength Sap|p2a: Ogerpon
|-unboost|p2a: Ogerpon|atk|1
|-ability|p2a: Ogerpon|Defiant|boost
|-boost|p2a: Ogerpon|atk|2
|-heal|p1a: Sinistcha|100/100
|
|-damage|p2a: Ogerpon|89/100 brn|[from] brn
|upkeep
|turn|13
|
|t:|1781158911
|move|p2a: Ogerpon|Knock Off|p1a: Sinistcha
|-supereffective|p1a: Sinistcha
|-damage|p1a: Sinistcha|53/100
|-enditem|p1a: Sinistcha|Heavy-Duty Boots|[from] move: Knock Off|[of] p2a: Ogerpon
|move|p1a: Sinistcha|Calm Mind|p1a: Sinistcha
|-boost|p1a: Sinistcha|spa|1
|-boost|p1a: Sinistcha|spd|1
|
|-damage|p2a: Ogerpon|83/100 brn|[from] brn
|upkeep
|turn|14
|
|t:|1781158915
|move|p2a: Ogerpon|Knock Off|p1a: Sinistcha
|-supereffective|p1a: Sinistcha
|-damage|p1a: Sinistcha|20/100
|move|p1a: Sinistcha|Matcha Gotcha|p2a: Ogerpon
|-resisted|p2a: Ogerpon
|-damage|p2a: Ogerpon|55/100 brn
|-heal|p1a: Sinistcha|32/100|[from] drain|[of] p2a: Ogerpon
|
|-damage|p2a: Ogerpon|49/100 brn|[from] brn
|upkeep
|turn|15
|
|t:|1781158922
|move|p2a: Ogerpon|Knock Off|p1a: Sinistcha
|-supereffective|p1a: Sinistcha
|-damage|p1a: Sinistcha|0 fnt
|faint|p1a: Sinistcha
|
|-damage|p2a: Ogerpon|43/100 brn|[from] brn
|upkeep
|
|t:|1781158931
|switch|p1a: Samurott|Samurott-Hisui, F|100/100
|turn|16
|
|t:|1781158934
|switch|p2a: Keldeo|Keldeo-Resolute|100/100
|move|p1a: Samurott|Ceaseless Edge|p2a: Keldeo
|-resisted|p2a: Keldeo
|-damage|p2a: Keldeo|73/100
|-ability|p2a: Keldeo|Justified|boost
|-boost|p2a: Keldeo|atk|1
|-sidestart|p2: zippitytippity|Spikes
|
|upkeep
|turn|17
|
|t:|1781158943
|switch|p1a: Clefable|Clefable, F|56/100
|move|p2a: Keldeo|Secret Sword|p1a: Clefable
|-resisted|p1a: Clefable
|-damage|p1a: Clefable|28/100
|
|-heal|p1a: Clefable|34/100|[from] item: Leftovers
|upkeep
|turn|18
|
|t:|1781158966
|switch|p2a: Cresselia|Cresselia, F, shiny|100/100
|move|p1a: Clefable|Moonlight|p1a: Clefable
|-heal|p1a: Clefable|84/100
|
|-heal|p1a: Clefable|90/100|[from] item: Leftovers
|upkeep
|turn|19
|
|t:|1781158981
|move|p2a: Cresselia|Lunar Dance|p2a: Cresselia
|faint|p2a: Cresselia
|move|p1a: Clefable|Stealth Rock|p2: Cresselia
|-sidestart|p2: zippitytippity|move: Stealth Rock
|
|-heal|p1a: Clefable|96/100|[from] item: Leftovers
|upkeep
|
|t:|1781158983
|switch|p2a: Ogerpon|Ogerpon, F|43/100 brn
|-heal|p2a: Ogerpon|100/100|[from] move: Lunar Dance
|-damage|p2a: Ogerpon|88/100|[from] Spikes
|-damage|p2a: Ogerpon|76/100|[from] Stealth Rock
|turn|20
|j| J2icyy
|
|t:|1781158989
|-terastallize|p2a: Ogerpon|Grass
|detailschange|p2a: Ogerpon|Ogerpon-Teal-Tera, F, tera:Grass
|-ability|p2a: Ogerpon|Embody Aspect (Teal)|boost
|-boost|p2a: Ogerpon|spe|1
|move|p2a: Ogerpon|Ivy Cudgel|p1a: Clefable
|-damage|p1a: Clefable|23/100
|move|p1a: Clefable|Moonblast|p2a: Ogerpon
|-damage|p2a: Ogerpon|42/100
|
|-heal|p1a: Clefable|29/100|[from] item: Leftovers
|upkeep
|turn|21
|
|t:|1781158998
|move|p2a: Ogerpon|Ivy Cudgel|p1a: Clefable
|-damage|p1a: Clefable|0 fnt
|faint|p1a: Clefable
|
|upkeep
|
|t:|1781159000
|switch|p1a: Kommo-o|Kommo-o, F|100/100
|turn|22
|
|t:|1781159008
|switch|p2a: Iron Valiant|Iron Valiant|100/100
|-damage|p2a: Iron Valiant|88/100|[from] Spikes
|-damage|p2a: Iron Valiant|82/100|[from] Stealth Rock
|-enditem|p2a: Iron Valiant|Booster Energy
|-activate|p2a: Iron Valiant|ability: Quark Drive|[fromitem]
|-start|p2a: Iron Valiant|quarkdrivespe
|move|p1a: Kommo-o|Bulk Up|p1a: Kommo-o
|-boost|p1a: Kommo-o|atk|1
|-boost|p1a: Kommo-o|def|1
|
|upkeep
|turn|23
|
|t:|1781159012
|-terastallize|p1a: Kommo-o|Steel
|move|p2a: Iron Valiant|Encore|p1a: Kommo-o
|-start|p1a: Kommo-o|Encore
|move|p1a: Kommo-o|Bulk Up|p1a: Kommo-o
|-boost|p1a: Kommo-o|atk|1
|-boost|p1a: Kommo-o|def|1
|
|upkeep
|turn|24
|
|t:|1781159022
|switch|p1a: Ting-Lu|Ting-Lu|58/100
|-ability|p1a: Ting-Lu|Vessel of Ruin
|move|p2a: Iron Valiant|Close Combat|p1a: Ting-Lu
|-supereffective|p1a: Ting-Lu
|-damage|p1a: Ting-Lu|0 fnt
|-unboost|p2a: Iron Valiant|def|1
|-unboost|p2a: Iron Valiant|spd|1
|faint|p1a: Ting-Lu
|
|upkeep
|
|t:|1781159029
|switch|p1a: Samurott|Samurott-Hisui, F|100/100
|turn|25
|
|t:|1781159031
|move|p2a: Iron Valiant|Moonblast|p1a: Samurott
|-supereffective|p1a: Samurott
|-damage|p1a: Samurott|0 fnt
|faint|p1a: Samurott
|
|upkeep
|-message|jonuz forfeited.
|
|win|zippitytippity
|raw|jonuz's rating: 1594 &rarr; <strong>1574</strong><br />(-20 for losing)
|raw|zippitytippity's rating: 1588 &rarr; <strong>1608</strong><br />(+20 for winning)
|l|☆jonuz
|player|p1|
|l|☆zippitytippity
|player|p2|
|l| testingrainteam1
