|j|☆omari p
|j|☆uu7gwasbetter
|t:|1781359566
|gametype|singles
|player|p1|omari p|pokemonrangerf|1540
|player|p2|uu7gwasbetter|170|1530
|gen|9
|tier|[Gen 9] OU
|rated|
|rule|HP Percentage Mod: HP is shown in percentages
|rule|Endless Battle Clause: Forcing endless battles is banned
|rule|Species Clause: Limit one of each Pokémon
|rule|OHKO Clause: OHKO moves are banned
|rule|Evasion Items Clause: Evasion items are banned
|rule|Evasion Moves Clause: Evasion moves are banned
|rule|Evasion Abilities Clause: Evasion abilities are banned
|rule|Sleep Moves Clause: Sleep-inducing moves are banned
|clearpoke
|poke|p1|Thundurus-Therian, M|
|poke|p1|Cinderace, M|
|poke|p1|Mandibuzz, F|
|poke|p1|Latios, M|
|poke|p1|Deoxys-Speed|
|poke|p1|Iron Hands|
|poke|p2|Torkoal, F|
|poke|p2|Dragapult, M|
|poke|p2|Iron Moth|
|poke|p2|Kingambit, F|
|poke|p2|Ceruledge, M|
|poke|p2|Staraptor, M|
|teampreview
|inactive|Battle timer is ON: inactive players will automatically lose when time's up. (requested by uu7gwasbetter)
|inactive|omari p has 120 seconds left.
|j| 1st grade lad lj
|inactive|omari p has 90 seconds left.
|
|t:|1781359640
|teamsize|p1|6
|teamsize|p2|6
|start
|switch|p1a: Deoxys|Deoxys-Speed|100/100
|switch|p2a: Staraptor|Staraptor, M|100/100
|-ability|p1a: Deoxys|Pressure
|turn|1
|l|☆uu7gwasbetter
|inactive|uu7gwasbetter disconnected and has a minute to reconnect!
|player|p2|
|j|☆uu7gwasbetter
|inactive|uu7gwasbetter reconnected and has 120 seconds left.
|player|p2|uu7gwasbetter|170|
|
|t:|1781359674
|move|p1a: Deoxys|Stealth Rock|p2a: Staraptor
|-sidestart|p2: uu7gwasbetter|move: Stealth Rock
|move|p2a: Staraptor|U-turn|p1a: Deoxys
|-supereffective|p1a: Deoxys
|-damage|p1a: Deoxys|36/100
|inactive|uu7gwasbetter has 120 seconds left.
|
|t:|1781359697
|switch|p2a: Torkoal|Torkoal, F|100/100|[from] U-turn
|-weather|SunnyDay|[from] ability: Drought|[of] p2a: Torkoal
|
|-weather|SunnyDay|[upkeep]
|upkeep
|turn|2
|
|t:|1781359704
|move|p1a: Deoxys|Psycho Boost|p2a: Torkoal
|-damage|p2a: Torkoal|37/100
|-unboost|p1a: Deoxys|spa|2
|move|p2a: Torkoal|Rapid Spin|p1a: Deoxys
|-damage|p1a: Deoxys|21/100
|-boost|p2a: Torkoal|spe|1
|-sideend|p2: uu7gwasbetter|Stealth Rock|[from] move: Rapid Spin|[of] p2a: Torkoal
|
|-weather|SunnyDay|[upkeep]
|upkeep
|turn|3
|
|t:|1781359708
|move|p1a: Deoxys|Stealth Rock|p2a: Torkoal
|-sidestart|p2: uu7gwasbetter|move: Stealth Rock
|move|p2a: Torkoal|Rapid Spin|p1a: Deoxys
|-damage|p1a: Deoxys|6/100
|-boost|p2a: Torkoal|spe|1
|-sideend|p2: uu7gwasbetter|Stealth Rock|[from] move: Rapid Spin|[of] p2a: Torkoal
|
|-weather|SunnyDay|[upkeep]
|upkeep
|turn|4
|inactive|uu7gwasbetter has 120 seconds left.
|
|t:|1781359721
|move|p1a: Deoxys|Psycho Boost|p2a: Torkoal
|-damage|p2a: Torkoal|7/100
|-unboost|p1a: Deoxys|spa|2
|move|p2a: Torkoal|Rapid Spin|p1a: Deoxys
|-damage|p1a: Deoxys|0 fnt
|-boost|p2a: Torkoal|spe|1
|faint|p1a: Deoxys
|
|-weather|SunnyDay|[upkeep]
|upkeep
|
|t:|1781359728
|switch|p1a: Cinderace|Cinderace, M|100/100
|turn|5
|
|t:|1781359730
|move|p1a: Cinderace|Pyro Ball|p2a: Torkoal
|-resisted|p2a: Torkoal
|-damage|p2a: Torkoal|0 fnt
|faint|p2a: Torkoal
|
|-weather|none
|upkeep
|
|t:|1781359734
|switch|p2a: Dragapult|Dragapult, M|100/100
|turn|6
|
|t:|1781359737
|move|p1a: Cinderace|Sucker Punch||[still]
|-fail|p1a: Cinderace
|move|p2a: Dragapult|Substitute|p2a: Dragapult
|-start|p2a: Dragapult|Substitute
|-damage|p2a: Dragapult|76/100
|
|-heal|p2a: Dragapult|82/100|[from] item: Leftovers
|upkeep
|turn|7
|
|t:|1781359740
|move|p2a: Dragapult|Dragon Darts|p1a: Cinderace
|-damage|p1a: Cinderace|63/100
|-anim|p2a: Dragapult|Dragon Darts|p1a: Cinderace
|-damage|p1a: Cinderace|22/100
|move|p1a: Cinderace|Pyro Ball|p2a: Dragapult
|-resisted|p2a: Dragapult
|-end|p2a: Dragapult|Substitute
|
|-heal|p2a: Dragapult|88/100|[from] item: Leftovers
|upkeep
|turn|8
|
|t:|1781359747
|switch|p1a: Mandibuzz|Mandibuzz, F, shiny|100/100
|move|p2a: Dragapult|Substitute|p2a: Dragapult
|-start|p2a: Dragapult|Substitute
|-damage|p2a: Dragapult|63/100
|
|-heal|p2a: Dragapult|69/100|[from] item: Leftovers
|upkeep
|turn|9
|
|t:|1781359749
|move|p2a: Dragapult|Dragon Darts|p1a: Mandibuzz
|-damage|p1a: Mandibuzz|84/100
|-anim|p2a: Dragapult|Dragon Darts|p1a: Mandibuzz
|-damage|p1a: Mandibuzz|69/100
|move|p1a: Mandibuzz|Foul Play|p2a: Dragapult
|-supereffective|p2a: Dragapult
|-end|p2a: Dragapult|Substitute
|
|-heal|p2a: Dragapult|75/100|[from] item: Leftovers
|upkeep
|turn|10
|
|t:|1781359759
|switch|p2a: Staraptor|Staraptor, M|100/100
|move|p1a: Mandibuzz|Roost|p1a: Mandibuzz
|-heal|p1a: Mandibuzz|100/100
|-singleturn|p1a: Mandibuzz|move: Roost
|
|upkeep
|turn|11
|
|t:|1781359761
|move|p2a: Staraptor|Final Gambit|p1a: Mandibuzz
|-damage|p1a: Mandibuzz|10/100
|faint|p2a: Staraptor
|move|p1a: Mandibuzz|Foul Play|p2: Staraptor|[notarget]
|-fail|p1a: Mandibuzz
|
|upkeep
|
|t:|1781359763
|switch|p2a: Iron Moth|Iron Moth|100/100
|-enditem|p2a: Iron Moth|Booster Energy
|-activate|p2a: Iron Moth|ability: Quark Drive|[fromitem]
|-start|p2a: Iron Moth|quarkdrivespe
|turn|12
|
|t:|1781359766
|switch|p1a: Iron Hands|Iron Hands|100/100
|move|p2a: Iron Moth|Fiery Dance|p1a: Iron Hands
|-damage|p1a: Iron Hands|78/100
|-boost|p2a: Iron Moth|spa|1
|
|upkeep
|turn|13
|
|t:|1781359794
|-terastallize|p2a: Iron Moth|Grass
|move|p2a: Iron Moth|Fiery Dance|p1a: Iron Hands
|-damage|p1a: Iron Hands|49/100
|move|p1a: Iron Hands|Supercell Slam|p2a: Iron Moth
|-resisted|p2a: Iron Moth
|-crit|p2a: Iron Moth
|-damage|p2a: Iron Moth|20/100
|
|upkeep
|turn|14
|
|t:|1781359818
|move|p2a: Iron Moth|Dazzling Gleam|p1a: Iron Hands
|-supereffective|p1a: Iron Hands
|-damage|p1a: Iron Hands|11/100
|move|p1a: Iron Hands|Ice Punch|p2a: Iron Moth
|-supereffective|p2a: Iron Moth
|-damage|p2a: Iron Moth|0 fnt
|faint|p2a: Iron Moth
|-end|p2a: Iron Moth|Quark Drive|[silent]
|
|upkeep
|inactive|uu7gwasbetter has 120 seconds left.
|
|t:|1781359853
|switch|p2a: Ceruledge|Ceruledge, M|100/100
|turn|15
|inactive|omari p has 120 seconds left.
|inactive|omari p has 90 seconds left.
|
|t:|1781359919
|move|p2a: Ceruledge|Swords Dance|p2a: Ceruledge
|-boost|p2a: Ceruledge|atk|2
|move|p1a: Iron Hands|Supercell Slam|p2a: Ceruledge
|-damage|p2a: Ceruledge|28/100
|-ability|p2a: Ceruledge|Weak Armor|boost
|-unboost|p2a: Ceruledge|def|1
|-boost|p2a: Ceruledge|spe|2
|
|upkeep
|turn|16
|inactive|uu7gwasbetter has 120 seconds left.
|
|t:|1781359925
|move|p2a: Ceruledge|Bitter Blade|p1a: Iron Hands
|-damage|p1a: Iron Hands|0 fnt
|-heal|p2a: Ceruledge|36/100|[from] drain|[of] p1a: Iron Hands
|faint|p1a: Iron Hands
|-end|p1a: Iron Hands|Quark Drive|[silent]
|
|upkeep
|
|t:|1781359928
|switch|p1a: Cinderace|Cinderace, M|22/100
|turn|17
|
|t:|1781359930
|move|p1a: Cinderace|Sucker Punch||[still]
|-fail|p1a: Cinderace
|move|p2a: Ceruledge|Destiny Bond|p2a: Ceruledge
|-singlemove|p2a: Ceruledge|Destiny Bond
|
|upkeep
|turn|18
|
|t:|1781359938
|move|p1a: Cinderace|Sucker Punch||[still]
|-fail|p1a: Cinderace
|move|p2a: Ceruledge|Swords Dance|p2a: Ceruledge
|-boost|p2a: Ceruledge|atk|2
|
|upkeep
|turn|19
|
|t:|1781359941
|move|p2a: Ceruledge|Destiny Bond|p2a: Ceruledge
|-singlemove|p2a: Ceruledge|Destiny Bond
|move|p1a: Cinderace|Pyro Ball|p2a: Ceruledge
|-resisted|p2a: Ceruledge
|-damage|p2a: Ceruledge|0 fnt
|faint|p2a: Ceruledge
|-activate|p2a: Ceruledge|move: Destiny Bond
|faint|p1a: Cinderace
|
|upkeep
|inactive|omari p has 120 seconds left.
|
|t:|1781359951
|switch|p1a: Mandibuzz|Mandibuzz, F, shiny|10/100
|switch|p2a: Dragapult|Dragapult, M|75/100
|turn|20
|
|t:|1781359954
|-terastallize|p1a: Mandibuzz|Fairy
|move|p2a: Dragapult|Dragon Darts|p1a: Mandibuzz
|-immune|p1a: Mandibuzz
|move|p1a: Mandibuzz|Foul Play|p2a: Dragapult
|-supereffective|p2a: Dragapult
|-damage|p2a: Dragapult|0 fnt
|faint|p2a: Dragapult
|
|upkeep
|
|t:|1781359956
|switch|p2a: Kingambit|Kingambit, F|100/100
|-activate|p2a: Kingambit|ability: Supreme Overlord
|-start|p2a: Kingambit|fallen5|[silent]
|turn|21
|
|t:|1781359959
|move|p2a: Kingambit|Iron Head|p1a: Mandibuzz
|-supereffective|p1a: Mandibuzz
|-damage|p1a: Mandibuzz|0 fnt
|-damage|p2a: Kingambit|84/100|[from] item: Rocky Helmet|[of] p1a: Mandibuzz
|faint|p1a: Mandibuzz
|
|upkeep
|
|t:|1781359965
|switch|p1a: Latios|Latios, M|100/100
|turn|22
|
|t:|1781359970
|move|p1a: Latios|Trick|p2a: Kingambit
|-activate|p1a: Latios|move: Trick|[of] p2a: Kingambit
|-item|p2a: Kingambit|Choice Scarf|[from] move: Trick
|-item|p1a: Latios|Focus Sash|[from] move: Trick
|move|p2a: Kingambit|Iron Head|p1a: Latios
|-damage|p1a: Latios|18/100
|
|upkeep
|turn|23
|
|t:|1781359975
|move|p1a: Latios|Ice Beam|p2a: Kingambit
|-resisted|p2a: Kingambit
|-damage|p2a: Kingambit|67/100
|move|p2a: Kingambit|Iron Head|p1a: Latios
|-damage|p1a: Latios|0 fnt
|faint|p1a: Latios
|
|upkeep
|
|t:|1781359977
|switch|p1a: Thundurus|Thundurus-Therian, M|100/100
|turn|24
|
|t:|1781359979
|move|p2a: Kingambit|Iron Head|p1a: Thundurus
|-resisted|p1a: Thundurus
|-damage|p1a: Thundurus|53/100
|move|p1a: Thundurus|Thunderbolt|p2a: Kingambit
|-damage|p2a: Kingambit|3/100
|
|-heal|p1a: Thundurus|59/100|[from] item: Leftovers
|upkeep
|turn|25
|
|t:|1781359984
|move|p2a: Kingambit|Iron Head|p1a: Thundurus
|-resisted|p1a: Thundurus
|-damage|p1a: Thundurus|15/100
|move|p1a: Thundurus|Thunderbolt|p2a: Kingambit
|-damage|p2a: Kingambit|0 fnt
|faint|p2a: Kingambit
|-end|p2a: Kingambit|fallen5|[silent]
|
|win|omari p
|raw|omari p's rating: 1540 &rarr; <strong>1559</strong><br />(+19 for winning)
|raw|uu7gwasbetter's rating: 1530 &rarr; <strong>1511</strong><br />(-19 for losing)
|l|☆uu7gwasbetter
|player|p2|
