|badge|p1|bronze|gen9ou|100-9
|uhtml|medal-msg|<div class="broadcast-blue">Curious what those medals under the avatar are? PS now has Ladder Seasons! For more information, check out the <a href="https://www.smogon.com/forums/threads/3740067/">thread on Smogon.</a></div>
|j|☆Auburn Hills
|j|☆extra-pseudo man
|t:|1781376448
|gametype|singles
|player|p1|Auburn Hills|alder|1770
|player|p2|extra-pseudo man|102|1663
|gen|9
|tier|[Gen 9] OU
|rated|
|rule|HP Percentage Mod: HP is shown in percentages
|rule|Endless Battle Clause: Forcing endless battles is banned
|rule|Species Clause: Limit one of each Pokémon
|rule|OHKO Clause: OHKO moves are banned
|rule|Evasion Items Clause: Evasion items are banned
|rule|Evasion Moves Clause: Evasion moves are banned
|rule|Evasion Abilities Clause: Evasion abilities are banned
|rule|Sleep Moves Clause: Sleep-inducing moves are banned
|clearpoke
|poke|p1|Iron Moth|
|poke|p1|Umbreon, F|
|poke|p1|Garchomp, F|
|poke|p1|Glimmora, M|
|poke|p1|Gholdengo|
|poke|p1|Dragonite, M|
|poke|p2|Dragonite, F|
|poke|p2|Dragapult, M|
|poke|p2|Tyranitar, F|
|poke|p2|Metagross|
|poke|p2|Goodra-Hisui, F|
|poke|p2|Garchomp, M|
|teampreview
|inactive|Battle timer is ON: inactive players will automatically lose when time's up. (requested by Auburn Hills)
|
|t:|1781376482
|teamsize|p1|6
|teamsize|p2|6
|start
|switch|p1a: Glimmora|Glimmora, M|100/100
|switch|p2a: The goot|Goodra-Hisui, F|100/100
|turn|1
|
|t:|1781376488
|switch|p1a: Alvvays|Umbreon, F|100/100
|move|p2a: The goot|Flash Cannon|p1a: Alvvays
|-damage|p1a: Alvvays|71/100
|
|-heal|p1a: Alvvays|77/100|[from] item: Leftovers
|upkeep
|turn|2
|
|t:|1781376494
|switch|p2a: Marill me|Garchomp, M|100/100
|move|p1a: Alvvays|Thunder Wave|p2a: Marill me
|-immune|p2a: Marill me
|
|-heal|p1a: Alvvays|83/100|[from] item: Leftovers
|upkeep
|turn|3
|
|t:|1781376498
|switch|p1a: Glimmora|Glimmora, M|100/100
|move|p2a: Marill me|Spikes|p1a: Glimmora
|-sidestart|p1: Auburn Hills|Spikes
|
|upkeep
|turn|4
|
|t:|1781376503
|move|p1a: Glimmora|Stealth Rock|p2a: Marill me
|-sidestart|p2: extra-pseudo man|move: Stealth Rock
|move|p2a: Marill me|Earthquake|p1a: Glimmora
|-supereffective|p1a: Glimmora
|-enditem|p1a: Glimmora|Focus Sash
|-damage|p1a: Glimmora|1/100
|-activate|p1a: Glimmora|ability: Toxic Debris
|-sidestart|p2: extra-pseudo man|move: Toxic Spikes
|
|upkeep
|turn|5
|
|t:|1781376506
|switch|p2a: The goot|Goodra-Hisui, F|100/100
|-damage|p2a: The goot|94/100|[from] Stealth Rock
|move|p1a: Glimmora|Mortal Spin|p2a: The goot
|-immune|p2a: The goot
|
|upkeep
|turn|6
|
|t:|1781376515
|move|p1a: Glimmora|Earth Power|p2a: The goot
|-supereffective|p2a: The goot
|-damage|p2a: The goot|42/100
|move|p2a: The goot|Draco Meteor|p1a: Glimmora
|-damage|p1a: Glimmora|0 fnt
|-unboost|p2a: The goot|spa|2
|faint|p1a: Glimmora
|
|upkeep
|
|t:|1781376520
|switch|p1a: Rat Tally|Garchomp, F|100/100
|-damage|p1a: Rat Tally|88/100|[from] Spikes
|turn|7
|
|t:|1781376549
|move|p1a: Rat Tally|Scale Shot|p2a: The goot
|-damage|p2a: The goot|27/100
|-damage|p2a: The goot|11/100
|-damage|p2a: The goot|0 fnt
|faint|p2a: The goot
|-hitcount|p2: The goot|3
|-unboost|p1a: Rat Tally|def|1
|-boost|p1a: Rat Tally|spe|1
|
|upkeep
|
|t:|1781376555
|switch|p2a: Marill me|Garchomp, M|100/100
|-damage|p2a: Marill me|94/100|[from] Stealth Rock
|-status|p2a: Marill me|psn
|turn|8
|
|t:|1781376558
|move|p1a: Rat Tally|Scale Shot|p2a: Marill me
|-supereffective|p2a: Marill me
|-damage|p2a: Marill me|78/100 psn
|-supereffective|p2a: Marill me
|-damage|p2a: Marill me|62/100 psn
|-supereffective|p2a: Marill me
|-damage|p2a: Marill me|45/100 psn
|-supereffective|p2a: Marill me
|-damage|p2a: Marill me|27/100 psn
|-supereffective|p2a: Marill me
|-damage|p2a: Marill me|10/100 psn
|-hitcount|p2a: Marill me|5
|-unboost|p1a: Rat Tally|def|1
|-boost|p1a: Rat Tally|spe|1
|move|p2a: Marill me|Dragon Tail|p1a: Rat Tally
|-supereffective|p1a: Rat Tally
|-damage|p1a: Rat Tally|0 fnt
|-damage|p2a: Marill me|0 fnt|[from] ability: Rough Skin|[of] p1a: Rat Tally
|faint|p1a: Rat Tally
|faint|p2a: Marill me
|
|upkeep
|
|t:|1781376569
|switch|p1a: Alvvays|Umbreon, F|83/100
|switch|p2a: kaboom|Metagross|100/100
|-damage|p2a: kaboom|95/100|[from] Stealth Rock
|-damage|p1a: Alvvays|71/100|[from] Spikes
|turn|9
|
|t:|1781376572
|move|p2a: kaboom|Heavy Slam|p1a: Alvvays
|-damage|p1a: Alvvays|0 fnt
|faint|p1a: Alvvays
|
|upkeep
|
|t:|1781376575
|switch|p1a: Smino|Gholdengo|100/100
|-damage|p1a: Smino|88/100|[from] Spikes
|turn|10
|
|t:|1781376578
|switch|p2a: Tyranocif|Tyranitar, F|100/100
|-damage|p2a: Tyranocif|88/100|[from] Stealth Rock
|-status|p2a: Tyranocif|psn
|-weather|Sandstorm|[from] ability: Sand Stream|[of] p2a: Tyranocif
|move|p1a: Smino|Shadow Ball|p2a: Tyranocif
|-resisted|p2a: Tyranocif
|-damage|p2a: Tyranocif|79/100 psn
|
|-weather|Sandstorm|[upkeep]
|-heal|p2a: Tyranocif|85/100 psn|[from] item: Leftovers
|-damage|p2a: Tyranocif|73/100 psn|[from] psn
|upkeep
|turn|11
|
|t:|1781376582
|switch|p1a: Elucid|Dragonite, M|100/100
|move|p2a: Tyranocif|Stealth Rock|p1a: Elucid
|-sidestart|p1: Auburn Hills|move: Stealth Rock
|
|-weather|Sandstorm|[upkeep]
|-damage|p1a: Elucid|94/100|[from] Sandstorm
|-heal|p2a: Tyranocif|79/100 psn|[from] item: Leftovers
|-damage|p2a: Tyranocif|67/100 psn|[from] psn
|upkeep
|turn|12
|
|t:|1781376587
|move|p1a: Elucid|Earthquake|p2a: Tyranocif
|-supereffective|p2a: Tyranocif
|-damage|p2a: Tyranocif|11/100 psn
|move|p2a: Tyranocif|Ice Beam|p1a: Elucid
|-supereffective|p1a: Elucid
|-damage|p1a: Elucid|6/100
|
|-weather|Sandstorm|[upkeep]
|-damage|p1a: Elucid|0 fnt|[from] Sandstorm
|faint|p1a: Elucid
|-heal|p2a: Tyranocif|17/100 psn|[from] item: Leftovers
|-damage|p2a: Tyranocif|5/100 psn|[from] psn
|upkeep
|
|t:|1781376590
|switch|p1a: Carly Rae|Iron Moth|100/100
|-damage|p1a: Carly Rae|88/100|[from] Spikes
|-damage|p1a: Carly Rae|63/100|[from] Stealth Rock
|-enditem|p1a: Carly Rae|Booster Energy
|-activate|p1a: Carly Rae|ability: Quark Drive|[fromitem]
|-start|p1a: Carly Rae|quarkdrivespe
|turn|13
|
|t:|1781376592
|move|p1a: Carly Rae|Fiery Dance|p2a: Tyranocif
|-resisted|p2a: Tyranocif
|-crit|p2a: Tyranocif
|-damage|p2a: Tyranocif|0 fnt
|faint|p2a: Tyranocif
|
|-weather|Sandstorm|[upkeep]
|-damage|p1a: Carly Rae|57/100|[from] Sandstorm
|upkeep
|
|t:|1781376596
|switch|p2a: He pulten on it|Dragapult, M|100/100
|turn|14
|
|t:|1781376600
|-terastallize|p1a: Carly Rae|Fairy
|move|p1a: Carly Rae|Dazzling Gleam|p2a: He pulten on it
|-supereffective|p2a: He pulten on it
|-damage|p2a: He pulten on it|0 fnt
|faint|p2a: He pulten on it
|
|-weather|none
|upkeep
|
|t:|1781376602
|switch|p2a: kaboom|Metagross|95/100
|-damage|p2a: kaboom|89/100|[from] Stealth Rock
|turn|15
|
|t:|1781376605
|-end|p1a: Carly Rae|Quark Drive|[silent]
|switch|p1a: Smino|Gholdengo|88/100
|-damage|p1a: Smino|76/100|[from] Spikes
|-damage|p1a: Smino|70/100|[from] Stealth Rock
|move|p2a: kaboom|Bullet Punch|p1a: Smino
|-resisted|p1a: Smino
|-damage|p1a: Smino|51/100
|
|upkeep
|turn|16
|
|t:|1781376611
|switch|p2a: Chud|Dragonite, F|100/100
|move|p1a: Smino|Shadow Ball|p2a: Chud
|-damage|p2a: Chud|77/100
|
|upkeep
|turn|17
|
|t:|1781376616
|-terastallize|p2a: Chud|Normal
|move|p1a: Smino|Shadow Ball|p2a: Chud
|-immune|p2a: Chud
|move|p2a: Chud|Earthquake|p1a: Smino
|-supereffective|p1a: Smino
|-damage|p1a: Smino|0 fnt
|faint|p1a: Smino
|
|upkeep
|-message|Auburn Hills forfeited.
|
|win|extra-pseudo man
|raw|Auburn Hills's rating: 1770 &rarr; <strong>1744</strong><br />(-26 for losing)
|raw|extra-pseudo man's rating: 1663 &rarr; <strong>1689</strong><br />(+26 for winning)
|l|☆Auburn Hills
|player|p1|
|l|☆extra-pseudo man
|player|p2|
