|j|☆cumtd
|j|☆The real kurt tay
|t:|1781425333
|gametype|singles
|player|p1|cumtd|blue|1544
|player|p2|The real kurt tay|266|1645
|gen|9
|tier|[Gen 9] OU
|rated|
|rule|HP Percentage Mod: HP is shown in percentages
|rule|Endless Battle Clause: Forcing endless battles is banned
|rule|Species Clause: Limit one of each Pokémon
|rule|OHKO Clause: OHKO moves are banned
|rule|Evasion Items Clause: Evasion items are banned
|rule|Evasion Moves Clause: Evasion moves are banned
|rule|Evasion Abilities Clause: Evasion abilities are banned
|rule|Sleep Moves Clause: Sleep-inducing moves are banned
|clearpoke
|poke|p1|Weezing-Galar, M|
|poke|p1|Gliscor, F|
|poke|p1|Blissey, F|
|poke|p1|Corviknight, M|
|poke|p1|Dondozo, M|
|poke|p1|Toxapex, F|
|poke|p2|Garganacl, F|
|poke|p2|Raging Bolt|
|poke|p2|Gliscor, M|
|poke|p2|Ceruledge, M|
|poke|p2|Gholdengo|
|poke|p2|Samurott-Hisui, F|
|teampreview
|
|t:|1781425346
|teamsize|p1|6
|teamsize|p2|6
|start
|switch|p1a: Gliscor|Gliscor, F|100/100
|switch|p2a: Gliscor|Gliscor, M|100/100
|turn|1
|inactive|Battle timer is ON: inactive players will automatically lose when time's up. (requested by cumtd)
|
|t:|1781425349
|move|p1a: Gliscor|Protect|p1a: Gliscor
|-singleturn|p1a: Gliscor|Protect
|move|p2a: Gliscor|Knock Off|p1a: Gliscor
|-activate|p1a: Gliscor|move: Protect
|
|-status|p2a: Gliscor|tox|[from] item: Toxic Orb
|-status|p1a: Gliscor|tox|[from] item: Toxic Orb
|upkeep
|turn|2
|
|t:|1781425354
|move|p2a: Gliscor|Knock Off|p1a: Gliscor
|-damage|p1a: Gliscor|83/100 tox
|-enditem|p1a: Gliscor|Toxic Orb|[from] move: Knock Off|[of] p2a: Gliscor
|move|p1a: Gliscor|Swords Dance|p1a: Gliscor
|-boost|p1a: Gliscor|atk|2
|
|-heal|p1a: Gliscor|96/100 tox|[from] ability: Poison Heal
|upkeep
|turn|3
|
|t:|1781425366
|move|p2a: Gliscor|Swords Dance|p2a: Gliscor
|-boost|p2a: Gliscor|atk|2
|move|p1a: Gliscor|Swords Dance|p1a: Gliscor
|-boost|p1a: Gliscor|atk|2
|
|-heal|p1a: Gliscor|100/100 tox|[from] ability: Poison Heal
|upkeep
|turn|4
|
|t:|1781425375
|move|p2a: Gliscor|Swords Dance|p2a: Gliscor
|-boost|p2a: Gliscor|atk|2
|move|p1a: Gliscor|Swords Dance|p1a: Gliscor
|-boost|p1a: Gliscor|atk|2
|
|upkeep
|turn|5
|
|t:|1781425384
|move|p2a: Gliscor|Swords Dance|p2a: Gliscor
|-boost|p2a: Gliscor|atk|2
|move|p1a: Gliscor|Knock Off|p2a: Gliscor
|-damage|p2a: Gliscor|30/100 tox
|-enditem|p2a: Gliscor|Toxic Orb|[from] move: Knock Off|[of] p1a: Gliscor
|
|-heal|p2a: Gliscor|43/100 tox|[from] ability: Poison Heal
|upkeep
|turn|6
|
|t:|1781425388
|move|p2a: Gliscor|Protect|p2a: Gliscor
|-singleturn|p2a: Gliscor|Protect
|move|p1a: Gliscor|Knock Off|p2a: Gliscor
|-activate|p2a: Gliscor|move: Protect
|
|-heal|p2a: Gliscor|55/100 tox|[from] ability: Poison Heal
|upkeep
|turn|7
|
|t:|1781425391
|-terastallize|p1a: Gliscor|Dark
|move|p2a: Gliscor|Knock Off|p1a: Gliscor
|-resisted|p1a: Gliscor
|-damage|p1a: Gliscor|80/100 tox
|move|p1a: Gliscor|Knock Off|p2a: Gliscor
|-crit|p2a: Gliscor
|-damage|p2a: Gliscor|0 fnt
|faint|p2a: Gliscor
|
|-heal|p1a: Gliscor|92/100 tox|[from] ability: Poison Heal
|upkeep
|
|t:|1781425407
|switch|p2a: Ceruledge|Ceruledge, M|100/100
|-item|p2a: Ceruledge|Air Balloon
|turn|8
|
|t:|1781425410
|move|p2a: Ceruledge|Destiny Bond|p2a: Ceruledge
|-singlemove|p2a: Ceruledge|Destiny Bond
|move|p1a: Gliscor|Knock Off|p2a: Ceruledge
|-supereffective|p2a: Ceruledge
|-damage|p2a: Ceruledge|0 fnt
|-enditem|p2a: Ceruledge|Air Balloon
|faint|p2a: Ceruledge
|-activate|p2a: Ceruledge|move: Destiny Bond
|faint|p1a: Gliscor
|
|upkeep
|
|t:|1781425424
|switch|p2a: Gholdengo|Gholdengo|100/100
|switch|p1a: Weezing|Weezing-Galar, M|100/100
|-ability|p1a: Weezing|Neutralizing Gas
|turn|9
|
|t:|1781425428
|-end|p1a: Weezing|ability: Neutralizing Gas
|switch|p1a: Blissey|Blissey, F|100/100
|move|p2a: Gholdengo|Make It Rain|p1a: Blissey
|-damage|p1a: Blissey|79/100
|-unboost|p2a: Gholdengo|spa|1
|
|-heal|p1a: Blissey|86/100|[from] item: Leftovers
|upkeep
|turn|10
|
|t:|1781425433
|switch|p2a: Darius|Garganacl, F|100/100
|move|p1a: Blissey|Stealth Rock|p2a: Darius
|-sidestart|p2: The real kurt tay|move: Stealth Rock
|
|-heal|p1a: Blissey|92/100|[from] item: Leftovers
|upkeep
|turn|11
|
|t:|1781425438
|switch|p1a: Weezing|Weezing-Galar, M|100/100
|-ability|p1a: Weezing|Neutralizing Gas
|move|p2a: Darius|Stealth Rock|p1a: Weezing
|-sidestart|p1: cumtd|move: Stealth Rock
|
|upkeep
|turn|12
|
|t:|1781425445
|move|p2a: Darius|Protect|p2a: Darius
|-singleturn|p2a: Darius|Protect
|move|p1a: Weezing|Toxic Spikes|p2a: Darius
|-sidestart|p2: The real kurt tay|move: Toxic Spikes
|
|upkeep
|turn|13
|
|t:|1781425456
|move|p1a: Weezing|Will-O-Wisp|p2a: Darius|[miss]
|-miss|p1a: Weezing|p2a: Darius
|move|p2a: Darius|Salt Cure|p1a: Weezing
|-damage|p1a: Weezing|92/100
|-start|p1a: Weezing|Salt Cure
|
|-damage|p1a: Weezing|80/100|[from] Salt Cure
|upkeep
|turn|14
|
|t:|1781425463
|switch|p2a: Gholdengo|Gholdengo|100/100
|-damage|p2a: Gholdengo|94/100|[from] Stealth Rock
|move|p1a: Weezing|Will-O-Wisp|p2a: Gholdengo
|-status|p2a: Gholdengo|brn
|
|-damage|p2a: Gholdengo|88/100 brn|[from] brn
|-damage|p1a: Weezing|68/100|[from] Salt Cure
|upkeep
|turn|15
|
|t:|1781425466
|-end|p1a: Weezing|ability: Neutralizing Gas
|switch|p1a: Blissey|Blissey, F|92/100
|-damage|p1a: Blissey|79/100|[from] Stealth Rock
|move|p2a: Gholdengo|Make It Rain|p1a: Blissey
|-damage|p1a: Blissey|60/100
|-unboost|p2a: Gholdengo|spa|1
|
|-heal|p1a: Blissey|66/100|[from] item: Leftovers
|-damage|p2a: Gholdengo|82/100 brn|[from] brn
|upkeep
|turn|16
|
|t:|1781425471
|switch|p2a: Darius|Garganacl, F|100/100
|-damage|p2a: Darius|88/100|[from] Stealth Rock
|move|p1a: Blissey|Seismic Toss|p2a: Darius
|-damage|p2a: Darius|63/100
|
|-heal|p1a: Blissey|73/100|[from] item: Leftovers
|-heal|p2a: Darius|70/100|[from] item: Leftovers
|upkeep
|turn|17
|
|t:|1781425477
|switch|p1a: Weezing|Weezing-Galar, M|68/100
|-ability|p1a: Weezing|Neutralizing Gas
|move|p2a: Darius|Salt Cure|p1a: Weezing
|-damage|p1a: Weezing|58/100
|-start|p1a: Weezing|Salt Cure
|
|-heal|p2a: Darius|76/100|[from] item: Leftovers
|-damage|p1a: Weezing|46/100|[from] Salt Cure
|upkeep
|turn|18
|
|t:|1781425481
|switch|p2a: Gholdengo|Gholdengo|82/100 brn
|-damage|p2a: Gholdengo|76/100 brn|[from] Stealth Rock
|move|p1a: Weezing|Pain Split|p2a: Gholdengo
|-sethp|p2a: Gholdengo|63/100 brn|[from] move: Pain Split|[silent]
|-sethp|p1a: Weezing|59/100|[from] move: Pain Split
|
|-damage|p2a: Gholdengo|57/100 brn|[from] brn
|-damage|p1a: Weezing|47/100|[from] Salt Cure
|upkeep
|turn|19
|
|t:|1781425484
|-end|p1a: Weezing|ability: Neutralizing Gas
|switch|p1a: Blissey|Blissey, F|73/100
|-damage|p1a: Blissey|60/100|[from] Stealth Rock
|move|p2a: Gholdengo|Trick|p1a: Blissey
|-activate|p2a: Gholdengo|move: Trick|[of] p1a: Blissey
|-item|p1a: Blissey|Choice Scarf|[from] move: Trick
|-item|p2a: Gholdengo|Leftovers|[from] move: Trick
|
|-heal|p2a: Gholdengo|63/100 brn|[from] item: Leftovers
|-damage|p2a: Gholdengo|57/100 brn|[from] brn
|upkeep
|turn|20
|
|t:|1781425489
|move|p2a: Gholdengo|Recover|p2a: Gholdengo
|-heal|p2a: Gholdengo|100/100 brn
|move|p1a: Blissey|Soft-Boiled|p1a: Blissey
|-heal|p1a: Blissey|100/100
|
|-damage|p2a: Gholdengo|94/100 brn|[from] brn
|upkeep
|turn|21
|
|t:|1781425498
|switch|p1a: Toxapex|Toxapex, F|100/100
|-damage|p1a: Toxapex|88/100|[from] Stealth Rock
|move|p2a: Gholdengo|Shadow Ball|p1a: Toxapex
|-damage|p1a: Toxapex|55/100
|
|-heal|p2a: Gholdengo|100/100 brn|[from] item: Leftovers
|-damage|p2a: Gholdengo|94/100 brn|[from] brn
|upkeep
|turn|22
|
|t:|1781425502
|move|p2a: Gholdengo|Trick|p1a: Toxapex
|-activate|p2a: Gholdengo|move: Trick|[of] p1a: Toxapex
|-item|p1a: Toxapex|Leftovers|[from] move: Trick
|-item|p2a: Gholdengo|Covert Cloak|[from] move: Trick
|move|p1a: Toxapex|Recover|p1a: Toxapex
|-heal|p1a: Toxapex|100/100
|
|-damage|p2a: Gholdengo|88/100 brn|[from] brn
|upkeep
|turn|23
|
|t:|1781425510
|switch|p1a: Blissey|Blissey, F|100/100
|-damage|p1a: Blissey|88/100|[from] Stealth Rock
|move|p2a: Gholdengo|Shadow Ball|p1a: Blissey
|-immune|p1a: Blissey
|
|-damage|p2a: Gholdengo|82/100 brn|[from] brn
|upkeep
|turn|24
|
|t:|1781425521
|switch|p2a: Samurott|Samurott-Hisui, F|100/100
|-damage|p2a: Samurott|88/100|[from] Stealth Rock
|-status|p2a: Samurott|psn
|move|p1a: Blissey|Seismic Toss|p2a: Samurott
|-damage|p2a: Samurott|57/100 psn
|
|-damage|p2a: Samurott|45/100 psn|[from] psn
|upkeep
|turn|25
|
|t:|1781425526
|switch|p1a: Corviknight|Corviknight, M|100/100
|-damage|p1a: Corviknight|88/100|[from] Stealth Rock
|-ability|p1a: Corviknight|Pressure
|move|p2a: Samurott|Ceaseless Edge|p1a: Corviknight
|-damage|p1a: Corviknight|58/100
|-sidestart|p1: cumtd|Spikes
|
|-heal|p1a: Corviknight|64/100|[from] item: Leftovers
|-damage|p2a: Samurott|32/100 psn|[from] psn
|upkeep
|turn|26
|
|t:|1781425530
|switch|p2a: Gholdengo|Gholdengo|82/100 brn
|-damage|p2a: Gholdengo|76/100 brn|[from] Stealth Rock
|move|p1a: Corviknight|Defog|p2a: Gholdengo
|-immune|p2a: Gholdengo|[from] ability: Good as Gold
|
|-heal|p1a: Corviknight|70/100|[from] item: Leftovers
|-damage|p2a: Gholdengo|70/100 brn|[from] brn
|upkeep
|turn|27
|
|t:|1781425538
|switch|p1a: Blissey|Blissey, F|88/100
|-damage|p1a: Blissey|75/100|[from] Stealth Rock
|-damage|p1a: Blissey|63/100|[from] Spikes
|move|p2a: Gholdengo|Shadow Ball|p1a: Blissey
|-immune|p1a: Blissey
|
|-damage|p2a: Gholdengo|64/100 brn|[from] brn
|upkeep
|turn|28
|
|t:|1781425543
|move|p2a: Gholdengo|Recover|p2a: Gholdengo
|-heal|p2a: Gholdengo|100/100 brn
|move|p1a: Blissey|Soft-Boiled|p1a: Blissey
|-heal|p1a: Blissey|100/100
|
|-damage|p2a: Gholdengo|94/100 brn|[from] brn
|upkeep
|turn|29
|
|t:|1781425546
|switch|p1a: Toxapex|Toxapex, F|100/100
|-damage|p1a: Toxapex|88/100|[from] Stealth Rock
|-damage|p1a: Toxapex|76/100|[from] Spikes
|move|p2a: Gholdengo|Shadow Ball|p1a: Toxapex
|-damage|p1a: Toxapex|44/100
|
|-heal|p1a: Toxapex|50/100|[from] item: Leftovers
|-damage|p2a: Gholdengo|88/100 brn|[from] brn
|upkeep
|turn|30
|
|t:|1781425554
|switch|p2a: Darius|Garganacl, F|76/100
|-damage|p2a: Darius|63/100|[from] Stealth Rock
|move|p1a: Toxapex|Recover|p1a: Toxapex
|-heal|p1a: Toxapex|99/100
|
|-heal|p2a: Darius|70/100|[from] item: Leftovers
|-heal|p1a: Toxapex|100/100|[from] item: Leftovers
|upkeep
|turn|31
|
|t:|1781425565
|switch|p1a: Corviknight|Corviknight, M|70/100
|-damage|p1a: Corviknight|58/100|[from] Stealth Rock
|-ability|p1a: Corviknight|Pressure
|move|p2a: Darius|Salt Cure|p1a: Corviknight
|-damage|p1a: Corviknight|50/100
|-start|p1a: Corviknight|Salt Cure
|
|-heal|p1a: Corviknight|56/100|[from] item: Leftovers
|-heal|p2a: Darius|76/100|[from] item: Leftovers
|-damage|p1a: Corviknight|31/100|[from] Salt Cure
|upkeep
|turn|32
|
|t:|1781425570
|move|p1a: Corviknight|Roost|p1a: Corviknight
|-heal|p1a: Corviknight|81/100
|-singleturn|p1a: Corviknight|move: Roost
|move|p2a: Darius|Salt Cure|p1a: Corviknight
|-resisted|p1a: Corviknight
|-damage|p1a: Corviknight|76/100
|
|-heal|p1a: Corviknight|82/100|[from] item: Leftovers
|-heal|p2a: Darius|82/100|[from] item: Leftovers
|-damage|p1a: Corviknight|58/100|[from] Salt Cure
|upkeep
|turn|33
|
|t:|1781425584
|switch|p2a: Gholdengo|Gholdengo|88/100 brn
|-damage|p2a: Gholdengo|82/100 brn|[from] Stealth Rock
|move|p1a: Corviknight|Defog|p2a: Gholdengo
|-immune|p2a: Gholdengo|[from] ability: Good as Gold
|
|-heal|p1a: Corviknight|64/100|[from] item: Leftovers
|-damage|p2a: Gholdengo|76/100 brn|[from] brn
|-damage|p1a: Corviknight|39/100|[from] Salt Cure
|upkeep
|turn|34
|
|t:|1781425588
|switch|p2a: Samurott|Samurott-Hisui, F|32/100 psn
|-damage|p2a: Samurott|20/100 psn|[from] Stealth Rock
|switch|p1a: Blissey|Blissey, F|100/100
|-damage|p1a: Blissey|88/100|[from] Stealth Rock
|-damage|p1a: Blissey|75/100|[from] Spikes
|
|-damage|p2a: Samurott|7/100 psn|[from] psn
|upkeep
|turn|35
|
|t:|1781425594
|switch|p1a: Toxapex|Toxapex, F|100/100
|-damage|p1a: Toxapex|88/100|[from] Stealth Rock
|-damage|p1a: Toxapex|76/100|[from] Spikes
|move|p2a: Samurott|Ceaseless Edge|p1a: Toxapex
|-damage|p1a: Toxapex|48/100
|-sidestart|p1: cumtd|Spikes
|
|-heal|p1a: Toxapex|54/100|[from] item: Leftovers
|-damage|p2a: Samurott|0 fnt|[from] psn
|faint|p2a: Samurott
|upkeep
|
|t:|1781425601
|switch|p2a: Raging Bolt|Raging Bolt|100/100
|-damage|p2a: Raging Bolt|88/100|[from] Stealth Rock
|-status|p2a: Raging Bolt|psn
|turn|36
|
|t:|1781425605
|move|p2a: Raging Bolt|Volt Switch|p1a: Toxapex
|-supereffective|p1a: Toxapex
|-damage|p1a: Toxapex|0 fnt
|faint|p1a: Toxapex
|
|t:|1781425612
|-end|p2a: Raging Bolt|Protosynthesis|[silent]
|switch|p2a: Gholdengo|Gholdengo|76/100 brn|[from] Volt Switch
|-damage|p2a: Gholdengo|70/100 brn|[from] Stealth Rock
|
|-damage|p2a: Gholdengo|64/100 brn|[from] brn
|upkeep
|
|t:|1781425614
|switch|p1a: Blissey|Blissey, F|75/100
|-damage|p1a: Blissey|63/100|[from] Stealth Rock
|-damage|p1a: Blissey|46/100|[from] Spikes
|turn|37
|
|t:|1781425620
|switch|p2a: Darius|Garganacl, F|82/100
|-damage|p2a: Darius|70/100|[from] Stealth Rock
|move|p1a: Blissey|Soft-Boiled|p1a: Blissey
|-heal|p1a: Blissey|96/100
|
|-heal|p2a: Darius|76/100|[from] item: Leftovers
|upkeep
|turn|38
|
|t:|1781425627
|switch|p1a: Weezing|Weezing-Galar, M|47/100
|-ability|p1a: Weezing|Neutralizing Gas
|move|p2a: Darius|Salt Cure|p1a: Weezing
|-crit|p1a: Weezing
|-damage|p1a: Weezing|32/100
|-start|p1a: Weezing|Salt Cure
|
|-heal|p2a: Darius|82/100|[from] item: Leftovers
|-damage|p1a: Weezing|19/100|[from] Salt Cure
|upkeep
|turn|39
|
|t:|1781425632
|switch|p2a: Gholdengo|Gholdengo|64/100 brn
|-damage|p2a: Gholdengo|58/100 brn|[from] Stealth Rock
|move|p1a: Weezing|Pain Split|p2a: Gholdengo
|-sethp|p2a: Gholdengo|39/100 brn|[from] move: Pain Split|[silent]
|-sethp|p1a: Weezing|37/100|[from] move: Pain Split
|
|-damage|p2a: Gholdengo|33/100 brn|[from] brn
|-damage|p1a: Weezing|25/100|[from] Salt Cure
|upkeep
|turn|40
|
|t:|1781425636
|-end|p1a: Weezing|ability: Neutralizing Gas
|switch|p1a: Blissey|Blissey, F|96/100
|-damage|p1a: Blissey|84/100|[from] Stealth Rock
|-damage|p1a: Blissey|67/100|[from] Spikes
|move|p2a: Gholdengo|Recover|p2a: Gholdengo
|-heal|p2a: Gholdengo|83/100 brn
|
|-damage|p2a: Gholdengo|77/100 brn|[from] brn
|upkeep
|turn|41
|
|t:|1781425645
|switch|p2a: Darius|Garganacl, F|82/100
|-damage|p2a: Darius|70/100|[from] Stealth Rock
|move|p1a: Blissey|Seismic Toss|p2a: Darius
|-damage|p2a: Darius|45/100
|
|-heal|p2a: Darius|51/100|[from] item: Leftovers
|upkeep
|turn|42
|
|t:|1781425659
|switch|p1a: Weezing|Weezing-Galar, M|25/100
|-ability|p1a: Weezing|Neutralizing Gas
|move|p2a: Darius|Salt Cure|p1a: Weezing
|-damage|p1a: Weezing|16/100
|-start|p1a: Weezing|Salt Cure
|
|-heal|p2a: Darius|57/100|[from] item: Leftovers
|-damage|p1a: Weezing|4/100|[from] Salt Cure
|upkeep
|turn|43
|
|t:|1781425673
|-end|p1a: Weezing|ability: Neutralizing Gas
|switch|p1a: Corviknight|Corviknight, M|39/100
|-damage|p1a: Corviknight|27/100|[from] Stealth Rock
|-ability|p1a: Corviknight|Pressure
|switch|p2a: Gholdengo|Gholdengo|77/100 brn
|-damage|p2a: Gholdengo|71/100 brn|[from] Stealth Rock
|
|-heal|p1a: Corviknight|33/100|[from] item: Leftovers
|-damage|p2a: Gholdengo|65/100 brn|[from] brn
|upkeep
|turn|44
|
|t:|1781425680
|switch|p1a: Blissey|Blissey, F|67/100
|-damage|p1a: Blissey|55/100|[from] Stealth Rock
|-damage|p1a: Blissey|38/100|[from] Spikes
|move|p2a: Gholdengo|Make It Rain|p1a: Blissey
|-damage|p1a: Blissey|17/100
|-unboost|p2a: Gholdengo|spa|1
|
|-damage|p2a: Gholdengo|59/100 brn|[from] brn
|upkeep
|turn|45
|
|t:|1781425689
|switch|p2a: Darius|Garganacl, F|57/100
|-damage|p2a: Darius|45/100|[from] Stealth Rock
|move|p1a: Blissey|Soft-Boiled|p1a: Blissey
|-heal|p1a: Blissey|67/100
|
|-heal|p2a: Darius|51/100|[from] item: Leftovers
|upkeep
|turn|46
|
|t:|1781425696
|move|p1a: Blissey|Soft-Boiled|p1a: Blissey
|-heal|p1a: Blissey|100/100
|move|p2a: Darius|Salt Cure|p1a: Blissey
|-damage|p1a: Blissey|85/100
|-start|p1a: Blissey|Salt Cure
|
|-heal|p2a: Darius|57/100|[from] item: Leftovers
|-damage|p1a: Blissey|72/100|[from] Salt Cure
|upkeep
|turn|47
|
|t:|1781425701
|switch|p1a: Corviknight|Corviknight, M|33/100
|-damage|p1a: Corviknight|20/100|[from] Stealth Rock
|-ability|p1a: Corviknight|Pressure
|move|p2a: Darius|Salt Cure|p1a: Corviknight
|-damage|p1a: Corviknight|11/100
|-start|p1a: Corviknight|Salt Cure
|
|-heal|p1a: Corviknight|17/100|[from] item: Leftovers
|-heal|p2a: Darius|63/100|[from] item: Leftovers
|-damage|p1a: Corviknight|0 fnt|[from] Salt Cure
|faint|p1a: Corviknight
|upkeep
|
|t:|1781425706
|switch|p1a: Weezing|Weezing-Galar, M|4/100
|-ability|p1a: Weezing|Neutralizing Gas
|turn|48
|
|t:|1781425714
|switch|p2a: Gholdengo|Gholdengo|59/100 brn
|-damage|p2a: Gholdengo|53/100 brn|[from] Stealth Rock
|move|p1a: Weezing|Defog|p2a: Gholdengo
|-unboost|p2a: Gholdengo|evasion|1
|-sideend|p2: The real kurt tay|Toxic Spikes|[from] move: Defog|[of] p1a: Weezing
|-sideend|p2: The real kurt tay|Stealth Rock|[from] move: Defog|[of] p1a: Weezing
|-sideend|p1: cumtd|Spikes|[from] move: Defog|[of] p1a: Weezing
|-sideend|p1: cumtd|Stealth Rock|[from] move: Defog|[of] p1a: Weezing
|
|-damage|p2a: Gholdengo|47/100 brn|[from] brn
|upkeep
|turn|49
|
|t:|1781425722
|-end|p1a: Weezing|ability: Neutralizing Gas
|switch|p1a: Blissey|Blissey, F|72/100
|move|p2a: Gholdengo|Make It Rain|p1a: Blissey
|-damage|p1a: Blissey|52/100
|-unboost|p2a: Gholdengo|spa|1
|
|-damage|p2a: Gholdengo|41/100 brn|[from] brn
|upkeep
|turn|50
|
|t:|1781425728
|move|p2a: Gholdengo|Recover|p2a: Gholdengo
|-heal|p2a: Gholdengo|91/100 brn
|move|p1a: Blissey|Stealth Rock|p2a: Gholdengo
|-sidestart|p2: The real kurt tay|move: Stealth Rock
|
|-damage|p2a: Gholdengo|85/100 brn|[from] brn
|upkeep
|turn|51
|
|t:|1781425733
|switch|p2a: Darius|Garganacl, F|63/100
|-damage|p2a: Darius|51/100|[from] Stealth Rock
|move|p1a: Blissey|Stealth Rock||[still]
|-fail|p1a: Blissey
|
|-heal|p2a: Darius|57/100|[from] item: Leftovers
|upkeep
|turn|52
|
|t:|1781425738
|switch|p1a: Dondozo|Dondozo, M|100/100
|move|p2a: Darius|Salt Cure|p1a: Dondozo
|-damage|p1a: Dondozo|94/100
|-start|p1a: Dondozo|Salt Cure
|
|-heal|p1a: Dondozo|100/100|[from] item: Leftovers
|-heal|p2a: Darius|63/100|[from] item: Leftovers
|-damage|p1a: Dondozo|76/100|[from] Salt Cure
|upkeep
|turn|53
|
|t:|1781425745
|move|p1a: Dondozo|Waterfall|p2a: Darius
|-supereffective|p2a: Darius
|-damage|p2a: Darius|25/100
|move|p2a: Darius|Stealth Rock|p1a: Dondozo
|-sidestart|p1: cumtd|move: Stealth Rock
|
|-heal|p1a: Dondozo|82/100|[from] item: Leftovers
|-heal|p2a: Darius|31/100|[from] item: Leftovers
|-damage|p1a: Dondozo|57/100|[from] Salt Cure
|upkeep
|turn|54
|
|t:|1781425754
|-terastallize|p2a: Darius|Fairy
|move|p1a: Dondozo|Rest|p1a: Dondozo
|-status|p1a: Dondozo|slp|[from] move: Rest
|-heal|p1a: Dondozo|100/100 slp|[silent]
|move|p2a: Darius|Recover|p2a: Darius
|-heal|p2a: Darius|81/100
|
|-heal|p2a: Darius|87/100|[from] item: Leftovers
|-damage|p1a: Dondozo|76/100 slp|[from] Salt Cure
|upkeep
|turn|55
|
|t:|1781425758
|cant|p1a: Dondozo|slp
|move|p1a: Dondozo|Sleep Talk|p1a: Dondozo
|move|p1a: Dondozo|Curse|p1a: Dondozo|[from] move: Sleep Talk
|-unboost|p1a: Dondozo|spe|1
|-boost|p1a: Dondozo|atk|1
|-boost|p1a: Dondozo|def|1
|move|p2a: Darius|Salt Cure|p1a: Dondozo
|-damage|p1a: Dondozo|71/100 slp
|
|-heal|p2a: Darius|93/100|[from] item: Leftovers
|-heal|p1a: Dondozo|78/100 slp|[from] item: Leftovers
|-damage|p1a: Dondozo|53/100 slp|[from] Salt Cure
|upkeep
|turn|56
|
|t:|1781425765
|switch|p2a: Raging Bolt|Raging Bolt|88/100 psn
|-damage|p2a: Raging Bolt|76/100 psn|[from] Stealth Rock
|cant|p1a: Dondozo|slp
|move|p1a: Dondozo|Sleep Talk|p1a: Dondozo
|move|p1a: Dondozo|Curse|p1a: Dondozo|[from] move: Sleep Talk
|-unboost|p1a: Dondozo|spe|1
|-boost|p1a: Dondozo|atk|1
|-boost|p1a: Dondozo|def|1
|
|-heal|p1a: Dondozo|59/100 slp|[from] item: Leftovers
|-damage|p2a: Raging Bolt|63/100 psn|[from] psn
|-damage|p1a: Dondozo|34/100 slp|[from] Salt Cure
|upkeep
|turn|57
|
|t:|1781425770
|switch|p1a: Blissey|Blissey, F|52/100
|-damage|p1a: Blissey|40/100|[from] Stealth Rock
|move|p2a: Raging Bolt|Volt Switch|p1a: Blissey
|-damage|p1a: Blissey|28/100
|
|t:|1781425775
|-end|p2a: Raging Bolt|Protosynthesis|[silent]
|switch|p2a: Gholdengo|Gholdengo|85/100 brn|[from] Volt Switch
|-damage|p2a: Gholdengo|79/100 brn|[from] Stealth Rock
|
|-damage|p2a: Gholdengo|73/100 brn|[from] brn
|upkeep
|turn|58
|
|t:|1781425781
|move|p2a: Gholdengo|Shadow Ball|p1a: Blissey
|-immune|p1a: Blissey
|move|p1a: Blissey|Soft-Boiled|p1a: Blissey
|-heal|p1a: Blissey|78/100
|
|-damage|p2a: Gholdengo|67/100 brn|[from] brn
|upkeep
|turn|59
|
|t:|1781425787
|switch|p2a: Darius|Garganacl, F, tera:Fairy|93/100
|-damage|p2a: Darius|81/100|[from] Stealth Rock
|move|p1a: Blissey|Soft-Boiled|p1a: Blissey
|-heal|p1a: Blissey|100/100
|
|-heal|p2a: Darius|87/100|[from] item: Leftovers
|upkeep
|turn|60
|
|t:|1781425790
|switch|p1a: Dondozo|Dondozo, M|34/100 slp
|-damage|p1a: Dondozo|22/100 slp|[from] Stealth Rock
|move|p2a: Darius|Salt Cure|p1a: Dondozo
|-crit|p1a: Dondozo
|-damage|p1a: Dondozo|13/100 slp
|-start|p1a: Dondozo|Salt Cure
|
|-heal|p1a: Dondozo|19/100 slp|[from] item: Leftovers
|-heal|p2a: Darius|93/100|[from] item: Leftovers
|-damage|p1a: Dondozo|0 fnt|[from] Salt Cure
|faint|p1a: Dondozo
|upkeep
|
|t:|1781425792
|switch|p1a: Weezing|Weezing-Galar, M|4/100
|-ability|p1a: Weezing|Neutralizing Gas
|turn|61
|
|t:|1781425796
|switch|p2a: Gholdengo|Gholdengo|67/100 brn
|-damage|p2a: Gholdengo|61/100 brn|[from] Stealth Rock
|move|p1a: Weezing|Pain Split|p2a: Gholdengo
|-sethp|p2a: Gholdengo|32/100 brn|[from] move: Pain Split|[silent]
|-sethp|p1a: Weezing|31/100|[from] move: Pain Split
|
|-damage|p2a: Gholdengo|26/100 brn|[from] brn
|upkeep
|turn|62
|
|t:|1781425802
|move|p2a: Gholdengo|Make It Rain|p1a: Weezing
|-supereffective|p1a: Weezing
|-damage|p1a: Weezing|0 fnt
|-unboost|p2a: Gholdengo|spa|1
|faint|p1a: Weezing
|-end|p1a: Weezing|ability: Neutralizing Gas
|
|-damage|p2a: Gholdengo|20/100 brn|[from] brn
|upkeep
|
|t:|1781425803
|switch|p1a: Blissey|Blissey, F|100/100
|-damage|p1a: Blissey|88/100|[from] Stealth Rock
|turn|63
|
|t:|1781425805
|move|p2a: Gholdengo|Recover|p2a: Gholdengo
|-heal|p2a: Gholdengo|70/100 brn
|move|p1a: Blissey|Seismic Toss|p2a: Gholdengo
|-immune|p2a: Gholdengo
|
|-damage|p2a: Gholdengo|64/100 brn|[from] brn
|upkeep
|turn|64
|
|t:|1781425806
|move|p2a: Gholdengo|Recover|p2a: Gholdengo
|-heal|p2a: Gholdengo|100/100 brn
|move|p1a: Blissey|Seismic Toss|p2a: Gholdengo
|-immune|p2a: Gholdengo
|
|-damage|p2a: Gholdengo|94/100 brn|[from] brn
|upkeep
|turn|65
|
|t:|1781425809
|switch|p2a: Darius|Garganacl, F, tera:Fairy|93/100
|-damage|p2a: Darius|81/100|[from] Stealth Rock
|move|p1a: Blissey|Seismic Toss|p2a: Darius
|-damage|p2a: Darius|56/100
|
|-heal|p2a: Darius|62/100|[from] item: Leftovers
|upkeep
|turn|66
|
|t:|1781425811
|move|p1a: Blissey|Seismic Toss|p2a: Darius
|-damage|p2a: Darius|38/100
|move|p2a: Darius|Salt Cure|p1a: Blissey
|-damage|p1a: Blissey|73/100
|-start|p1a: Blissey|Salt Cure
|
|-heal|p2a: Darius|44/100|[from] item: Leftovers
|-damage|p1a: Blissey|61/100|[from] Salt Cure
|upkeep
|turn|67
|-message|cumtd forfeited.
|
|win|The real kurt tay
|raw|cumtd's rating: 1544 &rarr; <strong>1530</strong><br />(-14 for losing)
|raw|The real kurt tay's rating: 1645 &rarr; <strong>1659</strong><br />(+14 for winning)
|l|☆cumtd
|player|p1|
