|j|☆ykykp
|j|☆magikarp soup
|t:|1780999890
|gametype|singles
|player|p1|ykykp|1|1753
|player|p2|magikarp soup|medium|1771
|gen|9
|tier|[Gen 9] OU
|rated|
|rule|HP Percentage Mod: HP is shown in percentages
|rule|Endless Battle Clause: Forcing endless battles is banned
|rule|Species Clause: Limit one of each Pokémon
|rule|OHKO Clause: OHKO moves are banned
|rule|Evasion Items Clause: Evasion items are banned
|rule|Evasion Moves Clause: Evasion moves are banned
|rule|Evasion Abilities Clause: Evasion abilities are banned
|rule|Sleep Moves Clause: Sleep-inducing moves are banned
|clearpoke
|poke|p1|Iron Valiant|
|poke|p1|Pecharunt|
|poke|p1|Alomomola, M|
|poke|p1|Cinderace, M|
|poke|p1|Zamazenta-*|
|poke|p1|Ogerpon-Cornerstone, F|
|poke|p2|Cramorant, M|
|poke|p2|Ceruledge, F|
|poke|p2|Kingambit, F|
|poke|p2|Maushold|
|poke|p2|Dragonite, M|
|poke|p2|Enamorus, F|
|teampreview
|inactive|Battle timer is ON: inactive players will automatically lose when time's up. (requested by ykykp)
|
|t:|1780999900
|teamsize|p1|6
|teamsize|p2|6
|start
|switch|p1a: Ogerpon|Ogerpon-Cornerstone, F|100/100
|switch|p2a: Cramorant|Cramorant, M|100/100
|turn|1
|
|t:|1780999907
|move|p1a: Ogerpon|Knock Off|p2a: Cramorant
|-damage|p2a: Cramorant|14/100
|-enditem|p2a: Cramorant|Focus Sash|[from] move: Knock Off|[of] p1a: Ogerpon
|move|p2a: Cramorant|Tailwind|p2a: Cramorant
|-sidestart|p2: magikarp soup|move: Tailwind
|
|upkeep
|turn|2
|
|t:|1780999914
|move|p2a: Cramorant|Surf|p1a: Ogerpon
|-formechange|p2a: Cramorant|Cramorant-Gorging|
|-damage|p1a: Ogerpon|62/100
|move|p1a: Ogerpon|Trailblaze|p2a: Cramorant
|-damage|p2a: Cramorant|0 fnt
|-boost|p1a: Ogerpon|spe|1
|-damage|p1a: Ogerpon|37/100|[from] ability: Gulp Missile|[of] p2a: Cramorant
|-status|p1a: Ogerpon|par
|-formechange|p2a: Cramorant|Cramorant|
|faint|p2a: Cramorant
|
|upkeep
|inactive|magikarp soup has 120 seconds left.
|
|t:|1780999961
|switch|p2a: Kingambit|Kingambit, F|100/100
|-activate|p2a: Kingambit|ability: Supreme Overlord
|-start|p2a: Kingambit|fallen1|[silent]
|turn|3
|
|t:|1780999969
|move|p2a: Kingambit|Low Kick|p1a: Ogerpon
|-supereffective|p1a: Ogerpon
|-damage|p1a: Ogerpon|0 fnt
|faint|p1a: Ogerpon
|
|upkeep
|
|t:|1780999977
|switch|p1a: Iron Valiant|Iron Valiant|100/100
|turn|4
|inactive|magikarp soup has 120 seconds left.
|
|t:|1780999994
|-end|p2a: Kingambit|fallen1|[silent]
|switch|p2a: Ceruledge|Ceruledge, F|100/100
|-terastallize|p1a: Iron Valiant|Fairy
|move|p1a: Iron Valiant|Moonblast|p2a: Ceruledge
|-resisted|p2a: Ceruledge
|-damage|p2a: Ceruledge|43/100
|-unboost|p2a: Ceruledge|spa|1
|
|-sideend|p2: magikarp soup|move: Tailwind
|upkeep
|turn|5
|inactive|magikarp soup has 120 seconds left.
|
|t:|1781000004
|move|p1a: Iron Valiant|Moonblast|p2a: Ceruledge
|-resisted|p2a: Ceruledge
|-damage|p2a: Ceruledge|0 fnt
|faint|p2a: Ceruledge
|
|upkeep
|inactive|magikarp soup has 120 seconds left.
|
|t:|1781000014
|switch|p2a: Enamorus|Enamorus, F|100/100
|turn|6
|
|t:|1781000017
|-end|p1a: Iron Valiant|Quark Drive|[silent]
|switch|p1a: Pecharunt|Pecharunt|100/100
|move|p2a: Enamorus|Moonblast|p1a: Pecharunt
|-resisted|p1a: Pecharunt
|-damage|p1a: Pecharunt|77/100
|
|upkeep
|turn|7
|
|t:|1781000024
|move|p2a: Enamorus|Earth Power|p1a: Pecharunt
|-supereffective|p1a: Pecharunt
|-damage|p1a: Pecharunt|16/100
|move|p1a: Pecharunt|Parting Shot|p2a: Enamorus
|-unboost|p2a: Enamorus|atk|1
|-unboost|p2a: Enamorus|spa|1
|
|t:|1781000029
|switch|p1a: Iron Valiant|Iron Valiant, tera:Fairy|100/100|[from] Parting Shot
|
|upkeep
|turn|8
|j| Blind Alchemist亞
|
|t:|1781000046
|move|p1a: Iron Valiant|Moonblast|p2a: Enamorus
|-enditem|p2a: Enamorus|Focus Sash
|-damage|p2a: Enamorus|1/100
|move|p2a: Enamorus|Moonblast|p1a: Iron Valiant
|-damage|p1a: Iron Valiant|35/100
|
|upkeep
|turn|9
|
|t:|1781000050
|move|p1a: Iron Valiant|Moonblast|p2a: Enamorus
|-damage|p2a: Enamorus|0 fnt
|faint|p2a: Enamorus
|
|upkeep
|
|t:|1781000053
|switch|p2a: Dragonite|Dragonite, M|100/100
|turn|10
|
|t:|1781000059
|-end|p1a: Iron Valiant|Quark Drive|[silent]
|switch|p1a: Pecharunt|Pecharunt|16/100
|-terastallize|p2a: Dragonite|Fire
|move|p2a: Dragonite|Dragon Dance|p2a: Dragonite
|-boost|p2a: Dragonite|atk|1
|-boost|p2a: Dragonite|spe|1
|
|upkeep
|turn|11
|
|t:|1781000066
|move|p2a: Dragonite|Fire Punch|p1a: Pecharunt
|-damage|p1a: Pecharunt|0 fnt
|faint|p1a: Pecharunt
|
|upkeep
|
|t:|1781000069
|switch|p1a: Alomomola|Alomomola, M|100/100
|turn|12
|
|t:|1781000071
|move|p2a: Dragonite|Dragon Dance|p2a: Dragonite
|-boost|p2a: Dragonite|atk|1
|-boost|p2a: Dragonite|spe|1
|move|p1a: Alomomola|Flip Turn|p2a: Dragonite
|-supereffective|p2a: Dragonite
|-damage|p2a: Dragonite|83/100
|
|t:|1781000073
|switch|p1a: Zamazenta|Zamazenta|100/100|[from] Flip Turn
|-ability|p1a: Zamazenta|Dauntless Shield|boost
|-boost|p1a: Zamazenta|def|1
|
|upkeep
|turn|13
|
|t:|1781000077
|move|p2a: Dragonite|Fire Punch|p1a: Zamazenta
|-damage|p1a: Zamazenta|47/100
|move|p1a: Zamazenta|Close Combat|p2a: Dragonite
|-damage|p2a: Dragonite|0 fnt
|-unboost|p1a: Zamazenta|def|1
|-unboost|p1a: Zamazenta|spd|1
|faint|p2a: Dragonite
|
|upkeep
|
|t:|1781000084
|switch|p2a: Kingambit|Kingambit, F|100/100
|-activate|p2a: Kingambit|ability: Supreme Overlord
|-start|p2a: Kingambit|fallen4|[silent]
|turn|14
|
|t:|1781000087
|-end|p2a: Kingambit|fallen4|[silent]
|switch|p2a: Maushold|Maushold|100/100
|move|p1a: Zamazenta|Close Combat|p2a: Maushold
|-supereffective|p2a: Maushold
|-crit|p2a: Maushold
|-damage|p2a: Maushold|0 fnt
|-unboost|p1a: Zamazenta|def|1
|-unboost|p1a: Zamazenta|spd|1
|faint|p2a: Maushold
|
|upkeep
|
|t:|1781000089
|switch|p2a: Kingambit|Kingambit, F|100/100
|-activate|p2a: Kingambit|ability: Supreme Overlord
|-start|p2a: Kingambit|fallen5|[silent]
|turn|15
|
|t:|1781000093
|switch|p1a: Alomomola|Alomomola, M|100/100
|move|p2a: Kingambit|Sucker Punch||[still]
|-fail|p2a: Kingambit
|
|upkeep
|turn|16
|
|t:|1781000096
|move|p2a: Kingambit|Swords Dance|p2a: Kingambit
|-boost|p2a: Kingambit|atk|2
|move|p1a: Alomomola|Flip Turn|p2a: Kingambit
|-damage|p2a: Kingambit|86/100
|
|t:|1781000098
|switch|p1a: Iron Valiant|Iron Valiant, tera:Fairy|35/100|[from] Flip Turn
|
|upkeep
|turn|17
|
|t:|1781000100
|move|p1a: Iron Valiant|Vacuum Wave|p2a: Kingambit
|-supereffective|p2a: Kingambit
|-damage|p2a: Kingambit|0 fnt
|faint|p2a: Kingambit
|-end|p2a: Kingambit|fallen5|[silent]
|
|win|ykykp
|raw|ykykp's rating: 1753 &rarr; <strong>1774</strong><br />(+21 for winning)
|raw|magikarp soup's rating: 1771 &rarr; <strong>1750</strong><br />(-21 for losing)
|l|☆magikarp soup
|player|p2|
|l|☆ykykp
|player|p1|
