|j|☆kanitanku
|j|☆Mystic_Meloetta
|t:|1781010919
|gametype|singles
|player|p1|kanitanku|dawn|1604
|player|p2|Mystic_Meloetta|265|1567
|gen|9
|tier|[Gen 9] OU
|rated|
|rule|HP Percentage Mod: HP is shown in percentages
|rule|Endless Battle Clause: Forcing endless battles is banned
|rule|Species Clause: Limit one of each Pokémon
|rule|OHKO Clause: OHKO moves are banned
|rule|Evasion Items Clause: Evasion items are banned
|rule|Evasion Moves Clause: Evasion moves are banned
|rule|Evasion Abilities Clause: Evasion abilities are banned
|rule|Sleep Moves Clause: Sleep-inducing moves are banned
|clearpoke
|poke|p1|Garchomp, M|
|poke|p1|Kingambit, F|
|poke|p1|Corviknight, F|
|poke|p1|Iron Valiant|
|poke|p1|Kyurem|
|poke|p1|Samurott-Hisui, F|
|poke|p2|Jirachi|
|poke|p2|Garganacl, F|
|poke|p2|Quaquaval, F|
|poke|p2|Iron Valiant|
|poke|p2|Weezing-Galar, M|
|poke|p2|Meowscarada, F|
|teampreview
|
|t:|1781010932
|teamsize|p1|6
|teamsize|p2|6
|start
|switch|p1a: Garchomp|Garchomp, M|100/100
|switch|p2a: Iron Valiant|Iron Valiant|100/100
|turn|1
|
|t:|1781010937
|switch|p1a: Corviknight|Corviknight, F|100/100
|-ability|p1a: Corviknight|Pressure
|move|p2a: Iron Valiant|Moonblast|p1a: Corviknight
|-resisted|p1a: Corviknight
|-damage|p1a: Corviknight|77/100
|-unboost|p1a: Corviknight|spa|1
|
|upkeep
|turn|2
|
|t:|1781010947
|move|p2a: Iron Valiant|Thunderbolt|p1a: Corviknight
|-supereffective|p1a: Corviknight
|-damage|p1a: Corviknight|9/100
|move|p1a: Corviknight|U-turn|p2a: Iron Valiant
|-resisted|p2a: Iron Valiant
|-damage|p2a: Iron Valiant|96/100
|l|☆kanitanku
|player|p1|
|inactive|Battle timer is ON: inactive players will automatically lose when time's up. (requested by Mystic_Meloetta)
|j|☆kanitanku
|inactive|kanitanku reconnected and has 150 seconds left.
|player|p1|kanitanku|dawn|
|
|t:|1781011004
|switch|p1a: Samurott|Samurott-Hisui, F|100/100|[from] U-turn
|
|upkeep
|turn|3
|inactive|Mystic_Meloetta has 120 seconds left.
|
|t:|1781011045
|-terastallize|p1a: Samurott|Water
|move|p1a: Samurott|Razor Shell|p2a: Iron Valiant
|-damage|p2a: Iron Valiant|12/100
|-unboost|p2a: Iron Valiant|def|1
|move|p2a: Iron Valiant|Moonblast|p1a: Samurott
|-damage|p1a: Samurott|31/100
|
|upkeep
|turn|4
|
|t:|1781011063
|-end|p2a: Iron Valiant|Quark Drive|[silent]
|switch|p2a: Meowscarada|Meowscarada, F|100/100
|move|p1a: Samurott|Razor Shell|p2a: Meowscarada
|-resisted|p2a: Meowscarada
|-damage|p2a: Meowscarada|48/100
|
|upkeep
|turn|5
|
|t:|1781011069
|switch|p1a: Corviknight|Corviknight, F|9/100
|-ability|p1a: Corviknight|Pressure
|move|p2a: Meowscarada|U-turn|p1a: Corviknight
|-start|p2a: Meowscarada|typechange|Bug|[from] ability: Protean
|-resisted|p1a: Corviknight
|-damage|p1a: Corviknight|4/100
|-damage|p2a: Meowscarada|32/100|[from] item: Rocky Helmet|[of] p1a: Corviknight
|
|t:|1781011077
|switch|p2a: Jirachi|Jirachi|100/100|[from] U-turn
|
|upkeep
|turn|6
|
|t:|1781011087
|switch|p1a: Garchomp|Garchomp, M|100/100
|move|p2a: Jirachi|Iron Head|p1a: Garchomp
|-damage|p1a: Garchomp|70/100
|-damage|p2a: Jirachi|88/100|[from] ability: Rough Skin|[of] p1a: Garchomp
|
|-heal|p2a: Jirachi|94/100|[from] item: Leftovers
|upkeep
|turn|7
|
|t:|1781011095
|move|p2a: Jirachi|U-turn|p1a: Garchomp
|-damage|p1a: Garchomp|53/100
|-damage|p2a: Jirachi|82/100|[from] ability: Rough Skin|[of] p1a: Garchomp
|
|t:|1781011100
|switch|p2a: Iron Valiant|Iron Valiant|12/100|[from] U-turn
|move|p1a: Garchomp|Stealth Rock|p2a: Iron Valiant
|-sidestart|p2: Mystic_Meloetta|move: Stealth Rock
|
|upkeep
|turn|8
|
|t:|1781011103
|switch|p1a: Corviknight|Corviknight, F|4/100
|-ability|p1a: Corviknight|Pressure
|move|p2a: Iron Valiant|Moonblast|p1a: Corviknight
|-resisted|p1a: Corviknight
|-damage|p1a: Corviknight|0 fnt
|faint|p1a: Corviknight
|
|upkeep
|
|t:|1781011108
|switch|p1a: Samurott|Samurott-Hisui, F, tera:Water|31/100
|turn|9
|
|t:|1781011112
|-end|p2a: Iron Valiant|Quark Drive|[silent]
|switch|p2a: Weezing|Weezing-Galar, M|100/100
|-ability|p2a: Weezing|Neutralizing Gas
|-damage|p2a: Weezing|88/100|[from] Stealth Rock
|move|p1a: Samurott|Flip Turn|p2a: Weezing
|-damage|p2a: Weezing|64/100
|
|t:|1781011117
|switch|p1a: Kyurem|Kyurem|100/100|[from] Flip Turn
|
|-heal|p2a: Weezing|70/100|[from] item: Leftovers
|upkeep
|turn|10
|
|t:|1781011122
|-end|p2a: Weezing|ability: Neutralizing Gas
|-ability|p1a: Kyurem|Pressure
|switch|p2a: Quaquaval|Quaquaval, F|100/100
|-damage|p2a: Quaquaval|94/100|[from] Stealth Rock
|move|p1a: Kyurem|Substitute|p1a: Kyurem
|-start|p1a: Kyurem|Substitute
|-damage|p1a: Kyurem|75/100
|
|-heal|p1a: Kyurem|82/100|[from] item: Leftovers
|upkeep
|turn|11
|
|t:|1781011126
|move|p1a: Kyurem|Protect|p1a: Kyurem
|-singleturn|p1a: Kyurem|Protect
|move|p2a: Quaquaval|Rapid Spin|p1a: Kyurem
|-activate|p1a: Kyurem|move: Protect
|
|-heal|p1a: Kyurem|88/100|[from] item: Leftovers
|upkeep
|turn|12
|
|t:|1781011129
|move|p1a: Kyurem|Freeze-Dry|p2a: Quaquaval
|-supereffective|p2a: Quaquaval
|-damage|p2a: Quaquaval|60/100
|move|p2a: Quaquaval|Rapid Spin|p1a: Kyurem
|-crit|p1a: Kyurem
|-activate|p1a: Kyurem|move: Substitute|[damage]
|-sideend|p2: Mystic_Meloetta|Stealth Rock|[from] move: Rapid Spin|[of] p2a: Quaquaval
|-boost|p2a: Quaquaval|spe|1
|
|-heal|p1a: Kyurem|94/100|[from] item: Leftovers
|upkeep
|turn|13
|
|t:|1781011136
|move|p1a: Kyurem|Freeze-Dry|p2a: Quaquaval
|-supereffective|p2a: Quaquaval
|-damage|p2a: Quaquaval|22/100
|move|p2a: Quaquaval|U-turn|p1a: Kyurem
|-end|p1a: Kyurem|Substitute
|
|t:|1781011141
|switch|p2a: Iron Valiant|Iron Valiant|12/100|[from] U-turn
|
|-heal|p1a: Kyurem|99/100|[from] item: Leftovers
|upkeep
|turn|14
|
|t:|1781011143
|move|p1a: Kyurem|Protect|p1a: Kyurem
|-singleturn|p1a: Kyurem|Protect
|move|p2a: Iron Valiant|Moonblast|p1a: Kyurem
|-activate|p1a: Kyurem|move: Protect
|
|-heal|p1a: Kyurem|100/100|[from] item: Leftovers
|upkeep
|turn|15
|
|t:|1781011148
|switch|p1a: Kingambit|Kingambit, F|100/100
|-activate|p1a: Kingambit|ability: Supreme Overlord
|-start|p1a: Kingambit|fallen1|[silent]
|move|p2a: Iron Valiant|Moonblast|p1a: Kingambit
|-crit|p1a: Kingambit
|-damage|p1a: Kingambit|23/100
|-unboost|p1a: Kingambit|spa|1
|
|upkeep
|turn|16
|
|t:|1781011157
|-end|p2a: Iron Valiant|Quark Drive|[silent]
|switch|p2a: Quaquaval|Quaquaval, F|22/100
|move|p1a: Kingambit|Iron Head|p2a: Quaquaval
|-resisted|p2a: Quaquaval
|-damage|p2a: Quaquaval|0 fnt
|faint|p2a: Quaquaval
|
|upkeep
|
|t:|1781011162
|switch|p2a: Garganacl|Garganacl, F|100/100
|turn|17
|
|t:|1781011169
|move|p1a: Kingambit|Swords Dance|p1a: Kingambit
|-boost|p1a: Kingambit|atk|2
|move|p2a: Garganacl|Body Press|p1a: Kingambit
|-supereffective|p1a: Kingambit
|-damage|p1a: Kingambit|0 fnt
|faint|p1a: Kingambit
|-end|p1a: Kingambit|fallen1|[silent]
|
|upkeep
|
|t:|1781011180
|switch|p1a: Garchomp|Garchomp, M|53/100
|turn|18
|
|t:|1781011184
|move|p1a: Garchomp|Earthquake|p2a: Garganacl
|-supereffective|p2a: Garganacl
|-damage|p2a: Garganacl|48/100
|-damage|p1a: Garchomp|43/100|[from] item: Life Orb
|move|p2a: Garganacl|Salt Cure|p1a: Garchomp
|-resisted|p1a: Garchomp
|-damage|p1a: Garchomp|35/100
|-start|p1a: Garchomp|Salt Cure
|
|-heal|p2a: Garganacl|54/100|[from] item: Leftovers
|-damage|p1a: Garchomp|23/100|[from] Salt Cure
|upkeep
|turn|19
|
|t:|1781011192
|switch|p1a: Kyurem|Kyurem|100/100
|-ability|p1a: Kyurem|Pressure
|switch|p2a: Meowscarada|Meowscarada, F|32/100
|
|upkeep
|turn|20
|
|t:|1781011198
|move|p1a: Kyurem|Protect|p1a: Kyurem
|-singleturn|p1a: Kyurem|Protect
|move|p2a: Meowscarada|Knock Off|p1a: Kyurem
|-start|p2a: Meowscarada|typechange|Dark|[from] ability: Protean
|-activate|p1a: Kyurem|move: Protect
|
|upkeep
|turn|21
|
|t:|1781011206
|switch|p1a: Iron Valiant|Iron Valiant|100/100
|-enditem|p1a: Iron Valiant|Booster Energy
|-activate|p1a: Iron Valiant|ability: Quark Drive|[fromitem]
|-start|p1a: Iron Valiant|quarkdrivespe
|move|p2a: Meowscarada|Knock Off|p1a: Iron Valiant
|-resisted|p1a: Iron Valiant
|-damage|p1a: Iron Valiant|91/100
|
|upkeep
|turn|22
|
|t:|1781011211
|switch|p2a: Jirachi|Jirachi|82/100
|-end|p1a: Iron Valiant|Quark Drive|[silent]
|switch|p1a: Kyurem|Kyurem|100/100
|-ability|p1a: Kyurem|Pressure
|
|-heal|p2a: Jirachi|88/100|[from] item: Leftovers
|upkeep
|turn|23
|
|t:|1781011218
|move|p1a: Kyurem|Protect|p1a: Kyurem
|-singleturn|p1a: Kyurem|Protect
|move|p2a: Jirachi|Thunder Wave|p1a: Kyurem
|-activate|p1a: Kyurem|move: Protect
|
|-heal|p2a: Jirachi|94/100|[from] item: Leftovers
|upkeep
|turn|24
|
|t:|1781011224
|switch|p1a: Garchomp|Garchomp, M|23/100
|move|p2a: Jirachi|Iron Head|p1a: Garchomp
|-damage|p1a: Garchomp|0 fnt
|-damage|p2a: Jirachi|82/100|[from] ability: Rough Skin|[of] p1a: Garchomp
|faint|p1a: Garchomp
|
|-heal|p2a: Jirachi|88/100|[from] item: Leftovers
|upkeep
|
|t:|1781011228
|switch|p1a: Samurott|Samurott-Hisui, F, tera:Water|31/100
|turn|25
|
|t:|1781011239
|switch|p2a: Weezing|Weezing-Galar, M|70/100
|-ability|p2a: Weezing|Neutralizing Gas
|move|p1a: Samurott|Ceaseless Edge|p2a: Weezing|[miss]
|-miss|p1a: Samurott|p2a: Weezing
|
|-heal|p2a: Weezing|76/100|[from] item: Leftovers
|upkeep
|turn|26
|
|t:|1781011253
|switch|p1a: Kyurem|Kyurem|100/100
|move|p2a: Weezing|Strange Steam|p1a: Kyurem
|-supereffective|p1a: Kyurem
|-damage|p1a: Kyurem|48/100
|
|-heal|p1a: Kyurem|54/100|[from] item: Leftovers
|-heal|p2a: Weezing|82/100|[from] item: Leftovers
|upkeep
|turn|27
|
|t:|1781011262
|move|p1a: Kyurem|Earth Power|p2a: Weezing
|-supereffective|p2a: Weezing
|-damage|p2a: Weezing|3/100
|move|p2a: Weezing|Strange Steam|p1a: Kyurem
|-supereffective|p1a: Kyurem
|-damage|p1a: Kyurem|6/100
|
|-heal|p1a: Kyurem|12/100|[from] item: Leftovers
|-heal|p2a: Weezing|9/100|[from] item: Leftovers
|upkeep
|turn|28
|
|t:|1781011271
|move|p1a: Kyurem|Freeze-Dry|p2a: Weezing
|-damage|p2a: Weezing|0 fnt
|faint|p2a: Weezing
|-end|p2a: Weezing|ability: Neutralizing Gas
|-ability|p1a: Kyurem|Pressure
|
|-heal|p1a: Kyurem|19/100|[from] item: Leftovers
|upkeep
|
|t:|1781011276
|switch|p2a: Meowscarada|Meowscarada, F|32/100
|turn|29
|
|t:|1781011278
|move|p1a: Kyurem|Protect|p1a: Kyurem
|-singleturn|p1a: Kyurem|Protect
|move|p2a: Meowscarada|U-turn|p1a: Kyurem
|-start|p2a: Meowscarada|typechange|Bug|[from] ability: Protean
|-activate|p1a: Kyurem|move: Protect
|
|-heal|p1a: Kyurem|25/100|[from] item: Leftovers
|upkeep
|turn|30
|
|t:|1781011284
|move|p2a: Meowscarada|U-turn|p1a: Kyurem
|-damage|p1a: Kyurem|0 fnt
|faint|p1a: Kyurem
|
|t:|1781011288
|switch|p2a: Jirachi|Jirachi|88/100|[from] U-turn
|
|-heal|p2a: Jirachi|94/100|[from] item: Leftovers
|upkeep
|
|t:|1781011294
|switch|p1a: Samurott|Samurott-Hisui, F, tera:Water|31/100
|turn|31
|
|t:|1781011308
|switch|p2a: Meowscarada|Meowscarada, F|32/100
|move|p1a: Samurott|Ceaseless Edge|p2a: Meowscarada
|-resisted|p2a: Meowscarada
|-damage|p2a: Meowscarada|0 fnt
|-sidestart|p2: Mystic_Meloetta|Spikes
|faint|p2a: Meowscarada
|
|upkeep
|
|t:|1781011314
|switch|p2a: Garganacl|Garganacl, F|54/100
|-damage|p2a: Garganacl|42/100|[from] Spikes
|turn|32
|
|t:|1781011318
|switch|p1a: Iron Valiant|Iron Valiant|91/100
|move|p2a: Garganacl|Salt Cure|p1a: Iron Valiant
|-resisted|p1a: Iron Valiant
|-damage|p1a: Iron Valiant|81/100
|-start|p1a: Iron Valiant|Salt Cure
|
|-heal|p2a: Garganacl|48/100|[from] item: Leftovers
|-damage|p1a: Iron Valiant|69/100|[from] Salt Cure
|upkeep
|turn|33
|
|t:|1781011323
|switch|p2a: Iron Valiant|Iron Valiant|12/100
|-damage|p2a: Iron Valiant|0 fnt|[from] Spikes
|faint|p2a: Iron Valiant
|-end|p2a: Iron Valiant|Quark Drive|[silent]
|move|p1a: Iron Valiant|Swords Dance|p1a: Iron Valiant
|-boost|p1a: Iron Valiant|atk|2
|
|-damage|p1a: Iron Valiant|57/100|[from] Salt Cure
|upkeep
|
|t:|1781011329
|switch|p2a: Jirachi|Jirachi|94/100
|-damage|p2a: Jirachi|81/100|[from] Spikes
|turn|34
|
|t:|1781011335
|move|p1a: Iron Valiant|Close Combat|p2a: Jirachi
|-damage|p2a: Jirachi|0 fnt
|-unboost|p1a: Iron Valiant|def|1
|-unboost|p1a: Iron Valiant|spd|1
|faint|p2a: Jirachi
|
|-damage|p1a: Iron Valiant|44/100|[from] Salt Cure
|upkeep
|
|t:|1781011338
|switch|p2a: Garganacl|Garganacl, F|48/100
|-damage|p2a: Garganacl|35/100|[from] Spikes
|turn|35
|
|t:|1781011340
|-terastallize|p2a: Garganacl|Ghost
|move|p1a: Iron Valiant|Close Combat|p2a: Garganacl
|-immune|p2a: Garganacl
|move|p2a: Garganacl|Recover|p2a: Garganacl
|-heal|p2a: Garganacl|85/100
|
|-heal|p2a: Garganacl|92/100|[from] item: Leftovers
|-damage|p1a: Iron Valiant|32/100|[from] Salt Cure
|upkeep
|turn|36
|
|t:|1781011344
|move|p1a: Iron Valiant|Encore|p2a: Garganacl
|-start|p2a: Garganacl|Encore
|move|p2a: Garganacl|Recover|p2a: Garganacl
|-heal|p2a: Garganacl|100/100
|
|-damage|p1a: Iron Valiant|19/100|[from] Salt Cure
|upkeep
|turn|37
|
|t:|1781011346
|move|p1a: Iron Valiant|Swords Dance|p1a: Iron Valiant
|-boost|p1a: Iron Valiant|atk|2
|move|p2a: Garganacl|Recover||[still]
|-fail|p2a: Garganacl|heal
|
|-damage|p1a: Iron Valiant|7/100|[from] Salt Cure
|upkeep
|turn|38
|
|t:|1781011350
|move|p1a: Iron Valiant|Knock Off|p2a: Garganacl
|-supereffective|p2a: Garganacl
|-damage|p2a: Garganacl|0 fnt
|-enditem|p2a: Garganacl|Leftovers|[from] move: Knock Off|[of] p1a: Iron Valiant
|faint|p2a: Garganacl
|
|win|kanitanku
|raw|kanitanku's rating: 1604 &rarr; <strong>1622</strong><br />(+18 for winning)
|raw|Mystic_Meloetta's rating: 1567 &rarr; <strong>1549</strong><br />(-18 for losing)
|l|☆Mystic_Meloetta
|player|p2|
|l|☆kanitanku
|player|p1|
