|j|☆rekjllj
|j|☆LowEL0God
|t:|1781515225
|gametype|singles
|player|p1|rekjllj|170|1641
|player|p2|LowEL0God|265|1620
|gen|9
|tier|[Gen 9] OU
|rated|
|rule|HP Percentage Mod: HP is shown in percentages
|rule|Endless Battle Clause: Forcing endless battles is banned
|rule|Species Clause: Limit one of each Pokémon
|rule|OHKO Clause: OHKO moves are banned
|rule|Evasion Items Clause: Evasion items are banned
|rule|Evasion Moves Clause: Evasion moves are banned
|rule|Evasion Abilities Clause: Evasion abilities are banned
|rule|Sleep Moves Clause: Sleep-inducing moves are banned
|clearpoke
|poke|p1|Hatterene, F|
|poke|p1|Great Tusk|
|poke|p1|Tornadus-Therian, M|
|poke|p1|Kyurem|
|poke|p1|Slowking-Galar, M|
|poke|p1|Kingambit, F|
|poke|p2|Pelipper, M|
|poke|p2|Raging Bolt|
|poke|p2|Overqwil, M|
|poke|p2|Barraskewda, M|
|poke|p2|Iron Treads|
|poke|p2|Kingambit, M|
|teampreview
|c|☆LowEL0God|hf
|inactive|Battle timer is ON: inactive players will automatically lose when time's up. (requested by LowEL0God)
|
|t:|1781515233
|teamsize|p1|6
|teamsize|p2|6
|start
|switch|p1a: Kyurem|Kyurem|100/100
|switch|p2a: Barraskewda|Barraskewda, M|100/100
|-ability|p1a: Kyurem|Pressure
|turn|1
|c|☆rekjllj|hf
|inactive|rekjllj also wants the timer to be on.
|
|t:|1781515240
|switch|p1a: Hatterene|Hatterene, F|100/100
|move|p2a: Barraskewda|Close Combat|p1a: Hatterene
|-resisted|p1a: Hatterene
|-damage|p1a: Hatterene|86/100
|-unboost|p2a: Barraskewda|def|1
|-unboost|p2a: Barraskewda|spd|1
|-damage|p2a: Barraskewda|84/100|[from] item: Rocky Helmet|[of] p1a: Hatterene
|
|upkeep
|turn|2
|
|t:|1781515247
|switch|p2a: Kingambit|Kingambit, M|100/100
|move|p1a: Hatterene|Draining Kiss|p2a: Kingambit
|-damage|p2a: Kingambit|80/100
|-heal|p1a: Hatterene|100/100|[from] drain|[of] p2a: Kingambit
|
|-heal|p2a: Kingambit|86/100|[from] item: Leftovers
|upkeep
|turn|3
|
|t:|1781515255
|switch|p1a: Great Tusk|Great Tusk|100/100
|move|p2a: Kingambit|Swords Dance|p2a: Kingambit
|-boost|p2a: Kingambit|atk|2
|
|-heal|p2a: Kingambit|93/100|[from] item: Leftovers
|upkeep
|turn|4
|
|t:|1781515261
|-end|p2a: Kingambit|fallenundefined|[silent]
|switch|p2a: Pelipper|Pelipper, M|100/100
|-weather|RainDance|[from] ability: Drizzle|[of] p2a: Pelipper
|move|p1a: Great Tusk|Headlong Rush|p2a: Pelipper
|-immune|p2a: Pelipper
|
|-weather|RainDance|[upkeep]
|upkeep
|turn|5
|
|t:|1781515266
|-end|p1a: Great Tusk|Protosynthesis|[silent]
|switch|p1a: Kyurem|Kyurem|100/100
|-ability|p1a: Kyurem|Pressure
|move|p2a: Pelipper|Hurricane|p1a: Kyurem
|-damage|p1a: Kyurem|68/100
|
|-weather|RainDance|[upkeep]
|upkeep
|turn|6
|
|t:|1781515274
|switch|p2a: Kingambit|Kingambit, M|93/100
|move|p1a: Kyurem|Freeze-Dry|p2a: Kingambit
|-resisted|p2a: Kingambit
|-damage|p2a: Kingambit|66/100
|-status|p2a: Kingambit|frz
|
|-weather|RainDance|[upkeep]
|-heal|p2a: Kingambit|72/100 frz|[from] item: Leftovers
|upkeep
|turn|7
|
|t:|1781515281
|move|p1a: Kyurem|Freeze-Dry|p2a: Kingambit
|-resisted|p2a: Kingambit
|-damage|p2a: Kingambit|46/100 frz
|-curestatus|p2a: Kingambit|frz|[msg]
|move|p2a: Kingambit|Iron Head|p1a: Kyurem
|-supereffective|p1a: Kyurem
|-damage|p1a: Kyurem|0 fnt
|faint|p1a: Kyurem
|
|-weather|RainDance|[upkeep]
|-heal|p2a: Kingambit|52/100|[from] item: Leftovers
|upkeep
|
|t:|1781515288
|switch|p1a: Great Tusk|Great Tusk|100/100
|turn|8
|
|t:|1781515294
|-end|p2a: Kingambit|fallenundefined|[silent]
|switch|p2a: Pelipper|Pelipper, M|100/100
|move|p1a: Great Tusk|Stealth Rock|p2a: Pelipper
|-sidestart|p2: LowEL0God|move: Stealth Rock
|
|-weather|RainDance|[upkeep]
|upkeep
|turn|9
|
|t:|1781515300
|-end|p1a: Great Tusk|Protosynthesis|[silent]
|switch|p1a: Kingambit|Kingambit, F|100/100
|-activate|p1a: Kingambit|ability: Supreme Overlord
|-start|p1a: Kingambit|fallen1|[silent]
|move|p2a: Pelipper|Weather Ball|p1a: Kingambit
|-damage|p1a: Kingambit|48/100
|
|-weather|RainDance|[upkeep]
|-heal|p1a: Kingambit|54/100|[from] item: Leftovers
|upkeep
|turn|10
|
|t:|1781515307
|move|p1a: Kingambit|Kowtow Cleave|p2a: Pelipper
|-damage|p2a: Pelipper|58/100
|move|p2a: Pelipper|Weather Ball|p1a: Kingambit
|-damage|p1a: Kingambit|5/100
|
|-weather|RainDance|[upkeep]
|-heal|p1a: Kingambit|11/100|[from] item: Leftovers
|upkeep
|turn|11
|
|t:|1781515314
|-end|p1a: Kingambit|fallen1|[silent]
|switch|p1a: Tornadus|Tornadus-Therian, M|100/100
|move|p2a: Pelipper|Weather Ball|p1a: Tornadus
|-damage|p1a: Tornadus|70/100
|
|-weather|none
|upkeep
|turn|12
|
|t:|1781515320
|move|p1a: Tornadus|Bleakwind Storm|p2a: Pelipper
|-damage|p2a: Pelipper|10/100
|move|p2a: Pelipper|Roost|p2a: Pelipper
|-heal|p2a: Pelipper|60/100
|-singleturn|p2a: Pelipper|move: Roost
|
|upkeep
|turn|13
|
|t:|1781515324
|move|p1a: Tornadus|Bleakwind Storm|p2a: Pelipper|[miss]
|-miss|p1a: Tornadus|p2a: Pelipper
|move|p2a: Pelipper|Roost|p2a: Pelipper
|-heal|p2a: Pelipper|100/100
|-singleturn|p2a: Pelipper|move: Roost
|
|upkeep
|turn|14
|
|t:|1781515327
|move|p1a: Tornadus|U-turn|p2a: Pelipper
|-resisted|p2a: Pelipper
|-damage|p2a: Pelipper|95/100
|
|t:|1781515331
|switch|p1a: Hatterene|Hatterene, F|100/100|[from] U-turn
|move|p2a: Pelipper|Hurricane|p1a: Hatterene
|-damage|p1a: Hatterene|61/100
|
|upkeep
|turn|15
|
|t:|1781515335
|switch|p2a: Kingambit|Kingambit, M|52/100
|-damage|p2a: Kingambit|46/100|[from] Stealth Rock
|move|p1a: Hatterene|Draining Kiss|p2a: Kingambit
|-damage|p2a: Kingambit|23/100
|-heal|p1a: Hatterene|83/100|[from] drain|[of] p2a: Kingambit
|
|-heal|p2a: Kingambit|29/100|[from] item: Leftovers
|upkeep
|turn|16
|
|t:|1781515342
|switch|p1a: Great Tusk|Great Tusk|100/100
|move|p2a: Kingambit|Iron Head|p1a: Great Tusk
|-damage|p1a: Great Tusk|63/100
|-damage|p2a: Kingambit|13/100|[from] item: Rocky Helmet|[of] p1a: Great Tusk
|
|-heal|p2a: Kingambit|19/100|[from] item: Leftovers
|upkeep
|turn|17
|
|t:|1781515349
|move|p1a: Great Tusk|Ice Spinner|p2a: Kingambit
|-resisted|p2a: Kingambit
|-damage|p2a: Kingambit|8/100
|move|p2a: Kingambit|Swords Dance|p2a: Kingambit
|-boost|p2a: Kingambit|atk|2
|
|-heal|p2a: Kingambit|14/100|[from] item: Leftovers
|upkeep
|turn|18
|
|t:|1781515355
|move|p1a: Great Tusk|Headlong Rush|p2a: Kingambit
|-supereffective|p2a: Kingambit
|-damage|p2a: Kingambit|0 fnt
|-unboost|p1a: Great Tusk|def|1
|-unboost|p1a: Great Tusk|spd|1
|faint|p2a: Kingambit
|-end|p2a: Kingambit|fallenundefined|[silent]
|
|upkeep
|
|t:|1781515356
|switch|p2a: Barraskewda|Barraskewda, M|84/100
|-damage|p2a: Barraskewda|71/100|[from] Stealth Rock
|turn|19
|
|t:|1781515362
|-end|p1a: Great Tusk|Protosynthesis|[silent]
|switch|p1a: Slowking|Slowking-Galar, M|100/100
|move|p2a: Barraskewda|Liquidation|p1a: Slowking
|-damage|p1a: Slowking|53/100
|
|-heal|p1a: Slowking|59/100|[from] item: Black Sludge
|upkeep
|turn|20
|
|t:|1781515368
|move|p2a: Barraskewda|Liquidation|p1a: Slowking
|-damage|p1a: Slowking|10/100
|move|p1a: Slowking|Sludge Bomb|p2a: Barraskewda
|-damage|p2a: Barraskewda|0 fnt
|faint|p2a: Barraskewda
|
|-heal|p1a: Slowking|16/100|[from] item: Black Sludge
|upkeep
|
|t:|1781515369
|switch|p2a: Iron Treads|Iron Treads|100/100
|-damage|p2a: Iron Treads|97/100|[from] Stealth Rock
|-enditem|p2a: Iron Treads|Booster Energy
|-activate|p2a: Iron Treads|ability: Quark Drive|[fromitem]
|-start|p2a: Iron Treads|quarkdrivespe
|turn|21
|
|t:|1781515375
|switch|p1a: Great Tusk|Great Tusk|63/100
|move|p2a: Iron Treads|Rapid Spin|p1a: Great Tusk
|-damage|p1a: Great Tusk|56/100
|-boost|p2a: Iron Treads|spe|1
|-damage|p2a: Iron Treads|81/100|[from] item: Rocky Helmet|[of] p1a: Great Tusk
|-sideend|p2: LowEL0God|Stealth Rock|[from] move: Rapid Spin|[of] p2a: Iron Treads
|
|upkeep
|turn|22
|
|t:|1781515381
|move|p2a: Iron Treads|Earth Power|p1a: Great Tusk
|-damage|p1a: Great Tusk|0 fnt
|faint|p1a: Great Tusk
|-end|p1a: Great Tusk|Protosynthesis|[silent]
|
|upkeep
|
|t:|1781515388
|switch|p1a: Slowking|Slowking-Galar, M|50/100
|turn|23
|
|t:|1781515394
|switch|p1a: Tornadus|Tornadus-Therian, M|100/100
|move|p2a: Iron Treads|Stealth Rock|p1a: Tornadus
|-sidestart|p1: rekjllj|move: Stealth Rock
|
|upkeep
|turn|24
|
|t:|1781515397
|move|p2a: Iron Treads|Rapid Spin|p1a: Tornadus
|-damage|p1a: Tornadus|88/100
|-boost|p2a: Iron Treads|spe|1
|move|p1a: Tornadus|Knock Off|p2a: Iron Treads
|-damage|p2a: Iron Treads|70/100
|
|upkeep
|turn|25
|
|t:|1781515401
|-end|p2a: Iron Treads|Quark Drive|[silent]
|switch|p2a: Raging Bolt|Raging Bolt|100/100
|-enditem|p2a: Raging Bolt|Booster Energy
|-activate|p2a: Raging Bolt|ability: Protosynthesis|[fromitem]
|-start|p2a: Raging Bolt|protosynthesisspa
|move|p1a: Tornadus|U-turn|p2a: Raging Bolt
|-damage|p2a: Raging Bolt|88/100
|
|t:|1781515407
|switch|p1a: Slowking|Slowking-Galar, M|83/100|[from] U-turn
|-damage|p1a: Slowking|70/100|[from] Stealth Rock
|
|-heal|p1a: Slowking|77/100|[from] item: Black Sludge
|upkeep
|turn|26
|
|t:|1781515413
|move|p2a: Raging Bolt|Thunder|p1a: Slowking
|-damage|p1a: Slowking|12/100
|-status|p1a: Slowking|par
|move|p1a: Slowking|Sludge Bomb|p2a: Raging Bolt
|-damage|p2a: Raging Bolt|56/100
|-status|p2a: Raging Bolt|psn
|
|-heal|p1a: Slowking|19/100 par|[from] item: Black Sludge
|-damage|p2a: Raging Bolt|44/100 psn|[from] psn
|upkeep
|turn|27
|
|t:|1781515420
|move|p2a: Raging Bolt|Thunder|p1a: Slowking
|-damage|p1a: Slowking|0 fnt
|faint|p1a: Slowking
|
|-damage|p2a: Raging Bolt|32/100 psn|[from] psn
|upkeep
|
|t:|1781515427
|switch|p1a: Kingambit|Kingambit, F|11/100
|-damage|p1a: Kingambit|5/100|[from] Stealth Rock
|-activate|p1a: Kingambit|ability: Supreme Overlord
|-start|p1a: Kingambit|fallen3|[silent]
|turn|28
|
|t:|1781515433
|move|p2a: Raging Bolt|Thunderclap|p1a: Kingambit
|-damage|p1a: Kingambit|0 fnt
|faint|p1a: Kingambit
|-end|p1a: Kingambit|fallen3|[silent]
|
|-damage|p2a: Raging Bolt|19/100 psn|[from] psn
|upkeep
|
|t:|1781515440
|switch|p1a: Tornadus|Tornadus-Therian, M|100/100
|-damage|p1a: Tornadus|76/100|[from] Stealth Rock
|turn|29
|
|t:|1781515446
|-terastallize|p1a: Tornadus|Normal
|move|p2a: Raging Bolt|Thunderclap|p1a: Tornadus
|-damage|p1a: Tornadus|39/100
|move|p1a: Tornadus|Bleakwind Storm|p2a: Raging Bolt
|-resisted|p2a: Raging Bolt
|-crit|p2a: Raging Bolt
|-damage|p2a: Raging Bolt|0 fnt
|faint|p2a: Raging Bolt
|-end|p2a: Raging Bolt|Protosynthesis|[silent]
|
|upkeep
|
|t:|1781515446
|switch|p2a: Overqwil|Overqwil, M|100/100
|turn|30
|
|t:|1781515453
|move|p1a: Tornadus|Bleakwind Storm|p2a: Overqwil
|-damage|p2a: Overqwil|47/100
|move|p2a: Overqwil|Gunk Shot|p1a: Tornadus
|-damage|p1a: Tornadus|0 fnt
|faint|p1a: Tornadus
|-damage|p2a: Overqwil|38/100|[from] item: Life Orb
|
|upkeep
|
|t:|1781515465
|switch|p1a: Hatterene|Hatterene, F|83/100
|-damage|p1a: Hatterene|71/100|[from] Stealth Rock
|turn|31
|
|t:|1781515470
|-terastallize|p2a: Overqwil|Water
|move|p2a: Overqwil|Gunk Shot|p1a: Hatterene|[miss]
|-miss|p2a: Overqwil|p1a: Hatterene
|move|p1a: Hatterene|Nuzzle|p2a: Overqwil
|-supereffective|p2a: Overqwil
|-damage|p2a: Overqwil|28/100
|-status|p2a: Overqwil|par
|
|upkeep
|turn|32
|
|t:|1781515478
|move|p2a: Overqwil|Gunk Shot|p1a: Hatterene
|-supereffective|p1a: Hatterene
|-damage|p1a: Hatterene|0 fnt
|faint|p1a: Hatterene
|-damage|p2a: Overqwil|18/100 par|[from] item: Life Orb
|
|win|LowEL0God
|raw|rekjllj's rating: 1641 &rarr; <strong>1620</strong><br />(-21 for losing)
|raw|LowEL0God's rating: 1620 &rarr; <strong>1641</strong><br />(+21 for winning)
|c|☆rekjllj|gg
|l|☆rekjllj
|player|p1|
|c|☆LowEL0God|gg
|l|☆LowEL0God
|player|p2|
