|j|☆KurisuChestnutLab
|j|☆tony urbadaliano
|t:|1781152433
|gametype|singles
|player|p1|KurisuChestnutLab|may-contest|1556
|player|p2|tony urbadaliano|hooligans|1553
|gen|9
|tier|[Gen 9] OU
|rated|
|rule|HP Percentage Mod: HP is shown in percentages
|rule|Endless Battle Clause: Forcing endless battles is banned
|rule|Species Clause: Limit one of each Pokémon
|rule|OHKO Clause: OHKO moves are banned
|rule|Evasion Items Clause: Evasion items are banned
|rule|Evasion Moves Clause: Evasion moves are banned
|rule|Evasion Abilities Clause: Evasion abilities are banned
|rule|Sleep Moves Clause: Sleep-inducing moves are banned
|clearpoke
|poke|p1|Zamazenta-*|
|poke|p1|Zapdos|
|poke|p1|Garganacl, F|
|poke|p1|Clefable, F|
|poke|p1|Samurott-Hisui, M|
|poke|p1|Gholdengo|
|poke|p2|Iron Valiant|
|poke|p2|Latias, F|
|poke|p2|Kingambit, M|
|poke|p2|Cinderace, F|
|poke|p2|Ogerpon-Wellspring, F|
|poke|p2|Landorus-Therian, M|
|teampreview
|inactive|Battle timer is ON: inactive players will automatically lose when time's up. (requested by tony urbadaliano)
|inactive|KurisuChestnutLab also wants the timer to be on.
|
|t:|1781152445
|teamsize|p1|6
|teamsize|p2|6
|start
|switch|p1a: Zapdos|Zapdos|100/100
|switch|p2a: The Blue Mask|Ogerpon-Wellspring, F|100/100
|turn|1
|
|t:|1781152452
|switch|p2a: cLOUDDEAD|Landorus-Therian, M|100/100
|-ability|p2a: cLOUDDEAD|Intimidate|boost
|-unboost|p1a: Zapdos|atk|1
|move|p1a: Zapdos|Hurricane|p2a: cLOUDDEAD
|-damage|p2a: cLOUDDEAD|51/100
|
|upkeep
|turn|2
|
|t:|1781152461
|move|p2a: cLOUDDEAD|Stone Edge|p1a: Zapdos
|-supereffective|p1a: Zapdos
|-damage|p1a: Zapdos|57/100
|move|p1a: Zapdos|Hurricane|p2a: cLOUDDEAD
|-damage|p2a: cLOUDDEAD|6/100
|-start|p2a: cLOUDDEAD|confusion
|
|upkeep
|turn|3
|
|t:|1781152470
|-activate|p2a: cLOUDDEAD|confusion
|-damage|p2a: cLOUDDEAD|0 fnt|[from] confusion
|faint|p2a: cLOUDDEAD
|move|p1a: Zapdos|Roost|p1a: Zapdos
|-heal|p1a: Zapdos|100/100
|-singleturn|p1a: Zapdos|move: Roost
|
|upkeep
|
|t:|1781152479
|switch|p2a: Lodi Dodi|Latias, F|100/100
|turn|4
|
|t:|1781152482
|move|p2a: Lodi Dodi|Agility|p2a: Lodi Dodi
|-boost|p2a: Lodi Dodi|spe|2
|move|p1a: Zapdos|Volt Switch|p2a: Lodi Dodi
|-resisted|p2a: Lodi Dodi
|-damage|p2a: Lodi Dodi|90/100
|
|t:|1781152486
|switch|p1a: Zamazenta|Zamazenta|100/100|[from] Volt Switch
|-ability|p1a: Zamazenta|Dauntless Shield|boost
|-boost|p1a: Zamazenta|def|1
|
|upkeep
|turn|5
|
|t:|1781152491
|switch|p1a: Garganacl|Garganacl, F|100/100
|move|p2a: Lodi Dodi|Calm Mind|p2a: Lodi Dodi
|-boost|p2a: Lodi Dodi|spa|1
|-boost|p2a: Lodi Dodi|spd|1
|
|upkeep
|turn|6
|
|t:|1781152496
|move|p2a: Lodi Dodi|Calm Mind|p2a: Lodi Dodi
|-boost|p2a: Lodi Dodi|spa|1
|-boost|p2a: Lodi Dodi|spd|1
|move|p1a: Garganacl|Salt Cure|p2a: Lodi Dodi
|-damage|p2a: Lodi Dodi|80/100
|-start|p2a: Lodi Dodi|Salt Cure
|
|-damage|p2a: Lodi Dodi|67/100|[from] Salt Cure
|upkeep
|turn|7
|
|t:|1781152501
|switch|p1a: Clefable|Clefable, F|100/100
|move|p2a: Lodi Dodi|Calm Mind|p2a: Lodi Dodi
|-boost|p2a: Lodi Dodi|spa|1
|-boost|p2a: Lodi Dodi|spd|1
|
|-damage|p2a: Lodi Dodi|55/100|[from] Salt Cure
|upkeep
|turn|8
|
|t:|1781152504
|move|p2a: Lodi Dodi|Stored Power|p1a: Clefable
|-damage|p1a: Clefable|33/100
|move|p1a: Clefable|Moonblast|p2a: Lodi Dodi
|-supereffective|p2a: Lodi Dodi
|-damage|p2a: Lodi Dodi|10/100
|-enditem|p2a: Lodi Dodi|Weakness Policy
|-boost|p2a: Lodi Dodi|atk|2|[from] item: Weakness Policy
|-boost|p2a: Lodi Dodi|spa|2|[from] item: Weakness Policy
|
|-damage|p2a: Lodi Dodi|0 fnt|[from] Salt Cure
|faint|p2a: Lodi Dodi
|upkeep
|
|t:|1781152516
|switch|p2a: Loveless|Iron Valiant|100/100
|turn|9
|
|t:|1781152526
|switch|p1a: Zapdos|Zapdos|100/100
|move|p2a: Loveless|Moonblast|p1a: Zapdos
|-damage|p1a: Zapdos|34/100
|-unboost|p1a: Zapdos|spa|1
|
|upkeep
|turn|10
|
|t:|1781152533
|switch|p1a: Gholdengo|Gholdengo|100/100
|move|p2a: Loveless|Moonblast|p1a: Gholdengo
|-resisted|p1a: Gholdengo
|-damage|p1a: Gholdengo|61/100
|-unboost|p1a: Gholdengo|spa|1
|
|upkeep
|turn|11
|
|t:|1781152538
|-end|p2a: Loveless|Quark Drive|[silent]
|switch|p2a: Crimson King|Kingambit, M|100/100
|move|p1a: Gholdengo|Make It Rain|p2a: Crimson King
|-resisted|p2a: Crimson King
|-damage|p2a: Crimson King|76/100
|-unboost|p1a: Gholdengo|spa|1
|
|-heal|p2a: Crimson King|82/100|[from] item: Leftovers
|upkeep
|turn|12
|
|t:|1781152544
|switch|p1a: Zamazenta|Zamazenta|100/100
|switch|p2a: Loveless|Iron Valiant|100/100
|
|upkeep
|turn|13
|
|t:|1781152553
|-terastallize|p1a: Zamazenta|Fire
|-terastallize|p2a: Loveless|Fairy
|move|p1a: Zamazenta|Iron Defense|p1a: Zamazenta
|-boost|p1a: Zamazenta|def|2
|move|p2a: Loveless|Moonblast|p1a: Zamazenta
|-resisted|p1a: Zamazenta
|-crit|p1a: Zamazenta
|-damage|p1a: Zamazenta|48/100
|
|-heal|p1a: Zamazenta|54/100|[from] item: Leftovers
|upkeep
|turn|14
|
|t:|1781152564
|move|p2a: Loveless|Moonblast|p1a: Zamazenta
|-resisted|p1a: Zamazenta
|-damage|p1a: Zamazenta|18/100
|move|p1a: Zamazenta|Roar|p2a: Loveless
|-end|p2a: Loveless|Quark Drive|[silent]
|drag|p2a: Crimson King|Kingambit, M|82/100
|
|-heal|p1a: Zamazenta|24/100|[from] item: Leftovers
|-heal|p2a: Crimson King|88/100|[from] item: Leftovers
|upkeep
|turn|15
|
|t:|1781152572
|move|p2a: Crimson King|Sucker Punch||[still]
|-fail|p2a: Crimson King
|move|p1a: Zamazenta|Roar|p2a: Crimson King
|drag|p2a: The Blue Mask|Ogerpon-Wellspring, F|100/100
|
|-heal|p1a: Zamazenta|31/100|[from] item: Leftovers
|upkeep
|turn|16
|
|t:|1781152577
|move|p1a: Zamazenta|Body Press|p2a: The Blue Mask
|-damage|p2a: The Blue Mask|20/100
|move|p2a: The Blue Mask|Ivy Cudgel|p1a: Zamazenta|[anim] Ivy Cudgel Water
|-supereffective|p1a: Zamazenta
|-damage|p1a: Zamazenta|0 fnt
|faint|p1a: Zamazenta
|
|upkeep
|
|t:|1781152580
|switch|p1a: Samurott|Samurott-Hisui, M|100/100
|turn|17
|
|t:|1781152585
|move|p1a: Samurott|Ceaseless Edge|p2a: The Blue Mask
|-damage|p2a: The Blue Mask|0 fnt
|-sidestart|p2: tony urbadaliano|Spikes
|faint|p2a: The Blue Mask
|
|upkeep
|
|t:|1781152591
|switch|p2a: Firestarter|Cinderace, F|100/100
|turn|18
|
|t:|1781152595
|switch|p1a: Zapdos|Zapdos|34/100
|move|p2a: Firestarter|Court Change|p2a: Firestarter
|-swapsideconditions
|-activate|p2a: Firestarter|move: Court Change
|
|upkeep
|turn|19
|
|t:|1781152599
|switch|p1a: Garganacl|Garganacl, F|100/100
|-damage|p1a: Garganacl|88/100|[from] Spikes
|move|p2a: Firestarter|Pyro Ball|p1a: Garganacl
|-resisted|p1a: Garganacl
|-crit|p1a: Garganacl
|-damage|p1a: Garganacl|65/100
|
|-heal|p1a: Garganacl|72/100|[from] item: Leftovers
|upkeep
|turn|20
|
|t:|1781152607
|move|p2a: Firestarter|U-turn|p1a: Garganacl
|-damage|p1a: Garganacl|60/100
|
|t:|1781152608
|switch|p2a: Loveless|Iron Valiant, tera:Fairy|100/100|[from] U-turn
|move|p1a: Garganacl|Salt Cure|p2a: Loveless
|-damage|p2a: Loveless|84/100
|-start|p2a: Loveless|Salt Cure
|
|-heal|p1a: Garganacl|66/100|[from] item: Leftovers
|-damage|p2a: Loveless|71/100|[from] Salt Cure
|upkeep
|turn|21
|
|t:|1781152612
|move|p2a: Loveless|Moonblast|p1a: Garganacl
|-damage|p1a: Garganacl|0 fnt
|faint|p1a: Garganacl
|
|-damage|p2a: Loveless|59/100|[from] Salt Cure
|upkeep
|
|t:|1781152615
|switch|p1a: Samurott|Samurott-Hisui, M|100/100
|-damage|p1a: Samurott|88/100|[from] Spikes
|turn|22
|
|t:|1781152618
|move|p1a: Samurott|Razor Shell|p2a: Loveless
|-damage|p2a: Loveless|0 fnt
|faint|p2a: Loveless
|-end|p2a: Loveless|Quark Drive|[silent]
|
|upkeep
|
|t:|1781152621
|switch|p2a: Crimson King|Kingambit, M|88/100
|turn|23
|
|t:|1781152625
|move|p1a: Samurott|Razor Shell|p2a: Crimson King
|-damage|p2a: Crimson King|48/100
|move|p2a: Crimson King|Swords Dance|p2a: Crimson King
|-boost|p2a: Crimson King|atk|2
|
|-heal|p2a: Crimson King|54/100|[from] item: Leftovers
|upkeep
|turn|24
|
|t:|1781152633
|move|p2a: Crimson King|Sucker Punch|p1a: Samurott
|-resisted|p1a: Samurott
|-damage|p1a: Samurott|31/100
|move|p1a: Samurott|Razor Shell|p2a: Crimson King
|-damage|p2a: Crimson King|8/100
|-unboost|p2a: Crimson King|def|1
|-ability|p2a: Crimson King|Defiant|boost
|-boost|p2a: Crimson King|atk|2
|
|-heal|p2a: Crimson King|14/100|[from] item: Leftovers
|upkeep
|turn|25
|
|t:|1781152637
|switch|p1a: Zapdos|Zapdos|34/100
|move|p2a: Crimson King|Sucker Punch||[still]
|-fail|p2a: Crimson King
|
|-heal|p2a: Crimson King|20/100|[from] item: Leftovers
|upkeep
|turn|26
|
|t:|1781152641
|move|p1a: Zapdos|Roost|p1a: Zapdos
|-heal|p1a: Zapdos|84/100
|-singleturn|p1a: Zapdos|move: Roost
|move|p2a: Crimson King|Kowtow Cleave|p1a: Zapdos
|-damage|p1a: Zapdos|0 fnt
|-status|p2a: Crimson King|par|[from] ability: Static|[of] p1a: Zapdos
|faint|p1a: Zapdos
|
|-heal|p2a: Crimson King|26/100 par|[from] item: Leftovers
|upkeep
|
|t:|1781152647
|switch|p1a: Clefable|Clefable, F|33/100
|turn|27
|j| Puyu paz
|
|t:|1781152652
|cant|p2a: Crimson King|par
|move|p1a: Clefable|Moonblast|p2a: Crimson King
|-damage|p2a: Crimson King|0 fnt
|faint|p2a: Crimson King
|
|upkeep
|
|t:|1781152656
|switch|p2a: Firestarter|Cinderace, F|100/100
|turn|28
|
|t:|1781152658
|switch|p1a: Gholdengo|Gholdengo|61/100
|-damage|p1a: Gholdengo|49/100|[from] Spikes
|move|p2a: Firestarter|Pyro Ball|p1a: Gholdengo
|-supereffective|p1a: Gholdengo
|-damage|p1a: Gholdengo|0 fnt
|faint|p1a: Gholdengo
|
|upkeep
|
|t:|1781152661
|switch|p1a: Samurott|Samurott-Hisui, M|31/100
|-damage|p1a: Samurott|19/100|[from] Spikes
|turn|29
|
|t:|1781152665
|move|p1a: Samurott|Razor Shell|p2a: Firestarter
|-supereffective|p2a: Firestarter
|-damage|p2a: Firestarter|0 fnt
|faint|p2a: Firestarter
|
|win|KurisuChestnutLab
|raw|KurisuChestnutLab's rating: 1553 &rarr; <strong>1573</strong><br />(+20 for winning)
|raw|tony urbadaliano's rating: 1553 &rarr; <strong>1533</strong><br />(-20 for losing)
