|j|☆Belike
|j|☆bahnmiking
|t:|1781432294
|gametype|singles
|player|p1|Belike|rocketgrunt|1569
|player|p2|bahnmiking|bianca|1553
|gen|9
|tier|[Gen 9] OU
|rated|
|rule|HP Percentage Mod: HP is shown in percentages
|rule|Endless Battle Clause: Forcing endless battles is banned
|rule|Species Clause: Limit one of each Pokémon
|rule|OHKO Clause: OHKO moves are banned
|rule|Evasion Items Clause: Evasion items are banned
|rule|Evasion Moves Clause: Evasion moves are banned
|rule|Evasion Abilities Clause: Evasion abilities are banned
|rule|Sleep Moves Clause: Sleep-inducing moves are banned
|clearpoke
|poke|p1|Zapdos-Galar|
|poke|p1|Garchomp, M|
|poke|p1|Umbreon, M|
|poke|p1|Cinderace, M|
|poke|p1|Iron Valiant|
|poke|p1|Serperior, F|
|poke|p2|Clodsire, F|
|poke|p2|Toxapex, M|
|poke|p2|Corviknight, M|
|poke|p2|Dondozo, F|
|poke|p2|Clefable, F|
|poke|p2|Gliscor, M|
|teampreview
|inactive|Battle timer is ON: inactive players will automatically lose when time's up. (requested by Belike)
|
|t:|1781432304
|teamsize|p1|6
|teamsize|p2|6
|start
|switch|p1a: Cinderace|Cinderace, M|100/100
|switch|p2a: nothing new there|Gliscor, M|100/100
|turn|1
|
|t:|1781432307
|move|p2a: nothing new there|Protect|p2a: nothing new there
|-singleturn|p2a: nothing new there|Protect
|move|p1a: Cinderace|U-turn|p2a: nothing new there
|-start|p1a: Cinderace|typechange|Bug|[from] ability: Libero
|-activate|p2a: nothing new there|move: Protect
|
|-status|p2a: nothing new there|tox|[from] item: Toxic Orb
|upkeep
|turn|2
|j| Vitriso
|
|t:|1781432312
|move|p1a: Cinderace|U-turn|p2a: nothing new there
|-resisted|p2a: nothing new there
|-damage|p2a: nothing new there|82/100 tox
|
|t:|1781432313
|switch|p1a: Serperior|Serperior, F|100/100|[from] U-turn
|move|p2a: nothing new there|Substitute|p2a: nothing new there
|-start|p2a: nothing new there|Substitute
|-damage|p2a: nothing new there|57/100 tox
|
|-heal|p2a: nothing new there|69/100 tox|[from] ability: Poison Heal
|upkeep
|turn|3
|
|t:|1781432317
|move|p2a: nothing new there|Protect|p2a: nothing new there
|-singleturn|p2a: nothing new there|Protect
|move|p1a: Serperior|Substitute|p1a: Serperior
|-start|p1a: Serperior|Substitute
|-damage|p1a: Serperior|76/100
|
|-heal|p1a: Serperior|82/100|[from] item: Leftovers
|-heal|p2a: nothing new there|82/100 tox|[from] ability: Poison Heal
|upkeep
|turn|4
|
|t:|1781432324
|move|p1a: Serperior|Leaf Storm|p2a: nothing new there|[miss]
|-miss|p1a: Serperior|p2a: nothing new there
|move|p2a: nothing new there|Substitute|p2a: nothing new there
|-fail|p2a: nothing new there|move: Substitute
|
|-heal|p1a: Serperior|88/100|[from] item: Leftovers
|-heal|p2a: nothing new there|94/100 tox|[from] ability: Poison Heal
|upkeep
|turn|5
|
|t:|1781432327
|move|p2a: nothing new there|Protect|p2a: nothing new there
|-singleturn|p2a: nothing new there|Protect
|move|p1a: Serperior|Leaf Storm|p2a: nothing new there
|-activate|p2a: nothing new there|move: Protect
|
|-heal|p1a: Serperior|94/100|[from] item: Leftovers
|-heal|p2a: nothing new there|100/100 tox|[from] ability: Poison Heal
|upkeep
|turn|6
|
|t:|1781432332
|move|p1a: Serperior|Leaf Storm|p2a: nothing new there
|-crit|p2a: nothing new there
|-end|p2a: nothing new there|Substitute
|-boost|p1a: Serperior|spa|2
|move|p2a: nothing new there|Substitute|p2a: nothing new there
|-start|p2a: nothing new there|Substitute
|-damage|p2a: nothing new there|75/100 tox
|
|-heal|p1a: Serperior|100/100|[from] item: Leftovers
|-heal|p2a: nothing new there|88/100 tox|[from] ability: Poison Heal
|upkeep
|turn|7
|
|t:|1781432336
|move|p2a: nothing new there|Protect|p2a: nothing new there
|-singleturn|p2a: nothing new there|Protect
|move|p1a: Serperior|Leech Seed|p2a: nothing new there
|-activate|p2a: nothing new there|move: Protect
|
|-heal|p2a: nothing new there|100/100 tox|[from] ability: Poison Heal
|upkeep
|turn|8
|
|t:|1781432341
|move|p1a: Serperior|Leaf Storm|p2a: nothing new there
|-end|p2a: nothing new there|Substitute
|-boost|p1a: Serperior|spa|2
|move|p2a: nothing new there|Substitute|p2a: nothing new there
|-start|p2a: nothing new there|Substitute
|-damage|p2a: nothing new there|75/100 tox
|
|-heal|p2a: nothing new there|88/100 tox|[from] ability: Poison Heal
|upkeep
|turn|9
|
|t:|1781432345
|move|p2a: nothing new there|Protect|p2a: nothing new there
|-singleturn|p2a: nothing new there|Protect
|move|p1a: Serperior|Leech Seed|p2a: nothing new there
|-activate|p2a: nothing new there|move: Protect
|
|-heal|p2a: nothing new there|100/100 tox|[from] ability: Poison Heal
|upkeep
|turn|10
|
|t:|1781432353
|move|p1a: Serperior|Leaf Storm|p2a: nothing new there
|-crit|p2a: nothing new there
|-end|p2a: nothing new there|Substitute
|-boost|p1a: Serperior|spa|2
|move|p2a: nothing new there|Substitute|p2a: nothing new there
|-start|p2a: nothing new there|Substitute
|-damage|p2a: nothing new there|75/100 tox
|
|-heal|p2a: nothing new there|88/100 tox|[from] ability: Poison Heal
|upkeep
|turn|11
|
|t:|1781432357
|move|p2a: nothing new there|Protect|p2a: nothing new there
|-singleturn|p2a: nothing new there|Protect
|move|p1a: Serperior|Glare|p2a: nothing new there
|-activate|p2a: nothing new there|move: Protect
|
|-heal|p2a: nothing new there|100/100 tox|[from] ability: Poison Heal
|upkeep
|turn|12
|
|t:|1781432363
|move|p1a: Serperior|Leaf Storm|p2a: nothing new there|[miss]
|-miss|p1a: Serperior|p2a: nothing new there
|move|p2a: nothing new there|Substitute|p2a: nothing new there
|-fail|p2a: nothing new there|move: Substitute
|
|upkeep
|turn|13
|
|t:|1781432374
|switch|p1a: Umbreon|Umbreon, M|100/100
|move|p2a: nothing new there|Substitute|p2a: nothing new there
|-fail|p2a: nothing new there|move: Substitute
|
|upkeep
|turn|14
|
|t:|1781432376
|move|p2a: nothing new there|Toxic|p1a: Umbreon|[miss]
|-miss|p2a: nothing new there|p1a: Umbreon
|move|p1a: Umbreon|Roar|p2a: nothing new there
|drag|p2a: per my last turn|Corviknight, M|100/100
|-ability|p2a: per my last turn|Pressure
|
|upkeep
|turn|15
|
|t:|1781432389
|switch|p2a: nothing new there|Gliscor, M|100/100 tox
|switch|p1a: Garchomp|Garchomp, M|100/100
|
|upkeep
|turn|16
|
|t:|1781432396
|move|p2a: nothing new there|Toxic|p1a: Garchomp
|-status|p1a: Garchomp|tox
|move|p1a: Garchomp|Stealth Rock|p2a: nothing new there
|-sidestart|p2: bahnmiking|move: Stealth Rock
|
|-damage|p1a: Garchomp|94/100 tox|[from] psn
|upkeep
|turn|17
|
|t:|1781432402
|switch|p1a: Cinderace|Cinderace, M|100/100
|move|p2a: nothing new there|Substitute|p2a: nothing new there
|-start|p2a: nothing new there|Substitute
|-damage|p2a: nothing new there|75/100 tox
|
|-heal|p2a: nothing new there|88/100 tox|[from] ability: Poison Heal
|upkeep
|turn|18
|
|t:|1781432407
|move|p2a: nothing new there|Protect|p2a: nothing new there
|-singleturn|p2a: nothing new there|Protect
|move|p1a: Cinderace|U-turn|p2a: nothing new there
|-start|p1a: Cinderace|typechange|Bug|[from] ability: Libero
|-activate|p2a: nothing new there|move: Protect
|
|-heal|p2a: nothing new there|100/100 tox|[from] ability: Poison Heal
|upkeep
|turn|19
|
|t:|1781432414
|move|p1a: Cinderace|U-turn|p2a: nothing new there
|-resisted|p2a: nothing new there
|-activate|p2a: nothing new there|move: Substitute|[damage]
|
|t:|1781432417
|switch|p1a: Garchomp|Garchomp, M|94/100 tox|[from] U-turn
|move|p2a: nothing new there|Knock Off|p1a: Garchomp
|-damage|p1a: Garchomp|75/100 tox
|-damage|p2a: nothing new there|88/100 tox|[from] ability: Rough Skin|[of] p1a: Garchomp
|-damage|p2a: nothing new there|72/100 tox|[from] item: Rocky Helmet|[of] p1a: Garchomp
|-enditem|p1a: Garchomp|Rocky Helmet|[from] move: Knock Off|[of] p2a: nothing new there
|
|-heal|p2a: nothing new there|84/100 tox|[from] ability: Poison Heal
|-damage|p1a: Garchomp|68/100 tox|[from] psn
|upkeep
|turn|20
|
|t:|1781432427
|move|p2a: nothing new there|Protect|p2a: nothing new there
|-singleturn|p2a: nothing new there|Protect
|move|p1a: Garchomp|Spikes|p2a: nothing new there
|-sidestart|p2: bahnmiking|Spikes
|
|-heal|p2a: nothing new there|97/100 tox|[from] ability: Poison Heal
|-damage|p1a: Garchomp|56/100 tox|[from] psn
|upkeep
|turn|21
|
|t:|1781432434
|switch|p2a: per my last turn|Corviknight, M|100/100
|-damage|p2a: per my last turn|88/100|[from] Stealth Rock
|-ability|p2a: per my last turn|Pressure
|switch|p1a: Umbreon|Umbreon, M|100/100
|
|-heal|p2a: per my last turn|94/100|[from] item: Leftovers
|upkeep
|turn|22
|
|t:|1781432441
|move|p2a: per my last turn|Defog|p1a: Umbreon
|-unboost|p1a: Umbreon|evasion|1
|-sideend|p2: bahnmiking|Spikes|[from] move: Defog|[of] p2a: per my last turn
|-sideend|p2: bahnmiking|Stealth Rock|[from] move: Defog|[of] p2a: per my last turn
|move|p1a: Umbreon|Wish|p1a: Umbreon
|
|-heal|p2a: per my last turn|100/100|[from] item: Leftovers
|upkeep
|turn|23
|
|t:|1781432448
|switch|p2a: love this for you|Clefable, F|100/100
|switch|p1a: Garchomp|Garchomp, M|56/100 tox
|
|-heal|p1a: Garchomp|100/100 tox|[from] move: Wish|[wisher] Umbreon
|-damage|p1a: Garchomp|94/100 tox|[from] psn
|upkeep
|turn|24
|
|t:|1781432454
|switch|p1a: Serperior|Serperior, F|100/100
|move|p2a: love this for you|Stealth Rock|p1a: Serperior
|-sidestart|p1: Belike|move: Stealth Rock
|
|upkeep
|turn|25
|
|t:|1781432469
|switch|p2a: nothing new there|Gliscor, M|97/100 tox
|move|p1a: Serperior|Leech Seed|p2a: nothing new there
|-start|p2a: nothing new there|move: Leech Seed
|
|-damage|p2a: nothing new there|84/100 tox|[from] Leech Seed|[of] p1a: Serperior
|-heal|p2a: nothing new there|97/100 tox|[from] ability: Poison Heal
|upkeep
|turn|26
|
|t:|1781432479
|switch|p2a: did you calc that?|Clodsire, F|100/100
|move|p1a: Serperior|Substitute|p1a: Serperior
|-start|p1a: Serperior|Substitute
|-damage|p1a: Serperior|76/100
|
|-heal|p1a: Serperior|82/100|[from] item: Leftovers
|upkeep
|turn|27
|
|t:|1781432486
|move|p1a: Serperior|Leech Seed|p2a: did you calc that?|[miss]
|-miss|p1a: Serperior|p2a: did you calc that?
|move|p2a: did you calc that?|Spikes|p1a: Serperior
|-sidestart|p1: Belike|Spikes
|
|-heal|p1a: Serperior|88/100|[from] item: Leftovers
|upkeep
|turn|28
|
|t:|1781432488
|move|p1a: Serperior|Glare|p2a: did you calc that?
|-status|p2a: did you calc that?|par
|cant|p2a: did you calc that?|par
|
|-heal|p1a: Serperior|94/100|[from] item: Leftovers
|upkeep
|turn|29
|
|t:|1781432492
|move|p1a: Serperior|Leech Seed|p2a: did you calc that?
|-start|p2a: did you calc that?|move: Leech Seed
|move|p2a: did you calc that?|Poison Jab|p1a: Serperior
|-supereffective|p1a: Serperior
|-end|p1a: Serperior|Substitute
|
|-heal|p1a: Serperior|100/100|[from] item: Leftovers
|-damage|p2a: did you calc that?|88/100 par|[from] Leech Seed|[of] p1a: Serperior
|upkeep
|turn|30
|
|t:|1781432497
|switch|p2a: nothing new there|Gliscor, M|97/100 tox
|move|p1a: Serperior|Substitute|p1a: Serperior
|-start|p1a: Serperior|Substitute
|-damage|p1a: Serperior|76/100
|
|-heal|p1a: Serperior|82/100|[from] item: Leftovers
|-heal|p2a: nothing new there|100/100 tox|[from] ability: Poison Heal
|upkeep
|turn|31
|
|t:|1781432503
|move|p1a: Serperior|Leech Seed|p2a: nothing new there
|-start|p2a: nothing new there|move: Leech Seed
|move|p2a: nothing new there|Substitute|p2a: nothing new there
|-start|p2a: nothing new there|Substitute
|-damage|p2a: nothing new there|75/100 tox
|
|-heal|p1a: Serperior|88/100|[from] item: Leftovers
|-damage|p2a: nothing new there|63/100 tox|[from] Leech Seed|[of] p1a: Serperior
|-heal|p1a: Serperior|100/100|[silent]
|-heal|p2a: nothing new there|75/100 tox|[from] ability: Poison Heal
|upkeep
|turn|32
|
|t:|1781432508
|move|p1a: Serperior|Glare||[still]
|-fail|p1a: Serperior
|move|p2a: nothing new there|Knock Off|p1a: Serperior
|-activate|p1a: Serperior|move: Substitute|[damage]
|
|-damage|p2a: nothing new there|63/100 tox|[from] Leech Seed|[of] p1a: Serperior
|-heal|p2a: nothing new there|75/100 tox|[from] ability: Poison Heal
|upkeep
|turn|33
|
|t:|1781432521
|move|p1a: Serperior|Glare||[still]
|-fail|p1a: Serperior
|move|p2a: nothing new there|Knock Off|p1a: Serperior
|-end|p1a: Serperior|Substitute
|
|-damage|p2a: nothing new there|63/100 tox|[from] Leech Seed|[of] p1a: Serperior
|-heal|p2a: nothing new there|75/100 tox|[from] ability: Poison Heal
|upkeep
|turn|34
|
|t:|1781432532
|switch|p2a: did you calc that?|Clodsire, F|88/100 par
|move|p1a: Serperior|Substitute|p1a: Serperior
|-start|p1a: Serperior|Substitute
|-damage|p1a: Serperior|76/100
|
|-heal|p1a: Serperior|82/100|[from] item: Leftovers
|upkeep
|turn|35
|
|t:|1781432537
|move|p1a: Serperior|Leech Seed|p2a: did you calc that?
|-start|p2a: did you calc that?|move: Leech Seed
|move|p2a: did you calc that?|Spikes|p1a: Serperior
|-sidestart|p1: Belike|Spikes
|
|-heal|p1a: Serperior|88/100|[from] item: Leftovers
|-damage|p2a: did you calc that?|76/100 par|[from] Leech Seed|[of] p1a: Serperior
|-heal|p1a: Serperior|100/100|[silent]
|upkeep
|turn|36
|
|t:|1781432543
|switch|p1a: Garchomp|Garchomp, M|94/100 tox
|-damage|p1a: Garchomp|88/100 tox|[from] Stealth Rock
|-damage|p1a: Garchomp|71/100 tox|[from] Spikes
|switch|p2a: love this for you|Clefable, F|100/100
|
|-damage|p1a: Garchomp|65/100 tox|[from] psn
|upkeep
|turn|37
|
|t:|1781432546
|move|p1a: Garchomp|Earthquake|p2a: love this for you
|-damage|p2a: love this for you|54/100
|move|p2a: love this for you|Moonblast|p1a: Garchomp
|-supereffective|p1a: Garchomp
|-damage|p1a: Garchomp|9/100 tox
|-unboost|p1a: Garchomp|spa|1
|
|-damage|p1a: Garchomp|0 fnt|[from] psn
|faint|p1a: Garchomp
|upkeep
|
|t:|1781432550
|switch|p1a: Cinderace|Cinderace, M|100/100
|-damage|p1a: Cinderace|76/100|[from] Stealth Rock
|-damage|p1a: Cinderace|59/100|[from] Spikes
|turn|38
|
|t:|1781432566
|move|p1a: Cinderace|Court Change|p1a: Cinderace
|-start|p1a: Cinderace|typechange|Normal|[from] ability: Libero
|-swapsideconditions
|-activate|p1a: Cinderace|move: Court Change
|move|p2a: love this for you|Moonlight|p2a: love this for you
|-heal|p2a: love this for you|100/100
|
|upkeep
|turn|39
|
|t:|1781432575
|switch|p1a: Umbreon|Umbreon, M|100/100
|move|p2a: love this for you|Moonblast|p1a: Umbreon
|-supereffective|p1a: Umbreon
|-damage|p1a: Umbreon|70/100
|-unboost|p1a: Umbreon|spa|1
|
|-heal|p1a: Umbreon|76/100|[from] item: Leftovers
|upkeep
|turn|40
|
|t:|1781432583
|move|p2a: love this for you|Stealth Rock|p1a: Umbreon
|-sidestart|p1: Belike|move: Stealth Rock
|move|p1a: Umbreon|Roar|p2a: love this for you
|drag|p2a: did you calc that?|Clodsire, F|76/100 par
|
|-heal|p1a: Umbreon|82/100|[from] item: Leftovers
|upkeep
|turn|41
|
|t:|1781432590
|move|p1a: Umbreon|Wish|p1a: Umbreon
|move|p2a: did you calc that?|Spikes|p1a: Umbreon
|-sidestart|p1: Belike|Spikes
|
|-heal|p1a: Umbreon|88/100|[from] item: Leftovers
|upkeep
|turn|42
|
|t:|1781432592
|switch|p1a: Cinderace|Cinderace, M|59/100
|-damage|p1a: Cinderace|34/100|[from] Stealth Rock
|-damage|p1a: Cinderace|22/100|[from] Spikes
|move|p2a: did you calc that?|Poison Jab|p1a: Cinderace
|-damage|p1a: Cinderace|0 fnt
|faint|p1a: Cinderace
|
|upkeep
|
|t:|1781432602
|switch|p1a: Zapdos|Zapdos-Galar|100/100
|-damage|p1a: Zapdos|88/100|[from] Stealth Rock
|turn|43
|
|t:|1781432607
|switch|p2a: per my last turn|Corviknight, M|100/100
|-damage|p2a: per my last turn|88/100|[from] Stealth Rock
|-ability|p2a: per my last turn|Pressure
|move|p1a: Zapdos|Stomping Tantrum|p2a: per my last turn
|-immune|p2a: per my last turn
|
|-heal|p2a: per my last turn|94/100|[from] item: Leftovers
|upkeep
|turn|44
|
|t:|1781432614
|move|p1a: Zapdos|Thunderous Kick|p2a: per my last turn
|-damage|p2a: per my last turn|57/100
|-unboost|p2a: per my last turn|def|1
|move|p2a: per my last turn|Defog|p1a: Zapdos
|-unboost|p1a: Zapdos|evasion|1
|-ability|p1a: Zapdos|Defiant|boost
|-boost|p1a: Zapdos|atk|2
|-sideend|p1: Belike|Spikes|[from] move: Defog|[of] p2a: per my last turn
|-sideend|p1: Belike|Stealth Rock|[from] move: Defog|[of] p2a: per my last turn
|-sideend|p2: bahnmiking|Spikes|[from] move: Defog|[of] p2a: per my last turn
|-sideend|p2: bahnmiking|Stealth Rock|[from] move: Defog|[of] p2a: per my last turn
|
|-heal|p2a: per my last turn|63/100|[from] item: Leftovers
|upkeep
|turn|45
|
|t:|1781432617
|switch|p2a: love this for you|Clefable, F|100/100
|move|p1a: Zapdos|Thunderous Kick|p2a: love this for you
|-resisted|p2a: love this for you
|-damage|p2a: love this for you|68/100
|-unboost|p2a: love this for you|def|1
|
|upkeep
|turn|46
|
|t:|1781432629
|switch|p2a: per my last turn|Corviknight, M|63/100
|-ability|p2a: per my last turn|Pressure
|move|p1a: Zapdos|Brave Bird|p2a: per my last turn
|-resisted|p2a: per my last turn
|-damage|p2a: per my last turn|13/100
|-damage|p1a: Zapdos|68/100|[from] Recoil
|
|-heal|p2a: per my last turn|20/100|[from] item: Leftovers
|upkeep
|turn|47
|
|t:|1781432638
|move|p1a: Zapdos|Knock Off|p2a: per my last turn
|-damage|p2a: per my last turn|0 fnt
|-enditem|p2a: per my last turn|Leftovers|[from] move: Knock Off|[of] p1a: Zapdos
|faint|p2a: per my last turn
|
|upkeep
|c|☆Belike|How is stall any fun
|inactive|bahnmiking has 120 seconds left.
|
|t:|1781432671
|switch|p2a: take your time|Toxapex, M|100/100
|turn|48
|
|t:|1781432676
|move|p1a: Zapdos|Stomping Tantrum|p2a: take your time
|-supereffective|p2a: take your time
|-damage|p2a: take your time|36/100
|move|p2a: take your time|Recover|p2a: take your time
|-heal|p2a: take your time|86/100
|
|-heal|p2a: take your time|92/100|[from] item: Leftovers
|upkeep
|turn|49
|
|t:|1781432681
|switch|p2a: nothing new there|Gliscor, M|75/100 tox
|move|p1a: Zapdos|Knock Off|p2a: nothing new there
|-damage|p2a: nothing new there|19/100 tox
|-enditem|p2a: nothing new there|Toxic Orb|[from] move: Knock Off|[of] p1a: Zapdos
|
|-heal|p2a: nothing new there|32/100 tox|[from] ability: Poison Heal
|upkeep
|turn|50
|
|t:|1781432689
|move|p2a: nothing new there|Protect|p2a: nothing new there
|-singleturn|p2a: nothing new there|Protect
|move|p1a: Zapdos|Brave Bird|p2a: nothing new there
|-activate|p2a: nothing new there|move: Protect
|
|-heal|p2a: nothing new there|44/100 tox|[from] ability: Poison Heal
|upkeep
|turn|51
|
|t:|1781432702
|move|p1a: Zapdos|Brave Bird|p2a: nothing new there
|-damage|p2a: nothing new there|0 fnt
|faint|p2a: nothing new there
|-damage|p1a: Zapdos|52/100|[from] Recoil
|
|upkeep
|
|t:|1781432706
|switch|p2a: keep trying|Dondozo, F|100/100
|turn|52
|
|t:|1781432709
|move|p1a: Zapdos|Thunderous Kick|p2a: keep trying
|-damage|p2a: keep trying|81/100
|-unboost|p2a: keep trying|def|1
|move|p2a: keep trying|Curse|p2a: keep trying
|-unboost|p2a: keep trying|spe|1
|-boost|p2a: keep trying|atk|1
|-boost|p2a: keep trying|def|1
|
|-heal|p2a: keep trying|88/100|[from] item: Leftovers
|upkeep
|turn|53
|
|t:|1781432714
|move|p1a: Zapdos|Thunderous Kick|p2a: keep trying
|-damage|p2a: keep trying|68/100
|-unboost|p2a: keep trying|def|1
|move|p2a: keep trying|Curse|p2a: keep trying
|-unboost|p2a: keep trying|spe|1
|-boost|p2a: keep trying|atk|1
|-boost|p2a: keep trying|def|1
|
|-heal|p2a: keep trying|74/100|[from] item: Leftovers
|upkeep
|turn|54
|
|t:|1781432717
|move|p1a: Zapdos|Thunderous Kick|p2a: keep trying
|-damage|p2a: keep trying|52/100
|-unboost|p2a: keep trying|def|1
|move|p2a: keep trying|Curse|p2a: keep trying
|-unboost|p2a: keep trying|spe|1
|-boost|p2a: keep trying|atk|1
|-boost|p2a: keep trying|def|1
|
|-heal|p2a: keep trying|58/100|[from] item: Leftovers
|upkeep
|turn|55
|
|t:|1781432729
|move|p1a: Zapdos|Knock Off|p2a: keep trying
|-damage|p2a: keep trying|43/100
|-enditem|p2a: keep trying|Leftovers|[from] move: Knock Off|[of] p1a: Zapdos
|move|p2a: keep trying|Crunch|p1a: Zapdos
|-resisted|p1a: Zapdos
|-damage|p1a: Zapdos|27/100
|-unboost|p1a: Zapdos|def|1
|-ability|p1a: Zapdos|Defiant|boost
|-boost|p1a: Zapdos|atk|2
|
|upkeep
|turn|56
|
|t:|1781432736
|move|p1a: Zapdos|Brave Bird|p2a: keep trying
|-damage|p2a: keep trying|14/100
|-damage|p1a: Zapdos|11/100|[from] Recoil
|move|p2a: keep trying|Crunch|p1a: Zapdos
|-resisted|p1a: Zapdos
|-damage|p1a: Zapdos|0 fnt
|faint|p1a: Zapdos
|
|upkeep
|
|t:|1781432739
|switch|p1a: Serperior|Serperior, F|100/100
|turn|57
|
|t:|1781432745
|switch|p2a: did you calc that?|Clodsire, F|76/100 par
|move|p1a: Serperior|Leaf Storm|p2a: did you calc that?
|-damage|p2a: did you calc that?|56/100 par
|-boost|p1a: Serperior|spa|2
|
|upkeep
|turn|58
|
|t:|1781432752
|move|p1a: Serperior|Leech Seed|p2a: did you calc that?
|-start|p2a: did you calc that?|move: Leech Seed
|move|p2a: did you calc that?|Recover|p2a: did you calc that?
|-heal|p2a: did you calc that?|100/100 par
|
|-damage|p2a: did you calc that?|88/100 par|[from] Leech Seed|[of] p1a: Serperior
|upkeep
|turn|59
|
|t:|1781432757
|switch|p1a: Umbreon|Umbreon, M|88/100
|move|p2a: did you calc that?|Spikes|p1a: Umbreon
|-sidestart|p1: Belike|Spikes
|
|-heal|p1a: Umbreon|94/100|[from] item: Leftovers
|-damage|p2a: did you calc that?|76/100 par|[from] Leech Seed|[of] p1a: Umbreon
|-heal|p1a: Umbreon|100/100|[silent]
|upkeep
|turn|60
|
|t:|1781432761
|move|p1a: Umbreon|Wish|p1a: Umbreon
|move|p2a: did you calc that?|Spikes|p1a: Umbreon
|-sidestart|p1: Belike|Spikes
|
|-damage|p2a: did you calc that?|64/100 par|[from] Leech Seed|[of] p1a: Umbreon
|upkeep
|turn|61
|
|t:|1781432768
|switch|p2a: love this for you|Clefable, F|68/100
|move|p1a: Umbreon|Foul Play|p2a: love this for you
|-resisted|p2a: love this for you
|-damage|p2a: love this for you|59/100
|
|upkeep
|turn|62
|
|t:|1781432776
|move|p1a: Umbreon|Toxic|p2a: love this for you
|-status|p2a: love this for you|tox
|move|p2a: love this for you|Moonlight|p2a: love this for you
|-heal|p2a: love this for you|100/100 tox
|
|upkeep
|turn|63
|
|t:|1781432785
|switch|p1a: Serperior|Serperior, F|100/100
|-damage|p1a: Serperior|84/100|[from] Spikes
|move|p2a: love this for you|Knock Off|p1a: Serperior
|-damage|p1a: Serperior|68/100
|-enditem|p1a: Serperior|Leftovers|[from] move: Knock Off|[of] p2a: love this for you
|
|upkeep
|turn|64
|
|t:|1781432792
|move|p1a: Serperior|Leech Seed|p2a: love this for you
|-start|p2a: love this for you|move: Leech Seed
|move|p2a: love this for you|Stealth Rock|p1a: Serperior
|-sidestart|p1: Belike|move: Stealth Rock
|
|upkeep
|turn|65
|
|t:|1781432802
|switch|p1a: Umbreon|Umbreon, M|100/100
|-damage|p1a: Umbreon|84/100|[from] Spikes
|-damage|p1a: Umbreon|72/100|[from] Stealth Rock
|move|p2a: love this for you|Moonblast|p1a: Umbreon
|-supereffective|p1a: Umbreon
|-damage|p1a: Umbreon|37/100
|
|-heal|p1a: Umbreon|43/100|[from] item: Leftovers
|upkeep
|turn|66
|
|t:|1781432806
|move|p2a: love this for you|Knock Off|p1a: Umbreon
|-resisted|p1a: Umbreon
|-damage|p1a: Umbreon|37/100
|-enditem|p1a: Umbreon|Leftovers|[from] move: Knock Off|[of] p2a: love this for you
|move|p1a: Umbreon|Roar|p2a: love this for you
|drag|p2a: did you calc that?|Clodsire, F|64/100 par
|
|upkeep
|turn|67
|
|t:|1781432814
|move|p1a: Umbreon|Wish|p1a: Umbreon
|move|p2a: did you calc that?|Spikes|p1a: Umbreon
|-sidestart|p1: Belike|Spikes
|
|upkeep
|turn|68
|
|t:|1781432820
|switch|p1a: Iron Valiant|Iron Valiant|100/100
|-damage|p1a: Iron Valiant|76/100|[from] Spikes
|-damage|p1a: Iron Valiant|69/100|[from] Stealth Rock
|-enditem|p1a: Iron Valiant|Booster Energy
|-activate|p1a: Iron Valiant|ability: Quark Drive|[fromitem]
|-start|p1a: Iron Valiant|quarkdrivespe
|move|p2a: did you calc that?|Poison Jab|p1a: Iron Valiant
|-supereffective|p1a: Iron Valiant
|-damage|p1a: Iron Valiant|17/100
|-status|p1a: Iron Valiant|psn
|
|-heal|p1a: Iron Valiant|85/100 psn|[from] move: Wish|[wisher] Umbreon
|-damage|p1a: Iron Valiant|73/100 psn|[from] psn
|upkeep
|turn|69
|
|t:|1781432834
|move|p1a: Iron Valiant|Calm Mind|p1a: Iron Valiant
|-boost|p1a: Iron Valiant|spa|1
|-boost|p1a: Iron Valiant|spd|1
|move|p2a: did you calc that?|Poison Jab|p1a: Iron Valiant
|-supereffective|p1a: Iron Valiant
|-damage|p1a: Iron Valiant|17/100 psn
|
|-damage|p1a: Iron Valiant|4/100 psn|[from] psn
|upkeep
|turn|70
|-message|Belike forfeited.
|
|win|bahnmiking
|raw|Belike's rating: 1548 &rarr; <strong>1528</strong><br />(-20 for losing)
|raw|bahnmiking's rating: 1553 &rarr; <strong>1573</strong><br />(+20 for winning)
|l|☆Belike
|player|p1|
|l| Vitriso
