|j|☆employment devil
|j|☆drop a baby
|t:|1781318685
|gametype|singles
|player|p1|employment devil|lusamine-nihilego|1722
|player|p2|drop a baby|chase|1739
|gen|9
|tier|[Gen 9] OU
|rated|
|rule|HP Percentage Mod: HP is shown in percentages
|rule|Endless Battle Clause: Forcing endless battles is banned
|rule|Species Clause: Limit one of each Pokémon
|rule|OHKO Clause: OHKO moves are banned
|rule|Evasion Items Clause: Evasion items are banned
|rule|Evasion Moves Clause: Evasion moves are banned
|rule|Evasion Abilities Clause: Evasion abilities are banned
|rule|Sleep Moves Clause: Sleep-inducing moves are banned
|clearpoke
|poke|p1|Torkoal, M|
|poke|p1|Raging Bolt|
|poke|p1|Walking Wake|
|poke|p1|Great Tusk|
|poke|p1|Hatterene, F|
|poke|p1|Slither Wing|
|poke|p2|Darkrai|
|poke|p2|Deoxys-Speed|
|poke|p2|Raging Bolt|
|poke|p2|Kingambit, M|
|poke|p2|Iron Valiant|
|poke|p2|Great Tusk|
|teampreview
|c|☆employment devil|hf
|c|☆drop a baby|hf big bro
|
|t:|1781318703
|teamsize|p1|6
|teamsize|p2|6
|start
|switch|p1a: Dangerous flaps|Slither Wing, shiny|100/100
|switch|p2a: IMU|Darkrai|100/100
|turn|1
|
|t:|1781318711
|switch|p2a: Speedy Gonzales|Deoxys-Speed, shiny|100/100
|-ability|p2a: Speedy Gonzales|Pressure
|move|p1a: Dangerous flaps|First Impression|p2a: Speedy Gonzales
|-supereffective|p2a: Speedy Gonzales
|-damage|p2a: Speedy Gonzales|0 fnt
|faint|p2a: Speedy Gonzales
|
|upkeep
|
|t:|1781318723
|switch|p2a: 🎭|Iron Valiant, shiny|100/100
|-enditem|p2a: 🎭|Booster Energy
|-activate|p2a: 🎭|ability: Quark Drive|[fromitem]
|-start|p2a: 🎭|quarkdrivespe
|turn|2
|
|t:|1781318728
|-end|p1a: Dangerous flaps|Protosynthesis|[silent]
|switch|p1a: 10 packs deep|Torkoal, M, shiny|100/100
|-weather|SunnyDay|[from] ability: Drought|[of] p1a: 10 packs deep
|move|p2a: 🎭|Calm Mind|p2a: 🎭
|-boost|p2a: 🎭|spa|1
|-boost|p2a: 🎭|spd|1
|
|-weather|SunnyDay|[upkeep]
|upkeep
|turn|3
|inactive|Battle timer is ON: inactive players will automatically lose when time's up. (requested by drop a baby)
|
|t:|1781318734
|move|p2a: 🎭|Calm Mind|p2a: 🎭
|-boost|p2a: 🎭|spa|1
|-boost|p2a: 🎭|spd|1
|move|p1a: 10 packs deep|Overheat|p2a: 🎭|[miss]
|-miss|p1a: 10 packs deep|p2a: 🎭
|
|-weather|SunnyDay|[upkeep]
|upkeep
|turn|4
|
|t:|1781318739
|switch|p1a: Gyatt in the hat|Hatterene, F, shiny|100/100
|move|p2a: 🎭|Calm Mind|p2a: 🎭
|-boost|p2a: 🎭|spa|1
|-boost|p2a: 🎭|spd|1
|
|-weather|SunnyDay|[upkeep]
|upkeep
|turn|5
|
|t:|1781318742
|move|p2a: 🎭|Shadow Ball|p1a: Gyatt in the hat
|-supereffective|p1a: Gyatt in the hat
|-damage|p1a: Gyatt in the hat|0 fnt
|faint|p1a: Gyatt in the hat
|
|-weather|SunnyDay|[upkeep]
|upkeep
|
|t:|1781318745
|switch|p1a: name censored|Great Tusk, shiny|100/100
|-activate|p1a: name censored|ability: Protosynthesis
|-start|p1a: name censored|protosynthesisatk
|turn|6
|
|t:|1781318755
|-terastallize|p1a: name censored|Fire
|move|p2a: 🎭|Moonblast|p1a: name censored
|-resisted|p1a: name censored
|-damage|p1a: name censored|48/100
|-unboost|p1a: name censored|spa|1
|move|p1a: name censored|Headlong Rush|p2a: 🎭
|-damage|p2a: 🎭|0 fnt
|-unboost|p1a: name censored|def|1
|-unboost|p1a: name censored|spd|1
|faint|p2a: 🎭
|-end|p2a: 🎭|Quark Drive|[silent]
|
|-weather|SunnyDay|[upkeep]
|upkeep
|
|t:|1781318762
|switch|p2a: BROTD|Great Tusk, shiny|100/100
|-activate|p2a: BROTD|ability: Protosynthesis
|-start|p2a: BROTD|protosynthesisspe
|turn|7
|
|t:|1781318767
|-end|p1a: name censored|Protosynthesis|[silent]
|switch|p1a: Waking Bad|Walking Wake|100/100
|-activate|p1a: Waking Bad|ability: Protosynthesis
|-start|p1a: Waking Bad|protosynthesisspe
|move|p2a: BROTD|Bulk Up|p2a: BROTD
|-boost|p2a: BROTD|atk|1
|-boost|p2a: BROTD|def|1
|
|-weather|SunnyDay|[upkeep]
|upkeep
|turn|8
|
|t:|1781318770
|move|p1a: Waking Bad|Hydro Steam|p2a: BROTD
|-supereffective|p2a: BROTD
|-damage|p2a: BROTD|0 fnt
|faint|p2a: BROTD
|-end|p2a: BROTD|Protosynthesis|[silent]
|
|-weather|SunnyDay|[upkeep]
|upkeep
|
|t:|1781318773
|switch|p2a: Hito no mi Model⚡️|Raging Bolt|100/100
|-activate|p2a: Hito no mi Model⚡️|ability: Protosynthesis
|-start|p2a: Hito no mi Model⚡️|protosynthesisspa
|turn|9
|
|t:|1781318787
|-end|p1a: Waking Bad|Protosynthesis|[silent]
|switch|p1a: name censored|Great Tusk, shiny, tera:Fire|48/100
|-activate|p1a: name censored|ability: Protosynthesis
|-start|p1a: name censored|protosynthesisatk
|move|p2a: Hito no mi Model⚡️|Calm Mind|p2a: Hito no mi Model⚡️
|-boost|p2a: Hito no mi Model⚡️|spa|1
|-boost|p2a: Hito no mi Model⚡️|spd|1
|
|-weather|none
|-end|p1a: name censored|Protosynthesis
|-end|p2a: Hito no mi Model⚡️|Protosynthesis
|upkeep
|-enditem|p2a: Hito no mi Model⚡️|Booster Energy
|-activate|p2a: Hito no mi Model⚡️|ability: Protosynthesis|[fromitem]
|-start|p2a: Hito no mi Model⚡️|protosynthesisspa
|turn|10
|
|t:|1781318801
|-end|p1a: name censored|Protosynthesis|[silent]
|switch|p1a: 10 packs deep|Torkoal, M, shiny|100/100
|-weather|SunnyDay|[from] ability: Drought|[of] p1a: 10 packs deep
|move|p2a: Hito no mi Model⚡️|Thunderclap||[still]
|-fail|p2a: Hito no mi Model⚡️
|
|-weather|SunnyDay|[upkeep]
|upkeep
|turn|11
|
|t:|1781318806
|move|p2a: Hito no mi Model⚡️|Calm Mind|p2a: Hito no mi Model⚡️
|-boost|p2a: Hito no mi Model⚡️|spa|1
|-boost|p2a: Hito no mi Model⚡️|spd|1
|move|p1a: 10 packs deep|Earthquake|p2a: Hito no mi Model⚡️
|-supereffective|p2a: Hito no mi Model⚡️
|-damage|p2a: Hito no mi Model⚡️|65/100
|
|-weather|SunnyDay|[upkeep]
|upkeep
|turn|12
|
|t:|1781318812
|move|p2a: Hito no mi Model⚡️|Thunderbolt|p1a: 10 packs deep
|-damage|p1a: 10 packs deep|0 fnt
|faint|p1a: 10 packs deep
|
|-weather|SunnyDay|[upkeep]
|upkeep
|
|t:|1781318816
|switch|p1a: RagingStormZoner|Raging Bolt|100/100
|-activate|p1a: RagingStormZoner|ability: Protosynthesis
|-start|p1a: RagingStormZoner|protosynthesisspa
|turn|13
|
|t:|1781318819
|-end|p1a: RagingStormZoner|Protosynthesis|[silent]
|switch|p1a: name censored|Great Tusk, shiny, tera:Fire|48/100
|-activate|p1a: name censored|ability: Protosynthesis
|-start|p1a: name censored|protosynthesisatk
|move|p2a: Hito no mi Model⚡️|Dragon Pulse|p1a: name censored
|-damage|p1a: name censored|0 fnt
|faint|p1a: name censored
|-end|p1a: name censored|Protosynthesis|[silent]
|
|-weather|SunnyDay|[upkeep]
|upkeep
|
|t:|1781318821
|switch|p1a: RagingStormZoner|Raging Bolt|100/100
|-activate|p1a: RagingStormZoner|ability: Protosynthesis
|-start|p1a: RagingStormZoner|protosynthesisspa
|turn|14
|
|t:|1781318835
|move|p1a: RagingStormZoner|Thunderclap|p2a: Hito no mi Model⚡️
|-resisted|p2a: Hito no mi Model⚡️
|-damage|p2a: Hito no mi Model⚡️|56/100
|move|p2a: Hito no mi Model⚡️|Dragon Pulse|p1a: RagingStormZoner
|-supereffective|p1a: RagingStormZoner
|-damage|p1a: RagingStormZoner|0 fnt
|faint|p1a: RagingStormZoner
|-end|p1a: RagingStormZoner|Protosynthesis|[silent]
|
|-weather|SunnyDay|[upkeep]
|upkeep
|
|t:|1781318848
|switch|p1a: Dangerous flaps|Slither Wing, shiny|100/100
|-activate|p1a: Dangerous flaps|ability: Protosynthesis
|-start|p1a: Dangerous flaps|protosynthesisdef
|turn|15
|
|t:|1781318855
|move|p1a: Dangerous flaps|First Impression|p2a: Hito no mi Model⚡️
|-damage|p2a: Hito no mi Model⚡️|19/100
|move|p2a: Hito no mi Model⚡️|Thunderbolt|p1a: Dangerous flaps
|-damage|p1a: Dangerous flaps|0 fnt
|faint|p1a: Dangerous flaps
|-end|p1a: Dangerous flaps|Protosynthesis|[silent]
|
|-weather|SunnyDay|[upkeep]
|upkeep
|
|t:|1781318858
|switch|p1a: Waking Bad|Walking Wake|100/100
|-activate|p1a: Waking Bad|ability: Protosynthesis
|-start|p1a: Waking Bad|protosynthesisspe
|turn|16
|
|t:|1781318862
|move|p2a: Hito no mi Model⚡️|Thunderclap|p1a: Waking Bad
|-damage|p1a: Waking Bad|0 fnt
|faint|p1a: Waking Bad
|-end|p1a: Waking Bad|Protosynthesis|[silent]
|
|win|drop a baby
|raw|employment devil's rating: 1722 &rarr; <strong>1703</strong><br />(-19 for losing)
|raw|drop a baby's rating: 1739 &rarr; <strong>1758</strong><br />(+19 for winning)
|l|☆employment devil
|player|p1|
|l|☆drop a baby
|player|p2|
