|j|☆Floundso
|j|☆t0usei
|t:|1781002105
|gametype|singles
|player|p1|Floundso|giovanni|1640
|player|p2|t0usei|ghetsis|1569
|gen|9
|tier|[Gen 9] OU
|rated|
|rule|HP Percentage Mod: HP is shown in percentages
|rule|Endless Battle Clause: Forcing endless battles is banned
|rule|Species Clause: Limit one of each Pokémon
|rule|OHKO Clause: OHKO moves are banned
|rule|Evasion Items Clause: Evasion items are banned
|rule|Evasion Moves Clause: Evasion moves are banned
|rule|Evasion Abilities Clause: Evasion abilities are banned
|rule|Sleep Moves Clause: Sleep-inducing moves are banned
|clearpoke
|poke|p1|Kyurem|
|poke|p1|Kingambit, M|
|poke|p1|Great Tusk|
|poke|p1|Cinderace, M|
|poke|p1|Slowking-Galar, M|
|poke|p1|Enamorus-Therian, F|
|poke|p2|Zamazenta-*|
|poke|p2|Ogerpon-Wellspring, F|
|poke|p2|Great Tusk|
|poke|p2|Slowking-Galar, F|
|poke|p2|Kingambit, M|
|poke|p2|Zapdos|
|teampreview
|inactive|Battle timer is ON: inactive players will automatically lose when time's up. (requested by t0usei)
|inactive|Floundso has 120 seconds left.
|
|t:|1781002137
|teamsize|p1|6
|teamsize|p2|6
|start
|switch|p1a: Kyurem|Kyurem, shiny|100/100
|switch|p2a: Zamazenta|Zamazenta|100/100
|-ability|p2a: Zamazenta|Dauntless Shield|boost
|-boost|p2a: Zamazenta|def|1
|-ability|p1a: Kyurem|Pressure
|turn|1
|
|t:|1781002141
|switch|p1a: Slowking|Slowking-Galar, M, shiny|100/100
|move|p2a: Zamazenta|Close Combat|p1a: Slowking
|-resisted|p1a: Slowking
|-damage|p1a: Slowking|79/100
|-unboost|p2a: Zamazenta|def|1
|-unboost|p2a: Zamazenta|spd|1
|-damage|p2a: Zamazenta|91/100|[from] item: Life Orb
|
|upkeep
|turn|2
|
|t:|1781002146
|switch|p1a: Enamorus|Enamorus-Therian, F|100/100
|move|p2a: Zamazenta|Crunch|p1a: Enamorus
|-resisted|p1a: Enamorus
|-damage|p1a: Enamorus|89/100
|-damage|p2a: Zamazenta|81/100|[from] item: Life Orb
|
|-heal|p1a: Enamorus|95/100|[from] item: Leftovers
|upkeep
|turn|3
|
|t:|1781002151
|switch|p1a: Great Tusk|Great Tusk, shiny|100/100
|move|p2a: Zamazenta|Heavy Slam|p1a: Great Tusk
|-crit|p1a: Great Tusk
|-damage|p1a: Great Tusk|81/100
|-damage|p2a: Zamazenta|71/100|[from] item: Life Orb
|
|upkeep
|turn|4
|
|t:|1781002156
|-end|p1a: Great Tusk|Protosynthesis|[silent]
|switch|p1a: Slowking|Slowking-Galar, M, shiny|100/100
|switch|p2a: Zapdos|Zapdos|100/100
|
|upkeep
|turn|5
|
|t:|1781002162
|move|p2a: Zapdos|Volt Switch|p1a: Slowking
|-crit|p1a: Slowking
|-damage|p1a: Slowking|76/100
|
|t:|1781002168
|switch|p2a: Slowking|Slowking-Galar, F|100/100|[from] Volt Switch
|move|p1a: Slowking|Sludge Bomb|p2a: Slowking
|-resisted|p2a: Slowking
|-damage|p2a: Slowking|87/100
|
|upkeep
|turn|6
|
|t:|1781002171
|move|p1a: Slowking|Psyshock|p2a: Slowking
|-damage|p2a: Slowking|46/100
|-prepare|p2a: Slowking|Chilly Reception|[premajor]
|move|p2a: Slowking|Chilly Reception|p2a: Slowking
|-weather|Snowscape
|
|t:|1781002177
|switch|p2a: Great Tusk|Great Tusk|100/100|[from] Chilly Reception
|
|-weather|Snowscape|[upkeep]
|upkeep
|turn|7
|
|t:|1781002180
|switch|p1a: Kyurem|Kyurem, shiny|100/100
|-ability|p1a: Kyurem|Pressure
|move|p2a: Great Tusk|Stealth Rock|p1a: Kyurem
|-sidestart|p1: Floundso|move: Stealth Rock
|
|-weather|Snowscape|[upkeep]
|upkeep
|turn|8
|
|t:|1781002185
|-end|p2a: Great Tusk|Protosynthesis|[silent]
|switch|p2a: Slowking|Slowking-Galar, F|80/100
|move|p1a: Kyurem|Earth Power|p2a: Slowking
|-supereffective|p2a: Slowking
|-damage|p2a: Slowking|50/100
|
|-weather|Snowscape|[upkeep]
|upkeep
|turn|9
|
|t:|1781002190
|move|p1a: Kyurem|Earth Power|p2a: Slowking
|-supereffective|p2a: Slowking
|-damage|p2a: Slowking|17/100
|-prepare|p2a: Slowking|Chilly Reception|[premajor]
|move|p2a: Slowking|Chilly Reception|p2a: Slowking
|
|t:|1781002193
|switch|p2a: Zamazenta|Zamazenta|71/100|[from] Chilly Reception
|
|-weather|Snowscape|[upkeep]
|upkeep
|turn|10
|
|t:|1781002200
|move|p2a: Zamazenta|Close Combat|p1a: Kyurem
|-supereffective|p1a: Kyurem
|-damage|p1a: Kyurem|35/100
|-unboost|p2a: Zamazenta|def|1
|-unboost|p2a: Zamazenta|spd|1
|-damage|p2a: Zamazenta|61/100|[from] item: Life Orb
|move|p1a: Kyurem|Ice Beam|p2a: Zamazenta
|-damage|p2a: Zamazenta|4/100
|
|-weather|none
|upkeep
|turn|11
|
|t:|1781002212
|switch|p1a: Slowking|Slowking-Galar, M, shiny|100/100
|-damage|p1a: Slowking|88/100|[from] Stealth Rock
|move|p2a: Zamazenta|Crunch|p1a: Slowking
|-supereffective|p1a: Slowking
|-damage|p1a: Slowking|19/100
|-unboost|p1a: Slowking|def|1
|-damage|p2a: Zamazenta|0 fnt|[from] item: Life Orb
|faint|p2a: Zamazenta
|
|upkeep
|
|t:|1781002215
|switch|p2a: Ogerpon|Ogerpon-Wellspring, F|100/100
|turn|12
|
|t:|1781002223
|move|p2a: Ogerpon|Swords Dance|p2a: Ogerpon
|-boost|p2a: Ogerpon|atk|2
|move|p1a: Slowking|Sludge Bomb|p2a: Ogerpon
|-supereffective|p2a: Ogerpon
|-damage|p2a: Ogerpon|0 fnt
|faint|p2a: Ogerpon
|
|upkeep
|
|t:|1781002227
|switch|p2a: Great Tusk|Great Tusk|100/100
|turn|13
|
|t:|1781002233
|move|p2a: Great Tusk|Rapid Spin|p1a: Slowking
|-damage|p1a: Slowking|0 fnt
|-boost|p2a: Great Tusk|spe|1
|faint|p1a: Slowking
|
|upkeep
|
|t:|1781002235
|switch|p1a: Enamorus|Enamorus-Therian, F|95/100
|-damage|p1a: Enamorus|71/100|[from] Stealth Rock
|turn|14
|
|t:|1781002244
|-end|p2a: Great Tusk|Protosynthesis|[silent]
|switch|p2a: Slowking|Slowking-Galar, F|50/100
|move|p1a: Enamorus|Calm Mind|p1a: Enamorus
|-boost|p1a: Enamorus|spa|1
|-boost|p1a: Enamorus|spd|1
|
|-heal|p1a: Enamorus|77/100|[from] item: Leftovers
|upkeep
|turn|15
|
|t:|1781002260
|switch|p1a: Kingambit|Kingambit, M, shiny|100/100
|-damage|p1a: Kingambit|94/100|[from] Stealth Rock
|-activate|p1a: Kingambit|ability: Supreme Overlord
|-start|p1a: Kingambit|fallen1|[silent]
|-item|p1a: Kingambit|Air Balloon
|switch|p2a: Zapdos|Zapdos|100/100
|
|upkeep
|turn|16
|
|t:|1781002264
|-end|p1a: Kingambit|fallen1|[silent]
|switch|p1a: Cinderace|Cinderace, M, shiny|100/100
|move|p2a: Zapdos|Volt Switch|p1a: Cinderace
|-damage|p1a: Cinderace|60/100
|
|t:|1781002269
|switch|p2a: Great Tusk|Great Tusk|100/100|[from] Volt Switch
|
|upkeep
|turn|17
|
|t:|1781002272
|move|p1a: Cinderace|Court Change|p1a: Cinderace
|-start|p1a: Cinderace|typechange|Normal|[from] ability: Libero
|-swapsideconditions
|-activate|p1a: Cinderace|move: Court Change
|move|p2a: Great Tusk|Rapid Spin|p1a: Cinderace
|-damage|p1a: Cinderace|34/100
|-boost|p2a: Great Tusk|spe|1
|-sideend|p2: t0usei|Stealth Rock|[from] move: Rapid Spin|[of] p2a: Great Tusk
|
|upkeep
|turn|18
|
|t:|1781002278
|switch|p1a: Enamorus|Enamorus-Therian, F|77/100
|move|p2a: Great Tusk|Ice Spinner|p1a: Enamorus
|-supereffective|p1a: Enamorus
|-damage|p1a: Enamorus|42/100
|
|-heal|p1a: Enamorus|48/100|[from] item: Leftovers
|upkeep
|turn|19
|
|t:|1781002286
|-end|p2a: Great Tusk|Protosynthesis|[silent]
|switch|p2a: Slowking|Slowking-Galar, F|84/100
|move|p1a: Enamorus|Draining Kiss|p2a: Slowking
|-resisted|p2a: Slowking
|-damage|p2a: Slowking|78/100
|-heal|p1a: Enamorus|53/100|[from] drain|[of] p2a: Slowking
|
|-heal|p1a: Enamorus|59/100|[from] item: Leftovers
|upkeep
|turn|20
|
|t:|1781002289
|move|p1a: Enamorus|Calm Mind|p1a: Enamorus
|-boost|p1a: Enamorus|spa|1
|-boost|p1a: Enamorus|spd|1
|move|p2a: Slowking|Sludge Bomb|p1a: Enamorus
|-supereffective|p1a: Enamorus
|-damage|p1a: Enamorus|11/100
|-status|p1a: Enamorus|psn
|
|-heal|p1a: Enamorus|17/100 psn|[from] item: Leftovers
|-damage|p1a: Enamorus|5/100 psn|[from] psn
|upkeep
|turn|21
|
|t:|1781002295
|move|p1a: Enamorus|Earth Power|p2a: Slowking
|-supereffective|p2a: Slowking
|-damage|p2a: Slowking|30/100
|-prepare|p2a: Slowking|Chilly Reception|[premajor]
|move|p2a: Slowking|Chilly Reception|p2a: Slowking
|-weather|Snowscape
|
|t:|1781002299
|switch|p2a: Great Tusk|Great Tusk|100/100|[from] Chilly Reception
|
|-weather|Snowscape|[upkeep]
|-heal|p1a: Enamorus|11/100 psn|[from] item: Leftovers
|-damage|p1a: Enamorus|0 fnt|[from] psn
|faint|p1a: Enamorus
|upkeep
|
|t:|1781002303
|switch|p1a: Kyurem|Kyurem, shiny|35/100
|-ability|p1a: Kyurem|Pressure
|turn|22
|
|t:|1781002310
|-end|p2a: Great Tusk|Protosynthesis|[silent]
|switch|p2a: Slowking|Slowking-Galar, F|63/100
|move|p1a: Kyurem|Ice Beam|p2a: Slowking
|-damage|p2a: Slowking|42/100
|
|-weather|Snowscape|[upkeep]
|upkeep
|turn|23
|
|t:|1781002316
|move|p1a: Kyurem|Earth Power|p2a: Slowking
|-supereffective|p2a: Slowking
|-damage|p2a: Slowking|11/100
|move|p2a: Slowking|Sludge Bomb|p1a: Kyurem
|-crit|p1a: Kyurem
|-damage|p1a: Kyurem|7/100
|
|-weather|Snowscape|[upkeep]
|upkeep
|turn|24
|
|t:|1781002323
|move|p1a: Kyurem|Earth Power|p2a: Slowking
|-supereffective|p2a: Slowking
|-damage|p2a: Slowking|0 fnt
|faint|p2a: Slowking
|
|-weather|Snowscape|[upkeep]
|upkeep
|
|t:|1781002329
|switch|p2a: Kingambit|Kingambit, M|100/100
|-activate|p2a: Kingambit|ability: Supreme Overlord
|-start|p2a: Kingambit|fallen3|[silent]
|turn|25
|
|t:|1781002333
|switch|p1a: Kingambit|Kingambit, M, shiny|94/100
|-activate|p1a: Kingambit|ability: Supreme Overlord
|-start|p1a: Kingambit|fallen2|[silent]
|-item|p1a: Kingambit|Air Balloon
|move|p2a: Kingambit|Sucker Punch||[still]
|-fail|p2a: Kingambit
|
|-weather|none
|upkeep
|turn|26
|
|t:|1781002339
|move|p1a: Kingambit|Swords Dance|p1a: Kingambit
|-boost|p1a: Kingambit|atk|2
|move|p2a: Kingambit|Low Kick|p1a: Kingambit
|-supereffective|p1a: Kingambit
|-damage|p1a: Kingambit|0 fnt
|-enditem|p1a: Kingambit|Air Balloon
|faint|p1a: Kingambit
|-end|p1a: Kingambit|fallen2|[silent]
|
|upkeep
|
|t:|1781002341
|switch|p1a: Great Tusk|Great Tusk, shiny|81/100
|turn|27
|
|t:|1781002344
|-end|p1a: Great Tusk|Protosynthesis|[silent]
|switch|p1a: Kyurem|Kyurem, shiny|7/100
|-ability|p1a: Kyurem|Pressure
|-end|p2a: Kingambit|fallen3|[silent]
|switch|p2a: Zapdos|Zapdos|100/100
|
|upkeep
|turn|28
|
|t:|1781002360
|move|p1a: Kyurem|Ice Beam|p2a: Zapdos
|-supereffective|p2a: Zapdos
|-damage|p2a: Zapdos|22/100
|move|p2a: Zapdos|Volt Switch|p1a: Kyurem
|-resisted|p1a: Kyurem
|-damage|p1a: Kyurem|0 fnt
|faint|p1a: Kyurem
|
|t:|1781002365
|switch|p2a: Great Tusk|Great Tusk|100/100|[from] Volt Switch
|
|upkeep
|
|t:|1781002367
|switch|p1a: Cinderace|Cinderace, M, shiny|34/100
|turn|29
|
|t:|1781002369
|move|p1a: Cinderace|Pyro Ball|p2a: Great Tusk
|-damage|p2a: Great Tusk|58/100
|move|p2a: Great Tusk|Headlong Rush|p1a: Cinderace
|-supereffective|p1a: Cinderace
|-damage|p1a: Cinderace|0 fnt
|-unboost|p2a: Great Tusk|def|1
|-unboost|p2a: Great Tusk|spd|1
|faint|p1a: Cinderace
|
|upkeep
|
|t:|1781002373
|switch|p1a: Great Tusk|Great Tusk, shiny|81/100
|turn|30
|
|t:|1781002376
|move|p1a: Great Tusk|Close Combat|p2a: Great Tusk
|-damage|p2a: Great Tusk|0 fnt
|-unboost|p1a: Great Tusk|def|1
|-unboost|p1a: Great Tusk|spd|1
|faint|p2a: Great Tusk
|-end|p2a: Great Tusk|Protosynthesis|[silent]
|
|upkeep
|
|t:|1781002380
|switch|p2a: Zapdos|Zapdos|22/100
|turn|31
|
|t:|1781002397
|-terastallize|p1a: Great Tusk|Fighting
|-terastallize|p2a: Zapdos|Steel
|move|p1a: Great Tusk|Close Combat|p2a: Zapdos
|-supereffective|p2a: Zapdos
|-damage|p2a: Zapdos|0 fnt
|-unboost|p1a: Great Tusk|def|1
|-unboost|p1a: Great Tusk|spd|1
|-status|p1a: Great Tusk|par|[from] ability: Static|[of] p2a: Zapdos
|faint|p2a: Zapdos
|
|upkeep
|
|t:|1781002401
|switch|p2a: Kingambit|Kingambit, M|100/100
|-activate|p2a: Kingambit|ability: Supreme Overlord
|-start|p2a: Kingambit|fallen5|[silent]
|turn|32
|
|t:|1781002405
|cant|p1a: Great Tusk|par
|move|p2a: Kingambit|Low Kick|p1a: Great Tusk
|-damage|p1a: Great Tusk|0 fnt
|faint|p1a: Great Tusk
|-end|p1a: Great Tusk|Protosynthesis|[silent]
|
|win|t0usei
|raw|Floundso's rating: 1661 &rarr; <strong>1636</strong><br />(-25 for losing)
|raw|t0usei's rating: 1569 &rarr; <strong>1594</strong><br />(+25 for winning)
|c|☆Floundso|.....
|c|☆Floundso|0.3*0.25
|c|☆Floundso|= ur odds on winning
|c|☆t0usei|outplayed
|c|☆Floundso|u cant do math
|c|☆t0usei|gg tho better luck next time
|c|☆Floundso|sad
|l|☆Floundso
|player|p1|
|l|☆t0usei
|player|p2|
