|j|☆n5v
|j|☆Johnny tots
|t:|1781356866
|gametype|singles
|player|p1|n5v|leon-masters|1730
|player|p2|Johnny tots|170|1705
|gen|9
|tier|[Gen 9] OU
|rated|
|rule|HP Percentage Mod: HP is shown in percentages
|rule|Endless Battle Clause: Forcing endless battles is banned
|rule|Species Clause: Limit one of each Pokémon
|rule|OHKO Clause: OHKO moves are banned
|rule|Evasion Items Clause: Evasion items are banned
|rule|Evasion Moves Clause: Evasion moves are banned
|rule|Evasion Abilities Clause: Evasion abilities are banned
|rule|Sleep Moves Clause: Sleep-inducing moves are banned
|clearpoke
|poke|p1|Raging Bolt|
|poke|p1|Enamorus, F|
|poke|p1|Rillaboom, M|
|poke|p1|Kingambit, F|
|poke|p1|Great Tusk|
|poke|p1|Slowking-Galar, M|
|poke|p2|Rillaboom, F|
|poke|p2|Klefki, F|
|poke|p2|Manaphy|
|poke|p2|Ogerpon-Wellspring, F|
|poke|p2|Dragapult, F|
|poke|p2|Clefable, F|
|teampreview
|c|☆n5v|glhf
|inactive|Battle timer is ON: inactive players will automatically lose when time's up. (requested by n5v)
|
|t:|1781356882
|teamsize|p1|6
|teamsize|p2|6
|start
|switch|p1a: goobing bolt|Raging Bolt|100/100
|switch|p2a: Ogerpon|Ogerpon-Wellspring, F|100/100
|turn|1
|
|t:|1781356887
|switch|p2a: Rillaboom|Rillaboom, F|100/100
|-fieldstart|move: Grassy Terrain|[from] ability: Grassy Surge|[of] p2a: Rillaboom
|move|p1a: goobing bolt|Thunderbolt|p2a: Rillaboom
|-resisted|p2a: Rillaboom
|-damage|p2a: Rillaboom|55/100
|-status|p2a: Rillaboom|par
|
|-heal|p2a: Rillaboom|61/100 par|[from] Grassy Terrain
|upkeep
|turn|2
|c|☆n5v|mb
|
|t:|1781356902
|switch|p2a: Klefki|Klefki, F|100/100
|move|p1a: goobing bolt|Thunderbolt|p2a: Klefki
|-damage|p2a: Klefki|2/100
|
|-heal|p2a: Klefki|8/100|[from] Grassy Terrain
|upkeep
|turn|3
|
|t:|1781356912
|move|p2a: Klefki|Light Screen|p2a: Klefki
|-sidestart|p2: Johnny tots|move: Light Screen
|move|p1a: goobing bolt|Thunderbolt|p2a: Klefki
|-damage|p2a: Klefki|0 fnt
|faint|p2a: Klefki
|
|upkeep
|
|t:|1781356915
|switch|p2a: Cutmylifein2|Dragapult, F|100/100
|turn|4
|
|t:|1781356926
|-end|p1a: goobing bolt|Protosynthesis|[silent]
|switch|p1a: gay alladin|Enamorus, F|100/100
|move|p2a: Cutmylifein2|Dragon Dance|p2a: Cutmylifein2
|-boost|p2a: Cutmylifein2|atk|1
|-boost|p2a: Cutmylifein2|spe|1
|
|upkeep
|turn|5
|
|t:|1781356931
|move|p2a: Cutmylifein2|Substitute|p2a: Cutmylifein2
|-start|p2a: Cutmylifein2|Substitute
|-damage|p2a: Cutmylifein2|76/100
|move|p1a: gay alladin|Moonblast|p2a: Cutmylifein2
|-supereffective|p2a: Cutmylifein2
|-end|p2a: Cutmylifein2|Substitute
|
|-heal|p2a: Cutmylifein2|82/100|[from] Grassy Terrain
|-heal|p2a: Cutmylifein2|88/100|[from] item: Leftovers
|upkeep
|turn|6
|
|t:|1781356936
|move|p2a: Cutmylifein2|Dragon Darts|p1a: gay alladin
|-immune|p1a: gay alladin
|move|p1a: gay alladin|Moonblast|p2a: Cutmylifein2
|-supereffective|p2a: Cutmylifein2
|-damage|p2a: Cutmylifein2|17/100
|
|-heal|p2a: Cutmylifein2|23/100|[from] Grassy Terrain
|-heal|p2a: Cutmylifein2|29/100|[from] item: Leftovers
|upkeep
|turn|7
|
|t:|1781356939
|move|p2a: Cutmylifein2|Last Resort|p1a: gay alladin
|-damage|p1a: gay alladin|0 fnt
|faint|p1a: gay alladin
|
|-heal|p2a: Cutmylifein2|35/100|[from] Grassy Terrain
|-heal|p2a: Cutmylifein2|41/100|[from] item: Leftovers
|upkeep
|
|t:|1781356954
|switch|p1a: neededaghostresist|Kingambit, F, shiny|100/100
|-activate|p1a: neededaghostresist|ability: Supreme Overlord
|-start|p1a: neededaghostresist|fallen1|[silent]
|turn|8
|
|t:|1781356960
|move|p2a: Cutmylifein2|Dragon Darts|p1a: neededaghostresist
|-resisted|p1a: neededaghostresist
|-damage|p1a: neededaghostresist|86/100
|-anim|p2a: Cutmylifein2|Dragon Darts|p1a: neededaghostresist
|-resisted|p1a: neededaghostresist
|-damage|p1a: neededaghostresist|70/100
|move|p1a: neededaghostresist|Swords Dance|p1a: neededaghostresist
|-boost|p1a: neededaghostresist|atk|2
|
|-heal|p2a: Cutmylifein2|47/100|[from] Grassy Terrain
|-heal|p2a: Cutmylifein2|54/100|[from] item: Leftovers
|-heal|p1a: neededaghostresist|76/100|[from] Grassy Terrain
|-heal|p1a: neededaghostresist|82/100|[from] item: Leftovers
|-fieldend|move: Grassy Terrain
|upkeep
|turn|9
|
|t:|1781356965
|move|p1a: neededaghostresist|Sucker Punch|p2a: Cutmylifein2
|-supereffective|p2a: Cutmylifein2
|-damage|p2a: Cutmylifein2|0 fnt
|faint|p2a: Cutmylifein2
|
|-heal|p1a: neededaghostresist|88/100|[from] item: Leftovers
|upkeep
|
|t:|1781356967
|switch|p2a: Ogerpon|Ogerpon-Wellspring, F|100/100
|turn|10
|
|t:|1781356970
|-terastallize|p1a: neededaghostresist|Flying
|move|p2a: Ogerpon|Encore|p1a: neededaghostresist
|-start|p1a: neededaghostresist|Encore
|move|p1a: neededaghostresist|Sucker Punch||[still]
|-fail|p1a: neededaghostresist
|
|-heal|p1a: neededaghostresist|94/100|[from] item: Leftovers
|-sideend|p2: Johnny tots|move: Light Screen
|upkeep
|turn|11
|
|t:|1781356974
|-end|p1a: neededaghostresist|fallen1|[silent]
|switch|p1a: diddy kong|Rillaboom, M, shiny|100/100
|-fieldstart|move: Grassy Terrain|[from] ability: Grassy Surge|[of] p1a: diddy kong
|move|p2a: Ogerpon|Swords Dance|p2a: Ogerpon
|-boost|p2a: Ogerpon|atk|2
|
|upkeep
|turn|12
|
|t:|1781356976
|move|p1a: diddy kong|Grassy Glide|p2a: Ogerpon
|-damage|p2a: Ogerpon|28/100
|move|p2a: Ogerpon|Power Whip|p1a: diddy kong
|-resisted|p1a: diddy kong
|-damage|p1a: diddy kong|2/100
|
|-heal|p2a: Ogerpon|34/100|[from] Grassy Terrain
|-heal|p1a: diddy kong|8/100|[from] Grassy Terrain
|upkeep
|turn|13
|
|t:|1781356984
|switch|p2a: Rillaboom|Rillaboom, F|61/100 par
|move|p1a: diddy kong|Grassy Glide|p2a: Rillaboom
|-resisted|p2a: Rillaboom
|-damage|p2a: Rillaboom|32/100 par
|
|-heal|p1a: diddy kong|15/100|[from] Grassy Terrain
|-heal|p2a: Rillaboom|38/100 par|[from] Grassy Terrain
|upkeep
|turn|14
|
|t:|1781356987
|switch|p1a: goobing bolt|Raging Bolt|100/100
|move|p2a: Rillaboom|Grassy Glide|p1a: goobing bolt
|-resisted|p1a: goobing bolt
|-damage|p1a: goobing bolt|84/100
|
|-heal|p1a: goobing bolt|90/100|[from] Grassy Terrain
|-heal|p2a: Rillaboom|44/100 par|[from] Grassy Terrain
|upkeep
|turn|15
|
|t:|1781356995
|move|p1a: goobing bolt|Thunderbolt|p2a: Rillaboom
|-resisted|p2a: Rillaboom
|-damage|p2a: Rillaboom|0 fnt
|faint|p2a: Rillaboom
|
|-heal|p1a: goobing bolt|96/100|[from] Grassy Terrain
|-fieldend|move: Grassy Terrain
|upkeep
|
|t:|1781357000
|switch|p2a: Manaphy|Manaphy|100/100
|turn|16
|
|t:|1781357002
|-terastallize|p2a: Manaphy|Grass
|move|p2a: Manaphy|Take Heart|p2a: Manaphy
|-boost|p2a: Manaphy|spa|1
|-boost|p2a: Manaphy|spd|1
|move|p1a: goobing bolt|Thunderbolt|p2a: Manaphy
|-resisted|p2a: Manaphy
|-damage|p2a: Manaphy|76/100
|
|-heal|p2a: Manaphy|82/100|[from] item: Leftovers
|upkeep
|turn|17
|
|t:|1781357009
|-end|p1a: goobing bolt|Protosynthesis|[silent]
|switch|p1a: neededaghostresist|Kingambit, F, shiny, tera:Flying|94/100
|-activate|p1a: neededaghostresist|ability: Supreme Overlord
|-start|p1a: neededaghostresist|fallen1|[silent]
|move|p2a: Manaphy|Take Heart|p2a: Manaphy
|-boost|p2a: Manaphy|spa|1
|-boost|p2a: Manaphy|spd|1
|
|-heal|p2a: Manaphy|88/100|[from] item: Leftovers
|-heal|p1a: neededaghostresist|100/100|[from] item: Leftovers
|upkeep
|turn|18
|
|t:|1781357012
|move|p2a: Manaphy|Acid Armor|p2a: Manaphy
|-boost|p2a: Manaphy|def|2
|move|p1a: neededaghostresist|Kowtow Cleave|p2a: Manaphy
|-damage|p2a: Manaphy|61/100
|
|-heal|p2a: Manaphy|67/100|[from] item: Leftovers
|upkeep
|turn|19
|
|t:|1781357014
|move|p2a: Manaphy|Acid Armor|p2a: Manaphy
|-boost|p2a: Manaphy|def|2
|move|p1a: neededaghostresist|Swords Dance|p1a: neededaghostresist
|-boost|p1a: neededaghostresist|atk|2
|
|-heal|p2a: Manaphy|73/100|[from] item: Leftovers
|upkeep
|turn|20
|
|t:|1781357019
|move|p2a: Manaphy|Acid Armor|p2a: Manaphy
|-boost|p2a: Manaphy|def|2
|move|p1a: neededaghostresist|Swords Dance|p1a: neededaghostresist
|-boost|p1a: neededaghostresist|atk|2
|
|-heal|p2a: Manaphy|80/100|[from] item: Leftovers
|upkeep
|turn|21
|
|t:|1781357023
|move|p2a: Manaphy|Stored Power|p1a: neededaghostresist
|-damage|p1a: neededaghostresist|0 fnt
|faint|p1a: neededaghostresist
|-end|p1a: neededaghostresist|fallen1|[silent]
|
|-heal|p2a: Manaphy|86/100|[from] item: Leftovers
|upkeep
|
|t:|1781357037
|switch|p1a: wake not walking|Slowking-Galar, M|100/100
|turn|22
|
|t:|1781357044
|move|p2a: Manaphy|Stored Power|p1a: wake not walking
|-crit|p1a: wake not walking
|-damage|p1a: wake not walking|5/100
|move|p1a: wake not walking|Sludge Bomb|p2a: Manaphy
|-supereffective|p2a: Manaphy
|-damage|p2a: Manaphy|47/100
|
|-heal|p2a: Manaphy|53/100|[from] item: Leftovers
|upkeep
|turn|23
|
|t:|1781357048
|switch|p1a: diddy kong|Rillaboom, M, shiny|15/100
|-fieldstart|move: Grassy Terrain|[from] ability: Grassy Surge|[of] p1a: diddy kong
|move|p2a: Manaphy|Stored Power|p1a: diddy kong
|-damage|p1a: diddy kong|0 fnt
|faint|p1a: diddy kong
|
|-heal|p2a: Manaphy|59/100|[from] Grassy Terrain
|-heal|p2a: Manaphy|65/100|[from] item: Leftovers
|upkeep
|
|t:|1781357051
|switch|p1a: wake not walking|Slowking-Galar, M|38/100
|turn|24
|
|t:|1781357054
|switch|p1a: cheap tusk|Great Tusk|100/100
|move|p2a: Manaphy|Take Heart|p2a: Manaphy
|-boost|p2a: Manaphy|spa|1
|-boost|p2a: Manaphy|spd|1
|
|-heal|p2a: Manaphy|71/100|[from] Grassy Terrain
|-heal|p2a: Manaphy|77/100|[from] item: Leftovers
|upkeep
|turn|25
|c|☆n5v|buh
|c|☆n5v|ggs
|-message|n5v forfeited.
|
|win|Johnny tots
|raw|n5v's rating: 1730 &rarr; <strong>1709</strong><br />(-21 for losing)
|raw|Johnny tots's rating: 1705 &rarr; <strong>1726</strong><br />(+21 for winning)
|c|☆Johnny tots|Ggs
|l|☆n5v
|player|p1|
|l|☆Johnny tots
|player|p2|
