|j|☆blah0blah1blah2
|j|☆KurisuChestnutOU
|t:|1781182308
|gametype|singles
|player|p1|blah0blah1blah2|colress|1539
|player|p2|KurisuChestnutOU|may-contest|1529
|gen|9
|tier|[Gen 9] OU
|rated|
|rule|HP Percentage Mod: HP is shown in percentages
|rule|Endless Battle Clause: Forcing endless battles is banned
|rule|Species Clause: Limit one of each Pokémon
|rule|OHKO Clause: OHKO moves are banned
|rule|Evasion Items Clause: Evasion items are banned
|rule|Evasion Moves Clause: Evasion moves are banned
|rule|Evasion Abilities Clause: Evasion abilities are banned
|rule|Sleep Moves Clause: Sleep-inducing moves are banned
|clearpoke
|poke|p1|Regidrago|
|poke|p1|Iron Treads|
|poke|p1|Primarina, M|
|poke|p1|Pecharunt|
|poke|p1|Scizor, M|
|poke|p1|Ogerpon, F|
|poke|p2|Kingambit, F|
|poke|p2|Kommo-o, F|
|poke|p2|Iron Valiant|
|poke|p2|Kyurem|
|poke|p2|Iron Treads|
|poke|p2|Iron Crown|
|teampreview
|inactive|Battle timer is ON: inactive players will automatically lose when time's up. (requested by blah0blah1blah2)
|inactive|KurisuChestnutOU also wants the timer to be on.
|inactive|blah0blah1blah2 has 120 seconds left.
|
|t:|1781182357
|teamsize|p1|6
|teamsize|p2|6
|start
|switch|p1a: Ogerpon|Ogerpon, F|100/100
|switch|p2a: Iron Crown|Iron Crown|100/100
|-enditem|p2a: Iron Crown|Booster Energy
|-activate|p2a: Iron Crown|ability: Quark Drive|[fromitem]
|-start|p2a: Iron Crown|quarkdrivespe
|turn|1
|
|t:|1781182366
|move|p2a: Iron Crown|Calm Mind|p2a: Iron Crown
|-boost|p2a: Iron Crown|spa|1
|-boost|p2a: Iron Crown|spd|1
|move|p1a: Ogerpon|Knock Off|p2a: Iron Crown
|-supereffective|p2a: Iron Crown
|-damage|p2a: Iron Crown|48/100
|
|upkeep
|turn|2
|
|t:|1781182374
|move|p2a: Iron Crown|Tachyon Cutter|p1a: Ogerpon
|-damage|p1a: Ogerpon|59/100
|-damage|p1a: Ogerpon|18/100
|-hitcount|p1a: Ogerpon|2
|move|p1a: Ogerpon|Knock Off|p2a: Iron Crown
|-supereffective|p2a: Iron Crown
|-damage|p2a: Iron Crown|0 fnt
|faint|p2a: Iron Crown
|-end|p2a: Iron Crown|Quark Drive|[silent]
|
|upkeep
|
|t:|1781182379
|switch|p2a: Iron Treads|Iron Treads|100/100
|-enditem|p2a: Iron Treads|Booster Energy
|-activate|p2a: Iron Treads|ability: Quark Drive|[fromitem]
|-start|p2a: Iron Treads|quarkdrivespe
|turn|3
|
|t:|1781182385
|move|p2a: Iron Treads|Stealth Rock|p1a: Ogerpon
|-sidestart|p1: blah0blah1blah2|move: Stealth Rock
|move|p1a: Ogerpon|Ivy Cudgel|p2a: Iron Treads
|-crit|p2a: Iron Treads
|-damage|p2a: Iron Treads|44/100
|
|upkeep
|turn|4
|
|t:|1781182390
|move|p2a: Iron Treads|Earthquake|p1a: Ogerpon
|-resisted|p1a: Ogerpon
|-damage|p1a: Ogerpon|0 fnt
|faint|p1a: Ogerpon
|
|upkeep
|inactive|blah0blah1blah2 has 120 seconds left.
|
|t:|1781182449
|switch|p1a: Iron Treads|Iron Treads|100/100
|-damage|p1a: Iron Treads|97/100|[from] Stealth Rock
|turn|5
|
|t:|1781182457
|move|p2a: Iron Treads|Earthquake|p1a: Iron Treads
|-supereffective|p1a: Iron Treads
|-damage|p1a: Iron Treads|30/100
|move|p1a: Iron Treads|Earthquake|p2a: Iron Treads
|-supereffective|p2a: Iron Treads
|-damage|p2a: Iron Treads|0 fnt
|faint|p2a: Iron Treads
|-end|p2a: Iron Treads|Quark Drive|[silent]
|
|upkeep
|
|t:|1781182463
|switch|p2a: Kommo-o|Kommo-o, F|100/100
|turn|6
|
|t:|1781182467
|-terastallize|p2a: Kommo-o|Ghost
|move|p1a: Iron Treads|Rapid Spin|p2a: Kommo-o
|-immune|p2a: Kommo-o
|move|p2a: Kommo-o|Clangorous Soul|p2a: Kommo-o
|-boost|p2a: Kommo-o|atk|1
|-boost|p2a: Kommo-o|def|1
|-boost|p2a: Kommo-o|spa|1
|-boost|p2a: Kommo-o|spd|1
|-boost|p2a: Kommo-o|spe|1
|-damage|p2a: Kommo-o|68/100
|-enditem|p1a: Iron Treads|Mirror Herb
|-boost|p1a: Iron Treads|atk|1|[from] item: Mirror Herb
|-boost|p1a: Iron Treads|def|1|[from] item: Mirror Herb
|-boost|p1a: Iron Treads|spa|1|[from] item: Mirror Herb
|-boost|p1a: Iron Treads|spd|1|[from] item: Mirror Herb
|-boost|p1a: Iron Treads|spe|1|[from] item: Mirror Herb
|
|-heal|p2a: Kommo-o|74/100|[from] item: Leftovers
|upkeep
|turn|7
|
|t:|1781182479
|-terastallize|p1a: Iron Treads|Ghost
|move|p1a: Iron Treads|Earthquake|p2a: Kommo-o
|-damage|p2a: Kommo-o|35/100
|move|p2a: Kommo-o|Drain Punch|p1a: Iron Treads
|-immune|p1a: Iron Treads
|
|-heal|p2a: Kommo-o|41/100|[from] item: Leftovers
|upkeep
|turn|8
|
|t:|1781182487
|move|p1a: Iron Treads|Earthquake|p2a: Kommo-o
|-damage|p2a: Kommo-o|5/100
|move|p2a: Kommo-o|Shadow Claw|p1a: Iron Treads
|-supereffective|p1a: Iron Treads
|-damage|p1a: Iron Treads|0 fnt
|faint|p1a: Iron Treads
|-end|p1a: Iron Treads|Quark Drive|[silent]
|
|-heal|p2a: Kommo-o|11/100|[from] item: Leftovers
|upkeep
|
|t:|1781182489
|switch|p1a: Scizor|Scizor, M|100/100
|-damage|p1a: Scizor|88/100|[from] Stealth Rock
|turn|9
|
|t:|1781182496
|move|p1a: Scizor|Bullet Punch|p2a: Kommo-o
|-crit|p2a: Kommo-o
|-damage|p2a: Kommo-o|0 fnt
|faint|p2a: Kommo-o
|
|upkeep
|
|t:|1781182510
|switch|p2a: Kingambit|Kingambit, F|100/100
|-activate|p2a: Kingambit|ability: Supreme Overlord
|-start|p2a: Kingambit|fallen3|[silent]
|turn|10
|
|t:|1781182537
|switch|p1a: Regidrago|Regidrago|100/100
|-damage|p1a: Regidrago|88/100|[from] Stealth Rock
|move|p2a: Kingambit|Swords Dance|p2a: Kingambit
|-boost|p2a: Kingambit|atk|2
|
|upkeep
|turn|11
|
|t:|1781182542
|move|p1a: Regidrago|Earth Power|p2a: Kingambit
|-supereffective|p2a: Kingambit
|-damage|p2a: Kingambit|37/100
|move|p2a: Kingambit|Iron Head|p1a: Regidrago
|-damage|p1a: Regidrago|0 fnt
|faint|p1a: Regidrago
|
|-heal|p2a: Kingambit|43/100|[from] item: Leftovers
|upkeep
|inactive|blah0blah1blah2 has 120 seconds left.
|
|t:|1781182563
|switch|p1a: Pecharunt|Pecharunt|100/100
|-damage|p1a: Pecharunt|88/100|[from] Stealth Rock
|turn|12
|inactive|blah0blah1blah2 has 120 seconds left.
|
|t:|1781182589
|move|p1a: Pecharunt|Recover|p1a: Pecharunt
|-heal|p1a: Pecharunt|100/100
|move|p2a: Kingambit|Swords Dance|p2a: Kingambit
|-boost|p2a: Kingambit|atk|2
|
|-heal|p2a: Kingambit|49/100|[from] item: Leftovers
|upkeep
|turn|13
|
|t:|1781182596
|move|p1a: Pecharunt|Shadow Ball|p2a: Kingambit
|-resisted|p2a: Kingambit
|-damage|p2a: Kingambit|34/100
|move|p2a: Kingambit|Iron Head|p1a: Pecharunt
|-damage|p1a: Pecharunt|9/100
|-damage|p2a: Kingambit|17/100|[from] item: Rocky Helmet|[of] p1a: Pecharunt
|
|-heal|p2a: Kingambit|24/100|[from] item: Leftovers
|upkeep
|turn|14
|
|t:|1781182604
|move|p1a: Pecharunt|Shadow Ball|p2a: Kingambit
|-resisted|p2a: Kingambit
|-damage|p2a: Kingambit|10/100
|move|p2a: Kingambit|Low Kick|p1a: Pecharunt
|-immune|p1a: Pecharunt
|
|-heal|p2a: Kingambit|16/100|[from] item: Leftovers
|upkeep
|turn|15
|
|t:|1781182608
|-end|p2a: Kingambit|fallen3|[silent]
|switch|p2a: Kyurem|Kyurem|100/100
|-ability|p2a: Kyurem|Pressure
|move|p1a: Pecharunt|Shadow Ball|p2a: Kyurem
|-damage|p2a: Kyurem|74/100
|
|upkeep
|turn|16
|inactive|blah0blah1blah2 has 120 seconds left.
|
|t:|1781182619
|switch|p2a: Kingambit|Kingambit, F|16/100
|-activate|p2a: Kingambit|ability: Supreme Overlord
|-start|p2a: Kingambit|fallen3|[silent]
|move|p1a: Pecharunt|Malignant Chain|p2a: Kingambit
|-immune|p2a: Kingambit
|
|-heal|p2a: Kingambit|22/100|[from] item: Leftovers
|upkeep
|turn|17
|
|t:|1781182625
|-end|p2a: Kingambit|fallen3|[silent]
|switch|p2a: Kyurem|Kyurem|74/100
|-ability|p2a: Kyurem|Pressure
|move|p1a: Pecharunt|Shadow Ball|p2a: Kyurem
|-damage|p2a: Kyurem|48/100
|
|upkeep
|turn|18
|
|t:|1781182629
|move|p2a: Kyurem|Scale Shot|p1a: Pecharunt
|-damage|p1a: Pecharunt|2/100
|-damage|p1a: Pecharunt|0 fnt
|faint|p1a: Pecharunt
|-hitcount|p1: Pecharunt|2
|-unboost|p2a: Kyurem|def|1
|-boost|p2a: Kyurem|spe|1
|
|upkeep
|
|t:|1781182632
|switch|p1a: Scizor|Scizor, M|88/100
|-damage|p1a: Scizor|76/100|[from] Stealth Rock
|turn|19
|
|t:|1781182637
|move|p1a: Scizor|Bullet Punch|p2a: Kyurem
|-supereffective|p2a: Kyurem
|-damage|p2a: Kyurem|0 fnt
|faint|p2a: Kyurem
|
|upkeep
|
|t:|1781182643
|switch|p2a: Kingambit|Kingambit, F|22/100
|-activate|p2a: Kingambit|ability: Supreme Overlord
|-start|p2a: Kingambit|fallen4|[silent]
|turn|20
|
|t:|1781182647
|move|p1a: Scizor|Bullet Punch|p2a: Kingambit
|-resisted|p2a: Kingambit
|-damage|p2a: Kingambit|1/100
|move|p2a: Kingambit|Low Kick|p1a: Scizor
|-damage|p1a: Scizor|13/100
|
|-heal|p2a: Kingambit|8/100|[from] item: Leftovers
|upkeep
|turn|21
|
|t:|1781182657
|-end|p2a: Kingambit|fallen4|[silent]
|switch|p2a: Iron Valiant|Iron Valiant|100/100
|-enditem|p2a: Iron Valiant|Booster Energy
|-activate|p2a: Iron Valiant|ability: Quark Drive|[fromitem]
|-start|p2a: Iron Valiant|quarkdrivespe
|move|p1a: Scizor|Bullet Punch|p2a: Iron Valiant
|-supereffective|p2a: Iron Valiant
|-damage|p2a: Iron Valiant|0 fnt
|faint|p2a: Iron Valiant
|-end|p2a: Iron Valiant|Quark Drive|[silent]
|
|upkeep
|
|t:|1781182663
|switch|p2a: Kingambit|Kingambit, F|8/100
|-activate|p2a: Kingambit|ability: Supreme Overlord
|-start|p2a: Kingambit|fallen5|[silent]
|turn|22
|
|t:|1781182667
|move|p1a: Scizor|Bullet Punch|p2a: Kingambit
|-resisted|p2a: Kingambit
|-damage|p2a: Kingambit|0 fnt
|faint|p2a: Kingambit
|-end|p2a: Kingambit|fallen5|[silent]
|
|win|blah0blah1blah2
|raw|blah0blah1blah2's rating: 1539 &rarr; <strong>1559</strong><br />(+20 for winning)
|raw|KurisuChestnutOU's rating: 1532 &rarr; <strong>1512</strong><br />(-20 for losing)
|l|☆KurisuChestnutOU
|player|p2|
|l|☆blah0blah1blah2
|player|p1|
