|j|☆rblt ryo
|j|☆employment devil
|t:|1780949943
|gametype|singles
|player|p1|rblt ryo|grimsley-gen7|1703
|player|p2|employment devil|lusamine-nihilego|1693
|gen|9
|tier|[Gen 9] OU
|rated|
|rule|HP Percentage Mod: HP is shown in percentages
|rule|Endless Battle Clause: Forcing endless battles is banned
|rule|Species Clause: Limit one of each Pokémon
|rule|OHKO Clause: OHKO moves are banned
|rule|Evasion Items Clause: Evasion items are banned
|rule|Evasion Moves Clause: Evasion moves are banned
|rule|Evasion Abilities Clause: Evasion abilities are banned
|rule|Sleep Moves Clause: Sleep-inducing moves are banned
|clearpoke
|poke|p1|Ting-Lu|
|poke|p1|Corviknight, F|
|poke|p1|Hatterene, F|
|poke|p1|Amoonguss, M|
|poke|p1|Dondozo, F|
|poke|p1|Hoopa-Unbound|
|poke|p2|Torkoal, F|
|poke|p2|Raging Bolt|
|poke|p2|Walking Wake|
|poke|p2|Great Tusk|
|poke|p2|Hatterene, F|
|poke|p2|Slither Wing|
|teampreview
|c|☆employment devil|hf
|
|t:|1780949967
|teamsize|p1|6
|teamsize|p2|6
|start
|switch|p1a: Hoopa|Hoopa-Unbound|100/100
|switch|p2a: Dangerous flaps|Slither Wing, shiny|100/100
|turn|1
|
|t:|1780949985
|-terastallize|p1a: Hoopa|Fairy
|move|p2a: Dangerous flaps|U-turn|p1a: Hoopa
|-resisted|p1a: Hoopa
|-damage|p1a: Hoopa|85/100
|
|t:|1780949991
|-end|p2a: Dangerous flaps|Protosynthesis|[silent]
|switch|p2a: 10 packs deep|Torkoal, F, shiny|100/100|[from] U-turn
|-weather|SunnyDay|[from] ability: Drought|[of] p2a: 10 packs deep
|move|p1a: Hoopa|Knock Off|p2a: 10 packs deep
|-damage|p2a: 10 packs deep|66/100
|-enditem|p2a: 10 packs deep|Heat Rock|[from] move: Knock Off|[of] p1a: Hoopa
|
|-weather|SunnyDay|[upkeep]
|upkeep
|turn|2
|
|t:|1780950007
|switch|p1a: Hatterene|Hatterene, F|100/100
|switch|p2a: Gyatt in the hat|Hatterene, F, shiny|100/100
|
|-weather|SunnyDay|[upkeep]
|upkeep
|turn|3
|
|t:|1780950019
|switch|p2a: name censored|Great Tusk, shiny|100/100
|-activate|p2a: name censored|ability: Protosynthesis
|-start|p2a: name censored|protosynthesisatk
|move|p1a: Hatterene|Calm Mind|p1a: Hatterene
|-boost|p1a: Hatterene|spa|1
|-boost|p1a: Hatterene|spd|1
|
|-weather|SunnyDay|[upkeep]
|upkeep
|turn|4
|
|t:|1780950025
|-terastallize|p2a: name censored|Fire
|move|p2a: name censored|Headlong Rush|p1a: Hatterene
|-damage|p1a: Hatterene|29/100
|-unboost|p2a: name censored|def|1
|-unboost|p2a: name censored|spd|1
|move|p1a: Hatterene|Draining Kiss|p2a: name censored
|-resisted|p2a: name censored
|-damage|p2a: name censored|79/100
|-heal|p1a: Hatterene|48/100|[from] drain|[of] p2a: name censored
|
|-weather|SunnyDay|[upkeep]
|-heal|p1a: Hatterene|54/100|[from] item: Leftovers
|upkeep
|turn|5
|
|t:|1780950036
|move|p2a: name censored|Headlong Rush|p1a: Hatterene
|-damage|p1a: Hatterene|0 fnt
|-unboost|p2a: name censored|def|1
|-unboost|p2a: name censored|spd|1
|faint|p1a: Hatterene
|
|-weather|SunnyDay|[upkeep]
|upkeep
|
|t:|1780950058
|switch|p1a: Amoonguss|Amoonguss, M|100/100
|turn|6
|
|t:|1780950062
|move|p2a: name censored|Temper Flare|p1a: Amoonguss
|-supereffective|p1a: Amoonguss
|-damage|p1a: Amoonguss|0 fnt
|faint|p1a: Amoonguss
|
|-weather|SunnyDay|[upkeep]
|upkeep
|
|t:|1780950085
|switch|p1a: Ting-Lu|Ting-Lu|100/100
|-ability|p1a: Ting-Lu|Vessel of Ruin
|turn|7
|
|t:|1780950088
|-end|p2a: name censored|Protosynthesis|[silent]
|switch|p2a: Gyatt in the hat|Hatterene, F, shiny|100/100
|move|p1a: Ting-Lu|Earthquake|p2a: Gyatt in the hat
|-damage|p2a: Gyatt in the hat|70/100
|-enditem|p2a: Gyatt in the hat|Eject Button
|
|t:|1780950091
|switch|p2a: Waking Bad|Walking Wake|100/100
|-activate|p2a: Waking Bad|ability: Protosynthesis
|-start|p2a: Waking Bad|protosynthesisspe
|
|-weather|SunnyDay|[upkeep]
|upkeep
|turn|8
|
|t:|1780950094
|switch|p1a: Dondozo|Dondozo, F|100/100
|move|p2a: Waking Bad|Hydro Steam|p1a: Dondozo
|-resisted|p1a: Dondozo
|-damage|p1a: Dondozo|73/100
|
|-weather|none
|-end|p2a: Waking Bad|Protosynthesis
|-heal|p1a: Dondozo|79/100|[from] item: Leftovers
|upkeep
|turn|9
|
|t:|1780950101
|-end|p2a: Waking Bad|Protosynthesis|[silent]
|switch|p2a: 10 packs deep|Torkoal, F, shiny|66/100
|-weather|SunnyDay|[from] ability: Drought|[of] p2a: 10 packs deep
|switch|p1a: Hoopa|Hoopa-Unbound, tera:Fairy|85/100
|
|-weather|SunnyDay|[upkeep]
|upkeep
|turn|10
|
|t:|1780950104
|switch|p2a: Dangerous flaps|Slither Wing, shiny|100/100
|-activate|p2a: Dangerous flaps|ability: Protosynthesis
|-start|p2a: Dangerous flaps|protosynthesisdef
|move|p1a: Hoopa|Thunderbolt|p2a: Dangerous flaps
|-damage|p2a: Dangerous flaps|67/100
|
|-weather|SunnyDay|[upkeep]
|upkeep
|turn|11
|
|t:|1780950114
|move|p2a: Dangerous flaps|Will-O-Wisp|p1a: Hoopa
|-status|p1a: Hoopa|brn
|move|p1a: Hoopa|Thunderbolt|p2a: Dangerous flaps
|-damage|p2a: Dangerous flaps|39/100
|
|-weather|SunnyDay|[upkeep]
|-damage|p1a: Hoopa|79/100 brn|[from] brn
|upkeep
|turn|12
|
|t:|1780950118
|move|p2a: Dangerous flaps|Morning Sun|p2a: Dangerous flaps
|-heal|p2a: Dangerous flaps|100/100
|move|p1a: Hoopa|Thunderbolt|p2a: Dangerous flaps
|-damage|p2a: Dangerous flaps|72/100
|
|-weather|SunnyDay|[upkeep]
|-damage|p1a: Hoopa|73/100 brn|[from] brn
|upkeep
|turn|13
|
|t:|1780950121
|move|p2a: Dangerous flaps|U-turn|p1a: Hoopa
|-resisted|p1a: Hoopa
|-damage|p1a: Hoopa|57/100 brn
|
|t:|1780950124
|-end|p2a: Dangerous flaps|Protosynthesis|[silent]
|switch|p2a: name censored|Great Tusk, shiny, tera:Fire|79/100|[from] U-turn
|-activate|p2a: name censored|ability: Protosynthesis
|-start|p2a: name censored|protosynthesisatk
|move|p1a: Hoopa|Thunderbolt|p2a: name censored
|-damage|p2a: name censored|48/100
|
|-weather|none
|-end|p2a: name censored|Protosynthesis
|-damage|p1a: Hoopa|51/100 brn|[from] brn
|upkeep
|turn|14
|-message|rblt ryo forfeited.
|
|win|employment devil
|raw|rblt ryo's rating: 1703 &rarr; <strong>1682</strong><br />(-21 for losing)
|raw|employment devil's rating: 1693 &rarr; <strong>1714</strong><br />(+21 for winning)
|l|☆employment devil
|player|p2|
