|j|☆chancha12suizo
|j|☆Enigmatic Gale
|t:|1780954742
|gametype|singles
|player|p1|chancha12suizo|marshal|1547
|player|p2|Enigmatic Gale|101|1497
|gen|9
|tier|[Gen 9] OU
|rated|
|rule|HP Percentage Mod: HP is shown in percentages
|rule|Endless Battle Clause: Forcing endless battles is banned
|rule|Species Clause: Limit one of each Pokémon
|rule|OHKO Clause: OHKO moves are banned
|rule|Evasion Items Clause: Evasion items are banned
|rule|Evasion Moves Clause: Evasion moves are banned
|rule|Evasion Abilities Clause: Evasion abilities are banned
|rule|Sleep Moves Clause: Sleep-inducing moves are banned
|clearpoke
|poke|p1|Muk-Alola, F|
|poke|p1|Dragapult, F|
|poke|p1|Gliscor, M|
|poke|p1|Great Tusk|
|poke|p1|Skeledirge, F|
|poke|p1|Gholdengo|
|poke|p2|Clodsire, M|
|poke|p2|Dragapult, M|
|poke|p2|Skarmory, M|
|poke|p2|Darkrai|
|poke|p2|Garganacl, M|
|poke|p2|Moltres|
|teampreview
|inactive|Battle timer is ON: inactive players will automatically lose when time's up. (requested by chancha12suizo)
|inactive|Enigmatic Gale has 120 seconds left.
|
|t:|1780954779
|teamsize|p1|6
|teamsize|p2|6
|start
|switch|p1a: Muk|Muk-Alola, F|100/100
|switch|p2a: Darkrai|Darkrai|100/100
|turn|1
|
|t:|1780954790
|switch|p2a: Skarmory|Skarmory, M|100/100
|move|p1a: Muk|Poison Jab|p2a: Skarmory
|-immune|p2a: Skarmory
|
|upkeep
|turn|2
|
|t:|1780954798
|move|p2a: Skarmory|Spikes|p1a: Muk
|-sidestart|p1: chancha12suizo|Spikes
|move|p1a: Muk|Knock Off|p2a: Skarmory
|-damage|p2a: Skarmory|71/100
|-damage|p1a: Muk|84/100|[from] item: Rocky Helmet|[of] p2a: Skarmory
|-enditem|p2a: Skarmory|Rocky Helmet|[from] move: Knock Off|[of] p1a: Muk
|
|upkeep
|turn|3
|
|t:|1780954822
|switch|p1a: Gliscor|Gliscor, M|100/100
|move|p2a: Skarmory|Spikes|p1a: Gliscor
|-sidestart|p1: chancha12suizo|Spikes
|
|-status|p1a: Gliscor|tox|[from] item: Toxic Orb
|upkeep
|turn|4
|
|t:|1780954833
|move|p1a: Gliscor|Stealth Rock|p2a: Skarmory
|-sidestart|p2: Enigmatic Gale|move: Stealth Rock
|move|p2a: Skarmory|Spikes|p1a: Gliscor
|-sidestart|p1: chancha12suizo|Spikes
|
|upkeep
|turn|5
|
|t:|1780954841
|switch|p1a: Great Tusk|Great Tusk|100/100
|move|p2a: Skarmory|Roost|p2a: Skarmory
|-heal|p2a: Skarmory|100/100
|-singleturn|p2a: Skarmory|move: Roost
|
|upkeep
|turn|6
|
|t:|1780954852
|switch|p2a: Moltres|Moltres|100/100
|move|p1a: Great Tusk|Rapid Spin|p2a: Moltres
|-damage|p2a: Moltres|89/100
|-boost|p1a: Great Tusk|spe|1
|-sideend|p1: chancha12suizo|Spikes|[from] move: Rapid Spin|[of] p1a: Great Tusk
|
|upkeep
|turn|7
|
|t:|1780954873
|-end|p1a: Great Tusk|Protosynthesis|[silent]
|switch|p1a: Muk|Muk-Alola, F|84/100
|switch|p2a: Skarmory|Skarmory, M|100/100
|-damage|p2a: Skarmory|88/100|[from] Stealth Rock
|
|upkeep
|turn|8
|
|t:|1780954891
|switch|p1a: Skeledirge|Skeledirge, F|100/100
|move|p2a: Skarmory|Spikes|p1a: Skeledirge
|-sidestart|p1: chancha12suizo|Spikes
|
|upkeep
|turn|9
|
|t:|1780954902
|switch|p2a: Clodsire|Clodsire, M|100/100
|move|p1a: Skeledirge|Torch Song|p2a: Clodsire
|-damage|p2a: Clodsire|85/100
|-boost|p1a: Skeledirge|spa|1
|
|upkeep
|turn|10
|inactive|Enigmatic Gale has 120 seconds left.
|
|t:|1780954933
|switch|p1a: Gliscor|Gliscor, M|100/100 tox
|move|p2a: Clodsire|Poison Jab|p1a: Gliscor
|-resisted|p1a: Gliscor
|-damage|p1a: Gliscor|94/100 tox
|
|-heal|p1a: Gliscor|100/100 tox|[from] ability: Poison Heal
|upkeep
|turn|11
|inactive|Enigmatic Gale has 120 seconds left.
|inactive|chancha12suizo has 120 seconds left.
|
|t:|1780954972
|switch|p1a: Skeledirge|Skeledirge, F|100/100
|switch|p2a: Skarmory|Skarmory, M|88/100
|-damage|p2a: Skarmory|76/100|[from] Stealth Rock
|
|upkeep
|turn|12
|inactive|Enigmatic Gale has 120 seconds left.
|
|t:|1780954985
|switch|p2a: Garganacl|Garganacl, M|100/100
|-damage|p2a: Garganacl|88/100|[from] Stealth Rock
|move|p1a: Skeledirge|Will-O-Wisp|p2a: Garganacl
|-immune|p2a: Garganacl|[from] ability: Purifying Salt
|
|-heal|p2a: Garganacl|94/100|[from] item: Leftovers
|upkeep
|turn|13
|inactive|chancha12suizo has 120 seconds left.
|inactive|Enigmatic Gale has 120 seconds left.
|
|t:|1780955000
|switch|p1a: Muk|Muk-Alola, F|84/100
|-damage|p1a: Muk|72/100|[from] Spikes
|move|p2a: Garganacl|Salt Cure|p1a: Muk
|-damage|p1a: Muk|58/100
|-start|p1a: Muk|Salt Cure
|
|-heal|p2a: Garganacl|100/100|[from] item: Leftovers
|-damage|p1a: Muk|45/100|[from] Salt Cure
|upkeep
|turn|14
|inactive|chancha12suizo has 120 seconds left.
|
|t:|1780955017
|switch|p1a: Gliscor|Gliscor, M|100/100 tox
|move|p2a: Garganacl|Protect||[still]
|-fail|p2a: Garganacl
|
|upkeep
|turn|15
|
|t:|1780955029
|move|p1a: Gliscor|Earthquake|p2a: Garganacl
|-supereffective|p2a: Garganacl
|-damage|p2a: Garganacl|60/100
|move|p2a: Garganacl|Stealth Rock|p1a: Gliscor
|-sidestart|p1: chancha12suizo|move: Stealth Rock
|
|-heal|p2a: Garganacl|67/100|[from] item: Leftovers
|upkeep
|turn|16
|inactive|chancha12suizo has 120 seconds left.
|
|t:|1780955043
|switch|p1a: Great Tusk|Great Tusk|100/100
|move|p2a: Garganacl|Protect||[still]
|-fail|p2a: Garganacl
|
|-heal|p2a: Garganacl|73/100|[from] item: Leftovers
|upkeep
|turn|17
|inactive|chancha12suizo has 120 seconds left.
|
|t:|1780955053
|move|p2a: Garganacl|Protect|p2a: Garganacl
|-singleturn|p2a: Garganacl|Protect
|move|p1a: Great Tusk|Headlong Rush|p2a: Garganacl
|-activate|p2a: Garganacl|move: Protect
|
|-heal|p2a: Garganacl|79/100|[from] item: Leftovers
|upkeep
|turn|18
|
|t:|1780955062
|switch|p2a: Moltres|Moltres|89/100
|move|p1a: Great Tusk|Headlong Rush|p2a: Moltres
|-immune|p2a: Moltres
|
|upkeep
|turn|19
|inactive|chancha12suizo has 120 seconds left.
|
|t:|1780955087
|-end|p1a: Great Tusk|Protosynthesis|[silent]
|switch|p1a: Skeledirge|Skeledirge, F|100/100
|move|p2a: Moltres|Roar|p1a: Skeledirge
|drag|p1a: Gholdengo|Gholdengo|100/100
|-damage|p1a: Gholdengo|88/100|[from] Spikes
|-damage|p1a: Gholdengo|82/100|[from] Stealth Rock
|
|upkeep
|turn|20
|inactive|chancha12suizo has 120 seconds left.
|inactive|Enigmatic Gale has 120 seconds left.
|
|t:|1780955129
|switch|p2a: Darkrai|Darkrai|100/100
|-terastallize|p1a: Gholdengo|Fairy
|move|p1a: Gholdengo|Trick|p2a: Darkrai
|-activate|p1a: Gholdengo|move: Trick|[of] p2a: Darkrai
|-item|p2a: Darkrai|Choice Scarf|[from] move: Trick
|-item|p1a: Gholdengo|Heavy-Duty Boots|[from] move: Trick
|
|upkeep
|turn|21
|inactive|chancha12suizo has 120 seconds left.
|
|t:|1780955159
|switch|p2a: Moltres|Moltres|89/100
|switch|p1a: Great Tusk|Great Tusk|100/100
|
|upkeep
|turn|22
|inactive|Enigmatic Gale has 90 seconds left.
|
|t:|1780955178
|move|p1a: Great Tusk|Rapid Spin|p2a: Moltres
|-damage|p2a: Moltres|77/100
|-boost|p1a: Great Tusk|spe|1
|-sideend|p1: chancha12suizo|Spikes|[from] move: Rapid Spin|[of] p1a: Great Tusk
|-sideend|p1: chancha12suizo|Stealth Rock|[from] move: Rapid Spin|[of] p1a: Great Tusk
|move|p2a: Moltres|Flamethrower|p1a: Great Tusk
|-damage|p1a: Great Tusk|48/100
|
|upkeep
|turn|23
|inactive|Enigmatic Gale has 90 seconds left.
|
|t:|1780955193
|-end|p1a: Great Tusk|Protosynthesis|[silent]
|switch|p1a: Muk|Muk-Alola, F|45/100
|move|p2a: Moltres|U-turn|p1a: Muk
|-damage|p1a: Muk|31/100
|
|t:|1780955197
|switch|p2a: Skarmory|Skarmory, M|76/100|[from] U-turn
|-damage|p2a: Skarmory|64/100|[from] Stealth Rock
|
|upkeep
|turn|24
|
|t:|1780955204
|move|p2a: Skarmory|Spikes|p1a: Muk
|-sidestart|p1: chancha12suizo|Spikes
|move|p1a: Muk|Drain Punch|p2a: Skarmory
|-damage|p2a: Skarmory|48/100
|-heal|p1a: Muk|37/100|[from] drain|[of] p2a: Skarmory
|
|upkeep
|turn|25
|inactive|chancha12suizo has 120 seconds left.
|
|t:|1780955210
|move|p2a: Skarmory|Roost|p2a: Skarmory
|-heal|p2a: Skarmory|98/100
|-singleturn|p2a: Skarmory|move: Roost
|move|p1a: Muk|Drain Punch|p2a: Skarmory
|-supereffective|p2a: Skarmory
|-damage|p2a: Skarmory|67/100
|-heal|p1a: Muk|50/100|[from] drain|[of] p2a: Skarmory
|
|upkeep
|turn|26
|inactive|chancha12suizo has 120 seconds left.
|
|t:|1780955222
|move|p2a: Skarmory|Iron Defense|p2a: Skarmory
|-boost|p2a: Skarmory|def|2
|move|p1a: Muk|Knock Off|p2a: Skarmory
|-damage|p2a: Skarmory|58/100
|
|upkeep
|turn|27
|
|t:|1780955229
|switch|p1a: Skeledirge|Skeledirge, F|100/100
|move|p2a: Skarmory|Roost|p2a: Skarmory
|-heal|p2a: Skarmory|100/100
|-singleturn|p2a: Skarmory|move: Roost
|
|upkeep
|turn|28
|
|t:|1780955243
|switch|p2a: Garganacl|Garganacl, M|79/100
|-damage|p2a: Garganacl|67/100|[from] Stealth Rock
|move|p1a: Skeledirge|Torch Song|p2a: Garganacl
|-resisted|p2a: Garganacl
|-damage|p2a: Garganacl|57/100
|-boost|p1a: Skeledirge|spa|1
|
|-heal|p2a: Garganacl|63/100|[from] item: Leftovers
|upkeep
|turn|29
|
|t:|1780955261
|move|p1a: Skeledirge|Torch Song|p2a: Garganacl
|-resisted|p2a: Garganacl
|-damage|p2a: Garganacl|47/100
|-boost|p1a: Skeledirge|spa|1
|move|p2a: Garganacl|Stealth Rock|p1a: Skeledirge
|-sidestart|p1: chancha12suizo|move: Stealth Rock
|
|-heal|p2a: Garganacl|53/100|[from] item: Leftovers
|upkeep
|turn|30
|
|t:|1780955274
|move|p1a: Skeledirge|Torch Song|p2a: Garganacl
|-resisted|p2a: Garganacl
|-damage|p2a: Garganacl|32/100
|-boost|p1a: Skeledirge|spa|1
|move|p2a: Garganacl|Recover|p2a: Garganacl
|-heal|p2a: Garganacl|82/100
|
|-heal|p2a: Garganacl|88/100|[from] item: Leftovers
|upkeep
|turn|31
|
|t:|1780955284
|switch|p2a: Clodsire|Clodsire, M|85/100
|move|p1a: Skeledirge|Torch Song|p2a: Clodsire
|-damage|p2a: Clodsire|68/100
|-boost|p1a: Skeledirge|spa|1
|
|upkeep
|turn|32
|inactive|Enigmatic Gale has 120 seconds left.
|
|t:|1780955298
|move|p1a: Skeledirge|Will-O-Wisp|p2a: Clodsire
|-status|p2a: Clodsire|brn
|move|p2a: Clodsire|Toxic Spikes|p1a: Skeledirge
|-sidestart|p1: chancha12suizo|move: Toxic Spikes
|
|-damage|p2a: Clodsire|62/100 brn|[from] brn
|upkeep
|turn|33
|inactive|Enigmatic Gale has 120 seconds left.
|
|t:|1780955308
|move|p1a: Skeledirge|Hex|p2a: Clodsire
|-damage|p2a: Clodsire|37/100 brn
|move|p2a: Clodsire|Recover|p2a: Clodsire
|-heal|p2a: Clodsire|87/100 brn
|
|-damage|p2a: Clodsire|81/100 brn|[from] brn
|upkeep
|turn|34
|
|t:|1780955319
|move|p1a: Skeledirge|Hex|p2a: Clodsire
|-damage|p2a: Clodsire|57/100 brn
|move|p2a: Clodsire|Poison Jab|p1a: Skeledirge
|-resisted|p1a: Skeledirge
|-damage|p1a: Skeledirge|96/100
|-status|p1a: Skeledirge|psn
|
|-damage|p1a: Skeledirge|84/100 psn|[from] psn
|-damage|p2a: Clodsire|51/100 brn|[from] brn
|upkeep
|turn|35
|
|t:|1780955328
|move|p1a: Skeledirge|Hex|p2a: Clodsire
|-damage|p2a: Clodsire|25/100 brn
|move|p2a: Clodsire|Recover|p2a: Clodsire
|-heal|p2a: Clodsire|75/100 brn
|
|-damage|p1a: Skeledirge|72/100 psn|[from] psn
|-damage|p2a: Clodsire|69/100 brn|[from] brn
|upkeep
|turn|36
|
|t:|1780955341
|move|p1a: Skeledirge|Hex|p2a: Clodsire
|-damage|p2a: Clodsire|42/100 brn
|move|p2a: Clodsire|Recover|p2a: Clodsire
|-heal|p2a: Clodsire|92/100 brn
|
|-damage|p1a: Skeledirge|59/100 psn|[from] psn
|-damage|p2a: Clodsire|86/100 brn|[from] brn
|upkeep
|turn|37
|inactive|Enigmatic Gale has 120 seconds left.
|
|t:|1780955362
|move|p1a: Skeledirge|Slack Off|p1a: Skeledirge
|-heal|p1a: Skeledirge|100/100 psn
|move|p2a: Clodsire|Earthquake|p1a: Skeledirge
|-supereffective|p1a: Skeledirge
|-damage|p1a: Skeledirge|76/100 psn
|
|-damage|p1a: Skeledirge|64/100 psn|[from] psn
|-damage|p2a: Clodsire|80/100 brn|[from] brn
|upkeep
|turn|38
|inactive|Enigmatic Gale has 120 seconds left.
|
|t:|1780955374
|move|p1a: Skeledirge|Hex|p2a: Clodsire
|-damage|p2a: Clodsire|55/100 brn
|move|p2a: Clodsire|Recover|p2a: Clodsire
|-heal|p2a: Clodsire|100/100 brn
|
|-damage|p1a: Skeledirge|51/100 psn|[from] psn
|-damage|p2a: Clodsire|94/100 brn|[from] brn
|upkeep
|turn|39
|
|t:|1780955382
|move|p1a: Skeledirge|Slack Off|p1a: Skeledirge
|-heal|p1a: Skeledirge|100/100 psn
|move|p2a: Clodsire|Earthquake|p1a: Skeledirge
|-supereffective|p1a: Skeledirge
|-damage|p1a: Skeledirge|78/100 psn
|
|-damage|p1a: Skeledirge|65/100 psn|[from] psn
|-damage|p2a: Clodsire|88/100 brn|[from] brn
|upkeep
|turn|40
|
|t:|1780955394
|switch|p1a: Great Tusk|Great Tusk|48/100
|move|p2a: Clodsire|Earthquake|p1a: Great Tusk
|-damage|p1a: Great Tusk|37/100
|
|-damage|p2a: Clodsire|82/100 brn|[from] brn
|upkeep
|turn|41
|
|t:|1780955419
|switch|p2a: Moltres|Moltres|77/100
|move|p1a: Great Tusk|Rapid Spin|p2a: Moltres
|-damage|p2a: Moltres|65/100
|-boost|p1a: Great Tusk|spe|1
|-sideend|p1: chancha12suizo|Spikes|[from] move: Rapid Spin|[of] p1a: Great Tusk
|-sideend|p1: chancha12suizo|Toxic Spikes|[from] move: Rapid Spin|[of] p1a: Great Tusk
|-sideend|p1: chancha12suizo|Stealth Rock|[from] move: Rapid Spin|[of] p1a: Great Tusk
|
|upkeep
|turn|42
|
|t:|1780955440
|-end|p1a: Great Tusk|Protosynthesis|[silent]
|switch|p1a: Dragapult|Dragapult, F|100/100
|move|p2a: Moltres|Roost|p2a: Moltres
|-heal|p2a: Moltres|100/100
|-singleturn|p2a: Moltres|move: Roost
|
|upkeep
|turn|43
|
|t:|1780955457
|switch|p2a: Garganacl|Garganacl, M|88/100
|-damage|p2a: Garganacl|76/100|[from] Stealth Rock
|move|p1a: Dragapult|U-turn|p2a: Garganacl
|-damage|p2a: Garganacl|64/100
|inactive|chancha12suizo has 120 seconds left.
|
|t:|1780955491
|switch|p1a: Gholdengo|Gholdengo, tera:Fairy|82/100|[from] U-turn
|
|-heal|p2a: Garganacl|70/100|[from] item: Leftovers
|upkeep
|turn|44
|inactive|Enigmatic Gale has 120 seconds left.
|
|t:|1780955529
|switch|p2a: Moltres|Moltres|100/100
|move|p1a: Gholdengo|Make It Rain|p2a: Moltres
|-resisted|p2a: Moltres
|-damage|p2a: Moltres|71/100
|-unboost|p1a: Gholdengo|spa|1
|
|upkeep
|turn|45
|
|t:|1780955544
|switch|p1a: Gliscor|Gliscor, M|100/100 tox
|move|p2a: Moltres|Flamethrower|p1a: Gliscor
|-damage|p1a: Gliscor|60/100 tox
|
|-heal|p1a: Gliscor|72/100 tox|[from] ability: Poison Heal
|upkeep
|turn|46
|
|t:|1780955556
|switch|p1a: Muk|Muk-Alola, F|50/100
|switch|p2a: Skarmory|Skarmory, M|100/100
|-damage|p2a: Skarmory|88/100|[from] Stealth Rock
|
|upkeep
|turn|47
|
|t:|1780955566
|move|p2a: Skarmory|Spikes|p1a: Muk
|-sidestart|p1: chancha12suizo|Spikes
|move|p1a: Muk|Drain Punch|p2a: Skarmory
|-damage|p2a: Skarmory|74/100
|-heal|p1a: Muk|56/100|[from] drain|[of] p2a: Skarmory
|
|upkeep
|turn|48
|
|t:|1780955588
|move|p2a: Skarmory|Iron Defense|p2a: Skarmory
|-boost|p2a: Skarmory|def|2
|move|p1a: Muk|Drain Punch|p2a: Skarmory
|-damage|p2a: Skarmory|66/100
|-heal|p1a: Muk|59/100|[from] drain|[of] p2a: Skarmory
|
|upkeep
|turn|49
|inactive|Enigmatic Gale has 90 seconds left.
|
|t:|1780955608
|switch|p2a: Garganacl|Garganacl, M|70/100
|-damage|p2a: Garganacl|58/100|[from] Stealth Rock
|switch|p1a: Skeledirge|Skeledirge, F|65/100 psn
|
|-heal|p2a: Garganacl|64/100|[from] item: Leftovers
|-damage|p1a: Skeledirge|53/100 psn|[from] psn
|upkeep
|turn|50
|inactive|Enigmatic Gale has 90 seconds left.
|
|t:|1780955619
|move|p1a: Skeledirge|Slack Off|p1a: Skeledirge
|-heal|p1a: Skeledirge|100/100 psn
|move|p2a: Garganacl|Salt Cure|p1a: Skeledirge
|-supereffective|p1a: Skeledirge
|-damage|p1a: Skeledirge|75/100 psn
|-start|p1a: Skeledirge|Salt Cure
|
|-heal|p2a: Garganacl|70/100|[from] item: Leftovers
|-damage|p1a: Skeledirge|63/100 psn|[from] psn
|-damage|p1a: Skeledirge|50/100 psn|[from] Salt Cure
|upkeep
|turn|51
|inactive|Enigmatic Gale has 90 seconds left.
|
|t:|1780955630
|switch|p1a: Gliscor|Gliscor, M|72/100 tox
|move|p2a: Garganacl|Stealth Rock|p1a: Gliscor
|-sidestart|p1: chancha12suizo|move: Stealth Rock
|
|-heal|p2a: Garganacl|76/100|[from] item: Leftovers
|-heal|p1a: Gliscor|84/100 tox|[from] ability: Poison Heal
|upkeep
|turn|52
|inactive|Enigmatic Gale has 90 seconds left.
|
|t:|1780955644
|switch|p2a: Skarmory|Skarmory, M|66/100
|-damage|p2a: Skarmory|54/100|[from] Stealth Rock
|move|p1a: Gliscor|Earthquake|p2a: Skarmory
|-immune|p2a: Skarmory
|
|-heal|p1a: Gliscor|97/100 tox|[from] ability: Poison Heal
|upkeep
|turn|53
|inactive|Enigmatic Gale has 90 seconds left.
|
|t:|1780955668
|switch|p1a: Dragapult|Dragapult, F|100/100
|-damage|p1a: Dragapult|88/100|[from] Spikes
|-damage|p1a: Dragapult|76/100|[from] Stealth Rock
|move|p2a: Skarmory|Roost|p2a: Skarmory
|-heal|p2a: Skarmory|100/100
|-singleturn|p2a: Skarmory|move: Roost
|
|upkeep
|turn|54
|
|t:|1780955678
|switch|p2a: Garganacl|Garganacl, M|76/100
|-damage|p2a: Garganacl|64/100|[from] Stealth Rock
|move|p1a: Dragapult|Fire Blast|p2a: Garganacl
|-resisted|p2a: Garganacl
|-damage|p2a: Garganacl|48/100
|
|-heal|p2a: Garganacl|54/100|[from] item: Leftovers
|upkeep
|turn|55
|
|t:|1780955692
|switch|p1a: Gliscor|Gliscor, M|97/100 tox
|-damage|p1a: Gliscor|84/100 tox|[from] Stealth Rock
|move|p2a: Garganacl|Salt Cure|p1a: Gliscor
|-damage|p1a: Gliscor|75/100 tox
|-start|p1a: Gliscor|Salt Cure
|
|-heal|p2a: Garganacl|60/100|[from] item: Leftovers
|-heal|p1a: Gliscor|87/100 tox|[from] ability: Poison Heal
|-damage|p1a: Gliscor|75/100 tox|[from] Salt Cure
|upkeep
|turn|56
|inactive|Enigmatic Gale has 90 seconds left.
|
|t:|1780955710
|switch|p2a: Skarmory|Skarmory, M|100/100
|-damage|p2a: Skarmory|88/100|[from] Stealth Rock
|move|p1a: Gliscor|Earthquake|p2a: Skarmory
|-immune|p2a: Skarmory
|
|-heal|p1a: Gliscor|87/100 tox|[from] ability: Poison Heal
|-damage|p1a: Gliscor|75/100 tox|[from] Salt Cure
|upkeep
|turn|57
|inactive|Enigmatic Gale has 90 seconds left.
|
|t:|1780955743
|switch|p1a: Muk|Muk-Alola, F|59/100
|-damage|p1a: Muk|46/100|[from] Spikes
|-damage|p1a: Muk|34/100|[from] Stealth Rock
|move|p2a: Skarmory|Spikes|p1a: Muk
|-sidestart|p1: chancha12suizo|Spikes
|
|upkeep
|turn|58
|inactive|Enigmatic Gale has 60 seconds left.
|
|t:|1780955766
|switch|p2a: Dragapult|Dragapult, M|100/100
|move|p1a: Muk|Ice Punch|p2a: Dragapult
|-supereffective|p2a: Dragapult
|-damage|p2a: Dragapult|37/100
|-status|p2a: Dragapult|psn|[from] ability: Poison Touch|[of] p1a: Muk
|
|-damage|p2a: Dragapult|25/100 psn|[from] psn
|upkeep
|turn|59
|inactive|Enigmatic Gale has 60 seconds left.
|inactive|chancha12suizo has 120 seconds left.
|
|t:|1780955787
|switch|p1a: Gholdengo|Gholdengo, tera:Fairy|82/100
|move|p2a: Dragapult|U-turn|p1a: Gholdengo
|-resisted|p1a: Gholdengo
|-damage|p1a: Gholdengo|72/100
|inactive|Enigmatic Gale has 60 seconds left.
|
|t:|1780955803
|switch|p2a: Moltres|Moltres|71/100|[from] U-turn
|
|upkeep
|turn|60
|inactive|chancha12suizo has 120 seconds left.
|
|t:|1780955823
|switch|p1a: Gliscor|Gliscor, M|75/100 tox
|-damage|p1a: Gliscor|62/100 tox|[from] Stealth Rock
|move|p2a: Moltres|Flamethrower|p1a: Gliscor
|-damage|p1a: Gliscor|17/100 tox
|
|-heal|p1a: Gliscor|30/100 tox|[from] ability: Poison Heal
|upkeep
|turn|61
|inactive|Enigmatic Gale has 60 seconds left.
|
|t:|1780955838
|move|p1a: Gliscor|Protect|p1a: Gliscor
|-singleturn|p1a: Gliscor|Protect
|move|p2a: Moltres|Flamethrower|p1a: Gliscor
|-activate|p1a: Gliscor|move: Protect
|
|-heal|p1a: Gliscor|42/100 tox|[from] ability: Poison Heal
|upkeep
|turn|62
|
|t:|1780955848
|switch|p1a: Skeledirge|Skeledirge, F|50/100 psn
|move|p2a: Moltres|U-turn|p1a: Skeledirge
|-resisted|p1a: Skeledirge
|-damage|p1a: Skeledirge|47/100 psn
|
|t:|1780955855
|switch|p2a: Garganacl|Garganacl, M|60/100|[from] U-turn
|-damage|p2a: Garganacl|48/100|[from] Stealth Rock
|
|-heal|p2a: Garganacl|54/100|[from] item: Leftovers
|-damage|p1a: Skeledirge|35/100 psn|[from] psn
|upkeep
|turn|63
|inactive|Enigmatic Gale has 60 seconds left.
|inactive|chancha12suizo has 120 seconds left.
|
|t:|1780955887
|switch|p1a: Gliscor|Gliscor, M|42/100 tox
|-damage|p1a: Gliscor|30/100 tox|[from] Stealth Rock
|move|p2a: Garganacl|Salt Cure|p1a: Gliscor
|-damage|p1a: Gliscor|20/100 tox
|-start|p1a: Gliscor|Salt Cure
|
|-heal|p2a: Garganacl|60/100|[from] item: Leftovers
|-heal|p1a: Gliscor|33/100 tox|[from] ability: Poison Heal
|-damage|p1a: Gliscor|20/100 tox|[from] Salt Cure
|upkeep
|turn|64
|inactive|Enigmatic Gale has 60 seconds left.
|
|t:|1780955906
|switch|p1a: Dragapult|Dragapult, F|76/100
|-damage|p1a: Dragapult|59/100|[from] Spikes
|-damage|p1a: Dragapult|47/100|[from] Stealth Rock
|switch|p2a: Skarmory|Skarmory, M|88/100
|-damage|p2a: Skarmory|76/100|[from] Stealth Rock
|
|upkeep
|turn|65
|inactive|Enigmatic Gale has 60 seconds left.
|
|t:|1780955930
|switch|p2a: Moltres|Moltres|71/100
|move|p1a: Dragapult|Draco Meteor|p2a: Moltres
|-damage|p2a: Moltres|0 fnt
|-unboost|p1a: Dragapult|spa|2
|faint|p2a: Moltres
|
|upkeep
|
|t:|1780955939
|switch|p2a: Darkrai|Darkrai|100/100
|-damage|p2a: Darkrai|88/100|[from] Stealth Rock
|turn|66
|
|t:|1780955947
|switch|p1a: Muk|Muk-Alola, F|34/100
|-damage|p1a: Muk|17/100|[from] Spikes
|-damage|p1a: Muk|5/100|[from] Stealth Rock
|move|p2a: Darkrai|Knock Off|p1a: Muk
|-resisted|p1a: Muk
|-crit|p1a: Muk
|-damage|p1a: Muk|0 fnt
|-enditem|p1a: Muk|Assault Vest|[from] move: Knock Off|[of] p2a: Darkrai
|faint|p1a: Muk
|
|upkeep
|inactive|chancha12suizo has 120 seconds left.
|
|t:|1780955981
|switch|p1a: Great Tusk|Great Tusk|37/100
|turn|67
|
|t:|1780955992
|switch|p2a: Dragapult|Dragapult, M|25/100 psn
|move|p1a: Great Tusk|Rapid Spin|p2a: Dragapult
|-immune|p2a: Dragapult
|
|-damage|p2a: Dragapult|13/100 psn|[from] psn
|upkeep
|turn|68
|inactive|Enigmatic Gale has 60 seconds left.
|inactive|chancha12suizo has 90 seconds left.
|
|t:|1780956024
|-end|p1a: Great Tusk|Protosynthesis|[silent]
|switch|p1a: Dragapult|Dragapult, F|47/100
|-damage|p1a: Dragapult|31/100|[from] Spikes
|-damage|p1a: Dragapult|18/100|[from] Stealth Rock
|move|p2a: Dragapult|Hex|p1a: Dragapult
|-supereffective|p1a: Dragapult
|-crit|p1a: Dragapult
|-damage|p1a: Dragapult|0 fnt
|faint|p1a: Dragapult
|
|-damage|p2a: Dragapult|0 fnt|[from] psn
|faint|p2a: Dragapult
|upkeep
|inactive|Enigmatic Gale has 60 seconds left.
|
|t:|1780956040
|switch|p1a: Gholdengo|Gholdengo, tera:Fairy|72/100
|switch|p2a: Darkrai|Darkrai|88/100
|-damage|p2a: Darkrai|76/100|[from] Stealth Rock
|turn|69
|inactive|Enigmatic Gale has 30 seconds left.
|
|t:|1780956079
|switch|p2a: Clodsire|Clodsire, M|82/100 brn
|move|p1a: Gholdengo|Dazzling Gleam|p2a: Clodsire
|-resisted|p2a: Clodsire
|-damage|p2a: Clodsire|71/100 brn
|
|-damage|p2a: Clodsire|65/100 brn|[from] brn
|upkeep
|turn|70
|inactive|Enigmatic Gale has 30 seconds left.
|inactive|Enigmatic Gale has 20 seconds left.
|inactive|Enigmatic Gale has 15 seconds left.
|
|t:|1780956099
|switch|p1a: Gliscor|Gliscor, M|20/100 tox
|-damage|p1a: Gliscor|8/100 tox|[from] Stealth Rock
|switch|p2a: Darkrai|Darkrai|76/100
|-damage|p2a: Darkrai|63/100|[from] Stealth Rock
|
|-heal|p1a: Gliscor|20/100 tox|[from] ability: Poison Heal
|upkeep
|turn|71
|inactive|Enigmatic Gale has 25 seconds left this turn.
|inactive|Enigmatic Gale has 20 seconds left.
|inactive|Enigmatic Gale has 15 seconds left.
|
|t:|1780956109
|move|p1a: Gliscor|Protect|p1a: Gliscor
|-singleturn|p1a: Gliscor|Protect
|move|p2a: Darkrai|Ice Beam|p1a: Gliscor
|-activate|p1a: Gliscor|move: Protect
|
|-heal|p1a: Gliscor|33/100 tox|[from] ability: Poison Heal
|upkeep
|turn|72
|inactive|Enigmatic Gale has 25 seconds left this turn.
|inactive|chancha12suizo has 90 seconds left.
|inactive|Enigmatic Gale has 20 seconds left.
|inactive|Enigmatic Gale has 15 seconds left.
|inactive|Enigmatic Gale has 10 seconds left.
|
|t:|1780956138
|move|p2a: Darkrai|Ice Beam|p1a: Gliscor
|-supereffective|p1a: Gliscor
|-damage|p1a: Gliscor|0 fnt
|faint|p1a: Gliscor
|
|upkeep
|
|t:|1780956147
|switch|p1a: Skeledirge|Skeledirge, F|35/100 psn
|turn|73
|inactive|Enigmatic Gale has 25 seconds left this turn.
|inactive|Enigmatic Gale has 20 seconds left.
|
|t:|1780956156
|switch|p2a: Garganacl|Garganacl, M|60/100
|-damage|p2a: Garganacl|48/100|[from] Stealth Rock
|move|p1a: Skeledirge|Slack Off|p1a: Skeledirge
|-heal|p1a: Skeledirge|85/100 psn
|
|-heal|p2a: Garganacl|54/100|[from] item: Leftovers
|-damage|p1a: Skeledirge|73/100 psn|[from] psn
|upkeep
|turn|74
|inactive|Enigmatic Gale has 30 seconds left this turn.
|
|t:|1780956166
|switch|p1a: Gholdengo|Gholdengo, tera:Fairy|72/100
|move|p2a: Garganacl|Salt Cure|p1a: Gholdengo
|-damage|p1a: Gholdengo|56/100
|-start|p1a: Gholdengo|Salt Cure
|
|-heal|p2a: Garganacl|60/100|[from] item: Leftovers
|-damage|p1a: Gholdengo|43/100|[from] Salt Cure
|upkeep
|turn|75
|inactive|chancha12suizo has 90 seconds left.
|inactive|Enigmatic Gale has 30 seconds left.
|
|t:|1780956174
|move|p2a: Garganacl|Protect|p2a: Garganacl
|-singleturn|p2a: Garganacl|Protect
|move|p1a: Gholdengo|Make It Rain|p2a: Garganacl
|-activate|p2a: Garganacl|move: Protect
|
|-heal|p2a: Garganacl|66/100|[from] item: Leftovers
|-damage|p1a: Gholdengo|31/100|[from] Salt Cure
|upkeep
|turn|76
|
|t:|1780956186
|switch|p2a: Clodsire|Clodsire, M|65/100 brn
|move|p1a: Gholdengo|Make It Rain|p2a: Clodsire
|-damage|p2a: Clodsire|31/100 brn
|-unboost|p1a: Gholdengo|spa|1
|
|-damage|p2a: Clodsire|25/100 brn|[from] brn
|-damage|p1a: Gholdengo|19/100|[from] Salt Cure
|upkeep
|turn|77
|
|t:|1780956197
|switch|p1a: Great Tusk|Great Tusk|37/100
|move|p2a: Clodsire|Poison Jab|p1a: Great Tusk
|-resisted|p1a: Great Tusk
|-damage|p1a: Great Tusk|34/100
|
|-damage|p2a: Clodsire|19/100 brn|[from] brn
|upkeep
|turn|78
|
|t:|1780956209
|move|p1a: Great Tusk|Rapid Spin|p2a: Clodsire
|-damage|p2a: Clodsire|0 fnt
|-boost|p1a: Great Tusk|spe|1
|-sideend|p1: chancha12suizo|Spikes|[from] move: Rapid Spin|[of] p1a: Great Tusk
|-sideend|p1: chancha12suizo|Stealth Rock|[from] move: Rapid Spin|[of] p1a: Great Tusk
|faint|p2a: Clodsire
|
|upkeep
|
|t:|1780956214
|switch|p2a: Darkrai|Darkrai|63/100
|-damage|p2a: Darkrai|51/100|[from] Stealth Rock
|turn|79
|
|t:|1780956225
|-end|p1a: Great Tusk|Protosynthesis|[silent]
|switch|p1a: Gholdengo|Gholdengo, tera:Fairy|19/100
|move|p2a: Darkrai|Ice Beam|p1a: Gholdengo
|-damage|p1a: Gholdengo|0 fnt
|faint|p1a: Gholdengo
|
|upkeep
|
|t:|1780956230
|switch|p1a: Skeledirge|Skeledirge, F|73/100 psn
|turn|80
|inactive|chancha12suizo has 120 seconds left.
|
|t:|1780956250
|switch|p2a: Garganacl|Garganacl, M|66/100
|-damage|p2a: Garganacl|54/100|[from] Stealth Rock
|move|p1a: Skeledirge|Torch Song|p2a: Garganacl
|-resisted|p2a: Garganacl
|-damage|p2a: Garganacl|43/100
|-boost|p1a: Skeledirge|spa|1
|
|-heal|p2a: Garganacl|50/100|[from] item: Leftovers
|-damage|p1a: Skeledirge|60/100 psn|[from] psn
|upkeep
|turn|81
|
|t:|1780956261
|move|p1a: Skeledirge|Slack Off|p1a: Skeledirge
|-heal|p1a: Skeledirge|100/100 psn
|move|p2a: Garganacl|Salt Cure|p1a: Skeledirge
|-supereffective|p1a: Skeledirge
|-damage|p1a: Skeledirge|78/100 psn
|-start|p1a: Skeledirge|Salt Cure
|
|-heal|p2a: Garganacl|56/100|[from] item: Leftovers
|-damage|p1a: Skeledirge|66/100 psn|[from] psn
|-damage|p1a: Skeledirge|53/100 psn|[from] Salt Cure
|upkeep
|turn|82
|
|t:|1780956274
|switch|p1a: Great Tusk|Great Tusk|34/100
|move|p2a: Garganacl|Recover|p2a: Garganacl
|-heal|p2a: Garganacl|100/100
|
|upkeep
|turn|83
|inactive|chancha12suizo has 120 seconds left.
|
|t:|1780956286
|switch|p2a: Skarmory|Skarmory, M|76/100
|-damage|p2a: Skarmory|64/100|[from] Stealth Rock
|move|p1a: Great Tusk|Close Combat|p2a: Skarmory
|-damage|p2a: Skarmory|25/100
|-unboost|p1a: Great Tusk|def|1
|-unboost|p1a: Great Tusk|spd|1
|
|upkeep
|turn|84
|inactive|chancha12suizo has 120 seconds left.
|
|t:|1780956301
|move|p1a: Great Tusk|Close Combat|p2a: Skarmory
|-damage|p2a: Skarmory|0 fnt
|-unboost|p1a: Great Tusk|def|1
|-unboost|p1a: Great Tusk|spd|1
|faint|p2a: Skarmory
|
|upkeep
|
|t:|1780956317
|switch|p2a: Darkrai|Darkrai|51/100
|-damage|p2a: Darkrai|38/100|[from] Stealth Rock
|turn|85
|inactive|chancha12suizo has 120 seconds left.
|
|t:|1780956360
|-end|p1a: Great Tusk|Protosynthesis|[silent]
|switch|p1a: Skeledirge|Skeledirge, F|53/100 psn
|move|p2a: Darkrai|Dark Pulse|p1a: Skeledirge
|-supereffective|p1a: Skeledirge
|-damage|p1a: Skeledirge|0 fnt
|faint|p1a: Skeledirge
|
|upkeep
|
|t:|1780956365
|switch|p1a: Great Tusk|Great Tusk|34/100
|turn|86
|inactive|Enigmatic Gale has 60 seconds left.
|
|t:|1780956380
|move|p2a: Darkrai|Dark Pulse|p1a: Great Tusk
|-resisted|p1a: Great Tusk
|-damage|p1a: Great Tusk|0 fnt
|faint|p1a: Great Tusk
|-end|p1a: Great Tusk|Protosynthesis|[silent]
|
|win|Enigmatic Gale
|raw|chancha12suizo's rating: 1547 &rarr; <strong>1524</strong><br />(-23 for losing)
|raw|Enigmatic Gale's rating: 1497 &rarr; <strong>1520</strong><br />(+23 for winning)
|c|☆Enigmatic Gale|gg
|c|☆chancha12suizo|ggs
|l|☆chancha12suizo
|player|p1|
