|j|☆oirgor
|j|☆rockeater9000
|t:|1781367620
|gametype|singles
|player|p1|oirgor|red|1539
|player|p2|rockeater9000|2|1581
|gen|9
|tier|[Gen 9] OU
|rated|
|rule|HP Percentage Mod: HP is shown in percentages
|rule|Endless Battle Clause: Forcing endless battles is banned
|rule|Species Clause: Limit one of each Pokémon
|rule|OHKO Clause: OHKO moves are banned
|rule|Evasion Items Clause: Evasion items are banned
|rule|Evasion Moves Clause: Evasion moves are banned
|rule|Evasion Abilities Clause: Evasion abilities are banned
|rule|Sleep Moves Clause: Sleep-inducing moves are banned
|clearpoke
|poke|p1|Walking Wake|
|poke|p1|Darkrai|
|poke|p1|Hatterene, F|
|poke|p1|Ogerpon-Wellspring, F|
|poke|p1|Landorus-Therian, M|
|poke|p1|Gholdengo|
|poke|p2|Hydrapple, M|
|poke|p2|Pecharunt|
|poke|p2|Regieleki|
|poke|p2|Walking Wake|
|poke|p2|Clodsire, F|
|poke|p2|Bronzong|
|teampreview
|inactive|Battle timer is ON: inactive players will automatically lose when time's up. (requested by oirgor)
|
|t:|1781367638
|teamsize|p1|6
|teamsize|p2|6
|start
|switch|p1a: Ogerpon|Ogerpon-Wellspring, F|100/100
|switch|p2a: Walking Wake|Walking Wake|100/100
|turn|1
|
|t:|1781367642
|-end|p2a: Walking Wake|Protosynthesis|[silent]
|switch|p2a: Hydrapple|Hydrapple, M|100/100
|move|p1a: Ogerpon|Knock Off|p2a: Hydrapple
|-damage|p2a: Hydrapple|80/100
|-damage|p1a: Ogerpon|84/100|[from] item: Rocky Helmet|[of] p2a: Hydrapple
|-enditem|p2a: Hydrapple|Rocky Helmet|[from] move: Knock Off|[of] p1a: Ogerpon
|
|upkeep
|turn|2
|
|t:|1781367651
|move|p1a: Ogerpon|U-turn|p2a: Hydrapple
|-supereffective|p2a: Hydrapple
|-damage|p2a: Hydrapple|50/100
|
|t:|1781367654
|switch|p1a: Hatterene|Hatterene, F|100/100|[from] U-turn
|move|p2a: Hydrapple|Giga Drain|p1a: Hatterene
|-damage|p1a: Hatterene|84/100
|-heal|p2a: Hydrapple|56/100|[from] drain|[of] p1a: Hatterene
|
|upkeep
|turn|3
|
|t:|1781367660
|switch|p2a: Bronzong|Bronzong|100/100
|move|p1a: Hatterene|Psychic Noise|p2a: Bronzong
|-resisted|p2a: Bronzong
|-damage|p2a: Bronzong|95/100
|-start|p2a: Bronzong|move: Heal Block
|
|upkeep
|turn|4
|
|t:|1781367664
|switch|p1a: Landorus|Landorus-Therian, M|100/100
|-ability|p1a: Landorus|Intimidate|boost
|-unboost|p2a: Bronzong|atk|1
|move|p2a: Bronzong|Night Shade|p1a: Landorus
|-damage|p1a: Landorus|74/100
|
|-end|p2a: Bronzong|move: Heal Block
|upkeep
|turn|5
|
|t:|1781367673
|move|p1a: Landorus|Taunt|p2a: Bronzong
|-start|p2a: Bronzong|move: Taunt
|cant|p2a: Bronzong|move: Taunt|Stealth Rock
|
|-heal|p2a: Bronzong|100/100|[from] item: Leftovers
|upkeep
|turn|6
|
|t:|1781367676
|move|p1a: Landorus|Stealth Rock|p2a: Bronzong
|-sidestart|p2: rockeater9000|move: Stealth Rock
|move|p2a: Bronzong|Night Shade|p1a: Landorus
|-damage|p1a: Landorus|48/100
|
|upkeep
|turn|7
|
|t:|1781367685
|move|p1a: Landorus|U-turn|p2a: Bronzong
|-damage|p2a: Bronzong|80/100
|
|t:|1781367694
|switch|p1a: Ogerpon|Ogerpon-Wellspring, F|84/100|[from] U-turn
|move|p2a: Bronzong|Night Shade|p1a: Ogerpon
|-damage|p1a: Ogerpon|51/100
|
|-heal|p2a: Bronzong|87/100|[from] item: Leftovers
|-end|p2a: Bronzong|move: Taunt
|upkeep
|turn|8
|j| Narwhale73
|
|t:|1781367700
|switch|p2a: Hydrapple|Hydrapple, M|90/100
|-damage|p2a: Hydrapple|77/100|[from] Stealth Rock
|move|p1a: Ogerpon|Synthesis|p1a: Ogerpon
|-heal|p1a: Ogerpon|100/100
|
|upkeep
|turn|9
|
|t:|1781367705
|move|p1a: Ogerpon|U-turn|p2a: Hydrapple
|-supereffective|p2a: Hydrapple
|-damage|p2a: Hydrapple|45/100
|
|t:|1781367707
|switch|p1a: Hatterene|Hatterene, F|84/100|[from] U-turn
|move|p2a: Hydrapple|Giga Drain|p1a: Hatterene
|-damage|p1a: Hatterene|68/100
|-heal|p2a: Hydrapple|51/100|[from] drain|[of] p1a: Hatterene
|
|upkeep
|turn|10
|
|t:|1781367713
|switch|p2a: Bronzong|Bronzong|87/100
|-damage|p2a: Bronzong|80/100|[from] Stealth Rock
|move|p1a: Hatterene|Mystical Fire|p2a: Bronzong
|-supereffective|p2a: Bronzong
|-damage|p2a: Bronzong|49/100
|-unboost|p2a: Bronzong|spa|1
|
|-heal|p2a: Bronzong|55/100|[from] item: Leftovers
|upkeep
|turn|11
|
|t:|1781367718
|move|p2a: Bronzong|Night Shade|p1a: Hatterene
|-damage|p1a: Hatterene|37/100
|move|p1a: Hatterene|Nuzzle|p2a: Bronzong
|-damage|p2a: Bronzong|51/100
|-status|p2a: Bronzong|par
|
|-heal|p2a: Bronzong|57/100 par|[from] item: Leftovers
|upkeep
|turn|12
|
|t:|1781367723
|switch|p1a: Ogerpon|Ogerpon-Wellspring, F|100/100
|switch|p2a: Walking Wake|Walking Wake|100/100
|
|upkeep
|turn|13
|
|t:|1781367728
|-end|p2a: Walking Wake|Protosynthesis|[silent]
|switch|p2a: Hydrapple|Hydrapple, M|84/100
|-damage|p2a: Hydrapple|72/100|[from] Stealth Rock
|move|p1a: Ogerpon|U-turn|p2a: Hydrapple
|-supereffective|p2a: Hydrapple
|-damage|p2a: Hydrapple|42/100
|
|t:|1781367745
|switch|p1a: Darkrai|Darkrai, shiny|100/100|[from] U-turn
|
|upkeep
|turn|14
|
|t:|1781367750
|switch|p2a: Clodsire|Clodsire, F|100/100
|-damage|p2a: Clodsire|94/100|[from] Stealth Rock
|move|p1a: Darkrai|Trick|p2a: Clodsire
|-activate|p1a: Darkrai|move: Trick|[of] p2a: Clodsire
|-item|p2a: Clodsire|Choice Scarf|[from] move: Trick
|-item|p1a: Darkrai|Leftovers|[from] move: Trick
|
|upkeep
|turn|15
|
|t:|1781367756
|move|p1a: Darkrai|Will-O-Wisp|p2a: Clodsire
|-status|p2a: Clodsire|brn
|move|p2a: Clodsire|Earthquake|p1a: Darkrai
|-damage|p1a: Darkrai|83/100
|
|-heal|p1a: Darkrai|90/100|[from] item: Leftovers
|-damage|p2a: Clodsire|88/100 brn|[from] brn
|upkeep
|turn|16
|
|t:|1781367764
|switch|p2a: Walking Wake|Walking Wake|100/100
|move|p1a: Darkrai|Ice Beam|p2a: Walking Wake
|-damage|p2a: Walking Wake|57/100
|
|-heal|p1a: Darkrai|96/100|[from] item: Leftovers
|upkeep
|turn|17
|inactive|oirgor has 120 seconds left.
|
|t:|1781367799
|switch|p1a: Hatterene|Hatterene, F|37/100
|move|p2a: Walking Wake|Dragon Pulse|p1a: Hatterene
|-immune|p1a: Hatterene
|
|upkeep
|turn|18
|
|t:|1781367806
|move|p2a: Walking Wake|Knock Off|p1a: Hatterene
|-damage|p1a: Hatterene|14/100
|-enditem|p1a: Hatterene|Assault Vest|[from] move: Knock Off|[of] p2a: Walking Wake
|move|p1a: Hatterene|Draining Kiss|p2a: Walking Wake
|-supereffective|p2a: Walking Wake
|-damage|p2a: Walking Wake|2/100
|-heal|p1a: Hatterene|58/100|[from] drain|[of] p2a: Walking Wake
|
|upkeep
|turn|19
|
|t:|1781367811
|move|p2a: Walking Wake|Surf|p1a: Hatterene
|-damage|p1a: Hatterene|18/100
|move|p1a: Hatterene|Mystical Fire|p2a: Walking Wake
|-resisted|p2a: Walking Wake
|-damage|p2a: Walking Wake|0 fnt
|faint|p2a: Walking Wake
|-end|p2a: Walking Wake|Protosynthesis|[silent]
|
|upkeep
|
|t:|1781367824
|switch|p2a: Pecharunt|Pecharunt|100/100
|turn|20
|
|t:|1781367829
|move|p2a: Pecharunt|Malignant Chain|p1a: Hatterene
|-supereffective|p1a: Hatterene
|-damage|p1a: Hatterene|0 fnt
|faint|p1a: Hatterene
|
|upkeep
|
|t:|1781367833
|switch|p1a: Darkrai|Darkrai, shiny|96/100
|turn|21
|inactive|rockeater9000 has 120 seconds left.
|
|t:|1781367889
|switch|p2a: Clodsire|Clodsire, F|88/100 brn
|-damage|p2a: Clodsire|82/100 brn|[from] Stealth Rock
|move|p1a: Darkrai|Ice Beam|p2a: Clodsire
|-supereffective|p2a: Clodsire
|-damage|p2a: Clodsire|46/100 brn
|
|-heal|p1a: Darkrai|100/100|[from] item: Leftovers
|-damage|p2a: Clodsire|40/100 brn|[from] brn
|upkeep
|turn|22
|
|t:|1781367899
|move|p1a: Darkrai|Dark Pulse|p2a: Clodsire
|-damage|p2a: Clodsire|16/100 brn
|move|p2a: Clodsire|Spikes|p1a: Darkrai
|-sidestart|p1: oirgor|Spikes
|
|-damage|p2a: Clodsire|10/100 brn|[from] brn
|upkeep
|turn|23
|
|t:|1781367904
|move|p1a: Darkrai|Dark Pulse|p2a: Clodsire
|-damage|p2a: Clodsire|0 fnt
|faint|p2a: Clodsire
|
|upkeep
|
|t:|1781367911
|switch|p2a: Regieleki|Regieleki|100/100
|turn|24
|
|t:|1781367916
|switch|p1a: Landorus|Landorus-Therian, M|48/100
|-ability|p1a: Landorus|Intimidate|boost
|-unboost|p2a: Regieleki|atk|1
|move|p2a: Regieleki|Thunderbolt|p1a: Landorus
|-immune|p1a: Landorus
|
|upkeep
|turn|25
|
|t:|1781367925
|switch|p2a: Pecharunt|Pecharunt|100/100
|move|p1a: Landorus|U-turn|p2a: Pecharunt
|-resisted|p2a: Pecharunt
|-damage|p2a: Pecharunt|97/100
|
|t:|1781367928
|switch|p1a: Darkrai|Darkrai, shiny|100/100|[from] U-turn
|-damage|p1a: Darkrai|88/100|[from] Spikes
|
|-heal|p1a: Darkrai|94/100|[from] item: Leftovers
|upkeep
|turn|26
|
|t:|1781367940
|-terastallize|p2a: Pecharunt|Dark
|move|p1a: Darkrai|Dark Pulse|p2a: Pecharunt
|-resisted|p2a: Pecharunt
|-damage|p2a: Pecharunt|77/100
|move|p2a: Pecharunt|Malignant Chain|p1a: Darkrai
|-damage|p1a: Darkrai|52/100
|
|-heal|p1a: Darkrai|58/100|[from] item: Leftovers
|upkeep
|turn|27
|
|t:|1781367952
|switch|p1a: Gholdengo|Gholdengo|100/100
|-item|p1a: Gholdengo|Air Balloon
|move|p2a: Pecharunt|Parting Shot|p1a: Gholdengo
|-immune|p1a: Gholdengo|[from] ability: Good as Gold
|
|upkeep
|turn|28
|
|t:|1781367962
|switch|p2a: Hydrapple|Hydrapple, M|75/100
|-damage|p2a: Hydrapple|63/100|[from] Stealth Rock
|move|p1a: Gholdengo|Thunder Wave|p2a: Hydrapple
|-status|p2a: Hydrapple|par
|
|upkeep
|turn|29
|
|t:|1781367966
|move|p1a: Gholdengo|Hex|p2a: Hydrapple
|-damage|p2a: Hydrapple|11/100 par
|cant|p2a: Hydrapple|par
|
|upkeep
|turn|30
|
|t:|1781367972
|switch|p2a: Regieleki|Regieleki|100/100
|move|p1a: Gholdengo|Hex|p2a: Regieleki
|-damage|p2a: Regieleki|43/100
|
|upkeep
|turn|31
|
|t:|1781367977
|switch|p2a: Bronzong|Bronzong|57/100 par
|-damage|p2a: Bronzong|51/100 par|[from] Stealth Rock
|move|p1a: Gholdengo|Hex|p2a: Bronzong
|-supereffective|p2a: Bronzong
|-damage|p2a: Bronzong|0 fnt
|faint|p2a: Bronzong
|
|upkeep
|-message|rockeater9000 forfeited.
|
|win|oirgor
|raw|oirgor's rating: 1539 &rarr; <strong>1561</strong><br />(+22 for winning)
|raw|rockeater9000's rating: 1581 &rarr; <strong>1559</strong><br />(-22 for losing)
|l|☆rockeater9000
|player|p2|
|l|☆oirgor
|player|p1|
