|j|☆mythiixx
|j|☆SincereSarje
|t:|1781463406
|gametype|singles
|player|p1|mythiixx|valerie|1673
|player|p2|SincereSarje|morty|1641
|gen|9
|tier|[Gen 9] OU
|rated|
|rule|HP Percentage Mod: HP is shown in percentages
|rule|Endless Battle Clause: Forcing endless battles is banned
|rule|Species Clause: Limit one of each Pokémon
|rule|OHKO Clause: OHKO moves are banned
|rule|Evasion Items Clause: Evasion items are banned
|rule|Evasion Moves Clause: Evasion moves are banned
|rule|Evasion Abilities Clause: Evasion abilities are banned
|rule|Sleep Moves Clause: Sleep-inducing moves are banned
|clearpoke
|poke|p1|Hawlucha, F|
|poke|p1|Samurott-Hisui, F|
|poke|p1|Rillaboom, F|
|poke|p1|Gholdengo|
|poke|p1|Kyurem|
|poke|p1|Landorus-Therian, M|
|poke|p2|Primarina, F|
|poke|p2|Zamazenta-*|
|poke|p2|Great Tusk|
|poke|p2|Darkrai|
|poke|p2|Dragonite, M|
|poke|p2|Gholdengo|
|teampreview
|inactive|Battle timer is ON: inactive players will automatically lose when time's up. (requested by SincereSarje)
|
|t:|1781463430
|teamsize|p1|6
|teamsize|p2|6
|start
|switch|p1a: Samurott|Samurott-Hisui, F|100/100
|switch|p2a: Zamazenta|Zamazenta, shiny|100/100
|-ability|p2a: Zamazenta|Dauntless Shield|boost
|-boost|p2a: Zamazenta|def|1
|turn|1
|
|t:|1781463437
|switch|p1a: Landorus|Landorus-Therian, M|100/100
|-ability|p1a: Landorus|Intimidate|boost
|-fail|p2a: Zamazenta|unboost|[from] item: Clear Amulet|[of] p2a: Zamazenta
|move|p2a: Zamazenta|Howl|p2a: Zamazenta
|-boost|p2a: Zamazenta|atk|1
|
|upkeep
|turn|2
|
|t:|1781463466
|move|p2a: Zamazenta|Crunch|p1a: Landorus
|-damage|p1a: Landorus|59/100
|-damage|p2a: Zamazenta|84/100|[from] item: Rocky Helmet|[of] p1a: Landorus
|move|p1a: Landorus|U-turn|p2a: Zamazenta
|-resisted|p2a: Zamazenta
|-damage|p2a: Zamazenta|77/100
|inactive|mythiixx has 120 seconds left.
|
|t:|1781463486
|switch|p1a: Rillaboom|Rillaboom, F|100/100|[from] U-turn
|-fieldstart|move: Grassy Terrain|[from] ability: Grassy Surge|[of] p1a: Rillaboom
|
|-heal|p2a: Zamazenta|84/100|[from] Grassy Terrain
|upkeep
|turn|3
|
|t:|1781463492
|switch|p1a: Hawlucha|Hawlucha, F|100/100
|-enditem|p1a: Hawlucha|Grassy Seed
|-boost|p1a: Hawlucha|def|1|[from] item: Grassy Seed
|move|p2a: Zamazenta|Close Combat|p1a: Hawlucha
|-resisted|p1a: Hawlucha
|-damage|p1a: Hawlucha|63/100
|-unboost|p2a: Zamazenta|def|1
|-unboost|p2a: Zamazenta|spd|1
|
|-heal|p2a: Zamazenta|90/100|[from] Grassy Terrain
|upkeep
|turn|4
|j| BiscoitoXDBr
|
|t:|1781463501
|-terastallize|p2a: Zamazenta|Steel
|move|p1a: Hawlucha|Swords Dance|p1a: Hawlucha
|-boost|p1a: Hawlucha|atk|2
|move|p2a: Zamazenta|Iron Head|p1a: Hawlucha
|-damage|p1a: Hawlucha|15/100
|
|-heal|p2a: Zamazenta|96/100|[from] Grassy Terrain
|upkeep
|turn|5
|
|t:|1781463512
|switch|p2a: Great Tusk|Great Tusk|100/100
|move|p1a: Hawlucha|Low Kick|p2a: Great Tusk
|-damage|p2a: Great Tusk|30/100
|-damage|p1a: Hawlucha|0 fnt|[from] item: Rocky Helmet|[of] p2a: Great Tusk
|faint|p1a: Hawlucha
|
|-heal|p2a: Great Tusk|36/100|[from] Grassy Terrain
|upkeep
|
|t:|1781463529
|switch|p1a: Kyurem|Kyurem|100/100
|-ability|p1a: Kyurem|Pressure
|turn|6
|
|t:|1781463551
|-end|p2a: Great Tusk|Protosynthesis|[silent]
|switch|p2a: Gholdengo|Gholdengo, shiny|100/100
|move|p1a: Kyurem|Freeze-Dry|p2a: Gholdengo
|-resisted|p2a: Gholdengo
|-damage|p2a: Gholdengo|84/100
|
|-heal|p2a: Gholdengo|90/100|[from] Grassy Terrain
|-fieldend|move: Grassy Terrain
|upkeep
|turn|7
|
|t:|1781463559
|switch|p1a: Samurott|Samurott-Hisui, F|100/100
|switch|p2a: Dragonite|Dragonite, M|100/100
|
|upkeep
|turn|8
|
|t:|1781463578
|switch|p2a: Primarina|Primarina, F|100/100
|move|p1a: Samurott|Ceaseless Edge|p2a: Primarina
|-resisted|p2a: Primarina
|-crit|p2a: Primarina
|-damage|p2a: Primarina|60/100
|-sidestart|p2: SincereSarje|Spikes
|
|upkeep
|turn|9
|
|t:|1781463594
|move|p1a: Samurott|Ceaseless Edge|p2a: Primarina
|-resisted|p2a: Primarina
|-damage|p2a: Primarina|31/100
|-sidestart|p2: SincereSarje|Spikes
|move|p2a: Primarina|Psychic Noise|p1a: Samurott
|-resisted|p1a: Samurott
|-damage|p1a: Samurott|87/100
|-start|p1a: Samurott|move: Heal Block
|
|upkeep
|turn|10
|j| mak7xr
|l| mak7xr
|inactive|mythiixx has 120 seconds left.
|
|t:|1781463625
|move|p1a: Samurott|Ceaseless Edge|p2a: Primarina
|-resisted|p2a: Primarina
|-damage|p2a: Primarina|2/100
|-sidestart|p2: SincereSarje|Spikes
|move|p2a: Primarina|Moonblast|p1a: Samurott
|-supereffective|p1a: Samurott
|-damage|p1a: Samurott|14/100
|-unboost|p1a: Samurott|spa|1
|
|-end|p1a: Samurott|move: Heal Block
|upkeep
|turn|11
|
|t:|1781463634
|switch|p2a: Great Tusk|Great Tusk|36/100
|-damage|p2a: Great Tusk|11/100|[from] Spikes
|move|p1a: Samurott|Knock Off|p2a: Great Tusk
|-resisted|p2a: Great Tusk
|-damage|p2a: Great Tusk|0 fnt
|-damage|p1a: Samurott|0 fnt|[from] item: Rocky Helmet|[of] p2a: Great Tusk
|faint|p2a: Great Tusk
|-end|p2a: Great Tusk|Protosynthesis|[silent]
|faint|p1a: Samurott
|
|upkeep
|inactive|mythiixx has 120 seconds left.
|
|t:|1781463647
|switch|p2a: Dragonite|Dragonite, M|100/100
|switch|p1a: Rillaboom|Rillaboom, F|100/100
|-fieldstart|move: Grassy Terrain|[from] ability: Grassy Surge|[of] p1a: Rillaboom
|turn|12
|
|t:|1781463656
|move|p1a: Rillaboom|Swords Dance|p1a: Rillaboom
|-boost|p1a: Rillaboom|atk|2
|move|p2a: Dragonite|Ice Spinner|p1a: Rillaboom
|-supereffective|p1a: Rillaboom
|-crit|p1a: Rillaboom
|-damage|p1a: Rillaboom|0 fnt
|-fieldend|move: Grassy Terrain
|faint|p1a: Rillaboom
|
|upkeep
|
|t:|1781463662
|switch|p1a: Gholdengo|Gholdengo|100/100
|turn|13
|
|t:|1781463665
|switch|p2a: Primarina|Primarina, F|2/100
|-damage|p2a: Primarina|0 fnt|[from] Spikes
|faint|p2a: Primarina
|move|p1a: Gholdengo|Trick|p2: Primarina|[notarget]
|-fail|p1a: Gholdengo
|
|upkeep
|
|t:|1781463672
|switch|p2a: Gholdengo|Gholdengo, shiny|90/100
|-damage|p2a: Gholdengo|65/100|[from] Spikes
|turn|14
|
|t:|1781463681
|switch|p1a: Kyurem|Kyurem|100/100
|-ability|p1a: Kyurem|Pressure
|move|p2a: Gholdengo|Make It Rain|p1a: Kyurem
|-supereffective|p1a: Kyurem
|-damage|p1a: Kyurem|39/100
|-unboost|p2a: Gholdengo|spa|1
|
|upkeep
|turn|15
|
|t:|1781463688
|move|p1a: Kyurem|Earth Power|p2a: Gholdengo
|-supereffective|p2a: Gholdengo
|-damage|p2a: Gholdengo|0 fnt
|faint|p2a: Gholdengo
|
|upkeep
|
|t:|1781463697
|switch|p2a: Dragonite|Dragonite, M|100/100
|turn|16
|
|t:|1781463704
|move|p2a: Dragonite|Extreme Speed|p1a: Kyurem
|-damage|p1a: Kyurem|0 fnt
|faint|p1a: Kyurem
|
|upkeep
|
|t:|1781463709
|switch|p1a: Landorus|Landorus-Therian, M|59/100
|-ability|p1a: Landorus|Intimidate|boost
|-unboost|p2a: Dragonite|atk|1
|turn|17
|
|t:|1781463718
|switch|p2a: Darkrai|Darkrai|100/100
|-damage|p2a: Darkrai|76/100|[from] Spikes
|move|p1a: Landorus|Stealth Rock|p2a: Darkrai
|-sidestart|p2: SincereSarje|move: Stealth Rock
|
|-heal|p2a: Darkrai|82/100|[from] item: Leftovers
|upkeep
|turn|18
|
|t:|1781463729
|-terastallize|p1a: Landorus|Ghost
|move|p2a: Darkrai|Ice Beam|p1a: Landorus
|-damage|p1a: Landorus|28/100
|move|p1a: Landorus|U-turn|p2a: Darkrai
|-supereffective|p2a: Darkrai
|-crit|p2a: Darkrai
|-damage|p2a: Darkrai|19/100
|
|t:|1781463749
|switch|p1a: Gholdengo|Gholdengo|100/100|[from] U-turn
|
|-heal|p2a: Darkrai|25/100|[from] item: Leftovers
|upkeep
|turn|19
|j| megameganiumiscool
|
|t:|1781463754
|move|p1a: Gholdengo|Shadow Ball|p2a: Darkrai
|-resisted|p2a: Darkrai
|-damage|p2a: Darkrai|3/100
|move|p2a: Darkrai|Dark Pulse|p1a: Gholdengo
|-supereffective|p1a: Gholdengo
|-damage|p1a: Gholdengo|20/100
|
|-heal|p2a: Darkrai|9/100|[from] item: Leftovers
|upkeep
|turn|20
|
|t:|1781463759
|move|p1a: Gholdengo|Shadow Ball|p2a: Darkrai
|-resisted|p2a: Darkrai
|-damage|p2a: Darkrai|0 fnt
|faint|p2a: Darkrai
|
|upkeep
|
|t:|1781463761
|switch|p2a: Zamazenta|Zamazenta, shiny, tera:Steel|96/100
|-damage|p2a: Zamazenta|71/100|[from] Spikes
|-damage|p2a: Zamazenta|65/100|[from] Stealth Rock
|turn|21
|
|t:|1781463767
|switch|p1a: Landorus|Landorus-Therian, M, tera:Ghost|28/100
|-ability|p1a: Landorus|Intimidate|boost
|-fail|p2a: Zamazenta|unboost|[from] item: Clear Amulet|[of] p2a: Zamazenta
|move|p2a: Zamazenta|Crunch|p1a: Landorus
|-supereffective|p1a: Landorus
|-damage|p1a: Landorus|0 fnt
|-damage|p2a: Zamazenta|48/100|[from] item: Rocky Helmet|[of] p1a: Landorus
|faint|p1a: Landorus
|
|upkeep
|
|t:|1781463771
|switch|p1a: Gholdengo|Gholdengo|20/100
|turn|22
|
|t:|1781463778
|move|p1a: Gholdengo|Shadow Ball|p2a: Zamazenta
|-damage|p2a: Zamazenta|11/100
|move|p2a: Zamazenta|Crunch|p1a: Gholdengo
|-supereffective|p1a: Gholdengo
|-damage|p1a: Gholdengo|0 fnt
|faint|p1a: Gholdengo
|
|win|SincereSarje
|raw|mythiixx's rating: 1673 &rarr; <strong>1651</strong><br />(-22 for losing)
|raw|SincereSarje's rating: 1641 &rarr; <strong>1663</strong><br />(+22 for winning)
|l|☆mythiixx
|player|p1|
|l| BiscoitoXDBr
|l| megameganiumiscool
