|j|☆biryanilover
|j|☆zerogerpon
|t:|1781325127
|gametype|singles
|player|p1|biryanilover|1|1605
|player|p2|zerogerpon|dawn|1573
|gen|9
|tier|[Gen 9] OU
|rated|
|rule|HP Percentage Mod: HP is shown in percentages
|rule|Endless Battle Clause: Forcing endless battles is banned
|rule|Species Clause: Limit one of each Pokémon
|rule|OHKO Clause: OHKO moves are banned
|rule|Evasion Items Clause: Evasion items are banned
|rule|Evasion Moves Clause: Evasion moves are banned
|rule|Evasion Abilities Clause: Evasion abilities are banned
|rule|Sleep Moves Clause: Sleep-inducing moves are banned
|clearpoke
|poke|p1|Rillaboom, M|
|poke|p1|Heatran, F|
|poke|p1|Walking Wake|
|poke|p1|Landorus-Therian, M|
|poke|p1|Zamazenta-*|
|poke|p1|Weezing-Galar, F|
|poke|p2|Weezing-Galar, M|
|poke|p2|Alomomola, F|
|poke|p2|Iron Treads|
|poke|p2|Tornadus-Therian, M|
|poke|p2|Zamazenta-*|
|poke|p2|Lokix, M|
|teampreview
|inactive|Battle timer is ON: inactive players will automatically lose when time's up. (requested by biryanilover)
|
|t:|1781325139
|teamsize|p1|6
|teamsize|p2|6
|start
|switch|p1a: Walking Wake|Walking Wake|100/100
|switch|p2a: Weezing|Weezing-Galar, M|100/100
|-ability|p2a: Weezing|Neutralizing Gas
|turn|1
|
|t:|1781325145
|-end|p2a: Weezing|ability: Neutralizing Gas
|switch|p2a: Tornadus|Tornadus-Therian, M|100/100
|move|p1a: Walking Wake|Substitute|p1a: Walking Wake
|-start|p1a: Walking Wake|Substitute
|-damage|p1a: Walking Wake|76/100
|
|-heal|p1a: Walking Wake|82/100|[from] item: Leftovers
|upkeep
|turn|2
|
|t:|1781325152
|move|p2a: Tornadus|Bleakwind Storm|p1a: Walking Wake
|-end|p1a: Walking Wake|Substitute
|move|p1a: Walking Wake|Knock Off|p2a: Tornadus
|-damage|p2a: Tornadus|80/100
|-enditem|p2a: Tornadus|Assault Vest|[from] move: Knock Off|[of] p1a: Walking Wake
|
|-heal|p1a: Walking Wake|88/100|[from] item: Leftovers
|upkeep
|turn|3
|
|t:|1781325160
|move|p2a: Tornadus|Bleakwind Storm|p1a: Walking Wake
|-damage|p1a: Walking Wake|40/100
|-unboost|p1a: Walking Wake|spe|1
|move|p1a: Walking Wake|Scald|p2a: Tornadus
|-damage|p2a: Tornadus|35/100
|-status|p2a: Tornadus|brn
|
|-heal|p1a: Walking Wake|47/100|[from] item: Leftovers
|-damage|p2a: Tornadus|28/100 brn|[from] brn
|upkeep
|turn|4
|
|t:|1781325170
|-end|p1a: Walking Wake|Protosynthesis|[silent]
|switch|p1a: Heatran|Heatran, F|100/100
|move|p2a: Tornadus|U-turn|p1a: Heatran
|-resisted|p1a: Heatran
|-crit|p1a: Heatran
|-damage|p1a: Heatran|98/100
|
|t:|1781325173
|switch|p2a: Iron Treads|Iron Treads|100/100|[from] U-turn
|
|-heal|p1a: Heatran|100/100|[from] item: Leftovers
|upkeep
|turn|5
|
|t:|1781325177
|move|p2a: Iron Treads|Earthquake|p1a: Heatran
|-supereffective|p1a: Heatran
|-damage|p1a: Heatran|0 fnt
|faint|p1a: Heatran
|
|upkeep
|
|t:|1781325179
|switch|p1a: Walking Wake|Walking Wake|47/100
|turn|6
|
|t:|1781325186
|move|p1a: Walking Wake|Scald|p2a: Iron Treads
|-supereffective|p2a: Iron Treads
|-crit|p2a: Iron Treads
|-damage|p2a: Iron Treads|0 fnt
|faint|p2a: Iron Treads
|-end|p2a: Iron Treads|Quark Drive|[silent]
|
|-heal|p1a: Walking Wake|53/100|[from] item: Leftovers
|upkeep
|
|t:|1781325191
|switch|p2a: Zamazenta|Zamazenta|100/100
|-ability|p2a: Zamazenta|Dauntless Shield|boost
|-boost|p2a: Zamazenta|def|1
|turn|7
|
|t:|1781325194
|-end|p1a: Walking Wake|Protosynthesis|[silent]
|switch|p1a: Weezing|Weezing-Galar, F|100/100
|-ability|p1a: Weezing|Neutralizing Gas
|move|p2a: Zamazenta|Stone Edge|p1a: Weezing
|-damage|p1a: Weezing|65/100
|
|upkeep
|turn|8
|
|t:|1781325201
|switch|p2a: Weezing|Weezing-Galar, M|100/100
|-ability|p2a: Weezing|Neutralizing Gas
|switch|p1a: Landorus|Landorus-Therian, M|100/100
|
|upkeep
|turn|9
|
|t:|1781325206
|move|p1a: Landorus|Earth Power|p2a: Weezing
|-supereffective|p2a: Weezing
|-damage|p2a: Weezing|4/100
|move|p2a: Weezing|Will-O-Wisp|p1a: Landorus
|-status|p1a: Landorus|brn
|
|-heal|p2a: Weezing|10/100|[from] item: Leftovers
|-damage|p1a: Landorus|94/100 brn|[from] brn
|upkeep
|turn|10
|
|t:|1781325216
|-end|p2a: Weezing|ability: Neutralizing Gas
|-ability|p1a: Landorus|Intimidate|boost
|-unboost|p2a: Weezing|atk|1
|switch|p2a: Alomomola|Alomomola, F|100/100
|move|p1a: Landorus|Stealth Rock|p2a: Alomomola
|-sidestart|p2: zerogerpon|move: Stealth Rock
|
|-damage|p1a: Landorus|88/100 brn|[from] brn
|upkeep
|turn|11
|
|t:|1781325222
|move|p1a: Landorus|Taunt|p2a: Alomomola
|-start|p2a: Alomomola|move: Taunt
|cant|p2a: Alomomola|move: Taunt|Tickle
|
|-damage|p1a: Landorus|82/100 brn|[from] brn
|upkeep
|turn|12
|
|t:|1781325225
|move|p1a: Landorus|Earth Power|p2a: Alomomola
|-damage|p2a: Alomomola|71/100
|move|p2a: Alomomola|Flip Turn|p1a: Landorus
|-supereffective|p1a: Landorus
|-damage|p1a: Landorus|51/100 brn
|-damage|p2a: Alomomola|54/100|[from] item: Rocky Helmet|[of] p1a: Landorus
|
|t:|1781325230
|switch|p2a: Lokix|Lokix, M|100/100|[from] Flip Turn
|-damage|p2a: Lokix|76/100|[from] Stealth Rock
|
|-damage|p1a: Landorus|45/100 brn|[from] brn
|upkeep
|turn|13
|
|t:|1781325236
|move|p1a: Landorus|U-turn|p2a: Lokix
|-supereffective|p2a: Lokix
|-damage|p2a: Lokix|44/100
|
|t:|1781325241
|switch|p1a: Weezing|Weezing-Galar, F|65/100|[from] U-turn
|-ability|p1a: Weezing|Neutralizing Gas
|move|p2a: Lokix|U-turn|p1a: Weezing
|-resisted|p1a: Weezing
|-damage|p1a: Weezing|57/100
|
|t:|1781325244
|switch|p2a: Zamazenta|Zamazenta|100/100|[from] U-turn
|-damage|p2a: Zamazenta|94/100|[from] Stealth Rock
|
|upkeep
|turn|14
|
|t:|1781325248
|move|p2a: Zamazenta|Heavy Slam|p1a: Weezing
|-supereffective|p1a: Weezing
|-damage|p1a: Weezing|0 fnt
|faint|p1a: Weezing
|-end|p1a: Weezing|ability: Neutralizing Gas
|
|upkeep
|
|t:|1781325251
|switch|p1a: Landorus|Landorus-Therian, M|45/100 brn
|-ability|p1a: Landorus|Intimidate|boost
|-unboost|p2a: Zamazenta|atk|1
|turn|15
|
|t:|1781325256
|switch|p2a: Weezing|Weezing-Galar, M|10/100
|-ability|p2a: Weezing|Neutralizing Gas
|-damage|p2a: Weezing|0 fnt|[from] Stealth Rock
|faint|p2a: Weezing
|-end|p2a: Weezing|ability: Neutralizing Gas
|move|p1a: Landorus|U-turn|p2: Weezing|[notarget]
|-fail|p1a: Landorus
|
|-damage|p1a: Landorus|39/100 brn|[from] brn
|upkeep
|
|t:|1781325262
|switch|p2a: Alomomola|Alomomola, F|87/100
|-damage|p2a: Alomomola|75/100|[from] Stealth Rock
|turn|16
|
|t:|1781325265
|move|p1a: Landorus|Earth Power|p2a: Alomomola
|-damage|p2a: Alomomola|43/100
|move|p2a: Alomomola|Flip Turn|p1a: Landorus
|-supereffective|p1a: Landorus
|-damage|p1a: Landorus|4/100 brn
|-damage|p2a: Alomomola|26/100|[from] item: Rocky Helmet|[of] p1a: Landorus
|
|t:|1781325269
|switch|p2a: Zamazenta|Zamazenta|94/100|[from] Flip Turn
|-damage|p2a: Zamazenta|88/100|[from] Stealth Rock
|
|-damage|p1a: Landorus|0 fnt|[from] brn
|faint|p1a: Landorus
|upkeep
|
|t:|1781325275
|switch|p1a: Rillaboom|Rillaboom, M|100/100
|-fieldstart|move: Grassy Terrain|[from] ability: Grassy Surge|[of] p1a: Rillaboom
|turn|17
|
|t:|1781325286
|switch|p2a: Tornadus|Tornadus-Therian, M|62/100 brn
|-damage|p2a: Tornadus|37/100 brn|[from] Stealth Rock
|move|p1a: Rillaboom|Wood Hammer|p2a: Tornadus
|-resisted|p2a: Tornadus
|-damage|p2a: Tornadus|0 fnt
|faint|p2a: Tornadus
|-damage|p1a: Rillaboom|88/100|[from] Recoil
|
|-heal|p1a: Rillaboom|94/100|[from] Grassy Terrain
|upkeep
|
|t:|1781325292
|switch|p2a: Lokix|Lokix, M|44/100
|-damage|p2a: Lokix|20/100|[from] Stealth Rock
|turn|18
|
|t:|1781325297
|move|p2a: Lokix|First Impression|p1a: Rillaboom
|-supereffective|p1a: Rillaboom
|-damage|p1a: Rillaboom|0 fnt
|faint|p1a: Rillaboom
|
|-heal|p2a: Lokix|26/100|[from] Grassy Terrain
|upkeep
|
|t:|1781325302
|switch|p1a: Walking Wake|Walking Wake|53/100
|turn|19
|
|t:|1781325309
|move|p2a: Lokix|First Impression||[still]
|-hint|First Impression only works on your first turn out.
|-fail|p2a: Lokix
|move|p1a: Walking Wake|Scald|p2a: Lokix
|-damage|p2a: Lokix|0 fnt
|faint|p2a: Lokix
|
|-heal|p1a: Walking Wake|59/100|[from] Grassy Terrain
|-heal|p1a: Walking Wake|65/100|[from] item: Leftovers
|upkeep
|
|t:|1781325314
|switch|p2a: Zamazenta|Zamazenta|88/100
|-damage|p2a: Zamazenta|82/100|[from] Stealth Rock
|turn|20
|
|t:|1781325319
|move|p2a: Zamazenta|Close Combat|p1a: Walking Wake
|-damage|p1a: Walking Wake|0 fnt
|-unboost|p2a: Zamazenta|def|1
|-unboost|p2a: Zamazenta|spd|1
|faint|p1a: Walking Wake
|-end|p1a: Walking Wake|Protosynthesis|[silent]
|
|-heal|p2a: Zamazenta|88/100|[from] Grassy Terrain
|upkeep
|
|t:|1781325322
|switch|p1a: Zamazenta|Zamazenta|100/100
|-ability|p1a: Zamazenta|Dauntless Shield|boost
|-boost|p1a: Zamazenta|def|1
|turn|21
|
|t:|1781325326
|move|p1a: Zamazenta|Close Combat|p2a: Zamazenta
|-damage|p2a: Zamazenta|0 fnt
|-unboost|p1a: Zamazenta|def|1
|-unboost|p1a: Zamazenta|spd|1
|faint|p2a: Zamazenta
|-damage|p1a: Zamazenta|91/100|[from] item: Life Orb
|
|-heal|p1a: Zamazenta|97/100|[from] Grassy Terrain
|upkeep
|
|t:|1781325330
|switch|p2a: Alomomola|Alomomola, F|60/100
|-damage|p2a: Alomomola|47/100|[from] Stealth Rock
|turn|22
|c|☆biryanilover|hu
|c|☆biryanilover|why didnt you switch
|
|t:|1781325339
|-terastallize|p2a: Alomomola|Ghost
|move|p1a: Zamazenta|Close Combat|p2a: Alomomola
|-immune|p2a: Alomomola
|move|p2a: Alomomola|Wish|p2a: Alomomola
|
|-heal|p1a: Zamazenta|100/100|[from] Grassy Terrain
|-heal|p2a: Alomomola|53/100|[from] Grassy Terrain
|upkeep
|turn|23
|
|t:|1781325347
|-terastallize|p1a: Zamazenta|Dark
|move|p1a: Zamazenta|Crunch|p2a: Alomomola
|-supereffective|p2a: Alomomola
|-damage|p2a: Alomomola|0 fnt
|-damage|p1a: Zamazenta|84/100|[from] item: Rocky Helmet|[of] p2a: Alomomola
|faint|p2a: Alomomola
|-damage|p1a: Zamazenta|74/100|[from] item: Life Orb
|
|win|biryanilover
|raw|biryanilover's rating: 1605 &rarr; <strong>1623</strong><br />(+18 for winning)
|raw|zerogerpon's rating: 1573 &rarr; <strong>1555</strong><br />(-18 for losing)
|l|☆zerogerpon
|player|p2|
|l|☆biryanilover
|player|p1|
