|j|☆team10thPlanett
|j|‽ayerbe
|t:|1781486063
|gametype|singles
|player|p1|team10thPlanett|veteran|1566
|player|p2|ayerbe|blackbelt-gen4dp|1525
|gen|9
|tier|[Gen 9] OU
|rated|
|rule|HP Percentage Mod: HP is shown in percentages
|rule|Endless Battle Clause: Forcing endless battles is banned
|rule|Species Clause: Limit one of each Pokémon
|rule|OHKO Clause: OHKO moves are banned
|rule|Evasion Items Clause: Evasion items are banned
|rule|Evasion Moves Clause: Evasion moves are banned
|rule|Evasion Abilities Clause: Evasion abilities are banned
|rule|Sleep Moves Clause: Sleep-inducing moves are banned
|clearpoke
|poke|p1|Zamazenta-*|
|poke|p1|Dragonite, M|
|poke|p1|Araquanid, M|
|poke|p1|Iron Treads|
|poke|p1|Hoopa-Unbound|
|poke|p1|Raikou|
|poke|p2|Kyurem|
|poke|p2|Cinderace, M|
|poke|p2|Slowking-Galar, F|
|poke|p2|Alomomola, M|
|poke|p2|Garganacl, M|
|poke|p2|Corviknight, F|
|teampreview
|inactive|Battle timer is ON: inactive players will automatically lose when time's up. (requested by ayerbe)
|
|t:|1781486077
|teamsize|p1|6
|teamsize|p2|6
|start
|switch|p1a: Raikou|Raikou|100/100
|switch|p2a: Garganacl|Garganacl, M|100/100
|turn|1
|
|t:|1781486089
|-terastallize|p1a: Raikou|Water
|move|p1a: Raikou|Scald|p2a: Garganacl
|-supereffective|p2a: Garganacl
|-damage|p2a: Garganacl|12/100
|move|p2a: Garganacl|Salt Cure|p1a: Raikou
|-damage|p1a: Raikou|80/100
|-start|p1a: Raikou|Salt Cure
|
|-heal|p2a: Garganacl|19/100|[from] item: Leftovers
|-damage|p1a: Raikou|55/100|[from] Salt Cure
|upkeep
|turn|2
|
|t:|1781486103
|switch|p1a: Hoopa|Hoopa-Unbound|100/100
|switch|p2a: Slowking|Slowking-Galar, F|100/100
|
|upkeep
|turn|3
|
|t:|1781486115
|switch|p2a: Corviknight|Corviknight, F|100/100
|-ability|p2a: Corviknight|Pressure
|move|p1a: Hoopa|Dark Pulse|p2a: Corviknight
|-damage|p2a: Corviknight|48/100
|
|upkeep
|turn|4
|
|t:|1781486123
|move|p1a: Hoopa|Dark Pulse|p2a: Corviknight
|-damage|p2a: Corviknight|0 fnt
|faint|p2a: Corviknight
|
|upkeep
|
|t:|1781486128
|switch|p2a: Kyurem|Kyurem|100/100
|-ability|p2a: Kyurem|Pressure
|turn|5
|
|t:|1781486133
|move|p1a: Hoopa|Dark Pulse|p2a: Kyurem
|-damage|p2a: Kyurem|51/100
|move|p2a: Kyurem|Draco Meteor|p1a: Hoopa
|-damage|p1a: Hoopa|12/100
|-unboost|p2a: Kyurem|spa|2
|
|upkeep
|turn|6
|
|t:|1781486141
|switch|p2a: Cinderace|Cinderace, M|100/100
|move|p1a: Hoopa|Dark Pulse|p2a: Cinderace
|-damage|p2a: Cinderace|23/100
|
|upkeep
|turn|7
|
|t:|1781486148
|switch|p1a: Johnny Tsunami 🌊|Araquanid, M|100/100
|move|p2a: Cinderace|U-turn|p1a: Johnny Tsunami 🌊
|-start|p2a: Cinderace|typechange|Bug|[from] ability: Libero
|-damage|p1a: Johnny Tsunami 🌊|63/100
|
|t:|1781486157
|switch|p2a: Alomomola|Alomomola, M|100/100|[from] U-turn
|
|upkeep
|turn|8
|
|t:|1781486175
|move|p2a: Alomomola|Wish|p2a: Alomomola
|move|p1a: Johnny Tsunami 🌊|Endeavor|p2a: Alomomola
|-damage|p2a: Alomomola|40/100
|-damage|p1a: Johnny Tsunami 🌊|46/100|[from] item: Rocky Helmet|[of] p2a: Alomomola
|
|upkeep
|turn|9
|
|t:|1781486186
|move|p2a: Alomomola|Protect|p2a: Alomomola
|-singleturn|p2a: Alomomola|Protect
|move|p1a: Johnny Tsunami 🌊|Endeavor|p2a: Alomomola
|-activate|p2a: Alomomola|move: Protect
|
|-heal|p2a: Alomomola|90/100|[from] move: Wish|[wisher] Alomomola
|upkeep
|turn|10
|
|t:|1781486209
|switch|p1a: Raikou|Raikou, tera:Water|55/100
|move|p2a: Alomomola|Wish|p2a: Alomomola
|
|upkeep
|turn|11
|
|t:|1781486224
|switch|p2a: Kyurem|Kyurem|51/100
|-ability|p2a: Kyurem|Pressure
|move|p1a: Raikou|Thunderbolt|p2a: Kyurem
|-resisted|p2a: Kyurem
|-damage|p2a: Kyurem|25/100
|
|-heal|p2a: Kyurem|94/100|[from] move: Wish|[wisher] Alomomola
|upkeep
|turn|12
|
|t:|1781486237
|switch|p1a: Iron Treads|Iron Treads|100/100
|-enditem|p1a: Iron Treads|Booster Energy
|-activate|p1a: Iron Treads|ability: Quark Drive|[fromitem]
|-start|p1a: Iron Treads|quarkdrivespe
|move|p2a: Kyurem|Earth Power|p1a: Iron Treads
|-supereffective|p1a: Iron Treads
|-damage|p1a: Iron Treads|0 fnt
|faint|p1a: Iron Treads
|-end|p1a: Iron Treads|Quark Drive|[silent]
|
|upkeep
|
|t:|1781486248
|switch|p1a: Hoopa|Hoopa-Unbound|12/100
|turn|13
|
|t:|1781486254
|switch|p2a: Garganacl|Garganacl, M|19/100
|move|p1a: Hoopa|Psychic|p2a: Garganacl
|-damage|p2a: Garganacl|0 fnt
|faint|p2a: Garganacl
|
|upkeep
|
|t:|1781486260
|switch|p2a: Slowking|Slowking-Galar, F|100/100
|turn|14
|
|t:|1781486266
|switch|p1a: Raikou|Raikou, tera:Water|55/100
|move|p2a: Slowking|Sludge Wave|p1a: Raikou
|-damage|p1a: Raikou|5/100
|
|upkeep
|turn|15
|
|t:|1781486276
|move|p1a: Raikou|Shadow Ball|p2a: Slowking
|-supereffective|p2a: Slowking
|-damage|p2a: Slowking|47/100
|-prepare|p2a: Slowking|Chilly Reception|[premajor]
|move|p2a: Slowking|Chilly Reception|p2a: Slowking
|-weather|Snowscape
|
|t:|1781486287
|switch|p2a: Cinderace|Cinderace, M|23/100|[from] Chilly Reception
|
|-weather|Snowscape|[upkeep]
|upkeep
|turn|16
|
|t:|1781486294
|switch|p1a: Johnny Tsunami 🌊|Araquanid, M|46/100
|move|p2a: Cinderace|U-turn|p1a: Johnny Tsunami 🌊
|-start|p2a: Cinderace|typechange|Bug|[from] ability: Libero
|-damage|p1a: Johnny Tsunami 🌊|14/100
|
|t:|1781486299
|switch|p2a: Alomomola|Alomomola, M|100/100|[from] U-turn
|
|-weather|Snowscape|[upkeep]
|upkeep
|turn|17
|-enditem|p1a: Johnny Tsunami 🌊|Custap Berry|[eat]
|-activate|p1a: Johnny Tsunami 🌊|item: Custap Berry|[consumed]
|
|t:|1781486306
|move|p2a: Alomomola|Protect|p2a: Alomomola
|-singleturn|p2a: Alomomola|Protect
|move|p1a: Johnny Tsunami 🌊|Endeavor|p2a: Alomomola
|-activate|p2a: Alomomola|move: Protect
|
|-weather|Snowscape|[upkeep]
|upkeep
|turn|18
|
|t:|1781486319
|move|p2a: Alomomola|Wish|p2a: Alomomola
|move|p1a: Johnny Tsunami 🌊|Endeavor|p2a: Alomomola
|-damage|p2a: Alomomola|9/100
|-damage|p1a: Johnny Tsunami 🌊|0 fnt|[from] item: Rocky Helmet|[of] p2a: Alomomola
|faint|p1a: Johnny Tsunami 🌊
|
|-weather|Snowscape|[upkeep]
|upkeep
|inactive|team10thPlanett has 120 seconds left.
|
|t:|1781486354
|switch|p1a: Raikou|Raikou, tera:Water|5/100
|turn|19
|inactive|team10thPlanett has 120 seconds left.
|
|t:|1781486363
|switch|p1a: Hoopa|Hoopa-Unbound|12/100
|move|p2a: Alomomola|Protect||[still]
|-fail|p2a: Alomomola
|
|-weather|Snowscape|[upkeep]
|-heal|p2a: Alomomola|59/100|[from] move: Wish|[wisher] Alomomola
|upkeep
|turn|20
|inactive|team10thPlanett has 120 seconds left.
|
|t:|1781486376
|move|p1a: Hoopa|Dark Pulse|p2a: Alomomola
|-damage|p2a: Alomomola|0 fnt
|faint|p2a: Alomomola
|
|-weather|Snowscape|[upkeep]
|upkeep
|
|t:|1781486380
|switch|p2a: Kyurem|Kyurem|94/100
|-ability|p2a: Kyurem|Pressure
|turn|21
|
|t:|1781486386
|-terastallize|p2a: Kyurem|Ice
|move|p1a: Hoopa|Dark Pulse|p2a: Kyurem
|-damage|p2a: Kyurem|49/100
|move|p2a: Kyurem|Blizzard|p1a: Hoopa
|-damage|p1a: Hoopa|0 fnt
|faint|p1a: Hoopa
|
|-weather|Snowscape|[upkeep]
|upkeep
|inactive|team10thPlanett has 120 seconds left.
|
|t:|1781486404
|switch|p1a: Zamazenta|Zamazenta|100/100
|-ability|p1a: Zamazenta|Dauntless Shield|boost
|-boost|p1a: Zamazenta|def|1
|turn|22
|
|t:|1781486412
|move|p1a: Zamazenta|Close Combat|p2a: Kyurem
|-supereffective|p2a: Kyurem
|-damage|p2a: Kyurem|0 fnt
|-unboost|p1a: Zamazenta|def|1
|-unboost|p1a: Zamazenta|spd|1
|faint|p2a: Kyurem
|-damage|p1a: Zamazenta|91/100|[from] item: Life Orb
|
|-weather|none
|upkeep
|-message|ayerbe forfeited.
|
|win|team10thPlanett
|raw|team10thPlanett's rating: 1566 &rarr; <strong>1584</strong><br />(+18 for winning)
|raw|ayerbe's rating: 1525 &rarr; <strong>1507</strong><br />(-18 for losing)
|l|‽ayerbe
|player|p2|
|l|☆team10thPlanett
|player|p1|
