|j|☆mrporksin
|j|☆Dr Gaster PHD
|t:|1781183336
|gametype|singles
|player|p1|mrporksin|169|1615
|player|p2|Dr Gaster PHD|ghetsis|1571
|gen|9
|tier|[Gen 9] OU
|rated|
|rule|HP Percentage Mod: HP is shown in percentages
|rule|Endless Battle Clause: Forcing endless battles is banned
|rule|Species Clause: Limit one of each Pokémon
|rule|OHKO Clause: OHKO moves are banned
|rule|Evasion Items Clause: Evasion items are banned
|rule|Evasion Moves Clause: Evasion moves are banned
|rule|Evasion Abilities Clause: Evasion abilities are banned
|rule|Sleep Moves Clause: Sleep-inducing moves are banned
|clearpoke
|poke|p1|Ogerpon, F|
|poke|p1|Deoxys-Speed|
|poke|p1|Blaziken, F|
|poke|p1|Scizor, F|
|poke|p1|Raging Bolt|
|poke|p1|Great Tusk|
|poke|p2|Hoopa-Unbound|
|poke|p2|Pecharunt|
|poke|p2|Landorus-Therian, M|
|poke|p2|Cinderace, M|
|poke|p2|Alomomola, M|
|poke|p2|Iron Valiant|
|teampreview
|
|t:|1781183352
|teamsize|p1|6
|teamsize|p2|6
|start
|switch|p1a: Ogerpon|Ogerpon, F|100/100
|switch|p2a: Akinator|Hoopa-Unbound|100/100
|turn|1
|j| gorduricap
|
|t:|1781183356
|switch|p2a: Da Goat|Landorus-Therian, M, shiny|100/100
|-ability|p2a: Da Goat|Intimidate|boost
|-unboost|p1a: Ogerpon|atk|1
|-ability|p1a: Ogerpon|Defiant|boost
|-boost|p1a: Ogerpon|atk|2
|move|p1a: Ogerpon|U-turn|p2a: Da Goat
|-resisted|p2a: Da Goat
|-damage|p2a: Da Goat|71/100
|
|t:|1781183365
|switch|p1a: Deoxys|Deoxys-Speed|100/100|[from] U-turn
|-ability|p1a: Deoxys|Pressure
|
|upkeep
|turn|2
|
|t:|1781183370
|move|p2a: Da Goat|U-turn|p1a: Deoxys
|-supereffective|p1a: Deoxys
|-damage|p1a: Deoxys|21/100
|
|t:|1781183374
|switch|p2a: Akinator|Hoopa-Unbound|100/100|[from] U-turn
|move|p1a: Deoxys|Ice Beam|p2a: Akinator
|-damage|p2a: Akinator|67/100
|-status|p2a: Akinator|frz
|-damage|p1a: Deoxys|11/100|[from] item: Life Orb
|
|upkeep
|turn|3
|
|t:|1781183380
|move|p1a: Deoxys|Spikes|p2a: Akinator
|-sidestart|p2: Dr Gaster PHD|Spikes
|-curestatus|p2a: Akinator|frz|[msg]
|move|p2a: Akinator|Knock Off|p1a: Deoxys
|-supereffective|p1a: Deoxys
|-damage|p1a: Deoxys|0 fnt
|-enditem|p1a: Deoxys|Life Orb|[from] move: Knock Off|[of] p2a: Akinator
|faint|p1a: Deoxys
|
|upkeep
|
|t:|1781183383
|switch|p1a: Ogerpon|Ogerpon, F|100/100
|turn|4
|
|t:|1781183389
|switch|p2a: Wabbit Season|Cinderace, M, shiny|100/100
|move|p1a: Ogerpon|Knock Off|p2a: Wabbit Season
|-damage|p2a: Wabbit Season|34/100
|-enditem|p2a: Wabbit Season|Heavy-Duty Boots|[from] move: Knock Off|[of] p1a: Ogerpon
|
|upkeep
|turn|5
|j| caffineoverdosed
|
|t:|1781183402
|switch|p1a: Raging Bolt|Raging Bolt|100/100
|move|p2a: Wabbit Season|Pyro Ball|p1a: Raging Bolt
|-resisted|p1a: Raging Bolt
|-damage|p1a: Raging Bolt|83/100
|
|-heal|p1a: Raging Bolt|89/100|[from] item: Leftovers
|upkeep
|turn|6
|
|t:|1781183406
|move|p2a: Wabbit Season|Court Change|p2a: Wabbit Season
|-start|p2a: Wabbit Season|typechange|Normal|[from] ability: Libero
|-swapsideconditions
|-activate|p2a: Wabbit Season|move: Court Change
|move|p1a: Raging Bolt|Thunderbolt|p2a: Wabbit Season
|-damage|p2a: Wabbit Season|0 fnt
|faint|p2a: Wabbit Season
|
|-heal|p1a: Raging Bolt|96/100|[from] item: Leftovers
|upkeep
|
|t:|1781183413
|switch|p2a: Da Goat|Landorus-Therian, M, shiny|71/100
|-ability|p2a: Da Goat|Intimidate|boost
|-unboost|p1a: Raging Bolt|atk|1
|turn|7
|
|t:|1781183417
|move|p2a: Da Goat|Earthquake|p1a: Raging Bolt
|-supereffective|p1a: Raging Bolt
|-damage|p1a: Raging Bolt|23/100
|move|p1a: Raging Bolt|Dragon Pulse|p2a: Da Goat
|-damage|p2a: Da Goat|12/100
|
|-heal|p1a: Raging Bolt|29/100|[from] item: Leftovers
|upkeep
|turn|8
|
|t:|1781183426
|-end|p1a: Raging Bolt|Protosynthesis|[silent]
|switch|p1a: Great Tusk|Great Tusk|100/100
|move|p2a: Da Goat|Earthquake|p1a: Great Tusk
|-damage|p1a: Great Tusk|58/100
|
|upkeep
|turn|9
|
|t:|1781183438
|switch|p2a: They Slash Them|Iron Valiant, shiny|100/100
|move|p1a: Great Tusk|Headlong Rush|p2a: They Slash Them
|-damage|p2a: They Slash Them|22/100
|-unboost|p1a: Great Tusk|def|1
|-unboost|p1a: Great Tusk|spd|1
|
|upkeep
|turn|10
|l| caffineoverdosed
|
|t:|1781183448
|-end|p1a: Great Tusk|Protosynthesis|[silent]
|switch|p1a: Raging Bolt|Raging Bolt|29/100
|-damage|p1a: Raging Bolt|17/100|[from] Spikes
|move|p2a: They Slash Them|Shadow Ball|p1a: Raging Bolt
|-damage|p1a: Raging Bolt|0 fnt
|faint|p1a: Raging Bolt
|-end|p1a: Raging Bolt|Protosynthesis|[silent]
|
|upkeep
|
|t:|1781183454
|switch|p1a: Scizor|Scizor, F|100/100
|-damage|p1a: Scizor|88/100|[from] Spikes
|turn|11
|
|t:|1781183461
|-end|p2a: They Slash Them|Quark Drive|[silent]
|switch|p2a: Fih|Alomomola, M, shiny|100/100
|move|p1a: Scizor|Bullet Punch|p2a: Fih
|-resisted|p2a: Fih
|-damage|p2a: Fih|82/100
|
|upkeep
|turn|12
|
|t:|1781183467
|switch|p1a: Great Tusk|Great Tusk|58/100
|move|p2a: Fih|Flip Turn|p1a: Great Tusk
|-supereffective|p1a: Great Tusk
|-damage|p1a: Great Tusk|32/100
|
|t:|1781183470
|switch|p2a: They Slash Them|Iron Valiant, shiny|22/100|[from] Flip Turn
|
|upkeep
|turn|13
|
|t:|1781183475
|move|p2a: They Slash Them|Moonblast|p1a: Great Tusk
|-supereffective|p1a: Great Tusk
|-damage|p1a: Great Tusk|0 fnt
|faint|p1a: Great Tusk
|-end|p1a: Great Tusk|Protosynthesis|[silent]
|
|upkeep
|
|t:|1781183485
|switch|p1a: Ogerpon|Ogerpon, F|100/100
|-damage|p1a: Ogerpon|88/100|[from] Spikes
|turn|14
|
|t:|1781183491
|-terastallize|p1a: Ogerpon|Grass
|detailschange|p1a: Ogerpon|Ogerpon-Teal-Tera, F, tera:Grass
|-ability|p1a: Ogerpon|Embody Aspect (Teal)|boost
|-boost|p1a: Ogerpon|spe|1
|move|p1a: Ogerpon|Ivy Cudgel|p2a: They Slash Them
|-damage|p2a: They Slash Them|0 fnt
|faint|p2a: They Slash Them
|-end|p2a: They Slash Them|Quark Drive|[silent]
|
|upkeep
|
|t:|1781183493
|switch|p2a: Britney Spears|Pecharunt|100/100
|turn|15
|
|t:|1781183497
|switch|p1a: Scizor|Scizor, F|88/100
|-damage|p1a: Scizor|76/100|[from] Spikes
|move|p2a: Britney Spears|Malignant Chain|p1a: Scizor
|-immune|p1a: Scizor
|
|upkeep
|turn|16
|
|t:|1781183501
|move|p2a: Britney Spears|Parting Shot|p1a: Scizor
|-unboost|p1a: Scizor|atk|1
|-unboost|p1a: Scizor|spa|1
|
|t:|1781183505
|switch|p2a: Fih|Alomomola, M, shiny|100/100|[from] Parting Shot
|move|p1a: Scizor|U-turn|p2a: Fih
|-damage|p2a: Fih|74/100
|
|t:|1781183509
|switch|p1a: Ogerpon|Ogerpon-Teal-Tera, F, tera:Grass|88/100|[from] U-turn
|-damage|p1a: Ogerpon|76/100|[from] Spikes
|-ability|p1a: Ogerpon|Embody Aspect (Teal)|boost
|-boost|p1a: Ogerpon|spe|1
|
|upkeep
|turn|17
|
|t:|1781183527
|switch|p2a: Akinator|Hoopa-Unbound|67/100
|move|p1a: Ogerpon|Ivy Cudgel|p2a: Akinator
|-crit|p2a: Akinator
|-damage|p2a: Akinator|0 fnt
|faint|p2a: Akinator
|
|upkeep
|
|t:|1781183530
|switch|p2a: Britney Spears|Pecharunt|100/100
|turn|18
|
|t:|1781183536
|switch|p1a: Scizor|Scizor, F|76/100
|-damage|p1a: Scizor|64/100|[from] Spikes
|move|p2a: Britney Spears|Shadow Ball|p1a: Scizor
|-damage|p1a: Scizor|33/100
|-unboost|p1a: Scizor|spd|1
|
|upkeep
|turn|19
|
|t:|1781183546
|move|p1a: Scizor|Bullet Punch|p2a: Britney Spears
|-damage|p2a: Britney Spears|76/100
|move|p2a: Britney Spears|Shadow Ball|p1a: Scizor
|-damage|p1a: Scizor|0 fnt
|faint|p1a: Scizor
|
|upkeep
|
|t:|1781183549
|switch|p1a: Blaziken|Blaziken, F, shiny|100/100
|-damage|p1a: Blaziken|88/100|[from] Spikes
|turn|20
|
|t:|1781183553
|switch|p2a: Da Goat|Landorus-Therian, M, shiny|12/100
|-ability|p2a: Da Goat|Intimidate|boost
|-unboost|p1a: Blaziken|atk|1
|move|p1a: Blaziken|Overheat|p2a: Da Goat
|-damage|p2a: Da Goat|0 fnt
|-unboost|p1a: Blaziken|spa|2
|faint|p2a: Da Goat
|
|-ability|p1a: Blaziken|Speed Boost|boost
|-boost|p1a: Blaziken|spe|1
|upkeep
|
|t:|1781183557
|switch|p2a: Fih|Alomomola, M, shiny|100/100
|turn|21
|
|t:|1781183562
|move|p1a: Blaziken|Focus Energy|p1a: Blaziken
|-start|p1a: Blaziken|move: Focus Energy
|move|p2a: Fih|Body Slam|p1a: Blaziken
|-damage|p1a: Blaziken|65/100
|-status|p1a: Blaziken|par
|
|-ability|p1a: Blaziken|Speed Boost|boost
|-boost|p1a: Blaziken|spe|1
|upkeep
|turn|22
|
|t:|1781183567
|cant|p1a: Blaziken|par
|move|p2a: Fih|Mirror Coat||[still]
|-fail|p2a: Fih
|
|-ability|p1a: Blaziken|Speed Boost|boost
|-boost|p1a: Blaziken|spe|1
|upkeep
|turn|23
|
|t:|1781183578
|move|p1a: Blaziken|Close Combat|p2a: Fih
|-crit|p2a: Fih
|-damage|p2a: Fih|53/100
|-unboost|p1a: Blaziken|def|1
|-unboost|p1a: Blaziken|spd|1
|move|p2a: Fih|Flip Turn|p1a: Blaziken
|-supereffective|p1a: Blaziken
|-damage|p1a: Blaziken|0 fnt
|faint|p1a: Blaziken
|
|t:|1781183582
|switch|p2a: Britney Spears|Pecharunt|76/100|[from] Flip Turn
|
|upkeep
|
|t:|1781183585
|switch|p1a: Ogerpon|Ogerpon-Teal-Tera, F, tera:Grass|76/100
|-damage|p1a: Ogerpon|64/100|[from] Spikes
|-ability|p1a: Ogerpon|Embody Aspect (Teal)|boost
|-boost|p1a: Ogerpon|spe|1
|turn|24
|c|☆Dr Gaster PHD|gg
|
|t:|1781183593
|move|p1a: Ogerpon|Knock Off|p2a: Britney Spears
|-supereffective|p2a: Britney Spears
|-damage|p2a: Britney Spears|35/100
|-enditem|p2a: Britney Spears|Heavy-Duty Boots|[from] move: Knock Off|[of] p1a: Ogerpon
|move|p2a: Britney Spears|Malignant Chain|p1a: Ogerpon
|-supereffective|p1a: Ogerpon
|-damage|p1a: Ogerpon|0 fnt
|faint|p1a: Ogerpon
|detailschange|p1: Ogerpon|Ogerpon, F|[silent]
|
|win|Dr Gaster PHD
|raw|mrporksin's rating: 1615 &rarr; <strong>1592</strong><br />(-23 for losing)
|raw|Dr Gaster PHD's rating: 1571 &rarr; <strong>1594</strong><br />(+23 for winning)
|l|☆mrporksin
|player|p1|
|l| gorduricap
|l|☆Dr Gaster PHD
|player|p2|
