|j|☆davebluntsfan1234
|j|☆darkrat18
|t:|1781312383
|gametype|singles
|player|p1|davebluntsfan1234|sailor|1598
|player|p2|darkrat18|byron|1648
|gen|9
|tier|[Gen 9] OU
|rated|
|rule|HP Percentage Mod: HP is shown in percentages
|rule|Endless Battle Clause: Forcing endless battles is banned
|rule|Species Clause: Limit one of each Pokémon
|rule|OHKO Clause: OHKO moves are banned
|rule|Evasion Items Clause: Evasion items are banned
|rule|Evasion Moves Clause: Evasion moves are banned
|rule|Evasion Abilities Clause: Evasion abilities are banned
|rule|Sleep Moves Clause: Sleep-inducing moves are banned
|clearpoke
|poke|p1|Iron Moth|
|poke|p1|Gliscor, F|
|poke|p1|Hatterene, F|
|poke|p1|Ogerpon-Wellspring, F|
|poke|p1|Raging Bolt|
|poke|p1|Zamazenta-*|
|poke|p2|Hoopa-Unbound|
|poke|p2|Pecharunt|
|poke|p2|Landorus-Therian, M|
|poke|p2|Cinderace, M|
|poke|p2|Alomomola, F|
|poke|p2|Iron Valiant|
|teampreview
|
|t:|1781312429
|teamsize|p1|6
|teamsize|p2|6
|start
|switch|p1a: Zamazenta|Zamazenta|100/100
|switch|p2a: Khaos|Hoopa-Unbound|100/100
|-ability|p1a: Zamazenta|Dauntless Shield|boost
|-boost|p1a: Zamazenta|def|1
|turn|1
|inactive|Battle timer is ON: inactive players will automatically lose when time's up. (requested by darkrat18)
|
|t:|1781312472
|switch|p2a: Pisces|Alomomola, F, shiny|100/100
|move|p1a: Zamazenta|Light Screen|p1a: Zamazenta
|-sidestart|p1: davebluntsfan1234|move: Light Screen
|
|upkeep
|turn|2
|
|t:|1781312481
|switch|p1a: Ogerpon|Ogerpon-Wellspring, F|100/100
|move|p2a: Pisces|Scald|p1a: Ogerpon
|-immune|p1a: Ogerpon|[from] ability: Water Absorb
|
|upkeep
|turn|3
|
|t:|1781312508
|switch|p2a: Overseer|Pecharunt|100/100
|move|p1a: Ogerpon|Swords Dance|p1a: Ogerpon
|-boost|p1a: Ogerpon|atk|2
|
|upkeep
|turn|4
|
|t:|1781312520
|move|p1a: Ogerpon|Ivy Cudgel|p2a: Overseer|[anim] Ivy Cudgel Water
|-damage|p2a: Overseer|43/100
|move|p2a: Overseer|Malignant Chain|p1a: Ogerpon
|-supereffective|p1a: Ogerpon
|-crit|p1a: Ogerpon
|-damage|p1a: Ogerpon|0 fnt
|faint|p1a: Ogerpon
|
|upkeep
|inactive|davebluntsfan1234 has 120 seconds left.
|
|t:|1781312549
|switch|p1a: Gliscor|Gliscor, F|100/100
|turn|5
|
|t:|1781312564
|switch|p2a: Pisces|Alomomola, F, shiny|100/100
|move|p1a: Gliscor|Earthquake|p2a: Pisces
|-damage|p2a: Pisces|71/100
|
|-status|p1a: Gliscor|tox|[from] item: Toxic Orb
|upkeep
|turn|6
|inactive|davebluntsfan1234 has 90 seconds left.
|
|t:|1781312589
|move|p1a: Gliscor|Agility|p1a: Gliscor
|-boost|p1a: Gliscor|spe|2
|move|p2a: Pisces|Flip Turn|p1a: Gliscor
|-supereffective|p1a: Gliscor
|-damage|p1a: Gliscor|75/100 tox
|inactive|darkrat18 has 120 seconds left.
|
|t:|1781312626
|switch|p2a: Overseer|Pecharunt|43/100|[from] Flip Turn
|
|-heal|p1a: Gliscor|87/100 tox|[from] ability: Poison Heal
|upkeep
|turn|7
|inactive|darkrat18 has 120 seconds left.
|inactive|davebluntsfan1234 has 90 seconds left.
|
|t:|1781312659
|-terastallize|p2a: Overseer|Ghost
|move|p1a: Gliscor|Swords Dance|p1a: Gliscor
|-boost|p1a: Gliscor|atk|2
|move|p2a: Overseer|Recover|p2a: Overseer
|-heal|p2a: Overseer|93/100
|
|-heal|p1a: Gliscor|99/100 tox|[from] ability: Poison Heal
|upkeep
|turn|8
|inactive|davebluntsfan1234 has 90 seconds left.
|
|t:|1781312672
|move|p1a: Gliscor|Swords Dance|p1a: Gliscor
|-boost|p1a: Gliscor|atk|2
|move|p2a: Overseer|Parting Shot|p1a: Gliscor
|-unboost|p1a: Gliscor|atk|1
|-unboost|p1a: Gliscor|spa|1
|inactive|darkrat18 has 90 seconds left.
|
|t:|1781312692
|switch|p2a: Pisces|Alomomola, F, shiny|100/100|[from] Parting Shot
|
|-heal|p1a: Gliscor|100/100 tox|[from] ability: Poison Heal
|-sideend|p1: davebluntsfan1234|move: Light Screen
|upkeep
|turn|9
|j| S4CRED FL4ME
|inactive|davebluntsfan1234 has 90 seconds left.
|
|t:|1781312713
|move|p1a: Gliscor|Earthquake|p2a: Pisces
|-damage|p2a: Pisces|28/100
|move|p2a: Pisces|Flip Turn|p1a: Gliscor
|-supereffective|p1a: Gliscor
|-damage|p1a: Gliscor|74/100 tox
|
|t:|1781312719
|switch|p2a: Enten|Landorus-Therian, M|100/100|[from] Flip Turn
|-ability|p2a: Enten|Intimidate|boost
|-unboost|p1a: Gliscor|atk|1
|
|-heal|p1a: Gliscor|86/100 tox|[from] ability: Poison Heal
|upkeep
|turn|10
|inactive|davebluntsfan1234 has 90 seconds left.
|
|t:|1781312730
|move|p1a: Gliscor|Swords Dance|p1a: Gliscor
|-boost|p1a: Gliscor|atk|2
|move|p2a: Enten|U-turn|p1a: Gliscor
|-resisted|p1a: Gliscor
|-damage|p1a: Gliscor|75/100 tox
|inactive|darkrat18 has 90 seconds left.
|
|t:|1781312768
|switch|p2a: Overseer|Pecharunt, tera:Ghost|93/100|[from] U-turn
|
|-heal|p1a: Gliscor|87/100 tox|[from] ability: Poison Heal
|upkeep
|turn|11
|
|t:|1781312776
|move|p1a: Gliscor|Earthquake|p2a: Overseer
|-damage|p2a: Overseer|25/100
|move|p2a: Overseer|Parting Shot|p1a: Gliscor
|-unboost|p1a: Gliscor|atk|1
|-unboost|p1a: Gliscor|spa|1
|inactive|darkrat18 has 60 seconds left.
|
|t:|1781312802
|switch|p2a: Calamity|Iron Valiant|100/100|[from] Parting Shot
|
|-heal|p1a: Gliscor|99/100 tox|[from] ability: Poison Heal
|upkeep
|turn|12
|
|t:|1781312810
|move|p1a: Gliscor|Earthquake|p2a: Calamity
|-damage|p2a: Calamity|0 fnt
|faint|p2a: Calamity
|-end|p2a: Calamity|Quark Drive|[silent]
|
|-heal|p1a: Gliscor|100/100 tox|[from] ability: Poison Heal
|upkeep
|
|t:|1781312819
|switch|p2a: Enten|Landorus-Therian, M|100/100
|-ability|p2a: Enten|Intimidate|boost
|-unboost|p1a: Gliscor|atk|1
|turn|13
|inactive|darkrat18 has 60 seconds left.
|
|t:|1781312826
|move|p1a: Gliscor|Swords Dance|p1a: Gliscor
|-boost|p1a: Gliscor|atk|2
|move|p2a: Enten|Stone Edge|p1a: Gliscor|[miss]
|-miss|p2a: Enten|p1a: Gliscor
|
|upkeep
|turn|14
|
|t:|1781312834
|move|p1a: Gliscor|Facade|p2a: Enten
|-damage|p2a: Enten|0 fnt
|faint|p2a: Enten
|
|upkeep
|
|t:|1781312843
|switch|p2a: Pisces|Alomomola, F, shiny|62/100
|turn|15
|
|t:|1781312848
|move|p1a: Gliscor|Earthquake|p2a: Pisces
|-damage|p2a: Pisces|0 fnt
|faint|p2a: Pisces
|
|upkeep
|
|t:|1781312854
|switch|p2a: Liberacy|Cinderace, M|100/100
|turn|16
|
|t:|1781312860
|move|p2a: Liberacy|Sucker Punch|p1a: Gliscor
|-start|p2a: Liberacy|typechange|Dark|[from] ability: Libero
|-damage|p1a: Gliscor|70/100 tox
|move|p1a: Gliscor|Earthquake|p2a: Liberacy
|-damage|p2a: Liberacy|0 fnt
|faint|p2a: Liberacy
|
|-heal|p1a: Gliscor|82/100 tox|[from] ability: Poison Heal
|upkeep
|
|t:|1781312871
|switch|p2a: Khaos|Hoopa-Unbound|100/100
|turn|17
|
|t:|1781312877
|move|p1a: Gliscor|Earthquake|p2a: Khaos
|-damage|p2a: Khaos|0 fnt
|faint|p2a: Khaos
|
|-heal|p1a: Gliscor|95/100 tox|[from] ability: Poison Heal
|upkeep
|j| Pulkatz
|l| Pulkatz
|c|☆darkrat18|Gg
|-message|darkrat18 forfeited.
|
|win|davebluntsfan1234
|raw|davebluntsfan1234's rating: 1598 &rarr; <strong>1621</strong><br />(+23 for winning)
|raw|darkrat18's rating: 1648 &rarr; <strong>1625</strong><br />(-23 for losing)
|l|☆darkrat18
|player|p2|
|c|☆davebluntsfan1234|gg
