|j|☆tauros3
|j|☆icylikedecember
|t:|1781573577
|gametype|singles
|player|p1|tauros3|swimmer-gen4dp|1564
|player|p2|icylikedecember|smasher|1670
|gen|9
|tier|[Gen 9] OU
|rated|
|rule|HP Percentage Mod: HP is shown in percentages
|rule|Endless Battle Clause: Forcing endless battles is banned
|rule|Species Clause: Limit one of each Pokémon
|rule|OHKO Clause: OHKO moves are banned
|rule|Evasion Items Clause: Evasion items are banned
|rule|Evasion Moves Clause: Evasion moves are banned
|rule|Evasion Abilities Clause: Evasion abilities are banned
|rule|Sleep Moves Clause: Sleep-inducing moves are banned
|clearpoke
|poke|p1|Ninetales-Alola, M|
|poke|p1|Kyurem|
|poke|p1|Moltres-Galar|
|poke|p1|Ursaluna, F|
|poke|p1|Diancie|
|poke|p1|Hatterene, F|
|poke|p2|Corviknight, F|
|poke|p2|Slowking-Galar, F|
|poke|p2|Darkrai|
|poke|p2|Kyurem|
|poke|p2|Zamazenta-*|
|poke|p2|Crawdaunt, M|
|teampreview
|inactive|Battle timer is ON: inactive players will automatically lose when time's up. (requested by tauros3)
|
|t:|1781573605
|teamsize|p1|6
|teamsize|p2|6
|start
|switch|p1a: The Good Life|Ninetales-Alola, M|100/100
|switch|p2a: Darkrai|Darkrai|100/100
|-weather|Snowscape|[from] ability: Snow Warning|[of] p1a: The Good Life
|turn|1
|
|t:|1781573615
|move|p2a: Darkrai|Sludge Bomb|p1a: The Good Life
|-supereffective|p1a: The Good Life
|-damage|p1a: The Good Life|19/100
|move|p1a: The Good Life|Aurora Veil|p1a: The Good Life
|-sidestart|p1: tauros3|move: Aurora Veil
|
|-weather|Snowscape|[upkeep]
|upkeep
|turn|2
|j| tuanquewang
|
|t:|1781573623
|switch|p1a: El Scorcho|Ursaluna, F|100/100
|move|p2a: Darkrai|Sludge Bomb|p1a: El Scorcho
|-resisted|p1a: El Scorcho
|-damage|p1a: El Scorcho|93/100
|
|-weather|Snowscape|[upkeep]
|-status|p1a: El Scorcho|brn|[from] item: Flame Orb
|upkeep
|turn|3
|
|t:|1781573631
|move|p2a: Darkrai|Focus Blast|p1a: El Scorcho
|-supereffective|p1a: El Scorcho
|-damage|p1a: El Scorcho|47/100 brn
|move|p1a: El Scorcho|Swords Dance|p1a: El Scorcho
|-boost|p1a: El Scorcho|atk|2
|
|-weather|Snowscape|[upkeep]
|-damage|p1a: El Scorcho|41/100 brn|[from] brn
|upkeep
|turn|4
|
|t:|1781573638
|move|p2a: Darkrai|Focus Blast|p1a: El Scorcho|[miss]
|-miss|p2a: Darkrai|p1a: El Scorcho
|move|p1a: El Scorcho|Facade|p2a: Darkrai
|-crit|p2a: Darkrai
|-damage|p2a: Darkrai|0 fnt
|faint|p2a: Darkrai
|
|-weather|Snowscape|[upkeep]
|-damage|p1a: El Scorcho|35/100 brn|[from] brn
|upkeep
|
|t:|1781573648
|switch|p2a: Zamazenta|Zamazenta|100/100
|-ability|p2a: Zamazenta|Dauntless Shield|boost
|-boost|p2a: Zamazenta|def|1
|turn|5
|
|t:|1781573655
|switch|p1a: Pink Triangle|Hatterene, F|100/100
|move|p2a: Zamazenta|Body Press|p1a: Pink Triangle
|-resisted|p1a: Pink Triangle
|-damage|p1a: Pink Triangle|94/100
|
|-weather|none
|upkeep
|turn|6
|
|t:|1781573666
|switch|p2a: Slowking|Slowking-Galar, F, shiny|100/100
|move|p1a: Pink Triangle|Psychic Noise|p2a: Slowking
|-damage|p2a: Slowking|80/100
|-start|p2a: Slowking|move: Heal Block
|
|upkeep
|turn|7
|
|t:|1781573673
|switch|p1a: El Scorcho|Ursaluna, F|35/100 brn
|move|p2a: Slowking|Sludge Bomb|p1a: El Scorcho
|-resisted|p1a: El Scorcho
|-damage|p1a: El Scorcho|27/100 brn
|
|-damage|p1a: El Scorcho|21/100 brn|[from] brn
|-end|p2a: Slowking|move: Heal Block
|upkeep
|turn|8
|
|t:|1781573680
|switch|p2a: Corviknight|Corviknight, F, shiny|100/100
|-ability|p2a: Corviknight|Pressure
|move|p1a: El Scorcho|Fire Punch|p2a: Corviknight
|-supereffective|p2a: Corviknight
|-damage|p2a: Corviknight|44/100
|-damage|p1a: El Scorcho|4/100 brn|[from] item: Rocky Helmet|[of] p2a: Corviknight
|
|-damage|p1a: El Scorcho|0 fnt|[from] brn
|faint|p1a: El Scorcho
|-sideend|p1: tauros3|move: Aurora Veil
|upkeep
|
|t:|1781573685
|switch|p1a: Getchoo|Kyurem|100/100
|-ability|p1a: Getchoo|Pressure
|turn|9
|
|t:|1781573696
|move|p1a: Getchoo|Freeze-Dry|p2a: Corviknight
|-damage|p2a: Corviknight|4/100
|move|p2a: Corviknight|U-turn|p1a: Getchoo
|-crit|p1a: Getchoo
|-damage|p1a: Getchoo|79/100
|
|t:|1781573716
|switch|p2a: Slowking|Slowking-Galar, F, shiny|100/100|[from] U-turn
|
|upkeep
|turn|10
|
|t:|1781573723
|switch|p1a: The Good Life|Ninetales-Alola, M|19/100
|-weather|Snowscape|[from] ability: Snow Warning|[of] p1a: The Good Life
|move|p2a: Slowking|Sludge Bomb|p1a: The Good Life
|-supereffective|p1a: The Good Life
|-damage|p1a: The Good Life|0 fnt
|faint|p1a: The Good Life
|
|-weather|Snowscape|[upkeep]
|upkeep
|
|t:|1781573733
|switch|p1a: Getchoo|Kyurem|79/100
|-ability|p1a: Getchoo|Pressure
|turn|11
|
|t:|1781573737
|move|p1a: Getchoo|Dragon Dance|p1a: Getchoo
|-boost|p1a: Getchoo|atk|1
|-boost|p1a: Getchoo|spe|1
|move|p2a: Slowking|Sludge Bomb|p1a: Getchoo
|-damage|p1a: Getchoo|35/100
|
|-weather|Snowscape|[upkeep]
|upkeep
|turn|12
|
|t:|1781573744
|move|p1a: Getchoo|Icicle Spear|p2a: Slowking
|-damage|p2a: Slowking|78/100
|-damage|p2a: Slowking|56/100
|-hitcount|p2a: Slowking|2
|move|p2a: Slowking|Sludge Bomb|p1a: Getchoo
|-damage|p1a: Getchoo|0 fnt
|faint|p1a: Getchoo
|
|-weather|Snowscape|[upkeep]
|upkeep
|l| tuanquewang
|
|t:|1781573753
|switch|p1a: Butterfly|Moltres-Galar|100/100
|turn|13
|
|t:|1781573762
|switch|p2a: Zamazenta|Zamazenta|100/100
|move|p1a: Butterfly|Agility|p1a: Butterfly
|-boost|p1a: Butterfly|spe|2
|
|-weather|Snowscape|[upkeep]
|upkeep
|turn|14
|
|t:|1781573770
|-terastallize|p2a: Zamazenta|Fire
|move|p1a: Butterfly|Air Slash|p2a: Zamazenta
|-damage|p2a: Zamazenta|70/100
|move|p2a: Zamazenta|Roar|p1a: Butterfly
|drag|p1a: Pink Triangle|Hatterene, F|94/100
|
|-weather|none
|-heal|p2a: Zamazenta|77/100|[from] item: Leftovers
|upkeep
|turn|15
|
|t:|1781573781
|switch|p2a: Slowking|Slowking-Galar, F, shiny|89/100
|move|p1a: Pink Triangle|Psychic Noise|p2a: Slowking
|-damage|p2a: Slowking|68/100
|-start|p2a: Slowking|move: Heal Block
|
|upkeep
|turn|16
|
|t:|1781573788
|switch|p1a: No Other One|Diancie|100/100
|move|p2a: Slowking|Sludge Bomb|p1a: No Other One
|-damage|p1a: No Other One|67/100
|
|-end|p2a: Slowking|move: Heal Block
|upkeep
|turn|17
|
|t:|1781573793
|move|p2a: Slowking|Sludge Bomb|p1a: No Other One
|-damage|p1a: No Other One|32/100
|move|p1a: No Other One|Meteor Beam||[still]
|-prepare|p1a: No Other One|Meteor Beam
|-boost|p1a: No Other One|spa|1
|-enditem|p1a: No Other One|Power Herb
|-anim|p1a: No Other One|Meteor Beam|p2a: Slowking
|-damage|p2a: Slowking|22/100
|
|upkeep
|turn|18
|
|t:|1781573806
|switch|p2a: Corviknight|Corviknight, F, shiny|4/100
|-ability|p2a: Corviknight|Pressure
|move|p1a: No Other One|Earth Power|p2a: Corviknight
|-immune|p2a: Corviknight
|
|upkeep
|turn|19
|
|t:|1781573815
|move|p2a: Corviknight|Brave Bird|p1a: No Other One
|-resisted|p1a: No Other One
|-damage|p1a: No Other One|18/100
|-damage|p2a: Corviknight|0 fnt|[from] Recoil
|faint|p2a: Corviknight
|move|p1a: No Other One|Trick Room|p1a: No Other One
|-fieldstart|move: Trick Room|[of] p1a: No Other One
|
|upkeep
|
|t:|1781573831
|switch|p2a: Slowking|Slowking-Galar, F, shiny|55/100
|turn|20
|
|t:|1781573833
|move|p1a: No Other One|Earth Power|p2a: Slowking
|-supereffective|p2a: Slowking
|-damage|p2a: Slowking|10/100
|-unboost|p2a: Slowking|spd|1
|move|p2a: Slowking|Sludge Bomb|p1a: No Other One
|-damage|p1a: No Other One|0 fnt
|faint|p1a: No Other One
|
|upkeep
|
|t:|1781573837
|switch|p1a: Pink Triangle|Hatterene, F|94/100
|turn|21
|
|t:|1781573843
|move|p1a: Pink Triangle|Dazzling Gleam|p2a: Slowking
|-resisted|p2a: Slowking
|-damage|p2a: Slowking|0 fnt
|faint|p2a: Slowking
|
|upkeep
|
|t:|1781573848
|switch|p2a: Zamazenta|Zamazenta, tera:Fire|77/100
|turn|22
|
|t:|1781573857
|move|p1a: Pink Triangle|Psychic Noise|p2a: Zamazenta
|-damage|p2a: Zamazenta|39/100
|-start|p2a: Zamazenta|move: Heal Block
|move|p2a: Zamazenta|Iron Defense|p2a: Zamazenta
|-boost|p2a: Zamazenta|def|2
|
|upkeep
|turn|23
|
|t:|1781573867
|move|p1a: Pink Triangle|Psychic Noise|p2a: Zamazenta
|-damage|p2a: Zamazenta|3/100
|move|p2a: Zamazenta|Crunch|p1a: Pink Triangle
|-damage|p1a: Pink Triangle|71/100
|
|-end|p2a: Zamazenta|move: Heal Block
|-fieldend|move: Trick Room
|upkeep
|turn|24
|
|t:|1781573875
|move|p2a: Zamazenta|Crunch|p1a: Pink Triangle
|-damage|p1a: Pink Triangle|45/100
|move|p1a: Pink Triangle|Dazzling Gleam|p2a: Zamazenta
|-resisted|p2a: Zamazenta
|-damage|p2a: Zamazenta|0 fnt
|faint|p2a: Zamazenta
|
|upkeep
|
|t:|1781573880
|switch|p2a: Kyurem|Kyurem|100/100
|-ability|p2a: Kyurem|Pressure
|turn|25
|
|t:|1781573886
|-terastallize|p1a: Pink Triangle|Steel
|move|p2a: Kyurem|Ice Beam|p1a: Pink Triangle
|-resisted|p1a: Pink Triangle
|-damage|p1a: Pink Triangle|8/100
|move|p1a: Pink Triangle|Trick Room|p1a: Pink Triangle
|-fieldstart|move: Trick Room|[of] p1a: Pink Triangle
|
|upkeep
|turn|26
|
|t:|1781573894
|move|p1a: Pink Triangle|Dazzling Gleam|p2a: Kyurem
|-supereffective|p2a: Kyurem
|-damage|p2a: Kyurem|5/100
|move|p2a: Kyurem|Ice Beam|p1a: Pink Triangle
|-resisted|p1a: Pink Triangle
|-damage|p1a: Pink Triangle|0 fnt
|faint|p1a: Pink Triangle
|
|upkeep
|
|t:|1781573898
|switch|p1a: Butterfly|Moltres-Galar|100/100
|turn|27
|
|t:|1781573906
|move|p1a: Butterfly|Air Slash|p2a: Kyurem
|-damage|p2a: Kyurem|0 fnt
|faint|p2a: Kyurem
|
|upkeep
|
|t:|1781573909
|switch|p2a: Crawdaunt|Crawdaunt, M|100/100
|turn|28
|
|t:|1781573912
|move|p2a: Crawdaunt|Crabhammer|p1a: Butterfly
|-damage|p1a: Butterfly|0 fnt
|faint|p1a: Butterfly
|
|win|icylikedecember
|raw|tauros3's rating: 1564 &rarr; <strong>1550</strong><br />(-14 for losing)
|raw|icylikedecember's rating: 1670 &rarr; <strong>1684</strong><br />(+14 for winning)
|c|☆icylikedecember|ez
|l|☆tauros3
|player|p1|
|l|☆icylikedecember
|player|p2|
