|j|☆ATulk
|j|☆Chaincrush
|t:|1781563305
|gametype|singles
|player|p1|ATulk|ingo-masters|1556
|player|p2|Chaincrush|102|1557
|gen|9
|tier|[Gen 9] OU
|rated|
|rule|HP Percentage Mod: HP is shown in percentages
|rule|Endless Battle Clause: Forcing endless battles is banned
|rule|Species Clause: Limit one of each Pokémon
|rule|OHKO Clause: OHKO moves are banned
|rule|Evasion Items Clause: Evasion items are banned
|rule|Evasion Moves Clause: Evasion moves are banned
|rule|Evasion Abilities Clause: Evasion abilities are banned
|rule|Sleep Moves Clause: Sleep-inducing moves are banned
|clearpoke
|poke|p1|Moltres-Galar|
|poke|p1|Pecharunt|
|poke|p1|Alomomola, F|
|poke|p1|Garchomp, F|
|poke|p1|Cinderace, M|
|poke|p1|Hatterene, F|
|poke|p2|Rillaboom, M|
|poke|p2|Hawlucha, M|
|poke|p2|Virizion|
|poke|p2|Slowking-Galar, M|
|poke|p2|Kyurem|
|poke|p2|Hoopa-Unbound|
|teampreview
|inactive|Battle timer is ON: inactive players will automatically lose when time's up. (requested by ATulk)
|
|t:|1781563322
|teamsize|p1|6
|teamsize|p2|6
|start
|switch|p1a: Pecharunt|Pecharunt|100/100
|switch|p2a: Rillaboom|Rillaboom, M|100/100
|-fieldstart|move: Grassy Terrain|[from] ability: Grassy Surge|[of] p2a: Rillaboom
|turn|1
|
|t:|1781563337
|switch|p2a: Slowking|Slowking-Galar, M|100/100
|move|p1a: Pecharunt|Malignant Chain|p2a: Slowking
|-resisted|p2a: Slowking
|-damage|p2a: Slowking|91/100
|
|-heal|p2a: Slowking|97/100|[from] Grassy Terrain
|upkeep
|turn|2
|
|t:|1781563353
|move|p1a: Pecharunt|Shadow Ball|p2a: Slowking
|-supereffective|p2a: Slowking
|-damage|p2a: Slowking|68/100
|-prepare|p2a: Slowking|Chilly Reception|[premajor]
|move|p2a: Slowking|Chilly Reception|p2a: Slowking
|-weather|Snowscape
|
|t:|1781563370
|switch|p2a: Kyurem|Kyurem|100/100|[from] Chilly Reception
|-ability|p2a: Kyurem|Pressure
|
|-weather|Snowscape|[upkeep]
|upkeep
|turn|3
|inactive|Chaincrush has 120 seconds left.
|
|t:|1781563398
|move|p2a: Kyurem|Earth Power|p1a: Pecharunt
|-supereffective|p1a: Pecharunt
|-damage|p1a: Pecharunt|6/100
|move|p1a: Pecharunt|Malignant Chain|p2a: Kyurem
|-damage|p2a: Kyurem|73/100
|-status|p2a: Kyurem|tox
|-start|p2a: Kyurem|confusion|[from] ability: Poison Puppeteer|[of] p1a: Pecharunt
|
|-weather|Snowscape|[upkeep]
|-heal|p2a: Kyurem|79/100 tox|[from] Grassy Terrain
|-heal|p1a: Pecharunt|12/100|[from] Grassy Terrain
|-damage|p2a: Kyurem|73/100 tox|[from] psn
|upkeep
|turn|4
|inactive|Chaincrush has 120 seconds left.
|
|t:|1781563412
|switch|p1a: Moltres|Moltres-Galar|100/100
|-activate|p2a: Kyurem|confusion
|-damage|p2a: Kyurem|63/100 tox|[from] confusion
|
|-weather|Snowscape|[upkeep]
|-heal|p2a: Kyurem|69/100 tox|[from] Grassy Terrain
|-damage|p2a: Kyurem|57/100 tox|[from] psn
|upkeep
|turn|5
|inactive|Chaincrush has 120 seconds left.
|
|t:|1781563423
|switch|p2a: Virizion|Virizion|100/100
|-enditem|p2a: Virizion|Grassy Seed
|-boost|p2a: Virizion|def|1|[from] item: Grassy Seed
|move|p1a: Moltres|Agility|p1a: Moltres
|-boost|p1a: Moltres|spe|2
|
|-weather|Snowscape|[upkeep]
|-fieldend|move: Grassy Terrain
|upkeep
|turn|6
|inactive|Chaincrush has 120 seconds left.
|inactive|Chaincrush has 90 seconds left.
|
|t:|1781563467
|move|p1a: Moltres|Nasty Plot|p1a: Moltres
|-boost|p1a: Moltres|spa|2
|move|p2a: Virizion|Swords Dance|p2a: Virizion
|-boost|p2a: Virizion|atk|2
|
|-weather|none
|upkeep
|turn|7
|
|t:|1781563476
|-terastallize|p2a: Virizion|Rock
|move|p1a: Moltres|Hurricane|p2a: Virizion|[miss]
|-miss|p1a: Moltres|p2a: Virizion
|move|p2a: Virizion|Stone Edge|p1a: Moltres
|-supereffective|p1a: Moltres
|-damage|p1a: Moltres|0 fnt
|faint|p1a: Moltres
|
|upkeep
|
|t:|1781563485
|switch|p1a: Garchomp|Garchomp, F|100/100
|turn|8
|
|t:|1781563489
|move|p1a: Garchomp|Earthquake|p2a: Virizion
|-supereffective|p2a: Virizion
|-crit|p2a: Virizion
|-damage|p2a: Virizion|0 fnt
|faint|p2a: Virizion
|
|upkeep
|
|t:|1781563498
|switch|p2a: Kyurem|Kyurem|57/100 tox
|-ability|p2a: Kyurem|Pressure
|turn|9
|
|t:|1781563504
|move|p1a: Garchomp|Scale Shot|p2a: Kyurem
|-supereffective|p2a: Kyurem
|-damage|p2a: Kyurem|33/100 tox
|-supereffective|p2a: Kyurem
|-damage|p2a: Kyurem|9/100 tox
|-supereffective|p2a: Kyurem
|-damage|p2a: Kyurem|0 fnt
|faint|p2a: Kyurem
|-hitcount|p2: Kyurem|3
|-unboost|p1a: Garchomp|def|1
|-boost|p1a: Garchomp|spe|1
|
|upkeep
|inactive|Chaincrush has 120 seconds left.
|
|t:|1781563516
|switch|p2a: Rillaboom|Rillaboom, M|100/100
|-fieldstart|move: Grassy Terrain|[from] ability: Grassy Surge|[of] p2a: Rillaboom
|turn|10
|inactive|Chaincrush has 120 seconds left.
|
|t:|1781563522
|switch|p1a: Pecharunt|Pecharunt|12/100
|move|p2a: Rillaboom|Wood Hammer|p1a: Pecharunt
|-resisted|p1a: Pecharunt
|-damage|p1a: Pecharunt|0 fnt
|faint|p1a: Pecharunt
|-damage|p2a: Rillaboom|97/100|[from] Recoil
|
|-heal|p2a: Rillaboom|100/100|[from] Grassy Terrain
|upkeep
|
|t:|1781563528
|switch|p1a: Cinderace|Cinderace, M|100/100
|turn|11
|
|t:|1781563536
|switch|p2a: Slowking|Slowking-Galar, M|100/100
|move|p1a: Cinderace|Pyro Ball|p2a: Slowking
|-damage|p2a: Slowking|40/100
|
|-heal|p2a: Slowking|46/100|[from] Grassy Terrain
|upkeep
|turn|12
|
|t:|1781563546
|move|p1a: Cinderace|Pyro Ball|p2a: Slowking
|-damage|p2a: Slowking|0 fnt
|faint|p2a: Slowking
|
|upkeep
|
|t:|1781563549
|switch|p2a: Hoopa|Hoopa-Unbound|100/100
|-enditem|p2a: Hoopa|Grassy Seed
|-boost|p2a: Hoopa|def|1|[from] item: Grassy Seed
|turn|13
|
|t:|1781563555
|move|p1a: Cinderace|U-turn|p2a: Hoopa
|-start|p1a: Cinderace|typechange|Bug|[from] ability: Libero
|-supereffective|p2a: Hoopa
|-damage|p2a: Hoopa|0 fnt
|faint|p2a: Hoopa
|
|t:|1781563563
|switch|p1a: Hatterene|Hatterene, F|100/100|[from] U-turn
|
|upkeep
|
|t:|1781563573
|switch|p2a: Rillaboom|Rillaboom, M|100/100
|turn|14
|
|t:|1781563577
|move|p2a: Rillaboom|Wood Hammer|p1a: Hatterene
|-damage|p1a: Hatterene|0 fnt
|-damage|p2a: Rillaboom|84/100|[from] item: Rocky Helmet|[of] p1a: Hatterene
|faint|p1a: Hatterene
|-damage|p2a: Rillaboom|57/100|[from] Recoil
|
|-heal|p2a: Rillaboom|63/100|[from] Grassy Terrain
|-fieldend|move: Grassy Terrain
|upkeep
|
|t:|1781563582
|switch|p1a: Cinderace|Cinderace, M|100/100
|turn|15
|-message|Chaincrush forfeited.
|
|win|ATulk
|raw|ATulk's rating: 1556 &rarr; <strong>1576</strong><br />(+20 for winning)
|raw|Chaincrush's rating: 1557 &rarr; <strong>1537</strong><br />(-20 for losing)
|l|☆Chaincrush
|player|p2|
|l|☆ATulk
|player|p1|
