|j|☆mightymit
|j|☆waha8
|t:|1781068677
|gametype|singles
|player|p1|mightymit|2|1525
|player|p2|waha8|101|1486
|gen|9
|tier|[Gen 9] OU
|rated|
|rule|HP Percentage Mod: HP is shown in percentages
|rule|Endless Battle Clause: Forcing endless battles is banned
|rule|Species Clause: Limit one of each Pokémon
|rule|OHKO Clause: OHKO moves are banned
|rule|Evasion Items Clause: Evasion items are banned
|rule|Evasion Moves Clause: Evasion moves are banned
|rule|Evasion Abilities Clause: Evasion abilities are banned
|rule|Sleep Moves Clause: Sleep-inducing moves are banned
|clearpoke
|poke|p1|Slowking-Galar, M|
|poke|p1|Great Tusk|
|poke|p1|Kyurem|
|poke|p1|Kingambit, M|
|poke|p1|Cinderace, M|
|poke|p1|Zapdos|
|poke|p2|Hydreigon, F|
|poke|p2|Scizor, F|
|poke|p2|Indeedee, M|
|poke|p2|Kyurem|
|poke|p2|Cetitan, M|
|poke|p2|Ninetales-Alola, F|
|teampreview
|inactive|Battle timer is ON: inactive players will automatically lose when time's up. (requested by mightymit)
|
|t:|1781068693
|teamsize|p1|6
|teamsize|p2|6
|start
|switch|p1a: Cinderace|Cinderace, M|100/100
|switch|p2a: DeeDee|Indeedee, M|100/100
|-fieldstart|move: Psychic Terrain|[from] ability: Psychic Surge|[of] p2a: DeeDee
|turn|1
|
|t:|1781068703
|switch|p2a: Mavis|Ninetales-Alola, F|100/100
|-weather|Snowscape|[from] ability: Snow Warning|[of] p2a: Mavis
|move|p1a: Cinderace|U-turn|p2a: Mavis
|-resisted|p2a: Mavis
|-damage|p2a: Mavis|90/100
|
|t:|1781068716
|switch|p1a: Kingambit|Kingambit, M|100/100|[from] U-turn
|
|-weather|Snowscape|[upkeep]
|upkeep
|turn|2
|
|t:|1781068720
|move|p2a: Mavis|Aurora Veil|p2a: Mavis
|-sidestart|p2: waha8|move: Aurora Veil
|move|p1a: Kingambit|Iron Head|p2a: Mavis
|-supereffective|p2a: Mavis
|-damage|p2a: Mavis|0 fnt
|faint|p2a: Mavis
|
|-weather|Snowscape|[upkeep]
|upkeep
|
|t:|1781068726
|switch|p2a: Thing|Cetitan, M|100/100
|turn|3
|
|t:|1781068752
|-terastallize|p2a: Thing|Ground
|move|p2a: Thing|Belly Drum|p2a: Thing
|-damage|p2a: Thing|50/100
|-setboost|p2a: Thing|atk|6|[from] move: Belly Drum
|-enditem|p2a: Thing|Sitrus Berry|[eat]
|-heal|p2a: Thing|75/100|[from] item: Sitrus Berry
|move|p1a: Kingambit|Low Kick|p2a: Thing
|-damage|p2a: Thing|51/100
|
|-weather|Snowscape|[upkeep]
|upkeep
|turn|4
|inactive|mightymit has 120 seconds left.
|inactive|mightymit has 90 seconds left.
|
|t:|1781068818
|-end|p1a: Kingambit|fallenundefined|[silent]
|switch|p1a: Kyurem|Kyurem|100/100
|-ability|p1a: Kyurem|Pressure
|move|p2a: Thing|Earthquake|p1a: Kyurem
|-damage|p1a: Kyurem|0 fnt
|faint|p1a: Kyurem
|
|-weather|Snowscape|[upkeep]
|upkeep
|inactive|mightymit has 60 seconds left.
|
|t:|1781068833
|switch|p1a: Cinderace|Cinderace, M|100/100
|turn|5
|
|t:|1781068836
|switch|p1a: Zapdos|Zapdos, shiny|100/100
|move|p2a: Thing|Earthquake|p1a: Zapdos
|-immune|p1a: Zapdos
|
|-weather|Snowscape|[upkeep]
|upkeep
|turn|6
|inactive|mightymit has 60 seconds left.
|
|t:|1781068859
|switch|p1a: Slowking|Slowking-Galar, M|100/100
|move|p2a: Thing|Icicle Spear|p1a: Slowking
|-damage|p1a: Slowking|47/100
|-damage|p1a: Slowking|0 fnt
|faint|p1a: Slowking
|-hitcount|p1: Slowking|2
|
|-weather|Snowscape|[upkeep]
|-sideend|p2: waha8|move: Aurora Veil
|upkeep
|inactive|mightymit has 60 seconds left.
|
|t:|1781068885
|switch|p1a: Cinderace|Cinderace, M|100/100
|turn|7
|inactive|mightymit has 30 seconds left.
|
|t:|1781068906
|move|p2a: Thing|Earthquake|p1a: Cinderace
|-supereffective|p1a: Cinderace
|-damage|p1a: Cinderace|0 fnt
|faint|p1a: Cinderace
|
|-weather|Snowscape|[upkeep]
|upkeep
|inactive|mightymit has 30 seconds left.
|inactive|mightymit has 20 seconds left.
|
|t:|1781068922
|switch|p1a: Zapdos|Zapdos, shiny|100/100
|turn|8
|inactive|mightymit has 30 seconds left this turn.
|
|t:|1781068929
|switch|p1a: Great Tusk|Great Tusk|100/100
|move|p2a: Thing|Icicle Spear|p1a: Great Tusk
|-supereffective|p1a: Great Tusk
|-damage|p1a: Great Tusk|28/100
|-supereffective|p1a: Great Tusk
|-damage|p1a: Great Tusk|0 fnt
|faint|p1a: Great Tusk
|-end|p1a: Great Tusk|Protosynthesis|[silent]
|-hitcount|p1: Great Tusk|2
|
|-weather|none
|-fieldend|move: Psychic Terrain
|upkeep
|inactive|mightymit has 30 seconds left this turn.
|inactive|mightymit has 20 seconds left.
|
|t:|1781068939
|switch|p1a: Kingambit|Kingambit, M|100/100
|-activate|p1a: Kingambit|ability: Supreme Overlord
|-start|p1a: Kingambit|fallen4|[silent]
|turn|9
|inactive|mightymit has 30 seconds left this turn.
|
|t:|1781068943
|move|p2a: Thing|Ice Shard|p1a: Kingambit
|-resisted|p1a: Kingambit
|-damage|p1a: Kingambit|68/100
|move|p1a: Kingambit|Iron Head|p2a: Thing
|-damage|p2a: Thing|0 fnt
|faint|p2a: Thing
|
|-heal|p1a: Kingambit|74/100|[from] item: Leftovers
|upkeep
|
|t:|1781068953
|switch|p2a: DeeDee|Indeedee, M|100/100
|-fieldstart|move: Psychic Terrain|[from] ability: Psychic Surge|[of] p2a: DeeDee
|turn|10
|
|t:|1781068957
|move|p2a: DeeDee|Dazzling Gleam|p1a: Kingambit
|-crit|p1a: Kingambit
|-damage|p1a: Kingambit|38/100
|move|p1a: Kingambit|Swords Dance|p1a: Kingambit
|-boost|p1a: Kingambit|atk|2
|
|-heal|p1a: Kingambit|44/100|[from] item: Leftovers
|upkeep
|turn|11
|c|☆waha8|...
|
|t:|1781068966
|move|p2a: DeeDee|Encore|p1a: Kingambit
|-start|p1a: Kingambit|Encore
|move|p1a: Kingambit|Swords Dance|p1a: Kingambit
|-boost|p1a: Kingambit|atk|2
|
|-heal|p1a: Kingambit|50/100|[from] item: Leftovers
|upkeep
|turn|12
|
|t:|1781068972
|-end|p1a: Kingambit|fallen4|[silent]
|switch|p1a: Zapdos|Zapdos, shiny|100/100
|move|p2a: DeeDee|Dazzling Gleam|p1a: Zapdos
|-damage|p1a: Zapdos|78/100
|
|upkeep
|turn|13
|
|t:|1781068977
|move|p2a: DeeDee|Expanding Force|p1a: Zapdos
|-damage|p1a: Zapdos|11/100
|move|p1a: Zapdos|Volt Switch|p2a: DeeDee
|-damage|p2a: DeeDee|61/100
|
|t:|1781068980
|switch|p1a: Kingambit|Kingambit, M|50/100|[from] Volt Switch
|-activate|p1a: Kingambit|ability: Supreme Overlord
|-start|p1a: Kingambit|fallen4|[silent]
|
|-heal|p1a: Kingambit|57/100|[from] item: Leftovers
|upkeep
|turn|14
|
|t:|1781068988
|move|p2a: DeeDee|Dazzling Gleam|p1a: Kingambit
|-damage|p1a: Kingambit|32/100
|move|p1a: Kingambit|Swords Dance|p1a: Kingambit
|-boost|p1a: Kingambit|atk|2
|
|-heal|p1a: Kingambit|38/100|[from] item: Leftovers
|upkeep
|turn|15
|inactive|mightymit has 90 seconds left.
|c|☆waha8|why
|
|t:|1781068995
|move|p2a: DeeDee|Encore|p1a: Kingambit
|-start|p1a: Kingambit|Encore
|move|p1a: Kingambit|Swords Dance|p1a: Kingambit
|-boost|p1a: Kingambit|atk|2
|
|-heal|p1a: Kingambit|44/100|[from] item: Leftovers
|upkeep
|turn|16
|
|t:|1781069001
|move|p2a: DeeDee|Dazzling Gleam|p1a: Kingambit
|-damage|p1a: Kingambit|17/100
|move|p1a: Kingambit|Swords Dance|p1a: Kingambit
|-boost|p1a: Kingambit|atk|2
|
|-heal|p1a: Kingambit|23/100|[from] item: Leftovers
|upkeep
|turn|17
|
|t:|1781069007
|-end|p1a: Kingambit|fallen4|[silent]
|switch|p1a: Zapdos|Zapdos, shiny|11/100
|move|p2a: DeeDee|Dazzling Gleam|p1a: Zapdos
|-damage|p1a: Zapdos|0 fnt
|faint|p1a: Zapdos
|
|-fieldend|move: Psychic Terrain
|upkeep
|
|t:|1781069010
|switch|p1a: Kingambit|Kingambit, M|23/100
|-activate|p1a: Kingambit|ability: Supreme Overlord
|-start|p1a: Kingambit|fallen5|[silent]
|turn|18
|-message|mightymit forfeited.
|
|win|waha8
|raw|mightymit's rating: 1525 &rarr; <strong>1503</strong><br />(-22 for losing)
|raw|waha8's rating: 1486 &rarr; <strong>1508</strong><br />(+22 for winning)
|l|☆mightymit
|player|p1|
