|j|☆OUZQ Crocodile
|j|☆Rj yoip
|t:|1780925024
|gametype|singles
|player|p1|OUZQ Crocodile|101|1638
|player|p2|Rj yoip|caitlin-masters|1614
|gen|9
|tier|[Gen 9] OU
|rated|
|rule|HP Percentage Mod: HP is shown in percentages
|rule|Endless Battle Clause: Forcing endless battles is banned
|rule|Species Clause: Limit one of each Pokémon
|rule|OHKO Clause: OHKO moves are banned
|rule|Evasion Items Clause: Evasion items are banned
|rule|Evasion Moves Clause: Evasion moves are banned
|rule|Evasion Abilities Clause: Evasion abilities are banned
|rule|Sleep Moves Clause: Sleep-inducing moves are banned
|clearpoke
|poke|p1|Cresselia, F|
|poke|p1|Zamazenta-*|
|poke|p1|Grimmsnarl, M|
|poke|p1|Raging Bolt|
|poke|p1|Ogerpon-Wellspring, F|
|poke|p1|Glimmora, F|
|poke|p2|Tyranitar, F|
|poke|p2|Hydrapple, F|
|poke|p2|Enamorus, F|
|poke|p2|Garganacl, F|
|poke|p2|Excadrill, M|
|poke|p2|Alomomola, F|
|teampreview
|inactive|Battle timer is ON: inactive players will automatically lose when time's up. (requested by OUZQ Crocodile)
|
|t:|1780925034
|teamsize|p1|6
|teamsize|p2|6
|start
|switch|p1a: Grimmsnarl|Grimmsnarl, M|100/100
|switch|p2a: Garganacl|Garganacl, F|100/100
|turn|1
|
|t:|1780925037
|move|p1a: Grimmsnarl|Reflect|p1a: Grimmsnarl
|-sidestart|p1: OUZQ Crocodile|Reflect
|move|p2a: Garganacl|Salt Cure|p1a: Grimmsnarl
|-damage|p1a: Grimmsnarl|92/100
|-start|p1a: Grimmsnarl|Salt Cure
|
|-damage|p1a: Grimmsnarl|80/100|[from] Salt Cure
|upkeep
|turn|2
|
|t:|1780925041
|move|p1a: Grimmsnarl|Taunt|p2a: Garganacl
|-start|p2a: Garganacl|move: Taunt
|cant|p2a: Garganacl|move: Taunt|Stealth Rock
|
|-damage|p1a: Grimmsnarl|67/100|[from] Salt Cure
|upkeep
|turn|3
|
|t:|1780925044
|switch|p2a: Alomomola|Alomomola, F|100/100
|move|p1a: Grimmsnarl|Light Screen|p1a: Grimmsnarl
|-sidestart|p1: OUZQ Crocodile|move: Light Screen
|
|-damage|p1a: Grimmsnarl|55/100|[from] Salt Cure
|upkeep
|turn|4
|
|t:|1780925046
|move|p1a: Grimmsnarl|Parting Shot|p2a: Alomomola
|-unboost|p2a: Alomomola|atk|1
|-unboost|p2a: Alomomola|spa|1
|
|t:|1780925048
|switch|p1a: Ogerpon|Ogerpon-Wellspring, F|100/100|[from] Parting Shot
|move|p2a: Alomomola|Scald|p1a: Ogerpon
|-immune|p1a: Ogerpon|[from] ability: Water Absorb
|
|upkeep
|turn|5
|
|t:|1780925052
|switch|p2a: Hydrapple|Hydrapple, F|100/100
|move|p1a: Ogerpon|Swords Dance|p1a: Ogerpon
|-boost|p1a: Ogerpon|atk|2
|
|upkeep
|turn|6
|
|t:|1780925054
|move|p1a: Ogerpon|Play Rough|p2a: Hydrapple
|-supereffective|p2a: Hydrapple
|-crit|p2a: Hydrapple
|-damage|p2a: Hydrapple|0 fnt
|-damage|p1a: Ogerpon|84/100|[from] item: Rocky Helmet|[of] p2a: Hydrapple
|faint|p2a: Hydrapple
|
|upkeep
|j| starmiez55
|
|t:|1780925059
|switch|p2a: Garganacl|Garganacl, F|100/100
|turn|7
|
|t:|1780925064
|-terastallize|p2a: Garganacl|Electric
|move|p1a: Ogerpon|Trailblaze|p2a: Garganacl
|-damage|p2a: Garganacl|59/100
|-boost|p1a: Ogerpon|spe|1
|move|p2a: Garganacl|Salt Cure|p1a: Ogerpon
|-damage|p1a: Ogerpon|76/100
|-start|p1a: Ogerpon|Salt Cure
|
|-heal|p2a: Garganacl|65/100|[from] item: Leftovers
|-damage|p1a: Ogerpon|51/100|[from] Salt Cure
|upkeep
|turn|8
|j| lucan032
|
|t:|1780925077
|move|p2a: Garganacl|Protect|p2a: Garganacl
|-singleturn|p2a: Garganacl|Protect
|move|p1a: Ogerpon|Ivy Cudgel|p2a: Garganacl|[anim] Ivy Cudgel Water
|-activate|p2a: Garganacl|move: Protect
|
|-heal|p2a: Garganacl|71/100|[from] item: Leftovers
|-damage|p1a: Ogerpon|26/100|[from] Salt Cure
|-sideend|p1: OUZQ Crocodile|Reflect
|upkeep
|turn|9
|
|t:|1780925085
|switch|p1a: Grimmsnarl|Grimmsnarl, M|55/100
|switch|p2a: Alomomola|Alomomola, F|100/100
|
|upkeep
|turn|10
|
|t:|1780925092
|switch|p2a: Enamorus|Enamorus, F|100/100
|move|p1a: Grimmsnarl|Parting Shot|p2a: Enamorus
|-boost|p2a: Enamorus|atk|1
|-boost|p2a: Enamorus|spa|1
|
|t:|1780925100
|switch|p1a: Cresselia|Cresselia, F|100/100|[from] Parting Shot
|
|-sideend|p1: OUZQ Crocodile|move: Light Screen
|upkeep
|turn|11
|l| lucan032
|
|t:|1780925126
|-terastallize|p1a: Cresselia|Poison
|move|p2a: Enamorus|Moonblast|p1a: Cresselia
|-resisted|p1a: Cresselia
|-damage|p1a: Cresselia|71/100
|move|p1a: Cresselia|Calm Mind|p1a: Cresselia
|-boost|p1a: Cresselia|spa|1
|-boost|p1a: Cresselia|spd|1
|
|upkeep
|turn|12
|
|t:|1780925147
|switch|p2a: Tyranitar|Tyranitar, F|100/100
|-weather|Sandstorm|[from] ability: Sand Stream|[of] p2a: Tyranitar
|move|p1a: Cresselia|Moonblast|p2a: Tyranitar
|-supereffective|p2a: Tyranitar
|-damage|p2a: Tyranitar|66/100
|
|-weather|Sandstorm|[upkeep]
|-damage|p1a: Cresselia|65/100|[from] Sandstorm
|upkeep
|turn|13
|
|t:|1780925154
|switch|p1a: Zamazenta|Zamazenta|100/100
|-ability|p1a: Zamazenta|Dauntless Shield|boost
|-boost|p1a: Zamazenta|def|1
|move|p2a: Tyranitar|Stone Edge|p1a: Zamazenta|[miss]
|-miss|p2a: Tyranitar|p1a: Zamazenta
|
|-weather|Sandstorm|[upkeep]
|-damage|p1a: Zamazenta|94/100|[from] Sandstorm
|-heal|p1a: Zamazenta|100/100|[from] item: Leftovers
|upkeep
|turn|14
|
|t:|1780925160
|switch|p2a: Enamorus|Enamorus, F|100/100
|move|p1a: Zamazenta|Heavy Slam|p2a: Enamorus
|-supereffective|p2a: Enamorus
|-damage|p2a: Enamorus|17/100
|
|-weather|Sandstorm|[upkeep]
|-damage|p2a: Enamorus|11/100|[from] Sandstorm
|-damage|p1a: Zamazenta|94/100|[from] Sandstorm
|-heal|p1a: Zamazenta|100/100|[from] item: Leftovers
|upkeep
|turn|15
|
|t:|1780925175
|switch|p1a: Cresselia|Cresselia, F, tera:Poison|65/100
|move|p2a: Enamorus|Moonblast|p1a: Cresselia
|-resisted|p1a: Cresselia
|-damage|p1a: Cresselia|47/100
|
|-weather|Sandstorm|[upkeep]
|-damage|p2a: Enamorus|4/100|[from] Sandstorm
|-damage|p1a: Cresselia|41/100|[from] Sandstorm
|upkeep
|turn|16
|
|t:|1780925179
|switch|p2a: Garganacl|Garganacl, F, tera:Electric|71/100
|move|p1a: Cresselia|Moonlight|p1a: Cresselia
|-heal|p1a: Cresselia|66/100
|
|-weather|none
|-heal|p2a: Garganacl|77/100|[from] item: Leftovers
|upkeep
|turn|17
|
|t:|1780925185
|move|p1a: Cresselia|Calm Mind|p1a: Cresselia
|-boost|p1a: Cresselia|spa|1
|-boost|p1a: Cresselia|spd|1
|move|p2a: Garganacl|Salt Cure|p1a: Cresselia
|-damage|p1a: Cresselia|59/100
|
|-heal|p2a: Garganacl|84/100|[from] item: Leftovers
|upkeep
|turn|18
|
|t:|1780925189
|switch|p2a: Tyranitar|Tyranitar, F|66/100
|-weather|Sandstorm|[from] ability: Sand Stream|[of] p2a: Tyranitar
|move|p1a: Cresselia|Calm Mind|p1a: Cresselia
|-boost|p1a: Cresselia|spa|1
|-boost|p1a: Cresselia|spd|1
|
|-weather|Sandstorm|[upkeep]
|-damage|p1a: Cresselia|52/100|[from] Sandstorm
|upkeep
|turn|19
|
|t:|1780925193
|switch|p1a: Zamazenta|Zamazenta|100/100
|move|p2a: Tyranitar|Knock Off|p1a: Zamazenta
|-resisted|p1a: Zamazenta
|-damage|p1a: Zamazenta|66/100
|-enditem|p1a: Zamazenta|Leftovers|[from] move: Knock Off|[of] p2a: Tyranitar
|
|-weather|Sandstorm|[upkeep]
|-damage|p1a: Zamazenta|60/100|[from] Sandstorm
|upkeep
|turn|20
|
|t:|1780925197
|switch|p2a: Alomomola|Alomomola, F|100/100
|move|p1a: Zamazenta|Body Press|p2a: Alomomola
|-damage|p2a: Alomomola|74/100
|
|-weather|Sandstorm|[upkeep]
|-damage|p1a: Zamazenta|53/100|[from] Sandstorm
|-damage|p2a: Alomomola|68/100|[from] Sandstorm
|upkeep
|turn|21
|
|t:|1780925202
|switch|p1a: Ogerpon|Ogerpon-Wellspring, F|26/100
|move|p2a: Alomomola|Body Slam|p1a: Ogerpon
|-damage|p1a: Ogerpon|6/100
|
|-weather|Sandstorm|[upkeep]
|-damage|p1a: Ogerpon|0 fnt|[from] Sandstorm
|-damage|p2a: Alomomola|62/100|[from] Sandstorm
|faint|p1a: Ogerpon
|upkeep
|
|t:|1780925208
|switch|p1a: Raging Bolt|Raging Bolt|100/100
|-enditem|p1a: Raging Bolt|Booster Energy
|-activate|p1a: Raging Bolt|ability: Protosynthesis|[fromitem]
|-start|p1a: Raging Bolt|protosynthesisspa
|turn|22
|
|t:|1780925230
|switch|p2a: Excadrill|Excadrill, M|100/100
|move|p1a: Raging Bolt|Thunderbolt|p2a: Excadrill
|-immune|p2a: Excadrill
|
|-weather|none
|upkeep
|turn|23
|
|t:|1780925238
|-end|p1a: Raging Bolt|Protosynthesis|[silent]
|switch|p1a: Grimmsnarl|Grimmsnarl, M|55/100
|move|p2a: Excadrill|Earthquake|p1a: Grimmsnarl
|-damage|p1a: Grimmsnarl|0 fnt
|faint|p1a: Grimmsnarl
|
|upkeep
|
|t:|1780925241
|switch|p1a: Zamazenta|Zamazenta|53/100
|turn|24
|
|t:|1780925249
|switch|p2a: Alomomola|Alomomola, F|95/100
|move|p1a: Zamazenta|Iron Defense|p1a: Zamazenta
|-boost|p1a: Zamazenta|def|2
|
|upkeep
|turn|25
|
|t:|1780925253
|move|p1a: Zamazenta|Body Press|p2a: Alomomola
|-damage|p2a: Alomomola|43/100
|move|p2a: Alomomola|Scald|p1a: Zamazenta
|-damage|p1a: Zamazenta|40/100
|
|upkeep
|turn|26
|
|t:|1780925262
|switch|p2a: Garganacl|Garganacl, F, tera:Electric|84/100
|move|p1a: Zamazenta|Body Press|p2a: Garganacl
|-damage|p2a: Garganacl|37/100
|
|-heal|p2a: Garganacl|43/100|[from] item: Leftovers
|upkeep
|turn|27
|
|t:|1780925267
|move|p1a: Zamazenta|Body Press|p2a: Garganacl
|-damage|p2a: Garganacl|0 fnt
|faint|p2a: Garganacl
|
|upkeep
|
|t:|1780925271
|switch|p2a: Enamorus|Enamorus, F|4/100
|turn|28
|
|t:|1780925273
|switch|p1a: Glimmora|Glimmora, F|100/100
|move|p2a: Enamorus|Moonblast|p1a: Glimmora
|-resisted|p1a: Glimmora
|-damage|p1a: Glimmora|61/100
|
|upkeep
|turn|29
|
|t:|1780925287
|switch|p2a: Alomomola|Alomomola, F|76/100
|move|p1a: Glimmora|Earth Power|p2a: Alomomola
|-damage|p2a: Alomomola|61/100
|
|upkeep
|turn|30
|
|t:|1780925294
|move|p1a: Glimmora|Stealth Rock|p2a: Alomomola
|-sidestart|p2: Rj yoip|move: Stealth Rock
|move|p2a: Alomomola|Scald|p1a: Glimmora
|-supereffective|p1a: Glimmora
|-damage|p1a: Glimmora|22/100
|-status|p1a: Glimmora|brn
|
|-damage|p1a: Glimmora|16/100 brn|[from] brn
|upkeep
|turn|31
|j| Agathina
|
|t:|1780925300
|move|p1a: Glimmora|Mortal Spin|p2a: Alomomola
|-damage|p2a: Alomomola|59/100
|-status|p2a: Alomomola|psn
|move|p2a: Alomomola|Scald|p1a: Glimmora
|-supereffective|p1a: Glimmora
|-damage|p1a: Glimmora|0 fnt
|faint|p1a: Glimmora
|
|-damage|p2a: Alomomola|46/100 psn|[from] psn
|upkeep
|
|t:|1780925310
|switch|p1a: Zamazenta|Zamazenta|40/100
|turn|32
|
|t:|1780925316
|move|p1a: Zamazenta|Iron Defense|p1a: Zamazenta
|-boost|p1a: Zamazenta|def|2
|move|p2a: Alomomola|Scald|p1a: Zamazenta
|-damage|p1a: Zamazenta|27/100
|
|-damage|p2a: Alomomola|34/100 psn|[from] psn
|upkeep
|turn|33
|
|t:|1780925318
|move|p1a: Zamazenta|Body Press|p2a: Alomomola
|-damage|p2a: Alomomola|0 fnt
|faint|p2a: Alomomola
|
|upkeep
|
|t:|1780925320
|switch|p2a: Tyranitar|Tyranitar, F|66/100
|-damage|p2a: Tyranitar|54/100|[from] Stealth Rock
|-weather|Sandstorm|[from] ability: Sand Stream|[of] p2a: Tyranitar
|turn|34
|
|t:|1780925324
|move|p1a: Zamazenta|Body Press|p2a: Tyranitar
|-supereffective|p2a: Tyranitar
|-damage|p2a: Tyranitar|0 fnt
|faint|p2a: Tyranitar
|
|-weather|Sandstorm|[upkeep]
|-damage|p1a: Zamazenta|21/100|[from] Sandstorm
|upkeep
|
|t:|1780925325
|switch|p2a: Excadrill|Excadrill, M|100/100
|-damage|p2a: Excadrill|97/100|[from] Stealth Rock
|turn|35
|
|t:|1780925333
|move|p2a: Excadrill|Earthquake|p1a: Zamazenta
|-damage|p1a: Zamazenta|1/100
|move|p1a: Zamazenta|Body Press|p2a: Excadrill
|-supereffective|p2a: Excadrill
|-damage|p2a: Excadrill|0 fnt
|faint|p2a: Excadrill
|
|-weather|Sandstorm|[upkeep]
|-damage|p1a: Zamazenta|0 fnt|[from] Sandstorm
|faint|p1a: Zamazenta
|upkeep
|-message|Rj yoip forfeited.
|
|win|OUZQ Crocodile
|raw|OUZQ Crocodile's rating: 1638 &rarr; <strong>1657</strong><br />(+19 for winning)
|raw|Rj yoip's rating: 1614 &rarr; <strong>1595</strong><br />(-19 for losing)
|l|☆Rj yoip
|player|p2|
|j| agape boy
|j| arturohdez
|l| starmiez55
|j| Kloakri#2
|l| Kloakri#2
|l|☆OUZQ Crocodile
|player|p1|
|l| arturohdez
