|j|☆cachowcapow
|j|☆Liaoa
|t:|1781076663
|gametype|singles
|player|p1|cachowcapow|265|1670
|player|p2|Liaoa|bellelba|1583
|gen|9
|tier|[Gen 9] OU
|rated|
|rule|HP Percentage Mod: HP is shown in percentages
|rule|Endless Battle Clause: Forcing endless battles is banned
|rule|Species Clause: Limit one of each Pokémon
|rule|OHKO Clause: OHKO moves are banned
|rule|Evasion Items Clause: Evasion items are banned
|rule|Evasion Moves Clause: Evasion moves are banned
|rule|Evasion Abilities Clause: Evasion abilities are banned
|rule|Sleep Moves Clause: Sleep-inducing moves are banned
|clearpoke
|poke|p1|Alomomola, M|
|poke|p1|Gardevoir, M|
|poke|p1|Scizor, M|
|poke|p1|Slither Wing|
|poke|p1|Mew|
|poke|p1|Meowscarada, F|
|poke|p2|Clefable, M|
|poke|p2|Dondozo, F|
|poke|p2|Alomomola, M|
|poke|p2|Ting-Lu|
|poke|p2|Skeledirge, F|
|poke|p2|Corviknight, F|
|teampreview
|
|t:|1781076674
|teamsize|p1|6
|teamsize|p2|6
|start
|switch|p1a: Gardevoir|Gardevoir, M, shiny|100/100
|switch|p2a: Skeledirge|Skeledirge, F|100/100
|-ability|p1a: Gardevoir|Unaware|Trace|[from] ability: Trace|[of] p2a: Skeledirge
|turn|1
|
|t:|1781076679
|move|p2a: Skeledirge|Shadow Ball|p1a: Gardevoir
|-supereffective|p1a: Gardevoir
|-damage|p1a: Gardevoir|16/100
|move|p1a: Gardevoir|Shadow Ball|p2a: Skeledirge
|-supereffective|p2a: Skeledirge
|-damage|p2a: Skeledirge|0 fnt
|faint|p2a: Skeledirge
|
|upkeep
|
|t:|1781076685
|switch|p2a: Ting-Lu|Ting-Lu|100/100
|-ability|p2a: Ting-Lu|Vessel of Ruin
|turn|2
|inactive|Battle timer is ON: inactive players will automatically lose when time's up. (requested by Liaoa)
|
|t:|1781076709
|switch|p1a: Slither Wing|Slither Wing|100/100
|move|p2a: Ting-Lu|Stealth Rock|p1a: Slither Wing
|-sidestart|p1: cachowcapow|move: Stealth Rock
|
|upkeep
|turn|3
|
|t:|1781076716
|switch|p2a: Corviknight|Corviknight, F|100/100
|move|p1a: Slither Wing|U-turn|p2a: Corviknight
|-resisted|p2a: Corviknight
|-damage|p2a: Corviknight|93/100
|
|t:|1781076727
|-end|p1a: Slither Wing|Protosynthesis|[silent]
|switch|p1a: Scizor|Scizor, M|100/100|[from] U-turn
|
|upkeep
|turn|4
|
|t:|1781076732
|switch|p2a: Dondozo|Dondozo, F|100/100
|move|p1a: Scizor|Defog|p2a: Dondozo
|-unboost|p2a: Dondozo|evasion|1
|-sideend|p1: cachowcapow|Stealth Rock|[from] move: Defog|[of] p1a: Scizor
|
|upkeep
|turn|5
|
|t:|1781076736
|switch|p1a: Meowscarada|Meowscarada, F|100/100
|move|p2a: Dondozo|Liquidation|p1a: Meowscarada
|-resisted|p1a: Meowscarada
|-damage|p1a: Meowscarada|50/100
|
|upkeep
|turn|6
|
|t:|1781076743
|switch|p2a: Ting-Lu|Ting-Lu|100/100
|-ability|p2a: Ting-Lu|Vessel of Ruin
|move|p1a: Meowscarada|U-turn|p2a: Ting-Lu
|-start|p1a: Meowscarada|typechange|Bug|[from] ability: Protean
|-supereffective|p2a: Ting-Lu
|-damage|p2a: Ting-Lu|73/100
|
|t:|1781076754
|switch|p1a: Alomomola|Alomomola, M|100/100|[from] U-turn
|
|upkeep
|turn|7
|
|t:|1781076757
|move|p1a: Alomomola|Flip Turn|p2a: Ting-Lu
|-supereffective|p2a: Ting-Lu
|-damage|p2a: Ting-Lu|36/100
|
|t:|1781076760
|switch|p1a: Slither Wing|Slither Wing|100/100|[from] Flip Turn
|move|p2a: Ting-Lu|Stealth Rock|p1a: Slither Wing
|-sidestart|p1: cachowcapow|move: Stealth Rock
|
|upkeep
|turn|8
|
|t:|1781076762
|switch|p2a: Corviknight|Corviknight, F|93/100
|move|p1a: Slither Wing|U-turn|p2a: Corviknight
|-resisted|p2a: Corviknight
|-damage|p2a: Corviknight|86/100
|inactive|cachowcapow has 120 seconds left.
|
|t:|1781076801
|-end|p1a: Slither Wing|Protosynthesis|[silent]
|switch|p1a: Mew|Mew, shiny|100/100|[from] U-turn
|-damage|p1a: Mew|88/100|[from] Stealth Rock
|
|upkeep
|turn|9
|
|t:|1781076806
|move|p2a: Corviknight|U-turn|p1a: Mew
|-supereffective|p1a: Mew
|-damage|p1a: Mew|63/100
|-enditem|p1a: Mew|Weakness Policy
|-boost|p1a: Mew|atk|2|[from] item: Weakness Policy
|-boost|p1a: Mew|spa|2|[from] item: Weakness Policy
|
|t:|1781076808
|switch|p2a: Ting-Lu|Ting-Lu|36/100|[from] U-turn
|-ability|p2a: Ting-Lu|Vessel of Ruin
|move|p1a: Mew|Calm Mind|p1a: Mew
|-boost|p1a: Mew|spa|1
|-boost|p1a: Mew|spd|1
|
|upkeep
|turn|10
|
|t:|1781076813
|-terastallize|p1a: Mew|Fairy
|-terastallize|p2a: Ting-Lu|Ghost
|move|p1a: Mew|Draining Kiss|p2a: Ting-Lu
|-damage|p2a: Ting-Lu|4/100
|-heal|p1a: Mew|94/100|[from] drain|[of] p2a: Ting-Lu
|move|p2a: Ting-Lu|Lash Out|p1a: Mew
|-resisted|p1a: Mew
|-damage|p1a: Mew|83/100
|
|upkeep
|turn|11
|-enditem|p2a: Ting-Lu|Custap Berry|[eat]
|-activate|p2a: Ting-Lu|item: Custap Berry|[consumed]
|
|t:|1781076819
|move|p2a: Ting-Lu|Heavy Slam|p1a: Mew
|-supereffective|p1a: Mew
|-damage|p1a: Mew|33/100
|move|p1a: Mew|Stored Power|p2a: Ting-Lu
|-damage|p2a: Ting-Lu|0 fnt
|faint|p2a: Ting-Lu
|
|upkeep
|
|t:|1781076827
|switch|p2a: Corviknight|Corviknight, F|86/100
|turn|12
|
|t:|1781076839
|move|p2a: Corviknight|Iron Head|p1a: Mew
|-supereffective|p1a: Mew
|-damage|p1a: Mew|0 fnt
|faint|p1a: Mew
|
|upkeep
|
|t:|1781076847
|switch|p1a: Meowscarada|Meowscarada, F|50/100
|-damage|p1a: Meowscarada|38/100|[from] Stealth Rock
|turn|13
|
|t:|1781076850
|switch|p1a: Alomomola|Alomomola, M|100/100
|-damage|p1a: Alomomola|88/100|[from] Stealth Rock
|move|p2a: Corviknight|Iron Head|p1a: Alomomola
|-resisted|p1a: Alomomola
|-damage|p1a: Alomomola|76/100
|
|upkeep
|turn|14
|
|t:|1781076853
|switch|p2a: Clefable|Clefable, M|100/100
|move|p1a: Alomomola|Flip Turn|p2a: Clefable
|-damage|p2a: Clefable|49/100
|
|t:|1781076859
|switch|p1a: Gardevoir|Gardevoir, M, shiny|16/100|[from] Flip Turn
|-damage|p1a: Gardevoir|4/100|[from] Stealth Rock
|-ability|p1a: Gardevoir|Magic Guard|Trace|[from] ability: Trace|[of] p2a: Clefable
|
|upkeep
|turn|15
|
|t:|1781076863
|move|p2a: Clefable|Flamethrower|p1a: Gardevoir
|-damage|p1a: Gardevoir|0 fnt
|faint|p1a: Gardevoir
|
|upkeep
|
|t:|1781076868
|switch|p1a: Alomomola|Alomomola, M|100/100
|-damage|p1a: Alomomola|88/100|[from] Stealth Rock
|turn|16
|
|t:|1781076873
|switch|p2a: Corviknight|Corviknight, F|86/100
|move|p1a: Alomomola|Flip Turn|p2a: Corviknight
|-damage|p2a: Corviknight|49/100
|
|t:|1781076876
|switch|p1a: Slither Wing|Slither Wing|100/100|[from] Flip Turn
|-damage|p1a: Slither Wing|88/100|[from] Stealth Rock
|
|upkeep
|turn|17
|
|t:|1781076878
|move|p1a: Slither Wing|First Impression|p2a: Corviknight
|-resisted|p2a: Corviknight
|-damage|p2a: Corviknight|40/100
|move|p2a: Corviknight|Brave Bird|p1a: Slither Wing
|-supereffective|p1a: Slither Wing
|-damage|p1a: Slither Wing|0 fnt
|-damage|p2a: Corviknight|23/100|[from] item: Rocky Helmet|[of] p1a: Slither Wing
|faint|p1a: Slither Wing
|-end|p1a: Slither Wing|Protosynthesis|[silent]
|-damage|p2a: Corviknight|0 fnt|[from] Recoil
|faint|p2a: Corviknight
|
|upkeep
|
|t:|1781076885
|switch|p2a: Alomomola|Alomomola, M|100/100
|switch|p1a: Meowscarada|Meowscarada, F|38/100
|-damage|p1a: Meowscarada|26/100|[from] Stealth Rock
|turn|18
|
|t:|1781076889
|move|p2a: Alomomola|Aqua Jet|p1a: Meowscarada
|-resisted|p1a: Meowscarada
|-damage|p1a: Meowscarada|7/100
|move|p1a: Meowscarada|U-turn|p2a: Alomomola
|-start|p1a: Meowscarada|typechange|Bug|[from] ability: Protean
|-damage|p2a: Alomomola|84/100
|
|t:|1781076893
|switch|p1a: Scizor|Scizor, M|100/100|[from] U-turn
|
|upkeep
|turn|19
|-message|cachowcapow forfeited.
|
|win|Liaoa
|raw|cachowcapow's rating: 1670 &rarr; <strong>1645</strong><br />(-25 for losing)
|raw|Liaoa's rating: 1583 &rarr; <strong>1608</strong><br />(+25 for winning)
|l|☆cachowcapow
|player|p1|
|l|☆Liaoa
|player|p2|
