|j|☆Hachipon
|j|☆KurisuChestnutOU
|t:|1781143182
|gametype|singles
|player|p1|Hachipon|guitarist|1537
|player|p2|KurisuChestnutOU|may-contest|1520
|gen|9
|tier|[Gen 9] OU
|rated|
|rule|HP Percentage Mod: HP is shown in percentages
|rule|Endless Battle Clause: Forcing endless battles is banned
|rule|Species Clause: Limit one of each Pokémon
|rule|OHKO Clause: OHKO moves are banned
|rule|Evasion Items Clause: Evasion items are banned
|rule|Evasion Moves Clause: Evasion moves are banned
|rule|Evasion Abilities Clause: Evasion abilities are banned
|rule|Sleep Moves Clause: Sleep-inducing moves are banned
|clearpoke
|poke|p1|Gholdengo|
|poke|p1|Dragonite, M|
|poke|p1|Raging Bolt|
|poke|p1|Great Tusk|
|poke|p1|Iron Valiant|
|poke|p1|Ting-Lu|
|poke|p2|Zamazenta-*|
|poke|p2|Zapdos|
|poke|p2|Garganacl, M|
|poke|p2|Clefable, M|
|poke|p2|Samurott-Hisui, F|
|poke|p2|Gholdengo|
|teampreview
|inactive|Battle timer is ON: inactive players will automatically lose when time's up. (requested by Hachipon)
|inactive|KurisuChestnutOU also wants the timer to be on.
|
|t:|1781143194
|teamsize|p1|6
|teamsize|p2|6
|start
|switch|p1a: Raging Bolt|Raging Bolt|100/100
|switch|p2a: Garganacl|Garganacl, M|100/100
|turn|1
|
|t:|1781143200
|move|p1a: Raging Bolt|Draco Meteor|p2a: Garganacl
|-damage|p2a: Garganacl|27/100
|-unboost|p1a: Raging Bolt|spa|2
|move|p2a: Garganacl|Salt Cure|p1a: Raging Bolt
|-damage|p1a: Raging Bolt|89/100
|-start|p1a: Raging Bolt|Salt Cure
|
|-heal|p2a: Garganacl|33/100|[from] item: Leftovers
|-damage|p1a: Raging Bolt|77/100|[from] Salt Cure
|upkeep
|turn|2
|
|t:|1781143208
|-end|p1a: Raging Bolt|Protosynthesis|[silent]
|switch|p1a: Great Tusk|Great Tusk|100/100
|switch|p2a: Clefable|Clefable, M|100/100
|
|upkeep
|turn|3
|
|t:|1781143224
|-end|p1a: Great Tusk|Protosynthesis|[silent]
|switch|p1a: Gholdengo|Gholdengo|100/100
|move|p2a: Clefable|Moonblast|p1a: Gholdengo
|-resisted|p1a: Gholdengo
|-damage|p1a: Gholdengo|81/100
|
|upkeep
|turn|4
|
|t:|1781143234
|switch|p2a: Garganacl|Garganacl, M|33/100
|move|p1a: Gholdengo|Shadow Ball|p2a: Garganacl
|-damage|p2a: Garganacl|9/100
|-unboost|p2a: Garganacl|spd|1
|
|-heal|p2a: Garganacl|15/100|[from] item: Leftovers
|upkeep
|turn|5
|
|t:|1781143239
|move|p1a: Gholdengo|Shadow Ball|p2a: Garganacl
|-damage|p2a: Garganacl|0 fnt
|faint|p2a: Garganacl
|
|upkeep
|
|t:|1781143244
|switch|p2a: Samurott|Samurott-Hisui, F|100/100
|turn|6
|
|t:|1781143257
|switch|p1a: Raging Bolt|Raging Bolt|77/100
|move|p2a: Samurott|Razor Shell|p1a: Raging Bolt
|-resisted|p1a: Raging Bolt
|-damage|p1a: Raging Bolt|56/100
|-unboost|p1a: Raging Bolt|def|1
|
|upkeep
|turn|7
|
|t:|1781143261
|switch|p2a: Zamazenta|Zamazenta|100/100
|-ability|p2a: Zamazenta|Dauntless Shield|boost
|-boost|p2a: Zamazenta|def|1
|move|p1a: Raging Bolt|Volt Switch|p2a: Zamazenta
|-damage|p2a: Zamazenta|53/100
|
|t:|1781143268
|-end|p1a: Raging Bolt|Protosynthesis|[silent]
|switch|p1a: Iron Valiant|Iron Valiant|100/100|[from] Volt Switch
|-enditem|p1a: Iron Valiant|Booster Energy
|-activate|p1a: Iron Valiant|ability: Quark Drive|[fromitem]
|-start|p1a: Iron Valiant|quarkdrivespe
|
|-heal|p2a: Zamazenta|59/100|[from] item: Leftovers
|upkeep
|turn|8
|
|t:|1781143271
|move|p1a: Iron Valiant|Moonblast|p2a: Zamazenta
|-supereffective|p2a: Zamazenta
|-damage|p2a: Zamazenta|0 fnt
|faint|p2a: Zamazenta
|
|upkeep
|
|t:|1781143275
|switch|p2a: Gholdengo|Gholdengo|100/100
|turn|9
|
|t:|1781143282
|-end|p1a: Iron Valiant|Quark Drive|[silent]
|switch|p1a: Ting-Lu|Ting-Lu|100/100
|-ability|p1a: Ting-Lu|Vessel of Ruin
|move|p2a: Gholdengo|Dazzling Gleam|p1a: Ting-Lu
|-supereffective|p1a: Ting-Lu
|-damage|p1a: Ting-Lu|71/100
|
|-heal|p1a: Ting-Lu|78/100|[from] item: Leftovers
|upkeep
|turn|10
|
|t:|1781143286
|move|p2a: Gholdengo|Dazzling Gleam|p1a: Ting-Lu
|-supereffective|p1a: Ting-Lu
|-damage|p1a: Ting-Lu|51/100
|move|p1a: Ting-Lu|Ruination|p2a: Gholdengo
|-damage|p2a: Gholdengo|51/100
|
|-heal|p1a: Ting-Lu|57/100|[from] item: Leftovers
|upkeep
|turn|11
|
|t:|1781143290
|move|p2a: Gholdengo|Dazzling Gleam|p1a: Ting-Lu
|-supereffective|p1a: Ting-Lu
|-damage|p1a: Ting-Lu|29/100
|move|p1a: Ting-Lu|Earthquake|p2a: Gholdengo
|-supereffective|p2a: Gholdengo
|-damage|p2a: Gholdengo|0 fnt
|faint|p2a: Gholdengo
|
|-heal|p1a: Ting-Lu|36/100|[from] item: Leftovers
|upkeep
|
|t:|1781143294
|switch|p2a: Clefable|Clefable, M|100/100
|turn|12
|
|t:|1781143298
|move|p2a: Clefable|Moonblast|p1a: Ting-Lu
|-supereffective|p1a: Ting-Lu
|-crit|p1a: Ting-Lu
|-damage|p1a: Ting-Lu|0 fnt
|faint|p1a: Ting-Lu
|
|upkeep
|
|t:|1781143302
|switch|p1a: Gholdengo|Gholdengo|81/100
|turn|13
|
|t:|1781143308
|switch|p2a: Samurott|Samurott-Hisui, F|100/100
|move|p1a: Gholdengo|Make It Rain|p2a: Samurott
|-resisted|p2a: Samurott
|-damage|p2a: Samurott|25/100
|-unboost|p1a: Gholdengo|spa|1
|
|upkeep
|turn|14
|
|t:|1781143312
|switch|p1a: Great Tusk|Great Tusk|100/100
|move|p2a: Samurott|Razor Shell|p1a: Great Tusk
|-supereffective|p1a: Great Tusk
|-damage|p1a: Great Tusk|38/100
|
|upkeep
|turn|15
|
|t:|1781143317
|move|p2a: Samurott|Razor Shell|p1a: Great Tusk
|-supereffective|p1a: Great Tusk
|-damage|p1a: Great Tusk|0 fnt
|faint|p1a: Great Tusk
|-end|p1a: Great Tusk|Protosynthesis|[silent]
|
|upkeep
|
|t:|1781143320
|switch|p1a: Dragonite|Dragonite, M|100/100
|turn|16
|
|t:|1781143324
|move|p1a: Dragonite|Extreme Speed|p2a: Samurott
|-damage|p2a: Samurott|0 fnt
|faint|p2a: Samurott
|
|upkeep
|
|t:|1781143329
|switch|p2a: Clefable|Clefable, M|100/100
|turn|17
|
|t:|1781143336
|switch|p1a: Gholdengo|Gholdengo|81/100
|move|p2a: Clefable|Knock Off|p1a: Gholdengo
|-supereffective|p1a: Gholdengo
|-damage|p1a: Gholdengo|46/100
|-enditem|p1a: Gholdengo|Choice Specs|[from] move: Knock Off|[of] p2a: Clefable
|
|upkeep
|turn|18
|
|t:|1781143341
|-terastallize|p2a: Clefable|Steel
|move|p1a: Gholdengo|Make It Rain|p2a: Clefable
|-resisted|p2a: Clefable
|-damage|p2a: Clefable|69/100
|-unboost|p1a: Gholdengo|spa|1
|move|p2a: Clefable|Moonlight|p2a: Clefable
|-heal|p2a: Clefable|100/100
|
|upkeep
|turn|19
|
|t:|1781143357
|switch|p1a: Raging Bolt|Raging Bolt|56/100
|move|p2a: Clefable|Moonlight|p2a: Clefable
|-fail|p2a: Clefable|heal
|
|upkeep
|turn|20
|
|t:|1781143363
|move|p1a: Raging Bolt|Thunderclap||[still]
|-fail|p1a: Raging Bolt
|move|p2a: Clefable|Moonlight|p2a: Clefable
|-fail|p2a: Clefable|heal
|
|upkeep
|turn|21
|
|t:|1781143368
|-end|p1a: Raging Bolt|Protosynthesis|[silent]
|switch|p1a: Gholdengo|Gholdengo|46/100
|move|p2a: Clefable|Moonblast|p1a: Gholdengo
|-resisted|p1a: Gholdengo
|-damage|p1a: Gholdengo|27/100
|
|upkeep
|turn|22
|
|t:|1781143372
|move|p1a: Gholdengo|Shadow Ball|p2a: Clefable
|-damage|p2a: Clefable|54/100
|move|p2a: Clefable|Moonlight|p2a: Clefable
|-heal|p2a: Clefable|100/100
|
|upkeep
|turn|23
|
|t:|1781143376
|move|p1a: Gholdengo|Shadow Ball|p2a: Clefable
|-damage|p2a: Clefable|58/100
|move|p2a: Clefable|Moonlight|p2a: Clefable
|-heal|p2a: Clefable|100/100
|
|upkeep
|turn|24
|
|t:|1781143381
|move|p1a: Gholdengo|Shadow Ball|p2a: Clefable
|-damage|p2a: Clefable|58/100
|move|p2a: Clefable|Moonlight|p2a: Clefable
|-heal|p2a: Clefable|100/100
|
|upkeep
|turn|25
|
|t:|1781143387
|move|p1a: Gholdengo|Shadow Ball|p2a: Clefable
|-damage|p2a: Clefable|57/100
|move|p2a: Clefable|Moonlight|p2a: Clefable
|-heal|p2a: Clefable|100/100
|
|upkeep
|turn|26
|
|t:|1781143391
|move|p1a: Gholdengo|Shadow Ball|p2a: Clefable
|-damage|p2a: Clefable|56/100
|move|p2a: Clefable|Moonlight|p2a: Clefable
|-heal|p2a: Clefable|100/100
|
|upkeep
|turn|27
|
|t:|1781143398
|move|p1a: Gholdengo|Shadow Ball|p2a: Clefable
|-damage|p2a: Clefable|54/100
|move|p2a: Clefable|Moonblast|p1a: Gholdengo
|-resisted|p1a: Gholdengo
|-damage|p1a: Gholdengo|9/100
|
|upkeep
|turn|28
|
|t:|1781143402
|move|p1a: Gholdengo|Shadow Ball|p2a: Clefable
|-damage|p2a: Clefable|8/100
|move|p2a: Clefable|Thunder Wave|p1a: Gholdengo
|-immune|p1a: Gholdengo|[from] ability: Good as Gold
|
|upkeep
|turn|29
|
|t:|1781143405
|switch|p2a: Zapdos|Zapdos|100/100
|move|p1a: Gholdengo|Shadow Ball|p2a: Zapdos
|-damage|p2a: Zapdos|58/100
|-unboost|p2a: Zapdos|spd|1
|
|upkeep
|turn|30
|
|t:|1781143411
|switch|p2a: Clefable|Clefable, M, tera:Steel|8/100
|move|p1a: Gholdengo|Shadow Ball|p2a: Clefable
|-damage|p2a: Clefable|0 fnt
|faint|p2a: Clefable
|
|upkeep
|
|t:|1781143414
|switch|p2a: Zapdos|Zapdos|58/100
|turn|31
|
|t:|1781143420
|move|p1a: Gholdengo|Make It Rain|p2a: Zapdos
|-resisted|p2a: Zapdos
|-damage|p2a: Zapdos|26/100
|-unboost|p1a: Gholdengo|spa|1
|move|p2a: Zapdos|Hurricane|p1a: Gholdengo
|-resisted|p1a: Gholdengo
|-damage|p1a: Gholdengo|0 fnt
|faint|p1a: Gholdengo
|
|upkeep
|
|t:|1781143423
|switch|p1a: Iron Valiant|Iron Valiant|100/100
|turn|32
|
|t:|1781143427
|move|p1a: Iron Valiant|Moonblast|p2a: Zapdos
|-damage|p2a: Zapdos|0 fnt
|faint|p2a: Zapdos
|
|win|Hachipon
|raw|Hachipon's rating: 1537 &rarr; <strong>1557</strong><br />(+20 for winning)
|raw|KurisuChestnutOU's rating: 1540 &rarr; <strong>1520</strong><br />(-20 for losing)
