|j|☆Davy12345
|j|☆somsleep
|t:|1781223187
|gametype|singles
|player|p1|Davy12345|drayden|1546
|player|p2|somsleep|101|1580
|gen|9
|tier|[Gen 9] OU
|rated|
|rule|HP Percentage Mod: HP is shown in percentages
|rule|Endless Battle Clause: Forcing endless battles is banned
|rule|Species Clause: Limit one of each Pokémon
|rule|OHKO Clause: OHKO moves are banned
|rule|Evasion Items Clause: Evasion items are banned
|rule|Evasion Moves Clause: Evasion moves are banned
|rule|Evasion Abilities Clause: Evasion abilities are banned
|rule|Sleep Moves Clause: Sleep-inducing moves are banned
|clearpoke
|poke|p1|Great Tusk|
|poke|p1|Raging Bolt|
|poke|p1|Dragapult, M|
|poke|p1|Slowking-Galar, F|
|poke|p1|Kingambit, M|
|poke|p1|Ogerpon-Wellspring, F|
|poke|p2|Abomasnow, M|
|poke|p2|Cetitan, F|
|poke|p2|Rotom|
|poke|p2|Illumise, F|
|poke|p2|Keldeo-Resolute|
|poke|p2|Iron Treads|
|teampreview
|inactive|Battle timer is ON: inactive players will automatically lose when time's up. (requested by Davy12345)
|
|t:|1781223200
|teamsize|p1|6
|teamsize|p2|6
|start
|switch|p1a: Dragapult|Dragapult, M|100/100
|switch|p2a: Rotom|Rotom|100/100
|turn|1
|j| ithrow24
|
|t:|1781223211
|move|p2a: Rotom|Trick|p1a: Dragapult
|-activate|p2a: Rotom|move: Trick|[of] p1a: Dragapult
|-item|p1a: Dragapult|Choice Scarf|[from] move: Trick
|-item|p2a: Rotom|Heavy-Duty Boots|[from] move: Trick
|move|p1a: Dragapult|Hex|p2a: Rotom
|-supereffective|p2a: Rotom
|-damage|p2a: Rotom|26/100
|
|upkeep
|turn|2
|l| ithrow24
|
|t:|1781223217
|switch|p2a: Iron Treads|Iron Treads|100/100
|-enditem|p2a: Iron Treads|Booster Energy
|-activate|p2a: Iron Treads|ability: Quark Drive|[fromitem]
|-start|p2a: Iron Treads|quarkdrivespe
|move|p1a: Dragapult|Hex|p2a: Iron Treads
|-damage|p2a: Iron Treads|63/100
|
|upkeep
|turn|3
|
|t:|1781223230
|switch|p1a: Great Tusk|Great Tusk|100/100
|move|p2a: Iron Treads|Stealth Rock|p1a: Great Tusk
|-sidestart|p1: Davy12345|move: Stealth Rock
|
|upkeep
|turn|4
|
|t:|1781223236
|-end|p2a: Iron Treads|Quark Drive|[silent]
|switch|p2a: Rotom|Rotom|26/100
|move|p1a: Great Tusk|Stealth Rock|p2a: Rotom
|-sidestart|p2: somsleep|move: Stealth Rock
|
|upkeep
|turn|5
|
|t:|1781223244
|move|p2a: Rotom|Will-O-Wisp|p1a: Great Tusk
|-status|p1a: Great Tusk|brn
|move|p1a: Great Tusk|Ice Spinner|p2a: Rotom
|-damage|p2a: Rotom|5/100
|
|-damage|p1a: Great Tusk|94/100 brn|[from] brn
|upkeep
|turn|6
|
|t:|1781223256
|move|p2a: Rotom|Shadow Ball|p1a: Great Tusk
|-damage|p1a: Great Tusk|50/100 brn
|move|p1a: Great Tusk|Ice Spinner|p2a: Rotom
|-damage|p2a: Rotom|0 fnt
|faint|p2a: Rotom
|
|-damage|p1a: Great Tusk|43/100 brn|[from] brn
|upkeep
|
|t:|1781223262
|switch|p2a: Iron Treads|Iron Treads|63/100
|-damage|p2a: Iron Treads|60/100|[from] Stealth Rock
|turn|7
|
|t:|1781223272
|-end|p1a: Great Tusk|Protosynthesis|[silent]
|switch|p1a: Dragapult|Dragapult, M|100/100
|-damage|p1a: Dragapult|88/100|[from] Stealth Rock
|move|p2a: Iron Treads|Rapid Spin|p1a: Dragapult
|-immune|p1a: Dragapult
|
|upkeep
|turn|8
|
|t:|1781223279
|move|p1a: Dragapult|U-turn|p2a: Iron Treads
|-resisted|p2a: Iron Treads
|-damage|p2a: Iron Treads|51/100
|
|t:|1781223282
|switch|p1a: Ogerpon|Ogerpon-Wellspring, F|100/100|[from] U-turn
|-damage|p1a: Ogerpon|88/100|[from] Stealth Rock
|move|p2a: Iron Treads|Earthquake|p1a: Ogerpon
|-resisted|p1a: Ogerpon
|-damage|p1a: Ogerpon|57/100
|
|upkeep
|turn|9
|
|t:|1781223287
|-end|p2a: Iron Treads|Quark Drive|[silent]
|switch|p2a: Illumise|Illumise, F|100/100
|-damage|p2a: Illumise|76/100|[from] Stealth Rock
|move|p1a: Ogerpon|Ivy Cudgel|p2a: Illumise|[anim] Ivy Cudgel Water
|-damage|p2a: Illumise|23/100
|-enditem|p2a: Illumise|Eject Button
|
|t:|1781223294
|switch|p2a: Abomasnow|Abomasnow, M, shiny|100/100
|-damage|p2a: Abomasnow|76/100|[from] Stealth Rock
|-weather|Snowscape|[from] ability: Snow Warning|[of] p2a: Abomasnow
|
|-weather|Snowscape|[upkeep]
|upkeep
|turn|10
|
|t:|1781223299
|switch|p1a: Great Tusk|Great Tusk|43/100 brn
|-damage|p1a: Great Tusk|40/100 brn|[from] Stealth Rock
|move|p2a: Abomasnow|Aurora Veil|p2a: Abomasnow
|-sidestart|p2: somsleep|move: Aurora Veil
|
|-weather|Snowscape|[upkeep]
|-damage|p1a: Great Tusk|34/100 brn|[from] brn
|upkeep
|turn|11
|
|t:|1781223307
|switch|p2a: Illumise|Illumise, F|23/100
|-damage|p2a: Illumise|0 fnt|[from] Stealth Rock
|faint|p2a: Illumise
|move|p1a: Great Tusk|Rapid Spin|p2: Illumise|[notarget]
|-fail|p1a: Great Tusk
|
|-weather|Snowscape|[upkeep]
|-damage|p1a: Great Tusk|28/100 brn|[from] brn
|upkeep
|
|t:|1781223320
|switch|p2a: Cetitan|Cetitan, F|100/100
|-damage|p2a: Cetitan|76/100|[from] Stealth Rock
|turn|12
|
|t:|1781223324
|move|p2a: Cetitan|Earthquake|p1a: Great Tusk
|-damage|p1a: Great Tusk|2/100 brn
|move|p1a: Great Tusk|Rapid Spin|p2a: Cetitan
|-damage|p2a: Cetitan|73/100
|-boost|p1a: Great Tusk|spe|1
|-sideend|p1: Davy12345|Stealth Rock|[from] move: Rapid Spin|[of] p1a: Great Tusk
|
|-weather|Snowscape|[upkeep]
|-damage|p1a: Great Tusk|0 fnt|[from] brn
|faint|p1a: Great Tusk
|-end|p1a: Great Tusk|Protosynthesis|[silent]
|upkeep
|
|t:|1781223334
|switch|p1a: Kingambit|Kingambit, M|100/100
|-activate|p1a: Kingambit|ability: Supreme Overlord
|-start|p1a: Kingambit|fallen1|[silent]
|turn|13
|
|t:|1781223339
|move|p2a: Cetitan|Belly Drum|p2a: Cetitan
|-damage|p2a: Cetitan|23/100
|-setboost|p2a: Cetitan|atk|6|[from] move: Belly Drum
|-enditem|p2a: Cetitan|Sitrus Berry|[eat]
|-heal|p2a: Cetitan|48/100|[from] item: Sitrus Berry
|move|p1a: Kingambit|Iron Head|p2a: Cetitan
|-supereffective|p2a: Cetitan
|-damage|p2a: Cetitan|15/100
|
|-weather|Snowscape|[upkeep]
|upkeep
|turn|14
|
|t:|1781223343
|move|p2a: Cetitan|Ice Shard|p1a: Kingambit
|-resisted|p1a: Kingambit
|-damage|p1a: Kingambit|67/100
|move|p1a: Kingambit|Sucker Punch||[still]
|-fail|p1a: Kingambit
|
|-weather|Snowscape|[upkeep]
|-heal|p1a: Kingambit|73/100|[from] item: Leftovers
|-sideend|p2: somsleep|move: Aurora Veil
|upkeep
|turn|15
|j| TheSacredJackal⨕
|
|t:|1781223347
|move|p1a: Kingambit|Sucker Punch|p2a: Cetitan
|-damage|p2a: Cetitan|0 fnt
|faint|p2a: Cetitan
|
|-weather|Snowscape|[upkeep]
|-heal|p1a: Kingambit|80/100|[from] item: Leftovers
|upkeep
|
|t:|1781223351
|switch|p2a: Iron Treads|Iron Treads|51/100
|-damage|p2a: Iron Treads|48/100|[from] Stealth Rock
|turn|16
|l| TheSacredJackal⨕
|
|t:|1781223355
|move|p2a: Iron Treads|Rapid Spin|p1a: Kingambit
|-resisted|p1a: Kingambit
|-damage|p1a: Kingambit|73/100
|-boost|p2a: Iron Treads|spe|1
|-sideend|p2: somsleep|Stealth Rock|[from] move: Rapid Spin|[of] p2a: Iron Treads
|move|p1a: Kingambit|Kowtow Cleave|p2a: Iron Treads
|-damage|p2a: Iron Treads|0 fnt
|faint|p2a: Iron Treads
|-end|p2a: Iron Treads|Quark Drive|[silent]
|
|-weather|none
|-heal|p1a: Kingambit|79/100|[from] item: Leftovers
|upkeep
|
|t:|1781223359
|switch|p2a: Abomasnow|Abomasnow, M, shiny|76/100
|-weather|Snowscape|[from] ability: Snow Warning|[of] p2a: Abomasnow
|turn|17
|
|t:|1781223362
|move|p2a: Abomasnow|Aurora Veil|p2a: Abomasnow
|-sidestart|p2: somsleep|move: Aurora Veil
|move|p1a: Kingambit|Iron Head|p2a: Abomasnow
|-supereffective|p2a: Abomasnow
|-damage|p2a: Abomasnow|26/100
|
|-weather|Snowscape|[upkeep]
|-heal|p1a: Kingambit|85/100|[from] item: Leftovers
|upkeep
|turn|18
|
|t:|1781223366
|move|p2a: Abomasnow|Earth Power|p1a: Kingambit
|-supereffective|p1a: Kingambit
|-damage|p1a: Kingambit|30/100
|move|p1a: Kingambit|Iron Head|p2a: Abomasnow
|-supereffective|p2a: Abomasnow
|-damage|p2a: Abomasnow|0 fnt
|faint|p2a: Abomasnow
|
|-weather|Snowscape|[upkeep]
|-heal|p1a: Kingambit|36/100|[from] item: Leftovers
|upkeep
|
|t:|1781223369
|switch|p2a: Keldeo|Keldeo-Resolute|100/100
|turn|19
|
|t:|1781223374
|move|p2a: Keldeo|Substitute|p2a: Keldeo
|-start|p2a: Keldeo|Substitute
|-damage|p2a: Keldeo|76/100
|move|p1a: Kingambit|Kowtow Cleave|p2a: Keldeo
|-resisted|p2a: Keldeo
|-activate|p2a: Keldeo|move: Substitute|[damage]
|
|-weather|Snowscape|[upkeep]
|-heal|p2a: Keldeo|82/100|[from] item: Leftovers
|-heal|p1a: Kingambit|42/100|[from] item: Leftovers
|upkeep
|turn|20
|
|t:|1781223377
|move|p2a: Keldeo|Calm Mind|p2a: Keldeo
|-boost|p2a: Keldeo|spa|1
|-boost|p2a: Keldeo|spd|1
|move|p1a: Kingambit|Iron Head|p2a: Keldeo
|-resisted|p2a: Keldeo
|-end|p2a: Keldeo|Substitute
|
|-weather|Snowscape|[upkeep]
|-heal|p2a: Keldeo|88/100|[from] item: Leftovers
|-heal|p1a: Kingambit|48/100|[from] item: Leftovers
|upkeep
|turn|21
|
|t:|1781223384
|-end|p1a: Kingambit|fallen1|[silent]
|switch|p1a: Slowking|Slowking-Galar, F|100/100
|move|p2a: Keldeo|Substitute|p2a: Keldeo
|-start|p2a: Keldeo|Substitute
|-damage|p2a: Keldeo|63/100
|
|-weather|Snowscape|[upkeep]
|-heal|p2a: Keldeo|70/100|[from] item: Leftovers
|-sideend|p2: somsleep|move: Aurora Veil
|upkeep
|turn|22
|
|t:|1781223391
|-terastallize|p2a: Keldeo|Steel
|move|p2a: Keldeo|Calm Mind|p2a: Keldeo
|-boost|p2a: Keldeo|spa|1
|-boost|p2a: Keldeo|spd|1
|move|p1a: Slowking|Psyshock|p2a: Keldeo
|-resisted|p2a: Keldeo
|-activate|p2a: Keldeo|move: Substitute|[damage]
|
|-weather|Snowscape|[upkeep]
|-heal|p2a: Keldeo|76/100|[from] item: Leftovers
|upkeep
|turn|23
|
|t:|1781223394
|move|p2a: Keldeo|Calm Mind|p2a: Keldeo
|-boost|p2a: Keldeo|spa|1
|-boost|p2a: Keldeo|spd|1
|move|p1a: Slowking|Flamethrower|p2a: Keldeo
|-supereffective|p2a: Keldeo
|-end|p2a: Keldeo|Substitute
|
|-weather|Snowscape|[upkeep]
|-heal|p2a: Keldeo|82/100|[from] item: Leftovers
|upkeep
|turn|24
|
|t:|1781223397
|move|p2a: Keldeo|Substitute|p2a: Keldeo
|-start|p2a: Keldeo|Substitute
|-damage|p2a: Keldeo|57/100
|move|p1a: Slowking|Flamethrower|p2a: Keldeo
|-supereffective|p2a: Keldeo
|-activate|p2a: Keldeo|move: Substitute|[damage]
|
|-weather|none
|-heal|p2a: Keldeo|63/100|[from] item: Leftovers
|upkeep
|turn|25
|
|t:|1781223400
|move|p2a: Keldeo|Surf|p1a: Slowking
|-damage|p1a: Slowking|35/100
|move|p1a: Slowking|Flamethrower|p2a: Keldeo
|-supereffective|p2a: Keldeo
|-end|p2a: Keldeo|Substitute
|
|-heal|p2a: Keldeo|70/100|[from] item: Leftovers
|upkeep
|turn|26
|
|t:|1781223407
|switch|p1a: Ogerpon|Ogerpon-Wellspring, F|57/100
|move|p2a: Keldeo|Substitute|p2a: Keldeo
|-start|p2a: Keldeo|Substitute
|-damage|p2a: Keldeo|45/100
|
|-heal|p2a: Keldeo|51/100|[from] item: Leftovers
|upkeep
|turn|27
|
|t:|1781223413
|move|p1a: Ogerpon|Play Rough|p2a: Keldeo
|-resisted|p2a: Keldeo
|-activate|p2a: Keldeo|move: Substitute|[damage]
|move|p2a: Keldeo|Secret Sword|p1a: Ogerpon
|-damage|p1a: Ogerpon|0 fnt
|faint|p1a: Ogerpon
|
|-heal|p2a: Keldeo|57/100|[from] item: Leftovers
|upkeep
|
|t:|1781223422
|switch|p1a: Dragapult|Dragapult, M|88/100
|turn|28
|
|t:|1781223424
|move|p1a: Dragapult|Dragon Darts|p2a: Keldeo
|-resisted|p2a: Keldeo
|-damage|p2a: Keldeo|46/100
|-anim|p1a: Dragapult|Dragon Darts|p2a: Keldeo
|-resisted|p2a: Keldeo
|-damage|p2a: Keldeo|33/100
|move|p2a: Keldeo|Surf|p1a: Dragapult
|-resisted|p1a: Dragapult
|-damage|p1a: Dragapult|0 fnt
|faint|p1a: Dragapult
|
|-heal|p2a: Keldeo|40/100|[from] item: Leftovers
|upkeep
|
|t:|1781223429
|switch|p1a: Raging Bolt|Raging Bolt|100/100
|-enditem|p1a: Raging Bolt|Booster Energy
|-activate|p1a: Raging Bolt|ability: Protosynthesis|[fromitem]
|-start|p1a: Raging Bolt|protosynthesisspa
|turn|29
|
|t:|1781223434
|move|p2a: Keldeo|Calm Mind|p2a: Keldeo
|-boost|p2a: Keldeo|spa|1
|-boost|p2a: Keldeo|spd|1
|move|p1a: Raging Bolt|Thunderbolt|p2a: Keldeo
|-end|p2a: Keldeo|Substitute
|
|-heal|p2a: Keldeo|46/100|[from] item: Leftovers
|upkeep
|turn|30
|
|t:|1781223440
|-terastallize|p1a: Raging Bolt|Fairy
|move|p2a: Keldeo|Secret Sword|p1a: Raging Bolt
|-resisted|p1a: Raging Bolt
|-damage|p1a: Raging Bolt|39/100
|move|p1a: Raging Bolt|Thunderbolt|p2a: Keldeo
|-damage|p2a: Keldeo|17/100
|
|-heal|p2a: Keldeo|23/100|[from] item: Leftovers
|upkeep
|turn|31
|
|t:|1781223447
|move|p2a: Keldeo|Surf|p1a: Raging Bolt
|-damage|p1a: Raging Bolt|0 fnt
|faint|p1a: Raging Bolt
|-end|p1a: Raging Bolt|Protosynthesis|[silent]
|
|-heal|p2a: Keldeo|29/100|[from] item: Leftovers
|upkeep
|
|t:|1781223449
|switch|p1a: Slowking|Slowking-Galar, F|68/100
|turn|32
|
|t:|1781223453
|move|p2a: Keldeo|Substitute|p2a: Keldeo
|-start|p2a: Keldeo|Substitute
|-damage|p2a: Keldeo|5/100
|move|p1a: Slowking|Flamethrower|p2a: Keldeo
|-supereffective|p2a: Keldeo
|-activate|p2a: Keldeo|move: Substitute|[damage]
|
|-heal|p2a: Keldeo|11/100|[from] item: Leftovers
|upkeep
|turn|33
|
|t:|1781223458
|move|p2a: Keldeo|Surf|p1a: Slowking
|-damage|p1a: Slowking|0 fnt
|faint|p1a: Slowking
|
|-heal|p2a: Keldeo|17/100|[from] item: Leftovers
|upkeep
|-message|Davy12345 forfeited.
|
|win|somsleep
|raw|Davy12345's rating: 1546 &rarr; <strong>1528</strong><br />(-18 for losing)
|raw|somsleep's rating: 1580 &rarr; <strong>1598</strong><br />(+18 for winning)
|l|☆Davy12345
|player|p1|
|l|☆somsleep
|player|p2|
