|j|☆Floundso
|j|☆blackgokuking
|t:|1781117551
|gametype|singles
|player|p1|Floundso|giovanni|1732
|player|p2|blackgokuking|101|1692
|gen|9
|tier|[Gen 9] OU
|rated|
|rule|HP Percentage Mod: HP is shown in percentages
|rule|Endless Battle Clause: Forcing endless battles is banned
|rule|Species Clause: Limit one of each Pokémon
|rule|OHKO Clause: OHKO moves are banned
|rule|Evasion Items Clause: Evasion items are banned
|rule|Evasion Moves Clause: Evasion moves are banned
|rule|Evasion Abilities Clause: Evasion abilities are banned
|rule|Sleep Moves Clause: Sleep-inducing moves are banned
|clearpoke
|poke|p1|Hoopa-Unbound|
|poke|p1|Pecharunt|
|poke|p1|Landorus-Therian, M|
|poke|p1|Cinderace, M|
|poke|p1|Alomomola, M|
|poke|p1|Iron Valiant|
|poke|p2|Kingambit, F|
|poke|p2|Kommo-o, M|
|poke|p2|Iron Valiant|
|poke|p2|Kyurem|
|poke|p2|Iron Treads|
|poke|p2|Iron Crown|
|teampreview
|inactive|Battle timer is ON: inactive players will automatically lose when time's up. (requested by blackgokuking)
|inactive|Floundso has 120 seconds left.
|
|t:|1781117639
|teamsize|p1|6
|teamsize|p2|6
|start
|switch|p1a: Khaos|Hoopa-Unbound|100/100
|switch|p2a: Iron Crown|Iron Crown|100/100
|-enditem|p2a: Iron Crown|Booster Energy
|-activate|p2a: Iron Crown|ability: Quark Drive|[fromitem]
|-start|p2a: Iron Crown|quarkdrivespe
|turn|1
|
|t:|1781117664
|-end|p2a: Iron Crown|Quark Drive|[silent]
|switch|p2a: Iron Treads|Iron Treads|100/100
|-enditem|p2a: Iron Treads|Booster Energy
|-activate|p2a: Iron Treads|ability: Quark Drive|[fromitem]
|-start|p2a: Iron Treads|quarkdrivespe
|move|p1a: Khaos|Hyperspace Fury|p2a: Iron Treads
|-damage|p2a: Iron Treads|22/100
|-unboost|p1a: Khaos|def|1
|
|upkeep
|turn|2
|
|t:|1781117673
|switch|p1a: Pisces|Alomomola, M, shiny|100/100
|move|p2a: Iron Treads|Earthquake|p1a: Pisces
|-damage|p1a: Pisces|75/100
|
|upkeep
|turn|3
|
|t:|1781117680
|move|p2a: Iron Treads|Endeavor|p1a: Pisces
|-damage|p1a: Pisces|16/100
|move|p1a: Pisces|Flip Turn|p2a: Iron Treads
|-supereffective|p2a: Iron Treads
|-damage|p2a: Iron Treads|0 fnt
|faint|p2a: Iron Treads
|-end|p2a: Iron Treads|Quark Drive|[silent]
|
|t:|1781117691
|switch|p1a: Calamity|Iron Valiant, shiny|100/100|[from] Flip Turn
|
|upkeep
|
|t:|1781117694
|switch|p2a: Iron Crown|Iron Crown|100/100
|turn|4
|
|t:|1781117713
|-end|p1a: Calamity|Quark Drive|[silent]
|switch|p1a: Liberacy|Cinderace, M, shiny|100/100
|move|p2a: Iron Crown|Calm Mind|p2a: Iron Crown
|-boost|p2a: Iron Crown|spa|1
|-boost|p2a: Iron Crown|spd|1
|
|upkeep
|turn|5
|
|t:|1781117718
|move|p1a: Liberacy|Pyro Ball|p2a: Iron Crown
|-supereffective|p2a: Iron Crown
|-damage|p2a: Iron Crown|0 fnt
|faint|p2a: Iron Crown
|-end|p2a: Iron Crown|Quark Drive|[silent]
|
|upkeep
|
|t:|1781117721
|switch|p2a: Kyurem|Kyurem|100/100
|-ability|p2a: Kyurem|Pressure
|turn|6
|
|t:|1781117724
|move|p1a: Liberacy|Pyro Ball|p2a: Kyurem
|-damage|p2a: Kyurem|48/100
|move|p2a: Kyurem|Dragon Dance|p2a: Kyurem
|-boost|p2a: Kyurem|atk|1
|-boost|p2a: Kyurem|spe|1
|
|upkeep
|turn|7
|
|t:|1781117739
|switch|p1a: Pisces|Alomomola, M, shiny|49/100
|move|p2a: Kyurem|Scale Shot|p1a: Pisces
|-damage|p1a: Pisces|36/100
|-crit|p1a: Pisces
|-damage|p1a: Pisces|16/100
|-damage|p1a: Pisces|3/100
|-damage|p1a: Pisces|0 fnt
|faint|p1a: Pisces
|-hitcount|p1: Pisces|4
|-unboost|p2a: Kyurem|def|1
|-boost|p2a: Kyurem|spe|1
|
|upkeep
|
|t:|1781117744
|switch|p1a: Overseer|Pecharunt|100/100
|turn|8
|
|t:|1781117749
|move|p2a: Kyurem|Earth Power|p1a: Overseer
|-supereffective|p1a: Overseer
|-damage|p1a: Overseer|48/100
|move|p1a: Overseer|Foul Play|p2a: Kyurem
|-damage|p2a: Kyurem|0 fnt
|faint|p2a: Kyurem
|
|upkeep
|
|t:|1781117760
|switch|p2a: Iron Valiant|Iron Valiant|100/100
|-enditem|p2a: Iron Valiant|Booster Energy
|-activate|p2a: Iron Valiant|ability: Quark Drive|[fromitem]
|-start|p2a: Iron Valiant|quarkdrivespe
|turn|9
|
|t:|1781117772
|move|p2a: Iron Valiant|Shadow Ball|p1a: Overseer
|-supereffective|p1a: Overseer
|-damage|p1a: Overseer|0 fnt
|faint|p1a: Overseer
|
|upkeep
|
|t:|1781117785
|switch|p1a: Liberacy|Cinderace, M, shiny|100/100
|turn|10
|
|t:|1781117794
|move|p2a: Iron Valiant|Shadow Ball|p1a: Liberacy
|-damage|p1a: Liberacy|65/100
|-unboost|p1a: Liberacy|spd|1
|move|p1a: Liberacy|Pyro Ball|p2a: Iron Valiant
|-damage|p2a: Iron Valiant|22/100
|
|upkeep
|turn|11
|
|t:|1781117800
|move|p2a: Iron Valiant|Focus Blast|p1a: Liberacy|[miss]
|-miss|p2a: Iron Valiant|p1a: Liberacy
|move|p1a: Liberacy|Pyro Ball|p2a: Iron Valiant
|-damage|p2a: Iron Valiant|0 fnt
|faint|p2a: Iron Valiant
|-end|p2a: Iron Valiant|Quark Drive|[silent]
|
|upkeep
|
|t:|1781117803
|switch|p2a: Kommo-o|Kommo-o, M|100/100
|turn|12
|
|t:|1781117807
|move|p1a: Liberacy|U-turn|p2a: Kommo-o
|-start|p1a: Liberacy|typechange|Bug|[from] ability: Libero
|-resisted|p2a: Kommo-o
|-damage|p2a: Kommo-o|87/100
|
|t:|1781117811
|switch|p1a: Khaos|Hoopa-Unbound|100/100|[from] U-turn
|move|p2a: Kommo-o|Clangorous Soul|p2a: Kommo-o
|-boost|p2a: Kommo-o|atk|1
|-boost|p2a: Kommo-o|def|1
|-boost|p2a: Kommo-o|spa|1
|-boost|p2a: Kommo-o|spd|1
|-boost|p2a: Kommo-o|spe|1
|-damage|p2a: Kommo-o|54/100
|
|-heal|p2a: Kommo-o|60/100|[from] item: Leftovers
|upkeep
|turn|13
|
|t:|1781117825
|-terastallize|p2a: Kommo-o|Ghost
|move|p2a: Kommo-o|Drain Punch|p1a: Khaos
|-damage|p1a: Khaos|26/100
|-heal|p2a: Kommo-o|93/100|[from] drain|[of] p1a: Khaos
|move|p1a: Khaos|Zen Headbutt|p2a: Kommo-o
|-damage|p2a: Kommo-o|50/100
|
|-heal|p2a: Kommo-o|56/100|[from] item: Leftovers
|upkeep
|turn|14
|
|t:|1781117834
|move|p2a: Kommo-o|Drain Punch|p1a: Khaos
|-damage|p1a: Khaos|0 fnt
|-heal|p2a: Kommo-o|68/100|[from] drain|[of] p1a: Khaos
|faint|p1a: Khaos
|
|-heal|p2a: Kommo-o|74/100|[from] item: Leftovers
|upkeep
|
|t:|1781117843
|switch|p1a: Enten|Landorus-Therian, M, shiny|100/100
|-ability|p1a: Enten|Intimidate|boost
|-unboost|p2a: Kommo-o|atk|1
|turn|15
|
|t:|1781117849
|move|p1a: Enten|Earthquake|p2a: Kommo-o
|-damage|p2a: Kommo-o|41/100
|move|p2a: Kommo-o|Clangorous Soul|p2a: Kommo-o
|-boost|p2a: Kommo-o|atk|1
|-boost|p2a: Kommo-o|def|1
|-boost|p2a: Kommo-o|spa|1
|-boost|p2a: Kommo-o|spd|1
|-boost|p2a: Kommo-o|spe|1
|-damage|p2a: Kommo-o|8/100
|
|-heal|p2a: Kommo-o|14/100|[from] item: Leftovers
|upkeep
|turn|16
|
|t:|1781117857
|move|p2a: Kommo-o|Shadow Claw|p1a: Enten
|-damage|p1a: Enten|55/100
|move|p1a: Enten|Earthquake|p2a: Kommo-o
|-damage|p2a: Kommo-o|0 fnt
|faint|p2a: Kommo-o
|
|upkeep
|
|t:|1781117862
|switch|p2a: Kingambit|Kingambit, F|100/100
|-activate|p2a: Kingambit|ability: Supreme Overlord
|-start|p2a: Kingambit|fallen5|[silent]
|turn|17
|
|t:|1781117865
|switch|p1a: Liberacy|Cinderace, M, shiny|65/100
|move|p2a: Kingambit|Iron Head|p1a: Liberacy
|-resisted|p1a: Liberacy
|-damage|p1a: Liberacy|14/100
|
|upkeep
|turn|18
|
|t:|1781117868
|move|p2a: Kingambit|Sucker Punch|p1a: Liberacy
|-damage|p1a: Liberacy|0 fnt
|faint|p1a: Liberacy
|
|upkeep
|
|t:|1781117871
|switch|p1a: Enten|Landorus-Therian, M, shiny|55/100
|-ability|p1a: Enten|Intimidate|boost
|-unboost|p2a: Kingambit|atk|1
|turn|19
|
|t:|1781117880
|move|p2a: Kingambit|Sucker Punch|p1a: Enten
|-damage|p1a: Enten|6/100
|move|p1a: Enten|Earthquake|p2a: Kingambit
|-supereffective|p2a: Kingambit
|-damage|p2a: Kingambit|6/100
|
|-heal|p2a: Kingambit|12/100|[from] item: Leftovers
|upkeep
|turn|20
|
|t:|1781117887
|move|p1a: Enten|Earthquake|p2a: Kingambit
|-supereffective|p2a: Kingambit
|-damage|p2a: Kingambit|0 fnt
|faint|p2a: Kingambit
|-end|p2a: Kingambit|fallen5|[silent]
|
|win|Floundso
|raw|Floundso's rating: 1713 &rarr; <strong>1732</strong><br />(+19 for winning)
|raw|blackgokuking's rating: 1692 &rarr; <strong>1673</strong><br />(-19 for losing)
|l|☆blackgokuking
|player|p2|
|l|☆Floundso
|player|p1|
