|j|☆guingil
|j|☆icylikedecember
|t:|1781363315
|gametype|singles
|player|p1|guingil|170|1633
|player|p2|icylikedecember|smasher|1684
|gen|9
|tier|[Gen 9] OU
|rated|
|rule|HP Percentage Mod: HP is shown in percentages
|rule|Endless Battle Clause: Forcing endless battles is banned
|rule|Species Clause: Limit one of each Pokémon
|rule|OHKO Clause: OHKO moves are banned
|rule|Evasion Items Clause: Evasion items are banned
|rule|Evasion Moves Clause: Evasion moves are banned
|rule|Evasion Abilities Clause: Evasion abilities are banned
|rule|Sleep Moves Clause: Sleep-inducing moves are banned
|clearpoke
|poke|p1|Tyranitar, F|
|poke|p1|Hydrapple, F|
|poke|p1|Enamorus, F|
|poke|p1|Garganacl, F|
|poke|p1|Excadrill, F|
|poke|p1|Alomomola, F|
|poke|p2|Corviknight, F|
|poke|p2|Slowking-Galar, M|
|poke|p2|Darkrai|
|poke|p2|Kyurem|
|poke|p2|Zamazenta-*|
|poke|p2|Crawdaunt, F|
|teampreview
|inactive|Battle timer is ON: inactive players will automatically lose when time's up. (requested by icylikedecember)
|
|t:|1781363331
|teamsize|p1|6
|teamsize|p2|6
|start
|switch|p1a: Enamorus|Enamorus, F|100/100
|switch|p2a: Crawdaunt|Crawdaunt, F|100/100
|turn|1
|
|t:|1781363335
|switch|p2a: Slowking|Slowking-Galar, M, shiny|100/100
|move|p1a: Enamorus|Moonblast|p2a: Slowking
|-resisted|p2a: Slowking
|-damage|p2a: Slowking|87/100
|-unboost|p2a: Slowking|spa|1
|
|upkeep
|turn|2
|
|t:|1781363341
|switch|p1a: Tyranitar|Tyranitar, F|100/100
|-weather|Sandstorm|[from] ability: Sand Stream|[of] p1a: Tyranitar
|switch|p2a: Crawdaunt|Crawdaunt, F|100/100
|
|-weather|Sandstorm|[upkeep]
|-damage|p2a: Crawdaunt|95/100|[from] Sandstorm
|upkeep
|turn|3
|
|t:|1781363345
|switch|p1a: Hydrapple|Hydrapple, F|100/100
|move|p2a: Crawdaunt|Knock Off|p1a: Hydrapple
|-damage|p1a: Hydrapple|46/100
|-damage|p2a: Crawdaunt|78/100|[from] item: Rocky Helmet|[of] p1a: Hydrapple
|-enditem|p1a: Hydrapple|Rocky Helmet|[from] move: Knock Off|[of] p2a: Crawdaunt
|
|-weather|Sandstorm|[upkeep]
|-damage|p2a: Crawdaunt|72/100|[from] Sandstorm
|-damage|p1a: Hydrapple|40/100|[from] Sandstorm
|upkeep
|turn|4
|
|t:|1781363353
|move|p2a: Crawdaunt|Knock Off|p1a: Hydrapple
|-damage|p1a: Hydrapple|0 fnt
|faint|p1a: Hydrapple
|
|-weather|Sandstorm|[upkeep]
|-damage|p2a: Crawdaunt|66/100|[from] Sandstorm
|upkeep
|
|t:|1781363362
|switch|p1a: Enamorus|Enamorus, F|100/100
|turn|5
|
|t:|1781363365
|switch|p1a: Tyranitar|Tyranitar, F|100/100
|switch|p2a: Slowking|Slowking-Galar, M, shiny|100/100
|
|-weather|Sandstorm|[upkeep]
|-damage|p2a: Slowking|94/100|[from] Sandstorm
|upkeep
|turn|6
|
|t:|1781363372
|switch|p2a: Corviknight|Corviknight, F, shiny|100/100
|-ability|p2a: Corviknight|Pressure
|move|p1a: Tyranitar|Knock Off|p2a: Corviknight
|-damage|p2a: Corviknight|52/100
|-damage|p1a: Tyranitar|84/100|[from] item: Rocky Helmet|[of] p2a: Corviknight
|-enditem|p2a: Corviknight|Rocky Helmet|[from] move: Knock Off|[of] p1a: Tyranitar
|
|-weather|none
|upkeep
|turn|7
|
|t:|1781363379
|switch|p1a: Garganacl|Garganacl, F|100/100
|move|p2a: Corviknight|U-turn|p1a: Garganacl
|-damage|p1a: Garganacl|91/100
|
|t:|1781363382
|switch|p2a: Crawdaunt|Crawdaunt, F|66/100|[from] U-turn
|
|-heal|p1a: Garganacl|97/100|[from] item: Leftovers
|upkeep
|turn|8
|
|t:|1781363387
|switch|p1a: Alomomola|Alomomola, F|100/100
|move|p2a: Crawdaunt|Knock Off|p1a: Alomomola
|-damage|p1a: Alomomola|30/100
|-enditem|p1a: Alomomola|Assault Vest|[from] move: Knock Off|[of] p2a: Crawdaunt
|
|upkeep
|turn|9
|
|t:|1781363395
|switch|p1a: Enamorus|Enamorus, F|100/100
|move|p2a: Crawdaunt|Knock Off|p1a: Enamorus
|-resisted|p1a: Enamorus
|-damage|p1a: Enamorus|22/100
|-enditem|p1a: Enamorus|Choice Scarf|[from] move: Knock Off|[of] p2a: Crawdaunt
|
|upkeep
|turn|10
|
|t:|1781363401
|switch|p2a: Slowking|Slowking-Galar, M, shiny|100/100
|move|p1a: Enamorus|Earth Power|p2a: Slowking
|-supereffective|p2a: Slowking
|-damage|p2a: Slowking|66/100
|
|upkeep
|turn|11
|
|t:|1781363411
|move|p1a: Enamorus|Earth Power|p2a: Slowking
|-supereffective|p2a: Slowking
|-damage|p2a: Slowking|33/100
|move|p2a: Slowking|Sludge Bomb|p1a: Enamorus
|-supereffective|p1a: Enamorus
|-crit|p1a: Enamorus
|-damage|p1a: Enamorus|0 fnt
|faint|p1a: Enamorus
|
|upkeep
|
|t:|1781363414
|switch|p1a: Tyranitar|Tyranitar, F|84/100
|-weather|Sandstorm|[from] ability: Sand Stream|[of] p1a: Tyranitar
|turn|12
|
|t:|1781363421
|switch|p1a: Garganacl|Garganacl, F|97/100
|switch|p2a: Corviknight|Corviknight, F, shiny|52/100
|-ability|p2a: Corviknight|Pressure
|
|-weather|Sandstorm|[upkeep]
|-heal|p1a: Garganacl|100/100|[from] item: Leftovers
|upkeep
|turn|13
|
|t:|1781363424
|move|p2a: Corviknight|U-turn|p1a: Garganacl
|-damage|p1a: Garganacl|92/100
|
|t:|1781363430
|switch|p2a: Crawdaunt|Crawdaunt, F|66/100|[from] U-turn
|move|p1a: Garganacl|Salt Cure|p2a: Crawdaunt
|-damage|p2a: Crawdaunt|47/100
|-start|p2a: Crawdaunt|Salt Cure
|
|-weather|Sandstorm|[upkeep]
|-damage|p2a: Crawdaunt|41/100|[from] Sandstorm
|-heal|p1a: Garganacl|98/100|[from] item: Leftovers
|-damage|p2a: Crawdaunt|16/100|[from] Salt Cure
|upkeep
|turn|14
|
|t:|1781363435
|switch|p2a: Kyurem|Kyurem|100/100
|-ability|p2a: Kyurem|Pressure
|move|p1a: Garganacl|Protect||[still]
|-fail|p1a: Garganacl
|
|-weather|Sandstorm|[upkeep]
|-damage|p2a: Kyurem|94/100|[from] Sandstorm
|-heal|p1a: Garganacl|100/100|[from] item: Leftovers
|upkeep
|turn|15
|
|t:|1781363445
|-terastallize|p1a: Garganacl|Fairy
|move|p2a: Kyurem|Earth Power|p1a: Garganacl
|-damage|p1a: Garganacl|68/100
|move|p1a: Garganacl|Stealth Rock|p2a: Kyurem
|-sidestart|p2: icylikedecember|move: Stealth Rock
|
|-weather|Sandstorm|[upkeep]
|-damage|p2a: Kyurem|88/100|[from] Sandstorm
|-damage|p1a: Garganacl|62/100|[from] Sandstorm
|-heal|p1a: Garganacl|68/100|[from] item: Leftovers
|upkeep
|turn|16
|
|t:|1781363454
|switch|p2a: Corviknight|Corviknight, F, shiny|52/100
|-damage|p2a: Corviknight|39/100|[from] Stealth Rock
|-ability|p2a: Corviknight|Pressure
|move|p1a: Garganacl|Salt Cure|p2a: Corviknight
|-damage|p2a: Corviknight|31/100
|-start|p2a: Corviknight|Salt Cure
|
|-weather|none
|-heal|p1a: Garganacl|74/100|[from] item: Leftovers
|-damage|p2a: Corviknight|6/100|[from] Salt Cure
|upkeep
|turn|17
|
|t:|1781363465
|move|p2a: Corviknight|Roost|p2a: Corviknight
|-heal|p2a: Corviknight|56/100
|-singleturn|p2a: Corviknight|move: Roost
|move|p1a: Garganacl|Stealth Rock||[still]
|-fail|p1a: Garganacl
|
|-heal|p1a: Garganacl|80/100|[from] item: Leftovers
|-damage|p2a: Corviknight|32/100|[from] Salt Cure
|upkeep
|turn|18
|
|t:|1781363471
|move|p2a: Corviknight|Roost|p2a: Corviknight
|-heal|p2a: Corviknight|82/100
|-singleturn|p2a: Corviknight|move: Roost
|move|p1a: Garganacl|Recover|p1a: Garganacl
|-heal|p1a: Garganacl|100/100
|
|-damage|p2a: Corviknight|57/100|[from] Salt Cure
|upkeep
|turn|19
|
|t:|1781363475
|switch|p1a: Tyranitar|Tyranitar, F|84/100
|-weather|Sandstorm|[from] ability: Sand Stream|[of] p1a: Tyranitar
|move|p2a: Corviknight|Defog|p1a: Tyranitar
|-unboost|p1a: Tyranitar|evasion|1
|-sideend|p2: icylikedecember|Stealth Rock|[from] move: Defog|[of] p2a: Corviknight
|
|-weather|Sandstorm|[upkeep]
|-damage|p2a: Corviknight|32/100|[from] Salt Cure
|upkeep
|turn|20
|
|t:|1781363490
|switch|p2a: Slowking|Slowking-Galar, M, shiny|67/100
|move|p1a: Tyranitar|Low Kick|p2a: Slowking
|-resisted|p2a: Slowking
|-damage|p2a: Slowking|54/100
|
|-weather|Sandstorm|[upkeep]
|-damage|p2a: Slowking|48/100|[from] Sandstorm
|upkeep
|turn|21
|
|t:|1781363495
|switch|p1a: Excadrill|Excadrill, F|100/100
|move|p2a: Slowking|Flamethrower|p1a: Excadrill
|-supereffective|p1a: Excadrill
|-damage|p1a: Excadrill|20/100
|
|-weather|Sandstorm|[upkeep]
|-damage|p2a: Slowking|42/100|[from] Sandstorm
|-heal|p1a: Excadrill|26/100|[from] item: Leftovers
|upkeep
|turn|22
|
|t:|1781363506
|switch|p2a: Corviknight|Corviknight, F, shiny|32/100
|-ability|p2a: Corviknight|Pressure
|move|p1a: Excadrill|Rock Slide|p2a: Corviknight
|-damage|p2a: Corviknight|17/100
|
|-weather|Sandstorm|[upkeep]
|-heal|p1a: Excadrill|32/100|[from] item: Leftovers
|upkeep
|turn|23
|
|t:|1781363512
|move|p1a: Excadrill|Rock Slide|p2a: Corviknight
|-damage|p2a: Corviknight|0 fnt
|faint|p2a: Corviknight
|
|-weather|none
|-heal|p1a: Excadrill|38/100|[from] item: Leftovers
|upkeep
|
|t:|1781363520
|switch|p2a: Darkrai|Darkrai|100/100
|turn|24
|
|t:|1781363522
|switch|p1a: Tyranitar|Tyranitar, F|84/100
|-weather|Sandstorm|[from] ability: Sand Stream|[of] p1a: Tyranitar
|move|p2a: Darkrai|Dark Pulse|p1a: Tyranitar
|-resisted|p1a: Tyranitar
|-damage|p1a: Tyranitar|71/100
|
|-weather|Sandstorm|[upkeep]
|-damage|p2a: Darkrai|94/100|[from] Sandstorm
|upkeep
|turn|25
|
|t:|1781363530
|switch|p1a: Alomomola|Alomomola, F|64/100
|move|p2a: Darkrai|Focus Blast|p1a: Alomomola
|-damage|p1a: Alomomola|28/100
|
|-weather|Sandstorm|[upkeep]
|-damage|p2a: Darkrai|88/100|[from] Sandstorm
|-damage|p1a: Alomomola|22/100|[from] Sandstorm
|upkeep
|turn|26
|
|t:|1781363538
|switch|p1a: Garganacl|Garganacl, F, tera:Fairy|100/100
|move|p2a: Darkrai|Dark Pulse|p1a: Garganacl
|-resisted|p1a: Garganacl
|-crit|p1a: Garganacl
|-damage|p1a: Garganacl|78/100
|
|-weather|Sandstorm|[upkeep]
|-damage|p2a: Darkrai|82/100|[from] Sandstorm
|-damage|p1a: Garganacl|72/100|[from] Sandstorm
|-heal|p1a: Garganacl|78/100|[from] item: Leftovers
|upkeep
|turn|27
|
|t:|1781363540
|move|p2a: Darkrai|Sludge Bomb|p1a: Garganacl
|-supereffective|p1a: Garganacl
|-damage|p1a: Garganacl|27/100
|move|p1a: Garganacl|Salt Cure|p2a: Darkrai
|-damage|p2a: Darkrai|64/100
|-start|p2a: Darkrai|Salt Cure
|
|-weather|Sandstorm|[upkeep]
|-damage|p2a: Darkrai|58/100|[from] Sandstorm
|-damage|p1a: Garganacl|20/100|[from] Sandstorm
|-heal|p1a: Garganacl|27/100|[from] item: Leftovers
|-damage|p2a: Darkrai|46/100|[from] Salt Cure
|upkeep
|turn|28
|
|t:|1781363544
|move|p1a: Garganacl|Protect|p1a: Garganacl
|-singleturn|p1a: Garganacl|Protect
|move|p2a: Darkrai|Sludge Bomb|p1a: Garganacl
|-activate|p1a: Garganacl|move: Protect
|
|-weather|none
|-heal|p1a: Garganacl|33/100|[from] item: Leftovers
|-damage|p2a: Darkrai|33/100|[from] Salt Cure
|upkeep
|turn|29
|
|t:|1781363546
|move|p1a: Garganacl|Protect|p1a: Garganacl
|-singleturn|p1a: Garganacl|Protect
|move|p2a: Darkrai|Sludge Bomb|p1a: Garganacl
|-activate|p1a: Garganacl|move: Protect
|
|-heal|p1a: Garganacl|39/100|[from] item: Leftovers
|-damage|p2a: Darkrai|21/100|[from] Salt Cure
|upkeep
|turn|30
|
|t:|1781363552
|switch|p1a: Tyranitar|Tyranitar, F|71/100
|-weather|Sandstorm|[from] ability: Sand Stream|[of] p1a: Tyranitar
|move|p2a: Darkrai|Sludge Bomb|p1a: Tyranitar
|-resisted|p1a: Tyranitar
|-damage|p1a: Tyranitar|60/100
|
|-weather|Sandstorm|[upkeep]
|-damage|p2a: Darkrai|15/100|[from] Sandstorm
|-damage|p2a: Darkrai|2/100|[from] Salt Cure
|upkeep
|turn|31
|
|t:|1781363559
|switch|p1a: Garganacl|Garganacl, F, tera:Fairy|39/100
|move|p2a: Darkrai|Focus Blast|p1a: Garganacl|[miss]
|-miss|p2a: Darkrai|p1a: Garganacl
|
|-weather|Sandstorm|[upkeep]
|-damage|p2a: Darkrai|0 fnt|[from] Sandstorm
|-damage|p1a: Garganacl|33/100|[from] Sandstorm
|faint|p2a: Darkrai
|-heal|p1a: Garganacl|39/100|[from] item: Leftovers
|upkeep
|
|t:|1781363563
|switch|p2a: Kyurem|Kyurem|88/100
|-ability|p2a: Kyurem|Pressure
|turn|32
|
|t:|1781363576
|-terastallize|p2a: Kyurem|Ground
|move|p2a: Kyurem|Earth Power|p1a: Garganacl
|-damage|p1a: Garganacl|0 fnt
|faint|p1a: Garganacl
|
|-weather|Sandstorm|[upkeep]
|upkeep
|
|t:|1781363583
|switch|p1a: Excadrill|Excadrill, F|38/100
|turn|33
|
|t:|1781363587
|switch|p2a: Zamazenta|Zamazenta|100/100
|-ability|p2a: Zamazenta|Dauntless Shield|boost
|-boost|p2a: Zamazenta|def|1
|move|p1a: Excadrill|Earthquake|p2a: Zamazenta
|-damage|p2a: Zamazenta|77/100
|
|-weather|Sandstorm|[upkeep]
|-damage|p2a: Zamazenta|70/100|[from] Sandstorm
|-heal|p1a: Excadrill|44/100|[from] item: Leftovers
|-heal|p2a: Zamazenta|77/100|[from] item: Leftovers
|upkeep
|turn|34
|
|t:|1781363591
|switch|p1a: Alomomola|Alomomola, F|55/100
|move|p2a: Zamazenta|Body Press|p1a: Alomomola
|-damage|p1a: Alomomola|24/100
|
|-weather|none
|-heal|p2a: Zamazenta|83/100|[from] item: Leftovers
|upkeep
|turn|35
|
|t:|1781363594
|move|p2a: Zamazenta|Body Press|p1a: Alomomola
|-damage|p1a: Alomomola|0 fnt
|faint|p1a: Alomomola
|
|-heal|p2a: Zamazenta|89/100|[from] item: Leftovers
|upkeep
|j| realooos
|-message|guingil forfeited.
|
|win|icylikedecember
|raw|guingil's rating: 1633 &rarr; <strong>1616</strong><br />(-17 for losing)
|raw|icylikedecember's rating: 1684 &rarr; <strong>1701</strong><br />(+17 for winning)
|l|☆guingil
|player|p1|
|l|☆icylikedecember
|player|p2|
