|j|☆KurisuChestnutOU
|j|☆DragoDar
|t:|1781173937
|gametype|singles
|player|p1|KurisuChestnutOU|may-contest|1549
|player|p2|DragoDar|drayden|1493
|gen|9
|tier|[Gen 9] OU
|rated|
|rule|HP Percentage Mod: HP is shown in percentages
|rule|Endless Battle Clause: Forcing endless battles is banned
|rule|Species Clause: Limit one of each Pokémon
|rule|OHKO Clause: OHKO moves are banned
|rule|Evasion Items Clause: Evasion items are banned
|rule|Evasion Moves Clause: Evasion moves are banned
|rule|Evasion Abilities Clause: Evasion abilities are banned
|rule|Sleep Moves Clause: Sleep-inducing moves are banned
|clearpoke
|poke|p1|Gliscor, M|
|poke|p1|Dondozo, F|
|poke|p1|Slowking-Galar, F|
|poke|p1|Gholdengo|
|poke|p1|Great Tusk|
|poke|p1|Kingambit, F|
|poke|p2|Tyranitar, M|
|poke|p2|Moltres|
|poke|p2|Dragapult, F|
|poke|p2|Corviknight, M|
|poke|p2|Heatran, F|
|poke|p2|Excadrill, F|
|teampreview
|inactive|Battle timer is ON: inactive players will automatically lose when time's up. (requested by DragoDar)
|inactive|KurisuChestnutOU also wants the timer to be on.
|
|t:|1781173945
|teamsize|p1|6
|teamsize|p2|6
|start
|switch|p1a: Dondozo|Dondozo, F|100/100
|switch|p2a: Tyranitar|Tyranitar, M|100/100
|-weather|Sandstorm|[from] ability: Sand Stream|[of] p2a: Tyranitar
|turn|1
|
|t:|1781173951
|switch|p1a: Gliscor|Gliscor, M|100/100
|move|p2a: Tyranitar|Stone Edge|p1a: Gliscor
|-crit|p1a: Gliscor
|-damage|p1a: Gliscor|17/100
|
|-weather|Sandstorm|[upkeep]
|-status|p1a: Gliscor|tox|[from] item: Toxic Orb
|upkeep
|turn|2
|
|t:|1781173956
|move|p1a: Gliscor|Earthquake|p2a: Tyranitar
|-supereffective|p2a: Tyranitar
|-damage|p2a: Tyranitar|38/100
|move|p2a: Tyranitar|Stone Edge|p1a: Gliscor
|-damage|p1a: Gliscor|0 fnt
|faint|p1a: Gliscor
|
|-weather|Sandstorm|[upkeep]
|upkeep
|
|t:|1781173959
|switch|p1a: Gholdengo|Gholdengo|100/100
|-item|p1a: Gholdengo|Air Balloon
|turn|3
|
|t:|1781173967
|switch|p2a: Heatran|Heatran, F|100/100
|move|p1a: Gholdengo|Nasty Plot|p1a: Gholdengo
|-boost|p1a: Gholdengo|spa|2
|
|-weather|Sandstorm|[upkeep]
|upkeep
|turn|4
|
|t:|1781173974
|-terastallize|p1a: Gholdengo|Flying
|move|p2a: Heatran|Protect|p2a: Heatran
|-singleturn|p2a: Heatran|Protect
|move|p1a: Gholdengo|Shadow Ball|p2a: Heatran
|-activate|p2a: Heatran|move: Protect
|
|-weather|Sandstorm|[upkeep]
|-damage|p1a: Gholdengo|94/100|[from] Sandstorm
|upkeep
|turn|5
|
|t:|1781173980
|move|p1a: Gholdengo|Shadow Ball|p2a: Heatran
|-damage|p2a: Heatran|47/100
|move|p2a: Heatran|Magma Storm|p1a: Gholdengo
|-damage|p1a: Gholdengo|38/100
|-activate|p1a: Gholdengo|move: Magma Storm|[of] p2a: Heatran
|-enditem|p1a: Gholdengo|Air Balloon
|
|-weather|none
|-heal|p2a: Heatran|54/100|[from] item: Leftovers
|-damage|p1a: Gholdengo|26/100|[from] move: Magma Storm|[partiallytrapped]
|upkeep
|turn|6
|
|t:|1781173984
|move|p2a: Heatran|Protect|p2a: Heatran
|-singleturn|p2a: Heatran|Protect
|move|p1a: Gholdengo|Shadow Ball|p2a: Heatran
|-activate|p2a: Heatran|move: Protect
|
|-heal|p2a: Heatran|60/100|[from] item: Leftovers
|-damage|p1a: Gholdengo|13/100|[from] move: Magma Storm|[partiallytrapped]
|upkeep
|turn|7
|
|t:|1781173990
|move|p1a: Gholdengo|Shadow Ball|p2a: Heatran
|-damage|p2a: Heatran|4/100
|move|p2a: Heatran|Stealth Rock|p1a: Gholdengo
|-sidestart|p1: KurisuChestnutOU|move: Stealth Rock
|
|-heal|p2a: Heatran|11/100|[from] item: Leftovers
|-damage|p1a: Gholdengo|1/100|[from] move: Magma Storm|[partiallytrapped]
|upkeep
|turn|8
|
|t:|1781173993
|move|p2a: Heatran|Protect|p2a: Heatran
|-singleturn|p2a: Heatran|Protect
|move|p1a: Gholdengo|Make It Rain|p2a: Heatran
|-activate|p2a: Heatran|move: Protect
|
|-heal|p2a: Heatran|17/100|[from] item: Leftovers
|-damage|p1a: Gholdengo|0 fnt|[from] move: Magma Storm|[partiallytrapped]
|faint|p1a: Gholdengo
|upkeep
|
|t:|1781173998
|switch|p1a: Great Tusk|Great Tusk|100/100
|turn|9
|
|t:|1781174003
|move|p1a: Great Tusk|Rapid Spin|p2a: Heatran
|-resisted|p2a: Heatran
|-crit|p2a: Heatran
|-damage|p2a: Heatran|6/100
|-boost|p1a: Great Tusk|spe|1
|-sideend|p1: KurisuChestnutOU|Stealth Rock|[from] move: Rapid Spin|[of] p1a: Great Tusk
|move|p2a: Heatran|Magma Storm|p1a: Great Tusk|[miss]
|-miss|p2a: Heatran|p1a: Great Tusk
|
|-heal|p2a: Heatran|13/100|[from] item: Leftovers
|upkeep
|turn|10
|
|t:|1781174006
|move|p1a: Great Tusk|Knock Off|p2a: Heatran
|-damage|p2a: Heatran|0 fnt
|-enditem|p2a: Heatran|Leftovers|[from] move: Knock Off|[of] p1a: Great Tusk
|faint|p2a: Heatran
|
|upkeep
|
|t:|1781174010
|switch|p2a: Moltres|Moltres|100/100
|turn|11
|
|t:|1781174013
|-end|p1a: Great Tusk|Protosynthesis|[silent]
|switch|p1a: Slowking|Slowking-Galar, F|100/100
|move|p2a: Moltres|Will-O-Wisp|p1a: Slowking
|-status|p1a: Slowking|brn
|
|-damage|p1a: Slowking|94/100 brn|[from] brn
|upkeep
|turn|12
|
|t:|1781174018
|move|p2a: Moltres|Flamethrower|p1a: Slowking
|-damage|p1a: Slowking|80/100 brn
|move|p1a: Slowking|Sludge Bomb|p2a: Moltres
|-damage|p2a: Moltres|65/100
|
|-damage|p1a: Slowking|74/100 brn|[from] brn
|upkeep
|turn|13
|
|t:|1781174024
|move|p2a: Moltres|U-turn|p1a: Slowking
|-damage|p1a: Slowking|59/100 brn
|
|t:|1781174027
|switch|p2a: Excadrill|Excadrill, F|100/100|[from] U-turn
|-item|p2a: Excadrill|Air Balloon
|move|p1a: Slowking|Sludge Bomb|p2a: Excadrill
|-immune|p2a: Excadrill
|
|-damage|p1a: Slowking|53/100 brn|[from] brn
|upkeep
|turn|14
|
|t:|1781174036
|switch|p2a: Dragapult|Dragapult, F|100/100
|switch|p1a: Dondozo|Dondozo, F|100/100
|
|upkeep
|turn|15
|
|t:|1781174042
|move|p2a: Dragapult|Will-O-Wisp|p1a: Dondozo|[miss]
|-miss|p2a: Dragapult|p1a: Dondozo
|move|p1a: Dondozo|Wave Crash|p2a: Dragapult
|-resisted|p2a: Dragapult
|-damage|p2a: Dragapult|73/100
|-damage|p1a: Dondozo|95/100|[from] Recoil
|
|-heal|p1a: Dondozo|100/100|[from] item: Leftovers
|upkeep
|turn|16
|
|t:|1781174049
|switch|p1a: Slowking|Slowking-Galar, F|86/100 brn
|move|p2a: Dragapult|Hex|p1a: Slowking
|-supereffective|p1a: Slowking
|-damage|p1a: Slowking|45/100 brn
|
|-damage|p1a: Slowking|39/100 brn|[from] brn
|upkeep
|turn|17
|
|t:|1781174055
|switch|p1a: Kingambit|Kingambit, F|100/100
|-activate|p1a: Kingambit|ability: Supreme Overlord
|-start|p1a: Kingambit|fallen2|[silent]
|move|p2a: Dragapult|Will-O-Wisp|p1a: Kingambit
|-status|p1a: Kingambit|brn
|
|-damage|p1a: Kingambit|94/100 brn|[from] brn
|upkeep
|turn|18
|
|t:|1781174060
|switch|p2a: Corviknight|Corviknight, M|100/100
|-ability|p2a: Corviknight|Pressure
|-end|p1a: Kingambit|fallen2|[silent]
|switch|p1a: Slowking|Slowking-Galar, F|72/100 brn
|
|-damage|p1a: Slowking|66/100 brn|[from] brn
|upkeep
|turn|19
|
|t:|1781174068
|switch|p1a: Dondozo|Dondozo, F|100/100
|move|p2a: Corviknight|Brave Bird|p1a: Dondozo
|-damage|p1a: Dondozo|85/100
|-damage|p2a: Corviknight|94/100|[from] Recoil
|
|-heal|p1a: Dondozo|91/100|[from] item: Leftovers
|upkeep
|turn|20
|
|t:|1781174074
|move|p2a: Corviknight|U-turn|p1a: Dondozo
|-damage|p1a: Dondozo|85/100
|
|t:|1781174076
|switch|p2a: Dragapult|Dragapult, F|73/100|[from] U-turn
|move|p1a: Dondozo|Wave Crash|p2a: Dragapult
|-resisted|p2a: Dragapult
|-damage|p2a: Dragapult|45/100
|-damage|p1a: Dondozo|79/100|[from] Recoil
|
|-heal|p1a: Dondozo|85/100|[from] item: Leftovers
|upkeep
|turn|21
|
|t:|1781174084
|move|p2a: Dragapult|U-turn|p1a: Dondozo
|-damage|p1a: Dondozo|75/100
|
|t:|1781174087
|switch|p2a: Corviknight|Corviknight, M|94/100|[from] U-turn
|-ability|p2a: Corviknight|Pressure
|move|p1a: Dondozo|Wave Crash|p2a: Corviknight
|-damage|p2a: Corviknight|67/100
|-damage|p1a: Dondozo|59/100|[from] item: Rocky Helmet|[of] p2a: Corviknight
|-damage|p1a: Dondozo|51/100|[from] Recoil
|
|-heal|p1a: Dondozo|58/100|[from] item: Leftovers
|upkeep
|turn|22
|
|t:|1781174091
|move|p2a: Corviknight|Roost|p2a: Corviknight
|-heal|p2a: Corviknight|100/100
|-singleturn|p2a: Corviknight|move: Roost
|move|p1a: Dondozo|Wave Crash|p2a: Corviknight
|-crit|p2a: Corviknight
|-damage|p2a: Corviknight|61/100
|-damage|p1a: Dondozo|41/100|[from] item: Rocky Helmet|[of] p2a: Corviknight
|-damage|p1a: Dondozo|31/100|[from] Recoil
|
|-heal|p1a: Dondozo|37/100|[from] item: Leftovers
|upkeep
|turn|23
|
|t:|1781174099
|move|p2a: Corviknight|Brave Bird|p1a: Dondozo
|-damage|p1a: Dondozo|20/100
|-damage|p2a: Corviknight|54/100|[from] Recoil
|move|p1a: Dondozo|Rest|p1a: Dondozo
|-status|p1a: Dondozo|slp|[from] move: Rest
|-heal|p1a: Dondozo|100/100 slp|[silent]
|
|upkeep
|turn|24
|
|t:|1781174103
|switch|p2a: Tyranitar|Tyranitar, M|38/100
|-weather|Sandstorm|[from] ability: Sand Stream|[of] p2a: Tyranitar
|cant|p1a: Dondozo|slp
|move|p1a: Dondozo|Sleep Talk|p1a: Dondozo
|move|p1a: Dondozo|Rest||[from] move: Sleep Talk|[still]
|-fail|p1a: Dondozo
|
|-weather|Sandstorm|[upkeep]
|-damage|p1a: Dondozo|94/100 slp|[from] Sandstorm
|-heal|p1a: Dondozo|100/100 slp|[from] item: Leftovers
|upkeep
|turn|25
|
|t:|1781174109
|move|p2a: Tyranitar|Knock Off|p1a: Dondozo
|-damage|p1a: Dondozo|65/100 slp
|-enditem|p1a: Dondozo|Leftovers|[from] move: Knock Off|[of] p2a: Tyranitar
|cant|p1a: Dondozo|slp
|move|p1a: Dondozo|Sleep Talk|p1a: Dondozo
|move|p1a: Dondozo|Wave Crash|p2a: Tyranitar|[from] move: Sleep Talk
|-supereffective|p2a: Tyranitar
|-damage|p2a: Tyranitar|0 fnt
|faint|p2a: Tyranitar
|-damage|p1a: Dondozo|56/100 slp|[from] Recoil
|
|-weather|Sandstorm|[upkeep]
|-damage|p1a: Dondozo|50/100 slp|[from] Sandstorm
|upkeep
|
|t:|1781174116
|switch|p2a: Dragapult|Dragapult, F|45/100
|turn|26
|
|t:|1781174121
|switch|p1a: Kingambit|Kingambit, F|94/100 brn
|-activate|p1a: Kingambit|ability: Supreme Overlord
|-start|p1a: Kingambit|fallen2|[silent]
|move|p2a: Dragapult|Hex|p1a: Kingambit
|-resisted|p1a: Kingambit
|-damage|p1a: Kingambit|63/100 brn
|
|-weather|Sandstorm|[upkeep]
|-damage|p2a: Dragapult|39/100|[from] Sandstorm
|-heal|p1a: Kingambit|69/100 brn|[from] item: Leftovers
|-damage|p1a: Kingambit|63/100 brn|[from] brn
|upkeep
|turn|27
|
|t:|1781174127
|switch|p2a: Moltres|Moltres|65/100
|-end|p1a: Kingambit|fallen2|[silent]
|switch|p1a: Dondozo|Dondozo, F|50/100 slp
|
|-weather|Sandstorm|[upkeep]
|-damage|p2a: Moltres|59/100|[from] Sandstorm
|-damage|p1a: Dondozo|44/100 slp|[from] Sandstorm
|upkeep
|turn|28
|
|t:|1781174130
|move|p2a: Moltres|U-turn|p1a: Dondozo
|-damage|p1a: Dondozo|37/100 slp
|
|t:|1781174133
|switch|p2a: Dragapult|Dragapult, F|39/100|[from] U-turn
|-curestatus|p1a: Dondozo|slp|[msg]
|move|p1a: Dondozo|Wave Crash|p2a: Dragapult
|-resisted|p2a: Dragapult
|-damage|p2a: Dragapult|11/100
|-damage|p1a: Dondozo|31/100|[from] Recoil
|
|-weather|none
|upkeep
|turn|29
|
|t:|1781174139
|switch|p1a: Kingambit|Kingambit, F|63/100 brn
|-activate|p1a: Kingambit|ability: Supreme Overlord
|-start|p1a: Kingambit|fallen2|[silent]
|move|p2a: Dragapult|Hex|p1a: Kingambit
|-resisted|p1a: Kingambit
|-damage|p1a: Kingambit|33/100 brn
|
|-heal|p1a: Kingambit|39/100 brn|[from] item: Leftovers
|-damage|p1a: Kingambit|33/100 brn|[from] brn
|upkeep
|turn|30
|
|t:|1781174145
|-end|p1a: Kingambit|fallen2|[silent]
|switch|p1a: Dondozo|Dondozo, F|31/100
|move|p2a: Dragapult|U-turn|p1a: Dondozo
|-damage|p1a: Dondozo|23/100
|
|t:|1781174150
|switch|p2a: Excadrill|Excadrill, F|100/100|[from] U-turn
|-item|p2a: Excadrill|Air Balloon
|
|upkeep
|turn|31
|
|t:|1781174153
|switch|p1a: Kingambit|Kingambit, F|33/100 brn
|-activate|p1a: Kingambit|ability: Supreme Overlord
|-start|p1a: Kingambit|fallen2|[silent]
|move|p2a: Excadrill|Earthquake|p1a: Kingambit
|-supereffective|p1a: Kingambit
|-damage|p1a: Kingambit|0 fnt
|faint|p1a: Kingambit
|-end|p1a: Kingambit|fallen2|[silent]
|
|upkeep
|
|t:|1781174160
|switch|p1a: Great Tusk|Great Tusk|100/100
|turn|32
|
|t:|1781174167
|-terastallize|p2a: Excadrill|Ghost
|move|p1a: Great Tusk|Knock Off|p2a: Excadrill
|-supereffective|p2a: Excadrill
|-damage|p2a: Excadrill|9/100
|-enditem|p2a: Excadrill|Air Balloon
|move|p2a: Excadrill|Swords Dance|p2a: Excadrill
|-boost|p2a: Excadrill|atk|2
|
|upkeep
|turn|33
|
|t:|1781174176
|switch|p2a: Moltres|Moltres|59/100
|move|p1a: Great Tusk|Knock Off|p2a: Moltres
|-damage|p2a: Moltres|33/100
|-enditem|p2a: Moltres|Heavy-Duty Boots|[from] move: Knock Off|[of] p1a: Great Tusk
|
|upkeep
|turn|34
|
|t:|1781174180
|-end|p1a: Great Tusk|Protosynthesis|[silent]
|switch|p1a: Slowking|Slowking-Galar, F|99/100 brn
|move|p2a: Moltres|Roost|p2a: Moltres
|-heal|p2a: Moltres|83/100
|-singleturn|p2a: Moltres|move: Roost
|
|-damage|p1a: Slowking|93/100 brn|[from] brn
|upkeep
|turn|35
|
|t:|1781174185
|move|p2a: Moltres|U-turn|p1a: Slowking
|-damage|p1a: Slowking|79/100 brn
|
|t:|1781174187
|switch|p2a: Corviknight|Corviknight, M|54/100|[from] U-turn
|-ability|p2a: Corviknight|Pressure
|move|p1a: Slowking|Sludge Bomb|p2a: Corviknight
|-immune|p2a: Corviknight
|
|-damage|p1a: Slowking|73/100 brn|[from] brn
|upkeep
|turn|36
|
|t:|1781174191
|move|p2a: Corviknight|Roost|p2a: Corviknight
|-heal|p2a: Corviknight|100/100
|-singleturn|p2a: Corviknight|move: Roost
|move|p1a: Slowking|Flamethrower|p2a: Corviknight
|-supereffective|p2a: Corviknight
|-damage|p2a: Corviknight|61/100
|
|-damage|p1a: Slowking|67/100 brn|[from] brn
|upkeep
|turn|37
|
|t:|1781174199
|switch|p1a: Great Tusk|Great Tusk|100/100
|move|p2a: Corviknight|Roost|p2a: Corviknight
|-heal|p2a: Corviknight|100/100
|-singleturn|p2a: Corviknight|move: Roost
|
|upkeep
|turn|38
|
|t:|1781174206
|-end|p1a: Great Tusk|Protosynthesis|[silent]
|switch|p1a: Slowking|Slowking-Galar, F|99/100 brn
|move|p2a: Corviknight|Brave Bird|p1a: Slowking
|-damage|p1a: Slowking|63/100 brn
|-damage|p2a: Corviknight|88/100|[from] Recoil
|
|-damage|p1a: Slowking|57/100 brn|[from] brn
|upkeep
|turn|39
|
|t:|1781174213
|switch|p1a: Great Tusk|Great Tusk|100/100
|move|p2a: Corviknight|Brave Bird|p1a: Great Tusk
|-supereffective|p1a: Great Tusk
|-damage|p1a: Great Tusk|45/100
|-damage|p2a: Corviknight|71/100|[from] Recoil
|
|upkeep
|turn|40
|
|t:|1781174217
|-end|p1a: Great Tusk|Protosynthesis|[silent]
|switch|p1a: Slowking|Slowking-Galar, F|91/100 brn
|move|p2a: Corviknight|Brave Bird|p1a: Slowking
|-damage|p1a: Slowking|54/100 brn
|-damage|p2a: Corviknight|59/100|[from] Recoil
|
|-damage|p1a: Slowking|48/100 brn|[from] brn
|upkeep
|turn|41
|
|t:|1781174222
|move|p2a: Corviknight|Roost|p2a: Corviknight
|-heal|p2a: Corviknight|100/100
|-singleturn|p2a: Corviknight|move: Roost
|move|p1a: Slowking|Flamethrower|p2a: Corviknight
|-supereffective|p2a: Corviknight
|-damage|p2a: Corviknight|61/100
|
|-damage|p1a: Slowking|42/100 brn|[from] brn
|upkeep
|turn|42
|
|t:|1781174228
|switch|p1a: Dondozo|Dondozo, F|23/100
|move|p2a: Corviknight|Roost|p2a: Corviknight
|-heal|p2a: Corviknight|100/100
|-singleturn|p2a: Corviknight|move: Roost
|
|upkeep
|turn|43
|
|t:|1781174232
|move|p2a: Corviknight|Brave Bird|p1a: Dondozo
|-damage|p1a: Dondozo|6/100
|-damage|p2a: Corviknight|93/100|[from] Recoil
|move|p1a: Dondozo|Wave Crash|p2a: Corviknight
|-damage|p2a: Corviknight|67/100
|-damage|p1a: Dondozo|0 fnt|[from] item: Rocky Helmet|[of] p2a: Corviknight
|faint|p1a: Dondozo
|
|upkeep
|
|t:|1781174238
|switch|p1a: Slowking|Slowking-Galar, F|75/100 brn
|turn|44
|
|t:|1781174241
|move|p2a: Corviknight|Roost|p2a: Corviknight
|-heal|p2a: Corviknight|100/100
|-singleturn|p2a: Corviknight|move: Roost
|move|p1a: Slowking|Flamethrower|p2a: Corviknight
|-supereffective|p2a: Corviknight
|-damage|p2a: Corviknight|58/100
|
|-damage|p1a: Slowking|69/100 brn|[from] brn
|upkeep
|turn|45
|
|t:|1781174245
|move|p2a: Corviknight|Roost|p2a: Corviknight
|-heal|p2a: Corviknight|100/100
|-singleturn|p2a: Corviknight|move: Roost
|move|p1a: Slowking|Flamethrower|p2a: Corviknight
|-supereffective|p2a: Corviknight
|-damage|p2a: Corviknight|59/100
|
|-damage|p1a: Slowking|63/100 brn|[from] brn
|upkeep
|turn|46
|
|t:|1781174251
|move|p2a: Corviknight|Roost|p2a: Corviknight
|-heal|p2a: Corviknight|100/100
|-singleturn|p2a: Corviknight|move: Roost
|move|p1a: Slowking|Flamethrower|p2a: Corviknight
|-supereffective|p2a: Corviknight
|-damage|p2a: Corviknight|61/100
|
|-damage|p1a: Slowking|57/100 brn|[from] brn
|upkeep
|turn|47
|
|t:|1781174256
|move|p2a: Corviknight|Brave Bird|p1a: Slowking
|-damage|p1a: Slowking|19/100 brn
|-damage|p2a: Corviknight|49/100|[from] Recoil
|move|p1a: Slowking|Flamethrower|p2a: Corviknight
|-supereffective|p2a: Corviknight
|-damage|p2a: Corviknight|12/100
|
|-damage|p1a: Slowking|13/100 brn|[from] brn
|upkeep
|turn|48
|
|t:|1781174260
|move|p2a: Corviknight|Brave Bird|p1a: Slowking
|-damage|p1a: Slowking|0 fnt
|faint|p1a: Slowking
|-damage|p2a: Corviknight|8/100|[from] Recoil
|
|upkeep
|
|t:|1781174265
|switch|p1a: Great Tusk|Great Tusk|45/100
|turn|49
|
|t:|1781174268
|move|p1a: Great Tusk|Knock Off|p2a: Corviknight
|-damage|p2a: Corviknight|0 fnt
|-damage|p1a: Great Tusk|29/100|[from] item: Rocky Helmet|[of] p2a: Corviknight
|-enditem|p2a: Corviknight|Rocky Helmet|[from] move: Knock Off|[of] p1a: Great Tusk
|faint|p2a: Corviknight
|
|upkeep
|
|t:|1781174270
|switch|p2a: Moltres|Moltres|83/100
|turn|50
|
|t:|1781174273
|move|p1a: Great Tusk|Ice Spinner|p2a: Moltres
|-damage|p2a: Moltres|62/100
|-status|p1a: Great Tusk|brn|[from] ability: Flame Body|[of] p2a: Moltres
|move|p2a: Moltres|Will-O-Wisp|p1a: Great Tusk
|-fail|p1a: Great Tusk|brn
|
|-damage|p1a: Great Tusk|22/100 brn|[from] brn
|upkeep
|turn|51
|
|t:|1781174276
|move|p1a: Great Tusk|Rapid Spin|p2a: Moltres
|-damage|p2a: Moltres|56/100
|-boost|p1a: Great Tusk|spe|1
|move|p2a: Moltres|Flamethrower|p1a: Great Tusk
|-crit|p1a: Great Tusk
|-damage|p1a: Great Tusk|0 fnt
|faint|p1a: Great Tusk
|-end|p1a: Great Tusk|Protosynthesis|[silent]
|
|win|DragoDar
|raw|KurisuChestnutOU's rating: 1532 &rarr; <strong>1510</strong><br />(-22 for losing)
|raw|DragoDar's rating: 1493 &rarr; <strong>1515</strong><br />(+22 for winning)
|l|☆KurisuChestnutOU
|player|p1|
