|j|☆KurisuChestnutOU
|j|☆waybuloo
|t:|1781138901
|gametype|singles
|player|p1|KurisuChestnutOU|may-contest|1529
|player|p2|waybuloo|erika-gen1rb|1549
|gen|9
|tier|[Gen 9] OU
|rated|
|rule|HP Percentage Mod: HP is shown in percentages
|rule|Endless Battle Clause: Forcing endless battles is banned
|rule|Species Clause: Limit one of each Pokémon
|rule|OHKO Clause: OHKO moves are banned
|rule|Evasion Items Clause: Evasion items are banned
|rule|Evasion Moves Clause: Evasion moves are banned
|rule|Evasion Abilities Clause: Evasion abilities are banned
|rule|Sleep Moves Clause: Sleep-inducing moves are banned
|clearpoke
|poke|p1|Ting-Lu|
|poke|p1|Corviknight, F|
|poke|p1|Clodsire, F|
|poke|p1|Moltres|
|poke|p1|Dragapult, M|
|poke|p1|Garganacl, M|
|poke|p2|Tyranitar, M|
|poke|p2|Excadrill, M|
|poke|p2|Latios, M|
|poke|p2|Moltres|
|poke|p2|Chesnaught, M|
|poke|p2|Kingambit, F|
|teampreview
|inactive|Battle timer is ON: inactive players will automatically lose when time's up. (requested by KurisuChestnutOU)
|
|t:|1781138912
|teamsize|p1|6
|teamsize|p2|6
|start
|switch|p1a: Ting-Lu|Ting-Lu|100/100
|switch|p2a: Chesnaught|Chesnaught, M|100/100
|-ability|p1a: Ting-Lu|Vessel of Ruin
|turn|1
|
|t:|1781138918
|move|p2a: Chesnaught|Knock Off|p1a: Ting-Lu
|-resisted|p1a: Ting-Lu
|-damage|p1a: Ting-Lu|93/100
|-enditem|p1a: Ting-Lu|Leftovers|[from] move: Knock Off|[of] p2a: Chesnaught
|move|p1a: Ting-Lu|Stealth Rock|p2a: Chesnaught
|-sidestart|p2: waybuloo|move: Stealth Rock
|
|upkeep
|turn|2
|
|t:|1781138922
|move|p2a: Chesnaught|Body Press|p1a: Ting-Lu
|-supereffective|p1a: Ting-Lu
|-damage|p1a: Ting-Lu|44/100
|move|p1a: Ting-Lu|Ruination|p2a: Chesnaught|[miss]
|-miss|p1a: Ting-Lu|p2a: Chesnaught
|
|upkeep
|turn|3
|
|t:|1781138927
|switch|p1a: Moltres|Moltres|100/100
|move|p2a: Chesnaught|Body Press|p1a: Moltres
|-resisted|p1a: Moltres
|-damage|p1a: Moltres|86/100
|
|upkeep
|turn|4
|
|t:|1781138934
|move|p1a: Moltres|Flamethrower|p2a: Chesnaught
|-supereffective|p2a: Chesnaught
|-damage|p2a: Chesnaught|21/100
|move|p2a: Chesnaught|Knock Off|p1a: Moltres
|-damage|p1a: Moltres|69/100
|-enditem|p1a: Moltres|Heavy-Duty Boots|[from] move: Knock Off|[of] p2a: Chesnaught
|
|upkeep
|turn|5
|
|t:|1781138941
|switch|p2a: Tyranitar|Tyranitar, M|100/100
|-damage|p2a: Tyranitar|88/100|[from] Stealth Rock
|-weather|Sandstorm|[from] ability: Sand Stream|[of] p2a: Tyranitar
|move|p1a: Moltres|Flamethrower|p2a: Tyranitar
|-resisted|p2a: Tyranitar
|-damage|p2a: Tyranitar|76/100
|
|-weather|Sandstorm|[upkeep]
|-damage|p1a: Moltres|63/100|[from] Sandstorm
|upkeep
|turn|6
|
|t:|1781138949
|move|p1a: Moltres|Roost|p1a: Moltres
|-heal|p1a: Moltres|100/100
|-singleturn|p1a: Moltres|move: Roost
|move|p2a: Tyranitar|Stealth Rock|p1a: Moltres
|-sidestart|p1: KurisuChestnutOU|move: Stealth Rock
|
|-weather|Sandstorm|[upkeep]
|-damage|p1a: Moltres|94/100|[from] Sandstorm
|upkeep
|turn|7
|
|t:|1781138959
|switch|p2a: Moltres|Moltres|100/100
|move|p1a: Moltres|Flamethrower|p2a: Moltres
|-resisted|p2a: Moltres
|-damage|p2a: Moltres|88/100
|
|-weather|Sandstorm|[upkeep]
|-damage|p1a: Moltres|88/100|[from] Sandstorm
|-damage|p2a: Moltres|82/100|[from] Sandstorm
|upkeep
|turn|8
|
|t:|1781138963
|move|p1a: Moltres|Hurricane|p2a: Moltres|[miss]
|-miss|p1a: Moltres|p2a: Moltres
|move|p2a: Moltres|Flamethrower|p1a: Moltres
|-resisted|p1a: Moltres
|-damage|p1a: Moltres|69/100
|
|-weather|Sandstorm|[upkeep]
|-damage|p1a: Moltres|63/100|[from] Sandstorm
|-damage|p2a: Moltres|76/100|[from] Sandstorm
|upkeep
|turn|9
|
|t:|1781138967
|move|p1a: Moltres|Roost|p1a: Moltres
|-heal|p1a: Moltres|100/100
|-singleturn|p1a: Moltres|move: Roost
|move|p2a: Moltres|Roost|p2a: Moltres
|-heal|p2a: Moltres|100/100
|-singleturn|p2a: Moltres|move: Roost
|
|-weather|Sandstorm|[upkeep]
|-damage|p1a: Moltres|94/100|[from] Sandstorm
|-damage|p2a: Moltres|94/100|[from] Sandstorm
|upkeep
|turn|10
|
|t:|1781138978
|move|p1a: Moltres|Hurricane|p2a: Moltres
|-damage|p2a: Moltres|61/100
|move|p2a: Moltres|Flamethrower|p1a: Moltres
|-resisted|p1a: Moltres
|-damage|p1a: Moltres|74/100
|
|-weather|Sandstorm|[upkeep]
|-damage|p1a: Moltres|68/100|[from] Sandstorm
|-damage|p2a: Moltres|55/100|[from] Sandstorm
|upkeep
|turn|11
|
|t:|1781138982
|move|p1a: Moltres|Hurricane|p2a: Moltres|[miss]
|-miss|p1a: Moltres|p2a: Moltres
|move|p2a: Moltres|Roost|p2a: Moltres
|-heal|p2a: Moltres|100/100
|-singleturn|p2a: Moltres|move: Roost
|
|-weather|Sandstorm|[upkeep]
|-damage|p1a: Moltres|62/100|[from] Sandstorm
|-damage|p2a: Moltres|94/100|[from] Sandstorm
|upkeep
|turn|12
|
|t:|1781138986
|move|p1a: Moltres|Roost|p1a: Moltres
|-heal|p1a: Moltres|100/100
|-singleturn|p1a: Moltres|move: Roost
|move|p2a: Moltres|U-turn|p1a: Moltres
|-resisted|p1a: Moltres
|-crit|p1a: Moltres
|-damage|p1a: Moltres|93/100
|
|t:|1781138994
|switch|p2a: Latios|Latios, M|100/100|[from] U-turn
|-damage|p2a: Latios|88/100|[from] Stealth Rock
|
|-weather|none
|upkeep
|turn|13
|
|t:|1781139001
|switch|p1a: Corviknight|Corviknight, F|100/100
|-damage|p1a: Corviknight|88/100|[from] Stealth Rock
|-ability|p1a: Corviknight|Pressure
|move|p2a: Latios|Psychic Noise|p1a: Corviknight
|-resisted|p1a: Corviknight
|-damage|p1a: Corviknight|71/100
|-start|p1a: Corviknight|move: Heal Block
|
|upkeep
|turn|14
|
|t:|1781139009
|switch|p2a: Moltres|Moltres|94/100
|move|p1a: Corviknight|Brave Bird|p2a: Moltres
|-damage|p2a: Moltres|58/100
|-damage|p1a: Corviknight|60/100|[from] Recoil
|
|-end|p1a: Corviknight|move: Heal Block
|upkeep
|turn|15
|
|t:|1781139012
|switch|p1a: Garganacl|Garganacl, M|100/100
|-damage|p1a: Garganacl|88/100|[from] Stealth Rock
|move|p2a: Moltres|Flamethrower|p1a: Garganacl
|-resisted|p1a: Garganacl
|-damage|p1a: Garganacl|76/100
|
|-heal|p1a: Garganacl|82/100|[from] item: Leftovers
|upkeep
|turn|16
|
|t:|1781139016
|move|p2a: Moltres|U-turn|p1a: Garganacl
|-damage|p1a: Garganacl|73/100
|
|t:|1781139018
|switch|p2a: Chesnaught|Chesnaught, M|21/100|[from] U-turn
|-damage|p2a: Chesnaught|15/100|[from] Stealth Rock
|move|p1a: Garganacl|Salt Cure|p2a: Chesnaught
|-resisted|p2a: Chesnaught
|-damage|p2a: Chesnaught|11/100
|-start|p2a: Chesnaught|Salt Cure
|
|-heal|p1a: Garganacl|79/100|[from] item: Leftovers
|-damage|p2a: Chesnaught|0 fnt|[from] Salt Cure
|faint|p2a: Chesnaught
|upkeep
|
|t:|1781139026
|switch|p2a: Excadrill|Excadrill, M|100/100
|-damage|p2a: Excadrill|97/100|[from] Stealth Rock
|-item|p2a: Excadrill|Air Balloon
|turn|17
|
|t:|1781139031
|-terastallize|p1a: Garganacl|Water
|move|p2a: Excadrill|Rapid Spin|p1a: Garganacl
|-damage|p1a: Garganacl|66/100
|-boost|p2a: Excadrill|spe|1
|-sideend|p2: waybuloo|Stealth Rock|[from] move: Rapid Spin|[of] p2a: Excadrill
|move|p1a: Garganacl|Salt Cure|p2a: Excadrill
|-resisted|p2a: Excadrill
|-damage|p2a: Excadrill|93/100
|-start|p2a: Excadrill|Salt Cure
|-enditem|p2a: Excadrill|Air Balloon
|
|-heal|p1a: Garganacl|72/100|[from] item: Leftovers
|-damage|p2a: Excadrill|68/100|[from] Salt Cure
|upkeep
|turn|18
|
|t:|1781139038
|switch|p2a: Tyranitar|Tyranitar, M|76/100
|-weather|Sandstorm|[from] ability: Sand Stream|[of] p2a: Tyranitar
|move|p1a: Garganacl|Body Press|p2a: Tyranitar
|-supereffective|p2a: Tyranitar
|-damage|p2a: Tyranitar|0 fnt
|faint|p2a: Tyranitar
|
|-weather|Sandstorm|[upkeep]
|-damage|p1a: Garganacl|66/100|[from] Sandstorm
|-heal|p1a: Garganacl|72/100|[from] item: Leftovers
|upkeep
|
|t:|1781139043
|switch|p2a: Latios|Latios, M|88/100
|turn|19
|
|t:|1781139048
|move|p2a: Latios|Trick|p1a: Garganacl
|-activate|p2a: Latios|move: Trick|[of] p1a: Garganacl
|-item|p1a: Garganacl|Choice Scarf|[from] move: Trick
|-item|p2a: Latios|Leftovers|[from] move: Trick
|move|p1a: Garganacl|Salt Cure|p2a: Latios
|-damage|p2a: Latios|68/100
|-start|p2a: Latios|Salt Cure
|
|-weather|Sandstorm|[upkeep]
|-damage|p2a: Latios|62/100|[from] Sandstorm
|-damage|p1a: Garganacl|66/100|[from] Sandstorm
|-heal|p2a: Latios|68/100|[from] item: Leftovers
|-damage|p2a: Latios|56/100|[from] Salt Cure
|upkeep
|turn|20
|
|t:|1781139055
|move|p2a: Latios|Psychic Noise|p1a: Garganacl
|-crit|p1a: Garganacl
|-damage|p1a: Garganacl|29/100
|-start|p1a: Garganacl|move: Heal Block
|move|p1a: Garganacl|Salt Cure|p2a: Latios
|-damage|p2a: Latios|37/100
|
|-weather|Sandstorm|[upkeep]
|-damage|p2a: Latios|31/100|[from] Sandstorm
|-damage|p1a: Garganacl|23/100|[from] Sandstorm
|-heal|p2a: Latios|37/100|[from] item: Leftovers
|-damage|p2a: Latios|25/100|[from] Salt Cure
|upkeep
|turn|21
|
|t:|1781139064
|move|p2a: Latios|Psychic Noise|p1a: Garganacl
|-crit|p1a: Garganacl
|-damage|p1a: Garganacl|0 fnt
|faint|p1a: Garganacl
|
|-weather|Sandstorm|[upkeep]
|-damage|p2a: Latios|19/100|[from] Sandstorm
|-heal|p2a: Latios|25/100|[from] item: Leftovers
|-damage|p2a: Latios|12/100|[from] Salt Cure
|upkeep
|
|t:|1781139068
|switch|p1a: Corviknight|Corviknight, F|60/100
|-damage|p1a: Corviknight|47/100|[from] Stealth Rock
|-ability|p1a: Corviknight|Pressure
|turn|22
|
|t:|1781139075
|switch|p2a: Moltres|Moltres|58/100
|move|p1a: Corviknight|Defog|p2a: Moltres
|-unboost|p2a: Moltres|evasion|1
|-sideend|p1: KurisuChestnutOU|Stealth Rock|[from] move: Defog|[of] p1a: Corviknight
|
|-weather|Sandstorm|[upkeep]
|-damage|p2a: Moltres|52/100|[from] Sandstorm
|-heal|p1a: Corviknight|54/100|[from] item: Leftovers
|upkeep
|turn|23
|
|t:|1781139080
|switch|p1a: Ting-Lu|Ting-Lu|44/100
|-ability|p1a: Ting-Lu|Vessel of Ruin
|move|p2a: Moltres|Roost|p2a: Moltres
|-heal|p2a: Moltres|100/100
|-singleturn|p2a: Moltres|move: Roost
|
|-weather|Sandstorm|[upkeep]
|-damage|p2a: Moltres|94/100|[from] Sandstorm
|upkeep
|turn|24
|
|t:|1781139085
|move|p2a: Moltres|U-turn|p1a: Ting-Lu
|-supereffective|p1a: Ting-Lu
|-damage|p1a: Ting-Lu|29/100
|
|t:|1781139093
|switch|p2a: Excadrill|Excadrill, M|68/100|[from] U-turn
|move|p1a: Ting-Lu|Stealth Rock|p2a: Excadrill
|-sidestart|p2: waybuloo|move: Stealth Rock
|
|-weather|Sandstorm|[upkeep]
|upkeep
|turn|25
|
|t:|1781139096
|switch|p1a: Corviknight|Corviknight, F|54/100
|-ability|p1a: Corviknight|Pressure
|move|p2a: Excadrill|Earthquake|p1a: Corviknight
|-immune|p1a: Corviknight
|
|-weather|none
|-heal|p1a: Corviknight|60/100|[from] item: Leftovers
|upkeep
|turn|26
|
|t:|1781139107
|-terastallize|p2a: Excadrill|Ghost
|move|p2a: Excadrill|Swords Dance|p2a: Excadrill
|-boost|p2a: Excadrill|atk|2
|move|p1a: Corviknight|Roost|p1a: Corviknight
|-heal|p1a: Corviknight|100/100
|-singleturn|p1a: Corviknight|move: Roost
|
|upkeep
|turn|27
|
|t:|1781139114
|move|p2a: Excadrill|Rock Slide|p1a: Corviknight
|-damage|p1a: Corviknight|65/100
|move|p1a: Corviknight|Brave Bird|p2a: Excadrill
|-damage|p2a: Excadrill|13/100
|-damage|p1a: Corviknight|49/100|[from] Recoil
|
|-heal|p1a: Corviknight|55/100|[from] item: Leftovers
|upkeep
|turn|28
|
|t:|1781139121
|switch|p2a: Moltres|Moltres|94/100
|move|p1a: Corviknight|Roost|p1a: Corviknight
|-heal|p1a: Corviknight|100/100
|-singleturn|p1a: Corviknight|move: Roost
|
|upkeep
|turn|29
|
|t:|1781139129
|switch|p1a: Moltres|Moltres|93/100
|move|p2a: Moltres|U-turn|p1a: Moltres
|-resisted|p1a: Moltres
|-crit|p1a: Moltres
|-damage|p1a: Moltres|89/100
|
|t:|1781139130
|switch|p2a: Excadrill|Excadrill, M, tera:Ghost|13/100|[from] U-turn
|-damage|p2a: Excadrill|1/100|[from] Stealth Rock
|
|upkeep
|turn|30
|
|t:|1781139138
|switch|p1a: Corviknight|Corviknight, F|100/100
|-ability|p1a: Corviknight|Pressure
|move|p2a: Excadrill|Rock Slide|p1a: Corviknight
|-damage|p1a: Corviknight|83/100
|
|-heal|p1a: Corviknight|89/100|[from] item: Leftovers
|upkeep
|turn|31
|
|t:|1781139142
|move|p2a: Excadrill|Rapid Spin|p1a: Corviknight
|-resisted|p1a: Corviknight
|-damage|p1a: Corviknight|82/100
|-boost|p2a: Excadrill|spe|1
|-sideend|p2: waybuloo|Stealth Rock|[from] move: Rapid Spin|[of] p2a: Excadrill
|move|p1a: Corviknight|Brave Bird|p2a: Excadrill
|-damage|p2a: Excadrill|0 fnt
|faint|p2a: Excadrill
|-damage|p1a: Corviknight|82/100|[from] Recoil
|
|-heal|p1a: Corviknight|88/100|[from] item: Leftovers
|upkeep
|
|t:|1781139144
|switch|p2a: Moltres|Moltres|94/100
|turn|32
|
|t:|1781139148
|switch|p1a: Moltres|Moltres|89/100
|move|p2a: Moltres|U-turn|p1a: Moltres
|-resisted|p1a: Moltres
|-damage|p1a: Moltres|87/100
|
|t:|1781139152
|switch|p2a: Latios|Latios, M|12/100|[from] U-turn
|
|-heal|p2a: Latios|18/100|[from] item: Leftovers
|upkeep
|turn|33
|
|t:|1781139156
|move|p2a: Latios|Psychic Noise|p1a: Moltres
|-damage|p1a: Moltres|49/100
|-start|p1a: Moltres|move: Heal Block
|move|p1a: Moltres|Flamethrower|p2a: Latios
|-resisted|p2a: Latios
|-damage|p2a: Latios|0 fnt
|faint|p2a: Latios
|
|upkeep
|
|t:|1781139161
|switch|p2a: Moltres|Moltres|94/100
|turn|34
|
|t:|1781139164
|move|p1a: Moltres|Hurricane|p2a: Moltres|[miss]
|-miss|p1a: Moltres|p2a: Moltres
|move|p2a: Moltres|Flamethrower|p1a: Moltres
|-resisted|p1a: Moltres
|-damage|p1a: Moltres|30/100
|
|-end|p1a: Moltres|move: Heal Block
|upkeep
|turn|35
|
|t:|1781139172
|move|p1a: Moltres|Roost|p1a: Moltres
|-heal|p1a: Moltres|80/100
|-singleturn|p1a: Moltres|move: Roost
|move|p2a: Moltres|Flamethrower|p1a: Moltres
|-resisted|p1a: Moltres
|-damage|p1a: Moltres|62/100
|
|upkeep
|turn|36
|
|t:|1781139179
|move|p1a: Moltres|Roost|p1a: Moltres
|-heal|p1a: Moltres|100/100
|-singleturn|p1a: Moltres|move: Roost
|move|p2a: Moltres|Flamethrower|p1a: Moltres
|-resisted|p1a: Moltres
|-crit|p1a: Moltres
|-damage|p1a: Moltres|72/100
|
|upkeep
|turn|37
|
|t:|1781139185
|move|p1a: Moltres|Roost|p1a: Moltres
|-heal|p1a: Moltres|100/100
|-singleturn|p1a: Moltres|move: Roost
|move|p2a: Moltres|Flamethrower|p1a: Moltres
|-resisted|p1a: Moltres
|-damage|p1a: Moltres|81/100
|
|upkeep
|turn|38
|
|t:|1781139193
|move|p1a: Moltres|Hurricane|p2a: Moltres
|-damage|p2a: Moltres|64/100
|move|p2a: Moltres|Flamethrower|p1a: Moltres
|-resisted|p1a: Moltres
|-damage|p1a: Moltres|63/100
|
|upkeep
|turn|39
|
|t:|1781139196
|move|p1a: Moltres|Hurricane|p2a: Moltres
|-damage|p2a: Moltres|32/100
|move|p2a: Moltres|Roost|p2a: Moltres
|-heal|p2a: Moltres|82/100
|-singleturn|p2a: Moltres|move: Roost
|
|upkeep
|turn|40
|
|t:|1781139201
|move|p1a: Moltres|Roost|p1a: Moltres
|-heal|p1a: Moltres|100/100
|-singleturn|p1a: Moltres|move: Roost
|move|p2a: Moltres|Flamethrower|p1a: Moltres
|-resisted|p1a: Moltres
|-damage|p1a: Moltres|80/100
|
|upkeep
|turn|41
|
|t:|1781139204
|move|p1a: Moltres|Hurricane|p2a: Moltres
|-damage|p2a: Moltres|49/100
|move|p2a: Moltres|Flamethrower|p1a: Moltres
|-resisted|p1a: Moltres
|-damage|p1a: Moltres|61/100
|
|upkeep
|turn|42
|
|t:|1781139208
|move|p1a: Moltres|Hurricane|p2a: Moltres
|-damage|p2a: Moltres|15/100
|move|p2a: Moltres|Roost|p2a: Moltres
|-heal|p2a: Moltres|66/100
|-singleturn|p2a: Moltres|move: Roost
|
|upkeep
|turn|43
|
|t:|1781139213
|move|p1a: Moltres|Hurricane|p2a: Moltres
|-damage|p2a: Moltres|31/100
|move|p2a: Moltres|Flamethrower|p1a: Moltres
|-resisted|p1a: Moltres
|-damage|p1a: Moltres|42/100
|
|upkeep
|turn|44
|
|t:|1781139218
|move|p1a: Moltres|Hurricane|p2a: Moltres
|-damage|p2a: Moltres|0 fnt
|faint|p2a: Moltres
|
|upkeep
|
|t:|1781139220
|switch|p2a: Kingambit|Kingambit, F|100/100
|-activate|p2a: Kingambit|ability: Supreme Overlord
|-start|p2a: Kingambit|fallen5|[silent]
|turn|45
|
|t:|1781139226
|move|p1a: Moltres|Flamethrower|p2a: Kingambit
|-supereffective|p2a: Kingambit
|-damage|p2a: Kingambit|21/100
|move|p2a: Kingambit|Kowtow Cleave|p1a: Moltres
|-damage|p1a: Moltres|0 fnt
|faint|p1a: Moltres
|
|-heal|p2a: Kingambit|27/100|[from] item: Leftovers
|upkeep
|
|t:|1781139232
|switch|p1a: Corviknight|Corviknight, F|88/100
|-ability|p1a: Corviknight|Pressure
|turn|46
|
|t:|1781139237
|move|p1a: Corviknight|Body Press|p2a: Kingambit
|-supereffective|p2a: Kingambit
|-damage|p2a: Kingambit|0 fnt
|faint|p2a: Kingambit
|-end|p2a: Kingambit|fallen5|[silent]
|
|win|KurisuChestnutOU
|raw|KurisuChestnutOU's rating: 1493 &rarr; <strong>1516</strong><br />(+23 for winning)
|raw|waybuloo's rating: 1549 &rarr; <strong>1526</strong><br />(-23 for losing)
