|j|☆amiruae
|j|☆my2005
|t:|1781162674
|gametype|singles
|player|p1|amiruae|palmer|1569
|player|p2|my2005|101|1554
|gen|9
|tier|[Gen 9] OU
|rated|
|rule|HP Percentage Mod: HP is shown in percentages
|rule|Endless Battle Clause: Forcing endless battles is banned
|rule|Species Clause: Limit one of each Pokémon
|rule|OHKO Clause: OHKO moves are banned
|rule|Evasion Items Clause: Evasion items are banned
|rule|Evasion Moves Clause: Evasion moves are banned
|rule|Evasion Abilities Clause: Evasion abilities are banned
|rule|Sleep Moves Clause: Sleep-inducing moves are banned
|clearpoke
|poke|p1|Leavanny, M|
|poke|p1|Sinistcha|
|poke|p1|Tornadus-Therian, M|
|poke|p1|Iron Valiant|
|poke|p1|Gallade, M|
|poke|p1|Gardevoir, F|
|poke|p2|Kyurem|
|poke|p2|Cinderace, M|
|poke|p2|Hoopa-Unbound|
|poke|p2|Gliscor, F|
|poke|p2|Raging Bolt|
|poke|p2|Slowking-Galar, F|
|teampreview
|inactive|Battle timer is ON: inactive players will automatically lose when time's up. (requested by amiruae)
|
|t:|1781162695
|teamsize|p1|6
|teamsize|p2|6
|start
|switch|p1a: Leavanny|Leavanny, M|100/100
|switch|p2a: Slowking|Slowking-Galar, F|100/100
|turn|1
|j| testingrainteam1
|
|t:|1781162705
|move|p1a: Leavanny|Sticky Web|p2a: Slowking
|-sidestart|p2: my2005|move: Sticky Web
|move|p2a: Slowking|Trick Room|p2a: Slowking
|-fieldstart|move: Trick Room|[of] p2a: Slowking
|
|upkeep
|turn|2
|
|t:|1781162717
|switch|p1a: Sinistcha|Sinistcha|100/100
|move|p2a: Slowking|Sludge Wave|p1a: Sinistcha
|-damage|p1a: Sinistcha|21/100
|-damage|p2a: Slowking|91/100|[from] item: Life Orb
|
|upkeep
|turn|3
|l| testingrainteam1
|
|t:|1781162733
|move|p2a: Slowking|Sludge Wave|p1a: Sinistcha
|-damage|p1a: Sinistcha|0 fnt
|faint|p1a: Sinistcha
|-damage|p2a: Slowking|81/100|[from] item: Life Orb
|
|upkeep
|
|t:|1781162743
|switch|p1a: Gallade|Gallade, M|100/100
|turn|4
|
|t:|1781162746
|-terastallize|p1a: Gallade|Steel
|move|p2a: Slowking|Psychic|p1a: Gallade
|-resisted|p1a: Gallade
|-damage|p1a: Gallade|68/100
|-damage|p2a: Slowking|71/100|[from] item: Life Orb
|move|p1a: Gallade|Swords Dance|p1a: Gallade
|-boost|p1a: Gallade|atk|2
|
|upkeep
|turn|5
|inactive|my2005 has 120 seconds left.
|
|t:|1781162777
|switch|p2a: Gliscor|Gliscor, F|100/100
|move|p1a: Gallade|Psycho Cut|p2a: Gliscor
|-damage|p2a: Gliscor|9/100
|
|-fieldend|move: Trick Room
|-status|p2a: Gliscor|tox|[from] item: Toxic Orb
|upkeep
|turn|6
|
|t:|1781162782
|move|p1a: Gallade|Psycho Cut|p2a: Gliscor
|-damage|p2a: Gliscor|0 fnt
|faint|p2a: Gliscor
|
|upkeep
|
|t:|1781162786
|switch|p2a: Cinderace|Cinderace, M|100/100
|turn|7
|
|t:|1781162791
|move|p2a: Cinderace|Pyro Ball|p1a: Gallade
|-supereffective|p1a: Gallade
|-damage|p1a: Gallade|0 fnt
|faint|p1a: Gallade
|
|upkeep
|
|t:|1781162800
|switch|p1a: Iron Valiant|Iron Valiant|100/100
|-enditem|p1a: Iron Valiant|Booster Energy
|-activate|p1a: Iron Valiant|ability: Quark Drive|[fromitem]
|-start|p1a: Iron Valiant|quarkdrivespe
|turn|8
|
|t:|1781162812
|switch|p2a: Slowking|Slowking-Galar, F|100/100
|-activate|p2a: Slowking|move: Sticky Web
|-unboost|p2a: Slowking|spe|1
|move|p1a: Iron Valiant|Swords Dance|p1a: Iron Valiant
|-boost|p1a: Iron Valiant|atk|2
|
|upkeep
|turn|9
|
|t:|1781162817
|-terastallize|p2a: Slowking|Grass
|move|p1a: Iron Valiant|Knock Off|p2a: Slowking
|-damage|p2a: Slowking|27/100
|-enditem|p2a: Slowking|Life Orb|[from] move: Knock Off|[of] p1a: Iron Valiant
|move|p2a: Slowking|Trick Room|p2a: Slowking
|-fieldstart|move: Trick Room|[of] p2a: Slowking
|
|upkeep
|turn|10
|
|t:|1781162829
|move|p2a: Slowking|Sludge Wave|p1a: Iron Valiant
|-supereffective|p1a: Iron Valiant
|-damage|p1a: Iron Valiant|0 fnt
|faint|p1a: Iron Valiant
|-end|p1a: Iron Valiant|Quark Drive|[silent]
|
|upkeep
|
|t:|1781162834
|switch|p1a: Tornadus|Tornadus-Therian, M|100/100
|turn|11
|
|t:|1781162838
|move|p2a: Slowking|Sludge Wave|p1a: Tornadus
|-damage|p1a: Tornadus|67/100
|move|p1a: Tornadus|Bleakwind Storm|p2a: Slowking|[miss]
|-miss|p1a: Tornadus|p2a: Slowking
|
|upkeep
|turn|12
|
|t:|1781162844
|switch|p2a: Hoopa|Hoopa-Unbound|100/100
|-activate|p2a: Hoopa|move: Sticky Web
|-unboost|p2a: Hoopa|spe|1
|move|p1a: Tornadus|Bleakwind Storm|p2a: Hoopa
|-damage|p2a: Hoopa|69/100
|
|upkeep
|turn|13
|
|t:|1781162854
|move|p2a: Hoopa|Knock Off|p1a: Tornadus
|-damage|p1a: Tornadus|0 fnt
|-enditem|p1a: Tornadus|Heavy-Duty Boots|[from] move: Knock Off|[of] p2a: Hoopa
|faint|p1a: Tornadus
|
|-fieldend|move: Trick Room
|upkeep
|
|t:|1781162858
|switch|p1a: Leavanny|Leavanny, M|100/100
|turn|14
|
|t:|1781162863
|switch|p2a: Slowking|Slowking-Galar, F, tera:Grass|60/100
|-activate|p2a: Slowking|move: Sticky Web
|-unboost|p2a: Slowking|spe|1
|move|p1a: Leavanny|Lunge|p2a: Slowking
|-supereffective|p2a: Slowking
|-damage|p2a: Slowking|5/100
|-unboost|p2a: Slowking|atk|1
|
|upkeep
|turn|15
|
|t:|1781162870
|switch|p2a: Raging Bolt|Raging Bolt|100/100
|-activate|p2a: Raging Bolt|move: Sticky Web
|-unboost|p2a: Raging Bolt|spe|1
|-enditem|p2a: Raging Bolt|Booster Energy
|-activate|p2a: Raging Bolt|ability: Protosynthesis|[fromitem]
|-start|p2a: Raging Bolt|protosynthesisspa
|move|p1a: Leavanny|Lunge|p2a: Raging Bolt
|-damage|p2a: Raging Bolt|74/100
|-unboost|p2a: Raging Bolt|atk|1
|
|upkeep
|turn|16
|
|t:|1781162880
|move|p1a: Leavanny|Light Screen|p1a: Leavanny
|-sidestart|p1: amiruae|move: Light Screen
|move|p2a: Raging Bolt|Thunderbolt|p1a: Leavanny
|-resisted|p1a: Leavanny
|-damage|p1a: Leavanny|80/100
|
|upkeep
|turn|17
|
|t:|1781162885
|switch|p1a: Gardevoir|Gardevoir, F|100/100
|-end|p2a: Raging Bolt|Protosynthesis|[silent]
|switch|p2a: Cinderace|Cinderace, M|100/100
|-ability|p1a: Gardevoir|Libero|Trace|[from] ability: Trace|[of] p2a: Cinderace
|
|upkeep
|turn|18
|
|t:|1781162892
|move|p2a: Cinderace|Court Change|p2a: Cinderace
|-start|p2a: Cinderace|typechange|Normal|[from] ability: Libero
|-swapsideconditions
|-activate|p2a: Cinderace|move: Court Change
|move|p1a: Gardevoir|Psychic Noise|p2a: Cinderace
|-start|p1a: Gardevoir|typechange|Psychic|[from] ability: Libero
|-damage|p2a: Cinderace|75/100
|-start|p2a: Cinderace|move: Heal Block
|
|upkeep
|turn|19
|
|t:|1781162895
|move|p2a: Cinderace|U-turn|p1a: Gardevoir
|-supereffective|p1a: Gardevoir
|-damage|p1a: Gardevoir|22/100
|-message|amiruae forfeited.
|
|win|my2005
|raw|amiruae's rating: 1569 &rarr; <strong>1548</strong><br />(-21 for losing)
|raw|my2005's rating: 1554 &rarr; <strong>1575</strong><br />(+21 for winning)
|l|☆amiruae
|player|p1|
|l|☆my2005
|player|p2|
