|badge|p1|bronze|gen9ou|100-9
|uhtml|medal-msg|<div class="broadcast-blue">Curious what those medals under the avatar are? PS now has Ladder Seasons! For more information, check out the <a href="https://www.smogon.com/forums/threads/3740067/">thread on Smogon.</a></div>
|j|☆temporarylight
|j|‽losts0ulsmc
|t:|1781545669
|gametype|singles
|player|p1|temporarylight|jogger|1788
|player|p2|losts0ulsmc|265|1729
|gen|9
|tier|[Gen 9] OU
|rated|
|rule|HP Percentage Mod: HP is shown in percentages
|rule|Endless Battle Clause: Forcing endless battles is banned
|rule|Species Clause: Limit one of each Pokémon
|rule|OHKO Clause: OHKO moves are banned
|rule|Evasion Items Clause: Evasion items are banned
|rule|Evasion Moves Clause: Evasion moves are banned
|rule|Evasion Abilities Clause: Evasion abilities are banned
|rule|Sleep Moves Clause: Sleep-inducing moves are banned
|clearpoke
|poke|p1|Ting-Lu|
|poke|p1|Gholdengo|
|poke|p1|Dragonite, M|
|poke|p1|Volcanion|
|poke|p1|Hatterene, F|
|poke|p1|Zapdos-Galar|
|poke|p2|Ribombee, F|
|poke|p2|Gholdengo|
|poke|p2|Ogerpon-Wellspring, F|
|poke|p2|Kingambit, M|
|poke|p2|Enamorus, F|
|poke|p2|Rillaboom, F|
|teampreview
|inactive|Battle timer is ON: inactive players will automatically lose when time's up. (requested by losts0ulsmc)
|
|t:|1781545698
|teamsize|p1|6
|teamsize|p2|6
|start
|switch|p1a: Gholdengo|Gholdengo|100/100
|switch|p2a: Ribombee|Ribombee, F, shiny|100/100
|turn|1
|
|t:|1781545702
|move|p1a: Gholdengo|Make It Rain|p2a: Ribombee
|-supereffective|p2a: Ribombee
|-enditem|p2a: Ribombee|Focus Sash
|-damage|p2a: Ribombee|1/100
|-unboost|p1a: Gholdengo|spa|1
|move|p2a: Ribombee|Sticky Web|p1a: Gholdengo
|-sidestart|p1: temporarylight|move: Sticky Web
|
|upkeep
|turn|2
|j| Krokmouyoyo
|
|t:|1781545705
|move|p1a: Gholdengo|Make It Rain|p2a: Ribombee
|-supereffective|p2a: Ribombee
|-damage|p2a: Ribombee|0 fnt
|-unboost|p1a: Gholdengo|spa|1
|faint|p2a: Ribombee
|
|upkeep
|
|t:|1781545719
|switch|p2a: Rillaboom|Rillaboom, F|100/100
|-fieldstart|move: Grassy Terrain|[from] ability: Grassy Surge|[of] p2a: Rillaboom
|turn|3
|
|t:|1781545726
|switch|p1a: Zapdos|Zapdos-Galar|100/100
|move|p2a: Rillaboom|U-turn|p1a: Zapdos
|-resisted|p1a: Zapdos
|-crit|p1a: Zapdos
|-damage|p1a: Zapdos|82/100
|
|t:|1781545730
|switch|p2a: Gholdengo|Gholdengo, shiny|100/100|[from] U-turn
|-item|p2a: Gholdengo|Air Balloon
|
|upkeep
|turn|4
|
|t:|1781545734
|move|p1a: Zapdos|Knock Off|p2a: Gholdengo
|-supereffective|p2a: Gholdengo
|-damage|p2a: Gholdengo|22/100
|-enditem|p2a: Gholdengo|Air Balloon
|move|p2a: Gholdengo|Dazzling Gleam|p1a: Zapdos
|-supereffective|p1a: Zapdos
|-damage|p1a: Zapdos|14/100
|
|-heal|p2a: Gholdengo|28/100|[from] Grassy Terrain
|upkeep
|turn|5
|
|t:|1781545740
|switch|p2a: Ogerpon|Ogerpon-Wellspring, F|100/100
|move|p1a: Zapdos|Knock Off|p2a: Ogerpon
|-damage|p2a: Ogerpon|66/100
|
|-heal|p2a: Ogerpon|72/100|[from] Grassy Terrain
|upkeep
|turn|6
|j| yaboiwillyb
|
|t:|1781545746
|move|p1a: Zapdos|Knock Off|p2a: Ogerpon
|-damage|p2a: Ogerpon|43/100
|move|p2a: Ogerpon|Power Whip|p1a: Zapdos
|-resisted|p1a: Zapdos
|-damage|p1a: Zapdos|0 fnt
|faint|p1a: Zapdos
|
|-heal|p2a: Ogerpon|49/100|[from] Grassy Terrain
|upkeep
|inactive|temporarylight has 120 seconds left.
|
|t:|1781545783
|switch|p1a: Volcanion|Volcanion|100/100
|-activate|p1a: Volcanion|move: Sticky Web
|-unboost|p1a: Volcanion|spe|1
|turn|7
|
|t:|1781545786
|move|p2a: Ogerpon|Power Whip|p1a: Volcanion
|-damage|p1a: Volcanion|9/100
|move|p1a: Volcanion|Flamethrower|p2a: Ogerpon
|-damage|p2a: Ogerpon|0 fnt
|faint|p2a: Ogerpon
|
|-heal|p1a: Volcanion|15/100|[from] Grassy Terrain
|-fieldend|move: Grassy Terrain
|upkeep
|j| encostoo
|
|t:|1781545797
|switch|p2a: Enamorus|Enamorus, F|100/100
|turn|8
|
|t:|1781545799
|move|p2a: Enamorus|Moonblast|p1a: Volcanion
|-resisted|p1a: Volcanion
|-damage|p1a: Volcanion|0 fnt
|faint|p1a: Volcanion
|
|upkeep
|
|t:|1781545810
|switch|p1a: Gholdengo|Gholdengo|100/100
|-activate|p1a: Gholdengo|move: Sticky Web
|-unboost|p1a: Gholdengo|spe|1
|turn|9
|
|t:|1781545819
|switch|p2a: Gholdengo|Gholdengo, shiny|28/100
|move|p1a: Gholdengo|Make It Rain|p2a: Gholdengo
|-resisted|p2a: Gholdengo
|-damage|p2a: Gholdengo|0 fnt
|-unboost|p1a: Gholdengo|spa|1
|faint|p2a: Gholdengo
|
|upkeep
|
|t:|1781545821
|switch|p2a: Kingambit|Kingambit, M, shiny|100/100
|-activate|p2a: Kingambit|ability: Supreme Overlord
|-start|p2a: Kingambit|fallen3|[silent]
|turn|10
|
|t:|1781545824
|switch|p1a: Ting-Lu|Ting-Lu|100/100
|-activate|p1a: Ting-Lu|move: Sticky Web
|-unboost|p1a: Ting-Lu|spe|1
|-ability|p1a: Ting-Lu|Vessel of Ruin
|move|p2a: Kingambit|Swords Dance|p2a: Kingambit
|-boost|p2a: Kingambit|atk|2
|
|upkeep
|turn|11
|inactive|losts0ulsmc has 120 seconds left.
|
|t:|1781545856
|switch|p1a: Gholdengo|Gholdengo|100/100
|-activate|p1a: Gholdengo|move: Sticky Web
|-unboost|p1a: Gholdengo|spe|1
|move|p2a: Kingambit|Iron Head|p1a: Gholdengo
|-resisted|p1a: Gholdengo
|-damage|p1a: Gholdengo|33/100
|
|upkeep
|turn|12
|l| encostoo
|
|t:|1781545861
|-end|p2a: Kingambit|fallen3|[silent]
|switch|p2a: Rillaboom|Rillaboom, F|100/100
|-fieldstart|move: Grassy Terrain|[from] ability: Grassy Surge|[of] p2a: Rillaboom
|move|p1a: Gholdengo|Trick|p2a: Rillaboom
|-activate|p1a: Gholdengo|move: Trick|[of] p2a: Rillaboom
|-item|p2a: Rillaboom|Choice Scarf|[from] move: Trick
|-item|p1a: Gholdengo|Choice Band|[from] move: Trick
|
|-heal|p1a: Gholdengo|39/100|[from] Grassy Terrain
|upkeep
|turn|13
|
|t:|1781545869
|move|p2a: Rillaboom|Wood Hammer|p1a: Gholdengo
|-resisted|p1a: Gholdengo
|-damage|p1a: Gholdengo|0 fnt
|faint|p1a: Gholdengo
|-damage|p2a: Rillaboom|89/100|[from] Recoil
|
|-heal|p2a: Rillaboom|95/100|[from] Grassy Terrain
|upkeep
|
|t:|1781545873
|switch|p1a: Dragonite|Dragonite, M, shiny|100/100
|turn|14
|
|t:|1781545877
|switch|p2a: Enamorus|Enamorus, F|100/100
|move|p1a: Dragonite|Dragon Dance|p1a: Dragonite
|-boost|p1a: Dragonite|atk|1
|-boost|p1a: Dragonite|spe|1
|
|upkeep
|turn|15
|
|t:|1781545880
|-terastallize|p1a: Dragonite|Normal
|-terastallize|p2a: Enamorus|Fairy
|move|p1a: Dragonite|Extreme Speed|p2a: Enamorus
|-damage|p2a: Enamorus|0 fnt
|faint|p2a: Enamorus
|
|upkeep
|
|t:|1781545882
|switch|p2a: Kingambit|Kingambit, M, shiny|100/100
|-activate|p2a: Kingambit|ability: Supreme Overlord
|-start|p2a: Kingambit|fallen4|[silent]
|turn|16
|
|t:|1781545895
|move|p1a: Dragonite|Earthquake|p2a: Kingambit
|-supereffective|p2a: Kingambit
|-damage|p2a: Kingambit|46/100
|move|p2a: Kingambit|Kowtow Cleave|p1a: Dragonite
|-damage|p1a: Dragonite|56/100
|
|-heal|p1a: Dragonite|62/100|[from] Grassy Terrain
|-heal|p2a: Kingambit|52/100|[from] Grassy Terrain
|-fieldend|move: Grassy Terrain
|upkeep
|turn|17
|
|t:|1781545908
|move|p1a: Dragonite|Earthquake|p2a: Kingambit
|-supereffective|p2a: Kingambit
|-crit|p2a: Kingambit
|-damage|p2a: Kingambit|0 fnt
|faint|p2a: Kingambit
|-end|p2a: Kingambit|fallen4|[silent]
|
|upkeep
|
|t:|1781545910
|switch|p2a: Rillaboom|Rillaboom, F|95/100
|-fieldstart|move: Grassy Terrain|[from] ability: Grassy Surge|[of] p2a: Rillaboom
|turn|18
|
|t:|1781545916
|move|p2a: Rillaboom|Grassy Glide|p1a: Dragonite
|-damage|p1a: Dragonite|18/100
|move|p1a: Dragonite|Outrage|p2a: Rillaboom
|-damage|p2a: Rillaboom|0 fnt
|faint|p2a: Rillaboom
|
|win|temporarylight
|raw|temporarylight's rating: 1788 &rarr; <strong>1805</strong><br />(+17 for winning)
|raw|losts0ulsmc's rating: 1729 &rarr; <strong>1712</strong><br />(-17 for losing)
|l|‽losts0ulsmc
|player|p2|
|l|☆temporarylight
|player|p1|
|l| Krokmouyoyo
