|j|☆OUZQ Crocodile
|j|☆icylikedecember
|t:|1780979313
|gametype|singles
|player|p1|OUZQ Crocodile|101|1675
|player|p2|icylikedecember|skierf|1685
|gen|9
|tier|[Gen 9] OU
|rated|
|rule|HP Percentage Mod: HP is shown in percentages
|rule|Endless Battle Clause: Forcing endless battles is banned
|rule|Species Clause: Limit one of each Pokémon
|rule|OHKO Clause: OHKO moves are banned
|rule|Evasion Items Clause: Evasion items are banned
|rule|Evasion Moves Clause: Evasion moves are banned
|rule|Evasion Abilities Clause: Evasion abilities are banned
|rule|Sleep Moves Clause: Sleep-inducing moves are banned
|clearpoke
|poke|p1|Cresselia, F|
|poke|p1|Zamazenta-*|
|poke|p1|Grimmsnarl, M|
|poke|p1|Raging Bolt|
|poke|p1|Ogerpon-Wellspring, F|
|poke|p1|Glimmora, M|
|poke|p2|Corviknight, F|
|poke|p2|Slowking-Galar, F|
|poke|p2|Darkrai|
|poke|p2|Kyurem|
|poke|p2|Zamazenta-*|
|poke|p2|Crawdaunt, M|
|teampreview
|inactive|Battle timer is ON: inactive players will automatically lose when time's up. (requested by OUZQ Crocodile)
|
|t:|1780979336
|teamsize|p1|6
|teamsize|p2|6
|start
|switch|p1a: Grimmsnarl|Grimmsnarl, M|100/100
|switch|p2a: Slowking|Slowking-Galar, F, shiny|100/100
|turn|1
|
|t:|1780979360
|move|p1a: Grimmsnarl|Light Screen|p1a: Grimmsnarl
|-sidestart|p1: OUZQ Crocodile|move: Light Screen
|move|p2a: Slowking|Sludge Bomb|p1a: Grimmsnarl
|-supereffective|p1a: Grimmsnarl
|-damage|p1a: Grimmsnarl|70/100
|
|upkeep
|turn|2
|
|t:|1780979366
|move|p1a: Grimmsnarl|Reflect|p1a: Grimmsnarl
|-sidestart|p1: OUZQ Crocodile|Reflect
|move|p2a: Slowking|Sludge Bomb|p1a: Grimmsnarl
|-supereffective|p1a: Grimmsnarl
|-damage|p1a: Grimmsnarl|38/100
|-status|p1a: Grimmsnarl|psn
|
|-damage|p1a: Grimmsnarl|25/100 psn|[from] psn
|upkeep
|turn|3
|
|t:|1780979374
|switch|p2a: Corviknight|Corviknight, F, shiny|100/100
|-ability|p2a: Corviknight|Pressure
|move|p1a: Grimmsnarl|Parting Shot|p2a: Corviknight
|-unboost|p2a: Corviknight|atk|1
|-unboost|p2a: Corviknight|spa|1
|
|t:|1780979377
|switch|p1a: Cresselia|Cresselia, F|100/100|[from] Parting Shot
|
|upkeep
|turn|4
|j| Crit N I Quit
|
|t:|1780979380
|move|p1a: Cresselia|Calm Mind|p1a: Cresselia
|-boost|p1a: Cresselia|spa|1
|-boost|p1a: Cresselia|spd|1
|move|p2a: Corviknight|Defog|p1a: Cresselia
|-unboost|p1a: Cresselia|evasion|1
|-sideend|p1: OUZQ Crocodile|Reflect
|-sideend|p1: OUZQ Crocodile|move: Light Screen
|
|upkeep
|turn|5
|
|t:|1780979385
|switch|p2a: Crawdaunt|Crawdaunt, M|100/100
|move|p1a: Cresselia|Calm Mind|p1a: Cresselia
|-boost|p1a: Cresselia|spa|1
|-boost|p1a: Cresselia|spd|1
|
|upkeep
|turn|6
|
|t:|1780979397
|-terastallize|p1a: Cresselia|Poison
|move|p1a: Cresselia|Moonlight|p1a: Cresselia
|-fail|p1a: Cresselia|heal
|move|p2a: Crawdaunt|Knock Off|p1a: Cresselia
|-damage|p1a: Cresselia|39/100
|-enditem|p1a: Cresselia|Covert Cloak|[from] move: Knock Off|[of] p2a: Crawdaunt
|
|upkeep
|turn|7
|
|t:|1780979406
|switch|p2a: Slowking|Slowking-Galar, F, shiny|100/100
|move|p1a: Cresselia|Moonlight|p1a: Cresselia
|-heal|p1a: Cresselia|89/100
|
|upkeep
|turn|8
|
|t:|1780979411
|move|p1a: Cresselia|Calm Mind|p1a: Cresselia
|-boost|p1a: Cresselia|spa|1
|-boost|p1a: Cresselia|spd|1
|move|p2a: Slowking|Psyshock|p1a: Cresselia
|-supereffective|p1a: Cresselia
|-damage|p1a: Cresselia|45/100
|
|upkeep
|turn|9
|
|t:|1780979418
|move|p1a: Cresselia|Moonlight|p1a: Cresselia
|-heal|p1a: Cresselia|95/100
|move|p2a: Slowking|Psyshock|p1a: Cresselia
|-supereffective|p1a: Cresselia
|-damage|p1a: Cresselia|57/100
|
|upkeep
|turn|10
|
|t:|1780979421
|move|p1a: Cresselia|Moonlight|p1a: Cresselia
|-heal|p1a: Cresselia|100/100
|move|p2a: Slowking|Psyshock|p1a: Cresselia
|-supereffective|p1a: Cresselia
|-damage|p1a: Cresselia|59/100
|
|upkeep
|turn|11
|
|t:|1780979424
|move|p1a: Cresselia|Stored Power|p2a: Slowking
|-damage|p2a: Slowking|58/100
|move|p2a: Slowking|Psyshock|p1a: Cresselia
|-supereffective|p1a: Cresselia
|-damage|p1a: Cresselia|17/100
|
|upkeep
|turn|12
|
|t:|1780979429
|move|p1a: Cresselia|Moonlight|p1a: Cresselia
|-heal|p1a: Cresselia|67/100
|move|p2a: Slowking|Psyshock|p1a: Cresselia
|-supereffective|p1a: Cresselia
|-damage|p1a: Cresselia|24/100
|
|upkeep
|turn|13
|l| Crit N I Quit
|
|t:|1780979432
|move|p1a: Cresselia|Moonlight|p1a: Cresselia
|-heal|p1a: Cresselia|74/100
|move|p2a: Slowking|Psyshock|p1a: Cresselia
|-supereffective|p1a: Cresselia
|-damage|p1a: Cresselia|31/100
|
|upkeep
|turn|14
|
|t:|1780979435
|move|p1a: Cresselia|Moonlight|p1a: Cresselia
|-heal|p1a: Cresselia|80/100
|move|p2a: Slowking|Psyshock|p1a: Cresselia
|-supereffective|p1a: Cresselia
|-damage|p1a: Cresselia|40/100
|
|upkeep
|turn|15
|
|t:|1780979440
|move|p1a: Cresselia|Moonlight|p1a: Cresselia
|-heal|p1a: Cresselia|90/100
|move|p2a: Slowking|Psyshock|p1a: Cresselia
|-supereffective|p1a: Cresselia
|-damage|p1a: Cresselia|49/100
|
|upkeep
|turn|16
|
|t:|1780979443
|move|p1a: Cresselia|Stored Power|p2a: Slowking
|-damage|p2a: Slowking|14/100
|move|p2a: Slowking|Psyshock|p1a: Cresselia
|-supereffective|p1a: Cresselia
|-damage|p1a: Cresselia|10/100
|
|upkeep
|turn|17
|
|t:|1780979450
|switch|p2a: Corviknight|Corviknight, F, shiny|100/100
|-ability|p2a: Corviknight|Pressure
|move|p1a: Cresselia|Moonblast|p2a: Corviknight
|-resisted|p2a: Corviknight
|-damage|p2a: Corviknight|80/100
|
|upkeep
|turn|18
|
|t:|1780979457
|switch|p2a: Crawdaunt|Crawdaunt, M|100/100
|move|p1a: Cresselia|Stored Power|p2a: Crawdaunt
|-immune|p2a: Crawdaunt
|
|upkeep
|turn|19
|
|t:|1780979463
|switch|p1a: Ogerpon|Ogerpon-Wellspring, F|100/100
|move|p2a: Crawdaunt|Aqua Jet|p1a: Ogerpon
|-immune|p1a: Ogerpon|[from] ability: Water Absorb
|
|upkeep
|turn|20
|
|t:|1780979466
|switch|p2a: Corviknight|Corviknight, F, shiny|80/100
|-ability|p2a: Corviknight|Pressure
|move|p1a: Ogerpon|Swords Dance|p1a: Ogerpon
|-boost|p1a: Ogerpon|atk|2
|
|upkeep
|turn|21
|
|t:|1780979474
|move|p1a: Ogerpon|Ivy Cudgel|p2a: Corviknight|[anim] Ivy Cudgel Water
|-damage|p2a: Corviknight|14/100
|move|p2a: Corviknight|Brave Bird|p1a: Ogerpon
|-supereffective|p1a: Ogerpon
|-damage|p1a: Ogerpon|9/100
|-damage|p2a: Corviknight|0 fnt|[from] Recoil
|faint|p2a: Corviknight
|
|upkeep
|
|t:|1780979478
|switch|p2a: Darkrai|Darkrai|100/100
|turn|22
|
|t:|1780979484
|switch|p1a: Cresselia|Cresselia, F, tera:Poison|10/100
|move|p2a: Darkrai|Dark Pulse|p1a: Cresselia
|-damage|p1a: Cresselia|0 fnt
|faint|p1a: Cresselia
|
|upkeep
|
|t:|1780979487
|switch|p1a: Zamazenta|Zamazenta|100/100
|-ability|p1a: Zamazenta|Dauntless Shield|boost
|-boost|p1a: Zamazenta|def|1
|turn|23
|j| BandedAI
|
|t:|1780979512
|switch|p2a: Zamazenta|Zamazenta|100/100
|-ability|p2a: Zamazenta|Dauntless Shield|boost
|-boost|p2a: Zamazenta|def|1
|move|p1a: Zamazenta|Crunch|p2a: Zamazenta
|-resisted|p2a: Zamazenta
|-damage|p2a: Zamazenta|96/100
|
|-heal|p2a: Zamazenta|100/100|[from] item: Leftovers
|upkeep
|turn|24
|
|t:|1780979522
|move|p1a: Zamazenta|Iron Defense|p1a: Zamazenta
|-boost|p1a: Zamazenta|def|2
|move|p2a: Zamazenta|Iron Defense|p2a: Zamazenta
|-boost|p2a: Zamazenta|def|2
|
|upkeep
|turn|25
|
|t:|1780979525
|move|p1a: Zamazenta|Body Press|p2a: Zamazenta
|-damage|p2a: Zamazenta|72/100
|move|p2a: Zamazenta|Roar|p1a: Zamazenta
|drag|p1a: Raging Bolt|Raging Bolt|100/100
|-enditem|p1a: Raging Bolt|Booster Energy
|-activate|p1a: Raging Bolt|ability: Protosynthesis|[fromitem]
|-start|p1a: Raging Bolt|protosynthesisspa
|
|-heal|p2a: Zamazenta|79/100|[from] item: Leftovers
|upkeep
|turn|26
|
|t:|1780979533
|move|p2a: Zamazenta|Body Press|p1a: Raging Bolt
|-crit|p1a: Raging Bolt
|-damage|p1a: Raging Bolt|0 fnt
|faint|p1a: Raging Bolt
|-end|p1a: Raging Bolt|Protosynthesis|[silent]
|
|-heal|p2a: Zamazenta|85/100|[from] item: Leftovers
|upkeep
|
|t:|1780979537
|switch|p1a: Glimmora|Glimmora, M|100/100
|turn|27
|
|t:|1780979543
|move|p2a: Zamazenta|Body Press|p1a: Glimmora
|-damage|p1a: Glimmora|7/100
|-activate|p1a: Glimmora|ability: Toxic Debris
|-sidestart|p2: icylikedecember|move: Toxic Spikes
|move|p1a: Glimmora|Mortal Spin|p2a: Zamazenta
|-damage|p2a: Zamazenta|83/100
|-status|p2a: Zamazenta|psn
|
|-heal|p2a: Zamazenta|89/100 psn|[from] item: Leftovers
|-damage|p2a: Zamazenta|77/100 psn|[from] psn
|upkeep
|turn|28
|
|t:|1780979559
|move|p2a: Zamazenta|Body Press|p1a: Glimmora
|-damage|p1a: Glimmora|0 fnt
|-activate|p1a: Glimmora|ability: Toxic Debris
|-sidestart|p2: icylikedecember|move: Toxic Spikes
|faint|p1a: Glimmora
|
|-heal|p2a: Zamazenta|83/100 psn|[from] item: Leftovers
|-damage|p2a: Zamazenta|71/100 psn|[from] psn
|upkeep
|
|t:|1780979561
|switch|p1a: Grimmsnarl|Grimmsnarl, M|25/100 psn
|turn|29
|
|t:|1780979564
|move|p1a: Grimmsnarl|Reflect|p1a: Grimmsnarl
|-sidestart|p1: OUZQ Crocodile|Reflect
|move|p2a: Zamazenta|Body Press|p1a: Grimmsnarl
|-damage|p1a: Grimmsnarl|0 fnt
|faint|p1a: Grimmsnarl
|
|-heal|p2a: Zamazenta|77/100 psn|[from] item: Leftovers
|-damage|p2a: Zamazenta|64/100 psn|[from] psn
|upkeep
|
|t:|1780979568
|switch|p1a: Ogerpon|Ogerpon-Wellspring, F|9/100
|turn|30
|
|t:|1780979570
|move|p2a: Zamazenta|Body Press|p1a: Ogerpon
|-damage|p1a: Ogerpon|0 fnt
|faint|p1a: Ogerpon
|
|-heal|p2a: Zamazenta|71/100 psn|[from] item: Leftovers
|-damage|p2a: Zamazenta|58/100 psn|[from] psn
|upkeep
|
|t:|1780979572
|switch|p1a: Zamazenta|Zamazenta|100/100
|turn|31
|
|t:|1780979578
|move|p1a: Zamazenta|Iron Defense|p1a: Zamazenta
|-boost|p1a: Zamazenta|def|2
|move|p2a: Zamazenta|Body Press|p1a: Zamazenta
|-damage|p1a: Zamazenta|85/100
|
|-heal|p1a: Zamazenta|91/100|[from] item: Leftovers
|-heal|p2a: Zamazenta|64/100 psn|[from] item: Leftovers
|-damage|p2a: Zamazenta|52/100 psn|[from] psn
|upkeep
|turn|32
|
|t:|1780979580
|move|p1a: Zamazenta|Iron Defense|p1a: Zamazenta
|-boost|p1a: Zamazenta|def|2
|move|p2a: Zamazenta|Iron Defense|p2a: Zamazenta
|-boost|p2a: Zamazenta|def|2
|
|-heal|p1a: Zamazenta|97/100|[from] item: Leftovers
|-heal|p2a: Zamazenta|58/100 psn|[from] item: Leftovers
|-damage|p2a: Zamazenta|46/100 psn|[from] psn
|upkeep
|turn|33
|
|t:|1780979583
|move|p1a: Zamazenta|Iron Defense|p1a: Zamazenta
|-boost|p1a: Zamazenta|def|2
|move|p2a: Zamazenta|Body Press|p1a: Zamazenta
|-damage|p1a: Zamazenta|86/100
|
|-heal|p1a: Zamazenta|92/100|[from] item: Leftovers
|-heal|p2a: Zamazenta|52/100 psn|[from] item: Leftovers
|-damage|p2a: Zamazenta|40/100 psn|[from] psn
|upkeep
|turn|34
|
|t:|1780979585
|move|p1a: Zamazenta|Body Press|p2a: Zamazenta
|-crit|p2a: Zamazenta
|-damage|p2a: Zamazenta|0 fnt
|faint|p2a: Zamazenta
|
|-heal|p1a: Zamazenta|98/100|[from] item: Leftovers
|upkeep
|
|t:|1780979589
|switch|p2a: Slowking|Slowking-Galar, F, shiny|47/100
|-sideend|p2: icylikedecember|move: Toxic Spikes|[of] p2a: Slowking
|turn|35
|
|t:|1780979593
|switch|p2a: Crawdaunt|Crawdaunt, M|100/100
|move|p1a: Zamazenta|Crunch|p2a: Crawdaunt
|-resisted|p2a: Crawdaunt
|-damage|p2a: Crawdaunt|86/100
|
|-heal|p1a: Zamazenta|100/100|[from] item: Leftovers
|upkeep
|turn|36
|
|t:|1780979598
|move|p1a: Zamazenta|Crunch|p2a: Crawdaunt
|-resisted|p2a: Crawdaunt
|-damage|p2a: Crawdaunt|71/100
|move|p2a: Crawdaunt|Crabhammer|p1a: Zamazenta
|-damage|p1a: Zamazenta|91/100
|
|-heal|p1a: Zamazenta|97/100|[from] item: Leftovers
|-sideend|p1: OUZQ Crocodile|Reflect
|upkeep
|turn|37
|
|t:|1780979604
|move|p1a: Zamazenta|Body Press|p2a: Crawdaunt
|-supereffective|p2a: Crawdaunt
|-damage|p2a: Crawdaunt|0 fnt
|faint|p2a: Crawdaunt
|
|-heal|p1a: Zamazenta|100/100|[from] item: Leftovers
|upkeep
|
|t:|1780979606
|switch|p2a: Slowking|Slowking-Galar, F, shiny|81/100
|turn|38
|
|t:|1780979612
|move|p1a: Zamazenta|Crunch|p2a: Slowking
|-supereffective|p2a: Slowking
|-damage|p2a: Slowking|32/100
|move|p2a: Slowking|Sludge Bomb|p1a: Zamazenta
|-damage|p1a: Zamazenta|58/100
|
|-heal|p1a: Zamazenta|64/100|[from] item: Leftovers
|upkeep
|turn|39
|
|t:|1780979620
|switch|p2a: Kyurem|Kyurem|100/100
|-ability|p2a: Kyurem|Pressure
|move|p1a: Zamazenta|Body Press|p2a: Kyurem
|-supereffective|p2a: Kyurem
|-damage|p2a: Kyurem|0 fnt
|faint|p2a: Kyurem
|
|-heal|p1a: Zamazenta|70/100|[from] item: Leftovers
|upkeep
|
|t:|1780979621
|switch|p2a: Slowking|Slowking-Galar, F, shiny|65/100
|turn|40
|
|t:|1780979624
|move|p1a: Zamazenta|Crunch|p2a: Slowking
|-supereffective|p2a: Slowking
|-crit|p2a: Slowking
|-damage|p2a: Slowking|0 fnt
|faint|p2a: Slowking
|
|-heal|p1a: Zamazenta|76/100|[from] item: Leftovers
|upkeep
|
|t:|1780979628
|switch|p2a: Darkrai|Darkrai|100/100
|turn|41
|
|t:|1780979632
|-terastallize|p2a: Darkrai|Poison
|move|p1a: Zamazenta|Body Press|p2a: Darkrai
|-resisted|p2a: Darkrai
|-damage|p2a: Darkrai|0 fnt
|faint|p2a: Darkrai
|
|win|OUZQ Crocodile
|raw|OUZQ Crocodile's rating: 1675 &rarr; <strong>1696</strong><br />(+21 for winning)
|raw|icylikedecember's rating: 1685 &rarr; <strong>1664</strong><br />(-21 for losing)
|l|☆icylikedecember
|player|p2|
|l|☆OUZQ Crocodile
|player|p1|
|l| BandedAI
