|j|☆frog221
|j|☆omari p
|t:|1781462571
|gametype|singles
|player|p1|frog221|265|1475
|player|p2|omari p|pokemonrangerf|1556
|gen|9
|tier|[Gen 9] OU
|rated|
|rule|HP Percentage Mod: HP is shown in percentages
|rule|Endless Battle Clause: Forcing endless battles is banned
|rule|Species Clause: Limit one of each Pokémon
|rule|OHKO Clause: OHKO moves are banned
|rule|Evasion Items Clause: Evasion items are banned
|rule|Evasion Moves Clause: Evasion moves are banned
|rule|Evasion Abilities Clause: Evasion abilities are banned
|rule|Sleep Moves Clause: Sleep-inducing moves are banned
|clearpoke
|poke|p1|Slowking-Galar, M|
|poke|p1|Lokix, M|
|poke|p1|Iron Valiant|
|poke|p1|Corviknight, F|
|poke|p1|Primarina, M|
|poke|p1|Gliscor, F|
|poke|p2|Pelipper, M|
|poke|p2|Barraskewda, M|
|poke|p2|Bruxish, M|
|poke|p2|Raging Bolt|
|poke|p2|Iron Treads|
|poke|p2|Enamorus, F|
|teampreview
|
|t:|1781462590
|teamsize|p1|6
|teamsize|p2|6
|start
|switch|p1a: Corviknight|Corviknight, F|100/100
|switch|p2a: Iron Treads|Iron Treads|100/100
|-ability|p1a: Corviknight|Pressure
|turn|1
|
|t:|1781462595
|move|p2a: Iron Treads|Stealth Rock|p1a: Corviknight
|-sidestart|p1: frog221|move: Stealth Rock
|move|p1a: Corviknight|Body Press|p2a: Iron Treads
|-supereffective|p2a: Iron Treads
|-damage|p2a: Iron Treads|53/100
|
|-heal|p2a: Iron Treads|59/100|[from] item: Leftovers
|upkeep
|turn|2
|inactive|Battle timer is ON: inactive players will automatically lose when time's up. (requested by omari p)
|
|t:|1781462600
|-end|p2a: Iron Treads|Quark Drive|[silent]
|switch|p2a: Pelipper|Pelipper, M|100/100
|-weather|RainDance|[from] ability: Drizzle|[of] p2a: Pelipper
|move|p1a: Corviknight|Defog|p2a: Pelipper
|-unboost|p2a: Pelipper|evasion|1
|-sideend|p1: frog221|Stealth Rock|[from] move: Defog|[of] p1a: Corviknight
|
|-weather|RainDance|[upkeep]
|upkeep
|turn|3
|
|t:|1781462606
|switch|p1a: Slowking|Slowking-Galar, M|100/100
|move|p2a: Pelipper|U-turn|p1a: Slowking
|-damage|p1a: Slowking|92/100
|-enditem|p1a: Slowking|Eject Button
|
|t:|1781462634
|switch|p1a: Primarina|Primarina, M, shiny|100/100
|
|-weather|RainDance|[upkeep]
|upkeep
|turn|4
|
|t:|1781462640
|move|p1a: Primarina|Moonblast|p2a: Pelipper
|-damage|p2a: Pelipper|22/100
|-unboost|p2a: Pelipper|spa|1
|move|p2a: Pelipper|U-turn|p1a: Primarina
|-resisted|p1a: Primarina
|-damage|p1a: Primarina|95/100
|
|t:|1781462649
|switch|p2a: Iron Treads|Iron Treads|59/100|[from] U-turn
|
|-weather|RainDance|[upkeep]
|-heal|p2a: Iron Treads|66/100|[from] item: Leftovers
|upkeep
|turn|5
|
|t:|1781462663
|switch|p1a: Corviknight|Corviknight, F|100/100
|-ability|p1a: Corviknight|Pressure
|move|p2a: Iron Treads|Stealth Rock|p1a: Corviknight
|-sidestart|p1: frog221|move: Stealth Rock
|
|-weather|RainDance|[upkeep]
|-heal|p2a: Iron Treads|72/100|[from] item: Leftovers
|upkeep
|turn|6
|
|t:|1781462667
|-end|p2a: Iron Treads|Quark Drive|[silent]
|switch|p2a: Hello' Govna|Bruxish, M|100/100
|move|p1a: Corviknight|Defog|p2a: Hello' Govna
|-unboost|p2a: Hello' Govna|evasion|1
|-sideend|p1: frog221|Stealth Rock|[from] move: Defog|[of] p1a: Corviknight
|
|-weather|RainDance|[upkeep]
|upkeep
|turn|7
|
|t:|1781462696
|move|p2a: Hello' Govna|Wave Crash|p1a: Corviknight
|-damage|p1a: Corviknight|19/100
|-damage|p2a: Hello' Govna|84/100|[from] item: Rocky Helmet|[of] p1a: Corviknight
|-damage|p2a: Hello' Govna|50/100|[from] Recoil
|move|p1a: Corviknight|U-turn|p2a: Hello' Govna
|-supereffective|p2a: Hello' Govna
|-damage|p2a: Hello' Govna|12/100
|inactive|frog221 has 120 seconds left.
|
|t:|1781462716
|switch|p1a: Lokix|Lokix, M, shiny|100/100|[from] U-turn
|
|-weather|RainDance|[upkeep]
|upkeep
|turn|8
|
|t:|1781462718
|move|p1a: Lokix|U-turn|p2a: Hello' Govna
|-supereffective|p2a: Hello' Govna
|-damage|p2a: Hello' Govna|0 fnt
|faint|p2a: Hello' Govna
|inactive|frog221 has 120 seconds left.
|
|t:|1781462740
|switch|p1a: Corviknight|Corviknight, F|19/100|[from] U-turn
|-ability|p1a: Corviknight|Pressure
|
|-weather|RainDance|[upkeep]
|upkeep
|
|t:|1781462744
|switch|p2a: Barraskewda|Barraskewda, M|100/100
|turn|9
|
|t:|1781462758
|move|p2a: Barraskewda|Flip Turn|p1a: Corviknight
|-damage|p1a: Corviknight|0 fnt
|-damage|p2a: Barraskewda|84/100|[from] item: Rocky Helmet|[of] p1a: Corviknight
|faint|p1a: Corviknight
|-damage|p2a: Barraskewda|74/100|[from] item: Life Orb
|
|t:|1781462779
|switch|p2a: Enamorus|Enamorus, F|100/100|[from] Flip Turn
|
|-weather|none
|upkeep
|
|t:|1781462789
|switch|p1a: Primarina|Primarina, M, shiny|95/100
|turn|10
|inactive|frog221 has 120 seconds left.
|
|t:|1781462801
|switch|p2a: Pelipper|Pelipper, M|22/100
|-weather|RainDance|[from] ability: Drizzle|[of] p2a: Pelipper
|move|p1a: Primarina|Moonblast|p2a: Pelipper
|-damage|p2a: Pelipper|0 fnt
|faint|p2a: Pelipper
|
|-weather|RainDance|[upkeep]
|upkeep
|
|t:|1781462812
|switch|p2a: Iron Treads|Iron Treads|72/100
|turn|11
|inactive|frog221 has 120 seconds left.
|
|t:|1781462824
|move|p2a: Iron Treads|Stealth Rock|p1a: Primarina
|-sidestart|p1: frog221|move: Stealth Rock
|move|p1a: Primarina|Psychic Noise|p2a: Iron Treads
|-supereffective|p2a: Iron Treads
|-damage|p2a: Iron Treads|0 fnt
|faint|p2a: Iron Treads
|-end|p2a: Iron Treads|Quark Drive|[silent]
|
|-weather|RainDance|[upkeep]
|upkeep
|
|t:|1781462829
|switch|p2a: Barraskewda|Barraskewda, M|74/100
|turn|12
|inactive|frog221 has 120 seconds left.
|
|t:|1781462869
|switch|p1a: Gliscor|Gliscor, F, shiny|100/100
|-damage|p1a: Gliscor|88/100|[from] Stealth Rock
|-terastallize|p2a: Barraskewda|Poison
|move|p2a: Barraskewda|Poison Jab|p1a: Gliscor
|-resisted|p1a: Gliscor
|-damage|p1a: Gliscor|71/100
|-damage|p2a: Barraskewda|64/100|[from] item: Life Orb
|
|-weather|RainDance|[upkeep]
|-status|p1a: Gliscor|tox|[from] item: Toxic Orb
|upkeep
|turn|13
|inactive|omari p has 120 seconds left.
|
|t:|1781462906
|move|p1a: Gliscor|Protect|p1a: Gliscor
|-singleturn|p1a: Gliscor|Protect
|move|p2a: Barraskewda|Liquidation|p1a: Gliscor
|-activate|p1a: Gliscor|move: Protect
|
|-weather|RainDance|[upkeep]
|-heal|p1a: Gliscor|84/100 tox|[from] ability: Poison Heal
|upkeep
|turn|14
|
|t:|1781462926
|-terastallize|p1a: Gliscor|Grass
|move|p2a: Barraskewda|Flip Turn|p1a: Gliscor
|-resisted|p1a: Gliscor
|-damage|p1a: Gliscor|62/100 tox
|-damage|p2a: Barraskewda|54/100|[from] item: Life Orb
|
|t:|1781462931
|switch|p2a: Enamorus|Enamorus, F|100/100|[from] Flip Turn
|move|p1a: Gliscor|Earthquake|p2a: Enamorus
|-immune|p2a: Enamorus
|
|-weather|RainDance|[upkeep]
|-heal|p1a: Gliscor|74/100 tox|[from] ability: Poison Heal
|upkeep
|turn|15
|
|t:|1781462936
|move|p1a: Gliscor|Protect|p1a: Gliscor
|-singleturn|p1a: Gliscor|Protect
|move|p2a: Enamorus|Moonblast|p1a: Gliscor
|-activate|p1a: Gliscor|move: Protect
|
|-weather|RainDance|[upkeep]
|-heal|p1a: Gliscor|86/100 tox|[from] ability: Poison Heal
|upkeep
|turn|16
|
|t:|1781462945
|switch|p2a: Barraskewda|Barraskewda, M, tera:Poison|54/100
|switch|p1a: Slowking|Slowking-Galar, M|100/100
|-damage|p1a: Slowking|88/100|[from] Stealth Rock
|
|-weather|RainDance|[upkeep]
|upkeep
|turn|17
|inactive|frog221 has 120 seconds left.
|
|t:|1781462963
|switch|p1a: Gliscor|Gliscor, F, shiny, tera:Grass|86/100 tox
|-damage|p1a: Gliscor|74/100 tox|[from] Stealth Rock
|move|p2a: Barraskewda|Liquidation|p1a: Gliscor
|-resisted|p1a: Gliscor
|-damage|p1a: Gliscor|44/100 tox
|-damage|p2a: Barraskewda|45/100|[from] item: Life Orb
|
|-weather|none
|-heal|p1a: Gliscor|57/100 tox|[from] ability: Poison Heal
|upkeep
|turn|18
|
|t:|1781462972
|move|p1a: Gliscor|Protect|p1a: Gliscor
|-singleturn|p1a: Gliscor|Protect
|move|p2a: Barraskewda|Poison Jab|p1a: Gliscor
|-activate|p1a: Gliscor|move: Protect
|
|-heal|p1a: Gliscor|69/100 tox|[from] ability: Poison Heal
|upkeep
|turn|19
|inactive|frog221 has 120 seconds left.
|
|t:|1781462986
|move|p2a: Barraskewda|Flip Turn|p1a: Gliscor
|-resisted|p1a: Gliscor
|-damage|p1a: Gliscor|55/100 tox
|-damage|p2a: Barraskewda|35/100|[from] item: Life Orb
|
|t:|1781462988
|switch|p2a: Raging Bolt|Raging Bolt|100/100|[from] Flip Turn
|move|p1a: Gliscor|Stealth Rock|p2a: Raging Bolt
|-sidestart|p2: omari p|move: Stealth Rock
|
|-heal|p1a: Gliscor|67/100 tox|[from] ability: Poison Heal
|upkeep
|turn|20
|-message|omari p forfeited.
|
|win|frog221
|raw|frog221's rating: 1475 &rarr; <strong>1500</strong><br />(+25 for winning)
|raw|omari p's rating: 1556 &rarr; <strong>1531</strong><br />(-25 for losing)
|l|☆omari p
|player|p2|
|l|☆frog221
|player|p1|
