|j|☆waha8
|j|☆LowEL0God
|t:|1781232956
|gametype|singles
|player|p1|waha8|102|1644
|player|p2|LowEL0God|265|1635
|gen|9
|tier|[Gen 9] OU
|rated|
|rule|HP Percentage Mod: HP is shown in percentages
|rule|Endless Battle Clause: Forcing endless battles is banned
|rule|Species Clause: Limit one of each Pokémon
|rule|OHKO Clause: OHKO moves are banned
|rule|Evasion Items Clause: Evasion items are banned
|rule|Evasion Moves Clause: Evasion moves are banned
|rule|Evasion Abilities Clause: Evasion abilities are banned
|rule|Sleep Moves Clause: Sleep-inducing moves are banned
|clearpoke
|poke|p1|Slowking-Galar, M|
|poke|p1|Indeedee, M|
|poke|p1|Cinderace, M|
|poke|p1|Ninetales-Alola, F|
|poke|p1|Cetitan, M|
|poke|p1|Kyurem|
|poke|p2|Pelipper, F|
|poke|p2|Raging Bolt|
|poke|p2|Overqwil, F|
|poke|p2|Barraskewda, F|
|poke|p2|Iron Treads|
|poke|p2|Kingambit, M|
|teampreview
|c|☆LowEL0God|hf
|inactive|Battle timer is ON: inactive players will automatically lose when time's up. (requested by LowEL0God)
|
|t:|1781232963
|teamsize|p1|6
|teamsize|p2|6
|start
|switch|p1a: SageOfSixPaths|Slowking-Galar, M|100/100
|switch|p2a: Kingambit|Kingambit, M|100/100
|turn|1
|
|t:|1781232968
|switch|p1a: ReverseUNO|Cinderace, M|100/100
|move|p2a: Kingambit|Kowtow Cleave|p1a: ReverseUNO
|-damage|p1a: ReverseUNO|32/100
|
|upkeep
|turn|2
|c|☆waha8|ditto
|
|t:|1781232974
|switch|p1a: DeeDee|Indeedee, M|100/100
|-fieldstart|move: Psychic Terrain|[from] ability: Psychic Surge|[of] p1a: DeeDee
|move|p2a: Kingambit|Sucker Punch||[still]
|-fail|p2a: Kingambit
|
|upkeep
|turn|3
|
|t:|1781232980
|move|p1a: DeeDee|Encore|p2a: Kingambit
|-start|p2a: Kingambit|Encore
|move|p2a: Kingambit|Sucker Punch||[still]
|-fail|p2a: Kingambit
|
|upkeep
|turn|4
|
|t:|1781232985
|switch|p1a: SageOfSixPaths|Slowking-Galar, M|100/100
|-end|p2a: Kingambit|fallenundefined|[silent]
|switch|p2a: Overqwil|Overqwil, F|100/100
|
|upkeep
|turn|5
|
|t:|1781232990
|move|p2a: Overqwil|Gunk Shot|p1a: SageOfSixPaths
|-resisted|p1a: SageOfSixPaths
|-damage|p1a: SageOfSixPaths|56/100
|-damage|p2a: Overqwil|91/100|[from] item: Life Orb
|move|p1a: SageOfSixPaths|Trick Room|p1a: SageOfSixPaths
|-fieldstart|move: Trick Room|[of] p1a: SageOfSixPaths
|
|upkeep
|turn|6
|
|t:|1781232996
|move|p1a: SageOfSixPaths|Fire Blast|p2a: Overqwil
|-damage|p2a: Overqwil|11/100
|-damage|p1a: SageOfSixPaths|46/100|[from] item: Life Orb
|move|p2a: Overqwil|Swords Dance|p2a: Overqwil
|-boost|p2a: Overqwil|atk|2
|
|upkeep
|turn|7
|
|t:|1781233003
|switch|p2a: Kingambit|Kingambit, M|100/100
|move|p1a: SageOfSixPaths|Sludge Wave|p2a: Kingambit
|-immune|p2a: Kingambit
|
|upkeep
|turn|8
|
|t:|1781233007
|move|p1a: SageOfSixPaths|Fire Blast|p2a: Kingambit
|-supereffective|p2a: Kingambit
|-damage|p2a: Kingambit|10/100
|-damage|p1a: SageOfSixPaths|36/100|[from] item: Life Orb
|move|p2a: Kingambit|Kowtow Cleave|p1a: SageOfSixPaths
|-supereffective|p1a: SageOfSixPaths
|-damage|p1a: SageOfSixPaths|0 fnt
|faint|p1a: SageOfSixPaths
|
|-heal|p2a: Kingambit|16/100|[from] item: Leftovers
|upkeep
|
|t:|1781233020
|switch|p1a: Mavis|Ninetales-Alola, F|100/100
|-weather|Snowscape|[from] ability: Snow Warning|[of] p1a: Mavis
|turn|9
|
|t:|1781233023
|switch|p1a: ReverseUNO|Cinderace, M|32/100
|move|p2a: Kingambit|Iron Head|p1a: ReverseUNO
|-resisted|p1a: ReverseUNO
|-damage|p1a: ReverseUNO|0 fnt
|faint|p1a: ReverseUNO
|
|-weather|Snowscape|[upkeep]
|-heal|p2a: Kingambit|22/100|[from] item: Leftovers
|-fieldend|move: Trick Room
|-fieldend|move: Psychic Terrain
|upkeep
|
|t:|1781233031
|switch|p1a: DeeDee|Indeedee, M|100/100
|-fieldstart|move: Psychic Terrain|[from] ability: Psychic Surge|[of] p1a: DeeDee
|turn|10
|
|t:|1781233035
|move|p1a: DeeDee|Dazzling Gleam|p2a: Kingambit
|-damage|p2a: Kingambit|0 fnt
|faint|p2a: Kingambit
|-end|p2a: Kingambit|fallenundefined|[silent]
|
|-weather|Snowscape|[upkeep]
|upkeep
|
|t:|1781233038
|switch|p2a: Barraskewda|Barraskewda, F|100/100
|turn|11
|
|t:|1781233042
|move|p2a: Barraskewda|Close Combat|p1a: DeeDee
|-damage|p1a: DeeDee|0 fnt
|-unboost|p2a: Barraskewda|def|1
|-unboost|p2a: Barraskewda|spd|1
|faint|p1a: DeeDee
|
|-weather|Snowscape|[upkeep]
|upkeep
|
|t:|1781233049
|switch|p1a: Mavis|Ninetales-Alola, F|100/100
|turn|12
|
|t:|1781233052
|switch|p2a: Pelipper|Pelipper, F|100/100
|-weather|RainDance|[from] ability: Drizzle|[of] p2a: Pelipper
|move|p1a: Mavis|Freeze-Dry|p2a: Pelipper
|-supereffective|p2a: Pelipper
|-damage|p2a: Pelipper|0 fnt
|faint|p2a: Pelipper
|
|-weather|RainDance|[upkeep]
|upkeep
|
|t:|1781233053
|switch|p2a: Barraskewda|Barraskewda, F|100/100
|turn|13
|
|t:|1781233064
|switch|p1a: SubZero|Kyurem|100/100
|-ability|p1a: SubZero|Pressure
|move|p2a: Barraskewda|Liquidation|p1a: SubZero
|-resisted|p1a: SubZero
|-damage|p1a: SubZero|52/100
|
|-weather|RainDance|[upkeep]
|upkeep
|turn|14
|
|t:|1781233072
|-terastallize|p2a: Barraskewda|Water
|move|p2a: Barraskewda|Liquidation|p1a: SubZero
|-resisted|p1a: SubZero
|-damage|p1a: SubZero|0 fnt
|faint|p1a: SubZero
|
|-weather|RainDance|[upkeep]
|upkeep
|
|t:|1781233078
|switch|p1a: Mavis|Ninetales-Alola, F|100/100
|-weather|Snowscape|[from] ability: Snow Warning|[of] p1a: Mavis
|turn|15
|
|t:|1781233081
|move|p2a: Barraskewda|Liquidation|p1a: Mavis
|-damage|p1a: Mavis|0 fnt
|faint|p1a: Mavis
|
|-weather|Snowscape|[upkeep]
|upkeep
|
|t:|1781233085
|switch|p1a: Thing|Cetitan, M|100/100
|turn|16
|
|t:|1781233088
|move|p1a: Thing|Belly Drum|p1a: Thing
|-damage|p1a: Thing|50/100
|-setboost|p1a: Thing|atk|6|[from] move: Belly Drum
|-enditem|p1a: Thing|Sitrus Berry|[eat]
|-heal|p1a: Thing|75/100|[from] item: Sitrus Berry
|move|p2a: Barraskewda|Liquidation|p1a: Thing
|-damage|p1a: Thing|9/100
|-unboost|p1a: Thing|def|1
|
|-weather|Snowscape|[upkeep]
|upkeep
|turn|17
|
|t:|1781233098
|move|p1a: Thing|Earthquake|p2a: Barraskewda
|-damage|p2a: Barraskewda|0 fnt
|faint|p2a: Barraskewda
|
|-weather|Snowscape|[upkeep]
|-fieldend|move: Psychic Terrain
|upkeep
|
|t:|1781233099
|switch|p2a: Iron Treads|Iron Treads|100/100
|-enditem|p2a: Iron Treads|Booster Energy
|-activate|p2a: Iron Treads|ability: Quark Drive|[fromitem]
|-start|p2a: Iron Treads|quarkdrivespe
|turn|18
|
|t:|1781233110
|move|p1a: Thing|Earthquake|p2a: Iron Treads
|-supereffective|p2a: Iron Treads
|-damage|p2a: Iron Treads|0 fnt
|faint|p2a: Iron Treads
|-end|p2a: Iron Treads|Quark Drive|[silent]
|
|-weather|Snowscape|[upkeep]
|upkeep
|
|t:|1781233111
|switch|p2a: Overqwil|Overqwil, F|11/100
|turn|19
|
|t:|1781233116
|move|p1a: Thing|Ice Shard|p2a: Overqwil
|-damage|p2a: Overqwil|0 fnt
|faint|p2a: Overqwil
|
|-weather|Snowscape|[upkeep]
|upkeep
|
|t:|1781233118
|switch|p2a: Raging Bolt|Raging Bolt|100/100
|-enditem|p2a: Raging Bolt|Booster Energy
|-activate|p2a: Raging Bolt|ability: Protosynthesis|[fromitem]
|-start|p2a: Raging Bolt|protosynthesisspa
|turn|20
|
|t:|1781233125
|-terastallize|p1a: Thing|Ground
|move|p1a: Thing|Earthquake|p2a: Raging Bolt
|-supereffective|p2a: Raging Bolt
|-damage|p2a: Raging Bolt|0 fnt
|faint|p2a: Raging Bolt
|-end|p2a: Raging Bolt|Protosynthesis|[silent]
|
|win|waha8
|raw|waha8's rating: 1644 &rarr; <strong>1663</strong><br />(+19 for winning)
|raw|LowEL0God's rating: 1635 &rarr; <strong>1616</strong><br />(-19 for losing)
|c|☆LowEL0God|gg
|l|☆LowEL0God
|player|p2|
|l|☆waha8
|player|p1|
