|j|☆ankoro
|j|☆wubbybubbyjr
|t:|1781276609
|gametype|singles
|player|p1|ankoro|acetrainer-gen2|1582
|player|p2|wubbybubbyjr|preschooler|1545
|gen|9
|tier|[Gen 9] OU
|rated|
|rule|HP Percentage Mod: HP is shown in percentages
|rule|Endless Battle Clause: Forcing endless battles is banned
|rule|Species Clause: Limit one of each Pokémon
|rule|OHKO Clause: OHKO moves are banned
|rule|Evasion Items Clause: Evasion items are banned
|rule|Evasion Moves Clause: Evasion moves are banned
|rule|Evasion Abilities Clause: Evasion abilities are banned
|rule|Sleep Moves Clause: Sleep-inducing moves are banned
|clearpoke
|poke|p1|Lycanroc, M|
|poke|p1|Kingambit, M|
|poke|p1|Azumarill, M|
|poke|p1|Pawmot, F|
|poke|p1|Zamazenta-*|
|poke|p1|Tornadus-Therian, M|
|poke|p2|Ogerpon, F|
|poke|p2|Zapdos|
|poke|p2|Alomomola, M|
|poke|p2|Ting-Lu|
|poke|p2|Great Tusk|
|poke|p2|Dragonite, F|
|teampreview
|inactive|Battle timer is ON: inactive players will automatically lose when time's up. (requested by wubbybubbyjr)
|
|t:|1781276633
|teamsize|p1|6
|teamsize|p2|6
|start
|switch|p1a: doggorock|Lycanroc, M|100/100
|switch|p2a: Ogerpon|Ogerpon, F|100/100
|turn|1
|inactive|ankoro has 120 seconds left.
|j| DA COME UP
|
|t:|1781276667
|move|p1a: doggorock|Stealth Rock|p2a: Ogerpon
|-sidestart|p2: wubbybubbyjr|move: Stealth Rock
|move|p2a: Ogerpon|U-turn|p1a: doggorock
|-damage|p1a: doggorock|69/100
|
|t:|1781276686
|switch|p2a: Great Tusk|Great Tusk|100/100|[from] U-turn
|
|upkeep
|turn|2
|
|t:|1781276694
|switch|p1a: Zamasu|Zamazenta|100/100
|-ability|p1a: Zamasu|Dauntless Shield|boost
|-boost|p1a: Zamasu|def|1
|move|p2a: Great Tusk|Knock Off|p1a: Zamasu
|-resisted|p1a: Zamasu
|-damage|p1a: Zamasu|89/100
|-enditem|p1a: Zamasu|Life Orb|[from] move: Knock Off|[of] p2a: Great Tusk
|
|upkeep
|turn|3
|
|t:|1781276699
|move|p1a: Zamasu|Close Combat|p2a: Great Tusk
|-damage|p2a: Great Tusk|57/100
|-unboost|p1a: Zamasu|def|1
|-unboost|p1a: Zamasu|spd|1
|move|p2a: Great Tusk|Rapid Spin|p1a: Zamasu
|-damage|p1a: Zamasu|73/100
|-boost|p2a: Great Tusk|spe|1
|-sideend|p2: wubbybubbyjr|Stealth Rock|[from] move: Rapid Spin|[of] p2a: Great Tusk
|
|upkeep
|turn|4
|
|t:|1781276703
|move|p2a: Great Tusk|Headlong Rush|p1a: Zamasu
|-damage|p1a: Zamasu|14/100
|-unboost|p2a: Great Tusk|def|1
|-unboost|p2a: Great Tusk|spd|1
|move|p1a: Zamasu|Close Combat|p2a: Great Tusk
|-damage|p2a: Great Tusk|0 fnt
|-unboost|p1a: Zamasu|def|1
|-unboost|p1a: Zamasu|spd|1
|faint|p2a: Great Tusk
|-end|p2a: Great Tusk|Protosynthesis|[silent]
|
|upkeep
|
|t:|1781276712
|switch|p2a: Ogerpon|Ogerpon, F|100/100
|turn|5
|
|t:|1781276717
|-terastallize|p2a: Ogerpon|Grass
|detailschange|p2a: Ogerpon|Ogerpon-Teal-Tera, F, tera:Grass
|-ability|p2a: Ogerpon|Embody Aspect (Teal)|boost
|-boost|p2a: Ogerpon|spe|1
|move|p2a: Ogerpon|Ivy Cudgel|p1a: Zamasu
|-damage|p1a: Zamasu|0 fnt
|faint|p1a: Zamasu
|
|upkeep
|
|t:|1781276732
|switch|p1a: nimrod|Tornadus-Therian, M|100/100
|turn|6
|
|t:|1781276738
|move|p2a: Ogerpon|U-turn|p1a: nimrod
|-resisted|p1a: nimrod
|-damage|p1a: nimrod|84/100
|l| DA COME UP
|
|t:|1781276741
|switch|p2a: Ting-Lu|Ting-Lu|100/100|[from] U-turn
|-ability|p2a: Ting-Lu|Vessel of Ruin
|move|p1a: nimrod|Bleakwind Storm|p2a: Ting-Lu
|-damage|p2a: Ting-Lu|73/100
|-damage|p1a: nimrod|75/100|[from] item: Life Orb
|
|upkeep
|turn|7
|
|t:|1781276746
|move|p1a: nimrod|Nasty Plot|p1a: nimrod
|-boost|p1a: nimrod|spa|2
|move|p2a: Ting-Lu|Stealth Rock|p1a: nimrod
|-sidestart|p1: ankoro|move: Stealth Rock
|
|upkeep
|turn|8
|
|t:|1781276764
|move|p1a: nimrod|Grass Knot|p2a: Ting-Lu
|-supereffective|p2a: Ting-Lu
|-damage|p2a: Ting-Lu|0 fnt
|-damage|p1a: nimrod|58/100|[from] item: Rocky Helmet|[of] p2a: Ting-Lu
|faint|p2a: Ting-Lu
|-damage|p1a: nimrod|49/100|[from] item: Life Orb
|
|upkeep
|inactive|wubbybubbyjr has 120 seconds left.
|
|t:|1781276806
|switch|p2a: Dragonite|Dragonite, F|100/100
|turn|9
|
|t:|1781276822
|move|p2a: Dragonite|Extreme Speed|p1a: nimrod
|-damage|p1a: nimrod|0 fnt
|faint|p1a: nimrod
|
|upkeep
|inactive|ankoro has 120 seconds left.
|
|t:|1781276855
|switch|p1a: doggorock|Lycanroc, M|69/100
|-damage|p1a: doggorock|56/100|[from] Stealth Rock
|turn|10
|inactive|wubbybubbyjr has 120 seconds left.
|
|t:|1781276875
|switch|p2a: Alomomola|Alomomola, M|100/100
|move|p1a: doggorock|Taunt|p2a: Alomomola
|-start|p2a: Alomomola|move: Taunt
|
|upkeep
|turn|11
|
|t:|1781276879
|move|p1a: doggorock|Stealth Rock|p2a: Alomomola
|-sidestart|p2: wubbybubbyjr|move: Stealth Rock
|move|p2a: Alomomola|Flip Turn|p1a: doggorock
|-supereffective|p1a: doggorock
|-damage|p1a: doggorock|7/100
|inactive|wubbybubbyjr has 120 seconds left.
|
|t:|1781276886
|switch|p2a: Ogerpon|Ogerpon-Teal-Tera, F, tera:Grass|100/100|[from] Flip Turn
|-ability|p2a: Ogerpon|Embody Aspect (Teal)|boost
|-boost|p2a: Ogerpon|spe|1
|
|upkeep
|turn|12
|
|t:|1781276895
|move|p2a: Ogerpon|Ivy Cudgel|p1a: doggorock
|-supereffective|p1a: doggorock
|-damage|p1a: doggorock|0 fnt
|faint|p1a: doggorock
|
|upkeep
|
|t:|1781276898
|switch|p1a: koolguybit|Kingambit, M|100/100
|-damage|p1a: koolguybit|94/100|[from] Stealth Rock
|-activate|p1a: koolguybit|ability: Supreme Overlord
|-start|p1a: koolguybit|fallen3|[silent]
|-item|p1a: koolguybit|Air Balloon
|turn|13
|
|t:|1781276908
|-terastallize|p1a: koolguybit|Ghost
|move|p2a: Ogerpon|Low Kick|p1a: koolguybit
|-immune|p1a: koolguybit
|move|p1a: koolguybit|Kowtow Cleave|p2a: Ogerpon
|-damage|p2a: Ogerpon|17/100
|
|upkeep
|turn|14
|
|t:|1781276916
|switch|p2a: Alomomola|Alomomola, M|100/100
|-damage|p2a: Alomomola|88/100|[from] Stealth Rock
|move|p1a: koolguybit|Sucker Punch||[still]
|-fail|p1a: koolguybit
|
|-heal|p2a: Alomomola|94/100|[from] item: Leftovers
|upkeep
|turn|15
|
|t:|1781276926
|move|p1a: koolguybit|Swords Dance|p1a: koolguybit
|-boost|p1a: koolguybit|atk|2
|move|p2a: Alomomola|Scald|p1a: koolguybit
|-damage|p1a: koolguybit|79/100
|-enditem|p1a: koolguybit|Air Balloon
|
|-heal|p2a: Alomomola|100/100|[from] item: Leftovers
|upkeep
|turn|16
|
|t:|1781276934
|move|p1a: koolguybit|Kowtow Cleave|p2a: Alomomola
|-damage|p2a: Alomomola|30/100
|move|p2a: Alomomola|Scald|p1a: koolguybit
|-damage|p1a: koolguybit|65/100
|
|-heal|p2a: Alomomola|36/100|[from] item: Leftovers
|upkeep
|turn|17
|
|t:|1781276944
|move|p1a: koolguybit|Kowtow Cleave|p2a: Alomomola
|-damage|p2a: Alomomola|0 fnt
|faint|p2a: Alomomola
|
|upkeep
|
|t:|1781276946
|switch|p2a: Zapdos|Zapdos|100/100
|turn|18
|
|t:|1781276966
|move|p2a: Zapdos|Hurricane|p1a: koolguybit|[miss]
|-miss|p2a: Zapdos|p1a: koolguybit
|move|p1a: koolguybit|Kowtow Cleave|p2a: Zapdos
|-damage|p2a: Zapdos|0 fnt
|faint|p2a: Zapdos
|
|upkeep
|-message|wubbybubbyjr forfeited.
|
|win|ankoro
|raw|ankoro's rating: 1582 &rarr; <strong>1599</strong><br />(+17 for winning)
|raw|wubbybubbyjr's rating: 1521 &rarr; <strong>1504</strong><br />(-17 for losing)
|l|☆wubbybubbyjr
|player|p2|
|l|☆ankoro
|player|p1|
