|j|☆CIodSuspectTest
|j|☆Igoodnamename
|t:|1781042159
|gametype|singles
|player|p1|CIodSuspectTest|102|1563
|player|p2|Igoodnamename|winona|1691
|gen|9
|tier|[Gen 9] OU
|rated|
|rule|HP Percentage Mod: HP is shown in percentages
|rule|Endless Battle Clause: Forcing endless battles is banned
|rule|Species Clause: Limit one of each Pokémon
|rule|OHKO Clause: OHKO moves are banned
|rule|Evasion Items Clause: Evasion items are banned
|rule|Evasion Moves Clause: Evasion moves are banned
|rule|Evasion Abilities Clause: Evasion abilities are banned
|rule|Sleep Moves Clause: Sleep-inducing moves are banned
|clearpoke
|poke|p1|Zoroark-Hisui, F|
|poke|p1|Zamazenta-*|
|poke|p1|Clodsire, F|
|poke|p1|Ogerpon-Wellspring, F|
|poke|p1|Cinderace, M|
|poke|p1|Deoxys-Speed|
|poke|p2|Gholdengo|
|poke|p2|Zamazenta-*|
|poke|p2|Moltres|
|poke|p2|Ting-Lu|
|poke|p2|Serperior, M|
|poke|p2|Kyurem|
|teampreview
|
|t:|1781042164
|teamsize|p1|6
|teamsize|p2|6
|start
|switch|p1a: gay lil chud|Cinderace, M|100/100
|switch|p2a: Serperior|Serperior, M|100/100
|turn|1
|inactive|Battle timer is ON: inactive players will automatically lose when time's up. (requested by CIodSuspectTest)
|
|t:|1781042168
|switch|p2a: Moltres|Moltres|100/100
|move|p1a: gay lil chud|Pyro Ball|p2a: Moltres
|-resisted|p2a: Moltres
|-damage|p2a: Moltres|81/100
|
|upkeep
|turn|2
|
|t:|1781042172
|move|p1a: gay lil chud|Gunk Shot|p2a: Moltres
|-start|p1a: gay lil chud|typechange|Poison|[from] ability: Libero
|-damage|p2a: Moltres|40/100
|move|p2a: Moltres|U-turn|p1a: gay lil chud
|-resisted|p1a: gay lil chud
|-damage|p1a: gay lil chud|90/100
|
|t:|1781042175
|switch|p2a: Ting-Lu|Ting-Lu|100/100|[from] U-turn
|-ability|p2a: Ting-Lu|Vessel of Ruin
|
|upkeep
|turn|3
|
|t:|1781042178
|move|p1a: gay lil chud|U-turn|p2a: Ting-Lu
|-supereffective|p2a: Ting-Lu
|-damage|p2a: Ting-Lu|74/100
|
|t:|1781042180
|switch|p1a: Clodsire|Clodsire, F|100/100|[from] U-turn
|move|p2a: Ting-Lu|Stealth Rock|p1a: Clodsire
|-sidestart|p1: CIodSuspectTest|move: Stealth Rock
|
|-heal|p2a: Ting-Lu|80/100|[from] item: Leftovers
|upkeep
|turn|4
|
|t:|1781042183
|move|p2a: Ting-Lu|Earthquake|p1a: Clodsire
|-supereffective|p1a: Clodsire
|-damage|p1a: Clodsire|15/100
|move|p1a: Clodsire|Toxic Spikes|p2a: Ting-Lu
|-sidestart|p2: Igoodnamename|move: Toxic Spikes
|
|-heal|p2a: Ting-Lu|86/100|[from] item: Leftovers
|-heal|p1a: Clodsire|21/100|[from] item: Leftovers
|upkeep
|turn|5
|
|t:|1781042187
|switch|p1a: gay lil chud|Cinderace, M|100/100
|-damage|p1a: gay lil chud|88/100|[from] Stealth Rock
|-item|p1a: gay lil chud|Air Balloon
|move|p2a: Ting-Lu|Earthquake|p1a: gay lil chud
|-immune|p1a: gay lil chud
|
|-heal|p2a: Ting-Lu|92/100|[from] item: Leftovers
|upkeep
|turn|6
|
|t:|1781042190
|move|p1a: gay lil chud|Will-O-Wisp|p2a: Ting-Lu
|-status|p2a: Ting-Lu|brn
|move|p2a: Ting-Lu|Ruination|p1a: gay lil chud
|-damage|p1a: gay lil chud|45/100
|replace|p1a: just zoroark|Zoroark-Hisui, F, shiny
|-end|p1a: just zoroark|Illusion
|-enditem|p1a: just zoroark|Air Balloon
|
|-heal|p2a: Ting-Lu|99/100 brn|[from] item: Leftovers
|-damage|p2a: Ting-Lu|92/100 brn|[from] brn
|upkeep
|turn|7
|
|t:|1781042195
|switch|p1a: Ogerpon|Ogerpon-Wellspring, F|100/100
|-damage|p1a: Ogerpon|88/100|[from] Stealth Rock
|move|p2a: Ting-Lu|Earthquake|p1a: Ogerpon
|-resisted|p1a: Ogerpon
|-damage|p1a: Ogerpon|77/100
|
|-heal|p2a: Ting-Lu|99/100 brn|[from] item: Leftovers
|-damage|p2a: Ting-Lu|92/100 brn|[from] brn
|upkeep
|turn|8
|
|t:|1781042199
|switch|p2a: Serperior|Serperior, M|100/100
|-status|p2a: Serperior|psn
|move|p1a: Ogerpon|U-turn|p2a: Serperior
|-supereffective|p2a: Serperior
|-damage|p2a: Serperior|37/100 psn
|
|t:|1781042203
|switch|p1a: gay lil chud|Cinderace, M|90/100|[from] U-turn
|
|-damage|p2a: Serperior|25/100 psn|[from] psn
|upkeep
|turn|9
|
|t:|1781042208
|move|p2a: Serperior|Glare|p1a: gay lil chud
|-status|p1a: gay lil chud|par
|move|p1a: gay lil chud|U-turn|p2a: Serperior
|-start|p1a: gay lil chud|typechange|Bug|[from] ability: Libero
|-supereffective|p2a: Serperior
|-damage|p2a: Serperior|0 fnt
|faint|p2a: Serperior
|
|t:|1781042210
|switch|p1a: Ogerpon|Ogerpon-Wellspring, F|77/100|[from] U-turn
|-damage|p1a: Ogerpon|65/100|[from] Stealth Rock
|
|upkeep
|
|t:|1781042213
|switch|p2a: Kyurem|Kyurem|100/100
|-ability|p2a: Kyurem|Pressure
|turn|10
|j| S\Il!^ve>RjAY22=40
|
|t:|1781042219
|switch|p1a: gay lil chud|Cinderace, M|90/100 par
|move|p2a: Kyurem|Freeze-Dry|p1a: gay lil chud
|-resisted|p1a: gay lil chud
|-damage|p1a: gay lil chud|62/100 par
|
|upkeep
|turn|11
|
|t:|1781042239
|move|p2a: Kyurem|Earth Power|p1a: gay lil chud
|-supereffective|p1a: gay lil chud
|-damage|p1a: gay lil chud|0 fnt
|faint|p1a: gay lil chud
|
|upkeep
|
|t:|1781042244
|switch|p1a: Zamazenta|Zamazenta|100/100
|-damage|p1a: Zamazenta|94/100|[from] Stealth Rock
|-ability|p1a: Zamazenta|Dauntless Shield|boost
|-boost|p1a: Zamazenta|def|1
|turn|12
|
|t:|1781042248
|switch|p1a: Deoxys|Deoxys-Speed|100/100
|-damage|p1a: Deoxys|88/100|[from] Stealth Rock
|-ability|p1a: Deoxys|Pressure
|switch|p2a: Moltres|Moltres|40/100
|
|upkeep
|turn|13
|
|t:|1781042252
|move|p1a: Deoxys|Spikes|p2a: Moltres
|-sidestart|p2: Igoodnamename|Spikes
|move|p2a: Moltres|U-turn|p1a: Deoxys
|-supereffective|p1a: Deoxys
|-damage|p1a: Deoxys|43/100
|
|t:|1781042255
|switch|p2a: Ting-Lu|Ting-Lu|92/100 brn|[from] U-turn
|-damage|p2a: Ting-Lu|80/100 brn|[from] Spikes
|-ability|p2a: Ting-Lu|Vessel of Ruin
|
|-heal|p2a: Ting-Lu|86/100 brn|[from] item: Leftovers
|-damage|p2a: Ting-Lu|80/100 brn|[from] brn
|upkeep
|turn|14
|
|t:|1781042259
|move|p1a: Deoxys|Spikes|p2a: Ting-Lu
|-sidestart|p2: Igoodnamename|Spikes
|move|p2a: Ting-Lu|Earthquake|p1a: Deoxys
|-damage|p1a: Deoxys|16/100
|
|-heal|p2a: Ting-Lu|86/100 brn|[from] item: Leftovers
|-damage|p2a: Ting-Lu|80/100 brn|[from] brn
|upkeep
|turn|15
|
|t:|1781042262
|move|p1a: Deoxys|Spikes|p2a: Ting-Lu
|-sidestart|p2: Igoodnamename|Spikes
|move|p2a: Ting-Lu|Earthquake|p1a: Deoxys
|-damage|p1a: Deoxys|0 fnt
|faint|p1a: Deoxys
|
|-heal|p2a: Ting-Lu|86/100 brn|[from] item: Leftovers
|-damage|p2a: Ting-Lu|80/100 brn|[from] brn
|upkeep
|
|t:|1781042265
|switch|p1a: Ogerpon|Ogerpon-Wellspring, F|65/100
|-damage|p1a: Ogerpon|52/100|[from] Stealth Rock
|turn|16
|
|t:|1781042271
|-terastallize|p1a: Ogerpon|Water
|detailschange|p1a: Ogerpon|Ogerpon-Wellspring-Tera, F, tera:Water
|-ability|p1a: Ogerpon|Embody Aspect (Wellspring)|boost
|-boost|p1a: Ogerpon|spd|1
|move|p1a: Ogerpon|Ivy Cudgel|p2a: Ting-Lu|[anim] Ivy Cudgel Water
|-supereffective|p2a: Ting-Lu
|-damage|p2a: Ting-Lu|0 fnt
|faint|p2a: Ting-Lu
|
|upkeep
|
|t:|1781042278
|switch|p2a: Kyurem|Kyurem|100/100
|-ability|p2a: Kyurem|Pressure
|turn|17
|
|t:|1781042282
|switch|p1a: Zamazenta|Zamazenta|45/100
|-damage|p1a: Zamazenta|32/100|[from] Stealth Rock
|move|p2a: Kyurem|Freeze-Dry|p1a: Zamazenta
|-damage|p1a: Zamazenta|0 fnt
|replace|p1a: just zoroark|Zoroark-Hisui, F, shiny
|-end|p1a: just zoroark|Illusion
|faint|p1a: just zoroark
|
|upkeep
|
|t:|1781042284
|switch|p1a: Zamazenta|Zamazenta|94/100
|-damage|p1a: Zamazenta|88/100|[from] Stealth Rock
|turn|18
|
|t:|1781042299
|move|p1a: Zamazenta|Close Combat|p2a: Kyurem
|-supereffective|p2a: Kyurem
|-damage|p2a: Kyurem|0 fnt
|-unboost|p1a: Zamazenta|def|1
|-unboost|p1a: Zamazenta|spd|1
|faint|p2a: Kyurem
|
|upkeep
|j| Fat_Yogi
|
|t:|1781042304
|switch|p2a: Moltres|Moltres|40/100
|turn|19
|
|t:|1781042306
|move|p1a: Zamazenta|Wild Charge|p2a: Moltres
|-supereffective|p2a: Moltres
|-damage|p2a: Moltres|0 fnt
|faint|p2a: Moltres
|-damage|p1a: Zamazenta|77/100|[from] Recoil
|
|upkeep
|
|t:|1781042314
|switch|p2a: Zamazenta|Zamazenta|100/100
|-status|p2a: Zamazenta|psn
|-damage|p2a: Zamazenta|75/100 psn|[from] Spikes
|-ability|p2a: Zamazenta|Dauntless Shield|boost
|-boost|p2a: Zamazenta|def|1
|turn|20
|
|t:|1781042317
|move|p2a: Zamazenta|Iron Defense|p2a: Zamazenta
|-boost|p2a: Zamazenta|def|2
|move|p1a: Zamazenta|Iron Head|p2a: Zamazenta
|-damage|p2a: Zamazenta|66/100 psn
|
|-damage|p2a: Zamazenta|54/100 psn|[from] psn
|upkeep
|turn|21
|
|t:|1781042320
|move|p2a: Zamazenta|Iron Defense|p2a: Zamazenta
|-boost|p2a: Zamazenta|def|2
|move|p1a: Zamazenta|Iron Head|p2a: Zamazenta
|-damage|p2a: Zamazenta|48/100 psn
|
|-damage|p2a: Zamazenta|36/100 psn|[from] psn
|upkeep
|turn|22
|
|t:|1781042325
|move|p2a: Zamazenta|Rest|p2a: Zamazenta
|-status|p2a: Zamazenta|slp|[from] move: Rest
|-heal|p2a: Zamazenta|100/100 slp|[silent]
|-enditem|p2a: Zamazenta|Chesto Berry|[eat]
|-curestatus|p2a: Zamazenta|slp|[msg]
|move|p1a: Zamazenta|Close Combat|p2a: Zamazenta
|-damage|p2a: Zamazenta|87/100
|-unboost|p1a: Zamazenta|def|1
|-unboost|p1a: Zamazenta|spd|1
|
|upkeep
|turn|23
|
|t:|1781042328
|move|p2a: Zamazenta|Body Press|p1a: Zamazenta
|-crit|p1a: Zamazenta
|-damage|p1a: Zamazenta|0 fnt
|faint|p1a: Zamazenta
|
|upkeep
|
|t:|1781042331
|switch|p1a: Clodsire|Clodsire, F|21/100
|-damage|p1a: Clodsire|15/100|[from] Stealth Rock
|turn|24
|
|t:|1781042335
|-terastallize|p2a: Zamazenta|Dark
|move|p2a: Zamazenta|Crunch|p1a: Clodsire
|-damage|p1a: Clodsire|0 fnt
|faint|p1a: Clodsire
|
|upkeep
|
|t:|1781042337
|switch|p1a: Ogerpon|Ogerpon-Wellspring-Tera, F, tera:Water|52/100
|-damage|p1a: Ogerpon|40/100|[from] Stealth Rock
|-ability|p1a: Ogerpon|Embody Aspect (Wellspring)|boost
|-boost|p1a: Ogerpon|spd|1
|turn|25
|
|t:|1781042339
|move|p2a: Zamazenta|Body Press|p1a: Ogerpon
|-damage|p1a: Ogerpon|0 fnt
|faint|p1a: Ogerpon
|detailschange|p1: Ogerpon|Ogerpon-Wellspring, F|[silent]
|
|win|Igoodnamename
|raw|CIodSuspectTest's rating: 1563 &rarr; <strong>1550</strong><br />(-13 for losing)
|raw|Igoodnamename's rating: 1691 &rarr; <strong>1704</strong><br />(+13 for winning)
|l|☆CIodSuspectTest
|player|p1|
|c|☆Igoodnamename|ggs
|l|☆Igoodnamename
|player|p2|
|l| S\Il!^ve>RjAY22=40
|l| Fat_Yogi
