|j|☆InfinityPokeRang3r
|j|☆OUZQ Crocodile
|t:|1780921955
|gametype|singles
|player|p1|InfinityPokeRang3r|ingo|1617
|player|p2|OUZQ Crocodile|101|1601
|gen|9
|tier|[Gen 9] OU
|rated|
|rule|HP Percentage Mod: HP is shown in percentages
|rule|Endless Battle Clause: Forcing endless battles is banned
|rule|Species Clause: Limit one of each Pokémon
|rule|OHKO Clause: OHKO moves are banned
|rule|Evasion Items Clause: Evasion items are banned
|rule|Evasion Moves Clause: Evasion moves are banned
|rule|Evasion Abilities Clause: Evasion abilities are banned
|rule|Sleep Moves Clause: Sleep-inducing moves are banned
|clearpoke
|poke|p1|Glimmora, M|
|poke|p1|Zapdos-Galar|
|poke|p1|Kyurem|
|poke|p1|Araquanid, M|
|poke|p1|Iron Treads|
|poke|p1|Sinistcha-Masterpiece|
|poke|p2|Cresselia, F|
|poke|p2|Zamazenta-*|
|poke|p2|Grimmsnarl, M|
|poke|p2|Raging Bolt|
|poke|p2|Ogerpon-Wellspring, F|
|poke|p2|Glimmora, F|
|teampreview
|
|t:|1780921967
|teamsize|p1|6
|teamsize|p2|6
|start
|switch|p1a: Iron Treads|Iron Treads|100/100
|switch|p2a: Grimmsnarl|Grimmsnarl, M|100/100
|turn|1
|inactive|Battle timer is ON: inactive players will automatically lose when time's up. (requested by OUZQ Crocodile)
|
|t:|1780921977
|move|p2a: Grimmsnarl|Reflect|p2a: Grimmsnarl
|-sidestart|p2: OUZQ Crocodile|Reflect
|move|p1a: Iron Treads|Iron Head|p2a: Grimmsnarl
|-supereffective|p2a: Grimmsnarl
|-damage|p2a: Grimmsnarl|48/100
|
|upkeep
|turn|2
|
|t:|1780921984
|move|p2a: Grimmsnarl|Parting Shot|p1a: Iron Treads
|-unboost|p1a: Iron Treads|atk|1
|-unboost|p1a: Iron Treads|spa|1
|
|t:|1780921991
|switch|p2a: Ogerpon|Ogerpon-Wellspring, F|100/100|[from] Parting Shot
|move|p1a: Iron Treads|Iron Head|p2a: Ogerpon
|-resisted|p2a: Ogerpon
|-damage|p2a: Ogerpon|92/100
|
|upkeep
|turn|3
|
|t:|1780921998
|-end|p1a: Iron Treads|Quark Drive|[silent]
|switch|p1a: Sinistcha|Sinistcha-Masterpiece|100/100
|move|p2a: Ogerpon|Ivy Cudgel|p1a: Sinistcha|[anim] Ivy Cudgel Water
|-resisted|p1a: Sinistcha
|-damage|p1a: Sinistcha|72/100
|
|upkeep
|turn|4
|
|t:|1780922007
|switch|p2a: Glimmora|Glimmora, F|100/100
|move|p1a: Sinistcha|Strength Sap|p2a: Glimmora
|-unboost|p2a: Glimmora|atk|1
|-heal|p1a: Sinistcha|100/100
|
|upkeep
|turn|5
|
|t:|1780922014
|switch|p1a: Iron Treads|Iron Treads|100/100
|move|p2a: Glimmora|Earth Power|p1a: Iron Treads
|-supereffective|p1a: Iron Treads
|-damage|p1a: Iron Treads|36/100
|
|upkeep
|turn|6
|
|t:|1780922024
|move|p1a: Iron Treads|Earthquake|p2a: Glimmora
|-supereffective|p2a: Glimmora
|-damage|p2a: Glimmora|0 fnt
|-activate|p2a: Glimmora|ability: Toxic Debris
|-sidestart|p1: InfinityPokeRang3r|move: Toxic Spikes
|faint|p2a: Glimmora
|
|upkeep
|
|t:|1780922027
|switch|p2a: Ogerpon|Ogerpon-Wellspring, F|92/100
|turn|7
|
|t:|1780922033
|-end|p1a: Iron Treads|Quark Drive|[silent]
|switch|p1a: Glimmora|Glimmora, M|100/100
|-sideend|p1: InfinityPokeRang3r|move: Toxic Spikes|[of] p1a: Glimmora
|move|p2a: Ogerpon|Ivy Cudgel|p1a: Glimmora|[anim] Ivy Cudgel Water
|-supereffective|p1a: Glimmora
|-crit|p1a: Glimmora
|-enditem|p1a: Glimmora|Focus Sash
|-damage|p1a: Glimmora|1/100
|-activate|p1a: Glimmora|ability: Toxic Debris
|-sidestart|p2: OUZQ Crocodile|move: Toxic Spikes
|
|upkeep
|turn|8
|
|t:|1780922045
|move|p2a: Ogerpon|Ivy Cudgel|p1a: Glimmora|[anim] Ivy Cudgel Water
|-supereffective|p1a: Glimmora
|-damage|p1a: Glimmora|0 fnt
|-activate|p1a: Glimmora|ability: Toxic Debris
|-sidestart|p2: OUZQ Crocodile|move: Toxic Spikes
|faint|p1a: Glimmora
|
|-sideend|p2: OUZQ Crocodile|Reflect
|upkeep
|
|t:|1780922048
|switch|p1a: Araquanid|Araquanid, M|100/100
|turn|9
|
|t:|1780922053
|move|p2a: Ogerpon|Swords Dance|p2a: Ogerpon
|-boost|p2a: Ogerpon|atk|2
|move|p1a: Araquanid|Sticky Web|p2a: Ogerpon
|-sidestart|p2: OUZQ Crocodile|move: Sticky Web
|
|upkeep
|turn|10
|
|t:|1780922057
|move|p2a: Ogerpon|Trailblaze|p1a: Araquanid
|-damage|p1a: Araquanid|33/100
|-boost|p2a: Ogerpon|spe|1
|move|p1a: Araquanid|Leech Life|p2a: Ogerpon
|-supereffective|p2a: Ogerpon
|-damage|p2a: Ogerpon|8/100
|-heal|p1a: Araquanid|70/100|[from] drain|[of] p2a: Ogerpon
|
|upkeep
|turn|11
|
|t:|1780922063
|move|p2a: Ogerpon|Trailblaze|p1a: Araquanid
|-damage|p1a: Araquanid|6/100
|-boost|p2a: Ogerpon|spe|1
|move|p1a: Araquanid|Leech Life|p2a: Ogerpon
|-supereffective|p2a: Ogerpon
|-damage|p2a: Ogerpon|0 fnt
|-heal|p1a: Araquanid|10/100|[from] drain|[of] p2a: Ogerpon
|faint|p2a: Ogerpon
|
|upkeep
|
|t:|1780922069
|switch|p2a: Grimmsnarl|Grimmsnarl, M|48/100
|-status|p2a: Grimmsnarl|tox
|-activate|p2a: Grimmsnarl|move: Sticky Web
|-unboost|p2a: Grimmsnarl|spe|1
|turn|12
|
|t:|1780922074
|move|p2a: Grimmsnarl|Reflect|p2a: Grimmsnarl
|-sidestart|p2: OUZQ Crocodile|Reflect
|move|p1a: Araquanid|Liquidation|p2a: Grimmsnarl
|-damage|p2a: Grimmsnarl|8/100 tox
|
|-damage|p2a: Grimmsnarl|2/100 tox|[from] psn
|upkeep
|turn|13
|
|t:|1780922079
|move|p2a: Grimmsnarl|Light Screen|p2a: Grimmsnarl
|-sidestart|p2: OUZQ Crocodile|move: Light Screen
|move|p1a: Araquanid|Leech Life|p2a: Grimmsnarl
|-damage|p2a: Grimmsnarl|0 fnt
|-heal|p1a: Araquanid|11/100|[from] drain|[of] p2a: Grimmsnarl
|faint|p2a: Grimmsnarl
|
|upkeep
|
|t:|1780922083
|switch|p2a: Cresselia|Cresselia, F|100/100
|turn|14
|
|t:|1780922087
|-terastallize|p2a: Cresselia|Poison
|move|p2a: Cresselia|Calm Mind|p2a: Cresselia
|-boost|p2a: Cresselia|spa|1
|-boost|p2a: Cresselia|spd|1
|move|p1a: Araquanid|Liquidation|p2a: Cresselia
|-damage|p2a: Cresselia|82/100
|
|upkeep
|turn|15
|
|t:|1780922096
|move|p2a: Cresselia|Calm Mind|p2a: Cresselia
|-boost|p2a: Cresselia|spa|1
|-boost|p2a: Cresselia|spd|1
|move|p1a: Araquanid|Liquidation|p2a: Cresselia
|-damage|p2a: Cresselia|66/100
|
|upkeep
|turn|16
|-activate|p1a: Araquanid|item: Quick Claw
|
|t:|1780922102
|move|p1a: Araquanid|Liquidation|p2a: Cresselia
|-damage|p2a: Cresselia|49/100
|move|p2a: Cresselia|Calm Mind|p2a: Cresselia
|-boost|p2a: Cresselia|spa|1
|-boost|p2a: Cresselia|spd|1
|
|upkeep
|turn|17
|
|t:|1780922107
|move|p2a: Cresselia|Moonlight|p2a: Cresselia
|-heal|p2a: Cresselia|99/100
|move|p1a: Araquanid|Liquidation|p2a: Cresselia
|-damage|p2a: Cresselia|83/100
|
|upkeep
|turn|18
|-activate|p1a: Araquanid|item: Quick Claw
|
|t:|1780922114
|move|p1a: Araquanid|Liquidation|p2a: Cresselia
|-damage|p2a: Cresselia|65/100
|move|p2a: Cresselia|Calm Mind|p2a: Cresselia
|-boost|p2a: Cresselia|spa|1
|-boost|p2a: Cresselia|spd|1
|
|upkeep
|turn|19
|-activate|p1a: Araquanid|item: Quick Claw
|
|t:|1780922122
|move|p1a: Araquanid|Liquidation|p2a: Cresselia
|-damage|p2a: Cresselia|47/100
|move|p2a: Cresselia|Moonlight|p2a: Cresselia
|-heal|p2a: Cresselia|97/100
|
|-sideend|p2: OUZQ Crocodile|Reflect
|upkeep
|turn|20
|
|t:|1780922127
|move|p2a: Cresselia|Stored Power|p1a: Araquanid
|-damage|p1a: Araquanid|0 fnt
|faint|p1a: Araquanid
|
|-sideend|p2: OUZQ Crocodile|move: Light Screen
|upkeep
|
|t:|1780922132
|switch|p1a: Iron Treads|Iron Treads|36/100
|turn|21
|
|t:|1780922136
|move|p1a: Iron Treads|Iron Head|p2a: Cresselia
|-damage|p2a: Cresselia|76/100
|move|p2a: Cresselia|Stored Power|p1a: Iron Treads
|-resisted|p1a: Iron Treads
|-damage|p1a: Iron Treads|0 fnt
|faint|p1a: Iron Treads
|-end|p1a: Iron Treads|Quark Drive|[silent]
|
|upkeep
|
|t:|1780922141
|switch|p1a: Zapdos|Zapdos-Galar|100/100
|turn|22
|
|t:|1780922146
|move|p1a: Zapdos|Brave Bird|p2a: Cresselia
|-damage|p2a: Cresselia|29/100
|-damage|p1a: Zapdos|79/100|[from] Recoil
|move|p2a: Cresselia|Moonlight|p2a: Cresselia
|-heal|p2a: Cresselia|79/100
|
|upkeep
|turn|23
|
|t:|1780922151
|move|p1a: Zapdos|Brave Bird|p2a: Cresselia
|-damage|p2a: Cresselia|31/100
|-damage|p1a: Zapdos|57/100|[from] Recoil
|move|p2a: Cresselia|Stored Power|p1a: Zapdos
|-supereffective|p1a: Zapdos
|-damage|p1a: Zapdos|0 fnt
|faint|p1a: Zapdos
|
|upkeep
|
|t:|1780922156
|switch|p1a: Kyurem|Kyurem|100/100
|-ability|p1a: Kyurem|Pressure
|turn|24
|
|t:|1780922161
|move|p1a: Kyurem|Draco Meteor|p2a: Cresselia
|-damage|p2a: Cresselia|8/100
|-unboost|p1a: Kyurem|spa|2
|move|p2a: Cresselia|Moonlight|p2a: Cresselia
|-heal|p2a: Cresselia|58/100
|
|upkeep
|turn|25
|-message|InfinityPokeRang3r forfeited.
|
|win|OUZQ Crocodile
|raw|InfinityPokeRang3r's rating: 1617 &rarr; <strong>1596</strong><br />(-21 for losing)
|raw|OUZQ Crocodile's rating: 1601 &rarr; <strong>1622</strong><br />(+21 for winning)
|l|☆InfinityPokeRang3r
|player|p1|
|j| uncle brown
|l| uncle brown
|l|☆OUZQ Crocodile
|player|p2|
|j| AlphaDreams
|j| feiting
|j| AMBATUBLOUGH
|j| arturohdez
