|j|☆LowEL0God
|j|☆Acastillo631
|t:|1781447611
|gametype|singles
|player|p1|LowEL0God|265|1575
|player|p2|Acastillo631|silver|1635
|gen|9
|tier|[Gen 9] OU
|rated|
|rule|HP Percentage Mod: HP is shown in percentages
|rule|Endless Battle Clause: Forcing endless battles is banned
|rule|Species Clause: Limit one of each Pokémon
|rule|OHKO Clause: OHKO moves are banned
|rule|Evasion Items Clause: Evasion items are banned
|rule|Evasion Moves Clause: Evasion moves are banned
|rule|Evasion Abilities Clause: Evasion abilities are banned
|rule|Sleep Moves Clause: Sleep-inducing moves are banned
|clearpoke
|poke|p1|Pelipper, F|
|poke|p1|Raging Bolt|
|poke|p1|Overqwil, M|
|poke|p1|Barraskewda, F|
|poke|p1|Iron Treads|
|poke|p1|Kingambit, M|
|poke|p2|Iron Valiant|
|poke|p2|Sinistcha|
|poke|p2|Tyranitar, F|
|poke|p2|Klefki, M|
|poke|p2|Swampert, M|
|poke|p2|Talonflame, F|
|teampreview
|c|☆LowEL0God|hf
|inactive|Battle timer is ON: inactive players will automatically lose when time's up. (requested by LowEL0God)
|
|t:|1781447629
|teamsize|p1|6
|teamsize|p2|6
|start
|switch|p1a: Kingambit|Kingambit, M|100/100
|switch|p2a: Duff Mcwhalen|Swampert, M|100/100
|turn|1
|
|t:|1781447636
|switch|p2a: Talonflame|Talonflame, F|100/100
|move|p1a: Kingambit|Swords Dance|p1a: Kingambit
|-boost|p1a: Kingambit|atk|2
|
|upkeep
|turn|2
|
|t:|1781447639
|move|p2a: Talonflame|Will-O-Wisp|p1a: Kingambit|[miss]
|-miss|p2a: Talonflame|p1a: Kingambit
|move|p1a: Kingambit|Swords Dance|p1a: Kingambit
|-boost|p1a: Kingambit|atk|2
|
|upkeep
|turn|3
|
|t:|1781447642
|move|p2a: Talonflame|Will-O-Wisp|p1a: Kingambit
|-status|p1a: Kingambit|brn
|move|p1a: Kingambit|Kowtow Cleave|p2a: Talonflame
|-damage|p2a: Talonflame|11/100
|
|-damage|p1a: Kingambit|94/100 brn|[from] brn
|upkeep
|turn|4
|
|t:|1781447650
|move|p2a: Talonflame|Flamethrower|p1a: Kingambit
|-supereffective|p1a: Kingambit
|-damage|p1a: Kingambit|44/100 brn
|move|p1a: Kingambit|Iron Head|p2a: Talonflame
|-resisted|p2a: Talonflame
|-damage|p2a: Talonflame|0 fnt
|faint|p2a: Talonflame
|
|-heal|p1a: Kingambit|51/100 brn|[from] item: Leftovers
|-damage|p1a: Kingambit|44/100 brn|[from] brn
|upkeep
|
|t:|1781447665
|switch|p2a: Sage Harpuia|Iron Valiant|100/100
|-enditem|p2a: Sage Harpuia|Booster Energy
|-activate|p2a: Sage Harpuia|ability: Quark Drive|[fromitem]
|-start|p2a: Sage Harpuia|quarkdrivespe
|turn|5
|
|t:|1781447676
|move|p2a: Sage Harpuia|Close Combat|p1a: Kingambit
|-supereffective|p1a: Kingambit
|-damage|p1a: Kingambit|0 fnt
|-unboost|p2a: Sage Harpuia|def|1
|-unboost|p2a: Sage Harpuia|spd|1
|faint|p1a: Kingambit
|-end|p1a: Kingambit|fallenundefined|[silent]
|
|upkeep
|
|t:|1781447677
|switch|p1a: Overqwil|Overqwil, M|100/100
|turn|6
|inactive|Acastillo631 has 120 seconds left.
|
|t:|1781447709
|move|p2a: Sage Harpuia|Destiny Bond|p2a: Sage Harpuia
|-singlemove|p2a: Sage Harpuia|Destiny Bond
|move|p1a: Overqwil|Liquidation|p2a: Sage Harpuia
|-crit|p2a: Sage Harpuia
|-damage|p2a: Sage Harpuia|0 fnt
|faint|p2a: Sage Harpuia
|-activate|p2a: Sage Harpuia|move: Destiny Bond
|-end|p2a: Sage Harpuia|Quark Drive|[silent]
|faint|p1a: Overqwil
|
|upkeep
|inactive|Acastillo631 has 120 seconds left.
|
|t:|1781447723
|switch|p2a: Redips|Klefki, M|100/100
|switch|p1a: Barraskewda|Barraskewda, F|100/100
|turn|7
|inactive|Acastillo631 has 120 seconds left.
|
|t:|1781447729
|move|p2a: Redips|Thunder Wave|p1a: Barraskewda
|-status|p1a: Barraskewda|par
|move|p1a: Barraskewda|Liquidation|p2a: Redips
|-damage|p2a: Redips|45/100
|-damage|p1a: Barraskewda|84/100 par|[from] item: Rocky Helmet|[of] p2a: Redips
|
|upkeep
|turn|8
|
|t:|1781447738
|move|p2a: Redips|Spikes|p1a: Barraskewda
|-sidestart|p1: LowEL0God|Spikes
|cant|p1a: Barraskewda|par
|
|upkeep
|turn|9
|
|t:|1781447745
|move|p2a: Redips|Spikes|p1a: Barraskewda
|-sidestart|p1: LowEL0God|Spikes
|move|p1a: Barraskewda|Liquidation|p2a: Redips
|-damage|p2a: Redips|0 fnt
|-damage|p1a: Barraskewda|67/100 par|[from] item: Rocky Helmet|[of] p2a: Redips
|faint|p2a: Redips
|
|upkeep
|
|t:|1781447755
|switch|p2a: Wire Sponge|Sinistcha|100/100
|turn|10
|
|t:|1781447761
|move|p2a: Wire Sponge|Shadow Ball|p1a: Barraskewda
|-damage|p1a: Barraskewda|0 fnt
|faint|p1a: Barraskewda
|
|upkeep
|
|t:|1781447763
|switch|p1a: Pelipper|Pelipper, F|100/100
|-weather|RainDance|[from] ability: Drizzle|[of] p1a: Pelipper
|turn|11
|
|t:|1781447766
|switch|p2a: Eregion|Tyranitar, F|100/100
|-weather|Sandstorm|[from] ability: Sand Stream|[of] p2a: Eregion
|move|p1a: Pelipper|Hurricane|p2a: Eregion
|-resisted|p2a: Eregion
|-damage|p2a: Eregion|92/100
|-start|p2a: Eregion|confusion
|
|-weather|Sandstorm|[upkeep]
|-damage|p1a: Pelipper|94/100|[from] Sandstorm
|-heal|p2a: Eregion|99/100|[from] item: Leftovers
|upkeep
|turn|12
|
|t:|1781447775
|-activate|p2a: Eregion|confusion
|move|p2a: Eregion|Knock Off|p1a: Pelipper
|-damage|p1a: Pelipper|61/100
|-enditem|p1a: Pelipper|Damp Rock|[from] move: Knock Off|[of] p2a: Eregion
|move|p1a: Pelipper|Weather Ball|p2a: Eregion
|-damage|p2a: Eregion|89/100
|
|-weather|Sandstorm|[upkeep]
|-damage|p1a: Pelipper|54/100|[from] Sandstorm
|-heal|p2a: Eregion|96/100|[from] item: Leftovers
|upkeep
|turn|13
|
|t:|1781447782
|-activate|p2a: Eregion|confusion
|-damage|p2a: Eregion|87/100|[from] confusion
|move|p1a: Pelipper|Roost|p1a: Pelipper
|-heal|p1a: Pelipper|100/100
|-singleturn|p1a: Pelipper|move: Roost
|
|-weather|Sandstorm|[upkeep]
|-damage|p1a: Pelipper|94/100|[from] Sandstorm
|-heal|p2a: Eregion|93/100|[from] item: Leftovers
|upkeep
|turn|14
|
|t:|1781447784
|-activate|p2a: Eregion|confusion
|move|p2a: Eregion|Stealth Rock|p1a: Pelipper
|-sidestart|p1: LowEL0God|move: Stealth Rock
|move|p1a: Pelipper|Roost|p1a: Pelipper
|-heal|p1a: Pelipper|100/100
|-singleturn|p1a: Pelipper|move: Roost
|
|-weather|Sandstorm|[upkeep]
|-damage|p1a: Pelipper|94/100|[from] Sandstorm
|-heal|p2a: Eregion|99/100|[from] item: Leftovers
|upkeep
|turn|15
|
|t:|1781447794
|move|p1a: Pelipper|Hurricane|p2a: Eregion|[miss]
|-miss|p1a: Pelipper|p2a: Eregion
|-activate|p2a: Eregion|confusion
|move|p2a: Eregion|Roar|p1a: Pelipper
|drag|p1a: Iron Treads|Iron Treads|100/100
|-damage|p1a: Iron Treads|84/100|[from] Spikes
|-damage|p1a: Iron Treads|81/100|[from] Stealth Rock
|-enditem|p1a: Iron Treads|Booster Energy
|-activate|p1a: Iron Treads|ability: Quark Drive|[fromitem]
|-start|p1a: Iron Treads|quarkdrivespe
|
|-weather|none
|-heal|p2a: Eregion|100/100|[from] item: Leftovers
|upkeep
|turn|16
|
|t:|1781447805
|switch|p2a: Wire Sponge|Sinistcha|100/100
|move|p1a: Iron Treads|Rapid Spin|p2a: Wire Sponge
|-immune|p2a: Wire Sponge
|
|upkeep
|turn|17
|
|t:|1781447807
|move|p1a: Iron Treads|Stealth Rock|p2a: Wire Sponge
|-sidestart|p2: Acastillo631|move: Stealth Rock
|move|p2a: Wire Sponge|Matcha Gotcha|p1a: Iron Treads
|-damage|p1a: Iron Treads|35/100
|
|upkeep
|turn|18
|
|t:|1781447811
|move|p1a: Iron Treads|Steel Beam|p2a: Wire Sponge
|-damage|p2a: Wire Sponge|30/100
|-damage|p1a: Iron Treads|0 fnt|[from] steelbeam
|faint|p1a: Iron Treads
|-end|p1a: Iron Treads|Quark Drive|[silent]
|move|p2a: Wire Sponge|Matcha Gotcha|p1: Iron Treads|[notarget]
|-fail|p2a: Wire Sponge
|
|upkeep
|
|t:|1781447812
|switch|p1a: Pelipper|Pelipper, F|94/100
|-damage|p1a: Pelipper|70/100|[from] Stealth Rock
|-weather|RainDance|[from] ability: Drizzle|[of] p1a: Pelipper
|turn|19
|
|t:|1781447822
|switch|p2a: Duff Mcwhalen|Swampert, M|100/100
|-damage|p2a: Duff Mcwhalen|94/100|[from] Stealth Rock
|move|p1a: Pelipper|Hurricane|p2a: Duff Mcwhalen
|-damage|p2a: Duff Mcwhalen|71/100
|
|-weather|RainDance|[upkeep]
|-heal|p2a: Duff Mcwhalen|77/100|[from] item: Leftovers
|upkeep
|turn|20
|
|t:|1781447826
|move|p2a: Duff Mcwhalen|Flip Turn|p1a: Pelipper
|-resisted|p1a: Pelipper
|-damage|p1a: Pelipper|57/100
|
|t:|1781447830
|switch|p2a: Eregion|Tyranitar, F|100/100|[from] Flip Turn
|-damage|p2a: Eregion|88/100|[from] Stealth Rock
|-weather|Sandstorm|[from] ability: Sand Stream|[of] p2a: Eregion
|move|p1a: Pelipper|Roost|p1a: Pelipper
|-heal|p1a: Pelipper|100/100
|-singleturn|p1a: Pelipper|move: Roost
|
|-weather|Sandstorm|[upkeep]
|-damage|p1a: Pelipper|94/100|[from] Sandstorm
|-heal|p2a: Eregion|94/100|[from] item: Leftovers
|upkeep
|turn|21
|
|t:|1781447838
|move|p1a: Pelipper|Roost|p1a: Pelipper
|-heal|p1a: Pelipper|100/100
|-singleturn|p1a: Pelipper|move: Roost
|move|p2a: Eregion|Roar|p1a: Pelipper
|drag|p1a: Raging Bolt|Raging Bolt|100/100
|-damage|p1a: Raging Bolt|84/100|[from] Spikes
|-damage|p1a: Raging Bolt|72/100|[from] Stealth Rock
|-enditem|p1a: Raging Bolt|Booster Energy
|-activate|p1a: Raging Bolt|ability: Protosynthesis|[fromitem]
|-start|p1a: Raging Bolt|protosynthesisspa
|
|-weather|Sandstorm|[upkeep]
|-damage|p1a: Raging Bolt|65/100|[from] Sandstorm
|-heal|p2a: Eregion|100/100|[from] item: Leftovers
|upkeep
|turn|22
|
|t:|1781447841
|move|p1a: Raging Bolt|Thunder|p2a: Eregion|[miss]
|-miss|p1a: Raging Bolt|p2a: Eregion
|move|p2a: Eregion|Roar|p1a: Raging Bolt
|-end|p1a: Raging Bolt|Protosynthesis|[silent]
|drag|p1a: Pelipper|Pelipper, F|100/100
|-damage|p1a: Pelipper|76/100|[from] Stealth Rock
|-weather|RainDance|[from] ability: Drizzle|[of] p1a: Pelipper
|
|-weather|RainDance|[upkeep]
|upkeep
|turn|23
|
|t:|1781447852
|move|p1a: Pelipper|Weather Ball|p2a: Eregion
|-supereffective|p2a: Eregion
|-damage|p2a: Eregion|42/100
|move|p2a: Eregion|Roar|p1a: Pelipper
|drag|p1a: Raging Bolt|Raging Bolt|65/100
|-damage|p1a: Raging Bolt|49/100|[from] Spikes
|-damage|p1a: Raging Bolt|37/100|[from] Stealth Rock
|
|-weather|RainDance|[upkeep]
|-heal|p2a: Eregion|48/100|[from] item: Leftovers
|upkeep
|turn|24
|
|t:|1781447865
|move|p1a: Raging Bolt|Weather Ball|p2a: Eregion
|-supereffective|p2a: Eregion
|-crit|p2a: Eregion
|-damage|p2a: Eregion|0 fnt
|faint|p2a: Eregion
|
|-weather|RainDance|[upkeep]
|upkeep
|
|t:|1781447869
|switch|p2a: Duff Mcwhalen|Swampert, M|77/100
|-damage|p2a: Duff Mcwhalen|71/100|[from] Stealth Rock
|turn|25
|
|t:|1781447870
|move|p1a: Raging Bolt|Weather Ball|p2a: Duff Mcwhalen
|-damage|p2a: Duff Mcwhalen|32/100
|move|p2a: Duff Mcwhalen|Earthquake|p1a: Raging Bolt
|-supereffective|p1a: Raging Bolt
|-damage|p1a: Raging Bolt|0 fnt
|faint|p1a: Raging Bolt
|-end|p1a: Raging Bolt|Protosynthesis|[silent]
|
|-weather|RainDance|[upkeep]
|-heal|p2a: Duff Mcwhalen|38/100|[from] item: Leftovers
|upkeep
|
|t:|1781447871
|switch|p1a: Pelipper|Pelipper, F|76/100
|-damage|p1a: Pelipper|51/100|[from] Stealth Rock
|turn|26
|
|t:|1781447887
|move|p2a: Duff Mcwhalen|Knock Off|p1a: Pelipper
|-damage|p1a: Pelipper|38/100
|move|p1a: Pelipper|Hurricane|p2a: Duff Mcwhalen
|-damage|p2a: Duff Mcwhalen|15/100
|
|-weather|none
|-heal|p2a: Duff Mcwhalen|21/100|[from] item: Leftovers
|upkeep
|turn|27
|
|t:|1781447899
|move|p2a: Duff Mcwhalen|Flip Turn|p1a: Pelipper
|-resisted|p1a: Pelipper
|-damage|p1a: Pelipper|25/100
|
|t:|1781447902
|switch|p2a: Wire Sponge|Sinistcha|30/100|[from] Flip Turn
|move|p1a: Pelipper|Roost|p1a: Pelipper
|-heal|p1a: Pelipper|75/100
|-singleturn|p1a: Pelipper|move: Roost
|
|upkeep
|turn|28
|
|t:|1781447907
|-terastallize|p2a: Wire Sponge|Poison
|move|p2a: Wire Sponge|Matcha Gotcha|p1a: Pelipper|[miss]
|-miss|p2a: Wire Sponge|p1a: Pelipper
|move|p1a: Pelipper|Roost|p1a: Pelipper
|-heal|p1a: Pelipper|100/100
|-singleturn|p1a: Pelipper|move: Roost
|
|upkeep
|turn|29
|
|t:|1781447915
|move|p2a: Wire Sponge|Calm Mind|p2a: Wire Sponge
|-boost|p2a: Wire Sponge|spa|1
|-boost|p2a: Wire Sponge|spd|1
|move|p1a: Pelipper|Hurricane|p2a: Wire Sponge|[miss]
|-miss|p1a: Pelipper|p2a: Wire Sponge
|
|upkeep
|turn|30
|
|t:|1781447917
|move|p2a: Wire Sponge|Matcha Gotcha|p1a: Pelipper
|-damage|p1a: Pelipper|28/100
|-heal|p2a: Wire Sponge|64/100|[from] drain|[of] p1a: Pelipper
|move|p1a: Pelipper|Hurricane|p2a: Wire Sponge|[miss]
|-miss|p1a: Pelipper|p2a: Wire Sponge
|
|upkeep
|turn|31
|
|t:|1781447923
|-terastallize|p1a: Pelipper|Ground
|move|p2a: Wire Sponge|Shadow Ball|p1a: Pelipper
|-damage|p1a: Pelipper|0 fnt
|faint|p1a: Pelipper
|
|win|Acastillo631
|raw|LowEL0God's rating: 1575 &rarr; <strong>1558</strong><br />(-17 for losing)
|raw|Acastillo631's rating: 1635 &rarr; <strong>1652</strong><br />(+17 for winning)
|c|☆LowEL0God|gg
|l|☆LowEL0God
|player|p1|
|l|☆Acastillo631
|player|p2|
