|j|☆icylikedecember
|j|☆tauros3
|t:|1781482277
|gametype|singles
|player|p1|icylikedecember|smasher|1776
|player|p2|tauros3|swimmer-gen4dp|1759
|gen|9
|tier|[Gen 9] OU
|rated|
|rule|HP Percentage Mod: HP is shown in percentages
|rule|Endless Battle Clause: Forcing endless battles is banned
|rule|Species Clause: Limit one of each Pokémon
|rule|OHKO Clause: OHKO moves are banned
|rule|Evasion Items Clause: Evasion items are banned
|rule|Evasion Moves Clause: Evasion moves are banned
|rule|Evasion Abilities Clause: Evasion abilities are banned
|rule|Sleep Moves Clause: Sleep-inducing moves are banned
|clearpoke
|poke|p1|Corviknight, F|
|poke|p1|Slowking-Galar, M|
|poke|p1|Darkrai|
|poke|p1|Kyurem|
|poke|p1|Zamazenta-*|
|poke|p1|Crawdaunt, M|
|poke|p2|Ninetales-Alola, F|
|poke|p2|Kyurem|
|poke|p2|Moltres-Galar|
|poke|p2|Ursaluna, M|
|poke|p2|Diancie|
|poke|p2|Hatterene, F|
|teampreview
|inactive|Battle timer is ON: inactive players will automatically lose when time's up. (requested by tauros3)
|
|t:|1781482292
|teamsize|p1|6
|teamsize|p2|6
|start
|switch|p1a: Darkrai|Darkrai|100/100
|switch|p2a: Pink Triangle|Hatterene, F|100/100
|turn|1
|
|t:|1781482300
|-terastallize|p1a: Darkrai|Poison
|move|p1a: Darkrai|Sludge Bomb|p2a: Pink Triangle
|-supereffective|p2a: Pink Triangle
|-enditem|p2a: Pink Triangle|Focus Sash
|-damage|p2a: Pink Triangle|1/100
|move|p2a: Pink Triangle|Trick Room|p2a: Pink Triangle
|-fieldstart|move: Trick Room|[of] p2a: Pink Triangle
|
|upkeep
|turn|2
|
|t:|1781482308
|switch|p1a: Slowking|Slowking-Galar, M, shiny|100/100
|move|p2a: Pink Triangle|Psychic Noise|p1a: Slowking
|-damage|p1a: Slowking|79/100
|-start|p1a: Slowking|move: Heal Block
|
|upkeep
|turn|3
|
|t:|1781482311
|switch|p2a: El Scorcho|Ursaluna, M|100/100
|move|p1a: Slowking|Sludge Bomb|p2a: El Scorcho
|-resisted|p2a: El Scorcho
|-damage|p2a: El Scorcho|81/100
|
|-end|p1a: Slowking|move: Heal Block
|-status|p2a: El Scorcho|brn|[from] item: Flame Orb
|upkeep
|turn|4
|
|t:|1781482315
|switch|p1a: Corviknight|Corviknight, F, shiny|100/100
|-ability|p1a: Corviknight|Pressure
|move|p2a: El Scorcho|Swords Dance|p2a: El Scorcho
|-boost|p2a: El Scorcho|atk|2
|
|-damage|p2a: El Scorcho|75/100 brn|[from] brn
|upkeep
|turn|5
|
|t:|1781482320
|move|p2a: El Scorcho|Fire Punch|p1a: Corviknight
|-supereffective|p1a: Corviknight
|-damage|p1a: Corviknight|0 fnt
|-damage|p2a: El Scorcho|58/100 brn|[from] item: Rocky Helmet|[of] p1a: Corviknight
|faint|p1a: Corviknight
|
|-damage|p2a: El Scorcho|52/100 brn|[from] brn
|-fieldend|move: Trick Room
|upkeep
|
|t:|1781482324
|switch|p1a: Kyurem|Kyurem|100/100
|-ability|p1a: Kyurem|Pressure
|turn|6
|
|t:|1781482329
|switch|p2a: The Good Life|Ninetales-Alola, F|100/100
|-weather|Snowscape|[from] ability: Snow Warning|[of] p2a: The Good Life
|move|p1a: Kyurem|Earth Power|p2a: The Good Life
|-damage|p2a: The Good Life|54/100
|
|-weather|Snowscape|[upkeep]
|upkeep
|turn|7
|
|t:|1781482336
|move|p2a: The Good Life|Aurora Veil|p2a: The Good Life
|-sidestart|p2: tauros3|move: Aurora Veil
|move|p1a: Kyurem|Earth Power|p2a: The Good Life
|-damage|p2a: The Good Life|33/100
|
|-weather|Snowscape|[upkeep]
|upkeep
|turn|8
|
|t:|1781482341
|switch|p2a: Butterfly|Moltres-Galar|100/100
|switch|p1a: Slowking|Slowking-Galar, M, shiny|100/100
|
|-weather|Snowscape|[upkeep]
|upkeep
|turn|9
|
|t:|1781482346
|switch|p2a: El Scorcho|Ursaluna, M|52/100 brn
|move|p1a: Slowking|Sludge Bomb|p2a: El Scorcho
|-resisted|p2a: El Scorcho
|-damage|p2a: El Scorcho|43/100 brn
|
|-weather|Snowscape|[upkeep]
|-damage|p2a: El Scorcho|37/100 brn|[from] brn
|upkeep
|turn|10
|
|t:|1781482354
|switch|p1a: Zamazenta|Zamazenta|100/100
|-ability|p1a: Zamazenta|Dauntless Shield|boost
|-boost|p1a: Zamazenta|def|1
|move|p2a: El Scorcho|Facade|p1a: Zamazenta
|-damage|p1a: Zamazenta|43/100
|
|-weather|none
|-heal|p1a: Zamazenta|49/100|[from] item: Leftovers
|-damage|p2a: El Scorcho|31/100 brn|[from] brn
|upkeep
|turn|11
|
|t:|1781482363
|switch|p2a: Pink Triangle|Hatterene, F|1/100
|move|p1a: Zamazenta|Iron Defense|p1a: Zamazenta
|-boost|p1a: Zamazenta|def|2
|
|-heal|p1a: Zamazenta|56/100|[from] item: Leftovers
|upkeep
|turn|12
|
|t:|1781482368
|move|p1a: Zamazenta|Body Press|p2a: Pink Triangle
|-resisted|p2a: Pink Triangle
|-damage|p2a: Pink Triangle|0 fnt
|faint|p2a: Pink Triangle
|
|-heal|p1a: Zamazenta|62/100|[from] item: Leftovers
|upkeep
|j| Partynparadise
|
|t:|1781482373
|switch|p2a: No Other One|Diancie|100/100
|turn|13
|
|t:|1781482378
|switch|p1a: Slowking|Slowking-Galar, M, shiny|100/100
|move|p2a: No Other One|Trick Room|p2a: No Other One
|-fieldstart|move: Trick Room|[of] p2a: No Other One
|
|upkeep
|turn|14
|
|t:|1781482382
|move|p2a: No Other One|Meteor Beam||[still]
|-prepare|p2a: No Other One|Meteor Beam
|-boost|p2a: No Other One|spa|1
|-enditem|p2a: No Other One|Power Herb
|-anim|p2a: No Other One|Meteor Beam|p1a: Slowking
|-damage|p1a: Slowking|61/100
|move|p1a: Slowking|Sludge Bomb|p2a: No Other One
|-damage|p2a: No Other One|85/100
|
|-sideend|p2: tauros3|move: Aurora Veil
|upkeep
|turn|15
|
|t:|1781482389
|move|p2a: No Other One|Meteor Beam||[still]
|-prepare|p2a: No Other One|Meteor Beam
|-boost|p2a: No Other One|spa|1
|move|p1a: Slowking|Sludge Bomb|p2a: No Other One
|-damage|p2a: No Other One|49/100
|
|upkeep
|turn|16
|
|t:|1781482396
|move|p2a: No Other One|Meteor Beam|p1a: Slowking|[from] lockedmove
|-damage|p1a: Slowking|4/100
|move|p1a: Slowking|Sludge Bomb|p2a: No Other One
|-damage|p2a: No Other One|17/100
|
|upkeep
|turn|17
|
|t:|1781482401
|move|p2a: No Other One|Moonblast|p1a: Slowking
|-resisted|p1a: Slowking
|-damage|p1a: Slowking|0 fnt
|faint|p1a: Slowking
|
|-fieldend|move: Trick Room
|upkeep
|
|t:|1781482408
|switch|p1a: Kyurem|Kyurem|100/100
|-ability|p1a: Kyurem|Pressure
|turn|18
|
|t:|1781482414
|move|p1a: Kyurem|Ice Beam|p2a: No Other One
|-damage|p2a: No Other One|0 fnt
|faint|p2a: No Other One
|
|upkeep
|
|t:|1781482416
|switch|p2a: The Good Life|Ninetales-Alola, F|33/100
|-weather|Snowscape|[from] ability: Snow Warning|[of] p2a: The Good Life
|turn|19
|
|t:|1781482419
|move|p2a: The Good Life|Aurora Veil|p2a: The Good Life
|-sidestart|p2: tauros3|move: Aurora Veil
|move|p1a: Kyurem|Ice Beam|p2a: The Good Life
|-resisted|p2a: The Good Life
|-damage|p2a: The Good Life|15/100
|
|-weather|Snowscape|[upkeep]
|upkeep
|turn|20
|
|t:|1781482428
|switch|p1a: Darkrai|Darkrai, tera:Poison|100/100
|move|p2a: The Good Life|Freeze-Dry|p1a: Darkrai
|-damage|p1a: Darkrai|73/100
|
|-weather|Snowscape|[upkeep]
|upkeep
|turn|21
|
|t:|1781482434
|move|p1a: Darkrai|Sludge Bomb|p2a: The Good Life
|-supereffective|p2a: The Good Life
|-crit|p2a: The Good Life
|-damage|p2a: The Good Life|0 fnt
|faint|p2a: The Good Life
|
|-weather|Snowscape|[upkeep]
|upkeep
|
|t:|1781482437
|switch|p2a: El Scorcho|Ursaluna, M|31/100 brn
|turn|22
|
|t:|1781482440
|move|p1a: Darkrai|Ice Beam|p2a: El Scorcho
|-supereffective|p2a: El Scorcho
|-damage|p2a: El Scorcho|0 fnt
|faint|p2a: El Scorcho
|
|-weather|Snowscape|[upkeep]
|upkeep
|
|t:|1781482444
|switch|p2a: Getchoo|Kyurem|100/100
|-ability|p2a: Getchoo|Pressure
|turn|23
|
|t:|1781482448
|move|p1a: Darkrai|Focus Blast|p2a: Getchoo
|-supereffective|p2a: Getchoo
|-damage|p2a: Getchoo|55/100
|move|p2a: Getchoo|Dragon Dance|p2a: Getchoo
|-boost|p2a: Getchoo|atk|1
|-boost|p2a: Getchoo|spe|1
|
|-weather|none
|upkeep
|turn|24
|
|t:|1781482456
|move|p2a: Getchoo|Icicle Spear|p1a: Darkrai
|-damage|p1a: Darkrai|47/100
|-damage|p1a: Darkrai|16/100
|-crit|p1a: Darkrai
|-damage|p1a: Darkrai|0 fnt
|faint|p1a: Darkrai
|-hitcount|p1: Darkrai|3
|
|upkeep
|
|t:|1781482460
|switch|p1a: Zamazenta|Zamazenta|62/100
|turn|25
|
|t:|1781482463
|switch|p1a: Crawdaunt|Crawdaunt, M|100/100
|move|p2a: Getchoo|Icicle Spear|p1a: Crawdaunt
|-resisted|p1a: Crawdaunt
|-damage|p1a: Crawdaunt|84/100
|-resisted|p1a: Crawdaunt
|-damage|p1a: Crawdaunt|67/100
|-resisted|p1a: Crawdaunt
|-damage|p1a: Crawdaunt|50/100
|-resisted|p1a: Crawdaunt
|-damage|p1a: Crawdaunt|36/100
|-hitcount|p1a: Crawdaunt|4
|
|upkeep
|turn|26
|
|t:|1781482474
|move|p2a: Getchoo|Icicle Spear|p1a: Crawdaunt
|-resisted|p1a: Crawdaunt
|-damage|p1a: Crawdaunt|19/100
|-resisted|p1a: Crawdaunt
|-damage|p1a: Crawdaunt|4/100
|-resisted|p1a: Crawdaunt
|-damage|p1a: Crawdaunt|0 fnt
|faint|p1a: Crawdaunt
|-hitcount|p1: Crawdaunt|3
|
|-sideend|p2: tauros3|move: Aurora Veil
|upkeep
|
|t:|1781482477
|switch|p1a: Zamazenta|Zamazenta|62/100
|turn|27
|
|t:|1781482482
|move|p2a: Getchoo|Icicle Spear|p1a: Zamazenta
|-damage|p1a: Zamazenta|45/100
|-damage|p1a: Zamazenta|30/100
|-damage|p1a: Zamazenta|15/100
|-damage|p1a: Zamazenta|0 fnt
|faint|p1a: Zamazenta
|-hitcount|p1: Zamazenta|4
|
|upkeep
|
|t:|1781482485
|switch|p1a: Kyurem|Kyurem|100/100
|-ability|p1a: Kyurem|Pressure
|turn|28
|
|t:|1781482489
|move|p2a: Getchoo|Scale Shot|p1a: Kyurem|[miss]
|-miss|p2a: Getchoo|p1a: Kyurem
|move|p1a: Kyurem|Ice Beam|p2a: Getchoo
|-damage|p2a: Getchoo|0 fnt
|faint|p2a: Getchoo
|
|upkeep
|
|t:|1781482493
|switch|p2a: Butterfly|Moltres-Galar|100/100
|turn|29
|
|t:|1781482498
|-terastallize|p2a: Butterfly|Ghost
|move|p1a: Kyurem|Ice Beam|p2a: Butterfly
|-damage|p2a: Butterfly|35/100
|-ability|p2a: Butterfly|Berserk|boost
|-boost|p2a: Butterfly|spa|1
|-enditem|p2a: Butterfly|Sitrus Berry|[eat]
|-heal|p2a: Butterfly|60/100|[from] item: Sitrus Berry
|move|p2a: Butterfly|Agility|p2a: Butterfly
|-boost|p2a: Butterfly|spe|2
|
|upkeep
|turn|30
|
|t:|1781482506
|move|p2a: Butterfly|Fiery Wrath|p1a: Kyurem
|-damage|p1a: Kyurem|40/100
|move|p1a: Kyurem|Ice Beam|p2a: Butterfly
|-damage|p2a: Butterfly|0 fnt
|faint|p2a: Butterfly
|
|win|icylikedecember
|raw|icylikedecember's rating: 1776 &rarr; <strong>1795</strong><br />(+19 for winning)
|raw|tauros3's rating: 1759 &rarr; <strong>1740</strong><br />(-19 for losing)
|l|☆icylikedecember
|player|p1|
|l|☆tauros3
|player|p2|
