|j|☆Acastillo631
|j|☆myree
|t:|1781468282
|gametype|singles
|player|p1|Acastillo631|silver|1617
|player|p2|myree|benga|1616
|gen|9
|tier|[Gen 9] OU
|rated|
|rule|HP Percentage Mod: HP is shown in percentages
|rule|Endless Battle Clause: Forcing endless battles is banned
|rule|Species Clause: Limit one of each Pokémon
|rule|OHKO Clause: OHKO moves are banned
|rule|Evasion Items Clause: Evasion items are banned
|rule|Evasion Moves Clause: Evasion moves are banned
|rule|Evasion Abilities Clause: Evasion abilities are banned
|rule|Sleep Moves Clause: Sleep-inducing moves are banned
|clearpoke
|poke|p1|Iron Valiant|
|poke|p1|Sinistcha|
|poke|p1|Tyranitar, M|
|poke|p1|Klefki, M|
|poke|p1|Swampert, F|
|poke|p1|Talonflame, M|
|poke|p2|Iron Valiant|
|poke|p2|Ogerpon-Cornerstone, F|
|poke|p2|Iron Treads|
|poke|p2|Fezandipiti, M|
|poke|p2|Samurott-Hisui, M|
|poke|p2|Goodra-Hisui, F|
|teampreview
|
|t:|1781468303
|teamsize|p1|6
|teamsize|p2|6
|start
|switch|p1a: Redips|Klefki, M|100/100
|switch|p2a: roxc-bree|Ogerpon-Cornerstone, F|100/100
|turn|1
|
|t:|1781468308
|switch|p2a: best treadist|Iron Treads|100/100
|move|p1a: Redips|Thunder Wave|p2a: best treadist
|-immune|p2a: best treadist
|
|upkeep
|turn|2
|
|t:|1781468312
|move|p1a: Redips|Magnet Rise|p1a: Redips
|-start|p1a: Redips|Magnet Rise
|move|p2a: best treadist|Earthquake|p1a: Redips
|-immune|p1a: Redips
|
|upkeep
|turn|3
|
|t:|1781468315
|move|p1a: Redips|Spikes|p2a: best treadist
|-sidestart|p2: myree|Spikes
|move|p2a: best treadist|Iron Head|p1a: Redips
|-damage|p1a: Redips|70/100
|-damage|p2a: best treadist|84/100|[from] item: Rocky Helmet|[of] p1a: Redips
|
|upkeep
|turn|4
|
|t:|1781468321
|switch|p1a: Wire Sponge|Sinistcha|100/100
|move|p2a: best treadist|Rapid Spin|p1a: Wire Sponge
|-immune|p1a: Wire Sponge
|
|upkeep
|turn|5
|
|t:|1781468331
|-end|p2a: best treadist|Quark Drive|[silent]
|switch|p2a: Prof. Goo-D.|Goodra-Hisui, F|100/100
|-damage|p2a: Prof. Goo-D.|88/100|[from] Spikes
|move|p1a: Wire Sponge|Shadow Ball|p2a: Prof. Goo-D.
|-damage|p2a: Prof. Goo-D.|74/100
|
|upkeep
|turn|6
|
|t:|1781468339
|switch|p1a: Eregion|Tyranitar, M|100/100
|-weather|Sandstorm|[from] ability: Sand Stream|[of] p1a: Eregion
|move|p2a: Prof. Goo-D.|Knock Off|p1a: Eregion
|-resisted|p1a: Eregion
|-damage|p1a: Eregion|90/100
|-enditem|p1a: Eregion|Leftovers|[from] move: Knock Off|[of] p2a: Prof. Goo-D.
|
|-weather|Sandstorm|[upkeep]
|upkeep
|turn|7
|
|t:|1781468352
|move|p2a: Prof. Goo-D.|Earthquake|p1a: Eregion
|-supereffective|p1a: Eregion
|-damage|p1a: Eregion|40/100
|move|p1a: Eregion|Knock Off|p2a: Prof. Goo-D.
|-damage|p2a: Prof. Goo-D.|25/100
|-ability|p2a: Prof. Goo-D.|Gooey
|-unboost|p1a: Eregion|spe|1
|-enditem|p2a: Prof. Goo-D.|Assault Vest|[from] move: Knock Off|[of] p1a: Eregion
|
|-weather|Sandstorm|[upkeep]
|upkeep
|turn|8
|
|t:|1781468362
|switch|p1a: Duff Mcwhalen|Swampert, F|100/100
|move|p2a: Prof. Goo-D.|Knock Off|p1a: Duff Mcwhalen
|-damage|p1a: Duff Mcwhalen|73/100
|-enditem|p1a: Duff Mcwhalen|Leftovers|[from] move: Knock Off|[of] p2a: Prof. Goo-D.
|
|-weather|Sandstorm|[upkeep]
|upkeep
|turn|9
|
|t:|1781468372
|switch|p2a: fezanskibidi|Fezandipiti, M|100/100
|-item|p2a: fezanskibidi|Air Balloon
|move|p1a: Duff Mcwhalen|Earthquake|p2a: fezanskibidi
|-immune|p2a: fezanskibidi
|
|-weather|Sandstorm|[upkeep]
|-damage|p2a: fezanskibidi|95/100|[from] Sandstorm
|upkeep
|turn|10
|
|t:|1781468377
|switch|p1a: Redips|Klefki, M|70/100
|move|p2a: fezanskibidi|Nasty Plot|p2a: fezanskibidi
|-boost|p2a: fezanskibidi|spa|2
|
|-weather|none
|upkeep
|turn|11
|
|t:|1781468381
|move|p1a: Redips|Thunder Wave|p2a: fezanskibidi
|-status|p2a: fezanskibidi|par
|move|p2a: fezanskibidi|Heat Wave|p1a: Redips|[miss]
|-miss|p2a: fezanskibidi|p1a: Redips
|
|upkeep
|turn|12
|
|t:|1781468393
|move|p1a: Redips|Dazzling Gleam|p2a: fezanskibidi
|-resisted|p2a: fezanskibidi
|-damage|p2a: fezanskibidi|85/100 par
|-enditem|p2a: fezanskibidi|Air Balloon
|move|p2a: fezanskibidi|Moonblast|p1a: Redips
|-resisted|p1a: Redips
|-damage|p1a: Redips|31/100
|-unboost|p1a: Redips|spa|1
|
|upkeep
|turn|13
|
|t:|1781468403
|move|p1a: Redips|Spikes|p2a: fezanskibidi
|-sidestart|p2: myree|Spikes
|move|p2a: fezanskibidi|Moonblast|p1a: Redips
|-resisted|p1a: Redips
|-damage|p1a: Redips|0 fnt
|faint|p1a: Redips
|
|upkeep
|
|t:|1781468409
|switch|p1a: Duff Mcwhalen|Swampert, F|73/100
|turn|14
|
|t:|1781468420
|cant|p2a: fezanskibidi|par
|move|p1a: Duff Mcwhalen|Earthquake|p2a: fezanskibidi
|-supereffective|p2a: fezanskibidi
|-damage|p2a: fezanskibidi|0 fnt
|faint|p2a: fezanskibidi
|
|upkeep
|
|t:|1781468433
|switch|p2a: Iron Valiant|Iron Valiant|100/100
|turn|15
|
|t:|1781468445
|move|p2a: Iron Valiant|Moonblast|p1a: Duff Mcwhalen
|-damage|p1a: Duff Mcwhalen|44/100
|move|p1a: Duff Mcwhalen|Flip Turn|p2a: Iron Valiant
|-damage|p2a: Iron Valiant|70/100
|
|t:|1781468447
|switch|p1a: Talonflame|Talonflame, M|100/100|[from] Flip Turn
|
|upkeep
|turn|16
|
|t:|1781468453
|-end|p2a: Iron Valiant|Quark Drive|[silent]
|switch|p2a: Prof. Goo-D.|Goodra-Hisui, F|25/100
|-damage|p2a: Prof. Goo-D.|9/100|[from] Spikes
|move|p1a: Talonflame|Flamethrower|p2a: Prof. Goo-D.
|-damage|p2a: Prof. Goo-D.|0 fnt
|faint|p2a: Prof. Goo-D.
|
|upkeep
|
|t:|1781468458
|switch|p2a: Samurott|Samurott-Hisui, M|100/100
|-damage|p2a: Samurott|84/100|[from] Spikes
|turn|17
|
|t:|1781468462
|move|p1a: Talonflame|Will-O-Wisp|p2a: Samurott
|-status|p2a: Samurott|brn
|move|p2a: Samurott|Ceaseless Edge|p1a: Talonflame
|-damage|p1a: Talonflame|70/100
|-sidestart|p1: Acastillo631|Spikes
|
|-damage|p2a: Samurott|78/100 brn|[from] brn
|upkeep
|turn|18
|
|t:|1781468471
|switch|p1a: Wire Sponge|Sinistcha|100/100
|move|p2a: Samurott|Razor Shell|p1a: Wire Sponge
|-resisted|p1a: Wire Sponge
|-damage|p1a: Wire Sponge|90/100
|
|-damage|p2a: Samurott|72/100 brn|[from] brn
|upkeep
|turn|19
|
|t:|1781468476
|move|p2a: Samurott|Ceaseless Edge|p1a: Wire Sponge
|-supereffective|p1a: Wire Sponge
|-damage|p1a: Wire Sponge|53/100
|-sidestart|p1: Acastillo631|Spikes
|move|p1a: Wire Sponge|Matcha Gotcha|p2a: Samurott|[miss]
|-miss|p1a: Wire Sponge|p2a: Samurott
|
|-damage|p2a: Samurott|65/100 brn|[from] brn
|upkeep
|turn|20
|
|t:|1781468484
|move|p2a: Samurott|Ceaseless Edge|p1a: Wire Sponge|[miss]
|-miss|p2a: Samurott|p1a: Wire Sponge
|move|p1a: Wire Sponge|Strength Sap|p2a: Samurott
|-unboost|p2a: Samurott|atk|1
|-heal|p1a: Wire Sponge|100/100
|
|-damage|p2a: Samurott|59/100 brn|[from] brn
|upkeep
|turn|21
|
|t:|1781468489
|move|p2a: Samurott|Ceaseless Edge|p1a: Wire Sponge
|-supereffective|p1a: Wire Sponge
|-damage|p1a: Wire Sponge|74/100
|-sidestart|p1: Acastillo631|Spikes
|move|p1a: Wire Sponge|Calm Mind|p1a: Wire Sponge
|-boost|p1a: Wire Sponge|spa|1
|-boost|p1a: Wire Sponge|spd|1
|
|-damage|p2a: Samurott|53/100 brn|[from] brn
|upkeep
|turn|22
|
|t:|1781468493
|move|p2a: Samurott|Ceaseless Edge|p1a: Wire Sponge
|-supereffective|p1a: Wire Sponge
|-damage|p1a: Wire Sponge|48/100
|move|p1a: Wire Sponge|Matcha Gotcha|p2a: Samurott
|-supereffective|p2a: Samurott
|-damage|p2a: Samurott|0 fnt
|-heal|p1a: Wire Sponge|77/100|[from] drain|[of] p2a: Samurott
|faint|p2a: Samurott
|
|upkeep
|
|t:|1781468501
|switch|p2a: Iron Valiant|Iron Valiant|70/100
|turn|23
|
|t:|1781468508
|move|p2a: Iron Valiant|Destiny Bond|p2a: Iron Valiant
|-singlemove|p2a: Iron Valiant|Destiny Bond
|move|p1a: Wire Sponge|Matcha Gotcha|p2a: Iron Valiant
|-damage|p2a: Iron Valiant|0 fnt
|-heal|p1a: Wire Sponge|100/100|[from] drain|[of] p2a: Iron Valiant
|faint|p2a: Iron Valiant
|-activate|p2a: Iron Valiant|move: Destiny Bond
|-end|p2a: Iron Valiant|Quark Drive|[silent]
|faint|p1a: Wire Sponge
|
|upkeep
|
|t:|1781468516
|switch|p2a: best treadist|Iron Treads|84/100
|switch|p1a: Talonflame|Talonflame, M|70/100
|-damage|p2a: best treadist|67/100|[from] Spikes
|turn|24
|
|t:|1781468529
|-terastallize|p2a: best treadist|Flying
|move|p1a: Talonflame|Flamethrower|p2a: best treadist
|-damage|p2a: best treadist|40/100
|move|p2a: best treadist|Rapid Spin|p1a: Talonflame
|-damage|p1a: Talonflame|49/100
|-boost|p2a: best treadist|spe|1
|-sideend|p2: myree|Spikes|[from] move: Rapid Spin|[of] p2a: best treadist
|
|upkeep
|turn|25
|
|t:|1781468539
|move|p1a: Talonflame|Will-O-Wisp|p2a: best treadist|[miss]
|-miss|p1a: Talonflame|p2a: best treadist
|move|p2a: best treadist|Rapid Spin|p1a: Talonflame
|-damage|p1a: Talonflame|30/100
|-boost|p2a: best treadist|spe|1
|
|upkeep
|turn|26
|
|t:|1781468543
|move|p2a: best treadist|Ice Spinner|p1a: Talonflame
|-damage|p1a: Talonflame|0 fnt
|faint|p1a: Talonflame
|
|upkeep
|
|t:|1781468554
|switch|p1a: Sage Harpuia|Iron Valiant|100/100
|-damage|p1a: Sage Harpuia|76/100|[from] Spikes
|-enditem|p1a: Sage Harpuia|Booster Energy
|-activate|p1a: Sage Harpuia|ability: Quark Drive|[fromitem]
|-start|p1a: Sage Harpuia|quarkdrivespe
|turn|27
|
|t:|1781468559
|-terastallize|p1a: Sage Harpuia|Steel
|move|p1a: Sage Harpuia|Moonblast|p2a: best treadist
|-damage|p2a: best treadist|0 fnt
|faint|p2a: best treadist
|-end|p2a: best treadist|Quark Drive|[silent]
|
|upkeep
|
|t:|1781468562
|switch|p2a: roxc-bree|Ogerpon-Cornerstone, F|100/100
|turn|28
|
|t:|1781468572
|move|p1a: Sage Harpuia|Moonblast|p2a: roxc-bree
|-damage|p2a: roxc-bree|50/100
|move|p2a: roxc-bree|Low Kick|p1a: Sage Harpuia
|-supereffective|p1a: Sage Harpuia
|-damage|p1a: Sage Harpuia|17/100
|
|upkeep
|turn|29
|
|t:|1781468577
|move|p1a: Sage Harpuia|Close Combat|p2a: roxc-bree
|-supereffective|p2a: roxc-bree
|-damage|p2a: roxc-bree|0 fnt
|-unboost|p1a: Sage Harpuia|def|1
|-unboost|p1a: Sage Harpuia|spd|1
|faint|p2a: roxc-bree
|
|win|Acastillo631
|raw|Acastillo631's rating: 1617 &rarr; <strong>1637</strong><br />(+20 for winning)
|raw|myree's rating: 1616 &rarr; <strong>1596</strong><br />(-20 for losing)
|l|☆myree
|player|p2|
|l|☆Acastillo631
|player|p1|
