|j|☆zyysama333
|j|☆kurowlyz
|t:|1781186025
|gametype|singles
|player|p1|zyysama333|1|1481
|player|p2|kurowlyz|pokemaniac|1528
|gen|9
|tier|[Gen 9] OU
|rated|
|rule|HP Percentage Mod: HP is shown in percentages
|rule|Endless Battle Clause: Forcing endless battles is banned
|rule|Species Clause: Limit one of each Pokémon
|rule|OHKO Clause: OHKO moves are banned
|rule|Evasion Items Clause: Evasion items are banned
|rule|Evasion Moves Clause: Evasion moves are banned
|rule|Evasion Abilities Clause: Evasion abilities are banned
|rule|Sleep Moves Clause: Sleep-inducing moves are banned
|clearpoke
|poke|p1|Dragonite, M|
|poke|p1|Garganacl, F|
|poke|p1|Fezandipiti, M|
|poke|p1|Weezing-Galar, F|
|poke|p1|Darkrai|
|poke|p1|Gliscor, F|
|poke|p2|Kyurem|
|poke|p2|Cinderace, M|
|poke|p2|Slowking-Galar, F|
|poke|p2|Kingambit, F|
|poke|p2|Great Tusk|
|poke|p2|Dondozo, M|
|teampreview
|inactive|Battle timer is ON: inactive players will automatically lose when time's up. (requested by kurowlyz)
|
|t:|1781186047
|teamsize|p1|6
|teamsize|p2|6
|start
|switch|p1a: Gliscor|Gliscor, F|100/100
|switch|p2a: Kyurem|Kyurem|100/100
|-ability|p2a: Kyurem|Pressure
|turn|1
|
|t:|1781186070
|move|p1a: Gliscor|Protect|p1a: Gliscor
|-singleturn|p1a: Gliscor|Protect
|move|p2a: Kyurem|Substitute|p2a: Kyurem
|-start|p2a: Kyurem|Substitute
|-damage|p2a: Kyurem|75/100
|
|-heal|p2a: Kyurem|82/100|[from] item: Leftovers
|-status|p1a: Gliscor|tox|[from] item: Toxic Orb
|upkeep
|turn|2
|
|t:|1781186080
|switch|p1a: Garganacl|Garganacl, F|100/100
|move|p2a: Kyurem|Freeze-Dry|p1a: Garganacl
|-damage|p1a: Garganacl|66/100
|
|-heal|p2a: Kyurem|88/100|[from] item: Leftovers
|-heal|p1a: Garganacl|72/100|[from] item: Leftovers
|upkeep
|turn|3
|
|t:|1781186082
|switch|p1a: Fezandipiti|Fezandipiti, M|100/100
|move|p2a: Kyurem|Earth Power|p1a: Fezandipiti
|-supereffective|p1a: Fezandipiti
|-damage|p1a: Fezandipiti|59/100
|
|-heal|p2a: Kyurem|94/100|[from] item: Leftovers
|-heal|p1a: Fezandipiti|65/100|[from] item: Leftovers
|upkeep
|turn|4
|
|t:|1781186087
|move|p1a: Fezandipiti|Protect|p1a: Fezandipiti
|-singleturn|p1a: Fezandipiti|Protect
|move|p2a: Kyurem|Earth Power|p1a: Fezandipiti
|-activate|p1a: Fezandipiti|move: Protect
|
|-heal|p2a: Kyurem|99/100|[from] item: Leftovers
|-heal|p1a: Fezandipiti|71/100|[from] item: Leftovers
|upkeep
|turn|5
|
|t:|1781186090
|move|p2a: Kyurem|Freeze-Dry|p1a: Fezandipiti
|-damage|p1a: Fezandipiti|49/100
|-status|p1a: Fezandipiti|frz
|cant|p1a: Fezandipiti|frz
|
|-heal|p2a: Kyurem|100/100|[from] item: Leftovers
|-heal|p1a: Fezandipiti|55/100 frz|[from] item: Leftovers
|upkeep
|turn|6
|
|t:|1781186094
|cant|p1a: Fezandipiti|frz
|move|p2a: Kyurem|Earth Power|p1a: Fezandipiti
|-supereffective|p1a: Fezandipiti
|-damage|p1a: Fezandipiti|14/100 frz
|
|-heal|p1a: Fezandipiti|21/100 frz|[from] item: Leftovers
|upkeep
|turn|7
|
|t:|1781186097
|cant|p1a: Fezandipiti|frz
|move|p2a: Kyurem|Freeze-Dry|p1a: Fezandipiti
|-damage|p1a: Fezandipiti|0 fnt
|faint|p1a: Fezandipiti
|
|upkeep
|
|t:|1781186101
|switch|p1a: Darkrai|Darkrai|100/100
|turn|8
|
|t:|1781186103
|move|p1a: Darkrai|Dark Pulse|p2a: Kyurem
|-end|p2a: Kyurem|Substitute
|move|p2a: Kyurem|Freeze-Dry|p1a: Darkrai
|-damage|p1a: Darkrai|44/100
|
|-heal|p1a: Darkrai|50/100|[from] item: Leftovers
|upkeep
|turn|9
|
|t:|1781186127
|switch|p2a: Great Tusk|Great Tusk|100/100
|-enditem|p2a: Great Tusk|Booster Energy
|-activate|p2a: Great Tusk|ability: Protosynthesis|[fromitem]
|-start|p2a: Great Tusk|protosynthesisspe
|move|p1a: Darkrai|Focus Blast|p2a: Great Tusk|[miss]
|-miss|p1a: Darkrai|p2a: Great Tusk
|
|-heal|p1a: Darkrai|56/100|[from] item: Leftovers
|upkeep
|turn|10
|
|t:|1781186133
|switch|p1a: Gliscor|Gliscor, F|100/100 tox
|move|p2a: Great Tusk|Knock Off|p1a: Gliscor
|-damage|p1a: Gliscor|81/100 tox
|-enditem|p1a: Gliscor|Toxic Orb|[from] move: Knock Off|[of] p2a: Great Tusk
|
|-heal|p1a: Gliscor|94/100 tox|[from] ability: Poison Heal
|upkeep
|turn|11
|
|t:|1781186138
|move|p2a: Great Tusk|Rapid Spin|p1a: Gliscor
|-damage|p1a: Gliscor|85/100 tox
|-boost|p2a: Great Tusk|spe|1
|move|p1a: Gliscor|Toxic|p2a: Great Tusk
|-status|p2a: Great Tusk|tox
|
|-damage|p2a: Great Tusk|94/100 tox|[from] psn
|-heal|p1a: Gliscor|97/100 tox|[from] ability: Poison Heal
|upkeep
|turn|12
|
|t:|1781186141
|move|p1a: Gliscor|Protect|p1a: Gliscor
|-singleturn|p1a: Gliscor|Protect
|move|p2a: Great Tusk|Knock Off|p1a: Gliscor
|-activate|p1a: Gliscor|move: Protect
|
|-damage|p2a: Great Tusk|82/100 tox|[from] psn
|-heal|p1a: Gliscor|100/100 tox|[from] ability: Poison Heal
|upkeep
|turn|13
|
|t:|1781186145
|move|p2a: Great Tusk|Ice Spinner|p1a: Gliscor
|-supereffective|p1a: Gliscor
|-damage|p1a: Gliscor|44/100 tox
|move|p1a: Gliscor|Knock Off|p2a: Great Tusk
|-resisted|p2a: Great Tusk
|-damage|p2a: Great Tusk|78/100 tox
|
|-damage|p2a: Great Tusk|59/100 tox|[from] psn
|-heal|p1a: Gliscor|56/100 tox|[from] ability: Poison Heal
|upkeep
|turn|14
|
|t:|1781186148
|-end|p2a: Great Tusk|Protosynthesis|[silent]
|switch|p2a: Kyurem|Kyurem|100/100
|-ability|p2a: Kyurem|Pressure
|move|p1a: Gliscor|Protect||[still]
|-fail|p1a: Gliscor
|
|-heal|p1a: Gliscor|69/100 tox|[from] ability: Poison Heal
|upkeep
|turn|15
|
|t:|1781186155
|switch|p1a: Garganacl|Garganacl, F|72/100
|move|p2a: Kyurem|Substitute|p2a: Kyurem
|-start|p2a: Kyurem|Substitute
|-damage|p2a: Kyurem|75/100
|
|-heal|p2a: Kyurem|82/100|[from] item: Leftovers
|-heal|p1a: Garganacl|78/100|[from] item: Leftovers
|upkeep
|turn|16
|
|t:|1781186158
|move|p2a: Kyurem|Earth Power|p1a: Garganacl
|-supereffective|p1a: Garganacl
|-damage|p1a: Garganacl|16/100
|move|p1a: Garganacl|Salt Cure|p2a: Kyurem
|-supereffective|p2a: Kyurem
|-end|p2a: Kyurem|Substitute
|
|-heal|p2a: Kyurem|88/100|[from] item: Leftovers
|-heal|p1a: Garganacl|22/100|[from] item: Leftovers
|upkeep
|turn|17
|
|t:|1781186175
|move|p2a: Kyurem|Substitute|p2a: Kyurem
|-start|p2a: Kyurem|Substitute
|-damage|p2a: Kyurem|63/100
|move|p1a: Garganacl|Recover|p1a: Garganacl
|-heal|p1a: Garganacl|72/100
|
|-heal|p2a: Kyurem|69/100|[from] item: Leftovers
|-heal|p1a: Garganacl|78/100|[from] item: Leftovers
|upkeep
|turn|18
|
|t:|1781186178
|move|p2a: Kyurem|Earth Power|p1a: Garganacl
|-supereffective|p1a: Garganacl
|-damage|p1a: Garganacl|16/100
|move|p1a: Garganacl|Salt Cure|p2a: Kyurem
|-supereffective|p2a: Kyurem
|-end|p2a: Kyurem|Substitute
|
|-heal|p2a: Kyurem|75/100|[from] item: Leftovers
|-heal|p1a: Garganacl|22/100|[from] item: Leftovers
|upkeep
|turn|19
|
|t:|1781186183
|move|p2a: Kyurem|Earth Power|p1a: Garganacl
|-supereffective|p1a: Garganacl
|-damage|p1a: Garganacl|0 fnt
|faint|p1a: Garganacl
|
|-heal|p2a: Kyurem|81/100|[from] item: Leftovers
|upkeep
|
|t:|1781186185
|switch|p1a: Dragonite|Dragonite, M|100/100
|turn|20
|
|t:|1781186195
|move|p2a: Kyurem|Freeze-Dry|p1a: Dragonite
|-supereffective|p1a: Dragonite
|-damage|p1a: Dragonite|31/100
|move|p1a: Dragonite|Draco Meteor|p2a: Kyurem
|-supereffective|p2a: Kyurem
|-damage|p2a: Kyurem|0 fnt
|-unboost|p1a: Dragonite|spa|2
|faint|p2a: Kyurem
|
|upkeep
|
|t:|1781186207
|switch|p2a: Great Tusk|Great Tusk|59/100 tox
|turn|21
|
|t:|1781186215
|switch|p1a: Weezing|Weezing-Galar, F|100/100
|-ability|p1a: Weezing|Neutralizing Gas
|move|p2a: Great Tusk|Rapid Spin|p1a: Weezing
|-damage|p1a: Weezing|91/100
|-boost|p2a: Great Tusk|spe|1
|
|-heal|p1a: Weezing|97/100|[from] item: Leftovers
|-damage|p2a: Great Tusk|53/100 tox|[from] psn
|upkeep
|turn|22
|
|t:|1781186224
|-terastallize|p1a: Weezing|Flying
|move|p2a: Great Tusk|Knock Off|p1a: Weezing
|-damage|p1a: Weezing|79/100
|-enditem|p1a: Weezing|Leftovers|[from] move: Knock Off|[of] p2a: Great Tusk
|move|p1a: Weezing|Fire Blast|p2a: Great Tusk
|-damage|p2a: Great Tusk|27/100 tox
|
|-damage|p2a: Great Tusk|14/100 tox|[from] psn
|upkeep
|turn|23
|
|t:|1781186232
|move|p2a: Great Tusk|Ice Spinner|p1a: Weezing
|-supereffective|p1a: Weezing
|-damage|p1a: Weezing|50/100
|move|p1a: Weezing|Fire Blast|p2a: Great Tusk
|-damage|p2a: Great Tusk|0 fnt
|faint|p2a: Great Tusk
|-end|p2a: Great Tusk|Protosynthesis|[silent]
|
|upkeep
|
|t:|1781186235
|switch|p2a: Slowking|Slowking-Galar, F|100/100
|turn|24
|
|t:|1781186240
|move|p1a: Weezing|Pain Split|p2a: Slowking
|-sethp|p2a: Slowking|72/100|[from] move: Pain Split|[silent]
|-sethp|p1a: Weezing|84/100|[from] move: Pain Split
|move|p2a: Slowking|Future Sight|p1a: Weezing
|-start|p2a: Slowking|move: Future Sight
|
|upkeep
|turn|25
|
|t:|1781186244
|-end|p1a: Weezing|ability: Neutralizing Gas
|switch|p1a: Darkrai|Darkrai|56/100
|move|p2a: Slowking|Thunder Wave|p1a: Darkrai
|-status|p1a: Darkrai|par
|
|-heal|p1a: Darkrai|62/100 par|[from] item: Leftovers
|upkeep
|turn|26
|
|t:|1781186250
|switch|p2a: Kingambit|Kingambit, F|100/100
|-activate|p2a: Kingambit|ability: Supreme Overlord
|-start|p2a: Kingambit|fallen2|[silent]
|move|p1a: Darkrai|Dark Pulse|p2a: Kingambit
|-resisted|p2a: Kingambit
|-damage|p2a: Kingambit|77/100
|
|-end|p1a: Darkrai|move: Future Sight
|-immune|p1a: Darkrai
|-heal|p2a: Kingambit|83/100|[from] item: Leftovers
|-heal|p1a: Darkrai|68/100 par|[from] item: Leftovers
|upkeep
|turn|27
|
|t:|1781186256
|switch|p1a: Dragonite|Dragonite, M|31/100
|move|p2a: Kingambit|Low Kick|p1a: Dragonite
|-resisted|p1a: Dragonite
|-damage|p1a: Dragonite|14/100
|
|-heal|p2a: Kingambit|90/100|[from] item: Leftovers
|upkeep
|turn|28
|
|t:|1781186258
|move|p2a: Kingambit|Iron Head|p1a: Dragonite
|-damage|p1a: Dragonite|0 fnt
|faint|p1a: Dragonite
|
|-heal|p2a: Kingambit|96/100|[from] item: Leftovers
|upkeep
|
|t:|1781186261
|switch|p1a: Gliscor|Gliscor, F|69/100 tox
|turn|29
|
|t:|1781186264
|-end|p2a: Kingambit|fallen2|[silent]
|switch|p2a: Slowking|Slowking-Galar, F|100/100
|move|p1a: Gliscor|Earthquake|p2a: Slowking
|-supereffective|p2a: Slowking
|-damage|p2a: Slowking|35/100
|
|-heal|p1a: Gliscor|81/100 tox|[from] ability: Poison Heal
|upkeep
|turn|30
|
|t:|1781186274
|move|p1a: Gliscor|Earthquake|p2a: Slowking
|-supereffective|p2a: Slowking
|-damage|p2a: Slowking|0 fnt
|faint|p2a: Slowking
|
|-heal|p1a: Gliscor|94/100 tox|[from] ability: Poison Heal
|upkeep
|
|t:|1781186277
|switch|p2a: Dondozo|Dondozo, M|100/100
|turn|31
|
|t:|1781186282
|move|p1a: Gliscor|Knock Off|p2a: Dondozo
|-damage|p2a: Dondozo|91/100
|-damage|p1a: Gliscor|77/100 tox|[from] item: Rocky Helmet|[of] p2a: Dondozo
|-enditem|p2a: Dondozo|Rocky Helmet|[from] move: Knock Off|[of] p1a: Gliscor
|move|p2a: Dondozo|Avalanche|p1a: Gliscor
|-supereffective|p1a: Gliscor
|-damage|p1a: Gliscor|14/100 tox
|
|-heal|p1a: Gliscor|26/100 tox|[from] ability: Poison Heal
|upkeep
|turn|32
|
|t:|1781186285
|switch|p1a: Weezing|Weezing-Galar, F, tera:Flying|84/100
|-ability|p1a: Weezing|Neutralizing Gas
|move|p2a: Dondozo|Curse|p2a: Dondozo
|-unboost|p2a: Dondozo|spe|1
|-boost|p2a: Dondozo|atk|1
|-boost|p2a: Dondozo|def|1
|
|upkeep
|turn|33
|
|t:|1781186288
|move|p1a: Weezing|Toxic|p2a: Dondozo
|-status|p2a: Dondozo|tox
|move|p2a: Dondozo|Avalanche|p1a: Weezing
|-supereffective|p1a: Weezing
|-damage|p1a: Weezing|57/100
|
|-damage|p2a: Dondozo|84/100 tox|[from] psn
|upkeep
|turn|34
|
|t:|1781186292
|move|p1a: Weezing|Pain Split|p2a: Dondozo
|-sethp|p2a: Dondozo|61/100 tox|[from] move: Pain Split|[silent]
|-sethp|p1a: Weezing|92/100|[from] move: Pain Split
|move|p2a: Dondozo|Avalanche|p1a: Weezing
|-supereffective|p1a: Weezing
|-damage|p1a: Weezing|65/100
|
|-damage|p2a: Dondozo|49/100 tox|[from] psn
|upkeep
|turn|35
|
|t:|1781186297
|move|p1a: Weezing|Pain Split|p2a: Dondozo
|-sethp|p2a: Dondozo|46/100 tox|[from] move: Pain Split|[silent]
|-sethp|p1a: Weezing|69/100|[from] move: Pain Split
|move|p2a: Dondozo|Rest|p2a: Dondozo
|-status|p2a: Dondozo|slp|[from] move: Rest
|-heal|p2a: Dondozo|100/100 slp|[silent]
|
|upkeep
|turn|36
|
|t:|1781186300
|move|p1a: Weezing|Pain Split|p2a: Dondozo
|-sethp|p2a: Dondozo|73/100 slp|[from] move: Pain Split|[silent]
|-sethp|p1a: Weezing|100/100|[from] move: Pain Split
|cant|p2a: Dondozo|slp
|move|p2a: Dondozo|Sleep Talk|p2a: Dondozo
|move|p2a: Dondozo|Rest||[from] move: Sleep Talk|[still]
|-fail|p2a: Dondozo
|
|upkeep
|turn|37
|
|t:|1781186315
|-end|p1a: Weezing|ability: Neutralizing Gas
|switch|p1a: Darkrai|Darkrai|68/100 par
|cant|p2a: Dondozo|slp
|move|p2a: Dondozo|Sleep Talk|p2a: Dondozo
|move|p2a: Dondozo|Curse|p2a: Dondozo|[from] move: Sleep Talk
|-unboost|p2a: Dondozo|spe|1
|-boost|p2a: Dondozo|atk|1
|-boost|p2a: Dondozo|def|1
|
|-heal|p1a: Darkrai|74/100 par|[from] item: Leftovers
|-damage|p2a: Dondozo|61/100 slp|[from] ability: Bad Dreams|[of] p1a: Darkrai
|upkeep
|turn|38
|
|t:|1781186323
|move|p1a: Darkrai|Dark Pulse|p2a: Dondozo
|-damage|p2a: Dondozo|22/100 slp
|-curestatus|p2a: Dondozo|slp|[msg]
|move|p2a: Dondozo|Avalanche|p1a: Darkrai
|-damage|p1a: Darkrai|0 fnt
|faint|p1a: Darkrai
|
|upkeep
|
|t:|1781186336
|switch|p1a: Gliscor|Gliscor, F|26/100 tox
|turn|39
|
|t:|1781186340
|move|p1a: Gliscor|Earthquake|p2a: Dondozo
|-damage|p2a: Dondozo|16/100
|move|p2a: Dondozo|Rest|p2a: Dondozo
|-status|p2a: Dondozo|slp|[from] move: Rest
|-heal|p2a: Dondozo|100/100 slp|[silent]
|
|-heal|p1a: Gliscor|39/100 tox|[from] ability: Poison Heal
|upkeep
|turn|40
|-message|zyysama333 forfeited.
|
|win|kurowlyz
|raw|zyysama333's rating: 1519 &rarr; <strong>1500</strong><br />(-19 for losing)
|raw|kurowlyz's rating: 1528 &rarr; <strong>1547</strong><br />(+19 for winning)
|l|☆zyysama333
|player|p1|
|l|☆kurowlyz
|player|p2|
