|j|☆mythiixx
|j|☆Rj yoip
|t:|1781454218
|gametype|singles
|player|p1|mythiixx|valerie|1722
|player|p2|Rj yoip|caitlin-masters|1704
|gen|9
|tier|[Gen 9] OU
|rated|
|rule|HP Percentage Mod: HP is shown in percentages
|rule|Endless Battle Clause: Forcing endless battles is banned
|rule|Species Clause: Limit one of each Pokémon
|rule|OHKO Clause: OHKO moves are banned
|rule|Evasion Items Clause: Evasion items are banned
|rule|Evasion Moves Clause: Evasion moves are banned
|rule|Evasion Abilities Clause: Evasion abilities are banned
|rule|Sleep Moves Clause: Sleep-inducing moves are banned
|clearpoke
|poke|p1|Dragonite, F|
|poke|p1|Samurott-Hisui, F|
|poke|p1|Gholdengo|
|poke|p1|Pecharunt|
|poke|p1|Walking Wake|
|poke|p1|Ting-Lu|
|poke|p2|Tyranitar, M|
|poke|p2|Hydrapple, F|
|poke|p2|Enamorus, F|
|poke|p2|Garganacl, M|
|poke|p2|Excadrill, F|
|poke|p2|Alomomola, F|
|teampreview
|
|t:|1781454222
|teamsize|p1|6
|teamsize|p2|6
|start
|switch|p1a: Samurott|Samurott-Hisui, F|100/100
|switch|p2a: Garganacl|Garganacl, M|100/100
|turn|1
|
|t:|1781454225
|move|p1a: Samurott|Knock Off|p2a: Garganacl
|-damage|p2a: Garganacl|72/100
|-enditem|p2a: Garganacl|Leftovers|[from] move: Knock Off|[of] p1a: Samurott
|move|p2a: Garganacl|Salt Cure|p1a: Samurott
|-damage|p1a: Samurott|86/100
|-start|p1a: Samurott|Salt Cure
|
|-damage|p1a: Samurott|61/100|[from] Salt Cure
|upkeep
|turn|2
|inactive|Battle timer is ON: inactive players will automatically lose when time's up. (requested by Rj yoip)
|
|t:|1781454232
|switch|p1a: Gholdengo|Gholdengo|100/100
|move|p2a: Garganacl|Protect||[still]
|-fail|p2a: Garganacl
|
|upkeep
|turn|3
|
|t:|1781454236
|move|p2a: Garganacl|Protect|p2a: Garganacl
|-singleturn|p2a: Garganacl|Protect
|move|p1a: Gholdengo|Trick|p2a: Garganacl
|-activate|p2a: Garganacl|move: Protect
|
|upkeep
|turn|4
|
|t:|1781454238
|move|p1a: Gholdengo|Trick|p2a: Garganacl
|-activate|p1a: Gholdengo|move: Trick|[of] p2a: Garganacl
|-item|p2a: Garganacl|Choice Scarf|[from] move: Trick
|-enditem|p1a: Gholdengo|Choice Scarf|[silent]|[from] move: Trick
|move|p2a: Garganacl|Salt Cure|p1a: Gholdengo
|-resisted|p1a: Gholdengo
|-damage|p1a: Gholdengo|92/100
|-start|p1a: Gholdengo|Salt Cure
|
|-damage|p1a: Gholdengo|67/100|[from] Salt Cure
|upkeep
|turn|5
|
|t:|1781454244
|switch|p1a: Ting-Lu|Ting-Lu|100/100
|-ability|p1a: Ting-Lu|Vessel of Ruin
|move|p2a: Garganacl|Salt Cure|p1a: Ting-Lu
|-resisted|p1a: Ting-Lu
|-damage|p1a: Ting-Lu|97/100
|-start|p1a: Ting-Lu|Salt Cure
|
|-heal|p1a: Ting-Lu|100/100|[from] item: Leftovers
|-damage|p1a: Ting-Lu|88/100|[from] Salt Cure
|upkeep
|turn|6
|
|t:|1781454250
|switch|p2a: Alomomola|Alomomola, F|100/100
|move|p1a: Ting-Lu|Stealth Rock|p2a: Alomomola
|-sidestart|p2: Rj yoip|move: Stealth Rock
|
|-heal|p1a: Ting-Lu|94/100|[from] item: Leftovers
|-damage|p1a: Ting-Lu|82/100|[from] Salt Cure
|upkeep
|turn|7
|
|t:|1781454255
|switch|p1a: Walking Wake|Walking Wake|100/100
|move|p2a: Alomomola|Scald|p1a: Walking Wake
|-resisted|p1a: Walking Wake
|-damage|p1a: Walking Wake|97/100
|
|upkeep
|turn|8
|
|t:|1781454261
|move|p1a: Walking Wake|Knock Off|p2a: Alomomola
|-damage|p2a: Alomomola|90/100
|-enditem|p2a: Alomomola|Assault Vest|[from] move: Knock Off|[of] p1a: Walking Wake
|move|p2a: Alomomola|Scald|p1a: Walking Wake
|-resisted|p1a: Walking Wake
|-damage|p1a: Walking Wake|93/100
|
|upkeep
|turn|9
|j| lorenz02627
|
|t:|1781454266
|move|p1a: Walking Wake|Flip Turn|p2a: Alomomola
|-resisted|p2a: Alomomola
|-damage|p2a: Alomomola|85/100
|
|t:|1781454268
|-end|p1a: Walking Wake|Protosynthesis|[silent]
|switch|p1a: Samurott|Samurott-Hisui, F|61/100|[from] Flip Turn
|move|p2a: Alomomola|Flip Turn|p1a: Samurott
|-resisted|p1a: Samurott
|-damage|p1a: Samurott|51/100
|
|t:|1781454273
|switch|p2a: Excadrill|Excadrill, F|100/100|[from] Flip Turn
|-damage|p2a: Excadrill|97/100|[from] Stealth Rock
|
|-heal|p2a: Excadrill|100/100|[from] item: Leftovers
|upkeep
|turn|10
|
|t:|1781454278
|switch|p1a: Dragonite|Dragonite, F|100/100
|move|p2a: Excadrill|Earthquake|p1a: Dragonite
|-immune|p1a: Dragonite
|
|upkeep
|turn|11
|
|t:|1781454282
|switch|p2a: Hydrapple|Hydrapple, F|100/100
|-damage|p2a: Hydrapple|88/100|[from] Stealth Rock
|move|p1a: Dragonite|Low Kick|p2a: Hydrapple
|-damage|p2a: Hydrapple|72/100
|-damage|p1a: Dragonite|84/100|[from] item: Rocky Helmet|[of] p2a: Hydrapple
|
|upkeep
|turn|12
|
|t:|1781454289
|switch|p1a: Samurott|Samurott-Hisui, F|51/100
|move|p2a: Hydrapple|Earth Power|p1a: Samurott
|-damage|p1a: Samurott|36/100
|
|upkeep
|turn|13
|
|t:|1781454296
|move|p1a: Samurott|Ceaseless Edge|p2a: Hydrapple
|-damage|p2a: Hydrapple|49/100
|-damage|p1a: Samurott|19/100|[from] item: Rocky Helmet|[of] p2a: Hydrapple
|-sidestart|p2: Rj yoip|Spikes
|move|p2a: Hydrapple|Giga Drain|p1a: Samurott
|-supereffective|p1a: Samurott
|-damage|p1a: Samurott|0 fnt
|-heal|p2a: Hydrapple|57/100|[from] drain|[of] p1a: Samurott
|faint|p1a: Samurott
|
|upkeep
|
|t:|1781454305
|switch|p1a: Walking Wake|Walking Wake|93/100
|turn|14
|
|t:|1781454310
|switch|p2a: Alomomola|Alomomola, F|100/100
|-damage|p2a: Alomomola|88/100|[from] Stealth Rock
|-damage|p2a: Alomomola|76/100|[from] Spikes
|move|p1a: Walking Wake|Knock Off|p2a: Alomomola
|-damage|p2a: Alomomola|68/100
|
|upkeep
|turn|15
|
|t:|1781454313
|move|p1a: Walking Wake|Draco Meteor|p2a: Alomomola
|-damage|p2a: Alomomola|10/100
|-unboost|p1a: Walking Wake|spa|2
|move|p2a: Alomomola|Flip Turn|p1a: Walking Wake
|-resisted|p1a: Walking Wake
|-damage|p1a: Walking Wake|88/100
|
|t:|1781454317
|switch|p2a: Excadrill|Excadrill, F|100/100|[from] Flip Turn
|-damage|p2a: Excadrill|97/100|[from] Stealth Rock
|-damage|p2a: Excadrill|85/100|[from] Spikes
|
|-heal|p2a: Excadrill|91/100|[from] item: Leftovers
|upkeep
|turn|16
|
|t:|1781454327
|move|p1a: Walking Wake|Surf|p2a: Excadrill
|-supereffective|p2a: Excadrill
|-damage|p2a: Excadrill|26/100
|move|p2a: Excadrill|Earthquake|p1a: Walking Wake
|-damage|p1a: Walking Wake|27/100
|
|-heal|p2a: Excadrill|32/100|[from] item: Leftovers
|upkeep
|turn|17
|
|t:|1781454331
|switch|p2a: Alomomola|Alomomola, F|43/100
|-damage|p2a: Alomomola|31/100|[from] Stealth Rock
|-damage|p2a: Alomomola|18/100|[from] Spikes
|move|p1a: Walking Wake|Surf|p2a: Alomomola
|-resisted|p2a: Alomomola
|-damage|p2a: Alomomola|8/100
|
|upkeep
|turn|18
|
|t:|1781454334
|switch|p2a: Tyranitar|Tyranitar, M|100/100
|-damage|p2a: Tyranitar|88/100|[from] Stealth Rock
|-damage|p2a: Tyranitar|76/100|[from] Spikes
|-weather|Sandstorm|[from] ability: Sand Stream|[of] p2a: Tyranitar
|move|p1a: Walking Wake|Surf|p2a: Tyranitar
|-supereffective|p2a: Tyranitar
|-damage|p2a: Tyranitar|47/100
|
|-weather|Sandstorm|[upkeep]
|-damage|p1a: Walking Wake|21/100|[from] Sandstorm
|upkeep
|turn|19
|
|t:|1781454342
|move|p1a: Walking Wake|Flip Turn|p2a: Tyranitar
|-supereffective|p2a: Tyranitar
|-damage|p2a: Tyranitar|15/100
|
|t:|1781454345
|-end|p1a: Walking Wake|Protosynthesis|[silent]
|switch|p1a: Ting-Lu|Ting-Lu|82/100|[from] Flip Turn
|-ability|p1a: Ting-Lu|Vessel of Ruin
|move|p2a: Tyranitar|Knock Off|p1a: Ting-Lu
|-resisted|p1a: Ting-Lu
|-damage|p1a: Ting-Lu|58/100
|-enditem|p1a: Ting-Lu|Leftovers|[from] move: Knock Off|[of] p2a: Tyranitar
|
|-weather|Sandstorm|[upkeep]
|upkeep
|turn|20
|
|t:|1781454353
|switch|p2a: Alomomola|Alomomola, F|41/100
|-damage|p2a: Alomomola|29/100|[from] Stealth Rock
|-damage|p2a: Alomomola|17/100|[from] Spikes
|move|p1a: Ting-Lu|Whirlwind|p2a: Alomomola
|drag|p2a: Tyranitar|Tyranitar, M|15/100
|-damage|p2a: Tyranitar|3/100|[from] Stealth Rock
|-damage|p2a: Tyranitar|0 fnt|[from] Spikes
|faint|p2a: Tyranitar
|
|-weather|Sandstorm|[upkeep]
|upkeep
|
|t:|1781454354
|switch|p2a: Excadrill|Excadrill, F|32/100
|-damage|p2a: Excadrill|29/100|[from] Stealth Rock
|-damage|p2a: Excadrill|16/100|[from] Spikes
|turn|21
|
|t:|1781454370
|switch|p1a: Pecharunt|Pecharunt|100/100
|move|p2a: Excadrill|Rapid Spin|p1a: Pecharunt
|-immune|p1a: Pecharunt
|
|-weather|Sandstorm|[upkeep]
|-damage|p1a: Pecharunt|94/100|[from] Sandstorm
|-heal|p2a: Excadrill|22/100|[from] item: Leftovers
|upkeep
|turn|22
|
|t:|1781454380
|move|p2a: Excadrill|Earthquake|p1a: Pecharunt
|-supereffective|p1a: Pecharunt
|-damage|p1a: Pecharunt|27/100
|move|p1a: Pecharunt|Shadow Ball|p2a: Excadrill
|-damage|p2a: Excadrill|0 fnt
|faint|p2a: Excadrill
|
|-weather|none
|upkeep
|
|t:|1781454384
|switch|p2a: Enamorus|Enamorus, F|100/100
|-damage|p2a: Enamorus|76/100|[from] Stealth Rock
|turn|23
|
|t:|1781454388
|move|p2a: Enamorus|Moonblast|p1a: Pecharunt
|-resisted|p1a: Pecharunt
|-damage|p1a: Pecharunt|0 fnt
|faint|p1a: Pecharunt
|
|upkeep
|
|t:|1781454390
|switch|p1a: Gholdengo|Gholdengo|67/100
|turn|24
|
|t:|1781454393
|switch|p2a: Alomomola|Alomomola, F|50/100
|-damage|p2a: Alomomola|37/100|[from] Stealth Rock
|-damage|p2a: Alomomola|25/100|[from] Spikes
|move|p1a: Gholdengo|Make It Rain|p2a: Alomomola
|-resisted|p2a: Alomomola
|-damage|p2a: Alomomola|0 fnt
|-unboost|p1a: Gholdengo|spa|1
|faint|p2a: Alomomola
|
|upkeep
|
|t:|1781454394
|switch|p2a: Garganacl|Garganacl, M|72/100
|-damage|p2a: Garganacl|60/100|[from] Stealth Rock
|-damage|p2a: Garganacl|47/100|[from] Spikes
|turn|25
|
|t:|1781454398
|move|p1a: Gholdengo|Make It Rain|p2a: Garganacl
|-supereffective|p2a: Garganacl
|-damage|p2a: Garganacl|0 fnt
|-unboost|p1a: Gholdengo|spa|1
|faint|p2a: Garganacl
|
|upkeep
|
|t:|1781454402
|switch|p2a: Hydrapple|Hydrapple, F|90/100
|-damage|p2a: Hydrapple|78/100|[from] Stealth Rock
|-damage|p2a: Hydrapple|66/100|[from] Spikes
|turn|26
|
|t:|1781454407
|switch|p1a: Ting-Lu|Ting-Lu|58/100
|-ability|p1a: Ting-Lu|Vessel of Ruin
|move|p2a: Hydrapple|Nasty Plot|p2a: Hydrapple
|-boost|p2a: Hydrapple|spa|2
|
|upkeep
|turn|27
|
|t:|1781454413
|move|p2a: Hydrapple|Giga Drain|p1a: Ting-Lu
|-supereffective|p1a: Ting-Lu
|-damage|p1a: Ting-Lu|5/100
|-heal|p2a: Hydrapple|98/100|[from] drain|[of] p1a: Ting-Lu
|move|p1a: Ting-Lu|Whirlwind|p2a: Hydrapple
|drag|p2a: Enamorus|Enamorus, F|76/100
|-damage|p2a: Enamorus|51/100|[from] Stealth Rock
|
|upkeep
|turn|28
|
|t:|1781454418
|switch|p2a: Hydrapple|Hydrapple, F|100/100
|-damage|p2a: Hydrapple|88/100|[from] Stealth Rock
|-damage|p2a: Hydrapple|76/100|[from] Spikes
|move|p1a: Ting-Lu|Whirlwind|p2a: Hydrapple
|drag|p2a: Enamorus|Enamorus, F|51/100
|-damage|p2a: Enamorus|26/100|[from] Stealth Rock
|
|upkeep
|turn|29
|
|t:|1781454420
|move|p2a: Enamorus|Moonblast|p1a: Ting-Lu
|-supereffective|p1a: Ting-Lu
|-crit|p1a: Ting-Lu
|-damage|p1a: Ting-Lu|0 fnt
|faint|p1a: Ting-Lu
|
|upkeep
|
|t:|1781454422
|switch|p1a: Gholdengo|Gholdengo|67/100
|turn|30
|
|t:|1781454425
|move|p2a: Enamorus|Moonblast|p1a: Gholdengo
|-resisted|p1a: Gholdengo
|-damage|p1a: Gholdengo|34/100
|move|p1a: Gholdengo|Make It Rain|p2a: Enamorus
|-supereffective|p2a: Enamorus
|-damage|p2a: Enamorus|0 fnt
|-unboost|p1a: Gholdengo|spa|1
|faint|p2a: Enamorus
|
|upkeep
|
|t:|1781454427
|switch|p2a: Hydrapple|Hydrapple, F|100/100
|-damage|p2a: Hydrapple|88/100|[from] Stealth Rock
|-damage|p2a: Hydrapple|76/100|[from] Spikes
|turn|31
|
|t:|1781454437
|-terastallize|p1a: Gholdengo|Steel
|move|p1a: Gholdengo|Make It Rain|p2a: Hydrapple
|-damage|p2a: Hydrapple|19/100
|-unboost|p1a: Gholdengo|spa|1
|move|p2a: Hydrapple|Earth Power|p1a: Gholdengo
|-supereffective|p1a: Gholdengo
|-damage|p1a: Gholdengo|0 fnt
|faint|p1a: Gholdengo
|
|upkeep
|
|t:|1781454446
|switch|p1a: Walking Wake|Walking Wake|21/100
|turn|32
|-message|Rj yoip forfeited.
|
|win|mythiixx
|raw|mythiixx's rating: 1722 &rarr; <strong>1741</strong><br />(+19 for winning)
|raw|Rj yoip's rating: 1704 &rarr; <strong>1685</strong><br />(-19 for losing)
|l|☆Rj yoip
|player|p2|
|l|☆mythiixx
|player|p1|
|l| lorenz02627
