|j|☆mythiixx
|j|☆Roseofrosarade
|t:|1781382437
|gametype|singles
|player|p1|mythiixx|valerie|1758
|player|p2|Roseofrosarade|1|1680
|gen|9
|tier|[Gen 9] OU
|rated|
|rule|HP Percentage Mod: HP is shown in percentages
|rule|Endless Battle Clause: Forcing endless battles is banned
|rule|Species Clause: Limit one of each Pokémon
|rule|OHKO Clause: OHKO moves are banned
|rule|Evasion Items Clause: Evasion items are banned
|rule|Evasion Moves Clause: Evasion moves are banned
|rule|Evasion Abilities Clause: Evasion abilities are banned
|rule|Sleep Moves Clause: Sleep-inducing moves are banned
|clearpoke
|poke|p1|Zamazenta-*|
|poke|p1|Iron Hands|
|poke|p1|Ceruledge, F|
|poke|p1|Iron Valiant|
|poke|p1|Deoxys-Speed|
|poke|p1|Glimmora, F|
|poke|p2|Garchomp, M|
|poke|p2|Alomomola, M|
|poke|p2|Gholdengo|
|poke|p2|Zamazenta-*|
|poke|p2|Clefable, M|
|poke|p2|Tornadus-Therian, M|
|teampreview
|j| unamedturd
|
|t:|1781382443
|teamsize|p1|6
|teamsize|p2|6
|start
|switch|p1a: Deoxys|Deoxys-Speed|100/100
|switch|p2a: Tornadus|Tornadus-Therian, M|100/100
|-ability|p1a: Deoxys|Pressure
|turn|1
|
|t:|1781382449
|move|p1a: Deoxys|Light Screen|p1a: Deoxys
|-sidestart|p1: mythiixx|move: Light Screen
|move|p2a: Tornadus|Knock Off|p1a: Deoxys
|-supereffective|p1a: Deoxys
|-damage|p1a: Deoxys|47/100
|-enditem|p1a: Deoxys|Light Clay|[from] move: Knock Off|[of] p2a: Tornadus
|
|upkeep
|turn|2
|
|t:|1781382454
|move|p1a: Deoxys|Reflect|p1a: Deoxys
|-sidestart|p1: mythiixx|Reflect
|move|p2a: Tornadus|U-turn|p1a: Deoxys
|-supereffective|p1a: Deoxys
|-damage|p1a: Deoxys|30/100
|
|t:|1781382458
|switch|p2a: Garchomp|Garchomp, M|100/100|[from] U-turn
|
|upkeep
|turn|3
|
|t:|1781382462
|move|p1a: Deoxys|Taunt|p2a: Garchomp
|-start|p2a: Garchomp|move: Taunt
|cant|p2a: Garchomp|move: Taunt|Stealth Rock
|
|upkeep
|turn|4
|
|t:|1781382467
|switch|p2a: Clefable|Clefable, M|100/100
|move|p1a: Deoxys|Teleport|p1a: Deoxys
|
|t:|1781382472
|switch|p1a: Glimmora|Glimmora, F|100/100|[from] Teleport
|
|upkeep
|turn|5
|
|t:|1781382478
|switch|p2a: Gholdengo|Gholdengo|100/100
|move|p1a: Glimmora|Spikes|p2a: Gholdengo
|-sidestart|p2: Roseofrosarade|Spikes
|
|upkeep
|turn|6
|
|t:|1781382483
|switch|p1a: Iron Hands|Iron Hands|100/100
|-enditem|p1a: Iron Hands|Booster Energy
|-activate|p1a: Iron Hands|ability: Quark Drive|[fromitem]
|-start|p1a: Iron Hands|quarkdriveatk
|move|p2a: Gholdengo|Make It Rain|p1a: Iron Hands
|-resisted|p1a: Iron Hands
|-damage|p1a: Iron Hands|84/100
|-unboost|p2a: Gholdengo|spa|1
|
|-sideend|p1: mythiixx|Reflect
|upkeep
|turn|7
|
|t:|1781382493
|switch|p2a: Garchomp|Garchomp, M|100/100
|move|p1a: Iron Hands|Ice Punch|p2a: Garchomp
|-supereffective|p2a: Garchomp
|-damage|p2a: Garchomp|0 fnt
|-damage|p1a: Iron Hands|71/100|[from] ability: Rough Skin|[of] p2a: Garchomp
|faint|p2a: Garchomp
|
|upkeep
|
|t:|1781382495
|switch|p2a: Clefable|Clefable, M|100/100
|turn|8
|
|t:|1781382500
|move|p1a: Iron Hands|Supercell Slam|p2a: Clefable
|-damage|p2a: Clefable|46/100
|move|p2a: Clefable|Moonlight|p2a: Clefable
|-heal|p2a: Clefable|96/100
|
|-heal|p2a: Clefable|100/100|[from] item: Leftovers
|-sideend|p1: mythiixx|move: Light Screen
|upkeep
|turn|9
|
|t:|1781382507
|-end|p1a: Iron Hands|Quark Drive|[silent]
|switch|p1a: Glimmora|Glimmora, F|100/100
|move|p2a: Clefable|Moonblast|p1a: Glimmora
|-resisted|p1a: Glimmora
|-damage|p1a: Glimmora|83/100
|-enditem|p1a: Glimmora|Red Card|[of] p2a: Clefable
|drag|p2a: Gholdengo|Gholdengo|100/100
|-damage|p2a: Gholdengo|88/100|[from] Spikes
|
|upkeep
|turn|10
|
|t:|1781382513
|switch|p1a: Iron Hands|Iron Hands|71/100
|move|p2a: Gholdengo|Shadow Ball|p1a: Iron Hands
|-damage|p1a: Iron Hands|31/100
|
|upkeep
|turn|11
|
|t:|1781382522
|move|p2a: Gholdengo|Shadow Ball|p1a: Iron Hands
|-damage|p1a: Iron Hands|0 fnt
|faint|p1a: Iron Hands
|-end|p1a: Iron Hands|Quark Drive|[silent]
|
|upkeep
|
|t:|1781382532
|switch|p1a: Deoxys|Deoxys-Speed|30/100
|-ability|p1a: Deoxys|Pressure
|turn|12
|
|t:|1781382536
|move|p1a: Deoxys|Light Screen|p1a: Deoxys
|-sidestart|p1: mythiixx|move: Light Screen
|move|p2a: Gholdengo|Shadow Ball|p1a: Deoxys
|-supereffective|p1a: Deoxys
|-damage|p1a: Deoxys|0 fnt
|faint|p1a: Deoxys
|
|upkeep
|
|t:|1781382543
|switch|p1a: Ceruledge|Ceruledge, F|100/100
|turn|13
|
|t:|1781382549
|move|p2a: Gholdengo|Shadow Ball|p1a: Ceruledge
|-supereffective|p1a: Ceruledge
|-damage|p1a: Ceruledge|49/100
|move|p1a: Ceruledge|Swords Dance|p1a: Ceruledge
|-boost|p1a: Ceruledge|atk|2
|
|upkeep
|turn|14
|
|t:|1781382554
|move|p1a: Ceruledge|Shadow Sneak|p2a: Gholdengo
|-supereffective|p2a: Gholdengo
|-damage|p2a: Gholdengo|0 fnt
|faint|p2a: Gholdengo
|-damage|p1a: Ceruledge|39/100|[from] item: Life Orb
|
|upkeep
|
|t:|1781382556
|switch|p2a: Zamazenta|Zamazenta|100/100
|-ability|p2a: Zamazenta|Dauntless Shield|boost
|-boost|p2a: Zamazenta|def|1
|turn|15
|
|t:|1781382560
|move|p2a: Zamazenta|Crunch|p1a: Ceruledge
|-supereffective|p1a: Ceruledge
|-damage|p1a: Ceruledge|0 fnt
|faint|p1a: Ceruledge
|
|upkeep
|
|t:|1781382572
|switch|p1a: Iron Valiant|Iron Valiant|100/100
|-enditem|p1a: Iron Valiant|Booster Energy
|-activate|p1a: Iron Valiant|ability: Quark Drive|[fromitem]
|-start|p1a: Iron Valiant|quarkdrivespe
|turn|16
|
|t:|1781382577
|move|p1a: Iron Valiant|Moonblast|p2a: Zamazenta
|-supereffective|p2a: Zamazenta
|-damage|p2a: Zamazenta|12/100
|move|p2a: Zamazenta|Heavy Slam|p1a: Iron Valiant
|-supereffective|p1a: Iron Valiant
|-damage|p1a: Iron Valiant|0 fnt
|faint|p1a: Iron Valiant
|-end|p1a: Iron Valiant|Quark Drive|[silent]
|
|-sideend|p1: mythiixx|move: Light Screen
|upkeep
|
|t:|1781382583
|switch|p1a: Glimmora|Glimmora, F|83/100
|turn|17
|
|t:|1781382587
|move|p2a: Zamazenta|Heavy Slam|p1a: Glimmora
|-supereffective|p1a: Glimmora
|-damage|p1a: Glimmora|32/100
|-activate|p1a: Glimmora|ability: Toxic Debris
|-sidestart|p2: Roseofrosarade|move: Toxic Spikes
|move|p1a: Glimmora|Stealth Rock|p2a: Zamazenta
|-sidestart|p2: Roseofrosarade|move: Stealth Rock
|
|upkeep
|turn|18
|
|t:|1781382596
|move|p2a: Zamazenta|Close Combat|p1a: Glimmora
|-damage|p1a: Glimmora|0 fnt
|-unboost|p2a: Zamazenta|def|1
|-unboost|p2a: Zamazenta|spd|1
|-activate|p1a: Glimmora|ability: Toxic Debris
|-sidestart|p2: Roseofrosarade|move: Toxic Spikes
|faint|p1a: Glimmora
|
|upkeep
|
|t:|1781382598
|switch|p1a: Zamazenta|Zamazenta|100/100
|-ability|p1a: Zamazenta|Dauntless Shield|boost
|-boost|p1a: Zamazenta|def|1
|turn|19
|
|t:|1781382601
|switch|p2a: Clefable|Clefable, M|100/100
|-status|p2a: Clefable|tox
|move|p1a: Zamazenta|Iron Defense|p1a: Zamazenta
|-boost|p1a: Zamazenta|def|2
|
|upkeep
|turn|20
|
|t:|1781382604
|-terastallize|p1a: Zamazenta|Steel
|move|p1a: Zamazenta|Heavy Slam|p2a: Clefable
|-supereffective|p2a: Clefable
|-damage|p2a: Clefable|30/100 tox
|move|p2a: Clefable|Knock Off|p1a: Zamazenta
|-damage|p1a: Zamazenta|96/100
|-enditem|p1a: Zamazenta|Leftovers|[from] move: Knock Off|[of] p2a: Clefable
|
|-heal|p2a: Clefable|37/100 tox|[from] item: Leftovers
|upkeep
|turn|21
|
|t:|1781382610
|switch|p2a: Zamazenta|Zamazenta|12/100
|move|p1a: Zamazenta|Heavy Slam|p2a: Zamazenta
|-damage|p2a: Zamazenta|0 fnt
|faint|p2a: Zamazenta
|
|upkeep
|
|t:|1781382612
|switch|p2a: Alomomola|Alomomola, M|100/100
|turn|22
|
|t:|1781382619
|-terastallize|p2a: Alomomola|Ghost
|move|p1a: Zamazenta|Iron Defense|p1a: Zamazenta
|-boost|p1a: Zamazenta|def|2
|move|p2a: Alomomola|Scald|p1a: Zamazenta
|-damage|p1a: Zamazenta|84/100
|-status|p1a: Zamazenta|brn
|
|-damage|p1a: Zamazenta|78/100 brn|[from] brn
|upkeep
|turn|23
|
|t:|1781382625
|move|p2a: Alomomola|Wish|p2a: Alomomola
|move|p1a: Zamazenta|Roar|p2a: Alomomola
|drag|p2a: Tornadus|Tornadus-Therian, M|100/100
|
|-damage|p1a: Zamazenta|72/100 brn|[from] brn
|upkeep
|turn|24
|
|t:|1781382631
|switch|p2a: Alomomola|Alomomola, M, tera:Ghost|100/100
|move|p1a: Zamazenta|Body Press|p2a: Alomomola
|-immune|p2a: Alomomola
|
|-damage|p1a: Zamazenta|66/100 brn|[from] brn
|upkeep
|turn|25
|-message|mythiixx forfeited.
|
|win|Roseofrosarade
|raw|mythiixx's rating: 1758 &rarr; <strong>1734</strong><br />(-24 for losing)
|raw|Roseofrosarade's rating: 1680 &rarr; <strong>1704</strong><br />(+24 for winning)
|l|☆mythiixx
|player|p1|
|l|☆Roseofrosarade
|player|p2|
