|j|☆kshuaib734
|j|☆ykykp
|t:|1781532304
|gametype|singles
|player|p1|kshuaib734|steven|1627
|player|p2|ykykp|102|1564
|gen|9
|tier|[Gen 9] OU
|rated|
|rule|HP Percentage Mod: HP is shown in percentages
|rule|Endless Battle Clause: Forcing endless battles is banned
|rule|Species Clause: Limit one of each Pokémon
|rule|OHKO Clause: OHKO moves are banned
|rule|Evasion Items Clause: Evasion items are banned
|rule|Evasion Moves Clause: Evasion moves are banned
|rule|Evasion Abilities Clause: Evasion abilities are banned
|rule|Sleep Moves Clause: Sleep-inducing moves are banned
|clearpoke
|poke|p1|Tyranitar, M|
|poke|p1|Dragonite, M|
|poke|p1|Pelipper, F|
|poke|p1|Quaquaval, M|
|poke|p1|Kingdra, M|
|poke|p1|Excadrill, M|
|poke|p2|Deoxys-Speed|
|poke|p2|Blastoise, F|
|poke|p2|Iron Crown|
|poke|p2|Great Tusk|
|poke|p2|Ceruledge, F|
|poke|p2|Hydreigon, M|
|teampreview
|inactive|Battle timer is ON: inactive players will automatically lose when time's up. (requested by kshuaib734)
|c|☆kshuaib734|BLASTOISE!
|c|☆kshuaib734|my guy
|j| caesar233
|
|t:|1781532316
|teamsize|p1|6
|teamsize|p2|6
|start
|switch|p1a: King Tyrant|Tyranitar, M|100/100
|switch|p2a: Hydreigon|Hydreigon, M|100/100
|-weather|Sandstorm|[from] ability: Sand Stream|[of] p1a: King Tyrant
|turn|1
|
|t:|1781532324
|move|p2a: Hydreigon|Flash Cannon|p1a: King Tyrant
|-supereffective|p1a: King Tyrant
|-damage|p1a: King Tyrant|52/100
|-enditem|p1a: King Tyrant|Weakness Policy
|-boost|p1a: King Tyrant|atk|2|[from] item: Weakness Policy
|-boost|p1a: King Tyrant|spa|2|[from] item: Weakness Policy
|move|p1a: King Tyrant|Ice Beam|p2a: Hydreigon
|-supereffective|p2a: Hydreigon
|-damage|p2a: Hydreigon|0 fnt
|faint|p2a: Hydreigon
|
|-weather|Sandstorm|[upkeep]
|upkeep
|l| caesar233
|
|t:|1781532340
|switch|p2a: Gamera|Blastoise, F|100/100
|turn|2
|
|t:|1781532350
|move|p2a: Gamera|Shell Smash|p2a: Gamera
|-unboost|p2a: Gamera|def|1
|-unboost|p2a: Gamera|spd|1
|-boost|p2a: Gamera|atk|2
|-boost|p2a: Gamera|spa|2
|-boost|p2a: Gamera|spe|2
|-enditem|p2a: Gamera|White Herb
|-clearnegativeboost|p2a: Gamera|[silent]
|move|p1a: King Tyrant|Thunderbolt|p2a: Gamera
|-supereffective|p2a: Gamera
|-damage|p2a: Gamera|0 fnt
|faint|p2a: Gamera
|
|-weather|Sandstorm|[upkeep]
|upkeep
|
|t:|1781532361
|switch|p2a: Manny|Great Tusk|100/100
|-enditem|p2a: Manny|Booster Energy
|-activate|p2a: Manny|ability: Protosynthesis|[fromitem]
|-start|p2a: Manny|protosynthesisspe
|turn|3
|
|t:|1781532366
|-terastallize|p1a: King Tyrant|Ghost
|move|p2a: Manny|Headlong Rush|p1a: King Tyrant
|-damage|p1a: King Tyrant|21/100
|-unboost|p2a: Manny|def|1
|-unboost|p2a: Manny|spd|1
|move|p1a: King Tyrant|Ice Beam|p2a: Manny
|-supereffective|p2a: Manny
|-damage|p2a: Manny|0 fnt
|faint|p2a: Manny
|-end|p2a: Manny|Protosynthesis|[silent]
|
|-weather|Sandstorm|[upkeep]
|-damage|p1a: King Tyrant|14/100|[from] Sandstorm
|upkeep
|
|t:|1781532371
|switch|p2a: Megaman|Ceruledge, F|100/100
|turn|4
|
|t:|1781532379
|move|p2a: Megaman|Shadow Sneak|p1a: King Tyrant
|-supereffective|p1a: King Tyrant
|-damage|p1a: King Tyrant|0 fnt
|faint|p1a: King Tyrant
|-damage|p2a: Megaman|91/100|[from] item: Life Orb
|
|-weather|Sandstorm|[upkeep]
|-damage|p2a: Megaman|84/100|[from] Sandstorm
|upkeep
|
|t:|1781532386
|switch|p1a: Tyrant's Legacy|Excadrill, M|100/100
|turn|5
|
|t:|1781532390
|move|p2a: Megaman|Shadow Sneak|p1a: Tyrant's Legacy
|-damage|p1a: Tyrant's Legacy|59/100
|-damage|p2a: Megaman|74/100|[from] item: Life Orb
|move|p1a: Tyrant's Legacy|Throat Chop|p2a: Megaman
|-supereffective|p2a: Megaman
|-damage|p2a: Megaman|0 fnt
|faint|p2a: Megaman
|-damage|p1a: Tyrant's Legacy|49/100|[from] item: Life Orb
|
|-weather|none
|upkeep
|
|t:|1781532393
|switch|p2a: Deoxys|Deoxys-Speed|100/100
|-ability|p2a: Deoxys|Pressure
|turn|6
|
|t:|1781532404
|move|p2a: Deoxys|Reflect|p2a: Deoxys
|-sidestart|p2: ykykp|Reflect
|move|p1a: Tyrant's Legacy|Iron Head|p2a: Deoxys
|-damage|p2a: Deoxys|66/100
|-damage|p1a: Tyrant's Legacy|39/100|[from] item: Life Orb
|
|upkeep
|turn|7
|
|t:|1781532411
|switch|p1a: Tyrant's Downpour|Pelipper, F|100/100
|-weather|RainDance|[from] ability: Drizzle|[of] p1a: Tyrant's Downpour
|move|p2a: Deoxys|Light Screen|p2a: Deoxys
|-sidestart|p2: ykykp|move: Light Screen
|
|-weather|RainDance|[upkeep]
|upkeep
|turn|8
|
|t:|1781532418
|switch|p2a: Mecha Chiron|Iron Crown|100/100
|-enditem|p2a: Mecha Chiron|Booster Energy
|-activate|p2a: Mecha Chiron|ability: Quark Drive|[fromitem]
|-start|p2a: Mecha Chiron|quarkdrivespe
|move|p1a: Tyrant's Downpour|Knock Off|p2a: Mecha Chiron
|-supereffective|p2a: Mecha Chiron
|-damage|p2a: Mecha Chiron|92/100
|
|-weather|RainDance|[upkeep]
|upkeep
|turn|9
|
|t:|1781532427
|move|p2a: Mecha Chiron|Calm Mind|p2a: Mecha Chiron
|-boost|p2a: Mecha Chiron|spa|1
|-boost|p2a: Mecha Chiron|spd|1
|move|p1a: Tyrant's Downpour|U-turn|p2a: Mecha Chiron
|-damage|p2a: Mecha Chiron|88/100
|
|t:|1781532433
|switch|p1a: Tyrant's Enforcer|Dragonite, M|100/100|[from] U-turn
|
|-weather|RainDance|[upkeep]
|upkeep
|turn|10
|
|t:|1781532438
|move|p2a: Mecha Chiron|Iron Defense|p2a: Mecha Chiron
|-boost|p2a: Mecha Chiron|def|2
|move|p1a: Tyrant's Enforcer|Earthquake|p2a: Mecha Chiron
|-supereffective|p2a: Mecha Chiron
|-damage|p2a: Mecha Chiron|69/100
|
|-weather|RainDance|[upkeep]
|upkeep
|turn|11
|
|t:|1781532447
|-terastallize|p2a: Mecha Chiron|Fighting
|move|p2a: Mecha Chiron|Calm Mind|p2a: Mecha Chiron
|-boost|p2a: Mecha Chiron|spa|1
|-boost|p2a: Mecha Chiron|spd|1
|move|p1a: Tyrant's Enforcer|Hurricane|p2a: Mecha Chiron
|-supereffective|p2a: Mecha Chiron
|-damage|p2a: Mecha Chiron|46/100
|
|-weather|RainDance|[upkeep]
|upkeep
|turn|12
|
|t:|1781532460
|switch|p1a: Tyrant's Legacy|Excadrill, M|39/100
|move|p2a: Mecha Chiron|Stored Power|p1a: Tyrant's Legacy
|-resisted|p1a: Tyrant's Legacy
|-damage|p1a: Tyrant's Legacy|0 fnt
|faint|p1a: Tyrant's Legacy
|
|-weather|RainDance|[upkeep]
|upkeep
|
|t:|1781532485
|switch|p1a: Tyrant's Enforcer|Dragonite, M|100/100
|turn|13
|
|t:|1781532488
|move|p1a: Tyrant's Enforcer|Extreme Speed|p2a: Mecha Chiron
|-damage|p2a: Mecha Chiron|39/100
|move|p2a: Mecha Chiron|Stored Power|p1a: Tyrant's Enforcer
|-damage|p1a: Tyrant's Enforcer|0 fnt
|faint|p1a: Tyrant's Enforcer
|
|-weather|RainDance|[upkeep]
|-sideend|p2: ykykp|Reflect
|upkeep
|
|t:|1781532507
|switch|p1a: Tyrant's Endgame|Quaquaval, M|100/100
|turn|14
|
|t:|1781532510
|move|p1a: Tyrant's Endgame|Aqua Jet|p2a: Mecha Chiron
|-damage|p2a: Mecha Chiron|20/100
|move|p2a: Mecha Chiron|Stored Power|p1a: Tyrant's Endgame
|-supereffective|p1a: Tyrant's Endgame
|-damage|p1a: Tyrant's Endgame|0 fnt
|faint|p1a: Tyrant's Endgame
|
|-weather|none
|-sideend|p2: ykykp|move: Light Screen
|upkeep
|
|t:|1781532518
|switch|p1a: Tyrant's Downpour|Pelipper, F|100/100
|-weather|RainDance|[from] ability: Drizzle|[of] p1a: Tyrant's Downpour
|turn|15
|
|t:|1781532523
|move|p2a: Mecha Chiron|Stored Power|p1a: Tyrant's Downpour
|-damage|p1a: Tyrant's Downpour|0 fnt
|faint|p1a: Tyrant's Downpour
|
|-weather|RainDance|[upkeep]
|upkeep
|
|t:|1781532529
|switch|p1a: Tyrant's Vengeance|Kingdra, M|100/100
|turn|16
|
|t:|1781532532
|move|p1a: Tyrant's Vengeance|Weather Ball|p2a: Mecha Chiron
|-damage|p2a: Mecha Chiron|0 fnt
|faint|p2a: Mecha Chiron
|-end|p2a: Mecha Chiron|Quark Drive|[silent]
|
|-weather|RainDance|[upkeep]
|upkeep
|
|t:|1781532536
|switch|p2a: Deoxys|Deoxys-Speed|66/100
|-ability|p2a: Deoxys|Pressure
|turn|17
|
|t:|1781532540
|move|p1a: Tyrant's Vengeance|Weather Ball|p2a: Deoxys
|-damage|p2a: Deoxys|0 fnt
|faint|p2a: Deoxys
|
|win|kshuaib734
|raw|kshuaib734's rating: 1627 &rarr; <strong>1643</strong><br />(+16 for winning)
|raw|ykykp's rating: 1564 &rarr; <strong>1548</strong><br />(-16 for losing)
|l|☆kshuaib734
|player|p1|
|l|☆ykykp
|player|p2|
|j|☆ykykp
|player|p2|ykykp|102|
|l|☆ykykp
|player|p2|
