|badge|p2|bronze|gen9ubers|100-9
|uhtml|medal-msg|<div class="broadcast-blue">Curious what those medals under the avatar are? PS now has Ladder Seasons! For more information, check out the <a href="https://www.smogon.com/forums/threads/3740067/">thread on Smogon.</a></div>
|j|☆smokesniper
|j|☆DriftedEx
|t:|1781057614
|gametype|singles
|player|p1|smokesniper|veteran|1642
|player|p2|DriftedEx|rocketgrunt|1636
|gen|9
|tier|[Gen 9] OU
|rated|
|rule|HP Percentage Mod: HP is shown in percentages
|rule|Endless Battle Clause: Forcing endless battles is banned
|rule|Species Clause: Limit one of each Pokémon
|rule|OHKO Clause: OHKO moves are banned
|rule|Evasion Items Clause: Evasion items are banned
|rule|Evasion Moves Clause: Evasion moves are banned
|rule|Evasion Abilities Clause: Evasion abilities are banned
|rule|Sleep Moves Clause: Sleep-inducing moves are banned
|clearpoke
|poke|p1|Decidueye-Hisui, M|
|poke|p1|Slowking-Galar, F|
|poke|p1|Kyurem|
|poke|p1|Cinderace, M|
|poke|p1|Kingambit, F|
|poke|p1|Gliscor, F|
|poke|p2|Dragapult, M|
|poke|p2|Dragonite, F|
|poke|p2|Ting-Lu|
|poke|p2|Weezing-Galar, M|
|poke|p2|Iron Crown|
|poke|p2|Zapdos|
|teampreview
|inactive|Battle timer is ON: inactive players will automatically lose when time's up. (requested by DriftedEx)
|inactive|smokesniper has 120 seconds left.
|j| nepturee
|
|t:|1781057648
|teamsize|p1|6
|teamsize|p2|6
|start
|switch|p1a: Decidueye|Decidueye-Hisui, M|100/100
|switch|p2a: Iron Crown|Iron Crown|100/100
|turn|1
|
|t:|1781057656
|switch|p1a: Slowking|Slowking-Galar, F|100/100
|move|p2a: Iron Crown|Volt Switch|p1a: Slowking
|-damage|p1a: Slowking|79/100
|
|t:|1781057660
|-end|p2a: Iron Crown|Quark Drive|[silent]
|switch|p2a: Dragapult|Dragapult, M|100/100|[from] Volt Switch
|
|upkeep
|turn|2
|
|t:|1781057675
|move|p2a: Dragapult|Will-O-Wisp|p1a: Slowking|[miss]
|-miss|p2a: Dragapult|p1a: Slowking
|move|p1a: Slowking|Thunder Wave|p2a: Dragapult
|-status|p2a: Dragapult|par
|
|upkeep
|turn|3
|
|t:|1781057688
|switch|p1a: Cinderace|Cinderace, M|100/100
|move|p2a: Dragapult|Dragon Darts|p1a: Cinderace
|-damage|p1a: Cinderace|73/100
|-anim|p2a: Dragapult|Dragon Darts|p1a: Cinderace
|-damage|p1a: Cinderace|48/100
|
|upkeep
|turn|4
|
|t:|1781057694
|move|p1a: Cinderace|U-turn|p2a: Dragapult
|-resisted|p2a: Dragapult
|-damage|p2a: Dragapult|87/100 par
|-start|p1a: Cinderace|Disable|U-turn|[from] ability: Cursed Body|[of] p2a: Dragapult
|
|t:|1781057698
|switch|p1a: Gliscor|Gliscor, F|100/100|[from] U-turn
|move|p2a: Dragapult|Will-O-Wisp|p1a: Gliscor|[miss]
|-miss|p2a: Dragapult|p1a: Gliscor
|
|-status|p1a: Gliscor|tox|[from] item: Toxic Orb
|upkeep
|turn|5
|c|☆smokesniper|mb
|inactive|smokesniper has 120 seconds left.
|
|t:|1781057730
|-terastallize|p1a: Gliscor|Water
|move|p1a: Gliscor|Knock Off|p2a: Dragapult
|-supereffective|p2a: Dragapult
|-crit|p2a: Dragapult
|-damage|p2a: Dragapult|0 fnt
|-enditem|p2a: Dragapult|Heavy-Duty Boots|[from] move: Knock Off|[of] p1a: Gliscor
|faint|p2a: Dragapult
|
|upkeep
|
|t:|1781057735
|switch|p2a: Zapdos|Zapdos|100/100
|turn|6
|
|t:|1781057739
|switch|p1a: Slowking|Slowking-Galar, F|100/100
|move|p2a: Zapdos|Volt Switch|p1a: Slowking
|-damage|p1a: Slowking|80/100
|
|t:|1781057746
|switch|p2a: Dragonite|Dragonite, F|100/100|[from] Volt Switch
|
|upkeep
|turn|7
|
|t:|1781057752
|switch|p1a: Gliscor|Gliscor, F, tera:Water|100/100 tox
|move|p2a: Dragonite|Dragon Dance|p2a: Dragonite
|-boost|p2a: Dragonite|atk|1
|-boost|p2a: Dragonite|spe|1
|
|upkeep
|turn|8
|
|t:|1781057759
|switch|p2a: Weezing|Weezing-Galar, M|100/100
|-ability|p2a: Weezing|Neutralizing Gas
|move|p1a: Gliscor|Toxic|p2a: Weezing
|-immune|p2a: Weezing
|
|-damage|p1a: Gliscor|88/100 tox|[from] psn
|upkeep
|turn|9
|
|t:|1781057768
|switch|p1a: Slowking|Slowking-Galar, F|100/100
|move|p2a: Weezing|Toxic Spikes|p1a: Slowking
|-sidestart|p1: smokesniper|move: Toxic Spikes
|
|upkeep
|turn|10
|
|t:|1781057776
|move|p2a: Weezing|Will-O-Wisp|p1a: Slowking
|-status|p1a: Slowking|brn
|move|p1a: Slowking|Future Sight|p2a: Weezing
|-start|p1a: Slowking|move: Future Sight
|
|-damage|p1a: Slowking|94/100 brn|[from] brn
|upkeep
|turn|11
|
|t:|1781057783
|-end|p2a: Weezing|ability: Neutralizing Gas
|switch|p2a: Ting-Lu|Ting-Lu|100/100
|-ability|p2a: Ting-Lu|Vessel of Ruin
|-prepare|p1a: Slowking|Chilly Reception|[premajor]
|move|p1a: Slowking|Chilly Reception|p1a: Slowking
|-weather|Snowscape
|
|t:|1781057790
|switch|p1a: Decidueye|Decidueye-Hisui, M|100/100|[from] Chilly Reception
|
|-weather|Snowscape|[upkeep]
|upkeep
|turn|12
|
|t:|1781057796
|switch|p2a: Zapdos|Zapdos|100/100
|move|p1a: Decidueye|Triple Arrows|p2a: Zapdos
|-resisted|p2a: Zapdos
|-damage|p2a: Zapdos|82/100
|
|-weather|Snowscape|[upkeep]
|-end|p2a: Zapdos|move: Future Sight
|-damage|p2a: Zapdos|35/100
|upkeep
|turn|13
|
|t:|1781057813
|switch|p1a: Slowking|Slowking-Galar, F|100/100 brn
|-sideend|p1: smokesniper|move: Toxic Spikes|[of] p1a: Slowking
|move|p2a: Zapdos|Hurricane|p1a: Slowking
|-damage|p1a: Slowking|68/100 brn
|-start|p1a: Slowking|confusion
|
|-weather|Snowscape|[upkeep]
|-damage|p1a: Slowking|62/100 brn|[from] brn
|upkeep
|turn|14
|
|t:|1781057828
|move|p2a: Zapdos|Roost|p2a: Zapdos
|-heal|p2a: Zapdos|85/100
|-singleturn|p2a: Zapdos|move: Roost
|-prepare|p1a: Slowking|Chilly Reception|[premajor]
|-activate|p1a: Slowking|confusion
|move|p1a: Slowking|Chilly Reception|p1a: Slowking
|
|t:|1781057832
|switch|p1a: Kyurem|Kyurem|100/100|[from] Chilly Reception
|-ability|p1a: Kyurem|Pressure
|
|-weather|Snowscape|[upkeep]
|upkeep
|turn|15
|
|t:|1781057842
|move|p2a: Zapdos|Volt Switch|p1a: Kyurem
|-resisted|p1a: Kyurem
|-damage|p1a: Kyurem|83/100
|
|t:|1781057845
|switch|p2a: Iron Crown|Iron Crown|100/100|[from] Volt Switch
|move|p1a: Kyurem|Blizzard|p2a: Iron Crown
|-resisted|p2a: Iron Crown
|-damage|p2a: Iron Crown|55/100
|
|-weather|none
|upkeep
|turn|16
|inactive|smokesniper has 120 seconds left.
|
|t:|1781057893
|switch|p1a: Slowking|Slowking-Galar, F|95/100 brn
|move|p2a: Iron Crown|Volt Switch|p1a: Slowking
|-damage|p1a: Slowking|75/100 brn
|
|t:|1781057896
|-end|p2a: Iron Crown|Quark Drive|[silent]
|switch|p2a: Dragonite|Dragonite, F|100/100|[from] Volt Switch
|
|-damage|p1a: Slowking|69/100 brn|[from] brn
|upkeep
|turn|17
|
|t:|1781057899
|switch|p1a: Gliscor|Gliscor, F, tera:Water|88/100 tox
|move|p2a: Dragonite|Dragon Dance|p2a: Dragonite
|-boost|p2a: Dragonite|atk|1
|-boost|p2a: Dragonite|spe|1
|
|-heal|p1a: Gliscor|100/100 tox|[from] ability: Poison Heal
|upkeep
|turn|18
|
|t:|1781057909
|move|p2a: Dragonite|Dragon Dance|p2a: Dragonite
|-boost|p2a: Dragonite|atk|1
|-boost|p2a: Dragonite|spe|1
|move|p1a: Gliscor|Knock Off|p2a: Dragonite
|-damage|p2a: Dragonite|90/100
|-enditem|p2a: Dragonite|Heavy-Duty Boots|[from] move: Knock Off|[of] p1a: Gliscor
|
|upkeep
|turn|19
|
|t:|1781057914
|-terastallize|p2a: Dragonite|Normal
|move|p2a: Dragonite|Extreme Speed|p1a: Gliscor
|-damage|p1a: Gliscor|44/100 tox
|move|p1a: Gliscor|Toxic|p2a: Dragonite
|-status|p2a: Dragonite|tox
|
|-damage|p2a: Dragonite|84/100 tox|[from] psn
|-heal|p1a: Gliscor|57/100 tox|[from] ability: Poison Heal
|upkeep
|turn|20
|
|t:|1781057927
|move|p1a: Gliscor|Protect|p1a: Gliscor
|-singleturn|p1a: Gliscor|Protect
|move|p2a: Dragonite|Dragon Dance|p2a: Dragonite
|-boost|p2a: Dragonite|atk|1
|-boost|p2a: Dragonite|spe|1
|
|-damage|p2a: Dragonite|72/100 tox|[from] psn
|-heal|p1a: Gliscor|69/100 tox|[from] ability: Poison Heal
|upkeep
|turn|21
|
|t:|1781057949
|switch|p1a: Decidueye|Decidueye-Hisui, M|100/100
|move|p2a: Dragonite|Extreme Speed|p1a: Decidueye
|-damage|p1a: Decidueye|0 fnt
|faint|p1a: Decidueye
|
|-damage|p2a: Dragonite|54/100 tox|[from] psn
|upkeep
|inactive|smokesniper has 120 seconds left.
|
|t:|1781057970
|switch|p1a: Kingambit|Kingambit, F|100/100
|-activate|p1a: Kingambit|ability: Supreme Overlord
|-start|p1a: Kingambit|fallen1|[silent]
|turn|22
|
|t:|1781057973
|move|p1a: Kingambit|Sucker Punch||[still]
|-fail|p1a: Kingambit
|move|p2a: Dragonite|Roost|p2a: Dragonite
|-heal|p2a: Dragonite|100/100 tox
|
|-damage|p2a: Dragonite|76/100 tox|[from] psn
|upkeep
|turn|23
|
|t:|1781057979
|move|p1a: Kingambit|Sucker Punch|p2a: Dragonite
|-damage|p2a: Dragonite|26/100 tox
|move|p2a: Dragonite|Earthquake|p1a: Kingambit
|-supereffective|p1a: Kingambit
|-damage|p1a: Kingambit|0 fnt
|faint|p1a: Kingambit
|-end|p1a: Kingambit|fallen1|[silent]
|
|-damage|p2a: Dragonite|0 fnt|[from] psn
|faint|p2a: Dragonite
|upkeep
|inactive|smokesniper has 120 seconds left.
|
|t:|1781057993
|switch|p2a: Zapdos|Zapdos|85/100
|switch|p1a: Cinderace|Cinderace, M|48/100
|turn|24
|
|t:|1781057998
|switch|p1a: Slowking|Slowking-Galar, F|100/100 brn
|move|p2a: Zapdos|Hurricane|p1a: Slowking
|-damage|p1a: Slowking|67/100 brn
|-start|p1a: Slowking|confusion
|
|-damage|p1a: Slowking|61/100 brn|[from] brn
|upkeep
|turn|25
|
|t:|1781058006
|move|p2a: Zapdos|Volt Switch|p1a: Slowking
|-damage|p1a: Slowking|40/100 brn
|
|t:|1781058021
|switch|p2a: Ting-Lu|Ting-Lu|100/100|[from] Volt Switch
|-ability|p2a: Ting-Lu|Vessel of Ruin
|-prepare|p1a: Slowking|Chilly Reception|[premajor]
|-activate|p1a: Slowking|confusion
|move|p1a: Slowking|Chilly Reception|p1a: Slowking
|-weather|Snowscape
|
|t:|1781058023
|switch|p1a: Kyurem|Kyurem|83/100|[from] Chilly Reception
|-ability|p1a: Kyurem|Pressure
|
|-weather|Snowscape|[upkeep]
|upkeep
|turn|26
|
|t:|1781058034
|move|p1a: Kyurem|Blizzard|p2a: Ting-Lu
|-supereffective|p2a: Ting-Lu
|-damage|p2a: Ting-Lu|23/100
|move|p2a: Ting-Lu|Stealth Rock|p1a: Kyurem
|-sidestart|p1: smokesniper|move: Stealth Rock
|
|-weather|Snowscape|[upkeep]
|-heal|p2a: Ting-Lu|29/100|[from] item: Leftovers
|upkeep
|turn|27
|
|t:|1781058049
|switch|p2a: Weezing|Weezing-Galar, M|100/100
|-ability|p2a: Weezing|Neutralizing Gas
|move|p1a: Kyurem|Blizzard|p2a: Weezing
|-damage|p2a: Weezing|0 fnt
|faint|p2a: Weezing
|-end|p2a: Weezing|ability: Neutralizing Gas
|-ability|p1a: Kyurem|Pressure
|
|-weather|Snowscape|[upkeep]
|upkeep
|
|t:|1781058052
|switch|p2a: Iron Crown|Iron Crown|55/100
|turn|28
|inactive|smokesniper has 120 seconds left.
|
|t:|1781058092
|switch|p1a: Gliscor|Gliscor, F, tera:Water|69/100 tox
|-damage|p1a: Gliscor|57/100 tox|[from] Stealth Rock
|move|p2a: Iron Crown|Psyshock|p1a: Gliscor
|-damage|p1a: Gliscor|21/100 tox
|
|-weather|Snowscape|[upkeep]
|-heal|p1a: Gliscor|33/100 tox|[from] ability: Poison Heal
|upkeep
|turn|29
|
|t:|1781058101
|-end|p2a: Iron Crown|Quark Drive|[silent]
|switch|p2a: Zapdos|Zapdos|85/100
|move|p1a: Gliscor|Protect||[still]
|-fail|p1a: Gliscor
|
|-weather|none
|-heal|p1a: Gliscor|46/100 tox|[from] ability: Poison Heal
|upkeep
|turn|30
|inactive|smokesniper has 120 seconds left.
|
|t:|1781058110
|switch|p1a: Slowking|Slowking-Galar, F|73/100 brn
|move|p2a: Zapdos|Volt Switch|p1a: Slowking
|-damage|p1a: Slowking|53/100 brn
|
|t:|1781058112
|switch|p2a: Iron Crown|Iron Crown|55/100|[from] Volt Switch
|
|-damage|p1a: Slowking|47/100 brn|[from] brn
|upkeep
|turn|31
|inactive|smokesniper has 120 seconds left.
|
|t:|1781058128
|move|p2a: Iron Crown|Psyshock|p1a: Slowking
|-damage|p1a: Slowking|0 fnt
|faint|p1a: Slowking
|
|upkeep
|
|t:|1781058130
|switch|p1a: Cinderace|Cinderace, M|48/100
|turn|32
|
|t:|1781058135
|-end|p2a: Iron Crown|Quark Drive|[silent]
|switch|p2a: Ting-Lu|Ting-Lu|29/100
|-ability|p2a: Ting-Lu|Vessel of Ruin
|move|p1a: Cinderace|Pyro Ball|p2a: Ting-Lu
|-damage|p2a: Ting-Lu|4/100
|-status|p2a: Ting-Lu|brn
|
|-heal|p2a: Ting-Lu|10/100 brn|[from] item: Leftovers
|-damage|p2a: Ting-Lu|4/100 brn|[from] brn
|upkeep
|turn|33
|
|t:|1781058145
|switch|p1a: Gliscor|Gliscor, F, tera:Water|46/100 tox
|-damage|p1a: Gliscor|33/100 tox|[from] Stealth Rock
|move|p2a: Ting-Lu|Rest|p2a: Ting-Lu
|-status|p2a: Ting-Lu|slp|[from] move: Rest
|-heal|p2a: Ting-Lu|100/100 slp|[silent]
|
|-heal|p1a: Gliscor|46/100 tox|[from] ability: Poison Heal
|upkeep
|turn|34
|
|t:|1781058155
|switch|p2a: Zapdos|Zapdos|85/100
|move|p1a: Gliscor|Knock Off|p2a: Zapdos
|-damage|p2a: Zapdos|58/100
|-enditem|p2a: Zapdos|Heavy-Duty Boots|[from] move: Knock Off|[of] p1a: Gliscor
|
|-heal|p1a: Gliscor|58/100 tox|[from] ability: Poison Heal
|upkeep
|turn|35
|
|t:|1781058160
|move|p1a: Gliscor|Protect|p1a: Gliscor
|-singleturn|p1a: Gliscor|Protect
|move|p2a: Zapdos|Roost|p2a: Zapdos
|-heal|p2a: Zapdos|100/100
|-singleturn|p2a: Zapdos|move: Roost
|
|-heal|p1a: Gliscor|71/100 tox|[from] ability: Poison Heal
|upkeep
|turn|36
|inactive|smokesniper has 120 seconds left.
|
|t:|1781058192
|move|p2a: Zapdos|Volt Switch|p1a: Gliscor
|-supereffective|p1a: Gliscor
|-damage|p1a: Gliscor|0 fnt
|faint|p1a: Gliscor
|
|t:|1781058196
|switch|p2a: Iron Crown|Iron Crown|55/100|[from] Volt Switch
|
|upkeep
|
|t:|1781058198
|switch|p1a: Cinderace|Cinderace, M|48/100
|turn|37
|
|t:|1781058201
|-end|p2a: Iron Crown|Quark Drive|[silent]
|switch|p2a: Ting-Lu|Ting-Lu|100/100 slp
|-ability|p2a: Ting-Lu|Vessel of Ruin
|move|p1a: Cinderace|Pyro Ball|p2a: Ting-Lu
|-damage|p2a: Ting-Lu|73/100 slp
|
|-heal|p2a: Ting-Lu|80/100 slp|[from] item: Leftovers
|upkeep
|turn|38
|
|t:|1781058205
|switch|p2a: Zapdos|Zapdos|100/100
|move|p1a: Cinderace|Court Change|p1a: Cinderace
|-swapsideconditions
|-activate|p1a: Cinderace|move: Court Change
|
|upkeep
|turn|39
|
|t:|1781058223
|move|p1a: Cinderace|Pyro Ball|p2a: Zapdos
|-damage|p2a: Zapdos|47/100
|move|p2a: Zapdos|Volt Switch|p1a: Cinderace
|-damage|p1a: Cinderace|4/100
|
|t:|1781058227
|switch|p2a: Ting-Lu|Ting-Lu|80/100 slp|[from] Volt Switch
|-damage|p2a: Ting-Lu|73/100 slp|[from] Stealth Rock
|-ability|p2a: Ting-Lu|Vessel of Ruin
|
|-heal|p2a: Ting-Lu|80/100 slp|[from] item: Leftovers
|upkeep
|turn|40
|
|t:|1781058231
|move|p1a: Cinderace|U-turn|p2a: Ting-Lu
|-supereffective|p2a: Ting-Lu
|-damage|p2a: Ting-Lu|59/100 slp
|
|t:|1781058233
|switch|p1a: Kyurem|Kyurem|83/100|[from] U-turn
|-ability|p1a: Kyurem|Pressure
|cant|p2a: Ting-Lu|slp
|
|-heal|p2a: Ting-Lu|65/100 slp|[from] item: Leftovers
|upkeep
|turn|41
|
|t:|1781058251
|switch|p2a: Zapdos|Zapdos|47/100
|-damage|p2a: Zapdos|22/100|[from] Stealth Rock
|move|p1a: Kyurem|Blizzard|p2a: Zapdos
|-supereffective|p2a: Zapdos
|-damage|p2a: Zapdos|0 fnt
|faint|p2a: Zapdos
|
|upkeep
|
|t:|1781058254
|switch|p2a: Iron Crown|Iron Crown|55/100
|-damage|p2a: Iron Crown|48/100|[from] Stealth Rock
|turn|42
|
|t:|1781058266
|move|p2a: Iron Crown|Tachyon Cutter|p1a: Kyurem
|-supereffective|p1a: Kyurem
|-damage|p1a: Kyurem|16/100
|-supereffective|p1a: Kyurem
|-damage|p1a: Kyurem|0 fnt
|faint|p1a: Kyurem
|-hitcount|p1: Kyurem|2
|
|upkeep
|
|t:|1781058267
|switch|p1a: Cinderace|Cinderace, M|4/100
|turn|43
|
|t:|1781058282
|move|p1a: Cinderace|Pyro Ball|p2a: Iron Crown
|-supereffective|p2a: Iron Crown
|-damage|p2a: Iron Crown|0 fnt
|faint|p2a: Iron Crown
|-end|p2a: Iron Crown|Quark Drive|[silent]
|
|upkeep
|
|t:|1781058283
|switch|p2a: Ting-Lu|Ting-Lu|65/100 slp
|-damage|p2a: Ting-Lu|59/100 slp|[from] Stealth Rock
|-ability|p2a: Ting-Lu|Vessel of Ruin
|turn|44
|
|t:|1781058285
|move|p1a: Cinderace|Pyro Ball|p2a: Ting-Lu
|-damage|p2a: Ting-Lu|18/100 slp
|cant|p2a: Ting-Lu|slp
|
|-heal|p2a: Ting-Lu|24/100 slp|[from] item: Leftovers
|upkeep
|turn|45
|
|t:|1781058295
|move|p1a: Cinderace|Pyro Ball|p2a: Ting-Lu
|-damage|p2a: Ting-Lu|0 fnt
|faint|p2a: Ting-Lu
|
|win|smokesniper
|raw|smokesniper's rating: 1642 &rarr; <strong>1662</strong><br />(+20 for winning)
|raw|DriftedEx's rating: 1636 &rarr; <strong>1616</strong><br />(-20 for losing)
|c|☆smokesniper|gg
|l|☆DriftedEx
|player|p2|
|l|☆smokesniper
|player|p1|
