|j|☆bakerdrill
|j|☆oldgensbetter
|t:|1781231703
|gametype|singles
|player|p1|bakerdrill|102|1546
|player|p2|oldgensbetter|unknownf|1559
|gen|9
|tier|[Gen 9] OU
|rated|
|rule|HP Percentage Mod: HP is shown in percentages
|rule|Endless Battle Clause: Forcing endless battles is banned
|rule|Species Clause: Limit one of each Pokémon
|rule|OHKO Clause: OHKO moves are banned
|rule|Evasion Items Clause: Evasion items are banned
|rule|Evasion Moves Clause: Evasion moves are banned
|rule|Evasion Abilities Clause: Evasion abilities are banned
|rule|Sleep Moves Clause: Sleep-inducing moves are banned
|clearpoke
|poke|p1|Slowking-Galar, F|
|poke|p1|Cetitan, M|
|poke|p1|Dragapult, F|
|poke|p1|Great Tusk|
|poke|p1|Moltres|
|poke|p1|Samurott-Hisui, F|
|poke|p2|Samurott-Hisui, F|
|poke|p2|Zapdos|
|poke|p2|Iron Treads|
|poke|p2|Ceruledge, M|
|poke|p2|Gholdengo|
|poke|p2|Kingambit, M|
|teampreview
|inactive|Battle timer is ON: inactive players will automatically lose when time's up. (requested by bakerdrill)
|
|t:|1781231726
|teamsize|p1|6
|teamsize|p2|6
|start
|switch|p1a: Samurott|Samurott-Hisui, F|100/100
|switch|p2a: Zapdos|Zapdos|100/100
|turn|1
|
|t:|1781231736
|switch|p1a: Slowking|Slowking-Galar, F|100/100
|move|p2a: Zapdos|Thunder Wave|p1a: Slowking
|-status|p1a: Slowking|par
|
|upkeep
|turn|2
|
|t:|1781231741
|move|p2a: Zapdos|Volt Switch|p1a: Slowking
|-damage|p1a: Slowking|84/100 par
|
|t:|1781231745
|switch|p2a: Samurott|Samurott-Hisui, F|100/100|[from] Volt Switch
|-prepare|p1a: Slowking|Chilly Reception|[premajor]
|move|p1a: Slowking|Chilly Reception|p1a: Slowking
|-weather|Snowscape
|
|t:|1781231756
|switch|p1a: Great Tusk|Great Tusk|100/100|[from] Chilly Reception
|
|-weather|Snowscape|[upkeep]
|upkeep
|turn|3
|
|t:|1781231762
|switch|p2a: Zapdos|Zapdos|100/100
|move|p1a: Great Tusk|Stealth Rock|p2a: Zapdos
|-sidestart|p2: oldgensbetter|move: Stealth Rock
|
|-weather|Snowscape|[upkeep]
|upkeep
|turn|4
|
|t:|1781231767
|-end|p1a: Great Tusk|Protosynthesis|[silent]
|switch|p1a: Slowking|Slowking-Galar, F|100/100 par
|move|p2a: Zapdos|Volt Switch|p1a: Slowking
|-damage|p1a: Slowking|84/100 par
|
|t:|1781231780
|switch|p2a: Ceruledge|Ceruledge, M|100/100|[from] Volt Switch
|
|-weather|Snowscape|[upkeep]
|upkeep
|turn|5
|
|t:|1781231791
|switch|p1a: Samurott|Samurott-Hisui, F|100/100
|move|p2a: Ceruledge|Poltergeist|p1a: Samurott|[miss]
|-miss|p2a: Ceruledge|p1a: Samurott
|
|-weather|Snowscape|[upkeep]
|upkeep
|turn|6
|
|t:|1781231799
|switch|p2a: Zapdos|Zapdos|100/100
|move|p1a: Samurott|Aqua Cutter|p2a: Zapdos
|-crit|p2a: Zapdos
|-damage|p2a: Zapdos|48/100
|
|-weather|Snowscape|[upkeep]
|upkeep
|turn|7
|
|t:|1781231811
|switch|p1a: Great Tusk|Great Tusk|100/100
|move|p2a: Zapdos|Roost|p2a: Zapdos
|-heal|p2a: Zapdos|98/100
|-singleturn|p2a: Zapdos|move: Roost
|
|-weather|Snowscape|[upkeep]
|upkeep
|turn|8
|
|t:|1781231825
|move|p1a: Great Tusk|Knock Off|p2a: Zapdos
|-damage|p2a: Zapdos|74/100
|-status|p1a: Great Tusk|par|[from] ability: Static|[of] p2a: Zapdos
|-enditem|p2a: Zapdos|Heavy-Duty Boots|[from] move: Knock Off|[of] p1a: Great Tusk
|move|p2a: Zapdos|Hurricane|p1a: Great Tusk
|-supereffective|p1a: Great Tusk
|-damage|p1a: Great Tusk|0 fnt
|faint|p1a: Great Tusk
|-end|p1a: Great Tusk|Protosynthesis|[silent]
|
|-weather|Snowscape|[upkeep]
|upkeep
|inactive|bakerdrill has 120 seconds left.
|
|t:|1781231856
|switch|p1a: Dragapult|Dragapult, F|100/100
|turn|9
|
|t:|1781231861
|switch|p2a: Samurott|Samurott-Hisui, F|100/100
|-damage|p2a: Samurott|88/100|[from] Stealth Rock
|move|p1a: Dragapult|Substitute|p1a: Dragapult
|-start|p1a: Dragapult|Substitute
|-damage|p1a: Dragapult|76/100
|
|-weather|none
|upkeep
|turn|10
|
|t:|1781231866
|move|p1a: Dragapult|Dragon Darts|p2a: Samurott
|-damage|p2a: Samurott|61/100
|-anim|p1a: Dragapult|Dragon Darts|p2a: Samurott
|-damage|p2a: Samurott|31/100
|move|p2a: Samurott|Ceaseless Edge|p1a: Dragapult
|-supereffective|p1a: Dragapult
|-end|p1a: Dragapult|Substitute
|-sidestart|p1: bakerdrill|Spikes
|
|upkeep
|turn|11
|
|t:|1781231876
|switch|p2a: Kingambit|Kingambit, M|100/100
|-damage|p2a: Kingambit|94/100|[from] Stealth Rock
|move|p1a: Dragapult|Substitute|p1a: Dragapult
|-start|p1a: Dragapult|Substitute
|-damage|p1a: Dragapult|51/100
|
|-heal|p2a: Kingambit|100/100|[from] item: Leftovers
|upkeep
|turn|12
|
|t:|1781231880
|move|p1a: Dragapult|Dragon Darts|p2a: Kingambit
|-resisted|p2a: Kingambit
|-damage|p2a: Kingambit|88/100
|-anim|p1a: Dragapult|Dragon Darts|p2a: Kingambit
|-resisted|p2a: Kingambit
|-damage|p2a: Kingambit|76/100
|move|p2a: Kingambit|Iron Head|p1a: Dragapult
|-end|p1a: Dragapult|Substitute
|
|-heal|p2a: Kingambit|82/100|[from] item: Leftovers
|upkeep
|turn|13
|
|t:|1781231888
|switch|p1a: Moltres|Moltres|100/100
|move|p2a: Kingambit|Swords Dance|p2a: Kingambit
|-boost|p2a: Kingambit|atk|2
|
|-heal|p2a: Kingambit|88/100|[from] item: Leftovers
|upkeep
|turn|14
|
|t:|1781231896
|-end|p2a: Kingambit|fallenundefined|[silent]
|switch|p2a: Samurott|Samurott-Hisui, F|31/100
|-damage|p2a: Samurott|19/100|[from] Stealth Rock
|move|p1a: Moltres|Flamethrower|p2a: Samurott
|-resisted|p2a: Samurott
|-damage|p2a: Samurott|3/100
|
|upkeep
|turn|15
|
|t:|1781231912
|move|p1a: Moltres|U-turn|p2a: Samurott
|-supereffective|p2a: Samurott
|-damage|p2a: Samurott|0 fnt
|faint|p2a: Samurott
|
|t:|1781231929
|switch|p1a: Samurott|Samurott-Hisui, F|100/100|[from] U-turn
|-damage|p1a: Samurott|88/100|[from] Spikes
|
|upkeep
|
|t:|1781231933
|switch|p2a: Zapdos|Zapdos|74/100
|-damage|p2a: Zapdos|49/100|[from] Stealth Rock
|turn|16
|
|t:|1781231938
|move|p2a: Zapdos|Roost|p2a: Zapdos
|-heal|p2a: Zapdos|99/100
|-singleturn|p2a: Zapdos|move: Roost
|move|p1a: Samurott|Ceaseless Edge|p2a: Zapdos|[miss]
|-miss|p1a: Samurott|p2a: Zapdos
|
|upkeep
|turn|17
|
|t:|1781231958
|switch|p1a: Slowking|Slowking-Galar, F|100/100 par
|-damage|p1a: Slowking|88/100 par|[from] Spikes
|move|p2a: Zapdos|Volt Switch|p1a: Slowking
|-damage|p1a: Slowking|71/100 par
|
|t:|1781231970
|switch|p2a: Iron Treads|Iron Treads|100/100|[from] Volt Switch
|-damage|p2a: Iron Treads|97/100|[from] Stealth Rock
|
|-heal|p2a: Iron Treads|100/100|[from] item: Leftovers
|upkeep
|turn|18
|
|t:|1781231974
|switch|p1a: Dragapult|Dragapult, F|51/100
|-damage|p1a: Dragapult|38/100|[from] Spikes
|move|p2a: Iron Treads|Stealth Rock|p1a: Dragapult
|-sidestart|p1: bakerdrill|move: Stealth Rock
|
|upkeep
|turn|19
|
|t:|1781231988
|move|p1a: Dragapult|Phantom Force||[still]
|-prepare|p1a: Dragapult|Phantom Force
|move|p2a: Iron Treads|Earthquake|p1a: Dragapult|[miss]
|-miss|p2a: Iron Treads|p1a: Dragapult
|
|upkeep
|turn|20
|
|t:|1781231996
|move|p1a: Dragapult|Phantom Force|p2a: Iron Treads|[from] lockedmove
|-damage|p2a: Iron Treads|49/100
|move|p2a: Iron Treads|Earthquake|p1a: Dragapult
|-damage|p1a: Dragapult|0 fnt
|faint|p1a: Dragapult
|
|-heal|p2a: Iron Treads|55/100|[from] item: Leftovers
|upkeep
|
|t:|1781232008
|switch|p1a: Moltres|Moltres|100/100
|turn|21
|
|t:|1781232020
|move|p2a: Iron Treads|Knock Off|p1a: Moltres
|-damage|p1a: Moltres|73/100
|-enditem|p1a: Moltres|Heavy-Duty Boots|[from] move: Knock Off|[of] p2a: Iron Treads
|move|p1a: Moltres|Flamethrower|p2a: Iron Treads
|-supereffective|p2a: Iron Treads
|-damage|p2a: Iron Treads|0 fnt
|faint|p2a: Iron Treads
|-end|p2a: Iron Treads|Quark Drive|[silent]
|
|upkeep
|
|t:|1781232028
|switch|p2a: Zapdos|Zapdos|99/100
|-damage|p2a: Zapdos|74/100|[from] Stealth Rock
|turn|22
|
|t:|1781232053
|-terastallize|p1a: Moltres|Grass
|move|p2a: Zapdos|Volt Switch|p1a: Moltres
|-resisted|p1a: Moltres
|-damage|p1a: Moltres|59/100
|
|t:|1781232073
|switch|p2a: Ceruledge|Ceruledge, M|100/100|[from] Volt Switch
|move|p1a: Moltres|Flamethrower|p2a: Ceruledge
|-resisted|p2a: Ceruledge
|-damage|p2a: Ceruledge|78/100
|
|upkeep
|turn|23
|
|t:|1781232090
|switch|p1a: Samurott|Samurott-Hisui, F|88/100
|-damage|p1a: Samurott|76/100|[from] Spikes
|-damage|p1a: Samurott|63/100|[from] Stealth Rock
|move|p2a: Ceruledge|Poltergeist|p1a: Samurott
|-activate|p1a: Samurott|move: Poltergeist|Scope Lens
|-resisted|p1a: Samurott
|-damage|p1a: Samurott|32/100
|
|upkeep
|turn|24
|
|t:|1781232101
|switch|p2a: Zapdos|Zapdos|74/100
|-damage|p2a: Zapdos|49/100|[from] Stealth Rock
|move|p1a: Samurott|Aqua Cutter|p2a: Zapdos
|-crit|p2a: Zapdos
|-damage|p2a: Zapdos|0 fnt
|faint|p2a: Zapdos
|
|upkeep
|
|t:|1781232109
|switch|p2a: Kingambit|Kingambit, M|88/100
|-damage|p2a: Kingambit|82/100|[from] Stealth Rock
|-activate|p2a: Kingambit|ability: Supreme Overlord
|-start|p2a: Kingambit|fallen3|[silent]
|turn|25
|
|t:|1781232117
|move|p1a: Samurott|Aqua Cutter|p2a: Kingambit
|-crit|p2a: Kingambit
|-damage|p2a: Kingambit|13/100
|move|p2a: Kingambit|Swords Dance|p2a: Kingambit
|-boost|p2a: Kingambit|atk|2
|
|-heal|p2a: Kingambit|19/100|[from] item: Leftovers
|upkeep
|turn|26
|
|t:|1781232122
|move|p2a: Kingambit|Sucker Punch||[still]
|-fail|p2a: Kingambit
|move|p1a: Samurott|Encore|p2a: Kingambit
|-start|p2a: Kingambit|Encore
|
|-heal|p2a: Kingambit|25/100|[from] item: Leftovers
|upkeep
|turn|27
|
|t:|1781232135
|move|p2a: Kingambit|Sucker Punch||[still]
|-fail|p2a: Kingambit
|move|p1a: Samurott|Swords Dance|p1a: Samurott
|-boost|p1a: Samurott|atk|2
|
|-heal|p2a: Kingambit|31/100|[from] item: Leftovers
|upkeep
|turn|28
|
|t:|1781232143
|-end|p2a: Kingambit|fallen3|[silent]
|switch|p2a: Gholdengo|Gholdengo|100/100
|-damage|p2a: Gholdengo|94/100|[from] Stealth Rock
|-item|p2a: Gholdengo|Air Balloon
|move|p1a: Samurott|Swords Dance|p1a: Samurott
|-boost|p1a: Samurott|atk|2
|
|upkeep
|turn|29
|
|t:|1781232147
|move|p2a: Gholdengo|Focus Blast|p1a: Samurott
|-supereffective|p1a: Samurott
|-damage|p1a: Samurott|0 fnt
|faint|p1a: Samurott
|
|upkeep
|
|t:|1781232156
|switch|p1a: Slowking|Slowking-Galar, F|100/100 par
|-damage|p1a: Slowking|88/100 par|[from] Spikes
|-damage|p1a: Slowking|76/100 par|[from] Stealth Rock
|turn|30
|
|t:|1781232176
|switch|p2a: Ceruledge|Ceruledge, M|78/100
|-prepare|p1a: Slowking|Chilly Reception|[premajor]
|move|p1a: Slowking|Chilly Reception|p1a: Slowking
|-weather|Snowscape
|
|t:|1781232195
|switch|p1a: Cetitan|Cetitan, M|100/100|[from] Chilly Reception
|-damage|p1a: Cetitan|88/100|[from] Spikes
|-damage|p1a: Cetitan|63/100|[from] Stealth Rock
|
|-weather|Snowscape|[upkeep]
|upkeep
|turn|31
|
|t:|1781232209
|switch|p2a: Gholdengo|Gholdengo|94/100
|-damage|p2a: Gholdengo|88/100|[from] Stealth Rock
|-item|p2a: Gholdengo|Air Balloon
|move|p1a: Cetitan|Earthquake|p2a: Gholdengo
|-immune|p2a: Gholdengo
|
|-weather|Snowscape|[upkeep]
|upkeep
|turn|32
|inactive|oldgensbetter has 120 seconds left.
|
|t:|1781232241
|move|p1a: Cetitan|Ice Spinner|p2a: Gholdengo
|-resisted|p2a: Gholdengo
|-damage|p2a: Gholdengo|74/100
|-enditem|p2a: Gholdengo|Air Balloon
|move|p2a: Gholdengo|Thunder Wave|p1a: Cetitan
|-status|p1a: Cetitan|par
|
|-weather|Snowscape|[upkeep]
|upkeep
|turn|33
|
|t:|1781232248
|cant|p1a: Cetitan|par
|move|p2a: Gholdengo|Focus Blast|p1a: Cetitan
|-supereffective|p1a: Cetitan
|-damage|p1a: Cetitan|0 fnt
|faint|p1a: Cetitan
|
|-weather|Snowscape|[upkeep]
|upkeep
|
|t:|1781232256
|switch|p1a: Moltres|Moltres, tera:Grass|59/100
|-damage|p1a: Moltres|46/100|[from] Spikes
|-damage|p1a: Moltres|34/100|[from] Stealth Rock
|turn|34
|
|t:|1781232261
|move|p2a: Gholdengo|Thunder Wave|p1a: Moltres
|-status|p1a: Moltres|par
|cant|p1a: Moltres|par
|
|-weather|Snowscape|[upkeep]
|upkeep
|turn|35
|
|t:|1781232267
|move|p2a: Gholdengo|Hex|p1a: Moltres
|-damage|p1a: Moltres|0 fnt
|faint|p1a: Moltres
|
|-weather|Snowscape|[upkeep]
|upkeep
|
|t:|1781232270
|switch|p1a: Slowking|Slowking-Galar, F|100/100 par
|-damage|p1a: Slowking|88/100 par|[from] Spikes
|-damage|p1a: Slowking|76/100 par|[from] Stealth Rock
|turn|36
|-message|bakerdrill forfeited.
|
|win|oldgensbetter
|raw|bakerdrill's rating: 1546 &rarr; <strong>1527</strong><br />(-19 for losing)
|raw|oldgensbetter's rating: 1559 &rarr; <strong>1578</strong><br />(+19 for winning)
|l|☆bakerdrill
|player|p1|
|l|☆oldgensbetter
|player|p2|
