|j|☆CassiusAuBellossom
|j|☆SparklingOperetta
|t:|1781564606
|gametype|singles
|player|p1|CassiusAuBellossom|102|1584
|player|p2|SparklingOperetta|parasollady|1570
|gen|9
|tier|[Gen 9] OU
|rated|
|rule|HP Percentage Mod: HP is shown in percentages
|rule|Endless Battle Clause: Forcing endless battles is banned
|rule|Species Clause: Limit one of each Pokémon
|rule|OHKO Clause: OHKO moves are banned
|rule|Evasion Items Clause: Evasion items are banned
|rule|Evasion Moves Clause: Evasion moves are banned
|rule|Evasion Abilities Clause: Evasion abilities are banned
|rule|Sleep Moves Clause: Sleep-inducing moves are banned
|clearpoke
|poke|p1|Pelipper, F|
|poke|p1|Beartic, F|
|poke|p1|Barraskewda, F|
|poke|p1|Zapdos|
|poke|p1|Regieleki|
|poke|p1|Goodra-Hisui, F|
|poke|p2|Hoopa-Unbound|
|poke|p2|Pecharunt|
|poke|p2|Landorus-Therian, M|
|poke|p2|Cinderace, M|
|poke|p2|Alomomola, M|
|poke|p2|Iron Valiant|
|teampreview
|inactive|Battle timer is ON: inactive players will automatically lose when time's up. (requested by CassiusAuBellossom)
|
|t:|1781564639
|teamsize|p1|6
|teamsize|p2|6
|start
|switch|p1a: Armin|Pelipper, F|100/100
|switch|p2a: Hoopa|Hoopa-Unbound|100/100
|-weather|RainDance|[from] ability: Drizzle|[of] p1a: Armin
|turn|1
|
|t:|1781564652
|move|p2a: Hoopa|Knock Off|p1a: Armin
|-damage|p1a: Armin|39/100
|-enditem|p1a: Armin|Damp Rock|[from] move: Knock Off|[of] p2a: Hoopa
|-damage|p2a: Hoopa|91/100|[from] item: Life Orb
|move|p1a: Armin|U-turn|p2a: Hoopa
|-supereffective|p2a: Hoopa
|-damage|p2a: Hoopa|25/100
|
|t:|1781564663
|switch|p1a: Zeke|Zapdos|100/100|[from] U-turn
|
|-weather|RainDance|[upkeep]
|upkeep
|turn|2
|
|t:|1781564677
|switch|p2a: Alomomola|Alomomola, M, shiny|100/100
|move|p1a: Zeke|Hurricane|p2a: Alomomola
|-damage|p2a: Alomomola|69/100
|-start|p2a: Alomomola|confusion
|
|-weather|RainDance|[upkeep]
|upkeep
|turn|3
|
|t:|1781564694
|move|p1a: Zeke|Thunder|p2a: Alomomola
|-supereffective|p2a: Alomomola
|-damage|p2a: Alomomola|9/100
|-activate|p2a: Alomomola|confusion
|move|p2a: Alomomola|Mirror Coat|p1a: Zeke
|-damage|p1a: Zeke|0 fnt
|faint|p1a: Zeke
|
|-weather|RainDance|[upkeep]
|upkeep
|
|t:|1781564703
|switch|p1a: Levi|Barraskewda, F|100/100
|turn|4
|
|t:|1781564728
|-terastallize|p1a: Levi|Water
|move|p1a: Levi|Liquidation|p2a: Alomomola
|-resisted|p2a: Alomomola
|-damage|p2a: Alomomola|0 fnt
|faint|p2a: Alomomola
|
|-weather|RainDance|[upkeep]
|upkeep
|inactive|SparklingOperetta has 120 seconds left.
|
|t:|1781564751
|switch|p2a: Pecharunt|Pecharunt|100/100
|turn|5
|inactive|SparklingOperetta has 120 seconds left.
|
|t:|1781564760
|move|p1a: Levi|Flip Turn|p2a: Pecharunt
|-damage|p2a: Pecharunt|64/100
|
|t:|1781564763
|switch|p1a: Pieck|Goodra-Hisui, F|100/100|[from] Flip Turn
|move|p2a: Pecharunt|Malignant Chain|p1a: Pieck
|-immune|p1a: Pieck
|
|-weather|RainDance|[upkeep]
|upkeep
|turn|6
|
|t:|1781564772
|move|p2a: Pecharunt|Recover|p2a: Pecharunt
|-heal|p2a: Pecharunt|100/100
|move|p1a: Pieck|Draco Meteor|p2a: Pecharunt
|-damage|p2a: Pecharunt|32/100
|-unboost|p1a: Pieck|spa|2
|-enditem|p1a: Pieck|Eject Pack
|
|t:|1781564778
|switch|p1a: Levi|Barraskewda, F, tera:Water|100/100
|
|-weather|RainDance|[upkeep]
|upkeep
|turn|7
|
|t:|1781564788
|move|p1a: Levi|Liquidation|p2a: Pecharunt
|-damage|p2a: Pecharunt|0 fnt
|faint|p2a: Pecharunt
|
|-weather|RainDance|[upkeep]
|upkeep
|
|t:|1781564793
|switch|p2a: Hoopa|Hoopa-Unbound|25/100
|turn|8
|
|t:|1781564798
|move|p1a: Levi|Liquidation|p2a: Hoopa
|-crit|p2a: Hoopa
|-damage|p2a: Hoopa|0 fnt
|faint|p2a: Hoopa
|
|-weather|none
|upkeep
|j| Large_Rodent
|l| Large_Rodent
|
|t:|1781564814
|switch|p2a: Landorus|Landorus-Therian, M, shiny|100/100
|-ability|p2a: Landorus|Intimidate|boost
|-unboost|p1a: Levi|atk|1
|turn|9
|
|t:|1781564821
|switch|p1a: Armin|Pelipper, F|39/100
|-weather|RainDance|[from] ability: Drizzle|[of] p1a: Armin
|move|p2a: Landorus|Earthquake|p1a: Armin
|-immune|p1a: Armin
|
|-weather|RainDance|[upkeep]
|upkeep
|turn|10
|
|t:|1781564829
|switch|p2a: Iron Valiant|Iron Valiant, shiny|100/100
|move|p1a: Armin|U-turn|p2a: Iron Valiant
|-resisted|p2a: Iron Valiant
|-damage|p2a: Iron Valiant|98/100
|
|t:|1781564835
|switch|p1a: Levi|Barraskewda, F, tera:Water|100/100|[from] U-turn
|
|-weather|RainDance|[upkeep]
|upkeep
|turn|11
|
|t:|1781564844
|move|p2a: Iron Valiant|Vacuum Wave|p1a: Levi
|-damage|p1a: Levi|36/100
|move|p1a: Levi|Liquidation|p2a: Iron Valiant
|-damage|p2a: Iron Valiant|0 fnt
|faint|p2a: Iron Valiant
|-end|p2a: Iron Valiant|Quark Drive|[silent]
|
|-weather|RainDance|[upkeep]
|upkeep
|
|t:|1781564849
|switch|p2a: Cinderace|Cinderace, M, shiny|100/100
|turn|12
|
|t:|1781564855
|move|p1a: Levi|Aqua Jet|p2a: Cinderace
|-supereffective|p2a: Cinderace
|-damage|p2a: Cinderace|0 fnt
|faint|p2a: Cinderace
|
|-weather|RainDance|[upkeep]
|upkeep
|-message|SparklingOperetta forfeited.
|
|win|CassiusAuBellossom
|raw|CassiusAuBellossom's rating: 1584 &rarr; <strong>1603</strong><br />(+19 for winning)
|raw|SparklingOperetta's rating: 1570 &rarr; <strong>1551</strong><br />(-19 for losing)
|l|☆SparklingOperetta
|player|p2|
|j| mak7xr
|l| mak7xr
|l|☆CassiusAuBellossom
|player|p1|
