|badge|p2|bronze|gen9ou|100-9
|uhtml|medal-msg|<div class="broadcast-blue">Curious what those medals under the avatar are? PS now has Ladder Seasons! For more information, check out the <a href="https://www.smogon.com/forums/threads/3740067/">thread on Smogon.</a></div>
|j|☆Igoodnamename
|j|☆hawkins0
|t:|1781363958
|gametype|singles
|player|p1|Igoodnamename|winona|1709
|player|p2|hawkins0|169|1848
|gen|9
|tier|[Gen 9] OU
|rated|
|rule|HP Percentage Mod: HP is shown in percentages
|rule|Endless Battle Clause: Forcing endless battles is banned
|rule|Species Clause: Limit one of each Pokémon
|rule|OHKO Clause: OHKO moves are banned
|rule|Evasion Items Clause: Evasion items are banned
|rule|Evasion Moves Clause: Evasion moves are banned
|rule|Evasion Abilities Clause: Evasion abilities are banned
|rule|Sleep Moves Clause: Sleep-inducing moves are banned
|clearpoke
|poke|p1|Raging Bolt|
|poke|p1|Rillaboom, M|
|poke|p1|Great Tusk|
|poke|p1|Ting-Lu|
|poke|p1|Skeledirge, F|
|poke|p1|Enamorus, F|
|poke|p2|Hoopa-Unbound|
|poke|p2|Pecharunt|
|poke|p2|Landorus-Therian, M|
|poke|p2|Cinderace, M|
|poke|p2|Alomomola, M|
|poke|p2|Iron Valiant|
|teampreview
|
|t:|1781363978
|teamsize|p1|6
|teamsize|p2|6
|start
|switch|p1a: Ting-Lu|Ting-Lu|100/100
|switch|p2a: Enten|Landorus-Therian, M, shiny|100/100
|-ability|p2a: Enten|Intimidate|boost
|-unboost|p1a: Ting-Lu|atk|1
|-ability|p1a: Ting-Lu|Vessel of Ruin
|turn|1
|
|t:|1781363983
|move|p2a: Enten|U-turn|p1a: Ting-Lu
|-supereffective|p1a: Ting-Lu
|-damage|p1a: Ting-Lu|73/100
|
|t:|1781363988
|switch|p2a: Calamity|Iron Valiant, shiny|100/100|[from] U-turn
|move|p1a: Ting-Lu|Ruination|p2a: Calamity
|-damage|p2a: Calamity|51/100
|
|-heal|p1a: Ting-Lu|79/100|[from] item: Leftovers
|upkeep
|turn|2
|
|t:|1781363994
|move|p2a: Calamity|Shadow Ball|p1a: Ting-Lu
|-resisted|p1a: Ting-Lu
|-damage|p1a: Ting-Lu|72/100
|move|p1a: Ting-Lu|Heavy Slam|p2a: Calamity
|-supereffective|p2a: Calamity
|-damage|p2a: Calamity|0 fnt
|faint|p2a: Calamity
|-end|p2a: Calamity|Quark Drive|[silent]
|
|-heal|p1a: Ting-Lu|78/100|[from] item: Leftovers
|upkeep
|
|t:|1781364003
|switch|p2a: Khaos|Hoopa-Unbound|100/100
|turn|3
|
|t:|1781364006
|switch|p1a: Great Tusk|Great Tusk|100/100
|move|p2a: Khaos|Drain Punch|p1a: Great Tusk
|-damage|p1a: Great Tusk|67/100
|
|upkeep
|turn|4
|
|t:|1781364015
|-end|p1a: Great Tusk|Protosynthesis|[silent]
|switch|p1a: Enamorus|Enamorus, F|100/100
|move|p2a: Khaos|Drain Punch|p1a: Enamorus
|-resisted|p1a: Enamorus
|-damage|p1a: Enamorus|81/100
|
|upkeep
|turn|5
|
|t:|1781364023
|switch|p2a: Pisces|Alomomola, M, shiny|100/100
|move|p1a: Enamorus|Moonblast|p2a: Pisces
|-damage|p2a: Pisces|71/100
|-unboost|p2a: Pisces|spa|1
|
|upkeep
|turn|6
|
|t:|1781364027
|switch|p1a: Rillaboom|Rillaboom, M|100/100
|-fieldstart|move: Grassy Terrain|[from] ability: Grassy Surge|[of] p1a: Rillaboom
|move|p2a: Pisces|Flip Turn|p1a: Rillaboom
|-resisted|p1a: Rillaboom
|-damage|p1a: Rillaboom|92/100
|
|t:|1781364030
|switch|p2a: Khaos|Hoopa-Unbound|100/100|[from] Flip Turn
|
|-heal|p1a: Rillaboom|98/100|[from] Grassy Terrain
|upkeep
|turn|7
|
|t:|1781364036
|-terastallize|p2a: Khaos|Dark
|move|p1a: Rillaboom|U-turn|p2a: Khaos
|-supereffective|p2a: Khaos
|-damage|p2a: Khaos|0 fnt
|faint|p2a: Khaos
|-message|hawkins0 forfeited.
|
|win|Igoodnamename
|raw|Igoodnamename's rating: 1709 &rarr; <strong>1737</strong><br />(+28 for winning)
|raw|hawkins0's rating: 1848 &rarr; <strong>1820</strong><br />(-28 for losing)
|l|☆hawkins0
|player|p2|
|l|☆Igoodnamename
|player|p1|
