|j|☆P38
|j|☆vartholomeus
|t:|1781022810
|gametype|singles
|player|p1|P38|spark-casual|1541
|player|p2|vartholomeus|gambler|1591
|gen|9
|tier|[Gen 9] OU
|rated|
|rule|HP Percentage Mod: HP is shown in percentages
|rule|Endless Battle Clause: Forcing endless battles is banned
|rule|Species Clause: Limit one of each Pokémon
|rule|OHKO Clause: OHKO moves are banned
|rule|Evasion Items Clause: Evasion items are banned
|rule|Evasion Moves Clause: Evasion moves are banned
|rule|Evasion Abilities Clause: Evasion abilities are banned
|rule|Sleep Moves Clause: Sleep-inducing moves are banned
|clearpoke
|poke|p1|Kingambit, F|
|poke|p1|Iron Moth|
|poke|p1|Cramorant, M|
|poke|p1|Enamorus, F|
|poke|p1|Iron Valiant|
|poke|p1|Great Tusk|
|poke|p2|Moltres|
|poke|p2|Kleavor, F|
|poke|p2|Greninja-*, M|
|poke|p2|Rillaboom, F|
|poke|p2|Iron Valiant|
|poke|p2|Gholdengo|
|teampreview
|inactive|Battle timer is ON: inactive players will automatically lose when time's up. (requested by vartholomeus)
|
|t:|1781022814
|teamsize|p1|6
|teamsize|p2|6
|start
|switch|p1a: Cramorant|Cramorant, M, shiny|100/100
|switch|p2a: Klingk|Kleavor, F|100/100
|turn|1
|
|t:|1781022820
|switch|p1a: Great Tusk|Great Tusk|100/100
|move|p2a: Klingk|Stone Axe|p1a: Great Tusk
|-resisted|p1a: Great Tusk
|-damage|p1a: Great Tusk|90/100
|-sidestart|p1: P38|move: Stealth Rock
|
|upkeep
|turn|2
|
|t:|1781022826
|switch|p2a: Maltro|Moltres|100/100
|move|p1a: Great Tusk|Stealth Rock|p2a: Maltro
|-sidestart|p2: vartholomeus|move: Stealth Rock
|
|upkeep
|turn|3
|
|t:|1781022830
|move|p1a: Great Tusk|Rapid Spin|p2a: Maltro
|-damage|p2a: Maltro|88/100
|-boost|p1a: Great Tusk|spe|1
|-sideend|p1: P38|Stealth Rock|[from] move: Rapid Spin|[of] p1a: Great Tusk
|move|p2a: Maltro|Flamethrower|p1a: Great Tusk
|-damage|p1a: Great Tusk|35/100
|
|upkeep
|turn|4
|
|t:|1781022834
|-end|p1a: Great Tusk|Protosynthesis|[silent]
|switch|p1a: Cramorant|Cramorant, M, shiny|100/100
|move|p2a: Maltro|Flamethrower|p1a: Cramorant
|-resisted|p1a: Cramorant
|-damage|p1a: Cramorant|78/100
|
|upkeep
|turn|5
|
|t:|1781022836
|move|p1a: Cramorant|Surf|p2a: Maltro
|-formechange|p1a: Cramorant|Cramorant-Gulping|
|-supereffective|p2a: Maltro
|-damage|p2a: Maltro|11/100
|move|p2a: Maltro|U-turn|p1a: Cramorant
|-resisted|p1a: Cramorant
|-damage|p1a: Cramorant|63/100
|-damage|p2a: Maltro|0 fnt|[from] ability: Gulp Missile|[of] p1a: Cramorant
|-formechange|p1a: Cramorant|Cramorant|
|faint|p2a: Maltro
|
|upkeep
|
|t:|1781022840
|switch|p2a: Klingk|Kleavor, F|100/100
|-damage|p2a: Klingk|76/100|[from] Stealth Rock
|turn|6
|
|t:|1781022846
|move|p1a: Cramorant|Surf|p2a: Klingk
|-formechange|p1a: Cramorant|Cramorant-Gulping|
|-supereffective|p2a: Klingk
|-damage|p2a: Klingk|0 fnt
|faint|p2a: Klingk
|
|upkeep
|
|t:|1781022860
|switch|p2a: Mantequillo|Gholdengo|100/100
|-damage|p2a: Mantequillo|94/100|[from] Stealth Rock
|turn|7
|
|t:|1781022864
|move|p2a: Mantequillo|Shadow Ball|p1a: Cramorant
|-damage|p1a: Cramorant|9/100
|-damage|p2a: Mantequillo|70/100|[from] ability: Gulp Missile|[of] p1a: Cramorant
|-unboost|p2a: Mantequillo|def|1
|-formechange|p1a: Cramorant|Cramorant|
|move|p1a: Cramorant|Tailwind|p1a: Cramorant
|-sidestart|p1: P38|move: Tailwind
|
|upkeep
|turn|8
|
|t:|1781022868
|move|p1a: Cramorant|Surf|p2a: Mantequillo
|-formechange|p1a: Cramorant|Cramorant-Gorging|
|-damage|p2a: Mantequillo|29/100
|move|p2a: Mantequillo|Shadow Ball|p1a: Cramorant
|-damage|p1a: Cramorant|0 fnt
|-damage|p2a: Mantequillo|4/100|[from] ability: Gulp Missile|[of] p1a: Cramorant
|-status|p2a: Mantequillo|par
|-formechange|p1a: Cramorant|Cramorant|
|faint|p1a: Cramorant
|
|upkeep
|
|t:|1781022885
|switch|p1a: Enamorus|Enamorus, F|100/100
|turn|9
|
|t:|1781022890
|move|p1a: Enamorus|Moonblast|p2a: Mantequillo
|-resisted|p2a: Mantequillo
|-damage|p2a: Mantequillo|0 fnt
|faint|p2a: Mantequillo
|
|upkeep
|j| Fat_Yogi
|
|t:|1781022896
|switch|p2a: Suke|Greninja, M|100/100
|-damage|p2a: Suke|88/100|[from] Stealth Rock
|turn|10
|
|t:|1781022899
|-terastallize|p2a: Suke|Poison
|move|p1a: Enamorus|Moonblast|p2a: Suke
|-resisted|p2a: Suke
|-damage|p2a: Suke|48/100
|-unboost|p2a: Suke|spa|1
|move|p2a: Suke|Sludge Wave|p1a: Enamorus
|-supereffective|p1a: Enamorus
|-damage|p1a: Enamorus|3/100
|-damage|p2a: Suke|38/100|[from] item: Life Orb
|
|-sideend|p1: P38|move: Tailwind
|upkeep
|turn|11
|
|t:|1781022903
|move|p2a: Suke|Water Shuriken|p1a: Enamorus
|-damage|p1a: Enamorus|0 fnt
|faint|p1a: Enamorus
|-ability|p2a: Suke|Battle Bond|boost
|-boost|p2a: Suke|atk|1
|-boost|p2a: Suke|spa|1
|-boost|p2a: Suke|spe|1
|-activate|p2a: Suke|ability: Battle Bond
|-hitcount|p1: Enamorus|1
|-damage|p2a: Suke|28/100|[from] item: Life Orb
|
|upkeep
|
|t:|1781022919
|switch|p1a: Kingambit|Kingambit, F|100/100
|-activate|p1a: Kingambit|ability: Supreme Overlord
|-start|p1a: Kingambit|fallen2|[silent]
|turn|12
|
|t:|1781022924
|move|p2a: Suke|Water Shuriken|p1a: Kingambit
|-damage|p1a: Kingambit|90/100
|-damage|p1a: Kingambit|81/100
|-damage|p1a: Kingambit|70/100
|-damage|p1a: Kingambit|61/100
|-hitcount|p1a: Kingambit|4
|-damage|p2a: Suke|18/100|[from] item: Life Orb
|move|p1a: Kingambit|Sucker Punch||[still]
|-fail|p1a: Kingambit
|
|upkeep
|turn|13
|
|t:|1781022928
|move|p2a: Suke|Water Shuriken|p1a: Kingambit
|-damage|p1a: Kingambit|51/100
|-damage|p1a: Kingambit|40/100
|-damage|p1a: Kingambit|31/100
|-damage|p1a: Kingambit|20/100
|-damage|p1a: Kingambit|11/100
|-hitcount|p1a: Kingambit|5
|-damage|p2a: Suke|9/100|[from] item: Life Orb
|move|p1a: Kingambit|Kowtow Cleave|p2a: Suke
|-damage|p2a: Suke|0 fnt
|faint|p2a: Suke
|
|upkeep
|
|t:|1781022938
|switch|p2a: Rolla|Rillaboom, F|100/100
|-damage|p2a: Rolla|88/100|[from] Stealth Rock
|-fieldstart|move: Grassy Terrain|[from] ability: Grassy Surge|[of] p2a: Rolla
|turn|14
|
|t:|1781022943
|move|p1a: Kingambit|Sucker Punch|p2a: Rolla
|-damage|p2a: Rolla|21/100
|move|p2a: Rolla|U-turn|p1a: Kingambit
|-damage|p1a: Kingambit|0 fnt
|faint|p1a: Kingambit
|-end|p1a: Kingambit|fallen2|[silent]
|
|t:|1781022946
|switch|p2a: Irohak|Iron Valiant|100/100|[from] U-turn
|-damage|p2a: Irohak|94/100|[from] Stealth Rock
|-enditem|p2a: Irohak|Booster Energy
|-activate|p2a: Irohak|ability: Quark Drive|[fromitem]
|-start|p2a: Irohak|quarkdrivespe
|
|-heal|p2a: Irohak|100/100|[from] Grassy Terrain
|upkeep
|
|t:|1781022950
|switch|p1a: Iron Valiant|Iron Valiant|100/100
|-enditem|p1a: Iron Valiant|Booster Energy
|-activate|p1a: Iron Valiant|ability: Quark Drive|[fromitem]
|-start|p1a: Iron Valiant|quarkdrivespe
|turn|15
|
|t:|1781022956
|move|p2a: Irohak|Moonblast|p1a: Iron Valiant
|-supereffective|p1a: Iron Valiant
|-damage|p1a: Iron Valiant|0 fnt
|faint|p1a: Iron Valiant
|-end|p1a: Iron Valiant|Quark Drive|[silent]
|
|upkeep
|
|t:|1781022959
|switch|p1a: Iron Moth|Iron Moth|100/100
|-enditem|p1a: Iron Moth|Booster Energy
|-activate|p1a: Iron Moth|ability: Quark Drive|[fromitem]
|-start|p1a: Iron Moth|quarkdrivespe
|turn|16
|
|t:|1781022961
|move|p2a: Irohak|Shadow Ball|p1a: Iron Moth
|-damage|p1a: Iron Moth|77/100
|move|p1a: Iron Moth|Sludge Wave|p2a: Irohak
|-supereffective|p2a: Irohak
|-damage|p2a: Irohak|0 fnt
|faint|p2a: Irohak
|-end|p2a: Irohak|Quark Drive|[silent]
|
|-heal|p1a: Iron Moth|83/100|[from] Grassy Terrain
|upkeep
|
|t:|1781022965
|switch|p2a: Rolla|Rillaboom, F|21/100
|-damage|p2a: Rolla|9/100|[from] Stealth Rock
|turn|17
|
|t:|1781022967
|move|p2a: Rolla|Grassy Glide|p1a: Iron Moth
|-resisted|p1a: Iron Moth
|-damage|p1a: Iron Moth|59/100
|move|p1a: Iron Moth|Sludge Wave|p2a: Rolla
|-supereffective|p2a: Rolla
|-damage|p2a: Rolla|0 fnt
|faint|p2a: Rolla
|
|win|P38
|raw|P38's rating: 1541 &rarr; <strong>1564</strong><br />(+23 for winning)
|raw|vartholomeus's rating: 1591 &rarr; <strong>1568</strong><br />(-23 for losing)
|l|☆P38
|player|p1|
|l|☆vartholomeus
|player|p2|
|l| Fat_Yogi
