|j|☆Mr.X&Y97
|j|☆dynamo fuckass
|t:|1781216999
|gametype|singles
|player|p1|Mr.X&Y97|ingo|1634
|player|p2|dynamo fuckass|265|1555
|gen|9
|tier|[Gen 9] OU
|rated|
|rule|HP Percentage Mod: HP is shown in percentages
|rule|Endless Battle Clause: Forcing endless battles is banned
|rule|Species Clause: Limit one of each Pokémon
|rule|OHKO Clause: OHKO moves are banned
|rule|Evasion Items Clause: Evasion items are banned
|rule|Evasion Moves Clause: Evasion moves are banned
|rule|Evasion Abilities Clause: Evasion abilities are banned
|rule|Sleep Moves Clause: Sleep-inducing moves are banned
|clearpoke
|poke|p1|Regieleki|
|poke|p1|Grafaiai, M|
|poke|p1|Corviknight, M|
|poke|p1|Alomomola, M|
|poke|p1|Gliscor, F|
|poke|p1|Zamazenta-*|
|poke|p2|Darkrai|
|poke|p2|Garchomp, M|
|poke|p2|Alomomola, M|
|poke|p2|Corviknight, F|
|poke|p2|Weezing-Galar, M|
|poke|p2|Ogerpon, F|
|teampreview
|inactive|Battle timer is ON: inactive players will automatically lose when time's up. (requested by Mr.X&Y97)
|c|☆dynamo fuckass|bro think he blunder
|inactive|dynamo fuckass has 120 seconds left.
|
|t:|1781217036
|teamsize|p1|6
|teamsize|p2|6
|start
|switch|p1a: Grafaiai|Grafaiai, M|100/100
|switch|p2a: Darkrai|Darkrai|100/100
|turn|1
|
|t:|1781217048
|switch|p2a: Weezing|Weezing-Galar, M|100/100
|-ability|p2a: Weezing|Neutralizing Gas
|move|p1a: Grafaiai|U-turn|p2a: Weezing
|-resisted|p2a: Weezing
|-damage|p2a: Weezing|98/100
|
|t:|1781217053
|switch|p1a: Regieleki|Regieleki|100/100|[from] U-turn
|
|-heal|p2a: Weezing|100/100|[from] item: Leftovers
|upkeep
|turn|2
|
|t:|1781217056
|switch|p1a: Grafaiai|Grafaiai, M|100/100
|-end|p2a: Weezing|ability: Neutralizing Gas
|switch|p2a: Garchomp|Garchomp, M|100/100
|
|upkeep
|turn|3
|
|t:|1781217061
|switch|p2a: Weezing|Weezing-Galar, M|100/100
|-ability|p2a: Weezing|Neutralizing Gas
|move|p1a: Grafaiai|Switcheroo|p2a: Weezing
|-activate|p1a: Grafaiai|move: Trick|[of] p2a: Weezing
|-item|p2a: Weezing|Ring Target|[from] move: Switcheroo
|-item|p1a: Grafaiai|Leftovers|[from] move: Switcheroo
|
|upkeep
|turn|4
|
|t:|1781217066
|move|p1a: Grafaiai|U-turn|p2a: Weezing
|-resisted|p2a: Weezing
|-damage|p2a: Weezing|98/100
|
|t:|1781217070
|switch|p1a: Regieleki|Regieleki|100/100|[from] U-turn
|move|p2a: Weezing|Will-O-Wisp|p1a: Regieleki
|-status|p1a: Regieleki|brn
|
|-damage|p1a: Regieleki|95/100 brn|[from] brn
|upkeep
|turn|5
|
|t:|1781217073
|-end|p2a: Weezing|ability: Neutralizing Gas
|switch|p2a: Garchomp|Garchomp, M|100/100
|move|p1a: Regieleki|Swift|p2a: Garchomp
|-damage|p2a: Garchomp|73/100
|
|-damage|p1a: Regieleki|89/100 brn|[from] brn
|upkeep
|turn|6
|
|t:|1781217079
|switch|p1a: Gliscor|Gliscor, F|100/100
|move|p2a: Garchomp|Stealth Rock|p1a: Gliscor
|-sidestart|p1: Mr.X&Y97|move: Stealth Rock
|
|-status|p1a: Gliscor|tox|[from] item: Toxic Orb
|upkeep
|turn|7
|
|t:|1781217086
|switch|p2a: Weezing|Weezing-Galar, M|98/100
|-ability|p2a: Weezing|Neutralizing Gas
|move|p1a: Gliscor|Swords Dance|p1a: Gliscor
|-boost|p1a: Gliscor|atk|2
|
|-damage|p1a: Gliscor|94/100 tox|[from] psn
|upkeep
|turn|8
|
|t:|1781217096
|move|p1a: Gliscor|Earthquake|p2a: Weezing
|-supereffective|p2a: Weezing
|-damage|p2a: Weezing|7/100
|move|p2a: Weezing|Pain Split|p1a: Gliscor
|-sethp|p1a: Gliscor|50/100 tox|[from] move: Pain Split|[silent]
|-sethp|p2a: Weezing|53/100|[from] move: Pain Split
|
|-damage|p1a: Gliscor|38/100 tox|[from] psn
|upkeep
|turn|9
|
|t:|1781217104
|switch|p1a: Corviknight|Corviknight, M|100/100
|-damage|p1a: Corviknight|88/100|[from] Stealth Rock
|-end|p2a: Weezing|ability: Neutralizing Gas
|-ability|p1a: Corviknight|Pressure
|switch|p2a: Ogerpon|Ogerpon, F|100/100
|
|upkeep
|turn|10
|
|t:|1781217112
|switch|p2a: Alomomola|Alomomola, M|100/100
|move|p1a: Corviknight|Defog|p2a: Alomomola
|-unboost|p2a: Alomomola|evasion|1
|-sideend|p1: Mr.X&Y97|Stealth Rock|[from] move: Defog|[of] p1a: Corviknight
|
|upkeep
|turn|11
|
|t:|1781217139
|switch|p1a: Grafaiai|Grafaiai, M|100/100
|move|p2a: Alomomola|Flip Turn|p1a: Grafaiai
|-damage|p1a: Grafaiai|77/100
|
|t:|1781217152
|switch|p2a: Garchomp|Garchomp, M|73/100|[from] Flip Turn
|
|-heal|p1a: Grafaiai|83/100|[from] item: Leftovers
|upkeep
|turn|12
|
|t:|1781217159
|move|p1a: Grafaiai|Toxic|p2a: Garchomp
|-status|p2a: Garchomp|tox
|move|p2a: Garchomp|Stealth Rock|p1a: Grafaiai
|-sidestart|p1: Mr.X&Y97|move: Stealth Rock
|
|-heal|p1a: Grafaiai|89/100|[from] item: Leftovers
|-damage|p2a: Garchomp|66/100 tox|[from] psn
|upkeep
|turn|13
|
|t:|1781217165
|move|p1a: Grafaiai|Encore|p2a: Garchomp
|-start|p2a: Garchomp|Encore
|move|p2a: Garchomp|Stealth Rock||[still]
|-fail|p2a: Garchomp
|
|-heal|p1a: Grafaiai|95/100|[from] item: Leftovers
|-damage|p2a: Garchomp|54/100 tox|[from] psn
|upkeep
|turn|14
|
|t:|1781217174
|switch|p2a: Corviknight|Corviknight, F|100/100
|-ability|p2a: Corviknight|Pressure
|move|p1a: Grafaiai|U-turn|p2a: Corviknight
|-resisted|p2a: Corviknight
|-damage|p2a: Corviknight|98/100
|
|t:|1781217178
|switch|p1a: Regieleki|Regieleki|89/100 brn|[from] U-turn
|-damage|p1a: Regieleki|76/100 brn|[from] Stealth Rock
|
|-heal|p2a: Corviknight|100/100|[from] item: Leftovers
|-damage|p1a: Regieleki|70/100 brn|[from] brn
|upkeep
|turn|15
|
|t:|1781217191
|switch|p2a: Garchomp|Garchomp, M|54/100 tox
|move|p1a: Regieleki|Swift|p2a: Garchomp
|-damage|p2a: Garchomp|28/100 tox
|
|-damage|p2a: Garchomp|22/100 tox|[from] psn
|-damage|p1a: Regieleki|64/100 brn|[from] brn
|upkeep
|turn|16
|
|t:|1781217197
|switch|p2a: Alomomola|Alomomola, M|100/100
|move|p1a: Regieleki|Swift|p2a: Alomomola
|-damage|p2a: Alomomola|88/100
|
|-damage|p1a: Regieleki|58/100 brn|[from] brn
|upkeep
|turn|17
|
|t:|1781217203
|switch|p1a: Grafaiai|Grafaiai, M|95/100
|-damage|p1a: Grafaiai|83/100|[from] Stealth Rock
|move|p2a: Alomomola|Flip Turn|p1a: Grafaiai
|-damage|p1a: Grafaiai|60/100
|
|t:|1781217219
|switch|p2a: Corviknight|Corviknight, F|100/100|[from] Flip Turn
|-ability|p2a: Corviknight|Pressure
|
|-heal|p1a: Grafaiai|66/100|[from] item: Leftovers
|upkeep
|turn|18
|
|t:|1781217229
|move|p1a: Grafaiai|U-turn|p2a: Corviknight
|-resisted|p2a: Corviknight
|-damage|p2a: Corviknight|97/100
|
|t:|1781217229
|switch|p1a: Corviknight|Corviknight, M|88/100|[from] U-turn
|-damage|p1a: Corviknight|75/100|[from] Stealth Rock
|-ability|p1a: Corviknight|Pressure
|move|p2a: Corviknight|U-turn|p1a: Corviknight
|-resisted|p1a: Corviknight
|-damage|p1a: Corviknight|73/100
|-damage|p2a: Corviknight|81/100|[from] item: Rocky Helmet|[of] p1a: Corviknight
|
|t:|1781217237
|switch|p2a: Alomomola|Alomomola, M|100/100|[from] U-turn
|
|upkeep
|turn|19
|
|t:|1781217240
|switch|p2a: Ogerpon|Ogerpon, F|100/100
|move|p1a: Corviknight|Defog|p2a: Ogerpon
|-unboost|p2a: Ogerpon|evasion|1
|-ability|p2a: Ogerpon|Defiant|boost
|-boost|p2a: Ogerpon|atk|2
|-sideend|p1: Mr.X&Y97|Stealth Rock|[from] move: Defog|[of] p1a: Corviknight
|
|upkeep
|turn|20
|
|t:|1781217246
|move|p2a: Ogerpon|Encore|p1a: Corviknight
|-start|p1a: Corviknight|Encore
|move|p1a: Corviknight|Defog|p2a: Ogerpon
|-unboost|p2a: Ogerpon|evasion|1
|-ability|p2a: Ogerpon|Defiant|boost
|-boost|p2a: Ogerpon|atk|2
|
|upkeep
|turn|21
|
|t:|1781217260
|switch|p1a: Grafaiai|Grafaiai, M|66/100
|move|p2a: Ogerpon|Ivy Cudgel|p1a: Grafaiai
|-resisted|p1a: Grafaiai
|-damage|p1a: Grafaiai|0 fnt
|faint|p1a: Grafaiai
|
|upkeep
|
|t:|1781217266
|switch|p1a: Corviknight|Corviknight, M|73/100
|-ability|p1a: Corviknight|Pressure
|turn|22
|
|t:|1781217277
|switch|p2a: Alomomola|Alomomola, M|100/100
|move|p1a: Corviknight|Brave Bird|p2a: Alomomola
|-damage|p2a: Alomomola|73/100
|-damage|p1a: Corviknight|61/100|[from] Recoil
|
|upkeep
|turn|23
|
|t:|1781217282
|move|p1a: Corviknight|Roost|p1a: Corviknight
|-heal|p1a: Corviknight|100/100
|-singleturn|p1a: Corviknight|move: Roost
|move|p2a: Alomomola|Flip Turn|p1a: Corviknight
|-crit|p1a: Corviknight
|-damage|p1a: Corviknight|84/100
|-damage|p2a: Alomomola|57/100|[from] item: Rocky Helmet|[of] p1a: Corviknight
|
|t:|1781217287
|switch|p2a: Ogerpon|Ogerpon, F|100/100|[from] Flip Turn
|
|upkeep
|turn|24
|
|t:|1781217304
|move|p2a: Ogerpon|Swords Dance|p2a: Ogerpon
|-boost|p2a: Ogerpon|atk|2
|move|p1a: Corviknight|Brave Bird|p2a: Ogerpon
|-supereffective|p2a: Ogerpon
|-crit|p2a: Ogerpon
|-damage|p2a: Ogerpon|0 fnt
|faint|p2a: Ogerpon
|-damage|p1a: Corviknight|59/100|[from] Recoil
|
|upkeep
|
|t:|1781217308
|switch|p2a: Darkrai|Darkrai|100/100
|turn|25
|
|t:|1781217320
|switch|p1a: Alomomola|Alomomola, M|100/100
|move|p2a: Darkrai|Dark Pulse|p1a: Alomomola
|-damage|p1a: Alomomola|68/100
|
|upkeep
|turn|26
|
|t:|1781217327
|switch|p2a: Weezing|Weezing-Galar, M|53/100
|-ability|p2a: Weezing|Neutralizing Gas
|move|p1a: Alomomola|Flip Turn|p2a: Weezing
|-damage|p2a: Weezing|43/100
|
|t:|1781217331
|switch|p1a: Regieleki|Regieleki|58/100 brn|[from] Flip Turn
|
|-damage|p1a: Regieleki|52/100 brn|[from] brn
|upkeep
|turn|27
|
|t:|1781217337
|move|p1a: Regieleki|Volt Switch|p2a: Weezing
|-damage|p2a: Weezing|0 fnt
|faint|p2a: Weezing
|-end|p2a: Weezing|ability: Neutralizing Gas
|
|t:|1781217343
|switch|p1a: Gliscor|Gliscor, F|38/100 tox|[from] Volt Switch
|
|-heal|p1a: Gliscor|50/100 tox|[from] ability: Poison Heal
|upkeep
|
|t:|1781217347
|switch|p2a: Darkrai|Darkrai|100/100
|turn|28
|
|t:|1781217351
|move|p1a: Gliscor|Protect|p1a: Gliscor
|-singleturn|p1a: Gliscor|Protect
|move|p2a: Darkrai|Ice Beam|p1a: Gliscor
|-activate|p1a: Gliscor|move: Protect
|
|-heal|p1a: Gliscor|63/100 tox|[from] ability: Poison Heal
|upkeep
|turn|29
|
|t:|1781217361
|switch|p1a: Alomomola|Alomomola, M|68/100
|move|p2a: Darkrai|Ice Beam|p1a: Alomomola
|-resisted|p1a: Alomomola
|-damage|p1a: Alomomola|56/100
|
|upkeep
|turn|30
|
|t:|1781217366
|switch|p2a: Garchomp|Garchomp, M|22/100 tox
|move|p1a: Alomomola|Flip Turn|p2a: Garchomp
|-damage|p2a: Garchomp|11/100 tox
|-damage|p1a: Alomomola|44/100|[from] ability: Rough Skin|[of] p2a: Garchomp
|-damage|p1a: Alomomola|27/100|[from] item: Rocky Helmet|[of] p2a: Garchomp
|
|t:|1781217373
|switch|p1a: Gliscor|Gliscor, F|63/100 tox|[from] Flip Turn
|
|-damage|p2a: Garchomp|5/100 tox|[from] psn
|-heal|p1a: Gliscor|75/100 tox|[from] ability: Poison Heal
|upkeep
|turn|31
|
|t:|1781217376
|move|p2a: Garchomp|Stealth Rock|p1a: Gliscor
|-sidestart|p1: Mr.X&Y97|move: Stealth Rock
|move|p1a: Gliscor|Swords Dance|p1a: Gliscor
|-boost|p1a: Gliscor|atk|2
|
|-damage|p2a: Garchomp|0 fnt|[from] psn
|faint|p2a: Garchomp
|-heal|p1a: Gliscor|88/100 tox|[from] ability: Poison Heal
|upkeep
|
|t:|1781217379
|switch|p2a: Darkrai|Darkrai|100/100
|turn|32
|
|t:|1781217384
|move|p1a: Gliscor|Protect|p1a: Gliscor
|-singleturn|p1a: Gliscor|Protect
|move|p2a: Darkrai|Ice Beam|p1a: Gliscor
|-activate|p1a: Gliscor|move: Protect
|
|-heal|p1a: Gliscor|100/100 tox|[from] ability: Poison Heal
|upkeep
|turn|33
|
|t:|1781217389
|switch|p2a: Alomomola|Alomomola, M|90/100
|-terastallize|p1a: Gliscor|Water
|move|p1a: Gliscor|Swords Dance|p1a: Gliscor
|-boost|p1a: Gliscor|atk|2
|
|upkeep
|turn|34
|
|t:|1781217394
|move|p1a: Gliscor|Earthquake|p2a: Alomomola
|-damage|p2a: Alomomola|10/100
|move|p2a: Alomomola|Flip Turn|p1a: Gliscor
|-resisted|p1a: Gliscor
|-damage|p1a: Gliscor|94/100 tox
|
|t:|1781217396
|switch|p2a: Corviknight|Corviknight, F|81/100|[from] Flip Turn
|-ability|p2a: Corviknight|Pressure
|
|-heal|p2a: Corviknight|87/100|[from] item: Leftovers
|-heal|p1a: Gliscor|100/100 tox|[from] ability: Poison Heal
|upkeep
|turn|35
|
|t:|1781217404
|move|p1a: Gliscor|Knock Off|p2a: Corviknight
|-damage|p2a: Corviknight|31/100
|-enditem|p2a: Corviknight|Leftovers|[from] move: Knock Off|[of] p1a: Gliscor
|move|p2a: Corviknight|U-turn|p1a: Gliscor
|-damage|p1a: Gliscor|90/100 tox
|
|t:|1781217406
|switch|p2a: Darkrai|Darkrai|100/100|[from] U-turn
|
|-heal|p1a: Gliscor|100/100 tox|[from] ability: Poison Heal
|upkeep
|turn|36
|
|t:|1781217409
|move|p2a: Darkrai|Dark Pulse|p1a: Gliscor
|-damage|p1a: Gliscor|41/100 tox
|move|p1a: Gliscor|Earthquake|p2a: Darkrai
|-damage|p2a: Darkrai|0 fnt
|faint|p2a: Darkrai
|
|-heal|p1a: Gliscor|53/100 tox|[from] ability: Poison Heal
|upkeep
|-message|dynamo fuckass forfeited.
|
|win|Mr.X&Y97
|raw|Mr.X&amp;Y97's rating: 1634 &rarr; <strong>1650</strong><br />(+16 for winning)
|raw|dynamo fuckass's rating: 1555 &rarr; <strong>1539</strong><br />(-16 for losing)
|l|☆dynamo fuckass
|player|p2|
|l|☆Mr.X&Y97
|player|p1|
