|badge|p1|bronze|gen9randombattle|100-9
|badge|p1|bronze|gen9ubers|100-9
|uhtml|medal-msg|<div class="broadcast-blue">Curious what those medals under the avatar are? PS now has Ladder Seasons! For more information, check out the <a href="https://www.smogon.com/forums/threads/3740067/">thread on Smogon.</a></div>
|j|☆oddishlover4
|j|☆1200s chud
|t:|1780958197
|gametype|singles
|player|p1|oddishlover4|acetrainerf|1738
|player|p2|1200s chud|preschooler|1747
|gen|9
|tier|[Gen 9] OU
|rated|
|rule|HP Percentage Mod: HP is shown in percentages
|rule|Endless Battle Clause: Forcing endless battles is banned
|rule|Species Clause: Limit one of each Pokémon
|rule|OHKO Clause: OHKO moves are banned
|rule|Evasion Items Clause: Evasion items are banned
|rule|Evasion Moves Clause: Evasion moves are banned
|rule|Evasion Abilities Clause: Evasion abilities are banned
|rule|Sleep Moves Clause: Sleep-inducing moves are banned
|clearpoke
|poke|p1|Kyurem|
|poke|p1|Hatterene, F|
|poke|p1|Darkrai|
|poke|p1|Great Tusk|
|poke|p1|Dragonite, F|
|poke|p1|Gholdengo|
|poke|p2|Iron Thorns|
|poke|p2|Ribombee, M|
|poke|p2|Gholdengo|
|poke|p2|Quaquaval, M|
|poke|p2|Ceruledge, M|
|poke|p2|Ursaluna, F|
|teampreview
|inactive|Battle timer is ON: inactive players will automatically lose when time's up. (requested by 1200s chud)
|c|☆oddishlover4|gl/hf!
|inactive|oddishlover4 also wants the timer to be on.
|c|☆1200s chud|u2
|inactive|1200s chud has 120 seconds left.
|
|t:|1780958254
|teamsize|p1|6
|teamsize|p2|6
|start
|switch|p1a: Kyurem|Kyurem|100/100
|switch|p2a: AintCaughtThePlot|Gholdengo|100/100
|-ability|p1a: Kyurem|Pressure
|turn|1
|
|t:|1780958272
|move|p2a: AintCaughtThePlot|Make It Rain|p1a: Kyurem
|-supereffective|p1a: Kyurem
|-damage|p1a: Kyurem|14/100
|-unboost|p2a: AintCaughtThePlot|spa|1
|move|p1a: Kyurem|Earth Power|p2a: AintCaughtThePlot
|-supereffective|p2a: AintCaughtThePlot
|-damage|p2a: AintCaughtThePlot|24/100
|
|upkeep
|turn|2
|
|t:|1780958290
|switch|p2a: SupremeClientele|Ribombee, M|100/100
|switch|p1a: Gholdengo|Gholdengo|100/100
|
|upkeep
|turn|3
|
|t:|1780958308
|move|p2a: SupremeClientele|Skill Swap|p1a: Gholdengo
|-immune|p1a: Gholdengo|[from] ability: Good as Gold
|move|p1a: Gholdengo|Make It Rain|p2a: SupremeClientele
|-supereffective|p2a: SupremeClientele
|-enditem|p2a: SupremeClientele|Focus Sash
|-damage|p2a: SupremeClientele|1/100
|-unboost|p1a: Gholdengo|spa|1
|
|upkeep
|turn|4
|inactive|oddishlover4 has 120 seconds left.
|
|t:|1780958326
|move|p2a: SupremeClientele|Skill Swap|p1a: Gholdengo
|-immune|p1a: Gholdengo|[from] ability: Good as Gold
|move|p1a: Gholdengo|Nasty Plot|p1a: Gholdengo
|-boost|p1a: Gholdengo|spa|2
|
|upkeep
|turn|5
|inactive|oddishlover4 has 120 seconds left.
|
|t:|1780958347
|switch|p2a: Mr.EnjoyDaDances|Iron Thorns|100/100
|-enditem|p2a: Mr.EnjoyDaDances|Booster Energy
|-activate|p2a: Mr.EnjoyDaDances|ability: Quark Drive|[fromitem]
|-start|p2a: Mr.EnjoyDaDances|quarkdriveatk
|move|p1a: Gholdengo|Nasty Plot|p1a: Gholdengo
|-boost|p1a: Gholdengo|spa|2
|
|upkeep
|turn|6
|inactive|oddishlover4 has 120 seconds left.
|
|t:|1780958365
|move|p2a: Mr.EnjoyDaDances|Supercell Slam|p1a: Gholdengo
|-damage|p1a: Gholdengo|25/100
|move|p1a: Gholdengo|Make It Rain|p2a: Mr.EnjoyDaDances
|-damage|p2a: Mr.EnjoyDaDances|0 fnt
|-unboost|p1a: Gholdengo|spa|1
|faint|p2a: Mr.EnjoyDaDances
|-end|p2a: Mr.EnjoyDaDances|Quark Drive|[silent]
|
|upkeep
|
|t:|1780958372
|switch|p2a: RomeBeenSteppin|Quaquaval, M|100/100
|turn|7
|inactive|oddishlover4 has 120 seconds left.
|
|t:|1780958390
|switch|p1a: Hatterene|Hatterene, F|100/100
|move|p2a: RomeBeenSteppin|Aqua Step|p1a: Hatterene
|-damage|p1a: Hatterene|54/100
|-boost|p2a: RomeBeenSteppin|spe|1
|-damage|p2a: RomeBeenSteppin|84/100|[from] item: Rocky Helmet|[of] p1a: Hatterene
|-damage|p2a: RomeBeenSteppin|74/100|[from] item: Life Orb
|
|upkeep
|turn|8
|
|t:|1780958409
|switch|p2a: SmokingOnYaCore|Ursaluna, F|100/100
|switch|p1a: Darkrai|Darkrai|100/100
|
|-status|p2a: SmokingOnYaCore|brn|[from] item: Flame Orb
|upkeep
|turn|9
|
|t:|1780958426
|move|p1a: Darkrai|Ice Beam|p2a: SmokingOnYaCore
|-supereffective|p2a: SmokingOnYaCore
|-damage|p2a: SmokingOnYaCore|38/100 brn
|move|p2a: SmokingOnYaCore|Headlong Rush|p1a: Darkrai
|-damage|p1a: Darkrai|0 fnt
|-unboost|p2a: SmokingOnYaCore|def|1
|-unboost|p2a: SmokingOnYaCore|spd|1
|faint|p1a: Darkrai
|
|-damage|p2a: SmokingOnYaCore|32/100 brn|[from] brn
|upkeep
|inactive|oddishlover4 has 90 seconds left.
|
|t:|1780958446
|switch|p1a: Dragonite|Dragonite, F|100/100
|turn|10
|inactive|oddishlover4 has 90 seconds left.
|
|t:|1780958464
|switch|p2a: HighOffDaPack|Ceruledge, M|100/100
|-item|p2a: HighOffDaPack|Air Balloon
|move|p1a: Dragonite|Dragon Dance|p1a: Dragonite
|-boost|p1a: Dragonite|atk|1
|-boost|p1a: Dragonite|spe|1
|
|upkeep
|turn|11
|inactive|oddishlover4 has 90 seconds left.
|
|t:|1780958482
|move|p1a: Dragonite|Dragon Dance|p1a: Dragonite
|-boost|p1a: Dragonite|atk|1
|-boost|p1a: Dragonite|spe|1
|move|p2a: HighOffDaPack|Bitter Blade|p1a: Dragonite
|-resisted|p1a: Dragonite
|-damage|p1a: Dragonite|88/100
|
|upkeep
|turn|12
|
|t:|1780958501
|move|p1a: Dragonite|Roost|p1a: Dragonite
|-heal|p1a: Dragonite|100/100
|-singleturn|p1a: Dragonite|move: Roost
|move|p2a: HighOffDaPack|Bitter Blade|p1a: Dragonite
|-resisted|p1a: Dragonite
|-damage|p1a: Dragonite|89/100
|
|upkeep
|turn|13
|
|t:|1780958520
|move|p1a: Dragonite|Roost|p1a: Dragonite
|-heal|p1a: Dragonite|100/100
|-singleturn|p1a: Dragonite|move: Roost
|move|p2a: HighOffDaPack|Swords Dance|p2a: HighOffDaPack
|-boost|p2a: HighOffDaPack|atk|2
|
|upkeep
|turn|14
|
|t:|1780958538
|move|p1a: Dragonite|Dragon Dance|p1a: Dragonite
|-boost|p1a: Dragonite|atk|1
|-boost|p1a: Dragonite|spe|1
|move|p2a: HighOffDaPack|Bitter Blade|p1a: Dragonite
|-resisted|p1a: Dragonite
|-damage|p1a: Dragonite|78/100
|
|upkeep
|turn|15
|inactive|oddishlover4 has 60 seconds left.
|
|t:|1780958556
|move|p1a: Dragonite|Roost|p1a: Dragonite
|-heal|p1a: Dragonite|100/100
|-singleturn|p1a: Dragonite|move: Roost
|move|p2a: HighOffDaPack|Bitter Blade|p1a: Dragonite
|-resisted|p1a: Dragonite
|-damage|p1a: Dragonite|76/100
|
|upkeep
|turn|16
|-message|oddishlover4 forfeited.
|
|win|1200s chud
|raw|oddishlover4's rating: 1738 &rarr; <strong>1719</strong><br />(-19 for losing)
|raw|1200s chud's rating: 1747 &rarr; <strong>1766</strong><br />(+19 for winning)
|c|☆1200s chud|gg
|l|☆1200s chud
|player|p2|
|c|☆oddishlover4|GG!
