|j|☆bahnmiking
|j|☆dilf huntr
|t:|1781598300
|gametype|singles
|player|p1|bahnmiking|101|1686
|player|p2|dilf huntr|1|1718
|gen|9
|tier|[Gen 9] OU
|rated|
|rule|HP Percentage Mod: HP is shown in percentages
|rule|Endless Battle Clause: Forcing endless battles is banned
|rule|Species Clause: Limit one of each Pokémon
|rule|OHKO Clause: OHKO moves are banned
|rule|Evasion Items Clause: Evasion items are banned
|rule|Evasion Moves Clause: Evasion moves are banned
|rule|Evasion Abilities Clause: Evasion abilities are banned
|rule|Sleep Moves Clause: Sleep-inducing moves are banned
|clearpoke
|poke|p1|Dragonite, M|
|poke|p1|Great Tusk|
|poke|p1|Deoxys-Speed|
|poke|p1|Gholdengo|
|poke|p1|Zamazenta-*|
|poke|p1|Iron Valiant|
|poke|p2|Araquanid, M|
|poke|p2|Iron Valiant|
|poke|p2|Ceruledge, F|
|poke|p2|Deoxys-Speed|
|poke|p2|Gholdengo|
|poke|p2|Raging Bolt|
|teampreview
|inactive|Battle timer is ON: inactive players will automatically lose when time's up. (requested by dilf huntr)
|
|t:|1781598330
|teamsize|p1|6
|teamsize|p2|6
|start
|switch|p1a: Deoxys|Deoxys-Speed|100/100
|switch|p2a: Ceruledge|Ceruledge, F|100/100
|-ability|p1a: Deoxys|Pressure
|turn|1
|
|t:|1781598339
|move|p1a: Deoxys|Stealth Rock|p2a: Ceruledge
|-sidestart|p2: dilf huntr|move: Stealth Rock
|move|p2a: Ceruledge|Poltergeist|p1a: Deoxys|[miss]
|-miss|p2a: Ceruledge|p1a: Deoxys
|
|upkeep
|turn|2
|
|t:|1781598348
|move|p1a: Deoxys|Spikes|p2a: Ceruledge
|-sidestart|p2: dilf huntr|Spikes
|move|p2a: Ceruledge|Swords Dance|p2a: Ceruledge
|-boost|p2a: Ceruledge|atk|2
|
|upkeep
|turn|3
|
|t:|1781598351
|move|p2a: Ceruledge|Shadow Sneak|p1a: Deoxys
|-supereffective|p1a: Deoxys
|-enditem|p1a: Deoxys|Focus Sash
|-damage|p1a: Deoxys|1/100
|move|p1a: Deoxys|Taunt|p2a: Ceruledge
|-start|p2a: Ceruledge|move: Taunt
|
|upkeep
|turn|4
|
|t:|1781598354
|move|p2a: Ceruledge|Shadow Sneak|p1a: Deoxys
|-supereffective|p1a: Deoxys
|-damage|p1a: Deoxys|0 fnt
|faint|p1a: Deoxys
|
|upkeep
|
|t:|1781598374
|switch|p1a: Zamazenta|Zamazenta|100/100
|-ability|p1a: Zamazenta|Dauntless Shield|boost
|-boost|p1a: Zamazenta|def|1
|turn|5
|
|t:|1781598378
|move|p1a: Zamazenta|Crunch|p2a: Ceruledge
|-supereffective|p2a: Ceruledge
|-enditem|p2a: Ceruledge|Focus Sash
|-damage|p2a: Ceruledge|1/100
|-ability|p2a: Ceruledge|Weak Armor|boost
|-unboost|p2a: Ceruledge|def|1
|-boost|p2a: Ceruledge|spe|2
|-damage|p1a: Zamazenta|91/100|[from] item: Life Orb
|move|p2a: Ceruledge|Poltergeist|p1a: Zamazenta
|-activate|p1a: Zamazenta|move: Poltergeist|Life Orb
|-damage|p1a: Zamazenta|16/100
|
|upkeep
|turn|6
|
|t:|1781598389
|move|p2a: Ceruledge|Bitter Blade|p1a: Zamazenta
|-damage|p1a: Zamazenta|0 fnt
|-heal|p2a: Ceruledge|9/100|[from] drain|[of] p1a: Zamazenta
|faint|p1a: Zamazenta
|
|-end|p2a: Ceruledge|move: Taunt
|upkeep
|
|t:|1781598392
|switch|p1a: Great Tusk|Great Tusk|100/100
|-enditem|p1a: Great Tusk|Booster Energy
|-activate|p1a: Great Tusk|ability: Protosynthesis|[fromitem]
|-start|p1a: Great Tusk|protosynthesisspe
|turn|7
|
|t:|1781598401
|move|p2a: Ceruledge|Bitter Blade|p1a: Great Tusk
|-damage|p1a: Great Tusk|39/100
|-heal|p2a: Ceruledge|55/100|[from] drain|[of] p1a: Great Tusk
|move|p1a: Great Tusk|Headlong Rush|p2a: Ceruledge
|-supereffective|p2a: Ceruledge
|-damage|p2a: Ceruledge|0 fnt
|-unboost|p1a: Great Tusk|def|1
|-unboost|p1a: Great Tusk|spd|1
|faint|p2a: Ceruledge
|
|upkeep
|
|t:|1781598408
|switch|p2a: Araquanid|Araquanid, M|100/100
|-damage|p2a: Araquanid|76/100|[from] Stealth Rock
|-damage|p2a: Araquanid|63/100|[from] Spikes
|turn|8
|j| pls game
|
|t:|1781598416
|move|p1a: Great Tusk|Headlong Rush|p2a: Araquanid
|-resisted|p2a: Araquanid
|-damage|p2a: Araquanid|36/100
|-unboost|p1a: Great Tusk|def|1
|-unboost|p1a: Great Tusk|spd|1
|move|p2a: Araquanid|Surf|p1a: Great Tusk
|-supereffective|p1a: Great Tusk
|-crit|p1a: Great Tusk
|-damage|p1a: Great Tusk|0 fnt
|faint|p1a: Great Tusk
|-end|p1a: Great Tusk|Protosynthesis|[silent]
|
|upkeep
|
|t:|1781598428
|switch|p1a: Iron Valiant|Iron Valiant|100/100
|-enditem|p1a: Iron Valiant|Booster Energy
|-activate|p1a: Iron Valiant|ability: Quark Drive|[fromitem]
|-start|p1a: Iron Valiant|quarkdrivespe
|turn|9
|
|t:|1781598434
|move|p1a: Iron Valiant|Moonblast|p2a: Araquanid
|-damage|p2a: Araquanid|9/100
|move|p2a: Araquanid|Mirror Coat|p1a: Iron Valiant
|-damage|p1a: Iron Valiant|38/100
|
|upkeep
|turn|10
|-enditem|p2a: Araquanid|Custap Berry|[eat]
|-activate|p2a: Araquanid|item: Custap Berry|[consumed]
|
|t:|1781598442
|move|p2a: Araquanid|Surf|p1a: Iron Valiant
|-damage|p1a: Iron Valiant|0 fnt
|faint|p1a: Iron Valiant
|-end|p1a: Iron Valiant|Quark Drive|[silent]
|
|upkeep
|
|t:|1781598444
|switch|p1a: Dragonite|Dragonite, M|100/100
|turn|11
|
|t:|1781598449
|switch|p2a: Gholdengo|Gholdengo|100/100
|-damage|p2a: Gholdengo|94/100|[from] Stealth Rock
|-item|p2a: Gholdengo|Air Balloon
|move|p1a: Dragonite|Dragon Dance|p1a: Dragonite
|-boost|p1a: Dragonite|atk|1
|-boost|p1a: Dragonite|spe|1
|
|upkeep
|turn|12
|
|t:|1781598454
|move|p1a: Dragonite|Fire Punch|p2a: Gholdengo
|-supereffective|p2a: Gholdengo
|-damage|p2a: Gholdengo|11/100
|-enditem|p2a: Gholdengo|Air Balloon
|-damage|p1a: Dragonite|91/100|[from] item: Life Orb
|move|p2a: Gholdengo|Thunder Wave|p1a: Dragonite
|-status|p1a: Dragonite|par
|
|upkeep
|turn|13
|
|t:|1781598461
|move|p2a: Gholdengo|Hex|p1a: Dragonite
|-damage|p1a: Dragonite|25/100 par
|move|p1a: Dragonite|Fire Punch|p2a: Gholdengo
|-supereffective|p2a: Gholdengo
|-damage|p2a: Gholdengo|0 fnt
|faint|p2a: Gholdengo
|-damage|p1a: Dragonite|15/100 par|[from] item: Life Orb
|
|upkeep
|
|t:|1781598480
|switch|p2a: Iron Valiant|Iron Valiant|100/100
|-damage|p2a: Iron Valiant|94/100|[from] Stealth Rock
|-damage|p2a: Iron Valiant|82/100|[from] Spikes
|-enditem|p2a: Iron Valiant|Booster Energy
|-activate|p2a: Iron Valiant|ability: Quark Drive|[fromitem]
|-start|p2a: Iron Valiant|quarkdrivespa
|turn|14
|
|t:|1781598483
|move|p1a: Dragonite|Extreme Speed|p2a: Iron Valiant
|-damage|p2a: Iron Valiant|0 fnt
|faint|p2a: Iron Valiant
|-end|p2a: Iron Valiant|Quark Drive|[silent]
|-damage|p1a: Dragonite|5/100 par|[from] item: Life Orb
|
|upkeep
|
|t:|1781598494
|switch|p2a: Araquanid|Araquanid, M|9/100
|-damage|p2a: Araquanid|0 fnt|[from] Stealth Rock
|faint|p2a: Araquanid
|j| avernux
|
|t:|1781598510
|switch|p2a: Raging Bolt|Raging Bolt|100/100
|-damage|p2a: Raging Bolt|88/100|[from] Stealth Rock
|-damage|p2a: Raging Bolt|75/100|[from] Spikes
|-enditem|p2a: Raging Bolt|Booster Energy
|-activate|p2a: Raging Bolt|ability: Protosynthesis|[fromitem]
|-start|p2a: Raging Bolt|protosynthesisspa
|turn|15
|
|t:|1781598514
|move|p1a: Dragonite|Extreme Speed|p2a: Raging Bolt
|-damage|p2a: Raging Bolt|28/100
|-damage|p1a: Dragonite|0 fnt|[from] item: Life Orb
|faint|p1a: Dragonite
|move|p2a: Raging Bolt|Thunderclap|p1: Dragonite|[notarget]
|-fail|p2a: Raging Bolt
|
|upkeep
|
|t:|1781598518
|switch|p1a: Gholdengo|Gholdengo|100/100
|turn|16
|
|t:|1781598532
|move|p2a: Raging Bolt|Thunderclap|p1a: Gholdengo
|-damage|p1a: Gholdengo|46/100
|move|p1a: Gholdengo|Shadow Ball|p2a: Raging Bolt
|-damage|p2a: Raging Bolt|0 fnt
|faint|p2a: Raging Bolt
|-end|p2a: Raging Bolt|Protosynthesis|[silent]
|
|upkeep
|
|t:|1781598536
|switch|p2a: Deoxys|Deoxys-Speed|100/100
|-damage|p2a: Deoxys|88/100|[from] Stealth Rock
|-damage|p2a: Deoxys|76/100|[from] Spikes
|-ability|p2a: Deoxys|Pressure
|turn|17
|
|t:|1781598544
|-terastallize|p2a: Deoxys|Fighting
|-terastallize|p1a: Gholdengo|Fairy
|move|p2a: Deoxys|Nasty Plot|p2a: Deoxys
|-boost|p2a: Deoxys|spa|2
|move|p1a: Gholdengo|Shadow Ball|p2a: Deoxys
|-damage|p2a: Deoxys|17/100
|-unboost|p2a: Deoxys|spd|1
|
|upkeep
|turn|18
|
|t:|1781598556
|move|p2a: Deoxys|Ice Beam|p1a: Gholdengo
|-damage|p1a: Gholdengo|0 fnt
|faint|p1a: Gholdengo
|-damage|p2a: Deoxys|7/100|[from] item: Life Orb
|
|win|dilf huntr
|raw|bahnmiking's rating: 1686 &rarr; <strong>1668</strong><br />(-18 for losing)
|raw|dilf huntr's rating: 1718 &rarr; <strong>1736</strong><br />(+18 for winning)
|l|☆bahnmiking
|player|p1|
|l|☆dilf huntr
|player|p2|
|l| pls game
|l| avernux
