|j|☆LowEL0God
|j|☆Lttstoredotcom
|t:|1781410191
|gametype|singles
|player|p1|LowEL0God|265|1536
|player|p2|Lttstoredotcom|cynthia-gen7|1506
|gen|9
|tier|[Gen 9] OU
|rated|
|rule|HP Percentage Mod: HP is shown in percentages
|rule|Endless Battle Clause: Forcing endless battles is banned
|rule|Species Clause: Limit one of each Pokémon
|rule|OHKO Clause: OHKO moves are banned
|rule|Evasion Items Clause: Evasion items are banned
|rule|Evasion Moves Clause: Evasion moves are banned
|rule|Evasion Abilities Clause: Evasion abilities are banned
|rule|Sleep Moves Clause: Sleep-inducing moves are banned
|clearpoke
|poke|p1|Pelipper, F|
|poke|p1|Raging Bolt|
|poke|p1|Overqwil, F|
|poke|p1|Barraskewda, F|
|poke|p1|Iron Treads|
|poke|p1|Kingambit, F|
|poke|p2|Dragapult, F|
|poke|p2|Gliscor, F|
|poke|p2|Ogerpon-Wellspring, F|
|poke|p2|Iron Crown|
|poke|p2|Ting-Lu|
|poke|p2|Kingambit, M|
|teampreview
|inactive|Battle timer is ON: inactive players will automatically lose when time's up. (requested by Lttstoredotcom)
|c|☆LowEL0God|hf
|inactive|LowEL0God also wants the timer to be on.
|
|t:|1781410217
|teamsize|p1|6
|teamsize|p2|6
|start
|switch|p1a: Kingambit|Kingambit, F|100/100
|switch|p2a: Gliscor|Gliscor, F|100/100
|turn|1
|
|t:|1781410224
|move|p2a: Gliscor|Toxic Spikes|p1a: Kingambit
|-sidestart|p1: LowEL0God|move: Toxic Spikes
|move|p1a: Kingambit|Swords Dance|p1a: Kingambit
|-boost|p1a: Kingambit|atk|2
|
|-status|p2a: Gliscor|tox|[from] item: Toxic Orb
|upkeep
|turn|2
|
|t:|1781410229
|move|p2a: Gliscor|Earthquake|p1a: Kingambit
|-supereffective|p1a: Kingambit
|-damage|p1a: Kingambit|54/100
|move|p1a: Kingambit|Kowtow Cleave|p2a: Gliscor
|-damage|p2a: Gliscor|22/100 tox
|
|-heal|p1a: Kingambit|60/100|[from] item: Leftovers
|-heal|p2a: Gliscor|34/100 tox|[from] ability: Poison Heal
|upkeep
|turn|3
|
|t:|1781410238
|switch|p2a: Ting-Lu|Ting-Lu|100/100
|-ability|p2a: Ting-Lu|Vessel of Ruin
|move|p1a: Kingambit|Sucker Punch||[still]
|-fail|p1a: Kingambit
|
|-heal|p1a: Kingambit|66/100|[from] item: Leftovers
|upkeep
|turn|4
|
|t:|1781410245
|move|p2a: Ting-Lu|Earthquake|p1a: Kingambit
|-supereffective|p1a: Kingambit
|-damage|p1a: Kingambit|7/100
|move|p1a: Kingambit|Iron Head|p2a: Ting-Lu
|-damage|p2a: Ting-Lu|38/100
|-damage|p1a: Kingambit|0 fnt|[from] item: Rocky Helmet|[of] p2a: Ting-Lu
|faint|p1a: Kingambit
|-end|p1a: Kingambit|fallenundefined|[silent]
|
|upkeep
|
|t:|1781410247
|switch|p1a: Overqwil|Overqwil, F|100/100
|-sideend|p1: LowEL0God|move: Toxic Spikes|[of] p1a: Overqwil
|turn|5
|
|t:|1781410255
|move|p1a: Overqwil|Liquidation|p2a: Ting-Lu
|-supereffective|p2a: Ting-Lu
|-damage|p2a: Ting-Lu|0 fnt
|-damage|p1a: Overqwil|84/100|[from] item: Rocky Helmet|[of] p2a: Ting-Lu
|faint|p2a: Ting-Lu
|-damage|p1a: Overqwil|74/100|[from] item: Life Orb
|
|upkeep
|inactive|Lttstoredotcom has 120 seconds left.
|
|t:|1781410299
|switch|p2a: Ogerpon|Ogerpon-Wellspring, F|100/100
|turn|6
|
|t:|1781410303
|move|p2a: Ogerpon|U-turn|p1a: Overqwil
|-damage|p1a: Overqwil|45/100
|inactive|Lttstoredotcom has 120 seconds left.
|
|t:|1781410312
|switch|p2a: Gliscor|Gliscor, F|34/100 tox|[from] U-turn
|move|p1a: Overqwil|Gunk Shot|p2a: Gliscor
|-resisted|p2a: Gliscor
|-damage|p2a: Gliscor|1/100 tox
|-damage|p1a: Overqwil|35/100|[from] item: Life Orb
|
|-heal|p2a: Gliscor|14/100 tox|[from] ability: Poison Heal
|upkeep
|turn|7
|
|t:|1781410316
|switch|p1a: Pelipper|Pelipper, F|100/100
|-weather|RainDance|[from] ability: Drizzle|[of] p1a: Pelipper
|move|p2a: Gliscor|Earthquake|p1a: Pelipper
|-immune|p1a: Pelipper
|
|-weather|RainDance|[upkeep]
|-heal|p2a: Gliscor|26/100 tox|[from] ability: Poison Heal
|upkeep
|turn|8
|
|t:|1781410320
|move|p2a: Gliscor|Protect|p2a: Gliscor
|-singleturn|p2a: Gliscor|Protect
|move|p1a: Pelipper|Hurricane|p2a: Gliscor
|-activate|p2a: Gliscor|move: Protect
|
|-weather|RainDance|[upkeep]
|-heal|p2a: Gliscor|39/100 tox|[from] ability: Poison Heal
|upkeep
|turn|9
|inactive|Lttstoredotcom has 120 seconds left.
|inactive|Lttstoredotcom has 90 seconds left.
|inactive|Lttstoredotcom has 60 seconds left.
|
|t:|1781410427
|move|p2a: Gliscor|Toxic|p1a: Pelipper|[miss]
|-miss|p2a: Gliscor|p1a: Pelipper
|move|p1a: Pelipper|Hurricane|p2a: Gliscor
|-damage|p2a: Gliscor|7/100 tox
|
|-weather|RainDance|[upkeep]
|-heal|p2a: Gliscor|20/100 tox|[from] ability: Poison Heal
|upkeep
|turn|10
|
|t:|1781410430
|move|p2a: Gliscor|Protect|p2a: Gliscor
|-singleturn|p2a: Gliscor|Protect
|move|p1a: Pelipper|Hurricane|p2a: Gliscor
|-activate|p2a: Gliscor|move: Protect
|
|-weather|RainDance|[upkeep]
|-heal|p2a: Gliscor|32/100 tox|[from] ability: Poison Heal
|upkeep
|turn|11
|inactive|Lttstoredotcom has 60 seconds left.
|
|t:|1781410441
|switch|p2a: Dragapult|Dragapult, F|100/100
|move|p1a: Pelipper|Weather Ball|p2a: Dragapult
|-resisted|p2a: Dragapult
|-damage|p2a: Dragapult|60/100
|
|-weather|RainDance|[upkeep]
|upkeep
|turn|12
|inactive|Lttstoredotcom has 60 seconds left.
|
|t:|1781410447
|move|p2a: Dragapult|Will-O-Wisp|p1a: Pelipper
|-status|p1a: Pelipper|brn
|move|p1a: Pelipper|Hurricane|p2a: Dragapult
|-damage|p2a: Dragapult|4/100
|-start|p2a: Dragapult|confusion
|
|-weather|RainDance|[upkeep]
|-damage|p1a: Pelipper|94/100 brn|[from] brn
|upkeep
|turn|13
|
|t:|1781410456
|-activate|p2a: Dragapult|confusion
|move|p2a: Dragapult|Hex|p1a: Pelipper
|-damage|p1a: Pelipper|12/100 brn
|move|p1a: Pelipper|Hurricane|p2a: Dragapult
|-crit|p2a: Dragapult
|-damage|p2a: Dragapult|0 fnt
|faint|p2a: Dragapult
|
|-weather|RainDance|[upkeep]
|-damage|p1a: Pelipper|6/100 brn|[from] brn
|upkeep
|inactive|Lttstoredotcom has 60 seconds left.
|
|t:|1781410467
|switch|p2a: Ogerpon|Ogerpon-Wellspring, F|100/100
|turn|14
|
|t:|1781410477
|move|p2a: Ogerpon|U-turn|p1a: Pelipper
|-resisted|p1a: Pelipper
|-damage|p1a: Pelipper|0 fnt
|faint|p1a: Pelipper
|
|t:|1781410482
|switch|p2a: Gliscor|Gliscor, F|32/100 tox|[from] U-turn
|
|-weather|none
|-heal|p2a: Gliscor|45/100 tox|[from] ability: Poison Heal
|upkeep
|
|t:|1781410483
|switch|p1a: Barraskewda|Barraskewda, F|100/100
|turn|15
|
|t:|1781410489
|move|p2a: Gliscor|Protect|p2a: Gliscor
|-singleturn|p2a: Gliscor|Protect
|move|p1a: Barraskewda|Liquidation|p2a: Gliscor
|-activate|p2a: Gliscor|move: Protect
|
|-heal|p2a: Gliscor|57/100 tox|[from] ability: Poison Heal
|upkeep
|turn|16
|inactive|Lttstoredotcom has 60 seconds left.
|inactive|Lttstoredotcom has 30 seconds left.
|inactive|Lttstoredotcom has 20 seconds left.
|inactive|Lttstoredotcom has 15 seconds left.
|
|t:|1781410560
|switch|p2a: Ogerpon|Ogerpon-Wellspring, F|100/100
|move|p1a: Barraskewda|Liquidation|p2a: Ogerpon
|-immune|p2a: Ogerpon|[from] ability: Water Absorb
|
|upkeep
|turn|17
|inactive|Lttstoredotcom has 25 seconds left this turn.
|inactive|Lttstoredotcom has 20 seconds left.
|
|t:|1781410567
|switch|p1a: Raging Bolt|Raging Bolt|100/100
|-enditem|p1a: Raging Bolt|Booster Energy
|-activate|p1a: Raging Bolt|ability: Protosynthesis|[fromitem]
|-start|p1a: Raging Bolt|protosynthesisspa
|move|p2a: Ogerpon|U-turn|p1a: Raging Bolt
|-damage|p1a: Raging Bolt|75/100
|inactive|Lttstoredotcom has 25 seconds left this turn.
|inactive|Lttstoredotcom has 20 seconds left.
|
|t:|1781410574
|switch|p2a: Gliscor|Gliscor, F|57/100 tox|[from] U-turn
|
|-heal|p2a: Gliscor|70/100 tox|[from] ability: Poison Heal
|upkeep
|turn|18
|inactive|Lttstoredotcom has 30 seconds left this turn.
|
|t:|1781410579
|move|p2a: Gliscor|Earthquake|p1a: Raging Bolt
|-supereffective|p1a: Raging Bolt
|-damage|p1a: Raging Bolt|15/100
|move|p1a: Raging Bolt|Draco Meteor|p2a: Gliscor
|-damage|p2a: Gliscor|0 fnt
|-unboost|p1a: Raging Bolt|spa|2
|faint|p2a: Gliscor
|
|upkeep
|inactive|Lttstoredotcom has 30 seconds left this turn.
|
|t:|1781410587
|switch|p2a: Iron Crown|Iron Crown|100/100
|-enditem|p2a: Iron Crown|Booster Energy
|-activate|p2a: Iron Crown|ability: Quark Drive|[fromitem]
|-start|p2a: Iron Crown|quarkdrivespe
|turn|19
|
|t:|1781410591
|move|p2a: Iron Crown|Calm Mind|p2a: Iron Crown
|-boost|p2a: Iron Crown|spa|1
|-boost|p2a: Iron Crown|spd|1
|move|p1a: Raging Bolt|Thunder|p2a: Iron Crown|[miss]
|-miss|p1a: Raging Bolt|p2a: Iron Crown
|
|upkeep
|turn|20
|
|t:|1781410597
|move|p1a: Raging Bolt|Thunderclap||[still]
|-fail|p1a: Raging Bolt
|move|p2a: Iron Crown|Calm Mind|p2a: Iron Crown
|-boost|p2a: Iron Crown|spa|1
|-boost|p2a: Iron Crown|spd|1
|
|upkeep
|turn|21
|
|t:|1781410602
|move|p1a: Raging Bolt|Thunderclap|p2a: Iron Crown
|-damage|p2a: Iron Crown|88/100
|move|p2a: Iron Crown|Tachyon Cutter|p1a: Raging Bolt
|-resisted|p1a: Raging Bolt
|-damage|p1a: Raging Bolt|0 fnt
|faint|p1a: Raging Bolt
|-end|p1a: Raging Bolt|Protosynthesis|[silent]
|-hitcount|p1: Raging Bolt|1
|
|upkeep
|
|t:|1781410604
|switch|p1a: Iron Treads|Iron Treads|100/100
|-enditem|p1a: Iron Treads|Booster Energy
|-activate|p1a: Iron Treads|ability: Quark Drive|[fromitem]
|-start|p1a: Iron Treads|quarkdrivespe
|turn|22
|
|t:|1781410611
|-terastallize|p2a: Iron Crown|Fighting
|move|p2a: Iron Crown|Focus Blast|p1a: Iron Treads
|-supereffective|p1a: Iron Treads
|-damage|p1a: Iron Treads|0 fnt
|faint|p1a: Iron Treads
|-end|p1a: Iron Treads|Quark Drive|[silent]
|
|upkeep
|
|t:|1781410612
|switch|p1a: Barraskewda|Barraskewda, F|100/100
|turn|23
|
|t:|1781410617
|move|p1a: Barraskewda|Aqua Jet|p2a: Iron Crown
|-damage|p2a: Iron Crown|52/100
|move|p2a: Iron Crown|Psychic|p1a: Barraskewda
|-damage|p1a: Barraskewda|0 fnt
|faint|p1a: Barraskewda
|
|upkeep
|
|t:|1781410619
|switch|p1a: Overqwil|Overqwil, F|35/100
|turn|24
|inactive|Lttstoredotcom has 60 seconds left.
|
|t:|1781410645
|move|p2a: Iron Crown|Tachyon Cutter|p1a: Overqwil
|-crit|p1a: Overqwil
|-damage|p1a: Overqwil|0 fnt
|faint|p1a: Overqwil
|-hitcount|p1: Overqwil|1
|
|win|Lttstoredotcom
|raw|LowEL0God's rating: 1536 &rarr; <strong>1514</strong><br />(-22 for losing)
|raw|Lttstoredotcom's rating: 1506 &rarr; <strong>1528</strong><br />(+22 for winning)
|c|☆LowEL0God|gg
|l|☆LowEL0God
|player|p1|
