|j|☆arataomega1
|j|☆n1ghtzz33
|t:|1781294846
|gametype|singles
|player|p1|arataomega1|marnie-masters3|1590
|player|p2|n1ghtzz33|parasollady|1544
|gen|9
|tier|[Gen 9] OU
|rated|
|rule|HP Percentage Mod: HP is shown in percentages
|rule|Endless Battle Clause: Forcing endless battles is banned
|rule|Species Clause: Limit one of each Pokémon
|rule|OHKO Clause: OHKO moves are banned
|rule|Evasion Items Clause: Evasion items are banned
|rule|Evasion Moves Clause: Evasion moves are banned
|rule|Evasion Abilities Clause: Evasion abilities are banned
|rule|Sleep Moves Clause: Sleep-inducing moves are banned
|clearpoke
|poke|p1|Volcanion|
|poke|p1|Weezing-Galar, M|
|poke|p1|Reuniclus, F|
|poke|p1|Registeel|
|poke|p1|Krookodile, M|
|poke|p1|Zapdos-Galar|
|poke|p2|Corviknight, M|
|poke|p2|Clefable, M|
|poke|p2|Alomomola, M|
|poke|p2|Clodsire, M|
|poke|p2|Toxapex, M|
|poke|p2|Quagsire, M|
|teampreview
|
|t:|1781294861
|teamsize|p1|6
|teamsize|p2|6
|start
|switch|p1a: Cesar zepeli|Reuniclus, F, shiny|100/100
|switch|p2a: Alomomola|Alomomola, M|100/100
|turn|1
|inactive|Battle timer is ON: inactive players will automatically lose when time's up. (requested by n1ghtzz33)
|
|t:|1781294875
|move|p2a: Alomomola|Flip Turn|p1a: Cesar zepeli
|-damage|p1a: Cesar zepeli|84/100
|
|t:|1781294891
|switch|p2a: Clefable|Clefable, M|100/100|[from] Flip Turn
|move|p1a: Cesar zepeli|Future Sight|p2a: Clefable
|-start|p1a: Cesar zepeli|move: Future Sight
|
|upkeep
|turn|2
|
|t:|1781294905
|move|p2a: Clefable|Knock Off|p1a: Cesar zepeli
|-supereffective|p1a: Cesar zepeli
|-damage|p1a: Cesar zepeli|50/100
|-enditem|p1a: Cesar zepeli|Assault Vest|[from] move: Knock Off|[of] p2a: Clefable
|move|p1a: Cesar zepeli|Knock Off|p2a: Clefable
|-resisted|p2a: Clefable
|-damage|p2a: Clefable|93/100
|-enditem|p2a: Clefable|Leftovers|[from] move: Knock Off|[of] p1a: Cesar zepeli
|
|upkeep
|turn|3
|
|t:|1781294921
|move|p2a: Clefable|Moonblast|p1a: Cesar zepeli
|-damage|p1a: Cesar zepeli|23/100
|-unboost|p1a: Cesar zepeli|spa|1
|move|p1a: Cesar zepeli|Psychic Noise|p2a: Clefable
|-damage|p2a: Clefable|77/100
|-start|p2a: Clefable|move: Heal Block
|
|-end|p2a: Clefable|move: Future Sight
|-damage|p2a: Clefable|48/100
|upkeep
|turn|4
|
|t:|1781294936
|switch|p1a: El Stromboli|Volcanion|100/100
|move|p2a: Clefable|Knock Off|p1a: El Stromboli
|-damage|p1a: El Stromboli|84/100
|-enditem|p1a: El Stromboli|Heavy-Duty Boots|[from] move: Knock Off|[of] p2a: Clefable
|
|-end|p2a: Clefable|move: Heal Block
|upkeep
|turn|5
|
|t:|1781294950
|move|p1a: El Stromboli|Steam Eruption|p2a: Clefable
|-damage|p2a: Clefable|5/100
|-status|p2a: Clefable|brn
|move|p2a: Clefable|Moonlight|p2a: Clefable
|-heal|p2a: Clefable|55/100 brn
|
|upkeep
|turn|6
|
|t:|1781294964
|move|p1a: El Stromboli|Taunt|p2a: Clefable
|-start|p2a: Clefable|move: Taunt
|cant|p2a: Clefable|move: Taunt|Moonlight
|
|upkeep
|turn|7
|
|t:|1781294978
|switch|p2a: Alomomola|Alomomola, M|100/100
|move|p1a: El Stromboli|Earth Power|p2a: Alomomola
|-damage|p2a: Alomomola|74/100
|
|upkeep
|turn|8
|
|t:|1781294987
|move|p1a: El Stromboli|Taunt|p2a: Alomomola
|-start|p2a: Alomomola|move: Taunt
|cant|p2a: Alomomola|move: Taunt|Wish
|
|upkeep
|turn|9
|
|t:|1781295005
|move|p1a: El Stromboli|Earth Power|p2a: Alomomola
|-crit|p2a: Alomomola
|-damage|p2a: Alomomola|28/100
|move|p2a: Alomomola|Flip Turn|p1a: El Stromboli
|-heal|p1a: El Stromboli|100/100|[from] ability: Water Absorb|[of] p2a: Alomomola
|
|upkeep
|turn|10
|
|t:|1781295014
|switch|p2a: Clefable|Clefable, M|55/100 brn
|move|p1a: El Stromboli|Steam Eruption|p2a: Clefable
|-damage|p2a: Clefable|12/100 brn
|
|upkeep
|turn|11
|
|t:|1781295021
|switch|p2a: Alomomola|Alomomola, M|61/100
|move|p1a: El Stromboli|Flamethrower|p2a: Alomomola
|-resisted|p2a: Alomomola
|-damage|p2a: Alomomola|40/100
|
|upkeep
|turn|12
|
|t:|1781295028
|-terastallize|p1a: El Stromboli|Ground
|move|p1a: El Stromboli|Earth Power|p2a: Alomomola
|-damage|p2a: Alomomola|0 fnt
|faint|p2a: Alomomola
|
|upkeep
|
|t:|1781295036
|switch|p2a: Toxapex|Toxapex, M|100/100
|turn|13
|
|t:|1781295059
|-terastallize|p2a: Toxapex|Grass
|move|p1a: El Stromboli|Taunt|p2a: Toxapex
|-start|p2a: Toxapex|move: Taunt
|cant|p2a: Toxapex|move: Taunt|Toxic
|
|upkeep
|turn|14
|
|t:|1781295066
|move|p1a: El Stromboli|Flamethrower|p2a: Toxapex
|-supereffective|p2a: Toxapex
|-damage|p2a: Toxapex|15/100
|move|p2a: Toxapex|Poison Jab|p1a: El Stromboli
|-resisted|p1a: El Stromboli
|-damage|p1a: El Stromboli|91/100
|
|upkeep
|turn|15
|
|t:|1781295074
|switch|p2a: Clefable|Clefable, M|12/100 brn
|move|p1a: El Stromboli|Steam Eruption|p2a: Clefable
|-damage|p2a: Clefable|0 fnt
|faint|p2a: Clefable
|
|upkeep
|
|t:|1781295081
|switch|p2a: Clodsire|Clodsire, M|100/100
|turn|16
|
|t:|1781295099
|move|p1a: El Stromboli|Taunt|p2a: Clodsire
|-start|p2a: Clodsire|move: Taunt
|cant|p2a: Clodsire|move: Taunt|Toxic
|
|upkeep
|turn|17
|
|t:|1781295106
|switch|p2a: Toxapex|Toxapex, M, tera:Grass|48/100
|move|p1a: El Stromboli|Earth Power|p2a: Toxapex
|-resisted|p2a: Toxapex
|-damage|p2a: Toxapex|28/100
|
|upkeep
|turn|18
|j| testingrainteam1
|
|t:|1781295114
|switch|p2a: Clodsire|Clodsire, M|100/100
|move|p1a: El Stromboli|Flamethrower|p2a: Clodsire
|-damage|p2a: Clodsire|72/100
|
|upkeep
|turn|19
|
|t:|1781295121
|move|p1a: El Stromboli|Earth Power|p2a: Clodsire
|-supereffective|p2a: Clodsire
|-damage|p2a: Clodsire|20/100
|move|p2a: Clodsire|Toxic|p1a: El Stromboli
|-status|p1a: El Stromboli|tox
|
|-damage|p1a: El Stromboli|85/100 tox|[from] psn
|upkeep
|turn|20
|
|t:|1781295129
|switch|p2a: Quagsire|Quagsire, M|100/100
|move|p1a: El Stromboli|Flamethrower|p2a: Quagsire
|-resisted|p2a: Quagsire
|-damage|p2a: Quagsire|67/100
|
|-damage|p1a: El Stromboli|73/100 tox|[from] psn
|upkeep
|turn|21
|
|t:|1781295137
|switch|p2a: Toxapex|Toxapex, M, tera:Grass|61/100
|move|p1a: El Stromboli|Steam Eruption|p2a: Toxapex
|-resisted|p2a: Toxapex
|-damage|p2a: Toxapex|37/100
|-status|p2a: Toxapex|brn
|
|-damage|p1a: El Stromboli|55/100 tox|[from] psn
|-damage|p2a: Toxapex|31/100 brn|[from] brn
|upkeep
|turn|22
|
|t:|1781295151
|switch|p1a: Cesar zepeli|Reuniclus, F, shiny|57/100
|switch|p2a: Quagsire|Quagsire, M|67/100
|
|upkeep
|turn|23
|
|t:|1781295158
|move|p1a: Cesar zepeli|Psychic Noise|p2a: Quagsire
|-damage|p2a: Quagsire|22/100
|-start|p2a: Quagsire|move: Heal Block
|move|p2a: Quagsire|Toxic|p1a: Cesar zepeli
|-status|p1a: Cesar zepeli|tox
|
|-damage|p1a: Cesar zepeli|51/100 tox|[from] psn
|upkeep
|turn|24
|
|t:|1781295184
|move|p1a: Cesar zepeli|Future Sight|p2a: Quagsire
|-start|p1a: Cesar zepeli|move: Future Sight
|move|p2a: Quagsire|Stealth Rock|p1a: Cesar zepeli
|-sidestart|p1: arataomega1|move: Stealth Rock
|
|-damage|p1a: Cesar zepeli|38/100 tox|[from] psn
|-end|p2a: Quagsire|move: Heal Block
|upkeep
|turn|25
|
|t:|1781295191
|switch|p2a: Corviknight|Corviknight, M|100/100
|-ability|p2a: Corviknight|Pressure
|move|p1a: Cesar zepeli|Psychic Noise|p2a: Corviknight
|-resisted|p2a: Corviknight
|-damage|p2a: Corviknight|84/100
|-start|p2a: Corviknight|move: Heal Block
|
|-damage|p1a: Cesar zepeli|20/100 tox|[from] psn
|upkeep
|turn|26
|l| testingrainteam1
|
|t:|1781295206
|switch|p1a: EL sarcosucus|Krookodile, M, shiny|100/100
|-damage|p1a: EL sarcosucus|94/100|[from] Stealth Rock
|move|p2a: Corviknight|Body Press|p1a: EL sarcosucus
|-supereffective|p1a: EL sarcosucus
|-damage|p1a: EL sarcosucus|32/100
|
|-end|p2a: Corviknight|move: Future Sight
|-resisted|p2a: Corviknight
|-damage|p2a: Corviknight|56/100
|-end|p2a: Corviknight|move: Heal Block
|upkeep
|turn|27
|
|t:|1781295221
|move|p1a: EL sarcosucus|Knock Off|p2a: Corviknight
|-damage|p2a: Corviknight|10/100
|-enditem|p2a: Corviknight|Heavy-Duty Boots|[from] move: Knock Off|[of] p1a: EL sarcosucus
|move|p2a: Corviknight|Body Press|p1a: EL sarcosucus
|-supereffective|p1a: EL sarcosucus
|-damage|p1a: EL sarcosucus|0 fnt
|faint|p1a: EL sarcosucus
|
|upkeep
|
|t:|1781295229
|switch|p1a: KFC chicken|Zapdos-Galar|100/100
|-damage|p1a: KFC chicken|88/100|[from] Stealth Rock
|turn|28
|
|t:|1781295242
|move|p1a: KFC chicken|Brave Bird|p2a: Corviknight
|-resisted|p2a: Corviknight
|-crit|p2a: Corviknight
|-damage|p2a: Corviknight|0 fnt
|faint|p2a: Corviknight
|-damage|p1a: KFC chicken|84/100|[from] Recoil
|
|upkeep
|
|t:|1781295256
|switch|p2a: Clodsire|Clodsire, M|20/100
|turn|29
|
|t:|1781295268
|move|p1a: KFC chicken|Brave Bird|p2a: Clodsire
|-damage|p2a: Clodsire|0 fnt
|faint|p2a: Clodsire
|-damage|p1a: KFC chicken|75/100|[from] Recoil
|
|upkeep
|
|t:|1781295280
|switch|p2a: Quagsire|Quagsire, M|22/100
|turn|30
|
|t:|1781295289
|move|p1a: KFC chicken|Brave Bird|p2a: Quagsire
|-damage|p2a: Quagsire|0 fnt
|faint|p2a: Quagsire
|-damage|p1a: KFC chicken|67/100|[from] Recoil
|
|upkeep
|
|t:|1781295295
|switch|p2a: Toxapex|Toxapex, M, tera:Grass|64/100 brn
|turn|31
|
|t:|1781295298
|move|p1a: KFC chicken|Brave Bird|p2a: Toxapex
|-supereffective|p2a: Toxapex
|-damage|p2a: Toxapex|0 fnt
|faint|p2a: Toxapex
|-damage|p1a: KFC chicken|47/100|[from] Recoil
|
|win|arataomega1
|raw|arataomega1's rating: 1590 &rarr; <strong>1607</strong><br />(+17 for winning)
|raw|n1ghtzz33's rating: 1544 &rarr; <strong>1527</strong><br />(-17 for losing)
|l|☆n1ghtzz33
|player|p2|
|l|☆arataomega1
|player|p1|
