|j|☆extra-pseudo man
|j|☆Rodrigo Paz
|t:|1781045619
|gametype|singles
|player|p1|extra-pseudo man|102|1622
|player|p2|Rodrigo Paz|waitress|1749
|gen|9
|tier|[Gen 9] OU
|rated|
|rule|HP Percentage Mod: HP is shown in percentages
|rule|Endless Battle Clause: Forcing endless battles is banned
|rule|Species Clause: Limit one of each Pokémon
|rule|OHKO Clause: OHKO moves are banned
|rule|Evasion Items Clause: Evasion items are banned
|rule|Evasion Moves Clause: Evasion moves are banned
|rule|Evasion Abilities Clause: Evasion abilities are banned
|rule|Sleep Moves Clause: Sleep-inducing moves are banned
|clearpoke
|poke|p1|Dragonite, M|
|poke|p1|Dragapult, M|
|poke|p1|Tyranitar, F|
|poke|p1|Metagross|
|poke|p1|Goodra-Hisui, M|
|poke|p1|Garchomp, F|
|poke|p2|Kingambit, M|
|poke|p2|Kommo-o, M|
|poke|p2|Iron Valiant|
|poke|p2|Kyurem|
|poke|p2|Iron Treads|
|poke|p2|Iron Crown|
|teampreview
|inactive|Battle timer is ON: inactive players will automatically lose when time's up. (requested by Rodrigo Paz)
|
|t:|1781045639
|teamsize|p1|6
|teamsize|p2|6
|start
|switch|p1a: kaboom|Metagross|100/100
|switch|p2a: Iron Treads|Iron Treads|100/100
|-enditem|p2a: Iron Treads|Booster Energy
|-activate|p2a: Iron Treads|ability: Quark Drive|[fromitem]
|-start|p2a: Iron Treads|quarkdrivespe
|turn|1
|
|t:|1781045649
|move|p2a: Iron Treads|Stealth Rock|p1a: kaboom
|-sidestart|p1: extra-pseudo man|move: Stealth Rock
|move|p1a: kaboom|Hammer Arm|p2a: Iron Treads
|-supereffective|p2a: Iron Treads
|-damage|p2a: Iron Treads|14/100
|-unboost|p1a: kaboom|spe|1
|
|upkeep
|turn|2
|
|t:|1781045664
|switch|p1a: Marill me|Garchomp, F|100/100
|-damage|p1a: Marill me|94/100|[from] Stealth Rock
|move|p2a: Iron Treads|Earthquake|p1a: Marill me
|-damage|p1a: Marill me|71/100
|
|upkeep
|turn|3
|
|t:|1781045669
|move|p2a: Iron Treads|Endeavor|p1a: Marill me
|-damage|p1a: Marill me|13/100
|-damage|p2a: Iron Treads|2/100|[from] ability: Rough Skin|[of] p1a: Marill me
|-damage|p2a: Iron Treads|0 fnt|[from] item: Rocky Helmet|[of] p1a: Marill me
|faint|p2a: Iron Treads
|-end|p2a: Iron Treads|Quark Drive|[silent]
|move|p1a: Marill me|Spikes|p2: Iron Treads
|-sidestart|p2: Rodrigo Paz|Spikes
|
|upkeep
|
|t:|1781045685
|switch|p2a: Kyurem|Kyurem|100/100
|-damage|p2a: Kyurem|88/100|[from] Spikes
|-ability|p2a: Kyurem|Pressure
|turn|4
|
|t:|1781045692
|move|p2a: Kyurem|Scale Shot|p1a: Marill me
|-supereffective|p1a: Marill me
|-damage|p1a: Marill me|0 fnt
|faint|p1a: Marill me
|-hitcount|p1: Marill me|1
|-unboost|p2a: Kyurem|def|1
|-boost|p2a: Kyurem|spe|1
|
|upkeep
|
|t:|1781045698
|switch|p1a: kaboom|Metagross|100/100
|-damage|p1a: kaboom|95/100|[from] Stealth Rock
|turn|5
|
|t:|1781045708
|move|p1a: kaboom|Bullet Punch|p2a: Kyurem
|-supereffective|p2a: Kyurem
|-damage|p2a: Kyurem|0 fnt
|faint|p2a: Kyurem
|
|upkeep
|
|t:|1781045712
|switch|p2a: Kommo-o|Kommo-o, M|100/100
|-damage|p2a: Kommo-o|88/100|[from] Spikes
|turn|6
|
|t:|1781045723
|switch|p1a: He pulten on it|Dragapult, M|100/100
|move|p2a: Kommo-o|Clangorous Soul|p2a: Kommo-o
|-boost|p2a: Kommo-o|atk|1
|-boost|p2a: Kommo-o|def|1
|-boost|p2a: Kommo-o|spa|1
|-boost|p2a: Kommo-o|spd|1
|-boost|p2a: Kommo-o|spe|1
|-damage|p2a: Kommo-o|55/100
|
|-heal|p2a: Kommo-o|61/100|[from] item: Leftovers
|upkeep
|turn|7
|
|t:|1781045732
|-terastallize|p2a: Kommo-o|Ghost
|move|p2a: Kommo-o|Shadow Claw|p1a: He pulten on it
|-supereffective|p1a: He pulten on it
|-damage|p1a: He pulten on it|0 fnt
|faint|p1a: He pulten on it
|
|-heal|p2a: Kommo-o|68/100|[from] item: Leftovers
|upkeep
|
|t:|1781045741
|switch|p1a: The goot|Goodra-Hisui, M|100/100
|-damage|p1a: The goot|94/100|[from] Stealth Rock
|turn|8
|
|t:|1781045745
|move|p2a: Kommo-o|Substitute|p2a: Kommo-o
|-start|p2a: Kommo-o|Substitute
|-damage|p2a: Kommo-o|43/100
|move|p1a: The goot|Flash Cannon|p2a: Kommo-o
|-end|p2a: Kommo-o|Substitute
|
|-heal|p2a: Kommo-o|49/100|[from] item: Leftovers
|upkeep
|turn|9
|
|t:|1781045750
|move|p2a: Kommo-o|Drain Punch|p1a: The goot
|-supereffective|p1a: The goot
|-damage|p1a: The goot|0 fnt
|-heal|p2a: Kommo-o|90/100|[from] drain|[of] p1a: The goot
|-ability|p1a: The goot|Gooey
|-unboost|p2a: Kommo-o|spe|1
|faint|p1a: The goot
|
|-heal|p2a: Kommo-o|97/100|[from] item: Leftovers
|upkeep
|
|t:|1781045766
|switch|p1a: kaboom|Metagross|95/100
|-damage|p1a: kaboom|89/100|[from] Stealth Rock
|turn|10
|
|t:|1781045768
|move|p2a: Kommo-o|Substitute|p2a: Kommo-o
|-start|p2a: Kommo-o|Substitute
|-damage|p2a: Kommo-o|72/100
|move|p1a: kaboom|Knock Off|p2a: Kommo-o
|-supereffective|p2a: Kommo-o
|-crit|p2a: Kommo-o
|-end|p2a: Kommo-o|Substitute
|
|-heal|p2a: Kommo-o|78/100|[from] item: Leftovers
|upkeep
|turn|11
|
|t:|1781045787
|switch|p1a: Tyranocif|Tyranitar, F|100/100
|-damage|p1a: Tyranocif|88/100|[from] Stealth Rock
|-weather|Sandstorm|[from] ability: Sand Stream|[of] p1a: Tyranocif
|move|p2a: Kommo-o|Clangorous Soul|p2a: Kommo-o
|-boost|p2a: Kommo-o|atk|1
|-boost|p2a: Kommo-o|def|1
|-boost|p2a: Kommo-o|spa|1
|-boost|p2a: Kommo-o|spd|1
|-boost|p2a: Kommo-o|spe|1
|-damage|p2a: Kommo-o|45/100
|
|-weather|Sandstorm|[upkeep]
|-damage|p2a: Kommo-o|39/100|[from] Sandstorm
|-heal|p2a: Kommo-o|45/100|[from] item: Leftovers
|-heal|p1a: Tyranocif|94/100|[from] item: Leftovers
|upkeep
|turn|12
|
|t:|1781045793
|switch|p1a: kaboom|Metagross|89/100
|-damage|p1a: kaboom|83/100|[from] Stealth Rock
|move|p2a: Kommo-o|Substitute|p2a: Kommo-o
|-start|p2a: Kommo-o|Substitute
|-damage|p2a: Kommo-o|20/100
|
|-weather|Sandstorm|[upkeep]
|-damage|p2a: Kommo-o|14/100|[from] Sandstorm
|-heal|p2a: Kommo-o|20/100|[from] item: Leftovers
|upkeep
|turn|13
|
|t:|1781045798
|move|p2a: Kommo-o|Drain Punch|p1a: kaboom
|-damage|p1a: kaboom|30/100
|-heal|p2a: Kommo-o|42/100|[from] drain|[of] p1a: kaboom
|move|p1a: kaboom|Knock Off|p2a: Kommo-o
|-supereffective|p2a: Kommo-o
|-end|p2a: Kommo-o|Substitute
|
|-weather|Sandstorm|[upkeep]
|-damage|p2a: Kommo-o|36/100|[from] Sandstorm
|-heal|p2a: Kommo-o|42/100|[from] item: Leftovers
|upkeep
|turn|14
|
|t:|1781045805
|move|p2a: Kommo-o|Drain Punch|p1a: kaboom
|-damage|p1a: kaboom|0 fnt
|-heal|p2a: Kommo-o|55/100|[from] drain|[of] p1a: kaboom
|faint|p1a: kaboom
|
|-weather|Sandstorm|[upkeep]
|-damage|p2a: Kommo-o|49/100|[from] Sandstorm
|-heal|p2a: Kommo-o|55/100|[from] item: Leftovers
|upkeep
|
|t:|1781045808
|switch|p1a: Tyranocif|Tyranitar, F|94/100
|-damage|p1a: Tyranocif|82/100|[from] Stealth Rock
|turn|15
|-message|extra-pseudo man forfeited.
|
|win|Rodrigo Paz
|raw|extra-pseudo man's rating: 1622 &rarr; <strong>1609</strong><br />(-13 for losing)
|raw|Rodrigo Paz's rating: 1749 &rarr; <strong>1762</strong><br />(+13 for winning)
|l|☆extra-pseudo man
|player|p1|
|l|☆Rodrigo Paz
|player|p2|
