|badge|p1|silver|gen9randombattle|30-9
|uhtml|medal-msg|<div class="broadcast-blue">Curious what those medals under the avatar are? PS now has Ladder Seasons! For more information, check out the <a href="https://www.smogon.com/forums/threads/3740067/">thread on Smogon.</a></div>
|j|☆Ctannn
|j|‽elsadm27
|t:|1781429833
|gametype|singles
|player|p1|Ctannn|169|1774
|player|p2|elsadm27|tucker-gen3|1746
|gen|9
|tier|[Gen 9] OU
|rated|
|rule|HP Percentage Mod: HP is shown in percentages
|rule|Endless Battle Clause: Forcing endless battles is banned
|rule|Species Clause: Limit one of each Pokémon
|rule|OHKO Clause: OHKO moves are banned
|rule|Evasion Items Clause: Evasion items are banned
|rule|Evasion Moves Clause: Evasion moves are banned
|rule|Evasion Abilities Clause: Evasion abilities are banned
|rule|Sleep Moves Clause: Sleep-inducing moves are banned
|clearpoke
|poke|p1|Rillaboom, F|
|poke|p1|Garganacl, F|
|poke|p1|Cinderace, M|
|poke|p1|Raging Bolt|
|poke|p1|Slowking-Galar, F|
|poke|p1|Landorus-Therian, M|
|poke|p2|Darkrai|
|poke|p2|Pecharunt|
|poke|p2|Kingambit, M|
|poke|p2|Ting-Lu|
|poke|p2|Iron Valiant|
|poke|p2|Dragonite, M|
|teampreview
|inactive|Battle timer is ON: inactive players will automatically lose when time's up. (requested by Ctannn)
|
|t:|1781429843
|teamsize|p1|6
|teamsize|p2|6
|start
|switch|p1a: Cinderace|Cinderace, M|100/100
|switch|p2a: Darkrai|Darkrai|100/100
|turn|1
|
|t:|1781429851
|-terastallize|p2a: Darkrai|Dark
|move|p2a: Darkrai|Dark Pulse|p1a: Cinderace
|-damage|p1a: Cinderace|0 fnt
|faint|p1a: Cinderace
|
|upkeep
|
|t:|1781429857
|switch|p1a: Garganacl|Garganacl, F|100/100
|turn|2
|
|t:|1781429860
|move|p2a: Darkrai|Dark Pulse|p1a: Garganacl
|-damage|p1a: Garganacl|40/100
|move|p1a: Garganacl|Salt Cure|p2a: Darkrai
|-damage|p2a: Darkrai|83/100
|-start|p2a: Darkrai|Salt Cure
|
|-heal|p1a: Garganacl|46/100|[from] item: Leftovers
|-damage|p2a: Darkrai|71/100|[from] Salt Cure
|upkeep
|turn|3
|
|t:|1781429864
|switch|p2a: Ting-Lu|Ting-Lu|100/100
|-ability|p2a: Ting-Lu|Vessel of Ruin
|move|p1a: Garganacl|Protect||[still]
|-fail|p1a: Garganacl
|
|-heal|p1a: Garganacl|52/100|[from] item: Leftovers
|upkeep
|turn|4
|
|t:|1781429866
|move|p2a: Ting-Lu|Stealth Rock|p1a: Garganacl
|-sidestart|p1: Ctannn|move: Stealth Rock
|move|p1a: Garganacl|Recover|p1a: Garganacl
|-heal|p1a: Garganacl|100/100
|
|upkeep
|turn|5
|
|t:|1781429869
|move|p2a: Ting-Lu|Spikes|p1a: Garganacl
|-sidestart|p1: Ctannn|Spikes
|move|p1a: Garganacl|Curse|p1a: Garganacl
|-unboost|p1a: Garganacl|spe|1
|-boost|p1a: Garganacl|atk|1
|-boost|p1a: Garganacl|def|1
|
|upkeep
|turn|6
|
|t:|1781429871
|move|p2a: Ting-Lu|Spikes|p1a: Garganacl
|-sidestart|p1: Ctannn|Spikes
|move|p1a: Garganacl|Salt Cure|p2a: Ting-Lu
|-resisted|p2a: Ting-Lu
|-damage|p2a: Ting-Lu|96/100
|-start|p2a: Ting-Lu|Salt Cure
|-enditem|p2a: Ting-Lu|Red Card|[of] p1a: Garganacl
|drag|p1a: Slowking|Slowking-Galar, F|100/100
|-damage|p1a: Slowking|88/100|[from] Stealth Rock
|-damage|p1a: Slowking|72/100|[from] Spikes
|
|-damage|p2a: Ting-Lu|83/100|[from] Salt Cure
|upkeep
|turn|7
|
|t:|1781429875
|move|p2a: Ting-Lu|Spikes|p1a: Slowking
|-sidestart|p1: Ctannn|Spikes
|move|p1a: Slowking|Future Sight|p2a: Ting-Lu
|-start|p1a: Slowking|move: Future Sight
|
|-damage|p2a: Ting-Lu|71/100|[from] Salt Cure
|upkeep
|turn|8
|
|t:|1781429878
|move|p2a: Ting-Lu|Ruination|p1a: Slowking
|-damage|p1a: Slowking|36/100
|-prepare|p1a: Slowking|Chilly Reception|[premajor]
|move|p1a: Slowking|Chilly Reception|p1a: Slowking
|-weather|Snowscape
|
|t:|1781429880
|switch|p1a: Rillaboom|Rillaboom, F|100/100|[from] Chilly Reception
|-damage|p1a: Rillaboom|88/100|[from] Stealth Rock
|-damage|p1a: Rillaboom|63/100|[from] Spikes
|-fieldstart|move: Grassy Terrain|[from] ability: Grassy Surge|[of] p1a: Rillaboom
|
|-weather|Snowscape|[upkeep]
|-heal|p1a: Rillaboom|69/100|[from] Grassy Terrain
|-heal|p2a: Ting-Lu|77/100|[from] Grassy Terrain
|-damage|p2a: Ting-Lu|64/100|[from] Salt Cure
|upkeep
|turn|9
|
|t:|1781429886
|move|p1a: Rillaboom|Wood Hammer|p2a: Ting-Lu
|-supereffective|p2a: Ting-Lu
|-damage|p2a: Ting-Lu|0 fnt
|faint|p2a: Ting-Lu
|-damage|p1a: Rillaboom|41/100|[from] Recoil
|
|-weather|Snowscape|[upkeep]
|-hint|Future Sight did not hit because the target is fainted.
|-heal|p1a: Rillaboom|47/100|[from] Grassy Terrain
|upkeep
|
|t:|1781429890
|switch|p2a: Dragonite|Dragonite, M|100/100
|turn|10
|
|t:|1781429893
|move|p2a: Dragonite|Dragon Dance|p2a: Dragonite
|-boost|p2a: Dragonite|atk|1
|-boost|p2a: Dragonite|spe|1
|move|p1a: Rillaboom|Knock Off|p2a: Dragonite
|-crit|p2a: Dragonite
|-damage|p2a: Dragonite|73/100
|-enditem|p2a: Dragonite|Heavy-Duty Boots|[from] move: Knock Off|[of] p1a: Rillaboom
|
|-weather|Snowscape|[upkeep]
|-heal|p1a: Rillaboom|53/100|[from] Grassy Terrain
|upkeep
|turn|11
|
|t:|1781429896
|switch|p1a: Garganacl|Garganacl, F|100/100
|-damage|p1a: Garganacl|88/100|[from] Stealth Rock
|-damage|p1a: Garganacl|63/100|[from] Spikes
|move|p2a: Dragonite|Ice Spinner|p1a: Garganacl
|-damage|p1a: Garganacl|33/100
|-fieldend|move: Grassy Terrain
|
|-weather|Snowscape|[upkeep]
|-heal|p1a: Garganacl|40/100|[from] item: Leftovers
|upkeep
|turn|12
|
|t:|1781429899
|move|p1a: Garganacl|Protect|p1a: Garganacl
|-singleturn|p1a: Garganacl|Protect
|move|p2a: Dragonite|Earthquake|p1a: Garganacl
|-activate|p1a: Garganacl|move: Protect
|
|-weather|none
|-heal|p1a: Garganacl|46/100|[from] item: Leftovers
|upkeep
|turn|13
|
|t:|1781429904
|-terastallize|p1a: Garganacl|Water
|move|p2a: Dragonite|Earthquake|p1a: Garganacl
|-damage|p1a: Garganacl|13/100
|move|p1a: Garganacl|Recover|p1a: Garganacl
|-heal|p1a: Garganacl|63/100
|
|-heal|p1a: Garganacl|69/100|[from] item: Leftovers
|upkeep
|turn|14
|
|t:|1781429908
|switch|p2a: Iron Valiant|Iron Valiant|100/100
|-enditem|p2a: Iron Valiant|Booster Energy
|-activate|p2a: Iron Valiant|ability: Quark Drive|[fromitem]
|-start|p2a: Iron Valiant|quarkdrivespe
|move|p1a: Garganacl|Curse|p1a: Garganacl
|-unboost|p1a: Garganacl|spe|1
|-boost|p1a: Garganacl|atk|1
|-boost|p1a: Garganacl|def|1
|
|-heal|p1a: Garganacl|75/100|[from] item: Leftovers
|upkeep
|turn|15
|
|t:|1781429911
|move|p1a: Garganacl|Protect|p1a: Garganacl
|-singleturn|p1a: Garganacl|Protect
|move|p2a: Iron Valiant|Encore|p1a: Garganacl
|-activate|p1a: Garganacl|move: Protect
|
|-heal|p1a: Garganacl|81/100|[from] item: Leftovers
|upkeep
|turn|16
|
|t:|1781429914
|move|p2a: Iron Valiant|Swords Dance|p2a: Iron Valiant
|-boost|p2a: Iron Valiant|atk|2
|move|p1a: Garganacl|Salt Cure|p2a: Iron Valiant
|-resisted|p2a: Iron Valiant
|-damage|p2a: Iron Valiant|88/100
|-start|p2a: Iron Valiant|Salt Cure
|
|-heal|p1a: Garganacl|88/100|[from] item: Leftovers
|-damage|p2a: Iron Valiant|75/100|[from] Salt Cure
|upkeep
|turn|17
|
|t:|1781429916
|move|p1a: Garganacl|Protect|p1a: Garganacl
|-singleturn|p1a: Garganacl|Protect
|move|p2a: Iron Valiant|Encore|p1a: Garganacl
|-activate|p1a: Garganacl|move: Protect
|
|-heal|p1a: Garganacl|94/100|[from] item: Leftovers
|-damage|p2a: Iron Valiant|63/100|[from] Salt Cure
|upkeep
|turn|18
|
|t:|1781429921
|switch|p1a: Landorus|Landorus-Therian, M|100/100
|-damage|p1a: Landorus|88/100|[from] Stealth Rock
|-ability|p1a: Landorus|Intimidate|boost
|-unboost|p2a: Iron Valiant|atk|1
|move|p2a: Iron Valiant|Encore||[still]
|-fail|p2a: Iron Valiant
|
|-damage|p2a: Iron Valiant|50/100|[from] Salt Cure
|upkeep
|turn|19
|
|t:|1781429927
|-end|p2a: Iron Valiant|Quark Drive|[silent]
|switch|p2a: Pecharunt|Pecharunt|100/100
|-item|p2a: Pecharunt|Air Balloon
|move|p1a: Landorus|Earthquake|p2a: Pecharunt
|-immune|p2a: Pecharunt
|
|upkeep
|turn|20
|
|t:|1781429936
|move|p2a: Pecharunt|Malignant Chain|p1a: Landorus
|-resisted|p1a: Landorus
|-damage|p1a: Landorus|71/100
|move|p1a: Landorus|U-turn|p2a: Pecharunt
|-resisted|p2a: Pecharunt
|-damage|p2a: Pecharunt|97/100
|-enditem|p2a: Pecharunt|Air Balloon
|
|t:|1781429942
|switch|p1a: Raging Bolt|Raging Bolt|100/100|[from] U-turn
|
|upkeep
|turn|21
|
|t:|1781429946
|move|p2a: Pecharunt|Malignant Chain|p1a: Raging Bolt
|-damage|p1a: Raging Bolt|68/100
|move|p1a: Raging Bolt|Volt Switch|p2a: Pecharunt
|-damage|p2a: Pecharunt|55/100
|
|t:|1781429950
|-end|p1a: Raging Bolt|Protosynthesis|[silent]
|switch|p1a: Landorus|Landorus-Therian, M|71/100|[from] Volt Switch
|-damage|p1a: Landorus|59/100|[from] Stealth Rock
|-ability|p1a: Landorus|Intimidate|boost
|-unboost|p2a: Pecharunt|atk|1
|
|upkeep
|turn|22
|
|t:|1781429957
|switch|p2a: Dragonite|Dragonite, M|73/100
|move|p1a: Landorus|Stealth Rock|p2a: Dragonite
|-sidestart|p2: elsadm27|move: Stealth Rock
|
|upkeep
|turn|23
|
|t:|1781429963
|move|p2a: Dragonite|Dragon Dance|p2a: Dragonite
|-boost|p2a: Dragonite|atk|1
|-boost|p2a: Dragonite|spe|1
|move|p1a: Landorus|U-turn|p2a: Dragonite
|-resisted|p2a: Dragonite
|-damage|p2a: Dragonite|61/100
|
|t:|1781429969
|switch|p1a: Garganacl|Garganacl, F, tera:Water|94/100|[from] U-turn
|-damage|p1a: Garganacl|81/100|[from] Stealth Rock
|-damage|p1a: Garganacl|56/100|[from] Spikes
|
|-heal|p1a: Garganacl|63/100|[from] item: Leftovers
|upkeep
|turn|24
|
|t:|1781429974
|move|p2a: Dragonite|Dragon Dance|p2a: Dragonite
|-boost|p2a: Dragonite|atk|1
|-boost|p2a: Dragonite|spe|1
|move|p1a: Garganacl|Recover|p1a: Garganacl
|-heal|p1a: Garganacl|100/100
|
|upkeep
|turn|25
|
|t:|1781429976
|move|p2a: Dragonite|Earthquake|p1a: Garganacl
|-damage|p1a: Garganacl|50/100
|move|p1a: Garganacl|Curse|p1a: Garganacl
|-unboost|p1a: Garganacl|spe|1
|-boost|p1a: Garganacl|atk|1
|-boost|p1a: Garganacl|def|1
|
|-heal|p1a: Garganacl|57/100|[from] item: Leftovers
|upkeep
|turn|26
|
|t:|1781429980
|move|p2a: Dragonite|Earthquake|p1a: Garganacl
|-damage|p1a: Garganacl|24/100
|move|p1a: Garganacl|Salt Cure|p2a: Dragonite
|-supereffective|p2a: Dragonite
|-damage|p2a: Dragonite|11/100
|-start|p2a: Dragonite|Salt Cure
|
|-heal|p1a: Garganacl|30/100|[from] item: Leftovers
|-damage|p2a: Dragonite|0 fnt|[from] Salt Cure
|faint|p2a: Dragonite
|upkeep
|
|t:|1781429984
|switch|p2a: Darkrai|Darkrai, tera:Dark|71/100
|-damage|p2a: Darkrai|59/100|[from] Stealth Rock
|turn|27
|
|t:|1781429987
|move|p1a: Garganacl|Protect|p1a: Garganacl
|-singleturn|p1a: Garganacl|Protect
|move|p2a: Darkrai|Dark Pulse|p1a: Garganacl
|-activate|p1a: Garganacl|move: Protect
|
|-heal|p1a: Garganacl|36/100|[from] item: Leftovers
|upkeep
|turn|28
|
|t:|1781429993
|move|p2a: Darkrai|Dark Pulse|p1a: Garganacl
|-damage|p1a: Garganacl|0 fnt
|faint|p1a: Garganacl
|
|upkeep
|
|t:|1781429996
|switch|p1a: Raging Bolt|Raging Bolt|68/100
|turn|29
|
|t:|1781430003
|switch|p2a: Iron Valiant|Iron Valiant|50/100
|-damage|p2a: Iron Valiant|44/100|[from] Stealth Rock
|move|p1a: Raging Bolt|Thunderbolt|p2a: Iron Valiant
|-damage|p2a: Iron Valiant|0 fnt
|faint|p2a: Iron Valiant
|-end|p2a: Iron Valiant|Quark Drive|[silent]
|
|upkeep
|
|t:|1781430008
|switch|p2a: Kingambit|Kingambit, M|100/100
|-damage|p2a: Kingambit|94/100|[from] Stealth Rock
|-activate|p2a: Kingambit|ability: Supreme Overlord
|-start|p2a: Kingambit|fallen3|[silent]
|turn|30
|
|t:|1781430014
|move|p1a: Raging Bolt|Thunderbolt|p2a: Kingambit
|-damage|p2a: Kingambit|37/100
|move|p2a: Kingambit|Swords Dance|p2a: Kingambit
|-boost|p2a: Kingambit|atk|2
|
|-heal|p2a: Kingambit|43/100|[from] item: Leftovers
|upkeep
|turn|31
|
|t:|1781430019
|move|p1a: Raging Bolt|Thunderclap||[still]
|-fail|p1a: Raging Bolt
|move|p2a: Kingambit|Swords Dance|p2a: Kingambit
|-boost|p2a: Kingambit|atk|2
|
|-heal|p2a: Kingambit|49/100|[from] item: Leftovers
|upkeep
|turn|32
|
|t:|1781430021
|move|p1a: Raging Bolt|Thunderclap||[still]
|-fail|p1a: Raging Bolt
|move|p2a: Kingambit|Swords Dance|p2a: Kingambit
|-boost|p2a: Kingambit|atk|2
|
|-heal|p2a: Kingambit|55/100|[from] item: Leftovers
|upkeep
|turn|33
|
|t:|1781430026
|move|p1a: Raging Bolt|Thunderclap||[still]
|-fail|p1a: Raging Bolt
|move|p2a: Kingambit|Swords Dance|p2a: Kingambit
|-boost|p2a: Kingambit|atk|0
|
|-heal|p2a: Kingambit|61/100|[from] item: Leftovers
|upkeep
|turn|34
|
|t:|1781430030
|move|p1a: Raging Bolt|Thunderclap||[still]
|-fail|p1a: Raging Bolt
|move|p2a: Kingambit|Swords Dance|p2a: Kingambit
|-boost|p2a: Kingambit|atk|0
|
|-heal|p2a: Kingambit|67/100|[from] item: Leftovers
|upkeep
|turn|35
|
|t:|1781430036
|move|p1a: Raging Bolt|Thunderbolt|p2a: Kingambit
|-damage|p2a: Kingambit|10/100
|move|p2a: Kingambit|Swords Dance|p2a: Kingambit
|-boost|p2a: Kingambit|atk|0
|
|-heal|p2a: Kingambit|16/100|[from] item: Leftovers
|upkeep
|turn|36
|
|t:|1781430041
|move|p1a: Raging Bolt|Thunderbolt|p2a: Kingambit
|-damage|p2a: Kingambit|0 fnt
|faint|p2a: Kingambit
|-end|p2a: Kingambit|fallen3|[silent]
|
|upkeep
|
|t:|1781430043
|switch|p2a: Pecharunt|Pecharunt|55/100
|-damage|p2a: Pecharunt|43/100|[from] Stealth Rock
|turn|37
|
|t:|1781430045
|move|p2a: Pecharunt|Recover|p2a: Pecharunt
|-heal|p2a: Pecharunt|93/100
|move|p1a: Raging Bolt|Thunderbolt|p2a: Pecharunt
|-damage|p2a: Pecharunt|33/100
|-status|p2a: Pecharunt|par
|
|upkeep
|turn|38
|
|t:|1781430048
|move|p1a: Raging Bolt|Thunderbolt|p2a: Pecharunt
|-damage|p2a: Pecharunt|0 fnt
|faint|p2a: Pecharunt
|
|upkeep
|-message|elsadm27 forfeited.
|
|win|Ctannn
|raw|Ctannn's rating: 1774 &rarr; <strong>1792</strong><br />(+18 for winning)
|raw|elsadm27's rating: 1746 &rarr; <strong>1728</strong><br />(-18 for losing)
|l|‽elsadm27
|player|p2|
|l|☆Ctannn
|player|p1|
