|j|☆XianTwa
|j|‽LT_Alt1
|t:|1780892621
|gametype|singles
|player|p1|XianTwa|dawn|1565
|player|p2|LT_Alt1|265|1644
|gen|9
|tier|[Gen 9] OU
|rated|
|rule|HP Percentage Mod: HP is shown in percentages
|rule|Endless Battle Clause: Forcing endless battles is banned
|rule|Species Clause: Limit one of each Pokémon
|rule|OHKO Clause: OHKO moves are banned
|rule|Evasion Items Clause: Evasion items are banned
|rule|Evasion Moves Clause: Evasion moves are banned
|rule|Evasion Abilities Clause: Evasion abilities are banned
|rule|Sleep Moves Clause: Sleep-inducing moves are banned
|clearpoke
|poke|p1|Zoroark-Hisui, M|
|poke|p1|Ogerpon-Wellspring, F|
|poke|p1|Great Tusk|
|poke|p1|Garganacl, F|
|poke|p1|Pecharunt|
|poke|p1|Alomomola, F|
|poke|p2|Garganacl, F|
|poke|p2|Slowking-Galar, F|
|poke|p2|Kyurem|
|poke|p2|Weezing-Galar, F|
|poke|p2|Moltres|
|poke|p2|Iron Treads|
|teampreview
|inactive|Battle timer is ON: inactive players will automatically lose when time's up. (requested by XianTwa)
|
|t:|1780892650
|teamsize|p1|6
|teamsize|p2|6
|start
|switch|p1a: Ogerpon|Ogerpon-Wellspring, F|100/100
|switch|p2a: Moltres|Moltres|100/100
|turn|1
|
|t:|1780892669
|switch|p1a: Great Tusk|Great Tusk|100/100
|move|p2a: Moltres|Will-O-Wisp|p1a: Great Tusk
|-status|p1a: Great Tusk|brn
|
|-damage|p1a: Great Tusk|95/100 brn|[from] brn
|upkeep
|turn|2
|j| Champion reko
|
|t:|1780892684
|move|p1a: Great Tusk|Shadow Ball|p2a: Moltres
|-damage|p2a: Moltres|43/100
|move|p2a: Moltres|Flamethrower|p1a: Great Tusk
|-damage|p1a: Great Tusk|18/100 brn
|replace|p1a: Zoroark|Zoroark-Hisui, M
|-end|p1a: Zoroark|Illusion
|
|-damage|p1a: Zoroark|12/100 brn|[from] brn
|upkeep
|turn|3
|
|t:|1780892690
|switch|p2a: Garganacl|Garganacl, F|100/100
|move|p1a: Zoroark|Shadow Ball|p2a: Garganacl
|-damage|p2a: Garganacl|77/100
|
|-heal|p2a: Garganacl|83/100|[from] item: Leftovers
|-damage|p1a: Zoroark|6/100 brn|[from] brn
|upkeep
|turn|4
|
|t:|1780892694
|switch|p1a: Garganacl|Garganacl, F|100/100
|move|p2a: Garganacl|Salt Cure|p1a: Garganacl
|-damage|p1a: Garganacl|91/100
|-start|p1a: Garganacl|Salt Cure
|
|-heal|p2a: Garganacl|89/100|[from] item: Leftovers
|-heal|p1a: Garganacl|98/100|[from] item: Leftovers
|-damage|p1a: Garganacl|85/100|[from] Salt Cure
|upkeep
|turn|5
|
|t:|1780892699
|move|p1a: Garganacl|Stealth Rock|p2a: Garganacl
|-sidestart|p2: LT_Alt1|move: Stealth Rock
|move|p2a: Garganacl|Body Press|p1a: Garganacl
|-supereffective|p1a: Garganacl
|-damage|p1a: Garganacl|51/100
|
|-heal|p2a: Garganacl|95/100|[from] item: Leftovers
|-heal|p1a: Garganacl|57/100|[from] item: Leftovers
|-damage|p1a: Garganacl|45/100|[from] Salt Cure
|upkeep
|turn|6
|
|t:|1780892702
|switch|p2a: Weezing|Weezing-Galar, F|100/100
|-ability|p2a: Weezing|Neutralizing Gas
|-damage|p2a: Weezing|88/100|[from] Stealth Rock
|move|p1a: Garganacl|Recover|p1a: Garganacl
|-heal|p1a: Garganacl|95/100
|
|-heal|p2a: Weezing|94/100|[from] item: Leftovers
|-heal|p1a: Garganacl|100/100|[from] item: Leftovers
|-damage|p1a: Garganacl|88/100|[from] Salt Cure
|upkeep
|turn|7
|l| Champion reko
|
|t:|1780892711
|switch|p1a: Great Tusk|Great Tusk|100/100
|move|p2a: Weezing|Defog|p1a: Great Tusk
|-unboost|p1a: Great Tusk|evasion|1
|-sideend|p2: LT_Alt1|Stealth Rock|[from] move: Defog|[of] p2a: Weezing
|
|-heal|p2a: Weezing|99/100|[from] item: Leftovers
|upkeep
|turn|8
|
|t:|1780892719
|move|p1a: Great Tusk|Headlong Rush|p2a: Weezing
|-supereffective|p2a: Weezing
|-damage|p2a: Weezing|3/100
|-unboost|p1a: Great Tusk|def|1
|-unboost|p1a: Great Tusk|spd|1
|move|p2a: Weezing|Will-O-Wisp|p1a: Great Tusk
|-status|p1a: Great Tusk|brn
|
|-heal|p2a: Weezing|9/100|[from] item: Leftovers
|-damage|p1a: Great Tusk|94/100 brn|[from] brn
|upkeep
|turn|9
|
|t:|1780892727
|-end|p2a: Weezing|ability: Neutralizing Gas
|switch|p2a: Moltres|Moltres|43/100
|move|p1a: Great Tusk|Headlong Rush|p2a: Moltres
|-immune|p2a: Moltres
|
|-damage|p1a: Great Tusk|88/100 brn|[from] brn
|upkeep
|turn|10
|
|t:|1780892731
|-end|p1a: Great Tusk|Protosynthesis|[silent]
|switch|p1a: Ogerpon|Ogerpon-Wellspring, F|100/100
|move|p2a: Moltres|Roost|p2a: Moltres
|-heal|p2a: Moltres|93/100
|-singleturn|p2a: Moltres|move: Roost
|
|upkeep
|turn|11
|
|t:|1780892737
|-terastallize|p2a: Moltres|Dragon
|move|p1a: Ogerpon|Ivy Cudgel|p2a: Moltres|[anim] Ivy Cudgel Water
|-resisted|p2a: Moltres
|-damage|p2a: Moltres|72/100
|move|p2a: Moltres|Will-O-Wisp|p1a: Ogerpon
|-status|p1a: Ogerpon|brn
|
|-damage|p1a: Ogerpon|95/100 brn|[from] brn
|upkeep
|turn|12
|
|t:|1780892745
|move|p1a: Ogerpon|Encore|p2a: Moltres
|-start|p2a: Moltres|Encore
|move|p2a: Moltres|Will-O-Wisp|p1a: Ogerpon
|-fail|p1a: Ogerpon|brn
|
|-damage|p1a: Ogerpon|89/100 brn|[from] brn
|upkeep
|turn|13
|
|t:|1780892749
|switch|p1a: Garganacl|Garganacl, F|88/100
|switch|p2a: Slowking|Slowking-Galar, F|100/100
|
|-heal|p1a: Garganacl|94/100|[from] item: Leftovers
|upkeep
|turn|14
|
|t:|1780892753
|switch|p2a: Weezing|Weezing-Galar, F|9/100
|-ability|p2a: Weezing|Neutralizing Gas
|move|p1a: Garganacl|Stealth Rock|p2a: Weezing
|-sidestart|p2: LT_Alt1|move: Stealth Rock
|
|-heal|p2a: Weezing|15/100|[from] item: Leftovers
|-heal|p1a: Garganacl|100/100|[from] item: Leftovers
|upkeep
|turn|15
|
|t:|1780892760
|switch|p1a: Zoroark|Zoroark-Hisui, M|6/100 brn
|move|p2a: Weezing|Defog|p1a: Zoroark
|-unboost|p1a: Zoroark|evasion|1
|-sideend|p2: LT_Alt1|Stealth Rock|[from] move: Defog|[of] p2a: Weezing
|
|-heal|p2a: Weezing|21/100|[from] item: Leftovers
|-damage|p1a: Zoroark|0 fnt|[from] brn
|faint|p1a: Zoroark
|upkeep
|
|t:|1780892775
|switch|p1a: Ogerpon|Ogerpon-Wellspring, F|89/100 brn
|turn|16
|
|t:|1780892793
|-end|p2a: Weezing|ability: Neutralizing Gas
|switch|p2a: Moltres|Moltres, tera:Dragon|72/100
|move|p1a: Ogerpon|Ivy Cudgel|p2a: Moltres|[anim] Ivy Cudgel Water
|-resisted|p2a: Moltres
|-damage|p2a: Moltres|60/100
|
|-damage|p1a: Ogerpon|83/100 brn|[from] brn
|upkeep
|turn|17
|
|t:|1780892800
|switch|p1a: Garganacl|Garganacl, F|100/100
|move|p2a: Moltres|Roost|p2a: Moltres
|-heal|p2a: Moltres|100/100
|
|upkeep
|turn|18
|
|t:|1780892804
|move|p2a: Moltres|U-turn|p1a: Garganacl
|-damage|p1a: Garganacl|92/100
|
|t:|1780892807
|switch|p2a: Weezing|Weezing-Galar, F|21/100|[from] U-turn
|-ability|p2a: Weezing|Neutralizing Gas
|move|p1a: Garganacl|Salt Cure|p2a: Weezing
|-crit|p2a: Weezing
|-damage|p2a: Weezing|6/100
|-start|p2a: Weezing|Salt Cure
|
|-heal|p2a: Weezing|12/100|[from] item: Leftovers
|-heal|p1a: Garganacl|98/100|[from] item: Leftovers
|-damage|p2a: Weezing|0 fnt|[from] Salt Cure
|faint|p2a: Weezing
|-end|p2a: Weezing|ability: Neutralizing Gas
|upkeep
|
|t:|1780892816
|switch|p2a: Iron Treads|Iron Treads|100/100
|turn|19
|
|t:|1780892830
|switch|p1a: Ogerpon|Ogerpon-Wellspring, F|83/100 brn
|move|p2a: Iron Treads|Knock Off|p1a: Ogerpon
|-damage|p1a: Ogerpon|63/100 brn
|
|-damage|p1a: Ogerpon|57/100 brn|[from] brn
|upkeep
|turn|20
|
|t:|1780892837
|move|p1a: Ogerpon|Ivy Cudgel|p2a: Iron Treads|[anim] Ivy Cudgel Water
|-supereffective|p2a: Iron Treads
|-damage|p2a: Iron Treads|56/100
|move|p2a: Iron Treads|Stealth Rock|p1a: Ogerpon
|-sidestart|p1: XianTwa|move: Stealth Rock
|
|-heal|p2a: Iron Treads|62/100|[from] item: Leftovers
|-damage|p1a: Ogerpon|51/100 brn|[from] brn
|upkeep
|turn|21
|
|t:|1780892844
|-end|p2a: Iron Treads|Quark Drive|[silent]
|switch|p2a: Moltres|Moltres, tera:Dragon|100/100
|move|p1a: Ogerpon|Ivy Cudgel|p2a: Moltres|[anim] Ivy Cudgel Water
|-resisted|p2a: Moltres
|-damage|p2a: Moltres|89/100
|
|-damage|p1a: Ogerpon|45/100 brn|[from] brn
|upkeep
|turn|22
|
|t:|1780892848
|move|p1a: Ogerpon|Swords Dance|p1a: Ogerpon
|-boost|p1a: Ogerpon|atk|2
|move|p2a: Moltres|U-turn|p1a: Ogerpon
|-supereffective|p1a: Ogerpon
|-damage|p1a: Ogerpon|3/100 brn
|
|t:|1780892852
|switch|p2a: Iron Treads|Iron Treads|62/100|[from] U-turn
|
|-heal|p2a: Iron Treads|68/100|[from] item: Leftovers
|-damage|p1a: Ogerpon|0 fnt|[from] brn
|faint|p1a: Ogerpon
|upkeep
|
|t:|1780892854
|switch|p1a: Great Tusk|Great Tusk|88/100 brn
|turn|23
|
|t:|1780892859
|move|p2a: Iron Treads|Knock Off|p1a: Great Tusk
|-resisted|p1a: Great Tusk
|-damage|p1a: Great Tusk|78/100 brn
|-enditem|p1a: Great Tusk|Heavy-Duty Boots|[from] move: Knock Off|[of] p2a: Iron Treads
|move|p1a: Great Tusk|Rapid Spin|p2a: Iron Treads
|-resisted|p2a: Iron Treads
|-damage|p2a: Iron Treads|65/100
|-boost|p1a: Great Tusk|spe|1
|-sideend|p1: XianTwa|Stealth Rock|[from] move: Rapid Spin|[of] p1a: Great Tusk
|
|-heal|p2a: Iron Treads|71/100|[from] item: Leftovers
|-damage|p1a: Great Tusk|72/100 brn|[from] brn
|upkeep
|turn|24
|
|t:|1780892865
|-end|p1a: Great Tusk|Protosynthesis|[silent]
|switch|p1a: Garganacl|Garganacl, F|98/100
|-end|p2a: Iron Treads|Quark Drive|[silent]
|switch|p2a: Moltres|Moltres, tera:Dragon|89/100
|
|-heal|p1a: Garganacl|100/100|[from] item: Leftovers
|upkeep
|turn|25
|
|t:|1780892869
|move|p2a: Moltres|U-turn|p1a: Garganacl
|-damage|p1a: Garganacl|91/100
|
|t:|1780892871
|switch|p2a: Slowking|Slowking-Galar, F|100/100|[from] U-turn
|move|p1a: Garganacl|Stealth Rock|p2a: Slowking
|-sidestart|p2: LT_Alt1|move: Stealth Rock
|
|-heal|p1a: Garganacl|97/100|[from] item: Leftovers
|upkeep
|turn|26
|
|t:|1780892875
|move|p1a: Garganacl|Salt Cure|p2a: Slowking
|-damage|p2a: Slowking|87/100
|-start|p2a: Slowking|Salt Cure
|move|p2a: Slowking|Future Sight|p1a: Garganacl
|-start|p2a: Slowking|move: Future Sight
|
|-heal|p1a: Garganacl|100/100|[from] item: Leftovers
|-damage|p2a: Slowking|74/100|[from] Salt Cure
|upkeep
|turn|27
|
|t:|1780892881
|switch|p1a: Alomomola|Alomomola, F|100/100
|-prepare|p2a: Slowking|Chilly Reception|[premajor]
|move|p2a: Slowking|Chilly Reception|p2a: Slowking
|-weather|Snowscape
|
|t:|1780892886
|switch|p2a: Iron Treads|Iron Treads|71/100|[from] Chilly Reception
|-damage|p2a: Iron Treads|68/100|[from] Stealth Rock
|
|-weather|Snowscape|[upkeep]
|-heal|p2a: Iron Treads|74/100|[from] item: Leftovers
|upkeep
|turn|28
|
|t:|1780892892
|-end|p2a: Iron Treads|Quark Drive|[silent]
|switch|p2a: Slowking|Slowking-Galar, F|100/100
|-damage|p2a: Slowking|88/100|[from] Stealth Rock
|move|p1a: Alomomola|Scald|p2a: Slowking
|-damage|p2a: Slowking|79/100
|
|-weather|Snowscape|[upkeep]
|-end|p1a: Alomomola|move: Future Sight
|-damage|p1a: Alomomola|75/100
|upkeep
|turn|29
|
|t:|1780892901
|move|p1a: Alomomola|Flip Turn|p2a: Slowking
|-damage|p2a: Slowking|63/100
|
|t:|1780892902
|switch|p1a: Pecharunt|Pecharunt|100/100|[from] Flip Turn
|move|p2a: Slowking|Future Sight|p1a: Pecharunt
|-start|p2a: Slowking|move: Future Sight
|
|-weather|Snowscape|[upkeep]
|upkeep
|turn|30
|
|t:|1780892906
|move|p1a: Pecharunt|Parting Shot|p2a: Slowking
|-unboost|p2a: Slowking|atk|1
|-unboost|p2a: Slowking|spa|1
|
|t:|1780892907
|switch|p1a: Alomomola|Alomomola, F|100/100|[from] Parting Shot
|-prepare|p2a: Slowking|Chilly Reception|[premajor]
|move|p2a: Slowking|Chilly Reception|p2a: Slowking
|
|t:|1780892911
|switch|p2a: Moltres|Moltres, tera:Dragon|89/100|[from] Chilly Reception
|
|-weather|Snowscape|[upkeep]
|upkeep
|turn|31
|
|t:|1780892932
|move|p2a: Moltres|Will-O-Wisp|p1a: Alomomola
|-status|p1a: Alomomola|brn
|move|p1a: Alomomola|Body Slam|p2a: Moltres
|-damage|p2a: Moltres|84/100
|
|-weather|none
|-end|p1a: Alomomola|move: Future Sight
|-damage|p1a: Alomomola|76/100 brn
|-damage|p1a: Alomomola|70/100 brn|[from] brn
|upkeep
|turn|32
|
|t:|1780892947
|move|p2a: Moltres|U-turn|p1a: Alomomola
|-damage|p1a: Alomomola|59/100 brn
|
|t:|1780892951
|switch|p2a: Slowking|Slowking-Galar, F|96/100|[from] U-turn
|-damage|p2a: Slowking|83/100|[from] Stealth Rock
|move|p1a: Alomomola|Flip Turn|p2a: Slowking
|-damage|p2a: Slowking|75/100
|
|t:|1780892955
|switch|p1a: Great Tusk|Great Tusk|72/100 brn|[from] Flip Turn
|
|-damage|p1a: Great Tusk|66/100 brn|[from] brn
|upkeep
|turn|33
|
|t:|1780892959
|move|p1a: Great Tusk|Headlong Rush|p2a: Slowking
|-supereffective|p2a: Slowking
|-damage|p2a: Slowking|5/100
|-unboost|p1a: Great Tusk|def|1
|-unboost|p1a: Great Tusk|spd|1
|move|p2a: Slowking|Future Sight|p1a: Great Tusk
|-start|p2a: Slowking|move: Future Sight
|
|-damage|p1a: Great Tusk|60/100 brn|[from] brn
|upkeep
|turn|34
|
|t:|1780892965
|switch|p2a: Moltres|Moltres, tera:Dragon|84/100
|move|p1a: Great Tusk|Headlong Rush|p2a: Moltres
|-damage|p2a: Moltres|62/100
|-unboost|p1a: Great Tusk|def|1
|-unboost|p1a: Great Tusk|spd|1
|
|-damage|p1a: Great Tusk|54/100 brn|[from] brn
|upkeep
|turn|35
|
|t:|1780892974
|-end|p1a: Great Tusk|Protosynthesis|[silent]
|switch|p1a: Alomomola|Alomomola, F|92/100 brn
|move|p2a: Moltres|U-turn|p1a: Alomomola
|-damage|p1a: Alomomola|82/100 brn
|
|t:|1780892978
|switch|p2a: Slowking|Slowking-Galar, F|38/100|[from] U-turn
|-damage|p2a: Slowking|26/100|[from] Stealth Rock
|
|-end|p1a: Alomomola|move: Future Sight
|-damage|p1a: Alomomola|56/100 brn
|-damage|p1a: Alomomola|50/100 brn|[from] brn
|upkeep
|turn|36
|
|t:|1780892981
|move|p1a: Alomomola|Flip Turn|p2a: Slowking
|-damage|p2a: Slowking|17/100
|
|t:|1780892983
|switch|p1a: Garganacl|Garganacl, F|100/100|[from] Flip Turn
|-prepare|p2a: Slowking|Chilly Reception|[premajor]
|move|p2a: Slowking|Chilly Reception|p2a: Slowking
|-weather|Snowscape
|
|t:|1780892992
|switch|p2a: Iron Treads|Iron Treads|74/100|[from] Chilly Reception
|-damage|p2a: Iron Treads|71/100|[from] Stealth Rock
|
|-weather|Snowscape|[upkeep]
|-heal|p2a: Iron Treads|77/100|[from] item: Leftovers
|upkeep
|turn|37
|
|t:|1780892994
|move|p2a: Iron Treads|Knock Off|p1a: Garganacl
|-damage|p1a: Garganacl|83/100
|-enditem|p1a: Garganacl|Leftovers|[from] move: Knock Off|[of] p2a: Iron Treads
|move|p1a: Garganacl|Salt Cure|p2a: Iron Treads
|-resisted|p2a: Iron Treads
|-damage|p2a: Iron Treads|75/100
|-start|p2a: Iron Treads|Salt Cure
|
|-weather|Snowscape|[upkeep]
|-heal|p2a: Iron Treads|81/100|[from] item: Leftovers
|-damage|p2a: Iron Treads|56/100|[from] Salt Cure
|upkeep
|turn|38
|
|t:|1780893001
|-end|p2a: Iron Treads|Quark Drive|[silent]
|switch|p2a: Slowking|Slowking-Galar, F|50/100
|-damage|p2a: Slowking|38/100|[from] Stealth Rock
|move|p1a: Garganacl|Protect||[still]
|-fail|p1a: Garganacl
|
|-weather|Snowscape|[upkeep]
|upkeep
|turn|39
|
|t:|1780893005
|move|p1a: Garganacl|Salt Cure|p2a: Slowking
|-damage|p2a: Slowking|24/100
|-start|p2a: Slowking|Salt Cure
|move|p2a: Slowking|Future Sight|p1a: Garganacl
|-start|p2a: Slowking|move: Future Sight
|
|-weather|Snowscape|[upkeep]
|-damage|p2a: Slowking|11/100|[from] Salt Cure
|upkeep
|turn|40
|
|t:|1780893016
|switch|p2a: Moltres|Moltres, tera:Dragon|62/100
|move|p1a: Garganacl|Salt Cure|p2a: Moltres
|-crit|p2a: Moltres
|-damage|p2a: Moltres|47/100
|-start|p2a: Moltres|Salt Cure
|
|-weather|none
|-damage|p2a: Moltres|35/100|[from] Salt Cure
|upkeep
|turn|41
|
|t:|1780893024
|switch|p1a: Alomomola|Alomomola, F|83/100 brn
|move|p2a: Moltres|Roost|p2a: Moltres
|-heal|p2a: Moltres|85/100
|
|-end|p1a: Alomomola|move: Future Sight
|-damage|p1a: Alomomola|57/100 brn
|-damage|p1a: Alomomola|51/100 brn|[from] brn
|-damage|p2a: Moltres|72/100|[from] Salt Cure
|upkeep
|turn|42
|
|t:|1780893030
|move|p2a: Moltres|U-turn|p1a: Alomomola
|-damage|p1a: Alomomola|42/100 brn
|
|t:|1780893033
|switch|p2a: Slowking|Slowking-Galar, F|45/100|[from] U-turn
|-damage|p2a: Slowking|32/100|[from] Stealth Rock
|move|p1a: Alomomola|Flip Turn|p2a: Slowking
|-damage|p2a: Slowking|23/100
|
|t:|1780893036
|switch|p1a: Great Tusk|Great Tusk|54/100 brn|[from] Flip Turn
|
|-damage|p1a: Great Tusk|47/100 brn|[from] brn
|upkeep
|turn|43
|
|t:|1780893043
|switch|p2a: Moltres|Moltres, tera:Dragon|72/100
|move|p1a: Great Tusk|Headlong Rush|p2a: Moltres
|-damage|p2a: Moltres|48/100
|-unboost|p1a: Great Tusk|def|1
|-unboost|p1a: Great Tusk|spd|1
|
|-damage|p1a: Great Tusk|41/100 brn|[from] brn
|upkeep
|turn|44
|
|t:|1780893045
|-end|p1a: Great Tusk|Protosynthesis|[silent]
|switch|p1a: Garganacl|Garganacl, F|83/100
|move|p2a: Moltres|Roost|p2a: Moltres
|-heal|p2a: Moltres|98/100
|
|upkeep
|turn|45
|
|t:|1780893051
|move|p2a: Moltres|U-turn|p1a: Garganacl
|-damage|p1a: Garganacl|74/100
|
|t:|1780893053
|switch|p2a: Slowking|Slowking-Galar, F|57/100|[from] U-turn
|-damage|p2a: Slowking|44/100|[from] Stealth Rock
|move|p1a: Garganacl|Salt Cure|p2a: Slowking
|-damage|p2a: Slowking|31/100
|-start|p2a: Slowking|Salt Cure
|
|-damage|p2a: Slowking|19/100|[from] Salt Cure
|upkeep
|turn|46
|
|t:|1780893059
|switch|p2a: Moltres|Moltres, tera:Dragon|98/100
|move|p1a: Garganacl|Salt Cure|p2a: Moltres
|-damage|p2a: Moltres|87/100
|-start|p2a: Moltres|Salt Cure
|
|-damage|p2a: Moltres|75/100|[from] Salt Cure
|upkeep
|turn|47
|
|t:|1780893065
|switch|p2a: Slowking|Slowking-Galar, F|52/100
|-damage|p2a: Slowking|39/100|[from] Stealth Rock
|move|p1a: Garganacl|Salt Cure|p2a: Slowking
|-damage|p2a: Slowking|24/100
|-start|p2a: Slowking|Salt Cure
|
|-damage|p2a: Slowking|12/100|[from] Salt Cure
|upkeep
|turn|48
|
|t:|1780893072
|switch|p2a: Moltres|Moltres, tera:Dragon|75/100
|move|p1a: Garganacl|Salt Cure|p2a: Moltres
|-damage|p2a: Moltres|64/100
|-start|p2a: Moltres|Salt Cure
|
|-damage|p2a: Moltres|52/100|[from] Salt Cure
|upkeep
|turn|49
|
|t:|1780893080
|move|p2a: Moltres|Roost|p2a: Moltres
|-heal|p2a: Moltres|100/100
|move|p1a: Garganacl|Recover|p1a: Garganacl
|-heal|p1a: Garganacl|100/100
|
|-damage|p2a: Moltres|88/100|[from] Salt Cure
|upkeep
|turn|50
|
|t:|1780893088
|switch|p2a: Slowking|Slowking-Galar, F|45/100
|-damage|p2a: Slowking|32/100|[from] Stealth Rock
|move|p1a: Garganacl|Salt Cure|p2a: Slowking
|-damage|p2a: Slowking|19/100
|-start|p2a: Slowking|Salt Cure
|
|-damage|p2a: Slowking|6/100|[from] Salt Cure
|upkeep
|turn|51
|
|t:|1780893097
|switch|p2a: Garganacl|Garganacl, F|95/100
|-damage|p2a: Garganacl|83/100|[from] Stealth Rock
|move|p1a: Garganacl|Salt Cure|p2a: Garganacl
|-damage|p2a: Garganacl|75/100
|-start|p2a: Garganacl|Salt Cure
|
|-heal|p2a: Garganacl|81/100|[from] item: Leftovers
|-damage|p2a: Garganacl|69/100|[from] Salt Cure
|upkeep
|turn|52
|
|t:|1780893103
|switch|p2a: Slowking|Slowking-Galar, F|40/100
|-damage|p2a: Slowking|27/100|[from] Stealth Rock
|move|p1a: Garganacl|Protect||[still]
|-fail|p1a: Garganacl
|
|upkeep
|turn|53
|
|t:|1780893107
|move|p1a: Garganacl|Salt Cure|p2a: Slowking
|-damage|p2a: Slowking|13/100
|-start|p2a: Slowking|Salt Cure
|-prepare|p2a: Slowking|Chilly Reception|[premajor]
|move|p2a: Slowking|Chilly Reception|p2a: Slowking
|-weather|Snowscape
|
|t:|1780893110
|switch|p2a: Moltres|Moltres, tera:Dragon|88/100|[from] Chilly Reception
|
|-weather|Snowscape|[upkeep]
|upkeep
|turn|54
|
|t:|1780893116
|move|p2a: Moltres|U-turn|p1a: Garganacl
|-damage|p1a: Garganacl|91/100
|
|t:|1780893121
|switch|p2a: Slowking|Slowking-Galar, F|47/100|[from] U-turn
|-damage|p2a: Slowking|34/100|[from] Stealth Rock
|move|p1a: Garganacl|Salt Cure|p2a: Slowking
|-damage|p2a: Slowking|19/100
|-start|p2a: Slowking|Salt Cure
|
|-weather|Snowscape|[upkeep]
|-damage|p2a: Slowking|6/100|[from] Salt Cure
|upkeep
|turn|55
|
|t:|1780893129
|switch|p2a: Moltres|Moltres, tera:Dragon|88/100
|move|p1a: Garganacl|Salt Cure|p2a: Moltres
|-damage|p2a: Moltres|78/100
|-start|p2a: Moltres|Salt Cure
|
|-weather|Snowscape|[upkeep]
|-damage|p2a: Moltres|66/100|[from] Salt Cure
|upkeep
|turn|56
|
|t:|1780893136
|move|p2a: Moltres|U-turn|p1a: Garganacl
|-damage|p1a: Garganacl|81/100
|
|t:|1780893139
|switch|p2a: Garganacl|Garganacl, F|69/100|[from] U-turn
|-damage|p2a: Garganacl|57/100|[from] Stealth Rock
|move|p1a: Garganacl|Salt Cure|p2a: Garganacl
|-crit|p2a: Garganacl
|-damage|p2a: Garganacl|45/100
|-start|p2a: Garganacl|Salt Cure
|
|-weather|Snowscape|[upkeep]
|-heal|p2a: Garganacl|51/100|[from] item: Leftovers
|-damage|p2a: Garganacl|39/100|[from] Salt Cure
|upkeep
|turn|57
|
|t:|1780893145
|move|p1a: Garganacl|Salt Cure|p2a: Garganacl
|-damage|p2a: Garganacl|30/100
|move|p2a: Garganacl|Recover|p2a: Garganacl
|-heal|p2a: Garganacl|80/100
|
|-weather|none
|-heal|p2a: Garganacl|86/100|[from] item: Leftovers
|-damage|p2a: Garganacl|74/100|[from] Salt Cure
|upkeep
|turn|58
|
|t:|1780893154
|move|p2a: Garganacl|Salt Cure|p1a: Garganacl
|-damage|p1a: Garganacl|72/100
|-start|p1a: Garganacl|Salt Cure
|move|p1a: Garganacl|Salt Cure|p2a: Garganacl
|-damage|p2a: Garganacl|66/100
|
|-heal|p2a: Garganacl|73/100|[from] item: Leftovers
|-damage|p2a: Garganacl|60/100|[from] Salt Cure
|-damage|p1a: Garganacl|59/100|[from] Salt Cure
|upkeep
|turn|59
|
|t:|1780893160
|switch|p2a: Slowking|Slowking-Galar, F|40/100
|-damage|p2a: Slowking|27/100|[from] Stealth Rock
|move|p1a: Garganacl|Salt Cure|p2a: Slowking
|-damage|p2a: Slowking|13/100
|-start|p2a: Slowking|Salt Cure
|
|-damage|p1a: Garganacl|47/100|[from] Salt Cure
|-damage|p2a: Slowking|1/100|[from] Salt Cure
|upkeep
|turn|60
|
|t:|1780893168
|switch|p2a: Garganacl|Garganacl, F|60/100
|-damage|p2a: Garganacl|48/100|[from] Stealth Rock
|move|p1a: Garganacl|Recover|p1a: Garganacl
|-heal|p1a: Garganacl|97/100
|
|-heal|p2a: Garganacl|54/100|[from] item: Leftovers
|-damage|p1a: Garganacl|85/100|[from] Salt Cure
|upkeep
|turn|61
|
|t:|1780893175
|switch|p1a: Great Tusk|Great Tusk|41/100 brn
|move|p2a: Garganacl|Body Press|p1a: Great Tusk
|-damage|p1a: Great Tusk|21/100 brn
|
|-heal|p2a: Garganacl|60/100|[from] item: Leftovers
|-damage|p1a: Great Tusk|15/100 brn|[from] brn
|upkeep
|turn|62
|
|t:|1780893181
|switch|p2a: Moltres|Moltres, tera:Dragon|66/100
|move|p1a: Great Tusk|Headlong Rush|p2a: Moltres
|-damage|p2a: Moltres|41/100
|-unboost|p1a: Great Tusk|def|1
|-unboost|p1a: Great Tusk|spd|1
|
|-damage|p1a: Great Tusk|9/100 brn|[from] brn
|upkeep
|turn|63
|
|t:|1780893185
|move|p1a: Great Tusk|Headlong Rush|p2a: Moltres
|-damage|p2a: Moltres|17/100
|-unboost|p1a: Great Tusk|def|1
|-unboost|p1a: Great Tusk|spd|1
|move|p2a: Moltres|Roost|p2a: Moltres
|-heal|p2a: Moltres|67/100
|
|-damage|p1a: Great Tusk|2/100 brn|[from] brn
|upkeep
|turn|64
|
|t:|1780893190
|move|p1a: Great Tusk|Headlong Rush|p2a: Moltres
|-damage|p2a: Moltres|46/100
|-unboost|p1a: Great Tusk|def|1
|-unboost|p1a: Great Tusk|spd|1
|move|p2a: Moltres|Roost|p2a: Moltres
|-heal|p2a: Moltres|96/100
|
|-damage|p1a: Great Tusk|0 fnt|[from] brn
|faint|p1a: Great Tusk
|-end|p1a: Great Tusk|Protosynthesis|[silent]
|upkeep
|
|t:|1780893192
|switch|p1a: Garganacl|Garganacl, F|85/100
|turn|65
|
|t:|1780893201
|move|p2a: Moltres|U-turn|p1a: Garganacl
|-crit|p1a: Garganacl
|-damage|p1a: Garganacl|71/100
|
|t:|1780893206
|switch|p2a: Garganacl|Garganacl, F|60/100|[from] U-turn
|-damage|p2a: Garganacl|48/100|[from] Stealth Rock
|move|p1a: Garganacl|Salt Cure|p2a: Garganacl
|-damage|p2a: Garganacl|40/100
|-start|p2a: Garganacl|Salt Cure
|
|-heal|p2a: Garganacl|46/100|[from] item: Leftovers
|-damage|p2a: Garganacl|33/100|[from] Salt Cure
|upkeep
|turn|66
|
|t:|1780893222
|move|p1a: Garganacl|Protect|p1a: Garganacl
|-singleturn|p1a: Garganacl|Protect
|move|p2a: Garganacl|Recover|p2a: Garganacl
|-heal|p2a: Garganacl|83/100
|
|-heal|p2a: Garganacl|90/100|[from] item: Leftovers
|-damage|p2a: Garganacl|77/100|[from] Salt Cure
|upkeep
|turn|67
|
|t:|1780893230
|switch|p1a: Pecharunt|Pecharunt|100/100
|switch|p2a: Moltres|Moltres, tera:Dragon|96/100
|
|upkeep
|turn|68
|
|t:|1780893239
|move|p2a: Moltres|U-turn|p1a: Pecharunt
|-resisted|p1a: Pecharunt
|-damage|p1a: Pecharunt|99/100
|
|t:|1780893243
|switch|p2a: Iron Treads|Iron Treads|56/100|[from] U-turn
|-damage|p2a: Iron Treads|53/100|[from] Stealth Rock
|move|p1a: Pecharunt|Foul Play|p2a: Iron Treads
|-damage|p2a: Iron Treads|33/100
|
|-heal|p2a: Iron Treads|39/100|[from] item: Leftovers
|upkeep
|turn|69
|
|t:|1780893260
|move|p2a: Iron Treads|Stealth Rock|p1a: Pecharunt
|-sidestart|p1: XianTwa|move: Stealth Rock
|move|p1a: Pecharunt|Parting Shot|p2a: Iron Treads
|-unboost|p2a: Iron Treads|atk|1
|-unboost|p2a: Iron Treads|spa|1
|
|t:|1780893264
|switch|p1a: Alomomola|Alomomola, F|75/100 brn|[from] Parting Shot
|-damage|p1a: Alomomola|63/100 brn|[from] Stealth Rock
|
|-heal|p2a: Iron Treads|45/100|[from] item: Leftovers
|-damage|p1a: Alomomola|57/100 brn|[from] brn
|upkeep
|turn|70
|j| SV G0AT
|
|t:|1780893268
|-end|p2a: Iron Treads|Quark Drive|[silent]
|switch|p2a: Slowking|Slowking-Galar, F|34/100
|-damage|p2a: Slowking|22/100|[from] Stealth Rock
|move|p1a: Alomomola|Flip Turn|p2a: Slowking
|-crit|p2a: Slowking
|-damage|p2a: Slowking|10/100
|
|t:|1780893270
|switch|p1a: Garganacl|Garganacl, F|71/100|[from] Flip Turn
|-damage|p1a: Garganacl|59/100|[from] Stealth Rock
|
|upkeep
|turn|71
|
|t:|1780893275
|switch|p2a: Moltres|Moltres, tera:Dragon|96/100
|move|p1a: Garganacl|Salt Cure|p2a: Moltres
|-damage|p2a: Moltres|85/100
|-start|p2a: Moltres|Salt Cure
|
|-damage|p2a: Moltres|73/100|[from] Salt Cure
|upkeep
|turn|72
|
|t:|1780893279
|switch|p2a: Garganacl|Garganacl, F|77/100
|-damage|p2a: Garganacl|65/100|[from] Stealth Rock
|move|p1a: Garganacl|Recover|p1a: Garganacl
|-heal|p1a: Garganacl|100/100
|
|-heal|p2a: Garganacl|71/100|[from] item: Leftovers
|upkeep
|turn|73
|
|t:|1780893282
|move|p2a: Garganacl|Salt Cure|p1a: Garganacl
|-damage|p1a: Garganacl|92/100
|-start|p1a: Garganacl|Salt Cure
|move|p1a: Garganacl|Salt Cure|p2a: Garganacl
|-damage|p2a: Garganacl|63/100
|-start|p2a: Garganacl|Salt Cure
|
|-heal|p2a: Garganacl|69/100|[from] item: Leftovers
|-damage|p2a: Garganacl|57/100|[from] Salt Cure
|-damage|p1a: Garganacl|79/100|[from] Salt Cure
|upkeep
|turn|74
|
|t:|1780893288
|switch|p1a: Alomomola|Alomomola, F|90/100 brn
|-damage|p1a: Alomomola|77/100 brn|[from] Stealth Rock
|switch|p2a: Slowking|Slowking-Galar, F|43/100
|-damage|p2a: Slowking|30/100|[from] Stealth Rock
|
|-damage|p1a: Alomomola|71/100 brn|[from] brn
|upkeep
|turn|75
|
|t:|1780893294
|switch|p2a: Moltres|Moltres, tera:Dragon|73/100
|move|p1a: Alomomola|Scald|p2a: Moltres
|-resisted|p2a: Moltres
|-damage|p2a: Moltres|66/100
|
|-damage|p1a: Alomomola|65/100 brn|[from] brn
|upkeep
|turn|76
|
|t:|1780893299
|move|p2a: Moltres|U-turn|p1a: Alomomola
|-damage|p1a: Alomomola|55/100 brn
|
|t:|1780893301
|switch|p2a: Slowking|Slowking-Galar, F|64/100|[from] U-turn
|-damage|p2a: Slowking|51/100|[from] Stealth Rock
|move|p1a: Alomomola|Body Slam|p2a: Slowking
|-damage|p2a: Slowking|43/100
|
|-damage|p1a: Alomomola|49/100 brn|[from] brn
|upkeep
|turn|77
|
|t:|1780893306
|switch|p2a: Moltres|Moltres, tera:Dragon|66/100
|move|p1a: Alomomola|Flip Turn|p2a: Moltres
|-resisted|p2a: Moltres
|-damage|p2a: Moltres|64/100
|
|t:|1780893308
|switch|p1a: Pecharunt|Pecharunt|99/100|[from] Flip Turn
|
|upkeep
|turn|78
|
|t:|1780893313
|move|p2a: Moltres|U-turn|p1a: Pecharunt
|-resisted|p1a: Pecharunt
|-damage|p1a: Pecharunt|97/100
|
|t:|1780893317
|switch|p2a: Slowking|Slowking-Galar, F|76/100|[from] U-turn
|-damage|p2a: Slowking|64/100|[from] Stealth Rock
|move|p1a: Pecharunt|Malignant Chain|p2a: Slowking
|-resisted|p2a: Slowking
|-damage|p2a: Slowking|54/100
|
|upkeep
|turn|79
|
|t:|1780893320
|move|p1a: Pecharunt|Foul Play|p2a: Slowking
|-supereffective|p2a: Slowking
|-enditem|p2a: Slowking|Colbur Berry|[eat]
|-enditem|p2a: Slowking|Colbur Berry|[weaken]
|-damage|p2a: Slowking|42/100
|move|p2a: Slowking|Future Sight|p1a: Pecharunt
|-start|p2a: Slowking|move: Future Sight
|
|upkeep
|turn|80
|
|t:|1780893326
|switch|p2a: Iron Treads|Iron Treads|45/100
|-damage|p2a: Iron Treads|42/100|[from] Stealth Rock
|move|p1a: Pecharunt|Foul Play|p2a: Iron Treads
|-damage|p2a: Iron Treads|24/100
|
|-heal|p2a: Iron Treads|30/100|[from] item: Leftovers
|upkeep
|turn|81
|
|t:|1780893335
|-terastallize|p1a: Pecharunt|Dark
|move|p2a: Iron Treads|Knock Off|p1a: Pecharunt
|-resisted|p1a: Pecharunt
|-damage|p1a: Pecharunt|92/100
|-enditem|p1a: Pecharunt|Heavy-Duty Boots|[from] move: Knock Off|[of] p2a: Iron Treads
|move|p1a: Pecharunt|Foul Play|p2a: Iron Treads
|-damage|p2a: Iron Treads|0 fnt
|faint|p2a: Iron Treads
|-end|p2a: Iron Treads|Quark Drive|[silent]
|
|-end|p1a: Pecharunt|move: Future Sight
|-immune|p1a: Pecharunt
|upkeep
|
|t:|1780893343
|switch|p2a: Moltres|Moltres, tera:Dragon|64/100
|turn|82
|
|t:|1780893357
|move|p2a: Moltres|Will-O-Wisp|p1a: Pecharunt
|-status|p1a: Pecharunt|brn
|move|p1a: Pecharunt|Malignant Chain|p2a: Moltres
|-damage|p2a: Moltres|35/100
|
|-damage|p1a: Pecharunt|86/100 brn|[from] brn
|upkeep
|turn|83
|
|t:|1780893365
|move|p2a: Moltres|U-turn|p1a: Pecharunt
|-supereffective|p1a: Pecharunt
|-damage|p1a: Pecharunt|72/100 brn
|
|t:|1780893368
|switch|p2a: Garganacl|Garganacl, F|57/100|[from] U-turn
|-damage|p2a: Garganacl|44/100|[from] Stealth Rock
|move|p1a: Pecharunt|Malignant Chain|p2a: Garganacl
|-resisted|p2a: Garganacl
|-damage|p2a: Garganacl|32/100
|
|-heal|p2a: Garganacl|38/100|[from] item: Leftovers
|-damage|p1a: Pecharunt|66/100 brn|[from] brn
|upkeep
|turn|84
|
|t:|1780893372
|move|p1a: Pecharunt|Recover|p1a: Pecharunt
|-heal|p1a: Pecharunt|100/100 brn
|move|p2a: Garganacl|Salt Cure|p1a: Pecharunt
|-damage|p1a: Pecharunt|94/100 brn
|-start|p1a: Pecharunt|Salt Cure
|
|-heal|p2a: Garganacl|45/100|[from] item: Leftovers
|-damage|p1a: Pecharunt|88/100 brn|[from] brn
|-damage|p1a: Pecharunt|76/100 brn|[from] Salt Cure
|upkeep
|turn|85
|
|t:|1780893376
|move|p1a: Pecharunt|Parting Shot|p2a: Garganacl
|-unboost|p2a: Garganacl|atk|1
|-unboost|p2a: Garganacl|spa|1
|
|t:|1780893379
|switch|p1a: Alomomola|Alomomola, F|82/100 brn|[from] Parting Shot
|-damage|p1a: Alomomola|70/100 brn|[from] Stealth Rock
|move|p2a: Garganacl|Salt Cure|p1a: Alomomola
|-damage|p1a: Alomomola|64/100 brn
|-start|p1a: Alomomola|Salt Cure
|
|-heal|p2a: Garganacl|51/100|[from] item: Leftovers
|-damage|p1a: Alomomola|57/100 brn|[from] brn
|-damage|p1a: Alomomola|32/100 brn|[from] Salt Cure
|upkeep
|turn|86
|
|t:|1780893384
|move|p1a: Alomomola|Flip Turn|p2a: Garganacl
|-supereffective|p2a: Garganacl
|-damage|p2a: Garganacl|42/100
|
|t:|1780893387
|switch|p1a: Garganacl|Garganacl, F|79/100|[from] Flip Turn
|-damage|p1a: Garganacl|67/100|[from] Stealth Rock
|move|p2a: Garganacl|Salt Cure|p1a: Garganacl
|-damage|p1a: Garganacl|61/100
|-start|p1a: Garganacl|Salt Cure
|
|-heal|p2a: Garganacl|48/100|[from] item: Leftovers
|-damage|p1a: Garganacl|48/100|[from] Salt Cure
|upkeep
|turn|87
|
|t:|1780893391
|move|p1a: Garganacl|Recover|p1a: Garganacl
|-heal|p1a: Garganacl|98/100
|move|p2a: Garganacl|Body Press|p1a: Garganacl
|-supereffective|p1a: Garganacl
|-damage|p1a: Garganacl|63/100
|
|-heal|p2a: Garganacl|54/100|[from] item: Leftovers
|-damage|p1a: Garganacl|51/100|[from] Salt Cure
|upkeep
|turn|88
|
|t:|1780893394
|move|p1a: Garganacl|Salt Cure|p2a: Garganacl
|-damage|p2a: Garganacl|45/100
|-start|p2a: Garganacl|Salt Cure
|move|p2a: Garganacl|Body Press|p1a: Garganacl
|-supereffective|p1a: Garganacl
|-damage|p1a: Garganacl|14/100
|
|-heal|p2a: Garganacl|51/100|[from] item: Leftovers
|-damage|p2a: Garganacl|39/100|[from] Salt Cure
|-damage|p1a: Garganacl|2/100|[from] Salt Cure
|upkeep
|turn|89
|
|t:|1780893398
|move|p2a: Garganacl|Body Press|p1a: Garganacl
|-supereffective|p1a: Garganacl
|-damage|p1a: Garganacl|0 fnt
|faint|p1a: Garganacl
|
|-heal|p2a: Garganacl|45/100|[from] item: Leftovers
|-damage|p2a: Garganacl|33/100|[from] Salt Cure
|upkeep
|
|t:|1780893403
|switch|p1a: Alomomola|Alomomola, F|66/100 brn
|-damage|p1a: Alomomola|53/100 brn|[from] Stealth Rock
|turn|90
|
|t:|1780893407
|switch|p2a: Moltres|Moltres, tera:Dragon|35/100
|move|p1a: Alomomola|Scald|p2a: Moltres
|-resisted|p2a: Moltres
|-damage|p2a: Moltres|28/100
|-status|p2a: Moltres|brn
|
|-damage|p2a: Moltres|22/100 brn|[from] brn
|-damage|p1a: Alomomola|47/100 brn|[from] brn
|upkeep
|turn|91
|j| Lowladderubersnoob
|
|t:|1780893413
|move|p2a: Moltres|Roost|p2a: Moltres
|-heal|p2a: Moltres|72/100 brn
|move|p1a: Alomomola|Flip Turn|p2a: Moltres
|-resisted|p2a: Moltres
|-damage|p2a: Moltres|69/100 brn
|
|t:|1780893414
|switch|p1a: Pecharunt|Pecharunt, tera:Dark|76/100 brn|[from] Flip Turn
|-damage|p1a: Pecharunt|63/100 brn|[from] Stealth Rock
|
|-damage|p2a: Moltres|62/100 brn|[from] brn
|-damage|p1a: Pecharunt|57/100 brn|[from] brn
|upkeep
|turn|92
|
|t:|1780893418
|move|p2a: Moltres|U-turn|p1a: Pecharunt
|-supereffective|p1a: Pecharunt
|-damage|p1a: Pecharunt|51/100 brn
|
|t:|1780893421
|switch|p2a: Slowking|Slowking-Galar, F|75/100|[from] U-turn
|-damage|p2a: Slowking|63/100|[from] Stealth Rock
|move|p1a: Pecharunt|Recover|p1a: Pecharunt
|-heal|p1a: Pecharunt|100/100 brn
|
|-damage|p1a: Pecharunt|94/100 brn|[from] brn
|upkeep
|turn|93
|
|t:|1780893425
|move|p1a: Pecharunt|Foul Play|p2a: Slowking
|-supereffective|p2a: Slowking
|-damage|p2a: Slowking|44/100
|move|p2a: Slowking|Sludge Bomb|p1a: Pecharunt
|-damage|p1a: Pecharunt|60/100 brn
|
|-damage|p1a: Pecharunt|54/100 brn|[from] brn
|upkeep
|turn|94
|
|t:|1780893432
|move|p1a: Pecharunt|Foul Play|p2a: Slowking
|-supereffective|p2a: Slowking
|-damage|p2a: Slowking|25/100
|move|p2a: Slowking|Sludge Bomb|p1a: Pecharunt
|-damage|p1a: Pecharunt|18/100 brn
|
|-damage|p1a: Pecharunt|12/100 brn|[from] brn
|upkeep
|turn|95
|
|t:|1780893437
|move|p1a: Pecharunt|Recover|p1a: Pecharunt
|-heal|p1a: Pecharunt|62/100 brn
|move|p2a: Slowking|Sludge Bomb|p1a: Pecharunt
|-damage|p1a: Pecharunt|30/100 brn
|
|-damage|p1a: Pecharunt|24/100 brn|[from] brn
|upkeep
|turn|96
|
|t:|1780893440
|move|p1a: Pecharunt|Recover|p1a: Pecharunt
|-heal|p1a: Pecharunt|74/100 brn
|move|p2a: Slowking|Sludge Bomb|p1a: Pecharunt
|-damage|p1a: Pecharunt|42/100 brn
|
|-damage|p1a: Pecharunt|36/100 brn|[from] brn
|upkeep
|turn|97
|
|t:|1780893443
|move|p1a: Pecharunt|Foul Play|p2a: Slowking
|-supereffective|p2a: Slowking
|-damage|p2a: Slowking|5/100
|move|p2a: Slowking|Sludge Bomb|p1a: Pecharunt
|-damage|p1a: Pecharunt|2/100 brn
|
|-damage|p1a: Pecharunt|0 fnt|[from] brn
|faint|p1a: Pecharunt
|upkeep
|-message|XianTwa forfeited.
|
|win|LT_Alt1
|raw|XianTwa's rating: 1565 &rarr; <strong>1549</strong><br />(-16 for losing)
|raw|LT_Alt1's rating: 1644 &rarr; <strong>1660</strong><br />(+16 for winning)
|l|☆XianTwa
|player|p1|
|l| Lowladderubersnoob
