|j|☆Rj yoip
|j|☆Humerus_Skelepun
|t:|1781497575
|gametype|singles
|player|p1|Rj yoip|caitlin-masters|1683
|player|p2|Humerus_Skelepun|102|1637
|gen|9
|tier|[Gen 9] OU
|rated|
|rule|HP Percentage Mod: HP is shown in percentages
|rule|Endless Battle Clause: Forcing endless battles is banned
|rule|Species Clause: Limit one of each Pokémon
|rule|OHKO Clause: OHKO moves are banned
|rule|Evasion Items Clause: Evasion items are banned
|rule|Evasion Moves Clause: Evasion moves are banned
|rule|Evasion Abilities Clause: Evasion abilities are banned
|rule|Sleep Moves Clause: Sleep-inducing moves are banned
|clearpoke
|poke|p1|Iron Treads|
|poke|p1|Landorus-Therian, M|
|poke|p1|Iron Valiant|
|poke|p1|Kingambit, M|
|poke|p1|Zamazenta-*|
|poke|p1|Primarina, F|
|poke|p2|Hoopa-Unbound|
|poke|p2|Pecharunt|
|poke|p2|Landorus-Therian, M|
|poke|p2|Cinderace, M|
|poke|p2|Alomomola, M|
|poke|p2|Iron Valiant|
|teampreview
|inactive|Battle timer is ON: inactive players will automatically lose when time's up. (requested by Humerus_Skelepun)
|j| euphoricpoptarts
|l| euphoricpoptarts
|j| Golem Rising
|l| Golem Rising
|
|t:|1781497602
|teamsize|p1|6
|teamsize|p2|6
|start
|switch|p1a: Iron Valiant|Iron Valiant|100/100
|switch|p2a: Enten|Landorus-Therian, M, shiny|100/100
|-ability|p2a: Enten|Intimidate|boost
|-unboost|p1a: Iron Valiant|atk|1
|turn|1
|j| tonyrayyy
|
|t:|1781497622
|-end|p1a: Iron Valiant|Quark Drive|[silent]
|switch|p1a: Landorus|Landorus-Therian, M|100/100
|-ability|p1a: Landorus|Intimidate|boost
|-unboost|p2a: Enten|atk|1
|move|p2a: Enten|Earthquake|p1a: Landorus
|-immune|p1a: Landorus
|
|upkeep
|turn|2
|
|t:|1781497631
|switch|p2a: Pisces|Alomomola, M, shiny|100/100
|move|p1a: Landorus|Stealth Rock|p2a: Pisces
|-sidestart|p2: Humerus_Skelepun|move: Stealth Rock
|
|upkeep
|turn|3
|
|t:|1781497645
|move|p1a: Landorus|Earth Power|p2a: Pisces
|-damage|p2a: Pisces|84/100
|move|p2a: Pisces|Body Slam|p1a: Landorus
|-damage|p1a: Landorus|90/100
|-status|p1a: Landorus|par
|-damage|p2a: Pisces|67/100|[from] item: Rocky Helmet|[of] p1a: Landorus
|
|upkeep
|turn|4
|
|t:|1781497652
|move|p2a: Pisces|Flip Turn|p1a: Landorus
|-supereffective|p1a: Landorus
|-damage|p1a: Landorus|68/100 par
|-damage|p2a: Pisces|51/100|[from] item: Rocky Helmet|[of] p1a: Landorus
|
|t:|1781497654
|switch|p2a: Enten|Landorus-Therian, M, shiny|100/100|[from] Flip Turn
|-damage|p2a: Enten|88/100|[from] Stealth Rock
|-ability|p2a: Enten|Intimidate|boost
|-unboost|p1a: Landorus|atk|1
|move|p1a: Landorus|U-turn|p2a: Enten
|-resisted|p2a: Enten
|-crit|p2a: Enten
|-damage|p2a: Enten|71/100
|
|t:|1781497664
|switch|p1a: Primarina|Primarina, F|100/100|[from] U-turn
|
|upkeep
|turn|5
|inactive|Humerus_Skelepun has 120 seconds left.
|
|t:|1781497698
|switch|p1a: Landorus|Landorus-Therian, M|68/100 par
|-ability|p1a: Landorus|Intimidate|boost
|-unboost|p2a: Enten|atk|1
|-terastallize|p2a: Enten|Ground
|move|p2a: Enten|Earthquake|p1a: Landorus
|-immune|p1a: Landorus
|
|upkeep
|turn|6
|
|t:|1781497703
|switch|p2a: Pisces|Alomomola, M, shiny|84/100
|-damage|p2a: Pisces|72/100|[from] Stealth Rock
|move|p1a: Landorus|U-turn|p2a: Pisces
|-damage|p2a: Pisces|58/100
|
|t:|1781497706
|switch|p1a: Iron Valiant|Iron Valiant|100/100|[from] U-turn
|
|upkeep
|turn|7
|
|t:|1781497714
|switch|p2a: Overseer|Pecharunt|100/100
|move|p1a: Iron Valiant|Knock Off|p2a: Overseer
|-supereffective|p2a: Overseer
|-damage|p2a: Overseer|69/100
|-enditem|p2a: Overseer|Heavy-Duty Boots|[from] move: Knock Off|[of] p1a: Iron Valiant
|
|upkeep
|turn|8
|
|t:|1781497721
|-end|p1a: Iron Valiant|Quark Drive|[silent]
|switch|p1a: Landorus|Landorus-Therian, M|68/100 par
|-ability|p1a: Landorus|Intimidate|boost
|-unboost|p2a: Overseer|atk|1
|move|p2a: Overseer|Parting Shot|p1a: Landorus
|-unboost|p1a: Landorus|atk|1
|-unboost|p1a: Landorus|spa|1
|
|t:|1781497724
|switch|p2a: Calamity|Iron Valiant, shiny|100/100|[from] Parting Shot
|-damage|p2a: Calamity|94/100|[from] Stealth Rock
|
|upkeep
|turn|9
|
|t:|1781497726
|switch|p1a: Primarina|Primarina, F|100/100
|move|p2a: Calamity|Moonblast|p1a: Primarina
|-damage|p1a: Primarina|57/100
|-unboost|p1a: Primarina|spa|1
|
|upkeep
|turn|10
|
|t:|1781497732
|-end|p2a: Calamity|Quark Drive|[silent]
|switch|p2a: Pisces|Alomomola, M, shiny|91/100
|-damage|p2a: Pisces|79/100|[from] Stealth Rock
|move|p1a: Primarina|Surf|p2a: Pisces
|-resisted|p2a: Pisces
|-damage|p2a: Pisces|70/100
|
|upkeep
|turn|11
|
|t:|1781497736
|move|p1a: Primarina|Flip Turn|p2a: Pisces
|-resisted|p2a: Pisces
|-damage|p2a: Pisces|65/100
|
|t:|1781497738
|switch|p1a: Landorus|Landorus-Therian, M|68/100 par|[from] Flip Turn
|-ability|p1a: Landorus|Intimidate|boost
|-unboost|p2a: Pisces|atk|1
|move|p2a: Pisces|Body Slam|p1a: Landorus
|-damage|p1a: Landorus|60/100 par
|-damage|p2a: Pisces|49/100|[from] item: Rocky Helmet|[of] p1a: Landorus
|
|upkeep
|turn|12
|
|t:|1781497749
|switch|p2a: Enten|Landorus-Therian, M, shiny, tera:Ground|71/100
|-damage|p2a: Enten|65/100|[from] Stealth Rock
|-ability|p2a: Enten|Intimidate|boost
|-unboost|p1a: Landorus|atk|1
|move|p1a: Landorus|U-turn|p2a: Enten
|-damage|p2a: Enten|48/100
|
|t:|1781497754
|switch|p1a: Primarina|Primarina, F|57/100|[from] U-turn
|
|upkeep
|turn|13
|
|t:|1781497757
|switch|p1a: Landorus|Landorus-Therian, M|60/100 par
|-ability|p1a: Landorus|Intimidate|boost
|-unboost|p2a: Enten|atk|1
|move|p2a: Enten|Earthquake|p1a: Landorus
|-immune|p1a: Landorus
|
|upkeep
|turn|14
|
|t:|1781497762
|switch|p2a: Pisces|Alomomola, M, shiny|82/100
|-damage|p2a: Pisces|70/100|[from] Stealth Rock
|cant|p1a: Landorus|par
|
|upkeep
|turn|15
|
|t:|1781497768
|move|p2a: Pisces|Flip Turn|p1a: Landorus
|-supereffective|p1a: Landorus
|-damage|p1a: Landorus|35/100 par
|-damage|p2a: Pisces|53/100|[from] item: Rocky Helmet|[of] p1a: Landorus
|
|t:|1781497774
|switch|p2a: Enten|Landorus-Therian, M, shiny, tera:Ground|48/100|[from] Flip Turn
|-damage|p2a: Enten|42/100|[from] Stealth Rock
|-ability|p2a: Enten|Intimidate|boost
|-unboost|p1a: Landorus|atk|1
|cant|p1a: Landorus|par
|
|upkeep
|turn|16
|
|t:|1781497785
|switch|p1a: Iron Valiant|Iron Valiant|100/100
|move|p2a: Enten|Stone Edge|p1a: Iron Valiant
|-resisted|p1a: Iron Valiant
|-damage|p1a: Iron Valiant|77/100
|
|upkeep
|turn|17
|
|t:|1781497793
|switch|p2a: Overseer|Pecharunt|69/100
|-damage|p2a: Overseer|56/100|[from] Stealth Rock
|move|p1a: Iron Valiant|Knock Off|p2a: Overseer
|-supereffective|p2a: Overseer
|-damage|p2a: Overseer|36/100
|
|upkeep
|turn|18
|
|t:|1781497798
|move|p1a: Iron Valiant|Thunderbolt|p2a: Overseer
|-damage|p2a: Overseer|7/100
|move|p2a: Overseer|Recover|p2a: Overseer
|-heal|p2a: Overseer|57/100
|
|upkeep
|turn|19
|
|t:|1781497803
|-end|p1a: Iron Valiant|Quark Drive|[silent]
|switch|p1a: Kingambit|Kingambit, M|100/100
|move|p2a: Overseer|Recover|p2a: Overseer
|-heal|p2a: Overseer|100/100
|
|upkeep
|turn|20
|
|t:|1781497805
|move|p2a: Overseer|Parting Shot|p1a: Kingambit
|-unboost|p1a: Kingambit|atk|1
|-unboost|p1a: Kingambit|spa|1
|
|t:|1781497825
|switch|p2a: Liberacy|Cinderace, M, shiny|100/100|[from] Parting Shot
|move|p1a: Kingambit|Kowtow Cleave|p2a: Liberacy
|-damage|p2a: Liberacy|49/100
|
|upkeep
|turn|21
|
|t:|1781497838
|-end|p1a: Kingambit|fallenundefined|[silent]
|switch|p1a: Landorus|Landorus-Therian, M|35/100 par
|-ability|p1a: Landorus|Intimidate|boost
|-unboost|p2a: Liberacy|atk|1
|move|p2a: Liberacy|Court Change|p2a: Liberacy
|-start|p2a: Liberacy|typechange|Normal|[from] ability: Libero
|-swapsideconditions
|-activate|p2a: Liberacy|move: Court Change
|
|upkeep
|turn|22
|
|t:|1781497848
|move|p2a: Liberacy|Pyro Ball|p1a: Landorus
|-damage|p1a: Landorus|17/100 par
|move|p1a: Landorus|Stealth Rock|p2a: Liberacy
|-sidestart|p2: Humerus_Skelepun|move: Stealth Rock
|
|upkeep
|turn|23
|
|t:|1781497851
|move|p2a: Liberacy|Pyro Ball|p1a: Landorus
|-damage|p1a: Landorus|0 fnt
|faint|p1a: Landorus
|
|upkeep
|
|t:|1781497856
|switch|p1a: Iron Treads|Iron Treads|100/100
|-damage|p1a: Iron Treads|97/100|[from] Stealth Rock
|-enditem|p1a: Iron Treads|Booster Energy
|-activate|p1a: Iron Treads|ability: Quark Drive|[fromitem]
|-start|p1a: Iron Treads|quarkdrivespe
|turn|24
|
|t:|1781497865
|switch|p2a: Overseer|Pecharunt|100/100
|-damage|p2a: Overseer|88/100|[from] Stealth Rock
|move|p1a: Iron Treads|Earthquake|p2a: Overseer
|-supereffective|p2a: Overseer
|-damage|p2a: Overseer|47/100
|
|upkeep
|turn|25
|
|t:|1781497879
|move|p1a: Iron Treads|Earthquake|p2a: Overseer
|-supereffective|p2a: Overseer
|-damage|p2a: Overseer|2/100
|move|p2a: Overseer|Recover|p2a: Overseer
|-heal|p2a: Overseer|52/100
|
|upkeep
|turn|26
|
|t:|1781497882
|move|p1a: Iron Treads|Earthquake|p2a: Overseer
|-supereffective|p2a: Overseer
|-damage|p2a: Overseer|6/100
|move|p2a: Overseer|Recover|p2a: Overseer
|-heal|p2a: Overseer|56/100
|
|upkeep
|turn|27
|
|t:|1781497885
|move|p1a: Iron Treads|Earthquake|p2a: Overseer
|-supereffective|p2a: Overseer
|-damage|p2a: Overseer|10/100
|move|p2a: Overseer|Recover|p2a: Overseer
|-heal|p2a: Overseer|60/100
|
|upkeep
|turn|28
|
|t:|1781497915
|move|p1a: Iron Treads|Earthquake|p2a: Overseer
|-supereffective|p2a: Overseer
|-damage|p2a: Overseer|15/100
|move|p2a: Overseer|Parting Shot|p1a: Iron Treads
|-unboost|p1a: Iron Treads|atk|1
|-unboost|p1a: Iron Treads|spa|1
|
|t:|1781497917
|switch|p2a: Enten|Landorus-Therian, M, shiny, tera:Ground|42/100|[from] Parting Shot
|-damage|p2a: Enten|36/100|[from] Stealth Rock
|-ability|p2a: Enten|Intimidate|boost
|-unboost|p1a: Iron Treads|atk|1
|
|upkeep
|turn|29
|
|t:|1781497920
|move|p1a: Iron Treads|Ice Spinner|p2a: Enten
|-supereffective|p2a: Enten
|-damage|p2a: Enten|6/100
|move|p2a: Enten|Earthquake|p1a: Iron Treads
|-supereffective|p1a: Iron Treads
|-damage|p1a: Iron Treads|0 fnt
|faint|p1a: Iron Treads
|-end|p1a: Iron Treads|Quark Drive|[silent]
|
|upkeep
|
|t:|1781497923
|switch|p1a: Zamazenta|Zamazenta|100/100
|-damage|p1a: Zamazenta|94/100|[from] Stealth Rock
|-ability|p1a: Zamazenta|Dauntless Shield|boost
|-boost|p1a: Zamazenta|def|1
|turn|30
|
|t:|1781497940
|move|p2a: Enten|Earthquake|p1a: Zamazenta
|-damage|p1a: Zamazenta|60/100
|move|p1a: Zamazenta|Crunch|p2a: Enten
|-damage|p2a: Enten|0 fnt
|faint|p2a: Enten
|
|-heal|p1a: Zamazenta|66/100|[from] item: Leftovers
|upkeep
|
|t:|1781497943
|switch|p2a: Calamity|Iron Valiant, shiny|94/100
|-damage|p2a: Calamity|88/100|[from] Stealth Rock
|turn|31
|
|t:|1781497948
|switch|p1a: Primarina|Primarina, F|57/100
|-damage|p1a: Primarina|45/100|[from] Stealth Rock
|move|p2a: Calamity|Moonblast|p1a: Primarina
|-damage|p1a: Primarina|2/100
|
|upkeep
|turn|32
|l| tonyrayyy
|
|t:|1781497958
|move|p2a: Calamity|Moonblast|p1a: Primarina
|-damage|p1a: Primarina|0 fnt
|faint|p1a: Primarina
|
|upkeep
|
|t:|1781497962
|switch|p1a: Kingambit|Kingambit, M|100/100
|-damage|p1a: Kingambit|94/100|[from] Stealth Rock
|-activate|p1a: Kingambit|ability: Supreme Overlord
|-start|p1a: Kingambit|fallen3|[silent]
|turn|33
|
|t:|1781497973
|move|p2a: Calamity|Moonblast|p1a: Kingambit
|-damage|p1a: Kingambit|27/100
|move|p1a: Kingambit|Iron Head|p2a: Calamity
|-supereffective|p2a: Calamity
|-damage|p2a: Calamity|0 fnt
|faint|p2a: Calamity
|-end|p2a: Calamity|Quark Drive|[silent]
|
|-heal|p1a: Kingambit|33/100|[from] item: Leftovers
|upkeep
|
|t:|1781497995
|switch|p2a: Liberacy|Cinderace, M, shiny|49/100
|turn|34
|
|t:|1781497997
|move|p2a: Liberacy|Sucker Punch|p1a: Kingambit
|-start|p2a: Liberacy|typechange|Dark|[from] ability: Libero
|-resisted|p1a: Kingambit
|-damage|p1a: Kingambit|21/100
|move|p1a: Kingambit|Sucker Punch||[still]
|-fail|p1a: Kingambit
|
|-heal|p1a: Kingambit|27/100|[from] item: Leftovers
|upkeep
|turn|35
|
|t:|1781498001
|move|p2a: Liberacy|Sucker Punch|p1a: Kingambit
|-resisted|p1a: Kingambit
|-damage|p1a: Kingambit|14/100
|move|p1a: Kingambit|Iron Head|p2a: Liberacy
|-damage|p2a: Liberacy|0 fnt
|faint|p2a: Liberacy
|
|-heal|p1a: Kingambit|20/100|[from] item: Leftovers
|upkeep
|
|t:|1781498004
|switch|p2a: Pisces|Alomomola, M, shiny|86/100
|-damage|p2a: Pisces|74/100|[from] Stealth Rock
|turn|36
|
|t:|1781498005
|move|p2a: Pisces|Aqua Jet|p1a: Kingambit
|-damage|p1a: Kingambit|12/100
|move|p1a: Kingambit|Kowtow Cleave|p2a: Pisces
|-damage|p2a: Pisces|25/100
|
|-heal|p1a: Kingambit|18/100|[from] item: Leftovers
|upkeep
|turn|37
|
|t:|1781498010
|move|p1a: Kingambit|Sucker Punch|p2a: Pisces
|-damage|p2a: Pisces|0 fnt
|faint|p2a: Pisces
|
|-heal|p1a: Kingambit|24/100|[from] item: Leftovers
|upkeep
|
|t:|1781498013
|switch|p2a: Khaos|Hoopa-Unbound|100/100
|-damage|p2a: Khaos|88/100|[from] Stealth Rock
|turn|38
|
|t:|1781498020
|move|p1a: Kingambit|Sucker Punch|p2a: Khaos
|-damage|p2a: Khaos|6/100
|move|p2a: Khaos|Hyperspace Fury|p1a: Kingambit
|-resisted|p1a: Kingambit
|-damage|p1a: Kingambit|0 fnt
|-unboost|p2a: Khaos|def|1
|faint|p1a: Kingambit
|-end|p1a: Kingambit|fallen3|[silent]
|
|upkeep
|
|t:|1781498025
|switch|p1a: Zamazenta|Zamazenta|66/100
|-damage|p1a: Zamazenta|60/100|[from] Stealth Rock
|turn|39
|-message|Humerus_Skelepun forfeited.
|
|win|Rj yoip
|raw|Rj yoip's rating: 1710 &rarr; <strong>1726</strong><br />(+16 for winning)
|raw|Humerus_Skelepun's rating: 1637 &rarr; <strong>1621</strong><br />(-16 for losing)
|l|☆Humerus_Skelepun
|player|p2|
|l|☆Rj yoip
|player|p1|
