|j|☆dooozdzdz
|j|☆jd2sleepy
|t:|1781561962
|gametype|singles
|player|p1|dooozdzdz|thorton|1664
|player|p2|jd2sleepy|blackbelt-gen4dp|1696
|gen|9
|tier|[Gen 9] OU
|rated|
|rule|HP Percentage Mod: HP is shown in percentages
|rule|Endless Battle Clause: Forcing endless battles is banned
|rule|Species Clause: Limit one of each Pokémon
|rule|OHKO Clause: OHKO moves are banned
|rule|Evasion Items Clause: Evasion items are banned
|rule|Evasion Moves Clause: Evasion moves are banned
|rule|Evasion Abilities Clause: Evasion abilities are banned
|rule|Sleep Moves Clause: Sleep-inducing moves are banned
|clearpoke
|poke|p1|Cinderace, F|
|poke|p1|Zamazenta-*|
|poke|p1|Enamorus-Therian, F|
|poke|p1|Cloyster, F|
|poke|p1|Blissey, F|
|poke|p1|Ogerpon-Wellspring, F|
|poke|p2|Excadrill, M|
|poke|p2|Gholdengo|
|poke|p2|Kingambit, F|
|poke|p2|Zoroark-Hisui, M|
|poke|p2|Iron Valiant|
|poke|p2|Ogerpon-Wellspring, F|
|teampreview
|
|t:|1781561977
|teamsize|p1|6
|teamsize|p2|6
|start
|switch|p1a: Op|Cinderace, F|100/100
|switch|p2a: Valiant Effort|Iron Valiant|100/100
|-enditem|p2a: Valiant Effort|Booster Energy
|-activate|p2a: Valiant Effort|ability: Quark Drive|[fromitem]
|-start|p2a: Valiant Effort|quarkdrivespe
|turn|1
|
|t:|1781561983
|move|p2a: Valiant Effort|Knock Off|p1a: Op
|-damage|p1a: Op|61/100
|-enditem|p1a: Op|Heavy-Duty Boots|[from] move: Knock Off|[of] p2a: Valiant Effort
|move|p1a: Op|Pyro Ball|p2a: Valiant Effort
|-damage|p2a: Valiant Effort|29/100
|
|upkeep
|turn|2
|
|t:|1781561989
|switch|p1a: Enamorus|Enamorus-Therian, F|100/100
|move|p2a: Valiant Effort|Close Combat|p1a: Enamorus
|-resisted|p1a: Enamorus
|-damage|p1a: Enamorus|92/100
|-unboost|p2a: Valiant Effort|def|1
|-unboost|p2a: Valiant Effort|spd|1
|
|-heal|p1a: Enamorus|98/100|[from] item: Leftovers
|upkeep
|turn|3
|
|t:|1781561993
|move|p2a: Valiant Effort|Knock Off|p1a: Enamorus
|-resisted|p1a: Enamorus
|-damage|p1a: Enamorus|89/100
|-enditem|p1a: Enamorus|Leftovers|[from] move: Knock Off|[of] p2a: Valiant Effort
|move|p1a: Enamorus|Draining Kiss|p2a: Valiant Effort
|-supereffective|p2a: Valiant Effort
|-damage|p2a: Valiant Effort|0 fnt
|-heal|p1a: Enamorus|100/100|[from] drain|[of] p2a: Valiant Effort
|faint|p2a: Valiant Effort
|-end|p2a: Valiant Effort|Quark Drive|[silent]
|
|upkeep
|
|t:|1781562000
|switch|p2a: OnThatExca|Excadrill, M|100/100
|-ability|p2a: OnThatExca|Mold Breaker
|turn|4
|
|t:|1781562009
|switch|p1a: Blissey|Blissey, F|100/100
|move|p2a: OnThatExca|Stealth Rock|p1a: Blissey
|-sidestart|p1: dooozdzdz|move: Stealth Rock
|
|upkeep
|turn|5
|
|t:|1781562013
|move|p2a: OnThatExca|Earthquake|p1a: Blissey
|-damage|p1a: Blissey|58/100
|move|p1a: Blissey|Ice Beam|p2a: OnThatExca
|-damage|p2a: OnThatExca|78/100
|
|upkeep
|turn|6
|
|t:|1781562016
|switch|p1a: Ogerpon|Ogerpon-Wellspring, F|100/100
|-damage|p1a: Ogerpon|88/100|[from] Stealth Rock
|move|p2a: OnThatExca|Earthquake|p1a: Ogerpon
|-resisted|p1a: Ogerpon
|-damage|p1a: Ogerpon|57/100
|
|upkeep
|turn|7
|
|t:|1781562019
|move|p1a: Ogerpon|Ivy Cudgel|p2a: OnThatExca|[anim] Ivy Cudgel Water
|-supereffective|p2a: OnThatExca
|-damage|p2a: OnThatExca|0 fnt
|faint|p2a: OnThatExca
|
|upkeep
|
|t:|1781562035
|switch|p2a: Dengos Domain|Gholdengo|100/100
|turn|8
|
|t:|1781562041
|move|p2a: Dengos Domain|Shadow Ball|p1a: Ogerpon
|-damage|p1a: Ogerpon|6/100
|move|p1a: Ogerpon|Ivy Cudgel|p2a: Dengos Domain|[anim] Ivy Cudgel Water
|-damage|p2a: Dengos Domain|28/100
|
|upkeep
|turn|9
|
|t:|1781562048
|switch|p1a: Blissey|Blissey, F|58/100
|move|p2a: Dengos Domain|Shadow Ball|p1a: Blissey
|-immune|p1a: Blissey
|
|upkeep
|turn|10
|
|t:|1781562051
|move|p2a: Dengos Domain|Shadow Ball|p1a: Blissey
|-immune|p1a: Blissey
|move|p1a: Blissey|Soft-Boiled|p1a: Blissey
|-heal|p1a: Blissey|100/100
|
|upkeep
|turn|11
|
|t:|1781562059
|switch|p2a: Cudge Judy|Ogerpon-Wellspring, F|100/100
|move|p1a: Blissey|Thunderbolt|p2a: Cudge Judy
|-damage|p2a: Cudge Judy|81/100
|
|upkeep
|turn|12
|
|t:|1781562069
|switch|p1a: Ogerpon|Ogerpon-Wellspring, F|6/100
|-damage|p1a: Ogerpon|0 fnt|[from] Stealth Rock
|faint|p1a: Ogerpon
|move|p2a: Cudge Judy|Power Whip|p1: Ogerpon|[notarget]
|-fail|p2a: Cudge Judy
|
|upkeep
|
|t:|1781562074
|switch|p1a: Op|Cinderace, F|61/100
|-damage|p1a: Op|36/100|[from] Stealth Rock
|turn|13
|
|t:|1781562080
|move|p1a: Op|U-turn|p2a: Cudge Judy
|-start|p1a: Op|typechange|Bug|[from] ability: Libero
|-supereffective|p2a: Cudge Judy
|-damage|p2a: Cudge Judy|0 fnt
|faint|p2a: Cudge Judy
|
|t:|1781562083
|switch|p1a: Blissey|Blissey, F|100/100|[from] U-turn
|
|upkeep
|
|t:|1781562087
|switch|p2a: Dengos Domain|Gholdengo|28/100
|turn|14
|
|t:|1781562113
|switch|p1a: Cloyster|Cloyster, F|100/100
|-damage|p1a: Cloyster|76/100|[from] Stealth Rock
|move|p2a: Dengos Domain|Trick|p1a: Cloyster
|-activate|p2a: Dengos Domain|move: Trick|[of] p1a: Cloyster
|-item|p1a: Cloyster|Choice Scarf|[from] move: Trick
|-item|p2a: Dengos Domain|Focus Sash|[from] move: Trick
|
|upkeep
|turn|15
|
|t:|1781562118
|move|p1a: Cloyster|Icicle Spear|p2a: Dengos Domain
|-resisted|p2a: Dengos Domain
|-damage|p2a: Dengos Domain|22/100
|-resisted|p2a: Dengos Domain
|-damage|p2a: Dengos Domain|16/100
|-resisted|p2a: Dengos Domain
|-damage|p2a: Dengos Domain|10/100
|-resisted|p2a: Dengos Domain
|-damage|p2a: Dengos Domain|5/100
|-resisted|p2a: Dengos Domain
|-damage|p2a: Dengos Domain|0 fnt
|faint|p2a: Dengos Domain
|-hitcount|p2: Dengos Domain|5
|
|upkeep
|
|t:|1781562120
|switch|p2a: 平和|Kingambit, F|100/100
|-activate|p2a: 平和|ability: Supreme Overlord
|-start|p2a: 平和|fallen4|[silent]
|-item|p2a: 平和|Air Balloon
|turn|16
|
|t:|1781562124
|move|p1a: Cloyster|Icicle Spear|p2a: 平和
|-resisted|p2a: 平和
|-damage|p2a: 平和|96/100
|-enditem|p2a: 平和|Air Balloon
|-resisted|p2a: 平和
|-damage|p2a: 平和|91/100
|-resisted|p2a: 平和
|-damage|p2a: 平和|87/100
|-resisted|p2a: 平和
|-damage|p2a: 平和|83/100
|-resisted|p2a: 平和
|-damage|p2a: 平和|78/100
|-hitcount|p2a: 平和|5
|move|p2a: 平和|Iron Head|p1a: Cloyster
|-damage|p1a: Cloyster|22/100
|
|upkeep
|turn|17
|
|t:|1781562130
|move|p1a: Cloyster|Icicle Spear|p2a: 平和
|-resisted|p2a: 平和
|-damage|p2a: 平和|74/100
|-resisted|p2a: 平和
|-damage|p2a: 平和|70/100
|-resisted|p2a: 平和
|-damage|p2a: 平和|65/100
|-resisted|p2a: 平和
|-damage|p2a: 平和|61/100
|-resisted|p2a: 平和
|-damage|p2a: 平和|56/100
|-hitcount|p2a: 平和|5
|move|p2a: 平和|Swords Dance|p2a: 平和
|-boost|p2a: 平和|atk|2
|
|upkeep
|turn|18
|
|t:|1781562132
|move|p2a: 平和|Sucker Punch|p1a: Cloyster
|-damage|p1a: Cloyster|0 fnt
|faint|p1a: Cloyster
|
|upkeep
|
|t:|1781562134
|switch|p1a: Zodiac|Zamazenta|100/100
|-damage|p1a: Zodiac|94/100|[from] Stealth Rock
|-ability|p1a: Zodiac|Dauntless Shield|boost
|-boost|p1a: Zodiac|def|1
|turn|19
|
|t:|1781562137
|move|p1a: Zodiac|Iron Defense|p1a: Zodiac
|-boost|p1a: Zodiac|def|2
|move|p2a: 平和|Iron Head|p1a: Zodiac
|-damage|p1a: Zodiac|54/100
|
|-heal|p1a: Zodiac|60/100|[from] item: Leftovers
|upkeep
|turn|20
|
|t:|1781562142
|-terastallize|p2a: 平和|Ghost
|move|p1a: Zodiac|Body Press|p2a: 平和
|-immune|p2a: 平和
|move|p2a: 平和|Iron Head|p1a: Zodiac
|-damage|p1a: Zodiac|21/100
|
|-heal|p1a: Zodiac|27/100|[from] item: Leftovers
|upkeep
|turn|21
|
|t:|1781562144
|move|p1a: Zodiac|Crunch|p2a: 平和
|-supereffective|p2a: 平和
|-damage|p2a: 平和|15/100
|move|p2a: 平和|Iron Head|p1a: Zodiac
|-damage|p1a: Zodiac|0 fnt
|faint|p1a: Zodiac
|
|upkeep
|
|t:|1781562147
|switch|p1a: Op|Cinderace, F|36/100
|-damage|p1a: Op|11/100|[from] Stealth Rock
|turn|22
|
|t:|1781562152
|move|p1a: Op|Sucker Punch|p2a: 平和
|-start|p1a: Op|typechange|Dark|[from] ability: Libero
|-supereffective|p2a: 平和
|-damage|p2a: 平和|0 fnt
|faint|p2a: 平和
|-end|p2a: 平和|fallen4|[silent]
|
|upkeep
|
|t:|1781562153
|switch|p2a: Zoro's Ark|Zoroark-Hisui, M|100/100
|turn|23
|
|t:|1781562157
|move|p1a: Op|Sucker Punch||[still]
|-fail|p1a: Op
|move|p2a: Zoro's Ark|Swords Dance|p2a: Zoro's Ark
|-boost|p2a: Zoro's Ark|atk|2
|
|upkeep
|turn|24
|
|t:|1781562161
|move|p1a: Op|Sucker Punch||[still]
|-fail|p1a: Op
|move|p2a: Zoro's Ark|Swords Dance|p2a: Zoro's Ark
|-boost|p2a: Zoro's Ark|atk|2
|
|upkeep
|turn|25
|
|t:|1781562163
|move|p1a: Op|Pyro Ball|p2a: Zoro's Ark
|-damage|p2a: Zoro's Ark|23/100
|move|p2a: Zoro's Ark|Swords Dance|p2a: Zoro's Ark
|-boost|p2a: Zoro's Ark|atk|2
|
|upkeep
|turn|26
|
|t:|1781562171
|move|p1a: Op|Pyro Ball|p2a: Zoro's Ark
|-damage|p2a: Zoro's Ark|0 fnt
|faint|p2a: Zoro's Ark
|
|win|dooozdzdz
|raw|dooozdzdz's rating: 1664 &rarr; <strong>1686</strong><br />(+22 for winning)
|raw|jd2sleepy's rating: 1696 &rarr; <strong>1674</strong><br />(-22 for losing)
|l|☆jd2sleepy
|player|p2|
|l|☆dooozdzdz
|player|p1|
