|j|☆ghostoftheranch
|j|☆YT-Cyber-DJ
|t:|1781548069
|gametype|singles
|player|p1|ghostoftheranch|medium|1599
|player|p2|YT-Cyber-DJ|gambler|1683
|gen|9
|tier|[Gen 9] OU
|rated|
|rule|HP Percentage Mod: HP is shown in percentages
|rule|Endless Battle Clause: Forcing endless battles is banned
|rule|Species Clause: Limit one of each Pokémon
|rule|OHKO Clause: OHKO moves are banned
|rule|Evasion Items Clause: Evasion items are banned
|rule|Evasion Moves Clause: Evasion moves are banned
|rule|Evasion Abilities Clause: Evasion abilities are banned
|rule|Sleep Moves Clause: Sleep-inducing moves are banned
|clearpoke
|poke|p1|Torkoal, F|
|poke|p1|Fezandipiti, M|
|poke|p1|Great Tusk|
|poke|p1|Cinderace, F|
|poke|p1|Mandibuzz, F|
|poke|p1|Volcanion|
|poke|p2|Iron Treads|
|poke|p2|Dragonite, F|
|poke|p2|Iron Valiant|
|poke|p2|Samurott-Hisui, F|
|poke|p2|Gholdengo|
|poke|p2|Latios, M|
|teampreview
|inactive|Battle timer is ON: inactive players will automatically lose when time's up. (requested by YT-Cyber-DJ)
|c|☆YT-Cyber-DJ|Hf
|c|☆ghostoftheranch|u2
|j| Soumya Ukil
|
|t:|1781548087
|teamsize|p1|6
|teamsize|p2|6
|start
|switch|p1a: Torkoal|Torkoal, F|100/100
|switch|p2a: Latinos|Latios, M|100/100
|-weather|SunnyDay|[from] ability: Drought|[of] p1a: Torkoal
|turn|1
|
|t:|1781548096
|switch|p1a: Fezandipiti|Fezandipiti, M|100/100
|move|p2a: Latinos|Psychic Noise|p1a: Fezandipiti
|-supereffective|p1a: Fezandipiti
|-damage|p1a: Fezandipiti|47/100
|-start|p1a: Fezandipiti|move: Heal Block
|
|-weather|SunnyDay|[upkeep]
|upkeep
|turn|2
|
|t:|1781548110
|switch|p2a: Worth Every Penny|Gholdengo|100/100
|switch|p1a: Mandibuzz|Mandibuzz, F|100/100
|
|-weather|SunnyDay|[upkeep]
|upkeep
|turn|3
|
|t:|1781548116
|switch|p1a: Great Tusk|Great Tusk|100/100
|-activate|p1a: Great Tusk|ability: Protosynthesis
|-start|p1a: Great Tusk|protosynthesisatk
|move|p2a: Worth Every Penny|Trick|p1a: Great Tusk
|-activate|p2a: Worth Every Penny|move: Trick|[of] p1a: Great Tusk
|-item|p1a: Great Tusk|Choice Scarf|[from] move: Trick
|-item|p2a: Worth Every Penny|Choice Scarf|[from] move: Trick
|
|-weather|SunnyDay|[upkeep]
|upkeep
|turn|4
|
|t:|1781548126
|move|p2a: Worth Every Penny|Shadow Ball|p1a: Great Tusk
|-damage|p1a: Great Tusk|30/100
|move|p1a: Great Tusk|Knock Off|p2a: Worth Every Penny
|-supereffective|p2a: Worth Every Penny
|-crit|p2a: Worth Every Penny
|-damage|p2a: Worth Every Penny|0 fnt
|-enditem|p2a: Worth Every Penny|Choice Scarf|[from] move: Knock Off|[of] p1a: Great Tusk
|faint|p2a: Worth Every Penny
|
|-weather|SunnyDay|[upkeep]
|upkeep
|
|t:|1781548133
|switch|p2a: Edge of My Seat|Samurott-Hisui, F|100/100
|turn|5
|
|t:|1781548136
|-end|p1a: Great Tusk|Protosynthesis|[silent]
|switch|p1a: Mandibuzz|Mandibuzz, F|100/100
|move|p2a: Edge of My Seat|Ceaseless Edge|p1a: Mandibuzz
|-resisted|p1a: Mandibuzz
|-damage|p1a: Mandibuzz|88/100
|-damage|p2a: Edge of My Seat|84/100|[from] item: Rocky Helmet|[of] p1a: Mandibuzz
|-sidestart|p1: ghostoftheranch|Spikes
|
|-weather|SunnyDay|[upkeep]
|upkeep
|turn|6
|
|t:|1781548145
|move|p2a: Edge of My Seat|Knock Off|p1a: Mandibuzz
|-resisted|p1a: Mandibuzz
|-damage|p1a: Mandibuzz|75/100
|-damage|p2a: Edge of My Seat|68/100|[from] item: Rocky Helmet|[of] p1a: Mandibuzz
|-enditem|p1a: Mandibuzz|Rocky Helmet|[from] move: Knock Off|[of] p2a: Edge of My Seat
|move|p1a: Mandibuzz|Defog|p2a: Edge of My Seat
|-unboost|p2a: Edge of My Seat|evasion|1
|-sideend|p1: ghostoftheranch|Spikes|[from] move: Defog|[of] p1a: Mandibuzz
|
|-weather|SunnyDay|[upkeep]
|upkeep
|turn|7
|
|t:|1781548163
|move|p2a: Edge of My Seat|Ceaseless Edge|p1a: Mandibuzz
|-resisted|p1a: Mandibuzz
|-damage|p1a: Mandibuzz|64/100
|-sidestart|p1: ghostoftheranch|Spikes
|move|p1a: Mandibuzz|Foul Play|p2a: Edge of My Seat
|-resisted|p2a: Edge of My Seat
|-damage|p2a: Edge of My Seat|44/100
|
|-weather|SunnyDay|[upkeep]
|upkeep
|turn|8
|
|t:|1781548171
|switch|p2a: V-800|Iron Valiant, shiny|100/100
|-enditem|p2a: V-800|Booster Energy
|-activate|p2a: V-800|ability: Quark Drive|[fromitem]
|-start|p2a: V-800|quarkdrivespe
|move|p1a: Mandibuzz|Defog|p2a: V-800
|-unboost|p2a: V-800|evasion|1
|-sideend|p1: ghostoftheranch|Spikes|[from] move: Defog|[of] p1a: Mandibuzz
|
|-weather|none
|upkeep
|turn|9
|
|t:|1781548184
|switch|p1a: Torkoal|Torkoal, F|100/100
|-weather|SunnyDay|[from] ability: Drought|[of] p1a: Torkoal
|move|p2a: V-800|Moonblast|p1a: Torkoal
|-resisted|p1a: Torkoal
|-damage|p1a: Torkoal|70/100
|
|-weather|SunnyDay|[upkeep]
|upkeep
|turn|10
|
|t:|1781548192
|move|p2a: V-800|Knock Off|p1a: Torkoal
|-damage|p1a: Torkoal|51/100
|-enditem|p1a: Torkoal|Heat Rock|[from] move: Knock Off|[of] p2a: V-800
|move|p1a: Torkoal|Stealth Rock|p2a: V-800
|-sidestart|p2: YT-Cyber-DJ|move: Stealth Rock
|
|-weather|SunnyDay|[upkeep]
|upkeep
|turn|11
|
|t:|1781548200
|switch|p1a: Cinderace|Cinderace, F|100/100
|move|p2a: V-800|Moonblast|p1a: Cinderace
|-resisted|p1a: Cinderace
|-damage|p1a: Cinderace|64/100
|-unboost|p1a: Cinderace|spa|1
|
|-weather|SunnyDay|[upkeep]
|upkeep
|turn|12
|
|t:|1781548210
|-end|p2a: V-800|Quark Drive|[silent]
|switch|p2a: Edge of My Seat|Samurott-Hisui, F|44/100
|-damage|p2a: Edge of My Seat|32/100|[from] Stealth Rock
|move|p1a: Cinderace|Pyro Ball|p2a: Edge of My Seat
|-resisted|p2a: Edge of My Seat
|-damage|p2a: Edge of My Seat|0 fnt
|faint|p2a: Edge of My Seat
|
|-weather|SunnyDay|[upkeep]
|upkeep
|
|t:|1781548214
|switch|p2a: What a Drag|Dragonite, F|100/100
|-damage|p2a: What a Drag|76/100|[from] Stealth Rock
|turn|13
|
|t:|1781548227
|switch|p1a: Mandibuzz|Mandibuzz, F|64/100
|move|p2a: What a Drag|Fire Punch|p1a: Mandibuzz
|-damage|p1a: Mandibuzz|28/100
|-damage|p2a: What a Drag|66/100|[from] item: Life Orb
|
|-weather|SunnyDay|[upkeep]
|upkeep
|turn|14
|
|t:|1781548243
|move|p2a: What a Drag|Fire Punch|p1a: Mandibuzz
|-damage|p1a: Mandibuzz|0 fnt
|faint|p1a: Mandibuzz
|-damage|p2a: What a Drag|56/100|[from] item: Life Orb
|
|-weather|SunnyDay|[upkeep]
|upkeep
|inactive|ghostoftheranch has 120 seconds left.
|
|t:|1781548278
|switch|p1a: Volcanion|Volcanion|100/100
|turn|15
|
|t:|1781548287
|-terastallize|p1a: Volcanion|Ground
|move|p2a: What a Drag|Outrage|p1a: Volcanion
|-damage|p1a: Volcanion|22/100
|-damage|p2a: What a Drag|46/100|[from] item: Life Orb
|move|p1a: Volcanion|Fire Blast|p2a: What a Drag
|-resisted|p2a: What a Drag
|-damage|p2a: What a Drag|0 fnt
|faint|p2a: What a Drag
|
|-weather|SunnyDay|[upkeep]
|upkeep
|
|t:|1781548300
|switch|p2a: V-800|Iron Valiant, shiny|100/100
|-damage|p2a: V-800|94/100|[from] Stealth Rock
|turn|16
|inactive|ghostoftheranch has 120 seconds left.
|
|t:|1781548310
|move|p2a: V-800|Moonblast|p1a: Volcanion
|-damage|p1a: Volcanion|0 fnt
|faint|p1a: Volcanion
|
|-weather|none
|upkeep
|inactive|ghostoftheranch has 120 seconds left.
|
|t:|1781548315
|switch|p1a: Torkoal|Torkoal, F|51/100
|-weather|SunnyDay|[from] ability: Drought|[of] p1a: Torkoal
|turn|17
|
|t:|1781548325
|move|p2a: V-800|Moonblast|p1a: Torkoal
|-resisted|p1a: Torkoal
|-damage|p1a: Torkoal|18/100
|move|p1a: Torkoal|Fire Blast|p2a: V-800
|-damage|p2a: V-800|0 fnt
|faint|p2a: V-800
|-end|p2a: V-800|Quark Drive|[silent]
|
|-weather|SunnyDay|[upkeep]
|upkeep
|
|t:|1781548331
|switch|p2a: Latinos|Latios, M|100/100
|-damage|p2a: Latinos|88/100|[from] Stealth Rock
|turn|18
|inactive|ghostoftheranch has 120 seconds left.
|
|t:|1781548361
|move|p2a: Latinos|Psychic Noise|p1a: Torkoal
|-damage|p1a: Torkoal|0 fnt
|faint|p1a: Torkoal
|
|-weather|SunnyDay|[upkeep]
|upkeep
|
|t:|1781548366
|switch|p1a: Cinderace|Cinderace, F|64/100
|turn|19
|
|t:|1781548383
|switch|p2a: Address Me|Iron Treads|100/100
|-damage|p2a: Address Me|97/100|[from] Stealth Rock
|move|p1a: Cinderace|Sucker Punch||[still]
|-fail|p1a: Cinderace
|
|-weather|SunnyDay|[upkeep]
|-heal|p2a: Address Me|100/100|[from] item: Leftovers
|upkeep
|turn|20
|
|t:|1781548391
|-terastallize|p2a: Address Me|Fairy
|move|p2a: Address Me|Rapid Spin|p1a: Cinderace
|-crit|p1a: Cinderace
|-damage|p1a: Cinderace|29/100
|-boost|p2a: Address Me|spe|1
|-sideend|p2: YT-Cyber-DJ|Stealth Rock|[from] move: Rapid Spin|[of] p2a: Address Me
|move|p1a: Cinderace|Pyro Ball|p2a: Address Me
|-damage|p2a: Address Me|0 fnt
|faint|p2a: Address Me
|-end|p2a: Address Me|Quark Drive|[silent]
|
|-weather|SunnyDay|[upkeep]
|upkeep
|
|t:|1781548397
|switch|p2a: Latinos|Latios, M|88/100
|turn|21
|
|t:|1781548402
|move|p1a: Cinderace|Sucker Punch|p2a: Latinos
|-start|p1a: Cinderace|typechange|Dark|[from] ability: Libero
|-supereffective|p2a: Latinos
|-damage|p2a: Latinos|0 fnt
|faint|p2a: Latinos
|
|win|ghostoftheranch
|raw|ghostoftheranch's rating: 1599 &rarr; <strong>1624</strong><br />(+25 for winning)
|raw|YT-Cyber-DJ's rating: 1683 &rarr; <strong>1658</strong><br />(-25 for losing)
|l|☆YT-Cyber-DJ
|player|p2|
|l|☆ghostoftheranch
|player|p1|
|l| Soumya Ukil
