|j|☆mr 2 sheist-clay
|j|☆icylikedecember
|t:|1781484241
|gametype|singles
|player|p1|mr 2 sheist-clay|eusine|1719
|player|p2|icylikedecember|smasher|1833
|gen|9
|tier|[Gen 9] OU
|rated|
|rule|HP Percentage Mod: HP is shown in percentages
|rule|Endless Battle Clause: Forcing endless battles is banned
|rule|Species Clause: Limit one of each Pokémon
|rule|OHKO Clause: OHKO moves are banned
|rule|Evasion Items Clause: Evasion items are banned
|rule|Evasion Moves Clause: Evasion moves are banned
|rule|Evasion Abilities Clause: Evasion abilities are banned
|rule|Sleep Moves Clause: Sleep-inducing moves are banned
|clearpoke
|poke|p1|Ceruledge, F|
|poke|p1|Iron Valiant|
|poke|p1|Ting-Lu|
|poke|p1|Zapdos|
|poke|p1|Kyurem|
|poke|p1|Gholdengo|
|poke|p2|Corviknight, F|
|poke|p2|Slowking-Galar, M|
|poke|p2|Darkrai|
|poke|p2|Kyurem|
|poke|p2|Zamazenta-*|
|poke|p2|Crawdaunt, F|
|teampreview
|inactive|Battle timer is ON: inactive players will automatically lose when time's up. (requested by icylikedecember)
|j| nonchalantbufalant
|inactive|mr 2 sheist-clay has 120 seconds left.
|
|t:|1781484283
|teamsize|p1|6
|teamsize|p2|6
|start
|switch|p1a: Figarland Garling|Iron Valiant|100/100
|switch|p2a: Kyurem|Kyurem|100/100
|-ability|p2a: Kyurem|Pressure
|turn|1
|
|t:|1781484287
|switch|p2a: Slowking|Slowking-Galar, M, shiny|100/100
|move|p1a: Figarland Garling|Moonblast|p2a: Slowking
|-resisted|p2a: Slowking
|-damage|p2a: Slowking|83/100
|
|upkeep
|turn|2
|c| nonchalantbufalant|I doubt you're THAT sheist tbh
|
|t:|1781484311
|-end|p1a: Figarland Garling|Quark Drive|[silent]
|switch|p1a: Linguini|Gholdengo|100/100
|-item|p1a: Linguini|Air Balloon
|switch|p2a: Corviknight|Corviknight, F, shiny|100/100
|-ability|p2a: Corviknight|Pressure
|
|upkeep
|turn|3
|
|t:|1781484321
|switch|p1a: KWAHHHHH|Zapdos|100/100
|move|p2a: Corviknight|U-turn|p1a: KWAHHHHH
|-resisted|p1a: KWAHHHHH
|-damage|p1a: KWAHHHHH|96/100
|
|t:|1781484326
|switch|p2a: Darkrai|Darkrai|100/100|[from] U-turn
|
|upkeep
|turn|4
|
|t:|1781484332
|move|p2a: Darkrai|Ice Beam|p1a: KWAHHHHH
|-supereffective|p1a: KWAHHHHH
|-damage|p1a: KWAHHHHH|14/100
|move|p1a: KWAHHHHH|Thunder Wave|p2a: Darkrai
|-status|p2a: Darkrai|par
|
|upkeep
|turn|5
|
|t:|1781484338
|move|p1a: KWAHHHHH|Roost|p1a: KWAHHHHH
|-heal|p1a: KWAHHHHH|64/100
|-singleturn|p1a: KWAHHHHH|move: Roost
|cant|p2a: Darkrai|par
|
|upkeep
|turn|6
|
|t:|1781484349
|move|p1a: KWAHHHHH|Volt Switch|p2a: Darkrai
|-damage|p2a: Darkrai|64/100 par
|
|t:|1781484353
|switch|p1a: RAWWWWWR|Kyurem|100/100|[from] Volt Switch
|-ability|p1a: RAWWWWWR|Pressure
|move|p2a: Darkrai|Focus Blast|p1a: RAWWWWWR
|-supereffective|p1a: RAWWWWWR
|-damage|p1a: RAWWWWWR|3/100
|
|upkeep
|turn|7
|
|t:|1781484361
|switch|p2a: Slowking|Slowking-Galar, M, shiny|100/100
|move|p1a: RAWWWWWR|Ice Beam|p2a: Slowking
|-damage|p2a: Slowking|78/100
|
|upkeep
|turn|8
|
|t:|1781484368
|switch|p1a: 3 Day Old POOP|Ting-Lu|100/100
|-ability|p1a: 3 Day Old POOP|Vessel of Ruin
|move|p2a: Slowking|Sludge Bomb|p1a: 3 Day Old POOP
|-resisted|p1a: 3 Day Old POOP
|-damage|p1a: 3 Day Old POOP|91/100
|-status|p1a: 3 Day Old POOP|psn
|
|-heal|p1a: 3 Day Old POOP|97/100 psn|[from] item: Leftovers
|-damage|p1a: 3 Day Old POOP|85/100 psn|[from] psn
|upkeep
|turn|9
|
|t:|1781484372
|switch|p2a: Kyurem|Kyurem|100/100
|-ability|p2a: Kyurem|Pressure
|move|p1a: 3 Day Old POOP|Stealth Rock|p2a: Kyurem
|-sidestart|p2: icylikedecember|move: Stealth Rock
|
|-heal|p1a: 3 Day Old POOP|91/100 psn|[from] item: Leftovers
|-damage|p1a: 3 Day Old POOP|79/100 psn|[from] psn
|upkeep
|turn|10
|
|t:|1781484384
|move|p2a: Kyurem|Ice Beam|p1a: 3 Day Old POOP
|-supereffective|p1a: 3 Day Old POOP
|-damage|p1a: 3 Day Old POOP|19/100 psn
|move|p1a: 3 Day Old POOP|Ruination|p2a: Kyurem
|-damage|p2a: Kyurem|51/100
|
|-heal|p1a: 3 Day Old POOP|25/100 psn|[from] item: Leftovers
|-damage|p1a: 3 Day Old POOP|13/100 psn|[from] psn
|upkeep
|turn|11
|
|t:|1781484390
|move|p2a: Kyurem|Ice Beam|p1a: 3 Day Old POOP
|-supereffective|p1a: 3 Day Old POOP
|-damage|p1a: 3 Day Old POOP|0 fnt
|faint|p1a: 3 Day Old POOP
|
|upkeep
|inactive|mr 2 sheist-clay has 120 seconds left.
|c|☆icylikedecember|test
|c|☆icylikedecember|ok
|
|t:|1781484438
|switch|p1a: Linguini|Gholdengo|100/100
|-item|p1a: Linguini|Air Balloon
|turn|12
|
|t:|1781484442
|switch|p2a: Darkrai|Darkrai|64/100 par
|-damage|p2a: Darkrai|52/100 par|[from] Stealth Rock
|move|p1a: Linguini|Nasty Plot|p1a: Linguini
|-boost|p1a: Linguini|spa|2
|
|upkeep
|turn|13
|
|t:|1781484446
|move|p1a: Linguini|Make It Rain|p2a: Darkrai
|-damage|p2a: Darkrai|0 fnt
|-unboost|p1a: Linguini|spa|1
|faint|p2a: Darkrai
|
|upkeep
|
|t:|1781484471
|switch|p2a: Slowking|Slowking-Galar, M, shiny|100/100
|-damage|p2a: Slowking|88/100|[from] Stealth Rock
|turn|14
|
|t:|1781484476
|move|p1a: Linguini|Nasty Plot|p1a: Linguini
|-boost|p1a: Linguini|spa|2
|move|p2a: Slowking|Flamethrower|p1a: Linguini
|-supereffective|p1a: Linguini
|-damage|p1a: Linguini|50/100
|-enditem|p1a: Linguini|Air Balloon
|
|upkeep
|turn|15
|inactive|mr 2 sheist-clay has 120 seconds left.
|
|t:|1781484509
|switch|p2a: Crawdaunt|Crawdaunt, F|100/100
|-damage|p2a: Crawdaunt|88/100|[from] Stealth Rock
|move|p1a: Linguini|Shadow Ball|p2a: Crawdaunt
|-resisted|p2a: Crawdaunt
|-damage|p2a: Crawdaunt|0 fnt
|faint|p2a: Crawdaunt
|
|upkeep
|
|t:|1781484524
|switch|p2a: Kyurem|Kyurem|51/100
|-damage|p2a: Kyurem|26/100|[from] Stealth Rock
|-ability|p2a: Kyurem|Pressure
|turn|16
|inactive|mr 2 sheist-clay has 120 seconds left.
|
|t:|1781484544
|move|p2a: Kyurem|Ice Beam|p1a: Linguini
|-resisted|p1a: Linguini
|-damage|p1a: Linguini|23/100
|move|p1a: Linguini|Shadow Ball|p2a: Kyurem
|-damage|p2a: Kyurem|0 fnt
|faint|p2a: Kyurem
|
|upkeep
|
|t:|1781484554
|switch|p2a: Zamazenta|Zamazenta|100/100
|-damage|p2a: Zamazenta|94/100|[from] Stealth Rock
|-ability|p2a: Zamazenta|Dauntless Shield|boost
|-boost|p2a: Zamazenta|def|1
|turn|17
|inactive|mr 2 sheist-clay has 120 seconds left.
|
|t:|1781484564
|move|p2a: Zamazenta|Crunch|p1a: Linguini
|-supereffective|p1a: Linguini
|-damage|p1a: Linguini|0 fnt
|faint|p1a: Linguini
|
|-heal|p2a: Zamazenta|100/100|[from] item: Leftovers
|upkeep
|inactive|mr 2 sheist-clay has 120 seconds left.
|
|t:|1781484580
|switch|p1a: KWAHHHHH|Zapdos|64/100
|turn|18
|
|t:|1781484584
|switch|p2a: Slowking|Slowking-Galar, M, shiny|100/100
|-damage|p2a: Slowking|88/100|[from] Stealth Rock
|move|p1a: KWAHHHHH|Thunder Wave|p2a: Slowking
|-status|p2a: Slowking|par
|
|upkeep
|turn|19
|
|t:|1781484590
|move|p1a: KWAHHHHH|Roost|p1a: KWAHHHHH
|-heal|p1a: KWAHHHHH|100/100
|-singleturn|p1a: KWAHHHHH|move: Roost
|cant|p2a: Slowking|par
|
|upkeep
|turn|20
|
|t:|1781484592
|move|p1a: KWAHHHHH|Volt Switch|p2a: Slowking
|-crit|p2a: Slowking
|-damage|p2a: Slowking|65/100 par
|
|t:|1781484593
|switch|p1a: Edward Scizorhands|Ceruledge, F|100/100|[from] Volt Switch
|move|p2a: Slowking|Sludge Bomb|p1a: Edward Scizorhands
|-resisted|p1a: Edward Scizorhands
|-damage|p1a: Edward Scizorhands|78/100
|
|upkeep
|turn|21
|
|t:|1781484600
|switch|p2a: Zamazenta|Zamazenta|100/100
|-damage|p2a: Zamazenta|94/100|[from] Stealth Rock
|move|p1a: Edward Scizorhands|Swords Dance|p1a: Edward Scizorhands
|-boost|p1a: Edward Scizorhands|atk|2
|
|-heal|p2a: Zamazenta|100/100|[from] item: Leftovers
|upkeep
|turn|22
|
|t:|1781484614
|-terastallize|p1a: Edward Scizorhands|Bug
|move|p1a: Edward Scizorhands|Bitter Blade|p2a: Zamazenta
|-damage|p2a: Zamazenta|29/100
|-heal|p1a: Edward Scizorhands|100/100|[from] drain|[of] p2a: Zamazenta
|move|p2a: Zamazenta|Roar|p1a: Edward Scizorhands
|drag|p1a: RAWWWWWR|Kyurem|3/100
|-ability|p1a: RAWWWWWR|Pressure
|
|-heal|p2a: Zamazenta|36/100|[from] item: Leftovers
|upkeep
|turn|23
|
|t:|1781484623
|switch|p2a: Slowking|Slowking-Galar, M, shiny|98/100 par
|-damage|p2a: Slowking|86/100 par|[from] Stealth Rock
|move|p1a: RAWWWWWR|Ice Beam|p2a: Slowking
|-damage|p2a: Slowking|61/100 par
|
|upkeep
|turn|24
|c|☆icylikedecember|fight is about to start
|c|☆icylikedecember|bye
|j| Turtle Flute
|-message|icylikedecember forfeited.
|
|win|mr 2 sheist-clay
|raw|mr 2 sheist-clay's rating: 1719 &rarr; <strong>1745</strong><br />(+26 for winning)
|raw|icylikedecember's rating: 1833 &rarr; <strong>1807</strong><br />(-26 for losing)
|l|☆icylikedecember
|player|p2|
|l|☆mr 2 sheist-clay
|player|p1|
|j|☆mr 2 sheist-clay
|player|p1|mr 2 sheist-clay|eusine|
|l|☆mr 2 sheist-clay
|player|p1|
|l| nonchalantbufalant
|l| Turtle Flute
|j| nonchalantbufalant
|l| nonchalantbufalant
