|j|☆Luisowbro
|j|☆icecreamtesting
|t:|1781280837
|gametype|singles
|player|p1|Luisowbro|ingo|1573
|player|p2|icecreamtesting|169|1569
|gen|9
|tier|[Gen 9] OU
|rated|
|rule|HP Percentage Mod: HP is shown in percentages
|rule|Endless Battle Clause: Forcing endless battles is banned
|rule|Species Clause: Limit one of each Pokémon
|rule|OHKO Clause: OHKO moves are banned
|rule|Evasion Items Clause: Evasion items are banned
|rule|Evasion Moves Clause: Evasion moves are banned
|rule|Evasion Abilities Clause: Evasion abilities are banned
|rule|Sleep Moves Clause: Sleep-inducing moves are banned
|clearpoke
|poke|p1|Moltres-Galar|
|poke|p1|Haxorus, M|
|poke|p1|Thundurus-Therian, M|
|poke|p1|Scizor, M|
|poke|p1|Volcanion|
|poke|p1|Ninetales-Alola, F|
|poke|p2|Darkrai|
|poke|p2|Dragapult, M|
|poke|p2|Slowking-Galar, M|
|poke|p2|Great Tusk|
|poke|p2|Hoopa-Unbound|
|poke|p2|Skarmory, F|
|teampreview
|inactive|Battle timer is ON: inactive players will automatically lose when time's up. (requested by icecreamtesting)
|
|t:|1781280868
|teamsize|p1|6
|teamsize|p2|6
|start
|switch|p1a: Scizor|Scizor, M|100/100
|switch|p2a: Slowking|Slowking-Galar, M|100/100
|turn|1
|
|t:|1781280877
|switch|p2a: Skarmory|Skarmory, F|100/100
|move|p1a: Scizor|Knock Off|p2a: Skarmory
|-damage|p2a: Skarmory|60/100
|-damage|p1a: Scizor|84/100|[from] item: Rocky Helmet|[of] p2a: Skarmory
|-enditem|p2a: Skarmory|Rocky Helmet|[from] move: Knock Off|[of] p1a: Scizor
|
|upkeep
|turn|2
|
|t:|1781280885
|switch|p1a: Volcanion|Volcanion|100/100
|move|p2a: Skarmory|Stealth Rock|p1a: Volcanion
|-sidestart|p1: Luisowbro|move: Stealth Rock
|
|upkeep
|turn|3
|
|t:|1781280893
|switch|p2a: Slowking|Slowking-Galar, M|100/100
|move|p1a: Volcanion|Steam Eruption|p2a: Slowking
|-damage|p2a: Slowking|64/100
|
|upkeep
|turn|4
|
|t:|1781280904
|move|p1a: Volcanion|Earth Power|p2a: Slowking
|-supereffective|p2a: Slowking
|-damage|p2a: Slowking|24/100
|move|p2a: Slowking|Thunder Wave|p1a: Volcanion
|-status|p1a: Volcanion|par
|
|upkeep
|turn|5
|
|t:|1781280912
|switch|p2a: Hoopa|Hoopa-Unbound|100/100
|move|p1a: Volcanion|Steam Eruption|p2a: Hoopa
|-crit|p2a: Hoopa
|-damage|p2a: Hoopa|52/100
|-status|p2a: Hoopa|brn
|
|-damage|p2a: Hoopa|46/100 brn|[from] brn
|upkeep
|turn|6
|
|t:|1781280924
|move|p2a: Hoopa|Thunderbolt|p1a: Volcanion
|-supereffective|p1a: Volcanion
|-damage|p1a: Volcanion|53/100 par
|move|p1a: Volcanion|Flamethrower|p2a: Hoopa
|-damage|p2a: Hoopa|18/100 brn
|
|-damage|p2a: Hoopa|12/100 brn|[from] brn
|upkeep
|turn|7
|
|t:|1781280934
|switch|p1a: Thundurus|Thundurus-Therian, M, shiny|100/100
|-damage|p1a: Thundurus|76/100|[from] Stealth Rock
|move|p2a: Hoopa|Psychic Noise|p1a: Thundurus
|-damage|p1a: Thundurus|14/100
|-start|p1a: Thundurus|move: Heal Block
|
|-damage|p2a: Hoopa|6/100 brn|[from] brn
|upkeep
|turn|8
|
|t:|1781280947
|switch|p2a: Slowking|Slowking-Galar, M|57/100
|move|p1a: Thundurus|Volt Switch|p2a: Slowking
|-damage|p2a: Slowking|30/100
|
|t:|1781280968
|switch|p1a: Scizor|Scizor, M|84/100|[from] Volt Switch
|-damage|p1a: Scizor|72/100|[from] Stealth Rock
|
|upkeep
|turn|9
|
|t:|1781280973
|move|p1a: Scizor|U-turn|p2a: Slowking
|-damage|p2a: Slowking|0 fnt
|faint|p2a: Slowking
|
|t:|1781280979
|switch|p1a: Volcanion|Volcanion|53/100 par|[from] U-turn
|-damage|p1a: Volcanion|28/100 par|[from] Stealth Rock
|
|upkeep
|
|t:|1781280983
|switch|p2a: Dragapult|Dragapult, M, shiny|100/100
|turn|10
|
|t:|1781280990
|move|p2a: Dragapult|Hex|p1a: Volcanion
|-damage|p1a: Volcanion|0 fnt
|faint|p1a: Volcanion
|
|upkeep
|
|t:|1781281011
|switch|p1a: Scizor|Scizor, M|72/100
|-damage|p1a: Scizor|59/100|[from] Stealth Rock
|turn|11
|
|t:|1781281016
|move|p2a: Dragapult|Will-O-Wisp|p1a: Scizor
|-status|p1a: Scizor|brn
|move|p1a: Scizor|Defog|p2a: Dragapult
|-fail|p2a: Dragapult|unboost|[from] ability: Clear Body|[of] p2a: Dragapult
|-sideend|p1: Luisowbro|Stealth Rock|[from] move: Defog|[of] p1a: Scizor
|
|-damage|p1a: Scizor|53/100 brn|[from] brn
|upkeep
|turn|12
|
|t:|1781281030
|switch|p1a: Ninetales|Ninetales-Alola, F, shiny|100/100
|-weather|Snowscape|[from] ability: Snow Warning|[of] p1a: Ninetales
|move|p2a: Dragapult|U-turn|p1a: Ninetales
|-resisted|p1a: Ninetales
|-damage|p1a: Ninetales|92/100
|
|t:|1781281034
|switch|p2a: Hoopa|Hoopa-Unbound|6/100 brn|[from] U-turn
|
|-weather|Snowscape|[upkeep]
|-damage|p2a: Hoopa|0 fnt|[from] brn
|faint|p2a: Hoopa
|upkeep
|
|t:|1781281039
|switch|p2a: Darkrai|Darkrai|100/100
|turn|13
|
|t:|1781281044
|switch|p1a: Scizor|Scizor, M|53/100 brn
|move|p2a: Darkrai|Focus Blast|p1a: Scizor
|-damage|p1a: Scizor|0 fnt
|faint|p1a: Scizor
|
|-weather|Snowscape|[upkeep]
|upkeep
|
|t:|1781281051
|switch|p1a: Ninetales|Ninetales-Alola, F, shiny|92/100
|turn|14
|
|t:|1781281054
|move|p2a: Darkrai|Focus Blast|p1a: Ninetales
|-damage|p1a: Ninetales|29/100
|move|p1a: Ninetales|Aurora Veil|p1a: Ninetales
|-sidestart|p1: Luisowbro|move: Aurora Veil
|
|-weather|Snowscape|[upkeep]
|upkeep
|turn|15
|
|t:|1781281059
|move|p2a: Darkrai|Focus Blast|p1a: Ninetales
|-damage|p1a: Ninetales|0 fnt
|faint|p1a: Ninetales
|
|-weather|Snowscape|[upkeep]
|upkeep
|
|t:|1781281071
|switch|p1a: Moltres|Moltres-Galar, shiny|100/100
|turn|16
|
|t:|1781281075
|switch|p2a: Great Tusk|Great Tusk, shiny|100/100
|move|p1a: Moltres|Agility|p1a: Moltres
|-boost|p1a: Moltres|spe|2
|
|-weather|none
|upkeep
|turn|17
|
|t:|1781281082
|move|p1a: Moltres|Air Slash|p2a: Great Tusk|[miss]
|-miss|p1a: Moltres|p2a: Great Tusk
|move|p2a: Great Tusk|Headlong Rush|p1a: Moltres
|-immune|p1a: Moltres
|
|upkeep
|turn|18
|
|t:|1781281090
|move|p1a: Moltres|Nasty Plot|p1a: Moltres
|-boost|p1a: Moltres|spa|2
|move|p2a: Great Tusk|Headlong Rush|p1a: Moltres
|-immune|p1a: Moltres
|
|upkeep
|turn|19
|
|t:|1781281096
|-end|p2a: Great Tusk|Protosynthesis|[silent]
|switch|p2a: Skarmory|Skarmory, F|60/100
|move|p1a: Moltres|Nasty Plot|p1a: Moltres
|-boost|p1a: Moltres|spa|2
|
|upkeep
|turn|20
|
|t:|1781281101
|move|p1a: Moltres|Fiery Wrath|p2a: Skarmory
|-damage|p2a: Skarmory|0 fnt
|faint|p2a: Skarmory
|
|upkeep
|
|t:|1781281107
|switch|p2a: Darkrai|Darkrai|100/100
|turn|21
|
|t:|1781281110
|switch|p2a: Great Tusk|Great Tusk, shiny|100/100
|move|p1a: Moltres|Air Slash|p2a: Great Tusk
|-supereffective|p2a: Great Tusk
|-damage|p2a: Great Tusk|0 fnt
|faint|p2a: Great Tusk
|-end|p2a: Great Tusk|Protosynthesis|[silent]
|
|-sideend|p1: Luisowbro|move: Aurora Veil
|upkeep
|
|t:|1781281114
|switch|p2a: Darkrai|Darkrai|100/100
|turn|22
|
|t:|1781281120
|-terastallize|p2a: Darkrai|Dark
|move|p1a: Moltres|Air Slash|p2a: Darkrai
|-damage|p2a: Darkrai|0 fnt
|faint|p2a: Darkrai
|
|upkeep
|-message|icecreamtesting forfeited.
|
|win|Luisowbro
|raw|Luisowbro's rating: 1573 &rarr; <strong>1593</strong><br />(+20 for winning)
|raw|icecreamtesting's rating: 1569 &rarr; <strong>1549</strong><br />(-20 for losing)
|l|☆icecreamtesting
|player|p2|
|c|☆Luisowbro|wait
|c|☆Luisowbro|those headlong rushes were because you knew i was tera steel?
|l|☆Luisowbro
|player|p1|
