|j|‽Poisonsoakedfangs
|j|‽bladegalaxy
|t:|1781585322
|gametype|singles
|player|p1|Poisonsoakedfangs|galacticgruntf|1692
|player|p2|bladegalaxy|266|1527
|gen|9
|tier|[Gen 9] OU
|rated|
|rule|HP Percentage Mod: HP is shown in percentages
|rule|Endless Battle Clause: Forcing endless battles is banned
|rule|Species Clause: Limit one of each Pokémon
|rule|OHKO Clause: OHKO moves are banned
|rule|Evasion Items Clause: Evasion items are banned
|rule|Evasion Moves Clause: Evasion moves are banned
|rule|Evasion Abilities Clause: Evasion abilities are banned
|rule|Sleep Moves Clause: Sleep-inducing moves are banned
|clearpoke
|poke|p1|Ninetales-Alola, M|
|poke|p1|Klefki, F|
|poke|p1|Maushold-Four|
|poke|p1|Latias, F|
|poke|p1|Okidogi, M|
|poke|p1|Ogerpon-Wellspring, F|
|poke|p2|Darkrai|
|poke|p2|Garchomp, F|
|poke|p2|Alomomola, F|
|poke|p2|Corviknight, F|
|poke|p2|Weezing-Galar, M|
|poke|p2|Ogerpon, F|
|teampreview
|inactive|Battle timer is ON: inactive players will automatically lose when time's up. (requested by bladegalaxy)
|
|t:|1781585329
|teamsize|p1|6
|teamsize|p2|6
|start
|switch|p1a: Klefki|Klefki, F|100/100
|switch|p2a: Weezing|Weezing-Galar, M|100/100
|-ability|p2a: Weezing|Neutralizing Gas
|turn|1
|
|t:|1781585333
|move|p1a: Klefki|Reflect|p1a: Klefki
|-sidestart|p1: Poisonsoakedfangs|Reflect
|move|p2a: Weezing|Will-O-Wisp|p1a: Klefki
|-status|p1a: Klefki|brn
|
|-damage|p1a: Klefki|95/100 brn|[from] brn
|upkeep
|turn|2
|
|t:|1781585336
|move|p1a: Klefki|Thunder Wave|p2a: Weezing
|-status|p2a: Weezing|par
|move|p2a: Weezing|Defog|p1a: Klefki
|-unboost|p1a: Klefki|evasion|1
|-sideend|p1: Poisonsoakedfangs|Reflect
|
|-damage|p1a: Klefki|89/100 brn|[from] brn
|upkeep
|turn|3
|
|t:|1781585343
|move|p1a: Klefki|Light Screen|p1a: Klefki
|-sidestart|p1: Poisonsoakedfangs|move: Light Screen
|move|p2a: Weezing|Will-O-Wisp|p1a: Klefki
|-fail|p1a: Klefki|brn
|
|-damage|p1a: Klefki|83/100 brn|[from] brn
|upkeep
|turn|4
|
|t:|1781585345
|switch|p1a: Ninetales|Ninetales-Alola, M|100/100
|cant|p2a: Weezing|par
|
|upkeep
|turn|5
|
|t:|1781585369
|move|p1a: Ninetales|Freeze-Dry|p2a: Weezing
|-damage|p2a: Weezing|74/100 par
|move|p2a: Weezing|Defog|p1a: Ninetales
|-unboost|p1a: Ninetales|evasion|1
|-sideend|p1: Poisonsoakedfangs|move: Light Screen
|
|-heal|p2a: Weezing|80/100 par|[from] item: Leftovers
|upkeep
|turn|6
|
|t:|1781585373
|move|p1a: Ninetales|Freeze-Dry|p2a: Weezing
|-damage|p2a: Weezing|53/100 par
|move|p2a: Weezing|Sludge Bomb|p1a: Ninetales
|-supereffective|p1a: Ninetales
|-damage|p1a: Ninetales|34/100
|
|-heal|p2a: Weezing|59/100 par|[from] item: Leftovers
|upkeep
|turn|7
|
|t:|1781585380
|switch|p1a: Klefki|Klefki, F|83/100 brn
|move|p2a: Weezing|Sludge Bomb|p1a: Klefki
|-immune|p1a: Klefki
|
|-heal|p2a: Weezing|65/100 par|[from] item: Leftovers
|-damage|p1a: Klefki|77/100 brn|[from] brn
|upkeep
|turn|8
|
|t:|1781585390
|-end|p2a: Weezing|ability: Neutralizing Gas
|switch|p2a: Garchomp|Garchomp, F|100/100
|move|p1a: Klefki|Light Screen|p1a: Klefki
|-sidestart|p1: Poisonsoakedfangs|move: Light Screen
|
|-damage|p1a: Klefki|71/100 brn|[from] brn
|upkeep
|turn|9
|
|t:|1781585394
|move|p1a: Klefki|Reflect|p1a: Klefki
|-sidestart|p1: Poisonsoakedfangs|Reflect
|move|p2a: Garchomp|Stealth Rock|p1a: Klefki
|-sidestart|p1: Poisonsoakedfangs|move: Stealth Rock
|
|-damage|p1a: Klefki|65/100 brn|[from] brn
|upkeep
|turn|10
|
|t:|1781585412
|switch|p2a: Weezing|Weezing-Galar, M|65/100 par
|-ability|p2a: Weezing|Neutralizing Gas
|move|p1a: Klefki|Spikes|p2a: Weezing
|-sidestart|p2: bladegalaxy|Spikes
|
|-heal|p2a: Weezing|71/100 par|[from] item: Leftovers
|-damage|p1a: Klefki|59/100 brn|[from] brn
|upkeep
|turn|11
|
|t:|1781585420
|switch|p1a: Ogerpon|Ogerpon-Wellspring, F|100/100
|-damage|p1a: Ogerpon|88/100|[from] Stealth Rock
|cant|p2a: Weezing|par
|
|-heal|p2a: Weezing|77/100 par|[from] item: Leftovers
|upkeep
|turn|12
|
|t:|1781585434
|move|p1a: Ogerpon|Swords Dance|p1a: Ogerpon
|-boost|p1a: Ogerpon|atk|2
|move|p2a: Weezing|Defog|p1a: Ogerpon
|-unboost|p1a: Ogerpon|evasion|1
|-sideend|p1: Poisonsoakedfangs|Reflect
|-sideend|p1: Poisonsoakedfangs|move: Light Screen
|-sideend|p1: Poisonsoakedfangs|Stealth Rock|[from] move: Defog|[of] p2a: Weezing
|-sideend|p2: bladegalaxy|Spikes|[from] move: Defog|[of] p2a: Weezing
|
|-heal|p2a: Weezing|83/100 par|[from] item: Leftovers
|upkeep
|turn|13
|
|t:|1781585437
|move|p1a: Ogerpon|Encore|p2a: Weezing
|-start|p2a: Weezing|Encore
|move|p2a: Weezing|Defog|p1a: Ogerpon
|-unboost|p1a: Ogerpon|evasion|1
|
|-heal|p2a: Weezing|89/100 par|[from] item: Leftovers
|upkeep
|turn|14
|
|t:|1781585442
|-end|p2a: Weezing|ability: Neutralizing Gas
|switch|p2a: Darkrai|Darkrai|100/100
|move|p1a: Ogerpon|Trailblaze|p2a: Darkrai
|-damage|p2a: Darkrai|12/100
|-boost|p1a: Ogerpon|spe|1
|
|upkeep
|turn|15
|
|t:|1781585449
|move|p1a: Ogerpon|Trailblaze|p2a: Darkrai
|-damage|p2a: Darkrai|0 fnt
|-boost|p1a: Ogerpon|spe|1
|faint|p2a: Darkrai
|
|upkeep
|
|t:|1781585453
|switch|p2a: Corviknight|Corviknight, F|100/100
|-ability|p2a: Corviknight|Pressure
|turn|16
|
|t:|1781585467
|-terastallize|p2a: Corviknight|Dragon
|move|p1a: Ogerpon|Ivy Cudgel|p2a: Corviknight|[anim] Ivy Cudgel Water
|-resisted|p2a: Corviknight
|-damage|p2a: Corviknight|45/100
|move|p2a: Corviknight|Brave Bird|p1a: Ogerpon
|-supereffective|p1a: Ogerpon
|-damage|p1a: Ogerpon|3/100
|-damage|p2a: Corviknight|23/100|[from] Recoil
|
|-heal|p2a: Corviknight|29/100|[from] item: Leftovers
|upkeep
|turn|17
|
|t:|1781585475
|move|p1a: Ogerpon|Ivy Cudgel|p2a: Corviknight|[anim] Ivy Cudgel Water
|-resisted|p2a: Corviknight
|-damage|p2a: Corviknight|0 fnt
|faint|p2a: Corviknight
|
|upkeep
|
|t:|1781585478
|switch|p2a: Garchomp|Garchomp, F|100/100
|turn|18
|
|t:|1781585482
|move|p1a: Ogerpon|Ivy Cudgel|p2a: Garchomp|[anim] Ivy Cudgel Water
|-damage|p2a: Garchomp|22/100
|move|p2a: Garchomp|Earthquake|p1a: Ogerpon
|-resisted|p1a: Ogerpon
|-crit|p1a: Ogerpon
|-damage|p1a: Ogerpon|0 fnt
|faint|p1a: Ogerpon
|
|upkeep
|
|t:|1781585486
|switch|p1a: Ninetales|Ninetales-Alola, M|34/100
|-weather|Snowscape|[from] ability: Snow Warning|[of] p1a: Ninetales
|turn|19
|
|t:|1781585493
|move|p1a: Ninetales|Freeze-Dry|p2a: Garchomp
|-supereffective|p2a: Garchomp
|-damage|p2a: Garchomp|0 fnt
|faint|p2a: Garchomp
|
|-weather|Snowscape|[upkeep]
|upkeep
|
|t:|1781585495
|switch|p2a: Alomomola|Alomomola, F|100/100
|turn|20
|
|t:|1781585497
|move|p1a: Ninetales|Aurora Veil|p1a: Ninetales
|-sidestart|p1: Poisonsoakedfangs|move: Aurora Veil
|move|p2a: Alomomola|Mirror Coat||[still]
|-fail|p2a: Alomomola
|
|-weather|Snowscape|[upkeep]
|upkeep
|turn|21
|
|t:|1781585501
|switch|p1a: Maushold|Maushold-Four|100/100
|move|p2a: Alomomola|Flip Turn|p1a: Maushold
|-damage|p1a: Maushold|89/100
|
|t:|1781585504
|switch|p2a: Weezing|Weezing-Galar, M|89/100 par|[from] Flip Turn
|-ability|p2a: Weezing|Neutralizing Gas
|
|-weather|Snowscape|[upkeep]
|-heal|p2a: Weezing|95/100 par|[from] item: Leftovers
|upkeep
|turn|22
|
|t:|1781585507
|move|p1a: Maushold|Tidy Up|p1a: Maushold
|-boost|p1a: Maushold|atk|1
|-boost|p1a: Maushold|spe|1
|cant|p2a: Weezing|par
|
|-weather|Snowscape|[upkeep]
|-heal|p2a: Weezing|100/100 par|[from] item: Leftovers
|upkeep
|turn|23
|
|t:|1781585512
|move|p1a: Maushold|Population Bomb|p2a: Weezing
|-damage|p2a: Weezing|93/100 par
|-damage|p2a: Weezing|84/100 par
|-damage|p2a: Weezing|76/100 par
|-damage|p2a: Weezing|69/100 par
|-damage|p2a: Weezing|61/100 par
|-damage|p2a: Weezing|53/100 par
|-damage|p2a: Weezing|44/100 par
|-crit|p2a: Weezing
|-damage|p2a: Weezing|31/100 par
|-damage|p2a: Weezing|23/100 par
|-damage|p2a: Weezing|15/100 par
|-hitcount|p2a: Weezing|10
|move|p2a: Weezing|Will-O-Wisp|p1a: Maushold
|-status|p1a: Maushold|brn
|
|-weather|none
|-heal|p2a: Weezing|21/100 par|[from] item: Leftovers
|-damage|p1a: Maushold|83/100 brn|[from] brn
|upkeep
|turn|24
|
|t:|1781585516
|move|p1a: Maushold|Encore|p2a: Weezing
|-start|p2a: Weezing|Encore
|move|p2a: Weezing|Will-O-Wisp|p1a: Maushold
|-fail|p1a: Maushold|brn
|
|-heal|p2a: Weezing|27/100 par|[from] item: Leftovers
|-damage|p1a: Maushold|77/100 brn|[from] brn
|upkeep
|turn|25
|
|t:|1781585518
|-end|p2a: Weezing|ability: Neutralizing Gas
|switch|p2a: Ogerpon|Ogerpon, F|100/100
|move|p1a: Maushold|Tidy Up|p1a: Maushold
|-boost|p1a: Maushold|atk|1
|-boost|p1a: Maushold|spe|1
|
|-damage|p1a: Maushold|71/100 brn|[from] brn
|upkeep
|turn|26
|
|t:|1781585521
|move|p1a: Maushold|Population Bomb|p2a: Ogerpon
|-damage|p2a: Ogerpon|85/100
|-crit|p2a: Ogerpon
|-damage|p2a: Ogerpon|60/100
|-hitcount|p2a: Ogerpon|2
|move|p2a: Ogerpon|Encore|p1a: Maushold
|-start|p1a: Maushold|Encore
|
|-damage|p1a: Maushold|65/100 brn|[from] brn
|upkeep
|turn|27
|
|t:|1781585524
|switch|p2a: Alomomola|Alomomola, F|100/100
|move|p1a: Maushold|Population Bomb|p2a: Alomomola
|-damage|p2a: Alomomola|91/100
|-damage|p2a: Alomomola|82/100
|-damage|p2a: Alomomola|74/100
|-damage|p2a: Alomomola|65/100
|-damage|p2a: Alomomola|55/100
|-damage|p2a: Alomomola|45/100
|-damage|p2a: Alomomola|36/100
|-damage|p2a: Alomomola|28/100
|-damage|p2a: Alomomola|19/100
|-damage|p2a: Alomomola|10/100
|-hitcount|p2a: Alomomola|10
|
|-damage|p1a: Maushold|59/100 brn|[from] brn
|-sideend|p1: Poisonsoakedfangs|move: Aurora Veil
|upkeep
|turn|28
|
|t:|1781585527
|move|p2a: Alomomola|Aqua Jet|p1a: Maushold
|-damage|p1a: Maushold|43/100 brn
|move|p1a: Maushold|Population Bomb|p2a: Alomomola
|-damage|p2a: Alomomola|0 fnt
|faint|p2a: Alomomola
|-hitcount|p2: Alomomola|1
|
|-damage|p1a: Maushold|37/100 brn|[from] brn
|upkeep
|
|t:|1781585530
|switch|p2a: Ogerpon|Ogerpon, F|60/100
|turn|29
|
|t:|1781585532
|move|p1a: Maushold|Population Bomb|p2a: Ogerpon
|-damage|p2a: Ogerpon|44/100
|-damage|p2a: Ogerpon|29/100
|-damage|p2a: Ogerpon|14/100
|-damage|p2a: Ogerpon|0 fnt
|faint|p2a: Ogerpon
|-hitcount|p2: Ogerpon|4
|
|-damage|p1a: Maushold|31/100 brn|[from] brn
|-end|p1a: Maushold|Encore
|upkeep
|-message|bladegalaxy forfeited.
|
|win|Poisonsoakedfangs
|raw|Poisonsoakedfangs's rating: 1692 &rarr; <strong>1703</strong><br />(+11 for winning)
|raw|bladegalaxy's rating: 1527 &rarr; <strong>1516</strong><br />(-11 for losing)
|l|‽bladegalaxy
|player|p2|
|l|‽Poisonsoakedfangs
|player|p1|
