|badge|p1|bronze|gen9ou|100-9
|uhtml|medal-msg|<div class="broadcast-blue">Curious what those medals under the avatar are? PS now has Ladder Seasons! For more information, check out the <a href="https://www.smogon.com/forums/threads/3740067/">thread on Smogon.</a></div>
|j|☆AnonymousJon
|j|☆Johnny tots
|t:|1781475730
|gametype|singles
|player|p1|AnonymousJon|workerice|1844
|player|p2|Johnny tots|265|1778
|gen|9
|tier|[Gen 9] OU
|rated|
|rule|HP Percentage Mod: HP is shown in percentages
|rule|Endless Battle Clause: Forcing endless battles is banned
|rule|Species Clause: Limit one of each Pokémon
|rule|OHKO Clause: OHKO moves are banned
|rule|Evasion Items Clause: Evasion items are banned
|rule|Evasion Moves Clause: Evasion moves are banned
|rule|Evasion Abilities Clause: Evasion abilities are banned
|rule|Sleep Moves Clause: Sleep-inducing moves are banned
|clearpoke
|poke|p1|Great Tusk|
|poke|p1|Ogerpon-Cornerstone, F|
|poke|p1|Rillaboom, M|
|poke|p1|Tyranitar, F|
|poke|p1|Corviknight, M|
|poke|p1|Dragapult, M|
|poke|p2|Rillaboom, F|
|poke|p2|Klefki, M|
|poke|p2|Manaphy|
|poke|p2|Ogerpon-Wellspring, F|
|poke|p2|Dragapult, M|
|poke|p2|Clefable, M|
|teampreview
|inactive|Battle timer is ON: inactive players will automatically lose when time's up. (requested by AnonymousJon)
|j| nepturee
|
|t:|1781475754
|teamsize|p1|6
|teamsize|p2|6
|start
|switch|p1a: Great Tusk|Great Tusk|100/100
|switch|p2a: Rillaboom|Rillaboom, F|100/100
|-fieldstart|move: Grassy Terrain|[from] ability: Grassy Surge|[of] p2a: Rillaboom
|turn|1
|
|t:|1781475761
|switch|p2a: Ogerpon|Ogerpon-Wellspring, F|100/100
|move|p1a: Great Tusk|Ice Spinner|p2a: Ogerpon
|-crit|p2a: Ogerpon
|-damage|p2a: Ogerpon|53/100
|-fieldend|move: Grassy Terrain
|
|upkeep
|turn|2
|
|t:|1781475765
|switch|p2a: Rillaboom|Rillaboom, F|100/100
|-fieldstart|move: Grassy Terrain|[from] ability: Grassy Surge|[of] p2a: Rillaboom
|-end|p1a: Great Tusk|Protosynthesis|[silent]
|switch|p1a: Rillaboom|Rillaboom, M|100/100
|
|upkeep
|turn|3
|j| Eliv Thade
|
|t:|1781475768
|move|p1a: Rillaboom|U-turn|p2a: Rillaboom
|-supereffective|p2a: Rillaboom
|-damage|p2a: Rillaboom|23/100
|
|t:|1781475770
|switch|p1a: Corviknight|Corviknight, M|100/100|[from] U-turn
|-ability|p1a: Corviknight|Pressure
|move|p2a: Rillaboom|Bulk Up|p2a: Rillaboom
|-boost|p2a: Rillaboom|atk|1
|-boost|p2a: Rillaboom|def|1
|
|-heal|p2a: Rillaboom|30/100|[from] Grassy Terrain
|upkeep
|turn|4
|
|t:|1781475776
|switch|p2a: Klefki|Klefki, M|100/100
|move|p1a: Corviknight|Brave Bird|p2a: Klefki
|-resisted|p2a: Klefki
|-damage|p2a: Klefki|86/100
|-damage|p1a: Corviknight|97/100|[from] Recoil
|
|-heal|p2a: Klefki|92/100|[from] Grassy Terrain
|upkeep
|turn|5
|
|t:|1781475780
|switch|p1a: Great Tusk|Great Tusk|100/100
|move|p2a: Klefki|Reflect|p2a: Klefki
|-sidestart|p2: Johnny tots|Reflect
|
|-heal|p2a: Klefki|98/100|[from] Grassy Terrain
|upkeep
|turn|6
|
|t:|1781475784
|switch|p2a: Clefable|Clefable, M|100/100
|move|p1a: Great Tusk|Headlong Rush|p2a: Clefable
|-damage|p2a: Clefable|72/100
|-unboost|p1a: Great Tusk|def|1
|-unboost|p1a: Great Tusk|spd|1
|
|-heal|p2a: Clefable|79/100|[from] Grassy Terrain
|-heal|p2a: Clefable|85/100|[from] item: Leftovers
|upkeep
|turn|7
|
|t:|1781475786
|-end|p1a: Great Tusk|Protosynthesis|[silent]
|switch|p1a: Tyranitar|Tyranitar, F|100/100
|-weather|Sandstorm|[from] ability: Sand Stream|[of] p1a: Tyranitar
|move|p2a: Clefable|Calm Mind|p2a: Clefable
|-boost|p2a: Clefable|spa|1
|-boost|p2a: Clefable|spd|1
|
|-weather|Sandstorm|[upkeep]
|-heal|p2a: Clefable|91/100|[from] Grassy Terrain
|-heal|p2a: Clefable|97/100|[from] item: Leftovers
|upkeep
|turn|8
|
|t:|1781475788
|move|p1a: Tyranitar|Knock Off|p2a: Clefable
|-resisted|p2a: Clefable
|-damage|p2a: Clefable|87/100
|-enditem|p2a: Clefable|Leftovers|[from] move: Knock Off|[of] p1a: Tyranitar
|move|p2a: Clefable|Moonblast|p1a: Tyranitar
|-supereffective|p1a: Tyranitar
|-damage|p1a: Tyranitar|51/100
|
|-weather|Sandstorm|[upkeep]
|-heal|p1a: Tyranitar|57/100|[from] Grassy Terrain
|-heal|p1a: Tyranitar|64/100|[from] item: Leftovers
|-heal|p2a: Clefable|93/100|[from] Grassy Terrain
|upkeep
|turn|9
|
|t:|1781475790
|move|p2a: Clefable|Moonblast|p1a: Tyranitar
|-supereffective|p1a: Tyranitar
|-damage|p1a: Tyranitar|17/100
|-unboost|p1a: Tyranitar|spa|1
|move|p1a: Tyranitar|Roar|p2a: Clefable
|drag|p2a: Manaphy|Manaphy|100/100
|
|-weather|Sandstorm|[upkeep]
|-damage|p2a: Manaphy|94/100|[from] Sandstorm
|-heal|p2a: Manaphy|100/100|[from] Grassy Terrain
|-heal|p1a: Tyranitar|23/100|[from] Grassy Terrain
|-heal|p1a: Tyranitar|30/100|[from] item: Leftovers
|-fieldend|move: Grassy Terrain
|upkeep
|turn|10
|
|t:|1781475793
|move|p2a: Manaphy|Scald|p1a: Tyranitar
|-supereffective|p1a: Tyranitar
|-damage|p1a: Tyranitar|1/100
|move|p1a: Tyranitar|Knock Off|p2a: Manaphy
|-damage|p2a: Manaphy|82/100
|-enditem|p2a: Manaphy|Leftovers|[from] move: Knock Off|[of] p1a: Tyranitar
|
|-weather|Sandstorm|[upkeep]
|-damage|p2a: Manaphy|76/100|[from] Sandstorm
|-heal|p1a: Tyranitar|7/100|[from] item: Leftovers
|upkeep
|turn|11
|
|t:|1781475801
|switch|p1a: Rillaboom|Rillaboom, M|100/100
|-fieldstart|move: Grassy Terrain|[from] ability: Grassy Surge|[of] p1a: Rillaboom
|move|p2a: Manaphy|Scald|p1a: Rillaboom
|-resisted|p1a: Rillaboom
|-damage|p1a: Rillaboom|77/100
|
|-weather|none
|-heal|p1a: Rillaboom|83/100|[from] Grassy Terrain
|-heal|p2a: Manaphy|82/100|[from] Grassy Terrain
|upkeep
|turn|12
|
|t:|1781475803
|move|p1a: Rillaboom|U-turn|p2a: Manaphy
|-damage|p2a: Manaphy|65/100
|
|t:|1781475809
|switch|p1a: Dragapult|Dragapult, M|100/100|[from] U-turn
|move|p2a: Manaphy|Scald|p1a: Dragapult
|-resisted|p1a: Dragapult
|-damage|p1a: Dragapult|74/100
|-status|p1a: Dragapult|brn
|
|-heal|p1a: Dragapult|80/100 brn|[from] Grassy Terrain
|-heal|p1a: Dragapult|86/100 brn|[from] item: Leftovers
|-heal|p2a: Manaphy|71/100|[from] Grassy Terrain
|-damage|p1a: Dragapult|80/100 brn|[from] brn
|-sideend|p2: Johnny tots|Reflect
|upkeep
|turn|13
|
|t:|1781475813
|switch|p2a: Clefable|Clefable, M|93/100
|move|p1a: Dragapult|Will-O-Wisp|p2a: Clefable|[miss]
|-miss|p1a: Dragapult|p2a: Clefable
|
|-heal|p1a: Dragapult|86/100 brn|[from] Grassy Terrain
|-heal|p1a: Dragapult|93/100 brn|[from] item: Leftovers
|-heal|p2a: Clefable|99/100|[from] Grassy Terrain
|-damage|p1a: Dragapult|86/100 brn|[from] brn
|upkeep
|turn|14
|
|t:|1781475816
|move|p1a: Dragapult|Will-O-Wisp|p2a: Clefable|[miss]
|-miss|p1a: Dragapult|p2a: Clefable
|move|p2a: Clefable|Calm Mind|p2a: Clefable
|-boost|p2a: Clefable|spa|1
|-boost|p2a: Clefable|spd|1
|
|-heal|p1a: Dragapult|93/100 brn|[from] Grassy Terrain
|-heal|p1a: Dragapult|99/100 brn|[from] item: Leftovers
|-heal|p2a: Clefable|100/100|[from] Grassy Terrain
|-damage|p1a: Dragapult|93/100 brn|[from] brn
|upkeep
|turn|15
|j| Fat_Yogi
|j| rexa2
|
|t:|1781475818
|move|p1a: Dragapult|Will-O-Wisp|p2a: Clefable
|-status|p2a: Clefable|brn
|move|p2a: Clefable|Moonblast|p1a: Dragapult
|-supereffective|p1a: Dragapult
|-damage|p1a: Dragapult|0 fnt
|faint|p1a: Dragapult
|
|-fieldend|move: Grassy Terrain
|upkeep
|
|t:|1781475820
|switch|p1a: Rillaboom|Rillaboom, M|83/100
|-fieldstart|move: Grassy Terrain|[from] ability: Grassy Surge|[of] p1a: Rillaboom
|turn|16
|
|t:|1781475823
|move|p1a: Rillaboom|Wood Hammer|p2a: Clefable
|-damage|p2a: Clefable|0 fnt
|faint|p2a: Clefable
|-damage|p1a: Rillaboom|45/100|[from] Recoil
|
|-heal|p1a: Rillaboom|52/100|[from] Grassy Terrain
|upkeep
|
|t:|1781475833
|switch|p2a: Klefki|Klefki, M|98/100
|turn|17
|
|t:|1781475836
|switch|p1a: Tyranitar|Tyranitar, F|7/100
|-weather|Sandstorm|[from] ability: Sand Stream|[of] p1a: Tyranitar
|move|p2a: Klefki|Reflect|p2a: Klefki
|-sidestart|p2: Johnny tots|Reflect
|
|-weather|Sandstorm|[upkeep]
|-heal|p2a: Klefki|100/100|[from] Grassy Terrain
|-heal|p1a: Tyranitar|13/100|[from] Grassy Terrain
|-heal|p1a: Tyranitar|19/100|[from] item: Leftovers
|upkeep
|turn|18
|j| BiscoitoXDBr
|
|t:|1781475841
|move|p2a: Klefki|Spikes|p1a: Tyranitar
|-sidestart|p1: AnonymousJon|Spikes
|move|p1a: Tyranitar|Stealth Rock|p2a: Klefki
|-sidestart|p2: Johnny tots|move: Stealth Rock
|
|-weather|Sandstorm|[upkeep]
|-heal|p1a: Tyranitar|26/100|[from] Grassy Terrain
|-heal|p1a: Tyranitar|32/100|[from] item: Leftovers
|upkeep
|turn|19
|
|t:|1781475844
|switch|p2a: Ogerpon|Ogerpon-Wellspring, F|53/100
|-damage|p2a: Ogerpon|41/100|[from] Stealth Rock
|move|p1a: Tyranitar|Knock Off|p2a: Ogerpon
|-damage|p2a: Ogerpon|22/100
|
|-weather|Sandstorm|[upkeep]
|-damage|p2a: Ogerpon|16/100|[from] Sandstorm
|-heal|p2a: Ogerpon|22/100|[from] Grassy Terrain
|-heal|p1a: Tyranitar|38/100|[from] Grassy Terrain
|-heal|p1a: Tyranitar|44/100|[from] item: Leftovers
|upkeep
|turn|20
|
|t:|1781475846
|switch|p1a: Corviknight|Corviknight, M|97/100
|-ability|p1a: Corviknight|Pressure
|move|p2a: Ogerpon|Ivy Cudgel|p1a: Corviknight|[anim] Ivy Cudgel Water
|-damage|p1a: Corviknight|63/100
|
|-weather|Sandstorm|[upkeep]
|-damage|p2a: Ogerpon|16/100|[from] Sandstorm
|-heal|p2a: Ogerpon|22/100|[from] Grassy Terrain
|-fieldend|move: Grassy Terrain
|upkeep
|turn|21
|
|t:|1781475851
|move|p2a: Ogerpon|Ivy Cudgel|p1a: Corviknight|[anim] Ivy Cudgel Water
|-damage|p1a: Corviknight|26/100
|move|p1a: Corviknight|Roost|p1a: Corviknight
|-heal|p1a: Corviknight|76/100
|-singleturn|p1a: Corviknight|move: Roost
|
|-weather|none
|upkeep
|turn|22
|
|t:|1781475854
|move|p2a: Ogerpon|Encore|p1a: Corviknight
|-start|p1a: Corviknight|Encore
|move|p1a: Corviknight|Roost|p1a: Corviknight
|-heal|p1a: Corviknight|100/100
|-singleturn|p1a: Corviknight|move: Roost
|
|upkeep
|turn|23
|
|t:|1781475858
|switch|p1a: Rillaboom|Rillaboom, M|52/100
|-damage|p1a: Rillaboom|39/100|[from] Spikes
|-fieldstart|move: Grassy Terrain|[from] ability: Grassy Surge|[of] p1a: Rillaboom
|move|p2a: Ogerpon|Power Whip|p1a: Rillaboom
|-resisted|p1a: Rillaboom
|-damage|p1a: Rillaboom|0 fnt
|faint|p1a: Rillaboom
|
|-heal|p2a: Ogerpon|28/100|[from] Grassy Terrain
|upkeep
|
|t:|1781475861
|switch|p1a: Ogerpon|Ogerpon-Cornerstone, F|100/100
|-damage|p1a: Ogerpon|88/100|[from] Spikes
|turn|24
|
|t:|1781475863
|move|p1a: Ogerpon|Horn Leech|p2a: Ogerpon
|-damage|p2a: Ogerpon|0 fnt
|-heal|p1a: Ogerpon|100/100|[from] drain|[of] p2a: Ogerpon
|faint|p2a: Ogerpon
|
|-sideend|p2: Johnny tots|Reflect
|upkeep
|
|t:|1781475866
|switch|p2a: Klefki|Klefki, M|100/100
|-damage|p2a: Klefki|95/100|[from] Stealth Rock
|turn|25
|
|t:|1781475870
|switch|p1a: Great Tusk|Great Tusk|100/100
|-damage|p1a: Great Tusk|88/100|[from] Spikes
|move|p2a: Klefki|Reflect|p2a: Klefki
|-sidestart|p2: Johnny tots|Reflect
|
|-heal|p1a: Great Tusk|94/100|[from] Grassy Terrain
|-heal|p2a: Klefki|100/100|[from] Grassy Terrain
|upkeep
|turn|26
|
|t:|1781475874
|switch|p2a: Manaphy|Manaphy|71/100
|-damage|p2a: Manaphy|58/100|[from] Stealth Rock
|move|p1a: Great Tusk|Headlong Rush|p2a: Manaphy
|-damage|p2a: Manaphy|31/100
|-unboost|p1a: Great Tusk|def|1
|-unboost|p1a: Great Tusk|spd|1
|
|-heal|p2a: Manaphy|37/100|[from] Grassy Terrain
|-heal|p1a: Great Tusk|100/100|[from] Grassy Terrain
|upkeep
|turn|27
|
|t:|1781475877
|move|p2a: Manaphy|Scald|p1a: Great Tusk
|-supereffective|p1a: Great Tusk
|-damage|p1a: Great Tusk|31/100
|-status|p1a: Great Tusk|brn
|move|p1a: Great Tusk|Rapid Spin|p2a: Manaphy
|-damage|p2a: Manaphy|34/100
|-boost|p1a: Great Tusk|spe|1
|-sideend|p1: AnonymousJon|Spikes|[from] move: Rapid Spin|[of] p1a: Great Tusk
|
|-heal|p1a: Great Tusk|37/100 brn|[from] Grassy Terrain
|-heal|p2a: Manaphy|40/100|[from] Grassy Terrain
|-damage|p1a: Great Tusk|31/100 brn|[from] brn
|-fieldend|move: Grassy Terrain
|upkeep
|turn|28
|
|t:|1781475886
|switch|p2a: Rillaboom|Rillaboom, F|30/100
|-damage|p2a: Rillaboom|17/100|[from] Stealth Rock
|-fieldstart|move: Grassy Terrain|[from] ability: Grassy Surge|[of] p2a: Rillaboom
|move|p1a: Great Tusk|Headlong Rush|p2a: Rillaboom
|-resisted|p2a: Rillaboom
|-damage|p2a: Rillaboom|9/100
|-unboost|p1a: Great Tusk|def|1
|-unboost|p1a: Great Tusk|spd|1
|
|-heal|p1a: Great Tusk|37/100 brn|[from] Grassy Terrain
|-heal|p2a: Rillaboom|15/100|[from] Grassy Terrain
|-damage|p1a: Great Tusk|31/100 brn|[from] brn
|upkeep
|turn|29
|
|t:|1781475894
|-end|p1a: Great Tusk|Protosynthesis|[silent]
|switch|p1a: Corviknight|Corviknight, M|100/100
|-ability|p1a: Corviknight|Pressure
|move|p2a: Rillaboom|Grassy Glide|p1a: Corviknight
|-resisted|p1a: Corviknight
|-damage|p1a: Corviknight|94/100
|-damage|p2a: Rillaboom|0 fnt|[from] item: Rocky Helmet|[of] p1a: Corviknight
|faint|p2a: Rillaboom
|
|upkeep
|
|t:|1781475899
|switch|p2a: Manaphy|Manaphy|40/100
|-damage|p2a: Manaphy|27/100|[from] Stealth Rock
|turn|30
|
|t:|1781475902
|move|p2a: Manaphy|Scald|p1a: Corviknight
|-damage|p1a: Corviknight|58/100
|-status|p1a: Corviknight|brn
|move|p1a: Corviknight|U-turn|p2a: Manaphy
|-damage|p2a: Manaphy|24/100
|
|t:|1781475903
|switch|p1a: Ogerpon|Ogerpon-Cornerstone, F|100/100|[from] U-turn
|
|-heal|p2a: Manaphy|30/100|[from] Grassy Terrain
|upkeep
|turn|31
|
|t:|1781475912
|move|p1a: Ogerpon|Swords Dance|p1a: Ogerpon
|-boost|p1a: Ogerpon|atk|2
|move|p2a: Manaphy|Scald|p1a: Ogerpon
|-damage|p1a: Ogerpon|59/100
|
|-heal|p1a: Ogerpon|65/100|[from] Grassy Terrain
|-heal|p2a: Manaphy|36/100|[from] Grassy Terrain
|upkeep
|turn|32
|
|t:|1781475914
|move|p1a: Ogerpon|Horn Leech|p2a: Manaphy
|-supereffective|p2a: Manaphy
|-damage|p2a: Manaphy|0 fnt
|-heal|p1a: Ogerpon|88/100|[from] drain|[of] p2a: Manaphy
|faint|p2a: Manaphy
|
|-heal|p1a: Ogerpon|94/100|[from] Grassy Terrain
|-sideend|p2: Johnny tots|Reflect
|upkeep
|
|t:|1781475915
|switch|p2a: Klefki|Klefki, M|100/100
|-damage|p2a: Klefki|95/100|[from] Stealth Rock
|turn|33
|
|t:|1781475918
|move|p2a: Klefki|Thunder Wave|p1a: Ogerpon
|-status|p1a: Ogerpon|par
|move|p1a: Ogerpon|Horn Leech|p2a: Klefki
|-resisted|p2a: Klefki
|-damage|p2a: Klefki|45/100
|-heal|p1a: Ogerpon|100/100 par|[from] drain|[of] p2a: Klefki
|
|-heal|p2a: Klefki|51/100|[from] Grassy Terrain
|upkeep
|turn|34
|
|t:|1781475921
|move|p2a: Klefki|Reflect|p2a: Klefki
|-sidestart|p2: Johnny tots|Reflect
|move|p1a: Ogerpon|Swords Dance|p1a: Ogerpon
|-boost|p1a: Ogerpon|atk|2
|
|-heal|p2a: Klefki|57/100|[from] Grassy Terrain
|upkeep
|turn|35
|
|t:|1781475923
|switch|p2a: Cutmylifein2|Dragapult, M|100/100
|-damage|p2a: Cutmylifein2|88/100|[from] Stealth Rock
|move|p1a: Ogerpon|Swords Dance|p1a: Ogerpon
|-boost|p1a: Ogerpon|atk|2
|
|-heal|p2a: Cutmylifein2|94/100|[from] Grassy Terrain
|-heal|p2a: Cutmylifein2|100/100|[from] item: Leftovers
|-fieldend|move: Grassy Terrain
|upkeep
|turn|36
|
|t:|1781475927
|move|p2a: Cutmylifein2|Substitute|p2a: Cutmylifein2
|-start|p2a: Cutmylifein2|Substitute
|-damage|p2a: Cutmylifein2|76/100
|move|p1a: Ogerpon|Ivy Cudgel|p2a: Cutmylifein2|[anim] Ivy Cudgel Rock
|-end|p2a: Cutmylifein2|Substitute
|
|-heal|p2a: Cutmylifein2|82/100|[from] item: Leftovers
|upkeep
|turn|37
|
|t:|1781475931
|move|p2a: Cutmylifein2|Substitute|p2a: Cutmylifein2
|-start|p2a: Cutmylifein2|Substitute
|-damage|p2a: Cutmylifein2|57/100
|move|p1a: Ogerpon|Horn Leech|p2a: Cutmylifein2
|-resisted|p2a: Cutmylifein2
|-end|p2a: Cutmylifein2|Substitute
|
|-heal|p2a: Cutmylifein2|63/100|[from] item: Leftovers
|upkeep
|turn|38
|
|t:|1781475933
|move|p2a: Cutmylifein2|Substitute|p2a: Cutmylifein2
|-start|p2a: Cutmylifein2|Substitute
|-damage|p2a: Cutmylifein2|38/100
|cant|p1a: Ogerpon|par
|
|-heal|p2a: Cutmylifein2|44/100|[from] item: Leftovers
|upkeep
|turn|39
|
|t:|1781475935
|move|p2a: Cutmylifein2|Dragon Dance|p2a: Cutmylifein2
|-boost|p2a: Cutmylifein2|atk|1
|-boost|p2a: Cutmylifein2|spe|1
|move|p1a: Ogerpon|Horn Leech|p2a: Cutmylifein2
|-resisted|p2a: Cutmylifein2
|-end|p2a: Cutmylifein2|Substitute
|
|-heal|p2a: Cutmylifein2|50/100|[from] item: Leftovers
|upkeep
|turn|40
|
|t:|1781475938
|move|p2a: Cutmylifein2|Substitute|p2a: Cutmylifein2
|-start|p2a: Cutmylifein2|Substitute
|-damage|p2a: Cutmylifein2|25/100
|cant|p1a: Ogerpon|par
|
|-heal|p2a: Cutmylifein2|32/100|[from] item: Leftovers
|upkeep
|turn|41
|
|t:|1781475941
|move|p2a: Cutmylifein2|Dragon Darts|p1a: Ogerpon
|-damage|p1a: Ogerpon|52/100 par
|-anim|p2a: Cutmylifein2|Dragon Darts|p1a: Ogerpon
|-damage|p1a: Ogerpon|0 fnt
|faint|p1a: Ogerpon
|
|-heal|p2a: Cutmylifein2|38/100|[from] item: Leftovers
|-sideend|p2: Johnny tots|Reflect
|upkeep
|
|t:|1781475944
|switch|p1a: Tyranitar|Tyranitar, F|44/100
|-weather|Sandstorm|[from] ability: Sand Stream|[of] p1a: Tyranitar
|turn|42
|
|t:|1781475948
|move|p2a: Cutmylifein2|Dragon Darts|p1a: Tyranitar
|-damage|p1a: Tyranitar|15/100
|-anim|p2a: Cutmylifein2|Dragon Darts|p1a: Tyranitar
|-damage|p1a: Tyranitar|0 fnt
|faint|p1a: Tyranitar
|
|-weather|Sandstorm|[upkeep]
|-damage|p2a: Cutmylifein2|32/100|[from] Sandstorm
|-heal|p2a: Cutmylifein2|38/100|[from] item: Leftovers
|upkeep
|
|t:|1781475950
|switch|p1a: Corviknight|Corviknight, M|58/100 brn
|-ability|p1a: Corviknight|Pressure
|turn|43
|
|t:|1781475959
|move|p2a: Cutmylifein2|Dragon Darts|p1a: Corviknight
|-resisted|p1a: Corviknight
|-damage|p1a: Corviknight|47/100 brn
|-anim|p2a: Cutmylifein2|Dragon Darts|p1a: Corviknight
|-resisted|p1a: Corviknight
|-damage|p1a: Corviknight|34/100 brn
|move|p1a: Corviknight|Roost|p1a: Corviknight
|-heal|p1a: Corviknight|84/100 brn
|-singleturn|p1a: Corviknight|move: Roost
|
|-weather|Sandstorm|[upkeep]
|-damage|p2a: Cutmylifein2|32/100|[from] Sandstorm
|-heal|p2a: Cutmylifein2|38/100|[from] item: Leftovers
|-damage|p1a: Corviknight|78/100 brn|[from] brn
|upkeep
|turn|44
|
|t:|1781475964
|move|p2a: Cutmylifein2|Dragon Dance|p2a: Cutmylifein2
|-boost|p2a: Cutmylifein2|atk|1
|-boost|p2a: Cutmylifein2|spe|1
|move|p1a: Corviknight|Brave Bird|p2a: Cutmylifein2
|-activate|p2a: Cutmylifein2|move: Substitute|[damage]
|-damage|p1a: Corviknight|72/100 brn|[from] Recoil|[of] p2a: Cutmylifein2
|
|-weather|Sandstorm|[upkeep]
|-damage|p2a: Cutmylifein2|32/100|[from] Sandstorm
|-heal|p2a: Cutmylifein2|38/100|[from] item: Leftovers
|-damage|p1a: Corviknight|66/100 brn|[from] brn
|upkeep
|turn|45
|j| hejejkdofo
|
|t:|1781475970
|move|p2a: Cutmylifein2|Dragon Darts|p1a: Corviknight
|-resisted|p1a: Corviknight
|-damage|p1a: Corviknight|50/100 brn
|-anim|p2a: Cutmylifein2|Dragon Darts|p1a: Corviknight
|-resisted|p1a: Corviknight
|-damage|p1a: Corviknight|33/100 brn
|move|p1a: Corviknight|Brave Bird|p2a: Cutmylifein2
|-end|p2a: Cutmylifein2|Substitute
|-damage|p1a: Corviknight|32/100 brn|[from] Recoil|[of] p2a: Cutmylifein2
|
|-weather|Sandstorm|[upkeep]
|-damage|p2a: Cutmylifein2|32/100|[from] Sandstorm
|-heal|p2a: Cutmylifein2|38/100|[from] item: Leftovers
|-damage|p1a: Corviknight|26/100 brn|[from] brn
|upkeep
|turn|46
|
|t:|1781475978
|move|p2a: Cutmylifein2|Dragon Darts|p1a: Corviknight
|-resisted|p1a: Corviknight
|-damage|p1a: Corviknight|9/100 brn
|-anim|p2a: Cutmylifein2|Dragon Darts|p1a: Corviknight
|-resisted|p1a: Corviknight
|-damage|p1a: Corviknight|0 fnt
|faint|p1a: Corviknight
|
|-weather|none
|-heal|p2a: Cutmylifein2|44/100|[from] item: Leftovers
|upkeep
|-message|AnonymousJon forfeited.
|
|win|Johnny tots
|raw|AnonymousJon's rating: 1844 &rarr; <strong>1820</strong><br />(-24 for losing)
|raw|Johnny tots's rating: 1778 &rarr; <strong>1802</strong><br />(+24 for winning)
|l|☆AnonymousJon
|player|p1|
|l|☆Johnny tots
|player|p2|
|l| rexa2
|l| BiscoitoXDBr
