|j|☆cachowcapow
|j|☆extra-pseudo man
|t:|1781499025
|gametype|singles
|player|p1|cachowcapow|101|1706
|player|p2|extra-pseudo man|alder|1662
|gen|9
|tier|[Gen 9] OU
|rated|
|rule|HP Percentage Mod: HP is shown in percentages
|rule|Endless Battle Clause: Forcing endless battles is banned
|rule|Species Clause: Limit one of each Pokémon
|rule|OHKO Clause: OHKO moves are banned
|rule|Evasion Items Clause: Evasion items are banned
|rule|Evasion Moves Clause: Evasion moves are banned
|rule|Evasion Abilities Clause: Evasion abilities are banned
|rule|Sleep Moves Clause: Sleep-inducing moves are banned
|clearpoke
|poke|p1|Alomomola, F|
|poke|p1|Gardevoir, M|
|poke|p1|Scizor, F|
|poke|p1|Slither Wing|
|poke|p1|Mew|
|poke|p1|Meowscarada, F|
|poke|p2|Dragonite, F|
|poke|p2|Dragapult, M|
|poke|p2|Tyranitar, M|
|poke|p2|Metagross|
|poke|p2|Goodra-Hisui, M|
|poke|p2|Garchomp, F|
|teampreview
|j| nivalys99
|
|t:|1781499056
|teamsize|p1|6
|teamsize|p2|6
|start
|switch|p1a: Alomomola|Alomomola, F|100/100
|switch|p2a: He pulten on it|Dragapult, M|100/100
|turn|1
|
|t:|1781499061
|move|p2a: He pulten on it|Will-O-Wisp|p1a: Alomomola|[miss]
|-miss|p2a: He pulten on it|p1a: Alomomola
|move|p1a: Alomomola|Flip Turn|p2a: He pulten on it
|-resisted|p2a: He pulten on it
|-crit|p2a: He pulten on it
|-damage|p2a: He pulten on it|66/100
|
|t:|1781499068
|switch|p1a: Gardevoir|Gardevoir, M, shiny|100/100|[from] Flip Turn
|-ability|p1a: Gardevoir|Infiltrator|Trace|[from] ability: Trace|[of] p2a: He pulten on it
|
|upkeep
|turn|2
|j| Shucklepilled
|
|t:|1781499082
|switch|p2a: kaboom|Metagross|100/100
|move|p1a: Gardevoir|Moonblast|p2a: kaboom
|-resisted|p2a: kaboom
|-damage|p2a: kaboom|49/100
|
|upkeep
|turn|3
|
|t:|1781499088
|switch|p1a: Slither Wing|Slither Wing|100/100
|move|p2a: kaboom|Bullet Punch|p1a: Slither Wing
|-damage|p1a: Slither Wing|72/100
|-damage|p2a: kaboom|32/100|[from] item: Rocky Helmet|[of] p1a: Slither Wing
|
|upkeep
|turn|4
|
|t:|1781499094
|switch|p2a: Marill me|Garchomp, F|100/100
|move|p1a: Slither Wing|First Impression|p2a: Marill me
|-damage|p2a: Marill me|77/100
|-damage|p1a: Slither Wing|60/100|[from] ability: Rough Skin|[of] p2a: Marill me
|-damage|p1a: Slither Wing|43/100|[from] item: Rocky Helmet|[of] p2a: Marill me
|
|upkeep
|turn|5
|
|t:|1781499097
|move|p2a: Marill me|Spikes|p1a: Slither Wing
|-sidestart|p1: cachowcapow|Spikes
|move|p1a: Slither Wing|Will-O-Wisp|p2a: Marill me
|-status|p2a: Marill me|brn
|
|-damage|p2a: Marill me|71/100 brn|[from] brn
|upkeep
|turn|6
|
|t:|1781499107
|move|p2a: Marill me|Spikes|p1a: Slither Wing
|-sidestart|p1: cachowcapow|Spikes
|move|p1a: Slither Wing|Morning Sun|p1a: Slither Wing
|-heal|p1a: Slither Wing|93/100
|
|-damage|p2a: Marill me|65/100 brn|[from] brn
|upkeep
|turn|7
|
|t:|1781499115
|move|p2a: Marill me|Spikes|p1a: Slither Wing
|-sidestart|p1: cachowcapow|Spikes
|move|p1a: Slither Wing|U-turn|p2a: Marill me
|-damage|p2a: Marill me|46/100 brn
|-damage|p1a: Slither Wing|81/100|[from] ability: Rough Skin|[of] p2a: Marill me
|-damage|p1a: Slither Wing|64/100|[from] item: Rocky Helmet|[of] p2a: Marill me
|
|t:|1781499121
|-end|p1a: Slither Wing|Protosynthesis|[silent]
|switch|p1a: Scizor|Scizor, F|100/100|[from] U-turn
|
|-damage|p2a: Marill me|40/100 brn|[from] brn
|upkeep
|turn|8
|
|t:|1781499126
|move|p2a: Marill me|Fire Fang|p1a: Scizor
|-supereffective|p1a: Scizor
|-damage|p1a: Scizor|64/100
|move|p1a: Scizor|Defog|p2a: Marill me
|-unboost|p2a: Marill me|evasion|1
|-sideend|p1: cachowcapow|Spikes|[from] move: Defog|[of] p1a: Scizor
|
|-damage|p2a: Marill me|33/100 brn|[from] brn
|upkeep
|turn|9
|
|t:|1781499133
|switch|p1a: Alomomola|Alomomola, F|100/100
|move|p2a: Marill me|Spikes|p1a: Alomomola
|-sidestart|p1: cachowcapow|Spikes
|
|-damage|p2a: Marill me|27/100 brn|[from] brn
|upkeep
|turn|10
|j| dilf huntr
|
|t:|1781499138
|switch|p2a: The goot|Goodra-Hisui, M|100/100
|move|p1a: Alomomola|Flip Turn|p2a: The goot
|-resisted|p2a: The goot
|-damage|p2a: The goot|80/100
|-ability|p2a: The goot|Gooey
|-unboost|p1a: Alomomola|spe|1
|
|t:|1781499146
|switch|p1a: Scizor|Scizor, F|64/100|[from] Flip Turn
|
|upkeep
|turn|11
|
|t:|1781499150
|switch|p2a: Marill me|Garchomp, F|27/100 brn
|move|p1a: Scizor|Swords Dance|p1a: Scizor
|-boost|p1a: Scizor|atk|2
|
|-damage|p2a: Marill me|21/100 brn|[from] brn
|upkeep
|turn|12
|
|t:|1781499155
|move|p1a: Scizor|Bullet Punch|p2a: Marill me
|-damage|p2a: Marill me|0 fnt
|-damage|p1a: Scizor|52/100|[from] ability: Rough Skin|[of] p2a: Marill me
|-damage|p1a: Scizor|35/100|[from] item: Rocky Helmet|[of] p2a: Marill me
|faint|p2a: Marill me
|
|upkeep
|
|t:|1781499164
|switch|p2a: The goot|Goodra-Hisui, M|80/100
|turn|13
|
|t:|1781499167
|move|p2a: The goot|Thunderbolt|p1a: Scizor
|-damage|p1a: Scizor|0 fnt
|faint|p1a: Scizor
|
|upkeep
|
|t:|1781499174
|switch|p1a: Mew|Mew, shiny|100/100
|-damage|p1a: Mew|88/100|[from] Spikes
|turn|14
|
|t:|1781499179
|switch|p2a: Tyranocif|Tyranitar, M|100/100
|-weather|Sandstorm|[from] ability: Sand Stream|[of] p2a: Tyranocif
|move|p1a: Mew|Calm Mind|p1a: Mew
|-boost|p1a: Mew|spa|1
|-boost|p1a: Mew|spd|1
|
|-weather|Sandstorm|[upkeep]
|-damage|p1a: Mew|82/100|[from] Sandstorm
|upkeep
|turn|15
|
|t:|1781499186
|move|p1a: Mew|Agility|p1a: Mew
|-boost|p1a: Mew|spe|2
|move|p2a: Tyranocif|Stealth Rock|p1a: Mew
|-sidestart|p1: cachowcapow|move: Stealth Rock
|
|-weather|Sandstorm|[upkeep]
|-damage|p1a: Mew|76/100|[from] Sandstorm
|upkeep
|turn|16
|
|t:|1781499189
|move|p1a: Mew|Draining Kiss|p2a: Tyranocif
|-supereffective|p2a: Tyranocif
|-crit|p2a: Tyranocif
|-damage|p2a: Tyranocif|77/100
|-heal|p1a: Mew|93/100|[from] drain|[of] p2a: Tyranocif
|move|p2a: Tyranocif|Roar|p1a: Mew
|drag|p1a: Slither Wing|Slither Wing|64/100
|-damage|p1a: Slither Wing|52/100|[from] Spikes
|-damage|p1a: Slither Wing|40/100|[from] Stealth Rock
|
|-weather|Sandstorm|[upkeep]
|-damage|p1a: Slither Wing|34/100|[from] Sandstorm
|-heal|p2a: Tyranocif|83/100|[from] item: Leftovers
|upkeep
|turn|17
|j| AGC blunder
|
|t:|1781499198
|switch|p2a: The goot|Goodra-Hisui, M|80/100
|move|p1a: Slither Wing|Morning Sun|p1a: Slither Wing
|-heal|p1a: Slither Wing|59/100
|
|-weather|Sandstorm|[upkeep]
|-damage|p1a: Slither Wing|52/100|[from] Sandstorm
|upkeep
|turn|18
|
|t:|1781499211
|move|p2a: The goot|Flash Cannon|p1a: Slither Wing
|-damage|p1a: Slither Wing|0 fnt
|faint|p1a: Slither Wing
|-end|p1a: Slither Wing|Protosynthesis|[silent]
|
|-weather|none
|upkeep
|-message|cachowcapow forfeited.
|
|win|extra-pseudo man
|raw|cachowcapow's rating: 1706 &rarr; <strong>1683</strong><br />(-23 for losing)
|raw|extra-pseudo man's rating: 1662 &rarr; <strong>1685</strong><br />(+23 for winning)
|l|☆cachowcapow
|player|p1|
|l| AGC blunder
|l|☆extra-pseudo man
|player|p2|
|l| nivalys99
