|j|☆Phantasmagorica
|j|☆LowEL0God
|t:|1781238607
|gametype|singles
|player|p1|Phantasmagorica|red|1517
|player|p2|LowEL0God|265|1620
|gen|9
|tier|[Gen 9] OU
|rated|
|rule|HP Percentage Mod: HP is shown in percentages
|rule|Endless Battle Clause: Forcing endless battles is banned
|rule|Species Clause: Limit one of each Pokémon
|rule|OHKO Clause: OHKO moves are banned
|rule|Evasion Items Clause: Evasion items are banned
|rule|Evasion Moves Clause: Evasion moves are banned
|rule|Evasion Abilities Clause: Evasion abilities are banned
|rule|Sleep Moves Clause: Sleep-inducing moves are banned
|clearpoke
|poke|p1|Landorus-Therian, M|
|poke|p1|Empoleon, M|
|poke|p1|Kingambit, F|
|poke|p1|Hoopa-Unbound|
|poke|p1|Dragapult, M|
|poke|p1|Great Tusk|
|poke|p2|Pelipper, F|
|poke|p2|Raging Bolt|
|poke|p2|Overqwil, F|
|poke|p2|Barraskewda, M|
|poke|p2|Iron Treads|
|poke|p2|Kingambit, F|
|teampreview
|inactive|Battle timer is ON: inactive players will automatically lose when time's up. (requested by Phantasmagorica)
|c|☆LowEL0God|hf
|inactive|LowEL0God also wants the timer to be on.
|
|t:|1781238613
|teamsize|p1|6
|teamsize|p2|6
|start
|switch|p1a: Wet dream|Hoopa-Unbound|100/100
|switch|p2a: Barraskewda|Barraskewda, M|100/100
|turn|1
|
|t:|1781238616
|switch|p1a: Napoleon|Empoleon, M|100/100
|-terastallize|p2a: Barraskewda|Water
|move|p2a: Barraskewda|Liquidation|p1a: Napoleon
|-resisted|p1a: Napoleon
|-damage|p1a: Napoleon|44/100
|
|upkeep
|turn|2
|
|t:|1781238620
|move|p1a: Napoleon|Vacuum Wave|p2a: Barraskewda
|-damage|p2a: Barraskewda|54/100
|move|p2a: Barraskewda|Liquidation|p1a: Napoleon
|-resisted|p1a: Napoleon
|-damage|p1a: Napoleon|0 fnt
|faint|p1a: Napoleon
|
|upkeep
|
|t:|1781238625
|switch|p1a: America|Dragapult, M|100/100
|turn|3
|
|t:|1781238626
|switch|p2a: Kingambit|Kingambit, F|100/100
|move|p1a: America|Dragon Darts|p2a: Kingambit
|-resisted|p2a: Kingambit
|-damage|p2a: Kingambit|92/100
|-anim|p1a: America|Dragon Darts|p2a: Kingambit
|-resisted|p2a: Kingambit
|-damage|p2a: Kingambit|84/100
|
|-heal|p2a: Kingambit|90/100|[from] item: Leftovers
|upkeep
|turn|4
|
|t:|1781238629
|move|p1a: America|Will-O-Wisp|p2a: Kingambit
|-status|p2a: Kingambit|brn
|move|p2a: Kingambit|Kowtow Cleave|p1a: America
|-supereffective|p1a: America
|-damage|p1a: America|36/100
|
|-heal|p2a: Kingambit|97/100 brn|[from] item: Leftovers
|-damage|p2a: Kingambit|90/100 brn|[from] brn
|upkeep
|turn|5
|
|t:|1781238636
|move|p1a: America|U-turn|p2a: Kingambit
|-damage|p2a: Kingambit|77/100 brn
|
|t:|1781238639
|switch|p1a: Tiger Man|Landorus-Therian, M|100/100|[from] U-turn
|-ability|p1a: Tiger Man|Intimidate|boost
|-unboost|p2a: Kingambit|atk|1
|move|p2a: Kingambit|Swords Dance|p2a: Kingambit
|-boost|p2a: Kingambit|atk|2
|
|-heal|p2a: Kingambit|83/100 brn|[from] item: Leftovers
|-damage|p2a: Kingambit|77/100 brn|[from] brn
|upkeep
|turn|6
|
|t:|1781238642
|move|p1a: Tiger Man|Stealth Rock|p2a: Kingambit
|-sidestart|p2: LowEL0God|move: Stealth Rock
|move|p2a: Kingambit|Kowtow Cleave|p1a: Tiger Man
|-damage|p1a: Tiger Man|64/100
|-damage|p2a: Kingambit|60/100 brn|[from] item: Rocky Helmet|[of] p1a: Tiger Man
|
|-heal|p2a: Kingambit|67/100 brn|[from] item: Leftovers
|-damage|p2a: Kingambit|60/100 brn|[from] brn
|upkeep
|turn|7
|
|t:|1781238644
|move|p2a: Kingambit|Sucker Punch|p1a: Tiger Man
|-damage|p1a: Tiger Man|36/100
|-damage|p2a: Kingambit|44/100 brn|[from] item: Rocky Helmet|[of] p1a: Tiger Man
|move|p1a: Tiger Man|Earth Power|p2a: Kingambit
|-supereffective|p2a: Kingambit
|-damage|p2a: Kingambit|0 fnt
|faint|p2a: Kingambit
|-end|p2a: Kingambit|fallenundefined|[silent]
|
|upkeep
|
|t:|1781238645
|switch|p2a: Barraskewda|Barraskewda, M, tera:Water|54/100
|-damage|p2a: Barraskewda|41/100|[from] Stealth Rock
|turn|8
|
|t:|1781238649
|move|p2a: Barraskewda|Liquidation|p1a: Tiger Man
|-supereffective|p1a: Tiger Man
|-damage|p1a: Tiger Man|0 fnt
|-damage|p2a: Barraskewda|24/100|[from] item: Rocky Helmet|[of] p1a: Tiger Man
|faint|p1a: Tiger Man
|
|upkeep
|
|t:|1781238652
|switch|p1a: Samurai|Kingambit, F|100/100
|-activate|p1a: Samurai|ability: Supreme Overlord
|-start|p1a: Samurai|fallen2|[silent]
|turn|9
|
|t:|1781238654
|move|p2a: Barraskewda|Liquidation|p1a: Samurai
|-damage|p1a: Samurai|22/100
|-unboost|p1a: Samurai|def|1
|move|p1a: Samurai|Kowtow Cleave|p2a: Barraskewda
|-damage|p2a: Barraskewda|0 fnt
|faint|p2a: Barraskewda
|-damage|p1a: Samurai|13/100|[from] item: Life Orb
|
|upkeep
|
|t:|1781238658
|switch|p2a: Iron Treads|Iron Treads|100/100
|-damage|p2a: Iron Treads|97/100|[from] Stealth Rock
|-enditem|p2a: Iron Treads|Booster Energy
|-activate|p2a: Iron Treads|ability: Quark Drive|[fromitem]
|-start|p2a: Iron Treads|quarkdrivespe
|turn|10
|
|t:|1781238661
|-end|p1a: Samurai|fallen2|[silent]
|switch|p1a: America|Dragapult, M|36/100
|move|p2a: Iron Treads|Rapid Spin|p1a: America
|-immune|p1a: America
|
|upkeep
|turn|11
|
|t:|1781238666
|move|p2a: Iron Treads|Earth Power|p1a: America
|-damage|p1a: America|0 fnt
|faint|p1a: America
|
|upkeep
|
|t:|1781238671
|switch|p1a: Wet dream|Hoopa-Unbound|100/100
|turn|12
|
|t:|1781238676
|move|p2a: Iron Treads|Rapid Spin|p1a: Wet dream
|-damage|p1a: Wet dream|89/100
|-boost|p2a: Iron Treads|spe|1
|-sideend|p2: LowEL0God|Stealth Rock|[from] move: Rapid Spin|[of] p2a: Iron Treads
|move|p1a: Wet dream|Drain Punch|p2a: Iron Treads
|-supereffective|p2a: Iron Treads
|-damage|p2a: Iron Treads|53/100
|-heal|p1a: Wet dream|100/100|[from] drain|[of] p2a: Iron Treads
|
|upkeep
|turn|13
|
|t:|1781238679
|move|p2a: Iron Treads|Stealth Rock|p1a: Wet dream
|-sidestart|p1: Phantasmagorica|move: Stealth Rock
|move|p1a: Wet dream|Drain Punch|p2a: Iron Treads
|-supereffective|p2a: Iron Treads
|-damage|p2a: Iron Treads|6/100
|
|upkeep
|turn|14
|
|t:|1781238683
|move|p2a: Iron Treads|Steel Beam|p1a: Wet dream
|-damage|p1a: Wet dream|74/100
|-damage|p2a: Iron Treads|0 fnt|[from] steelbeam
|faint|p2a: Iron Treads
|-end|p2a: Iron Treads|Quark Drive|[silent]
|move|p1a: Wet dream|Drain Punch|p2: Iron Treads|[notarget]
|-fail|p1a: Wet dream
|
|upkeep
|
|t:|1781238684
|switch|p2a: Overqwil|Overqwil, F|100/100
|turn|15
|
|t:|1781238692
|switch|p1a: Samurai|Kingambit, F|13/100
|-damage|p1a: Samurai|6/100|[from] Stealth Rock
|-activate|p1a: Samurai|ability: Supreme Overlord
|-start|p1a: Samurai|fallen3|[silent]
|move|p2a: Overqwil|Liquidation|p1a: Samurai
|-damage|p1a: Samurai|0 fnt
|faint|p1a: Samurai
|-end|p1a: Samurai|fallen3|[silent]
|-damage|p2a: Overqwil|91/100|[from] item: Life Orb
|
|upkeep
|
|t:|1781238693
|switch|p1a: Cool Jeff|Great Tusk|100/100
|-damage|p1a: Cool Jeff|98/100|[from] Stealth Rock
|turn|16
|
|t:|1781238697
|switch|p2a: Pelipper|Pelipper, F|100/100
|-weather|RainDance|[from] ability: Drizzle|[of] p2a: Pelipper
|move|p1a: Cool Jeff|Stone Edge|p2a: Pelipper
|-supereffective|p2a: Pelipper
|-crit|p2a: Pelipper
|-damage|p2a: Pelipper|19/100
|
|-weather|RainDance|[upkeep]
|upkeep
|turn|17
|
|t:|1781238703
|move|p1a: Cool Jeff|Stone Edge|p2a: Pelipper
|-supereffective|p2a: Pelipper
|-crit|p2a: Pelipper
|-damage|p2a: Pelipper|0 fnt
|faint|p2a: Pelipper
|
|-weather|RainDance|[upkeep]
|upkeep
|
|t:|1781238704
|switch|p2a: Raging Bolt|Raging Bolt|100/100
|-enditem|p2a: Raging Bolt|Booster Energy
|-activate|p2a: Raging Bolt|ability: Protosynthesis|[fromitem]
|-start|p2a: Raging Bolt|protosynthesisspa
|turn|18
|
|t:|1781238706
|-end|p1a: Cool Jeff|Protosynthesis|[silent]
|switch|p1a: Wet dream|Hoopa-Unbound|74/100
|-damage|p1a: Wet dream|62/100|[from] Stealth Rock
|move|p2a: Raging Bolt|Weather Ball|p1a: Wet dream
|-damage|p1a: Wet dream|21/100
|
|-weather|RainDance|[upkeep]
|upkeep
|turn|19
|
|t:|1781238711
|move|p2a: Raging Bolt|Weather Ball|p1a: Wet dream
|-damage|p1a: Wet dream|0 fnt
|faint|p1a: Wet dream
|
|-weather|RainDance|[upkeep]
|upkeep
|
|t:|1781238714
|switch|p1a: Cool Jeff|Great Tusk|98/100
|-damage|p1a: Cool Jeff|95/100|[from] Stealth Rock
|turn|20
|
|t:|1781238716
|-terastallize|p1a: Cool Jeff|Ground
|move|p2a: Raging Bolt|Thunderclap|p1a: Cool Jeff
|-immune|p1a: Cool Jeff
|move|p1a: Cool Jeff|Headlong Rush|p2a: Raging Bolt
|-supereffective|p2a: Raging Bolt
|-damage|p2a: Raging Bolt|0 fnt
|-unboost|p1a: Cool Jeff|def|1
|-unboost|p1a: Cool Jeff|spd|1
|faint|p2a: Raging Bolt
|-end|p2a: Raging Bolt|Protosynthesis|[silent]
|
|-weather|RainDance|[upkeep]
|upkeep
|
|t:|1781238717
|switch|p2a: Overqwil|Overqwil, F|91/100
|turn|21
|
|t:|1781238723
|move|p2a: Overqwil|Liquidation|p1a: Cool Jeff
|-supereffective|p1a: Cool Jeff
|-damage|p1a: Cool Jeff|0 fnt
|faint|p1a: Cool Jeff
|-end|p1a: Cool Jeff|Protosynthesis|[silent]
|-damage|p2a: Overqwil|81/100|[from] item: Life Orb
|
|win|LowEL0God
|raw|Phantasmagorica's rating: 1517 &rarr; <strong>1503</strong><br />(-14 for losing)
|raw|LowEL0God's rating: 1620 &rarr; <strong>1634</strong><br />(+14 for winning)
|l|☆Phantasmagorica
|player|p1|
|c|☆LowEL0God|gg
|l|☆LowEL0God
|player|p2|
