|j|☆LanceStern
|j|☆pls game
|t:|1780981277
|gametype|singles
|player|p1|LanceStern|brock|1609
|player|p2|pls game|ingo|1588
|gen|9
|tier|[Gen 9] OU
|rated|
|rule|HP Percentage Mod: HP is shown in percentages
|rule|Endless Battle Clause: Forcing endless battles is banned
|rule|Species Clause: Limit one of each Pokémon
|rule|OHKO Clause: OHKO moves are banned
|rule|Evasion Items Clause: Evasion items are banned
|rule|Evasion Moves Clause: Evasion moves are banned
|rule|Evasion Abilities Clause: Evasion abilities are banned
|rule|Sleep Moves Clause: Sleep-inducing moves are banned
|clearpoke
|poke|p1|Deoxys-Speed|
|poke|p1|Iron Moth|
|poke|p1|Samurott-Hisui, M|
|poke|p1|Great Tusk|
|poke|p1|Scizor, F|
|poke|p1|Sinistcha-Masterpiece|
|poke|p2|Iron Treads|
|poke|p2|Cinderace, M|
|poke|p2|Dragonite, M|
|poke|p2|Zamazenta-*|
|poke|p2|Primarina, M|
|poke|p2|Darkrai|
|teampreview
|inactive|Battle timer is ON: inactive players will automatically lose when time's up. (requested by pls game)
|
|t:|1780981304
|teamsize|p1|6
|teamsize|p2|6
|start
|switch|p1a: Scizor|Scizor, F|100/100
|switch|p2a: Iron Treads|Iron Treads|100/100
|turn|1
|
|t:|1780981322
|move|p2a: Iron Treads|Earthquake|p1a: Scizor
|-damage|p1a: Scizor|38/100
|move|p1a: Scizor|Close Combat|p2a: Iron Treads
|-supereffective|p2a: Iron Treads
|-damage|p2a: Iron Treads|0 fnt
|-unboost|p1a: Scizor|def|1
|-unboost|p1a: Scizor|spd|1
|faint|p2a: Iron Treads
|-end|p2a: Iron Treads|Quark Drive|[silent]
|
|upkeep
|
|t:|1780981330
|switch|p2a: Dragonite|Dragonite, M|100/100
|turn|2
|
|t:|1780981333
|switch|p1a: Sinistcha|Sinistcha-Masterpiece|100/100
|move|p2a: Dragonite|Dragon Dance|p2a: Dragonite
|-boost|p2a: Dragonite|atk|1
|-boost|p2a: Dragonite|spe|1
|
|upkeep
|turn|3
|
|t:|1780981341
|move|p2a: Dragonite|Ice Spinner|p1a: Sinistcha
|-supereffective|p1a: Sinistcha
|-damage|p1a: Sinistcha|25/100
|move|p1a: Sinistcha|Strength Sap|p2a: Dragonite
|-unboost|p2a: Dragonite|atk|1
|-heal|p1a: Sinistcha|100/100
|
|upkeep
|turn|4
|
|t:|1780981346
|move|p2a: Dragonite|Ice Spinner|p1a: Sinistcha
|-supereffective|p1a: Sinistcha
|-damage|p1a: Sinistcha|54/100
|move|p1a: Sinistcha|Trick Room|p1a: Sinistcha
|-fieldstart|move: Trick Room|[of] p1a: Sinistcha
|
|upkeep
|turn|5
|
|t:|1780981359
|move|p1a: Sinistcha|Strength Sap|p2a: Dragonite
|-unboost|p2a: Dragonite|atk|1
|-heal|p1a: Sinistcha|100/100
|move|p2a: Dragonite|Ice Spinner|p1a: Sinistcha
|-supereffective|p1a: Sinistcha
|-damage|p1a: Sinistcha|68/100
|
|upkeep
|turn|6
|
|t:|1780981367
|move|p1a: Sinistcha|Strength Sap|p2a: Dragonite
|-unboost|p2a: Dragonite|atk|1
|-heal|p1a: Sinistcha|100/100
|move|p2a: Dragonite|Dragon Dance|p2a: Dragonite
|-boost|p2a: Dragonite|atk|1
|-boost|p2a: Dragonite|spe|1
|
|upkeep
|turn|7
|
|t:|1780981375
|switch|p1a: Great Tusk|Great Tusk|100/100
|switch|p2a: Darkrai|Darkrai|100/100
|
|upkeep
|turn|8
|
|t:|1780981383
|switch|p2a: Primarina|Primarina, M|100/100
|move|p1a: Great Tusk|Headlong Rush|p2a: Primarina
|-damage|p2a: Primarina|31/100
|-unboost|p1a: Great Tusk|def|1
|-unboost|p1a: Great Tusk|spd|1
|
|-fieldend|move: Trick Room
|upkeep
|turn|9
|
|t:|1780981389
|move|p1a: Great Tusk|Headlong Rush|p2a: Primarina
|-damage|p2a: Primarina|0 fnt
|-unboost|p1a: Great Tusk|def|1
|-unboost|p1a: Great Tusk|spd|1
|faint|p2a: Primarina
|
|upkeep
|
|t:|1780981412
|switch|p2a: Zamazenta|Zamazenta|100/100
|-ability|p2a: Zamazenta|Dauntless Shield|boost
|-boost|p2a: Zamazenta|def|1
|turn|10
|
|t:|1780981421
|-end|p1a: Great Tusk|Protosynthesis|[silent]
|switch|p1a: Sinistcha|Sinistcha-Masterpiece|100/100
|move|p2a: Zamazenta|Crunch|p1a: Sinistcha
|-supereffective|p1a: Sinistcha
|-damage|p1a: Sinistcha|49/100
|-damage|p2a: Zamazenta|91/100|[from] item: Life Orb
|
|upkeep
|turn|11
|
|t:|1780981428
|-terastallize|p1a: Sinistcha|Poison
|move|p2a: Zamazenta|Crunch|p1a: Sinistcha
|-damage|p1a: Sinistcha|25/100
|-damage|p2a: Zamazenta|81/100|[from] item: Life Orb
|move|p1a: Sinistcha|Trick Room|p1a: Sinistcha
|-fieldstart|move: Trick Room|[of] p1a: Sinistcha
|
|upkeep
|turn|12
|
|t:|1780981433
|switch|p2a: Darkrai|Darkrai|100/100
|move|p1a: Sinistcha|Strength Sap|p2a: Darkrai
|-unboost|p2a: Darkrai|atk|1
|-heal|p1a: Sinistcha|81/100
|
|upkeep
|turn|13
|
|t:|1780981443
|move|p1a: Sinistcha|Matcha Gotcha|p2a: Darkrai
|-damage|p2a: Darkrai|52/100
|-heal|p1a: Sinistcha|100/100|[from] drain|[of] p2a: Darkrai
|-status|p2a: Darkrai|brn
|move|p2a: Darkrai|Ice Beam|p1a: Sinistcha
|-damage|p1a: Sinistcha|62/100
|
|-heal|p2a: Darkrai|58/100 brn|[from] item: Leftovers
|-damage|p2a: Darkrai|52/100 brn|[from] brn
|upkeep
|turn|14
|
|t:|1780981452
|move|p1a: Sinistcha|Matcha Gotcha|p2a: Darkrai
|-damage|p2a: Darkrai|5/100 brn
|-heal|p1a: Sinistcha|81/100|[from] drain|[of] p2a: Darkrai
|move|p2a: Darkrai|Dark Pulse|p1a: Sinistcha
|-damage|p1a: Sinistcha|33/100
|
|-heal|p2a: Darkrai|11/100 brn|[from] item: Leftovers
|-damage|p2a: Darkrai|5/100 brn|[from] brn
|upkeep
|turn|15
|
|t:|1780981470
|move|p1a: Sinistcha|Strength Sap|p2a: Darkrai
|-unboost|p2a: Darkrai|atk|1
|-heal|p1a: Sinistcha|71/100
|move|p2a: Darkrai|Dark Pulse|p1a: Sinistcha
|-damage|p1a: Sinistcha|23/100
|
|-heal|p2a: Darkrai|11/100 brn|[from] item: Leftovers
|-damage|p2a: Darkrai|5/100 brn|[from] brn
|-fieldend|move: Trick Room
|upkeep
|turn|16
|
|t:|1780981484
|move|p2a: Darkrai|Ice Beam|p1a: Sinistcha
|-damage|p1a: Sinistcha|0 fnt
|faint|p1a: Sinistcha
|
|-heal|p2a: Darkrai|11/100 brn|[from] item: Leftovers
|-damage|p2a: Darkrai|5/100 brn|[from] brn
|upkeep
|inactive|LanceStern has 120 seconds left.
|inactive|LanceStern has 90 seconds left.
|
|t:|1780981536
|switch|p1a: Iron Moth|Iron Moth|100/100
|-enditem|p1a: Iron Moth|Booster Energy
|-activate|p1a: Iron Moth|ability: Quark Drive|[fromitem]
|-start|p1a: Iron Moth|quarkdrivespe
|turn|17
|
|t:|1780981549
|move|p1a: Iron Moth|Fiery Dance|p2a: Darkrai
|-damage|p2a: Darkrai|0 fnt
|faint|p2a: Darkrai
|
|upkeep
|
|t:|1780981558
|switch|p2a: Zamazenta|Zamazenta|81/100
|turn|18
|
|t:|1780981561
|move|p1a: Iron Moth|Fiery Dance|p2a: Zamazenta
|-damage|p2a: Zamazenta|41/100
|-boost|p1a: Iron Moth|spa|1
|move|p2a: Zamazenta|Stone Edge|p1a: Iron Moth
|-supereffective|p1a: Iron Moth
|-damage|p1a: Iron Moth|0 fnt
|faint|p1a: Iron Moth
|-end|p1a: Iron Moth|Quark Drive|[silent]
|-damage|p2a: Zamazenta|31/100|[from] item: Life Orb
|
|upkeep
|
|t:|1780981569
|switch|p1a: Deoxys|Deoxys-Speed|100/100
|-ability|p1a: Deoxys|Pressure
|turn|19
|
|t:|1780981576
|move|p1a: Deoxys|Psychic|p2a: Zamazenta
|-supereffective|p2a: Zamazenta
|-damage|p2a: Zamazenta|0 fnt
|faint|p2a: Zamazenta
|
|upkeep
|
|t:|1780981579
|switch|p2a: Cinderace|Cinderace, M|100/100
|turn|20
|
|t:|1780981582
|switch|p1a: Great Tusk|Great Tusk|100/100
|move|p2a: Cinderace|Pyro Ball|p1a: Great Tusk
|-damage|p1a: Great Tusk|69/100
|
|upkeep
|turn|21
|
|t:|1780981598
|move|p2a: Cinderace|Will-O-Wisp|p1a: Great Tusk
|-status|p1a: Great Tusk|brn
|move|p1a: Great Tusk|Rapid Spin|p2a: Cinderace
|-damage|p2a: Cinderace|92/100
|-boost|p1a: Great Tusk|spe|1
|
|-damage|p1a: Great Tusk|63/100 brn|[from] brn
|upkeep
|turn|22
|
|t:|1780981611
|move|p1a: Great Tusk|Headlong Rush|p2a: Cinderace
|-supereffective|p2a: Cinderace
|-damage|p2a: Cinderace|26/100
|-unboost|p1a: Great Tusk|def|1
|-unboost|p1a: Great Tusk|spd|1
|move|p2a: Cinderace|U-turn|p1a: Great Tusk
|-resisted|p1a: Great Tusk
|-damage|p1a: Great Tusk|53/100 brn
|-damage|p2a: Cinderace|9/100|[from] item: Rocky Helmet|[of] p1a: Great Tusk
|
|t:|1780981614
|switch|p2a: Dragonite|Dragonite, M|100/100|[from] U-turn
|
|-damage|p1a: Great Tusk|47/100 brn|[from] brn
|upkeep
|turn|23
|
|t:|1780981623
|move|p1a: Great Tusk|Ice Spinner|p2a: Dragonite
|-supereffective|p2a: Dragonite
|-damage|p2a: Dragonite|75/100
|move|p2a: Dragonite|Dragon Dance|p2a: Dragonite
|-boost|p2a: Dragonite|atk|1
|-boost|p2a: Dragonite|spe|1
|
|-damage|p1a: Great Tusk|41/100 brn|[from] brn
|upkeep
|turn|24
|inactive|pls game has 120 seconds left.
|
|t:|1780981653
|-terastallize|p2a: Dragonite|Normal
|move|p1a: Great Tusk|Ice Spinner|p2a: Dragonite
|-damage|p2a: Dragonite|63/100
|move|p2a: Dragonite|Dragon Dance|p2a: Dragonite
|-boost|p2a: Dragonite|atk|1
|-boost|p2a: Dragonite|spe|1
|
|-damage|p1a: Great Tusk|35/100 brn|[from] brn
|upkeep
|turn|25
|
|t:|1780981663
|move|p2a: Dragonite|Earthquake|p1a: Great Tusk
|-damage|p1a: Great Tusk|0 fnt
|faint|p1a: Great Tusk
|-end|p1a: Great Tusk|Protosynthesis|[silent]
|
|upkeep
|
|t:|1780981667
|switch|p1a: Samurott|Samurott-Hisui, M|100/100
|turn|26
|
|t:|1780981669
|move|p2a: Dragonite|Extreme Speed|p1a: Samurott
|-enditem|p1a: Samurott|Focus Sash
|-damage|p1a: Samurott|1/100
|move|p1a: Samurott|Sacred Sword|p2a: Dragonite
|-supereffective|p2a: Dragonite
|-damage|p2a: Dragonite|0 fnt
|faint|p2a: Dragonite
|
|upkeep
|
|t:|1780981672
|switch|p2a: Cinderace|Cinderace, M|9/100
|turn|27
|
|t:|1780981675
|move|p2a: Cinderace|Will-O-Wisp|p1a: Samurott
|-status|p1a: Samurott|brn
|move|p1a: Samurott|Ceaseless Edge|p2a: Cinderace
|-damage|p2a: Cinderace|0 fnt
|-sidestart|p2: pls game|Spikes
|faint|p2a: Cinderace
|
|win|LanceStern
|raw|LanceStern's rating: 1609 &rarr; <strong>1628</strong><br />(+19 for winning)
|raw|pls game's rating: 1588 &rarr; <strong>1569</strong><br />(-19 for losing)
|c|☆pls game|gg
|l|☆pls game
|player|p2|
|c|☆LanceStern|gg
