|j|☆amiruae
|j|☆KurisuChestnutLab
|t:|1781120041
|gametype|singles
|player|p1|amiruae|palmer|1609
|player|p2|KurisuChestnutLab|may-contest|1571
|gen|9
|tier|[Gen 9] OU
|rated|
|rule|HP Percentage Mod: HP is shown in percentages
|rule|Endless Battle Clause: Forcing endless battles is banned
|rule|Species Clause: Limit one of each Pokémon
|rule|OHKO Clause: OHKO moves are banned
|rule|Evasion Items Clause: Evasion items are banned
|rule|Evasion Moves Clause: Evasion moves are banned
|rule|Evasion Abilities Clause: Evasion abilities are banned
|rule|Sleep Moves Clause: Sleep-inducing moves are banned
|clearpoke
|poke|p1|Dragonite, M|
|poke|p1|Moltres|
|poke|p1|Iron Moth|
|poke|p1|Iron Boulder|
|poke|p1|Zapdos-Galar|
|poke|p1|Rotom-Wash|
|poke|p2|Zamazenta-*|
|poke|p2|Zapdos|
|poke|p2|Garganacl, M|
|poke|p2|Clefable, F|
|poke|p2|Samurott-Hisui, F|
|poke|p2|Gholdengo|
|teampreview
|inactive|Battle timer is ON: inactive players will automatically lose when time's up. (requested by amiruae)
|inactive|KurisuChestnutLab also wants the timer to be on.
|
|t:|1781120048
|teamsize|p1|6
|teamsize|p2|6
|start
|switch|p1a: Rotom|Rotom-Wash|100/100
|switch|p2a: Zapdos|Zapdos|100/100
|turn|1
|
|t:|1781120055
|move|p2a: Zapdos|Volt Switch|p1a: Rotom
|-damage|p1a: Rotom|68/100
|
|t:|1781120060
|switch|p2a: Garganacl|Garganacl, M|100/100|[from] Volt Switch
|move|p1a: Rotom|Nasty Plot|p1a: Rotom
|-boost|p1a: Rotom|spa|2
|
|-heal|p1a: Rotom|74/100|[from] item: Leftovers
|upkeep
|turn|2
|
|t:|1781120063
|-terastallize|p2a: Garganacl|Water
|move|p1a: Rotom|Hydro Pump|p2a: Garganacl
|-resisted|p2a: Garganacl
|-damage|p2a: Garganacl|65/100
|move|p2a: Garganacl|Salt Cure|p1a: Rotom
|-damage|p1a: Rotom|58/100
|-start|p1a: Rotom|Salt Cure
|
|-heal|p1a: Rotom|64/100|[from] item: Leftovers
|-heal|p2a: Garganacl|71/100|[from] item: Leftovers
|-damage|p1a: Rotom|39/100|[from] Salt Cure
|upkeep
|turn|3
|
|t:|1781120068
|switch|p2a: Clefable|Clefable, F|100/100
|move|p1a: Rotom|Nasty Plot|p1a: Rotom
|-boost|p1a: Rotom|spa|2
|
|-heal|p1a: Rotom|45/100|[from] item: Leftovers
|-damage|p1a: Rotom|20/100|[from] Salt Cure
|upkeep
|turn|4
|
|t:|1781120072
|move|p1a: Rotom|Thunderbolt|p2a: Clefable
|-damage|p2a: Clefable|55/100
|move|p2a: Clefable|Moonlight|p2a: Clefable
|-heal|p2a: Clefable|100/100
|
|-heal|p1a: Rotom|26/100|[from] item: Leftovers
|-damage|p1a: Rotom|1/100|[from] Salt Cure
|upkeep
|turn|5
|
|t:|1781120077
|move|p1a: Rotom|Hydro Pump|p2a: Clefable
|-damage|p2a: Clefable|45/100
|move|p2a: Clefable|Moonlight|p2a: Clefable
|-heal|p2a: Clefable|95/100
|
|-heal|p1a: Rotom|7/100|[from] item: Leftovers
|-damage|p1a: Rotom|0 fnt|[from] Salt Cure
|faint|p1a: Rotom
|upkeep
|
|t:|1781120084
|switch|p1a: Iron Moth|Iron Moth|100/100
|-enditem|p1a: Iron Moth|Booster Energy
|-activate|p1a: Iron Moth|ability: Quark Drive|[fromitem]
|-start|p1a: Iron Moth|quarkdrivespe
|turn|6
|
|t:|1781120091
|switch|p2a: Garganacl|Garganacl, M, tera:Water|71/100
|move|p1a: Iron Moth|Sludge Wave|p2a: Garganacl
|-damage|p2a: Garganacl|38/100
|
|-heal|p2a: Garganacl|45/100|[from] item: Leftovers
|upkeep
|turn|7
|
|t:|1781120103
|-terastallize|p1a: Iron Moth|Grass
|move|p1a: Iron Moth|Energy Ball|p2a: Garganacl
|-supereffective|p2a: Garganacl
|-damage|p2a: Garganacl|0 fnt
|faint|p2a: Garganacl
|
|upkeep
|
|t:|1781120109
|switch|p2a: Zamazenta|Zamazenta|100/100
|-ability|p2a: Zamazenta|Dauntless Shield|boost
|-boost|p2a: Zamazenta|def|1
|turn|8
|
|t:|1781120113
|move|p1a: Iron Moth|Fiery Dance|p2a: Zamazenta
|-damage|p2a: Zamazenta|69/100
|move|p2a: Zamazenta|Body Press|p1a: Iron Moth
|-damage|p1a: Iron Moth|30/100
|
|-heal|p2a: Zamazenta|75/100|[from] item: Leftovers
|upkeep
|turn|9
|
|t:|1781120120
|move|p1a: Iron Moth|Dazzling Gleam|p2a: Zamazenta
|-supereffective|p2a: Zamazenta
|-damage|p2a: Zamazenta|35/100
|move|p2a: Zamazenta|Body Press|p1a: Iron Moth
|-damage|p1a: Iron Moth|0 fnt
|faint|p1a: Iron Moth
|-end|p1a: Iron Moth|Quark Drive|[silent]
|
|-heal|p2a: Zamazenta|41/100|[from] item: Leftovers
|upkeep
|
|t:|1781120126
|switch|p1a: Moltres|Moltres|100/100
|turn|10
|
|t:|1781120133
|switch|p2a: Zapdos|Zapdos|100/100
|move|p1a: Moltres|Tailwind|p1a: Moltres
|-sidestart|p1: amiruae|move: Tailwind
|
|upkeep
|turn|11
|
|t:|1781120138
|move|p1a: Moltres|Flamethrower|p2a: Zapdos
|-damage|p2a: Zapdos|47/100
|move|p2a: Zapdos|Discharge|p1a: Moltres
|-supereffective|p1a: Moltres
|-damage|p1a: Moltres|27/100
|-status|p1a: Moltres|par
|
|upkeep
|turn|12
|
|t:|1781120146
|move|p2a: Zapdos|Volt Switch|p1a: Moltres
|-supereffective|p1a: Moltres
|-damage|p1a: Moltres|0 fnt
|faint|p1a: Moltres
|
|t:|1781120152
|switch|p2a: Clefable|Clefable, F|95/100|[from] Volt Switch
|
|upkeep
|
|t:|1781120164
|switch|p1a: Zapdos|Zapdos-Galar|100/100
|turn|13
|
|t:|1781120168
|move|p1a: Zapdos|Thunderous Kick|p2a: Clefable
|-resisted|p2a: Clefable
|-damage|p2a: Clefable|76/100
|-unboost|p2a: Clefable|def|1
|move|p2a: Clefable|Moonblast|p1a: Zapdos
|-supereffective|p1a: Zapdos
|-damage|p1a: Zapdos|57/100
|
|-sideend|p1: amiruae|move: Tailwind
|upkeep
|turn|14
|
|t:|1781120176
|switch|p2a: Zapdos|Zapdos|47/100
|move|p1a: Zapdos|Brave Bird|p2a: Zapdos
|-resisted|p2a: Zapdos
|-damage|p2a: Zapdos|23/100
|-damage|p1a: Zapdos|48/100|[from] Recoil
|
|upkeep
|turn|15
|
|t:|1781120182
|switch|p1a: Iron Boulder|Iron Boulder|100/100
|-enditem|p1a: Iron Boulder|Booster Energy
|-activate|p1a: Iron Boulder|ability: Quark Drive|[fromitem]
|-start|p1a: Iron Boulder|quarkdrivespe
|move|p2a: Zapdos|Roost|p2a: Zapdos
|-heal|p2a: Zapdos|73/100
|-singleturn|p2a: Zapdos|move: Roost
|
|upkeep
|turn|16
|
|t:|1781120189
|move|p1a: Iron Boulder|Mighty Cleave|p2a: Zapdos
|-supereffective|p2a: Zapdos
|-crit|p2a: Zapdos
|-damage|p2a: Zapdos|0 fnt
|faint|p2a: Zapdos
|
|upkeep
|
|t:|1781120193
|switch|p2a: Zamazenta|Zamazenta|41/100
|turn|17
|
|t:|1781120200
|move|p1a: Iron Boulder|Zen Headbutt|p2a: Zamazenta
|-supereffective|p2a: Zamazenta
|-damage|p2a: Zamazenta|0 fnt
|faint|p2a: Zamazenta
|
|upkeep
|
|t:|1781120207
|switch|p2a: Gholdengo|Gholdengo|100/100
|turn|18
|
|t:|1781120219
|move|p1a: Iron Boulder|Mighty Cleave|p2a: Gholdengo
|-resisted|p2a: Gholdengo
|-damage|p2a: Gholdengo|75/100
|move|p2a: Gholdengo|Make It Rain|p1a: Iron Boulder
|-supereffective|p1a: Iron Boulder
|-damage|p1a: Iron Boulder|0 fnt
|-unboost|p2a: Gholdengo|spa|1
|faint|p1a: Iron Boulder
|-end|p1a: Iron Boulder|Quark Drive|[silent]
|
|upkeep
|
|t:|1781120227
|switch|p1a: Dragonite|Dragonite, M|100/100
|turn|19
|
|t:|1781120232
|switch|p2a: Clefable|Clefable, F|76/100
|move|p1a: Dragonite|Earthquake|p2a: Clefable
|-damage|p2a: Clefable|50/100
|
|upkeep
|turn|20
|
|t:|1781120244
|move|p1a: Dragonite|Dragon Dance|p1a: Dragonite
|-boost|p1a: Dragonite|atk|1
|-boost|p1a: Dragonite|spe|1
|move|p2a: Clefable|Moonblast|p1a: Dragonite
|-supereffective|p1a: Dragonite
|-damage|p1a: Dragonite|66/100
|
|upkeep
|turn|21
|
|t:|1781120250
|move|p1a: Dragonite|Earthquake|p2a: Clefable
|-damage|p2a: Clefable|23/100
|move|p2a: Clefable|Moonblast|p1a: Dragonite
|-supereffective|p1a: Dragonite
|-damage|p1a: Dragonite|0 fnt
|faint|p1a: Dragonite
|
|upkeep
|
|t:|1781120256
|switch|p1a: Zapdos|Zapdos-Galar|48/100
|turn|22
|
|t:|1781120261
|move|p1a: Zapdos|Brave Bird|p2a: Clefable
|-damage|p2a: Clefable|0 fnt
|faint|p2a: Clefable
|-damage|p1a: Zapdos|40/100|[from] Recoil
|
|upkeep
|
|t:|1781120265
|switch|p2a: Gholdengo|Gholdengo|75/100
|turn|23
|
|t:|1781120272
|move|p2a: Gholdengo|Make It Rain|p1a: Zapdos
|-damage|p1a: Zapdos|0 fnt
|-unboost|p2a: Gholdengo|spa|1
|faint|p1a: Zapdos
|
|win|KurisuChestnutLab
|raw|amiruae's rating: 1609 &rarr; <strong>1585</strong><br />(-24 for losing)
|raw|KurisuChestnutLab's rating: 1543 &rarr; <strong>1567</strong><br />(+24 for winning)
