|j|☆suprya
|j|☆KurisuChestnutOU
|t:|1781149367
|gametype|singles
|player|p1|suprya|clown|1672
|player|p2|KurisuChestnutOU|may-contest|1636
|gen|9
|tier|[Gen 9] OU
|rated|
|rule|HP Percentage Mod: HP is shown in percentages
|rule|Endless Battle Clause: Forcing endless battles is banned
|rule|Species Clause: Limit one of each Pokémon
|rule|OHKO Clause: OHKO moves are banned
|rule|Evasion Items Clause: Evasion items are banned
|rule|Evasion Moves Clause: Evasion moves are banned
|rule|Evasion Abilities Clause: Evasion abilities are banned
|rule|Sleep Moves Clause: Sleep-inducing moves are banned
|clearpoke
|poke|p1|Pelipper, F|
|poke|p1|Hydrapple, F|
|poke|p1|Iron Treads|
|poke|p1|Gholdengo|
|poke|p1|Slowking-Galar, F|
|poke|p1|Greninja-*, M|
|poke|p2|Hawlucha, F|
|poke|p2|Samurott-Hisui, F|
|poke|p2|Rillaboom, F|
|poke|p2|Gholdengo|
|poke|p2|Kyurem|
|poke|p2|Landorus-Therian, M|
|teampreview
|inactive|Battle timer is ON: inactive players will automatically lose when time's up. (requested by suprya)
|inactive|KurisuChestnutOU also wants the timer to be on.
|
|t:|1781149394
|teamsize|p1|6
|teamsize|p2|6
|start
|switch|p1a: Hydrapple|Hydrapple, F|100/100
|switch|p2a: Kyurem|Kyurem|100/100
|-ability|p2a: Kyurem|Pressure
|turn|1
|
|t:|1781149404
|switch|p1a: Slowking|Slowking-Galar, F|100/100
|move|p2a: Kyurem|Freeze-Dry|p1a: Slowking
|-damage|p1a: Slowking|83/100
|
|upkeep
|turn|2
|
|t:|1781149413
|move|p2a: Kyurem|Ice Beam|p1a: Slowking
|-damage|p1a: Slowking|62/100
|move|p1a: Slowking|Sludge Bomb|p2a: Kyurem
|-damage|p2a: Kyurem|75/100
|-status|p2a: Kyurem|psn
|
|-damage|p2a: Kyurem|63/100 psn|[from] psn
|upkeep
|turn|3
|
|t:|1781149429
|move|p2a: Kyurem|Earth Power|p1a: Slowking
|-supereffective|p1a: Slowking
|-damage|p1a: Slowking|32/100
|move|p1a: Slowking|Sludge Bomb|p2a: Kyurem
|-damage|p2a: Kyurem|36/100 psn
|
|-damage|p2a: Kyurem|24/100 psn|[from] psn
|upkeep
|turn|4
|inactive|suprya has 120 seconds left.
|
|t:|1781149473
|switch|p1a: Iron Treads|Iron Treads|100/100
|move|p2a: Kyurem|Ice Beam|p1a: Iron Treads
|-damage|p1a: Iron Treads|65/100
|
|-heal|p1a: Iron Treads|71/100|[from] item: Leftovers
|-damage|p2a: Kyurem|11/100 psn|[from] psn
|upkeep
|turn|5
|
|t:|1781149485
|move|p2a: Kyurem|Focus Blast|p1a: Iron Treads|[miss]
|-miss|p2a: Kyurem|p1a: Iron Treads
|move|p1a: Iron Treads|Rapid Spin|p2a: Kyurem
|-damage|p2a: Kyurem|0 fnt
|-boost|p1a: Iron Treads|spe|1
|faint|p2a: Kyurem
|
|-heal|p1a: Iron Treads|77/100|[from] item: Leftovers
|upkeep
|
|t:|1781149492
|switch|p2a: Landorus|Landorus-Therian, M|100/100
|-ability|p2a: Landorus|Intimidate|boost
|-unboost|p1a: Iron Treads|atk|1
|turn|6
|
|t:|1781149503
|-end|p1a: Iron Treads|Quark Drive|[silent]
|switch|p1a: Pelipper|Pelipper, F|100/100
|-weather|RainDance|[from] ability: Drizzle|[of] p1a: Pelipper
|move|p2a: Landorus|Earth Power|p1a: Pelipper
|-immune|p1a: Pelipper
|
|-weather|RainDance|[upkeep]
|upkeep
|turn|7
|
|t:|1781149510
|move|p2a: Landorus|Stealth Rock|p1a: Pelipper
|-sidestart|p1: suprya|move: Stealth Rock
|move|p1a: Pelipper|Surf|p2a: Landorus
|-supereffective|p2a: Landorus
|-damage|p2a: Landorus|12/100
|
|-weather|RainDance|[upkeep]
|upkeep
|turn|8
|inactive|suprya has 120 seconds left.
|
|t:|1781149518
|move|p2a: Landorus|U-turn|p1a: Pelipper
|-resisted|p1a: Pelipper
|-crit|p1a: Pelipper
|-damage|p1a: Pelipper|89/100
|
|t:|1781149525
|switch|p2a: Hawlucha|Hawlucha, F|100/100|[from] U-turn
|move|p1a: Pelipper|Hurricane|p2a: Hawlucha
|-supereffective|p2a: Hawlucha
|-damage|p2a: Hawlucha|0 fnt
|faint|p2a: Hawlucha
|
|-weather|RainDance|[upkeep]
|upkeep
|
|t:|1781149529
|switch|p2a: Gholdengo|Gholdengo|100/100
|turn|9
|
|t:|1781149537
|move|p2a: Gholdengo|Shadow Ball|p1a: Pelipper
|-damage|p1a: Pelipper|33/100
|-unboost|p1a: Pelipper|spd|1
|move|p1a: Pelipper|Surf|p2a: Gholdengo
|-damage|p2a: Gholdengo|45/100
|
|-weather|RainDance|[upkeep]
|upkeep
|turn|10
|
|t:|1781149547
|switch|p1a: Iron Treads|Iron Treads|77/100
|-damage|p1a: Iron Treads|74/100|[from] Stealth Rock
|move|p2a: Gholdengo|Shadow Ball|p1a: Iron Treads
|-damage|p1a: Iron Treads|39/100
|-unboost|p1a: Iron Treads|spd|1
|
|-weather|none
|-heal|p1a: Iron Treads|45/100|[from] item: Leftovers
|upkeep
|turn|11
|
|t:|1781149555
|move|p2a: Gholdengo|Shadow Ball|p1a: Iron Treads
|-damage|p1a: Iron Treads|0 fnt
|faint|p1a: Iron Treads
|-end|p1a: Iron Treads|Quark Drive|[silent]
|
|upkeep
|
|t:|1781149557
|switch|p1a: Greninja|Greninja, M|100/100
|-damage|p1a: Greninja|88/100|[from] Stealth Rock
|turn|12
|
|t:|1781149565
|switch|p2a: Samurott|Samurott-Hisui, F|100/100
|move|p1a: Greninja|Dark Pulse|p2a: Samurott
|-resisted|p2a: Samurott
|-damage|p2a: Samurott|86/100
|-damage|p1a: Greninja|78/100|[from] item: Life Orb
|
|upkeep
|turn|13
|j| kanaete onegai
|
|t:|1781149584
|switch|p1a: Hydrapple|Hydrapple, F|100/100
|move|p2a: Samurott|Ceaseless Edge|p1a: Hydrapple
|-damage|p1a: Hydrapple|78/100
|-sidestart|p1: suprya|Spikes
|
|upkeep
|turn|14
|
|t:|1781149590
|-terastallize|p2a: Samurott|Poison
|move|p2a: Samurott|Ceaseless Edge|p1a: Hydrapple
|-damage|p1a: Hydrapple|55/100
|-sidestart|p1: suprya|Spikes
|move|p1a: Hydrapple|Giga Drain|p2a: Samurott
|-resisted|p2a: Samurott
|-damage|p2a: Samurott|77/100
|-heal|p1a: Hydrapple|59/100|[from] drain|[of] p2a: Samurott
|
|upkeep
|turn|15
|
|t:|1781149602
|switch|p2a: Gholdengo|Gholdengo|45/100
|move|p1a: Hydrapple|Earth Power|p2a: Gholdengo
|-supereffective|p2a: Gholdengo
|-damage|p2a: Gholdengo|0 fnt
|faint|p2a: Gholdengo
|
|upkeep
|
|t:|1781149605
|switch|p2a: Landorus|Landorus-Therian, M|12/100
|-ability|p2a: Landorus|Intimidate|boost
|-unboost|p1a: Hydrapple|atk|1
|turn|16
|
|t:|1781149622
|switch|p1a: Pelipper|Pelipper, F|33/100
|-weather|RainDance|[from] ability: Drizzle|[of] p1a: Pelipper
|move|p2a: Landorus|U-turn|p1a: Pelipper
|-resisted|p1a: Pelipper
|-damage|p1a: Pelipper|25/100
|
|t:|1781149628
|switch|p2a: Samurott|Samurott-Hisui, F, tera:Poison|77/100|[from] U-turn
|
|-weather|RainDance|[upkeep]
|upkeep
|turn|17
|
|t:|1781149650
|move|p2a: Samurott|Knock Off|p1a: Pelipper
|-damage|p1a: Pelipper|0 fnt
|-enditem|p1a: Pelipper|Heavy-Duty Boots|[from] move: Knock Off|[of] p2a: Samurott
|faint|p1a: Pelipper
|
|-weather|RainDance|[upkeep]
|upkeep
|
|t:|1781149655
|switch|p1a: Greninja|Greninja, M|78/100
|-damage|p1a: Greninja|66/100|[from] Stealth Rock
|-damage|p1a: Greninja|50/100|[from] Spikes
|turn|18
|
|t:|1781149660
|move|p1a: Greninja|Hydro Pump|p2a: Samurott
|-damage|p2a: Samurott|17/100
|-damage|p1a: Greninja|40/100|[from] item: Life Orb
|move|p2a: Samurott|Ceaseless Edge|p1a: Greninja
|-resisted|p1a: Greninja
|-damage|p1a: Greninja|5/100
|-sidestart|p1: suprya|Spikes
|
|-weather|RainDance|[upkeep]
|upkeep
|turn|19
|
|t:|1781149668
|move|p1a: Greninja|Water Shuriken|p2a: Samurott
|-damage|p2a: Samurott|8/100
|-damage|p2a: Samurott|0 fnt
|faint|p2a: Samurott
|-ability|p1a: Greninja|Battle Bond|boost
|-boost|p1a: Greninja|atk|1
|-boost|p1a: Greninja|spa|1
|-boost|p1a: Greninja|spe|1
|-activate|p1a: Greninja|ability: Battle Bond
|-hitcount|p2: Samurott|2
|-damage|p1a: Greninja|0 fnt|[from] item: Life Orb
|faint|p1a: Greninja
|
|-weather|RainDance|[upkeep]
|upkeep
|
|t:|1781149674
|switch|p1a: Gholdengo|Gholdengo|100/100
|switch|p2a: Rillaboom|Rillaboom, F|100/100
|-damage|p1a: Gholdengo|94/100|[from] Stealth Rock
|-damage|p1a: Gholdengo|70/100|[from] Spikes
|-fieldstart|move: Grassy Terrain|[from] ability: Grassy Surge|[of] p2a: Rillaboom
|turn|20
|
|t:|1781149681
|move|p1a: Gholdengo|Make It Rain|p2a: Rillaboom
|-damage|p2a: Rillaboom|25/100
|-unboost|p1a: Gholdengo|spa|1
|move|p2a: Rillaboom|Wood Hammer|p1a: Gholdengo
|-resisted|p1a: Gholdengo
|-damage|p1a: Gholdengo|19/100
|-damage|p2a: Rillaboom|10/100|[from] Recoil
|
|-weather|none
|-heal|p1a: Gholdengo|25/100|[from] Grassy Terrain
|-heal|p2a: Rillaboom|16/100|[from] Grassy Terrain
|upkeep
|turn|21
|
|t:|1781149689
|move|p2a: Rillaboom|Grassy Glide|p1a: Gholdengo
|-resisted|p1a: Gholdengo
|-damage|p1a: Gholdengo|0 fnt
|faint|p1a: Gholdengo
|
|-heal|p2a: Rillaboom|23/100|[from] Grassy Terrain
|upkeep
|
|t:|1781149693
|switch|p1a: Hydrapple|Hydrapple, F|92/100
|turn|22
|
|t:|1781149697
|move|p2a: Rillaboom|Wood Hammer|p1a: Hydrapple
|-resisted|p1a: Hydrapple
|-damage|p1a: Hydrapple|80/100
|-damage|p2a: Rillaboom|18/100|[from] Recoil
|move|p1a: Hydrapple|Giga Drain|p2a: Rillaboom
|-resisted|p2a: Rillaboom
|-damage|p2a: Rillaboom|0 fnt
|-heal|p1a: Hydrapple|88/100|[from] drain|[of] p2a: Rillaboom
|faint|p2a: Rillaboom
|
|-heal|p1a: Hydrapple|94/100|[from] Grassy Terrain
|upkeep
|
|t:|1781149701
|switch|p2a: Landorus|Landorus-Therian, M|12/100
|-ability|p2a: Landorus|Intimidate|boost
|-unboost|p1a: Hydrapple|atk|1
|turn|23
|
|t:|1781149706
|move|p2a: Landorus|Earth Power|p1a: Hydrapple
|-resisted|p1a: Hydrapple
|-damage|p1a: Hydrapple|79/100
|move|p1a: Hydrapple|Giga Drain|p2a: Landorus
|-damage|p2a: Landorus|0 fnt
|-heal|p1a: Hydrapple|85/100|[from] drain|[of] p2a: Landorus
|faint|p2a: Landorus
|
|win|suprya
|raw|suprya's rating: 1672 &rarr; <strong>1689</strong><br />(+17 for winning)
|raw|KurisuChestnutOU's rating: 1627 &rarr; <strong>1610</strong><br />(-17 for losing)
