|j|☆Mohammad
|j|☆waybuloo
|t:|1781091039
|gametype|singles
|player|p1|Mohammad|266|1564
|player|p2|waybuloo|erika-gen1rb|1616
|gen|9
|tier|[Gen 9] OU
|rated|
|rule|HP Percentage Mod: HP is shown in percentages
|rule|Endless Battle Clause: Forcing endless battles is banned
|rule|Species Clause: Limit one of each Pokémon
|rule|OHKO Clause: OHKO moves are banned
|rule|Evasion Items Clause: Evasion items are banned
|rule|Evasion Moves Clause: Evasion moves are banned
|rule|Evasion Abilities Clause: Evasion abilities are banned
|rule|Sleep Moves Clause: Sleep-inducing moves are banned
|clearpoke
|poke|p1|Glimmora, F|
|poke|p1|Ogerpon-Wellspring, F|
|poke|p1|Hatterene, F|
|poke|p1|Zamazenta-*|
|poke|p1|Kingambit, M|
|poke|p1|Dragonite, F|
|poke|p2|Tyranitar, M|
|poke|p2|Excadrill, F|
|poke|p2|Latios, M|
|poke|p2|Moltres|
|poke|p2|Chesnaught, F|
|poke|p2|Kingambit, M|
|teampreview
|
|t:|1781091045
|teamsize|p1|6
|teamsize|p2|6
|start
|switch|p1a: Glimmora|Glimmora, F, shiny|100/100
|switch|p2a: Latios|Latios, M|100/100
|turn|1
|
|t:|1781091049
|move|p2a: Latios|Psychic Noise|p1a: Glimmora
|-supereffective|p1a: Glimmora
|-enditem|p1a: Glimmora|Focus Sash
|-damage|p1a: Glimmora|1/100
|-start|p1a: Glimmora|move: Heal Block
|move|p1a: Glimmora|Stealth Rock|p2a: Latios
|-sidestart|p2: waybuloo|move: Stealth Rock
|
|upkeep
|turn|2
|
|t:|1781091058
|switch|p1a: Kingambit|Kingambit, M, shiny|100/100
|move|p2a: Latios|Psychic Noise|p1a: Kingambit
|-immune|p1a: Kingambit
|
|upkeep
|turn|3
|
|t:|1781091071
|switch|p2a: Chesnaught|Chesnaught, F|100/100
|-damage|p2a: Chesnaught|94/100|[from] Stealth Rock
|-end|p1a: Kingambit|fallenundefined|[silent]
|switch|p1a: Ogerpon|Ogerpon-Wellspring, F|100/100
|
|upkeep
|turn|4
|inactive|Battle timer is ON: inactive players will automatically lose when time's up. (requested by waybuloo)
|
|t:|1781091074
|move|p1a: Ogerpon|U-turn|p2a: Chesnaught
|-damage|p2a: Chesnaught|77/100
|-damage|p1a: Ogerpon|84/100|[from] item: Rocky Helmet|[of] p2a: Chesnaught
|
|t:|1781091079
|switch|p1a: Hatterene|Hatterene, F, shiny|100/100|[from] U-turn
|move|p2a: Chesnaught|Knock Off|p1a: Hatterene
|-damage|p1a: Hatterene|75/100
|-enditem|p1a: Hatterene|Leftovers|[from] move: Knock Off|[of] p2a: Chesnaught
|
|upkeep
|turn|5
|
|t:|1781091091
|switch|p2a: Excadrill|Excadrill, F|100/100
|-damage|p2a: Excadrill|97/100|[from] Stealth Rock
|-item|p2a: Excadrill|Air Balloon
|move|p1a: Hatterene|Mystical Fire|p2a: Excadrill
|-supereffective|p2a: Excadrill
|-damage|p2a: Excadrill|20/100
|-unboost|p2a: Excadrill|spa|1
|-enditem|p2a: Excadrill|Air Balloon
|
|upkeep
|turn|6
|
|t:|1781091103
|switch|p2a: Moltres|Moltres|100/100
|switch|p1a: Zamazenta|Zamazenta|100/100
|-ability|p1a: Zamazenta|Dauntless Shield|boost
|-boost|p1a: Zamazenta|def|1
|
|upkeep
|turn|7
|
|t:|1781091111
|-terastallize|p1a: Zamazenta|Fire
|move|p1a: Zamazenta|Iron Defense|p1a: Zamazenta
|-boost|p1a: Zamazenta|def|2
|move|p2a: Moltres|Flamethrower|p1a: Zamazenta
|-resisted|p1a: Zamazenta
|-damage|p1a: Zamazenta|87/100
|
|-heal|p1a: Zamazenta|93/100|[from] item: Leftovers
|upkeep
|turn|8
|
|t:|1781091122
|move|p1a: Zamazenta|Iron Defense|p1a: Zamazenta
|-boost|p1a: Zamazenta|def|2
|move|p2a: Moltres|Hurricane|p1a: Zamazenta
|-damage|p1a: Zamazenta|60/100
|
|-heal|p1a: Zamazenta|66/100|[from] item: Leftovers
|upkeep
|turn|9
|
|t:|1781091129
|move|p1a: Zamazenta|Body Press|p2a: Moltres
|-resisted|p2a: Moltres
|-damage|p2a: Moltres|49/100
|move|p2a: Moltres|Hurricane|p1a: Zamazenta|[miss]
|-miss|p2a: Moltres|p1a: Zamazenta
|
|-heal|p1a: Zamazenta|72/100|[from] item: Leftovers
|upkeep
|turn|10
|
|t:|1781091139
|switch|p2a: Chesnaught|Chesnaught, F|77/100
|-damage|p2a: Chesnaught|71/100|[from] Stealth Rock
|move|p1a: Zamazenta|Body Press|p2a: Chesnaught
|-damage|p2a: Chesnaught|5/100
|-damage|p1a: Zamazenta|56/100|[from] item: Rocky Helmet|[of] p2a: Chesnaught
|
|-heal|p1a: Zamazenta|62/100|[from] item: Leftovers
|upkeep
|turn|11
|
|t:|1781091148
|move|p1a: Zamazenta|Body Press|p2a: Chesnaught
|-damage|p2a: Chesnaught|0 fnt
|-damage|p1a: Zamazenta|46/100|[from] item: Rocky Helmet|[of] p2a: Chesnaught
|faint|p2a: Chesnaught
|
|-heal|p1a: Zamazenta|52/100|[from] item: Leftovers
|upkeep
|
|t:|1781091151
|switch|p2a: Latios|Latios, M|100/100
|-damage|p2a: Latios|88/100|[from] Stealth Rock
|turn|12
|
|t:|1781091163
|move|p2a: Latios|Draco Meteor|p1a: Zamazenta
|-crit|p1a: Zamazenta
|-damage|p1a: Zamazenta|0 fnt
|-unboost|p2a: Latios|spa|2
|faint|p1a: Zamazenta
|
|upkeep
|
|t:|1781091188
|switch|p1a: Ogerpon|Ogerpon-Wellspring, F|84/100
|turn|13
|
|t:|1781091194
|switch|p2a: Excadrill|Excadrill, F|20/100
|-damage|p2a: Excadrill|17/100|[from] Stealth Rock
|move|p1a: Ogerpon|Swords Dance|p1a: Ogerpon
|-boost|p1a: Ogerpon|atk|2
|
|upkeep
|turn|14
|
|t:|1781091200
|move|p1a: Ogerpon|Horn Leech|p2a: Excadrill
|-damage|p2a: Excadrill|0 fnt
|-heal|p1a: Ogerpon|94/100|[from] drain|[of] p2a: Excadrill
|faint|p2a: Excadrill
|
|upkeep
|
|t:|1781091215
|switch|p2a: Tyranitar|Tyranitar, M|100/100
|-damage|p2a: Tyranitar|88/100|[from] Stealth Rock
|-weather|Sandstorm|[from] ability: Sand Stream|[of] p2a: Tyranitar
|turn|15
|
|t:|1781091220
|move|p1a: Ogerpon|Ivy Cudgel|p2a: Tyranitar|[anim] Ivy Cudgel Water
|-supereffective|p2a: Tyranitar
|-damage|p2a: Tyranitar|0 fnt
|faint|p2a: Tyranitar
|
|-weather|Sandstorm|[upkeep]
|-damage|p1a: Ogerpon|88/100|[from] Sandstorm
|upkeep
|
|t:|1781091223
|switch|p2a: Latios|Latios, M|88/100
|-damage|p2a: Latios|76/100|[from] Stealth Rock
|turn|16
|j| Favorite lovestory
|
|t:|1781091234
|switch|p1a: Glimmora|Glimmora, F, shiny|1/100
|move|p2a: Latios|Psychic Noise|p1a: Glimmora
|-supereffective|p1a: Glimmora
|-damage|p1a: Glimmora|0 fnt
|faint|p1a: Glimmora
|
|-weather|Sandstorm|[upkeep]
|-damage|p2a: Latios|70/100|[from] Sandstorm
|upkeep
|
|t:|1781091245
|switch|p1a: Hatterene|Hatterene, F, shiny|75/100
|turn|17
|
|t:|1781091251
|move|p2a: Latios|Psychic Noise|p1a: Hatterene
|-resisted|p1a: Hatterene
|-damage|p1a: Hatterene|56/100
|-start|p1a: Hatterene|move: Heal Block
|move|p1a: Hatterene|Calm Mind|p1a: Hatterene
|-boost|p1a: Hatterene|spa|1
|-boost|p1a: Hatterene|spd|1
|
|-weather|Sandstorm|[upkeep]
|-damage|p2a: Latios|64/100|[from] Sandstorm
|-damage|p1a: Hatterene|50/100|[from] Sandstorm
|upkeep
|turn|18
|
|t:|1781091260
|switch|p2a: Moltres|Moltres|49/100
|move|p1a: Hatterene|Mystical Fire|p2a: Moltres
|-resisted|p2a: Moltres
|-damage|p2a: Moltres|32/100
|-unboost|p2a: Moltres|spa|1
|
|-weather|Sandstorm|[upkeep]
|-damage|p2a: Moltres|26/100|[from] Sandstorm
|-damage|p1a: Hatterene|45/100|[from] Sandstorm
|-end|p1a: Hatterene|move: Heal Block
|upkeep
|turn|19
|
|t:|1781091270
|move|p2a: Moltres|Roost|p2a: Moltres
|-heal|p2a: Moltres|76/100
|-singleturn|p2a: Moltres|move: Roost
|move|p1a: Hatterene|Psychic Noise|p2a: Moltres
|-damage|p2a: Moltres|28/100
|-start|p2a: Moltres|move: Heal Block
|
|-weather|Sandstorm|[upkeep]
|-damage|p2a: Moltres|22/100|[from] Sandstorm
|-damage|p1a: Hatterene|39/100|[from] Sandstorm
|upkeep
|turn|20
|
|t:|1781091281
|move|p2a: Moltres|U-turn|p1a: Hatterene
|-damage|p1a: Hatterene|24/100
|
|t:|1781091282
|switch|p2a: Kingambit|Kingambit, M|100/100|[from] U-turn
|-damage|p2a: Kingambit|94/100|[from] Stealth Rock
|-activate|p2a: Kingambit|ability: Supreme Overlord
|-start|p2a: Kingambit|fallen3|[silent]
|move|p1a: Hatterene|Draining Kiss|p2a: Kingambit
|-damage|p2a: Kingambit|52/100
|-heal|p1a: Hatterene|62/100|[from] drain|[of] p2a: Kingambit
|
|-weather|Sandstorm|[upkeep]
|-damage|p1a: Hatterene|56/100|[from] Sandstorm
|-heal|p2a: Kingambit|58/100|[from] item: Leftovers
|upkeep
|turn|21
|
|t:|1781091298
|switch|p1a: Kingambit|Kingambit, M, shiny|100/100
|-activate|p1a: Kingambit|ability: Supreme Overlord
|-start|p1a: Kingambit|fallen2|[silent]
|move|p2a: Kingambit|Iron Head|p1a: Kingambit
|-resisted|p1a: Kingambit
|-damage|p1a: Kingambit|80/100
|
|-weather|Sandstorm|[upkeep]
|-heal|p2a: Kingambit|64/100|[from] item: Leftovers
|-heal|p1a: Kingambit|86/100|[from] item: Leftovers
|upkeep
|turn|22
|
|t:|1781091307
|-end|p2a: Kingambit|fallen3|[silent]
|switch|p2a: Moltres|Moltres|22/100
|move|p1a: Kingambit|Swords Dance|p1a: Kingambit
|-boost|p1a: Kingambit|atk|2
|
|-weather|none
|-heal|p1a: Kingambit|92/100|[from] item: Leftovers
|upkeep
|turn|23
|
|t:|1781091313
|move|p2a: Moltres|Flamethrower|p1a: Kingambit
|-supereffective|p1a: Kingambit
|-damage|p1a: Kingambit|22/100
|move|p1a: Kingambit|Kowtow Cleave|p2a: Moltres
|-damage|p2a: Moltres|0 fnt
|faint|p2a: Moltres
|
|-heal|p1a: Kingambit|28/100|[from] item: Leftovers
|upkeep
|
|t:|1781091316
|switch|p2a: Latios|Latios, M|64/100
|-damage|p2a: Latios|52/100|[from] Stealth Rock
|turn|24
|
|t:|1781091324
|move|p1a: Kingambit|Sucker Punch||[still]
|-fail|p1a: Kingambit
|move|p2a: Latios|Trick|p1a: Kingambit
|-activate|p2a: Latios|move: Trick|[of] p1a: Kingambit
|-item|p1a: Kingambit|Choice Scarf|[from] move: Trick
|-item|p2a: Latios|Leftovers|[from] move: Trick
|
|-heal|p2a: Latios|58/100|[from] item: Leftovers
|upkeep
|turn|25
|
|t:|1781091331
|move|p2a: Latios|Aura Sphere|p1a: Kingambit
|-supereffective|p1a: Kingambit
|-damage|p1a: Kingambit|0 fnt
|faint|p1a: Kingambit
|-end|p1a: Kingambit|fallen2|[silent]
|
|-heal|p2a: Latios|64/100|[from] item: Leftovers
|upkeep
|
|t:|1781091338
|switch|p1a: Hatterene|Hatterene, F, shiny|56/100
|turn|26
|
|t:|1781091345
|move|p2a: Latios|Psychic Noise|p1a: Hatterene
|-resisted|p1a: Hatterene
|-damage|p1a: Hatterene|37/100
|-start|p1a: Hatterene|move: Heal Block
|cant|p1a: Hatterene|move: Heal Block|Draining Kiss
|
|-heal|p2a: Latios|70/100|[from] item: Leftovers
|upkeep
|turn|27
|
|t:|1781091354
|move|p2a: Latios|Psychic Noise|p1a: Hatterene
|-resisted|p1a: Hatterene
|-damage|p1a: Hatterene|18/100
|move|p1a: Hatterene|Mystical Fire|p2a: Latios
|-resisted|p2a: Latios
|-damage|p2a: Latios|55/100
|-unboost|p2a: Latios|spa|1
|
|-heal|p2a: Latios|61/100|[from] item: Leftovers
|-end|p1a: Hatterene|move: Heal Block
|upkeep
|turn|28
|
|t:|1781091373
|move|p2a: Latios|Psychic Noise|p1a: Hatterene
|-resisted|p1a: Hatterene
|-damage|p1a: Hatterene|6/100
|-start|p1a: Hatterene|move: Heal Block
|move|p1a: Hatterene|Mystical Fire|p2a: Latios
|-resisted|p2a: Latios
|-damage|p2a: Latios|47/100
|-unboost|p2a: Latios|spa|1
|
|-heal|p2a: Latios|53/100|[from] item: Leftovers
|upkeep
|turn|29
|
|t:|1781091384
|move|p2a: Latios|Psychic Noise|p1a: Hatterene
|-resisted|p1a: Hatterene
|-damage|p1a: Hatterene|0 fnt
|faint|p1a: Hatterene
|
|-heal|p2a: Latios|59/100|[from] item: Leftovers
|upkeep
|
|t:|1781091392
|switch|p1a: Ogerpon|Ogerpon-Wellspring, F|88/100
|turn|30
|
|t:|1781091397
|move|p2a: Latios|Psychic Noise|p1a: Ogerpon
|-damage|p1a: Ogerpon|67/100
|-start|p1a: Ogerpon|move: Heal Block
|move|p1a: Ogerpon|U-turn|p2a: Latios
|-supereffective|p2a: Latios
|-damage|p2a: Latios|0 fnt
|faint|p2a: Latios
|
|t:|1781091404
|switch|p1a: Dragonite|Dragonite, F, shiny|100/100|[from] U-turn
|
|upkeep
|
|t:|1781091406
|switch|p2a: Kingambit|Kingambit, M|64/100
|-damage|p2a: Kingambit|58/100|[from] Stealth Rock
|-activate|p2a: Kingambit|ability: Supreme Overlord
|-start|p2a: Kingambit|fallen5|[silent]
|turn|31
|
|t:|1781091411
|-terastallize|p2a: Kingambit|Flying
|move|p1a: Dragonite|Earthquake|p2a: Kingambit
|-immune|p2a: Kingambit
|move|p2a: Kingambit|Iron Head|p1a: Dragonite
|-damage|p1a: Dragonite|59/100
|
|-heal|p2a: Kingambit|64/100|[from] item: Leftovers
|upkeep
|turn|32
|
|t:|1781091419
|move|p1a: Dragonite|Ice Spinner|p2a: Kingambit
|-supereffective|p2a: Kingambit
|-damage|p2a: Kingambit|24/100
|move|p2a: Kingambit|Kowtow Cleave|p1a: Dragonite
|-damage|p1a: Dragonite|0 fnt
|faint|p1a: Dragonite
|
|-heal|p2a: Kingambit|30/100|[from] item: Leftovers
|upkeep
|
|t:|1781091425
|switch|p1a: Ogerpon|Ogerpon-Wellspring, F|67/100
|turn|33
|
|t:|1781091427
|move|p1a: Ogerpon|Ivy Cudgel|p2a: Kingambit|[anim] Ivy Cudgel Water
|-damage|p2a: Kingambit|0 fnt
|faint|p2a: Kingambit
|-end|p2a: Kingambit|fallen5|[silent]
|
|win|Mohammad
|raw|Mohammad's rating: 1564 &rarr; <strong>1587</strong><br />(+23 for winning)
|raw|waybuloo's rating: 1616 &rarr; <strong>1593</strong><br />(-23 for losing)
|l|☆waybuloo
|player|p2|
|l|☆Mohammad
|player|p1|
|l| Favorite lovestory
