|j|☆AllHailLechuguita
|j|☆yakuman
|t:|1781151865
|gametype|singles
|player|p1|AllHailLechuguita|1|1533
|player|p2|yakuman|102|1506
|gen|9
|tier|[Gen 9] OU
|rated|
|rule|HP Percentage Mod: HP is shown in percentages
|rule|Endless Battle Clause: Forcing endless battles is banned
|rule|Species Clause: Limit one of each Pokémon
|rule|OHKO Clause: OHKO moves are banned
|rule|Evasion Items Clause: Evasion items are banned
|rule|Evasion Moves Clause: Evasion moves are banned
|rule|Evasion Abilities Clause: Evasion abilities are banned
|rule|Sleep Moves Clause: Sleep-inducing moves are banned
|clearpoke
|poke|p1|Ribombee, M|
|poke|p1|Ogerpon-Wellspring, F|
|poke|p1|Great Tusk|
|poke|p1|Kingambit, F|
|poke|p1|Skeledirge, F|
|poke|p1|Gholdengo|
|poke|p2|Hatterene, F|
|poke|p2|Tornadus-Therian, M|
|poke|p2|Kyurem|
|poke|p2|Great Tusk|
|poke|p2|Deoxys-Speed|
|poke|p2|Dragonite, F|
|teampreview
|inactive|Battle timer is ON: inactive players will automatically lose when time's up. (requested by yakuman)
|
|t:|1781151875
|teamsize|p1|6
|teamsize|p2|6
|start
|switch|p1a: Ribombee|Ribombee, M, shiny|100/100
|switch|p2a: Hatterene|Hatterene, F|100/100
|turn|1
|
|t:|1781151883
|move|p1a: Ribombee|Bug Buzz|p2a: Hatterene
|-damage|p2a: Hatterene|60/100
|move|p2a: Hatterene|Nuzzle|p1a: Ribombee
|-damage|p1a: Ribombee|92/100
|
|-heal|p2a: Hatterene|66/100|[from] item: Leftovers
|upkeep
|turn|2
|
|t:|1781151888
|move|p1a: Ribombee|Moonblast|p2a: Hatterene
|-crit|p2a: Hatterene
|-damage|p2a: Hatterene|0 fnt
|faint|p2a: Hatterene
|
|upkeep
|
|t:|1781151893
|switch|p2a: Deoxys|Deoxys-Speed|100/100
|-ability|p2a: Deoxys|Pressure
|turn|3
|
|t:|1781151899
|switch|p1a: Kingambit|Kingambit, F, shiny|100/100
|move|p2a: Deoxys|Psycho Boost|p1a: Kingambit
|-immune|p1a: Kingambit
|
|upkeep
|turn|4
|
|t:|1781151903
|move|p2a: Deoxys|Nasty Plot|p2a: Deoxys
|-boost|p2a: Deoxys|spa|2
|move|p1a: Kingambit|Swords Dance|p1a: Kingambit
|-boost|p1a: Kingambit|atk|2
|
|upkeep
|turn|5
|
|t:|1781151906
|-terastallize|p2a: Deoxys|Fighting
|move|p1a: Kingambit|Sucker Punch|p2a: Deoxys
|-resisted|p2a: Deoxys
|-damage|p2a: Deoxys|48/100
|move|p2a: Deoxys|Focus Blast|p1a: Kingambit
|-supereffective|p1a: Kingambit
|-damage|p1a: Kingambit|0 fnt
|faint|p1a: Kingambit
|-end|p1a: Kingambit|fallenundefined|[silent]
|-damage|p2a: Deoxys|38/100|[from] item: Life Orb
|
|upkeep
|
|t:|1781151913
|switch|p1a: Skeledirge|Skeledirge, F|100/100
|turn|6
|
|t:|1781151916
|move|p2a: Deoxys|Psycho Boost|p1a: Skeledirge
|-damage|p1a: Skeledirge|39/100
|-unboost|p2a: Deoxys|spa|2
|-damage|p2a: Deoxys|28/100|[from] item: Life Orb
|move|p1a: Skeledirge|Torch Song|p2a: Deoxys
|-damage|p2a: Deoxys|0 fnt
|-boost|p1a: Skeledirge|spa|1
|faint|p2a: Deoxys
|
|upkeep
|
|t:|1781151930
|switch|p2a: Kyurem|Kyurem|100/100
|-ability|p2a: Kyurem|Pressure
|turn|7
|
|t:|1781151937
|switch|p1a: Gholdengo|Gholdengo|100/100
|-item|p1a: Gholdengo|Air Balloon
|move|p2a: Kyurem|Draco Meteor|p1a: Gholdengo
|-resisted|p1a: Gholdengo
|-damage|p1a: Gholdengo|45/100
|-unboost|p2a: Kyurem|spa|2
|-enditem|p1a: Gholdengo|Air Balloon
|
|upkeep
|turn|8
|
|t:|1781151954
|switch|p2a: Tornadus|Tornadus-Therian, M|100/100
|move|p1a: Gholdengo|Thunder Wave|p2a: Tornadus
|-status|p2a: Tornadus|par
|
|upkeep
|turn|9
|
|t:|1781151965
|move|p1a: Gholdengo|Hex|p2a: Tornadus
|-crit|p2a: Tornadus
|-damage|p2a: Tornadus|25/100 par
|move|p2a: Tornadus|Heat Wave|p1a: Gholdengo
|-supereffective|p1a: Gholdengo
|-damage|p1a: Gholdengo|0 fnt
|faint|p1a: Gholdengo
|
|upkeep
|
|t:|1781151968
|switch|p1a: Ribombee|Ribombee, M, shiny|92/100
|turn|10
|
|t:|1781151971
|move|p1a: Ribombee|Sticky Web|p2a: Tornadus
|-sidestart|p2: yakuman|move: Sticky Web
|move|p2a: Tornadus|Bleakwind Storm|p1a: Ribombee
|-supereffective|p1a: Ribombee
|-damage|p1a: Ribombee|0 fnt
|faint|p1a: Ribombee
|
|upkeep
|
|t:|1781151975
|switch|p1a: Ogerpon|Ogerpon-Wellspring, F|100/100
|turn|11
|
|t:|1781151976
|move|p1a: Ogerpon|Ivy Cudgel|p2a: Tornadus|[anim] Ivy Cudgel Water
|-crit|p2a: Tornadus
|-damage|p2a: Tornadus|0 fnt
|faint|p2a: Tornadus
|
|upkeep
|
|t:|1781151981
|switch|p2a: Kyurem|Kyurem|100/100
|-activate|p2a: Kyurem|move: Sticky Web
|-unboost|p2a: Kyurem|spe|1
|-ability|p2a: Kyurem|Pressure
|turn|12
|
|t:|1781151995
|switch|p1a: Skeledirge|Skeledirge, F|39/100
|move|p2a: Kyurem|Freeze-Dry|p1a: Skeledirge
|-resisted|p1a: Skeledirge
|-damage|p1a: Skeledirge|17/100
|-status|p1a: Skeledirge|frz
|
|upkeep
|turn|13
|
|t:|1781151998
|move|p2a: Kyurem|Freeze-Dry|p1a: Skeledirge
|-resisted|p1a: Skeledirge
|-damage|p1a: Skeledirge|0 fnt
|faint|p1a: Skeledirge
|
|upkeep
|
|t:|1781152000
|switch|p1a: Great Tusk|Great Tusk, shiny|100/100
|turn|14
|
|t:|1781152004
|switch|p2a: Great Tusk|Great Tusk|100/100
|-terastallize|p1a: Great Tusk|Fire
|move|p1a: Great Tusk|Rapid Spin|p2a: Great Tusk
|-damage|p2a: Great Tusk|89/100
|-boost|p1a: Great Tusk|spe|1
|
|upkeep
|turn|15
|
|t:|1781152006
|move|p1a: Great Tusk|Bulk Up|p1a: Great Tusk
|-boost|p1a: Great Tusk|atk|1
|-boost|p1a: Great Tusk|def|1
|move|p2a: Great Tusk|Headlong Rush|p1a: Great Tusk
|-supereffective|p1a: Great Tusk
|-damage|p1a: Great Tusk|45/100
|-unboost|p2a: Great Tusk|def|1
|-unboost|p2a: Great Tusk|spd|1
|
|-heal|p1a: Great Tusk|51/100|[from] item: Leftovers
|upkeep
|turn|16
|
|t:|1781152011
|move|p1a: Great Tusk|Ice Spinner|p2a: Great Tusk
|-supereffective|p2a: Great Tusk
|-damage|p2a: Great Tusk|10/100
|move|p2a: Great Tusk|Headlong Rush|p1a: Great Tusk
|-supereffective|p1a: Great Tusk
|-damage|p1a: Great Tusk|0 fnt
|-unboost|p2a: Great Tusk|def|1
|-unboost|p2a: Great Tusk|spd|1
|faint|p1a: Great Tusk
|-end|p1a: Great Tusk|Protosynthesis|[silent]
|
|upkeep
|
|t:|1781152014
|switch|p1a: Ogerpon|Ogerpon-Wellspring, F|100/100
|turn|17
|
|t:|1781152017
|-end|p2a: Great Tusk|Protosynthesis|[silent]
|switch|p2a: Dragonite|Dragonite, F|100/100
|move|p1a: Ogerpon|Swords Dance|p1a: Ogerpon
|-boost|p1a: Ogerpon|atk|2
|
|upkeep
|turn|18
|
|t:|1781152023
|move|p1a: Ogerpon|Swords Dance|p1a: Ogerpon
|-boost|p1a: Ogerpon|atk|2
|move|p2a: Dragonite|Dragon Dance|p2a: Dragonite
|-boost|p2a: Dragonite|atk|1
|-boost|p2a: Dragonite|spe|1
|
|upkeep
|turn|19
|
|t:|1781152026
|move|p2a: Dragonite|Extreme Speed|p1a: Ogerpon
|-damage|p1a: Ogerpon|39/100
|move|p1a: Ogerpon|Encore|p2a: Dragonite
|-start|p2a: Dragonite|Encore
|
|upkeep
|turn|20
|
|t:|1781152028
|move|p2a: Dragonite|Extreme Speed|p1a: Ogerpon
|-damage|p1a: Ogerpon|0 fnt
|faint|p1a: Ogerpon
|
|win|yakuman
|raw|AllHailLechuguita's rating: 1533 &rarr; <strong>1511</strong><br />(-22 for losing)
|raw|yakuman's rating: 1506 &rarr; <strong>1528</strong><br />(+22 for winning)
|l|☆AllHailLechuguita
|player|p1|
|l|☆yakuman
|player|p2|
