|j|‽Wildkyu
|j|☆KurisuChestnutLab
|t:|1781178073
|gametype|singles
|player|p1|Wildkyu|101|1509
|player|p2|KurisuChestnutLab|may-contest|1601
|gen|9
|tier|[Gen 9] OU
|rated|
|rule|HP Percentage Mod: HP is shown in percentages
|rule|Endless Battle Clause: Forcing endless battles is banned
|rule|Species Clause: Limit one of each Pokémon
|rule|OHKO Clause: OHKO moves are banned
|rule|Evasion Items Clause: Evasion items are banned
|rule|Evasion Moves Clause: Evasion moves are banned
|rule|Evasion Abilities Clause: Evasion abilities are banned
|rule|Sleep Moves Clause: Sleep-inducing moves are banned
|clearpoke
|poke|p1|Ditto|
|poke|p1|Hoopa-Unbound|
|poke|p1|Alomomola, F|
|poke|p1|Weezing-Galar, F|
|poke|p1|Corviknight, F|
|poke|p1|Gliscor, F|
|poke|p2|Primarina, M|
|poke|p2|Hippowdon, M|
|poke|p2|Skarmory, F|
|poke|p2|Zapdos|
|poke|p2|Dragonite, F|
|poke|p2|Slowking, F|
|teampreview
|inactive|Battle timer is ON: inactive players will automatically lose when time's up. (requested by Wildkyu)
|inactive|KurisuChestnutLab also wants the timer to be on.
|
|t:|1781178090
|teamsize|p1|6
|teamsize|p2|6
|start
|switch|p1a: Weezing|Weezing-Galar, F|100/100
|switch|p2a: Primarina|Primarina, M|100/100
|-ability|p1a: Weezing|Neutralizing Gas
|turn|1
|
|t:|1781178105
|-end|p1a: Weezing|ability: Neutralizing Gas
|switch|p1a: Alomomola|Alomomola, F|100/100
|move|p2a: Primarina|Surf|p1a: Alomomola
|-resisted|p1a: Alomomola
|-damage|p1a: Alomomola|89/100
|
|upkeep
|turn|2
|
|t:|1781178112
|switch|p2a: Hippowdon|Hippowdon, M|100/100
|-weather|Sandstorm|[from] ability: Sand Stream|[of] p2a: Hippowdon
|move|p1a: Alomomola|Flip Turn|p2a: Hippowdon
|-supereffective|p2a: Hippowdon
|-damage|p2a: Hippowdon|81/100
|
|t:|1781178116
|switch|p1a: Weezing|Weezing-Galar, F|100/100|[from] Flip Turn
|-ability|p1a: Weezing|Neutralizing Gas
|
|-weather|Sandstorm|[upkeep]
|-damage|p1a: Weezing|95/100|[from] Sandstorm
|-heal|p1a: Weezing|100/100|[from] item: Leftovers
|-heal|p2a: Hippowdon|88/100|[from] item: Leftovers
|upkeep
|turn|3
|
|t:|1781178120
|move|p1a: Weezing|Will-O-Wisp|p2a: Hippowdon
|-status|p2a: Hippowdon|brn
|move|p2a: Hippowdon|Stealth Rock|p1a: Weezing
|-sidestart|p1: Wildkyu|move: Stealth Rock
|
|-weather|Sandstorm|[upkeep]
|-damage|p1a: Weezing|95/100|[from] Sandstorm
|-heal|p1a: Weezing|100/100|[from] item: Leftovers
|-heal|p2a: Hippowdon|94/100 brn|[from] item: Leftovers
|-damage|p2a: Hippowdon|88/100 brn|[from] brn
|upkeep
|turn|4
|
|t:|1781178124
|move|p1a: Weezing|Will-O-Wisp|p2a: Hippowdon
|-fail|p2a: Hippowdon|brn
|move|p2a: Hippowdon|Earthquake|p1a: Weezing
|-supereffective|p1a: Weezing
|-damage|p1a: Weezing|71/100
|
|-weather|Sandstorm|[upkeep]
|-damage|p1a: Weezing|65/100|[from] Sandstorm
|-heal|p1a: Weezing|71/100|[from] item: Leftovers
|-heal|p2a: Hippowdon|94/100 brn|[from] item: Leftovers
|-damage|p2a: Hippowdon|88/100 brn|[from] brn
|upkeep
|turn|5
|
|t:|1781178129
|move|p1a: Weezing|Will-O-Wisp|p2a: Hippowdon|[miss]
|-miss|p1a: Weezing|p2a: Hippowdon
|move|p2a: Hippowdon|Earthquake|p1a: Weezing
|-supereffective|p1a: Weezing
|-damage|p1a: Weezing|40/100
|
|-weather|Sandstorm|[upkeep]
|-damage|p1a: Weezing|34/100|[from] Sandstorm
|-heal|p1a: Weezing|40/100|[from] item: Leftovers
|-heal|p2a: Hippowdon|94/100 brn|[from] item: Leftovers
|-damage|p2a: Hippowdon|88/100 brn|[from] brn
|upkeep
|turn|6
|
|t:|1781178137
|move|p1a: Weezing|Defog|p2a: Hippowdon
|-unboost|p2a: Hippowdon|evasion|1
|-sideend|p1: Wildkyu|Stealth Rock|[from] move: Defog|[of] p1a: Weezing
|move|p2a: Hippowdon|Slack Off|p2a: Hippowdon
|-heal|p2a: Hippowdon|100/100 brn
|
|-weather|none
|-heal|p1a: Weezing|46/100|[from] item: Leftovers
|-damage|p2a: Hippowdon|94/100 brn|[from] brn
|upkeep
|turn|7
|
|t:|1781178144
|move|p1a: Weezing|Pain Split|p2a: Hippowdon
|-sethp|p2a: Hippowdon|65/100 brn|[from] move: Pain Split|[silent]
|-sethp|p1a: Weezing|82/100|[from] move: Pain Split
|move|p2a: Hippowdon|Earthquake|p1a: Weezing
|-supereffective|p1a: Weezing
|-damage|p1a: Weezing|52/100
|
|-heal|p1a: Weezing|58/100|[from] item: Leftovers
|-heal|p2a: Hippowdon|71/100 brn|[from] item: Leftovers
|-damage|p2a: Hippowdon|65/100 brn|[from] brn
|upkeep
|turn|8
|
|t:|1781178150
|move|p1a: Weezing|Pain Split|p2a: Hippowdon
|-sethp|p2a: Hippowdon|56/100 brn|[from] move: Pain Split|[silent]
|-sethp|p1a: Weezing|70/100|[from] move: Pain Split
|move|p2a: Hippowdon|Slack Off|p2a: Hippowdon
|-heal|p2a: Hippowdon|100/100 brn
|
|-heal|p1a: Weezing|76/100|[from] item: Leftovers
|-damage|p2a: Hippowdon|94/100 brn|[from] brn
|upkeep
|turn|9
|
|t:|1781178159
|-end|p1a: Weezing|ability: Neutralizing Gas
|-weather|Sandstorm|[from] ability: Sand Stream|[of] p2a: Hippowdon
|switch|p1a: Corviknight|Corviknight, F|100/100
|-ability|p1a: Corviknight|Pressure
|move|p2a: Hippowdon|Stealth Rock|p1a: Corviknight
|-sidestart|p1: Wildkyu|move: Stealth Rock
|
|-weather|Sandstorm|[upkeep]
|-heal|p2a: Hippowdon|100/100 brn|[from] item: Leftovers
|-damage|p2a: Hippowdon|94/100 brn|[from] brn
|upkeep
|turn|10
|
|t:|1781178163
|switch|p2a: Skarmory|Skarmory, F|100/100
|move|p1a: Corviknight|Defog|p2a: Skarmory
|-unboost|p2a: Skarmory|evasion|1
|-sideend|p1: Wildkyu|Stealth Rock|[from] move: Defog|[of] p1a: Corviknight
|
|-weather|Sandstorm|[upkeep]
|upkeep
|turn|11
|
|t:|1781178167
|switch|p1a: Weezing|Weezing-Galar, F|76/100
|-ability|p1a: Weezing|Neutralizing Gas
|move|p2a: Skarmory|Spikes|p1a: Weezing
|-sidestart|p1: Wildkyu|Spikes
|
|-weather|Sandstorm|[upkeep]
|-damage|p1a: Weezing|70/100|[from] Sandstorm
|-heal|p1a: Weezing|76/100|[from] item: Leftovers
|upkeep
|turn|12
|
|t:|1781178171
|move|p1a: Weezing|Defog|p2a: Skarmory
|-unboost|p2a: Skarmory|evasion|1
|-sideend|p1: Wildkyu|Spikes|[from] move: Defog|[of] p1a: Weezing
|move|p2a: Skarmory|Iron Head|p1a: Weezing
|-supereffective|p1a: Weezing
|-damage|p1a: Weezing|43/100
|
|-weather|Sandstorm|[upkeep]
|-damage|p1a: Weezing|37/100|[from] Sandstorm
|-heal|p1a: Weezing|43/100|[from] item: Leftovers
|upkeep
|turn|13
|
|t:|1781178179
|move|p1a: Weezing|Will-O-Wisp|p2a: Skarmory
|-status|p2a: Skarmory|brn
|move|p2a: Skarmory|Spikes|p1a: Weezing
|-sidestart|p1: Wildkyu|Spikes
|
|-weather|none
|-heal|p1a: Weezing|49/100|[from] item: Leftovers
|-damage|p2a: Skarmory|95/100 brn|[from] brn
|upkeep
|turn|14
|
|t:|1781178186
|switch|p2a: Primarina|Primarina, M|100/100
|move|p1a: Weezing|Pain Split|p2a: Primarina
|-sethp|p2a: Primarina|73/100|[from] move: Pain Split|[silent]
|-sethp|p1a: Weezing|79/100|[from] move: Pain Split
|
|-heal|p1a: Weezing|85/100|[from] item: Leftovers
|upkeep
|turn|15
|
|t:|1781178191
|move|p1a: Weezing|Sludge Bomb|p2a: Primarina
|-supereffective|p2a: Primarina
|-crit|p2a: Primarina
|-damage|p2a: Primarina|26/100
|move|p2a: Primarina|Moonblast|p1a: Weezing
|-resisted|p1a: Weezing
|-damage|p1a: Weezing|48/100
|
|-heal|p1a: Weezing|54/100|[from] item: Leftovers
|upkeep
|turn|16
|
|t:|1781178198
|-terastallize|p2a: Primarina|Poison
|move|p1a: Weezing|Sludge Bomb|p2a: Primarina
|-resisted|p2a: Primarina
|-damage|p2a: Primarina|19/100
|move|p2a: Primarina|Surf|p1a: Weezing
|-damage|p1a: Weezing|0 fnt
|faint|p1a: Weezing
|-end|p1a: Weezing|ability: Neutralizing Gas
|
|upkeep
|
|t:|1781178203
|switch|p1a: Hoopa|Hoopa-Unbound|100/100
|-damage|p1a: Hoopa|88/100|[from] Spikes
|turn|17
|
|t:|1781178208
|switch|p2a: Slowking|Slowking, F|100/100
|-terastallize|p1a: Hoopa|Dark
|move|p1a: Hoopa|Knock Off|p2a: Slowking
|-supereffective|p2a: Slowking
|-damage|p2a: Slowking|0 fnt
|-enditem|p2a: Slowking|Heavy-Duty Boots|[from] move: Knock Off|[of] p1a: Hoopa
|faint|p2a: Slowking
|
|upkeep
|
|t:|1781178212
|switch|p2a: Hippowdon|Hippowdon, M|94/100 brn
|-weather|Sandstorm|[from] ability: Sand Stream|[of] p2a: Hippowdon
|turn|18
|
|t:|1781178217
|switch|p1a: Corviknight|Corviknight, F|100/100
|-ability|p1a: Corviknight|Pressure
|move|p2a: Hippowdon|Stealth Rock|p1a: Corviknight
|-sidestart|p1: Wildkyu|move: Stealth Rock
|
|-weather|Sandstorm|[upkeep]
|-heal|p2a: Hippowdon|100/100 brn|[from] item: Leftovers
|-damage|p2a: Hippowdon|94/100 brn|[from] brn
|upkeep
|turn|19
|
|t:|1781178221
|move|p1a: Corviknight|Defog|p2a: Hippowdon
|-unboost|p2a: Hippowdon|evasion|1
|-sideend|p1: Wildkyu|Spikes|[from] move: Defog|[of] p1a: Corviknight
|-sideend|p1: Wildkyu|Stealth Rock|[from] move: Defog|[of] p1a: Corviknight
|move|p2a: Hippowdon|Stealth Rock|p1a: Corviknight
|-sidestart|p1: Wildkyu|move: Stealth Rock
|
|-weather|Sandstorm|[upkeep]
|-heal|p2a: Hippowdon|100/100 brn|[from] item: Leftovers
|-damage|p2a: Hippowdon|94/100 brn|[from] brn
|upkeep
|turn|20
|
|t:|1781178227
|move|p1a: Corviknight|Defog|p2a: Hippowdon
|-unboost|p2a: Hippowdon|evasion|1
|-sideend|p1: Wildkyu|Stealth Rock|[from] move: Defog|[of] p1a: Corviknight
|move|p2a: Hippowdon|Slack Off|p2a: Hippowdon
|-heal|p2a: Hippowdon|100/100 brn
|
|-weather|Sandstorm|[upkeep]
|-damage|p2a: Hippowdon|94/100 brn|[from] brn
|upkeep
|turn|21
|
|t:|1781178230
|move|p1a: Corviknight|Body Press|p2a: Hippowdon
|-damage|p2a: Hippowdon|81/100 brn
|move|p2a: Hippowdon|Stealth Rock|p1a: Corviknight
|-sidestart|p1: Wildkyu|move: Stealth Rock
|
|-weather|Sandstorm|[upkeep]
|-heal|p2a: Hippowdon|87/100 brn|[from] item: Leftovers
|-damage|p2a: Hippowdon|81/100 brn|[from] brn
|upkeep
|turn|22
|
|t:|1781178234
|move|p1a: Corviknight|Defog|p2a: Hippowdon
|-unboost|p2a: Hippowdon|evasion|1
|-sideend|p1: Wildkyu|Stealth Rock|[from] move: Defog|[of] p1a: Corviknight
|move|p2a: Hippowdon|Stealth Rock|p1a: Corviknight
|-sidestart|p1: Wildkyu|move: Stealth Rock
|
|-weather|none
|-heal|p2a: Hippowdon|87/100 brn|[from] item: Leftovers
|-damage|p2a: Hippowdon|81/100 brn|[from] brn
|upkeep
|turn|23
|
|t:|1781178240
|move|p1a: Corviknight|Defog|p2a: Hippowdon
|-unboost|p2a: Hippowdon|evasion|1
|-sideend|p1: Wildkyu|Stealth Rock|[from] move: Defog|[of] p1a: Corviknight
|move|p2a: Hippowdon|Stealth Rock|p1a: Corviknight
|-sidestart|p1: Wildkyu|move: Stealth Rock
|
|-heal|p2a: Hippowdon|87/100 brn|[from] item: Leftovers
|-damage|p2a: Hippowdon|81/100 brn|[from] brn
|upkeep
|turn|24
|
|t:|1781178248
|move|p1a: Corviknight|Defog|p2a: Hippowdon
|-unboost|p2a: Hippowdon|evasion|1
|-sideend|p1: Wildkyu|Stealth Rock|[from] move: Defog|[of] p1a: Corviknight
|move|p2a: Hippowdon|Slack Off|p2a: Hippowdon
|-heal|p2a: Hippowdon|100/100 brn
|
|-damage|p2a: Hippowdon|94/100 brn|[from] brn
|upkeep
|turn|25
|
|t:|1781178251
|move|p1a: Corviknight|Iron Defense|p1a: Corviknight
|-boost|p1a: Corviknight|def|2
|move|p2a: Hippowdon|Stealth Rock|p1a: Corviknight
|-sidestart|p1: Wildkyu|move: Stealth Rock
|
|-heal|p2a: Hippowdon|100/100 brn|[from] item: Leftovers
|-damage|p2a: Hippowdon|94/100 brn|[from] brn
|upkeep
|turn|26
|
|t:|1781178256
|move|p1a: Corviknight|Defog|p2a: Hippowdon
|-unboost|p2a: Hippowdon|evasion|1
|-sideend|p1: Wildkyu|Stealth Rock|[from] move: Defog|[of] p1a: Corviknight
|move|p2a: Hippowdon|Slack Off|p2a: Hippowdon
|-heal|p2a: Hippowdon|100/100 brn
|
|-damage|p2a: Hippowdon|94/100 brn|[from] brn
|upkeep
|turn|27
|
|t:|1781178259
|move|p1a: Corviknight|Body Press|p2a: Hippowdon
|-damage|p2a: Hippowdon|69/100 brn
|move|p2a: Hippowdon|Stealth Rock|p1a: Corviknight
|-sidestart|p1: Wildkyu|move: Stealth Rock
|
|-heal|p2a: Hippowdon|75/100 brn|[from] item: Leftovers
|-damage|p2a: Hippowdon|69/100 brn|[from] brn
|upkeep
|turn|28
|
|t:|1781178263
|move|p1a: Corviknight|Defog|p2a: Hippowdon
|-unboost|p2a: Hippowdon|evasion|0
|-sideend|p1: Wildkyu|Stealth Rock|[from] move: Defog|[of] p1a: Corviknight
|move|p2a: Hippowdon|Slack Off|p2a: Hippowdon
|-heal|p2a: Hippowdon|100/100 brn
|
|-damage|p2a: Hippowdon|94/100 brn|[from] brn
|upkeep
|turn|29
|
|t:|1781178267
|move|p1a: Corviknight|Iron Defense|p1a: Corviknight
|-boost|p1a: Corviknight|def|2
|move|p2a: Hippowdon|Stealth Rock|p1a: Corviknight
|-sidestart|p1: Wildkyu|move: Stealth Rock
|
|-heal|p2a: Hippowdon|100/100 brn|[from] item: Leftovers
|-damage|p2a: Hippowdon|94/100 brn|[from] brn
|upkeep
|turn|30
|
|t:|1781178272
|move|p1a: Corviknight|Defog|p2a: Hippowdon
|-unboost|p2a: Hippowdon|evasion|0
|-sideend|p1: Wildkyu|Stealth Rock|[from] move: Defog|[of] p1a: Corviknight
|move|p2a: Hippowdon|Stealth Rock|p1a: Corviknight
|-sidestart|p1: Wildkyu|move: Stealth Rock
|
|-heal|p2a: Hippowdon|100/100 brn|[from] item: Leftovers
|-damage|p2a: Hippowdon|94/100 brn|[from] brn
|upkeep
|turn|31
|
|t:|1781178276
|move|p1a: Corviknight|Body Press|p2a: Hippowdon
|-crit|p2a: Hippowdon
|-damage|p2a: Hippowdon|33/100 brn
|move|p2a: Hippowdon|Stealth Rock||[still]
|-fail|p2a: Hippowdon
|
|-heal|p2a: Hippowdon|40/100 brn|[from] item: Leftovers
|-damage|p2a: Hippowdon|33/100 brn|[from] brn
|upkeep
|turn|32
|
|t:|1781178280
|switch|p2a: Zapdos|Zapdos|100/100
|move|p1a: Corviknight|Body Press|p2a: Zapdos
|-resisted|p2a: Zapdos
|-damage|p2a: Zapdos|75/100
|
|upkeep
|turn|33
|
|t:|1781178286
|move|p2a: Zapdos|Volt Switch|p1a: Corviknight
|-supereffective|p1a: Corviknight
|-damage|p1a: Corviknight|46/100
|
|t:|1781178290
|switch|p2a: Primarina|Primarina, M, tera:Poison|19/100|[from] Volt Switch
|move|p1a: Corviknight|Defog|p2a: Primarina
|-unboost|p2a: Primarina|evasion|1
|-sideend|p1: Wildkyu|Stealth Rock|[from] move: Defog|[of] p1a: Corviknight
|
|upkeep
|turn|34
|
|t:|1781178295
|move|p1a: Corviknight|Body Press|p2a: Primarina
|-resisted|p2a: Primarina
|-damage|p2a: Primarina|0 fnt
|faint|p2a: Primarina
|
|upkeep
|
|t:|1781178300
|switch|p2a: Zapdos|Zapdos|75/100
|turn|35
|
|t:|1781178307
|switch|p2a: Hippowdon|Hippowdon, M|33/100 brn
|-weather|Sandstorm|[from] ability: Sand Stream|[of] p2a: Hippowdon
|switch|p1a: Gliscor|Gliscor, F|100/100
|
|-weather|Sandstorm|[upkeep]
|-heal|p2a: Hippowdon|40/100 brn|[from] item: Leftovers
|-damage|p2a: Hippowdon|33/100 brn|[from] brn
|-status|p1a: Gliscor|tox|[from] item: Toxic Orb
|upkeep
|turn|36
|
|t:|1781178312
|switch|p1a: Corviknight|Corviknight, F|46/100
|-ability|p1a: Corviknight|Pressure
|move|p2a: Hippowdon|Slack Off|p2a: Hippowdon
|-heal|p2a: Hippowdon|83/100 brn
|
|-weather|Sandstorm|[upkeep]
|-heal|p2a: Hippowdon|90/100 brn|[from] item: Leftovers
|-damage|p2a: Hippowdon|83/100 brn|[from] brn
|upkeep
|turn|37
|
|t:|1781178315
|move|p1a: Corviknight|Roost|p1a: Corviknight
|-heal|p1a: Corviknight|96/100
|-singleturn|p1a: Corviknight|move: Roost
|move|p2a: Hippowdon|Stealth Rock|p1a: Corviknight
|-sidestart|p1: Wildkyu|move: Stealth Rock
|
|-weather|Sandstorm|[upkeep]
|-heal|p2a: Hippowdon|90/100 brn|[from] item: Leftovers
|-damage|p2a: Hippowdon|83/100 brn|[from] brn
|upkeep
|turn|38
|
|t:|1781178320
|move|p1a: Corviknight|Defog|p2a: Hippowdon
|-unboost|p2a: Hippowdon|evasion|1
|-sideend|p1: Wildkyu|Stealth Rock|[from] move: Defog|[of] p1a: Corviknight
|move|p2a: Hippowdon|Stealth Rock|p1a: Corviknight
|-sidestart|p1: Wildkyu|move: Stealth Rock
|
|-weather|Sandstorm|[upkeep]
|-heal|p2a: Hippowdon|90/100 brn|[from] item: Leftovers
|-damage|p2a: Hippowdon|83/100 brn|[from] brn
|upkeep
|turn|39
|
|t:|1781178326
|move|p1a: Corviknight|Defog|p2a: Hippowdon
|-unboost|p2a: Hippowdon|evasion|1
|-sideend|p1: Wildkyu|Stealth Rock|[from] move: Defog|[of] p1a: Corviknight
|move|p2a: Hippowdon|Slack Off|p2a: Hippowdon
|-heal|p2a: Hippowdon|100/100 brn
|
|-weather|none
|-damage|p2a: Hippowdon|94/100 brn|[from] brn
|upkeep
|turn|40
|
|t:|1781178330
|move|p1a: Corviknight|Iron Defense|p1a: Corviknight
|-boost|p1a: Corviknight|def|2
|move|p2a: Hippowdon|Stealth Rock|p1a: Corviknight
|-sidestart|p1: Wildkyu|move: Stealth Rock
|
|-heal|p2a: Hippowdon|100/100 brn|[from] item: Leftovers
|-damage|p2a: Hippowdon|94/100 brn|[from] brn
|upkeep
|turn|41
|
|t:|1781178336
|move|p1a: Corviknight|Defog|p2a: Hippowdon
|-unboost|p2a: Hippowdon|evasion|1
|-sideend|p1: Wildkyu|Stealth Rock|[from] move: Defog|[of] p1a: Corviknight
|move|p2a: Hippowdon|Whirlwind|p1a: Corviknight
|drag|p1a: Alomomola|Alomomola, F|100/100
|
|-heal|p2a: Hippowdon|100/100 brn|[from] item: Leftovers
|-damage|p2a: Hippowdon|94/100 brn|[from] brn
|upkeep
|turn|42
|
|t:|1781178357
|move|p2a: Hippowdon|Stealth Rock|p1a: Alomomola
|-sidestart|p1: Wildkyu|move: Stealth Rock
|move|p1a: Alomomola|Flip Turn|p2a: Hippowdon
|-supereffective|p2a: Hippowdon
|-damage|p2a: Hippowdon|78/100 brn
|
|t:|1781178359
|switch|p1a: Corviknight|Corviknight, F|96/100|[from] Flip Turn
|-damage|p1a: Corviknight|84/100|[from] Stealth Rock
|-ability|p1a: Corviknight|Pressure
|
|-heal|p2a: Hippowdon|84/100 brn|[from] item: Leftovers
|-damage|p2a: Hippowdon|78/100 brn|[from] brn
|upkeep
|turn|43
|
|t:|1781178365
|switch|p2a: Dragonite|Dragonite, F|100/100
|move|p1a: Corviknight|Defog|p2a: Dragonite
|-unboost|p2a: Dragonite|evasion|1
|-sideend|p1: Wildkyu|Stealth Rock|[from] move: Defog|[of] p1a: Corviknight
|
|upkeep
|turn|44
|
|t:|1781178371
|switch|p1a: Alomomola|Alomomola, F|100/100
|move|p2a: Dragonite|Dragon Dance|p2a: Dragonite
|-boost|p2a: Dragonite|atk|1
|-boost|p2a: Dragonite|spe|1
|
|upkeep
|turn|45
|
|t:|1781178376
|move|p2a: Dragonite|Dragon Dance|p2a: Dragonite
|-boost|p2a: Dragonite|atk|1
|-boost|p2a: Dragonite|spe|1
|move|p1a: Alomomola|Body Slam|p2a: Dragonite
|-damage|p2a: Dragonite|92/100
|-status|p2a: Dragonite|par
|
|upkeep
|turn|46
|
|t:|1781178380
|cant|p2a: Dragonite|par
|move|p1a: Alomomola|Scald|p2a: Dragonite
|-resisted|p2a: Dragonite
|-damage|p2a: Dragonite|85/100 par
|
|upkeep
|turn|47
|
|t:|1781178384
|cant|p2a: Dragonite|par
|move|p1a: Alomomola|Flip Turn|p2a: Dragonite
|-resisted|p2a: Dragonite
|-damage|p2a: Dragonite|76/100 par
|
|t:|1781178386
|switch|p1a: Gliscor|Gliscor, F|100/100 tox|[from] Flip Turn
|
|upkeep
|turn|48
|
|t:|1781178393
|move|p2a: Dragonite|Dragon Dance|p2a: Dragonite
|-boost|p2a: Dragonite|atk|1
|-boost|p2a: Dragonite|spe|1
|move|p1a: Gliscor|Spikes|p2a: Dragonite
|-sidestart|p2: KurisuChestnutLab|Spikes
|
|upkeep
|turn|49
|
|t:|1781178400
|move|p2a: Dragonite|Roost|p2a: Dragonite
|-heal|p2a: Dragonite|100/100 par
|-singleturn|p2a: Dragonite|move: Roost
|move|p1a: Gliscor|Spikes|p2a: Dragonite
|-sidestart|p2: KurisuChestnutLab|Spikes
|
|upkeep
|turn|50
|
|t:|1781178405
|switch|p1a: Alomomola|Alomomola, F|100/100
|cant|p2a: Dragonite|par
|
|upkeep
|turn|51
|
|t:|1781178408
|move|p2a: Dragonite|Dragon Dance|p2a: Dragonite
|-boost|p2a: Dragonite|atk|1
|-boost|p2a: Dragonite|spe|1
|move|p1a: Alomomola|Flip Turn|p2a: Dragonite
|-resisted|p2a: Dragonite
|-damage|p2a: Dragonite|96/100 par
|
|t:|1781178410
|switch|p1a: Ditto|Ditto|100/100|[from] Flip Turn
|-transform|p1a: Ditto|p2a: Dragonite|[from] ability: Imposter
|
|upkeep
|turn|52
|
|t:|1781178415
|move|p1a: Ditto|Extreme Speed|p2a: Dragonite
|-damage|p2a: Dragonite|0 fnt
|faint|p2a: Dragonite
|
|upkeep
|
|t:|1781178418
|switch|p2a: Hippowdon|Hippowdon, M|78/100 brn
|-damage|p2a: Hippowdon|61/100 brn|[from] Spikes
|-weather|Sandstorm|[from] ability: Sand Stream|[of] p2a: Hippowdon
|turn|53
|
|t:|1781178426
|move|p1a: Ditto|Extreme Speed|p2a: Hippowdon
|-damage|p2a: Hippowdon|10/100 brn
|move|p2a: Hippowdon|Stealth Rock|p1a: Ditto
|-sidestart|p1: Wildkyu|move: Stealth Rock
|
|-weather|Sandstorm|[upkeep]
|-damage|p1a: Ditto|94/100|[from] Sandstorm
|-heal|p2a: Hippowdon|16/100 brn|[from] item: Leftovers
|-damage|p2a: Hippowdon|10/100 brn|[from] brn
|upkeep
|turn|54
|
|t:|1781178432
|move|p1a: Ditto|Extreme Speed|p2a: Hippowdon
|-damage|p2a: Hippowdon|0 fnt
|faint|p2a: Hippowdon
|
|-weather|Sandstorm|[upkeep]
|-damage|p1a: Ditto|88/100|[from] Sandstorm
|upkeep
|
|t:|1781178438
|switch|p2a: Zapdos|Zapdos|75/100
|turn|55
|l|‽Wildkyu
|inactive|Wildkyu disconnected and has a minute to reconnect!
|player|p1|
|inactive|Wildkyu has 30 seconds to reconnect!
|j|‽Wildkyu
|inactive|Wildkyu reconnected and has 115 seconds left.
|player|p1|Wildkyu|101|
|n|‽Wildkyu|wildkyu
|n|‽Wildkyu|wildkyu
|
|t:|1781178478
|move|p1a: Ditto|Extreme Speed|p2a: Zapdos
|-damage|p2a: Zapdos|5/100
|move|p2a: Zapdos|Hurricane|p1a: Ditto
|-damage|p1a: Ditto|38/100
|
|-weather|Sandstorm|[upkeep]
|-damage|p1a: Ditto|32/100|[from] Sandstorm
|-damage|p2a: Zapdos|0 fnt|[from] Sandstorm
|faint|p2a: Zapdos
|upkeep
|
|t:|1781178482
|switch|p2a: Skarmory|Skarmory, F|95/100 brn
|turn|56
|inactive|Wildkyu has 120 seconds left.
|
|t:|1781178489
|switch|p1a: Corviknight|Corviknight, F|84/100
|-damage|p1a: Corviknight|71/100|[from] Stealth Rock
|-ability|p1a: Corviknight|Pressure
|move|p2a: Skarmory|Body Press|p1a: Corviknight
|-damage|p1a: Corviknight|60/100
|-damage|p2a: Skarmory|78/100 brn|[from] item: Rocky Helmet|[of] p1a: Corviknight
|
|-weather|Sandstorm|[upkeep]
|-heal|p2a: Skarmory|84/100 brn|[from] item: Leftovers
|-damage|p2a: Skarmory|78/100 brn|[from] brn
|upkeep
|turn|57
|
|t:|1781178492
|move|p1a: Corviknight|Defog|p2a: Skarmory
|-unboost|p2a: Skarmory|evasion|1
|-sideend|p2: KurisuChestnutLab|Spikes|[from] move: Defog|[of] p1a: Corviknight
|-sideend|p1: Wildkyu|Stealth Rock|[from] move: Defog|[of] p1a: Corviknight
|move|p2a: Skarmory|Iron Head|p1a: Corviknight
|-resisted|p1a: Corviknight
|-damage|p1a: Corviknight|56/100
|-damage|p2a: Skarmory|62/100 brn|[from] item: Rocky Helmet|[of] p1a: Corviknight
|
|-weather|none
|-heal|p2a: Skarmory|68/100 brn|[from] item: Leftovers
|-damage|p2a: Skarmory|62/100 brn|[from] brn
|upkeep
|turn|58
|
|t:|1781178495
|move|p1a: Corviknight|Iron Defense|p1a: Corviknight
|-boost|p1a: Corviknight|def|2
|move|p2a: Skarmory|Spikes|p1a: Corviknight
|-sidestart|p1: Wildkyu|Spikes
|
|-heal|p2a: Skarmory|68/100 brn|[from] item: Leftovers
|-damage|p2a: Skarmory|62/100 brn|[from] brn
|upkeep
|turn|59
|
|t:|1781178499
|move|p1a: Corviknight|Iron Defense|p1a: Corviknight
|-boost|p1a: Corviknight|def|2
|move|p2a: Skarmory|Body Press|p1a: Corviknight
|-crit|p1a: Corviknight
|-damage|p1a: Corviknight|41/100
|-damage|p2a: Skarmory|45/100 brn|[from] item: Rocky Helmet|[of] p1a: Corviknight
|
|-heal|p2a: Skarmory|51/100 brn|[from] item: Leftovers
|-damage|p2a: Skarmory|45/100 brn|[from] brn
|upkeep
|turn|60
|
|t:|1781178506
|move|p1a: Corviknight|Roost|p1a: Corviknight
|-heal|p1a: Corviknight|91/100
|-singleturn|p1a: Corviknight|move: Roost
|move|p2a: Skarmory|Roost|p2a: Skarmory
|-heal|p2a: Skarmory|95/100 brn
|-singleturn|p2a: Skarmory|move: Roost
|
|-heal|p2a: Skarmory|100/100 brn|[from] item: Leftovers
|-damage|p2a: Skarmory|95/100 brn|[from] brn
|upkeep
|turn|61
|inactive|KurisuChestnutLab has 120 seconds left.
|inactive|KurisuChestnutLab has 90 seconds left.
|inactive|KurisuChestnutLab has 60 seconds left.
|inactive|KurisuChestnutLab has 30 seconds left.
|inactive|KurisuChestnutLab has 20 seconds left.
|inactive|KurisuChestnutLab has 15 seconds left.
|inactive|KurisuChestnutLab has 10 seconds left.
|inactive|KurisuChestnutLab has 5 seconds left.
|-message|KurisuChestnutLab lost due to inactivity.
|
|win|Wildkyu
|raw|Wildkyu's rating: 1509 &rarr; <strong>1533</strong><br />(+24 for winning)
|raw|KurisuChestnutLab's rating: 1577 &rarr; <strong>1553</strong><br />(-24 for losing)
