|j|☆kemious
|j|☆sorry4usingstall
|t:|1781229471
|gametype|singles
|player|p1|kemious|2|1542
|player|p2|sorry4usingstall|colress|1551
|gen|9
|tier|[Gen 9] OU
|rated|
|rule|HP Percentage Mod: HP is shown in percentages
|rule|Endless Battle Clause: Forcing endless battles is banned
|rule|Species Clause: Limit one of each Pokémon
|rule|OHKO Clause: OHKO moves are banned
|rule|Evasion Items Clause: Evasion items are banned
|rule|Evasion Moves Clause: Evasion moves are banned
|rule|Evasion Abilities Clause: Evasion abilities are banned
|rule|Sleep Moves Clause: Sleep-inducing moves are banned
|clearpoke
|poke|p1|Chesnaught, M|
|poke|p1|Gastrodon, F|
|poke|p1|Kilowattrel, F|
|poke|p1|Glimmora, F|
|poke|p1|Ceruledge, M|
|poke|p1|Goodra-Hisui, F|
|poke|p2|Clodsire, F|
|poke|p2|Dondozo, F|
|poke|p2|Alomomola, F|
|poke|p2|Talonflame, F|
|poke|p2|Toxapex, F|
|poke|p2|Blissey, F|
|teampreview
|
|t:|1781229490
|teamsize|p1|6
|teamsize|p2|6
|start
|switch|p1a: Gastrodon|Gastrodon, F|100/100
|switch|p2a: Keep Trying.|Toxapex, F|100/100
|turn|1
|
|t:|1781229496
|move|p1a: Gastrodon|Spikes|p2a: Keep Trying.
|-sidestart|p2: sorry4usingstall|Spikes
|move|p2a: Keep Trying.|Toxic|p1a: Gastrodon
|-status|p1a: Gastrodon|tox
|
|-damage|p1a: Gastrodon|94/100 tox|[from] psn
|upkeep
|turn|2
|inactive|Battle timer is ON: inactive players will automatically lose when time's up. (requested by kemious)
|inactive|sorry4usingstall has 120 seconds left.
|j| dalty dalty dalty
|inactive|sorry4usingstall has 90 seconds left.
|inactive|sorry4usingstall has 60 seconds left.
|
|t:|1781229643
|switch|p1a: Goodra|Goodra-Hisui, F|100/100
|switch|p2a: Still Trying?|Blissey, F, shiny|100/100
|
|upkeep
|turn|3
|j| awawattack
|l| awawattack
|inactive|sorry4usingstall has 90 seconds left.
|inactive|sorry4usingstall has 60 seconds left.
|
|t:|1781229695
|switch|p2a: Worth Trying.|Clodsire, F, shiny|100/100
|move|p1a: Goodra|Knock Off|p2a: Worth Trying.
|-damage|p2a: Worth Trying.|77/100
|-enditem|p2a: Worth Trying.|Heavy-Duty Boots|[from] move: Knock Off|[of] p1a: Goodra
|
|upkeep
|turn|4
|inactive|kemious has 120 seconds left.
|
|t:|1781229715
|switch|p1a: Ceruledge|Ceruledge, M|100/100
|move|p2a: Worth Trying.|Bulldoze|p1a: Ceruledge
|-supereffective|p1a: Ceruledge
|-damage|p1a: Ceruledge|65/100
|-unboost|p1a: Ceruledge|spe|1
|
|upkeep
|turn|5
|
|t:|1781229722
|switch|p2a: Keep Trying.|Toxapex, F|100/100
|move|p1a: Ceruledge|Bitter Blade|p2a: Keep Trying.
|-resisted|p2a: Keep Trying.
|-damage|p2a: Keep Trying.|87/100
|-heal|p1a: Ceruledge|73/100|[from] drain|[of] p2a: Keep Trying.
|
|upkeep
|turn|6
|l| dalty dalty dalty
|
|t:|1781229730
|switch|p1a: Goodra|Goodra-Hisui, F|100/100
|move|p2a: Keep Trying.|Infestation|p1a: Goodra
|-resisted|p1a: Goodra
|-damage|p1a: Goodra|99/100
|-activate|p1a: Goodra|move: Infestation|[of] p2a: Keep Trying.
|
|-damage|p1a: Goodra|88/100|[from] move: Infestation|[partiallytrapped]
|upkeep
|turn|7
|
|t:|1781229735
|switch|p2a: Worth Trying.|Clodsire, F, shiny|77/100
|-damage|p2a: Worth Trying.|64/100|[from] Spikes
|move|p1a: Goodra|Knock Off|p2a: Worth Trying.
|-damage|p2a: Worth Trying.|47/100
|
|-end|p1a: Goodra|Infestation|[partiallytrapped]|[silent]
|upkeep
|turn|8
|inactive|sorry4usingstall has 90 seconds left.
|inactive|sorry4usingstall has 60 seconds left.
|
|t:|1781229786
|move|p1a: Goodra|Ice Beam|p2a: Worth Trying.
|-supereffective|p2a: Worth Trying.
|-damage|p2a: Worth Trying.|14/100
|move|p2a: Worth Trying.|Recover|p2a: Worth Trying.
|-heal|p2a: Worth Trying.|64/100
|
|upkeep
|turn|9
|
|t:|1781229792
|switch|p1a: Ceruledge|Ceruledge, M|73/100
|move|p2a: Worth Trying.|Recover|p2a: Worth Trying.
|-heal|p2a: Worth Trying.|100/100
|
|upkeep
|turn|10
|
|t:|1781229802
|move|p1a: Ceruledge|Bitter Blade|p2a: Worth Trying.
|-damage|p2a: Worth Trying.|49/100
|-heal|p1a: Ceruledge|100/100|[from] drain|[of] p2a: Worth Trying.
|move|p2a: Worth Trying.|Toxic|p1a: Ceruledge
|-status|p1a: Ceruledge|tox
|
|-damage|p1a: Ceruledge|94/100 tox|[from] psn
|upkeep
|turn|11
|
|t:|1781229809
|switch|p2a: Keep Trying.|Toxapex, F|100/100
|move|p1a: Ceruledge|Swords Dance|p1a: Ceruledge
|-boost|p1a: Ceruledge|atk|2
|
|-damage|p1a: Ceruledge|82/100 tox|[from] psn
|upkeep
|turn|12
|
|t:|1781229817
|move|p1a: Ceruledge|Poltergeist|p2a: Keep Trying.
|-activate|p2a: Keep Trying.|move: Poltergeist|Heavy-Duty Boots
|-damage|p2a: Keep Trying.|31/100
|move|p2a: Keep Trying.|Infestation|p1a: Ceruledge
|-resisted|p1a: Ceruledge
|-damage|p1a: Ceruledge|81/100 tox
|-activate|p1a: Ceruledge|move: Infestation|[of] p2a: Keep Trying.
|
|-damage|p1a: Ceruledge|63/100 tox|[from] psn
|-damage|p1a: Ceruledge|50/100 tox|[from] move: Infestation|[partiallytrapped]
|upkeep
|turn|13
|
|t:|1781229826
|move|p2a: Keep Trying.|Baneful Bunker|p2a: Keep Trying.
|-singleturn|p2a: Keep Trying.|move: Protect
|move|p1a: Ceruledge|Bitter Blade|p2a: Keep Trying.
|-activate|p2a: Keep Trying.|move: Protect
|
|-damage|p1a: Ceruledge|26/100 tox|[from] psn
|-damage|p1a: Ceruledge|13/100 tox|[from] move: Infestation|[partiallytrapped]
|upkeep
|turn|14
|
|t:|1781229835
|switch|p2a: You Tried.|Dondozo, F, shiny|100/100
|move|p1a: Ceruledge|Bitter Blade|p2a: You Tried.
|-resisted|p2a: You Tried.
|-damage|p2a: You Tried.|90/100
|-heal|p1a: Ceruledge|22/100 tox|[from] drain|[of] p2a: You Tried.
|
|-damage|p1a: Ceruledge|0 fnt|[from] psn
|faint|p1a: Ceruledge
|upkeep
|
|t:|1781229845
|switch|p1a: Gastrodon|Gastrodon, F|94/100 tox
|turn|15
|
|t:|1781229849
|switch|p2a: Still Trying?|Blissey, F, shiny|100/100
|move|p1a: Gastrodon|Spikes|p2a: Still Trying?
|-sidestart|p2: sorry4usingstall|Spikes
|
|-heal|p1a: Gastrodon|100/100 tox|[from] item: Leftovers
|-damage|p1a: Gastrodon|94/100 tox|[from] psn
|upkeep
|turn|16
|
|t:|1781229855
|switch|p2a: Nice Try.|Talonflame, F, shiny|100/100
|switch|p1a: Chesnaught|Chesnaught, M|100/100
|
|upkeep
|turn|17
|
|t:|1781229861
|move|p2a: Nice Try.|Will-O-Wisp|p1a: Chesnaught
|-status|p1a: Chesnaught|brn
|move|p1a: Chesnaught|Knock Off|p2a: Nice Try.
|-damage|p2a: Nice Try.|88/100
|-enditem|p2a: Nice Try.|Heavy-Duty Boots|[from] move: Knock Off|[of] p1a: Chesnaught
|
|-damage|p1a: Chesnaught|94/100 brn|[from] brn
|upkeep
|turn|18
|
|t:|1781229868
|switch|p1a: Gastrodon|Gastrodon, F|94/100 tox
|move|p2a: Nice Try.|Defog|p1a: Gastrodon
|-unboost|p1a: Gastrodon|evasion|1
|-sideend|p2: sorry4usingstall|Spikes|[from] move: Defog|[of] p2a: Nice Try.
|
|-heal|p1a: Gastrodon|100/100 tox|[from] item: Leftovers
|-damage|p1a: Gastrodon|94/100 tox|[from] psn
|upkeep
|turn|19
|-message|kemious forfeited.
|
|win|sorry4usingstall
|raw|kemious's rating: 1542 &rarr; <strong>1523</strong><br />(-19 for losing)
|raw|sorry4usingstall's rating: 1551 &rarr; <strong>1570</strong><br />(+19 for winning)
|l|☆kemious
|player|p1|
|l|☆sorry4usingstall
|player|p2|
