|j|☆Railio
|j|☆Davy12345
|t:|1781050793
|gametype|singles
|player|p1|Railio|101|1539
|player|p2|Davy12345|drayden|1612
|gen|9
|tier|[Gen 9] OU
|rated|
|rule|HP Percentage Mod: HP is shown in percentages
|rule|Endless Battle Clause: Forcing endless battles is banned
|rule|Species Clause: Limit one of each Pokémon
|rule|OHKO Clause: OHKO moves are banned
|rule|Evasion Items Clause: Evasion items are banned
|rule|Evasion Moves Clause: Evasion moves are banned
|rule|Evasion Abilities Clause: Evasion abilities are banned
|rule|Sleep Moves Clause: Sleep-inducing moves are banned
|clearpoke
|poke|p1|Hoopa-Unbound|
|poke|p1|Hatterene, F|
|poke|p1|Ursaluna, M|
|poke|p1|Kingambit, M|
|poke|p1|Indeedee, M|
|poke|p1|Raging Bolt|
|poke|p2|Sandy Shocks|
|poke|p2|Ogerpon, F|
|poke|p2|Latios, M|
|poke|p2|Scizor, M|
|poke|p2|Manaphy|
|poke|p2|Iron Jugulis|
|teampreview
|inactive|Battle timer is ON: inactive players will automatically lose when time's up. (requested by Railio)
|inactive|Davy12345 also wants the timer to be on.
|
|t:|1781050817
|teamsize|p1|6
|teamsize|p2|6
|start
|switch|p1a: Hatterene|Hatterene, F|100/100
|switch|p2a: Scizor|Scizor, M|100/100
|turn|1
|
|t:|1781050837
|move|p2a: Scizor|Bullet Punch|p1a: Hatterene
|-supereffective|p1a: Hatterene
|-damage|p1a: Hatterene|23/100
|move|p1a: Hatterene|Mystical Fire|p2a: Scizor
|-supereffective|p2a: Scizor
|-damage|p2a: Scizor|0 fnt
|faint|p2a: Scizor
|
|upkeep
|inactive|Davy12345 has 120 seconds left.
|
|t:|1781050858
|switch|p2a: Sandy Shocks|Sandy Shocks|100/100
|-enditem|p2a: Sandy Shocks|Booster Energy
|-activate|p2a: Sandy Shocks|ability: Protosynthesis|[fromitem]
|-start|p2a: Sandy Shocks|protosynthesisspe
|turn|2
|inactive|Davy12345 has 120 seconds left.
|
|t:|1781050873
|move|p2a: Sandy Shocks|Earth Power|p1a: Hatterene
|-damage|p1a: Hatterene|0 fnt
|faint|p1a: Hatterene
|
|upkeep
|
|t:|1781050877
|switch|p1a: Indeedee|Indeedee, M|100/100
|-fieldstart|move: Psychic Terrain|[from] ability: Psychic Surge|[of] p1a: Indeedee
|turn|3
|inactive|Davy12345 has 120 seconds left.
|
|t:|1781050888
|move|p2a: Sandy Shocks|Stealth Rock|p1a: Indeedee
|-sidestart|p1: Railio|move: Stealth Rock
|move|p1a: Indeedee|Trick Room|p1a: Indeedee
|-fieldstart|move: Trick Room|[of] p1a: Indeedee
|
|upkeep
|turn|4
|
|t:|1781050892
|move|p1a: Indeedee|Expanding Force|p2a: Sandy Shocks
|-damage|p2a: Sandy Shocks|7/100
|move|p2a: Sandy Shocks|Spikes|p1a: Indeedee
|-sidestart|p1: Railio|Spikes
|
|upkeep
|turn|5
|
|t:|1781050896
|move|p1a: Indeedee|Dazzling Gleam|p2a: Sandy Shocks
|-damage|p2a: Sandy Shocks|0 fnt
|faint|p2a: Sandy Shocks
|-end|p2a: Sandy Shocks|Protosynthesis|[silent]
|
|upkeep
|
|t:|1781050906
|switch|p2a: Manaphy|Manaphy|100/100
|turn|6
|
|t:|1781050918
|move|p1a: Indeedee|Expanding Force|p2a: Manaphy
|-damage|p2a: Manaphy|23/100
|-enditem|p2a: Manaphy|Sitrus Berry|[eat]
|-heal|p2a: Manaphy|48/100|[from] item: Sitrus Berry
|move|p2a: Manaphy|Surf|p1a: Indeedee
|-damage|p1a: Indeedee|59/100
|
|upkeep
|turn|7
|
|t:|1781050922
|move|p1a: Indeedee|Expanding Force|p2a: Manaphy
|-damage|p2a: Manaphy|0 fnt
|faint|p2a: Manaphy
|
|-fieldend|move: Trick Room
|-fieldend|move: Psychic Terrain
|upkeep
|
|t:|1781050925
|switch|p2a: Iron Jugulis|Iron Jugulis|100/100
|-enditem|p2a: Iron Jugulis|Booster Energy
|-activate|p2a: Iron Jugulis|ability: Quark Drive|[fromitem]
|-start|p2a: Iron Jugulis|quarkdrivespe
|turn|8
|
|t:|1781050928
|move|p2a: Iron Jugulis|Dark Pulse|p1a: Indeedee
|-supereffective|p1a: Indeedee
|-damage|p1a: Indeedee|0 fnt
|faint|p1a: Indeedee
|
|upkeep
|
|t:|1781050932
|switch|p1a: Hoopa|Hoopa-Unbound|100/100
|-damage|p1a: Hoopa|88/100|[from] Stealth Rock
|-damage|p1a: Hoopa|76/100|[from] Spikes
|turn|9
|
|t:|1781050935
|move|p2a: Iron Jugulis|Taunt|p1a: Hoopa
|-start|p1a: Hoopa|move: Taunt
|cant|p1a: Hoopa|move: Taunt|Trick Room
|
|-heal|p1a: Hoopa|82/100|[from] item: Leftovers
|upkeep
|turn|10
|
|t:|1781050939
|move|p2a: Iron Jugulis|Dark Pulse|p1a: Hoopa
|-crit|p1a: Hoopa
|-damage|p1a: Hoopa|36/100
|move|p1a: Hoopa|Thunderbolt|p2a: Iron Jugulis
|-supereffective|p2a: Iron Jugulis
|-damage|p2a: Iron Jugulis|0 fnt
|faint|p2a: Iron Jugulis
|-end|p2a: Iron Jugulis|Quark Drive|[silent]
|
|-heal|p1a: Hoopa|42/100|[from] item: Leftovers
|upkeep
|
|t:|1781050949
|switch|p2a: Latios|Latios, M|100/100
|turn|11
|
|t:|1781050963
|move|p2a: Latios|Calm Mind|p2a: Latios
|-boost|p2a: Latios|spa|1
|-boost|p2a: Latios|spd|1
|move|p1a: Hoopa|Hyperspace Fury|p2a: Latios
|-supereffective|p2a: Latios
|-damage|p2a: Latios|1/100
|-unboost|p1a: Hoopa|def|1
|-enditem|p2a: Latios|Weakness Policy
|-boost|p2a: Latios|atk|2|[from] item: Weakness Policy
|-boost|p2a: Latios|spa|2|[from] item: Weakness Policy
|
|-heal|p1a: Hoopa|48/100|[from] item: Leftovers
|-end|p1a: Hoopa|move: Taunt
|upkeep
|turn|12
|
|t:|1781050967
|move|p2a: Latios|Aura Sphere|p1a: Hoopa
|-damage|p1a: Hoopa|0 fnt
|faint|p1a: Hoopa
|
|upkeep
|
|t:|1781050975
|switch|p1a: Raging Bolt|Raging Bolt|100/100
|-damage|p1a: Raging Bolt|88/100|[from] Stealth Rock
|-damage|p1a: Raging Bolt|76/100|[from] Spikes
|-enditem|p1a: Raging Bolt|Booster Energy
|-activate|p1a: Raging Bolt|ability: Protosynthesis|[fromitem]
|-start|p1a: Raging Bolt|protosynthesisspa
|turn|13
|
|t:|1781050980
|move|p1a: Raging Bolt|Thunderclap|p2a: Latios
|-resisted|p2a: Latios
|-damage|p2a: Latios|0 fnt
|faint|p2a: Latios
|
|upkeep
|
|t:|1781050982
|switch|p2a: Ogerpon|Ogerpon, F|100/100
|turn|14
|
|t:|1781050986
|move|p2a: Ogerpon|Encore|p1a: Raging Bolt
|-start|p1a: Raging Bolt|Encore
|move|p1a: Raging Bolt|Thunderclap||[still]
|-fail|p1a: Raging Bolt
|
|upkeep
|turn|15
|
|t:|1781050990
|-end|p1a: Raging Bolt|Protosynthesis|[silent]
|switch|p1a: Kingambit|Kingambit, M|100/100
|-damage|p1a: Kingambit|94/100|[from] Stealth Rock
|-damage|p1a: Kingambit|82/100|[from] Spikes
|-activate|p1a: Kingambit|ability: Supreme Overlord
|-start|p1a: Kingambit|fallen3|[silent]
|move|p2a: Ogerpon|Swords Dance|p2a: Ogerpon
|-boost|p2a: Ogerpon|atk|2
|
|upkeep
|turn|16
|
|t:|1781050997
|-terastallize|p2a: Ogerpon|Grass
|detailschange|p2a: Ogerpon|Ogerpon-Teal-Tera, F, tera:Grass
|-ability|p2a: Ogerpon|Embody Aspect (Teal)|boost
|-boost|p2a: Ogerpon|spe|1
|-terastallize|p1a: Kingambit|Fairy
|move|p2a: Ogerpon|Ivy Cudgel|p1a: Kingambit
|-damage|p1a: Kingambit|0 fnt
|faint|p1a: Kingambit
|-end|p1a: Kingambit|fallen3|[silent]
|
|upkeep
|
|t:|1781051002
|switch|p1a: Raging Bolt|Raging Bolt|76/100
|-damage|p1a: Raging Bolt|63/100|[from] Stealth Rock
|-damage|p1a: Raging Bolt|51/100|[from] Spikes
|turn|17
|
|t:|1781051008
|move|p2a: Ogerpon|Ivy Cudgel|p1a: Raging Bolt
|-resisted|p1a: Raging Bolt
|-damage|p1a: Raging Bolt|0 fnt
|faint|p1a: Raging Bolt
|-end|p1a: Raging Bolt|Protosynthesis|[silent]
|
|upkeep
|
|t:|1781051010
|switch|p1a: Ursaluna|Ursaluna, M|100/100
|-damage|p1a: Ursaluna|94/100|[from] Stealth Rock
|-damage|p1a: Ursaluna|82/100|[from] Spikes
|turn|18
|
|t:|1781051012
|move|p2a: Ogerpon|Ivy Cudgel|p1a: Ursaluna
|-supereffective|p1a: Ursaluna
|-damage|p1a: Ursaluna|0 fnt
|faint|p1a: Ursaluna
|
|win|Davy12345
|raw|Railio's rating: 1539 &rarr; <strong>1523</strong><br />(-16 for losing)
|raw|Davy12345's rating: 1612 &rarr; <strong>1628</strong><br />(+16 for winning)
|l|☆Railio
|player|p1|
|l|☆Davy12345
|player|p2|
