|j|☆ohlookarock3
|j|☆Greavard Squad
|t:|1780888969
|gametype|singles
|player|p1|ohlookarock3|geeta|1616
|player|p2|Greavard Squad|picnicker|1615
|gen|9
|tier|[Gen 9] OU
|rated|
|rule|HP Percentage Mod: HP is shown in percentages
|rule|Endless Battle Clause: Forcing endless battles is banned
|rule|Species Clause: Limit one of each Pokémon
|rule|OHKO Clause: OHKO moves are banned
|rule|Evasion Items Clause: Evasion items are banned
|rule|Evasion Moves Clause: Evasion moves are banned
|rule|Evasion Abilities Clause: Evasion abilities are banned
|rule|Sleep Moves Clause: Sleep-inducing moves are banned
|clearpoke
|poke|p1|Hatterene, F|
|poke|p1|Iron Treads|
|poke|p1|Ceruledge, F|
|poke|p1|Ting-Lu|
|poke|p1|Dragonite, F|
|poke|p1|Kyurem|
|poke|p2|Alomomola, L99, F|
|poke|p2|Darkrai|
|poke|p2|Latios, M|
|poke|p2|Great Tusk|
|poke|p2|Pecharunt|
|poke|p2|Zamazenta-*|
|teampreview
|inactive|Battle timer is ON: inactive players will automatically lose when time's up. (requested by ohlookarock3)
|j| winton fan
|
|t:|1780888991
|teamsize|p1|6
|teamsize|p2|6
|start
|switch|p1a: Dinrū|Ting-Lu|100/100
|switch|p2a: Alomomola|Alomomola, L99, F|100/100
|-ability|p1a: Dinrū|Vessel of Ruin
|turn|1
|
|t:|1780889018
|switch|p2a: Darkrai|Darkrai|100/100
|move|p1a: Dinrū|Stealth Rock|p2a: Darkrai
|-sidestart|p2: Greavard Squad|move: Stealth Rock
|
|upkeep
|turn|2
|inactive|ohlookarock3 has 120 seconds left.
|
|t:|1780889058
|move|p2a: Darkrai|Trick|p1a: Dinrū
|-activate|p2a: Darkrai|move: Trick|[of] p1a: Dinrū
|-item|p1a: Dinrū|Choice Scarf|[from] move: Trick
|-item|p2a: Darkrai|Leftovers|[from] move: Trick
|move|p1a: Dinrū|Ruination|p2a: Darkrai
|-damage|p2a: Darkrai|51/100
|
|-heal|p2a: Darkrai|57/100|[from] item: Leftovers
|upkeep
|turn|3
|inactive|ohlookarock3 has 120 seconds left.
|
|t:|1780889068
|move|p2a: Darkrai|Ice Beam|p1a: Dinrū
|-supereffective|p1a: Dinrū
|-damage|p1a: Dinrū|73/100
|move|p1a: Dinrū|Ruination|p2a: Darkrai
|-damage|p2a: Darkrai|29/100
|
|-heal|p2a: Darkrai|35/100|[from] item: Leftovers
|upkeep
|turn|4
|
|t:|1780889073
|switch|p2a: Alomomola|Alomomola, L99, F|100/100
|-damage|p2a: Alomomola|88/100|[from] Stealth Rock
|move|p1a: Dinrū|Ruination|p2a: Alomomola
|-damage|p2a: Alomomola|44/100
|
|upkeep
|turn|5
|
|t:|1780889081
|move|p1a: Dinrū|Ruination|p2a: Alomomola
|-damage|p2a: Alomomola|22/100
|move|p2a: Alomomola|Flip Turn|p1a: Dinrū
|-supereffective|p1a: Dinrū
|-damage|p1a: Dinrū|56/100
|
|t:|1780889093
|switch|p2a: Latios|Latios, M|100/100|[from] Flip Turn
|-damage|p2a: Latios|88/100|[from] Stealth Rock
|
|upkeep
|turn|6
|
|t:|1780889096
|-terastallize|p2a: Latios|Steel
|move|p2a: Latios|Flip Turn|p1a: Dinrū
|-supereffective|p1a: Dinrū
|-damage|p1a: Dinrū|45/100
|
|t:|1780889099
|switch|p2a: Alomomola|Alomomola, L99, F|56/100|[from] Flip Turn
|-damage|p2a: Alomomola|43/100|[from] Stealth Rock
|move|p1a: Dinrū|Ruination|p2a: Alomomola
|-damage|p2a: Alomomola|22/100
|
|upkeep
|turn|7
|
|t:|1780889102
|move|p1a: Dinrū|Ruination|p2a: Alomomola
|-damage|p2a: Alomomola|11/100
|move|p2a: Alomomola|Flip Turn|p1a: Dinrū
|-supereffective|p1a: Dinrū
|-damage|p1a: Dinrū|27/100
|
|t:|1780889105
|switch|p2a: Latios|Latios, M, tera:Steel|88/100|[from] Flip Turn
|-damage|p2a: Latios|82/100|[from] Stealth Rock
|
|upkeep
|turn|8
|
|t:|1780889107
|move|p2a: Latios|Flip Turn|p1a: Dinrū
|-supereffective|p1a: Dinrū
|-damage|p1a: Dinrū|16/100
|
|t:|1780889109
|switch|p2a: Alomomola|Alomomola, L99, F|45/100|[from] Flip Turn
|-damage|p2a: Alomomola|32/100|[from] Stealth Rock
|move|p1a: Dinrū|Ruination|p2a: Alomomola
|-damage|p2a: Alomomola|16/100
|
|upkeep
|turn|9
|
|t:|1780889112
|move|p1a: Dinrū|Ruination|p2a: Alomomola
|-damage|p2a: Alomomola|8/100
|move|p2a: Alomomola|Flip Turn|p1a: Dinrū
|-supereffective|p1a: Dinrū
|-damage|p1a: Dinrū|0 fnt
|faint|p1a: Dinrū
|
|t:|1780889126
|switch|p2a: Darkrai|Darkrai|35/100|[from] Flip Turn
|-damage|p2a: Darkrai|22/100|[from] Stealth Rock
|
|-heal|p2a: Darkrai|28/100|[from] item: Leftovers
|upkeep
|
|t:|1780889132
|switch|p1a: Burimon|Hatterene, F|100/100
|turn|10
|
|t:|1780889135
|move|p2a: Darkrai|Sludge Bomb|p1a: Burimon
|-supereffective|p1a: Burimon
|-damage|p1a: Burimon|59/100
|move|p1a: Burimon|Draining Kiss|p2a: Darkrai
|-supereffective|p2a: Darkrai
|-damage|p2a: Darkrai|0 fnt
|-heal|p1a: Burimon|78/100|[from] drain|[of] p2a: Darkrai
|faint|p2a: Darkrai
|
|upkeep
|
|t:|1780889139
|switch|p2a: Pecharunt|Pecharunt|100/100
|turn|11
|
|t:|1780889147
|move|p2a: Pecharunt|Malignant Chain|p1a: Burimon
|-supereffective|p1a: Burimon
|-damage|p1a: Burimon|39/100
|move|p1a: Burimon|Psychic Noise|p2a: Pecharunt
|-supereffective|p2a: Pecharunt
|-damage|p2a: Pecharunt|20/100
|-start|p2a: Pecharunt|move: Heal Block
|
|upkeep
|turn|12
|
|t:|1780889157
|move|p2a: Pecharunt|Parting Shot|p1a: Burimon
|move|p1a: Burimon|Parting Shot|p2a: Pecharunt|[from] ability: Magic Bounce
|-unboost|p2a: Pecharunt|atk|1
|-unboost|p2a: Pecharunt|spa|1
|
|t:|1780889162
|switch|p1a: Kyuremu|Kyurem|100/100|[from] Parting Shot
|-ability|p1a: Kyuremu|Pressure
|
|-end|p2a: Pecharunt|move: Heal Block
|upkeep
|turn|13
|
|t:|1780889165
|switch|p2a: Latios|Latios, M, tera:Steel|82/100
|-damage|p2a: Latios|76/100|[from] Stealth Rock
|move|p1a: Kyuremu|Ice Beam|p2a: Latios
|-resisted|p2a: Latios
|-damage|p2a: Latios|40/100
|
|upkeep
|turn|14
|
|t:|1780889168
|switch|p1a: Burimon|Hatterene, F|39/100
|move|p2a: Latios|Recover|p2a: Latios
|-heal|p2a: Latios|91/100
|
|upkeep
|turn|15
|
|t:|1780889179
|move|p2a: Latios|Flip Turn|p1a: Burimon
|-damage|p1a: Burimon|27/100
|
|t:|1780889182
|switch|p2a: Pecharunt|Pecharunt|20/100|[from] Flip Turn
|move|p1a: Burimon|Nuzzle|p2a: Pecharunt
|-damage|p2a: Pecharunt|18/100
|-status|p2a: Pecharunt|par
|
|upkeep
|turn|16
|
|t:|1780889189
|move|p2a: Pecharunt|Malignant Chain|p1a: Burimon
|-supereffective|p1a: Burimon
|-damage|p1a: Burimon|0 fnt
|faint|p1a: Burimon
|
|upkeep
|j| Little Cuack
|
|t:|1780889198
|switch|p1a: Kyuremu|Kyurem|100/100
|-ability|p1a: Kyuremu|Pressure
|turn|17
|
|t:|1780889200
|switch|p2a: Latios|Latios, M, tera:Steel|91/100
|-damage|p2a: Latios|85/100|[from] Stealth Rock
|move|p1a: Kyuremu|Ice Beam|p2a: Latios
|-resisted|p2a: Latios
|-damage|p2a: Latios|48/100
|-status|p2a: Latios|frz
|
|upkeep
|turn|18
|
|t:|1780889207
|cant|p2a: Latios|frz
|move|p1a: Kyuremu|Ice Beam|p2a: Latios
|-resisted|p2a: Latios
|-damage|p2a: Latios|11/100 frz
|
|upkeep
|turn|19
|
|t:|1780889212
|-curestatus|p2a: Latios|frz|[msg]
|move|p2a: Latios|Recover|p2a: Latios
|-heal|p2a: Latios|61/100
|move|p1a: Kyuremu|Ice Beam|p2a: Latios
|-resisted|p2a: Latios
|-damage|p2a: Latios|27/100
|-status|p2a: Latios|frz
|
|upkeep
|turn|20
|
|t:|1780889216
|cant|p2a: Latios|frz
|move|p1a: Kyuremu|Ice Beam|p2a: Latios
|-resisted|p2a: Latios
|-damage|p2a: Latios|0 fnt
|faint|p2a: Latios
|
|upkeep
|c|☆Greavard Squad|right
|
|t:|1780889223
|switch|p2a: Zamazenta|Zamazenta|100/100
|-ability|p2a: Zamazenta|Dauntless Shield|boost
|-boost|p2a: Zamazenta|def|1
|turn|21
|
|t:|1780889228
|switch|p1a: Soubureizu|Ceruledge, F|100/100
|move|p2a: Zamazenta|Close Combat|p1a: Soubureizu
|-immune|p1a: Soubureizu
|
|upkeep
|turn|22
|
|t:|1780889234
|move|p2a: Zamazenta|Crunch|p1a: Soubureizu
|-supereffective|p1a: Soubureizu
|-damage|p1a: Soubureizu|31/100
|-ability|p1a: Soubureizu|Weak Armor|boost
|-unboost|p1a: Soubureizu|def|1
|-boost|p1a: Soubureizu|spe|2
|move|p1a: Soubureizu|Swords Dance|p1a: Soubureizu
|-boost|p1a: Soubureizu|atk|2
|
|upkeep
|turn|23
|
|t:|1780889248
|switch|p2a: Pecharunt|Pecharunt|18/100 par
|move|p1a: Soubureizu|Bitter Blade|p2a: Pecharunt
|-damage|p2a: Pecharunt|0 fnt
|-heal|p1a: Soubureizu|43/100|[from] drain|[of] p2a: Pecharunt
|faint|p2a: Pecharunt
|
|upkeep
|
|t:|1780889250
|switch|p2a: Alomomola|Alomomola, L99, F|42/100
|-damage|p2a: Alomomola|29/100|[from] Stealth Rock
|turn|24
|
|t:|1780889277
|move|p2a: Alomomola|Aqua Jet|p1a: Soubureizu
|-supereffective|p1a: Soubureizu
|-damage|p1a: Soubureizu|0 fnt
|faint|p1a: Soubureizu
|
|upkeep
|
|t:|1780889281
|switch|p1a: Kyuremu|Kyurem|100/100
|-ability|p1a: Kyuremu|Pressure
|turn|25
|
|t:|1780889284
|move|p1a: Kyuremu|Freeze-Dry|p2a: Alomomola
|-supereffective|p2a: Alomomola
|-damage|p2a: Alomomola|0 fnt
|faint|p2a: Alomomola
|
|upkeep
|
|t:|1780889288
|switch|p2a: Zamazenta|Zamazenta|100/100
|turn|26
|
|t:|1780889291
|switch|p1a: Tetsowadachi|Iron Treads|100/100
|move|p2a: Zamazenta|Close Combat|p1a: Tetsowadachi
|-supereffective|p1a: Tetsowadachi
|-damage|p1a: Tetsowadachi|0 fnt
|-unboost|p2a: Zamazenta|def|1
|-unboost|p2a: Zamazenta|spd|1
|faint|p1a: Tetsowadachi
|-end|p1a: Tetsowadachi|Quark Drive|[silent]
|
|upkeep
|
|t:|1780889295
|switch|p1a: Kairyū|Dragonite, F|100/100
|turn|27
|
|t:|1780889299
|move|p2a: Zamazenta|Ice Fang|p1a: Kairyū
|-supereffective|p1a: Kairyū
|-damage|p1a: Kairyū|63/100
|move|p1a: Kairyū|Dragon Dance|p1a: Kairyū
|-boost|p1a: Kairyū|atk|1
|-boost|p1a: Kairyū|spe|1
|
|-heal|p1a: Kairyū|69/100|[from] item: Leftovers
|upkeep
|turn|28
|
|t:|1780889303
|-terastallize|p1a: Kairyū|Fairy
|move|p2a: Zamazenta|Ice Fang|p1a: Kairyū
|-damage|p1a: Kairyū|50/100
|-status|p1a: Kairyū|frz
|cant|p1a: Kairyū|frz
|
|-heal|p1a: Kairyū|56/100 frz|[from] item: Leftovers
|upkeep
|turn|29
|
|t:|1780889314
|move|p2a: Zamazenta|Close Combat|p1a: Kairyū
|-resisted|p1a: Kairyū
|-damage|p1a: Kairyū|28/100 frz
|-unboost|p2a: Zamazenta|def|1
|-unboost|p2a: Zamazenta|spd|1
|cant|p1a: Kairyū|frz
|
|-heal|p1a: Kairyū|34/100 frz|[from] item: Leftovers
|upkeep
|turn|30
|
|t:|1780889322
|move|p2a: Zamazenta|Close Combat|p1a: Kairyū
|-resisted|p1a: Kairyū
|-damage|p1a: Kairyū|9/100 frz
|-unboost|p2a: Zamazenta|def|1
|-unboost|p2a: Zamazenta|spd|1
|cant|p1a: Kairyū|frz
|
|-heal|p1a: Kairyū|15/100 frz|[from] item: Leftovers
|upkeep
|turn|31
|
|t:|1780889328
|move|p2a: Zamazenta|Close Combat|p1a: Kairyū
|-resisted|p1a: Kairyū
|-damage|p1a: Kairyū|0 fnt
|-unboost|p2a: Zamazenta|def|1
|-unboost|p2a: Zamazenta|spd|1
|faint|p1a: Kairyū
|
|upkeep
|
|t:|1780889330
|switch|p1a: Kyuremu|Kyurem|100/100
|-ability|p1a: Kyuremu|Pressure
|turn|32
|
|t:|1780889333
|move|p2a: Zamazenta|Close Combat|p1a: Kyuremu
|-supereffective|p1a: Kyuremu
|-damage|p1a: Kyuremu|0 fnt
|-unboost|p2a: Zamazenta|def|1
|-unboost|p2a: Zamazenta|spd|1
|faint|p1a: Kyuremu
|
|win|Greavard Squad
|raw|ohlookarock3's rating: 1616 &rarr; <strong>1596</strong><br />(-20 for losing)
|raw|Greavard Squad's rating: 1615 &rarr; <strong>1635</strong><br />(+20 for winning)
|c|☆Greavard Squad|great mechanic
|l|☆ohlookarock3
|player|p1|
|c|☆Greavard Squad|makes for such competitive games
|l| Little Cuack
