|j|☆Golem Rising
|j|☆The real kurt tay
|t:|1781496708
|gametype|singles
|player|p1|Golem Rising|bruno|1721
|player|p2|The real kurt tay|1|1683
|gen|9
|tier|[Gen 9] OU
|rated|
|rule|HP Percentage Mod: HP is shown in percentages
|rule|Endless Battle Clause: Forcing endless battles is banned
|rule|Species Clause: Limit one of each Pokémon
|rule|OHKO Clause: OHKO moves are banned
|rule|Evasion Items Clause: Evasion items are banned
|rule|Evasion Moves Clause: Evasion moves are banned
|rule|Evasion Abilities Clause: Evasion abilities are banned
|rule|Sleep Moves Clause: Sleep-inducing moves are banned
|clearpoke
|poke|p1|Torkoal, M|
|poke|p1|Walking Wake|
|poke|p1|Great Tusk|
|poke|p1|Goodra-Hisui, M|
|poke|p1|Slither Wing|
|poke|p1|Venusaur, M|
|poke|p2|Slowking-Galar, F|
|poke|p2|Ting-Lu|
|poke|p2|Hydrapple, M|
|poke|p2|Corviknight, M|
|poke|p2|Cinderace, F|
|poke|p2|Dondozo, F|
|teampreview
|
|t:|1781496728
|teamsize|p1|6
|teamsize|p2|6
|start
|switch|p1a: Slither Wing|Slither Wing|100/100
|switch|p2a: Slowking|Slowking-Galar, F|100/100
|turn|1
|
|t:|1781496739
|move|p1a: Slither Wing|U-turn|p2a: Slowking
|-damage|p2a: Slowking|50/100
|
|t:|1781496744
|-end|p1a: Slither Wing|Protosynthesis|[silent]
|switch|p1a: Goodra|Goodra-Hisui, M|100/100|[from] U-turn
|move|p2a: Slowking|Trick|p1a: Goodra
|-activate|p2a: Slowking|move: Trick|[of] p1a: Goodra
|-item|p1a: Goodra|Black Sludge|[from] move: Trick
|-item|p2a: Slowking|Assault Vest|[from] move: Trick
|
|-damage|p1a: Goodra|88/100|[from] item: Black Sludge
|upkeep
|turn|2
|
|t:|1781496752
|switch|p2a: Ting-Lu|Ting-Lu|100/100
|-ability|p2a: Ting-Lu|Vessel of Ruin
|move|p1a: Goodra|Earthquake|p2a: Ting-Lu
|-damage|p2a: Ting-Lu|88/100
|
|-damage|p1a: Goodra|76/100|[from] item: Black Sludge
|-heal|p2a: Ting-Lu|94/100|[from] item: Leftovers
|upkeep
|turn|3
|
|t:|1781496761
|switch|p1a: Great Tusk|Great Tusk|100/100
|move|p2a: Ting-Lu|Earthquake|p1a: Great Tusk
|-damage|p1a: Great Tusk|74/100
|
|-heal|p2a: Ting-Lu|100/100|[from] item: Leftovers
|upkeep
|turn|4
|
|t:|1781496777
|switch|p2a: Corviknight|Corviknight, M, shiny|100/100
|-ability|p2a: Corviknight|Pressure
|move|p1a: Great Tusk|Close Combat|p2a: Corviknight
|-damage|p2a: Corviknight|45/100
|-unboost|p1a: Great Tusk|def|1
|-unboost|p1a: Great Tusk|spd|1
|-damage|p1a: Great Tusk|57/100|[from] item: Rocky Helmet|[of] p2a: Corviknight
|
|upkeep
|turn|5
|
|t:|1781496787
|switch|p2a: Slowking|Slowking-Galar, F|83/100
|move|p1a: Great Tusk|Close Combat|p2a: Slowking
|-resisted|p2a: Slowking
|-damage|p2a: Slowking|67/100
|-unboost|p1a: Great Tusk|def|1
|-unboost|p1a: Great Tusk|spd|1
|
|upkeep
|turn|6
|
|t:|1781496796
|-end|p1a: Great Tusk|Protosynthesis|[silent]
|switch|p1a: Torkoal|Torkoal, M|100/100
|-weather|SunnyDay|[from] ability: Drought|[of] p1a: Torkoal
|switch|p2a: Corviknight|Corviknight, M, shiny|45/100
|-ability|p2a: Corviknight|Pressure
|
|-weather|SunnyDay|[upkeep]
|upkeep
|turn|7
|
|t:|1781496815
|switch|p2a: Slowking|Slowking-Galar, F|99/100
|switch|p1a: Slither Wing|Slither Wing|100/100
|-activate|p1a: Slither Wing|ability: Protosynthesis
|-start|p1a: Slither Wing|protosynthesisatk
|
|-weather|SunnyDay|[upkeep]
|upkeep
|turn|8
|
|t:|1781496839
|switch|p2a: Dondozo|Dondozo, F|100/100
|move|p1a: Slither Wing|Flare Blitz|p2a: Dondozo
|-resisted|p2a: Dondozo
|-damage|p2a: Dondozo|61/100
|-damage|p1a: Slither Wing|80/100|[from] Recoil
|
|-weather|SunnyDay|[upkeep]
|-heal|p2a: Dondozo|67/100|[from] item: Leftovers
|upkeep
|turn|9
|
|t:|1781496848
|-end|p1a: Slither Wing|Protosynthesis|[silent]
|switch|p1a: Venusaur|Venusaur, M|100/100
|move|p2a: Dondozo|Rest|p2a: Dondozo
|-status|p2a: Dondozo|slp|[from] move: Rest
|-heal|p2a: Dondozo|100/100 slp|[silent]
|
|-weather|SunnyDay|[upkeep]
|upkeep
|turn|10
|
|t:|1781496876
|switch|p2a: Slowking|Slowking-Galar, F|100/100
|move|p1a: Venusaur|Growth|p1a: Venusaur
|-boost|p1a: Venusaur|atk|2
|-boost|p1a: Venusaur|spa|2
|
|-weather|SunnyDay|[upkeep]
|upkeep
|turn|11
|
|t:|1781496883
|move|p1a: Venusaur|Earth Power|p2a: Slowking
|-supereffective|p2a: Slowking
|-damage|p2a: Slowking|34/100
|-damage|p1a: Venusaur|91/100|[from] item: Life Orb
|move|p2a: Slowking|Psychic Noise|p1a: Venusaur
|-supereffective|p1a: Venusaur
|-damage|p1a: Venusaur|29/100
|-start|p1a: Venusaur|move: Heal Block
|
|-weather|SunnyDay|[upkeep]
|upkeep
|turn|12
|
|t:|1781496905
|switch|p2a: Dondozo|Dondozo, F|100/100 slp
|move|p1a: Venusaur|Weather Ball|p2a: Dondozo
|-resisted|p2a: Dondozo
|-damage|p2a: Dondozo|83/100 slp
|-damage|p1a: Venusaur|19/100|[from] item: Life Orb
|
|-weather|SunnyDay|[upkeep]
|-heal|p2a: Dondozo|89/100 slp|[from] item: Leftovers
|-end|p1a: Venusaur|move: Heal Block
|upkeep
|turn|13
|
|t:|1781496918
|switch|p2a: Cinderace|Cinderace, F|100/100
|move|p1a: Venusaur|Earth Power|p2a: Cinderace
|-supereffective|p2a: Cinderace
|-damage|p2a: Cinderace|0 fnt
|faint|p2a: Cinderace
|-damage|p1a: Venusaur|9/100|[from] item: Life Orb
|
|-weather|none
|upkeep
|
|t:|1781496942
|switch|p2a: Corviknight|Corviknight, M, shiny|45/100
|-ability|p2a: Corviknight|Pressure
|turn|14
|inactive|Battle timer is ON: inactive players will automatically lose when time's up. (requested by The real kurt tay)
|
|t:|1781496974
|switch|p1a: Torkoal|Torkoal, M|100/100
|-weather|SunnyDay|[from] ability: Drought|[of] p1a: Torkoal
|move|p2a: Corviknight|Roost|p2a: Corviknight
|-heal|p2a: Corviknight|95/100
|-singleturn|p2a: Corviknight|move: Roost
|
|-weather|SunnyDay|[upkeep]
|upkeep
|turn|15
|
|t:|1781496996
|switch|p2a: Slowking|Slowking-Galar, F|67/100
|move|p1a: Torkoal|Stealth Rock|p2a: Slowking
|-sidestart|p2: The real kurt tay|move: Stealth Rock
|
|-weather|SunnyDay|[upkeep]
|upkeep
|turn|16
|
|t:|1781497002
|switch|p1a: Venusaur|Venusaur, M|9/100
|move|p2a: Slowking|Psychic Noise|p1a: Venusaur
|-supereffective|p1a: Venusaur
|-damage|p1a: Venusaur|0 fnt
|faint|p1a: Venusaur
|
|-weather|SunnyDay|[upkeep]
|upkeep
|
|t:|1781497012
|switch|p1a: Slither Wing|Slither Wing|80/100
|-activate|p1a: Slither Wing|ability: Protosynthesis
|-start|p1a: Slither Wing|protosynthesisatk
|turn|17
|
|t:|1781497030
|switch|p2a: Corviknight|Corviknight, M, shiny|95/100
|-damage|p2a: Corviknight|82/100|[from] Stealth Rock
|-ability|p2a: Corviknight|Pressure
|move|p1a: Slither Wing|U-turn|p2a: Corviknight
|-resisted|p2a: Corviknight
|-damage|p2a: Corviknight|70/100
|-damage|p1a: Slither Wing|64/100|[from] item: Rocky Helmet|[of] p2a: Corviknight
|
|t:|1781497038
|-end|p1a: Slither Wing|Protosynthesis|[silent]
|switch|p1a: Walking Wake|Walking Wake|100/100|[from] U-turn
|-activate|p1a: Walking Wake|ability: Protosynthesis
|-start|p1a: Walking Wake|protosynthesisspe
|
|-weather|SunnyDay|[upkeep]
|upkeep
|turn|18
|
|t:|1781497054
|switch|p2a: Slowking|Slowking-Galar, F|99/100
|-damage|p2a: Slowking|88/100|[from] Stealth Rock
|move|p1a: Walking Wake|Flamethrower|p2a: Slowking
|-damage|p2a: Slowking|52/100
|-status|p2a: Slowking|brn
|
|-weather|SunnyDay|[upkeep]
|-damage|p2a: Slowking|45/100 brn|[from] brn
|upkeep
|turn|19
|
|t:|1781497064
|switch|p2a: Dondozo|Dondozo, F|89/100 slp
|-damage|p2a: Dondozo|77/100 slp|[from] Stealth Rock
|move|p1a: Walking Wake|Flamethrower|p2a: Dondozo
|-resisted|p2a: Dondozo
|-damage|p2a: Dondozo|53/100 slp
|
|-weather|SunnyDay|[upkeep]
|-heal|p2a: Dondozo|59/100 slp|[from] item: Leftovers
|upkeep
|turn|20
|
|t:|1781497074
|-end|p1a: Walking Wake|Protosynthesis|[silent]
|switch|p1a: Slither Wing|Slither Wing|64/100
|-activate|p1a: Slither Wing|ability: Protosynthesis
|-start|p1a: Slither Wing|protosynthesisatk
|cant|p2a: Dondozo|slp
|move|p2a: Dondozo|Sleep Talk|p2a: Dondozo
|move|p2a: Dondozo|Curse|p2a: Dondozo|[from] move: Sleep Talk
|-unboost|p2a: Dondozo|spe|1
|-boost|p2a: Dondozo|atk|1
|-boost|p2a: Dondozo|def|1
|
|-weather|SunnyDay|[upkeep]
|-heal|p2a: Dondozo|66/100 slp|[from] item: Leftovers
|upkeep
|turn|21
|
|t:|1781497088
|move|p1a: Slither Wing|U-turn|p2a: Dondozo
|-damage|p2a: Dondozo|34/100 slp
|
|t:|1781497092
|-end|p1a: Slither Wing|Protosynthesis|[silent]
|switch|p1a: Walking Wake|Walking Wake|100/100|[from] U-turn
|-activate|p1a: Walking Wake|ability: Protosynthesis
|-start|p1a: Walking Wake|protosynthesisspe
|cant|p2a: Dondozo|slp
|move|p2a: Dondozo|Sleep Talk|p2a: Dondozo
|move|p2a: Dondozo|Curse|p2a: Dondozo|[from] move: Sleep Talk
|-unboost|p2a: Dondozo|spe|1
|-boost|p2a: Dondozo|atk|1
|-boost|p2a: Dondozo|def|1
|
|-weather|none
|-end|p1a: Walking Wake|Protosynthesis
|-heal|p2a: Dondozo|41/100 slp|[from] item: Leftovers
|upkeep
|turn|22
|
|t:|1781497116
|switch|p2a: Slowking|Slowking-Galar, F|79/100 brn
|-damage|p2a: Slowking|66/100 brn|[from] Stealth Rock
|move|p1a: Walking Wake|Dragon Pulse|p2a: Slowking
|-damage|p2a: Slowking|33/100 brn
|
|-damage|p2a: Slowking|27/100 brn|[from] brn
|upkeep
|turn|23
|
|t:|1781497124
|switch|p2a: Corviknight|Corviknight, M, shiny|70/100
|-damage|p2a: Corviknight|58/100|[from] Stealth Rock
|-ability|p2a: Corviknight|Pressure
|move|p1a: Walking Wake|Dragon Pulse|p2a: Corviknight
|-resisted|p2a: Corviknight
|-damage|p2a: Corviknight|26/100
|
|upkeep
|turn|24
|
|t:|1781497132
|move|p1a: Walking Wake|Dragon Pulse|p2a: Corviknight
|-resisted|p2a: Corviknight
|-damage|p2a: Corviknight|0 fnt
|faint|p2a: Corviknight
|
|upkeep
|
|t:|1781497143
|switch|p2a: Ting-Lu|Ting-Lu|100/100
|-damage|p2a: Ting-Lu|94/100|[from] Stealth Rock
|-ability|p2a: Ting-Lu|Vessel of Ruin
|turn|25
|
|t:|1781497148
|-end|p1a: Walking Wake|Protosynthesis|[silent]
|switch|p1a: Great Tusk|Great Tusk|57/100
|move|p2a: Ting-Lu|Earthquake|p1a: Great Tusk
|-damage|p1a: Great Tusk|31/100
|
|-heal|p2a: Ting-Lu|100/100|[from] item: Leftovers
|upkeep
|turn|26
|
|t:|1781497158
|move|p1a: Great Tusk|Ice Spinner|p2a: Ting-Lu
|-supereffective|p2a: Ting-Lu
|-damage|p2a: Ting-Lu|51/100
|move|p2a: Ting-Lu|Earthquake|p1a: Great Tusk
|-damage|p1a: Great Tusk|5/100
|
|-heal|p2a: Ting-Lu|58/100|[from] item: Leftovers
|upkeep
|turn|27
|
|t:|1781497175
|move|p1a: Great Tusk|Ice Spinner|p2a: Ting-Lu
|-supereffective|p2a: Ting-Lu
|-damage|p2a: Ting-Lu|8/100
|move|p2a: Ting-Lu|Rest|p2a: Ting-Lu
|-status|p2a: Ting-Lu|slp|[from] move: Rest
|-heal|p2a: Ting-Lu|100/100 slp|[silent]
|
|upkeep
|turn|28
|
|t:|1781497191
|-terastallize|p2a: Ting-Lu|Poison
|move|p1a: Great Tusk|Ice Spinner|p2a: Ting-Lu
|-damage|p2a: Ting-Lu|77/100 slp
|cant|p2a: Ting-Lu|slp
|move|p2a: Ting-Lu|Sleep Talk|p2a: Ting-Lu
|move|p2a: Ting-Lu|Payback|p1a: Great Tusk|[from] move: Sleep Talk
|-resisted|p1a: Great Tusk
|-damage|p1a: Great Tusk|0 fnt
|faint|p1a: Great Tusk
|-end|p1a: Great Tusk|Protosynthesis|[silent]
|
|-heal|p2a: Ting-Lu|83/100 slp|[from] item: Leftovers
|upkeep
|
|t:|1781497202
|switch|p1a: Torkoal|Torkoal, M|100/100
|-weather|SunnyDay|[from] ability: Drought|[of] p1a: Torkoal
|turn|29
|
|t:|1781497218
|switch|p1a: Slither Wing|Slither Wing|64/100
|-activate|p1a: Slither Wing|ability: Protosynthesis
|-start|p1a: Slither Wing|protosynthesisatk
|cant|p2a: Ting-Lu|slp
|move|p2a: Ting-Lu|Sleep Talk|p2a: Ting-Lu
|move|p2a: Ting-Lu|Payback|p1a: Slither Wing|[from] move: Sleep Talk
|-resisted|p1a: Slither Wing
|-damage|p1a: Slither Wing|52/100
|
|-weather|SunnyDay|[upkeep]
|-heal|p2a: Ting-Lu|90/100 slp|[from] item: Leftovers
|upkeep
|turn|30
|
|t:|1781497229
|move|p1a: Slither Wing|Flare Blitz|p2a: Ting-Lu
|-damage|p2a: Ting-Lu|13/100 slp
|-damage|p1a: Slither Wing|12/100|[from] Recoil
|-curestatus|p2a: Ting-Lu|slp|[msg]
|move|p2a: Ting-Lu|Earthquake|p1a: Slither Wing
|-resisted|p1a: Slither Wing
|-damage|p1a: Slither Wing|0 fnt
|faint|p1a: Slither Wing
|-end|p1a: Slither Wing|Protosynthesis|[silent]
|
|-weather|SunnyDay|[upkeep]
|-heal|p2a: Ting-Lu|20/100|[from] item: Leftovers
|upkeep
|
|t:|1781497240
|switch|p1a: Walking Wake|Walking Wake|100/100
|-activate|p1a: Walking Wake|ability: Protosynthesis
|-start|p1a: Walking Wake|protosynthesisspe
|turn|31
|j| tonyrayyy
|
|t:|1781497258
|switch|p2a: Dondozo|Dondozo, F|41/100 slp
|-damage|p2a: Dondozo|28/100 slp|[from] Stealth Rock
|move|p1a: Walking Wake|Dragon Pulse|p2a: Dondozo
|-damage|p2a: Dondozo|0 fnt
|faint|p2a: Dondozo
|
|-weather|SunnyDay|[upkeep]
|upkeep
|j| Shucklepilled
|inactive|The real kurt tay has 120 seconds left.
|
|t:|1781497284
|switch|p2a: Slowking|Slowking-Galar, F|60/100 brn
|-damage|p2a: Slowking|47/100 brn|[from] Stealth Rock
|turn|32
|
|t:|1781497290
|move|p1a: Walking Wake|Dragon Pulse|p2a: Slowking
|-damage|p2a: Slowking|16/100 brn
|move|p2a: Slowking|Sludge Bomb|p1a: Walking Wake
|-damage|p1a: Walking Wake|58/100
|-status|p1a: Walking Wake|psn
|
|-weather|SunnyDay|[upkeep]
|-damage|p1a: Walking Wake|46/100 psn|[from] psn
|-damage|p2a: Slowking|10/100 brn|[from] brn
|upkeep
|turn|33
|c|☆Golem Rising|fucking called it
|c|☆Golem Rising|only way luck could screw me out of a win
|inactive|The real kurt tay has 120 seconds left.
|
|t:|1781497321
|switch|p2a: Ting-Lu|Ting-Lu, tera:Poison|20/100
|-damage|p2a: Ting-Lu|7/100|[from] Stealth Rock
|-ability|p2a: Ting-Lu|Vessel of Ruin
|move|p1a: Walking Wake|Dragon Pulse|p2a: Ting-Lu
|-damage|p2a: Ting-Lu|0 fnt
|faint|p2a: Ting-Lu
|
|-weather|SunnyDay|[upkeep]
|-damage|p1a: Walking Wake|34/100 psn|[from] psn
|upkeep
|
|t:|1781497333
|switch|p2a: Slowking|Slowking-Galar, F|43/100 brn
|-damage|p2a: Slowking|31/100 brn|[from] Stealth Rock
|turn|34
|
|t:|1781497351
|switch|p2a: Hydrapple|Hydrapple, M|100/100
|-damage|p2a: Hydrapple|88/100|[from] Stealth Rock
|move|p1a: Walking Wake|Dragon Pulse|p2a: Hydrapple
|-supereffective|p2a: Hydrapple
|-damage|p2a: Hydrapple|0 fnt
|faint|p2a: Hydrapple
|
|-weather|SunnyDay|[upkeep]
|-damage|p1a: Walking Wake|22/100 psn|[from] psn
|upkeep
|
|t:|1781497353
|switch|p2a: Slowking|Slowking-Galar, F|64/100 brn
|-damage|p2a: Slowking|52/100 brn|[from] Stealth Rock
|turn|35
|
|t:|1781497365
|-end|p1a: Walking Wake|Protosynthesis|[silent]
|switch|p1a: Goodra|Goodra-Hisui, M|76/100
|move|p2a: Slowking|Psychic Noise|p1a: Goodra
|-resisted|p1a: Goodra
|-damage|p1a: Goodra|66/100
|-start|p1a: Goodra|move: Heal Block
|
|-weather|SunnyDay|[upkeep]
|-damage|p1a: Goodra|53/100|[from] item: Black Sludge
|-damage|p2a: Slowking|45/100 brn|[from] brn
|upkeep
|turn|36
|
|t:|1781497375
|move|p1a: Goodra|Earthquake|p2a: Slowking
|-supereffective|p2a: Slowking
|-damage|p2a: Slowking|10/100 brn
|move|p2a: Slowking|Ice Beam|p1a: Goodra
|-damage|p1a: Goodra|39/100
|
|-weather|none
|-damage|p1a: Goodra|26/100|[from] item: Black Sludge
|-damage|p2a: Slowking|4/100 brn|[from] brn
|-end|p1a: Goodra|move: Heal Block
|upkeep
|turn|37
|
|t:|1781497384
|move|p1a: Goodra|Earthquake|p2a: Slowking
|-supereffective|p2a: Slowking
|-damage|p2a: Slowking|0 fnt
|faint|p2a: Slowking
|
|win|Golem Rising
|raw|Golem Rising's rating: 1721 &rarr; <strong>1739</strong><br />(+18 for winning)
|raw|The real kurt tay's rating: 1683 &rarr; <strong>1665</strong><br />(-18 for losing)
|c|☆Golem Rising|hew
|l|☆The real kurt tay
|player|p2|
|l|☆Golem Rising
|player|p1|
|l| Shucklepilled
|l| tonyrayyy
