|j|☆myree
|j|‽v1n001
|t:|1781472020
|gametype|singles
|player|p1|myree|benga|1602
|player|p2|v1n001|2|1629
|gen|9
|tier|[Gen 9] OU
|rated|
|rule|HP Percentage Mod: HP is shown in percentages
|rule|Endless Battle Clause: Forcing endless battles is banned
|rule|Species Clause: Limit one of each Pokémon
|rule|OHKO Clause: OHKO moves are banned
|rule|Evasion Items Clause: Evasion items are banned
|rule|Evasion Moves Clause: Evasion moves are banned
|rule|Evasion Abilities Clause: Evasion abilities are banned
|rule|Sleep Moves Clause: Sleep-inducing moves are banned
|clearpoke
|poke|p1|Iron Valiant|
|poke|p1|Ogerpon-Cornerstone, F|
|poke|p1|Iron Treads|
|poke|p1|Fezandipiti, M|
|poke|p1|Samurott-Hisui, F|
|poke|p1|Goodra-Hisui, F|
|poke|p2|Raging Bolt|
|poke|p2|Alomomola, F|
|poke|p2|Ting-Lu|
|poke|p2|Weezing-Galar, F|
|poke|p2|Landorus-Therian, M|
|poke|p2|Ogerpon-Wellspring, F|
|teampreview
|inactive|Battle timer is ON: inactive players will automatically lose when time's up. (requested by v1n001)
|
|t:|1781472035
|teamsize|p1|6
|teamsize|p2|6
|start
|switch|p1a: Prof. Goo-D.|Goodra-Hisui, F|100/100
|switch|p2a: Raging Bolt|Raging Bolt|100/100
|turn|1
|
|t:|1781472042
|move|p2a: Raging Bolt|Volt Switch|p1a: Prof. Goo-D.
|-resisted|p1a: Prof. Goo-D.
|-damage|p1a: Prof. Goo-D.|87/100
|
|t:|1781472045
|-end|p2a: Raging Bolt|Protosynthesis|[silent]
|switch|p2a: Ting-Lu|Ting-Lu|100/100|[from] Volt Switch
|-ability|p2a: Ting-Lu|Vessel of Ruin
|move|p1a: Prof. Goo-D.|Ice Beam|p2a: Ting-Lu
|-supereffective|p2a: Ting-Lu
|-damage|p2a: Ting-Lu|79/100
|
|-heal|p2a: Ting-Lu|85/100|[from] item: Leftovers
|upkeep
|turn|2
|
|t:|1781472059
|switch|p1a: Iron Valiant|Iron Valiant|100/100
|move|p2a: Ting-Lu|Earthquake|p1a: Iron Valiant
|-damage|p1a: Iron Valiant|43/100
|
|-heal|p2a: Ting-Lu|92/100|[from] item: Leftovers
|upkeep
|turn|3
|
|t:|1781472064
|move|p1a: Iron Valiant|Destiny Bond|p1a: Iron Valiant
|-singlemove|p1a: Iron Valiant|Destiny Bond
|move|p2a: Ting-Lu|Earthquake|p1a: Iron Valiant
|-damage|p1a: Iron Valiant|0 fnt
|faint|p1a: Iron Valiant
|-activate|p1a: Iron Valiant|move: Destiny Bond
|-end|p1a: Iron Valiant|Quark Drive|[silent]
|faint|p2a: Ting-Lu
|
|upkeep
|
|t:|1781472071
|switch|p1a: fezanskibidi|Fezandipiti, M|100/100
|switch|p2a: Landorus|Landorus-Therian, M, shiny|100/100
|-ability|p2a: Landorus|Intimidate|boost
|-unboost|p1a: fezanskibidi|atk|1
|-item|p1a: fezanskibidi|Air Balloon
|turn|4
|
|t:|1781472079
|switch|p1a: Prof. Goo-D.|Goodra-Hisui, F|87/100
|move|p2a: Landorus|U-turn|p1a: Prof. Goo-D.
|-resisted|p1a: Prof. Goo-D.
|-damage|p1a: Prof. Goo-D.|72/100
|-ability|p1a: Prof. Goo-D.|Gooey
|-unboost|p2a: Landorus|spe|1
|
|t:|1781472092
|switch|p2a: Ogerpon|Ogerpon-Wellspring, F|100/100|[from] U-turn
|
|upkeep
|turn|5
|
|t:|1781472100
|move|p2a: Ogerpon|Spikes|p1a: Prof. Goo-D.
|-sidestart|p1: myree|Spikes
|move|p1a: Prof. Goo-D.|Thunderbolt|p2a: Ogerpon
|-crit|p2a: Ogerpon
|-damage|p2a: Ogerpon|57/100
|
|upkeep
|turn|6
|
|t:|1781472105
|move|p2a: Ogerpon|U-turn|p1a: Prof. Goo-D.
|-resisted|p1a: Prof. Goo-D.
|-damage|p1a: Prof. Goo-D.|56/100
|-ability|p1a: Prof. Goo-D.|Gooey
|-unboost|p2a: Ogerpon|spe|1
|
|t:|1781472108
|switch|p2a: Weezing|Weezing-Galar, F, shiny|100/100|[from] U-turn
|-ability|p2a: Weezing|Neutralizing Gas
|move|p1a: Prof. Goo-D.|Thunderbolt|p2a: Weezing
|-damage|p2a: Weezing|65/100
|
|upkeep
|turn|7
|
|t:|1781472112
|-end|p2a: Weezing|ability: Neutralizing Gas
|switch|p2a: Raging Bolt|Raging Bolt|100/100
|move|p1a: Prof. Goo-D.|Earthquake|p2a: Raging Bolt
|-supereffective|p2a: Raging Bolt
|-damage|p2a: Raging Bolt|39/100
|
|upkeep
|turn|8
|
|t:|1781472116
|move|p2a: Raging Bolt|Volt Switch|p1a: Prof. Goo-D.
|-resisted|p1a: Prof. Goo-D.
|-damage|p1a: Prof. Goo-D.|41/100
|
|t:|1781472118
|-end|p2a: Raging Bolt|Protosynthesis|[silent]
|switch|p2a: Landorus|Landorus-Therian, M, shiny|100/100|[from] Volt Switch
|-ability|p2a: Landorus|Intimidate|boost
|-unboost|p1a: Prof. Goo-D.|atk|1
|move|p1a: Prof. Goo-D.|Ice Beam|p2a: Landorus
|-supereffective|p2a: Landorus
|-damage|p2a: Landorus|0 fnt
|faint|p2a: Landorus
|
|upkeep
|
|t:|1781472122
|switch|p2a: Raging Bolt|Raging Bolt|39/100
|turn|9
|
|t:|1781472130
|move|p2a: Raging Bolt|Draco Meteor|p1a: Prof. Goo-D.
|-damage|p1a: Prof. Goo-D.|0 fnt
|-unboost|p2a: Raging Bolt|spa|2
|faint|p1a: Prof. Goo-D.
|
|upkeep
|
|t:|1781472136
|switch|p1a: best treadist|Iron Treads|100/100
|-damage|p1a: best treadist|88/100|[from] Spikes
|turn|10
|
|t:|1781472138
|-end|p2a: Raging Bolt|Protosynthesis|[silent]
|switch|p2a: Alomomola|Alomomola, F, shiny|100/100
|move|p1a: best treadist|Rapid Spin|p2a: Alomomola
|-damage|p2a: Alomomola|91/100
|-boost|p1a: best treadist|spe|1
|-sideend|p1: myree|Spikes|[from] move: Rapid Spin|[of] p1a: best treadist
|
|upkeep
|turn|11
|
|t:|1781472156
|-end|p1a: best treadist|Quark Drive|[silent]
|switch|p1a: Samurott|Samurott-Hisui, F|100/100
|move|p2a: Alomomola|Wish|p2a: Alomomola
|
|upkeep
|turn|12
|
|t:|1781472167
|move|p1a: Samurott|Ceaseless Edge|p2a: Alomomola
|-damage|p2a: Alomomola|60/100
|-sidestart|p2: v1n001|Spikes
|move|p2a: Alomomola|Flip Turn|p1a: Samurott
|-resisted|p1a: Samurott
|-damage|p1a: Samurott|92/100
|
|t:|1781472169
|switch|p2a: Raging Bolt|Raging Bolt|39/100|[from] Flip Turn
|-damage|p2a: Raging Bolt|27/100|[from] Spikes
|
|-heal|p2a: Raging Bolt|87/100|[from] move: Wish|[wisher] Alomomola
|upkeep
|turn|13
|
|t:|1781472174
|-end|p2a: Raging Bolt|Protosynthesis|[silent]
|switch|p2a: Ogerpon|Ogerpon-Wellspring, F|57/100
|-damage|p2a: Ogerpon|45/100|[from] Spikes
|switch|p1a: best treadist|Iron Treads|88/100
|
|upkeep
|turn|14
|
|t:|1781472180
|-end|p1a: best treadist|Quark Drive|[silent]
|switch|p1a: Samurott|Samurott-Hisui, F|92/100
|move|p2a: Ogerpon|Ivy Cudgel|p1a: Samurott|[anim] Ivy Cudgel Water
|-resisted|p1a: Samurott
|-damage|p1a: Samurott|58/100
|
|upkeep
|turn|15
|
|t:|1781472183
|move|p1a: Samurott|Sucker Punch|p2a: Ogerpon
|-damage|p2a: Ogerpon|0 fnt
|faint|p2a: Ogerpon
|
|upkeep
|
|t:|1781472186
|switch|p2a: Weezing|Weezing-Galar, F, shiny|65/100
|-ability|p2a: Weezing|Neutralizing Gas
|turn|16
|
|t:|1781472191
|switch|p1a: fezanskibidi|Fezandipiti, M|100/100
|-item|p1a: fezanskibidi|Air Balloon
|move|p2a: Weezing|Will-O-Wisp|p1a: fezanskibidi
|-status|p1a: fezanskibidi|brn
|
|-damage|p1a: fezanskibidi|95/100 brn|[from] brn
|upkeep
|turn|17
|
|t:|1781472196
|move|p1a: fezanskibidi|Nasty Plot|p1a: fezanskibidi
|-boost|p1a: fezanskibidi|spa|2
|move|p2a: Weezing|Defog|p1a: fezanskibidi
|-unboost|p1a: fezanskibidi|evasion|1
|-sideend|p2: v1n001|Spikes|[from] move: Defog|[of] p2a: Weezing
|
|-damage|p1a: fezanskibidi|89/100 brn|[from] brn
|upkeep
|turn|18
|
|t:|1781472201
|move|p1a: fezanskibidi|Nasty Plot|p1a: fezanskibidi
|-boost|p1a: fezanskibidi|spa|2
|move|p2a: Weezing|Pain Split|p1a: fezanskibidi
|-sethp|p1a: fezanskibidi|78/100 brn|[from] move: Pain Split|[silent]
|-sethp|p2a: Weezing|74/100|[from] move: Pain Split
|
|-damage|p1a: fezanskibidi|72/100 brn|[from] brn
|upkeep
|turn|19
|
|t:|1781472203
|move|p1a: fezanskibidi|Moonblast|p2a: Weezing
|-resisted|p2a: Weezing
|-damage|p2a: Weezing|4/100
|move|p2a: Weezing|Sludge Bomb|p1a: fezanskibidi
|-damage|p1a: fezanskibidi|48/100 brn
|-enditem|p1a: fezanskibidi|Air Balloon
|
|-damage|p1a: fezanskibidi|42/100 brn|[from] brn
|upkeep
|turn|20
|
|t:|1781472208
|move|p1a: fezanskibidi|Roost|p1a: fezanskibidi
|-heal|p1a: fezanskibidi|92/100 brn
|-singleturn|p1a: fezanskibidi|move: Roost
|move|p2a: Weezing|Pain Split|p1a: fezanskibidi
|-sethp|p1a: fezanskibidi|48/100 brn|[from] move: Pain Split|[silent]
|-sethp|p2a: Weezing|46/100|[from] move: Pain Split
|
|-damage|p1a: fezanskibidi|43/100 brn|[from] brn
|upkeep
|turn|21
|
|t:|1781472211
|move|p1a: fezanskibidi|Roost|p1a: fezanskibidi
|-heal|p1a: fezanskibidi|93/100 brn
|-singleturn|p1a: fezanskibidi|move: Roost
|move|p2a: Weezing|Pain Split|p1a: fezanskibidi
|-sethp|p1a: fezanskibidi|70/100 brn|[from] move: Pain Split|[silent]
|-sethp|p2a: Weezing|67/100|[from] move: Pain Split
|
|-damage|p1a: fezanskibidi|64/100 brn|[from] brn
|upkeep
|turn|22
|
|t:|1781472214
|move|p1a: fezanskibidi|Moonblast|p2a: Weezing
|-resisted|p2a: Weezing
|-damage|p2a: Weezing|0 fnt
|faint|p2a: Weezing
|-end|p2a: Weezing|ability: Neutralizing Gas
|
|-damage|p1a: fezanskibidi|58/100 brn|[from] brn
|upkeep
|
|t:|1781472216
|switch|p2a: Raging Bolt|Raging Bolt|87/100
|turn|23
|
|t:|1781472220
|move|p1a: fezanskibidi|Moonblast|p2a: Raging Bolt
|-supereffective|p2a: Raging Bolt
|-damage|p2a: Raging Bolt|0 fnt
|faint|p2a: Raging Bolt
|-end|p2a: Raging Bolt|Protosynthesis|[silent]
|
|-damage|p1a: fezanskibidi|53/100 brn|[from] brn
|upkeep
|-message|v1n001 forfeited.
|
|win|myree
|raw|myree's rating: 1602 &rarr; <strong>1624</strong><br />(+22 for winning)
|raw|v1n001's rating: 1629 &rarr; <strong>1607</strong><br />(-22 for losing)
|l|‽v1n001
|player|p2|
