|j|‽LT_Alt1
|j|☆ascended tusk 69
|t:|1781247064
|gametype|singles
|player|p1|LT_Alt1|102|1668
|player|p2|ascended tusk 69|biker|1659
|gen|9
|tier|[Gen 9] OU
|rated|
|rule|HP Percentage Mod: HP is shown in percentages
|rule|Endless Battle Clause: Forcing endless battles is banned
|rule|Species Clause: Limit one of each Pokémon
|rule|OHKO Clause: OHKO moves are banned
|rule|Evasion Items Clause: Evasion items are banned
|rule|Evasion Moves Clause: Evasion moves are banned
|rule|Evasion Abilities Clause: Evasion abilities are banned
|rule|Sleep Moves Clause: Sleep-inducing moves are banned
|clearpoke
|poke|p1|Kyurem|
|poke|p1|Raging Bolt|
|poke|p1|Hatterene, F|
|poke|p1|Slowking-Galar, M|
|poke|p1|Ting-Lu|
|poke|p1|Corviknight, F|
|poke|p2|Iron Moth|
|poke|p2|Gliscor, M|
|poke|p2|Hatterene, F|
|poke|p2|Ogerpon-Wellspring, F|
|poke|p2|Raging Bolt|
|poke|p2|Zamazenta-*|
|teampreview
|inactive|Battle timer is ON: inactive players will automatically lose when time's up. (requested by ascended tusk 69)
|
|t:|1781247081
|teamsize|p1|6
|teamsize|p2|6
|start
|switch|p1a: Slowking|Slowking-Galar, M|100/100
|switch|p2a: BONK|Ogerpon-Wellspring, F|100/100
|turn|1
|j| lord shiddenfards
|
|t:|1781247085
|move|p2a: BONK|Ivy Cudgel|p1a: Slowking|[anim] Ivy Cudgel Water
|-damage|p1a: Slowking|42/100
|move|p1a: Slowking|Sludge Bomb|p2a: BONK
|-supereffective|p2a: BONK
|-damage|p2a: BONK|23/100
|-status|p2a: BONK|psn
|
|-damage|p2a: BONK|10/100 psn|[from] psn
|upkeep
|turn|2
|
|t:|1781247093
|switch|p1a: Corviknight|Corviknight, F|100/100
|-ability|p1a: Corviknight|Pressure
|move|p2a: BONK|Ivy Cudgel|p1a: Corviknight|[anim] Ivy Cudgel Water
|-damage|p1a: Corviknight|56/100
|
|-damage|p2a: BONK|0 fnt|[from] psn
|faint|p2a: BONK
|upkeep
|
|t:|1781247095
|switch|p2a: Suneater|Iron Moth|100/100
|-enditem|p2a: Suneater|Booster Energy
|-activate|p2a: Suneater|ability: Quark Drive|[fromitem]
|-start|p2a: Suneater|quarkdrivespe
|turn|3
|
|t:|1781247098
|switch|p1a: Ting-Lu|Ting-Lu|100/100
|-ability|p1a: Ting-Lu|Vessel of Ruin
|move|p2a: Suneater|Fiery Dance|p1a: Ting-Lu
|-damage|p1a: Ting-Lu|83/100
|-boost|p2a: Suneater|spa|1
|
|-heal|p1a: Ting-Lu|89/100|[from] item: Leftovers
|upkeep
|turn|4
|
|t:|1781247111
|move|p1a: Ting-Lu|Earthquake|p2a: Suneater
|-supereffective|p2a: Suneater
|-damage|p2a: Suneater|0 fnt
|faint|p2a: Suneater
|-end|p2a: Suneater|Quark Drive|[silent]
|
|-heal|p1a: Ting-Lu|95/100|[from] item: Leftovers
|upkeep
|
|t:|1781247120
|switch|p2a: Dorg|Zamazenta|100/100
|-ability|p2a: Dorg|Dauntless Shield|boost
|-boost|p2a: Dorg|def|1
|turn|5
|
|t:|1781247124
|move|p2a: Dorg|Reflect|p2a: Dorg
|-sidestart|p2: ascended tusk 69|Reflect
|move|p1a: Ting-Lu|Whirlwind|p2a: Dorg
|drag|p2a: Tenko|Gliscor, M|100/100
|
|-heal|p1a: Ting-Lu|100/100|[from] item: Leftovers
|-status|p2a: Tenko|tox|[from] item: Toxic Orb
|upkeep
|turn|6
|
|t:|1781247138
|move|p2a: Tenko|Swords Dance|p2a: Tenko
|-boost|p2a: Tenko|atk|2
|move|p1a: Ting-Lu|Whirlwind|p2a: Tenko
|drag|p2a: Exegutor-Alola|Raging Bolt|100/100
|-enditem|p2a: Exegutor-Alola|Booster Energy
|-activate|p2a: Exegutor-Alola|ability: Protosynthesis|[fromitem]
|-start|p2a: Exegutor-Alola|protosynthesisspa
|
|upkeep
|turn|7
|j| yuureisuisei
|
|t:|1781247143
|move|p2a: Exegutor-Alola|Dragon Pulse|p1a: Ting-Lu
|-damage|p1a: Ting-Lu|70/100
|move|p1a: Ting-Lu|Ruination|p2a: Exegutor-Alola
|-damage|p2a: Exegutor-Alola|51/100
|
|-heal|p1a: Ting-Lu|76/100|[from] item: Leftovers
|upkeep
|turn|8
|
|t:|1781247147
|move|p2a: Exegutor-Alola|Dragon Pulse|p1a: Ting-Lu
|-damage|p1a: Ting-Lu|47/100
|move|p1a: Ting-Lu|Spikes|p2a: Exegutor-Alola
|-sidestart|p2: ascended tusk 69|Spikes
|
|-heal|p1a: Ting-Lu|53/100|[from] item: Leftovers
|upkeep
|turn|9
|
|t:|1781247156
|move|p2a: Exegutor-Alola|Dragon Pulse|p1a: Ting-Lu
|-damage|p1a: Ting-Lu|23/100
|move|p1a: Ting-Lu|Whirlwind|p2a: Exegutor-Alola
|-end|p2a: Exegutor-Alola|Protosynthesis|[silent]
|drag|p2a: Tenko|Gliscor, M|100/100 tox
|
|-heal|p1a: Ting-Lu|29/100|[from] item: Leftovers
|upkeep
|turn|10
|
|t:|1781247162
|move|p2a: Tenko|Earthquake|p1a: Ting-Lu
|-damage|p1a: Ting-Lu|5/100
|move|p1a: Ting-Lu|Whirlwind|p2a: Tenko
|drag|p2a: Exegutor-Alola|Raging Bolt|51/100
|-damage|p2a: Exegutor-Alola|38/100|[from] Spikes
|
|-heal|p1a: Ting-Lu|12/100|[from] item: Leftovers
|upkeep
|turn|11
|
|t:|1781247171
|switch|p1a: Hatterene|Hatterene, F|100/100
|move|p2a: Exegutor-Alola|Dragon Pulse|p1a: Hatterene
|-immune|p1a: Hatterene
|
|upkeep
|turn|12
|c|☆ascended tusk 69|lucky dog you are
|
|t:|1781247176
|switch|p1a: Ting-Lu|Ting-Lu|12/100
|-ability|p1a: Ting-Lu|Vessel of Ruin
|move|p2a: Exegutor-Alola|Calm Mind|p2a: Exegutor-Alola
|-boost|p2a: Exegutor-Alola|spa|1
|-boost|p2a: Exegutor-Alola|spd|1
|
|-heal|p1a: Ting-Lu|18/100|[from] item: Leftovers
|-sideend|p2: ascended tusk 69|Reflect
|upkeep
|turn|13
|
|t:|1781247182
|move|p2a: Exegutor-Alola|Dragon Pulse|p1a: Ting-Lu
|-damage|p1a: Ting-Lu|0 fnt
|faint|p1a: Ting-Lu
|
|upkeep
|
|t:|1781247184
|switch|p1a: Kyurem|Kyurem|100/100
|-ability|p1a: Kyurem|Pressure
|turn|14
|
|t:|1781247186
|move|p2a: Exegutor-Alola|Thunderclap|p1a: Kyurem
|-resisted|p1a: Kyurem
|-damage|p1a: Kyurem|71/100
|move|p1a: Kyurem|Freeze-Dry|p2a: Exegutor-Alola
|-supereffective|p2a: Exegutor-Alola
|-damage|p2a: Exegutor-Alola|0 fnt
|faint|p2a: Exegutor-Alola
|-end|p2a: Exegutor-Alola|Protosynthesis|[silent]
|
|upkeep
|
|t:|1781247191
|switch|p2a: Dorg|Zamazenta|100/100
|-damage|p2a: Dorg|88/100|[from] Spikes
|turn|15
|
|t:|1781247201
|switch|p1a: Corviknight|Corviknight, F|56/100
|-ability|p1a: Corviknight|Pressure
|move|p2a: Dorg|Light Screen|p2a: Dorg
|-sidestart|p2: ascended tusk 69|move: Light Screen
|
|upkeep
|turn|16
|
|t:|1781247211
|move|p2a: Dorg|Reflect|p2a: Dorg
|-sidestart|p2: ascended tusk 69|Reflect
|move|p1a: Corviknight|Roost|p1a: Corviknight
|-heal|p1a: Corviknight|100/100
|-singleturn|p1a: Corviknight|move: Roost
|
|upkeep
|turn|17
|
|t:|1781247218
|switch|p2a: SLICE|Hatterene, F|100/100
|-damage|p2a: SLICE|88/100|[from] Spikes
|move|p1a: Corviknight|Defog|p2a: SLICE
|move|p2a: SLICE|Defog|p1a: Corviknight|[from] ability: Magic Bounce
|-unboost|p1a: Corviknight|evasion|1
|-sideend|p2: ascended tusk 69|Spikes|[from] move: Defog|[of] p2a: SLICE
|
|-heal|p2a: SLICE|94/100|[from] item: Leftovers
|upkeep
|turn|18
|c|☆ascended tusk 69|ty
|
|t:|1781247231
|switch|p1a: Slowking|Slowking-Galar, M|76/100
|move|p2a: SLICE|Calm Mind|p2a: SLICE
|-boost|p2a: SLICE|spa|1
|-boost|p2a: SLICE|spd|1
|
|-heal|p2a: SLICE|99/100|[from] item: Leftovers
|upkeep
|turn|19
|
|t:|1781247235
|move|p2a: SLICE|Calm Mind|p2a: SLICE
|-boost|p2a: SLICE|spa|1
|-boost|p2a: SLICE|spd|1
|move|p1a: Slowking|Sludge Bomb|p2a: SLICE
|-supereffective|p2a: SLICE
|-damage|p2a: SLICE|84/100
|
|-heal|p2a: SLICE|90/100|[from] item: Leftovers
|upkeep
|turn|20
|
|t:|1781247239
|move|p2a: SLICE|Calm Mind|p2a: SLICE
|-boost|p2a: SLICE|spa|1
|-boost|p2a: SLICE|spd|1
|move|p1a: Slowking|Sludge Bomb|p2a: SLICE
|-supereffective|p2a: SLICE
|-damage|p2a: SLICE|77/100
|
|-heal|p2a: SLICE|83/100|[from] item: Leftovers
|upkeep
|turn|21
|
|t:|1781247243
|move|p2a: SLICE|Stored Power|p1a: Slowking
|-damage|p1a: Slowking|0 fnt
|faint|p1a: Slowking
|
|-heal|p2a: SLICE|89/100|[from] item: Leftovers
|upkeep
|
|t:|1781247250
|switch|p1a: Hatterene|Hatterene, F|100/100
|turn|22
|
|t:|1781247253
|move|p2a: SLICE|Draining Kiss|p1a: Hatterene
|-damage|p1a: Hatterene|46/100
|-heal|p2a: SLICE|100/100|[from] drain|[of] p1a: Hatterene
|move|p1a: Hatterene|Nuzzle|p2a: SLICE
|-damage|p2a: SLICE|99/100
|-status|p2a: SLICE|par
|
|-heal|p1a: Hatterene|52/100|[from] item: Leftovers
|-heal|p2a: SLICE|100/100 par|[from] item: Leftovers
|-sideend|p2: ascended tusk 69|move: Light Screen
|upkeep
|turn|23
|
|t:|1781247257
|move|p1a: Hatterene|Psyshock|p2a: SLICE
|-resisted|p2a: SLICE
|-damage|p2a: SLICE|86/100 par
|move|p2a: SLICE|Calm Mind|p2a: SLICE
|-boost|p2a: SLICE|spa|1
|-boost|p2a: SLICE|spd|1
|
|-heal|p1a: Hatterene|58/100|[from] item: Leftovers
|-heal|p2a: SLICE|92/100 par|[from] item: Leftovers
|-sideend|p2: ascended tusk 69|Reflect
|upkeep
|turn|24
|
|t:|1781247263
|move|p1a: Hatterene|Psyshock|p2a: SLICE
|-resisted|p2a: SLICE
|-damage|p2a: SLICE|76/100 par
|move|p2a: SLICE|Draining Kiss|p1a: Hatterene
|-damage|p1a: Hatterene|0 fnt
|-heal|p2a: SLICE|100/100 par|[from] drain|[of] p1a: Hatterene
|faint|p1a: Hatterene
|
|upkeep
|
|t:|1781247267
|switch|p1a: Corviknight|Corviknight, F|100/100
|-ability|p1a: Corviknight|Pressure
|turn|25
|
|t:|1781247269
|move|p1a: Corviknight|Iron Defense|p1a: Corviknight
|-boost|p1a: Corviknight|def|2
|move|p2a: SLICE|Mystical Fire|p1a: Corviknight
|-supereffective|p1a: Corviknight
|-damage|p1a: Corviknight|0 fnt
|faint|p1a: Corviknight
|
|upkeep
|c|☆ascended tusk 69|pogged
|l| yuureisuisei
|-message|LT_Alt1 forfeited.
|
|win|ascended tusk 69
|raw|LT_Alt1's rating: 1668 &rarr; <strong>1647</strong><br />(-21 for losing)
|raw|ascended tusk 69's rating: 1659 &rarr; <strong>1680</strong><br />(+21 for winning)
|l|‽LT_Alt1
|player|p1|
|l|☆ascended tusk 69
|player|p2|
|l| lord shiddenfards
