|j|☆Jewgi_moto
|j|‽GyaradosDragon
|t:|1781419091
|gametype|singles
|player|p1|Jewgi_moto|1|1631
|player|p2|GyaradosDragon|galacticgruntf|1697
|gen|9
|tier|[Gen 9] OU
|rated|
|rule|HP Percentage Mod: HP is shown in percentages
|rule|Endless Battle Clause: Forcing endless battles is banned
|rule|Species Clause: Limit one of each Pokémon
|rule|OHKO Clause: OHKO moves are banned
|rule|Evasion Items Clause: Evasion items are banned
|rule|Evasion Moves Clause: Evasion moves are banned
|rule|Evasion Abilities Clause: Evasion abilities are banned
|rule|Sleep Moves Clause: Sleep-inducing moves are banned
|clearpoke
|poke|p1|Hoopa-Unbound|
|poke|p1|Moltres|
|poke|p1|Zamazenta-*|
|poke|p1|Cinderace, M|
|poke|p1|Volcanion|
|poke|p1|Dragonite, M|
|poke|p2|Ninetales-Alola, M|
|poke|p2|Klefki, F|
|poke|p2|Maushold-Four|
|poke|p2|Latias, F|
|poke|p2|Okidogi, M|
|poke|p2|Ogerpon-Wellspring, F|
|teampreview
|
|t:|1781419097
|teamsize|p1|6
|teamsize|p2|6
|start
|switch|p1a: Volcanion|Volcanion|100/100
|switch|p2a: Klefki|Klefki, F|100/100
|turn|1
|inactive|Battle timer is ON: inactive players will automatically lose when time's up. (requested by GyaradosDragon)
|
|t:|1781419100
|move|p2a: Klefki|Light Screen|p2a: Klefki
|-sidestart|p2: GyaradosDragon|move: Light Screen
|move|p1a: Volcanion|Fire Blast|p2a: Klefki
|-supereffective|p2a: Klefki
|-damage|p2a: Klefki|23/100
|
|upkeep
|turn|2
|
|t:|1781419103
|move|p2a: Klefki|Reflect|p2a: Klefki
|-sidestart|p2: GyaradosDragon|Reflect
|move|p1a: Volcanion|Steam Eruption|p2a: Klefki
|-damage|p2a: Klefki|0 fnt
|faint|p2a: Klefki
|
|upkeep
|
|t:|1781419109
|switch|p2a: Latias|Latias, F|100/100
|turn|3
|
|t:|1781419111
|switch|p1a: Hoopa|Hoopa-Unbound|100/100
|move|p2a: Latias|Agility|p2a: Latias
|-boost|p2a: Latias|spe|2
|
|upkeep
|turn|4
|
|t:|1781419116
|move|p2a: Latias|Calm Mind|p2a: Latias
|-boost|p2a: Latias|spa|1
|-boost|p2a: Latias|spd|1
|move|p1a: Hoopa|Trick|p2a: Latias
|-activate|p1a: Hoopa|move: Trick|[of] p2a: Latias
|-item|p2a: Latias|Choice Scarf|[from] move: Trick
|-item|p1a: Hoopa|Weakness Policy|[from] move: Trick
|
|upkeep
|turn|5
|
|t:|1781419122
|move|p2a: Latias|Aura Sphere|p1a: Hoopa
|-damage|p1a: Hoopa|61/100
|move|p1a: Hoopa|Thunderbolt|p2a: Latias
|-resisted|p2a: Latias
|-damage|p2a: Latias|94/100
|
|upkeep
|turn|6
|
|t:|1781419127
|switch|p1a: Moltres|Moltres|100/100
|move|p2a: Latias|Aura Sphere|p1a: Moltres
|-resisted|p1a: Moltres
|-crit|p1a: Moltres
|-damage|p1a: Moltres|80/100
|
|upkeep
|turn|7
|
|t:|1781419133
|move|p2a: Latias|Aura Sphere|p1a: Moltres
|-resisted|p1a: Moltres
|-damage|p1a: Moltres|65/100
|move|p1a: Moltres|Hurricane|p2a: Latias
|-damage|p2a: Latias|80/100
|
|upkeep
|turn|8
|
|t:|1781419137
|move|p2a: Latias|Aura Sphere|p1a: Moltres
|-resisted|p1a: Moltres
|-damage|p1a: Moltres|50/100
|move|p1a: Moltres|Hurricane|p2a: Latias
|-damage|p2a: Latias|67/100
|
|-sideend|p2: GyaradosDragon|move: Light Screen
|upkeep
|turn|9
|
|t:|1781419140
|move|p2a: Latias|Aura Sphere|p1a: Moltres
|-resisted|p1a: Moltres
|-damage|p1a: Moltres|35/100
|move|p1a: Moltres|Roost|p1a: Moltres
|-heal|p1a: Moltres|85/100
|-singleturn|p1a: Moltres|move: Roost
|
|-sideend|p2: GyaradosDragon|Reflect
|upkeep
|turn|10
|
|t:|1781419143
|move|p2a: Latias|Aura Sphere|p1a: Moltres
|-resisted|p1a: Moltres
|-damage|p1a: Moltres|71/100
|move|p1a: Moltres|Hurricane|p2a: Latias|[miss]
|-miss|p1a: Moltres|p2a: Latias
|
|upkeep
|turn|11
|
|t:|1781419146
|move|p2a: Latias|Aura Sphere|p1a: Moltres
|-resisted|p1a: Moltres
|-damage|p1a: Moltres|56/100
|move|p1a: Moltres|Hurricane|p2a: Latias
|-damage|p2a: Latias|38/100
|
|upkeep
|turn|12
|
|t:|1781419148
|move|p2a: Latias|Aura Sphere|p1a: Moltres
|-resisted|p1a: Moltres
|-damage|p1a: Moltres|41/100
|move|p1a: Moltres|Roost|p1a: Moltres
|-heal|p1a: Moltres|91/100
|-singleturn|p1a: Moltres|move: Roost
|
|upkeep
|turn|13
|
|t:|1781419151
|move|p2a: Latias|Aura Sphere|p1a: Moltres
|-resisted|p1a: Moltres
|-damage|p1a: Moltres|77/100
|move|p1a: Moltres|Hurricane|p2a: Latias
|-damage|p2a: Latias|13/100
|-start|p2a: Latias|confusion
|
|upkeep
|turn|14
|
|t:|1781419154
|-activate|p2a: Latias|confusion
|-damage|p2a: Latias|7/100|[from] confusion
|move|p1a: Moltres|Roost|p1a: Moltres
|-heal|p1a: Moltres|100/100
|-singleturn|p1a: Moltres|move: Roost
|
|upkeep
|turn|15
|
|t:|1781419158
|-activate|p2a: Latias|confusion
|-damage|p2a: Latias|0 fnt|[from] confusion
|faint|p2a: Latias
|move|p1a: Moltres|Fire Blast|p2: Latias|[notarget]
|-fail|p1a: Moltres
|
|upkeep
|
|t:|1781419159
|switch|p2a: Ninetales|Ninetales-Alola, M|100/100
|-weather|Snowscape|[from] ability: Snow Warning|[of] p2a: Ninetales
|turn|16
|
|t:|1781419161
|move|p2a: Ninetales|Aurora Veil|p2a: Ninetales
|-sidestart|p2: GyaradosDragon|move: Aurora Veil
|move|p1a: Moltres|Fire Blast|p2a: Ninetales
|-supereffective|p2a: Ninetales
|-damage|p2a: Ninetales|51/100
|-status|p2a: Ninetales|brn
|
|-weather|Snowscape|[upkeep]
|-damage|p2a: Ninetales|45/100 brn|[from] brn
|upkeep
|turn|17
|
|t:|1781419165
|switch|p1a: Cinderace|Cinderace, M|100/100
|move|p2a: Ninetales|Misty Terrain|p2a: Ninetales
|-fieldstart|move: Misty Terrain
|
|-weather|Snowscape|[upkeep]
|-damage|p2a: Ninetales|40/100 brn|[from] brn
|upkeep
|turn|18
|
|t:|1781419168
|move|p1a: Cinderace|Court Change|p1a: Cinderace
|-start|p1a: Cinderace|typechange|Normal|[from] ability: Libero
|-swapsideconditions
|-activate|p1a: Cinderace|move: Court Change
|move|p2a: Ninetales|Encore|p1a: Cinderace
|-start|p1a: Cinderace|Encore
|
|-weather|Snowscape|[upkeep]
|-damage|p2a: Ninetales|34/100 brn|[from] brn
|upkeep
|turn|19
|
|t:|1781419177
|switch|p1a: Moltres|Moltres|100/100
|move|p2a: Ninetales|Aurora Veil|p2a: Ninetales
|-sidestart|p2: GyaradosDragon|move: Aurora Veil
|
|-weather|Snowscape|[upkeep]
|-damage|p2a: Ninetales|28/100 brn|[from] brn
|upkeep
|turn|20
|
|t:|1781419179
|switch|p2a: Maushold|Maushold-Four|100/100
|move|p1a: Moltres|Fire Blast|p2a: Maushold
|-damage|p2a: Maushold|70/100
|
|-weather|none
|upkeep
|turn|21
|
|t:|1781419183
|move|p2a: Maushold|Tidy Up|p2a: Maushold
|-boost|p2a: Maushold|atk|1
|-boost|p2a: Maushold|spe|1
|move|p1a: Moltres|Hurricane|p2a: Maushold|[miss]
|-miss|p1a: Moltres|p2a: Maushold
|
|-fieldend|Misty Terrain
|upkeep
|turn|22
|
|t:|1781419185
|move|p2a: Maushold|Population Bomb|p1a: Moltres
|-damage|p1a: Moltres|92/100
|-damage|p1a: Moltres|84/100
|-status|p2a: Maushold|brn|[from] ability: Flame Body|[of] p1a: Moltres
|-damage|p1a: Moltres|79/100
|-damage|p1a: Moltres|75/100
|-damage|p1a: Moltres|70/100
|-damage|p1a: Moltres|66/100
|-damage|p1a: Moltres|61/100
|-damage|p1a: Moltres|56/100
|-damage|p1a: Moltres|52/100
|-damage|p1a: Moltres|48/100
|-hitcount|p1a: Moltres|10
|move|p1a: Moltres|Hurricane|p2a: Maushold
|-damage|p2a: Maushold|37/100 brn
|
|-damage|p2a: Maushold|31/100 brn|[from] brn
|upkeep
|turn|23
|
|t:|1781419189
|move|p2a: Maushold|Population Bomb|p1a: Moltres
|-damage|p1a: Moltres|43/100
|-damage|p1a: Moltres|39/100
|-damage|p1a: Moltres|35/100
|-damage|p1a: Moltres|31/100
|-damage|p1a: Moltres|27/100
|-damage|p1a: Moltres|22/100
|-damage|p1a: Moltres|17/100
|-damage|p1a: Moltres|13/100
|-crit|p1a: Moltres
|-damage|p1a: Moltres|0 fnt
|faint|p1a: Moltres
|-hitcount|p1: Moltres|9
|
|-damage|p2a: Maushold|25/100 brn|[from] brn
|-sideend|p1: Jewgi_moto|move: Aurora Veil
|upkeep
|
|t:|1781419195
|switch|p1a: Zamazenta|Zamazenta|100/100
|-ability|p1a: Zamazenta|Dauntless Shield|boost
|-boost|p1a: Zamazenta|def|1
|turn|24
|
|t:|1781419197
|move|p2a: Maushold|Population Bomb|p1a: Zamazenta
|-damage|p1a: Zamazenta|96/100
|-damage|p1a: Zamazenta|91/100
|-damage|p1a: Zamazenta|87/100
|-damage|p1a: Zamazenta|83/100
|-damage|p1a: Zamazenta|79/100
|-damage|p1a: Zamazenta|74/100
|-damage|p1a: Zamazenta|70/100
|-damage|p1a: Zamazenta|66/100
|-damage|p1a: Zamazenta|62/100
|-damage|p1a: Zamazenta|57/100
|-hitcount|p1a: Zamazenta|10
|move|p1a: Zamazenta|Iron Defense|p1a: Zamazenta
|-boost|p1a: Zamazenta|def|2
|
|-heal|p1a: Zamazenta|63/100|[from] item: Leftovers
|-damage|p2a: Maushold|19/100 brn|[from] brn
|upkeep
|turn|25
|
|t:|1781419201
|move|p2a: Maushold|Encore|p1a: Zamazenta
|-start|p1a: Zamazenta|Encore
|move|p1a: Zamazenta|Iron Defense|p1a: Zamazenta
|-boost|p1a: Zamazenta|def|2
|
|-heal|p1a: Zamazenta|70/100|[from] item: Leftovers
|-damage|p2a: Maushold|13/100 brn|[from] brn
|upkeep
|turn|26
|
|t:|1781419206
|switch|p1a: Volcanion|Volcanion|100/100
|move|p2a: Maushold|Population Bomb|p1a: Volcanion
|-damage|p1a: Volcanion|93/100
|-damage|p1a: Volcanion|85/100
|-damage|p1a: Volcanion|77/100
|-hitcount|p1a: Volcanion|3
|
|-damage|p2a: Maushold|7/100 brn|[from] brn
|-sideend|p2: GyaradosDragon|move: Aurora Veil
|upkeep
|turn|27
|
|t:|1781419208
|move|p2a: Maushold|Population Bomb|p1a: Volcanion
|-damage|p1a: Volcanion|70/100
|-damage|p1a: Volcanion|64/100
|-damage|p1a: Volcanion|56/100
|-damage|p1a: Volcanion|48/100
|-damage|p1a: Volcanion|42/100
|-damage|p1a: Volcanion|34/100
|-crit|p1a: Volcanion
|-damage|p1a: Volcanion|23/100
|-damage|p1a: Volcanion|16/100
|-damage|p1a: Volcanion|8/100
|-damage|p1a: Volcanion|0 fnt
|faint|p1a: Volcanion
|-hitcount|p1: Volcanion|10
|
|-damage|p2a: Maushold|0 fnt|[from] brn
|faint|p2a: Maushold
|upkeep
|
|t:|1781419219
|switch|p2a: Okidogi|Okidogi, M|100/100
|switch|p1a: Cinderace|Cinderace, M|100/100
|turn|28
|
|t:|1781419225
|move|p1a: Cinderace|U-turn|p2a: Okidogi
|-start|p1a: Cinderace|typechange|Bug|[from] ability: Libero
|-resisted|p2a: Okidogi
|-damage|p2a: Okidogi|94/100
|
|t:|1781419228
|switch|p1a: Zamazenta|Zamazenta|70/100|[from] U-turn
|move|p2a: Okidogi|Bulk Up|p2a: Okidogi
|-boost|p2a: Okidogi|atk|1
|-boost|p2a: Okidogi|def|1
|
|-heal|p1a: Zamazenta|76/100|[from] item: Leftovers
|-heal|p2a: Okidogi|99/100|[from] item: Leftovers
|upkeep
|turn|29
|
|t:|1781419230
|move|p1a: Zamazenta|Iron Defense|p1a: Zamazenta
|-boost|p1a: Zamazenta|def|2
|move|p2a: Okidogi|Bulk Up|p2a: Okidogi
|-boost|p2a: Okidogi|atk|1
|-boost|p2a: Okidogi|def|1
|
|-heal|p1a: Zamazenta|82/100|[from] item: Leftovers
|-heal|p2a: Okidogi|100/100|[from] item: Leftovers
|upkeep
|turn|30
|
|t:|1781419232
|move|p1a: Zamazenta|Iron Defense|p1a: Zamazenta
|-boost|p1a: Zamazenta|def|2
|move|p2a: Okidogi|Bulk Up|p2a: Okidogi
|-boost|p2a: Okidogi|atk|1
|-boost|p2a: Okidogi|def|1
|
|-heal|p1a: Zamazenta|88/100|[from] item: Leftovers
|upkeep
|turn|31
|
|t:|1781419234
|move|p1a: Zamazenta|Iron Defense|p1a: Zamazenta
|-boost|p1a: Zamazenta|def|2
|move|p2a: Okidogi|Bulk Up|p2a: Okidogi
|-boost|p2a: Okidogi|atk|1
|-boost|p2a: Okidogi|def|1
|
|-heal|p1a: Zamazenta|94/100|[from] item: Leftovers
|upkeep
|turn|32
|
|t:|1781419235
|move|p1a: Zamazenta|Iron Defense|p1a: Zamazenta
|-boost|p1a: Zamazenta|def|0
|move|p2a: Okidogi|Bulk Up|p2a: Okidogi
|-boost|p2a: Okidogi|atk|1
|-boost|p2a: Okidogi|def|1
|
|-heal|p1a: Zamazenta|100/100|[from] item: Leftovers
|upkeep
|turn|33
|
|t:|1781419237
|move|p1a: Zamazenta|Substitute|p1a: Zamazenta
|-start|p1a: Zamazenta|Substitute
|-damage|p1a: Zamazenta|75/100
|move|p2a: Okidogi|Bulk Up|p2a: Okidogi
|-boost|p2a: Okidogi|atk|1
|-boost|p2a: Okidogi|def|1
|
|-heal|p1a: Zamazenta|82/100|[from] item: Leftovers
|upkeep
|turn|34
|
|t:|1781419238
|move|p1a: Zamazenta|Body Press|p2a: Okidogi
|-resisted|p2a: Okidogi
|-damage|p2a: Okidogi|87/100
|move|p2a: Okidogi|Drain Punch|p1a: Zamazenta
|-end|p1a: Zamazenta|Substitute
|-heal|p2a: Okidogi|99/100|[from] drain|[of] p1a: Zamazenta
|
|-heal|p1a: Zamazenta|88/100|[from] item: Leftovers
|-heal|p2a: Okidogi|100/100|[from] item: Leftovers
|upkeep
|turn|35
|
|t:|1781419246
|-terastallize|p1a: Zamazenta|Ghost
|move|p1a: Zamazenta|Substitute|p1a: Zamazenta
|-start|p1a: Zamazenta|Substitute
|-damage|p1a: Zamazenta|63/100
|move|p2a: Okidogi|Drain Punch|p1a: Zamazenta
|-immune|p1a: Zamazenta
|
|-heal|p1a: Zamazenta|69/100|[from] item: Leftovers
|upkeep
|turn|36
|
|t:|1781419252
|move|p1a: Zamazenta|Body Press|p2a: Okidogi
|-resisted|p2a: Okidogi
|-damage|p2a: Okidogi|87/100
|move|p2a: Okidogi|Knock Off|p1a: Zamazenta
|-supereffective|p1a: Zamazenta
|-end|p1a: Zamazenta|Substitute
|
|-heal|p1a: Zamazenta|75/100|[from] item: Leftovers
|-heal|p2a: Okidogi|93/100|[from] item: Leftovers
|upkeep
|turn|37
|
|t:|1781419259
|move|p1a: Zamazenta|Body Press|p2a: Okidogi
|-resisted|p2a: Okidogi
|-damage|p2a: Okidogi|79/100
|move|p2a: Okidogi|Knock Off|p1a: Zamazenta
|-supereffective|p1a: Zamazenta
|-damage|p1a: Zamazenta|22/100
|-enditem|p1a: Zamazenta|Leftovers|[from] move: Knock Off|[of] p2a: Okidogi
|
|-heal|p2a: Okidogi|85/100|[from] item: Leftovers
|upkeep
|turn|38
|
|t:|1781419261
|move|p1a: Zamazenta|Body Press|p2a: Okidogi
|-resisted|p2a: Okidogi
|-damage|p2a: Okidogi|74/100
|move|p2a: Okidogi|Knock Off|p1a: Zamazenta
|-supereffective|p1a: Zamazenta
|-damage|p1a: Zamazenta|0 fnt
|faint|p1a: Zamazenta
|
|-heal|p2a: Okidogi|80/100|[from] item: Leftovers
|upkeep
|
|t:|1781419263
|switch|p1a: Hoopa|Hoopa-Unbound|61/100
|turn|39
|
|t:|1781419265
|-terastallize|p2a: Okidogi|Normal
|move|p1a: Hoopa|Psychic|p2a: Okidogi
|-damage|p2a: Okidogi|23/100
|move|p2a: Okidogi|Drain Punch|p1a: Hoopa
|-damage|p1a: Hoopa|0 fnt
|-heal|p2a: Okidogi|47/100|[from] drain|[of] p1a: Hoopa
|faint|p1a: Hoopa
|
|-heal|p2a: Okidogi|53/100|[from] item: Leftovers
|upkeep
|
|t:|1781419268
|switch|p1a: Cinderace|Cinderace, M|100/100
|turn|40
|
|t:|1781419270
|move|p1a: Cinderace|Pyro Ball|p2a: Okidogi
|-damage|p2a: Okidogi|41/100
|move|p2a: Okidogi|Drain Punch|p1a: Cinderace
|-damage|p1a: Cinderace|0 fnt
|-heal|p2a: Okidogi|81/100|[from] drain|[of] p1a: Cinderace
|faint|p1a: Cinderace
|
|-heal|p2a: Okidogi|87/100|[from] item: Leftovers
|upkeep
|
|t:|1781419272
|switch|p1a: Dragonite|Dragonite, M|100/100
|turn|41
|
|t:|1781419275
|move|p1a: Dragonite|Dragon Dance|p1a: Dragonite
|-boost|p1a: Dragonite|atk|1
|-boost|p1a: Dragonite|spe|1
|move|p2a: Okidogi|Drain Punch|p1a: Dragonite
|-resisted|p1a: Dragonite
|-damage|p1a: Dragonite|54/100
|-heal|p2a: Okidogi|100/100|[from] drain|[of] p1a: Dragonite
|
|upkeep
|turn|42
|
|t:|1781419277
|move|p1a: Dragonite|Roost|p1a: Dragonite
|-heal|p1a: Dragonite|100/100
|-singleturn|p1a: Dragonite|move: Roost
|move|p2a: Okidogi|Drain Punch|p1a: Dragonite
|-damage|p1a: Dragonite|18/100
|
|upkeep
|turn|43
|
|t:|1781419284
|move|p1a: Dragonite|Extreme Speed|p2a: Okidogi
|-damage|p2a: Okidogi|90/100
|move|p2a: Okidogi|Drain Punch|p1a: Dragonite
|-resisted|p1a: Dragonite
|-damage|p1a: Dragonite|0 fnt
|-heal|p2a: Okidogi|98/100|[from] drain|[of] p1a: Dragonite
|faint|p1a: Dragonite
|
|win|GyaradosDragon
|raw|Jewgi_moto's rating: 1631 &rarr; <strong>1615</strong><br />(-16 for losing)
|raw|GyaradosDragon's rating: 1697 &rarr; <strong>1713</strong><br />(+16 for winning)
|l|☆Jewgi_moto
|player|p1|
|l|‽GyaradosDragon
|player|p2|
