|j|☆Juchzer
|j|☆AbraviousTinkaton
|t:|1781097531
|gametype|singles
|player|p1|Juchzer|2|1672
|player|p2|AbraviousTinkaton|dana|1656
|gen|9
|tier|[Gen 9] OU
|rated|
|rule|HP Percentage Mod: HP is shown in percentages
|rule|Endless Battle Clause: Forcing endless battles is banned
|rule|Species Clause: Limit one of each Pokémon
|rule|OHKO Clause: OHKO moves are banned
|rule|Evasion Items Clause: Evasion items are banned
|rule|Evasion Moves Clause: Evasion moves are banned
|rule|Evasion Abilities Clause: Evasion abilities are banned
|rule|Sleep Moves Clause: Sleep-inducing moves are banned
|clearpoke
|poke|p1|Hoopa-Unbound|
|poke|p1|Ceruledge, F|
|poke|p1|Great Tusk|
|poke|p1|Scizor, F|
|poke|p1|Rillaboom, F|
|poke|p1|Landorus-Therian, M|
|poke|p2|Ogerpon-Wellspring, F|
|poke|p2|Kingambit, M|
|poke|p2|Landorus-Therian, M|
|poke|p2|Glimmora, F|
|poke|p2|Dragapult, F|
|poke|p2|Iron Valiant|
|teampreview
|inactive|Battle timer is ON: inactive players will automatically lose when time's up. (requested by Juchzer)
|
|t:|1781097570
|teamsize|p1|6
|teamsize|p2|6
|start
|switch|p1a: Hoopa|Hoopa-Unbound|100/100
|switch|p2a: Landorus|Landorus-Therian, M|100/100
|-ability|p2a: Landorus|Intimidate|boost
|-unboost|p1a: Hoopa|atk|1
|turn|1
|
|t:|1781097584
|-terastallize|p1a: Hoopa|Poison
|move|p1a: Hoopa|Psychic|p2a: Landorus
|-damage|p2a: Landorus|42/100
|move|p2a: Landorus|Stealth Rock|p1a: Hoopa
|-sidestart|p1: Juchzer|move: Stealth Rock
|
|upkeep
|turn|2
|
|t:|1781097599
|switch|p2a: Kingambit|Kingambit, M|100/100
|move|p1a: Hoopa|Psychic|p2a: Kingambit
|-immune|p2a: Kingambit
|
|upkeep
|turn|3
|
|t:|1781097604
|switch|p1a: Landorus|Landorus-Therian, M|100/100
|-damage|p1a: Landorus|88/100|[from] Stealth Rock
|-ability|p1a: Landorus|Intimidate|boost
|-unboost|p2a: Kingambit|atk|1
|-end|p2a: Kingambit|fallenundefined|[silent]
|switch|p2a: Dragapult|Dragapult, F|100/100
|
|upkeep
|turn|4
|
|t:|1781097618
|-terastallize|p2a: Dragapult|Ghost
|move|p2a: Dragapult|Shadow Ball|p1a: Landorus
|-damage|p1a: Landorus|14/100
|move|p1a: Landorus|Stealth Rock|p2a: Dragapult
|-sidestart|p2: AbraviousTinkaton|move: Stealth Rock
|
|upkeep
|turn|5
|
|t:|1781097628
|move|p2a: Dragapult|Shadow Ball|p1a: Landorus
|-damage|p1a: Landorus|0 fnt
|faint|p1a: Landorus
|
|upkeep
|
|t:|1781097633
|switch|p1a: Hoopa|Hoopa-Unbound, tera:Poison|100/100
|-damage|p1a: Hoopa|88/100|[from] Stealth Rock
|turn|6
|
|t:|1781097646
|switch|p2a: Ogerpon|Ogerpon-Wellspring, F|100/100
|-damage|p2a: Ogerpon|88/100|[from] Stealth Rock
|move|p1a: Hoopa|Knock Off|p2a: Ogerpon
|-damage|p2a: Ogerpon|46/100
|
|upkeep
|turn|7
|
|t:|1781097662
|switch|p1a: Rillaboom|Rillaboom, F|100/100
|-damage|p1a: Rillaboom|88/100|[from] Stealth Rock
|-fieldstart|move: Grassy Terrain|[from] ability: Grassy Surge|[of] p1a: Rillaboom
|move|p2a: Ogerpon|Ivy Cudgel|p1a: Rillaboom|[anim] Ivy Cudgel Water
|-resisted|p1a: Rillaboom
|-damage|p1a: Rillaboom|59/100
|
|-heal|p2a: Ogerpon|52/100|[from] Grassy Terrain
|-heal|p1a: Rillaboom|65/100|[from] Grassy Terrain
|upkeep
|turn|8
|
|t:|1781097671
|move|p2a: Ogerpon|Horn Leech|p1a: Rillaboom
|-resisted|p1a: Rillaboom
|-damage|p1a: Rillaboom|36/100
|-heal|p2a: Ogerpon|71/100|[from] drain|[of] p1a: Rillaboom
|move|p1a: Rillaboom|U-turn|p2a: Ogerpon
|-supereffective|p2a: Ogerpon
|-damage|p2a: Ogerpon|0 fnt
|faint|p2a: Ogerpon
|
|t:|1781097677
|switch|p1a: Great Tusk|Great Tusk|100/100|[from] U-turn
|-damage|p1a: Great Tusk|98/100|[from] Stealth Rock
|
|-heal|p1a: Great Tusk|100/100|[from] Grassy Terrain
|upkeep
|
|t:|1781097690
|switch|p2a: Dragapult|Dragapult, F, tera:Ghost|100/100
|-damage|p2a: Dragapult|88/100|[from] Stealth Rock
|turn|9
|inactive|Juchzer has 120 seconds left.
|
|t:|1781097736
|-end|p1a: Great Tusk|Protosynthesis|[silent]
|switch|p1a: Scizor|Scizor, F|100/100
|-damage|p1a: Scizor|88/100|[from] Stealth Rock
|move|p2a: Dragapult|Shadow Ball|p1a: Scizor
|-damage|p1a: Scizor|6/100
|
|-heal|p2a: Dragapult|94/100|[from] Grassy Terrain
|-heal|p1a: Scizor|12/100|[from] Grassy Terrain
|-heal|p1a: Scizor|18/100|[from] item: Leftovers
|upkeep
|turn|10
|
|t:|1781097759
|move|p1a: Scizor|Bullet Punch|p2a: Dragapult
|-damage|p2a: Dragapult|48/100
|move|p2a: Dragapult|Shadow Ball|p1a: Scizor
|-damage|p1a: Scizor|0 fnt
|faint|p1a: Scizor
|
|-heal|p2a: Dragapult|54/100|[from] Grassy Terrain
|upkeep
|
|t:|1781097779
|switch|p1a: Hoopa|Hoopa-Unbound, tera:Poison|88/100
|-damage|p1a: Hoopa|76/100|[from] Stealth Rock
|turn|11
|
|t:|1781097795
|switch|p2a: Iron Valiant|Iron Valiant|100/100
|-damage|p2a: Iron Valiant|94/100|[from] Stealth Rock
|-enditem|p2a: Iron Valiant|Booster Energy
|-activate|p2a: Iron Valiant|ability: Quark Drive|[fromitem]
|-start|p2a: Iron Valiant|quarkdrivespe
|move|p1a: Hoopa|Knock Off|p2a: Iron Valiant
|-resisted|p2a: Iron Valiant
|-damage|p2a: Iron Valiant|84/100
|
|-heal|p2a: Iron Valiant|90/100|[from] Grassy Terrain
|-heal|p1a: Hoopa|82/100|[from] Grassy Terrain
|-fieldend|move: Grassy Terrain
|upkeep
|turn|12
|
|t:|1781097802
|switch|p1a: Great Tusk|Great Tusk|100/100
|-damage|p1a: Great Tusk|98/100|[from] Stealth Rock
|move|p2a: Iron Valiant|Swords Dance|p2a: Iron Valiant
|-boost|p2a: Iron Valiant|atk|2
|
|-heal|p1a: Great Tusk|100/100|[from] item: Leftovers
|upkeep
|turn|13
|
|t:|1781097809
|move|p2a: Iron Valiant|Spirit Break|p1a: Great Tusk
|-supereffective|p1a: Great Tusk
|-damage|p1a: Great Tusk|0 fnt
|faint|p1a: Great Tusk
|-end|p1a: Great Tusk|Protosynthesis|[silent]
|
|upkeep
|
|t:|1781097813
|switch|p1a: Hoopa|Hoopa-Unbound, tera:Poison|82/100
|-damage|p1a: Hoopa|70/100|[from] Stealth Rock
|turn|14
|
|t:|1781097823
|move|p2a: Iron Valiant|Knock Off|p1a: Hoopa
|-damage|p1a: Hoopa|0 fnt
|-enditem|p1a: Hoopa|Choice Scarf|[from] move: Knock Off|[of] p2a: Iron Valiant
|faint|p1a: Hoopa
|
|upkeep
|-message|Juchzer forfeited.
|
|win|AbraviousTinkaton
|raw|Juchzer's rating: 1672 &rarr; <strong>1651</strong><br />(-21 for losing)
|raw|AbraviousTinkaton's rating: 1656 &rarr; <strong>1677</strong><br />(+21 for winning)
|l|☆Juchzer
|player|p1|
|l|☆AbraviousTinkaton
|player|p2|
