|j|☆jonuz
|j|☆erhai
|t:|1781202711
|gametype|singles
|player|p1|jonuz|102|1734
|player|p2|erhai|1|1678
|gen|9
|tier|[Gen 9] OU
|rated|
|rule|HP Percentage Mod: HP is shown in percentages
|rule|Endless Battle Clause: Forcing endless battles is banned
|rule|Species Clause: Limit one of each Pokémon
|rule|OHKO Clause: OHKO moves are banned
|rule|Evasion Items Clause: Evasion items are banned
|rule|Evasion Moves Clause: Evasion moves are banned
|rule|Evasion Abilities Clause: Evasion abilities are banned
|rule|Sleep Moves Clause: Sleep-inducing moves are banned
|clearpoke
|poke|p1|Gholdengo|
|poke|p1|Darkrai|
|poke|p1|Clefable, F|
|poke|p1|Ting-Lu|
|poke|p1|Dragonite, F|
|poke|p1|Pecharunt|
|poke|p2|Iron Jugulis|
|poke|p2|Ogerpon, F|
|poke|p2|Scizor, F|
|poke|p2|Latios, M|
|poke|p2|Manaphy|
|poke|p2|Sandy Shocks|
|teampreview
|inactive|Battle timer is ON: inactive players will automatically lose when time's up. (requested by erhai)
|
|t:|1781202727
|teamsize|p1|6
|teamsize|p2|6
|start
|switch|p1a: Ting-Lu|Ting-Lu|100/100
|switch|p2a: Iron Jugulis|Iron Jugulis|100/100
|-ability|p1a: Ting-Lu|Vessel of Ruin
|-enditem|p2a: Iron Jugulis|Booster Energy
|-activate|p2a: Iron Jugulis|ability: Quark Drive|[fromitem]
|-start|p2a: Iron Jugulis|quarkdrivespe
|turn|1
|
|t:|1781202729
|move|p2a: Iron Jugulis|Taunt|p1a: Ting-Lu
|-start|p1a: Ting-Lu|move: Taunt
|cant|p1a: Ting-Lu|move: Taunt|Stealth Rock
|
|upkeep
|turn|2
|
|t:|1781202732
|move|p2a: Iron Jugulis|Hurricane|p1a: Ting-Lu
|-damage|p1a: Ting-Lu|74/100
|-enditem|p1a: Ting-Lu|Red Card|[of] p2a: Iron Jugulis
|-end|p2a: Iron Jugulis|Quark Drive|[silent]
|drag|p2a: Ogerpon|Ogerpon, F|100/100
|move|p1a: Ting-Lu|Ruination|p2a: Ogerpon
|-damage|p2a: Ogerpon|51/100
|
|upkeep
|turn|3
|
|t:|1781202740
|switch|p1a: Pecharunt|Pecharunt|100/100
|move|p2a: Ogerpon|Ivy Cudgel|p1a: Pecharunt
|-resisted|p1a: Pecharunt
|-damage|p1a: Pecharunt|89/100
|
|upkeep
|turn|4
|
|t:|1781202744
|switch|p2a: Sandy Shocks|Sandy Shocks|100/100
|-enditem|p2a: Sandy Shocks|Booster Energy
|-activate|p2a: Sandy Shocks|ability: Protosynthesis|[fromitem]
|-start|p2a: Sandy Shocks|protosynthesisspe
|move|p1a: Pecharunt|Foul Play|p2a: Sandy Shocks
|-damage|p2a: Sandy Shocks|85/100
|
|upkeep
|turn|5
|
|t:|1781202747
|switch|p1a: Ting-Lu|Ting-Lu|74/100
|-ability|p1a: Ting-Lu|Vessel of Ruin
|move|p2a: Sandy Shocks|Stealth Rock|p1a: Ting-Lu
|-sidestart|p1: jonuz|move: Stealth Rock
|
|upkeep
|turn|6
|
|t:|1781202750
|move|p2a: Sandy Shocks|Spikes|p1a: Ting-Lu
|-sidestart|p1: jonuz|Spikes
|move|p1a: Ting-Lu|Stealth Rock|p2a: Sandy Shocks
|-sidestart|p2: erhai|move: Stealth Rock
|
|upkeep
|turn|7
|
|t:|1781202752
|move|p2a: Sandy Shocks|Spikes|p1a: Ting-Lu
|-sidestart|p1: jonuz|Spikes
|move|p1a: Ting-Lu|Spikes|p2a: Sandy Shocks
|-sidestart|p2: erhai|Spikes
|
|upkeep
|turn|8
|
|t:|1781202754
|move|p2a: Sandy Shocks|Spikes|p1a: Ting-Lu
|-sidestart|p1: jonuz|Spikes
|move|p1a: Ting-Lu|Spikes|p2a: Sandy Shocks
|-sidestart|p2: erhai|Spikes
|
|upkeep
|turn|9
|
|t:|1781202756
|move|p2a: Sandy Shocks|Earth Power|p1a: Ting-Lu
|-damage|p1a: Ting-Lu|54/100
|move|p1a: Ting-Lu|Spikes|p2a: Sandy Shocks
|-sidestart|p2: erhai|Spikes
|
|upkeep
|turn|10
|
|t:|1781202759
|move|p2a: Sandy Shocks|Earth Power|p1a: Ting-Lu
|-damage|p1a: Ting-Lu|33/100
|move|p1a: Ting-Lu|Earthquake|p2a: Sandy Shocks
|-supereffective|p2a: Sandy Shocks
|-damage|p2a: Sandy Shocks|2/100
|
|upkeep
|turn|11
|
|t:|1781202762
|move|p2a: Sandy Shocks|Earth Power|p1a: Ting-Lu
|-crit|p1a: Ting-Lu
|-damage|p1a: Ting-Lu|4/100
|move|p1a: Ting-Lu|Earthquake|p2a: Sandy Shocks
|-supereffective|p2a: Sandy Shocks
|-damage|p2a: Sandy Shocks|0 fnt
|faint|p2a: Sandy Shocks
|-end|p2a: Sandy Shocks|Protosynthesis|[silent]
|
|upkeep
|
|t:|1781202780
|switch|p2a: Ogerpon|Ogerpon, F|51/100
|-damage|p2a: Ogerpon|38/100|[from] Stealth Rock
|-damage|p2a: Ogerpon|13/100|[from] Spikes
|turn|12
|
|t:|1781202783
|move|p2a: Ogerpon|Ivy Cudgel|p1a: Ting-Lu
|-supereffective|p1a: Ting-Lu
|-crit|p1a: Ting-Lu
|-damage|p1a: Ting-Lu|0 fnt
|faint|p1a: Ting-Lu
|
|upkeep
|
|t:|1781202790
|switch|p1a: Dragonite|Dragonite, F|100/100
|turn|13
|
|t:|1781202795
|move|p2a: Ogerpon|Rock Tomb|p1a: Dragonite
|-supereffective|p1a: Dragonite
|-damage|p1a: Dragonite|81/100
|-unboost|p1a: Dragonite|spe|1
|move|p1a: Dragonite|Dragon Dance|p1a: Dragonite
|-boost|p1a: Dragonite|atk|1
|-boost|p1a: Dragonite|spe|1
|
|upkeep
|turn|14
|
|t:|1781202798
|move|p1a: Dragonite|Extreme Speed|p2a: Ogerpon
|-damage|p2a: Ogerpon|0 fnt
|faint|p2a: Ogerpon
|
|upkeep
|
|t:|1781202800
|switch|p2a: Manaphy|Manaphy, shiny|100/100
|-damage|p2a: Manaphy|88/100|[from] Stealth Rock
|-damage|p2a: Manaphy|63/100|[from] Spikes
|turn|15
|
|t:|1781202805
|-terastallize|p1a: Dragonite|Normal
|move|p1a: Dragonite|Extreme Speed|p2a: Manaphy
|-damage|p2a: Manaphy|0 fnt
|faint|p2a: Manaphy
|
|upkeep
|
|t:|1781202809
|switch|p2a: Scizor|Scizor, F, shiny|100/100
|-damage|p2a: Scizor|88/100|[from] Stealth Rock
|-damage|p2a: Scizor|63/100|[from] Spikes
|turn|16
|
|t:|1781202817
|switch|p1a: Pecharunt|Pecharunt|89/100
|move|p2a: Scizor|Close Combat|p1a: Pecharunt
|-immune|p1a: Pecharunt
|
|upkeep
|turn|17
|
|t:|1781202819
|move|p1a: Pecharunt|Foul Play|p2a: Scizor
|-damage|p2a: Scizor|25/100
|move|p2a: Scizor|Knock Off|p1a: Pecharunt
|-supereffective|p1a: Pecharunt
|-damage|p1a: Pecharunt|54/100
|-enditem|p1a: Pecharunt|Heavy-Duty Boots|[from] move: Knock Off|[of] p2a: Scizor
|
|upkeep
|turn|18
|
|t:|1781202826
|move|p2a: Scizor|Bullet Punch|p1a: Pecharunt
|-damage|p1a: Pecharunt|35/100
|move|p1a: Pecharunt|Recover|p1a: Pecharunt
|-heal|p1a: Pecharunt|85/100
|
|upkeep
|turn|19
|
|t:|1781202829
|move|p1a: Pecharunt|Foul Play|p2a: Scizor
|-damage|p2a: Scizor|0 fnt
|faint|p2a: Scizor
|
|upkeep
|
|t:|1781202832
|switch|p2a: Iron Jugulis|Iron Jugulis|100/100
|-damage|p2a: Iron Jugulis|76/100|[from] Stealth Rock
|turn|20
|
|t:|1781202835
|move|p2a: Iron Jugulis|Dark Pulse|p1a: Pecharunt
|-supereffective|p1a: Pecharunt
|-damage|p1a: Pecharunt|3/100
|move|p1a: Pecharunt|Malignant Chain|p2a: Iron Jugulis
|-damage|p2a: Iron Jugulis|39/100
|
|upkeep
|turn|21
|
|t:|1781202838
|move|p2a: Iron Jugulis|Dark Pulse|p1a: Pecharunt
|-supereffective|p1a: Pecharunt
|-damage|p1a: Pecharunt|0 fnt
|faint|p1a: Pecharunt
|
|upkeep
|
|t:|1781202843
|switch|p1a: Dragonite|Dragonite, F, tera:Normal|81/100
|turn|22
|
|t:|1781202859
|move|p1a: Dragonite|Extreme Speed|p2a: Iron Jugulis
|-damage|p2a: Iron Jugulis|0 fnt
|faint|p2a: Iron Jugulis
|-end|p2a: Iron Jugulis|Quark Drive|[silent]
|
|upkeep
|
|t:|1781202860
|switch|p2a: Latios|Latios, M, shiny|100/100
|-damage|p2a: Latios|88/100|[from] Stealth Rock
|turn|23
|
|t:|1781202865
|switch|p1a: Gholdengo|Gholdengo|100/100
|-damage|p1a: Gholdengo|94/100|[from] Stealth Rock
|-damage|p1a: Gholdengo|70/100|[from] Spikes
|-terastallize|p2a: Latios|Fighting
|move|p2a: Latios|Aura Sphere|p1a: Gholdengo
|-immune|p1a: Gholdengo
|
|upkeep
|turn|24
|
|t:|1781202869
|move|p1a: Gholdengo|Trick|p2a: Latios
|-activate|p1a: Gholdengo|move: Trick|[of] p2a: Latios
|-item|p2a: Latios|Choice Scarf|[from] move: Trick
|-item|p1a: Gholdengo|Weakness Policy|[from] move: Trick
|move|p2a: Latios|Agility|p2a: Latios
|-boost|p2a: Latios|spe|2
|
|upkeep
|turn|25
|-message|erhai forfeited.
|
|win|jonuz
|raw|jonuz's rating: 1734 &rarr; <strong>1751</strong><br />(+17 for winning)
|raw|erhai's rating: 1678 &rarr; <strong>1661</strong><br />(-17 for losing)
|l|☆erhai
|player|p2|
