|j|☆cachowcapow
|j|☆zippitytippity
|t:|1781069547
|gametype|singles
|player|p1|cachowcapow|265|1619
|player|p2|zippitytippity|cynthia-masters4|1625
|gen|9
|tier|[Gen 9] OU
|rated|
|rule|HP Percentage Mod: HP is shown in percentages
|rule|Endless Battle Clause: Forcing endless battles is banned
|rule|Species Clause: Limit one of each Pokémon
|rule|OHKO Clause: OHKO moves are banned
|rule|Evasion Items Clause: Evasion items are banned
|rule|Evasion Moves Clause: Evasion moves are banned
|rule|Evasion Abilities Clause: Evasion abilities are banned
|rule|Sleep Moves Clause: Sleep-inducing moves are banned
|clearpoke
|poke|p1|Meowscarada, M|
|poke|p1|Slowking-Galar, F|
|poke|p1|Zapdos|
|poke|p1|Alomomola, F|
|poke|p1|Great Tusk|
|poke|p1|Cetitan, F|
|poke|p2|Ursaluna, M|
|poke|p2|Cresselia, F|
|poke|p2|Iron Valiant|
|poke|p2|Hatterene, F|
|poke|p2|Keldeo-Resolute|
|poke|p2|Ogerpon, F|
|teampreview
|
|t:|1781069558
|teamsize|p1|6
|teamsize|p2|6
|start
|switch|p1a: Meowscarada|Meowscarada, M|100/100
|switch|p2a: Keldeo|Keldeo-Resolute|100/100
|turn|1
|
|t:|1781069565
|switch|p1a: Alomomola|Alomomola, F|100/100
|move|p2a: Keldeo|Vacuum Wave|p1a: Alomomola
|-damage|p1a: Alomomola|76/100
|
|upkeep
|turn|2
|
|t:|1781069584
|switch|p2a: Ogerpon|Ogerpon, F|100/100
|move|p1a: Alomomola|Flip Turn|p2a: Ogerpon
|-resisted|p2a: Ogerpon
|-damage|p2a: Ogerpon|90/100
|inactive|Battle timer is ON: inactive players will automatically lose when time's up. (requested by zippitytippity)
|
|t:|1781069594
|switch|p1a: Zapdos|Zapdos|100/100|[from] Flip Turn
|-ability|p1a: Zapdos|Pressure
|
|upkeep
|turn|3
|
|t:|1781069598
|switch|p2a: Ursaluna|Ursaluna, M, shiny|100/100
|move|p1a: Zapdos|Hurricane|p2a: Ursaluna
|-damage|p2a: Ursaluna|47/100
|
|-status|p2a: Ursaluna|brn|[from] item: Flame Orb
|upkeep
|turn|4
|
|t:|1781069604
|switch|p2a: Cresselia|Cresselia, F, shiny|100/100
|move|p1a: Zapdos|Hurricane|p2a: Cresselia
|-damage|p2a: Cresselia|70/100
|
|upkeep
|turn|5
|
|t:|1781069612
|move|p1a: Zapdos|Volt Switch|p2a: Cresselia
|-damage|p2a: Cresselia|51/100
|
|t:|1781069614
|switch|p1a: Slowking|Slowking-Galar, F|100/100|[from] Volt Switch
|move|p2a: Cresselia|Trick Room|p2a: Cresselia
|-fieldstart|move: Trick Room|[of] p2a: Cresselia
|
|upkeep
|turn|6
|
|t:|1781069618
|-prepare|p1a: Slowking|Chilly Reception|[premajor]
|move|p1a: Slowking|Chilly Reception|p1a: Slowking
|-weather|Snowscape
|
|t:|1781069623
|switch|p1a: Alomomola|Alomomola, F|100/100|[from] Chilly Reception
|move|p2a: Cresselia|Lunar Dance|p2a: Cresselia
|faint|p2a: Cresselia
|
|-weather|Snowscape|[upkeep]
|upkeep
|
|t:|1781069627
|switch|p2a: Ursaluna|Ursaluna, M, shiny|47/100 brn
|-heal|p2a: Ursaluna|100/100|[from] move: Lunar Dance
|turn|7
|
|t:|1781069634
|-terastallize|p2a: Ursaluna|Normal
|move|p2a: Ursaluna|Facade|p1a: Alomomola
|-damage|p1a: Alomomola|62/100
|move|p1a: Alomomola|Flip Turn|p2a: Ursaluna
|-damage|p2a: Ursaluna|89/100
|
|t:|1781069640
|switch|p1a: Great Tusk|Great Tusk|100/100|[from] Flip Turn
|
|-weather|Snowscape|[upkeep]
|-status|p2a: Ursaluna|brn|[from] item: Flame Orb
|upkeep
|turn|8
|
|t:|1781069644
|-terastallize|p1a: Great Tusk|Ghost
|move|p2a: Ursaluna|Facade|p1a: Great Tusk
|-immune|p1a: Great Tusk
|move|p1a: Great Tusk|Close Combat|p2a: Ursaluna
|-supereffective|p2a: Ursaluna
|-damage|p2a: Ursaluna|2/100 brn
|-unboost|p1a: Great Tusk|def|1
|-unboost|p1a: Great Tusk|spd|1
|
|-weather|Snowscape|[upkeep]
|-damage|p2a: Ursaluna|0 fnt|[from] brn
|faint|p2a: Ursaluna
|upkeep
|
|t:|1781069648
|switch|p2a: Hatterene|Hatterene, F, shiny|100/100
|turn|9
|
|t:|1781069652
|-end|p1a: Great Tusk|Protosynthesis|[silent]
|switch|p1a: Slowking|Slowking-Galar, F|100/100
|move|p2a: Hatterene|Psychic Noise|p1a: Slowking
|-damage|p1a: Slowking|73/100
|-start|p1a: Slowking|move: Heal Block
|
|-weather|Snowscape|[upkeep]
|-fieldend|move: Trick Room
|upkeep
|turn|10
|
|t:|1781069657
|switch|p2a: Keldeo|Keldeo-Resolute|100/100
|move|p1a: Slowking|Sludge Bomb|p2a: Keldeo
|-crit|p2a: Keldeo
|-damage|p2a: Keldeo|42/100
|
|-weather|Snowscape|[upkeep]
|-end|p1a: Slowking|move: Heal Block
|upkeep
|turn|11
|
|t:|1781069661
|switch|p1a: Alomomola|Alomomola, F|95/100
|move|p2a: Keldeo|Surf|p1a: Alomomola
|-resisted|p1a: Alomomola
|-damage|p1a: Alomomola|66/100
|
|-weather|Snowscape|[upkeep]
|upkeep
|turn|12
|
|t:|1781069664
|move|p2a: Keldeo|Surf|p1a: Alomomola
|-resisted|p1a: Alomomola
|-damage|p1a: Alomomola|36/100
|move|p1a: Alomomola|Flip Turn|p2a: Keldeo
|-resisted|p2a: Keldeo
|-damage|p2a: Keldeo|32/100
|
|t:|1781069672
|switch|p1a: Cetitan|Cetitan, F|100/100|[from] Flip Turn
|
|-weather|Snowscape|[upkeep]
|upkeep
|turn|13
|
|t:|1781069676
|move|p1a: Cetitan|Icicle Spear|p2a: Keldeo
|-resisted|p2a: Keldeo
|-damage|p2a: Keldeo|26/100
|-resisted|p2a: Keldeo
|-damage|p2a: Keldeo|19/100
|-resisted|p2a: Keldeo
|-crit|p2a: Keldeo
|-damage|p2a: Keldeo|9/100
|-resisted|p2a: Keldeo
|-damage|p2a: Keldeo|1/100
|-hitcount|p2a: Keldeo|4
|move|p2a: Keldeo|Surf|p1a: Cetitan
|-damage|p1a: Cetitan|10/100
|
|-weather|none
|upkeep
|turn|14
|
|t:|1781069681
|move|p2a: Keldeo|Surf|p1a: Cetitan
|-damage|p1a: Cetitan|0 fnt
|faint|p1a: Cetitan
|
|upkeep
|
|t:|1781069685
|switch|p1a: Alomomola|Alomomola, F|69/100
|turn|15
|
|t:|1781069690
|switch|p2a: Hatterene|Hatterene, F, shiny|100/100
|move|p1a: Alomomola|Flip Turn|p2a: Hatterene
|-damage|p2a: Hatterene|83/100
|
|t:|1781069696
|switch|p1a: Slowking|Slowking-Galar, F|100/100|[from] Flip Turn
|
|upkeep
|turn|16
|
|t:|1781069699
|move|p1a: Slowking|Sludge Bomb|p2a: Hatterene
|-supereffective|p2a: Hatterene
|-damage|p2a: Hatterene|7/100
|-status|p2a: Hatterene|psn
|move|p2a: Hatterene|Healing Wish|p2a: Hatterene
|faint|p2a: Hatterene
|
|upkeep
|
|t:|1781069701
|switch|p2a: Keldeo|Keldeo-Resolute|1/100
|-heal|p2a: Keldeo|100/100|[from] move: Healing Wish
|turn|17
|
|t:|1781069704
|move|p2a: Keldeo|Surf|p1a: Slowking
|-damage|p1a: Slowking|58/100
|move|p1a: Slowking|Thunder Wave|p2a: Keldeo|[miss]
|-miss|p1a: Slowking|p2a: Keldeo
|
|upkeep
|turn|18
|
|t:|1781069708
|switch|p1a: Alomomola|Alomomola, F|100/100
|move|p2a: Keldeo|Surf|p1a: Alomomola
|-resisted|p1a: Alomomola
|-damage|p1a: Alomomola|70/100
|
|upkeep
|turn|19
|
|t:|1781069710
|move|p2a: Keldeo|Surf|p1a: Alomomola
|-resisted|p1a: Alomomola
|-damage|p1a: Alomomola|43/100
|move|p1a: Alomomola|Flip Turn|p2a: Keldeo
|-resisted|p2a: Keldeo
|-damage|p2a: Keldeo|91/100
|
|t:|1781069716
|switch|p1a: Meowscarada|Meowscarada, M|100/100|[from] Flip Turn
|
|upkeep
|turn|20
|
|t:|1781069719
|switch|p2a: Ogerpon|Ogerpon, F|90/100
|move|p1a: Meowscarada|Grass Knot|p2a: Ogerpon
|-start|p1a: Meowscarada|typechange|Grass|[from] ability: Protean
|-resisted|p2a: Ogerpon
|-damage|p2a: Ogerpon|71/100
|
|upkeep
|turn|21
|
|t:|1781069726
|switch|p1a: Slowking|Slowking-Galar, F|91/100
|move|p2a: Ogerpon|Knock Off|p1a: Slowking
|-supereffective|p1a: Slowking
|-damage|p1a: Slowking|0 fnt
|-enditem|p1a: Slowking|Icy Rock|[from] move: Knock Off|[of] p2a: Ogerpon
|faint|p1a: Slowking
|
|upkeep
|
|t:|1781069728
|switch|p1a: Zapdos|Zapdos|100/100
|-ability|p1a: Zapdos|Pressure
|turn|22
|
|t:|1781069731
|move|p2a: Ogerpon|Knock Off|p1a: Zapdos
|-damage|p1a: Zapdos|48/100
|-enditem|p1a: Zapdos|Heavy-Duty Boots|[from] move: Knock Off|[of] p2a: Ogerpon
|move|p1a: Zapdos|Hurricane|p2a: Ogerpon|[miss]
|-miss|p1a: Zapdos|p2a: Ogerpon
|
|upkeep
|turn|23
|
|t:|1781069736
|switch|p2a: Keldeo|Keldeo-Resolute|91/100
|move|p1a: Zapdos|Volt Switch|p2a: Keldeo
|-supereffective|p2a: Keldeo
|-damage|p2a: Keldeo|4/100
|
|t:|1781069740
|switch|p1a: Alomomola|Alomomola, F|76/100|[from] Volt Switch
|
|upkeep
|turn|24
|
|t:|1781069745
|move|p2a: Keldeo|Secret Sword|p1a: Alomomola
|-damage|p1a: Alomomola|26/100
|move|p1a: Alomomola|Flip Turn|p2a: Keldeo
|-resisted|p2a: Keldeo
|-damage|p2a: Keldeo|0 fnt
|faint|p2a: Keldeo
|
|t:|1781069752
|switch|p1a: Zapdos|Zapdos|48/100|[from] Flip Turn
|-ability|p1a: Zapdos|Pressure
|
|upkeep
|
|t:|1781069754
|switch|p2a: Iron Valiant|Iron Valiant|100/100
|-enditem|p2a: Iron Valiant|Booster Energy
|-activate|p2a: Iron Valiant|ability: Quark Drive|[fromitem]
|-start|p2a: Iron Valiant|quarkdrivespe
|turn|25
|
|t:|1781069758
|move|p2a: Iron Valiant|Moonblast|p1a: Zapdos
|-damage|p1a: Zapdos|0 fnt
|faint|p1a: Zapdos
|
|upkeep
|
|t:|1781069760
|switch|p1a: Alomomola|Alomomola, F|59/100
|turn|26
|
|t:|1781069766
|move|p2a: Iron Valiant|Moonblast|p1a: Alomomola
|-damage|p1a: Alomomola|24/100
|move|p1a: Alomomola|Wish|p1a: Alomomola
|
|upkeep
|turn|27
|
|t:|1781069770
|move|p1a: Alomomola|Protect|p1a: Alomomola
|-singleturn|p1a: Alomomola|Protect
|move|p2a: Iron Valiant|Moonblast|p1a: Alomomola
|-activate|p1a: Alomomola|move: Protect
|
|-heal|p1a: Alomomola|74/100|[from] move: Wish|[wisher] Alomomola
|upkeep
|turn|28
|
|t:|1781069772
|move|p2a: Iron Valiant|Close Combat|p1a: Alomomola
|-damage|p1a: Alomomola|37/100
|-unboost|p2a: Iron Valiant|def|1
|-unboost|p2a: Iron Valiant|spd|1
|move|p1a: Alomomola|Wish|p1a: Alomomola
|
|upkeep
|turn|29
|
|t:|1781069777
|move|p1a: Alomomola|Protect|p1a: Alomomola
|-singleturn|p1a: Alomomola|Protect
|move|p2a: Iron Valiant|Moonblast|p1a: Alomomola
|-activate|p1a: Alomomola|move: Protect
|
|-heal|p1a: Alomomola|87/100|[from] move: Wish|[wisher] Alomomola
|upkeep
|turn|30
|
|t:|1781069783
|move|p2a: Iron Valiant|Encore|p1a: Alomomola
|-start|p1a: Alomomola|Encore
|move|p1a: Alomomola|Protect||[still]
|-fail|p1a: Alomomola
|
|upkeep
|turn|31
|
|t:|1781069785
|switch|p1a: Great Tusk|Great Tusk, tera:Ghost|100/100
|move|p2a: Iron Valiant|Moonblast|p1a: Great Tusk
|-damage|p1a: Great Tusk|29/100
|
|upkeep
|turn|32
|
|t:|1781069788
|-end|p1a: Great Tusk|Protosynthesis|[silent]
|switch|p1a: Alomomola|Alomomola, F|100/100
|move|p2a: Iron Valiant|Moonblast|p1a: Alomomola
|-damage|p1a: Alomomola|66/100
|
|upkeep
|turn|33
|
|t:|1781069790
|move|p2a: Iron Valiant|Moonblast|p1a: Alomomola
|-damage|p1a: Alomomola|32/100
|move|p1a: Alomomola|Scald|p2a: Iron Valiant
|-crit|p2a: Iron Valiant
|-damage|p2a: Iron Valiant|42/100
|
|upkeep
|turn|34
|
|t:|1781069793
|switch|p1a: Great Tusk|Great Tusk, tera:Ghost|29/100
|move|p2a: Iron Valiant|Moonblast|p1a: Great Tusk
|-damage|p1a: Great Tusk|0 fnt
|faint|p1a: Great Tusk
|-end|p1a: Great Tusk|Protosynthesis|[silent]
|
|upkeep
|j| AbrarS
|
|t:|1781069795
|switch|p1a: Alomomola|Alomomola, F|65/100
|turn|35
|j| dilf huntr
|
|t:|1781069804
|move|p2a: Iron Valiant|Moonblast|p1a: Alomomola
|-damage|p1a: Alomomola|30/100
|move|p1a: Alomomola|Flip Turn|p2a: Iron Valiant
|-damage|p2a: Iron Valiant|13/100
|
|t:|1781069807
|switch|p1a: Meowscarada|Meowscarada, M|100/100|[from] Flip Turn
|
|upkeep
|turn|36
|
|t:|1781069810
|switch|p1a: Alomomola|Alomomola, F|63/100
|move|p2a: Iron Valiant|Destiny Bond|p2a: Iron Valiant
|-singlemove|p2a: Iron Valiant|Destiny Bond
|
|upkeep
|turn|37
|
|t:|1781069814
|-end|p2a: Iron Valiant|Quark Drive|[silent]
|switch|p2a: Ogerpon|Ogerpon, F|71/100
|move|p1a: Alomomola|Flip Turn|p2a: Ogerpon
|-resisted|p2a: Ogerpon
|-damage|p2a: Ogerpon|60/100
|
|t:|1781069817
|switch|p1a: Meowscarada|Meowscarada, M|100/100|[from] Flip Turn
|
|upkeep
|turn|38
|
|t:|1781069834
|move|p1a: Meowscarada|Aura Sphere|p2a: Ogerpon
|-start|p1a: Meowscarada|typechange|Fighting|[from] ability: Protean
|-damage|p2a: Ogerpon|9/100
|move|p2a: Ogerpon|U-turn|p1a: Meowscarada
|-resisted|p1a: Meowscarada
|-damage|p1a: Meowscarada|75/100
|
|t:|1781069838
|switch|p2a: Iron Valiant|Iron Valiant|13/100|[from] U-turn
|
|upkeep
|turn|39
|-message|zippitytippity forfeited.
|
|win|cachowcapow
|raw|cachowcapow's rating: 1619 &rarr; <strong>1639</strong><br />(+20 for winning)
|raw|zippitytippity's rating: 1625 &rarr; <strong>1605</strong><br />(-20 for losing)
|l|☆zippitytippity
|player|p2|
|l|☆cachowcapow
|player|p1|
|l| dilf huntr
|l| AbrarS
