|j|☆bettercalltilin
|j|☆suprya
|t:|1781146936
|gametype|singles
|player|p1|bettercalltilin|170|1716
|player|p2|suprya|clown|1728
|gen|9
|tier|[Gen 9] OU
|rated|
|rule|HP Percentage Mod: HP is shown in percentages
|rule|Endless Battle Clause: Forcing endless battles is banned
|rule|Species Clause: Limit one of each Pokémon
|rule|OHKO Clause: OHKO moves are banned
|rule|Evasion Items Clause: Evasion items are banned
|rule|Evasion Moves Clause: Evasion moves are banned
|rule|Evasion Abilities Clause: Evasion abilities are banned
|rule|Sleep Moves Clause: Sleep-inducing moves are banned
|clearpoke
|poke|p1|Ogerpon, F|
|poke|p1|Samurott-Hisui, M|
|poke|p1|Gholdengo|
|poke|p1|Iron Treads|
|poke|p1|Zapdos|
|poke|p1|Iron Valiant|
|poke|p2|Pelipper, M|
|poke|p2|Dragonite, M|
|poke|p2|Ogerpon-Wellspring, F|
|poke|p2|Iron Treads|
|poke|p2|Basculegion, M|
|poke|p2|Fezandipiti, M|
|teampreview
|inactive|Battle timer is ON: inactive players will automatically lose when time's up. (requested by bettercalltilin)
|inactive|suprya also wants the timer to be on.
|
|t:|1781146965
|teamsize|p1|6
|teamsize|p2|6
|start
|switch|p1a: Ogerpon|Ogerpon, F|100/100
|switch|p2a: Fezandipiti|Fezandipiti, M|100/100
|turn|1
|
|t:|1781146970
|move|p1a: Ogerpon|U-turn|p2a: Fezandipiti
|-resisted|p2a: Fezandipiti
|-damage|p2a: Fezandipiti|91/100
|
|t:|1781146973
|switch|p1a: Iron Treads|Iron Treads|100/100|[from] U-turn
|move|p2a: Fezandipiti|Heat Wave|p1a: Iron Treads
|-supereffective|p1a: Iron Treads
|-damage|p1a: Iron Treads|62/100
|
|-heal|p1a: Iron Treads|68/100|[from] item: Leftovers
|upkeep
|turn|2
|
|t:|1781146981
|switch|p2a: Ogerpon|Ogerpon-Wellspring, F|100/100
|move|p1a: Iron Treads|Stealth Rock|p2a: Ogerpon
|-sidestart|p2: suprya|move: Stealth Rock
|
|-heal|p1a: Iron Treads|74/100|[from] item: Leftovers
|upkeep
|turn|3
|
|t:|1781146990
|-end|p1a: Iron Treads|Quark Drive|[silent]
|switch|p1a: Ogerpon|Ogerpon, F|100/100
|move|p2a: Ogerpon|Spikes|p1a: Ogerpon
|-sidestart|p1: bettercalltilin|Spikes
|
|upkeep
|turn|4
|
|t:|1781147000
|switch|p2a: Fezandipiti|Fezandipiti, M|91/100
|move|p1a: Ogerpon|Ivy Cudgel|p2a: Fezandipiti
|-resisted|p2a: Fezandipiti
|-damage|p2a: Fezandipiti|51/100
|
|upkeep
|turn|5
|
|t:|1781147008
|switch|p2a: Dragonite|Dragonite, M|100/100
|-terastallize|p1a: Ogerpon|Grass
|detailschange|p1a: Ogerpon|Ogerpon-Teal-Tera, F, tera:Grass
|-ability|p1a: Ogerpon|Embody Aspect (Teal)|boost
|-boost|p1a: Ogerpon|spe|1
|move|p1a: Ogerpon|Ivy Cudgel|p2a: Dragonite
|-resisted|p2a: Dragonite
|-damage|p2a: Dragonite|88/100
|
|upkeep
|turn|6
|
|t:|1781147019
|switch|p1a: Zapdos|Zapdos|100/100
|move|p2a: Dragonite|Earthquake|p1a: Zapdos
|-immune|p1a: Zapdos
|
|upkeep
|turn|7
|
|t:|1781147036
|switch|p1a: Ogerpon|Ogerpon-Teal-Tera, F, tera:Grass|100/100
|-damage|p1a: Ogerpon|88/100|[from] Spikes
|-ability|p1a: Ogerpon|Embody Aspect (Teal)|boost
|-boost|p1a: Ogerpon|spe|1
|move|p2a: Dragonite|Roost|p2a: Dragonite
|-heal|p2a: Dragonite|100/100
|-singleturn|p2a: Dragonite|move: Roost
|
|upkeep
|turn|8
|
|t:|1781147044
|move|p2a: Dragonite|Extreme Speed|p1a: Ogerpon
|-damage|p1a: Ogerpon|49/100
|move|p1a: Ogerpon|U-turn|p2a: Dragonite
|-resisted|p2a: Dragonite
|-damage|p2a: Dragonite|92/100
|
|t:|1781147049
|switch|p1a: Iron Valiant|Iron Valiant|100/100|[from] U-turn
|-damage|p1a: Iron Valiant|88/100|[from] Spikes
|
|upkeep
|turn|9
|
|t:|1781147058
|switch|p2a: Fezandipiti|Fezandipiti, M|51/100
|move|p1a: Iron Valiant|Moonblast|p2a: Fezandipiti
|-resisted|p2a: Fezandipiti
|-damage|p2a: Fezandipiti|31/100
|
|upkeep
|turn|10
|j| Mega Delibird X
|
|t:|1781147067
|-end|p1a: Iron Valiant|Quark Drive|[silent]
|switch|p1a: Iron Treads|Iron Treads|74/100
|-damage|p1a: Iron Treads|62/100|[from] Spikes
|move|p2a: Fezandipiti|Roost|p2a: Fezandipiti
|-heal|p2a: Fezandipiti|81/100
|-singleturn|p2a: Fezandipiti|move: Roost
|
|-heal|p1a: Iron Treads|68/100|[from] item: Leftovers
|upkeep
|turn|11
|
|t:|1781147088
|switch|p2a: Basculegion|Basculegion, M|100/100
|-damage|p2a: Basculegion|88/100|[from] Stealth Rock
|move|p1a: Iron Treads|Knock Off|p2a: Basculegion
|-supereffective|p2a: Basculegion
|-damage|p2a: Basculegion|20/100
|-enditem|p2a: Basculegion|Choice Band|[from] move: Knock Off|[of] p1a: Iron Treads
|
|-heal|p1a: Iron Treads|74/100|[from] item: Leftovers
|upkeep
|turn|12
|
|t:|1781147097
|move|p2a: Basculegion|Aqua Jet|p1a: Iron Treads
|-supereffective|p1a: Iron Treads
|-damage|p1a: Iron Treads|37/100
|move|p1a: Iron Treads|Knock Off|p2a: Basculegion
|-supereffective|p2a: Basculegion
|-damage|p2a: Basculegion|0 fnt
|faint|p2a: Basculegion
|
|-heal|p1a: Iron Treads|43/100|[from] item: Leftovers
|upkeep
|
|t:|1781147101
|switch|p2a: Ogerpon|Ogerpon-Wellspring, F|100/100
|-damage|p2a: Ogerpon|88/100|[from] Stealth Rock
|turn|13
|
|t:|1781147106
|-end|p1a: Iron Treads|Quark Drive|[silent]
|switch|p1a: Zapdos|Zapdos|100/100
|move|p2a: Ogerpon|Ivy Cudgel|p1a: Zapdos|[anim] Ivy Cudgel Water
|-damage|p1a: Zapdos|58/100
|
|upkeep
|turn|14
|
|t:|1781147119
|switch|p2a: Iron Treads|Iron Treads|100/100
|-damage|p2a: Iron Treads|98/100|[from] Stealth Rock
|move|p1a: Zapdos|Roost|p1a: Zapdos
|-heal|p1a: Zapdos|100/100
|-singleturn|p1a: Zapdos|move: Roost
|
|-heal|p2a: Iron Treads|100/100|[from] item: Leftovers
|upkeep
|turn|15
|
|t:|1781147125
|switch|p1a: Gholdengo|Gholdengo|100/100
|-item|p1a: Gholdengo|Air Balloon
|move|p2a: Iron Treads|Stealth Rock|p1a: Gholdengo
|-sidestart|p1: bettercalltilin|move: Stealth Rock
|
|upkeep
|turn|16
|j| juice newton
|j| kanaete onegai
|
|t:|1781147142
|switch|p1a: Samurott|Samurott-Hisui, M|100/100
|-damage|p1a: Samurott|88/100|[from] Spikes
|-damage|p1a: Samurott|76/100|[from] Stealth Rock
|move|p2a: Iron Treads|Knock Off|p1a: Samurott
|-resisted|p1a: Samurott
|-damage|p1a: Samurott|62/100
|-enditem|p1a: Samurott|Assault Vest|[from] move: Knock Off|[of] p2a: Iron Treads
|
|upkeep
|turn|17
|
|t:|1781147154
|move|p2a: Iron Treads|Earthquake|p1a: Samurott
|-damage|p1a: Samurott|17/100
|move|p1a: Samurott|Razor Shell|p2a: Iron Treads
|-supereffective|p2a: Iron Treads
|-damage|p2a: Iron Treads|21/100
|
|-heal|p2a: Iron Treads|27/100|[from] item: Leftovers
|upkeep
|turn|18
|
|t:|1781147165
|move|p1a: Samurott|Sucker Punch|p2a: Iron Treads
|-damage|p2a: Iron Treads|5/100
|move|p2a: Iron Treads|Earthquake|p1a: Samurott
|-damage|p1a: Samurott|0 fnt
|faint|p1a: Samurott
|
|-heal|p2a: Iron Treads|11/100|[from] item: Leftovers
|upkeep
|inactive|bettercalltilin has 120 seconds left.
|
|t:|1781147199
|switch|p1a: Ogerpon|Ogerpon-Teal-Tera, F, tera:Grass|49/100
|-damage|p1a: Ogerpon|37/100|[from] Spikes
|-damage|p1a: Ogerpon|25/100|[from] Stealth Rock
|-ability|p1a: Ogerpon|Embody Aspect (Teal)|boost
|-boost|p1a: Ogerpon|spe|1
|turn|19
|
|t:|1781147222
|move|p1a: Ogerpon|Knock Off|p2a: Iron Treads
|-damage|p2a: Iron Treads|0 fnt
|-enditem|p2a: Iron Treads|Leftovers|[from] move: Knock Off|[of] p1a: Ogerpon
|faint|p2a: Iron Treads
|-end|p2a: Iron Treads|Quark Drive|[silent]
|
|upkeep
|
|t:|1781147232
|switch|p2a: Pelipper|Pelipper, M|100/100
|-weather|RainDance|[from] ability: Drizzle|[of] p2a: Pelipper
|turn|20
|
|t:|1781147242
|switch|p1a: Zapdos|Zapdos|100/100
|move|p2a: Pelipper|U-turn|p1a: Zapdos
|-resisted|p1a: Zapdos
|-damage|p1a: Zapdos|97/100
|-status|p2a: Pelipper|par|[from] ability: Static|[of] p1a: Zapdos
|
|t:|1781147245
|switch|p2a: Fezandipiti|Fezandipiti, M|81/100|[from] U-turn
|
|-weather|RainDance|[upkeep]
|upkeep
|turn|21
|
|t:|1781147251
|move|p2a: Fezandipiti|Moonblast|p1a: Zapdos
|-damage|p1a: Zapdos|75/100
|move|p1a: Zapdos|Thunder Wave|p2a: Fezandipiti
|-status|p2a: Fezandipiti|par
|
|-weather|RainDance|[upkeep]
|upkeep
|turn|22
|
|t:|1781147257
|move|p1a: Zapdos|Roost|p1a: Zapdos
|-heal|p1a: Zapdos|100/100
|-singleturn|p1a: Zapdos|move: Roost
|move|p2a: Fezandipiti|U-turn|p1a: Zapdos
|-damage|p1a: Zapdos|89/100
|
|t:|1781147264
|switch|p2a: Ogerpon|Ogerpon-Wellspring, F|88/100|[from] U-turn
|-damage|p2a: Ogerpon|76/100|[from] Stealth Rock
|
|-weather|RainDance|[upkeep]
|upkeep
|turn|23
|
|t:|1781147266
|-terastallize|p2a: Ogerpon|Water
|detailschange|p2a: Ogerpon|Ogerpon-Wellspring-Tera, F, tera:Water
|-ability|p2a: Ogerpon|Embody Aspect (Wellspring)|boost
|-boost|p2a: Ogerpon|spd|1
|move|p2a: Ogerpon|Ivy Cudgel|p1a: Zapdos|[anim] Ivy Cudgel Water
|-damage|p1a: Zapdos|1/100
|move|p1a: Zapdos|Thunder Wave|p2a: Ogerpon
|-status|p2a: Ogerpon|par
|
|-weather|RainDance|[upkeep]
|upkeep
|turn|24
|
|t:|1781147273
|move|p1a: Zapdos|Hurricane|p2a: Ogerpon
|-crit|p2a: Ogerpon
|-damage|p2a: Ogerpon|0 fnt
|faint|p2a: Ogerpon
|detailschange|p2: Ogerpon|Ogerpon-Wellspring, F|[silent]
|
|-weather|none
|upkeep
|
|t:|1781147276
|switch|p2a: Dragonite|Dragonite, M|92/100
|turn|25
|
|t:|1781147279
|move|p2a: Dragonite|Extreme Speed|p1a: Zapdos
|-damage|p1a: Zapdos|0 fnt
|faint|p1a: Zapdos
|
|upkeep
|
|t:|1781147297
|switch|p1a: Iron Treads|Iron Treads|43/100
|-damage|p1a: Iron Treads|31/100|[from] Spikes
|-damage|p1a: Iron Treads|28/100|[from] Stealth Rock
|turn|26
|j| EBT FOOD STAMPS
|inactive|suprya has 120 seconds left.
|
|t:|1781147333
|move|p1a: Iron Treads|Rapid Spin|p2a: Dragonite
|-damage|p2a: Dragonite|78/100
|-boost|p1a: Iron Treads|spe|1
|-sideend|p1: bettercalltilin|Spikes|[from] move: Rapid Spin|[of] p1a: Iron Treads
|-sideend|p1: bettercalltilin|Stealth Rock|[from] move: Rapid Spin|[of] p1a: Iron Treads
|move|p2a: Dragonite|Roost|p2a: Dragonite
|-heal|p2a: Dragonite|100/100
|-singleturn|p2a: Dragonite|move: Roost
|
|-heal|p1a: Iron Treads|34/100|[from] item: Leftovers
|upkeep
|turn|27
|
|t:|1781147339
|switch|p2a: Pelipper|Pelipper, M|100/100 par
|-weather|RainDance|[from] ability: Drizzle|[of] p2a: Pelipper
|move|p1a: Iron Treads|Knock Off|p2a: Pelipper
|-damage|p2a: Pelipper|75/100 par
|-enditem|p2a: Pelipper|Heavy-Duty Boots|[from] move: Knock Off|[of] p1a: Iron Treads
|
|-weather|RainDance|[upkeep]
|-heal|p1a: Iron Treads|40/100|[from] item: Leftovers
|upkeep
|turn|28
|
|t:|1781147354
|move|p1a: Iron Treads|Knock Off|p2a: Pelipper
|-damage|p2a: Pelipper|60/100 par
|move|p2a: Pelipper|Hurricane|p1a: Iron Treads
|-resisted|p1a: Iron Treads
|-crit|p1a: Iron Treads
|-damage|p1a: Iron Treads|2/100
|-start|p1a: Iron Treads|confusion
|
|-weather|RainDance|[upkeep]
|-heal|p1a: Iron Treads|8/100|[from] item: Leftovers
|upkeep
|turn|29
|
|t:|1781147360
|-activate|p1a: Iron Treads|confusion
|-damage|p1a: Iron Treads|0 fnt|[from] confusion
|faint|p1a: Iron Treads
|-end|p1a: Iron Treads|Quark Drive|[silent]
|move|p2a: Pelipper|Roost|p2a: Pelipper
|-heal|p2a: Pelipper|100/100 par
|-singleturn|p2a: Pelipper|move: Roost
|
|-weather|RainDance|[upkeep]
|upkeep
|
|t:|1781147366
|switch|p1a: Iron Valiant|Iron Valiant|88/100
|turn|30
|
|t:|1781147378
|switch|p2a: Fezandipiti|Fezandipiti, M|81/100 par
|move|p1a: Iron Valiant|Thunderbolt|p2a: Fezandipiti
|-damage|p2a: Fezandipiti|55/100 par
|
|-weather|RainDance|[upkeep]
|upkeep
|turn|31
|
|t:|1781147387
|-end|p1a: Iron Valiant|Quark Drive|[silent]
|switch|p1a: Gholdengo|Gholdengo|100/100
|-item|p1a: Gholdengo|Air Balloon
|move|p2a: Fezandipiti|Roost|p2a: Fezandipiti
|-heal|p2a: Fezandipiti|100/100 par
|-singleturn|p2a: Fezandipiti|move: Roost
|
|-weather|none
|upkeep
|turn|32
|j| nesnot
|
|t:|1781147394
|switch|p2a: Dragonite|Dragonite, M|100/100
|move|p1a: Gholdengo|Hex|p2a: Dragonite
|-damage|p2a: Dragonite|87/100
|
|upkeep
|turn|33
|
|t:|1781147401
|move|p1a: Gholdengo|Thunder Wave|p2a: Dragonite
|-status|p2a: Dragonite|par
|move|p2a: Dragonite|Roost|p2a: Dragonite
|-heal|p2a: Dragonite|100/100 par
|-singleturn|p2a: Dragonite|move: Roost
|
|upkeep
|turn|34
|
|t:|1781147406
|move|p1a: Gholdengo|Hex|p2a: Dragonite
|-damage|p2a: Dragonite|74/100 par
|move|p2a: Dragonite|Dragon Tail|p1a: Gholdengo
|-resisted|p1a: Gholdengo
|-damage|p1a: Gholdengo|88/100
|-enditem|p1a: Gholdengo|Air Balloon
|drag|p1a: Iron Valiant|Iron Valiant|88/100
|
|upkeep
|turn|35
|
|t:|1781147414
|-end|p1a: Iron Valiant|Quark Drive|[silent]
|switch|p1a: Gholdengo|Gholdengo|88/100
|switch|p2a: Fezandipiti|Fezandipiti, M|100/100 par
|
|upkeep
|turn|36
|
|t:|1781147421
|move|p1a: Gholdengo|Hex|p2a: Fezandipiti
|-damage|p2a: Fezandipiti|67/100 par
|move|p2a: Fezandipiti|U-turn|p1a: Gholdengo
|-resisted|p1a: Gholdengo
|-damage|p1a: Gholdengo|86/100
|
|t:|1781147426
|switch|p2a: Dragonite|Dragonite, M|74/100 par|[from] U-turn
|
|upkeep
|turn|37
|l| nesnot
|
|t:|1781147429
|move|p1a: Gholdengo|Hex|p2a: Dragonite
|-damage|p2a: Dragonite|25/100 par
|move|p2a: Dragonite|Earthquake|p1a: Gholdengo
|-supereffective|p1a: Gholdengo
|-damage|p1a: Gholdengo|28/100
|
|upkeep
|turn|38
|
|t:|1781147436
|move|p1a: Gholdengo|Hex|p2a: Dragonite
|-damage|p2a: Dragonite|0 fnt
|faint|p2a: Dragonite
|
|upkeep
|
|t:|1781147447
|switch|p2a: Fezandipiti|Fezandipiti, M|67/100 par
|turn|39
|
|t:|1781147449
|move|p1a: Gholdengo|Make It Rain|p2a: Fezandipiti
|-supereffective|p2a: Fezandipiti
|-damage|p2a: Fezandipiti|9/100 par
|-unboost|p1a: Gholdengo|spa|1
|cant|p2a: Fezandipiti|par
|
|upkeep
|turn|40
|l| Mega Delibird X
|-message|suprya forfeited.
|
|win|bettercalltilin
|raw|bettercalltilin's rating: 1716 &rarr; <strong>1735</strong><br />(+19 for winning)
|raw|suprya's rating: 1705 &rarr; <strong>1686</strong><br />(-19 for losing)
|l|☆suprya
|player|p2|
|c|☆bettercalltilin|gg
|l| juice newton
|l|☆bettercalltilin
|player|p1|
|l| EBT FOOD STAMPS
