|j|☆SlimyTime
|j|☆goshdarnittt
|t:|1781195977
|gametype|singles
|player|p1|SlimyTime|ltsurge|1649
|player|p2|goshdarnittt|yellow|1612
|gen|9
|tier|[Gen 9] OU
|rated|
|rule|HP Percentage Mod: HP is shown in percentages
|rule|Endless Battle Clause: Forcing endless battles is banned
|rule|Species Clause: Limit one of each Pokémon
|rule|OHKO Clause: OHKO moves are banned
|rule|Evasion Items Clause: Evasion items are banned
|rule|Evasion Moves Clause: Evasion moves are banned
|rule|Evasion Abilities Clause: Evasion abilities are banned
|rule|Sleep Moves Clause: Sleep-inducing moves are banned
|clearpoke
|poke|p1|Ursaluna, M|
|poke|p1|Rillaboom, F|
|poke|p1|Heatran, F|
|poke|p1|Primarina, F|
|poke|p1|Corviknight, F|
|poke|p1|Darkrai|
|poke|p2|Pelipper, F|
|poke|p2|Golduck, M|
|poke|p2|Raging Bolt|
|poke|p2|Barraskewda, F|
|poke|p2|Tentacruel, F|
|poke|p2|Pawmot, F|
|teampreview
|
|t:|1781195996
|teamsize|p1|6
|teamsize|p2|6
|start
|switch|p1a: Darkrai|Darkrai|100/100
|switch|p2a: Pelipper|Pelipper, F|100/100
|-weather|RainDance|[from] ability: Drizzle|[of] p2a: Pelipper
|turn|1
|
|t:|1781196002
|move|p1a: Darkrai|Dark Pulse|p2a: Pelipper
|-damage|p2a: Pelipper|16/100
|move|p2a: Pelipper|U-turn|p1a: Darkrai
|-supereffective|p1a: Darkrai
|-damage|p1a: Darkrai|78/100
|
|t:|1781196009
|switch|p2a: Barraskewda|Barraskewda, F|100/100|[from] U-turn
|
|-weather|RainDance|[upkeep]
|upkeep
|turn|2
|
|t:|1781196012
|switch|p1a: Primarina|Primarina, F|100/100
|move|p2a: Barraskewda|Flip Turn|p1a: Primarina
|-resisted|p1a: Primarina
|-damage|p1a: Primarina|58/100
|
|t:|1781196015
|switch|p2a: Raging Bolt|Raging Bolt|100/100|[from] Flip Turn
|
|-weather|RainDance|[upkeep]
|upkeep
|turn|3
|
|t:|1781196019
|move|p1a: Primarina|Moonblast|p2a: Raging Bolt
|-supereffective|p2a: Raging Bolt
|-damage|p2a: Raging Bolt|17/100
|move|p2a: Raging Bolt|Thunder|p1a: Primarina
|-supereffective|p1a: Primarina
|-damage|p1a: Primarina|0 fnt
|faint|p1a: Primarina
|-damage|p2a: Raging Bolt|7/100|[from] item: Life Orb
|
|-weather|RainDance|[upkeep]
|upkeep
|
|t:|1781196026
|switch|p1a: Rillaboom|Rillaboom, F|100/100
|-fieldstart|move: Grassy Terrain|[from] ability: Grassy Surge|[of] p1a: Rillaboom
|turn|4
|
|t:|1781196030
|move|p1a: Rillaboom|Grassy Glide|p2a: Raging Bolt
|-resisted|p2a: Raging Bolt
|-damage|p2a: Raging Bolt|0 fnt
|faint|p2a: Raging Bolt
|-end|p2a: Raging Bolt|Protosynthesis|[silent]
|
|-weather|RainDance|[upkeep]
|upkeep
|
|t:|1781196034
|switch|p2a: Tentacruel|Tentacruel, F|100/100
|turn|5
|
|t:|1781196039
|move|p1a: Rillaboom|Grassy Glide|p2a: Tentacruel
|-damage|p2a: Tentacruel|0 fnt
|faint|p2a: Tentacruel
|
|-weather|RainDance|[upkeep]
|upkeep
|
|t:|1781196051
|switch|p2a: Pawmot|Pawmot, F|100/100
|turn|6
|
|t:|1781196057
|switch|p1a: Ursaluna|Ursaluna, M|100/100
|move|p2a: Pawmot|Nuzzle|p1a: Ursaluna
|-immune|p1a: Ursaluna
|
|-weather|RainDance|[upkeep]
|upkeep
|turn|7
|
|t:|1781196067
|move|p2a: Pawmot|Revival Blessing|p2a: Pawmot
|-enditem|p2a: Pawmot|Leppa Berry|[eat]
|-activate|p2a: Pawmot|item: Leppa Berry|Revival Blessing|[consumed]
|
|t:|1781196068
|-heal|p2: Raging Bolt|50/100|[from] move: Revival Blessing
|move|p1a: Ursaluna|Body Slam|p2a: Pawmot
|-damage|p2a: Pawmot|44/100
|
|-weather|RainDance|[upkeep]
|-heal|p2a: Pawmot|50/100|[from] Grassy Terrain
|upkeep
|turn|8
|
|t:|1781196083
|switch|p2a: Pelipper|Pelipper, F|16/100
|move|p1a: Ursaluna|Body Slam|p2a: Pelipper
|-damage|p2a: Pelipper|0 fnt
|faint|p2a: Pelipper
|
|-weather|none
|-fieldend|move: Grassy Terrain
|upkeep
|
|t:|1781196085
|switch|p2a: Pawmot|Pawmot, F|50/100
|turn|9
|inactive|Battle timer is ON: inactive players will automatically lose when time's up. (requested by goshdarnittt)
|
|t:|1781196099
|move|p2a: Pawmot|Revival Blessing|p2a: Pawmot
|
|t:|1781196101
|-heal|p2: Pelipper|50/100|[from] move: Revival Blessing
|move|p1a: Ursaluna|Body Slam|p2a: Pawmot
|-damage|p2a: Pawmot|0 fnt
|faint|p2a: Pawmot
|
|upkeep
|
|t:|1781196115
|switch|p2a: Barraskewda|Barraskewda, F|100/100
|turn|10
|
|t:|1781196117
|move|p1a: Ursaluna|Protect|p1a: Ursaluna
|-singleturn|p1a: Ursaluna|Protect
|move|p2a: Barraskewda|Liquidation|p1a: Ursaluna
|-activate|p1a: Ursaluna|move: Protect
|
|upkeep
|turn|11
|
|t:|1781196129
|switch|p1a: Corviknight|Corviknight, F|100/100
|-ability|p1a: Corviknight|Pressure
|move|p2a: Barraskewda|Poison Jab|p1a: Corviknight
|-immune|p1a: Corviknight
|
|upkeep
|turn|12
|
|t:|1781196133
|switch|p2a: Pelipper|Pelipper, F|50/100
|-weather|RainDance|[from] ability: Drizzle|[of] p2a: Pelipper
|move|p1a: Corviknight|U-turn|p2a: Pelipper
|-resisted|p2a: Pelipper
|-damage|p2a: Pelipper|45/100
|
|t:|1781196135
|switch|p1a: Darkrai|Darkrai|78/100|[from] U-turn
|
|-weather|RainDance|[upkeep]
|upkeep
|turn|13
|
|t:|1781196147
|switch|p2a: Raging Bolt|Raging Bolt|50/100
|move|p1a: Darkrai|Dark Pulse|p2a: Raging Bolt
|-damage|p2a: Raging Bolt|0 fnt
|faint|p2a: Raging Bolt
|-end|p2a: Raging Bolt|Protosynthesis|[silent]
|
|-weather|RainDance|[upkeep]
|upkeep
|
|t:|1781196163
|switch|p2a: Barraskewda|Barraskewda, F|100/100
|turn|14
|
|t:|1781196166
|move|p2a: Barraskewda|Flip Turn|p1a: Darkrai
|-damage|p1a: Darkrai|0 fnt
|faint|p1a: Darkrai
|
|t:|1781196168
|switch|p2a: Pelipper|Pelipper, F|45/100|[from] Flip Turn
|
|-weather|RainDance|[upkeep]
|upkeep
|
|t:|1781196172
|switch|p1a: Heatran|Heatran, F|100/100
|turn|15
|
|t:|1781196175
|move|p1a: Heatran|Stealth Rock|p2a: Pelipper
|-sidestart|p2: goshdarnittt|move: Stealth Rock
|move|p2a: Pelipper|Roost|p2a: Pelipper
|-heal|p2a: Pelipper|95/100
|-singleturn|p2a: Pelipper|move: Roost
|
|-weather|RainDance|[upkeep]
|upkeep
|turn|16
|
|t:|1781196179
|move|p1a: Heatran|Magma Storm|p2a: Pelipper|[miss]
|-miss|p1a: Heatran|p2a: Pelipper
|move|p2a: Pelipper|Surf|p1a: Heatran
|-supereffective|p1a: Heatran
|-crit|p1a: Heatran
|-damage|p1a: Heatran|9/100
|
|-weather|RainDance|[upkeep]
|-heal|p1a: Heatran|15/100|[from] item: Leftovers
|upkeep
|turn|17
|
|t:|1781196183
|move|p1a: Heatran|Magma Storm|p2a: Pelipper
|-resisted|p2a: Pelipper
|-damage|p2a: Pelipper|81/100
|-activate|p2a: Pelipper|move: Magma Storm|[of] p1a: Heatran
|move|p2a: Pelipper|Surf|p1a: Heatran
|-supereffective|p1a: Heatran
|-damage|p1a: Heatran|0 fnt
|faint|p1a: Heatran
|
|-weather|RainDance|[upkeep]
|-end|p2a: Pelipper|Magma Storm|[partiallytrapped]|[silent]
|upkeep
|
|t:|1781196189
|switch|p1a: Ursaluna|Ursaluna, M|100/100
|turn|18
|
|t:|1781196203
|switch|p2a: Barraskewda|Barraskewda, F|100/100
|-damage|p2a: Barraskewda|88/100|[from] Stealth Rock
|move|p1a: Ursaluna|Protect||[still]
|-fail|p1a: Ursaluna
|
|-weather|RainDance|[upkeep]
|upkeep
|turn|19
|
|t:|1781196208
|move|p1a: Ursaluna|Protect|p1a: Ursaluna
|-singleturn|p1a: Ursaluna|Protect
|move|p2a: Barraskewda|Liquidation|p1a: Ursaluna
|-activate|p1a: Ursaluna|move: Protect
|
|-weather|none
|upkeep
|turn|20
|
|t:|1781196212
|switch|p1a: Corviknight|Corviknight, F|100/100
|-ability|p1a: Corviknight|Pressure
|move|p2a: Barraskewda|Liquidation|p1a: Corviknight
|-damage|p1a: Corviknight|68/100
|-damage|p2a: Barraskewda|72/100|[from] item: Rocky Helmet|[of] p1a: Corviknight
|
|upkeep
|turn|21
|
|t:|1781196215
|switch|p2a: Pelipper|Pelipper, F|81/100
|-damage|p2a: Pelipper|57/100|[from] Stealth Rock
|-weather|RainDance|[from] ability: Drizzle|[of] p2a: Pelipper
|move|p1a: Corviknight|U-turn|p2a: Pelipper
|-resisted|p2a: Pelipper
|-damage|p2a: Pelipper|51/100
|
|t:|1781196222
|switch|p1a: Ursaluna|Ursaluna, M|100/100|[from] U-turn
|
|-weather|RainDance|[upkeep]
|upkeep
|turn|22
|
|t:|1781196225
|move|p2a: Pelipper|Roost|p2a: Pelipper
|-heal|p2a: Pelipper|100/100
|-singleturn|p2a: Pelipper|move: Roost
|move|p1a: Ursaluna|Body Slam|p2a: Pelipper
|-damage|p2a: Pelipper|70/100
|-status|p2a: Pelipper|par
|
|-weather|RainDance|[upkeep]
|upkeep
|turn|23
|
|t:|1781196231
|move|p1a: Ursaluna|Bulk Up|p1a: Ursaluna
|-boost|p1a: Ursaluna|atk|1
|-boost|p1a: Ursaluna|def|1
|move|p2a: Pelipper|Surf|p1a: Ursaluna
|-supereffective|p1a: Ursaluna
|-damage|p1a: Ursaluna|41/100
|
|-weather|RainDance|[upkeep]
|-heal|p1a: Ursaluna|47/100|[from] item: Leftovers
|upkeep
|turn|24
|
|t:|1781196235
|move|p1a: Ursaluna|Protect|p1a: Ursaluna
|-singleturn|p1a: Ursaluna|Protect
|move|p2a: Pelipper|Surf|p1a: Ursaluna
|-activate|p1a: Ursaluna|move: Protect
|
|-weather|RainDance|[upkeep]
|-heal|p1a: Ursaluna|54/100|[from] item: Leftovers
|upkeep
|turn|25
|
|t:|1781196237
|move|p1a: Ursaluna|Body Slam|p2a: Pelipper
|-damage|p2a: Pelipper|22/100 par
|cant|p2a: Pelipper|par
|
|-weather|RainDance|[upkeep]
|-heal|p1a: Ursaluna|60/100|[from] item: Leftovers
|upkeep
|turn|26
|
|t:|1781196241
|move|p1a: Ursaluna|Protect|p1a: Ursaluna
|-singleturn|p1a: Ursaluna|Protect
|move|p2a: Pelipper|Surf|p1a: Ursaluna
|-activate|p1a: Ursaluna|move: Protect
|
|-weather|RainDance|[upkeep]
|-heal|p1a: Ursaluna|66/100|[from] item: Leftovers
|upkeep
|turn|27
|
|t:|1781196243
|move|p1a: Ursaluna|Body Slam|p2a: Pelipper
|-damage|p2a: Pelipper|0 fnt
|faint|p2a: Pelipper
|
|-weather|RainDance|[upkeep]
|-heal|p1a: Ursaluna|72/100|[from] item: Leftovers
|upkeep
|
|t:|1781196245
|switch|p2a: Golduck|Golduck, M|100/100
|-damage|p2a: Golduck|88/100|[from] Stealth Rock
|turn|28
|
|t:|1781196248
|-terastallize|p2a: Golduck|Ghost
|move|p2a: Golduck|Nasty Plot|p2a: Golduck
|-boost|p2a: Golduck|spa|2
|move|p1a: Ursaluna|Body Slam|p2a: Golduck
|-immune|p2a: Golduck
|
|-weather|none
|-heal|p1a: Ursaluna|79/100|[from] item: Leftovers
|upkeep
|turn|29
|
|t:|1781196255
|move|p2a: Golduck|Nasty Plot|p2a: Golduck
|-boost|p2a: Golduck|spa|2
|move|p1a: Ursaluna|High Horsepower|p2a: Golduck
|-damage|p2a: Golduck|0 fnt
|faint|p2a: Golduck
|
|-heal|p1a: Ursaluna|85/100|[from] item: Leftovers
|upkeep
|-message|goshdarnittt forfeited.
|
|win|SlimyTime
|raw|SlimyTime's rating: 1649 &rarr; <strong>1667</strong><br />(+18 for winning)
|raw|goshdarnittt's rating: 1612 &rarr; <strong>1594</strong><br />(-18 for losing)
|l|☆goshdarnittt
|player|p2|
|l|☆SlimyTime
|player|p1|
