|j|‽rank 1 greninja
|j|☆Okenuth
|t:|1781527696
|gametype|singles
|player|p1|rank 1 greninja|266|1513
|player|p2|Okenuth|hilbert|1588
|gen|9
|tier|[Gen 9] OU
|rated|
|rule|HP Percentage Mod: HP is shown in percentages
|rule|Endless Battle Clause: Forcing endless battles is banned
|rule|Species Clause: Limit one of each Pokémon
|rule|OHKO Clause: OHKO moves are banned
|rule|Evasion Items Clause: Evasion items are banned
|rule|Evasion Moves Clause: Evasion moves are banned
|rule|Evasion Abilities Clause: Evasion abilities are banned
|rule|Sleep Moves Clause: Sleep-inducing moves are banned
|clearpoke
|poke|p1|Pelipper, F|
|poke|p1|Tornadus-Therian, M|
|poke|p1|Barraskewda, F|
|poke|p1|Iron Treads|
|poke|p1|Raging Bolt|
|poke|p1|Moltres|
|poke|p2|Alomomola, F|
|poke|p2|Gholdengo|
|poke|p2|Corviknight, M|
|poke|p2|Slowking-Galar, M|
|poke|p2|Meowscarada, F|
|poke|p2|Great Tusk|
|teampreview
|inactive|Battle timer is ON: inactive players will automatically lose when time's up. (requested by rank 1 greninja)
|
|t:|1781527708
|teamsize|p1|6
|teamsize|p2|6
|start
|switch|p1a: Raging Bolt|Raging Bolt|100/100
|switch|p2a: Gholdengo|Gholdengo|100/100
|turn|1
|
|t:|1781527715
|move|p1a: Raging Bolt|Volt Switch|p2a: Gholdengo
|-damage|p2a: Gholdengo|76/100
|
|t:|1781527719
|-end|p1a: Raging Bolt|Protosynthesis|[silent]
|switch|p1a: Pelipper|Pelipper, F|100/100|[from] Volt Switch
|-weather|RainDance|[from] ability: Drizzle|[of] p1a: Pelipper
|move|p2a: Gholdengo|Dazzling Gleam|p1a: Pelipper
|-damage|p1a: Pelipper|58/100
|
|-weather|RainDance|[upkeep]
|upkeep
|turn|2
|
|t:|1781527724
|switch|p1a: Iron Treads|Iron Treads|100/100
|move|p2a: Gholdengo|Thunder|p1a: Iron Treads
|-immune|p1a: Iron Treads
|
|-weather|RainDance|[upkeep]
|upkeep
|turn|3
|
|t:|1781527728
|switch|p2a: Alomomola|Alomomola, F|100/100
|move|p1a: Iron Treads|Volt Switch|p2a: Alomomola
|-supereffective|p2a: Alomomola
|-crit|p2a: Alomomola
|-damage|p2a: Alomomola|59/100
|
|t:|1781527747
|-end|p1a: Iron Treads|Quark Drive|[silent]
|switch|p1a: Raging Bolt|Raging Bolt|100/100|[from] Volt Switch
|
|-weather|RainDance|[upkeep]
|upkeep
|turn|4
|
|t:|1781527756
|move|p2a: Alomomola|Protect|p2a: Alomomola
|-singleturn|p2a: Alomomola|Protect
|move|p1a: Raging Bolt|Volt Switch|p2a: Alomomola
|-activate|p2a: Alomomola|move: Protect
|
|-weather|RainDance|[upkeep]
|upkeep
|turn|5
|
|t:|1781527761
|switch|p2a: Slowking|Slowking-Galar, M|100/100
|move|p1a: Raging Bolt|Weather Ball|p2a: Slowking
|-damage|p2a: Slowking|71/100
|
|-weather|RainDance|[upkeep]
|upkeep
|turn|6
|
|t:|1781527768
|-terastallize|p1a: Raging Bolt|Water
|move|p1a: Raging Bolt|Weather Ball|p2a: Slowking
|-damage|p2a: Slowking|29/100
|move|p2a: Slowking|Future Sight|p1a: Raging Bolt
|-start|p2a: Slowking|move: Future Sight
|
|-weather|RainDance|[upkeep]
|upkeep
|turn|7
|
|t:|1781527779
|switch|p2a: Alomomola|Alomomola, F|92/100
|move|p1a: Raging Bolt|Volt Switch|p2a: Alomomola
|-supereffective|p2a: Alomomola
|-damage|p2a: Alomomola|7/100
|
|t:|1781527791
|-end|p1a: Raging Bolt|Protosynthesis|[silent]
|switch|p1a: Tornadus|Tornadus-Therian, M|100/100|[from] Volt Switch
|
|-weather|RainDance|[upkeep]
|upkeep
|turn|8
|
|t:|1781527800
|switch|p2a: Slowking|Slowking-Galar, M|62/100
|move|p1a: Tornadus|Nasty Plot|p1a: Tornadus
|-boost|p1a: Tornadus|spa|2
|
|-weather|none
|-end|p1a: Tornadus|move: Future Sight
|-damage|p1a: Tornadus|23/100
|upkeep
|turn|9
|
|t:|1781527809
|move|p1a: Tornadus|Hurricane|p2a: Slowking
|-damage|p2a: Slowking|0 fnt
|faint|p2a: Slowking
|-damage|p1a: Tornadus|14/100|[from] item: Life Orb
|
|upkeep
|
|t:|1781527814
|switch|p2a: Meowscarada|Meowscarada, F|100/100
|turn|10
|
|t:|1781527821
|switch|p1a: Pelipper|Pelipper, F|58/100
|-weather|RainDance|[from] ability: Drizzle|[of] p1a: Pelipper
|move|p2a: Meowscarada|U-turn|p1a: Pelipper
|-start|p2a: Meowscarada|typechange|Bug|[from] ability: Protean
|-resisted|p1a: Pelipper
|-damage|p1a: Pelipper|36/100
|
|t:|1781527825
|switch|p2a: Gholdengo|Gholdengo|76/100|[from] U-turn
|
|-weather|RainDance|[upkeep]
|upkeep
|turn|11
|
|t:|1781527829
|switch|p1a: Iron Treads|Iron Treads|100/100
|move|p2a: Gholdengo|Shadow Ball|p1a: Iron Treads
|-damage|p1a: Iron Treads|76/100
|
|-weather|RainDance|[upkeep]
|upkeep
|turn|12
|
|t:|1781527838
|-end|p1a: Iron Treads|Quark Drive|[silent]
|switch|p1a: Moltres|Moltres|100/100
|switch|p2a: Great Tusk|Great Tusk|100/100
|
|-weather|RainDance|[upkeep]
|upkeep
|turn|13
|
|t:|1781527843
|move|p1a: Moltres|Hurricane|p2a: Great Tusk
|-supereffective|p2a: Great Tusk
|-damage|p2a: Great Tusk|0 fnt
|faint|p2a: Great Tusk
|-end|p2a: Great Tusk|Protosynthesis|[silent]
|
|-weather|RainDance|[upkeep]
|upkeep
|
|t:|1781527847
|switch|p2a: Alomomola|Alomomola, F|40/100
|turn|14
|
|t:|1781527849
|move|p1a: Moltres|Hurricane|p2a: Alomomola
|-damage|p2a: Alomomola|0 fnt
|faint|p2a: Alomomola
|
|-weather|RainDance|[upkeep]
|upkeep
|
|t:|1781527852
|switch|p2a: Gholdengo|Gholdengo|76/100
|turn|15
|
|t:|1781527855
|move|p1a: Moltres|U-turn|p2a: Gholdengo
|-resisted|p2a: Gholdengo
|-damage|p2a: Gholdengo|72/100
|
|t:|1781527860
|switch|p1a: Iron Treads|Iron Treads|76/100|[from] U-turn
|move|p2a: Gholdengo|Thunder|p1a: Iron Treads
|-immune|p1a: Iron Treads
|
|-weather|RainDance|[upkeep]
|upkeep
|turn|16
|-message|Okenuth forfeited.
|
|win|rank 1 greninja
|raw|rank 1 greninja's rating: 1513 &rarr; <strong>1537</strong><br />(+24 for winning)
|raw|Okenuth's rating: 1588 &rarr; <strong>1564</strong><br />(-24 for losing)
|l|☆Okenuth
|player|p2|
