|j|☆ykykp
|j|☆iamverykarpy
|t:|1781267434
|gametype|singles
|player|p1|ykykp|101|1663
|player|p2|iamverykarpy|colress|1750
|gen|9
|tier|[Gen 9] OU
|rated|
|rule|HP Percentage Mod: HP is shown in percentages
|rule|Endless Battle Clause: Forcing endless battles is banned
|rule|Species Clause: Limit one of each Pokémon
|rule|OHKO Clause: OHKO moves are banned
|rule|Evasion Items Clause: Evasion items are banned
|rule|Evasion Moves Clause: Evasion moves are banned
|rule|Evasion Abilities Clause: Evasion abilities are banned
|rule|Sleep Moves Clause: Sleep-inducing moves are banned
|clearpoke
|poke|p1|Lokix, F|
|poke|p1|Iron Valiant|
|poke|p1|Alomomola, L99, F|
|poke|p1|Mandibuzz, F|
|poke|p1|Great Tusk|
|poke|p1|Gholdengo|
|poke|p2|Cetitan, F|
|poke|p2|Slowking-Galar, M|
|poke|p2|Kyurem|
|poke|p2|Rillaboom, F|
|poke|p2|Alomomola, F|
|poke|p2|Great Tusk|
|teampreview
|inactive|Battle timer is ON: inactive players will automatically lose when time's up. (requested by iamverykarpy)
|
|t:|1781267443
|teamsize|p1|6
|teamsize|p2|6
|start
|switch|p1a: Shining Agito|Lokix, F, shiny|100/100
|switch|p2a: Alomomola|Alomomola, F|100/100
|turn|1
|
|t:|1781267451
|move|p1a: Shining Agito|Knock Off|p2a: Alomomola
|-damage|p2a: Alomomola|62/100
|-damage|p1a: Shining Agito|84/100|[from] item: Rocky Helmet|[of] p2a: Alomomola
|-enditem|p2a: Alomomola|Rocky Helmet|[from] move: Knock Off|[of] p1a: Shining Agito
|move|p2a: Alomomola|Flip Turn|p1a: Shining Agito
|-damage|p1a: Shining Agito|60/100
|
|t:|1781267470
|switch|p2a: Kyurem|Kyurem, shiny|100/100|[from] Flip Turn
|-ability|p2a: Kyurem|Pressure
|
|upkeep
|turn|2
|
|t:|1781267490
|switch|p1a: Tetsuya Sawaki|Alomomola, L99, F|100/100
|move|p2a: Kyurem|Freeze-Dry|p1a: Tetsuya Sawaki
|-supereffective|p1a: Tetsuya Sawaki
|-damage|p1a: Tetsuya Sawaki|36/100
|
|upkeep
|turn|3
|
|t:|1781267499
|switch|p1a: MACHINE TORNADER|Gholdengo|100/100
|move|p2a: Kyurem|Freeze-Dry|p1a: MACHINE TORNADER
|-resisted|p1a: MACHINE TORNADER
|-damage|p1a: MACHINE TORNADER|67/100
|
|upkeep
|turn|4
|
|t:|1781267510
|switch|p2a: Great Tusk|Great Tusk|100/100
|move|p1a: MACHINE TORNADER|Shadow Ball|p2a: Great Tusk
|-damage|p2a: Great Tusk|37/100
|
|-heal|p2a: Great Tusk|43/100|[from] item: Leftovers
|upkeep
|turn|5
|
|t:|1781267517
|move|p1a: MACHINE TORNADER|Shadow Ball|p2a: Great Tusk
|-damage|p2a: Great Tusk|0 fnt
|faint|p2a: Great Tusk
|-end|p2a: Great Tusk|Protosynthesis|[silent]
|
|upkeep
|
|t:|1781267526
|switch|p2a: Slowking|Slowking-Galar, M, shiny|100/100
|turn|6
|
|t:|1781267530
|move|p1a: MACHINE TORNADER|Shadow Ball|p2a: Slowking
|-supereffective|p2a: Slowking
|-damage|p2a: Slowking|48/100
|-prepare|p2a: Slowking|Chilly Reception|[premajor]
|move|p2a: Slowking|Chilly Reception|p2a: Slowking
|-weather|Snowscape
|
|t:|1781267533
|switch|p2a: Cetitan|Cetitan, F, shiny|100/100|[from] Chilly Reception
|
|-weather|Snowscape|[upkeep]
|upkeep
|turn|7
|
|t:|1781267539
|switch|p1a: Overlord|Mandibuzz, F|100/100
|move|p2a: Cetitan|Earthquake|p1a: Overlord
|-immune|p1a: Overlord
|
|-weather|Snowscape|[upkeep]
|upkeep
|turn|8
|
|t:|1781267541
|move|p2a: Cetitan|Belly Drum|p2a: Cetitan
|-damage|p2a: Cetitan|50/100
|-setboost|p2a: Cetitan|atk|6|[from] move: Belly Drum
|-enditem|p2a: Cetitan|Sitrus Berry|[eat]
|-heal|p2a: Cetitan|75/100|[from] item: Sitrus Berry
|move|p1a: Overlord|U-turn|p2a: Cetitan
|-damage|p2a: Cetitan|68/100
|
|t:|1781267545
|switch|p1a: Shining Agito|Lokix, F, shiny|60/100|[from] U-turn
|
|-weather|Snowscape|[upkeep]
|upkeep
|turn|9
|
|t:|1781267547
|-terastallize|p1a: Shining Agito|Bug
|move|p1a: Shining Agito|First Impression|p2a: Cetitan
|-damage|p2a: Cetitan|16/100
|move|p2a: Cetitan|Ice Shard|p1a: Shining Agito
|-damage|p1a: Shining Agito|0 fnt
|faint|p1a: Shining Agito
|
|-weather|Snowscape|[upkeep]
|upkeep
|
|t:|1781267557
|switch|p1a: G3-X|Iron Valiant, shiny|100/100
|turn|10
|
|t:|1781267561
|move|p2a: Cetitan|Ice Shard|p1a: G3-X
|-damage|p1a: G3-X|0 fnt
|faint|p1a: G3-X
|-end|p1a: G3-X|Quark Drive|[silent]
|
|-weather|none
|upkeep
|
|t:|1781267565
|switch|p1a: MACHINE TORNADER|Gholdengo|67/100
|turn|11
|
|t:|1781267570
|-terastallize|p2a: Cetitan|Ice
|move|p2a: Cetitan|Ice Shard|p1a: MACHINE TORNADER
|-resisted|p1a: MACHINE TORNADER
|-damage|p1a: MACHINE TORNADER|7/100
|move|p1a: MACHINE TORNADER|Shadow Ball|p2a: Cetitan
|-damage|p2a: Cetitan|0 fnt
|faint|p2a: Cetitan
|
|upkeep
|
|t:|1781267583
|switch|p2a: Alomomola|Alomomola, F|96/100
|turn|12
|
|t:|1781267587
|switch|p1a: Tetsuya Sawaki|Alomomola, L99, F|70/100
|move|p2a: Alomomola|Flip Turn|p1a: Tetsuya Sawaki
|-resisted|p1a: Tetsuya Sawaki
|-damage|p1a: Tetsuya Sawaki|64/100
|
|t:|1781267591
|switch|p2a: Kyurem|Kyurem, shiny|100/100|[from] Flip Turn
|-ability|p2a: Kyurem|Pressure
|
|upkeep
|turn|13
|
|t:|1781267598
|move|p2a: Kyurem|Freeze-Dry|p1a: Tetsuya Sawaki
|-supereffective|p1a: Tetsuya Sawaki
|-damage|p1a: Tetsuya Sawaki|6/100
|move|p1a: Tetsuya Sawaki|Mirror Coat|p2a: Kyurem
|-damage|p2a: Kyurem|0 fnt
|faint|p2a: Kyurem
|
|upkeep
|
|t:|1781267606
|switch|p2a: Rillaboom|Rillaboom, F|100/100
|-fieldstart|move: Grassy Terrain|[from] ability: Grassy Surge|[of] p2a: Rillaboom
|turn|14
|
|t:|1781267613
|move|p2a: Rillaboom|U-turn|p1a: Tetsuya Sawaki
|-damage|p1a: Tetsuya Sawaki|0 fnt
|faint|p1a: Tetsuya Sawaki
|
|t:|1781267615
|switch|p2a: Alomomola|Alomomola, F|100/100|[from] U-turn
|
|upkeep
|
|t:|1781267623
|switch|p1a: Overlord|Mandibuzz, F|100/100
|turn|15
|
|t:|1781267627
|move|p1a: Overlord|U-turn|p2a: Alomomola
|-damage|p2a: Alomomola|95/100
|
|t:|1781267630
|switch|p1a: Gills Exceed|Great Tusk|100/100|[from] U-turn
|move|p2a: Alomomola|Flip Turn|p1a: Gills Exceed
|-supereffective|p1a: Gills Exceed
|-damage|p1a: Gills Exceed|76/100
|
|t:|1781267632
|switch|p2a: Rillaboom|Rillaboom, F|100/100|[from] Flip Turn
|
|-heal|p1a: Gills Exceed|82/100|[from] Grassy Terrain
|upkeep
|turn|16
|
|t:|1781267636
|move|p2a: Rillaboom|Grassy Glide|p1a: Gills Exceed
|-supereffective|p1a: Gills Exceed
|-damage|p1a: Gills Exceed|0 fnt
|faint|p1a: Gills Exceed
|-end|p1a: Gills Exceed|Protosynthesis|[silent]
|
|upkeep
|
|t:|1781267647
|switch|p1a: Overlord|Mandibuzz, F|100/100
|turn|17
|
|t:|1781267649
|switch|p2a: Alomomola|Alomomola, F|100/100
|move|p1a: Overlord|U-turn|p2a: Alomomola
|-damage|p2a: Alomomola|94/100
|
|t:|1781267651
|switch|p1a: MACHINE TORNADER|Gholdengo|7/100|[from] U-turn
|
|-heal|p1a: MACHINE TORNADER|14/100|[from] Grassy Terrain
|-heal|p2a: Alomomola|99/100|[from] Grassy Terrain
|upkeep
|turn|18
|
|t:|1781267653
|move|p1a: MACHINE TORNADER|Shadow Ball|p2a: Alomomola
|-damage|p2a: Alomomola|47/100
|move|p2a: Alomomola|Flip Turn|p1a: MACHINE TORNADER
|-damage|p1a: MACHINE TORNADER|0 fnt
|faint|p1a: MACHINE TORNADER
|-message|ykykp forfeited.
|
|win|iamverykarpy
|raw|ykykp's rating: 1663 &rarr; <strong>1648</strong><br />(-15 for losing)
|raw|iamverykarpy's rating: 1750 &rarr; <strong>1765</strong><br />(+15 for winning)
|l|☆ykykp
|player|p1|
|l|☆iamverykarpy
|player|p2|
