|j|☆testingrainteam2
|j|☆Kazuelasnt
|t:|1781026681
|gametype|singles
|player|p1|testingrainteam2|unknown|1536
|player|p2|Kazuelasnt|cress|1599
|gen|9
|tier|[Gen 9] OU
|rated|
|rule|HP Percentage Mod: HP is shown in percentages
|rule|Endless Battle Clause: Forcing endless battles is banned
|rule|Species Clause: Limit one of each Pokémon
|rule|OHKO Clause: OHKO moves are banned
|rule|Evasion Items Clause: Evasion items are banned
|rule|Evasion Moves Clause: Evasion moves are banned
|rule|Evasion Abilities Clause: Evasion abilities are banned
|rule|Sleep Moves Clause: Sleep-inducing moves are banned
|clearpoke
|poke|p1|Pelipper, F|
|poke|p1|Hatterene, F|
|poke|p1|Iron Treads|
|poke|p1|Toxicroak, F|
|poke|p1|Barraskewda, F|
|poke|p1|Kilowattrel, F|
|poke|p2|Araquanid, M|
|poke|p2|Gholdengo|
|poke|p2|Typhlosion-Hisui, M|
|poke|p2|Zamazenta-*|
|poke|p2|Raging Bolt|
|poke|p2|Dragonite, F|
|teampreview
|inactive|Battle timer is ON: inactive players will automatically lose when time's up. (requested by testingrainteam2)
|
|t:|1781026704
|teamsize|p1|6
|teamsize|p2|6
|start
|switch|p1a: Kilowattrel|Kilowattrel, F|100/100
|switch|p2a: Nosk|Araquanid, M, shiny|100/100
|turn|1
|
|t:|1781026711
|move|p1a: Kilowattrel|Volt Switch|p2a: Nosk
|-supereffective|p2a: Nosk
|-damage|p2a: Nosk|36/100
|
|t:|1781026713
|switch|p1a: Hatterene|Hatterene, F|100/100|[from] Volt Switch
|move|p2a: Nosk|Sticky Web|p1a: Hatterene
|move|p1a: Hatterene|Sticky Web|p2a: Nosk|[from] ability: Magic Bounce
|-sidestart|p2: Kazuelasnt|move: Sticky Web
|
|upkeep
|turn|2
|c|☆Kazuelasnt|I didn't even see Hatt
|c|☆Kazuelasnt|Im so dumb
|
|t:|1781026731
|switch|p1a: Toxicroak|Toxicroak, F|100/100
|move|p2a: Nosk|Surf|p1a: Toxicroak
|-immune|p1a: Toxicroak|[from] ability: Dry Skin
|
|upkeep
|turn|3
|
|t:|1781026734
|move|p1a: Toxicroak|Encore|p2a: Nosk
|-start|p2a: Nosk|Encore
|move|p2a: Nosk|Surf|p1a: Toxicroak
|-immune|p1a: Toxicroak|[from] ability: Dry Skin
|
|upkeep
|turn|4
|
|t:|1781026739
|switch|p2a: Electrofuria|Raging Bolt|100/100
|-activate|p2a: Electrofuria|move: Sticky Web
|-unboost|p2a: Electrofuria|spe|1
|-enditem|p2a: Electrofuria|Booster Energy
|-activate|p2a: Electrofuria|ability: Protosynthesis|[fromitem]
|-start|p2a: Electrofuria|protosynthesisspa
|move|p1a: Toxicroak|Knock Off|p2a: Electrofuria
|-damage|p2a: Electrofuria|84/100
|
|upkeep
|turn|5
|
|t:|1781026746
|switch|p1a: Iron Treads|Iron Treads|100/100
|move|p2a: Electrofuria|Dragon Pulse|p1a: Iron Treads
|-resisted|p1a: Iron Treads
|-damage|p1a: Iron Treads|76/100
|
|-heal|p1a: Iron Treads|82/100|[from] item: Leftovers
|upkeep
|turn|6
|
|t:|1781026752
|-end|p2a: Electrofuria|Protosynthesis|[silent]
|switch|p2a: Nosk|Araquanid, M, shiny|36/100
|-activate|p2a: Nosk|move: Sticky Web
|-unboost|p2a: Nosk|spe|1
|move|p1a: Iron Treads|Earthquake|p2a: Nosk
|-resisted|p2a: Nosk
|-damage|p2a: Nosk|19/100
|
|-heal|p1a: Iron Treads|88/100|[from] item: Leftovers
|upkeep
|turn|7
|-enditem|p2a: Nosk|Custap Berry|[eat]
|-activate|p2a: Nosk|item: Custap Berry|[consumed]
|
|t:|1781026757
|-end|p1a: Iron Treads|Quark Drive|[silent]
|switch|p1a: Hatterene|Hatterene, F|100/100
|move|p2a: Nosk|Endeavor|p1a: Hatterene
|-damage|p1a: Hatterene|20/100
|-enditem|p1a: Hatterene|Eject Button
|
|t:|1781026764
|switch|p1a: Kilowattrel|Kilowattrel, F|100/100
|
|upkeep
|turn|8
|l|☆Kazuelasnt
|inactive|Kazuelasnt disconnected and has a minute to reconnect!
|player|p2|
|inactive|Kazuelasnt has 30 seconds to reconnect!
|inactive|Kazuelasnt has 20 seconds to reconnect!
|j|☆Kazuelasnt
|inactive|Kazuelasnt reconnected and has 100 seconds left.
|player|p2|Kazuelasnt|cress|
|
|t:|1781026819
|move|p1a: Kilowattrel|Volt Switch|p2a: Nosk
|-supereffective|p2a: Nosk
|-damage|p2a: Nosk|0 fnt
|faint|p2a: Nosk
|
|t:|1781026830
|switch|p1a: Pelipper|Pelipper, F|100/100|[from] Volt Switch
|-weather|RainDance|[from] ability: Drizzle|[of] p1a: Pelipper
|
|-weather|RainDance|[upkeep]
|upkeep
|inactive|Kazuelasnt has 90 seconds left.
|
|t:|1781026872
|switch|p2a: Electrofuria|Raging Bolt|84/100
|-activate|p2a: Electrofuria|move: Sticky Web
|-unboost|p2a: Electrofuria|spe|1
|turn|9
|
|t:|1781026879
|switch|p1a: Hatterene|Hatterene, F|20/100
|move|p2a: Electrofuria|Calm Mind|p2a: Electrofuria
|-boost|p2a: Electrofuria|spa|1
|-boost|p2a: Electrofuria|spd|1
|
|-weather|RainDance|[upkeep]
|upkeep
|turn|10
|
|t:|1781026887
|move|p2a: Electrofuria|Thunderbolt|p1a: Hatterene
|-damage|p1a: Hatterene|0 fnt
|faint|p1a: Hatterene
|
|-weather|RainDance|[upkeep]
|upkeep
|
|t:|1781026890
|switch|p1a: Iron Treads|Iron Treads|88/100
|turn|11
|inactive|Kazuelasnt has 90 seconds left.
|
|t:|1781026902
|move|p1a: Iron Treads|Earthquake|p2a: Electrofuria
|-supereffective|p2a: Electrofuria
|-damage|p2a: Electrofuria|11/100
|move|p2a: Electrofuria|Dragon Pulse|p1a: Iron Treads
|-resisted|p1a: Iron Treads
|-damage|p1a: Iron Treads|55/100
|
|-weather|RainDance|[upkeep]
|-heal|p1a: Iron Treads|61/100|[from] item: Leftovers
|upkeep
|turn|12
|
|t:|1781026910
|move|p1a: Iron Treads|Stealth Rock|p2a: Electrofuria
|-sidestart|p2: Kazuelasnt|move: Stealth Rock
|move|p2a: Electrofuria|Dragon Pulse|p1a: Iron Treads
|-resisted|p1a: Iron Treads
|-damage|p1a: Iron Treads|29/100
|
|-weather|RainDance|[upkeep]
|-heal|p1a: Iron Treads|35/100|[from] item: Leftovers
|upkeep
|turn|13
|inactive|Kazuelasnt has 90 seconds left.
|
|t:|1781026943
|move|p1a: Iron Treads|Rapid Spin|p2a: Electrofuria
|-damage|p2a: Electrofuria|0 fnt
|-boost|p1a: Iron Treads|spe|1
|faint|p2a: Electrofuria
|-end|p2a: Electrofuria|Protosynthesis|[silent]
|
|-weather|RainDance|[upkeep]
|-heal|p1a: Iron Treads|41/100|[from] item: Leftovers
|upkeep
|
|t:|1781026946
|switch|p2a: A Penny|Gholdengo|100/100
|-damage|p2a: A Penny|94/100|[from] Stealth Rock
|-item|p2a: A Penny|Air Balloon
|turn|14
|
|t:|1781026954
|move|p1a: Iron Treads|Volt Switch|p2a: A Penny
|-damage|p2a: A Penny|82/100
|-enditem|p2a: A Penny|Air Balloon
|
|t:|1781026956
|-end|p1a: Iron Treads|Quark Drive|[silent]
|switch|p1a: Kilowattrel|Kilowattrel, F|100/100|[from] Volt Switch
|move|p2a: A Penny|Shadow Ball|p1a: Kilowattrel
|-damage|p1a: Kilowattrel|29/100
|
|-weather|RainDance|[upkeep]
|upkeep
|turn|15
|
|t:|1781026974
|move|p1a: Kilowattrel|Thunder|p2a: A Penny
|-damage|p2a: A Penny|0 fnt
|faint|p2a: A Penny
|
|-weather|none
|upkeep
|
|t:|1781026981
|switch|p2a: Allegations|Typhlosion-Hisui, M, shiny|100/100
|-activate|p2a: Allegations|move: Sticky Web
|-unboost|p2a: Allegations|spe|1
|-damage|p2a: Allegations|76/100|[from] Stealth Rock
|-item|p1a: Kilowattrel|Choice Specs|[from] ability: Frisk|[of] p2a: Allegations
|turn|16
|
|t:|1781026987
|switch|p1a: Iron Treads|Iron Treads|41/100
|move|p2a: Allegations|Shadow Ball|p1a: Iron Treads
|-damage|p1a: Iron Treads|0 fnt
|faint|p1a: Iron Treads
|-end|p1a: Iron Treads|Quark Drive|[silent]
|
|upkeep
|
|t:|1781026993
|switch|p1a: Barraskewda|Barraskewda, F|100/100
|turn|17
|
|t:|1781026996
|-terastallize|p1a: Barraskewda|Water
|move|p1a: Barraskewda|Flip Turn|p2a: Allegations
|-supereffective|p2a: Allegations
|-damage|p2a: Allegations|0 fnt
|faint|p2a: Allegations
|
|t:|1781027000
|switch|p1a: Pelipper|Pelipper, F|100/100|[from] Flip Turn
|-weather|RainDance|[from] ability: Drizzle|[of] p1a: Pelipper
|
|-weather|RainDance|[upkeep]
|upkeep
|
|t:|1781027006
|switch|p2a: Alba|Dragonite, F|100/100
|turn|18
|
|t:|1781027009
|move|p2a: Alba|Dragon Dance|p2a: Alba
|-boost|p2a: Alba|atk|1
|-boost|p2a: Alba|spe|1
|move|p1a: Pelipper|Knock Off|p2a: Alba
|-damage|p2a: Alba|94/100
|-enditem|p2a: Alba|Heavy-Duty Boots|[from] move: Knock Off|[of] p1a: Pelipper
|
|-weather|RainDance|[upkeep]
|upkeep
|turn|19
|
|t:|1781027011
|switch|p1a: Toxicroak|Toxicroak, F|100/100
|move|p2a: Alba|Dragon Dance|p2a: Alba
|-boost|p2a: Alba|atk|1
|-boost|p2a: Alba|spe|1
|
|-weather|RainDance|[upkeep]
|upkeep
|turn|20
|
|t:|1781027021
|move|p2a: Alba|Earthquake|p1a: Toxicroak
|-supereffective|p1a: Toxicroak
|-damage|p1a: Toxicroak|0 fnt
|faint|p1a: Toxicroak
|
|-weather|RainDance|[upkeep]
|upkeep
|
|t:|1781027035
|switch|p1a: Pelipper|Pelipper, F|100/100
|turn|21
|
|t:|1781027039
|move|p2a: Alba|Extreme Speed|p1a: Pelipper
|-damage|p1a: Pelipper|45/100
|move|p1a: Pelipper|Hurricane|p2a: Alba
|-damage|p2a: Alba|54/100
|-start|p2a: Alba|confusion
|
|-weather|RainDance|[upkeep]
|upkeep
|turn|22
|
|t:|1781027042
|-activate|p2a: Alba|confusion
|move|p2a: Alba|Extreme Speed|p1a: Pelipper
|-crit|p1a: Pelipper
|-damage|p1a: Pelipper|0 fnt
|faint|p1a: Pelipper
|
|-weather|RainDance|[upkeep]
|upkeep
|
|t:|1781027048
|switch|p1a: Kilowattrel|Kilowattrel, F|29/100
|turn|23
|
|t:|1781027051
|-activate|p2a: Alba|confusion
|move|p2a: Alba|Extreme Speed|p1a: Kilowattrel
|-crit|p1a: Kilowattrel
|-damage|p1a: Kilowattrel|0 fnt
|faint|p1a: Kilowattrel
|
|-weather|RainDance|[upkeep]
|upkeep
|
|t:|1781027053
|switch|p1a: Barraskewda|Barraskewda, F, tera:Water|100/100
|turn|24
|
|t:|1781027058
|-activate|p2a: Alba|confusion
|move|p2a: Alba|Extreme Speed|p1a: Barraskewda
|-damage|p1a: Barraskewda|0 fnt
|faint|p1a: Barraskewda
|
|win|Kazuelasnt
|raw|testingrainteam2's rating: 1536 &rarr; <strong>1520</strong><br />(-16 for losing)
|raw|Kazuelasnt's rating: 1599 &rarr; <strong>1615</strong><br />(+16 for winning)
|c|☆testingrainteam2|gg
|l|☆testingrainteam2
|player|p1|
|c|☆Kazuelasnt|Gg
|l|☆Kazuelasnt
|player|p2|
