|j|☆silver jay#2240
|j|☆gintamaxxoo
|t:|1781121624
|gametype|singles
|player|p1|silver jay#2240|grusha|1680
|player|p2|gintamaxxoo|cyclist-gen4|1647
|gen|9
|tier|[Gen 9] OU
|rated|
|rule|HP Percentage Mod: HP is shown in percentages
|rule|Endless Battle Clause: Forcing endless battles is banned
|rule|Species Clause: Limit one of each Pokémon
|rule|OHKO Clause: OHKO moves are banned
|rule|Evasion Items Clause: Evasion items are banned
|rule|Evasion Moves Clause: Evasion moves are banned
|rule|Evasion Abilities Clause: Evasion abilities are banned
|rule|Sleep Moves Clause: Sleep-inducing moves are banned
|clearpoke
|poke|p1|Iron Hands|
|poke|p1|Iron Treads|
|poke|p1|Dragonite, F|
|poke|p1|Darkrai|
|poke|p1|Deoxys-Speed|
|poke|p1|Toxapex, F|
|poke|p2|Ting-Lu|
|poke|p2|Gliscor, M|
|poke|p2|Sinistcha-Masterpiece|
|poke|p2|Keldeo|
|poke|p2|Tinkaton, F|
|poke|p2|Dragonite, M|
|teampreview
|inactive|Battle timer is ON: inactive players will automatically lose when time's up. (requested by gintamaxxoo)
|j| iraniantech
|
|t:|1781121644
|teamsize|p1|6
|teamsize|p2|6
|start
|switch|p1a: Iron Hands|Iron Hands|100/100
|switch|p2a: Tinkki Minaj|Tinkaton, F|100/100
|-ability|p2a: Tinkki Minaj|Mold Breaker
|-item|p2a: Tinkki Minaj|Air Balloon
|turn|1
|j| BiscoitoXDBr
|
|t:|1781121659
|switch|p2a: Tchavis Scott|Sinistcha-Masterpiece|100/100
|move|p1a: Iron Hands|Supercell Slam|p2a: Tchavis Scott
|-resisted|p2a: Tchavis Scott
|-damage|p2a: Tchavis Scott|78/100
|
|upkeep
|turn|2
|
|t:|1781121673
|-end|p1a: Iron Hands|Quark Drive|[silent]
|switch|p1a: Darkrai|Darkrai|100/100
|move|p2a: Tchavis Scott|Matcha Gotcha|p1a: Darkrai
|-damage|p1a: Darkrai|57/100
|-heal|p2a: Tchavis Scott|96/100|[from] drain|[of] p1a: Darkrai
|-status|p1a: Darkrai|brn
|
|-damage|p1a: Darkrai|51/100 brn|[from] brn
|upkeep
|turn|3
|
|t:|1781121684
|switch|p2a: Jarhead|Ting-Lu|100/100
|-ability|p2a: Jarhead|Vessel of Ruin
|move|p1a: Darkrai|Ice Beam|p2a: Jarhead
|-supereffective|p2a: Jarhead
|-damage|p2a: Jarhead|62/100
|
|-heal|p2a: Jarhead|69/100|[from] item: Leftovers
|-damage|p1a: Darkrai|45/100 brn|[from] brn
|upkeep
|turn|4
|
|t:|1781121713
|switch|p1a: Iron Treads|Iron Treads|100/100
|-item|p1a: Iron Treads|Air Balloon
|switch|p2a: Tinkki Minaj|Tinkaton, F|100/100
|-ability|p2a: Tinkki Minaj|Mold Breaker
|-item|p2a: Tinkki Minaj|Air Balloon
|
|upkeep
|turn|5
|inactive|silver jay#2240 has 120 seconds left.
|
|t:|1781121732
|move|p1a: Iron Treads|Stealth Rock|p2a: Tinkki Minaj
|-sidestart|p2: gintamaxxoo|move: Stealth Rock
|move|p2a: Tinkki Minaj|Encore|p1a: Iron Treads
|-start|p1a: Iron Treads|Encore
|
|upkeep
|turn|6
|
|t:|1781121738
|-end|p1a: Iron Treads|Quark Drive|[silent]
|switch|p1a: Toxapex|Toxapex, F|100/100
|move|p2a: Tinkki Minaj|Stealth Rock|p1a: Toxapex
|-sidestart|p1: silver jay#2240|move: Stealth Rock
|
|upkeep
|turn|7
|
|t:|1781121745
|switch|p2a: Dance Armstrong|Gliscor, M|100/100
|-damage|p2a: Dance Armstrong|88/100|[from] Stealth Rock
|move|p1a: Toxapex|Infestation|p2a: Dance Armstrong
|-resisted|p2a: Dance Armstrong
|-damage|p2a: Dance Armstrong|85/100
|-activate|p2a: Dance Armstrong|move: Infestation|[of] p1a: Toxapex
|
|-damage|p2a: Dance Armstrong|73/100|[from] move: Infestation|[partiallytrapped]
|-status|p2a: Dance Armstrong|tox|[from] item: Toxic Orb
|upkeep
|turn|8
|
|t:|1781121753
|move|p2a: Dance Armstrong|Swords Dance|p2a: Dance Armstrong
|-boost|p2a: Dance Armstrong|atk|2
|move|p1a: Toxapex|Surf|p2a: Dance Armstrong
|-supereffective|p2a: Dance Armstrong
|-damage|p2a: Dance Armstrong|0 fnt
|faint|p2a: Dance Armstrong
|
|upkeep
|
|t:|1781121782
|switch|p2a: Secret Service|Dragonite, M|100/100
|turn|9
|
|t:|1781121790
|move|p2a: Secret Service|Earthquake|p1a: Toxapex
|-supereffective|p1a: Toxapex
|-damage|p1a: Toxapex|44/100
|move|p1a: Toxapex|Infestation|p2a: Secret Service
|-resisted|p2a: Secret Service
|-damage|p2a: Secret Service|99/100
|-activate|p2a: Secret Service|move: Infestation|[of] p1a: Toxapex
|
|-damage|p2a: Secret Service|87/100|[from] move: Infestation|[partiallytrapped]
|upkeep
|turn|10
|
|t:|1781121796
|switch|p1a: Iron Treads|Iron Treads|100/100
|-damage|p1a: Iron Treads|97/100|[from] Stealth Rock
|-item|p1a: Iron Treads|Air Balloon
|move|p2a: Secret Service|Earthquake|p1a: Iron Treads
|-immune|p1a: Iron Treads
|
|-end|p2a: Secret Service|Infestation|[partiallytrapped]|[silent]
|upkeep
|turn|11
|
|t:|1781121802
|-end|p1a: Iron Treads|Quark Drive|[silent]
|switch|p1a: Toxapex|Toxapex, F|77/100
|-damage|p1a: Toxapex|65/100|[from] Stealth Rock
|switch|p2a: Tchavis Scott|Sinistcha-Masterpiece|96/100
|
|upkeep
|turn|12
|
|t:|1781121812
|switch|p2a: My Little Pwny|Keldeo|100/100
|move|p1a: Toxapex|Ice Beam|p2a: My Little Pwny
|-resisted|p2a: My Little Pwny
|-damage|p2a: My Little Pwny|90/100
|
|upkeep
|turn|13
|
|t:|1781121822
|move|p2a: My Little Pwny|Flip Turn|p1a: Toxapex
|-resisted|p1a: Toxapex
|-damage|p1a: Toxapex|60/100
|
|t:|1781121829
|switch|p2a: Tinkki Minaj|Tinkaton, F|100/100|[from] Flip Turn
|-damage|p2a: Tinkki Minaj|94/100|[from] Stealth Rock
|-ability|p2a: Tinkki Minaj|Mold Breaker
|-item|p2a: Tinkki Minaj|Air Balloon
|move|p1a: Toxapex|Sludge Bomb|p2a: Tinkki Minaj
|-immune|p2a: Tinkki Minaj
|
|upkeep
|turn|14
|
|t:|1781121839
|move|p2a: Tinkki Minaj|Encore|p1a: Toxapex
|-start|p1a: Toxapex|Encore
|move|p1a: Toxapex|Sludge Bomb|p2a: Tinkki Minaj
|-immune|p2a: Tinkki Minaj
|
|upkeep
|turn|15
|
|t:|1781121843
|move|p2a: Tinkki Minaj|Gigaton Hammer|p1a: Toxapex
|-resisted|p1a: Toxapex
|-damage|p1a: Toxapex|42/100
|move|p1a: Toxapex|Sludge Bomb|p2a: Tinkki Minaj
|-immune|p2a: Tinkki Minaj
|
|upkeep
|turn|16
|
|t:|1781121852
|switch|p2a: Jarhead|Ting-Lu|69/100
|-damage|p2a: Jarhead|62/100|[from] Stealth Rock
|-ability|p2a: Jarhead|Vessel of Ruin
|switch|p1a: Iron Treads|Iron Treads|97/100
|-damage|p1a: Iron Treads|94/100|[from] Stealth Rock
|-item|p1a: Iron Treads|Air Balloon
|
|-heal|p2a: Jarhead|69/100|[from] item: Leftovers
|upkeep
|turn|17
|
|t:|1781121857
|move|p1a: Iron Treads|Ice Spinner|p2a: Jarhead
|-supereffective|p2a: Jarhead
|-damage|p2a: Jarhead|40/100
|move|p2a: Jarhead|Ruination|p1a: Iron Treads
|-damage|p1a: Iron Treads|47/100
|-enditem|p1a: Iron Treads|Air Balloon
|
|-heal|p2a: Jarhead|46/100|[from] item: Leftovers
|upkeep
|turn|18
|
|t:|1781121863
|move|p1a: Iron Treads|Ice Spinner|p2a: Jarhead
|-supereffective|p2a: Jarhead
|-damage|p2a: Jarhead|19/100
|move|p2a: Jarhead|Earthquake|p1a: Iron Treads
|-supereffective|p1a: Iron Treads
|-damage|p1a: Iron Treads|0 fnt
|faint|p1a: Iron Treads
|-end|p1a: Iron Treads|Quark Drive|[silent]
|
|-heal|p2a: Jarhead|25/100|[from] item: Leftovers
|upkeep
|
|t:|1781121876
|switch|p1a: Toxapex|Toxapex, F|76/100
|-damage|p1a: Toxapex|64/100|[from] Stealth Rock
|turn|19
|
|t:|1781121883
|move|p2a: Jarhead|Earthquake|p1a: Toxapex
|-supereffective|p1a: Toxapex
|-damage|p1a: Toxapex|7/100
|move|p1a: Toxapex|Surf|p2a: Jarhead
|-supereffective|p2a: Jarhead
|-damage|p2a: Jarhead|0 fnt
|faint|p2a: Jarhead
|
|upkeep
|
|t:|1781121907
|switch|p2a: Secret Service|Dragonite, M|87/100
|turn|20
|
|t:|1781121917
|switch|p1a: Iron Hands|Iron Hands|100/100
|-damage|p1a: Iron Hands|94/100|[from] Stealth Rock
|move|p2a: Secret Service|Dragon Tail|p1a: Iron Hands
|-damage|p1a: Iron Hands|69/100
|-end|p1a: Iron Hands|Quark Drive|[silent]
|drag|p1a: Deoxys|Deoxys-Speed|100/100
|-damage|p1a: Deoxys|88/100|[from] Stealth Rock
|-ability|p1a: Deoxys|Pressure
|
|-heal|p1a: Deoxys|94/100|[from] item: Leftovers
|upkeep
|turn|21
|
|t:|1781121925
|switch|p1a: Iron Hands|Iron Hands|69/100
|-damage|p1a: Iron Hands|62/100|[from] Stealth Rock
|move|p2a: Secret Service|Roost|p2a: Secret Service
|-heal|p2a: Secret Service|100/100
|-singleturn|p2a: Secret Service|move: Roost
|
|upkeep
|turn|22
|
|t:|1781121955
|switch|p2a: Tchavis Scott|Sinistcha-Masterpiece|96/100
|move|p1a: Iron Hands|Ice Punch|p2a: Tchavis Scott
|-supereffective|p2a: Tchavis Scott
|-damage|p2a: Tchavis Scott|56/100
|
|upkeep
|turn|23
|
|t:|1781121963
|move|p2a: Tchavis Scott|Strength Sap|p1a: Iron Hands
|-unboost|p1a: Iron Hands|atk|1
|-heal|p2a: Tchavis Scott|100/100
|move|p1a: Iron Hands|Swords Dance|p1a: Iron Hands
|-boost|p1a: Iron Hands|atk|2
|
|upkeep
|turn|24
|inactive|gintamaxxoo has 120 seconds left.
|
|t:|1781121991
|-terastallize|p2a: Tchavis Scott|Poison
|move|p2a: Tchavis Scott|Matcha Gotcha|p1a: Iron Hands
|-damage|p1a: Iron Hands|36/100
|move|p1a: Iron Hands|Supercell Slam|p2a: Tchavis Scott
|-damage|p2a: Tchavis Scott|34/100
|
|upkeep
|turn|25
|
|t:|1781121997
|move|p2a: Tchavis Scott|Strength Sap|p1a: Iron Hands
|-unboost|p1a: Iron Hands|atk|1
|-heal|p2a: Tchavis Scott|100/100
|move|p1a: Iron Hands|Swords Dance|p1a: Iron Hands
|-boost|p1a: Iron Hands|atk|2
|
|upkeep
|turn|26
|
|t:|1781122000
|move|p2a: Tchavis Scott|Matcha Gotcha|p1a: Iron Hands
|-damage|p1a: Iron Hands|11/100
|move|p1a: Iron Hands|Swords Dance|p1a: Iron Hands
|-boost|p1a: Iron Hands|atk|2
|
|upkeep
|turn|27
|-enditem|p1a: Iron Hands|Custap Berry|[eat]
|-activate|p1a: Iron Hands|item: Custap Berry|[consumed]
|
|t:|1781122005
|move|p1a: Iron Hands|Supercell Slam|p2a: Tchavis Scott|[miss]
|-miss|p1a: Iron Hands|p2a: Tchavis Scott
|-damage|p1a: Iron Hands|0 fnt|[from] supercellslam
|faint|p1a: Iron Hands
|-end|p1a: Iron Hands|Quark Drive|[silent]
|move|p2a: Tchavis Scott|Shadow Ball|p1: Iron Hands|[notarget]
|-fail|p2a: Tchavis Scott
|
|upkeep
|c|☆gintamaxxoo|mb
|c|☆silver jay#2240|dude
|c|☆silver jay#2240|allg
|c|☆gintamaxxoo|dang
|c|☆gintamaxxoo|never thought about it
|inactive|silver jay#2240 has 120 seconds left.
|
|t:|1781122047
|switch|p1a: Deoxys|Deoxys-Speed|94/100
|-damage|p1a: Deoxys|82/100|[from] Stealth Rock
|-ability|p1a: Deoxys|Pressure
|turn|28
|inactive|silver jay#2240 has 120 seconds left.
|
|t:|1781122054
|switch|p1a: Toxapex|Toxapex, F|41/100
|-damage|p1a: Toxapex|29/100|[from] Stealth Rock
|switch|p2a: Tinkki Minaj|Tinkaton, F|94/100
|-damage|p2a: Tinkki Minaj|88/100|[from] Stealth Rock
|-ability|p2a: Tinkki Minaj|Mold Breaker
|-item|p2a: Tinkki Minaj|Air Balloon
|
|upkeep
|turn|29
|inactive|silver jay#2240 has 120 seconds left.
|
|t:|1781122068
|move|p2a: Tinkki Minaj|Thunder Wave|p1a: Toxapex
|-status|p1a: Toxapex|par
|move|p1a: Toxapex|Ice Beam|p2a: Tinkki Minaj
|-resisted|p2a: Tinkki Minaj
|-damage|p2a: Tinkki Minaj|80/100
|-enditem|p2a: Tinkki Minaj|Air Balloon
|
|upkeep
|turn|30
|
|t:|1781122076
|switch|p2a: Tchavis Scott|Sinistcha-Masterpiece, tera:Poison|100/100
|move|p1a: Toxapex|Infestation|p2a: Tchavis Scott
|-resisted|p2a: Tchavis Scott
|-damage|p2a: Tchavis Scott|98/100
|-activate|p2a: Tchavis Scott|move: Infestation|[of] p1a: Toxapex
|
|-damage|p2a: Tchavis Scott|86/100|[from] move: Infestation|[partiallytrapped]
|upkeep
|turn|31
|
|t:|1781122088
|move|p2a: Tchavis Scott|Matcha Gotcha|p1a: Toxapex
|-damage|p1a: Toxapex|12/100 par
|-heal|p2a: Tchavis Scott|93/100|[from] drain|[of] p1a: Toxapex
|move|p1a: Toxapex|Surf|p2a: Tchavis Scott
|-damage|p2a: Tchavis Scott|59/100
|
|-damage|p2a: Tchavis Scott|47/100|[from] move: Infestation|[partiallytrapped]
|upkeep
|turn|32
|
|t:|1781122102
|move|p2a: Tchavis Scott|Shadow Ball|p1a: Toxapex
|-damage|p1a: Toxapex|0 fnt
|faint|p1a: Toxapex
|
|-end|p2a: Tchavis Scott|Infestation|[partiallytrapped]|[silent]
|upkeep
|inactive|silver jay#2240 has 120 seconds left.
|
|t:|1781122117
|switch|p1a: Dragonite|Dragonite, F|100/100
|-damage|p1a: Dragonite|76/100|[from] Stealth Rock
|turn|33
|
|t:|1781122127
|switch|p2a: Secret Service|Dragonite, M|100/100
|move|p1a: Dragonite|Dragon Dance|p1a: Dragonite
|-boost|p1a: Dragonite|atk|1
|-boost|p1a: Dragonite|spe|1
|
|upkeep
|turn|34
|
|t:|1781122133
|move|p1a: Dragonite|Outrage|p2a: Secret Service
|-supereffective|p2a: Secret Service
|-damage|p2a: Secret Service|0 fnt
|faint|p2a: Secret Service
|-damage|p1a: Dragonite|66/100|[from] item: Life Orb
|
|upkeep
|
|t:|1781122136
|switch|p2a: Tinkki Minaj|Tinkaton, F|80/100
|-damage|p2a: Tinkki Minaj|73/100|[from] Stealth Rock
|-ability|p2a: Tinkki Minaj|Mold Breaker
|turn|35
|
|t:|1781122148
|move|p1a: Dragonite|Outrage|p2a: Tinkki Minaj|[from] lockedmove
|-immune|p2a: Tinkki Minaj
|move|p2a: Tinkki Minaj|Thunder Wave|p1a: Dragonite
|-status|p1a: Dragonite|par
|
|upkeep
|turn|36
|
|t:|1781122153
|move|p2a: Tinkki Minaj|Encore|p1a: Dragonite
|-start|p1a: Dragonite|Encore
|move|p1a: Dragonite|Outrage|p2a: Tinkki Minaj
|-immune|p2a: Tinkki Minaj
|
|upkeep
|turn|37
|
|t:|1781122157
|move|p2a: Tinkki Minaj|Thunder Wave|p1a: Dragonite
|-fail|p1a: Dragonite|par
|move|p1a: Dragonite|Outrage|p2a: Tinkki Minaj
|-immune|p2a: Tinkki Minaj
|
|upkeep
|turn|38
|
|t:|1781122158
|move|p2a: Tinkki Minaj|Gigaton Hammer|p1a: Dragonite
|-damage|p1a: Dragonite|16/100 par
|move|p1a: Dragonite|Outrage|p2a: Tinkki Minaj
|-immune|p2a: Tinkki Minaj
|
|-end|p1a: Dragonite|Encore
|upkeep
|turn|39
|
|t:|1781122163
|move|p1a: Dragonite|Extreme Speed|p2a: Tinkki Minaj
|-resisted|p2a: Tinkki Minaj
|-damage|p2a: Tinkki Minaj|41/100
|-damage|p1a: Dragonite|6/100 par|[from] item: Life Orb
|move|p2a: Tinkki Minaj|Encore|p1a: Dragonite
|-start|p1a: Dragonite|Encore
|
|upkeep
|turn|40
|
|t:|1781122174
|cant|p1a: Dragonite|par
|move|p2a: Tinkki Minaj|Gigaton Hammer|p1a: Dragonite
|-damage|p1a: Dragonite|0 fnt
|faint|p1a: Dragonite
|
|upkeep
|
|t:|1781122176
|switch|p1a: Darkrai|Darkrai|45/100 brn
|-damage|p1a: Darkrai|32/100 brn|[from] Stealth Rock
|turn|41
|
|t:|1781122192
|switch|p2a: My Little Pwny|Keldeo|90/100
|move|p1a: Darkrai|Trick|p2a: My Little Pwny
|-activate|p1a: Darkrai|move: Trick|[of] p2a: My Little Pwny
|-item|p2a: My Little Pwny|Choice Specs|[from] move: Trick
|-item|p1a: Darkrai|Heavy-Duty Boots|[from] move: Trick
|
|-damage|p1a: Darkrai|26/100 brn|[from] brn
|upkeep
|turn|42
|
|t:|1781122211
|move|p1a: Darkrai|Sludge Bomb|p2a: My Little Pwny
|-damage|p2a: My Little Pwny|51/100
|move|p2a: My Little Pwny|Surf|p1a: Darkrai
|-damage|p1a: Darkrai|0 fnt
|faint|p1a: Darkrai
|
|upkeep
|
|t:|1781122215
|switch|p1a: Deoxys|Deoxys-Speed|82/100
|-damage|p1a: Deoxys|70/100|[from] Stealth Rock
|-ability|p1a: Deoxys|Pressure
|turn|43
|l| BiscoitoXDBr
|
|t:|1781122230
|move|p1a: Deoxys|Calm Mind|p1a: Deoxys
|-boost|p1a: Deoxys|spa|1
|-boost|p1a: Deoxys|spd|1
|move|p2a: My Little Pwny|Surf|p1a: Deoxys
|-damage|p1a: Deoxys|23/100
|
|-heal|p1a: Deoxys|29/100|[from] item: Leftovers
|upkeep
|turn|44
|
|t:|1781122233
|move|p1a: Deoxys|Recover|p1a: Deoxys
|-heal|p1a: Deoxys|79/100
|move|p2a: My Little Pwny|Surf|p1a: Deoxys
|-damage|p1a: Deoxys|30/100
|
|-heal|p1a: Deoxys|36/100|[from] item: Leftovers
|upkeep
|turn|45
|
|t:|1781122243
|move|p1a: Deoxys|Calm Mind|p1a: Deoxys
|-boost|p1a: Deoxys|spa|1
|-boost|p1a: Deoxys|spd|1
|move|p2a: My Little Pwny|Surf|p1a: Deoxys
|-damage|p1a: Deoxys|1/100
|
|-heal|p1a: Deoxys|7/100|[from] item: Leftovers
|upkeep
|turn|46
|
|t:|1781122257
|switch|p2a: Tinkki Minaj|Tinkaton, F|41/100
|-damage|p2a: Tinkki Minaj|35/100|[from] Stealth Rock
|-ability|p2a: Tinkki Minaj|Mold Breaker
|move|p1a: Deoxys|Recover|p1a: Deoxys
|-heal|p1a: Deoxys|57/100
|
|-heal|p1a: Deoxys|63/100|[from] item: Leftovers
|upkeep
|turn|47
|
|t:|1781122270
|-terastallize|p1a: Deoxys|Steel
|move|p1a: Deoxys|Stored Power|p2a: Tinkki Minaj
|-resisted|p2a: Tinkki Minaj
|-damage|p2a: Tinkki Minaj|6/100
|move|p2a: Tinkki Minaj|Thunder Wave|p1a: Deoxys
|-status|p1a: Deoxys|par
|
|-heal|p1a: Deoxys|69/100 par|[from] item: Leftovers
|upkeep
|turn|48
|
|t:|1781122279
|move|p2a: Tinkki Minaj|Gigaton Hammer|p1a: Deoxys
|-resisted|p1a: Deoxys
|-damage|p1a: Deoxys|41/100 par
|move|p1a: Deoxys|Stored Power|p2a: Tinkki Minaj
|-resisted|p2a: Tinkki Minaj
|-damage|p2a: Tinkki Minaj|0 fnt
|faint|p2a: Tinkki Minaj
|
|-heal|p1a: Deoxys|47/100 par|[from] item: Leftovers
|upkeep
|
|t:|1781122284
|switch|p2a: My Little Pwny|Keldeo|51/100
|-damage|p2a: My Little Pwny|44/100|[from] Stealth Rock
|turn|49
|c|☆silver jay#2240|oops
|c|☆silver jay#2240|that was a very bad trick by me
|
|t:|1781122298
|move|p2a: My Little Pwny|Aura Sphere|p1a: Deoxys
|-supereffective|p1a: Deoxys
|-damage|p1a: Deoxys|0 fnt
|faint|p1a: Deoxys
|
|win|gintamaxxoo
|raw|silver jay#2240's rating: 1680 &rarr; <strong>1658</strong><br />(-22 for losing)
|raw|gintamaxxoo's rating: 1647 &rarr; <strong>1669</strong><br />(+22 for winning)
|l|☆silver jay#2240
|player|p1|
|c|☆gintamaxxoo|yh
|c|☆gintamaxxoo|sry about the miss
|l|☆gintamaxxoo
|player|p2|
|j|☆silver jay#2240
|player|p1|silver jay#2240|grusha|
|l|☆silver jay#2240
|player|p1|
