|j|☆smokesniper3
|j|☆The median voter
|t:|1781472687
|gametype|singles
|player|p1|smokesniper3|veteran|1586
|player|p2|The median voter|scientist-gen4dp|1565
|gen|9
|tier|[Gen 9] OU
|rated|
|rule|HP Percentage Mod: HP is shown in percentages
|rule|Endless Battle Clause: Forcing endless battles is banned
|rule|Species Clause: Limit one of each Pokémon
|rule|OHKO Clause: OHKO moves are banned
|rule|Evasion Items Clause: Evasion items are banned
|rule|Evasion Moves Clause: Evasion moves are banned
|rule|Evasion Abilities Clause: Evasion abilities are banned
|rule|Sleep Moves Clause: Sleep-inducing moves are banned
|clearpoke
|poke|p1|Ninetales, M|
|poke|p1|Scovillain, M|
|poke|p1|Walking Wake|
|poke|p1|Great Tusk|
|poke|p1|Hatterene, F|
|poke|p1|Kingambit, M|
|poke|p2|Zapdos|
|poke|p2|Great Tusk|
|poke|p2|Hoopa-Unbound|
|poke|p2|Slowking-Galar, M|
|poke|p2|Scizor, M|
|poke|p2|Dragapult, F|
|teampreview
|
|t:|1781472704
|teamsize|p1|6
|teamsize|p2|6
|start
|switch|p1a: Great Tusk|Great Tusk|100/100
|switch|p2a: Bishop|Slowking-Galar, M|100/100
|turn|1
|
|t:|1781472721
|switch|p2a: Preacher|Zapdos|100/100
|move|p1a: Great Tusk|Head Smash|p2a: Preacher|[miss]
|-miss|p1a: Great Tusk|p2a: Preacher
|
|upkeep
|turn|2
|
|t:|1781472729
|-end|p1a: Great Tusk|Protosynthesis|[silent]
|switch|p1a: Ninetales|Ninetales, M|100/100
|-weather|SunnyDay|[from] ability: Drought|[of] p1a: Ninetales
|move|p2a: Preacher|U-turn|p1a: Ninetales
|-resisted|p1a: Ninetales
|-damage|p1a: Ninetales|92/100
|
|t:|1781472732
|switch|p2a: Bishop|Slowking-Galar, M|100/100|[from] U-turn
|
|-weather|SunnyDay|[upkeep]
|upkeep
|turn|3
|
|t:|1781472749
|switch|p1a: Hatterene|Hatterene, F|100/100
|-prepare|p2a: Bishop|Chilly Reception|[premajor]
|move|p2a: Bishop|Chilly Reception|p2a: Bishop
|-weather|Snowscape
|
|t:|1781472754
|switch|p2a: Experiment|Scizor, M|100/100|[from] Chilly Reception
|
|-weather|Snowscape|[upkeep]
|upkeep
|turn|4
|
|t:|1781472762
|switch|p1a: Ninetales|Ninetales, M|92/100
|-weather|SunnyDay|[from] ability: Drought|[of] p1a: Ninetales
|move|p2a: Experiment|Knock Off|p1a: Ninetales
|-damage|p1a: Ninetales|28/100
|-enditem|p1a: Ninetales|Heat Rock|[from] move: Knock Off|[of] p2a: Experiment
|
|-weather|SunnyDay|[upkeep]
|upkeep
|turn|5
|
|t:|1781472775
|switch|p1a: Walking Wake|Walking Wake|100/100
|-activate|p1a: Walking Wake|ability: Protosynthesis
|-start|p1a: Walking Wake|protosynthesisspa
|move|p2a: Experiment|Knock Off|p1a: Walking Wake
|-damage|p1a: Walking Wake|41/100
|-enditem|p1a: Walking Wake|Choice Specs|[from] move: Knock Off|[of] p2a: Experiment
|
|-weather|SunnyDay|[upkeep]
|upkeep
|turn|6
|
|t:|1781472791
|switch|p2a: Bishop|Slowking-Galar, M|100/100
|move|p1a: Walking Wake|Hydro Steam|p2a: Bishop
|-damage|p2a: Bishop|51/100
|
|-weather|SunnyDay|[upkeep]
|upkeep
|turn|7
|
|t:|1781472804
|-terastallize|p2a: Bishop|Water
|move|p1a: Walking Wake|Draco Meteor|p2a: Bishop|[miss]
|-miss|p1a: Walking Wake|p2a: Bishop
|-prepare|p2a: Bishop|Chilly Reception|[premajor]
|move|p2a: Bishop|Chilly Reception|p2a: Bishop
|-weather|Snowscape
|-end|p1a: Walking Wake|Protosynthesis
|
|t:|1781472811
|switch|p2a: Emissary|Dragapult, F|100/100|[from] Chilly Reception
|
|-weather|Snowscape|[upkeep]
|upkeep
|turn|8
|
|t:|1781472816
|-end|p1a: Walking Wake|Protosynthesis|[silent]
|switch|p1a: Hatterene|Hatterene, F|100/100
|move|p2a: Emissary|U-turn|p1a: Hatterene
|-damage|p1a: Hatterene|86/100
|-enditem|p1a: Hatterene|Eject Button
|
|t:|1781472821
|switch|p1a: Ninetales|Ninetales, M|28/100
|-weather|SunnyDay|[from] ability: Drought|[of] p1a: Ninetales
|
|-weather|SunnyDay|[upkeep]
|upkeep
|turn|9
|
|t:|1781472837
|switch|p1a: Great Tusk|Great Tusk|100/100
|-activate|p1a: Great Tusk|ability: Protosynthesis
|-start|p1a: Great Tusk|protosynthesisspe
|move|p2a: Emissary|Hex|p1a: Great Tusk
|-damage|p1a: Great Tusk|76/100
|
|-weather|SunnyDay|[upkeep]
|upkeep
|turn|10
|
|t:|1781472849
|move|p1a: Great Tusk|Ice Spinner|p2a: Emissary
|-supereffective|p2a: Emissary
|-damage|p2a: Emissary|35/100
|move|p2a: Emissary|Will-O-Wisp|p1a: Great Tusk
|-status|p1a: Great Tusk|brn
|
|-weather|SunnyDay|[upkeep]
|-damage|p1a: Great Tusk|70/100 brn|[from] brn
|upkeep
|turn|11
|
|t:|1781472857
|switch|p2a: Templar|Great Tusk|100/100
|-activate|p2a: Templar|ability: Protosynthesis
|-start|p2a: Templar|protosynthesisatk
|move|p1a: Great Tusk|Headlong Rush|p2a: Templar
|-damage|p2a: Templar|81/100
|-unboost|p1a: Great Tusk|def|1
|-unboost|p1a: Great Tusk|spd|1
|
|-weather|SunnyDay|[upkeep]
|-damage|p1a: Great Tusk|64/100 brn|[from] brn
|upkeep
|turn|12
|
|t:|1781472865
|-end|p1a: Great Tusk|Protosynthesis|[silent]
|switch|p1a: Hatterene|Hatterene, F|86/100
|move|p2a: Templar|Headlong Rush|p1a: Hatterene
|-damage|p1a: Hatterene|12/100
|-unboost|p2a: Templar|def|1
|-unboost|p2a: Templar|spd|1
|
|-weather|none
|-end|p2a: Templar|Protosynthesis
|upkeep
|turn|13
|j| Agathina
|
|t:|1781472878
|move|p2a: Templar|Headlong Rush|p1a: Hatterene
|-damage|p1a: Hatterene|0 fnt
|-unboost|p2a: Templar|def|1
|-unboost|p2a: Templar|spd|1
|faint|p1a: Hatterene
|
|upkeep
|
|t:|1781472879
|switch|p1a: Ninetales|Ninetales, M|28/100
|-weather|SunnyDay|[from] ability: Drought|[of] p1a: Ninetales
|-activate|p2a: Templar|ability: Protosynthesis
|-start|p2a: Templar|protosynthesisatk
|turn|14
|
|t:|1781472919
|-end|p2a: Templar|Protosynthesis|[silent]
|switch|p2a: The End of All|Hoopa-Unbound|100/100
|move|p1a: Ninetales|Healing Wish|p1a: Ninetales
|faint|p1a: Ninetales
|
|-weather|SunnyDay|[upkeep]
|upkeep
|
|t:|1781472944
|switch|p1a: Walking Wake|Walking Wake|41/100
|-heal|p1a: Walking Wake|100/100|[from] move: Healing Wish
|-activate|p1a: Walking Wake|ability: Protosynthesis
|-start|p1a: Walking Wake|protosynthesisspa
|turn|15
|
|t:|1781472951
|move|p1a: Walking Wake|Hydro Steam|p2a: The End of All
|-damage|p2a: The End of All|54/100
|move|p2a: The End of All|Hyperspace Fury|p1a: Walking Wake
|-damage|p1a: Walking Wake|41/100
|-unboost|p2a: The End of All|def|1
|
|-weather|SunnyDay|[upkeep]
|upkeep
|turn|16
|
|t:|1781472971
|move|p1a: Walking Wake|Hydro Steam|p2a: The End of All
|-damage|p2a: The End of All|13/100
|move|p2a: The End of All|Drain Punch|p1a: Walking Wake
|-damage|p1a: Walking Wake|9/100
|-heal|p2a: The End of All|27/100|[from] drain|[of] p1a: Walking Wake
|
|-weather|SunnyDay|[upkeep]
|upkeep
|turn|17
|
|t:|1781472986
|move|p1a: Walking Wake|Flip Turn|p2a: The End of All
|-crit|p2a: The End of All
|-damage|p2a: The End of All|1/100
|
|t:|1781472991
|-end|p1a: Walking Wake|Protosynthesis|[silent]
|switch|p1a: Great Tusk|Great Tusk|64/100 brn|[from] Flip Turn
|-activate|p1a: Great Tusk|ability: Protosynthesis
|-start|p1a: Great Tusk|protosynthesisspe
|move|p2a: The End of All|Drain Punch|p1a: Great Tusk
|-damage|p1a: Great Tusk|44/100 brn
|-heal|p2a: The End of All|13/100|[from] drain|[of] p1a: Great Tusk
|
|-weather|SunnyDay|[upkeep]
|-damage|p1a: Great Tusk|38/100 brn|[from] brn
|upkeep
|turn|18
|
|t:|1781473002
|switch|p2a: Templar|Great Tusk|81/100
|-activate|p2a: Templar|ability: Protosynthesis
|-start|p2a: Templar|protosynthesisatk
|move|p1a: Great Tusk|Rapid Spin|p2a: Templar
|-damage|p2a: Templar|76/100
|-boost|p1a: Great Tusk|spe|1
|
|-weather|none
|-end|p1a: Great Tusk|Protosynthesis
|-end|p2a: Templar|Protosynthesis
|-damage|p1a: Great Tusk|32/100 brn|[from] brn
|upkeep
|turn|19
|
|t:|1781473009
|move|p1a: Great Tusk|Ice Spinner|p2a: Templar
|-supereffective|p2a: Templar
|-damage|p2a: Templar|59/100
|move|p2a: Templar|Stealth Rock|p1a: Great Tusk
|-sidestart|p1: smokesniper3|move: Stealth Rock
|
|-damage|p1a: Great Tusk|26/100 brn|[from] brn
|upkeep
|turn|20
|
|t:|1781473012
|move|p1a: Great Tusk|Rapid Spin|p2a: Templar
|-damage|p2a: Templar|54/100
|-boost|p1a: Great Tusk|spe|1
|-sideend|p1: smokesniper3|Stealth Rock|[from] move: Rapid Spin|[of] p1a: Great Tusk
|move|p2a: Templar|Headlong Rush|p1a: Great Tusk
|-damage|p1a: Great Tusk|0 fnt
|-unboost|p2a: Templar|def|1
|-unboost|p2a: Templar|spd|1
|faint|p1a: Great Tusk
|-end|p1a: Great Tusk|Protosynthesis|[silent]
|
|upkeep
|
|t:|1781473016
|switch|p1a: Walking Wake|Walking Wake|9/100
|turn|21
|
|t:|1781473022
|move|p1a: Walking Wake|Draco Meteor|p2a: Templar
|-damage|p2a: Templar|0 fnt
|-unboost|p1a: Walking Wake|spa|2
|faint|p2a: Templar
|-end|p2a: Templar|Protosynthesis|[silent]
|
|upkeep
|
|t:|1781473032
|switch|p2a: Emissary|Dragapult, F|35/100
|turn|22
|
|t:|1781473039
|move|p2a: Emissary|Dragon Darts|p1a: Walking Wake
|-supereffective|p1a: Walking Wake
|-damage|p1a: Walking Wake|0 fnt
|faint|p1a: Walking Wake
|-end|p1a: Walking Wake|Protosynthesis|[silent]
|
|upkeep
|
|t:|1781473041
|switch|p1a: Scovillain|Scovillain, M|100/100
|turn|23
|
|t:|1781473050
|move|p2a: Emissary|U-turn|p1a: Scovillain
|-damage|p1a: Scovillain|62/100
|
|t:|1781473053
|switch|p2a: Experiment|Scizor, M|100/100|[from] U-turn
|move|p1a: Scovillain|Flamethrower|p2a: Experiment
|-supereffective|p2a: Experiment
|-damage|p2a: Experiment|0 fnt
|faint|p2a: Experiment
|-damage|p1a: Scovillain|53/100|[from] item: Life Orb
|
|upkeep
|
|t:|1781473055
|switch|p2a: Bishop|Slowking-Galar, M, tera:Water|84/100
|turn|24
|
|t:|1781473062
|move|p1a: Scovillain|Solar Beam||[still]
|-prepare|p1a: Scovillain|Solar Beam
|-prepare|p2a: Bishop|Chilly Reception|[premajor]
|move|p2a: Bishop|Chilly Reception|p2a: Bishop
|-weather|Snowscape
|
|t:|1781473067
|switch|p2a: Emissary|Dragapult, F|35/100|[from] Chilly Reception
|
|-weather|Snowscape|[upkeep]
|upkeep
|turn|25
|
|t:|1781473069
|move|p2a: Emissary|U-turn|p1a: Scovillain
|-damage|p1a: Scovillain|13/100
|
|t:|1781473073
|switch|p2a: The End of All|Hoopa-Unbound|13/100|[from] U-turn
|move|p1a: Scovillain|Solar Beam|p2a: The End of All|[from] lockedmove
|-damage|p2a: The End of All|0 fnt
|faint|p2a: The End of All
|-damage|p1a: Scovillain|3/100|[from] item: Life Orb
|
|-weather|Snowscape|[upkeep]
|upkeep
|
|t:|1781473074
|switch|p2a: Emissary|Dragapult, F|35/100
|turn|26
|
|t:|1781473083
|move|p2a: Emissary|Dragon Darts|p1a: Scovillain
|-damage|p1a: Scovillain|0 fnt
|faint|p1a: Scovillain
|
|-weather|Snowscape|[upkeep]
|upkeep
|
|t:|1781473085
|switch|p1a: Kingambit|Kingambit, M|100/100
|-activate|p1a: Kingambit|ability: Supreme Overlord
|-start|p1a: Kingambit|fallen5|[silent]
|turn|27
|
|t:|1781473102
|move|p2a: Emissary|Will-O-Wisp|p1a: Kingambit
|-status|p1a: Kingambit|brn
|move|p1a: Kingambit|Swords Dance|p1a: Kingambit
|-boost|p1a: Kingambit|atk|2
|
|-weather|Snowscape|[upkeep]
|-damage|p1a: Kingambit|94/100 brn|[from] brn
|upkeep
|turn|28
|
|t:|1781473111
|move|p2a: Emissary|Hex|p1a: Kingambit
|-resisted|p1a: Kingambit
|-damage|p1a: Kingambit|64/100 brn
|move|p1a: Kingambit|Swords Dance|p1a: Kingambit
|-boost|p1a: Kingambit|atk|2
|
|-weather|none
|-heal|p1a: Kingambit|71/100 brn|[from] item: Leftovers
|-damage|p1a: Kingambit|64/100 brn|[from] brn
|upkeep
|turn|29
|
|t:|1781473114
|move|p1a: Kingambit|Sucker Punch|p2a: Emissary
|-supereffective|p2a: Emissary
|-damage|p2a: Emissary|0 fnt
|faint|p2a: Emissary
|
|-heal|p1a: Kingambit|71/100 brn|[from] item: Leftovers
|-damage|p1a: Kingambit|64/100 brn|[from] brn
|upkeep
|
|t:|1781473116
|switch|p2a: Preacher|Zapdos|100/100
|turn|30
|
|t:|1781473123
|move|p2a: Preacher|Discharge|p1a: Kingambit
|-damage|p1a: Kingambit|24/100 brn
|move|p1a: Kingambit|Kowtow Cleave|p2a: Preacher
|-damage|p2a: Preacher|21/100
|
|-heal|p1a: Kingambit|30/100 brn|[from] item: Leftovers
|-damage|p1a: Kingambit|24/100 brn|[from] brn
|upkeep
|turn|31
|
|t:|1781473137
|switch|p2a: Bishop|Slowking-Galar, M, tera:Water|100/100
|move|p1a: Kingambit|Kowtow Cleave|p2a: Bishop
|-damage|p2a: Bishop|0 fnt
|faint|p2a: Bishop
|
|-heal|p1a: Kingambit|30/100 brn|[from] item: Leftovers
|-damage|p1a: Kingambit|24/100 brn|[from] brn
|upkeep
|
|t:|1781473142
|switch|p2a: Preacher|Zapdos|21/100
|turn|32
|
|t:|1781473154
|move|p1a: Kingambit|Sucker Punch|p2a: Preacher
|-damage|p2a: Preacher|0 fnt
|faint|p2a: Preacher
|
|win|smokesniper3
|raw|smokesniper3's rating: 1586 &rarr; <strong>1605</strong><br />(+19 for winning)
|raw|The median voter's rating: 1565 &rarr; <strong>1546</strong><br />(-19 for losing)
|c|☆smokesniper3|gg
|l|☆smokesniper3
|player|p1|
