|j|☆Humerus_Skelepun
|j|☆buhuifeihhh
|t:|1781498823
|gametype|singles
|player|p1|Humerus_Skelepun|102|1618
|player|p2|buhuifeihhh|hilbert|1548
|gen|9
|tier|[Gen 9] OU
|rated|
|rule|HP Percentage Mod: HP is shown in percentages
|rule|Endless Battle Clause: Forcing endless battles is banned
|rule|Species Clause: Limit one of each Pokémon
|rule|OHKO Clause: OHKO moves are banned
|rule|Evasion Items Clause: Evasion items are banned
|rule|Evasion Moves Clause: Evasion moves are banned
|rule|Evasion Abilities Clause: Evasion abilities are banned
|rule|Sleep Moves Clause: Sleep-inducing moves are banned
|clearpoke
|poke|p1|Weezing-Galar, M|
|poke|p1|Ogerpon, F|
|poke|p1|Skarmory, M|
|poke|p1|Alomomola, M|
|poke|p1|Clodsire, M|
|poke|p1|Hydreigon, M|
|poke|p2|Heatran, F|
|poke|p2|Rillaboom, F|
|poke|p2|Moltres-Galar|
|poke|p2|Weezing-Galar, F|
|poke|p2|Tyranitar, M|
|poke|p2|Volcanion|
|teampreview
|inactive|Battle timer is ON: inactive players will automatically lose when time's up. (requested by Humerus_Skelepun)
|
|t:|1781498837
|teamsize|p1|6
|teamsize|p2|6
|start
|switch|p1a: Anonymous|Ogerpon, F|100/100
|switch|p2a: Heatran|Heatran, F|100/100
|turn|1
|
|t:|1781498851
|move|p1a: Anonymous|U-turn|p2a: Heatran
|-resisted|p2a: Heatran
|-damage|p2a: Heatran|93/100
|
|t:|1781498855
|switch|p1a: Pisces|Alomomola, M, shiny|100/100|[from] U-turn
|move|p2a: Heatran|Magma Storm|p1a: Pisces
|-resisted|p1a: Pisces
|-damage|p1a: Pisces|88/100
|-activate|p1a: Pisces|move: Magma Storm|[of] p2a: Heatran
|
|-heal|p2a: Heatran|99/100|[from] item: Leftovers
|-damage|p1a: Pisces|75/100|[from] move: Magma Storm|[partiallytrapped]
|upkeep
|turn|2
|
|t:|1781498864
|move|p2a: Heatran|Protect|p2a: Heatran
|-singleturn|p2a: Heatran|Protect
|move|p1a: Pisces|Flip Turn|p2a: Heatran
|-activate|p2a: Heatran|move: Protect
|
|-heal|p2a: Heatran|100/100|[from] item: Leftovers
|-damage|p1a: Pisces|63/100|[from] move: Magma Storm|[partiallytrapped]
|upkeep
|turn|3
|
|t:|1781498869
|move|p2a: Heatran|Earth Power|p1a: Pisces
|-damage|p1a: Pisces|46/100
|move|p1a: Pisces|Mirror Coat|p2a: Heatran
|-damage|p2a: Heatran|54/100
|
|-heal|p2a: Heatran|60/100|[from] item: Leftovers
|-damage|p1a: Pisces|34/100|[from] move: Magma Storm|[partiallytrapped]
|upkeep
|turn|4
|
|t:|1781498874
|move|p2a: Heatran|Protect|p2a: Heatran
|-singleturn|p2a: Heatran|Protect
|move|p1a: Pisces|Flip Turn|p2a: Heatran
|-activate|p2a: Heatran|move: Protect
|
|-heal|p2a: Heatran|67/100|[from] item: Leftovers
|-damage|p1a: Pisces|21/100|[from] move: Magma Storm|[partiallytrapped]
|upkeep
|turn|5
|
|t:|1781498884
|move|p2a: Heatran|Earth Power|p1a: Pisces
|-damage|p1a: Pisces|4/100
|move|p1a: Pisces|Flip Turn|p2a: Heatran
|-supereffective|p2a: Heatran
|-damage|p2a: Heatran|41/100
|
|t:|1781498889
|switch|p1a: Hybrid|Hydreigon, M, shiny|100/100|[from] Flip Turn
|
|-heal|p2a: Heatran|48/100|[from] item: Leftovers
|upkeep
|turn|6
|
|t:|1781498897
|move|p2a: Heatran|Protect|p2a: Heatran
|-singleturn|p2a: Heatran|Protect
|move|p1a: Hybrid|Dark Pulse|p2a: Heatran
|-activate|p2a: Heatran|move: Protect
|
|-heal|p2a: Heatran|54/100|[from] item: Leftovers
|upkeep
|turn|7
|
|t:|1781498904
|switch|p2a: Tyranitar|Tyranitar, M|100/100
|-weather|Sandstorm|[from] ability: Sand Stream|[of] p2a: Tyranitar
|move|p1a: Hybrid|Dark Pulse|p2a: Tyranitar
|-resisted|p2a: Tyranitar
|-damage|p2a: Tyranitar|91/100
|
|-weather|Sandstorm|[upkeep]
|-damage|p1a: Hybrid|94/100|[from] Sandstorm
|upkeep
|turn|8
|
|t:|1781498919
|switch|p1a: Raptor|Skarmory, M, shiny|100/100
|move|p2a: Tyranitar|Knock Off|p1a: Raptor
|-damage|p1a: Raptor|64/100
|-damage|p2a: Tyranitar|74/100|[from] item: Rocky Helmet|[of] p1a: Raptor
|-enditem|p1a: Raptor|Rocky Helmet|[from] move: Knock Off|[of] p2a: Tyranitar
|
|-weather|Sandstorm|[upkeep]
|upkeep
|turn|9
|
|t:|1781498931
|switch|p2a: Volcanion|Volcanion|100/100
|move|p1a: Raptor|Spikes|p2a: Volcanion
|-sidestart|p2: buhuifeihhh|Spikes
|
|-weather|Sandstorm|[upkeep]
|-damage|p2a: Volcanion|95/100|[from] Sandstorm
|-heal|p2a: Volcanion|100/100|[from] item: Leftovers
|upkeep
|turn|10
|
|t:|1781498939
|switch|p1a: Endless Nameless|Clodsire, M, shiny|100/100
|move|p2a: Volcanion|Fire Blast|p1a: Endless Nameless
|-damage|p1a: Endless Nameless|68/100
|
|-weather|Sandstorm|[upkeep]
|-damage|p2a: Volcanion|95/100|[from] Sandstorm
|-heal|p2a: Volcanion|100/100|[from] item: Leftovers
|upkeep
|turn|11
|
|t:|1781498950
|move|p2a: Volcanion|Steam Eruption|p1a: Endless Nameless
|-supereffective|p1a: Endless Nameless
|-damage|p1a: Endless Nameless|0 fnt
|faint|p1a: Endless Nameless
|
|-weather|none
|upkeep
|
|t:|1781498959
|switch|p1a: Anonymous|Ogerpon, F|100/100
|turn|12
|
|t:|1781498968
|move|p1a: Anonymous|U-turn|p2a: Volcanion
|-resisted|p2a: Volcanion
|-damage|p2a: Volcanion|84/100
|
|t:|1781498973
|switch|p1a: Pisces|Alomomola, M, shiny|37/100|[from] U-turn
|move|p2a: Volcanion|Fire Blast|p1a: Pisces
|-resisted|p1a: Pisces
|-damage|p1a: Pisces|21/100
|
|-heal|p2a: Volcanion|90/100|[from] item: Leftovers
|upkeep
|turn|13
|
|t:|1781498984
|switch|p1a: Hybrid|Hydreigon, M, shiny|94/100
|move|p2a: Volcanion|Fire Blast|p1a: Hybrid
|-resisted|p1a: Hybrid
|-damage|p1a: Hybrid|60/100
|-status|p1a: Hybrid|brn
|
|-heal|p2a: Volcanion|96/100|[from] item: Leftovers
|-damage|p1a: Hybrid|54/100 brn|[from] brn
|upkeep
|turn|14
|
|t:|1781498995
|switch|p1a: Anonymous|Ogerpon, F|100/100
|move|p2a: Volcanion|Protect||[still]
|-fail|p2a: Volcanion
|
|-heal|p2a: Volcanion|100/100|[from] item: Leftovers
|upkeep
|turn|15
|
|t:|1781499002
|-terastallize|p1a: Anonymous|Grass
|detailschange|p1a: Anonymous|Ogerpon-Teal-Tera, F, tera:Grass
|-ability|p1a: Anonymous|Embody Aspect (Teal)|boost
|-boost|p1a: Anonymous|spe|1
|move|p1a: Anonymous|Ivy Cudgel|p2a: Volcanion
|-damage|p2a: Volcanion|3/100
|move|p2a: Volcanion|Earth Power|p1a: Anonymous
|-resisted|p1a: Anonymous
|-damage|p1a: Anonymous|81/100
|
|-heal|p2a: Volcanion|9/100|[from] item: Leftovers
|upkeep
|turn|16
|
|t:|1781499008
|move|p1a: Anonymous|Ivy Cudgel|p2a: Volcanion
|-damage|p2a: Volcanion|0 fnt
|faint|p2a: Volcanion
|
|upkeep
|
|t:|1781499011
|switch|p2a: Weezing|Weezing-Galar, F|100/100
|turn|17
|
|t:|1781499021
|switch|p1a: Sentinel|Weezing-Galar, M, shiny|100/100
|-ability|p1a: Sentinel|Neutralizing Gas
|move|p2a: Weezing|Defog|p1a: Sentinel
|-unboost|p1a: Sentinel|evasion|1
|-sideend|p2: buhuifeihhh|Spikes|[from] move: Defog|[of] p2a: Weezing
|
|upkeep
|turn|18
|
|t:|1781499038
|switch|p2a: Heatran|Heatran, F|54/100
|-end|p1a: Sentinel|ability: Neutralizing Gas
|switch|p1a: Hybrid|Hydreigon, M, shiny|54/100 brn
|
|-heal|p2a: Heatran|60/100|[from] item: Leftovers
|-damage|p1a: Hybrid|48/100 brn|[from] brn
|upkeep
|turn|19
|
|t:|1781499046
|move|p2a: Heatran|Protect|p2a: Heatran
|-singleturn|p2a: Heatran|Protect
|move|p1a: Hybrid|Dark Pulse|p2a: Heatran
|-activate|p2a: Heatran|move: Protect
|
|-heal|p2a: Heatran|66/100|[from] item: Leftovers
|-damage|p1a: Hybrid|42/100 brn|[from] brn
|upkeep
|turn|20
|
|t:|1781499053
|switch|p1a: Anonymous|Ogerpon-Teal-Tera, F, tera:Grass|81/100
|-ability|p1a: Anonymous|Embody Aspect (Teal)|boost
|-boost|p1a: Anonymous|spe|1
|move|p2a: Heatran|Magma Storm|p1a: Anonymous
|-supereffective|p1a: Anonymous
|-damage|p1a: Anonymous|0 fnt
|faint|p1a: Anonymous
|detailschange|p1: Anonymous|Ogerpon, F|[silent]
|
|-heal|p2a: Heatran|72/100|[from] item: Leftovers
|upkeep
|-message|Humerus_Skelepun forfeited.
|
|win|buhuifeihhh
|raw|Humerus_Skelepun's rating: 1618 &rarr; <strong>1594</strong><br />(-24 for losing)
|raw|buhuifeihhh's rating: 1548 &rarr; <strong>1572</strong><br />(+24 for winning)
|l|☆Humerus_Skelepun
|player|p1|
|l|☆buhuifeihhh
|player|p2|
