|j|☆hawkins0
|j|☆rrbrru
|t:|1781514845
|gametype|singles
|player|p1|hawkins0|102|1591
|player|p2|rrbrru|1|1576
|gen|9
|tier|[Gen 9] OU
|rated|
|rule|HP Percentage Mod: HP is shown in percentages
|rule|Endless Battle Clause: Forcing endless battles is banned
|rule|Species Clause: Limit one of each Pokémon
|rule|OHKO Clause: OHKO moves are banned
|rule|Evasion Items Clause: Evasion items are banned
|rule|Evasion Moves Clause: Evasion moves are banned
|rule|Evasion Abilities Clause: Evasion abilities are banned
|rule|Sleep Moves Clause: Sleep-inducing moves are banned
|clearpoke
|poke|p1|Hoopa-Unbound|
|poke|p1|Pecharunt|
|poke|p1|Landorus-Therian, M|
|poke|p1|Cinderace, M|
|poke|p1|Alomomola, M|
|poke|p1|Iron Valiant|
|poke|p2|Tyranitar, F|
|poke|p2|Excadrill, M|
|poke|p2|Hydrapple, F|
|poke|p2|Tornadus-Therian, M|
|poke|p2|Alomomola, F|
|poke|p2|Houndstone, F|
|teampreview
|
|t:|1781514856
|teamsize|p1|6
|teamsize|p2|6
|start
|switch|p1a: Khaos|Hoopa-Unbound|100/100
|switch|p2a: Crocodile|Tyranitar, F|100/100
|-weather|Sandstorm|[from] ability: Sand Stream|[of] p2a: Crocodile
|turn|1
|
|t:|1781514860
|switch|p2a: Marco|Tornadus-Therian, M|100/100
|-terastallize|p1a: Khaos|Dark
|move|p1a: Khaos|Hyperspace Fury|p2a: Marco
|-damage|p2a: Marco|0 fnt
|-unboost|p1a: Khaos|def|1
|faint|p2a: Marco
|
|-weather|Sandstorm|[upkeep]
|-damage|p1a: Khaos|94/100|[from] Sandstorm
|upkeep
|
|t:|1781514867
|switch|p2a: Mr. 1|Excadrill, M|100/100
|turn|2
|
|t:|1781514876
|move|p2a: Mr. 1|Rock Slide|p1a: Khaos
|-damage|p1a: Khaos|18/100
|move|p1a: Khaos|Hyperspace Fury|p2a: Mr. 1
|-damage|p2a: Mr. 1|0 fnt
|-unboost|p1a: Khaos|def|1
|faint|p2a: Mr. 1
|
|-weather|Sandstorm|[upkeep]
|-damage|p1a: Khaos|11/100|[from] Sandstorm
|upkeep
|
|t:|1781514884
|switch|p2a: Ryuma|Houndstone, F|100/100
|turn|3
|
|t:|1781514891
|move|p2a: Ryuma|Poltergeist|p1a: Khaos
|-activate|p1a: Khaos|move: Poltergeist|Choice Band
|-resisted|p1a: Khaos
|-damage|p1a: Khaos|0 fnt
|faint|p1a: Khaos
|
|-weather|Sandstorm|[upkeep]
|upkeep
|
|t:|1781514898
|switch|p1a: Overseer|Pecharunt|100/100
|turn|4
|
|t:|1781514901
|switch|p1a: Pisces|Alomomola, M, shiny|100/100
|move|p2a: Ryuma|Poltergeist|p1a: Pisces
|-activate|p1a: Pisces|move: Poltergeist|Assault Vest
|-damage|p1a: Pisces|54/100
|
|-weather|Sandstorm|[upkeep]
|-damage|p1a: Pisces|48/100|[from] Sandstorm
|upkeep
|turn|5
|
|t:|1781514904
|switch|p1a: Enten|Landorus-Therian, M, shiny|100/100
|-ability|p1a: Enten|Intimidate|boost
|-unboost|p2a: Ryuma|atk|1
|move|p2a: Ryuma|Poltergeist|p1a: Enten|[miss]
|-miss|p2a: Ryuma|p1a: Enten
|
|-weather|none
|upkeep
|turn|6
|
|t:|1781514911
|switch|p2a: Crocodile|Tyranitar, F|100/100
|-weather|Sandstorm|[from] ability: Sand Stream|[of] p2a: Crocodile
|move|p1a: Enten|U-turn|p2a: Crocodile
|-supereffective|p2a: Crocodile
|-damage|p2a: Crocodile|57/100
|
|t:|1781514916
|switch|p1a: Calamity|Iron Valiant, shiny|100/100|[from] U-turn
|
|-weather|Sandstorm|[upkeep]
|-damage|p1a: Calamity|94/100|[from] Sandstorm
|-heal|p2a: Crocodile|63/100|[from] item: Leftovers
|upkeep
|turn|7
|
|t:|1781514921
|switch|p2a: Big Mom|Alomomola, F|100/100
|move|p1a: Calamity|Moonblast|p2a: Big Mom
|-damage|p2a: Big Mom|34/100
|-unboost|p2a: Big Mom|spa|1
|
|-weather|Sandstorm|[upkeep]
|-damage|p1a: Calamity|88/100|[from] Sandstorm
|-damage|p2a: Big Mom|28/100|[from] Sandstorm
|upkeep
|turn|8
|
|t:|1781514926
|switch|p2a: Ryuma|Houndstone, F|100/100
|move|p1a: Calamity|Moonblast|p2a: Ryuma
|-damage|p2a: Ryuma|12/100
|
|-weather|Sandstorm|[upkeep]
|-damage|p1a: Calamity|82/100|[from] Sandstorm
|upkeep
|turn|9
|
|t:|1781514931
|-end|p1a: Calamity|Quark Drive|[silent]
|switch|p1a: Enten|Landorus-Therian, M, shiny|100/100
|-ability|p1a: Enten|Intimidate|boost
|-unboost|p2a: Ryuma|atk|1
|move|p2a: Ryuma|Poltergeist|p1a: Enten
|-activate|p1a: Enten|move: Poltergeist|Choice Scarf
|-damage|p1a: Enten|47/100
|
|-weather|Sandstorm|[upkeep]
|upkeep
|turn|10
|
|t:|1781514933
|switch|p1a: Pisces|Alomomola, M, shiny|81/100
|move|p2a: Ryuma|Poltergeist|p1a: Pisces
|-activate|p1a: Pisces|move: Poltergeist|Assault Vest
|-damage|p1a: Pisces|47/100
|
|-weather|none
|upkeep
|turn|11
|
|t:|1781514938
|switch|p2a: Queen|Hydrapple, F|100/100
|move|p1a: Pisces|Flip Turn|p2a: Queen
|-resisted|p2a: Queen
|-damage|p2a: Queen|98/100
|
|t:|1781514942
|switch|p1a: Calamity|Iron Valiant, shiny|82/100|[from] Flip Turn
|
|upkeep
|turn|12
|
|t:|1781514950
|-terastallize|p2a: Queen|Steel
|move|p1a: Calamity|Moonblast|p2a: Queen
|-resisted|p2a: Queen
|-damage|p2a: Queen|63/100
|move|p2a: Queen|Giga Drain|p1a: Calamity
|-damage|p1a: Calamity|16/100
|-heal|p2a: Queen|86/100|[from] drain|[of] p1a: Calamity
|
|upkeep
|turn|13
|
|t:|1781514955
|-end|p1a: Calamity|Quark Drive|[silent]
|switch|p1a: Pisces|Alomomola, M, shiny|81/100
|move|p2a: Queen|Draco Meteor|p1a: Pisces
|-damage|p1a: Pisces|42/100
|-unboost|p2a: Queen|spa|2
|-enditem|p2a: Queen|Eject Pack
|
|t:|1781514961
|switch|p2a: Ryuma|Houndstone, F|12/100
|
|upkeep
|turn|14
|
|t:|1781514964
|move|p1a: Pisces|Aqua Jet|p2a: Ryuma
|-damage|p2a: Ryuma|0 fnt
|faint|p2a: Ryuma
|
|upkeep
|
|t:|1781514967
|switch|p2a: Crocodile|Tyranitar, F|63/100
|-weather|Sandstorm|[from] ability: Sand Stream|[of] p2a: Crocodile
|turn|15
|
|t:|1781514973
|switch|p1a: Overseer|Pecharunt|100/100
|move|p2a: Crocodile|Knock Off|p1a: Overseer
|-supereffective|p1a: Overseer
|-damage|p1a: Overseer|57/100
|-enditem|p1a: Overseer|Heavy-Duty Boots|[from] move: Knock Off|[of] p2a: Crocodile
|
|-weather|Sandstorm|[upkeep]
|-damage|p1a: Overseer|51/100|[from] Sandstorm
|-heal|p2a: Crocodile|69/100|[from] item: Leftovers
|upkeep
|turn|16
|
|t:|1781514976
|move|p1a: Overseer|Malignant Chain|p2a: Crocodile
|-resisted|p2a: Crocodile
|-damage|p2a: Crocodile|63/100
|-status|p2a: Crocodile|tox
|-start|p2a: Crocodile|confusion|[from] ability: Poison Puppeteer|[of] p1a: Overseer
|-activate|p2a: Crocodile|confusion
|move|p2a: Crocodile|Stealth Rock|p1a: Overseer
|-sidestart|p1: hawkins0|move: Stealth Rock
|
|-weather|Sandstorm|[upkeep]
|-damage|p1a: Overseer|45/100|[from] Sandstorm
|-heal|p2a: Crocodile|69/100 tox|[from] item: Leftovers
|-damage|p2a: Crocodile|63/100 tox|[from] psn
|upkeep
|turn|17
|
|t:|1781514986
|switch|p2a: Queen|Hydrapple, F, tera:Steel|100/100
|move|p1a: Overseer|Recover|p1a: Overseer
|-heal|p1a: Overseer|95/100
|
|-weather|Sandstorm|[upkeep]
|-damage|p1a: Overseer|89/100|[from] Sandstorm
|upkeep
|turn|18
|
|t:|1781514995
|move|p1a: Overseer|Shadow Ball|p2a: Queen
|-damage|p2a: Queen|76/100
|-unboost|p2a: Queen|spd|1
|move|p2a: Queen|Draco Meteor|p1a: Overseer
|-damage|p1a: Overseer|27/100
|-unboost|p2a: Queen|spa|2
|
|-weather|Sandstorm|[upkeep]
|-damage|p1a: Overseer|21/100|[from] Sandstorm
|upkeep
|turn|19
|
|t:|1781515002
|switch|p2a: Crocodile|Tyranitar, F|63/100 tox
|move|p1a: Overseer|Recover|p1a: Overseer
|-heal|p1a: Overseer|71/100
|
|-weather|none
|-heal|p2a: Crocodile|69/100 tox|[from] item: Leftovers
|-damage|p2a: Crocodile|63/100 tox|[from] psn
|upkeep
|turn|20
|
|t:|1781515004
|switch|p2a: Big Mom|Alomomola, F|61/100
|move|p1a: Overseer|Shadow Ball|p2a: Big Mom
|-damage|p2a: Big Mom|38/100
|
|upkeep
|turn|21
|
|t:|1781515008
|switch|p2a: Queen|Hydrapple, F, tera:Steel|100/100
|move|p1a: Overseer|Shadow Ball|p2a: Queen
|-damage|p2a: Queen|76/100
|
|upkeep
|turn|22
|
|t:|1781515013
|move|p1a: Overseer|Shadow Ball|p2a: Queen
|-damage|p2a: Queen|51/100
|-unboost|p2a: Queen|spd|1
|move|p2a: Queen|Nasty Plot|p2a: Queen
|-boost|p2a: Queen|spa|2
|
|upkeep
|turn|23
|
|t:|1781515017
|move|p1a: Overseer|Shadow Ball|p2a: Queen
|-damage|p2a: Queen|14/100
|move|p2a: Queen|Earth Power|p1a: Overseer
|-supereffective|p1a: Overseer
|-damage|p1a: Overseer|0 fnt
|faint|p1a: Overseer
|
|upkeep
|
|t:|1781515023
|switch|p1a: Liberacy|Cinderace, M, shiny|100/100
|turn|24
|
|t:|1781515029
|switch|p2a: Big Mom|Alomomola, F|71/100
|move|p1a: Liberacy|Pyro Ball|p2a: Big Mom
|-resisted|p2a: Big Mom
|-damage|p2a: Big Mom|55/100
|
|upkeep
|turn|25
|
|t:|1781515034
|move|p1a: Liberacy|Court Change|p1a: Liberacy
|-start|p1a: Liberacy|typechange|Normal|[from] ability: Libero
|-swapsideconditions
|-activate|p1a: Liberacy|move: Court Change
|move|p2a: Big Mom|Scald|p1a: Liberacy
|-damage|p1a: Liberacy|83/100
|
|upkeep
|turn|26
|j| have we gone
|
|t:|1781515039
|move|p1a: Liberacy|U-turn|p2a: Big Mom
|-damage|p2a: Big Mom|42/100
|
|t:|1781515041
|switch|p1a: Pisces|Alomomola, M, shiny|76/100|[from] U-turn
|move|p2a: Big Mom|Scald|p1a: Pisces
|-resisted|p1a: Pisces
|-damage|p1a: Pisces|72/100
|
|upkeep
|turn|27
|
|t:|1781515045
|move|p1a: Pisces|Body Slam|p2a: Big Mom
|-damage|p2a: Big Mom|32/100
|move|p2a: Big Mom|Wish|p2a: Big Mom
|
|upkeep
|turn|28
|
|t:|1781515047
|move|p1a: Pisces|Body Slam|p2a: Big Mom
|-damage|p2a: Big Mom|22/100
|move|p2a: Big Mom|Flip Turn|p1a: Pisces
|-resisted|p1a: Pisces
|-damage|p1a: Pisces|66/100
|
|t:|1781515050
|switch|p2a: Queen|Hydrapple, F, tera:Steel|47/100|[from] Flip Turn
|-damage|p2a: Queen|41/100|[from] Stealth Rock
|
|-heal|p2a: Queen|98/100|[from] move: Wish|[wisher] Big Mom
|upkeep
|turn|29
|
|t:|1781515054
|move|p2a: Queen|Nasty Plot|p2a: Queen
|-boost|p2a: Queen|spa|2
|move|p1a: Pisces|Flip Turn|p2a: Queen
|-damage|p2a: Queen|86/100
|
|t:|1781515057
|switch|p1a: Enten|Landorus-Therian, M, shiny|47/100|[from] Flip Turn
|-ability|p1a: Enten|Intimidate|boost
|-unboost|p2a: Queen|atk|1
|
|upkeep
|turn|30
|
|t:|1781515061
|switch|p2a: Big Mom|Alomomola, F|55/100
|move|p1a: Enten|Earthquake|p2a: Big Mom
|-damage|p2a: Big Mom|22/100
|
|upkeep
|turn|31
|inactive|Battle timer is ON: inactive players will automatically lose when time's up. (requested by hawkins0)
|
|t:|1781515069
|switch|p2a: Crocodile|Tyranitar, F|63/100 tox
|-damage|p2a: Crocodile|50/100 tox|[from] Stealth Rock
|-weather|Sandstorm|[from] ability: Sand Stream|[of] p2a: Crocodile
|move|p1a: Enten|Earthquake|p2a: Crocodile
|-supereffective|p2a: Crocodile
|-damage|p2a: Crocodile|0 fnt
|faint|p2a: Crocodile
|
|-weather|Sandstorm|[upkeep]
|upkeep
|
|t:|1781515073
|switch|p2a: Big Mom|Alomomola, F|55/100
|turn|32
|
|t:|1781515076
|switch|p1a: Pisces|Alomomola, M, shiny|99/100
|move|p2a: Big Mom|Scald|p1a: Pisces
|-resisted|p1a: Pisces
|-damage|p1a: Pisces|95/100
|-status|p1a: Pisces|brn
|
|-weather|Sandstorm|[upkeep]
|-damage|p2a: Big Mom|49/100|[from] Sandstorm
|-damage|p1a: Pisces|89/100 brn|[from] Sandstorm
|-damage|p1a: Pisces|82/100 brn|[from] brn
|upkeep
|turn|33
|
|t:|1781515079
|move|p1a: Pisces|Body Slam|p2a: Big Mom
|-damage|p2a: Big Mom|44/100
|move|p2a: Big Mom|Wish|p2a: Big Mom
|
|-weather|Sandstorm|[upkeep]
|-damage|p2a: Big Mom|38/100|[from] Sandstorm
|-damage|p1a: Pisces|76/100 brn|[from] Sandstorm
|-damage|p1a: Pisces|70/100 brn|[from] brn
|upkeep
|turn|34
|
|t:|1781515085
|move|p2a: Big Mom|Protect|p2a: Big Mom
|-singleturn|p2a: Big Mom|Protect
|move|p1a: Pisces|Body Slam|p2a: Big Mom
|-activate|p2a: Big Mom|move: Protect
|
|-weather|Sandstorm|[upkeep]
|-damage|p1a: Pisces|64/100 brn|[from] Sandstorm
|-damage|p2a: Big Mom|32/100|[from] Sandstorm
|-heal|p2a: Big Mom|82/100|[from] move: Wish|[wisher] Big Mom
|-damage|p1a: Pisces|58/100 brn|[from] brn
|upkeep
|turn|35
|
|t:|1781515089
|move|p2a: Big Mom|Wish|p2a: Big Mom
|move|p1a: Pisces|Flip Turn|p2a: Big Mom
|-resisted|p2a: Big Mom
|-damage|p2a: Big Mom|79/100
|
|t:|1781515099
|switch|p1a: Calamity|Iron Valiant, shiny|16/100|[from] Flip Turn
|
|-weather|none
|upkeep
|turn|36
|
|t:|1781515106
|move|p1a: Calamity|Vacuum Wave|p2a: Big Mom
|-damage|p2a: Big Mom|54/100
|move|p2a: Big Mom|Flip Turn|p1a: Calamity
|-damage|p1a: Calamity|0 fnt
|faint|p1a: Calamity
|-end|p1a: Calamity|Quark Drive|[silent]
|
|t:|1781515109
|switch|p2a: Queen|Hydrapple, F, tera:Steel|100/100|[from] Flip Turn
|-damage|p2a: Queen|94/100|[from] Stealth Rock
|
|-heal|p2a: Queen|100/100|[from] move: Wish|[wisher] Big Mom
|upkeep
|
|t:|1781515111
|switch|p1a: Liberacy|Cinderace, M, shiny|83/100
|turn|37
|
|t:|1781515116
|switch|p2a: Big Mom|Alomomola, F|87/100
|move|p1a: Liberacy|Pyro Ball|p2a: Big Mom
|-resisted|p2a: Big Mom
|-damage|p2a: Big Mom|71/100
|
|upkeep
|turn|38
|
|t:|1781515120
|move|p1a: Liberacy|U-turn|p2a: Big Mom
|-start|p1a: Liberacy|typechange|Bug|[from] ability: Libero
|-crit|p2a: Big Mom
|-damage|p2a: Big Mom|40/100
|
|t:|1781515122
|switch|p1a: Enten|Landorus-Therian, M, shiny|47/100|[from] U-turn
|-ability|p1a: Enten|Intimidate|boost
|-unboost|p2a: Big Mom|atk|1
|move|p2a: Big Mom|Scald|p1a: Enten
|-supereffective|p1a: Enten
|-damage|p1a: Enten|9/100
|
|upkeep
|turn|39
|j| yoursodapop
|
|t:|1781515129
|move|p1a: Enten|Earthquake|p2a: Big Mom
|-damage|p2a: Big Mom|5/100
|move|p2a: Big Mom|Flip Turn|p1a: Enten
|-supereffective|p1a: Enten
|-damage|p1a: Enten|0 fnt
|faint|p1a: Enten
|
|t:|1781515134
|switch|p2a: Queen|Hydrapple, F, tera:Steel|100/100|[from] Flip Turn
|-damage|p2a: Queen|94/100|[from] Stealth Rock
|
|upkeep
|
|t:|1781515136
|switch|p1a: Liberacy|Cinderace, M, shiny|83/100
|turn|40
|
|t:|1781515140
|move|p1a: Liberacy|Pyro Ball|p2a: Queen
|-supereffective|p2a: Queen
|-damage|p2a: Queen|7/100
|move|p2a: Queen|Earth Power|p1a: Liberacy
|-supereffective|p1a: Liberacy
|-crit|p1a: Liberacy
|-damage|p1a: Liberacy|0 fnt
|faint|p1a: Liberacy
|
|upkeep
|
|t:|1781515142
|switch|p1a: Pisces|Alomomola, M, shiny|91/100 brn
|turn|41
|
|t:|1781515148
|move|p2a: Queen|Giga Drain|p1a: Pisces
|-supereffective|p1a: Pisces
|-damage|p1a: Pisces|50/100 brn
|-heal|p2a: Queen|33/100|[from] drain|[of] p1a: Pisces
|move|p1a: Pisces|Body Slam|p2a: Queen
|-resisted|p2a: Queen
|-damage|p2a: Queen|31/100
|
|-damage|p1a: Pisces|44/100 brn|[from] brn
|upkeep
|turn|42
|
|t:|1781515152
|move|p1a: Pisces|Aqua Jet|p2a: Queen
|-damage|p2a: Queen|27/100
|move|p2a: Queen|Giga Drain|p1a: Pisces
|-supereffective|p1a: Pisces
|-damage|p1a: Pisces|0 fnt
|-heal|p2a: Queen|55/100|[from] drain|[of] p1a: Pisces
|faint|p1a: Pisces
|
|win|rrbrru
|raw|hawkins0's rating: 1591 &rarr; <strong>1570</strong><br />(-21 for losing)
|raw|rrbrru's rating: 1576 &rarr; <strong>1597</strong><br />(+21 for winning)
|l|☆rrbrru
|player|p2|
|l| yoursodapop
|l|☆hawkins0
|player|p1|
|l| have we gone
