|badge|p2|bronze|gen9ou|100-9
|uhtml|medal-msg|<div class="broadcast-blue">Curious what those medals under the avatar are? PS now has Ladder Seasons! For more information, check out the <a href="https://www.smogon.com/forums/threads/3740067/">thread on Smogon.</a></div>
|j|☆erjuanzas
|j|☆icylikedecember
|t:|1781537652
|gametype|singles
|player|p1|erjuanzas|linebacker|1637
|player|p2|icylikedecember|smasher|1748
|gen|9
|tier|[Gen 9] OU
|rated|
|rule|HP Percentage Mod: HP is shown in percentages
|rule|Endless Battle Clause: Forcing endless battles is banned
|rule|Species Clause: Limit one of each Pokémon
|rule|OHKO Clause: OHKO moves are banned
|rule|Evasion Items Clause: Evasion items are banned
|rule|Evasion Moves Clause: Evasion moves are banned
|rule|Evasion Abilities Clause: Evasion abilities are banned
|rule|Sleep Moves Clause: Sleep-inducing moves are banned
|clearpoke
|poke|p1|Pelipper, M|
|poke|p1|Overqwil, M|
|poke|p1|Barraskewda, M|
|poke|p1|Raging Bolt|
|poke|p1|Iron Treads|
|poke|p1|Kingambit, M|
|poke|p2|Corviknight, F|
|poke|p2|Slowking-Galar, M|
|poke|p2|Darkrai|
|poke|p2|Kyurem|
|poke|p2|Zamazenta-*|
|poke|p2|Crawdaunt, M|
|teampreview
|inactive|Battle timer is ON: inactive players will automatically lose when time's up. (requested by erjuanzas)
|
|t:|1781537658
|teamsize|p1|6
|teamsize|p2|6
|start
|switch|p1a: Bolita|Iron Treads, shiny|100/100
|switch|p2a: Kyurem|Kyurem|100/100
|-ability|p2a: Kyurem|Pressure
|-enditem|p1a: Bolita|Booster Energy
|-activate|p1a: Bolita|ability: Quark Drive|[fromitem]
|-start|p1a: Bolita|quarkdrivespe
|turn|1
|j| newhere1310
|
|t:|1781537668
|move|p1a: Bolita|Stealth Rock|p2a: Kyurem
|-sidestart|p2: icylikedecember|move: Stealth Rock
|move|p2a: Kyurem|Earth Power|p1a: Bolita
|-supereffective|p1a: Bolita
|-damage|p1a: Bolita|0 fnt
|faint|p1a: Bolita
|-end|p1a: Bolita|Quark Drive|[silent]
|
|upkeep
|
|t:|1781537677
|switch|p1a: El rey|Kingambit, M|100/100
|-activate|p1a: El rey|ability: Supreme Overlord
|-start|p1a: El rey|fallen1|[silent]
|turn|2
|
|t:|1781537690
|-terastallize|p2a: Kyurem|Ground
|move|p2a: Kyurem|Earth Power|p1a: El rey
|-supereffective|p1a: El rey
|-damage|p1a: El rey|0 fnt
|faint|p1a: El rey
|-end|p1a: El rey|fallen1|[silent]
|
|upkeep
|
|t:|1781537696
|switch|p1a: Pelipas|Pelipper, M, shiny|100/100
|-weather|RainDance|[from] ability: Drizzle|[of] p1a: Pelipas
|turn|3
|
|t:|1781537701
|switch|p2a: Slowking|Slowking-Galar, M, shiny|100/100
|-damage|p2a: Slowking|88/100|[from] Stealth Rock
|move|p1a: Pelipas|U-turn|p2a: Slowking
|-damage|p2a: Slowking|79/100
|
|t:|1781537704
|switch|p1a: La Cabra|Barraskewda, M|100/100|[from] U-turn
|
|-weather|RainDance|[upkeep]
|upkeep
|turn|4
|
|t:|1781537708
|switch|p2a: Corviknight|Corviknight, F, shiny|100/100
|-damage|p2a: Corviknight|88/100|[from] Stealth Rock
|-ability|p2a: Corviknight|Pressure
|-terastallize|p1a: La Cabra|Water
|move|p1a: La Cabra|Liquidation|p2a: Corviknight
|-damage|p2a: Corviknight|8/100
|-damage|p1a: La Cabra|84/100|[from] item: Rocky Helmet|[of] p2a: Corviknight
|
|-weather|RainDance|[upkeep]
|upkeep
|turn|5
|
|t:|1781537711
|move|p1a: La Cabra|Liquidation|p2a: Corviknight
|-damage|p2a: Corviknight|0 fnt
|-damage|p1a: La Cabra|67/100|[from] item: Rocky Helmet|[of] p2a: Corviknight
|faint|p2a: Corviknight
|
|-weather|RainDance|[upkeep]
|upkeep
|
|t:|1781537717
|switch|p2a: Crawdaunt|Crawdaunt, M|100/100
|-damage|p2a: Crawdaunt|88/100|[from] Stealth Rock
|turn|6
|
|t:|1781537741
|move|p2a: Crawdaunt|Aqua Jet|p1a: La Cabra
|-resisted|p1a: La Cabra
|-damage|p1a: La Cabra|3/100
|move|p1a: La Cabra|Liquidation|p2a: Crawdaunt
|-resisted|p2a: Crawdaunt
|-damage|p2a: Crawdaunt|0 fnt
|faint|p2a: Crawdaunt
|
|-weather|RainDance|[upkeep]
|upkeep
|
|t:|1781537759
|switch|p2a: Zamazenta|Zamazenta|100/100
|-damage|p2a: Zamazenta|94/100|[from] Stealth Rock
|-ability|p2a: Zamazenta|Dauntless Shield|boost
|-boost|p2a: Zamazenta|def|1
|turn|7
|
|t:|1781537769
|switch|p1a: Pelipas|Pelipper, M, shiny|100/100
|move|p2a: Zamazenta|Roar|p1a: Pelipas
|drag|p1a: Rockero|Overqwil, M, shiny|100/100
|
|-weather|RainDance|[upkeep]
|-heal|p2a: Zamazenta|100/100|[from] item: Leftovers
|upkeep
|turn|8
|
|t:|1781537774
|move|p1a: Rockero|Gunk Shot|p2a: Zamazenta
|-damage|p2a: Zamazenta|57/100
|-damage|p1a: Rockero|91/100|[from] item: Life Orb
|move|p2a: Zamazenta|Roar|p1a: Rockero
|drag|p1a: Electrons|Raging Bolt|100/100
|-enditem|p1a: Electrons|Booster Energy
|-activate|p1a: Electrons|ability: Protosynthesis|[fromitem]
|-start|p1a: Electrons|protosynthesisspa
|
|-weather|RainDance|[upkeep]
|-heal|p2a: Zamazenta|63/100|[from] item: Leftovers
|upkeep
|turn|9
|j| missbeckett
|
|t:|1781537780
|move|p2a: Zamazenta|Body Press|p1a: Electrons
|-damage|p1a: Electrons|60/100
|move|p1a: Electrons|Thunder|p2a: Zamazenta
|-damage|p2a: Zamazenta|0 fnt
|faint|p2a: Zamazenta
|
|-weather|RainDance|[upkeep]
|upkeep
|
|t:|1781537787
|switch|p2a: Kyurem|Kyurem, tera:Ground|100/100
|-damage|p2a: Kyurem|94/100|[from] Stealth Rock
|-ability|p2a: Kyurem|Pressure
|turn|10
|
|t:|1781537790
|move|p2a: Kyurem|Ice Beam|p1a: Electrons
|-supereffective|p1a: Electrons
|-damage|p1a: Electrons|0 fnt
|faint|p1a: Electrons
|-end|p1a: Electrons|Protosynthesis|[silent]
|
|-weather|none
|upkeep
|
|t:|1781537796
|switch|p1a: Pelipas|Pelipper, M, shiny|100/100
|-weather|RainDance|[from] ability: Drizzle|[of] p1a: Pelipas
|turn|11
|
|t:|1781537799
|move|p2a: Kyurem|Ice Beam|p1a: Pelipas
|-damage|p1a: Pelipas|8/100
|move|p1a: Pelipas|U-turn|p2a: Kyurem
|-damage|p2a: Kyurem|85/100
|
|t:|1781537802
|switch|p1a: La Cabra|Barraskewda, M, tera:Water|3/100|[from] U-turn
|
|-weather|RainDance|[upkeep]
|upkeep
|turn|12
|
|t:|1781537806
|move|p1a: La Cabra|Liquidation|p2a: Kyurem
|-supereffective|p2a: Kyurem
|-damage|p2a: Kyurem|0 fnt
|faint|p2a: Kyurem
|
|-weather|RainDance|[upkeep]
|upkeep
|
|t:|1781537809
|switch|p2a: Slowking|Slowking-Galar, M, shiny|100/100
|-damage|p2a: Slowking|88/100|[from] Stealth Rock
|turn|13
|-message|icylikedecember forfeited.
|
|win|erjuanzas
|raw|erjuanzas's rating: 1637 &rarr; <strong>1663</strong><br />(+26 for winning)
|raw|icylikedecember's rating: 1748 &rarr; <strong>1722</strong><br />(-26 for losing)
|l|☆icylikedecember
|player|p2|
|l|☆erjuanzas
|player|p1|
|l| missbeckett
