|j|☆icylikedecember
|j|☆LoseToRU?
|t:|1781171825
|gametype|singles
|player|p1|icylikedecember|smasher|1605
|player|p2|LoseToRU?|giovanni-gen1|1588
|gen|9
|tier|[Gen 9] OU
|rated|
|rule|HP Percentage Mod: HP is shown in percentages
|rule|Endless Battle Clause: Forcing endless battles is banned
|rule|Species Clause: Limit one of each Pokémon
|rule|OHKO Clause: OHKO moves are banned
|rule|Evasion Items Clause: Evasion items are banned
|rule|Evasion Moves Clause: Evasion moves are banned
|rule|Evasion Abilities Clause: Evasion abilities are banned
|rule|Sleep Moves Clause: Sleep-inducing moves are banned
|clearpoke
|poke|p1|Corviknight, M|
|poke|p1|Slowking-Galar, M|
|poke|p1|Darkrai|
|poke|p1|Kyurem|
|poke|p1|Zamazenta-*|
|poke|p1|Crawdaunt, F|
|poke|p2|Iron Jugulis|
|poke|p2|Moltres-Galar|
|poke|p2|Darkrai|
|poke|p2|Greninja-*, M|
|poke|p2|Weavile, M|
|poke|p2|Grimmsnarl, M|
|teampreview
|c|☆icylikedecember|this is NOT ru
|
|t:|1781171840
|teamsize|p1|6
|teamsize|p2|6
|start
|switch|p1a: Slowking|Slowking-Galar, M, shiny|100/100
|switch|p2a: Iron Jugulis|Iron Jugulis|100/100
|-enditem|p2a: Iron Jugulis|Booster Energy
|-activate|p2a: Iron Jugulis|ability: Quark Drive|[fromitem]
|-start|p2a: Iron Jugulis|quarkdrivespe
|turn|1
|c|☆LoseToRU?|:p
|
|t:|1781171845
|move|p2a: Iron Jugulis|Taunt|p1a: Slowking
|-start|p1a: Slowking|move: Taunt
|move|p1a: Slowking|Ice Beam|p2a: Iron Jugulis
|-supereffective|p2a: Iron Jugulis
|-damage|p2a: Iron Jugulis|33/100
|
|upkeep
|turn|2
|
|t:|1781171851
|move|p2a: Iron Jugulis|Dark Pulse|p1a: Slowking
|-supereffective|p1a: Slowking
|-damage|p1a: Slowking|61/100
|move|p1a: Slowking|Ice Beam|p2a: Iron Jugulis
|-supereffective|p2a: Iron Jugulis
|-damage|p2a: Iron Jugulis|0 fnt
|faint|p2a: Iron Jugulis
|-end|p2a: Iron Jugulis|Quark Drive|[silent]
|
|upkeep
|
|t:|1781171858
|switch|p2a: Weavile|Weavile, M|100/100
|-ability|p2a: Weavile|Pressure
|turn|3
|
|t:|1781171861
|switch|p1a: Corviknight|Corviknight, M, shiny|100/100
|-ability|p1a: Corviknight|Pressure
|move|p2a: Weavile|Swords Dance|p2a: Weavile
|-boost|p2a: Weavile|atk|2
|
|upkeep
|turn|4
|
|t:|1781171865
|move|p2a: Weavile|Knock Off|p1a: Corviknight
|-damage|p1a: Corviknight|46/100
|-damage|p2a: Weavile|84/100|[from] item: Rocky Helmet|[of] p1a: Corviknight
|-enditem|p1a: Corviknight|Rocky Helmet|[from] move: Knock Off|[of] p2a: Weavile
|move|p1a: Corviknight|U-turn|p2a: Weavile
|-supereffective|p2a: Weavile
|-damage|p2a: Weavile|33/100
|
|t:|1781171872
|switch|p1a: Crawdaunt|Crawdaunt, F|100/100|[from] U-turn
|
|upkeep
|turn|5
|
|t:|1781171875
|move|p2a: Weavile|Ice Shard|p1a: Crawdaunt
|-resisted|p1a: Crawdaunt
|-damage|p1a: Crawdaunt|69/100
|move|p1a: Crawdaunt|Aqua Jet|p2a: Weavile
|-damage|p2a: Weavile|0 fnt
|faint|p2a: Weavile
|
|upkeep
|
|t:|1781171885
|switch|p2a: Grimmsnarl|Grimmsnarl, M|100/100
|turn|6
|
|t:|1781171889
|switch|p1a: Slowking|Slowking-Galar, M, shiny|94/100
|move|p2a: Grimmsnarl|Body Press|p1a: Slowking
|-resisted|p1a: Slowking
|-damage|p1a: Slowking|89/100
|
|upkeep
|turn|7
|
|t:|1781171892
|move|p2a: Grimmsnarl|Thunder Wave|p1a: Slowking
|-status|p1a: Slowking|par
|move|p1a: Slowking|Sludge Bomb|p2a: Grimmsnarl
|-supereffective|p2a: Grimmsnarl
|-damage|p2a: Grimmsnarl|2/100
|
|upkeep
|turn|8
|
|t:|1781171906
|move|p2a: Grimmsnarl|Parting Shot|p1a: Slowking
|-unboost|p1a: Slowking|atk|1
|-unboost|p1a: Slowking|spa|1
|
|t:|1781171917
|switch|p2a: Darkrai|Darkrai|100/100|[from] Parting Shot
|move|p1a: Slowking|Sludge Bomb|p2a: Darkrai
|-damage|p2a: Darkrai|63/100
|
|upkeep
|turn|9
|
|t:|1781171923
|switch|p1a: Crawdaunt|Crawdaunt, F|69/100
|move|p2a: Darkrai|Trick|p1a: Crawdaunt
|-activate|p2a: Darkrai|move: Trick|[of] p1a: Crawdaunt
|-item|p1a: Crawdaunt|Choice Scarf|[from] move: Trick
|-item|p2a: Darkrai|Choice Band|[from] move: Trick
|
|upkeep
|turn|10
|
|t:|1781171932
|move|p1a: Crawdaunt|Aqua Jet|p2a: Darkrai
|-crit|p2a: Darkrai
|-damage|p2a: Darkrai|10/100
|move|p2a: Darkrai|Sludge Bomb|p1a: Crawdaunt
|-damage|p1a: Crawdaunt|4/100
|
|upkeep
|turn|11
|
|t:|1781171937
|move|p1a: Crawdaunt|Aqua Jet|p2a: Darkrai
|-damage|p2a: Darkrai|0 fnt
|faint|p2a: Darkrai
|
|upkeep
|
|t:|1781171939
|switch|p2a: Greninja|Greninja, M|100/100
|turn|12
|
|t:|1781171945
|switch|p1a: Slowking|Slowking-Galar, M, shiny|100/100 par
|move|p2a: Greninja|Dark Pulse|p1a: Slowking
|-supereffective|p1a: Slowking
|-damage|p1a: Slowking|66/100 par
|
|upkeep
|turn|13
|
|t:|1781171952
|move|p2a: Greninja|Dark Pulse|p1a: Slowking
|-supereffective|p1a: Slowking
|-damage|p1a: Slowking|32/100 par
|move|p1a: Slowking|Sludge Bomb|p2a: Greninja
|-damage|p2a: Greninja|31/100
|
|upkeep
|turn|14
|
|t:|1781171967
|switch|p1a: Darkrai|Darkrai|100/100
|move|p2a: Greninja|Dark Pulse|p1a: Darkrai
|-resisted|p1a: Darkrai
|-damage|p1a: Darkrai|78/100
|
|upkeep
|turn|15
|
|t:|1781171972
|move|p1a: Darkrai|Sludge Bomb|p2a: Greninja
|-damage|p2a: Greninja|0 fnt
|faint|p2a: Greninja
|
|upkeep
|
|t:|1781171988
|switch|p2a: Grimmsnarl|Grimmsnarl, M|2/100
|turn|16
|
|t:|1781171991
|move|p1a: Darkrai|Sludge Bomb|p2a: Grimmsnarl
|-supereffective|p2a: Grimmsnarl
|-damage|p2a: Grimmsnarl|0 fnt
|faint|p2a: Grimmsnarl
|
|upkeep
|
|t:|1781171993
|switch|p2a: Moltres|Moltres-Galar|100/100
|turn|17
|
|t:|1781172009
|move|p1a: Darkrai|Focus Blast|p2a: Moltres
|-damage|p2a: Moltres|64/100
|-unboost|p2a: Moltres|spd|1
|move|p2a: Moltres|Agility|p2a: Moltres
|-boost|p2a: Moltres|spe|2
|
|upkeep
|turn|18
|
|t:|1781172015
|-terastallize|p2a: Moltres|Ghost
|move|p2a: Moltres|Nasty Plot|p2a: Moltres
|-boost|p2a: Moltres|spa|2
|move|p1a: Darkrai|Sludge Bomb|p2a: Moltres
|-resisted|p2a: Moltres
|-damage|p2a: Moltres|42/100
|-ability|p2a: Moltres|Berserk|boost
|-boost|p2a: Moltres|spa|1
|-enditem|p2a: Moltres|Sitrus Berry|[eat]
|-heal|p2a: Moltres|67/100|[from] item: Sitrus Berry
|
|upkeep
|turn|19
|
|t:|1781172020
|move|p2a: Moltres|Air Slash|p1a: Darkrai
|-damage|p1a: Darkrai|0 fnt
|faint|p1a: Darkrai
|
|upkeep
|
|t:|1781172034
|switch|p1a: Slowking|Slowking-Galar, M, shiny|66/100 par
|turn|20
|
|t:|1781172036
|switch|p1a: Corviknight|Corviknight, M, shiny|46/100
|-ability|p1a: Corviknight|Pressure
|move|p2a: Moltres|Air Slash|p1a: Corviknight
|-resisted|p1a: Corviknight
|-damage|p1a: Corviknight|10/100
|
|upkeep
|turn|21
|
|t:|1781172040
|move|p2a: Moltres|Fiery Wrath|p1a: Corviknight
|-damage|p1a: Corviknight|0 fnt
|faint|p1a: Corviknight
|
|upkeep
|
|t:|1781172049
|switch|p1a: Slowking|Slowking-Galar, M, shiny|99/100 par
|turn|22
|
|t:|1781172052
|move|p2a: Moltres|Fiery Wrath|p1a: Slowking
|-supereffective|p1a: Slowking
|-damage|p1a: Slowking|9/100 par
|move|p1a: Slowking|Sludge Bomb|p2a: Moltres
|-resisted|p2a: Moltres
|-damage|p2a: Moltres|41/100
|-ability|p2a: Moltres|Berserk|boost
|-boost|p2a: Moltres|spa|1
|
|upkeep
|turn|23
|
|t:|1781172061
|move|p2a: Moltres|Fiery Wrath|p1a: Slowking
|-supereffective|p1a: Slowking
|-damage|p1a: Slowking|0 fnt
|faint|p1a: Slowking
|
|upkeep
|
|t:|1781172075
|switch|p1a: Zamazenta|Zamazenta|100/100
|-ability|p1a: Zamazenta|Dauntless Shield|boost
|-boost|p1a: Zamazenta|def|1
|turn|24
|
|t:|1781172077
|-terastallize|p1a: Zamazenta|Fire
|move|p2a: Moltres|Air Slash|p1a: Zamazenta
|-damage|p1a: Zamazenta|23/100
|move|p1a: Zamazenta|Crunch|p2a: Moltres
|-supereffective|p2a: Moltres
|-damage|p2a: Moltres|0 fnt
|faint|p2a: Moltres
|
|win|icylikedecember
|raw|icylikedecember's rating: 1605 &rarr; <strong>1624</strong><br />(+19 for winning)
|raw|LoseToRU?'s rating: 1588 &rarr; <strong>1569</strong><br />(-19 for losing)
|c|☆icylikedecember|gg
|c|☆LoseToRU?|fo sho
|l|☆icylikedecember
|player|p1|
|c|☆LoseToRU?|goofy ass slowking mid ladder shit
|l|☆LoseToRU?
|player|p2|
