|j|☆buhuifeihhh
|j|☆megameimei
|t:|1781525477
|gametype|singles
|player|p1|buhuifeihhh|hilbert|1528
|player|p2|megameimei|265|1537
|gen|9
|tier|[Gen 9] OU
|rated|
|rule|HP Percentage Mod: HP is shown in percentages
|rule|Endless Battle Clause: Forcing endless battles is banned
|rule|Species Clause: Limit one of each Pokémon
|rule|OHKO Clause: OHKO moves are banned
|rule|Evasion Items Clause: Evasion items are banned
|rule|Evasion Moves Clause: Evasion moves are banned
|rule|Evasion Abilities Clause: Evasion abilities are banned
|rule|Sleep Moves Clause: Sleep-inducing moves are banned
|clearpoke
|poke|p1|Heatran, F|
|poke|p1|Rillaboom, M|
|poke|p1|Moltres-Galar|
|poke|p1|Weezing-Galar, M|
|poke|p1|Tyranitar, F|
|poke|p1|Volcanion|
|poke|p2|Garchomp, F|
|poke|p2|Samurott-Hisui, F|
|poke|p2|Iron Valiant|
|poke|p2|Slowking-Galar, F|
|poke|p2|Kyurem|
|poke|p2|Corviknight, F|
|teampreview
|inactive|Battle timer is ON: inactive players will automatically lose when time's up. (requested by buhuifeihhh)
|inactive|megameimei also wants the timer to be on.
|
|t:|1781525498
|teamsize|p1|6
|teamsize|p2|6
|start
|switch|p1a: Rillaboom|Rillaboom, M|100/100
|switch|p2a: Samurott|Samurott-Hisui, F|100/100
|-fieldstart|move: Grassy Terrain|[from] ability: Grassy Surge|[of] p1a: Rillaboom
|turn|1
|
|t:|1781525520
|switch|p2a: Garchomp|Garchomp, F|100/100
|move|p1a: Rillaboom|Grassy Glide|p2a: Garchomp
|-damage|p2a: Garchomp|61/100
|-damage|p1a: Rillaboom|88/100|[from] ability: Rough Skin|[of] p2a: Garchomp
|-damage|p1a: Rillaboom|72/100|[from] item: Rocky Helmet|[of] p2a: Garchomp
|
|-heal|p1a: Rillaboom|78/100|[from] Grassy Terrain
|-heal|p2a: Garchomp|67/100|[from] Grassy Terrain
|upkeep
|turn|2
|
|t:|1781525525
|switch|p1a: Weezing|Weezing-Galar, M|100/100
|move|p2a: Garchomp|Stealth Rock|p1a: Weezing
|-sidestart|p1: buhuifeihhh|move: Stealth Rock
|
|-heal|p2a: Garchomp|74/100|[from] Grassy Terrain
|upkeep
|turn|3
|
|t:|1781525540
|move|p2a: Garchomp|Earthquake|p1a: Weezing
|-immune|p1a: Weezing|[from] ability: Levitate
|move|p1a: Weezing|Defog|p2a: Garchomp
|-unboost|p2a: Garchomp|evasion|1
|-sideend|p1: buhuifeihhh|Stealth Rock|[from] move: Defog|[of] p1a: Weezing
|-fieldend|move: Grassy Terrain
|
|upkeep
|turn|4
|
|t:|1781525548
|switch|p2a: Slowking|Slowking-Galar, F|100/100
|move|p1a: Weezing|Toxic|p2a: Slowking
|-immune|p2a: Slowking
|
|upkeep
|turn|5
|
|t:|1781525554
|switch|p1a: Heatran|Heatran, F|100/100
|move|p2a: Slowking|Future Sight|p1a: Heatran
|-start|p2a: Slowking|move: Future Sight
|
|upkeep
|turn|6
|
|t:|1781525559
|move|p1a: Heatran|Earth Power|p2a: Slowking
|-supereffective|p2a: Slowking
|-damage|p2a: Slowking|62/100
|-prepare|p2a: Slowking|Chilly Reception|[premajor]
|move|p2a: Slowking|Chilly Reception|p2a: Slowking
|-weather|Snowscape
|
|t:|1781525565
|switch|p2a: Garchomp|Garchomp, F|74/100|[from] Chilly Reception
|
|-weather|Snowscape|[upkeep]
|upkeep
|turn|7
|
|t:|1781525572
|move|p1a: Heatran|Protect|p1a: Heatran
|-singleturn|p1a: Heatran|Protect
|move|p2a: Garchomp|Stealth Rock|p1a: Heatran
|-sidestart|p1: buhuifeihhh|move: Stealth Rock
|
|-weather|Snowscape|[upkeep]
|-end|p1a: Heatran|move: Future Sight
|-resisted|p1a: Heatran
|-damage|p1a: Heatran|83/100
|-heal|p1a: Heatran|89/100|[from] item: Leftovers
|upkeep
|turn|8
|
|t:|1781525599
|switch|p2a: Samurott|Samurott-Hisui, F|100/100
|switch|p1a: Weezing|Weezing-Galar, M|100/100
|-damage|p1a: Weezing|88/100|[from] Stealth Rock
|
|-weather|Snowscape|[upkeep]
|-heal|p1a: Weezing|94/100|[from] item: Leftovers
|upkeep
|turn|9
|
|t:|1781525614
|move|p2a: Samurott|Razor Shell|p1a: Weezing
|-damage|p1a: Weezing|57/100
|move|p1a: Weezing|Strange Steam|p2a: Samurott
|-supereffective|p2a: Samurott
|-damage|p2a: Samurott|64/100
|
|-weather|Snowscape|[upkeep]
|-heal|p1a: Weezing|63/100|[from] item: Leftovers
|upkeep
|turn|10
|
|t:|1781525631
|switch|p2a: Slowking|Slowking-Galar, F|96/100
|move|p1a: Weezing|Defog|p2a: Slowking
|-unboost|p2a: Slowking|evasion|1
|-sideend|p1: buhuifeihhh|Stealth Rock|[from] move: Defog|[of] p1a: Weezing
|
|-weather|none
|-heal|p1a: Weezing|69/100|[from] item: Leftovers
|upkeep
|turn|11
|
|t:|1781525639
|switch|p1a: Heatran|Heatran, F|89/100
|move|p2a: Slowking|Future Sight|p1a: Heatran
|-start|p2a: Slowking|move: Future Sight
|
|-heal|p1a: Heatran|95/100|[from] item: Leftovers
|upkeep
|turn|12
|
|t:|1781525657
|move|p1a: Heatran|Earth Power|p2a: Slowking
|-supereffective|p2a: Slowking
|-damage|p2a: Slowking|52/100
|-prepare|p2a: Slowking|Chilly Reception|[premajor]
|move|p2a: Slowking|Chilly Reception|p2a: Slowking
|-weather|Snowscape
|
|t:|1781525664
|switch|p2a: Garchomp|Garchomp, F|74/100|[from] Chilly Reception
|
|-weather|Snowscape|[upkeep]
|-heal|p1a: Heatran|100/100|[from] item: Leftovers
|upkeep
|turn|13
|
|t:|1781525677
|move|p1a: Heatran|Protect|p1a: Heatran
|-singleturn|p1a: Heatran|Protect
|move|p2a: Garchomp|Stone Edge|p1a: Heatran
|-activate|p1a: Heatran|move: Protect
|
|-weather|Snowscape|[upkeep]
|-end|p1a: Heatran|move: Future Sight
|-resisted|p1a: Heatran
|-damage|p1a: Heatran|81/100
|-heal|p1a: Heatran|88/100|[from] item: Leftovers
|upkeep
|turn|14
|
|t:|1781525689
|switch|p1a: Weezing|Weezing-Galar, M|69/100
|move|p2a: Garchomp|Stealth Rock|p1a: Weezing
|-sidestart|p1: buhuifeihhh|move: Stealth Rock
|
|-weather|Snowscape|[upkeep]
|-heal|p1a: Weezing|75/100|[from] item: Leftovers
|upkeep
|turn|15
|
|t:|1781525697
|switch|p2a: Slowking|Slowking-Galar, F|85/100
|move|p1a: Weezing|Defog|p2a: Slowking
|-unboost|p2a: Slowking|evasion|1
|-sideend|p1: buhuifeihhh|Stealth Rock|[from] move: Defog|[of] p1a: Weezing
|
|-weather|Snowscape|[upkeep]
|-heal|p1a: Weezing|82/100|[from] item: Leftovers
|upkeep
|turn|16
|
|t:|1781525700
|switch|p1a: Heatran|Heatran, F|88/100
|move|p2a: Slowking|Future Sight|p1a: Heatran
|-start|p2a: Slowking|move: Future Sight
|
|-weather|none
|-heal|p1a: Heatran|94/100|[from] item: Leftovers
|upkeep
|turn|17
|
|t:|1781525705
|move|p1a: Heatran|Earth Power|p2a: Slowking
|-supereffective|p2a: Slowking
|-damage|p2a: Slowking|47/100
|-prepare|p2a: Slowking|Chilly Reception|[premajor]
|move|p2a: Slowking|Chilly Reception|p2a: Slowking
|-weather|Snowscape
|
|t:|1781525712
|switch|p2a: Samurott|Samurott-Hisui, F|64/100|[from] Chilly Reception
|
|-weather|Snowscape|[upkeep]
|-heal|p1a: Heatran|99/100|[from] item: Leftovers
|upkeep
|turn|18
|
|t:|1781525718
|move|p1a: Heatran|Protect|p1a: Heatran
|-singleturn|p1a: Heatran|Protect
|move|p2a: Samurott|Knock Off|p1a: Heatran
|-activate|p1a: Heatran|move: Protect
|
|-weather|Snowscape|[upkeep]
|-end|p1a: Heatran|move: Future Sight
|-resisted|p1a: Heatran
|-damage|p1a: Heatran|82/100
|-heal|p1a: Heatran|88/100|[from] item: Leftovers
|upkeep
|turn|19
|
|t:|1781525731
|switch|p1a: Weezing|Weezing-Galar, M|82/100
|move|p2a: Samurott|Razor Shell|p1a: Weezing
|-damage|p1a: Weezing|42/100
|-unboost|p1a: Weezing|def|1
|
|-weather|Snowscape|[upkeep]
|-heal|p1a: Weezing|48/100|[from] item: Leftovers
|upkeep
|turn|20
|
|t:|1781525741
|switch|p1a: Volcanion|Volcanion|100/100
|move|p2a: Samurott|Ceaseless Edge|p1a: Volcanion
|-damage|p1a: Volcanion|60/100
|-sidestart|p1: buhuifeihhh|Spikes
|
|-weather|Snowscape|[upkeep]
|-heal|p1a: Volcanion|66/100|[from] item: Leftovers
|upkeep
|turn|21
|
|t:|1781525748
|move|p2a: Samurott|Ceaseless Edge|p1a: Volcanion
|-damage|p1a: Volcanion|27/100
|-sidestart|p1: buhuifeihhh|Spikes
|move|p1a: Volcanion|Steam Eruption|p2a: Samurott
|-resisted|p2a: Samurott
|-damage|p2a: Samurott|43/100
|
|-weather|none
|-heal|p1a: Volcanion|33/100|[from] item: Leftovers
|upkeep
|turn|22
|j| wuxinshushu1
|
|t:|1781525757
|move|p1a: Volcanion|Protect|p1a: Volcanion
|-singleturn|p1a: Volcanion|Protect
|move|p2a: Samurott|Knock Off|p1a: Volcanion
|-activate|p1a: Volcanion|move: Protect
|
|-heal|p1a: Volcanion|39/100|[from] item: Leftovers
|upkeep
|turn|23
|
|t:|1781525768
|move|p2a: Samurott|Knock Off|p1a: Volcanion
|-damage|p1a: Volcanion|0 fnt
|-enditem|p1a: Volcanion|Leftovers|[from] move: Knock Off|[of] p2a: Samurott
|faint|p1a: Volcanion
|
|upkeep
|
|t:|1781525773
|switch|p1a: Rillaboom|Rillaboom, M|78/100
|-damage|p1a: Rillaboom|61/100|[from] Spikes
|-fieldstart|move: Grassy Terrain|[from] ability: Grassy Surge|[of] p1a: Rillaboom
|turn|24
|
|t:|1781525778
|switch|p2a: Corviknight|Corviknight, F|100/100
|-ability|p2a: Corviknight|Pressure
|move|p1a: Rillaboom|High Horsepower|p2a: Corviknight
|-immune|p2a: Corviknight
|
|-heal|p1a: Rillaboom|68/100|[from] Grassy Terrain
|upkeep
|turn|25
|
|t:|1781525783
|switch|p1a: Heatran|Heatran, F|88/100
|-damage|p1a: Heatran|71/100|[from] Spikes
|switch|p2a: Samurott|Samurott-Hisui, F|43/100
|
|-heal|p2a: Samurott|50/100|[from] Grassy Terrain
|-heal|p1a: Heatran|78/100|[from] Grassy Terrain
|-heal|p1a: Heatran|84/100|[from] item: Leftovers
|upkeep
|turn|26
|
|t:|1781525788
|move|p2a: Samurott|Razor Shell|p1a: Heatran
|-supereffective|p1a: Heatran
|-crit|p1a: Heatran
|-damage|p1a: Heatran|0 fnt
|faint|p1a: Heatran
|
|-heal|p2a: Samurott|56/100|[from] Grassy Terrain
|upkeep
|
|t:|1781525798
|switch|p1a: Moltres|Moltres-Galar|100/100
|turn|27
|
|t:|1781525803
|move|p2a: Samurott|Knock Off|p1a: Moltres
|-resisted|p1a: Moltres
|-damage|p1a: Moltres|84/100
|-enditem|p1a: Moltres|Sitrus Berry|[from] move: Knock Off|[of] p2a: Samurott
|move|p1a: Moltres|Agility|p1a: Moltres
|-boost|p1a: Moltres|spe|2
|
|-heal|p2a: Samurott|62/100|[from] Grassy Terrain
|upkeep
|turn|28
|
|t:|1781525811
|move|p1a: Moltres|Agility|p1a: Moltres
|-boost|p1a: Moltres|spe|2
|move|p2a: Samurott|Razor Shell|p1a: Moltres
|-damage|p1a: Moltres|40/100
|-ability|p1a: Moltres|Berserk|boost
|-boost|p1a: Moltres|spa|1
|
|-heal|p2a: Samurott|68/100|[from] Grassy Terrain
|-fieldend|move: Grassy Terrain
|upkeep
|turn|29
|
|t:|1781525826
|move|p1a: Moltres|Pain Split|p2a: Samurott
|-sethp|p2a: Samurott|51/100|[from] move: Pain Split|[silent]
|-sethp|p1a: Moltres|58/100|[from] move: Pain Split
|move|p2a: Samurott|Razor Shell|p1a: Moltres
|-damage|p1a: Moltres|17/100
|-ability|p1a: Moltres|Berserk|boost
|-boost|p1a: Moltres|spa|1
|
|upkeep
|turn|30
|
|t:|1781525838
|move|p1a: Moltres|Hurricane|p2a: Samurott|[miss]
|-miss|p1a: Moltres|p2a: Samurott
|move|p2a: Samurott|Razor Shell|p1a: Moltres
|-damage|p1a: Moltres|0 fnt
|faint|p1a: Moltres
|
|upkeep
|-message|buhuifeihhh forfeited.
|
|win|megameimei
|raw|buhuifeihhh's rating: 1528 &rarr; <strong>1509</strong><br />(-19 for losing)
|raw|megameimei's rating: 1537 &rarr; <strong>1556</strong><br />(+19 for winning)
|l|☆buhuifeihhh
|player|p1|
|l|☆megameimei
|player|p2|
