|j|☆Rextrox
|j|☆AyushXD
|t:|1781076070
|gametype|singles
|player|p1|Rextrox|birdkeeper-gen4dp|1556
|player|p2|AyushXD|unknown|1583
|gen|9
|tier|[Gen 9] OU
|rated|
|rule|HP Percentage Mod: HP is shown in percentages
|rule|Endless Battle Clause: Forcing endless battles is banned
|rule|Species Clause: Limit one of each Pokémon
|rule|OHKO Clause: OHKO moves are banned
|rule|Evasion Items Clause: Evasion items are banned
|rule|Evasion Moves Clause: Evasion moves are banned
|rule|Evasion Abilities Clause: Evasion abilities are banned
|rule|Sleep Moves Clause: Sleep-inducing moves are banned
|clearpoke
|poke|p1|Eelektross, F|
|poke|p1|Deoxys-Speed|
|poke|p1|Iron Valiant|
|poke|p1|Pecharunt|
|poke|p1|Dragonite, F|
|poke|p1|Kingambit, M|
|poke|p2|Slowking-Galar, F|
|poke|p2|Landorus-Therian, M|
|poke|p2|Kyurem|
|poke|p2|Iron Valiant|
|poke|p2|Cinderace, F|
|poke|p2|Kingambit, F|
|teampreview
|
|t:|1781076079
|teamsize|p1|6
|teamsize|p2|6
|start
|switch|p1a: Deoxys|Deoxys-Speed|100/100
|switch|p2a: Kingambit|Kingambit, F|100/100
|-ability|p1a: Deoxys|Pressure
|turn|1
|
|t:|1781076086
|move|p1a: Deoxys|Taunt|p2a: Kingambit
|-start|p2a: Kingambit|move: Taunt
|move|p2a: Kingambit|Kowtow Cleave|p1a: Deoxys
|-supereffective|p1a: Deoxys
|-damage|p1a: Deoxys|0 fnt
|faint|p1a: Deoxys
|
|upkeep
|
|t:|1781076089
|switch|p1a: GG's|Eelektross, F|100/100
|turn|2
|
|t:|1781076094
|-end|p2a: Kingambit|fallenundefined|[silent]
|switch|p2a: Landorus|Landorus-Therian, M|100/100
|-ability|p2a: Landorus|Intimidate|boost
|-unboost|p1a: GG's|atk|1
|move|p1a: GG's|Coil|p1a: GG's
|-boost|p1a: GG's|atk|1
|-boost|p1a: GG's|def|1
|-boost|p1a: GG's|accuracy|1
|
|upkeep
|turn|3
|
|t:|1781076098
|move|p2a: Landorus|Stealth Rock|p1a: GG's
|-sidestart|p1: Rextrox|move: Stealth Rock
|move|p1a: GG's|Drain Punch|p2a: Landorus
|-resisted|p2a: Landorus
|-damage|p2a: Landorus|91/100
|-damage|p1a: GG's|84/100|[from] item: Rocky Helmet|[of] p2a: Landorus
|
|-heal|p1a: GG's|90/100|[from] item: Leftovers
|upkeep
|turn|4
|
|t:|1781076102
|move|p2a: Landorus|U-turn|p1a: GG's
|-damage|p1a: GG's|73/100
|
|t:|1781076105
|switch|p2a: Slowking|Slowking-Galar, F|100/100|[from] U-turn
|move|p1a: GG's|Coil|p1a: GG's
|-boost|p1a: GG's|atk|1
|-boost|p1a: GG's|def|1
|-boost|p1a: GG's|accuracy|1
|
|-heal|p1a: GG's|79/100|[from] item: Leftovers
|upkeep
|turn|5
|
|t:|1781076110
|move|p1a: GG's|Supercell Slam|p2a: Slowking
|-crit|p2a: Slowking
|-damage|p2a: Slowking|10/100
|move|p2a: Slowking|Toxic|p1a: GG's
|-status|p1a: GG's|tox
|
|-heal|p1a: GG's|86/100 tox|[from] item: Leftovers
|-damage|p1a: GG's|79/100 tox|[from] psn
|upkeep
|turn|6
|
|t:|1781076115
|switch|p2a: Landorus|Landorus-Therian, M|91/100
|-ability|p2a: Landorus|Intimidate|boost
|-unboost|p1a: GG's|atk|1
|move|p1a: GG's|Dragon Tail|p2a: Landorus
|-damage|p2a: Landorus|74/100
|-damage|p1a: GG's|63/100 tox|[from] item: Rocky Helmet|[of] p2a: Landorus
|drag|p2a: Kingambit|Kingambit, F|100/100
|
|-heal|p1a: GG's|69/100 tox|[from] item: Leftovers
|-damage|p1a: GG's|57/100 tox|[from] psn
|upkeep
|turn|7
|
|t:|1781076123
|-end|p2a: Kingambit|fallenundefined|[silent]
|switch|p2a: Landorus|Landorus-Therian, M|74/100
|-ability|p2a: Landorus|Intimidate|boost
|-unboost|p1a: GG's|atk|1
|move|p1a: GG's|Drain Punch|p2a: Landorus
|-resisted|p2a: Landorus
|-damage|p2a: Landorus|68/100
|-heal|p1a: GG's|60/100 tox|[from] drain|[of] p2a: Landorus
|-damage|p1a: GG's|43/100 tox|[from] item: Rocky Helmet|[of] p2a: Landorus
|
|-heal|p1a: GG's|49/100 tox|[from] item: Leftovers
|-damage|p1a: GG's|31/100 tox|[from] psn
|upkeep
|turn|8
|
|t:|1781076130
|switch|p2a: Slowking|Slowking-Galar, F|43/100
|move|p1a: GG's|Dragon Tail|p2a: Slowking
|-damage|p2a: Slowking|32/100
|drag|p2a: Iron Valiant|Iron Valiant|100/100
|-enditem|p2a: Iron Valiant|Booster Energy
|-activate|p2a: Iron Valiant|ability: Quark Drive|[fromitem]
|-start|p2a: Iron Valiant|quarkdrivespe
|
|-heal|p1a: GG's|37/100 tox|[from] item: Leftovers
|-damage|p1a: GG's|13/100 tox|[from] psn
|upkeep
|turn|9
|
|t:|1781076135
|move|p2a: Iron Valiant|Moonblast|p1a: GG's
|-damage|p1a: GG's|0 fnt
|faint|p1a: GG's
|
|upkeep
|inactive|Battle timer is ON: inactive players will automatically lose when time's up. (requested by AyushXD)
|
|t:|1781076194
|switch|p1a: Pecharunt|Pecharunt|100/100
|turn|10
|
|t:|1781076198
|-end|p2a: Iron Valiant|Quark Drive|[silent]
|switch|p2a: Slowking|Slowking-Galar, F|65/100
|move|p1a: Pecharunt|Malignant Chain|p2a: Slowking
|-resisted|p2a: Slowking
|-damage|p2a: Slowking|56/100
|
|upkeep
|turn|11
|
|t:|1781076202
|move|p1a: Pecharunt|Nasty Plot|p1a: Pecharunt
|-boost|p1a: Pecharunt|spa|2
|-prepare|p2a: Slowking|Chilly Reception|[premajor]
|move|p2a: Slowking|Chilly Reception|p2a: Slowking
|-weather|Snowscape
|
|t:|1781076206
|switch|p2a: Kyurem|Kyurem|100/100|[from] Chilly Reception
|-ability|p2a: Kyurem|Pressure
|
|-weather|Snowscape|[upkeep]
|upkeep
|turn|12
|
|t:|1781076212
|-terastallize|p2a: Kyurem|Ice
|move|p2a: Kyurem|Blizzard|p1a: Pecharunt
|-damage|p1a: Pecharunt|0 fnt
|faint|p1a: Pecharunt
|
|-weather|Snowscape|[upkeep]
|upkeep
|
|t:|1781076232
|switch|p1a: Dragonite|Dragonite, F|100/100
|turn|13
|
|t:|1781076240
|move|p1a: Dragonite|Extreme Speed|p2a: Kyurem
|-damage|p2a: Kyurem|81/100
|move|p2a: Kyurem|Blizzard|p1a: Dragonite
|-supereffective|p1a: Dragonite
|-damage|p1a: Dragonite|0 fnt
|faint|p1a: Dragonite
|
|-weather|Snowscape|[upkeep]
|upkeep
|
|t:|1781076245
|switch|p1a: Iron Valiant|Iron Valiant|100/100
|-damage|p1a: Iron Valiant|94/100|[from] Stealth Rock
|-enditem|p1a: Iron Valiant|Booster Energy
|-activate|p1a: Iron Valiant|ability: Quark Drive|[fromitem]
|-start|p1a: Iron Valiant|quarkdrivespe
|turn|14
|
|t:|1781076252
|move|p1a: Iron Valiant|Moonblast|p2a: Kyurem
|-damage|p2a: Kyurem|38/100
|move|p2a: Kyurem|Blizzard|p1a: Iron Valiant
|-damage|p1a: Iron Valiant|0 fnt
|faint|p1a: Iron Valiant
|-end|p1a: Iron Valiant|Quark Drive|[silent]
|
|-weather|Snowscape|[upkeep]
|upkeep
|
|t:|1781076256
|switch|p1a: Kingambit|Kingambit, M|100/100
|-damage|p1a: Kingambit|94/100|[from] Stealth Rock
|-activate|p1a: Kingambit|ability: Supreme Overlord
|-start|p1a: Kingambit|fallen5|[silent]
|turn|15
|
|t:|1781076259
|switch|p2a: Iron Valiant|Iron Valiant|100/100
|move|p1a: Kingambit|Swords Dance|p1a: Kingambit
|-boost|p1a: Kingambit|atk|2
|
|-weather|none
|upkeep
|turn|16
|
|t:|1781076265
|-terastallize|p1a: Kingambit|Ghost
|move|p2a: Iron Valiant|Encore|p1a: Kingambit
|-start|p1a: Kingambit|Encore
|move|p1a: Kingambit|Swords Dance|p1a: Kingambit
|-boost|p1a: Kingambit|atk|2
|
|upkeep
|turn|17
|-message|Rextrox forfeited.
|
|win|AyushXD
|raw|Rextrox's rating: 1556 &rarr; <strong>1538</strong><br />(-18 for losing)
|raw|AyushXD's rating: 1583 &rarr; <strong>1601</strong><br />(+18 for winning)
|l|☆Rextrox
|player|p1|
|l|☆AyushXD
|player|p2|
