|j|☆KingCSAlt
|j|☆gyhe
|t:|1781208723
|gametype|singles
|player|p1|KingCSAlt|psychicf|1519
|player|p2|gyhe|1|1558
|gen|9
|tier|[Gen 9] OU
|rated|
|rule|HP Percentage Mod: HP is shown in percentages
|rule|Endless Battle Clause: Forcing endless battles is banned
|rule|Species Clause: Limit one of each Pokémon
|rule|OHKO Clause: OHKO moves are banned
|rule|Evasion Items Clause: Evasion items are banned
|rule|Evasion Moves Clause: Evasion moves are banned
|rule|Evasion Abilities Clause: Evasion abilities are banned
|rule|Sleep Moves Clause: Sleep-inducing moves are banned
|clearpoke
|poke|p1|Scrafty, M|
|poke|p1|Hatterene, F|
|poke|p1|Gholdengo|
|poke|p1|Zapdos|
|poke|p1|Ogerpon, F|
|poke|p1|Great Tusk|
|poke|p2|Lokix, M|
|poke|p2|Pecharunt|
|poke|p2|Zamazenta-*|
|poke|p2|Ting-Lu|
|poke|p2|Latios, M|
|poke|p2|Gliscor, M|
|teampreview
|
|t:|1781208756
|teamsize|p1|6
|teamsize|p2|6
|start
|switch|p1a: Scrafty|Scrafty, M, shiny|100/100
|switch|p2a: Pecharunt|Pecharunt|100/100
|-ability|p1a: Scrafty|Intimidate|boost
|-unboost|p2a: Pecharunt|atk|1
|turn|1
|inactive|Battle timer is ON: inactive players will automatically lose when time's up. (requested by KingCSAlt)
|
|t:|1781208763
|move|p2a: Pecharunt|Malignant Chain|p1a: Scrafty
|-damage|p1a: Scrafty|71/100
|move|p1a: Scrafty|Knock Off|p2a: Pecharunt
|-supereffective|p2a: Pecharunt
|-damage|p2a: Pecharunt|62/100
|-enditem|p2a: Pecharunt|Heavy-Duty Boots|[from] move: Knock Off|[of] p1a: Scrafty
|
|-heal|p1a: Scrafty|77/100|[from] item: Leftovers
|upkeep
|turn|2
|
|t:|1781208772
|move|p1a: Scrafty|Protect|p1a: Scrafty
|-singleturn|p1a: Scrafty|Protect
|move|p2a: Pecharunt|Recover|p2a: Pecharunt
|-heal|p2a: Pecharunt|100/100
|
|-heal|p1a: Scrafty|84/100|[from] item: Leftovers
|upkeep
|turn|3
|
|t:|1781208783
|switch|p2a: Ting-Lu|Ting-Lu|100/100
|-ability|p2a: Ting-Lu|Vessel of Ruin
|switch|p1a: Gholdengo|Gholdengo|100/100
|
|upkeep
|turn|4
|
|t:|1781208805
|switch|p1a: Hatterene|Hatterene, F|100/100
|move|p2a: Ting-Lu|Ruination|p1a: Hatterene
|-damage|p1a: Hatterene|50/100
|
|upkeep
|turn|5
|
|t:|1781208812
|switch|p2a: Pecharunt|Pecharunt|100/100
|move|p1a: Hatterene|Draining Kiss|p2a: Pecharunt
|-resisted|p2a: Pecharunt
|-damage|p2a: Pecharunt|88/100
|-heal|p1a: Hatterene|62/100|[from] drain|[of] p2a: Pecharunt
|
|upkeep
|turn|6
|
|t:|1781208841
|switch|p2a: Lokix|Lokix, M|100/100
|switch|p1a: Gholdengo|Gholdengo|100/100
|
|upkeep
|turn|7
|
|t:|1781208853
|move|p1a: Gholdengo|Make It Rain|p2a: Lokix
|-damage|p2a: Lokix|0 fnt
|-unboost|p1a: Gholdengo|spa|1
|faint|p2a: Lokix
|
|upkeep
|
|t:|1781208863
|switch|p2a: Ting-Lu|Ting-Lu|100/100
|-ability|p2a: Ting-Lu|Vessel of Ruin
|turn|8
|
|t:|1781208867
|switch|p1a: Hatterene|Hatterene, F|62/100
|move|p2a: Ting-Lu|Ruination|p1a: Hatterene
|-damage|p1a: Hatterene|31/100
|
|upkeep
|turn|9
|
|t:|1781208874
|move|p2a: Ting-Lu|Earthquake|p1a: Hatterene
|-damage|p1a: Hatterene|0 fnt
|faint|p1a: Hatterene
|
|upkeep
|
|t:|1781208879
|switch|p1a: Scrafty|Scrafty, M, shiny|84/100
|-ability|p1a: Scrafty|Intimidate|boost
|-unboost|p2a: Ting-Lu|atk|1
|turn|10
|
|t:|1781208888
|switch|p1a: Gholdengo|Gholdengo|100/100
|switch|p2a: Pecharunt|Pecharunt|88/100
|
|upkeep
|turn|11
|
|t:|1781208893
|switch|p2a: Zamazenta|Zamazenta|100/100
|-ability|p2a: Zamazenta|Dauntless Shield|boost
|-boost|p2a: Zamazenta|def|1
|move|p1a: Gholdengo|Shadow Ball|p2a: Zamazenta
|-damage|p2a: Zamazenta|59/100
|
|upkeep
|turn|12
|
|t:|1781208900
|switch|p1a: Scrafty|Scrafty, M, shiny|84/100
|-ability|p1a: Scrafty|Intimidate|boost
|-unboost|p2a: Zamazenta|atk|1
|switch|p2a: Ting-Lu|Ting-Lu|100/100
|-ability|p2a: Ting-Lu|Vessel of Ruin
|
|-heal|p1a: Scrafty|90/100|[from] item: Leftovers
|upkeep
|turn|13
|
|t:|1781208908
|switch|p2a: Pecharunt|Pecharunt|88/100
|move|p1a: Scrafty|Drain Punch|p2a: Pecharunt
|-immune|p2a: Pecharunt
|
|-heal|p1a: Scrafty|96/100|[from] item: Leftovers
|upkeep
|turn|14
|
|t:|1781208914
|switch|p2a: Ting-Lu|Ting-Lu|100/100
|-ability|p2a: Ting-Lu|Vessel of Ruin
|move|p1a: Scrafty|Protect||[still]
|-fail|p1a: Scrafty
|
|-heal|p1a: Scrafty|100/100|[from] item: Leftovers
|upkeep
|turn|15
|
|t:|1781208919
|move|p1a: Scrafty|Knock Off|p2a: Ting-Lu
|-resisted|p2a: Ting-Lu
|-damage|p2a: Ting-Lu|90/100
|-enditem|p2a: Ting-Lu|Leftovers|[from] move: Knock Off|[of] p1a: Scrafty
|move|p2a: Ting-Lu|Ruination|p1a: Scrafty
|-damage|p1a: Scrafty|50/100
|
|-heal|p1a: Scrafty|57/100|[from] item: Leftovers
|upkeep
|turn|16
|
|t:|1781208929
|switch|p1a: Great Tusk|Great Tusk|100/100
|move|p2a: Ting-Lu|Stealth Rock|p1a: Great Tusk
|-sidestart|p1: KingCSAlt|move: Stealth Rock
|
|upkeep
|turn|17
|
|t:|1781208937
|move|p1a: Great Tusk|Stealth Rock|p2a: Ting-Lu
|-sidestart|p2: gyhe|move: Stealth Rock
|move|p2a: Ting-Lu|Ruination|p1a: Great Tusk
|-damage|p1a: Great Tusk|51/100
|
|upkeep
|turn|18
|
|t:|1781208941
|move|p1a: Great Tusk|Rapid Spin|p2a: Ting-Lu
|-damage|p2a: Ting-Lu|80/100
|-boost|p1a: Great Tusk|spe|1
|-sideend|p1: KingCSAlt|Stealth Rock|[from] move: Rapid Spin|[of] p1a: Great Tusk
|move|p2a: Ting-Lu|Ruination|p1a: Great Tusk
|-damage|p1a: Great Tusk|26/100
|
|upkeep
|turn|19
|
|t:|1781208961
|move|p1a: Great Tusk|Ice Spinner|p2a: Ting-Lu
|-supereffective|p2a: Ting-Lu
|-damage|p2a: Ting-Lu|51/100
|move|p2a: Ting-Lu|Earthquake|p1a: Great Tusk
|-damage|p1a: Great Tusk|0 fnt
|faint|p1a: Great Tusk
|-end|p1a: Great Tusk|Protosynthesis|[silent]
|
|upkeep
|
|t:|1781208970
|switch|p1a: Ogerpon|Ogerpon, F|100/100
|turn|20
|
|t:|1781208987
|switch|p2a: Pecharunt|Pecharunt|88/100
|-damage|p2a: Pecharunt|75/100|[from] Stealth Rock
|move|p1a: Ogerpon|Ivy Cudgel|p2a: Pecharunt
|-resisted|p2a: Pecharunt
|-damage|p2a: Pecharunt|58/100
|
|upkeep
|turn|21
|inactive|KingCSAlt has 120 seconds left.
|
|t:|1781209003
|switch|p1a: Scrafty|Scrafty, M, shiny|57/100
|-ability|p1a: Scrafty|Intimidate|boost
|-unboost|p2a: Pecharunt|atk|1
|move|p2a: Pecharunt|Recover|p2a: Pecharunt
|-heal|p2a: Pecharunt|100/100
|
|-heal|p1a: Scrafty|63/100|[from] item: Leftovers
|upkeep
|turn|22
|inactive|KingCSAlt has 120 seconds left.
|
|t:|1781209019
|switch|p1a: Gholdengo|Gholdengo|100/100
|move|p2a: Pecharunt|Malignant Chain|p1a: Gholdengo
|-immune|p1a: Gholdengo
|
|upkeep
|turn|23
|
|t:|1781209026
|switch|p2a: Gliscor|Gliscor, M|100/100
|-damage|p2a: Gliscor|88/100|[from] Stealth Rock
|move|p1a: Gholdengo|Shadow Ball|p2a: Gliscor
|-damage|p2a: Gliscor|51/100
|
|-status|p2a: Gliscor|tox|[from] item: Toxic Orb
|upkeep
|turn|24
|inactive|KingCSAlt has 120 seconds left.
|
|t:|1781209042
|switch|p1a: Ogerpon|Ogerpon, F|100/100
|switch|p2a: Ting-Lu|Ting-Lu|51/100
|-damage|p2a: Ting-Lu|45/100|[from] Stealth Rock
|-ability|p2a: Ting-Lu|Vessel of Ruin
|
|upkeep
|turn|25
|inactive|KingCSAlt has 120 seconds left.
|
|t:|1781209055
|switch|p2a: Pecharunt|Pecharunt|100/100
|-damage|p2a: Pecharunt|88/100|[from] Stealth Rock
|-terastallize|p1a: Ogerpon|Grass
|detailschange|p1a: Ogerpon|Ogerpon-Teal-Tera, F, tera:Grass
|-ability|p1a: Ogerpon|Embody Aspect (Teal)|boost
|-boost|p1a: Ogerpon|spe|1
|move|p1a: Ogerpon|Ivy Cudgel|p2a: Pecharunt
|-resisted|p2a: Pecharunt
|-damage|p2a: Pecharunt|63/100
|
|upkeep
|turn|26
|inactive|KingCSAlt has 120 seconds left.
|
|t:|1781209065
|switch|p1a: Gholdengo|Gholdengo|100/100
|switch|p2a: Ting-Lu|Ting-Lu|45/100
|-damage|p2a: Ting-Lu|39/100|[from] Stealth Rock
|-ability|p2a: Ting-Lu|Vessel of Ruin
|
|upkeep
|turn|27
|inactive|KingCSAlt has 120 seconds left.
|
|t:|1781209078
|switch|p1a: Scrafty|Scrafty, M, shiny|63/100
|-ability|p1a: Scrafty|Intimidate|boost
|-unboost|p2a: Ting-Lu|atk|1
|move|p2a: Ting-Lu|Stealth Rock|p1a: Scrafty
|-sidestart|p1: KingCSAlt|move: Stealth Rock
|
|-heal|p1a: Scrafty|69/100|[from] item: Leftovers
|upkeep
|turn|28
|inactive|KingCSAlt has 120 seconds left.
|
|t:|1781209095
|switch|p2a: Zamazenta|Zamazenta|59/100
|move|p1a: Scrafty|Knock Off|p2a: Zamazenta
|-resisted|p2a: Zamazenta
|-damage|p2a: Zamazenta|41/100
|-enditem|p2a: Zamazenta|Heavy-Duty Boots|[from] move: Knock Off|[of] p1a: Scrafty
|
|-heal|p1a: Scrafty|75/100|[from] item: Leftovers
|upkeep
|turn|29
|inactive|KingCSAlt has 120 seconds left.
|
|t:|1781209106
|switch|p2a: Latios|Latios, M|100/100
|-damage|p2a: Latios|88/100|[from] Stealth Rock
|switch|p1a: Zapdos|Zapdos|100/100
|
|upkeep
|turn|30
|
|t:|1781209114
|move|p2a: Latios|Draco Meteor|p1a: Zapdos
|-damage|p1a: Zapdos|26/100
|-unboost|p2a: Latios|spa|2
|move|p1a: Zapdos|Thunder Wave|p2a: Latios
|-status|p2a: Latios|par
|
|upkeep
|turn|31
|
|t:|1781209123
|switch|p2a: Gliscor|Gliscor, M|51/100 tox
|-damage|p2a: Gliscor|39/100 tox|[from] Stealth Rock
|move|p1a: Zapdos|Roost|p1a: Zapdos
|-heal|p1a: Zapdos|76/100
|-singleturn|p1a: Zapdos|move: Roost
|
|-heal|p2a: Gliscor|51/100 tox|[from] ability: Poison Heal
|upkeep
|turn|32
|
|t:|1781209130
|switch|p1a: Ogerpon|Ogerpon-Teal-Tera, F, tera:Grass|100/100
|-damage|p1a: Ogerpon|88/100|[from] Stealth Rock
|-ability|p1a: Ogerpon|Embody Aspect (Teal)|boost
|-boost|p1a: Ogerpon|spe|1
|move|p2a: Gliscor|Knock Off|p1a: Ogerpon
|-damage|p1a: Ogerpon|63/100
|-enditem|p1a: Ogerpon|Choice Band|[from] move: Knock Off|[of] p2a: Gliscor
|
|-heal|p2a: Gliscor|64/100 tox|[from] ability: Poison Heal
|upkeep
|turn|33
|
|t:|1781209140
|move|p2a: Gliscor|Protect|p2a: Gliscor
|-singleturn|p2a: Gliscor|Protect
|move|p1a: Ogerpon|Ivy Cudgel|p2a: Gliscor
|-activate|p2a: Gliscor|move: Protect
|
|-heal|p2a: Gliscor|76/100 tox|[from] ability: Poison Heal
|upkeep
|turn|34
|
|t:|1781209154
|move|p1a: Ogerpon|Ivy Cudgel|p2a: Gliscor
|-damage|p2a: Gliscor|23/100 tox
|move|p2a: Gliscor|U-turn|p1a: Ogerpon
|-supereffective|p1a: Ogerpon
|-damage|p1a: Ogerpon|20/100
|
|t:|1781209157
|switch|p2a: Pecharunt|Pecharunt|63/100|[from] U-turn
|-damage|p2a: Pecharunt|51/100|[from] Stealth Rock
|
|upkeep
|turn|35
|
|t:|1781209176
|switch|p1a: Gholdengo|Gholdengo|100/100
|-damage|p1a: Gholdengo|94/100|[from] Stealth Rock
|move|p2a: Pecharunt|Recover|p2a: Pecharunt
|-heal|p2a: Pecharunt|100/100
|
|upkeep
|turn|36
|
|t:|1781209197
|switch|p2a: Ting-Lu|Ting-Lu|39/100
|-damage|p2a: Ting-Lu|33/100|[from] Stealth Rock
|-ability|p2a: Ting-Lu|Vessel of Ruin
|move|p1a: Gholdengo|Shadow Ball|p2a: Ting-Lu
|-resisted|p2a: Ting-Lu
|-damage|p2a: Ting-Lu|24/100
|-unboost|p2a: Ting-Lu|spd|1
|
|upkeep
|turn|37
|inactive|gyhe has 120 seconds left.
|
|t:|1781209220
|switch|p1a: Scrafty|Scrafty, M, shiny|75/100
|-damage|p1a: Scrafty|69/100|[from] Stealth Rock
|-ability|p1a: Scrafty|Intimidate|boost
|-unboost|p2a: Ting-Lu|atk|1
|switch|p2a: Gliscor|Gliscor, M|23/100 tox
|-damage|p2a: Gliscor|11/100 tox|[from] Stealth Rock
|
|-heal|p1a: Scrafty|75/100|[from] item: Leftovers
|-heal|p2a: Gliscor|23/100 tox|[from] ability: Poison Heal
|upkeep
|turn|38
|
|t:|1781209229
|move|p2a: Gliscor|Protect|p2a: Gliscor
|-singleturn|p2a: Gliscor|Protect
|move|p1a: Scrafty|Knock Off|p2a: Gliscor
|-activate|p2a: Gliscor|move: Protect
|
|-heal|p1a: Scrafty|81/100|[from] item: Leftovers
|-heal|p2a: Gliscor|36/100 tox|[from] ability: Poison Heal
|upkeep
|turn|39
|
|t:|1781209233
|move|p2a: Gliscor|Knock Off|p1a: Scrafty
|-resisted|p1a: Scrafty
|-damage|p1a: Scrafty|76/100
|-enditem|p1a: Scrafty|Leftovers|[from] move: Knock Off|[of] p2a: Gliscor
|move|p1a: Scrafty|Knock Off|p2a: Gliscor
|-damage|p2a: Gliscor|5/100 tox
|-enditem|p2a: Gliscor|Toxic Orb|[from] move: Knock Off|[of] p1a: Scrafty
|
|-heal|p2a: Gliscor|18/100 tox|[from] ability: Poison Heal
|upkeep
|turn|40
|
|t:|1781209252
|switch|p1a: Gholdengo|Gholdengo|94/100
|-damage|p1a: Gholdengo|88/100|[from] Stealth Rock
|move|p2a: Gliscor|Protect||[still]
|-fail|p2a: Gliscor
|
|-heal|p2a: Gliscor|30/100 tox|[from] ability: Poison Heal
|upkeep
|turn|41
|
|t:|1781209260
|move|p2a: Gliscor|Protect|p2a: Gliscor
|-singleturn|p2a: Gliscor|Protect
|move|p1a: Gholdengo|Shadow Ball|p2a: Gliscor
|-activate|p2a: Gliscor|move: Protect
|
|-heal|p2a: Gliscor|43/100 tox|[from] ability: Poison Heal
|upkeep
|turn|42
|
|t:|1781209264
|switch|p2a: Ting-Lu|Ting-Lu|24/100
|-damage|p2a: Ting-Lu|18/100|[from] Stealth Rock
|-ability|p2a: Ting-Lu|Vessel of Ruin
|move|p1a: Gholdengo|Shadow Ball|p2a: Ting-Lu
|-resisted|p2a: Ting-Lu
|-damage|p2a: Ting-Lu|10/100
|-unboost|p2a: Ting-Lu|spd|1
|
|upkeep
|turn|43
|
|t:|1781209273
|move|p1a: Gholdengo|Shadow Ball|p2a: Ting-Lu
|-resisted|p2a: Ting-Lu
|-damage|p2a: Ting-Lu|0 fnt
|faint|p2a: Ting-Lu
|
|upkeep
|
|t:|1781209278
|switch|p2a: Pecharunt|Pecharunt|100/100
|-damage|p2a: Pecharunt|88/100|[from] Stealth Rock
|turn|44
|
|t:|1781209282
|-terastallize|p2a: Pecharunt|Dark
|move|p1a: Gholdengo|Shadow Ball|p2a: Pecharunt
|-resisted|p2a: Pecharunt
|-damage|p2a: Pecharunt|66/100
|-unboost|p2a: Pecharunt|spd|1
|move|p2a: Pecharunt|Foul Play|p1a: Gholdengo
|-supereffective|p1a: Gholdengo
|-damage|p1a: Gholdengo|42/100
|
|upkeep
|turn|45
|c|☆gyhe|holy
|
|t:|1781209297
|switch|p1a: Scrafty|Scrafty, M, shiny|76/100
|-damage|p1a: Scrafty|70/100|[from] Stealth Rock
|-ability|p1a: Scrafty|Intimidate|boost
|-unboost|p2a: Pecharunt|atk|1
|move|p2a: Pecharunt|Malignant Chain|p1a: Scrafty
|-damage|p1a: Scrafty|44/100
|
|upkeep
|turn|46
|
|t:|1781209306
|switch|p2a: Zamazenta|Zamazenta|41/100
|-damage|p2a: Zamazenta|35/100|[from] Stealth Rock
|move|p1a: Scrafty|Drain Punch|p2a: Zamazenta
|-damage|p2a: Zamazenta|8/100
|-heal|p1a: Scrafty|57/100|[from] drain|[of] p2a: Zamazenta
|
|upkeep
|turn|47
|
|t:|1781209320
|move|p1a: Scrafty|Protect|p1a: Scrafty
|-singleturn|p1a: Scrafty|Protect
|move|p2a: Zamazenta|Crunch|p1a: Scrafty
|-activate|p1a: Scrafty|move: Protect
|
|upkeep
|turn|48
|
|t:|1781209329
|move|p2a: Zamazenta|Ice Fang|p1a: Scrafty
|-damage|p1a: Scrafty|38/100
|cant|p1a: Scrafty|flinch
|
|upkeep
|turn|49
|
|t:|1781209335
|switch|p1a: Zapdos|Zapdos|76/100
|move|p2a: Zamazenta|Close Combat|p1a: Zapdos
|-resisted|p1a: Zapdos
|-damage|p1a: Zapdos|56/100
|-unboost|p2a: Zamazenta|def|1
|-unboost|p2a: Zamazenta|spd|1
|-status|p2a: Zamazenta|par|[from] ability: Static|[of] p1a: Zapdos
|
|upkeep
|turn|50
|
|t:|1781209347
|switch|p2a: Gliscor|Gliscor, M|43/100 tox
|-damage|p2a: Gliscor|30/100 tox|[from] Stealth Rock
|move|p1a: Zapdos|Roost|p1a: Zapdos
|-heal|p1a: Zapdos|100/100
|-singleturn|p1a: Zapdos|move: Roost
|
|-heal|p2a: Gliscor|43/100 tox|[from] ability: Poison Heal
|upkeep
|turn|51
|
|t:|1781209358
|switch|p1a: Scrafty|Scrafty, M, shiny|38/100
|-damage|p1a: Scrafty|32/100|[from] Stealth Rock
|-ability|p1a: Scrafty|Intimidate|boost
|-unboost|p2a: Gliscor|atk|1
|move|p2a: Gliscor|Spikes|p1a: Scrafty
|-sidestart|p1: KingCSAlt|Spikes
|
|-heal|p2a: Gliscor|55/100 tox|[from] ability: Poison Heal
|upkeep
|turn|52
|
|t:|1781209369
|move|p2a: Gliscor|U-turn|p1a: Scrafty
|-damage|p1a: Scrafty|24/100
|
|t:|1781209373
|switch|p2a: Zamazenta|Zamazenta|8/100 par|[from] U-turn
|-damage|p2a: Zamazenta|1/100 par|[from] Stealth Rock
|move|p1a: Scrafty|Drain Punch|p2a: Zamazenta
|-damage|p2a: Zamazenta|0 fnt
|-heal|p1a: Scrafty|25/100|[from] drain|[of] p2a: Zamazenta
|faint|p2a: Zamazenta
|
|upkeep
|
|t:|1781209375
|switch|p2a: Pecharunt|Pecharunt, tera:Dark|66/100
|-damage|p2a: Pecharunt|54/100|[from] Stealth Rock
|turn|53
|
|t:|1781209397
|move|p2a: Pecharunt|Parting Shot|p1a: Scrafty
|-unboost|p1a: Scrafty|atk|1
|-unboost|p1a: Scrafty|spa|1
|
|t:|1781209400
|switch|p2a: Gliscor|Gliscor, M|55/100 tox|[from] Parting Shot
|-damage|p2a: Gliscor|43/100 tox|[from] Stealth Rock
|move|p1a: Scrafty|Drain Punch|p2a: Gliscor
|-resisted|p2a: Gliscor
|-damage|p2a: Gliscor|35/100 tox
|-heal|p1a: Scrafty|29/100|[from] drain|[of] p2a: Gliscor
|
|-heal|p2a: Gliscor|47/100 tox|[from] ability: Poison Heal
|upkeep
|turn|54
|
|t:|1781209416
|move|p2a: Gliscor|Spikes|p1a: Scrafty
|-sidestart|p1: KingCSAlt|Spikes
|move|p1a: Scrafty|Knock Off|p2a: Gliscor
|-damage|p2a: Gliscor|33/100 tox
|
|-heal|p2a: Gliscor|46/100 tox|[from] ability: Poison Heal
|upkeep
|turn|55
|
|t:|1781209422
|switch|p1a: Ogerpon|Ogerpon-Teal-Tera, F, tera:Grass|20/100
|-damage|p1a: Ogerpon|8/100|[from] Stealth Rock
|-damage|p1a: Ogerpon|0 fnt|[from] Spikes
|faint|p1a: Ogerpon
|detailschange|p1: Ogerpon|Ogerpon, F|[silent]
|move|p2a: Gliscor|Spikes|p1: Ogerpon
|-sidestart|p1: KingCSAlt|Spikes
|
|-heal|p2a: Gliscor|58/100 tox|[from] ability: Poison Heal
|upkeep
|
|t:|1781209426
|switch|p1a: Gholdengo|Gholdengo|42/100
|-damage|p1a: Gholdengo|36/100|[from] Stealth Rock
|-damage|p1a: Gholdengo|11/100|[from] Spikes
|turn|56
|
|t:|1781209431
|move|p2a: Gliscor|Protect|p2a: Gliscor
|-singleturn|p2a: Gliscor|Protect
|move|p1a: Gholdengo|Make It Rain|p2a: Gliscor
|-activate|p2a: Gliscor|move: Protect
|
|-heal|p2a: Gliscor|71/100 tox|[from] ability: Poison Heal
|upkeep
|turn|57
|
|t:|1781209435
|move|p1a: Gholdengo|Make It Rain|p2a: Gliscor
|-damage|p2a: Gliscor|20/100 tox
|-unboost|p1a: Gholdengo|spa|1
|move|p2a: Gliscor|Knock Off|p1a: Gholdengo
|-supereffective|p1a: Gholdengo
|-damage|p1a: Gholdengo|0 fnt
|-enditem|p1a: Gholdengo|Choice Scarf|[from] move: Knock Off|[of] p2a: Gliscor
|faint|p1a: Gholdengo
|
|-heal|p2a: Gliscor|33/100 tox|[from] ability: Poison Heal
|upkeep
|
|t:|1781209441
|switch|p1a: Zapdos|Zapdos|100/100
|turn|58
|
|t:|1781209444
|move|p1a: Zapdos|Hurricane|p2a: Gliscor
|-damage|p2a: Gliscor|0 fnt
|faint|p2a: Gliscor
|
|upkeep
|
|t:|1781209449
|switch|p2a: Latios|Latios, M|88/100 par
|-damage|p2a: Latios|76/100 par|[from] Stealth Rock
|turn|59
|
|t:|1781209463
|move|p1a: Zapdos|Volt Switch|p2a: Latios
|-resisted|p2a: Latios
|-damage|p2a: Latios|62/100 par
|
|t:|1781209466
|switch|p1a: Scrafty|Scrafty, M, shiny|29/100|[from] Volt Switch
|-damage|p1a: Scrafty|23/100|[from] Stealth Rock
|-damage|p1a: Scrafty|0 fnt|[from] Spikes
|faint|p1a: Scrafty
|cant|p2a: Latios|par
|
|upkeep
|
|t:|1781209473
|switch|p1a: Zapdos|Zapdos|100/100
|turn|60
|
|t:|1781209476
|move|p1a: Zapdos|Hurricane|p2a: Latios
|-damage|p2a: Latios|12/100 par
|cant|p2a: Latios|par
|
|upkeep
|turn|61
|
|t:|1781209481
|move|p1a: Zapdos|Volt Switch|p2a: Latios
|-resisted|p2a: Latios
|-damage|p2a: Latios|0 fnt
|faint|p2a: Latios
|
|upkeep
|c|☆gyhe|bruh
|
|t:|1781209484
|switch|p2a: Pecharunt|Pecharunt, tera:Dark|54/100
|-damage|p2a: Pecharunt|42/100|[from] Stealth Rock
|turn|62
|
|t:|1781209488
|move|p1a: Zapdos|Hurricane|p2a: Pecharunt
|-damage|p2a: Pecharunt|0 fnt
|faint|p2a: Pecharunt
|
|win|KingCSAlt
|raw|KingCSAlt's rating: 1519 &rarr; <strong>1541</strong><br />(+22 for winning)
|raw|gyhe's rating: 1558 &rarr; <strong>1536</strong><br />(-22 for losing)
|c|☆KingCSAlt|GG
|c|☆gyhe|lol
|c|☆gyhe|gg
