|j|☆jsnsddk
|j|☆dddriake
|t:|1781429719
|gametype|singles
|player|p1|jsnsddk|101|1510
|player|p2|dddriake|102|1547
|gen|9
|tier|[Gen 9] OU
|rated|
|rule|HP Percentage Mod: HP is shown in percentages
|rule|Endless Battle Clause: Forcing endless battles is banned
|rule|Species Clause: Limit one of each Pokémon
|rule|OHKO Clause: OHKO moves are banned
|rule|Evasion Items Clause: Evasion items are banned
|rule|Evasion Moves Clause: Evasion moves are banned
|rule|Evasion Abilities Clause: Evasion abilities are banned
|rule|Sleep Moves Clause: Sleep-inducing moves are banned
|clearpoke
|poke|p1|Dragonite, M|
|poke|p1|Hatterene, F|
|poke|p1|Kingambit, M|
|poke|p1|Iron Crown|
|poke|p1|Crawdaunt, F|
|poke|p1|Manaphy|
|poke|p2|Slowking-Galar, F|
|poke|p2|Great Tusk|
|poke|p2|Kyurem|
|poke|p2|Kingambit, M|
|poke|p2|Cinderace, F|
|poke|p2|Zapdos|
|teampreview
|inactive|Battle timer is ON: inactive players will automatically lose when time's up. (requested by jsnsddk)
|
|t:|1781429729
|teamsize|p1|6
|teamsize|p2|6
|start
|switch|p1a: Hatterene|Hatterene, F|100/100
|switch|p2a: Slowking|Slowking-Galar, F|100/100
|turn|1
|
|t:|1781429736
|move|p2a: Slowking|Sludge Bomb|p1a: Hatterene
|-supereffective|p1a: Hatterene
|-damage|p1a: Hatterene|24/100
|-status|p1a: Hatterene|psn
|move|p1a: Hatterene|Trick Room|p1a: Hatterene
|-fieldstart|move: Trick Room|[of] p1a: Hatterene
|
|-damage|p1a: Hatterene|12/100 psn|[from] psn
|upkeep
|turn|2
|
|t:|1781429741
|move|p1a: Hatterene|Healing Wish|p1a: Hatterene
|faint|p1a: Hatterene
|move|p2a: Slowking|Sludge Bomb|p1: Hatterene|[notarget]
|-fail|p2a: Slowking
|
|upkeep
|
|t:|1781429746
|switch|p1a: Crawdaunt|Crawdaunt, F|100/100
|turn|3
|
|t:|1781429757
|-prepare|p2a: Slowking|Chilly Reception|[premajor]
|move|p2a: Slowking|Chilly Reception|p2a: Slowking
|-weather|Snowscape
|
|t:|1781429760
|switch|p2a: Zapdos|Zapdos, shiny|100/100|[from] Chilly Reception
|move|p1a: Crawdaunt|Crabhammer|p2a: Zapdos
|-damage|p2a: Zapdos|36/100
|-damage|p1a: Crawdaunt|90/100|[from] item: Life Orb
|
|-weather|Snowscape|[upkeep]
|upkeep
|turn|4
|
|t:|1781429769
|switch|p2a: Slowking|Slowking-Galar, F|100/100
|move|p1a: Crawdaunt|Knock Off|p2a: Slowking
|-supereffective|p2a: Slowking
|-enditem|p2a: Slowking|Colbur Berry|[eat]
|-enditem|p2a: Slowking|Colbur Berry|[weaken]
|-damage|p2a: Slowking|14/100
|-damage|p1a: Crawdaunt|80/100|[from] item: Life Orb
|
|-weather|Snowscape|[upkeep]
|upkeep
|turn|5
|
|t:|1781429773
|switch|p2a: Zapdos|Zapdos, shiny|36/100
|move|p1a: Crawdaunt|Aqua Jet|p2a: Zapdos
|-damage|p2a: Zapdos|9/100
|-status|p1a: Crawdaunt|par|[from] ability: Static|[of] p2a: Zapdos
|-damage|p1a: Crawdaunt|70/100 par|[from] item: Life Orb
|
|-weather|Snowscape|[upkeep]
|-fieldend|move: Trick Room
|upkeep
|turn|6
|
|t:|1781429779
|switch|p2a: Slowking|Slowking-Galar, F|47/100
|cant|p1a: Crawdaunt|par
|
|-weather|Snowscape|[upkeep]
|upkeep
|turn|7
|
|t:|1781429783
|-prepare|p2a: Slowking|Chilly Reception|[premajor]
|move|p2a: Slowking|Chilly Reception|p2a: Slowking
|
|t:|1781429784
|switch|p2a: Zapdos|Zapdos, shiny|9/100|[from] Chilly Reception
|move|p1a: Crawdaunt|Knock Off|p2a: Zapdos
|-damage|p2a: Zapdos|0 fnt
|-enditem|p2a: Zapdos|Heavy-Duty Boots|[from] move: Knock Off|[of] p1a: Crawdaunt
|faint|p2a: Zapdos
|-damage|p1a: Crawdaunt|60/100 par|[from] item: Life Orb
|
|-weather|none
|upkeep
|
|t:|1781429792
|switch|p2a: Kyurem|Kyurem|100/100
|-ability|p2a: Kyurem|Pressure
|turn|8
|
|t:|1781429798
|move|p2a: Kyurem|Ice Beam|p1a: Crawdaunt
|-resisted|p1a: Crawdaunt
|-damage|p1a: Crawdaunt|5/100 par
|move|p1a: Crawdaunt|Knock Off|p2a: Kyurem
|-damage|p2a: Kyurem|14/100
|-enditem|p2a: Kyurem|Choice Specs|[from] move: Knock Off|[of] p1a: Crawdaunt
|-damage|p1a: Crawdaunt|0 fnt|[from] item: Life Orb
|faint|p1a: Crawdaunt
|
|upkeep
|
|t:|1781429815
|switch|p1a: Iron Crown|Iron Crown|100/100
|-enditem|p1a: Iron Crown|Booster Energy
|-activate|p1a: Iron Crown|ability: Quark Drive|[fromitem]
|-start|p1a: Iron Crown|quarkdrivespe
|turn|9
|
|t:|1781429825
|-terastallize|p1a: Iron Crown|Fighting
|move|p1a: Iron Crown|Calm Mind|p1a: Iron Crown
|-boost|p1a: Iron Crown|spa|1
|-boost|p1a: Iron Crown|spd|1
|move|p2a: Kyurem|Earth Power|p1a: Iron Crown
|-damage|p1a: Iron Crown|81/100
|
|upkeep
|turn|10
|
|t:|1781429831
|move|p1a: Iron Crown|Calm Mind|p1a: Iron Crown
|-boost|p1a: Iron Crown|spa|1
|-boost|p1a: Iron Crown|spd|1
|move|p2a: Kyurem|Ice Beam|p1a: Iron Crown
|-crit|p1a: Iron Crown
|-damage|p1a: Iron Crown|20/100
|
|upkeep
|turn|11
|
|t:|1781429843
|move|p1a: Iron Crown|Tachyon Cutter|p2a: Kyurem
|-supereffective|p2a: Kyurem
|-damage|p2a: Kyurem|0 fnt
|faint|p2a: Kyurem
|-hitcount|p2: Kyurem|1
|
|upkeep
|
|t:|1781429857
|switch|p2a: Cinderace|Cinderace, F|100/100
|turn|12
|
|t:|1781429861
|-terastallize|p2a: Cinderace|Flying
|move|p1a: Iron Crown|Psyshock|p2a: Cinderace
|-damage|p2a: Cinderace|15/100
|move|p2a: Cinderace|Pyro Ball|p1a: Iron Crown
|-damage|p1a: Iron Crown|0 fnt
|faint|p1a: Iron Crown
|-end|p1a: Iron Crown|Quark Drive|[silent]
|
|upkeep
|
|t:|1781429874
|switch|p1a: Manaphy|Manaphy|100/100
|turn|13
|
|t:|1781429879
|move|p2a: Cinderace|U-turn|p1a: Manaphy
|-damage|p1a: Manaphy|85/100
|
|t:|1781429880
|switch|p2a: Slowking|Slowking-Galar, F|80/100|[from] U-turn
|move|p1a: Manaphy|Acid Armor|p1a: Manaphy
|-boost|p1a: Manaphy|def|2
|
|-heal|p1a: Manaphy|92/100|[from] item: Leftovers
|upkeep
|turn|14
|
|t:|1781429884
|move|p1a: Manaphy|Take Heart|p1a: Manaphy
|-boost|p1a: Manaphy|spa|1
|-boost|p1a: Manaphy|spd|1
|move|p2a: Slowking|Thunder Wave|p1a: Manaphy
|-status|p1a: Manaphy|par
|
|-heal|p1a: Manaphy|98/100 par|[from] item: Leftovers
|upkeep
|turn|15
|
|t:|1781429888
|move|p1a: Manaphy|Take Heart|p1a: Manaphy
|-boost|p1a: Manaphy|spa|1
|-boost|p1a: Manaphy|spd|1
|-curestatus|p1a: Manaphy|par|[msg]
|move|p2a: Slowking|Sludge Bomb|p1a: Manaphy
|-damage|p1a: Manaphy|84/100
|
|-heal|p1a: Manaphy|91/100|[from] item: Leftovers
|upkeep
|turn|16
|
|t:|1781429899
|move|p1a: Manaphy|Take Heart|p1a: Manaphy
|-boost|p1a: Manaphy|spa|1
|-boost|p1a: Manaphy|spd|1
|move|p2a: Slowking|Sludge Bomb|p1a: Manaphy
|-damage|p1a: Manaphy|80/100
|
|-heal|p1a: Manaphy|86/100|[from] item: Leftovers
|upkeep
|turn|17
|
|t:|1781429910
|move|p1a: Manaphy|Take Heart|p1a: Manaphy
|-boost|p1a: Manaphy|spa|1
|-boost|p1a: Manaphy|spd|1
|move|p2a: Slowking|Sludge Bomb|p1a: Manaphy
|-damage|p1a: Manaphy|77/100
|
|-heal|p1a: Manaphy|83/100|[from] item: Leftovers
|upkeep
|turn|18
|
|t:|1781429912
|move|p1a: Manaphy|Stored Power|p2a: Slowking
|-damage|p2a: Slowking|0 fnt
|faint|p2a: Slowking
|
|-heal|p1a: Manaphy|90/100|[from] item: Leftovers
|upkeep
|-message|dddriake forfeited.
|
|win|jsnsddk
|raw|jsnsddk's rating: 1510 &rarr; <strong>1532</strong><br />(+22 for winning)
|raw|dddriake's rating: 1547 &rarr; <strong>1525</strong><br />(-22 for losing)
|l|☆dddriake
|player|p2|
|l|☆jsnsddk
|player|p1|
