|j|☆GLOWKING AGENDA
|j|☆SwordIsBored
|t:|1781108813
|gametype|singles
|player|p1|GLOWKING AGENDA|irida|1717
|player|p2|SwordIsBored|#1v1plixheatrans|1685
|gen|9
|tier|[Gen 9] OU
|rated|
|rule|HP Percentage Mod: HP is shown in percentages
|rule|Endless Battle Clause: Forcing endless battles is banned
|rule|Species Clause: Limit one of each Pokémon
|rule|OHKO Clause: OHKO moves are banned
|rule|Evasion Items Clause: Evasion items are banned
|rule|Evasion Moves Clause: Evasion moves are banned
|rule|Evasion Abilities Clause: Evasion abilities are banned
|rule|Sleep Moves Clause: Sleep-inducing moves are banned
|clearpoke
|poke|p1|Tinkaton, F|
|poke|p1|Ogerpon, F|
|poke|p1|Great Tusk|
|poke|p1|Pecharunt|
|poke|p1|Alomomola, M|
|poke|p1|Hydreigon, M|
|poke|p2|Glimmora, F|
|poke|p2|Darkrai|
|poke|p2|Raging Bolt|
|poke|p2|Kingambit, M|
|poke|p2|Primarina, F|
|poke|p2|Iron Valiant|
|teampreview
|c|☆GLOWKING AGENDA|hfhf
|inactive|Battle timer is ON: inactive players will automatically lose when time's up. (requested by GLOWKING AGENDA)
|c|☆SwordIsBored|glhf
|
|t:|1781108839
|teamsize|p1|6
|teamsize|p2|6
|start
|switch|p1a: Pisces|Alomomola, M, shiny|100/100
|switch|p2a: Primarina|Primarina, F|100/100
|turn|1
|
|t:|1781108844
|switch|p2a: Glimmora|Glimmora, F|100/100
|move|p1a: Pisces|Flip Turn|p2a: Glimmora
|-supereffective|p2a: Glimmora
|-damage|p2a: Glimmora|63/100
|-activate|p2a: Glimmora|ability: Toxic Debris
|-sidestart|p1: GLOWKING AGENDA|move: Toxic Spikes
|-enditem|p2a: Glimmora|Red Card|[of] p1a: Pisces
|drag|p1a: Hybrid|Hydreigon, M, shiny|100/100
|
|upkeep
|turn|2
|
|t:|1781108870
|switch|p2a: Primarina|Primarina, F|100/100
|move|p1a: Hybrid|Earth Power|p2a: Primarina
|-damage|p2a: Primarina|60/100
|-unboost|p2a: Primarina|spd|1
|
|upkeep
|turn|3
|
|t:|1781108880
|switch|p1a: Smile.exe|Tinkaton, F, shiny|100/100
|-item|p1a: Smile.exe|Air Balloon
|move|p2a: Primarina|Moonblast|p1a: Smile.exe
|-resisted|p1a: Smile.exe
|-damage|p1a: Smile.exe|72/100
|-enditem|p1a: Smile.exe|Air Balloon
|
|upkeep
|turn|4
|
|t:|1781108884
|move|p1a: Smile.exe|Stealth Rock|p2a: Primarina
|-sidestart|p2: SwordIsBored|move: Stealth Rock
|move|p2a: Primarina|Surf|p1a: Smile.exe
|-damage|p1a: Smile.exe|22/100
|
|upkeep
|turn|5
|
|t:|1781108889
|move|p1a: Smile.exe|Gigaton Hammer|p2a: Primarina
|-crit|p2a: Primarina
|-damage|p2a: Primarina|0 fnt
|faint|p2a: Primarina
|
|upkeep
|
|t:|1781108903
|switch|p2a: Glimmora|Glimmora, F|63/100
|-damage|p2a: Glimmora|50/100|[from] Stealth Rock
|turn|6
|
|t:|1781108916
|switch|p1a: Behemoth|Great Tusk, shiny|100/100
|move|p2a: Glimmora|Earth Power|p1a: Behemoth
|-damage|p1a: Behemoth|55/100
|
|upkeep
|turn|7
|
|t:|1781108925
|move|p1a: Behemoth|Headlong Rush|p2a: Glimmora
|-supereffective|p2a: Glimmora
|-damage|p2a: Glimmora|0 fnt
|-unboost|p1a: Behemoth|def|1
|-unboost|p1a: Behemoth|spd|1
|-activate|p2a: Glimmora|ability: Toxic Debris
|-sidestart|p1: GLOWKING AGENDA|move: Toxic Spikes
|faint|p2a: Glimmora
|
|upkeep
|
|t:|1781108934
|switch|p2a: Iron Valiant|Iron Valiant|100/100
|-damage|p2a: Iron Valiant|94/100|[from] Stealth Rock
|-enditem|p2a: Iron Valiant|Booster Energy
|-activate|p2a: Iron Valiant|ability: Quark Drive|[fromitem]
|-start|p2a: Iron Valiant|quarkdrivespe
|turn|8
|
|t:|1781108940
|move|p2a: Iron Valiant|Calm Mind|p2a: Iron Valiant
|-boost|p2a: Iron Valiant|spa|1
|-boost|p2a: Iron Valiant|spd|1
|move|p1a: Behemoth|Headlong Rush|p2a: Iron Valiant
|-damage|p2a: Iron Valiant|14/100
|-unboost|p1a: Behemoth|def|1
|-unboost|p1a: Behemoth|spd|1
|
|upkeep
|turn|9
|
|t:|1781108945
|-end|p1a: Behemoth|Protosynthesis|[silent]
|switch|p1a: Overseer|Pecharunt|100/100
|-sideend|p1: GLOWKING AGENDA|move: Toxic Spikes|[of] p1a: Overseer
|move|p2a: Iron Valiant|Shadow Ball|p1a: Overseer
|-supereffective|p1a: Overseer
|-damage|p1a: Overseer|16/100
|-unboost|p1a: Overseer|spd|1
|
|upkeep
|turn|10
|
|t:|1781108952
|move|p2a: Iron Valiant|Moonblast|p1a: Overseer
|-resisted|p1a: Overseer
|-damage|p1a: Overseer|0 fnt
|faint|p1a: Overseer
|
|upkeep
|
|t:|1781108955
|switch|p1a: Pisces|Alomomola, M, shiny|100/100
|turn|11
|
|t:|1781108968
|move|p1a: Pisces|Aqua Jet|p2a: Iron Valiant
|-damage|p2a: Iron Valiant|0 fnt
|faint|p2a: Iron Valiant
|-end|p2a: Iron Valiant|Quark Drive|[silent]
|
|upkeep
|
|t:|1781108973
|switch|p2a: Raging Bolt|Raging Bolt|100/100
|-damage|p2a: Raging Bolt|88/100|[from] Stealth Rock
|-enditem|p2a: Raging Bolt|Booster Energy
|-activate|p2a: Raging Bolt|ability: Protosynthesis|[fromitem]
|-start|p2a: Raging Bolt|protosynthesisspa
|turn|12
|
|t:|1781108975
|move|p2a: Raging Bolt|Thunderbolt|p1a: Pisces
|-supereffective|p1a: Pisces
|-damage|p1a: Pisces|37/100
|move|p1a: Pisces|Flip Turn|p2a: Raging Bolt
|-resisted|p2a: Raging Bolt
|-damage|p2a: Raging Bolt|80/100
|
|t:|1781108979
|switch|p1a: Behemoth|Great Tusk, shiny|55/100|[from] Flip Turn
|
|upkeep
|turn|13
|
|t:|1781108989
|move|p1a: Behemoth|Headlong Rush|p2a: Raging Bolt
|-supereffective|p2a: Raging Bolt
|-damage|p2a: Raging Bolt|0 fnt
|-unboost|p1a: Behemoth|def|1
|-unboost|p1a: Behemoth|spd|1
|faint|p2a: Raging Bolt
|-end|p2a: Raging Bolt|Protosynthesis|[silent]
|
|upkeep
|
|t:|1781108992
|switch|p2a: Kingambit|Kingambit, M|100/100
|-damage|p2a: Kingambit|94/100|[from] Stealth Rock
|-activate|p2a: Kingambit|ability: Supreme Overlord
|-start|p2a: Kingambit|fallen4|[silent]
|turn|14
|
|t:|1781108999
|-terastallize|p2a: Kingambit|Dark
|move|p1a: Behemoth|Close Combat|p2a: Kingambit
|-supereffective|p2a: Kingambit
|-damage|p2a: Kingambit|0 fnt
|-unboost|p1a: Behemoth|def|1
|-unboost|p1a: Behemoth|spd|1
|faint|p2a: Kingambit
|-end|p2a: Kingambit|fallen4|[silent]
|
|upkeep
|c|☆SwordIsBored|gg
|-message|SwordIsBored forfeited.
|
|win|GLOWKING AGENDA
|raw|GLOWKING AGENDA's rating: 1717 &rarr; <strong>1735</strong><br />(+18 for winning)
|raw|SwordIsBored's rating: 1685 &rarr; <strong>1667</strong><br />(-18 for losing)
|l|☆SwordIsBored
|player|p2|
|c|☆GLOWKING AGENDA|gg
|l|☆GLOWKING AGENDA
|player|p1|
