|j|☆peep the drip
|j|☆myninthsymphony
|t:|1781454255
|gametype|singles
|player|p1|peep the drip|wattson|1537
|player|p2|myninthsymphony|2|1597
|gen|9
|tier|[Gen 9] OU
|rated|
|rule|HP Percentage Mod: HP is shown in percentages
|rule|Endless Battle Clause: Forcing endless battles is banned
|rule|Species Clause: Limit one of each Pokémon
|rule|OHKO Clause: OHKO moves are banned
|rule|Evasion Items Clause: Evasion items are banned
|rule|Evasion Moves Clause: Evasion moves are banned
|rule|Evasion Abilities Clause: Evasion abilities are banned
|rule|Sleep Moves Clause: Sleep-inducing moves are banned
|clearpoke
|poke|p1|Kingambit, M|
|poke|p1|Kommo-o, F|
|poke|p1|Iron Valiant|
|poke|p1|Kyurem|
|poke|p1|Iron Treads|
|poke|p1|Iron Crown|
|poke|p2|Ogerpon-Wellspring, F|
|poke|p2|Gholdengo|
|poke|p2|Tyranitar, M|
|poke|p2|Garganacl, F|
|poke|p2|Great Tusk|
|poke|p2|Moltres|
|teampreview
|inactive|Battle timer is ON: inactive players will automatically lose when time's up. (requested by myninthsymphony)
|inactive|peep the drip also wants the timer to be on.
|
|t:|1781454285
|teamsize|p1|6
|teamsize|p2|6
|start
|switch|p1a: Iron Treads|Iron Treads|100/100
|switch|p2a: Moltres|Moltres|100/100
|-enditem|p1a: Iron Treads|Booster Energy
|-activate|p1a: Iron Treads|ability: Quark Drive|[fromitem]
|-start|p1a: Iron Treads|quarkdrivespe
|turn|1
|
|t:|1781454290
|move|p1a: Iron Treads|Stealth Rock|p2a: Moltres
|-sidestart|p2: myninthsymphony|move: Stealth Rock
|move|p2a: Moltres|Flamethrower|p1a: Iron Treads
|-supereffective|p1a: Iron Treads
|-damage|p1a: Iron Treads|11/100
|
|upkeep
|turn|2
|
|t:|1781454298
|move|p1a: Iron Treads|Endeavor|p2a: Moltres
|-damage|p2a: Moltres|11/100
|-status|p1a: Iron Treads|brn|[from] ability: Flame Body|[of] p2a: Moltres
|move|p2a: Moltres|Roar|p1a: Iron Treads
|-end|p1a: Iron Treads|Quark Drive|[silent]
|drag|p1a: Kyurem|Kyurem|100/100
|-ability|p1a: Kyurem|Pressure
|
|upkeep
|turn|3
|
|t:|1781454306
|switch|p2a: Tarizard|Tyranitar, M|100/100
|-damage|p2a: Tarizard|88/100|[from] Stealth Rock
|-weather|Sandstorm|[from] ability: Sand Stream|[of] p2a: Tarizard
|move|p1a: Kyurem|Scale Shot|p2a: Tarizard
|-damage|p2a: Tarizard|79/100
|-damage|p2a: Tarizard|68/100
|-damage|p2a: Tarizard|59/100
|-damage|p2a: Tarizard|49/100
|-damage|p2a: Tarizard|40/100
|-hitcount|p2a: Tarizard|5
|-unboost|p1a: Kyurem|def|1
|-boost|p1a: Kyurem|spe|1
|
|-weather|Sandstorm|[upkeep]
|-damage|p1a: Kyurem|94/100|[from] Sandstorm
|upkeep
|turn|4
|
|t:|1781454316
|move|p1a: Kyurem|Earth Power|p2a: Tarizard
|-supereffective|p2a: Tarizard
|-damage|p2a: Tarizard|24/100
|move|p2a: Tarizard|Low Kick|p1a: Kyurem
|-supereffective|p1a: Kyurem
|-damage|p1a: Kyurem|0 fnt
|faint|p1a: Kyurem
|
|-weather|Sandstorm|[upkeep]
|upkeep
|
|t:|1781454322
|switch|p1a: Kommo-o|Kommo-o, F|100/100
|turn|5
|
|t:|1781454332
|switch|p2a: Gargle|Garganacl, F|100/100
|-damage|p2a: Gargle|88/100|[from] Stealth Rock
|move|p1a: Kommo-o|Clangorous Soul|p1a: Kommo-o
|-boost|p1a: Kommo-o|atk|1
|-boost|p1a: Kommo-o|def|1
|-boost|p1a: Kommo-o|spa|1
|-boost|p1a: Kommo-o|spd|1
|-boost|p1a: Kommo-o|spe|1
|-damage|p1a: Kommo-o|68/100
|
|-weather|Sandstorm|[upkeep]
|-damage|p1a: Kommo-o|61/100|[from] Sandstorm
|-heal|p1a: Kommo-o|68/100|[from] item: Leftovers
|-heal|p2a: Gargle|94/100|[from] item: Leftovers
|upkeep
|turn|6
|
|t:|1781454339
|-terastallize|p2a: Gargle|Fairy
|move|p1a: Kommo-o|Substitute|p1a: Kommo-o
|-start|p1a: Kommo-o|Substitute
|-damage|p1a: Kommo-o|43/100
|move|p2a: Gargle|Salt Cure|p1a: Kommo-o
|-resisted|p1a: Kommo-o
|-activate|p1a: Kommo-o|move: Substitute|[damage]
|
|-weather|Sandstorm|[upkeep]
|-damage|p1a: Kommo-o|36/100|[from] Sandstorm
|-damage|p2a: Gargle|88/100|[from] Sandstorm
|-heal|p1a: Kommo-o|43/100|[from] item: Leftovers
|-heal|p2a: Gargle|94/100|[from] item: Leftovers
|upkeep
|turn|7
|
|t:|1781454346
|move|p1a: Kommo-o|Drain Punch|p2a: Gargle
|-resisted|p2a: Gargle
|-damage|p2a: Gargle|84/100
|-heal|p1a: Kommo-o|49/100|[from] drain|[of] p2a: Gargle
|move|p2a: Gargle|Body Press|p1a: Kommo-o
|-activate|p1a: Kommo-o|move: Substitute|[damage]
|
|-weather|none
|-heal|p1a: Kommo-o|55/100|[from] item: Leftovers
|-heal|p2a: Gargle|90/100|[from] item: Leftovers
|upkeep
|turn|8
|
|t:|1781454359
|move|p1a: Kommo-o|Drain Punch|p2a: Gargle
|-resisted|p2a: Gargle
|-damage|p2a: Gargle|79/100
|-heal|p1a: Kommo-o|61/100|[from] drain|[of] p2a: Gargle
|move|p2a: Gargle|Body Press|p1a: Kommo-o
|-end|p1a: Kommo-o|Substitute
|
|-heal|p1a: Kommo-o|68/100|[from] item: Leftovers
|-heal|p2a: Gargle|85/100|[from] item: Leftovers
|upkeep
|turn|9
|
|t:|1781454364
|move|p1a: Kommo-o|Substitute|p1a: Kommo-o
|-start|p1a: Kommo-o|Substitute
|-damage|p1a: Kommo-o|43/100
|move|p2a: Gargle|Body Press|p1a: Kommo-o
|-activate|p1a: Kommo-o|move: Substitute|[damage]
|
|-heal|p1a: Kommo-o|49/100|[from] item: Leftovers
|-heal|p2a: Gargle|91/100|[from] item: Leftovers
|upkeep
|turn|10
|
|t:|1781454375
|switch|p1a: Iron Crown|Iron Crown|100/100
|-enditem|p1a: Iron Crown|Booster Energy
|-activate|p1a: Iron Crown|ability: Quark Drive|[fromitem]
|-start|p1a: Iron Crown|quarkdrivespe
|move|p2a: Gargle|Body Press|p1a: Iron Crown
|-damage|p1a: Iron Crown|70/100
|
|-heal|p2a: Gargle|98/100|[from] item: Leftovers
|upkeep
|turn|11
|
|t:|1781454384
|move|p1a: Iron Crown|Tachyon Cutter|p2a: Gargle
|-supereffective|p2a: Gargle
|-damage|p2a: Gargle|56/100
|-supereffective|p2a: Gargle
|-damage|p2a: Gargle|14/100
|-hitcount|p2a: Gargle|2
|move|p2a: Gargle|Salt Cure|p1a: Iron Crown
|-resisted|p1a: Iron Crown
|-damage|p1a: Iron Crown|64/100
|-start|p1a: Iron Crown|Salt Cure
|
|-heal|p2a: Gargle|21/100|[from] item: Leftovers
|-damage|p1a: Iron Crown|39/100|[from] Salt Cure
|upkeep
|turn|12
|
|t:|1781454389
|move|p2a: Gargle|Protect|p2a: Gargle
|-singleturn|p2a: Gargle|Protect
|move|p1a: Iron Crown|Calm Mind|p1a: Iron Crown
|-boost|p1a: Iron Crown|spa|1
|-boost|p1a: Iron Crown|spd|1
|
|-heal|p2a: Gargle|27/100|[from] item: Leftovers
|-damage|p1a: Iron Crown|14/100|[from] Salt Cure
|upkeep
|turn|13
|
|t:|1781454397
|switch|p2a: Moltres|Moltres|11/100
|move|p1a: Iron Crown|Tachyon Cutter|p2a: Moltres
|-resisted|p2a: Moltres
|-damage|p2a: Moltres|0 fnt
|faint|p2a: Moltres
|-hitcount|p2: Moltres|1
|
|-damage|p1a: Iron Crown|0 fnt|[from] Salt Cure
|faint|p1a: Iron Crown
|-end|p1a: Iron Crown|Quark Drive|[silent]
|upkeep
|
|t:|1781454402
|switch|p1a: Iron Valiant|Iron Valiant|100/100
|switch|p2a: Donfan|Great Tusk|100/100
|-enditem|p1a: Iron Valiant|Booster Energy
|-activate|p1a: Iron Valiant|ability: Quark Drive|[fromitem]
|-start|p1a: Iron Valiant|quarkdrivespe
|turn|14
|
|t:|1781454410
|move|p1a: Iron Valiant|Moonblast|p2a: Donfan
|-supereffective|p2a: Donfan
|-damage|p2a: Donfan|0 fnt
|faint|p2a: Donfan
|-end|p2a: Donfan|Protosynthesis|[silent]
|
|upkeep
|
|t:|1781454414
|switch|p2a: Shiny|Gholdengo, shiny|100/100
|-damage|p2a: Shiny|94/100|[from] Stealth Rock
|-item|p2a: Shiny|Air Balloon
|turn|15
|
|t:|1781454417
|-terastallize|p1a: Iron Valiant|Ghost
|move|p1a: Iron Valiant|Shadow Ball|p2a: Shiny
|-supereffective|p2a: Shiny
|-damage|p2a: Shiny|0 fnt
|-enditem|p2a: Shiny|Air Balloon
|faint|p2a: Shiny
|
|upkeep
|-message|myninthsymphony forfeited.
|
|win|peep the drip
|raw|peep the drip's rating: 1537 &rarr; <strong>1560</strong><br />(+23 for winning)
|raw|myninthsymphony's rating: 1597 &rarr; <strong>1574</strong><br />(-23 for losing)
|l|☆myninthsymphony
|player|p2|
|l|☆peep the drip
|player|p1|
