|j|☆CDPGuillaume
|j|☆DiceyRice
|t:|1781523232
|gametype|singles
|player|p1|CDPGuillaume|102|1718
|player|p2|DiceyRice|miku-ghost|1609
|gen|9
|tier|[Gen 9] OU
|rated|
|rule|HP Percentage Mod: HP is shown in percentages
|rule|Endless Battle Clause: Forcing endless battles is banned
|rule|Species Clause: Limit one of each Pokémon
|rule|OHKO Clause: OHKO moves are banned
|rule|Evasion Items Clause: Evasion items are banned
|rule|Evasion Moves Clause: Evasion moves are banned
|rule|Evasion Abilities Clause: Evasion abilities are banned
|rule|Sleep Moves Clause: Sleep-inducing moves are banned
|clearpoke
|poke|p1|Iron Hands|
|poke|p1|Pecharunt|
|poke|p1|Kingambit, F|
|poke|p1|Rillaboom, M|
|poke|p1|Kyurem|
|poke|p1|Cinderace, F|
|poke|p2|Excadrill, M|
|poke|p2|Clefable, M|
|poke|p2|Keldeo-Resolute|
|poke|p2|Sinistcha|
|poke|p2|Dragonite, F|
|poke|p2|Cinderace, F|
|teampreview
|j| peeekapeee
|c| peeekapeee|Yea take ur time. Can fight tomorrow as well.
|inactive|Battle timer is ON: inactive players will automatically lose when time's up. (requested by DiceyRice)
|c|☆CDPGuillaume|sorry
|inactive|CDPGuillaume has 120 seconds left.
|
|t:|1781523343
|teamsize|p1|6
|teamsize|p2|6
|start
|switch|p1a: Rillaboom|Rillaboom, M|100/100
|switch|p2a: Cinderace|Cinderace, F|100/100
|-fieldstart|move: Grassy Terrain|[from] ability: Grassy Surge|[of] p1a: Rillaboom
|turn|1
|
|t:|1781523350
|switch|p1a: Cinderace|Cinderace, F|100/100
|move|p2a: Cinderace|Pyro Ball|p1a: Cinderace
|-resisted|p1a: Cinderace
|-damage|p1a: Cinderace|58/100
|
|-heal|p1a: Cinderace|64/100|[from] Grassy Terrain
|upkeep
|turn|2
|
|t:|1781523355
|move|p2a: Cinderace|Gunk Shot|p1a: Cinderace
|-start|p2a: Cinderace|typechange|Poison|[from] ability: Libero
|-damage|p1a: Cinderace|0 fnt
|faint|p1a: Cinderace
|
|upkeep
|
|t:|1781523366
|switch|p1a: Kyurem|Kyurem|100/100
|-ability|p1a: Kyurem|Pressure
|turn|3
|
|t:|1781523374
|switch|p2a: Clefable|Clefable, M|100/100
|move|p1a: Kyurem|Ice Beam|p2a: Clefable
|-damage|p2a: Clefable|34/100
|
|-heal|p2a: Clefable|40/100|[from] Grassy Terrain
|-heal|p2a: Clefable|46/100|[from] item: Leftovers
|upkeep
|turn|4
|
|t:|1781523380
|switch|p1a: Rillaboom|Rillaboom, M|100/100
|switch|p2a: Keldeo|Keldeo-Resolute|100/100
|
|upkeep
|turn|5
|
|t:|1781523385
|switch|p2a: Sinistcha|Sinistcha|100/100
|move|p1a: Rillaboom|Wood Hammer|p2a: Sinistcha
|-resisted|p2a: Sinistcha
|-damage|p2a: Sinistcha|55/100
|-damage|p1a: Rillaboom|85/100|[from] Recoil
|
|-heal|p1a: Rillaboom|91/100|[from] Grassy Terrain
|-heal|p2a: Sinistcha|61/100|[from] Grassy Terrain
|-fieldend|move: Grassy Terrain
|upkeep
|turn|6
|
|t:|1781523391
|switch|p1a: Kyurem|Kyurem|100/100
|-ability|p1a: Kyurem|Pressure
|move|p2a: Sinistcha|Stun Spore|p1a: Kyurem|[miss]
|-miss|p2a: Sinistcha|p1a: Kyurem
|
|upkeep
|turn|7
|
|t:|1781523399
|move|p1a: Kyurem|Freeze-Dry|p2a: Sinistcha
|-supereffective|p2a: Sinistcha
|-crit|p2a: Sinistcha
|-damage|p2a: Sinistcha|0 fnt
|faint|p2a: Sinistcha
|
|upkeep
|
|t:|1781523403
|switch|p2a: Cinderace|Cinderace, F|100/100
|turn|8
|
|t:|1781523412
|switch|p2a: Excadrill|Excadrill, M|100/100
|-ability|p2a: Excadrill|Mold Breaker
|switch|p1a: Pecharunt|Pecharunt|100/100
|
|upkeep
|turn|9
|
|t:|1781523417
|switch|p1a: Rillaboom|Rillaboom, M|91/100
|-fieldstart|move: Grassy Terrain|[from] ability: Grassy Surge|[of] p1a: Rillaboom
|move|p2a: Excadrill|Swords Dance|p2a: Excadrill
|-boost|p2a: Excadrill|atk|2
|
|-heal|p1a: Rillaboom|98/100|[from] Grassy Terrain
|upkeep
|turn|10
|inactive|CDPGuillaume has 120 seconds left.
|j| testingrainteam1
|
|t:|1781523455
|move|p1a: Rillaboom|Grassy Glide|p2a: Excadrill
|-damage|p2a: Excadrill|11/100
|move|p2a: Excadrill|Iron Head|p1a: Rillaboom
|-damage|p1a: Rillaboom|23/100
|
|-heal|p2a: Excadrill|17/100|[from] Grassy Terrain
|-heal|p2a: Excadrill|23/100|[from] item: Leftovers
|-heal|p1a: Rillaboom|29/100|[from] Grassy Terrain
|upkeep
|turn|11
|l| testingrainteam1
|
|t:|1781523471
|switch|p2a: Dragonite|Dragonite, F|100/100
|move|p1a: Rillaboom|Grassy Glide|p2a: Dragonite
|-resisted|p2a: Dragonite
|-damage|p2a: Dragonite|94/100
|
|-heal|p1a: Rillaboom|35/100|[from] Grassy Terrain
|upkeep
|turn|12
|
|t:|1781523481
|switch|p1a: Pecharunt|Pecharunt|100/100
|switch|p2a: Excadrill|Excadrill, M|23/100
|-ability|p2a: Excadrill|Mold Breaker
|
|-heal|p2a: Excadrill|29/100|[from] Grassy Terrain
|-heal|p2a: Excadrill|35/100|[from] item: Leftovers
|upkeep
|turn|13
|
|t:|1781523489
|move|p2a: Excadrill|Earthquake|p1a: Pecharunt
|-supereffective|p1a: Pecharunt
|-damage|p1a: Pecharunt|67/100
|move|p1a: Pecharunt|Shadow Ball|p2a: Excadrill
|-crit|p2a: Excadrill
|-damage|p2a: Excadrill|0 fnt
|faint|p2a: Excadrill
|
|-heal|p1a: Pecharunt|73/100|[from] Grassy Terrain
|-fieldend|move: Grassy Terrain
|upkeep
|
|t:|1781523494
|switch|p2a: Keldeo|Keldeo-Resolute|100/100
|turn|14
|
|t:|1781523497
|move|p2a: Keldeo|Surf|p1a: Pecharunt
|-damage|p1a: Pecharunt|18/100
|move|p1a: Pecharunt|Malignant Chain|p2a: Keldeo
|-damage|p2a: Keldeo|63/100
|-status|p2a: Keldeo|tox
|-start|p2a: Keldeo|confusion|[from] ability: Poison Puppeteer|[of] p1a: Pecharunt
|
|-damage|p2a: Keldeo|57/100 tox|[from] psn
|upkeep
|turn|15
|
|t:|1781523500
|-activate|p2a: Keldeo|confusion
|-damage|p2a: Keldeo|52/100 tox|[from] confusion
|move|p1a: Pecharunt|Malignant Chain|p2a: Keldeo
|-damage|p2a: Keldeo|15/100 tox
|
|-damage|p2a: Keldeo|3/100 tox|[from] psn
|upkeep
|turn|16
|
|t:|1781523507
|-end|p2a: Keldeo|confusion
|move|p2a: Keldeo|Surf|p1a: Pecharunt
|-damage|p1a: Pecharunt|0 fnt
|faint|p1a: Pecharunt
|
|-damage|p2a: Keldeo|0 fnt|[from] psn
|faint|p2a: Keldeo
|upkeep
|
|t:|1781523516
|switch|p2a: Cinderace|Cinderace, F|100/100
|switch|p1a: Iron Hands|Iron Hands|100/100
|turn|17
|
|t:|1781523525
|move|p2a: Cinderace|Pyro Ball|p1a: Iron Hands|[miss]
|-miss|p2a: Cinderace|p1a: Iron Hands
|move|p1a: Iron Hands|Earthquake|p2a: Cinderace
|-supereffective|p2a: Cinderace
|-damage|p2a: Cinderace|0 fnt
|faint|p2a: Cinderace
|
|upkeep
|
|t:|1781523527
|switch|p2a: Clefable|Clefable, M|46/100
|turn|18
|
|t:|1781523533
|-end|p1a: Iron Hands|Quark Drive|[silent]
|switch|p1a: Rillaboom|Rillaboom, M|35/100
|-fieldstart|move: Grassy Terrain|[from] ability: Grassy Surge|[of] p1a: Rillaboom
|move|p2a: Clefable|Stealth Rock|p1a: Rillaboom
|-sidestart|p1: CDPGuillaume|move: Stealth Rock
|
|-heal|p1a: Rillaboom|41/100|[from] Grassy Terrain
|-heal|p2a: Clefable|52/100|[from] Grassy Terrain
|-heal|p2a: Clefable|58/100|[from] item: Leftovers
|upkeep
|turn|19
|
|t:|1781523541
|move|p1a: Rillaboom|Wood Hammer|p2a: Clefable
|-damage|p2a: Clefable|0 fnt
|faint|p2a: Clefable
|-damage|p1a: Rillaboom|19/100|[from] Recoil
|
|-heal|p1a: Rillaboom|25/100|[from] Grassy Terrain
|upkeep
|
|t:|1781523544
|switch|p2a: Dragonite|Dragonite, F|94/100
|turn|20
|
|t:|1781523545
|switch|p1a: Iron Hands|Iron Hands|100/100
|-damage|p1a: Iron Hands|94/100|[from] Stealth Rock
|move|p2a: Dragonite|Dragon Dance|p2a: Dragonite
|-boost|p2a: Dragonite|atk|1
|-boost|p2a: Dragonite|spe|1
|
|-heal|p1a: Iron Hands|100/100|[from] Grassy Terrain
|upkeep
|turn|21
|
|t:|1781523551
|-terastallize|p2a: Dragonite|Normal
|move|p2a: Dragonite|Dragon Dance|p2a: Dragonite
|-boost|p2a: Dragonite|atk|1
|-boost|p2a: Dragonite|spe|1
|move|p1a: Iron Hands|Ice Punch|p2a: Dragonite
|-damage|p2a: Dragonite|65/100
|-status|p2a: Dragonite|frz
|
|-heal|p2a: Dragonite|71/100 frz|[from] Grassy Terrain
|upkeep
|turn|22
|
|t:|1781523554
|cant|p2a: Dragonite|frz
|move|p1a: Iron Hands|Drain Punch|p2a: Dragonite
|-supereffective|p2a: Dragonite
|-damage|p2a: Dragonite|0 fnt
|faint|p2a: Dragonite
|
|win|CDPGuillaume
|raw|CDPGuillaume's rating: 1718 &rarr; <strong>1732</strong><br />(+14 for winning)
|raw|DiceyRice's rating: 1609 &rarr; <strong>1595</strong><br />(-14 for losing)
|l|☆DiceyRice
|player|p2|
|l|☆CDPGuillaume
|player|p1|
|c| peeekapeee|Ah crap
