|j|☆barbordor
|j|☆Klopple
|t:|1781156289
|gametype|singles
|player|p1|barbordor|169|1509
|player|p2|Klopple|sailor|1580
|gen|9
|tier|[Gen 9] OU
|rated|
|rule|HP Percentage Mod: HP is shown in percentages
|rule|Endless Battle Clause: Forcing endless battles is banned
|rule|Species Clause: Limit one of each Pokémon
|rule|OHKO Clause: OHKO moves are banned
|rule|Evasion Items Clause: Evasion items are banned
|rule|Evasion Moves Clause: Evasion moves are banned
|rule|Evasion Abilities Clause: Evasion abilities are banned
|rule|Sleep Moves Clause: Sleep-inducing moves are banned
|clearpoke
|poke|p1|Ceruledge, M|
|poke|p1|Breloom, M|
|poke|p1|Dragonite, F|
|poke|p1|Kingambit, M|
|poke|p1|Great Tusk|
|poke|p1|Weavile, F|
|poke|p2|Arboliva, F|
|poke|p2|Gliscor, M|
|poke|p2|Iron Crown|
|poke|p2|Zamazenta-*|
|poke|p2|Hatterene, F|
|poke|p2|Dragonite, M|
|teampreview
|inactive|Battle timer is ON: inactive players will automatically lose when time's up. (requested by barbordor)
|
|t:|1781156312
|teamsize|p1|6
|teamsize|p2|6
|start
|switch|p1a: Weavile|Weavile, F|100/100
|switch|p2a: Arboliva|Arboliva, F|100/100
|-ability|p1a: Weavile|Pressure
|turn|1
|
|t:|1781156323
|move|p2a: Arboliva|Endure|p2a: Arboliva
|-singleturn|p2a: Arboliva|move: Endure
|move|p1a: Weavile|Swords Dance|p1a: Weavile
|-boost|p1a: Weavile|atk|2
|
|upkeep
|turn|2
|
|t:|1781156333
|move|p2a: Arboliva|Endure||[still]
|-fail|p2a: Arboliva
|move|p1a: Weavile|Beat Up|p2a: Arboliva
|-damage|p2a: Arboliva|84/100
|-damage|p2a: Arboliva|64/100
|-damage|p2a: Arboliva|46/100
|-damage|p2a: Arboliva|28/100
|-damage|p2a: Arboliva|9/100
|-crit|p2a: Arboliva
|-damage|p2a: Arboliva|0 fnt
|faint|p2a: Arboliva
|-hitcount|p2: Arboliva|6
|
|upkeep
|
|t:|1781156344
|switch|p2a: Zamazenta|Zamazenta|100/100
|-ability|p2a: Zamazenta|Dauntless Shield|boost
|-boost|p2a: Zamazenta|def|1
|turn|3
|
|t:|1781156350
|move|p2a: Zamazenta|Close Combat|p1a: Weavile
|-supereffective|p1a: Weavile
|-enditem|p1a: Weavile|Focus Sash
|-damage|p1a: Weavile|1/100
|-unboost|p2a: Zamazenta|def|1
|-unboost|p2a: Zamazenta|spd|1
|move|p1a: Weavile|Triple Axel|p2a: Zamazenta
|-damage|p2a: Zamazenta|83/100
|-damage|p2a: Zamazenta|48/100
|-damage|p2a: Zamazenta|0 fnt
|faint|p2a: Zamazenta
|-hitcount|p2: Zamazenta|3
|
|upkeep
|
|t:|1781156355
|switch|p2a: Dragonite|Dragonite, M|100/100
|turn|4
|
|t:|1781156360
|switch|p1a: Ceruledge|Ceruledge, M|100/100
|move|p2a: Dragonite|Extreme Speed|p1a: Ceruledge
|-immune|p1a: Ceruledge
|
|upkeep
|turn|5
|
|t:|1781156366
|move|p1a: Ceruledge|Swords Dance|p1a: Ceruledge
|-boost|p1a: Ceruledge|atk|2
|move|p2a: Dragonite|Dragon Tail|p1a: Ceruledge
|-damage|p1a: Ceruledge|50/100
|-ability|p1a: Ceruledge|Weak Armor|boost
|-unboost|p1a: Ceruledge|def|1
|-boost|p1a: Ceruledge|spe|2
|drag|p1a: Great Tusk|Great Tusk|100/100
|-enditem|p1a: Great Tusk|Booster Energy
|-activate|p1a: Great Tusk|ability: Protosynthesis|[fromitem]
|-start|p1a: Great Tusk|protosynthesisatk
|
|upkeep
|turn|6
|
|t:|1781156375
|switch|p2a: Hatterene|Hatterene, F|100/100
|move|p1a: Great Tusk|Rapid Spin|p2a: Hatterene
|-damage|p2a: Hatterene|83/100
|-boost|p1a: Great Tusk|spe|1
|-damage|p1a: Great Tusk|84/100|[from] item: Rocky Helmet|[of] p2a: Hatterene
|
|upkeep
|turn|7
|
|t:|1781156384
|move|p1a: Great Tusk|Headlong Rush|p2a: Hatterene
|-damage|p2a: Hatterene|15/100
|-unboost|p1a: Great Tusk|def|1
|-unboost|p1a: Great Tusk|spd|1
|-damage|p1a: Great Tusk|68/100|[from] item: Rocky Helmet|[of] p2a: Hatterene
|move|p2a: Hatterene|Draining Kiss|p1a: Great Tusk
|-supereffective|p1a: Great Tusk
|-damage|p1a: Great Tusk|0 fnt
|-heal|p2a: Hatterene|73/100|[from] drain|[of] p1a: Great Tusk
|faint|p1a: Great Tusk
|-end|p1a: Great Tusk|Protosynthesis|[silent]
|
|upkeep
|
|t:|1781156391
|switch|p1a: Ceruledge|Ceruledge, M|50/100
|turn|8
|
|t:|1781156396
|switch|p2a: Dragonite|Dragonite, M|100/100
|move|p1a: Ceruledge|Bitter Blade|p2a: Dragonite
|-resisted|p2a: Dragonite
|-damage|p2a: Dragonite|90/100
|-heal|p1a: Ceruledge|57/100|[from] drain|[of] p2a: Dragonite
|
|upkeep
|turn|9
|
|t:|1781156402
|move|p1a: Ceruledge|Destiny Bond|p1a: Ceruledge
|-singlemove|p1a: Ceruledge|Destiny Bond
|move|p2a: Dragonite|Earthquake|p1a: Ceruledge
|-supereffective|p1a: Ceruledge
|-damage|p1a: Ceruledge|0 fnt
|faint|p1a: Ceruledge
|-activate|p1a: Ceruledge|move: Destiny Bond
|faint|p2a: Dragonite
|
|upkeep
|
|t:|1781156409
|switch|p1a: Weavile|Weavile, F|1/100
|switch|p2a: Gliscor|Gliscor, M|100/100
|-ability|p1a: Weavile|Pressure
|turn|10
|
|t:|1781156435
|move|p1a: Weavile|Swords Dance|p1a: Weavile
|-boost|p1a: Weavile|atk|2
|move|p2a: Gliscor|Knock Off|p1a: Weavile
|-resisted|p1a: Weavile
|-damage|p1a: Weavile|0 fnt
|faint|p1a: Weavile
|
|-status|p2a: Gliscor|tox|[from] item: Toxic Orb
|upkeep
|
|t:|1781156444
|switch|p1a: Breloom|Breloom, M|100/100
|turn|11
|inactive|Klopple has 120 seconds left.
|
|t:|1781156484
|switch|p2a: Iron Crown|Iron Crown|100/100
|move|p1a: Breloom|Bullet Seed|p2a: Iron Crown
|-resisted|p2a: Iron Crown
|-damage|p2a: Iron Crown|88/100
|-resisted|p2a: Iron Crown
|-damage|p2a: Iron Crown|77/100
|-resisted|p2a: Iron Crown
|-damage|p2a: Iron Crown|66/100
|-resisted|p2a: Iron Crown
|-damage|p2a: Iron Crown|56/100
|-hitcount|p2a: Iron Crown|4
|
|upkeep
|turn|12
|
|t:|1781156507
|move|p2a: Iron Crown|Tachyon Cutter|p1a: Breloom
|-damage|p1a: Breloom|50/100
|-damage|p1a: Breloom|0 fnt
|faint|p1a: Breloom
|-hitcount|p1: Breloom|2
|
|upkeep
|
|t:|1781156514
|switch|p1a: Kingambit|Kingambit, M|100/100
|-activate|p1a: Kingambit|ability: Supreme Overlord
|-start|p1a: Kingambit|fallen4|[silent]
|-item|p1a: Kingambit|Air Balloon
|turn|13
|inactive|Klopple has 90 seconds left.
|
|t:|1781156536
|-terastallize|p2a: Iron Crown|Fighting
|move|p2a: Iron Crown|Volt Switch|p1a: Kingambit
|-damage|p1a: Kingambit|76/100
|-enditem|p1a: Kingambit|Air Balloon
|inactive|Klopple has 90 seconds left.
|
|t:|1781156541
|-end|p2a: Iron Crown|Quark Drive|[silent]
|switch|p2a: Gliscor|Gliscor, M|100/100 tox|[from] Volt Switch
|move|p1a: Kingambit|Swords Dance|p1a: Kingambit
|-boost|p1a: Kingambit|atk|2
|
|upkeep
|turn|14
|
|t:|1781156547
|move|p2a: Gliscor|Earthquake|p1a: Kingambit
|-supereffective|p1a: Kingambit
|-damage|p1a: Kingambit|25/100
|move|p1a: Kingambit|Kowtow Cleave|p2a: Gliscor
|-damage|p2a: Gliscor|0 fnt
|faint|p2a: Gliscor
|
|upkeep
|
|t:|1781156554
|switch|p2a: Iron Crown|Iron Crown, tera:Fighting|56/100
|turn|15
|
|t:|1781156568
|-end|p2a: Iron Crown|Quark Drive|[silent]
|switch|p2a: Hatterene|Hatterene, F|73/100
|move|p1a: Kingambit|Sucker Punch||[still]
|-fail|p1a: Kingambit
|
|upkeep
|turn|16
|
|t:|1781156574
|move|p1a: Kingambit|Kowtow Cleave|p2a: Hatterene
|-damage|p2a: Hatterene|0 fnt
|-damage|p1a: Kingambit|9/100|[from] item: Rocky Helmet|[of] p2a: Hatterene
|faint|p2a: Hatterene
|
|upkeep
|
|t:|1781156576
|switch|p2a: Iron Crown|Iron Crown, tera:Fighting|56/100
|turn|17
|
|t:|1781156580
|move|p1a: Kingambit|Sucker Punch|p2a: Iron Crown
|-resisted|p2a: Iron Crown
|-damage|p2a: Iron Crown|0 fnt
|faint|p2a: Iron Crown
|-end|p2a: Iron Crown|Quark Drive|[silent]
|
|win|barbordor
|raw|barbordor's rating: 1509 &rarr; <strong>1533</strong><br />(+24 for winning)
|raw|Klopple's rating: 1580 &rarr; <strong>1556</strong><br />(-24 for losing)
|l|☆Klopple
|player|p2|
|l|☆barbordor
|player|p1|
