|j|☆msean3
|j|☆wubbybubbyjr
|t:|1781125745
|gametype|singles
|player|p1|msean3|170|1716
|player|p2|wubbybubbyjr|preschooler|1734
|gen|9
|tier|[Gen 9] OU
|rated|
|rule|HP Percentage Mod: HP is shown in percentages
|rule|Endless Battle Clause: Forcing endless battles is banned
|rule|Species Clause: Limit one of each Pokémon
|rule|OHKO Clause: OHKO moves are banned
|rule|Evasion Items Clause: Evasion items are banned
|rule|Evasion Moves Clause: Evasion moves are banned
|rule|Evasion Abilities Clause: Evasion abilities are banned
|rule|Sleep Moves Clause: Sleep-inducing moves are banned
|clearpoke
|poke|p1|Iron Valiant|
|poke|p1|Excadrill, F|
|poke|p1|Tyranitar, M|
|poke|p1|Tornadus-Therian, M|
|poke|p1|Ogerpon-Cornerstone, F|
|poke|p1|Toxapex, F|
|poke|p2|Darkrai|
|poke|p2|Deoxys-Speed|
|poke|p2|Gholdengo|
|poke|p2|Great Tusk|
|poke|p2|Ogerpon-Wellspring, F|
|poke|p2|Dragonite, F|
|teampreview
|inactive|Battle timer is ON: inactive players will automatically lose when time's up. (requested by wubbybubbyjr)
|inactive|wubbybubbyjr has 120 seconds left.
|
|t:|1781125781
|teamsize|p1|6
|teamsize|p2|6
|start
|switch|p1a: Ogerpon|Ogerpon-Cornerstone, F|100/100
|switch|p2a: Capone|Ogerpon-Wellspring, F|100/100
|turn|1
|j| Hakone Outbound
|
|t:|1781125786
|switch|p1a: Toxapex|Toxapex, F|100/100
|move|p2a: Capone|U-turn|p1a: Toxapex
|-resisted|p1a: Toxapex
|-damage|p1a: Toxapex|91/100
|-enditem|p1a: Toxapex|Eject Button
|
|t:|1781125789
|switch|p1a: Tornadus|Tornadus-Therian, M|100/100
|
|upkeep
|turn|2
|
|t:|1781125794
|switch|p2a: Lightning Mcqueen|Deoxys-Speed|100/100
|-ability|p2a: Lightning Mcqueen|Pressure
|move|p1a: Tornadus|Heat Wave|p2a: Lightning Mcqueen
|-damage|p2a: Lightning Mcqueen|28/100
|
|upkeep
|turn|3
|
|t:|1781125798
|move|p2a: Lightning Mcqueen|Stealth Rock|p1a: Tornadus
|-sidestart|p1: msean3|move: Stealth Rock
|move|p1a: Tornadus|Heat Wave|p2a: Lightning Mcqueen
|-damage|p2a: Lightning Mcqueen|0 fnt
|faint|p2a: Lightning Mcqueen
|
|upkeep
|
|t:|1781125806
|switch|p2a: Sheister|Darkrai|100/100
|turn|4
|
|t:|1781125810
|switch|p1a: Tyranitar|Tyranitar, M|100/100
|-damage|p1a: Tyranitar|88/100|[from] Stealth Rock
|-weather|Sandstorm|[from] ability: Sand Stream|[of] p1a: Tyranitar
|move|p2a: Sheister|Ice Beam|p1a: Tyranitar
|-damage|p1a: Tyranitar|58/100
|
|-weather|Sandstorm|[upkeep]
|-damage|p2a: Sheister|94/100|[from] Sandstorm
|upkeep
|turn|5
|
|t:|1781125815
|switch|p2a: Big Slappa|Great Tusk|100/100
|move|p1a: Tyranitar|Stealth Rock|p2a: Big Slappa
|-sidestart|p2: wubbybubbyjr|move: Stealth Rock
|
|-weather|Sandstorm|[upkeep]
|upkeep
|turn|6
|
|t:|1781125820
|switch|p1a: Iron Valiant|Iron Valiant|100/100
|-damage|p1a: Iron Valiant|94/100|[from] Stealth Rock
|move|p2a: Big Slappa|Knock Off|p1a: Iron Valiant
|-resisted|p1a: Iron Valiant
|-damage|p1a: Iron Valiant|83/100
|-enditem|p1a: Iron Valiant|Choice Specs|[from] move: Knock Off|[of] p2a: Big Slappa
|
|-weather|Sandstorm|[upkeep]
|-damage|p1a: Iron Valiant|77/100|[from] Sandstorm
|upkeep
|turn|7
|
|t:|1781125825
|-terastallize|p2a: Big Slappa|Steel
|move|p1a: Iron Valiant|Moonblast|p2a: Big Slappa
|-resisted|p2a: Big Slappa
|-damage|p2a: Big Slappa|62/100
|-unboost|p2a: Big Slappa|spa|1
|move|p2a: Big Slappa|Rapid Spin|p1a: Iron Valiant
|-damage|p1a: Iron Valiant|53/100
|-boost|p2a: Big Slappa|spe|1
|-sideend|p2: wubbybubbyjr|Stealth Rock|[from] move: Rapid Spin|[of] p2a: Big Slappa
|
|-weather|Sandstorm|[upkeep]
|-damage|p1a: Iron Valiant|47/100|[from] Sandstorm
|upkeep
|turn|8
|
|t:|1781125831
|move|p1a: Iron Valiant|Vacuum Wave|p2a: Big Slappa
|-supereffective|p2a: Big Slappa
|-damage|p2a: Big Slappa|2/100
|move|p2a: Big Slappa|Headlong Rush|p1a: Iron Valiant
|-damage|p1a: Iron Valiant|0 fnt
|-unboost|p2a: Big Slappa|def|1
|-unboost|p2a: Big Slappa|spd|1
|faint|p1a: Iron Valiant
|-end|p1a: Iron Valiant|Quark Drive|[silent]
|
|-weather|Sandstorm|[upkeep]
|upkeep
|
|t:|1781125833
|switch|p1a: Excadrill|Excadrill, F|100/100
|-damage|p1a: Excadrill|97/100|[from] Stealth Rock
|turn|9
|
|t:|1781125839
|move|p1a: Excadrill|Rapid Spin|p2a: Big Slappa
|-resisted|p2a: Big Slappa
|-crit|p2a: Big Slappa
|-damage|p2a: Big Slappa|0 fnt
|-boost|p1a: Excadrill|spe|1
|-sideend|p1: msean3|Stealth Rock|[from] move: Rapid Spin|[of] p1a: Excadrill
|faint|p2a: Big Slappa
|-end|p2a: Big Slappa|Protosynthesis|[silent]
|
|-weather|Sandstorm|[upkeep]
|-heal|p1a: Excadrill|100/100|[from] item: Leftovers
|upkeep
|
|t:|1781125843
|switch|p2a: Xonks|Dragonite, F|100/100
|turn|10
|
|t:|1781125848
|move|p1a: Excadrill|Substitute|p1a: Excadrill
|-start|p1a: Excadrill|Substitute
|-damage|p1a: Excadrill|76/100
|move|p2a: Xonks|Earthquake|p1a: Excadrill
|-supereffective|p1a: Excadrill
|-end|p1a: Excadrill|Substitute
|
|-weather|Sandstorm|[upkeep]
|-damage|p2a: Xonks|94/100|[from] Sandstorm
|-heal|p1a: Excadrill|82/100|[from] item: Leftovers
|upkeep
|turn|11
|
|t:|1781125853
|switch|p1a: Tornadus|Tornadus-Therian, M|100/100
|move|p2a: Xonks|Dragon Dance|p2a: Xonks
|-boost|p2a: Xonks|atk|1
|-boost|p2a: Xonks|spe|1
|
|-weather|none
|upkeep
|turn|12
|
|t:|1781125856
|move|p2a: Xonks|Ice Spinner|p1a: Tornadus
|-supereffective|p1a: Tornadus
|-damage|p1a: Tornadus|0 fnt
|faint|p1a: Tornadus
|
|upkeep
|
|t:|1781125859
|switch|p1a: Ogerpon|Ogerpon-Cornerstone, F|100/100
|turn|13
|
|t:|1781125867
|switch|p2a: Golden Child|Gholdengo|100/100
|move|p1a: Ogerpon|Ivy Cudgel|p2a: Golden Child|[anim] Ivy Cudgel Rock
|-resisted|p2a: Golden Child
|-damage|p2a: Golden Child|65/100
|
|upkeep
|turn|14
|
|t:|1781125871
|switch|p1a: Toxapex|Toxapex, F|100/100
|move|p2a: Golden Child|Make It Rain|p1a: Toxapex
|-resisted|p1a: Toxapex
|-damage|p1a: Toxapex|80/100
|-unboost|p2a: Golden Child|spa|1
|
|upkeep
|turn|15
|
|t:|1781125876
|switch|p2a: Sheister|Darkrai|94/100
|move|p1a: Toxapex|Toxic Spikes|p2a: Sheister
|-sidestart|p2: wubbybubbyjr|move: Toxic Spikes
|
|upkeep
|turn|16
|
|t:|1781125883
|move|p2a: Sheister|Ice Beam|p1a: Toxapex
|-resisted|p1a: Toxapex
|-damage|p1a: Toxapex|64/100
|move|p1a: Toxapex|Toxic|p2a: Sheister
|-status|p2a: Sheister|tox
|
|-damage|p2a: Sheister|88/100 tox|[from] psn
|upkeep
|turn|17
|
|t:|1781125886
|switch|p2a: Golden Child|Gholdengo|65/100
|move|p1a: Toxapex|Toxic Spikes|p2a: Golden Child
|-sidestart|p2: wubbybubbyjr|move: Toxic Spikes
|
|upkeep
|turn|18
|
|t:|1781125893
|switch|p1a: Tyranitar|Tyranitar, M|58/100
|-weather|Sandstorm|[from] ability: Sand Stream|[of] p1a: Tyranitar
|move|p2a: Golden Child|Shadow Ball|p1a: Tyranitar
|-resisted|p1a: Tyranitar
|-damage|p1a: Tyranitar|43/100
|
|-weather|Sandstorm|[upkeep]
|upkeep
|turn|19
|
|t:|1781125898
|switch|p2a: Sheister|Darkrai|88/100 tox
|move|p1a: Tyranitar|Knock Off|p2a: Sheister
|-resisted|p2a: Sheister
|-crit|p2a: Sheister
|-damage|p2a: Sheister|31/100 tox
|-enditem|p2a: Sheister|Choice Specs|[from] move: Knock Off|[of] p1a: Tyranitar
|
|-weather|Sandstorm|[upkeep]
|-damage|p2a: Sheister|25/100 tox|[from] Sandstorm
|-damage|p2a: Sheister|19/100 tox|[from] psn
|upkeep
|turn|20
|
|t:|1781125902
|switch|p1a: Toxapex|Toxapex, F|98/100
|move|p2a: Sheister|Focus Blast|p1a: Toxapex|[miss]
|-miss|p2a: Sheister|p1a: Toxapex
|
|-weather|Sandstorm|[upkeep]
|-damage|p2a: Sheister|13/100 tox|[from] Sandstorm
|-damage|p1a: Toxapex|91/100|[from] Sandstorm
|-damage|p2a: Sheister|0 fnt|[from] psn
|faint|p2a: Sheister
|upkeep
|
|t:|1781125907
|switch|p2a: Xonks|Dragonite, F|94/100
|turn|21
|
|t:|1781125910
|move|p2a: Xonks|Earthquake|p1a: Toxapex
|-supereffective|p1a: Toxapex
|-damage|p1a: Toxapex|31/100
|move|p1a: Toxapex|Toxic|p2a: Xonks
|-status|p2a: Xonks|tox
|
|-weather|Sandstorm|[upkeep]
|-damage|p2a: Xonks|88/100 tox|[from] Sandstorm
|-damage|p1a: Toxapex|25/100|[from] Sandstorm
|-damage|p2a: Xonks|82/100 tox|[from] psn
|upkeep
|turn|22
|
|t:|1781125933
|switch|p1a: Tyranitar|Tyranitar, M|43/100
|move|p2a: Xonks|Earthquake|p1a: Tyranitar
|-supereffective|p1a: Tyranitar
|-crit|p1a: Tyranitar
|-damage|p1a: Tyranitar|0 fnt
|faint|p1a: Tyranitar
|
|-weather|Sandstorm|[upkeep]
|-damage|p2a: Xonks|76/100 tox|[from] Sandstorm
|-damage|p2a: Xonks|63/100 tox|[from] psn
|upkeep
|
|t:|1781125936
|switch|p1a: Ogerpon|Ogerpon-Cornerstone, F|100/100
|turn|23
|j| Palm X
|inactive|wubbybubbyjr has 120 seconds left.
|
|t:|1781125991
|move|p2a: Xonks|Extreme Speed|p1a: Ogerpon
|-resisted|p1a: Ogerpon
|-damage|p1a: Ogerpon|76/100
|move|p1a: Ogerpon|Ivy Cudgel|p2a: Xonks|[anim] Ivy Cudgel Rock
|-supereffective|p2a: Xonks
|-damage|p2a: Xonks|0 fnt
|faint|p2a: Xonks
|
|-weather|Sandstorm|[upkeep]
|upkeep
|
|t:|1781125997
|switch|p2a: Golden Child|Gholdengo|65/100
|turn|24
|
|t:|1781126003
|switch|p1a: Excadrill|Excadrill, F|82/100
|move|p2a: Golden Child|Make It Rain|p1a: Excadrill
|-resisted|p1a: Excadrill
|-damage|p1a: Excadrill|38/100
|-unboost|p2a: Golden Child|spa|1
|
|-weather|Sandstorm|[upkeep]
|-heal|p1a: Excadrill|44/100|[from] item: Leftovers
|upkeep
|turn|25
|
|t:|1781126007
|switch|p2a: Capone|Ogerpon-Wellspring, F|100/100
|-status|p2a: Capone|tox
|move|p1a: Excadrill|Earthquake|p2a: Capone
|-resisted|p2a: Capone
|-damage|p2a: Capone|64/100 tox
|
|-weather|none
|-heal|p1a: Excadrill|50/100|[from] item: Leftovers
|-damage|p2a: Capone|58/100 tox|[from] psn
|upkeep
|turn|26
|
|t:|1781126020
|move|p2a: Capone|Power Whip|p1a: Excadrill|[miss]
|-miss|p2a: Capone|p1a: Excadrill
|move|p1a: Excadrill|Earthquake|p2a: Capone
|-resisted|p2a: Capone
|-crit|p2a: Capone
|-damage|p2a: Capone|0 fnt
|faint|p2a: Capone
|
|-heal|p1a: Excadrill|56/100|[from] item: Leftovers
|upkeep
|inactive|wubbybubbyjr has 120 seconds left.
|
|t:|1781126027
|switch|p2a: Golden Child|Gholdengo|65/100
|turn|27
|
|t:|1781126029
|move|p2a: Golden Child|Shadow Ball|p1a: Excadrill
|-damage|p1a: Excadrill|0 fnt
|faint|p1a: Excadrill
|
|upkeep
|
|t:|1781126033
|switch|p1a: Ogerpon|Ogerpon-Cornerstone, F|76/100
|turn|28
|
|t:|1781126035
|move|p2a: Golden Child|Shadow Ball|p1a: Ogerpon
|-damage|p1a: Ogerpon|28/100
|move|p1a: Ogerpon|Knock Off|p2a: Golden Child
|-supereffective|p2a: Golden Child
|-damage|p2a: Golden Child|0 fnt
|-enditem|p2a: Golden Child|Choice Scarf|[from] move: Knock Off|[of] p1a: Ogerpon
|faint|p2a: Golden Child
|
|win|msean3
|raw|msean3's rating: 1716 &rarr; <strong>1737</strong><br />(+21 for winning)
|raw|wubbybubbyjr's rating: 1734 &rarr; <strong>1713</strong><br />(-21 for losing)
|l|☆wubbybubbyjr
|player|p2|
|c|☆msean3|gg
|l| Palm X
|l|☆msean3
|player|p1|
