|j|☆billythekid95
|j|☆FireSide_01
|t:|1781174866
|gametype|singles
|player|p1|billythekid95|265|1590
|player|p2|FireSide_01|janine|1609
|gen|9
|tier|[Gen 9] OU
|rated|
|rule|HP Percentage Mod: HP is shown in percentages
|rule|Endless Battle Clause: Forcing endless battles is banned
|rule|Species Clause: Limit one of each Pokémon
|rule|OHKO Clause: OHKO moves are banned
|rule|Evasion Items Clause: Evasion items are banned
|rule|Evasion Moves Clause: Evasion moves are banned
|rule|Evasion Abilities Clause: Evasion abilities are banned
|rule|Sleep Moves Clause: Sleep-inducing moves are banned
|clearpoke
|poke|p1|Walking Wake|
|poke|p1|Ribombee, F|
|poke|p1|Gholdengo|
|poke|p1|Torkoal, F|
|poke|p1|Great Tusk|
|poke|p1|Ceruledge, M|
|poke|p2|Ninetales, F|
|poke|p2|Walking Wake|
|poke|p2|Typhlosion-Hisui, F|
|poke|p2|Great Tusk|
|poke|p2|Rillaboom, F|
|poke|p2|Raging Bolt|
|teampreview
|inactive|Battle timer is ON: inactive players will automatically lose when time's up. (requested by FireSide_01)
|
|t:|1781174877
|teamsize|p1|6
|teamsize|p2|6
|start
|switch|p1a: Ribombee|Ribombee, F|100/100
|switch|p2a: Raging Bolt|Raging Bolt|100/100
|turn|1
|
|t:|1781174882
|move|p1a: Ribombee|Moonblast|p2a: Raging Bolt
|-supereffective|p2a: Raging Bolt
|-damage|p2a: Raging Bolt|47/100
|move|p2a: Raging Bolt|Volt Switch|p1a: Ribombee
|-damage|p1a: Ribombee|31/100
|
|t:|1781174885
|-end|p2a: Raging Bolt|Protosynthesis|[silent]
|switch|p2a: Typhlosion|Typhlosion-Hisui, F|100/100|[from] Volt Switch
|
|upkeep
|turn|2
|
|t:|1781174891
|move|p2a: Typhlosion|Shadow Ball|p1a: Ribombee
|-damage|p1a: Ribombee|0 fnt
|faint|p1a: Ribombee
|
|upkeep
|
|t:|1781174900
|switch|p1a: Great Tusk|Great Tusk|100/100
|turn|3
|
|t:|1781174907
|switch|p2a: Walking Wake|Walking Wake|100/100
|move|p1a: Great Tusk|Knock Off|p2a: Walking Wake
|-damage|p2a: Walking Wake|71/100
|-enditem|p2a: Walking Wake|Choice Specs|[from] move: Knock Off|[of] p1a: Great Tusk
|
|upkeep
|turn|4
|
|t:|1781174915
|move|p2a: Walking Wake|Draco Meteor|p1a: Great Tusk
|-damage|p1a: Great Tusk|59/100
|-unboost|p2a: Walking Wake|spa|2
|move|p1a: Great Tusk|Close Combat|p2a: Walking Wake
|-damage|p2a: Walking Wake|16/100
|-unboost|p1a: Great Tusk|def|1
|-unboost|p1a: Great Tusk|spd|1
|
|upkeep
|turn|5
|
|t:|1781174924
|move|p2a: Walking Wake|Hydro Steam|p1a: Great Tusk
|-supereffective|p1a: Great Tusk
|-damage|p1a: Great Tusk|20/100
|move|p1a: Great Tusk|Knock Off|p2a: Walking Wake
|-crit|p2a: Walking Wake
|-damage|p2a: Walking Wake|0 fnt
|faint|p2a: Walking Wake
|-end|p2a: Walking Wake|Protosynthesis|[silent]
|
|upkeep
|
|t:|1781174940
|switch|p2a: Typhlosion|Typhlosion-Hisui, F|100/100
|turn|6
|
|t:|1781174942
|move|p2a: Typhlosion|Eruption|p1a: Great Tusk
|-damage|p1a: Great Tusk|0 fnt
|faint|p1a: Great Tusk
|-end|p1a: Great Tusk|Protosynthesis|[silent]
|
|upkeep
|
|t:|1781174947
|switch|p1a: Torkoal|Torkoal, F|100/100
|-weather|SunnyDay|[from] ability: Drought|[of] p1a: Torkoal
|turn|7
|
|t:|1781174950
|move|p2a: Typhlosion|Eruption|p1a: Torkoal
|-resisted|p1a: Torkoal
|-crit|p1a: Torkoal
|-damage|p1a: Torkoal|26/100
|move|p1a: Torkoal|Stealth Rock|p2a: Typhlosion
|-sidestart|p2: FireSide_01|move: Stealth Rock
|
|-weather|SunnyDay|[upkeep]
|upkeep
|turn|8
|
|t:|1781174958
|move|p2a: Typhlosion|Eruption|p1a: Torkoal
|-resisted|p1a: Torkoal
|-damage|p1a: Torkoal|0 fnt
|faint|p1a: Torkoal
|
|-weather|SunnyDay|[upkeep]
|upkeep
|
|t:|1781174964
|switch|p1a: Walking Wake|Walking Wake|100/100
|-activate|p1a: Walking Wake|ability: Protosynthesis
|-start|p1a: Walking Wake|protosynthesisspa
|turn|9
|
|t:|1781174972
|switch|p2a: Rillaboom|Rillaboom, F|100/100
|-damage|p2a: Rillaboom|88/100|[from] Stealth Rock
|-fieldstart|move: Grassy Terrain|[from] ability: Grassy Surge|[of] p2a: Rillaboom
|move|p1a: Walking Wake|Hydro Steam|p2a: Rillaboom
|-resisted|p2a: Rillaboom
|-damage|p2a: Rillaboom|6/100
|
|-weather|SunnyDay|[upkeep]
|-heal|p2a: Rillaboom|12/100|[from] Grassy Terrain
|upkeep
|turn|10
|
|t:|1781174986
|move|p2a: Rillaboom|Grassy Glide|p1a: Walking Wake
|-damage|p1a: Walking Wake|38/100
|move|p1a: Walking Wake|Hydro Steam|p2a: Rillaboom
|-resisted|p2a: Rillaboom
|-damage|p2a: Rillaboom|0 fnt
|faint|p2a: Rillaboom
|
|-weather|SunnyDay|[upkeep]
|-heal|p1a: Walking Wake|44/100|[from] Grassy Terrain
|upkeep
|
|t:|1781174996
|switch|p2a: Great Tusk|Great Tusk|100/100
|-activate|p2a: Great Tusk|ability: Protosynthesis
|-start|p2a: Great Tusk|protosynthesisspe
|turn|11
|
|t:|1781175002
|-end|p1a: Walking Wake|Protosynthesis|[silent]
|switch|p1a: Gholdengo|Gholdengo|100/100
|move|p2a: Great Tusk|Headlong Rush|p1a: Gholdengo
|-supereffective|p1a: Gholdengo
|-damage|p1a: Gholdengo|0 fnt
|-unboost|p2a: Great Tusk|def|1
|-unboost|p2a: Great Tusk|spd|1
|faint|p1a: Gholdengo
|
|-weather|SunnyDay|[upkeep]
|upkeep
|
|t:|1781175011
|switch|p1a: Ceruledge|Ceruledge, M|100/100
|turn|12
|
|t:|1781175016
|-end|p2a: Great Tusk|Protosynthesis|[silent]
|switch|p2a: Ninetales|Ninetales, F|100/100
|-damage|p2a: Ninetales|76/100|[from] Stealth Rock
|move|p1a: Ceruledge|Swords Dance|p1a: Ceruledge
|-boost|p1a: Ceruledge|atk|2
|
|-weather|SunnyDay|[upkeep]
|-heal|p2a: Ninetales|82/100|[from] Grassy Terrain
|upkeep
|turn|13
|
|t:|1781175025
|move|p1a: Ceruledge|Shadow Sneak|p2a: Ninetales
|-damage|p2a: Ninetales|36/100
|move|p2a: Ninetales|Encore|p1a: Ceruledge
|-start|p1a: Ceruledge|Encore
|
|-weather|SunnyDay|[upkeep]
|-heal|p2a: Ninetales|42/100|[from] Grassy Terrain
|-fieldend|move: Grassy Terrain
|upkeep
|turn|14
|
|t:|1781175038
|switch|p2a: Raging Bolt|Raging Bolt|47/100
|-damage|p2a: Raging Bolt|35/100|[from] Stealth Rock
|-activate|p2a: Raging Bolt|ability: Protosynthesis
|-start|p2a: Raging Bolt|protosynthesisspa
|move|p1a: Ceruledge|Shadow Sneak|p2a: Raging Bolt
|-damage|p2a: Raging Bolt|0 fnt
|faint|p2a: Raging Bolt
|-end|p2a: Raging Bolt|Protosynthesis|[silent]
|
|-weather|none
|upkeep
|
|t:|1781175041
|switch|p2a: Ninetales|Ninetales, F|42/100
|-damage|p2a: Ninetales|17/100|[from] Stealth Rock
|-weather|SunnyDay|[from] ability: Drought|[of] p2a: Ninetales
|turn|15
|
|t:|1781175060
|move|p1a: Ceruledge|Shadow Sneak|p2a: Ninetales
|-damage|p2a: Ninetales|0 fnt
|faint|p2a: Ninetales
|
|-weather|SunnyDay|[upkeep]
|upkeep
|
|t:|1781175069
|switch|p2a: Typhlosion|Typhlosion-Hisui, F|100/100
|-damage|p2a: Typhlosion|75/100|[from] Stealth Rock
|turn|16
|
|t:|1781175076
|-terastallize|p2a: Typhlosion|Fire
|move|p1a: Ceruledge|Shadow Sneak|p2a: Typhlosion
|-damage|p2a: Typhlosion|14/100
|move|p2a: Typhlosion|Shadow Ball|p1a: Ceruledge
|-supereffective|p1a: Ceruledge
|-damage|p1a: Ceruledge|4/100
|
|-weather|SunnyDay|[upkeep]
|-end|p1a: Ceruledge|Encore
|upkeep
|turn|17
|
|t:|1781175084
|move|p1a: Ceruledge|Shadow Sneak|p2a: Typhlosion
|-damage|p2a: Typhlosion|0 fnt
|faint|p2a: Typhlosion
|
|-weather|SunnyDay|[upkeep]
|upkeep
|
|t:|1781175086
|switch|p2a: Great Tusk|Great Tusk|100/100
|-activate|p2a: Great Tusk|ability: Protosynthesis
|-start|p2a: Great Tusk|protosynthesisspe
|turn|18
|
|t:|1781175097
|-terastallize|p1a: Ceruledge|Flying
|move|p2a: Great Tusk|Ice Spinner|p1a: Ceruledge
|-supereffective|p1a: Ceruledge
|-damage|p1a: Ceruledge|0 fnt
|faint|p1a: Ceruledge
|
|-weather|SunnyDay|[upkeep]
|upkeep
|
|t:|1781175103
|switch|p1a: Walking Wake|Walking Wake|44/100
|-activate|p1a: Walking Wake|ability: Protosynthesis
|-start|p1a: Walking Wake|protosynthesisspa
|turn|19
|
|t:|1781175107
|move|p2a: Great Tusk|Headlong Rush|p1a: Walking Wake
|-damage|p1a: Walking Wake|0 fnt
|-unboost|p2a: Great Tusk|def|1
|-unboost|p2a: Great Tusk|spd|1
|faint|p1a: Walking Wake
|-end|p1a: Walking Wake|Protosynthesis|[silent]
|
|win|FireSide_01
|raw|billythekid95's rating: 1590 &rarr; <strong>1571</strong><br />(-19 for losing)
|raw|FireSide_01's rating: 1609 &rarr; <strong>1628</strong><br />(+19 for winning)
|l|☆billythekid95
|player|p1|
|c|☆FireSide_01|gg
|l|☆FireSide_01
|player|p2|
