|j|☆ja hoi
|j|☆tboc13
|t:|1780903337
|gametype|singles
|player|p1|ja hoi|101|1576
|player|p2|tboc13|dawn|1600
|gen|9
|tier|[Gen 9] OU
|rated|
|rule|HP Percentage Mod: HP is shown in percentages
|rule|Endless Battle Clause: Forcing endless battles is banned
|rule|Species Clause: Limit one of each Pokémon
|rule|OHKO Clause: OHKO moves are banned
|rule|Evasion Items Clause: Evasion items are banned
|rule|Evasion Moves Clause: Evasion moves are banned
|rule|Evasion Abilities Clause: Evasion abilities are banned
|rule|Sleep Moves Clause: Sleep-inducing moves are banned
|clearpoke
|poke|p1|Quaquaval, M|
|poke|p1|Zamazenta-*|
|poke|p1|Dragapult, F|
|poke|p1|Garganacl, M|
|poke|p1|Grimmsnarl, M|
|poke|p1|Iron Moth|
|poke|p2|Meowscarada, F|
|poke|p2|Iron Crown|
|poke|p2|Dragapult, F|
|poke|p2|Great Tusk|
|poke|p2|Moltres|
|poke|p2|Clefable, F|
|teampreview
|inactive|Battle timer is ON: inactive players will automatically lose when time's up. (requested by tboc13)
|
|t:|1780903341
|teamsize|p1|6
|teamsize|p2|6
|start
|switch|p1a: Grimmsnarl|Grimmsnarl, M|100/100
|switch|p2a: Iron Crown|Iron Crown|100/100
|turn|1
|
|t:|1780903347
|move|p1a: Grimmsnarl|Light Screen|p1a: Grimmsnarl
|-sidestart|p1: ja hoi|move: Light Screen
|move|p2a: Iron Crown|Tachyon Cutter|p1a: Grimmsnarl
|-supereffective|p1a: Grimmsnarl
|-damage|p1a: Grimmsnarl|83/100
|-supereffective|p1a: Grimmsnarl
|-damage|p1a: Grimmsnarl|64/100
|-hitcount|p1a: Grimmsnarl|2
|
|upkeep
|turn|2
|
|t:|1780903354
|move|p1a: Grimmsnarl|Taunt|p2a: Iron Crown
|-start|p2a: Iron Crown|move: Taunt
|move|p2a: Iron Crown|Tachyon Cutter|p1a: Grimmsnarl
|-supereffective|p1a: Grimmsnarl
|-damage|p1a: Grimmsnarl|46/100
|-supereffective|p1a: Grimmsnarl
|-damage|p1a: Grimmsnarl|27/100
|-hitcount|p1a: Grimmsnarl|2
|
|upkeep
|turn|3
|
|t:|1780903362
|move|p1a: Grimmsnarl|Reflect|p1a: Grimmsnarl
|-sidestart|p1: ja hoi|Reflect
|move|p2a: Iron Crown|Tachyon Cutter|p1a: Grimmsnarl
|-supereffective|p1a: Grimmsnarl
|-crit|p1a: Grimmsnarl
|-damage|p1a: Grimmsnarl|0 fnt
|faint|p1a: Grimmsnarl
|-hitcount|p1: Grimmsnarl|1
|
|upkeep
|
|t:|1780903374
|switch|p1a: Iron Moth|Iron Moth|100/100
|-enditem|p1a: Iron Moth|Booster Energy
|-activate|p1a: Iron Moth|ability: Quark Drive|[fromitem]
|-start|p1a: Iron Moth|quarkdrivespa
|turn|4
|
|t:|1780903383
|-end|p2a: Iron Crown|Quark Drive|[silent]
|switch|p2a: Clefable|Clefable, F|100/100
|move|p1a: Iron Moth|Fiery Dance|p2a: Clefable
|-damage|p2a: Clefable|58/100
|-boost|p1a: Iron Moth|spa|1
|
|-heal|p2a: Clefable|64/100|[from] item: Leftovers
|upkeep
|turn|5
|
|t:|1780903393
|move|p1a: Iron Moth|Sludge Wave|p2a: Clefable
|-supereffective|p2a: Clefable
|-damage|p2a: Clefable|0 fnt
|faint|p2a: Clefable
|
|upkeep
|
|t:|1780903399
|switch|p2a: Moltres|Moltres|100/100
|turn|6
|
|t:|1780903406
|-terastallize|p1a: Iron Moth|Fire
|move|p1a: Iron Moth|Fiery Dance|p2a: Moltres
|-resisted|p2a: Moltres
|-damage|p2a: Moltres|32/100
|-boost|p1a: Iron Moth|spa|1
|move|p2a: Moltres|Scorching Sands|p1a: Iron Moth
|-supereffective|p1a: Iron Moth
|-damage|p1a: Iron Moth|82/100
|
|upkeep
|turn|7
|
|t:|1780903415
|move|p1a: Iron Moth|Agility|p1a: Iron Moth
|-boost|p1a: Iron Moth|spe|2
|move|p2a: Moltres|Scorching Sands|p1a: Iron Moth
|-supereffective|p1a: Iron Moth
|-crit|p1a: Iron Moth
|-damage|p1a: Iron Moth|19/100
|
|upkeep
|turn|8
|c|☆ja hoi|jesus
|
|t:|1780903422
|move|p1a: Iron Moth|Fiery Dance|p2a: Moltres
|-resisted|p2a: Moltres
|-damage|p2a: Moltres|0 fnt
|-boost|p1a: Iron Moth|spa|1
|faint|p2a: Moltres
|
|-sideend|p1: ja hoi|move: Light Screen
|upkeep
|
|t:|1780903451
|switch|p2a: Dragapult|Dragapult, F|100/100
|turn|9
|
|t:|1780903464
|move|p1a: Iron Moth|Fiery Dance|p2a: Dragapult
|-resisted|p2a: Dragapult
|-damage|p2a: Dragapult|0 fnt
|faint|p2a: Dragapult
|
|upkeep
|-message|tboc13 forfeited.
|
|win|ja hoi
|raw|ja hoi's rating: 1576 &rarr; <strong>1597</strong><br />(+21 for winning)
|raw|tboc13's rating: 1600 &rarr; <strong>1579</strong><br />(-21 for losing)
|l|☆tboc13
|player|p2|
|l|☆ja hoi
|player|p1|
