|j|☆altyWIN
|j|☆clickdontthink
|t:|1781150217
|gametype|singles
|player|p1|altyWIN|backpacker|1513
|player|p2|clickdontthink|bruno-gen2|1558
|gen|9
|tier|[Gen 9] OU
|rated|
|rule|HP Percentage Mod: HP is shown in percentages
|rule|Endless Battle Clause: Forcing endless battles is banned
|rule|Species Clause: Limit one of each Pokémon
|rule|OHKO Clause: OHKO moves are banned
|rule|Evasion Items Clause: Evasion items are banned
|rule|Evasion Moves Clause: Evasion moves are banned
|rule|Evasion Abilities Clause: Evasion abilities are banned
|rule|Sleep Moves Clause: Sleep-inducing moves are banned
|clearpoke
|poke|p1|Excadrill, F|
|poke|p1|Tyranitar, F|
|poke|p1|Hydrapple, F|
|poke|p1|Alomomola, L99, F|
|poke|p1|Hatterene, F|
|poke|p1|Zapdos|
|poke|p2|Hoopa-Unbound|
|poke|p2|Corviknight, F|
|poke|p2|Dragapult, F|
|poke|p2|Slowking-Galar, F|
|poke|p2|Landorus-Therian, M|
|poke|p2|Zamazenta-*|
|teampreview
|inactive|Battle timer is ON: inactive players will automatically lose when time's up. (requested by altyWIN)
|
|t:|1781150224
|teamsize|p1|6
|teamsize|p2|6
|start
|switch|p1a: FreeCaneMerchant|Zapdos|100/100
|switch|p2a: Hoopa|Hoopa-Unbound|100/100
|turn|1
|inactive|altyWIN has 120 seconds left.
|
|t:|1781150267
|switch|p2a: Landorus|Landorus-Therian, M|100/100
|-ability|p2a: Landorus|Intimidate|boost
|-unboost|p1a: FreeCaneMerchant|atk|1
|move|p1a: FreeCaneMerchant|Volt Switch|p2a: Landorus
|-immune|p2a: Landorus
|
|upkeep
|turn|2
|
|t:|1781150271
|switch|p1a: Kim K|Hatterene, F|100/100
|move|p2a: Landorus|U-turn|p1a: Kim K
|-damage|p1a: Kim K|78/100
|
|t:|1781150287
|switch|p2a: Slowking|Slowking-Galar, F|100/100|[from] U-turn
|
|upkeep
|turn|3
|
|t:|1781150295
|switch|p1a: Childinthemines|Excadrill, F|100/100
|move|p2a: Slowking|Sludge Bomb|p1a: Childinthemines
|-immune|p1a: Childinthemines
|
|upkeep
|turn|4
|
|t:|1781150315
|switch|p1a: FreeCaneMerchant|Zapdos|100/100
|switch|p2a: Landorus|Landorus-Therian, M|100/100
|-ability|p2a: Landorus|Intimidate|boost
|-unboost|p1a: FreeCaneMerchant|atk|1
|
|upkeep
|turn|5
|
|t:|1781150331
|switch|p2a: Slowking|Slowking-Galar, F|100/100
|-terastallize|p1a: FreeCaneMerchant|Flying
|move|p1a: FreeCaneMerchant|Hurricane|p2a: Slowking
|-damage|p2a: Slowking|31/100
|
|upkeep
|turn|6
|
|t:|1781150345
|switch|p2a: Corviknight|Corviknight, F|100/100
|-ability|p2a: Corviknight|Pressure
|move|p1a: FreeCaneMerchant|Hurricane|p2a: Corviknight
|-resisted|p2a: Corviknight
|-damage|p2a: Corviknight|45/100
|
|upkeep
|turn|7
|
|t:|1781150351
|move|p1a: FreeCaneMerchant|Hurricane|p2a: Corviknight
|-resisted|p2a: Corviknight
|-damage|p2a: Corviknight|0 fnt
|faint|p2a: Corviknight
|
|upkeep
|
|t:|1781150372
|switch|p2a: Hoopa|Hoopa-Unbound|100/100
|turn|8
|
|t:|1781150392
|move|p1a: FreeCaneMerchant|Hurricane|p2a: Hoopa
|-damage|p2a: Hoopa|40/100
|move|p2a: Hoopa|Knock Off|p1a: FreeCaneMerchant
|-damage|p1a: FreeCaneMerchant|28/100
|-enditem|p1a: FreeCaneMerchant|Choice Specs|[from] move: Knock Off|[of] p2a: Hoopa
|
|upkeep
|turn|9
|inactive|altyWIN has 120 seconds left.
|
|t:|1781150420
|switch|p2a: Slowking|Slowking-Galar, F|64/100
|move|p1a: FreeCaneMerchant|Volt Switch|p2a: Slowking
|-damage|p2a: Slowking|42/100
|inactive|altyWIN has 120 seconds left.
|
|t:|1781150436
|switch|p1a: Goatyranny|Tyranitar, F|100/100|[from] Volt Switch
|-weather|Sandstorm|[from] ability: Sand Stream|[of] p1a: Goatyranny
|
|-weather|Sandstorm|[upkeep]
|-damage|p2a: Slowking|36/100|[from] Sandstorm
|upkeep
|turn|10
|inactive|altyWIN has 90 seconds left.
|
|t:|1781150475
|switch|p1a: FreeCaneMerchant|Zapdos, tera:Flying|28/100
|switch|p2a: Landorus|Landorus-Therian, M|100/100
|-ability|p2a: Landorus|Intimidate|boost
|-unboost|p1a: FreeCaneMerchant|atk|1
|
|-weather|Sandstorm|[upkeep]
|-damage|p1a: FreeCaneMerchant|21/100|[from] Sandstorm
|upkeep
|turn|11
|inactive|altyWIN has 90 seconds left.
|
|t:|1781150487
|move|p1a: FreeCaneMerchant|Hurricane|p2a: Landorus
|-damage|p2a: Landorus|7/100
|-start|p2a: Landorus|confusion
|-activate|p2a: Landorus|confusion
|move|p2a: Landorus|Stone Edge|p1a: FreeCaneMerchant
|-supereffective|p1a: FreeCaneMerchant
|-damage|p1a: FreeCaneMerchant|0 fnt
|faint|p1a: FreeCaneMerchant
|
|-weather|Sandstorm|[upkeep]
|upkeep
|
|t:|1781150498
|switch|p1a: Cardi B|Alomomola, L99, F|100/100
|turn|12
|
|t:|1781150503
|switch|p2a: Slowking|Slowking-Galar, F|69/100
|move|p1a: Cardi B|Flip Turn|p2a: Slowking
|-damage|p2a: Slowking|54/100
|
|t:|1781150506
|switch|p1a: Childinthemines|Excadrill, F|100/100|[from] Flip Turn
|
|-weather|Sandstorm|[upkeep]
|-damage|p2a: Slowking|47/100|[from] Sandstorm
|upkeep
|turn|13
|inactive|altyWIN has 90 seconds left.
|
|t:|1781150522
|switch|p2a: Landorus|Landorus-Therian, M|7/100
|-ability|p2a: Landorus|Intimidate|boost
|-unboost|p1a: Childinthemines|atk|1
|move|p1a: Childinthemines|Iron Head|p2a: Landorus
|-damage|p2a: Landorus|0 fnt
|faint|p2a: Landorus
|
|-weather|none
|upkeep
|
|t:|1781150534
|switch|p2a: Dragapult|Dragapult, F|100/100
|turn|14
|
|t:|1781150543
|move|p2a: Dragapult|U-turn|p1a: Childinthemines
|-resisted|p1a: Childinthemines
|-damage|p1a: Childinthemines|88/100
|
|t:|1781150547
|switch|p2a: Zamazenta|Zamazenta|100/100|[from] U-turn
|-ability|p2a: Zamazenta|Dauntless Shield|boost
|-boost|p2a: Zamazenta|def|1
|move|p1a: Childinthemines|Iron Head|p2a: Zamazenta
|-damage|p2a: Zamazenta|75/100
|
|upkeep
|turn|15
|
|t:|1781150554
|switch|p1a: Hydrippy|Hydrapple, F|100/100
|move|p2a: Zamazenta|Close Combat|p1a: Hydrippy
|-damage|p1a: Hydrippy|64/100
|-unboost|p2a: Zamazenta|def|1
|-unboost|p2a: Zamazenta|spd|1
|
|upkeep
|turn|16
|
|t:|1781150574
|switch|p2a: Hoopa|Hoopa-Unbound|40/100
|move|p1a: Hydrippy|Fickle Beam|p2a: Hoopa|[anim] Fickle Beam All Out
|-activate|p1a: Hydrippy|move: Fickle Beam
|-damage|p2a: Hoopa|4/100
|
|upkeep
|turn|17
|
|t:|1781150586
|move|p2a: Hoopa|Knock Off|p1a: Hydrippy
|-damage|p1a: Hydrippy|35/100
|-enditem|p1a: Hydrippy|Heavy-Duty Boots|[from] move: Knock Off|[of] p2a: Hoopa
|move|p1a: Hydrippy|Giga Drain|p2a: Hoopa
|-damage|p2a: Hoopa|0 fnt
|-heal|p1a: Hydrippy|37/100|[from] drain|[of] p2a: Hoopa
|faint|p2a: Hoopa
|
|upkeep
|
|t:|1781150597
|switch|p2a: Zamazenta|Zamazenta|75/100
|turn|18
|
|t:|1781150604
|switch|p1a: Cardi B|Alomomola, L99, F|100/100
|move|p2a: Zamazenta|Close Combat|p1a: Cardi B
|-damage|p1a: Cardi B|65/100
|-unboost|p2a: Zamazenta|def|1
|-unboost|p2a: Zamazenta|spd|1
|
|upkeep
|turn|19
|inactive|altyWIN has 120 seconds left.
|
|t:|1781150616
|move|p2a: Zamazenta|Close Combat|p1a: Cardi B
|-damage|p1a: Cardi B|29/100
|-unboost|p2a: Zamazenta|def|1
|-unboost|p2a: Zamazenta|spd|1
|move|p1a: Cardi B|Play Rough|p2a: Zamazenta|[miss]
|-miss|p1a: Cardi B|p2a: Zamazenta
|
|upkeep
|turn|20
|inactive|altyWIN has 120 seconds left.
|
|t:|1781150633
|switch|p1a: Hydrippy|Hydrapple, F|70/100
|move|p2a: Zamazenta|Heavy Slam|p1a: Hydrippy
|-crit|p1a: Hydrippy
|-damage|p1a: Hydrippy|51/100
|
|upkeep
|turn|21
|inactive|altyWIN has 120 seconds left.
|
|t:|1781150651
|move|p2a: Zamazenta|Ice Fang|p1a: Hydrippy
|-supereffective|p1a: Hydrippy
|-damage|p1a: Hydrippy|0 fnt
|faint|p1a: Hydrippy
|
|upkeep
|
|t:|1781150664
|switch|p1a: Kim K|Hatterene, F|78/100
|turn|22
|
|t:|1781150668
|switch|p2a: Slowking|Slowking-Galar, F|81/100
|move|p1a: Kim K|Draining Kiss|p2a: Slowking
|-resisted|p2a: Slowking
|-damage|p2a: Slowking|74/100
|-heal|p1a: Kim K|84/100|[from] drain|[of] p2a: Slowking
|
|upkeep
|turn|23
|
|t:|1781150673
|switch|p1a: Childinthemines|Excadrill, F|88/100
|-prepare|p2a: Slowking|Chilly Reception|[premajor]
|move|p2a: Slowking|Chilly Reception|p2a: Slowking
|-weather|Snowscape
|
|t:|1781150675
|switch|p2a: Zamazenta|Zamazenta|75/100|[from] Chilly Reception
|
|-weather|Snowscape|[upkeep]
|upkeep
|turn|24
|
|t:|1781150682
|switch|p1a: Cardi B|Alomomola, L99, F|62/100
|move|p2a: Zamazenta|Close Combat|p1a: Cardi B
|-crit|p1a: Cardi B
|-damage|p1a: Cardi B|6/100
|-unboost|p2a: Zamazenta|def|1
|-unboost|p2a: Zamazenta|spd|1
|
|-weather|Snowscape|[upkeep]
|upkeep
|turn|25
|
|t:|1781150695
|switch|p1a: Kim K|Hatterene, F|84/100
|move|p2a: Zamazenta|Heavy Slam|p1a: Kim K
|-supereffective|p1a: Kim K
|-damage|p1a: Kim K|14/100
|
|-weather|Snowscape|[upkeep]
|upkeep
|turn|26
|
|t:|1781150713
|switch|p1a: Goatyranny|Tyranitar, F|100/100
|-weather|Sandstorm|[from] ability: Sand Stream|[of] p1a: Goatyranny
|move|p2a: Zamazenta|Crunch|p1a: Goatyranny
|-resisted|p1a: Goatyranny
|-damage|p1a: Goatyranny|86/100
|
|-weather|Sandstorm|[upkeep]
|-damage|p2a: Zamazenta|68/100|[from] Sandstorm
|upkeep
|turn|27
|
|t:|1781150727
|switch|p1a: Kim K|Hatterene, F|14/100
|move|p2a: Zamazenta|Close Combat|p1a: Kim K
|-resisted|p1a: Kim K
|-damage|p1a: Kim K|0 fnt
|-unboost|p2a: Zamazenta|def|1
|-unboost|p2a: Zamazenta|spd|1
|faint|p1a: Kim K
|
|-weather|Sandstorm|[upkeep]
|-damage|p2a: Zamazenta|62/100|[from] Sandstorm
|upkeep
|
|t:|1781150729
|switch|p1a: Childinthemines|Excadrill, F|88/100
|turn|28
|
|t:|1781150740
|switch|p2a: Slowking|Slowking-Galar, F|100/100
|move|p1a: Childinthemines|Earthquake|p2a: Slowking
|-supereffective|p2a: Slowking
|-damage|p2a: Slowking|0 fnt
|faint|p2a: Slowking
|
|-weather|Sandstorm|[upkeep]
|upkeep
|
|t:|1781150745
|switch|p2a: Zamazenta|Zamazenta|62/100
|turn|29
|
|t:|1781150750
|move|p1a: Childinthemines|Earthquake|p2a: Zamazenta
|-damage|p2a: Zamazenta|0 fnt
|faint|p2a: Zamazenta
|
|-weather|Sandstorm|[upkeep]
|upkeep
|c|☆clickdontthink|oh band. forgot thats a thing
|c|☆clickdontthink|gg
|-message|clickdontthink forfeited.
|
|win|altyWIN
|raw|altyWIN's rating: 1513 &rarr; <strong>1536</strong><br />(+23 for winning)
|raw|clickdontthink's rating: 1558 &rarr; <strong>1535</strong><br />(-23 for losing)
|l|☆clickdontthink
|player|p2|
|l|☆altyWIN
|player|p1|
