|j|☆PepeNike
|j|☆Omari P
|t:|1781051665
|gametype|singles
|player|p1|PepeNike|101|1591
|player|p2|Omari P|pokemonrangerf|1612
|gen|9
|tier|[Gen 9] OU
|rated|
|rule|HP Percentage Mod: HP is shown in percentages
|rule|Endless Battle Clause: Forcing endless battles is banned
|rule|Species Clause: Limit one of each Pokémon
|rule|OHKO Clause: OHKO moves are banned
|rule|Evasion Items Clause: Evasion items are banned
|rule|Evasion Moves Clause: Evasion moves are banned
|rule|Evasion Abilities Clause: Evasion abilities are banned
|rule|Sleep Moves Clause: Sleep-inducing moves are banned
|clearpoke
|poke|p1|Kleavor, M|
|poke|p1|Samurott-Hisui, M|
|poke|p1|Gholdengo|
|poke|p1|Ceruledge, M|
|poke|p1|Greninja-*, M|
|poke|p1|Dragapult, F|
|poke|p2|Hoopa|
|poke|p2|Cinderace, M|
|poke|p2|Mandibuzz, F|
|poke|p2|Kyurem|
|poke|p2|Ting-Lu|
|poke|p2|Manaphy|
|teampreview
|inactive|Battle timer is ON: inactive players will automatically lose when time's up. (requested by PepeNike)
|inactive|Omari P has 120 seconds left.
|
|t:|1781051713
|teamsize|p1|6
|teamsize|p2|6
|start
|switch|p1a: Kleavor|Kleavor, M|100/100
|switch|p2a: Ting-Lucifer|Ting-Lu|100/100
|-ability|p2a: Ting-Lucifer|Vessel of Ruin
|turn|1
|
|t:|1781051720
|move|p1a: Kleavor|Stone Axe|p2a: Ting-Lucifer
|-resisted|p2a: Ting-Lucifer
|-damage|p2a: Ting-Lucifer|85/100
|-sidestart|p2: Omari P|move: Stealth Rock
|move|p2a: Ting-Lucifer|Heavy Slam|p1a: Kleavor
|-supereffective|p1a: Kleavor
|-damage|p1a: Kleavor|1/100
|
|upkeep
|turn|2
|
|t:|1781051725
|move|p1a: Kleavor|U-turn|p2a: Ting-Lucifer
|-supereffective|p2a: Ting-Lucifer
|-damage|p2a: Ting-Lucifer|33/100
|-enditem|p2a: Ting-Lucifer|Weakness Policy
|-boost|p2a: Ting-Lucifer|atk|2|[from] item: Weakness Policy
|-boost|p2a: Ting-Lucifer|spa|2|[from] item: Weakness Policy
|
|t:|1781051729
|switch|p1a: Gholdengo|Gholdengo|100/100|[from] U-turn
|-item|p1a: Gholdengo|Air Balloon
|move|p2a: Ting-Lucifer|Heavy Slam|p1a: Gholdengo
|-resisted|p1a: Gholdengo
|-damage|p1a: Gholdengo|73/100
|-enditem|p1a: Gholdengo|Air Balloon
|
|upkeep
|turn|3
|
|t:|1781051734
|switch|p1a: Samurott|Samurott-Hisui, M|100/100
|move|p2a: Ting-Lucifer|Stealth Rock|p1a: Samurott
|-sidestart|p1: PepeNike|move: Stealth Rock
|
|upkeep
|turn|4
|
|t:|1781051737
|move|p1a: Samurott|Aqua Cutter|p2a: Ting-Lucifer
|-supereffective|p2a: Ting-Lucifer
|-damage|p2a: Ting-Lucifer|0 fnt
|faint|p2a: Ting-Lucifer
|
|upkeep
|
|t:|1781051741
|switch|p2a: Kyurem|Kyurem|100/100
|-damage|p2a: Kyurem|76/100|[from] Stealth Rock
|-ability|p2a: Kyurem|Pressure
|turn|5
|inactive|PepeNike has 120 seconds left.
|
|t:|1781051787
|move|p2a: Kyurem|Freeze-Dry|p1a: Samurott
|-supereffective|p1a: Samurott
|-damage|p1a: Samurott|3/100
|-status|p1a: Samurott|frz
|cant|p1a: Samurott|frz
|
|upkeep
|turn|6
|inactive|Omari P has 120 seconds left.
|
|t:|1781051818
|cant|p1a: Samurott|frz
|move|p2a: Kyurem|Freeze-Dry|p1a: Samurott
|-supereffective|p1a: Samurott
|-damage|p1a: Samurott|0 fnt
|faint|p1a: Samurott
|
|upkeep
|
|t:|1781051836
|switch|p1a: Ceruledge|Ceruledge, M|100/100
|-damage|p1a: Ceruledge|76/100|[from] Stealth Rock
|turn|7
|
|t:|1781051838
|switch|p2a: Mandibuzz|Mandibuzz, F, shiny|100/100
|-damage|p2a: Mandibuzz|76/100|[from] Stealth Rock
|move|p1a: Ceruledge|Swords Dance|p1a: Ceruledge
|-boost|p1a: Ceruledge|atk|2
|
|upkeep
|turn|8
|
|t:|1781051844
|-terastallize|p1a: Ceruledge|Flying
|move|p1a: Ceruledge|Bitter Blade|p2a: Mandibuzz
|-damage|p2a: Mandibuzz|15/100
|-heal|p1a: Ceruledge|100/100|[from] drain|[of] p2a: Mandibuzz
|-damage|p1a: Ceruledge|84/100|[from] item: Rocky Helmet|[of] p2a: Mandibuzz
|move|p2a: Mandibuzz|Foul Play|p1a: Ceruledge
|-damage|p1a: Ceruledge|0 fnt
|faint|p1a: Ceruledge
|
|upkeep
|
|t:|1781051854
|switch|p1a: Greninja|Greninja, M|100/100
|-damage|p1a: Greninja|88/100|[from] Stealth Rock
|turn|9
|
|t:|1781051858
|move|p1a: Greninja|Dark Pulse|p2a: Mandibuzz
|-resisted|p2a: Mandibuzz
|-damage|p2a: Mandibuzz|0 fnt
|faint|p2a: Mandibuzz
|-ability|p1a: Greninja|Battle Bond|boost
|-boost|p1a: Greninja|atk|1
|-boost|p1a: Greninja|spa|1
|-boost|p1a: Greninja|spe|1
|-activate|p1a: Greninja|ability: Battle Bond
|-damage|p1a: Greninja|78/100|[from] item: Life Orb
|
|upkeep
|
|t:|1781051861
|switch|p2a: Manaphy|Manaphy|100/100
|-damage|p2a: Manaphy|88/100|[from] Stealth Rock
|turn|10
|
|t:|1781051864
|move|p1a: Greninja|Dark Pulse|p2a: Manaphy
|-damage|p2a: Manaphy|23/100
|-damage|p1a: Greninja|69/100|[from] item: Life Orb
|move|p2a: Manaphy|Alluring Voice|p1a: Greninja
|-supereffective|p1a: Greninja
|-damage|p1a: Greninja|10/100
|
|-heal|p2a: Manaphy|29/100|[from] item: Leftovers
|upkeep
|turn|11
|
|t:|1781051871
|move|p1a: Greninja|Surf|p2a: Manaphy
|-resisted|p2a: Manaphy
|-damage|p2a: Manaphy|0 fnt
|faint|p2a: Manaphy
|-damage|p1a: Greninja|0 fnt|[from] item: Life Orb
|faint|p1a: Greninja
|
|upkeep
|
|t:|1781051891
|switch|p1a: Kleavor|Kleavor, M|1/100
|switch|p2a: Cinderace|Cinderace, M|100/100
|-damage|p2a: Cinderace|76/100|[from] Stealth Rock
|-damage|p1a: Kleavor|0 fnt|[from] Stealth Rock
|faint|p1a: Kleavor
|
|t:|1781051901
|switch|p1a: Dragapult|Dragapult, F|100/100
|-damage|p1a: Dragapult|88/100|[from] Stealth Rock
|turn|12
|
|t:|1781051903
|switch|p1a: Gholdengo|Gholdengo|73/100
|-damage|p1a: Gholdengo|67/100|[from] Stealth Rock
|move|p2a: Cinderace|Pyro Ball|p1a: Gholdengo
|-supereffective|p1a: Gholdengo
|-damage|p1a: Gholdengo|0 fnt
|faint|p1a: Gholdengo
|
|upkeep
|
|t:|1781051913
|switch|p1a: Dragapult|Dragapult, F|88/100
|-damage|p1a: Dragapult|76/100|[from] Stealth Rock
|turn|13
|
|t:|1781051916
|move|p1a: Dragapult|Dragon Darts|p2a: Cinderace
|-damage|p2a: Cinderace|20/100
|-anim|p1a: Dragapult|Dragon Darts|p2a: Cinderace
|-damage|p2a: Cinderace|0 fnt
|faint|p2a: Cinderace
|
|upkeep
|
|t:|1781051918
|switch|p2a: Kyurem|Kyurem|76/100
|-damage|p2a: Kyurem|51/100|[from] Stealth Rock
|-ability|p2a: Kyurem|Pressure
|turn|14
|
|t:|1781051923
|move|p2a: Kyurem|Ice Beam|p1a: Dragapult
|-supereffective|p1a: Dragapult
|-damage|p1a: Dragapult|0 fnt
|faint|p1a: Dragapult
|
|win|Omari P
|raw|PepeNike's rating: 1591 &rarr; <strong>1572</strong><br />(-19 for losing)
|raw|Omari P's rating: 1612 &rarr; <strong>1631</strong><br />(+19 for winning)
