|j|☆ihymyly
|j|☆employment devil
|t:|1781498957
|gametype|singles
|player|p1|ihymyly|1|1557
|player|p2|employment devil|lusamine-nihilego|1670
|gen|9
|tier|[Gen 9] OU
|rated|
|rule|HP Percentage Mod: HP is shown in percentages
|rule|Endless Battle Clause: Forcing endless battles is banned
|rule|Species Clause: Limit one of each Pokémon
|rule|OHKO Clause: OHKO moves are banned
|rule|Evasion Items Clause: Evasion items are banned
|rule|Evasion Moves Clause: Evasion moves are banned
|rule|Evasion Abilities Clause: Evasion abilities are banned
|rule|Sleep Moves Clause: Sleep-inducing moves are banned
|clearpoke
|poke|p1|Pelipper, F|
|poke|p1|Kingdra, M|
|poke|p1|Weavile, M|
|poke|p1|Raging Bolt|
|poke|p1|Clodsire, F|
|poke|p1|Corviknight, F|
|poke|p2|Ting-Lu|
|poke|p2|Clefable, F|
|poke|p2|Pecharunt|
|poke|p2|Garganacl, F|
|poke|p2|Skarmory, F|
|poke|p2|Deoxys-Speed|
|teampreview
|c|☆employment devil|hf
|
|t:|1781498993
|teamsize|p1|6
|teamsize|p2|6
|start
|switch|p1a: Sire Slayton|Clodsire, F|100/100
|switch|p2a: Clefable|Clefable, F|100/100
|turn|1
|
|t:|1781499002
|move|p2a: Clefable|Knock Off|p1a: Sire Slayton
|-damage|p1a: Sire Slayton|78/100
|-enditem|p1a: Sire Slayton|Leftovers|[from] move: Knock Off|[of] p2a: Clefable
|move|p1a: Sire Slayton|Stealth Rock|p2a: Clefable
|-sidestart|p2: employment devil|move: Stealth Rock
|
|upkeep
|turn|2
|
|t:|1781499016
|switch|p2a: Skarmory|Skarmory, F|100/100
|-damage|p2a: Skarmory|88/100|[from] Stealth Rock
|move|p1a: Sire Slayton|Earthquake|p2a: Skarmory
|-immune|p2a: Skarmory
|
|upkeep
|turn|3
|
|t:|1781499019
|switch|p1a: Beakblaster 3000|Pelipper, F|100/100
|-weather|RainDance|[from] ability: Drizzle|[of] p1a: Beakblaster 3000
|move|p2a: Skarmory|Spikes|p1a: Beakblaster 3000
|-sidestart|p1: ihymyly|Spikes
|
|-weather|RainDance|[upkeep]
|upkeep
|turn|4
|
|t:|1781499037
|switch|p2a: Clefable|Clefable, F|100/100
|move|p1a: Beakblaster 3000|Surf|p2a: Clefable
|-damage|p2a: Clefable|53/100
|
|-weather|RainDance|[upkeep]
|upkeep
|turn|5
|
|t:|1781499046
|move|p2a: Clefable|Moonblast|p1a: Beakblaster 3000
|-damage|p1a: Beakblaster 3000|26/100
|-unboost|p1a: Beakblaster 3000|spa|1
|move|p1a: Beakblaster 3000|Surf|p2a: Clefable
|-damage|p2a: Clefable|19/100
|
|-weather|RainDance|[upkeep]
|upkeep
|turn|6
|
|t:|1781499056
|switch|p1a: kcuck off|Corviknight, F|100/100
|-ability|p1a: kcuck off|Pressure
|move|p2a: Clefable|Knock Off|p1a: kcuck off
|-damage|p1a: kcuck off|89/100
|-enditem|p1a: kcuck off|Rocky Helmet|[from] move: Knock Off|[of] p2a: Clefable
|
|-weather|RainDance|[upkeep]
|upkeep
|turn|7
|
|t:|1781499061
|move|p2a: Clefable|Moonlight|p2a: Clefable
|-heal|p2a: Clefable|44/100
|move|p1a: kcuck off|Brave Bird|p2a: Clefable
|-damage|p2a: Clefable|1/100
|-damage|p1a: kcuck off|77/100|[from] Recoil
|
|-weather|RainDance|[upkeep]
|upkeep
|turn|8
|
|t:|1781499071
|move|p2a: Clefable|Moonblast|p1a: kcuck off
|-resisted|p1a: kcuck off
|-damage|p1a: kcuck off|51/100
|move|p1a: kcuck off|U-turn|p2a: Clefable
|-resisted|p2a: Clefable
|-damage|p2a: Clefable|0 fnt
|faint|p2a: Clefable
|
|t:|1781499079
|switch|p1a: Vincent Von Vain|Kingdra, M|100/100|[from] U-turn
|-damage|p1a: Vincent Von Vain|88/100|[from] Spikes
|
|-weather|RainDance|[upkeep]
|upkeep
|
|t:|1781499082
|switch|p2a: Garganacl|Garganacl, F|100/100
|turn|9
|
|t:|1781499085
|-terastallize|p2a: Garganacl|Water
|move|p1a: Vincent Von Vain|Flip Turn|p2a: Garganacl
|-resisted|p2a: Garganacl
|-damage|p2a: Garganacl|92/100
|
|t:|1781499093
|switch|p1a: Sire Slayton|Clodsire, F|78/100|[from] Flip Turn
|-damage|p1a: Sire Slayton|66/100|[from] Spikes
|move|p2a: Garganacl|Stealth Rock|p1a: Sire Slayton
|-sidestart|p1: ihymyly|move: Stealth Rock
|
|-weather|RainDance|[upkeep]
|upkeep
|turn|10
|
|t:|1781499098
|move|p2a: Garganacl|Salt Cure|p1a: Sire Slayton
|-resisted|p1a: Sire Slayton
|-damage|p1a: Sire Slayton|58/100
|-start|p1a: Sire Slayton|Salt Cure
|move|p1a: Sire Slayton|Recover|p1a: Sire Slayton
|-heal|p1a: Sire Slayton|100/100
|
|-weather|none
|-damage|p1a: Sire Slayton|88/100|[from] Salt Cure
|upkeep
|turn|11
|
|t:|1781499104
|move|p2a: Garganacl|Salt Cure|p1a: Sire Slayton
|-resisted|p1a: Sire Slayton
|-damage|p1a: Sire Slayton|80/100
|move|p1a: Sire Slayton|Earthquake|p2a: Garganacl
|-damage|p2a: Garganacl|73/100
|
|-damage|p1a: Sire Slayton|68/100|[from] Salt Cure
|upkeep
|turn|12
|
|t:|1781499115
|move|p2a: Garganacl|Recover|p2a: Garganacl
|-heal|p2a: Garganacl|100/100
|move|p1a: Sire Slayton|Earthquake|p2a: Garganacl
|-damage|p2a: Garganacl|82/100
|
|-damage|p1a: Sire Slayton|55/100|[from] Salt Cure
|upkeep
|turn|13
|
|t:|1781499119
|switch|p2a: Skarmory|Skarmory, F|88/100
|-damage|p2a: Skarmory|76/100|[from] Stealth Rock
|move|p1a: Sire Slayton|Recover|p1a: Sire Slayton
|-heal|p1a: Sire Slayton|100/100
|
|-damage|p1a: Sire Slayton|88/100|[from] Salt Cure
|upkeep
|turn|14
|
|t:|1781499124
|switch|p2a: Deoxys|Deoxys-Speed|100/100
|-ability|p2a: Deoxys|Pressure
|switch|p1a: kcuck off|Corviknight, F|51/100
|-damage|p1a: kcuck off|39/100|[from] Stealth Rock
|-ability|p1a: kcuck off|Pressure
|
|upkeep
|turn|15
|
|t:|1781499128
|move|p2a: Deoxys|Thunderbolt|p1a: kcuck off
|-supereffective|p1a: kcuck off
|-damage|p1a: kcuck off|0 fnt
|faint|p1a: kcuck off
|
|upkeep
|
|t:|1781499146
|switch|p1a: Beakblaster 3000|Pelipper, F|26/100
|-damage|p1a: Beakblaster 3000|1/100|[from] Stealth Rock
|-weather|RainDance|[from] ability: Drizzle|[of] p1a: Beakblaster 3000
|turn|16
|
|t:|1781499158
|move|p2a: Deoxys|Psycho Boost|p1a: Beakblaster 3000
|-damage|p1a: Beakblaster 3000|0 fnt
|-unboost|p2a: Deoxys|spa|2
|faint|p1a: Beakblaster 3000
|
|-weather|RainDance|[upkeep]
|upkeep
|
|t:|1781499162
|switch|p1a: Vincent Von Vain|Kingdra, M|88/100
|-damage|p1a: Vincent Von Vain|76/100|[from] Spikes
|-damage|p1a: Vincent Von Vain|63/100|[from] Stealth Rock
|turn|17
|
|t:|1781499169
|switch|p2a: Pecharunt|Pecharunt|100/100
|move|p1a: Vincent Von Vain|Weather Ball|p2a: Pecharunt
|-crit|p2a: Pecharunt
|-damage|p2a: Pecharunt|0 fnt
|faint|p2a: Pecharunt
|
|-weather|RainDance|[upkeep]
|upkeep
|
|t:|1781499173
|switch|p2a: Garganacl|Garganacl, F, tera:Water|82/100
|turn|18
|
|t:|1781499182
|move|p1a: Vincent Von Vain|Weather Ball|p2a: Garganacl
|-resisted|p2a: Garganacl
|-crit|p2a: Garganacl
|-damage|p2a: Garganacl|29/100
|move|p2a: Garganacl|Salt Cure|p1a: Vincent Von Vain
|-damage|p1a: Vincent Von Vain|48/100
|-start|p1a: Vincent Von Vain|Salt Cure
|
|-weather|RainDance|[upkeep]
|-damage|p1a: Vincent Von Vain|23/100|[from] Salt Cure
|upkeep
|turn|19
|
|t:|1781499196
|move|p1a: Vincent Von Vain|Weather Ball|p2a: Garganacl
|-resisted|p2a: Garganacl
|-damage|p2a: Garganacl|0 fnt
|faint|p2a: Garganacl
|
|-weather|RainDance|[upkeep]
|-damage|p1a: Vincent Von Vain|0 fnt|[from] Salt Cure
|faint|p1a: Vincent Von Vain
|upkeep
|
|t:|1781499204
|switch|p1a: Backscratcher|Weavile, M|100/100
|switch|p2a: Ting-Lu|Ting-Lu|100/100
|-ability|p1a: Backscratcher|Pressure
|-damage|p2a: Ting-Lu|94/100|[from] Stealth Rock
|-ability|p2a: Ting-Lu|Vessel of Ruin
|turn|20
|
|t:|1781499210
|switch|p2a: Skarmory|Skarmory, F|76/100
|-damage|p2a: Skarmory|64/100|[from] Stealth Rock
|move|p1a: Backscratcher|Knock Off|p2a: Skarmory
|-damage|p2a: Skarmory|31/100
|-damage|p1a: Backscratcher|84/100|[from] item: Rocky Helmet|[of] p2a: Skarmory
|-enditem|p2a: Skarmory|Rocky Helmet|[from] move: Knock Off|[of] p1a: Backscratcher
|
|-weather|RainDance|[upkeep]
|upkeep
|turn|21
|
|t:|1781499217
|move|p1a: Backscratcher|Triple Axel|p2a: Skarmory
|-damage|p2a: Skarmory|26/100
|-damage|p2a: Skarmory|12/100
|-damage|p2a: Skarmory|0 fnt
|faint|p2a: Skarmory
|-hitcount|p2: Skarmory|3
|
|-weather|RainDance|[upkeep]
|upkeep
|
|t:|1781499225
|switch|p2a: Deoxys|Deoxys-Speed|100/100
|-ability|p2a: Deoxys|Pressure
|turn|22
|
|t:|1781499233
|-terastallize|p1a: Backscratcher|Ghost
|move|p2a: Deoxys|Thunderbolt|p1a: Backscratcher
|-damage|p1a: Backscratcher|49/100
|move|p1a: Backscratcher|Knock Off|p2a: Deoxys
|-supereffective|p2a: Deoxys
|-damage|p2a: Deoxys|0 fnt
|-enditem|p2a: Deoxys|Heavy-Duty Boots|[from] move: Knock Off|[of] p1a: Backscratcher
|faint|p2a: Deoxys
|
|-weather|RainDance|[upkeep]
|upkeep
|
|t:|1781499236
|switch|p2a: Ting-Lu|Ting-Lu|94/100
|-damage|p2a: Ting-Lu|88/100|[from] Stealth Rock
|-ability|p2a: Ting-Lu|Vessel of Ruin
|turn|23
|
|t:|1781499241
|move|p1a: Backscratcher|Triple Axel|p2a: Ting-Lu
|-supereffective|p2a: Ting-Lu
|-damage|p2a: Ting-Lu|76/100
|-supereffective|p2a: Ting-Lu
|-damage|p2a: Ting-Lu|55/100
|-supereffective|p2a: Ting-Lu
|-damage|p2a: Ting-Lu|25/100
|-hitcount|p2a: Ting-Lu|3
|move|p2a: Ting-Lu|Earthquake|p1a: Backscratcher
|-crit|p1a: Backscratcher
|-damage|p1a: Backscratcher|0 fnt
|faint|p1a: Backscratcher
|
|-weather|none
|-heal|p2a: Ting-Lu|31/100|[from] item: Leftovers
|upkeep
|
|t:|1781499247
|switch|p1a: Elongatedkou|Raging Bolt|100/100
|-damage|p1a: Elongatedkou|88/100|[from] Spikes
|-damage|p1a: Elongatedkou|76/100|[from] Stealth Rock
|-enditem|p1a: Elongatedkou|Booster Energy
|-activate|p1a: Elongatedkou|ability: Protosynthesis|[fromitem]
|-start|p1a: Elongatedkou|protosynthesisspa
|turn|24
|
|t:|1781499252
|move|p1a: Elongatedkou|Dragon Pulse|p2a: Ting-Lu
|-damage|p2a: Ting-Lu|6/100
|move|p2a: Ting-Lu|Rest|p2a: Ting-Lu
|-status|p2a: Ting-Lu|slp|[from] move: Rest
|-heal|p2a: Ting-Lu|100/100 slp|[silent]
|
|upkeep
|turn|25
|
|t:|1781499256
|move|p1a: Elongatedkou|Dragon Pulse|p2a: Ting-Lu
|-damage|p2a: Ting-Lu|72/100 slp
|cant|p2a: Ting-Lu|slp
|move|p2a: Ting-Lu|Sleep Talk|p2a: Ting-Lu
|move|p2a: Ting-Lu|Rest||[from] move: Sleep Talk|[still]
|-fail|p2a: Ting-Lu
|
|-heal|p2a: Ting-Lu|78/100 slp|[from] item: Leftovers
|upkeep
|turn|26
|
|t:|1781499260
|move|p1a: Elongatedkou|Dragon Pulse|p2a: Ting-Lu
|-damage|p2a: Ting-Lu|49/100 slp
|cant|p2a: Ting-Lu|slp
|move|p2a: Ting-Lu|Sleep Talk|p2a: Ting-Lu
|move|p2a: Ting-Lu|Earthquake|p1a: Elongatedkou|[from] move: Sleep Talk
|-supereffective|p1a: Elongatedkou
|-damage|p1a: Elongatedkou|14/100
|
|-heal|p2a: Ting-Lu|55/100 slp|[from] item: Leftovers
|upkeep
|turn|27
|
|t:|1781499265
|move|p1a: Elongatedkou|Dragon Pulse|p2a: Ting-Lu
|-damage|p2a: Ting-Lu|26/100 slp
|-curestatus|p2a: Ting-Lu|slp|[msg]
|move|p2a: Ting-Lu|Rest|p2a: Ting-Lu
|-status|p2a: Ting-Lu|slp|[from] move: Rest
|-heal|p2a: Ting-Lu|100/100 slp|[silent]
|
|upkeep
|turn|28
|
|t:|1781499269
|move|p1a: Elongatedkou|Dragon Pulse|p2a: Ting-Lu
|-damage|p2a: Ting-Lu|73/100 slp
|cant|p2a: Ting-Lu|slp
|move|p2a: Ting-Lu|Sleep Talk|p2a: Ting-Lu
|move|p2a: Ting-Lu|Whirlwind|p1a: Elongatedkou|[from] move: Sleep Talk
|-end|p1a: Elongatedkou|Protosynthesis|[silent]
|drag|p1a: Sire Slayton|Clodsire, F|88/100
|-damage|p1a: Sire Slayton|75/100|[from] Spikes
|-damage|p1a: Sire Slayton|69/100|[from] Stealth Rock
|
|-heal|p2a: Ting-Lu|80/100 slp|[from] item: Leftovers
|upkeep
|turn|29
|
|t:|1781499274
|cant|p2a: Ting-Lu|slp
|move|p2a: Ting-Lu|Sleep Talk|p2a: Ting-Lu
|move|p2a: Ting-Lu|Earthquake|p1a: Sire Slayton|[from] move: Sleep Talk
|-supereffective|p1a: Sire Slayton
|-damage|p1a: Sire Slayton|0 fnt
|faint|p1a: Sire Slayton
|
|-heal|p2a: Ting-Lu|86/100 slp|[from] item: Leftovers
|upkeep
|-message|ihymyly forfeited.
|
|win|employment devil
|raw|ihymyly's rating: 1557 &rarr; <strong>1543</strong><br />(-14 for losing)
|raw|employment devil's rating: 1670 &rarr; <strong>1684</strong><br />(+14 for winning)
|l|☆ihymyly
|player|p1|
|c|☆employment devil|gg
|l|☆employment devil
|player|p2|
