|j|☆jonuz
|j|☆cachowcapow
|t:|1781403464
|gametype|singles
|player|p1|jonuz|265|1727
|player|p2|cachowcapow|169|1735
|gen|9
|tier|[Gen 9] OU
|rated|
|rule|HP Percentage Mod: HP is shown in percentages
|rule|Endless Battle Clause: Forcing endless battles is banned
|rule|Species Clause: Limit one of each Pokémon
|rule|OHKO Clause: OHKO moves are banned
|rule|Evasion Items Clause: Evasion items are banned
|rule|Evasion Moves Clause: Evasion moves are banned
|rule|Evasion Abilities Clause: Evasion abilities are banned
|rule|Sleep Moves Clause: Sleep-inducing moves are banned
|clearpoke
|poke|p1|Dragonite, M|
|poke|p1|Ting-Lu|
|poke|p1|Clefable, F|
|poke|p1|Pecharunt|
|poke|p1|Heatran, M|
|poke|p1|Zamazenta-*|
|poke|p2|Primarina, F|
|poke|p2|Slither Wing|
|poke|p2|Slowking-Galar, M|
|poke|p2|Great Tusk|
|poke|p2|Meowscarada, F|
|poke|p2|Gardevoir, M|
|teampreview
|
|t:|1781403483
|teamsize|p1|6
|teamsize|p2|6
|start
|switch|p1a: Dragonite|Dragonite, M|100/100
|switch|p2a: Great Tusk|Great Tusk|100/100
|turn|1
|
|t:|1781403489
|-end|p2a: Great Tusk|Protosynthesis|[silent]
|switch|p2a: Slither Wing|Slither Wing|100/100
|switch|p1a: Pecharunt|Pecharunt|100/100
|
|upkeep
|turn|2
|
|t:|1781403497
|-end|p2a: Slither Wing|Protosynthesis|[silent]
|switch|p2a: Slowking|Slowking-Galar, M|100/100
|move|p1a: Pecharunt|Shadow Ball|p2a: Slowking
|-supereffective|p2a: Slowking
|-damage|p2a: Slowking|70/100
|
|upkeep
|turn|3
|
|t:|1781403503
|move|p1a: Pecharunt|Parting Shot|p2a: Slowking
|-unboost|p2a: Slowking|atk|1
|-unboost|p2a: Slowking|spa|1
|
|t:|1781403510
|switch|p1a: Heatran|Heatran, M|100/100|[from] Parting Shot
|-prepare|p2a: Slowking|Chilly Reception|[premajor]
|move|p2a: Slowking|Chilly Reception|p2a: Slowking
|-weather|Snowscape
|
|t:|1781403518
|switch|p2a: Great Tusk|Great Tusk|100/100|[from] Chilly Reception
|
|-weather|Snowscape|[upkeep]
|upkeep
|turn|4
|
|t:|1781403524
|switch|p1a: Dragonite|Dragonite, M|100/100
|move|p2a: Great Tusk|Knock Off|p1a: Dragonite
|-damage|p1a: Dragonite|85/100
|-enditem|p1a: Dragonite|Heavy-Duty Boots|[from] move: Knock Off|[of] p2a: Great Tusk
|
|-weather|Snowscape|[upkeep]
|upkeep
|turn|5
|
|t:|1781403534
|switch|p1a: Pecharunt|Pecharunt|100/100
|move|p2a: Great Tusk|Knock Off|p1a: Pecharunt
|-supereffective|p1a: Pecharunt
|-damage|p1a: Pecharunt|69/100
|-enditem|p1a: Pecharunt|Heavy-Duty Boots|[from] move: Knock Off|[of] p2a: Great Tusk
|
|-weather|Snowscape|[upkeep]
|upkeep
|turn|6
|
|t:|1781403539
|move|p2a: Great Tusk|Headlong Rush|p1a: Pecharunt
|-supereffective|p1a: Pecharunt
|-damage|p1a: Pecharunt|15/100
|-unboost|p2a: Great Tusk|def|1
|-unboost|p2a: Great Tusk|spd|1
|move|p1a: Pecharunt|Parting Shot|p2a: Great Tusk
|-unboost|p2a: Great Tusk|atk|1
|-unboost|p2a: Great Tusk|spa|1
|
|t:|1781403542
|switch|p1a: Clefable|Clefable, F|100/100|[from] Parting Shot
|
|-weather|Snowscape|[upkeep]
|upkeep
|turn|7
|
|t:|1781403546
|-end|p2a: Great Tusk|Protosynthesis|[silent]
|switch|p2a: Slowking|Slowking-Galar, M|100/100
|move|p1a: Clefable|Knock Off|p2a: Slowking
|-supereffective|p2a: Slowking
|-damage|p2a: Slowking|68/100
|-enditem|p2a: Slowking|Heavy-Duty Boots|[from] move: Knock Off|[of] p1a: Clefable
|
|-weather|none
|upkeep
|turn|8
|
|t:|1781403549
|switch|p1a: Pecharunt|Pecharunt|15/100
|-prepare|p2a: Slowking|Chilly Reception|[premajor]
|move|p2a: Slowking|Chilly Reception|p2a: Slowking
|-weather|Snowscape
|
|t:|1781403563
|switch|p2a: Great Tusk|Great Tusk|100/100|[from] Chilly Reception
|
|-weather|Snowscape|[upkeep]
|upkeep
|turn|9
|
|t:|1781403567
|move|p2a: Great Tusk|Knock Off|p1a: Pecharunt
|-supereffective|p1a: Pecharunt
|-damage|p1a: Pecharunt|0 fnt
|faint|p1a: Pecharunt
|
|-weather|Snowscape|[upkeep]
|upkeep
|
|t:|1781403573
|switch|p1a: Clefable|Clefable, F|100/100
|turn|10
|
|t:|1781403581
|-end|p2a: Great Tusk|Protosynthesis|[silent]
|switch|p2a: Slowking|Slowking-Galar, M|100/100
|move|p1a: Clefable|Calm Mind|p1a: Clefable
|-boost|p1a: Clefable|spa|1
|-boost|p1a: Clefable|spd|1
|
|-weather|Snowscape|[upkeep]
|upkeep
|turn|11
|
|t:|1781403583
|move|p1a: Clefable|Calm Mind|p1a: Clefable
|-boost|p1a: Clefable|spa|1
|-boost|p1a: Clefable|spd|1
|move|p2a: Slowking|Sludge Bomb|p1a: Clefable
|-supereffective|p1a: Clefable
|-damage|p1a: Clefable|70/100
|-status|p1a: Clefable|psn
|
|-weather|Snowscape|[upkeep]
|-heal|p1a: Clefable|76/100 psn|[from] item: Leftovers
|upkeep
|turn|12
|
|t:|1781403585
|move|p1a: Clefable|Calm Mind|p1a: Clefable
|-boost|p1a: Clefable|spa|1
|-boost|p1a: Clefable|spd|1
|-prepare|p2a: Slowking|Chilly Reception|[premajor]
|move|p2a: Slowking|Chilly Reception|p2a: Slowking
|
|t:|1781403588
|switch|p2a: Primarina|Primarina, F, shiny|100/100|[from] Chilly Reception
|
|-weather|none
|-heal|p1a: Clefable|82/100 psn|[from] item: Leftovers
|upkeep
|turn|13
|
|t:|1781403589
|move|p2a: Primarina|Encore|p1a: Clefable
|-start|p1a: Clefable|Encore
|move|p1a: Clefable|Calm Mind|p1a: Clefable
|-boost|p1a: Clefable|spa|1
|-boost|p1a: Clefable|spd|1
|
|-heal|p1a: Clefable|88/100 psn|[from] item: Leftovers
|upkeep
|turn|14
|
|t:|1781403593
|switch|p1a: Heatran|Heatran, M|100/100
|move|p2a: Primarina|Psychic Noise|p1a: Heatran
|-supereffective|p1a: Heatran
|-damage|p1a: Heatran|62/100
|-start|p1a: Heatran|move: Heal Block
|
|upkeep
|turn|15
|
|t:|1781403596
|move|p1a: Heatran|Stealth Rock|p2a: Primarina
|-sidestart|p2: cachowcapow|move: Stealth Rock
|move|p2a: Primarina|Calm Mind|p2a: Primarina
|-boost|p2a: Primarina|spa|1
|-boost|p2a: Primarina|spd|1
|
|-end|p1a: Heatran|move: Heal Block
|upkeep
|turn|16
|
|t:|1781403603
|move|p1a: Heatran|Magma Storm|p2a: Primarina
|-resisted|p2a: Primarina
|-damage|p2a: Primarina|89/100
|-activate|p2a: Primarina|move: Magma Storm|[of] p1a: Heatran
|move|p2a: Primarina|Psychic Noise|p1a: Heatran
|-supereffective|p1a: Heatran
|-damage|p1a: Heatran|0 fnt
|faint|p1a: Heatran
|
|-heal|p2a: Primarina|95/100|[from] item: Leftovers
|-end|p2a: Primarina|Magma Storm|[partiallytrapped]|[silent]
|upkeep
|
|t:|1781403606
|switch|p1a: Ting-Lu|Ting-Lu|100/100
|-ability|p1a: Ting-Lu|Vessel of Ruin
|turn|17
|
|t:|1781403608
|move|p2a: Primarina|Psychic Noise|p1a: Ting-Lu
|-supereffective|p1a: Ting-Lu
|-crit|p1a: Ting-Lu
|-damage|p1a: Ting-Lu|39/100
|-start|p1a: Ting-Lu|move: Heal Block
|move|p1a: Ting-Lu|Whirlwind|p2a: Primarina
|drag|p2a: Meowscarada|Meowscarada, F|100/100
|-damage|p2a: Meowscarada|88/100|[from] Stealth Rock
|
|upkeep
|turn|18
|
|t:|1781403611
|move|p2a: Meowscarada|U-turn|p1a: Ting-Lu
|-start|p2a: Meowscarada|typechange|Bug|[from] ability: Protean
|-supereffective|p1a: Ting-Lu
|-damage|p1a: Ting-Lu|7/100
|
|t:|1781403615
|switch|p2a: Great Tusk|Great Tusk|100/100|[from] U-turn
|move|p1a: Ting-Lu|Spikes|p2a: Great Tusk
|-sidestart|p2: cachowcapow|Spikes
|
|-end|p1a: Ting-Lu|move: Heal Block
|upkeep
|turn|19
|
|t:|1781403618
|move|p2a: Great Tusk|Rapid Spin|p1a: Ting-Lu
|-damage|p1a: Ting-Lu|0 fnt
|-boost|p2a: Great Tusk|spe|1
|-sideend|p2: cachowcapow|Spikes|[from] move: Rapid Spin|[of] p2a: Great Tusk
|-sideend|p2: cachowcapow|Stealth Rock|[from] move: Rapid Spin|[of] p2a: Great Tusk
|faint|p1a: Ting-Lu
|
|upkeep
|
|t:|1781403620
|switch|p1a: Clefable|Clefable, F|88/100 psn
|turn|20
|
|t:|1781403623
|-end|p2a: Great Tusk|Protosynthesis|[silent]
|switch|p2a: Slowking|Slowking-Galar, M|100/100
|move|p1a: Clefable|Moonblast|p2a: Slowking
|-resisted|p2a: Slowking
|-damage|p2a: Slowking|91/100
|
|-heal|p1a: Clefable|94/100 psn|[from] item: Leftovers
|upkeep
|turn|21
|
|t:|1781403626
|move|p1a: Clefable|Knock Off|p2a: Slowking
|-supereffective|p2a: Slowking
|-damage|p2a: Slowking|71/100
|-prepare|p2a: Slowking|Chilly Reception|[premajor]
|move|p2a: Slowking|Chilly Reception|p2a: Slowking
|-weather|Snowscape
|
|t:|1781403630
|switch|p2a: Gardevoir|Gardevoir, M, shiny|100/100|[from] Chilly Reception
|-ability|p2a: Gardevoir|Magic Guard|Trace|[from] ability: Trace|[of] p1a: Clefable
|
|-weather|Snowscape|[upkeep]
|-heal|p1a: Clefable|100/100 psn|[from] item: Leftovers
|upkeep
|turn|22
|
|t:|1781403634
|switch|p2a: Primarina|Primarina, F, shiny|95/100
|move|p1a: Clefable|Knock Off|p2a: Primarina
|-resisted|p2a: Primarina
|-damage|p2a: Primarina|89/100
|-enditem|p2a: Primarina|Leftovers|[from] move: Knock Off|[of] p1a: Clefable
|
|-weather|Snowscape|[upkeep]
|upkeep
|turn|23
|
|t:|1781403637
|move|p2a: Primarina|Calm Mind|p2a: Primarina
|-boost|p2a: Primarina|spa|1
|-boost|p2a: Primarina|spd|1
|move|p1a: Clefable|Moonblast|p2a: Primarina
|-damage|p2a: Primarina|72/100
|-unboost|p2a: Primarina|spa|1
|
|-weather|Snowscape|[upkeep]
|upkeep
|turn|24
|
|t:|1781403640
|move|p2a: Primarina|Psychic Noise|p1a: Clefable
|-damage|p1a: Clefable|71/100 psn
|-start|p1a: Clefable|move: Heal Block
|move|p1a: Clefable|Moonblast|p2a: Primarina
|-damage|p2a: Primarina|55/100
|
|-weather|Snowscape|[upkeep]
|upkeep
|turn|25
|
|t:|1781403642
|move|p2a: Primarina|Encore|p1a: Clefable
|-start|p1a: Clefable|Encore
|move|p1a: Clefable|Moonblast|p2a: Primarina
|-damage|p2a: Primarina|36/100
|
|-weather|none
|-end|p1a: Clefable|move: Heal Block
|upkeep
|turn|26
|
|t:|1781403644
|switch|p2a: Slowking|Slowking-Galar, M|100/100
|move|p1a: Clefable|Moonblast|p2a: Slowking
|-resisted|p2a: Slowking
|-damage|p2a: Slowking|91/100
|
|-heal|p1a: Clefable|77/100 psn|[from] item: Leftovers
|upkeep
|turn|27
|
|t:|1781403646
|move|p1a: Clefable|Moonblast|p2a: Slowking
|-resisted|p2a: Slowking
|-damage|p2a: Slowking|82/100
|move|p2a: Slowking|Sludge Bomb|p1a: Clefable
|-supereffective|p1a: Clefable
|-damage|p1a: Clefable|13/100 psn
|
|-heal|p1a: Clefable|19/100 psn|[from] item: Leftovers
|-end|p1a: Clefable|Encore
|upkeep
|turn|28
|
|t:|1781403649
|move|p1a: Clefable|Knock Off|p2a: Slowking
|-supereffective|p2a: Slowking
|-damage|p2a: Slowking|61/100
|move|p2a: Slowking|Sludge Bomb|p1a: Clefable
|-supereffective|p1a: Clefable
|-damage|p1a: Clefable|0 fnt
|faint|p1a: Clefable
|
|upkeep
|
|t:|1781403651
|switch|p1a: Zamazenta|Zamazenta|100/100
|-ability|p1a: Zamazenta|Dauntless Shield|boost
|-boost|p1a: Zamazenta|def|1
|turn|29
|
|t:|1781403653
|switch|p2a: Slither Wing|Slither Wing|100/100
|move|p1a: Zamazenta|Howl|p1a: Zamazenta
|-boost|p1a: Zamazenta|atk|1
|
|upkeep
|turn|30
|
|t:|1781403657
|-terastallize|p1a: Zamazenta|Fire
|move|p1a: Zamazenta|Howl|p1a: Zamazenta
|-boost|p1a: Zamazenta|atk|1
|move|p2a: Slither Wing|Will-O-Wisp|p1a: Zamazenta
|-immune|p1a: Zamazenta
|
|upkeep
|turn|31
|
|t:|1781403664
|move|p1a: Zamazenta|Ice Fang|p2a: Slither Wing
|-crit|p2a: Slither Wing
|-damage|p2a: Slither Wing|47/100
|-damage|p1a: Zamazenta|84/100|[from] item: Rocky Helmet|[of] p2a: Slither Wing
|move|p2a: Slither Wing|U-turn|p1a: Zamazenta
|-resisted|p1a: Zamazenta
|-damage|p1a: Zamazenta|74/100
|
|t:|1781403674
|-end|p2a: Slither Wing|Protosynthesis|[silent]
|switch|p2a: Great Tusk|Great Tusk|100/100|[from] U-turn
|
|upkeep
|turn|32
|
|t:|1781403676
|move|p1a: Zamazenta|Close Combat|p2a: Great Tusk
|-damage|p2a: Great Tusk|19/100
|-unboost|p1a: Zamazenta|def|1
|-unboost|p1a: Zamazenta|spd|1
|move|p2a: Great Tusk|Headlong Rush|p1a: Zamazenta
|-supereffective|p1a: Zamazenta
|-damage|p1a: Zamazenta|0 fnt
|-unboost|p2a: Great Tusk|def|1
|-unboost|p2a: Great Tusk|spd|1
|faint|p1a: Zamazenta
|
|upkeep
|-message|jonuz forfeited.
|
|win|cachowcapow
|raw|jonuz's rating: 1727 &rarr; <strong>1707</strong><br />(-20 for losing)
|raw|cachowcapow's rating: 1735 &rarr; <strong>1755</strong><br />(+20 for winning)
|l|☆jonuz
|player|p1|
|l|☆cachowcapow
|player|p2|
