|badge|p2|bronze|gen9ou|100-9
|uhtml|medal-msg|<div class="broadcast-blue">Curious what those medals under the avatar are? PS now has Ladder Seasons! For more information, check out the <a href="https://www.smogon.com/forums/threads/3740067/">thread on Smogon.</a></div>
|j|☆healorant
|j|☆crck like alakazam
|t:|1781561699
|gametype|singles
|player|p1|healorant|alder|1854
|player|p2|crck like alakazam|psychic-gen4|1895
|gen|9
|tier|[Gen 9] OU
|rated|
|rule|HP Percentage Mod: HP is shown in percentages
|rule|Endless Battle Clause: Forcing endless battles is banned
|rule|Species Clause: Limit one of each Pokémon
|rule|OHKO Clause: OHKO moves are banned
|rule|Evasion Items Clause: Evasion items are banned
|rule|Evasion Moves Clause: Evasion moves are banned
|rule|Evasion Abilities Clause: Evasion abilities are banned
|rule|Sleep Moves Clause: Sleep-inducing moves are banned
|clearpoke
|poke|p1|Cinderace, M|
|poke|p1|Great Tusk|
|poke|p1|Hatterene, F|
|poke|p1|Tornadus-Therian, M|
|poke|p1|Kyurem|
|poke|p1|Zamazenta-*|
|poke|p2|Iron Treads|
|poke|p2|Pelipper, M|
|poke|p2|Dondozo, F|
|poke|p2|Overqwil, M|
|poke|p2|Enamorus, F|
|poke|p2|Raging Bolt|
|teampreview
|inactive|Battle timer is ON: inactive players will automatically lose when time's up. (requested by crck like alakazam)
|j| lowladderubersnoob
|inactive|crck like alakazam has 120 seconds left.
|
|t:|1781561731
|teamsize|p1|6
|teamsize|p2|6
|start
|switch|p1a: Great Tusk|Great Tusk|100/100
|switch|p2a: GangStarrFromAbove|Enamorus, F|100/100
|turn|1
|j| padd35
|
|t:|1781561741
|switch|p2a: 4Pc Peliac Combo|Pelipper, M|100/100
|-weather|RainDance|[from] ability: Drizzle|[of] p2a: 4Pc Peliac Combo
|-end|p1a: Great Tusk|Protosynthesis|[silent]
|switch|p1a: Tornadus|Tornadus-Therian, M|100/100
|
|-weather|RainDance|[upkeep]
|upkeep
|turn|2
|
|t:|1781561743
|switch|p2a: Ol'DirtyBolt|Raging Bolt|100/100
|-enditem|p2a: Ol'DirtyBolt|Booster Energy
|-activate|p2a: Ol'DirtyBolt|ability: Protosynthesis|[fromitem]
|-start|p2a: Ol'DirtyBolt|protosynthesisspa
|move|p1a: Tornadus|Bleakwind Storm|p2a: Ol'DirtyBolt
|-resisted|p2a: Ol'DirtyBolt
|-damage|p2a: Ol'DirtyBolt|84/100
|
|-weather|RainDance|[upkeep]
|upkeep
|turn|3
|
|t:|1781561750
|move|p1a: Tornadus|Knock Off|p2a: Ol'DirtyBolt
|-damage|p2a: Ol'DirtyBolt|71/100
|move|p2a: Ol'DirtyBolt|Dragon Pulse|p1a: Tornadus
|-damage|p1a: Tornadus|52/100
|
|-weather|RainDance|[upkeep]
|upkeep
|turn|4
|
|t:|1781561755
|move|p1a: Tornadus|U-turn|p2a: Ol'DirtyBolt
|-damage|p2a: Ol'DirtyBolt|57/100
|
|t:|1781561757
|switch|p1a: Great Tusk|Great Tusk|100/100|[from] U-turn
|move|p2a: Ol'DirtyBolt|Weather Ball|p1a: Great Tusk
|-supereffective|p1a: Great Tusk
|-damage|p1a: Great Tusk|0 fnt
|faint|p1a: Great Tusk
|-end|p1a: Great Tusk|Protosynthesis|[silent]
|
|-weather|RainDance|[upkeep]
|upkeep
|
|t:|1781561760
|switch|p1a: Kyurem|Kyurem|100/100
|-ability|p1a: Kyurem|Pressure
|turn|5
|
|t:|1781561774
|switch|p1a: Hatterene|Hatterene, F|100/100
|-terastallize|p2a: Ol'DirtyBolt|Fairy
|move|p2a: Ol'DirtyBolt|Dragon Pulse|p1a: Hatterene
|-immune|p1a: Hatterene
|
|-weather|RainDance|[upkeep]
|upkeep
|turn|6
|
|t:|1781561777
|move|p2a: Ol'DirtyBolt|Thunder|p1a: Hatterene
|-damage|p1a: Hatterene|8/100
|move|p1a: Hatterene|Nuzzle|p2a: Ol'DirtyBolt
|-damage|p2a: Ol'DirtyBolt|54/100
|-status|p2a: Ol'DirtyBolt|par
|
|-weather|RainDance|[upkeep]
|-heal|p1a: Hatterene|14/100|[from] item: Leftovers
|upkeep
|turn|7
|
|t:|1781561783
|move|p2a: Ol'DirtyBolt|Thunder|p1a: Hatterene
|-damage|p1a: Hatterene|0 fnt
|faint|p1a: Hatterene
|
|-weather|RainDance|[upkeep]
|upkeep
|
|t:|1781561788
|switch|p1a: Cinderace|Cinderace, M|100/100
|turn|8
|
|t:|1781561793
|move|p1a: Cinderace|Gunk Shot|p2a: Ol'DirtyBolt
|-start|p1a: Cinderace|typechange|Poison|[from] ability: Libero
|-supereffective|p2a: Ol'DirtyBolt
|-damage|p2a: Ol'DirtyBolt|0 fnt
|faint|p2a: Ol'DirtyBolt
|-end|p2a: Ol'DirtyBolt|Protosynthesis|[silent]
|
|-weather|none
|upkeep
|
|t:|1781561798
|switch|p2a: 4Pc Peliac Combo|Pelipper, M|100/100
|-weather|RainDance|[from] ability: Drizzle|[of] p2a: 4Pc Peliac Combo
|turn|9
|
|t:|1781561800
|switch|p1a: Tornadus|Tornadus-Therian, M|85/100
|move|p2a: 4Pc Peliac Combo|U-turn|p1a: Tornadus
|-resisted|p1a: Tornadus
|-damage|p1a: Tornadus|80/100
|
|t:|1781561803
|switch|p2a: PurpleRain|Overqwil, M, shiny|100/100|[from] U-turn
|
|-weather|RainDance|[upkeep]
|upkeep
|turn|10
|
|t:|1781561807
|move|p2a: PurpleRain|Gunk Shot|p1a: Tornadus
|-damage|p1a: Tornadus|0 fnt
|faint|p1a: Tornadus
|-damage|p2a: PurpleRain|91/100|[from] item: Life Orb
|
|-weather|RainDance|[upkeep]
|upkeep
|
|t:|1781561810
|switch|p1a: Zamazenta|Zamazenta|100/100
|-ability|p1a: Zamazenta|Dauntless Shield|boost
|-boost|p1a: Zamazenta|def|1
|turn|11
|
|t:|1781561812
|switch|p2a: 4Pc Peliac Combo|Pelipper, M|100/100
|move|p1a: Zamazenta|Close Combat|p2a: 4Pc Peliac Combo
|-resisted|p2a: 4Pc Peliac Combo
|-damage|p2a: 4Pc Peliac Combo|74/100
|-unboost|p1a: Zamazenta|def|1
|-unboost|p1a: Zamazenta|spd|1
|
|-weather|RainDance|[upkeep]
|upkeep
|turn|12
|
|t:|1781561833
|move|p1a: Zamazenta|Stone Edge|p2a: 4Pc Peliac Combo
|-supereffective|p2a: 4Pc Peliac Combo
|-damage|p2a: 4Pc Peliac Combo|19/100
|move|p2a: 4Pc Peliac Combo|Hurricane|p1a: Zamazenta
|-supereffective|p1a: Zamazenta
|-damage|p1a: Zamazenta|2/100
|
|-weather|RainDance|[upkeep]
|upkeep
|turn|13
|
|t:|1781561848
|move|p1a: Zamazenta|Close Combat|p2a: 4Pc Peliac Combo
|-resisted|p2a: 4Pc Peliac Combo
|-damage|p2a: 4Pc Peliac Combo|0 fnt
|-unboost|p1a: Zamazenta|def|1
|-unboost|p1a: Zamazenta|spd|1
|faint|p2a: 4Pc Peliac Combo
|
|-weather|RainDance|[upkeep]
|upkeep
|
|t:|1781561853
|switch|p2a: C.T.E.Spins|Iron Treads|100/100
|-enditem|p2a: C.T.E.Spins|Booster Energy
|-activate|p2a: C.T.E.Spins|ability: Quark Drive|[fromitem]
|-start|p2a: C.T.E.Spins|quarkdrivespe
|turn|14
|
|t:|1781561856
|move|p2a: C.T.E.Spins|Earthquake|p1a: Zamazenta
|-damage|p1a: Zamazenta|0 fnt
|faint|p1a: Zamazenta
|
|-weather|RainDance|[upkeep]
|upkeep
|
|t:|1781561858
|switch|p1a: Kyurem|Kyurem|100/100
|-ability|p1a: Kyurem|Pressure
|turn|15
|
|t:|1781561861
|move|p2a: C.T.E.Spins|Earthquake|p1a: Kyurem
|-damage|p1a: Kyurem|65/100
|move|p1a: Kyurem|Earth Power|p2a: C.T.E.Spins
|-supereffective|p2a: C.T.E.Spins
|-damage|p2a: C.T.E.Spins|32/100
|
|-weather|RainDance|[upkeep]
|-heal|p1a: Kyurem|71/100|[from] item: Leftovers
|upkeep
|turn|16
|
|t:|1781561866
|move|p1a: Kyurem|Protect|p1a: Kyurem
|-singleturn|p1a: Kyurem|Protect
|move|p2a: C.T.E.Spins|Earthquake|p1a: Kyurem
|-activate|p1a: Kyurem|move: Protect
|
|-weather|none
|-heal|p1a: Kyurem|77/100|[from] item: Leftovers
|upkeep
|turn|17
|
|t:|1781561872
|move|p2a: C.T.E.Spins|Earthquake|p1a: Kyurem
|-damage|p1a: Kyurem|43/100
|move|p1a: Kyurem|Earth Power|p2a: C.T.E.Spins
|-supereffective|p2a: C.T.E.Spins
|-damage|p2a: C.T.E.Spins|0 fnt
|faint|p2a: C.T.E.Spins
|-end|p2a: C.T.E.Spins|Quark Drive|[silent]
|
|-heal|p1a: Kyurem|49/100|[from] item: Leftovers
|upkeep
|
|t:|1781561878
|switch|p2a: GangStarrFromAbove|Enamorus, F|100/100
|turn|18
|
|t:|1781561880
|move|p1a: Kyurem|Protect|p1a: Kyurem
|-singleturn|p1a: Kyurem|Protect
|move|p2a: GangStarrFromAbove|Moonblast|p1a: Kyurem
|-activate|p1a: Kyurem|move: Protect
|
|-heal|p1a: Kyurem|55/100|[from] item: Leftovers
|upkeep
|turn|19
|
|t:|1781561885
|switch|p1a: Cinderace|Cinderace, M|100/100
|move|p2a: GangStarrFromAbove|Moonblast|p1a: Cinderace
|-resisted|p1a: Cinderace
|-damage|p1a: Cinderace|61/100
|-unboost|p1a: Cinderace|spa|1
|
|upkeep
|turn|20
|
|t:|1781561893
|switch|p2a: WishABozoWould|Dondozo, F|100/100
|move|p1a: Cinderace|Gunk Shot|p2a: WishABozoWould|[miss]
|-start|p1a: Cinderace|typechange|Poison|[from] ability: Libero
|-miss|p1a: Cinderace|p2a: WishABozoWould
|
|upkeep
|turn|21
|
|t:|1781561898
|move|p1a: Cinderace|Gunk Shot|p2a: WishABozoWould
|-damage|p2a: WishABozoWould|42/100
|-status|p2a: WishABozoWould|psn
|move|p2a: WishABozoWould|Outrage|p1a: Cinderace
|-damage|p1a: Cinderace|0 fnt
|faint|p1a: Cinderace
|
|-damage|p2a: WishABozoWould|30/100 psn|[from] psn
|upkeep
|
|t:|1781561901
|switch|p1a: Kyurem|Kyurem|55/100
|-ability|p1a: Kyurem|Pressure
|turn|22
|
|t:|1781561905
|move|p1a: Kyurem|Protect|p1a: Kyurem
|-singleturn|p1a: Kyurem|Protect
|move|p2a: WishABozoWould|Outrage|p1a: Kyurem|[from] lockedmove
|-activate|p1a: Kyurem|move: Protect
|-start|p2a: WishABozoWould|confusion|[fatigue]
|
|-heal|p1a: Kyurem|62/100|[from] item: Leftovers
|-damage|p2a: WishABozoWould|17/100 psn|[from] psn
|upkeep
|turn|23
|
|t:|1781561914
|move|p1a: Kyurem|Freeze-Dry|p2a: WishABozoWould
|-supereffective|p2a: WishABozoWould
|-damage|p2a: WishABozoWould|0 fnt
|faint|p2a: WishABozoWould
|
|-heal|p1a: Kyurem|68/100|[from] item: Leftovers
|upkeep
|
|t:|1781561924
|switch|p2a: GangStarrFromAbove|Enamorus, F|100/100
|turn|24
|
|t:|1781561928
|move|p1a: Kyurem|Protect|p1a: Kyurem
|-singleturn|p1a: Kyurem|Protect
|move|p2a: GangStarrFromAbove|Moonblast|p1a: Kyurem
|-activate|p1a: Kyurem|move: Protect
|
|-heal|p1a: Kyurem|74/100|[from] item: Leftovers
|upkeep
|turn|25
|
|t:|1781561932
|-terastallize|p1a: Kyurem|Ground
|move|p2a: GangStarrFromAbove|Moonblast|p1a: Kyurem
|-damage|p1a: Kyurem|26/100
|move|p1a: Kyurem|Freeze-Dry|p2a: GangStarrFromAbove
|-supereffective|p2a: GangStarrFromAbove
|-damage|p2a: GangStarrFromAbove|8/100
|
|-heal|p1a: Kyurem|32/100|[from] item: Leftovers
|upkeep
|turn|26
|
|t:|1781561938
|move|p1a: Kyurem|Protect|p1a: Kyurem
|-singleturn|p1a: Kyurem|Protect
|move|p2a: GangStarrFromAbove|Moonblast|p1a: Kyurem
|-activate|p1a: Kyurem|move: Protect
|
|-heal|p1a: Kyurem|39/100|[from] item: Leftovers
|upkeep
|turn|27
|
|t:|1781561940
|move|p1a: Kyurem|Protect||[still]
|-fail|p1a: Kyurem
|move|p2a: GangStarrFromAbove|Moonblast|p1a: Kyurem
|-damage|p1a: Kyurem|0 fnt
|faint|p1a: Kyurem
|
|win|crck like alakazam
|raw|healorant's rating: 1854 &rarr; <strong>1836</strong><br />(-18 for losing)
|raw|crck like alakazam's rating: 1895 &rarr; <strong>1913</strong><br />(+18 for winning)
|l|☆crck like alakazam
|player|p2|
|l|☆healorant
|player|p1|
