|j|☆Trainer #39
|j|☆drop a baby
|t:|1781028794
|gametype|singles
|player|p1|Trainer #39|bugsy|1763
|player|p2|drop a baby|chase|1660
|gen|9
|tier|[Gen 9] OU
|rated|
|rule|HP Percentage Mod: HP is shown in percentages
|rule|Endless Battle Clause: Forcing endless battles is banned
|rule|Species Clause: Limit one of each Pokémon
|rule|OHKO Clause: OHKO moves are banned
|rule|Evasion Items Clause: Evasion items are banned
|rule|Evasion Moves Clause: Evasion moves are banned
|rule|Evasion Abilities Clause: Evasion abilities are banned
|rule|Sleep Moves Clause: Sleep-inducing moves are banned
|clearpoke
|poke|p1|Blissey, F|
|poke|p1|Corviknight, M|
|poke|p1|Dondozo, M|
|poke|p1|Gliscor, M|
|poke|p1|Clefable, M|
|poke|p1|Slowking-Galar, M|
|poke|p2|Enamorus, F|
|poke|p2|Dragapult, M|
|poke|p2|Iron Valiant|
|poke|p2|Gholdengo|
|poke|p2|Iron Treads|
|poke|p2|Kingambit, M|
|teampreview
|c|☆drop a baby|Hf bigger bro
|inactive|Battle timer is ON: inactive players will automatically lose when time's up. (requested by drop a baby)
|
|t:|1781028863
|teamsize|p1|6
|teamsize|p2|6
|start
|switch|p1a: Free Palestine|Gliscor, M|100/100
|switch|p2a: Iron Treads|Iron Treads|100/100
|-enditem|p2a: Iron Treads|Booster Energy
|-activate|p2a: Iron Treads|ability: Quark Drive|[fromitem]
|-start|p2a: Iron Treads|quarkdrivespe
|turn|1
|
|t:|1781028868
|move|p1a: Free Palestine|Protect|p1a: Free Palestine
|-singleturn|p1a: Free Palestine|Protect
|move|p2a: Iron Treads|Stealth Rock|p1a: Free Palestine
|-sidestart|p1: Trainer #39|move: Stealth Rock
|
|-status|p1a: Free Palestine|tox|[from] item: Toxic Orb
|upkeep
|turn|2
|
|t:|1781028873
|move|p2a: Iron Treads|Knock Off|p1a: Free Palestine
|-damage|p1a: Free Palestine|86/100 tox
|-enditem|p1a: Free Palestine|Toxic Orb|[from] move: Knock Off|[of] p2a: Iron Treads
|move|p1a: Free Palestine|Earthquake|p2a: Iron Treads
|-supereffective|p2a: Iron Treads
|-damage|p2a: Iron Treads|52/100
|
|-heal|p1a: Free Palestine|98/100 tox|[from] ability: Poison Heal
|upkeep
|turn|3
|
|t:|1781028876
|move|p2a: Iron Treads|Rapid Spin|p1a: Free Palestine
|-damage|p1a: Free Palestine|90/100 tox
|-boost|p2a: Iron Treads|spe|1
|move|p1a: Free Palestine|Earthquake|p2a: Iron Treads
|-supereffective|p2a: Iron Treads
|-damage|p2a: Iron Treads|3/100
|
|-heal|p1a: Free Palestine|100/100 tox|[from] ability: Poison Heal
|upkeep
|turn|4
|
|t:|1781028879
|move|p2a: Iron Treads|Knock Off|p1a: Free Palestine
|-crit|p1a: Free Palestine
|-damage|p1a: Free Palestine|84/100 tox
|move|p1a: Free Palestine|Earthquake|p2a: Iron Treads
|-supereffective|p2a: Iron Treads
|-damage|p2a: Iron Treads|0 fnt
|faint|p2a: Iron Treads
|-end|p2a: Iron Treads|Quark Drive|[silent]
|
|-heal|p1a: Free Palestine|96/100 tox|[from] ability: Poison Heal
|upkeep
|
|t:|1781028881
|switch|p2a: Enamorus|Enamorus, F|100/100
|turn|5
|
|t:|1781028884
|move|p1a: Free Palestine|Protect|p1a: Free Palestine
|-singleturn|p1a: Free Palestine|Protect
|move|p2a: Enamorus|Substitute|p2a: Enamorus
|-start|p2a: Enamorus|Substitute
|-damage|p2a: Enamorus|76/100
|
|-heal|p2a: Enamorus|82/100|[from] item: Leftovers
|-heal|p1a: Free Palestine|100/100 tox|[from] ability: Poison Heal
|upkeep
|turn|6
|
|t:|1781028887
|switch|p1a: Save Sudan|Slowking-Galar, M|100/100
|-damage|p1a: Save Sudan|88/100|[from] Stealth Rock
|move|p2a: Enamorus|Calm Mind|p2a: Enamorus
|-boost|p2a: Enamorus|spa|1
|-boost|p2a: Enamorus|spd|1
|
|-heal|p2a: Enamorus|88/100|[from] item: Leftovers
|upkeep
|turn|7
|
|t:|1781028889
|move|p2a: Enamorus|Earth Power|p1a: Save Sudan
|-supereffective|p1a: Save Sudan
|-damage|p1a: Save Sudan|13/100
|move|p1a: Save Sudan|Sludge Bomb|p2a: Enamorus
|-supereffective|p2a: Enamorus
|-crit|p2a: Enamorus
|-end|p2a: Enamorus|Substitute
|
|-heal|p2a: Enamorus|94/100|[from] item: Leftovers
|upkeep
|turn|8
|
|t:|1781028897
|switch|p1a: brat|Blissey, F|100/100
|move|p2a: Enamorus|Moonblast|p1a: brat
|-damage|p1a: brat|74/100
|-unboost|p1a: brat|spa|1
|
|-heal|p2a: Enamorus|100/100|[from] item: Leftovers
|upkeep
|turn|9
|
|t:|1781028903
|switch|p2a: Iron Valiant|Iron Valiant|100/100
|-enditem|p2a: Iron Valiant|Booster Energy
|-activate|p2a: Iron Valiant|ability: Quark Drive|[fromitem]
|-start|p2a: Iron Valiant|quarkdrivespe
|move|p1a: brat|Calm Mind|p1a: brat
|-boost|p1a: brat|spa|1
|-boost|p1a: brat|spd|1
|
|upkeep
|turn|10
|
|t:|1781028905
|switch|p1a: Free Lebanon|Clefable, M|100/100
|move|p2a: Iron Valiant|Swords Dance|p2a: Iron Valiant
|-boost|p2a: Iron Valiant|atk|2
|
|upkeep
|turn|11
|
|t:|1781028907
|move|p2a: Iron Valiant|Spirit Break|p1a: Free Lebanon
|-damage|p1a: Free Lebanon|57/100
|-unboost|p1a: Free Lebanon|spa|1
|move|p1a: Free Lebanon|Moonblast|p2a: Iron Valiant
|-supereffective|p2a: Iron Valiant
|-damage|p2a: Iron Valiant|32/100
|
|upkeep
|turn|12
|
|t:|1781028913
|move|p2a: Iron Valiant|Spirit Break|p1a: Free Lebanon
|-damage|p1a: Free Lebanon|12/100
|-unboost|p1a: Free Lebanon|spa|1
|move|p1a: Free Lebanon|Wish|p1a: Free Lebanon
|
|upkeep
|turn|13
|
|t:|1781028916
|move|p1a: Free Lebanon|Protect|p1a: Free Lebanon
|-singleturn|p1a: Free Lebanon|Protect
|move|p2a: Iron Valiant|Spirit Break|p1a: Free Lebanon
|-activate|p1a: Free Lebanon|move: Protect
|
|-heal|p1a: Free Lebanon|62/100|[from] move: Wish|[wisher] Free Lebanon
|upkeep
|turn|14
|
|t:|1781028918
|move|p2a: Iron Valiant|Spirit Break|p1a: Free Lebanon
|-damage|p1a: Free Lebanon|15/100
|-unboost|p1a: Free Lebanon|spa|1
|move|p1a: Free Lebanon|Wish|p1a: Free Lebanon
|
|upkeep
|turn|15
|
|t:|1781028923
|-end|p2a: Iron Valiant|Quark Drive|[silent]
|switch|p2a: Gholdengo|Gholdengo|100/100
|-item|p2a: Gholdengo|Air Balloon
|move|p1a: Free Lebanon|Protect||[still]
|-fail|p1a: Free Lebanon
|
|-heal|p1a: Free Lebanon|65/100|[from] move: Wish|[wisher] Free Lebanon
|upkeep
|turn|16
|
|t:|1781028926
|switch|p1a: brat|Blissey, F|74/100
|move|p2a: Gholdengo|Nasty Plot|p2a: Gholdengo
|-boost|p2a: Gholdengo|spa|2
|
|upkeep
|turn|17
|
|t:|1781028928
|move|p2a: Gholdengo|Nasty Plot|p2a: Gholdengo
|-boost|p2a: Gholdengo|spa|2
|move|p1a: brat|Calm Mind|p1a: brat
|-boost|p1a: brat|spa|1
|-boost|p1a: brat|spd|1
|
|upkeep
|turn|18
|
|t:|1781028931
|move|p2a: Gholdengo|Make It Rain|p1a: brat
|-damage|p1a: brat|34/100
|-unboost|p2a: Gholdengo|spa|1
|move|p1a: brat|Shadow Ball|p2a: Gholdengo
|-supereffective|p2a: Gholdengo
|-damage|p2a: Gholdengo|54/100
|-enditem|p2a: Gholdengo|Air Balloon
|
|upkeep
|turn|19
|
|t:|1781028933
|move|p2a: Gholdengo|Nasty Plot|p2a: Gholdengo
|-boost|p2a: Gholdengo|spa|2
|move|p1a: brat|Soft-Boiled|p1a: brat
|-heal|p1a: brat|84/100
|
|upkeep
|turn|20
|
|t:|1781028935
|move|p2a: Gholdengo|Psyshock|p1a: brat
|-damage|p1a: brat|0 fnt
|faint|p1a: brat
|
|upkeep
|
|t:|1781028939
|switch|p1a: 808 and curses|Dondozo, M|100/100
|-damage|p1a: 808 and curses|88/100|[from] Stealth Rock
|turn|21
|
|t:|1781028941
|move|p2a: Gholdengo|Shadow Ball|p1a: 808 and curses
|-damage|p1a: 808 and curses|46/100
|move|p1a: 808 and curses|Waterfall|p2a: Gholdengo
|-damage|p2a: Gholdengo|20/100
|
|-heal|p1a: 808 and curses|52/100|[from] item: Leftovers
|upkeep
|turn|22
|
|t:|1781028946
|move|p2a: Gholdengo|Shadow Ball|p1a: 808 and curses
|-damage|p1a: 808 and curses|9/100
|move|p1a: 808 and curses|Waterfall|p2a: Gholdengo
|-damage|p2a: Gholdengo|0 fnt
|faint|p2a: Gholdengo
|
|-heal|p1a: 808 and curses|15/100|[from] item: Leftovers
|upkeep
|
|t:|1781028950
|switch|p2a: Dragapult|Dragapult, M|100/100
|turn|23
|
|t:|1781028958
|switch|p1a: Trump is low IQ|Corviknight, M|100/100
|-damage|p1a: Trump is low IQ|88/100|[from] Stealth Rock
|-ability|p1a: Trump is low IQ|Pressure
|move|p2a: Dragapult|Shadow Ball|p1a: Trump is low IQ
|-damage|p1a: Trump is low IQ|50/100
|-damage|p2a: Dragapult|91/100|[from] item: Life Orb
|
|upkeep
|turn|24
|
|t:|1781028961
|move|p2a: Dragapult|Flamethrower|p1a: Trump is low IQ
|-supereffective|p1a: Trump is low IQ
|-damage|p1a: Trump is low IQ|0 fnt
|faint|p1a: Trump is low IQ
|-damage|p2a: Dragapult|81/100|[from] item: Life Orb
|
|upkeep
|
|t:|1781028964
|switch|p1a: Free Lebanon|Clefable, M|65/100
|turn|25
|
|t:|1781028966
|move|p2a: Dragapult|Shadow Ball|p1a: Free Lebanon
|-damage|p1a: Free Lebanon|37/100
|-unboost|p1a: Free Lebanon|spd|1
|-damage|p2a: Dragapult|71/100|[from] item: Life Orb
|move|p1a: Free Lebanon|Wish|p1a: Free Lebanon
|
|upkeep
|turn|26
|
|t:|1781028969
|move|p1a: Free Lebanon|Protect|p1a: Free Lebanon
|-singleturn|p1a: Free Lebanon|Protect
|move|p2a: Dragapult|Shadow Ball|p1a: Free Lebanon
|-activate|p1a: Free Lebanon|move: Protect
|
|-heal|p1a: Free Lebanon|87/100|[from] move: Wish|[wisher] Free Lebanon
|upkeep
|turn|27
|
|t:|1781028971
|move|p2a: Dragapult|Shadow Ball|p1a: Free Lebanon
|-damage|p1a: Free Lebanon|47/100
|-unboost|p1a: Free Lebanon|spd|1
|-damage|p2a: Dragapult|61/100|[from] item: Life Orb
|move|p1a: Free Lebanon|Wish|p1a: Free Lebanon
|
|upkeep
|turn|28
|
|t:|1781028974
|move|p1a: Free Lebanon|Protect|p1a: Free Lebanon
|-singleturn|p1a: Free Lebanon|Protect
|move|p2a: Dragapult|Shadow Ball|p1a: Free Lebanon
|-activate|p1a: Free Lebanon|move: Protect
|
|-heal|p1a: Free Lebanon|97/100|[from] move: Wish|[wisher] Free Lebanon
|upkeep
|turn|29
|
|t:|1781028979
|switch|p1a: 808 and curses|Dondozo, M|15/100
|-damage|p1a: 808 and curses|2/100|[from] Stealth Rock
|move|p2a: Dragapult|Shadow Ball|p1a: 808 and curses
|-damage|p1a: 808 and curses|0 fnt
|faint|p1a: 808 and curses
|-damage|p2a: Dragapult|52/100|[from] item: Life Orb
|
|upkeep
|
|t:|1781028981
|switch|p1a: Free Lebanon|Clefable, M|97/100
|turn|30
|
|t:|1781028984
|move|p2a: Dragapult|Shadow Ball|p1a: Free Lebanon
|-damage|p1a: Free Lebanon|70/100
|-damage|p2a: Dragapult|42/100|[from] item: Life Orb
|move|p1a: Free Lebanon|Wish|p1a: Free Lebanon
|
|upkeep
|turn|31
|
|t:|1781028990
|move|p2a: Dragapult|Shadow Ball|p1a: Free Lebanon
|-damage|p1a: Free Lebanon|43/100
|-damage|p2a: Dragapult|32/100|[from] item: Life Orb
|move|p1a: Free Lebanon|Moonblast|p2a: Dragapult
|-supereffective|p2a: Dragapult
|-damage|p2a: Dragapult|0 fnt
|faint|p2a: Dragapult
|
|-heal|p1a: Free Lebanon|93/100|[from] move: Wish|[wisher] Free Lebanon
|upkeep
|
|t:|1781028993
|switch|p2a: Enamorus|Enamorus, F|100/100
|turn|32
|
|t:|1781028995
|move|p1a: Free Lebanon|Protect|p1a: Free Lebanon
|-singleturn|p1a: Free Lebanon|Protect
|move|p2a: Enamorus|Substitute|p2a: Enamorus
|-start|p2a: Enamorus|Substitute
|-damage|p2a: Enamorus|76/100
|
|-heal|p2a: Enamorus|82/100|[from] item: Leftovers
|upkeep
|turn|33
|
|t:|1781028999
|move|p2a: Enamorus|Moonblast|p1a: Free Lebanon
|-damage|p1a: Free Lebanon|56/100
|move|p1a: Free Lebanon|Wish|p1a: Free Lebanon
|
|-heal|p2a: Enamorus|88/100|[from] item: Leftovers
|upkeep
|turn|34
|
|t:|1781029003
|move|p2a: Enamorus|Moonblast|p1a: Free Lebanon
|-damage|p1a: Free Lebanon|22/100
|move|p1a: Free Lebanon|Moonblast|p2a: Enamorus
|-end|p2a: Enamorus|Substitute
|
|-heal|p1a: Free Lebanon|72/100|[from] move: Wish|[wisher] Free Lebanon
|-heal|p2a: Enamorus|94/100|[from] item: Leftovers
|upkeep
|turn|35
|
|t:|1781029009
|move|p2a: Enamorus|Moonblast|p1a: Free Lebanon
|-damage|p1a: Free Lebanon|38/100
|move|p1a: Free Lebanon|Wish|p1a: Free Lebanon
|
|-heal|p2a: Enamorus|100/100|[from] item: Leftovers
|upkeep
|turn|36
|
|t:|1781029015
|move|p1a: Free Lebanon|Protect|p1a: Free Lebanon
|-singleturn|p1a: Free Lebanon|Protect
|move|p2a: Enamorus|Substitute|p2a: Enamorus
|-start|p2a: Enamorus|Substitute
|-damage|p2a: Enamorus|76/100
|
|-heal|p1a: Free Lebanon|88/100|[from] move: Wish|[wisher] Free Lebanon
|-heal|p2a: Enamorus|82/100|[from] item: Leftovers
|upkeep
|turn|37
|
|t:|1781029017
|move|p2a: Enamorus|Moonblast|p1a: Free Lebanon
|-damage|p1a: Free Lebanon|53/100
|move|p1a: Free Lebanon|Wish|p1a: Free Lebanon
|
|-heal|p2a: Enamorus|88/100|[from] item: Leftovers
|upkeep
|turn|38
|
|t:|1781029021
|move|p1a: Free Lebanon|Protect|p1a: Free Lebanon
|-singleturn|p1a: Free Lebanon|Protect
|move|p2a: Enamorus|Moonblast|p1a: Free Lebanon
|-activate|p1a: Free Lebanon|move: Protect
|
|-heal|p1a: Free Lebanon|100/100|[from] move: Wish|[wisher] Free Lebanon
|-heal|p2a: Enamorus|94/100|[from] item: Leftovers
|upkeep
|turn|39
|
|t:|1781029024
|move|p2a: Enamorus|Moonblast|p1a: Free Lebanon
|-damage|p1a: Free Lebanon|64/100
|move|p1a: Free Lebanon|Wish|p1a: Free Lebanon
|
|-heal|p2a: Enamorus|100/100|[from] item: Leftovers
|upkeep
|turn|40
|
|t:|1781029028
|move|p2a: Enamorus|Moonblast|p1a: Free Lebanon
|-damage|p1a: Free Lebanon|28/100
|-unboost|p1a: Free Lebanon|spa|1
|move|p1a: Free Lebanon|Moonblast|p2a: Enamorus
|-end|p2a: Enamorus|Substitute
|
|-heal|p1a: Free Lebanon|78/100|[from] move: Wish|[wisher] Free Lebanon
|upkeep
|turn|41
|
|t:|1781029035
|move|p2a: Enamorus|Substitute|p2a: Enamorus
|-start|p2a: Enamorus|Substitute
|-damage|p2a: Enamorus|76/100
|move|p1a: Free Lebanon|Wish|p1a: Free Lebanon
|
|-heal|p2a: Enamorus|82/100|[from] item: Leftovers
|upkeep
|turn|42
|
|t:|1781029037
|move|p2a: Enamorus|Moonblast|p1a: Free Lebanon
|-damage|p1a: Free Lebanon|42/100
|-unboost|p1a: Free Lebanon|spa|1
|move|p1a: Free Lebanon|Moonblast|p2a: Enamorus
|-activate|p2a: Enamorus|move: Substitute|[damage]
|
|-heal|p1a: Free Lebanon|92/100|[from] move: Wish|[wisher] Free Lebanon
|-heal|p2a: Enamorus|88/100|[from] item: Leftovers
|upkeep
|turn|43
|
|t:|1781029044
|move|p1a: Free Lebanon|Protect|p1a: Free Lebanon
|-singleturn|p1a: Free Lebanon|Protect
|move|p2a: Enamorus|Moonblast|p1a: Free Lebanon
|-activate|p1a: Free Lebanon|move: Protect
|
|-heal|p2a: Enamorus|94/100|[from] item: Leftovers
|upkeep
|turn|44
|
|t:|1781029046
|move|p2a: Enamorus|Earth Power|p1a: Free Lebanon
|-damage|p1a: Free Lebanon|72/100
|move|p1a: Free Lebanon|Wish|p1a: Free Lebanon
|
|-heal|p2a: Enamorus|100/100|[from] item: Leftovers
|upkeep
|turn|45
|
|t:|1781029051
|move|p2a: Enamorus|Calm Mind|p2a: Enamorus
|-boost|p2a: Enamorus|spa|1
|-boost|p2a: Enamorus|spd|1
|move|p1a: Free Lebanon|Moonblast|p2a: Enamorus
|-crit|p2a: Enamorus
|-end|p2a: Enamorus|Substitute
|
|-heal|p1a: Free Lebanon|100/100|[from] move: Wish|[wisher] Free Lebanon
|upkeep
|turn|46
|
|t:|1781029055
|move|p2a: Enamorus|Substitute|p2a: Enamorus
|-start|p2a: Enamorus|Substitute
|-damage|p2a: Enamorus|76/100
|move|p1a: Free Lebanon|Wish|p1a: Free Lebanon
|
|-heal|p2a: Enamorus|82/100|[from] item: Leftovers
|upkeep
|turn|47
|
|t:|1781029058
|move|p2a: Enamorus|Earth Power|p1a: Free Lebanon
|-damage|p1a: Free Lebanon|77/100
|move|p1a: Free Lebanon|Moonblast|p2a: Enamorus
|-activate|p2a: Enamorus|move: Substitute|[damage]
|
|-heal|p1a: Free Lebanon|100/100|[from] move: Wish|[wisher] Free Lebanon
|-heal|p2a: Enamorus|88/100|[from] item: Leftovers
|upkeep
|turn|48
|
|t:|1781029063
|move|p2a: Enamorus|Moonblast|p1a: Free Lebanon
|-damage|p1a: Free Lebanon|64/100
|-unboost|p1a: Free Lebanon|spa|1
|move|p1a: Free Lebanon|Moonblast|p2a: Enamorus
|-end|p2a: Enamorus|Substitute
|
|-heal|p2a: Enamorus|94/100|[from] item: Leftovers
|upkeep
|turn|49
|
|t:|1781029070
|move|p2a: Enamorus|Earth Power|p1a: Free Lebanon
|-damage|p1a: Free Lebanon|42/100
|move|p1a: Free Lebanon|Wish|p1a: Free Lebanon
|
|-heal|p2a: Enamorus|100/100|[from] item: Leftovers
|upkeep
|turn|50
|
|t:|1781029075
|move|p1a: Free Lebanon|Protect|p1a: Free Lebanon
|-singleturn|p1a: Free Lebanon|Protect
|move|p2a: Enamorus|Substitute|p2a: Enamorus
|-start|p2a: Enamorus|Substitute
|-damage|p2a: Enamorus|76/100
|
|-heal|p1a: Free Lebanon|92/100|[from] move: Wish|[wisher] Free Lebanon
|-heal|p2a: Enamorus|82/100|[from] item: Leftovers
|upkeep
|turn|51
|
|t:|1781029080
|move|p2a: Enamorus|Moonblast|p1a: Free Lebanon
|-damage|p1a: Free Lebanon|55/100
|-unboost|p1a: Free Lebanon|spa|1
|move|p1a: Free Lebanon|Wish|p1a: Free Lebanon
|
|-heal|p2a: Enamorus|88/100|[from] item: Leftovers
|upkeep
|turn|52
|
|t:|1781029086
|move|p2a: Enamorus|Calm Mind|p2a: Enamorus
|-boost|p2a: Enamorus|spa|1
|-boost|p2a: Enamorus|spd|1
|move|p1a: Free Lebanon|Moonblast|p2a: Enamorus
|-activate|p2a: Enamorus|move: Substitute|[damage]
|
|-heal|p1a: Free Lebanon|100/100|[from] move: Wish|[wisher] Free Lebanon
|-heal|p2a: Enamorus|94/100|[from] item: Leftovers
|upkeep
|turn|53
|
|t:|1781029098
|move|p1a: Free Lebanon|Protect|p1a: Free Lebanon
|-singleturn|p1a: Free Lebanon|Protect
|move|p2a: Enamorus|Earth Power|p1a: Free Lebanon
|-activate|p1a: Free Lebanon|move: Protect
|
|-heal|p2a: Enamorus|100/100|[from] item: Leftovers
|upkeep
|turn|54
|
|t:|1781029101
|move|p2a: Enamorus|Moonblast|p1a: Free Lebanon
|-damage|p1a: Free Lebanon|65/100
|move|p1a: Free Lebanon|Wish|p1a: Free Lebanon
|
|upkeep
|turn|55
|
|t:|1781029107
|move|p2a: Enamorus|Earth Power|p1a: Free Lebanon
|-damage|p1a: Free Lebanon|43/100
|move|p1a: Free Lebanon|Moonblast|p2a: Enamorus
|-end|p2a: Enamorus|Substitute
|
|-heal|p1a: Free Lebanon|93/100|[from] move: Wish|[wisher] Free Lebanon
|upkeep
|turn|56
|j| Lowladderubersnoob
|
|t:|1781029114
|switch|p1a: Save Sudan|Slowking-Galar, M|46/100
|-damage|p1a: Save Sudan|34/100|[from] Stealth Rock
|move|p2a: Enamorus|Substitute|p2a: Enamorus
|-start|p2a: Enamorus|Substitute
|-damage|p2a: Enamorus|76/100
|
|-heal|p2a: Enamorus|82/100|[from] item: Leftovers
|upkeep
|turn|57
|
|t:|1781029118
|switch|p1a: Free Lebanon|Clefable, M|93/100
|move|p2a: Enamorus|Earth Power|p1a: Free Lebanon
|-crit|p1a: Free Lebanon
|-damage|p1a: Free Lebanon|62/100
|
|-heal|p2a: Enamorus|88/100|[from] item: Leftovers
|upkeep
|turn|58
|
|t:|1781029121
|move|p2a: Enamorus|Moonblast|p1a: Free Lebanon
|-damage|p1a: Free Lebanon|27/100
|move|p1a: Free Lebanon|Wish|p1a: Free Lebanon
|
|-heal|p2a: Enamorus|94/100|[from] item: Leftovers
|upkeep
|turn|59
|
|t:|1781029125
|move|p1a: Free Lebanon|Protect|p1a: Free Lebanon
|-singleturn|p1a: Free Lebanon|Protect
|move|p2a: Enamorus|Earth Power|p1a: Free Lebanon
|-activate|p1a: Free Lebanon|move: Protect
|
|-heal|p1a: Free Lebanon|77/100|[from] move: Wish|[wisher] Free Lebanon
|-heal|p2a: Enamorus|100/100|[from] item: Leftovers
|upkeep
|turn|60
|
|t:|1781029129
|move|p2a: Enamorus|Moonblast|p1a: Free Lebanon
|-damage|p1a: Free Lebanon|41/100
|-unboost|p1a: Free Lebanon|spa|1
|move|p1a: Free Lebanon|Moonblast|p2a: Enamorus
|-end|p2a: Enamorus|Substitute
|
|upkeep
|turn|61
|
|t:|1781029139
|move|p2a: Enamorus|Earth Power|p1a: Free Lebanon
|-damage|p1a: Free Lebanon|19/100
|move|p1a: Free Lebanon|Moonblast|p2a: Enamorus
|-damage|p2a: Enamorus|72/100
|
|-heal|p2a: Enamorus|78/100|[from] item: Leftovers
|upkeep
|turn|62
|
|t:|1781029145
|move|p2a: Enamorus|Moonblast|p1a: Free Lebanon
|-damage|p1a: Free Lebanon|0 fnt
|faint|p1a: Free Lebanon
|
|-heal|p2a: Enamorus|85/100|[from] item: Leftovers
|upkeep
|
|t:|1781029149
|switch|p1a: Save Sudan|Slowking-Galar, M|67/100
|-damage|p1a: Save Sudan|55/100|[from] Stealth Rock
|turn|63
|
|t:|1781029151
|move|p2a: Enamorus|Substitute|p2a: Enamorus
|-start|p2a: Enamorus|Substitute
|-damage|p2a: Enamorus|60/100
|move|p1a: Save Sudan|Sludge Bomb|p2a: Enamorus
|-supereffective|p2a: Enamorus
|-end|p2a: Enamorus|Substitute
|
|-heal|p2a: Enamorus|66/100|[from] item: Leftovers
|upkeep
|turn|64
|-message|Trainer #39 forfeited.
|
|win|drop a baby
|raw|Trainer #39's rating: 1763 &rarr; <strong>1737</strong><br />(-26 for losing)
|raw|drop a baby's rating: 1660 &rarr; <strong>1686</strong><br />(+26 for winning)
|l|☆Trainer #39
|player|p1|
