|j|☆stevstacks
|j|☆huilaoshi1111
|t:|1781319622
|gametype|singles
|player|p1|stevstacks|1|1595
|player|p2|huilaoshi1111|1|1556
|gen|9
|tier|[Gen 9] OU
|rated|
|rule|HP Percentage Mod: HP is shown in percentages
|rule|Endless Battle Clause: Forcing endless battles is banned
|rule|Species Clause: Limit one of each Pokémon
|rule|OHKO Clause: OHKO moves are banned
|rule|Evasion Items Clause: Evasion items are banned
|rule|Evasion Moves Clause: Evasion moves are banned
|rule|Evasion Abilities Clause: Evasion abilities are banned
|rule|Sleep Moves Clause: Sleep-inducing moves are banned
|clearpoke
|poke|p1|Torkoal, M|
|poke|p1|Corviknight, M|
|poke|p1|Walking Wake|
|poke|p1|Cinderace, M|
|poke|p1|Great Tusk|
|poke|p1|Raging Bolt|
|poke|p2|Mienshao, M|
|poke|p2|Blissey, F|
|poke|p2|Slowbro, F|
|poke|p2|Krookodile, M|
|poke|p2|Talonflame, F|
|poke|p2|Zoroark-Hisui, F|
|teampreview
|inactive|Battle timer is ON: inactive players will automatically lose when time's up. (requested by stevstacks)
|l|☆stevstacks
|inactive|stevstacks disconnected and has a minute to reconnect!
|player|p1|
|inactive|stevstacks has 30 seconds to reconnect!
|inactive|stevstacks has 20 seconds to reconnect!
|j|☆stevstacks
|inactive|stevstacks reconnected and has 105 seconds left.
|player|p1|stevstacks|1|
|
|t:|1781319679
|teamsize|p1|6
|teamsize|p2|6
|start
|switch|p1a: Great Tusk|Great Tusk, shiny|100/100
|switch|p2a: Mienshao|Mienshao, M|100/100
|turn|1
|
|t:|1781319695
|move|p2a: Mienshao|Triple Axel|p1a: Great Tusk
|-supereffective|p1a: Great Tusk
|-crit|p1a: Great Tusk
|-damage|p1a: Great Tusk|83/100
|-supereffective|p1a: Great Tusk
|-damage|p1a: Great Tusk|60/100
|-supereffective|p1a: Great Tusk
|-damage|p1a: Great Tusk|29/100
|-hitcount|p1a: Great Tusk|3
|move|p1a: Great Tusk|Close Combat|p2a: Mienshao
|-damage|p2a: Mienshao|0 fnt
|-unboost|p1a: Great Tusk|def|1
|-unboost|p1a: Great Tusk|spd|1
|faint|p2a: Mienshao
|-damage|p1a: Great Tusk|19/100|[from] item: Life Orb
|
|upkeep
|
|t:|1781319709
|switch|p2a: Blissey|Blissey, F|100/100
|turn|2
|
|t:|1781319713
|move|p2a: Blissey|Bitter Malice|p1a: Great Tusk
|-damage|p1a: Great Tusk|0 fnt
|faint|p1a: Great Tusk
|-end|p1a: Great Tusk|Protosynthesis|[silent]
|
|upkeep
|
|t:|1781319721
|switch|p1a: Raging Bolt|Raging Bolt|100/100
|turn|3
|
|t:|1781319735
|switch|p2a: Blissey|Blissey, F|100/100
|-end|p1a: Raging Bolt|Protosynthesis|[silent]
|switch|p1a: Cinderace|Cinderace, M|100/100
|
|upkeep
|turn|4
|
|t:|1781319742
|switch|p2a: Talonflame|Talonflame, F|100/100
|move|p1a: Cinderace|Pyro Ball|p2a: Talonflame
|-resisted|p2a: Talonflame
|-damage|p2a: Talonflame|70/100
|
|upkeep
|turn|5
|
|t:|1781319748
|move|p1a: Cinderace|Pyro Ball|p2a: Talonflame
|-resisted|p2a: Talonflame
|-damage|p2a: Talonflame|39/100
|move|p2a: Talonflame|Roost|p2a: Talonflame
|-heal|p2a: Talonflame|89/100
|-singleturn|p2a: Talonflame|move: Roost
|
|upkeep
|turn|6
|
|t:|1781319755
|switch|p1a: Walking Wake|Walking Wake|100/100
|switch|p2a: Slowbro|Slowbro, F|100/100
|
|upkeep
|turn|7
|
|t:|1781319759
|move|p1a: Walking Wake|Draco Meteor|p2a: Slowbro
|-damage|p2a: Slowbro|27/100
|-unboost|p1a: Walking Wake|spa|2
|move|p2a: Slowbro|Future Sight|p1a: Walking Wake
|-start|p2a: Slowbro|move: Future Sight
|
|upkeep
|turn|8
|
|t:|1781319770
|switch|p2a: Slowbro|Slowbro, F|100/100
|move|p1a: Walking Wake|Flip Turn|p2a: Slowbro
|-damage|p2a: Slowbro|60/100
|replace|p2a: Zoroark|Zoroark-Hisui, F
|-end|p2a: Zoroark|Illusion
|
|t:|1781319776
|-end|p1a: Walking Wake|Protosynthesis|[silent]
|switch|p1a: Torkoal|Torkoal, M, shiny|100/100|[from] Flip Turn
|-weather|SunnyDay|[from] ability: Drought|[of] p1a: Torkoal
|
|-weather|SunnyDay|[upkeep]
|upkeep
|turn|9
|-message|stevstacks forfeited.
|
|win|huilaoshi1111
|raw|stevstacks's rating: 1595 &rarr; <strong>1572</strong><br />(-23 for losing)
|raw|huilaoshi1111's rating: 1534 &rarr; <strong>1557</strong><br />(+23 for winning)
|l|☆stevstacks
|player|p1|
