|badge|p2|bronze|gen9ou|100-9
|uhtml|medal-msg|<div class="broadcast-blue">Curious what those medals under the avatar are? PS now has Ladder Seasons! For more information, check out the <a href="https://www.smogon.com/forums/threads/3740067/">thread on Smogon.</a></div>
|j|☆Dat boii fam
|j|☆jj2kk222222
|t:|1781100803
|gametype|singles
|player|p1|Dat boii fam|li|1758
|player|p2|jj2kk222222|hilbert|1839
|gen|9
|tier|[Gen 9] OU
|rated|
|rule|HP Percentage Mod: HP is shown in percentages
|rule|Endless Battle Clause: Forcing endless battles is banned
|rule|Species Clause: Limit one of each Pokémon
|rule|OHKO Clause: OHKO moves are banned
|rule|Evasion Items Clause: Evasion items are banned
|rule|Evasion Moves Clause: Evasion moves are banned
|rule|Evasion Abilities Clause: Evasion abilities are banned
|rule|Sleep Moves Clause: Sleep-inducing moves are banned
|clearpoke
|poke|p1|Alomomola, M|
|poke|p1|Landorus-Therian, M|
|poke|p1|Zapdos|
|poke|p1|Tornadus-Therian, M|
|poke|p1|Scizor, M|
|poke|p1|Amoonguss, F|
|poke|p2|Glimmora, F|
|poke|p2|Gholdengo|
|poke|p2|Dragonite, M|
|poke|p2|Keldeo-Resolute|
|poke|p2|Great Tusk|
|poke|p2|Kyurem|
|teampreview
|j| sry 4 luck
|inactive|Battle timer is ON: inactive players will automatically lose when time's up. (requested by Dat boii fam)
|
|t:|1781100818
|teamsize|p1|6
|teamsize|p2|6
|start
|switch|p1a: Landorus|Landorus-Therian, M|100/100
|switch|p2a: Glimmora|Glimmora, F|100/100
|-ability|p1a: Landorus|Intimidate|boost
|-unboost|p2a: Glimmora|atk|1
|turn|1
|
|t:|1781100824
|move|p1a: Landorus|Earthquake|p2a: Glimmora
|-supereffective|p2a: Glimmora
|-enditem|p2a: Glimmora|Focus Sash
|-damage|p2a: Glimmora|1/100
|-activate|p2a: Glimmora|ability: Toxic Debris
|-sidestart|p1: Dat boii fam|move: Toxic Spikes
|move|p2a: Glimmora|Stealth Rock|p1a: Landorus
|-sidestart|p1: Dat boii fam|move: Stealth Rock
|
|upkeep
|turn|2
|
|t:|1781100832
|move|p1a: Landorus|Earthquake|p2a: Glimmora
|-supereffective|p2a: Glimmora
|-damage|p2a: Glimmora|0 fnt
|-activate|p2a: Glimmora|ability: Toxic Debris
|-sidestart|p1: Dat boii fam|move: Toxic Spikes
|faint|p2a: Glimmora
|
|upkeep
|
|t:|1781100835
|switch|p2a: Keldeo|Keldeo-Resolute|100/100
|turn|3
|
|t:|1781100839
|move|p1a: Landorus|Earthquake|p2a: Keldeo
|-damage|p2a: Keldeo|29/100
|move|p2a: Keldeo|Calm Mind|p2a: Keldeo
|-boost|p2a: Keldeo|spa|1
|-boost|p2a: Keldeo|spd|1
|
|-heal|p2a: Keldeo|35/100|[from] item: Leftovers
|upkeep
|turn|4
|
|t:|1781100847
|switch|p2a: Dragonite|Dragonite, M|100/100
|move|p1a: Landorus|Earthquake|p2a: Dragonite
|-immune|p2a: Dragonite
|
|upkeep
|turn|5
|
|t:|1781100860
|switch|p1a: Alomomola|Alomomola, M|100/100
|move|p2a: Dragonite|Dragon Dance|p2a: Dragonite
|-boost|p2a: Dragonite|atk|1
|-boost|p2a: Dragonite|spe|1
|
|upkeep
|turn|6
|
|t:|1781100865
|move|p2a: Dragonite|Dragon Dance|p2a: Dragonite
|-boost|p2a: Dragonite|atk|1
|-boost|p2a: Dragonite|spe|1
|move|p1a: Alomomola|Alluring Voice|p2a: Dragonite
|-supereffective|p2a: Dragonite
|-damage|p2a: Dragonite|91/100
|-start|p2a: Dragonite|confusion
|
|upkeep
|turn|7
|
|t:|1781100872
|-activate|p2a: Dragonite|confusion
|-damage|p2a: Dragonite|54/100|[from] confusion
|move|p1a: Alomomola|Flip Turn|p2a: Dragonite
|-resisted|p2a: Dragonite
|-damage|p2a: Dragonite|45/100
|
|t:|1781100879
|switch|p1a: Amoonguss|Amoonguss, F|100/100|[from] Flip Turn
|-sideend|p1: Dat boii fam|move: Toxic Spikes|[of] p1a: Amoonguss
|-damage|p1a: Amoonguss|88/100|[from] Stealth Rock
|
|upkeep
|turn|8
|
|t:|1781100886
|-activate|p2a: Dragonite|confusion
|-damage|p2a: Dragonite|9/100|[from] confusion
|move|p1a: Amoonguss|Sludge Bomb|p2a: Dragonite
|-damage|p2a: Dragonite|0 fnt
|faint|p2a: Dragonite
|
|upkeep
|
|t:|1781100890
|switch|p2a: Kyurem|Kyurem|100/100
|-ability|p2a: Kyurem|Pressure
|turn|9
|
|t:|1781100894
|switch|p1a: Scizor|Scizor, M|100/100
|move|p2a: Kyurem|Icicle Spear|p1a: Scizor
|-resisted|p1a: Scizor
|-damage|p1a: Scizor|93/100
|-resisted|p1a: Scizor
|-damage|p1a: Scizor|86/100
|-resisted|p1a: Scizor
|-damage|p1a: Scizor|80/100
|-resisted|p1a: Scizor
|-damage|p1a: Scizor|72/100
|-hitcount|p1a: Scizor|4
|
|upkeep
|turn|10
|j| yuureisuisei
|
|t:|1781100908
|switch|p2a: Gholdengo|Gholdengo|100/100
|-item|p2a: Gholdengo|Air Balloon
|move|p1a: Scizor|Knock Off|p2a: Gholdengo
|-supereffective|p2a: Gholdengo
|-damage|p2a: Gholdengo|62/100
|-enditem|p2a: Gholdengo|Air Balloon
|
|upkeep
|turn|11
|
|t:|1781100916
|move|p2a: Gholdengo|Shadow Ball|p1a: Scizor
|-damage|p1a: Scizor|43/100
|-unboost|p1a: Scizor|spd|1
|move|p1a: Scizor|U-turn|p2a: Gholdengo
|-resisted|p2a: Gholdengo
|-damage|p2a: Gholdengo|56/100
|
|t:|1781100924
|switch|p1a: Landorus|Landorus-Therian, M|100/100|[from] U-turn
|-damage|p1a: Landorus|88/100|[from] Stealth Rock
|-ability|p1a: Landorus|Intimidate|boost
|-unboost|p2a: Gholdengo|atk|1
|
|upkeep
|turn|12
|
|t:|1781100930
|switch|p2a: Great Tusk|Great Tusk|100/100
|-enditem|p2a: Great Tusk|Booster Energy
|-activate|p2a: Great Tusk|ability: Protosynthesis|[fromitem]
|-start|p2a: Great Tusk|protosynthesisspe
|move|p1a: Landorus|Earthquake|p2a: Great Tusk
|-damage|p2a: Great Tusk|64/100
|
|upkeep
|turn|13
|
|t:|1781100938
|switch|p1a: Alomomola|Alomomola, M|100/100
|move|p2a: Great Tusk|Bulk Up|p2a: Great Tusk
|-boost|p2a: Great Tusk|atk|1
|-boost|p2a: Great Tusk|def|1
|
|upkeep
|turn|14
|
|t:|1781100943
|move|p2a: Great Tusk|Headlong Rush|p1a: Alomomola
|-crit|p1a: Alomomola
|-damage|p1a: Alomomola|38/100
|-unboost|p2a: Great Tusk|def|1
|-unboost|p2a: Great Tusk|spd|1
|move|p1a: Alomomola|Alluring Voice|p2a: Great Tusk
|-supereffective|p2a: Great Tusk
|-damage|p2a: Great Tusk|30/100
|
|upkeep
|turn|15
|
|t:|1781100960
|move|p2a: Great Tusk|Bulk Up|p2a: Great Tusk
|-boost|p2a: Great Tusk|atk|1
|-boost|p2a: Great Tusk|def|1
|move|p1a: Alomomola|Alluring Voice|p2a: Great Tusk
|-supereffective|p2a: Great Tusk
|-damage|p2a: Great Tusk|0 fnt
|faint|p2a: Great Tusk
|-end|p2a: Great Tusk|Protosynthesis|[silent]
|
|upkeep
|
|t:|1781100971
|switch|p2a: Keldeo|Keldeo-Resolute|35/100
|turn|16
|
|t:|1781100976
|move|p2a: Keldeo|Substitute|p2a: Keldeo
|-start|p2a: Keldeo|Substitute
|-damage|p2a: Keldeo|10/100
|move|p1a: Alomomola|Alluring Voice|p2a: Keldeo
|-supereffective|p2a: Keldeo
|-damage|p2a: Keldeo|0 fnt
|faint|p2a: Keldeo
|
|upkeep
|
|t:|1781100978
|switch|p2a: Gholdengo|Gholdengo|56/100
|turn|17
|
|t:|1781100984
|move|p2a: Gholdengo|Shadow Ball|p1a: Alomomola
|-damage|p1a: Alomomola|0 fnt
|faint|p1a: Alomomola
|
|upkeep
|
|t:|1781100988
|switch|p1a: Landorus|Landorus-Therian, M|88/100
|-damage|p1a: Landorus|75/100|[from] Stealth Rock
|-ability|p1a: Landorus|Intimidate|boost
|-unboost|p2a: Gholdengo|atk|1
|turn|18
|
|t:|1781100993
|-terastallize|p2a: Gholdengo|Fairy
|move|p1a: Landorus|Earthquake|p2a: Gholdengo
|-damage|p2a: Gholdengo|13/100
|move|p2a: Gholdengo|Recover|p2a: Gholdengo
|-heal|p2a: Gholdengo|63/100
|
|upkeep
|turn|19
|
|t:|1781101003
|switch|p1a: Zapdos|Zapdos|100/100
|move|p2a: Gholdengo|Nasty Plot|p2a: Gholdengo
|-boost|p2a: Gholdengo|spa|2
|
|upkeep
|turn|20
|
|t:|1781101009
|move|p1a: Zapdos|Discharge|p2a: Gholdengo
|-damage|p2a: Gholdengo|20/100
|move|p2a: Gholdengo|Recover|p2a: Gholdengo
|-heal|p2a: Gholdengo|70/100
|
|upkeep
|turn|21
|
|t:|1781101014
|move|p1a: Zapdos|Discharge|p2a: Gholdengo
|-damage|p2a: Gholdengo|31/100
|move|p2a: Gholdengo|Recover|p2a: Gholdengo
|-heal|p2a: Gholdengo|81/100
|
|upkeep
|turn|22
|
|t:|1781101020
|move|p1a: Zapdos|Discharge|p2a: Gholdengo
|-damage|p2a: Gholdengo|39/100
|move|p2a: Gholdengo|Recover|p2a: Gholdengo
|-heal|p2a: Gholdengo|89/100
|
|upkeep
|turn|23
|
|t:|1781101026
|move|p1a: Zapdos|Discharge|p2a: Gholdengo
|-damage|p2a: Gholdengo|44/100
|move|p2a: Gholdengo|Shadow Ball|p1a: Zapdos
|-damage|p1a: Zapdos|39/100
|
|upkeep
|turn|24
|
|t:|1781101033
|move|p1a: Zapdos|Hurricane|p2a: Gholdengo
|-damage|p2a: Gholdengo|0 fnt
|faint|p2a: Gholdengo
|
|upkeep
|
|t:|1781101035
|switch|p2a: Kyurem|Kyurem|100/100
|-ability|p2a: Kyurem|Pressure
|turn|25
|
|t:|1781101040
|move|p2a: Kyurem|Dragon Dance|p2a: Kyurem
|-boost|p2a: Kyurem|atk|1
|-boost|p2a: Kyurem|spe|1
|move|p1a: Zapdos|Heat Wave|p2a: Kyurem
|-damage|p2a: Kyurem|62/100
|-status|p2a: Kyurem|brn
|
|-damage|p2a: Kyurem|55/100 brn|[from] brn
|upkeep
|turn|26
|-message|jj2kk222222 forfeited.
|
|win|Dat boii fam
|raw|Dat boii fam's rating: 1758 &rarr; <strong>1783</strong><br />(+25 for winning)
|raw|jj2kk222222's rating: 1839 &rarr; <strong>1814</strong><br />(-25 for losing)
|l| yuureisuisei
|l|☆jj2kk222222
|player|p2|
|l|☆Dat boii fam
|player|p1|
|l| sry 4 luck
