|j|☆sumofsquares
|j|☆Bigkyuza18
|t:|1781326442
|gametype|singles
|player|p1|sumofsquares|steven|1738
|player|p2|Bigkyuza18|265|1670
|gen|9
|tier|[Gen 9] OU
|rated|
|rule|HP Percentage Mod: HP is shown in percentages
|rule|Endless Battle Clause: Forcing endless battles is banned
|rule|Species Clause: Limit one of each Pokémon
|rule|OHKO Clause: OHKO moves are banned
|rule|Evasion Items Clause: Evasion items are banned
|rule|Evasion Moves Clause: Evasion moves are banned
|rule|Evasion Abilities Clause: Evasion abilities are banned
|rule|Sleep Moves Clause: Sleep-inducing moves are banned
|clearpoke
|poke|p1|Garchomp, M|
|poke|p1|Ninetales-Alola, M|
|poke|p1|Iron Crown|
|poke|p1|Great Tusk|
|poke|p1|Iron Valiant|
|poke|p1|Zapdos|
|poke|p2|Darkrai|
|poke|p2|Gliscor, F|
|poke|p2|Tinkaton, F|
|poke|p2|Moltres|
|poke|p2|Great Tusk|
|poke|p2|Hydrapple, M|
|teampreview
|inactive|Battle timer is ON: inactive players will automatically lose when time's up. (requested by Bigkyuza18)
|
|t:|1781326475
|teamsize|p1|6
|teamsize|p2|6
|start
|switch|p1a: Ninetales|Ninetales-Alola, M|100/100
|switch|p2a: Tinkaton|Tinkaton, F|100/100
|-weather|Snowscape|[from] ability: Snow Warning|[of] p1a: Ninetales
|-ability|p2a: Tinkaton|Mold Breaker
|turn|1
|inactive|sumofsquares has 120 seconds left.
|
|t:|1781326518
|switch|p1a: Zapdos|Zapdos|100/100
|move|p2a: Tinkaton|Gigaton Hammer|p1a: Zapdos
|-resisted|p1a: Zapdos
|-damage|p1a: Zapdos|80/100
|
|-weather|Snowscape|[upkeep]
|upkeep
|turn|2
|
|t:|1781326525
|move|p2a: Tinkaton|Stealth Rock|p1a: Zapdos
|-sidestart|p1: sumofsquares|move: Stealth Rock
|move|p1a: Zapdos|Hurricane|p2a: Tinkaton|[miss]
|-miss|p1a: Zapdos|p2a: Tinkaton
|
|-weather|Snowscape|[upkeep]
|upkeep
|turn|3
|
|t:|1781326528
|move|p2a: Tinkaton|Encore|p1a: Zapdos
|-start|p1a: Zapdos|Encore
|move|p1a: Zapdos|Hurricane|p2a: Tinkaton|[miss]
|-miss|p1a: Zapdos|p2a: Tinkaton
|
|-weather|Snowscape|[upkeep]
|upkeep
|turn|4
|
|t:|1781326534
|switch|p2a: Gliscor|Gliscor, F|100/100
|move|p1a: Zapdos|Hurricane|p2a: Gliscor
|-damage|p2a: Gliscor|63/100
|
|-weather|Snowscape|[upkeep]
|-status|p2a: Gliscor|tox|[from] item: Toxic Orb
|upkeep
|turn|5
|
|t:|1781326541
|switch|p1a: Iron Crown|Iron Crown|100/100
|-damage|p1a: Iron Crown|94/100|[from] Stealth Rock
|move|p2a: Gliscor|Knock Off|p1a: Iron Crown
|-supereffective|p1a: Iron Crown
|-damage|p1a: Iron Crown|58/100
|-enditem|p1a: Iron Crown|Weakness Policy
|-boost|p1a: Iron Crown|atk|2|[from] item: Weakness Policy
|-boost|p1a: Iron Crown|spa|2|[from] item: Weakness Policy
|
|-weather|none
|-heal|p2a: Gliscor|76/100 tox|[from] ability: Poison Heal
|upkeep
|turn|6
|
|t:|1781326549
|switch|p2a: Moltres|Moltres|100/100
|move|p1a: Iron Crown|Stored Power|p2a: Moltres
|-damage|p2a: Moltres|42/100
|
|upkeep
|turn|7
|
|t:|1781326556
|switch|p2a: Darkrai|Darkrai|100/100
|move|p1a: Iron Crown|Stored Power|p2a: Darkrai
|-immune|p2a: Darkrai
|
|upkeep
|turn|8
|
|t:|1781326562
|-terastallize|p1a: Iron Crown|Steel
|move|p2a: Darkrai|Thunder Wave|p1a: Iron Crown
|-status|p1a: Iron Crown|par
|move|p1a: Iron Crown|Agility|p1a: Iron Crown
|-boost|p1a: Iron Crown|spe|2
|
|upkeep
|turn|9
|
|t:|1781326568
|move|p2a: Darkrai|Dark Pulse|p1a: Iron Crown
|-damage|p1a: Iron Crown|20/100 par
|cant|p1a: Iron Crown|par
|
|upkeep
|turn|10
|
|t:|1781326572
|move|p2a: Darkrai|Dark Pulse|p1a: Iron Crown
|-crit|p1a: Iron Crown
|-damage|p1a: Iron Crown|0 fnt
|faint|p1a: Iron Crown
|-end|p1a: Iron Crown|Quark Drive|[silent]
|
|upkeep
|
|t:|1781326575
|switch|p1a: Ninetales|Ninetales-Alola, M|100/100
|-damage|p1a: Ninetales|76/100|[from] Stealth Rock
|-weather|Snowscape|[from] ability: Snow Warning|[of] p1a: Ninetales
|turn|11
|
|t:|1781326578
|switch|p2a: Moltres|Moltres|42/100
|move|p1a: Ninetales|Moonblast|p2a: Moltres
|-resisted|p2a: Moltres
|-damage|p2a: Moltres|29/100
|
|-weather|Snowscape|[upkeep]
|upkeep
|turn|12
|
|t:|1781326581
|move|p1a: Ninetales|Blizzard|p2a: Moltres
|-damage|p2a: Moltres|0 fnt
|faint|p2a: Moltres
|
|-weather|Snowscape|[upkeep]
|upkeep
|
|t:|1781326584
|switch|p2a: Tinkaton|Tinkaton, F|100/100
|-ability|p2a: Tinkaton|Mold Breaker
|turn|13
|
|t:|1781326586
|move|p1a: Ninetales|Aurora Veil|p1a: Ninetales
|-sidestart|p1: sumofsquares|move: Aurora Veil
|move|p2a: Tinkaton|Gigaton Hammer|p1a: Ninetales
|-supereffective|p1a: Ninetales
|-crit|p1a: Ninetales
|-damage|p1a: Ninetales|0 fnt
|faint|p1a: Ninetales
|
|-weather|Snowscape|[upkeep]
|upkeep
|
|t:|1781326591
|switch|p1a: Iron Valiant|Iron Valiant, shiny|100/100
|-damage|p1a: Iron Valiant|94/100|[from] Stealth Rock
|-enditem|p1a: Iron Valiant|Booster Energy
|-activate|p1a: Iron Valiant|ability: Quark Drive|[fromitem]
|-start|p1a: Iron Valiant|quarkdrivespe
|turn|14
|
|t:|1781326597
|move|p1a: Iron Valiant|Swords Dance|p1a: Iron Valiant
|-boost|p1a: Iron Valiant|atk|2
|move|p2a: Tinkaton|Thunder Wave|p1a: Iron Valiant|[miss]
|-miss|p2a: Tinkaton|p1a: Iron Valiant
|
|-weather|Snowscape|[upkeep]
|upkeep
|turn|15
|
|t:|1781326601
|move|p1a: Iron Valiant|Close Combat|p2a: Tinkaton
|-damage|p2a: Tinkaton|0 fnt
|-unboost|p1a: Iron Valiant|def|1
|-unboost|p1a: Iron Valiant|spd|1
|faint|p2a: Tinkaton
|
|-weather|none
|upkeep
|
|t:|1781326606
|switch|p2a: Great Tusk|Great Tusk|100/100
|turn|16
|
|t:|1781326612
|-end|p2a: Great Tusk|Protosynthesis|[silent]
|switch|p2a: Gliscor|Gliscor, F|76/100 tox
|move|p1a: Iron Valiant|Spirit Break|p2a: Gliscor
|-damage|p2a: Gliscor|10/100 tox
|-unboost|p2a: Gliscor|spa|1
|
|-heal|p2a: Gliscor|22/100 tox|[from] ability: Poison Heal
|upkeep
|turn|17
|
|t:|1781326617
|move|p1a: Iron Valiant|Spirit Break|p2a: Gliscor
|-damage|p2a: Gliscor|0 fnt
|faint|p2a: Gliscor
|
|upkeep
|j| chanel on my feet
|
|t:|1781326622
|switch|p2a: Hydrapple|Hydrapple, M|100/100
|turn|18
|j| Mega Delibird X
|
|t:|1781326625
|-terastallize|p2a: Hydrapple|Fairy
|move|p1a: Iron Valiant|Spirit Break|p2a: Hydrapple
|-damage|p2a: Hydrapple|37/100
|-unboost|p2a: Hydrapple|spa|1
|move|p2a: Hydrapple|Leaf Storm|p1a: Iron Valiant
|-crit|p1a: Iron Valiant
|-damage|p1a: Iron Valiant|0 fnt
|-unboost|p2a: Hydrapple|spa|2
|faint|p1a: Iron Valiant
|-end|p1a: Iron Valiant|Quark Drive|[silent]
|
|upkeep
|
|t:|1781326637
|switch|p1a: Garchomp|Garchomp, M|100/100
|-damage|p1a: Garchomp|94/100|[from] Stealth Rock
|turn|19
|
|t:|1781326643
|move|p1a: Garchomp|Swords Dance|p1a: Garchomp
|-boost|p1a: Garchomp|atk|2
|move|p2a: Hydrapple|Fickle Beam|p1a: Garchomp
|-supereffective|p1a: Garchomp
|-damage|p1a: Garchomp|74/100
|
|upkeep
|turn|20
|
|t:|1781326658
|move|p1a: Garchomp|Earthquake|p2a: Hydrapple
|-damage|p2a: Hydrapple|0 fnt
|faint|p2a: Hydrapple
|
|-sideend|p1: sumofsquares|move: Aurora Veil
|upkeep
|
|t:|1781326661
|switch|p2a: Darkrai|Darkrai|100/100
|turn|21
|
|t:|1781326663
|move|p2a: Darkrai|Ice Beam|p1a: Garchomp
|-supereffective|p1a: Garchomp
|-damage|p1a: Garchomp|0 fnt
|faint|p1a: Garchomp
|
|upkeep
|
|t:|1781326666
|switch|p1a: Zapdos|Zapdos|80/100
|turn|22
|
|t:|1781326670
|move|p2a: Darkrai|Ice Beam|p1a: Zapdos
|-supereffective|p1a: Zapdos
|-crit|p1a: Zapdos
|-damage|p1a: Zapdos|9/100
|move|p1a: Zapdos|Thunderbolt|p2a: Darkrai
|-damage|p2a: Darkrai|55/100
|
|upkeep
|turn|23
|
|t:|1781326676
|move|p2a: Darkrai|Ice Beam|p1a: Zapdos
|-supereffective|p1a: Zapdos
|-crit|p1a: Zapdos
|-damage|p1a: Zapdos|0 fnt
|faint|p1a: Zapdos
|
|upkeep
|
|t:|1781326678
|switch|p1a: Great Tusk|Great Tusk|100/100
|-damage|p1a: Great Tusk|98/100|[from] Stealth Rock
|turn|24
|
|t:|1781326679
|move|p2a: Darkrai|Ice Beam|p1a: Great Tusk
|-supereffective|p1a: Great Tusk
|-damage|p1a: Great Tusk|0 fnt
|faint|p1a: Great Tusk
|-end|p1a: Great Tusk|Protosynthesis|[silent]
|
|win|Bigkyuza18
|raw|sumofsquares's rating: 1738 &rarr; <strong>1714</strong><br />(-24 for losing)
|raw|Bigkyuza18's rating: 1670 &rarr; <strong>1694</strong><br />(+24 for winning)
|l| chanel on my feet
|l| Mega Delibird X
|l|☆Bigkyuza18
|player|p2|
|l|☆sumofsquares
|player|p1|
