|j|☆buccal fat
|j|☆lord shiddenfards
|t:|1781340493
|gametype|singles
|player|p1|buccal fat|lady|1585
|player|p2|lord shiddenfards|blaine|1700
|gen|9
|tier|[Gen 9] OU
|rated|
|rule|HP Percentage Mod: HP is shown in percentages
|rule|Endless Battle Clause: Forcing endless battles is banned
|rule|Species Clause: Limit one of each Pokémon
|rule|OHKO Clause: OHKO moves are banned
|rule|Evasion Items Clause: Evasion items are banned
|rule|Evasion Moves Clause: Evasion moves are banned
|rule|Evasion Abilities Clause: Evasion abilities are banned
|rule|Sleep Moves Clause: Sleep-inducing moves are banned
|clearpoke
|poke|p1|Rillaboom, F|
|poke|p1|Ogerpon-Cornerstone, F|
|poke|p1|Moltres|
|poke|p1|Samurott-Hisui, F|
|poke|p1|Gholdengo|
|poke|p1|Great Tusk|
|poke|p2|Ninetales, M|
|poke|p2|Great Tusk|
|poke|p2|Slither Wing|
|poke|p2|Alomomola, F|
|poke|p2|Iron Moth|
|poke|p2|Raging Bolt|
|teampreview
|inactive|Battle timer is ON: inactive players will automatically lose when time's up. (requested by buccal fat)
|inactive|buccal fat has 120 seconds left.
|
|t:|1781340558
|teamsize|p1|6
|teamsize|p2|6
|start
|switch|p1a: Samurott|Samurott-Hisui, F|100/100
|switch|p2a: Raging Bolt|Raging Bolt|100/100
|turn|1
|inactive|buccal fat has 120 seconds left.
|
|t:|1781340614
|switch|p1a: Gholdengo|Gholdengo|100/100
|move|p2a: Raging Bolt|Volt Switch|p1a: Gholdengo
|-damage|p1a: Gholdengo|69/100
|
|t:|1781340619
|-end|p2a: Raging Bolt|Protosynthesis|[silent]
|switch|p2a: Ninetales|Ninetales, M|100/100|[from] Volt Switch
|-weather|SunnyDay|[from] ability: Drought|[of] p2a: Ninetales
|
|-weather|SunnyDay|[upkeep]
|upkeep
|turn|2
|inactive|buccal fat has 90 seconds left.
|
|t:|1781340640
|switch|p2a: Raging Bolt|Raging Bolt|100/100
|-activate|p2a: Raging Bolt|ability: Protosynthesis
|-start|p2a: Raging Bolt|protosynthesisspa
|switch|p1a: Moltres|Moltres|100/100
|
|-weather|SunnyDay|[upkeep]
|upkeep
|turn|3
|inactive|buccal fat has 90 seconds left.
|
|t:|1781340657
|switch|p1a: Gholdengo|Gholdengo|69/100
|move|p2a: Raging Bolt|Weather Ball|p1a: Gholdengo
|-supereffective|p1a: Gholdengo
|-damage|p1a: Gholdengo|0 fnt
|faint|p1a: Gholdengo
|
|-weather|SunnyDay|[upkeep]
|upkeep
|
|t:|1781340672
|switch|p1a: Great Tusk|Great Tusk|100/100
|-activate|p1a: Great Tusk|ability: Protosynthesis
|-start|p1a: Great Tusk|protosynthesisatk
|turn|4
|
|t:|1781340695
|-terastallize|p2a: Raging Bolt|Fairy
|move|p1a: Great Tusk|Headlong Rush|p2a: Raging Bolt
|-damage|p2a: Raging Bolt|30/100
|-unboost|p1a: Great Tusk|def|1
|-unboost|p1a: Great Tusk|spd|1
|move|p2a: Raging Bolt|Weather Ball|p1a: Great Tusk
|-damage|p1a: Great Tusk|0 fnt
|faint|p1a: Great Tusk
|-end|p1a: Great Tusk|Protosynthesis|[silent]
|
|-weather|SunnyDay|[upkeep]
|upkeep
|
|t:|1781340709
|switch|p1a: Rillaboom|Rillaboom, F|100/100
|-fieldstart|move: Grassy Terrain|[from] ability: Grassy Surge|[of] p1a: Rillaboom
|turn|5
|
|t:|1781340729
|move|p1a: Rillaboom|Grassy Glide|p2a: Raging Bolt
|-damage|p2a: Raging Bolt|0 fnt
|faint|p2a: Raging Bolt
|-end|p2a: Raging Bolt|Protosynthesis|[silent]
|
|-weather|none
|upkeep
|
|t:|1781340737
|switch|p2a: Ninetales|Ninetales, M|100/100
|-weather|SunnyDay|[from] ability: Drought|[of] p2a: Ninetales
|turn|6
|inactive|buccal fat has 90 seconds left.
|
|t:|1781340759
|switch|p1a: Moltres|Moltres|100/100
|move|p2a: Ninetales|Overheat|p1a: Moltres
|-resisted|p1a: Moltres
|-damage|p1a: Moltres|41/100
|-unboost|p2a: Ninetales|spa|2
|
|-weather|SunnyDay|[upkeep]
|upkeep
|turn|7
|
|t:|1781340784
|switch|p2a: Iron Moth|Iron Moth|100/100
|-enditem|p2a: Iron Moth|Booster Energy
|-activate|p2a: Iron Moth|ability: Quark Drive|[fromitem]
|-start|p2a: Iron Moth|quarkdrivespe
|move|p1a: Moltres|U-turn|p2a: Iron Moth
|-resisted|p2a: Iron Moth
|-crit|p2a: Iron Moth
|-damage|p2a: Iron Moth|91/100
|
|t:|1781340795
|switch|p1a: Ogerpon|Ogerpon-Cornerstone, F|100/100|[from] U-turn
|
|-weather|SunnyDay|[upkeep]
|-heal|p2a: Iron Moth|97/100|[from] Grassy Terrain
|upkeep
|turn|8
|
|t:|1781340814
|-end|p2a: Iron Moth|Quark Drive|[silent]
|switch|p2a: Alomomola|Alomomola, F|100/100
|move|p1a: Ogerpon|Ivy Cudgel|p2a: Alomomola|[anim] Ivy Cudgel Rock
|-damage|p2a: Alomomola|58/100
|-enditem|p2a: Alomomola|Eject Button
|
|t:|1781340820
|switch|p2a: Slither Wing|Slither Wing|100/100
|-activate|p2a: Slither Wing|ability: Protosynthesis
|-start|p2a: Slither Wing|protosynthesisatk
|
|-weather|SunnyDay|[upkeep]
|upkeep
|turn|9
|
|t:|1781340835
|switch|p1a: Moltres|Moltres|41/100
|move|p2a: Slither Wing|U-turn|p1a: Moltres
|-resisted|p1a: Moltres
|-damage|p1a: Moltres|26/100
|
|t:|1781340843
|-end|p2a: Slither Wing|Protosynthesis|[silent]
|switch|p2a: Iron Moth|Iron Moth|97/100|[from] U-turn
|
|-weather|SunnyDay|[upkeep]
|-heal|p2a: Iron Moth|100/100|[from] Grassy Terrain
|upkeep
|turn|10
|
|t:|1781340848
|move|p2a: Iron Moth|Fiery Dance|p1a: Moltres
|-resisted|p1a: Moltres
|-damage|p1a: Moltres|0 fnt
|-boost|p2a: Iron Moth|spa|1
|faint|p1a: Moltres
|
|-weather|none
|upkeep
|
|t:|1781340854
|switch|p1a: Samurott|Samurott-Hisui, F|100/100
|turn|11
|
|t:|1781340865
|-end|p2a: Iron Moth|Quark Drive|[silent]
|switch|p2a: Alomomola|Alomomola, F|91/100
|move|p1a: Samurott|Flip Turn|p2a: Alomomola
|-resisted|p2a: Alomomola
|-damage|p2a: Alomomola|82/100
|
|t:|1781340870
|switch|p1a: Ogerpon|Ogerpon-Cornerstone, F|100/100|[from] Flip Turn
|
|-heal|p2a: Alomomola|89/100|[from] Grassy Terrain
|upkeep
|turn|12
|inactive|buccal fat has 90 seconds left.
|
|t:|1781340876
|move|p1a: Ogerpon|Power Whip|p2a: Alomomola
|-supereffective|p2a: Alomomola
|-damage|p2a: Alomomola|0 fnt
|faint|p2a: Alomomola
|
|-fieldend|move: Grassy Terrain
|upkeep
|
|t:|1781340882
|switch|p2a: Slither Wing|Slither Wing|100/100
|turn|13
|
|t:|1781340893
|-terastallize|p1a: Ogerpon|Rock
|detailschange|p1a: Ogerpon|Ogerpon-Cornerstone-Tera, F, tera:Rock
|-ability|p1a: Ogerpon|Embody Aspect (Cornerstone)|boost
|-boost|p1a: Ogerpon|def|1
|move|p1a: Ogerpon|Ivy Cudgel|p2a: Slither Wing|[anim] Ivy Cudgel Rock
|-damage|p2a: Slither Wing|0 fnt
|faint|p2a: Slither Wing
|-end|p2a: Slither Wing|Protosynthesis|[silent]
|
|upkeep
|inactive|lord shiddenfards has 120 seconds left.
|inactive|lord shiddenfards has 90 seconds left.
|
|t:|1781340957
|switch|p2a: Great Tusk|Great Tusk|100/100
|turn|14
|
|t:|1781340962
|move|p1a: Ogerpon|Power Whip|p2a: Great Tusk
|-supereffective|p2a: Great Tusk
|-damage|p2a: Great Tusk|1/100
|move|p2a: Great Tusk|Rapid Spin|p1a: Ogerpon
|-resisted|p1a: Ogerpon
|-damage|p1a: Ogerpon|95/100
|-boost|p2a: Great Tusk|spe|1
|
|upkeep
|turn|15
|
|t:|1781340969
|switch|p1a: Rillaboom|Rillaboom, F|100/100
|-fieldstart|move: Grassy Terrain|[from] ability: Grassy Surge|[of] p1a: Rillaboom
|move|p2a: Great Tusk|Headlong Rush|p1a: Rillaboom
|-resisted|p1a: Rillaboom
|-damage|p1a: Rillaboom|76/100
|-unboost|p2a: Great Tusk|def|1
|-unboost|p2a: Great Tusk|spd|1
|
|-heal|p2a: Great Tusk|7/100|[from] Grassy Terrain
|-heal|p1a: Rillaboom|82/100|[from] Grassy Terrain
|upkeep
|turn|16
|inactive|buccal fat has 120 seconds left.
|
|t:|1781340977
|-end|p2a: Great Tusk|Protosynthesis|[silent]
|switch|p2a: Ninetales|Ninetales, M|100/100
|-weather|SunnyDay|[from] ability: Drought|[of] p2a: Ninetales
|move|p1a: Rillaboom|U-turn|p2a: Ninetales
|-resisted|p2a: Ninetales
|-damage|p2a: Ninetales|80/100
|inactive|buccal fat has 120 seconds left.
|
|t:|1781340998
|switch|p1a: Ogerpon|Ogerpon-Cornerstone-Tera, F, tera:Rock|95/100|[from] U-turn
|-ability|p1a: Ogerpon|Embody Aspect (Cornerstone)|boost
|-boost|p1a: Ogerpon|def|1
|
|-weather|SunnyDay|[upkeep]
|-heal|p1a: Ogerpon|100/100|[from] Grassy Terrain
|-heal|p2a: Ninetales|86/100|[from] Grassy Terrain
|upkeep
|turn|17
|
|t:|1781341004
|move|p1a: Ogerpon|Ivy Cudgel|p2a: Ninetales|[anim] Ivy Cudgel Rock
|-supereffective|p2a: Ninetales
|-crit|p2a: Ninetales
|-damage|p2a: Ninetales|0 fnt
|faint|p2a: Ninetales
|
|-weather|SunnyDay|[upkeep]
|upkeep
|
|t:|1781341007
|switch|p2a: Great Tusk|Great Tusk|7/100
|-activate|p2a: Great Tusk|ability: Protosynthesis
|-start|p2a: Great Tusk|protosynthesisspe
|turn|18
|
|t:|1781341011
|move|p1a: Ogerpon|Grassy Glide|p2a: Great Tusk
|-supereffective|p2a: Great Tusk
|-damage|p2a: Great Tusk|0 fnt
|faint|p2a: Great Tusk
|-end|p2a: Great Tusk|Protosynthesis|[silent]
|
|-weather|SunnyDay|[upkeep]
|upkeep
|-message|lord shiddenfards forfeited.
|
|win|buccal fat
|raw|buccal fat's rating: 1585 &rarr; <strong>1611</strong><br />(+26 for winning)
|raw|lord shiddenfards's rating: 1700 &rarr; <strong>1674</strong><br />(-26 for losing)
|l|☆lord shiddenfards
|player|p2|
|c|☆buccal fat|GG
|c|☆buccal fat|gg
