|j|☆Bicasuuuu
|j|☆goshdarnittt
|t:|1781196288
|gametype|singles
|player|p1|Bicasuuuu|266|1611
|player|p2|goshdarnittt|yellow|1594
|gen|9
|tier|[Gen 9] OU
|rated|
|rule|HP Percentage Mod: HP is shown in percentages
|rule|Endless Battle Clause: Forcing endless battles is banned
|rule|Species Clause: Limit one of each Pokémon
|rule|OHKO Clause: OHKO moves are banned
|rule|Evasion Items Clause: Evasion items are banned
|rule|Evasion Moves Clause: Evasion moves are banned
|rule|Evasion Abilities Clause: Evasion abilities are banned
|rule|Sleep Moves Clause: Sleep-inducing moves are banned
|clearpoke
|poke|p1|Hoopa-Unbound|
|poke|p1|Pecharunt|
|poke|p1|Landorus-Therian, M|
|poke|p1|Cinderace, F|
|poke|p1|Alomomola, F|
|poke|p1|Iron Valiant|
|poke|p2|Pelipper, M|
|poke|p2|Golduck, M|
|poke|p2|Raging Bolt|
|poke|p2|Barraskewda, M|
|poke|p2|Tentacruel, F|
|poke|p2|Pawmot, F|
|teampreview
|j| kopkwepd
|c|☆Bicasuuuu|glhdf
|inactive|Battle timer is ON: inactive players will automatically lose when time's up. (requested by Bicasuuuu)
|
|t:|1781196310
|teamsize|p1|6
|teamsize|p2|6
|start
|switch|p1a: Hoopa|Hoopa-Unbound|100/100
|switch|p2a: Pelipper|Pelipper, M|100/100
|-weather|RainDance|[from] ability: Drizzle|[of] p2a: Pelipper
|turn|1
|
|t:|1781196316
|-terastallize|p1a: Hoopa|Dark
|move|p1a: Hoopa|Knock Off|p2a: Pelipper
|-damage|p2a: Pelipper|6/100
|-enditem|p2a: Pelipper|Damp Rock|[from] move: Knock Off|[of] p1a: Hoopa
|move|p2a: Pelipper|U-turn|p1a: Hoopa
|-supereffective|p1a: Hoopa
|-damage|p1a: Hoopa|74/100
|
|t:|1781196324
|switch|p2a: Barraskewda|Barraskewda, M|100/100|[from] U-turn
|
|-weather|RainDance|[upkeep]
|upkeep
|turn|2
|
|t:|1781196333
|switch|p1a: Alomomola|Alomomola, F|100/100
|move|p2a: Barraskewda|Liquidation|p1a: Alomomola
|-resisted|p1a: Alomomola
|-damage|p1a: Alomomola|69/100
|
|-weather|RainDance|[upkeep]
|upkeep
|turn|3
|
|t:|1781196338
|move|p2a: Barraskewda|Liquidation|p1a: Alomomola
|-resisted|p1a: Alomomola
|-damage|p1a: Alomomola|38/100
|move|p1a: Alomomola|Flip Turn|p2a: Barraskewda
|-resisted|p2a: Barraskewda
|-damage|p2a: Barraskewda|78/100
|
|t:|1781196341
|switch|p1a: Landorus|Landorus-Therian, M|100/100|[from] Flip Turn
|-ability|p1a: Landorus|Intimidate|boost
|-unboost|p2a: Barraskewda|atk|1
|
|-weather|RainDance|[upkeep]
|upkeep
|turn|4
|
|t:|1781196353
|switch|p1a: Alomomola|Alomomola, F|71/100
|move|p2a: Barraskewda|Flip Turn|p1a: Alomomola
|-resisted|p1a: Alomomola
|-damage|p1a: Alomomola|57/100
|
|t:|1781196356
|switch|p2a: Raging Bolt|Raging Bolt|100/100|[from] Flip Turn
|
|-weather|RainDance|[upkeep]
|upkeep
|turn|5
|
|t:|1781196365
|move|p2a: Raging Bolt|Draco Meteor|p1a: Alomomola
|-damage|p1a: Alomomola|6/100
|-unboost|p2a: Raging Bolt|spa|2
|-damage|p2a: Raging Bolt|91/100|[from] item: Life Orb
|move|p1a: Alomomola|Flip Turn|p2a: Raging Bolt
|-resisted|p2a: Raging Bolt
|-damage|p2a: Raging Bolt|80/100
|
|t:|1781196368
|switch|p1a: Landorus|Landorus-Therian, M|100/100|[from] Flip Turn
|-ability|p1a: Landorus|Intimidate|boost
|-unboost|p2a: Raging Bolt|atk|1
|
|-weather|RainDance|[upkeep]
|upkeep
|turn|6
|
|t:|1781196375
|move|p1a: Landorus|U-turn|p2a: Raging Bolt
|-damage|p2a: Raging Bolt|58/100
|
|t:|1781196380
|switch|p1a: Iron Valiant|Iron Valiant|100/100|[from] U-turn
|move|p2a: Raging Bolt|Weather Ball|p1a: Iron Valiant
|-damage|p1a: Iron Valiant|34/100
|-damage|p2a: Raging Bolt|48/100|[from] item: Life Orb
|
|-weather|RainDance|[upkeep]
|upkeep
|turn|7
|
|t:|1781196386
|move|p1a: Iron Valiant|Vacuum Wave|p2a: Raging Bolt
|-damage|p2a: Raging Bolt|25/100
|move|p2a: Raging Bolt|Thunderclap||[still]
|-fail|p2a: Raging Bolt
|
|-weather|RainDance|[upkeep]
|upkeep
|turn|8
|
|t:|1781196392
|-end|p1a: Iron Valiant|Quark Drive|[silent]
|switch|p1a: Landorus|Landorus-Therian, M|100/100
|-ability|p1a: Landorus|Intimidate|boost
|-unboost|p2a: Raging Bolt|atk|1
|-end|p2a: Raging Bolt|Protosynthesis|[silent]
|switch|p2a: Tentacruel|Tentacruel, F|100/100
|
|-weather|none
|upkeep
|turn|9
|
|t:|1781196402
|switch|p2a: Pelipper|Pelipper, M|6/100
|-weather|RainDance|[from] ability: Drizzle|[of] p2a: Pelipper
|move|p1a: Landorus|U-turn|p2a: Pelipper
|-resisted|p2a: Pelipper
|-damage|p2a: Pelipper|0 fnt
|faint|p2a: Pelipper
|
|t:|1781196409
|switch|p1a: Alomomola|Alomomola, F|39/100|[from] U-turn
|
|-weather|RainDance|[upkeep]
|upkeep
|
|t:|1781196413
|switch|p2a: Raging Bolt|Raging Bolt|25/100
|turn|10
|
|t:|1781196422
|switch|p1a: Iron Valiant|Iron Valiant|34/100
|move|p2a: Raging Bolt|Weather Ball|p1a: Iron Valiant
|-damage|p1a: Iron Valiant|0 fnt
|faint|p1a: Iron Valiant
|-end|p1a: Iron Valiant|Quark Drive|[silent]
|-damage|p2a: Raging Bolt|15/100|[from] item: Life Orb
|
|-weather|RainDance|[upkeep]
|upkeep
|
|t:|1781196428
|switch|p1a: Landorus|Landorus-Therian, M|100/100
|-ability|p1a: Landorus|Intimidate|boost
|-unboost|p2a: Raging Bolt|atk|1
|turn|11
|
|t:|1781196432
|move|p1a: Landorus|U-turn|p2a: Raging Bolt
|-damage|p2a: Raging Bolt|0 fnt
|faint|p2a: Raging Bolt
|-end|p2a: Raging Bolt|Protosynthesis|[silent]
|
|t:|1781196435
|switch|p1a: Alomomola|Alomomola, F|72/100|[from] U-turn
|
|-weather|RainDance|[upkeep]
|upkeep
|
|t:|1781196459
|switch|p2a: Pawmot|Pawmot, F|100/100
|turn|12
|
|t:|1781196464
|switch|p1a: Pecharunt|Pecharunt|100/100
|move|p2a: Pawmot|Revival Blessing|p2a: Pawmot
|-enditem|p2a: Pawmot|Leppa Berry|[eat]
|-activate|p2a: Pawmot|item: Leppa Berry|Revival Blessing|[consumed]
|
|t:|1781196469
|-heal|p2: Raging Bolt|50/100|[from] move: Revival Blessing
|
|-weather|RainDance|[upkeep]
|upkeep
|turn|13
|
|t:|1781196477
|move|p2a: Pawmot|Revival Blessing|p2a: Pawmot
|
|t:|1781196478
|-heal|p2: Pelipper|50/100|[from] move: Revival Blessing
|move|p1a: Pecharunt|Malignant Chain|p2a: Pawmot
|-damage|p2a: Pawmot|32/100
|-status|p2a: Pawmot|tox
|-start|p2a: Pawmot|confusion|[from] ability: Poison Puppeteer|[of] p1a: Pecharunt
|
|-weather|none
|-damage|p2a: Pawmot|26/100 tox|[from] psn
|upkeep
|turn|14
|c|☆Bicasuuuu|wait wtf
|c|☆goshdarnittt|sup
|
|t:|1781196504
|-activate|p2a: Pawmot|confusion
|move|p2a: Pawmot|Nuzzle|p1a: Pecharunt
|-crit|p1a: Pecharunt
|-damage|p1a: Pecharunt|93/100
|-status|p1a: Pecharunt|par
|move|p1a: Pecharunt|Shadow Ball|p2a: Pawmot
|-damage|p2a: Pawmot|0 fnt
|faint|p2a: Pawmot
|
|upkeep
|
|t:|1781196511
|switch|p2a: Pelipper|Pelipper, M|50/100
|-weather|RainDance|[from] ability: Drizzle|[of] p2a: Pelipper
|turn|15
|
|t:|1781196518
|move|p2a: Pelipper|U-turn|p1a: Pecharunt
|-resisted|p1a: Pecharunt
|-damage|p1a: Pecharunt|92/100 par
|
|t:|1781196520
|switch|p2a: Tentacruel|Tentacruel, F|100/100|[from] U-turn
|cant|p1a: Pecharunt|par
|
|-weather|RainDance|[upkeep]
|upkeep
|turn|16
|
|t:|1781196528
|switch|p1a: Alomomola|Alomomola, F|100/100
|move|p2a: Tentacruel|Knock Off|p1a: Alomomola
|-damage|p1a: Alomomola|88/100
|-enditem|p1a: Alomomola|Assault Vest|[from] move: Knock Off|[of] p2a: Tentacruel
|
|-weather|RainDance|[upkeep]
|upkeep
|turn|17
|
|t:|1781196534
|move|p2a: Tentacruel|Sludge Bomb|p1a: Alomomola
|-damage|p1a: Alomomola|67/100
|move|p1a: Alomomola|Flip Turn|p2a: Tentacruel
|-resisted|p2a: Tentacruel
|-damage|p2a: Tentacruel|80/100
|
|t:|1781196541
|switch|p1a: Hoopa|Hoopa-Unbound, tera:Dark|74/100|[from] Flip Turn
|
|-weather|RainDance|[upkeep]
|-heal|p2a: Tentacruel|86/100|[from] ability: Rain Dish
|upkeep
|turn|18
|
|t:|1781196543
|move|p2a: Tentacruel|Knock Off|p1a: Hoopa
|-resisted|p1a: Hoopa
|-damage|p1a: Hoopa|60/100
|-enditem|p1a: Hoopa|Choice Band|[from] move: Knock Off|[of] p2a: Tentacruel
|move|p1a: Hoopa|Knock Off|p2a: Tentacruel
|-damage|p2a: Tentacruel|0 fnt
|-enditem|p2a: Tentacruel|Assault Vest|[from] move: Knock Off|[of] p1a: Hoopa
|faint|p2a: Tentacruel
|
|-weather|RainDance|[upkeep]
|upkeep
|
|t:|1781196547
|switch|p2a: Barraskewda|Barraskewda, M|78/100
|turn|19
|
|t:|1781196552
|switch|p1a: Alomomola|Alomomola, F|100/100
|move|p2a: Barraskewda|Flip Turn|p1a: Alomomola
|-resisted|p1a: Alomomola
|-damage|p1a: Alomomola|78/100
|
|t:|1781196555
|switch|p2a: Raging Bolt|Raging Bolt|50/100|[from] Flip Turn
|
|-weather|none
|upkeep
|turn|20
|
|t:|1781196564
|move|p2a: Raging Bolt|Thunder|p1a: Alomomola
|-supereffective|p1a: Alomomola
|-crit|p1a: Alomomola
|-damage|p1a: Alomomola|0 fnt
|faint|p1a: Alomomola
|-damage|p2a: Raging Bolt|41/100|[from] item: Life Orb
|
|upkeep
|
|t:|1781196570
|switch|p1a: Landorus|Landorus-Therian, M|100/100
|-ability|p1a: Landorus|Intimidate|boost
|-unboost|p2a: Raging Bolt|atk|1
|turn|21
|
|t:|1781196575
|-end|p2a: Raging Bolt|Protosynthesis|[silent]
|switch|p2a: Pelipper|Pelipper, M|50/100
|-weather|RainDance|[from] ability: Drizzle|[of] p2a: Pelipper
|move|p1a: Landorus|Stone Edge|p2a: Pelipper
|-supereffective|p2a: Pelipper
|-damage|p2a: Pelipper|0 fnt
|faint|p2a: Pelipper
|
|-weather|RainDance|[upkeep]
|upkeep
|
|t:|1781196579
|switch|p2a: Golduck|Golduck, M|100/100
|turn|22
|
|t:|1781196592
|switch|p1a: Cinderace|Cinderace, F|100/100
|move|p2a: Golduck|Hydro Pump|p1a: Cinderace|[miss]
|-miss|p2a: Golduck|p1a: Cinderace
|
|-weather|RainDance|[upkeep]
|upkeep
|turn|23
|
|t:|1781196597
|move|p1a: Cinderace|Sucker Punch|p2a: Golduck
|-start|p1a: Cinderace|typechange|Dark|[from] ability: Libero
|-damage|p2a: Golduck|57/100
|move|p2a: Golduck|Hydro Pump|p1a: Cinderace
|-damage|p1a: Cinderace|0 fnt
|faint|p1a: Cinderace
|-damage|p2a: Golduck|47/100|[from] item: Life Orb
|
|-weather|RainDance|[upkeep]
|upkeep
|
|t:|1781196604
|switch|p1a: Hoopa|Hoopa-Unbound, tera:Dark|60/100
|turn|24
|
|t:|1781196610
|move|p2a: Golduck|Hydro Pump|p1a: Hoopa
|-damage|p1a: Hoopa|0 fnt
|faint|p1a: Hoopa
|-damage|p2a: Golduck|37/100|[from] item: Life Orb
|
|-weather|RainDance|[upkeep]
|upkeep
|
|t:|1781196613
|switch|p1a: Landorus|Landorus-Therian, M|100/100
|-ability|p1a: Landorus|Intimidate|boost
|-unboost|p2a: Golduck|atk|1
|turn|25
|
|t:|1781196616
|move|p2a: Golduck|Ice Beam|p1a: Landorus
|-supereffective|p1a: Landorus
|-damage|p1a: Landorus|0 fnt
|faint|p1a: Landorus
|-damage|p2a: Golduck|27/100|[from] item: Life Orb
|
|-weather|none
|upkeep
|
|t:|1781196619
|switch|p1a: Pecharunt|Pecharunt|92/100 par
|turn|26
|
|t:|1781196621
|move|p2a: Golduck|Hydro Pump|p1a: Pecharunt
|-damage|p1a: Pecharunt|21/100 par
|-damage|p2a: Golduck|17/100|[from] item: Life Orb
|cant|p1a: Pecharunt|par
|
|upkeep
|turn|27
|
|t:|1781196624
|move|p2a: Golduck|Ice Beam|p1a: Pecharunt
|-damage|p1a: Pecharunt|0 fnt
|faint|p1a: Pecharunt
|-damage|p2a: Golduck|7/100|[from] item: Life Orb
|
|win|goshdarnittt
|raw|Bicasuuuu's rating: 1611 &rarr; <strong>1590</strong><br />(-21 for losing)
|raw|goshdarnittt's rating: 1594 &rarr; <strong>1615</strong><br />(+21 for winning)
|c|☆goshdarnittt|gg
|l| kopkwepd
|l|☆Bicasuuuu
|player|p1|
|l|☆goshdarnittt
|player|p2|
