|j|☆testingyup
|j|☆rekjllj
|t:|1781341432
|gametype|singles
|player|p1|testingyup|marlon|1573
|player|p2|rekjllj|169|1583
|gen|9
|tier|[Gen 9] OU
|rated|
|rule|HP Percentage Mod: HP is shown in percentages
|rule|Endless Battle Clause: Forcing endless battles is banned
|rule|Species Clause: Limit one of each Pokémon
|rule|OHKO Clause: OHKO moves are banned
|rule|Evasion Items Clause: Evasion items are banned
|rule|Evasion Moves Clause: Evasion moves are banned
|rule|Evasion Abilities Clause: Evasion abilities are banned
|rule|Sleep Moves Clause: Sleep-inducing moves are banned
|clearpoke
|poke|p1|Skeledirge, F|
|poke|p1|Kyurem|
|poke|p1|Cinderace, M|
|poke|p1|Ogerpon-Wellspring, F|
|poke|p1|Pecharunt|
|poke|p1|Tornadus-Therian, M|
|poke|p2|Kingambit, M|
|poke|p2|Kommo-o, M|
|poke|p2|Iron Valiant|
|poke|p2|Kyurem|
|poke|p2|Iron Treads|
|poke|p2|Iron Crown|
|teampreview
|inactive|Battle timer is ON: inactive players will automatically lose when time's up. (requested by testingyup)
|c|☆rekjllj|hf
|inactive|rekjllj also wants the timer to be on.
|
|t:|1781341443
|teamsize|p1|6
|teamsize|p2|6
|start
|switch|p1a: Skeledirge|Skeledirge, F|100/100
|switch|p2a: Kyurem|Kyurem|100/100
|-ability|p2a: Kyurem|Pressure
|turn|1
|
|t:|1781341449
|move|p2a: Kyurem|Earth Power|p1a: Skeledirge
|-supereffective|p1a: Skeledirge
|-damage|p1a: Skeledirge|59/100
|move|p1a: Skeledirge|Torch Song|p2a: Kyurem
|-damage|p2a: Kyurem|62/100
|-boost|p1a: Skeledirge|spa|1
|
|-heal|p1a: Skeledirge|65/100|[from] item: Leftovers
|upkeep
|turn|2
|
|t:|1781341456
|-terastallize|p2a: Kyurem|Ground
|move|p2a: Kyurem|Earth Power|p1a: Skeledirge
|-supereffective|p1a: Skeledirge
|-damage|p1a: Skeledirge|0 fnt
|faint|p1a: Skeledirge
|
|upkeep
|inactive|testingyup has 120 seconds left.
|j| sacron10
|
|t:|1781341503
|switch|p1a: Ogerpon|Ogerpon-Wellspring, F|100/100
|turn|3
|
|t:|1781341512
|switch|p2a: Kommo-o|Kommo-o, M|100/100
|move|p1a: Ogerpon|Swords Dance|p1a: Ogerpon
|-boost|p1a: Ogerpon|atk|2
|
|upkeep
|turn|4
|
|t:|1781341537
|-terastallize|p1a: Ogerpon|Water
|detailschange|p1a: Ogerpon|Ogerpon-Wellspring-Tera, F, tera:Water
|-ability|p1a: Ogerpon|Embody Aspect (Wellspring)|boost
|-boost|p1a: Ogerpon|spd|1
|move|p1a: Ogerpon|Ivy Cudgel|p2a: Kommo-o|[anim] Ivy Cudgel Water
|-resisted|p2a: Kommo-o
|-damage|p2a: Kommo-o|43/100
|move|p2a: Kommo-o|Clangorous Soul|p2a: Kommo-o
|-boost|p2a: Kommo-o|atk|1
|-boost|p2a: Kommo-o|def|1
|-boost|p2a: Kommo-o|spa|1
|-boost|p2a: Kommo-o|spd|1
|-boost|p2a: Kommo-o|spe|1
|-damage|p2a: Kommo-o|10/100
|
|-heal|p2a: Kommo-o|16/100|[from] item: Leftovers
|upkeep
|turn|5
|
|t:|1781341552
|move|p2a: Kommo-o|Drain Punch|p1a: Ogerpon
|-damage|p1a: Ogerpon|42/100
|-heal|p2a: Kommo-o|41/100|[from] drain|[of] p1a: Ogerpon
|move|p1a: Ogerpon|Trailblaze|p2a: Kommo-o
|-resisted|p2a: Kommo-o
|-damage|p2a: Kommo-o|24/100
|-boost|p1a: Ogerpon|spe|1
|
|-heal|p2a: Kommo-o|31/100|[from] item: Leftovers
|upkeep
|turn|6
|
|t:|1781341555
|move|p1a: Ogerpon|Ivy Cudgel|p2a: Kommo-o|[anim] Ivy Cudgel Water
|-resisted|p2a: Kommo-o
|-damage|p2a: Kommo-o|0 fnt
|faint|p2a: Kommo-o
|
|upkeep
|
|t:|1781341559
|switch|p2a: Kingambit|Kingambit, M|100/100
|-activate|p2a: Kingambit|ability: Supreme Overlord
|-start|p2a: Kingambit|fallen1|[silent]
|turn|7
|
|t:|1781341568
|switch|p1a: Tornadus|Tornadus-Therian, M|100/100
|move|p2a: Kingambit|Sucker Punch||[still]
|-fail|p2a: Kingambit
|
|upkeep
|turn|8
|
|t:|1781341574
|move|p1a: Tornadus|Heat Wave|p2a: Kingambit
|-supereffective|p2a: Kingambit
|-damage|p2a: Kingambit|46/100
|move|p2a: Kingambit|Swords Dance|p2a: Kingambit
|-boost|p2a: Kingambit|atk|2
|
|-heal|p2a: Kingambit|52/100|[from] item: Leftovers
|upkeep
|turn|9
|
|t:|1781341582
|move|p2a: Kingambit|Sucker Punch|p1a: Tornadus
|-damage|p1a: Tornadus|9/100
|move|p1a: Tornadus|Heat Wave|p2a: Kingambit
|-supereffective|p2a: Kingambit
|-damage|p2a: Kingambit|0 fnt
|faint|p2a: Kingambit
|-end|p2a: Kingambit|fallen1|[silent]
|
|upkeep
|
|t:|1781341588
|switch|p2a: Kyurem|Kyurem, tera:Ground|62/100
|-ability|p2a: Kyurem|Pressure
|turn|10
|
|t:|1781341613
|move|p2a: Kyurem|Dragon Dance|p2a: Kyurem
|-boost|p2a: Kyurem|atk|1
|-boost|p2a: Kyurem|spe|1
|move|p1a: Tornadus|Bleakwind Storm|p2a: Kyurem|[miss]
|-miss|p1a: Tornadus|p2a: Kyurem
|
|upkeep
|turn|11
|
|t:|1781341619
|move|p2a: Kyurem|Icicle Spear|p1a: Tornadus
|-supereffective|p1a: Tornadus
|-damage|p1a: Tornadus|0 fnt
|faint|p1a: Tornadus
|-hitcount|p1: Tornadus|1
|
|upkeep
|inactive|testingyup has 120 seconds left.
|
|t:|1781341667
|switch|p1a: Cinderace|Cinderace, M|100/100
|turn|12
|
|t:|1781341673
|move|p1a: Cinderace|Sucker Punch|p2a: Kyurem
|-start|p1a: Cinderace|typechange|Dark|[from] ability: Libero
|-damage|p2a: Kyurem|11/100
|move|p2a: Kyurem|Earth Power|p1a: Cinderace
|-damage|p1a: Cinderace|43/100
|-unboost|p1a: Cinderace|spd|1
|
|upkeep
|turn|13
|
|t:|1781341680
|move|p1a: Cinderace|Sucker Punch||[still]
|-fail|p1a: Cinderace
|move|p2a: Kyurem|Dragon Dance|p2a: Kyurem
|-boost|p2a: Kyurem|atk|1
|-boost|p2a: Kyurem|spe|1
|
|upkeep
|turn|14
|
|t:|1781341685
|move|p1a: Cinderace|Sucker Punch||[still]
|-fail|p1a: Cinderace
|move|p2a: Kyurem|Dragon Dance|p2a: Kyurem
|-boost|p2a: Kyurem|atk|1
|-boost|p2a: Kyurem|spe|1
|
|upkeep
|turn|15
|
|t:|1781341699
|move|p1a: Cinderace|Sucker Punch||[still]
|-fail|p1a: Cinderace
|move|p2a: Kyurem|Dragon Dance|p2a: Kyurem
|-boost|p2a: Kyurem|atk|1
|-boost|p2a: Kyurem|spe|1
|
|upkeep
|turn|16
|
|t:|1781341706
|move|p2a: Kyurem|Scale Shot|p1a: Cinderace
|-damage|p1a: Cinderace|0 fnt
|faint|p1a: Cinderace
|-hitcount|p1: Cinderace|1
|-unboost|p2a: Kyurem|def|1
|-boost|p2a: Kyurem|spe|1
|
|upkeep
|c| sacron10|nahhhh
|inactive|testingyup has 120 seconds left.
|
|t:|1781341728
|switch|p1a: Pecharunt|Pecharunt|100/100
|turn|17
|inactive|testingyup has 120 seconds left.
|
|t:|1781341742
|move|p2a: Kyurem|Earth Power|p1a: Pecharunt
|-supereffective|p1a: Pecharunt
|-damage|p1a: Pecharunt|6/100
|move|p1a: Pecharunt|Shadow Ball|p2a: Kyurem
|-damage|p2a: Kyurem|0 fnt
|faint|p2a: Kyurem
|
|upkeep
|
|t:|1781341749
|switch|p2a: Iron Valiant|Iron Valiant|100/100
|-enditem|p2a: Iron Valiant|Booster Energy
|-activate|p2a: Iron Valiant|ability: Quark Drive|[fromitem]
|-start|p2a: Iron Valiant|quarkdrivespe
|turn|18
|
|t:|1781341754
|move|p2a: Iron Valiant|Moonblast|p1a: Pecharunt
|-resisted|p1a: Pecharunt
|-damage|p1a: Pecharunt|0 fnt
|faint|p1a: Pecharunt
|
|upkeep
|inactive|testingyup has 120 seconds left.
|
|t:|1781341775
|switch|p1a: Ogerpon|Ogerpon-Wellspring-Tera, F, tera:Water|42/100
|-ability|p1a: Ogerpon|Embody Aspect (Wellspring)|boost
|-boost|p1a: Ogerpon|spd|1
|turn|19
|
|t:|1781341778
|move|p2a: Iron Valiant|Focus Blast|p1a: Ogerpon
|-damage|p1a: Ogerpon|0 fnt
|faint|p1a: Ogerpon
|detailschange|p1: Ogerpon|Ogerpon-Wellspring, F|[silent]
|
|upkeep
|
|t:|1781341781
|switch|p1a: Kyurem|Kyurem|100/100
|-ability|p1a: Kyurem|Pressure
|turn|20
|
|t:|1781341789
|move|p2a: Iron Valiant|Moonblast|p1a: Kyurem
|-supereffective|p1a: Kyurem
|-damage|p1a: Kyurem|7/100
|move|p1a: Kyurem|Icicle Spear|p2a: Iron Valiant
|-damage|p2a: Iron Valiant|80/100
|-damage|p2a: Iron Valiant|62/100
|-damage|p2a: Iron Valiant|42/100
|-damage|p2a: Iron Valiant|23/100
|-damage|p2a: Iron Valiant|3/100
|-hitcount|p2a: Iron Valiant|5
|
|upkeep
|turn|21
|
|t:|1781341795
|move|p2a: Iron Valiant|Shadow Ball|p1a: Kyurem
|-damage|p1a: Kyurem|0 fnt
|faint|p1a: Kyurem
|
|win|rekjllj
|raw|testingyup's rating: 1573 &rarr; <strong>1554</strong><br />(-19 for losing)
|raw|rekjllj's rating: 1583 &rarr; <strong>1602</strong><br />(+19 for winning)
|c|☆rekjllj|gg
|l|☆rekjllj
|player|p2|
|l|☆testingyup
|player|p1|
|l| sacron10
