|j|☆KurisuChestnutOU
|j|☆tb poke
|t:|1781173572
|gametype|singles
|player|p1|KurisuChestnutOU|may-contest|1538
|player|p2|tb poke|170|1619
|gen|9
|tier|[Gen 9] OU
|rated|
|rule|HP Percentage Mod: HP is shown in percentages
|rule|Endless Battle Clause: Forcing endless battles is banned
|rule|Species Clause: Limit one of each Pokémon
|rule|OHKO Clause: OHKO moves are banned
|rule|Evasion Items Clause: Evasion items are banned
|rule|Evasion Moves Clause: Evasion moves are banned
|rule|Evasion Abilities Clause: Evasion abilities are banned
|rule|Sleep Moves Clause: Sleep-inducing moves are banned
|clearpoke
|poke|p1|Kingambit, M|
|poke|p1|Kommo-o, F|
|poke|p1|Iron Valiant|
|poke|p1|Kyurem|
|poke|p1|Iron Treads|
|poke|p1|Iron Crown|
|poke|p2|Dragonite, F|
|poke|p2|Hatterene, F|
|poke|p2|Samurott-Hisui, F|
|poke|p2|Great Tusk|
|poke|p2|Gholdengo|
|poke|p2|Iron Moth|
|teampreview
|inactive|Battle timer is ON: inactive players will automatically lose when time's up. (requested by KurisuChestnutOU)
|
|t:|1781173606
|teamsize|p1|6
|teamsize|p2|6
|start
|switch|p1a: Kyurem|Kyurem|100/100
|switch|p2a: Gholdengo|Gholdengo|100/100
|-ability|p1a: Kyurem|Pressure
|turn|1
|
|t:|1781173609
|move|p2a: Gholdengo|Make It Rain|p1a: Kyurem
|-supereffective|p1a: Kyurem
|-damage|p1a: Kyurem|0 fnt
|-unboost|p2a: Gholdengo|spa|1
|faint|p1a: Kyurem
|
|upkeep
|
|t:|1781173613
|switch|p1a: Kingambit|Kingambit, M|100/100
|-activate|p1a: Kingambit|ability: Supreme Overlord
|-start|p1a: Kingambit|fallen1|[silent]
|turn|2
|
|t:|1781173618
|switch|p2a: Great Tusk|Great Tusk|100/100
|-terastallize|p1a: Kingambit|Ghost
|move|p1a: Kingambit|Swords Dance|p1a: Kingambit
|-boost|p1a: Kingambit|atk|2
|
|upkeep
|turn|3
|
|t:|1781173623
|move|p2a: Great Tusk|Stealth Rock|p1a: Kingambit
|-sidestart|p1: KurisuChestnutOU|move: Stealth Rock
|move|p1a: Kingambit|Iron Head|p2a: Great Tusk
|-crit|p2a: Great Tusk
|-damage|p2a: Great Tusk|6/100
|-damage|p1a: Kingambit|84/100|[from] item: Rocky Helmet|[of] p2a: Great Tusk
|
|-heal|p1a: Kingambit|90/100|[from] item: Leftovers
|upkeep
|turn|4
|
|t:|1781173630
|move|p1a: Kingambit|Sucker Punch|p2a: Great Tusk
|-resisted|p2a: Great Tusk
|-damage|p2a: Great Tusk|0 fnt
|-damage|p1a: Kingambit|73/100|[from] item: Rocky Helmet|[of] p2a: Great Tusk
|faint|p2a: Great Tusk
|-end|p2a: Great Tusk|Protosynthesis|[silent]
|
|-heal|p1a: Kingambit|79/100|[from] item: Leftovers
|upkeep
|
|t:|1781173632
|switch|p2a: Samurott|Samurott-Hisui, F|100/100
|turn|5
|
|t:|1781173640
|move|p2a: Samurott|Sucker Punch|p1a: Kingambit
|-supereffective|p1a: Kingambit
|-damage|p1a: Kingambit|30/100
|move|p1a: Kingambit|Sucker Punch||[still]
|-fail|p1a: Kingambit
|
|-heal|p1a: Kingambit|36/100|[from] item: Leftovers
|upkeep
|turn|6
|
|t:|1781173648
|move|p2a: Samurott|Sucker Punch|p1a: Kingambit
|-supereffective|p1a: Kingambit
|-damage|p1a: Kingambit|0 fnt
|faint|p1a: Kingambit
|-end|p1a: Kingambit|fallen1|[silent]
|
|upkeep
|
|t:|1781173653
|switch|p1a: Iron Treads|Iron Treads|100/100
|-damage|p1a: Iron Treads|98/100|[from] Stealth Rock
|-enditem|p1a: Iron Treads|Booster Energy
|-activate|p1a: Iron Treads|ability: Quark Drive|[fromitem]
|-start|p1a: Iron Treads|quarkdrivespe
|turn|7
|
|t:|1781173660
|move|p1a: Iron Treads|Rapid Spin|p2a: Samurott
|-damage|p2a: Samurott|86/100
|-boost|p1a: Iron Treads|spe|1
|-sideend|p1: KurisuChestnutOU|Stealth Rock|[from] move: Rapid Spin|[of] p1a: Iron Treads
|move|p2a: Samurott|Razor Shell|p1a: Iron Treads
|-supereffective|p1a: Iron Treads
|-damage|p1a: Iron Treads|24/100
|-unboost|p1a: Iron Treads|def|1
|
|upkeep
|turn|8
|
|t:|1781173665
|move|p1a: Iron Treads|Stealth Rock|p2a: Samurott
|-sidestart|p2: tb poke|move: Stealth Rock
|move|p2a: Samurott|Ceaseless Edge|p1a: Iron Treads|[miss]
|-miss|p2a: Samurott|p1a: Iron Treads
|
|upkeep
|turn|9
|
|t:|1781173670
|move|p1a: Iron Treads|Endeavor|p2a: Samurott
|-damage|p2a: Samurott|23/100
|move|p2a: Samurott|Ceaseless Edge|p1a: Iron Treads
|-damage|p1a: Iron Treads|0 fnt
|-sidestart|p1: KurisuChestnutOU|Spikes
|faint|p1a: Iron Treads
|-end|p1a: Iron Treads|Quark Drive|[silent]
|
|upkeep
|
|t:|1781173677
|switch|p1a: Kommo-o|Kommo-o, F|100/100
|-damage|p1a: Kommo-o|88/100|[from] Spikes
|turn|10
|
|t:|1781173685
|move|p1a: Kommo-o|Clangorous Soul|p1a: Kommo-o
|-boost|p1a: Kommo-o|atk|1
|-boost|p1a: Kommo-o|def|1
|-boost|p1a: Kommo-o|spa|1
|-boost|p1a: Kommo-o|spd|1
|-boost|p1a: Kommo-o|spe|1
|-damage|p1a: Kommo-o|55/100
|move|p2a: Samurott|Knock Off|p1a: Kommo-o
|-resisted|p1a: Kommo-o
|-damage|p1a: Kommo-o|44/100
|-enditem|p1a: Kommo-o|Leftovers|[from] move: Knock Off|[of] p2a: Samurott
|
|upkeep
|turn|11
|
|t:|1781173692
|move|p1a: Kommo-o|Shadow Claw|p2a: Samurott
|-resisted|p2a: Samurott
|-crit|p2a: Samurott
|-damage|p2a: Samurott|3/100
|move|p2a: Samurott|Ceaseless Edge|p1a: Kommo-o
|-resisted|p1a: Kommo-o
|-damage|p1a: Kommo-o|33/100
|-sidestart|p1: KurisuChestnutOU|Spikes
|
|upkeep
|turn|12
|inactive|KurisuChestnutOU has 120 seconds left.
|inactive|KurisuChestnutOU has 90 seconds left.
|inactive|KurisuChestnutOU has 60 seconds left.
|inactive|KurisuChestnutOU has 30 seconds left.
|inactive|KurisuChestnutOU has 20 seconds left.
|inactive|KurisuChestnutOU has 15 seconds left.
|inactive|KurisuChestnutOU has 10 seconds left.
|inactive|KurisuChestnutOU has 5 seconds left.
|-message|KurisuChestnutOU lost due to inactivity.
|
|win|tb poke
|raw|KurisuChestnutOU's rating: 1587 &rarr; <strong>1569</strong><br />(-18 for losing)
|raw|tb poke's rating: 1619 &rarr; <strong>1637</strong><br />(+18 for winning)
