|j|☆reallydumb
|j|☆KurisuChestnutOU
|t:|1781165419
|gametype|singles
|player|p1|reallydumb|emmet|1535
|player|p2|KurisuChestnutOU|may-contest|1599
|gen|9
|tier|[Gen 9] OU
|rated|
|rule|HP Percentage Mod: HP is shown in percentages
|rule|Endless Battle Clause: Forcing endless battles is banned
|rule|Species Clause: Limit one of each Pokémon
|rule|OHKO Clause: OHKO moves are banned
|rule|Evasion Items Clause: Evasion items are banned
|rule|Evasion Moves Clause: Evasion moves are banned
|rule|Evasion Abilities Clause: Evasion abilities are banned
|rule|Sleep Moves Clause: Sleep-inducing moves are banned
|clearpoke
|poke|p1|Gholdengo|
|poke|p1|Bronzong|
|poke|p1|Chesnaught, F|
|poke|p1|Pecharunt|
|poke|p1|Clodsire, F|
|poke|p1|Weavile, F|
|poke|p2|Zamazenta-*|
|poke|p2|Zapdos|
|poke|p2|Garganacl, F|
|poke|p2|Clefable, M|
|poke|p2|Samurott-Hisui, F|
|poke|p2|Gholdengo|
|teampreview
|
|t:|1781165424
|teamsize|p1|6
|teamsize|p2|6
|start
|switch|p1a: Bronzong|Bronzong|100/100
|switch|p2a: Garganacl|Garganacl, F|100/100
|turn|1
|inactive|Battle timer is ON: inactive players will automatically lose when time's up. (requested by reallydumb)
|inactive|KurisuChestnutOU also wants the timer to be on.
|
|t:|1781165431
|move|p2a: Garganacl|Stealth Rock|p1a: Bronzong
|-sidestart|p1: reallydumb|move: Stealth Rock
|move|p1a: Bronzong|Stealth Rock|p2a: Garganacl
|-sidestart|p2: KurisuChestnutOU|move: Stealth Rock
|
|upkeep
|turn|2
|
|t:|1781165435
|move|p2a: Garganacl|Salt Cure|p1a: Bronzong
|-resisted|p1a: Bronzong
|-damage|p1a: Bronzong|95/100
|-start|p1a: Bronzong|Salt Cure
|move|p1a: Bronzong|Iron Head|p2a: Garganacl
|-supereffective|p2a: Garganacl
|-damage|p2a: Garganacl|67/100
|
|-heal|p2a: Garganacl|74/100|[from] item: Leftovers
|-heal|p1a: Bronzong|100/100|[from] item: Leftovers
|-damage|p1a: Bronzong|76/100|[from] Salt Cure
|upkeep
|turn|3
|
|t:|1781165444
|switch|p1a: Clodsire|Clodsire, F|100/100
|-damage|p1a: Clodsire|94/100|[from] Stealth Rock
|move|p2a: Garganacl|Salt Cure|p1a: Clodsire
|-resisted|p1a: Clodsire
|-damage|p1a: Clodsire|86/100
|-start|p1a: Clodsire|Salt Cure
|
|-heal|p2a: Garganacl|80/100|[from] item: Leftovers
|-heal|p1a: Clodsire|93/100|[from] item: Leftovers
|-damage|p1a: Clodsire|80/100|[from] Salt Cure
|upkeep
|turn|4
|
|t:|1781165448
|move|p2a: Garganacl|Salt Cure|p1a: Clodsire
|-resisted|p1a: Clodsire
|-damage|p1a: Clodsire|72/100
|move|p1a: Clodsire|Toxic|p2a: Garganacl
|-immune|p2a: Garganacl|[from] ability: Purifying Salt
|
|-heal|p2a: Garganacl|86/100|[from] item: Leftovers
|-heal|p1a: Clodsire|79/100|[from] item: Leftovers
|-damage|p1a: Clodsire|66/100|[from] Salt Cure
|upkeep
|turn|5
|
|t:|1781165453
|move|p2a: Garganacl|Salt Cure|p1a: Clodsire
|-resisted|p1a: Clodsire
|-damage|p1a: Clodsire|59/100
|move|p1a: Clodsire|Earthquake|p2a: Garganacl
|-supereffective|p2a: Garganacl
|-damage|p2a: Garganacl|53/100
|
|-heal|p2a: Garganacl|59/100|[from] item: Leftovers
|-heal|p1a: Clodsire|65/100|[from] item: Leftovers
|-damage|p1a: Clodsire|52/100|[from] Salt Cure
|upkeep
|turn|6
|
|t:|1781165458
|move|p2a: Garganacl|Earthquake|p1a: Clodsire
|-supereffective|p1a: Clodsire
|-damage|p1a: Clodsire|5/100
|move|p1a: Clodsire|Recover|p1a: Clodsire
|-heal|p1a: Clodsire|55/100
|
|-heal|p2a: Garganacl|65/100|[from] item: Leftovers
|-heal|p1a: Clodsire|61/100|[from] item: Leftovers
|-damage|p1a: Clodsire|49/100|[from] Salt Cure
|upkeep
|turn|7
|
|t:|1781165464
|switch|p1a: Chesnaught|Chesnaught, F|100/100
|-damage|p1a: Chesnaught|94/100|[from] Stealth Rock
|move|p2a: Garganacl|Earthquake|p1a: Chesnaught
|-resisted|p1a: Chesnaught
|-damage|p1a: Chesnaught|88/100
|
|-heal|p2a: Garganacl|71/100|[from] item: Leftovers
|upkeep
|turn|8
|
|t:|1781165469
|switch|p2a: Zapdos|Zapdos|100/100
|move|p1a: Chesnaught|Iron Defense|p1a: Chesnaught
|-boost|p1a: Chesnaught|def|2
|
|upkeep
|turn|9
|
|t:|1781165476
|switch|p1a: Clodsire|Clodsire, F|49/100
|-damage|p1a: Clodsire|43/100|[from] Stealth Rock
|move|p2a: Zapdos|Hurricane|p1a: Clodsire|[miss]
|-miss|p2a: Zapdos|p1a: Clodsire
|
|-heal|p1a: Clodsire|49/100|[from] item: Leftovers
|upkeep
|turn|10
|
|t:|1781165482
|switch|p2a: Samurott|Samurott-Hisui, F|100/100
|-damage|p2a: Samurott|88/100|[from] Stealth Rock
|move|p1a: Clodsire|Spikes|p2a: Samurott
|-sidestart|p2: KurisuChestnutOU|Spikes
|
|-heal|p1a: Clodsire|55/100|[from] item: Leftovers
|upkeep
|turn|11
|
|t:|1781165487
|switch|p1a: Chesnaught|Chesnaught, F|88/100
|-damage|p1a: Chesnaught|82/100|[from] Stealth Rock
|move|p2a: Samurott|Ceaseless Edge|p1a: Chesnaught
|-resisted|p1a: Chesnaught
|-crit|p1a: Chesnaught
|-damage|p1a: Chesnaught|61/100
|-damage|p2a: Samurott|72/100|[from] item: Rocky Helmet|[of] p1a: Chesnaught
|-sidestart|p1: reallydumb|Spikes
|
|upkeep
|turn|12
|
|t:|1781165494
|move|p2a: Samurott|Ceaseless Edge|p1a: Chesnaught
|-resisted|p1a: Chesnaught
|-damage|p1a: Chesnaught|49/100
|-damage|p2a: Samurott|55/100|[from] item: Rocky Helmet|[of] p1a: Chesnaught
|-sidestart|p1: reallydumb|Spikes
|move|p1a: Chesnaught|Knock Off|p2a: Samurott
|-resisted|p2a: Samurott
|-damage|p2a: Samurott|39/100
|-enditem|p2a: Samurott|Choice Scarf|[from] move: Knock Off|[of] p1a: Chesnaught
|
|upkeep
|turn|13
|
|t:|1781165498
|move|p2a: Samurott|Ceaseless Edge|p1a: Chesnaught
|-resisted|p1a: Chesnaught
|-damage|p1a: Chesnaught|37/100
|-damage|p2a: Samurott|22/100|[from] item: Rocky Helmet|[of] p1a: Chesnaught
|-sidestart|p1: reallydumb|Spikes
|move|p1a: Chesnaught|Synthesis|p1a: Chesnaught
|-heal|p1a: Chesnaught|87/100
|
|upkeep
|turn|14
|
|t:|1781165503
|switch|p2a: Zapdos|Zapdos|100/100
|move|p1a: Chesnaught|Body Press|p2a: Zapdos
|-resisted|p2a: Zapdos
|-damage|p2a: Zapdos|86/100
|
|upkeep
|turn|15
|
|t:|1781165507
|move|p2a: Zapdos|Hurricane|p1a: Chesnaught|[miss]
|-miss|p2a: Zapdos|p1a: Chesnaught
|move|p1a: Chesnaught|Knock Off|p2a: Zapdos
|-damage|p2a: Zapdos|69/100
|-enditem|p2a: Zapdos|Heavy-Duty Boots|[from] move: Knock Off|[of] p1a: Chesnaught
|
|upkeep
|turn|16
|
|t:|1781165513
|switch|p1a: Bronzong|Bronzong|76/100
|-damage|p1a: Bronzong|69/100|[from] Stealth Rock
|move|p2a: Zapdos|Hurricane|p1a: Bronzong|[miss]
|-miss|p2a: Zapdos|p1a: Bronzong
|
|-heal|p1a: Bronzong|76/100|[from] item: Leftovers
|upkeep
|turn|17
|
|t:|1781165517
|move|p2a: Zapdos|Roost|p2a: Zapdos
|-heal|p2a: Zapdos|100/100
|-singleturn|p2a: Zapdos|move: Roost
|move|p1a: Bronzong|Earthquake|p2a: Zapdos
|-supereffective|p2a: Zapdos
|-damage|p2a: Zapdos|68/100
|
|-heal|p1a: Bronzong|82/100|[from] item: Leftovers
|upkeep
|turn|18
|
|t:|1781165525
|move|p2a: Zapdos|Discharge|p1a: Bronzong
|-damage|p1a: Bronzong|61/100
|move|p1a: Bronzong|Psychic Noise|p2a: Zapdos
|-damage|p2a: Zapdos|49/100
|-start|p2a: Zapdos|move: Heal Block
|
|-heal|p1a: Bronzong|67/100|[from] item: Leftovers
|upkeep
|turn|19
|
|t:|1781165530
|move|p2a: Zapdos|Discharge|p1a: Bronzong
|-damage|p1a: Bronzong|45/100
|move|p1a: Bronzong|Psychic Noise|p2a: Zapdos
|-damage|p2a: Zapdos|27/100
|
|-heal|p1a: Bronzong|51/100|[from] item: Leftovers
|-end|p2a: Zapdos|move: Heal Block
|upkeep
|turn|20
|
|t:|1781165536
|move|p2a: Zapdos|Roost|p2a: Zapdos
|-heal|p2a: Zapdos|77/100
|-singleturn|p2a: Zapdos|move: Roost
|move|p1a: Bronzong|Earthquake|p2a: Zapdos
|-supereffective|p2a: Zapdos
|-damage|p2a: Zapdos|44/100
|
|-heal|p1a: Bronzong|57/100|[from] item: Leftovers
|upkeep
|turn|21
|
|t:|1781165539
|move|p2a: Zapdos|Roost|p2a: Zapdos
|-heal|p2a: Zapdos|94/100
|-singleturn|p2a: Zapdos|move: Roost
|move|p1a: Bronzong|Psychic Noise|p2a: Zapdos
|-damage|p2a: Zapdos|75/100
|-start|p2a: Zapdos|move: Heal Block
|
|-heal|p1a: Bronzong|64/100|[from] item: Leftovers
|upkeep
|turn|22
|
|t:|1781165544
|switch|p1a: Clodsire|Clodsire, F|55/100
|-damage|p1a: Clodsire|49/100|[from] Stealth Rock
|-damage|p1a: Clodsire|24/100|[from] Spikes
|move|p2a: Zapdos|Discharge|p1a: Clodsire
|-immune|p1a: Clodsire
|
|-heal|p1a: Clodsire|30/100|[from] item: Leftovers
|-end|p2a: Zapdos|move: Heal Block
|upkeep
|turn|23
|
|t:|1781165549
|switch|p2a: Garganacl|Garganacl, F|71/100
|-damage|p2a: Garganacl|59/100|[from] Stealth Rock
|-damage|p2a: Garganacl|47/100|[from] Spikes
|move|p1a: Clodsire|Recover|p1a: Clodsire
|-heal|p1a: Clodsire|80/100
|
|-heal|p2a: Garganacl|53/100|[from] item: Leftovers
|-heal|p1a: Clodsire|86/100|[from] item: Leftovers
|upkeep
|turn|24
|
|t:|1781165553
|move|p2a: Garganacl|Salt Cure|p1a: Clodsire
|-resisted|p1a: Clodsire
|-damage|p1a: Clodsire|78/100
|-start|p1a: Clodsire|Salt Cure
|move|p1a: Clodsire|Earthquake|p2a: Garganacl
|-supereffective|p2a: Garganacl
|-damage|p2a: Garganacl|13/100
|
|-heal|p2a: Garganacl|19/100|[from] item: Leftovers
|-heal|p1a: Clodsire|84/100|[from] item: Leftovers
|-damage|p1a: Clodsire|72/100|[from] Salt Cure
|upkeep
|turn|25
|
|t:|1781165559
|switch|p1a: Gholdengo|Gholdengo|100/100
|-damage|p1a: Gholdengo|94/100|[from] Stealth Rock
|-item|p1a: Gholdengo|Air Balloon
|move|p2a: Garganacl|Recover|p2a: Garganacl
|-heal|p2a: Garganacl|69/100
|
|-heal|p2a: Garganacl|75/100|[from] item: Leftovers
|upkeep
|turn|26
|
|t:|1781165562
|-terastallize|p1a: Gholdengo|Steel
|-terastallize|p2a: Garganacl|Water
|move|p1a: Gholdengo|Make It Rain|p2a: Garganacl
|-resisted|p2a: Garganacl
|-damage|p2a: Garganacl|43/100
|-unboost|p1a: Gholdengo|spa|1
|move|p2a: Garganacl|Salt Cure|p1a: Gholdengo
|-resisted|p1a: Gholdengo
|-damage|p1a: Gholdengo|87/100
|-start|p1a: Gholdengo|Salt Cure
|-enditem|p1a: Gholdengo|Air Balloon
|
|-heal|p2a: Garganacl|49/100|[from] item: Leftovers
|-damage|p1a: Gholdengo|62/100|[from] Salt Cure
|upkeep
|turn|27
|
|t:|1781165566
|switch|p1a: Clodsire|Clodsire, F|72/100
|-damage|p1a: Clodsire|66/100|[from] Stealth Rock
|-damage|p1a: Clodsire|41/100|[from] Spikes
|move|p2a: Garganacl|Recover|p2a: Garganacl
|-heal|p2a: Garganacl|99/100
|
|-heal|p2a: Garganacl|100/100|[from] item: Leftovers
|-heal|p1a: Clodsire|47/100|[from] item: Leftovers
|upkeep
|turn|28
|
|t:|1781165573
|move|p2a: Garganacl|Earthquake|p1a: Clodsire
|-supereffective|p1a: Clodsire
|-damage|p1a: Clodsire|0 fnt
|faint|p1a: Clodsire
|
|upkeep
|
|t:|1781165578
|switch|p1a: Chesnaught|Chesnaught, F|87/100
|-damage|p1a: Chesnaught|80/100|[from] Stealth Rock
|-damage|p1a: Chesnaught|55/100|[from] Spikes
|turn|29
|
|t:|1781165582
|switch|p2a: Zapdos|Zapdos|75/100
|-damage|p2a: Zapdos|51/100|[from] Stealth Rock
|move|p1a: Chesnaught|Knock Off|p2a: Zapdos
|-damage|p2a: Zapdos|39/100
|
|upkeep
|turn|30
|
|t:|1781165592
|switch|p1a: Bronzong|Bronzong|64/100
|-damage|p1a: Bronzong|57/100|[from] Stealth Rock
|move|p2a: Zapdos|Roost|p2a: Zapdos
|-heal|p2a: Zapdos|89/100
|-singleturn|p2a: Zapdos|move: Roost
|
|-heal|p1a: Bronzong|64/100|[from] item: Leftovers
|upkeep
|turn|31
|
|t:|1781165599
|move|p2a: Zapdos|Discharge|p1a: Bronzong
|-damage|p1a: Bronzong|41/100
|move|p1a: Bronzong|Psychic Noise|p2a: Zapdos
|-damage|p2a: Zapdos|67/100
|-start|p2a: Zapdos|move: Heal Block
|
|-heal|p1a: Bronzong|47/100|[from] item: Leftovers
|upkeep
|turn|32
|
|t:|1781165603
|move|p2a: Zapdos|Discharge|p1a: Bronzong
|-damage|p1a: Bronzong|25/100
|move|p1a: Bronzong|Psychic Noise|p2a: Zapdos
|-damage|p2a: Zapdos|46/100
|
|-heal|p1a: Bronzong|31/100|[from] item: Leftovers
|-end|p2a: Zapdos|move: Heal Block
|upkeep
|turn|33
|
|t:|1781165609
|switch|p1a: Weavile|Weavile, F|100/100
|-ability|p1a: Weavile|Pressure
|move|p2a: Zapdos|Roost|p2a: Zapdos
|-heal|p2a: Zapdos|96/100
|-singleturn|p2a: Zapdos|move: Roost
|
|upkeep
|turn|34
|
|t:|1781165615
|move|p1a: Weavile|Triple Axel|p2a: Zapdos
|-supereffective|p2a: Zapdos
|-damage|p2a: Zapdos|82/100
|-status|p1a: Weavile|par|[from] ability: Static|[of] p2a: Zapdos
|-hitcount|p2a: Zapdos|1
|move|p2a: Zapdos|Discharge|p1a: Weavile
|-damage|p1a: Weavile|57/100 par
|
|upkeep
|turn|35
|-message|reallydumb forfeited.
|
|win|KurisuChestnutOU
|raw|reallydumb's rating: 1535 &rarr; <strong>1521</strong><br />(-14 for losing)
|raw|KurisuChestnutOU's rating: 1635 &rarr; <strong>1649</strong><br />(+14 for winning)
|l|☆reallydumb
|player|p1|
|l|☆KurisuChestnutOU
|player|p2|
