|badge|p2|bronze|gen9ou|100-9
|uhtml|medal-msg|<div class="broadcast-blue">Curious what those medals under the avatar are? PS now has Ladder Seasons! For more information, check out the <a href="https://www.smogon.com/forums/threads/3740067/">thread on Smogon.</a></div>
|j|☆BlackStar150520
|j|☆icylikedecember
|t:|1781209982
|gametype|singles
|player|p1|BlackStar150520|unknown|1697
|player|p2|icylikedecember|smasher|1766
|gen|9
|tier|[Gen 9] OU
|rated|
|rule|HP Percentage Mod: HP is shown in percentages
|rule|Endless Battle Clause: Forcing endless battles is banned
|rule|Species Clause: Limit one of each Pokémon
|rule|OHKO Clause: OHKO moves are banned
|rule|Evasion Items Clause: Evasion items are banned
|rule|Evasion Moves Clause: Evasion moves are banned
|rule|Evasion Abilities Clause: Evasion abilities are banned
|rule|Sleep Moves Clause: Sleep-inducing moves are banned
|clearpoke
|poke|p1|Dondozo, M|
|poke|p1|Iron Valiant|
|poke|p1|Gliscor, M|
|poke|p1|Raging Bolt|
|poke|p1|Clodsire, F|
|poke|p1|Kingambit, M|
|poke|p2|Corviknight, F|
|poke|p2|Slowking-Galar, F|
|poke|p2|Darkrai|
|poke|p2|Kyurem|
|poke|p2|Zamazenta-*|
|poke|p2|Crawdaunt, M|
|teampreview
|inactive|Battle timer is ON: inactive players will automatically lose when time's up. (requested by BlackStar150520)
|
|t:|1781209993
|teamsize|p1|6
|teamsize|p2|6
|start
|switch|p1a: Ban me|Gliscor, M|100/100
|switch|p2a: Kyurem|Kyurem|100/100
|-ability|p2a: Kyurem|Pressure
|turn|1
|
|t:|1781209997
|move|p1a: Ban me|Protect|p1a: Ban me
|-singleturn|p1a: Ban me|Protect
|move|p2a: Kyurem|Freeze-Dry|p1a: Ban me
|-activate|p1a: Ban me|move: Protect
|
|-status|p1a: Ban me|tox|[from] item: Toxic Orb
|upkeep
|turn|2
|
|t:|1781210009
|switch|p2a: Crawdaunt|Crawdaunt, M|100/100
|switch|p1a: Clodsire|Clodsire, F|100/100
|
|upkeep
|turn|3
|
|t:|1781210015
|move|p2a: Crawdaunt|Knock Off|p1a: Clodsire
|-damage|p1a: Clodsire|5/100
|-enditem|p1a: Clodsire|Leftovers|[from] move: Knock Off|[of] p2a: Crawdaunt
|move|p1a: Clodsire|Stealth Rock|p2a: Crawdaunt
|-sidestart|p2: icylikedecember|move: Stealth Rock
|
|upkeep
|turn|4
|
|t:|1781210022
|move|p2a: Crawdaunt|Knock Off|p1a: Clodsire
|-damage|p1a: Clodsire|0 fnt
|faint|p1a: Clodsire
|
|upkeep
|
|t:|1781210024
|switch|p1a: Hero|Iron Valiant|100/100
|turn|5
|
|t:|1781210027
|switch|p2a: Slowking|Slowking-Galar, F, shiny|100/100
|-damage|p2a: Slowking|88/100|[from] Stealth Rock
|move|p1a: Hero|Trick|p2a: Slowking
|-activate|p1a: Hero|move: Trick|[of] p2a: Slowking
|-item|p2a: Slowking|Choice Specs|[from] move: Trick
|-item|p1a: Hero|Assault Vest|[from] move: Trick
|
|upkeep
|turn|6
|
|t:|1781210032
|-end|p1a: Hero|Quark Drive|[silent]
|switch|p1a: Ban me|Gliscor, M|100/100 tox
|move|p2a: Slowking|Ice Beam|p1a: Ban me
|-supereffective|p1a: Ban me
|-damage|p1a: Ban me|0 fnt
|faint|p1a: Ban me
|
|upkeep
|
|t:|1781210040
|switch|p1a: Marine's curse|Dondozo, M|100/100
|turn|7
|
|t:|1781210046
|switch|p2a: Kyurem|Kyurem|100/100
|-damage|p2a: Kyurem|76/100|[from] Stealth Rock
|-ability|p2a: Kyurem|Pressure
|move|p1a: Marine's curse|Curse|p1a: Marine's curse
|-unboost|p1a: Marine's curse|spe|1
|-boost|p1a: Marine's curse|atk|1
|-boost|p1a: Marine's curse|def|1
|
|upkeep
|turn|8
|
|t:|1781210049
|move|p2a: Kyurem|Freeze-Dry|p1a: Marine's curse
|-supereffective|p1a: Marine's curse
|-damage|p1a: Marine's curse|2/100
|move|p1a: Marine's curse|Outrage|p2a: Kyurem
|-supereffective|p2a: Kyurem
|-damage|p2a: Kyurem|0 fnt
|faint|p2a: Kyurem
|
|-heal|p1a: Marine's curse|8/100|[from] item: Leftovers
|upkeep
|
|t:|1781210060
|switch|p2a: Darkrai|Darkrai|100/100
|-damage|p2a: Darkrai|88/100|[from] Stealth Rock
|turn|9
|
|t:|1781210063
|move|p2a: Darkrai|Dark Pulse|p1a: Marine's curse
|-damage|p1a: Marine's curse|0 fnt
|faint|p1a: Marine's curse
|
|upkeep
|
|t:|1781210065
|switch|p1a: Hero|Iron Valiant|100/100
|turn|10
|
|t:|1781210068
|-terastallize|p2a: Darkrai|Poison
|move|p2a: Darkrai|Sludge Bomb|p1a: Hero
|-supereffective|p1a: Hero
|-damage|p1a: Hero|0 fnt
|faint|p1a: Hero
|-end|p1a: Hero|Quark Drive|[silent]
|
|upkeep
|
|t:|1781210078
|switch|p1a: Ban Dragonite|Raging Bolt|100/100
|turn|11
|
|t:|1781210080
|move|p2a: Darkrai|Ice Beam|p1a: Ban Dragonite
|-supereffective|p1a: Ban Dragonite
|-crit|p1a: Ban Dragonite
|-damage|p1a: Ban Dragonite|0 fnt
|faint|p1a: Ban Dragonite
|-end|p1a: Ban Dragonite|Protosynthesis|[silent]
|
|upkeep
|
|t:|1781210082
|switch|p1a: Captain Aizen|Kingambit, M, shiny|100/100
|-activate|p1a: Captain Aizen|ability: Supreme Overlord
|-start|p1a: Captain Aizen|fallen5|[silent]
|turn|12
|
|t:|1781210085
|move|p2a: Darkrai|Focus Blast|p1a: Captain Aizen
|-supereffective|p1a: Captain Aizen
|-damage|p1a: Captain Aizen|0 fnt
|faint|p1a: Captain Aizen
|-end|p1a: Captain Aizen|fallen5|[silent]
|
|win|icylikedecember
|raw|BlackStar150520's rating: 1697 &rarr; <strong>1681</strong><br />(-16 for losing)
|raw|icylikedecember's rating: 1766 &rarr; <strong>1782</strong><br />(+16 for winning)
|l|☆BlackStar150520
|player|p1|
|l|☆icylikedecember
|player|p2|
