|j|☆sawquarete
|j|☆KurisuChestnutOU
|t:|1781148272
|gametype|singles
|player|p1|sawquarete|li|1541
|player|p2|KurisuChestnutOU|may-contest|1493
|gen|9
|tier|[Gen 9] OU
|rated|
|rule|HP Percentage Mod: HP is shown in percentages
|rule|Endless Battle Clause: Forcing endless battles is banned
|rule|Species Clause: Limit one of each Pokémon
|rule|OHKO Clause: OHKO moves are banned
|rule|Evasion Items Clause: Evasion items are banned
|rule|Evasion Moves Clause: Evasion moves are banned
|rule|Evasion Abilities Clause: Evasion abilities are banned
|rule|Sleep Moves Clause: Sleep-inducing moves are banned
|clearpoke
|poke|p1|Great Tusk|
|poke|p1|Kingambit, M|
|poke|p1|Gholdengo|
|poke|p1|Ting-Lu|
|poke|p1|Alomomola, M|
|poke|p1|Zamazenta-*|
|poke|p2|Hawlucha, F|
|poke|p2|Samurott-Hisui, F|
|poke|p2|Rillaboom, F|
|poke|p2|Gholdengo|
|poke|p2|Kyurem|
|poke|p2|Landorus-Therian, M|
|teampreview
|
|t:|1781148278
|teamsize|p1|6
|teamsize|p2|6
|start
|switch|p1a: Gholdengo|Gholdengo|100/100
|switch|p2a: Landorus|Landorus-Therian, M|100/100
|-ability|p2a: Landorus|Intimidate|boost
|-unboost|p1a: Gholdengo|atk|1
|-item|p1a: Gholdengo|Air Balloon
|turn|1
|inactive|Battle timer is ON: inactive players will automatically lose when time's up. (requested by KurisuChestnutOU)
|
|t:|1781148288
|switch|p1a: Alomomola|Alomomola, M|100/100
|move|p2a: Landorus|Stealth Rock|p1a: Alomomola
|-sidestart|p1: sawquarete|move: Stealth Rock
|
|upkeep
|turn|2
|
|t:|1781148293
|switch|p2a: Rillaboom|Rillaboom, F|100/100
|-fieldstart|move: Grassy Terrain|[from] ability: Grassy Surge|[of] p2a: Rillaboom
|move|p1a: Alomomola|Scald|p2a: Rillaboom
|-resisted|p2a: Rillaboom
|-damage|p2a: Rillaboom|92/100
|
|-heal|p2a: Rillaboom|99/100|[from] Grassy Terrain
|upkeep
|turn|3
|
|t:|1781148302
|switch|p1a: Gholdengo|Gholdengo|100/100
|-damage|p1a: Gholdengo|94/100|[from] Stealth Rock
|-item|p1a: Gholdengo|Air Balloon
|move|p2a: Rillaboom|Wood Hammer|p1a: Gholdengo
|-resisted|p1a: Gholdengo
|-damage|p1a: Gholdengo|63/100
|-enditem|p1a: Gholdengo|Air Balloon
|-damage|p2a: Rillaboom|88/100|[from] Recoil
|
|-heal|p2a: Rillaboom|94/100|[from] Grassy Terrain
|-heal|p1a: Gholdengo|70/100|[from] Grassy Terrain
|upkeep
|turn|4
|
|t:|1781148306
|switch|p2a: Samurott|Samurott-Hisui, F|100/100
|move|p1a: Gholdengo|Thunder Wave|p2a: Samurott
|-status|p2a: Samurott|par
|
|-heal|p1a: Gholdengo|76/100|[from] Grassy Terrain
|upkeep
|turn|5
|
|t:|1781148313
|switch|p1a: Great Tusk|Great Tusk|100/100
|switch|p2a: Kyurem|Kyurem|100/100
|-ability|p2a: Kyurem|Pressure
|
|upkeep
|turn|6
|
|t:|1781148320
|-terastallize|p1a: Great Tusk|Steel
|move|p2a: Kyurem|Ice Beam|p1a: Great Tusk
|-resisted|p1a: Great Tusk
|-damage|p1a: Great Tusk|65/100
|move|p1a: Great Tusk|Rapid Spin|p2a: Kyurem
|-damage|p2a: Kyurem|85/100
|-boost|p1a: Great Tusk|spe|1
|-sideend|p1: sawquarete|Stealth Rock|[from] move: Rapid Spin|[of] p1a: Great Tusk
|
|-heal|p1a: Great Tusk|71/100|[from] Grassy Terrain
|-heal|p2a: Kyurem|91/100|[from] Grassy Terrain
|-fieldend|move: Grassy Terrain
|upkeep
|turn|7
|
|t:|1781148325
|move|p1a: Great Tusk|Head Smash|p2a: Kyurem
|-supereffective|p2a: Kyurem
|-damage|p2a: Kyurem|0 fnt
|faint|p2a: Kyurem
|-damage|p1a: Great Tusk|23/100|[from] Recoil
|
|upkeep
|
|t:|1781148329
|switch|p2a: Landorus|Landorus-Therian, M|100/100
|-ability|p2a: Landorus|Intimidate|boost
|-unboost|p1a: Great Tusk|atk|1
|turn|8
|
|t:|1781148334
|move|p1a: Great Tusk|Ice Spinner|p2a: Landorus
|-supereffective|p2a: Landorus
|-damage|p2a: Landorus|25/100
|-damage|p1a: Great Tusk|7/100|[from] item: Rocky Helmet|[of] p2a: Landorus
|move|p2a: Landorus|Stealth Rock|p1a: Great Tusk
|-sidestart|p1: sawquarete|move: Stealth Rock
|
|upkeep
|turn|9
|
|t:|1781148342
|move|p1a: Great Tusk|Ice Spinner|p2a: Landorus
|-supereffective|p2a: Landorus
|-damage|p2a: Landorus|0 fnt
|-damage|p1a: Great Tusk|0 fnt|[from] item: Rocky Helmet|[of] p2a: Landorus
|faint|p2a: Landorus
|faint|p1a: Great Tusk
|-end|p1a: Great Tusk|Protosynthesis|[silent]
|
|upkeep
|
|t:|1781148350
|switch|p2a: Hawlucha|Hawlucha, F|100/100
|switch|p1a: Gholdengo|Gholdengo|76/100
|-damage|p1a: Gholdengo|70/100|[from] Stealth Rock
|turn|10
|
|t:|1781148356
|switch|p2a: Samurott|Samurott-Hisui, F|100/100 par
|move|p1a: Gholdengo|Thunder Wave|p2a: Samurott
|-fail|p2a: Samurott|par
|
|upkeep
|turn|11
|
|t:|1781148360
|switch|p1a: Zamazenta|Zamazenta|100/100
|-damage|p1a: Zamazenta|94/100|[from] Stealth Rock
|-ability|p1a: Zamazenta|Dauntless Shield|boost
|-boost|p1a: Zamazenta|def|1
|cant|p2a: Samurott|par
|
|-heal|p1a: Zamazenta|100/100|[from] item: Leftovers
|upkeep
|turn|12
|
|t:|1781148367
|-terastallize|p2a: Samurott|Poison
|move|p1a: Zamazenta|Body Press|p2a: Samurott
|-resisted|p2a: Samurott
|-damage|p2a: Samurott|71/100 par
|move|p2a: Samurott|Ceaseless Edge|p1a: Zamazenta
|-resisted|p1a: Zamazenta
|-damage|p1a: Zamazenta|91/100
|-sidestart|p1: sawquarete|Spikes
|
|-heal|p1a: Zamazenta|97/100|[from] item: Leftovers
|upkeep
|turn|13
|
|t:|1781148373
|move|p1a: Zamazenta|Iron Defense|p1a: Zamazenta
|-boost|p1a: Zamazenta|def|2
|move|p2a: Samurott|Ceaseless Edge|p1a: Zamazenta
|-resisted|p1a: Zamazenta
|-damage|p1a: Zamazenta|91/100
|-sidestart|p1: sawquarete|Spikes
|
|-heal|p1a: Zamazenta|97/100|[from] item: Leftovers
|upkeep
|turn|14
|
|t:|1781148380
|move|p1a: Zamazenta|Iron Defense|p1a: Zamazenta
|-boost|p1a: Zamazenta|def|2
|cant|p2a: Samurott|par
|
|-heal|p1a: Zamazenta|100/100|[from] item: Leftovers
|upkeep
|turn|15
|
|t:|1781148386
|switch|p2a: Gholdengo|Gholdengo|100/100
|move|p1a: Zamazenta|Body Press|p2a: Gholdengo
|-immune|p2a: Gholdengo
|
|upkeep
|turn|16
|
|t:|1781148393
|move|p2a: Gholdengo|Make It Rain|p1a: Zamazenta
|-damage|p1a: Zamazenta|50/100
|-unboost|p2a: Gholdengo|spa|1
|move|p1a: Zamazenta|Crunch|p2a: Gholdengo
|-supereffective|p2a: Gholdengo
|-damage|p2a: Gholdengo|48/100
|
|-heal|p1a: Zamazenta|56/100|[from] item: Leftovers
|upkeep
|turn|17
|
|t:|1781148400
|switch|p2a: Hawlucha|Hawlucha, F|100/100
|move|p1a: Zamazenta|Crunch|p2a: Hawlucha
|-resisted|p2a: Hawlucha
|-damage|p2a: Hawlucha|87/100
|
|-heal|p1a: Zamazenta|63/100|[from] item: Leftovers
|upkeep
|turn|18
|
|t:|1781148405
|move|p1a: Zamazenta|Body Press|p2a: Hawlucha
|-resisted|p2a: Hawlucha
|-damage|p2a: Hawlucha|14/100
|move|p2a: Hawlucha|Roost|p2a: Hawlucha
|-heal|p2a: Hawlucha|65/100
|-singleturn|p2a: Hawlucha|move: Roost
|
|-heal|p1a: Zamazenta|69/100|[from] item: Leftovers
|upkeep
|turn|19
|
|t:|1781148412
|move|p1a: Zamazenta|Body Press|p2a: Hawlucha
|-resisted|p2a: Hawlucha
|-damage|p2a: Hawlucha|0 fnt
|faint|p2a: Hawlucha
|
|-heal|p1a: Zamazenta|75/100|[from] item: Leftovers
|upkeep
|
|t:|1781148416
|switch|p2a: Gholdengo|Gholdengo|48/100
|turn|20
|
|t:|1781148419
|move|p2a: Gholdengo|Trick|p1a: Zamazenta
|-activate|p2a: Gholdengo|move: Trick|[of] p1a: Zamazenta
|-item|p1a: Zamazenta|Choice Scarf|[from] move: Trick
|-item|p2a: Gholdengo|Leftovers|[from] move: Trick
|move|p1a: Zamazenta|Crunch|p2a: Gholdengo
|-supereffective|p2a: Gholdengo
|-damage|p2a: Gholdengo|0 fnt
|faint|p2a: Gholdengo
|
|upkeep
|
|t:|1781148423
|switch|p2a: Rillaboom|Rillaboom, F|94/100
|-fieldstart|move: Grassy Terrain|[from] ability: Grassy Surge|[of] p2a: Rillaboom
|turn|21
|
|t:|1781148428
|move|p1a: Zamazenta|Crunch|p2a: Rillaboom
|-damage|p2a: Rillaboom|74/100
|move|p2a: Rillaboom|Swords Dance|p2a: Rillaboom
|-boost|p2a: Rillaboom|atk|2
|
|-heal|p1a: Zamazenta|81/100|[from] Grassy Terrain
|-heal|p2a: Rillaboom|80/100|[from] Grassy Terrain
|upkeep
|turn|22
|
|t:|1781148431
|move|p2a: Rillaboom|Grassy Glide|p1a: Zamazenta
|-damage|p1a: Zamazenta|65/100
|move|p1a: Zamazenta|Crunch|p2a: Rillaboom
|-damage|p2a: Rillaboom|59/100
|
|-heal|p1a: Zamazenta|72/100|[from] Grassy Terrain
|-heal|p2a: Rillaboom|65/100|[from] Grassy Terrain
|upkeep
|turn|23
|
|t:|1781148439
|move|p2a: Rillaboom|Grassy Glide|p1a: Zamazenta
|-damage|p1a: Zamazenta|55/100
|move|p1a: Zamazenta|Crunch|p2a: Rillaboom
|-damage|p2a: Rillaboom|42/100
|
|-heal|p1a: Zamazenta|62/100|[from] Grassy Terrain
|-heal|p2a: Rillaboom|48/100|[from] Grassy Terrain
|upkeep
|turn|24
|
|t:|1781148442
|move|p2a: Rillaboom|Grassy Glide|p1a: Zamazenta
|-damage|p1a: Zamazenta|44/100
|move|p1a: Zamazenta|Crunch|p2a: Rillaboom
|-damage|p2a: Rillaboom|25/100
|-unboost|p2a: Rillaboom|def|1
|
|-heal|p1a: Zamazenta|50/100|[from] Grassy Terrain
|-heal|p2a: Rillaboom|31/100|[from] Grassy Terrain
|upkeep
|turn|25
|
|t:|1781148447
|switch|p2a: Samurott|Samurott-Hisui, F, tera:Poison|71/100 par
|move|p1a: Zamazenta|Crunch|p2a: Samurott
|-damage|p2a: Samurott|44/100 par
|
|-heal|p1a: Zamazenta|57/100|[from] Grassy Terrain
|-heal|p2a: Samurott|50/100 par|[from] Grassy Terrain
|-fieldend|move: Grassy Terrain
|upkeep
|turn|26
|
|t:|1781148450
|move|p1a: Zamazenta|Crunch|p2a: Samurott
|-damage|p2a: Samurott|28/100 par
|move|p2a: Samurott|Knock Off|p1a: Zamazenta
|-resisted|p1a: Zamazenta
|-damage|p1a: Zamazenta|52/100
|-enditem|p1a: Zamazenta|Choice Scarf|[from] move: Knock Off|[of] p2a: Samurott
|
|upkeep
|turn|27
|
|t:|1781148457
|move|p2a: Samurott|Sucker Punch|p1a: Zamazenta
|-resisted|p1a: Zamazenta
|-damage|p1a: Zamazenta|49/100
|move|p1a: Zamazenta|Body Press|p2a: Samurott
|-resisted|p2a: Samurott
|-damage|p2a: Samurott|0 fnt
|faint|p2a: Samurott
|
|upkeep
|
|t:|1781148462
|switch|p2a: Rillaboom|Rillaboom, F|31/100
|-fieldstart|move: Grassy Terrain|[from] ability: Grassy Surge|[of] p2a: Rillaboom
|turn|28
|c|☆sawquarete|ggs
|
|t:|1781148468
|move|p1a: Zamazenta|Body Press|p2a: Rillaboom
|-damage|p2a: Rillaboom|0 fnt
|faint|p2a: Rillaboom
|
|win|sawquarete
|raw|sawquarete's rating: 1541 &rarr; <strong>1562</strong><br />(+21 for winning)
|raw|KurisuChestnutOU's rating: 1550 &rarr; <strong>1529</strong><br />(-21 for losing)
