|j|☆vrolog
|j|☆KurisuChestnutLab
|t:|1781178461
|gametype|singles
|player|p1|vrolog|n|1617
|player|p2|KurisuChestnutLab|may-contest|1596
|gen|9
|tier|[Gen 9] OU
|rated|
|rule|HP Percentage Mod: HP is shown in percentages
|rule|Endless Battle Clause: Forcing endless battles is banned
|rule|Species Clause: Limit one of each Pokémon
|rule|OHKO Clause: OHKO moves are banned
|rule|Evasion Items Clause: Evasion items are banned
|rule|Evasion Moves Clause: Evasion moves are banned
|rule|Evasion Abilities Clause: Evasion abilities are banned
|rule|Sleep Moves Clause: Sleep-inducing moves are banned
|clearpoke
|poke|p1|Galvantula, F|
|poke|p1|Arcanine-Hisui, F|
|poke|p1|Great Tusk|
|poke|p1|Gholdengo|
|poke|p1|Iron Valiant|
|poke|p1|Gyarados, M|
|poke|p2|Primarina, M|
|poke|p2|Hippowdon, M|
|poke|p2|Skarmory, F|
|poke|p2|Zapdos|
|poke|p2|Dragonite, M|
|poke|p2|Slowking, F|
|teampreview
|inactive|Battle timer is ON: inactive players will automatically lose when time's up. (requested by vrolog)
|inactive|KurisuChestnutLab also wants the timer to be on.
|
|t:|1781178469
|teamsize|p1|6
|teamsize|p2|6
|start
|switch|p1a: Galvantula|Galvantula, F|100/100
|switch|p2a: Hippowdon|Hippowdon, M|100/100
|-weather|Sandstorm|[from] ability: Sand Stream|[of] p2a: Hippowdon
|turn|1
|
|t:|1781178472
|move|p1a: Galvantula|Sticky Web|p2a: Hippowdon
|-sidestart|p2: KurisuChestnutLab|move: Sticky Web
|move|p2a: Hippowdon|Stealth Rock|p1a: Galvantula
|-sidestart|p1: vrolog|move: Stealth Rock
|
|-weather|Sandstorm|[upkeep]
|-damage|p1a: Galvantula|94/100|[from] Sandstorm
|upkeep
|turn|2
|
|t:|1781178476
|switch|p1a: Gyarados|Gyarados, M, shiny|100/100
|move|p2a: Hippowdon|Whirlwind|p1a: Gyarados
|drag|p1a: Great Tusk|Great Tusk|100/100
|-damage|p1a: Great Tusk|97/100|[from] Stealth Rock
|
|-weather|Sandstorm|[upkeep]
|-heal|p1a: Great Tusk|100/100|[from] item: Leftovers
|upkeep
|turn|3
|
|t:|1781178480
|move|p1a: Great Tusk|Rapid Spin|p2a: Hippowdon
|-damage|p2a: Hippowdon|91/100
|-boost|p1a: Great Tusk|spe|1
|-sideend|p1: vrolog|Stealth Rock|[from] move: Rapid Spin|[of] p1a: Great Tusk
|move|p2a: Hippowdon|Whirlwind|p1a: Great Tusk
|-end|p1a: Great Tusk|Protosynthesis|[silent]
|drag|p1a: Gyarados|Gyarados, M, shiny|100/100
|
|-weather|Sandstorm|[upkeep]
|-damage|p1a: Gyarados|94/100|[from] Sandstorm
|-heal|p2a: Hippowdon|97/100|[from] item: Leftovers
|upkeep
|turn|4
|
|t:|1781178484
|move|p1a: Gyarados|Waterfall|p2a: Hippowdon
|-supereffective|p2a: Hippowdon
|-damage|p2a: Hippowdon|53/100
|move|p2a: Hippowdon|Stealth Rock|p1a: Gyarados
|-sidestart|p1: vrolog|move: Stealth Rock
|
|-weather|Sandstorm|[upkeep]
|-damage|p1a: Gyarados|88/100|[from] Sandstorm
|-heal|p2a: Hippowdon|59/100|[from] item: Leftovers
|upkeep
|turn|5
|
|t:|1781178489
|switch|p2a: Zapdos|Zapdos|100/100
|move|p1a: Gyarados|Waterfall|p2a: Zapdos
|-damage|p2a: Zapdos|67/100
|
|-weather|none
|upkeep
|turn|6
|
|t:|1781178497
|switch|p1a: Gholdengo|Gholdengo, shiny|100/100
|-damage|p1a: Gholdengo|94/100|[from] Stealth Rock
|move|p2a: Zapdos|Hurricane|p1a: Gholdengo
|-resisted|p1a: Gholdengo
|-damage|p1a: Gholdengo|69/100
|-start|p1a: Gholdengo|confusion
|
|upkeep
|turn|7
|
|t:|1781178501
|-activate|p1a: Gholdengo|confusion
|move|p1a: Gholdengo|Shadow Ball|p2a: Zapdos
|-damage|p2a: Zapdos|31/100
|-unboost|p2a: Zapdos|spd|1
|move|p2a: Zapdos|Volt Switch|p1a: Gholdengo
|-crit|p1a: Gholdengo
|-damage|p1a: Gholdengo|25/100
|-enditem|p1a: Gholdengo|Salac Berry|[eat]
|-boost|p1a: Gholdengo|spe|1|[from] item: Salac Berry
|
|t:|1781178505
|switch|p2a: Primarina|Primarina, M|100/100|[from] Volt Switch
|-activate|p2a: Primarina|move: Sticky Web
|-unboost|p2a: Primarina|spe|1
|
|upkeep
|turn|8
|inactive|KurisuChestnutLab has 120 seconds left.
|inactive|KurisuChestnutLab has 90 seconds left.
|inactive|KurisuChestnutLab has 60 seconds left.
|inactive|KurisuChestnutLab has 30 seconds left.
|inactive|KurisuChestnutLab has 20 seconds left.
|inactive|KurisuChestnutLab has 15 seconds left.
|inactive|KurisuChestnutLab has 10 seconds left.
|inactive|KurisuChestnutLab has 5 seconds left.
|-message|KurisuChestnutLab lost due to inactivity.
|
|win|vrolog
|raw|vrolog's rating: 1617 &rarr; <strong>1636</strong><br />(+19 for winning)
|raw|KurisuChestnutLab's rating: 1596 &rarr; <strong>1577</strong><br />(-19 for losing)
