|j|☆chancha12suizo
|j|☆bigtestsofbig
|t:|1781474985
|gametype|singles
|player|p1|chancha12suizo|marshal|1539
|player|p2|bigtestsofbig|102|1608
|gen|9
|tier|[Gen 9] OU
|rated|
|rule|HP Percentage Mod: HP is shown in percentages
|rule|Endless Battle Clause: Forcing endless battles is banned
|rule|Species Clause: Limit one of each Pokémon
|rule|OHKO Clause: OHKO moves are banned
|rule|Evasion Items Clause: Evasion items are banned
|rule|Evasion Moves Clause: Evasion moves are banned
|rule|Evasion Abilities Clause: Evasion abilities are banned
|rule|Sleep Moves Clause: Sleep-inducing moves are banned
|clearpoke
|poke|p1|Samurott-Hisui, M|
|poke|p1|Torterra, M|
|poke|p1|Maushold-Four|
|poke|p1|Zamazenta-*|
|poke|p1|Darkrai|
|poke|p1|Kyurem|
|poke|p2|Goodra-Hisui, M|
|poke|p2|Gliscor, F|
|poke|p2|Kingambit, M|
|poke|p2|Moltres|
|poke|p2|Iron Valiant|
|poke|p2|Great Tusk|
|teampreview
|c|☆chancha12suizo|glhf
|inactive|Battle timer is ON: inactive players will automatically lose when time's up. (requested by bigtestsofbig)
|inactive|chancha12suizo also wants the timer to be on.
|
|t:|1781475012
|teamsize|p1|6
|teamsize|p2|6
|start
|switch|p1a: Torterra|Torterra, M|100/100
|switch|p2a: Gliscor|Gliscor, F|100/100
|turn|1
|
|t:|1781475025
|switch|p2a: Great Tusk|Great Tusk|100/100
|move|p1a: Torterra|Leech Seed|p2a: Great Tusk
|-start|p2a: Great Tusk|move: Leech Seed
|
|-damage|p2a: Great Tusk|88/100|[from] Leech Seed|[of] p1a: Torterra
|upkeep
|turn|2
|
|t:|1781475032
|switch|p1a: Zamazenta|Zamazenta|100/100
|-ability|p1a: Zamazenta|Dauntless Shield|boost
|-boost|p1a: Zamazenta|def|1
|move|p2a: Great Tusk|Ice Spinner|p1a: Zamazenta
|-damage|p1a: Zamazenta|86/100
|
|-damage|p2a: Great Tusk|76/100|[from] Leech Seed|[of] p1a: Zamazenta
|-heal|p1a: Zamazenta|97/100|[silent]
|upkeep
|turn|3
|
|t:|1781475043
|-end|p2a: Great Tusk|Protosynthesis|[silent]
|switch|p2a: Gliscor|Gliscor, F|100/100
|move|p1a: Zamazenta|Light Screen|p1a: Zamazenta
|-sidestart|p1: chancha12suizo|move: Light Screen
|
|-status|p2a: Gliscor|tox|[from] item: Toxic Orb
|upkeep
|turn|4
|
|t:|1781475048
|move|p1a: Zamazenta|Reflect|p1a: Zamazenta
|-sidestart|p1: chancha12suizo|Reflect
|move|p2a: Gliscor|Spikes|p1a: Zamazenta
|-sidestart|p1: chancha12suizo|Spikes
|
|upkeep
|turn|5
|
|t:|1781475054
|switch|p1a: Kyurem|Kyurem|100/100
|-damage|p1a: Kyurem|88/100|[from] Spikes
|-ability|p1a: Kyurem|Pressure
|move|p2a: Gliscor|Spikes|p1a: Kyurem
|-sidestart|p1: chancha12suizo|Spikes
|
|upkeep
|turn|6
|
|t:|1781475068
|move|p1a: Kyurem|Dragon Dance|p1a: Kyurem
|-boost|p1a: Kyurem|atk|1
|-boost|p1a: Kyurem|spe|1
|move|p2a: Gliscor|Knock Off|p1a: Kyurem
|-damage|p1a: Kyurem|76/100
|-enditem|p1a: Kyurem|Loaded Dice|[from] move: Knock Off|[of] p2a: Gliscor
|
|upkeep
|turn|7
|
|t:|1781475074
|switch|p2a: Kingambit|Kingambit, M|100/100
|move|p1a: Kyurem|Icicle Spear|p2a: Kingambit
|-resisted|p2a: Kingambit
|-damage|p2a: Kingambit|93/100
|-resisted|p2a: Kingambit
|-damage|p2a: Kingambit|84/100
|-hitcount|p2a: Kingambit|2
|
|-heal|p2a: Kingambit|90/100|[from] item: Leftovers
|upkeep
|turn|8
|
|t:|1781475104
|-terastallize|p1a: Kyurem|Ground
|move|p1a: Kyurem|Dragon Dance|p1a: Kyurem
|-boost|p1a: Kyurem|atk|1
|-boost|p1a: Kyurem|spe|1
|move|p2a: Kingambit|Iron Head|p1a: Kyurem
|-damage|p1a: Kyurem|53/100
|
|-heal|p2a: Kingambit|97/100|[from] item: Leftovers
|upkeep
|turn|9
|
|t:|1781475112
|-end|p2a: Kingambit|fallenundefined|[silent]
|switch|p2a: Moltres|Moltres|100/100
|move|p1a: Kyurem|Earth Power|p2a: Moltres
|-immune|p2a: Moltres
|
|upkeep
|turn|10
|
|t:|1781475121
|move|p1a: Kyurem|Icicle Spear|p2a: Moltres
|-damage|p2a: Moltres|77/100
|-damage|p2a: Moltres|55/100
|-damage|p2a: Moltres|32/100
|-damage|p2a: Moltres|11/100
|-damage|p2a: Moltres|0 fnt
|faint|p2a: Moltres
|-hitcount|p2: Moltres|5
|
|-sideend|p1: chancha12suizo|move: Light Screen
|upkeep
|
|t:|1781475132
|switch|p2a: Goodra|Goodra-Hisui, M|100/100
|turn|11
|
|t:|1781475136
|move|p1a: Kyurem|Icicle Spear|p2a: Goodra
|-damage|p2a: Goodra|75/100
|-damage|p2a: Goodra|52/100
|-damage|p2a: Goodra|26/100
|-damage|p2a: Goodra|1/100
|-hitcount|p2a: Goodra|4
|move|p2a: Goodra|Dragon Pulse|p1a: Kyurem
|-damage|p1a: Kyurem|0 fnt
|faint|p1a: Kyurem
|
|-sideend|p1: chancha12suizo|Reflect
|upkeep
|inactive|chancha12suizo has 120 seconds left.
|
|t:|1781475188
|switch|p1a: Zamazenta|Zamazenta|97/100
|-damage|p1a: Zamazenta|81/100|[from] Spikes
|turn|12
|
|t:|1781475200
|switch|p2a: Iron Valiant|Iron Valiant|100/100
|-enditem|p2a: Iron Valiant|Booster Energy
|-activate|p2a: Iron Valiant|ability: Quark Drive|[fromitem]
|-start|p2a: Iron Valiant|quarkdrivespe
|move|p1a: Zamazenta|Light Screen|p1a: Zamazenta
|-sidestart|p1: chancha12suizo|move: Light Screen
|
|upkeep
|turn|13
|inactive|chancha12suizo has 120 seconds left.
|
|t:|1781475231
|switch|p1a: Torterra|Torterra, M|100/100
|-damage|p1a: Torterra|84/100|[from] Spikes
|move|p2a: Iron Valiant|Encore||[still]
|-fail|p2a: Iron Valiant
|
|upkeep
|turn|14
|
|t:|1781475255
|move|p2a: Iron Valiant|Close Combat|p1a: Torterra
|-damage|p1a: Torterra|49/100
|-unboost|p2a: Iron Valiant|def|1
|-unboost|p2a: Iron Valiant|spd|1
|move|p1a: Torterra|Leech Seed|p2a: Iron Valiant
|-start|p2a: Iron Valiant|move: Leech Seed
|
|-damage|p2a: Iron Valiant|88/100|[from] Leech Seed|[of] p1a: Torterra
|-heal|p1a: Torterra|58/100|[silent]
|upkeep
|turn|15
|inactive|chancha12suizo has 90 seconds left.
|
|t:|1781475303
|switch|p1a: Zamazenta|Zamazenta|81/100
|-damage|p1a: Zamazenta|64/100|[from] Spikes
|move|p2a: Iron Valiant|Encore||[still]
|-fail|p2a: Iron Valiant
|
|-damage|p2a: Iron Valiant|76/100|[from] Leech Seed|[of] p1a: Zamazenta
|-heal|p1a: Zamazenta|74/100|[silent]
|upkeep
|turn|16
|
|t:|1781475332
|move|p2a: Iron Valiant|Moonblast|p1a: Zamazenta
|-supereffective|p1a: Zamazenta
|-damage|p1a: Zamazenta|43/100
|move|p1a: Zamazenta|Reflect|p1a: Zamazenta
|-sidestart|p1: chancha12suizo|Reflect
|
|-damage|p2a: Iron Valiant|63/100|[from] Leech Seed|[of] p1a: Zamazenta
|-heal|p1a: Zamazenta|52/100|[silent]
|upkeep
|turn|17
|
|t:|1781475347
|switch|p1a: Maushold|Maushold-Four|100/100
|-damage|p1a: Maushold|84/100|[from] Spikes
|move|p2a: Iron Valiant|Moonblast|p1a: Maushold
|-damage|p1a: Maushold|56/100
|-unboost|p1a: Maushold|spa|1
|
|-damage|p2a: Iron Valiant|51/100|[from] Leech Seed|[of] p1a: Maushold
|-heal|p1a: Maushold|68/100|[silent]
|upkeep
|turn|18
|inactive|chancha12suizo has 60 seconds left.
|
|t:|1781475379
|move|p2a: Iron Valiant|Close Combat|p1a: Maushold
|-supereffective|p1a: Maushold
|-damage|p1a: Maushold|0 fnt
|-unboost|p2a: Iron Valiant|def|1
|-unboost|p2a: Iron Valiant|spd|1
|faint|p1a: Maushold
|
|upkeep
|
|t:|1781475382
|switch|p1a: Torterra|Torterra, M|58/100
|-damage|p1a: Torterra|41/100|[from] Spikes
|turn|19
|
|t:|1781475388
|move|p2a: Iron Valiant|Close Combat|p1a: Torterra
|-damage|p1a: Torterra|22/100
|-unboost|p2a: Iron Valiant|def|1
|-unboost|p2a: Iron Valiant|spd|1
|move|p1a: Torterra|Shell Smash|p1a: Torterra
|-unboost|p1a: Torterra|def|1
|-unboost|p1a: Torterra|spd|1
|-boost|p1a: Torterra|atk|2
|-boost|p1a: Torterra|spa|2
|-boost|p1a: Torterra|spe|2
|-enditem|p1a: Torterra|Eject Pack
|
|t:|1781475395
|switch|p1a: Samurott|Samurott-Hisui, M|100/100
|-damage|p1a: Samurott|84/100|[from] Spikes
|
|-damage|p2a: Iron Valiant|38/100|[from] Leech Seed|[of] p1a: Samurott
|-heal|p1a: Samurott|95/100|[silent]
|-sideend|p1: chancha12suizo|move: Light Screen
|upkeep
|turn|20
|
|t:|1781475404
|move|p1a: Samurott|Aqua Jet|p2a: Iron Valiant
|-damage|p2a: Iron Valiant|0 fnt
|faint|p2a: Iron Valiant
|-end|p2a: Iron Valiant|Quark Drive|[silent]
|
|upkeep
|
|t:|1781475409
|switch|p2a: Great Tusk|Great Tusk|76/100
|turn|21
|
|t:|1781475424
|-end|p2a: Great Tusk|Protosynthesis|[silent]
|switch|p2a: Goodra|Goodra-Hisui, M|1/100
|move|p1a: Samurott|Aqua Cutter|p2a: Goodra
|-resisted|p2a: Goodra
|-damage|p2a: Goodra|0 fnt
|faint|p2a: Goodra
|
|upkeep
|
|t:|1781475431
|switch|p2a: Gliscor|Gliscor, F|100/100 tox
|turn|22
|
|t:|1781475439
|move|p1a: Samurott|Aqua Cutter|p2a: Gliscor
|-supereffective|p2a: Gliscor
|-damage|p2a: Gliscor|12/100 tox
|move|p2a: Gliscor|Spikes|p1a: Samurott
|-sidestart|p1: chancha12suizo|Spikes
|
|-heal|p2a: Gliscor|24/100 tox|[from] ability: Poison Heal
|upkeep
|turn|23
|inactive|chancha12suizo has 90 seconds left.
|
|t:|1781475453
|move|p2a: Gliscor|Protect|p2a: Gliscor
|-singleturn|p2a: Gliscor|Protect
|move|p1a: Samurott|Ceaseless Edge|p2a: Gliscor
|-activate|p2a: Gliscor|move: Protect
|
|-heal|p2a: Gliscor|37/100 tox|[from] ability: Poison Heal
|-sideend|p1: chancha12suizo|Reflect
|upkeep
|turn|24
|
|t:|1781475461
|move|p1a: Samurott|Ceaseless Edge|p2a: Gliscor
|-damage|p2a: Gliscor|0 fnt
|-sidestart|p2: bigtestsofbig|Spikes
|faint|p2a: Gliscor
|
|upkeep
|
|t:|1781475464
|switch|p2a: Great Tusk|Great Tusk|76/100
|turn|25
|
|t:|1781475472
|move|p2a: Great Tusk|Close Combat|p1a: Samurott
|-supereffective|p1a: Samurott
|-damage|p1a: Samurott|0 fnt
|-unboost|p2a: Great Tusk|def|1
|-unboost|p2a: Great Tusk|spd|1
|faint|p1a: Samurott
|
|upkeep
|
|t:|1781475487
|switch|p1a: Darkrai|Darkrai|100/100
|-damage|p1a: Darkrai|76/100|[from] Spikes
|turn|26
|
|t:|1781475499
|move|p1a: Darkrai|Ice Beam|p2a: Great Tusk
|-supereffective|p2a: Great Tusk
|-damage|p2a: Great Tusk|0 fnt
|faint|p2a: Great Tusk
|-end|p2a: Great Tusk|Protosynthesis|[silent]
|-damage|p1a: Darkrai|66/100|[from] item: Life Orb
|
|upkeep
|
|t:|1781475502
|switch|p2a: Kingambit|Kingambit, M|97/100
|-damage|p2a: Kingambit|84/100|[from] Spikes
|-activate|p2a: Kingambit|ability: Supreme Overlord
|-start|p2a: Kingambit|fallen5|[silent]
|turn|27
|inactive|chancha12suizo has 90 seconds left.
|
|t:|1781475555
|-terastallize|p2a: Kingambit|Flying
|move|p1a: Darkrai|Dark Pulse|p2a: Kingambit
|-damage|p2a: Kingambit|31/100
|-damage|p1a: Darkrai|56/100|[from] item: Life Orb
|cant|p2a: Kingambit|flinch
|
|-heal|p2a: Kingambit|37/100|[from] item: Leftovers
|upkeep
|turn|28
|
|t:|1781475569
|move|p2a: Kingambit|Sucker Punch|p1a: Darkrai
|-resisted|p1a: Darkrai
|-damage|p1a: Darkrai|13/100
|move|p1a: Darkrai|Dark Pulse|p2a: Kingambit
|-damage|p2a: Kingambit|0 fnt
|faint|p2a: Kingambit
|-end|p2a: Kingambit|fallen5|[silent]
|-damage|p1a: Darkrai|3/100|[from] item: Life Orb
|
|win|chancha12suizo
|raw|chancha12suizo's rating: 1539 &rarr; <strong>1563</strong><br />(+24 for winning)
|raw|bigtestsofbig's rating: 1608 &rarr; <strong>1584</strong><br />(-24 for losing)
|c|☆chancha12suizo|ggs
|l|☆chancha12suizo
|player|p1|
