|j|‽pinkacordhater
|j|☆SincereSarje
|t:|1781102489
|gametype|singles
|player|p1|pinkacordhater|artistf-gen6|1689
|player|p2|SincereSarje|morty|1603
|gen|9
|tier|[Gen 9] OU
|rated|
|rule|HP Percentage Mod: HP is shown in percentages
|rule|Endless Battle Clause: Forcing endless battles is banned
|rule|Species Clause: Limit one of each Pokémon
|rule|OHKO Clause: OHKO moves are banned
|rule|Evasion Items Clause: Evasion items are banned
|rule|Evasion Moves Clause: Evasion moves are banned
|rule|Evasion Abilities Clause: Evasion abilities are banned
|rule|Sleep Moves Clause: Sleep-inducing moves are banned
|clearpoke
|poke|p1|Sinistcha|
|poke|p1|Weavile, M|
|poke|p1|Clodsire, M|
|poke|p1|Latios, M|
|poke|p1|Bronzong|
|poke|p1|Skarmory, F|
|poke|p2|Weavile, M|
|poke|p2|Pecharunt|
|poke|p2|Ting-Lu|
|poke|p2|Walking Wake|
|poke|p2|Gholdengo|
|poke|p2|Gliscor, F|
|teampreview
|inactive|Battle timer is ON: inactive players will automatically lose when time's up. (requested by SincereSarje)
|inactive|pinkacordhater also wants the timer to be on.
|
|t:|1781102514
|teamsize|p1|6
|teamsize|p2|6
|start
|switch|p1a: Weavile|Weavile, M|100/100
|switch|p2a: Walking Wake|Walking Wake|100/100
|-ability|p1a: Weavile|Pressure
|turn|1
|
|t:|1781102534
|-end|p2a: Walking Wake|Protosynthesis|[silent]
|switch|p2a: Ting-Lu|Ting-Lu|100/100
|-ability|p2a: Ting-Lu|Vessel of Ruin
|move|p1a: Weavile|Knock Off|p2a: Ting-Lu
|-resisted|p2a: Ting-Lu
|-damage|p2a: Ting-Lu|87/100
|-damage|p1a: Weavile|84/100|[from] item: Rocky Helmet|[of] p2a: Ting-Lu
|-enditem|p2a: Ting-Lu|Rocky Helmet|[from] move: Knock Off|[of] p1a: Weavile
|
|upkeep
|turn|2
|
|t:|1781102543
|move|p1a: Weavile|Triple Axel|p2a: Ting-Lu
|-supereffective|p2a: Ting-Lu
|-damage|p2a: Ting-Lu|76/100
|-supereffective|p2a: Ting-Lu
|-damage|p2a: Ting-Lu|53/100
|-supereffective|p2a: Ting-Lu
|-damage|p2a: Ting-Lu|21/100
|-hitcount|p2a: Ting-Lu|3
|move|p2a: Ting-Lu|Stealth Rock|p1a: Weavile
|-sidestart|p1: pinkacordhater|move: Stealth Rock
|
|upkeep
|turn|3
|
|t:|1781102554
|switch|p2a: Gholdengo|Gholdengo|100/100
|move|p1a: Weavile|Triple Axel|p2a: Gholdengo
|-resisted|p2a: Gholdengo
|-damage|p2a: Gholdengo|95/100
|-resisted|p2a: Gholdengo
|-damage|p2a: Gholdengo|83/100
|-hitcount|p2a: Gholdengo|2
|
|upkeep
|turn|4
|
|t:|1781102570
|switch|p1a: Clodsire|Clodsire, M|100/100
|move|p2a: Gholdengo|Make It Rain|p1a: Clodsire
|-damage|p1a: Clodsire|67/100
|-unboost|p2a: Gholdengo|spa|1
|
|upkeep
|turn|5
|
|t:|1781102577
|switch|p2a: Weavile|Weavile, M|100/100
|-ability|p2a: Weavile|Pressure
|move|p1a: Clodsire|Recover|p1a: Clodsire
|-heal|p1a: Clodsire|100/100
|
|upkeep
|turn|6
|
|t:|1781102583
|switch|p1a: Skarmory|Skarmory, F|100/100
|-damage|p1a: Skarmory|88/100|[from] Stealth Rock
|move|p2a: Weavile|Swords Dance|p2a: Weavile
|-boost|p2a: Weavile|atk|2
|
|upkeep
|turn|7
|
|t:|1781102594
|-terastallize|p2a: Weavile|Ice
|move|p2a: Weavile|Triple Axel|p1a: Skarmory
|-damage|p1a: Skarmory|72/100
|-damage|p2a: Weavile|84/100|[from] item: Rocky Helmet|[of] p1a: Skarmory
|-damage|p1a: Skarmory|38/100
|-damage|p2a: Weavile|68/100|[from] item: Rocky Helmet|[of] p1a: Skarmory
|-hitcount|p1a: Skarmory|2
|move|p1a: Skarmory|Body Press|p2a: Weavile
|-supereffective|p2a: Weavile
|-crit|p2a: Weavile
|-damage|p2a: Weavile|0 fnt
|faint|p2a: Weavile
|
|upkeep
|j| newhere1310
|c|☆SincereSarje|Brilliant
|
|t:|1781102618
|switch|p2a: Walking Wake|Walking Wake|100/100
|turn|8
|
|t:|1781102626
|switch|p1a: Bronzong|Bronzong|100/100
|-damage|p1a: Bronzong|94/100|[from] Stealth Rock
|move|p2a: Walking Wake|Flip Turn|p1a: Bronzong
|-damage|p1a: Bronzong|80/100
|
|t:|1781102637
|-end|p2a: Walking Wake|Protosynthesis|[silent]
|switch|p2a: Gliscor|Gliscor, F|100/100|[from] Flip Turn
|
|-heal|p1a: Bronzong|86/100|[from] item: Leftovers
|-status|p2a: Gliscor|tox|[from] item: Toxic Orb
|upkeep
|turn|9
|
|t:|1781102658
|move|p2a: Gliscor|Knock Off|p1a: Bronzong
|-supereffective|p1a: Bronzong
|-damage|p1a: Bronzong|47/100
|-enditem|p1a: Bronzong|Leftovers|[from] move: Knock Off|[of] p2a: Gliscor
|move|p1a: Bronzong|Stealth Rock|p2a: Gliscor
|-sidestart|p2: SincereSarje|move: Stealth Rock
|
|upkeep
|turn|10
|
|t:|1781102664
|move|p2a: Gliscor|Spikes|p1a: Bronzong
|-sidestart|p1: pinkacordhater|Spikes
|move|p1a: Bronzong|Psychic Noise|p2a: Gliscor
|-crit|p2a: Gliscor
|-damage|p2a: Gliscor|71/100 tox
|-start|p2a: Gliscor|move: Heal Block
|
|upkeep
|turn|11
|
|t:|1781102676
|move|p2a: Gliscor|Knock Off|p1a: Bronzong
|-supereffective|p1a: Bronzong
|-damage|p1a: Bronzong|22/100
|move|p1a: Bronzong|Psychic Noise|p2a: Gliscor
|-damage|p2a: Gliscor|52/100 tox
|
|-end|p2a: Gliscor|move: Heal Block
|upkeep
|turn|12
|
|t:|1781102681
|move|p2a: Gliscor|Protect|p2a: Gliscor
|-singleturn|p2a: Gliscor|Protect
|move|p1a: Bronzong|Psychic Noise|p2a: Gliscor
|-activate|p2a: Gliscor|move: Protect
|
|-heal|p2a: Gliscor|64/100 tox|[from] ability: Poison Heal
|upkeep
|turn|13
|
|t:|1781102684
|move|p2a: Gliscor|Knock Off|p1a: Bronzong
|-supereffective|p1a: Bronzong
|-damage|p1a: Bronzong|0 fnt
|faint|p1a: Bronzong
|
|-heal|p2a: Gliscor|77/100 tox|[from] ability: Poison Heal
|upkeep
|
|t:|1781102687
|switch|p1a: Skarmory|Skarmory, F|38/100
|-damage|p1a: Skarmory|25/100|[from] Stealth Rock
|turn|14
|
|t:|1781102697
|switch|p2a: Walking Wake|Walking Wake|100/100
|move|p1a: Skarmory|Roost|p1a: Skarmory
|-heal|p1a: Skarmory|76/100
|-singleturn|p1a: Skarmory|move: Roost
|
|upkeep
|turn|15
|
|t:|1781102711
|switch|p1a: Latios|Latios, M|100/100
|-damage|p1a: Latios|88/100|[from] Stealth Rock
|move|p2a: Walking Wake|Knock Off|p1a: Latios
|-supereffective|p1a: Latios
|-damage|p1a: Latios|42/100
|-enditem|p1a: Latios|Soul Dew|[from] move: Knock Off|[of] p2a: Walking Wake
|
|upkeep
|turn|16
|
|t:|1781102721
|-end|p2a: Walking Wake|Protosynthesis|[silent]
|switch|p2a: Ting-Lu|Ting-Lu|21/100
|-damage|p2a: Ting-Lu|15/100|[from] Stealth Rock
|-ability|p2a: Ting-Lu|Vessel of Ruin
|move|p1a: Latios|Recover|p1a: Latios
|-heal|p1a: Latios|93/100
|
|upkeep
|turn|17
|
|t:|1781102729
|move|p1a: Latios|Draco Meteor|p2a: Ting-Lu
|-damage|p2a: Ting-Lu|0 fnt
|-unboost|p1a: Latios|spa|2
|faint|p2a: Ting-Lu
|
|upkeep
|
|t:|1781102741
|switch|p2a: Gliscor|Gliscor, F|77/100 tox
|-damage|p2a: Gliscor|64/100 tox|[from] Stealth Rock
|turn|18
|
|t:|1781102744
|switch|p1a: Skarmory|Skarmory, F|76/100
|-damage|p1a: Skarmory|63/100|[from] Stealth Rock
|switch|p2a: Walking Wake|Walking Wake|100/100
|
|upkeep
|turn|19
|
|t:|1781102754
|move|p2a: Walking Wake|Flip Turn|p1a: Skarmory
|-damage|p1a: Skarmory|54/100
|-damage|p2a: Walking Wake|84/100|[from] item: Rocky Helmet|[of] p1a: Skarmory
|
|t:|1781102759
|-end|p2a: Walking Wake|Protosynthesis|[silent]
|switch|p2a: Pecharunt|Pecharunt|100/100|[from] Flip Turn
|move|p1a: Skarmory|Roost|p1a: Skarmory
|-heal|p1a: Skarmory|100/100
|-singleturn|p1a: Skarmory|move: Roost
|
|upkeep
|turn|20
|
|t:|1781102762
|switch|p1a: Clodsire|Clodsire, M|100/100
|move|p2a: Pecharunt|Shadow Ball|p1a: Clodsire
|-crit|p1a: Clodsire
|-damage|p1a: Clodsire|80/100
|
|upkeep
|turn|21
|
|t:|1781102766
|move|p2a: Pecharunt|Parting Shot|p1a: Clodsire
|-unboost|p1a: Clodsire|atk|1
|-unboost|p1a: Clodsire|spa|1
|
|t:|1781102769
|switch|p2a: Gliscor|Gliscor, F|64/100 tox|[from] Parting Shot
|-damage|p2a: Gliscor|52/100 tox|[from] Stealth Rock
|move|p1a: Clodsire|Toxic|p2a: Gliscor
|-fail|p2a: Gliscor|tox
|
|-heal|p2a: Gliscor|64/100 tox|[from] ability: Poison Heal
|upkeep
|turn|22
|
|t:|1781102777
|switch|p2a: Walking Wake|Walking Wake|84/100
|switch|p1a: Skarmory|Skarmory, F|100/100
|-damage|p1a: Skarmory|88/100|[from] Stealth Rock
|
|upkeep
|turn|23
|
|t:|1781102787
|switch|p1a: Latios|Latios, M|93/100
|-damage|p1a: Latios|80/100|[from] Stealth Rock
|move|p2a: Walking Wake|Surf|p1a: Latios
|-resisted|p1a: Latios
|-damage|p1a: Latios|57/100
|
|upkeep
|turn|24
|
|t:|1781102797
|move|p1a: Latios|Draco Meteor|p2a: Walking Wake|[miss]
|-miss|p1a: Latios|p2a: Walking Wake
|move|p2a: Walking Wake|Draco Meteor|p1a: Latios
|-supereffective|p1a: Latios
|-damage|p1a: Latios|0 fnt
|-unboost|p2a: Walking Wake|spa|2
|faint|p1a: Latios
|
|upkeep
|
|t:|1781102799
|switch|p1a: Weavile|Weavile, M|84/100
|-ability|p1a: Weavile|Pressure
|turn|25
|
|t:|1781102811
|-end|p2a: Walking Wake|Protosynthesis|[silent]
|switch|p2a: Pecharunt|Pecharunt|100/100
|move|p1a: Weavile|Knock Off|p2a: Pecharunt
|-supereffective|p2a: Pecharunt
|-damage|p2a: Pecharunt|45/100
|-enditem|p2a: Pecharunt|Heavy-Duty Boots|[from] move: Knock Off|[of] p1a: Weavile
|
|upkeep
|turn|26
|
|t:|1781102817
|switch|p1a: Clodsire|Clodsire, M|80/100
|move|p2a: Pecharunt|Recover|p2a: Pecharunt
|-heal|p2a: Pecharunt|95/100
|
|upkeep
|turn|27
|
|t:|1781102824
|move|p2a: Pecharunt|Parting Shot|p1a: Clodsire
|-unboost|p1a: Clodsire|atk|1
|-unboost|p1a: Clodsire|spa|1
|
|t:|1781102826
|switch|p2a: Walking Wake|Walking Wake|84/100|[from] Parting Shot
|move|p1a: Clodsire|Spikes|p2a: Walking Wake
|-sidestart|p2: SincereSarje|Spikes
|
|upkeep
|turn|28
|
|t:|1781102832
|move|p2a: Walking Wake|Knock Off|p1a: Clodsire
|-damage|p1a: Clodsire|62/100
|-enditem|p1a: Clodsire|Heavy-Duty Boots|[from] move: Knock Off|[of] p2a: Walking Wake
|move|p1a: Clodsire|Recover|p1a: Clodsire
|-heal|p1a: Clodsire|100/100
|
|upkeep
|turn|29
|
|t:|1781102838
|move|p2a: Walking Wake|Flip Turn|p1a: Clodsire
|-supereffective|p1a: Clodsire
|-damage|p1a: Clodsire|64/100
|
|t:|1781102842
|-end|p2a: Walking Wake|Protosynthesis|[silent]
|switch|p2a: Gliscor|Gliscor, F|64/100 tox|[from] Flip Turn
|-damage|p2a: Gliscor|52/100 tox|[from] Stealth Rock
|move|p1a: Clodsire|Toxic|p2a: Gliscor
|-fail|p2a: Gliscor|tox
|
|-heal|p2a: Gliscor|64/100 tox|[from] ability: Poison Heal
|upkeep
|turn|30
|
|t:|1781102846
|switch|p1a: Skarmory|Skarmory, F|88/100
|-damage|p1a: Skarmory|76/100|[from] Stealth Rock
|move|p2a: Gliscor|Spikes|p1a: Skarmory
|-sidestart|p1: pinkacordhater|Spikes
|
|-heal|p2a: Gliscor|77/100 tox|[from] ability: Poison Heal
|upkeep
|turn|31
|
|t:|1781102851
|switch|p1a: Weavile|Weavile, M|84/100
|-ability|p1a: Weavile|Pressure
|move|p2a: Gliscor|Spikes|p1a: Weavile
|-sidestart|p1: pinkacordhater|Spikes
|
|-heal|p2a: Gliscor|89/100 tox|[from] ability: Poison Heal
|upkeep
|turn|32
|
|t:|1781102859
|move|p2a: Gliscor|Protect|p2a: Gliscor
|-singleturn|p2a: Gliscor|Protect
|move|p1a: Weavile|Knock Off|p2a: Gliscor
|-activate|p2a: Gliscor|move: Protect
|
|-heal|p2a: Gliscor|100/100 tox|[from] ability: Poison Heal
|upkeep
|turn|33
|
|t:|1781102862
|move|p1a: Weavile|Triple Axel|p2a: Gliscor
|-supereffective|p2a: Gliscor
|-damage|p2a: Gliscor|69/100 tox
|-supereffective|p2a: Gliscor
|-damage|p2a: Gliscor|3/100 tox
|-supereffective|p2a: Gliscor
|-damage|p2a: Gliscor|0 fnt
|faint|p2a: Gliscor
|-hitcount|p2: Gliscor|3
|
|upkeep
|
|t:|1781102868
|switch|p2a: Gholdengo|Gholdengo|83/100
|-damage|p2a: Gholdengo|77/100|[from] Stealth Rock
|-damage|p2a: Gholdengo|65/100|[from] Spikes
|turn|34
|
|t:|1781102880
|-terastallize|p1a: Weavile|Steel
|move|p2a: Gholdengo|Make It Rain|p1a: Weavile
|-resisted|p1a: Weavile
|-damage|p1a: Weavile|41/100
|-unboost|p2a: Gholdengo|spa|1
|move|p1a: Weavile|Knock Off|p2a: Gholdengo
|-supereffective|p2a: Gholdengo
|-damage|p2a: Gholdengo|0 fnt
|-enditem|p2a: Gholdengo|Choice Scarf|[from] move: Knock Off|[of] p1a: Weavile
|faint|p2a: Gholdengo
|
|upkeep
|
|t:|1781102890
|switch|p2a: Pecharunt|Pecharunt|95/100
|-damage|p2a: Pecharunt|82/100|[from] Stealth Rock
|-damage|p2a: Pecharunt|70/100|[from] Spikes
|turn|35
|
|t:|1781102897
|switch|p1a: Skarmory|Skarmory, F|76/100
|-damage|p1a: Skarmory|64/100|[from] Stealth Rock
|move|p2a: Pecharunt|Recover|p2a: Pecharunt
|-heal|p2a: Pecharunt|100/100
|
|upkeep
|turn|36
|
|t:|1781102901
|move|p2a: Pecharunt|Shadow Ball|p1a: Skarmory
|-damage|p1a: Skarmory|32/100
|move|p1a: Skarmory|Roost|p1a: Skarmory
|-heal|p1a: Skarmory|82/100
|-singleturn|p1a: Skarmory|move: Roost
|
|upkeep
|turn|37
|l| newhere1310
|
|t:|1781102906
|switch|p1a: Clodsire|Clodsire, M|64/100
|-damage|p1a: Clodsire|58/100|[from] Stealth Rock
|-damage|p1a: Clodsire|33/100|[from] Spikes
|move|p2a: Pecharunt|Shadow Ball|p1a: Clodsire
|-damage|p1a: Clodsire|20/100
|-unboost|p1a: Clodsire|spd|1
|
|upkeep
|turn|38
|
|t:|1781102915
|move|p2a: Pecharunt|Shadow Ball|p1a: Clodsire
|-damage|p1a: Clodsire|1/100
|move|p1a: Clodsire|Recover|p1a: Clodsire
|-heal|p1a: Clodsire|51/100
|
|upkeep
|turn|39
|
|t:|1781102918
|move|p2a: Pecharunt|Shadow Ball|p1a: Clodsire
|-damage|p1a: Clodsire|30/100
|-unboost|p1a: Clodsire|spd|1
|move|p1a: Clodsire|Recover|p1a: Clodsire
|-heal|p1a: Clodsire|80/100
|
|upkeep
|turn|40
|
|t:|1781102922
|switch|p1a: Skarmory|Skarmory, F|82/100
|-damage|p1a: Skarmory|70/100|[from] Stealth Rock
|move|p2a: Pecharunt|Shadow Ball|p1a: Skarmory
|-damage|p1a: Skarmory|37/100
|-unboost|p1a: Skarmory|spd|1
|
|upkeep
|turn|41
|
|t:|1781102930
|move|p2a: Pecharunt|Shadow Ball|p1a: Skarmory
|-damage|p1a: Skarmory|0 fnt
|faint|p1a: Skarmory
|
|upkeep
|
|t:|1781102933
|switch|p1a: Clodsire|Clodsire, M|80/100
|-damage|p1a: Clodsire|74/100|[from] Stealth Rock
|-damage|p1a: Clodsire|49/100|[from] Spikes
|turn|42
|
|t:|1781102937
|move|p2a: Pecharunt|Shadow Ball|p1a: Clodsire
|-damage|p1a: Clodsire|36/100
|move|p1a: Clodsire|Recover|p1a: Clodsire
|-heal|p1a: Clodsire|86/100
|
|upkeep
|turn|43
|
|t:|1781102942
|move|p2a: Pecharunt|Parting Shot|p1a: Clodsire
|-unboost|p1a: Clodsire|atk|1
|-unboost|p1a: Clodsire|spa|1
|
|t:|1781102944
|switch|p2a: Walking Wake|Walking Wake|84/100|[from] Parting Shot
|move|p1a: Clodsire|Earthquake|p2a: Walking Wake
|-damage|p2a: Walking Wake|65/100
|
|upkeep
|turn|44
|
|t:|1781102950
|switch|p1a: Sinistcha|Sinistcha|100/100
|move|p2a: Walking Wake|Surf|p1a: Sinistcha
|-resisted|p1a: Sinistcha
|-damage|p1a: Sinistcha|76/100
|
|upkeep
|turn|45
|
|t:|1781102958
|move|p2a: Walking Wake|Knock Off|p1a: Sinistcha
|-supereffective|p1a: Sinistcha
|-damage|p1a: Sinistcha|49/100
|-enditem|p1a: Sinistcha|Heavy-Duty Boots|[from] move: Knock Off|[of] p2a: Walking Wake
|move|p1a: Sinistcha|Shadow Ball|p2a: Walking Wake
|-damage|p2a: Walking Wake|29/100
|-unboost|p2a: Walking Wake|spd|1
|
|upkeep
|turn|46
|
|t:|1781102965
|move|p2a: Walking Wake|Draco Meteor|p1a: Sinistcha
|-damage|p1a: Sinistcha|0 fnt
|-unboost|p2a: Walking Wake|spa|2
|faint|p1a: Sinistcha
|
|upkeep
|
|t:|1781102967
|switch|p1a: Weavile|Weavile, M, tera:Steel|41/100
|-ability|p1a: Weavile|Pressure
|turn|47
|
|t:|1781102974
|-end|p2a: Walking Wake|Protosynthesis|[silent]
|switch|p2a: Pecharunt|Pecharunt|100/100
|-damage|p2a: Pecharunt|88/100|[from] Stealth Rock
|-damage|p2a: Pecharunt|76/100|[from] Spikes
|move|p1a: Weavile|Knock Off|p2a: Pecharunt
|-supereffective|p2a: Pecharunt
|-damage|p2a: Pecharunt|39/100
|
|upkeep
|turn|48
|
|t:|1781102981
|move|p1a: Weavile|Knock Off|p2a: Pecharunt
|-supereffective|p2a: Pecharunt
|-damage|p2a: Pecharunt|2/100
|move|p2a: Pecharunt|Recover|p2a: Pecharunt
|-heal|p2a: Pecharunt|52/100
|
|upkeep
|turn|49
|
|t:|1781102986
|switch|p1a: Clodsire|Clodsire, M|86/100
|-damage|p1a: Clodsire|80/100|[from] Stealth Rock
|-damage|p1a: Clodsire|55/100|[from] Spikes
|move|p2a: Pecharunt|Recover|p2a: Pecharunt
|-heal|p2a: Pecharunt|100/100
|
|upkeep
|turn|50
|
|t:|1781102994
|move|p2a: Pecharunt|Parting Shot|p1a: Clodsire
|-unboost|p1a: Clodsire|atk|1
|-unboost|p1a: Clodsire|spa|1
|
|t:|1781102995
|switch|p2a: Walking Wake|Walking Wake|29/100|[from] Parting Shot
|move|p1a: Clodsire|Recover|p1a: Clodsire
|-heal|p1a: Clodsire|100/100
|
|upkeep
|turn|51
|
|t:|1781103001
|move|p2a: Walking Wake|Surf|p1a: Clodsire
|-supereffective|p1a: Clodsire
|-damage|p1a: Clodsire|48/100
|move|p1a: Clodsire|Toxic|p2a: Walking Wake
|-status|p2a: Walking Wake|tox
|
|-damage|p2a: Walking Wake|23/100 tox|[from] psn
|upkeep
|turn|52
|
|t:|1781103005
|move|p2a: Walking Wake|Surf|p1a: Clodsire
|-supereffective|p1a: Clodsire
|-damage|p1a: Clodsire|0 fnt
|faint|p1a: Clodsire
|
|-damage|p2a: Walking Wake|11/100 tox|[from] psn
|upkeep
|
|t:|1781103007
|switch|p1a: Weavile|Weavile, M, tera:Steel|41/100
|-ability|p1a: Weavile|Pressure
|turn|53
|
|t:|1781103010
|move|p1a: Weavile|Knock Off|p2a: Walking Wake
|-damage|p2a: Walking Wake|0 fnt
|-enditem|p2a: Walking Wake|Heavy-Duty Boots|[from] move: Knock Off|[of] p1a: Weavile
|faint|p2a: Walking Wake
|-end|p2a: Walking Wake|Protosynthesis|[silent]
|
|upkeep
|
|t:|1781103011
|switch|p2a: Pecharunt|Pecharunt|100/100
|-damage|p2a: Pecharunt|88/100|[from] Stealth Rock
|-damage|p2a: Pecharunt|76/100|[from] Spikes
|turn|54
|
|t:|1781103017
|move|p1a: Weavile|Knock Off|p2a: Pecharunt
|-supereffective|p2a: Pecharunt
|-damage|p2a: Pecharunt|36/100
|move|p2a: Pecharunt|Recover|p2a: Pecharunt
|-heal|p2a: Pecharunt|86/100
|
|upkeep
|turn|55
|
|t:|1781103040
|move|p1a: Weavile|Knock Off|p2a: Pecharunt
|-supereffective|p2a: Pecharunt
|-damage|p2a: Pecharunt|49/100
|move|p2a: Pecharunt|Shadow Ball|p1a: Weavile
|-damage|p1a: Weavile|7/100
|
|upkeep
|turn|56
|
|t:|1781103051
|move|p1a: Weavile|Knock Off|p2a: Pecharunt
|-supereffective|p2a: Pecharunt
|-damage|p2a: Pecharunt|13/100
|move|p2a: Pecharunt|Recover|p2a: Pecharunt
|-heal|p2a: Pecharunt|63/100
|
|upkeep
|turn|57
|-message|pinkacordhater forfeited.
|
|win|SincereSarje
|raw|pinkacordhater's rating: 1689 &rarr; <strong>1664</strong><br />(-25 for losing)
|raw|SincereSarje's rating: 1603 &rarr; <strong>1628</strong><br />(+25 for winning)
|l|‽pinkacordhater
|player|p1|
