|j|☆smithwick1
|j|☆zippitytippity
|t:|1781591704
|gametype|singles
|player|p1|smithwick1|102|1661
|player|p2|zippitytippity|cynthia-masters4|1684
|gen|9
|tier|[Gen 9] OU
|rated|
|rule|HP Percentage Mod: HP is shown in percentages
|rule|Endless Battle Clause: Forcing endless battles is banned
|rule|Species Clause: Limit one of each Pokémon
|rule|OHKO Clause: OHKO moves are banned
|rule|Evasion Items Clause: Evasion items are banned
|rule|Evasion Moves Clause: Evasion moves are banned
|rule|Evasion Abilities Clause: Evasion abilities are banned
|rule|Sleep Moves Clause: Sleep-inducing moves are banned
|clearpoke
|poke|p1|Zamazenta-*|
|poke|p1|Dragapult, M|
|poke|p1|Pecharunt|
|poke|p1|Ogerpon-Wellspring, F|
|poke|p1|Iron Treads|
|poke|p1|Kingambit, F|
|poke|p2|Ursaluna, M|
|poke|p2|Cresselia, F|
|poke|p2|Iron Valiant|
|poke|p2|Hatterene, F|
|poke|p2|Keldeo-Resolute|
|poke|p2|Ogerpon, F|
|teampreview
|
|t:|1781591730
|teamsize|p1|6
|teamsize|p2|6
|start
|switch|p1a: Pecharunt|Pecharunt|100/100
|switch|p2a: Ogerpon|Ogerpon, F|100/100
|turn|1
|inactive|Battle timer is ON: inactive players will automatically lose when time's up. (requested by zippitytippity)
|
|t:|1781591734
|move|p2a: Ogerpon|U-turn|p1a: Pecharunt
|-resisted|p1a: Pecharunt
|-damage|p1a: Pecharunt|95/100
|
|t:|1781591736
|switch|p2a: Ursaluna|Ursaluna, M, shiny|100/100|[from] U-turn
|move|p1a: Pecharunt|Malignant Chain|p2a: Ursaluna
|-resisted|p2a: Ursaluna
|-damage|p2a: Ursaluna|87/100
|-status|p2a: Ursaluna|tox
|-start|p2a: Ursaluna|confusion|[from] ability: Poison Puppeteer|[of] p1a: Pecharunt
|
|-heal|p1a: Pecharunt|100/100|[from] item: Leftovers
|-damage|p2a: Ursaluna|81/100 tox|[from] psn
|upkeep
|turn|2
|
|t:|1781591741
|switch|p1a: Zamazenta|Zamazenta|100/100
|-ability|p1a: Zamazenta|Dauntless Shield|boost
|-boost|p1a: Zamazenta|def|1
|switch|p2a: Hatterene|Hatterene, F, shiny|100/100
|
|upkeep
|turn|3
|
|t:|1781591746
|move|p1a: Zamazenta|Light Screen|p1a: Zamazenta
|-sidestart|p1: smithwick1|move: Light Screen
|move|p2a: Hatterene|Trick Room|p2a: Hatterene
|-fieldstart|move: Trick Room|[of] p2a: Hatterene
|
|upkeep
|turn|4
|
|t:|1781591748
|move|p2a: Hatterene|Psychic Noise|p1a: Zamazenta
|-supereffective|p1a: Zamazenta
|-damage|p1a: Zamazenta|66/100
|-start|p1a: Zamazenta|move: Heal Block
|move|p1a: Zamazenta|Reflect|p1a: Zamazenta
|-sidestart|p1: smithwick1|Reflect
|
|upkeep
|turn|5
|
|t:|1781591754
|switch|p1a: Iron Treads|Iron Treads|100/100
|-enditem|p1a: Iron Treads|Booster Energy
|-activate|p1a: Iron Treads|ability: Quark Drive|[fromitem]
|-start|p1a: Iron Treads|quarkdrivespe
|move|p2a: Hatterene|Dazzling Gleam|p1a: Iron Treads
|-resisted|p1a: Iron Treads
|-damage|p1a: Iron Treads|83/100
|
|upkeep
|turn|6
|
|t:|1781591758
|move|p2a: Hatterene|Dazzling Gleam|p1a: Iron Treads
|-resisted|p1a: Iron Treads
|-damage|p1a: Iron Treads|65/100
|move|p1a: Iron Treads|Knock Off|p2a: Hatterene
|-damage|p2a: Hatterene|65/100
|-enditem|p2a: Hatterene|Focus Sash|[from] move: Knock Off|[of] p1a: Iron Treads
|
|upkeep
|turn|7
|
|t:|1781591763
|move|p2a: Hatterene|Dazzling Gleam|p1a: Iron Treads
|-resisted|p1a: Iron Treads
|-damage|p1a: Iron Treads|49/100
|move|p1a: Iron Treads|Earthquake|p2a: Hatterene
|-damage|p2a: Hatterene|14/100
|
|-fieldend|move: Trick Room
|upkeep
|turn|8
|
|t:|1781591765
|move|p1a: Iron Treads|Rapid Spin|p2a: Hatterene
|-damage|p2a: Hatterene|0 fnt
|-boost|p1a: Iron Treads|spe|1
|faint|p2a: Hatterene
|
|upkeep
|
|t:|1781591768
|switch|p2a: Keldeo|Keldeo-Resolute|100/100
|turn|9
|
|t:|1781591771
|move|p2a: Keldeo|Vacuum Wave|p1a: Iron Treads
|-supereffective|p1a: Iron Treads
|-damage|p1a: Iron Treads|0 fnt
|faint|p1a: Iron Treads
|-end|p1a: Iron Treads|Quark Drive|[silent]
|
|upkeep
|j| pls game
|
|t:|1781591776
|switch|p1a: Pecharunt|Pecharunt|100/100
|turn|10
|
|t:|1781591786
|switch|p2a: Ursaluna|Ursaluna, M, shiny|81/100 tox
|move|p1a: Pecharunt|Malignant Chain|p2a: Ursaluna
|-resisted|p2a: Ursaluna
|-damage|p2a: Ursaluna|67/100 tox
|
|-damage|p2a: Ursaluna|61/100 tox|[from] psn
|-sideend|p1: smithwick1|move: Light Screen
|upkeep
|turn|11
|
|t:|1781591793
|switch|p1a: Zamazenta|Zamazenta|66/100
|move|p2a: Ursaluna|Headlong Rush|p1a: Zamazenta
|-damage|p1a: Zamazenta|25/100
|-unboost|p2a: Ursaluna|def|1
|-unboost|p2a: Ursaluna|spd|1
|
|-damage|p2a: Ursaluna|49/100 tox|[from] psn
|-sideend|p1: smithwick1|Reflect
|upkeep
|turn|12
|j| hattybatty304
|
|t:|1781591797
|move|p1a: Zamazenta|Reflect|p1a: Zamazenta
|-sidestart|p1: smithwick1|Reflect
|move|p2a: Ursaluna|Facade|p1a: Zamazenta
|-damage|p1a: Zamazenta|0 fnt
|faint|p1a: Zamazenta
|
|-damage|p2a: Ursaluna|31/100 tox|[from] psn
|upkeep
|
|t:|1781591803
|switch|p1a: Ogerpon|Ogerpon-Wellspring, F|100/100
|turn|13
|
|t:|1781591806
|switch|p2a: Ogerpon|Ogerpon, F|100/100
|move|p1a: Ogerpon|Ivy Cudgel|p2a: Ogerpon|[anim] Ivy Cudgel Water
|-resisted|p2a: Ogerpon
|-damage|p2a: Ogerpon|61/100
|
|upkeep
|turn|14
|
|t:|1781591811
|switch|p1a: Pecharunt|Pecharunt|100/100
|move|p2a: Ogerpon|U-turn|p1a: Pecharunt
|-resisted|p1a: Pecharunt
|-damage|p1a: Pecharunt|98/100
|
|t:|1781591815
|switch|p2a: Cresselia|Cresselia, F, shiny|100/100|[from] U-turn
|
|-heal|p1a: Pecharunt|100/100|[from] item: Leftovers
|upkeep
|turn|15
|
|t:|1781591823
|switch|p1a: Ogerpon|Ogerpon-Wellspring, F|100/100
|move|p2a: Cresselia|Psychic|p1a: Ogerpon
|-damage|p1a: Ogerpon|72/100
|-unboost|p1a: Ogerpon|spd|1
|
|upkeep
|turn|16
|
|t:|1781591833
|switch|p1a: Kingambit|Kingambit, F|100/100
|-activate|p1a: Kingambit|ability: Supreme Overlord
|-start|p1a: Kingambit|fallen2|[silent]
|move|p2a: Cresselia|Psychic|p1a: Kingambit
|-immune|p1a: Kingambit
|
|upkeep
|turn|17
|
|t:|1781591838
|move|p1a: Kingambit|Iron Head|p2a: Cresselia
|-damage|p2a: Cresselia|69/100
|-damage|p1a: Kingambit|84/100|[from] item: Rocky Helmet|[of] p2a: Cresselia
|move|p2a: Cresselia|Trick Room|p2a: Cresselia
|-fieldstart|move: Trick Room|[of] p2a: Cresselia
|
|-heal|p1a: Kingambit|90/100|[from] item: Leftovers
|upkeep
|turn|18
|
|t:|1781591843
|switch|p2a: Keldeo|Keldeo-Resolute|100/100
|move|p1a: Kingambit|Swords Dance|p1a: Kingambit
|-boost|p1a: Kingambit|atk|2
|
|-heal|p1a: Kingambit|96/100|[from] item: Leftovers
|upkeep
|turn|19
|
|t:|1781591849
|-terastallize|p1a: Kingambit|Ghost
|move|p1a: Kingambit|Kowtow Cleave|p2a: Keldeo
|-resisted|p2a: Keldeo
|-damage|p2a: Keldeo|34/100
|-ability|p2a: Keldeo|Justified|boost
|-boost|p2a: Keldeo|atk|1
|move|p2a: Keldeo|Secret Sword|p1a: Kingambit
|-immune|p1a: Kingambit
|
|-heal|p1a: Kingambit|100/100|[from] item: Leftovers
|-sideend|p1: smithwick1|Reflect
|upkeep
|turn|20
|
|t:|1781591853
|switch|p2a: Cresselia|Cresselia, F, shiny|69/100
|move|p1a: Kingambit|Kowtow Cleave|p2a: Cresselia
|-supereffective|p2a: Cresselia
|-damage|p2a: Cresselia|0 fnt
|-damage|p1a: Kingambit|84/100|[from] item: Rocky Helmet|[of] p2a: Cresselia
|faint|p2a: Cresselia
|
|-heal|p1a: Kingambit|90/100|[from] item: Leftovers
|upkeep
|
|t:|1781591857
|switch|p2a: Ursaluna|Ursaluna, M, shiny|31/100 tox
|turn|21
|
|t:|1781591859
|switch|p2a: Iron Valiant|Iron Valiant|100/100
|-enditem|p2a: Iron Valiant|Booster Energy
|-activate|p2a: Iron Valiant|ability: Quark Drive|[fromitem]
|-start|p2a: Iron Valiant|quarkdrivespe
|move|p1a: Kingambit|Sucker Punch||[still]
|-fail|p1a: Kingambit
|
|-heal|p1a: Kingambit|96/100|[from] item: Leftovers
|-fieldend|move: Trick Room
|upkeep
|turn|22
|
|t:|1781591862
|-end|p1a: Kingambit|fallen2|[silent]
|switch|p1a: Pecharunt|Pecharunt|100/100
|move|p2a: Iron Valiant|Encore||[still]
|-fail|p2a: Iron Valiant
|
|upkeep
|turn|23
|
|t:|1781591868
|move|p2a: Iron Valiant|Destiny Bond|p2a: Iron Valiant
|-singlemove|p2a: Iron Valiant|Destiny Bond
|move|p1a: Pecharunt|Malignant Chain|p2a: Iron Valiant
|-supereffective|p2a: Iron Valiant
|-crit|p2a: Iron Valiant
|-damage|p2a: Iron Valiant|0 fnt
|faint|p2a: Iron Valiant
|-activate|p2a: Iron Valiant|move: Destiny Bond
|-end|p2a: Iron Valiant|Quark Drive|[silent]
|faint|p1a: Pecharunt
|
|upkeep
|
|t:|1781591877
|switch|p2a: Ogerpon|Ogerpon, F|61/100
|switch|p1a: Dragapult|Dragapult, M|100/100
|turn|24
|
|t:|1781591883
|switch|p1a: Ogerpon|Ogerpon-Wellspring, F|72/100
|-terastallize|p2a: Ogerpon|Grass
|detailschange|p2a: Ogerpon|Ogerpon-Teal-Tera, F, tera:Grass
|-ability|p2a: Ogerpon|Embody Aspect (Teal)|boost
|-boost|p2a: Ogerpon|spe|1
|move|p2a: Ogerpon|Knock Off|p1a: Ogerpon
|-damage|p1a: Ogerpon|32/100
|
|upkeep
|turn|25
|
|t:|1781591896
|switch|p1a: Kingambit|Kingambit, F, tera:Ghost|96/100
|-activate|p1a: Kingambit|ability: Supreme Overlord
|-start|p1a: Kingambit|fallen3|[silent]
|move|p2a: Ogerpon|Knock Off|p1a: Kingambit
|-supereffective|p1a: Kingambit
|-damage|p1a: Kingambit|11/100
|-enditem|p1a: Kingambit|Leftovers|[from] move: Knock Off|[of] p2a: Ogerpon
|
|upkeep
|turn|26
|
|t:|1781591902
|switch|p2a: Keldeo|Keldeo-Resolute|34/100
|move|p1a: Kingambit|Iron Head|p2a: Keldeo
|-resisted|p2a: Keldeo
|-damage|p2a: Keldeo|0 fnt
|faint|p2a: Keldeo
|
|upkeep
|
|t:|1781591905
|switch|p2a: Ogerpon|Ogerpon-Teal-Tera, F, tera:Grass|61/100
|-ability|p2a: Ogerpon|Embody Aspect (Teal)|boost
|-boost|p2a: Ogerpon|spe|1
|turn|27
|
|t:|1781591911
|move|p1a: Kingambit|Sucker Punch|p2a: Ogerpon
|-damage|p2a: Ogerpon|0 fnt
|faint|p2a: Ogerpon
|detailschange|p2: Ogerpon|Ogerpon, F|[silent]
|
|upkeep
|l|☆zippitytippity
|inactive|zippitytippity disconnected and has a minute to reconnect!
|player|p2|
|l| hattybatty304
|l| pls game
|inactive|zippitytippity has 30 seconds to reconnect!
|inactive|zippitytippity has 20 seconds to reconnect!
|inactive|zippitytippity has 15 seconds to reconnect!
|inactive|zippitytippity has 10 seconds to reconnect!
|inactive|zippitytippity has 5 seconds to reconnect!
|-message|zippitytippity lost due to inactivity.
|
|win|smithwick1
|raw|smithwick1's rating: 1661 &rarr; <strong>1682</strong><br />(+21 for winning)
|raw|zippitytippity's rating: 1684 &rarr; <strong>1663</strong><br />(-21 for losing)
|l|☆smithwick1
|player|p1|
