|j|☆tiftif
|j|☆Gen1Starter
|t:|1781131968
|gametype|singles
|player|p1|tiftif|266|1579
|player|p2|Gen1Starter|wallace|1532
|gen|9
|tier|[Gen 9] OU
|rated|
|rule|HP Percentage Mod: HP is shown in percentages
|rule|Endless Battle Clause: Forcing endless battles is banned
|rule|Species Clause: Limit one of each Pokémon
|rule|OHKO Clause: OHKO moves are banned
|rule|Evasion Items Clause: Evasion items are banned
|rule|Evasion Moves Clause: Evasion moves are banned
|rule|Evasion Abilities Clause: Evasion abilities are banned
|rule|Sleep Moves Clause: Sleep-inducing moves are banned
|clearpoke
|poke|p1|Pelipper, F|
|poke|p1|Iron Treads|
|poke|p1|Barraskewda, M|
|poke|p1|Raging Bolt|
|poke|p1|Talonflame, F|
|poke|p1|Keldeo-Resolute|
|poke|p2|Great Tusk|
|poke|p2|Torkoal, M|
|poke|p2|Walking Wake|
|poke|p2|Snorlax, F|
|poke|p2|Venusaur, M|
|poke|p2|Ceruledge, M|
|teampreview
|
|t:|1781131980
|teamsize|p1|6
|teamsize|p2|6
|start
|switch|p1a: Bec qui pend|Pelipper, F|100/100
|switch|p2a: Walking Wake|Walking Wake|100/100
|-weather|RainDance|[from] ability: Drizzle|[of] p1a: Bec qui pend
|turn|1
|inactive|Battle timer is ON: inactive players will automatically lose when time's up. (requested by tiftif)
|
|t:|1781131997
|switch|p1a: Great Tusk Wish|Iron Treads|100/100
|-enditem|p1a: Great Tusk Wish|Booster Energy
|-activate|p1a: Great Tusk Wish|ability: Quark Drive|[fromitem]
|-start|p1a: Great Tusk Wish|quarkdrivespe
|move|p2a: Walking Wake|Draco Meteor|p1a: Great Tusk Wish
|-resisted|p1a: Great Tusk Wish
|-crit|p1a: Great Tusk Wish
|-damage|p1a: Great Tusk Wish|0 fnt
|-unboost|p2a: Walking Wake|spa|2
|faint|p1a: Great Tusk Wish
|-end|p1a: Great Tusk Wish|Quark Drive|[silent]
|
|-weather|RainDance|[upkeep]
|upkeep
|
|t:|1781132005
|switch|p1a: Kaideos|Keldeo-Resolute|100/100
|turn|2
|
|t:|1781132014
|-end|p2a: Walking Wake|Protosynthesis|[silent]
|switch|p2a: Torkoal|Torkoal, M|100/100
|-weather|SunnyDay|[from] ability: Drought|[of] p2a: Torkoal
|move|p1a: Kaideos|Substitute|p1a: Kaideos
|-start|p1a: Kaideos|Substitute
|-damage|p1a: Kaideos|76/100
|
|-weather|SunnyDay|[upkeep]
|-heal|p1a: Kaideos|82/100|[from] item: Leftovers
|upkeep
|turn|3
|
|t:|1781132027
|switch|p2a: Venusaur|Venusaur, M|100/100
|move|p1a: Kaideos|Calm Mind|p1a: Kaideos
|-boost|p1a: Kaideos|spa|1
|-boost|p1a: Kaideos|spd|1
|
|-weather|SunnyDay|[upkeep]
|-heal|p1a: Kaideos|88/100|[from] item: Leftovers
|upkeep
|turn|4
|
|t:|1781132035
|move|p2a: Venusaur|Solar Beam||[still]
|-prepare|p2a: Venusaur|Solar Beam
|-anim|p2a: Venusaur|Solar Beam|p1a: Kaideos
|-supereffective|p1a: Kaideos
|-end|p1a: Kaideos|Substitute
|-damage|p2a: Venusaur|91/100|[from] item: Life Orb
|move|p1a: Kaideos|Surf|p2a: Venusaur
|-resisted|p2a: Venusaur
|-damage|p2a: Venusaur|73/100
|
|-weather|SunnyDay|[upkeep]
|-heal|p1a: Kaideos|94/100|[from] item: Leftovers
|upkeep
|turn|5
|
|t:|1781132046
|switch|p1a: Bec qui pend|Pelipper, F|100/100
|-weather|RainDance|[from] ability: Drizzle|[of] p1a: Bec qui pend
|move|p2a: Venusaur|Sludge Bomb|p1a: Bec qui pend
|-damage|p1a: Bec qui pend|25/100
|-damage|p2a: Venusaur|63/100|[from] item: Life Orb
|
|-weather|RainDance|[upkeep]
|upkeep
|turn|6
|
|t:|1781132055
|switch|p1a: Sophie|Raging Bolt|100/100
|-enditem|p1a: Sophie|Booster Energy
|-activate|p1a: Sophie|ability: Protosynthesis|[fromitem]
|-start|p1a: Sophie|protosynthesisspa
|move|p2a: Venusaur|Sludge Bomb|p1a: Sophie
|-damage|p1a: Sophie|50/100
|-damage|p2a: Venusaur|53/100|[from] item: Life Orb
|
|-weather|RainDance|[upkeep]
|upkeep
|turn|7
|
|t:|1781132064
|switch|p2a: Snorlax|Snorlax, F|100/100
|move|p1a: Sophie|Dragon Pulse|p2a: Snorlax
|-damage|p2a: Snorlax|78/100
|
|-weather|RainDance|[upkeep]
|upkeep
|turn|8
|
|t:|1781132075
|move|p1a: Sophie|Thunder|p2a: Snorlax
|-damage|p2a: Snorlax|45/100
|-status|p2a: Snorlax|par
|cant|p2a: Snorlax|par
|
|-weather|RainDance|[upkeep]
|upkeep
|turn|9
|
|t:|1781132082
|move|p1a: Sophie|Thunder|p2a: Snorlax
|-damage|p2a: Snorlax|11/100 par
|move|p2a: Snorlax|Body Slam|p1a: Sophie
|-damage|p1a: Sophie|6/100
|
|-weather|RainDance|[upkeep]
|upkeep
|turn|10
|
|t:|1781132092
|move|p1a: Sophie|Weather Ball|p2a: Snorlax
|-damage|p2a: Snorlax|0 fnt
|faint|p2a: Snorlax
|
|-weather|RainDance|[upkeep]
|upkeep
|
|t:|1781132099
|switch|p2a: Ceruledge|Ceruledge, M|100/100
|turn|11
|
|t:|1781132103
|move|p2a: Ceruledge|Shadow Sneak|p1a: Sophie
|-damage|p1a: Sophie|0 fnt
|faint|p1a: Sophie
|-end|p1a: Sophie|Protosynthesis|[silent]
|
|-weather|RainDance|[upkeep]
|upkeep
|
|t:|1781132105
|switch|p1a: Haskwakoubeh|Barraskewda, M|100/100
|turn|12
|
|t:|1781132121
|move|p2a: Ceruledge|Shadow Sneak|p1a: Haskwakoubeh
|-damage|p1a: Haskwakoubeh|61/100
|move|p1a: Haskwakoubeh|Liquidation|p2a: Ceruledge
|-supereffective|p2a: Ceruledge
|-damage|p2a: Ceruledge|0 fnt
|faint|p2a: Ceruledge
|
|-weather|none
|upkeep
|
|t:|1781132128
|switch|p2a: Torkoal|Torkoal, M|100/100
|-weather|SunnyDay|[from] ability: Drought|[of] p2a: Torkoal
|turn|13
|
|t:|1781132135
|switch|p2a: Walking Wake|Walking Wake|100/100
|-activate|p2a: Walking Wake|ability: Protosynthesis
|-start|p2a: Walking Wake|protosynthesisspa
|move|p1a: Haskwakoubeh|Liquidation|p2a: Walking Wake
|-resisted|p2a: Walking Wake
|-damage|p2a: Walking Wake|92/100
|
|-weather|SunnyDay|[upkeep]
|upkeep
|turn|14
|
|t:|1781132146
|-terastallize|p2a: Walking Wake|Water
|move|p1a: Haskwakoubeh|Liquidation|p2a: Walking Wake
|-resisted|p2a: Walking Wake
|-damage|p2a: Walking Wake|74/100
|move|p2a: Walking Wake|Hydro Steam|p1a: Haskwakoubeh
|-resisted|p1a: Haskwakoubeh
|-damage|p1a: Haskwakoubeh|0 fnt
|faint|p1a: Haskwakoubeh
|
|-weather|SunnyDay|[upkeep]
|upkeep
|
|t:|1781132155
|switch|p1a: Le Talon Ducul|Talonflame, F|100/100
|turn|15
|
|t:|1781132160
|-end|p2a: Walking Wake|Protosynthesis|[silent]
|switch|p2a: Great Tusk|Great Tusk|100/100
|-activate|p2a: Great Tusk|ability: Protosynthesis
|-start|p2a: Great Tusk|protosynthesisdef
|move|p1a: Le Talon Ducul|Air Slash|p2a: Great Tusk
|-supereffective|p2a: Great Tusk
|-damage|p2a: Great Tusk|0 fnt
|faint|p2a: Great Tusk
|-end|p2a: Great Tusk|Protosynthesis|[silent]
|
|-weather|SunnyDay|[upkeep]
|upkeep
|
|t:|1781132174
|switch|p2a: Walking Wake|Walking Wake, tera:Water|74/100
|-activate|p2a: Walking Wake|ability: Protosynthesis
|-start|p2a: Walking Wake|protosynthesisspa
|turn|16
|inactive|tiftif has 120 seconds left.
|
|t:|1781132219
|move|p1a: Le Talon Ducul|Air Slash|p2a: Walking Wake
|-damage|p2a: Walking Wake|20/100
|cant|p2a: Walking Wake|flinch
|
|-weather|SunnyDay|[upkeep]
|upkeep
|turn|17
|
|t:|1781132235
|move|p1a: Le Talon Ducul|Air Slash|p2a: Walking Wake
|-damage|p2a: Walking Wake|0 fnt
|faint|p2a: Walking Wake
|-end|p2a: Walking Wake|Protosynthesis|[silent]
|
|-weather|SunnyDay|[upkeep]
|upkeep
|
|t:|1781132239
|switch|p2a: Torkoal|Torkoal, M|100/100
|turn|18
|inactive|tiftif has 120 seconds left.
|
|t:|1781132279
|switch|p1a: Bec qui pend|Pelipper, F|25/100
|-weather|RainDance|[from] ability: Drizzle|[of] p1a: Bec qui pend
|move|p2a: Torkoal|Clear Smog|p1a: Bec qui pend
|-damage|p1a: Bec qui pend|11/100
|-clearboost|p1a: Bec qui pend
|
|-weather|RainDance|[upkeep]
|upkeep
|turn|19
|
|t:|1781132304
|switch|p1a: Kaideos|Keldeo-Resolute|94/100
|switch|p2a: Venusaur|Venusaur, M|53/100
|
|-weather|RainDance|[upkeep]
|-heal|p1a: Kaideos|100/100|[from] item: Leftovers
|upkeep
|turn|20
|
|t:|1781132327
|switch|p1a: Le Talon Ducul|Talonflame, F|100/100
|move|p2a: Venusaur|Sludge Bomb|p1a: Le Talon Ducul
|-damage|p1a: Le Talon Ducul|19/100
|-damage|p2a: Venusaur|43/100|[from] item: Life Orb
|
|-weather|RainDance|[upkeep]
|upkeep
|turn|21
|inactive|Gen1Starter has 120 seconds left.
|
|t:|1781132350
|switch|p2a: Torkoal|Torkoal, M|100/100
|-weather|SunnyDay|[from] ability: Drought|[of] p2a: Torkoal
|move|p1a: Le Talon Ducul|Air Slash|p2a: Torkoal
|-damage|p2a: Torkoal|44/100
|
|-weather|SunnyDay|[upkeep]
|upkeep
|turn|22
|inactive|Gen1Starter has 120 seconds left.
|
|t:|1781132367
|move|p1a: Le Talon Ducul|Air Slash|p2a: Torkoal
|-damage|p2a: Torkoal|0 fnt
|faint|p2a: Torkoal
|
|-weather|SunnyDay|[upkeep]
|upkeep
|
|t:|1781132372
|switch|p2a: Venusaur|Venusaur, M|43/100
|turn|23
|inactive|tiftif has 120 seconds left.
|
|t:|1781132401
|move|p2a: Venusaur|Sludge Bomb|p1a: Le Talon Ducul
|-damage|p1a: Le Talon Ducul|0 fnt
|faint|p1a: Le Talon Ducul
|-damage|p2a: Venusaur|33/100|[from] item: Life Orb
|
|-weather|SunnyDay|[upkeep]
|upkeep
|
|t:|1781132406
|switch|p1a: Bec qui pend|Pelipper, F|11/100
|-weather|RainDance|[from] ability: Drizzle|[of] p1a: Bec qui pend
|turn|24
|
|t:|1781132424
|move|p2a: Venusaur|Sludge Bomb|p1a: Bec qui pend
|-damage|p1a: Bec qui pend|0 fnt
|faint|p1a: Bec qui pend
|-damage|p2a: Venusaur|23/100|[from] item: Life Orb
|
|-weather|RainDance|[upkeep]
|upkeep
|
|t:|1781132429
|switch|p1a: Kaideos|Keldeo-Resolute|100/100
|turn|25
|
|t:|1781132434
|-terastallize|p1a: Kaideos|Steel
|move|p1a: Kaideos|Surf|p2a: Venusaur
|-resisted|p2a: Venusaur
|-damage|p2a: Venusaur|0 fnt
|faint|p2a: Venusaur
|
|win|tiftif
|raw|tiftif's rating: 1579 &rarr; <strong>1596</strong><br />(+17 for winning)
|raw|Gen1Starter's rating: 1532 &rarr; <strong>1515</strong><br />(-17 for losing)
|l|☆Gen1Starter
|player|p2|
|l|☆tiftif
|player|p1|
