|j|☆Lttstoredotcom
|j|☆vartholomeus
|t:|1781333335
|gametype|singles
|player|p1|Lttstoredotcom|cynthia-gen7|1542
|player|p2|vartholomeus|gambler|1562
|gen|9
|tier|[Gen 9] OU
|rated|
|rule|HP Percentage Mod: HP is shown in percentages
|rule|Endless Battle Clause: Forcing endless battles is banned
|rule|Species Clause: Limit one of each Pokémon
|rule|OHKO Clause: OHKO moves are banned
|rule|Evasion Items Clause: Evasion items are banned
|rule|Evasion Moves Clause: Evasion moves are banned
|rule|Evasion Abilities Clause: Evasion abilities are banned
|rule|Sleep Moves Clause: Sleep-inducing moves are banned
|clearpoke
|poke|p1|Dragapult, F|
|poke|p1|Gliscor, M|
|poke|p1|Ogerpon-Wellspring, F|
|poke|p1|Iron Crown|
|poke|p1|Ting-Lu|
|poke|p1|Kingambit, F|
|poke|p2|Moltres|
|poke|p2|Kleavor, F|
|poke|p2|Greninja-*, M|
|poke|p2|Ting-Lu|
|poke|p2|Iron Valiant|
|poke|p2|Gholdengo|
|teampreview
|inactive|Battle timer is ON: inactive players will automatically lose when time's up. (requested by Lttstoredotcom)
|inactive|vartholomeus also wants the timer to be on.
|
|t:|1781333342
|teamsize|p1|6
|teamsize|p2|6
|start
|switch|p1a: Ogerpon|Ogerpon-Wellspring, F|100/100
|switch|p2a: Klingk|Kleavor, F|100/100
|turn|1
|
|t:|1781333363
|move|p1a: Ogerpon|U-turn|p2a: Klingk
|-damage|p2a: Klingk|65/100
|
|t:|1781333367
|switch|p1a: Gliscor|Gliscor, M|100/100|[from] U-turn
|move|p2a: Klingk|Stone Axe|p1a: Gliscor
|-damage|p1a: Gliscor|53/100
|-sidestart|p1: Lttstoredotcom|move: Stealth Rock
|
|-status|p1a: Gliscor|tox|[from] item: Toxic Orb
|upkeep
|turn|2
|
|t:|1781333371
|move|p1a: Gliscor|Protect|p1a: Gliscor
|-singleturn|p1a: Gliscor|Protect
|move|p2a: Klingk|Swords Dance|p2a: Klingk
|-boost|p2a: Klingk|atk|2
|
|-heal|p1a: Gliscor|66/100 tox|[from] ability: Poison Heal
|upkeep
|turn|3
|
|t:|1781333375
|switch|p1a: Ting-Lu|Ting-Lu|100/100
|-damage|p1a: Ting-Lu|94/100|[from] Stealth Rock
|-ability|p1a: Ting-Lu|Vessel of Ruin
|move|p2a: Klingk|Stone Axe|p1a: Ting-Lu
|-resisted|p1a: Ting-Lu
|-damage|p1a: Ting-Lu|60/100
|-damage|p2a: Klingk|48/100|[from] item: Rocky Helmet|[of] p1a: Ting-Lu
|
|upkeep
|turn|4
|
|t:|1781333385
|move|p2a: Klingk|Close Combat|p1a: Ting-Lu
|-supereffective|p1a: Ting-Lu
|-damage|p1a: Ting-Lu|0 fnt
|-unboost|p2a: Klingk|def|1
|-unboost|p2a: Klingk|spd|1
|-damage|p2a: Klingk|32/100|[from] item: Rocky Helmet|[of] p1a: Ting-Lu
|faint|p1a: Ting-Lu
|
|upkeep
|j| testingrainteam1
|
|t:|1781333389
|switch|p1a: Ogerpon|Ogerpon-Wellspring, F|100/100
|-damage|p1a: Ogerpon|88/100|[from] Stealth Rock
|turn|5
|
|t:|1781333397
|move|p2a: Klingk|Quick Attack|p1a: Ogerpon
|-damage|p1a: Ogerpon|47/100
|move|p1a: Ogerpon|U-turn|p2a: Klingk
|-damage|p2a: Klingk|0 fnt
|faint|p2a: Klingk
|
|t:|1781333402
|switch|p1a: Gliscor|Gliscor, M|66/100 tox|[from] U-turn
|-damage|p1a: Gliscor|53/100 tox|[from] Stealth Rock
|
|-heal|p1a: Gliscor|66/100 tox|[from] ability: Poison Heal
|upkeep
|
|t:|1781333411
|switch|p2a: Suke|Greninja, M|100/100
|turn|6
|
|t:|1781333414
|move|p1a: Gliscor|Protect|p1a: Gliscor
|-singleturn|p1a: Gliscor|Protect
|move|p2a: Suke|Dark Pulse|p1a: Gliscor
|-activate|p1a: Gliscor|move: Protect
|
|-heal|p1a: Gliscor|78/100 tox|[from] ability: Poison Heal
|upkeep
|turn|7
|
|t:|1781333425
|-terastallize|p1a: Gliscor|Fairy
|move|p2a: Suke|Ice Beam|p1a: Gliscor
|-damage|p1a: Gliscor|47/100 tox
|-damage|p2a: Suke|91/100|[from] item: Life Orb
|move|p1a: Gliscor|Toxic Spikes|p2a: Suke
|-sidestart|p2: vartholomeus|move: Toxic Spikes
|
|-heal|p1a: Gliscor|60/100 tox|[from] ability: Poison Heal
|upkeep
|turn|8
|l| testingrainteam1
|
|t:|1781333436
|-terastallize|p2a: Suke|Poison
|move|p2a: Suke|Sludge Wave|p1a: Gliscor
|-supereffective|p1a: Gliscor
|-damage|p1a: Gliscor|0 fnt
|faint|p1a: Gliscor
|-ability|p2a: Suke|Battle Bond|boost
|-boost|p2a: Suke|atk|1
|-boost|p2a: Suke|spa|1
|-boost|p2a: Suke|spe|1
|-activate|p2a: Suke|ability: Battle Bond
|-damage|p2a: Suke|81/100|[from] item: Life Orb
|
|upkeep
|j| testingrainteam1
|
|t:|1781333444
|switch|p1a: Iron Crown|Iron Crown|100/100
|-damage|p1a: Iron Crown|94/100|[from] Stealth Rock
|-enditem|p1a: Iron Crown|Booster Energy
|-activate|p1a: Iron Crown|ability: Quark Drive|[fromitem]
|-start|p1a: Iron Crown|quarkdrivespe
|turn|9
|
|t:|1781333450
|move|p2a: Suke|Dark Pulse|p1a: Iron Crown
|-supereffective|p1a: Iron Crown
|-damage|p1a: Iron Crown|0 fnt
|faint|p1a: Iron Crown
|-end|p1a: Iron Crown|Quark Drive|[silent]
|-damage|p2a: Suke|71/100|[from] item: Life Orb
|
|upkeep
|-message|Lttstoredotcom forfeited.
|
|win|vartholomeus
|raw|Lttstoredotcom's rating: 1542 &rarr; <strong>1523</strong><br />(-19 for losing)
|raw|vartholomeus's rating: 1562 &rarr; <strong>1581</strong><br />(+19 for winning)
|l|☆Lttstoredotcom
|player|p1|
|l|☆vartholomeus
|player|p2|
|l| testingrainteam1
