|j|☆magikarp soup
|j|☆mongwong
|t:|1781573755
|gametype|singles
|player|p1|magikarp soup|medium|1697
|player|p2|mongwong|eusine-gen2|1630
|gen|9
|tier|[Gen 9] OU
|rated|
|rule|HP Percentage Mod: HP is shown in percentages
|rule|Endless Battle Clause: Forcing endless battles is banned
|rule|Species Clause: Limit one of each Pokémon
|rule|OHKO Clause: OHKO moves are banned
|rule|Evasion Items Clause: Evasion items are banned
|rule|Evasion Moves Clause: Evasion moves are banned
|rule|Evasion Abilities Clause: Evasion abilities are banned
|rule|Sleep Moves Clause: Sleep-inducing moves are banned
|clearpoke
|poke|p1|Regice|
|poke|p1|Great Tusk|
|poke|p1|Hoopa-Unbound|
|poke|p1|Iron Valiant|
|poke|p1|Alomomola, F|
|poke|p1|Slowking-Galar, M|
|poke|p2|Samurott-Hisui, M|
|poke|p2|Kyurem|
|poke|p2|Kingambit, M|
|poke|p2|Zapdos|
|poke|p2|Iron Treads|
|poke|p2|Iron Valiant|
|teampreview
|inactive|Battle timer is ON: inactive players will automatically lose when time's up. (requested by mongwong)
|inactive|magikarp soup has 120 seconds left.
|
|t:|1781573796
|teamsize|p1|6
|teamsize|p2|6
|start
|switch|p1a: Great Tusk|Great Tusk|100/100
|switch|p2a: Iron Treads|Iron Treads|100/100
|turn|1
|
|t:|1781573804
|-end|p2a: Iron Treads|Quark Drive|[silent]
|switch|p2a: Zapdos|Zapdos|100/100
|move|p1a: Great Tusk|Stealth Rock|p2a: Zapdos
|-sidestart|p2: mongwong|move: Stealth Rock
|
|upkeep
|turn|2
|
|t:|1781573810
|-end|p1a: Great Tusk|Protosynthesis|[silent]
|switch|p1a: Regice|Regice|100/100
|move|p2a: Zapdos|Hurricane|p1a: Regice
|-damage|p1a: Regice|86/100
|-start|p1a: Regice|confusion
|
|upkeep
|turn|3
|
|t:|1781573816
|switch|p2a: Iron Treads|Iron Treads|100/100
|-damage|p2a: Iron Treads|97/100|[from] Stealth Rock
|-activate|p1a: Regice|confusion
|move|p1a: Regice|Focus Blast|p2a: Iron Treads
|-supereffective|p2a: Iron Treads
|-damage|p2a: Iron Treads|0 fnt
|faint|p2a: Iron Treads
|-end|p2a: Iron Treads|Quark Drive|[silent]
|
|upkeep
|
|t:|1781573821
|switch|p2a: Samurott|Samurott-Hisui, M|100/100
|-damage|p2a: Samurott|88/100|[from] Stealth Rock
|turn|4
|
|t:|1781573825
|move|p2a: Samurott|Ceaseless Edge|p1a: Regice
|-damage|p1a: Regice|53/100
|-sidestart|p1: magikarp soup|Spikes
|-activate|p1a: Regice|confusion
|move|p1a: Regice|Focus Blast|p2a: Samurott
|-supereffective|p2a: Samurott
|-damage|p2a: Samurott|42/100
|
|upkeep
|turn|5
|
|t:|1781573832
|switch|p1a: Great Tusk|Great Tusk|100/100
|-damage|p1a: Great Tusk|88/100|[from] Spikes
|move|p2a: Samurott|Sacred Sword|p1a: Great Tusk
|-damage|p1a: Great Tusk|66/100
|-damage|p2a: Samurott|25/100|[from] item: Rocky Helmet|[of] p1a: Great Tusk
|
|upkeep
|turn|6
|
|t:|1781573839
|move|p1a: Great Tusk|Rapid Spin|p2a: Samurott
|-damage|p2a: Samurott|9/100
|-boost|p1a: Great Tusk|spe|1
|-sideend|p1: magikarp soup|Spikes|[from] move: Rapid Spin|[of] p1a: Great Tusk
|move|p2a: Samurott|Razor Shell|p1a: Great Tusk
|-supereffective|p1a: Great Tusk
|-crit|p1a: Great Tusk
|-damage|p1a: Great Tusk|0 fnt
|-damage|p2a: Samurott|0 fnt|[from] item: Rocky Helmet|[of] p1a: Great Tusk
|faint|p1a: Great Tusk
|-end|p1a: Great Tusk|Protosynthesis|[silent]
|faint|p2a: Samurott
|
|upkeep
|
|t:|1781573861
|switch|p1a: Iron Valiant|Iron Valiant|100/100
|switch|p2a: Zapdos|Zapdos|100/100
|turn|7
|
|t:|1781573881
|-end|p1a: Iron Valiant|Quark Drive|[silent]
|switch|p1a: Regice|Regice|53/100
|move|p2a: Zapdos|Thunder Wave|p1a: Regice
|-status|p1a: Regice|par
|
|upkeep
|turn|8
|
|t:|1781573889
|move|p2a: Zapdos|Hurricane|p1a: Regice
|-damage|p1a: Regice|38/100 par
|cant|p1a: Regice|par
|
|upkeep
|turn|9
|
|t:|1781573898
|move|p2a: Zapdos|Volt Switch|p1a: Regice
|-crit|p1a: Regice
|-damage|p1a: Regice|23/100 par
|
|t:|1781573899
|switch|p2a: Iron Valiant|Iron Valiant|100/100|[from] Volt Switch
|-damage|p2a: Iron Valiant|94/100|[from] Stealth Rock
|-enditem|p2a: Iron Valiant|Booster Energy
|-activate|p2a: Iron Valiant|ability: Quark Drive|[fromitem]
|-start|p2a: Iron Valiant|quarkdrivespe
|cant|p1a: Regice|par
|
|upkeep
|turn|10
|
|t:|1781573907
|move|p2a: Iron Valiant|Calm Mind|p2a: Iron Valiant
|-boost|p2a: Iron Valiant|spa|1
|-boost|p2a: Iron Valiant|spd|1
|move|p1a: Regice|Zap Cannon|p2a: Iron Valiant|[miss]
|-miss|p1a: Regice|p2a: Iron Valiant
|
|upkeep
|turn|11
|
|t:|1781573911
|move|p2a: Iron Valiant|Moonblast|p1a: Regice
|-damage|p1a: Regice|2/100 par
|-unboost|p1a: Regice|spa|1
|move|p1a: Regice|Zap Cannon|p2a: Iron Valiant
|-damage|p2a: Iron Valiant|63/100
|-status|p2a: Iron Valiant|par
|
|upkeep
|turn|12
|
|t:|1781573922
|move|p2a: Iron Valiant|Moonblast|p1a: Regice
|-damage|p1a: Regice|0 fnt
|faint|p1a: Regice
|
|upkeep
|inactive|magikarp soup has 120 seconds left.
|
|t:|1781573960
|switch|p1a: Iron Valiant|Iron Valiant|100/100
|turn|13
|
|t:|1781573971
|move|p1a: Iron Valiant|Moonblast|p2a: Iron Valiant
|-supereffective|p2a: Iron Valiant
|-damage|p2a: Iron Valiant|0 fnt
|faint|p2a: Iron Valiant
|-end|p2a: Iron Valiant|Quark Drive|[silent]
|
|upkeep
|
|t:|1781573980
|switch|p2a: Zapdos|Zapdos|100/100
|turn|14
|inactive|magikarp soup has 120 seconds left.
|
|t:|1781573988
|-end|p1a: Iron Valiant|Quark Drive|[silent]
|switch|p1a: Hoopa|Hoopa-Unbound|100/100
|move|p2a: Zapdos|Thunder Wave|p1a: Hoopa
|-status|p1a: Hoopa|par
|
|upkeep
|turn|15
|
|t:|1781573994
|move|p2a: Zapdos|Volt Switch|p1a: Hoopa
|-damage|p1a: Hoopa|74/100 par
|
|t:|1781573996
|switch|p2a: Kingambit|Kingambit, M|100/100|[from] Volt Switch
|-damage|p2a: Kingambit|94/100|[from] Stealth Rock
|-activate|p2a: Kingambit|ability: Supreme Overlord
|-start|p2a: Kingambit|fallen3|[silent]
|move|p1a: Hoopa|Hyperspace Fury|p2a: Kingambit
|-resisted|p2a: Kingambit
|-damage|p2a: Kingambit|61/100
|-unboost|p1a: Hoopa|def|1
|
|upkeep
|turn|16
|
|t:|1781574000
|move|p2a: Kingambit|Kowtow Cleave|p1a: Hoopa
|-damage|p1a: Hoopa|0 fnt
|faint|p1a: Hoopa
|
|upkeep
|
|t:|1781574002
|switch|p1a: Iron Valiant|Iron Valiant|100/100
|turn|17
|
|t:|1781574013
|-end|p2a: Kingambit|fallen3|[silent]
|switch|p2a: Zapdos|Zapdos|100/100
|-terastallize|p1a: Iron Valiant|Electric
|move|p1a: Iron Valiant|Trick|p2a: Zapdos
|-activate|p1a: Iron Valiant|move: Trick|[of] p2a: Zapdos
|-item|p2a: Zapdos|Choice Scarf|[from] move: Trick
|-item|p1a: Iron Valiant|Heavy-Duty Boots|[from] move: Trick
|
|upkeep
|turn|18
|
|t:|1781574022
|move|p1a: Iron Valiant|Moonblast|p2a: Zapdos
|-damage|p2a: Zapdos|56/100
|-unboost|p2a: Zapdos|spa|1
|move|p2a: Zapdos|Volt Switch|p1a: Iron Valiant
|-resisted|p1a: Iron Valiant
|-damage|p1a: Iron Valiant|80/100
|
|t:|1781574025
|switch|p2a: Kingambit|Kingambit, M|61/100|[from] Volt Switch
|-damage|p2a: Kingambit|55/100|[from] Stealth Rock
|-activate|p2a: Kingambit|ability: Supreme Overlord
|-start|p2a: Kingambit|fallen3|[silent]
|
|upkeep
|turn|19
|
|t:|1781574033
|-end|p1a: Iron Valiant|Quark Drive|[silent]
|switch|p1a: Slowking|Slowking-Galar, M|100/100
|move|p2a: Kingambit|Sucker Punch||[still]
|-fail|p2a: Kingambit
|
|upkeep
|turn|20
|
|t:|1781574047
|switch|p1a: Alomomola|Alomomola, F|100/100
|move|p2a: Kingambit|Kowtow Cleave|p1a: Alomomola
|-damage|p1a: Alomomola|59/100
|-damage|p2a: Kingambit|38/100|[from] item: Rocky Helmet|[of] p1a: Alomomola
|
|upkeep
|turn|21
|
|t:|1781574050
|move|p2a: Kingambit|Swords Dance|p2a: Kingambit
|-boost|p2a: Kingambit|atk|2
|move|p1a: Alomomola|Flip Turn|p2a: Kingambit
|-damage|p2a: Kingambit|27/100
|
|t:|1781574052
|switch|p1a: Iron Valiant|Iron Valiant, tera:Electric|80/100|[from] Flip Turn
|
|upkeep
|turn|22
|
|t:|1781574056
|move|p2a: Kingambit|Sucker Punch||[still]
|-fail|p2a: Kingambit
|move|p1a: Iron Valiant|Encore|p2a: Kingambit
|-start|p2a: Kingambit|Encore
|
|upkeep
|turn|23
|
|t:|1781574067
|move|p2a: Kingambit|Sucker Punch||[still]
|-fail|p2a: Kingambit
|move|p1a: Iron Valiant|Trick|p2a: Kingambit
|-activate|p1a: Iron Valiant|move: Trick|[of] p2a: Kingambit
|-item|p2a: Kingambit|Heavy-Duty Boots|[from] move: Trick
|-item|p1a: Iron Valiant|Black Glasses|[from] move: Trick
|
|upkeep
|turn|24
|
|t:|1781574081
|move|p2a: Kingambit|Sucker Punch||[still]
|-fail|p2a: Kingambit
|move|p1a: Iron Valiant|Trick|p2a: Kingambit
|-activate|p1a: Iron Valiant|move: Trick|[of] p2a: Kingambit
|-item|p2a: Kingambit|Black Glasses|[from] move: Trick
|-item|p1a: Iron Valiant|Heavy-Duty Boots|[from] move: Trick
|
|upkeep
|turn|25
|
|t:|1781574085
|-end|p2a: Kingambit|fallen3|[silent]
|switch|p2a: Zapdos|Zapdos|56/100
|-damage|p2a: Zapdos|31/100|[from] Stealth Rock
|move|p1a: Iron Valiant|Trick|p2a: Zapdos
|-activate|p1a: Iron Valiant|move: Trick|[of] p2a: Zapdos
|-item|p2a: Zapdos|Heavy-Duty Boots|[from] move: Trick
|-item|p1a: Iron Valiant|Choice Scarf|[from] move: Trick
|
|upkeep
|turn|26
|
|t:|1781574097
|move|p1a: Iron Valiant|Trick|p2a: Zapdos
|-activate|p1a: Iron Valiant|move: Trick|[of] p2a: Zapdos
|-item|p2a: Zapdos|Choice Scarf|[from] move: Trick
|-item|p1a: Iron Valiant|Heavy-Duty Boots|[from] move: Trick
|move|p2a: Zapdos|Roost|p2a: Zapdos
|-heal|p2a: Zapdos|81/100
|-singleturn|p2a: Zapdos|move: Roost
|
|upkeep
|turn|27
|
|t:|1781574109
|switch|p2a: Kingambit|Kingambit, M|27/100
|-damage|p2a: Kingambit|21/100|[from] Stealth Rock
|-activate|p2a: Kingambit|ability: Supreme Overlord
|-start|p2a: Kingambit|fallen3|[silent]
|move|p1a: Iron Valiant|Moonblast|p2a: Kingambit
|-damage|p2a: Kingambit|0 fnt
|faint|p2a: Kingambit
|-end|p2a: Kingambit|fallen3|[silent]
|
|upkeep
|
|t:|1781574111
|switch|p2a: Kyurem|Kyurem|100/100
|-damage|p2a: Kyurem|76/100|[from] Stealth Rock
|-ability|p2a: Kyurem|Pressure
|turn|28
|
|t:|1781574118
|-terastallize|p2a: Kyurem|Ground
|move|p1a: Iron Valiant|Close Combat|p2a: Kyurem
|-damage|p2a: Kyurem|17/100
|-unboost|p1a: Iron Valiant|def|1
|-unboost|p1a: Iron Valiant|spd|1
|move|p2a: Kyurem|Dragon Dance|p2a: Kyurem
|-boost|p2a: Kyurem|atk|1
|-boost|p2a: Kyurem|spe|1
|
|upkeep
|turn|29
|
|t:|1781574127
|-end|p1a: Iron Valiant|Quark Drive|[silent]
|switch|p1a: Alomomola|Alomomola, F|92/100
|move|p2a: Kyurem|Earth Power|p1a: Alomomola
|-damage|p1a: Alomomola|44/100
|
|upkeep
|turn|30
|
|t:|1781574132
|move|p2a: Kyurem|Earth Power|p1a: Alomomola
|-damage|p1a: Alomomola|0 fnt
|faint|p1a: Alomomola
|
|upkeep
|
|t:|1781574134
|switch|p1a: Slowking|Slowking-Galar, M|100/100
|turn|31
|
|t:|1781574139
|move|p2a: Kyurem|Icicle Spear|p1a: Slowking
|-damage|p1a: Slowking|86/100
|-damage|p1a: Slowking|70/100
|-damage|p1a: Slowking|54/100
|-damage|p1a: Slowking|38/100
|-hitcount|p1a: Slowking|4
|move|p1a: Slowking|Foul Play|p2a: Kyurem
|-damage|p2a: Kyurem|0 fnt
|faint|p2a: Kyurem
|
|upkeep
|
|t:|1781574141
|switch|p2a: Zapdos|Zapdos|81/100
|-damage|p2a: Zapdos|56/100|[from] Stealth Rock
|turn|32
|
|t:|1781574144
|move|p2a: Zapdos|Hurricane|p1a: Slowking|[miss]
|-miss|p2a: Zapdos|p1a: Slowking
|move|p1a: Slowking|Psychic Noise|p2a: Zapdos
|-damage|p2a: Zapdos|31/100
|-start|p2a: Zapdos|move: Heal Block
|
|upkeep
|turn|33
|
|t:|1781574147
|move|p2a: Zapdos|Hurricane|p1a: Slowking
|-damage|p1a: Slowking|1/100
|move|p1a: Slowking|Psychic Noise|p2a: Zapdos
|-damage|p2a: Zapdos|3/100
|
|-end|p2a: Zapdos|move: Heal Block
|upkeep
|turn|34
|
|t:|1781574149
|move|p2a: Zapdos|Hurricane|p1a: Slowking
|-damage|p1a: Slowking|0 fnt
|faint|p1a: Slowking
|
|upkeep
|
|t:|1781574150
|switch|p1a: Iron Valiant|Iron Valiant, tera:Electric|80/100
|turn|35
|
|t:|1781574152
|move|p1a: Iron Valiant|Moonblast|p2a: Zapdos
|-damage|p2a: Zapdos|0 fnt
|faint|p2a: Zapdos
|
|win|magikarp soup
|raw|magikarp soup's rating: 1697 &rarr; <strong>1714</strong><br />(+17 for winning)
|raw|mongwong's rating: 1653 &rarr; <strong>1636</strong><br />(-17 for losing)
|l|☆mongwong
|player|p2|
|l|☆magikarp soup
|player|p1|
