|j|☆omari p
|j|☆bluntsmoker3000
|t:|1781373695
|gametype|singles
|player|p1|omari p|pokemonrangerf|1695
|player|p2|bluntsmoker3000|bugcatcher-gen4dp|1697
|gen|9
|tier|[Gen 9] OU
|rated|
|rule|HP Percentage Mod: HP is shown in percentages
|rule|Endless Battle Clause: Forcing endless battles is banned
|rule|Species Clause: Limit one of each Pokémon
|rule|OHKO Clause: OHKO moves are banned
|rule|Evasion Items Clause: Evasion items are banned
|rule|Evasion Moves Clause: Evasion moves are banned
|rule|Evasion Abilities Clause: Evasion abilities are banned
|rule|Sleep Moves Clause: Sleep-inducing moves are banned
|clearpoke
|poke|p1|Klefki, M|
|poke|p1|Keldeo-Resolute|
|poke|p1|Garchomp, M|
|poke|p1|Landorus-Therian, M|
|poke|p1|Iron Valiant|
|poke|p1|Cinderace, F|
|poke|p2|Ting-Lu|
|poke|p2|Scizor, F|
|poke|p2|Tornadus-Therian, M|
|poke|p2|Raging Bolt|
|poke|p2|Alomomola, M|
|poke|p2|Hatterene, F|
|teampreview
|inactive|Battle timer is ON: inactive players will automatically lose when time's up. (requested by bluntsmoker3000)
|inactive|omari p has 120 seconds left.
|
|t:|1781373729
|teamsize|p1|6
|teamsize|p2|6
|start
|switch|p1a: Garchomp|Garchomp, M|100/100
|switch|p2a: Hatterene|Hatterene, F|100/100
|turn|1
|
|t:|1781373738
|move|p1a: Garchomp|Stealth Rock|p2a: Hatterene
|move|p2a: Hatterene|Stealth Rock|p1a: Garchomp|[from] ability: Magic Bounce
|-sidestart|p1: omari p|move: Stealth Rock
|move|p2a: Hatterene|Draining Kiss|p1a: Garchomp
|-supereffective|p1a: Garchomp
|-damage|p1a: Garchomp|54/100
|-damage|p2a: Hatterene|88/100|[from] ability: Rough Skin|[of] p1a: Garchomp
|-damage|p2a: Hatterene|72/100|[from] item: Rocky Helmet|[of] p1a: Garchomp
|
|upkeep
|turn|2
|
|t:|1781373743
|switch|p1a: Cinderace|Cinderace, F|100/100
|move|p2a: Hatterene|Draining Kiss|p1a: Cinderace
|-resisted|p1a: Cinderace
|-damage|p1a: Cinderace|85/100
|-heal|p2a: Hatterene|83/100|[from] drain|[of] p1a: Cinderace
|
|upkeep
|turn|3
|
|t:|1781373749
|move|p1a: Cinderace|Pyro Ball|p2a: Hatterene
|-damage|p2a: Hatterene|38/100
|move|p2a: Hatterene|Nuzzle|p1a: Cinderace
|-damage|p1a: Cinderace|79/100
|-status|p1a: Cinderace|par
|
|upkeep
|turn|4
|
|t:|1781373753
|switch|p2a: Alomomola|Alomomola, M|100/100
|move|p1a: Cinderace|Court Change|p1a: Cinderace
|-start|p1a: Cinderace|typechange|Normal|[from] ability: Libero
|-swapsideconditions
|-activate|p1a: Cinderace|move: Court Change
|
|upkeep
|turn|5
|
|t:|1781373756
|move|p1a: Cinderace|U-turn|p2a: Alomomola
|-damage|p2a: Alomomola|89/100
|
|t:|1781373757
|switch|p1a: Klefki|Klefki, M|100/100|[from] U-turn
|move|p2a: Alomomola|Flip Turn|p1a: Klefki
|-damage|p1a: Klefki|80/100
|
|t:|1781373760
|switch|p2a: Ting-Lu|Ting-Lu|100/100|[from] Flip Turn
|-damage|p2a: Ting-Lu|94/100|[from] Stealth Rock
|-ability|p2a: Ting-Lu|Vessel of Ruin
|
|-heal|p1a: Klefki|86/100|[from] item: Leftovers
|-heal|p2a: Ting-Lu|100/100|[from] item: Leftovers
|upkeep
|turn|6
|j| akabrithan
|
|t:|1781373764
|switch|p1a: Landorus|Landorus-Therian, M|100/100
|-ability|p1a: Landorus|Intimidate|boost
|-unboost|p2a: Ting-Lu|atk|1
|move|p2a: Ting-Lu|Stealth Rock|p1a: Landorus
|-sidestart|p1: omari p|move: Stealth Rock
|
|upkeep
|turn|7
|
|t:|1781373768
|switch|p2a: Alomomola|Alomomola, M|100/100
|move|p1a: Landorus|U-turn|p2a: Alomomola
|-damage|p2a: Alomomola|86/100
|
|t:|1781373771
|switch|p1a: Klefki|Klefki, M|86/100|[from] U-turn
|-damage|p1a: Klefki|80/100|[from] Stealth Rock
|
|-heal|p1a: Klefki|86/100|[from] item: Leftovers
|upkeep
|turn|8
|
|t:|1781373776
|move|p1a: Klefki|Spikes|p2a: Alomomola
|-sidestart|p2: bluntsmoker3000|Spikes
|move|p2a: Alomomola|Wish|p2a: Alomomola
|
|-heal|p1a: Klefki|92/100|[from] item: Leftovers
|upkeep
|turn|9
|
|t:|1781373788
|move|p1a: Klefki|Spikes|p2a: Alomomola
|-sidestart|p2: bluntsmoker3000|Spikes
|move|p2a: Alomomola|Flip Turn|p1a: Klefki
|-damage|p1a: Klefki|71/100
|
|t:|1781373791
|switch|p2a: Hatterene|Hatterene, F|38/100|[from] Flip Turn
|-damage|p2a: Hatterene|26/100|[from] Stealth Rock
|-damage|p2a: Hatterene|9/100|[from] Spikes
|
|-heal|p2a: Hatterene|93/100|[from] move: Wish|[wisher] Alomomola
|-heal|p1a: Klefki|77/100|[from] item: Leftovers
|upkeep
|turn|10
|
|t:|1781373796
|move|p1a: Klefki|Flash Cannon|p2a: Hatterene
|-supereffective|p2a: Hatterene
|-damage|p2a: Hatterene|47/100
|move|p2a: Hatterene|Nuzzle|p1a: Klefki
|-damage|p1a: Klefki|73/100
|-status|p1a: Klefki|par
|
|-heal|p1a: Klefki|79/100 par|[from] item: Leftovers
|upkeep
|turn|11
|
|t:|1781373800
|switch|p2a: Scizor|Scizor, F|100/100
|move|p1a: Klefki|Flash Cannon|p2a: Scizor
|-resisted|p2a: Scizor
|-crit|p2a: Scizor
|-damage|p2a: Scizor|80/100
|
|-heal|p1a: Klefki|85/100 par|[from] item: Leftovers
|upkeep
|turn|12
|
|t:|1781373805
|move|p1a: Klefki|Thunder Wave|p2a: Scizor
|-status|p2a: Scizor|par
|move|p2a: Scizor|Knock Off|p1a: Klefki
|-resisted|p1a: Klefki
|-damage|p1a: Klefki|63/100 par
|-enditem|p1a: Klefki|Leftovers|[from] move: Knock Off|[of] p2a: Scizor
|
|upkeep
|turn|13
|
|t:|1781373812
|move|p1a: Klefki|Spikes|p2a: Scizor
|-sidestart|p2: bluntsmoker3000|Spikes
|move|p2a: Scizor|Bullet Punch|p1a: Klefki
|-damage|p1a: Klefki|24/100 par
|
|upkeep
|turn|14
|
|t:|1781373819
|move|p1a: Klefki|Magic Room|p1a: Klefki
|-fieldstart|move: Magic Room|[of] p1a: Klefki
|move|p2a: Scizor|Bullet Punch|p1a: Klefki
|-damage|p1a: Klefki|0 fnt
|faint|p1a: Klefki
|
|upkeep
|
|t:|1781373821
|switch|p1a: Keldeo|Keldeo-Resolute|100/100
|-damage|p1a: Keldeo|94/100|[from] Stealth Rock
|turn|15
|
|t:|1781373826
|switch|p2a: Raging Bolt|Raging Bolt|100/100
|-damage|p2a: Raging Bolt|88/100|[from] Stealth Rock
|-damage|p2a: Raging Bolt|63/100|[from] Spikes
|move|p1a: Keldeo|Calm Mind|p1a: Keldeo
|-boost|p1a: Keldeo|spa|1
|-boost|p1a: Keldeo|spd|1
|
|upkeep
|turn|16
|
|t:|1781373831
|move|p1a: Keldeo|Secret Sword|p2a: Raging Bolt
|-damage|p2a: Raging Bolt|0 fnt
|faint|p2a: Raging Bolt
|-end|p2a: Raging Bolt|Protosynthesis|[silent]
|
|upkeep
|
|t:|1781373837
|switch|p2a: Tornadus|Tornadus-Therian, M|100/100
|-damage|p2a: Tornadus|76/100|[from] Stealth Rock
|turn|17
|
|t:|1781373843
|-terastallize|p1a: Keldeo|Water
|move|p2a: Tornadus|Bleakwind Storm|p1a: Keldeo
|-damage|p1a: Keldeo|55/100
|-unboost|p1a: Keldeo|spe|1
|move|p1a: Keldeo|Surf|p2a: Tornadus
|-damage|p2a: Tornadus|0 fnt
|faint|p2a: Tornadus
|
|upkeep
|
|t:|1781373846
|switch|p2a: Ting-Lu|Ting-Lu|100/100
|-damage|p2a: Ting-Lu|94/100|[from] Stealth Rock
|-damage|p2a: Ting-Lu|69/100|[from] Spikes
|-ability|p2a: Ting-Lu|Vessel of Ruin
|turn|18
|
|t:|1781373852
|-terastallize|p2a: Ting-Lu|Water
|move|p1a: Keldeo|Hydro Pump|p2a: Ting-Lu|[miss]
|-miss|p1a: Keldeo|p2a: Ting-Lu
|move|p2a: Ting-Lu|Earthquake|p1a: Keldeo
|-damage|p1a: Keldeo|11/100
|
|-fieldend|move: Magic Room|[of] p1: Klefki
|upkeep
|turn|19
|
|t:|1781373857
|move|p1a: Keldeo|Secret Sword|p2a: Ting-Lu
|-crit|p2a: Ting-Lu
|-damage|p2a: Ting-Lu|29/100
|move|p2a: Ting-Lu|Earthquake|p1a: Keldeo
|-damage|p1a: Keldeo|0 fnt
|faint|p1a: Keldeo
|
|-heal|p2a: Ting-Lu|35/100|[from] item: Leftovers
|upkeep
|
|t:|1781373872
|switch|p1a: Iron Valiant|Iron Valiant|100/100
|-damage|p1a: Iron Valiant|94/100|[from] Stealth Rock
|-enditem|p1a: Iron Valiant|Booster Energy
|-activate|p1a: Iron Valiant|ability: Quark Drive|[fromitem]
|-start|p1a: Iron Valiant|quarkdrivespe
|turn|20
|
|t:|1781373879
|move|p1a: Iron Valiant|Moonblast|p2a: Ting-Lu
|-damage|p2a: Ting-Lu|16/100
|move|p2a: Ting-Lu|Earthquake|p1a: Iron Valiant
|-damage|p1a: Iron Valiant|48/100
|
|-heal|p2a: Ting-Lu|22/100|[from] item: Leftovers
|upkeep
|turn|21
|
|t:|1781373894
|move|p1a: Iron Valiant|Moonblast|p2a: Ting-Lu
|-damage|p2a: Ting-Lu|1/100
|move|p2a: Ting-Lu|Earthquake|p1a: Iron Valiant
|-damage|p1a: Iron Valiant|0 fnt
|faint|p1a: Iron Valiant
|-end|p1a: Iron Valiant|Quark Drive|[silent]
|
|-heal|p2a: Ting-Lu|8/100|[from] item: Leftovers
|upkeep
|
|t:|1781373897
|switch|p1a: Landorus|Landorus-Therian, M|100/100
|-damage|p1a: Landorus|88/100|[from] Stealth Rock
|-ability|p1a: Landorus|Intimidate|boost
|-unboost|p2a: Ting-Lu|atk|1
|turn|22
|
|t:|1781373900
|switch|p2a: Alomomola|Alomomola, M|100/100
|move|p1a: Landorus|U-turn|p2a: Alomomola
|-damage|p2a: Alomomola|86/100
|
|t:|1781373904
|switch|p1a: Garchomp|Garchomp, M|54/100|[from] U-turn
|-damage|p1a: Garchomp|48/100|[from] Stealth Rock
|
|upkeep
|turn|23
|
|t:|1781373907
|move|p2a: Alomomola|Scald|p1a: Garchomp
|-damage|p1a: Garchomp|35/100
|move|p1a: Garchomp|Dragon Tail|p2a: Alomomola
|-damage|p2a: Alomomola|73/100
|drag|p2a: Scizor|Scizor, F|80/100 par
|
|upkeep
|turn|24
|
|t:|1781373910
|switch|p2a: Hatterene|Hatterene, F|47/100
|-damage|p2a: Hatterene|35/100|[from] Stealth Rock
|-damage|p2a: Hatterene|10/100|[from] Spikes
|move|p1a: Garchomp|Fire Blast|p2a: Hatterene
|-damage|p2a: Hatterene|0 fnt
|faint|p2a: Hatterene
|
|upkeep
|
|t:|1781373913
|switch|p2a: Alomomola|Alomomola, M|100/100
|turn|25
|
|t:|1781373915
|move|p2a: Alomomola|Scald|p1a: Garchomp
|-damage|p1a: Garchomp|24/100
|-status|p1a: Garchomp|brn
|move|p1a: Garchomp|Dragon Tail|p2a: Alomomola
|-damage|p2a: Alomomola|94/100
|drag|p2a: Scizor|Scizor, F|80/100 par
|
|-damage|p1a: Garchomp|17/100 brn|[from] brn
|upkeep
|turn|26
|
|t:|1781373918
|switch|p2a: Alomomola|Alomomola, M|100/100
|move|p1a: Garchomp|Dragon Tail|p2a: Alomomola
|-damage|p2a: Alomomola|93/100
|drag|p2a: Scizor|Scizor, F|80/100 par
|
|-damage|p1a: Garchomp|11/100 brn|[from] brn
|upkeep
|turn|27
|
|t:|1781373922
|switch|p2a: Alomomola|Alomomola, M|100/100
|move|p1a: Garchomp|Fire Blast|p2a: Alomomola
|-resisted|p2a: Alomomola
|-damage|p2a: Alomomola|89/100
|
|-damage|p1a: Garchomp|5/100 brn|[from] brn
|upkeep
|turn|28
|
|t:|1781373924
|move|p1a: Garchomp|Fire Blast|p2a: Alomomola
|-resisted|p2a: Alomomola
|-damage|p2a: Alomomola|77/100
|move|p2a: Alomomola|Wish|p2a: Alomomola
|
|-damage|p1a: Garchomp|0 fnt|[from] brn
|faint|p1a: Garchomp
|upkeep
|
|t:|1781373928
|switch|p1a: Landorus|Landorus-Therian, M|88/100
|-damage|p1a: Landorus|76/100|[from] Stealth Rock
|-ability|p1a: Landorus|Intimidate|boost
|-unboost|p2a: Alomomola|atk|1
|turn|29
|
|t:|1781373930
|move|p1a: Landorus|Earthquake|p2a: Alomomola
|-crit|p2a: Alomomola
|-damage|p2a: Alomomola|32/100
|move|p2a: Alomomola|Scald|p1a: Landorus
|-supereffective|p1a: Landorus
|-damage|p1a: Landorus|42/100
|-status|p1a: Landorus|brn
|
|-heal|p2a: Alomomola|82/100|[from] move: Wish|[wisher] Alomomola
|-damage|p1a: Landorus|36/100 brn|[from] brn
|upkeep
|turn|30
|-message|omari p forfeited.
|
|win|bluntsmoker3000
|raw|omari p's rating: 1695 &rarr; <strong>1675</strong><br />(-20 for losing)
|raw|bluntsmoker3000's rating: 1697 &rarr; <strong>1717</strong><br />(+20 for winning)
|l|☆omari p
|player|p1|
|l|☆bluntsmoker3000
|player|p2|
|l| akabrithan
