|j|☆Superhjkdetective
|j|☆miataylor612
|t:|1781007336
|gametype|singles
|player|p1|Superhjkdetective|2|1627
|player|p2|miataylor612|idol|1576
|gen|9
|tier|[Gen 9] OU
|rated|
|rule|HP Percentage Mod: HP is shown in percentages
|rule|Endless Battle Clause: Forcing endless battles is banned
|rule|Species Clause: Limit one of each Pokémon
|rule|OHKO Clause: OHKO moves are banned
|rule|Evasion Items Clause: Evasion items are banned
|rule|Evasion Moves Clause: Evasion moves are banned
|rule|Evasion Abilities Clause: Evasion abilities are banned
|rule|Sleep Moves Clause: Sleep-inducing moves are banned
|clearpoke
|poke|p1|Ninetales, M|
|poke|p1|Ceruledge, F|
|poke|p1|Great Tusk|
|poke|p1|Hatterene, F|
|poke|p1|Walking Wake|
|poke|p1|Raging Bolt|
|poke|p2|Flamigo, F|
|poke|p2|Hatterene, F|
|poke|p2|Kingambit, M|
|poke|p2|Great Tusk|
|poke|p2|Tornadus-Therian, M|
|poke|p2|Rotom-Wash|
|teampreview
|inactive|Battle timer is ON: inactive players will automatically lose when time's up. (requested by miataylor612)
|
|t:|1781007353
|teamsize|p1|6
|teamsize|p2|6
|start
|switch|p1a: Ninetales|Ninetales, M|100/100
|switch|p2a: Tornadus|Tornadus-Therian, M|100/100
|-weather|SunnyDay|[from] ability: Drought|[of] p1a: Ninetales
|turn|1
|
|t:|1781007372
|switch|p1a: Hatterene|Hatterene, F|100/100
|move|p2a: Tornadus|Knock Off|p1a: Hatterene
|-damage|p1a: Hatterene|80/100
|-enditem|p1a: Hatterene|Eject Button|[from] move: Knock Off|[of] p2a: Tornadus
|
|-weather|SunnyDay|[upkeep]
|upkeep
|turn|2
|
|t:|1781007377
|move|p2a: Tornadus|U-turn|p1a: Hatterene
|-damage|p1a: Hatterene|65/100
|
|t:|1781007380
|switch|p2a: Rotom|Rotom-Wash|100/100|[from] U-turn
|move|p1a: Hatterene|Draining Kiss|p2a: Rotom
|-damage|p2a: Rotom|70/100
|-heal|p1a: Hatterene|87/100|[from] drain|[of] p2a: Rotom
|
|-weather|SunnyDay|[upkeep]
|-heal|p2a: Rotom|76/100|[from] item: Leftovers
|upkeep
|turn|3
|
|t:|1781007388
|move|p2a: Rotom|Volt Switch|p1a: Hatterene
|-damage|p1a: Hatterene|61/100
|
|t:|1781007392
|switch|p2a: Kingambit|Kingambit, M|100/100|[from] Volt Switch
|move|p1a: Hatterene|Draining Kiss|p2a: Kingambit
|-damage|p2a: Kingambit|74/100
|-heal|p1a: Hatterene|86/100|[from] drain|[of] p2a: Kingambit
|
|-weather|SunnyDay|[upkeep]
|-heal|p2a: Kingambit|80/100|[from] item: Leftovers
|upkeep
|turn|4
|
|t:|1781007399
|switch|p1a: Great Tusk|Great Tusk|100/100
|-activate|p1a: Great Tusk|ability: Protosynthesis
|-start|p1a: Great Tusk|protosynthesisatk
|move|p2a: Kingambit|Iron Head|p1a: Great Tusk
|-damage|p1a: Great Tusk|66/100
|
|-weather|SunnyDay|[upkeep]
|-heal|p2a: Kingambit|87/100|[from] item: Leftovers
|upkeep
|turn|5
|
|t:|1781007416
|-end|p1a: Great Tusk|Protosynthesis|[silent]
|switch|p1a: Ceruledge|Ceruledge, F|100/100
|-end|p2a: Kingambit|fallenundefined|[silent]
|switch|p2a: Tornadus|Tornadus-Therian, M|100/100
|
|-weather|SunnyDay|[upkeep]
|upkeep
|turn|6
|inactive|miataylor612 has 120 seconds left.
|inactive|miataylor612 has 90 seconds left.
|
|t:|1781007485
|move|p2a: Tornadus|Bleakwind Storm|p1a: Ceruledge
|-damage|p1a: Ceruledge|53/100
|move|p1a: Ceruledge|Bitter Blade|p2a: Tornadus
|-damage|p2a: Tornadus|17/100
|-heal|p1a: Ceruledge|100/100|[from] drain|[of] p2a: Tornadus
|
|-weather|SunnyDay|[upkeep]
|upkeep
|turn|7
|inactive|miataylor612 has 90 seconds left.
|
|t:|1781007495
|switch|p2a: Rotom|Rotom-Wash|76/100
|move|p1a: Ceruledge|Bitter Blade|p2a: Rotom
|-resisted|p2a: Rotom
|-damage|p2a: Rotom|48/100
|
|-weather|SunnyDay|[upkeep]
|-heal|p2a: Rotom|54/100|[from] item: Leftovers
|upkeep
|turn|8
|inactive|Superhjkdetective has 120 seconds left.
|inactive|Superhjkdetective has 90 seconds left.
|
|t:|1781007547
|move|p1a: Ceruledge|Bitter Blade|p2a: Rotom
|-resisted|p2a: Rotom
|-damage|p2a: Rotom|23/100
|move|p2a: Rotom|Pain Split|p1a: Ceruledge
|-sethp|p1a: Ceruledge|62/100|[from] move: Pain Split|[silent]
|-sethp|p2a: Rotom|59/100|[from] move: Pain Split
|
|-weather|none
|-heal|p2a: Rotom|66/100|[from] item: Leftovers
|upkeep
|turn|9
|
|t:|1781007557
|switch|p1a: Ninetales|Ninetales, M|100/100
|-weather|SunnyDay|[from] ability: Drought|[of] p1a: Ninetales
|move|p2a: Rotom|Hydro Pump|p1a: Ninetales
|-supereffective|p1a: Ninetales
|-crit|p1a: Ninetales
|-damage|p1a: Ninetales|31/100
|
|-weather|SunnyDay|[upkeep]
|-heal|p2a: Rotom|72/100|[from] item: Leftovers
|upkeep
|turn|10
|
|t:|1781007571
|switch|p1a: Walking Wake|Walking Wake|100/100
|-activate|p1a: Walking Wake|ability: Protosynthesis
|-start|p1a: Walking Wake|protosynthesisspe
|move|p2a: Rotom|Volt Switch|p1a: Walking Wake
|-damage|p1a: Walking Wake|71/100
|
|t:|1781007577
|switch|p2a: Tornadus|Tornadus-Therian, M|50/100|[from] Volt Switch
|
|-weather|SunnyDay|[upkeep]
|upkeep
|turn|11
|
|t:|1781007583
|move|p1a: Walking Wake|Hydro Steam|p2a: Tornadus
|-damage|p2a: Tornadus|0 fnt
|faint|p2a: Tornadus
|
|-weather|SunnyDay|[upkeep]
|upkeep
|
|t:|1781007589
|switch|p2a: Hatterene|Hatterene, F|100/100
|turn|12
|inactive|Superhjkdetective has 120 seconds left.
|
|t:|1781007604
|move|p1a: Walking Wake|Hydro Steam|p2a: Hatterene
|-damage|p2a: Hatterene|46/100
|move|p2a: Hatterene|Nuzzle|p1a: Walking Wake
|-damage|p1a: Walking Wake|67/100
|-status|p1a: Walking Wake|par
|
|-weather|SunnyDay|[upkeep]
|upkeep
|turn|13
|inactive|miataylor612 has 120 seconds left.
|
|t:|1781007614
|move|p1a: Walking Wake|Hydro Steam|p2a: Hatterene
|-damage|p2a: Hatterene|0 fnt
|faint|p2a: Hatterene
|
|-weather|SunnyDay|[upkeep]
|upkeep
|
|t:|1781007617
|switch|p2a: Flamingo|Flamigo, F|100/100
|turn|14
|
|t:|1781007620
|move|p2a: Flamingo|Close Combat|p1a: Walking Wake
|-damage|p1a: Walking Wake|0 fnt
|-unboost|p2a: Flamingo|def|1
|-unboost|p2a: Flamingo|spd|1
|faint|p1a: Walking Wake
|-end|p1a: Walking Wake|Protosynthesis|[silent]
|
|-weather|SunnyDay|[upkeep]
|upkeep
|
|t:|1781007636
|switch|p1a: Hatterene|Hatterene, F|86/100
|turn|15
|
|t:|1781007641
|switch|p2a: Rotom|Rotom-Wash|72/100
|move|p1a: Hatterene|Draining Kiss|p2a: Rotom
|-damage|p2a: Rotom|42/100
|-heal|p1a: Hatterene|100/100|[from] drain|[of] p2a: Rotom
|
|-weather|SunnyDay|[upkeep]
|-heal|p2a: Rotom|48/100|[from] item: Leftovers
|upkeep
|turn|16
|
|t:|1781007647
|move|p2a: Rotom|Pain Split|p1a: Hatterene
|-sethp|p1a: Hatterene|73/100|[from] move: Pain Split|[silent]
|-sethp|p2a: Rotom|76/100|[from] move: Pain Split
|move|p1a: Hatterene|Draining Kiss|p2a: Rotom
|-damage|p2a: Rotom|47/100
|-heal|p1a: Hatterene|95/100|[from] drain|[of] p2a: Rotom
|
|-weather|none
|-heal|p2a: Rotom|53/100|[from] item: Leftovers
|upkeep
|turn|17
|
|t:|1781007652
|move|p2a: Rotom|Pain Split|p1a: Hatterene
|-sethp|p1a: Hatterene|73/100|[from] move: Pain Split|[silent]
|-sethp|p2a: Rotom|76/100|[from] move: Pain Split
|move|p1a: Hatterene|Psychic Noise|p2a: Rotom
|-damage|p2a: Rotom|29/100
|-start|p2a: Rotom|move: Heal Block
|
|upkeep
|turn|18
|
|t:|1781007658
|move|p2a: Rotom|Pain Split|p1a: Hatterene
|-sethp|p1a: Hatterene|50/100|[from] move: Pain Split|[silent]
|-sethp|p2a: Rotom|52/100|[from] move: Pain Split
|move|p1a: Hatterene|Draining Kiss|p2a: Rotom
|-damage|p2a: Rotom|22/100
|-heal|p1a: Hatterene|73/100|[from] drain|[of] p2a: Rotom
|
|-end|p2a: Rotom|move: Heal Block
|upkeep
|turn|19
|
|t:|1781007664
|move|p2a: Rotom|Pain Split|p1a: Hatterene
|-sethp|p1a: Hatterene|46/100|[from] move: Pain Split|[silent]
|-sethp|p2a: Rotom|49/100|[from] move: Pain Split
|move|p1a: Hatterene|Draining Kiss|p2a: Rotom
|-damage|p2a: Rotom|21/100
|-heal|p1a: Hatterene|67/100|[from] drain|[of] p2a: Rotom
|
|-heal|p2a: Rotom|27/100|[from] item: Leftovers
|upkeep
|turn|20
|
|t:|1781007669
|move|p2a: Rotom|Pain Split|p1a: Hatterene
|-sethp|p1a: Hatterene|46/100|[from] move: Pain Split|[silent]
|-sethp|p2a: Rotom|48/100|[from] move: Pain Split
|move|p1a: Hatterene|Psychic Noise|p2a: Rotom
|-damage|p2a: Rotom|0 fnt
|faint|p2a: Rotom
|
|upkeep
|
|t:|1781007679
|switch|p2a: Kingambit|Kingambit, M|87/100
|-activate|p2a: Kingambit|ability: Supreme Overlord
|-start|p2a: Kingambit|fallen3|[silent]
|turn|21
|
|t:|1781007684
|switch|p1a: Ninetales|Ninetales, M|31/100
|-weather|SunnyDay|[from] ability: Drought|[of] p1a: Ninetales
|move|p2a: Kingambit|Iron Head|p1a: Ninetales
|-resisted|p1a: Ninetales
|-damage|p1a: Ninetales|0 fnt
|faint|p1a: Ninetales
|
|-weather|SunnyDay|[upkeep]
|-heal|p2a: Kingambit|93/100|[from] item: Leftovers
|upkeep
|
|t:|1781007708
|switch|p1a: Raging Bolt|Raging Bolt|100/100
|-activate|p1a: Raging Bolt|ability: Protosynthesis
|-start|p1a: Raging Bolt|protosynthesisspa
|turn|22
|
|t:|1781007714
|-end|p2a: Kingambit|fallen3|[silent]
|switch|p2a: Great Tusk|Great Tusk|100/100
|-activate|p2a: Great Tusk|ability: Protosynthesis
|-start|p2a: Great Tusk|protosynthesisdef
|move|p1a: Raging Bolt|Weather Ball|p2a: Great Tusk
|-damage|p2a: Great Tusk|0 fnt
|faint|p2a: Great Tusk
|-end|p2a: Great Tusk|Protosynthesis|[silent]
|-damage|p1a: Raging Bolt|90/100|[from] item: Life Orb
|
|-weather|SunnyDay|[upkeep]
|upkeep
|
|t:|1781007723
|switch|p2a: Flamingo|Flamigo, F|100/100
|turn|23
|-message|miataylor612 forfeited.
|
|win|Superhjkdetective
|raw|Superhjkdetective's rating: 1627 &rarr; <strong>1644</strong><br />(+17 for winning)
|raw|miataylor612's rating: 1576 &rarr; <strong>1559</strong><br />(-17 for losing)
|l|☆miataylor612
|player|p2|
