|j|☆kshuaib734
|j|☆COLFOFLOW
|t:|1780958223
|gametype|singles
|player|p1|kshuaib734|steven|1706
|player|p2|COLFOFLOW|volkner|1700
|gen|9
|tier|[Gen 9] OU
|rated|
|rule|HP Percentage Mod: HP is shown in percentages
|rule|Endless Battle Clause: Forcing endless battles is banned
|rule|Species Clause: Limit one of each Pokémon
|rule|OHKO Clause: OHKO moves are banned
|rule|Evasion Items Clause: Evasion items are banned
|rule|Evasion Moves Clause: Evasion moves are banned
|rule|Evasion Abilities Clause: Evasion abilities are banned
|rule|Sleep Moves Clause: Sleep-inducing moves are banned
|clearpoke
|poke|p1|Tyranitar, M|
|poke|p1|Dragapult, F|
|poke|p1|Pelipper, F|
|poke|p1|Quaquaval, M|
|poke|p1|Kingdra, F|
|poke|p1|Excadrill, F|
|poke|p2|Darkrai|
|poke|p2|Clodsire, M|
|poke|p2|Suicune|
|poke|p2|Lokix, F|
|poke|p2|Pecharunt|
|poke|p2|Corviknight, F|
|teampreview
|inactive|Battle timer is ON: inactive players will automatically lose when time's up. (requested by kshuaib734)
|
|t:|1780958245
|teamsize|p1|6
|teamsize|p2|6
|start
|switch|p1a: Tyrant's Downpour|Pelipper, F|100/100
|switch|p2a: Darkrai|Darkrai|100/100
|-weather|RainDance|[from] ability: Drizzle|[of] p1a: Tyrant's Downpour
|turn|1
|
|t:|1780958267
|move|p2a: Darkrai|Trick|p1a: Tyrant's Downpour
|-activate|p2a: Darkrai|move: Trick|[of] p1a: Tyrant's Downpour
|-item|p1a: Tyrant's Downpour|Choice Specs|[from] move: Trick
|-item|p2a: Darkrai|Damp Rock|[from] move: Trick
|move|p1a: Tyrant's Downpour|U-turn|p2a: Darkrai
|-supereffective|p2a: Darkrai
|-damage|p2a: Darkrai|74/100
|inactive|kshuaib734 has 120 seconds left.
|
|t:|1780958305
|switch|p1a: Tyrant's Vengeance|Kingdra, F|100/100|[from] U-turn
|
|-weather|RainDance|[upkeep]
|upkeep
|turn|2
|
|t:|1780958310
|switch|p2a: Clodsire|Clodsire, M|100/100
|move|p1a: Tyrant's Vengeance|Dragon Pulse|p2a: Clodsire
|-damage|p2a: Clodsire|69/100
|
|-weather|RainDance|[upkeep]
|-heal|p2a: Clodsire|75/100|[from] item: Black Sludge
|upkeep
|turn|3
|
|t:|1780958321
|switch|p1a: King Tyrant|Tyranitar, M|100/100
|-weather|Sandstorm|[from] ability: Sand Stream|[of] p1a: King Tyrant
|move|p2a: Clodsire|Stealth Rock|p1a: King Tyrant
|-sidestart|p1: kshuaib734|move: Stealth Rock
|
|-weather|Sandstorm|[upkeep]
|-heal|p2a: Clodsire|81/100|[from] item: Black Sludge
|upkeep
|turn|4
|
|t:|1780958328
|switch|p2a: Corviknight|Corviknight, F|100/100
|-ability|p2a: Corviknight|Pressure
|move|p1a: King Tyrant|Knock Off|p2a: Corviknight
|-damage|p2a: Corviknight|77/100
|-damage|p1a: King Tyrant|84/100|[from] item: Rocky Helmet|[of] p2a: Corviknight
|-enditem|p2a: Corviknight|Rocky Helmet|[from] move: Knock Off|[of] p1a: King Tyrant
|
|-weather|Sandstorm|[upkeep]
|upkeep
|turn|5
|inactive|kshuaib734 has 120 seconds left.
|
|t:|1780958338
|move|p2a: Corviknight|U-turn|p1a: King Tyrant
|-supereffective|p1a: King Tyrant
|-damage|p1a: King Tyrant|66/100
|-enditem|p1a: King Tyrant|Weakness Policy
|-boost|p1a: King Tyrant|atk|2|[from] item: Weakness Policy
|-boost|p1a: King Tyrant|spa|2|[from] item: Weakness Policy
|
|t:|1780958348
|switch|p2a: Darkrai|Darkrai|74/100|[from] U-turn
|move|p1a: King Tyrant|Stealth Rock|p2a: Darkrai
|-sidestart|p2: COLFOFLOW|move: Stealth Rock
|
|-weather|Sandstorm|[upkeep]
|-damage|p2a: Darkrai|68/100|[from] Sandstorm
|upkeep
|turn|6
|
|t:|1780958360
|move|p2a: Darkrai|Ice Beam|p1a: King Tyrant
|-damage|p1a: King Tyrant|48/100
|move|p1a: King Tyrant|Knock Off|p2a: Darkrai
|-resisted|p2a: Darkrai
|-damage|p2a: Darkrai|14/100
|-enditem|p2a: Darkrai|Damp Rock|[from] move: Knock Off|[of] p1a: King Tyrant
|
|-weather|Sandstorm|[upkeep]
|-damage|p2a: Darkrai|8/100|[from] Sandstorm
|upkeep
|turn|7
|
|t:|1780958374
|move|p2a: Darkrai|Ice Beam|p1a: King Tyrant
|-damage|p1a: King Tyrant|29/100
|move|p1a: King Tyrant|Knock Off|p2a: Darkrai
|-resisted|p2a: Darkrai
|-damage|p2a: Darkrai|0 fnt
|faint|p2a: Darkrai
|
|-weather|none
|upkeep
|
|t:|1780958377
|switch|p2a: Corviknight|Corviknight, F|77/100
|-damage|p2a: Corviknight|65/100|[from] Stealth Rock
|-ability|p2a: Corviknight|Pressure
|turn|8
|
|t:|1780958386
|-terastallize|p1a: King Tyrant|Ghost
|move|p2a: Corviknight|Body Press|p1a: King Tyrant
|-immune|p1a: King Tyrant
|move|p1a: King Tyrant|Thunderbolt|p2a: Corviknight
|-supereffective|p2a: Corviknight
|-damage|p2a: Corviknight|0 fnt
|faint|p2a: Corviknight
|
|upkeep
|
|t:|1780958388
|switch|p2a: Lokix|Lokix, F|100/100
|-damage|p2a: Lokix|76/100|[from] Stealth Rock
|turn|9
|
|t:|1780958399
|move|p2a: Lokix|Leech Life|p1a: King Tyrant
|-resisted|p1a: King Tyrant
|-damage|p1a: King Tyrant|0 fnt
|-heal|p2a: Lokix|97/100|[from] drain|[of] p1a: King Tyrant
|faint|p1a: King Tyrant
|
|upkeep
|
|t:|1780958411
|switch|p1a: Tyrant's Enforcer|Dragapult, F|100/100
|-damage|p1a: Tyrant's Enforcer|88/100|[from] Stealth Rock
|turn|10
|
|t:|1780958423
|-terastallize|p2a: Lokix|Bug
|move|p1a: Tyrant's Enforcer|Dragon Darts|p2a: Lokix
|-damage|p2a: Lokix|61/100
|-anim|p1a: Tyrant's Enforcer|Dragon Darts|p2a: Lokix
|-damage|p2a: Lokix|23/100
|-damage|p1a: Tyrant's Enforcer|78/100|[from] item: Life Orb
|move|p2a: Lokix|Leech Life|p1a: Tyrant's Enforcer
|-resisted|p1a: Tyrant's Enforcer
|-damage|p1a: Tyrant's Enforcer|0 fnt
|-heal|p2a: Lokix|67/100|[from] drain|[of] p1a: Tyrant's Enforcer
|faint|p1a: Tyrant's Enforcer
|
|upkeep
|
|t:|1780958440
|switch|p1a: Tyrant's Downpour|Pelipper, F|100/100
|-damage|p1a: Tyrant's Downpour|75/100|[from] Stealth Rock
|-weather|RainDance|[from] ability: Drizzle|[of] p1a: Tyrant's Downpour
|turn|11
|
|t:|1780958450
|switch|p2a: Clodsire|Clodsire, M|81/100
|-damage|p2a: Clodsire|75/100|[from] Stealth Rock
|move|p1a: Tyrant's Downpour|Knock Off|p2a: Clodsire
|-damage|p2a: Clodsire|62/100
|-enditem|p2a: Clodsire|Black Sludge|[from] move: Knock Off|[of] p1a: Tyrant's Downpour
|
|-weather|RainDance|[upkeep]
|upkeep
|turn|12
|
|t:|1780958458
|switch|p1a: Tyrant's Legacy|Excadrill, F|100/100
|-damage|p1a: Tyrant's Legacy|97/100|[from] Stealth Rock
|move|p2a: Clodsire|Toxic|p1a: Tyrant's Legacy
|-immune|p1a: Tyrant's Legacy
|
|-weather|RainDance|[upkeep]
|upkeep
|turn|13
|
|t:|1780958465
|switch|p2a: Suicune|Suicune|100/100
|-damage|p2a: Suicune|88/100|[from] Stealth Rock
|-ability|p2a: Suicune|Pressure
|move|p1a: Tyrant's Legacy|Rapid Spin|p2a: Suicune
|-damage|p2a: Suicune|74/100
|-boost|p1a: Tyrant's Legacy|spe|1
|-sideend|p1: kshuaib734|Stealth Rock|[from] move: Rapid Spin|[of] p1a: Tyrant's Legacy
|-damage|p1a: Tyrant's Legacy|88/100|[from] item: Life Orb
|
|-weather|RainDance|[upkeep]
|-heal|p2a: Suicune|80/100|[from] item: Leftovers
|upkeep
|turn|14
|
|t:|1780958476
|move|p1a: Tyrant's Legacy|Earthquake|p2a: Suicune
|-damage|p2a: Suicune|41/100
|-damage|p1a: Tyrant's Legacy|78/100|[from] item: Life Orb
|move|p2a: Suicune|Scald|p1a: Tyrant's Legacy
|-supereffective|p1a: Tyrant's Legacy
|-damage|p1a: Tyrant's Legacy|0 fnt
|faint|p1a: Tyrant's Legacy
|
|-weather|RainDance|[upkeep]
|-heal|p2a: Suicune|48/100|[from] item: Leftovers
|upkeep
|
|t:|1780958492
|switch|p1a: Tyrant's Vengeance|Kingdra, F|100/100
|turn|15
|
|t:|1780958496
|move|p1a: Tyrant's Vengeance|Dragon Pulse|p2a: Suicune
|-damage|p2a: Suicune|1/100
|move|p2a: Suicune|Rest|p2a: Suicune
|-status|p2a: Suicune|slp|[from] move: Rest
|-heal|p2a: Suicune|100/100 slp|[silent]
|
|-weather|none
|upkeep
|turn|16
|
|t:|1780958502
|move|p1a: Tyrant's Vengeance|Dragon Pulse|p2a: Suicune
|-damage|p2a: Suicune|54/100 slp
|cant|p2a: Suicune|slp
|move|p2a: Suicune|Sleep Talk|p2a: Suicune
|move|p2a: Suicune|Rest||[from] move: Sleep Talk|[still]
|-fail|p2a: Suicune
|
|-heal|p2a: Suicune|60/100 slp|[from] item: Leftovers
|upkeep
|turn|17
|
|t:|1780958511
|move|p1a: Tyrant's Vengeance|Dragon Pulse|p2a: Suicune
|-crit|p2a: Suicune
|-damage|p2a: Suicune|0 fnt
|faint|p2a: Suicune
|
|upkeep
|
|t:|1780958517
|switch|p2a: Lokix|Lokix, F, tera:Bug|67/100
|-damage|p2a: Lokix|42/100|[from] Stealth Rock
|turn|18
|
|t:|1780958527
|move|p2a: Lokix|Leech Life|p1a: Tyrant's Vengeance
|-damage|p1a: Tyrant's Vengeance|10/100
|-heal|p2a: Lokix|89/100|[from] drain|[of] p1a: Tyrant's Vengeance
|move|p1a: Tyrant's Vengeance|Dragon Pulse|p2a: Lokix
|-damage|p2a: Lokix|0 fnt
|faint|p2a: Lokix
|
|upkeep
|
|t:|1780958531
|switch|p2a: Clodsire|Clodsire, M|62/100
|-damage|p2a: Clodsire|55/100|[from] Stealth Rock
|turn|19
|
|t:|1780958553
|move|p1a: Tyrant's Vengeance|Dragon Pulse|p2a: Clodsire
|-damage|p2a: Clodsire|25/100
|move|p2a: Clodsire|Recover|p2a: Clodsire
|-heal|p2a: Clodsire|75/100
|
|upkeep
|turn|20
|
|t:|1780958559
|move|p1a: Tyrant's Vengeance|Dragon Pulse|p2a: Clodsire
|-damage|p2a: Clodsire|46/100
|move|p2a: Clodsire|Stealth Rock|p1a: Tyrant's Vengeance
|-sidestart|p1: kshuaib734|move: Stealth Rock
|
|upkeep
|turn|21
|
|t:|1780958564
|move|p1a: Tyrant's Vengeance|Dragon Pulse|p2a: Clodsire
|-damage|p2a: Clodsire|14/100
|move|p2a: Clodsire|Recover|p2a: Clodsire
|-heal|p2a: Clodsire|64/100
|
|upkeep
|turn|22
|
|t:|1780958569
|move|p1a: Tyrant's Vengeance|Dragon Pulse|p2a: Clodsire
|-damage|p2a: Clodsire|32/100
|move|p2a: Clodsire|Recover|p2a: Clodsire
|-heal|p2a: Clodsire|82/100
|
|upkeep
|turn|23
|
|t:|1780958575
|move|p1a: Tyrant's Vengeance|Dragon Pulse|p2a: Clodsire
|-damage|p2a: Clodsire|52/100
|move|p2a: Clodsire|Earthquake|p1a: Tyrant's Vengeance
|-damage|p1a: Tyrant's Vengeance|0 fnt
|faint|p1a: Tyrant's Vengeance
|
|upkeep
|
|t:|1780958585
|switch|p1a: Tyrant's Downpour|Pelipper, F|75/100
|-damage|p1a: Tyrant's Downpour|50/100|[from] Stealth Rock
|-weather|RainDance|[from] ability: Drizzle|[of] p1a: Tyrant's Downpour
|turn|24
|j| dilf huntr
|
|t:|1780958590
|move|p1a: Tyrant's Downpour|Hurricane|p2a: Clodsire
|-damage|p2a: Clodsire|25/100
|-start|p2a: Clodsire|confusion
|-activate|p2a: Clodsire|confusion
|move|p2a: Clodsire|Recover|p2a: Clodsire
|-heal|p2a: Clodsire|75/100
|
|-weather|RainDance|[upkeep]
|upkeep
|turn|25
|
|t:|1780958597
|move|p1a: Tyrant's Downpour|Hurricane|p2a: Clodsire
|-damage|p2a: Clodsire|48/100
|-activate|p2a: Clodsire|confusion
|move|p2a: Clodsire|Toxic|p1a: Tyrant's Downpour
|-status|p1a: Tyrant's Downpour|tox
|
|-weather|RainDance|[upkeep]
|-damage|p1a: Tyrant's Downpour|44/100 tox|[from] psn
|upkeep
|turn|26
|
|t:|1780958605
|move|p1a: Tyrant's Downpour|Hurricane|p2a: Clodsire
|-crit|p2a: Clodsire
|-damage|p2a: Clodsire|4/100
|-end|p2a: Clodsire|confusion
|move|p2a: Clodsire|Recover|p2a: Clodsire
|-heal|p2a: Clodsire|54/100
|
|-weather|RainDance|[upkeep]
|-damage|p1a: Tyrant's Downpour|32/100 tox|[from] psn
|upkeep
|turn|27
|
|t:|1780958614
|switch|p1a: Tyrant's Endgame|Quaquaval, M|100/100
|-damage|p1a: Tyrant's Endgame|94/100|[from] Stealth Rock
|move|p2a: Clodsire|Recover|p2a: Clodsire
|-heal|p2a: Clodsire|100/100
|
|-weather|RainDance|[upkeep]
|upkeep
|turn|28
|
|t:|1780958620
|move|p1a: Tyrant's Endgame|Close Combat|p2a: Clodsire
|-resisted|p2a: Clodsire
|-damage|p2a: Clodsire|62/100
|-unboost|p1a: Tyrant's Endgame|def|1
|-unboost|p1a: Tyrant's Endgame|spd|1
|move|p2a: Clodsire|Toxic|p1a: Tyrant's Endgame
|-status|p1a: Tyrant's Endgame|tox
|
|-weather|none
|-damage|p1a: Tyrant's Endgame|88/100 tox|[from] psn
|upkeep
|turn|29
|
|t:|1780958629
|move|p1a: Tyrant's Endgame|Aqua Step|p2a: Clodsire
|-heal|p2a: Clodsire|87/100|[from] ability: Water Absorb|[of] p1a: Tyrant's Endgame
|move|p2a: Clodsire|Earthquake|p1a: Tyrant's Endgame
|-damage|p1a: Tyrant's Endgame|34/100 tox
|
|-damage|p1a: Tyrant's Endgame|22/100 tox|[from] psn
|upkeep
|turn|30
|l| dilf huntr
|-message|kshuaib734 forfeited.
|
|win|COLFOFLOW
|raw|kshuaib734's rating: 1706 &rarr; <strong>1686</strong><br />(-20 for losing)
|raw|COLFOFLOW's rating: 1700 &rarr; <strong>1720</strong><br />(+20 for winning)
|l|☆kshuaib734
|player|p1|
|l|☆COLFOFLOW
|player|p2|
