|j|☆cachowcapow
|j|☆icylikedecember
|t:|1781078846
|gametype|singles
|player|p1|cachowcapow|265|1674
|player|p2|icylikedecember|skierf|1641
|gen|9
|tier|[Gen 9] OU
|rated|
|rule|HP Percentage Mod: HP is shown in percentages
|rule|Endless Battle Clause: Forcing endless battles is banned
|rule|Species Clause: Limit one of each Pokémon
|rule|OHKO Clause: OHKO moves are banned
|rule|Evasion Items Clause: Evasion items are banned
|rule|Evasion Moves Clause: Evasion moves are banned
|rule|Evasion Abilities Clause: Evasion abilities are banned
|rule|Sleep Moves Clause: Sleep-inducing moves are banned
|clearpoke
|poke|p1|Primarina, M|
|poke|p1|Slither Wing|
|poke|p1|Slowking-Galar, F|
|poke|p1|Great Tusk|
|poke|p1|Meowscarada, M|
|poke|p1|Gardevoir, F|
|poke|p2|Corviknight, M|
|poke|p2|Slowking-Galar, F|
|poke|p2|Darkrai|
|poke|p2|Kyurem|
|poke|p2|Zamazenta-*|
|poke|p2|Samurott-Hisui, M|
|teampreview
|
|t:|1781078860
|teamsize|p1|6
|teamsize|p2|6
|start
|switch|p1a: Slither Wing|Slither Wing|100/100
|switch|p2a: Kyurem|Kyurem|100/100
|-ability|p2a: Kyurem|Pressure
|turn|1
|inactive|Battle timer is ON: inactive players will automatically lose when time's up. (requested by icylikedecember)
|
|t:|1781078877
|switch|p2a: Corviknight|Corviknight, M, shiny|100/100
|-ability|p2a: Corviknight|Pressure
|move|p1a: Slither Wing|Will-O-Wisp|p2a: Corviknight
|-status|p2a: Corviknight|brn
|
|-damage|p2a: Corviknight|94/100 brn|[from] brn
|upkeep
|turn|2
|
|t:|1781078884
|move|p2a: Corviknight|Brave Bird|p1a: Slither Wing
|-supereffective|p1a: Slither Wing
|-damage|p1a: Slither Wing|41/100
|-damage|p2a: Corviknight|78/100 brn|[from] item: Rocky Helmet|[of] p1a: Slither Wing
|-damage|p2a: Corviknight|59/100 brn|[from] Recoil
|move|p1a: Slither Wing|U-turn|p2a: Corviknight
|-resisted|p2a: Corviknight
|-damage|p2a: Corviknight|54/100 brn
|-damage|p1a: Slither Wing|24/100|[from] item: Rocky Helmet|[of] p2a: Corviknight
|
|t:|1781078894
|-end|p1a: Slither Wing|Protosynthesis|[silent]
|switch|p1a: Gardevoir|Gardevoir, F, shiny|100/100|[from] U-turn
|-ability|p1a: Gardevoir|Pressure|Trace|[from] ability: Trace|[of] p2a: Corviknight
|-ability|p1a: Gardevoir|Pressure
|
|-damage|p2a: Corviknight|48/100 brn|[from] brn
|upkeep
|turn|3
|
|t:|1781078897
|switch|p2a: Slowking|Slowking-Galar, F, shiny|100/100
|move|p1a: Gardevoir|Shadow Ball|p2a: Slowking
|-supereffective|p2a: Slowking
|-damage|p2a: Slowking|56/100
|
|upkeep
|turn|4
|
|t:|1781078904
|switch|p1a: Great Tusk|Great Tusk|100/100
|move|p2a: Slowking|Sludge Bomb|p1a: Great Tusk
|-resisted|p1a: Great Tusk
|-damage|p1a: Great Tusk|66/100
|-status|p1a: Great Tusk|psn
|
|-damage|p1a: Great Tusk|53/100 psn|[from] psn
|upkeep
|turn|5
|
|t:|1781078910
|switch|p2a: Corviknight|Corviknight, M, shiny|48/100 brn
|-ability|p2a: Corviknight|Pressure
|move|p1a: Great Tusk|Knock Off|p2a: Corviknight
|-damage|p2a: Corviknight|29/100 brn
|-damage|p1a: Great Tusk|37/100 psn|[from] item: Rocky Helmet|[of] p2a: Corviknight
|-enditem|p2a: Corviknight|Rocky Helmet|[from] move: Knock Off|[of] p1a: Great Tusk
|
|-damage|p1a: Great Tusk|24/100 psn|[from] psn
|-damage|p2a: Corviknight|23/100 brn|[from] brn
|upkeep
|turn|6
|
|t:|1781078916
|move|p1a: Great Tusk|Close Combat|p2a: Corviknight
|-crit|p2a: Corviknight
|-damage|p2a: Corviknight|0 fnt
|-unboost|p1a: Great Tusk|def|1
|-unboost|p1a: Great Tusk|spd|1
|faint|p2a: Corviknight
|
|-damage|p1a: Great Tusk|12/100 psn|[from] psn
|upkeep
|
|t:|1781078920
|switch|p2a: Kyurem|Kyurem|100/100
|-ability|p2a: Kyurem|Pressure
|turn|7
|
|t:|1781078939
|move|p2a: Kyurem|Earth Power|p1a: Great Tusk
|-damage|p1a: Great Tusk|0 fnt
|faint|p1a: Great Tusk
|-end|p1a: Great Tusk|Protosynthesis|[silent]
|
|upkeep
|
|t:|1781078941
|switch|p1a: Gardevoir|Gardevoir, F, shiny|100/100
|-ability|p1a: Gardevoir|Pressure|Trace|[from] ability: Trace|[of] p2a: Kyurem
|-ability|p1a: Gardevoir|Pressure
|turn|8
|
|t:|1781078946
|switch|p2a: Slowking|Slowking-Galar, F, shiny|90/100
|move|p1a: Gardevoir|Psyshock|p2a: Slowking
|-damage|p2a: Slowking|23/100
|
|upkeep
|turn|9
|
|t:|1781078954
|switch|p1a: Slither Wing|Slither Wing|24/100
|switch|p2a: Samurott|Samurott-Hisui, M|100/100
|
|upkeep
|turn|10
|
|t:|1781078964
|switch|p2a: Slowking|Slowking-Galar, F, shiny|57/100
|move|p1a: Slither Wing|First Impression|p2a: Slowking
|-damage|p2a: Slowking|15/100
|
|upkeep
|turn|11
|
|t:|1781078974
|switch|p2a: Kyurem|Kyurem|100/100
|-ability|p2a: Kyurem|Pressure
|move|p1a: Slither Wing|U-turn|p2a: Kyurem
|-damage|p2a: Kyurem|73/100
|
|t:|1781078979
|-end|p1a: Slither Wing|Protosynthesis|[silent]
|switch|p1a: Slowking|Slowking-Galar, F|100/100|[from] U-turn
|
|upkeep
|turn|12
|
|t:|1781078984
|switch|p2a: Samurott|Samurott-Hisui, M|100/100
|-prepare|p1a: Slowking|Chilly Reception|[premajor]
|move|p1a: Slowking|Chilly Reception|p1a: Slowking
|-weather|Snowscape
|
|t:|1781078999
|switch|p1a: Slither Wing|Slither Wing|24/100|[from] Chilly Reception
|
|-weather|Snowscape|[upkeep]
|upkeep
|turn|13
|
|t:|1781079007
|-terastallize|p2a: Samurott|Water
|move|p2a: Samurott|Razor Shell|p1a: Slither Wing
|-damage|p1a: Slither Wing|0 fnt
|-damage|p2a: Samurott|84/100|[from] item: Rocky Helmet|[of] p1a: Slither Wing
|faint|p1a: Slither Wing
|-end|p1a: Slither Wing|Protosynthesis|[silent]
|
|-weather|Snowscape|[upkeep]
|upkeep
|
|t:|1781079012
|switch|p1a: Meowscarada|Meowscarada, M|100/100
|turn|14
|
|t:|1781079020
|move|p1a: Meowscarada|U-turn|p2a: Samurott
|-start|p1a: Meowscarada|typechange|Bug|[from] ability: Protean
|-damage|p2a: Samurott|42/100
|
|t:|1781079023
|switch|p1a: Primarina|Primarina, M, shiny|100/100|[from] U-turn
|move|p2a: Samurott|Razor Shell|p1a: Primarina
|-resisted|p1a: Primarina
|-damage|p1a: Primarina|71/100
|
|-weather|Snowscape|[upkeep]
|-heal|p1a: Primarina|77/100|[from] item: Leftovers
|upkeep
|turn|15
|
|t:|1781079032
|switch|p2a: Slowking|Slowking-Galar, F, shiny|48/100
|move|p1a: Primarina|Calm Mind|p1a: Primarina
|-boost|p1a: Primarina|spa|1
|-boost|p1a: Primarina|spd|1
|
|-weather|Snowscape|[upkeep]
|-heal|p1a: Primarina|83/100|[from] item: Leftovers
|upkeep
|turn|16
|
|t:|1781079049
|move|p1a: Primarina|Psychic Noise|p2a: Slowking
|-damage|p2a: Slowking|27/100
|-start|p2a: Slowking|move: Heal Block
|move|p2a: Slowking|Sludge Bomb|p1a: Primarina
|-supereffective|p1a: Primarina
|-damage|p1a: Primarina|40/100
|
|-weather|none
|-heal|p1a: Primarina|46/100|[from] item: Leftovers
|upkeep
|turn|17
|
|t:|1781079061
|move|p1a: Primarina|Psychic Noise|p2a: Slowking
|-damage|p2a: Slowking|5/100
|move|p2a: Slowking|Sludge Bomb|p1a: Primarina
|-supereffective|p1a: Primarina
|-damage|p1a: Primarina|1/100
|
|-heal|p1a: Primarina|7/100|[from] item: Leftovers
|-end|p2a: Slowking|move: Heal Block
|upkeep
|turn|18
|j| ILoveGardevoirRah
|
|t:|1781079081
|switch|p2a: Samurott|Samurott-Hisui, M, tera:Water|42/100
|move|p1a: Primarina|Draining Kiss|p2a: Samurott
|-damage|p2a: Samurott|0 fnt
|-heal|p1a: Primarina|35/100|[from] drain|[of] p2a: Samurott
|faint|p2a: Samurott
|
|-heal|p1a: Primarina|41/100|[from] item: Leftovers
|upkeep
|
|t:|1781079091
|switch|p2a: Kyurem|Kyurem|73/100
|-ability|p2a: Kyurem|Pressure
|turn|19
|
|t:|1781079101
|switch|p1a: Slowking|Slowking-Galar, F|100/100
|move|p2a: Kyurem|Freeze-Dry|p1a: Slowking
|-damage|p1a: Slowking|78/100
|
|upkeep
|turn|20
|
|t:|1781079106
|move|p2a: Kyurem|Earth Power|p1a: Slowking
|-supereffective|p1a: Slowking
|-damage|p1a: Slowking|43/100
|-prepare|p1a: Slowking|Chilly Reception|[premajor]
|move|p1a: Slowking|Chilly Reception|p1a: Slowking
|-weather|Snowscape
|
|t:|1781079109
|switch|p1a: Gardevoir|Gardevoir, F, shiny|100/100|[from] Chilly Reception
|-ability|p1a: Gardevoir|Pressure|Trace|[from] ability: Trace|[of] p2a: Kyurem
|-ability|p1a: Gardevoir|Pressure
|
|-weather|Snowscape|[upkeep]
|upkeep
|turn|21
|
|t:|1781079123
|move|p2a: Kyurem|Ice Beam|p1a: Gardevoir
|-damage|p1a: Gardevoir|52/100
|move|p1a: Gardevoir|Moonblast|p2a: Kyurem
|-supereffective|p2a: Kyurem
|-damage|p2a: Kyurem|0 fnt
|faint|p2a: Kyurem
|
|-weather|Snowscape|[upkeep]
|upkeep
|
|t:|1781079128
|switch|p2a: Slowking|Slowking-Galar, F, shiny|38/100
|turn|22
|
|t:|1781079136
|switch|p1a: Slowking|Slowking-Galar, F|76/100
|move|p2a: Slowking|Psyshock|p1a: Slowking
|-damage|p1a: Slowking|37/100
|
|-weather|Snowscape|[upkeep]
|upkeep
|turn|23
|
|t:|1781079142
|move|p2a: Slowking|Psyshock|p1a: Slowking
|-damage|p1a: Slowking|0 fnt
|faint|p1a: Slowking
|
|-weather|Snowscape|[upkeep]
|upkeep
|
|t:|1781079148
|switch|p1a: Meowscarada|Meowscarada, M|100/100
|turn|24
|
|t:|1781079153
|switch|p2a: Zamazenta|Zamazenta|100/100
|-ability|p2a: Zamazenta|Dauntless Shield|boost
|-boost|p2a: Zamazenta|def|1
|move|p1a: Meowscarada|U-turn|p2a: Zamazenta
|-start|p1a: Meowscarada|typechange|Bug|[from] ability: Protean
|-resisted|p2a: Zamazenta
|-damage|p2a: Zamazenta|93/100
|
|t:|1781079157
|switch|p1a: Primarina|Primarina, M, shiny|41/100|[from] U-turn
|
|-weather|none
|-heal|p2a: Zamazenta|99/100|[from] item: Leftovers
|-heal|p1a: Primarina|47/100|[from] item: Leftovers
|upkeep
|turn|25
|
|t:|1781079161
|switch|p2a: Slowking|Slowking-Galar, F, shiny|72/100
|move|p1a: Primarina|Draining Kiss|p2a: Slowking
|-resisted|p2a: Slowking
|-damage|p2a: Slowking|66/100
|-heal|p1a: Primarina|51/100|[from] drain|[of] p2a: Slowking
|
|-heal|p1a: Primarina|57/100|[from] item: Leftovers
|upkeep
|turn|26
|
|t:|1781079166
|-terastallize|p1a: Primarina|Steel
|move|p1a: Primarina|Calm Mind|p1a: Primarina
|-boost|p1a: Primarina|spa|1
|-boost|p1a: Primarina|spd|1
|move|p2a: Slowking|Sludge Bomb|p1a: Primarina
|-immune|p1a: Primarina
|
|-heal|p1a: Primarina|63/100|[from] item: Leftovers
|upkeep
|turn|27
|
|t:|1781079169
|move|p1a: Primarina|Encore|p2a: Slowking
|-start|p2a: Slowking|Encore
|move|p2a: Slowking|Sludge Bomb|p1a: Primarina
|-immune|p1a: Primarina
|
|-heal|p1a: Primarina|69/100|[from] item: Leftovers
|upkeep
|turn|28
|
|t:|1781079181
|switch|p2a: Darkrai|Darkrai|100/100
|move|p1a: Primarina|Draining Kiss|p2a: Darkrai
|-supereffective|p2a: Darkrai
|-damage|p2a: Darkrai|17/100
|-heal|p1a: Primarina|100/100|[from] drain|[of] p2a: Darkrai
|
|upkeep
|turn|29
|
|t:|1781079186
|move|p2a: Darkrai|Focus Blast|p1a: Primarina|[miss]
|-miss|p2a: Darkrai|p1a: Primarina
|move|p1a: Primarina|Draining Kiss|p2a: Darkrai
|-supereffective|p2a: Darkrai
|-damage|p2a: Darkrai|0 fnt
|faint|p2a: Darkrai
|
|upkeep
|
|t:|1781079196
|switch|p2a: Zamazenta|Zamazenta|99/100
|turn|30
|
|t:|1781079210
|move|p2a: Zamazenta|Body Press|p1a: Primarina
|-supereffective|p1a: Primarina
|-damage|p1a: Primarina|34/100
|move|p1a: Primarina|Draining Kiss|p2a: Zamazenta
|-supereffective|p2a: Zamazenta
|-damage|p2a: Zamazenta|49/100
|-heal|p1a: Primarina|74/100|[from] drain|[of] p2a: Zamazenta
|
|-heal|p2a: Zamazenta|55/100|[from] item: Leftovers
|-heal|p1a: Primarina|80/100|[from] item: Leftovers
|upkeep
|turn|31
|
|t:|1781079218
|switch|p2a: Slowking|Slowking-Galar, F, shiny|99/100
|move|p1a: Primarina|Draining Kiss|p2a: Slowking
|-resisted|p2a: Slowking
|-damage|p2a: Slowking|92/100
|-heal|p1a: Primarina|86/100|[from] drain|[of] p2a: Slowking
|
|-heal|p1a: Primarina|93/100|[from] item: Leftovers
|upkeep
|turn|32
|c| ILoveGardevoirRah|encore on a rather slow pokemon is an interesting choice
|
|t:|1781079221
|move|p1a: Primarina|Calm Mind|p1a: Primarina
|-boost|p1a: Primarina|spa|1
|-boost|p1a: Primarina|spd|1
|move|p2a: Slowking|Flamethrower|p1a: Primarina
|-supereffective|p1a: Primarina
|-damage|p1a: Primarina|71/100
|
|-heal|p1a: Primarina|77/100|[from] item: Leftovers
|upkeep
|turn|33
|
|t:|1781079227
|move|p1a: Primarina|Psychic Noise|p2a: Slowking
|-damage|p2a: Slowking|62/100
|-start|p2a: Slowking|move: Heal Block
|move|p2a: Slowking|Flamethrower|p1a: Primarina
|-supereffective|p1a: Primarina
|-damage|p1a: Primarina|51/100
|
|-heal|p1a: Primarina|57/100|[from] item: Leftovers
|upkeep
|turn|34
|
|t:|1781079235
|move|p1a: Primarina|Calm Mind|p1a: Primarina
|-boost|p1a: Primarina|spa|1
|-boost|p1a: Primarina|spd|1
|move|p2a: Slowking|Flamethrower|p1a: Primarina
|-supereffective|p1a: Primarina
|-damage|p1a: Primarina|39/100
|
|-heal|p1a: Primarina|45/100|[from] item: Leftovers
|-end|p2a: Slowking|move: Heal Block
|upkeep
|turn|35
|
|t:|1781079238
|move|p1a: Primarina|Draining Kiss|p2a: Slowking
|-resisted|p2a: Slowking
|-damage|p2a: Slowking|50/100
|-heal|p1a: Primarina|55/100|[from] drain|[of] p2a: Slowking
|move|p2a: Slowking|Flamethrower|p1a: Primarina
|-supereffective|p1a: Primarina
|-damage|p1a: Primarina|37/100
|
|-heal|p1a: Primarina|43/100|[from] item: Leftovers
|upkeep
|turn|36
|
|t:|1781079246
|move|p1a: Primarina|Psychic Noise|p2a: Slowking
|-damage|p2a: Slowking|14/100
|-start|p2a: Slowking|move: Heal Block
|move|p2a: Slowking|Flamethrower|p1a: Primarina
|-supereffective|p1a: Primarina
|-damage|p1a: Primarina|23/100
|
|-heal|p1a: Primarina|29/100|[from] item: Leftovers
|upkeep
|turn|37
|
|t:|1781079254
|move|p1a: Primarina|Psychic Noise|p2a: Slowking
|-damage|p2a: Slowking|0 fnt
|faint|p2a: Slowking
|
|-heal|p1a: Primarina|35/100|[from] item: Leftovers
|upkeep
|
|t:|1781079256
|switch|p2a: Zamazenta|Zamazenta|55/100
|turn|38
|
|t:|1781079258
|move|p2a: Zamazenta|Body Press|p1a: Primarina
|-supereffective|p1a: Primarina
|-damage|p1a: Primarina|0 fnt
|faint|p1a: Primarina
|
|-heal|p2a: Zamazenta|62/100|[from] item: Leftovers
|upkeep
|
|t:|1781079262
|switch|p1a: Meowscarada|Meowscarada, M|100/100
|turn|39
|
|t:|1781079265
|move|p1a: Meowscarada|Flower Trick|p2a: Zamazenta
|-start|p1a: Meowscarada|typechange|Grass|[from] ability: Protean
|-crit|p2a: Zamazenta
|-damage|p2a: Zamazenta|23/100
|move|p2a: Zamazenta|Iron Defense|p2a: Zamazenta
|-boost|p2a: Zamazenta|def|2
|
|-heal|p2a: Zamazenta|29/100|[from] item: Leftovers
|upkeep
|turn|40
|
|t:|1781079272
|move|p1a: Meowscarada|Flower Trick|p2a: Zamazenta
|-crit|p2a: Zamazenta
|-damage|p2a: Zamazenta|0 fnt
|faint|p2a: Zamazenta
|
|win|cachowcapow
|raw|cachowcapow's rating: 1649 &rarr; <strong>1669</strong><br />(+20 for winning)
|raw|icylikedecember's rating: 1641 &rarr; <strong>1621</strong><br />(-20 for losing)
|l|☆icylikedecember
|player|p2|
|c| ILoveGardevoirRah|...
|l| ILoveGardevoirRah
