|j|‽Blood soaked fangs
|j|☆fregene97
|t:|1781333611
|gametype|singles
|player|p1|Blood soaked fangs|galacticgruntf|1691
|player|p2|fregene97|169|1552
|gen|9
|tier|[Gen 9] OU
|rated|
|rule|HP Percentage Mod: HP is shown in percentages
|rule|Endless Battle Clause: Forcing endless battles is banned
|rule|Species Clause: Limit one of each Pokémon
|rule|OHKO Clause: OHKO moves are banned
|rule|Evasion Items Clause: Evasion items are banned
|rule|Evasion Moves Clause: Evasion moves are banned
|rule|Evasion Abilities Clause: Evasion abilities are banned
|rule|Sleep Moves Clause: Sleep-inducing moves are banned
|clearpoke
|poke|p1|Ninetales-Alola, M|
|poke|p1|Klefki, M|
|poke|p1|Maushold-Four|
|poke|p1|Latias, F|
|poke|p1|Okidogi, M|
|poke|p1|Ogerpon-Wellspring, F|
|poke|p2|Ceruledge, F|
|poke|p2|Great Tusk|
|poke|p2|Porygon-Z|
|poke|p2|Greninja-*, M|
|poke|p2|Raging Bolt|
|poke|p2|Rillaboom, M|
|teampreview
|inactive|Battle timer is ON: inactive players will automatically lose when time's up. (requested by fregene97)
|inactive|Blood soaked fangs also wants the timer to be on.
|
|t:|1781333619
|teamsize|p1|6
|teamsize|p2|6
|start
|switch|p1a: Ninetales|Ninetales-Alola, M|100/100
|switch|p2a: Ceruledge|Ceruledge, F|100/100
|-weather|Snowscape|[from] ability: Snow Warning|[of] p1a: Ninetales
|turn|1
|
|t:|1781333622
|move|p1a: Ninetales|Aurora Veil|p1a: Ninetales
|-sidestart|p1: Blood soaked fangs|move: Aurora Veil
|move|p2a: Ceruledge|Swords Dance|p2a: Ceruledge
|-boost|p2a: Ceruledge|atk|2
|
|-weather|Snowscape|[upkeep]
|upkeep
|turn|2
|
|t:|1781333624
|move|p2a: Ceruledge|Shadow Sneak|p1a: Ninetales
|-damage|p1a: Ninetales|84/100
|move|p1a: Ninetales|Encore|p2a: Ceruledge
|-start|p2a: Ceruledge|Encore
|
|-weather|Snowscape|[upkeep]
|upkeep
|turn|3
|
|t:|1781333627
|switch|p1a: Maushold|Maushold-Four|100/100
|move|p2a: Ceruledge|Shadow Sneak|p1a: Maushold
|-immune|p1a: Maushold
|
|-weather|Snowscape|[upkeep]
|upkeep
|turn|4
|
|t:|1781333632
|switch|p2a: Great Tusk|Great Tusk|100/100
|-enditem|p2a: Great Tusk|Booster Energy
|-activate|p2a: Great Tusk|ability: Protosynthesis|[fromitem]
|-start|p2a: Great Tusk|protosynthesisspe
|move|p1a: Maushold|Tidy Up|p1a: Maushold
|-boost|p1a: Maushold|atk|1
|-boost|p1a: Maushold|spe|1
|
|-weather|Snowscape|[upkeep]
|upkeep
|turn|5
|
|t:|1781333636
|move|p2a: Great Tusk|Headlong Rush|p1a: Maushold
|-damage|p1a: Maushold|64/100
|-unboost|p2a: Great Tusk|def|1
|-unboost|p2a: Great Tusk|spd|1
|move|p1a: Maushold|Tidy Up|p1a: Maushold
|-boost|p1a: Maushold|atk|1
|-boost|p1a: Maushold|spe|1
|
|-weather|none
|upkeep
|turn|6
|
|t:|1781333639
|move|p1a: Maushold|Population Bomb|p2a: Great Tusk
|-damage|p2a: Great Tusk|79/100
|-damage|p2a: Great Tusk|57/100
|-damage|p2a: Great Tusk|32/100
|-damage|p2a: Great Tusk|9/100
|-damage|p2a: Great Tusk|0 fnt
|faint|p2a: Great Tusk
|-end|p2a: Great Tusk|Protosynthesis|[silent]
|-hitcount|p2: Great Tusk|5
|
|upkeep
|
|t:|1781333642
|switch|p2a: Rillaboom|Rillaboom, M|100/100
|-fieldstart|move: Grassy Terrain|[from] ability: Grassy Surge|[of] p2a: Rillaboom
|turn|7
|
|t:|1781333647
|move|p2a: Rillaboom|Grassy Glide|p1a: Maushold
|-damage|p1a: Maushold|28/100
|-damage|p2a: Rillaboom|91/100|[from] item: Life Orb
|move|p1a: Maushold|Population Bomb|p2a: Rillaboom
|-damage|p2a: Rillaboom|65/100
|-damage|p2a: Rillaboom|37/100
|-damage|p2a: Rillaboom|13/100
|-damage|p2a: Rillaboom|0 fnt
|faint|p2a: Rillaboom
|-hitcount|p2: Rillaboom|4
|
|-heal|p1a: Maushold|34/100|[from] Grassy Terrain
|upkeep
|
|t:|1781333655
|switch|p2a: Greninja|Greninja, M|100/100
|turn|8
|
|t:|1781333657
|-terastallize|p2a: Greninja|Water
|move|p2a: Greninja|Water Shuriken|p1a: Maushold
|-damage|p1a: Maushold|25/100
|-damage|p1a: Maushold|17/100
|-hitcount|p1a: Maushold|2
|-damage|p2a: Greninja|91/100|[from] item: Life Orb
|move|p1a: Maushold|Population Bomb|p2a: Greninja
|-damage|p2a: Greninja|52/100
|-damage|p2a: Greninja|14/100
|-damage|p2a: Greninja|0 fnt
|faint|p2a: Greninja
|-hitcount|p2: Greninja|3
|
|-heal|p1a: Maushold|23/100|[from] Grassy Terrain
|-sideend|p1: Blood soaked fangs|move: Aurora Veil
|upkeep
|
|t:|1781333663
|switch|p2a: Ceruledge|Ceruledge, F|100/100
|turn|9
|
|t:|1781333665
|move|p1a: Maushold|Bite|p2a: Ceruledge
|-supereffective|p2a: Ceruledge
|-enditem|p2a: Ceruledge|Focus Sash
|-damage|p2a: Ceruledge|1/100
|-ability|p2a: Ceruledge|Weak Armor|boost
|-unboost|p2a: Ceruledge|def|1
|-boost|p2a: Ceruledge|spe|2
|cant|p2a: Ceruledge|flinch
|
|-heal|p2a: Ceruledge|7/100|[from] Grassy Terrain
|-heal|p1a: Maushold|29/100|[from] Grassy Terrain
|upkeep
|turn|10
|
|t:|1781333669
|move|p2a: Ceruledge|Bitter Blade|p1a: Maushold
|-damage|p1a: Maushold|0 fnt
|-heal|p2a: Ceruledge|22/100|[from] drain|[of] p1a: Maushold
|faint|p1a: Maushold
|
|-heal|p2a: Ceruledge|29/100|[from] Grassy Terrain
|upkeep
|
|t:|1781333682
|switch|p1a: Ogerpon|Ogerpon-Wellspring, F|100/100
|turn|11
|
|t:|1781333693
|move|p2a: Ceruledge|Poltergeist|p1a: Ogerpon
|-activate|p1a: Ogerpon|move: Poltergeist|Wellspring Mask
|-damage|p1a: Ogerpon|38/100
|move|p1a: Ogerpon|Ivy Cudgel|p2a: Ceruledge|[anim] Ivy Cudgel Water
|-supereffective|p2a: Ceruledge
|-crit|p2a: Ceruledge
|-damage|p2a: Ceruledge|0 fnt
|faint|p2a: Ceruledge
|
|-heal|p1a: Ogerpon|44/100|[from] Grassy Terrain
|-fieldend|move: Grassy Terrain
|upkeep
|
|t:|1781333697
|switch|p2a: Raging Bolt|Raging Bolt|100/100
|-enditem|p2a: Raging Bolt|Booster Energy
|-activate|p2a: Raging Bolt|ability: Protosynthesis|[fromitem]
|-start|p2a: Raging Bolt|protosynthesisspa
|turn|12
|
|t:|1781333700
|move|p1a: Ogerpon|Swords Dance|p1a: Ogerpon
|-boost|p1a: Ogerpon|atk|2
|move|p2a: Raging Bolt|Thunderbolt|p1a: Ogerpon
|-damage|p1a: Ogerpon|0 fnt
|faint|p1a: Ogerpon
|
|upkeep
|
|t:|1781333704
|switch|p1a: Ninetales|Ninetales-Alola, M|84/100
|-weather|Snowscape|[from] ability: Snow Warning|[of] p1a: Ninetales
|turn|13
|
|t:|1781333725
|move|p1a: Ninetales|Aurora Veil|p1a: Ninetales
|-sidestart|p1: Blood soaked fangs|move: Aurora Veil
|move|p2a: Raging Bolt|Thunderbolt|p1a: Ninetales
|-damage|p1a: Ninetales|46/100
|
|-weather|Snowscape|[upkeep]
|upkeep
|turn|14
|
|t:|1781333733
|move|p1a: Ninetales|Encore|p2a: Raging Bolt
|-start|p2a: Raging Bolt|Encore
|move|p2a: Raging Bolt|Thunderbolt|p1a: Ninetales
|-damage|p1a: Ninetales|4/100
|
|-weather|Snowscape|[upkeep]
|upkeep
|turn|15
|
|t:|1781333736
|move|p1a: Ninetales|Freeze-Dry|p2a: Raging Bolt
|-supereffective|p2a: Raging Bolt
|-damage|p2a: Raging Bolt|60/100
|-status|p2a: Raging Bolt|frz
|cant|p2a: Raging Bolt|frz
|
|-weather|Snowscape|[upkeep]
|upkeep
|turn|16
|
|t:|1781333740
|switch|p1a: Latias|Latias, F|100/100
|cant|p2a: Raging Bolt|frz
|
|-weather|Snowscape|[upkeep]
|-end|p2a: Raging Bolt|Encore
|upkeep
|turn|17
|
|t:|1781333743
|move|p1a: Latias|Agility|p1a: Latias
|-boost|p1a: Latias|spe|2
|cant|p2a: Raging Bolt|frz
|
|-weather|none
|upkeep
|turn|18
|
|t:|1781333746
|move|p1a: Latias|Calm Mind|p1a: Latias
|-boost|p1a: Latias|spa|1
|-boost|p1a: Latias|spd|1
|cant|p2a: Raging Bolt|frz
|
|upkeep
|turn|19
|
|t:|1781333749
|move|p1a: Latias|Calm Mind|p1a: Latias
|-boost|p1a: Latias|spa|1
|-boost|p1a: Latias|spd|1
|cant|p2a: Raging Bolt|frz
|
|upkeep
|turn|20
|
|t:|1781333752
|move|p1a: Latias|Stored Power|p2a: Raging Bolt
|-damage|p2a: Raging Bolt|0 fnt
|faint|p2a: Raging Bolt
|-end|p2a: Raging Bolt|Protosynthesis|[silent]
|
|-sideend|p1: Blood soaked fangs|move: Aurora Veil
|upkeep
|
|t:|1781333755
|switch|p2a: Porygon-Z|Porygon-Z|100/100
|-ability|p2a: Porygon-Z|Download|boost
|-boost|p2a: Porygon-Z|atk|1
|turn|21
|
|t:|1781333760
|move|p1a: Latias|Stored Power|p2a: Porygon-Z
|-damage|p2a: Porygon-Z|0 fnt
|faint|p2a: Porygon-Z
|
|win|Blood soaked fangs
|raw|Blood soaked fangs's rating: 1667 &rarr; <strong>1681</strong><br />(+14 for winning)
|raw|fregene97's rating: 1568 &rarr; <strong>1554</strong><br />(-14 for losing)
|l|‽Blood soaked fangs
|player|p1|
|l|☆fregene97
|player|p2|
|j|☆fregene97
|player|p2|fregene97|169|
|l|☆fregene97
|player|p2|
