|badge|p1|bronze|gen9ou|100-9
|uhtml|medal-msg|<div class="broadcast-blue">Curious what those medals under the avatar are? PS now has Ladder Seasons! For more information, check out the <a href="https://www.smogon.com/forums/threads/3740067/">thread on Smogon.</a></div>
|badge|p2|bronze|gen9ou|100-9
|uhtml|medal-msg|<div class="broadcast-blue">Curious what those medals under the avatar are? PS now has Ladder Seasons! For more information, check out the <a href="https://www.smogon.com/forums/threads/3740067/">thread on Smogon.</a></div>
|j|☆moth ily
|j|‽LT_Alt1
|t:|1781315773
|gametype|singles
|player|p1|moth ily|iono-masters|1888
|player|p2|LT_Alt1|1|1805
|gen|9
|tier|[Gen 9] OU
|rated|
|rule|HP Percentage Mod: HP is shown in percentages
|rule|Endless Battle Clause: Forcing endless battles is banned
|rule|Species Clause: Limit one of each Pokémon
|rule|OHKO Clause: OHKO moves are banned
|rule|Evasion Items Clause: Evasion items are banned
|rule|Evasion Moves Clause: Evasion moves are banned
|rule|Evasion Abilities Clause: Evasion abilities are banned
|rule|Sleep Moves Clause: Sleep-inducing moves are banned
|clearpoke
|poke|p1|Slither Wing|
|poke|p1|Ninetales, M|
|poke|p1|Ceruledge, M|
|poke|p1|Great Tusk|
|poke|p1|Walking Wake|
|poke|p1|Venusaur, F|
|poke|p2|Kyurem|
|poke|p2|Raging Bolt|
|poke|p2|Hatterene, F|
|poke|p2|Slowking-Galar, M|
|poke|p2|Ting-Lu|
|poke|p2|Corviknight, M|
|teampreview
|c|☆moth ily|hf
|
|t:|1781315791
|teamsize|p1|6
|teamsize|p2|6
|start
|switch|p1a: Red judas|Ceruledge, M|100/100
|switch|p2a: Raging Bolt|Raging Bolt|100/100
|-item|p1a: Red judas|Air Balloon
|turn|1
|
|t:|1781315797
|move|p1a: Red judas|Poltergeist|p2a: Raging Bolt
|-activate|p2a: Raging Bolt|move: Poltergeist|Assault Vest
|-damage|p2a: Raging Bolt|46/100
|move|p2a: Raging Bolt|Volt Switch|p1a: Red judas
|-damage|p1a: Red judas|58/100
|-enditem|p1a: Red judas|Air Balloon
|
|t:|1781315801
|-end|p2a: Raging Bolt|Protosynthesis|[silent]
|switch|p2a: Kyurem|Kyurem|100/100|[from] Volt Switch
|-ability|p2a: Kyurem|Pressure
|
|upkeep
|turn|2
|
|t:|1781315805
|switch|p1a: OMG ILY|Slither Wing|100/100
|move|p2a: Kyurem|Draco Meteor|p1a: OMG ILY
|-damage|p1a: OMG ILY|37/100
|-unboost|p2a: Kyurem|spa|2
|
|upkeep
|turn|3
|
|t:|1781315817
|switch|p2a: Corviknight|Corviknight, M|100/100
|-ability|p2a: Corviknight|Pressure
|move|p1a: OMG ILY|Flare Blitz|p2a: Corviknight
|-supereffective|p2a: Corviknight
|-damage|p2a: Corviknight|40/100
|-damage|p1a: OMG ILY|20/100|[from] item: Rocky Helmet|[of] p2a: Corviknight
|-damage|p1a: OMG ILY|0 fnt|[from] Recoil
|faint|p1a: OMG ILY
|-end|p1a: OMG ILY|Protosynthesis|[silent]
|
|upkeep
|
|t:|1781315822
|switch|p1a: Red judas|Ceruledge, M|58/100
|turn|4
|
|t:|1781315828
|switch|p2a: Ting-Lu|Ting-Lu|100/100
|-ability|p2a: Ting-Lu|Vessel of Ruin
|move|p1a: Red judas|Bitter Blade|p2a: Ting-Lu
|-damage|p2a: Ting-Lu|77/100
|-heal|p1a: Red judas|78/100|[from] drain|[of] p2a: Ting-Lu
|
|-heal|p2a: Ting-Lu|83/100|[from] item: Leftovers
|upkeep
|turn|5
|
|t:|1781315833
|switch|p1a: Nah I'd Spin|Great Tusk|100/100
|move|p2a: Ting-Lu|Spikes|p1a: Nah I'd Spin
|-sidestart|p1: moth ily|Spikes
|
|-heal|p2a: Ting-Lu|89/100|[from] item: Leftovers
|upkeep
|turn|6
|
|t:|1781315838
|-end|p1a: Nah I'd Spin|Protosynthesis|[silent]
|switch|p1a: naruto|Ninetales, M|100/100
|-damage|p1a: naruto|88/100|[from] Spikes
|-weather|SunnyDay|[from] ability: Drought|[of] p1a: naruto
|move|p2a: Ting-Lu|Ruination|p1a: naruto|[miss]
|-miss|p2a: Ting-Lu|p1a: naruto
|
|-weather|SunnyDay|[upkeep]
|-heal|p2a: Ting-Lu|95/100|[from] item: Leftovers
|upkeep
|turn|7
|
|t:|1781315843
|switch|p1a: Nah I'd Spin|Great Tusk|100/100
|-damage|p1a: Nah I'd Spin|88/100|[from] Spikes
|-activate|p1a: Nah I'd Spin|ability: Protosynthesis
|-start|p1a: Nah I'd Spin|protosynthesisspe
|move|p2a: Ting-Lu|Spikes|p1a: Nah I'd Spin
|-sidestart|p1: moth ily|Spikes
|
|-weather|SunnyDay|[upkeep]
|-heal|p2a: Ting-Lu|100/100|[from] item: Leftovers
|upkeep
|turn|8
|
|t:|1781315848
|move|p1a: Nah I'd Spin|Rapid Spin|p2a: Ting-Lu
|-damage|p2a: Ting-Lu|93/100
|-boost|p1a: Nah I'd Spin|spe|1
|-sideend|p1: moth ily|Spikes|[from] move: Rapid Spin|[of] p1a: Nah I'd Spin
|move|p2a: Ting-Lu|Ruination|p1a: Nah I'd Spin
|-damage|p1a: Nah I'd Spin|44/100
|
|-weather|SunnyDay|[upkeep]
|-heal|p2a: Ting-Lu|99/100|[from] item: Leftovers
|upkeep
|turn|9
|
|t:|1781315854
|move|p1a: Nah I'd Spin|Headlong Rush|p2a: Ting-Lu
|-damage|p2a: Ting-Lu|74/100
|-unboost|p1a: Nah I'd Spin|def|1
|-unboost|p1a: Nah I'd Spin|spd|1
|move|p2a: Ting-Lu|Spikes|p1a: Nah I'd Spin
|-sidestart|p1: moth ily|Spikes
|
|-weather|SunnyDay|[upkeep]
|-heal|p2a: Ting-Lu|80/100|[from] item: Leftovers
|upkeep
|turn|10
|
|t:|1781315865
|move|p1a: Nah I'd Spin|Stealth Rock|p2a: Ting-Lu
|-sidestart|p2: LT_Alt1|move: Stealth Rock
|move|p2a: Ting-Lu|Earthquake|p1a: Nah I'd Spin
|-damage|p1a: Nah I'd Spin|7/100
|
|-weather|SunnyDay|[upkeep]
|-heal|p2a: Ting-Lu|86/100|[from] item: Leftovers
|upkeep
|turn|11
|
|t:|1781315873
|switch|p2a: Corviknight|Corviknight, M|40/100
|-damage|p2a: Corviknight|28/100|[from] Stealth Rock
|-ability|p2a: Corviknight|Pressure
|move|p1a: Nah I'd Spin|Rapid Spin|p2a: Corviknight
|-resisted|p2a: Corviknight
|-damage|p2a: Corviknight|23/100
|-boost|p1a: Nah I'd Spin|spe|1
|-damage|p1a: Nah I'd Spin|0 fnt|[from] item: Rocky Helmet|[of] p2a: Corviknight
|faint|p1a: Nah I'd Spin
|-end|p1a: Nah I'd Spin|Protosynthesis|[silent]
|
|-weather|SunnyDay|[upkeep]
|upkeep
|
|t:|1781315878
|switch|p1a: Red judas|Ceruledge, M|78/100
|-damage|p1a: Red judas|66/100|[from] Spikes
|turn|12
|
|t:|1781315881
|move|p1a: Red judas|Swords Dance|p1a: Red judas
|-boost|p1a: Red judas|atk|2
|move|p2a: Corviknight|Defog|p1a: Red judas
|-unboost|p1a: Red judas|evasion|1
|-sideend|p1: moth ily|Spikes|[from] move: Defog|[of] p2a: Corviknight
|-sideend|p2: LT_Alt1|Stealth Rock|[from] move: Defog|[of] p2a: Corviknight
|
|-weather|SunnyDay|[upkeep]
|upkeep
|turn|13
|
|t:|1781315897
|move|p1a: Red judas|Poltergeist|p2a: Corviknight
|-activate|p2a: Corviknight|move: Poltergeist|Rocky Helmet
|-damage|p2a: Corviknight|0 fnt
|faint|p2a: Corviknight
|
|-weather|none
|upkeep
|
|t:|1781315902
|switch|p2a: Kyurem|Kyurem|100/100
|-ability|p2a: Kyurem|Pressure
|turn|14
|
|t:|1781315907
|switch|p2a: Raging Bolt|Raging Bolt|46/100
|-terastallize|p1a: Red judas|Fairy
|move|p1a: Red judas|Bitter Blade|p2a: Raging Bolt
|-resisted|p2a: Raging Bolt
|-damage|p2a: Raging Bolt|1/100
|-heal|p1a: Red judas|95/100|[from] drain|[of] p2a: Raging Bolt
|
|upkeep
|turn|15
|
|t:|1781315913
|move|p1a: Red judas|Shadow Sneak|p2a: Raging Bolt
|-damage|p2a: Raging Bolt|0 fnt
|faint|p2a: Raging Bolt
|-end|p2a: Raging Bolt|Protosynthesis|[silent]
|
|upkeep
|
|t:|1781315926
|switch|p2a: Ting-Lu|Ting-Lu|86/100
|-ability|p2a: Ting-Lu|Vessel of Ruin
|turn|16
|
|t:|1781315932
|move|p1a: Red judas|Bitter Blade|p2a: Ting-Lu
|-damage|p2a: Ting-Lu|35/100
|-heal|p1a: Red judas|100/100|[from] drain|[of] p2a: Ting-Lu
|move|p2a: Ting-Lu|Whirlwind|p1a: Red judas
|drag|p1a: naruto|Ninetales, M|88/100
|-weather|SunnyDay|[from] ability: Drought|[of] p1a: naruto
|
|-weather|SunnyDay|[upkeep]
|-heal|p2a: Ting-Lu|41/100|[from] item: Leftovers
|upkeep
|turn|17
|
|t:|1781315940
|move|p1a: naruto|Encore|p2a: Ting-Lu
|-start|p2a: Ting-Lu|Encore
|move|p2a: Ting-Lu|Whirlwind|p1a: naruto
|drag|p1a: Red judas|Ceruledge, M, tera:Fairy|100/100
|
|-weather|SunnyDay|[upkeep]
|-heal|p2a: Ting-Lu|47/100|[from] item: Leftovers
|upkeep
|turn|18
|
|t:|1781315943
|move|p1a: Red judas|Bitter Blade|p2a: Ting-Lu
|-damage|p2a: Ting-Lu|13/100
|move|p2a: Ting-Lu|Whirlwind|p1a: Red judas
|drag|p1a: Walkenheimer|Walking Wake|100/100
|-activate|p1a: Walkenheimer|ability: Protosynthesis
|-start|p1a: Walkenheimer|protosynthesisspe
|
|-weather|SunnyDay|[upkeep]
|-heal|p2a: Ting-Lu|19/100|[from] item: Leftovers
|upkeep
|turn|19
|
|t:|1781315947
|move|p1a: Walkenheimer|Hydro Steam|p2a: Ting-Lu
|-supereffective|p2a: Ting-Lu
|-damage|p2a: Ting-Lu|0 fnt
|faint|p2a: Ting-Lu
|
|-weather|SunnyDay|[upkeep]
|upkeep
|
|t:|1781315949
|switch|p2a: Slowking|Slowking-Galar, M|100/100
|turn|20
|
|t:|1781315952
|move|p1a: Walkenheimer|Hydro Steam|p2a: Slowking
|-damage|p2a: Slowking|53/100
|-prepare|p2a: Slowking|Chilly Reception|[premajor]
|move|p2a: Slowking|Chilly Reception|p2a: Slowking
|-weather|Snowscape
|-end|p1a: Walkenheimer|Protosynthesis
|
|t:|1781315955
|switch|p2a: Kyurem|Kyurem|100/100|[from] Chilly Reception
|-ability|p2a: Kyurem|Pressure
|
|-weather|Snowscape|[upkeep]
|upkeep
|turn|21
|
|t:|1781315967
|move|p1a: Walkenheimer|Draco Meteor|p2a: Kyurem
|-supereffective|p2a: Kyurem
|-damage|p2a: Kyurem|0 fnt
|-unboost|p1a: Walkenheimer|spa|2
|faint|p2a: Kyurem
|
|-weather|Snowscape|[upkeep]
|upkeep
|-message|LT_Alt1 forfeited.
|
|win|moth ily
|raw|moth ily's rating: 1888 &rarr; <strong>1903</strong><br />(+15 for winning)
|raw|LT_Alt1's rating: 1805 &rarr; <strong>1790</strong><br />(-15 for losing)
|l|‽LT_Alt1
|player|p2|
