|j|☆goshdarnittt
|j|☆gyhe
|t:|1780951893
|gametype|singles
|player|p1|goshdarnittt|yellow|1548
|player|p2|gyhe|169|1567
|gen|9
|tier|[Gen 9] OU
|rated|
|rule|HP Percentage Mod: HP is shown in percentages
|rule|Endless Battle Clause: Forcing endless battles is banned
|rule|Species Clause: Limit one of each Pokémon
|rule|OHKO Clause: OHKO moves are banned
|rule|Evasion Items Clause: Evasion items are banned
|rule|Evasion Moves Clause: Evasion moves are banned
|rule|Evasion Abilities Clause: Evasion abilities are banned
|rule|Sleep Moves Clause: Sleep-inducing moves are banned
|clearpoke
|poke|p1|Pelipper, F|
|poke|p1|Golduck, M|
|poke|p1|Raging Bolt|
|poke|p1|Barraskewda, F|
|poke|p1|Tentacruel, M|
|poke|p1|Pawmot, F|
|poke|p2|Lokix, F|
|poke|p2|Pecharunt|
|poke|p2|Zamazenta-*|
|poke|p2|Ting-Lu|
|poke|p2|Latios, M|
|poke|p2|Gliscor, F|
|teampreview
|
|t:|1780951903
|teamsize|p1|6
|teamsize|p2|6
|start
|switch|p1a: Pelipper|Pelipper, F|100/100
|switch|p2a: Latios|Latios, M|100/100
|-weather|RainDance|[from] ability: Drizzle|[of] p1a: Pelipper
|turn|1
|
|t:|1780951906
|switch|p1a: Tentacruel|Tentacruel, M|100/100
|move|p2a: Latios|Draco Meteor|p1a: Tentacruel
|-damage|p1a: Tentacruel|58/100
|-unboost|p2a: Latios|spa|2
|
|-weather|RainDance|[upkeep]
|-heal|p1a: Tentacruel|64/100|[from] ability: Rain Dish
|upkeep
|turn|2
|inactive|Battle timer is ON: inactive players will automatically lose when time's up. (requested by goshdarnittt)
|
|t:|1780951918
|move|p2a: Latios|Flip Turn|p1a: Tentacruel
|-resisted|p1a: Tentacruel
|-damage|p1a: Tentacruel|48/100
|
|t:|1780951923
|switch|p2a: Gliscor|Gliscor, F|100/100|[from] Flip Turn
|move|p1a: Tentacruel|Flip Turn|p2a: Gliscor
|-supereffective|p2a: Gliscor
|-damage|p2a: Gliscor|63/100
|
|t:|1780951930
|switch|p1a: Golduck|Golduck, M|100/100|[from] Flip Turn
|
|-weather|RainDance|[upkeep]
|-status|p2a: Gliscor|tox|[from] item: Toxic Orb
|upkeep
|turn|3
|
|t:|1780951935
|move|p1a: Golduck|Nasty Plot|p1a: Golduck
|-boost|p1a: Golduck|spa|2
|move|p2a: Gliscor|U-turn|p1a: Golduck
|-damage|p1a: Golduck|80/100
|
|t:|1780951957
|switch|p2a: Ting-Lu|Ting-Lu|100/100|[from] U-turn
|-ability|p2a: Ting-Lu|Vessel of Ruin
|
|-weather|RainDance|[upkeep]
|upkeep
|turn|4
|
|t:|1780951965
|-terastallize|p2a: Ting-Lu|Ghost
|move|p1a: Golduck|Hydro Pump|p2a: Ting-Lu
|-damage|p2a: Ting-Lu|24/100
|-damage|p1a: Golduck|70/100|[from] item: Life Orb
|move|p2a: Ting-Lu|Earthquake|p1a: Golduck
|-crit|p1a: Golduck
|-damage|p1a: Golduck|0 fnt
|faint|p1a: Golduck
|
|-weather|RainDance|[upkeep]
|-heal|p2a: Ting-Lu|30/100|[from] item: Leftovers
|upkeep
|
|t:|1780951970
|switch|p1a: Barraskewda|Barraskewda, F|100/100
|turn|5
|
|t:|1780951977
|switch|p2a: Gliscor|Gliscor, F|63/100 tox
|move|p1a: Barraskewda|Flip Turn|p2a: Gliscor
|-supereffective|p2a: Gliscor
|-damage|p2a: Gliscor|0 fnt
|faint|p2a: Gliscor
|
|t:|1780951984
|switch|p1a: Tentacruel|Tentacruel, M|48/100|[from] Flip Turn
|
|-weather|RainDance|[upkeep]
|-heal|p1a: Tentacruel|54/100|[from] ability: Rain Dish
|upkeep
|
|t:|1780951996
|switch|p2a: Ting-Lu|Ting-Lu, tera:Ghost|30/100
|-ability|p2a: Ting-Lu|Vessel of Ruin
|turn|6
|
|t:|1780952000
|move|p1a: Tentacruel|Knock Off|p2a: Ting-Lu
|-supereffective|p2a: Ting-Lu
|-damage|p2a: Ting-Lu|12/100
|-enditem|p2a: Ting-Lu|Leftovers|[from] move: Knock Off|[of] p1a: Tentacruel
|move|p2a: Ting-Lu|Stealth Rock|p1a: Tentacruel
|-sidestart|p1: goshdarnittt|move: Stealth Rock
|
|-weather|RainDance|[upkeep]
|-heal|p1a: Tentacruel|60/100|[from] ability: Rain Dish
|upkeep
|turn|7
|
|t:|1780952005
|move|p1a: Tentacruel|Knock Off|p2a: Ting-Lu
|-supereffective|p2a: Ting-Lu
|-damage|p2a: Ting-Lu|0 fnt
|faint|p2a: Ting-Lu
|
|-weather|RainDance|[upkeep]
|-heal|p1a: Tentacruel|66/100|[from] ability: Rain Dish
|upkeep
|
|t:|1780952014
|switch|p2a: Latios|Latios, M|100/100
|turn|8
|
|t:|1780952019
|move|p2a: Latios|Psychic Noise|p1a: Tentacruel
|-supereffective|p1a: Tentacruel
|-damage|p1a: Tentacruel|20/100
|-start|p1a: Tentacruel|move: Heal Block
|move|p1a: Tentacruel|Rapid Spin|p2a: Latios
|-damage|p2a: Latios|88/100
|-boost|p1a: Tentacruel|spe|1
|-sideend|p1: goshdarnittt|Stealth Rock|[from] move: Rapid Spin|[of] p1a: Tentacruel
|
|-weather|none
|upkeep
|turn|9
|
|t:|1780952028
|move|p1a: Tentacruel|Knock Off|p2a: Latios
|-supereffective|p2a: Latios
|-damage|p2a: Latios|46/100
|-enditem|p2a: Latios|Soul Dew|[from] move: Knock Off|[of] p1a: Tentacruel
|move|p2a: Latios|Psychic Noise|p1a: Tentacruel
|-supereffective|p1a: Tentacruel
|-damage|p1a: Tentacruel|0 fnt
|faint|p1a: Tentacruel
|
|upkeep
|
|t:|1780952031
|switch|p1a: Pelipper|Pelipper, F|100/100
|-weather|RainDance|[from] ability: Drizzle|[of] p1a: Pelipper
|turn|10
|
|t:|1780952040
|move|p2a: Latios|Recover|p2a: Latios
|-heal|p2a: Latios|96/100
|move|p1a: Pelipper|U-turn|p2a: Latios
|-supereffective|p2a: Latios
|-damage|p2a: Latios|71/100
|
|t:|1780952046
|switch|p1a: Raging Bolt|Raging Bolt|100/100|[from] U-turn
|
|-weather|RainDance|[upkeep]
|upkeep
|turn|11
|
|t:|1780952050
|-terastallize|p1a: Raging Bolt|Fairy
|move|p2a: Latios|Flip Turn|p1a: Raging Bolt
|-damage|p1a: Raging Bolt|86/100
|inactive|gyhe has 120 seconds left.
|
|t:|1780952082
|switch|p2a: Zamazenta|Zamazenta|100/100|[from] Flip Turn
|-ability|p2a: Zamazenta|Dauntless Shield|boost
|-boost|p2a: Zamazenta|def|1
|move|p1a: Raging Bolt|Draco Meteor|p2a: Zamazenta
|-damage|p2a: Zamazenta|9/100
|-unboost|p1a: Raging Bolt|spa|2
|-damage|p1a: Raging Bolt|76/100|[from] item: Life Orb
|
|-weather|RainDance|[upkeep]
|upkeep
|turn|12
|
|t:|1780952098
|switch|p2a: Pecharunt|Pecharunt|100/100
|move|p1a: Raging Bolt|Thunder|p2a: Pecharunt
|-damage|p2a: Pecharunt|57/100
|-damage|p1a: Raging Bolt|66/100|[from] item: Life Orb
|
|-weather|RainDance|[upkeep]
|upkeep
|turn|13
|
|t:|1780952109
|-end|p1a: Raging Bolt|Protosynthesis|[silent]
|switch|p1a: Pawmot|Pawmot, F|100/100
|move|p2a: Pecharunt|Recover|p2a: Pecharunt
|-heal|p2a: Pecharunt|100/100
|
|-weather|RainDance|[upkeep]
|upkeep
|turn|14
|
|t:|1780952113
|move|p1a: Pawmot|Encore|p2a: Pecharunt
|-start|p2a: Pecharunt|Encore
|move|p2a: Pecharunt|Recover||[still]
|-fail|p2a: Pecharunt|heal
|
|-weather|RainDance|[upkeep]
|upkeep
|turn|15
|
|t:|1780952117
|switch|p2a: Latios|Latios, M|71/100
|move|p1a: Pawmot|Revival Blessing|p1a: Pawmot
|-enditem|p1a: Pawmot|Leppa Berry|[eat]
|-activate|p1a: Pawmot|item: Leppa Berry|Revival Blessing|[consumed]
|
|t:|1780952126
|-heal|p1: Golduck|50/100|[from] move: Revival Blessing
|
|-weather|RainDance|[upkeep]
|upkeep
|turn|16
|
|t:|1780952131
|move|p2a: Latios|Psychic Noise|p1a: Pawmot
|-supereffective|p1a: Pawmot
|-damage|p1a: Pawmot|0 fnt
|faint|p1a: Pawmot
|
|-weather|RainDance|[upkeep]
|upkeep
|
|t:|1780952140
|switch|p1a: Golduck|Golduck, M|50/100
|turn|17
|
|t:|1780952143
|switch|p2a: Zamazenta|Zamazenta|9/100
|move|p1a: Golduck|Ice Beam|p2a: Zamazenta
|-damage|p2a: Zamazenta|0 fnt
|faint|p2a: Zamazenta
|-damage|p1a: Golduck|40/100|[from] item: Life Orb
|
|-weather|none
|upkeep
|
|t:|1780952147
|switch|p2a: Latios|Latios, M|71/100
|turn|18
|
|t:|1780952156
|switch|p1a: Pelipper|Pelipper, F|100/100
|-weather|RainDance|[from] ability: Drizzle|[of] p1a: Pelipper
|move|p2a: Latios|Recover|p2a: Latios
|-heal|p2a: Latios|100/100
|
|-weather|RainDance|[upkeep]
|upkeep
|turn|19
|
|t:|1780952166
|move|p2a: Latios|Draco Meteor|p1a: Pelipper
|-damage|p1a: Pelipper|3/100
|-unboost|p2a: Latios|spa|2
|move|p1a: Pelipper|U-turn|p2a: Latios
|-supereffective|p2a: Latios
|-damage|p2a: Latios|79/100
|
|t:|1780952170
|switch|p1a: Golduck|Golduck, M|40/100|[from] U-turn
|
|-weather|RainDance|[upkeep]
|upkeep
|turn|20
|
|t:|1780952177
|move|p1a: Golduck|Ice Beam|p2a: Latios
|-supereffective|p2a: Latios
|-damage|p2a: Latios|6/100
|-damage|p1a: Golduck|30/100|[from] item: Life Orb
|move|p2a: Latios|Flip Turn|p1a: Golduck
|-resisted|p1a: Golduck
|-damage|p1a: Golduck|17/100
|
|t:|1780952181
|switch|p2a: Lokix|Lokix, F|100/100|[from] Flip Turn
|
|-weather|RainDance|[upkeep]
|upkeep
|turn|21
|
|t:|1780952189
|switch|p1a: Pelipper|Pelipper, F|3/100
|move|p2a: Lokix|First Impression|p1a: Pelipper
|-resisted|p1a: Pelipper
|-damage|p1a: Pelipper|0 fnt
|faint|p1a: Pelipper
|
|-weather|RainDance|[upkeep]
|upkeep
|
|t:|1780952202
|switch|p1a: Raging Bolt|Raging Bolt, tera:Fairy|66/100
|turn|22
|
|t:|1780952222
|move|p2a: Lokix|U-turn|p1a: Raging Bolt
|-resisted|p1a: Raging Bolt
|-damage|p1a: Raging Bolt|40/100
|
|t:|1780952225
|switch|p2a: Latios|Latios, M|6/100|[from] U-turn
|move|p1a: Raging Bolt|Thunder|p2a: Latios
|-resisted|p2a: Latios
|-damage|p2a: Latios|0 fnt
|faint|p2a: Latios
|-damage|p1a: Raging Bolt|30/100|[from] item: Life Orb
|
|-weather|RainDance|[upkeep]
|upkeep
|
|t:|1780952226
|switch|p2a: Lokix|Lokix, F|100/100
|turn|23
|
|t:|1780952237
|-end|p1a: Raging Bolt|Protosynthesis|[silent]
|switch|p1a: Golduck|Golduck, M|17/100
|move|p2a: Lokix|First Impression|p1a: Golduck
|-damage|p1a: Golduck|0 fnt
|faint|p1a: Golduck
|
|-weather|RainDance|[upkeep]
|upkeep
|
|t:|1780952238
|switch|p1a: Barraskewda|Barraskewda, F|100/100
|turn|24
|
|t:|1780952242
|move|p2a: Lokix|Sucker Punch|p1a: Barraskewda
|-damage|p1a: Barraskewda|28/100
|move|p1a: Barraskewda|Liquidation|p2a: Lokix
|-damage|p2a: Lokix|0 fnt
|faint|p2a: Lokix
|
|-weather|RainDance|[upkeep]
|upkeep
|
|t:|1780952244
|switch|p2a: Pecharunt|Pecharunt|100/100
|turn|25
|
|t:|1780952249
|move|p1a: Barraskewda|Liquidation|p2a: Pecharunt
|-damage|p2a: Pecharunt|61/100
|-unboost|p2a: Pecharunt|def|1
|move|p2a: Pecharunt|Malignant Chain|p1a: Barraskewda
|-damage|p1a: Barraskewda|0 fnt
|faint|p1a: Barraskewda
|
|-weather|none
|upkeep
|
|t:|1780952252
|switch|p1a: Raging Bolt|Raging Bolt, tera:Fairy|30/100
|turn|26
|
|t:|1780952256
|move|p2a: Pecharunt|Malignant Chain|p1a: Raging Bolt
|-supereffective|p1a: Raging Bolt
|-damage|p1a: Raging Bolt|0 fnt
|faint|p1a: Raging Bolt
|-end|p1a: Raging Bolt|Protosynthesis|[silent]
|
|win|gyhe
|raw|goshdarnittt's rating: 1548 &rarr; <strong>1529</strong><br />(-19 for losing)
|raw|gyhe's rating: 1567 &rarr; <strong>1586</strong><br />(+19 for winning)
|l|☆goshdarnittt
|player|p1|
|c|☆gyhe|wow
