|j|☆life orb trump
|j|☆Mysterious Soop
|t:|1781271418
|gametype|singles
|player|p1|life orb trump|lucas|1646
|player|p2|Mysterious Soop|266|1590
|gen|9
|tier|[Gen 9] OU
|rated|
|rule|HP Percentage Mod: HP is shown in percentages
|rule|Endless Battle Clause: Forcing endless battles is banned
|rule|Species Clause: Limit one of each Pokémon
|rule|OHKO Clause: OHKO moves are banned
|rule|Evasion Items Clause: Evasion items are banned
|rule|Evasion Moves Clause: Evasion moves are banned
|rule|Evasion Abilities Clause: Evasion abilities are banned
|rule|Sleep Moves Clause: Sleep-inducing moves are banned
|clearpoke
|poke|p1|Ogerpon-Wellspring, F|
|poke|p1|Raging Bolt|
|poke|p1|Glimmora, F|
|poke|p1|Gholdengo|
|poke|p1|Hoopa-Unbound|
|poke|p1|Zamazenta-*|
|poke|p2|Excadrill, F|
|poke|p2|Tyranitar, F|
|poke|p2|Hydrapple, M|
|poke|p2|Gholdengo|
|poke|p2|Alomomola, M|
|poke|p2|Hatterene, F|
|teampreview
|inactive|Battle timer is ON: inactive players will automatically lose when time's up. (requested by life orb trump)
|
|t:|1781271472
|teamsize|p1|6
|teamsize|p2|6
|start
|switch|p1a: Ogerpon|Ogerpon-Wellspring, F|100/100
|switch|p2a: Tyranitar|Tyranitar, F|100/100
|-weather|Sandstorm|[from] ability: Sand Stream|[of] p2a: Tyranitar
|turn|1
|
|t:|1781271481
|move|p1a: Ogerpon|Knock Off|p2a: Tyranitar
|-resisted|p2a: Tyranitar
|-damage|p2a: Tyranitar|84/100
|-enditem|p2a: Tyranitar|Choice Band|[from] move: Knock Off|[of] p1a: Ogerpon
|move|p2a: Tyranitar|Stone Edge|p1a: Ogerpon
|-crit|p1a: Ogerpon
|-damage|p1a: Ogerpon|0 fnt
|faint|p1a: Ogerpon
|
|-weather|Sandstorm|[upkeep]
|upkeep
|
|t:|1781271496
|switch|p1a: Glimmora|Glimmora, F|100/100
|turn|2
|
|t:|1781271511
|move|p1a: Glimmora|Stealth Rock|p2a: Tyranitar
|-sidestart|p2: Mysterious Soop|move: Stealth Rock
|move|p2a: Tyranitar|Earthquake|p1a: Glimmora
|-supereffective|p1a: Glimmora
|-enditem|p1a: Glimmora|Focus Sash
|-damage|p1a: Glimmora|1/100
|-activate|p1a: Glimmora|ability: Toxic Debris
|-sidestart|p2: Mysterious Soop|move: Toxic Spikes
|
|-weather|Sandstorm|[upkeep]
|upkeep
|turn|3
|
|t:|1781271519
|move|p1a: Glimmora|Earth Power|p2a: Tyranitar
|-supereffective|p2a: Tyranitar
|-damage|p2a: Tyranitar|49/100
|move|p2a: Tyranitar|Knock Off|p1a: Glimmora
|-damage|p1a: Glimmora|0 fnt
|-activate|p1a: Glimmora|ability: Toxic Debris
|-sidestart|p2: Mysterious Soop|move: Toxic Spikes
|faint|p1a: Glimmora
|
|-weather|Sandstorm|[upkeep]
|upkeep
|
|t:|1781271535
|switch|p1a: Zamazenta|Zamazenta|100/100
|-ability|p1a: Zamazenta|Dauntless Shield|boost
|-boost|p1a: Zamazenta|def|1
|turn|4
|
|t:|1781271551
|switch|p2a: Alomomola|Alomomola, M|100/100
|-damage|p2a: Alomomola|88/100|[from] Stealth Rock
|-status|p2a: Alomomola|tox
|move|p1a: Zamazenta|Close Combat|p2a: Alomomola
|-damage|p2a: Alomomola|46/100 tox
|-unboost|p1a: Zamazenta|def|1
|-unboost|p1a: Zamazenta|spd|1
|-damage|p1a: Zamazenta|84/100|[from] item: Rocky Helmet|[of] p2a: Alomomola
|-damage|p1a: Zamazenta|74/100|[from] item: Life Orb
|
|-weather|Sandstorm|[upkeep]
|-damage|p1a: Zamazenta|68/100|[from] Sandstorm
|-damage|p2a: Alomomola|39/100 tox|[from] Sandstorm
|-damage|p2a: Alomomola|33/100 tox|[from] psn
|upkeep
|turn|5
|
|t:|1781271559
|switch|p2a: Gholdengo|Gholdengo|100/100
|-damage|p2a: Gholdengo|94/100|[from] Stealth Rock
|move|p1a: Zamazenta|Close Combat|p2a: Gholdengo
|-immune|p2a: Gholdengo
|
|-weather|none
|upkeep
|turn|6
|
|t:|1781271569
|switch|p1a: Hoopa|Hoopa-Unbound|100/100
|move|p2a: Gholdengo|Dazzling Gleam|p1a: Hoopa
|-supereffective|p1a: Hoopa
|-crit|p1a: Hoopa
|-damage|p1a: Hoopa|57/100
|
|upkeep
|turn|7
|
|t:|1781271578
|switch|p2a: Tyranitar|Tyranitar, F|49/100
|-damage|p2a: Tyranitar|36/100|[from] Stealth Rock
|-status|p2a: Tyranitar|tox
|-weather|Sandstorm|[from] ability: Sand Stream|[of] p2a: Tyranitar
|move|p1a: Hoopa|Knock Off|p2a: Tyranitar
|-resisted|p2a: Tyranitar
|-damage|p2a: Tyranitar|22/100 tox
|
|-weather|Sandstorm|[upkeep]
|-damage|p1a: Hoopa|50/100|[from] Sandstorm
|-damage|p2a: Tyranitar|16/100 tox|[from] psn
|upkeep
|turn|8
|
|t:|1781271585
|switch|p1a: Zamazenta|Zamazenta|68/100
|move|p2a: Tyranitar|Knock Off|p1a: Zamazenta
|-resisted|p1a: Zamazenta
|-damage|p1a: Zamazenta|40/100
|-enditem|p1a: Zamazenta|Life Orb|[from] move: Knock Off|[of] p2a: Tyranitar
|
|-weather|Sandstorm|[upkeep]
|-damage|p1a: Zamazenta|34/100|[from] Sandstorm
|-damage|p2a: Tyranitar|4/100 tox|[from] psn
|upkeep
|turn|9
|
|t:|1781271589
|move|p1a: Zamazenta|Close Combat|p2a: Tyranitar
|-supereffective|p2a: Tyranitar
|-damage|p2a: Tyranitar|0 fnt
|-unboost|p1a: Zamazenta|def|1
|-unboost|p1a: Zamazenta|spd|1
|faint|p2a: Tyranitar
|
|-weather|Sandstorm|[upkeep]
|-damage|p1a: Zamazenta|28/100|[from] Sandstorm
|upkeep
|
|t:|1781271595
|switch|p2a: Excadrill|Excadrill, F|100/100
|-damage|p2a: Excadrill|97/100|[from] Stealth Rock
|turn|10
|
|t:|1781271598
|switch|p1a: Gholdengo|Gholdengo|100/100
|-item|p1a: Gholdengo|Air Balloon
|move|p2a: Excadrill|Earthquake|p1a: Gholdengo
|-immune|p1a: Gholdengo
|
|-weather|Sandstorm|[upkeep]
|-heal|p2a: Excadrill|100/100|[from] item: Leftovers
|upkeep
|turn|11
|
|t:|1781271602
|move|p2a: Excadrill|Iron Head|p1a: Gholdengo
|-resisted|p1a: Gholdengo
|-damage|p1a: Gholdengo|84/100
|-enditem|p1a: Gholdengo|Air Balloon
|move|p1a: Gholdengo|Hex|p2a: Excadrill
|-damage|p2a: Excadrill|62/100
|
|-weather|none
|-heal|p2a: Excadrill|68/100|[from] item: Leftovers
|upkeep
|turn|12
|
|t:|1781271612
|move|p2a: Excadrill|Earthquake|p1a: Gholdengo
|-supereffective|p1a: Gholdengo
|-damage|p1a: Gholdengo|0 fnt
|faint|p1a: Gholdengo
|
|-heal|p2a: Excadrill|74/100|[from] item: Leftovers
|upkeep
|
|t:|1781271614
|switch|p1a: Zamazenta|Zamazenta|28/100
|turn|13
|
|t:|1781271620
|switch|p2a: Alomomola|Alomomola, M|67/100 tox
|-damage|p2a: Alomomola|54/100 tox|[from] Stealth Rock
|-terastallize|p1a: Zamazenta|Dark
|move|p1a: Zamazenta|Crunch|p2a: Alomomola
|-damage|p2a: Alomomola|32/100 tox
|-damage|p1a: Zamazenta|11/100|[from] item: Rocky Helmet|[of] p2a: Alomomola
|
|-damage|p2a: Alomomola|26/100 tox|[from] psn
|upkeep
|turn|14
|
|t:|1781271624
|move|p1a: Zamazenta|Crunch|p2a: Alomomola
|-damage|p2a: Alomomola|6/100 tox
|-unboost|p2a: Alomomola|def|1
|-damage|p1a: Zamazenta|0 fnt|[from] item: Rocky Helmet|[of] p2a: Alomomola
|faint|p1a: Zamazenta
|move|p2a: Alomomola|Flip Turn|p1: Zamazenta|[notarget]
|-fail|p2a: Alomomola
|
|-damage|p2a: Alomomola|0 fnt|[from] psn
|faint|p2a: Alomomola
|upkeep
|
|t:|1781271635
|switch|p1a: Hoopa|Hoopa-Unbound|50/100
|switch|p2a: Hatterene|Hatterene, F|100/100
|-damage|p2a: Hatterene|88/100|[from] Stealth Rock
|-status|p2a: Hatterene|tox
|turn|15
|
|t:|1781271639
|move|p1a: Hoopa|Knock Off|p2a: Hatterene
|-damage|p2a: Hatterene|32/100 tox
|-enditem|p2a: Hatterene|Assault Vest|[from] move: Knock Off|[of] p1a: Hoopa
|move|p2a: Hatterene|Nuzzle|p1a: Hoopa
|-damage|p1a: Hoopa|46/100
|-status|p1a: Hoopa|par
|
|-damage|p2a: Hatterene|26/100 tox|[from] psn
|upkeep
|turn|16
|
|t:|1781271646
|move|p2a: Hatterene|Draining Kiss|p1a: Hoopa
|-supereffective|p1a: Hoopa
|-damage|p1a: Hoopa|25/100 par
|-heal|p2a: Hatterene|44/100 tox|[from] drain|[of] p1a: Hoopa
|move|p1a: Hoopa|Knock Off|p2a: Hatterene
|-crit|p2a: Hatterene
|-damage|p2a: Hatterene|0 fnt
|faint|p2a: Hatterene
|
|upkeep
|
|t:|1781271658
|switch|p2a: Excadrill|Excadrill, F|74/100
|-damage|p2a: Excadrill|71/100|[from] Stealth Rock
|turn|17
|
|t:|1781271661
|move|p2a: Excadrill|Earthquake|p1a: Hoopa
|-damage|p1a: Hoopa|0 fnt
|faint|p1a: Hoopa
|
|-heal|p2a: Excadrill|78/100|[from] item: Leftovers
|upkeep
|
|t:|1781271663
|switch|p1a: Raging Bolt|Raging Bolt|100/100
|-enditem|p1a: Raging Bolt|Booster Energy
|-activate|p1a: Raging Bolt|ability: Protosynthesis|[fromitem]
|-start|p1a: Raging Bolt|protosynthesisspa
|turn|18
|
|t:|1781271669
|-terastallize|p2a: Excadrill|Ground
|move|p2a: Excadrill|Earthquake|p1a: Raging Bolt
|-supereffective|p1a: Raging Bolt
|-damage|p1a: Raging Bolt|0 fnt
|faint|p1a: Raging Bolt
|-end|p1a: Raging Bolt|Protosynthesis|[silent]
|
|win|Mysterious Soop
|raw|life orb trump's rating: 1646 &rarr; <strong>1623</strong><br />(-23 for losing)
|raw|Mysterious Soop's rating: 1590 &rarr; <strong>1613</strong><br />(+23 for winning)
|c|☆Mysterious Soop|ggs
|l|☆life orb trump
|player|p1|
|l|☆Mysterious Soop
|player|p2|
