|j|☆swiscool
|j|☆tuanquewang
|t:|1780980486
|gametype|singles
|player|p1|swiscool|169|1630
|player|p2|tuanquewang|backersf|1632
|gen|9
|tier|[Gen 9] OU
|rated|
|rule|HP Percentage Mod: HP is shown in percentages
|rule|Endless Battle Clause: Forcing endless battles is banned
|rule|Species Clause: Limit one of each Pokémon
|rule|OHKO Clause: OHKO moves are banned
|rule|Evasion Items Clause: Evasion items are banned
|rule|Evasion Moves Clause: Evasion moves are banned
|rule|Evasion Abilities Clause: Evasion abilities are banned
|rule|Sleep Moves Clause: Sleep-inducing moves are banned
|clearpoke
|poke|p1|Rillaboom, F|
|poke|p1|Zarude|
|poke|p1|Kingambit, M|
|poke|p1|Ting-Lu|
|poke|p1|Zamazenta-*|
|poke|p1|Slowking-Galar, M|
|poke|p2|Slowking-Galar, M|
|poke|p2|Hydrapple, F|
|poke|p2|Cinderace, M|
|poke|p2|Alomomola, F|
|poke|p2|Mamoswine, M|
|poke|p2|Gholdengo|
|teampreview
|inactive|Battle timer is ON: inactive players will automatically lose when time's up. (requested by tuanquewang)
|
|t:|1780980500
|teamsize|p1|6
|teamsize|p2|6
|start
|switch|p1a: Slowking|Slowking-Galar, M|100/100
|switch|p2a: Cinderace|Cinderace, M|100/100
|turn|1
|
|t:|1780980510
|move|p2a: Cinderace|Pyro Ball|p1a: Slowking
|-damage|p1a: Slowking|37/100
|move|p1a: Slowking|Toxic|p2a: Cinderace
|-status|p2a: Cinderace|tox
|
|-damage|p2a: Cinderace|95/100 tox|[from] psn
|upkeep
|turn|2
|
|t:|1780980515
|switch|p1a: Ting-Lu|Ting-Lu|100/100
|-ability|p1a: Ting-Lu|Vessel of Ruin
|move|p2a: Cinderace|U-turn|p1a: Ting-Lu
|-start|p2a: Cinderace|typechange|Bug|[from] ability: Libero
|-supereffective|p1a: Ting-Lu
|-damage|p1a: Ting-Lu|62/100
|
|t:|1780980519
|switch|p2a: Mamoswine|Mamoswine, M|100/100|[from] U-turn
|
|-heal|p1a: Ting-Lu|68/100|[from] item: Leftovers
|upkeep
|turn|3
|
|t:|1780980527
|switch|p1a: Zamazenta|Zamazenta|100/100
|-ability|p1a: Zamazenta|Dauntless Shield|boost
|-boost|p1a: Zamazenta|def|1
|move|p2a: Mamoswine|Icicle Crash|p1a: Zamazenta|[miss]
|-miss|p2a: Mamoswine|p1a: Zamazenta
|
|upkeep
|turn|4
|
|t:|1780980535
|switch|p2a: Alomomola|Alomomola, F|100/100
|move|p1a: Zamazenta|Iron Defense|p1a: Zamazenta
|-boost|p1a: Zamazenta|def|2
|
|upkeep
|turn|5
|
|t:|1780980548
|move|p1a: Zamazenta|Body Press|p2a: Alomomola
|-damage|p2a: Alomomola|59/100
|move|p2a: Alomomola|Flip Turn|p1a: Zamazenta
|-damage|p1a: Zamazenta|95/100
|
|t:|1780980550
|switch|p2a: Slowking|Slowking-Galar, M|100/100|[from] Flip Turn
|
|-heal|p1a: Zamazenta|100/100|[from] item: Leftovers
|upkeep
|turn|6
|
|t:|1780980557
|move|p1a: Zamazenta|Crunch|p2a: Slowking
|-supereffective|p2a: Slowking
|-damage|p2a: Slowking|57/100
|move|p2a: Slowking|Toxic|p1a: Zamazenta
|-status|p1a: Zamazenta|tox
|
|-heal|p2a: Slowking|63/100|[from] item: Black Sludge
|-damage|p1a: Zamazenta|94/100 tox|[from] psn
|upkeep
|turn|7
|
|t:|1780980569
|switch|p1a: Rillaboom|Rillaboom, F|100/100
|-fieldstart|move: Grassy Terrain|[from] ability: Grassy Surge|[of] p1a: Rillaboom
|switch|p2a: Alomomola|Alomomola, F|93/100
|
|-heal|p2a: Alomomola|99/100|[from] Grassy Terrain
|-heal|p2a: Alomomola|100/100|[from] item: Leftovers
|upkeep
|turn|8
|
|t:|1780980572
|switch|p2a: Hydrapple|Hydrapple, F, shiny|100/100
|move|p1a: Rillaboom|U-turn|p2a: Hydrapple
|-supereffective|p2a: Hydrapple
|-damage|p2a: Hydrapple|42/100
|
|t:|1780980578
|switch|p1a: Zarude|Zarude|100/100|[from] U-turn
|
|-heal|p2a: Hydrapple|48/100|[from] Grassy Terrain
|upkeep
|turn|9
|
|t:|1780980587
|move|p1a: Zarude|Knock Off|p2a: Hydrapple
|-crit|p2a: Hydrapple
|-damage|p2a: Hydrapple|0 fnt
|-enditem|p2a: Hydrapple|Choice Specs|[from] move: Knock Off|[of] p1a: Zarude
|faint|p2a: Hydrapple
|
|upkeep
|
|t:|1780980592
|switch|p2a: Cinderace|Cinderace, M|95/100 tox
|turn|10
|j| DA COME UP
|
|t:|1780980601
|switch|p1a: Zamazenta|Zamazenta|94/100 tox
|move|p2a: Cinderace|U-turn|p1a: Zamazenta
|-start|p2a: Cinderace|typechange|Bug|[from] ability: Libero
|-resisted|p1a: Zamazenta
|-damage|p1a: Zamazenta|82/100 tox
|
|t:|1780980606
|switch|p2a: Alomomola|Alomomola, F|100/100|[from] U-turn
|
|-heal|p1a: Zamazenta|88/100 tox|[from] Grassy Terrain
|-heal|p1a: Zamazenta|94/100 tox|[from] item: Leftovers
|-damage|p1a: Zamazenta|88/100 tox|[from] psn
|upkeep
|turn|11
|
|t:|1780980619
|move|p1a: Zamazenta|Iron Defense|p1a: Zamazenta
|-boost|p1a: Zamazenta|def|2
|move|p2a: Alomomola|Flip Turn|p1a: Zamazenta
|-crit|p1a: Zamazenta
|-damage|p1a: Zamazenta|69/100 tox
|
|t:|1780980621
|switch|p2a: Slowking|Slowking-Galar, M|97/100|[from] Flip Turn
|
|-heal|p1a: Zamazenta|75/100 tox|[from] Grassy Terrain
|-heal|p1a: Zamazenta|81/100 tox|[from] item: Leftovers
|-heal|p2a: Slowking|100/100|[from] Grassy Terrain
|-damage|p1a: Zamazenta|69/100 tox|[from] psn
|-fieldend|move: Grassy Terrain
|upkeep
|turn|12
|
|t:|1780980629
|move|p1a: Zamazenta|Crunch|p2a: Slowking
|-supereffective|p2a: Slowking
|-damage|p2a: Slowking|57/100
|-unboost|p2a: Slowking|def|1
|move|p2a: Slowking|Psychic Noise|p1a: Zamazenta
|-supereffective|p1a: Zamazenta
|-damage|p1a: Zamazenta|25/100 tox
|-start|p1a: Zamazenta|move: Heal Block
|
|-heal|p2a: Slowking|63/100|[from] item: Black Sludge
|-damage|p1a: Zamazenta|7/100 tox|[from] psn
|upkeep
|turn|13
|j| rizz of reko
|
|t:|1780980638
|switch|p2a: Alomomola|Alomomola, F|100/100
|move|p1a: Zamazenta|Body Press|p2a: Alomomola
|-damage|p2a: Alomomola|63/100
|
|-heal|p2a: Alomomola|69/100|[from] item: Leftovers
|-damage|p1a: Zamazenta|0 fnt|[from] psn
|faint|p1a: Zamazenta
|upkeep
|
|t:|1780980642
|switch|p1a: Rillaboom|Rillaboom, F|100/100
|-fieldstart|move: Grassy Terrain|[from] ability: Grassy Surge|[of] p1a: Rillaboom
|turn|14
|
|t:|1780980646
|move|p2a: Alomomola|Protect|p2a: Alomomola
|-singleturn|p2a: Alomomola|Protect
|move|p1a: Rillaboom|Wood Hammer|p2a: Alomomola
|-activate|p2a: Alomomola|move: Protect
|
|-heal|p2a: Alomomola|76/100|[from] Grassy Terrain
|-heal|p2a: Alomomola|82/100|[from] item: Leftovers
|upkeep
|turn|15
|
|t:|1780980650
|switch|p2a: Slowking|Slowking-Galar, M|96/100
|move|p1a: Rillaboom|Wood Hammer|p2a: Slowking
|-resisted|p2a: Slowking
|-damage|p2a: Slowking|32/100
|-damage|p1a: Rillaboom|76/100|[from] Recoil
|
|-heal|p1a: Rillaboom|82/100|[from] Grassy Terrain
|-heal|p2a: Slowking|38/100|[from] Grassy Terrain
|-heal|p2a: Slowking|44/100|[from] item: Black Sludge
|upkeep
|turn|16
|
|t:|1780980656
|switch|p2a: Cinderace|Cinderace, M|95/100 tox
|move|p1a: Rillaboom|Wood Hammer|p2a: Cinderace
|-resisted|p2a: Cinderace
|-damage|p2a: Cinderace|3/100 tox
|-damage|p1a: Rillaboom|56/100|[from] Recoil
|
|-heal|p2a: Cinderace|9/100 tox|[from] Grassy Terrain
|-heal|p1a: Rillaboom|62/100|[from] Grassy Terrain
|-damage|p2a: Cinderace|3/100 tox|[from] psn
|upkeep
|turn|17
|
|t:|1780980663
|switch|p1a: Ting-Lu|Ting-Lu|68/100
|-ability|p1a: Ting-Lu|Vessel of Ruin
|move|p2a: Cinderace|U-turn|p1a: Ting-Lu
|-start|p2a: Cinderace|typechange|Bug|[from] ability: Libero
|-supereffective|p1a: Ting-Lu
|-damage|p1a: Ting-Lu|33/100
|
|t:|1780980671
|switch|p2a: Mamoswine|Mamoswine, M|100/100|[from] U-turn
|
|-heal|p1a: Ting-Lu|39/100|[from] Grassy Terrain
|-heal|p1a: Ting-Lu|46/100|[from] item: Leftovers
|upkeep
|turn|18
|
|t:|1780980676
|switch|p1a: Kingambit|Kingambit, M|100/100
|-activate|p1a: Kingambit|ability: Supreme Overlord
|-start|p1a: Kingambit|fallen1|[silent]
|move|p2a: Mamoswine|Earthquake|p1a: Kingambit
|-supereffective|p1a: Kingambit
|-damage|p1a: Kingambit|32/100
|
|-heal|p1a: Kingambit|39/100|[from] Grassy Terrain
|-heal|p1a: Kingambit|45/100|[from] item: Leftovers
|-fieldend|move: Grassy Terrain
|upkeep
|turn|19
|
|t:|1780980688
|-end|p1a: Kingambit|fallen1|[silent]
|switch|p1a: Rillaboom|Rillaboom, F|62/100
|-fieldstart|move: Grassy Terrain|[from] ability: Grassy Surge|[of] p1a: Rillaboom
|move|p2a: Mamoswine|Earthquake|p1a: Rillaboom
|-resisted|p1a: Rillaboom
|-damage|p1a: Rillaboom|39/100
|
|-heal|p1a: Rillaboom|45/100|[from] Grassy Terrain
|upkeep
|turn|20
|
|t:|1780980695
|switch|p2a: Alomomola|Alomomola, F|100/100
|move|p1a: Rillaboom|Wood Hammer|p2a: Alomomola
|-supereffective|p2a: Alomomola
|-damage|p2a: Alomomola|0 fnt
|faint|p2a: Alomomola
|-damage|p1a: Rillaboom|0 fnt|[from] Recoil
|faint|p1a: Rillaboom
|
|upkeep
|
|t:|1780980703
|switch|p1a: Zarude|Zarude|100/100
|switch|p2a: Cinderace|Cinderace, M|3/100 tox
|turn|21
|
|t:|1780980706
|move|p1a: Zarude|Grassy Glide|p2a: Cinderace
|-resisted|p2a: Cinderace
|-damage|p2a: Cinderace|0 fnt
|faint|p2a: Cinderace
|
|upkeep
|l| DA COME UP
|
|t:|1780980726
|switch|p2a: Gholdengo|Gholdengo, shiny|100/100
|turn|22
|
|t:|1780980732
|switch|p1a: Kingambit|Kingambit, M|45/100
|-activate|p1a: Kingambit|ability: Supreme Overlord
|-start|p1a: Kingambit|fallen2|[silent]
|move|p2a: Gholdengo|Shadow Ball|p1a: Kingambit
|-resisted|p1a: Kingambit
|-damage|p1a: Kingambit|21/100
|
|-heal|p1a: Kingambit|27/100|[from] Grassy Terrain
|-heal|p1a: Kingambit|33/100|[from] item: Leftovers
|upkeep
|turn|23
|
|t:|1780980738
|switch|p2a: Slowking|Slowking-Galar, M|77/100
|move|p1a: Kingambit|Kowtow Cleave|p2a: Slowking
|-supereffective|p2a: Slowking
|-damage|p2a: Slowking|0 fnt
|faint|p2a: Slowking
|
|-heal|p1a: Kingambit|39/100|[from] Grassy Terrain
|-heal|p1a: Kingambit|45/100|[from] item: Leftovers
|-fieldend|move: Grassy Terrain
|upkeep
|
|t:|1780980749
|switch|p2a: Mamoswine|Mamoswine, M|100/100
|turn|24
|
|t:|1780980762
|-end|p1a: Kingambit|fallen2|[silent]
|switch|p1a: Ting-Lu|Ting-Lu|46/100
|-ability|p1a: Ting-Lu|Vessel of Ruin
|move|p2a: Mamoswine|Earthquake|p1a: Ting-Lu
|-damage|p1a: Ting-Lu|0 fnt
|faint|p1a: Ting-Lu
|
|upkeep
|j| DA COME UP
|
|t:|1780980766
|switch|p1a: Zarude|Zarude|100/100
|turn|25
|
|t:|1780980770
|move|p1a: Zarude|Power Whip|p2a: Mamoswine|[miss]
|-miss|p1a: Zarude|p2a: Mamoswine
|move|p2a: Mamoswine|Earthquake|p1a: Zarude
|-resisted|p1a: Zarude
|-damage|p1a: Zarude|62/100
|
|upkeep
|turn|26
|
|t:|1780980772
|switch|p2a: Gholdengo|Gholdengo, shiny|100/100
|move|p1a: Zarude|Power Whip|p2a: Gholdengo|[miss]
|-miss|p1a: Zarude|p2a: Gholdengo
|
|upkeep
|turn|27
|j| Dionysos le retour
|
|t:|1780980781
|move|p2a: Gholdengo|Dazzling Gleam|p1a: Zarude
|-supereffective|p1a: Zarude
|-damage|p1a: Zarude|2/100
|move|p1a: Zarude|Power Whip|p2a: Gholdengo
|-resisted|p2a: Gholdengo
|-damage|p2a: Gholdengo|52/100
|
|upkeep
|turn|28
|
|t:|1780980789
|switch|p2a: Mamoswine|Mamoswine, M|100/100
|switch|p1a: Slowking|Slowking-Galar, M|70/100
|
|upkeep
|turn|29
|
|t:|1780980794
|move|p2a: Mamoswine|Earthquake|p1a: Slowking
|-supereffective|p1a: Slowking
|-crit|p1a: Slowking
|-damage|p1a: Slowking|0 fnt
|faint|p1a: Slowking
|
|upkeep
|
|t:|1780980796
|switch|p1a: Zarude|Zarude|2/100
|turn|30
|
|t:|1780980811
|-terastallize|p1a: Zarude|Grass
|move|p1a: Zarude|Power Whip|p2a: Mamoswine
|-supereffective|p2a: Mamoswine
|-damage|p2a: Mamoswine|0 fnt
|faint|p2a: Mamoswine
|
|upkeep
|
|t:|1780980814
|switch|p2a: Gholdengo|Gholdengo, shiny|52/100
|turn|31
|
|t:|1780980817
|move|p2a: Gholdengo|Dazzling Gleam|p1a: Zarude
|-damage|p1a: Zarude|0 fnt
|faint|p1a: Zarude
|
|upkeep
|
|t:|1780980819
|switch|p1a: Kingambit|Kingambit, M|45/100
|-activate|p1a: Kingambit|ability: Supreme Overlord
|-start|p1a: Kingambit|fallen5|[silent]
|turn|32
|
|t:|1780980823
|-terastallize|p2a: Gholdengo|Fairy
|move|p1a: Kingambit|Sucker Punch|p2a: Gholdengo
|-resisted|p2a: Gholdengo
|-damage|p2a: Gholdengo|14/100
|move|p2a: Gholdengo|Dazzling Gleam|p1a: Kingambit
|-damage|p1a: Kingambit|0 fnt
|faint|p1a: Kingambit
|-end|p1a: Kingambit|fallen5|[silent]
|
|win|tuanquewang
|raw|swiscool's rating: 1630 &rarr; <strong>1610</strong><br />(-20 for losing)
|raw|tuanquewang's rating: 1632 &rarr; <strong>1652</strong><br />(+20 for winning)
|l|☆tuanquewang
|player|p2|
|l| rizz of reko
|l|☆swiscool
|player|p1|
