|j|☆Rj yoip
|j|☆miscellandorus-t
|t:|1781138075
|gametype|singles
|player|p1|Rj yoip|caitlin-masters|1532
|player|p2|miscellandorus-t|265|1586
|gen|9
|tier|[Gen 9] OU
|rated|
|rule|HP Percentage Mod: HP is shown in percentages
|rule|Endless Battle Clause: Forcing endless battles is banned
|rule|Species Clause: Limit one of each Pokémon
|rule|OHKO Clause: OHKO moves are banned
|rule|Evasion Items Clause: Evasion items are banned
|rule|Evasion Moves Clause: Evasion moves are banned
|rule|Evasion Abilities Clause: Evasion abilities are banned
|rule|Sleep Moves Clause: Sleep-inducing moves are banned
|clearpoke
|poke|p1|Tyranitar, M|
|poke|p1|Hydrapple, M|
|poke|p1|Enamorus, F|
|poke|p1|Garganacl, M|
|poke|p1|Excadrill, F|
|poke|p1|Alomomola, M|
|poke|p2|Maushold-Four|
|poke|p2|Muk-Alola, F|
|poke|p2|Weezing-Galar, F|
|poke|p2|Walking Wake|
|poke|p2|Dragonite, F|
|poke|p2|Great Tusk|
|teampreview
|inactive|Battle timer is ON: inactive players will automatically lose when time's up. (requested by Rj yoip)
|
|t:|1781138092
|teamsize|p1|6
|teamsize|p2|6
|start
|switch|p1a: Alomomola|Alomomola, M|100/100
|switch|p2a: Great Tusk|Great Tusk|100/100
|turn|1
|
|t:|1781138100
|move|p2a: Great Tusk|Stealth Rock|p1a: Alomomola
|-sidestart|p1: Rj yoip|move: Stealth Rock
|move|p1a: Alomomola|Scald|p2a: Great Tusk
|-supereffective|p2a: Great Tusk
|-damage|p2a: Great Tusk|63/100
|
|upkeep
|turn|2
|
|t:|1781138105
|-end|p2a: Great Tusk|Protosynthesis|[silent]
|switch|p2a: Walking Wake|Walking Wake|100/100
|move|p1a: Alomomola|Flip Turn|p2a: Walking Wake
|-resisted|p2a: Walking Wake
|-damage|p2a: Walking Wake|96/100
|
|t:|1781138132
|switch|p1a: Enamorus|Enamorus, F|100/100|[from] Flip Turn
|-damage|p1a: Enamorus|76/100|[from] Stealth Rock
|
|upkeep
|turn|3
|
|t:|1781138156
|-end|p2a: Walking Wake|Protosynthesis|[silent]
|switch|p2a: Muk|Muk-Alola, F|100/100
|move|p1a: Enamorus|Earth Power|p2a: Muk
|-supereffective|p2a: Muk
|-damage|p2a: Muk|57/100
|
|-heal|p2a: Muk|63/100|[from] item: Black Sludge
|upkeep
|turn|4
|
|t:|1781138162
|move|p1a: Enamorus|Earth Power|p2a: Muk
|-supereffective|p2a: Muk
|-damage|p2a: Muk|21/100
|move|p2a: Muk|Poison Jab|p1a: Enamorus
|-supereffective|p1a: Enamorus
|-damage|p1a: Enamorus|0 fnt
|faint|p1a: Enamorus
|
|-heal|p2a: Muk|27/100|[from] item: Black Sludge
|upkeep
|
|t:|1781138164
|switch|p1a: Excadrill|Excadrill, F|100/100
|-damage|p1a: Excadrill|97/100|[from] Stealth Rock
|turn|5
|
|t:|1781138167
|switch|p2a: Great Tusk|Great Tusk|63/100
|move|p1a: Excadrill|Substitute|p1a: Excadrill
|-start|p1a: Excadrill|Substitute
|-damage|p1a: Excadrill|73/100
|
|-heal|p1a: Excadrill|79/100|[from] item: Leftovers
|upkeep
|turn|6
|
|t:|1781138172
|move|p1a: Excadrill|Earthquake|p2a: Great Tusk
|-damage|p2a: Great Tusk|38/100
|move|p2a: Great Tusk|Earthquake|p1a: Excadrill
|-supereffective|p1a: Excadrill
|-end|p1a: Excadrill|Substitute
|
|-heal|p1a: Excadrill|85/100|[from] item: Leftovers
|upkeep
|turn|7
|
|t:|1781138178
|switch|p1a: Hydrapple|Hydrapple, M|100/100
|-damage|p1a: Hydrapple|88/100|[from] Stealth Rock
|move|p2a: Great Tusk|Ice Spinner|p1a: Hydrapple
|-supereffective|p1a: Hydrapple
|-damage|p1a: Hydrapple|33/100
|-damage|p2a: Great Tusk|21/100|[from] item: Rocky Helmet|[of] p1a: Hydrapple
|
|upkeep
|turn|8
|
|t:|1781138185
|move|p2a: Great Tusk|Ice Spinner|p1a: Hydrapple
|-supereffective|p1a: Hydrapple
|-damage|p1a: Hydrapple|0 fnt
|-damage|p2a: Great Tusk|5/100|[from] item: Rocky Helmet|[of] p1a: Hydrapple
|faint|p1a: Hydrapple
|
|upkeep
|
|t:|1781138186
|switch|p1a: Excadrill|Excadrill, F|85/100
|-damage|p1a: Excadrill|82/100|[from] Stealth Rock
|turn|9
|
|t:|1781138199
|move|p1a: Excadrill|Rapid Spin|p2a: Great Tusk
|-damage|p2a: Great Tusk|0 fnt
|-boost|p1a: Excadrill|spe|1
|-damage|p1a: Excadrill|65/100|[from] item: Rocky Helmet|[of] p2a: Great Tusk
|-sideend|p1: Rj yoip|Stealth Rock|[from] move: Rapid Spin|[of] p1a: Excadrill
|faint|p2a: Great Tusk
|-end|p2a: Great Tusk|Protosynthesis|[silent]
|
|-heal|p1a: Excadrill|71/100|[from] item: Leftovers
|upkeep
|
|t:|1781138201
|switch|p2a: Walking Wake|Walking Wake|96/100
|turn|10
|
|t:|1781138209
|switch|p1a: Alomomola|Alomomola, M|100/100
|move|p2a: Walking Wake|Flip Turn|p1a: Alomomola
|-resisted|p1a: Alomomola
|-damage|p1a: Alomomola|95/100
|
|t:|1781138221
|-end|p2a: Walking Wake|Protosynthesis|[silent]
|switch|p2a: Muk|Muk-Alola, F|27/100|[from] Flip Turn
|
|-heal|p2a: Muk|33/100|[from] item: Black Sludge
|upkeep
|turn|11
|
|t:|1781138230
|move|p2a: Muk|Poison Jab|p1a: Alomomola
|-damage|p1a: Alomomola|75/100
|move|p1a: Alomomola|Flip Turn|p2a: Muk
|-damage|p2a: Muk|15/100
|
|t:|1781138232
|switch|p1a: Excadrill|Excadrill, F|71/100|[from] Flip Turn
|
|-heal|p1a: Excadrill|77/100|[from] item: Leftovers
|-heal|p2a: Muk|22/100|[from] item: Black Sludge
|upkeep
|turn|12
|
|t:|1781138234
|move|p1a: Excadrill|Earthquake|p2a: Muk
|-supereffective|p2a: Muk
|-damage|p2a: Muk|0 fnt
|faint|p2a: Muk
|
|-heal|p1a: Excadrill|83/100|[from] item: Leftovers
|upkeep
|
|t:|1781138250
|switch|p2a: Dragonite|Dragonite, F|100/100
|turn|13
|
|t:|1781138257
|switch|p1a: Alomomola|Alomomola, M|100/100
|move|p2a: Dragonite|Earthquake|p1a: Alomomola
|-damage|p1a: Alomomola|60/100
|
|upkeep
|turn|14
|
|t:|1781138262
|switch|p2a: Maushold|Maushold-Four|100/100
|move|p1a: Alomomola|Scald|p2a: Maushold
|-damage|p2a: Maushold|79/100
|
|upkeep
|turn|15
|
|t:|1781138265
|switch|p1a: Garganacl|Garganacl, M|100/100
|move|p2a: Maushold|Population Bomb|p1a: Garganacl
|-resisted|p1a: Garganacl
|-damage|p1a: Garganacl|97/100
|-resisted|p1a: Garganacl
|-damage|p1a: Garganacl|93/100
|-resisted|p1a: Garganacl
|-damage|p1a: Garganacl|90/100
|-resisted|p1a: Garganacl
|-damage|p1a: Garganacl|86/100
|-resisted|p1a: Garganacl
|-damage|p1a: Garganacl|82/100
|-hitcount|p1a: Garganacl|5
|
|-heal|p1a: Garganacl|88/100|[from] item: Leftovers
|upkeep
|turn|16
|
|t:|1781138272
|switch|p2a: Walking Wake|Walking Wake|96/100
|move|p1a: Garganacl|Salt Cure|p2a: Walking Wake
|-damage|p2a: Walking Wake|82/100
|-start|p2a: Walking Wake|Salt Cure
|
|-heal|p1a: Garganacl|95/100|[from] item: Leftovers
|-damage|p2a: Walking Wake|57/100|[from] Salt Cure
|upkeep
|turn|17
|
|t:|1781138275
|-end|p2a: Walking Wake|Protosynthesis|[silent]
|switch|p2a: Dragonite|Dragonite, F|100/100
|move|p1a: Garganacl|Protect||[still]
|-fail|p1a: Garganacl
|
|-heal|p1a: Garganacl|100/100|[from] item: Leftovers
|upkeep
|turn|18
|
|t:|1781138279
|move|p1a: Garganacl|Protect|p1a: Garganacl
|-singleturn|p1a: Garganacl|Protect
|move|p2a: Dragonite|Earthquake|p1a: Garganacl
|-activate|p1a: Garganacl|move: Protect
|
|upkeep
|turn|19
|
|t:|1781138283
|move|p2a: Dragonite|Earthquake|p1a: Garganacl
|-supereffective|p1a: Garganacl
|-damage|p1a: Garganacl|25/100
|move|p1a: Garganacl|Salt Cure|p2a: Dragonite
|-supereffective|p2a: Dragonite
|-crit|p2a: Dragonite
|-damage|p2a: Dragonite|76/100
|-start|p2a: Dragonite|Salt Cure
|
|-heal|p1a: Garganacl|31/100|[from] item: Leftovers
|-damage|p2a: Dragonite|64/100|[from] Salt Cure
|upkeep
|turn|20
|
|t:|1781138286
|move|p1a: Garganacl|Protect|p1a: Garganacl
|-singleturn|p1a: Garganacl|Protect
|move|p2a: Dragonite|Earthquake|p1a: Garganacl
|-activate|p1a: Garganacl|move: Protect
|
|-heal|p1a: Garganacl|37/100|[from] item: Leftovers
|-damage|p2a: Dragonite|51/100|[from] Salt Cure
|upkeep
|turn|21
|
|t:|1781138290
|switch|p1a: Alomomola|Alomomola, M|93/100
|move|p2a: Dragonite|Earthquake|p1a: Alomomola
|-damage|p1a: Alomomola|56/100
|
|-damage|p2a: Dragonite|39/100|[from] Salt Cure
|upkeep
|turn|22
|
|t:|1781138295
|switch|p2a: Maushold|Maushold-Four|79/100
|move|p1a: Alomomola|Flip Turn|p2a: Maushold
|-damage|p2a: Maushold|52/100
|
|t:|1781138297
|switch|p1a: Garganacl|Garganacl, M|37/100|[from] Flip Turn
|
|-heal|p1a: Garganacl|43/100|[from] item: Leftovers
|upkeep
|turn|23
|
|t:|1781138307
|move|p2a: Maushold|Population Bomb|p1a: Garganacl
|-resisted|p1a: Garganacl
|-damage|p1a: Garganacl|39/100
|-resisted|p1a: Garganacl
|-damage|p1a: Garganacl|36/100
|-resisted|p1a: Garganacl
|-damage|p1a: Garganacl|32/100
|-resisted|p1a: Garganacl
|-damage|p1a: Garganacl|29/100
|-resisted|p1a: Garganacl
|-damage|p1a: Garganacl|25/100
|-resisted|p1a: Garganacl
|-damage|p1a: Garganacl|22/100
|-resisted|p1a: Garganacl
|-damage|p1a: Garganacl|18/100
|-resisted|p1a: Garganacl
|-damage|p1a: Garganacl|14/100
|-resisted|p1a: Garganacl
|-damage|p1a: Garganacl|10/100
|-resisted|p1a: Garganacl
|-damage|p1a: Garganacl|7/100
|-hitcount|p1a: Garganacl|10
|move|p1a: Garganacl|Salt Cure|p2a: Maushold
|-damage|p2a: Maushold|30/100
|-start|p2a: Maushold|Salt Cure
|
|-heal|p1a: Garganacl|13/100|[from] item: Leftovers
|-damage|p2a: Maushold|18/100|[from] Salt Cure
|upkeep
|turn|24
|
|t:|1781138314
|move|p1a: Garganacl|Protect|p1a: Garganacl
|-singleturn|p1a: Garganacl|Protect
|move|p2a: Maushold|Population Bomb|p1a: Garganacl
|-activate|p1a: Garganacl|move: Protect
|
|-heal|p1a: Garganacl|19/100|[from] item: Leftovers
|-damage|p2a: Maushold|5/100|[from] Salt Cure
|upkeep
|turn|25
|
|t:|1781138317
|move|p2a: Maushold|Population Bomb|p1a: Garganacl
|-resisted|p1a: Garganacl
|-damage|p1a: Garganacl|16/100
|-resisted|p1a: Garganacl
|-damage|p1a: Garganacl|12/100
|-resisted|p1a: Garganacl
|-damage|p1a: Garganacl|9/100
|-resisted|p1a: Garganacl
|-damage|p1a: Garganacl|5/100
|-resisted|p1a: Garganacl
|-damage|p1a: Garganacl|2/100
|-resisted|p1a: Garganacl
|-damage|p1a: Garganacl|0 fnt
|faint|p1a: Garganacl
|-hitcount|p1: Garganacl|6
|
|-damage|p2a: Maushold|0 fnt|[from] Salt Cure
|faint|p2a: Maushold
|upkeep
|
|t:|1781138323
|switch|p2a: Weezing|Weezing-Galar, F|100/100
|switch|p1a: Alomomola|Alomomola, M|89/100
|turn|26
|
|t:|1781138328
|move|p2a: Weezing|Strange Steam|p1a: Alomomola
|-damage|p1a: Alomomola|59/100
|move|p1a: Alomomola|Flip Turn|p2a: Weezing
|-damage|p2a: Weezing|82/100
|
|t:|1781138332
|switch|p1a: Excadrill|Excadrill, F|83/100|[from] Flip Turn
|
|-heal|p1a: Excadrill|89/100|[from] item: Leftovers
|upkeep
|turn|27
|
|t:|1781138334
|switch|p2a: Walking Wake|Walking Wake|57/100
|move|p1a: Excadrill|Substitute|p1a: Excadrill
|-start|p1a: Excadrill|Substitute
|-damage|p1a: Excadrill|64/100
|
|-heal|p1a: Excadrill|71/100|[from] item: Leftovers
|upkeep
|turn|28
|
|t:|1781138338
|move|p2a: Walking Wake|Hydro Steam|p1a: Excadrill
|-supereffective|p1a: Excadrill
|-end|p1a: Excadrill|Substitute
|move|p1a: Excadrill|Rapid Spin|p2a: Walking Wake
|-damage|p2a: Walking Wake|36/100
|-boost|p1a: Excadrill|spe|1
|
|-heal|p1a: Excadrill|77/100|[from] item: Leftovers
|upkeep
|turn|29
|
|t:|1781138341
|move|p2a: Walking Wake|Hydro Steam|p1a: Excadrill
|-supereffective|p1a: Excadrill
|-crit|p1a: Excadrill
|-damage|p1a: Excadrill|0 fnt
|faint|p1a: Excadrill
|
|upkeep
|
|t:|1781138343
|switch|p1a: Tyranitar|Tyranitar, M|100/100
|-weather|Sandstorm|[from] ability: Sand Stream|[of] p1a: Tyranitar
|turn|30
|
|t:|1781138351
|move|p2a: Walking Wake|Hydro Steam|p1a: Tyranitar
|-supereffective|p1a: Tyranitar
|-damage|p1a: Tyranitar|47/100
|move|p1a: Tyranitar|Stone Edge|p2a: Walking Wake
|-damage|p2a: Walking Wake|0 fnt
|faint|p2a: Walking Wake
|-end|p2a: Walking Wake|Protosynthesis|[silent]
|
|-weather|Sandstorm|[upkeep]
|upkeep
|
|t:|1781138357
|switch|p2a: Dragonite|Dragonite, F|39/100
|turn|31
|
|t:|1781138363
|move|p2a: Dragonite|Earthquake|p1a: Tyranitar
|-supereffective|p1a: Tyranitar
|-damage|p1a: Tyranitar|0 fnt
|faint|p1a: Tyranitar
|
|-weather|Sandstorm|[upkeep]
|-damage|p2a: Dragonite|33/100|[from] Sandstorm
|upkeep
|
|t:|1781138365
|switch|p1a: Alomomola|Alomomola, M|92/100
|turn|32
|
|t:|1781138369
|switch|p2a: Weezing|Weezing-Galar, F|82/100
|move|p1a: Alomomola|Body Slam|p2a: Weezing
|-damage|p2a: Weezing|65/100
|-status|p2a: Weezing|par
|
|-weather|Sandstorm|[upkeep]
|-damage|p1a: Alomomola|86/100|[from] Sandstorm
|-damage|p2a: Weezing|59/100 par|[from] Sandstorm
|upkeep
|turn|33
|
|t:|1781138375
|move|p1a: Alomomola|Scald|p2a: Weezing
|-damage|p2a: Weezing|37/100 par
|move|p2a: Weezing|Sludge Bomb|p1a: Alomomola
|-damage|p1a: Alomomola|52/100
|
|-weather|Sandstorm|[upkeep]
|-damage|p1a: Alomomola|46/100|[from] Sandstorm
|-damage|p2a: Weezing|31/100 par|[from] Sandstorm
|upkeep
|turn|34
|
|t:|1781138378
|move|p1a: Alomomola|Scald|p2a: Weezing
|-damage|p2a: Weezing|6/100 par
|move|p2a: Weezing|Sludge Bomb|p1a: Alomomola
|-damage|p1a: Alomomola|16/100
|-status|p1a: Alomomola|psn
|
|-weather|none
|-damage|p1a: Alomomola|4/100 psn|[from] psn
|upkeep
|turn|35
|-message|Rj yoip forfeited.
|
|win|miscellandorus-t
|raw|Rj yoip's rating: 1532 &rarr; <strong>1515</strong><br />(-17 for losing)
|raw|miscellandorus-t's rating: 1586 &rarr; <strong>1603</strong><br />(+17 for winning)
|l|☆Rj yoip
|player|p1|
|l|☆miscellandorus-t
|player|p2|
