|j|☆Huntail_Biden711
|j|☆CKCompany
|t:|1781356835
|gametype|singles
|player|p1|Huntail_Biden711|blue|1567
|player|p2|CKCompany|169|1600
|gen|9
|tier|[Gen 9] OU
|rated|
|rule|HP Percentage Mod: HP is shown in percentages
|rule|Endless Battle Clause: Forcing endless battles is banned
|rule|Species Clause: Limit one of each Pokémon
|rule|OHKO Clause: OHKO moves are banned
|rule|Evasion Items Clause: Evasion items are banned
|rule|Evasion Moves Clause: Evasion moves are banned
|rule|Evasion Abilities Clause: Evasion abilities are banned
|rule|Sleep Moves Clause: Sleep-inducing moves are banned
|clearpoke
|poke|p1|Meowscarada, F|
|poke|p1|Pecharunt|
|poke|p1|Enamorus, F|
|poke|p1|Iron Treads|
|poke|p1|Skarmory, M|
|poke|p1|Slowking, M|
|poke|p2|Tyranitar, F|
|poke|p2|Clefable, F|
|poke|p2|Alomomola, F|
|poke|p2|Scizor, M|
|poke|p2|Zamazenta-*|
|poke|p2|Gliscor, M|
|teampreview
|inactive|Battle timer is ON: inactive players will automatically lose when time's up. (requested by Huntail_Biden711)
|
|t:|1781356851
|teamsize|p1|6
|teamsize|p2|6
|start
|switch|p1a: Meowscarada|Meowscarada, F|100/100
|switch|p2a: Scizor|Scizor, M, shiny|100/100
|turn|1
|
|t:|1781356861
|move|p1a: Meowscarada|U-turn|p2a: Scizor
|-start|p1a: Meowscarada|typechange|Bug|[from] ability: Protean
|-resisted|p2a: Scizor
|-damage|p2a: Scizor|72/100
|
|t:|1781356869
|switch|p1a: Skarmory|Skarmory, M|100/100|[from] U-turn
|move|p2a: Scizor|U-turn|p1a: Skarmory
|-resisted|p1a: Skarmory
|-damage|p1a: Skarmory|91/100
|
|t:|1781356889
|switch|p2a: Clefable|Clefable, F|100/100|[from] U-turn
|
|upkeep
|turn|2
|
|t:|1781356898
|move|p1a: Skarmory|Spikes|p2a: Clefable
|-sidestart|p2: CKCompany|Spikes
|move|p2a: Clefable|Calm Mind|p2a: Clefable
|-boost|p2a: Clefable|spa|1
|-boost|p2a: Clefable|spd|1
|
|upkeep
|turn|3
|
|t:|1781356903
|move|p1a: Skarmory|Spikes|p2a: Clefable
|-sidestart|p2: CKCompany|Spikes
|move|p2a: Clefable|Flamethrower|p1a: Skarmory
|-supereffective|p1a: Skarmory
|-damage|p1a: Skarmory|8/100
|
|upkeep
|turn|4
|
|t:|1781356909
|move|p1a: Skarmory|Spikes|p2a: Clefable
|-sidestart|p2: CKCompany|Spikes
|move|p2a: Clefable|Flamethrower|p1a: Skarmory
|-supereffective|p1a: Skarmory
|-damage|p1a: Skarmory|0 fnt
|faint|p1a: Skarmory
|
|upkeep
|inactive|Huntail_Biden711 has 120 seconds left.
|
|t:|1781356939
|switch|p1a: Pecharunt|Pecharunt|100/100
|turn|5
|
|t:|1781356949
|switch|p2a: Gliscor|Gliscor, M|100/100
|move|p1a: Pecharunt|Malignant Chain|p2a: Gliscor
|-resisted|p2a: Gliscor
|-damage|p2a: Gliscor|87/100
|
|-status|p2a: Gliscor|tox|[from] item: Toxic Orb
|upkeep
|turn|6
|
|t:|1781356961
|move|p2a: Gliscor|Swords Dance|p2a: Gliscor
|-boost|p2a: Gliscor|atk|2
|move|p1a: Pecharunt|Parting Shot|p2a: Gliscor
|-unboost|p2a: Gliscor|atk|1
|-unboost|p2a: Gliscor|spa|1
|
|t:|1781356974
|switch|p1a: Meowscarada|Meowscarada, F|100/100|[from] Parting Shot
|
|-heal|p2a: Gliscor|99/100 tox|[from] ability: Poison Heal
|upkeep
|turn|7
|
|t:|1781356986
|-terastallize|p2a: Gliscor|Normal
|move|p1a: Meowscarada|Triple Axel|p2a: Gliscor
|-start|p1a: Meowscarada|typechange|Ice|[from] ability: Protean
|-damage|p2a: Gliscor|88/100 tox
|-damage|p2a: Gliscor|68/100 tox
|-damage|p2a: Gliscor|32/100 tox
|-hitcount|p2a: Gliscor|3
|move|p2a: Gliscor|Facade|p1a: Meowscarada
|-damage|p1a: Meowscarada|2/100
|
|-heal|p2a: Gliscor|45/100 tox|[from] ability: Poison Heal
|upkeep
|turn|8
|
|t:|1781356999
|move|p2a: Gliscor|Protect|p2a: Gliscor
|-singleturn|p2a: Gliscor|Protect
|move|p1a: Meowscarada|Triple Axel|p2a: Gliscor
|-activate|p2a: Gliscor|move: Protect
|
|-heal|p2a: Gliscor|57/100 tox|[from] ability: Poison Heal
|upkeep
|turn|9
|
|t:|1781357006
|switch|p2a: Alomomola|Alomomola, F, shiny|100/100
|-damage|p2a: Alomomola|76/100|[from] Spikes
|move|p1a: Meowscarada|Triple Axel|p2a: Alomomola
|-resisted|p2a: Alomomola
|-damage|p2a: Alomomola|72/100
|-damage|p1a: Meowscarada|0 fnt|[from] item: Rocky Helmet|[of] p2a: Alomomola
|faint|p1a: Meowscarada
|-hitcount|p2a: Alomomola|1
|
|upkeep
|
|t:|1781357018
|switch|p1a: Pecharunt|Pecharunt|100/100
|turn|10
|
|t:|1781357022
|switch|p2a: Gliscor|Gliscor, M, tera:Normal|57/100 tox
|-damage|p2a: Gliscor|32/100 tox|[from] Spikes
|move|p1a: Pecharunt|Parting Shot|p2a: Gliscor
|-unboost|p2a: Gliscor|atk|1
|-unboost|p2a: Gliscor|spa|1
|
|t:|1781357035
|switch|p1a: Enamorus|Enamorus, F|100/100|[from] Parting Shot
|
|-heal|p2a: Gliscor|45/100 tox|[from] ability: Poison Heal
|upkeep
|turn|11
|
|t:|1781357052
|move|p2a: Gliscor|Protect|p2a: Gliscor
|-singleturn|p2a: Gliscor|Protect
|move|p1a: Enamorus|Moonblast|p2a: Gliscor
|-activate|p2a: Gliscor|move: Protect
|
|-heal|p2a: Gliscor|57/100 tox|[from] ability: Poison Heal
|upkeep
|turn|12
|
|t:|1781357063
|switch|p2a: Scizor|Scizor, M, shiny|72/100
|-damage|p2a: Scizor|47/100|[from] Spikes
|-terastallize|p1a: Enamorus|Fairy
|move|p1a: Enamorus|Moonblast|p2a: Scizor
|-resisted|p2a: Scizor
|-damage|p2a: Scizor|0 fnt
|faint|p2a: Scizor
|
|upkeep
|
|t:|1781357074
|switch|p2a: Tyranitar|Tyranitar, F|100/100
|-weather|Sandstorm|[from] ability: Sand Stream|[of] p2a: Tyranitar
|turn|13
|
|t:|1781357078
|move|p1a: Enamorus|Moonblast|p2a: Tyranitar
|-supereffective|p2a: Tyranitar
|-damage|p2a: Tyranitar|40/100
|move|p2a: Tyranitar|Knock Off|p1a: Enamorus
|-resisted|p1a: Enamorus
|-damage|p1a: Enamorus|67/100
|-enditem|p1a: Enamorus|Choice Scarf|[from] move: Knock Off|[of] p2a: Tyranitar
|
|-weather|Sandstorm|[upkeep]
|-damage|p1a: Enamorus|61/100|[from] Sandstorm
|upkeep
|turn|14
|
|t:|1781357088
|move|p1a: Enamorus|Moonblast|p2a: Tyranitar
|-supereffective|p2a: Tyranitar
|-damage|p2a: Tyranitar|0 fnt
|faint|p2a: Tyranitar
|
|-weather|Sandstorm|[upkeep]
|-damage|p1a: Enamorus|54/100|[from] Sandstorm
|upkeep
|
|t:|1781357090
|switch|p2a: Zamazenta|Zamazenta|100/100
|-ability|p2a: Zamazenta|Dauntless Shield|boost
|-boost|p2a: Zamazenta|def|1
|turn|15
|
|t:|1781357099
|switch|p1a: Iron Treads|Iron Treads|100/100
|move|p2a: Zamazenta|Heavy Slam|p1a: Iron Treads
|-resisted|p1a: Iron Treads
|-damage|p1a: Iron Treads|96/100
|
|-weather|Sandstorm|[upkeep]
|-damage|p2a: Zamazenta|94/100|[from] Sandstorm
|-heal|p1a: Iron Treads|100/100|[from] item: Leftovers
|upkeep
|turn|16
|
|t:|1781357109
|move|p2a: Zamazenta|Close Combat|p1a: Iron Treads
|-supereffective|p1a: Iron Treads
|-damage|p1a: Iron Treads|6/100
|-unboost|p2a: Zamazenta|def|1
|-unboost|p2a: Zamazenta|spd|1
|move|p1a: Iron Treads|Stealth Rock|p2a: Zamazenta
|-sidestart|p2: CKCompany|move: Stealth Rock
|
|-weather|Sandstorm|[upkeep]
|-damage|p2a: Zamazenta|88/100|[from] Sandstorm
|-heal|p1a: Iron Treads|12/100|[from] item: Leftovers
|upkeep
|turn|17
|
|t:|1781357122
|move|p2a: Zamazenta|Crunch|p1a: Iron Treads
|-damage|p1a: Iron Treads|0 fnt
|faint|p1a: Iron Treads
|-end|p1a: Iron Treads|Quark Drive|[silent]
|
|-weather|none
|upkeep
|
|t:|1781357128
|switch|p1a: Slowking|Slowking, M|100/100
|turn|18
|
|t:|1781357139
|switch|p2a: Gliscor|Gliscor, M, tera:Normal|57/100 tox
|-damage|p2a: Gliscor|32/100 tox|[from] Spikes
|-damage|p2a: Gliscor|20/100 tox|[from] Stealth Rock
|move|p1a: Slowking|Future Sight|p2a: Gliscor
|-start|p1a: Slowking|move: Future Sight
|
|-heal|p2a: Gliscor|32/100 tox|[from] ability: Poison Heal
|upkeep
|turn|19
|
|t:|1781357153
|move|p2a: Gliscor|Swords Dance|p2a: Gliscor
|-boost|p2a: Gliscor|atk|2
|move|p1a: Slowking|Scald|p2a: Gliscor
|-damage|p2a: Gliscor|4/100 tox
|
|-heal|p2a: Gliscor|16/100 tox|[from] ability: Poison Heal
|upkeep
|turn|20
|
|t:|1781357170
|move|p2a: Gliscor|Facade|p1a: Slowking
|-damage|p1a: Slowking|18/100
|move|p1a: Slowking|Scald|p2a: Gliscor
|-damage|p2a: Gliscor|0 fnt
|faint|p2a: Gliscor
|
|-hint|Future Sight did not hit because the target is fainted.
|upkeep
|
|t:|1781357177
|switch|p2a: Clefable|Clefable, F|100/100
|turn|21
|
|t:|1781357183
|move|p2a: Clefable|Calm Mind|p2a: Clefable
|-boost|p2a: Clefable|spa|1
|-boost|p2a: Clefable|spd|1
|move|p1a: Slowking|Future Sight|p2a: Clefable
|-start|p1a: Slowking|move: Future Sight
|
|upkeep
|turn|22
|
|t:|1781357189
|switch|p1a: Pecharunt|Pecharunt|100/100
|move|p2a: Clefable|Calm Mind|p2a: Clefable
|-boost|p2a: Clefable|spa|1
|-boost|p2a: Clefable|spd|1
|
|upkeep
|turn|23
|
|t:|1781357197
|move|p1a: Pecharunt|Malignant Chain|p2a: Clefable
|-supereffective|p2a: Clefable
|-damage|p2a: Clefable|69/100
|move|p2a: Clefable|Calm Mind|p2a: Clefable
|-boost|p2a: Clefable|spa|1
|-boost|p2a: Clefable|spd|1
|
|-end|p2a: Clefable|move: Future Sight
|-damage|p2a: Clefable|52/100
|-heal|p2a: Clefable|58/100|[from] item: Leftovers
|upkeep
|turn|24
|
|t:|1781357210
|move|p1a: Pecharunt|Malignant Chain|p2a: Clefable
|-supereffective|p2a: Clefable
|-damage|p2a: Clefable|33/100
|-status|p2a: Clefable|tox
|-start|p2a: Clefable|confusion|[from] ability: Poison Puppeteer|[of] p1a: Pecharunt
|-activate|p2a: Clefable|confusion
|-damage|p2a: Clefable|29/100 tox|[from] confusion
|
|-heal|p2a: Clefable|35/100 tox|[from] item: Leftovers
|upkeep
|turn|25
|
|t:|1781357220
|move|p1a: Pecharunt|Malignant Chain|p2a: Clefable
|-supereffective|p2a: Clefable
|-damage|p2a: Clefable|11/100 tox
|-activate|p2a: Clefable|confusion
|move|p2a: Clefable|Moonlight|p2a: Clefable
|-heal|p2a: Clefable|61/100 tox
|
|-heal|p2a: Clefable|67/100 tox|[from] item: Leftovers
|upkeep
|turn|26
|
|t:|1781357228
|move|p1a: Pecharunt|Malignant Chain|p2a: Clefable
|-supereffective|p2a: Clefable
|-damage|p2a: Clefable|45/100 tox
|-end|p2a: Clefable|confusion
|move|p2a: Clefable|Moonlight|p2a: Clefable
|-heal|p2a: Clefable|95/100 tox
|
|-heal|p2a: Clefable|100/100 tox|[from] item: Leftovers
|upkeep
|turn|27
|
|t:|1781357243
|move|p1a: Pecharunt|Malignant Chain|p2a: Clefable
|-supereffective|p2a: Clefable
|-damage|p2a: Clefable|79/100 tox
|move|p2a: Clefable|Flamethrower|p1a: Pecharunt
|-damage|p1a: Pecharunt|54/100
|
|-heal|p2a: Clefable|85/100 tox|[from] item: Leftovers
|upkeep
|turn|28
|
|t:|1781357252
|move|p1a: Pecharunt|Recover|p1a: Pecharunt
|-heal|p1a: Pecharunt|100/100
|move|p2a: Clefable|Flamethrower|p1a: Pecharunt
|-damage|p1a: Pecharunt|54/100
|
|-heal|p2a: Clefable|91/100 tox|[from] item: Leftovers
|upkeep
|turn|29
|
|t:|1781357259
|switch|p1a: Enamorus|Enamorus, F, tera:Fairy|54/100
|move|p2a: Clefable|Calm Mind|p2a: Clefable
|-boost|p2a: Clefable|spa|1
|-boost|p2a: Clefable|spd|1
|
|-heal|p2a: Clefable|97/100 tox|[from] item: Leftovers
|upkeep
|turn|30
|
|t:|1781357266
|switch|p1a: Slowking|Slowking, M|51/100
|move|p2a: Clefable|Moonblast|p1a: Slowking
|-damage|p1a: Slowking|5/100
|
|-heal|p2a: Clefable|100/100 tox|[from] item: Leftovers
|upkeep
|turn|31
|
|t:|1781357276
|move|p2a: Clefable|Moonblast|p1a: Slowking
|-crit|p1a: Slowking
|-damage|p1a: Slowking|0 fnt
|faint|p1a: Slowking
|
|upkeep
|
|t:|1781357281
|switch|p1a: Pecharunt|Pecharunt|54/100
|turn|32
|
|t:|1781357284
|move|p1a: Pecharunt|Malignant Chain|p2a: Clefable
|-supereffective|p2a: Clefable
|-damage|p2a: Clefable|79/100 tox
|move|p2a: Clefable|Flamethrower|p1a: Pecharunt
|-crit|p1a: Pecharunt
|-damage|p1a: Pecharunt|0 fnt
|faint|p1a: Pecharunt
|
|-heal|p2a: Clefable|85/100 tox|[from] item: Leftovers
|upkeep
|-message|Huntail_Biden711 forfeited.
|
|win|CKCompany
|raw|Huntail_Biden711's rating: 1567 &rarr; <strong>1549</strong><br />(-18 for losing)
|raw|CKCompany's rating: 1600 &rarr; <strong>1618</strong><br />(+18 for winning)
|l|☆Huntail_Biden711
|player|p1|
|l|☆CKCompany
|player|p2|
