|j|☆zyysama333
|j|☆billythekid95
|t:|1781187646
|gametype|singles
|player|p1|zyysama333|1|1501
|player|p2|billythekid95|101|1622
|gen|9
|tier|[Gen 9] OU
|rated|
|rule|HP Percentage Mod: HP is shown in percentages
|rule|Endless Battle Clause: Forcing endless battles is banned
|rule|Species Clause: Limit one of each Pokémon
|rule|OHKO Clause: OHKO moves are banned
|rule|Evasion Items Clause: Evasion items are banned
|rule|Evasion Moves Clause: Evasion moves are banned
|rule|Evasion Abilities Clause: Evasion abilities are banned
|rule|Sleep Moves Clause: Sleep-inducing moves are banned
|clearpoke
|poke|p1|Dragonite, M|
|poke|p1|Garganacl, F|
|poke|p1|Fezandipiti, M|
|poke|p1|Weezing-Galar, M|
|poke|p1|Darkrai|
|poke|p1|Gliscor, M|
|poke|p2|Walking Wake|
|poke|p2|Ribombee, F|
|poke|p2|Gholdengo|
|poke|p2|Torkoal, F|
|poke|p2|Great Tusk|
|poke|p2|Ceruledge, M|
|teampreview
|
|t:|1781187661
|teamsize|p1|6
|teamsize|p2|6
|start
|switch|p1a: Fezandipiti|Fezandipiti, M|100/100
|switch|p2a: Ribombee|Ribombee, F|100/100
|turn|1
|inactive|Battle timer is ON: inactive players will automatically lose when time's up. (requested by billythekid95)
|
|t:|1781187673
|move|p2a: Ribombee|Stun Spore|p1a: Fezandipiti|[miss]
|-miss|p2a: Ribombee|p1a: Fezandipiti
|move|p1a: Fezandipiti|Substitute|p1a: Fezandipiti
|-start|p1a: Fezandipiti|Substitute
|-damage|p1a: Fezandipiti|76/100
|
|-heal|p1a: Fezandipiti|82/100|[from] item: Leftovers
|upkeep
|turn|2
|
|t:|1781187680
|move|p2a: Ribombee|Sticky Web|p1a: Fezandipiti
|-sidestart|p1: zyysama333|move: Sticky Web
|move|p1a: Fezandipiti|Beat Up|p2a: Ribombee
|-resisted|p2a: Ribombee
|-damage|p2a: Ribombee|98/100
|-resisted|p2a: Ribombee
|-damage|p2a: Ribombee|95/100
|-resisted|p2a: Ribombee
|-damage|p2a: Ribombee|91/100
|-resisted|p2a: Ribombee
|-damage|p2a: Ribombee|88/100
|-resisted|p2a: Ribombee
|-damage|p2a: Ribombee|85/100
|-resisted|p2a: Ribombee
|-damage|p2a: Ribombee|82/100
|-hitcount|p2a: Ribombee|6
|
|-heal|p1a: Fezandipiti|88/100|[from] item: Leftovers
|upkeep
|turn|3
|
|t:|1781187694
|move|p2a: Ribombee|Moonblast|p1a: Fezandipiti
|-resisted|p1a: Fezandipiti
|-activate|p1a: Fezandipiti|move: Substitute|[damage]
|move|p1a: Fezandipiti|Beat Up|p2a: Ribombee
|-resisted|p2a: Ribombee
|-damage|p2a: Ribombee|79/100
|-resisted|p2a: Ribombee
|-damage|p2a: Ribombee|76/100
|-resisted|p2a: Ribombee
|-damage|p2a: Ribombee|73/100
|-resisted|p2a: Ribombee
|-damage|p2a: Ribombee|70/100
|-resisted|p2a: Ribombee
|-damage|p2a: Ribombee|67/100
|-resisted|p2a: Ribombee
|-damage|p2a: Ribombee|64/100
|-hitcount|p2a: Ribombee|6
|
|-heal|p1a: Fezandipiti|94/100|[from] item: Leftovers
|upkeep
|turn|4
|
|t:|1781187713
|move|p2a: Ribombee|Moonblast|p1a: Fezandipiti
|-resisted|p1a: Fezandipiti
|-activate|p1a: Fezandipiti|move: Substitute|[damage]
|move|p1a: Fezandipiti|Beat Up|p2a: Ribombee
|-resisted|p2a: Ribombee
|-damage|p2a: Ribombee|61/100
|-resisted|p2a: Ribombee
|-damage|p2a: Ribombee|58/100
|-resisted|p2a: Ribombee
|-damage|p2a: Ribombee|54/100
|-resisted|p2a: Ribombee
|-damage|p2a: Ribombee|51/100
|-resisted|p2a: Ribombee
|-damage|p2a: Ribombee|48/100
|-resisted|p2a: Ribombee
|-damage|p2a: Ribombee|45/100
|-hitcount|p2a: Ribombee|6
|
|-heal|p1a: Fezandipiti|99/100|[from] item: Leftovers
|upkeep
|turn|5
|
|t:|1781187741
|move|p2a: Ribombee|Moonblast|p1a: Fezandipiti
|-resisted|p1a: Fezandipiti
|-end|p1a: Fezandipiti|Substitute
|move|p1a: Fezandipiti|Substitute|p1a: Fezandipiti
|-start|p1a: Fezandipiti|Substitute
|-damage|p1a: Fezandipiti|75/100
|
|-heal|p1a: Fezandipiti|81/100|[from] item: Leftovers
|upkeep
|turn|6
|
|t:|1781187750
|move|p2a: Ribombee|Moonblast|p1a: Fezandipiti
|-resisted|p1a: Fezandipiti
|-activate|p1a: Fezandipiti|move: Substitute|[damage]
|move|p1a: Fezandipiti|Beat Up|p2a: Ribombee
|-resisted|p2a: Ribombee
|-damage|p2a: Ribombee|42/100
|-resisted|p2a: Ribombee
|-damage|p2a: Ribombee|39/100
|-resisted|p2a: Ribombee
|-damage|p2a: Ribombee|35/100
|-resisted|p2a: Ribombee
|-damage|p2a: Ribombee|32/100
|-resisted|p2a: Ribombee
|-damage|p2a: Ribombee|30/100
|-resisted|p2a: Ribombee
|-damage|p2a: Ribombee|27/100
|-hitcount|p2a: Ribombee|6
|
|-heal|p1a: Fezandipiti|87/100|[from] item: Leftovers
|upkeep
|turn|7
|inactive|zyysama333 has 120 seconds left.
|
|t:|1781187787
|move|p2a: Ribombee|Moonblast|p1a: Fezandipiti
|-resisted|p1a: Fezandipiti
|-activate|p1a: Fezandipiti|move: Substitute|[damage]
|move|p1a: Fezandipiti|Beat Up|p2a: Ribombee
|-resisted|p2a: Ribombee
|-damage|p2a: Ribombee|23/100
|-resisted|p2a: Ribombee
|-damage|p2a: Ribombee|20/100
|-resisted|p2a: Ribombee
|-damage|p2a: Ribombee|17/100
|-resisted|p2a: Ribombee
|-damage|p2a: Ribombee|14/100
|-resisted|p2a: Ribombee
|-damage|p2a: Ribombee|10/100
|-resisted|p2a: Ribombee
|-damage|p2a: Ribombee|8/100
|-hitcount|p2a: Ribombee|6
|
|-heal|p1a: Fezandipiti|93/100|[from] item: Leftovers
|upkeep
|turn|8
|
|t:|1781187802
|move|p2a: Ribombee|Skill Swap|p1a: Fezandipiti
|-activate|p2a: Ribombee|Skill Swap|Toxic Chain|Shield Dust|[of] p1a: Fezandipiti
|move|p1a: Fezandipiti|Substitute|p1a: Fezandipiti
|-fail|p1a: Fezandipiti|move: Substitute
|
|-heal|p1a: Fezandipiti|99/100|[from] item: Leftovers
|upkeep
|turn|9
|inactive|zyysama333 has 120 seconds left.
|
|t:|1781187824
|move|p2a: Ribombee|Moonblast|p1a: Fezandipiti
|-resisted|p1a: Fezandipiti
|-end|p1a: Fezandipiti|Substitute
|move|p1a: Fezandipiti|Beat Up|p2a: Ribombee
|-resisted|p2a: Ribombee
|-damage|p2a: Ribombee|5/100
|-resisted|p2a: Ribombee
|-damage|p2a: Ribombee|2/100
|-resisted|p2a: Ribombee
|-damage|p2a: Ribombee|0 fnt
|faint|p2a: Ribombee
|-hitcount|p2: Ribombee|3
|
|-heal|p1a: Fezandipiti|100/100|[from] item: Leftovers
|upkeep
|
|t:|1781187836
|switch|p2a: Great Tusk|Great Tusk|100/100
|turn|10
|inactive|zyysama333 has 120 seconds left.
|inactive|zyysama333 has 90 seconds left.
|
|t:|1781187873
|move|p1a: Fezandipiti|Protect|p1a: Fezandipiti
|-singleturn|p1a: Fezandipiti|Protect
|move|p2a: Great Tusk|Knock Off|p1a: Fezandipiti
|-activate|p1a: Fezandipiti|move: Protect
|
|upkeep
|turn|11
|inactive|zyysama333 has 90 seconds left.
|
|t:|1781187907
|switch|p1a: Garganacl|Garganacl, F|100/100
|-activate|p1a: Garganacl|move: Sticky Web
|-unboost|p1a: Garganacl|spe|1
|move|p2a: Great Tusk|Knock Off|p1a: Garganacl
|-damage|p1a: Garganacl|86/100
|-enditem|p1a: Garganacl|Leftovers|[from] move: Knock Off|[of] p2a: Great Tusk
|
|upkeep
|turn|12
|
|t:|1781187921
|-terastallize|p1a: Garganacl|Water
|move|p2a: Great Tusk|Earthquake|p1a: Garganacl
|-damage|p1a: Garganacl|63/100
|move|p1a: Garganacl|Salt Cure|p2a: Great Tusk
|-resisted|p2a: Great Tusk
|-damage|p2a: Great Tusk|98/100
|-start|p2a: Great Tusk|Salt Cure
|
|-damage|p2a: Great Tusk|86/100|[from] Salt Cure
|upkeep
|turn|13
|
|t:|1781187934
|move|p2a: Great Tusk|Earthquake|p1a: Garganacl
|-damage|p1a: Garganacl|42/100
|move|p1a: Garganacl|Stealth Rock|p2a: Great Tusk
|-sidestart|p2: billythekid95|move: Stealth Rock
|
|-damage|p2a: Great Tusk|74/100|[from] Salt Cure
|upkeep
|turn|14
|
|t:|1781187940
|move|p2a: Great Tusk|Rapid Spin|p1a: Garganacl
|-damage|p1a: Garganacl|34/100
|-boost|p2a: Great Tusk|spe|1
|-sideend|p2: billythekid95|Stealth Rock|[from] move: Rapid Spin|[of] p2a: Great Tusk
|move|p1a: Garganacl|Recover|p1a: Garganacl
|-heal|p1a: Garganacl|84/100
|
|-damage|p2a: Great Tusk|62/100|[from] Salt Cure
|upkeep
|turn|15
|
|t:|1781187951
|-end|p2a: Great Tusk|Protosynthesis|[silent]
|switch|p2a: Gholdengo|Gholdengo|100/100
|move|p1a: Garganacl|Stealth Rock|p2a: Gholdengo
|-sidestart|p2: billythekid95|move: Stealth Rock
|
|upkeep
|turn|16
|
|t:|1781187956
|move|p2a: Gholdengo|Trick|p1a: Garganacl
|-activate|p2a: Gholdengo|move: Trick|[of] p1a: Garganacl
|-item|p1a: Garganacl|Choice Scarf|[from] move: Trick
|-enditem|p2a: Gholdengo|Choice Scarf|[silent]|[from] move: Trick
|move|p1a: Garganacl|Salt Cure|p2a: Gholdengo
|-resisted|p2a: Gholdengo
|-damage|p2a: Gholdengo|93/100
|-start|p2a: Gholdengo|Salt Cure
|
|-damage|p2a: Gholdengo|68/100|[from] Salt Cure
|upkeep
|turn|17
|
|t:|1781187982
|switch|p2a: Great Tusk|Great Tusk|62/100
|-damage|p2a: Great Tusk|59/100|[from] Stealth Rock
|move|p1a: Garganacl|Salt Cure|p2a: Great Tusk
|-resisted|p2a: Great Tusk
|-damage|p2a: Great Tusk|56/100
|-start|p2a: Great Tusk|Salt Cure
|
|-damage|p2a: Great Tusk|44/100|[from] Salt Cure
|upkeep
|turn|18
|
|t:|1781188010
|switch|p1a: Gliscor|Gliscor, M|100/100
|move|p2a: Great Tusk|Rapid Spin|p1a: Gliscor
|-damage|p1a: Gliscor|92/100
|-boost|p2a: Great Tusk|spe|1
|-sideend|p2: billythekid95|Stealth Rock|[from] move: Rapid Spin|[of] p2a: Great Tusk
|
|-damage|p2a: Great Tusk|32/100|[from] Salt Cure
|-status|p1a: Gliscor|tox|[from] item: Toxic Orb
|upkeep
|turn|19
|
|t:|1781188020
|-end|p2a: Great Tusk|Protosynthesis|[silent]
|switch|p2a: Torkoal|Torkoal, F|100/100
|-weather|SunnyDay|[from] ability: Drought|[of] p2a: Torkoal
|move|p1a: Gliscor|Toxic|p2a: Torkoal
|-status|p2a: Torkoal|tox
|
|-weather|SunnyDay|[upkeep]
|-heal|p1a: Gliscor|100/100 tox|[from] ability: Poison Heal
|-damage|p2a: Torkoal|94/100 tox|[from] psn
|upkeep
|turn|20
|
|t:|1781188031
|switch|p1a: Weezing|Weezing-Galar, M|100/100
|-ability|p1a: Weezing|Neutralizing Gas
|-activate|p1a: Weezing|move: Sticky Web
|-unboost|p1a: Weezing|spe|1
|switch|p2a: Walking Wake|Walking Wake|100/100
|
|-weather|SunnyDay|[upkeep]
|upkeep
|turn|21
|
|t:|1781188041
|-end|p1a: Weezing|ability: Neutralizing Gas
|-activate|p2a: Walking Wake|ability: Protosynthesis
|-start|p2a: Walking Wake|protosynthesisspa
|switch|p1a: Fezandipiti|Fezandipiti, M|100/100
|-activate|p1a: Fezandipiti|move: Sticky Web
|-unboost|p1a: Fezandipiti|spe|1
|move|p2a: Walking Wake|Hydro Steam|p1a: Fezandipiti
|-damage|p1a: Fezandipiti|23/100
|
|-weather|SunnyDay|[upkeep]
|-heal|p1a: Fezandipiti|29/100|[from] item: Leftovers
|upkeep
|turn|22
|
|t:|1781188052
|move|p1a: Fezandipiti|Protect|p1a: Fezandipiti
|-singleturn|p1a: Fezandipiti|Protect
|move|p2a: Walking Wake|Hydro Steam|p1a: Fezandipiti
|-activate|p1a: Fezandipiti|move: Protect
|
|-weather|SunnyDay|[upkeep]
|-heal|p1a: Fezandipiti|35/100|[from] item: Leftovers
|upkeep
|turn|23
|j| silver jay#2240
|inactive|zyysama333 has 120 seconds left.
|
|t:|1781188062
|move|p2a: Walking Wake|Hydro Steam|p1a: Fezandipiti
|-damage|p1a: Fezandipiti|0 fnt
|faint|p1a: Fezandipiti
|
|-weather|SunnyDay|[upkeep]
|upkeep
|
|t:|1781188065
|switch|p1a: Dragonite|Dragonite, M|100/100
|turn|24
|
|t:|1781188072
|switch|p1a: Weezing|Weezing-Galar, M|100/100
|-ability|p1a: Weezing|Neutralizing Gas
|-activate|p1a: Weezing|move: Sticky Web
|-unboost|p1a: Weezing|spe|1
|-terastallize|p2a: Walking Wake|Water
|move|p2a: Walking Wake|Hydro Steam|p1a: Weezing
|-damage|p1a: Weezing|0 fnt
|faint|p1a: Weezing
|-end|p1a: Weezing|ability: Neutralizing Gas
|
|-weather|SunnyDay|[upkeep]
|upkeep
|l| silver jay#2240
|
|t:|1781188075
|switch|p1a: Dragonite|Dragonite, M|100/100
|turn|25
|
|t:|1781188084
|move|p2a: Walking Wake|Hydro Steam|p1a: Dragonite
|-resisted|p1a: Dragonite
|-damage|p1a: Dragonite|60/100
|move|p1a: Dragonite|Thunder Wave|p2a: Walking Wake
|-status|p2a: Walking Wake|par
|
|-weather|SunnyDay|[upkeep]
|upkeep
|turn|26
|
|t:|1781188091
|move|p1a: Dragonite|Roost|p1a: Dragonite
|-heal|p1a: Dragonite|100/100
|-singleturn|p1a: Dragonite|move: Roost
|cant|p2a: Walking Wake|par
|
|-weather|none
|-end|p2a: Walking Wake|Protosynthesis
|upkeep
|turn|27
|
|t:|1781188099
|-end|p2a: Walking Wake|Protosynthesis|[silent]
|switch|p2a: Torkoal|Torkoal, F|94/100 tox
|-weather|SunnyDay|[from] ability: Drought|[of] p2a: Torkoal
|move|p1a: Dragonite|Draco Meteor|p2a: Torkoal|[miss]
|-miss|p1a: Dragonite|p2a: Torkoal
|
|-weather|SunnyDay|[upkeep]
|-damage|p2a: Torkoal|88/100 tox|[from] psn
|upkeep
|turn|28
|
|t:|1781188109
|move|p1a: Dragonite|Draco Meteor|p2a: Torkoal
|-damage|p2a: Torkoal|51/100 tox
|-unboost|p1a: Dragonite|spa|2
|move|p2a: Torkoal|Will-O-Wisp|p1a: Dragonite|[miss]
|-miss|p2a: Torkoal|p1a: Dragonite
|
|-weather|SunnyDay|[upkeep]
|-damage|p2a: Torkoal|38/100 tox|[from] psn
|upkeep
|turn|29
|
|t:|1781188125
|switch|p1a: Garganacl|Garganacl, F, tera:Water|84/100
|-activate|p1a: Garganacl|move: Sticky Web
|-unboost|p1a: Garganacl|spe|1
|switch|p2a: Walking Wake|Walking Wake, tera:Water|100/100 par
|-activate|p2a: Walking Wake|ability: Protosynthesis
|-start|p2a: Walking Wake|protosynthesisspa
|
|-weather|SunnyDay|[upkeep]
|upkeep
|turn|30
|
|t:|1781188134
|move|p1a: Garganacl|Protect|p1a: Garganacl
|-singleturn|p1a: Garganacl|Protect
|cant|p2a: Walking Wake|par
|
|-weather|SunnyDay|[upkeep]
|upkeep
|turn|31
|
|t:|1781188145
|switch|p1a: Dragonite|Dragonite, M|100/100
|move|p2a: Walking Wake|Dragon Pulse|p1a: Dragonite
|-supereffective|p1a: Dragonite
|-crit|p1a: Dragonite
|-damage|p1a: Dragonite|0 fnt
|faint|p1a: Dragonite
|
|-weather|SunnyDay|[upkeep]
|upkeep
|
|t:|1781188153
|switch|p1a: Garganacl|Garganacl, F, tera:Water|84/100
|-activate|p1a: Garganacl|move: Sticky Web
|-unboost|p1a: Garganacl|spe|1
|turn|32
|
|t:|1781188157
|move|p2a: Walking Wake|Dragon Pulse|p1a: Garganacl
|-damage|p1a: Garganacl|0 fnt
|faint|p1a: Garganacl
|
|-weather|SunnyDay|[upkeep]
|upkeep
|
|t:|1781188161
|switch|p1a: Gliscor|Gliscor, M|100/100 tox
|turn|33
|
|t:|1781188164
|move|p1a: Gliscor|Earthquake|p2a: Walking Wake
|-damage|p2a: Walking Wake|67/100 par
|move|p2a: Walking Wake|Dragon Pulse|p1a: Gliscor
|-damage|p1a: Gliscor|0 fnt
|faint|p1a: Gliscor
|
|-weather|SunnyDay|[upkeep]
|upkeep
|
|t:|1781188167
|switch|p1a: Darkrai|Darkrai|100/100
|-activate|p1a: Darkrai|move: Sticky Web
|-unboost|p1a: Darkrai|spe|1
|turn|34
|-message|zyysama333 forfeited.
|
|win|billythekid95
|raw|zyysama333's rating: 1522 &rarr; <strong>1508</strong><br />(-14 for losing)
|raw|billythekid95's rating: 1622 &rarr; <strong>1636</strong><br />(+14 for winning)
|l|☆zyysama333
|player|p1|
|l|☆billythekid95
|player|p2|
