|badge|p2|bronze|gen9randombattle|100-9
|badge|p2|bronze|gen9ubers|100-9
|uhtml|medal-msg|<div class="broadcast-blue">Curious what those medals under the avatar are? PS now has Ladder Seasons! For more information, check out the <a href="https://www.smogon.com/forums/threads/3740067/">thread on Smogon.</a></div>
|j|☆evoqative
|j|☆oddishlover4
|t:|1781013860
|gametype|singles
|player|p1|evoqative|2|1549
|player|p2|oddishlover4|acetrainerf|1602
|gen|9
|tier|[Gen 9] OU
|rated|
|rule|HP Percentage Mod: HP is shown in percentages
|rule|Endless Battle Clause: Forcing endless battles is banned
|rule|Species Clause: Limit one of each Pokémon
|rule|OHKO Clause: OHKO moves are banned
|rule|Evasion Items Clause: Evasion items are banned
|rule|Evasion Moves Clause: Evasion moves are banned
|rule|Evasion Abilities Clause: Evasion abilities are banned
|rule|Sleep Moves Clause: Sleep-inducing moves are banned
|clearpoke
|poke|p1|Kyurem|
|poke|p1|Iron Treads|
|poke|p1|Cinderace, M|
|poke|p1|Gholdengo|
|poke|p1|Ogerpon-Wellspring, F|
|poke|p1|Slither Wing|
|poke|p2|Kyurem|
|poke|p2|Hatterene, F|
|poke|p2|Darkrai|
|poke|p2|Great Tusk|
|poke|p2|Dragonite, F|
|poke|p2|Gholdengo|
|teampreview
|c|☆oddishlover4|gl/hf!
|inactive|Battle timer is ON: inactive players will automatically lose when time's up. (requested by oddishlover4)
|c|☆evoqative|u2
|
|t:|1781013889
|teamsize|p1|6
|teamsize|p2|6
|start
|switch|p1a: Cinderace|Cinderace, M|100/100
|switch|p2a: Dragonite|Dragonite, F|100/100
|turn|1
|
|t:|1781013906
|move|p1a: Cinderace|U-turn|p2a: Dragonite
|-start|p1a: Cinderace|typechange|Bug|[from] ability: Libero
|-resisted|p2a: Dragonite
|-damage|p2a: Dragonite|89/100
|
|t:|1781013911
|switch|p1a: Kyurem|Kyurem, shiny|100/100|[from] U-turn
|-ability|p1a: Kyurem|Pressure
|move|p2a: Dragonite|Dragon Dance|p2a: Dragonite
|-boost|p2a: Dragonite|atk|1
|-boost|p2a: Dragonite|spe|1
|
|upkeep
|turn|2
|
|t:|1781013929
|-terastallize|p2a: Dragonite|Fire
|move|p2a: Dragonite|Fire Punch|p1a: Kyurem
|-damage|p1a: Kyurem|61/100
|move|p1a: Kyurem|Freeze-Dry|p2a: Dragonite
|-resisted|p2a: Dragonite
|-damage|p2a: Dragonite|77/100
|
|upkeep
|turn|3
|
|t:|1781013947
|move|p2a: Dragonite|Fire Punch|p1a: Kyurem
|-damage|p1a: Kyurem|25/100
|move|p1a: Kyurem|Earth Power|p2a: Dragonite
|-supereffective|p2a: Dragonite
|-damage|p2a: Dragonite|30/100
|
|upkeep
|turn|4
|
|t:|1781013972
|-terastallize|p1a: Kyurem|Poison
|move|p2a: Dragonite|Fire Punch|p1a: Kyurem
|-damage|p1a: Kyurem|0 fnt
|faint|p1a: Kyurem
|
|upkeep
|inactive|evoqative has 120 seconds left.
|
|t:|1781013987
|switch|p1a: Gholdengo|Gholdengo|100/100
|turn|5
|inactive|evoqative has 120 seconds left.
|inactive|evoqative has 90 seconds left.
|
|t:|1781014038
|move|p1a: Gholdengo|Shadow Ball|p2a: Dragonite
|-damage|p2a: Dragonite|0 fnt
|faint|p2a: Dragonite
|
|upkeep
|inactive|oddishlover4 has 120 seconds left.
|
|t:|1781014056
|switch|p2a: Darkrai|Darkrai|100/100
|turn|6
|inactive|evoqative has 90 seconds left.
|inactive|oddishlover4 has 120 seconds left.
|
|t:|1781014074
|switch|p1a: Slither Wing|Slither Wing, shiny|100/100
|move|p2a: Darkrai|Will-O-Wisp|p1a: Slither Wing
|-status|p1a: Slither Wing|brn
|
|-damage|p1a: Slither Wing|94/100 brn|[from] brn
|upkeep
|turn|7
|inactive|evoqative has 90 seconds left.
|
|t:|1781014091
|switch|p2a: Great Tusk|Great Tusk|100/100
|move|p1a: Slither Wing|U-turn|p2a: Great Tusk
|-resisted|p2a: Great Tusk
|-damage|p2a: Great Tusk|96/100
|inactive|evoqative has 90 seconds left.
|
|t:|1781014102
|-end|p1a: Slither Wing|Protosynthesis|[silent]
|switch|p1a: Ogerpon|Ogerpon-Wellspring, F|100/100|[from] U-turn
|
|-heal|p2a: Great Tusk|100/100|[from] item: Leftovers
|upkeep
|turn|8
|inactive|evoqative has 90 seconds left.
|
|t:|1781014120
|-end|p2a: Great Tusk|Protosynthesis|[silent]
|switch|p2a: Kyurem|Kyurem|100/100
|-ability|p2a: Kyurem|Pressure
|move|p1a: Ogerpon|Spikes|p2a: Kyurem
|-sidestart|p2: oddishlover4|Spikes
|
|upkeep
|turn|9
|
|t:|1781014137
|switch|p1a: Cinderace|Cinderace, M|100/100
|switch|p2a: Great Tusk|Great Tusk|100/100
|-damage|p2a: Great Tusk|88/100|[from] Spikes
|
|-heal|p2a: Great Tusk|94/100|[from] item: Leftovers
|upkeep
|turn|10
|
|t:|1781014154
|move|p1a: Cinderace|U-turn|p2a: Great Tusk
|-start|p1a: Cinderace|typechange|Bug|[from] ability: Libero
|-resisted|p2a: Great Tusk
|-crit|p2a: Great Tusk
|-damage|p2a: Great Tusk|72/100
|
|t:|1781014162
|switch|p1a: Slither Wing|Slither Wing, shiny|94/100 brn|[from] U-turn
|move|p2a: Great Tusk|Rapid Spin|p1a: Slither Wing
|-damage|p1a: Slither Wing|83/100 brn
|-boost|p2a: Great Tusk|spe|1
|-sideend|p2: oddishlover4|Spikes|[from] move: Rapid Spin|[of] p2a: Great Tusk
|
|-heal|p2a: Great Tusk|78/100|[from] item: Leftovers
|-damage|p1a: Slither Wing|76/100 brn|[from] brn
|upkeep
|turn|11
|
|t:|1781014180
|move|p2a: Great Tusk|Stealth Rock|p1a: Slither Wing
|-sidestart|p1: evoqative|move: Stealth Rock
|move|p1a: Slither Wing|Will-O-Wisp|p2a: Great Tusk
|-status|p2a: Great Tusk|brn
|
|-heal|p2a: Great Tusk|84/100 brn|[from] item: Leftovers
|-damage|p2a: Great Tusk|78/100 brn|[from] brn
|-damage|p1a: Slither Wing|70/100 brn|[from] brn
|upkeep
|turn|12
|inactive|oddishlover4 has 90 seconds left.
|inactive|evoqative has 90 seconds left.
|inactive|evoqative has 60 seconds left.
|
|t:|1781014244
|move|p2a: Great Tusk|Rapid Spin|p1a: Slither Wing
|-damage|p1a: Slither Wing|65/100 brn
|-boost|p2a: Great Tusk|spe|1
|move|p1a: Slither Wing|U-turn|p2a: Great Tusk
|-resisted|p2a: Great Tusk
|-damage|p2a: Great Tusk|74/100 brn
|
|t:|1781014251
|-end|p1a: Slither Wing|Protosynthesis|[silent]
|switch|p1a: Ogerpon|Ogerpon-Wellspring, F|100/100|[from] U-turn
|-damage|p1a: Ogerpon|88/100|[from] Stealth Rock
|
|-heal|p2a: Great Tusk|80/100 brn|[from] item: Leftovers
|-damage|p2a: Great Tusk|74/100 brn|[from] brn
|upkeep
|turn|13
|inactive|oddishlover4 has 90 seconds left.
|
|t:|1781014269
|move|p2a: Great Tusk|Ice Spinner|p1a: Ogerpon
|-damage|p1a: Ogerpon|74/100
|move|p1a: Ogerpon|Ivy Cudgel|p2a: Great Tusk|[anim] Ivy Cudgel Water
|-supereffective|p2a: Great Tusk
|-damage|p2a: Great Tusk|12/100 brn
|
|-heal|p2a: Great Tusk|18/100 brn|[from] item: Leftovers
|-damage|p2a: Great Tusk|12/100 brn|[from] brn
|upkeep
|turn|14
|inactive|oddishlover4 has 90 seconds left.
|
|t:|1781014287
|-end|p2a: Great Tusk|Protosynthesis|[silent]
|switch|p2a: Kyurem|Kyurem|100/100
|-ability|p2a: Kyurem|Pressure
|move|p1a: Ogerpon|Ivy Cudgel|p2a: Kyurem|[anim] Ivy Cudgel Water
|-resisted|p2a: Kyurem
|-damage|p2a: Kyurem|79/100
|
|upkeep
|turn|15
|inactive|oddishlover4 has 90 seconds left.
|
|t:|1781014304
|move|p1a: Ogerpon|Low Kick|p2a: Kyurem
|-supereffective|p2a: Kyurem
|-damage|p2a: Kyurem|4/100
|move|p2a: Kyurem|Ice Beam|p1a: Ogerpon
|-damage|p1a: Ogerpon|21/100
|
|upkeep
|turn|16
|
|t:|1781014313
|switch|p2a: Great Tusk|Great Tusk|12/100 brn
|move|p1a: Ogerpon|Ivy Cudgel|p2a: Great Tusk|[anim] Ivy Cudgel Water
|-supereffective|p2a: Great Tusk
|-damage|p2a: Great Tusk|0 fnt
|faint|p2a: Great Tusk
|-end|p2a: Great Tusk|Protosynthesis|[silent]
|
|upkeep
|
|t:|1781014322
|switch|p2a: Darkrai|Darkrai|100/100
|turn|17
|inactive|evoqative has 90 seconds left.
|inactive|oddishlover4 has 90 seconds left.
|
|t:|1781014331
|switch|p2a: Hatterene|Hatterene, F|100/100
|switch|p1a: Slither Wing|Slither Wing, shiny|65/100 brn
|
|-damage|p1a: Slither Wing|59/100 brn|[from] brn
|upkeep
|turn|18
|inactive|evoqative has 90 seconds left.
|inactive|oddishlover4 has 90 seconds left.
|
|t:|1781014349
|move|p1a: Slither Wing|Morning Sun|p1a: Slither Wing
|-heal|p1a: Slither Wing|100/100 brn
|move|p2a: Hatterene|Draining Kiss|p1a: Slither Wing
|-supereffective|p1a: Slither Wing
|-damage|p1a: Slither Wing|57/100 brn
|
|-damage|p1a: Slither Wing|51/100 brn|[from] brn
|upkeep
|turn|19
|inactive|oddishlover4 has 90 seconds left.
|
|t:|1781014358
|move|p1a: Slither Wing|U-turn|p2a: Hatterene
|-damage|p2a: Hatterene|88/100
|-damage|p1a: Slither Wing|34/100 brn|[from] item: Rocky Helmet|[of] p2a: Hatterene
|
|t:|1781014362
|-end|p1a: Slither Wing|Protosynthesis|[silent]
|switch|p1a: Cinderace|Cinderace, M|100/100|[from] U-turn
|-damage|p1a: Cinderace|76/100|[from] Stealth Rock
|move|p2a: Hatterene|Draining Kiss|p1a: Cinderace
|-resisted|p1a: Cinderace
|-damage|p1a: Cinderace|59/100
|-heal|p2a: Hatterene|99/100|[from] drain|[of] p1a: Cinderace
|
|upkeep
|turn|20
|inactive|oddishlover4 has 90 seconds left.
|
|t:|1781014380
|move|p1a: Cinderace|Court Change|p1a: Cinderace
|-start|p1a: Cinderace|typechange|Normal|[from] ability: Libero
|-swapsideconditions
|-activate|p1a: Cinderace|move: Court Change
|move|p2a: Hatterene|Psychic Noise|p1a: Cinderace
|-damage|p1a: Cinderace|12/100
|-start|p1a: Cinderace|move: Heal Block
|
|upkeep
|turn|21
|inactive|evoqative has 120 seconds left.
|inactive|oddishlover4 has 90 seconds left.
|
|t:|1781014398
|switch|p1a: Iron Treads|Iron Treads|100/100
|move|p2a: Hatterene|Psychic Noise|p1a: Iron Treads
|-resisted|p1a: Iron Treads
|-damage|p1a: Iron Treads|86/100
|-start|p1a: Iron Treads|move: Heal Block
|
|upkeep
|turn|22
|inactive|oddishlover4 has 90 seconds left.
|
|t:|1781014416
|move|p1a: Iron Treads|Earthquake|p2a: Hatterene
|-damage|p2a: Hatterene|67/100
|move|p2a: Hatterene|Draining Kiss|p1a: Iron Treads
|-resisted|p1a: Iron Treads
|-damage|p1a: Iron Treads|78/100
|-heal|p2a: Hatterene|74/100|[from] drain|[of] p1a: Iron Treads
|
|-end|p1a: Iron Treads|move: Heal Block
|upkeep
|turn|23
|
|t:|1781014434
|move|p1a: Iron Treads|Rapid Spin|p2a: Hatterene
|-damage|p2a: Hatterene|62/100
|-boost|p1a: Iron Treads|spe|1
|-damage|p1a: Iron Treads|62/100|[from] item: Rocky Helmet|[of] p2a: Hatterene
|move|p2a: Hatterene|Pain Split|p1a: Iron Treads
|-sethp|p1a: Iron Treads|56/100|[from] move: Pain Split|[silent]
|-sethp|p2a: Hatterene|68/100|[from] move: Pain Split
|
|upkeep
|turn|24
|
|t:|1781014453
|move|p1a: Iron Treads|Earthquake|p2a: Hatterene
|-damage|p2a: Hatterene|32/100
|move|p2a: Hatterene|Pain Split|p1a: Iron Treads
|-sethp|p1a: Iron Treads|41/100|[from] move: Pain Split|[silent]
|-sethp|p2a: Hatterene|50/100|[from] move: Pain Split
|
|upkeep
|turn|25
|
|t:|1781014471
|move|p1a: Iron Treads|Earthquake|p2a: Hatterene
|-damage|p2a: Hatterene|18/100
|move|p2a: Hatterene|Psychic Noise|p1a: Iron Treads
|-resisted|p1a: Iron Treads
|-damage|p1a: Iron Treads|29/100
|-start|p1a: Iron Treads|move: Heal Block
|
|upkeep
|turn|26
|inactive|oddishlover4 has 60 seconds left.
|
|t:|1781014489
|move|p1a: Iron Treads|Earthquake|p2a: Hatterene
|-damage|p2a: Hatterene|0 fnt
|faint|p2a: Hatterene
|
|-end|p1a: Iron Treads|move: Heal Block
|upkeep
|inactive|oddishlover4 has 60 seconds left.
|
|t:|1781014506
|switch|p2a: Darkrai|Darkrai|100/100
|-damage|p2a: Darkrai|88/100|[from] Stealth Rock
|turn|27
|inactive|evoqative has 120 seconds left.
|
|t:|1781014548
|move|p2a: Darkrai|Dark Pulse|p1a: Iron Treads
|-damage|p1a: Iron Treads|0 fnt
|faint|p1a: Iron Treads
|-end|p1a: Iron Treads|Quark Drive|[silent]
|
|upkeep
|
|t:|1781014553
|switch|p1a: Slither Wing|Slither Wing, shiny|34/100 brn
|turn|28
|
|t:|1781014562
|move|p2a: Darkrai|Dark Pulse|p1a: Slither Wing
|-resisted|p1a: Slither Wing
|-damage|p1a: Slither Wing|17/100 brn
|move|p1a: Slither Wing|Morning Sun|p1a: Slither Wing
|-heal|p1a: Slither Wing|67/100 brn
|
|-damage|p1a: Slither Wing|61/100 brn|[from] brn
|upkeep
|turn|29
|inactive|oddishlover4 has 60 seconds left.
|
|t:|1781014571
|switch|p2a: Gholdengo|Gholdengo|100/100
|-damage|p2a: Gholdengo|94/100|[from] Stealth Rock
|-item|p2a: Gholdengo|Air Balloon
|move|p1a: Slither Wing|Morning Sun|p1a: Slither Wing
|-heal|p1a: Slither Wing|100/100 brn
|
|-damage|p1a: Slither Wing|94/100 brn|[from] brn
|upkeep
|turn|30
|
|t:|1781014580
|move|p2a: Gholdengo|Hex|p1a: Slither Wing
|-damage|p1a: Slither Wing|44/100 brn
|move|p1a: Slither Wing|U-turn|p2a: Gholdengo
|-resisted|p2a: Gholdengo
|-damage|p2a: Gholdengo|92/100
|-enditem|p2a: Gholdengo|Air Balloon
|
|t:|1781014587
|-end|p1a: Slither Wing|Protosynthesis|[silent]
|switch|p1a: Cinderace|Cinderace, M|12/100|[from] U-turn
|
|upkeep
|turn|31
|
|t:|1781014605
|switch|p2a: Kyurem|Kyurem|4/100
|-damage|p2a: Kyurem|0 fnt|[from] Stealth Rock
|faint|p2a: Kyurem
|move|p1a: Cinderace|Pyro Ball|p2: Kyurem|[notarget]
|-fail|p1a: Cinderace
|
|upkeep
|
|t:|1781014613
|switch|p2a: Darkrai|Darkrai|88/100
|-damage|p2a: Darkrai|76/100|[from] Stealth Rock
|turn|32
|
|t:|1781014626
|switch|p1a: Ogerpon|Ogerpon-Wellspring, F|21/100
|move|p2a: Darkrai|Dark Pulse|p1a: Ogerpon
|-damage|p1a: Ogerpon|0 fnt
|faint|p1a: Ogerpon
|
|upkeep
|
|t:|1781014630
|switch|p1a: Slither Wing|Slither Wing, shiny|44/100 brn
|turn|33
|
|t:|1781014640
|move|p2a: Darkrai|Dark Pulse|p1a: Slither Wing
|-resisted|p1a: Slither Wing
|-damage|p1a: Slither Wing|26/100 brn
|move|p1a: Slither Wing|Morning Sun|p1a: Slither Wing
|-heal|p1a: Slither Wing|76/100 brn
|
|-damage|p1a: Slither Wing|70/100 brn|[from] brn
|upkeep
|turn|34
|
|t:|1781014657
|move|p2a: Darkrai|Dark Pulse|p1a: Slither Wing
|-resisted|p1a: Slither Wing
|-damage|p1a: Slither Wing|53/100 brn
|move|p1a: Slither Wing|U-turn|p2a: Darkrai
|-supereffective|p2a: Darkrai
|-damage|p2a: Darkrai|31/100
|
|t:|1781014664
|-end|p1a: Slither Wing|Protosynthesis|[silent]
|switch|p1a: Gholdengo|Gholdengo|100/100|[from] U-turn
|
|upkeep
|turn|35
|inactive|oddishlover4 has 90 seconds left.
|
|t:|1781014681
|switch|p2a: Gholdengo|Gholdengo|92/100
|-damage|p2a: Gholdengo|86/100|[from] Stealth Rock
|move|p1a: Gholdengo|Shadow Ball|p2a: Gholdengo
|-supereffective|p2a: Gholdengo
|-damage|p2a: Gholdengo|0 fnt
|faint|p2a: Gholdengo
|
|upkeep
|inactive|oddishlover4 has 90 seconds left.
|
|t:|1781014690
|switch|p2a: Darkrai|Darkrai|31/100
|-damage|p2a: Darkrai|18/100|[from] Stealth Rock
|turn|36
|c|☆evoqative|gg
|
|t:|1781014698
|move|p2a: Darkrai|Dark Pulse|p1a: Gholdengo
|-supereffective|p1a: Gholdengo
|-damage|p1a: Gholdengo|0 fnt
|faint|p1a: Gholdengo
|
|upkeep
|
|t:|1781014701
|switch|p1a: Slither Wing|Slither Wing, shiny|53/100 brn
|turn|37
|
|t:|1781014704
|move|p1a: Slither Wing|First Impression|p2a: Darkrai
|-supereffective|p2a: Darkrai
|-damage|p2a: Darkrai|0 fnt
|faint|p2a: Darkrai
|
|win|evoqative
|raw|evoqative's rating: 1549 &rarr; <strong>1572</strong><br />(+23 for winning)
|raw|oddishlover4's rating: 1602 &rarr; <strong>1579</strong><br />(-23 for losing)
|c|☆oddishlover4|GG!
|l|☆evoqative
|player|p1|
