|j|☆saxafrax
|j|☆extra-pseudo man
|t:|1781107518
|gametype|singles
|player|p1|saxafrax|dancer|1735
|player|p2|extra-pseudo man|supernerd|1686
|gen|9
|tier|[Gen 9] OU
|rated|
|rule|HP Percentage Mod: HP is shown in percentages
|rule|Endless Battle Clause: Forcing endless battles is banned
|rule|Species Clause: Limit one of each Pokémon
|rule|OHKO Clause: OHKO moves are banned
|rule|Evasion Items Clause: Evasion items are banned
|rule|Evasion Moves Clause: Evasion moves are banned
|rule|Evasion Abilities Clause: Evasion abilities are banned
|rule|Sleep Moves Clause: Sleep-inducing moves are banned
|clearpoke
|poke|p1|Araquanid, M|
|poke|p1|Ceruledge, M|
|poke|p1|Enamorus, F|
|poke|p1|Iron Treads|
|poke|p1|Kingambit, M|
|poke|p1|Pecharunt|
|poke|p2|Dragonite, M|
|poke|p2|Dragapult, M|
|poke|p2|Tyranitar, F|
|poke|p2|Metagross|
|poke|p2|Goodra-Hisui, M|
|poke|p2|Garchomp, M|
|teampreview
|
|t:|1781107534
|teamsize|p1|6
|teamsize|p2|6
|start
|switch|p1a: Araquanid|Araquanid, M|100/100
|switch|p2a: Burn Up|Metagross|100/100
|turn|1
|
|t:|1781107541
|move|p2a: Burn Up|Heavy Slam|p1a: Araquanid
|-resisted|p1a: Araquanid
|-damage|p1a: Araquanid|44/100
|move|p1a: Araquanid|Sticky Web|p2a: Burn Up
|-sidestart|p2: extra-pseudo man|move: Sticky Web
|
|upkeep
|turn|2
|
|t:|1781107548
|move|p2a: Burn Up|Heavy Slam|p1a: Araquanid
|-resisted|p1a: Araquanid
|-damage|p1a: Araquanid|0 fnt
|faint|p1a: Araquanid
|
|upkeep
|
|t:|1781107568
|switch|p1a: Kingambit|Kingambit, M|100/100
|-activate|p1a: Kingambit|ability: Supreme Overlord
|-start|p1a: Kingambit|fallen1|[silent]
|turn|3
|
|t:|1781107572
|switch|p2a: The Sac|Garchomp, M|100/100
|-activate|p2a: The Sac|move: Sticky Web
|-unboost|p2a: The Sac|spe|1
|move|p1a: Kingambit|Kowtow Cleave|p2a: The Sac
|-damage|p2a: The Sac|62/100
|-damage|p1a: Kingambit|88/100|[from] ability: Rough Skin|[of] p2a: The Sac
|-damage|p1a: Kingambit|72/100|[from] item: Rocky Helmet|[of] p2a: The Sac
|
|upkeep
|turn|4
|
|t:|1781107581
|-end|p1a: Kingambit|fallen1|[silent]
|switch|p1a: Enamorus|Enamorus, F|100/100
|move|p2a: The Sac|Earthquake|p1a: Enamorus
|-immune|p1a: Enamorus
|
|upkeep
|turn|5
|
|t:|1781107589
|switch|p2a: Tyranocif|Tyranitar, F|100/100
|-activate|p2a: Tyranocif|move: Sticky Web
|-unboost|p2a: Tyranocif|spe|1
|-weather|Sandstorm|[from] ability: Sand Stream|[of] p2a: Tyranocif
|move|p1a: Enamorus|Earth Power|p2a: Tyranocif
|-supereffective|p2a: Tyranocif
|-damage|p2a: Tyranocif|57/100
|
|-weather|Sandstorm|[upkeep]
|-damage|p1a: Enamorus|94/100|[from] Sandstorm
|-heal|p2a: Tyranocif|64/100|[from] item: Leftovers
|upkeep
|turn|6
|
|t:|1781107598
|switch|p1a: Iron Treads|Iron Treads|100/100
|-enditem|p1a: Iron Treads|Booster Energy
|-activate|p1a: Iron Treads|ability: Quark Drive|[fromitem]
|-start|p1a: Iron Treads|quarkdrivespe
|move|p2a: Tyranocif|Knock Off|p1a: Iron Treads
|-damage|p1a: Iron Treads|76/100
|
|-weather|Sandstorm|[upkeep]
|-heal|p2a: Tyranocif|70/100|[from] item: Leftovers
|upkeep
|turn|7
|
|t:|1781107604
|switch|p2a: The Sac|Garchomp, M|62/100
|-activate|p2a: The Sac|move: Sticky Web
|-unboost|p2a: The Sac|spe|1
|move|p1a: Iron Treads|Stealth Rock|p2a: The Sac
|-sidestart|p2: extra-pseudo man|move: Stealth Rock
|
|-weather|Sandstorm|[upkeep]
|upkeep
|turn|8
|
|t:|1781107610
|move|p1a: Iron Treads|Earth Power|p2a: The Sac
|-damage|p2a: The Sac|30/100
|move|p2a: The Sac|Fire Fang|p1a: Iron Treads
|-supereffective|p1a: Iron Treads
|-damage|p1a: Iron Treads|41/100
|
|-weather|Sandstorm|[upkeep]
|upkeep
|turn|9
|
|t:|1781107615
|move|p1a: Iron Treads|Earth Power|p2a: The Sac
|-damage|p2a: The Sac|2/100
|move|p2a: The Sac|Fire Fang|p1a: Iron Treads
|-supereffective|p1a: Iron Treads
|-damage|p1a: Iron Treads|7/100
|
|-weather|none
|upkeep
|turn|10
|
|t:|1781107619
|move|p1a: Iron Treads|Earth Power|p2a: The Sac
|-damage|p2a: The Sac|0 fnt
|faint|p2a: The Sac
|
|upkeep
|
|t:|1781107625
|switch|p2a: Burn Up|Metagross|100/100
|-activate|p2a: Burn Up|move: Sticky Web
|-fail|p2a: Burn Up|unboost|[from] ability: Clear Body|[of] p2a: Burn Up
|-damage|p2a: Burn Up|95/100|[from] Stealth Rock
|turn|11
|
|t:|1781107628
|move|p2a: Burn Up|Bullet Punch|p1a: Iron Treads
|-resisted|p1a: Iron Treads
|-damage|p1a: Iron Treads|0 fnt
|faint|p1a: Iron Treads
|-end|p1a: Iron Treads|Quark Drive|[silent]
|
|upkeep
|
|t:|1781107635
|switch|p1a: Kingambit|Kingambit, M|72/100
|-activate|p1a: Kingambit|ability: Supreme Overlord
|-start|p1a: Kingambit|fallen2|[silent]
|turn|12
|
|t:|1781107639
|switch|p2a: The good|Goodra-Hisui, M|100/100
|-activate|p2a: The good|move: Sticky Web
|-unboost|p2a: The good|spe|1
|-damage|p2a: The good|94/100|[from] Stealth Rock
|move|p1a: Kingambit|Kowtow Cleave|p2a: The good
|-damage|p2a: The good|16/100
|-ability|p2a: The good|Gooey
|-unboost|p1a: Kingambit|spe|1
|
|upkeep
|turn|13
|
|t:|1781107644
|move|p2a: The good|Thunderbolt|p1a: Kingambit
|-crit|p1a: Kingambit
|-damage|p1a: Kingambit|0 fnt
|faint|p1a: Kingambit
|-end|p1a: Kingambit|fallen2|[silent]
|
|upkeep
|
|t:|1781107661
|switch|p1a: Enamorus|Enamorus, F|94/100
|turn|14
|
|t:|1781107665
|move|p1a: Enamorus|Earth Power|p2a: The good
|-supereffective|p2a: The good
|-damage|p2a: The good|0 fnt
|faint|p2a: The good
|
|upkeep
|
|t:|1781107684
|switch|p2a: Manny|Dragonite, M|100/100
|turn|15
|
|t:|1781107687
|switch|p1a: Pecharunt|Pecharunt|100/100
|-item|p1a: Pecharunt|Air Balloon
|move|p2a: Manny|Dragon Dance|p2a: Manny
|-boost|p2a: Manny|atk|1
|-boost|p2a: Manny|spe|1
|
|upkeep
|turn|16
|
|t:|1781107692
|switch|p2a: Tyranocif|Tyranitar, F|70/100
|-activate|p2a: Tyranocif|move: Sticky Web
|-unboost|p2a: Tyranocif|spe|1
|-damage|p2a: Tyranocif|57/100|[from] Stealth Rock
|-weather|Sandstorm|[from] ability: Sand Stream|[of] p2a: Tyranocif
|move|p1a: Pecharunt|Malignant Chain|p2a: Tyranocif
|-resisted|p2a: Tyranocif
|-damage|p2a: Tyranocif|50/100
|-status|p2a: Tyranocif|tox
|-start|p2a: Tyranocif|confusion|[from] ability: Poison Puppeteer|[of] p1a: Pecharunt
|
|-weather|Sandstorm|[upkeep]
|-damage|p1a: Pecharunt|95/100|[from] Sandstorm
|-heal|p2a: Tyranocif|56/100 tox|[from] item: Leftovers
|-damage|p2a: Tyranocif|50/100 tox|[from] psn
|upkeep
|turn|17
|
|t:|1781107707
|switch|p1a: Enamorus|Enamorus, F|94/100
|switch|p2a: Burn Up|Metagross|95/100
|-activate|p2a: Burn Up|move: Sticky Web
|-fail|p2a: Burn Up|unboost|[from] ability: Clear Body|[of] p2a: Burn Up
|-damage|p2a: Burn Up|89/100|[from] Stealth Rock
|
|-weather|Sandstorm|[upkeep]
|-damage|p1a: Enamorus|88/100|[from] Sandstorm
|upkeep
|turn|18
|
|t:|1781107716
|switch|p1a: Ceruledge|Ceruledge, M|100/100
|move|p2a: Burn Up|Bullet Punch|p1a: Ceruledge
|-resisted|p1a: Ceruledge
|-damage|p1a: Ceruledge|78/100
|-ability|p1a: Ceruledge|Weak Armor|boost
|-unboost|p1a: Ceruledge|def|1
|-boost|p1a: Ceruledge|spe|2
|
|-weather|Sandstorm|[upkeep]
|-damage|p1a: Ceruledge|72/100|[from] Sandstorm
|upkeep
|turn|19
|
|t:|1781107731
|switch|p2a: Tyranocif|Tyranitar, F|50/100 tox
|-activate|p2a: Tyranocif|move: Sticky Web
|-unboost|p2a: Tyranocif|spe|1
|-damage|p2a: Tyranocif|37/100 tox|[from] Stealth Rock
|move|p1a: Ceruledge|Poltergeist|p2a: Tyranocif
|-activate|p2a: Tyranocif|move: Poltergeist|Leftovers
|-resisted|p2a: Tyranocif
|-damage|p2a: Tyranocif|8/100 tox
|-damage|p1a: Ceruledge|62/100|[from] item: Life Orb
|
|-weather|Sandstorm|[upkeep]
|-damage|p1a: Ceruledge|56/100|[from] Sandstorm
|-heal|p2a: Tyranocif|15/100 tox|[from] item: Leftovers
|-damage|p2a: Tyranocif|8/100 tox|[from] psn
|upkeep
|turn|20
|
|t:|1781107740
|move|p1a: Ceruledge|Bitter Blade|p2a: Tyranocif
|-resisted|p2a: Tyranocif
|-damage|p2a: Tyranocif|0 fnt
|-heal|p1a: Ceruledge|61/100|[from] drain|[of] p2a: Tyranocif
|faint|p2a: Tyranocif
|-damage|p1a: Ceruledge|51/100|[from] item: Life Orb
|
|-weather|none
|upkeep
|
|t:|1781107745
|switch|p2a: He pulten on it|Dragapult, M|100/100
|turn|21
|
|t:|1781107753
|move|p1a: Ceruledge|Poltergeist|p2a: He pulten on it
|-activate|p2a: He pulten on it|move: Poltergeist|Heavy-Duty Boots
|-supereffective|p2a: He pulten on it
|-damage|p2a: He pulten on it|0 fnt
|faint|p2a: He pulten on it
|-damage|p1a: Ceruledge|41/100|[from] item: Life Orb
|
|upkeep
|
|t:|1781107759
|switch|p2a: Burn Up|Metagross|89/100
|-activate|p2a: Burn Up|move: Sticky Web
|-fail|p2a: Burn Up|unboost|[from] ability: Clear Body|[of] p2a: Burn Up
|-damage|p2a: Burn Up|83/100|[from] Stealth Rock
|turn|22
|
|t:|1781107768
|-terastallize|p2a: Burn Up|Steel
|move|p2a: Burn Up|Bullet Punch|p1a: Ceruledge
|-resisted|p1a: Ceruledge
|-damage|p1a: Ceruledge|0 fnt
|faint|p1a: Ceruledge
|
|upkeep
|
|t:|1781107779
|switch|p1a: Enamorus|Enamorus, F|88/100
|turn|23
|
|t:|1781107787
|move|p2a: Burn Up|Bullet Punch|p1a: Enamorus
|-supereffective|p1a: Enamorus
|-damage|p1a: Enamorus|0 fnt
|faint|p1a: Enamorus
|
|upkeep
|
|t:|1781107790
|switch|p1a: Pecharunt|Pecharunt|95/100
|-item|p1a: Pecharunt|Air Balloon
|turn|24
|
|t:|1781107794
|move|p2a: Burn Up|Bullet Punch|p1a: Pecharunt
|-damage|p1a: Pecharunt|61/100
|-enditem|p1a: Pecharunt|Air Balloon
|move|p1a: Pecharunt|Nasty Plot|p1a: Pecharunt
|-boost|p1a: Pecharunt|spa|2
|
|upkeep
|turn|25
|
|t:|1781107804
|switch|p2a: Manny|Dragonite, M|100/100
|move|p1a: Pecharunt|Shadow Ball|p2a: Manny
|-damage|p2a: Manny|67/100
|
|upkeep
|turn|26
|
|t:|1781107810
|move|p1a: Pecharunt|Malignant Chain|p2a: Manny
|-damage|p2a: Manny|0 fnt
|faint|p2a: Manny
|
|upkeep
|
|t:|1781107813
|switch|p2a: Burn Up|Metagross, tera:Steel|83/100
|-activate|p2a: Burn Up|move: Sticky Web
|-fail|p2a: Burn Up|unboost|[from] ability: Clear Body|[of] p2a: Burn Up
|-damage|p2a: Burn Up|77/100|[from] Stealth Rock
|turn|27
|
|t:|1781107819
|-terastallize|p1a: Pecharunt|Ghost
|move|p1a: Pecharunt|Shadow Ball|p2a: Burn Up
|-damage|p2a: Burn Up|0 fnt
|faint|p2a: Burn Up
|
|win|saxafrax
|raw|saxafrax's rating: 1735 &rarr; <strong>1752</strong><br />(+17 for winning)
|raw|extra-pseudo man's rating: 1686 &rarr; <strong>1669</strong><br />(-17 for losing)
|l|☆extra-pseudo man
|player|p2|
|l|☆saxafrax
|player|p1|
