|j|☆dang21
|j|☆101Darmanitans
|t:|1780971169
|gametype|singles
|player|p1|dang21|hilbert-wonderlauncher|1510
|player|p2|101Darmanitans|roxie|1582
|gen|9
|tier|[Gen 9] OU
|rated|
|rule|HP Percentage Mod: HP is shown in percentages
|rule|Endless Battle Clause: Forcing endless battles is banned
|rule|Species Clause: Limit one of each Pokémon
|rule|OHKO Clause: OHKO moves are banned
|rule|Evasion Items Clause: Evasion items are banned
|rule|Evasion Moves Clause: Evasion moves are banned
|rule|Evasion Abilities Clause: Evasion abilities are banned
|rule|Sleep Moves Clause: Sleep-inducing moves are banned
|clearpoke
|poke|p1|Gholdengo|
|poke|p1|Kingambit, M|
|poke|p1|Kyurem|
|poke|p1|Primarina, M|
|poke|p1|Ogerpon, F|
|poke|p1|Cinderace, F|
|poke|p2|Flamigo, F|
|poke|p2|Slowking-Galar, M|
|poke|p2|Iron Treads|
|poke|p2|Dragapult, M|
|poke|p2|Samurott-Hisui, M|
|poke|p2|Iron Valiant|
|teampreview
|
|t:|1780971207
|teamsize|p1|6
|teamsize|p2|6
|start
|switch|p1a: Cinderace|Cinderace, F|100/100
|switch|p2a: Dragapult|Dragapult, M|100/100
|turn|1
|
|t:|1780971216
|move|p1a: Cinderace|Sucker Punch|p2a: Dragapult
|-start|p1a: Cinderace|typechange|Dark|[from] ability: Libero
|-supereffective|p2a: Dragapult
|-damage|p2a: Dragapult|0 fnt
|faint|p2a: Dragapult
|
|upkeep
|
|t:|1780971233
|switch|p2a: Samurott|Samurott-Hisui, M|100/100
|turn|2
|
|t:|1780971238
|move|p2a: Samurott|Ceaseless Edge|p1a: Cinderace
|-resisted|p1a: Cinderace
|-damage|p1a: Cinderace|71/100
|-sidestart|p1: dang21|Spikes
|move|p1a: Cinderace|U-turn|p2a: Samurott
|-supereffective|p2a: Samurott
|-damage|p2a: Samurott|48/100
|
|t:|1780971254
|switch|p1a: Primarina|Primarina, M|100/100|[from] U-turn
|-damage|p1a: Primarina|88/100|[from] Spikes
|
|-heal|p1a: Primarina|94/100|[from] item: Leftovers
|upkeep
|turn|3
|
|t:|1780971266
|switch|p2a: Slowking|Slowking-Galar, M|100/100
|move|p1a: Primarina|Calm Mind|p1a: Primarina
|-boost|p1a: Primarina|spa|1
|-boost|p1a: Primarina|spd|1
|
|-heal|p1a: Primarina|99/100|[from] item: Leftovers
|upkeep
|turn|4
|
|t:|1780971271
|move|p1a: Primarina|Calm Mind|p1a: Primarina
|-boost|p1a: Primarina|spa|1
|-boost|p1a: Primarina|spd|1
|move|p2a: Slowking|Sludge Bomb|p1a: Primarina
|-supereffective|p1a: Primarina
|-damage|p1a: Primarina|70/100
|
|-heal|p1a: Primarina|76/100|[from] item: Leftovers
|upkeep
|turn|5
|
|t:|1780971275
|move|p1a: Primarina|Surf|p2a: Slowking
|-damage|p2a: Slowking|51/100
|move|p2a: Slowking|Sludge Bomb|p1a: Primarina
|-supereffective|p1a: Primarina
|-damage|p1a: Primarina|46/100
|
|-heal|p1a: Primarina|52/100|[from] item: Leftovers
|upkeep
|turn|6
|
|t:|1780971278
|move|p1a: Primarina|Surf|p2a: Slowking
|-damage|p2a: Slowking|2/100
|-prepare|p2a: Slowking|Chilly Reception|[premajor]
|move|p2a: Slowking|Chilly Reception|p2a: Slowking
|-weather|Snowscape
|
|t:|1780971282
|switch|p2a: Flamigo|Flamigo, F|100/100|[from] Chilly Reception
|
|-weather|Snowscape|[upkeep]
|-heal|p1a: Primarina|58/100|[from] item: Leftovers
|upkeep
|turn|7
|
|t:|1780971288
|switch|p1a: Gholdengo|Gholdengo|100/100
|-item|p1a: Gholdengo|Air Balloon
|move|p2a: Flamigo|Brave Bird|p1a: Gholdengo
|-resisted|p1a: Gholdengo
|-damage|p1a: Gholdengo|58/100
|-enditem|p1a: Gholdengo|Air Balloon
|-damage|p2a: Flamigo|84/100|[from] Recoil
|
|-weather|Snowscape|[upkeep]
|upkeep
|turn|8
|
|t:|1780971296
|switch|p2a: Iron Treads|Iron Treads|100/100
|move|p1a: Gholdengo|Recover|p1a: Gholdengo
|-heal|p1a: Gholdengo|100/100
|
|-weather|Snowscape|[upkeep]
|upkeep
|turn|9
|
|t:|1780971302
|switch|p1a: Kyurem|Kyurem|100/100
|-damage|p1a: Kyurem|88/100|[from] Spikes
|-ability|p1a: Kyurem|Pressure
|move|p2a: Iron Treads|Earthquake|p1a: Kyurem
|-damage|p1a: Kyurem|57/100
|
|-weather|Snowscape|[upkeep]
|upkeep
|turn|10
|
|t:|1780971310
|move|p2a: Iron Treads|Earthquake|p1a: Kyurem
|-damage|p1a: Kyurem|26/100
|move|p1a: Kyurem|Earth Power|p2a: Iron Treads
|-supereffective|p2a: Iron Treads
|-damage|p2a: Iron Treads|0 fnt
|faint|p2a: Iron Treads
|-end|p2a: Iron Treads|Quark Drive|[silent]
|
|-weather|none
|upkeep
|
|t:|1780971316
|switch|p2a: Samurott|Samurott-Hisui, M|48/100
|turn|11
|
|t:|1780971326
|switch|p1a: Primarina|Primarina, M|58/100
|-damage|p1a: Primarina|46/100|[from] Spikes
|move|p2a: Samurott|Ceaseless Edge|p1a: Primarina|[miss]
|-miss|p2a: Samurott|p1a: Primarina
|
|-heal|p1a: Primarina|52/100|[from] item: Leftovers
|upkeep
|turn|12
|
|t:|1780971337
|move|p2a: Samurott|Ceaseless Edge|p1a: Primarina
|-resisted|p1a: Primarina
|-damage|p1a: Primarina|32/100
|-sidestart|p1: dang21|Spikes
|move|p1a: Primarina|Moonblast|p2a: Samurott
|-supereffective|p2a: Samurott
|-crit|p2a: Samurott
|-damage|p2a: Samurott|0 fnt
|faint|p2a: Samurott
|
|-heal|p1a: Primarina|38/100|[from] item: Leftovers
|upkeep
|
|t:|1780971349
|switch|p2a: Slowking|Slowking-Galar, M|35/100
|turn|13
|
|t:|1780971354
|switch|p1a: Gholdengo|Gholdengo|100/100
|-damage|p1a: Gholdengo|84/100|[from] Spikes
|-prepare|p2a: Slowking|Chilly Reception|[premajor]
|move|p2a: Slowking|Chilly Reception|p2a: Slowking
|-weather|Snowscape
|
|t:|1780971357
|switch|p2a: Flamigo|Flamigo, F|84/100|[from] Chilly Reception
|
|-weather|Snowscape|[upkeep]
|upkeep
|turn|14
|
|t:|1780971362
|move|p2a: Flamigo|Close Combat|p1a: Gholdengo
|-supereffective|p1a: Gholdengo
|-damage|p1a: Gholdengo|0 fnt
|-unboost|p2a: Flamigo|def|1
|-unboost|p2a: Flamigo|spd|1
|faint|p1a: Gholdengo
|
|-weather|Snowscape|[upkeep]
|upkeep
|
|t:|1780971370
|switch|p1a: Cinderace|Cinderace, F|71/100
|turn|15
|
|t:|1780971372
|move|p1a: Cinderace|Court Change|p1a: Cinderace
|-start|p1a: Cinderace|typechange|Normal|[from] ability: Libero
|-swapsideconditions
|-activate|p1a: Cinderace|move: Court Change
|move|p2a: Flamigo|Close Combat|p1a: Cinderace
|-supereffective|p1a: Cinderace
|-damage|p1a: Cinderace|0 fnt
|-unboost|p2a: Flamigo|def|1
|-unboost|p2a: Flamigo|spd|1
|faint|p1a: Cinderace
|
|-weather|Snowscape|[upkeep]
|upkeep
|
|t:|1780971385
|switch|p1a: Kyurem|Kyurem|26/100
|-ability|p1a: Kyurem|Pressure
|turn|16
|
|t:|1780971413
|switch|p2a: Slowking|Slowking-Galar, M|69/100
|move|p1a: Kyurem|Ice Beam|p2a: Slowking
|-damage|p2a: Slowking|26/100
|-status|p2a: Slowking|frz
|
|-weather|Snowscape|[upkeep]
|upkeep
|turn|17
|
|t:|1780971416
|move|p1a: Kyurem|Ice Beam|p2a: Slowking
|-damage|p2a: Slowking|0 fnt
|faint|p2a: Slowking
|
|-weather|none
|upkeep
|
|t:|1780971419
|switch|p2a: Iron Valiant|Iron Valiant|100/100
|-damage|p2a: Iron Valiant|84/100|[from] Spikes
|-enditem|p2a: Iron Valiant|Booster Energy
|-activate|p2a: Iron Valiant|ability: Quark Drive|[fromitem]
|-start|p2a: Iron Valiant|quarkdrivespe
|turn|18
|
|t:|1780971425
|move|p2a: Iron Valiant|Moonblast|p1a: Kyurem
|-supereffective|p1a: Kyurem
|-damage|p1a: Kyurem|0 fnt
|faint|p1a: Kyurem
|
|upkeep
|
|t:|1780971432
|switch|p1a: Primarina|Primarina, M|38/100
|turn|19
|
|t:|1780971436
|-terastallize|p2a: Iron Valiant|Steel
|move|p2a: Iron Valiant|Calm Mind|p2a: Iron Valiant
|-boost|p2a: Iron Valiant|spa|1
|-boost|p2a: Iron Valiant|spd|1
|move|p1a: Primarina|Moonblast|p2a: Iron Valiant
|-resisted|p2a: Iron Valiant
|-damage|p2a: Iron Valiant|56/100
|-unboost|p2a: Iron Valiant|spa|1
|
|-heal|p1a: Primarina|44/100|[from] item: Leftovers
|upkeep
|turn|20
|
|t:|1780971460
|move|p2a: Iron Valiant|Moonblast|p1a: Primarina
|-damage|p1a: Primarina|8/100
|move|p1a: Primarina|Encore|p2a: Iron Valiant
|-start|p2a: Iron Valiant|Encore
|
|-heal|p1a: Primarina|15/100|[from] item: Leftovers
|upkeep
|turn|21
|
|t:|1780971479
|move|p2a: Iron Valiant|Moonblast|p1a: Primarina
|-damage|p1a: Primarina|0 fnt
|faint|p1a: Primarina
|
|upkeep
|
|t:|1780971481
|switch|p1a: Kingambit|Kingambit, M|100/100
|-activate|p1a: Kingambit|ability: Supreme Overlord
|-start|p1a: Kingambit|fallen4|[silent]
|turn|22
|
|t:|1780971486
|-end|p2a: Iron Valiant|Quark Drive|[silent]
|switch|p2a: Flamigo|Flamigo, F|84/100
|move|p1a: Kingambit|Kowtow Cleave|p2a: Flamigo
|-resisted|p2a: Flamigo
|-damage|p2a: Flamigo|24/100
|
|upkeep
|turn|23
|
|t:|1780971493
|move|p1a: Kingambit|Sucker Punch|p2a: Flamigo
|-resisted|p2a: Flamigo
|-damage|p2a: Flamigo|0 fnt
|faint|p2a: Flamigo
|
|upkeep
|
|t:|1780971495
|switch|p2a: Iron Valiant|Iron Valiant, tera:Steel|56/100
|-damage|p2a: Iron Valiant|39/100|[from] Spikes
|turn|24
|
|t:|1780971507
|move|p1a: Kingambit|Sucker Punch||[still]
|-fail|p1a: Kingambit
|move|p2a: Iron Valiant|Encore|p1a: Kingambit
|-start|p1a: Kingambit|Encore
|
|upkeep
|turn|25
|
|t:|1780971511
|-end|p1a: Kingambit|fallen4|[silent]
|switch|p1a: Ogerpon|Ogerpon, F|100/100
|move|p2a: Iron Valiant|Calm Mind|p2a: Iron Valiant
|-boost|p2a: Iron Valiant|spa|1
|-boost|p2a: Iron Valiant|spd|1
|
|upkeep
|turn|26
|
|t:|1780971517
|-terastallize|p1a: Ogerpon|Grass
|detailschange|p1a: Ogerpon|Ogerpon-Teal-Tera, F, tera:Grass
|-ability|p1a: Ogerpon|Embody Aspect (Teal)|boost
|-boost|p1a: Ogerpon|spe|1
|move|p1a: Ogerpon|Ivy Cudgel|p2a: Iron Valiant
|-resisted|p2a: Iron Valiant
|-damage|p2a: Iron Valiant|0 fnt
|faint|p2a: Iron Valiant
|-end|p2a: Iron Valiant|Quark Drive|[silent]
|
|win|dang21
|raw|dang21's rating: 1510 &rarr; <strong>1534</strong><br />(+24 for winning)
|raw|101Darmanitans's rating: 1582 &rarr; <strong>1558</strong><br />(-24 for losing)
|l|☆101Darmanitans
|player|p2|
|l|☆dang21
|player|p1|
