|badge|p2|bronze|gen9ou|100-9
|uhtml|medal-msg|<div class="broadcast-blue">Curious what those medals under the avatar are? PS now has Ladder Seasons! For more information, check out the <a href="https://www.smogon.com/forums/threads/3740067/">thread on Smogon.</a></div>
|j|☆A Welcome Guest
|j|☆temporarylight
|t:|1781544817
|gametype|singles
|player|p1|A Welcome Guest|#uwliiiskyminflyers|1589
|player|p2|temporarylight|jogger|1837
|gen|9
|tier|[Gen 9] OU
|rated|
|rule|HP Percentage Mod: HP is shown in percentages
|rule|Endless Battle Clause: Forcing endless battles is banned
|rule|Species Clause: Limit one of each Pokémon
|rule|OHKO Clause: OHKO moves are banned
|rule|Evasion Items Clause: Evasion items are banned
|rule|Evasion Moves Clause: Evasion moves are banned
|rule|Evasion Abilities Clause: Evasion abilities are banned
|rule|Sleep Moves Clause: Sleep-inducing moves are banned
|clearpoke
|poke|p1|Clefable, F|
|poke|p1|Alomomola, M|
|poke|p1|Deoxys-Speed|
|poke|p1|Gliscor, M|
|poke|p1|Zamazenta-*|
|poke|p1|Skarmory, F|
|poke|p2|Ting-Lu|
|poke|p2|Gholdengo|
|poke|p2|Dragonite, F|
|poke|p2|Volcanion|
|poke|p2|Hatterene, F|
|poke|p2|Zapdos-Galar|
|teampreview
|inactive|Battle timer is ON: inactive players will automatically lose when time's up. (requested by temporarylight)
|c|☆A Welcome Guest|hf
|c|☆temporarylight|hf
|
|t:|1781544834
|teamsize|p1|6
|teamsize|p2|6
|start
|switch|p1a: Gliscor|Gliscor, M|100/100
|switch|p2a: Magic I Bounce U|Hatterene, F, shiny|100/100
|turn|1
|
|t:|1781544838
|move|p1a: Gliscor|Protect|p1a: Gliscor
|-singleturn|p1a: Gliscor|Protect
|move|p2a: Magic I Bounce U|Future Sight|p1a: Gliscor
|-start|p2a: Magic I Bounce U|move: Future Sight
|
|-status|p1a: Gliscor|tox|[from] item: Toxic Orb
|upkeep
|turn|2
|c|☆A Welcome Guest|jane remover reference
|c|☆temporarylight|Yep
|
|t:|1781544863
|move|p1a: Gliscor|Earthquake|p2a: Magic I Bounce U
|-damage|p2a: Magic I Bounce U|72/100
|move|p2a: Magic I Bounce U|Dazzling Gleam|p1a: Gliscor
|-damage|p1a: Gliscor|72/100 tox
|
|-heal|p1a: Gliscor|85/100 tox|[from] ability: Poison Heal
|upkeep
|turn|3
|
|t:|1781544882
|-terastallize|p2a: Magic I Bounce U|Flying
|move|p1a: Gliscor|Protect|p1a: Gliscor
|-singleturn|p1a: Gliscor|Protect
|move|p2a: Magic I Bounce U|Dazzling Gleam|p1a: Gliscor
|-activate|p1a: Gliscor|move: Protect
|
|-end|p1a: Gliscor|move: Future Sight
|-damage|p1a: Gliscor|39/100 tox
|-heal|p1a: Gliscor|51/100 tox|[from] ability: Poison Heal
|upkeep
|turn|4
|inactive|A Welcome Guest has 120 seconds left.
|
|t:|1781544914
|switch|p1a: Alomomola|Alomomola, M|100/100
|move|p2a: Magic I Bounce U|Dazzling Gleam|p1a: Alomomola
|-damage|p1a: Alomomola|69/100
|
|upkeep
|turn|5
|
|t:|1781544919
|move|p1a: Alomomola|Flip Turn|p2a: Magic I Bounce U
|-damage|p2a: Magic I Bounce U|58/100
|-damage|p1a: Alomomola|53/100|[from] item: Rocky Helmet|[of] p2a: Magic I Bounce U
|
|t:|1781544923
|switch|p1a: Deoxys|Deoxys-Speed|100/100|[from] Flip Turn
|-ability|p1a: Deoxys|Pressure
|move|p2a: Magic I Bounce U|Pain Split|p1a: Deoxys
|-sethp|p1a: Deoxys|87/100|[from] move: Pain Split|[silent]
|-sethp|p2a: Magic I Bounce U|68/100|[from] move: Pain Split
|
|upkeep
|turn|6
|
|t:|1781544937
|switch|p2a: Gholdengo|Gholdengo|100/100
|-terastallize|p1a: Deoxys|Electric
|move|p1a: Deoxys|Nasty Plot|p1a: Deoxys
|-boost|p1a: Deoxys|spa|2
|
|upkeep
|turn|7
|
|t:|1781544943
|switch|p2a: Ting-Lu|Ting-Lu|100/100
|-ability|p2a: Ting-Lu|Vessel of Ruin
|move|p1a: Deoxys|Thunderbolt|p2a: Ting-Lu
|-immune|p2a: Ting-Lu
|
|upkeep
|turn|8
|
|t:|1781544950
|switch|p1a: Clefable|Clefable, F|100/100
|move|p2a: Ting-Lu|Stealth Rock|p1a: Clefable
|-sidestart|p1: A Welcome Guest|move: Stealth Rock
|
|upkeep
|turn|9
|
|t:|1781544952
|switch|p2a: Gholdengo|Gholdengo|100/100
|move|p1a: Clefable|Knock Off|p2a: Gholdengo
|-supereffective|p2a: Gholdengo
|-damage|p2a: Gholdengo|69/100
|-enditem|p2a: Gholdengo|Choice Scarf|[from] move: Knock Off|[of] p1a: Clefable
|
|upkeep
|turn|10
|
|t:|1781544961
|switch|p2a: Magic I Bounce U|Hatterene, F, shiny, tera:Flying|68/100
|switch|p1a: Alomomola|Alomomola, M|86/100
|
|upkeep
|turn|11
|
|t:|1781544972
|move|p1a: Alomomola|Wish|p1a: Alomomola
|move|p2a: Magic I Bounce U|Pain Split|p1a: Alomomola
|-sethp|p1a: Alomomola|66/100|[from] move: Pain Split|[silent]
|-sethp|p2a: Magic I Bounce U|98/100|[from] move: Pain Split
|
|upkeep
|turn|12
|
|t:|1781544978
|switch|p1a: Deoxys|Deoxys-Speed, tera:Electric|87/100
|-ability|p1a: Deoxys|Pressure
|move|p2a: Magic I Bounce U|Future Sight|p1a: Deoxys
|-start|p2a: Magic I Bounce U|move: Future Sight
|
|-heal|p1a: Deoxys|100/100|[from] move: Wish|[wisher] Alomomola
|upkeep
|turn|13
|
|t:|1781544996
|switch|p2a: Ting-Lu|Ting-Lu|100/100
|-ability|p2a: Ting-Lu|Vessel of Ruin
|move|p1a: Deoxys|Ice Beam|p2a: Ting-Lu
|-supereffective|p2a: Ting-Lu
|-damage|p2a: Ting-Lu|71/100
|
|upkeep
|turn|14
|
|t:|1781545005
|switch|p1a: Skarmory|Skarmory, F|100/100
|-damage|p1a: Skarmory|88/100|[from] Stealth Rock
|move|p2a: Ting-Lu|Ruination|p1a: Skarmory
|-damage|p1a: Skarmory|45/100
|
|-end|p1a: Skarmory|move: Future Sight
|-resisted|p1a: Skarmory
|-damage|p1a: Skarmory|17/100
|upkeep
|turn|15
|
|t:|1781545008
|switch|p2a: Volcanion|Volcanion|100/100
|move|p1a: Skarmory|Roost|p1a: Skarmory
|-heal|p1a: Skarmory|67/100
|-singleturn|p1a: Skarmory|move: Roost
|
|upkeep
|turn|16
|
|t:|1781545020
|switch|p1a: Alomomola|Alomomola, M|99/100
|move|p2a: Volcanion|Steam Eruption|p1a: Alomomola
|-resisted|p1a: Alomomola
|-damage|p1a: Alomomola|58/100
|-status|p1a: Alomomola|brn
|
|-damage|p1a: Alomomola|52/100 brn|[from] brn
|upkeep
|turn|17
|
|t:|1781545036
|move|p2a: Volcanion|Steam Eruption|p1a: Alomomola
|-resisted|p1a: Alomomola
|-damage|p1a: Alomomola|8/100 brn
|move|p1a: Alomomola|Wish|p1a: Alomomola
|
|-damage|p1a: Alomomola|2/100 brn|[from] brn
|upkeep
|turn|18
|
|t:|1781545044
|move|p1a: Alomomola|Protect|p1a: Alomomola
|-singleturn|p1a: Alomomola|Protect
|move|p2a: Volcanion|Steam Eruption|p1a: Alomomola
|-activate|p1a: Alomomola|move: Protect
|
|-heal|p1a: Alomomola|52/100 brn|[from] move: Wish|[wisher] Alomomola
|-damage|p1a: Alomomola|46/100 brn|[from] brn
|upkeep
|turn|19
|
|t:|1781545052
|switch|p1a: Gliscor|Gliscor, M|51/100 tox
|-damage|p1a: Gliscor|39/100 tox|[from] Stealth Rock
|move|p2a: Volcanion|Steam Eruption|p1a: Gliscor
|-supereffective|p1a: Gliscor
|-damage|p1a: Gliscor|0 fnt
|faint|p1a: Gliscor
|
|upkeep
|j| isolatedstar
|
|t:|1781545069
|switch|p1a: Deoxys|Deoxys-Speed, tera:Electric|100/100
|-ability|p1a: Deoxys|Pressure
|turn|20
|inactive|temporarylight has 120 seconds left.
|
|t:|1781545114
|switch|p2a: Ting-Lu|Ting-Lu|71/100
|-ability|p2a: Ting-Lu|Vessel of Ruin
|move|p1a: Deoxys|Ice Beam|p2a: Ting-Lu
|-supereffective|p2a: Ting-Lu
|-damage|p2a: Ting-Lu|43/100
|
|upkeep
|turn|21
|
|t:|1781545121
|switch|p1a: Clefable|Clefable, F|100/100
|move|p2a: Ting-Lu|Earthquake|p1a: Clefable
|-damage|p1a: Clefable|73/100
|
|upkeep
|turn|22
|
|t:|1781545123
|switch|p2a: Magic I Bounce U|Hatterene, F, shiny, tera:Flying|98/100
|move|p1a: Clefable|Calm Mind|p1a: Clefable
|-boost|p1a: Clefable|spa|1
|-boost|p1a: Clefable|spd|1
|
|upkeep
|turn|23
|
|t:|1781545127
|move|p1a: Clefable|Calm Mind|p1a: Clefable
|-boost|p1a: Clefable|spa|1
|-boost|p1a: Clefable|spd|1
|move|p2a: Magic I Bounce U|Nuzzle|p1a: Clefable
|-damage|p1a: Clefable|70/100
|-status|p1a: Clefable|par
|
|upkeep
|turn|24
|
|t:|1781545137
|switch|p2a: Zapdos|Zapdos-Galar|100/100
|move|p1a: Clefable|Moonblast|p2a: Zapdos
|-supereffective|p2a: Zapdos
|-damage|p2a: Zapdos|0 fnt
|faint|p2a: Zapdos
|
|upkeep
|
|t:|1781545142
|switch|p2a: Volcanion|Volcanion|100/100
|turn|25
|
|t:|1781545144
|move|p2a: Volcanion|Sludge Bomb|p1a: Clefable
|-supereffective|p1a: Clefable
|-damage|p1a: Clefable|21/100 par
|move|p1a: Clefable|Moonlight|p1a: Clefable
|-heal|p1a: Clefable|71/100 par
|
|upkeep
|turn|26
|
|t:|1781545151
|switch|p1a: Skarmory|Skarmory, F|67/100
|-damage|p1a: Skarmory|54/100|[from] Stealth Rock
|move|p2a: Volcanion|Sludge Bomb|p1a: Skarmory
|-immune|p1a: Skarmory
|
|upkeep
|turn|27
|
|t:|1781545157
|switch|p2a: Gholdengo|Gholdengo|69/100
|switch|p1a: Deoxys|Deoxys-Speed, tera:Electric|100/100
|-ability|p1a: Deoxys|Pressure
|
|upkeep
|turn|28
|
|t:|1781545163
|move|p1a: Deoxys|Nasty Plot|p1a: Deoxys
|-boost|p1a: Deoxys|spa|2
|move|p2a: Gholdengo|Shadow Ball|p1a: Deoxys
|-damage|p1a: Deoxys|40/100
|
|upkeep
|turn|29
|
|t:|1781545169
|switch|p2a: Ting-Lu|Ting-Lu|43/100
|-ability|p2a: Ting-Lu|Vessel of Ruin
|move|p1a: Deoxys|Thunderbolt|p2a: Ting-Lu
|-immune|p2a: Ting-Lu
|
|upkeep
|turn|30
|
|t:|1781545174
|move|p1a: Deoxys|Ice Beam|p2a: Ting-Lu
|-supereffective|p2a: Ting-Lu
|-damage|p2a: Ting-Lu|0 fnt
|faint|p2a: Ting-Lu
|
|upkeep
|
|t:|1781545175
|switch|p2a: Dragonite|Dragonite, F, shiny|100/100
|turn|31
|
|t:|1781545182
|switch|p1a: Skarmory|Skarmory, F|54/100
|-damage|p1a: Skarmory|42/100|[from] Stealth Rock
|move|p2a: Dragonite|Extreme Speed|p1a: Skarmory
|-resisted|p1a: Skarmory
|-crit|p1a: Skarmory
|-damage|p1a: Skarmory|29/100
|-damage|p2a: Dragonite|84/100|[from] item: Rocky Helmet|[of] p1a: Skarmory
|
|upkeep
|turn|32
|inactive|temporarylight has 120 seconds left.
|
|t:|1781545214
|switch|p2a: Magic I Bounce U|Hatterene, F, shiny, tera:Flying|98/100
|move|p1a: Skarmory|Roost|p1a: Skarmory
|-heal|p1a: Skarmory|79/100
|-singleturn|p1a: Skarmory|move: Roost
|
|upkeep
|turn|33
|
|t:|1781545225
|switch|p1a: Clefable|Clefable, F|71/100 par
|move|p2a: Magic I Bounce U|Future Sight|p1a: Clefable
|-start|p2a: Magic I Bounce U|move: Future Sight
|
|upkeep
|turn|34
|
|t:|1781545233
|move|p2a: Magic I Bounce U|Dazzling Gleam|p1a: Clefable
|-damage|p1a: Clefable|39/100 par
|move|p1a: Clefable|Knock Off|p2a: Magic I Bounce U
|-damage|p2a: Magic I Bounce U|85/100
|-enditem|p2a: Magic I Bounce U|Rocky Helmet|[from] move: Knock Off|[of] p1a: Clefable
|
|upkeep
|turn|35
|
|t:|1781545237
|move|p2a: Magic I Bounce U|Dazzling Gleam|p1a: Clefable
|-crit|p1a: Clefable
|-damage|p1a: Clefable|0 fnt
|faint|p1a: Clefable
|
|-hint|Future Sight did not hit because the target is fainted.
|upkeep
|
|t:|1781545242
|switch|p1a: Deoxys|Deoxys-Speed, tera:Electric|40/100
|-ability|p1a: Deoxys|Pressure
|turn|36
|
|t:|1781545253
|switch|p2a: Gholdengo|Gholdengo|69/100
|move|p1a: Deoxys|Thunderbolt|p2a: Gholdengo
|-crit|p2a: Gholdengo
|-damage|p2a: Gholdengo|0 fnt
|faint|p2a: Gholdengo
|
|upkeep
|
|t:|1781545256
|switch|p2a: Dragonite|Dragonite, F, shiny|84/100
|turn|37
|
|t:|1781545265
|switch|p1a: Zamazenta|Zamazenta|100/100
|-ability|p1a: Zamazenta|Dauntless Shield|boost
|-boost|p1a: Zamazenta|def|1
|switch|p2a: Volcanion|Volcanion|100/100
|
|upkeep
|turn|38
|
|t:|1781545272
|move|p1a: Zamazenta|Stone Edge|p2a: Volcanion
|-supereffective|p2a: Volcanion
|-damage|p2a: Volcanion|41/100
|move|p2a: Volcanion|Steam Eruption|p1a: Zamazenta
|-damage|p1a: Zamazenta|16/100
|
|upkeep
|turn|39
|
|t:|1781545285
|switch|p2a: Magic I Bounce U|Hatterene, F, shiny, tera:Flying|85/100
|move|p1a: Zamazenta|Stone Edge|p2a: Magic I Bounce U
|-supereffective|p2a: Magic I Bounce U
|-damage|p2a: Magic I Bounce U|34/100
|
|upkeep
|turn|40
|
|t:|1781545292
|move|p1a: Zamazenta|Stone Edge|p2a: Magic I Bounce U
|-supereffective|p2a: Magic I Bounce U
|-damage|p2a: Magic I Bounce U|0 fnt
|faint|p2a: Magic I Bounce U
|
|upkeep
|
|t:|1781545294
|switch|p2a: Dragonite|Dragonite, F, shiny|84/100
|turn|41
|
|t:|1781545301
|switch|p1a: Alomomola|Alomomola, M|79/100 brn
|move|p2a: Dragonite|Extreme Speed|p1a: Alomomola
|-damage|p1a: Alomomola|60/100 brn
|
|-damage|p1a: Alomomola|54/100 brn|[from] brn
|upkeep
|turn|42
|
|t:|1781545303
|move|p2a: Dragonite|Dragon Dance|p2a: Dragonite
|-boost|p2a: Dragonite|atk|1
|-boost|p2a: Dragonite|spe|1
|move|p1a: Alomomola|Wish|p1a: Alomomola
|
|-damage|p1a: Alomomola|48/100 brn|[from] brn
|upkeep
|turn|43
|
|t:|1781545308
|switch|p1a: Skarmory|Skarmory, F|79/100
|-damage|p1a: Skarmory|66/100|[from] Stealth Rock
|move|p2a: Dragonite|Dragon Dance|p2a: Dragonite
|-boost|p2a: Dragonite|atk|1
|-boost|p2a: Dragonite|spe|1
|
|-heal|p1a: Skarmory|100/100|[from] move: Wish|[wisher] Alomomola
|upkeep
|turn|44
|
|t:|1781545311
|move|p2a: Dragonite|Dragon Dance|p2a: Dragonite
|-boost|p2a: Dragonite|atk|1
|-boost|p2a: Dragonite|spe|1
|move|p1a: Skarmory|Iron Defense|p1a: Skarmory
|-boost|p1a: Skarmory|def|2
|
|upkeep
|turn|45
|
|t:|1781545314
|switch|p2a: Volcanion|Volcanion|41/100
|move|p1a: Skarmory|Body Press|p2a: Volcanion
|-damage|p2a: Volcanion|0 fnt
|faint|p2a: Volcanion
|
|upkeep
|c|☆temporarylight|gg
|-message|temporarylight forfeited.
|
|win|A Welcome Guest
|raw|A Welcome Guest's rating: 1589 &rarr; <strong>1621</strong><br />(+32 for winning)
|raw|temporarylight's rating: 1837 &rarr; <strong>1805</strong><br />(-32 for losing)
|c|☆A Welcome Guest|gg
|l|☆temporarylight
|player|p2|
|j|☆temporarylight
|player|p2|temporarylight|jogger|
