|j|☆Johnny tots
|j|☆Klopple
|t:|1781410174
|gametype|singles
|player|p1|Johnny tots|101|1814
|player|p2|Klopple|sailor|1712
|gen|9
|tier|[Gen 9] OU
|rated|
|rule|HP Percentage Mod: HP is shown in percentages
|rule|Endless Battle Clause: Forcing endless battles is banned
|rule|Species Clause: Limit one of each Pokémon
|rule|OHKO Clause: OHKO moves are banned
|rule|Evasion Items Clause: Evasion items are banned
|rule|Evasion Moves Clause: Evasion moves are banned
|rule|Evasion Abilities Clause: Evasion abilities are banned
|rule|Sleep Moves Clause: Sleep-inducing moves are banned
|clearpoke
|poke|p1|Rillaboom, F|
|poke|p1|Klefki, F|
|poke|p1|Manaphy|
|poke|p1|Ogerpon-Wellspring, F|
|poke|p1|Dragapult, F|
|poke|p1|Clefable, M|
|poke|p2|Arboliva, F|
|poke|p2|Gliscor, M|
|poke|p2|Iron Crown|
|poke|p2|Zamazenta-*|
|poke|p2|Hatterene, F|
|poke|p2|Dragonite, M|
|teampreview
|inactive|Battle timer is ON: inactive players will automatically lose when time's up. (requested by Johnny tots)
|
|t:|1781410187
|teamsize|p1|6
|teamsize|p2|6
|start
|switch|p1a: Rillaboom|Rillaboom, F|100/100
|switch|p2a: Arboliva|Arboliva, F|100/100
|-fieldstart|move: Grassy Terrain|[from] ability: Grassy Surge|[of] p1a: Rillaboom
|turn|1
|
|t:|1781410193
|move|p1a: Rillaboom|Knock Off|p2a: Arboliva
|-damage|p2a: Arboliva|64/100
|-enditem|p2a: Arboliva|Custap Berry|[from] move: Knock Off|[of] p1a: Rillaboom
|move|p2a: Arboliva|Alluring Voice|p1a: Rillaboom
|-damage|p1a: Rillaboom|61/100
|
|-heal|p1a: Rillaboom|67/100|[from] Grassy Terrain
|-heal|p2a: Arboliva|70/100|[from] Grassy Terrain
|upkeep
|turn|2
|
|t:|1781410200
|switch|p1a: Klefki|Klefki, F|100/100
|move|p2a: Arboliva|Energy Ball|p1a: Klefki
|-resisted|p1a: Klefki
|-damage|p1a: Klefki|58/100
|
|-heal|p1a: Klefki|64/100|[from] Grassy Terrain
|-heal|p2a: Arboliva|76/100|[from] Grassy Terrain
|upkeep
|turn|3
|
|t:|1781410205
|move|p1a: Klefki|Light Screen|p1a: Klefki
|-sidestart|p1: Johnny tots|move: Light Screen
|move|p2a: Arboliva|Earth Power|p1a: Klefki
|-supereffective|p1a: Klefki
|-damage|p1a: Klefki|21/100
|-unboost|p1a: Klefki|spd|1
|
|-heal|p1a: Klefki|27/100|[from] Grassy Terrain
|-heal|p2a: Arboliva|82/100|[from] Grassy Terrain
|upkeep
|turn|4
|
|t:|1781410212
|switch|p1a: Ogerpon|Ogerpon-Wellspring, F|100/100
|move|p2a: Arboliva|Earth Power|p1a: Ogerpon
|-resisted|p1a: Ogerpon
|-damage|p1a: Ogerpon|91/100
|
|-heal|p1a: Ogerpon|97/100|[from] Grassy Terrain
|-heal|p2a: Arboliva|89/100|[from] Grassy Terrain
|upkeep
|turn|5
|
|t:|1781410217
|move|p1a: Ogerpon|Encore|p2a: Arboliva
|-start|p2a: Arboliva|Encore
|move|p2a: Arboliva|Earth Power|p1a: Ogerpon
|-resisted|p1a: Ogerpon
|-damage|p1a: Ogerpon|87/100
|
|-heal|p1a: Ogerpon|93/100|[from] Grassy Terrain
|-heal|p2a: Arboliva|95/100|[from] Grassy Terrain
|upkeep
|turn|6
|
|t:|1781410222
|switch|p2a: Dragonite|Dragonite, M|100/100
|move|p1a: Ogerpon|Swords Dance|p1a: Ogerpon
|-boost|p1a: Ogerpon|atk|2
|
|-heal|p1a: Ogerpon|99/100|[from] Grassy Terrain
|upkeep
|turn|7
|
|t:|1781410227
|move|p1a: Ogerpon|Ivy Cudgel|p2a: Dragonite|[anim] Ivy Cudgel Water
|-resisted|p2a: Dragonite
|-damage|p2a: Dragonite|73/100
|move|p2a: Dragonite|Dragon Tail|p1a: Ogerpon
|-damage|p1a: Ogerpon|54/100
|drag|p1a: Cutmylifein2|Dragapult, F|100/100
|
|upkeep
|turn|8
|
|t:|1781410235
|switch|p2a: Hatterene|Hatterene, F|100/100
|move|p1a: Cutmylifein2|Substitute|p1a: Cutmylifein2
|-start|p1a: Cutmylifein2|Substitute
|-damage|p1a: Cutmylifein2|76/100
|
|-heal|p1a: Cutmylifein2|82/100|[from] Grassy Terrain
|-heal|p1a: Cutmylifein2|88/100|[from] item: Leftovers
|-fieldend|move: Grassy Terrain
|upkeep
|turn|9
|
|t:|1781410243
|move|p1a: Cutmylifein2|Dragon Dance|p1a: Cutmylifein2
|-boost|p1a: Cutmylifein2|atk|1
|-boost|p1a: Cutmylifein2|spe|1
|move|p2a: Hatterene|Draining Kiss|p1a: Cutmylifein2
|-supereffective|p1a: Cutmylifein2
|-end|p1a: Cutmylifein2|Substitute
|
|-heal|p1a: Cutmylifein2|94/100|[from] item: Leftovers
|upkeep
|turn|10
|
|t:|1781410253
|move|p1a: Cutmylifein2|Dragon Darts|p2a: Hatterene
|-immune|p2a: Hatterene
|move|p2a: Hatterene|Nuzzle|p1a: Cutmylifein2
|-resisted|p1a: Cutmylifein2
|-damage|p1a: Cutmylifein2|92/100
|-status|p1a: Cutmylifein2|par
|
|-heal|p1a: Cutmylifein2|98/100 par|[from] item: Leftovers
|-sideend|p1: Johnny tots|move: Light Screen
|upkeep
|turn|11
|
|t:|1781410263
|move|p1a: Cutmylifein2|Last Resort|p2a: Hatterene
|-damage|p2a: Hatterene|34/100
|-damage|p1a: Cutmylifein2|81/100 par|[from] item: Rocky Helmet|[of] p2a: Hatterene
|move|p2a: Hatterene|Draining Kiss|p1a: Cutmylifein2
|-supereffective|p1a: Cutmylifein2
|-damage|p1a: Cutmylifein2|22/100 par
|-heal|p2a: Hatterene|82/100|[from] drain|[of] p1a: Cutmylifein2
|
|-heal|p1a: Cutmylifein2|28/100 par|[from] item: Leftovers
|upkeep
|turn|12
|
|t:|1781410269
|move|p1a: Cutmylifein2|Last Resort|p2a: Hatterene
|-damage|p2a: Hatterene|23/100
|-damage|p1a: Cutmylifein2|11/100 par|[from] item: Rocky Helmet|[of] p2a: Hatterene
|move|p2a: Hatterene|Draining Kiss|p1a: Cutmylifein2
|-supereffective|p1a: Cutmylifein2
|-damage|p1a: Cutmylifein2|0 fnt
|-heal|p2a: Hatterene|32/100|[from] drain|[of] p1a: Cutmylifein2
|faint|p1a: Cutmylifein2
|
|upkeep
|
|t:|1781410272
|switch|p1a: Ogerpon|Ogerpon-Wellspring, F|54/100
|turn|13
|
|t:|1781410280
|move|p1a: Ogerpon|Ivy Cudgel|p2a: Hatterene|[anim] Ivy Cudgel Water
|-damage|p2a: Hatterene|0 fnt
|faint|p2a: Hatterene
|
|upkeep
|
|t:|1781410287
|switch|p2a: Dragonite|Dragonite, M|73/100
|turn|14
|
|t:|1781410291
|switch|p1a: Rillaboom|Rillaboom, F|67/100
|-fieldstart|move: Grassy Terrain|[from] ability: Grassy Surge|[of] p1a: Rillaboom
|move|p2a: Dragonite|Roost|p2a: Dragonite
|-heal|p2a: Dragonite|100/100
|-singleturn|p2a: Dragonite|move: Roost
|
|-heal|p1a: Rillaboom|73/100|[from] Grassy Terrain
|upkeep
|turn|15
|
|t:|1781410298
|switch|p1a: Clefable|Clefable, M|100/100
|move|p2a: Dragonite|Dragon Tail|p1a: Clefable
|-immune|p1a: Clefable
|
|upkeep
|turn|16
|
|t:|1781410303
|switch|p2a: Iron Crown|Iron Crown|100/100
|switch|p1a: Klefki|Klefki, F|27/100
|
|-heal|p1a: Klefki|33/100|[from] Grassy Terrain
|upkeep
|turn|17
|
|t:|1781410309
|move|p1a: Klefki|Light Screen|p1a: Klefki
|-sidestart|p1: Johnny tots|move: Light Screen
|move|p2a: Iron Crown|Future Sight|p1a: Klefki
|-start|p2a: Iron Crown|move: Future Sight
|
|-heal|p1a: Klefki|39/100|[from] Grassy Terrain
|upkeep
|turn|18
|
|t:|1781410312
|move|p1a: Klefki|Thunder Wave|p2a: Iron Crown
|-status|p2a: Iron Crown|par
|move|p2a: Iron Crown|Tachyon Cutter|p1a: Klefki
|-crit|p1a: Klefki
|-damage|p1a: Klefki|0 fnt
|faint|p1a: Klefki
|-hitcount|p1: Klefki|1
|
|upkeep
|
|t:|1781410322
|switch|p1a: Manaphy|Manaphy|100/100
|turn|19
|
|t:|1781410330
|move|p1a: Manaphy|Take Heart|p1a: Manaphy
|-boost|p1a: Manaphy|spa|1
|-boost|p1a: Manaphy|spd|1
|cant|p2a: Iron Crown|par
|
|-end|p1a: Manaphy|move: Future Sight
|-damage|p1a: Manaphy|82/100
|-heal|p1a: Manaphy|88/100|[from] Grassy Terrain
|-heal|p1a: Manaphy|94/100|[from] item: Leftovers
|upkeep
|turn|20
|
|t:|1781410339
|-end|p2a: Iron Crown|Quark Drive|[silent]
|switch|p2a: Arboliva|Arboliva, F|95/100
|move|p1a: Manaphy|Acid Armor|p1a: Manaphy
|-boost|p1a: Manaphy|def|2
|
|-heal|p1a: Manaphy|99/100|[from] Grassy Terrain
|-heal|p1a: Manaphy|100/100|[from] item: Leftovers
|-heal|p2a: Arboliva|100/100|[from] Grassy Terrain
|upkeep
|turn|21
|
|t:|1781410346
|move|p1a: Manaphy|Take Heart|p1a: Manaphy
|-boost|p1a: Manaphy|spa|1
|-boost|p1a: Manaphy|spd|1
|move|p2a: Arboliva|Energy Ball|p1a: Manaphy
|-supereffective|p1a: Manaphy
|-damage|p1a: Manaphy|69/100
|
|-heal|p1a: Manaphy|76/100|[from] Grassy Terrain
|-heal|p1a: Manaphy|82/100|[from] item: Leftovers
|-fieldend|move: Grassy Terrain
|upkeep
|turn|22
|
|t:|1781410351
|move|p1a: Manaphy|Take Heart|p1a: Manaphy
|-boost|p1a: Manaphy|spa|1
|-boost|p1a: Manaphy|spd|1
|move|p2a: Arboliva|Alluring Voice|p1a: Manaphy
|-damage|p1a: Manaphy|76/100
|-start|p1a: Manaphy|confusion
|
|-heal|p1a: Manaphy|82/100|[from] item: Leftovers
|upkeep
|turn|23
|
|t:|1781410360
|switch|p2a: Dragonite|Dragonite, M|100/100
|-activate|p1a: Manaphy|confusion
|move|p1a: Manaphy|Take Heart|p1a: Manaphy
|-boost|p1a: Manaphy|spa|1
|-boost|p1a: Manaphy|spd|1
|
|-heal|p1a: Manaphy|89/100|[from] item: Leftovers
|upkeep
|turn|24
|
|t:|1781410372
|-activate|p1a: Manaphy|confusion
|move|p1a: Manaphy|Stored Power|p2a: Dragonite
|-damage|p2a: Dragonite|9/100
|move|p2a: Dragonite|Dragon Tail|p1a: Manaphy
|-damage|p1a: Manaphy|72/100
|drag|p1a: Ogerpon|Ogerpon-Wellspring, F|54/100
|
|-sideend|p1: Johnny tots|move: Light Screen
|upkeep
|turn|25
|
|t:|1781410381
|switch|p2a: Arboliva|Arboliva, F|100/100
|move|p1a: Ogerpon|Ivy Cudgel|p2a: Arboliva|[anim] Ivy Cudgel Water
|-resisted|p2a: Arboliva
|-crit|p2a: Arboliva
|-damage|p2a: Arboliva|57/100
|
|upkeep
|turn|26
|
|t:|1781410389
|move|p1a: Ogerpon|Swords Dance|p1a: Ogerpon
|-boost|p1a: Ogerpon|atk|2
|move|p2a: Arboliva|Energy Ball|p1a: Ogerpon
|-damage|p1a: Ogerpon|0 fnt
|faint|p1a: Ogerpon
|
|upkeep
|
|t:|1781410395
|switch|p1a: Rillaboom|Rillaboom, F|73/100
|-fieldstart|move: Grassy Terrain|[from] ability: Grassy Surge|[of] p1a: Rillaboom
|turn|27
|
|t:|1781410401
|move|p1a: Rillaboom|Bulk Up|p1a: Rillaboom
|-boost|p1a: Rillaboom|atk|1
|-boost|p1a: Rillaboom|def|1
|move|p2a: Arboliva|Energy Ball|p1a: Rillaboom
|-resisted|p1a: Rillaboom
|-damage|p1a: Rillaboom|30/100
|
|-heal|p1a: Rillaboom|36/100|[from] Grassy Terrain
|-heal|p2a: Arboliva|63/100|[from] Grassy Terrain
|upkeep
|turn|28
|
|t:|1781410406
|move|p1a: Rillaboom|Knock Off|p2a: Arboliva
|-damage|p2a: Arboliva|25/100
|move|p2a: Arboliva|Alluring Voice|p1a: Rillaboom
|-damage|p1a: Rillaboom|0 fnt
|faint|p1a: Rillaboom
|
|-heal|p2a: Arboliva|32/100|[from] Grassy Terrain
|upkeep
|
|t:|1781410408
|switch|p1a: Manaphy|Manaphy|72/100
|turn|29
|
|t:|1781410411
|-terastallize|p1a: Manaphy|Grass
|move|p1a: Manaphy|Take Heart|p1a: Manaphy
|-boost|p1a: Manaphy|spa|1
|-boost|p1a: Manaphy|spd|1
|move|p2a: Arboliva|Energy Ball|p1a: Manaphy
|-resisted|p1a: Manaphy
|-damage|p1a: Manaphy|50/100
|
|-heal|p1a: Manaphy|56/100|[from] Grassy Terrain
|-heal|p1a: Manaphy|62/100|[from] item: Leftovers
|-heal|p2a: Arboliva|38/100|[from] Grassy Terrain
|upkeep
|turn|30
|
|t:|1781410419
|switch|p2a: Zamazenta|Zamazenta|100/100
|-ability|p2a: Zamazenta|Dauntless Shield|boost
|-boost|p2a: Zamazenta|def|1
|move|p1a: Manaphy|Acid Armor|p1a: Manaphy
|-boost|p1a: Manaphy|def|2
|
|-heal|p1a: Manaphy|68/100|[from] Grassy Terrain
|-heal|p1a: Manaphy|75/100|[from] item: Leftovers
|upkeep
|turn|31
|
|t:|1781410427
|-terastallize|p2a: Zamazenta|Fighting
|move|p2a: Zamazenta|Close Combat|p1a: Manaphy
|-damage|p1a: Manaphy|37/100
|-unboost|p2a: Zamazenta|def|1
|-unboost|p2a: Zamazenta|spd|1
|move|p1a: Manaphy|Stored Power|p2a: Zamazenta
|-supereffective|p2a: Zamazenta
|-damage|p2a: Zamazenta|0 fnt
|faint|p2a: Zamazenta
|
|-heal|p1a: Manaphy|43/100|[from] Grassy Terrain
|-heal|p1a: Manaphy|49/100|[from] item: Leftovers
|upkeep
|
|t:|1781410444
|switch|p2a: Iron Crown|Iron Crown|100/100 par
|turn|32
|
|t:|1781410447
|move|p1a: Manaphy|Take Heart|p1a: Manaphy
|-boost|p1a: Manaphy|spa|1
|-boost|p1a: Manaphy|spd|1
|move|p2a: Iron Crown|Psychic Noise|p1a: Manaphy
|-damage|p1a: Manaphy|31/100
|-start|p1a: Manaphy|move: Heal Block
|
|upkeep
|turn|33
|
|t:|1781410457
|move|p1a: Manaphy|Scald|p2a: Iron Crown
|-damage|p2a: Iron Crown|47/100 par
|move|p2a: Iron Crown|Tachyon Cutter|p1a: Manaphy
|-damage|p1a: Manaphy|20/100
|-damage|p1a: Manaphy|8/100
|-hitcount|p1a: Manaphy|2
|
|-heal|p2a: Iron Crown|53/100 par|[from] Grassy Terrain
|-end|p1a: Manaphy|move: Heal Block
|upkeep
|turn|34
|
|t:|1781410467
|-end|p2a: Iron Crown|Quark Drive|[silent]
|switch|p2a: Arboliva|Arboliva, F|38/100
|move|p1a: Manaphy|Scald|p2a: Arboliva
|-resisted|p2a: Arboliva
|-damage|p2a: Arboliva|4/100
|-status|p2a: Arboliva|brn
|
|-heal|p1a: Manaphy|15/100|[from] Grassy Terrain
|-heal|p1a: Manaphy|21/100|[from] item: Leftovers
|-heal|p2a: Arboliva|10/100 brn|[from] Grassy Terrain
|-damage|p2a: Arboliva|4/100 brn|[from] brn
|-fieldend|move: Grassy Terrain
|upkeep
|turn|35
|
|t:|1781410474
|move|p1a: Manaphy|Scald|p2a: Arboliva
|-resisted|p2a: Arboliva
|-damage|p2a: Arboliva|0 fnt
|faint|p2a: Arboliva
|
|-heal|p1a: Manaphy|27/100|[from] item: Leftovers
|upkeep
|j| jsnsddk
|
|t:|1781410481
|switch|p2a: Dragonite|Dragonite, M|9/100
|turn|36
|
|t:|1781410490
|move|p2a: Dragonite|Extreme Speed|p1a: Manaphy
|-crit|p1a: Manaphy
|-damage|p1a: Manaphy|0 fnt
|faint|p1a: Manaphy
|
|upkeep
|
|t:|1781410493
|switch|p1a: Clefable|Clefable, M|100/100
|turn|37
|
|t:|1781410497
|switch|p2a: Iron Crown|Iron Crown|53/100 par
|move|p1a: Clefable|Calm Mind|p1a: Clefable
|-boost|p1a: Clefable|spa|1
|-boost|p1a: Clefable|spd|1
|
|upkeep
|turn|38
|
|t:|1781410501
|move|p2a: Iron Crown|Tachyon Cutter|p1a: Clefable
|-supereffective|p1a: Clefable
|-damage|p1a: Clefable|71/100
|-supereffective|p1a: Clefable
|-damage|p1a: Clefable|38/100
|-hitcount|p1a: Clefable|2
|move|p1a: Clefable|Fire Blast|p2a: Iron Crown
|-supereffective|p2a: Iron Crown
|-damage|p2a: Iron Crown|0 fnt
|faint|p2a: Iron Crown
|-end|p2a: Iron Crown|Quark Drive|[silent]
|
|-heal|p1a: Clefable|44/100|[from] item: Leftovers
|upkeep
|
|t:|1781410516
|switch|p2a: Dragonite|Dragonite, M|9/100
|turn|39
|j| choispecs ironmoth
|
|t:|1781410533
|move|p2a: Dragonite|Earthquake|p1a: Clefable
|-damage|p1a: Clefable|4/100
|move|p1a: Clefable|Moonblast|p2a: Dragonite
|-supereffective|p2a: Dragonite
|-damage|p2a: Dragonite|0 fnt
|faint|p2a: Dragonite
|
|-heal|p1a: Clefable|10/100|[from] item: Leftovers
|upkeep
|
|t:|1781410538
|switch|p2a: Gliscor|Gliscor, M|100/100
|turn|40
|
|t:|1781410540
|move|p2a: Gliscor|Earthquake|p1a: Clefable
|-damage|p1a: Clefable|0 fnt
|faint|p1a: Clefable
|
|win|Klopple
|raw|Johnny tots's rating: 1814 &rarr; <strong>1788</strong><br />(-26 for losing)
|raw|Klopple's rating: 1712 &rarr; <strong>1738</strong><br />(+26 for winning)
|l|☆Klopple
|player|p2|
|l|☆Johnny tots
|player|p1|
|l| choispecs ironmoth
|l| jsnsddk
|j| choispecs ironmoth
