|j|☆melonsourgummy
|j|☆gye5
|t:|1781571129
|gametype|singles
|player|p1|melonsourgummy|170|1641
|player|p2|gye5|blue|1576
|gen|9
|tier|[Gen 9] OU
|rated|
|rule|HP Percentage Mod: HP is shown in percentages
|rule|Endless Battle Clause: Forcing endless battles is banned
|rule|Species Clause: Limit one of each Pokémon
|rule|OHKO Clause: OHKO moves are banned
|rule|Evasion Items Clause: Evasion items are banned
|rule|Evasion Moves Clause: Evasion moves are banned
|rule|Evasion Abilities Clause: Evasion abilities are banned
|rule|Sleep Moves Clause: Sleep-inducing moves are banned
|clearpoke
|poke|p1|Pelipper, M|
|poke|p1|Volcanion|
|poke|p1|Tyranitar, M|
|poke|p1|Excadrill, M|
|poke|p1|Corviknight, F|
|poke|p1|Zamazenta-*|
|poke|p2|Avalugg, M|
|poke|p2|Primarina, M|
|poke|p2|Great Tusk|
|poke|p2|Scizor, M|
|poke|p2|Dragapult, M|
|poke|p2|Iron Crown|
|teampreview
|inactive|Battle timer is ON: inactive players will automatically lose when time's up. (requested by gye5)
|
|t:|1781571139
|teamsize|p1|6
|teamsize|p2|6
|start
|switch|p1a: Volcanion|Volcanion|100/100
|switch|p2a: Dragapult|Dragapult, M, shiny|100/100
|turn|1
|
|t:|1781571144
|move|p2a: Dragapult|Shadow Ball|p1a: Volcanion
|-damage|p1a: Volcanion|32/100
|move|p1a: Volcanion|Steam Eruption|p2a: Dragapult
|-resisted|p2a: Dragapult
|-damage|p2a: Dragapult|31/100
|-status|p2a: Dragapult|brn
|
|-damage|p2a: Dragapult|25/100 brn|[from] brn
|upkeep
|turn|2
|
|t:|1781571153
|switch|p2a: Great Tusk|Great Tusk, shiny|100/100
|switch|p1a: Tyranitar|Tyranitar, M|100/100
|-weather|Sandstorm|[from] ability: Sand Stream|[of] p1a: Tyranitar
|
|-weather|Sandstorm|[upkeep]
|upkeep
|turn|3
|
|t:|1781571160
|move|p2a: Great Tusk|Stealth Rock|p1a: Tyranitar
|-sidestart|p1: melonsourgummy|move: Stealth Rock
|move|p1a: Tyranitar|Ice Beam|p2a: Great Tusk
|-supereffective|p2a: Great Tusk
|-damage|p2a: Great Tusk|44/100
|
|-weather|Sandstorm|[upkeep]
|-heal|p2a: Great Tusk|51/100|[from] item: Leftovers
|upkeep
|turn|4
|
|t:|1781571167
|switch|p1a: Corviknight|Corviknight, F|100/100
|-damage|p1a: Corviknight|88/100|[from] Stealth Rock
|-ability|p1a: Corviknight|Pressure
|move|p2a: Great Tusk|Close Combat|p1a: Corviknight
|-damage|p1a: Corviknight|47/100
|-unboost|p2a: Great Tusk|def|1
|-unboost|p2a: Great Tusk|spd|1
|
|-weather|Sandstorm|[upkeep]
|-heal|p2a: Great Tusk|57/100|[from] item: Leftovers
|-heal|p1a: Corviknight|53/100|[from] item: Leftovers
|upkeep
|turn|5
|
|t:|1781571178
|-terastallize|p2a: Great Tusk|Fighting
|move|p2a: Great Tusk|Close Combat|p1a: Corviknight
|-damage|p1a: Corviknight|5/100
|-unboost|p2a: Great Tusk|def|1
|-unboost|p2a: Great Tusk|spd|1
|move|p1a: Corviknight|Defog|p2a: Great Tusk
|-unboost|p2a: Great Tusk|evasion|1
|-sideend|p1: melonsourgummy|Stealth Rock|[from] move: Defog|[of] p1a: Corviknight
|
|-weather|Sandstorm|[upkeep]
|-damage|p2a: Great Tusk|51/100|[from] Sandstorm
|-heal|p2a: Great Tusk|57/100|[from] item: Leftovers
|-heal|p1a: Corviknight|11/100|[from] item: Leftovers
|upkeep
|turn|6
|
|t:|1781571190
|move|p2a: Great Tusk|Knock Off|p1a: Corviknight
|-damage|p1a: Corviknight|0 fnt
|-enditem|p1a: Corviknight|Leftovers|[from] move: Knock Off|[of] p2a: Great Tusk
|faint|p1a: Corviknight
|
|-weather|Sandstorm|[upkeep]
|-damage|p2a: Great Tusk|51/100|[from] Sandstorm
|-heal|p2a: Great Tusk|57/100|[from] item: Leftovers
|upkeep
|
|t:|1781571195
|switch|p1a: Excadrill|Excadrill, M|100/100
|turn|7
|
|t:|1781571200
|-end|p2a: Great Tusk|Protosynthesis|[silent]
|switch|p2a: Avalugg|Avalugg, M, shiny|100/100
|move|p1a: Excadrill|Earthquake|p2a: Avalugg
|-damage|p2a: Avalugg|81/100
|
|-weather|Sandstorm|[upkeep]
|-damage|p2a: Avalugg|75/100|[from] Sandstorm
|upkeep
|turn|8
|
|t:|1781571206
|move|p1a: Excadrill|Iron Head|p2a: Avalugg
|-supereffective|p2a: Avalugg
|-damage|p2a: Avalugg|42/100
|move|p2a: Avalugg|Body Press|p1a: Excadrill
|-supereffective|p1a: Excadrill
|-damage|p1a: Excadrill|0 fnt
|faint|p1a: Excadrill
|
|-weather|Sandstorm|[upkeep]
|-damage|p2a: Avalugg|36/100|[from] Sandstorm
|upkeep
|
|t:|1781571209
|switch|p1a: Pelipper|Pelipper, M|100/100
|-weather|RainDance|[from] ability: Drizzle|[of] p1a: Pelipper
|turn|9
|
|t:|1781571219
|move|p1a: Pelipper|Weather Ball|p2a: Avalugg
|-damage|p2a: Avalugg|0 fnt
|faint|p2a: Avalugg
|
|-weather|RainDance|[upkeep]
|upkeep
|
|t:|1781571225
|switch|p2a: Iron Crown|Iron Crown|100/100
|turn|10
|
|t:|1781571228
|switch|p1a: Tyranitar|Tyranitar, M|100/100
|-weather|Sandstorm|[from] ability: Sand Stream|[of] p1a: Tyranitar
|move|p2a: Iron Crown|Volt Switch|p1a: Tyranitar
|-damage|p1a: Tyranitar|90/100
|
|t:|1781571235
|-end|p2a: Iron Crown|Quark Drive|[silent]
|switch|p2a: Great Tusk|Great Tusk, shiny, tera:Fighting|57/100|[from] Volt Switch
|
|-weather|Sandstorm|[upkeep]
|-damage|p2a: Great Tusk|51/100|[from] Sandstorm
|-heal|p2a: Great Tusk|57/100|[from] item: Leftovers
|upkeep
|turn|11
|
|t:|1781571242
|switch|p1a: Pelipper|Pelipper, M|100/100
|-weather|RainDance|[from] ability: Drizzle|[of] p1a: Pelipper
|move|p2a: Great Tusk|Close Combat|p1a: Pelipper
|-resisted|p1a: Pelipper
|-damage|p1a: Pelipper|52/100
|-unboost|p2a: Great Tusk|def|1
|-unboost|p2a: Great Tusk|spd|1
|
|-weather|RainDance|[upkeep]
|-heal|p2a: Great Tusk|63/100|[from] item: Leftovers
|upkeep
|turn|12
|
|t:|1781571253
|move|p2a: Great Tusk|Close Combat|p1a: Pelipper
|-resisted|p1a: Pelipper
|-damage|p1a: Pelipper|6/100
|-unboost|p2a: Great Tusk|def|1
|-unboost|p2a: Great Tusk|spd|1
|move|p1a: Pelipper|Weather Ball|p2a: Great Tusk
|-damage|p2a: Great Tusk|0 fnt
|faint|p2a: Great Tusk
|-end|p2a: Great Tusk|Protosynthesis|[silent]
|
|-weather|RainDance|[upkeep]
|upkeep
|
|t:|1781571262
|switch|p2a: Iron Crown|Iron Crown|100/100
|turn|13
|
|t:|1781571270
|-terastallize|p1a: Pelipper|Ground
|move|p2a: Iron Crown|Volt Switch|p1a: Pelipper
|-immune|p1a: Pelipper
|move|p1a: Pelipper|Weather Ball|p2a: Iron Crown
|-damage|p2a: Iron Crown|2/100
|
|-weather|RainDance|[upkeep]
|upkeep
|turn|14
|
|t:|1781571286
|-end|p2a: Iron Crown|Quark Drive|[silent]
|switch|p2a: Primarina|Primarina, M, shiny|100/100
|move|p1a: Pelipper|Weather Ball|p2a: Primarina
|-resisted|p2a: Primarina
|-damage|p2a: Primarina|72/100
|
|-weather|RainDance|[upkeep]
|upkeep
|turn|15
|
|t:|1781571296
|switch|p1a: Volcanion|Volcanion|32/100
|move|p2a: Primarina|Moonblast|p1a: Volcanion
|-resisted|p1a: Volcanion
|-damage|p1a: Volcanion|0 fnt
|faint|p1a: Volcanion
|
|-weather|none
|upkeep
|
|t:|1781571310
|switch|p1a: Tyranitar|Tyranitar, M|90/100
|-weather|Sandstorm|[from] ability: Sand Stream|[of] p1a: Tyranitar
|turn|16
|
|t:|1781571315
|move|p2a: Primarina|Moonblast|p1a: Tyranitar
|-supereffective|p1a: Tyranitar
|-damage|p1a: Tyranitar|48/100
|-unboost|p1a: Tyranitar|spa|1
|move|p1a: Tyranitar|Knock Off|p2a: Primarina
|-resisted|p2a: Primarina
|-crit|p2a: Primarina
|-damage|p2a: Primarina|35/100
|-enditem|p2a: Primarina|Assault Vest|[from] move: Knock Off|[of] p1a: Tyranitar
|
|-weather|Sandstorm|[upkeep]
|-damage|p2a: Primarina|29/100|[from] Sandstorm
|upkeep
|turn|17
|
|t:|1781571325
|switch|p1a: Pelipper|Pelipper, M, tera:Ground|6/100
|-weather|RainDance|[from] ability: Drizzle|[of] p1a: Pelipper
|move|p2a: Primarina|Surf|p1a: Pelipper
|-supereffective|p1a: Pelipper
|-damage|p1a: Pelipper|0 fnt
|faint|p1a: Pelipper
|
|-weather|RainDance|[upkeep]
|upkeep
|
|t:|1781571329
|switch|p1a: Zamazenta|Zamazenta|100/100
|-ability|p1a: Zamazenta|Dauntless Shield|boost
|-boost|p1a: Zamazenta|def|1
|turn|18
|
|t:|1781571339
|move|p1a: Zamazenta|Body Press|p2a: Primarina
|-resisted|p2a: Primarina
|-damage|p2a: Primarina|0 fnt
|faint|p2a: Primarina
|
|-weather|RainDance|[upkeep]
|upkeep
|
|t:|1781571344
|switch|p2a: Dragapult|Dragapult, M, shiny|25/100 brn
|turn|19
|
|t:|1781571346
|switch|p1a: Tyranitar|Tyranitar, M|48/100
|-weather|Sandstorm|[from] ability: Sand Stream|[of] p1a: Tyranitar
|move|p2a: Dragapult|Draco Meteor|p1a: Tyranitar
|-damage|p1a: Tyranitar|11/100
|-unboost|p2a: Dragapult|spa|2
|
|-weather|Sandstorm|[upkeep]
|-damage|p2a: Dragapult|19/100 brn|[from] Sandstorm
|-damage|p2a: Dragapult|13/100 brn|[from] brn
|upkeep
|turn|20
|
|t:|1781571357
|switch|p2a: Scizor|Scizor, M, shiny|100/100
|move|p1a: Tyranitar|Stealth Rock|p2a: Scizor
|-sidestart|p2: gye5|move: Stealth Rock
|
|-weather|Sandstorm|[upkeep]
|upkeep
|turn|21
|
|t:|1781571362
|move|p2a: Scizor|U-turn|p1a: Tyranitar
|-supereffective|p1a: Tyranitar
|-damage|p1a: Tyranitar|0 fnt
|faint|p1a: Tyranitar
|
|t:|1781571371
|switch|p2a: Iron Crown|Iron Crown|2/100|[from] U-turn
|-damage|p2a: Iron Crown|0 fnt|[from] Stealth Rock
|faint|p2a: Iron Crown
|-end|p2a: Iron Crown|Quark Drive|[silent]
|
|-weather|Sandstorm|[upkeep]
|upkeep
|
|t:|1781571377
|switch|p2a: Scizor|Scizor, M, shiny|100/100
|switch|p1a: Zamazenta|Zamazenta|100/100
|-damage|p2a: Scizor|88/100|[from] Stealth Rock
|turn|22
|
|t:|1781571382
|move|p1a: Zamazenta|Iron Defense|p1a: Zamazenta
|-boost|p1a: Zamazenta|def|2
|move|p2a: Scizor|Dual Wingbeat|p1a: Zamazenta
|-supereffective|p1a: Zamazenta
|-damage|p1a: Zamazenta|77/100
|-supereffective|p1a: Zamazenta
|-damage|p1a: Zamazenta|54/100
|-hitcount|p1a: Zamazenta|2
|
|-weather|Sandstorm|[upkeep]
|-damage|p1a: Zamazenta|47/100|[from] Sandstorm
|-heal|p1a: Zamazenta|54/100|[from] item: Leftovers
|upkeep
|turn|23
|
|t:|1781571408
|move|p2a: Scizor|Dual Wingbeat|p1a: Zamazenta
|-supereffective|p1a: Zamazenta
|-damage|p1a: Zamazenta|28/100
|-supereffective|p1a: Zamazenta
|-damage|p1a: Zamazenta|5/100
|-hitcount|p1a: Zamazenta|2
|move|p1a: Zamazenta|Roar|p2a: Scizor
|drag|p2a: Dragapult|Dragapult, M, shiny|13/100 brn
|-damage|p2a: Dragapult|1/100 brn|[from] Stealth Rock
|
|-weather|Sandstorm|[upkeep]
|-damage|p2a: Dragapult|0 fnt|[from] Sandstorm
|-damage|p1a: Zamazenta|0 fnt|[from] Sandstorm
|faint|p2a: Dragapult
|faint|p1a: Zamazenta
|
|win|gye5
|raw|melonsourgummy's rating: 1641 &rarr; <strong>1617</strong><br />(-24 for losing)
|raw|gye5's rating: 1576 &rarr; <strong>1600</strong><br />(+24 for winning)
|l|☆melonsourgummy
|player|p1|
|l|☆gye5
|player|p2|
