|j|☆Indralok
|j|☆u r nottwhh
|t:|1781343104
|gametype|singles
|player|p1|Indralok|dawn|1605
|player|p2|u r nottwhh|lucas|1564
|gen|9
|tier|[Gen 9] OU
|rated|
|rule|HP Percentage Mod: HP is shown in percentages
|rule|Endless Battle Clause: Forcing endless battles is banned
|rule|Species Clause: Limit one of each Pokémon
|rule|OHKO Clause: OHKO moves are banned
|rule|Evasion Items Clause: Evasion items are banned
|rule|Evasion Moves Clause: Evasion moves are banned
|rule|Evasion Abilities Clause: Evasion abilities are banned
|rule|Sleep Moves Clause: Sleep-inducing moves are banned
|clearpoke
|poke|p1|Hawlucha, F|
|poke|p1|Samurott-Hisui, F|
|poke|p1|Rillaboom, F|
|poke|p1|Gholdengo|
|poke|p1|Kyurem|
|poke|p1|Landorus-Therian, M|
|poke|p2|Zamazenta-*|
|poke|p2|Dondozo, F|
|poke|p2|Iron Treads|
|poke|p2|Zapdos|
|poke|p2|Slowking-Galar, M|
|poke|p2|Cinderace, M|
|teampreview
|inactive|Battle timer is ON: inactive players will automatically lose when time's up. (requested by Indralok)
|
|t:|1781343118
|teamsize|p1|6
|teamsize|p2|6
|start
|switch|p1a: Kyurem|Kyurem|100/100
|switch|p2a: Cinderace|Cinderace, M|100/100
|-ability|p1a: Kyurem|Pressure
|turn|1
|
|t:|1781343123
|switch|p1a: Landorus|Landorus-Therian, M|100/100
|-ability|p1a: Landorus|Intimidate|boost
|-unboost|p2a: Cinderace|atk|1
|-terastallize|p2a: Cinderace|Fire
|move|p2a: Cinderace|Pyro Ball|p1a: Landorus
|-damage|p1a: Landorus|29/100
|
|upkeep
|turn|2
|
|t:|1781343130
|switch|p1a: Samurott|Samurott-Hisui, F|100/100
|move|p2a: Cinderace|Pyro Ball|p1a: Samurott
|-resisted|p1a: Samurott
|-crit|p1a: Samurott
|-damage|p1a: Samurott|0 fnt
|faint|p1a: Samurott
|
|upkeep
|
|t:|1781343142
|switch|p1a: Kyurem|Kyurem|100/100
|-ability|p1a: Kyurem|Pressure
|turn|3
|
|t:|1781343147
|switch|p2a: Zapdos|Zapdos|100/100
|move|p1a: Kyurem|Earth Power|p2a: Zapdos
|-immune|p2a: Zapdos
|
|upkeep
|turn|4
|
|t:|1781343156
|move|p2a: Zapdos|Thunder Wave|p1a: Kyurem
|-status|p1a: Kyurem|par
|move|p1a: Kyurem|Ice Beam|p2a: Zapdos
|-supereffective|p2a: Zapdos
|-damage|p2a: Zapdos|0 fnt
|faint|p2a: Zapdos
|
|upkeep
|j| sacron10
|
|t:|1781343177
|switch|p2a: Iron Treads|Iron Treads|100/100
|-enditem|p2a: Iron Treads|Booster Energy
|-activate|p2a: Iron Treads|ability: Quark Drive|[fromitem]
|-start|p2a: Iron Treads|quarkdriveatk
|turn|5
|
|t:|1781343183
|switch|p1a: Landorus|Landorus-Therian, M|29/100
|-ability|p1a: Landorus|Intimidate|boost
|-unboost|p2a: Iron Treads|atk|1
|move|p2a: Iron Treads|Stealth Rock|p1a: Landorus
|-sidestart|p1: Indralok|move: Stealth Rock
|
|upkeep
|turn|6
|
|t:|1781343194
|-end|p2a: Iron Treads|Quark Drive|[silent]
|switch|p2a: Dondozo|Dondozo, F|100/100
|move|p1a: Landorus|Stealth Rock|p2a: Dondozo
|-sidestart|p2: u r nottwhh|move: Stealth Rock
|
|upkeep
|turn|7
|
|t:|1781343209
|switch|p2a: Slowking|Slowking-Galar, M|100/100
|-damage|p2a: Slowking|88/100|[from] Stealth Rock
|move|p1a: Landorus|U-turn|p2a: Slowking
|-damage|p2a: Slowking|68/100
|j| hattybatty304
|
|t:|1781343214
|switch|p1a: Rillaboom|Rillaboom, F|100/100|[from] U-turn
|-damage|p1a: Rillaboom|88/100|[from] Stealth Rock
|-fieldstart|move: Grassy Terrain|[from] ability: Grassy Surge|[of] p1a: Rillaboom
|
|-heal|p1a: Rillaboom|94/100|[from] Grassy Terrain
|-heal|p2a: Slowking|74/100|[from] Grassy Terrain
|-heal|p2a: Slowking|80/100|[from] item: Leftovers
|upkeep
|turn|8
|
|t:|1781343232
|move|p1a: Rillaboom|Knock Off|p2a: Slowking
|-supereffective|p2a: Slowking
|-damage|p2a: Slowking|6/100
|-enditem|p2a: Slowking|Leftovers|[from] move: Knock Off|[of] p1a: Rillaboom
|-prepare|p2a: Slowking|Chilly Reception|[premajor]
|move|p2a: Slowking|Chilly Reception|p2a: Slowking
|-weather|Snowscape
|
|t:|1781343237
|switch|p2a: Zamazenta|Zamazenta|100/100|[from] Chilly Reception
|-damage|p2a: Zamazenta|94/100|[from] Stealth Rock
|-ability|p2a: Zamazenta|Dauntless Shield|boost
|-boost|p2a: Zamazenta|def|1
|
|-weather|Snowscape|[upkeep]
|-heal|p2a: Zamazenta|100/100|[from] Grassy Terrain
|-heal|p1a: Rillaboom|100/100|[from] Grassy Terrain
|upkeep
|turn|9
|
|t:|1781343246
|switch|p1a: Landorus|Landorus-Therian, M|29/100
|-damage|p1a: Landorus|16/100|[from] Stealth Rock
|-ability|p1a: Landorus|Intimidate|boost
|-unboost|p2a: Zamazenta|atk|1
|move|p2a: Zamazenta|Crunch|p1a: Landorus
|-damage|p1a: Landorus|0 fnt
|-damage|p2a: Zamazenta|84/100|[from] item: Rocky Helmet|[of] p1a: Landorus
|faint|p1a: Landorus
|
|-weather|Snowscape|[upkeep]
|-heal|p2a: Zamazenta|90/100|[from] Grassy Terrain
|-heal|p2a: Zamazenta|96/100|[from] item: Leftovers
|upkeep
|
|t:|1781343256
|switch|p1a: Hawlucha|Hawlucha, F|100/100
|-damage|p1a: Hawlucha|88/100|[from] Stealth Rock
|-enditem|p1a: Hawlucha|Grassy Seed
|-boost|p1a: Hawlucha|def|1|[from] item: Grassy Seed
|turn|10
|
|t:|1781343273
|switch|p2a: Slowking|Slowking-Galar, M|39/100
|-damage|p2a: Slowking|26/100|[from] Stealth Rock
|move|p1a: Hawlucha|Acrobatics|p2a: Slowking
|-damage|p2a: Slowking|0 fnt
|faint|p2a: Slowking
|
|-weather|Snowscape|[upkeep]
|upkeep
|
|t:|1781343276
|switch|p2a: Dondozo|Dondozo, F|100/100
|-damage|p2a: Dondozo|88/100|[from] Stealth Rock
|turn|11
|
|t:|1781343285
|move|p1a: Hawlucha|Low Kick|p2a: Dondozo
|-damage|p2a: Dondozo|62/100
|move|p2a: Dondozo|Wave Crash|p1a: Hawlucha
|-damage|p1a: Hawlucha|31/100
|-damage|p2a: Dondozo|49/100|[from] Recoil
|
|-weather|Snowscape|[upkeep]
|-heal|p2a: Dondozo|55/100|[from] Grassy Terrain
|-heal|p2a: Dondozo|62/100|[from] item: Leftovers
|-fieldend|move: Grassy Terrain
|upkeep
|turn|12
|
|t:|1781343295
|move|p1a: Hawlucha|Roost|p1a: Hawlucha
|-heal|p1a: Hawlucha|81/100
|-singleturn|p1a: Hawlucha|move: Roost
|move|p2a: Dondozo|Wave Crash|p1a: Hawlucha
|-damage|p1a: Hawlucha|31/100
|-damage|p2a: Dondozo|50/100|[from] Recoil
|
|-weather|none
|-heal|p2a: Dondozo|56/100|[from] item: Leftovers
|upkeep
|turn|13
|
|t:|1781343298
|move|p1a: Hawlucha|Roost|p1a: Hawlucha
|-heal|p1a: Hawlucha|81/100
|-singleturn|p1a: Hawlucha|move: Roost
|move|p2a: Dondozo|Curse|p2a: Dondozo
|-unboost|p2a: Dondozo|spe|1
|-boost|p2a: Dondozo|atk|1
|-boost|p2a: Dondozo|def|1
|
|-heal|p2a: Dondozo|62/100|[from] item: Leftovers
|upkeep
|turn|14
|
|t:|1781343302
|switch|p1a: Kyurem|Kyurem|100/100 par
|-damage|p1a: Kyurem|76/100 par|[from] Stealth Rock
|-ability|p1a: Kyurem|Pressure
|move|p2a: Dondozo|Wave Crash|p1a: Kyurem
|-resisted|p1a: Kyurem
|-damage|p1a: Kyurem|47/100 par
|-damage|p2a: Dondozo|55/100|[from] Recoil
|
|-heal|p2a: Dondozo|61/100|[from] item: Leftovers
|upkeep
|turn|15
|
|t:|1781343315
|switch|p2a: Zamazenta|Zamazenta|96/100
|-damage|p2a: Zamazenta|90/100|[from] Stealth Rock
|move|p1a: Kyurem|Earth Power|p2a: Zamazenta
|-damage|p2a: Zamazenta|59/100
|-unboost|p2a: Zamazenta|spd|1
|
|-heal|p2a: Zamazenta|65/100|[from] item: Leftovers
|upkeep
|turn|16
|l| hattybatty304
|j| hattybatty304
|
|t:|1781343326
|switch|p1a: Hawlucha|Hawlucha, F|81/100
|-damage|p1a: Hawlucha|68/100|[from] Stealth Rock
|move|p2a: Zamazenta|Crunch|p1a: Hawlucha
|-resisted|p1a: Hawlucha
|-damage|p1a: Hawlucha|53/100
|
|-heal|p2a: Zamazenta|71/100|[from] item: Leftovers
|upkeep
|turn|17
|l| sacron10
|
|t:|1781343330
|move|p2a: Zamazenta|Heavy Slam|p1a: Hawlucha
|-damage|p1a: Hawlucha|2/100
|move|p1a: Hawlucha|Roost|p1a: Hawlucha
|-heal|p1a: Hawlucha|52/100
|-singleturn|p1a: Hawlucha|move: Roost
|
|-heal|p2a: Zamazenta|77/100|[from] item: Leftovers
|upkeep
|turn|18
|l| hattybatty304
|
|t:|1781343338
|move|p2a: Zamazenta|Iron Defense|p2a: Zamazenta
|-boost|p2a: Zamazenta|def|2
|move|p1a: Hawlucha|Roost|p1a: Hawlucha
|-heal|p1a: Hawlucha|100/100
|-singleturn|p1a: Hawlucha|move: Roost
|
|-heal|p2a: Zamazenta|83/100|[from] item: Leftovers
|upkeep
|turn|19
|
|t:|1781343349
|switch|p1a: Gholdengo|Gholdengo|100/100
|-damage|p1a: Gholdengo|94/100|[from] Stealth Rock
|move|p2a: Zamazenta|Iron Defense|p2a: Zamazenta
|-boost|p2a: Zamazenta|def|2
|
|-heal|p2a: Zamazenta|89/100|[from] item: Leftovers
|upkeep
|turn|20
|
|t:|1781343353
|move|p1a: Gholdengo|Make It Rain|p2a: Zamazenta
|-damage|p2a: Zamazenta|0 fnt
|-unboost|p1a: Gholdengo|spa|1
|faint|p2a: Zamazenta
|
|upkeep
|
|t:|1781343361
|switch|p2a: Iron Treads|Iron Treads|100/100
|-damage|p2a: Iron Treads|98/100|[from] Stealth Rock
|turn|21
|
|t:|1781343391
|switch|p1a: Rillaboom|Rillaboom, F|100/100
|-damage|p1a: Rillaboom|88/100|[from] Stealth Rock
|-fieldstart|move: Grassy Terrain|[from] ability: Grassy Surge|[of] p1a: Rillaboom
|move|p2a: Iron Treads|Rapid Spin|p1a: Rillaboom
|-crit|p1a: Rillaboom
|-damage|p1a: Rillaboom|66/100
|-boost|p2a: Iron Treads|spe|1
|-sideend|p2: u r nottwhh|Stealth Rock|[from] move: Rapid Spin|[of] p2a: Iron Treads
|
|-heal|p2a: Iron Treads|100/100|[from] Grassy Terrain
|-heal|p1a: Rillaboom|72/100|[from] Grassy Terrain
|upkeep
|turn|22
|inactive|Indralok has 120 seconds left.
|
|t:|1781343409
|-end|p2a: Iron Treads|Quark Drive|[silent]
|switch|p2a: Dondozo|Dondozo, F|61/100
|move|p1a: Rillaboom|Grassy Glide|p2a: Dondozo
|-supereffective|p2a: Dondozo
|-damage|p2a: Dondozo|21/100
|
|-heal|p1a: Rillaboom|79/100|[from] Grassy Terrain
|-heal|p2a: Dondozo|27/100|[from] Grassy Terrain
|-heal|p2a: Dondozo|34/100|[from] item: Leftovers
|upkeep
|turn|23
|
|t:|1781343414
|move|p1a: Rillaboom|Grassy Glide|p2a: Dondozo
|-supereffective|p2a: Dondozo
|-damage|p2a: Dondozo|0 fnt
|faint|p2a: Dondozo
|
|-heal|p1a: Rillaboom|85/100|[from] Grassy Terrain
|upkeep
|
|t:|1781343417
|switch|p2a: Cinderace|Cinderace, M, tera:Fire|100/100
|turn|24
|
|t:|1781343432
|-terastallize|p1a: Rillaboom|Fire
|move|p2a: Cinderace|U-turn|p1a: Rillaboom
|-resisted|p1a: Rillaboom
|-damage|p1a: Rillaboom|67/100
|
|t:|1781343435
|switch|p2a: Iron Treads|Iron Treads|100/100|[from] U-turn
|move|p1a: Rillaboom|Knock Off|p2a: Iron Treads
|-damage|p2a: Iron Treads|81/100
|
|-heal|p2a: Iron Treads|88/100|[from] Grassy Terrain
|-heal|p1a: Rillaboom|74/100|[from] Grassy Terrain
|upkeep
|turn|25
|
|t:|1781343442
|switch|p1a: Hawlucha|Hawlucha, F|100/100
|-damage|p1a: Hawlucha|88/100|[from] Stealth Rock
|move|p2a: Iron Treads|Earthquake|p1a: Hawlucha
|-immune|p1a: Hawlucha
|
|-heal|p2a: Iron Treads|94/100|[from] Grassy Terrain
|-fieldend|move: Grassy Terrain
|upkeep
|turn|26
|
|t:|1781343446
|move|p2a: Iron Treads|Supercell Slam|p1a: Hawlucha
|-supereffective|p1a: Hawlucha
|-damage|p1a: Hawlucha|16/100
|move|p1a: Hawlucha|Low Kick|p2a: Iron Treads
|-supereffective|p2a: Iron Treads
|-damage|p2a: Iron Treads|0 fnt
|faint|p2a: Iron Treads
|-end|p2a: Iron Treads|Quark Drive|[silent]
|
|upkeep
|
|t:|1781343453
|switch|p2a: Cinderace|Cinderace, M, tera:Fire|100/100
|turn|27
|
|t:|1781343458
|move|p2a: Cinderace|Pyro Ball|p1a: Hawlucha
|-damage|p1a: Hawlucha|0 fnt
|faint|p1a: Hawlucha
|
|upkeep
|
|t:|1781343462
|switch|p1a: Rillaboom|Rillaboom, F, tera:Fire|74/100
|-damage|p1a: Rillaboom|49/100|[from] Stealth Rock
|-fieldstart|move: Grassy Terrain|[from] ability: Grassy Surge|[of] p1a: Rillaboom
|turn|28
|
|t:|1781343466
|move|p2a: Cinderace|Pyro Ball|p1a: Rillaboom
|-resisted|p1a: Rillaboom
|-damage|p1a: Rillaboom|0 fnt
|faint|p1a: Rillaboom
|
|upkeep
|
|t:|1781343469
|switch|p1a: Gholdengo|Gholdengo|94/100
|-damage|p1a: Gholdengo|88/100|[from] Stealth Rock
|turn|29
|
|t:|1781343472
|move|p1a: Gholdengo|Shadow Ball|p2a: Cinderace
|-damage|p2a: Cinderace|43/100
|move|p2a: Cinderace|Pyro Ball|p1a: Gholdengo
|-supereffective|p1a: Gholdengo
|-damage|p1a: Gholdengo|0 fnt
|faint|p1a: Gholdengo
|
|-heal|p2a: Cinderace|49/100|[from] Grassy Terrain
|upkeep
|
|t:|1781343473
|switch|p1a: Kyurem|Kyurem|47/100 par
|-damage|p1a: Kyurem|22/100 par|[from] Stealth Rock
|-ability|p1a: Kyurem|Pressure
|turn|30
|
|t:|1781343477
|move|p2a: Cinderace|Pyro Ball|p1a: Kyurem
|-damage|p1a: Kyurem|0 fnt
|faint|p1a: Kyurem
|
|win|u r nottwhh
|raw|Indralok's rating: 1605 &rarr; <strong>1583</strong><br />(-22 for losing)
|raw|u r nottwhh's rating: 1564 &rarr; <strong>1586</strong><br />(+22 for winning)
|l|☆Indralok
|player|p1|
|l|☆u r nottwhh
|player|p2|
