|j|☆Acastillo631
|j|☆btu100
|t:|1781185667
|gametype|singles
|player|p1|Acastillo631|silver|1614
|player|p2|btu100|benga|1614
|gen|9
|tier|[Gen 9] OU
|rated|
|rule|HP Percentage Mod: HP is shown in percentages
|rule|Endless Battle Clause: Forcing endless battles is banned
|rule|Species Clause: Limit one of each Pokémon
|rule|OHKO Clause: OHKO moves are banned
|rule|Evasion Items Clause: Evasion items are banned
|rule|Evasion Moves Clause: Evasion moves are banned
|rule|Evasion Abilities Clause: Evasion abilities are banned
|rule|Sleep Moves Clause: Sleep-inducing moves are banned
|clearpoke
|poke|p1|Iron Valiant|
|poke|p1|Sinistcha|
|poke|p1|Tyranitar, M|
|poke|p1|Klefki, F|
|poke|p1|Swampert, M|
|poke|p1|Talonflame, M|
|poke|p2|Alomomola, F|
|poke|p2|Meowscarada, M|
|poke|p2|Arcanine-Hisui, M|
|poke|p2|Hatterene, F|
|poke|p2|Corviknight, F|
|poke|p2|Ting-Lu|
|teampreview
|inactive|Battle timer is ON: inactive players will automatically lose when time's up. (requested by btu100)
|c|☆btu100|hf
|
|t:|1781185683
|teamsize|p1|6
|teamsize|p2|6
|start
|switch|p1a: Redips|Klefki, F|100/100
|switch|p2a: Arcanine|Arcanine-Hisui, M, shiny|100/100
|turn|1
|j| Fat_Yogi
|
|t:|1781185701
|switch|p1a: Duff Mcwhalen|Swampert, M|100/100
|move|p2a: Arcanine|Flare Blitz|p1a: Duff Mcwhalen
|-resisted|p1a: Duff Mcwhalen
|-damage|p1a: Duff Mcwhalen|53/100
|
|-heal|p1a: Duff Mcwhalen|60/100|[from] item: Leftovers
|upkeep
|turn|2
|
|t:|1781185705
|switch|p2a: Hatterene|Hatterene, F, shiny|100/100
|move|p1a: Duff Mcwhalen|Knock Off|p2a: Hatterene
|-damage|p2a: Hatterene|81/100
|-damage|p1a: Duff Mcwhalen|43/100|[from] item: Rocky Helmet|[of] p2a: Hatterene
|-enditem|p2a: Hatterene|Rocky Helmet|[from] move: Knock Off|[of] p1a: Duff Mcwhalen
|
|-heal|p1a: Duff Mcwhalen|49/100|[from] item: Leftovers
|upkeep
|turn|3
|
|t:|1781185717
|move|p1a: Duff Mcwhalen|Earthquake|p2a: Hatterene
|-damage|p2a: Hatterene|48/100
|move|p2a: Hatterene|Nuzzle|p1a: Duff Mcwhalen
|-immune|p1a: Duff Mcwhalen
|
|-heal|p1a: Duff Mcwhalen|55/100|[from] item: Leftovers
|upkeep
|turn|4
|
|t:|1781185728
|move|p1a: Duff Mcwhalen|Flip Turn|p2a: Hatterene
|-damage|p2a: Hatterene|29/100
|
|t:|1781185736
|switch|p1a: Eregion|Tyranitar, M|100/100|[from] Flip Turn
|-weather|Sandstorm|[from] ability: Sand Stream|[of] p1a: Eregion
|move|p2a: Hatterene|Draining Kiss|p1a: Eregion
|-supereffective|p1a: Eregion
|-damage|p1a: Eregion|81/100
|-heal|p2a: Hatterene|48/100|[from] drain|[of] p1a: Eregion
|
|-weather|Sandstorm|[upkeep]
|-damage|p2a: Hatterene|42/100|[from] Sandstorm
|-heal|p1a: Eregion|87/100|[from] item: Leftovers
|upkeep
|turn|5
|
|t:|1781185747
|switch|p1a: Duff Mcwhalen|Swampert, M|55/100
|move|p2a: Hatterene|Pain Split|p1a: Duff Mcwhalen
|-sethp|p1a: Duff Mcwhalen|44/100|[from] move: Pain Split|[silent]
|-sethp|p2a: Hatterene|56/100|[from] move: Pain Split
|
|-weather|Sandstorm|[upkeep]
|-damage|p2a: Hatterene|50/100|[from] Sandstorm
|-heal|p1a: Duff Mcwhalen|50/100|[from] item: Leftovers
|upkeep
|turn|6
|
|t:|1781185752
|move|p1a: Duff Mcwhalen|Earthquake|p2a: Hatterene
|-damage|p2a: Hatterene|21/100
|move|p2a: Hatterene|Draining Kiss|p1a: Duff Mcwhalen
|-damage|p1a: Duff Mcwhalen|35/100
|-heal|p2a: Hatterene|36/100|[from] drain|[of] p1a: Duff Mcwhalen
|
|-weather|Sandstorm|[upkeep]
|-damage|p2a: Hatterene|30/100|[from] Sandstorm
|-heal|p1a: Duff Mcwhalen|41/100|[from] item: Leftovers
|upkeep
|turn|7
|
|t:|1781185759
|switch|p2a: Meowscarada|Meowscarada, M, shiny|100/100
|move|p1a: Duff Mcwhalen|Earthquake|p2a: Meowscarada
|-resisted|p2a: Meowscarada
|-damage|p2a: Meowscarada|71/100
|
|-weather|Sandstorm|[upkeep]
|-damage|p2a: Meowscarada|65/100|[from] Sandstorm
|-heal|p1a: Duff Mcwhalen|47/100|[from] item: Leftovers
|upkeep
|turn|8
|
|t:|1781185763
|switch|p1a: Redips|Klefki, F|100/100
|move|p2a: Meowscarada|U-turn|p1a: Redips
|-start|p2a: Meowscarada|typechange|Bug|[from] ability: Protean
|-resisted|p1a: Redips
|-damage|p1a: Redips|95/100
|-damage|p2a: Meowscarada|49/100|[from] item: Rocky Helmet|[of] p1a: Redips
|
|t:|1781185767
|switch|p2a: Hatterene|Hatterene, F, shiny|30/100|[from] U-turn
|
|-weather|none
|upkeep
|turn|9
|
|t:|1781185772
|move|p1a: Redips|Dazzling Gleam|p2a: Hatterene
|-damage|p2a: Hatterene|5/100
|move|p2a: Hatterene|Pain Split|p1a: Redips
|-sethp|p1a: Redips|50/100|[from] move: Pain Split|[silent]
|-sethp|p2a: Hatterene|50/100|[from] move: Pain Split
|
|upkeep
|turn|10
|
|t:|1781185776
|switch|p2a: Arcanine|Arcanine-Hisui, M, shiny|100/100
|move|p1a: Redips|Dazzling Gleam|p2a: Arcanine
|-resisted|p2a: Arcanine
|-damage|p2a: Arcanine|85/100
|
|upkeep
|turn|11
|
|t:|1781185781
|move|p1a: Redips|Thunder Wave|p2a: Arcanine
|-status|p2a: Arcanine|par
|move|p2a: Arcanine|Flare Blitz|p1a: Redips
|-supereffective|p1a: Redips
|-damage|p1a: Redips|0 fnt
|-damage|p2a: Arcanine|68/100 par|[from] item: Rocky Helmet|[of] p1a: Redips
|faint|p1a: Redips
|
|upkeep
|
|t:|1781185787
|switch|p1a: Wire Sponge|Sinistcha|100/100
|turn|12
|
|t:|1781185790
|move|p1a: Wire Sponge|Shadow Ball|p2a: Arcanine
|-damage|p2a: Arcanine|29/100 par
|move|p2a: Arcanine|Flare Blitz|p1a: Wire Sponge
|-supereffective|p1a: Wire Sponge
|-damage|p1a: Wire Sponge|34/100
|
|upkeep
|turn|13
|
|t:|1781185796
|switch|p2a: Ting-Lu|Ting-Lu|100/100
|-ability|p2a: Ting-Lu|Vessel of Ruin
|move|p1a: Wire Sponge|Strength Sap|p2a: Ting-Lu
|-unboost|p2a: Ting-Lu|atk|1
|-heal|p1a: Wire Sponge|100/100
|
|upkeep
|turn|14
|
|t:|1781185804
|switch|p2a: Alomomola|Alomomola, F|100/100
|move|p1a: Wire Sponge|Matcha Gotcha|p2a: Alomomola|[miss]
|-miss|p1a: Wire Sponge|p2a: Alomomola
|
|upkeep
|turn|15
|
|t:|1781185807
|move|p1a: Wire Sponge|Calm Mind|p1a: Wire Sponge
|-boost|p1a: Wire Sponge|spa|1
|-boost|p1a: Wire Sponge|spd|1
|move|p2a: Alomomola|Mirror Coat||[still]
|-fail|p2a: Alomomola
|
|upkeep
|turn|16
|
|t:|1781185810
|move|p1a: Wire Sponge|Calm Mind|p1a: Wire Sponge
|-boost|p1a: Wire Sponge|spa|1
|-boost|p1a: Wire Sponge|spd|1
|move|p2a: Alomomola|Scald|p1a: Wire Sponge
|-resisted|p1a: Wire Sponge
|-damage|p1a: Wire Sponge|96/100
|-status|p1a: Wire Sponge|brn
|
|-damage|p1a: Wire Sponge|93/100 brn|[from] brn
|upkeep
|turn|17
|
|t:|1781185814
|move|p1a: Wire Sponge|Calm Mind|p1a: Wire Sponge
|-boost|p1a: Wire Sponge|spa|1
|-boost|p1a: Wire Sponge|spd|1
|move|p2a: Alomomola|Flip Turn|p1a: Wire Sponge
|-resisted|p1a: Wire Sponge
|-damage|p1a: Wire Sponge|88/100 brn
|
|t:|1781185816
|switch|p2a: Meowscarada|Meowscarada, M, shiny|49/100|[from] Flip Turn
|
|-damage|p1a: Wire Sponge|85/100 brn|[from] brn
|upkeep
|turn|18
|
|t:|1781185821
|-terastallize|p1a: Wire Sponge|Poison
|move|p2a: Meowscarada|U-turn|p1a: Wire Sponge
|-start|p2a: Meowscarada|typechange|Bug|[from] ability: Protean
|-resisted|p1a: Wire Sponge
|-damage|p1a: Wire Sponge|73/100 brn
|
|t:|1781185827
|switch|p2a: Arcanine|Arcanine-Hisui, M, shiny|29/100 par|[from] U-turn
|move|p1a: Wire Sponge|Matcha Gotcha|p2a: Arcanine
|-damage|p2a: Arcanine|0 fnt
|-heal|p1a: Wire Sponge|87/100 brn|[from] drain|[of] p2a: Arcanine
|faint|p2a: Arcanine
|
|-damage|p1a: Wire Sponge|84/100 brn|[from] brn
|upkeep
|
|t:|1781185830
|switch|p2a: Alomomola|Alomomola, F|100/100
|turn|19
|
|t:|1781185834
|move|p1a: Wire Sponge|Calm Mind|p1a: Wire Sponge
|-boost|p1a: Wire Sponge|spa|1
|-boost|p1a: Wire Sponge|spd|1
|move|p2a: Alomomola|Mirror Coat||[still]
|-fail|p2a: Alomomola
|
|-damage|p1a: Wire Sponge|81/100 brn|[from] brn
|upkeep
|turn|20
|
|t:|1781185839
|move|p1a: Wire Sponge|Calm Mind|p1a: Wire Sponge
|-boost|p1a: Wire Sponge|spa|1
|-boost|p1a: Wire Sponge|spd|1
|move|p2a: Alomomola|Flip Turn|p1a: Wire Sponge
|-damage|p1a: Wire Sponge|68/100 brn
|
|t:|1781185840
|switch|p2a: Ting-Lu|Ting-Lu|100/100|[from] Flip Turn
|-ability|p2a: Ting-Lu|Vessel of Ruin
|
|-damage|p1a: Wire Sponge|65/100 brn|[from] brn
|upkeep
|turn|21
|
|t:|1781185844
|-terastallize|p2a: Ting-Lu|Poison
|move|p1a: Wire Sponge|Matcha Gotcha|p2a: Ting-Lu
|-resisted|p2a: Ting-Lu
|-damage|p2a: Ting-Lu|77/100
|-heal|p1a: Wire Sponge|82/100 brn|[from] drain|[of] p2a: Ting-Lu
|move|p2a: Ting-Lu|Whirlwind|p1a: Wire Sponge
|drag|p1a: Sage Harpuia|Iron Valiant|100/100
|-enditem|p1a: Sage Harpuia|Booster Energy
|-activate|p1a: Sage Harpuia|ability: Quark Drive|[fromitem]
|-start|p1a: Sage Harpuia|quarkdrivespe
|
|-heal|p2a: Ting-Lu|83/100|[from] item: Leftovers
|upkeep
|turn|22
|
|t:|1781185852
|move|p1a: Sage Harpuia|Encore|p2a: Ting-Lu
|-start|p2a: Ting-Lu|Encore
|move|p2a: Ting-Lu|Whirlwind|p1a: Sage Harpuia
|-end|p1a: Sage Harpuia|Quark Drive|[silent]
|drag|p1a: Duff Mcwhalen|Swampert, M|47/100
|
|-heal|p1a: Duff Mcwhalen|53/100|[from] item: Leftovers
|-heal|p2a: Ting-Lu|90/100|[from] item: Leftovers
|upkeep
|turn|23
|
|t:|1781185858
|switch|p2a: Hatterene|Hatterene, F, shiny|50/100
|move|p1a: Duff Mcwhalen|Earthquake|p2a: Hatterene
|-damage|p2a: Hatterene|19/100
|
|-heal|p1a: Duff Mcwhalen|59/100|[from] item: Leftovers
|upkeep
|turn|24
|
|t:|1781185862
|switch|p2a: Meowscarada|Meowscarada, M, shiny|49/100
|move|p1a: Duff Mcwhalen|Earthquake|p2a: Meowscarada
|-resisted|p2a: Meowscarada
|-damage|p2a: Meowscarada|20/100
|
|-heal|p1a: Duff Mcwhalen|66/100|[from] item: Leftovers
|upkeep
|turn|25
|
|t:|1781185868
|switch|p1a: Talonflame|Talonflame, M|100/100
|move|p2a: Meowscarada|Knock Off|p1a: Talonflame
|-start|p2a: Meowscarada|typechange|Dark|[from] ability: Protean
|-damage|p1a: Talonflame|45/100
|-status|p2a: Meowscarada|brn|[from] ability: Flame Body|[of] p1a: Talonflame
|-enditem|p1a: Talonflame|Heavy-Duty Boots|[from] move: Knock Off|[of] p2a: Meowscarada
|
|-damage|p2a: Meowscarada|13/100 brn|[from] brn
|upkeep
|turn|26
|
|t:|1781185875
|switch|p2a: Alomomola|Alomomola, F|100/100
|move|p1a: Talonflame|Roost|p1a: Talonflame
|-heal|p1a: Talonflame|95/100
|-singleturn|p1a: Talonflame|move: Roost
|
|upkeep
|turn|27
|
|t:|1781185879
|move|p1a: Talonflame|Will-O-Wisp|p2a: Alomomola
|-status|p2a: Alomomola|brn
|move|p2a: Alomomola|Flip Turn|p1a: Talonflame
|-supereffective|p1a: Talonflame
|-damage|p1a: Talonflame|73/100
|
|t:|1781185883
|switch|p2a: Ting-Lu|Ting-Lu, tera:Poison|90/100|[from] Flip Turn
|-ability|p2a: Ting-Lu|Vessel of Ruin
|
|-heal|p2a: Ting-Lu|96/100|[from] item: Leftovers
|upkeep
|turn|28
|
|t:|1781185886
|switch|p2a: Alomomola|Alomomola, F|100/100 brn
|move|p1a: Talonflame|Will-O-Wisp|p2a: Alomomola|[miss]
|-miss|p1a: Talonflame|p2a: Alomomola
|
|-damage|p2a: Alomomola|94/100 brn|[from] brn
|upkeep
|turn|29
|
|t:|1781185891
|switch|p1a: Eregion|Tyranitar, M|87/100
|-weather|Sandstorm|[from] ability: Sand Stream|[of] p1a: Eregion
|move|p2a: Alomomola|Flip Turn|p1a: Eregion
|-supereffective|p1a: Eregion
|-damage|p1a: Eregion|75/100
|
|t:|1781185897
|switch|p2a: Corviknight|Corviknight, F, shiny|100/100|[from] Flip Turn
|-ability|p2a: Corviknight|Pressure
|
|-weather|Sandstorm|[upkeep]
|-heal|p1a: Eregion|82/100|[from] item: Leftovers
|upkeep
|turn|30
|
|t:|1781185901
|switch|p1a: Talonflame|Talonflame, M|73/100
|move|p2a: Corviknight|Body Press|p1a: Talonflame
|-resisted|p1a: Talonflame
|-damage|p1a: Talonflame|57/100
|-status|p2a: Corviknight|brn|[from] ability: Flame Body|[of] p1a: Talonflame
|
|-weather|Sandstorm|[upkeep]
|-damage|p1a: Talonflame|51/100|[from] Sandstorm
|-damage|p2a: Corviknight|94/100 brn|[from] brn
|upkeep
|turn|31
|
|t:|1781185909
|switch|p1a: Duff Mcwhalen|Swampert, M|66/100
|switch|p2a: Alomomola|Alomomola, F|100/100 brn
|
|-weather|Sandstorm|[upkeep]
|-damage|p2a: Alomomola|94/100 brn|[from] Sandstorm
|-heal|p1a: Duff Mcwhalen|72/100|[from] item: Leftovers
|-damage|p2a: Alomomola|88/100 brn|[from] brn
|upkeep
|turn|32
|j| newhere1310
|
|t:|1781185913
|move|p1a: Duff Mcwhalen|Knock Off|p2a: Alomomola
|-damage|p2a: Alomomola|69/100 brn
|-enditem|p2a: Alomomola|Assault Vest|[from] move: Knock Off|[of] p1a: Duff Mcwhalen
|move|p2a: Alomomola|Scald|p1a: Duff Mcwhalen
|-damage|p1a: Duff Mcwhalen|62/100
|
|-weather|Sandstorm|[upkeep]
|-damage|p2a: Alomomola|63/100 brn|[from] Sandstorm
|-heal|p1a: Duff Mcwhalen|68/100|[from] item: Leftovers
|-damage|p2a: Alomomola|57/100 brn|[from] brn
|upkeep
|turn|33
|
|t:|1781185924
|move|p1a: Duff Mcwhalen|Stealth Rock|p2a: Alomomola
|-sidestart|p2: btu100|move: Stealth Rock
|move|p2a: Alomomola|Scald|p1a: Duff Mcwhalen
|-damage|p1a: Duff Mcwhalen|59/100
|
|-weather|none
|-heal|p1a: Duff Mcwhalen|65/100|[from] item: Leftovers
|-damage|p2a: Alomomola|50/100 brn|[from] brn
|upkeep
|turn|34
|inactive|Acastillo631 has 120 seconds left.
|
|t:|1781185979
|switch|p1a: Wire Sponge|Sinistcha, tera:Poison|82/100 brn
|move|p2a: Alomomola|Scald|p1a: Wire Sponge
|-damage|p1a: Wire Sponge|66/100 brn
|
|-damage|p1a: Wire Sponge|63/100 brn|[from] brn
|-damage|p2a: Alomomola|44/100 brn|[from] brn
|upkeep
|turn|35
|
|t:|1781185986
|switch|p2a: Corviknight|Corviknight, F, shiny|94/100 brn
|-damage|p2a: Corviknight|82/100 brn|[from] Stealth Rock
|-ability|p2a: Corviknight|Pressure
|move|p1a: Wire Sponge|Strength Sap|p2a: Corviknight
|-unboost|p2a: Corviknight|atk|1
|-heal|p1a: Wire Sponge|100/100 brn
|
|-damage|p1a: Wire Sponge|98/100 brn|[from] brn
|-damage|p2a: Corviknight|76/100 brn|[from] brn
|upkeep
|turn|36
|
|t:|1781185989
|move|p1a: Wire Sponge|Shadow Ball|p2a: Corviknight
|-damage|p2a: Corviknight|43/100 brn
|move|p2a: Corviknight|Defog|p1a: Wire Sponge
|-unboost|p1a: Wire Sponge|evasion|1
|-sideend|p2: btu100|Stealth Rock|[from] move: Defog|[of] p2a: Corviknight
|
|-damage|p1a: Wire Sponge|95/100 brn|[from] brn
|-damage|p2a: Corviknight|37/100 brn|[from] brn
|upkeep
|turn|37
|inactive|Acastillo631 has 120 seconds left.
|
|t:|1781185995
|move|p1a: Wire Sponge|Calm Mind|p1a: Wire Sponge
|-boost|p1a: Wire Sponge|spa|1
|-boost|p1a: Wire Sponge|spd|1
|move|p2a: Corviknight|Roost|p2a: Corviknight
|-heal|p2a: Corviknight|87/100 brn
|-singleturn|p2a: Corviknight|move: Roost
|
|-damage|p1a: Wire Sponge|92/100 brn|[from] brn
|-damage|p2a: Corviknight|81/100 brn|[from] brn
|upkeep
|turn|38
|
|t:|1781185997
|move|p1a: Wire Sponge|Shadow Ball|p2a: Corviknight
|-damage|p2a: Corviknight|34/100 brn
|move|p2a: Corviknight|U-turn|p1a: Wire Sponge
|-resisted|p1a: Wire Sponge
|-damage|p1a: Wire Sponge|90/100 brn
|
|t:|1781185999
|switch|p2a: Ting-Lu|Ting-Lu, tera:Poison|96/100|[from] U-turn
|-ability|p2a: Ting-Lu|Vessel of Ruin
|
|-heal|p2a: Ting-Lu|100/100|[from] item: Leftovers
|-damage|p1a: Wire Sponge|87/100 brn|[from] brn
|upkeep
|turn|39
|
|t:|1781186006
|move|p1a: Wire Sponge|Strength Sap|p2a: Ting-Lu
|-unboost|p2a: Ting-Lu|atk|1
|-heal|p1a: Wire Sponge|100/100 brn
|move|p2a: Ting-Lu|Earthquake|p1a: Wire Sponge
|-supereffective|p1a: Wire Sponge
|-damage|p1a: Wire Sponge|64/100 brn
|
|-damage|p1a: Wire Sponge|61/100 brn|[from] brn
|upkeep
|turn|40
|
|t:|1781186011
|move|p1a: Wire Sponge|Matcha Gotcha|p2a: Ting-Lu
|-resisted|p2a: Ting-Lu
|-damage|p2a: Ting-Lu|90/100
|-heal|p1a: Wire Sponge|68/100 brn|[from] drain|[of] p2a: Ting-Lu
|-status|p2a: Ting-Lu|brn
|move|p2a: Ting-Lu|Stealth Rock|p1a: Wire Sponge
|-sidestart|p1: Acastillo631|move: Stealth Rock
|
|-heal|p2a: Ting-Lu|97/100 brn|[from] item: Leftovers
|-damage|p1a: Wire Sponge|65/100 brn|[from] brn
|-damage|p2a: Ting-Lu|90/100 brn|[from] brn
|upkeep
|turn|41
|c|☆btu100|gg
|-message|btu100 forfeited.
|
|win|Acastillo631
|raw|Acastillo631's rating: 1614 &rarr; <strong>1634</strong><br />(+20 for winning)
|raw|btu100's rating: 1614 &rarr; <strong>1594</strong><br />(-20 for losing)
|l|☆btu100
|player|p2|
|c|☆Acastillo631|Gg
|l| Fat_Yogi
|l|☆Acastillo631
|player|p1|
|j|☆Acastillo631
|player|p1|Acastillo631|silver|
|l|☆Acastillo631
|player|p1|
