|j|☆dddriake
|j|☆jd2sleepy
|t:|1781331341
|gametype|singles
|player|p1|dddriake|1|1494
|player|p2|jd2sleepy|blackbelt-gen4dp|1592
|gen|9
|tier|[Gen 9] OU
|rated|
|rule|HP Percentage Mod: HP is shown in percentages
|rule|Endless Battle Clause: Forcing endless battles is banned
|rule|Species Clause: Limit one of each Pokémon
|rule|OHKO Clause: OHKO moves are banned
|rule|Evasion Items Clause: Evasion items are banned
|rule|Evasion Moves Clause: Evasion moves are banned
|rule|Evasion Abilities Clause: Evasion abilities are banned
|rule|Sleep Moves Clause: Sleep-inducing moves are banned
|clearpoke
|poke|p1|Slowking-Galar, F|
|poke|p1|Great Tusk|
|poke|p1|Kyurem|
|poke|p1|Kingambit, M|
|poke|p1|Cinderace, M|
|poke|p1|Zapdos|
|poke|p2|Kingambit, F|
|poke|p2|Pelipper, L99, M|
|poke|p2|Iron Treads|
|poke|p2|Zamazenta-*|
|poke|p2|Iron Valiant|
|poke|p2|Keldeo-Resolute|
|teampreview
|
|t:|1781331355
|teamsize|p1|6
|teamsize|p2|6
|start
|switch|p1a: Great Tusk|Great Tusk|100/100
|switch|p2a: My Little Pony|Keldeo-Resolute|100/100
|turn|1
|inactive|Battle timer is ON: inactive players will automatically lose when time's up. (requested by dddriake)
|
|t:|1781331360
|-end|p1a: Great Tusk|Protosynthesis|[silent]
|switch|p1a: Slowking|Slowking-Galar, F|100/100
|move|p2a: My Little Pony|Hydro Pump|p1a: Slowking
|-damage|p1a: Slowking|62/100
|
|upkeep
|turn|2
|
|t:|1781331364
|move|p2a: My Little Pony|Hydro Pump|p1a: Slowking
|-damage|p1a: Slowking|26/100
|-prepare|p1a: Slowking|Chilly Reception|[premajor]
|move|p1a: Slowking|Chilly Reception|p1a: Slowking
|-weather|Snowscape
|
|t:|1781331369
|switch|p1a: Kyurem|Kyurem|100/100|[from] Chilly Reception
|-ability|p1a: Kyurem|Pressure
|
|-weather|Snowscape|[upkeep]
|upkeep
|turn|3
|
|t:|1781331376
|move|p2a: My Little Pony|Secret Sword|p1a: Kyurem
|-supereffective|p1a: Kyurem
|-damage|p1a: Kyurem|30/100
|move|p1a: Kyurem|Freeze-Dry|p2a: My Little Pony
|-supereffective|p2a: My Little Pony
|-damage|p2a: My Little Pony|0 fnt
|faint|p2a: My Little Pony
|
|-weather|Snowscape|[upkeep]
|upkeep
|
|t:|1781331382
|switch|p2a: Legend Of Zama|Zamazenta|100/100
|-ability|p2a: Legend Of Zama|Dauntless Shield|boost
|-boost|p2a: Legend Of Zama|def|1
|turn|4
|
|t:|1781331387
|switch|p1a: Zapdos|Zapdos, shiny|100/100
|move|p2a: Legend Of Zama|Ice Fang|p1a: Zapdos
|-supereffective|p1a: Zapdos
|-damage|p1a: Zapdos|56/100
|-status|p2a: Legend Of Zama|par|[from] ability: Static|[of] p1a: Zapdos
|-damage|p2a: Legend Of Zama|91/100 par|[from] item: Life Orb
|
|-weather|Snowscape|[upkeep]
|upkeep
|turn|5
|
|t:|1781331393
|move|p1a: Zapdos|Roost|p1a: Zapdos
|-heal|p1a: Zapdos|100/100
|-singleturn|p1a: Zapdos|move: Roost
|move|p2a: Legend Of Zama|Close Combat|p1a: Zapdos
|-damage|p1a: Zapdos|45/100
|-unboost|p2a: Legend Of Zama|def|1
|-unboost|p2a: Legend Of Zama|spd|1
|-damage|p2a: Legend Of Zama|81/100 par|[from] item: Life Orb
|
|-weather|Snowscape|[upkeep]
|upkeep
|turn|6
|
|t:|1781331396
|move|p1a: Zapdos|Roost|p1a: Zapdos
|-heal|p1a: Zapdos|95/100
|-singleturn|p1a: Zapdos|move: Roost
|move|p2a: Legend Of Zama|Ice Fang|p1a: Zapdos
|-damage|p1a: Zapdos|73/100
|-damage|p2a: Legend Of Zama|71/100 par|[from] item: Life Orb
|
|-weather|none
|upkeep
|turn|7
|
|t:|1781331400
|move|p1a: Zapdos|Volt Switch|p2a: Legend Of Zama
|-damage|p2a: Legend Of Zama|30/100 par
|
|t:|1781331403
|switch|p1a: Slowking|Slowking-Galar, F|59/100|[from] Volt Switch
|move|p2a: Legend Of Zama|Close Combat|p1a: Slowking
|-resisted|p1a: Slowking
|-damage|p1a: Slowking|38/100
|-unboost|p2a: Legend Of Zama|def|1
|-unboost|p2a: Legend Of Zama|spd|1
|-damage|p2a: Legend Of Zama|20/100 par|[from] item: Life Orb
|
|upkeep
|turn|8
|
|t:|1781331407
|switch|p1a: Zapdos|Zapdos, shiny|73/100
|move|p2a: Legend Of Zama|Close Combat|p1a: Zapdos
|-resisted|p1a: Zapdos
|-damage|p1a: Zapdos|42/100
|-unboost|p2a: Legend Of Zama|def|1
|-unboost|p2a: Legend Of Zama|spd|1
|-damage|p2a: Legend Of Zama|10/100 par|[from] item: Life Orb
|
|upkeep
|turn|9
|
|t:|1781331412
|move|p1a: Zapdos|Roost|p1a: Zapdos
|-heal|p1a: Zapdos|92/100
|-singleturn|p1a: Zapdos|move: Roost
|move|p2a: Legend Of Zama|Close Combat|p1a: Zapdos
|-damage|p1a: Zapdos|37/100
|-unboost|p2a: Legend Of Zama|def|1
|-unboost|p2a: Legend Of Zama|spd|1
|-damage|p2a: Legend Of Zama|0 fnt|[from] item: Life Orb
|faint|p2a: Legend Of Zama
|
|upkeep
|
|t:|1781331418
|switch|p2a: Valiant Effort|Iron Valiant|100/100
|-enditem|p2a: Valiant Effort|Booster Energy
|-activate|p2a: Valiant Effort|ability: Quark Drive|[fromitem]
|-start|p2a: Valiant Effort|quarkdrivespe
|turn|10
|
|t:|1781331423
|move|p2a: Valiant Effort|Calm Mind|p2a: Valiant Effort
|-boost|p2a: Valiant Effort|spa|1
|-boost|p2a: Valiant Effort|spd|1
|move|p1a: Zapdos|Volt Switch|p2a: Valiant Effort
|-damage|p2a: Valiant Effort|65/100
|
|t:|1781331425
|switch|p1a: Slowking|Slowking-Galar, F|72/100|[from] Volt Switch
|
|upkeep
|turn|11
|
|t:|1781331429
|-terastallize|p1a: Slowking|Water
|move|p2a: Valiant Effort|Thunderbolt|p1a: Slowking
|-supereffective|p1a: Slowking
|-damage|p1a: Slowking|12/100
|move|p1a: Slowking|Sludge Bomb|p2a: Valiant Effort
|-supereffective|p2a: Valiant Effort
|-damage|p2a: Valiant Effort|0 fnt
|faint|p2a: Valiant Effort
|-end|p2a: Valiant Effort|Quark Drive|[silent]
|
|upkeep
|
|t:|1781331440
|switch|p2a: IfILoseitall|Kingambit, F|100/100
|-activate|p2a: IfILoseitall|ability: Supreme Overlord
|-start|p2a: IfILoseitall|fallen3|[silent]
|-item|p2a: IfILoseitall|Air Balloon
|turn|12
|
|t:|1781331446
|move|p2a: IfILoseitall|Swords Dance|p2a: IfILoseitall
|-boost|p2a: IfILoseitall|atk|2
|move|p1a: Slowking|Thunder Wave|p2a: IfILoseitall
|-status|p2a: IfILoseitall|par
|
|upkeep
|turn|13
|
|t:|1781331449
|move|p2a: IfILoseitall|Kowtow Cleave|p1a: Slowking
|-damage|p1a: Slowking|0 fnt
|faint|p1a: Slowking
|
|upkeep
|
|t:|1781331453
|switch|p1a: Kingambit|Kingambit, M|100/100
|-activate|p1a: Kingambit|ability: Supreme Overlord
|-start|p1a: Kingambit|fallen1|[silent]
|turn|14
|
|t:|1781331456
|-end|p2a: IfILoseitall|fallen3|[silent]
|switch|p2a: Drizzy|Pelipper, L99, M|100/100
|-weather|RainDance|[from] ability: Drizzle|[of] p2a: Drizzy
|move|p1a: Kingambit|Low Kick|p2a: Drizzy
|-resisted|p2a: Drizzy
|-damage|p2a: Drizzy|90/100
|
|-weather|RainDance|[upkeep]
|upkeep
|turn|15
|
|t:|1781331465
|-end|p1a: Kingambit|fallen1|[silent]
|switch|p1a: Zapdos|Zapdos, shiny|37/100
|move|p2a: Drizzy|U-turn|p1a: Zapdos
|-resisted|p1a: Zapdos
|-damage|p1a: Zapdos|33/100
|
|t:|1781331467
|switch|p2a: Tready Way|Iron Treads|100/100|[from] U-turn
|-enditem|p2a: Tready Way|Booster Energy
|-activate|p2a: Tready Way|ability: Quark Drive|[fromitem]
|-start|p2a: Tready Way|quarkdrivespe
|
|-weather|RainDance|[upkeep]
|upkeep
|turn|16
|
|t:|1781331470
|move|p2a: Tready Way|Thunder|p1a: Zapdos
|-damage|p1a: Zapdos|8/100
|move|p1a: Zapdos|Weather Ball|p2a: Tready Way
|-supereffective|p2a: Tready Way
|-damage|p2a: Tready Way|0 fnt
|faint|p2a: Tready Way
|-end|p2a: Tready Way|Quark Drive|[silent]
|
|-weather|RainDance|[upkeep]
|upkeep
|
|t:|1781331475
|switch|p2a: IfILoseitall|Kingambit, F|100/100 par
|-activate|p2a: IfILoseitall|ability: Supreme Overlord
|-start|p2a: IfILoseitall|fallen4|[silent]
|-item|p2a: IfILoseitall|Air Balloon
|turn|17
|-message|jd2sleepy forfeited.
|
|win|dddriake
|raw|dddriake's rating: 1494 &rarr; <strong>1519</strong><br />(+25 for winning)
|raw|jd2sleepy's rating: 1592 &rarr; <strong>1567</strong><br />(-25 for losing)
|l|☆jd2sleepy
|player|p2|
|l|☆dddriake
|player|p1|
