|badge|p2|bronze|gen9randombattle|100-9
|uhtml|medal-msg|<div class="broadcast-blue">Curious what those medals under the avatar are? PS now has Ladder Seasons! For more information, check out the <a href="https://www.smogon.com/forums/threads/3740067/">thread on Smogon.</a></div>
|j|☆Igoodnamename
|j|‽LT_Alt1
|t:|1781310938
|gametype|singles
|player|p1|Igoodnamename|winona|1757
|player|p2|LT_Alt1|1|1802
|gen|9
|tier|[Gen 9] OU
|rated|
|rule|HP Percentage Mod: HP is shown in percentages
|rule|Endless Battle Clause: Forcing endless battles is banned
|rule|Species Clause: Limit one of each Pokémon
|rule|OHKO Clause: OHKO moves are banned
|rule|Evasion Items Clause: Evasion items are banned
|rule|Evasion Moves Clause: Evasion moves are banned
|rule|Evasion Abilities Clause: Evasion abilities are banned
|rule|Sleep Moves Clause: Sleep-inducing moves are banned
|clearpoke
|poke|p1|Raging Bolt|
|poke|p1|Rillaboom, M|
|poke|p1|Great Tusk|
|poke|p1|Ting-Lu|
|poke|p1|Skeledirge, M|
|poke|p1|Enamorus, F|
|poke|p2|Kyurem|
|poke|p2|Raging Bolt|
|poke|p2|Hatterene, F|
|poke|p2|Slowking-Galar, M|
|poke|p2|Ting-Lu|
|poke|p2|Corviknight, M|
|teampreview
|
|t:|1781310964
|teamsize|p1|6
|teamsize|p2|6
|start
|switch|p1a: Skeledirge|Skeledirge, M|100/100
|switch|p2a: Kyurem|Kyurem|100/100
|-ability|p2a: Kyurem|Pressure
|turn|1
|
|t:|1781310970
|move|p2a: Kyurem|Draco Meteor|p1a: Skeledirge
|-damage|p1a: Skeledirge|29/100
|-unboost|p2a: Kyurem|spa|2
|move|p1a: Skeledirge|Will-O-Wisp|p2a: Kyurem
|-status|p2a: Kyurem|brn
|
|-damage|p2a: Kyurem|94/100 brn|[from] brn
|upkeep
|turn|2
|
|t:|1781310978
|-terastallize|p1a: Skeledirge|Fairy
|move|p2a: Kyurem|Draco Meteor|p1a: Skeledirge
|-immune|p1a: Skeledirge
|move|p1a: Skeledirge|Slack Off|p1a: Skeledirge
|-heal|p1a: Skeledirge|79/100
|
|-damage|p2a: Kyurem|88/100 brn|[from] brn
|upkeep
|turn|3
|
|t:|1781310985
|switch|p2a: Slowking|Slowking-Galar, M|100/100
|move|p1a: Skeledirge|Will-O-Wisp|p2a: Slowking
|-status|p2a: Slowking|brn
|
|-damage|p2a: Slowking|94/100 brn|[from] brn
|upkeep
|turn|4
|
|t:|1781310990
|switch|p1a: Great Tusk|Great Tusk|100/100
|move|p2a: Slowking|Sludge Bomb|p1a: Great Tusk
|-resisted|p1a: Great Tusk
|-damage|p1a: Great Tusk|75/100
|-status|p1a: Great Tusk|psn
|
|-damage|p1a: Great Tusk|63/100 psn|[from] psn
|-damage|p2a: Slowking|88/100 brn|[from] brn
|upkeep
|turn|5
|
|t:|1781310996
|-end|p1a: Great Tusk|Protosynthesis|[silent]
|switch|p1a: Raging Bolt|Raging Bolt|100/100
|-prepare|p2a: Slowking|Chilly Reception|[premajor]
|move|p2a: Slowking|Chilly Reception|p2a: Slowking
|-weather|Snowscape
|
|t:|1781310999
|switch|p2a: Kyurem|Kyurem|88/100 brn|[from] Chilly Reception
|-ability|p2a: Kyurem|Pressure
|
|-weather|Snowscape|[upkeep]
|-damage|p2a: Kyurem|82/100 brn|[from] brn
|upkeep
|turn|6
|
|t:|1781311009
|-end|p1a: Raging Bolt|Protosynthesis|[silent]
|switch|p1a: Great Tusk|Great Tusk|63/100 psn
|move|p2a: Kyurem|Blizzard|p1a: Great Tusk
|-supereffective|p1a: Great Tusk
|-damage|p1a: Great Tusk|0 fnt
|faint|p1a: Great Tusk
|-end|p1a: Great Tusk|Protosynthesis|[silent]
|
|-weather|Snowscape|[upkeep]
|-damage|p2a: Kyurem|76/100 brn|[from] brn
|upkeep
|
|t:|1781311011
|switch|p1a: Enamorus|Enamorus, F|100/100
|turn|7
|
|t:|1781311020
|switch|p1a: Ting-Lu|Ting-Lu|100/100
|-ability|p1a: Ting-Lu|Vessel of Ruin
|-terastallize|p2a: Kyurem|Ice
|move|p2a: Kyurem|Blizzard|p1a: Ting-Lu
|-supereffective|p1a: Ting-Lu
|-damage|p1a: Ting-Lu|0 fnt
|faint|p1a: Ting-Lu
|
|-weather|Snowscape|[upkeep]
|-damage|p2a: Kyurem|70/100 brn|[from] brn
|upkeep
|
|t:|1781311035
|switch|p1a: Enamorus|Enamorus, F|100/100
|turn|8
|
|t:|1781311038
|move|p1a: Enamorus|Moonblast|p2a: Kyurem
|-damage|p2a: Kyurem|21/100 brn
|move|p2a: Kyurem|Blizzard|p1a: Enamorus
|-supereffective|p1a: Enamorus
|-damage|p1a: Enamorus|0 fnt
|faint|p1a: Enamorus
|
|-weather|Snowscape|[upkeep]
|-damage|p2a: Kyurem|15/100 brn|[from] brn
|upkeep
|
|t:|1781311041
|switch|p1a: Rillaboom|Rillaboom, M|100/100
|-fieldstart|move: Grassy Terrain|[from] ability: Grassy Surge|[of] p1a: Rillaboom
|turn|9
|
|t:|1781311046
|move|p1a: Rillaboom|Grassy Glide|p2a: Kyurem
|-damage|p2a: Kyurem|0 fnt
|faint|p2a: Kyurem
|
|-weather|none
|upkeep
|
|t:|1781311052
|switch|p2a: Slowking|Slowking-Galar, M|100/100 brn
|turn|10
|
|t:|1781311058
|switch|p1a: Raging Bolt|Raging Bolt|100/100
|move|p2a: Slowking|Sludge Bomb|p1a: Raging Bolt
|-damage|p1a: Raging Bolt|70/100
|
|-heal|p1a: Raging Bolt|76/100|[from] Grassy Terrain
|-damage|p2a: Slowking|94/100 brn|[from] brn
|upkeep
|turn|11
|
|t:|1781311085
|switch|p2a: Ting-Lu|Ting-Lu|100/100
|-ability|p2a: Ting-Lu|Vessel of Ruin
|move|p1a: Raging Bolt|Draco Meteor|p2a: Ting-Lu
|-damage|p2a: Ting-Lu|48/100
|-unboost|p1a: Raging Bolt|spa|2
|
|-heal|p1a: Raging Bolt|83/100|[from] Grassy Terrain
|-heal|p2a: Ting-Lu|55/100|[from] Grassy Terrain
|-heal|p2a: Ting-Lu|61/100|[from] item: Leftovers
|upkeep
|turn|12
|
|t:|1781311090
|-end|p1a: Raging Bolt|Protosynthesis|[silent]
|switch|p1a: Rillaboom|Rillaboom, M|100/100
|move|p2a: Ting-Lu|Spikes|p1a: Rillaboom
|-sidestart|p1: Igoodnamename|Spikes
|
|-heal|p2a: Ting-Lu|67/100|[from] Grassy Terrain
|-heal|p2a: Ting-Lu|73/100|[from] item: Leftovers
|upkeep
|turn|13
|n|‽LT_Alt1|ltalt1
|n|‽LT_Alt1|ltalt1
|
|t:|1781311095
|switch|p2a: Corviknight|Corviknight, M|100/100
|-ability|p2a: Corviknight|Pressure
|move|p1a: Rillaboom|Knock Off|p2a: Corviknight
|-damage|p2a: Corviknight|62/100
|-damage|p1a: Rillaboom|84/100|[from] item: Rocky Helmet|[of] p2a: Corviknight
|-enditem|p2a: Corviknight|Rocky Helmet|[from] move: Knock Off|[of] p1a: Rillaboom
|
|-heal|p1a: Rillaboom|90/100|[from] Grassy Terrain
|-fieldend|move: Grassy Terrain
|upkeep
|turn|14
|
|t:|1781311103
|switch|p1a: Raging Bolt|Raging Bolt|83/100
|-damage|p1a: Raging Bolt|70/100|[from] Spikes
|switch|p2a: Ting-Lu|Ting-Lu|73/100
|-ability|p2a: Ting-Lu|Vessel of Ruin
|
|-heal|p2a: Ting-Lu|79/100|[from] item: Leftovers
|upkeep
|turn|15
|
|t:|1781311111
|-end|p1a: Raging Bolt|Protosynthesis|[silent]
|switch|p1a: Skeledirge|Skeledirge, M, tera:Fairy|79/100
|move|p2a: Ting-Lu|Spikes|p1a: Skeledirge
|-sidestart|p1: Igoodnamename|Spikes
|
|-heal|p2a: Ting-Lu|86/100|[from] item: Leftovers
|upkeep
|turn|16
|
|t:|1781311118
|switch|p2a: Raging Bolt|Raging Bolt|100/100
|move|p1a: Skeledirge|Will-O-Wisp|p2a: Raging Bolt
|-status|p2a: Raging Bolt|brn
|
|-damage|p2a: Raging Bolt|94/100 brn|[from] brn
|upkeep
|turn|17
|
|t:|1781311128
|switch|p1a: Rillaboom|Rillaboom, M|90/100
|-damage|p1a: Rillaboom|74/100|[from] Spikes
|-fieldstart|move: Grassy Terrain|[from] ability: Grassy Surge|[of] p1a: Rillaboom
|move|p2a: Raging Bolt|Thunderbolt|p1a: Rillaboom
|-resisted|p1a: Rillaboom
|-damage|p1a: Rillaboom|40/100
|
|-heal|p1a: Rillaboom|47/100|[from] Grassy Terrain
|-heal|p2a: Raging Bolt|100/100 brn|[from] Grassy Terrain
|-damage|p2a: Raging Bolt|94/100 brn|[from] brn
|upkeep
|turn|18
|
|t:|1781311136
|-end|p2a: Raging Bolt|Protosynthesis|[silent]
|switch|p2a: Corviknight|Corviknight, M|62/100
|-ability|p2a: Corviknight|Pressure
|move|p1a: Rillaboom|Knock Off|p2a: Corviknight
|-damage|p2a: Corviknight|38/100
|
|-heal|p1a: Rillaboom|53/100|[from] Grassy Terrain
|upkeep
|turn|19
|
|t:|1781311141
|switch|p1a: Skeledirge|Skeledirge, M, tera:Fairy|79/100
|move|p2a: Corviknight|Roost|p2a: Corviknight
|-heal|p2a: Corviknight|88/100
|-singleturn|p2a: Corviknight|move: Roost
|
|-heal|p2a: Corviknight|94/100|[from] Grassy Terrain
|-heal|p1a: Skeledirge|85/100|[from] Grassy Terrain
|upkeep
|turn|20
|
|t:|1781311149
|switch|p2a: Slowking|Slowking-Galar, M|100/100 brn
|move|p1a: Skeledirge|Torch Song|p2a: Slowking
|-damage|p2a: Slowking|81/100 brn
|-boost|p1a: Skeledirge|spa|1
|
|-heal|p1a: Skeledirge|91/100|[from] Grassy Terrain
|-heal|p2a: Slowking|88/100 brn|[from] Grassy Terrain
|-damage|p2a: Slowking|81/100 brn|[from] brn
|upkeep
|turn|21
|
|t:|1781311152
|move|p1a: Skeledirge|Hex|p2a: Slowking
|-supereffective|p2a: Slowking
|-damage|p2a: Slowking|0 fnt
|faint|p2a: Slowking
|
|-heal|p1a: Skeledirge|97/100|[from] Grassy Terrain
|-fieldend|move: Grassy Terrain
|upkeep
|
|t:|1781311156
|switch|p2a: Raging Bolt|Raging Bolt|94/100 brn
|turn|22
|
|t:|1781311162
|move|p2a: Raging Bolt|Thunderbolt|p1a: Skeledirge
|-damage|p1a: Skeledirge|58/100
|move|p1a: Skeledirge|Hex|p2a: Raging Bolt
|-damage|p2a: Raging Bolt|54/100 brn
|
|-damage|p2a: Raging Bolt|47/100 brn|[from] brn
|upkeep
|turn|23
|
|t:|1781311195
|move|p2a: Raging Bolt|Volt Switch|p1a: Skeledirge
|-damage|p1a: Skeledirge|30/100
|
|t:|1781311200
|-end|p2a: Raging Bolt|Protosynthesis|[silent]
|switch|p2a: Hatterene|Hatterene, F|100/100|[from] Volt Switch
|move|p1a: Skeledirge|Hex|p2a: Hatterene
|-supereffective|p2a: Hatterene
|-damage|p2a: Hatterene|31/100
|
|-heal|p2a: Hatterene|37/100|[from] item: Leftovers
|upkeep
|turn|24
|
|t:|1781311206
|move|p1a: Skeledirge|Slack Off|p1a: Skeledirge
|-heal|p1a: Skeledirge|80/100
|move|p2a: Hatterene|Nuzzle|p1a: Skeledirge
|-damage|p1a: Skeledirge|77/100
|-status|p1a: Skeledirge|par
|
|-heal|p2a: Hatterene|42/100|[from] item: Leftovers
|upkeep
|turn|25
|
|t:|1781311213
|move|p2a: Hatterene|Dazzling Gleam|p1a: Skeledirge
|-damage|p1a: Skeledirge|50/100 par
|move|p1a: Skeledirge|Hex|p2a: Hatterene
|-supereffective|p2a: Hatterene
|-damage|p2a: Hatterene|0 fnt
|faint|p2a: Hatterene
|
|upkeep
|
|t:|1781311217
|switch|p2a: Raging Bolt|Raging Bolt|47/100 brn
|turn|26
|
|t:|1781311220
|switch|p1a: Raging Bolt|Raging Bolt|70/100
|-damage|p1a: Raging Bolt|54/100|[from] Spikes
|move|p2a: Raging Bolt|Thunderbolt|p1a: Raging Bolt
|-resisted|p1a: Raging Bolt
|-damage|p1a: Raging Bolt|40/100
|
|-damage|p2a: Raging Bolt|41/100 brn|[from] brn
|upkeep
|turn|27
|
|t:|1781311226
|-end|p2a: Raging Bolt|Protosynthesis|[silent]
|switch|p2a: Ting-Lu|Ting-Lu|86/100
|-ability|p2a: Ting-Lu|Vessel of Ruin
|move|p1a: Raging Bolt|Draco Meteor|p2a: Ting-Lu
|-damage|p2a: Ting-Lu|35/100
|-unboost|p1a: Raging Bolt|spa|2
|
|-heal|p2a: Ting-Lu|42/100|[from] item: Leftovers
|upkeep
|turn|28
|
|t:|1781311234
|-end|p1a: Raging Bolt|Protosynthesis|[silent]
|switch|p1a: Rillaboom|Rillaboom, M|53/100
|-damage|p1a: Rillaboom|36/100|[from] Spikes
|-fieldstart|move: Grassy Terrain|[from] ability: Grassy Surge|[of] p1a: Rillaboom
|move|p2a: Ting-Lu|Spikes|p1a: Rillaboom
|-sidestart|p1: Igoodnamename|Spikes
|
|-heal|p1a: Rillaboom|42/100|[from] Grassy Terrain
|-heal|p2a: Ting-Lu|48/100|[from] Grassy Terrain
|-heal|p2a: Ting-Lu|54/100|[from] item: Leftovers
|upkeep
|turn|29
|
|t:|1781311240
|switch|p2a: Corviknight|Corviknight, M|94/100
|-ability|p2a: Corviknight|Pressure
|move|p1a: Rillaboom|U-turn|p2a: Corviknight
|-resisted|p2a: Corviknight
|-damage|p2a: Corviknight|87/100
|
|t:|1781311244
|switch|p1a: Skeledirge|Skeledirge, M, tera:Fairy|50/100 par|[from] U-turn
|
|-heal|p1a: Skeledirge|56/100 par|[from] Grassy Terrain
|upkeep
|turn|30
|
|t:|1781311246
|switch|p2a: Raging Bolt|Raging Bolt|41/100 brn
|move|p1a: Skeledirge|Slack Off|p1a: Skeledirge
|-heal|p1a: Skeledirge|100/100 par
|
|-heal|p2a: Raging Bolt|47/100 brn|[from] Grassy Terrain
|-damage|p2a: Raging Bolt|41/100 brn|[from] brn
|upkeep
|turn|31
|
|t:|1781311255
|move|p2a: Raging Bolt|Thunderbolt|p1a: Skeledirge
|-damage|p1a: Skeledirge|61/100 par
|move|p1a: Skeledirge|Hex|p2a: Raging Bolt
|-damage|p2a: Raging Bolt|15/100 brn
|
|-heal|p2a: Raging Bolt|21/100 brn|[from] Grassy Terrain
|-heal|p1a: Skeledirge|67/100 par|[from] Grassy Terrain
|-damage|p2a: Raging Bolt|15/100 brn|[from] brn
|upkeep
|turn|32
|j| Pulkatz
|
|t:|1781311264
|move|p2a: Raging Bolt|Thunderbolt|p1a: Skeledirge
|-damage|p1a: Skeledirge|27/100 par
|cant|p1a: Skeledirge|par
|
|-heal|p2a: Raging Bolt|21/100 brn|[from] Grassy Terrain
|-heal|p1a: Skeledirge|33/100 par|[from] Grassy Terrain
|-damage|p2a: Raging Bolt|15/100 brn|[from] brn
|-fieldend|move: Grassy Terrain
|upkeep
|turn|33
|
|t:|1781311270
|switch|p1a: Rillaboom|Rillaboom, M|42/100
|-damage|p1a: Rillaboom|18/100|[from] Spikes
|-fieldstart|move: Grassy Terrain|[from] ability: Grassy Surge|[of] p1a: Rillaboom
|move|p2a: Raging Bolt|Thunderbolt|p1a: Rillaboom
|-resisted|p1a: Rillaboom
|-damage|p1a: Rillaboom|0 fnt
|faint|p1a: Rillaboom
|
|-heal|p2a: Raging Bolt|21/100 brn|[from] Grassy Terrain
|-damage|p2a: Raging Bolt|15/100 brn|[from] brn
|upkeep
|
|t:|1781311276
|switch|p1a: Raging Bolt|Raging Bolt|40/100
|-damage|p1a: Raging Bolt|16/100|[from] Spikes
|turn|34
|
|t:|1781311281
|-end|p2a: Raging Bolt|Protosynthesis|[silent]
|switch|p2a: Corviknight|Corviknight, M|87/100
|-ability|p2a: Corviknight|Pressure
|move|p1a: Raging Bolt|Volt Switch|p2a: Corviknight
|-supereffective|p2a: Corviknight
|-damage|p2a: Corviknight|0 fnt
|faint|p2a: Corviknight
|
|t:|1781311284
|-end|p1a: Raging Bolt|Protosynthesis|[silent]
|switch|p1a: Skeledirge|Skeledirge, M, tera:Fairy|33/100 par|[from] Volt Switch
|
|-heal|p1a: Skeledirge|39/100 par|[from] Grassy Terrain
|upkeep
|
|t:|1781311286
|switch|p2a: Raging Bolt|Raging Bolt|15/100 brn
|turn|35
|
|t:|1781311292
|move|p2a: Raging Bolt|Thunderbolt|p1a: Skeledirge
|-damage|p1a: Skeledirge|0 fnt
|faint|p1a: Skeledirge
|
|-heal|p2a: Raging Bolt|21/100 brn|[from] Grassy Terrain
|-damage|p2a: Raging Bolt|15/100 brn|[from] brn
|upkeep
|
|t:|1781311296
|switch|p1a: Raging Bolt|Raging Bolt|16/100
|-damage|p1a: Raging Bolt|0 fnt|[from] Spikes
|faint|p1a: Raging Bolt
|-end|p1a: Raging Bolt|Protosynthesis|[silent]
|
|win|LT_Alt1
|raw|Igoodnamename's rating: 1757 &rarr; <strong>1740</strong><br />(-17 for losing)
|raw|LT_Alt1's rating: 1802 &rarr; <strong>1819</strong><br />(+17 for winning)
|c|☆Igoodnamename|ggs
|l|☆Igoodnamename
|player|p1|
|l| Pulkatz
