|j|☆Klopple
|j|☆employment devil
|t:|1781030529
|gametype|singles
|player|p1|Klopple|sailor|1718
|player|p2|employment devil|lusamine-nihilego|1722
|gen|9
|tier|[Gen 9] OU
|rated|
|rule|HP Percentage Mod: HP is shown in percentages
|rule|Endless Battle Clause: Forcing endless battles is banned
|rule|Species Clause: Limit one of each Pokémon
|rule|OHKO Clause: OHKO moves are banned
|rule|Evasion Items Clause: Evasion items are banned
|rule|Evasion Moves Clause: Evasion moves are banned
|rule|Evasion Abilities Clause: Evasion abilities are banned
|rule|Sleep Moves Clause: Sleep-inducing moves are banned
|clearpoke
|poke|p1|Arboliva, F|
|poke|p1|Gliscor, F|
|poke|p1|Iron Crown|
|poke|p1|Zamazenta-*|
|poke|p1|Hatterene, F|
|poke|p1|Dragonite, M|
|poke|p2|Gliscor, F|
|poke|p2|Kyurem|
|poke|p2|Zamazenta-*|
|poke|p2|Weezing-Galar, M|
|poke|p2|Ogerpon, F|
|poke|p2|Jirachi|
|teampreview
|c|☆employment devil|hf
|
|t:|1781030556
|teamsize|p1|6
|teamsize|p2|6
|start
|switch|p1a: Iron Crown|Iron Crown|100/100
|switch|p2a: Kyurem|Kyurem|100/100
|-ability|p2a: Kyurem|Pressure
|turn|1
|
|t:|1781030561
|move|p2a: Kyurem|Protect|p2a: Kyurem
|-singleturn|p2a: Kyurem|Protect
|move|p1a: Iron Crown|Tachyon Cutter|p2a: Kyurem
|-activate|p2a: Kyurem|move: Protect
|
|upkeep
|turn|2
|j| cfytgfytugfyt
|
|t:|1781030566
|switch|p2a: Jirachi|Jirachi|100/100
|-item|p2a: Jirachi|Air Balloon
|move|p1a: Iron Crown|Tachyon Cutter|p2a: Jirachi
|-resisted|p2a: Jirachi
|-damage|p2a: Jirachi|89/100
|-enditem|p2a: Jirachi|Air Balloon
|-resisted|p2a: Jirachi
|-damage|p2a: Jirachi|78/100
|-hitcount|p2a: Jirachi|2
|
|upkeep
|turn|3
|
|t:|1781030577
|move|p1a: Iron Crown|Volt Switch|p2a: Jirachi
|-damage|p2a: Jirachi|57/100
|
|t:|1781030582
|-end|p1a: Iron Crown|Quark Drive|[silent]
|switch|p1a: Hatterene|Hatterene, F|100/100|[from] Volt Switch
|move|p2a: Jirachi|Doom Desire|p1a: Hatterene
|-start|p2a: Jirachi|Doom Desire
|
|upkeep
|turn|4
|
|t:|1781030592
|move|p2a: Jirachi|Psychic Noise|p1a: Hatterene
|-resisted|p1a: Hatterene
|-damage|p1a: Hatterene|85/100
|-start|p1a: Hatterene|move: Heal Block
|move|p1a: Hatterene|Nuzzle|p2a: Jirachi
|-damage|p2a: Jirachi|54/100
|-status|p2a: Jirachi|par
|
|upkeep
|turn|5
|
|t:|1781030603
|switch|p1a: Iron Crown|Iron Crown|100/100
|move|p2a: Jirachi|Stealth Rock|p1a: Iron Crown
|-sidestart|p1: Klopple|move: Stealth Rock
|
|-end|p1a: Iron Crown|move: Doom Desire
|-resisted|p1a: Iron Crown
|-damage|p1a: Iron Crown|83/100
|upkeep
|turn|6
|
|t:|1781030613
|move|p1a: Iron Crown|Psychic Noise|p2a: Jirachi
|-resisted|p2a: Jirachi
|-damage|p2a: Jirachi|46/100 par
|-start|p2a: Jirachi|move: Heal Block
|move|p2a: Jirachi|Doom Desire|p1a: Iron Crown
|-start|p2a: Jirachi|Doom Desire
|
|upkeep
|turn|7
|
|t:|1781030628
|move|p1a: Iron Crown|Future Sight|p2a: Jirachi
|-start|p1a: Iron Crown|move: Future Sight
|move|p2a: Jirachi|Psychic Noise|p1a: Iron Crown
|-resisted|p1a: Iron Crown
|-damage|p1a: Iron Crown|78/100
|-start|p1a: Iron Crown|move: Heal Block
|
|-end|p2a: Jirachi|move: Heal Block
|upkeep
|turn|8
|
|t:|1781030635
|move|p1a: Iron Crown|Psychic Noise|p2a: Jirachi
|-resisted|p2a: Jirachi
|-damage|p2a: Jirachi|38/100 par
|-start|p2a: Jirachi|move: Heal Block
|move|p2a: Jirachi|Encore|p1a: Iron Crown
|-start|p1a: Iron Crown|Encore
|
|-end|p1a: Iron Crown|move: Doom Desire
|-resisted|p1a: Iron Crown
|-damage|p1a: Iron Crown|62/100
|-end|p1a: Iron Crown|move: Heal Block
|upkeep
|turn|9
|
|t:|1781030648
|move|p1a: Iron Crown|Psychic Noise|p2a: Jirachi
|-resisted|p2a: Jirachi
|-damage|p2a: Jirachi|31/100 par
|move|p2a: Jirachi|Doom Desire|p1a: Iron Crown
|-start|p2a: Jirachi|Doom Desire
|
|-end|p2a: Jirachi|move: Future Sight
|-resisted|p2a: Jirachi
|-damage|p2a: Jirachi|18/100 par
|-end|p2a: Jirachi|move: Heal Block
|upkeep
|turn|10
|
|t:|1781030656
|move|p1a: Iron Crown|Psychic Noise|p2a: Jirachi
|-resisted|p2a: Jirachi
|-damage|p2a: Jirachi|10/100 par
|-start|p2a: Jirachi|move: Heal Block
|move|p2a: Jirachi|Psychic Noise|p1a: Iron Crown
|-resisted|p1a: Iron Crown
|-damage|p1a: Iron Crown|58/100
|-start|p1a: Iron Crown|move: Heal Block
|
|upkeep
|turn|11
|
|t:|1781030667
|move|p1a: Iron Crown|Psychic Noise|p2a: Jirachi
|-resisted|p2a: Jirachi
|-damage|p2a: Jirachi|3/100 par
|move|p2a: Jirachi|Psychic Noise|p1a: Iron Crown
|-resisted|p1a: Iron Crown
|-damage|p1a: Iron Crown|53/100
|
|-end|p1a: Iron Crown|move: Doom Desire
|-resisted|p1a: Iron Crown
|-damage|p1a: Iron Crown|36/100
|-end|p1a: Iron Crown|Encore
|-end|p1a: Iron Crown|move: Heal Block
|-end|p2a: Jirachi|move: Heal Block
|upkeep
|turn|12
|
|t:|1781030675
|move|p1a: Iron Crown|Future Sight|p2a: Jirachi
|-start|p1a: Iron Crown|move: Future Sight
|move|p2a: Jirachi|Doom Desire|p1a: Iron Crown
|-start|p2a: Jirachi|Doom Desire
|
|upkeep
|turn|13
|
|t:|1781030682
|move|p1a: Iron Crown|Tachyon Cutter|p2a: Jirachi
|-resisted|p2a: Jirachi
|-damage|p2a: Jirachi|0 fnt
|faint|p2a: Jirachi
|-hitcount|p2: Jirachi|1
|
|upkeep
|
|t:|1781030702
|switch|p2a: Ogerpon|Ogerpon, F|100/100
|turn|14
|
|t:|1781030712
|-end|p1a: Iron Crown|Quark Drive|[silent]
|switch|p1a: Dragonite|Dragonite, M|100/100
|move|p2a: Ogerpon|Knock Off|p1a: Dragonite
|-damage|p1a: Dragonite|86/100
|-enditem|p1a: Dragonite|Heavy-Duty Boots|[from] move: Knock Off|[of] p2a: Ogerpon
|
|-end|p2a: Ogerpon|move: Future Sight
|-damage|p2a: Ogerpon|36/100
|-end|p1a: Dragonite|move: Doom Desire
|-damage|p1a: Dragonite|42/100
|upkeep
|turn|15
|
|t:|1781030739
|switch|p2a: Kyurem|Kyurem|100/100
|-ability|p2a: Kyurem|Pressure
|move|p1a: Dragonite|Roost|p1a: Dragonite
|-heal|p1a: Dragonite|92/100
|-singleturn|p1a: Dragonite|move: Roost
|
|upkeep
|turn|16
|
|t:|1781030757
|move|p1a: Dragonite|Extreme Speed|p2a: Kyurem
|-damage|p2a: Kyurem|71/100
|move|p2a: Kyurem|Earth Power|p1a: Dragonite
|-immune|p1a: Dragonite
|
|-heal|p2a: Kyurem|77/100|[from] item: Leftovers
|upkeep
|turn|17
|
|t:|1781030766
|move|p2a: Kyurem|Earth Power|p1a: Dragonite
|-immune|p1a: Dragonite
|move|p1a: Dragonite|Dragon Tail|p2a: Kyurem
|-supereffective|p2a: Kyurem
|-damage|p2a: Kyurem|9/100
|drag|p2a: Ogerpon|Ogerpon, F|36/100
|
|upkeep
|turn|18
|
|t:|1781030774
|switch|p2a: Gliscor|Gliscor, F|100/100
|move|p1a: Dragonite|Extreme Speed|p2a: Gliscor
|-damage|p2a: Gliscor|74/100
|
|-status|p2a: Gliscor|tox|[from] item: Toxic Orb
|upkeep
|turn|19
|
|t:|1781030780
|switch|p1a: Hatterene|Hatterene, F|85/100
|-damage|p1a: Hatterene|73/100|[from] Stealth Rock
|move|p2a: Gliscor|Toxic|p1a: Hatterene
|move|p1a: Hatterene|Toxic|p2a: Gliscor|[from] ability: Magic Bounce
|-fail|p2a: Gliscor|tox
|
|-heal|p2a: Gliscor|87/100 tox|[from] ability: Poison Heal
|upkeep
|turn|20
|
|t:|1781030789
|move|p2a: Gliscor|Earthquake|p1a: Hatterene
|-damage|p1a: Hatterene|46/100
|move|p1a: Hatterene|Psychic Noise|p2a: Gliscor
|-damage|p2a: Gliscor|47/100 tox
|-start|p2a: Gliscor|move: Heal Block
|
|upkeep
|turn|21
|
|t:|1781030800
|move|p2a: Gliscor|Earthquake|p1a: Hatterene
|-damage|p1a: Hatterene|17/100
|move|p1a: Hatterene|Draining Kiss|p2a: Gliscor
|-damage|p2a: Gliscor|18/100 tox
|-heal|p1a: Hatterene|41/100|[from] drain|[of] p2a: Gliscor
|
|-end|p2a: Gliscor|move: Heal Block
|upkeep
|turn|22
|
|t:|1781030807
|move|p2a: Gliscor|Protect|p2a: Gliscor
|-singleturn|p2a: Gliscor|Protect
|move|p1a: Hatterene|Draining Kiss|p2a: Gliscor
|-activate|p2a: Gliscor|move: Protect
|
|-heal|p2a: Gliscor|31/100 tox|[from] ability: Poison Heal
|upkeep
|turn|23
|
|t:|1781030820
|switch|p2a: Weezing|Weezing-Galar, M|100/100
|-ability|p2a: Weezing|Neutralizing Gas
|move|p1a: Hatterene|Psychic Noise|p2a: Weezing
|-supereffective|p2a: Weezing
|-damage|p2a: Weezing|4/100
|-start|p2a: Weezing|move: Heal Block
|
|upkeep
|turn|24
|
|t:|1781030832
|switch|p1a: Iron Crown|Iron Crown|36/100
|-damage|p1a: Iron Crown|29/100|[from] Stealth Rock
|move|p2a: Weezing|Pain Split|p1a: Iron Crown
|-sethp|p1a: Iron Crown|17/100|[from] move: Pain Split|[silent]
|-sethp|p2a: Weezing|16/100|[from] move: Pain Split
|
|-end|p2a: Weezing|move: Heal Block
|upkeep
|turn|25
|
|t:|1781030843
|move|p1a: Iron Crown|Tachyon Cutter|p2a: Weezing
|-supereffective|p2a: Weezing
|-damage|p2a: Weezing|0 fnt
|faint|p2a: Weezing
|-end|p2a: Weezing|ability: Neutralizing Gas
|-hitcount|p2: Weezing|1
|
|upkeep
|
|t:|1781030848
|switch|p2a: Ogerpon|Ogerpon, F|36/100
|turn|26
|
|t:|1781030853
|-end|p1a: Iron Crown|Quark Drive|[silent]
|switch|p1a: Dragonite|Dragonite, M|92/100
|-damage|p1a: Dragonite|68/100|[from] Stealth Rock
|move|p2a: Ogerpon|Ivy Cudgel|p1a: Dragonite
|-resisted|p1a: Dragonite
|-crit|p1a: Dragonite
|-damage|p1a: Dragonite|51/100
|
|upkeep
|turn|27
|
|t:|1781030861
|switch|p2a: Zamazenta|Zamazenta|100/100
|-ability|p2a: Zamazenta|Dauntless Shield|boost
|-boost|p2a: Zamazenta|def|1
|move|p1a: Dragonite|Extreme Speed|p2a: Zamazenta
|-damage|p2a: Zamazenta|80/100
|
|upkeep
|turn|28
|
|t:|1781030869
|move|p2a: Zamazenta|Stone Edge|p1a: Dragonite
|-supereffective|p1a: Dragonite
|-damage|p1a: Dragonite|0 fnt
|faint|p1a: Dragonite
|
|upkeep
|
|t:|1781030884
|switch|p1a: Gliscor|Gliscor, F|100/100
|-damage|p1a: Gliscor|88/100|[from] Stealth Rock
|turn|29
|
|t:|1781030890
|switch|p2a: Gliscor|Gliscor, F|31/100 tox
|move|p1a: Gliscor|Stealth Rock|p2a: Gliscor
|-sidestart|p2: employment devil|move: Stealth Rock
|
|-heal|p2a: Gliscor|43/100 tox|[from] ability: Poison Heal
|-status|p1a: Gliscor|tox|[from] item: Toxic Orb
|upkeep
|turn|30
|
|t:|1781030903
|switch|p1a: Hatterene|Hatterene, F|41/100
|-damage|p1a: Hatterene|29/100|[from] Stealth Rock
|move|p2a: Gliscor|Substitute|p2a: Gliscor
|-start|p2a: Gliscor|Substitute
|-damage|p2a: Gliscor|18/100 tox
|
|-heal|p2a: Gliscor|31/100 tox|[from] ability: Poison Heal
|upkeep
|turn|31
|
|t:|1781030912
|move|p2a: Gliscor|Protect|p2a: Gliscor
|-singleturn|p2a: Gliscor|Protect
|move|p1a: Hatterene|Psychic Noise|p2a: Gliscor
|-activate|p2a: Gliscor|move: Protect
|
|-heal|p2a: Gliscor|43/100 tox|[from] ability: Poison Heal
|upkeep
|turn|32
|
|t:|1781030915
|move|p2a: Gliscor|Earthquake|p1a: Hatterene
|-damage|p1a: Hatterene|0 fnt
|faint|p1a: Hatterene
|
|-heal|p2a: Gliscor|56/100 tox|[from] ability: Poison Heal
|upkeep
|
|t:|1781030926
|switch|p1a: Iron Crown|Iron Crown|17/100
|-damage|p1a: Iron Crown|11/100|[from] Stealth Rock
|turn|33
|
|t:|1781030929
|move|p1a: Iron Crown|Psychic Noise|p2a: Gliscor
|-damage|p2a: Gliscor|9/100 tox
|-start|p2a: Gliscor|move: Heal Block
|move|p2a: Gliscor|Earthquake|p1a: Iron Crown
|-supereffective|p1a: Iron Crown
|-damage|p1a: Iron Crown|0 fnt
|faint|p1a: Iron Crown
|-end|p1a: Iron Crown|Quark Drive|[silent]
|
|upkeep
|
|t:|1781030941
|switch|p1a: Arboliva|Arboliva, F|100/100
|-damage|p1a: Arboliva|88/100|[from] Stealth Rock
|turn|34
|
|t:|1781030947
|move|p2a: Gliscor|Protect|p2a: Gliscor
|-singleturn|p2a: Gliscor|Protect
|move|p1a: Arboliva|Alluring Voice|p2a: Gliscor
|-activate|p2a: Gliscor|move: Protect
|
|-end|p2a: Gliscor|move: Heal Block
|upkeep
|turn|35
|
|t:|1781030951
|move|p2a: Gliscor|Toxic|p1a: Arboliva|[miss]
|-miss|p2a: Gliscor|p1a: Arboliva
|move|p1a: Arboliva|Alluring Voice|p2a: Gliscor
|-damage|p2a: Gliscor|0 fnt
|faint|p2a: Gliscor
|
|upkeep
|
|t:|1781030965
|switch|p2a: Kyurem|Kyurem|9/100
|-damage|p2a: Kyurem|0 fnt|[from] Stealth Rock
|faint|p2a: Kyurem
|
|t:|1781030966
|switch|p2a: Zamazenta|Zamazenta|80/100
|-damage|p2a: Zamazenta|74/100|[from] Stealth Rock
|turn|36
|
|t:|1781030970
|-terastallize|p1a: Arboliva|Fairy
|move|p2a: Zamazenta|Close Combat|p1a: Arboliva
|-resisted|p1a: Arboliva
|-damage|p1a: Arboliva|42/100
|-unboost|p2a: Zamazenta|def|1
|-unboost|p2a: Zamazenta|spd|1
|move|p1a: Arboliva|Alluring Voice|p2a: Zamazenta
|-supereffective|p2a: Zamazenta
|-damage|p2a: Zamazenta|0 fnt
|faint|p2a: Zamazenta
|
|upkeep
|
|t:|1781030972
|switch|p2a: Ogerpon|Ogerpon, F|36/100
|-damage|p2a: Ogerpon|24/100|[from] Stealth Rock
|turn|37
|j| Wiktorski6767
|
|t:|1781030992
|switch|p1a: Gliscor|Gliscor, F|88/100 tox
|-damage|p1a: Gliscor|75/100 tox|[from] Stealth Rock
|move|p2a: Ogerpon|Ivy Cudgel|p1a: Gliscor
|-damage|p1a: Gliscor|40/100 tox
|
|-heal|p1a: Gliscor|53/100 tox|[from] ability: Poison Heal
|upkeep
|turn|38
|
|t:|1781031001
|move|p2a: Ogerpon|Swords Dance|p2a: Ogerpon
|-boost|p2a: Ogerpon|atk|2
|move|p1a: Gliscor|Knock Off|p2a: Ogerpon
|-damage|p2a: Ogerpon|0 fnt
|-enditem|p2a: Ogerpon|Scope Lens|[from] move: Knock Off|[of] p1a: Gliscor
|faint|p2a: Ogerpon
|
|win|Klopple
|raw|Klopple's rating: 1718 &rarr; <strong>1738</strong><br />(+20 for winning)
|raw|employment devil's rating: 1722 &rarr; <strong>1702</strong><br />(-20 for losing)
|l|☆Klopple
|player|p1|
|c|☆employment devil|gg
|l|☆employment devil
|player|p2|
|l| cfytgfytugfyt
