|j|☆ascended tusk 69
|j|‽aaagislash
|t:|1781246892
|gametype|singles
|player|p1|ascended tusk 69|biker|1643
|player|p2|aaagislash|265|1573
|gen|9
|tier|[Gen 9] OU
|rated|
|rule|HP Percentage Mod: HP is shown in percentages
|rule|Endless Battle Clause: Forcing endless battles is banned
|rule|Species Clause: Limit one of each Pokémon
|rule|OHKO Clause: OHKO moves are banned
|rule|Evasion Items Clause: Evasion items are banned
|rule|Evasion Moves Clause: Evasion moves are banned
|rule|Evasion Abilities Clause: Evasion abilities are banned
|rule|Sleep Moves Clause: Sleep-inducing moves are banned
|clearpoke
|poke|p1|Iron Moth|
|poke|p1|Gliscor, M|
|poke|p1|Hatterene, F|
|poke|p1|Ogerpon-Wellspring, F|
|poke|p1|Raging Bolt|
|poke|p1|Zamazenta-*|
|poke|p2|Regieleki|
|poke|p2|Araquanid, M|
|poke|p2|Dragapult, F|
|poke|p2|Samurott-Hisui, M|
|poke|p2|Great Tusk|
|poke|p2|Zoroark-Hisui, M|
|teampreview
|j| biryanilover
|inactive|Battle timer is ON: inactive players will automatically lose when time's up. (requested by ascended tusk 69)
|
|t:|1781246910
|teamsize|p1|6
|teamsize|p2|6
|start
|switch|p1a: BONK|Ogerpon-Wellspring, F|100/100
|switch|p2a: Samurott|Samurott-Hisui, M|100/100
|turn|1
|j| DripOrdinary
|
|t:|1781246915
|-terastallize|p2a: Samurott|Poison
|move|p1a: BONK|Trailblaze|p2a: Samurott
|-resisted|p2a: Samurott
|-damage|p2a: Samurott|82/100
|-boost|p1a: BONK|spe|1
|move|p2a: Samurott|Ceaseless Edge|p1a: BONK|[miss]
|-miss|p2a: Samurott|p1a: BONK
|
|upkeep
|turn|2
|c|☆ascended tusk 69|jobby kid
|j| elianaxx
|
|t:|1781246935
|switch|p2a: Araquanid|Araquanid, M|100/100
|move|p1a: BONK|Ivy Cudgel|p2a: Araquanid|[anim] Ivy Cudgel Water
|-resisted|p2a: Araquanid
|-damage|p2a: Araquanid|68/100
|-enditem|p2a: Araquanid|Red Card|[of] p1a: BONK
|drag|p1a: Dorg|Zamazenta|100/100
|-ability|p1a: Dorg|Dauntless Shield|boost
|-boost|p1a: Dorg|def|1
|
|upkeep
|turn|3
|l| elianaxx
|
|t:|1781246946
|switch|p2a: Samurott|Samurott-Hisui, M, tera:Poison|82/100
|move|p1a: Dorg|Reflect|p1a: Dorg
|-sidestart|p1: ascended tusk 69|Reflect
|
|upkeep
|turn|4
|j| Pokemh
|
|t:|1781246949
|move|p1a: Dorg|Light Screen|p1a: Dorg
|-sidestart|p1: ascended tusk 69|move: Light Screen
|move|p2a: Samurott|Ceaseless Edge|p1a: Dorg
|-resisted|p1a: Dorg
|-damage|p1a: Dorg|95/100
|-sidestart|p1: ascended tusk 69|Spikes
|
|upkeep
|turn|5
|
|t:|1781246957
|switch|p1a: BONK|Ogerpon-Wellspring, F|100/100
|-damage|p1a: BONK|88/100|[from] Spikes
|move|p2a: Samurott|Ceaseless Edge|p1a: BONK
|-damage|p1a: BONK|63/100
|-sidestart|p1: ascended tusk 69|Spikes
|
|upkeep
|turn|6
|
|t:|1781246962
|move|p1a: BONK|Trailblaze|p2a: Samurott
|-resisted|p2a: Samurott
|-damage|p2a: Samurott|65/100
|-boost|p1a: BONK|spe|1
|move|p2a: Samurott|Ceaseless Edge|p1a: BONK
|-damage|p1a: BONK|36/100
|-sidestart|p1: ascended tusk 69|Spikes
|
|upkeep
|turn|7
|
|t:|1781246967
|move|p1a: BONK|Ivy Cudgel|p2a: Samurott|[anim] Ivy Cudgel Water
|-damage|p2a: Samurott|0 fnt
|faint|p2a: Samurott
|
|upkeep
|
|t:|1781246977
|switch|p2a: Dragapult|Dragapult, F|100/100
|turn|8
|
|t:|1781246980
|move|p1a: BONK|Ivy Cudgel|p2a: Dragapult|[anim] Ivy Cudgel Water
|-resisted|p2a: Dragapult
|-damage|p2a: Dragapult|60/100
|move|p2a: Dragapult|Draco Meteor|p1a: BONK
|-damage|p1a: BONK|5/100
|-unboost|p2a: Dragapult|spa|2
|
|upkeep
|turn|9
|
|t:|1781246985
|move|p1a: BONK|Ivy Cudgel|p2a: Dragapult|[anim] Ivy Cudgel Water
|-resisted|p2a: Dragapult
|-crit|p2a: Dragapult
|-damage|p2a: Dragapult|0 fnt
|faint|p2a: Dragapult
|
|upkeep
|c|☆ascended tusk 69|LOL
|c|☆ascended tusk 69|GET POGGED
|
|t:|1781246992
|switch|p2a: Great Tusk|Great Tusk|100/100
|-enditem|p2a: Great Tusk|Booster Energy
|-activate|p2a: Great Tusk|ability: Protosynthesis|[fromitem]
|-start|p2a: Great Tusk|protosynthesisatk
|turn|10
|
|t:|1781246995
|move|p1a: BONK|Ivy Cudgel|p2a: Great Tusk|[anim] Ivy Cudgel Water
|-supereffective|p2a: Great Tusk
|-damage|p2a: Great Tusk|8/100
|move|p2a: Great Tusk|Rapid Spin|p1a: BONK
|-damage|p1a: BONK|0 fnt
|-boost|p2a: Great Tusk|spe|1
|faint|p1a: BONK
|
|-sideend|p1: ascended tusk 69|Reflect
|upkeep
|
|t:|1781247003
|switch|p1a: Suneater|Iron Moth|100/100
|-damage|p1a: Suneater|76/100|[from] Spikes
|-enditem|p1a: Suneater|Booster Energy
|-activate|p1a: Suneater|ability: Quark Drive|[fromitem]
|-start|p1a: Suneater|quarkdrivespe
|turn|11
|
|t:|1781247006
|-end|p2a: Great Tusk|Protosynthesis|[silent]
|switch|p2a: Araquanid|Araquanid, M|68/100
|move|p1a: Suneater|Fiery Dance|p2a: Araquanid
|-damage|p2a: Araquanid|51/100
|-boost|p1a: Suneater|spa|1
|
|-sideend|p1: ascended tusk 69|move: Light Screen
|upkeep
|turn|12
|l| Pokemh
|c|☆ascended tusk 69|I think you might be the worst player ive faced in a while
|c|☆ascended tusk 69|no offense
|
|t:|1781247019
|move|p1a: Suneater|Sludge Wave|p2a: Araquanid
|-damage|p2a: Araquanid|0 fnt
|faint|p2a: Araquanid
|
|upkeep
|-message|aaagislash forfeited.
|
|win|ascended tusk 69
|raw|ascended tusk 69's rating: 1643 &rarr; <strong>1659</strong><br />(+16 for winning)
|raw|aaagislash's rating: 1573 &rarr; <strong>1557</strong><br />(-16 for losing)
|l|‽aaagislash
|player|p2|
|l| DripOrdinary
|l|☆ascended tusk 69
|player|p1|
|j| nastynastygirl7
|l| nastynastygirl7
|l| biryanilover
