|j|☆LowEL0God
|j|☆DiceyRice
|t:|1781453342
|gametype|singles
|player|p1|LowEL0God|265|1635
|player|p2|DiceyRice|miku-ghost|1729
|gen|9
|tier|[Gen 9] OU
|rated|
|rule|HP Percentage Mod: HP is shown in percentages
|rule|Endless Battle Clause: Forcing endless battles is banned
|rule|Species Clause: Limit one of each Pokémon
|rule|OHKO Clause: OHKO moves are banned
|rule|Evasion Items Clause: Evasion items are banned
|rule|Evasion Moves Clause: Evasion moves are banned
|rule|Evasion Abilities Clause: Evasion abilities are banned
|rule|Sleep Moves Clause: Sleep-inducing moves are banned
|clearpoke
|poke|p1|Pelipper, M|
|poke|p1|Raging Bolt|
|poke|p1|Overqwil, M|
|poke|p1|Barraskewda, F|
|poke|p1|Iron Treads|
|poke|p1|Kingambit, F|
|poke|p2|Latias, F|
|poke|p2|Mimikyu, F|
|poke|p2|Glimmora, M|
|poke|p2|Kingambit, F|
|poke|p2|Iron Boulder|
|poke|p2|Iron Moth|
|teampreview
|c|☆LowEL0God|hf
|inactive|Battle timer is ON: inactive players will automatically lose when time's up. (requested by LowEL0God)
|j| PremierAvatarWan
|
|t:|1781453352
|teamsize|p1|6
|teamsize|p2|6
|start
|switch|p1a: Kingambit|Kingambit, F|100/100
|switch|p2a: Senbonzakura|Glimmora, M|100/100
|turn|1
|
|t:|1781453354
|move|p2a: Senbonzakura|Earth Power|p1a: Kingambit
|-supereffective|p1a: Kingambit
|-damage|p1a: Kingambit|44/100
|move|p1a: Kingambit|Iron Head|p2a: Senbonzakura
|-supereffective|p2a: Senbonzakura
|-enditem|p2a: Senbonzakura|Focus Sash
|-damage|p2a: Senbonzakura|1/100
|-activate|p2a: Senbonzakura|ability: Toxic Debris
|-sidestart|p1: LowEL0God|move: Toxic Spikes
|
|-heal|p1a: Kingambit|50/100|[from] item: Leftovers
|upkeep
|turn|2
|
|t:|1781453359
|move|p1a: Kingambit|Sucker Punch||[still]
|-fail|p1a: Kingambit
|move|p2a: Senbonzakura|Stealth Rock|p1a: Kingambit
|-sidestart|p1: LowEL0God|move: Stealth Rock
|
|-heal|p1a: Kingambit|56/100|[from] item: Leftovers
|upkeep
|turn|3
|
|t:|1781453361
|move|p1a: Kingambit|Sucker Punch|p2a: Senbonzakura
|-damage|p2a: Senbonzakura|0 fnt
|-activate|p2a: Senbonzakura|ability: Toxic Debris
|-sidestart|p1: LowEL0God|move: Toxic Spikes
|faint|p2a: Senbonzakura
|
|-heal|p1a: Kingambit|62/100|[from] item: Leftovers
|upkeep
|
|t:|1781453365
|switch|p2a: Portal|Iron Moth|100/100
|-enditem|p2a: Portal|Booster Energy
|-activate|p2a: Portal|ability: Quark Drive|[fromitem]
|-start|p2a: Portal|quarkdrivespe
|turn|4
|
|t:|1781453368
|-terastallize|p1a: Kingambit|Dark
|move|p2a: Portal|Fiery Dance|p1a: Kingambit
|-damage|p1a: Kingambit|20/100
|move|p1a: Kingambit|Kowtow Cleave|p2a: Portal
|-damage|p2a: Portal|9/100
|
|-heal|p1a: Kingambit|27/100|[from] item: Leftovers
|upkeep
|turn|5
|
|t:|1781453373
|move|p1a: Kingambit|Sucker Punch||[still]
|-fail|p1a: Kingambit
|move|p2a: Portal|Substitute|p2a: Portal
|-fail|p2a: Portal|move: Substitute|[weak]
|
|-heal|p1a: Kingambit|33/100|[from] item: Leftovers
|upkeep
|turn|6
|
|t:|1781453374
|move|p1a: Kingambit|Sucker Punch|p2a: Portal
|-damage|p2a: Portal|0 fnt
|faint|p2a: Portal
|-end|p2a: Portal|Quark Drive|[silent]
|
|-heal|p1a: Kingambit|39/100|[from] item: Leftovers
|upkeep
|
|t:|1781453378
|switch|p2a: Mimikyute|Mimikyu, F|100/100
|turn|7
|
|t:|1781453380
|-end|p1a: Kingambit|fallenundefined|[silent]
|switch|p1a: Overqwil|Overqwil, M|100/100
|-sideend|p1: LowEL0God|move: Toxic Spikes|[of] p1a: Overqwil
|-damage|p1a: Overqwil|88/100|[from] Stealth Rock
|move|p2a: Mimikyute|Swords Dance|p2a: Mimikyute
|-boost|p2a: Mimikyute|atk|2
|
|upkeep
|turn|8
|
|t:|1781453382
|switch|p1a: Iron Treads|Iron Treads|100/100
|-damage|p1a: Iron Treads|97/100|[from] Stealth Rock
|-enditem|p1a: Iron Treads|Booster Energy
|-activate|p1a: Iron Treads|ability: Quark Drive|[fromitem]
|-start|p1a: Iron Treads|quarkdrivespe
|move|p2a: Mimikyute|Play Rough|p1a: Iron Treads
|-resisted|p1a: Iron Treads
|-damage|p1a: Iron Treads|54/100
|-damage|p2a: Mimikyute|91/100|[from] item: Life Orb
|
|upkeep
|turn|9
|
|t:|1781453384
|move|p1a: Iron Treads|Rapid Spin|p2a: Mimikyute
|-immune|p2a: Mimikyute
|move|p2a: Mimikyute|Shadow Claw|p1a: Iron Treads
|-damage|p1a: Iron Treads|0 fnt
|faint|p1a: Iron Treads
|-end|p1a: Iron Treads|Quark Drive|[silent]
|-damage|p2a: Mimikyute|81/100|[from] item: Life Orb
|
|upkeep
|
|t:|1781453384
|switch|p1a: Kingambit|Kingambit, F, tera:Dark|39/100
|-damage|p1a: Kingambit|27/100|[from] Stealth Rock
|-activate|p1a: Kingambit|ability: Supreme Overlord
|-start|p1a: Kingambit|fallen1|[silent]
|turn|10
|
|t:|1781453387
|move|p2a: Mimikyute|Shadow Sneak|p1a: Kingambit
|-resisted|p1a: Kingambit
|-damage|p1a: Kingambit|11/100
|-damage|p2a: Mimikyute|71/100|[from] item: Life Orb
|move|p1a: Kingambit|Sucker Punch||[still]
|-fail|p1a: Kingambit
|
|-heal|p1a: Kingambit|17/100|[from] item: Leftovers
|upkeep
|turn|11
|l| PremierAvatarWan
|
|t:|1781453389
|move|p2a: Mimikyute|Shadow Sneak|p1a: Kingambit
|-resisted|p1a: Kingambit
|-damage|p1a: Kingambit|2/100
|-damage|p2a: Mimikyute|61/100|[from] item: Life Orb
|move|p1a: Kingambit|Sucker Punch||[still]
|-fail|p1a: Kingambit
|
|-heal|p1a: Kingambit|8/100|[from] item: Leftovers
|upkeep
|turn|12
|
|t:|1781453390
|move|p2a: Mimikyute|Shadow Sneak|p1a: Kingambit
|-resisted|p1a: Kingambit
|-damage|p1a: Kingambit|0 fnt
|faint|p1a: Kingambit
|-end|p1a: Kingambit|fallen1|[silent]
|-damage|p2a: Mimikyute|51/100|[from] item: Life Orb
|
|upkeep
|
|t:|1781453391
|switch|p1a: Pelipper|Pelipper, M|100/100
|-damage|p1a: Pelipper|76/100|[from] Stealth Rock
|-weather|RainDance|[from] ability: Drizzle|[of] p1a: Pelipper
|turn|13
|
|t:|1781453392
|move|p2a: Mimikyute|Play Rough|p1a: Pelipper
|-damage|p1a: Pelipper|9/100
|-damage|p2a: Mimikyute|41/100|[from] item: Life Orb
|move|p1a: Pelipper|Weather Ball|p2a: Mimikyute
|-activate|p2a: Mimikyute|ability: Disguise
|-damage|p2a: Mimikyute|41/100
|detailschange|p2a: Mimikyute|Mimikyu-Busted, F
|-damage|p2a: Mimikyute|28/100|[from] pokemon: Mimikyu-Busted
|
|-weather|RainDance|[upkeep]
|upkeep
|turn|14
|
|t:|1781453397
|move|p2a: Mimikyute|Play Rough|p1a: Pelipper
|-damage|p1a: Pelipper|0 fnt
|faint|p1a: Pelipper
|-damage|p2a: Mimikyute|18/100|[from] item: Life Orb
|
|-weather|RainDance|[upkeep]
|upkeep
|
|t:|1781453397
|switch|p1a: Overqwil|Overqwil, M|88/100
|-damage|p1a: Overqwil|76/100|[from] Stealth Rock
|turn|15
|
|t:|1781453399
|move|p1a: Overqwil|Liquidation|p2a: Mimikyute
|-damage|p2a: Mimikyute|0 fnt
|faint|p2a: Mimikyute
|-damage|p1a: Overqwil|66/100|[from] item: Life Orb
|
|-weather|RainDance|[upkeep]
|upkeep
|
|t:|1781453402
|switch|p2a: Kanaria|Kingambit, F|100/100
|-activate|p2a: Kanaria|ability: Supreme Overlord
|-start|p2a: Kanaria|fallen3|[silent]
|turn|16
|
|t:|1781453404
|move|p1a: Overqwil|Liquidation|p2a: Kanaria
|-crit|p2a: Kanaria
|-damage|p2a: Kanaria|25/100
|-damage|p1a: Overqwil|56/100|[from] item: Life Orb
|move|p2a: Kanaria|Iron Head|p1a: Overqwil
|-damage|p1a: Overqwil|0 fnt
|faint|p1a: Overqwil
|
|-weather|RainDance|[upkeep]
|upkeep
|
|t:|1781453408
|switch|p1a: Raging Bolt|Raging Bolt|100/100
|-damage|p1a: Raging Bolt|88/100|[from] Stealth Rock
|-enditem|p1a: Raging Bolt|Booster Energy
|-activate|p1a: Raging Bolt|ability: Protosynthesis|[fromitem]
|-start|p1a: Raging Bolt|protosynthesisspa
|turn|17
|
|t:|1781453411
|move|p1a: Raging Bolt|Weather Ball|p2a: Kanaria
|-damage|p2a: Kanaria|0 fnt
|faint|p2a: Kanaria
|-end|p2a: Kanaria|fallen3|[silent]
|
|-weather|RainDance|[upkeep]
|upkeep
|
|t:|1781453414
|switch|p2a: Smithy|Iron Boulder|100/100
|-enditem|p2a: Smithy|Booster Energy
|-activate|p2a: Smithy|ability: Quark Drive|[fromitem]
|-start|p2a: Smithy|quarkdrivespe
|turn|18
|
|t:|1781453416
|move|p2a: Smithy|Substitute|p2a: Smithy
|-start|p2a: Smithy|Substitute
|-damage|p2a: Smithy|76/100
|move|p1a: Raging Bolt|Weather Ball|p2a: Smithy
|-supereffective|p2a: Smithy
|-end|p2a: Smithy|Substitute
|
|-weather|RainDance|[upkeep]
|upkeep
|turn|19
|j| Soumya Ukil
|
|t:|1781453420
|move|p2a: Smithy|Earthquake|p1a: Raging Bolt
|-supereffective|p1a: Raging Bolt
|-crit|p1a: Raging Bolt
|-damage|p1a: Raging Bolt|2/100
|move|p1a: Raging Bolt|Weather Ball|p2a: Smithy
|-supereffective|p2a: Smithy
|-damage|p2a: Smithy|0 fnt
|faint|p2a: Smithy
|-end|p2a: Smithy|Quark Drive|[silent]
|
|-weather|RainDance|[upkeep]
|upkeep
|
|t:|1781453422
|switch|p2a: Latinas|Latias, F|100/100
|turn|20
|
|t:|1781453426
|move|p2a: Latinas|Aura Sphere|p1a: Raging Bolt
|-damage|p1a: Raging Bolt|0 fnt
|faint|p1a: Raging Bolt
|-end|p1a: Raging Bolt|Protosynthesis|[silent]
|
|-weather|none
|upkeep
|
|t:|1781453427
|switch|p1a: Barraskewda|Barraskewda, F|100/100
|-damage|p1a: Barraskewda|88/100|[from] Stealth Rock
|turn|21
|
|t:|1781453429
|move|p1a: Barraskewda|Liquidation|p2a: Latinas
|-resisted|p2a: Latinas
|-damage|p2a: Latinas|65/100
|-enditem|p2a: Latinas|Kee Berry|[eat]
|-boost|p2a: Latinas|def|1|[from] item: Kee Berry
|move|p2a: Latinas|Calm Mind|p2a: Latinas
|-boost|p2a: Latinas|spa|1
|-boost|p2a: Latinas|spd|1
|
|upkeep
|turn|22
|
|t:|1781453431
|move|p1a: Barraskewda|Liquidation|p2a: Latinas
|-resisted|p2a: Latinas
|-damage|p2a: Latinas|43/100
|-unboost|p2a: Latinas|def|1
|move|p2a: Latinas|Recover|p2a: Latinas
|-heal|p2a: Latinas|93/100
|
|upkeep
|turn|23
|
|t:|1781453434
|move|p1a: Barraskewda|Liquidation|p2a: Latinas
|-resisted|p2a: Latinas
|-damage|p2a: Latinas|58/100
|move|p2a: Latinas|Stored Power|p1a: Barraskewda
|-damage|p1a: Barraskewda|19/100
|
|upkeep
|turn|24
|
|t:|1781453436
|move|p1a: Barraskewda|Liquidation|p2a: Latinas
|-resisted|p2a: Latinas
|-damage|p2a: Latinas|24/100
|move|p2a: Latinas|Stored Power|p1a: Barraskewda
|-damage|p1a: Barraskewda|0 fnt
|faint|p1a: Barraskewda
|
|win|DiceyRice
|raw|LowEL0God's rating: 1635 &rarr; <strong>1620</strong><br />(-15 for losing)
|raw|DiceyRice's rating: 1729 &rarr; <strong>1744</strong><br />(+15 for winning)
|l|☆DiceyRice
|player|p2|
|c|☆LowEL0God|gg
|l|☆LowEL0God
|player|p1|
|l| Soumya Ukil
