|j|‽fleep vs floop
|j|☆n5v
|t:|1781460898
|gametype|singles
|player|p1|fleep vs floop|1|1660
|player|p2|n5v|leon-masters|1658
|gen|9
|tier|[Gen 9] OU
|rated|
|rule|HP Percentage Mod: HP is shown in percentages
|rule|Endless Battle Clause: Forcing endless battles is banned
|rule|Species Clause: Limit one of each Pokémon
|rule|OHKO Clause: OHKO moves are banned
|rule|Evasion Items Clause: Evasion items are banned
|rule|Evasion Moves Clause: Evasion moves are banned
|rule|Evasion Abilities Clause: Evasion abilities are banned
|rule|Sleep Moves Clause: Sleep-inducing moves are banned
|clearpoke
|poke|p1|Slowking-Galar, F|
|poke|p1|Chesnaught, F|
|poke|p1|Kyurem|
|poke|p1|Samurott-Hisui, M|
|poke|p1|Zapdos|
|poke|p1|Iron Treads|
|poke|p2|Raging Bolt|
|poke|p2|Enamorus, F|
|poke|p2|Rillaboom, F|
|poke|p2|Kingambit, M|
|poke|p2|Great Tusk|
|poke|p2|Slowking-Galar, M|
|teampreview
|c|☆n5v|glhf
|
|t:|1781460905
|teamsize|p1|6
|teamsize|p2|6
|start
|switch|p1a: Iron Treads|Iron Treads|100/100
|switch|p2a: goobing bolt|Raging Bolt|100/100
|turn|1
|inactive|Battle timer is ON: inactive players will automatically lose when time's up. (requested by n5v)
|inactive|fleep vs floop also wants the timer to be on.
|
|t:|1781460909
|-end|p2a: goobing bolt|Protosynthesis|[silent]
|switch|p2a: diddy kong|Rillaboom, F, shiny|100/100
|-fieldstart|move: Grassy Terrain|[from] ability: Grassy Surge|[of] p2a: diddy kong
|move|p1a: Iron Treads|Earthquake|p2a: diddy kong
|-resisted|p2a: diddy kong
|-damage|p2a: diddy kong|88/100
|
|-heal|p2a: diddy kong|94/100|[from] Grassy Terrain
|upkeep
|turn|2
|
|t:|1781460916
|move|p1a: Iron Treads|Stealth Rock|p2a: diddy kong
|-sidestart|p2: n5v|move: Stealth Rock
|move|p2a: diddy kong|Knock Off|p1a: Iron Treads
|-damage|p1a: Iron Treads|57/100
|-enditem|p1a: Iron Treads|Leftovers|[from] move: Knock Off|[of] p2a: diddy kong
|-damage|p2a: diddy kong|84/100|[from] item: Life Orb
|
|-heal|p1a: Iron Treads|63/100|[from] Grassy Terrain
|-heal|p2a: diddy kong|90/100|[from] Grassy Terrain
|upkeep
|turn|3
|
|t:|1781460920
|-end|p1a: Iron Treads|Quark Drive|[silent]
|switch|p1a: Chesnaught|Chesnaught, F|100/100
|move|p2a: diddy kong|Swords Dance|p2a: diddy kong
|-boost|p2a: diddy kong|atk|2
|
|-heal|p2a: diddy kong|96/100|[from] Grassy Terrain
|upkeep
|turn|4
|
|t:|1781460923
|move|p2a: diddy kong|U-turn|p1a: Chesnaught
|-damage|p1a: Chesnaught|65/100
|-damage|p2a: diddy kong|80/100|[from] item: Rocky Helmet|[of] p1a: Chesnaught
|-damage|p2a: diddy kong|70/100|[from] item: Life Orb
|
|t:|1781460931
|switch|p2a: goobing bolt|Raging Bolt|100/100|[from] U-turn
|-damage|p2a: goobing bolt|88/100|[from] Stealth Rock
|move|p1a: Chesnaught|Body Press|p2a: goobing bolt
|-damage|p2a: goobing bolt|51/100
|
|-heal|p2a: goobing bolt|57/100|[from] Grassy Terrain
|-heal|p1a: Chesnaught|71/100|[from] Grassy Terrain
|upkeep
|turn|5
|
|t:|1781460935
|switch|p1a: Slowking|Slowking-Galar, F|100/100
|move|p2a: goobing bolt|Draco Meteor|p1a: Slowking
|-damage|p1a: Slowking|37/100
|-unboost|p2a: goobing bolt|spa|2
|
|-heal|p2a: goobing bolt|63/100|[from] Grassy Terrain
|-heal|p1a: Slowking|43/100|[from] Grassy Terrain
|-fieldend|move: Grassy Terrain
|upkeep
|turn|6
|j| isaac_gam3r
|
|t:|1781460949
|-end|p2a: goobing bolt|Protosynthesis|[silent]
|switch|p2a: diddy kong|Rillaboom, F, shiny|70/100
|-damage|p2a: diddy kong|58/100|[from] Stealth Rock
|-fieldstart|move: Grassy Terrain|[from] ability: Grassy Surge|[of] p2a: diddy kong
|switch|p1a: Iron Treads|Iron Treads|63/100
|
|-heal|p1a: Iron Treads|70/100|[from] Grassy Terrain
|-heal|p2a: diddy kong|64/100|[from] Grassy Terrain
|upkeep
|turn|7
|
|t:|1781460956
|-end|p1a: Iron Treads|Quark Drive|[silent]
|switch|p1a: Chesnaught|Chesnaught, F|71/100
|move|p2a: diddy kong|Grassy Glide|p1a: Chesnaught
|-resisted|p1a: Chesnaught
|-damage|p1a: Chesnaught|55/100
|-damage|p2a: diddy kong|47/100|[from] item: Rocky Helmet|[of] p1a: Chesnaught
|-damage|p2a: diddy kong|37/100|[from] item: Life Orb
|
|-heal|p2a: diddy kong|44/100|[from] Grassy Terrain
|-heal|p1a: Chesnaught|61/100|[from] Grassy Terrain
|upkeep
|turn|8
|
|t:|1781460958
|move|p2a: diddy kong|U-turn|p1a: Chesnaught
|-damage|p1a: Chesnaught|42/100
|-damage|p2a: diddy kong|27/100|[from] item: Rocky Helmet|[of] p1a: Chesnaught
|-damage|p2a: diddy kong|17/100|[from] item: Life Orb
|
|t:|1781460962
|switch|p2a: goobing bolt|Raging Bolt|63/100|[from] U-turn
|-damage|p2a: goobing bolt|51/100|[from] Stealth Rock
|move|p1a: Chesnaught|Synthesis|p1a: Chesnaught
|-heal|p1a: Chesnaught|92/100
|
|-heal|p2a: goobing bolt|57/100|[from] Grassy Terrain
|-heal|p1a: Chesnaught|98/100|[from] Grassy Terrain
|upkeep
|turn|9
|
|t:|1781460966
|switch|p1a: Slowking|Slowking-Galar, F|77/100
|move|p2a: goobing bolt|Draco Meteor|p1a: Slowking
|-damage|p1a: Slowking|12/100
|-unboost|p2a: goobing bolt|spa|2
|
|-heal|p2a: goobing bolt|63/100|[from] Grassy Terrain
|-heal|p1a: Slowking|18/100|[from] Grassy Terrain
|upkeep
|turn|10
|
|t:|1781460968
|switch|p1a: Iron Treads|Iron Treads|70/100
|move|p2a: goobing bolt|Draco Meteor|p1a: Iron Treads|[miss]
|-miss|p2a: goobing bolt|p1a: Iron Treads
|
|-heal|p1a: Iron Treads|76/100|[from] Grassy Terrain
|-heal|p2a: goobing bolt|70/100|[from] Grassy Terrain
|-fieldend|move: Grassy Terrain
|upkeep
|turn|11
|
|t:|1781460975
|-end|p2a: goobing bolt|Protosynthesis|[silent]
|switch|p2a: cheap tusk|Great Tusk, shiny|100/100
|-damage|p2a: cheap tusk|97/100|[from] Stealth Rock
|move|p1a: Iron Treads|Earthquake|p2a: cheap tusk
|-damage|p2a: cheap tusk|70/100
|
|-heal|p2a: cheap tusk|76/100|[from] item: Leftovers
|upkeep
|turn|12
|
|t:|1781460981
|move|p1a: Iron Treads|Knock Off|p2a: cheap tusk
|-resisted|p2a: cheap tusk
|-damage|p2a: cheap tusk|67/100
|-enditem|p2a: cheap tusk|Leftovers|[from] move: Knock Off|[of] p1a: Iron Treads
|move|p2a: cheap tusk|Rapid Spin|p1a: Iron Treads
|-resisted|p1a: Iron Treads
|-damage|p1a: Iron Treads|69/100
|-boost|p2a: cheap tusk|spe|1
|-sideend|p2: n5v|Stealth Rock|[from] move: Rapid Spin|[of] p2a: cheap tusk
|
|upkeep
|turn|13
|
|t:|1781460984
|-end|p1a: Iron Treads|Quark Drive|[silent]
|switch|p1a: Zapdos|Zapdos|100/100
|move|p2a: cheap tusk|Stealth Rock|p1a: Zapdos
|-sidestart|p1: fleep vs floop|move: Stealth Rock
|
|upkeep
|turn|14
|
|t:|1781460988
|-end|p2a: cheap tusk|Protosynthesis|[silent]
|switch|p2a: goobing bolt|Raging Bolt|70/100
|move|p1a: Zapdos|Hurricane|p2a: goobing bolt
|-resisted|p2a: goobing bolt
|-damage|p2a: goobing bolt|48/100
|-start|p2a: goobing bolt|confusion
|
|upkeep
|turn|15
|
|t:|1781460994
|switch|p1a: Iron Treads|Iron Treads|69/100
|-damage|p1a: Iron Treads|66/100|[from] Stealth Rock
|-activate|p2a: goobing bolt|confusion
|move|p2a: goobing bolt|Draco Meteor|p1a: Iron Treads|[miss]
|-miss|p2a: goobing bolt|p1a: Iron Treads
|
|upkeep
|turn|16
|
|t:|1781460998
|-terastallize|p2a: goobing bolt|Bug
|move|p1a: Iron Treads|Stealth Rock|p2a: goobing bolt
|-sidestart|p2: n5v|move: Stealth Rock
|-activate|p2a: goobing bolt|confusion
|move|p2a: goobing bolt|Draco Meteor|p1a: Iron Treads
|-resisted|p1a: Iron Treads
|-damage|p1a: Iron Treads|0 fnt
|-unboost|p2a: goobing bolt|spa|2
|faint|p1a: Iron Treads
|-end|p1a: Iron Treads|Quark Drive|[silent]
|
|upkeep
|
|t:|1781461005
|switch|p1a: Kyurem|Kyurem|100/100
|-ability|p1a: Kyurem|Pressure
|turn|17
|
|t:|1781461010
|-end|p2a: goobing bolt|Protosynthesis|[silent]
|switch|p2a: wake not walking|Slowking-Galar, M, shiny|100/100
|-damage|p2a: wake not walking|88/100|[from] Stealth Rock
|move|p1a: Kyurem|Ice Beam|p2a: wake not walking
|-damage|p2a: wake not walking|64/100
|
|upkeep
|turn|18
|
|t:|1781461016
|switch|p1a: Samurott|Samurott-Hisui, M|100/100
|move|p2a: wake not walking|Sludge Bomb|p1a: Samurott
|-damage|p1a: Samurott|34/100
|-status|p1a: Samurott|psn
|
|-damage|p1a: Samurott|22/100 psn|[from] psn
|upkeep
|turn|19
|
|t:|1781461023
|switch|p2a: neededaghostresist|Kingambit, M, shiny|100/100
|-damage|p2a: neededaghostresist|94/100|[from] Stealth Rock
|move|p1a: Samurott|Ceaseless Edge|p2a: neededaghostresist|[miss]
|-miss|p1a: Samurott|p2a: neededaghostresist
|
|-heal|p2a: neededaghostresist|100/100|[from] item: Leftovers
|-damage|p1a: Samurott|9/100 psn|[from] psn
|upkeep
|turn|20
|
|t:|1781461034
|switch|p1a: Chesnaught|Chesnaught, F|98/100
|-damage|p1a: Chesnaught|92/100|[from] Stealth Rock
|move|p2a: neededaghostresist|Low Kick|p1a: Chesnaught
|-damage|p1a: Chesnaught|75/100
|-damage|p2a: neededaghostresist|84/100|[from] item: Rocky Helmet|[of] p1a: Chesnaught
|
|-heal|p2a: neededaghostresist|90/100|[from] item: Leftovers
|upkeep
|turn|21
|
|t:|1781461040
|-end|p2a: neededaghostresist|fallenundefined|[silent]
|switch|p2a: wake not walking|Slowking-Galar, M, shiny|98/100
|-damage|p2a: wake not walking|85/100|[from] Stealth Rock
|move|p1a: Chesnaught|Leech Seed|p2a: wake not walking
|-start|p2a: wake not walking|move: Leech Seed
|
|-damage|p2a: wake not walking|73/100|[from] Leech Seed|[of] p1a: Chesnaught
|-heal|p1a: Chesnaught|88/100|[silent]
|upkeep
|turn|22
|
|t:|1781461055
|switch|p1a: Slowking|Slowking-Galar, F|51/100
|move|p2a: wake not walking|Flamethrower|p1a: Slowking
|-damage|p1a: Slowking|36/100
|
|-damage|p2a: wake not walking|60/100|[from] Leech Seed|[of] p1a: Slowking
|-heal|p1a: Slowking|48/100|[silent]
|upkeep
|turn|23
|
|t:|1781461061
|switch|p2a: neededaghostresist|Kingambit, M, shiny|90/100
|-damage|p2a: neededaghostresist|84/100|[from] Stealth Rock
|-prepare|p1a: Slowking|Chilly Reception|[premajor]
|move|p1a: Slowking|Chilly Reception|p1a: Slowking
|-weather|Snowscape
|
|t:|1781461063
|switch|p1a: Chesnaught|Chesnaught, F|88/100|[from] Chilly Reception
|-damage|p1a: Chesnaught|82/100|[from] Stealth Rock
|
|-weather|Snowscape|[upkeep]
|-heal|p2a: neededaghostresist|90/100|[from] item: Leftovers
|upkeep
|turn|24
|
|t:|1781461067
|-end|p2a: neededaghostresist|fallenundefined|[silent]
|switch|p2a: cheap tusk|Great Tusk, shiny|67/100
|-damage|p2a: cheap tusk|64/100|[from] Stealth Rock
|move|p1a: Chesnaught|Knock Off|p2a: cheap tusk
|-resisted|p2a: cheap tusk
|-crit|p2a: cheap tusk
|-damage|p2a: cheap tusk|56/100
|
|-weather|Snowscape|[upkeep]
|upkeep
|turn|25
|
|t:|1781461070
|-terastallize|p1a: Chesnaught|Ghost
|move|p2a: cheap tusk|Rapid Spin|p1a: Chesnaught
|-immune|p1a: Chesnaught
|move|p1a: Chesnaught|Leech Seed|p2a: cheap tusk
|-start|p2a: cheap tusk|move: Leech Seed
|
|-weather|Snowscape|[upkeep]
|-damage|p2a: cheap tusk|44/100|[from] Leech Seed|[of] p1a: Chesnaught
|-heal|p1a: Chesnaught|97/100|[silent]
|upkeep
|turn|26
|
|t:|1781461086
|-end|p2a: cheap tusk|Protosynthesis|[silent]
|switch|p2a: gay alladin|Enamorus, F|100/100
|-damage|p2a: gay alladin|76/100|[from] Stealth Rock
|move|p1a: Chesnaught|Leech Seed|p2a: gay alladin
|-start|p2a: gay alladin|move: Leech Seed
|
|-weather|Snowscape|[upkeep]
|-damage|p2a: gay alladin|63/100|[from] Leech Seed|[of] p1a: Chesnaught
|-heal|p1a: Chesnaught|100/100|[silent]
|upkeep
|turn|27
|
|t:|1781461094
|switch|p1a: Slowking|Slowking-Galar, F|82/100
|move|p2a: gay alladin|Healing Wish|p2a: gay alladin
|faint|p2a: gay alladin
|
|-weather|none
|upkeep
|
|t:|1781461105
|switch|p2a: goobing bolt|Raging Bolt, tera:Bug|48/100
|-heal|p2a: goobing bolt|100/100|[from] move: Healing Wish
|-damage|p2a: goobing bolt|75/100|[from] Stealth Rock
|turn|28
|
|t:|1781461110
|move|p2a: goobing bolt|Volt Switch|p1a: Slowking
|-damage|p1a: Slowking|44/100
|
|t:|1781461112
|-end|p2a: goobing bolt|Protosynthesis|[silent]
|switch|p2a: cheap tusk|Great Tusk, shiny|44/100|[from] Volt Switch
|-damage|p2a: cheap tusk|41/100|[from] Stealth Rock
|-prepare|p1a: Slowking|Chilly Reception|[premajor]
|move|p1a: Slowking|Chilly Reception|p1a: Slowking
|-weather|Snowscape
|
|t:|1781461117
|switch|p1a: Kyurem|Kyurem|100/100|[from] Chilly Reception
|-ability|p1a: Kyurem|Pressure
|
|-weather|Snowscape|[upkeep]
|upkeep
|turn|29
|
|t:|1781461131
|-end|p2a: cheap tusk|Protosynthesis|[silent]
|switch|p2a: wake not walking|Slowking-Galar, M, shiny|94/100
|-damage|p2a: wake not walking|81/100|[from] Stealth Rock
|move|p1a: Kyurem|Draco Meteor|p2a: wake not walking
|-damage|p2a: wake not walking|46/100
|-unboost|p1a: Kyurem|spa|2
|
|-weather|Snowscape|[upkeep]
|upkeep
|turn|30
|
|t:|1781461138
|move|p1a: Kyurem|Earth Power|p2a: wake not walking
|-supereffective|p2a: wake not walking
|-damage|p2a: wake not walking|30/100
|move|p2a: wake not walking|Sludge Bomb|p1a: Kyurem
|-damage|p1a: Kyurem|63/100
|-status|p1a: Kyurem|psn
|
|-weather|Snowscape|[upkeep]
|-damage|p1a: Kyurem|51/100 psn|[from] psn
|upkeep
|turn|31
|
|t:|1781461147
|switch|p1a: Slowking|Slowking-Galar, F|78/100
|switch|p2a: cheap tusk|Great Tusk, shiny|41/100
|-damage|p2a: cheap tusk|38/100|[from] Stealth Rock
|
|-weather|Snowscape|[upkeep]
|upkeep
|turn|32
|
|t:|1781461149
|switch|p1a: Chesnaught|Chesnaught, F, tera:Ghost|100/100
|-damage|p1a: Chesnaught|88/100|[from] Stealth Rock
|move|p2a: cheap tusk|Rapid Spin|p1a: Chesnaught
|-immune|p1a: Chesnaught
|
|-weather|none
|upkeep
|turn|33
|
|t:|1781461153
|-end|p2a: cheap tusk|Protosynthesis|[silent]
|switch|p2a: goobing bolt|Raging Bolt, tera:Bug|75/100
|-damage|p2a: goobing bolt|50/100|[from] Stealth Rock
|move|p1a: Chesnaught|Leech Seed|p2a: goobing bolt
|-start|p2a: goobing bolt|move: Leech Seed
|
|-damage|p2a: goobing bolt|38/100|[from] Leech Seed|[of] p1a: Chesnaught
|-heal|p1a: Chesnaught|100/100|[silent]
|upkeep
|turn|34
|
|t:|1781461162
|switch|p1a: Slowking|Slowking-Galar, F|100/100
|move|p2a: goobing bolt|Draco Meteor|p1a: Slowking
|-damage|p1a: Slowking|33/100
|-unboost|p2a: goobing bolt|spa|2
|
|-damage|p2a: goobing bolt|25/100|[from] Leech Seed|[of] p1a: Slowking
|-heal|p1a: Slowking|46/100|[silent]
|upkeep
|turn|35
|
|t:|1781461189
|-end|p2a: goobing bolt|Protosynthesis|[silent]
|switch|p2a: diddy kong|Rillaboom, F, shiny|17/100
|-damage|p2a: diddy kong|5/100|[from] Stealth Rock
|-fieldstart|move: Grassy Terrain|[from] ability: Grassy Surge|[of] p2a: diddy kong
|-prepare|p1a: Slowking|Chilly Reception|[premajor]
|move|p1a: Slowking|Chilly Reception|p1a: Slowking
|-weather|Snowscape
|
|t:|1781461195
|switch|p1a: Zapdos|Zapdos|100/100|[from] Chilly Reception
|
|-weather|Snowscape|[upkeep]
|-heal|p2a: diddy kong|11/100|[from] Grassy Terrain
|upkeep
|turn|36
|
|t:|1781461201
|switch|p2a: wake not walking|Slowking-Galar, M, shiny|64/100
|-damage|p2a: wake not walking|51/100|[from] Stealth Rock
|move|p1a: Zapdos|Heat Wave|p2a: wake not walking
|-damage|p2a: wake not walking|38/100
|
|-weather|Snowscape|[upkeep]
|-heal|p2a: wake not walking|44/100|[from] Grassy Terrain
|upkeep
|turn|37
|
|t:|1781461207
|move|p1a: Zapdos|Volt Switch|p2a: wake not walking
|-damage|p2a: wake not walking|30/100
|
|t:|1781461210
|switch|p1a: Slowking|Slowking-Galar, F|79/100|[from] Volt Switch
|move|p2a: wake not walking|Ice Beam|p1a: Slowking
|-damage|p1a: Slowking|62/100
|
|-weather|Snowscape|[upkeep]
|-heal|p2a: wake not walking|36/100|[from] Grassy Terrain
|-heal|p1a: Slowking|68/100|[from] Grassy Terrain
|upkeep
|turn|38
|
|t:|1781461214
|move|p2a: wake not walking|Psyshock|p1a: Slowking
|-damage|p1a: Slowking|30/100
|move|p1a: Slowking|Future Sight|p2a: wake not walking
|-start|p1a: Slowking|move: Future Sight
|
|-weather|Snowscape|[upkeep]
|-heal|p2a: wake not walking|42/100|[from] Grassy Terrain
|-heal|p1a: Slowking|36/100|[from] Grassy Terrain
|upkeep
|turn|39
|
|t:|1781461225
|switch|p1a: Samurott|Samurott-Hisui, M|9/100 psn
|move|p2a: wake not walking|Flamethrower|p1a: Samurott
|-resisted|p1a: Samurott
|-damage|p1a: Samurott|0 fnt
|faint|p1a: Samurott
|
|-weather|none
|-heal|p2a: wake not walking|48/100|[from] Grassy Terrain
|-fieldend|move: Grassy Terrain
|upkeep
|
|t:|1781461234
|switch|p1a: Kyurem|Kyurem|51/100 psn
|-ability|p1a: Kyurem|Pressure
|turn|40
|
|t:|1781461238
|move|p1a: Kyurem|Earth Power|p2a: wake not walking
|-supereffective|p2a: wake not walking
|-damage|p2a: wake not walking|20/100
|-unboost|p2a: wake not walking|spd|1
|move|p2a: wake not walking|Sludge Bomb|p1a: Kyurem
|-damage|p1a: Kyurem|15/100 psn
|
|-end|p2a: wake not walking|move: Future Sight
|-damage|p2a: wake not walking|0 fnt
|faint|p2a: wake not walking
|-damage|p1a: Kyurem|3/100 psn|[from] psn
|upkeep
|
|t:|1781461251
|switch|p2a: diddy kong|Rillaboom, F, shiny|11/100
|-damage|p2a: diddy kong|0 fnt|[from] Stealth Rock
|faint|p2a: diddy kong
|j| ShinyAshGreninja07
|
|t:|1781461277
|switch|p2a: neededaghostresist|Kingambit, M, shiny|90/100
|-damage|p2a: neededaghostresist|84/100|[from] Stealth Rock
|-activate|p2a: neededaghostresist|ability: Supreme Overlord
|-start|p2a: neededaghostresist|fallen3|[silent]
|turn|41
|
|t:|1781461281
|-end|p2a: neededaghostresist|fallen3|[silent]
|switch|p2a: goobing bolt|Raging Bolt, tera:Bug|25/100
|-damage|p2a: goobing bolt|0 fnt|[from] Stealth Rock
|faint|p2a: goobing bolt
|-end|p2a: goobing bolt|Protosynthesis|[silent]
|move|p1a: Kyurem|Earth Power|p2: goobing bolt|[notarget]
|-fail|p1a: Kyurem
|
|-damage|p1a: Kyurem|0 fnt|[from] psn
|faint|p1a: Kyurem
|upkeep
|
|t:|1781461288
|switch|p1a: Chesnaught|Chesnaught, F, tera:Ghost|100/100
|switch|p2a: cheap tusk|Great Tusk, shiny|38/100
|-damage|p2a: cheap tusk|35/100|[from] Stealth Rock
|-damage|p1a: Chesnaught|88/100|[from] Stealth Rock
|turn|42
|
|t:|1781461292
|move|p2a: cheap tusk|Headlong Rush|p1a: Chesnaught
|-damage|p1a: Chesnaught|57/100
|-unboost|p2a: cheap tusk|def|1
|-unboost|p2a: cheap tusk|spd|1
|-damage|p2a: cheap tusk|18/100|[from] item: Rocky Helmet|[of] p1a: Chesnaught
|move|p1a: Chesnaught|Leech Seed|p2a: cheap tusk
|-start|p2a: cheap tusk|move: Leech Seed
|
|-damage|p2a: cheap tusk|6/100|[from] Leech Seed|[of] p1a: Chesnaught
|-heal|p1a: Chesnaught|71/100|[silent]
|upkeep
|turn|43
|
|t:|1781461297
|move|p2a: cheap tusk|Headlong Rush|p1a: Chesnaught
|-damage|p1a: Chesnaught|43/100
|-unboost|p2a: cheap tusk|def|1
|-unboost|p2a: cheap tusk|spd|1
|-damage|p2a: cheap tusk|0 fnt|[from] item: Rocky Helmet|[of] p1a: Chesnaught
|faint|p2a: cheap tusk
|-end|p2a: cheap tusk|Protosynthesis|[silent]
|move|p1a: Chesnaught|Synthesis|p1a: Chesnaught
|-heal|p1a: Chesnaught|93/100
|
|upkeep
|
|t:|1781461300
|switch|p2a: neededaghostresist|Kingambit, M, shiny|84/100
|-damage|p2a: neededaghostresist|78/100|[from] Stealth Rock
|-activate|p2a: neededaghostresist|ability: Supreme Overlord
|-start|p2a: neededaghostresist|fallen5|[silent]
|turn|44
|
|t:|1781461304
|move|p2a: neededaghostresist|Swords Dance|p2a: neededaghostresist
|-boost|p2a: neededaghostresist|atk|2
|move|p1a: Chesnaught|Body Press|p2a: neededaghostresist
|-supereffective|p2a: neededaghostresist
|-damage|p2a: neededaghostresist|0 fnt
|faint|p2a: neededaghostresist
|-end|p2a: neededaghostresist|fallen5|[silent]
|
|win|fleep vs floop
|raw|fleep vs floop's rating: 1660 &rarr; <strong>1680</strong><br />(+20 for winning)
|raw|n5v's rating: 1658 &rarr; <strong>1638</strong><br />(-20 for losing)
|l| isaac_gam3r
|l| ShinyAshGreninja07
|l|‽fleep vs floop
|player|p1|
|l|☆n5v
|player|p2|
