|j|☆lianxiaonian
|j|☆Rextrox
|t:|1781076739
|gametype|singles
|player|p1|lianxiaonian|1|1657
|player|p2|Rextrox|birdkeeper-gen4dp|1565
|gen|9
|tier|[Gen 9] OU
|rated|
|rule|HP Percentage Mod: HP is shown in percentages
|rule|Endless Battle Clause: Forcing endless battles is banned
|rule|Species Clause: Limit one of each Pokémon
|rule|OHKO Clause: OHKO moves are banned
|rule|Evasion Items Clause: Evasion items are banned
|rule|Evasion Moves Clause: Evasion moves are banned
|rule|Evasion Abilities Clause: Evasion abilities are banned
|rule|Sleep Moves Clause: Sleep-inducing moves are banned
|clearpoke
|poke|p1|Talonflame, F|
|poke|p1|Pelipper, F|
|poke|p1|Hatterene, F|
|poke|p1|Raging Bolt|
|poke|p1|Barraskewda, M|
|poke|p1|Iron Treads|
|poke|p2|Eelektross, F|
|poke|p2|Deoxys-Speed|
|poke|p2|Iron Valiant|
|poke|p2|Pecharunt|
|poke|p2|Dragonite, M|
|poke|p2|Kingambit, M|
|teampreview
|inactive|Battle timer is ON: inactive players will automatically lose when time's up. (requested by lianxiaonian)
|
|t:|1781076746
|teamsize|p1|6
|teamsize|p2|6
|start
|switch|p1a: Pelipper|Pelipper, F, shiny|100/100
|switch|p2a: GG's|Eelektross, F|100/100
|-weather|RainDance|[from] ability: Drizzle|[of] p1a: Pelipper
|turn|1
|
|t:|1781076751
|switch|p1a: 工具帽|Hatterene, F, shiny|100/100
|move|p2a: GG's|Coil|p2a: GG's
|-boost|p2a: GG's|atk|1
|-boost|p2a: GG's|def|1
|-boost|p2a: GG's|accuracy|1
|
|-weather|RainDance|[upkeep]
|upkeep
|turn|2
|
|t:|1781076754
|move|p2a: GG's|Supercell Slam|p1a: 工具帽
|-damage|p1a: 工具帽|54/100
|-enditem|p1a: 工具帽|Eject Button
|
|t:|1781076757
|switch|p1a: 最快的男人|Barraskewda, M, shiny|100/100
|
|-weather|RainDance|[upkeep]
|upkeep
|turn|3
|
|t:|1781076760
|-terastallize|p1a: 最快的男人|Water
|move|p1a: 最快的男人|Flip Turn|p2a: GG's
|-damage|p2a: GG's|29/100
|
|t:|1781076764
|switch|p1a: 工具象|Iron Treads|100/100|[from] Flip Turn
|-item|p1a: 工具象|Air Balloon
|move|p2a: GG's|Supercell Slam|p1a: 工具象
|-immune|p1a: 工具象
|-damage|p2a: GG's|0 fnt|[from] supercellslam
|faint|p2a: GG's
|
|-weather|RainDance|[upkeep]
|upkeep
|
|t:|1781076793
|switch|p2a: Deoxys|Deoxys-Speed|100/100
|-ability|p2a: Deoxys|Pressure
|turn|4
|
|t:|1781076799
|-end|p1a: 工具象|Quark Drive|[silent]
|switch|p1a: 工具帽|Hatterene, F, shiny|54/100
|move|p2a: Deoxys|Taunt|p1a: 工具帽
|move|p1a: 工具帽|Taunt|p2a: Deoxys|[from] ability: Magic Bounce
|-start|p2a: Deoxys|move: Taunt
|
|-weather|RainDance|[upkeep]
|upkeep
|turn|5
|
|t:|1781076809
|switch|p2a: Pecharunt|Pecharunt|100/100
|move|p1a: 工具帽|Nuzzle|p2a: Pecharunt
|-damage|p2a: Pecharunt|98/100
|-status|p2a: Pecharunt|par
|
|-weather|RainDance|[upkeep]
|upkeep
|turn|6
|
|t:|1781076814
|switch|p1a: 雷电士兵|Raging Bolt|100/100
|move|p2a: Pecharunt|Shadow Ball|p1a: 雷电士兵
|-damage|p1a: 雷电士兵|85/100
|-unboost|p1a: 雷电士兵|spd|1
|
|-weather|RainDance|[upkeep]
|upkeep
|turn|7
|
|t:|1781076818
|move|p1a: 雷电士兵|Weather Ball|p2a: Pecharunt
|-damage|p2a: Pecharunt|42/100 par
|cant|p2a: Pecharunt|par
|
|-weather|RainDance|[upkeep]
|upkeep
|turn|8
|
|t:|1781076824
|move|p1a: 雷电士兵|Volt Switch|p2a: Pecharunt
|-damage|p2a: Pecharunt|0 fnt
|faint|p2a: Pecharunt
|
|t:|1781076828
|-end|p1a: 雷电士兵|Protosynthesis|[silent]
|switch|p1a: 最快的男人|Barraskewda, M, shiny, tera:Water|100/100|[from] Volt Switch
|
|-weather|none
|upkeep
|
|t:|1781076832
|switch|p2a: Dragonite|Dragonite, M|100/100
|turn|9
|
|t:|1781076837
|move|p1a: 最快的男人|Flip Turn|p2a: Dragonite
|-resisted|p2a: Dragonite
|-damage|p2a: Dragonite|82/100
|
|t:|1781076839
|switch|p1a: 工具象|Iron Treads|100/100|[from] Flip Turn
|-item|p1a: 工具象|Air Balloon
|move|p2a: Dragonite|Dragon Dance|p2a: Dragonite
|-boost|p2a: Dragonite|atk|1
|-boost|p2a: Dragonite|spe|1
|
|upkeep
|turn|10
|
|t:|1781076844
|move|p2a: Dragonite|Extreme Speed|p1a: 工具象
|-resisted|p1a: 工具象
|-crit|p1a: 工具象
|-damage|p1a: 工具象|69/100
|-enditem|p1a: 工具象|Air Balloon
|move|p1a: 工具象|Ice Spinner|p2a: Dragonite
|-supereffective|p2a: Dragonite
|-damage|p2a: Dragonite|0 fnt
|faint|p2a: Dragonite
|
|upkeep
|
|t:|1781076854
|switch|p2a: Deoxys|Deoxys-Speed|100/100
|-ability|p2a: Deoxys|Pressure
|turn|11
|
|t:|1781076857
|-end|p1a: 工具象|Quark Drive|[silent]
|switch|p1a: 工具帽|Hatterene, F, shiny|54/100
|move|p2a: Deoxys|Reflect|p2a: Deoxys
|-sidestart|p2: Rextrox|Reflect
|
|upkeep
|turn|12
|
|t:|1781076865
|switch|p2a: Iron Valiant|Iron Valiant|100/100
|-enditem|p2a: Iron Valiant|Booster Energy
|-activate|p2a: Iron Valiant|ability: Quark Drive|[fromitem]
|-start|p2a: Iron Valiant|quarkdrivespe
|move|p1a: 工具帽|Nuzzle|p2a: Iron Valiant
|-damage|p2a: Iron Valiant|98/100
|-status|p2a: Iron Valiant|par
|
|upkeep
|turn|13
|
|t:|1781076872
|switch|p1a: Pelipper|Pelipper, F, shiny|100/100
|-weather|RainDance|[from] ability: Drizzle|[of] p1a: Pelipper
|move|p2a: Iron Valiant|Calm Mind|p2a: Iron Valiant
|-boost|p2a: Iron Valiant|spa|1
|-boost|p2a: Iron Valiant|spd|1
|
|-weather|RainDance|[upkeep]
|upkeep
|turn|14
|
|t:|1781076880
|move|p2a: Iron Valiant|Moonblast|p1a: Pelipper
|-damage|p1a: Pelipper|5/100
|move|p1a: Pelipper|U-turn|p2a: Iron Valiant
|-resisted|p2a: Iron Valiant
|-damage|p2a: Iron Valiant|96/100 par
|
|t:|1781076882
|switch|p1a: 疾风之翼！|Talonflame, F, shiny|100/100|[from] U-turn
|
|-weather|RainDance|[upkeep]
|upkeep
|turn|15
|
|t:|1781076886
|move|p1a: 疾风之翼！|Hurricane|p2a: Iron Valiant
|-supereffective|p2a: Iron Valiant
|-damage|p2a: Iron Valiant|0 fnt
|faint|p2a: Iron Valiant
|-end|p2a: Iron Valiant|Quark Drive|[silent]
|
|-weather|RainDance|[upkeep]
|upkeep
|
|t:|1781076889
|switch|p2a: Deoxys|Deoxys-Speed|100/100
|-ability|p2a: Deoxys|Pressure
|turn|16
|
|t:|1781076892
|switch|p1a: 工具帽|Hatterene, F, shiny|54/100
|move|p2a: Deoxys|Light Screen|p2a: Deoxys
|-sidestart|p2: Rextrox|move: Light Screen
|
|-weather|RainDance|[upkeep]
|upkeep
|turn|17
|
|t:|1781076895
|move|p2a: Deoxys|Taunt|p1a: 工具帽
|move|p1a: 工具帽|Taunt|p2a: Deoxys|[from] ability: Magic Bounce
|-start|p2a: Deoxys|move: Taunt
|move|p1a: 工具帽|Nuzzle|p2a: Deoxys
|-damage|p2a: Deoxys|98/100
|-status|p2a: Deoxys|par
|
|-weather|RainDance|[upkeep]
|upkeep
|turn|18
|
|t:|1781076898
|-activate|p2a: Deoxys|move: Struggle
|move|p2a: Deoxys|Struggle|p1a: 工具帽
|-damage|p1a: 工具帽|47/100
|-damage|p2a: Deoxys|73/100 par|[from] recoil
|move|p1a: 工具帽|Nuzzle|p2a: Deoxys
|-damage|p2a: Deoxys|70/100 par
|
|-weather|RainDance|[upkeep]
|-sideend|p2: Rextrox|Reflect
|upkeep
|turn|19
|
|t:|1781076900
|-activate|p2a: Deoxys|move: Struggle
|move|p2a: Deoxys|Struggle|p1a: 工具帽
|-damage|p1a: 工具帽|39/100
|-damage|p2a: Deoxys|45/100 par|[from] recoil
|move|p1a: 工具帽|Nuzzle|p2a: Deoxys
|-damage|p2a: Deoxys|40/100 par
|
|-weather|RainDance|[upkeep]
|upkeep
|turn|20
|
|t:|1781076903
|-activate|p2a: Deoxys|move: Struggle
|move|p2a: Deoxys|Struggle|p1a: 工具帽
|-damage|p1a: 工具帽|31/100
|-damage|p2a: Deoxys|15/100 par|[from] recoil
|move|p1a: 工具帽|Nuzzle|p2a: Deoxys
|-damage|p2a: Deoxys|10/100 par
|
|-weather|none
|-end|p2a: Deoxys|move: Taunt
|upkeep
|turn|21
|
|t:|1781076908
|move|p2a: Deoxys|Reflect|p2a: Deoxys
|-sidestart|p2: Rextrox|Reflect
|move|p1a: 工具帽|Nuzzle|p2a: Deoxys
|-damage|p2a: Deoxys|7/100 par
|
|upkeep
|turn|22
|
|t:|1781076913
|move|p2a: Deoxys|Taunt|p1a: 工具帽
|move|p1a: 工具帽|Taunt|p2a: Deoxys|[from] ability: Magic Bounce
|-start|p2a: Deoxys|move: Taunt
|move|p1a: 工具帽|Nuzzle|p2a: Deoxys
|-damage|p2a: Deoxys|4/100 par
|
|upkeep
|turn|23
|
|t:|1781076919
|-activate|p2a: Deoxys|move: Struggle
|move|p2a: Deoxys|Struggle|p1a: 工具帽
|-damage|p1a: 工具帽|24/100
|-damage|p2a: Deoxys|0 fnt|[from] recoil
|faint|p2a: Deoxys
|move|p1a: 工具帽|Nuzzle|p2: Deoxys|[notarget]
|-fail|p1a: 工具帽
|
|-sideend|p2: Rextrox|move: Light Screen
|upkeep
|
|t:|1781076921
|switch|p2a: Kingambit|Kingambit, M|100/100
|-activate|p2a: Kingambit|ability: Supreme Overlord
|-start|p2a: Kingambit|fallen5|[silent]
|turn|24
|
|t:|1781076932
|move|p2a: Kingambit|Kowtow Cleave|p1a: 工具帽
|-damage|p1a: 工具帽|0 fnt
|faint|p1a: 工具帽
|
|upkeep
|
|t:|1781076935
|switch|p1a: Pelipper|Pelipper, F, shiny|5/100
|-weather|RainDance|[from] ability: Drizzle|[of] p1a: Pelipper
|turn|25
|
|t:|1781076939
|move|p2a: Kingambit|Sucker Punch|p1a: Pelipper
|-damage|p1a: Pelipper|0 fnt
|faint|p1a: Pelipper
|
|-weather|RainDance|[upkeep]
|upkeep
|
|t:|1781076944
|switch|p1a: 雷电士兵|Raging Bolt|85/100
|turn|26
|
|t:|1781076950
|move|p1a: 雷电士兵|Weather Ball|p2a: Kingambit
|-damage|p2a: Kingambit|44/100
|move|p2a: Kingambit|Swords Dance|p2a: Kingambit
|-boost|p2a: Kingambit|atk|2
|
|-weather|RainDance|[upkeep]
|upkeep
|turn|27
|
|t:|1781076953
|move|p1a: 雷电士兵|Thunderclap|p2a: Kingambit
|-damage|p2a: Kingambit|3/100
|move|p2a: Kingambit|Sucker Punch||[still]
|-fail|p2a: Kingambit
|
|-weather|RainDance|[upkeep]
|upkeep
|turn|28
|
|t:|1781076957
|move|p1a: 雷电士兵|Weather Ball|p2a: Kingambit
|-damage|p2a: Kingambit|0 fnt
|faint|p2a: Kingambit
|-end|p2a: Kingambit|fallen5|[silent]
|
|win|lianxiaonian
|raw|lianxiaonian's rating: 1657 &rarr; <strong>1672</strong><br />(+15 for winning)
|raw|Rextrox's rating: 1565 &rarr; <strong>1550</strong><br />(-15 for losing)
|l|☆lianxiaonian
|player|p1|
|l|☆Rextrox
|player|p2|
