|j|☆jd2sleepy
|j|☆billythekid95
|t:|1781569392
|gametype|singles
|player|p1|jd2sleepy|blackbelt-gen4dp|1675
|player|p2|billythekid95|169|1710
|gen|9
|tier|[Gen 9] OU
|rated|
|rule|HP Percentage Mod: HP is shown in percentages
|rule|Endless Battle Clause: Forcing endless battles is banned
|rule|Species Clause: Limit one of each Pokémon
|rule|OHKO Clause: OHKO moves are banned
|rule|Evasion Items Clause: Evasion items are banned
|rule|Evasion Moves Clause: Evasion moves are banned
|rule|Evasion Abilities Clause: Evasion abilities are banned
|rule|Sleep Moves Clause: Sleep-inducing moves are banned
|clearpoke
|poke|p1|Excadrill, M|
|poke|p1|Gholdengo|
|poke|p1|Kingambit, F|
|poke|p1|Zoroark-Hisui, F|
|poke|p1|Iron Valiant|
|poke|p1|Ogerpon-Wellspring, F|
|poke|p2|Walking Wake|
|poke|p2|Ribombee, F|
|poke|p2|Gholdengo|
|poke|p2|Torkoal, M|
|poke|p2|Great Tusk|
|poke|p2|Ceruledge, F|
|teampreview
|
|t:|1781569399
|teamsize|p1|6
|teamsize|p2|6
|start
|switch|p1a: OnThatExca|Excadrill, M|100/100
|switch|p2a: Ribombee|Ribombee, F|100/100
|-ability|p1a: OnThatExca|Mold Breaker
|turn|1
|
|t:|1781569405
|move|p2a: Ribombee|Stun Spore|p1a: OnThatExca|[miss]
|-miss|p2a: Ribombee|p1a: OnThatExca
|move|p1a: OnThatExca|Rapid Spin|p2a: Ribombee
|-damage|p2a: Ribombee|71/100
|-boost|p1a: OnThatExca|spe|1
|
|upkeep
|turn|2
|c|☆billythekid95|.......
|
|t:|1781569412
|switch|p2a: Great Tusk|Great Tusk|100/100
|move|p1a: OnThatExca|Steel Beam|p2a: Great Tusk
|-damage|p2a: Great Tusk|79/100
|-damage|p1a: OnThatExca|50/100|[from] steelbeam
|
|upkeep
|turn|3
|
|t:|1781569433
|-terastallize|p1a: OnThatExca|Ghost
|move|p1a: OnThatExca|Earthquake|p2a: Great Tusk
|-damage|p2a: Great Tusk|53/100
|move|p2a: Great Tusk|Earthquake|p1a: OnThatExca
|-damage|p1a: OnThatExca|0 fnt
|faint|p1a: OnThatExca
|
|upkeep
|
|t:|1781569442
|switch|p1a: Valiant Effort|Iron Valiant|100/100
|-enditem|p1a: Valiant Effort|Booster Energy
|-activate|p1a: Valiant Effort|ability: Quark Drive|[fromitem]
|-start|p1a: Valiant Effort|quarkdrivespe
|turn|4
|
|t:|1781569449
|move|p1a: Valiant Effort|Knock Off|p2a: Great Tusk
|-resisted|p2a: Great Tusk
|-damage|p2a: Great Tusk|45/100
|-enditem|p2a: Great Tusk|Assault Vest|[from] move: Knock Off|[of] p1a: Valiant Effort
|move|p2a: Great Tusk|Earthquake|p1a: Valiant Effort
|-damage|p1a: Valiant Effort|44/100
|
|upkeep
|turn|5
|
|t:|1781569456
|move|p1a: Valiant Effort|Moonblast|p2a: Great Tusk
|-supereffective|p2a: Great Tusk
|-damage|p2a: Great Tusk|0 fnt
|faint|p2a: Great Tusk
|-end|p2a: Great Tusk|Protosynthesis|[silent]
|
|upkeep
|
|t:|1781569468
|switch|p2a: Gholdengo|Gholdengo|100/100
|turn|6
|
|t:|1781569472
|move|p1a: Valiant Effort|Destiny Bond|p1a: Valiant Effort
|-singlemove|p1a: Valiant Effort|Destiny Bond
|move|p2a: Gholdengo|Make It Rain|p1a: Valiant Effort
|-supereffective|p1a: Valiant Effort
|-damage|p1a: Valiant Effort|0 fnt
|-unboost|p2a: Gholdengo|spa|1
|faint|p1a: Valiant Effort
|-activate|p1a: Valiant Effort|move: Destiny Bond
|-end|p1a: Valiant Effort|Quark Drive|[silent]
|faint|p2a: Gholdengo
|
|upkeep
|
|t:|1781569484
|switch|p1a: Dengos Domain|Gholdengo|100/100
|switch|p2a: Torkoal|Torkoal, M|100/100
|-weather|SunnyDay|[from] ability: Drought|[of] p2a: Torkoal
|turn|7
|
|t:|1781569490
|move|p1a: Dengos Domain|Shadow Ball|p2a: Torkoal
|-damage|p2a: Torkoal|64/100
|move|p2a: Torkoal|Stealth Rock|p1a: Dengos Domain
|-sidestart|p1: jd2sleepy|move: Stealth Rock
|
|-weather|SunnyDay|[upkeep]
|upkeep
|turn|8
|
|t:|1781569496
|move|p1a: Dengos Domain|Shadow Ball|p2a: Torkoal
|-damage|p2a: Torkoal|23/100
|-unboost|p2a: Torkoal|spd|1
|move|p2a: Torkoal|Lava Plume|p1a: Dengos Domain
|-supereffective|p1a: Dengos Domain
|-damage|p1a: Dengos Domain|9/100
|
|-weather|SunnyDay|[upkeep]
|upkeep
|turn|9
|
|t:|1781569503
|move|p1a: Dengos Domain|Shadow Ball|p2a: Torkoal
|-damage|p2a: Torkoal|0 fnt
|faint|p2a: Torkoal
|
|-weather|SunnyDay|[upkeep]
|upkeep
|
|t:|1781569508
|switch|p2a: Ceruledge|Ceruledge, F|100/100
|turn|10
|
|t:|1781569511
|move|p2a: Ceruledge|Shadow Sneak|p1a: Dengos Domain
|-supereffective|p1a: Dengos Domain
|-damage|p1a: Dengos Domain|0 fnt
|faint|p1a: Dengos Domain
|
|-weather|SunnyDay|[upkeep]
|upkeep
|
|t:|1781569522
|switch|p1a: Cudge Judy|Ogerpon-Wellspring, F|100/100
|-damage|p1a: Cudge Judy|88/100|[from] Stealth Rock
|turn|11
|
|t:|1781569526
|move|p1a: Cudge Judy|Poltergeist|p2a: Ceruledge
|-activate|p2a: Ceruledge|move: Poltergeist|Focus Sash
|-supereffective|p2a: Ceruledge
|-enditem|p2a: Ceruledge|Focus Sash
|-damage|p2a: Ceruledge|1/100
|-ability|p2a: Ceruledge|Weak Armor|boost
|-unboost|p2a: Ceruledge|def|1
|-boost|p2a: Ceruledge|spe|2
|-damage|p1a: Cudge Judy|78/100|[from] item: Life Orb
|move|p2a: Ceruledge|Bitter Blade|p1a: Cudge Judy
|-damage|p1a: Cudge Judy|0 fnt
|-heal|p2a: Ceruledge|35/100|[from] drain|[of] p1a: Cudge Judy
|replace|p1a: Zoro's Ark|Zoroark-Hisui, F
|-end|p1a: Zoro's Ark|Illusion
|faint|p1a: Zoro's Ark
|
|-weather|SunnyDay|[upkeep]
|upkeep
|
|t:|1781569529
|switch|p1a: 平和|Kingambit, F|100/100
|-damage|p1a: 平和|94/100|[from] Stealth Rock
|-activate|p1a: 平和|ability: Supreme Overlord
|-start|p1a: 平和|fallen4|[silent]
|-item|p1a: 平和|Air Balloon
|turn|12
|
|t:|1781569545
|move|p2a: Ceruledge|Bitter Blade|p1a: 平和
|-supereffective|p1a: 平和
|-damage|p1a: 平和|0 fnt
|-heal|p2a: Ceruledge|90/100|[from] drain|[of] p1a: 平和
|-enditem|p1a: 平和|Air Balloon
|faint|p1a: 平和
|-end|p1a: 平和|fallen4|[silent]
|
|-weather|SunnyDay|[upkeep]
|upkeep
|-message|jd2sleepy forfeited.
|
|win|billythekid95
|raw|jd2sleepy's rating: 1675 &rarr; <strong>1657</strong><br />(-18 for losing)
|raw|billythekid95's rating: 1710 &rarr; <strong>1728</strong><br />(+18 for winning)
|l|☆jd2sleepy
|player|p1|
|l|☆billythekid95
|player|p2|
