|j|☆kingofdondons
|j|☆Jsparxs
|t:|1781384507
|gametype|singles
|player|p1|kingofdondons|skyla|1720
|player|p2|Jsparxs|1|1636
|gen|9
|tier|[Gen 9] OU
|rated|
|rule|HP Percentage Mod: HP is shown in percentages
|rule|Endless Battle Clause: Forcing endless battles is banned
|rule|Species Clause: Limit one of each Pokémon
|rule|OHKO Clause: OHKO moves are banned
|rule|Evasion Items Clause: Evasion items are banned
|rule|Evasion Moves Clause: Evasion moves are banned
|rule|Evasion Abilities Clause: Evasion abilities are banned
|rule|Sleep Moves Clause: Sleep-inducing moves are banned
|clearpoke
|poke|p1|Dragonite, M|
|poke|p1|Ting-Lu|
|poke|p1|Iron Moth|
|poke|p1|Iron Valiant|
|poke|p1|Kyurem|
|poke|p1|Gholdengo|
|poke|p2|Great Tusk|
|poke|p2|Zamazenta-*|
|poke|p2|Iron Valiant|
|poke|p2|Gallade, M|
|poke|p2|Kommo-o, F|
|poke|p2|Okidogi, M|
|teampreview
|inactive|Battle timer is ON: inactive players will automatically lose when time's up. (requested by kingofdondons)
|c|☆Jsparxs|glhf
|
|t:|1781384524
|teamsize|p1|6
|teamsize|p2|6
|start
|switch|p1a: Kyurem|Kyurem|100/100
|switch|p2a: Gallade|Gallade, M|100/100
|-ability|p1a: Kyurem|Pressure
|turn|1
|
|t:|1781384534
|switch|p1a: Ting-Lu|Ting-Lu|100/100
|-ability|p1a: Ting-Lu|Vessel of Ruin
|move|p2a: Gallade|Sacred Sword|p1a: Ting-Lu
|-supereffective|p1a: Ting-Lu
|-damage|p1a: Ting-Lu|11/100
|-damage|p2a: Gallade|84/100|[from] item: Rocky Helmet|[of] p1a: Ting-Lu
|
|upkeep
|turn|2
|
|t:|1781384540
|move|p1a: Ting-Lu|Earthquake|p2a: Gallade
|-damage|p2a: Gallade|11/100
|move|p2a: Gallade|Sacred Sword|p1a: Ting-Lu
|-supereffective|p1a: Ting-Lu
|-damage|p1a: Ting-Lu|0 fnt
|-damage|p2a: Gallade|0 fnt|[from] item: Rocky Helmet|[of] p1a: Ting-Lu
|faint|p1a: Ting-Lu
|faint|p2a: Gallade
|
|upkeep
|
|t:|1781384553
|switch|p1a: Iron Moth|Iron Moth|100/100
|switch|p2a: Okidogi|Okidogi, M|100/100
|-enditem|p1a: Iron Moth|Booster Energy
|-activate|p1a: Iron Moth|ability: Quark Drive|[fromitem]
|-start|p1a: Iron Moth|quarkdrivespe
|turn|3
|
|t:|1781384562
|move|p1a: Iron Moth|Fiery Dance|p2a: Okidogi
|-damage|p2a: Okidogi|62/100
|-boost|p1a: Iron Moth|spa|1
|move|p2a: Okidogi|Crunch|p1a: Iron Moth
|-damage|p1a: Iron Moth|57/100
|
|upkeep
|turn|4
|
|t:|1781384573
|move|p1a: Iron Moth|Fiery Dance|p2a: Okidogi
|-crit|p2a: Okidogi
|-damage|p2a: Okidogi|0 fnt
|faint|p2a: Okidogi
|
|upkeep
|inactive|Jsparxs has 120 seconds left.
|
|t:|1781384600
|switch|p2a: Iron Valiant|Iron Valiant|100/100
|-enditem|p2a: Iron Valiant|Booster Energy
|-activate|p2a: Iron Valiant|ability: Quark Drive|[fromitem]
|-start|p2a: Iron Valiant|quarkdrivespe
|turn|5
|inactive|Jsparxs has 120 seconds left.
|j| Agathina
|
|t:|1781384612
|move|p2a: Iron Valiant|Destiny Bond|p2a: Iron Valiant
|-singlemove|p2a: Iron Valiant|Destiny Bond
|move|p1a: Iron Moth|Fiery Dance|p2a: Iron Valiant
|-damage|p2a: Iron Valiant|0 fnt
|-boost|p1a: Iron Moth|spa|1
|faint|p2a: Iron Valiant
|-activate|p2a: Iron Valiant|move: Destiny Bond
|-end|p2a: Iron Valiant|Quark Drive|[silent]
|faint|p1a: Iron Moth
|-end|p1a: Iron Moth|Quark Drive|[silent]
|
|upkeep
|inactive|Jsparxs has 120 seconds left.
|
|t:|1781384641
|switch|p2a: Kommo-o|Kommo-o, F|100/100
|switch|p1a: Iron Valiant|Iron Valiant|100/100
|-enditem|p1a: Iron Valiant|Booster Energy
|-activate|p1a: Iron Valiant|ability: Quark Drive|[fromitem]
|-start|p1a: Iron Valiant|quarkdrivespe
|turn|6
|
|t:|1781384653
|-terastallize|p2a: Kommo-o|Fire
|move|p1a: Iron Valiant|Knock Off|p2a: Kommo-o
|-damage|p2a: Kommo-o|65/100
|-enditem|p2a: Kommo-o|Throat Spray|[from] move: Knock Off|[of] p1a: Iron Valiant
|move|p2a: Kommo-o|Flamethrower|p1a: Iron Valiant
|-damage|p1a: Iron Valiant|36/100
|
|upkeep
|turn|7
|
|t:|1781384662
|move|p1a: Iron Valiant|Close Combat|p2a: Kommo-o
|-damage|p2a: Kommo-o|6/100
|-unboost|p1a: Iron Valiant|def|1
|-unboost|p1a: Iron Valiant|spd|1
|move|p2a: Kommo-o|Flamethrower|p1a: Iron Valiant
|-damage|p1a: Iron Valiant|0 fnt
|faint|p1a: Iron Valiant
|-end|p1a: Iron Valiant|Quark Drive|[silent]
|
|upkeep
|
|t:|1781384668
|switch|p1a: Gholdengo|Gholdengo|100/100
|turn|8
|
|t:|1781384671
|move|p1a: Gholdengo|Dazzling Gleam|p2a: Kommo-o
|-resisted|p2a: Kommo-o
|-damage|p2a: Kommo-o|0 fnt
|faint|p2a: Kommo-o
|
|upkeep
|inactive|Jsparxs has 120 seconds left.
|
|t:|1781384682
|switch|p2a: Zamazenta|Zamazenta|100/100
|-ability|p2a: Zamazenta|Dauntless Shield|boost
|-boost|p2a: Zamazenta|def|1
|turn|9
|inactive|Jsparxs has 120 seconds left.
|
|t:|1781384690
|-terastallize|p1a: Gholdengo|Fairy
|move|p1a: Gholdengo|Dazzling Gleam|p2a: Zamazenta
|-supereffective|p2a: Zamazenta
|-damage|p2a: Zamazenta|27/100
|move|p2a: Zamazenta|Crunch|p1a: Gholdengo
|-resisted|p1a: Gholdengo
|-damage|p1a: Gholdengo|87/100
|-unboost|p1a: Gholdengo|def|1
|
|-heal|p2a: Zamazenta|33/100|[from] item: Leftovers
|upkeep
|turn|10
|
|t:|1781384697
|move|p1a: Gholdengo|Dazzling Gleam|p2a: Zamazenta
|-supereffective|p2a: Zamazenta
|-damage|p2a: Zamazenta|0 fnt
|faint|p2a: Zamazenta
|
|upkeep
|
|t:|1781384699
|switch|p2a: Great Tusk|Great Tusk|100/100
|-enditem|p2a: Great Tusk|Booster Energy
|-activate|p2a: Great Tusk|ability: Protosynthesis|[fromitem]
|-start|p2a: Great Tusk|protosynthesisatk
|turn|11
|
|t:|1781384703
|move|p1a: Gholdengo|Dazzling Gleam|p2a: Great Tusk
|-supereffective|p2a: Great Tusk
|-damage|p2a: Great Tusk|0 fnt
|faint|p2a: Great Tusk
|-end|p2a: Great Tusk|Protosynthesis|[silent]
|
|win|kingofdondons
|raw|kingofdondons's rating: 1720 &rarr; <strong>1735</strong><br />(+15 for winning)
|raw|Jsparxs's rating: 1636 &rarr; <strong>1621</strong><br />(-15 for losing)
|l|☆Jsparxs
|player|p2|
|j| lowladderubersnoob
|l| lowladderubersnoob
