|j|☆conwynaut
|j|☆pyxr
|t:|1780977852
|gametype|singles
|player|p1|conwynaut|1|1539
|player|p2|pyxr|boarder|1494
|gen|9
|tier|[Gen 9] OU
|rated|
|rule|HP Percentage Mod: HP is shown in percentages
|rule|Endless Battle Clause: Forcing endless battles is banned
|rule|Species Clause: Limit one of each Pokémon
|rule|OHKO Clause: OHKO moves are banned
|rule|Evasion Items Clause: Evasion items are banned
|rule|Evasion Moves Clause: Evasion moves are banned
|rule|Evasion Abilities Clause: Evasion abilities are banned
|rule|Sleep Moves Clause: Sleep-inducing moves are banned
|clearpoke
|poke|p1|Weezing-Galar, M|
|poke|p1|Alomomola, M|
|poke|p1|Iron Treads|
|poke|p1|Tornadus-Therian, M|
|poke|p1|Zamazenta-*|
|poke|p1|Lokix, M|
|poke|p2|Moltres-Galar|
|poke|p2|Gholdengo|
|poke|p2|Samurott-Hisui, F|
|poke|p2|Smeargle, M|
|poke|p2|Zamazenta-*|
|poke|p2|Deoxys-Speed|
|teampreview
|inactive|Battle timer is ON: inactive players will automatically lose when time's up. (requested by conwynaut)
|
|t:|1780977870
|teamsize|p1|6
|teamsize|p2|6
|start
|switch|p1a: Lokix|Lokix, M|100/100
|switch|p2a: Deoxys|Deoxys-Speed|100/100
|-ability|p2a: Deoxys|Pressure
|turn|1
|
|t:|1780977878
|move|p1a: Lokix|First Impression|p2a: Deoxys
|-supereffective|p2a: Deoxys
|-damage|p2a: Deoxys|0 fnt
|faint|p2a: Deoxys
|
|upkeep
|
|t:|1780977888
|switch|p2a: Moltres|Moltres-Galar|100/100
|turn|2
|
|t:|1780977895
|switch|p1a: Weezing|Weezing-Galar, M|100/100
|-ability|p1a: Weezing|Neutralizing Gas
|move|p2a: Moltres|Agility|p2a: Moltres
|-boost|p2a: Moltres|spe|2
|
|upkeep
|turn|3
|
|t:|1780977906
|move|p2a: Moltres|Nasty Plot|p2a: Moltres
|-boost|p2a: Moltres|spa|2
|move|p1a: Weezing|Toxic|p2a: Moltres
|-status|p2a: Moltres|tox
|
|-damage|p2a: Moltres|94/100 tox|[from] psn
|upkeep
|turn|4
|
|t:|1780977921
|move|p1a: Weezing|Protect|p1a: Weezing
|-singleturn|p1a: Weezing|Protect
|move|p2a: Moltres|Hurricane|p1a: Weezing
|-activate|p1a: Weezing|move: Protect
|
|-damage|p2a: Moltres|82/100 tox|[from] psn
|upkeep
|turn|5
|inactive|pyxr has 120 seconds left.
|
|t:|1780977951
|move|p1a: Weezing|Protect||[still]
|-fail|p1a: Weezing
|move|p2a: Moltres|Hurricane|p1a: Weezing
|-damage|p1a: Weezing|0 fnt
|faint|p1a: Weezing
|-end|p1a: Weezing|ability: Neutralizing Gas
|
|-damage|p2a: Moltres|63/100 tox|[from] psn
|upkeep
|inactive|conwynaut has 120 seconds left.
|
|t:|1780977971
|switch|p1a: Iron Treads|Iron Treads|100/100
|turn|6
|
|t:|1780977986
|move|p2a: Moltres|Fiery Wrath|p1a: Iron Treads
|-damage|p1a: Iron Treads|13/100
|cant|p1a: Iron Treads|flinch
|
|-heal|p1a: Iron Treads|19/100|[from] item: Leftovers
|-damage|p2a: Moltres|39/100 tox|[from] psn
|upkeep
|-enditem|p2a: Moltres|Sitrus Berry|[eat]
|-heal|p2a: Moltres|64/100 tox|[from] item: Sitrus Berry
|turn|7
|inactive|conwynaut has 120 seconds left.
|
|t:|1780978005
|move|p2a: Moltres|Fiery Wrath|p1a: Iron Treads
|-damage|p1a: Iron Treads|0 fnt
|faint|p1a: Iron Treads
|-end|p1a: Iron Treads|Quark Drive|[silent]
|
|-damage|p2a: Moltres|33/100 tox|[from] psn
|upkeep
|
|t:|1780978012
|switch|p1a: Lokix|Lokix, M|100/100
|turn|8
|inactive|pyxr has 120 seconds left.
|
|t:|1780978041
|move|p1a: Lokix|First Impression|p2a: Moltres
|-damage|p2a: Moltres|0 fnt
|faint|p2a: Moltres
|
|upkeep
|
|t:|1780978045
|switch|p2a: Zamazenta|Zamazenta|100/100
|-ability|p2a: Zamazenta|Dauntless Shield|boost
|-boost|p2a: Zamazenta|def|1
|turn|9
|
|t:|1780978051
|switch|p1a: Tornadus|Tornadus-Therian, M|100/100
|move|p2a: Zamazenta|Iron Defense|p2a: Zamazenta
|-boost|p2a: Zamazenta|def|2
|
|upkeep
|turn|10
|
|t:|1780978060
|move|p2a: Zamazenta|Body Press|p1a: Tornadus
|-resisted|p1a: Tornadus
|-damage|p1a: Tornadus|48/100
|move|p1a: Tornadus|Bleakwind Storm|p2a: Zamazenta
|-supereffective|p2a: Zamazenta
|-damage|p2a: Zamazenta|26/100
|
|-heal|p2a: Zamazenta|32/100|[from] item: Leftovers
|upkeep
|turn|11
|
|t:|1780978086
|move|p2a: Zamazenta|Body Press|p1a: Tornadus
|-resisted|p1a: Tornadus
|-damage|p1a: Tornadus|0 fnt
|faint|p1a: Tornadus
|
|-heal|p2a: Zamazenta|38/100|[from] item: Leftovers
|upkeep
|inactive|conwynaut has 120 seconds left.
|
|t:|1780978098
|switch|p1a: Zamazenta|Zamazenta|100/100
|-ability|p1a: Zamazenta|Dauntless Shield|boost
|-boost|p1a: Zamazenta|def|1
|turn|12
|
|t:|1780978104
|move|p2a: Zamazenta|Body Press|p1a: Zamazenta
|-damage|p1a: Zamazenta|37/100
|move|p1a: Zamazenta|Close Combat|p2a: Zamazenta
|-damage|p2a: Zamazenta|6/100
|-unboost|p1a: Zamazenta|def|1
|-unboost|p1a: Zamazenta|spd|1
|
|-heal|p2a: Zamazenta|12/100|[from] item: Leftovers
|upkeep
|turn|13
|
|t:|1780978107
|move|p2a: Zamazenta|Body Press|p1a: Zamazenta
|-damage|p1a: Zamazenta|0 fnt
|faint|p1a: Zamazenta
|
|-heal|p2a: Zamazenta|18/100|[from] item: Leftovers
|upkeep
|
|t:|1780978110
|switch|p1a: Lokix|Lokix, M|100/100
|turn|14
|
|t:|1780978118
|move|p1a: Lokix|First Impression|p2a: Zamazenta
|-resisted|p2a: Zamazenta
|-damage|p2a: Zamazenta|0 fnt
|faint|p2a: Zamazenta
|
|upkeep
|
|t:|1780978133
|switch|p2a: Smeargle|Smeargle, M|100/100
|turn|15
|
|t:|1780978150
|switch|p1a: Alomomola|Alomomola, M|100/100
|move|p2a: Smeargle|No Retreat|p2a: Smeargle
|-boost|p2a: Smeargle|atk|1
|-boost|p2a: Smeargle|def|1
|-boost|p2a: Smeargle|spa|1
|-boost|p2a: Smeargle|spd|1
|-boost|p2a: Smeargle|spe|1
|-start|p2a: Smeargle|move: No Retreat
|
|upkeep
|turn|16
|
|t:|1780978163
|move|p2a: Smeargle|Population Bomb|p1a: Alomomola
|-damage|p1a: Alomomola|94/100
|-damage|p2a: Smeargle|84/100|[from] item: Rocky Helmet|[of] p1a: Alomomola
|-damage|p1a: Alomomola|88/100
|-damage|p2a: Smeargle|67/100|[from] item: Rocky Helmet|[of] p1a: Alomomola
|-damage|p1a: Alomomola|81/100
|-damage|p2a: Smeargle|51/100|[from] item: Rocky Helmet|[of] p1a: Alomomola
|-crit|p1a: Alomomola
|-damage|p1a: Alomomola|72/100
|-damage|p2a: Smeargle|34/100|[from] item: Rocky Helmet|[of] p1a: Alomomola
|-crit|p1a: Alomomola
|-damage|p1a: Alomomola|64/100
|-damage|p2a: Smeargle|18/100|[from] item: Rocky Helmet|[of] p1a: Alomomola
|-damage|p1a: Alomomola|57/100
|-damage|p2a: Smeargle|1/100|[from] item: Rocky Helmet|[of] p1a: Alomomola
|-damage|p1a: Alomomola|51/100
|-damage|p2a: Smeargle|0 fnt|[from] item: Rocky Helmet|[of] p1a: Alomomola
|faint|p2a: Smeargle
|-hitcount|p1a: Alomomola|7
|move|p1a: Alomomola|Flip Turn|p2: Smeargle|[notarget]
|-fail|p1a: Alomomola
|
|upkeep
|
|t:|1780978173
|switch|p2a: Gholdengo|Gholdengo|100/100
|turn|17
|
|t:|1780978180
|move|p1a: Alomomola|Protect|p1a: Alomomola
|-singleturn|p1a: Alomomola|Protect
|move|p2a: Gholdengo|Shadow Ball|p1a: Alomomola
|-activate|p1a: Alomomola|move: Protect
|
|upkeep
|turn|18
|
|t:|1780978185
|move|p2a: Gholdengo|Shadow Ball|p1a: Alomomola
|-crit|p1a: Alomomola
|-damage|p1a: Alomomola|0 fnt
|faint|p1a: Alomomola
|
|upkeep
|
|t:|1780978202
|switch|p1a: Lokix|Lokix, M|100/100
|turn|19
|
|t:|1780978208
|move|p2a: Gholdengo|Shadow Ball|p1a: Lokix
|-resisted|p1a: Lokix
|-damage|p1a: Lokix|61/100
|move|p1a: Lokix|Knock Off|p2a: Gholdengo
|-supereffective|p2a: Gholdengo
|-damage|p2a: Gholdengo|0 fnt
|-enditem|p2a: Gholdengo|Choice Scarf|[from] move: Knock Off|[of] p1a: Lokix
|faint|p2a: Gholdengo
|
|upkeep
|
|t:|1780978211
|switch|p2a: Samurott|Samurott-Hisui, F|100/100
|turn|20
|
|t:|1780978218
|move|p2a: Samurott|Razor Shell|p1a: Lokix
|-damage|p1a: Lokix|0 fnt
|faint|p1a: Lokix
|
|win|pyxr
|raw|conwynaut's rating: 1539 &rarr; <strong>1516</strong><br />(-23 for losing)
|raw|pyxr's rating: 1494 &rarr; <strong>1517</strong><br />(+23 for winning)
|l|☆conwynaut
|player|p1|
|l|☆pyxr
|player|p2|
