|j|☆LowEL0God
|j|☆eros maniac
|t:|1781541579
|gametype|singles
|player|p1|LowEL0God|265|1640
|player|p2|eros maniac|hilbert-wonderlauncher|1701
|gen|9
|tier|[Gen 9] OU
|rated|
|rule|HP Percentage Mod: HP is shown in percentages
|rule|Endless Battle Clause: Forcing endless battles is banned
|rule|Species Clause: Limit one of each Pokémon
|rule|OHKO Clause: OHKO moves are banned
|rule|Evasion Items Clause: Evasion items are banned
|rule|Evasion Moves Clause: Evasion moves are banned
|rule|Evasion Abilities Clause: Evasion abilities are banned
|rule|Sleep Moves Clause: Sleep-inducing moves are banned
|clearpoke
|poke|p1|Pelipper, F|
|poke|p1|Raging Bolt|
|poke|p1|Overqwil, M|
|poke|p1|Barraskewda, F|
|poke|p1|Iron Treads|
|poke|p1|Kingambit, M|
|poke|p2|Frosmoth, F|
|poke|p2|Maushold-Four|
|poke|p2|Krookodile, F|
|poke|p2|Sinistcha|
|poke|p2|Alomomola, F|
|poke|p2|Weezing-Galar, M|
|teampreview
|inactive|Battle timer is ON: inactive players will automatically lose when time's up. (requested by eros maniac)
|c|☆LowEL0God|hf
|inactive|LowEL0God also wants the timer to be on.
|
|t:|1781541586
|teamsize|p1|6
|teamsize|p2|6
|start
|switch|p1a: Kingambit|Kingambit, M|100/100
|switch|p2a: Krookodile|Krookodile, F|100/100
|-ability|p2a: Krookodile|Intimidate|boost
|-unboost|p1a: Kingambit|atk|1
|turn|1
|
|t:|1781541589
|-end|p1a: Kingambit|fallenundefined|[silent]
|switch|p1a: Pelipper|Pelipper, F|100/100
|-weather|RainDance|[from] ability: Drizzle|[of] p1a: Pelipper
|move|p2a: Krookodile|Knock Off|p1a: Pelipper
|-damage|p1a: Pelipper|45/100
|-enditem|p1a: Pelipper|Damp Rock|[from] move: Knock Off|[of] p2a: Krookodile
|
|-weather|RainDance|[upkeep]
|upkeep
|turn|2
|
|t:|1781541592
|switch|p2a: Alomomola|Alomomola, F, shiny|100/100
|move|p1a: Pelipper|Roost|p1a: Pelipper
|-heal|p1a: Pelipper|95/100
|-singleturn|p1a: Pelipper|move: Roost
|
|-weather|RainDance|[upkeep]
|upkeep
|turn|3
|
|t:|1781541594
|move|p2a: Alomomola|Flip Turn|p1a: Pelipper
|-resisted|p1a: Pelipper
|-damage|p1a: Pelipper|85/100
|
|t:|1781541597
|switch|p2a: Frosmoth|Frosmoth, F, shiny|100/100|[from] Flip Turn
|move|p1a: Pelipper|Hurricane|p2a: Frosmoth
|-supereffective|p2a: Frosmoth
|-damage|p2a: Frosmoth|66/100
|
|-weather|RainDance|[upkeep]
|-heal|p2a: Frosmoth|72/100|[from] item: Leftovers
|upkeep
|turn|4
|
|t:|1781541604
|switch|p1a: Kingambit|Kingambit, M|100/100
|move|p2a: Frosmoth|Ice Beam|p1a: Kingambit
|-resisted|p1a: Kingambit
|-damage|p1a: Kingambit|79/100
|
|-weather|RainDance|[upkeep]
|-heal|p2a: Frosmoth|78/100|[from] item: Leftovers
|-heal|p1a: Kingambit|85/100|[from] item: Leftovers
|upkeep
|turn|5
|
|t:|1781541607
|switch|p2a: Krookodile|Krookodile, F|100/100
|-ability|p2a: Krookodile|Intimidate|boost
|-unboost|p1a: Kingambit|atk|1
|move|p1a: Kingambit|Iron Head|p2a: Krookodile
|-damage|p2a: Krookodile|67/100
|
|-weather|RainDance|[upkeep]
|-heal|p1a: Kingambit|92/100|[from] item: Leftovers
|upkeep
|turn|6
|
|t:|1781541612
|-end|p1a: Kingambit|fallenundefined|[silent]
|switch|p1a: Pelipper|Pelipper, F|85/100
|move|p2a: Krookodile|Stealth Rock|p1a: Pelipper
|-sidestart|p1: LowEL0God|move: Stealth Rock
|
|-weather|RainDance|[upkeep]
|upkeep
|turn|7
|
|t:|1781541614
|switch|p2a: Alomomola|Alomomola, F, shiny|100/100
|move|p1a: Pelipper|Hurricane|p2a: Alomomola
|-damage|p2a: Alomomola|71/100
|-start|p2a: Alomomola|confusion
|
|-weather|RainDance|[upkeep]
|upkeep
|turn|8
|
|t:|1781541616
|-activate|p2a: Alomomola|confusion
|-damage|p2a: Alomomola|66/100|[from] confusion
|move|p1a: Pelipper|Hurricane|p2a: Alomomola
|-damage|p2a: Alomomola|33/100
|
|-weather|none
|upkeep
|turn|9
|
|t:|1781541623
|switch|p1a: Kingambit|Kingambit, M|92/100
|-damage|p1a: Kingambit|85/100|[from] Stealth Rock
|-activate|p2a: Alomomola|confusion
|-damage|p2a: Alomomola|28/100|[from] confusion
|
|-heal|p1a: Kingambit|92/100|[from] item: Leftovers
|upkeep
|turn|10
|
|t:|1781541627
|switch|p2a: Krookodile|Krookodile, F|67/100
|-ability|p2a: Krookodile|Intimidate|boost
|-unboost|p1a: Kingambit|atk|1
|move|p1a: Kingambit|Swords Dance|p1a: Kingambit
|-boost|p1a: Kingambit|atk|2
|
|-heal|p1a: Kingambit|98/100|[from] item: Leftovers
|upkeep
|turn|11
|
|t:|1781541630
|-terastallize|p1a: Kingambit|Dark
|move|p2a: Krookodile|Earthquake|p1a: Kingambit
|-damage|p1a: Kingambit|35/100
|move|p1a: Kingambit|Iron Head|p2a: Krookodile
|-crit|p2a: Krookodile
|-damage|p2a: Krookodile|0 fnt
|faint|p2a: Krookodile
|
|-heal|p1a: Kingambit|41/100|[from] item: Leftovers
|upkeep
|
|t:|1781541634
|switch|p2a: Weezing|Weezing-Galar, M|100/100
|-ability|p2a: Weezing|Neutralizing Gas
|turn|12
|
|t:|1781541636
|move|p2a: Weezing|Strange Steam|p1a: Kingambit
|-supereffective|p1a: Kingambit
|-damage|p1a: Kingambit|0 fnt
|faint|p1a: Kingambit
|-end|p1a: Kingambit|fallenundefined|[silent]
|
|upkeep
|
|t:|1781541638
|switch|p1a: Overqwil|Overqwil, M|100/100
|-damage|p1a: Overqwil|88/100|[from] Stealth Rock
|turn|13
|
|t:|1781541641
|move|p1a: Overqwil|Swords Dance|p1a: Overqwil
|-boost|p1a: Overqwil|atk|2
|move|p2a: Weezing|Will-O-Wisp|p1a: Overqwil|[miss]
|-miss|p2a: Weezing|p1a: Overqwil
|
|upkeep
|turn|14
|
|t:|1781541644
|move|p1a: Overqwil|Gunk Shot|p2a: Weezing|[miss]
|-miss|p1a: Overqwil|p2a: Weezing
|move|p2a: Weezing|Will-O-Wisp|p1a: Overqwil
|-status|p1a: Overqwil|brn
|
|-damage|p1a: Overqwil|82/100 brn|[from] brn
|upkeep
|turn|15
|
|t:|1781541647
|move|p1a: Overqwil|Gunk Shot|p2a: Weezing
|-damage|p2a: Weezing|37/100
|-damage|p1a: Overqwil|73/100 brn|[from] item: Life Orb
|move|p2a: Weezing|Strange Steam|p1a: Overqwil
|-damage|p1a: Overqwil|28/100 brn
|-start|p1a: Overqwil|confusion
|
|-damage|p1a: Overqwil|22/100 brn|[from] brn
|upkeep
|turn|16
|
|t:|1781541651
|-activate|p1a: Overqwil|confusion
|move|p1a: Overqwil|Gunk Shot|p2a: Weezing
|-damage|p2a: Weezing|0 fnt
|faint|p2a: Weezing
|-end|p2a: Weezing|ability: Neutralizing Gas
|-damage|p1a: Overqwil|12/100 brn|[from] item: Life Orb
|
|-damage|p1a: Overqwil|6/100 brn|[from] brn
|upkeep
|
|t:|1781541653
|switch|p2a: Maushold|Maushold-Four|100/100
|turn|17
|
|t:|1781541655
|move|p2a: Maushold|Population Bomb|p1a: Overqwil
|-damage|p1a: Overqwil|0 fnt
|faint|p1a: Overqwil
|-hitcount|p1: Overqwil|1
|
|upkeep
|
|t:|1781541655
|switch|p1a: Iron Treads|Iron Treads|100/100
|-damage|p1a: Iron Treads|97/100|[from] Stealth Rock
|-enditem|p1a: Iron Treads|Booster Energy
|-activate|p1a: Iron Treads|ability: Quark Drive|[fromitem]
|-start|p1a: Iron Treads|quarkdrivespe
|turn|18
|
|t:|1781541658
|switch|p2a: Sinistcha|Sinistcha, shiny|100/100
|move|p1a: Iron Treads|Earth Power|p2a: Sinistcha
|-resisted|p2a: Sinistcha
|-crit|p2a: Sinistcha
|-damage|p2a: Sinistcha|71/100
|
|upkeep
|turn|19
|
|t:|1781541662
|switch|p2a: Frosmoth|Frosmoth, F, shiny|78/100
|move|p1a: Iron Treads|Earth Power|p2a: Frosmoth
|-resisted|p2a: Frosmoth
|-damage|p2a: Frosmoth|71/100
|
|-heal|p2a: Frosmoth|77/100|[from] item: Leftovers
|upkeep
|turn|20
|
|t:|1781541672
|-terastallize|p2a: Frosmoth|Electric
|move|p1a: Iron Treads|Rapid Spin|p2a: Frosmoth
|-damage|p2a: Frosmoth|62/100
|-boost|p1a: Iron Treads|spe|1
|-sideend|p1: LowEL0God|Stealth Rock|[from] move: Rapid Spin|[of] p1a: Iron Treads
|move|p2a: Frosmoth|Quiver Dance|p2a: Frosmoth
|-boost|p2a: Frosmoth|spa|1
|-boost|p2a: Frosmoth|spd|1
|-boost|p2a: Frosmoth|spe|1
|
|-heal|p2a: Frosmoth|68/100|[from] item: Leftovers
|upkeep
|turn|21
|
|t:|1781541677
|move|p1a: Iron Treads|Rapid Spin|p2a: Frosmoth
|-damage|p2a: Frosmoth|54/100
|-boost|p1a: Iron Treads|spe|1
|move|p2a: Frosmoth|Quiver Dance|p2a: Frosmoth
|-boost|p2a: Frosmoth|spa|1
|-boost|p2a: Frosmoth|spd|1
|-boost|p2a: Frosmoth|spe|1
|
|-heal|p2a: Frosmoth|60/100|[from] item: Leftovers
|upkeep
|turn|22
|
|t:|1781541682
|-end|p1a: Iron Treads|Quark Drive|[silent]
|switch|p1a: Pelipper|Pelipper, F|85/100
|-weather|RainDance|[from] ability: Drizzle|[of] p1a: Pelipper
|move|p2a: Frosmoth|Quiver Dance|p2a: Frosmoth
|-boost|p2a: Frosmoth|spa|1
|-boost|p2a: Frosmoth|spd|1
|-boost|p2a: Frosmoth|spe|1
|
|-weather|RainDance|[upkeep]
|-heal|p2a: Frosmoth|66/100|[from] item: Leftovers
|upkeep
|turn|23
|
|t:|1781541684
|move|p2a: Frosmoth|Substitute|p2a: Frosmoth
|-start|p2a: Frosmoth|Substitute
|-damage|p2a: Frosmoth|41/100
|move|p1a: Pelipper|U-turn|p2a: Frosmoth
|-activate|p2a: Frosmoth|move: Substitute|[damage]
|
|t:|1781541684
|switch|p1a: Barraskewda|Barraskewda, F|100/100|[from] U-turn
|
|-weather|RainDance|[upkeep]
|-heal|p2a: Frosmoth|47/100|[from] item: Leftovers
|upkeep
|turn|24
|
|t:|1781541690
|move|p1a: Barraskewda|Flip Turn|p2a: Frosmoth
|-end|p2a: Frosmoth|Substitute
|
|t:|1781541690
|switch|p1a: Pelipper|Pelipper, F|85/100|[from] Flip Turn
|move|p2a: Frosmoth|Bug Buzz|p1a: Pelipper
|-resisted|p1a: Pelipper
|-damage|p1a: Pelipper|14/100
|
|-weather|RainDance|[upkeep]
|-heal|p2a: Frosmoth|53/100|[from] item: Leftovers
|upkeep
|turn|25
|
|t:|1781541692
|move|p2a: Frosmoth|Substitute|p2a: Frosmoth
|-start|p2a: Frosmoth|Substitute
|-damage|p2a: Frosmoth|28/100
|move|p1a: Pelipper|U-turn|p2a: Frosmoth
|-activate|p2a: Frosmoth|move: Substitute|[damage]
|
|t:|1781541693
|switch|p1a: Barraskewda|Barraskewda, F|100/100|[from] U-turn
|
|-weather|RainDance|[upkeep]
|-heal|p2a: Frosmoth|35/100|[from] item: Leftovers
|upkeep
|turn|26
|
|t:|1781541701
|move|p1a: Barraskewda|Flip Turn|p2a: Frosmoth
|-end|p2a: Frosmoth|Substitute
|
|t:|1781541701
|switch|p1a: Pelipper|Pelipper, F|14/100|[from] Flip Turn
|move|p2a: Frosmoth|Substitute|p2a: Frosmoth
|-start|p2a: Frosmoth|Substitute
|-damage|p2a: Frosmoth|10/100
|
|-weather|none
|-heal|p2a: Frosmoth|16/100|[from] item: Leftovers
|upkeep
|turn|27
|
|t:|1781541710
|move|p2a: Frosmoth|Ice Beam|p1a: Pelipper
|-damage|p1a: Pelipper|0 fnt
|faint|p1a: Pelipper
|
|-heal|p2a: Frosmoth|22/100|[from] item: Leftovers
|upkeep
|
|t:|1781541710
|switch|p1a: Iron Treads|Iron Treads|97/100
|turn|28
|
|t:|1781541713
|move|p2a: Frosmoth|Quiver Dance|p2a: Frosmoth
|-boost|p2a: Frosmoth|spa|1
|-boost|p2a: Frosmoth|spd|1
|-boost|p2a: Frosmoth|spe|1
|move|p1a: Iron Treads|Earth Power|p2a: Frosmoth
|-supereffective|p2a: Frosmoth
|-activate|p2a: Frosmoth|move: Substitute|[damage]
|
|-heal|p2a: Frosmoth|28/100|[from] item: Leftovers
|upkeep
|turn|29
|
|t:|1781541715
|move|p2a: Frosmoth|Ice Beam|p1a: Iron Treads
|-damage|p1a: Iron Treads|0 fnt
|faint|p1a: Iron Treads
|-end|p1a: Iron Treads|Quark Drive|[silent]
|
|-heal|p2a: Frosmoth|34/100|[from] item: Leftovers
|upkeep
|
|t:|1781541716
|switch|p1a: Raging Bolt|Raging Bolt|100/100
|-enditem|p1a: Raging Bolt|Booster Energy
|-activate|p1a: Raging Bolt|ability: Protosynthesis|[fromitem]
|-start|p1a: Raging Bolt|protosynthesisspa
|turn|30
|
|t:|1781541721
|-end|p1a: Raging Bolt|Protosynthesis|[silent]
|switch|p1a: Barraskewda|Barraskewda, F|100/100
|move|p2a: Frosmoth|Ice Beam|p1a: Barraskewda
|-resisted|p1a: Barraskewda
|-damage|p1a: Barraskewda|0 fnt
|faint|p1a: Barraskewda
|
|-heal|p2a: Frosmoth|40/100|[from] item: Leftovers
|upkeep
|
|t:|1781541722
|switch|p1a: Raging Bolt|Raging Bolt|100/100
|turn|31
|
|t:|1781541723
|move|p1a: Raging Bolt|Thunderclap|p2a: Frosmoth
|-resisted|p2a: Frosmoth
|-activate|p2a: Frosmoth|move: Substitute|[damage]
|move|p2a: Frosmoth|Ice Beam|p1a: Raging Bolt
|-supereffective|p1a: Raging Bolt
|-damage|p1a: Raging Bolt|0 fnt
|faint|p1a: Raging Bolt
|-end|p1a: Raging Bolt|Protosynthesis|[silent]
|
|win|eros maniac
|raw|LowEL0God's rating: 1640 &rarr; <strong>1623</strong><br />(-17 for losing)
|raw|eros maniac's rating: 1701 &rarr; <strong>1718</strong><br />(+17 for winning)
|c|☆eros maniac|Gg
|l|☆eros maniac
|player|p2|
|c|☆LowEL0God|gg
|l|☆LowEL0God
|player|p1|
