|j|☆zwardo2000
|j|☆tauros3
|t:|1781312029
|gametype|singles
|player|p1|zwardo2000|giovanni|1583
|player|p2|tauros3|swimmer-gen4dp|1582
|gen|9
|tier|[Gen 9] OU
|rated|
|rule|HP Percentage Mod: HP is shown in percentages
|rule|Endless Battle Clause: Forcing endless battles is banned
|rule|Species Clause: Limit one of each Pokémon
|rule|OHKO Clause: OHKO moves are banned
|rule|Evasion Items Clause: Evasion items are banned
|rule|Evasion Moves Clause: Evasion moves are banned
|rule|Evasion Abilities Clause: Evasion abilities are banned
|rule|Sleep Moves Clause: Sleep-inducing moves are banned
|clearpoke
|poke|p1|Kyurem|
|poke|p1|Hatterene, F|
|poke|p1|Darkrai|
|poke|p1|Great Tusk|
|poke|p1|Dragonite, F|
|poke|p1|Gholdengo|
|poke|p2|Ninetales-Alola, M|
|poke|p2|Kyurem|
|poke|p2|Moltres-Galar|
|poke|p2|Ursaluna, F|
|poke|p2|Diancie|
|poke|p2|Hatterene, F|
|teampreview
|inactive|Battle timer is ON: inactive players will automatically lose when time's up. (requested by tauros3)
|
|t:|1781312041
|teamsize|p1|6
|teamsize|p2|6
|start
|switch|p1a: Darkrai|Darkrai|100/100
|switch|p2a: Pink Triangle|Hatterene, F|100/100
|turn|1
|
|t:|1781312045
|switch|p1a: Gholdengo|Gholdengo|100/100
|move|p2a: Pink Triangle|Trick Room|p2a: Pink Triangle
|-fieldstart|move: Trick Room|[of] p2a: Pink Triangle
|
|upkeep
|turn|2
|
|t:|1781312057
|move|p2a: Pink Triangle|Psychic Noise|p1a: Gholdengo
|-resisted|p1a: Gholdengo
|-damage|p1a: Gholdengo|77/100
|-start|p1a: Gholdengo|move: Heal Block
|move|p1a: Gholdengo|Nasty Plot|p1a: Gholdengo
|-boost|p1a: Gholdengo|spa|2
|
|upkeep
|turn|3
|
|t:|1781312060
|move|p2a: Pink Triangle|Dazzling Gleam|p1a: Gholdengo
|-resisted|p1a: Gholdengo
|-damage|p1a: Gholdengo|52/100
|move|p1a: Gholdengo|Make It Rain|p2a: Pink Triangle
|-supereffective|p2a: Pink Triangle
|-enditem|p2a: Pink Triangle|Focus Sash
|-damage|p2a: Pink Triangle|1/100
|-unboost|p1a: Gholdengo|spa|1
|
|-end|p1a: Gholdengo|move: Heal Block
|upkeep
|turn|4
|
|t:|1781312066
|move|p2a: Pink Triangle|Psychic Noise|p1a: Gholdengo
|-resisted|p1a: Gholdengo
|-damage|p1a: Gholdengo|28/100
|-start|p1a: Gholdengo|move: Heal Block
|move|p1a: Gholdengo|Thunderbolt|p2a: Pink Triangle
|-damage|p2a: Pink Triangle|0 fnt
|faint|p2a: Pink Triangle
|
|upkeep
|
|t:|1781312070
|switch|p2a: El Scorcho|Ursaluna, F|100/100
|turn|5
|
|t:|1781312081
|switch|p1a: Great Tusk|Great Tusk|100/100
|move|p2a: El Scorcho|Fire Punch|p1a: Great Tusk
|-crit|p1a: Great Tusk
|-damage|p1a: Great Tusk|76/100
|
|-heal|p1a: Great Tusk|82/100|[from] item: Leftovers
|-fieldend|move: Trick Room
|-status|p2a: El Scorcho|brn|[from] item: Flame Orb
|upkeep
|turn|6
|
|t:|1781312091
|switch|p2a: The Good Life|Ninetales-Alola, M|100/100
|-weather|Snowscape|[from] ability: Snow Warning|[of] p2a: The Good Life
|move|p1a: Great Tusk|Stealth Rock|p2a: The Good Life
|-sidestart|p2: tauros3|move: Stealth Rock
|
|-weather|Snowscape|[upkeep]
|-heal|p1a: Great Tusk|88/100|[from] item: Leftovers
|upkeep
|turn|7
|
|t:|1781312098
|-end|p1a: Great Tusk|Protosynthesis|[silent]
|switch|p1a: Gholdengo|Gholdengo|28/100
|move|p2a: The Good Life|Aurora Veil|p2a: The Good Life
|-sidestart|p2: tauros3|move: Aurora Veil
|
|-weather|Snowscape|[upkeep]
|upkeep
|turn|8
|
|t:|1781312102
|switch|p2a: Butterfly|Moltres-Galar|100/100
|-damage|p2a: Butterfly|75/100|[from] Stealth Rock
|move|p1a: Gholdengo|Make It Rain|p2a: Butterfly
|-damage|p2a: Butterfly|47/100
|-unboost|p1a: Gholdengo|spa|1
|-ability|p2a: Butterfly|Berserk|boost
|-boost|p2a: Butterfly|spa|1
|-enditem|p2a: Butterfly|Sitrus Berry|[eat]
|-heal|p2a: Butterfly|72/100|[from] item: Sitrus Berry
|
|-weather|Snowscape|[upkeep]
|upkeep
|turn|9
|
|t:|1781312112
|switch|p1a: Hatterene|Hatterene, F|100/100
|move|p2a: Butterfly|Agility|p2a: Butterfly
|-boost|p2a: Butterfly|spe|2
|
|-weather|Snowscape|[upkeep]
|upkeep
|turn|10
|
|t:|1781312118
|move|p2a: Butterfly|Fiery Wrath|p1a: Hatterene
|-damage|p1a: Hatterene|35/100
|move|p1a: Hatterene|Nuzzle|p2a: Butterfly
|-supereffective|p2a: Butterfly
|-damage|p2a: Butterfly|68/100
|-status|p2a: Butterfly|par
|
|-weather|none
|upkeep
|turn|11
|
|t:|1781312127
|cant|p2a: Butterfly|par
|move|p1a: Hatterene|Draining Kiss|p2a: Butterfly
|-supereffective|p2a: Butterfly
|-damage|p2a: Butterfly|48/100 par
|-heal|p1a: Hatterene|51/100|[from] drain|[of] p2a: Butterfly
|-ability|p2a: Butterfly|Berserk|boost
|-boost|p2a: Butterfly|spa|1
|
|upkeep
|turn|12
|
|t:|1781312131
|move|p2a: Butterfly|Agility|p2a: Butterfly
|-boost|p2a: Butterfly|spe|2
|move|p1a: Hatterene|Draining Kiss|p2a: Butterfly
|-supereffective|p2a: Butterfly
|-damage|p2a: Butterfly|27/100 par
|-heal|p1a: Hatterene|66/100|[from] drain|[of] p2a: Butterfly
|
|upkeep
|turn|13
|
|t:|1781312132
|move|p2a: Butterfly|Fiery Wrath|p1a: Hatterene
|-damage|p1a: Hatterene|0 fnt
|faint|p1a: Hatterene
|
|upkeep
|
|t:|1781312138
|switch|p1a: Great Tusk|Great Tusk|88/100
|turn|14
|
|t:|1781312165
|move|p2a: Butterfly|Air Slash|p1a: Great Tusk
|-supereffective|p1a: Great Tusk
|-crit|p1a: Great Tusk
|-damage|p1a: Great Tusk|0 fnt
|faint|p1a: Great Tusk
|-end|p1a: Great Tusk|Protosynthesis|[silent]
|
|-sideend|p2: tauros3|move: Aurora Veil
|upkeep
|inactive|zwardo2000 has 120 seconds left.
|
|t:|1781312211
|switch|p1a: Kyurem|Kyurem|100/100
|-ability|p1a: Kyurem|Pressure
|turn|15
|
|t:|1781312217
|move|p2a: Butterfly|Fiery Wrath|p1a: Kyurem
|-damage|p1a: Kyurem|47/100
|move|p1a: Kyurem|Freeze-Dry|p2a: Butterfly
|-supereffective|p2a: Butterfly
|-crit|p2a: Butterfly
|-damage|p2a: Butterfly|0 fnt
|faint|p2a: Butterfly
|
|upkeep
|
|t:|1781312230
|switch|p2a: The Good Life|Ninetales-Alola, M|100/100
|-damage|p2a: The Good Life|76/100|[from] Stealth Rock
|-weather|Snowscape|[from] ability: Snow Warning|[of] p2a: The Good Life
|turn|16
|
|t:|1781312232
|switch|p1a: Gholdengo|Gholdengo|28/100
|move|p2a: The Good Life|Aurora Veil|p2a: The Good Life
|-sidestart|p2: tauros3|move: Aurora Veil
|
|-weather|Snowscape|[upkeep]
|upkeep
|turn|17
|
|t:|1781312238
|switch|p2a: El Scorcho|Ursaluna, F|100/100 brn
|-damage|p2a: El Scorcho|94/100 brn|[from] Stealth Rock
|move|p1a: Gholdengo|Make It Rain|p2a: El Scorcho
|-crit|p2a: El Scorcho
|-damage|p2a: El Scorcho|0 fnt
|-unboost|p1a: Gholdengo|spa|1
|faint|p2a: El Scorcho
|
|-weather|Snowscape|[upkeep]
|upkeep
|
|t:|1781312249
|switch|p2a: Getchoo|Kyurem|100/100
|-damage|p2a: Getchoo|76/100|[from] Stealth Rock
|-ability|p2a: Getchoo|Pressure
|turn|18
|
|t:|1781312260
|switch|p1a: Kyurem|Kyurem|47/100
|-ability|p1a: Kyurem|Pressure
|-terastallize|p2a: Getchoo|Fire
|move|p2a: Getchoo|Dragon Dance|p2a: Getchoo
|-boost|p2a: Getchoo|atk|1
|-boost|p2a: Getchoo|spe|1
|
|-weather|Snowscape|[upkeep]
|upkeep
|turn|19
|
|t:|1781312269
|move|p2a: Getchoo|Icicle Spear|p1a: Kyurem
|-damage|p1a: Kyurem|36/100
|-damage|p1a: Kyurem|26/100
|-damage|p1a: Kyurem|14/100
|-damage|p1a: Kyurem|4/100
|-hitcount|p1a: Kyurem|4
|move|p1a: Kyurem|Earth Power|p2a: Getchoo
|-supereffective|p2a: Getchoo
|-damage|p2a: Getchoo|43/100
|
|-weather|Snowscape|[upkeep]
|upkeep
|turn|20
|
|t:|1781312282
|move|p2a: Getchoo|Icicle Spear|p1a: Kyurem
|-damage|p1a: Kyurem|0 fnt
|faint|p1a: Kyurem
|-hitcount|p1: Kyurem|1
|
|-weather|none
|upkeep
|
|t:|1781312292
|switch|p1a: Darkrai|Darkrai|100/100
|turn|21
|
|t:|1781312296
|move|p1a: Darkrai|Dark Pulse|p2a: Getchoo
|-damage|p2a: Getchoo|21/100
|cant|p2a: Getchoo|flinch
|
|upkeep
|turn|22
|
|t:|1781312305
|move|p1a: Darkrai|Dark Pulse|p2a: Getchoo
|-damage|p2a: Getchoo|1/100
|move|p2a: Getchoo|Scale Shot|p1a: Darkrai
|-damage|p1a: Darkrai|73/100
|-damage|p1a: Darkrai|45/100
|-damage|p1a: Darkrai|19/100
|-damage|p1a: Darkrai|0 fnt
|faint|p1a: Darkrai
|-hitcount|p1: Darkrai|4
|-unboost|p2a: Getchoo|def|1
|-boost|p2a: Getchoo|spe|1
|
|upkeep
|
|t:|1781312311
|switch|p1a: Dragonite|Dragonite, F|100/100
|turn|23
|
|t:|1781312316
|move|p1a: Dragonite|Extreme Speed|p2a: Getchoo
|-damage|p2a: Getchoo|0 fnt
|faint|p2a: Getchoo
|
|-sideend|p2: tauros3|move: Aurora Veil
|upkeep
|
|t:|1781312318
|switch|p2a: No Other One|Diancie|100/100
|-damage|p2a: No Other One|88/100|[from] Stealth Rock
|turn|24
|
|t:|1781312322
|move|p1a: Dragonite|Dragon Dance|p1a: Dragonite
|-boost|p1a: Dragonite|atk|1
|-boost|p1a: Dragonite|spe|1
|move|p2a: No Other One|Trick Room|p2a: No Other One
|-fieldstart|move: Trick Room|[of] p2a: No Other One
|
|upkeep
|turn|25
|
|t:|1781312325
|move|p2a: No Other One|Meteor Beam||[still]
|-prepare|p2a: No Other One|Meteor Beam
|-boost|p2a: No Other One|spa|1
|-enditem|p2a: No Other One|Power Herb
|-anim|p2a: No Other One|Meteor Beam|p1a: Dragonite|[miss]
|-miss|p2a: No Other One|p1a: Dragonite
|move|p1a: Dragonite|Earthquake|p2a: No Other One
|-supereffective|p2a: No Other One
|-damage|p2a: No Other One|0 fnt
|faint|p2a: No Other One
|
|upkeep
|
|t:|1781312333
|switch|p2a: The Good Life|Ninetales-Alola, M|76/100
|-damage|p2a: The Good Life|51/100|[from] Stealth Rock
|-weather|Snowscape|[from] ability: Snow Warning|[of] p2a: The Good Life
|turn|26
|c|☆zwardo2000|gg
|
|t:|1781312336
|-terastallize|p1a: Dragonite|Normal
|move|p1a: Dragonite|Extreme Speed|p2a: The Good Life
|-damage|p2a: The Good Life|0 fnt
|faint|p2a: The Good Life
|
|win|zwardo2000
|raw|zwardo2000's rating: 1583 &rarr; <strong>1603</strong><br />(+20 for winning)
|raw|tauros3's rating: 1582 &rarr; <strong>1562</strong><br />(-20 for losing)
|l|☆zwardo2000
|player|p1|
|l|☆tauros3
|player|p2|
