|j|☆c u soon boi
|j|☆WorkinBorkin
|t:|1781290555
|gametype|singles
|player|p1|c u soon boi|2|1691
|player|p2|WorkinBorkin|169|1637
|gen|9
|tier|[Gen 9] OU
|rated|
|rule|HP Percentage Mod: HP is shown in percentages
|rule|Endless Battle Clause: Forcing endless battles is banned
|rule|Species Clause: Limit one of each Pokémon
|rule|OHKO Clause: OHKO moves are banned
|rule|Evasion Items Clause: Evasion items are banned
|rule|Evasion Moves Clause: Evasion moves are banned
|rule|Evasion Abilities Clause: Evasion abilities are banned
|rule|Sleep Moves Clause: Sleep-inducing moves are banned
|clearpoke
|poke|p1|Blaziken, F|
|poke|p1|Rillaboom, M|
|poke|p1|Primarina, F|
|poke|p1|Kingambit, F|
|poke|p1|Landorus-Therian, M|
|poke|p1|Weezing-Galar, M|
|poke|p2|Hippowdon, M|
|poke|p2|Excadrill, F|
|poke|p2|Garganacl, M|
|poke|p2|Skarmory, F|
|poke|p2|Sinistcha|
|poke|p2|Weavile, F|
|teampreview
|
|t:|1781290616
|teamsize|p1|6
|teamsize|p2|6
|start
|switch|p1a: Landorus|Landorus-Therian, M|100/100
|switch|p2a: Hippowdon|Hippowdon, M|100/100
|-ability|p1a: Landorus|Intimidate|boost
|-unboost|p2a: Hippowdon|atk|1
|-weather|Sandstorm|[from] ability: Sand Stream|[of] p2a: Hippowdon
|turn|1
|
|t:|1781290637
|move|p1a: Landorus|Taunt|p2a: Hippowdon
|-start|p2a: Hippowdon|move: Taunt
|cant|p2a: Hippowdon|move: Taunt|Stealth Rock
|
|-weather|Sandstorm|[upkeep]
|upkeep
|turn|2
|
|t:|1781290643
|switch|p2a: Weavile|Weavile, F, shiny|100/100
|-ability|p2a: Weavile|Pressure
|move|p1a: Landorus|Stealth Rock|p2a: Weavile
|-sidestart|p2: WorkinBorkin|move: Stealth Rock
|
|-weather|Sandstorm|[upkeep]
|-damage|p2a: Weavile|94/100|[from] Sandstorm
|upkeep
|turn|3
|
|t:|1781290652
|switch|p1a: Primarina|Primarina, F|100/100
|move|p2a: Weavile|Knock Off|p1a: Primarina
|-resisted|p1a: Primarina
|-damage|p1a: Primarina|71/100
|-enditem|p1a: Primarina|Assault Vest|[from] move: Knock Off|[of] p2a: Weavile
|
|-weather|Sandstorm|[upkeep]
|-damage|p2a: Weavile|88/100|[from] Sandstorm
|-damage|p1a: Primarina|65/100|[from] Sandstorm
|upkeep
|turn|4
|
|t:|1781290673
|switch|p2a: Garganacl|Garganacl, M, shiny|100/100
|-damage|p2a: Garganacl|88/100|[from] Stealth Rock
|move|p1a: Primarina|Moonblast|p2a: Garganacl
|-damage|p2a: Garganacl|63/100
|
|-weather|Sandstorm|[upkeep]
|-damage|p1a: Primarina|59/100|[from] Sandstorm
|-heal|p2a: Garganacl|69/100|[from] item: Leftovers
|upkeep
|turn|5
|
|t:|1781290687
|move|p1a: Primarina|Flip Turn|p2a: Garganacl
|-supereffective|p2a: Garganacl
|-damage|p2a: Garganacl|50/100
|
|t:|1781290690
|switch|p1a: Rillaboom|Rillaboom, M|100/100|[from] Flip Turn
|-fieldstart|move: Grassy Terrain|[from] ability: Grassy Surge|[of] p1a: Rillaboom
|move|p2a: Garganacl|Salt Cure|p1a: Rillaboom
|-damage|p1a: Rillaboom|86/100
|-start|p1a: Rillaboom|Salt Cure
|
|-weather|Sandstorm|[upkeep]
|-damage|p1a: Rillaboom|80/100|[from] Sandstorm
|-heal|p1a: Rillaboom|86/100|[from] Grassy Terrain
|-heal|p2a: Garganacl|56/100|[from] Grassy Terrain
|-heal|p2a: Garganacl|62/100|[from] item: Leftovers
|-damage|p1a: Rillaboom|74/100|[from] Salt Cure
|upkeep
|turn|6
|
|t:|1781290706
|move|p1a: Rillaboom|Wood Hammer|p2a: Garganacl
|-supereffective|p2a: Garganacl
|-damage|p2a: Garganacl|0 fnt
|faint|p2a: Garganacl
|-damage|p1a: Rillaboom|54/100|[from] Recoil
|
|-weather|Sandstorm|[upkeep]
|-damage|p1a: Rillaboom|48/100|[from] Sandstorm
|-heal|p1a: Rillaboom|54/100|[from] Grassy Terrain
|-damage|p1a: Rillaboom|41/100|[from] Salt Cure
|upkeep
|
|t:|1781290710
|switch|p2a: Weavile|Weavile, F, shiny|88/100
|-ability|p2a: Weavile|Pressure
|turn|7
|
|t:|1781290727
|switch|p1a: Primarina|Primarina, F|59/100
|move|p2a: Weavile|Swords Dance|p2a: Weavile
|-boost|p2a: Weavile|atk|2
|
|-weather|Sandstorm|[upkeep]
|-damage|p2a: Weavile|82/100|[from] Sandstorm
|-damage|p1a: Primarina|53/100|[from] Sandstorm
|-heal|p2a: Weavile|88/100|[from] Grassy Terrain
|-heal|p1a: Primarina|59/100|[from] Grassy Terrain
|upkeep
|turn|8
|j| sinister_shine
|
|t:|1781290738
|move|p2a: Weavile|Triple Axel|p1a: Primarina
|-resisted|p1a: Primarina
|-damage|p1a: Primarina|47/100
|-resisted|p1a: Primarina
|-damage|p1a: Primarina|23/100
|-resisted|p1a: Primarina
|-damage|p1a: Primarina|0 fnt
|faint|p1a: Primarina
|-hitcount|p1: Primarina|3
|
|-weather|none
|-heal|p2a: Weavile|94/100|[from] Grassy Terrain
|upkeep
|
|t:|1781290759
|switch|p1a: Blaziken|Blaziken, F|100/100
|turn|9
|
|t:|1781290765
|switch|p2a: Hippowdon|Hippowdon, M|100/100
|-damage|p2a: Hippowdon|94/100|[from] Stealth Rock
|-weather|Sandstorm|[from] ability: Sand Stream|[of] p2a: Hippowdon
|move|p1a: Blaziken|Focus Energy|p1a: Blaziken
|-start|p1a: Blaziken|move: Focus Energy
|
|-weather|Sandstorm|[upkeep]
|-damage|p1a: Blaziken|95/100|[from] Sandstorm
|-heal|p1a: Blaziken|100/100|[from] Grassy Terrain
|-heal|p2a: Hippowdon|100/100|[from] Grassy Terrain
|-fieldend|move: Grassy Terrain
|-ability|p1a: Blaziken|Speed Boost|boost
|-boost|p1a: Blaziken|spe|1
|upkeep
|turn|10
|
|t:|1781290780
|move|p1a: Blaziken|Close Combat|p2a: Hippowdon
|-crit|p2a: Hippowdon
|-damage|p2a: Hippowdon|28/100
|-unboost|p1a: Blaziken|def|1
|-unboost|p1a: Blaziken|spd|1
|move|p2a: Hippowdon|Whirlwind|p1a: Blaziken
|drag|p1a: Kingambit|Kingambit, F|100/100
|-activate|p1a: Kingambit|ability: Supreme Overlord
|-start|p1a: Kingambit|fallen1|[silent]
|
|-weather|Sandstorm|[upkeep]
|upkeep
|turn|11
|inactive|Battle timer is ON: inactive players will automatically lose when time's up. (requested by c u soon boi)
|
|t:|1781290823
|switch|p2a: Skarmory|Skarmory, F|100/100
|-damage|p2a: Skarmory|88/100|[from] Stealth Rock
|move|p1a: Kingambit|Kowtow Cleave|p2a: Skarmory
|-damage|p2a: Skarmory|33/100
|-damage|p1a: Kingambit|84/100|[from] item: Rocky Helmet|[of] p2a: Skarmory
|
|-weather|Sandstorm|[upkeep]
|upkeep
|turn|12
|
|t:|1781290834
|-end|p1a: Kingambit|fallen1|[silent]
|switch|p1a: Landorus|Landorus-Therian, M|100/100
|-ability|p1a: Landorus|Intimidate|boost
|-unboost|p2a: Skarmory|atk|1
|move|p2a: Skarmory|Roost|p2a: Skarmory
|-heal|p2a: Skarmory|83/100
|-singleturn|p2a: Skarmory|move: Roost
|
|-weather|Sandstorm|[upkeep]
|upkeep
|turn|13
|
|t:|1781290844
|move|p1a: Landorus|Taunt|p2a: Skarmory
|-start|p2a: Skarmory|move: Taunt
|cant|p2a: Skarmory|move: Taunt|Spikes
|
|-weather|Sandstorm|[upkeep]
|upkeep
|turn|14
|
|t:|1781290850
|move|p1a: Landorus|U-turn|p2a: Skarmory
|-resisted|p2a: Skarmory
|-damage|p2a: Skarmory|79/100
|-damage|p1a: Landorus|84/100|[from] item: Rocky Helmet|[of] p2a: Skarmory
|
|t:|1781290855
|switch|p1a: Weezing|Weezing-Galar, M|100/100|[from] U-turn
|-ability|p1a: Weezing|Neutralizing Gas
|move|p2a: Skarmory|Body Press|p1a: Weezing
|-resisted|p1a: Weezing
|-damage|p1a: Weezing|94/100
|
|-weather|Sandstorm|[upkeep]
|-damage|p1a: Weezing|88/100|[from] Sandstorm
|-heal|p1a: Weezing|94/100|[from] item: Black Sludge
|upkeep
|turn|15
|
|t:|1781290868
|switch|p2a: Sinistcha|Sinistcha, shiny|100/100
|-end|p1a: Weezing|ability: Neutralizing Gas
|switch|p1a: Blaziken|Blaziken, F|100/100
|
|-weather|Sandstorm|[upkeep]
|-damage|p1a: Blaziken|95/100|[from] Sandstorm
|-damage|p2a: Sinistcha|94/100|[from] Sandstorm
|upkeep
|turn|16
|
|t:|1781290877
|move|p1a: Blaziken|Focus Energy|p1a: Blaziken
|-start|p1a: Blaziken|move: Focus Energy
|move|p2a: Sinistcha|Shadow Ball|p1a: Blaziken
|-damage|p1a: Blaziken|46/100
|
|-weather|none
|-ability|p1a: Blaziken|Speed Boost|boost
|-boost|p1a: Blaziken|spe|1
|upkeep
|turn|17
|
|t:|1781290886
|move|p1a: Blaziken|Temper Flare|p2a: Sinistcha
|-supereffective|p2a: Sinistcha
|-crit|p2a: Sinistcha
|-damage|p2a: Sinistcha|50/100
|move|p2a: Sinistcha|Shadow Ball|p1a: Blaziken
|-damage|p1a: Blaziken|0 fnt
|faint|p1a: Blaziken
|
|upkeep
|
|t:|1781290896
|switch|p1a: Kingambit|Kingambit, F|84/100
|-activate|p1a: Kingambit|ability: Supreme Overlord
|-start|p1a: Kingambit|fallen2|[silent]
|turn|18
|l| sinister_shine
|
|t:|1781290901
|switch|p2a: Hippowdon|Hippowdon, M|28/100
|-damage|p2a: Hippowdon|22/100|[from] Stealth Rock
|-weather|Sandstorm|[from] ability: Sand Stream|[of] p2a: Hippowdon
|move|p1a: Kingambit|Kowtow Cleave|p2a: Hippowdon
|-damage|p2a: Hippowdon|0 fnt
|faint|p2a: Hippowdon
|
|-weather|Sandstorm|[upkeep]
|upkeep
|
|t:|1781290905
|switch|p2a: Weavile|Weavile, F, shiny|94/100
|-ability|p2a: Weavile|Pressure
|turn|19
|
|t:|1781290918
|-end|p1a: Kingambit|fallen2|[silent]
|switch|p1a: Weezing|Weezing-Galar, M|94/100
|-ability|p1a: Weezing|Neutralizing Gas
|move|p2a: Weavile|Swords Dance|p2a: Weavile
|-boost|p2a: Weavile|atk|2
|
|-weather|Sandstorm|[upkeep]
|-damage|p2a: Weavile|88/100|[from] Sandstorm
|-damage|p1a: Weezing|88/100|[from] Sandstorm
|-heal|p1a: Weezing|94/100|[from] item: Black Sludge
|upkeep
|turn|20
|
|t:|1781290930
|move|p2a: Weavile|Triple Axel|p1a: Weezing
|-damage|p1a: Weezing|77/100
|-damage|p1a: Weezing|45/100
|-damage|p1a: Weezing|0 fnt
|faint|p1a: Weezing
|-end|p1a: Weezing|ability: Neutralizing Gas
|-ability|p2a: Weavile|Pressure
|-hitcount|p1: Weezing|3
|
|-weather|Sandstorm|[upkeep]
|-damage|p2a: Weavile|82/100|[from] Sandstorm
|upkeep
|
|t:|1781290942
|switch|p1a: Kingambit|Kingambit, F|84/100
|-activate|p1a: Kingambit|ability: Supreme Overlord
|-start|p1a: Kingambit|fallen3|[silent]
|turn|21
|
|t:|1781290948
|move|p2a: Weavile|Knock Off|p1a: Kingambit
|-resisted|p1a: Kingambit
|-damage|p1a: Kingambit|50/100
|-enditem|p1a: Kingambit|Choice Band|[from] move: Knock Off|[of] p2a: Weavile
|move|p1a: Kingambit|Kowtow Cleave|p2a: Weavile
|-resisted|p2a: Weavile
|-damage|p2a: Weavile|25/100
|
|-weather|Sandstorm|[upkeep]
|-damage|p2a: Weavile|19/100|[from] Sandstorm
|upkeep
|turn|22
|
|t:|1781290958
|move|p2a: Weavile|Ice Shard|p1a: Kingambit
|-resisted|p1a: Kingambit
|-damage|p1a: Kingambit|35/100
|move|p1a: Kingambit|Kowtow Cleave|p2a: Weavile
|-resisted|p2a: Weavile
|-damage|p2a: Weavile|0 fnt
|faint|p2a: Weavile
|
|-weather|Sandstorm|[upkeep]
|upkeep
|
|t:|1781290960
|switch|p2a: Skarmory|Skarmory, F|79/100
|-damage|p2a: Skarmory|67/100|[from] Stealth Rock
|turn|23
|
|t:|1781290971
|-end|p1a: Kingambit|fallen3|[silent]
|switch|p1a: Landorus|Landorus-Therian, M|84/100
|-ability|p1a: Landorus|Intimidate|boost
|-unboost|p2a: Skarmory|atk|1
|move|p2a: Skarmory|Roost|p2a: Skarmory
|-heal|p2a: Skarmory|100/100
|-singleturn|p2a: Skarmory|move: Roost
|
|-weather|Sandstorm|[upkeep]
|upkeep
|turn|24
|
|t:|1781290981
|switch|p2a: Sinistcha|Sinistcha, shiny|50/100
|move|p1a: Landorus|Taunt|p2a: Sinistcha
|-start|p2a: Sinistcha|move: Taunt
|
|-weather|Sandstorm|[upkeep]
|-damage|p2a: Sinistcha|44/100|[from] Sandstorm
|upkeep
|turn|25
|
|t:|1781290990
|move|p1a: Landorus|U-turn|p2a: Sinistcha
|-damage|p2a: Sinistcha|31/100
|
|t:|1781290993
|switch|p1a: Kingambit|Kingambit, F|35/100|[from] U-turn
|-activate|p1a: Kingambit|ability: Supreme Overlord
|-start|p1a: Kingambit|fallen3|[silent]
|move|p2a: Sinistcha|Matcha Gotcha|p1a: Kingambit
|-resisted|p1a: Kingambit
|-crit|p1a: Kingambit
|-damage|p1a: Kingambit|13/100
|-heal|p2a: Sinistcha|44/100|[from] drain|[of] p1a: Kingambit
|
|-weather|none
|upkeep
|turn|26
|
|t:|1781291007
|switch|p2a: Skarmory|Skarmory, F|100/100
|-damage|p2a: Skarmory|88/100|[from] Stealth Rock
|move|p1a: Kingambit|Kowtow Cleave|p2a: Skarmory
|-damage|p2a: Skarmory|50/100
|-damage|p1a: Kingambit|0 fnt|[from] item: Rocky Helmet|[of] p2a: Skarmory
|faint|p1a: Kingambit
|-end|p1a: Kingambit|fallen3|[silent]
|
|upkeep
|
|t:|1781291017
|switch|p1a: Landorus|Landorus-Therian, M|84/100
|-ability|p1a: Landorus|Intimidate|boost
|-unboost|p2a: Skarmory|atk|1
|turn|27
|
|t:|1781291022
|switch|p2a: Sinistcha|Sinistcha, shiny|44/100
|move|p1a: Landorus|Taunt|p2a: Sinistcha
|-start|p2a: Sinistcha|move: Taunt
|
|upkeep
|turn|28
|
|t:|1781291035
|move|p1a: Landorus|U-turn|p2a: Sinistcha
|-damage|p2a: Sinistcha|31/100
|
|t:|1781291039
|switch|p1a: Rillaboom|Rillaboom, M|41/100|[from] U-turn
|-fieldstart|move: Grassy Terrain|[from] ability: Grassy Surge|[of] p1a: Rillaboom
|move|p2a: Sinistcha|Shadow Ball|p1a: Rillaboom
|-damage|p1a: Rillaboom|5/100
|
|-heal|p1a: Rillaboom|12/100|[from] Grassy Terrain
|-heal|p2a: Sinistcha|37/100|[from] Grassy Terrain
|upkeep
|turn|29
|
|t:|1781291051
|switch|p2a: Skarmory|Skarmory, F|50/100
|-damage|p2a: Skarmory|38/100|[from] Stealth Rock
|move|p1a: Rillaboom|Knock Off|p2a: Skarmory
|-damage|p2a: Skarmory|6/100
|-damage|p1a: Rillaboom|0 fnt|[from] item: Rocky Helmet|[of] p2a: Skarmory
|faint|p1a: Rillaboom
|
|upkeep
|
|t:|1781291060
|switch|p1a: Landorus|Landorus-Therian, M|84/100
|-ability|p1a: Landorus|Intimidate|boost
|-unboost|p2a: Skarmory|atk|1
|turn|30
|
|t:|1781291065
|move|p1a: Landorus|Taunt|p2a: Skarmory
|-start|p2a: Skarmory|move: Taunt
|cant|p2a: Skarmory|move: Taunt|Iron Defense
|
|upkeep
|turn|31
|
|t:|1781291072
|move|p1a: Landorus|Stealth Rock||[still]
|-fail|p1a: Landorus
|move|p2a: Skarmory|Body Press|p1a: Landorus
|-resisted|p1a: Landorus
|-damage|p1a: Landorus|74/100
|-damage|p2a: Skarmory|0 fnt|[from] item: Rocky Helmet|[of] p1a: Landorus
|faint|p2a: Skarmory
|
|upkeep
|c|☆WorkinBorkin|I swear I pressed bp
|
|t:|1781291079
|switch|p2a: Sinistcha|Sinistcha, shiny|37/100
|turn|32
|
|t:|1781291086
|move|p1a: Landorus|U-turn|p2a: Sinistcha
|-damage|p2a: Sinistcha|24/100
|move|p2a: Sinistcha|Matcha Gotcha|p1a: Landorus
|-damage|p1a: Landorus|32/100
|-heal|p2a: Sinistcha|48/100|[from] drain|[of] p1a: Landorus
|-status|p1a: Landorus|brn
|
|-heal|p2a: Sinistcha|54/100|[from] Grassy Terrain
|-damage|p1a: Landorus|26/100 brn|[from] brn
|-fieldend|move: Grassy Terrain
|upkeep
|turn|33
|-message|c u soon boi forfeited.
|
|win|WorkinBorkin
|raw|c u soon boi's rating: 1691 &rarr; <strong>1668</strong><br />(-23 for losing)
|raw|WorkinBorkin's rating: 1637 &rarr; <strong>1660</strong><br />(+23 for winning)
|l|☆c u soon boi
|player|p1|
|l|☆WorkinBorkin
|player|p2|
