|j|☆stevstacks
|j|☆KurisuChestnutOU
|t:|1781135989
|gametype|singles
|player|p1|stevstacks|102|1593
|player|p2|KurisuChestnutOU|may-contest|1572
|gen|9
|tier|[Gen 9] OU
|rated|
|rule|HP Percentage Mod: HP is shown in percentages
|rule|Endless Battle Clause: Forcing endless battles is banned
|rule|Species Clause: Limit one of each Pokémon
|rule|OHKO Clause: OHKO moves are banned
|rule|Evasion Items Clause: Evasion items are banned
|rule|Evasion Moves Clause: Evasion moves are banned
|rule|Evasion Abilities Clause: Evasion abilities are banned
|rule|Sleep Moves Clause: Sleep-inducing moves are banned
|clearpoke
|poke|p1|Torkoal, M|
|poke|p1|Corviknight, M|
|poke|p1|Walking Wake|
|poke|p1|Dragonite, M|
|poke|p1|Great Tusk|
|poke|p1|Raging Bolt|
|poke|p2|Hawlucha, F|
|poke|p2|Samurott-Hisui, F|
|poke|p2|Rillaboom, F|
|poke|p2|Gholdengo|
|poke|p2|Kyurem|
|poke|p2|Landorus-Therian, M|
|teampreview
|inactive|Battle timer is ON: inactive players will automatically lose when time's up. (requested by stevstacks)
|inactive|KurisuChestnutOU also wants the timer to be on.
|inactive|stevstacks has 120 seconds left.
|inactive|stevstacks has 90 seconds left.
|
|t:|1781136066
|teamsize|p1|6
|teamsize|p2|6
|start
|switch|p1a: Raging Bolt|Raging Bolt|100/100
|switch|p2a: Kyurem|Kyurem|100/100
|-ability|p2a: Kyurem|Pressure
|turn|1
|
|t:|1781136069
|move|p1a: Raging Bolt|Draco Meteor|p2a: Kyurem|[miss]
|-miss|p1a: Raging Bolt|p2a: Kyurem
|move|p2a: Kyurem|Ice Beam|p1a: Raging Bolt
|-supereffective|p1a: Raging Bolt
|-damage|p1a: Raging Bolt|5/100
|
|upkeep
|turn|2
|
|t:|1781136078
|-end|p1a: Raging Bolt|Protosynthesis|[silent]
|switch|p1a: Walking Wake|Walking Wake|100/100
|-terastallize|p2a: Kyurem|Poison
|move|p2a: Kyurem|Ice Beam|p1a: Walking Wake
|-damage|p1a: Walking Wake|50/100
|
|upkeep
|turn|3
|
|t:|1781136083
|-end|p1a: Walking Wake|Protosynthesis|[silent]
|switch|p1a: Torkoal|Torkoal, M, shiny|100/100
|-weather|SunnyDay|[from] ability: Drought|[of] p1a: Torkoal
|move|p2a: Kyurem|Ice Beam|p1a: Torkoal
|-resisted|p1a: Torkoal
|-damage|p1a: Torkoal|80/100
|
|-weather|SunnyDay|[upkeep]
|upkeep
|turn|4
|
|t:|1781136088
|move|p2a: Kyurem|Earth Power|p1a: Torkoal
|-supereffective|p1a: Torkoal
|-damage|p1a: Torkoal|23/100
|move|p1a: Torkoal|Stealth Rock|p2a: Kyurem
|-sidestart|p2: KurisuChestnutOU|move: Stealth Rock
|
|-weather|SunnyDay|[upkeep]
|upkeep
|turn|5
|inactive|stevstacks has 120 seconds left.
|
|t:|1781136134
|switch|p1a: Corviknight|Corviknight, M, shiny|100/100
|-ability|p1a: Corviknight|Pressure
|move|p2a: Kyurem|Ice Beam|p1a: Corviknight
|-damage|p1a: Corviknight|70/100
|
|-weather|SunnyDay|[upkeep]
|-heal|p1a: Corviknight|76/100|[from] item: Leftovers
|upkeep
|turn|6
|
|t:|1781136143
|move|p2a: Kyurem|Ice Beam|p1a: Corviknight
|-damage|p1a: Corviknight|42/100
|move|p1a: Corviknight|U-turn|p2a: Kyurem
|-resisted|p2a: Kyurem
|-damage|p2a: Kyurem|93/100
|
|t:|1781136144
|switch|p1a: Raging Bolt|Raging Bolt|5/100|[from] U-turn
|-activate|p1a: Raging Bolt|ability: Protosynthesis
|-start|p1a: Raging Bolt|protosynthesisspa
|
|-weather|SunnyDay|[upkeep]
|upkeep
|turn|7
|
|t:|1781136152
|switch|p2a: Gholdengo|Gholdengo|100/100
|-damage|p2a: Gholdengo|94/100|[from] Stealth Rock
|move|p1a: Raging Bolt|Draco Meteor|p2a: Gholdengo
|-resisted|p2a: Gholdengo
|-damage|p2a: Gholdengo|41/100
|-unboost|p1a: Raging Bolt|spa|2
|
|-weather|SunnyDay|[upkeep]
|upkeep
|turn|8
|
|t:|1781136160
|move|p2a: Gholdengo|Shadow Ball|p1a: Raging Bolt
|-damage|p1a: Raging Bolt|0 fnt
|faint|p1a: Raging Bolt
|-end|p1a: Raging Bolt|Protosynthesis|[silent]
|
|-weather|SunnyDay|[upkeep]
|upkeep
|
|t:|1781136163
|switch|p1a: Walking Wake|Walking Wake|50/100
|-activate|p1a: Walking Wake|ability: Protosynthesis
|-start|p1a: Walking Wake|protosynthesisspe
|turn|9
|
|t:|1781136171
|move|p1a: Walking Wake|Hydro Steam|p2a: Gholdengo
|-damage|p2a: Gholdengo|0 fnt
|faint|p2a: Gholdengo
|
|-weather|SunnyDay|[upkeep]
|upkeep
|
|t:|1781136179
|switch|p2a: Kyurem|Kyurem, tera:Poison|93/100
|-damage|p2a: Kyurem|81/100|[from] Stealth Rock
|-ability|p2a: Kyurem|Pressure
|turn|10
|
|t:|1781136184
|move|p1a: Walking Wake|Hydro Steam|p2a: Kyurem
|-damage|p2a: Kyurem|33/100
|move|p2a: Kyurem|Freeze-Dry|p1a: Walking Wake
|-supereffective|p1a: Walking Wake
|-damage|p1a: Walking Wake|0 fnt
|faint|p1a: Walking Wake
|-end|p1a: Walking Wake|Protosynthesis|[silent]
|
|-weather|none
|upkeep
|
|t:|1781136189
|switch|p1a: Corviknight|Corviknight, M, shiny|42/100
|-ability|p1a: Corviknight|Pressure
|turn|11
|
|t:|1781136193
|move|p2a: Kyurem|Ice Beam|p1a: Corviknight
|-damage|p1a: Corviknight|10/100
|move|p1a: Corviknight|Roost|p1a: Corviknight
|-heal|p1a: Corviknight|60/100
|-singleturn|p1a: Corviknight|move: Roost
|
|-heal|p1a: Corviknight|67/100|[from] item: Leftovers
|upkeep
|turn|12
|
|t:|1781136200
|move|p2a: Kyurem|Ice Beam|p1a: Corviknight
|-damage|p1a: Corviknight|34/100
|move|p1a: Corviknight|Roost|p1a: Corviknight
|-heal|p1a: Corviknight|84/100
|-singleturn|p1a: Corviknight|move: Roost
|
|-heal|p1a: Corviknight|91/100|[from] item: Leftovers
|upkeep
|turn|13
|
|t:|1781136204
|move|p2a: Kyurem|Ice Beam|p1a: Corviknight
|-damage|p1a: Corviknight|58/100
|move|p1a: Corviknight|Roost|p1a: Corviknight
|-heal|p1a: Corviknight|100/100
|-singleturn|p1a: Corviknight|move: Roost
|
|upkeep
|turn|14
|
|t:|1781136215
|move|p2a: Kyurem|Ice Beam|p1a: Corviknight
|-damage|p1a: Corviknight|68/100
|move|p1a: Corviknight|Brave Bird|p2a: Kyurem
|-damage|p2a: Kyurem|0 fnt
|faint|p2a: Kyurem
|-damage|p1a: Corviknight|58/100|[from] Recoil
|
|-heal|p1a: Corviknight|64/100|[from] item: Leftovers
|upkeep
|
|t:|1781136219
|switch|p2a: Samurott|Samurott-Hisui, F|100/100
|-damage|p2a: Samurott|88/100|[from] Stealth Rock
|turn|15
|inactive|stevstacks has 120 seconds left.
|inactive|stevstacks has 90 seconds left.
|
|t:|1781136281
|switch|p1a: Great Tusk|Great Tusk, shiny|100/100
|move|p2a: Samurott|Flip Turn|p1a: Great Tusk
|-supereffective|p1a: Great Tusk
|-damage|p1a: Great Tusk|63/100
|
|t:|1781136285
|switch|p2a: Landorus|Landorus-Therian, M|100/100|[from] Flip Turn
|-damage|p2a: Landorus|88/100|[from] Stealth Rock
|-ability|p2a: Landorus|Intimidate|boost
|-unboost|p1a: Great Tusk|atk|1
|
|upkeep
|turn|16
|
|t:|1781136292
|-end|p1a: Great Tusk|Protosynthesis|[silent]
|switch|p1a: Dragonite|Dragonite, M, shiny|100/100
|move|p2a: Landorus|U-turn|p1a: Dragonite
|-resisted|p1a: Dragonite
|-damage|p1a: Dragonite|95/100
|
|t:|1781136296
|switch|p2a: Rillaboom|Rillaboom, F|100/100|[from] U-turn
|-damage|p2a: Rillaboom|88/100|[from] Stealth Rock
|-fieldstart|move: Grassy Terrain|[from] ability: Grassy Surge|[of] p2a: Rillaboom
|
|-heal|p2a: Rillaboom|94/100|[from] Grassy Terrain
|upkeep
|turn|17
|
|t:|1781136301
|switch|p2a: Samurott|Samurott-Hisui, F|88/100
|-damage|p2a: Samurott|76/100|[from] Stealth Rock
|move|p1a: Dragonite|Dragon Dance|p1a: Dragonite
|-boost|p1a: Dragonite|atk|1
|-boost|p1a: Dragonite|spe|1
|
|-heal|p2a: Samurott|82/100|[from] Grassy Terrain
|upkeep
|turn|18
|
|t:|1781136308
|move|p1a: Dragonite|Scale Shot|p2a: Samurott
|-damage|p2a: Samurott|56/100
|-damage|p2a: Samurott|30/100
|-damage|p2a: Samurott|7/100
|-crit|p2a: Samurott
|-damage|p2a: Samurott|0 fnt
|faint|p2a: Samurott
|-hitcount|p2: Samurott|4
|-unboost|p1a: Dragonite|def|1
|-boost|p1a: Dragonite|spe|1
|
|upkeep
|
|t:|1781136314
|switch|p2a: Hawlucha|Hawlucha, F|100/100
|-damage|p2a: Hawlucha|88/100|[from] Stealth Rock
|-enditem|p2a: Hawlucha|Grassy Seed
|-boost|p2a: Hawlucha|def|1|[from] item: Grassy Seed
|turn|19
|inactive|stevstacks has 120 seconds left.
|inactive|stevstacks has 90 seconds left.
|
|t:|1781136376
|move|p2a: Hawlucha|Acrobatics|p1a: Dragonite
|-damage|p1a: Dragonite|14/100
|move|p1a: Dragonite|Scale Shot|p2a: Hawlucha
|-damage|p2a: Hawlucha|69/100
|-damage|p2a: Hawlucha|51/100
|-damage|p2a: Hawlucha|31/100
|-damage|p2a: Hawlucha|10/100
|-hitcount|p2a: Hawlucha|4
|-unboost|p1a: Dragonite|def|1
|-boost|p1a: Dragonite|spe|1
|
|upkeep
|turn|20
|
|t:|1781136394
|move|p1a: Dragonite|Fire Punch|p2a: Hawlucha
|-damage|p2a: Hawlucha|0 fnt
|faint|p2a: Hawlucha
|
|-fieldend|move: Grassy Terrain
|upkeep
|
|t:|1781136398
|switch|p2a: Rillaboom|Rillaboom, F|94/100
|-damage|p2a: Rillaboom|82/100|[from] Stealth Rock
|-fieldstart|move: Grassy Terrain|[from] ability: Grassy Surge|[of] p2a: Rillaboom
|turn|21
|
|t:|1781136403
|switch|p1a: Corviknight|Corviknight, M, shiny|64/100
|-ability|p1a: Corviknight|Pressure
|move|p2a: Rillaboom|Grassy Glide|p1a: Corviknight
|-resisted|p1a: Corviknight
|-damage|p1a: Corviknight|56/100
|
|-heal|p2a: Rillaboom|88/100|[from] Grassy Terrain
|-heal|p1a: Corviknight|62/100|[from] item: Leftovers
|upkeep
|turn|22
|inactive|stevstacks has 90 seconds left.
|
|t:|1781136409
|move|p2a: Rillaboom|Knock Off|p1a: Corviknight
|-damage|p1a: Corviknight|34/100
|-enditem|p1a: Corviknight|Leftovers|[from] move: Knock Off|[of] p2a: Rillaboom
|move|p1a: Corviknight|Roost|p1a: Corviknight
|-heal|p1a: Corviknight|84/100
|-singleturn|p1a: Corviknight|move: Roost
|
|-heal|p2a: Rillaboom|94/100|[from] Grassy Terrain
|-heal|p1a: Corviknight|90/100|[from] Grassy Terrain
|upkeep
|turn|23
|
|t:|1781136414
|switch|p2a: Landorus|Landorus-Therian, M|88/100
|-damage|p2a: Landorus|76/100|[from] Stealth Rock
|-ability|p2a: Landorus|Intimidate|boost
|-unboost|p1a: Corviknight|atk|1
|switch|p1a: Torkoal|Torkoal, M, shiny|23/100
|-weather|SunnyDay|[from] ability: Drought|[of] p1a: Torkoal
|
|-weather|SunnyDay|[upkeep]
|-heal|p1a: Torkoal|29/100|[from] Grassy Terrain
|upkeep
|turn|24
|
|t:|1781136420
|move|p2a: Landorus|Stealth Rock|p1a: Torkoal
|-sidestart|p1: stevstacks|move: Stealth Rock
|move|p1a: Torkoal|Will-O-Wisp|p2a: Landorus
|-status|p2a: Landorus|brn
|
|-weather|SunnyDay|[upkeep]
|-heal|p1a: Torkoal|35/100|[from] Grassy Terrain
|-damage|p2a: Landorus|70/100 brn|[from] brn
|upkeep
|turn|25
|
|t:|1781136427
|move|p2a: Landorus|U-turn|p1a: Torkoal
|-resisted|p1a: Torkoal
|-damage|p1a: Torkoal|32/100
|
|t:|1781136431
|switch|p2a: Rillaboom|Rillaboom, F|94/100|[from] U-turn
|-damage|p2a: Rillaboom|82/100|[from] Stealth Rock
|move|p1a: Torkoal|Rapid Spin|p2a: Rillaboom
|-crit|p2a: Rillaboom
|-damage|p2a: Rillaboom|69/100
|-boost|p1a: Torkoal|spe|1
|-sideend|p1: stevstacks|Stealth Rock|[from] move: Rapid Spin|[of] p1a: Torkoal
|
|-weather|SunnyDay|[upkeep]
|-heal|p2a: Rillaboom|75/100|[from] Grassy Terrain
|-heal|p1a: Torkoal|38/100|[from] Grassy Terrain
|-fieldend|move: Grassy Terrain
|upkeep
|turn|26
|
|t:|1781136435
|move|p2a: Rillaboom|Knock Off|p1a: Torkoal
|-crit|p1a: Torkoal
|-damage|p1a: Torkoal|0 fnt
|-enditem|p1a: Torkoal|Heat Rock|[from] move: Knock Off|[of] p2a: Rillaboom
|faint|p1a: Torkoal
|
|-weather|SunnyDay|[upkeep]
|upkeep
|
|t:|1781136439
|switch|p1a: Great Tusk|Great Tusk, shiny|63/100
|-activate|p1a: Great Tusk|ability: Protosynthesis
|-start|p1a: Great Tusk|protosynthesisatk
|turn|27
|
|t:|1781136446
|move|p1a: Great Tusk|Ice Spinner|p2a: Rillaboom
|-supereffective|p2a: Rillaboom
|-damage|p2a: Rillaboom|0 fnt
|faint|p2a: Rillaboom
|-damage|p1a: Great Tusk|53/100|[from] item: Life Orb
|
|-weather|SunnyDay|[upkeep]
|upkeep
|
|t:|1781136450
|switch|p2a: Landorus|Landorus-Therian, M|70/100 brn
|-damage|p2a: Landorus|57/100 brn|[from] Stealth Rock
|-ability|p2a: Landorus|Intimidate|boost
|-unboost|p1a: Great Tusk|atk|1
|turn|28
|
|t:|1781136455
|move|p2a: Landorus|Earth Power|p1a: Great Tusk
|-damage|p1a: Great Tusk|0 fnt
|faint|p1a: Great Tusk
|-end|p1a: Great Tusk|Protosynthesis|[silent]
|
|-weather|SunnyDay|[upkeep]
|-damage|p2a: Landorus|51/100 brn|[from] brn
|upkeep
|inactive|stevstacks has 120 seconds left.
|l|☆stevstacks
|inactive|stevstacks disconnected and has a minute to reconnect!
|player|p1|
|j|☆stevstacks
|inactive|stevstacks reconnected and has 90 seconds left.
|player|p1|stevstacks|102|
|
|t:|1781136518
|switch|p1a: Dragonite|Dragonite, M, shiny|14/100
|turn|29
|
|t:|1781136522
|move|p2a: Landorus|U-turn|p1a: Dragonite
|-resisted|p1a: Dragonite
|-damage|p1a: Dragonite|9/100
|move|p1a: Dragonite|Scale Shot|p2a: Landorus
|-damage|p2a: Landorus|36/100 brn
|-damage|p2a: Landorus|21/100 brn
|-damage|p2a: Landorus|8/100 brn
|-damage|p2a: Landorus|0 fnt
|faint|p2a: Landorus
|-hitcount|p2: Landorus|4
|
|win|stevstacks
|raw|stevstacks's rating: 1593 &rarr; <strong>1609</strong><br />(+16 for winning)
|raw|KurisuChestnutOU's rating: 1528 &rarr; <strong>1512</strong><br />(-16 for losing)
