|j|☆FrostBite13yes
|j|☆omari p
|t:|1781378658
|gametype|singles
|player|p1|FrostBite13yes|169|1526
|player|p2|omari p|pokemonrangerf|1571
|gen|9
|tier|[Gen 9] OU
|rated|
|rule|HP Percentage Mod: HP is shown in percentages
|rule|Endless Battle Clause: Forcing endless battles is banned
|rule|Species Clause: Limit one of each Pokémon
|rule|OHKO Clause: OHKO moves are banned
|rule|Evasion Items Clause: Evasion items are banned
|rule|Evasion Moves Clause: Evasion moves are banned
|rule|Evasion Abilities Clause: Evasion abilities are banned
|rule|Sleep Moves Clause: Sleep-inducing moves are banned
|clearpoke
|poke|p1|Pelipper, L99, F|
|poke|p1|Basculegion, M|
|poke|p1|Iron Treads|
|poke|p1|Toxicroak, M|
|poke|p1|Primarina, M|
|poke|p1|Zapdos|
|poke|p2|Klefki, M|
|poke|p2|Keldeo-Resolute|
|poke|p2|Garchomp, M|
|poke|p2|Landorus-Therian, M|
|poke|p2|Iron Valiant|
|poke|p2|Trevenant, M|
|teampreview
|l|☆FrostBite13yes
|player|p1|
|j|☆FrostBite13yes
|player|p1|FrostBite13yes|169|
|
|t:|1781378731
|teamsize|p1|6
|teamsize|p2|6
|start
|switch|p1a: Primarina|Primarina, M|100/100
|switch|p2a: Garchomp|Garchomp, M|100/100
|turn|1
|inactive|Battle timer is ON: inactive players will automatically lose when time's up. (requested by FrostBite13yes)
|
|t:|1781378779
|move|p2a: Garchomp|Stealth Rock|p1a: Primarina
|-sidestart|p1: FrostBite13yes|move: Stealth Rock
|move|p1a: Primarina|Moonblast|p2a: Garchomp
|-supereffective|p2a: Garchomp
|-damage|p2a: Garchomp|0 fnt
|faint|p2a: Garchomp
|
|upkeep
|
|t:|1781378783
|switch|p2a: Klefki|Klefki, M|100/100
|turn|2
|
|t:|1781378791
|switch|p1a: Iron Treads|Iron Treads|100/100
|-damage|p1a: Iron Treads|97/100|[from] Stealth Rock
|move|p2a: Klefki|Spikes|p1a: Iron Treads
|-sidestart|p1: FrostBite13yes|Spikes
|
|-heal|p1a: Iron Treads|100/100|[from] item: Leftovers
|upkeep
|turn|3
|
|t:|1781378800
|switch|p2a: Trevenant|Trevenant, M|100/100
|move|p1a: Iron Treads|Ice Spinner|p2a: Trevenant
|-supereffective|p2a: Trevenant
|-damage|p2a: Trevenant|58/100
|
|upkeep
|turn|4
|
|t:|1781378808
|move|p1a: Iron Treads|Ice Spinner|p2a: Trevenant
|-supereffective|p2a: Trevenant
|-damage|p2a: Trevenant|15/100
|-enditem|p2a: Trevenant|Sitrus Berry|[eat]
|-heal|p2a: Trevenant|40/100|[from] item: Sitrus Berry
|move|p2a: Trevenant|Will-O-Wisp|p1a: Iron Treads
|-status|p1a: Iron Treads|brn
|
|-damage|p1a: Iron Treads|94/100 brn|[from] brn
|upkeep
|turn|5
|
|t:|1781378827
|-end|p1a: Iron Treads|Quark Drive|[silent]
|switch|p1a: Toxicroak|Toxicroak, M|100/100
|-damage|p1a: Toxicroak|94/100|[from] Stealth Rock
|-damage|p1a: Toxicroak|82/100|[from] Spikes
|move|p2a: Trevenant|Foul Play|p1a: Toxicroak
|-resisted|p1a: Toxicroak
|-damage|p1a: Toxicroak|66/100
|
|-item|p2a: Trevenant|Sitrus Berry|[from] ability: Harvest
|upkeep
|-enditem|p2a: Trevenant|Sitrus Berry|[eat]
|-heal|p2a: Trevenant|65/100|[from] item: Sitrus Berry
|turn|6
|
|t:|1781378836
|move|p1a: Toxicroak|Gunk Shot|p2a: Trevenant|[miss]
|-miss|p1a: Toxicroak|p2a: Trevenant
|move|p2a: Trevenant|Will-O-Wisp|p1a: Toxicroak
|-status|p1a: Toxicroak|brn
|
|-damage|p1a: Toxicroak|60/100 brn|[from] brn
|-item|p2a: Trevenant|Sitrus Berry|[from] ability: Harvest
|upkeep
|turn|7
|
|t:|1781378845
|switch|p2a: Landorus|Landorus-Therian, M|100/100
|-ability|p2a: Landorus|Intimidate|boost
|-unboost|p1a: Toxicroak|atk|1
|move|p1a: Toxicroak|Gunk Shot|p2a: Landorus
|-resisted|p2a: Landorus
|-damage|p2a: Landorus|90/100
|-status|p2a: Landorus|psn
|
|-damage|p2a: Landorus|78/100 psn|[from] psn
|-damage|p1a: Toxicroak|53/100 brn|[from] brn
|upkeep
|turn|8
|
|t:|1781378851
|move|p2a: Landorus|U-turn|p1a: Toxicroak
|-resisted|p1a: Toxicroak
|-damage|p1a: Toxicroak|46/100 brn
|
|t:|1781378856
|switch|p2a: Klefki|Klefki, M|100/100|[from] U-turn
|move|p1a: Toxicroak|Close Combat|p2a: Klefki
|-damage|p2a: Klefki|80/100
|-unboost|p1a: Toxicroak|def|1
|-unboost|p1a: Toxicroak|spd|1
|
|-heal|p2a: Klefki|86/100|[from] item: Leftovers
|-damage|p1a: Toxicroak|40/100 brn|[from] brn
|upkeep
|turn|9
|
|t:|1781378867
|switch|p1a: Iron Treads|Iron Treads|94/100 brn
|-damage|p1a: Iron Treads|91/100 brn|[from] Stealth Rock
|-damage|p1a: Iron Treads|79/100 brn|[from] Spikes
|move|p2a: Klefki|Spikes|p1a: Iron Treads
|-sidestart|p1: FrostBite13yes|Spikes
|
|-heal|p1a: Iron Treads|85/100 brn|[from] item: Leftovers
|-heal|p2a: Klefki|92/100|[from] item: Leftovers
|-damage|p1a: Iron Treads|79/100 brn|[from] brn
|upkeep
|turn|10
|
|t:|1781378871
|-end|p1a: Iron Treads|Quark Drive|[silent]
|switch|p1a: Primarina|Primarina, M|100/100
|-damage|p1a: Primarina|88/100|[from] Stealth Rock
|-damage|p1a: Primarina|71/100|[from] Spikes
|switch|p2a: Trevenant|Trevenant, M|65/100
|
|upkeep
|turn|11
|
|t:|1781378880
|switch|p2a: Klefki|Klefki, M|92/100
|move|p1a: Primarina|Hydro Pump|p2a: Klefki
|-damage|p2a: Klefki|19/100
|
|-heal|p2a: Klefki|25/100|[from] item: Leftovers
|upkeep
|turn|12
|
|t:|1781378884
|move|p2a: Klefki|Magic Room|p2a: Klefki
|-fieldstart|move: Magic Room|[of] p2a: Klefki
|move|p1a: Primarina|Hydro Pump|p2a: Klefki|[miss]
|-miss|p1a: Primarina|p2a: Klefki
|
|upkeep
|turn|13
|
|t:|1781378891
|move|p2a: Klefki|Thunder Wave|p1a: Primarina
|-status|p1a: Primarina|par
|move|p1a: Primarina|Moonblast|p2a: Klefki
|-resisted|p2a: Klefki
|-damage|p2a: Klefki|2/100
|-unboost|p2a: Klefki|spa|1
|
|upkeep
|turn|14
|
|t:|1781378894
|move|p2a: Klefki|Spikes|p1a: Primarina
|-sidestart|p1: FrostBite13yes|Spikes
|move|p1a: Primarina|Moonblast|p2a: Klefki
|-resisted|p2a: Klefki
|-damage|p2a: Klefki|0 fnt
|faint|p2a: Klefki
|
|upkeep
|
|t:|1781378904
|switch|p2a: Landorus|Landorus-Therian, M|78/100 psn
|-ability|p2a: Landorus|Intimidate|boost
|-unboost|p1a: Primarina|atk|1
|turn|15
|
|t:|1781378916
|switch|p1a: Toxicroak|Toxicroak, M|40/100 brn
|-damage|p1a: Toxicroak|34/100 brn|[from] Stealth Rock
|-damage|p1a: Toxicroak|9/100 brn|[from] Spikes
|move|p2a: Landorus|Earthquake|p1a: Toxicroak
|-supereffective|p1a: Toxicroak
|-damage|p1a: Toxicroak|0 fnt
|faint|p1a: Toxicroak
|
|-damage|p2a: Landorus|65/100 psn|[from] psn
|upkeep
|
|t:|1781378919
|switch|p1a: Pelipper|Pelipper, L99, F|100/100
|-damage|p1a: Pelipper|76/100|[from] Stealth Rock
|-weather|RainDance|[from] ability: Drizzle|[of] p1a: Pelipper
|turn|16
|
|t:|1781378923
|move|p2a: Landorus|Stone Edge|p1a: Pelipper
|-supereffective|p1a: Pelipper
|-crit|p1a: Pelipper
|-damage|p1a: Pelipper|0 fnt
|faint|p1a: Pelipper
|
|-weather|RainDance|[upkeep]
|-damage|p2a: Landorus|53/100 psn|[from] psn
|-fieldend|move: Magic Room|[of] p2: Klefki
|upkeep
|
|t:|1781378926
|switch|p1a: Basculegion|Basculegion, M|100/100
|-damage|p1a: Basculegion|88/100|[from] Stealth Rock
|-damage|p1a: Basculegion|63/100|[from] Spikes
|turn|17
|
|t:|1781378934
|move|p1a: Basculegion|Wave Crash|p2a: Landorus
|-supereffective|p2a: Landorus
|-damage|p2a: Landorus|0 fnt
|faint|p2a: Landorus
|-damage|p1a: Basculegion|49/100|[from] Recoil
|
|-weather|RainDance|[upkeep]
|upkeep
|
|t:|1781378942
|switch|p2a: Keldeo|Keldeo-Resolute|100/100
|turn|18
|
|t:|1781378947
|switch|p1a: Iron Treads|Iron Treads|79/100 brn
|-damage|p1a: Iron Treads|75/100 brn|[from] Stealth Rock
|-damage|p1a: Iron Treads|50/100 brn|[from] Spikes
|move|p2a: Keldeo|Surf|p1a: Iron Treads
|-supereffective|p1a: Iron Treads
|-damage|p1a: Iron Treads|0 fnt
|faint|p1a: Iron Treads
|-end|p1a: Iron Treads|Quark Drive|[silent]
|
|-weather|RainDance|[upkeep]
|upkeep
|
|t:|1781378952
|switch|p1a: Primarina|Primarina, M|71/100 par
|-damage|p1a: Primarina|59/100 par|[from] Stealth Rock
|-damage|p1a: Primarina|34/100 par|[from] Spikes
|turn|19
|
|t:|1781378960
|switch|p2a: Trevenant|Trevenant, M|65/100
|move|p1a: Primarina|Moonblast|p2a: Trevenant
|-damage|p2a: Trevenant|0 fnt
|faint|p2a: Trevenant
|
|-weather|RainDance|[upkeep]
|upkeep
|
|t:|1781378964
|switch|p2a: Iron Valiant|Iron Valiant|100/100
|-enditem|p2a: Iron Valiant|Booster Energy
|-activate|p2a: Iron Valiant|ability: Quark Drive|[fromitem]
|-start|p2a: Iron Valiant|quarkdrivespe
|turn|20
|
|t:|1781378966
|move|p2a: Iron Valiant|Moonblast|p1a: Primarina
|-damage|p1a: Primarina|0 fnt
|faint|p1a: Primarina
|
|-weather|none
|upkeep
|
|t:|1781378969
|switch|p1a: Zapdos|Zapdos|100/100
|-damage|p1a: Zapdos|76/100|[from] Stealth Rock
|turn|21
|
|t:|1781378972
|move|p2a: Iron Valiant|Moonblast|p1a: Zapdos
|-crit|p1a: Zapdos
|-damage|p1a: Zapdos|0 fnt
|faint|p1a: Zapdos
|
|upkeep
|-message|FrostBite13yes forfeited.
|
|win|omari p
|raw|FrostBite13yes's rating: 1526 &rarr; <strong>1509</strong><br />(-17 for losing)
|raw|omari p's rating: 1571 &rarr; <strong>1588</strong><br />(+17 for winning)
|l|☆FrostBite13yes
|player|p1|
