|j|☆n5v
|j|☆goshdarnittt
|t:|1780951126
|gametype|singles
|player|p1|n5v|leon-masters|1497
|player|p2|goshdarnittt|yellow|1598
|gen|9
|tier|[Gen 9] OU
|rated|
|rule|HP Percentage Mod: HP is shown in percentages
|rule|Endless Battle Clause: Forcing endless battles is banned
|rule|Species Clause: Limit one of each Pokémon
|rule|OHKO Clause: OHKO moves are banned
|rule|Evasion Items Clause: Evasion items are banned
|rule|Evasion Moves Clause: Evasion moves are banned
|rule|Evasion Abilities Clause: Evasion abilities are banned
|rule|Sleep Moves Clause: Sleep-inducing moves are banned
|clearpoke
|poke|p1|Raging Bolt|
|poke|p1|Iron Crown|
|poke|p1|Rillaboom, F|
|poke|p1|Enamorus, F|
|poke|p1|Great Tusk|
|poke|p1|Pecharunt|
|poke|p2|Pelipper, F|
|poke|p2|Golduck, F|
|poke|p2|Raging Bolt|
|poke|p2|Barraskewda, F|
|poke|p2|Tentacruel, M|
|poke|p2|Pawmot, F|
|teampreview
|inactive|Battle timer is ON: inactive players will automatically lose when time's up. (requested by n5v)
|
|t:|1780951148
|teamsize|p1|6
|teamsize|p2|6
|start
|switch|p1a: goobing bolt|Raging Bolt|100/100
|switch|p2a: Pelipper|Pelipper, F|100/100
|-weather|RainDance|[from] ability: Drizzle|[of] p2a: Pelipper
|turn|1
|
|t:|1780951157
|switch|p2a: Tentacruel|Tentacruel, M|100/100
|move|p1a: goobing bolt|Draco Meteor|p2a: Tentacruel
|-damage|p2a: Tentacruel|41/100
|-unboost|p1a: goobing bolt|spa|2
|
|-weather|RainDance|[upkeep]
|-heal|p2a: Tentacruel|47/100|[from] ability: Rain Dish
|upkeep
|turn|2
|
|t:|1780951170
|-end|p1a: goobing bolt|Protosynthesis|[silent]
|switch|p1a: Pecharunt|Pecharunt|100/100
|move|p2a: Tentacruel|Flip Turn|p1a: Pecharunt
|-damage|p1a: Pecharunt|90/100
|inactive|goshdarnittt has 120 seconds left.
|
|t:|1780951196
|switch|p2a: Golduck|Golduck, F|100/100|[from] Flip Turn
|
|-weather|RainDance|[upkeep]
|upkeep
|turn|3
|inactive|goshdarnittt has 120 seconds left.
|
|t:|1780951214
|switch|p1a: goobing bolt|Raging Bolt|100/100
|move|p2a: Golduck|Ice Beam|p1a: goobing bolt
|-supereffective|p1a: goobing bolt
|-damage|p1a: goobing bolt|37/100
|-damage|p2a: Golduck|91/100|[from] item: Life Orb
|
|-weather|RainDance|[upkeep]
|upkeep
|turn|4
|inactive|goshdarnittt has 120 seconds left.
|
|t:|1780951237
|switch|p2a: Pawmot|Pawmot, F|100/100
|move|p1a: goobing bolt|Thunderclap||[still]
|-fail|p1a: goobing bolt
|
|-weather|RainDance|[upkeep]
|upkeep
|turn|5
|
|t:|1780951248
|-end|p1a: goobing bolt|Protosynthesis|[silent]
|switch|p1a: gay alladin|Enamorus, F|100/100
|move|p2a: Pawmot|Encore||[still]
|-fail|p2a: Pawmot
|
|-weather|RainDance|[upkeep]
|upkeep
|turn|6
|inactive|goshdarnittt has 120 seconds left.
|
|t:|1780951262
|switch|p2a: Tentacruel|Tentacruel, M|47/100
|move|p1a: gay alladin|Moonblast|p2a: Tentacruel
|-resisted|p2a: Tentacruel
|-damage|p2a: Tentacruel|33/100
|
|-weather|RainDance|[upkeep]
|-heal|p2a: Tentacruel|39/100|[from] ability: Rain Dish
|upkeep
|turn|7
|inactive|goshdarnittt has 120 seconds left.
|
|t:|1780951270
|switch|p1a: Pecharunt|Pecharunt|90/100
|move|p2a: Tentacruel|Flip Turn|p1a: Pecharunt
|-crit|p1a: Pecharunt
|-damage|p1a: Pecharunt|72/100
|inactive|goshdarnittt has 120 seconds left.
|
|t:|1780951276
|switch|p2a: Golduck|Golduck, F|91/100|[from] Flip Turn
|
|-weather|RainDance|[upkeep]
|upkeep
|turn|8
|
|t:|1780951284
|move|p2a: Golduck|Hydro Pump|p1a: Pecharunt
|-damage|p1a: Pecharunt|0 fnt
|faint|p1a: Pecharunt
|-damage|p2a: Golduck|81/100|[from] item: Life Orb
|
|-weather|none
|upkeep
|
|t:|1780951287
|switch|p1a: diddy kong|Rillaboom, F|100/100
|-fieldstart|move: Grassy Terrain|[from] ability: Grassy Surge|[of] p1a: diddy kong
|turn|9
|
|t:|1780951293
|switch|p2a: Pelipper|Pelipper, F|100/100
|-weather|RainDance|[from] ability: Drizzle|[of] p2a: Pelipper
|move|p1a: diddy kong|Knock Off|p2a: Pelipper
|-damage|p2a: Pelipper|73/100
|-enditem|p2a: Pelipper|Damp Rock|[from] move: Knock Off|[of] p1a: diddy kong
|
|-weather|RainDance|[upkeep]
|upkeep
|turn|10
|
|t:|1780951301
|move|p1a: diddy kong|U-turn|p2a: Pelipper
|-resisted|p2a: Pelipper
|-damage|p2a: Pelipper|63/100
|
|t:|1780951305
|switch|p1a: gay alladin|Enamorus, F|100/100|[from] U-turn
|move|p2a: Pelipper|U-turn|p1a: gay alladin
|-resisted|p1a: gay alladin
|-damage|p1a: gay alladin|97/100
|
|t:|1780951310
|switch|p2a: Barraskewda|Barraskewda, F|100/100|[from] U-turn
|
|-weather|RainDance|[upkeep]
|upkeep
|turn|11
|
|t:|1780951322
|switch|p1a: letachyon|Iron Crown|100/100
|move|p2a: Barraskewda|Liquidation|p1a: letachyon
|-damage|p1a: letachyon|26/100
|-unboost|p1a: letachyon|def|1
|
|-weather|RainDance|[upkeep]
|-heal|p1a: letachyon|32/100|[from] Grassy Terrain
|upkeep
|turn|12
|
|t:|1780951328
|move|p2a: Barraskewda|Liquidation|p1a: letachyon
|-damage|p1a: letachyon|0 fnt
|faint|p1a: letachyon
|-end|p1a: letachyon|Quark Drive|[silent]
|
|-weather|RainDance|[upkeep]
|upkeep
|
|t:|1780951330
|switch|p1a: diddy kong|Rillaboom, F|100/100
|turn|13
|
|t:|1780951337
|switch|p2a: Raging Bolt|Raging Bolt|100/100
|move|p1a: diddy kong|Grassy Glide|p2a: Raging Bolt
|-resisted|p2a: Raging Bolt
|-crit|p2a: Raging Bolt
|-damage|p2a: Raging Bolt|75/100
|
|-weather|RainDance|[upkeep]
|-heal|p2a: Raging Bolt|81/100|[from] Grassy Terrain
|upkeep
|turn|14
|
|t:|1780951344
|switch|p1a: cheap tusk|Great Tusk|100/100
|move|p2a: Raging Bolt|Weather Ball|p1a: cheap tusk
|-supereffective|p1a: cheap tusk
|-damage|p1a: cheap tusk|0 fnt
|faint|p1a: cheap tusk
|-end|p1a: cheap tusk|Protosynthesis|[silent]
|-damage|p2a: Raging Bolt|71/100|[from] item: Life Orb
|
|-weather|RainDance|[upkeep]
|-heal|p2a: Raging Bolt|77/100|[from] Grassy Terrain
|upkeep
|
|t:|1780951360
|switch|p1a: gay alladin|Enamorus, F|97/100
|turn|15
|
|t:|1780951369
|-terastallize|p1a: gay alladin|Ground
|move|p2a: Raging Bolt|Thunderclap|p1a: gay alladin
|-immune|p1a: gay alladin
|move|p1a: gay alladin|Moonblast|p2a: Raging Bolt
|-supereffective|p2a: Raging Bolt
|-damage|p2a: Raging Bolt|0 fnt
|faint|p2a: Raging Bolt
|-end|p2a: Raging Bolt|Protosynthesis|[silent]
|
|-weather|RainDance|[upkeep]
|-heal|p1a: gay alladin|100/100|[from] Grassy Terrain
|upkeep
|
|t:|1780951380
|switch|p2a: Barraskewda|Barraskewda, F|100/100
|turn|16
|
|t:|1780951387
|switch|p1a: diddy kong|Rillaboom, F|100/100
|move|p2a: Barraskewda|Liquidation|p1a: diddy kong
|-resisted|p1a: diddy kong
|-damage|p1a: diddy kong|60/100
|
|-weather|none
|-heal|p1a: diddy kong|66/100|[from] Grassy Terrain
|-fieldend|move: Grassy Terrain
|upkeep
|turn|17
|
|t:|1780951398
|switch|p2a: Pelipper|Pelipper, F|63/100
|-weather|RainDance|[from] ability: Drizzle|[of] p2a: Pelipper
|move|p1a: diddy kong|Grassy Glide|p2a: Pelipper
|-damage|p2a: Pelipper|41/100
|
|-weather|RainDance|[upkeep]
|upkeep
|turn|18
|
|t:|1780951403
|move|p1a: diddy kong|U-turn|p2a: Pelipper
|-resisted|p2a: Pelipper
|-damage|p2a: Pelipper|31/100
|
|t:|1780951405
|switch|p1a: gay alladin|Enamorus, F, tera:Ground|100/100|[from] U-turn
|move|p2a: Pelipper|U-turn|p1a: gay alladin
|-damage|p1a: gay alladin|88/100
|
|t:|1780951408
|switch|p2a: Barraskewda|Barraskewda, F|100/100|[from] U-turn
|
|-weather|RainDance|[upkeep]
|upkeep
|turn|19
|
|t:|1780951415
|move|p2a: Barraskewda|Liquidation|p1a: gay alladin
|-supereffective|p1a: gay alladin
|-damage|p1a: gay alladin|0 fnt
|faint|p1a: gay alladin
|
|-weather|RainDance|[upkeep]
|upkeep
|
|t:|1780951417
|switch|p1a: diddy kong|Rillaboom, F|66/100
|-fieldstart|move: Grassy Terrain|[from] ability: Grassy Surge|[of] p1a: diddy kong
|turn|20
|
|t:|1780951423
|switch|p2a: Pelipper|Pelipper, F|31/100
|move|p1a: diddy kong|Grassy Glide|p2a: Pelipper
|-damage|p2a: Pelipper|3/100
|
|-weather|RainDance|[upkeep]
|-heal|p1a: diddy kong|72/100|[from] Grassy Terrain
|upkeep
|turn|21
|
|t:|1780951428
|move|p1a: diddy kong|Grassy Glide|p2a: Pelipper
|-damage|p2a: Pelipper|0 fnt
|faint|p2a: Pelipper
|
|-weather|none
|-heal|p1a: diddy kong|78/100|[from] Grassy Terrain
|upkeep
|
|t:|1780951443
|switch|p2a: Tentacruel|Tentacruel, M|39/100
|turn|22
|
|t:|1780951451
|move|p1a: diddy kong|Grassy Glide|p2a: Tentacruel
|-damage|p2a: Tentacruel|0 fnt
|faint|p2a: Tentacruel
|
|-heal|p1a: diddy kong|84/100|[from] Grassy Terrain
|upkeep
|
|t:|1780951455
|switch|p2a: Pawmot|Pawmot, F|100/100
|turn|23
|
|t:|1780951460
|move|p1a: diddy kong|Grassy Glide|p2a: Pawmot
|-damage|p2a: Pawmot|46/100
|move|p2a: Pawmot|Revival Blessing|p2a: Pawmot
|-enditem|p2a: Pawmot|Leppa Berry|[eat]
|-activate|p2a: Pawmot|item: Leppa Berry|Revival Blessing|[consumed]
|
|t:|1780951465
|-heal|p2: Pelipper|50/100|[from] move: Revival Blessing
|
|-heal|p2a: Pawmot|52/100|[from] Grassy Terrain
|-heal|p1a: diddy kong|90/100|[from] Grassy Terrain
|upkeep
|turn|24
|
|t:|1780951470
|move|p1a: diddy kong|Grassy Glide|p2a: Pawmot
|-damage|p2a: Pawmot|0 fnt
|faint|p2a: Pawmot
|
|-heal|p1a: diddy kong|96/100|[from] Grassy Terrain
|upkeep
|
|t:|1780951474
|switch|p2a: Pelipper|Pelipper, F|50/100
|-weather|RainDance|[from] ability: Drizzle|[of] p2a: Pelipper
|turn|25
|
|t:|1780951484
|move|p1a: diddy kong|Grassy Glide|p2a: Pelipper
|-damage|p2a: Pelipper|18/100
|move|p2a: Pelipper|Hurricane|p1a: diddy kong
|-supereffective|p1a: diddy kong
|-damage|p1a: diddy kong|17/100
|
|-weather|RainDance|[upkeep]
|-heal|p1a: diddy kong|23/100|[from] Grassy Terrain
|upkeep
|turn|26
|
|t:|1780951505
|move|p1a: diddy kong|Grassy Glide|p2a: Pelipper
|-damage|p2a: Pelipper|0 fnt
|faint|p2a: Pelipper
|
|-weather|RainDance|[upkeep]
|-heal|p1a: diddy kong|29/100|[from] Grassy Terrain
|upkeep
|
|t:|1780951509
|switch|p2a: Golduck|Golduck, F|81/100
|turn|27
|inactive|goshdarnittt has 120 seconds left.
|
|t:|1780951552
|switch|p2a: Barraskewda|Barraskewda, F|100/100
|move|p1a: diddy kong|Grassy Glide|p2a: Barraskewda
|-supereffective|p2a: Barraskewda
|-damage|p2a: Barraskewda|0 fnt
|faint|p2a: Barraskewda
|
|-weather|RainDance|[upkeep]
|-heal|p1a: diddy kong|35/100|[from] Grassy Terrain
|-fieldend|move: Grassy Terrain
|upkeep
|
|t:|1780951554
|switch|p2a: Golduck|Golduck, F|81/100
|turn|28
|
|t:|1780951557
|switch|p1a: goobing bolt|Raging Bolt|37/100
|move|p2a: Golduck|Ice Beam|p1a: goobing bolt
|-supereffective|p1a: goobing bolt
|-damage|p1a: goobing bolt|0 fnt
|faint|p1a: goobing bolt
|-end|p1a: goobing bolt|Protosynthesis|[silent]
|-damage|p2a: Golduck|71/100|[from] item: Life Orb
|
|-weather|RainDance|[upkeep]
|upkeep
|
|t:|1780951559
|switch|p1a: diddy kong|Rillaboom, F|35/100
|-fieldstart|move: Grassy Terrain|[from] ability: Grassy Surge|[of] p1a: diddy kong
|turn|29
|
|t:|1780951561
|-terastallize|p2a: Golduck|Ghost
|move|p2a: Golduck|Vacuum Wave|p1a: diddy kong
|-damage|p1a: diddy kong|17/100
|-damage|p2a: Golduck|61/100|[from] item: Life Orb
|move|p1a: diddy kong|Grassy Glide|p2a: Golduck
|-damage|p2a: Golduck|2/100
|
|-weather|none
|-heal|p2a: Golduck|8/100|[from] Grassy Terrain
|-heal|p1a: diddy kong|23/100|[from] Grassy Terrain
|upkeep
|turn|30
|
|t:|1780951567
|move|p2a: Golduck|Vacuum Wave|p1a: diddy kong
|-damage|p1a: diddy kong|6/100
|-damage|p2a: Golduck|0 fnt|[from] item: Life Orb
|faint|p2a: Golduck
|
|win|n5v
|raw|n5v's rating: 1497 &rarr; <strong>1523</strong><br />(+26 for winning)
|raw|goshdarnittt's rating: 1598 &rarr; <strong>1572</strong><br />(-26 for losing)
|l|☆goshdarnittt
|player|p2|
|l|☆n5v
|player|p1|
