|j|☆ohlookarock3
|j|☆Omari P
|t:|1781050203
|gametype|singles
|player|p1|ohlookarock3|geeta|1607
|player|p2|Omari P|pokemonrangerf|1590
|gen|9
|tier|[Gen 9] OU
|rated|
|rule|HP Percentage Mod: HP is shown in percentages
|rule|Endless Battle Clause: Forcing endless battles is banned
|rule|Species Clause: Limit one of each Pokémon
|rule|OHKO Clause: OHKO moves are banned
|rule|Evasion Items Clause: Evasion items are banned
|rule|Evasion Moves Clause: Evasion moves are banned
|rule|Evasion Abilities Clause: Evasion abilities are banned
|rule|Sleep Moves Clause: Sleep-inducing moves are banned
|clearpoke
|poke|p1|Hatterene, F|
|poke|p1|Iron Treads|
|poke|p1|Ceruledge, F|
|poke|p1|Ting-Lu|
|poke|p1|Dragonite, F|
|poke|p1|Kyurem|
|poke|p2|Hoopa|
|poke|p2|Cinderace, F|
|poke|p2|Mandibuzz, F|
|poke|p2|Kyurem|
|poke|p2|Ting-Lu|
|poke|p2|Manaphy|
|teampreview
|inactive|Battle timer is ON: inactive players will automatically lose when time's up. (requested by ohlookarock3)
|
|t:|1781050234
|teamsize|p1|6
|teamsize|p2|6
|start
|switch|p1a: Dinrū|Ting-Lu|100/100
|switch|p2a: Ting-Lucifer|Ting-Lu|100/100
|-ability|p1a: Dinrū|Vessel of Ruin
|-ability|p2a: Ting-Lucifer|Vessel of Ruin
|turn|1
|
|t:|1781050244
|move|p1a: Dinrū|Stealth Rock|p2a: Ting-Lucifer
|-sidestart|p2: Omari P|move: Stealth Rock
|move|p2a: Ting-Lucifer|Stealth Rock|p1a: Dinrū
|-sidestart|p1: ohlookarock3|move: Stealth Rock
|
|upkeep
|turn|2
|
|t:|1781050249
|move|p1a: Dinrū|Ruination|p2a: Ting-Lucifer
|-damage|p2a: Ting-Lucifer|50/100
|move|p2a: Ting-Lucifer|Earthquake|p1a: Dinrū
|-damage|p1a: Dinrū|76/100
|
|-heal|p1a: Dinrū|82/100|[from] item: Leftovers
|upkeep
|turn|3
|inactive|Omari P has 120 seconds left.
|inactive|Omari P has 90 seconds left.
|
|t:|1781050323
|move|p1a: Dinrū|Earthquake|p2a: Ting-Lucifer
|-damage|p2a: Ting-Lucifer|30/100
|move|p2a: Ting-Lucifer|Earthquake|p1a: Dinrū
|-damage|p1a: Dinrū|56/100
|
|-heal|p1a: Dinrū|62/100|[from] item: Leftovers
|upkeep
|turn|4
|
|t:|1781050330
|move|p1a: Dinrū|Earthquake|p2a: Ting-Lucifer
|-damage|p2a: Ting-Lucifer|10/100
|move|p2a: Ting-Lucifer|Earthquake|p1a: Dinrū
|-damage|p1a: Dinrū|34/100
|
|-heal|p1a: Dinrū|41/100|[from] item: Leftovers
|upkeep
|turn|5
|
|t:|1781050334
|move|p1a: Dinrū|Earthquake|p2a: Ting-Lucifer
|-damage|p2a: Ting-Lucifer|0 fnt
|faint|p2a: Ting-Lucifer
|
|-heal|p1a: Dinrū|47/100|[from] item: Leftovers
|upkeep
|
|t:|1781050336
|switch|p2a: Cinderace|Cinderace, F|100/100
|-damage|p2a: Cinderace|76/100|[from] Stealth Rock
|turn|6
|
|t:|1781050344
|move|p2a: Cinderace|U-turn|p1a: Dinrū
|-start|p2a: Cinderace|typechange|Bug|[from] ability: Libero
|-supereffective|p1a: Dinrū
|-damage|p1a: Dinrū|10/100
|
|t:|1781050372
|switch|p2a: Mandibuzz|Mandibuzz, F, shiny|100/100|[from] U-turn
|-damage|p2a: Mandibuzz|76/100|[from] Stealth Rock
|move|p1a: Dinrū|Earthquake|p2a: Mandibuzz
|-immune|p2a: Mandibuzz
|
|-heal|p1a: Dinrū|16/100|[from] item: Leftovers
|upkeep
|turn|7
|
|t:|1781050379
|move|p2a: Mandibuzz|Defog|p1a: Dinrū
|-unboost|p1a: Dinrū|evasion|1
|-sideend|p1: ohlookarock3|Stealth Rock|[from] move: Defog|[of] p2a: Mandibuzz
|-sideend|p2: Omari P|Stealth Rock|[from] move: Defog|[of] p2a: Mandibuzz
|move|p1a: Dinrū|Earthquake|p2a: Mandibuzz
|-immune|p2a: Mandibuzz
|
|-heal|p1a: Dinrū|23/100|[from] item: Leftovers
|upkeep
|turn|8
|
|t:|1781050384
|move|p2a: Mandibuzz|Toxic|p1a: Dinrū
|-status|p1a: Dinrū|tox
|move|p1a: Dinrū|Stealth Rock|p2a: Mandibuzz
|-sidestart|p2: Omari P|move: Stealth Rock
|
|-heal|p1a: Dinrū|29/100 tox|[from] item: Leftovers
|-damage|p1a: Dinrū|23/100 tox|[from] psn
|upkeep
|turn|9
|inactive|Omari P has 120 seconds left.
|inactive|Omari P has 90 seconds left.
|inactive|Omari P has 60 seconds left.
|
|t:|1781050469
|move|p2a: Mandibuzz|Defog|p1a: Dinrū
|-unboost|p1a: Dinrū|evasion|1
|-sideend|p2: Omari P|Stealth Rock|[from] move: Defog|[of] p2a: Mandibuzz
|move|p1a: Dinrū|Ruination|p2a: Mandibuzz
|-damage|p2a: Mandibuzz|38/100
|
|-heal|p1a: Dinrū|29/100 tox|[from] item: Leftovers
|-damage|p1a: Dinrū|16/100 tox|[from] psn
|upkeep
|turn|10
|
|t:|1781050477
|move|p2a: Mandibuzz|Roost|p2a: Mandibuzz
|-heal|p2a: Mandibuzz|88/100
|-singleturn|p2a: Mandibuzz|move: Roost
|move|p1a: Dinrū|Stealth Rock|p2a: Mandibuzz
|-sidestart|p2: Omari P|move: Stealth Rock
|
|-heal|p1a: Dinrū|23/100 tox|[from] item: Leftovers
|-damage|p1a: Dinrū|4/100 tox|[from] psn
|upkeep
|turn|11
|inactive|Omari P has 60 seconds left.
|
|t:|1781050482
|move|p2a: Mandibuzz|Foul Play|p1a: Dinrū
|-resisted|p1a: Dinrū
|-damage|p1a: Dinrū|0 fnt
|faint|p1a: Dinrū
|
|upkeep
|
|t:|1781050496
|switch|p1a: Kyuremu|Kyurem|100/100
|-ability|p1a: Kyuremu|Pressure
|turn|12
|
|t:|1781050500
|switch|p2a: Cinderace|Cinderace, F|76/100
|-damage|p2a: Cinderace|51/100|[from] Stealth Rock
|move|p1a: Kyuremu|Ice Beam|p2a: Cinderace
|-resisted|p2a: Cinderace
|-damage|p2a: Cinderace|1/100
|
|upkeep
|turn|13
|
|t:|1781050509
|switch|p1a: Soubureizu|Ceruledge, F|100/100
|move|p2a: Cinderace|Court Change|p2a: Cinderace
|-start|p2a: Cinderace|typechange|Normal|[from] ability: Libero
|-swapsideconditions
|-activate|p2a: Cinderace|move: Court Change
|
|upkeep
|turn|14
|inactive|Omari P has 90 seconds left.
|
|t:|1781050519
|move|p2a: Cinderace|U-turn|p1a: Soubureizu
|-resisted|p1a: Soubureizu
|-damage|p1a: Soubureizu|93/100
|-ability|p1a: Soubureizu|Weak Armor|boost
|-unboost|p1a: Soubureizu|def|1
|-boost|p1a: Soubureizu|spe|2
|
|t:|1781050523
|switch|p2a: Mandibuzz|Mandibuzz, F, shiny|88/100|[from] U-turn
|move|p1a: Soubureizu|Swords Dance|p1a: Soubureizu
|-boost|p1a: Soubureizu|atk|2
|
|upkeep
|turn|15
|
|t:|1781050527
|move|p1a: Soubureizu|Bitter Blade|p2a: Mandibuzz
|-damage|p2a: Mandibuzz|34/100
|-heal|p1a: Soubureizu|100/100|[from] drain|[of] p2a: Mandibuzz
|-damage|p1a: Soubureizu|84/100|[from] item: Rocky Helmet|[of] p2a: Mandibuzz
|move|p2a: Mandibuzz|Foul Play|p1a: Soubureizu
|-supereffective|p1a: Soubureizu
|-damage|p1a: Soubureizu|0 fnt
|faint|p1a: Soubureizu
|
|upkeep
|
|t:|1781050536
|switch|p1a: Tetsowadachi|Iron Treads|100/100
|-damage|p1a: Tetsowadachi|97/100|[from] Stealth Rock
|turn|16
|inactive|Omari P has 90 seconds left.
|
|t:|1781050577
|move|p1a: Tetsowadachi|Knock Off|p2a: Mandibuzz
|-resisted|p2a: Mandibuzz
|-damage|p2a: Mandibuzz|25/100
|-damage|p1a: Tetsowadachi|81/100|[from] item: Rocky Helmet|[of] p2a: Mandibuzz
|-enditem|p2a: Mandibuzz|Rocky Helmet|[from] move: Knock Off|[of] p1a: Tetsowadachi
|move|p2a: Mandibuzz|Roost|p2a: Mandibuzz
|-heal|p2a: Mandibuzz|75/100
|-singleturn|p2a: Mandibuzz|move: Roost
|
|-heal|p1a: Tetsowadachi|87/100|[from] item: Leftovers
|upkeep
|turn|17
|
|t:|1781050584
|move|p1a: Tetsowadachi|Rapid Spin|p2a: Mandibuzz
|-damage|p2a: Mandibuzz|65/100
|-boost|p1a: Tetsowadachi|spe|1
|-sideend|p1: ohlookarock3|Stealth Rock|[from] move: Rapid Spin|[of] p1a: Tetsowadachi
|move|p2a: Mandibuzz|Roost|p2a: Mandibuzz
|-heal|p2a: Mandibuzz|100/100
|-singleturn|p2a: Mandibuzz|move: Roost
|
|-heal|p1a: Tetsowadachi|93/100|[from] item: Leftovers
|upkeep
|turn|18
|
|t:|1781050588
|move|p1a: Tetsowadachi|Ice Spinner|p2a: Mandibuzz
|-supereffective|p2a: Mandibuzz
|-damage|p2a: Mandibuzz|71/100
|move|p2a: Mandibuzz|Foul Play|p1a: Tetsowadachi
|-damage|p1a: Tetsowadachi|51/100
|
|-heal|p1a: Tetsowadachi|57/100|[from] item: Leftovers
|upkeep
|turn|19
|inactive|Omari P has 90 seconds left.
|
|t:|1781050629
|move|p1a: Tetsowadachi|Ice Spinner|p2a: Mandibuzz
|-supereffective|p2a: Mandibuzz
|-damage|p2a: Mandibuzz|40/100
|move|p2a: Mandibuzz|Foul Play|p1a: Tetsowadachi
|-damage|p1a: Tetsowadachi|13/100
|
|-heal|p1a: Tetsowadachi|19/100|[from] item: Leftovers
|upkeep
|turn|20
|
|t:|1781050635
|move|p1a: Tetsowadachi|Ice Spinner|p2a: Mandibuzz
|-supereffective|p2a: Mandibuzz
|-damage|p2a: Mandibuzz|13/100
|move|p2a: Mandibuzz|Roost|p2a: Mandibuzz
|-heal|p2a: Mandibuzz|63/100
|-singleturn|p2a: Mandibuzz|move: Roost
|
|-heal|p1a: Tetsowadachi|25/100|[from] item: Leftovers
|upkeep
|turn|21
|inactive|Omari P has 60 seconds left.
|
|t:|1781050661
|move|p1a: Tetsowadachi|Ice Spinner|p2a: Mandibuzz
|-supereffective|p2a: Mandibuzz
|-damage|p2a: Mandibuzz|34/100
|move|p2a: Mandibuzz|Foul Play|p1a: Tetsowadachi
|-damage|p1a: Tetsowadachi|0 fnt
|faint|p1a: Tetsowadachi
|-end|p1a: Tetsowadachi|Quark Drive|[silent]
|
|upkeep
|
|t:|1781050668
|switch|p1a: Kyuremu|Kyurem|100/100
|-ability|p1a: Kyuremu|Pressure
|turn|22
|
|t:|1781050671
|switch|p2a: Cinderace|Cinderace, F|1/100
|move|p1a: Kyuremu|Freeze-Dry|p2a: Cinderace
|-resisted|p2a: Cinderace
|-damage|p2a: Cinderace|0 fnt
|faint|p2a: Cinderace
|
|upkeep
|
|t:|1781050673
|switch|p2a: Hoopa|Hoopa|100/100
|turn|23
|
|t:|1781050684
|switch|p1a: Burimon|Hatterene, F|100/100
|move|p2a: Hoopa|Calm Mind|p2a: Hoopa
|-boost|p2a: Hoopa|spa|1
|-boost|p2a: Hoopa|spd|1
|
|upkeep
|turn|24
|
|t:|1781050690
|move|p2a: Hoopa|Substitute|p2a: Hoopa
|-start|p2a: Hoopa|Substitute
|-damage|p2a: Hoopa|76/100
|move|p1a: Burimon|Nuzzle|p2a: Hoopa
|-activate|p2a: Hoopa|move: Substitute|[damage]
|
|upkeep
|turn|25
|
|t:|1781050693
|move|p2a: Hoopa|Shadow Ball|p1a: Burimon
|-supereffective|p1a: Burimon
|-damage|p1a: Burimon|0 fnt
|faint|p1a: Burimon
|
|upkeep
|
|t:|1781050697
|switch|p1a: Kyuremu|Kyurem|100/100
|-ability|p1a: Kyuremu|Pressure
|turn|26
|
|t:|1781050702
|move|p1a: Kyuremu|Ice Beam|p2a: Hoopa
|-end|p2a: Hoopa|Substitute
|move|p2a: Hoopa|Calm Mind|p2a: Hoopa
|-boost|p2a: Hoopa|spa|1
|-boost|p2a: Hoopa|spd|1
|
|upkeep
|turn|27
|
|t:|1781050709
|move|p1a: Kyuremu|Ice Beam|p2a: Hoopa
|-damage|p2a: Hoopa|45/100
|move|p2a: Hoopa|Substitute|p2a: Hoopa
|-start|p2a: Hoopa|Substitute
|-damage|p2a: Hoopa|21/100
|-enditem|p2a: Hoopa|Aguav Berry|[eat]
|-heal|p2a: Hoopa|54/100|[from] item: Aguav Berry
|
|upkeep
|turn|28
|
|t:|1781050716
|move|p1a: Kyuremu|Ice Beam|p2a: Hoopa
|-end|p2a: Hoopa|Substitute
|move|p2a: Hoopa|Shadow Ball|p1a: Kyuremu
|-damage|p1a: Kyuremu|10/100
|-item|p2a: Hoopa|Choice Specs|[from] ability: Magician|[of] p1a: Kyuremu
|
|upkeep
|turn|29
|
|t:|1781050721
|move|p1a: Kyuremu|Ice Beam|p2a: Hoopa
|-damage|p2a: Hoopa|35/100
|move|p2a: Hoopa|Shadow Ball|p1a: Kyuremu
|-damage|p1a: Kyuremu|0 fnt
|faint|p1a: Kyuremu
|
|upkeep
|
|t:|1781050728
|switch|p1a: Kairyū|Dragonite, F|100/100
|turn|30
|
|t:|1781050741
|move|p1a: Kairyū|Dragon Dance|p1a: Kairyū
|-boost|p1a: Kairyū|atk|1
|-boost|p1a: Kairyū|spe|1
|move|p2a: Hoopa|Shadow Ball|p1a: Kairyū
|-damage|p1a: Kairyū|25/100
|
|-heal|p1a: Kairyū|31/100|[from] item: Leftovers
|upkeep
|turn|31
|
|t:|1781050748
|move|p1a: Kairyū|Earthquake|p2a: Hoopa
|-damage|p2a: Hoopa|0 fnt
|faint|p2a: Hoopa
|
|-heal|p1a: Kairyū|37/100|[from] item: Leftovers
|upkeep
|
|t:|1781050751
|switch|p2a: Kyurem|Kyurem|100/100
|-ability|p2a: Kyurem|Pressure
|turn|32
|
|t:|1781050755
|-terastallize|p1a: Kairyū|Fairy
|move|p2a: Kyurem|Ice Beam|p1a: Kairyū
|-damage|p1a: Kairyū|0 fnt
|faint|p1a: Kairyū
|
|win|Omari P
|raw|ohlookarock3's rating: 1607 &rarr; <strong>1585</strong><br />(-22 for losing)
|raw|Omari P's rating: 1574 &rarr; <strong>1596</strong><br />(+22 for winning)
|l|☆ohlookarock3
|player|p1|
