|j|☆northside mons
|j|☆altyWIN
|t:|1781151191
|gametype|singles
|player|p1|northside mons|fisherman-gen4|1526
|player|p2|altyWIN|backpacker|1517
|gen|9
|tier|[Gen 9] OU
|rated|
|rule|HP Percentage Mod: HP is shown in percentages
|rule|Endless Battle Clause: Forcing endless battles is banned
|rule|Species Clause: Limit one of each Pokémon
|rule|OHKO Clause: OHKO moves are banned
|rule|Evasion Items Clause: Evasion items are banned
|rule|Evasion Moves Clause: Evasion moves are banned
|rule|Evasion Abilities Clause: Evasion abilities are banned
|rule|Sleep Moves Clause: Sleep-inducing moves are banned
|clearpoke
|poke|p1|Landorus-Therian, M|
|poke|p1|Gholdengo|
|poke|p1|Rillaboom, M|
|poke|p1|Walking Wake|
|poke|p1|Volcanion|
|poke|p1|Zamazenta-*|
|poke|p2|Excadrill, F|
|poke|p2|Tyranitar, M|
|poke|p2|Hydrapple, F|
|poke|p2|Alomomola, L99, M|
|poke|p2|Hatterene, F|
|poke|p2|Zapdos|
|teampreview
|inactive|Battle timer is ON: inactive players will automatically lose when time's up. (requested by altyWIN)
|
|t:|1781151203
|teamsize|p1|6
|teamsize|p2|6
|start
|switch|p1a: Landorus|Landorus-Therian, M|100/100
|switch|p2a: FreeCaneMerchant|Zapdos|100/100
|-ability|p1a: Landorus|Intimidate|boost
|-unboost|p2a: FreeCaneMerchant|atk|1
|turn|1
|
|t:|1781151207
|switch|p2a: Kim K|Hatterene, F|100/100
|move|p1a: Landorus|Taunt|p2a: Kim K
|move|p2a: Kim K|Taunt|p1a: Landorus|[from] ability: Magic Bounce
|-start|p1a: Landorus|move: Taunt
|
|upkeep
|turn|2
|
|t:|1781151222
|move|p1a: Landorus|Earth Power|p2a: Kim K
|-damage|p2a: Kim K|81/100
|move|p2a: Kim K|Mystical Fire|p1a: Landorus
|-damage|p1a: Landorus|74/100
|-unboost|p1a: Landorus|spa|1
|
|upkeep
|turn|3
|
|t:|1781151227
|move|p1a: Landorus|U-turn|p2a: Kim K
|-damage|p2a: Kim K|64/100
|
|t:|1781151233
|switch|p1a: Rillaboom|Rillaboom, M|100/100|[from] U-turn
|-fieldstart|move: Grassy Terrain|[from] ability: Grassy Surge|[of] p1a: Rillaboom
|move|p2a: Kim K|Psychic Noise|p1a: Rillaboom
|-damage|p1a: Rillaboom|59/100
|-start|p1a: Rillaboom|move: Heal Block
|
|-heal|p2a: Kim K|70/100|[from] Grassy Terrain
|upkeep
|turn|4
|
|t:|1781151247
|switch|p1a: Gholdengo|Gholdengo|100/100
|-enditem|p1a: Gholdengo|Grassy Seed
|-boost|p1a: Gholdengo|def|1|[from] item: Grassy Seed
|switch|p2a: Hydrippy|Hydrapple, F|100/100
|
|upkeep
|turn|5
|
|t:|1781151255
|-terastallize|p1a: Gholdengo|Fairy
|move|p1a: Gholdengo|Nasty Plot|p1a: Gholdengo
|-boost|p1a: Gholdengo|spa|2
|move|p2a: Hydrippy|Earth Power|p1a: Gholdengo
|-damage|p1a: Gholdengo|79/100
|-unboost|p1a: Gholdengo|spd|1
|
|-heal|p1a: Gholdengo|85/100|[from] Grassy Terrain
|upkeep
|turn|6
|inactive|altyWIN has 120 seconds left.
|
|t:|1781151299
|switch|p2a: FreeCaneMerchant|Zapdos|100/100
|move|p1a: Gholdengo|Shadow Ball|p2a: FreeCaneMerchant
|-damage|p2a: FreeCaneMerchant|6/100
|
|-heal|p1a: Gholdengo|91/100|[from] Grassy Terrain
|upkeep
|turn|7
|
|t:|1781151319
|move|p2a: FreeCaneMerchant|Hurricane|p1a: Gholdengo
|-damage|p1a: Gholdengo|0 fnt
|faint|p1a: Gholdengo
|
|-fieldend|move: Grassy Terrain
|upkeep
|
|t:|1781151328
|switch|p1a: Rillaboom|Rillaboom, M|59/100
|-fieldstart|move: Grassy Terrain|[from] ability: Grassy Surge|[of] p1a: Rillaboom
|turn|8
|
|t:|1781151336
|switch|p2a: Hydrippy|Hydrapple, F|100/100
|move|p1a: Rillaboom|Grassy Glide|p2a: Hydrippy
|-resisted|p2a: Hydrippy
|-damage|p2a: Hydrippy|93/100
|-damage|p1a: Rillaboom|49/100|[from] item: Life Orb
|
|-heal|p1a: Rillaboom|55/100|[from] Grassy Terrain
|-heal|p2a: Hydrippy|99/100|[from] Grassy Terrain
|upkeep
|turn|9
|inactive|altyWIN has 120 seconds left.
|
|t:|1781151343
|move|p1a: Rillaboom|Knock Off|p2a: Hydrippy
|-damage|p2a: Hydrippy|72/100
|-enditem|p2a: Hydrippy|Heavy-Duty Boots|[from] move: Knock Off|[of] p1a: Rillaboom
|-damage|p1a: Rillaboom|45/100|[from] item: Life Orb
|move|p2a: Hydrippy|Nasty Plot|p2a: Hydrippy
|-boost|p2a: Hydrippy|spa|2
|
|-heal|p1a: Rillaboom|51/100|[from] Grassy Terrain
|-heal|p2a: Hydrippy|79/100|[from] Grassy Terrain
|upkeep
|turn|10
|inactive|altyWIN has 120 seconds left.
|
|t:|1781151363
|move|p1a: Rillaboom|Swords Dance|p1a: Rillaboom
|-boost|p1a: Rillaboom|atk|2
|move|p2a: Hydrippy|Nasty Plot|p2a: Hydrippy
|-boost|p2a: Hydrippy|spa|2
|
|-heal|p1a: Rillaboom|58/100|[from] Grassy Terrain
|-heal|p2a: Hydrippy|85/100|[from] Grassy Terrain
|upkeep
|turn|11
|
|t:|1781151371
|move|p1a: Rillaboom|High Horsepower|p2a: Hydrippy
|-resisted|p2a: Hydrippy
|-damage|p2a: Hydrippy|59/100
|-damage|p1a: Rillaboom|48/100|[from] item: Life Orb
|move|p2a: Hydrippy|Giga Drain|p1a: Rillaboom
|-resisted|p1a: Rillaboom
|-damage|p1a: Rillaboom|0 fnt
|-heal|p2a: Hydrippy|79/100|[from] drain|[of] p1a: Rillaboom
|faint|p1a: Rillaboom
|
|-heal|p2a: Hydrippy|86/100|[from] Grassy Terrain
|upkeep
|
|t:|1781151377
|switch|p1a: Zamazenta|Zamazenta|100/100
|-ability|p1a: Zamazenta|Dauntless Shield|boost
|-boost|p1a: Zamazenta|def|1
|turn|12
|
|t:|1781151384
|move|p1a: Zamazenta|Ice Fang|p2a: Hydrippy
|-supereffective|p2a: Hydrippy
|-crit|p2a: Hydrippy
|-damage|p2a: Hydrippy|0 fnt
|faint|p2a: Hydrippy
|-damage|p1a: Zamazenta|91/100|[from] item: Life Orb
|
|-heal|p1a: Zamazenta|97/100|[from] Grassy Terrain
|-fieldend|move: Grassy Terrain
|upkeep
|inactive|altyWIN has 120 seconds left.
|
|t:|1781151399
|switch|p2a: Cardi B|Alomomola, L99, M|100/100
|turn|13
|
|t:|1781151403
|switch|p1a: Volcanion|Volcanion|100/100
|move|p2a: Cardi B|Wish|p2a: Cardi B
|
|upkeep
|turn|14
|
|t:|1781151411
|switch|p2a: Kim K|Hatterene, F|70/100
|move|p1a: Volcanion|Sludge Bomb|p2a: Kim K
|-supereffective|p2a: Kim K
|-damage|p2a: Kim K|27/100
|-status|p2a: Kim K|psn
|
|-heal|p2a: Kim K|100/100 psn|[from] move: Wish|[wisher] Cardi B
|-damage|p2a: Kim K|88/100 psn|[from] psn
|upkeep
|turn|15
|
|t:|1781151432
|switch|p2a: Childinthemines|Excadrill, F|100/100
|move|p1a: Volcanion|Sludge Bomb|p2a: Childinthemines
|-immune|p2a: Childinthemines
|
|upkeep
|turn|16
|
|t:|1781151439
|move|p2a: Childinthemines|Earthquake|p1a: Volcanion
|-supereffective|p1a: Volcanion
|-enditem|p1a: Volcanion|Shuca Berry|[eat]
|-enditem|p1a: Volcanion|Shuca Berry|[weaken]
|-damage|p1a: Volcanion|31/100
|move|p1a: Volcanion|Will-O-Wisp|p2a: Childinthemines
|-status|p2a: Childinthemines|brn
|
|-damage|p2a: Childinthemines|94/100 brn|[from] brn
|upkeep
|turn|17
|
|t:|1781151446
|switch|p1a: Landorus|Landorus-Therian, M|74/100
|-ability|p1a: Landorus|Intimidate|boost
|-unboost|p2a: Childinthemines|atk|1
|move|p2a: Childinthemines|Earthquake|p1a: Landorus
|-immune|p1a: Landorus
|
|-damage|p2a: Childinthemines|88/100 brn|[from] brn
|upkeep
|turn|18
|
|t:|1781151452
|switch|p2a: Cardi B|Alomomola, L99, M|100/100
|move|p1a: Landorus|Earth Power|p2a: Cardi B
|-damage|p2a: Cardi B|59/100
|-unboost|p2a: Cardi B|spd|1
|
|upkeep
|turn|19
|
|t:|1781151461
|switch|p2a: Kim K|Hatterene, F|88/100 psn
|move|p1a: Landorus|Stealth Rock|p2a: Kim K
|move|p2a: Kim K|Stealth Rock|p1a: Landorus|[from] ability: Magic Bounce
|-sidestart|p1: northside mons|move: Stealth Rock
|
|-damage|p2a: Kim K|76/100 psn|[from] psn
|upkeep
|turn|20
|
|t:|1781151469
|move|p1a: Landorus|Earth Power|p2a: Kim K
|-damage|p2a: Kim K|57/100 psn
|move|p2a: Kim K|Psychic Noise|p1a: Landorus
|-damage|p1a: Landorus|34/100
|-start|p1a: Landorus|move: Heal Block
|
|-damage|p2a: Kim K|45/100 psn|[from] psn
|upkeep
|turn|21
|
|t:|1781151477
|move|p1a: Landorus|Earth Power|p2a: Kim K
|-damage|p2a: Kim K|26/100 psn
|move|p2a: Kim K|Psychic Noise|p1a: Landorus
|-damage|p1a: Landorus|0 fnt
|faint|p1a: Landorus
|
|-damage|p2a: Kim K|13/100 psn|[from] psn
|upkeep
|
|t:|1781151485
|switch|p1a: Zamazenta|Zamazenta|97/100
|-damage|p1a: Zamazenta|91/100|[from] Stealth Rock
|turn|22
|
|t:|1781151492
|switch|p2a: Cardi B|Alomomola, L99, M|93/100
|move|p1a: Zamazenta|Crunch|p2a: Cardi B
|-damage|p2a: Cardi B|74/100
|-unboost|p2a: Cardi B|def|1
|-damage|p1a: Zamazenta|81/100|[from] item: Life Orb
|
|upkeep
|turn|23
|
|t:|1781151510
|switch|p2a: FreeCaneMerchant|Zapdos|6/100
|move|p1a: Zamazenta|Close Combat|p2a: FreeCaneMerchant
|-resisted|p2a: FreeCaneMerchant
|-damage|p2a: FreeCaneMerchant|0 fnt
|-unboost|p1a: Zamazenta|def|1
|-unboost|p1a: Zamazenta|spd|1
|-status|p1a: Zamazenta|par|[from] ability: Static|[of] p2a: FreeCaneMerchant
|faint|p2a: FreeCaneMerchant
|-damage|p1a: Zamazenta|71/100 par|[from] item: Life Orb
|
|upkeep
|
|t:|1781151521
|switch|p2a: Goatyranny|Tyranitar, M|100/100
|-weather|Sandstorm|[from] ability: Sand Stream|[of] p2a: Goatyranny
|turn|24
|
|t:|1781151526
|move|p2a: Goatyranny|Low Kick|p1a: Zamazenta
|-damage|p1a: Zamazenta|0 fnt
|faint|p1a: Zamazenta
|
|-weather|Sandstorm|[upkeep]
|upkeep
|
|t:|1781151534
|switch|p1a: Volcanion|Volcanion|31/100
|-damage|p1a: Volcanion|6/100|[from] Stealth Rock
|turn|25
|
|t:|1781151541
|switch|p2a: Cardi B|Alomomola, L99, M|100/100
|move|p1a: Volcanion|Steam Eruption|p2a: Cardi B
|-resisted|p2a: Cardi B
|-damage|p2a: Cardi B|61/100
|
|-weather|Sandstorm|[upkeep]
|-damage|p1a: Volcanion|0 fnt|[from] Sandstorm
|-damage|p2a: Cardi B|55/100|[from] Sandstorm
|faint|p1a: Volcanion
|upkeep
|
|t:|1781151544
|switch|p1a: Walking Wake|Walking Wake|100/100
|-damage|p1a: Walking Wake|88/100|[from] Stealth Rock
|-enditem|p1a: Walking Wake|Booster Energy
|-activate|p1a: Walking Wake|ability: Protosynthesis|[fromitem]
|-start|p1a: Walking Wake|protosynthesisspa
|turn|26
|
|t:|1781151565
|move|p1a: Walking Wake|Agility|p1a: Walking Wake
|-boost|p1a: Walking Wake|spe|2
|move|p2a: Cardi B|Play Rough|p1a: Walking Wake
|-supereffective|p1a: Walking Wake
|-damage|p1a: Walking Wake|56/100
|
|-weather|Sandstorm|[upkeep]
|-damage|p1a: Walking Wake|49/100|[from] Sandstorm
|-damage|p2a: Cardi B|49/100|[from] Sandstorm
|upkeep
|turn|27
|inactive|altyWIN has 120 seconds left.
|
|t:|1781151604
|-terastallize|p2a: Cardi B|Fairy
|move|p1a: Walking Wake|Dragon Pulse|p2a: Cardi B
|-immune|p2a: Cardi B
|move|p2a: Cardi B|Play Rough|p1a: Walking Wake
|-supereffective|p1a: Walking Wake
|-crit|p1a: Walking Wake
|-damage|p1a: Walking Wake|0 fnt
|faint|p1a: Walking Wake
|-end|p1a: Walking Wake|Protosynthesis|[silent]
|
|win|altyWIN
|raw|northside mons's rating: 1526 &rarr; <strong>1505</strong><br />(-21 for losing)
|raw|altyWIN's rating: 1517 &rarr; <strong>1538</strong><br />(+21 for winning)
|l|☆northside mons
|player|p1|
|l|☆altyWIN
|player|p2|
