|badge|p1|bronze|gen9ubers|100-9
|uhtml|medal-msg|<div class="broadcast-blue">Curious what those medals under the avatar are? PS now has Ladder Seasons! For more information, check out the <a href="https://www.smogon.com/forums/threads/3740067/">thread on Smogon.</a></div>
|j|☆DriftedEx
|j|☆dnites
|t:|1781206264
|gametype|singles
|player|p1|DriftedEx|rocketgrunt|1629
|player|p2|dnites|102|1615
|gen|9
|tier|[Gen 9] OU
|rated|
|rule|HP Percentage Mod: HP is shown in percentages
|rule|Endless Battle Clause: Forcing endless battles is banned
|rule|Species Clause: Limit one of each Pokémon
|rule|OHKO Clause: OHKO moves are banned
|rule|Evasion Items Clause: Evasion items are banned
|rule|Evasion Moves Clause: Evasion moves are banned
|rule|Evasion Abilities Clause: Evasion abilities are banned
|rule|Sleep Moves Clause: Sleep-inducing moves are banned
|clearpoke
|poke|p1|Darkrai|
|poke|p1|Garchomp, M|
|poke|p1|Alomomola, F|
|poke|p1|Corviknight, F|
|poke|p1|Weezing-Galar, F|
|poke|p1|Ogerpon, F|
|poke|p2|Pincurchin, M|
|poke|p2|Hawlucha, F|
|poke|p2|Iron Valiant|
|poke|p2|Latias, F|
|poke|p2|Raichu-Alola, M|
|poke|p2|Iron Moth|
|teampreview
|inactive|Battle timer is ON: inactive players will automatically lose when time's up. (requested by DriftedEx)
|
|t:|1781206278
|teamsize|p1|6
|teamsize|p2|6
|start
|switch|p1a: Darkrai|Darkrai|100/100
|switch|p2a: Pincurchin|Pincurchin, M|100/100
|-fieldstart|move: Electric Terrain|[from] ability: Electric Surge|[of] p2a: Pincurchin
|turn|1
|
|t:|1781206282
|switch|p1a: Garchomp|Garchomp, M|100/100
|move|p2a: Pincurchin|Spikes|p1a: Garchomp
|-sidestart|p1: DriftedEx|Spikes
|
|upkeep
|turn|2
|
|t:|1781206287
|switch|p2a: Iron Valiant|Iron Valiant|100/100
|-activate|p2a: Iron Valiant|ability: Quark Drive
|-start|p2a: Iron Valiant|quarkdriveatk
|move|p1a: Garchomp|Stealth Rock|p2a: Iron Valiant
|-sidestart|p2: dnites|move: Stealth Rock
|
|upkeep
|turn|3
|
|t:|1781206295
|switch|p1a: Weezing|Weezing-Galar, F|100/100
|-ability|p1a: Weezing|Neutralizing Gas
|-damage|p1a: Weezing|88/100|[from] Spikes
|move|p2a: Iron Valiant|Thunder Punch|p1a: Weezing
|-damage|p1a: Weezing|55/100
|
|-heal|p1a: Weezing|61/100|[from] item: Leftovers
|upkeep
|turn|4
|
|t:|1781206298
|-end|p2a: Iron Valiant|Quark Drive|[silent]
|switch|p2a: Raichu|Raichu-Alola, M|100/100
|-damage|p2a: Raichu|88/100|[from] Stealth Rock
|move|p1a: Weezing|Will-O-Wisp|p2a: Raichu
|-status|p2a: Raichu|brn
|
|-heal|p1a: Weezing|67/100|[from] item: Leftovers
|-damage|p2a: Raichu|82/100 brn|[from] brn
|upkeep
|turn|5
|
|t:|1781206307
|-end|p1a: Weezing|ability: Neutralizing Gas
|switch|p1a: Garchomp|Garchomp, M|100/100
|-damage|p1a: Garchomp|88/100|[from] Spikes
|move|p2a: Raichu|Psyshock|p1a: Garchomp
|-damage|p1a: Garchomp|53/100
|
|-damage|p2a: Raichu|76/100 brn|[from] brn
|upkeep
|turn|6
|
|t:|1781206315
|switch|p2a: Iron Valiant|Iron Valiant|100/100
|-damage|p2a: Iron Valiant|94/100|[from] Stealth Rock
|-activate|p2a: Iron Valiant|ability: Quark Drive
|-start|p2a: Iron Valiant|quarkdriveatk
|move|p1a: Garchomp|Spikes|p2a: Iron Valiant
|-sidestart|p2: dnites|Spikes
|
|upkeep
|turn|7
|
|t:|1781206321
|switch|p1a: Alomomola|Alomomola, F|100/100
|-damage|p1a: Alomomola|88/100|[from] Spikes
|move|p2a: Iron Valiant|Spirit Break|p1a: Alomomola
|-damage|p1a: Alomomola|35/100
|-unboost|p1a: Alomomola|spa|1
|
|upkeep
|turn|8
|
|t:|1781206328
|switch|p1a: Weezing|Weezing-Galar, F|67/100
|-ability|p1a: Weezing|Neutralizing Gas
|-damage|p1a: Weezing|55/100|[from] Spikes
|move|p2a: Iron Valiant|Spirit Break|p1a: Weezing
|-resisted|p1a: Weezing
|-damage|p1a: Weezing|34/100
|-unboost|p1a: Weezing|spa|1
|
|-heal|p1a: Weezing|40/100|[from] item: Leftovers
|-fieldend|move: Electric Terrain
|upkeep
|turn|9
|
|t:|1781206339
|-end|p2a: Iron Valiant|Quark Drive|[silent]
|switch|p2a: Pincurchin|Pincurchin, M|100/100
|-damage|p2a: Pincurchin|88/100|[from] Stealth Rock
|-damage|p2a: Pincurchin|76/100|[from] Spikes
|move|p1a: Weezing|Pain Split|p2a: Pincurchin
|-sethp|p2a: Pincurchin|60/100|[from] move: Pain Split|[silent]
|-sethp|p1a: Weezing|54/100|[from] move: Pain Split
|
|-heal|p1a: Weezing|60/100|[from] item: Leftovers
|upkeep
|turn|10
|
|t:|1781206344
|move|p1a: Weezing|Sludge Bomb|p2a: Pincurchin
|-damage|p2a: Pincurchin|38/100
|move|p2a: Pincurchin|Spikes|p1a: Weezing
|-sidestart|p1: DriftedEx|Spikes
|
|-heal|p1a: Weezing|66/100|[from] item: Leftovers
|upkeep
|turn|11
|
|t:|1781206348
|switch|p2a: Iron Moth|Iron Moth|100/100
|move|p1a: Weezing|Sludge Bomb|p2a: Iron Moth
|-resisted|p2a: Iron Moth
|-damage|p2a: Iron Moth|92/100
|
|-heal|p1a: Weezing|72/100|[from] item: Leftovers
|upkeep
|turn|12
|
|t:|1781206351
|-end|p1a: Weezing|ability: Neutralizing Gas
|switch|p1a: Alomomola|Alomomola, F|68/100
|-damage|p1a: Alomomola|52/100|[from] Spikes
|move|p2a: Iron Moth|Fiery Dance|p1a: Alomomola
|-resisted|p1a: Alomomola
|-damage|p1a: Alomomola|40/100
|
|upkeep
|turn|13
|
|t:|1781206353
|move|p2a: Iron Moth|Discharge|p1a: Alomomola
|-supereffective|p1a: Alomomola
|-damage|p1a: Alomomola|12/100
|move|p1a: Alomomola|Mirror Coat|p2a: Iron Moth
|-damage|p2a: Iron Moth|0 fnt
|faint|p2a: Iron Moth
|-end|p2a: Iron Moth|Quark Drive|[silent]
|
|upkeep
|
|t:|1781206357
|switch|p2a: Pincurchin|Pincurchin, M|38/100
|-damage|p2a: Pincurchin|26/100|[from] Stealth Rock
|-damage|p2a: Pincurchin|13/100|[from] Spikes
|-fieldstart|move: Electric Terrain|[from] ability: Electric Surge|[of] p2a: Pincurchin
|turn|14
|
|t:|1781206364
|move|p2a: Pincurchin|Sucker Punch|p1a: Alomomola
|-damage|p1a: Alomomola|0 fnt
|faint|p1a: Alomomola
|
|upkeep
|
|t:|1781206366
|switch|p1a: Garchomp|Garchomp, M|53/100
|-damage|p1a: Garchomp|37/100|[from] Spikes
|turn|15
|
|t:|1781206370
|move|p1a: Garchomp|Spikes|p2a: Pincurchin
|-sidestart|p2: dnites|Spikes
|move|p2a: Pincurchin|Hydro Pump|p1a: Garchomp|[miss]
|-miss|p2a: Pincurchin|p1a: Garchomp
|
|upkeep
|turn|16
|
|t:|1781206375
|move|p1a: Garchomp|Spikes|p2a: Pincurchin
|-sidestart|p2: dnites|Spikes
|move|p2a: Pincurchin|Hydro Pump|p1a: Garchomp
|-damage|p1a: Garchomp|16/100
|
|upkeep
|turn|17
|
|t:|1781206377
|move|p2a: Pincurchin|Sucker Punch|p1a: Garchomp
|-damage|p1a: Garchomp|5/100
|-damage|p2a: Pincurchin|1/100|[from] ability: Rough Skin|[of] p1a: Garchomp
|-damage|p2a: Pincurchin|0 fnt|[from] item: Rocky Helmet|[of] p1a: Garchomp
|faint|p2a: Pincurchin
|move|p1a: Garchomp|Earthquake|p2: Pincurchin|[notarget]
|-fail|p1a: Garchomp
|
|upkeep
|
|t:|1781206392
|switch|p2a: Hawlucha|Hawlucha, F|100/100
|-damage|p2a: Hawlucha|88/100|[from] Stealth Rock
|-enditem|p2a: Hawlucha|Electric Seed
|-boost|p2a: Hawlucha|def|1|[from] item: Electric Seed
|turn|18
|
|t:|1781206397
|move|p2a: Hawlucha|Acrobatics|p1a: Garchomp
|-damage|p1a: Garchomp|0 fnt
|-damage|p2a: Hawlucha|76/100|[from] ability: Rough Skin|[of] p1a: Garchomp
|-damage|p2a: Hawlucha|59/100|[from] item: Rocky Helmet|[of] p1a: Garchomp
|faint|p1a: Garchomp
|
|upkeep
|
|t:|1781206400
|switch|p1a: Corviknight|Corviknight, F|100/100
|-ability|p1a: Corviknight|Pressure
|turn|19
|
|t:|1781206409
|switch|p2a: Latias|Latias, F|100/100
|-damage|p2a: Latias|88/100|[from] Stealth Rock
|-enditem|p2a: Latias|Electric Seed
|-boost|p2a: Latias|def|1|[from] item: Electric Seed
|move|p1a: Corviknight|Brave Bird|p2a: Latias
|-damage|p2a: Latias|69/100
|-damage|p1a: Corviknight|95/100|[from] Recoil
|
|-heal|p1a: Corviknight|100/100|[from] item: Leftovers
|upkeep
|turn|20
|
|t:|1781206413
|move|p2a: Latias|Calm Mind|p2a: Latias
|-boost|p2a: Latias|spa|1
|-boost|p2a: Latias|spd|1
|move|p1a: Corviknight|U-turn|p2a: Latias
|-supereffective|p2a: Latias
|-damage|p2a: Latias|55/100
|
|t:|1781206415
|switch|p1a: Ogerpon|Ogerpon, F|100/100|[from] U-turn
|-damage|p1a: Ogerpon|84/100|[from] Spikes
|
|upkeep
|turn|21
|
|t:|1781206418
|-terastallize|p1a: Ogerpon|Grass
|detailschange|p1a: Ogerpon|Ogerpon-Teal-Tera, F, tera:Grass
|-ability|p1a: Ogerpon|Embody Aspect (Teal)|boost
|-boost|p1a: Ogerpon|spe|1
|move|p1a: Ogerpon|Encore|p2a: Latias
|-start|p2a: Latias|Encore
|move|p2a: Latias|Calm Mind|p2a: Latias
|-boost|p2a: Latias|spa|1
|-boost|p2a: Latias|spd|1
|
|-fieldend|move: Electric Terrain
|upkeep
|turn|22
|-message|dnites forfeited.
|
|win|DriftedEx
|raw|DriftedEx's rating: 1629 &rarr; <strong>1648</strong><br />(+19 for winning)
|raw|dnites's rating: 1615 &rarr; <strong>1596</strong><br />(-19 for losing)
|l|☆dnites
|player|p2|
|l|☆DriftedEx
|player|p1|
|j|☆DriftedEx
|player|p1|DriftedEx|rocketgrunt|
|l|☆DriftedEx
|player|p1|
