|j|☆overheat xyz
|j|☆cachowcapow
|t:|1781404954
|gametype|singles
|player|p1|overheat xyz|101|1711
|player|p2|cachowcapow|169|1757
|gen|9
|tier|[Gen 9] OU
|rated|
|rule|HP Percentage Mod: HP is shown in percentages
|rule|Endless Battle Clause: Forcing endless battles is banned
|rule|Species Clause: Limit one of each Pokémon
|rule|OHKO Clause: OHKO moves are banned
|rule|Evasion Items Clause: Evasion items are banned
|rule|Evasion Moves Clause: Evasion moves are banned
|rule|Evasion Abilities Clause: Evasion abilities are banned
|rule|Sleep Moves Clause: Sleep-inducing moves are banned
|clearpoke
|poke|p1|Dragapult, F|
|poke|p1|Samurott-Hisui, M|
|poke|p1|Rillaboom, F|
|poke|p1|Slowking-Galar, M|
|poke|p1|Kingambit, M|
|poke|p1|Corviknight, F|
|poke|p2|Meowscarada, F|
|poke|p2|Slowking-Galar, F|
|poke|p2|Alomomola, M|
|poke|p2|Great Tusk|
|poke|p2|Cetitan, M|
|poke|p2|Tornadus-Therian, M|
|teampreview
|l|☆overheat xyz
|player|p1|
|j|☆overheat xyz
|player|p1|overheat xyz|101|
|
|t:|1781404994
|teamsize|p1|6
|teamsize|p2|6
|start
|switch|p1a: Samurott|Samurott-Hisui, M|100/100
|switch|p2a: Great Tusk|Great Tusk|100/100
|turn|1
|inactive|Battle timer is ON: inactive players will automatically lose when time's up. (requested by overheat xyz)
|
|t:|1781405002
|switch|p1a: Corviknight|Corviknight, F|100/100
|-ability|p1a: Corviknight|Pressure
|move|p2a: Great Tusk|Knock Off|p1a: Corviknight
|-damage|p1a: Corviknight|81/100
|-damage|p2a: Great Tusk|84/100|[from] item: Rocky Helmet|[of] p1a: Corviknight
|-enditem|p1a: Corviknight|Rocky Helmet|[from] move: Knock Off|[of] p2a: Great Tusk
|
|upkeep
|turn|2
|
|t:|1781405014
|-end|p2a: Great Tusk|Protosynthesis|[silent]
|switch|p2a: Alomomola|Alomomola, M|100/100
|move|p1a: Corviknight|Body Press|p2a: Alomomola
|-damage|p2a: Alomomola|81/100
|
|upkeep
|turn|3
|
|t:|1781405035
|switch|p1a: Dragapult|Dragapult, F|100/100
|move|p2a: Alomomola|Flip Turn|p1a: Dragapult
|-resisted|p1a: Dragapult
|-damage|p1a: Dragapult|89/100
|
|t:|1781405054
|switch|p2a: Slowking|Slowking-Galar, F|100/100|[from] Flip Turn
|
|upkeep
|turn|4
|
|t:|1781405066
|move|p1a: Dragapult|Shadow Ball|p2a: Slowking
|-supereffective|p2a: Slowking
|-damage|p2a: Slowking|31/100
|-prepare|p2a: Slowking|Chilly Reception|[premajor]
|move|p2a: Slowking|Chilly Reception|p2a: Slowking
|-weather|Snowscape
|
|t:|1781405078
|switch|p2a: Tornadus|Tornadus-Therian, M|100/100|[from] Chilly Reception
|
|-weather|Snowscape|[upkeep]
|upkeep
|turn|5
|
|t:|1781405090
|switch|p1a: Slowking|Slowking-Galar, M|100/100
|move|p2a: Tornadus|Nasty Plot|p2a: Tornadus
|-boost|p2a: Tornadus|spa|2
|
|-weather|Snowscape|[upkeep]
|upkeep
|turn|6
|
|t:|1781405098
|move|p2a: Tornadus|Bleakwind Storm|p1a: Slowking
|-damage|p1a: Slowking|35/100
|-damage|p2a: Tornadus|91/100|[from] item: Life Orb
|move|p1a: Slowking|Sludge Bomb|p2a: Tornadus
|-damage|p2a: Tornadus|33/100
|
|-weather|Snowscape|[upkeep]
|upkeep
|turn|7
|
|t:|1781405109
|switch|p1a: Kingambit|Kingambit, M|100/100
|move|p2a: Tornadus|Bleakwind Storm|p1a: Kingambit
|-resisted|p1a: Kingambit
|-crit|p1a: Kingambit
|-damage|p1a: Kingambit|9/100
|-damage|p2a: Tornadus|23/100|[from] item: Life Orb
|
|-weather|Snowscape|[upkeep]
|-heal|p1a: Kingambit|15/100|[from] item: Leftovers
|upkeep
|turn|8
|
|t:|1781405119
|switch|p2a: Alomomola|Alomomola, M|100/100
|move|p1a: Kingambit|Iron Head|p2a: Alomomola
|-resisted|p2a: Alomomola
|-damage|p2a: Alomomola|84/100
|
|-weather|Snowscape|[upkeep]
|-heal|p1a: Kingambit|21/100|[from] item: Leftovers
|upkeep
|turn|9
|
|t:|1781405128
|move|p1a: Kingambit|Swords Dance|p1a: Kingambit
|-boost|p1a: Kingambit|atk|2
|move|p2a: Alomomola|Flip Turn|p1a: Kingambit
|-damage|p1a: Kingambit|9/100
|
|t:|1781405137
|switch|p2a: Great Tusk|Great Tusk|84/100|[from] Flip Turn
|
|-weather|Snowscape|[upkeep]
|-heal|p1a: Kingambit|15/100|[from] item: Leftovers
|upkeep
|turn|10
|
|t:|1781405148
|-end|p1a: Kingambit|fallenundefined|[silent]
|switch|p1a: Corviknight|Corviknight, F|81/100
|-ability|p1a: Corviknight|Pressure
|move|p2a: Great Tusk|Headlong Rush|p1a: Corviknight
|-immune|p1a: Corviknight
|
|-weather|Snowscape|[upkeep]
|upkeep
|turn|11
|j| choispecs ironmoth
|
|t:|1781405166
|-end|p2a: Great Tusk|Protosynthesis|[silent]
|switch|p2a: Tornadus|Tornadus-Therian, M|56/100
|switch|p1a: Dragapult|Dragapult, F|89/100
|
|-weather|none
|upkeep
|turn|12
|
|t:|1781405175
|switch|p2a: Alomomola|Alomomola, M|100/100
|move|p1a: Dragapult|Shadow Ball|p2a: Alomomola
|-damage|p2a: Alomomola|62/100
|
|upkeep
|turn|13
|
|t:|1781405185
|move|p1a: Dragapult|Shadow Ball|p2a: Alomomola
|-damage|p2a: Alomomola|21/100
|move|p2a: Alomomola|Flip Turn|p1a: Dragapult
|-resisted|p1a: Dragapult
|-damage|p1a: Dragapult|78/100
|
|t:|1781405192
|switch|p2a: Meowscarada|Meowscarada, F|100/100|[from] Flip Turn
|
|upkeep
|turn|14
|
|t:|1781405222
|switch|p1a: Corviknight|Corviknight, F|81/100
|-ability|p1a: Corviknight|Pressure
|move|p2a: Meowscarada|Dark Pulse|p1a: Corviknight
|-start|p2a: Meowscarada|typechange|Dark|[from] ability: Protean
|-damage|p1a: Corviknight|36/100
|
|upkeep
|turn|15
|j| BislikeDlacks
|
|t:|1781405234
|switch|p2a: Great Tusk|Great Tusk|84/100
|switch|p1a: Samurott|Samurott-Hisui, M|100/100
|
|upkeep
|turn|16
|
|t:|1781405238
|move|p1a: Samurott|Aqua Cutter|p2a: Great Tusk
|-supereffective|p2a: Great Tusk
|-damage|p2a: Great Tusk|19/100
|move|p2a: Great Tusk|Close Combat|p1a: Samurott
|-supereffective|p1a: Samurott
|-damage|p1a: Samurott|0 fnt
|-unboost|p2a: Great Tusk|def|1
|-unboost|p2a: Great Tusk|spd|1
|faint|p1a: Samurott
|
|upkeep
|
|t:|1781405248
|switch|p1a: Dragapult|Dragapult, F|78/100
|turn|17
|
|t:|1781405257
|move|p1a: Dragapult|Shadow Ball|p2a: Great Tusk
|-crit|p2a: Great Tusk
|-damage|p2a: Great Tusk|0 fnt
|faint|p2a: Great Tusk
|-end|p2a: Great Tusk|Protosynthesis|[silent]
|
|upkeep
|
|t:|1781405259
|switch|p2a: Meowscarada|Meowscarada, F|100/100
|turn|18
|
|t:|1781405285
|switch|p1a: Slowking|Slowking-Galar, M|69/100
|move|p2a: Meowscarada|Dark Pulse|p1a: Slowking
|-start|p2a: Meowscarada|typechange|Dark|[from] ability: Protean
|-supereffective|p1a: Slowking
|-damage|p1a: Slowking|20/100
|
|upkeep
|turn|19
|
|t:|1781405297
|switch|p1a: Corviknight|Corviknight, F|36/100
|-ability|p1a: Corviknight|Pressure
|move|p2a: Meowscarada|Dark Pulse|p1a: Corviknight
|-damage|p1a: Corviknight|0 fnt
|faint|p1a: Corviknight
|
|upkeep
|inactive|overheat xyz has 120 seconds left.
|
|t:|1781405307
|switch|p1a: Rillaboom|Rillaboom, F|100/100
|-fieldstart|move: Grassy Terrain|[from] ability: Grassy Surge|[of] p1a: Rillaboom
|turn|20
|inactive|overheat xyz has 120 seconds left.
|
|t:|1781405326
|-terastallize|p1a: Rillaboom|Grass
|move|p2a: Meowscarada|Dark Pulse|p1a: Rillaboom
|-damage|p1a: Rillaboom|36/100
|cant|p1a: Rillaboom|flinch
|
|-heal|p1a: Rillaboom|42/100|[from] Grassy Terrain
|upkeep
|turn|21
|inactive|overheat xyz has 120 seconds left.
|
|t:|1781405342
|switch|p1a: Kingambit|Kingambit, M|15/100
|-activate|p1a: Kingambit|ability: Supreme Overlord
|-start|p1a: Kingambit|fallen2|[silent]
|move|p2a: Meowscarada|Dark Pulse|p1a: Kingambit
|-resisted|p1a: Kingambit
|-damage|p1a: Kingambit|0 fnt
|faint|p1a: Kingambit
|-end|p1a: Kingambit|fallen2|[silent]
|
|upkeep
|
|t:|1781405344
|switch|p1a: Rillaboom|Rillaboom, F, tera:Grass|42/100
|turn|22
|inactive|overheat xyz has 120 seconds left.
|
|t:|1781405357
|switch|p2a: Slowking|Slowking-Galar, F|65/100
|move|p1a: Rillaboom|Knock Off|p2a: Slowking
|-supereffective|p2a: Slowking
|-damage|p2a: Slowking|0 fnt
|-enditem|p2a: Slowking|Icy Rock|[from] move: Knock Off|[of] p1a: Rillaboom
|faint|p2a: Slowking
|
|-heal|p1a: Rillaboom|48/100|[from] Grassy Terrain
|upkeep
|
|t:|1781405366
|switch|p2a: Meowscarada|Meowscarada, F|100/100
|turn|23
|inactive|overheat xyz has 120 seconds left.
|
|t:|1781405385
|switch|p1a: Slowking|Slowking-Galar, M|53/100
|move|p2a: Meowscarada|Dark Pulse|p1a: Slowking
|-start|p2a: Meowscarada|typechange|Dark|[from] ability: Protean
|-supereffective|p1a: Slowking
|-damage|p1a: Slowking|4/100
|
|-heal|p1a: Slowking|10/100|[from] Grassy Terrain
|upkeep
|turn|24
|
|t:|1781405391
|move|p2a: Meowscarada|Dark Pulse|p1a: Slowking
|-supereffective|p1a: Slowking
|-damage|p1a: Slowking|0 fnt
|faint|p1a: Slowking
|
|-fieldend|move: Grassy Terrain
|upkeep
|
|t:|1781405401
|switch|p1a: Rillaboom|Rillaboom, F, tera:Grass|48/100
|-fieldstart|move: Grassy Terrain|[from] ability: Grassy Surge|[of] p1a: Rillaboom
|turn|25
|
|t:|1781405408
|move|p1a: Rillaboom|Grassy Glide|p2a: Meowscarada
|-damage|p2a: Meowscarada|0 fnt
|faint|p2a: Meowscarada
|
|-heal|p1a: Rillaboom|54/100|[from] Grassy Terrain
|upkeep
|
|t:|1781405418
|switch|p2a: Tornadus|Tornadus-Therian, M|89/100
|turn|26
|
|t:|1781405437
|move|p1a: Rillaboom|Grassy Glide|p2a: Tornadus
|-resisted|p2a: Tornadus
|-crit|p2a: Tornadus
|-damage|p2a: Tornadus|3/100
|move|p2a: Tornadus|Bleakwind Storm|p1a: Rillaboom
|-supereffective|p1a: Rillaboom
|-damage|p1a: Rillaboom|0 fnt
|faint|p1a: Rillaboom
|-damage|p2a: Tornadus|0 fnt|[from] item: Life Orb
|faint|p2a: Tornadus
|
|upkeep
|
|t:|1781405449
|switch|p2a: Cetitan|Cetitan, M|100/100
|switch|p1a: Dragapult|Dragapult, F|78/100
|turn|27
|
|t:|1781405461
|move|p1a: Dragapult|Fire Blast|p2a: Cetitan|[miss]
|-miss|p1a: Dragapult|p2a: Cetitan
|move|p2a: Cetitan|Icicle Crash|p1a: Dragapult|[miss]
|-miss|p2a: Cetitan|p1a: Dragapult
|
|-heal|p1a: Dragapult|84/100|[from] Grassy Terrain
|upkeep
|turn|28
|
|t:|1781405466
|switch|p2a: Alomomola|Alomomola, M|55/100
|move|p1a: Dragapult|Fire Blast|p2a: Alomomola
|-resisted|p2a: Alomomola
|-damage|p2a: Alomomola|37/100
|
|-heal|p1a: Dragapult|90/100|[from] Grassy Terrain
|-heal|p2a: Alomomola|43/100|[from] Grassy Terrain
|upkeep
|turn|29
|-message|overheat xyz forfeited.
|
|win|cachowcapow
|raw|overheat xyz's rating: 1711 &rarr; <strong>1694</strong><br />(-17 for losing)
|raw|cachowcapow's rating: 1757 &rarr; <strong>1774</strong><br />(+17 for winning)
|l|☆overheat xyz
|player|p1|
|l|☆cachowcapow
|player|p2|
