|j|☆bigguy916
|j|☆DarkG99
|t:|1781489338
|gametype|singles
|player|p1|bigguy916|unknownf|1572
|player|p2|DarkG99|karen|1655
|gen|9
|tier|[Gen 9] OU
|rated|
|rule|HP Percentage Mod: HP is shown in percentages
|rule|Endless Battle Clause: Forcing endless battles is banned
|rule|Species Clause: Limit one of each Pokémon
|rule|OHKO Clause: OHKO moves are banned
|rule|Evasion Items Clause: Evasion items are banned
|rule|Evasion Moves Clause: Evasion moves are banned
|rule|Evasion Abilities Clause: Evasion abilities are banned
|rule|Sleep Moves Clause: Sleep-inducing moves are banned
|clearpoke
|poke|p1|Torterra, M|
|poke|p1|Glimmora, F|
|poke|p1|Iron Moth|
|poke|p1|Dragonite, M|
|poke|p1|Kingambit, M|
|poke|p1|Walking Wake|
|poke|p2|Kommo-o, M|
|poke|p2|Sinistcha-Masterpiece|
|poke|p2|Ninetales-Alola, F|
|poke|p2|Heatran, M|
|poke|p2|Maushold-Four|
|poke|p2|Ogerpon-Wellspring, F|
|teampreview
|inactive|Battle timer is ON: inactive players will automatically lose when time's up. (requested by bigguy916)
|
|t:|1781489343
|teamsize|p1|6
|teamsize|p2|6
|start
|switch|p1a: Ber|Glimmora, F|100/100
|switch|p2a: Maushold|Maushold-Four|100/100
|turn|1
|
|t:|1781489348
|move|p2a: Maushold|Switcheroo|p1a: Ber
|-activate|p2a: Maushold|move: Trick|[of] p1a: Ber
|-item|p1a: Ber|Choice Scarf|[from] move: Switcheroo
|-item|p2a: Maushold|Focus Sash|[from] move: Switcheroo
|move|p1a: Ber|Mortal Spin|p2a: Maushold
|-damage|p2a: Maushold|91/100
|-status|p2a: Maushold|psn
|
|-damage|p2a: Maushold|78/100 psn|[from] psn
|upkeep
|turn|2
|
|t:|1781489357
|switch|p1a: Kingambit|Kingambit, M|100/100
|move|p2a: Maushold|Tidy Up|p2a: Maushold
|-boost|p2a: Maushold|atk|1
|-boost|p2a: Maushold|spe|1
|
|-damage|p2a: Maushold|66/100 psn|[from] psn
|upkeep
|turn|3
|
|t:|1781489362
|move|p2a: Maushold|Population Bomb|p1a: Kingambit
|-resisted|p1a: Kingambit
|-damage|p1a: Kingambit|93/100
|-resisted|p1a: Kingambit
|-damage|p1a: Kingambit|87/100
|-resisted|p1a: Kingambit
|-damage|p1a: Kingambit|80/100
|-resisted|p1a: Kingambit
|-damage|p1a: Kingambit|73/100
|-hitcount|p1a: Kingambit|4
|move|p1a: Kingambit|Iron Head|p2a: Maushold
|-crit|p2a: Maushold
|-damage|p2a: Maushold|0 fnt
|faint|p2a: Maushold
|
|upkeep
|
|t:|1781489375
|switch|p2a: Heatran|Heatran, M|100/100
|turn|4
|
|t:|1781489381
|-end|p1a: Kingambit|fallenundefined|[silent]
|switch|p1a: Ber|Glimmora, F|100/100
|move|p2a: Heatran|Will-O-Wisp|p1a: Ber
|-status|p1a: Ber|brn
|
|-damage|p1a: Ber|94/100 brn|[from] brn
|upkeep
|turn|5
|
|t:|1781489385
|move|p1a: Ber|Stealth Rock|p2a: Heatran
|-sidestart|p2: DarkG99|move: Stealth Rock
|move|p2a: Heatran|Earth Power|p1a: Ber
|-supereffective|p1a: Ber
|-damage|p1a: Ber|0 fnt
|faint|p1a: Ber
|
|upkeep
|
|t:|1781489389
|switch|p1a: Walking Wake|Walking Wake|100/100
|-enditem|p1a: Walking Wake|Booster Energy
|-activate|p1a: Walking Wake|ability: Protosynthesis|[fromitem]
|-start|p1a: Walking Wake|protosynthesisspa
|turn|6
|
|t:|1781489395
|move|p1a: Walking Wake|Agility|p1a: Walking Wake
|-boost|p1a: Walking Wake|spe|2
|move|p2a: Heatran|Stealth Rock|p1a: Walking Wake
|-sidestart|p1: bigguy916|move: Stealth Rock
|
|upkeep
|turn|7
|
|t:|1781489399
|move|p1a: Walking Wake|Surf|p2a: Heatran
|-supereffective|p2a: Heatran
|-damage|p2a: Heatran|13/100
|move|p2a: Heatran|Earth Power|p1a: Walking Wake
|-damage|p1a: Walking Wake|71/100
|
|-heal|p2a: Heatran|20/100|[from] item: Leftovers
|upkeep
|turn|8
|
|t:|1781489410
|move|p1a: Walking Wake|Dragon Pulse|p2a: Heatran
|-resisted|p2a: Heatran
|-damage|p2a: Heatran|3/100
|move|p2a: Heatran|Earth Power|p1a: Walking Wake
|-damage|p1a: Walking Wake|39/100
|
|-heal|p2a: Heatran|9/100|[from] item: Leftovers
|upkeep
|turn|9
|
|t:|1781489415
|move|p1a: Walking Wake|Dragon Pulse|p2a: Heatran
|-resisted|p2a: Heatran
|-damage|p2a: Heatran|0 fnt
|faint|p2a: Heatran
|
|upkeep
|
|t:|1781489420
|switch|p2a: Ninetales|Ninetales-Alola, F|100/100
|-damage|p2a: Ninetales|76/100|[from] Stealth Rock
|-weather|Snowscape|[from] ability: Snow Warning|[of] p2a: Ninetales
|turn|10
|
|t:|1781489427
|move|p1a: Walking Wake|Substitute|p1a: Walking Wake
|-start|p1a: Walking Wake|Substitute
|-damage|p1a: Walking Wake|14/100
|move|p2a: Ninetales|Aurora Veil|p2a: Ninetales
|-sidestart|p2: DarkG99|move: Aurora Veil
|
|-weather|Snowscape|[upkeep]
|upkeep
|turn|11
|
|t:|1781489431
|move|p1a: Walking Wake|Surf|p2a: Ninetales
|-damage|p2a: Ninetales|35/100
|move|p2a: Ninetales|Freeze-Dry|p1a: Walking Wake
|-supereffective|p1a: Walking Wake
|-end|p1a: Walking Wake|Substitute
|
|-weather|Snowscape|[upkeep]
|upkeep
|turn|12
|
|t:|1781489437
|move|p1a: Walking Wake|Surf|p2a: Ninetales
|-damage|p2a: Ninetales|0 fnt
|faint|p2a: Ninetales
|
|-weather|Snowscape|[upkeep]
|upkeep
|
|t:|1781489440
|switch|p2a: Ogerpon|Ogerpon-Wellspring, F|100/100
|-damage|p2a: Ogerpon|88/100|[from] Stealth Rock
|turn|13
|
|t:|1781489444
|move|p1a: Walking Wake|Dragon Pulse|p2a: Ogerpon
|-damage|p2a: Ogerpon|53/100
|move|p2a: Ogerpon|Swords Dance|p2a: Ogerpon
|-boost|p2a: Ogerpon|atk|2
|
|-weather|Snowscape|[upkeep]
|upkeep
|turn|14
|
|t:|1781489447
|move|p1a: Walking Wake|Dragon Pulse|p2a: Ogerpon
|-damage|p2a: Ogerpon|18/100
|move|p2a: Ogerpon|Trailblaze|p1a: Walking Wake
|-damage|p1a: Walking Wake|0 fnt
|-boost|p2a: Ogerpon|spe|1
|faint|p1a: Walking Wake
|-end|p1a: Walking Wake|Protosynthesis|[silent]
|
|-weather|none
|upkeep
|
|t:|1781489450
|switch|p1a: Dragonite|Dragonite, M|100/100
|turn|15
|
|t:|1781489454
|move|p1a: Dragonite|Extreme Speed|p2a: Ogerpon
|-damage|p2a: Ogerpon|0 fnt
|faint|p2a: Ogerpon
|
|upkeep
|
|t:|1781489458
|switch|p2a: Sinistcha|Sinistcha-Masterpiece|100/100
|-damage|p2a: Sinistcha|88/100|[from] Stealth Rock
|turn|16
|
|t:|1781489464
|switch|p1a: Kingambit|Kingambit, M|73/100
|-damage|p1a: Kingambit|67/100|[from] Stealth Rock
|-activate|p1a: Kingambit|ability: Supreme Overlord
|-start|p1a: Kingambit|fallen2|[silent]
|move|p2a: Sinistcha|Stun Spore|p1a: Kingambit
|-status|p1a: Kingambit|par
|-enditem|p1a: Kingambit|Lum Berry|[eat]
|-curestatus|p1a: Kingambit|par|[msg]
|
|upkeep
|turn|17
|
|t:|1781489471
|move|p1a: Kingambit|Iron Head|p2a: Sinistcha
|-damage|p2a: Sinistcha|70/100
|-damage|p1a: Kingambit|51/100|[from] item: Rocky Helmet|[of] p2a: Sinistcha
|move|p2a: Sinistcha|Stun Spore|p1a: Kingambit
|-status|p1a: Kingambit|par
|
|-sideend|p2: DarkG99|move: Aurora Veil
|upkeep
|turn|18
|
|t:|1781489476
|move|p2a: Sinistcha|Hex|p1a: Kingambit
|-resisted|p1a: Kingambit
|-damage|p1a: Kingambit|20/100 par
|move|p1a: Kingambit|Swords Dance|p1a: Kingambit
|-boost|p1a: Kingambit|atk|2
|
|upkeep
|turn|19
|
|t:|1781489482
|move|p2a: Sinistcha|Hex|p1a: Kingambit
|-resisted|p1a: Kingambit
|-damage|p1a: Kingambit|0 fnt
|faint|p1a: Kingambit
|-end|p1a: Kingambit|fallen2|[silent]
|
|upkeep
|
|t:|1781489489
|switch|p1a: Be|Iron Moth|100/100
|-damage|p1a: Be|76/100|[from] Stealth Rock
|-enditem|p1a: Be|Booster Energy
|-activate|p1a: Be|ability: Quark Drive|[fromitem]
|-start|p1a: Be|quarkdrivespa
|turn|20
|
|t:|1781489493
|move|p1a: Be|Flamethrower|p2a: Sinistcha
|-supereffective|p2a: Sinistcha
|-crit|p2a: Sinistcha
|-damage|p2a: Sinistcha|0 fnt
|faint|p2a: Sinistcha
|
|upkeep
|
|t:|1781489497
|switch|p2a: Kommo-o|Kommo-o, M|100/100
|-damage|p2a: Kommo-o|94/100|[from] Stealth Rock
|turn|21
|
|t:|1781489502
|-terastallize|p1a: Be|Psychic
|-terastallize|p2a: Kommo-o|Normal
|move|p1a: Be|Psychic|p2a: Kommo-o
|-damage|p2a: Kommo-o|7/100
|-enditem|p2a: Kommo-o|Sitrus Berry|[eat]
|-heal|p2a: Kommo-o|31/100|[from] item: Sitrus Berry
|move|p2a: Kommo-o|Clangorous Soul||[still]
|-fail|p2a: Kommo-o
|
|upkeep
|turn|22
|
|t:|1781489509
|move|p1a: Be|Psychic|p2a: Kommo-o
|-damage|p2a: Kommo-o|0 fnt
|faint|p2a: Kommo-o
|
|win|bigguy916
|raw|bigguy916's rating: 1597 &rarr; <strong>1620</strong><br />(+23 for winning)
|raw|DarkG99's rating: 1655 &rarr; <strong>1632</strong><br />(-23 for losing)
|l|☆DarkG99
|player|p2|
