|j|☆Always bet on red
|j|☆suprya
|t:|1781137270
|gametype|singles
|player|p1|Always bet on red|170|1578
|player|p2|suprya|clown|1705
|gen|9
|tier|[Gen 9] OU
|rated|
|rule|HP Percentage Mod: HP is shown in percentages
|rule|Endless Battle Clause: Forcing endless battles is banned
|rule|Species Clause: Limit one of each Pokémon
|rule|OHKO Clause: OHKO moves are banned
|rule|Evasion Items Clause: Evasion items are banned
|rule|Evasion Moves Clause: Evasion moves are banned
|rule|Evasion Abilities Clause: Evasion abilities are banned
|rule|Sleep Moves Clause: Sleep-inducing moves are banned
|clearpoke
|poke|p1|Torkoal, F|
|poke|p1|Slither Wing|
|poke|p1|Venusaur, F|
|poke|p1|Walking Wake|
|poke|p1|Corviknight, F|
|poke|p1|Primarina, M|
|poke|p2|Pelipper, F|
|poke|p2|Dragonite, F|
|poke|p2|Ogerpon-Wellspring, F|
|poke|p2|Iron Treads|
|poke|p2|Basculegion, M|
|poke|p2|Fezandipiti, M|
|teampreview
|inactive|Battle timer is ON: inactive players will automatically lose when time's up. (requested by suprya)
|inactive|suprya has 120 seconds left.
|
|t:|1781137319
|teamsize|p1|6
|teamsize|p2|6
|start
|switch|p1a: Corviknight|Corviknight, F|100/100
|switch|p2a: Dragonite|Dragonite, F|100/100
|turn|1
|
|t:|1781137336
|switch|p2a: Basculegion|Basculegion, M|100/100
|move|p1a: Corviknight|Brave Bird|p2a: Basculegion
|-damage|p2a: Basculegion|54/100
|-damage|p1a: Corviknight|85/100|[from] Recoil
|
|-heal|p1a: Corviknight|91/100|[from] item: Leftovers
|upkeep
|turn|2
|
|t:|1781137347
|switch|p1a: Walking Wake|Walking Wake|100/100
|move|p2a: Basculegion|Flip Turn|p1a: Walking Wake
|-resisted|p1a: Walking Wake
|-damage|p1a: Walking Wake|88/100
|
|t:|1781137350
|switch|p2a: Fezandipiti|Fezandipiti, M|100/100|[from] Flip Turn
|
|upkeep
|turn|3
|
|t:|1781137358
|move|p1a: Walking Wake|Flip Turn|p2a: Fezandipiti
|-damage|p2a: Fezandipiti|84/100
|
|t:|1781137363
|-end|p1a: Walking Wake|Protosynthesis|[silent]
|switch|p1a: Corviknight|Corviknight, F|91/100|[from] Flip Turn
|move|p2a: Fezandipiti|Moonblast|p1a: Corviknight
|-resisted|p1a: Corviknight
|-damage|p1a: Corviknight|83/100
|-ability|p1a: Corviknight|Mirror Armor
|-unboost|p2a: Fezandipiti|spa|1
|
|-heal|p1a: Corviknight|89/100|[from] item: Leftovers
|upkeep
|turn|4
|
|t:|1781137392
|switch|p2a: Iron Treads|Iron Treads|100/100
|move|p1a: Corviknight|U-turn|p2a: Iron Treads
|-resisted|p2a: Iron Treads
|-damage|p2a: Iron Treads|94/100
|
|t:|1781137406
|switch|p1a: Walking Wake|Walking Wake|88/100|[from] U-turn
|
|-heal|p2a: Iron Treads|100/100|[from] item: Leftovers
|upkeep
|turn|5
|
|t:|1781137418
|move|p1a: Walking Wake|Flamethrower|p2a: Iron Treads
|-supereffective|p2a: Iron Treads
|-damage|p2a: Iron Treads|22/100
|move|p2a: Iron Treads|Stealth Rock|p1a: Walking Wake
|-sidestart|p1: Always bet on red|move: Stealth Rock
|
|-heal|p2a: Iron Treads|28/100|[from] item: Leftovers
|upkeep
|turn|6
|
|t:|1781137440
|-end|p1a: Walking Wake|Protosynthesis|[silent]
|switch|p1a: Corviknight|Corviknight, F|89/100
|-damage|p1a: Corviknight|77/100|[from] Stealth Rock
|-end|p2a: Iron Treads|Quark Drive|[silent]
|switch|p2a: Fezandipiti|Fezandipiti, M|84/100
|
|-heal|p1a: Corviknight|83/100|[from] item: Leftovers
|upkeep
|turn|7
|
|t:|1781137452
|switch|p2a: Iron Treads|Iron Treads|28/100
|move|p1a: Corviknight|Defog|p2a: Iron Treads
|-unboost|p2a: Iron Treads|evasion|1
|-sideend|p1: Always bet on red|Stealth Rock|[from] move: Defog|[of] p1a: Corviknight
|
|-heal|p2a: Iron Treads|34/100|[from] item: Leftovers
|-heal|p1a: Corviknight|89/100|[from] item: Leftovers
|upkeep
|turn|8
|
|t:|1781137465
|move|p2a: Iron Treads|Knock Off|p1a: Corviknight
|-damage|p1a: Corviknight|68/100
|-enditem|p1a: Corviknight|Leftovers|[from] move: Knock Off|[of] p2a: Iron Treads
|move|p1a: Corviknight|Brave Bird|p2a: Iron Treads
|-resisted|p2a: Iron Treads
|-damage|p2a: Iron Treads|19/100
|-damage|p1a: Corviknight|63/100|[from] Recoil
|
|-heal|p2a: Iron Treads|25/100|[from] item: Leftovers
|upkeep
|turn|9
|
|t:|1781137474
|move|p2a: Iron Treads|Stealth Rock|p1a: Corviknight
|-sidestart|p1: Always bet on red|move: Stealth Rock
|move|p1a: Corviknight|Roost|p1a: Corviknight
|-heal|p1a: Corviknight|100/100
|-singleturn|p1a: Corviknight|move: Roost
|
|-heal|p2a: Iron Treads|31/100|[from] item: Leftovers
|upkeep
|turn|10
|
|t:|1781137490
|move|p2a: Iron Treads|Knock Off|p1a: Corviknight
|-damage|p1a: Corviknight|86/100
|move|p1a: Corviknight|Defog|p2a: Iron Treads
|-unboost|p2a: Iron Treads|evasion|1
|-sideend|p1: Always bet on red|Stealth Rock|[from] move: Defog|[of] p1a: Corviknight
|
|-heal|p2a: Iron Treads|37/100|[from] item: Leftovers
|upkeep
|turn|11
|
|t:|1781137504
|switch|p1a: Walking Wake|Walking Wake|88/100
|move|p2a: Iron Treads|Stealth Rock|p1a: Walking Wake
|-sidestart|p1: Always bet on red|move: Stealth Rock
|
|-heal|p2a: Iron Treads|43/100|[from] item: Leftovers
|upkeep
|turn|12
|
|t:|1781137517
|-end|p2a: Iron Treads|Quark Drive|[silent]
|switch|p2a: Fezandipiti|Fezandipiti, M|84/100
|move|p1a: Walking Wake|Flamethrower|p2a: Fezandipiti
|-damage|p2a: Fezandipiti|59/100
|
|upkeep
|turn|13
|
|t:|1781137528
|-end|p1a: Walking Wake|Protosynthesis|[silent]
|switch|p1a: Corviknight|Corviknight, F|86/100
|-damage|p1a: Corviknight|74/100|[from] Stealth Rock
|move|p2a: Fezandipiti|U-turn|p1a: Corviknight
|-resisted|p1a: Corviknight
|-damage|p1a: Corviknight|71/100
|
|t:|1781137541
|switch|p2a: Ogerpon|Ogerpon-Wellspring, F|100/100|[from] U-turn
|
|upkeep
|turn|14
|
|t:|1781137548
|switch|p1a: Slither Wing|Slither Wing|100/100
|-damage|p1a: Slither Wing|88/100|[from] Stealth Rock
|move|p2a: Ogerpon|Ivy Cudgel|p1a: Slither Wing|[anim] Ivy Cudgel Water
|-crit|p1a: Slither Wing
|-damage|p1a: Slither Wing|0 fnt
|faint|p1a: Slither Wing
|-end|p1a: Slither Wing|Protosynthesis|[silent]
|
|upkeep
|
|t:|1781137558
|switch|p1a: Torkoal|Torkoal, F|100/100
|-damage|p1a: Torkoal|76/100|[from] Stealth Rock
|-weather|SunnyDay|[from] ability: Drought|[of] p1a: Torkoal
|turn|15
|
|t:|1781137564
|move|p2a: Ogerpon|U-turn|p1a: Torkoal
|-resisted|p1a: Torkoal
|-damage|p1a: Torkoal|67/100
|
|t:|1781137566
|switch|p2a: Pelipper|Pelipper, F|100/100|[from] U-turn
|-weather|RainDance|[from] ability: Drizzle|[of] p2a: Pelipper
|move|p1a: Torkoal|Lava Plume|p2a: Pelipper
|-resisted|p2a: Pelipper
|-damage|p2a: Pelipper|92/100
|-status|p2a: Pelipper|brn
|
|-weather|RainDance|[upkeep]
|-damage|p2a: Pelipper|85/100 brn|[from] brn
|upkeep
|turn|16
|
|t:|1781137573
|move|p2a: Pelipper|U-turn|p1a: Torkoal
|-resisted|p1a: Torkoal
|-damage|p1a: Torkoal|66/100
|
|t:|1781137575
|switch|p2a: Basculegion|Basculegion, M|54/100|[from] U-turn
|move|p1a: Torkoal|Rapid Spin|p2a: Basculegion
|-immune|p2a: Basculegion
|
|-weather|RainDance|[upkeep]
|upkeep
|turn|17
|
|t:|1781137583
|switch|p1a: Walking Wake|Walking Wake|88/100
|-damage|p1a: Walking Wake|76/100|[from] Stealth Rock
|move|p2a: Basculegion|Flip Turn|p1a: Walking Wake
|-resisted|p1a: Walking Wake
|-damage|p1a: Walking Wake|58/100
|
|t:|1781137593
|switch|p2a: Ogerpon|Ogerpon-Wellspring, F|100/100|[from] Flip Turn
|
|-weather|RainDance|[upkeep]
|upkeep
|turn|18
|
|t:|1781137603
|move|p2a: Ogerpon|Power Whip|p1a: Walking Wake
|-crit|p1a: Walking Wake
|-damage|p1a: Walking Wake|0 fnt
|faint|p1a: Walking Wake
|-end|p1a: Walking Wake|Protosynthesis|[silent]
|
|-weather|RainDance|[upkeep]
|upkeep
|-message|Always bet on red forfeited.
|
|win|suprya
|raw|Always bet on red's rating: 1578 &rarr; <strong>1565</strong><br />(-13 for losing)
|raw|suprya's rating: 1705 &rarr; <strong>1718</strong><br />(+13 for winning)
|l|☆Always bet on red
|player|p1|
|l|☆suprya
|player|p2|
