|j|☆billythekid95
|j|☆kshuaib734
|t:|1781570079
|gametype|singles
|player|p1|billythekid95|169|1734
|player|p2|kshuaib734|steven|1702
|gen|9
|tier|[Gen 9] OU
|rated|
|rule|HP Percentage Mod: HP is shown in percentages
|rule|Endless Battle Clause: Forcing endless battles is banned
|rule|Species Clause: Limit one of each Pokémon
|rule|OHKO Clause: OHKO moves are banned
|rule|Evasion Items Clause: Evasion items are banned
|rule|Evasion Moves Clause: Evasion moves are banned
|rule|Evasion Abilities Clause: Evasion abilities are banned
|rule|Sleep Moves Clause: Sleep-inducing moves are banned
|clearpoke
|poke|p1|Walking Wake|
|poke|p1|Ribombee, M|
|poke|p1|Gholdengo|
|poke|p1|Torkoal, M|
|poke|p1|Great Tusk|
|poke|p1|Ceruledge, F|
|poke|p2|Tyranitar, M|
|poke|p2|Latios, M|
|poke|p2|Pelipper, M|
|poke|p2|Quaquaval, M|
|poke|p2|Kingdra, F|
|poke|p2|Excadrill, F|
|teampreview
|inactive|Battle timer is ON: inactive players will automatically lose when time's up. (requested by kshuaib734)
|
|t:|1781570089
|teamsize|p1|6
|teamsize|p2|6
|start
|switch|p1a: Ribombee|Ribombee, M|100/100
|switch|p2a: King Tyrant|Tyranitar, M|100/100
|-weather|Sandstorm|[from] ability: Sand Stream|[of] p2a: King Tyrant
|turn|1
|inactive|kshuaib734 has 120 seconds left.
|
|t:|1781570121
|move|p1a: Ribombee|Sticky Web|p2a: King Tyrant
|-sidestart|p2: kshuaib734|move: Sticky Web
|move|p2a: King Tyrant|Stealth Rock|p1a: Ribombee
|-sidestart|p1: billythekid95|move: Stealth Rock
|
|-weather|Sandstorm|[upkeep]
|-damage|p1a: Ribombee|94/100|[from] Sandstorm
|upkeep
|turn|2
|
|t:|1781570130
|move|p1a: Ribombee|Stun Spore|p2a: King Tyrant
|-status|p2a: King Tyrant|par
|move|p2a: King Tyrant|Thunderbolt|p1a: Ribombee
|-crit|p1a: Ribombee
|-damage|p1a: Ribombee|31/100
|
|-weather|Sandstorm|[upkeep]
|-damage|p1a: Ribombee|25/100|[from] Sandstorm
|upkeep
|turn|3
|
|t:|1781570140
|move|p1a: Ribombee|Moonblast|p2a: King Tyrant
|-supereffective|p2a: King Tyrant
|-damage|p2a: King Tyrant|57/100 par
|-enditem|p2a: King Tyrant|Weakness Policy
|-boost|p2a: King Tyrant|atk|2|[from] item: Weakness Policy
|-boost|p2a: King Tyrant|spa|2|[from] item: Weakness Policy
|move|p2a: King Tyrant|Knock Off|p1a: Ribombee
|-resisted|p1a: Ribombee
|-damage|p1a: Ribombee|0 fnt
|-enditem|p1a: Ribombee|Focus Sash|[from] move: Knock Off|[of] p2a: King Tyrant
|faint|p1a: Ribombee
|
|-weather|Sandstorm|[upkeep]
|upkeep
|
|t:|1781570150
|switch|p1a: Great Tusk|Great Tusk|100/100
|-damage|p1a: Great Tusk|97/100|[from] Stealth Rock
|turn|4
|
|t:|1781570155
|-terastallize|p2a: King Tyrant|Ghost
|move|p1a: Great Tusk|Rapid Spin|p2a: King Tyrant
|-immune|p2a: King Tyrant
|cant|p2a: King Tyrant|par
|
|-weather|Sandstorm|[upkeep]
|-damage|p2a: King Tyrant|51/100 par|[from] Sandstorm
|upkeep
|turn|5
|
|t:|1781570163
|move|p1a: Great Tusk|Earthquake|p2a: King Tyrant
|-damage|p2a: King Tyrant|23/100 par
|cant|p2a: King Tyrant|par
|
|-weather|none
|upkeep
|turn|6
|
|t:|1781570169
|switch|p2a: Tyrant's Enforcer|Latios, M|100/100
|move|p1a: Great Tusk|Earthquake|p2a: Tyrant's Enforcer
|-immune|p2a: Tyrant's Enforcer|[from] ability: Levitate
|
|upkeep
|turn|7
|
|t:|1781570175
|move|p2a: Tyrant's Enforcer|Luster Purge|p1a: Great Tusk
|-supereffective|p1a: Great Tusk
|-damage|p1a: Great Tusk|41/100
|-unboost|p1a: Great Tusk|spd|1
|move|p1a: Great Tusk|Rapid Spin|p2a: Tyrant's Enforcer
|-crit|p2a: Tyrant's Enforcer
|-damage|p2a: Tyrant's Enforcer|73/100
|-boost|p1a: Great Tusk|spe|1
|-sideend|p1: billythekid95|Stealth Rock|[from] move: Rapid Spin|[of] p1a: Great Tusk
|
|upkeep
|turn|8
|
|t:|1781570191
|switch|p2a: Tyrant's Endgame|Quaquaval, M|100/100
|-activate|p2a: Tyrant's Endgame|move: Sticky Web
|-unboost|p2a: Tyrant's Endgame|spe|1
|move|p1a: Great Tusk|Knock Off|p2a: Tyrant's Endgame
|-resisted|p2a: Tyrant's Endgame
|-damage|p2a: Tyrant's Endgame|81/100
|-enditem|p2a: Tyrant's Endgame|Mystic Water|[from] move: Knock Off|[of] p1a: Great Tusk
|
|upkeep
|turn|9
|
|t:|1781570201
|-end|p1a: Great Tusk|Protosynthesis|[silent]
|switch|p1a: Gholdengo|Gholdengo|100/100
|move|p2a: Tyrant's Endgame|Aqua Jet|p1a: Gholdengo
|-damage|p1a: Gholdengo|75/100
|
|upkeep
|turn|10
|
|t:|1781570209
|switch|p2a: King Tyrant|Tyranitar, M, tera:Ghost|23/100 par
|-activate|p2a: King Tyrant|move: Sticky Web
|-unboost|p2a: King Tyrant|spe|1
|-weather|Sandstorm|[from] ability: Sand Stream|[of] p2a: King Tyrant
|move|p1a: Gholdengo|Shadow Ball|p2a: King Tyrant
|-supereffective|p2a: King Tyrant
|-damage|p2a: King Tyrant|0 fnt
|faint|p2a: King Tyrant
|
|-weather|Sandstorm|[upkeep]
|upkeep
|
|t:|1781570219
|switch|p2a: Tyrant's Legacy|Excadrill, F|100/100
|-activate|p2a: Tyrant's Legacy|move: Sticky Web
|-unboost|p2a: Tyrant's Legacy|spe|1
|turn|11
|
|t:|1781570223
|move|p1a: Gholdengo|Shadow Ball|p2a: Tyrant's Legacy
|-damage|p2a: Tyrant's Legacy|39/100
|move|p2a: Tyrant's Legacy|Throat Chop|p1a: Gholdengo
|-supereffective|p1a: Gholdengo
|-damage|p1a: Gholdengo|0 fnt
|faint|p1a: Gholdengo
|-damage|p2a: Tyrant's Legacy|29/100|[from] item: Life Orb
|
|-weather|Sandstorm|[upkeep]
|upkeep
|
|t:|1781570236
|switch|p1a: Torkoal|Torkoal, M|100/100
|-weather|SunnyDay|[from] ability: Drought|[of] p1a: Torkoal
|turn|12
|
|t:|1781570244
|switch|p1a: Ceruledge|Ceruledge, F|100/100
|move|p2a: Tyrant's Legacy|Earthquake|p1a: Ceruledge
|-supereffective|p1a: Ceruledge
|-enditem|p1a: Ceruledge|Focus Sash
|-damage|p1a: Ceruledge|1/100
|-ability|p1a: Ceruledge|Weak Armor|boost
|-unboost|p1a: Ceruledge|def|1
|-boost|p1a: Ceruledge|spe|2
|-damage|p2a: Tyrant's Legacy|19/100|[from] item: Life Orb
|
|-weather|SunnyDay|[upkeep]
|upkeep
|turn|13
|
|t:|1781570256
|move|p1a: Ceruledge|Bitter Blade|p2a: Tyrant's Legacy
|-supereffective|p2a: Tyrant's Legacy
|-damage|p2a: Tyrant's Legacy|0 fnt
|-heal|p1a: Ceruledge|13/100|[from] drain|[of] p2a: Tyrant's Legacy
|faint|p2a: Tyrant's Legacy
|
|-weather|SunnyDay|[upkeep]
|upkeep
|j| electronno
|
|t:|1781570264
|switch|p2a: Tyrant's Downpour|Pelipper, M|100/100
|-weather|RainDance|[from] ability: Drizzle|[of] p2a: Tyrant's Downpour
|turn|14
|
|t:|1781570268
|move|p1a: Ceruledge|Poltergeist|p2a: Tyrant's Downpour|[miss]
|-miss|p1a: Ceruledge|p2a: Tyrant's Downpour
|move|p2a: Tyrant's Downpour|Weather Ball|p1a: Ceruledge
|-supereffective|p1a: Ceruledge
|-damage|p1a: Ceruledge|0 fnt
|faint|p1a: Ceruledge
|
|-weather|RainDance|[upkeep]
|upkeep
|
|t:|1781570277
|switch|p1a: Walking Wake|Walking Wake|100/100
|turn|15
|
|t:|1781570284
|switch|p2a: Tyrant's Enforcer|Latios, M|73/100
|move|p1a: Walking Wake|Dragon Pulse|p2a: Tyrant's Enforcer
|-supereffective|p2a: Tyrant's Enforcer
|-damage|p2a: Tyrant's Enforcer|0 fnt
|faint|p2a: Tyrant's Enforcer
|
|-weather|RainDance|[upkeep]
|upkeep
|
|t:|1781570290
|switch|p2a: Tyrant's Vengeance|Kingdra, F|100/100
|-activate|p2a: Tyrant's Vengeance|move: Sticky Web
|-unboost|p2a: Tyrant's Vengeance|spe|1
|turn|16
|l| electronno
|
|t:|1781570303
|-end|p1a: Walking Wake|Protosynthesis|[silent]
|switch|p1a: Great Tusk|Great Tusk|41/100
|move|p2a: Tyrant's Vengeance|Flip Turn|p1a: Great Tusk
|-supereffective|p1a: Great Tusk
|-damage|p1a: Great Tusk|1/100
|
|t:|1781570310
|switch|p2a: Tyrant's Endgame|Quaquaval, M|81/100|[from] Flip Turn
|-activate|p2a: Tyrant's Endgame|move: Sticky Web
|-unboost|p2a: Tyrant's Endgame|spe|1
|
|-weather|RainDance|[upkeep]
|upkeep
|turn|17
|
|t:|1781570317
|move|p2a: Tyrant's Endgame|Aqua Jet|p1a: Great Tusk
|-supereffective|p1a: Great Tusk
|-damage|p1a: Great Tusk|0 fnt
|faint|p1a: Great Tusk
|-end|p1a: Great Tusk|Protosynthesis|[silent]
|-ability|p2a: Tyrant's Endgame|Moxie|boost
|-boost|p2a: Tyrant's Endgame|atk|1
|
|-weather|RainDance|[upkeep]
|upkeep
|
|t:|1781570323
|switch|p1a: Walking Wake|Walking Wake|100/100
|turn|18
|
|t:|1781570326
|move|p1a: Walking Wake|Dragon Pulse|p2a: Tyrant's Endgame
|-damage|p2a: Tyrant's Endgame|0 fnt
|faint|p2a: Tyrant's Endgame
|
|-weather|RainDance|[upkeep]
|upkeep
|
|t:|1781570337
|switch|p2a: Tyrant's Vengeance|Kingdra, F|100/100
|-activate|p2a: Tyrant's Vengeance|move: Sticky Web
|-unboost|p2a: Tyrant's Vengeance|spe|1
|turn|19
|
|t:|1781570343
|-terastallize|p1a: Walking Wake|Water
|move|p2a: Tyrant's Vengeance|Draco Meteor|p1a: Walking Wake
|-damage|p1a: Walking Wake|32/100
|-unboost|p2a: Tyrant's Vengeance|spa|2
|move|p1a: Walking Wake|Dragon Pulse|p2a: Tyrant's Vengeance
|-supereffective|p2a: Tyrant's Vengeance
|-damage|p2a: Tyrant's Vengeance|0 fnt
|faint|p2a: Tyrant's Vengeance
|
|-weather|RainDance|[upkeep]
|upkeep
|
|t:|1781570358
|switch|p2a: Tyrant's Downpour|Pelipper, M|100/100
|turn|20
|
|t:|1781570366
|-end|p1a: Walking Wake|Protosynthesis|[silent]
|switch|p1a: Torkoal|Torkoal, M|100/100
|-weather|SunnyDay|[from] ability: Drought|[of] p1a: Torkoal
|move|p2a: Tyrant's Downpour|Hurricane|p1a: Torkoal|[miss]
|-miss|p2a: Tyrant's Downpour|p1a: Torkoal
|
|-weather|SunnyDay|[upkeep]
|upkeep
|turn|21
|
|t:|1781570373
|move|p2a: Tyrant's Downpour|Hurricane|p1a: Torkoal|[miss]
|-miss|p2a: Tyrant's Downpour|p1a: Torkoal
|move|p1a: Torkoal|Lava Plume|p2a: Tyrant's Downpour
|-resisted|p2a: Tyrant's Downpour
|-crit|p2a: Tyrant's Downpour
|-damage|p2a: Tyrant's Downpour|62/100
|-status|p2a: Tyrant's Downpour|brn
|
|-weather|SunnyDay|[upkeep]
|-damage|p2a: Tyrant's Downpour|56/100 brn|[from] brn
|upkeep
|turn|22
|-message|kshuaib734 forfeited.
|
|win|billythekid95
|raw|billythekid95's rating: 1734 &rarr; <strong>1752</strong><br />(+18 for winning)
|raw|kshuaib734's rating: 1702 &rarr; <strong>1684</strong><br />(-18 for losing)
|l|☆kshuaib734
|player|p2|
|l|☆billythekid95
|player|p1|
