|j|☆diav
|j|☆traphouse timmy
|t:|1780985560
|gametype|singles
|player|p1|diav|flannery|1546
|player|p2|traphouse timmy|ninjaboy|1513
|gen|9
|tier|[Gen 9] OU
|rated|
|rule|HP Percentage Mod: HP is shown in percentages
|rule|Endless Battle Clause: Forcing endless battles is banned
|rule|Species Clause: Limit one of each Pokémon
|rule|OHKO Clause: OHKO moves are banned
|rule|Evasion Items Clause: Evasion items are banned
|rule|Evasion Moves Clause: Evasion moves are banned
|rule|Evasion Abilities Clause: Evasion abilities are banned
|rule|Sleep Moves Clause: Sleep-inducing moves are banned
|clearpoke
|poke|p1|Lokix, M|
|poke|p1|Iron Treads|
|poke|p1|Gholdengo|
|poke|p1|Iron Valiant|
|poke|p1|Moltres|
|poke|p1|Primarina, M|
|poke|p2|Deoxys-Speed|
|poke|p2|Hoopa-Unbound|
|poke|p2|Manaphy|
|poke|p2|Iron Valiant|
|poke|p2|Iron Hands|
|poke|p2|Cinderace, M|
|teampreview
|inactive|Battle timer is ON: inactive players will automatically lose when time's up. (requested by traphouse timmy)
|inactive|diav also wants the timer to be on.
|
|t:|1780985586
|teamsize|p1|6
|teamsize|p2|6
|start
|switch|p1a: Lokix|Lokix, M|100/100
|switch|p2a: Cinderace|Cinderace, M|100/100
|turn|1
|
|t:|1780985591
|switch|p1a: Moltres|Moltres|100/100
|move|p2a: Cinderace|U-turn|p1a: Moltres
|-start|p2a: Cinderace|typechange|Bug|[from] ability: Libero
|-resisted|p1a: Moltres
|-damage|p1a: Moltres|94/100
|
|t:|1780985599
|switch|p2a: Deoxys|Deoxys-Speed|100/100|[from] U-turn
|-ability|p2a: Deoxys|Pressure
|
|upkeep
|turn|2
|
|t:|1780985605
|move|p2a: Deoxys|Reflect|p2a: Deoxys
|-sidestart|p2: traphouse timmy|Reflect
|move|p1a: Moltres|U-turn|p2a: Deoxys
|-supereffective|p2a: Deoxys
|-damage|p2a: Deoxys|83/100
|
|t:|1780985613
|switch|p1a: Lokix|Lokix, M|100/100|[from] U-turn
|
|upkeep
|turn|3
|
|t:|1780985617
|switch|p2a: Iron Valiant|Iron Valiant|100/100
|-enditem|p2a: Iron Valiant|Booster Energy
|-activate|p2a: Iron Valiant|ability: Quark Drive|[fromitem]
|-start|p2a: Iron Valiant|quarkdrivespe
|move|p1a: Lokix|U-turn|p2a: Iron Valiant
|-resisted|p2a: Iron Valiant
|-damage|p2a: Iron Valiant|87/100
|
|t:|1780985620
|switch|p1a: Moltres|Moltres|94/100|[from] U-turn
|
|upkeep
|turn|4
|
|t:|1780985627
|move|p2a: Iron Valiant|Knock Off|p1a: Moltres
|-damage|p1a: Moltres|75/100
|-enditem|p1a: Moltres|Heavy-Duty Boots|[from] move: Knock Off|[of] p2a: Iron Valiant
|move|p1a: Moltres|Roar|p2a: Iron Valiant
|-end|p2a: Iron Valiant|Quark Drive|[silent]
|drag|p2a: Iron Hands|Iron Hands|100/100
|
|upkeep
|turn|5
|
|t:|1780985640
|move|p1a: Moltres|Roost|p1a: Moltres
|-heal|p1a: Moltres|100/100
|-singleturn|p1a: Moltres|move: Roost
|move|p2a: Iron Hands|Wild Charge|p1a: Moltres
|-damage|p1a: Moltres|61/100
|-damage|p2a: Iron Hands|93/100|[from] Recoil
|
|upkeep
|turn|6
|
|t:|1780985653
|move|p1a: Moltres|Roost|p1a: Moltres
|-heal|p1a: Moltres|100/100
|-singleturn|p1a: Moltres|move: Roost
|move|p2a: Iron Hands|Swords Dance|p2a: Iron Hands
|-boost|p2a: Iron Hands|atk|2
|
|upkeep
|turn|7
|
|t:|1780985662
|switch|p1a: Iron Treads|Iron Treads|100/100
|move|p2a: Iron Hands|Wild Charge|p1a: Iron Treads
|-immune|p1a: Iron Treads
|
|upkeep
|turn|8
|
|t:|1780985668
|-end|p1a: Iron Treads|Quark Drive|[silent]
|switch|p1a: Gholdengo|Gholdengo|100/100
|-item|p1a: Gholdengo|Air Balloon
|move|p2a: Iron Hands|Drain Punch|p1a: Gholdengo
|-immune|p1a: Gholdengo
|
|upkeep
|turn|9
|
|t:|1780985675
|move|p1a: Gholdengo|Shadow Ball|p2a: Iron Hands
|-damage|p2a: Iron Hands|51/100
|-unboost|p2a: Iron Hands|spd|1
|move|p2a: Iron Hands|Ice Punch|p1a: Gholdengo
|-resisted|p1a: Gholdengo
|-damage|p1a: Gholdengo|68/100
|-status|p1a: Gholdengo|frz
|-enditem|p1a: Gholdengo|Air Balloon
|
|-sideend|p2: traphouse timmy|Reflect
|upkeep
|turn|10
|
|t:|1780985686
|-curestatus|p1a: Gholdengo|frz|[msg]
|move|p1a: Gholdengo|Shadow Ball|p2a: Iron Hands
|-damage|p2a: Iron Hands|0 fnt
|faint|p2a: Iron Hands
|-end|p2a: Iron Hands|Quark Drive|[silent]
|
|upkeep
|
|t:|1780985693
|switch|p2a: Deoxys|Deoxys-Speed|83/100
|-ability|p2a: Deoxys|Pressure
|turn|11
|
|t:|1780985701
|move|p2a: Deoxys|Light Screen|p2a: Deoxys
|-sidestart|p2: traphouse timmy|move: Light Screen
|move|p1a: Gholdengo|Nasty Plot|p1a: Gholdengo
|-boost|p1a: Gholdengo|spa|2
|
|upkeep
|turn|12
|
|t:|1780985705
|move|p2a: Deoxys|Reflect|p2a: Deoxys
|-sidestart|p2: traphouse timmy|Reflect
|move|p1a: Gholdengo|Nasty Plot|p1a: Gholdengo
|-boost|p1a: Gholdengo|spa|2
|
|upkeep
|turn|13
|
|t:|1780985711
|switch|p2a: Cinderace|Cinderace, M|100/100
|move|p1a: Gholdengo|Shadow Ball|p2a: Cinderace
|-damage|p2a: Cinderace|11/100
|-unboost|p2a: Cinderace|spd|1
|
|upkeep
|turn|14
|
|t:|1780985718
|switch|p1a: Moltres|Moltres|100/100
|move|p2a: Cinderace|Pyro Ball|p1a: Moltres
|-resisted|p1a: Moltres
|-damage|p1a: Moltres|80/100
|
|upkeep
|turn|15
|
|t:|1780985725
|move|p2a: Cinderace|Pyro Ball|p1a: Moltres
|-resisted|p1a: Moltres
|-damage|p1a: Moltres|62/100
|move|p1a: Moltres|U-turn|p2a: Cinderace
|-resisted|p2a: Cinderace
|-damage|p2a: Cinderace|6/100
|
|t:|1780985728
|switch|p1a: Lokix|Lokix, M|100/100|[from] U-turn
|
|upkeep
|turn|16
|
|t:|1780985734
|switch|p1a: Moltres|Moltres|62/100
|move|p2a: Cinderace|Pyro Ball|p1a: Moltres
|-resisted|p1a: Moltres
|-damage|p1a: Moltres|42/100
|
|upkeep
|turn|17
|
|t:|1780985740
|move|p2a: Cinderace|U-turn|p1a: Moltres
|-start|p2a: Cinderace|typechange|Bug|[from] ability: Libero
|-resisted|p1a: Moltres
|-damage|p1a: Moltres|36/100
|-status|p2a: Cinderace|brn|[from] ability: Flame Body|[of] p1a: Moltres
|
|t:|1780985748
|switch|p2a: Manaphy|Manaphy|100/100|[from] U-turn
|move|p1a: Moltres|Roost|p1a: Moltres
|-heal|p1a: Moltres|86/100
|-singleturn|p1a: Moltres|move: Roost
|
|upkeep
|turn|18
|
|t:|1780985756
|move|p2a: Manaphy|Take Heart|p2a: Manaphy
|-boost|p2a: Manaphy|spa|1
|-boost|p2a: Manaphy|spd|1
|move|p1a: Moltres|Roar|p2a: Manaphy
|drag|p2a: Iron Valiant|Iron Valiant|87/100
|
|-sideend|p2: traphouse timmy|move: Light Screen
|upkeep
|turn|19
|
|t:|1780985768
|move|p2a: Iron Valiant|Encore|p1a: Moltres
|-start|p1a: Moltres|Encore
|move|p1a: Moltres|Roar|p2a: Iron Valiant
|-end|p2a: Iron Valiant|Quark Drive|[silent]
|drag|p2a: Hoopa|Hoopa-Unbound|100/100
|
|-sideend|p2: traphouse timmy|Reflect
|upkeep
|turn|20
|
|t:|1780985775
|switch|p1a: Primarina|Primarina, M|100/100
|move|p2a: Hoopa|Psychic Noise|p1a: Primarina
|-damage|p1a: Primarina|67/100
|-start|p1a: Primarina|move: Heal Block
|
|upkeep
|turn|21
|
|t:|1780985785
|move|p1a: Primarina|Moonblast|p2a: Hoopa
|-supereffective|p2a: Hoopa
|-damage|p2a: Hoopa|42/100
|move|p2a: Hoopa|Knock Off|p1a: Primarina
|-resisted|p1a: Primarina
|-damage|p1a: Primarina|35/100
|-enditem|p1a: Primarina|Assault Vest|[from] move: Knock Off|[of] p2a: Hoopa
|
|-end|p1a: Primarina|move: Heal Block
|upkeep
|turn|22
|
|t:|1780985796
|switch|p2a: Cinderace|Cinderace, M|6/100 brn
|move|p1a: Primarina|Moonblast|p2a: Cinderace
|-resisted|p2a: Cinderace
|-damage|p2a: Cinderace|0 fnt
|faint|p2a: Cinderace
|
|upkeep
|
|t:|1780985803
|switch|p2a: Deoxys|Deoxys-Speed|83/100
|-ability|p2a: Deoxys|Pressure
|turn|23
|
|t:|1780985807
|move|p2a: Deoxys|Reflect|p2a: Deoxys
|-sidestart|p2: traphouse timmy|Reflect
|move|p1a: Primarina|Moonblast|p2a: Deoxys
|-crit|p2a: Deoxys
|-damage|p2a: Deoxys|0 fnt
|faint|p2a: Deoxys
|
|upkeep
|
|t:|1780985816
|switch|p2a: Iron Valiant|Iron Valiant|87/100
|turn|24
|
|t:|1780985819
|move|p2a: Iron Valiant|Moonblast|p1a: Primarina
|-damage|p1a: Primarina|0 fnt
|faint|p1a: Primarina
|
|upkeep
|
|t:|1780985824
|switch|p1a: Gholdengo|Gholdengo|68/100
|turn|25
|
|t:|1780985828
|move|p2a: Iron Valiant|Knock Off|p1a: Gholdengo
|-supereffective|p1a: Gholdengo
|-damage|p1a: Gholdengo|22/100
|move|p1a: Gholdengo|Make It Rain|p2a: Iron Valiant
|-supereffective|p2a: Iron Valiant
|-damage|p2a: Iron Valiant|0 fnt
|-unboost|p1a: Gholdengo|spa|1
|faint|p2a: Iron Valiant
|-end|p2a: Iron Valiant|Quark Drive|[silent]
|
|upkeep
|
|t:|1780985836
|switch|p2a: Manaphy|Manaphy|100/100
|turn|26
|
|t:|1780985841
|switch|p1a: Moltres|Moltres|86/100
|move|p2a: Manaphy|Scald|p1a: Moltres
|-supereffective|p1a: Moltres
|-damage|p1a: Moltres|25/100
|
|upkeep
|turn|27
|
|t:|1780985848
|move|p2a: Manaphy|Scald|p1a: Moltres
|-supereffective|p1a: Moltres
|-damage|p1a: Moltres|0 fnt
|faint|p1a: Moltres
|
|upkeep
|
|t:|1780985854
|switch|p1a: Iron Valiant|Iron Valiant|100/100
|turn|28
|
|t:|1780985858
|move|p1a: Iron Valiant|Moonblast|p2a: Manaphy
|-damage|p2a: Manaphy|66/100
|move|p2a: Manaphy|Scald|p1a: Iron Valiant
|-damage|p1a: Iron Valiant|49/100
|
|-heal|p1a: Iron Valiant|55/100|[from] item: Leftovers
|-heal|p2a: Manaphy|72/100|[from] item: Leftovers
|upkeep
|turn|29
|
|t:|1780985866
|move|p1a: Iron Valiant|Moonblast|p2a: Manaphy
|-damage|p2a: Manaphy|39/100
|move|p2a: Manaphy|Scald|p1a: Iron Valiant
|-damage|p1a: Iron Valiant|0 fnt
|faint|p1a: Iron Valiant
|-end|p1a: Iron Valiant|Quark Drive|[silent]
|
|-heal|p2a: Manaphy|46/100|[from] item: Leftovers
|upkeep
|
|t:|1780985876
|switch|p1a: Gholdengo|Gholdengo|22/100
|turn|30
|
|t:|1780985879
|move|p2a: Manaphy|Scald|p1a: Gholdengo
|-damage|p1a: Gholdengo|0 fnt
|faint|p1a: Gholdengo
|
|-heal|p2a: Manaphy|52/100|[from] item: Leftovers
|-sideend|p2: traphouse timmy|Reflect
|upkeep
|
|t:|1780985881
|switch|p1a: Lokix|Lokix, M|100/100
|turn|31
|
|t:|1780985888
|switch|p2a: Hoopa|Hoopa-Unbound|42/100
|-terastallize|p1a: Lokix|Bug
|move|p1a: Lokix|First Impression|p2a: Hoopa
|-supereffective|p2a: Hoopa
|-damage|p2a: Hoopa|0 fnt
|faint|p2a: Hoopa
|
|upkeep
|
|t:|1780985895
|switch|p2a: Manaphy|Manaphy|52/100
|turn|32
|
|t:|1780985898
|switch|p1a: Iron Treads|Iron Treads|100/100
|move|p2a: Manaphy|Acid Armor|p2a: Manaphy
|-boost|p2a: Manaphy|def|2
|
|-heal|p2a: Manaphy|58/100|[from] item: Leftovers
|upkeep
|turn|33
|
|t:|1780985905
|move|p1a: Iron Treads|Earthquake|p2a: Manaphy
|-damage|p2a: Manaphy|38/100
|move|p2a: Manaphy|Acid Armor|p2a: Manaphy
|-boost|p2a: Manaphy|def|2
|
|-heal|p2a: Manaphy|44/100|[from] item: Leftovers
|upkeep
|turn|34
|
|t:|1780985912
|move|p1a: Iron Treads|Earthquake|p2a: Manaphy
|-damage|p2a: Manaphy|32/100
|move|p2a: Manaphy|Scald|p1a: Iron Treads
|-supereffective|p1a: Iron Treads
|-damage|p1a: Iron Treads|25/100
|-status|p1a: Iron Treads|brn
|
|-heal|p2a: Manaphy|38/100|[from] item: Leftovers
|-damage|p1a: Iron Treads|19/100 brn|[from] brn
|upkeep
|turn|35
|
|t:|1780985922
|move|p1a: Iron Treads|Earthquake|p2a: Manaphy
|-damage|p2a: Manaphy|32/100
|move|p2a: Manaphy|Acid Armor|p2a: Manaphy
|-boost|p2a: Manaphy|def|2
|
|-heal|p2a: Manaphy|38/100|[from] item: Leftovers
|-damage|p1a: Iron Treads|13/100 brn|[from] brn
|upkeep
|turn|36
|
|t:|1780985930
|move|p1a: Iron Treads|Earthquake|p2a: Manaphy
|-damage|p2a: Manaphy|34/100
|move|p2a: Manaphy|Take Heart|p2a: Manaphy
|-boost|p2a: Manaphy|spa|1
|-boost|p2a: Manaphy|spd|1
|
|-heal|p2a: Manaphy|40/100|[from] item: Leftovers
|-damage|p1a: Iron Treads|7/100 brn|[from] brn
|upkeep
|turn|37
|
|t:|1780985938
|move|p1a: Iron Treads|Earthquake|p2a: Manaphy
|-damage|p2a: Manaphy|35/100
|move|p2a: Manaphy|Take Heart|p2a: Manaphy
|-boost|p2a: Manaphy|spa|1
|-boost|p2a: Manaphy|spd|1
|
|-heal|p2a: Manaphy|41/100|[from] item: Leftovers
|-damage|p1a: Iron Treads|0 fnt|[from] brn
|faint|p1a: Iron Treads
|-end|p1a: Iron Treads|Quark Drive|[silent]
|upkeep
|
|t:|1780985941
|switch|p1a: Lokix|Lokix, M, tera:Bug|100/100
|turn|38
|c|☆diav|im critting fyi
|
|t:|1780985950
|move|p1a: Lokix|First Impression|p2a: Manaphy
|-damage|p2a: Manaphy|24/100
|move|p2a: Manaphy|Stored Power|p1a: Lokix
|-damage|p1a: Lokix|0 fnt
|faint|p1a: Lokix
|
|win|traphouse timmy
|raw|diav's rating: 1546 &rarr; <strong>1524</strong><br />(-22 for losing)
|raw|traphouse timmy's rating: 1513 &rarr; <strong>1535</strong><br />(+22 for winning)
|c|☆traphouse timmy|lol
|c|☆diav|i lied
|c|☆diav|gg
|c|☆traphouse timmy|gg
|l|☆diav
|player|p1|
