|j|☆IRON VALIANT
|j|☆ihymyly
|t:|1781500637
|gametype|singles
|player|p1|IRON VALIANT|miku-water|1539
|player|p2|ihymyly|1|1542
|gen|9
|tier|[Gen 9] OU
|rated|
|rule|HP Percentage Mod: HP is shown in percentages
|rule|Endless Battle Clause: Forcing endless battles is banned
|rule|Species Clause: Limit one of each Pokémon
|rule|OHKO Clause: OHKO moves are banned
|rule|Evasion Items Clause: Evasion items are banned
|rule|Evasion Moves Clause: Evasion moves are banned
|rule|Evasion Abilities Clause: Evasion abilities are banned
|rule|Sleep Moves Clause: Sleep-inducing moves are banned
|clearpoke
|poke|p1|Ting-Lu|
|poke|p1|Gliscor, M|
|poke|p1|Sinistcha-Masterpiece|
|poke|p1|Keldeo|
|poke|p1|Tinkaton, F|
|poke|p1|Dragonite, F|
|poke|p2|Pelipper, F|
|poke|p2|Kingdra, F|
|poke|p2|Weavile, M|
|poke|p2|Raging Bolt|
|poke|p2|Clodsire, F|
|poke|p2|Corviknight, F|
|teampreview
|inactive|Battle timer is ON: inactive players will automatically lose when time's up. (requested by IRON VALIANT)
|
|t:|1781500666
|teamsize|p1|6
|teamsize|p2|6
|start
|switch|p1a: Tinkki Minaj|Tinkaton, F|100/100
|switch|p2a: Beakblaster 3000|Pelipper, F|100/100
|-ability|p1a: Tinkki Minaj|Mold Breaker
|-item|p1a: Tinkki Minaj|Air Balloon
|-weather|RainDance|[from] ability: Drizzle|[of] p2a: Beakblaster 3000
|turn|1
|
|t:|1781500674
|move|p1a: Tinkki Minaj|Stealth Rock|p2a: Beakblaster 3000
|-sidestart|p2: ihymyly|move: Stealth Rock
|move|p2a: Beakblaster 3000|Surf|p1a: Tinkki Minaj
|-damage|p1a: Tinkki Minaj|59/100
|-enditem|p1a: Tinkki Minaj|Air Balloon
|
|-weather|RainDance|[upkeep]
|upkeep
|turn|2
|
|t:|1781500681
|switch|p2a: Cokuf|Corviknight, F|100/100
|-damage|p2a: Cokuf|88/100|[from] Stealth Rock
|-ability|p2a: Cokuf|Pressure
|move|p1a: Tinkki Minaj|Thunder Wave|p2a: Cokuf
|-status|p2a: Cokuf|par
|
|-weather|RainDance|[upkeep]
|upkeep
|turn|3
|
|t:|1781500691
|move|p1a: Tinkki Minaj|Gigaton Hammer|p2a: Cokuf
|-resisted|p2a: Cokuf
|-damage|p2a: Cokuf|76/100 par
|cant|p2a: Cokuf|par
|
|-weather|RainDance|[upkeep]
|upkeep
|turn|4
|
|t:|1781500710
|switch|p1a: Dance Armstrong|Gliscor, M|100/100
|move|p2a: Cokuf|Defog|p1a: Dance Armstrong
|-unboost|p1a: Dance Armstrong|evasion|1
|-sideend|p2: ihymyly|Stealth Rock|[from] move: Defog|[of] p2a: Cokuf
|
|-weather|RainDance|[upkeep]
|-status|p1a: Dance Armstrong|tox|[from] item: Toxic Orb
|upkeep
|turn|5
|
|t:|1781500714
|move|p1a: Dance Armstrong|Knock Off|p2a: Cokuf
|-damage|p2a: Cokuf|61/100 par
|-damage|p1a: Dance Armstrong|84/100 tox|[from] item: Rocky Helmet|[of] p2a: Cokuf
|-enditem|p2a: Cokuf|Rocky Helmet|[from] move: Knock Off|[of] p1a: Dance Armstrong
|move|p2a: Cokuf|U-turn|p1a: Dance Armstrong
|-resisted|p1a: Dance Armstrong
|-damage|p1a: Dance Armstrong|78/100 tox
|
|t:|1781500720
|switch|p2a: Vincent Von Vain|Kingdra, F|100/100|[from] U-turn
|
|-weather|RainDance|[upkeep]
|-heal|p1a: Dance Armstrong|91/100 tox|[from] ability: Poison Heal
|upkeep
|turn|6
|
|t:|1781500723
|move|p1a: Dance Armstrong|Protect|p1a: Dance Armstrong
|-singleturn|p1a: Dance Armstrong|Protect
|move|p2a: Vincent Von Vain|Weather Ball|p1a: Dance Armstrong
|-activate|p1a: Dance Armstrong|move: Protect
|
|-weather|RainDance|[upkeep]
|-heal|p1a: Dance Armstrong|100/100 tox|[from] ability: Poison Heal
|upkeep
|turn|7
|
|t:|1781500732
|switch|p1a: Secret Service|Dragonite, F|100/100
|move|p2a: Vincent Von Vain|Weather Ball|p1a: Secret Service
|-resisted|p1a: Secret Service
|-damage|p1a: Secret Service|78/100
|
|-weather|RainDance|[upkeep]
|upkeep
|turn|8
|
|t:|1781500746
|switch|p2a: Cokuf|Corviknight, F|61/100 par
|-ability|p2a: Cokuf|Pressure
|move|p1a: Secret Service|Roost|p1a: Secret Service
|-heal|p1a: Secret Service|100/100
|-singleturn|p1a: Secret Service|move: Roost
|
|-weather|none
|upkeep
|turn|9
|
|t:|1781500753
|switch|p1a: Tinkki Minaj|Tinkaton, F|59/100
|-ability|p1a: Tinkki Minaj|Mold Breaker
|cant|p2a: Cokuf|par
|
|upkeep
|turn|10
|
|t:|1781500757
|move|p1a: Tinkki Minaj|Stealth Rock|p2a: Cokuf
|-sidestart|p2: ihymyly|move: Stealth Rock
|move|p2a: Cokuf|Roost|p2a: Cokuf
|-heal|p2a: Cokuf|100/100 par
|-singleturn|p2a: Cokuf|move: Roost
|
|upkeep
|turn|11
|
|t:|1781500774
|move|p1a: Tinkki Minaj|Encore|p2a: Cokuf
|-start|p2a: Cokuf|Encore
|move|p2a: Cokuf|Roost||[still]
|-fail|p2a: Cokuf|heal
|
|upkeep
|turn|12
|
|t:|1781500784
|switch|p1a: My Little Pwny|Keldeo|100/100
|switch|p2a: Beakblaster 3000|Pelipper, F|100/100
|-damage|p2a: Beakblaster 3000|76/100|[from] Stealth Rock
|-weather|RainDance|[from] ability: Drizzle|[of] p2a: Beakblaster 3000
|
|-weather|RainDance|[upkeep]
|upkeep
|turn|13
|
|t:|1781500788
|move|p1a: My Little Pwny|Flip Turn|p2a: Beakblaster 3000
|-resisted|p2a: Beakblaster 3000
|-damage|p2a: Beakblaster 3000|68/100
|
|t:|1781500790
|switch|p1a: Tinkki Minaj|Tinkaton, F|59/100|[from] Flip Turn
|-ability|p1a: Tinkki Minaj|Mold Breaker
|move|p2a: Beakblaster 3000|Hurricane|p1a: Tinkki Minaj
|-resisted|p1a: Tinkki Minaj
|-damage|p1a: Tinkki Minaj|44/100
|-start|p1a: Tinkki Minaj|confusion
|
|-weather|RainDance|[upkeep]
|upkeep
|turn|14
|
|t:|1781500797
|switch|p2a: Cokuf|Corviknight, F|100/100 par
|-damage|p2a: Cokuf|88/100 par|[from] Stealth Rock
|-ability|p2a: Cokuf|Pressure
|-activate|p1a: Tinkki Minaj|confusion
|-damage|p1a: Tinkki Minaj|36/100|[from] confusion
|
|-weather|RainDance|[upkeep]
|upkeep
|turn|15
|
|t:|1781500799
|switch|p1a: My Little Pwny|Keldeo|100/100
|move|p2a: Cokuf|Defog|p1a: My Little Pwny
|-unboost|p1a: My Little Pwny|evasion|1
|-sideend|p2: ihymyly|Stealth Rock|[from] move: Defog|[of] p2a: Cokuf
|
|-weather|RainDance|[upkeep]
|upkeep
|turn|16
|
|t:|1781500803
|switch|p2a: Sire Slayton|Clodsire, F|100/100
|move|p1a: My Little Pwny|Surf|p2a: Sire Slayton
|-immune|p2a: Sire Slayton|[from] ability: Water Absorb
|
|-weather|RainDance|[upkeep]
|upkeep
|turn|17
|
|t:|1781500808
|switch|p1a: Dance Armstrong|Gliscor, M|100/100 tox
|move|p2a: Sire Slayton|Stealth Rock|p1a: Dance Armstrong
|-sidestart|p1: IRON VALIANT|move: Stealth Rock
|
|-weather|RainDance|[upkeep]
|upkeep
|turn|18
|
|t:|1781500814
|switch|p2a: Cokuf|Corviknight, F|88/100 par
|-ability|p2a: Cokuf|Pressure
|move|p1a: Dance Armstrong|Swords Dance|p1a: Dance Armstrong
|-boost|p1a: Dance Armstrong|atk|2
|
|-weather|RainDance|[upkeep]
|upkeep
|turn|19
|
|t:|1781500817
|move|p1a: Dance Armstrong|Knock Off|p2a: Cokuf
|-damage|p2a: Cokuf|71/100 par
|cant|p2a: Cokuf|par
|
|-weather|none
|upkeep
|turn|20
|
|t:|1781500821
|move|p1a: Dance Armstrong|Swords Dance|p1a: Dance Armstrong
|-boost|p1a: Dance Armstrong|atk|2
|cant|p2a: Cokuf|par
|
|upkeep
|turn|21
|
|t:|1781500826
|move|p1a: Dance Armstrong|Swords Dance|p1a: Dance Armstrong
|-boost|p1a: Dance Armstrong|atk|2
|move|p2a: Cokuf|Roost|p2a: Cokuf
|-heal|p2a: Cokuf|100/100 par
|-singleturn|p2a: Cokuf|move: Roost
|
|upkeep
|turn|22
|
|t:|1781500829
|move|p1a: Dance Armstrong|Knock Off|p2a: Cokuf
|-damage|p2a: Cokuf|67/100 par
|move|p2a: Cokuf|U-turn|p1a: Dance Armstrong
|-resisted|p1a: Dance Armstrong
|-damage|p1a: Dance Armstrong|95/100 tox
|
|t:|1781500836
|switch|p2a: Nails|Weavile, M|100/100|[from] U-turn
|-ability|p2a: Nails|Pressure
|
|-heal|p1a: Dance Armstrong|100/100 tox|[from] ability: Poison Heal
|upkeep
|turn|23
|
|t:|1781500844
|-terastallize|p1a: Dance Armstrong|Normal
|move|p2a: Nails|Triple Axel|p1a: Dance Armstrong
|-damage|p1a: Dance Armstrong|93/100 tox
|-damage|p1a: Dance Armstrong|78/100 tox
|-damage|p1a: Dance Armstrong|54/100 tox
|-hitcount|p1a: Dance Armstrong|3
|move|p1a: Dance Armstrong|Facade|p2a: Nails
|-damage|p2a: Nails|0 fnt
|faint|p2a: Nails
|
|-heal|p1a: Dance Armstrong|66/100 tox|[from] ability: Poison Heal
|upkeep
|
|t:|1781500855
|switch|p2a: Beakblaster 3000|Pelipper, F|68/100
|-weather|RainDance|[from] ability: Drizzle|[of] p2a: Beakblaster 3000
|turn|24
|
|t:|1781500860
|move|p1a: Dance Armstrong|Facade|p2a: Beakblaster 3000
|-damage|p2a: Beakblaster 3000|0 fnt
|faint|p2a: Beakblaster 3000
|
|-weather|RainDance|[upkeep]
|-heal|p1a: Dance Armstrong|79/100 tox|[from] ability: Poison Heal
|upkeep
|
|t:|1781500863
|switch|p2a: Vincent Von Vain|Kingdra, F|100/100
|turn|25
|
|t:|1781500864
|move|p1a: Dance Armstrong|Protect|p1a: Dance Armstrong
|-singleturn|p1a: Dance Armstrong|Protect
|move|p2a: Vincent Von Vain|Weather Ball|p1a: Dance Armstrong
|-activate|p1a: Dance Armstrong|move: Protect
|
|-weather|RainDance|[upkeep]
|-heal|p1a: Dance Armstrong|91/100 tox|[from] ability: Poison Heal
|upkeep
|turn|26
|
|t:|1781500872
|switch|p1a: Secret Service|Dragonite, F|100/100
|move|p2a: Vincent Von Vain|Weather Ball|p1a: Secret Service
|-resisted|p1a: Secret Service
|-damage|p1a: Secret Service|76/100
|
|-weather|RainDance|[upkeep]
|upkeep
|turn|27
|
|t:|1781500876
|-terastallize|p2a: Vincent Von Vain|Water
|move|p2a: Vincent Von Vain|Weather Ball|p1a: Secret Service
|-resisted|p1a: Secret Service
|-damage|p1a: Secret Service|19/100
|move|p1a: Secret Service|Roost|p1a: Secret Service
|-heal|p1a: Secret Service|69/100
|-singleturn|p1a: Secret Service|move: Roost
|
|-weather|RainDance|[upkeep]
|upkeep
|turn|28
|
|t:|1781500882
|move|p2a: Vincent Von Vain|Weather Ball|p1a: Secret Service
|-resisted|p1a: Secret Service
|-damage|p1a: Secret Service|6/100
|move|p1a: Secret Service|Dragon Tail|p2a: Vincent Von Vain
|-damage|p2a: Vincent Von Vain|58/100
|drag|p2a: Cokuf|Corviknight, F|67/100 par
|-ability|p2a: Cokuf|Pressure
|
|-weather|RainDance|[upkeep]
|upkeep
|turn|29
|
|t:|1781500888
|move|p1a: Secret Service|Roost|p1a: Secret Service
|-heal|p1a: Secret Service|56/100
|-singleturn|p1a: Secret Service|move: Roost
|move|p2a: Cokuf|U-turn|p1a: Secret Service
|-damage|p1a: Secret Service|43/100
|
|t:|1781500891
|switch|p2a: Elongatedkou|Raging Bolt|100/100|[from] U-turn
|-enditem|p2a: Elongatedkou|Booster Energy
|-activate|p2a: Elongatedkou|ability: Protosynthesis|[fromitem]
|-start|p2a: Elongatedkou|protosynthesisspa
|
|-weather|RainDance|[upkeep]
|upkeep
|turn|30
|
|t:|1781500900
|switch|p1a: Jarhead|Ting-Lu|100/100
|-damage|p1a: Jarhead|94/100|[from] Stealth Rock
|-ability|p1a: Jarhead|Vessel of Ruin
|move|p2a: Elongatedkou|Dragon Pulse|p1a: Jarhead
|-damage|p1a: Jarhead|65/100
|
|-weather|RainDance|[upkeep]
|-heal|p1a: Jarhead|71/100|[from] item: Leftovers
|upkeep
|turn|31
|
|t:|1781500904
|move|p2a: Elongatedkou|Weather Ball|p1a: Jarhead
|-supereffective|p1a: Jarhead
|-damage|p1a: Jarhead|11/100
|move|p1a: Jarhead|Earthquake|p2a: Elongatedkou
|-supereffective|p2a: Elongatedkou
|-damage|p2a: Elongatedkou|37/100
|
|-weather|none
|-heal|p1a: Jarhead|17/100|[from] item: Leftovers
|upkeep
|turn|32
|
|t:|1781500908
|move|p2a: Elongatedkou|Dragon Pulse|p1a: Jarhead
|-damage|p1a: Jarhead|0 fnt
|faint|p1a: Jarhead
|
|upkeep
|
|t:|1781500934
|switch|p1a: Secret Service|Dragonite, F|43/100
|turn|33
|
|t:|1781500938
|move|p1a: Secret Service|Extreme Speed|p2a: Elongatedkou
|-damage|p2a: Elongatedkou|8/100
|move|p2a: Elongatedkou|Dragon Pulse|p1a: Secret Service
|-supereffective|p1a: Secret Service
|-damage|p1a: Secret Service|0 fnt
|faint|p1a: Secret Service
|
|upkeep
|
|t:|1781500940
|switch|p1a: My Little Pwny|Keldeo|100/100
|turn|34
|
|t:|1781500947
|-end|p2a: Elongatedkou|Protosynthesis|[silent]
|switch|p2a: Cokuf|Corviknight, F|67/100 par
|-ability|p2a: Cokuf|Pressure
|move|p1a: My Little Pwny|Vacuum Wave|p2a: Cokuf
|-damage|p2a: Cokuf|46/100 par
|
|upkeep
|turn|35
|
|t:|1781500950
|move|p1a: My Little Pwny|Surf|p2a: Cokuf
|-damage|p2a: Cokuf|1/100 par
|cant|p2a: Cokuf|par
|
|upkeep
|turn|36
|
|t:|1781500956
|move|p1a: My Little Pwny|Aura Sphere|p2a: Cokuf
|-damage|p2a: Cokuf|0 fnt
|faint|p2a: Cokuf
|
|upkeep
|j| choicebanditsgxp
|
|t:|1781500962
|switch|p2a: Sire Slayton|Clodsire, F|100/100
|turn|37
|
|t:|1781500965
|switch|p1a: Tinkki Minaj|Tinkaton, F|36/100
|-damage|p1a: Tinkki Minaj|30/100|[from] Stealth Rock
|-ability|p1a: Tinkki Minaj|Mold Breaker
|move|p2a: Sire Slayton|Earthquake|p1a: Tinkki Minaj
|-supereffective|p1a: Tinkki Minaj
|-damage|p1a: Tinkki Minaj|0 fnt
|faint|p1a: Tinkki Minaj
|
|upkeep
|
|t:|1781500967
|switch|p1a: Dance Armstrong|Gliscor, M, tera:Normal|91/100 tox
|-damage|p1a: Dance Armstrong|79/100 tox|[from] Stealth Rock
|turn|38
|
|t:|1781500971
|move|p1a: Dance Armstrong|Swords Dance|p1a: Dance Armstrong
|-boost|p1a: Dance Armstrong|atk|2
|move|p2a: Sire Slayton|Earthquake|p1a: Dance Armstrong
|-damage|p1a: Dance Armstrong|58/100 tox
|
|-heal|p1a: Dance Armstrong|71/100 tox|[from] ability: Poison Heal
|upkeep
|turn|39
|
|t:|1781500974
|move|p1a: Dance Armstrong|Protect|p1a: Dance Armstrong
|-singleturn|p1a: Dance Armstrong|Protect
|move|p2a: Sire Slayton|Earthquake|p1a: Dance Armstrong
|-activate|p1a: Dance Armstrong|move: Protect
|
|-heal|p1a: Dance Armstrong|83/100 tox|[from] ability: Poison Heal
|upkeep
|turn|40
|
|t:|1781500977
|move|p1a: Dance Armstrong|Swords Dance|p1a: Dance Armstrong
|-boost|p1a: Dance Armstrong|atk|2
|move|p2a: Sire Slayton|Earthquake|p1a: Dance Armstrong
|-damage|p1a: Dance Armstrong|63/100 tox
|
|-heal|p1a: Dance Armstrong|75/100 tox|[from] ability: Poison Heal
|upkeep
|turn|41
|
|t:|1781500980
|move|p1a: Dance Armstrong|Facade|p2a: Sire Slayton
|-damage|p2a: Sire Slayton|0 fnt
|faint|p2a: Sire Slayton
|
|-heal|p1a: Dance Armstrong|88/100 tox|[from] ability: Poison Heal
|upkeep
|
|t:|1781500983
|switch|p2a: Elongatedkou|Raging Bolt|8/100
|turn|42
|
|t:|1781500985
|move|p1a: Dance Armstrong|Facade|p2a: Elongatedkou
|-damage|p2a: Elongatedkou|0 fnt
|faint|p2a: Elongatedkou
|-end|p2a: Elongatedkou|Protosynthesis|[silent]
|
|-heal|p1a: Dance Armstrong|99/100 tox|[from] ability: Poison Heal
|upkeep
|
|t:|1781500987
|switch|p2a: Vincent Von Vain|Kingdra, F, tera:Water|58/100
|turn|43
|
|t:|1781500989
|move|p1a: Dance Armstrong|Facade|p2a: Vincent Von Vain
|-damage|p2a: Vincent Von Vain|0 fnt
|faint|p2a: Vincent Von Vain
|
|win|IRON VALIANT
|raw|IRON VALIANT's rating: 1539 &rarr; <strong>1560</strong><br />(+21 for winning)
|raw|ihymyly's rating: 1559 &rarr; <strong>1538</strong><br />(-21 for losing)
|l|☆ihymyly
|player|p2|
|l|☆IRON VALIANT
|player|p1|
|l| choicebanditsgxp
