|j|☆KnuckleTesting
|j|☆salazzle stan
|t:|1781371117
|gametype|singles
|player|p1|KnuckleTesting|169|1589
|player|p2|salazzle stan|ninjaboy|1603
|gen|9
|tier|[Gen 9] OU
|rated|
|rule|HP Percentage Mod: HP is shown in percentages
|rule|Endless Battle Clause: Forcing endless battles is banned
|rule|Species Clause: Limit one of each Pokémon
|rule|OHKO Clause: OHKO moves are banned
|rule|Evasion Items Clause: Evasion items are banned
|rule|Evasion Moves Clause: Evasion moves are banned
|rule|Evasion Abilities Clause: Evasion abilities are banned
|rule|Sleep Moves Clause: Sleep-inducing moves are banned
|clearpoke
|poke|p1|Regieleki|
|poke|p1|Zamazenta-*|
|poke|p1|Corviknight, M|
|poke|p1|Grafaiai, F|
|poke|p1|Alomomola, F|
|poke|p1|Gliscor, F|
|poke|p2|Glimmora, M|
|poke|p2|Enamorus, F|
|poke|p2|Cinderace, M|
|poke|p2|Landorus-Therian, M|
|poke|p2|Raging Bolt|
|poke|p2|Moltres|
|teampreview
|inactive|Battle timer is ON: inactive players will automatically lose when time's up. (requested by KnuckleTesting)
|
|t:|1781371141
|teamsize|p1|6
|teamsize|p2|6
|start
|switch|p1a: Alomomola|Alomomola, F|100/100
|switch|p2a: Cinderace|Cinderace, M|100/100
|turn|1
|
|t:|1781371146
|switch|p2a: Glimmora|Glimmora, M|100/100
|move|p1a: Alomomola|Flip Turn|p2a: Glimmora
|-supereffective|p2a: Glimmora
|-damage|p2a: Glimmora|63/100
|-activate|p2a: Glimmora|ability: Toxic Debris
|-sidestart|p1: KnuckleTesting|move: Toxic Spikes
|
|t:|1781371149
|switch|p1a: Grafaiai|Grafaiai, F|100/100|[from] Flip Turn
|-sideend|p1: KnuckleTesting|move: Toxic Spikes|[of] p1a: Grafaiai
|
|upkeep
|turn|2
|
|t:|1781371156
|move|p1a: Grafaiai|Parting Shot|p2a: Glimmora
|-unboost|p2a: Glimmora|atk|1
|-unboost|p2a: Glimmora|spa|1
|
|t:|1781371159
|switch|p1a: Gliscor|Gliscor, F|100/100|[from] Parting Shot
|move|p2a: Glimmora|Earth Power|p1a: Gliscor
|-immune|p1a: Gliscor
|
|-status|p1a: Gliscor|tox|[from] item: Toxic Orb
|upkeep
|turn|3
|
|t:|1781371167
|move|p2a: Glimmora|Stealth Rock|p1a: Gliscor
|-sidestart|p1: KnuckleTesting|move: Stealth Rock
|move|p1a: Gliscor|Earthquake|p2a: Glimmora
|-supereffective|p2a: Glimmora
|-damage|p2a: Glimmora|0 fnt
|-activate|p2a: Glimmora|ability: Toxic Debris
|-sidestart|p1: KnuckleTesting|move: Toxic Spikes
|faint|p2a: Glimmora
|
|upkeep
|
|t:|1781371174
|switch|p2a: Enamorus|Enamorus, F|100/100
|turn|4
|
|t:|1781371179
|switch|p1a: Grafaiai|Grafaiai, F|100/100
|-damage|p1a: Grafaiai|88/100|[from] Stealth Rock
|-sideend|p1: KnuckleTesting|move: Toxic Spikes|[of] p1a: Grafaiai
|move|p2a: Enamorus|Moonblast|p1a: Grafaiai
|-resisted|p1a: Grafaiai
|-damage|p1a: Grafaiai|52/100
|
|upkeep
|turn|5
|
|t:|1781371186
|move|p1a: Grafaiai|Toxic|p2a: Enamorus
|-status|p2a: Enamorus|tox
|move|p2a: Enamorus|Superpower|p1a: Grafaiai
|-damage|p1a: Grafaiai|3/100
|-boost|p2a: Enamorus|atk|1
|-boost|p2a: Enamorus|def|1
|
|-damage|p2a: Enamorus|94/100 tox|[from] psn
|upkeep
|turn|6
|
|t:|1781371195
|move|p1a: Grafaiai|Encore|p2a: Enamorus
|-start|p2a: Enamorus|Encore
|move|p2a: Enamorus|Superpower|p1a: Grafaiai
|-damage|p1a: Grafaiai|0 fnt
|-boost|p2a: Enamorus|atk|1
|-boost|p2a: Enamorus|def|1
|faint|p1a: Grafaiai
|
|-damage|p2a: Enamorus|82/100 tox|[from] psn
|upkeep
|
|t:|1781371203
|switch|p1a: Corviknight|Corviknight, M|100/100
|-damage|p1a: Corviknight|88/100|[from] Stealth Rock
|-ability|p1a: Corviknight|Pressure
|turn|7
|
|t:|1781371212
|switch|p2a: Moltres|Moltres|100/100
|move|p1a: Corviknight|Defog|p2a: Moltres
|-unboost|p2a: Moltres|evasion|1
|-sideend|p1: KnuckleTesting|Stealth Rock|[from] move: Defog|[of] p1a: Corviknight
|
|upkeep
|turn|8
|
|t:|1781371219
|switch|p1a: Alomomola|Alomomola, F|100/100
|move|p2a: Moltres|Roar|p1a: Alomomola
|drag|p1a: Regieleki|Regieleki|100/100
|
|upkeep
|turn|9
|
|t:|1781371225
|switch|p2a: Landorus|Landorus-Therian, M|100/100
|-ability|p2a: Landorus|Intimidate|boost
|-unboost|p1a: Regieleki|atk|1
|move|p1a: Regieleki|Volt Switch|p2a: Landorus
|-immune|p2a: Landorus
|
|upkeep
|turn|10
|
|t:|1781371233
|switch|p1a: Corviknight|Corviknight, M|88/100
|-ability|p1a: Corviknight|Pressure
|move|p2a: Landorus|U-turn|p1a: Corviknight
|-resisted|p1a: Corviknight
|-damage|p1a: Corviknight|84/100
|-damage|p2a: Landorus|84/100|[from] item: Rocky Helmet|[of] p1a: Corviknight
|
|t:|1781371240
|switch|p2a: Raging Bolt|Raging Bolt|100/100|[from] U-turn
|
|upkeep
|turn|11
|
|t:|1781371244
|switch|p1a: Gliscor|Gliscor, F|100/100 tox
|move|p2a: Raging Bolt|Calm Mind|p2a: Raging Bolt
|-boost|p2a: Raging Bolt|spa|1
|-boost|p2a: Raging Bolt|spd|1
|
|upkeep
|turn|12
|
|t:|1781371249
|move|p2a: Raging Bolt|Protect|p2a: Raging Bolt
|-singleturn|p2a: Raging Bolt|Protect
|move|p1a: Gliscor|Knock Off|p2a: Raging Bolt
|-activate|p2a: Raging Bolt|move: Protect
|
|upkeep
|turn|13
|j| nesnot
|
|t:|1781371260
|-end|p2a: Raging Bolt|Protosynthesis|[silent]
|switch|p2a: Enamorus|Enamorus, F|82/100 tox
|move|p1a: Gliscor|Knock Off|p2a: Enamorus
|-resisted|p2a: Enamorus
|-damage|p2a: Enamorus|66/100 tox
|-enditem|p2a: Enamorus|Focus Sash|[from] move: Knock Off|[of] p1a: Gliscor
|
|-damage|p2a: Enamorus|59/100 tox|[from] psn
|upkeep
|turn|14
|l| nesnot
|
|t:|1781371269
|move|p2a: Enamorus|Moonblast|p1a: Gliscor
|-damage|p1a: Gliscor|54/100 tox
|move|p1a: Gliscor|Knock Off|p2a: Enamorus
|-resisted|p2a: Enamorus
|-damage|p2a: Enamorus|49/100 tox
|
|-damage|p2a: Enamorus|36/100 tox|[from] psn
|-heal|p1a: Gliscor|67/100 tox|[from] ability: Poison Heal
|upkeep
|turn|15
|
|t:|1781371277
|move|p1a: Gliscor|Protect|p1a: Gliscor
|-singleturn|p1a: Gliscor|Protect
|move|p2a: Enamorus|Healing Wish|p2a: Enamorus
|faint|p2a: Enamorus
|
|-heal|p1a: Gliscor|79/100 tox|[from] ability: Poison Heal
|upkeep
|
|t:|1781371285
|switch|p2a: Raging Bolt|Raging Bolt|100/100
|turn|16
|
|t:|1781371288
|move|p1a: Gliscor|Earthquake|p2a: Raging Bolt
|-supereffective|p2a: Raging Bolt
|-damage|p2a: Raging Bolt|50/100
|move|p2a: Raging Bolt|Calm Mind|p2a: Raging Bolt
|-boost|p2a: Raging Bolt|spa|1
|-boost|p2a: Raging Bolt|spd|1
|
|-heal|p2a: Raging Bolt|56/100|[from] item: Leftovers
|-heal|p1a: Gliscor|92/100 tox|[from] ability: Poison Heal
|upkeep
|turn|17
|
|t:|1781371296
|move|p2a: Raging Bolt|Protect|p2a: Raging Bolt
|-singleturn|p2a: Raging Bolt|Protect
|move|p1a: Gliscor|Knock Off|p2a: Raging Bolt
|-activate|p2a: Raging Bolt|move: Protect
|
|-heal|p2a: Raging Bolt|62/100|[from] item: Leftovers
|-heal|p1a: Gliscor|100/100 tox|[from] ability: Poison Heal
|upkeep
|turn|18
|
|t:|1781371304
|-terastallize|p2a: Raging Bolt|Bug
|move|p1a: Gliscor|Knock Off|p2a: Raging Bolt
|-damage|p2a: Raging Bolt|46/100
|-enditem|p2a: Raging Bolt|Leftovers|[from] move: Knock Off|[of] p1a: Gliscor
|move|p2a: Raging Bolt|Dragon Pulse|p1a: Gliscor
|-damage|p1a: Gliscor|37/100 tox
|
|-heal|p1a: Gliscor|50/100 tox|[from] ability: Poison Heal
|upkeep
|turn|19
|
|t:|1781371318
|switch|p1a: Alomomola|Alomomola, F|100/100
|move|p2a: Raging Bolt|Dragon Pulse|p1a: Alomomola
|-damage|p1a: Alomomola|64/100
|
|upkeep
|turn|20
|
|t:|1781371324
|-terastallize|p1a: Alomomola|Fairy
|move|p2a: Raging Bolt|Protect|p2a: Raging Bolt
|-singleturn|p2a: Raging Bolt|Protect
|move|p1a: Alomomola|Mirror Coat||[still]
|-fail|p1a: Alomomola
|
|upkeep
|turn|21
|
|t:|1781371333
|move|p2a: Raging Bolt|Calm Mind|p2a: Raging Bolt
|-boost|p2a: Raging Bolt|spa|1
|-boost|p2a: Raging Bolt|spd|1
|move|p1a: Alomomola|Mirror Coat||[still]
|-fail|p1a: Alomomola
|
|upkeep
|turn|22
|
|t:|1781371342
|move|p2a: Raging Bolt|Thunderbolt|p1a: Alomomola
|-damage|p1a: Alomomola|17/100
|move|p1a: Alomomola|Flip Turn|p2a: Raging Bolt
|-damage|p2a: Raging Bolt|32/100
|
|t:|1781371346
|switch|p1a: Regieleki|Regieleki|100/100|[from] Flip Turn
|
|upkeep
|turn|23
|
|t:|1781371351
|move|p2a: Raging Bolt|Protect|p2a: Raging Bolt
|-singleturn|p2a: Raging Bolt|Protect
|move|p1a: Regieleki|Thunderbolt|p2a: Raging Bolt
|-activate|p2a: Raging Bolt|move: Protect
|
|upkeep
|turn|24
|
|t:|1781371359
|-end|p2a: Raging Bolt|Protosynthesis|[silent]
|switch|p2a: Cinderace|Cinderace, M|100/100
|move|p1a: Regieleki|Thunderbolt|p2a: Cinderace
|-crit|p2a: Cinderace
|-enditem|p2a: Cinderace|Focus Sash
|-damage|p2a: Cinderace|1/100
|
|upkeep
|turn|25
|c|☆KnuckleTesting|Lol
|c|☆KnuckleTesting|Someone over in Here Likes Focus sashed WAY to much
|
|t:|1781371386
|switch|p1a: Alomomola|Alomomola, F, tera:Fairy|50/100
|move|p2a: Cinderace|Pyro Ball|p1a: Alomomola
|-damage|p1a: Alomomola|8/100
|
|upkeep
|turn|26
|
|t:|1781371395
|move|p2a: Cinderace|Pyro Ball|p1a: Alomomola
|-damage|p1a: Alomomola|0 fnt
|faint|p1a: Alomomola
|
|upkeep
|
|t:|1781371399
|switch|p1a: Regieleki|Regieleki|100/100
|turn|27
|
|t:|1781371402
|move|p2a: Cinderace|Sucker Punch|p1a: Regieleki
|-start|p2a: Cinderace|typechange|Dark|[from] ability: Libero
|-damage|p1a: Regieleki|20/100
|move|p1a: Regieleki|Rapid Spin|p2a: Cinderace
|-damage|p2a: Cinderace|0 fnt
|-boost|p1a: Regieleki|spe|1
|faint|p2a: Cinderace
|
|upkeep
|
|t:|1781371410
|switch|p2a: Raging Bolt|Raging Bolt, tera:Bug|32/100
|-heal|p2a: Raging Bolt|100/100|[from] move: Healing Wish
|turn|28
|
|t:|1781371417
|switch|p1a: Zamazenta|Zamazenta|100/100
|-ability|p1a: Zamazenta|Dauntless Shield|boost
|-boost|p1a: Zamazenta|def|1
|move|p2a: Raging Bolt|Calm Mind|p2a: Raging Bolt
|-boost|p2a: Raging Bolt|spa|1
|-boost|p2a: Raging Bolt|spd|1
|
|upkeep
|turn|29
|
|t:|1781371425
|move|p1a: Zamazenta|Stone Edge|p2a: Raging Bolt|[miss]
|-miss|p1a: Zamazenta|p2a: Raging Bolt
|move|p2a: Raging Bolt|Thunderbolt|p1a: Zamazenta
|-damage|p1a: Zamazenta|32/100
|
|upkeep
|turn|30
|c|☆KnuckleTesting|At least that someone is lucky af
|
|t:|1781371439
|move|p2a: Raging Bolt|Protect|p2a: Raging Bolt
|-singleturn|p2a: Raging Bolt|Protect
|move|p1a: Zamazenta|Stone Edge|p2a: Raging Bolt
|-activate|p2a: Raging Bolt|move: Protect
|
|upkeep
|turn|31
|
|t:|1781371450
|-end|p2a: Raging Bolt|Protosynthesis|[silent]
|switch|p2a: Landorus|Landorus-Therian, M|84/100
|-ability|p2a: Landorus|Intimidate|boost
|-unboost|p1a: Zamazenta|atk|1
|move|p1a: Zamazenta|Stone Edge|p2a: Landorus
|-damage|p2a: Landorus|47/100
|
|upkeep
|turn|32
|c|☆KnuckleTesting|Not using tbolt on raging bolt is freaking terabad too lol
|
|t:|1781371478
|switch|p1a: Corviknight|Corviknight, M|84/100
|-ability|p1a: Corviknight|Pressure
|move|p2a: Landorus|Earthquake|p1a: Corviknight
|-immune|p1a: Corviknight
|
|upkeep
|turn|33
|
|t:|1781371496
|switch|p2a: Moltres|Moltres|100/100
|move|p1a: Corviknight|Brave Bird|p2a: Moltres
|-damage|p2a: Moltres|62/100
|-status|p1a: Corviknight|brn|[from] ability: Flame Body|[of] p2a: Moltres
|-damage|p1a: Corviknight|72/100 brn|[from] Recoil
|
|-damage|p1a: Corviknight|66/100 brn|[from] brn
|upkeep
|turn|34
|
|t:|1781371507
|move|p2a: Moltres|U-turn|p1a: Corviknight
|-resisted|p1a: Corviknight
|-damage|p1a: Corviknight|64/100 brn
|-damage|p2a: Moltres|46/100|[from] item: Rocky Helmet|[of] p1a: Corviknight
|
|t:|1781371510
|switch|p2a: Landorus|Landorus-Therian, M|47/100|[from] U-turn
|-ability|p2a: Landorus|Intimidate|boost
|-unboost|p1a: Corviknight|atk|1
|move|p1a: Corviknight|U-turn|p2a: Landorus
|-resisted|p2a: Landorus
|-damage|p2a: Landorus|44/100
|
|t:|1781371514
|switch|p1a: Zamazenta|Zamazenta|32/100|[from] U-turn
|
|upkeep
|turn|35
|
|t:|1781371519
|move|p2a: Landorus|U-turn|p1a: Zamazenta
|-resisted|p1a: Zamazenta
|-damage|p1a: Zamazenta|21/100
|
|t:|1781371522
|switch|p2a: Moltres|Moltres|46/100|[from] U-turn
|move|p1a: Zamazenta|Stone Edge|p2a: Moltres
|-supereffective|p2a: Moltres
|-damage|p2a: Moltres|0 fnt
|faint|p2a: Moltres
|
|upkeep
|
|t:|1781371528
|switch|p2a: Landorus|Landorus-Therian, M|44/100
|-ability|p2a: Landorus|Intimidate|boost
|-unboost|p1a: Zamazenta|atk|1
|turn|36
|
|t:|1781371532
|switch|p1a: Corviknight|Corviknight, M|64/100 brn
|-ability|p1a: Corviknight|Pressure
|move|p2a: Landorus|Earthquake|p1a: Corviknight
|-immune|p1a: Corviknight
|
|-damage|p1a: Corviknight|58/100 brn|[from] brn
|upkeep
|turn|37
|
|t:|1781371540
|move|p2a: Landorus|Earthquake|p1a: Corviknight
|-immune|p1a: Corviknight
|move|p1a: Corviknight|U-turn|p2a: Landorus
|-resisted|p2a: Landorus
|-damage|p2a: Landorus|40/100
|
|t:|1781371543
|switch|p1a: Gliscor|Gliscor, F|50/100 tox|[from] U-turn
|
|-heal|p1a: Gliscor|62/100 tox|[from] ability: Poison Heal
|upkeep
|turn|38
|
|t:|1781371549
|switch|p1a: Corviknight|Corviknight, M|58/100 brn
|-ability|p1a: Corviknight|Pressure
|move|p2a: Landorus|Earthquake|p1a: Corviknight
|-immune|p1a: Corviknight
|
|-damage|p1a: Corviknight|52/100 brn|[from] brn
|upkeep
|turn|39
|
|t:|1781371556
|switch|p2a: Raging Bolt|Raging Bolt, tera:Bug|100/100
|move|p1a: Corviknight|Roost|p1a: Corviknight
|-heal|p1a: Corviknight|100/100 brn
|-singleturn|p1a: Corviknight|move: Roost
|
|-damage|p1a: Corviknight|94/100 brn|[from] brn
|upkeep
|turn|40
|
|t:|1781371563
|move|p2a: Raging Bolt|Calm Mind|p2a: Raging Bolt
|-boost|p2a: Raging Bolt|spa|1
|-boost|p2a: Raging Bolt|spd|1
|move|p1a: Corviknight|Brave Bird|p2a: Raging Bolt
|-supereffective|p2a: Raging Bolt
|-damage|p2a: Raging Bolt|71/100
|-damage|p1a: Corviknight|83/100 brn|[from] Recoil
|
|-damage|p1a: Corviknight|77/100 brn|[from] brn
|upkeep
|turn|41
|
|t:|1781371572
|move|p2a: Raging Bolt|Thunderbolt|p1a: Corviknight
|-supereffective|p1a: Corviknight
|-damage|p1a: Corviknight|0 fnt
|faint|p1a: Corviknight
|
|upkeep
|c|☆KnuckleTesting|I already know that im gonna Miss Stone Edge again
|c|☆KnuckleTesting|Stupidity prevails Here
|
|t:|1781371592
|switch|p1a: Zamazenta|Zamazenta|21/100
|turn|42
|
|t:|1781371595
|move|p2a: Raging Bolt|Protect|p2a: Raging Bolt
|-singleturn|p2a: Raging Bolt|Protect
|move|p1a: Zamazenta|Stone Edge|p2a: Raging Bolt
|-activate|p2a: Raging Bolt|move: Protect
|
|upkeep
|turn|43
|
|t:|1781371601
|-end|p2a: Raging Bolt|Protosynthesis|[silent]
|switch|p2a: Landorus|Landorus-Therian, M|40/100
|-ability|p2a: Landorus|Intimidate|boost
|-unboost|p1a: Zamazenta|atk|1
|move|p1a: Zamazenta|Stone Edge|p2a: Landorus
|-damage|p2a: Landorus|4/100
|
|upkeep
|turn|44
|
|t:|1781371608
|switch|p1a: Gliscor|Gliscor, F|62/100 tox
|move|p2a: Landorus|Outrage|p1a: Gliscor
|-damage|p1a: Gliscor|25/100 tox
|
|-heal|p1a: Gliscor|37/100 tox|[from] ability: Poison Heal
|upkeep
|turn|45
|
|t:|1781371618
|move|p1a: Gliscor|Protect|p1a: Gliscor
|-singleturn|p1a: Gliscor|Protect
|move|p2a: Landorus|Outrage|p1a: Gliscor|[from] lockedmove
|-activate|p1a: Gliscor|move: Protect
|
|-heal|p1a: Gliscor|50/100 tox|[from] ability: Poison Heal
|upkeep
|turn|46
|
|t:|1781371625
|move|p2a: Landorus|Outrage|p1a: Gliscor
|-damage|p1a: Gliscor|10/100 tox
|move|p1a: Gliscor|Knock Off|p2a: Landorus
|-damage|p2a: Landorus|0 fnt
|-enditem|p2a: Landorus|Choice Scarf|[from] move: Knock Off|[of] p1a: Gliscor
|faint|p2a: Landorus
|
|-heal|p1a: Gliscor|23/100 tox|[from] ability: Poison Heal
|upkeep
|
|t:|1781371634
|switch|p2a: Raging Bolt|Raging Bolt, tera:Bug|71/100
|turn|47
|c|☆KnuckleTesting|Alright
|c|☆KnuckleTesting|If you are Bad enough you let me Chip raging bolt down enough so i can use CC with Zamazenta
|inactive|KnuckleTesting has 120 seconds left.
|c|☆KnuckleTesting|Lets see how braindead you are
|j| Puyu paz
|
|t:|1781371671
|move|p1a: Gliscor|Earthquake|p2a: Raging Bolt
|-resisted|p2a: Raging Bolt
|-damage|p2a: Raging Bolt|57/100
|move|p2a: Raging Bolt|Dragon Pulse|p1a: Gliscor
|-damage|p1a: Gliscor|0 fnt
|faint|p1a: Gliscor
|
|upkeep
|
|t:|1781371673
|switch|p1a: Regieleki|Regieleki|20/100
|turn|48
|
|t:|1781371679
|move|p1a: Regieleki|Thunderbolt|p2a: Raging Bolt
|-damage|p2a: Raging Bolt|0 fnt
|faint|p2a: Raging Bolt
|-end|p2a: Raging Bolt|Protosynthesis|[silent]
|
|win|KnuckleTesting
|raw|KnuckleTesting's rating: 1589 &rarr; <strong>1610</strong><br />(+21 for winning)
|raw|salazzle stan's rating: 1603 &rarr; <strong>1582</strong><br />(-21 for losing)
|c|☆salazzle stan|u should get a journal cause no one gves a fuck
|c|☆KnuckleTesting|Ggwp
|c|☆salazzle stan|gg
|l|☆KnuckleTesting
|player|p1|
|l|☆salazzle stan
|player|p2|
|l| Puyu paz
