|j|☆Auburn Hills
|j|☆helicopyer
|t:|1781566378
|gametype|singles
|player|p1|Auburn Hills|alder|1798
|player|p2|helicopyer|#wcop2026canada|1810
|gen|9
|tier|[Gen 9] OU
|rated|
|rule|HP Percentage Mod: HP is shown in percentages
|rule|Endless Battle Clause: Forcing endless battles is banned
|rule|Species Clause: Limit one of each Pokémon
|rule|OHKO Clause: OHKO moves are banned
|rule|Evasion Items Clause: Evasion items are banned
|rule|Evasion Moves Clause: Evasion moves are banned
|rule|Evasion Abilities Clause: Evasion abilities are banned
|rule|Sleep Moves Clause: Sleep-inducing moves are banned
|clearpoke
|poke|p1|Iron Moth|
|poke|p1|Umbreon, M|
|poke|p1|Garchomp, M|
|poke|p1|Glimmora, M|
|poke|p1|Gholdengo|
|poke|p1|Dragonite, F|
|poke|p2|Gholdengo|
|poke|p2|Cinderace, M|
|poke|p2|Samurott-Hisui, F|
|poke|p2|Slowking-Galar, F|
|poke|p2|Great Tusk|
|poke|p2|Tornadus-Therian, M|
|teampreview
|
|t:|1781566390
|teamsize|p1|6
|teamsize|p2|6
|start
|switch|p1a: Rat Tally|Garchomp, M|100/100
|switch|p2a: Lead Seal|Gholdengo|100/100
|turn|1
|
|t:|1781566395
|move|p2a: Lead Seal|Make It Rain|p1a: Rat Tally
|-damage|p1a: Rat Tally|29/100
|-unboost|p2a: Lead Seal|spa|1
|move|p1a: Rat Tally|Earthquake|p2a: Lead Seal
|-supereffective|p2a: Lead Seal
|-damage|p2a: Lead Seal|0 fnt
|faint|p2a: Lead Seal
|
|upkeep
|
|t:|1781566403
|switch|p2a: Basepoint|Tornadus-Therian, M|100/100
|turn|2
|
|t:|1781566408
|move|p2a: Basepoint|Bleakwind Storm|p1a: Rat Tally
|-damage|p1a: Rat Tally|0 fnt
|faint|p1a: Rat Tally
|-damage|p2a: Basepoint|91/100|[from] item: Life Orb
|
|upkeep
|
|t:|1781566413
|switch|p1a: Elucid|Dragonite, F|100/100
|turn|3
|
|t:|1781566418
|switch|p2a: Wild Scales|Great Tusk|100/100
|move|p1a: Elucid|Dragon Dance|p1a: Elucid
|-boost|p1a: Elucid|atk|1
|-boost|p1a: Elucid|spe|1
|
|upkeep
|turn|4
|
|t:|1781566422
|move|p1a: Elucid|Earthquake|p2a: Wild Scales
|-damage|p2a: Wild Scales|60/100
|move|p2a: Wild Scales|Ice Spinner|p1a: Elucid
|-supereffective|p1a: Elucid
|-damage|p1a: Elucid|43/100
|
|upkeep
|turn|5
|
|t:|1781566428
|move|p1a: Elucid|Ice Spinner|p2a: Wild Scales
|-supereffective|p2a: Wild Scales
|-damage|p2a: Wild Scales|0 fnt
|-damage|p1a: Elucid|27/100|[from] item: Rocky Helmet|[of] p2a: Wild Scales
|faint|p2a: Wild Scales
|-end|p2a: Wild Scales|Protosynthesis|[silent]
|
|upkeep
|
|t:|1781566436
|switch|p2a: Fake Waves|Samurott-Hisui, F|100/100
|turn|6
|
|t:|1781566440
|move|p1a: Elucid|Extreme Speed|p2a: Fake Waves
|-damage|p2a: Fake Waves|52/100
|move|p2a: Fake Waves|Ceaseless Edge|p1a: Elucid
|-damage|p1a: Elucid|0 fnt
|-sidestart|p1: Auburn Hills|Spikes
|faint|p1a: Elucid
|
|upkeep
|
|t:|1781566443
|switch|p1a: Glimmora|Glimmora, M|100/100
|-damage|p1a: Glimmora|88/100|[from] Spikes
|turn|7
|
|t:|1781566454
|move|p1a: Glimmora|Mortal Spin|p2a: Fake Waves
|-damage|p2a: Fake Waves|45/100
|-status|p2a: Fake Waves|psn
|-sideend|p1: Auburn Hills|Spikes|[from] move: Mortal Spin|[of] p1a: Glimmora
|move|p2a: Fake Waves|Ceaseless Edge|p1a: Glimmora
|-damage|p1a: Glimmora|39/100
|-activate|p1a: Glimmora|ability: Toxic Debris
|-sidestart|p2: helicopyer|move: Toxic Spikes
|-sidestart|p1: Auburn Hills|Spikes
|
|-damage|p2a: Fake Waves|33/100 psn|[from] psn
|upkeep
|turn|8
|j| lowladderubersnoob
|
|t:|1781566461
|move|p1a: Glimmora|Stealth Rock|p2a: Fake Waves
|-sidestart|p2: helicopyer|move: Stealth Rock
|move|p2a: Fake Waves|Ceaseless Edge|p1a: Glimmora
|-damage|p1a: Glimmora|0 fnt
|-activate|p1a: Glimmora|ability: Toxic Debris
|-sidestart|p2: helicopyer|move: Toxic Spikes
|-sidestart|p1: Auburn Hills|Spikes
|faint|p1a: Glimmora
|
|-damage|p2a: Fake Waves|21/100 psn|[from] psn
|upkeep
|
|t:|1781566465
|switch|p1a: Alvvays|Umbreon, M|100/100
|-damage|p1a: Alvvays|84/100|[from] Spikes
|turn|9
|
|t:|1781566469
|move|p2a: Fake Waves|Flip Turn|p1a: Alvvays
|-damage|p1a: Alvvays|61/100
|
|t:|1781566472
|switch|p2a: Pine Soot|Slowking-Galar, F|100/100|[from] Flip Turn
|-sideend|p2: helicopyer|move: Toxic Spikes|[of] p2a: Pine Soot
|-damage|p2a: Pine Soot|88/100|[from] Stealth Rock
|move|p1a: Alvvays|Wish|p1a: Alvvays
|
|-heal|p1a: Alvvays|67/100|[from] item: Leftovers
|-heal|p2a: Pine Soot|94/100|[from] item: Black Sludge
|upkeep
|turn|10
|
|t:|1781566477
|move|p1a: Alvvays|Thunder Wave|p2a: Pine Soot
|-status|p2a: Pine Soot|par
|move|p2a: Pine Soot|Trick|p1a: Alvvays
|-activate|p2a: Pine Soot|move: Trick|[of] p1a: Alvvays
|-item|p1a: Alvvays|Black Sludge|[from] move: Trick
|-item|p2a: Pine Soot|Leftovers|[from] move: Trick
|
|-heal|p1a: Alvvays|100/100|[from] move: Wish|[wisher] Alvvays
|-damage|p1a: Alvvays|88/100|[from] item: Black Sludge
|-heal|p2a: Pine Soot|99/100 par|[from] item: Leftovers
|upkeep
|turn|11
|
|t:|1781566484
|move|p1a: Alvvays|Foul Play|p2a: Pine Soot
|-supereffective|p2a: Pine Soot
|-damage|p2a: Pine Soot|73/100 par
|-prepare|p2a: Pine Soot|Chilly Reception|[premajor]
|move|p2a: Pine Soot|Chilly Reception|p2a: Pine Soot
|-weather|Snowscape
|
|t:|1781566489
|switch|p2a: Extinguished Sins|Cinderace, M|100/100|[from] Chilly Reception
|
|-weather|Snowscape|[upkeep]
|-damage|p1a: Alvvays|76/100|[from] item: Black Sludge
|upkeep
|turn|12
|
|t:|1781566494
|move|p2a: Extinguished Sins|U-turn|p1a: Alvvays
|-supereffective|p1a: Alvvays
|-damage|p1a: Alvvays|46/100
|
|t:|1781566497
|switch|p2a: Pine Soot|Slowking-Galar, F|100/100 par|[from] U-turn
|-damage|p2a: Pine Soot|88/100 par|[from] Stealth Rock
|move|p1a: Alvvays|Foul Play|p2a: Pine Soot
|-supereffective|p2a: Pine Soot
|-damage|p2a: Pine Soot|61/100 par
|
|-weather|Snowscape|[upkeep]
|-damage|p1a: Alvvays|33/100|[from] item: Black Sludge
|-heal|p2a: Pine Soot|67/100 par|[from] item: Leftovers
|upkeep
|turn|13
|
|t:|1781566502
|move|p1a: Alvvays|Wish|p1a: Alvvays
|move|p2a: Pine Soot|Sludge Bomb|p1a: Alvvays
|-damage|p1a: Alvvays|16/100
|
|-weather|Snowscape|[upkeep]
|-damage|p1a: Alvvays|4/100|[from] item: Black Sludge
|-heal|p2a: Pine Soot|73/100 par|[from] item: Leftovers
|upkeep
|turn|14
|
|t:|1781566506
|move|p1a: Alvvays|Foul Play|p2a: Pine Soot
|-supereffective|p2a: Pine Soot
|-damage|p2a: Pine Soot|45/100 par
|-prepare|p2a: Pine Soot|Chilly Reception|[premajor]
|move|p2a: Pine Soot|Chilly Reception|p2a: Pine Soot
|
|t:|1781566508
|switch|p2a: Extinguished Sins|Cinderace, M|100/100|[from] Chilly Reception
|
|-weather|Snowscape|[upkeep]
|-heal|p1a: Alvvays|54/100|[from] move: Wish|[wisher] Alvvays
|-damage|p1a: Alvvays|41/100|[from] item: Black Sludge
|upkeep
|turn|15
|
|t:|1781566510
|move|p2a: Extinguished Sins|U-turn|p1a: Alvvays
|-supereffective|p1a: Alvvays
|-crit|p1a: Alvvays
|-damage|p1a: Alvvays|0 fnt
|faint|p1a: Alvvays
|
|t:|1781566520
|switch|p2a: Basepoint|Tornadus-Therian, M|100/100|[from] U-turn
|-damage|p2a: Basepoint|76/100|[from] Stealth Rock
|
|-weather|none
|upkeep
|
|t:|1781566524
|switch|p1a: Carly Rae|Iron Moth|100/100
|-damage|p1a: Carly Rae|84/100|[from] Spikes
|-enditem|p1a: Carly Rae|Booster Energy
|-activate|p1a: Carly Rae|ability: Quark Drive|[fromitem]
|-start|p1a: Carly Rae|quarkdrivespe
|turn|16
|
|t:|1781566527
|move|p1a: Carly Rae|Fiery Dance|p2a: Basepoint
|-damage|p2a: Basepoint|24/100
|move|p2a: Basepoint|Bleakwind Storm|p1a: Carly Rae
|-damage|p1a: Carly Rae|16/100
|-unboost|p1a: Carly Rae|spe|1
|-damage|p2a: Basepoint|14/100|[from] item: Life Orb
|
|upkeep
|turn|17
|
|t:|1781566536
|move|p2a: Basepoint|Heat Wave|p1a: Carly Rae
|-resisted|p1a: Carly Rae
|-damage|p1a: Carly Rae|0 fnt
|faint|p1a: Carly Rae
|-end|p1a: Carly Rae|Quark Drive|[silent]
|-damage|p2a: Basepoint|4/100|[from] item: Life Orb
|
|upkeep
|
|t:|1781566538
|switch|p1a: Smino|Gholdengo|100/100
|-damage|p1a: Smino|84/100|[from] Spikes
|turn|18
|
|t:|1781566540
|move|p1a: Smino|Shadow Ball|p2a: Basepoint
|-damage|p2a: Basepoint|0 fnt
|faint|p2a: Basepoint
|
|upkeep
|
|t:|1781566546
|switch|p2a: Fake Waves|Samurott-Hisui, F|21/100 psn
|-damage|p2a: Fake Waves|9/100 psn|[from] Stealth Rock
|turn|19
|
|t:|1781566549
|move|p2a: Fake Waves|Sucker Punch|p1a: Smino
|-supereffective|p1a: Smino
|-damage|p1a: Smino|22/100
|move|p1a: Smino|Shadow Ball|p2a: Fake Waves
|-resisted|p2a: Fake Waves
|-damage|p2a: Fake Waves|0 fnt
|faint|p2a: Fake Waves
|
|upkeep
|-message|Auburn Hills forfeited.
|
|win|helicopyer
|raw|Auburn Hills's rating: 1798 &rarr; <strong>1779</strong><br />(-19 for losing)
|raw|helicopyer's rating: 1810 &rarr; <strong>1829</strong><br />(+19 for winning)
|l|☆Auburn Hills
|player|p1|
|l|☆helicopyer
|player|p2|
|l| lowladderubersnoob
