|j|☆n1ghtzz33
|j|☆mynameethanreyes
|t:|1781307647
|gametype|singles
|player|p1|n1ghtzz33|parasollady|1528
|player|p2|mynameethanreyes|teamrocket|1478
|gen|9
|tier|[Gen 9] OU
|rated|
|rule|HP Percentage Mod: HP is shown in percentages
|rule|Endless Battle Clause: Forcing endless battles is banned
|rule|Species Clause: Limit one of each Pokémon
|rule|OHKO Clause: OHKO moves are banned
|rule|Evasion Items Clause: Evasion items are banned
|rule|Evasion Moves Clause: Evasion moves are banned
|rule|Evasion Abilities Clause: Evasion abilities are banned
|rule|Sleep Moves Clause: Sleep-inducing moves are banned
|clearpoke
|poke|p1|Corviknight, M|
|poke|p1|Clefable, M|
|poke|p1|Alomomola, F|
|poke|p1|Clodsire, F|
|poke|p1|Toxapex, M|
|poke|p1|Quagsire, M|
|poke|p2|Scizor, F|
|poke|p2|Ogerpon-Wellspring, F|
|poke|p2|Garganacl, M|
|poke|p2|Slowking-Galar, F|
|poke|p2|Great Tusk|
|poke|p2|Zapdos|
|teampreview
|inactive|Battle timer is ON: inactive players will automatically lose when time's up. (requested by mynameethanreyes)
|
|t:|1781307663
|teamsize|p1|6
|teamsize|p2|6
|start
|switch|p1a: Toxapex|Toxapex, M|100/100
|switch|p2a: WhatLesbiansDo|Scizor, F, shiny|100/100
|turn|1
|inactive|n1ghtzz33 also wants the timer to be on.
|
|t:|1781307696
|move|p2a: WhatLesbiansDo|Knock Off|p1a: Toxapex
|-damage|p1a: Toxapex|67/100
|-enditem|p1a: Toxapex|Heavy-Duty Boots|[from] move: Knock Off|[of] p2a: WhatLesbiansDo
|move|p1a: Toxapex|Recover|p1a: Toxapex
|-heal|p1a: Toxapex|100/100
|
|upkeep
|turn|2
|inactive|mynameethanreyes has 120 seconds left.
|
|t:|1781307714
|switch|p2a: Domestic Abuse|Garganacl, M|100/100
|switch|p1a: Quagsire|Quagsire, M|100/100
|
|upkeep
|turn|3
|inactive|mynameethanreyes has 120 seconds left.
|
|t:|1781307728
|move|p2a: Domestic Abuse|Stealth Rock|p1a: Quagsire
|-sidestart|p1: n1ghtzz33|move: Stealth Rock
|move|p1a: Quagsire|Stealth Rock|p2a: Domestic Abuse
|-sidestart|p2: mynameethanreyes|move: Stealth Rock
|
|upkeep
|turn|4
|
|t:|1781307741
|switch|p1a: Clefable|Clefable, M|100/100
|move|p2a: Domestic Abuse|Salt Cure|p1a: Clefable
|-damage|p1a: Clefable|85/100
|-start|p1a: Clefable|Salt Cure
|
|-heal|p1a: Clefable|91/100|[from] item: Leftovers
|upkeep
|turn|5
|
|t:|1781307757
|switch|p2a: Yeast Infection|Slowking-Galar, F|100/100
|move|p1a: Clefable|Knock Off|p2a: Yeast Infection
|-supereffective|p2a: Yeast Infection
|-damage|p2a: Yeast Infection|64/100
|-enditem|p2a: Yeast Infection|Heavy-Duty Boots|[from] move: Knock Off|[of] p1a: Clefable
|
|-heal|p1a: Clefable|97/100|[from] item: Leftovers
|upkeep
|turn|6
|
|t:|1781307772
|switch|p1a: Quagsire|Quagsire, M|100/100
|-prepare|p2a: Yeast Infection|Chilly Reception|[premajor]
|move|p2a: Yeast Infection|Chilly Reception|p2a: Yeast Infection
|-weather|Snowscape
|
|t:|1781307789
|switch|p2a: Wetness|Ogerpon-Wellspring, F|100/100|[from] Chilly Reception
|-damage|p2a: Wetness|88/100|[from] Stealth Rock
|
|-weather|Snowscape|[upkeep]
|upkeep
|turn|7
|
|t:|1781307804
|-terastallize|p1a: Quagsire|Dark
|move|p2a: Wetness|Knock Off|p1a: Quagsire
|-resisted|p1a: Quagsire
|-damage|p1a: Quagsire|87/100
|-enditem|p1a: Quagsire|Heavy-Duty Boots|[from] move: Knock Off|[of] p2a: Wetness
|move|p1a: Quagsire|Counter|p2a: Wetness
|-damage|p2a: Wetness|52/100
|
|-weather|Snowscape|[upkeep]
|upkeep
|turn|8
|
|t:|1781307818
|switch|p2a: Yeast Infection|Slowking-Galar, F|98/100
|-damage|p2a: Yeast Infection|85/100|[from] Stealth Rock
|move|p1a: Quagsire|Recover|p1a: Quagsire
|-heal|p1a: Quagsire|100/100
|
|-weather|Snowscape|[upkeep]
|upkeep
|turn|9
|
|t:|1781307832
|switch|p1a: Corviknight|Corviknight, M|100/100
|-ability|p1a: Corviknight|Pressure
|-prepare|p2a: Yeast Infection|Chilly Reception|[premajor]
|move|p2a: Yeast Infection|Chilly Reception|p2a: Yeast Infection
|
|t:|1781307840
|switch|p2a: Domestic Abuse|Garganacl, M|100/100|[from] Chilly Reception
|-damage|p2a: Domestic Abuse|88/100|[from] Stealth Rock
|
|-weather|Snowscape|[upkeep]
|-heal|p2a: Domestic Abuse|94/100|[from] item: Leftovers
|upkeep
|turn|10
|
|t:|1781307853
|switch|p1a: Clefable|Clefable, M|97/100
|move|p2a: Domestic Abuse|Salt Cure|p1a: Clefable
|-damage|p1a: Clefable|82/100
|-start|p1a: Clefable|Salt Cure
|
|-weather|none
|-heal|p1a: Clefable|88/100|[from] item: Leftovers
|-heal|p2a: Domestic Abuse|100/100|[from] item: Leftovers
|upkeep
|turn|11
|
|t:|1781307868
|switch|p2a: Yeast Infection|Slowking-Galar, F|100/100
|-damage|p2a: Yeast Infection|88/100|[from] Stealth Rock
|move|p1a: Clefable|Knock Off|p2a: Yeast Infection
|-supereffective|p2a: Yeast Infection
|-damage|p2a: Yeast Infection|66/100
|
|-heal|p1a: Clefable|94/100|[from] item: Leftovers
|upkeep
|turn|12
|
|t:|1781307885
|move|p1a: Clefable|Knock Off|p2a: Yeast Infection
|-supereffective|p2a: Yeast Infection
|-damage|p2a: Yeast Infection|41/100
|move|p2a: Yeast Infection|Future Sight|p1a: Clefable
|-start|p2a: Yeast Infection|move: Future Sight
|
|-heal|p1a: Clefable|99/100|[from] item: Leftovers
|upkeep
|turn|13
|
|t:|1781307899
|move|p1a: Clefable|Knock Off|p2a: Yeast Infection
|-supereffective|p2a: Yeast Infection
|-damage|p2a: Yeast Infection|19/100
|-prepare|p2a: Yeast Infection|Chilly Reception|[premajor]
|move|p2a: Yeast Infection|Chilly Reception|p2a: Yeast Infection
|-weather|Snowscape
|
|t:|1781307904
|switch|p2a: WhatLesbiansDo|Scizor, F, shiny|100/100|[from] Chilly Reception
|-damage|p2a: WhatLesbiansDo|88/100|[from] Stealth Rock
|
|-weather|Snowscape|[upkeep]
|-heal|p1a: Clefable|100/100|[from] item: Leftovers
|upkeep
|turn|14
|
|t:|1781307917
|switch|p1a: Corviknight|Corviknight, M|100/100
|-ability|p1a: Corviknight|Pressure
|move|p2a: WhatLesbiansDo|U-turn|p1a: Corviknight
|-resisted|p1a: Corviknight
|-crit|p1a: Corviknight
|-damage|p1a: Corviknight|86/100
|
|t:|1781307937
|switch|p2a: Pokemon|Zapdos, shiny|100/100|[from] U-turn
|
|-weather|Snowscape|[upkeep]
|-end|p1a: Corviknight|move: Future Sight
|-resisted|p1a: Corviknight
|-damage|p1a: Corviknight|63/100
|upkeep
|turn|15
|
|t:|1781307950
|switch|p1a: Clodsire|Clodsire, F|100/100
|move|p2a: Pokemon|Hurricane|p1a: Clodsire|[miss]
|-miss|p2a: Pokemon|p1a: Clodsire
|
|-weather|Snowscape|[upkeep]
|upkeep
|turn|16
|
|t:|1781307964
|move|p2a: Pokemon|U-turn|p1a: Clodsire
|-resisted|p1a: Clodsire
|-crit|p1a: Clodsire
|-damage|p1a: Clodsire|89/100
|
|t:|1781307974
|switch|p2a: Yeast Infection|Slowking-Galar, F|52/100|[from] U-turn
|-damage|p2a: Yeast Infection|39/100|[from] Stealth Rock
|move|p1a: Clodsire|Toxic|p2a: Yeast Infection
|-immune|p2a: Yeast Infection
|
|-weather|Snowscape|[upkeep]
|upkeep
|turn|17
|
|t:|1781307988
|switch|p2a: Two Sided Dido|Great Tusk|100/100
|move|p1a: Clodsire|Earthquake|p2a: Two Sided Dido
|-damage|p2a: Two Sided Dido|79/100
|
|-weather|none
|upkeep
|turn|18
|
|t:|1781308002
|switch|p1a: Corviknight|Corviknight, M|63/100
|-ability|p1a: Corviknight|Pressure
|move|p2a: Two Sided Dido|Rapid Spin|p1a: Corviknight
|-resisted|p1a: Corviknight
|-damage|p1a: Corviknight|57/100
|-boost|p2a: Two Sided Dido|spe|1
|-sideend|p2: mynameethanreyes|Stealth Rock|[from] move: Rapid Spin|[of] p2a: Two Sided Dido
|
|upkeep
|turn|19
|
|t:|1781308030
|-end|p2a: Two Sided Dido|Protosynthesis|[silent]
|switch|p2a: Domestic Abuse|Garganacl, M|100/100
|move|p1a: Corviknight|Roost|p1a: Corviknight
|-heal|p1a: Corviknight|100/100
|-singleturn|p1a: Corviknight|move: Roost
|
|upkeep
|turn|20
|
|t:|1781308044
|switch|p1a: Alomomola|Alomomola, F|100/100
|switch|p2a: WhatLesbiansDo|Scizor, F, shiny|88/100
|
|upkeep
|turn|21
|
|t:|1781308060
|move|p1a: Alomomola|Protect|p1a: Alomomola
|-singleturn|p1a: Alomomola|Protect
|move|p2a: WhatLesbiansDo|Knock Off|p1a: Alomomola
|-activate|p1a: Alomomola|move: Protect
|
|upkeep
|turn|22
|
|t:|1781308074
|switch|p2a: Wetness|Ogerpon-Wellspring, F|52/100
|switch|p1a: Quagsire|Quagsire, M, tera:Dark|100/100
|-damage|p1a: Quagsire|88/100|[from] Stealth Rock
|
|upkeep
|turn|23
|
|t:|1781308097
|switch|p2a: WhatLesbiansDo|Scizor, F, shiny|88/100
|move|p1a: Quagsire|Stealth Rock|p2a: WhatLesbiansDo
|-sidestart|p2: mynameethanreyes|move: Stealth Rock
|
|upkeep
|turn|24
|
|t:|1781308111
|switch|p1a: Corviknight|Corviknight, M|100/100
|-ability|p1a: Corviknight|Pressure
|move|p2a: WhatLesbiansDo|Knock Off|p1a: Corviknight
|-damage|p1a: Corviknight|67/100
|-enditem|p1a: Corviknight|Heavy-Duty Boots|[from] move: Knock Off|[of] p2a: WhatLesbiansDo
|
|upkeep
|turn|25
|
|t:|1781308125
|switch|p2a: Domestic Abuse|Garganacl, M|100/100
|-damage|p2a: Domestic Abuse|88/100|[from] Stealth Rock
|move|p1a: Corviknight|Roost|p1a: Corviknight
|-heal|p1a: Corviknight|100/100
|-singleturn|p1a: Corviknight|move: Roost
|
|-heal|p2a: Domestic Abuse|94/100|[from] item: Leftovers
|upkeep
|turn|26
|
|t:|1781308138
|switch|p1a: Alomomola|Alomomola, F|100/100
|move|p2a: Domestic Abuse|Salt Cure|p1a: Alomomola
|-damage|p1a: Alomomola|92/100
|-start|p1a: Alomomola|Salt Cure
|
|-heal|p2a: Domestic Abuse|100/100|[from] item: Leftovers
|-damage|p1a: Alomomola|67/100|[from] Salt Cure
|upkeep
|turn|27
|
|t:|1781308154
|move|p2a: Domestic Abuse|Protect|p2a: Domestic Abuse
|-singleturn|p2a: Domestic Abuse|Protect
|move|p1a: Alomomola|Flip Turn|p2a: Domestic Abuse
|-activate|p2a: Domestic Abuse|move: Protect
|
|-damage|p1a: Alomomola|42/100|[from] Salt Cure
|upkeep
|turn|28
|
|t:|1781308161
|switch|p1a: Toxapex|Toxapex, M|100/100
|-damage|p1a: Toxapex|88/100|[from] Stealth Rock
|move|p2a: Domestic Abuse|Protect||[still]
|-fail|p2a: Domestic Abuse
|
|upkeep
|turn|29
|
|t:|1781308168
|move|p1a: Toxapex|Recover|p1a: Toxapex
|-heal|p1a: Toxapex|100/100
|move|p2a: Domestic Abuse|Salt Cure|p1a: Toxapex
|-damage|p1a: Toxapex|93/100
|-start|p1a: Toxapex|Salt Cure
|
|-damage|p1a: Toxapex|68/100|[from] Salt Cure
|upkeep
|turn|30
|
|t:|1781308177
|switch|p1a: Alomomola|Alomomola, F|76/100
|move|p2a: Domestic Abuse|Salt Cure|p1a: Alomomola
|-damage|p1a: Alomomola|67/100
|-start|p1a: Alomomola|Salt Cure
|
|-damage|p1a: Alomomola|42/100|[from] Salt Cure
|upkeep
|turn|31
|
|t:|1781308185
|switch|p1a: Toxapex|Toxapex, M|100/100
|-damage|p1a: Toxapex|88/100|[from] Stealth Rock
|move|p2a: Domestic Abuse|Protect||[still]
|-fail|p2a: Domestic Abuse
|
|upkeep
|turn|32
|
|t:|1781308192
|switch|p1a: Alomomola|Alomomola, F|76/100
|move|p2a: Domestic Abuse|Salt Cure|p1a: Alomomola
|-damage|p1a: Alomomola|67/100
|-start|p1a: Alomomola|Salt Cure
|
|-damage|p1a: Alomomola|42/100|[from] Salt Cure
|upkeep
|turn|33
|
|t:|1781308202
|switch|p1a: Clefable|Clefable, M|100/100
|move|p2a: Domestic Abuse|Salt Cure|p1a: Clefable
|-damage|p1a: Clefable|84/100
|-start|p1a: Clefable|Salt Cure
|
|-heal|p1a: Clefable|90/100|[from] item: Leftovers
|upkeep
|turn|34
|
|t:|1781308214
|switch|p1a: Toxapex|Toxapex, M|100/100
|-damage|p1a: Toxapex|88/100|[from] Stealth Rock
|switch|p2a: Yeast Infection|Slowking-Galar, F|73/100
|-damage|p2a: Yeast Infection|60/100|[from] Stealth Rock
|
|upkeep
|turn|35
|
|t:|1781308227
|switch|p1a: Alomomola|Alomomola, F|75/100
|move|p2a: Yeast Infection|Future Sight|p1a: Alomomola
|-start|p2a: Yeast Infection|move: Future Sight
|
|upkeep
|turn|36
|
|t:|1781308241
|move|p1a: Alomomola|Wish|p1a: Alomomola
|-prepare|p2a: Yeast Infection|Chilly Reception|[premajor]
|move|p2a: Yeast Infection|Chilly Reception|p2a: Yeast Infection
|-weather|Snowscape
|
|t:|1781308252
|switch|p2a: Pokemon|Zapdos, shiny|100/100|[from] Chilly Reception
|
|-weather|Snowscape|[upkeep]
|upkeep
|turn|37
|
|t:|1781308265
|switch|p1a: Clefable|Clefable, M|90/100
|move|p2a: Pokemon|Discharge|p1a: Clefable
|-damage|p1a: Clefable|68/100
|
|-weather|Snowscape|[upkeep]
|-end|p1a: Clefable|move: Future Sight
|-damage|p1a: Clefable|36/100
|-heal|p1a: Clefable|96/100|[from] move: Wish|[wisher] Alomomola
|-heal|p1a: Clefable|100/100|[from] item: Leftovers
|upkeep
|turn|38
|
|t:|1781308276
|move|p2a: Pokemon|U-turn|p1a: Clefable
|-resisted|p1a: Clefable
|-damage|p1a: Clefable|93/100
|inactive|mynameethanreyes has 120 seconds left.
|
|t:|1781308315
|switch|p2a: Yeast Infection|Slowking-Galar, F|93/100|[from] U-turn
|-damage|p2a: Yeast Infection|81/100|[from] Stealth Rock
|move|p1a: Clefable|Ice Beam|p2a: Yeast Infection
|-damage|p2a: Yeast Infection|69/100
|
|-weather|Snowscape|[upkeep]
|-heal|p1a: Clefable|99/100|[from] item: Leftovers
|upkeep
|turn|39
|
|t:|1781308329
|move|p1a: Clefable|Knock Off|p2a: Yeast Infection
|-supereffective|p2a: Yeast Infection
|-damage|p2a: Yeast Infection|45/100
|move|p2a: Yeast Infection|Future Sight|p1a: Clefable
|-start|p2a: Yeast Infection|move: Future Sight
|
|-weather|Snowscape|[upkeep]
|-heal|p1a: Clefable|100/100|[from] item: Leftovers
|upkeep
|turn|40
|
|t:|1781308343
|move|p1a: Clefable|Knock Off|p2a: Yeast Infection
|-supereffective|p2a: Yeast Infection
|-damage|p2a: Yeast Infection|20/100
|-prepare|p2a: Yeast Infection|Chilly Reception|[premajor]
|move|p2a: Yeast Infection|Chilly Reception|p2a: Yeast Infection
|inactive|mynameethanreyes has 120 seconds left.
|
|t:|1781308352
|switch|p2a: Pokemon|Zapdos, shiny|100/100|[from] Chilly Reception
|
|-weather|none
|upkeep
|turn|41
|inactive|mynameethanreyes has 120 seconds left.
|
|t:|1781308362
|move|p2a: Pokemon|U-turn|p1a: Clefable
|-resisted|p1a: Clefable
|-damage|p1a: Clefable|92/100
|inactive|mynameethanreyes has 120 seconds left.
|
|t:|1781308383
|switch|p2a: Yeast Infection|Slowking-Galar, F|54/100|[from] U-turn
|-damage|p2a: Yeast Infection|41/100|[from] Stealth Rock
|move|p1a: Clefable|Knock Off|p2a: Yeast Infection
|-supereffective|p2a: Yeast Infection
|-damage|p2a: Yeast Infection|17/100
|
|-end|p1a: Clefable|move: Future Sight
|-damage|p1a: Clefable|60/100
|-heal|p1a: Clefable|66/100|[from] item: Leftovers
|upkeep
|turn|42
|inactive|mynameethanreyes has 90 seconds left.
|
|t:|1781308437
|-terastallize|p2a: Yeast Infection|Water
|move|p1a: Clefable|Knock Off|p2a: Yeast Infection
|-damage|p2a: Yeast Infection|5/100
|move|p2a: Yeast Infection|Sludge Bomb|p1a: Clefable
|-supereffective|p1a: Clefable
|-damage|p1a: Clefable|19/100
|
|-heal|p1a: Clefable|25/100|[from] item: Leftovers
|upkeep
|turn|43
|inactive|mynameethanreyes has 60 seconds left.
|
|t:|1781308453
|switch|p2a: WhatLesbiansDo|Scizor, F, shiny|88/100
|-damage|p2a: WhatLesbiansDo|76/100|[from] Stealth Rock
|move|p1a: Clefable|Moonlight|p1a: Clefable
|-heal|p1a: Clefable|75/100
|
|-heal|p1a: Clefable|81/100|[from] item: Leftovers
|upkeep
|turn|44
|
|t:|1781308466
|switch|p1a: Toxapex|Toxapex, M|100/100
|-damage|p1a: Toxapex|88/100|[from] Stealth Rock
|move|p2a: WhatLesbiansDo|U-turn|p1a: Toxapex
|-resisted|p1a: Toxapex
|-damage|p1a: Toxapex|70/100
|
|t:|1781308473
|switch|p2a: Two Sided Dido|Great Tusk|79/100|[from] U-turn
|
|upkeep
|turn|45
|
|t:|1781308489
|move|p2a: Two Sided Dido|Rapid Spin|p1a: Toxapex
|-damage|p1a: Toxapex|61/100
|-boost|p2a: Two Sided Dido|spe|1
|-sideend|p2: mynameethanreyes|Stealth Rock|[from] move: Rapid Spin|[of] p2a: Two Sided Dido
|move|p1a: Toxapex|Toxic|p2a: Two Sided Dido
|-status|p2a: Two Sided Dido|tox
|
|-damage|p2a: Two Sided Dido|73/100 tox|[from] psn
|upkeep
|turn|46
|
|t:|1781308504
|-end|p2a: Two Sided Dido|Protosynthesis|[silent]
|switch|p2a: WhatLesbiansDo|Scizor, F, shiny|76/100
|switch|p1a: Corviknight|Corviknight, M|100/100
|-damage|p1a: Corviknight|88/100|[from] Stealth Rock
|-ability|p1a: Corviknight|Pressure
|
|upkeep
|turn|47
|
|t:|1781308517
|move|p2a: WhatLesbiansDo|U-turn|p1a: Corviknight
|-resisted|p1a: Corviknight
|-damage|p1a: Corviknight|78/100
|
|t:|1781308522
|switch|p2a: Pokemon|Zapdos, shiny|100/100|[from] U-turn
|move|p1a: Corviknight|Iron Defense|p1a: Corviknight
|-boost|p1a: Corviknight|def|2
|
|upkeep
|turn|48
|
|t:|1781308530
|switch|p1a: Clodsire|Clodsire, F|89/100
|move|p2a: Pokemon|Hurricane|p1a: Clodsire
|-damage|p1a: Clodsire|64/100
|-start|p1a: Clodsire|confusion
|
|upkeep
|turn|49
|
|t:|1781308543
|move|p2a: Pokemon|U-turn|p1a: Clodsire
|-resisted|p1a: Clodsire
|-damage|p1a: Clodsire|56/100
|inactive|mynameethanreyes has 60 seconds left.
|
|t:|1781308561
|switch|p2a: Two Sided Dido|Great Tusk|73/100 tox|[from] U-turn
|-activate|p1a: Clodsire|confusion
|move|p1a: Clodsire|Recover|p1a: Clodsire
|-heal|p1a: Clodsire|100/100
|
|-damage|p2a: Two Sided Dido|67/100 tox|[from] psn
|upkeep
|turn|50
|inactive|mynameethanreyes has 60 seconds left.
|
|t:|1781308574
|-end|p2a: Two Sided Dido|Protosynthesis|[silent]
|switch|p2a: WhatLesbiansDo|Scizor, F, shiny|76/100
|switch|p1a: Corviknight|Corviknight, M|78/100
|-damage|p1a: Corviknight|66/100|[from] Stealth Rock
|-ability|p1a: Corviknight|Pressure
|
|upkeep
|turn|51
|
|t:|1781308589
|move|p1a: Corviknight|Roost|p1a: Corviknight
|-heal|p1a: Corviknight|100/100
|-singleturn|p1a: Corviknight|move: Roost
|move|p2a: WhatLesbiansDo|U-turn|p1a: Corviknight
|-resisted|p1a: Corviknight
|-damage|p1a: Corviknight|79/100
|inactive|mynameethanreyes has 60 seconds left.
|inactive|mynameethanreyes has 30 seconds left.
|
|t:|1781308642
|switch|p2a: Yeast Infection|Slowking-Galar, F, tera:Water|38/100|[from] U-turn
|
|upkeep
|turn|52
|
|t:|1781308651
|switch|p2a: Pokemon|Zapdos, shiny|100/100
|move|p1a: Corviknight|Defog|p2a: Pokemon
|-unboost|p2a: Pokemon|evasion|1
|-sideend|p1: n1ghtzz33|Stealth Rock|[from] move: Defog|[of] p1a: Corviknight
|
|upkeep
|turn|53
|
|t:|1781308659
|switch|p1a: Clodsire|Clodsire, F|100/100
|move|p2a: Pokemon|U-turn|p1a: Clodsire
|-resisted|p1a: Clodsire
|-damage|p1a: Clodsire|93/100
|
|t:|1781308671
|switch|p2a: Domestic Abuse|Garganacl, M|100/100|[from] U-turn
|
|upkeep
|turn|54
|
|t:|1781308678
|move|p2a: Domestic Abuse|Stealth Rock|p1a: Clodsire
|-sidestart|p1: n1ghtzz33|move: Stealth Rock
|move|p1a: Clodsire|Spikes|p2a: Domestic Abuse
|-sidestart|p2: mynameethanreyes|Spikes
|
|upkeep
|turn|55
|
|t:|1781308685
|move|p2a: Domestic Abuse|Salt Cure|p1a: Clodsire
|-resisted|p1a: Clodsire
|-damage|p1a: Clodsire|86/100
|-start|p1a: Clodsire|Salt Cure
|move|p1a: Clodsire|Earthquake|p2a: Domestic Abuse
|-supereffective|p2a: Domestic Abuse
|-damage|p2a: Domestic Abuse|63/100
|
|-heal|p2a: Domestic Abuse|70/100|[from] item: Leftovers
|-damage|p1a: Clodsire|73/100|[from] Salt Cure
|upkeep
|turn|56
|
|t:|1781308697
|move|p2a: Domestic Abuse|Protect|p2a: Domestic Abuse
|-singleturn|p2a: Domestic Abuse|Protect
|move|p1a: Clodsire|Recover|p1a: Clodsire
|-heal|p1a: Clodsire|100/100
|
|-heal|p2a: Domestic Abuse|76/100|[from] item: Leftovers
|-damage|p1a: Clodsire|88/100|[from] Salt Cure
|upkeep
|turn|57
|inactive|mynameethanreyes has 60 seconds left.
|
|t:|1781308735
|switch|p1a: Clefable|Clefable, M|81/100
|move|p2a: Domestic Abuse|Stealth Rock||[still]
|-fail|p2a: Domestic Abuse
|
|-heal|p1a: Clefable|87/100|[from] item: Leftovers
|-heal|p2a: Domestic Abuse|82/100|[from] item: Leftovers
|upkeep
|turn|58
|
|t:|1781308743
|switch|p2a: Yeast Infection|Slowking-Galar, F, tera:Water|71/100
|-damage|p2a: Yeast Infection|59/100|[from] Spikes
|move|p1a: Clefable|Knock Off|p2a: Yeast Infection
|-damage|p2a: Yeast Infection|47/100
|
|-heal|p1a: Clefable|93/100|[from] item: Leftovers
|upkeep
|turn|59
|
|t:|1781308751
|move|p1a: Clefable|Moonblast|p2a: Yeast Infection
|-damage|p2a: Yeast Infection|28/100
|-unboost|p2a: Yeast Infection|spa|1
|move|p2a: Yeast Infection|Future Sight|p1a: Clefable
|-start|p2a: Yeast Infection|move: Future Sight
|
|-heal|p1a: Clefable|99/100|[from] item: Leftovers
|upkeep
|turn|60
|
|t:|1781308771
|switch|p1a: Alomomola|Alomomola, F|100/100
|-prepare|p2a: Yeast Infection|Chilly Reception|[premajor]
|move|p2a: Yeast Infection|Chilly Reception|p2a: Yeast Infection
|-weather|Snowscape
|
|t:|1781308785
|switch|p2a: Pokemon|Zapdos, shiny|100/100|[from] Chilly Reception
|
|-weather|Snowscape|[upkeep]
|upkeep
|turn|61
|
|t:|1781308792
|move|p2a: Pokemon|Discharge|p1a: Alomomola
|-supereffective|p1a: Alomomola
|-damage|p1a: Alomomola|49/100
|move|p1a: Alomomola|Wish|p1a: Alomomola
|
|-weather|Snowscape|[upkeep]
|-end|p1a: Alomomola|move: Future Sight
|-damage|p1a: Alomomola|11/100
|upkeep
|turn|62
|
|t:|1781308807
|move|p1a: Alomomola|Protect|p1a: Alomomola
|-singleturn|p1a: Alomomola|Protect
|move|p2a: Pokemon|U-turn|p1a: Alomomola
|-activate|p1a: Alomomola|move: Protect
|
|-weather|Snowscape|[upkeep]
|-heal|p1a: Alomomola|61/100|[from] move: Wish|[wisher] Alomomola
|upkeep
|turn|63
|
|t:|1781308814
|switch|p1a: Toxapex|Toxapex, M|94/100
|-damage|p1a: Toxapex|82/100|[from] Stealth Rock
|move|p2a: Pokemon|Discharge|p1a: Toxapex
|-supereffective|p1a: Toxapex
|-damage|p1a: Toxapex|28/100
|-status|p1a: Toxapex|par
|
|-weather|Snowscape|[upkeep]
|upkeep
|turn|64
|
|t:|1781308833
|switch|p1a: Clodsire|Clodsire, F|88/100
|move|p2a: Pokemon|Discharge|p1a: Clodsire
|-immune|p1a: Clodsire
|
|-weather|none
|upkeep
|turn|65
|
|t:|1781308851
|switch|p1a: Toxapex|Toxapex, M|61/100 par
|-damage|p1a: Toxapex|49/100 par|[from] Stealth Rock
|move|p2a: Pokemon|U-turn|p1a: Toxapex
|-resisted|p1a: Toxapex
|-damage|p1a: Toxapex|44/100 par
|inactive|mynameethanreyes has 30 seconds left.
|
|t:|1781308876
|switch|p2a: Domestic Abuse|Garganacl, M|82/100|[from] U-turn
|-damage|p2a: Domestic Abuse|70/100|[from] Spikes
|
|-heal|p2a: Domestic Abuse|76/100|[from] item: Leftovers
|upkeep
|turn|66
|
|t:|1781308883
|switch|p1a: Quagsire|Quagsire, M, tera:Dark|88/100
|-damage|p1a: Quagsire|76/100|[from] Stealth Rock
|move|p2a: Domestic Abuse|Salt Cure|p1a: Quagsire
|-damage|p1a: Quagsire|66/100
|-start|p1a: Quagsire|Salt Cure
|
|-heal|p2a: Domestic Abuse|82/100|[from] item: Leftovers
|-damage|p1a: Quagsire|54/100|[from] Salt Cure
|upkeep
|turn|67
|
|t:|1781308891
|switch|p2a: WhatLesbiansDo|Scizor, F, shiny|76/100
|-damage|p2a: WhatLesbiansDo|64/100|[from] Spikes
|move|p1a: Quagsire|Recover|p1a: Quagsire
|-heal|p1a: Quagsire|100/100
|
|-damage|p1a: Quagsire|88/100|[from] Salt Cure
|upkeep
|turn|68
|
|t:|1781308905
|switch|p1a: Toxapex|Toxapex, M|78/100 par
|-damage|p1a: Toxapex|66/100 par|[from] Stealth Rock
|move|p2a: WhatLesbiansDo|Close Combat|p1a: Toxapex
|-resisted|p1a: Toxapex
|-damage|p1a: Toxapex|45/100 par
|-unboost|p2a: WhatLesbiansDo|def|1
|-unboost|p2a: WhatLesbiansDo|spd|1
|
|upkeep
|turn|69
|
|t:|1781308917
|switch|p2a: Domestic Abuse|Garganacl, M|82/100
|-damage|p2a: Domestic Abuse|70/100|[from] Spikes
|move|p1a: Toxapex|Recover|p1a: Toxapex
|-heal|p1a: Toxapex|95/100 par
|
|-heal|p2a: Domestic Abuse|76/100|[from] item: Leftovers
|upkeep
|turn|70
|
|t:|1781308924
|switch|p1a: Quagsire|Quagsire, M, tera:Dark|88/100
|-damage|p1a: Quagsire|76/100|[from] Stealth Rock
|move|p2a: Domestic Abuse|Salt Cure|p1a: Quagsire
|-crit|p1a: Quagsire
|-damage|p1a: Quagsire|60/100
|-start|p1a: Quagsire|Salt Cure
|
|-heal|p2a: Domestic Abuse|82/100|[from] item: Leftovers
|-damage|p1a: Quagsire|48/100|[from] Salt Cure
|upkeep
|turn|71
|inactive|mynameethanreyes has 60 seconds left.
|
|t:|1781308947
|move|p2a: Domestic Abuse|Salt Cure|p1a: Quagsire
|-damage|p1a: Quagsire|37/100
|move|p1a: Quagsire|Recover|p1a: Quagsire
|-heal|p1a: Quagsire|87/100
|
|-heal|p2a: Domestic Abuse|88/100|[from] item: Leftovers
|-damage|p1a: Quagsire|75/100|[from] Salt Cure
|upkeep
|turn|72
|
|t:|1781308955
|move|p2a: Domestic Abuse|Protect|p2a: Domestic Abuse
|-singleturn|p2a: Domestic Abuse|Protect
|move|p1a: Quagsire|Toxic|p2a: Domestic Abuse
|-activate|p2a: Domestic Abuse|move: Protect
|
|-heal|p2a: Domestic Abuse|94/100|[from] item: Leftovers
|-damage|p1a: Quagsire|62/100|[from] Salt Cure
|upkeep
|turn|73
|
|t:|1781308978
|switch|p2a: WhatLesbiansDo|Scizor, F, shiny|64/100
|-damage|p2a: WhatLesbiansDo|52/100|[from] Spikes
|move|p1a: Quagsire|Recover|p1a: Quagsire
|-heal|p1a: Quagsire|100/100
|
|-damage|p1a: Quagsire|88/100|[from] Salt Cure
|upkeep
|turn|74
|
|t:|1781308988
|switch|p1a: Toxapex|Toxapex, M|100/100 par
|-damage|p1a: Toxapex|88/100 par|[from] Stealth Rock
|move|p2a: WhatLesbiansDo|U-turn|p1a: Toxapex
|-resisted|p1a: Toxapex
|-damage|p1a: Toxapex|70/100 par
|
|t:|1781308994
|switch|p2a: Pokemon|Zapdos, shiny|100/100|[from] U-turn
|
|upkeep
|turn|75
|
|t:|1781309002
|switch|p1a: Clefable|Clefable, M|99/100
|move|p2a: Pokemon|U-turn|p1a: Clefable
|-resisted|p1a: Clefable
|-damage|p1a: Clefable|92/100
|
|t:|1781309008
|switch|p2a: Yeast Infection|Slowking-Galar, F, tera:Water|61/100|[from] U-turn
|-damage|p2a: Yeast Infection|48/100|[from] Spikes
|
|-heal|p1a: Clefable|98/100|[from] item: Leftovers
|upkeep
|turn|76
|inactive|mynameethanreyes has 30 seconds left.
|
|t:|1781309035
|move|p1a: Clefable|Moonblast|p2a: Yeast Infection
|-damage|p2a: Yeast Infection|28/100
|move|p2a: Yeast Infection|Sludge Bomb|p1a: Clefable
|-supereffective|p1a: Clefable
|-crit|p1a: Clefable
|-damage|p1a: Clefable|27/100
|
|-heal|p1a: Clefable|33/100|[from] item: Leftovers
|upkeep
|turn|77
|
|t:|1781309043
|move|p1a: Clefable|Moonlight|p1a: Clefable
|-heal|p1a: Clefable|83/100
|move|p2a: Yeast Infection|Sludge Bomb|p1a: Clefable
|-supereffective|p1a: Clefable
|-damage|p1a: Clefable|39/100
|
|-heal|p1a: Clefable|45/100|[from] item: Leftovers
|upkeep
|turn|78
|
|t:|1781309051
|move|p1a: Clefable|Moonlight|p1a: Clefable
|-heal|p1a: Clefable|95/100
|move|p2a: Yeast Infection|Sludge Bomb|p1a: Clefable
|-supereffective|p1a: Clefable
|-damage|p1a: Clefable|47/100
|
|-heal|p1a: Clefable|53/100|[from] item: Leftovers
|upkeep
|turn|79
|
|t:|1781309058
|move|p1a: Clefable|Moonlight|p1a: Clefable
|-heal|p1a: Clefable|100/100
|move|p2a: Yeast Infection|Sludge Bomb|p1a: Clefable
|-supereffective|p1a: Clefable
|-damage|p1a: Clefable|54/100
|
|-heal|p1a: Clefable|60/100|[from] item: Leftovers
|upkeep
|turn|80
|
|t:|1781309075
|switch|p2a: Domestic Abuse|Garganacl, M|94/100
|-damage|p2a: Domestic Abuse|82/100|[from] Spikes
|move|p1a: Clefable|Moonblast|p2a: Domestic Abuse
|-damage|p2a: Domestic Abuse|60/100
|-unboost|p2a: Domestic Abuse|spa|1
|
|-heal|p1a: Clefable|66/100|[from] item: Leftovers
|-heal|p2a: Domestic Abuse|66/100|[from] item: Leftovers
|upkeep
|turn|81
|
|t:|1781309085
|move|p2a: Domestic Abuse|Protect|p2a: Domestic Abuse
|-singleturn|p2a: Domestic Abuse|Protect
|move|p1a: Clefable|Knock Off|p2a: Domestic Abuse
|-activate|p2a: Domestic Abuse|move: Protect
|
|-heal|p1a: Clefable|73/100|[from] item: Leftovers
|-heal|p2a: Domestic Abuse|72/100|[from] item: Leftovers
|upkeep
|turn|82
|
|t:|1781309091
|switch|p2a: Yeast Infection|Slowking-Galar, F, tera:Water|61/100
|-damage|p2a: Yeast Infection|48/100|[from] Spikes
|move|p1a: Clefable|Knock Off|p2a: Yeast Infection
|-damage|p2a: Yeast Infection|37/100
|
|-heal|p1a: Clefable|79/100|[from] item: Leftovers
|upkeep
|turn|83
|inactive|mynameethanreyes has 60 seconds left.
|
|t:|1781309099
|move|p1a: Clefable|Moonblast|p2a: Yeast Infection
|-damage|p2a: Yeast Infection|18/100
|move|p2a: Yeast Infection|Sludge Bomb|p1a: Clefable
|-supereffective|p1a: Clefable
|-damage|p1a: Clefable|34/100
|-status|p1a: Clefable|psn
|
|-heal|p1a: Clefable|40/100 psn|[from] item: Leftovers
|upkeep
|turn|84
|inactive|mynameethanreyes has 60 seconds left.
|inactive|mynameethanreyes has 30 seconds left.
|
|t:|1781309143
|switch|p2a: Wetness|Ogerpon-Wellspring, F|52/100
|-damage|p2a: Wetness|39/100|[from] Spikes
|move|p1a: Clefable|Moonblast|p2a: Wetness
|-damage|p2a: Wetness|0 fnt
|faint|p2a: Wetness
|
|-heal|p1a: Clefable|46/100 psn|[from] item: Leftovers
|upkeep
|inactive|mynameethanreyes has 30 seconds left.
|
|t:|1781309153
|switch|p2a: Yeast Infection|Slowking-Galar, F, tera:Water|51/100
|-damage|p2a: Yeast Infection|39/100|[from] Spikes
|turn|85
|
|t:|1781309160
|move|p1a: Clefable|Moonlight|p1a: Clefable
|-heal|p1a: Clefable|96/100 psn
|move|p2a: Yeast Infection|Sludge Bomb|p1a: Clefable
|-supereffective|p1a: Clefable
|-damage|p1a: Clefable|52/100 psn
|
|-heal|p1a: Clefable|58/100 psn|[from] item: Leftovers
|upkeep
|turn|86
|
|t:|1781309168
|move|p1a: Clefable|Moonlight|p1a: Clefable
|-heal|p1a: Clefable|100/100 psn
|move|p2a: Yeast Infection|Sludge Bomb|p1a: Clefable
|-supereffective|p1a: Clefable
|-damage|p1a: Clefable|53/100 psn
|
|-heal|p1a: Clefable|59/100 psn|[from] item: Leftovers
|upkeep
|turn|87
|
|t:|1781309189
|move|p1a: Clefable|Moonblast|p2a: Yeast Infection
|-damage|p2a: Yeast Infection|21/100
|move|p2a: Yeast Infection|Sludge Bomb|p1a: Clefable
|-supereffective|p1a: Clefable
|-crit|p1a: Clefable
|-damage|p1a: Clefable|0 fnt
|faint|p1a: Clefable
|
|upkeep
|
|t:|1781309197
|switch|p1a: Clodsire|Clodsire, F|88/100
|turn|88
|
|t:|1781309216
|switch|p2a: Pokemon|Zapdos, shiny|100/100
|move|p1a: Clodsire|Spikes|p2a: Pokemon
|-sidestart|p2: mynameethanreyes|Spikes
|
|upkeep
|turn|89
|
|t:|1781309234
|switch|p1a: Alomomola|Alomomola, F|94/100
|move|p2a: Pokemon|Hurricane|p1a: Alomomola
|-damage|p1a: Alomomola|56/100
|
|upkeep
|turn|90
|
|t:|1781309242
|switch|p1a: Clodsire|Clodsire, F|88/100
|move|p2a: Pokemon|Discharge|p1a: Clodsire
|-immune|p1a: Clodsire
|
|upkeep
|turn|91
|
|t:|1781309249
|switch|p1a: Alomomola|Alomomola, F|89/100
|move|p2a: Pokemon|U-turn|p1a: Alomomola
|-damage|p1a: Alomomola|81/100
|
|t:|1781309261
|switch|p2a: Domestic Abuse|Garganacl, M|72/100|[from] U-turn
|-damage|p2a: Domestic Abuse|55/100|[from] Spikes
|
|-heal|p2a: Domestic Abuse|62/100|[from] item: Leftovers
|upkeep
|turn|92
|
|t:|1781309268
|move|p1a: Alomomola|Protect|p1a: Alomomola
|-singleturn|p1a: Alomomola|Protect
|move|p2a: Domestic Abuse|Salt Cure|p1a: Alomomola
|-activate|p1a: Alomomola|move: Protect
|
|-heal|p2a: Domestic Abuse|68/100|[from] item: Leftovers
|upkeep
|turn|93
|
|t:|1781309275
|switch|p1a: Quagsire|Quagsire, M, tera:Dark|88/100
|-damage|p1a: Quagsire|76/100|[from] Stealth Rock
|move|p2a: Domestic Abuse|Salt Cure|p1a: Quagsire
|-damage|p1a: Quagsire|66/100
|-start|p1a: Quagsire|Salt Cure
|
|-heal|p2a: Domestic Abuse|74/100|[from] item: Leftovers
|-damage|p1a: Quagsire|54/100|[from] Salt Cure
|upkeep
|turn|94
|
|t:|1781309289
|move|p1a: Quagsire|Recover|p1a: Quagsire
|-heal|p1a: Quagsire|100/100
|move|p2a: Domestic Abuse|Stealth Rock||[still]
|-fail|p2a: Domestic Abuse
|
|-heal|p2a: Domestic Abuse|80/100|[from] item: Leftovers
|-damage|p1a: Quagsire|88/100|[from] Salt Cure
|upkeep
|turn|95
|
|t:|1781309296
|move|p1a: Quagsire|Recover|p1a: Quagsire
|-heal|p1a: Quagsire|100/100
|move|p2a: Domestic Abuse|Stealth Rock||[still]
|-fail|p2a: Domestic Abuse
|
|-heal|p2a: Domestic Abuse|86/100|[from] item: Leftovers
|-damage|p1a: Quagsire|88/100|[from] Salt Cure
|upkeep
|turn|96
|
|t:|1781309303
|move|p2a: Domestic Abuse|Stealth Rock||[still]
|-fail|p2a: Domestic Abuse
|move|p1a: Quagsire|Counter||[still]
|-fail|p1a: Quagsire
|
|-heal|p2a: Domestic Abuse|93/100|[from] item: Leftovers
|-damage|p1a: Quagsire|76/100|[from] Salt Cure
|upkeep
|turn|97
|
|t:|1781309310
|move|p2a: Domestic Abuse|Stealth Rock||[still]
|-fail|p2a: Domestic Abuse
|move|p1a: Quagsire|Recover|p1a: Quagsire
|-heal|p1a: Quagsire|100/100
|
|-heal|p2a: Domestic Abuse|99/100|[from] item: Leftovers
|-damage|p1a: Quagsire|88/100|[from] Salt Cure
|upkeep
|turn|98
|
|t:|1781309317
|switch|p1a: Alomomola|Alomomola, F|100/100
|move|p2a: Domestic Abuse|Stealth Rock||[still]
|-fail|p2a: Domestic Abuse
|
|-heal|p2a: Domestic Abuse|100/100|[from] item: Leftovers
|upkeep
|turn|99
|
|t:|1781309324
|move|p1a: Alomomola|Wish|p1a: Alomomola
|move|p2a: Domestic Abuse|Stealth Rock||[still]
|-fail|p2a: Domestic Abuse
|
|upkeep
|turn|100
|
|t:|1781309331
|move|p1a: Alomomola|Flip Turn|p2a: Domestic Abuse
|-supereffective|p2a: Domestic Abuse
|-damage|p2a: Domestic Abuse|80/100
|
|t:|1781309339
|switch|p1a: Clodsire|Clodsire, F|88/100|[from] Flip Turn
|move|p2a: Domestic Abuse|Salt Cure|p1a: Clodsire
|-resisted|p1a: Clodsire
|-damage|p1a: Clodsire|80/100
|-start|p1a: Clodsire|Salt Cure
|
|-heal|p1a: Clodsire|100/100|[from] move: Wish|[wisher] Alomomola
|-heal|p2a: Domestic Abuse|86/100|[from] item: Leftovers
|-damage|p1a: Clodsire|88/100|[from] Salt Cure
|upkeep
|turn|101
|
|t:|1781309347
|move|p2a: Domestic Abuse|Protect|p2a: Domestic Abuse
|-singleturn|p2a: Domestic Abuse|Protect
|move|p1a: Clodsire|Recover|p1a: Clodsire
|-heal|p1a: Clodsire|100/100
|
|-heal|p2a: Domestic Abuse|92/100|[from] item: Leftovers
|-damage|p1a: Clodsire|88/100|[from] Salt Cure
|upkeep
|turn|102
|
|t:|1781309359
|move|p2a: Domestic Abuse|Stealth Rock||[still]
|-fail|p2a: Domestic Abuse
|move|p1a: Clodsire|Earthquake|p2a: Domestic Abuse
|-supereffective|p2a: Domestic Abuse
|-damage|p2a: Domestic Abuse|55/100
|
|-heal|p2a: Domestic Abuse|61/100|[from] item: Leftovers
|-damage|p1a: Clodsire|76/100|[from] Salt Cure
|upkeep
|turn|103
|
|t:|1781309366
|switch|p1a: Alomomola|Alomomola, F|100/100
|move|p2a: Domestic Abuse|Recover|p2a: Domestic Abuse
|-heal|p2a: Domestic Abuse|100/100
|
|upkeep
|turn|104
|
|t:|1781309374
|switch|p2a: Pokemon|Zapdos, shiny|100/100
|move|p1a: Alomomola|Flip Turn|p2a: Pokemon
|-damage|p2a: Pokemon|88/100
|-status|p1a: Alomomola|par|[from] ability: Static|[of] p2a: Pokemon
|
|t:|1781309381
|switch|p1a: Clodsire|Clodsire, F|76/100|[from] Flip Turn
|
|upkeep
|turn|105
|inactive|mynameethanreyes has 120 seconds left.
|
|t:|1781309415
|move|p2a: Pokemon|U-turn|p1a: Clodsire
|-resisted|p1a: Clodsire
|-damage|p1a: Clodsire|68/100
|
|t:|1781309416
|switch|p2a: Two Sided Dido|Great Tusk|67/100 tox|[from] U-turn
|move|p1a: Clodsire|Recover|p1a: Clodsire
|-heal|p1a: Clodsire|100/100
|
|-damage|p2a: Two Sided Dido|61/100 tox|[from] psn
|upkeep
|turn|106
|
|t:|1781309430
|switch|p1a: Corviknight|Corviknight, M|79/100
|-damage|p1a: Corviknight|67/100|[from] Stealth Rock
|-ability|p1a: Corviknight|Pressure
|move|p2a: Two Sided Dido|Rapid Spin|p1a: Corviknight
|-resisted|p1a: Corviknight
|-damage|p1a: Corviknight|61/100
|-boost|p2a: Two Sided Dido|spe|1
|-sideend|p2: mynameethanreyes|Spikes|[from] move: Rapid Spin|[of] p2a: Two Sided Dido
|
|-damage|p2a: Two Sided Dido|48/100 tox|[from] psn
|upkeep
|turn|107
|inactive|mynameethanreyes has 120 seconds left.
|
|t:|1781309444
|-end|p2a: Two Sided Dido|Protosynthesis|[silent]
|switch|p2a: Pokemon|Zapdos, shiny|88/100
|move|p1a: Corviknight|Roost|p1a: Corviknight
|-heal|p1a: Corviknight|100/100
|-singleturn|p1a: Corviknight|move: Roost
|
|upkeep
|turn|108
|
|t:|1781309451
|switch|p1a: Clodsire|Clodsire, F|100/100
|move|p2a: Pokemon|Hurricane|p1a: Clodsire
|-damage|p1a: Clodsire|76/100
|
|upkeep
|turn|109
|
|t:|1781309461
|move|p2a: Pokemon|U-turn|p1a: Clodsire
|-resisted|p1a: Clodsire
|-damage|p1a: Clodsire|69/100
|
|t:|1781309465
|switch|p2a: Domestic Abuse|Garganacl, M|100/100|[from] U-turn
|move|p1a: Clodsire|Earthquake|p2a: Domestic Abuse
|-supereffective|p2a: Domestic Abuse
|-damage|p2a: Domestic Abuse|66/100
|
|-heal|p2a: Domestic Abuse|73/100|[from] item: Leftovers
|upkeep
|turn|110
|
|t:|1781309473
|move|p2a: Domestic Abuse|Protect|p2a: Domestic Abuse
|-singleturn|p2a: Domestic Abuse|Protect
|move|p1a: Clodsire|Spikes|p2a: Domestic Abuse
|-sidestart|p2: mynameethanreyes|Spikes
|
|-heal|p2a: Domestic Abuse|79/100|[from] item: Leftovers
|upkeep
|turn|111
|
|t:|1781309480
|move|p2a: Domestic Abuse|Salt Cure|p1a: Clodsire
|-resisted|p1a: Clodsire
|-crit|p1a: Clodsire
|-damage|p1a: Clodsire|58/100
|-start|p1a: Clodsire|Salt Cure
|move|p1a: Clodsire|Recover|p1a: Clodsire
|-heal|p1a: Clodsire|100/100
|
|-heal|p2a: Domestic Abuse|85/100|[from] item: Leftovers
|-damage|p1a: Clodsire|88/100|[from] Salt Cure
|upkeep
|turn|112
|inactive|mynameethanreyes has 120 seconds left.
|
|t:|1781309490
|move|p2a: Domestic Abuse|Stealth Rock||[still]
|-fail|p2a: Domestic Abuse
|move|p1a: Clodsire|Earthquake|p2a: Domestic Abuse
|-supereffective|p2a: Domestic Abuse
|-damage|p2a: Domestic Abuse|51/100
|
|-heal|p2a: Domestic Abuse|57/100|[from] item: Leftovers
|-damage|p1a: Clodsire|76/100|[from] Salt Cure
|upkeep
|turn|113
|inactive|mynameethanreyes has 120 seconds left.
|
|t:|1781309498
|move|p2a: Domestic Abuse|Recover|p2a: Domestic Abuse
|-heal|p2a: Domestic Abuse|100/100
|move|p1a: Clodsire|Earthquake|p2a: Domestic Abuse
|-supereffective|p2a: Domestic Abuse
|-damage|p2a: Domestic Abuse|65/100
|
|-heal|p2a: Domestic Abuse|71/100|[from] item: Leftovers
|-damage|p1a: Clodsire|64/100|[from] Salt Cure
|upkeep
|turn|114
|inactive|mynameethanreyes has 120 seconds left.
|
|t:|1781309506
|move|p2a: Domestic Abuse|Protect|p2a: Domestic Abuse
|-singleturn|p2a: Domestic Abuse|Protect
|move|p1a: Clodsire|Recover|p1a: Clodsire
|-heal|p1a: Clodsire|100/100
|
|-heal|p2a: Domestic Abuse|77/100|[from] item: Leftovers
|-damage|p1a: Clodsire|88/100|[from] Salt Cure
|upkeep
|turn|115
|inactive|mynameethanreyes has 120 seconds left.
|
|t:|1781309513
|switch|p2a: Pokemon|Zapdos, shiny|88/100
|move|p1a: Clodsire|Earthquake|p2a: Pokemon
|-immune|p2a: Pokemon
|
|-damage|p1a: Clodsire|76/100|[from] Salt Cure
|upkeep
|turn|116
|
|t:|1781309520
|move|p2a: Pokemon|U-turn|p1a: Clodsire
|-resisted|p1a: Clodsire
|-damage|p1a: Clodsire|69/100
|
|t:|1781309522
|switch|p2a: Domestic Abuse|Garganacl, M|77/100|[from] U-turn
|-damage|p2a: Domestic Abuse|65/100|[from] Spikes
|move|p1a: Clodsire|Recover|p1a: Clodsire
|-heal|p1a: Clodsire|100/100
|
|-heal|p2a: Domestic Abuse|71/100|[from] item: Leftovers
|-damage|p1a: Clodsire|88/100|[from] Salt Cure
|upkeep
|turn|117
|
|t:|1781309532
|move|p2a: Domestic Abuse|Stealth Rock||[still]
|-fail|p2a: Domestic Abuse
|move|p1a: Clodsire|Earthquake|p2a: Domestic Abuse
|-supereffective|p2a: Domestic Abuse
|-damage|p2a: Domestic Abuse|32/100
|
|-heal|p2a: Domestic Abuse|39/100|[from] item: Leftovers
|-damage|p1a: Clodsire|76/100|[from] Salt Cure
|upkeep
|turn|118
|
|t:|1781309539
|move|p2a: Domestic Abuse|Protect|p2a: Domestic Abuse
|-singleturn|p2a: Domestic Abuse|Protect
|move|p1a: Clodsire|Earthquake|p2a: Domestic Abuse
|-activate|p2a: Domestic Abuse|move: Protect
|
|-heal|p2a: Domestic Abuse|45/100|[from] item: Leftovers
|-damage|p1a: Clodsire|64/100|[from] Salt Cure
|upkeep
|turn|119
|
|t:|1781309547
|switch|p2a: Pokemon|Zapdos, shiny|88/100
|move|p1a: Clodsire|Earthquake|p2a: Pokemon
|-immune|p2a: Pokemon
|
|-damage|p1a: Clodsire|51/100|[from] Salt Cure
|upkeep
|turn|120
|inactive|mynameethanreyes has 120 seconds left.
|inactive|mynameethanreyes has 90 seconds left.
|
|t:|1781309625
|move|p2a: Pokemon|Hurricane|p1a: Clodsire
|-damage|p1a: Clodsire|27/100
|-start|p1a: Clodsire|confusion
|-activate|p1a: Clodsire|confusion
|move|p1a: Clodsire|Recover|p1a: Clodsire
|-heal|p1a: Clodsire|77/100
|
|-damage|p1a: Clodsire|65/100|[from] Salt Cure
|upkeep
|turn|121
|inactive|mynameethanreyes has 60 seconds left.
|inactive|mynameethanreyes has 30 seconds left.
|
|t:|1781309667
|switch|p1a: Alomomola|Alomomola, F|100/100 par
|move|p2a: Pokemon|U-turn|p1a: Alomomola
|-damage|p1a: Alomomola|92/100 par
|inactive|mynameethanreyes has 30 seconds left.
|
|t:|1781309674
|switch|p2a: Domestic Abuse|Garganacl, M|45/100|[from] U-turn
|-damage|p2a: Domestic Abuse|32/100|[from] Spikes
|
|-heal|p2a: Domestic Abuse|39/100|[from] item: Leftovers
|upkeep
|turn|122
|
|t:|1781309681
|move|p2a: Domestic Abuse|Recover|p2a: Domestic Abuse
|-heal|p2a: Domestic Abuse|89/100
|cant|p1a: Alomomola|par
|
|-heal|p2a: Domestic Abuse|95/100|[from] item: Leftovers
|upkeep
|turn|123
|
|t:|1781309688
|move|p2a: Domestic Abuse|Salt Cure|p1a: Alomomola
|-damage|p1a: Alomomola|82/100 par
|-start|p1a: Alomomola|Salt Cure
|cant|p1a: Alomomola|par
|
|-heal|p2a: Domestic Abuse|100/100|[from] item: Leftovers
|-damage|p1a: Alomomola|57/100 par|[from] Salt Cure
|upkeep
|turn|124
|inactive|mynameethanreyes has 30 seconds left.
|inactive|mynameethanreyes has 20 seconds left.
|inactive|mynameethanreyes has 15 seconds left.
|inactive|mynameethanreyes has 10 seconds left.
|
|t:|1781309724
|switch|p1a: Quagsire|Quagsire, M, tera:Dark|88/100
|-damage|p1a: Quagsire|76/100|[from] Stealth Rock
|move|p2a: Domestic Abuse|Protect||[still]
|-fail|p2a: Domestic Abuse
|
|upkeep
|turn|125
|inactive|mynameethanreyes has 15 seconds left this turn.
|
|t:|1781309731
|move|p2a: Domestic Abuse|Salt Cure|p1a: Quagsire
|-damage|p1a: Quagsire|65/100
|-start|p1a: Quagsire|Salt Cure
|move|p1a: Quagsire|Stealth Rock|p2a: Domestic Abuse
|-sidestart|p2: mynameethanreyes|move: Stealth Rock
|
|-damage|p1a: Quagsire|53/100|[from] Salt Cure
|upkeep
|turn|126
|inactive|mynameethanreyes has 20 seconds left this turn.
|inactive|mynameethanreyes has 15 seconds left.
|inactive|mynameethanreyes has 10 seconds left.
|
|t:|1781309743
|switch|p2a: Yeast Infection|Slowking-Galar, F, tera:Water|54/100
|-damage|p2a: Yeast Infection|41/100|[from] Spikes
|-damage|p2a: Yeast Infection|29/100|[from] Stealth Rock
|move|p1a: Quagsire|Recover|p1a: Quagsire
|-heal|p1a: Quagsire|100/100
|
|-damage|p1a: Quagsire|88/100|[from] Salt Cure
|upkeep
|turn|127
|inactive|mynameethanreyes has 15 seconds left this turn.
|inactive|mynameethanreyes has 10 seconds left.
|
|t:|1781309750
|switch|p1a: Corviknight|Corviknight, M|100/100
|-damage|p1a: Corviknight|88/100|[from] Stealth Rock
|-ability|p1a: Corviknight|Pressure
|switch|p2a: Domestic Abuse|Garganacl, M|100/100
|-damage|p2a: Domestic Abuse|88/100|[from] Spikes
|-damage|p2a: Domestic Abuse|76/100|[from] Stealth Rock
|
|-heal|p2a: Domestic Abuse|82/100|[from] item: Leftovers
|upkeep
|turn|128
|inactive|mynameethanreyes has 15 seconds left this turn.
|
|t:|1781309757
|switch|p1a: Alomomola|Alomomola, F|90/100 par
|move|p2a: Domestic Abuse|Salt Cure|p1a: Alomomola
|-damage|p1a: Alomomola|81/100 par
|-start|p1a: Alomomola|Salt Cure
|
|-heal|p2a: Domestic Abuse|88/100|[from] item: Leftovers
|-damage|p1a: Alomomola|56/100 par|[from] Salt Cure
|upkeep
|turn|129
|inactive|mynameethanreyes has 20 seconds left this turn.
|
|t:|1781309765
|move|p2a: Domestic Abuse|Stealth Rock||[still]
|-fail|p2a: Domestic Abuse
|cant|p1a: Alomomola|par
|
|-heal|p2a: Domestic Abuse|94/100|[from] item: Leftovers
|-damage|p1a: Alomomola|31/100 par|[from] Salt Cure
|upkeep
|turn|130
|inactive|mynameethanreyes has 25 seconds left this turn.
|
|t:|1781309772
|switch|p1a: Toxapex|Toxapex, M|100/100 par
|-damage|p1a: Toxapex|88/100 par|[from] Stealth Rock
|move|p2a: Domestic Abuse|Stealth Rock||[still]
|-fail|p2a: Domestic Abuse
|
|-heal|p2a: Domestic Abuse|100/100|[from] item: Leftovers
|upkeep
|turn|131
|inactive|mynameethanreyes has 30 seconds left this turn.
|
|t:|1781309779
|move|p2a: Domestic Abuse|Salt Cure|p1a: Toxapex
|-damage|p1a: Toxapex|80/100 par
|-start|p1a: Toxapex|Salt Cure
|move|p1a: Toxapex|Recover|p1a: Toxapex
|-heal|p1a: Toxapex|100/100 par
|
|-damage|p1a: Toxapex|76/100 par|[from] Salt Cure
|upkeep
|turn|132
|inactive|mynameethanreyes has 30 seconds left this turn.
|
|t:|1781309786
|switch|p2a: Pokemon|Zapdos, shiny|88/100
|cant|p1a: Toxapex|par
|
|-damage|p1a: Toxapex|51/100 par|[from] Salt Cure
|upkeep
|turn|133
|inactive|mynameethanreyes has 30 seconds left.
|
|t:|1781309794
|switch|p1a: Clodsire|Clodsire, F|65/100
|move|p2a: Pokemon|Hurricane|p1a: Clodsire
|-damage|p1a: Clodsire|39/100
|-start|p1a: Clodsire|confusion
|
|upkeep
|turn|134
|inactive|mynameethanreyes has 30 seconds left.
|
|t:|1781309806
|switch|p1a: Alomomola|Alomomola, F|65/100 par
|move|p2a: Pokemon|Hurricane|p1a: Alomomola
|-damage|p1a: Alomomola|25/100 par
|
|upkeep
|turn|135
|inactive|mynameethanreyes has 30 seconds left this turn.
|
|t:|1781309814
|switch|p1a: Clodsire|Clodsire, F|39/100
|move|p2a: Pokemon|Hurricane|p1a: Clodsire
|-damage|p1a: Clodsire|15/100
|
|upkeep
|turn|136
|inactive|mynameethanreyes has 30 seconds left this turn.
|
|t:|1781309822
|move|p2a: Pokemon|Hurricane|p1a: Clodsire
|-damage|p1a: Clodsire|0 fnt
|faint|p1a: Clodsire
|
|upkeep
|
|t:|1781309829
|switch|p1a: Alomomola|Alomomola, F|59/100 par
|turn|137
|
|t:|1781309836
|move|p2a: Pokemon|Discharge|p1a: Alomomola
|-supereffective|p1a: Alomomola
|-damage|p1a: Alomomola|7/100 par
|cant|p1a: Alomomola|par
|
|upkeep
|turn|138
|c|☆mynameethanreyes|gg
|
|t:|1781309843
|cant|p1a: Alomomola|par
|move|p2a: Pokemon|Discharge|p1a: Alomomola
|-supereffective|p1a: Alomomola
|-damage|p1a: Alomomola|0 fnt
|faint|p1a: Alomomola
|
|upkeep
|
|t:|1781309851
|switch|p1a: Quagsire|Quagsire, M, tera:Dark|88/100
|-damage|p1a: Quagsire|76/100|[from] Stealth Rock
|turn|139
|
|t:|1781309859
|move|p2a: Pokemon|U-turn|p1a: Quagsire
|-supereffective|p1a: Quagsire
|-damage|p1a: Quagsire|56/100
|
|t:|1781309861
|switch|p2a: Domestic Abuse|Garganacl, M|100/100|[from] U-turn
|-damage|p2a: Domestic Abuse|88/100|[from] Spikes
|-damage|p2a: Domestic Abuse|76/100|[from] Stealth Rock
|move|p1a: Quagsire|Toxic|p2a: Domestic Abuse
|-immune|p2a: Domestic Abuse|[from] ability: Purifying Salt
|
|-heal|p2a: Domestic Abuse|82/100|[from] item: Leftovers
|upkeep
|turn|140
|
|t:|1781309868
|switch|p1a: Toxapex|Toxapex, M|84/100 par
|-damage|p1a: Toxapex|72/100 par|[from] Stealth Rock
|move|p2a: Domestic Abuse|Salt Cure|p1a: Toxapex
|-damage|p1a: Toxapex|63/100 par
|-start|p1a: Toxapex|Salt Cure
|
|-heal|p2a: Domestic Abuse|88/100|[from] item: Leftovers
|-damage|p1a: Toxapex|38/100 par|[from] Salt Cure
|upkeep
|turn|141
|
|t:|1781309887
|switch|p2a: Pokemon|Zapdos, shiny|88/100
|move|p1a: Toxapex|Recover|p1a: Toxapex
|-heal|p1a: Toxapex|89/100 par
|
|-damage|p1a: Toxapex|64/100 par|[from] Salt Cure
|upkeep
|turn|142
|
|t:|1781309894
|switch|p1a: Quagsire|Quagsire, M, tera:Dark|56/100
|-damage|p1a: Quagsire|44/100|[from] Stealth Rock
|move|p2a: Pokemon|Discharge|p1a: Quagsire
|-damage|p1a: Quagsire|6/100
|
|upkeep
|turn|143
|
|t:|1781309901
|move|p2a: Pokemon|Discharge|p1a: Quagsire
|-damage|p1a: Quagsire|0 fnt
|faint|p1a: Quagsire
|
|upkeep
|
|t:|1781309908
|switch|p1a: Toxapex|Toxapex, M|97/100 par
|-damage|p1a: Toxapex|85/100 par|[from] Stealth Rock
|turn|144
|
|t:|1781309915
|move|p2a: Pokemon|Discharge|p1a: Toxapex
|-supereffective|p1a: Toxapex
|-crit|p1a: Toxapex
|-damage|p1a: Toxapex|0 fnt
|faint|p1a: Toxapex
|
|upkeep
|
|t:|1781309922
|switch|p1a: Corviknight|Corviknight, M|88/100
|-damage|p1a: Corviknight|76/100|[from] Stealth Rock
|-ability|p1a: Corviknight|Pressure
|turn|145
|
|t:|1781309929
|move|p2a: Pokemon|Discharge|p1a: Corviknight
|-supereffective|p1a: Corviknight
|-damage|p1a: Corviknight|8/100
|move|p1a: Corviknight|Body Press|p2a: Pokemon
|-resisted|p2a: Pokemon
|-damage|p2a: Pokemon|80/100
|-status|p1a: Corviknight|par|[from] ability: Static|[of] p2a: Pokemon
|
|upkeep
|turn|146
|
|t:|1781309936
|move|p2a: Pokemon|Roost|p2a: Pokemon
|-heal|p2a: Pokemon|100/100
|-singleturn|p2a: Pokemon|move: Roost
|move|p1a: Corviknight|Body Press|p2a: Pokemon
|-damage|p2a: Pokemon|83/100
|
|upkeep
|turn|147
|
|t:|1781309938
|move|p2a: Pokemon|Roost|p2a: Pokemon
|-heal|p2a: Pokemon|100/100
|-singleturn|p2a: Pokemon|move: Roost
|move|p1a: Corviknight|Body Press|p2a: Pokemon
|-damage|p2a: Pokemon|83/100
|
|upkeep
|turn|148
|
|t:|1781309944
|move|p2a: Pokemon|Roost|p2a: Pokemon
|-heal|p2a: Pokemon|100/100
|-singleturn|p2a: Pokemon|move: Roost
|cant|p1a: Corviknight|par
|
|upkeep
|turn|149
|
|t:|1781309950
|move|p2a: Pokemon|Roost||[still]
|-fail|p2a: Pokemon|heal
|move|p1a: Corviknight|Body Press|p2a: Pokemon
|-resisted|p2a: Pokemon
|-damage|p2a: Pokemon|92/100
|
|upkeep
|turn|150
|
|t:|1781309952
|move|p2a: Pokemon|Roost|p2a: Pokemon
|-heal|p2a: Pokemon|100/100
|-singleturn|p2a: Pokemon|move: Roost
|move|p1a: Corviknight|Defog|p2a: Pokemon
|-unboost|p2a: Pokemon|evasion|1
|-sideend|p2: mynameethanreyes|Spikes|[from] move: Defog|[of] p1a: Corviknight
|-sideend|p2: mynameethanreyes|Stealth Rock|[from] move: Defog|[of] p1a: Corviknight
|-sideend|p1: n1ghtzz33|Stealth Rock|[from] move: Defog|[of] p1a: Corviknight
|
|upkeep
|turn|151
|
|t:|1781309956
|move|p2a: Pokemon|Roost||[still]
|-fail|p2a: Pokemon|heal
|move|p1a: Corviknight|Roost|p1a: Corviknight
|-heal|p1a: Corviknight|58/100 par
|-singleturn|p1a: Corviknight|move: Roost
|
|upkeep
|turn|152
|c|☆mynameethanreyes|is this how you play stall
|c|☆mynameethanreyes|just waste my time
|
|t:|1781309969
|move|p2a: Pokemon|Hurricane|p1a: Corviknight|[miss]
|-miss|p2a: Pokemon|p1a: Corviknight
|move|p1a: Corviknight|Roost|p1a: Corviknight
|-heal|p1a: Corviknight|100/100 par
|-singleturn|p1a: Corviknight|move: Roost
|
|upkeep
|turn|153
|
|t:|1781309975
|move|p2a: Pokemon|Discharge|p1a: Corviknight
|-supereffective|p1a: Corviknight
|-damage|p1a: Corviknight|34/100 par
|move|p1a: Corviknight|Roost|p1a: Corviknight
|-heal|p1a: Corviknight|84/100 par
|-singleturn|p1a: Corviknight|move: Roost
|
|upkeep
|turn|154
|
|t:|1781309982
|move|p2a: Pokemon|Hurricane|p1a: Corviknight|[miss]
|-miss|p2a: Pokemon|p1a: Corviknight
|move|p1a: Corviknight|Roost|p1a: Corviknight
|-heal|p1a: Corviknight|100/100 par
|-singleturn|p1a: Corviknight|move: Roost
|
|upkeep
|turn|155
|
|t:|1781309987
|move|p2a: Pokemon|Discharge|p1a: Corviknight
|-supereffective|p1a: Corviknight
|-damage|p1a: Corviknight|30/100 par
|move|p1a: Corviknight|Defog|p2a: Pokemon
|-unboost|p2a: Pokemon|evasion|1
|
|upkeep
|turn|156
|
|t:|1781309998
|move|p2a: Pokemon|Hurricane|p1a: Corviknight
|-resisted|p1a: Corviknight
|-damage|p1a: Corviknight|8/100 par
|-start|p1a: Corviknight|confusion
|-activate|p1a: Corviknight|confusion
|move|p1a: Corviknight|Iron Defense|p1a: Corviknight
|-boost|p1a: Corviknight|def|2
|
|upkeep
|turn|157
|
|t:|1781310002
|move|p2a: Pokemon|Roost||[still]
|-fail|p2a: Pokemon|heal
|-activate|p1a: Corviknight|confusion
|-damage|p1a: Corviknight|6/100 par|[from] confusion
|
|upkeep
|turn|158
|
|t:|1781310020
|move|p2a: Pokemon|Roost||[still]
|-fail|p2a: Pokemon|heal
|-activate|p1a: Corviknight|confusion
|move|p1a: Corviknight|Body Press|p2a: Pokemon
|-resisted|p2a: Pokemon
|-damage|p2a: Pokemon|82/100
|
|upkeep
|turn|159
|c|☆mynameethanreyes|be a good boy and hit yourself
|
|t:|1781310032
|move|p2a: Pokemon|Hurricane|p1a: Corviknight
|-resisted|p1a: Corviknight
|-damage|p1a: Corviknight|0 fnt
|faint|p1a: Corviknight
|
|win|mynameethanreyes
|raw|n1ghtzz33's rating: 1528 &rarr; <strong>1505</strong><br />(-23 for losing)
|raw|mynameethanreyes's rating: 1478 &rarr; <strong>1501</strong><br />(+23 for winning)
|l|☆n1ghtzz33
|player|p1|
|l| mynameethanreyes
