|badge|p2|bronze|gen9ou|100-9
|uhtml|medal-msg|<div class="broadcast-blue">Curious what those medals under the avatar are? PS now has Ladder Seasons! For more information, check out the <a href="https://www.smogon.com/forums/threads/3740067/">thread on Smogon.</a></div>
|j|☆msean3
|j|☆icylikedecember
|t:|1781208448
|gametype|singles
|player|p1|msean3|101|1802
|player|p2|icylikedecember|smasher|1843
|gen|9
|tier|[Gen 9] OU
|rated|
|rule|HP Percentage Mod: HP is shown in percentages
|rule|Endless Battle Clause: Forcing endless battles is banned
|rule|Species Clause: Limit one of each Pokémon
|rule|OHKO Clause: OHKO moves are banned
|rule|Evasion Items Clause: Evasion items are banned
|rule|Evasion Moves Clause: Evasion moves are banned
|rule|Evasion Abilities Clause: Evasion abilities are banned
|rule|Sleep Moves Clause: Sleep-inducing moves are banned
|clearpoke
|poke|p1|Tinkaton, F|
|poke|p1|Ogerpon, F|
|poke|p1|Great Tusk|
|poke|p1|Pecharunt|
|poke|p1|Alomomola, M|
|poke|p1|Hydreigon, M|
|poke|p2|Corviknight, F|
|poke|p2|Slowking-Galar, F|
|poke|p2|Darkrai|
|poke|p2|Kyurem|
|poke|p2|Zamazenta-*|
|poke|p2|Crawdaunt, M|
|teampreview
|inactive|Battle timer is ON: inactive players will automatically lose when time's up. (requested by icylikedecember)
|c|☆msean3|hell yeah crawdaunt
|
|t:|1781208463
|teamsize|p1|6
|teamsize|p2|6
|start
|switch|p1a: Hybrid|Hydreigon, M, shiny|100/100
|switch|p2a: Slowking|Slowking-Galar, F, shiny|100/100
|turn|1
|c|☆icylikedecember|real
|
|t:|1781208471
|move|p1a: Hybrid|Dark Pulse|p2a: Slowking
|-supereffective|p2a: Slowking
|-damage|p2a: Slowking|45/100
|move|p2a: Slowking|Ice Beam|p1a: Hybrid
|-supereffective|p1a: Hybrid
|-damage|p1a: Hybrid|41/100
|
|upkeep
|turn|2
|
|t:|1781208480
|switch|p1a: Overseer|Pecharunt|100/100
|-terastallize|p2a: Slowking|Grass
|move|p2a: Slowking|Ice Beam|p1a: Overseer
|-damage|p1a: Overseer|73/100
|-status|p1a: Overseer|frz
|
|upkeep
|turn|3
|
|t:|1781208487
|cant|p1a: Overseer|frz
|move|p2a: Slowking|Psyshock|p1a: Overseer
|-supereffective|p1a: Overseer
|-damage|p1a: Overseer|40/100 frz
|
|upkeep
|turn|4
|
|t:|1781208491
|cant|p1a: Overseer|frz
|move|p2a: Slowking|Psyshock|p1a: Overseer
|-supereffective|p1a: Overseer
|-damage|p1a: Overseer|2/100 frz
|
|upkeep
|turn|5
|
|t:|1781208494
|-curestatus|p1a: Overseer|frz|[msg]
|move|p1a: Overseer|Recover|p1a: Overseer
|-heal|p1a: Overseer|52/100
|move|p2a: Slowking|Sludge Bomb|p1a: Overseer
|-resisted|p1a: Overseer
|-damage|p1a: Overseer|41/100
|
|upkeep
|turn|6
|
|t:|1781208500
|switch|p2a: Darkrai|Darkrai|100/100
|move|p1a: Overseer|Recover|p1a: Overseer
|-heal|p1a: Overseer|91/100
|
|upkeep
|turn|7
|
|t:|1781208503
|switch|p1a: Pisces|Alomomola, M, shiny|100/100
|move|p2a: Darkrai|Dark Pulse|p1a: Pisces
|-damage|p1a: Pisces|78/100
|
|upkeep
|turn|8
|
|t:|1781208508
|switch|p2a: Slowking|Slowking-Galar, F, shiny, tera:Grass|78/100
|move|p1a: Pisces|Play Rough|p2a: Slowking
|-damage|p2a: Slowking|61/100
|
|upkeep
|turn|9
|
|t:|1781208514
|switch|p2a: Crawdaunt|Crawdaunt, M|100/100
|move|p1a: Pisces|Flip Turn|p2a: Crawdaunt
|-resisted|p2a: Crawdaunt
|-damage|p2a: Crawdaunt|89/100
|
|t:|1781208520
|switch|p1a: Hybrid|Hydreigon, M, shiny|41/100|[from] Flip Turn
|
|upkeep
|turn|10
|
|t:|1781208523
|switch|p2a: Slowking|Slowking-Galar, F, shiny, tera:Grass|94/100
|move|p1a: Hybrid|Draco Meteor|p2a: Slowking
|-damage|p2a: Slowking|48/100
|-unboost|p1a: Hybrid|spa|2
|
|upkeep
|turn|11
|
|t:|1781208529
|switch|p1a: Smile.exe|Tinkaton, F, shiny|100/100
|-item|p1a: Smile.exe|Air Balloon
|move|p2a: Slowking|Flamethrower|p1a: Smile.exe
|-supereffective|p1a: Smile.exe
|-damage|p1a: Smile.exe|41/100
|-enditem|p1a: Smile.exe|Air Balloon
|
|upkeep
|turn|12
|j| losts0ulsmc
|
|t:|1781208537
|switch|p2a: Corviknight|Corviknight, F, shiny|100/100
|-ability|p2a: Corviknight|Pressure
|move|p1a: Smile.exe|Stealth Rock|p2a: Corviknight
|-sidestart|p2: icylikedecember|move: Stealth Rock
|
|upkeep
|turn|13
|
|t:|1781208545
|move|p1a: Smile.exe|Gigaton Hammer|p2a: Corviknight
|-resisted|p2a: Corviknight
|-damage|p2a: Corviknight|84/100
|move|p2a: Corviknight|U-turn|p1a: Smile.exe
|-resisted|p1a: Smile.exe
|-damage|p1a: Smile.exe|36/100
|-enditem|p2a: Corviknight|Rocky Helmet|[silent]|[from] ability: Pickpocket|[of] p2a: Corviknight
|-item|p1a: Smile.exe|Rocky Helmet|[from] ability: Pickpocket|[of] p2a: Corviknight
|
|t:|1781208566
|switch|p2a: Kyurem|Kyurem|100/100|[from] U-turn
|-damage|p2a: Kyurem|76/100|[from] Stealth Rock
|-ability|p2a: Kyurem|Pressure
|
|upkeep
|turn|14
|
|t:|1781208570
|move|p2a: Kyurem|Earth Power|p1a: Smile.exe
|-supereffective|p1a: Smile.exe
|-damage|p1a: Smile.exe|0 fnt
|faint|p1a: Smile.exe
|
|upkeep
|
|t:|1781208573
|switch|p1a: Hybrid|Hydreigon, M, shiny|41/100
|turn|15
|
|t:|1781208577
|switch|p2a: Slowking|Slowking-Galar, F, shiny, tera:Grass|81/100
|-damage|p2a: Slowking|69/100|[from] Stealth Rock
|move|p1a: Hybrid|Dark Pulse|p2a: Slowking
|-damage|p2a: Slowking|41/100
|
|upkeep
|turn|16
|
|t:|1781208588
|switch|p1a: Overseer|Pecharunt|91/100
|move|p2a: Slowking|Ice Beam|p1a: Overseer
|-damage|p1a: Overseer|62/100
|
|upkeep
|turn|17
|
|t:|1781208592
|switch|p2a: Corviknight|Corviknight, F, shiny|84/100
|-damage|p2a: Corviknight|71/100|[from] Stealth Rock
|-ability|p2a: Corviknight|Pressure
|move|p1a: Overseer|Malignant Chain|p2a: Corviknight
|-immune|p2a: Corviknight
|
|upkeep
|turn|18
|
|t:|1781208596
|switch|p1a: Anonymous|Ogerpon, F|100/100
|move|p2a: Corviknight|U-turn|p1a: Anonymous
|-supereffective|p1a: Anonymous
|-damage|p1a: Anonymous|64/100
|
|t:|1781208605
|switch|p2a: Darkrai|Darkrai|100/100|[from] U-turn
|-damage|p2a: Darkrai|88/100|[from] Stealth Rock
|
|upkeep
|turn|19
|
|t:|1781208609
|switch|p2a: Corviknight|Corviknight, F, shiny|71/100
|-damage|p2a: Corviknight|59/100|[from] Stealth Rock
|-ability|p2a: Corviknight|Pressure
|-terastallize|p1a: Anonymous|Grass
|detailschange|p1a: Anonymous|Ogerpon-Teal-Tera, F, tera:Grass
|-ability|p1a: Anonymous|Embody Aspect (Teal)|boost
|-boost|p1a: Anonymous|spe|1
|move|p1a: Anonymous|U-turn|p2a: Corviknight
|-resisted|p2a: Corviknight
|-damage|p2a: Corviknight|54/100
|
|t:|1781208612
|switch|p1a: Hybrid|Hydreigon, M, shiny|41/100|[from] U-turn
|
|upkeep
|turn|20
|
|t:|1781208622
|switch|p2a: Slowking|Slowking-Galar, F, shiny, tera:Grass|74/100
|-damage|p2a: Slowking|62/100|[from] Stealth Rock
|move|p1a: Hybrid|Dark Pulse|p2a: Slowking
|-damage|p2a: Slowking|33/100
|
|upkeep
|turn|21
|
|t:|1781208628
|switch|p2a: Crawdaunt|Crawdaunt, M|89/100
|-damage|p2a: Crawdaunt|77/100|[from] Stealth Rock
|move|p1a: Hybrid|Dark Pulse|p2a: Crawdaunt
|-resisted|p2a: Crawdaunt
|-crit|p2a: Crawdaunt
|-damage|p2a: Crawdaunt|0 fnt
|faint|p2a: Crawdaunt
|
|upkeep
|
|t:|1781208637
|switch|p2a: Darkrai|Darkrai|88/100
|-damage|p2a: Darkrai|76/100|[from] Stealth Rock
|turn|22
|
|t:|1781208648
|switch|p2a: Kyurem|Kyurem|76/100
|-damage|p2a: Kyurem|51/100|[from] Stealth Rock
|-ability|p2a: Kyurem|Pressure
|switch|p1a: Pisces|Alomomola, M, shiny|100/100
|
|upkeep
|turn|23
|
|t:|1781208651
|move|p2a: Kyurem|Freeze-Dry|p1a: Pisces
|-supereffective|p1a: Pisces
|-damage|p1a: Pisces|44/100
|move|p1a: Pisces|Mirror Coat|p2a: Kyurem
|-damage|p2a: Kyurem|0 fnt
|faint|p2a: Kyurem
|
|upkeep
|
|t:|1781208667
|switch|p2a: Zamazenta|Zamazenta|100/100
|-damage|p2a: Zamazenta|94/100|[from] Stealth Rock
|-ability|p2a: Zamazenta|Dauntless Shield|boost
|-boost|p2a: Zamazenta|def|1
|turn|24
|
|t:|1781208672
|move|p2a: Zamazenta|Crunch|p1a: Pisces
|-damage|p1a: Pisces|28/100
|move|p1a: Pisces|Flip Turn|p2a: Zamazenta
|-crit|p2a: Zamazenta
|-damage|p2a: Zamazenta|77/100
|
|t:|1781208675
|switch|p1a: Overseer|Pecharunt|62/100|[from] Flip Turn
|
|-heal|p2a: Zamazenta|83/100|[from] item: Leftovers
|upkeep
|turn|25
|
|t:|1781208682
|switch|p2a: Darkrai|Darkrai|76/100
|-damage|p2a: Darkrai|63/100|[from] Stealth Rock
|move|p1a: Overseer|Parting Shot|p2a: Darkrai
|-unboost|p2a: Darkrai|atk|1
|-unboost|p2a: Darkrai|spa|1
|
|t:|1781208686
|switch|p1a: Anonymous|Ogerpon-Teal-Tera, F, tera:Grass|64/100|[from] Parting Shot
|-ability|p1a: Anonymous|Embody Aspect (Teal)|boost
|-boost|p1a: Anonymous|spe|1
|
|upkeep
|turn|26
|
|t:|1781208690
|switch|p2a: Corviknight|Corviknight, F, shiny|54/100
|-damage|p2a: Corviknight|41/100|[from] Stealth Rock
|-ability|p2a: Corviknight|Pressure
|move|p1a: Anonymous|U-turn|p2a: Corviknight
|-resisted|p2a: Corviknight
|-damage|p2a: Corviknight|36/100
|
|t:|1781208695
|switch|p1a: Behemoth|Great Tusk, shiny|100/100|[from] U-turn
|
|upkeep
|turn|27
|
|t:|1781208698
|move|p1a: Behemoth|Close Combat|p2a: Corviknight
|-damage|p2a: Corviknight|2/100
|-unboost|p1a: Behemoth|def|1
|-unboost|p1a: Behemoth|spd|1
|move|p2a: Corviknight|Roost|p2a: Corviknight
|-heal|p2a: Corviknight|52/100
|-singleturn|p2a: Corviknight|move: Roost
|
|upkeep
|turn|28
|c|☆msean3|fatahh corv
|
|t:|1781208708
|-end|p1a: Behemoth|Protosynthesis|[silent]
|switch|p1a: Pisces|Alomomola, M, shiny|61/100
|move|p2a: Corviknight|Roost|p2a: Corviknight
|-heal|p2a: Corviknight|100/100
|-singleturn|p2a: Corviknight|move: Roost
|
|upkeep
|turn|29
|
|t:|1781208714
|move|p2a: Corviknight|Brave Bird|p1a: Pisces
|-damage|p1a: Pisces|34/100
|-damage|p2a: Corviknight|89/100|[from] Recoil
|move|p1a: Pisces|Flip Turn|p2a: Corviknight
|-damage|p2a: Corviknight|79/100
|
|t:|1781208717
|switch|p1a: Hybrid|Hydreigon, M, shiny|41/100|[from] Flip Turn
|
|upkeep
|turn|30
|
|t:|1781208723
|move|p1a: Hybrid|Dark Pulse|p2a: Corviknight
|-damage|p2a: Corviknight|24/100
|move|p2a: Corviknight|U-turn|p1a: Hybrid
|-supereffective|p1a: Hybrid
|-damage|p1a: Hybrid|5/100
|
|t:|1781208728
|switch|p2a: Slowking|Slowking-Galar, F, shiny, tera:Grass|66/100|[from] U-turn
|-damage|p2a: Slowking|54/100|[from] Stealth Rock
|
|upkeep
|turn|31
|l| losts0ulsmc
|
|t:|1781208735
|move|p1a: Hybrid|Dark Pulse|p2a: Slowking
|-damage|p2a: Slowking|24/100
|move|p2a: Slowking|Sludge Bomb|p1a: Hybrid
|-damage|p1a: Hybrid|0 fnt
|faint|p1a: Hybrid
|
|upkeep
|
|t:|1781208750
|switch|p1a: Behemoth|Great Tusk, shiny|100/100
|turn|32
|
|t:|1781208759
|switch|p2a: Zamazenta|Zamazenta|83/100
|-damage|p2a: Zamazenta|77/100|[from] Stealth Rock
|move|p1a: Behemoth|Close Combat|p2a: Zamazenta
|-damage|p2a: Zamazenta|33/100
|-unboost|p1a: Behemoth|def|1
|-unboost|p1a: Behemoth|spd|1
|
|-heal|p2a: Zamazenta|39/100|[from] item: Leftovers
|upkeep
|turn|33
|
|t:|1781208773
|-end|p1a: Behemoth|Protosynthesis|[silent]
|switch|p1a: Pisces|Alomomola, M, shiny|68/100
|move|p2a: Zamazenta|Crunch|p1a: Pisces
|-damage|p1a: Pisces|50/100
|
|-heal|p2a: Zamazenta|45/100|[from] item: Leftovers
|upkeep
|turn|34
|
|t:|1781208776
|move|p2a: Zamazenta|Iron Defense|p2a: Zamazenta
|-boost|p2a: Zamazenta|def|2
|move|p1a: Pisces|Flip Turn|p2a: Zamazenta
|-damage|p2a: Zamazenta|40/100
|
|t:|1781208779
|switch|p1a: Overseer|Pecharunt|62/100|[from] Flip Turn
|
|-heal|p2a: Zamazenta|46/100|[from] item: Leftovers
|upkeep
|turn|35
|
|t:|1781208782
|move|p2a: Zamazenta|Crunch|p1a: Overseer
|-supereffective|p1a: Overseer
|-damage|p1a: Overseer|42/100
|-damage|p2a: Zamazenta|29/100|[from] item: Rocky Helmet|[of] p1a: Overseer
|move|p1a: Overseer|Malignant Chain|p2a: Zamazenta
|-damage|p2a: Zamazenta|5/100
|
|-heal|p2a: Zamazenta|11/100|[from] item: Leftovers
|upkeep
|turn|36
|
|t:|1781208789
|switch|p2a: Darkrai|Darkrai|63/100
|-damage|p2a: Darkrai|51/100|[from] Stealth Rock
|move|p1a: Overseer|Recover|p1a: Overseer
|-heal|p1a: Overseer|93/100
|
|upkeep
|turn|37
|
|t:|1781208791
|switch|p1a: Pisces|Alomomola, M, shiny|83/100
|move|p2a: Darkrai|Dark Pulse|p1a: Pisces
|-damage|p1a: Pisces|63/100
|
|upkeep
|turn|38
|
|t:|1781208797
|switch|p2a: Zamazenta|Zamazenta|11/100
|-damage|p2a: Zamazenta|5/100|[from] Stealth Rock
|move|p1a: Pisces|Flip Turn|p2a: Zamazenta
|-damage|p2a: Zamazenta|0 fnt
|faint|p2a: Zamazenta
|
|t:|1781208806
|switch|p1a: Anonymous|Ogerpon-Teal-Tera, F, tera:Grass|64/100|[from] Flip Turn
|-ability|p1a: Anonymous|Embody Aspect (Teal)|boost
|-boost|p1a: Anonymous|spe|1
|
|upkeep
|
|t:|1781208811
|switch|p2a: Slowking|Slowking-Galar, F, shiny, tera:Grass|57/100
|-damage|p2a: Slowking|44/100|[from] Stealth Rock
|turn|39
|
|t:|1781208815
|switch|p2a: Corviknight|Corviknight, F, shiny|24/100
|-damage|p2a: Corviknight|12/100|[from] Stealth Rock
|-ability|p2a: Corviknight|Pressure
|move|p1a: Anonymous|U-turn|p2a: Corviknight
|-resisted|p2a: Corviknight
|-damage|p2a: Corviknight|7/100
|j| Golem Rising
|
|t:|1781208819
|switch|p1a: Behemoth|Great Tusk, shiny|100/100|[from] U-turn
|
|upkeep
|turn|40
|
|t:|1781208824
|move|p1a: Behemoth|Close Combat|p2a: Corviknight
|-damage|p2a: Corviknight|0 fnt
|-unboost|p1a: Behemoth|def|1
|-unboost|p1a: Behemoth|spd|1
|faint|p2a: Corviknight
|
|upkeep
|
|t:|1781208826
|switch|p2a: Slowking|Slowking-Galar, F, shiny, tera:Grass|78/100
|-damage|p2a: Slowking|65/100|[from] Stealth Rock
|turn|41
|
|t:|1781208832
|move|p1a: Behemoth|Close Combat|p2a: Slowking
|-damage|p2a: Slowking|0 fnt
|-unboost|p1a: Behemoth|def|1
|-unboost|p1a: Behemoth|spd|1
|faint|p2a: Slowking
|
|upkeep
|
|t:|1781208834
|switch|p2a: Darkrai|Darkrai|51/100
|-damage|p2a: Darkrai|38/100|[from] Stealth Rock
|turn|42
|-message|icylikedecember forfeited.
|
|win|msean3
|raw|msean3's rating: 1802 &rarr; <strong>1824</strong><br />(+22 for winning)
|raw|icylikedecember's rating: 1843 &rarr; <strong>1821</strong><br />(-22 for losing)
|l|☆icylikedecember
|player|p2|
|c|☆msean3|gg
|l|☆msean3
|player|p1|
|l| Golem Rising
