|j|‽zeep vs zoop
|j|☆Wanawa8724
|t:|1781204683
|gametype|singles
|player|p1|zeep vs zoop|iris-gen5bw2|1649
|player|p2|Wanawa8724|wattson|1736
|gen|9
|tier|[Gen 9] OU
|rated|
|rule|HP Percentage Mod: HP is shown in percentages
|rule|Endless Battle Clause: Forcing endless battles is banned
|rule|Species Clause: Limit one of each Pokémon
|rule|OHKO Clause: OHKO moves are banned
|rule|Evasion Items Clause: Evasion items are banned
|rule|Evasion Moves Clause: Evasion moves are banned
|rule|Evasion Abilities Clause: Evasion abilities are banned
|rule|Sleep Moves Clause: Sleep-inducing moves are banned
|clearpoke
|poke|p1|Zamazenta-*|
|poke|p1|Kingambit, F|
|poke|p1|Dragapult, M|
|poke|p1|Zapdos|
|poke|p1|Volcanion|
|poke|p1|Iron Treads|
|poke|p2|Hydreigon, F|
|poke|p2|Gholdengo|
|poke|p2|Great Tusk|
|poke|p2|Slowking-Galar, F|
|poke|p2|Zamazenta-*|
|poke|p2|Rillaboom, M|
|teampreview
|inactive|Battle timer is ON: inactive players will automatically lose when time's up. (requested by zeep vs zoop)
|c|☆Wanawa8724|glhf
|inactive|Wanawa8724 has 120 seconds left.
|
|t:|1781204718
|teamsize|p1|6
|teamsize|p2|6
|start
|switch|p1a: Iron Treads|Iron Treads|100/100
|switch|p2a: Slowking|Slowking-Galar, F|100/100
|turn|1
|
|t:|1781204723
|move|p1a: Iron Treads|Earthquake|p2a: Slowking
|-supereffective|p2a: Slowking
|-damage|p2a: Slowking|0 fnt
|faint|p2a: Slowking
|
|upkeep
|c|☆Wanawa8724|adamant?
|inactive|Wanawa8724 has 120 seconds left.
|
|t:|1781204756
|switch|p2a: Hydreigon|Hydreigon, F|100/100
|turn|2
|
|t:|1781204763
|move|p1a: Iron Treads|Stealth Rock|p2a: Hydreigon
|-sidestart|p2: Wanawa8724|move: Stealth Rock
|move|p2a: Hydreigon|Earth Power|p1a: Iron Treads
|-supereffective|p1a: Iron Treads
|-damage|p1a: Iron Treads|0 fnt
|faint|p1a: Iron Treads
|-end|p1a: Iron Treads|Quark Drive|[silent]
|
|upkeep
|
|t:|1781204767
|switch|p1a: Dragapult|Dragapult, M|100/100
|turn|3
|
|t:|1781204775
|switch|p2a: Gholdengo|Gholdengo|100/100
|-damage|p2a: Gholdengo|94/100|[from] Stealth Rock
|move|p1a: Dragapult|Shadow Ball|p2a: Gholdengo
|-supereffective|p2a: Gholdengo
|-damage|p2a: Gholdengo|0 fnt
|faint|p2a: Gholdengo
|
|upkeep
|
|t:|1781204779
|switch|p2a: Hydreigon|Hydreigon, F|100/100
|-damage|p2a: Hydreigon|88/100|[from] Stealth Rock
|turn|4
|
|t:|1781204784
|switch|p1a: Kingambit|Kingambit, F|100/100
|-activate|p1a: Kingambit|ability: Supreme Overlord
|-start|p1a: Kingambit|fallen1|[silent]
|move|p2a: Hydreigon|Draco Meteor|p1a: Kingambit
|-resisted|p1a: Kingambit
|-damage|p1a: Kingambit|48/100
|-unboost|p2a: Hydreigon|spa|2
|
|-heal|p1a: Kingambit|54/100|[from] item: Leftovers
|upkeep
|turn|5
|
|t:|1781204791
|-end|p1a: Kingambit|fallen1|[silent]
|switch|p1a: Dragapult|Dragapult, M|100/100
|move|p2a: Hydreigon|Draco Meteor|p1a: Dragapult
|-supereffective|p1a: Dragapult
|-damage|p1a: Dragapult|0 fnt
|-unboost|p2a: Hydreigon|spa|2
|faint|p1a: Dragapult
|
|upkeep
|
|t:|1781204793
|switch|p1a: Kingambit|Kingambit, F|54/100
|-activate|p1a: Kingambit|ability: Supreme Overlord
|-start|p1a: Kingambit|fallen2|[silent]
|turn|6
|
|t:|1781204797
|switch|p2a: Great Tusk|Great Tusk|100/100
|move|p1a: Kingambit|Swords Dance|p1a: Kingambit
|-boost|p1a: Kingambit|atk|2
|
|-heal|p1a: Kingambit|60/100|[from] item: Leftovers
|upkeep
|turn|7
|
|t:|1781204801
|-terastallize|p1a: Kingambit|Ghost
|move|p2a: Great Tusk|Headlong Rush|p1a: Kingambit
|-damage|p1a: Kingambit|12/100
|-unboost|p2a: Great Tusk|def|1
|-unboost|p2a: Great Tusk|spd|1
|move|p1a: Kingambit|Iron Head|p2a: Great Tusk
|-damage|p2a: Great Tusk|0 fnt
|faint|p2a: Great Tusk
|-end|p2a: Great Tusk|Protosynthesis|[silent]
|
|-heal|p1a: Kingambit|19/100|[from] item: Leftovers
|upkeep
|
|t:|1781204811
|switch|p2a: Rillaboom|Rillaboom, M|100/100
|-damage|p2a: Rillaboom|88/100|[from] Stealth Rock
|-fieldstart|move: Grassy Terrain|[from] ability: Grassy Surge|[of] p2a: Rillaboom
|turn|8
|
|t:|1781204815
|move|p2a: Rillaboom|Grassy Glide|p1a: Kingambit
|-damage|p1a: Kingambit|0 fnt
|faint|p1a: Kingambit
|-end|p1a: Kingambit|fallen2|[silent]
|
|-heal|p2a: Rillaboom|94/100|[from] Grassy Terrain
|upkeep
|
|t:|1781204817
|switch|p1a: Zapdos|Zapdos|100/100
|turn|9
|
|t:|1781204826
|switch|p2a: Hydreigon|Hydreigon, F|88/100
|-damage|p2a: Hydreigon|76/100|[from] Stealth Rock
|move|p1a: Zapdos|Volt Switch|p2a: Hydreigon
|-resisted|p2a: Hydreigon
|-crit|p2a: Hydreigon
|-damage|p2a: Hydreigon|52/100
|
|t:|1781204829
|switch|p1a: Zamazenta|Zamazenta|100/100|[from] Volt Switch
|-ability|p1a: Zamazenta|Dauntless Shield|boost
|-boost|p1a: Zamazenta|def|1
|
|upkeep
|turn|10
|
|t:|1781204848
|switch|p2a: Rillaboom|Rillaboom, M|94/100
|-damage|p2a: Rillaboom|82/100|[from] Stealth Rock
|move|p1a: Zamazenta|Substitute|p1a: Zamazenta
|-start|p1a: Zamazenta|Substitute
|-damage|p1a: Zamazenta|75/100
|
|-heal|p1a: Zamazenta|82/100|[from] Grassy Terrain
|-heal|p1a: Zamazenta|88/100|[from] item: Leftovers
|-heal|p2a: Rillaboom|88/100|[from] Grassy Terrain
|upkeep
|turn|11
|
|t:|1781204852
|move|p1a: Zamazenta|Iron Defense|p1a: Zamazenta
|-boost|p1a: Zamazenta|def|2
|move|p2a: Rillaboom|Wood Hammer|p1a: Zamazenta
|-crit|p1a: Zamazenta
|-end|p1a: Zamazenta|Substitute
|-damage|p2a: Rillaboom|79/100|[from] Recoil|[of] p1a: Zamazenta
|
|-heal|p1a: Zamazenta|94/100|[from] Grassy Terrain
|-heal|p1a: Zamazenta|99/100|[from] item: Leftovers
|-heal|p2a: Rillaboom|85/100|[from] Grassy Terrain
|upkeep
|turn|12
|-message|Wanawa8724 forfeited.
|
|win|zeep vs zoop
|raw|zeep vs zoop's rating: 1649 &rarr; <strong>1674</strong><br />(+25 for winning)
|raw|Wanawa8724's rating: 1736 &rarr; <strong>1711</strong><br />(-25 for losing)
|l|‽zeep vs zoop
|player|p1|
|l|☆Wanawa8724
|player|p2|
