|j|☆GreninjaMyFav
|j|☆Bigkyuza18
|t:|1781061314
|gametype|singles
|player|p1|GreninjaMyFav|skyla|1648
|player|p2|Bigkyuza18|1|1708
|gen|9
|tier|[Gen 9] OU
|rated|
|rule|HP Percentage Mod: HP is shown in percentages
|rule|Endless Battle Clause: Forcing endless battles is banned
|rule|Species Clause: Limit one of each Pokémon
|rule|OHKO Clause: OHKO moves are banned
|rule|Evasion Items Clause: Evasion items are banned
|rule|Evasion Moves Clause: Evasion moves are banned
|rule|Evasion Abilities Clause: Evasion abilities are banned
|rule|Sleep Moves Clause: Sleep-inducing moves are banned
|clearpoke
|poke|p1|Greninja-*, M|
|poke|p1|Raging Bolt|
|poke|p1|Kingambit, F|
|poke|p1|Great Tusk|
|poke|p1|Slowking-Galar, F|
|poke|p1|Corviknight, F|
|poke|p2|Tyranitar, F|
|poke|p2|Excadrill, F|
|poke|p2|Tornadus-Therian, M|
|poke|p2|Sinistcha|
|poke|p2|Toxapex, F|
|poke|p2|Tinkaton, F|
|teampreview
|
|t:|1781061337
|teamsize|p1|6
|teamsize|p2|6
|start
|switch|p1a: Great Tusk|Great Tusk|100/100
|switch|p2a: Tinkaton|Tinkaton, F|100/100
|-ability|p2a: Tinkaton|Mold Breaker
|-item|p2a: Tinkaton|Air Balloon
|turn|1
|
|t:|1781061345
|switch|p2a: Tornadus|Tornadus-Therian, M|100/100
|move|p1a: Great Tusk|Stealth Rock|p2a: Tornadus
|-sidestart|p2: Bigkyuza18|move: Stealth Rock
|
|upkeep
|turn|2
|
|t:|1781061358
|switch|p2a: Excadrill|Excadrill, F|100/100
|-damage|p2a: Excadrill|97/100|[from] Stealth Rock
|-end|p1a: Great Tusk|Protosynthesis|[silent]
|switch|p1a: Raging Bolt|Raging Bolt|100/100
|
|upkeep
|turn|3
|
|t:|1781061372
|-end|p1a: Raging Bolt|Protosynthesis|[silent]
|switch|p1a: Corviknight|Corviknight, F|100/100
|-ability|p1a: Corviknight|Pressure
|move|p2a: Excadrill|Rapid Spin|p1a: Corviknight
|-resisted|p1a: Corviknight
|-damage|p1a: Corviknight|94/100
|-boost|p2a: Excadrill|spe|1
|-damage|p2a: Excadrill|81/100|[from] item: Rocky Helmet|[of] p1a: Corviknight
|-sideend|p2: Bigkyuza18|Stealth Rock|[from] move: Rapid Spin|[of] p2a: Excadrill
|
|upkeep
|turn|4
|
|t:|1781061376
|switch|p2a: Toxapex|Toxapex, F|100/100
|move|p1a: Corviknight|U-turn|p2a: Toxapex
|-resisted|p2a: Toxapex
|-damage|p2a: Toxapex|95/100
|-enditem|p2a: Toxapex|Eject Button
|
|t:|1781061377
|switch|p2a: Tornadus|Tornadus-Therian, M|100/100
|
|upkeep
|turn|5
|inactive|Battle timer is ON: inactive players will automatically lose when time's up. (requested by Bigkyuza18)
|
|t:|1781061389
|switch|p1a: Slowking|Slowking-Galar, F|100/100
|move|p2a: Tornadus|Heat Wave|p1a: Slowking
|-damage|p1a: Slowking|75/100
|
|upkeep
|turn|6
|
|t:|1781061391
|move|p2a: Tornadus|Heat Wave|p1a: Slowking
|-damage|p1a: Slowking|50/100
|-prepare|p1a: Slowking|Chilly Reception|[premajor]
|move|p1a: Slowking|Chilly Reception|p1a: Slowking
|-weather|Snowscape
|
|t:|1781061393
|switch|p1a: Raging Bolt|Raging Bolt|100/100|[from] Chilly Reception
|
|-weather|Snowscape|[upkeep]
|upkeep
|turn|7
|
|t:|1781061400
|switch|p2a: Tinkaton|Tinkaton, F|100/100
|-ability|p2a: Tinkaton|Mold Breaker
|-item|p2a: Tinkaton|Air Balloon
|move|p1a: Raging Bolt|Draco Meteor|p2a: Tinkaton
|-immune|p2a: Tinkaton
|
|-weather|Snowscape|[upkeep]
|upkeep
|turn|8
|
|t:|1781061405
|switch|p2a: Tornadus|Tornadus-Therian, M|100/100
|-end|p1a: Raging Bolt|Protosynthesis|[silent]
|switch|p1a: Great Tusk|Great Tusk|100/100
|
|-weather|Snowscape|[upkeep]
|upkeep
|turn|9
|
|t:|1781061411
|-end|p1a: Great Tusk|Protosynthesis|[silent]
|switch|p1a: Raging Bolt|Raging Bolt|100/100
|move|p2a: Tornadus|Bleakwind Storm|p1a: Raging Bolt
|-resisted|p1a: Raging Bolt
|-damage|p1a: Raging Bolt|65/100
|-unboost|p1a: Raging Bolt|spe|1
|
|-weather|Snowscape|[upkeep]
|upkeep
|turn|10
|
|t:|1781061417
|switch|p2a: Tinkaton|Tinkaton, F|100/100
|-ability|p2a: Tinkaton|Mold Breaker
|-item|p2a: Tinkaton|Air Balloon
|move|p1a: Raging Bolt|Draco Meteor|p2a: Tinkaton
|-immune|p2a: Tinkaton
|
|-weather|none
|upkeep
|turn|11
|
|t:|1781061420
|-end|p1a: Raging Bolt|Protosynthesis|[silent]
|switch|p1a: Great Tusk|Great Tusk|100/100
|move|p2a: Tinkaton|Stealth Rock|p1a: Great Tusk
|-sidestart|p1: GreninjaMyFav|move: Stealth Rock
|
|upkeep
|turn|12
|
|t:|1781061423
|switch|p2a: Sinistcha|Sinistcha|100/100
|move|p1a: Great Tusk|Stealth Rock|p2a: Sinistcha
|-sidestart|p2: Bigkyuza18|move: Stealth Rock
|
|upkeep
|turn|13
|
|t:|1781061426
|-end|p1a: Great Tusk|Protosynthesis|[silent]
|switch|p1a: Slowking|Slowking-Galar, F|83/100
|move|p2a: Sinistcha|Shadow Ball|p1a: Slowking
|-supereffective|p1a: Slowking
|-damage|p1a: Slowking|46/100
|
|upkeep
|turn|14
|
|t:|1781061431
|move|p2a: Sinistcha|Shadow Ball|p1a: Slowking
|-supereffective|p1a: Slowking
|-damage|p1a: Slowking|11/100
|-prepare|p1a: Slowking|Chilly Reception|[premajor]
|move|p1a: Slowking|Chilly Reception|p1a: Slowking
|-weather|Snowscape
|
|t:|1781061434
|switch|p1a: Raging Bolt|Raging Bolt|65/100|[from] Chilly Reception
|-damage|p1a: Raging Bolt|53/100|[from] Stealth Rock
|
|-weather|Snowscape|[upkeep]
|upkeep
|turn|15
|
|t:|1781061440
|switch|p2a: Excadrill|Excadrill, F|81/100
|-damage|p2a: Excadrill|78/100|[from] Stealth Rock
|move|p1a: Raging Bolt|Draco Meteor|p2a: Excadrill|[miss]
|-miss|p1a: Raging Bolt|p2a: Excadrill
|
|-weather|Snowscape|[upkeep]
|upkeep
|turn|16
|
|t:|1781061444
|-end|p1a: Raging Bolt|Protosynthesis|[silent]
|switch|p1a: Corviknight|Corviknight, F|94/100
|-damage|p1a: Corviknight|82/100|[from] Stealth Rock
|-ability|p1a: Corviknight|Pressure
|move|p2a: Excadrill|Rapid Spin|p1a: Corviknight
|-resisted|p1a: Corviknight
|-damage|p1a: Corviknight|76/100
|-boost|p2a: Excadrill|spe|1
|-damage|p2a: Excadrill|61/100|[from] item: Rocky Helmet|[of] p1a: Corviknight
|-sideend|p2: Bigkyuza18|Stealth Rock|[from] move: Rapid Spin|[of] p2a: Excadrill
|
|-weather|Snowscape|[upkeep]
|upkeep
|turn|17
|
|t:|1781061447
|switch|p2a: Tornadus|Tornadus-Therian, M|100/100
|move|p1a: Corviknight|Defog|p2a: Tornadus
|-unboost|p2a: Tornadus|evasion|1
|-sideend|p1: GreninjaMyFav|Stealth Rock|[from] move: Defog|[of] p1a: Corviknight
|
|-weather|Snowscape|[upkeep]
|upkeep
|turn|18
|
|t:|1781061453
|switch|p2a: Tyranitar|Tyranitar, F|100/100
|-weather|Sandstorm|[from] ability: Sand Stream|[of] p2a: Tyranitar
|switch|p1a: Greninja|Greninja, M|100/100
|
|-weather|Sandstorm|[upkeep]
|-damage|p1a: Greninja|95/100|[from] Sandstorm
|upkeep
|turn|19
|
|t:|1781061457
|move|p1a: Greninja|Grass Knot|p2a: Tyranitar
|-start|p1a: Greninja|typechange|Grass|[from] ability: Protean
|-supereffective|p2a: Tyranitar
|-damage|p2a: Tyranitar|1/100
|move|p2a: Tyranitar|Stone Edge|p1a: Greninja
|-damage|p1a: Greninja|0 fnt
|faint|p1a: Greninja
|
|-weather|Sandstorm|[upkeep]
|upkeep
|
|t:|1781061465
|switch|p1a: Great Tusk|Great Tusk|100/100
|turn|20
|
|t:|1781061468
|switch|p2a: Sinistcha|Sinistcha|100/100
|move|p1a: Great Tusk|Stealth Rock|p2a: Sinistcha
|-sidestart|p2: Bigkyuza18|move: Stealth Rock
|
|-weather|Sandstorm|[upkeep]
|-damage|p2a: Sinistcha|94/100|[from] Sandstorm
|upkeep
|turn|21
|
|t:|1781061473
|-end|p1a: Great Tusk|Protosynthesis|[silent]
|switch|p1a: Kingambit|Kingambit, F|100/100
|-activate|p1a: Kingambit|ability: Supreme Overlord
|-start|p1a: Kingambit|fallen1|[silent]
|move|p2a: Sinistcha|Matcha Gotcha|p1a: Kingambit
|-resisted|p1a: Kingambit
|-damage|p1a: Kingambit|84/100
|-heal|p2a: Sinistcha|100/100|[from] drain|[of] p1a: Kingambit
|
|-weather|Sandstorm|[upkeep]
|-damage|p2a: Sinistcha|94/100|[from] Sandstorm
|upkeep
|turn|22
|
|t:|1781061480
|switch|p2a: Tinkaton|Tinkaton, F|100/100
|-damage|p2a: Tinkaton|94/100|[from] Stealth Rock
|-ability|p2a: Tinkaton|Mold Breaker
|-item|p2a: Tinkaton|Air Balloon
|-terastallize|p1a: Kingambit|Dark
|move|p1a: Kingambit|Kowtow Cleave|p2a: Tinkaton
|-resisted|p2a: Tinkaton
|-damage|p2a: Tinkaton|44/100
|-enditem|p2a: Tinkaton|Air Balloon
|
|-weather|none
|upkeep
|turn|23
|
|t:|1781061484
|-end|p1a: Kingambit|fallen1|[silent]
|switch|p1a: Great Tusk|Great Tusk|100/100
|move|p2a: Tinkaton|Stealth Rock|p1a: Great Tusk
|-sidestart|p1: GreninjaMyFav|move: Stealth Rock
|
|upkeep
|turn|24
|
|t:|1781061488
|switch|p2a: Sinistcha|Sinistcha|94/100
|move|p1a: Great Tusk|Ice Spinner|p2a: Sinistcha
|-supereffective|p2a: Sinistcha
|-damage|p2a: Sinistcha|56/100
|
|upkeep
|turn|25
|
|t:|1781061492
|-end|p1a: Great Tusk|Protosynthesis|[silent]
|switch|p1a: Raging Bolt|Raging Bolt|53/100
|-damage|p1a: Raging Bolt|41/100|[from] Stealth Rock
|move|p2a: Sinistcha|Strength Sap|p1a: Raging Bolt
|-unboost|p1a: Raging Bolt|atk|1
|-heal|p2a: Sinistcha|100/100
|
|upkeep
|turn|26
|
|t:|1781061496
|switch|p2a: Tinkaton|Tinkaton, F|44/100
|-damage|p2a: Tinkaton|38/100|[from] Stealth Rock
|-ability|p2a: Tinkaton|Mold Breaker
|move|p1a: Raging Bolt|Draco Meteor|p2a: Tinkaton
|-immune|p2a: Tinkaton
|
|upkeep
|turn|27
|
|t:|1781061497
|-end|p1a: Raging Bolt|Protosynthesis|[silent]
|switch|p1a: Great Tusk|Great Tusk|100/100
|move|p2a: Tinkaton|Gigaton Hammer|p1a: Great Tusk
|-damage|p1a: Great Tusk|69/100
|
|upkeep
|turn|28
|
|t:|1781061500
|switch|p2a: Sinistcha|Sinistcha|100/100
|-end|p1a: Great Tusk|Protosynthesis|[silent]
|switch|p1a: Kingambit|Kingambit, F, tera:Dark|84/100
|-damage|p1a: Kingambit|72/100|[from] Stealth Rock
|-activate|p1a: Kingambit|ability: Supreme Overlord
|-start|p1a: Kingambit|fallen1|[silent]
|
|upkeep
|turn|29
|
|t:|1781061503
|switch|p2a: Tyranitar|Tyranitar, F|1/100
|-damage|p2a: Tyranitar|0 fnt|[from] Stealth Rock
|faint|p2a: Tyranitar
|move|p1a: Kingambit|Kowtow Cleave|p2: Tyranitar|[notarget]
|-fail|p1a: Kingambit
|
|upkeep
|
|t:|1781061511
|switch|p2a: Toxapex|Toxapex, F|100/100
|-damage|p2a: Toxapex|88/100|[from] Stealth Rock
|turn|30
|
|t:|1781061513
|move|p1a: Kingambit|Swords Dance|p1a: Kingambit
|-boost|p1a: Kingambit|atk|2
|move|p2a: Toxapex|Toxic|p1a: Kingambit
|-status|p1a: Kingambit|tox
|
|-damage|p1a: Kingambit|66/100 tox|[from] psn
|upkeep
|turn|31
|
|t:|1781061522
|switch|p2a: Tornadus|Tornadus-Therian, M|100/100
|-damage|p2a: Tornadus|76/100|[from] Stealth Rock
|move|p1a: Kingambit|Kowtow Cleave|p2a: Tornadus
|-damage|p2a: Tornadus|0 fnt
|faint|p2a: Tornadus
|
|-damage|p1a: Kingambit|53/100 tox|[from] psn
|upkeep
|
|t:|1781061525
|switch|p2a: Excadrill|Excadrill, F|61/100
|-damage|p2a: Excadrill|58/100|[from] Stealth Rock
|turn|32
|
|t:|1781061530
|-end|p1a: Kingambit|fallen1|[silent]
|switch|p1a: Corviknight|Corviknight, F|76/100
|-damage|p1a: Corviknight|64/100|[from] Stealth Rock
|-ability|p1a: Corviknight|Pressure
|move|p2a: Excadrill|Earthquake|p1a: Corviknight
|-immune|p1a: Corviknight
|
|upkeep
|turn|33
|
|t:|1781061542
|switch|p2a: Toxapex|Toxapex, F|100/100
|-damage|p2a: Toxapex|88/100|[from] Stealth Rock
|move|p1a: Corviknight|Defog|p2a: Toxapex
|-unboost|p2a: Toxapex|evasion|1
|-sideend|p2: Bigkyuza18|Stealth Rock|[from] move: Defog|[of] p1a: Corviknight
|-sideend|p1: GreninjaMyFav|Stealth Rock|[from] move: Defog|[of] p1a: Corviknight
|
|upkeep
|turn|34
|j| OP Earthquakes
|
|t:|1781061545
|move|p1a: Corviknight|U-turn|p2a: Toxapex
|-resisted|p2a: Toxapex
|-damage|p2a: Toxapex|82/100
|j| have we gone
|
|t:|1781061547
|switch|p1a: Slowking|Slowking-Galar, F|44/100|[from] U-turn
|move|p2a: Toxapex|Toxic Spikes|p1a: Slowking
|-sidestart|p1: GreninjaMyFav|move: Toxic Spikes
|
|upkeep
|turn|35
|
|t:|1781061550
|switch|p2a: Excadrill|Excadrill, F|58/100
|move|p1a: Slowking|Psychic Noise|p2a: Excadrill
|-resisted|p2a: Excadrill
|-damage|p2a: Excadrill|38/100
|-start|p2a: Excadrill|move: Heal Block
|
|upkeep
|turn|36
|
|t:|1781061556
|switch|p1a: Corviknight|Corviknight, F|64/100
|-ability|p1a: Corviknight|Pressure
|move|p2a: Excadrill|Rock Blast|p1a: Corviknight
|-damage|p1a: Corviknight|58/100
|-damage|p1a: Corviknight|52/100
|-damage|p1a: Corviknight|45/100
|-damage|p1a: Corviknight|39/100
|-hitcount|p1a: Corviknight|4
|
|-end|p2a: Excadrill|move: Heal Block
|upkeep
|turn|37
|
|t:|1781061564
|switch|p2a: Tinkaton|Tinkaton, F|38/100
|-ability|p2a: Tinkaton|Mold Breaker
|move|p1a: Corviknight|Roost|p1a: Corviknight
|-heal|p1a: Corviknight|89/100
|-singleturn|p1a: Corviknight|move: Roost
|
|upkeep
|turn|38
|
|t:|1781061568
|move|p2a: Tinkaton|Knock Off|p1a: Corviknight
|-damage|p1a: Corviknight|79/100
|-damage|p2a: Tinkaton|21/100|[from] item: Rocky Helmet|[of] p1a: Corviknight
|-enditem|p1a: Corviknight|Rocky Helmet|[from] move: Knock Off|[of] p2a: Tinkaton
|move|p1a: Corviknight|Defog|p2a: Tinkaton
|-unboost|p2a: Tinkaton|evasion|1
|-sideend|p1: GreninjaMyFav|Toxic Spikes|[from] move: Defog|[of] p1a: Corviknight
|
|upkeep
|turn|39
|
|t:|1781061574
|move|p2a: Tinkaton|Stealth Rock|p1a: Corviknight
|-sidestart|p1: GreninjaMyFav|move: Stealth Rock
|move|p1a: Corviknight|Brave Bird|p2a: Tinkaton
|-resisted|p2a: Tinkaton
|-damage|p2a: Tinkaton|1/100
|-damage|p1a: Corviknight|72/100|[from] Recoil
|
|upkeep
|turn|40
|
|t:|1781061578
|move|p2a: Tinkaton|Encore|p1a: Corviknight
|-start|p1a: Corviknight|Encore
|move|p1a: Corviknight|Brave Bird|p2a: Tinkaton
|-resisted|p2a: Tinkaton
|-damage|p2a: Tinkaton|0 fnt
|faint|p2a: Tinkaton
|-damage|p1a: Corviknight|72/100|[from] Recoil
|
|upkeep
|
|t:|1781061583
|switch|p2a: Sinistcha|Sinistcha|100/100
|turn|41
|
|t:|1781061586
|switch|p1a: Slowking|Slowking-Galar, F|77/100
|move|p2a: Sinistcha|Strength Sap|p1a: Slowking
|-unboost|p1a: Slowking|atk|1
|
|upkeep
|turn|42
|j| dilf huntr
|
|t:|1781061592
|move|p2a: Sinistcha|Calm Mind|p2a: Sinistcha
|-boost|p2a: Sinistcha|spa|1
|-boost|p2a: Sinistcha|spd|1
|move|p1a: Slowking|Psychic Noise|p2a: Sinistcha
|-damage|p2a: Sinistcha|78/100
|-start|p2a: Sinistcha|move: Heal Block
|
|upkeep
|turn|43
|
|t:|1781061596
|move|p2a: Sinistcha|Calm Mind|p2a: Sinistcha
|-boost|p2a: Sinistcha|spa|1
|-boost|p2a: Sinistcha|spd|1
|-prepare|p1a: Slowking|Chilly Reception|[premajor]
|move|p1a: Slowking|Chilly Reception|p1a: Slowking
|-weather|Snowscape
|
|t:|1781061598
|switch|p1a: Kingambit|Kingambit, F, tera:Dark|53/100 tox|[from] Chilly Reception
|-damage|p1a: Kingambit|41/100 tox|[from] Stealth Rock
|-activate|p1a: Kingambit|ability: Supreme Overlord
|-start|p1a: Kingambit|fallen1|[silent]
|
|-weather|Snowscape|[upkeep]
|-damage|p1a: Kingambit|35/100 tox|[from] psn
|-end|p2a: Sinistcha|move: Heal Block
|upkeep
|turn|44
|
|t:|1781061601
|-terastallize|p2a: Sinistcha|Poison
|move|p2a: Sinistcha|Strength Sap|p1a: Kingambit
|-unboost|p1a: Kingambit|atk|1
|-heal|p2a: Sinistcha|100/100
|move|p1a: Kingambit|Kowtow Cleave|p2a: Sinistcha
|-damage|p2a: Sinistcha|61/100
|
|-weather|Snowscape|[upkeep]
|-damage|p1a: Kingambit|22/100 tox|[from] psn
|upkeep
|turn|45
|
|t:|1781061604
|move|p2a: Sinistcha|Strength Sap|p1a: Kingambit
|-unboost|p1a: Kingambit|atk|1
|-heal|p2a: Sinistcha|100/100
|move|p1a: Kingambit|Kowtow Cleave|p2a: Sinistcha
|-damage|p2a: Sinistcha|72/100
|
|-weather|Snowscape|[upkeep]
|-damage|p1a: Kingambit|4/100 tox|[from] psn
|upkeep
|turn|46
|
|t:|1781061608
|move|p1a: Kingambit|Sucker Punch||[still]
|-fail|p1a: Kingambit
|move|p2a: Sinistcha|Strength Sap|p1a: Kingambit
|-unboost|p1a: Kingambit|atk|1
|-heal|p2a: Sinistcha|100/100
|
|-weather|Snowscape|[upkeep]
|-damage|p1a: Kingambit|0 fnt|[from] psn
|faint|p1a: Kingambit
|-end|p1a: Kingambit|fallen1|[silent]
|upkeep
|
|t:|1781061610
|switch|p1a: Raging Bolt|Raging Bolt|41/100
|-damage|p1a: Raging Bolt|29/100|[from] Stealth Rock
|turn|47
|
|t:|1781061617
|switch|p2a: Excadrill|Excadrill, F|38/100
|move|p1a: Raging Bolt|Draco Meteor|p2a: Excadrill
|-resisted|p2a: Excadrill
|-damage|p2a: Excadrill|0 fnt
|-unboost|p1a: Raging Bolt|spa|2
|faint|p2a: Excadrill
|
|-weather|none
|upkeep
|
|t:|1781061622
|switch|p2a: Toxapex|Toxapex, F|100/100
|turn|48
|
|t:|1781061627
|-end|p1a: Raging Bolt|Protosynthesis|[silent]
|switch|p1a: Slowking|Slowking-Galar, F|100/100
|move|p2a: Toxapex|Toxic|p1a: Slowking
|-immune|p1a: Slowking
|
|upkeep
|turn|49
|
|t:|1781061629
|move|p2a: Toxapex|Toxic Spikes|p1a: Slowking
|-sidestart|p1: GreninjaMyFav|move: Toxic Spikes
|move|p1a: Slowking|Psychic Noise|p2a: Toxapex
|-supereffective|p2a: Toxapex
|-damage|p2a: Toxapex|67/100
|-start|p2a: Toxapex|move: Heal Block
|
|upkeep
|turn|50
|
|t:|1781061632
|switch|p2a: Sinistcha|Sinistcha, tera:Poison|100/100
|-prepare|p1a: Slowking|Chilly Reception|[premajor]
|move|p1a: Slowking|Chilly Reception|p1a: Slowking
|-weather|Snowscape
|
|t:|1781061635
|switch|p1a: Corviknight|Corviknight, F|72/100|[from] Chilly Reception
|-damage|p1a: Corviknight|60/100|[from] Stealth Rock
|-ability|p1a: Corviknight|Pressure
|
|-weather|Snowscape|[upkeep]
|upkeep
|turn|51
|
|t:|1781061637
|move|p2a: Sinistcha|Calm Mind|p2a: Sinistcha
|-boost|p2a: Sinistcha|spa|1
|-boost|p2a: Sinistcha|spd|1
|move|p1a: Corviknight|U-turn|p2a: Sinistcha
|-resisted|p2a: Sinistcha
|-damage|p2a: Sinistcha|95/100
|
|t:|1781061639
|switch|p1a: Slowking|Slowking-Galar, F|100/100|[from] U-turn
|-sideend|p1: GreninjaMyFav|move: Toxic Spikes|[of] p1a: Slowking
|
|-weather|Snowscape|[upkeep]
|upkeep
|turn|52
|
|t:|1781061642
|move|p2a: Sinistcha|Shadow Ball|p1a: Slowking
|-supereffective|p1a: Slowking
|-damage|p1a: Slowking|47/100
|move|p1a: Slowking|Psychic Noise|p2a: Sinistcha
|-supereffective|p2a: Sinistcha
|-damage|p2a: Sinistcha|48/100
|-start|p2a: Sinistcha|move: Heal Block
|
|-weather|Snowscape|[upkeep]
|upkeep
|turn|53
|
|t:|1781061646
|switch|p1a: Corviknight|Corviknight, F|60/100
|-damage|p1a: Corviknight|48/100|[from] Stealth Rock
|-ability|p1a: Corviknight|Pressure
|move|p2a: Sinistcha|Shadow Ball|p1a: Corviknight
|-crit|p1a: Corviknight
|-damage|p1a: Corviknight|0 fnt
|faint|p1a: Corviknight
|
|-weather|Snowscape|[upkeep]
|-end|p2a: Sinistcha|move: Heal Block
|upkeep
|
|t:|1781061648
|switch|p1a: Great Tusk|Great Tusk|69/100
|turn|54
|
|t:|1781061650
|move|p1a: Great Tusk|Headlong Rush|p2a: Sinistcha
|-supereffective|p2a: Sinistcha
|-damage|p2a: Sinistcha|0 fnt
|-unboost|p1a: Great Tusk|def|1
|-unboost|p1a: Great Tusk|spd|1
|faint|p2a: Sinistcha
|
|-weather|none
|upkeep
|
|t:|1781061652
|switch|p2a: Toxapex|Toxapex, F|99/100
|turn|55
|-message|Bigkyuza18 forfeited.
|
|win|GreninjaMyFav
|raw|GreninjaMyFav's rating: 1648 &rarr; <strong>1671</strong><br />(+23 for winning)
|raw|Bigkyuza18's rating: 1708 &rarr; <strong>1685</strong><br />(-23 for losing)
|l|☆Bigkyuza18
|player|p2|
|l|☆GreninjaMyFav
|player|p1|
|l| dilf huntr
|l| have we gone
|l| OP Earthquakes
