|j|☆kadu99
|j|☆xp180
|t:|1781198435
|gametype|singles
|player|p1|kadu99|policeman-gen4|1546
|player|p2|xp180|102|1577
|gen|9
|tier|[Gen 9] OU
|rated|
|rule|HP Percentage Mod: HP is shown in percentages
|rule|Endless Battle Clause: Forcing endless battles is banned
|rule|Species Clause: Limit one of each Pokémon
|rule|OHKO Clause: OHKO moves are banned
|rule|Evasion Items Clause: Evasion items are banned
|rule|Evasion Moves Clause: Evasion moves are banned
|rule|Evasion Abilities Clause: Evasion abilities are banned
|rule|Sleep Moves Clause: Sleep-inducing moves are banned
|clearpoke
|poke|p1|Zarude|
|poke|p1|Gliscor, F|
|poke|p1|Blissey, F|
|poke|p1|Skarmory, M|
|poke|p1|Keldeo|
|poke|p1|Pecharunt|
|poke|p2|Araquanid, M|
|poke|p2|Gholdengo|
|poke|p2|Raging Bolt|
|poke|p2|Iron Valiant|
|poke|p2|Ceruledge, M|
|poke|p2|Deoxys-Speed|
|teampreview
|inactive|Battle timer is ON: inactive players will automatically lose when time's up. (requested by kadu99)
|
|t:|1781198446
|teamsize|p1|6
|teamsize|p2|6
|start
|switch|p1a: Blissey|Blissey, F|100/100
|switch|p2a: Araquanid|Araquanid, M|100/100
|turn|1
|
|t:|1781198450
|move|p1a: Blissey|Stealth Rock|p2a: Araquanid
|-sidestart|p2: xp180|move: Stealth Rock
|move|p2a: Araquanid|Sticky Web|p1a: Blissey
|-sidestart|p1: kadu99|move: Sticky Web
|
|upkeep
|turn|2
|
|t:|1781198460
|move|p1a: Blissey|Seismic Toss|p2a: Araquanid
|-damage|p2a: Araquanid|71/100
|move|p2a: Araquanid|Lunge|p1a: Blissey
|-damage|p1a: Blissey|82/100
|-unboost|p1a: Blissey|atk|1
|
|upkeep
|turn|3
|
|t:|1781198467
|move|p1a: Blissey|Seismic Toss|p2a: Araquanid
|-damage|p2a: Araquanid|41/100
|move|p2a: Araquanid|Lunge|p1a: Blissey
|-damage|p1a: Blissey|64/100
|-unboost|p1a: Blissey|atk|1
|
|upkeep
|turn|4
|inactive|kadu99 has 120 seconds left.
|
|t:|1781198499
|switch|p2a: Ceruledge|Ceruledge, M|100/100
|-damage|p2a: Ceruledge|76/100|[from] Stealth Rock
|move|p1a: Blissey|Soft-Boiled|p1a: Blissey
|-heal|p1a: Blissey|100/100
|
|upkeep
|turn|5
|inactive|kadu99 has 120 seconds left.
|inactive|xp180 has 120 seconds left.
|
|t:|1781198531
|switch|p1a: Keldeo|Keldeo|100/100
|move|p2a: Ceruledge|Swords Dance|p2a: Ceruledge
|-boost|p2a: Ceruledge|atk|2
|
|upkeep
|turn|6
|
|t:|1781198535
|move|p2a: Ceruledge|Shadow Sneak|p1a: Keldeo
|-damage|p1a: Keldeo|52/100
|move|p1a: Keldeo|Surf|p2a: Ceruledge
|-supereffective|p2a: Ceruledge
|-crit|p2a: Ceruledge
|-damage|p2a: Ceruledge|0 fnt
|faint|p2a: Ceruledge
|
|upkeep
|
|t:|1781198541
|switch|p2a: Iron Valiant|Iron Valiant|100/100
|-damage|p2a: Iron Valiant|94/100|[from] Stealth Rock
|-enditem|p2a: Iron Valiant|Booster Energy
|-activate|p2a: Iron Valiant|ability: Quark Drive|[fromitem]
|-start|p2a: Iron Valiant|quarkdrivespa
|turn|7
|inactive|kadu99 has 120 seconds left.
|
|t:|1781198576
|switch|p1a: Pecharunt|Pecharunt|100/100
|move|p2a: Iron Valiant|Calm Mind|p2a: Iron Valiant
|-boost|p2a: Iron Valiant|spa|1
|-boost|p2a: Iron Valiant|spd|1
|
|upkeep
|turn|8
|
|t:|1781198581
|-terastallize|p2a: Iron Valiant|Ghost
|move|p2a: Iron Valiant|Shadow Ball|p1a: Pecharunt
|-supereffective|p1a: Pecharunt
|-damage|p1a: Pecharunt|0 fnt
|faint|p1a: Pecharunt
|
|upkeep
|inactive|kadu99 has 90 seconds left.
|
|t:|1781198606
|switch|p1a: Skarmory|Skarmory, M|100/100
|turn|9
|
|t:|1781198610
|move|p2a: Iron Valiant|Shadow Ball|p1a: Skarmory
|-ability|p1a: Skarmory|Sturdy
|-damage|p1a: Skarmory|1/100
|-unboost|p1a: Skarmory|spd|1
|move|p1a: Skarmory|Whirlwind|p2a: Iron Valiant
|-end|p2a: Iron Valiant|Quark Drive|[silent]
|drag|p2a: Deoxys|Deoxys-Speed|100/100
|-damage|p2a: Deoxys|88/100|[from] Stealth Rock
|-ability|p2a: Deoxys|Pressure
|
|upkeep
|turn|10
|inactive|kadu99 has 90 seconds left.
|inactive|kadu99 has 60 seconds left.
|inactive|kadu99 has 30 seconds left.
|
|t:|1781198689
|move|p2a: Deoxys|Ice Beam|p1a: Skarmory
|-damage|p1a: Skarmory|0 fnt
|faint|p1a: Skarmory
|-damage|p2a: Deoxys|79/100|[from] item: Life Orb
|
|upkeep
|inactive|kadu99 has 30 seconds left.
|inactive|kadu99 has 20 seconds left.
|
|t:|1781198705
|switch|p1a: Zarude|Zarude|100/100
|turn|11
|inactive|kadu99 has 30 seconds left this turn.
|
|t:|1781198714
|switch|p2a: Araquanid|Araquanid, M|41/100
|-damage|p2a: Araquanid|16/100|[from] Stealth Rock
|move|p1a: Zarude|Trailblaze|p2a: Araquanid
|-damage|p2a: Araquanid|0 fnt
|-boost|p1a: Zarude|spe|1
|faint|p2a: Araquanid
|
|upkeep
|
|t:|1781198726
|switch|p2a: Raging Bolt|Raging Bolt|100/100
|-damage|p2a: Raging Bolt|88/100|[from] Stealth Rock
|-enditem|p2a: Raging Bolt|Booster Energy
|-activate|p2a: Raging Bolt|ability: Protosynthesis|[fromitem]
|-start|p2a: Raging Bolt|protosynthesisspa
|turn|12
|inactive|kadu99 has 30 seconds left.
|inactive|kadu99 has 20 seconds left.
|inactive|kadu99 has 15 seconds left.
|
|t:|1781198755
|switch|p1a: Blissey|Blissey, F|100/100
|move|p2a: Raging Bolt|Dragon Pulse|p1a: Blissey
|-damage|p1a: Blissey|82/100
|
|upkeep
|turn|13
|inactive|kadu99 has 25 seconds left this turn.
|
|t:|1781198769
|-end|p2a: Raging Bolt|Protosynthesis|[silent]
|switch|p2a: Gholdengo|Gholdengo|100/100
|-damage|p2a: Gholdengo|94/100|[from] Stealth Rock
|-item|p2a: Gholdengo|Air Balloon
|move|p1a: Blissey|Seismic Toss|p2a: Gholdengo
|-immune|p2a: Gholdengo
|
|upkeep
|turn|14
|inactive|kadu99 has 30 seconds left.
|
|t:|1781198779
|move|p2a: Gholdengo|Nasty Plot|p2a: Gholdengo
|-boost|p2a: Gholdengo|spa|2
|move|p1a: Blissey|Calm Mind|p1a: Blissey
|-boost|p1a: Blissey|spa|1
|-boost|p1a: Blissey|spd|1
|
|upkeep
|turn|15
|inactive|kadu99 has 30 seconds left.
|
|t:|1781198790
|move|p2a: Gholdengo|Nasty Plot|p2a: Gholdengo
|-boost|p2a: Gholdengo|spa|2
|move|p1a: Blissey|Calm Mind|p1a: Blissey
|-boost|p1a: Blissey|spa|1
|-boost|p1a: Blissey|spd|1
|
|upkeep
|turn|16
|
|t:|1781198795
|move|p2a: Gholdengo|Nasty Plot|p2a: Gholdengo
|-boost|p2a: Gholdengo|spa|2
|move|p1a: Blissey|Calm Mind|p1a: Blissey
|-boost|p1a: Blissey|spa|1
|-boost|p1a: Blissey|spd|1
|
|upkeep
|turn|17
|
|t:|1781198798
|move|p2a: Gholdengo|Focus Blast|p1a: Blissey
|-supereffective|p1a: Blissey
|-damage|p1a: Blissey|33/100
|-unboost|p1a: Blissey|spd|1
|move|p1a: Blissey|Calm Mind|p1a: Blissey
|-boost|p1a: Blissey|spa|1
|-boost|p1a: Blissey|spd|1
|
|upkeep
|turn|18
|
|t:|1781198805
|move|p2a: Gholdengo|Focus Blast|p1a: Blissey
|-supereffective|p1a: Blissey
|-crit|p1a: Blissey
|-damage|p1a: Blissey|0 fnt
|faint|p1a: Blissey
|
|upkeep
|
|t:|1781198808
|switch|p1a: Zarude|Zarude|100/100
|turn|19
|
|t:|1781198821
|move|p1a: Zarude|Knock Off|p2a: Gholdengo
|-supereffective|p2a: Gholdengo
|-damage|p2a: Gholdengo|0 fnt
|-enditem|p2a: Gholdengo|Air Balloon
|faint|p2a: Gholdengo
|
|upkeep
|
|t:|1781198825
|switch|p2a: Raging Bolt|Raging Bolt|88/100
|-damage|p2a: Raging Bolt|76/100|[from] Stealth Rock
|turn|20
|
|t:|1781198831
|switch|p1a: Gliscor|Gliscor, F|100/100
|move|p2a: Raging Bolt|Dragon Pulse|p1a: Gliscor
|-damage|p1a: Gliscor|63/100
|
|-status|p1a: Gliscor|tox|[from] item: Toxic Orb
|upkeep
|turn|21
|
|t:|1781198836
|move|p2a: Raging Bolt|Calm Mind|p2a: Raging Bolt
|-boost|p2a: Raging Bolt|spa|1
|-boost|p2a: Raging Bolt|spd|1
|move|p1a: Gliscor|Swords Dance|p1a: Gliscor
|-boost|p1a: Gliscor|atk|2
|
|-heal|p1a: Gliscor|75/100 tox|[from] ability: Poison Heal
|upkeep
|turn|22
|
|t:|1781198844
|move|p1a: Gliscor|Protect|p1a: Gliscor
|-singleturn|p1a: Gliscor|Protect
|move|p2a: Raging Bolt|Dragon Pulse|p1a: Gliscor
|-activate|p1a: Gliscor|move: Protect
|
|-heal|p1a: Gliscor|88/100 tox|[from] ability: Poison Heal
|upkeep
|turn|23
|inactive|kadu99 has 90 seconds left.
|
|t:|1781198865
|move|p2a: Raging Bolt|Dragon Pulse|p1a: Gliscor
|-damage|p1a: Gliscor|29/100 tox
|move|p1a: Gliscor|Facade|p2a: Raging Bolt
|-damage|p2a: Raging Bolt|14/100
|
|-heal|p1a: Gliscor|42/100 tox|[from] ability: Poison Heal
|upkeep
|turn|24
|
|t:|1781198873
|move|p1a: Gliscor|Protect|p1a: Gliscor
|-singleturn|p1a: Gliscor|Protect
|move|p2a: Raging Bolt|Dragon Pulse|p1a: Gliscor
|-activate|p1a: Gliscor|move: Protect
|
|-heal|p1a: Gliscor|54/100 tox|[from] ability: Poison Heal
|upkeep
|turn|25
|
|t:|1781198882
|move|p2a: Raging Bolt|Dragon Pulse|p1a: Gliscor
|-damage|p1a: Gliscor|0 fnt
|faint|p1a: Gliscor
|
|upkeep
|
|t:|1781198885
|switch|p1a: Zarude|Zarude|100/100
|turn|26
|
|t:|1781198892
|move|p2a: Raging Bolt|Thunderclap|p1a: Zarude
|-resisted|p1a: Zarude
|-damage|p1a: Zarude|72/100
|move|p1a: Zarude|Knock Off|p2a: Raging Bolt
|-damage|p2a: Raging Bolt|0 fnt
|faint|p2a: Raging Bolt
|-end|p2a: Raging Bolt|Protosynthesis|[silent]
|
|upkeep
|
|t:|1781198896
|switch|p2a: Iron Valiant|Iron Valiant, tera:Ghost|94/100
|-damage|p2a: Iron Valiant|82/100|[from] Stealth Rock
|turn|27
|inactive|kadu99 has 120 seconds left.
|
|t:|1781198903
|-terastallize|p1a: Zarude|Poison
|move|p2a: Iron Valiant|Vacuum Wave|p1a: Zarude
|-resisted|p1a: Zarude
|-damage|p1a: Zarude|62/100
|move|p1a: Zarude|Trailblaze|p2a: Iron Valiant
|-damage|p2a: Iron Valiant|49/100
|-boost|p1a: Zarude|spe|1
|
|upkeep
|turn|28
|
|t:|1781198908
|move|p1a: Zarude|Knock Off|p2a: Iron Valiant
|-supereffective|p2a: Iron Valiant
|-damage|p2a: Iron Valiant|0 fnt
|faint|p2a: Iron Valiant
|-end|p2a: Iron Valiant|Quark Drive|[silent]
|
|upkeep
|
|t:|1781198911
|switch|p2a: Deoxys|Deoxys-Speed|79/100
|-damage|p2a: Deoxys|66/100|[from] Stealth Rock
|-ability|p2a: Deoxys|Pressure
|turn|29
|
|t:|1781198912
|move|p1a: Zarude|Knock Off|p2a: Deoxys
|-supereffective|p2a: Deoxys
|-damage|p2a: Deoxys|0 fnt
|-enditem|p2a: Deoxys|Life Orb|[from] move: Knock Off|[of] p1a: Zarude
|faint|p2a: Deoxys
|
|win|kadu99
|raw|kadu99's rating: 1523 &rarr; <strong>1546</strong><br />(+23 for winning)
|raw|xp180's rating: 1577 &rarr; <strong>1554</strong><br />(-23 for losing)
|l|☆xp180
|player|p2|
|l|☆kadu99
|player|p1|
