|j|☆mythiixx
|j|☆Igoodnamename
|t:|1781298978
|gametype|singles
|player|p1|mythiixx|valerie|1811
|player|p2|Igoodnamename|winona|1755
|gen|9
|tier|[Gen 9] OU
|rated|
|rule|HP Percentage Mod: HP is shown in percentages
|rule|Endless Battle Clause: Forcing endless battles is banned
|rule|Species Clause: Limit one of each Pokémon
|rule|OHKO Clause: OHKO moves are banned
|rule|Evasion Items Clause: Evasion items are banned
|rule|Evasion Moves Clause: Evasion moves are banned
|rule|Evasion Abilities Clause: Evasion abilities are banned
|rule|Sleep Moves Clause: Sleep-inducing moves are banned
|clearpoke
|poke|p1|Hoopa-Unbound|
|poke|p1|Pecharunt|
|poke|p1|Landorus-Therian, M|
|poke|p1|Cinderace, M|
|poke|p1|Alomomola, M|
|poke|p1|Iron Valiant|
|poke|p2|Raging Bolt|
|poke|p2|Rillaboom, F|
|poke|p2|Great Tusk|
|poke|p2|Ting-Lu|
|poke|p2|Skeledirge, F|
|poke|p2|Enamorus, F|
|teampreview
|
|t:|1781299021
|teamsize|p1|6
|teamsize|p2|6
|start
|switch|p1a: Landorus|Landorus-Therian, M, shiny|100/100
|switch|p2a: Enamorus|Enamorus, F|100/100
|-ability|p1a: Landorus|Intimidate|boost
|-boost|p2a: Enamorus|atk|1
|turn|1
|
|t:|1781299030
|move|p2a: Enamorus|Moonblast|p1a: Landorus
|-damage|p1a: Landorus|18/100
|move|p1a: Landorus|Stone Edge|p2a: Enamorus
|-supereffective|p2a: Enamorus
|-damage|p2a: Enamorus|0 fnt
|faint|p2a: Enamorus
|
|upkeep
|
|t:|1781299041
|switch|p2a: Rillaboom|Rillaboom, F|100/100
|-fieldstart|move: Grassy Terrain|[from] ability: Grassy Surge|[of] p2a: Rillaboom
|turn|2
|
|t:|1781299044
|switch|p1a: Pecharunt|Pecharunt|100/100
|move|p2a: Rillaboom|Grassy Glide|p1a: Pecharunt
|-resisted|p1a: Pecharunt
|-damage|p1a: Pecharunt|87/100
|
|-heal|p1a: Pecharunt|93/100|[from] Grassy Terrain
|upkeep
|turn|3
|
|t:|1781299050
|switch|p2a: Raging Bolt|Raging Bolt|100/100
|move|p1a: Pecharunt|Parting Shot|p2a: Raging Bolt
|-unboost|p2a: Raging Bolt|atk|1
|-unboost|p2a: Raging Bolt|spa|1
|
|t:|1781299053
|switch|p1a: Iron Valiant|Iron Valiant, shiny|100/100|[from] Parting Shot
|
|upkeep
|turn|4
|
|t:|1781299058
|-end|p2a: Raging Bolt|Protosynthesis|[silent]
|switch|p2a: Skeledirge|Skeledirge, F|100/100
|move|p1a: Iron Valiant|Shadow Ball|p2a: Skeledirge
|-supereffective|p2a: Skeledirge
|-damage|p2a: Skeledirge|48/100
|
|-heal|p2a: Skeledirge|55/100|[from] Grassy Terrain
|upkeep
|turn|5
|
|t:|1781299065
|move|p1a: Iron Valiant|Shadow Ball|p2a: Skeledirge
|-supereffective|p2a: Skeledirge
|-damage|p2a: Skeledirge|1/100
|move|p2a: Skeledirge|Slack Off|p2a: Skeledirge
|-heal|p2a: Skeledirge|51/100
|
|-heal|p2a: Skeledirge|57/100|[from] Grassy Terrain
|upkeep
|turn|6
|
|t:|1781299070
|switch|p2a: Ting-Lu|Ting-Lu|100/100
|-ability|p2a: Ting-Lu|Vessel of Ruin
|move|p1a: Iron Valiant|Shadow Ball|p2a: Ting-Lu
|-resisted|p2a: Ting-Lu
|-damage|p2a: Ting-Lu|92/100
|
|-heal|p2a: Ting-Lu|98/100|[from] Grassy Terrain
|-heal|p2a: Ting-Lu|100/100|[from] item: Leftovers
|-fieldend|move: Grassy Terrain
|upkeep
|turn|7
|
|t:|1781299073
|-end|p1a: Iron Valiant|Quark Drive|[silent]
|switch|p1a: Alomomola|Alomomola, M, shiny|100/100
|move|p2a: Ting-Lu|Stealth Rock|p1a: Alomomola
|-sidestart|p1: mythiixx|move: Stealth Rock
|
|upkeep
|turn|8
|
|t:|1781299078
|switch|p2a: Rillaboom|Rillaboom, F|100/100
|-fieldstart|move: Grassy Terrain|[from] ability: Grassy Surge|[of] p2a: Rillaboom
|move|p1a: Alomomola|Flip Turn|p2a: Rillaboom
|-resisted|p2a: Rillaboom
|-damage|p2a: Rillaboom|92/100
|j| nelsoNJ
|
|t:|1781299081
|switch|p1a: Pecharunt|Pecharunt|93/100|[from] Flip Turn
|
|-heal|p2a: Rillaboom|98/100|[from] Grassy Terrain
|-heal|p1a: Pecharunt|99/100|[from] Grassy Terrain
|upkeep
|turn|9
|
|t:|1781299084
|move|p2a: Rillaboom|Knock Off|p1a: Pecharunt
|-supereffective|p1a: Pecharunt
|-damage|p1a: Pecharunt|52/100
|-enditem|p1a: Pecharunt|Heavy-Duty Boots|[from] move: Knock Off|[of] p2a: Rillaboom
|move|p1a: Pecharunt|Malignant Chain|p2a: Rillaboom
|-supereffective|p2a: Rillaboom
|-damage|p2a: Rillaboom|12/100
|
|-heal|p2a: Rillaboom|18/100|[from] Grassy Terrain
|-heal|p1a: Pecharunt|58/100|[from] Grassy Terrain
|upkeep
|turn|10
|
|t:|1781299107
|switch|p2a: Raging Bolt|Raging Bolt|100/100
|move|p1a: Pecharunt|Recover|p1a: Pecharunt
|-heal|p1a: Pecharunt|100/100
|
|upkeep
|turn|11
|
|t:|1781299110
|move|p2a: Raging Bolt|Volt Switch|p1a: Pecharunt
|-damage|p1a: Pecharunt|36/100
|
|t:|1781299114
|-end|p2a: Raging Bolt|Protosynthesis|[silent]
|switch|p2a: Great Tusk|Great Tusk|100/100|[from] Volt Switch
|move|p1a: Pecharunt|Parting Shot|p2a: Great Tusk
|-unboost|p2a: Great Tusk|atk|1
|-unboost|p2a: Great Tusk|spa|1
|
|t:|1781299120
|switch|p1a: Iron Valiant|Iron Valiant, shiny|100/100|[from] Parting Shot
|-damage|p1a: Iron Valiant|94/100|[from] Stealth Rock
|
|-heal|p1a: Iron Valiant|100/100|[from] Grassy Terrain
|upkeep
|turn|12
|
|t:|1781299131
|-terastallize|p2a: Great Tusk|Steel
|move|p1a: Iron Valiant|Shadow Ball|p2a: Great Tusk
|-damage|p2a: Great Tusk|41/100
|move|p2a: Great Tusk|Headlong Rush|p1a: Iron Valiant
|-damage|p1a: Iron Valiant|48/100
|-unboost|p2a: Great Tusk|def|1
|-unboost|p2a: Great Tusk|spd|1
|
|-heal|p1a: Iron Valiant|54/100|[from] Grassy Terrain
|-heal|p2a: Great Tusk|47/100|[from] Grassy Terrain
|-fieldend|move: Grassy Terrain
|upkeep
|turn|13
|
|t:|1781299137
|-end|p2a: Great Tusk|Protosynthesis|[silent]
|switch|p2a: Ting-Lu|Ting-Lu|100/100
|-ability|p2a: Ting-Lu|Vessel of Ruin
|move|p1a: Iron Valiant|Shadow Ball|p2a: Ting-Lu
|-resisted|p2a: Ting-Lu
|-damage|p2a: Ting-Lu|93/100
|
|-heal|p2a: Ting-Lu|99/100|[from] item: Leftovers
|upkeep
|turn|14
|
|t:|1781299147
|-end|p1a: Iron Valiant|Quark Drive|[silent]
|switch|p1a: Alomomola|Alomomola, M, shiny|100/100
|-damage|p1a: Alomomola|88/100|[from] Stealth Rock
|switch|p2a: Raging Bolt|Raging Bolt|100/100
|
|upkeep
|turn|15
|
|t:|1781299155
|move|p2a: Raging Bolt|Volt Switch|p1a: Alomomola
|-supereffective|p1a: Alomomola
|-damage|p1a: Alomomola|24/100
|
|t:|1781299162
|-end|p2a: Raging Bolt|Protosynthesis|[silent]
|switch|p2a: Great Tusk|Great Tusk, tera:Steel|47/100|[from] Volt Switch
|move|p1a: Alomomola|Mirror Coat|p2a: Great Tusk
|-damage|p2a: Great Tusk|0 fnt
|faint|p2a: Great Tusk
|-end|p2a: Great Tusk|Protosynthesis|[silent]
|
|upkeep
|
|t:|1781299164
|switch|p2a: Rillaboom|Rillaboom, F|18/100
|-fieldstart|move: Grassy Terrain|[from] ability: Grassy Surge|[of] p2a: Rillaboom
|turn|16
|
|t:|1781299169
|switch|p1a: Pecharunt|Pecharunt|36/100
|-damage|p1a: Pecharunt|23/100|[from] Stealth Rock
|move|p2a: Rillaboom|Knock Off|p1a: Pecharunt
|-supereffective|p1a: Pecharunt
|-damage|p1a: Pecharunt|0 fnt
|faint|p1a: Pecharunt
|
|-heal|p2a: Rillaboom|24/100|[from] Grassy Terrain
|upkeep
|
|t:|1781299176
|switch|p1a: Cinderace|Cinderace, M, shiny|100/100
|turn|17
|
|t:|1781299179
|switch|p2a: Raging Bolt|Raging Bolt|100/100
|move|p1a: Cinderace|Court Change|p1a: Cinderace
|-start|p1a: Cinderace|typechange|Normal|[from] ability: Libero
|-swapsideconditions
|-activate|p1a: Cinderace|move: Court Change
|
|upkeep
|turn|18
|l| nelsoNJ
|
|t:|1781299182
|move|p1a: Cinderace|U-turn|p2a: Raging Bolt
|-damage|p2a: Raging Bolt|78/100
|
|t:|1781299184
|switch|p1a: Landorus|Landorus-Therian, M, shiny|18/100|[from] U-turn
|-ability|p1a: Landorus|Intimidate|boost
|-unboost|p2a: Raging Bolt|atk|1
|move|p2a: Raging Bolt|Draco Meteor|p1a: Landorus
|-damage|p1a: Landorus|0 fnt
|-unboost|p2a: Raging Bolt|spa|2
|faint|p1a: Landorus
|
|-heal|p2a: Raging Bolt|84/100|[from] Grassy Terrain
|upkeep
|
|t:|1781299190
|switch|p1a: Iron Valiant|Iron Valiant, shiny|54/100
|turn|19
|
|t:|1781299201
|move|p1a: Iron Valiant|Moonblast|p2a: Raging Bolt
|-supereffective|p2a: Raging Bolt
|-damage|p2a: Raging Bolt|0 fnt
|faint|p2a: Raging Bolt
|-end|p2a: Raging Bolt|Protosynthesis|[silent]
|
|-heal|p1a: Iron Valiant|61/100|[from] Grassy Terrain
|upkeep
|
|t:|1781299204
|switch|p2a: Skeledirge|Skeledirge, F|57/100
|turn|20
|
|t:|1781299211
|-end|p1a: Iron Valiant|Quark Drive|[silent]
|switch|p1a: Hoopa|Hoopa-Unbound|100/100
|move|p2a: Skeledirge|Slack Off|p2a: Skeledirge
|-heal|p2a: Skeledirge|100/100
|
|-fieldend|move: Grassy Terrain
|upkeep
|turn|21
|
|t:|1781299216
|switch|p2a: Ting-Lu|Ting-Lu|99/100
|-damage|p2a: Ting-Lu|93/100|[from] Stealth Rock
|-ability|p2a: Ting-Lu|Vessel of Ruin
|move|p1a: Hoopa|Hyperspace Fury|p2a: Ting-Lu
|-resisted|p2a: Ting-Lu
|-crit|p2a: Ting-Lu
|-damage|p2a: Ting-Lu|52/100
|-unboost|p1a: Hoopa|def|1
|
|-heal|p2a: Ting-Lu|58/100|[from] item: Leftovers
|upkeep
|turn|22
|
|t:|1781299221
|switch|p1a: Iron Valiant|Iron Valiant, shiny|61/100
|move|p2a: Ting-Lu|Stealth Rock|p1a: Iron Valiant
|-sidestart|p1: mythiixx|move: Stealth Rock
|
|-heal|p2a: Ting-Lu|64/100|[from] item: Leftovers
|upkeep
|turn|23
|
|t:|1781299227
|move|p1a: Iron Valiant|Shadow Ball|p2a: Ting-Lu
|-resisted|p2a: Ting-Lu
|-damage|p2a: Ting-Lu|56/100
|move|p2a: Ting-Lu|Heavy Slam|p1a: Iron Valiant
|-supereffective|p1a: Iron Valiant
|-damage|p1a: Iron Valiant|0 fnt
|faint|p1a: Iron Valiant
|-end|p1a: Iron Valiant|Quark Drive|[silent]
|
|-heal|p2a: Ting-Lu|62/100|[from] item: Leftovers
|upkeep
|
|t:|1781299230
|switch|p1a: Hoopa|Hoopa-Unbound|100/100
|-damage|p1a: Hoopa|88/100|[from] Stealth Rock
|turn|24
|
|t:|1781299235
|move|p1a: Hoopa|Drain Punch|p2a: Ting-Lu
|-supereffective|p2a: Ting-Lu
|-damage|p2a: Ting-Lu|4/100
|-heal|p1a: Hoopa|100/100|[from] drain|[of] p2a: Ting-Lu
|move|p2a: Ting-Lu|Ruination|p1a: Hoopa
|-damage|p1a: Hoopa|51/100
|
|-heal|p2a: Ting-Lu|11/100|[from] item: Leftovers
|upkeep
|turn|25
|
|t:|1781299243
|switch|p1a: Alomomola|Alomomola, M, shiny|57/100
|-damage|p1a: Alomomola|45/100|[from] Stealth Rock
|switch|p2a: Skeledirge|Skeledirge, F|100/100
|
|upkeep
|turn|26
|
|t:|1781299250
|move|p2a: Skeledirge|Will-O-Wisp|p1a: Alomomola
|-status|p1a: Alomomola|brn
|move|p1a: Alomomola|Flip Turn|p2a: Skeledirge
|-supereffective|p2a: Skeledirge
|-damage|p2a: Skeledirge|87/100
|
|t:|1781299279
|switch|p1a: Hoopa|Hoopa-Unbound|51/100|[from] Flip Turn
|-damage|p1a: Hoopa|38/100|[from] Stealth Rock
|
|upkeep
|turn|27
|
|t:|1781299285
|switch|p2a: Ting-Lu|Ting-Lu|11/100
|-damage|p2a: Ting-Lu|4/100|[from] Stealth Rock
|-ability|p2a: Ting-Lu|Vessel of Ruin
|move|p1a: Hoopa|Knock Off|p2a: Ting-Lu
|-resisted|p2a: Ting-Lu
|-damage|p2a: Ting-Lu|0 fnt
|-enditem|p2a: Ting-Lu|Leftovers|[from] move: Knock Off|[of] p1a: Hoopa
|faint|p2a: Ting-Lu
|
|upkeep
|
|t:|1781299288
|switch|p2a: Rillaboom|Rillaboom, F|24/100
|-damage|p2a: Rillaboom|12/100|[from] Stealth Rock
|-fieldstart|move: Grassy Terrain|[from] ability: Grassy Surge|[of] p2a: Rillaboom
|turn|28
|
|t:|1781299300
|switch|p1a: Alomomola|Alomomola, M, shiny|78/100 brn
|-damage|p1a: Alomomola|66/100 brn|[from] Stealth Rock
|move|p2a: Rillaboom|Knock Off|p1a: Alomomola
|-damage|p1a: Alomomola|29/100 brn
|-enditem|p1a: Alomomola|Assault Vest|[from] move: Knock Off|[of] p2a: Rillaboom
|
|-heal|p2a: Rillaboom|18/100|[from] Grassy Terrain
|-heal|p1a: Alomomola|36/100 brn|[from] Grassy Terrain
|-damage|p1a: Alomomola|29/100 brn|[from] brn
|upkeep
|turn|29
|inactive|Battle timer is ON: inactive players will automatically lose when time's up. (requested by Igoodnamename)
|
|t:|1781299339
|move|p2a: Rillaboom|Knock Off|p1a: Alomomola
|-damage|p1a: Alomomola|2/100 brn
|move|p1a: Alomomola|Flip Turn|p2a: Rillaboom
|-resisted|p2a: Rillaboom
|-crit|p2a: Rillaboom
|-damage|p2a: Rillaboom|11/100
|
|t:|1781299346
|switch|p1a: Cinderace|Cinderace, M, shiny|100/100|[from] Flip Turn
|
|-heal|p2a: Rillaboom|17/100|[from] Grassy Terrain
|upkeep
|turn|30
|
|t:|1781299353
|switch|p2a: Skeledirge|Skeledirge, F|87/100
|move|p1a: Cinderace|U-turn|p2a: Skeledirge
|-start|p1a: Cinderace|typechange|Bug|[from] ability: Libero
|-resisted|p2a: Skeledirge
|-damage|p2a: Skeledirge|81/100
|
|t:|1781299368
|switch|p1a: Hoopa|Hoopa-Unbound|38/100|[from] U-turn
|-damage|p1a: Hoopa|26/100|[from] Stealth Rock
|
|-heal|p1a: Hoopa|32/100|[from] Grassy Terrain
|-heal|p2a: Skeledirge|87/100|[from] Grassy Terrain
|upkeep
|turn|31
|
|t:|1781299373
|move|p1a: Hoopa|Hyperspace Fury|p2a: Skeledirge
|-supereffective|p2a: Skeledirge
|-damage|p2a: Skeledirge|0 fnt
|-unboost|p1a: Hoopa|def|1
|faint|p2a: Skeledirge
|
|-heal|p1a: Hoopa|38/100|[from] Grassy Terrain
|upkeep
|
|t:|1781299375
|switch|p2a: Rillaboom|Rillaboom, F|17/100
|-damage|p2a: Rillaboom|5/100|[from] Stealth Rock
|turn|32
|
|t:|1781299385
|move|p2a: Rillaboom|Grassy Glide|p1a: Hoopa
|-damage|p1a: Hoopa|0 fnt
|faint|p1a: Hoopa
|
|-heal|p2a: Rillaboom|11/100|[from] Grassy Terrain
|-fieldend|move: Grassy Terrain
|upkeep
|
|t:|1781299387
|switch|p1a: Cinderace|Cinderace, M, shiny|100/100
|turn|33
|
|t:|1781299389
|move|p1a: Cinderace|U-turn|p2a: Rillaboom
|-start|p1a: Cinderace|typechange|Bug|[from] ability: Libero
|-supereffective|p2a: Rillaboom
|-damage|p2a: Rillaboom|0 fnt
|faint|p2a: Rillaboom
|
|win|mythiixx
|raw|mythiixx's rating: 1811 &rarr; <strong>1828</strong><br />(+17 for winning)
|raw|Igoodnamename's rating: 1755 &rarr; <strong>1738</strong><br />(-17 for losing)
|l|☆Igoodnamename
|player|p2|
