|j|☆myree
|j|☆Nikocado Allahcado
|t:|1781376478
|gametype|singles
|player|p1|myree|benga|1623
|player|p2|Nikocado Allahcado|hiker-gen4|1632
|gen|9
|tier|[Gen 9] OU
|rated|
|rule|HP Percentage Mod: HP is shown in percentages
|rule|Endless Battle Clause: Forcing endless battles is banned
|rule|Species Clause: Limit one of each Pokémon
|rule|OHKO Clause: OHKO moves are banned
|rule|Evasion Items Clause: Evasion items are banned
|rule|Evasion Moves Clause: Evasion moves are banned
|rule|Evasion Abilities Clause: Evasion abilities are banned
|rule|Sleep Moves Clause: Sleep-inducing moves are banned
|clearpoke
|poke|p1|Iron Valiant|
|poke|p1|Ogerpon-Cornerstone, F|
|poke|p1|Iron Treads|
|poke|p1|Fezandipiti, M|
|poke|p1|Samurott-Hisui, F|
|poke|p1|Goodra-Hisui, M|
|poke|p2|Pecharunt|
|poke|p2|Cloyster, M|
|poke|p2|Deoxys-Speed|
|poke|p2|Samurott-Hisui, F|
|poke|p2|Darkrai|
|poke|p2|Ceruledge, M|
|teampreview
|
|t:|1781376490
|teamsize|p1|6
|teamsize|p2|6
|start
|switch|p1a: Samurott|Samurott-Hisui, F|100/100
|switch|p2a: Samurott|Samurott-Hisui, F|100/100
|turn|1
|
|t:|1781376494
|move|p2a: Samurott|Ceaseless Edge|p1a: Samurott|[miss]
|-miss|p2a: Samurott|p1a: Samurott
|move|p1a: Samurott|Sacred Sword|p2a: Samurott
|-supereffective|p2a: Samurott
|-enditem|p2a: Samurott|Focus Sash
|-damage|p2a: Samurott|1/100
|
|upkeep
|turn|2
|
|t:|1781376499
|move|p1a: Samurott|Sucker Punch||[still]
|-fail|p1a: Samurott
|move|p2a: Samurott|Encore|p1a: Samurott
|-start|p1a: Samurott|Encore
|
|upkeep
|turn|3
|
|t:|1781376508
|move|p1a: Samurott|Sucker Punch|p2a: Samurott
|-resisted|p2a: Samurott
|-damage|p2a: Samurott|0 fnt
|faint|p2a: Samurott
|
|upkeep
|
|t:|1781376511
|switch|p2a: Cloyster|Cloyster, M|100/100
|turn|4
|j| ShimAAzu
|
|t:|1781376526
|switch|p1a: Prof. Goo-D.|Goodra-Hisui, M|100/100
|move|p2a: Cloyster|Shell Smash|p2a: Cloyster
|-unboost|p2a: Cloyster|def|1
|-unboost|p2a: Cloyster|spd|1
|-boost|p2a: Cloyster|atk|2
|-boost|p2a: Cloyster|spa|2
|-boost|p2a: Cloyster|spe|2
|
|upkeep
|turn|5
|
|t:|1781376529
|move|p2a: Cloyster|Icicle Spear|p1a: Prof. Goo-D.
|-damage|p1a: Prof. Goo-D.|70/100
|-damage|p1a: Prof. Goo-D.|40/100
|-damage|p1a: Prof. Goo-D.|11/100
|-damage|p1a: Prof. Goo-D.|0 fnt
|faint|p1a: Prof. Goo-D.
|-hitcount|p1: Prof. Goo-D.|4
|
|upkeep
|
|t:|1781376542
|switch|p1a: fezanskibidi|Fezandipiti, M|100/100
|-item|p1a: fezanskibidi|Air Balloon
|turn|6
|
|t:|1781376545
|-terastallize|p1a: fezanskibidi|Water
|move|p2a: Cloyster|Icicle Spear|p1a: fezanskibidi
|-resisted|p1a: fezanskibidi
|-damage|p1a: fezanskibidi|85/100
|-enditem|p1a: fezanskibidi|Air Balloon
|-resisted|p1a: fezanskibidi
|-damage|p1a: fezanskibidi|68/100
|-resisted|p1a: fezanskibidi
|-damage|p1a: fezanskibidi|53/100
|-resisted|p1a: fezanskibidi
|-damage|p1a: fezanskibidi|36/100
|-resisted|p1a: fezanskibidi
|-damage|p1a: fezanskibidi|19/100
|-hitcount|p1a: fezanskibidi|5
|move|p1a: fezanskibidi|Moonblast|p2a: Cloyster
|-damage|p2a: Cloyster|0 fnt
|faint|p2a: Cloyster
|
|upkeep
|
|t:|1781376556
|switch|p2a: Darkrai|Darkrai|100/100
|turn|7
|
|t:|1781376569
|move|p2a: Darkrai|Sludge Bomb|p1a: fezanskibidi
|-damage|p1a: fezanskibidi|0 fnt
|faint|p1a: fezanskibidi
|-damage|p2a: Darkrai|91/100|[from] item: Life Orb
|
|upkeep
|
|t:|1781376579
|switch|p1a: Samurott|Samurott-Hisui, F|100/100
|turn|8
|
|t:|1781376582
|move|p2a: Darkrai|Focus Blast|p1a: Samurott
|-supereffective|p1a: Samurott
|-damage|p1a: Samurott|7/100
|-damage|p2a: Darkrai|81/100|[from] item: Life Orb
|move|p1a: Samurott|Sacred Sword|p2a: Darkrai
|-supereffective|p2a: Darkrai
|-damage|p2a: Darkrai|0 fnt
|faint|p2a: Darkrai
|
|upkeep
|
|t:|1781376592
|switch|p2a: Pecharunt|Pecharunt|100/100
|-item|p2a: Pecharunt|Air Balloon
|turn|9
|
|t:|1781376635
|move|p1a: Samurott|Sucker Punch|p2a: Pecharunt
|-supereffective|p2a: Pecharunt
|-damage|p2a: Pecharunt|47/100
|-enditem|p2a: Pecharunt|Air Balloon
|move|p2a: Pecharunt|Shadow Ball|p1a: Samurott
|-resisted|p1a: Samurott
|-damage|p1a: Samurott|0 fnt
|faint|p1a: Samurott
|
|upkeep
|
|t:|1781376641
|switch|p1a: best treadist|Iron Treads|100/100
|turn|10
|
|t:|1781376645
|move|p2a: Pecharunt|Shadow Ball|p1a: best treadist
|-damage|p1a: best treadist|63/100
|move|p1a: best treadist|Earthquake|p2a: Pecharunt
|-supereffective|p2a: Pecharunt
|-damage|p2a: Pecharunt|0 fnt
|faint|p2a: Pecharunt
|
|upkeep
|
|t:|1781376647
|switch|p2a: Deoxys|Deoxys-Speed|100/100
|-ability|p2a: Deoxys|Pressure
|turn|11
|inactive|Battle timer is ON: inactive players will automatically lose when time's up. (requested by Nikocado Allahcado)
|
|t:|1781376670
|move|p2a: Deoxys|Taunt|p1a: best treadist
|-start|p1a: best treadist|move: Taunt
|move|p1a: best treadist|Earthquake|p2a: Deoxys
|-damage|p2a: Deoxys|42/100
|
|upkeep
|turn|12
|
|t:|1781376674
|move|p2a: Deoxys|Reflect|p2a: Deoxys
|-sidestart|p2: Nikocado Allahcado|Reflect
|move|p1a: best treadist|Earthquake|p2a: Deoxys
|-damage|p2a: Deoxys|11/100
|
|upkeep
|turn|13
|
|t:|1781376682
|move|p2a: Deoxys|Light Screen|p2a: Deoxys
|-sidestart|p2: Nikocado Allahcado|move: Light Screen
|move|p1a: best treadist|Rapid Spin|p2a: Deoxys
|-damage|p2a: Deoxys|1/100
|-boost|p1a: best treadist|spe|1
|
|-end|p1a: best treadist|move: Taunt
|upkeep
|turn|14
|
|t:|1781376689
|move|p2a: Deoxys|Psycho Boost|p1a: best treadist
|-resisted|p1a: best treadist
|-damage|p1a: best treadist|34/100
|-unboost|p2a: Deoxys|spa|2
|move|p1a: best treadist|Rapid Spin|p2a: Deoxys
|-damage|p2a: Deoxys|0 fnt
|-boost|p1a: best treadist|spe|1
|faint|p2a: Deoxys
|
|upkeep
|
|t:|1781376691
|switch|p2a: Ceruledge|Ceruledge, M|100/100
|turn|15
|
|t:|1781376696
|-end|p1a: best treadist|Quark Drive|[silent]
|switch|p1a: Iron Valiant|Iron Valiant|100/100
|-terastallize|p2a: Ceruledge|Ghost
|move|p2a: Ceruledge|Swords Dance|p2a: Ceruledge
|-boost|p2a: Ceruledge|atk|2
|
|upkeep
|turn|16
|
|t:|1781376702
|move|p1a: Iron Valiant|Encore|p2a: Ceruledge
|-start|p2a: Ceruledge|Encore
|move|p2a: Ceruledge|Swords Dance|p2a: Ceruledge
|-boost|p2a: Ceruledge|atk|2
|
|upkeep
|turn|17
|
|t:|1781376710
|move|p1a: Iron Valiant|Moonblast|p2a: Ceruledge
|-damage|p2a: Ceruledge|73/100
|move|p2a: Ceruledge|Swords Dance|p2a: Ceruledge
|-boost|p2a: Ceruledge|atk|2
|
|upkeep
|turn|18
|
|t:|1781376714
|move|p1a: Iron Valiant|Moonblast|p2a: Ceruledge
|-damage|p2a: Ceruledge|44/100
|move|p2a: Ceruledge|Swords Dance|p2a: Ceruledge
|-boost|p2a: Ceruledge|atk|0
|
|-end|p2a: Ceruledge|Encore
|upkeep
|turn|19
|
|t:|1781376720
|move|p2a: Ceruledge|Shadow Sneak|p1a: Iron Valiant
|-damage|p1a: Iron Valiant|0 fnt
|faint|p1a: Iron Valiant
|-end|p1a: Iron Valiant|Quark Drive|[silent]
|-damage|p2a: Ceruledge|34/100|[from] item: Life Orb
|
|-sideend|p2: Nikocado Allahcado|Reflect
|upkeep
|
|t:|1781376726
|switch|p1a: roxc-bree|Ogerpon-Cornerstone, F|100/100
|turn|20
|
|t:|1781376729
|move|p2a: Ceruledge|Shadow Sneak|p1a: roxc-bree
|-ability|p1a: roxc-bree|Sturdy
|-damage|p1a: roxc-bree|1/100
|-damage|p2a: Ceruledge|24/100|[from] item: Life Orb
|move|p1a: roxc-bree|Ivy Cudgel|p2a: Ceruledge|[anim] Ivy Cudgel Rock
|-damage|p2a: Ceruledge|0 fnt
|faint|p2a: Ceruledge
|
|win|myree
|raw|myree's rating: 1623 &rarr; <strong>1644</strong><br />(+21 for winning)
|raw|Nikocado Allahcado's rating: 1632 &rarr; <strong>1611</strong><br />(-21 for losing)
|l| ShimAAzu
|l|☆Nikocado Allahcado
|player|p2|
