|j|☆Jet Pilot Skyla
|j|☆billythekid95
|t:|1781097007
|gametype|singles
|player|p1|Jet Pilot Skyla|skyla|1547
|player|p2|billythekid95|1|1555
|gen|9
|tier|[Gen 9] OU
|rated|
|rule|HP Percentage Mod: HP is shown in percentages
|rule|Endless Battle Clause: Forcing endless battles is banned
|rule|Species Clause: Limit one of each Pokémon
|rule|OHKO Clause: OHKO moves are banned
|rule|Evasion Items Clause: Evasion items are banned
|rule|Evasion Moves Clause: Evasion moves are banned
|rule|Evasion Abilities Clause: Evasion abilities are banned
|rule|Sleep Moves Clause: Sleep-inducing moves are banned
|clearpoke
|poke|p1|Porygon-Z|
|poke|p1|Lokix, M|
|poke|p1|Cinderace, M|
|poke|p1|Great Tusk|
|poke|p1|Slowking-Galar, M|
|poke|p1|Alomomola, M|
|poke|p2|Okidogi, M|
|poke|p2|Kingambit, F|
|poke|p2|Ninetales-Alola, M|
|poke|p2|Regieleki|
|poke|p2|Latias, F|
|poke|p2|Landorus-Therian, M|
|teampreview
|inactive|Battle timer is ON: inactive players will automatically lose when time's up. (requested by Jet Pilot Skyla)
|inactive|billythekid95 has 120 seconds left.
|
|t:|1781097040
|teamsize|p1|6
|teamsize|p2|6
|start
|switch|p1a: Red Card Apologist|Cinderace, M|100/100
|switch|p2a: Landorus|Landorus-Therian, M|100/100
|-ability|p2a: Landorus|Intimidate|boost
|-unboost|p1a: Red Card Apologist|atk|1
|turn|1
|
|t:|1781097046
|move|p1a: Red Card Apologist|U-turn|p2a: Landorus
|-start|p1a: Red Card Apologist|typechange|Bug|[from] ability: Libero
|-resisted|p2a: Landorus
|-damage|p2a: Landorus|90/100
|-damage|p1a: Red Card Apologist|84/100|[from] item: Rocky Helmet|[of] p2a: Landorus
|
|t:|1781097049
|switch|p1a: da Fish|Alomomola, M|100/100|[from] U-turn
|move|p2a: Landorus|Earthquake|p1a: da Fish
|-damage|p1a: da Fish|72/100
|-enditem|p1a: da Fish|Eject Button
|
|t:|1781097053
|switch|p1a: Shoop da Woop|Porygon-Z|100/100
|-ability|p1a: Shoop da Woop|Download|boost
|-boost|p1a: Shoop da Woop|spa|1
|
|upkeep
|turn|2
|
|t:|1781097066
|move|p2a: Landorus|Earthquake|p1a: Shoop da Woop
|-damage|p1a: Shoop da Woop|28/100
|move|p1a: Shoop da Woop|Tri Attack|p2a: Landorus
|-damage|p2a: Landorus|0 fnt
|faint|p2a: Landorus
|
|upkeep
|
|t:|1781097082
|switch|p2a: Ninetales|Ninetales-Alola, M|100/100
|-weather|Snowscape|[from] ability: Snow Warning|[of] p2a: Ninetales
|turn|3
|
|t:|1781097086
|switch|p1a: Red Card Apologist|Cinderace, M|84/100
|move|p2a: Ninetales|Aurora Veil|p2a: Ninetales
|-sidestart|p2: billythekid95|move: Aurora Veil
|
|-weather|Snowscape|[upkeep]
|upkeep
|turn|4
|
|t:|1781097091
|move|p1a: Red Card Apologist|Court Change|p1a: Red Card Apologist
|-start|p1a: Red Card Apologist|typechange|Normal|[from] ability: Libero
|-swapsideconditions
|-activate|p1a: Red Card Apologist|move: Court Change
|move|p2a: Ninetales|Encore|p1a: Red Card Apologist
|-start|p1a: Red Card Apologist|Encore
|
|-weather|Snowscape|[upkeep]
|upkeep
|turn|5
|
|t:|1781097100
|switch|p1a: Brain Damage|Slowking-Galar, M|100/100
|move|p2a: Ninetales|Aurora Veil|p2a: Ninetales
|-sidestart|p2: billythekid95|move: Aurora Veil
|
|-weather|Snowscape|[upkeep]
|upkeep
|turn|6
|
|t:|1781097107
|switch|p2a: Kingambit|Kingambit, F|100/100
|-activate|p2a: Kingambit|ability: Supreme Overlord
|-start|p2a: Kingambit|fallen1|[silent]
|-prepare|p1a: Brain Damage|Chilly Reception|[premajor]
|move|p1a: Brain Damage|Chilly Reception|p1a: Brain Damage
|
|t:|1781097114
|switch|p1a: Red Card Apologist|Cinderace, M|84/100|[from] Chilly Reception
|
|-weather|Snowscape|[upkeep]
|upkeep
|turn|7
|
|t:|1781097119
|move|p1a: Red Card Apologist|Pyro Ball|p2a: Kingambit
|-supereffective|p2a: Kingambit
|-damage|p2a: Kingambit|55/100
|move|p2a: Kingambit|Kowtow Cleave|p1a: Red Card Apologist
|-damage|p1a: Red Card Apologist|44/100
|
|-weather|none
|upkeep
|turn|8
|
|t:|1781097127
|move|p1a: Red Card Apologist|U-turn|p2a: Kingambit
|-start|p1a: Red Card Apologist|typechange|Bug|[from] ability: Libero
|-crit|p2a: Kingambit
|-damage|p2a: Kingambit|17/100
|
|t:|1781097130
|switch|p1a: Cheese Hater|Great Tusk|100/100|[from] U-turn
|move|p2a: Kingambit|Kowtow Cleave|p1a: Cheese Hater
|-resisted|p1a: Cheese Hater
|-damage|p1a: Cheese Hater|91/100
|
|upkeep
|turn|9
|
|t:|1781097140
|-end|p2a: Kingambit|fallen1|[silent]
|switch|p2a: Ninetales|Ninetales-Alola, M|100/100
|-weather|Snowscape|[from] ability: Snow Warning|[of] p2a: Ninetales
|move|p1a: Cheese Hater|Stealth Rock|p2a: Ninetales
|-sidestart|p2: billythekid95|move: Stealth Rock
|
|-weather|Snowscape|[upkeep]
|upkeep
|turn|10
|
|t:|1781097148
|-end|p1a: Cheese Hater|Protosynthesis|[silent]
|switch|p1a: Brain Damage|Slowking-Galar, M|100/100
|move|p2a: Ninetales|Moonblast|p1a: Brain Damage
|-resisted|p1a: Brain Damage
|-damage|p1a: Brain Damage|96/100
|-unboost|p1a: Brain Damage|spa|1
|
|-weather|Snowscape|[upkeep]
|-sideend|p1: Jet Pilot Skyla|move: Aurora Veil
|upkeep
|turn|11
|
|t:|1781097156
|switch|p2a: Regieleki|Regieleki|100/100
|move|p1a: Brain Damage|Sludge Bomb|p2a: Regieleki
|-damage|p2a: Regieleki|77/100
|
|-weather|Snowscape|[upkeep]
|upkeep
|turn|12
|
|t:|1781097164
|switch|p1a: Cheese Hater|Great Tusk|91/100
|move|p2a: Regieleki|Rapid Spin|p1a: Cheese Hater
|-damage|p1a: Cheese Hater|84/100
|-boost|p2a: Regieleki|spe|1
|-sideend|p2: billythekid95|Stealth Rock|[from] move: Rapid Spin|[of] p2a: Regieleki
|
|-weather|Snowscape|[upkeep]
|-sideend|p2: billythekid95|move: Aurora Veil
|upkeep
|turn|13
|
|t:|1781097173
|switch|p2a: Ninetales|Ninetales-Alola, M|100/100
|move|p1a: Cheese Hater|Stealth Rock|p2a: Ninetales
|-sidestart|p2: billythekid95|move: Stealth Rock
|
|-weather|none
|upkeep
|turn|14
|
|t:|1781097178
|switch|p2a: Regieleki|Regieleki|77/100
|-end|p1a: Cheese Hater|Protosynthesis|[silent]
|switch|p1a: Brain Damage|Slowking-Galar, M|100/100
|
|upkeep
|turn|15
|
|t:|1781097184
|move|p2a: Regieleki|Rapid Spin|p1a: Brain Damage
|-damage|p1a: Brain Damage|93/100
|-boost|p2a: Regieleki|spe|1
|-sideend|p2: billythekid95|Stealth Rock|[from] move: Rapid Spin|[of] p2a: Regieleki
|move|p1a: Brain Damage|Sludge Bomb|p2a: Regieleki
|-damage|p2a: Regieleki|7/100
|
|upkeep
|turn|16
|
|t:|1781097195
|move|p2a: Regieleki|Volt Switch|p1a: Brain Damage
|-damage|p1a: Brain Damage|60/100
|
|t:|1781097199
|switch|p2a: Kingambit|Kingambit, F|17/100|[from] Volt Switch
|-activate|p2a: Kingambit|ability: Supreme Overlord
|-start|p2a: Kingambit|fallen1|[silent]
|move|p1a: Brain Damage|Sludge Bomb|p2a: Kingambit
|-immune|p2a: Kingambit
|
|upkeep
|turn|17
|
|t:|1781097207
|switch|p1a: Cheese Hater|Great Tusk|84/100
|move|p2a: Kingambit|Iron Head|p1a: Cheese Hater
|-damage|p1a: Cheese Hater|45/100
|
|upkeep
|turn|18
|
|t:|1781097213
|move|p1a: Cheese Hater|Headlong Rush|p2a: Kingambit
|-supereffective|p2a: Kingambit
|-damage|p2a: Kingambit|0 fnt
|-unboost|p1a: Cheese Hater|def|1
|-unboost|p1a: Cheese Hater|spd|1
|faint|p2a: Kingambit
|-end|p2a: Kingambit|fallen1|[silent]
|
|upkeep
|
|t:|1781097225
|switch|p2a: Ninetales|Ninetales-Alola, M|100/100
|-weather|Snowscape|[from] ability: Snow Warning|[of] p2a: Ninetales
|turn|19
|
|t:|1781097233
|-end|p1a: Cheese Hater|Protosynthesis|[silent]
|switch|p1a: Red Card Apologist|Cinderace, M|44/100
|move|p2a: Ninetales|Moonblast|p1a: Red Card Apologist
|-resisted|p1a: Red Card Apologist
|-damage|p1a: Red Card Apologist|23/100
|
|-weather|Snowscape|[upkeep]
|upkeep
|turn|20
|
|t:|1781097241
|move|p1a: Red Card Apologist|Pyro Ball|p2a: Ninetales
|-supereffective|p2a: Ninetales
|-damage|p2a: Ninetales|5/100
|move|p2a: Ninetales|Aurora Veil|p2a: Ninetales
|-sidestart|p2: billythekid95|move: Aurora Veil
|
|-weather|Snowscape|[upkeep]
|upkeep
|turn|21
|
|t:|1781097246
|move|p1a: Red Card Apologist|Court Change|p1a: Red Card Apologist
|-start|p1a: Red Card Apologist|typechange|Normal|[from] ability: Libero
|-swapsideconditions
|-activate|p1a: Red Card Apologist|move: Court Change
|move|p2a: Ninetales|Encore|p1a: Red Card Apologist
|-start|p1a: Red Card Apologist|Encore
|
|-weather|Snowscape|[upkeep]
|upkeep
|turn|22
|
|t:|1781097252
|switch|p1a: Brain Damage|Slowking-Galar, M|93/100
|move|p2a: Ninetales|Aurora Veil|p2a: Ninetales
|-sidestart|p2: billythekid95|move: Aurora Veil
|
|-weather|Snowscape|[upkeep]
|upkeep
|turn|23
|
|t:|1781097263
|switch|p2a: Regieleki|Regieleki|7/100
|-prepare|p1a: Brain Damage|Chilly Reception|[premajor]
|move|p1a: Brain Damage|Chilly Reception|p1a: Brain Damage
|
|t:|1781097266
|switch|p1a: Cheese Hater|Great Tusk|45/100|[from] Chilly Reception
|
|-weather|none
|upkeep
|turn|24
|
|t:|1781097272
|switch|p2a: Latias|Latias, F|100/100
|move|p1a: Cheese Hater|Rapid Spin|p2a: Latias
|-damage|p2a: Latias|93/100
|-boost|p1a: Cheese Hater|spe|1
|
|-heal|p2a: Latias|99/100|[from] item: Leftovers
|upkeep
|turn|25
|
|t:|1781097282
|move|p1a: Cheese Hater|Ice Spinner|p2a: Latias
|-supereffective|p2a: Latias
|-damage|p2a: Latias|79/100
|move|p2a: Latias|Calm Mind|p2a: Latias
|-boost|p2a: Latias|spa|1
|-boost|p2a: Latias|spd|1
|
|-heal|p2a: Latias|85/100|[from] item: Leftovers
|upkeep
|turn|26
|
|t:|1781097296
|move|p1a: Cheese Hater|Ice Spinner|p2a: Latias
|-supereffective|p2a: Latias
|-damage|p2a: Latias|62/100
|move|p2a: Latias|Agility|p2a: Latias
|-boost|p2a: Latias|spe|2
|
|-heal|p2a: Latias|68/100|[from] item: Leftovers
|upkeep
|turn|27
|
|t:|1781097305
|move|p2a: Latias|Calm Mind|p2a: Latias
|-boost|p2a: Latias|spa|1
|-boost|p2a: Latias|spd|1
|move|p1a: Cheese Hater|Ice Spinner|p2a: Latias
|-supereffective|p2a: Latias
|-damage|p2a: Latias|47/100
|
|-heal|p2a: Latias|53/100|[from] item: Leftovers
|-sideend|p1: Jet Pilot Skyla|move: Aurora Veil
|upkeep
|turn|28
|
|t:|1781097314
|-end|p1a: Cheese Hater|Protosynthesis|[silent]
|switch|p1a: Red Card Apologist|Cinderace, M|23/100
|move|p2a: Latias|Calm Mind|p2a: Latias
|-boost|p2a: Latias|spa|1
|-boost|p2a: Latias|spd|1
|
|-heal|p2a: Latias|59/100|[from] item: Leftovers
|upkeep
|turn|29
|
|t:|1781097323
|-terastallize|p2a: Latias|Fairy
|move|p2a: Latias|Draining Kiss|p1a: Red Card Apologist
|-resisted|p1a: Red Card Apologist
|-damage|p1a: Red Card Apologist|0 fnt
|-heal|p2a: Latias|74/100|[from] drain|[of] p1a: Red Card Apologist
|faint|p1a: Red Card Apologist
|
|-heal|p2a: Latias|80/100|[from] item: Leftovers
|-sideend|p2: billythekid95|move: Aurora Veil
|upkeep
|
|t:|1781097326
|switch|p1a: Blep|Lokix, M|100/100
|turn|30
|
|t:|1781097333
|-terastallize|p1a: Blep|Bug
|move|p1a: Blep|First Impression|p2a: Latias
|-resisted|p2a: Latias
|-damage|p2a: Latias|11/100
|move|p2a: Latias|Draining Kiss|p1a: Blep
|-damage|p1a: Blep|0 fnt
|-heal|p2a: Latias|69/100|[from] drain|[of] p1a: Blep
|faint|p1a: Blep
|
|-heal|p2a: Latias|75/100|[from] item: Leftovers
|upkeep
|-message|Jet Pilot Skyla forfeited.
|
|win|billythekid95
|raw|Jet Pilot Skyla's rating: 1547 &rarr; <strong>1527</strong><br />(-20 for losing)
|raw|billythekid95's rating: 1555 &rarr; <strong>1575</strong><br />(+20 for winning)
|l|☆Jet Pilot Skyla
|player|p1|
|l|☆billythekid95
|player|p2|
