|j|☆Uberzilla
|j|☆dsekop
|t:|1781577291
|gametype|singles
|player|p1|Uberzilla|miku-flying|1637
|player|p2|dsekop|unknown|1702
|gen|9
|tier|[Gen 9] OU
|rated|
|rule|HP Percentage Mod: HP is shown in percentages
|rule|Endless Battle Clause: Forcing endless battles is banned
|rule|Species Clause: Limit one of each Pokémon
|rule|OHKO Clause: OHKO moves are banned
|rule|Evasion Items Clause: Evasion items are banned
|rule|Evasion Moves Clause: Evasion moves are banned
|rule|Evasion Abilities Clause: Evasion abilities are banned
|rule|Sleep Moves Clause: Sleep-inducing moves are banned
|clearpoke
|poke|p1|Iron Valiant|
|poke|p1|Dragonite, M|
|poke|p1|Araquanid, F|
|poke|p1|Iron Moth|
|poke|p1|Great Tusk|
|poke|p1|Raging Bolt|
|poke|p2|Glimmora, M|
|poke|p2|Iron Treads|
|poke|p2|Polteageist-Antique|
|poke|p2|Raging Bolt|
|poke|p2|Dragonite, M|
|poke|p2|Zamazenta-*|
|teampreview
|inactive|Battle timer is ON: inactive players will automatically lose when time's up. (requested by dsekop)
|
|t:|1781577298
|teamsize|p1|6
|teamsize|p2|6
|start
|switch|p1a: Amnion|Araquanid, F|100/100
|switch|p2a: Iron Treads|Iron Treads|100/100
|-enditem|p2a: Iron Treads|Booster Energy
|-activate|p2a: Iron Treads|ability: Quark Drive|[fromitem]
|-start|p2a: Iron Treads|quarkdrivespe
|turn|1
|
|t:|1781577301
|move|p2a: Iron Treads|Stealth Rock|p1a: Amnion
|-sidestart|p1: Uberzilla|move: Stealth Rock
|move|p1a: Amnion|Liquidation|p2a: Iron Treads
|-supereffective|p2a: Iron Treads
|-damage|p2a: Iron Treads|15/100
|
|upkeep
|turn|2
|
|t:|1781577306
|move|p2a: Iron Treads|Endeavor|p1a: Amnion
|-damage|p1a: Amnion|16/100
|move|p1a: Amnion|Liquidation|p2a: Iron Treads
|-supereffective|p2a: Iron Treads
|-damage|p2a: Iron Treads|0 fnt
|faint|p2a: Iron Treads
|-end|p2a: Iron Treads|Quark Drive|[silent]
|
|upkeep
|
|t:|1781577312
|switch|p2a: 快龙一定要快|Dragonite, M|100/100
|turn|3
|-enditem|p1a: Amnion|Custap Berry|[eat]
|-activate|p1a: Amnion|item: Custap Berry|[consumed]
|
|t:|1781577321
|-terastallize|p1a: Amnion|Ghost
|move|p2a: 快龙一定要快|Extreme Speed|p1a: Amnion
|-immune|p1a: Amnion
|move|p1a: Amnion|Endeavor|p2a: 快龙一定要快
|-damage|p2a: 快龙一定要快|15/100
|
|upkeep
|turn|4
|
|t:|1781577331
|switch|p2a: Polteageist|Polteageist-Antique|100/100
|move|p1a: Amnion|Sticky Web|p2a: Polteageist
|-sidestart|p2: dsekop|move: Sticky Web
|
|upkeep
|turn|5
|
|t:|1781577337
|move|p2a: Polteageist|Shadow Ball|p1a: Amnion
|-supereffective|p1a: Amnion
|-damage|p1a: Amnion|0 fnt
|faint|p1a: Amnion
|
|upkeep
|
|t:|1781577343
|switch|p1a: Franklin|Raging Bolt|100/100
|-damage|p1a: Franklin|88/100|[from] Stealth Rock
|turn|6
|
|t:|1781577348
|move|p2a: Polteageist|Shadow Ball|p1a: Franklin
|-damage|p1a: Franklin|49/100
|move|p1a: Franklin|Thunderbolt|p2a: Polteageist
|-damage|p2a: Polteageist|40/100
|
|-heal|p1a: Franklin|55/100|[from] item: Leftovers
|upkeep
|turn|7
|
|t:|1781577355
|move|p1a: Franklin|Thunderclap||[still]
|-fail|p1a: Franklin
|move|p2a: Polteageist|Pain Split|p1a: Franklin
|-sethp|p1a: Franklin|39/100|[from] move: Pain Split|[silent]
|-sethp|p2a: Polteageist|68/100|[from] move: Pain Split
|
|-heal|p1a: Franklin|45/100|[from] item: Leftovers
|upkeep
|turn|8
|
|t:|1781577361
|move|p2a: Polteageist|Shadow Ball|p1a: Franklin
|-damage|p1a: Franklin|5/100
|move|p1a: Franklin|Thunderbolt|p2a: Polteageist
|-damage|p2a: Polteageist|10/100
|
|-heal|p1a: Franklin|12/100|[from] item: Leftovers
|upkeep
|turn|9
|
|t:|1781577367
|move|p2a: Polteageist|Shadow Ball|p1a: Franklin
|-damage|p1a: Franklin|0 fnt
|faint|p1a: Franklin
|-end|p1a: Franklin|Protosynthesis|[silent]
|
|upkeep
|
|t:|1781577372
|switch|p1a: Melville|Iron Moth|100/100
|-damage|p1a: Melville|76/100|[from] Stealth Rock
|-enditem|p1a: Melville|Booster Energy
|-activate|p1a: Melville|ability: Quark Drive|[fromitem]
|-start|p1a: Melville|quarkdrivespa
|turn|10
|
|t:|1781577376
|move|p1a: Melville|Fiery Dance|p2a: Polteageist
|-damage|p2a: Polteageist|0 fnt
|faint|p2a: Polteageist
|
|upkeep
|
|t:|1781577378
|switch|p2a: 快龙一定要快|Dragonite, M|15/100
|turn|11
|
|t:|1781577381
|move|p2a: 快龙一定要快|Extreme Speed|p1a: Melville
|-damage|p1a: Melville|0 fnt
|faint|p1a: Melville
|-end|p1a: Melville|Quark Drive|[silent]
|
|upkeep
|
|t:|1781577385
|switch|p1a: Marcus Aurelius|Great Tusk|100/100
|-damage|p1a: Marcus Aurelius|98/100|[from] Stealth Rock
|turn|12
|
|t:|1781577392
|move|p2a: 快龙一定要快|Extreme Speed|p1a: Marcus Aurelius
|-damage|p1a: Marcus Aurelius|69/100
|-damage|p2a: 快龙一定要快|0 fnt|[from] item: Rocky Helmet|[of] p1a: Marcus Aurelius
|faint|p2a: 快龙一定要快
|move|p1a: Marcus Aurelius|Rapid Spin|p2: 快龙一定要快|[notarget]
|-fail|p1a: Marcus Aurelius
|
|upkeep
|
|t:|1781577404
|switch|p2a: Glimmora|Glimmora, M|100/100
|-activate|p2a: Glimmora|move: Sticky Web
|-unboost|p2a: Glimmora|spe|1
|turn|13
|
|t:|1781577411
|move|p1a: Marcus Aurelius|Rapid Spin|p2a: Glimmora
|-resisted|p2a: Glimmora
|-damage|p2a: Glimmora|91/100
|-boost|p1a: Marcus Aurelius|spe|1
|-activate|p2a: Glimmora|ability: Toxic Debris
|-sidestart|p1: Uberzilla|move: Toxic Spikes
|-sideend|p1: Uberzilla|Toxic Spikes|[from] move: Rapid Spin|[of] p1a: Marcus Aurelius
|-sideend|p1: Uberzilla|Stealth Rock|[from] move: Rapid Spin|[of] p1a: Marcus Aurelius
|move|p2a: Glimmora|Energy Ball|p1a: Marcus Aurelius
|-supereffective|p1a: Marcus Aurelius
|-damage|p1a: Marcus Aurelius|0 fnt
|faint|p1a: Marcus Aurelius
|-end|p1a: Marcus Aurelius|Protosynthesis|[silent]
|
|upkeep
|
|t:|1781577417
|switch|p1a: Shiki|Iron Valiant|100/100
|-enditem|p1a: Shiki|Booster Energy
|-activate|p1a: Shiki|ability: Quark Drive|[fromitem]
|-start|p1a: Shiki|quarkdrivespe
|turn|14
|
|t:|1781577423
|move|p1a: Shiki|Close Combat|p2a: Glimmora
|-damage|p2a: Glimmora|24/100
|-unboost|p1a: Shiki|def|1
|-unboost|p1a: Shiki|spd|1
|-activate|p2a: Glimmora|ability: Toxic Debris
|-sidestart|p1: Uberzilla|move: Toxic Spikes
|move|p2a: Glimmora|Energy Ball|p1a: Shiki
|-crit|p1a: Shiki
|-damage|p1a: Shiki|0 fnt
|faint|p1a: Shiki
|-end|p1a: Shiki|Quark Drive|[silent]
|
|upkeep
|-message|Uberzilla forfeited.
|
|win|dsekop
|raw|Uberzilla's rating: 1637 &rarr; <strong>1621</strong><br />(-16 for losing)
|raw|dsekop's rating: 1702 &rarr; <strong>1718</strong><br />(+16 for winning)
|l|☆Uberzilla
|player|p1|
|l|☆dsekop
|player|p2|
