|j|☆seven-iwnl
|j|☆PetermannBuga
|t:|1781304960
|gametype|singles
|player|p1|seven-iwnl|flannery|1635
|player|p2|PetermannBuga|ghetsis-gen5bw|1584
|gen|9
|tier|[Gen 9] OU
|rated|
|rule|HP Percentage Mod: HP is shown in percentages
|rule|Endless Battle Clause: Forcing endless battles is banned
|rule|Species Clause: Limit one of each Pokémon
|rule|OHKO Clause: OHKO moves are banned
|rule|Evasion Items Clause: Evasion items are banned
|rule|Evasion Moves Clause: Evasion moves are banned
|rule|Evasion Abilities Clause: Evasion abilities are banned
|rule|Sleep Moves Clause: Sleep-inducing moves are banned
|clearpoke
|poke|p1|Raging Bolt|
|poke|p1|Ribombee, M|
|poke|p1|Gholdengo|
|poke|p1|Great Tusk|
|poke|p1|Ogerpon-Cornerstone, F|
|poke|p1|Ceruledge, M|
|poke|p2|Dragapult, F|
|poke|p2|Garganacl, M|
|poke|p2|Clefable, F|
|poke|p2|Gholdengo|
|poke|p2|Great Tusk|
|poke|p2|Iron Valiant|
|teampreview
|inactive|Battle timer is ON: inactive players will automatically lose when time's up. (requested by PetermannBuga)
|
|t:|1781304969
|teamsize|p1|6
|teamsize|p2|6
|start
|switch|p1a: Ribombee|Ribombee, M, shiny|100/100
|switch|p2a: Vaghar|Dragapult, F|100/100
|turn|1
|
|t:|1781304980
|move|p2a: Vaghar|U-turn|p1a: Ribombee
|-resisted|p1a: Ribombee
|-damage|p1a: Ribombee|66/100
|
|t:|1781304988
|switch|p2a: Billy Butcher|Garganacl, M|100/100|[from] U-turn
|move|p1a: Ribombee|Moonblast|p2a: Billy Butcher
|-damage|p2a: Billy Butcher|75/100
|
|-heal|p2a: Billy Butcher|81/100|[from] item: Leftovers
|upkeep
|turn|2
|
|t:|1781305001
|move|p1a: Ribombee|Sticky Web|p2a: Billy Butcher
|-sidestart|p2: PetermannBuga|move: Sticky Web
|move|p2a: Billy Butcher|Salt Cure|p1a: Ribombee
|-supereffective|p1a: Ribombee
|-damage|p1a: Ribombee|13/100
|
|-heal|p2a: Billy Butcher|88/100|[from] item: Leftovers
|upkeep
|turn|3
|
|t:|1781305011
|switch|p1a: Great Tusk|Great Tusk|100/100
|-enditem|p1a: Great Tusk|Booster Energy
|-activate|p1a: Great Tusk|ability: Protosynthesis|[fromitem]
|-start|p1a: Great Tusk|protosynthesisatk
|move|p2a: Billy Butcher|Stealth Rock|p1a: Great Tusk
|-sidestart|p1: seven-iwnl|move: Stealth Rock
|
|-heal|p2a: Billy Butcher|94/100|[from] item: Leftovers
|upkeep
|turn|4
|
|t:|1781305026
|switch|p2a: Cláudia|Clefable, F, shiny|100/100
|-activate|p2a: Cláudia|move: Sticky Web
|-unboost|p2a: Cláudia|spe|1
|move|p1a: Great Tusk|Headlong Rush|p2a: Cláudia
|-damage|p2a: Cláudia|33/100
|-unboost|p1a: Great Tusk|def|1
|-unboost|p1a: Great Tusk|spd|1
|-damage|p1a: Great Tusk|84/100|[from] item: Rocky Helmet|[of] p2a: Cláudia
|
|upkeep
|turn|5
|
|t:|1781305041
|move|p1a: Great Tusk|Rapid Spin|p2a: Cláudia
|-damage|p2a: Cláudia|17/100
|-boost|p1a: Great Tusk|spe|1
|-damage|p1a: Great Tusk|68/100|[from] item: Rocky Helmet|[of] p2a: Cláudia
|-sideend|p1: seven-iwnl|Stealth Rock|[from] move: Rapid Spin|[of] p1a: Great Tusk
|move|p2a: Cláudia|Moonblast|p1a: Great Tusk
|-supereffective|p1a: Great Tusk
|-damage|p1a: Great Tusk|0 fnt
|faint|p1a: Great Tusk
|-end|p1a: Great Tusk|Protosynthesis|[silent]
|
|upkeep
|
|t:|1781305052
|switch|p1a: TOUCH ME!|Ceruledge, M, shiny|100/100
|turn|6
|
|t:|1781305055
|move|p1a: TOUCH ME!|Swords Dance|p1a: TOUCH ME!
|-boost|p1a: TOUCH ME!|atk|2
|move|p2a: Cláudia|Moonlight|p2a: Cláudia
|-heal|p2a: Cláudia|67/100
|
|upkeep
|turn|7
|
|t:|1781305065
|move|p1a: TOUCH ME!|Swords Dance|p1a: TOUCH ME!
|-boost|p1a: TOUCH ME!|atk|2
|move|p2a: Cláudia|Moonlight|p2a: Cláudia
|-heal|p2a: Cláudia|100/100
|
|upkeep
|turn|8
|
|t:|1781305081
|move|p1a: TOUCH ME!|Poltergeist|p2a: Cláudia
|-activate|p2a: Cláudia|move: Poltergeist|Rocky Helmet
|-damage|p2a: Cláudia|56/100
|move|p2a: Cláudia|Cosmic Power|p2a: Cláudia
|-boost|p2a: Cláudia|def|1
|-boost|p2a: Cláudia|spd|1
|
|upkeep
|turn|9
|
|t:|1781305090
|move|p1a: TOUCH ME!|Poltergeist|p2a: Cláudia
|-activate|p2a: Cláudia|move: Poltergeist|Rocky Helmet
|-crit|p2a: Cláudia
|-damage|p2a: Cláudia|0 fnt
|faint|p2a: Cláudia
|
|upkeep
|
|t:|1781305102
|switch|p2a: Billy Butcher|Garganacl, M|94/100
|-activate|p2a: Billy Butcher|move: Sticky Web
|-unboost|p2a: Billy Butcher|spe|1
|turn|10
|
|t:|1781305109
|move|p1a: TOUCH ME!|Close Combat|p2a: Billy Butcher
|-supereffective|p2a: Billy Butcher
|-damage|p2a: Billy Butcher|0 fnt
|-unboost|p1a: TOUCH ME!|def|1
|-unboost|p1a: TOUCH ME!|spd|1
|faint|p2a: Billy Butcher
|
|upkeep
|
|t:|1781305125
|switch|p2a: Khal Droggo|Great Tusk|100/100
|turn|11
|
|t:|1781305135
|move|p2a: Khal Droggo|Headlong Rush|p1a: TOUCH ME!
|-supereffective|p1a: TOUCH ME!
|-enditem|p1a: TOUCH ME!|Focus Sash
|-damage|p1a: TOUCH ME!|1/100
|-unboost|p2a: Khal Droggo|def|1
|-unboost|p2a: Khal Droggo|spd|1
|-ability|p1a: TOUCH ME!|Weak Armor|boost
|-unboost|p1a: TOUCH ME!|def|1
|-boost|p1a: TOUCH ME!|spe|2
|move|p1a: TOUCH ME!|Poltergeist|p2a: Khal Droggo
|-activate|p2a: Khal Droggo|move: Poltergeist|Heavy-Duty Boots
|-damage|p2a: Khal Droggo|0 fnt
|faint|p2a: Khal Droggo
|-end|p2a: Khal Droggo|Protosynthesis|[silent]
|
|upkeep
|
|t:|1781305154
|switch|p2a: Vaghar|Dragapult, F|100/100
|-activate|p2a: Vaghar|move: Sticky Web
|-fail|p2a: Vaghar|unboost|[from] ability: Clear Body|[of] p2a: Vaghar
|turn|12
|
|t:|1781305168
|-terastallize|p2a: Vaghar|Steel
|move|p1a: TOUCH ME!|Shadow Sneak|p2a: Vaghar
|-damage|p2a: Vaghar|14/100
|move|p2a: Vaghar|Sucker Punch||[still]
|-fail|p2a: Vaghar
|
|upkeep
|turn|13
|
|t:|1781305179
|move|p1a: TOUCH ME!|Shadow Sneak|p2a: Vaghar
|-damage|p2a: Vaghar|0 fnt
|faint|p2a: Vaghar
|
|upkeep
|
|t:|1781305184
|switch|p2a: Laleska Drag Queen|Iron Valiant, shiny|100/100
|-activate|p2a: Laleska Drag Queen|move: Sticky Web
|-unboost|p2a: Laleska Drag Queen|spe|1
|-enditem|p2a: Laleska Drag Queen|Booster Energy
|-activate|p2a: Laleska Drag Queen|ability: Quark Drive|[fromitem]
|-start|p2a: Laleska Drag Queen|quarkdrivespa
|turn|14
|
|t:|1781305196
|-terastallize|p1a: TOUCH ME!|Fighting
|move|p1a: TOUCH ME!|Close Combat|p2a: Laleska Drag Queen
|-resisted|p2a: Laleska Drag Queen
|-damage|p2a: Laleska Drag Queen|0 fnt
|-unboost|p1a: TOUCH ME!|def|1
|-unboost|p1a: TOUCH ME!|spd|1
|faint|p2a: Laleska Drag Queen
|-end|p2a: Laleska Drag Queen|Quark Drive|[silent]
|
|upkeep
|
|t:|1781305206
|switch|p2a: Olavo of Oak|Gholdengo|100/100
|-activate|p2a: Olavo of Oak|move: Sticky Web
|-unboost|p2a: Olavo of Oak|spe|1
|turn|15
|
|t:|1781305211
|move|p1a: TOUCH ME!|Shadow Sneak|p2a: Olavo of Oak
|-supereffective|p2a: Olavo of Oak
|-damage|p2a: Olavo of Oak|0 fnt
|faint|p2a: Olavo of Oak
|
|win|seven-iwnl
|raw|seven-iwnl's rating: 1635 &rarr; <strong>1652</strong><br />(+17 for winning)
|raw|PetermannBuga's rating: 1584 &rarr; <strong>1567</strong><br />(-17 for losing)
|l|☆PetermannBuga
|player|p2|
|l|☆seven-iwnl
|player|p1|
