|j|‽zippitytippity
|j|☆OUZQ Crocodile
|t:|1781083956
|gametype|singles
|player|p1|zippitytippity|cynthia-masters4|1537
|player|p2|OUZQ Crocodile|169|1673
|gen|9
|tier|[Gen 9] OU
|rated|
|rule|HP Percentage Mod: HP is shown in percentages
|rule|Endless Battle Clause: Forcing endless battles is banned
|rule|Species Clause: Limit one of each Pokémon
|rule|OHKO Clause: OHKO moves are banned
|rule|Evasion Items Clause: Evasion items are banned
|rule|Evasion Moves Clause: Evasion moves are banned
|rule|Evasion Abilities Clause: Evasion abilities are banned
|rule|Sleep Moves Clause: Sleep-inducing moves are banned
|clearpoke
|poke|p1|Ursaluna, M|
|poke|p1|Cresselia, F|
|poke|p1|Iron Valiant|
|poke|p1|Hatterene, F|
|poke|p1|Keldeo-Resolute|
|poke|p1|Ogerpon, F|
|poke|p2|Tyranitar, F|
|poke|p2|Latios, M|
|poke|p2|Sandshrew, M|
|poke|p2|Mamoswine, F|
|poke|p2|Landorus-Therian, M|
|poke|p2|Rotom-Wash|
|teampreview
|inactive|Battle timer is ON: inactive players will automatically lose when time's up. (requested by OUZQ Crocodile)
|j| GengarAdept
|j|+itszxc
|inactive|zippitytippity has 120 seconds left.
|j| sfghjkjhgfdfgh
|inactive|zippitytippity has 90 seconds left.
|j| biryanireqs
|
|t:|1781084045
|teamsize|p1|6
|teamsize|p2|6
|start
|switch|p1a: Ogerpon|Ogerpon, F|100/100
|switch|p2a: Tyranitar|Tyranitar, F|100/100
|-weather|Sandstorm|[from] ability: Sand Stream|[of] p2a: Tyranitar
|turn|1
|l| sfghjkjhgfdfgh
|j| uncle brown
|
|t:|1781084065
|-terastallize|p2a: Tyranitar|Flying
|move|p1a: Ogerpon|Ivy Cudgel|p2a: Tyranitar
|-resisted|p2a: Tyranitar
|-damage|p2a: Tyranitar|65/100
|move|p2a: Tyranitar|Knock Off|p1a: Ogerpon
|-damage|p1a: Ogerpon|32/100
|-enditem|p1a: Ogerpon|Choice Band|[from] move: Knock Off|[of] p2a: Tyranitar
|
|-weather|Sandstorm|[upkeep]
|-damage|p1a: Ogerpon|26/100|[from] Sandstorm
|-damage|p2a: Tyranitar|59/100|[from] Sandstorm
|upkeep
|turn|2
|
|t:|1781084078
|move|p1a: Ogerpon|Knock Off|p2a: Tyranitar
|-damage|p2a: Tyranitar|31/100
|-enditem|p2a: Tyranitar|Smooth Rock|[from] move: Knock Off|[of] p1a: Ogerpon
|move|p2a: Tyranitar|Knock Off|p1a: Ogerpon
|-damage|p1a: Ogerpon|0 fnt
|faint|p1a: Ogerpon
|
|-weather|Sandstorm|[upkeep]
|-damage|p2a: Tyranitar|25/100|[from] Sandstorm
|upkeep
|
|t:|1781084082
|switch|p1a: Keldeo|Keldeo-Resolute|100/100
|turn|3
|
|t:|1781084086
|switch|p2a: Latios|Latios, M|100/100
|move|p1a: Keldeo|Secret Sword|p2a: Latios
|-resisted|p2a: Latios
|-damage|p2a: Latios|47/100
|
|-weather|Sandstorm|[upkeep]
|-damage|p2a: Latios|41/100|[from] Sandstorm
|-damage|p1a: Keldeo|94/100|[from] Sandstorm
|upkeep
|turn|4
|j| BandedAI
|l| uncle brown
|inactive|OUZQ Crocodile has 120 seconds left.
|
|t:|1781084129
|switch|p2a: Mamoswine|Mamoswine, F|100/100
|switch|p1a: Hatterene|Hatterene, F, shiny|100/100
|
|-weather|Sandstorm|[upkeep]
|-damage|p1a: Hatterene|95/100|[from] Sandstorm
|upkeep
|turn|5
|
|t:|1781084135
|switch|p1a: Keldeo|Keldeo-Resolute|94/100
|move|p2a: Mamoswine|Icicle Crash|p1a: Keldeo
|-resisted|p1a: Keldeo
|-damage|p1a: Keldeo|54/100
|
|-weather|Sandstorm|[upkeep]
|-damage|p1a: Keldeo|48/100|[from] Sandstorm
|upkeep
|turn|6
|l| BandedAI
|
|t:|1781084141
|switch|p2a: Landorus|Landorus-Therian, M|100/100
|-ability|p2a: Landorus|Intimidate|boost
|-unboost|p1a: Keldeo|atk|1
|move|p1a: Keldeo|Surf|p2a: Landorus
|-supereffective|p2a: Landorus
|-crit|p2a: Landorus
|-damage|p2a: Landorus|0 fnt
|faint|p2a: Landorus
|
|-weather|Sandstorm|[upkeep]
|-damage|p1a: Keldeo|41/100|[from] Sandstorm
|upkeep
|
|t:|1781084145
|switch|p2a: Latios|Latios, M|41/100
|turn|7
|
|t:|1781084149
|switch|p2a: Sandshrew|Sandshrew, M|100/100
|switch|p1a: Hatterene|Hatterene, F, shiny|95/100
|
|-weather|Sandstorm|[upkeep]
|-damage|p1a: Hatterene|89/100|[from] Sandstorm
|upkeep
|turn|8
|
|t:|1781084157
|move|p2a: Sandshrew|Earthquake|p1a: Hatterene
|-damage|p1a: Hatterene|31/100
|move|p1a: Hatterene|Trick Room|p1a: Hatterene
|-fieldstart|move: Trick Room|[of] p1a: Hatterene
|
|-weather|none
|upkeep
|turn|9
|
|t:|1781084164
|move|p1a: Hatterene|Dazzling Gleam|p2a: Sandshrew
|-damage|p2a: Sandshrew|0 fnt
|faint|p2a: Sandshrew
|
|upkeep
|
|t:|1781084170
|switch|p2a: Mamoswine|Mamoswine, F|100/100
|turn|10
|
|t:|1781084172
|move|p1a: Hatterene|Healing Wish|p1a: Hatterene
|faint|p1a: Hatterene
|move|p2a: Mamoswine|Earthquake|p1: Hatterene|[notarget]
|-fail|p2a: Mamoswine
|
|upkeep
|
|t:|1781084178
|switch|p1a: Ursaluna|Ursaluna, M, shiny|100/100
|turn|11
|j| liechiteladihul
|
|t:|1781084204
|-terastallize|p1a: Ursaluna|Normal
|move|p1a: Ursaluna|Facade|p2a: Mamoswine
|-damage|p2a: Mamoswine|41/100
|move|p2a: Mamoswine|Earthquake|p1a: Ursaluna
|-damage|p1a: Ursaluna|45/100
|
|-status|p1a: Ursaluna|brn|[from] item: Flame Orb
|upkeep
|turn|12
|inactive|zippitytippity has 120 seconds left.
|l| liechiteladihul
|
|t:|1781084251
|switch|p2a: Latios|Latios, M|41/100
|move|p1a: Ursaluna|Facade|p2a: Latios
|-damage|p2a: Latios|0 fnt
|faint|p2a: Latios
|
|-damage|p1a: Ursaluna|39/100 brn|[from] brn
|-fieldend|move: Trick Room
|upkeep
|
|t:|1781084257
|switch|p2a: Mamoswine|Mamoswine, F|41/100
|turn|13
|
|t:|1781084262
|switch|p1a: Cresselia|Cresselia, F, shiny|100/100
|move|p2a: Mamoswine|Earthquake|p1a: Cresselia
|-immune|p1a: Cresselia|[from] ability: Levitate
|
|upkeep
|turn|14
|
|t:|1781084270
|switch|p2a: Tyranitar|Tyranitar, F, tera:Flying|25/100
|-weather|Sandstorm|[from] ability: Sand Stream|[of] p2a: Tyranitar
|move|p1a: Cresselia|Trick Room|p1a: Cresselia
|-fieldstart|move: Trick Room|[of] p1a: Cresselia
|
|-weather|Sandstorm|[upkeep]
|-damage|p1a: Cresselia|94/100|[from] Sandstorm
|-damage|p2a: Tyranitar|19/100|[from] Sandstorm
|upkeep
|turn|15
|j| lord shiddenfards
|
|t:|1781084280
|switch|p2a: Rotom|Rotom-Wash|100/100
|move|p1a: Cresselia|Psychic|p2a: Rotom
|-damage|p2a: Rotom|75/100
|
|-weather|Sandstorm|[upkeep]
|-damage|p1a: Cresselia|88/100|[from] Sandstorm
|-damage|p2a: Rotom|69/100|[from] Sandstorm
|-heal|p2a: Rotom|75/100|[from] item: Leftovers
|upkeep
|turn|16
|
|t:|1781084290
|move|p1a: Cresselia|Lunar Dance|p1a: Cresselia
|faint|p1a: Cresselia
|move|p2a: Rotom|Hydro Pump|p1: Cresselia|[notarget]
|-fail|p2a: Rotom
|
|-weather|Sandstorm|[upkeep]
|-damage|p2a: Rotom|69/100|[from] Sandstorm
|-heal|p2a: Rotom|75/100|[from] item: Leftovers
|upkeep
|
|t:|1781084292
|switch|p1a: Ursaluna|Ursaluna, M, shiny, tera:Normal|39/100 brn
|-heal|p1a: Ursaluna|100/100|[from] move: Healing Wish
|-heal|p1a: Ursaluna|100/100|[from] move: Lunar Dance
|turn|17
|
|t:|1781084304
|move|p1a: Ursaluna|Facade|p2a: Rotom
|-damage|p2a: Rotom|32/100
|move|p2a: Rotom|Hydro Pump|p1a: Ursaluna
|-damage|p1a: Ursaluna|67/100
|
|-weather|Sandstorm|[upkeep]
|-damage|p1a: Ursaluna|61/100|[from] Sandstorm
|-damage|p2a: Rotom|26/100|[from] Sandstorm
|-heal|p2a: Rotom|32/100|[from] item: Leftovers
|-status|p1a: Ursaluna|brn|[from] item: Flame Orb
|upkeep
|turn|18
|
|t:|1781084309
|move|p1a: Ursaluna|Facade|p2a: Rotom
|-crit|p2a: Rotom
|-damage|p2a: Rotom|0 fnt
|faint|p2a: Rotom
|
|-weather|none
|-damage|p1a: Ursaluna|55/100 brn|[from] brn
|-fieldend|move: Trick Room
|upkeep
|
|t:|1781084317
|switch|p2a: Mamoswine|Mamoswine, F|41/100
|turn|19
|
|t:|1781084320
|move|p2a: Mamoswine|Earthquake|p1a: Ursaluna
|-damage|p1a: Ursaluna|0 fnt
|faint|p1a: Ursaluna
|
|upkeep
|
|t:|1781084322
|switch|p1a: Keldeo|Keldeo-Resolute|41/100
|turn|20
|
|t:|1781084326
|switch|p2a: Tyranitar|Tyranitar, F, tera:Flying|19/100
|-weather|Sandstorm|[from] ability: Sand Stream|[of] p2a: Tyranitar
|move|p1a: Keldeo|Surf|p2a: Tyranitar
|-damage|p2a: Tyranitar|0 fnt
|faint|p2a: Tyranitar
|
|-weather|Sandstorm|[upkeep]
|-damage|p1a: Keldeo|35/100|[from] Sandstorm
|upkeep
|-message|OUZQ Crocodile forfeited.
|
|win|zippitytippity
|raw|zippitytippity's rating: 1537 &rarr; <strong>1564</strong><br />(+27 for winning)
|raw|OUZQ Crocodile's rating: 1673 &rarr; <strong>1646</strong><br />(-27 for losing)
|l|☆OUZQ Crocodile
|player|p2|
|l|‽zippitytippity
|player|p1|
|l| lord shiddenfards
|l|+itszxc
|l| GengarAdept
