|j|☆Thederpa1
|j|☆hawkins0
|t:|1781514665
|gametype|singles
|player|p1|Thederpa1|swimmer-gen4dp|1553
|player|p2|hawkins0|102|1630
|gen|9
|tier|[Gen 9] OU
|rated|
|rule|HP Percentage Mod: HP is shown in percentages
|rule|Endless Battle Clause: Forcing endless battles is banned
|rule|Species Clause: Limit one of each Pokémon
|rule|OHKO Clause: OHKO moves are banned
|rule|Evasion Items Clause: Evasion items are banned
|rule|Evasion Moves Clause: Evasion moves are banned
|rule|Evasion Abilities Clause: Evasion abilities are banned
|rule|Sleep Moves Clause: Sleep-inducing moves are banned
|clearpoke
|poke|p1|Pecharunt|
|poke|p1|Zapdos|
|poke|p1|Tyranitar, M|
|poke|p1|Excadrill, F|
|poke|p1|Volcanion|
|poke|p1|Hydrapple, M|
|poke|p2|Hoopa-Unbound|
|poke|p2|Pecharunt|
|poke|p2|Landorus-Therian, M|
|poke|p2|Cinderace, M|
|poke|p2|Alomomola, M|
|poke|p2|Iron Valiant|
|teampreview
|
|t:|1781514677
|teamsize|p1|6
|teamsize|p2|6
|start
|switch|p1a: Hydrapple|Hydrapple, M|100/100
|switch|p2a: Khaos|Hoopa-Unbound|100/100
|turn|1
|inactive|Battle timer is ON: inactive players will automatically lose when time's up. (requested by hawkins0)
|
|t:|1781514692
|switch|p2a: Pisces|Alomomola, M, shiny|100/100
|move|p1a: Hydrapple|Leaf Storm|p2a: Pisces
|-supereffective|p2a: Pisces
|-damage|p2a: Pisces|0 fnt
|-unboost|p1a: Hydrapple|spa|2
|faint|p2a: Pisces
|
|upkeep
|
|t:|1781514696
|switch|p2a: Calamity|Iron Valiant, shiny|100/100
|turn|2
|
|t:|1781514707
|switch|p1a: Pecharunt|Pecharunt|100/100
|-terastallize|p2a: Calamity|Fairy
|move|p2a: Calamity|Moonblast|p1a: Pecharunt
|-resisted|p1a: Pecharunt
|-damage|p1a: Pecharunt|53/100
|
|upkeep
|turn|3
|
|t:|1781514714
|move|p2a: Calamity|Moonblast|p1a: Pecharunt
|-resisted|p1a: Pecharunt
|-damage|p1a: Pecharunt|5/100
|-unboost|p1a: Pecharunt|spa|1
|move|p1a: Pecharunt|Recover|p1a: Pecharunt
|-heal|p1a: Pecharunt|55/100
|
|upkeep
|turn|4
|
|t:|1781514722
|-end|p2a: Calamity|Quark Drive|[silent]
|switch|p2a: Khaos|Hoopa-Unbound|100/100
|move|p1a: Pecharunt|Parting Shot|p2a: Khaos
|-unboost|p2a: Khaos|atk|1
|-unboost|p2a: Khaos|spa|1
|
|t:|1781514725
|switch|p1a: Hydrapple|Hydrapple, M|100/100|[from] Parting Shot
|
|upkeep
|turn|5
|
|t:|1781514730
|move|p2a: Khaos|Knock Off|p1a: Hydrapple
|-damage|p1a: Hydrapple|55/100
|-enditem|p1a: Hydrapple|Choice Specs|[from] move: Knock Off|[of] p2a: Khaos
|move|p1a: Hydrapple|Leaf Storm|p2a: Khaos
|-damage|p2a: Khaos|34/100
|-unboost|p1a: Hydrapple|spa|2
|
|upkeep
|turn|6
|
|t:|1781514738
|move|p1a: Hydrapple|Sucker Punch|p2a: Khaos
|-damage|p2a: Khaos|10/100
|move|p2a: Khaos|Knock Off|p1a: Hydrapple
|-damage|p1a: Hydrapple|21/100
|
|upkeep
|turn|7
|
|t:|1781514749
|switch|p1a: Tyranitar|Tyranitar, M|100/100
|-weather|Sandstorm|[from] ability: Sand Stream|[of] p1a: Tyranitar
|move|p2a: Khaos|Knock Off|p1a: Tyranitar
|-resisted|p1a: Tyranitar
|-damage|p1a: Tyranitar|77/100
|-enditem|p1a: Tyranitar|Leftovers|[from] move: Knock Off|[of] p2a: Khaos
|
|-weather|Sandstorm|[upkeep]
|-damage|p2a: Khaos|3/100|[from] Sandstorm
|upkeep
|turn|8
|
|t:|1781514756
|move|p2a: Khaos|Knock Off|p1a: Tyranitar
|-resisted|p1a: Tyranitar
|-damage|p1a: Tyranitar|60/100
|move|p1a: Tyranitar|Stealth Rock|p2a: Khaos
|-sidestart|p2: hawkins0|move: Stealth Rock
|
|-weather|Sandstorm|[upkeep]
|-damage|p2a: Khaos|0 fnt|[from] Sandstorm
|faint|p2a: Khaos
|upkeep
|
|t:|1781514757
|switch|p2a: Calamity|Iron Valiant, shiny, tera:Fairy|100/100
|-damage|p2a: Calamity|88/100|[from] Stealth Rock
|turn|9
|
|t:|1781514778
|switch|p1a: Hydrapple|Hydrapple, M|55/100
|move|p2a: Calamity|Moonblast|p1a: Hydrapple
|-supereffective|p1a: Hydrapple
|-damage|p1a: Hydrapple|0 fnt
|faint|p1a: Hydrapple
|
|-weather|Sandstorm|[upkeep]
|-damage|p2a: Calamity|82/100|[from] Sandstorm
|upkeep
|
|t:|1781514784
|switch|p1a: Volcanion|Volcanion|100/100
|turn|10
|
|t:|1781514791
|move|p2a: Calamity|Moonblast|p1a: Volcanion
|-resisted|p1a: Volcanion
|-damage|p1a: Volcanion|55/100
|-unboost|p1a: Volcanion|spa|1
|move|p1a: Volcanion|Steam Eruption|p2a: Calamity
|-damage|p2a: Calamity|4/100
|
|-weather|Sandstorm|[upkeep]
|-damage|p2a: Calamity|0 fnt|[from] Sandstorm
|-damage|p1a: Volcanion|49/100|[from] Sandstorm
|faint|p2a: Calamity
|-end|p2a: Calamity|Quark Drive|[silent]
|upkeep
|-message|hawkins0 forfeited.
|
|win|Thederpa1
|raw|Thederpa1's rating: 1553 &rarr; <strong>1577</strong><br />(+24 for winning)
|raw|hawkins0's rating: 1630 &rarr; <strong>1606</strong><br />(-24 for losing)
|l|☆hawkins0
|player|p2|
|l|☆Thederpa1
|player|p1|
