|j|☆StarDio
|j|☆blueisnoob
|t:|1781505375
|gametype|singles
|player|p1|StarDio|265|1641
|player|p2|blueisnoob|101|1616
|gen|9
|tier|[Gen 9] OU
|rated|
|rule|HP Percentage Mod: HP is shown in percentages
|rule|Endless Battle Clause: Forcing endless battles is banned
|rule|Species Clause: Limit one of each Pokémon
|rule|OHKO Clause: OHKO moves are banned
|rule|Evasion Items Clause: Evasion items are banned
|rule|Evasion Moves Clause: Evasion moves are banned
|rule|Evasion Abilities Clause: Evasion abilities are banned
|rule|Sleep Moves Clause: Sleep-inducing moves are banned
|clearpoke
|poke|p1|Hoopa-Unbound|
|poke|p1|Pecharunt|
|poke|p1|Landorus-Therian, M|
|poke|p1|Cinderace, M|
|poke|p1|Alomomola, M|
|poke|p1|Iron Valiant|
|poke|p2|Zamazenta-*|
|poke|p2|Ogerpon-Wellspring, F|
|poke|p2|Slowking-Galar, F|
|poke|p2|Great Tusk|
|poke|p2|Kingambit, M|
|poke|p2|Zapdos|
|teampreview
|inactive|Battle timer is ON: inactive players will automatically lose when time's up. (requested by StarDio)
|
|t:|1781505381
|teamsize|p1|6
|teamsize|p2|6
|start
|switch|p1a: Calamity|Iron Valiant, shiny|100/100
|switch|p2a: Zapdos|Zapdos|100/100
|turn|1
|
|t:|1781505384
|move|p1a: Calamity|Moonblast|p2a: Zapdos
|-damage|p2a: Zapdos|37/100
|move|p2a: Zapdos|Thunder Wave|p1a: Calamity
|-status|p1a: Calamity|par
|
|upkeep
|turn|2
|
|t:|1781505389
|-end|p1a: Calamity|Quark Drive|[silent]
|switch|p1a: Khaos|Hoopa-Unbound|100/100
|move|p2a: Zapdos|Roost|p2a: Zapdos
|-heal|p2a: Zapdos|87/100
|-singleturn|p2a: Zapdos|move: Roost
|
|upkeep
|turn|3
|
|t:|1781505392
|move|p2a: Zapdos|Thunder Wave|p1a: Khaos
|-status|p1a: Khaos|par
|move|p1a: Khaos|Hyperspace Fury|p2a: Zapdos
|-damage|p2a: Zapdos|8/100
|-unboost|p1a: Khaos|def|1
|
|upkeep
|turn|4
|
|t:|1781505398
|switch|p1a: Enten|Landorus-Therian, M, shiny|100/100
|-ability|p1a: Enten|Intimidate|boost
|-unboost|p2a: Zapdos|atk|1
|move|p2a: Zapdos|Volt Switch|p1a: Enten
|-immune|p1a: Enten
|
|upkeep
|turn|5
|
|t:|1781505403
|move|p1a: Enten|U-turn|p2a: Zapdos
|-resisted|p2a: Zapdos
|-damage|p2a: Zapdos|0 fnt
|-status|p1a: Enten|par|[from] ability: Static|[of] p2a: Zapdos
|faint|p2a: Zapdos
|
|t:|1781505407
|switch|p1a: Khaos|Hoopa-Unbound|100/100 par|[from] U-turn
|
|upkeep
|
|t:|1781505410
|switch|p2a: Ogerpon|Ogerpon-Wellspring, F|100/100
|turn|6
|inactive|StarDio has 120 seconds left.
|
|t:|1781505466
|switch|p1a: Overseer|Pecharunt|100/100
|move|p2a: Ogerpon|U-turn|p1a: Overseer
|-resisted|p1a: Overseer
|-damage|p1a: Overseer|97/100
|
|t:|1781505470
|switch|p2a: Great Tusk|Great Tusk, shiny|100/100|[from] U-turn
|
|upkeep
|turn|7
|
|t:|1781505473
|move|p2a: Great Tusk|Stealth Rock|p1a: Overseer
|-sidestart|p1: StarDio|move: Stealth Rock
|move|p1a: Overseer|Malignant Chain|p2a: Great Tusk
|-resisted|p2a: Great Tusk
|-damage|p2a: Great Tusk|78/100
|-status|p2a: Great Tusk|tox
|-start|p2a: Great Tusk|confusion|[from] ability: Poison Puppeteer|[of] p1a: Overseer
|
|-damage|p2a: Great Tusk|71/100 tox|[from] psn
|upkeep
|turn|8
|
|t:|1781505475
|-end|p2a: Great Tusk|Protosynthesis|[silent]
|switch|p2a: Kingambit|Kingambit, M|100/100
|-activate|p2a: Kingambit|ability: Supreme Overlord
|-start|p2a: Kingambit|fallen1|[silent]
|move|p1a: Overseer|Parting Shot|p2a: Kingambit
|-unboost|p2a: Kingambit|atk|1
|-unboost|p2a: Kingambit|spa|1
|
|t:|1781505477
|switch|p1a: Liberacy|Cinderace, M, shiny|100/100|[from] Parting Shot
|
|upkeep
|turn|9
|
|t:|1781505484
|move|p1a: Liberacy|Pyro Ball|p2a: Kingambit
|-supereffective|p2a: Kingambit
|-damage|p2a: Kingambit|9/100
|move|p2a: Kingambit|Low Kick|p1a: Liberacy
|-damage|p1a: Liberacy|75/100
|
|-heal|p2a: Kingambit|16/100|[from] item: Leftovers
|upkeep
|turn|10
|
|t:|1781505489
|move|p1a: Liberacy|Court Change|p1a: Liberacy
|-start|p1a: Liberacy|typechange|Normal|[from] ability: Libero
|-swapsideconditions
|-activate|p1a: Liberacy|move: Court Change
|move|p2a: Kingambit|Kowtow Cleave|p1a: Liberacy
|-damage|p1a: Liberacy|26/100
|
|-heal|p2a: Kingambit|22/100|[from] item: Leftovers
|upkeep
|turn|11
|
|t:|1781505494
|switch|p1a: Enten|Landorus-Therian, M, shiny|100/100 par
|-ability|p1a: Enten|Intimidate|boost
|-unboost|p2a: Kingambit|atk|1
|move|p2a: Kingambit|Sucker Punch||[still]
|-fail|p2a: Kingambit
|
|-heal|p2a: Kingambit|28/100|[from] item: Leftovers
|upkeep
|turn|12
|
|t:|1781505498
|move|p2a: Kingambit|Sucker Punch|p1a: Enten
|-damage|p1a: Enten|75/100 par
|move|p1a: Enten|U-turn|p2a: Kingambit
|-damage|p2a: Kingambit|7/100
|
|t:|1781505500
|switch|p1a: Pisces|Alomomola, M, shiny|100/100|[from] U-turn
|
|-heal|p2a: Kingambit|13/100|[from] item: Leftovers
|upkeep
|turn|13
|
|t:|1781505504
|-end|p2a: Kingambit|fallen1|[silent]
|switch|p2a: Ogerpon|Ogerpon-Wellspring, F|100/100
|-damage|p2a: Ogerpon|88/100|[from] Stealth Rock
|move|p1a: Pisces|Flip Turn|p2a: Ogerpon
|-heal|p2a: Ogerpon|100/100|[from] ability: Water Absorb|[of] p1a: Pisces
|
|upkeep
|turn|14
|
|t:|1781505507
|move|p2a: Ogerpon|Knock Off|p1a: Pisces
|-damage|p1a: Pisces|76/100
|-enditem|p1a: Pisces|Assault Vest|[from] move: Knock Off|[of] p2a: Ogerpon
|move|p1a: Pisces|Body Slam|p2a: Ogerpon
|-damage|p2a: Ogerpon|80/100
|
|upkeep
|turn|15
|
|t:|1781505513
|switch|p1a: Overseer|Pecharunt|97/100
|move|p2a: Ogerpon|Power Whip|p1a: Overseer
|-resisted|p1a: Overseer
|-damage|p1a: Overseer|82/100
|
|upkeep
|turn|16
|
|t:|1781505517
|move|p2a: Ogerpon|U-turn|p1a: Overseer
|-resisted|p1a: Overseer
|-damage|p1a: Overseer|79/100
|
|t:|1781505520
|switch|p2a: Kingambit|Kingambit, M|13/100|[from] U-turn
|-damage|p2a: Kingambit|7/100|[from] Stealth Rock
|-activate|p2a: Kingambit|ability: Supreme Overlord
|-start|p2a: Kingambit|fallen1|[silent]
|move|p1a: Overseer|Parting Shot|p2a: Kingambit
|-unboost|p2a: Kingambit|atk|1
|-unboost|p2a: Kingambit|spa|1
|
|t:|1781505526
|switch|p1a: Liberacy|Cinderace, M, shiny|26/100|[from] Parting Shot
|
|-heal|p2a: Kingambit|13/100|[from] item: Leftovers
|upkeep
|turn|17
|
|t:|1781505529
|move|p1a: Liberacy|Sucker Punch|p2a: Kingambit
|-start|p1a: Liberacy|typechange|Dark|[from] ability: Libero
|-resisted|p2a: Kingambit
|-damage|p2a: Kingambit|1/100
|move|p2a: Kingambit|Kowtow Cleave|p1a: Liberacy
|-resisted|p1a: Liberacy
|-damage|p1a: Liberacy|0 fnt
|faint|p1a: Liberacy
|
|-heal|p2a: Kingambit|7/100|[from] item: Leftovers
|upkeep
|
|t:|1781505535
|switch|p1a: Enten|Landorus-Therian, M, shiny|75/100 par
|-ability|p1a: Enten|Intimidate|boost
|-unboost|p2a: Kingambit|atk|1
|turn|18
|
|t:|1781505539
|move|p2a: Kingambit|Sucker Punch|p1a: Enten
|-damage|p1a: Enten|48/100 par
|move|p1a: Enten|U-turn|p2a: Kingambit
|-damage|p2a: Kingambit|0 fnt
|faint|p2a: Kingambit
|-end|p2a: Kingambit|fallen1|[silent]
|
|t:|1781505544
|switch|p1a: Overseer|Pecharunt|79/100|[from] U-turn
|
|upkeep
|
|t:|1781505548
|switch|p2a: Great Tusk|Great Tusk, shiny|71/100 tox
|turn|19
|
|t:|1781505552
|move|p2a: Great Tusk|Stealth Rock|p1a: Overseer
|-sidestart|p1: StarDio|move: Stealth Rock
|move|p1a: Overseer|Recover|p1a: Overseer
|-heal|p1a: Overseer|100/100
|
|-damage|p2a: Great Tusk|65/100 tox|[from] psn
|upkeep
|turn|20
|
|t:|1781505556
|move|p2a: Great Tusk|Ice Spinner|p1a: Overseer
|-damage|p1a: Overseer|87/100
|move|p1a: Overseer|Parting Shot|p2a: Great Tusk
|-unboost|p2a: Great Tusk|atk|1
|-unboost|p2a: Great Tusk|spa|1
|
|t:|1781505559
|switch|p1a: Enten|Landorus-Therian, M, shiny|48/100 par|[from] Parting Shot
|-damage|p1a: Enten|35/100 par|[from] Stealth Rock
|-ability|p1a: Enten|Intimidate|boost
|-unboost|p2a: Great Tusk|atk|1
|
|-damage|p2a: Great Tusk|53/100 tox|[from] psn
|upkeep
|turn|21
|
|t:|1781505563
|switch|p1a: Pisces|Alomomola, M, shiny|100/100
|-damage|p1a: Pisces|88/100|[from] Stealth Rock
|move|p2a: Great Tusk|Rapid Spin|p1a: Pisces
|-damage|p1a: Pisces|82/100
|-boost|p2a: Great Tusk|spe|1
|-sideend|p2: blueisnoob|Stealth Rock|[from] move: Rapid Spin|[of] p2a: Great Tusk
|
|-damage|p2a: Great Tusk|34/100 tox|[from] psn
|upkeep
|turn|22
|
|t:|1781505566
|-end|p2a: Great Tusk|Protosynthesis|[silent]
|switch|p2a: Slowking|Slowking-Galar, F|100/100
|move|p1a: Pisces|Body Slam|p2a: Slowking
|-damage|p2a: Slowking|84/100
|
|upkeep
|turn|23
|
|t:|1781505572
|switch|p2a: Ogerpon|Ogerpon-Wellspring, F|80/100
|move|p1a: Pisces|Flip Turn|p2a: Ogerpon
|-heal|p2a: Ogerpon|100/100|[from] ability: Water Absorb|[of] p1a: Pisces
|
|upkeep
|turn|24
|
|t:|1781505574
|move|p2a: Ogerpon|Power Whip|p1a: Pisces
|-supereffective|p1a: Pisces
|-damage|p1a: Pisces|0 fnt
|faint|p1a: Pisces
|
|upkeep
|
|t:|1781505577
|switch|p1a: Overseer|Pecharunt|87/100
|turn|25
|
|t:|1781505581
|switch|p2a: Slowking|Slowking-Galar, F|100/100
|move|p1a: Overseer|Malignant Chain|p2a: Slowking
|-resisted|p2a: Slowking
|-damage|p2a: Slowking|93/100
|
|upkeep
|turn|26
|
|t:|1781505586
|move|p1a: Overseer|Parting Shot|p2a: Slowking
|-unboost|p2a: Slowking|atk|1
|-unboost|p2a: Slowking|spa|1
|
|t:|1781505587
|switch|p1a: Khaos|Hoopa-Unbound|100/100 par|[from] Parting Shot
|-damage|p1a: Khaos|88/100 par|[from] Stealth Rock
|move|p2a: Slowking|Psyshock|p1a: Khaos
|-immune|p1a: Khaos
|
|upkeep
|turn|27
|
|t:|1781505591
|switch|p2a: Great Tusk|Great Tusk, shiny|34/100 tox
|move|p1a: Khaos|Zen Headbutt|p2a: Great Tusk
|-supereffective|p2a: Great Tusk
|-damage|p2a: Great Tusk|0 fnt
|faint|p2a: Great Tusk
|-end|p2a: Great Tusk|Protosynthesis|[silent]
|
|upkeep
|
|t:|1781505593
|switch|p2a: Ogerpon|Ogerpon-Wellspring, F|100/100
|turn|28
|
|t:|1781505595
|switch|p1a: Overseer|Pecharunt|87/100
|move|p2a: Ogerpon|U-turn|p1a: Overseer
|-resisted|p1a: Overseer
|-damage|p1a: Overseer|84/100
|
|t:|1781505599
|switch|p2a: Slowking|Slowking-Galar, F|100/100|[from] U-turn
|
|upkeep
|turn|29
|
|t:|1781505606
|-terastallize|p2a: Slowking|Water
|move|p1a: Overseer|Parting Shot|p2a: Slowking
|-unboost|p2a: Slowking|atk|1
|-unboost|p2a: Slowking|spa|1
|
|t:|1781505611
|switch|p1a: Khaos|Hoopa-Unbound|88/100 par|[from] Parting Shot
|-damage|p1a: Khaos|76/100 par|[from] Stealth Rock
|move|p2a: Slowking|Sludge Bomb|p1a: Khaos
|-damage|p1a: Khaos|52/100 par
|
|upkeep
|turn|30
|
|t:|1781505615
|move|p1a: Khaos|Zen Headbutt|p2a: Slowking
|-damage|p2a: Slowking|11/100
|move|p2a: Slowking|Sludge Bomb|p1a: Khaos
|-damage|p1a: Khaos|24/100 par
|
|upkeep
|turn|31
|
|t:|1781505620
|move|p1a: Khaos|Zen Headbutt|p2a: Slowking
|-damage|p2a: Slowking|0 fnt
|faint|p2a: Slowking
|
|upkeep
|
|t:|1781505622
|switch|p2a: Ogerpon|Ogerpon-Wellspring, F|100/100
|turn|32
|
|t:|1781505627
|move|p2a: Ogerpon|Knock Off|p1a: Khaos
|-damage|p1a: Khaos|0 fnt
|-enditem|p1a: Khaos|Choice Band|[from] move: Knock Off|[of] p2a: Ogerpon
|faint|p1a: Khaos
|
|upkeep
|
|t:|1781505629
|switch|p1a: Overseer|Pecharunt|84/100
|turn|33
|
|t:|1781505634
|move|p2a: Ogerpon|Knock Off|p1a: Overseer
|-supereffective|p1a: Overseer
|-damage|p1a: Overseer|46/100
|-enditem|p1a: Overseer|Heavy-Duty Boots|[from] move: Knock Off|[of] p2a: Ogerpon
|move|p1a: Overseer|Malignant Chain|p2a: Ogerpon
|-supereffective|p2a: Ogerpon
|-damage|p2a: Ogerpon|30/100
|
|upkeep
|turn|34
|
|t:|1781505642
|move|p2a: Ogerpon|Ivy Cudgel|p1a: Overseer|[anim] Ivy Cudgel Water
|-damage|p1a: Overseer|16/100
|move|p1a: Overseer|Recover|p1a: Overseer
|-heal|p1a: Overseer|66/100
|
|upkeep
|turn|35
|
|t:|1781505660
|move|p2a: Ogerpon|U-turn|p1a: Overseer
|-resisted|p1a: Overseer
|-damage|p1a: Overseer|64/100
|
|t:|1781505662
|switch|p2a: Zamazenta|Zamazenta|100/100|[from] U-turn
|-ability|p2a: Zamazenta|Dauntless Shield|boost
|-boost|p2a: Zamazenta|def|1
|move|p1a: Overseer|Recover|p1a: Overseer
|-heal|p1a: Overseer|100/100
|
|upkeep
|turn|36
|
|t:|1781505665
|move|p2a: Zamazenta|Crunch|p1a: Overseer
|-supereffective|p1a: Overseer
|-damage|p1a: Overseer|68/100
|move|p1a: Overseer|Malignant Chain|p2a: Zamazenta
|-damage|p2a: Zamazenta|71/100
|
|upkeep
|turn|37
|
|t:|1781505671
|move|p2a: Zamazenta|Crunch|p1a: Overseer
|-supereffective|p1a: Overseer
|-damage|p1a: Overseer|38/100
|move|p1a: Overseer|Recover|p1a: Overseer
|-heal|p1a: Overseer|89/100
|
|upkeep
|turn|38
|
|t:|1781505675
|move|p2a: Zamazenta|Crunch|p1a: Overseer
|-supereffective|p1a: Overseer
|-damage|p1a: Overseer|57/100
|move|p1a: Overseer|Malignant Chain|p2a: Zamazenta
|-damage|p2a: Zamazenta|44/100
|
|upkeep
|turn|39
|
|t:|1781505681
|move|p2a: Zamazenta|Crunch|p1a: Overseer
|-supereffective|p1a: Overseer
|-damage|p1a: Overseer|28/100
|move|p1a: Overseer|Recover|p1a: Overseer
|-heal|p1a: Overseer|79/100
|
|upkeep
|turn|40
|
|t:|1781505686
|move|p2a: Zamazenta|Crunch|p1a: Overseer
|-supereffective|p1a: Overseer
|-damage|p1a: Overseer|51/100
|-unboost|p1a: Overseer|def|1
|move|p1a: Overseer|Recover|p1a: Overseer
|-heal|p1a: Overseer|100/100
|
|upkeep
|turn|41
|
|t:|1781505690
|switch|p1a: Enten|Landorus-Therian, M, shiny|35/100 par
|-damage|p1a: Enten|23/100 par|[from] Stealth Rock
|-ability|p1a: Enten|Intimidate|boost
|-unboost|p2a: Zamazenta|atk|1
|move|p2a: Zamazenta|Crunch|p1a: Enten
|-damage|p1a: Enten|3/100 par
|
|upkeep
|turn|42
|
|t:|1781505693
|move|p2a: Zamazenta|Crunch|p1a: Enten
|-damage|p1a: Enten|0 fnt
|faint|p1a: Enten
|
|upkeep
|
|t:|1781505695
|switch|p1a: Overseer|Pecharunt|100/100
|-damage|p1a: Overseer|88/100|[from] Stealth Rock
|turn|43
|
|t:|1781505697
|move|p2a: Zamazenta|Crunch|p1a: Overseer
|-supereffective|p1a: Overseer
|-damage|p1a: Overseer|68/100
|-unboost|p1a: Overseer|def|1
|move|p1a: Overseer|Malignant Chain|p2a: Zamazenta
|-damage|p2a: Zamazenta|17/100
|-status|p2a: Zamazenta|tox
|-start|p2a: Zamazenta|confusion|[from] ability: Poison Puppeteer|[of] p1a: Overseer
|
|-damage|p2a: Zamazenta|11/100 tox|[from] psn
|upkeep
|turn|44
|
|t:|1781505713
|switch|p1a: Calamity|Iron Valiant, shiny|100/100 par
|-damage|p1a: Calamity|94/100 par|[from] Stealth Rock
|-activate|p2a: Zamazenta|confusion
|move|p2a: Zamazenta|Crunch|p1a: Calamity
|-resisted|p1a: Calamity
|-damage|p1a: Calamity|89/100 par
|
|-damage|p2a: Zamazenta|0 fnt|[from] psn
|faint|p2a: Zamazenta
|upkeep
|
|t:|1781505715
|switch|p2a: Ogerpon|Ogerpon-Wellspring, F|30/100
|turn|45
|
|t:|1781505716
|move|p1a: Calamity|Vacuum Wave|p2a: Ogerpon
|-damage|p2a: Ogerpon|0 fnt
|faint|p2a: Ogerpon
|
|win|StarDio
|raw|StarDio's rating: 1641 &rarr; <strong>1660</strong><br />(+19 for winning)
|raw|blueisnoob's rating: 1616 &rarr; <strong>1597</strong><br />(-19 for losing)
|l|☆blueisnoob
|player|p2|
|l|☆StarDio
|player|p1|
