|j|☆Glinpo
|j|☆desu nathan
|t:|1781330947
|gametype|singles
|player|p1|Glinpo|brock|1588
|player|p2|desu nathan|169|1576
|gen|9
|tier|[Gen 9] OU
|rated|
|rule|HP Percentage Mod: HP is shown in percentages
|rule|Endless Battle Clause: Forcing endless battles is banned
|rule|Species Clause: Limit one of each Pokémon
|rule|OHKO Clause: OHKO moves are banned
|rule|Evasion Items Clause: Evasion items are banned
|rule|Evasion Moves Clause: Evasion moves are banned
|rule|Evasion Abilities Clause: Evasion abilities are banned
|rule|Sleep Moves Clause: Sleep-inducing moves are banned
|clearpoke
|poke|p1|Pelipper, M|
|poke|p1|Raging Bolt|
|poke|p1|Overqwil, M|
|poke|p1|Barraskewda, M|
|poke|p1|Iron Treads|
|poke|p1|Kingambit, F|
|poke|p2|Rillaboom, M|
|poke|p2|Zapdos|
|poke|p2|Kyurem|
|poke|p2|Gholdengo|
|poke|p2|Tyranitar, M|
|poke|p2|Iron Treads|
|teampreview
|inactive|Battle timer is ON: inactive players will automatically lose when time's up. (requested by Glinpo)
|inactive|desu nathan has 120 seconds left.
|inactive|desu nathan has 90 seconds left.
|
|t:|1781331028
|teamsize|p1|6
|teamsize|p2|6
|start
|switch|p1a: Iron Dreads|Iron Treads|100/100
|switch|p2a: Zapdos|Zapdos|100/100
|-enditem|p1a: Iron Dreads|Booster Energy
|-activate|p1a: Iron Dreads|ability: Quark Drive|[fromitem]
|-start|p1a: Iron Dreads|quarkdrivespe
|turn|1
|
|t:|1781331037
|move|p1a: Iron Dreads|Stealth Rock|p2a: Zapdos
|-sidestart|p2: desu nathan|move: Stealth Rock
|move|p2a: Zapdos|Heat Wave|p1a: Iron Dreads
|-supereffective|p1a: Iron Dreads
|-damage|p1a: Iron Dreads|10/100
|
|upkeep
|turn|2
|
|t:|1781331044
|switch|p2a: Iron Treads|Iron Treads|100/100
|-damage|p2a: Iron Treads|97/100|[from] Stealth Rock
|move|p1a: Iron Dreads|Steel Beam|p2a: Iron Treads
|-resisted|p2a: Iron Treads
|-damage|p2a: Iron Treads|61/100
|-damage|p1a: Iron Dreads|0 fnt|[from] steelbeam
|faint|p1a: Iron Dreads
|-end|p1a: Iron Dreads|Quark Drive|[silent]
|
|-heal|p2a: Iron Treads|67/100|[from] item: Leftovers
|upkeep
|
|t:|1781331047
|switch|p1a: Kuma II|Barraskewda, M, shiny|100/100
|turn|3
|
|t:|1781331074
|-end|p2a: Iron Treads|Quark Drive|[silent]
|switch|p2a: Zapdos|Zapdos|100/100
|move|p1a: Kuma II|Flip Turn|p2a: Zapdos
|-damage|p2a: Zapdos|36/100
|-status|p1a: Kuma II|par|[from] ability: Static|[of] p2a: Zapdos
|
|t:|1781331084
|switch|p1a: SIN MIEDO|Kingambit, F, shiny|100/100|[from] Flip Turn
|-activate|p1a: SIN MIEDO|ability: Supreme Overlord
|-start|p1a: SIN MIEDO|fallen1|[silent]
|
|upkeep
|turn|4
|j| newhere1310
|
|t:|1781331097
|move|p1a: SIN MIEDO|Sucker Punch|p2a: Zapdos
|-damage|p2a: Zapdos|0 fnt
|faint|p2a: Zapdos
|
|upkeep
|
|t:|1781331109
|switch|p2a: Iron Treads|Iron Treads|67/100
|-damage|p2a: Iron Treads|64/100|[from] Stealth Rock
|turn|5
|
|t:|1781331117
|move|p1a: SIN MIEDO|Sucker Punch||[still]
|-fail|p1a: SIN MIEDO
|move|p2a: Iron Treads|Stealth Rock|p1a: SIN MIEDO
|-sidestart|p1: Glinpo|move: Stealth Rock
|
|-heal|p2a: Iron Treads|70/100|[from] item: Leftovers
|upkeep
|turn|6
|
|t:|1781331124
|move|p2a: Iron Treads|Stealth Rock||[still]
|-fail|p2a: Iron Treads
|move|p1a: SIN MIEDO|Kowtow Cleave|p2a: Iron Treads
|-damage|p2a: Iron Treads|20/100
|
|-heal|p2a: Iron Treads|26/100|[from] item: Leftovers
|upkeep
|turn|7
|
|t:|1781331130
|-end|p2a: Iron Treads|Quark Drive|[silent]
|switch|p2a: Rillaboom|Rillaboom, M|100/100
|-damage|p2a: Rillaboom|88/100|[from] Stealth Rock
|-fieldstart|move: Grassy Terrain|[from] ability: Grassy Surge|[of] p2a: Rillaboom
|move|p1a: SIN MIEDO|Kowtow Cleave|p2a: Rillaboom
|-damage|p2a: Rillaboom|29/100
|
|-heal|p2a: Rillaboom|35/100|[from] Grassy Terrain
|upkeep
|turn|8
|
|t:|1781331139
|switch|p2a: Tyranitar|Tyranitar, M|100/100
|-damage|p2a: Tyranitar|88/100|[from] Stealth Rock
|-weather|Sandstorm|[from] ability: Sand Stream|[of] p2a: Tyranitar
|move|p1a: SIN MIEDO|Kowtow Cleave|p2a: Tyranitar
|-resisted|p2a: Tyranitar
|-damage|p2a: Tyranitar|67/100
|
|-weather|Sandstorm|[upkeep]
|-heal|p2a: Tyranitar|73/100|[from] Grassy Terrain
|-heal|p2a: Tyranitar|79/100|[from] item: Leftovers
|upkeep
|turn|9
|
|t:|1781331148
|move|p1a: SIN MIEDO|Iron Head|p2a: Tyranitar
|-supereffective|p2a: Tyranitar
|-damage|p2a: Tyranitar|6/100
|move|p2a: Tyranitar|Roar|p1a: SIN MIEDO
|-end|p1a: SIN MIEDO|fallen1|[silent]
|drag|p1a: 3 Cheers 4 SR|Overqwil, M, shiny|100/100
|-damage|p1a: 3 Cheers 4 SR|88/100|[from] Stealth Rock
|
|-weather|Sandstorm|[upkeep]
|-damage|p1a: 3 Cheers 4 SR|82/100|[from] Sandstorm
|-heal|p1a: 3 Cheers 4 SR|88/100|[from] Grassy Terrain
|-heal|p2a: Tyranitar|12/100|[from] Grassy Terrain
|-heal|p2a: Tyranitar|18/100|[from] item: Leftovers
|upkeep
|turn|10
|-message|desu nathan forfeited.
|
|win|Glinpo
|raw|Glinpo's rating: 1588 &rarr; <strong>1607</strong><br />(+19 for winning)
|raw|desu nathan's rating: 1576 &rarr; <strong>1557</strong><br />(-19 for losing)
|l|☆desu nathan
|player|p2|
|l|☆Glinpo
|player|p1|
|l| newhere1310
