|j|☆stevstacks
|j|☆texett
|t:|1781403373
|gametype|singles
|player|p1|stevstacks|266|1554
|player|p2|texett|jasmine|1523
|gen|9
|tier|[Gen 9] OU
|rated|
|rule|HP Percentage Mod: HP is shown in percentages
|rule|Endless Battle Clause: Forcing endless battles is banned
|rule|Species Clause: Limit one of each Pokémon
|rule|OHKO Clause: OHKO moves are banned
|rule|Evasion Items Clause: Evasion items are banned
|rule|Evasion Moves Clause: Evasion moves are banned
|rule|Evasion Abilities Clause: Evasion abilities are banned
|rule|Sleep Moves Clause: Sleep-inducing moves are banned
|clearpoke
|poke|p1|Torkoal, M|
|poke|p1|Corviknight, F|
|poke|p1|Walking Wake|
|poke|p1|Great Tusk|
|poke|p1|Zamazenta-*|
|poke|p1|Raging Bolt|
|poke|p2|Slither Wing|
|poke|p2|Meowscarada, F|
|poke|p2|Magnezone|
|poke|p2|Glimmora, M|
|poke|p2|Dragonite, M|
|poke|p2|Kilowattrel, F|
|teampreview
|inactive|Battle timer is ON: inactive players will automatically lose when time's up. (requested by stevstacks)
|inactive|texett also wants the timer to be on.
|
|t:|1781403393
|teamsize|p1|6
|teamsize|p2|6
|start
|switch|p1a: Torkoal|Torkoal, M, shiny|100/100
|switch|p2a: Kilowattrel|Kilowattrel, F, shiny|100/100
|-weather|SunnyDay|[from] ability: Drought|[of] p1a: Torkoal
|turn|1
|
|t:|1781403402
|switch|p1a: Raging Bolt|Raging Bolt|100/100
|-activate|p1a: Raging Bolt|ability: Protosynthesis
|-start|p1a: Raging Bolt|protosynthesisspa
|move|p2a: Kilowattrel|U-turn|p1a: Raging Bolt
|-damage|p1a: Raging Bolt|91/100
|
|t:|1781403431
|switch|p2a: Slither Wing|Slither Wing, shiny|100/100|[from] U-turn
|-activate|p2a: Slither Wing|ability: Protosynthesis
|-start|p2a: Slither Wing|protosynthesisspe
|
|-weather|SunnyDay|[upkeep]
|upkeep
|turn|2
|
|t:|1781403441
|move|p2a: Slither Wing|Earthquake|p1a: Raging Bolt
|-supereffective|p1a: Raging Bolt
|-damage|p1a: Raging Bolt|42/100
|move|p1a: Raging Bolt|Weather Ball|p2a: Slither Wing
|-supereffective|p2a: Slither Wing
|-damage|p2a: Slither Wing|0 fnt
|faint|p2a: Slither Wing
|-end|p2a: Slither Wing|Protosynthesis|[silent]
|
|-weather|SunnyDay|[upkeep]
|upkeep
|
|t:|1781403455
|switch|p2a: Meowscarada|Meowscarada, F, shiny|100/100
|turn|3
|
|t:|1781403461
|-end|p1a: Raging Bolt|Protosynthesis|[silent]
|switch|p1a: Walking Wake|Walking Wake|100/100
|-activate|p1a: Walking Wake|ability: Protosynthesis
|-start|p1a: Walking Wake|protosynthesisspe
|move|p2a: Meowscarada|Shadow Ball|p1a: Walking Wake
|-start|p2a: Meowscarada|typechange|Ghost|[from] ability: Protean
|-damage|p1a: Walking Wake|49/100
|
|-weather|SunnyDay|[upkeep]
|upkeep
|turn|4
|
|t:|1781403470
|switch|p2a: Dragonite|Dragonite, M, shiny|100/100
|move|p1a: Walking Wake|Hydro Steam|p2a: Dragonite
|-resisted|p2a: Dragonite
|-damage|p2a: Dragonite|85/100
|
|-weather|SunnyDay|[upkeep]
|upkeep
|turn|5
|
|t:|1781403476
|move|p1a: Walking Wake|Draco Meteor|p2a: Dragonite
|-supereffective|p2a: Dragonite
|-damage|p2a: Dragonite|0 fnt
|-unboost|p1a: Walking Wake|spa|2
|faint|p2a: Dragonite
|
|-weather|SunnyDay|[upkeep]
|upkeep
|
|t:|1781403483
|switch|p2a: Magnezone|Magnezone|100/100
|turn|6
|
|t:|1781403488
|move|p1a: Walking Wake|Flip Turn|p2a: Magnezone
|-damage|p2a: Magnezone|91/100
|
|t:|1781403489
|-end|p1a: Walking Wake|Protosynthesis|[silent]
|switch|p1a: Raging Bolt|Raging Bolt|42/100|[from] Flip Turn
|-activate|p1a: Raging Bolt|ability: Protosynthesis
|-start|p1a: Raging Bolt|protosynthesisspa
|move|p2a: Magnezone|Flash Cannon|p1a: Raging Bolt
|-resisted|p1a: Raging Bolt
|-damage|p1a: Raging Bolt|14/100
|
|-weather|SunnyDay|[upkeep]
|upkeep
|turn|7
|
|t:|1781403495
|move|p1a: Raging Bolt|Weather Ball|p2a: Magnezone
|-supereffective|p2a: Magnezone
|-damage|p2a: Magnezone|0 fnt
|faint|p2a: Magnezone
|
|-weather|SunnyDay|[upkeep]
|upkeep
|-message|texett forfeited.
|
|win|stevstacks
|raw|stevstacks's rating: 1554 &rarr; <strong>1572</strong><br />(+18 for winning)
|raw|texett's rating: 1523 &rarr; <strong>1505</strong><br />(-18 for losing)
|l|☆texett
|player|p2|
|l|☆stevstacks
|player|p1|
