|j|☆LowEL0God
|j|☆IMMAAXX
|t:|1781525010
|gametype|singles
|player|p1|LowEL0God|265|1655
|player|p2|IMMAAXX|unknownf|1743
|gen|9
|tier|[Gen 9] OU
|rated|
|rule|HP Percentage Mod: HP is shown in percentages
|rule|Endless Battle Clause: Forcing endless battles is banned
|rule|Species Clause: Limit one of each Pokémon
|rule|OHKO Clause: OHKO moves are banned
|rule|Evasion Items Clause: Evasion items are banned
|rule|Evasion Moves Clause: Evasion moves are banned
|rule|Evasion Abilities Clause: Evasion abilities are banned
|rule|Sleep Moves Clause: Sleep-inducing moves are banned
|clearpoke
|poke|p1|Pelipper, M|
|poke|p1|Raging Bolt|
|poke|p1|Overqwil, M|
|poke|p1|Barraskewda, M|
|poke|p1|Iron Treads|
|poke|p1|Kingambit, F|
|poke|p2|Iron Treads|
|poke|p2|Ceruledge, M|
|poke|p2|Grimmsnarl, M|
|poke|p2|Iron Moth|
|poke|p2|Ogerpon-Wellspring, F|
|poke|p2|Latias, F|
|teampreview
|c|☆LowEL0God|hf
|inactive|Battle timer is ON: inactive players will automatically lose when time's up. (requested by LowEL0God)
|
|t:|1781525019
|teamsize|p1|6
|teamsize|p2|6
|start
|switch|p1a: Kingambit|Kingambit, F|100/100
|switch|p2a: Grimmsnarl|Grimmsnarl, M|100/100
|turn|1
|
|t:|1781525021
|move|p2a: Grimmsnarl|Low Kick|p1a: Kingambit
|-supereffective|p1a: Kingambit
|-damage|p1a: Kingambit|0 fnt
|faint|p1a: Kingambit
|-end|p1a: Kingambit|fallenundefined|[silent]
|
|upkeep
|
|t:|1781525023
|switch|p1a: Overqwil|Overqwil, M|100/100
|turn|2
|
|t:|1781525026
|move|p2a: Grimmsnarl|Reflect|p2a: Grimmsnarl
|-sidestart|p2: IMMAAXX|Reflect
|move|p1a: Overqwil|Gunk Shot|p2a: Grimmsnarl|[miss]
|-miss|p1a: Overqwil|p2a: Grimmsnarl
|
|upkeep
|turn|3
|
|t:|1781525029
|move|p2a: Grimmsnarl|Light Screen|p2a: Grimmsnarl
|-sidestart|p2: IMMAAXX|move: Light Screen
|move|p1a: Overqwil|Swords Dance|p1a: Overqwil
|-boost|p1a: Overqwil|atk|2
|
|upkeep
|turn|4
|
|t:|1781525032
|switch|p2a: Iron Treads|Iron Treads|100/100
|-enditem|p2a: Iron Treads|Booster Energy
|-activate|p2a: Iron Treads|ability: Quark Drive|[fromitem]
|-start|p2a: Iron Treads|quarkdrivespe
|move|p1a: Overqwil|Liquidation|p2a: Iron Treads
|-supereffective|p2a: Iron Treads
|-crit|p2a: Iron Treads
|-damage|p2a: Iron Treads|0 fnt
|faint|p2a: Iron Treads
|-end|p2a: Iron Treads|Quark Drive|[silent]
|-damage|p1a: Overqwil|91/100|[from] item: Life Orb
|
|upkeep
|
|t:|1781525048
|switch|p2a: Iron Moth|Iron Moth|100/100
|-enditem|p2a: Iron Moth|Booster Energy
|-activate|p2a: Iron Moth|ability: Quark Drive|[fromitem]
|-start|p2a: Iron Moth|quarkdrivespe
|turn|5
|
|t:|1781525050
|move|p2a: Iron Moth|Fiery Dance|p1a: Overqwil
|-damage|p1a: Overqwil|34/100
|-boost|p2a: Iron Moth|spa|1
|move|p1a: Overqwil|Liquidation|p2a: Iron Moth
|-supereffective|p2a: Iron Moth
|-damage|p2a: Iron Moth|0 fnt
|faint|p2a: Iron Moth
|-end|p2a: Iron Moth|Quark Drive|[silent]
|-damage|p1a: Overqwil|24/100|[from] item: Life Orb
|
|upkeep
|
|t:|1781525056
|switch|p2a: Ceruledge|Ceruledge, M|100/100
|turn|6
|
|t:|1781525060
|move|p1a: Overqwil|Crunch|p2a: Ceruledge
|-supereffective|p2a: Ceruledge
|-damage|p2a: Ceruledge|0 fnt
|faint|p2a: Ceruledge
|-damage|p1a: Overqwil|14/100|[from] item: Life Orb
|
|upkeep
|
|t:|1781525063
|switch|p2a: Ogerpon|Ogerpon-Wellspring, F|100/100
|turn|7
|
|t:|1781525064
|switch|p1a: Raging Bolt|Raging Bolt|100/100
|-enditem|p1a: Raging Bolt|Booster Energy
|-activate|p1a: Raging Bolt|ability: Protosynthesis|[fromitem]
|-start|p1a: Raging Bolt|protosynthesisspa
|move|p2a: Ogerpon|Trailblaze|p1a: Raging Bolt
|-resisted|p1a: Raging Bolt
|-damage|p1a: Raging Bolt|87/100
|-boost|p2a: Ogerpon|spe|1
|
|upkeep
|turn|8
|
|t:|1781525068
|move|p2a: Ogerpon|Swords Dance|p2a: Ogerpon
|-boost|p2a: Ogerpon|atk|2
|move|p1a: Raging Bolt|Thunder|p2a: Ogerpon|[miss]
|-miss|p1a: Raging Bolt|p2a: Ogerpon
|
|upkeep
|turn|9
|
|t:|1781525070
|move|p2a: Ogerpon|Play Rough|p1a: Raging Bolt
|-supereffective|p1a: Raging Bolt
|-damage|p1a: Raging Bolt|0 fnt
|faint|p1a: Raging Bolt
|-end|p1a: Raging Bolt|Protosynthesis|[silent]
|
|-sideend|p2: IMMAAXX|Reflect
|upkeep
|
|t:|1781525070
|switch|p1a: Pelipper|Pelipper, M|100/100
|-weather|RainDance|[from] ability: Drizzle|[of] p1a: Pelipper
|turn|10
|
|t:|1781525076
|move|p2a: Ogerpon|Trailblaze|p1a: Pelipper
|-damage|p1a: Pelipper|54/100
|-boost|p2a: Ogerpon|spe|1
|move|p1a: Pelipper|Hurricane|p2a: Ogerpon
|-supereffective|p2a: Ogerpon
|-damage|p2a: Ogerpon|61/100
|
|-weather|RainDance|[upkeep]
|-sideend|p2: IMMAAXX|move: Light Screen
|upkeep
|turn|11
|
|t:|1781525087
|-terastallize|p2a: Ogerpon|Water
|detailschange|p2a: Ogerpon|Ogerpon-Wellspring-Tera, F, tera:Water
|-ability|p2a: Ogerpon|Embody Aspect (Wellspring)|boost
|-boost|p2a: Ogerpon|spd|1
|move|p2a: Ogerpon|Trailblaze|p1a: Pelipper
|-damage|p1a: Pelipper|7/100
|-boost|p2a: Ogerpon|spe|1
|move|p1a: Pelipper|Hurricane|p2a: Ogerpon
|-damage|p2a: Ogerpon|33/100
|-start|p2a: Ogerpon|confusion
|
|-weather|RainDance|[upkeep]
|upkeep
|turn|12
|
|t:|1781525092
|-activate|p2a: Ogerpon|confusion
|-damage|p2a: Ogerpon|0 fnt|[from] confusion
|faint|p2a: Ogerpon
|detailschange|p2: Ogerpon|Ogerpon-Wellspring, F|[silent]
|move|p1a: Pelipper|Roost|p1a: Pelipper
|-heal|p1a: Pelipper|57/100
|-singleturn|p1a: Pelipper|move: Roost
|
|-weather|RainDance|[upkeep]
|upkeep
|c|☆IMMAAXX|bruh
|
|t:|1781525099
|switch|p2a: Latias|Latias, F|100/100
|turn|13
|
|t:|1781525101
|move|p2a: Latias|Agility|p2a: Latias
|-boost|p2a: Latias|spe|2
|move|p1a: Pelipper|Hurricane|p2a: Latias
|-damage|p2a: Latias|70/100
|-start|p2a: Latias|confusion
|
|-weather|RainDance|[upkeep]
|upkeep
|turn|14
|
|t:|1781525105
|-activate|p2a: Latias|confusion
|move|p2a: Latias|Calm Mind|p2a: Latias
|-boost|p2a: Latias|spa|1
|-boost|p2a: Latias|spd|1
|move|p1a: Pelipper|U-turn|p2a: Latias
|-supereffective|p2a: Latias
|-damage|p2a: Latias|45/100
|-enditem|p2a: Latias|Weakness Policy
|-boost|p2a: Latias|atk|2|[from] item: Weakness Policy
|-boost|p2a: Latias|spa|2|[from] item: Weakness Policy
|
|t:|1781525106
|switch|p1a: Barraskewda|Barraskewda, M|100/100|[from] U-turn
|
|-weather|RainDance|[upkeep]
|upkeep
|turn|15
|
|t:|1781525109
|move|p1a: Barraskewda|Liquidation|p2a: Latias
|-resisted|p2a: Latias
|-damage|p2a: Latias|0 fnt
|faint|p2a: Latias
|
|-weather|RainDance|[upkeep]
|upkeep
|-message|IMMAAXX forfeited.
|
|win|LowEL0God
|raw|LowEL0God's rating: 1655 &rarr; <strong>1680</strong><br />(+25 for winning)
|raw|IMMAAXX's rating: 1743 &rarr; <strong>1718</strong><br />(-25 for losing)
|l|☆IMMAAXX
|player|p2|
|c|☆LowEL0God|gg
|l|☆LowEL0God
|player|p1|
