|j|☆0c3an m4n
|j|☆orkfo
|t:|1781286110
|gametype|singles
|player|p1|0c3an m4n|marlon|1489
|player|p2|orkfo|265|1538
|gen|9
|tier|[Gen 9] OU
|rated|
|rule|HP Percentage Mod: HP is shown in percentages
|rule|Endless Battle Clause: Forcing endless battles is banned
|rule|Species Clause: Limit one of each Pokémon
|rule|OHKO Clause: OHKO moves are banned
|rule|Evasion Items Clause: Evasion items are banned
|rule|Evasion Moves Clause: Evasion moves are banned
|rule|Evasion Abilities Clause: Evasion abilities are banned
|rule|Sleep Moves Clause: Sleep-inducing moves are banned
|clearpoke
|poke|p1|Quaquaval, M|
|poke|p1|Barraskewda, M|
|poke|p1|Pelipper, F|
|poke|p1|Slither Wing|
|poke|p1|Hatterene, F|
|poke|p1|Gastrodon-East, M|
|poke|p2|Ninetales, F|
|poke|p2|Cresselia, F|
|poke|p2|Raging Bolt|
|poke|p2|Iron Moth|
|poke|p2|Great Tusk|
|poke|p2|Walking Wake|
|teampreview
|
|t:|1781286116
|teamsize|p1|6
|teamsize|p2|6
|start
|switch|p1a: El papu|Slither Wing, shiny|100/100
|switch|p2a: Raging Bolt|Raging Bolt|100/100
|turn|1
|
|t:|1781286122
|-end|p2a: Raging Bolt|Protosynthesis|[silent]
|switch|p2a: Ninetales|Ninetales, F|100/100
|-weather|SunnyDay|[from] ability: Drought|[of] p2a: Ninetales
|-activate|p1a: El papu|ability: Protosynthesis
|-start|p1a: El papu|protosynthesisatk
|move|p1a: El papu|U-turn|p2a: Ninetales
|-resisted|p2a: Ninetales
|-damage|p2a: Ninetales|54/100
|
|t:|1781286126
|-end|p1a: El papu|Protosynthesis|[silent]
|switch|p1a: Risk of what?|Pelipper, F, shiny|100/100|[from] U-turn
|-weather|RainDance|[from] ability: Drizzle|[of] p1a: Risk of what?
|
|-weather|RainDance|[upkeep]
|upkeep
|turn|2
|
|t:|1781286129
|switch|p2a: Raging Bolt|Raging Bolt|100/100
|move|p1a: Risk of what?|U-turn|p2a: Raging Bolt
|-crit|p2a: Raging Bolt
|-damage|p2a: Raging Bolt|88/100
|
|t:|1781286131
|switch|p1a: El papu|Slither Wing, shiny|100/100|[from] U-turn
|
|-weather|RainDance|[upkeep]
|upkeep
|turn|3
|
|t:|1781286139
|move|p2a: Raging Bolt|Thunderclap|p1a: El papu
|-damage|p1a: El papu|45/100
|-damage|p2a: Raging Bolt|78/100|[from] item: Life Orb
|move|p1a: El papu|Earthquake|p2a: Raging Bolt
|-supereffective|p2a: Raging Bolt
|-damage|p2a: Raging Bolt|0 fnt
|faint|p2a: Raging Bolt
|-end|p2a: Raging Bolt|Protosynthesis|[silent]
|
|-weather|RainDance|[upkeep]
|upkeep
|
|t:|1781286142
|switch|p2a: Ninetales|Ninetales, F|54/100
|-weather|SunnyDay|[from] ability: Drought|[of] p2a: Ninetales
|-activate|p1a: El papu|ability: Protosynthesis
|-start|p1a: El papu|protosynthesisatk
|turn|4
|
|t:|1781286151
|switch|p2a: Great Tusk|Great Tusk|100/100
|-activate|p2a: Great Tusk|ability: Protosynthesis
|-start|p2a: Great Tusk|protosynthesisspe
|move|p1a: El papu|Earthquake|p2a: Great Tusk
|-damage|p2a: Great Tusk|47/100
|
|-weather|SunnyDay|[upkeep]
|upkeep
|turn|5
|
|t:|1781286159
|-end|p1a: El papu|Protosynthesis|[silent]
|switch|p1a: Si|Hatterene, F, shiny|100/100
|move|p2a: Great Tusk|Head Smash|p1a: Si
|-damage|p1a: Si|55/100
|-damage|p2a: Great Tusk|30/100|[from] Recoil
|
|-weather|SunnyDay|[upkeep]
|upkeep
|turn|6
|
|t:|1781286164
|-end|p2a: Great Tusk|Protosynthesis|[silent]
|switch|p2a: Iron Moth|Iron Moth|100/100
|-enditem|p2a: Iron Moth|Booster Energy
|-activate|p2a: Iron Moth|ability: Quark Drive|[fromitem]
|-start|p2a: Iron Moth|quarkdrivespe
|move|p1a: Si|Draining Kiss|p2a: Iron Moth
|-resisted|p2a: Iron Moth
|-damage|p2a: Iron Moth|94/100
|-heal|p1a: Si|60/100|[from] drain|[of] p2a: Iron Moth
|
|-weather|SunnyDay|[upkeep]
|upkeep
|turn|7
|inactive|Battle timer is ON: inactive players will automatically lose when time's up. (requested by orkfo)
|
|t:|1781286200
|switch|p1a: Risk of what?|Pelipper, F, shiny|100/100
|-weather|RainDance|[from] ability: Drizzle|[of] p1a: Risk of what?
|move|p2a: Iron Moth|Sludge Wave|p1a: Risk of what?
|-damage|p1a: Risk of what?|32/100
|
|-weather|RainDance|[upkeep]
|upkeep
|turn|8
|
|t:|1781286208
|switch|p1a: El papu|Slither Wing, shiny|45/100
|move|p2a: Iron Moth|Sludge Wave|p1a: El papu
|-damage|p1a: El papu|1/100
|
|-weather|RainDance|[upkeep]
|upkeep
|turn|9
|
|t:|1781286212
|move|p1a: El papu|First Impression|p2a: Iron Moth
|-resisted|p2a: Iron Moth
|-damage|p2a: Iron Moth|66/100
|move|p2a: Iron Moth|Fiery Dance|p1a: El papu
|-supereffective|p1a: El papu
|-damage|p1a: El papu|0 fnt
|-boost|p2a: Iron Moth|spa|1
|faint|p1a: El papu
|-end|p1a: El papu|Protosynthesis|[silent]
|
|-weather|RainDance|[upkeep]
|upkeep
|
|t:|1781286216
|switch|p1a: Sphyraena (Fih) 🐟|Barraskewda, M, shiny|100/100
|turn|10
|
|t:|1781286223
|-terastallize|p1a: Sphyraena (Fih) 🐟|Water
|-terastallize|p2a: Iron Moth|Grass
|move|p1a: Sphyraena (Fih) 🐟|Flip Turn|p2a: Iron Moth
|-resisted|p2a: Iron Moth
|-damage|p2a: Iron Moth|0 fnt
|faint|p2a: Iron Moth
|-end|p2a: Iron Moth|Quark Drive|[silent]
|
|t:|1781286231
|switch|p1a: Si|Hatterene, F, shiny|60/100|[from] Flip Turn
|
|-weather|RainDance|[upkeep]
|upkeep
|
|t:|1781286246
|switch|p2a: Ninetales|Ninetales, F|54/100
|-weather|SunnyDay|[from] ability: Drought|[of] p2a: Ninetales
|turn|11
|
|t:|1781286253
|switch|p2a: Walking Wake|Walking Wake|100/100
|-activate|p2a: Walking Wake|ability: Protosynthesis
|-start|p2a: Walking Wake|protosynthesisspa
|move|p1a: Si|Psychic|p2a: Walking Wake
|-damage|p2a: Walking Wake|40/100
|
|-weather|SunnyDay|[upkeep]
|upkeep
|turn|12
|
|t:|1781286256
|switch|p1a: No Shell :(|Gastrodon-East, M, shiny|100/100
|move|p2a: Walking Wake|Hydro Steam|p1a: No Shell :(
|-ability|p1a: No Shell :(|Storm Drain|boost
|-boost|p1a: No Shell :(|spa|1
|
|-weather|SunnyDay|[upkeep]
|upkeep
|turn|13
|
|t:|1781286262
|-end|p2a: Walking Wake|Protosynthesis|[silent]
|switch|p2a: Cresselia|Cresselia, F|100/100
|move|p1a: No Shell :(|Earth Power|p2a: Cresselia
|-immune|p2a: Cresselia|[from] ability: Levitate
|
|-weather|SunnyDay|[upkeep]
|upkeep
|turn|14
|
|t:|1781286267
|move|p2a: Cresselia|Ice Beam|p1a: No Shell :(
|-damage|p1a: No Shell :(|84/100
|move|p1a: No Shell :(|Surf|p2a: Cresselia
|-damage|p2a: Cresselia|83/100
|-enditem|p2a: Cresselia|Eject Button
|
|t:|1781286275
|switch|p2a: Great Tusk|Great Tusk|30/100
|-activate|p2a: Great Tusk|ability: Protosynthesis
|-start|p2a: Great Tusk|protosynthesisspe
|
|-weather|SunnyDay|[upkeep]
|-heal|p1a: No Shell :(|90/100|[from] item: Leftovers
|upkeep
|turn|15
|
|t:|1781286279
|move|p2a: Great Tusk|Headlong Rush|p1a: No Shell :(
|-damage|p1a: No Shell :(|45/100
|-unboost|p2a: Great Tusk|def|1
|-unboost|p2a: Great Tusk|spd|1
|move|p1a: No Shell :(|Surf|p2a: Great Tusk
|-supereffective|p2a: Great Tusk
|-damage|p2a: Great Tusk|0 fnt
|faint|p2a: Great Tusk
|-end|p2a: Great Tusk|Protosynthesis|[silent]
|
|-weather|SunnyDay|[upkeep]
|-heal|p1a: No Shell :(|51/100|[from] item: Leftovers
|upkeep
|
|t:|1781286286
|switch|p2a: Walking Wake|Walking Wake|40/100
|-activate|p2a: Walking Wake|ability: Protosynthesis
|-start|p2a: Walking Wake|protosynthesisspa
|turn|16
|
|t:|1781286289
|switch|p1a: Si|Hatterene, F, shiny|60/100
|move|p2a: Walking Wake|Weather Ball|p1a: Si
|-damage|p1a: Si|0 fnt
|faint|p1a: Si
|
|-weather|SunnyDay|[upkeep]
|upkeep
|
|t:|1781286303
|switch|p1a: Berdly|Quaquaval, M, shiny|100/100
|turn|17
|
|t:|1781286309
|-end|p2a: Walking Wake|Protosynthesis|[silent]
|switch|p2a: Cresselia|Cresselia, F|83/100
|move|p1a: Berdly|Aqua Step|p2a: Cresselia
|-damage|p2a: Cresselia|74/100
|-boost|p1a: Berdly|spe|1
|
|-weather|SunnyDay|[upkeep]
|upkeep
|turn|18
|
|t:|1781286314
|switch|p1a: No Shell :(|Gastrodon-East, M, shiny|51/100
|move|p2a: Cresselia|Thunder Wave|p1a: No Shell :(
|-immune|p1a: No Shell :(
|
|-weather|none
|-heal|p1a: No Shell :(|57/100|[from] item: Leftovers
|upkeep
|turn|19
|
|t:|1781286320
|move|p2a: Cresselia|Ice Beam|p1a: No Shell :(
|-damage|p1a: No Shell :(|43/100
|move|p1a: No Shell :(|Earth Power|p2a: Cresselia
|-immune|p2a: Cresselia|[from] ability: Levitate
|
|-heal|p1a: No Shell :(|49/100|[from] item: Leftovers
|upkeep
|turn|20
|
|t:|1781286324
|move|p2a: Cresselia|Lunar Dance|p2a: Cresselia
|faint|p2a: Cresselia
|move|p1a: No Shell :(|Recover|p1a: No Shell :(
|-heal|p1a: No Shell :(|99/100
|
|-heal|p1a: No Shell :(|100/100|[from] item: Leftovers
|upkeep
|
|t:|1781286327
|switch|p2a: Walking Wake|Walking Wake|40/100
|-heal|p2a: Walking Wake|100/100|[from] move: Lunar Dance
|turn|21
|
|t:|1781286332
|move|p2a: Walking Wake|Dragon Pulse|p1a: No Shell :(
|-damage|p1a: No Shell :(|35/100
|move|p1a: No Shell :(|Earth Power|p2a: Walking Wake
|-damage|p2a: Walking Wake|55/100
|
|-heal|p1a: No Shell :(|41/100|[from] item: Leftovers
|upkeep
|turn|22
|
|t:|1781286345
|switch|p1a: Risk of what?|Pelipper, F, shiny|32/100
|-weather|RainDance|[from] ability: Drizzle|[of] p1a: Risk of what?
|move|p2a: Walking Wake|Dragon Pulse|p1a: Risk of what?
|-damage|p1a: Risk of what?|0 fnt
|faint|p1a: Risk of what?
|
|-weather|RainDance|[upkeep]
|upkeep
|
|t:|1781286346
|switch|p1a: Sphyraena (Fih) 🐟|Barraskewda, M, shiny, tera:Water|100/100
|turn|23
|
|t:|1781286348
|move|p1a: Sphyraena (Fih) 🐟|Close Combat|p2a: Walking Wake
|-damage|p2a: Walking Wake|0 fnt
|-unboost|p1a: Sphyraena (Fih) 🐟|def|1
|-unboost|p1a: Sphyraena (Fih) 🐟|spd|1
|faint|p2a: Walking Wake
|-end|p2a: Walking Wake|Protosynthesis|[silent]
|
|-weather|RainDance|[upkeep]
|upkeep
|
|t:|1781286350
|switch|p2a: Ninetales|Ninetales, F|54/100
|-weather|SunnyDay|[from] ability: Drought|[of] p2a: Ninetales
|turn|24
|
|t:|1781286354
|move|p1a: Sphyraena (Fih) 🐟|Close Combat|p2a: Ninetales
|-damage|p2a: Ninetales|0 fnt
|-unboost|p1a: Sphyraena (Fih) 🐟|def|1
|-unboost|p1a: Sphyraena (Fih) 🐟|spd|1
|faint|p2a: Ninetales
|
|win|0c3an m4n
|raw|0c3an m4n's rating: 1489 &rarr; <strong>1512</strong><br />(+23 for winning)
|raw|orkfo's rating: 1538 &rarr; <strong>1515</strong><br />(-23 for losing)
|l|☆orkfo
|player|p2|
|l|☆0c3an m4n
|player|p1|
