|j|☆omari p
|j|☆fleep vs floop
|t:|1781373362
|gametype|singles
|player|p1|omari p|pokemonrangerf|1654
|player|p2|fleep vs floop|2|1644
|gen|9
|tier|[Gen 9] OU
|rated|
|rule|HP Percentage Mod: HP is shown in percentages
|rule|Endless Battle Clause: Forcing endless battles is banned
|rule|Species Clause: Limit one of each Pokémon
|rule|OHKO Clause: OHKO moves are banned
|rule|Evasion Items Clause: Evasion items are banned
|rule|Evasion Moves Clause: Evasion moves are banned
|rule|Evasion Abilities Clause: Evasion abilities are banned
|rule|Sleep Moves Clause: Sleep-inducing moves are banned
|clearpoke
|poke|p1|Klefki, M|
|poke|p1|Keldeo-Resolute|
|poke|p1|Garchomp, M|
|poke|p1|Landorus-Therian, M|
|poke|p1|Iron Valiant|
|poke|p1|Cinderace, M|
|poke|p2|Slowking-Galar, M|
|poke|p2|Chesnaught, F|
|poke|p2|Kyurem|
|poke|p2|Samurott-Hisui, M|
|poke|p2|Zapdos|
|poke|p2|Iron Treads|
|teampreview
|
|t:|1781373374
|teamsize|p1|6
|teamsize|p2|6
|start
|switch|p1a: Garchomp|Garchomp, M|100/100
|switch|p2a: Iron Treads|Iron Treads|100/100
|turn|1
|
|t:|1781373378
|move|p2a: Iron Treads|Stealth Rock|p1a: Garchomp
|-sidestart|p1: omari p|move: Stealth Rock
|move|p1a: Garchomp|Earthquake|p2a: Iron Treads
|-supereffective|p2a: Iron Treads
|-damage|p2a: Iron Treads|16/100
|
|-heal|p2a: Iron Treads|23/100|[from] item: Leftovers
|upkeep
|turn|2
|inactive|Battle timer is ON: inactive players will automatically lose when time's up. (requested by fleep vs floop)
|
|t:|1781373383
|move|p2a: Iron Treads|Earthquake|p1a: Garchomp
|-damage|p1a: Garchomp|71/100
|move|p1a: Garchomp|Earthquake|p2a: Iron Treads
|-supereffective|p2a: Iron Treads
|-damage|p2a: Iron Treads|0 fnt
|faint|p2a: Iron Treads
|-end|p2a: Iron Treads|Quark Drive|[silent]
|
|upkeep
|
|t:|1781373386
|switch|p2a: Chesnaught|Chesnaught, F|100/100
|turn|3
|
|t:|1781373392
|switch|p1a: Cinderace|Cinderace, M|100/100
|move|p2a: Chesnaught|Leech Seed|p1a: Cinderace
|-start|p1a: Cinderace|move: Leech Seed
|
|-damage|p1a: Cinderace|88/100|[from] Leech Seed|[of] p2a: Chesnaught
|upkeep
|turn|4
|
|t:|1781373396
|move|p1a: Cinderace|Court Change|p1a: Cinderace
|-start|p1a: Cinderace|typechange|Normal|[from] ability: Libero
|-swapsideconditions
|-activate|p1a: Cinderace|move: Court Change
|move|p2a: Chesnaught|Body Press|p1a: Cinderace
|-supereffective|p1a: Cinderace
|-damage|p1a: Cinderace|0 fnt
|faint|p1a: Cinderace
|
|upkeep
|
|t:|1781373402
|switch|p1a: Klefki|Klefki, M|100/100
|turn|5
|
|t:|1781373405
|move|p1a: Klefki|Spikes|p2a: Chesnaught
|-sidestart|p2: fleep vs floop|Spikes
|move|p2a: Chesnaught|Leech Seed|p1a: Klefki
|-start|p1a: Klefki|move: Leech Seed
|
|-damage|p1a: Klefki|88/100|[from] Leech Seed|[of] p2a: Chesnaught
|upkeep
|turn|6
|
|t:|1781373407
|switch|p2a: Samurott|Samurott-Hisui, M|100/100
|move|p1a: Klefki|Thunder Wave|p2a: Samurott
|-hint|Since gen 7, Dark is immune to Prankster moves.
|-immune|p2a: Samurott
|
|-heal|p1a: Klefki|94/100|[from] item: Leftovers
|-damage|p1a: Klefki|82/100|[from] Leech Seed|[of] p2a: Samurott
|upkeep
|turn|7
|
|t:|1781373410
|move|p1a: Klefki|Spikes|p2a: Samurott
|-sidestart|p2: fleep vs floop|Spikes
|move|p2a: Samurott|Ceaseless Edge|p1a: Klefki
|-resisted|p1a: Klefki
|-damage|p1a: Klefki|52/100
|-sidestart|p1: omari p|Spikes
|
|-heal|p1a: Klefki|58/100|[from] item: Leftovers
|-damage|p1a: Klefki|46/100|[from] Leech Seed|[of] p2a: Samurott
|upkeep
|turn|8
|
|t:|1781373416
|move|p1a: Klefki|Spikes|p2a: Samurott
|-sidestart|p2: fleep vs floop|Spikes
|move|p2a: Samurott|Ceaseless Edge|p1a: Klefki
|-resisted|p1a: Klefki
|-damage|p1a: Klefki|15/100
|-sidestart|p1: omari p|Spikes
|
|-heal|p1a: Klefki|21/100|[from] item: Leftovers
|-damage|p1a: Klefki|9/100|[from] Leech Seed|[of] p2a: Samurott
|upkeep
|turn|9
|
|t:|1781373418
|move|p1a: Klefki|Magic Room|p1a: Klefki
|-fieldstart|move: Magic Room|[of] p1a: Klefki
|move|p2a: Samurott|Ceaseless Edge|p1a: Klefki
|-resisted|p1a: Klefki
|-damage|p1a: Klefki|0 fnt
|-sidestart|p1: omari p|Spikes
|faint|p1a: Klefki
|
|upkeep
|
|t:|1781373420
|switch|p1a: Keldeo|Keldeo-Resolute|100/100
|-damage|p1a: Keldeo|76/100|[from] Spikes
|turn|10
|
|t:|1781373423
|move|p1a: Keldeo|Secret Sword|p2a: Samurott
|-supereffective|p2a: Samurott
|-damage|p2a: Samurott|0 fnt
|faint|p2a: Samurott
|
|upkeep
|
|t:|1781373428
|switch|p2a: Zapdos|Zapdos|100/100
|-damage|p2a: Zapdos|76/100|[from] Stealth Rock
|turn|11
|
|t:|1781373432
|switch|p1a: Landorus|Landorus-Therian, M|100/100
|-ability|p1a: Landorus|Intimidate|boost
|-unboost|p2a: Zapdos|atk|1
|move|p2a: Zapdos|Hurricane|p1a: Landorus|[miss]
|-miss|p2a: Zapdos|p1a: Landorus
|
|upkeep
|turn|12
|
|t:|1781373437
|move|p1a: Landorus|Stone Edge|p2a: Zapdos|[miss]
|-miss|p1a: Landorus|p2a: Zapdos
|move|p2a: Zapdos|Hurricane|p1a: Landorus|[miss]
|-miss|p2a: Zapdos|p1a: Landorus
|
|upkeep
|turn|13
|
|t:|1781373443
|move|p1a: Landorus|Stone Edge|p2a: Zapdos
|-supereffective|p2a: Zapdos
|-damage|p2a: Zapdos|24/100
|move|p2a: Zapdos|Roost|p2a: Zapdos
|-heal|p2a: Zapdos|74/100
|-singleturn|p2a: Zapdos|move: Roost
|
|-fieldend|move: Magic Room|[of] p1: Klefki
|upkeep
|turn|14
|
|t:|1781373450
|move|p1a: Landorus|Stone Edge|p2a: Zapdos
|-supereffective|p2a: Zapdos
|-damage|p2a: Zapdos|17/100
|move|p2a: Zapdos|Hurricane|p1a: Landorus|[miss]
|-miss|p2a: Zapdos|p1a: Landorus
|
|upkeep
|turn|15
|
|t:|1781373454
|move|p1a: Landorus|Stone Edge|p2a: Zapdos
|-supereffective|p2a: Zapdos
|-damage|p2a: Zapdos|0 fnt
|faint|p2a: Zapdos
|
|upkeep
|
|t:|1781373456
|switch|p2a: Chesnaught|Chesnaught, F|100/100
|-damage|p2a: Chesnaught|94/100|[from] Stealth Rock
|-damage|p2a: Chesnaught|70/100|[from] Spikes
|turn|16
|
|t:|1781373459
|switch|p1a: Garchomp|Garchomp, M|71/100
|-damage|p1a: Garchomp|47/100|[from] Spikes
|move|p2a: Chesnaught|Leech Seed|p1a: Garchomp
|-start|p1a: Garchomp|move: Leech Seed
|
|-damage|p1a: Garchomp|34/100|[from] Leech Seed|[of] p2a: Chesnaught
|-heal|p2a: Chesnaught|83/100|[silent]
|upkeep
|turn|17
|c|☆fleep vs floop|Ok
|
|t:|1781373465
|move|p2a: Chesnaught|Synthesis|p2a: Chesnaught
|-heal|p2a: Chesnaught|100/100
|move|p1a: Garchomp|Dragon Tail|p2a: Chesnaught
|-damage|p2a: Chesnaught|85/100
|-damage|p1a: Garchomp|18/100|[from] item: Rocky Helmet|[of] p2a: Chesnaught
|drag|p2a: Slowking|Slowking-Galar, M|100/100
|
|-damage|p1a: Garchomp|5/100|[from] Leech Seed|[of] p2a: Slowking
|upkeep
|turn|18
|
|t:|1781373469
|switch|p2a: Chesnaught|Chesnaught, F|85/100
|-damage|p2a: Chesnaught|79/100|[from] Stealth Rock
|-damage|p2a: Chesnaught|55/100|[from] Spikes
|move|p1a: Garchomp|Earthquake|p2a: Chesnaught
|-resisted|p2a: Chesnaught
|-damage|p2a: Chesnaught|42/100
|
|-damage|p1a: Garchomp|0 fnt|[from] Leech Seed|[of] p2a: Chesnaught
|-heal|p2a: Chesnaught|47/100|[silent]
|faint|p1a: Garchomp
|upkeep
|
|t:|1781373473
|switch|p1a: Iron Valiant|Iron Valiant|100/100
|-damage|p1a: Iron Valiant|76/100|[from] Spikes
|-enditem|p1a: Iron Valiant|Booster Energy
|-activate|p1a: Iron Valiant|ability: Quark Drive|[fromitem]
|-start|p1a: Iron Valiant|quarkdrivespe
|turn|19
|
|t:|1781373476
|move|p1a: Iron Valiant|Moonblast|p2a: Chesnaught
|-supereffective|p2a: Chesnaught
|-damage|p2a: Chesnaught|0 fnt
|faint|p2a: Chesnaught
|
|upkeep
|
|t:|1781373477
|switch|p2a: Slowking|Slowking-Galar, M|100/100
|turn|20
|
|t:|1781373484
|-terastallize|p1a: Iron Valiant|Ghost
|move|p1a: Iron Valiant|Knock Off|p2a: Slowking
|-supereffective|p2a: Slowking
|-crit|p2a: Slowking
|-damage|p2a: Slowking|10/100
|-enditem|p2a: Slowking|Heavy-Duty Boots|[from] move: Knock Off|[of] p1a: Iron Valiant
|move|p2a: Slowking|Sludge Bomb|p1a: Iron Valiant
|-resisted|p1a: Iron Valiant
|-damage|p1a: Iron Valiant|42/100
|
|upkeep
|turn|21
|j| LOTRsucks
|
|t:|1781373493
|move|p1a: Iron Valiant|Knock Off|p2a: Slowking
|-supereffective|p2a: Slowking
|-damage|p2a: Slowking|0 fnt
|faint|p2a: Slowking
|
|upkeep
|
|t:|1781373496
|switch|p2a: Kyurem|Kyurem|100/100
|-ability|p2a: Kyurem|Pressure
|turn|22
|c|☆fleep vs floop|Bg
|c|☆fleep vs floop|Gets all the luck
|
|t:|1781373515
|-terastallize|p2a: Kyurem|Ghost
|move|p1a: Iron Valiant|Moonblast|p2a: Kyurem
|-damage|p2a: Kyurem|60/100
|move|p2a: Kyurem|Ice Beam|p1a: Iron Valiant
|-crit|p1a: Iron Valiant
|-damage|p1a: Iron Valiant|0 fnt
|faint|p1a: Iron Valiant
|-end|p1a: Iron Valiant|Quark Drive|[silent]
|
|upkeep
|
|t:|1781373520
|switch|p1a: Landorus|Landorus-Therian, M|100/100
|-ability|p1a: Landorus|Intimidate|boost
|-unboost|p2a: Kyurem|atk|1
|turn|23
|
|t:|1781373523
|move|p1a: Landorus|Earthquake|p2a: Kyurem
|-damage|p2a: Kyurem|4/100
|move|p2a: Kyurem|Ice Beam|p1a: Landorus
|-supereffective|p1a: Landorus
|-damage|p1a: Landorus|0 fnt
|faint|p1a: Landorus
|
|upkeep
|
|t:|1781373525
|switch|p1a: Keldeo|Keldeo-Resolute|76/100
|-damage|p1a: Keldeo|51/100|[from] Spikes
|turn|24
|-message|fleep vs floop forfeited.
|
|win|omari p
|raw|omari p's rating: 1654 &rarr; <strong>1673</strong><br />(+19 for winning)
|raw|fleep vs floop's rating: 1644 &rarr; <strong>1625</strong><br />(-19 for losing)
|l|☆fleep vs floop
|player|p2|
|l| LOTRsucks
|l|☆omari p
|player|p1|
