|j|☆LowEL0God
|j|☆thelarpinglarper
|t:|1781427181
|gametype|singles
|player|p1|LowEL0God|265|1667
|player|p2|thelarpinglarper|sordward|1739
|gen|9
|tier|[Gen 9] OU
|rated|
|rule|HP Percentage Mod: HP is shown in percentages
|rule|Endless Battle Clause: Forcing endless battles is banned
|rule|Species Clause: Limit one of each Pokémon
|rule|OHKO Clause: OHKO moves are banned
|rule|Evasion Items Clause: Evasion items are banned
|rule|Evasion Moves Clause: Evasion moves are banned
|rule|Evasion Abilities Clause: Evasion abilities are banned
|rule|Sleep Moves Clause: Sleep-inducing moves are banned
|clearpoke
|poke|p1|Pelipper, F|
|poke|p1|Raging Bolt|
|poke|p1|Overqwil, F|
|poke|p1|Barraskewda, F|
|poke|p1|Iron Treads|
|poke|p1|Kingambit, M|
|poke|p2|Samurott-Hisui, M|
|poke|p2|Iron Treads|
|poke|p2|Iron Valiant|
|poke|p2|Rotom-Wash|
|poke|p2|Iron Moth|
|poke|p2|Pecharunt|
|teampreview
|inactive|Battle timer is ON: inactive players will automatically lose when time's up. (requested by thelarpinglarper)
|c|☆LowEL0God|hf
|inactive|LowEL0God also wants the timer to be on.
|c|☆thelarpinglarper|glhf
|c|☆thelarpinglarper|also w username
|
|t:|1781427196
|teamsize|p1|6
|teamsize|p2|6
|start
|switch|p1a: Kingambit|Kingambit, M|100/100
|switch|p2a: Rotom|Rotom-Wash|100/100
|turn|1
|
|t:|1781427200
|move|p2a: Rotom|Hydro Pump|p1a: Kingambit
|-damage|p1a: Kingambit|62/100
|move|p1a: Kingambit|Swords Dance|p1a: Kingambit
|-boost|p1a: Kingambit|atk|2
|
|-heal|p1a: Kingambit|68/100|[from] item: Leftovers
|upkeep
|turn|2
|
|t:|1781427217
|move|p2a: Rotom|Volt Switch|p1a: Kingambit
|-damage|p1a: Kingambit|45/100
|
|t:|1781427224
|switch|p2a: Iron Moth|Iron Moth|100/100|[from] Volt Switch
|move|p1a: Kingambit|Kowtow Cleave|p2a: Iron Moth
|-damage|p2a: Iron Moth|0 fnt
|faint|p2a: Iron Moth
|-end|p2a: Iron Moth|Quark Drive|[silent]
|
|-heal|p1a: Kingambit|51/100|[from] item: Leftovers
|upkeep
|
|t:|1781427226
|switch|p2a: Iron Valiant|Iron Valiant|100/100
|turn|3
|
|t:|1781427227
|move|p1a: Kingambit|Sucker Punch|p2a: Iron Valiant
|-resisted|p2a: Iron Valiant
|-damage|p2a: Iron Valiant|76/100
|move|p2a: Iron Valiant|Moonblast|p1a: Kingambit
|-damage|p1a: Kingambit|7/100
|-unboost|p1a: Kingambit|spa|1
|-damage|p2a: Iron Valiant|66/100|[from] item: Life Orb
|
|-heal|p1a: Kingambit|13/100|[from] item: Leftovers
|upkeep
|turn|4
|
|t:|1781427232
|move|p1a: Kingambit|Sucker Punch|p2a: Iron Valiant
|-resisted|p2a: Iron Valiant
|-damage|p2a: Iron Valiant|42/100
|move|p2a: Iron Valiant|Knock Off|p1a: Kingambit
|-resisted|p1a: Kingambit
|-damage|p1a: Kingambit|0 fnt
|-enditem|p1a: Kingambit|Leftovers|[from] move: Knock Off|[of] p2a: Iron Valiant
|faint|p1a: Kingambit
|-end|p1a: Kingambit|fallenundefined|[silent]
|-damage|p2a: Iron Valiant|32/100|[from] item: Life Orb
|
|upkeep
|
|t:|1781427233
|switch|p1a: Barraskewda|Barraskewda, F|100/100
|turn|5
|
|t:|1781427237
|-end|p2a: Iron Valiant|Quark Drive|[silent]
|switch|p2a: Samurott|Samurott-Hisui, M|100/100
|move|p1a: Barraskewda|Liquidation|p2a: Samurott
|-resisted|p2a: Samurott
|-damage|p2a: Samurott|54/100
|
|upkeep
|turn|6
|
|t:|1781427244
|-terastallize|p1a: Barraskewda|Water
|move|p1a: Barraskewda|Liquidation|p2a: Samurott
|-resisted|p2a: Samurott
|-damage|p2a: Samurott|0 fnt
|faint|p2a: Samurott
|
|upkeep
|
|t:|1781427248
|switch|p2a: Rotom|Rotom-Wash|100/100
|turn|7
|
|t:|1781427251
|switch|p1a: Raging Bolt|Raging Bolt|100/100
|-enditem|p1a: Raging Bolt|Booster Energy
|-activate|p1a: Raging Bolt|ability: Protosynthesis|[fromitem]
|-start|p1a: Raging Bolt|protosynthesisspa
|move|p2a: Rotom|Hydro Pump|p1a: Raging Bolt
|-resisted|p1a: Raging Bolt
|-damage|p1a: Raging Bolt|81/100
|
|upkeep
|turn|8
|
|t:|1781427255
|move|p1a: Raging Bolt|Draco Meteor|p2a: Rotom
|-damage|p2a: Rotom|0 fnt
|-unboost|p1a: Raging Bolt|spa|2
|faint|p2a: Rotom
|
|upkeep
|
|t:|1781427258
|switch|p2a: Iron Treads|Iron Treads|100/100
|turn|9
|
|t:|1781427263
|-end|p2a: Iron Treads|Quark Drive|[silent]
|switch|p2a: Pecharunt|Pecharunt|100/100
|-end|p1a: Raging Bolt|Protosynthesis|[silent]
|switch|p1a: Pelipper|Pelipper, F|100/100
|-weather|RainDance|[from] ability: Drizzle|[of] p1a: Pelipper
|
|-weather|RainDance|[upkeep]
|upkeep
|turn|10
|
|t:|1781427266
|move|p2a: Pecharunt|Toxic|p1a: Pelipper
|-status|p1a: Pelipper|tox
|-start|p1a: Pelipper|confusion|[from] ability: Poison Puppeteer|[of] p2a: Pecharunt
|-activate|p1a: Pelipper|confusion
|move|p1a: Pelipper|Weather Ball|p2a: Pecharunt
|-damage|p2a: Pecharunt|48/100
|
|-weather|RainDance|[upkeep]
|-damage|p1a: Pelipper|94/100 tox|[from] psn
|upkeep
|turn|11
|
|t:|1781427268
|switch|p1a: Barraskewda|Barraskewda, F, tera:Water|100/100
|move|p2a: Pecharunt|Recover|p2a: Pecharunt
|-heal|p2a: Pecharunt|98/100
|
|-weather|RainDance|[upkeep]
|upkeep
|turn|12
|
|t:|1781427278
|move|p1a: Barraskewda|Flip Turn|p2a: Pecharunt
|-damage|p2a: Pecharunt|54/100
|
|t:|1781427279
|switch|p1a: Overqwil|Overqwil, F|100/100|[from] Flip Turn
|move|p2a: Pecharunt|Recover|p2a: Pecharunt
|-heal|p2a: Pecharunt|100/100
|
|-weather|RainDance|[upkeep]
|upkeep
|turn|13
|
|t:|1781427283
|move|p1a: Overqwil|Swords Dance|p1a: Overqwil
|-boost|p1a: Overqwil|atk|2
|move|p2a: Pecharunt|Foul Play|p1a: Overqwil
|-resisted|p1a: Overqwil
|-damage|p1a: Overqwil|64/100
|
|-weather|RainDance|[upkeep]
|upkeep
|turn|14
|
|t:|1781427292
|-terastallize|p2a: Pecharunt|Dark
|move|p1a: Overqwil|Liquidation|p2a: Pecharunt
|-damage|p2a: Pecharunt|45/100
|-damage|p1a: Overqwil|54/100|[from] item: Life Orb
|move|p2a: Pecharunt|Foul Play|p1a: Overqwil
|-resisted|p1a: Overqwil
|-damage|p1a: Overqwil|0 fnt
|faint|p1a: Overqwil
|
|-weather|RainDance|[upkeep]
|upkeep
|
|t:|1781427293
|switch|p1a: Barraskewda|Barraskewda, F, tera:Water|100/100
|turn|15
|
|t:|1781427310
|switch|p2a: Iron Valiant|Iron Valiant|32/100
|move|p1a: Barraskewda|Liquidation|p2a: Iron Valiant
|-damage|p2a: Iron Valiant|0 fnt
|faint|p2a: Iron Valiant
|-end|p2a: Iron Valiant|Quark Drive|[silent]
|
|-weather|RainDance|[upkeep]
|upkeep
|
|t:|1781427313
|switch|p2a: Iron Treads|Iron Treads|100/100
|turn|16
|
|t:|1781427314
|move|p1a: Barraskewda|Liquidation|p2a: Iron Treads
|-supereffective|p2a: Iron Treads
|-damage|p2a: Iron Treads|0 fnt
|faint|p2a: Iron Treads
|-end|p2a: Iron Treads|Quark Drive|[silent]
|
|-weather|none
|upkeep
|
|t:|1781427316
|switch|p2a: Pecharunt|Pecharunt, tera:Dark|45/100
|turn|17
|
|t:|1781427319
|move|p1a: Barraskewda|Liquidation|p2a: Pecharunt
|-damage|p2a: Pecharunt|1/100
|move|p2a: Pecharunt|Recover|p2a: Pecharunt
|-heal|p2a: Pecharunt|51/100
|
|upkeep
|turn|18
|
|t:|1781427323
|move|p1a: Barraskewda|Liquidation|p2a: Pecharunt
|-damage|p2a: Pecharunt|9/100
|-unboost|p2a: Pecharunt|def|1
|move|p2a: Pecharunt|Foul Play|p1a: Barraskewda
|-damage|p1a: Barraskewda|6/100
|
|upkeep
|turn|19
|
|t:|1781427325
|move|p1a: Barraskewda|Liquidation|p2a: Pecharunt
|-damage|p2a: Pecharunt|0 fnt
|faint|p2a: Pecharunt
|
|win|LowEL0God
|raw|LowEL0God's rating: 1667 &rarr; <strong>1691</strong><br />(+24 for winning)
|raw|thelarpinglarper's rating: 1739 &rarr; <strong>1715</strong><br />(-24 for losing)
|c|☆thelarpinglarper|gg
|c|☆LowEL0God|gg
|l|☆LowEL0God
|player|p1|
