|j|☆Mr.X&Y97
|j|☆ashavathama
|t:|1781578828
|gametype|singles
|player|p1|Mr.X&Y97|ingo|1614
|player|p2|ashavathama|101|1525
|gen|9
|tier|[Gen 9] OU
|rated|
|rule|HP Percentage Mod: HP is shown in percentages
|rule|Endless Battle Clause: Forcing endless battles is banned
|rule|Species Clause: Limit one of each Pokémon
|rule|OHKO Clause: OHKO moves are banned
|rule|Evasion Items Clause: Evasion items are banned
|rule|Evasion Moves Clause: Evasion moves are banned
|rule|Evasion Abilities Clause: Evasion abilities are banned
|rule|Sleep Moves Clause: Sleep-inducing moves are banned
|clearpoke
|poke|p1|Regieleki|
|poke|p1|Grafaiai, M|
|poke|p1|Corviknight, F|
|poke|p1|Alomomola, M|
|poke|p1|Gliscor, F|
|poke|p1|Zamazenta-*|
|poke|p2|Samurott-Hisui, F|
|poke|p2|Kingambit, M|
|poke|p2|Raging Bolt|
|poke|p2|Rillaboom, M|
|poke|p2|Iron Treads|
|poke|p2|Kyurem|
|teampreview
|inactive|Battle timer is ON: inactive players will automatically lose when time's up. (requested by Mr.X&Y97)
|inactive|Mr.X&Y97 has 120 seconds left.
|
|t:|1781578860
|teamsize|p1|6
|teamsize|p2|6
|start
|switch|p1a: Grafaiai|Grafaiai, M|100/100
|switch|p2a: Rillaboom|Rillaboom, M|100/100
|-fieldstart|move: Grassy Terrain|[from] ability: Grassy Surge|[of] p2a: Rillaboom
|turn|1
|
|t:|1781578869
|switch|p2a: Iron Treads|Iron Treads|100/100
|move|p1a: Grafaiai|Switcheroo|p2a: Iron Treads
|-activate|p1a: Grafaiai|move: Trick|[of] p2a: Iron Treads
|-item|p2a: Iron Treads|Ring Target|[from] move: Switcheroo
|-item|p1a: Grafaiai|Leftovers|[from] move: Switcheroo
|
|upkeep
|turn|2
|
|t:|1781578874
|move|p1a: Grafaiai|U-turn|p2a: Iron Treads
|-resisted|p2a: Iron Treads
|-damage|p2a: Iron Treads|93/100
|
|t:|1781578876
|switch|p1a: Corviknight|Corviknight, F|100/100|[from] U-turn
|-ability|p1a: Corviknight|Pressure
|move|p2a: Iron Treads|Stealth Rock|p1a: Corviknight
|-sidestart|p1: Mr.X&Y97|move: Stealth Rock
|
|-heal|p2a: Iron Treads|99/100|[from] Grassy Terrain
|upkeep
|turn|3
|
|t:|1781578880
|move|p2a: Iron Treads|Knock Off|p1a: Corviknight
|-damage|p1a: Corviknight|79/100
|-damage|p2a: Iron Treads|82/100|[from] item: Rocky Helmet|[of] p1a: Corviknight
|-enditem|p1a: Corviknight|Rocky Helmet|[from] move: Knock Off|[of] p2a: Iron Treads
|move|p1a: Corviknight|Defog|p2a: Iron Treads
|-unboost|p2a: Iron Treads|evasion|1
|-sideend|p1: Mr.X&Y97|Stealth Rock|[from] move: Defog|[of] p1a: Corviknight
|-fieldend|move: Grassy Terrain
|
|upkeep
|turn|4
|
|t:|1781578890
|move|p2a: Iron Treads|Stealth Rock|p1a: Corviknight
|-sidestart|p1: Mr.X&Y97|move: Stealth Rock
|move|p1a: Corviknight|U-turn|p2a: Iron Treads
|-resisted|p2a: Iron Treads
|-damage|p2a: Iron Treads|76/100
|
|t:|1781578893
|switch|p1a: Regieleki|Regieleki|100/100|[from] U-turn
|-damage|p1a: Regieleki|88/100|[from] Stealth Rock
|
|upkeep
|turn|5
|
|t:|1781578896
|move|p1a: Regieleki|Volt Switch|p2a: Iron Treads
|-damage|p2a: Iron Treads|0 fnt
|faint|p2a: Iron Treads
|-end|p2a: Iron Treads|Quark Drive|[silent]
|
|t:|1781578900
|switch|p1a: Gliscor|Gliscor, F|100/100|[from] Volt Switch
|-damage|p1a: Gliscor|88/100|[from] Stealth Rock
|
|-status|p1a: Gliscor|tox|[from] item: Toxic Orb
|upkeep
|
|t:|1781578903
|switch|p2a: Kyurem|Kyurem|100/100
|-ability|p2a: Kyurem|Pressure
|turn|6
|
|t:|1781578909
|switch|p1a: Alomomola|Alomomola, M|100/100
|-damage|p1a: Alomomola|88/100|[from] Stealth Rock
|move|p2a: Kyurem|Freeze-Dry|p1a: Alomomola
|-supereffective|p1a: Alomomola
|-damage|p1a: Alomomola|47/100
|
|upkeep
|turn|7
|
|t:|1781578923
|switch|p1a: Grafaiai|Grafaiai, M|100/100
|-damage|p1a: Grafaiai|88/100|[from] Stealth Rock
|move|p2a: Kyurem|Freeze-Dry|p1a: Grafaiai
|-damage|p1a: Grafaiai|32/100
|
|-heal|p1a: Grafaiai|38/100|[from] item: Leftovers
|upkeep
|turn|8
|
|t:|1781578927
|move|p1a: Grafaiai|Switcheroo|p2a: Kyurem
|-activate|p1a: Grafaiai|move: Trick|[of] p2a: Kyurem
|-item|p2a: Kyurem|Leftovers|[from] move: Switcheroo
|-item|p1a: Grafaiai|Assault Vest|[from] move: Switcheroo
|move|p2a: Kyurem|Earth Power|p1a: Grafaiai
|-supereffective|p1a: Grafaiai
|-damage|p1a: Grafaiai|0 fnt
|faint|p1a: Grafaiai
|
|upkeep
|
|t:|1781578940
|switch|p1a: Alomomola|Alomomola, M|80/100
|-damage|p1a: Alomomola|68/100|[from] Stealth Rock
|turn|9
|
|t:|1781578943
|move|p2a: Kyurem|Freeze-Dry|p1a: Alomomola
|-supereffective|p1a: Alomomola
|-damage|p1a: Alomomola|32/100
|move|p1a: Alomomola|Mirror Coat|p2a: Kyurem
|-damage|p2a: Kyurem|11/100
|
|-heal|p2a: Kyurem|17/100|[from] item: Leftovers
|upkeep
|turn|10
|
|t:|1781578972
|-terastallize|p1a: Alomomola|Dark
|move|p2a: Kyurem|Draco Meteor|p1a: Alomomola
|-damage|p1a: Alomomola|0 fnt
|-unboost|p2a: Kyurem|spa|2
|faint|p1a: Alomomola
|
|-heal|p2a: Kyurem|24/100|[from] item: Leftovers
|upkeep
|
|t:|1781578981
|switch|p1a: Corviknight|Corviknight, F|79/100
|-damage|p1a: Corviknight|67/100|[from] Stealth Rock
|-ability|p1a: Corviknight|Pressure
|turn|11
|
|t:|1781578985
|switch|p2a: Raging Bolt|Raging Bolt|100/100
|-enditem|p2a: Raging Bolt|Booster Energy
|-activate|p2a: Raging Bolt|ability: Protosynthesis|[fromitem]
|-start|p2a: Raging Bolt|protosynthesisspa
|move|p1a: Corviknight|Defog|p2a: Raging Bolt
|-unboost|p2a: Raging Bolt|evasion|1
|-sideend|p1: Mr.X&Y97|Stealth Rock|[from] move: Defog|[of] p1a: Corviknight
|
|upkeep
|turn|12
|
|t:|1781578998
|switch|p1a: Gliscor|Gliscor, F|88/100 tox
|move|p2a: Raging Bolt|Calm Mind|p2a: Raging Bolt
|-boost|p2a: Raging Bolt|spa|1
|-boost|p2a: Raging Bolt|spd|1
|
|-heal|p1a: Gliscor|100/100 tox|[from] ability: Poison Heal
|upkeep
|turn|13
|
|t:|1781579006
|move|p1a: Gliscor|Earthquake|p2a: Raging Bolt
|-supereffective|p2a: Raging Bolt
|-damage|p2a: Raging Bolt|44/100
|move|p2a: Raging Bolt|Dragon Pulse|p1a: Gliscor
|-damage|p1a: Gliscor|4/100 tox
|
|-heal|p1a: Gliscor|16/100 tox|[from] ability: Poison Heal
|upkeep
|turn|14
|
|t:|1781579015
|-terastallize|p2a: Raging Bolt|Fairy
|move|p1a: Gliscor|Earthquake|p2a: Raging Bolt
|-damage|p2a: Raging Bolt|12/100
|move|p2a: Raging Bolt|Dragon Pulse|p1a: Gliscor
|-damage|p1a: Gliscor|0 fnt
|faint|p1a: Gliscor
|
|upkeep
|
|t:|1781579025
|switch|p1a: Regieleki|Regieleki|88/100
|turn|15
|
|t:|1781579027
|move|p2a: Raging Bolt|Thunderclap|p1a: Regieleki
|-resisted|p1a: Regieleki
|-damage|p1a: Regieleki|3/100
|move|p1a: Regieleki|Volt Switch|p2a: Raging Bolt
|-damage|p2a: Raging Bolt|0 fnt
|faint|p2a: Raging Bolt
|-end|p2a: Raging Bolt|Protosynthesis|[silent]
|
|t:|1781579033
|switch|p1a: Zamazenta|Zamazenta|100/100|[from] Volt Switch
|-ability|p1a: Zamazenta|Dauntless Shield|boost
|-boost|p1a: Zamazenta|def|1
|
|upkeep
|
|t:|1781579036
|switch|p2a: Samurott|Samurott-Hisui, F|100/100
|turn|16
|
|t:|1781579040
|move|p2a: Samurott|Razor Shell|p1a: Zamazenta
|-damage|p1a: Zamazenta|67/100
|-unboost|p1a: Zamazenta|def|1
|move|p1a: Zamazenta|Iron Defense|p1a: Zamazenta
|-boost|p1a: Zamazenta|def|2
|
|-heal|p1a: Zamazenta|74/100|[from] item: Leftovers
|upkeep
|turn|17
|
|t:|1781579044
|move|p2a: Samurott|Razor Shell|p1a: Zamazenta
|-damage|p1a: Zamazenta|50/100
|move|p1a: Zamazenta|Iron Defense|p1a: Zamazenta
|-boost|p1a: Zamazenta|def|2
|
|-heal|p1a: Zamazenta|56/100|[from] item: Leftovers
|upkeep
|turn|18
|
|t:|1781579050
|move|p2a: Samurott|Razor Shell|p1a: Zamazenta
|-damage|p1a: Zamazenta|41/100
|move|p1a: Zamazenta|Body Press|p2a: Samurott
|-supereffective|p2a: Samurott
|-crit|p2a: Samurott
|-damage|p2a: Samurott|0 fnt
|faint|p2a: Samurott
|
|-heal|p1a: Zamazenta|47/100|[from] item: Leftovers
|upkeep
|
|t:|1781579060
|switch|p2a: Rillaboom|Rillaboom, M|100/100
|-fieldstart|move: Grassy Terrain|[from] ability: Grassy Surge|[of] p2a: Rillaboom
|turn|19
|
|t:|1781579063
|move|p1a: Zamazenta|Body Press|p2a: Rillaboom
|-damage|p2a: Rillaboom|0 fnt
|faint|p2a: Rillaboom
|
|-heal|p1a: Zamazenta|53/100|[from] Grassy Terrain
|-heal|p1a: Zamazenta|59/100|[from] item: Leftovers
|upkeep
|-message|ashavathama forfeited.
|
|win|Mr.X&Y97
|raw|Mr.X&amp;Y97's rating: 1614 &rarr; <strong>1629</strong><br />(+15 for winning)
|raw|ashavathama's rating: 1525 &rarr; <strong>1510</strong><br />(-15 for losing)
|l|☆ashavathama
|player|p2|
