|j|☆Slashutu
|j|☆testingyup
|t:|1781368715
|gametype|singles
|player|p1|Slashutu|170|1576
|player|p2|testingyup|marlon|1592
|gen|9
|tier|[Gen 9] OU
|rated|
|rule|HP Percentage Mod: HP is shown in percentages
|rule|Endless Battle Clause: Forcing endless battles is banned
|rule|Species Clause: Limit one of each Pokémon
|rule|OHKO Clause: OHKO moves are banned
|rule|Evasion Items Clause: Evasion items are banned
|rule|Evasion Moves Clause: Evasion moves are banned
|rule|Evasion Abilities Clause: Evasion abilities are banned
|rule|Sleep Moves Clause: Sleep-inducing moves are banned
|clearpoke
|poke|p1|Ting-Lu|
|poke|p1|Gliscor, M|
|poke|p1|Sinistcha-Masterpiece|
|poke|p1|Keldeo|
|poke|p1|Tinkaton, F|
|poke|p1|Dragonite, M|
|poke|p2|Skeledirge, M|
|poke|p2|Kyurem|
|poke|p2|Cinderace, M|
|poke|p2|Ogerpon-Wellspring, F|
|poke|p2|Pecharunt|
|poke|p2|Tornadus-Therian, M|
|teampreview
|inactive|Battle timer is ON: inactive players will automatically lose when time's up. (requested by testingyup)
|
|t:|1781368724
|teamsize|p1|6
|teamsize|p2|6
|start
|switch|p1a: Secret Service|Dragonite, M|100/100
|switch|p2a: Ogerpon|Ogerpon-Wellspring, F|100/100
|turn|1
|
|t:|1781368737
|move|p2a: Ogerpon|Knock Off|p1a: Secret Service
|-damage|p1a: Secret Service|82/100
|-enditem|p1a: Secret Service|Heavy-Duty Boots|[from] move: Knock Off|[of] p2a: Ogerpon
|move|p1a: Secret Service|Dragon Tail|p2a: Ogerpon
|-damage|p2a: Ogerpon|52/100
|drag|p2a: Skeledirge|Skeledirge, M|100/100
|
|upkeep
|turn|2
|
|t:|1781368750
|switch|p1a: Jarhead|Ting-Lu|100/100
|-ability|p1a: Jarhead|Vessel of Ruin
|switch|p2a: Tornadus|Tornadus-Therian, M|100/100
|
|upkeep
|turn|3
|
|t:|1781368760
|move|p2a: Tornadus|U-turn|p1a: Jarhead
|-supereffective|p1a: Jarhead
|-damage|p1a: Jarhead|83/100
|
|t:|1781368763
|switch|p2a: Ogerpon|Ogerpon-Wellspring, F|52/100|[from] U-turn
|move|p1a: Jarhead|Spikes|p2a: Ogerpon
|-sidestart|p2: testingyup|Spikes
|
|-heal|p1a: Jarhead|89/100|[from] item: Leftovers
|upkeep
|turn|4
|
|t:|1781368771
|switch|p1a: Secret Service|Dragonite, M|82/100
|move|p2a: Ogerpon|Ivy Cudgel|p1a: Secret Service|[anim] Ivy Cudgel Water
|-resisted|p1a: Secret Service
|-damage|p1a: Secret Service|56/100
|
|upkeep
|turn|5
|
|t:|1781368778
|move|p2a: Ogerpon|Swords Dance|p2a: Ogerpon
|-boost|p2a: Ogerpon|atk|2
|move|p1a: Secret Service|Dragon Tail|p2a: Ogerpon
|-damage|p2a: Ogerpon|4/100
|drag|p2a: Tornadus|Tornadus-Therian, M|100/100
|
|upkeep
|turn|6
|
|t:|1781368786
|switch|p1a: Jarhead|Ting-Lu|89/100
|-ability|p1a: Jarhead|Vessel of Ruin
|move|p2a: Tornadus|Bleakwind Storm|p1a: Jarhead
|-damage|p1a: Jarhead|73/100
|
|-heal|p1a: Jarhead|80/100|[from] item: Leftovers
|upkeep
|turn|7
|inactive|testingyup has 120 seconds left.
|
|t:|1781368822
|move|p2a: Tornadus|U-turn|p1a: Jarhead
|-supereffective|p1a: Jarhead
|-damage|p1a: Jarhead|65/100
|
|t:|1781368823
|switch|p2a: Ogerpon|Ogerpon-Wellspring, F|4/100|[from] U-turn
|-damage|p2a: Ogerpon|0 fnt|[from] Spikes
|faint|p2a: Ogerpon
|move|p1a: Jarhead|Spikes|p2: Ogerpon
|-sidestart|p2: testingyup|Spikes
|
|-heal|p1a: Jarhead|71/100|[from] item: Leftovers
|upkeep
|inactive|testingyup has 120 seconds left.
|
|t:|1781368839
|switch|p2a: Kyurem|Kyurem|100/100
|-damage|p2a: Kyurem|84/100|[from] Spikes
|-ability|p2a: Kyurem|Pressure
|turn|8
|
|t:|1781368863
|switch|p1a: Tinkki Minaj|Tinkaton, F|100/100
|-ability|p1a: Tinkki Minaj|Mold Breaker
|-item|p1a: Tinkki Minaj|Air Balloon
|move|p2a: Kyurem|Dragon Dance|p2a: Kyurem
|-boost|p2a: Kyurem|atk|1
|-boost|p2a: Kyurem|spe|1
|
|upkeep
|turn|9
|inactive|testingyup has 120 seconds left.
|inactive|testingyup has 90 seconds left.
|inactive|testingyup has 60 seconds left.
|
|t:|1781368929
|move|p2a: Kyurem|Iron Head|p1a: Tinkki Minaj
|-damage|p1a: Tinkki Minaj|51/100
|-enditem|p1a: Tinkki Minaj|Air Balloon
|move|p1a: Tinkki Minaj|Gigaton Hammer|p2a: Kyurem
|-supereffective|p2a: Kyurem
|-damage|p2a: Kyurem|3/100
|
|upkeep
|turn|10
|j| QD KING
|
|t:|1781368939
|move|p2a: Kyurem|Iron Head|p1a: Tinkki Minaj
|-damage|p1a: Tinkki Minaj|0 fnt
|faint|p1a: Tinkki Minaj
|
|upkeep
|
|t:|1781368941
|switch|p1a: My Little Pwny|Keldeo|100/100
|turn|11
|inactive|testingyup has 60 seconds left.
|
|t:|1781368974
|move|p1a: My Little Pwny|Vacuum Wave|p2a: Kyurem
|-supereffective|p2a: Kyurem
|-damage|p2a: Kyurem|0 fnt
|faint|p2a: Kyurem
|
|upkeep
|
|t:|1781368995
|switch|p2a: Cinderace|Cinderace, M|100/100
|-damage|p2a: Cinderace|84/100|[from] Spikes
|turn|12
|
|t:|1781369005
|move|p1a: My Little Pwny|Vacuum Wave|p2a: Cinderace
|-damage|p2a: Cinderace|52/100
|move|p2a: Cinderace|Gunk Shot|p1a: My Little Pwny
|-start|p2a: Cinderace|typechange|Poison|[from] ability: Libero
|-damage|p1a: My Little Pwny|0 fnt
|faint|p1a: My Little Pwny
|
|upkeep
|
|t:|1781369021
|switch|p1a: Jarhead|Ting-Lu|71/100
|-ability|p1a: Jarhead|Vessel of Ruin
|turn|13
|inactive|testingyup has 30 seconds left.
|inactive|testingyup has 20 seconds left.
|inactive|testingyup has 15 seconds left.
|inactive|testingyup has 10 seconds left.
|
|t:|1781369072
|switch|p2a: Tornadus|Tornadus-Therian, M|100/100
|move|p1a: Jarhead|Spikes|p2a: Tornadus
|-sidestart|p2: testingyup|Spikes
|
|-heal|p1a: Jarhead|77/100|[from] item: Leftovers
|upkeep
|turn|14
|inactive|testingyup has 20 seconds left this turn.
|inactive|testingyup has 15 seconds left.
|
|t:|1781369080
|move|p2a: Tornadus|Knock Off|p1a: Jarhead
|-resisted|p1a: Jarhead
|-damage|p1a: Jarhead|72/100
|-enditem|p1a: Jarhead|Leftovers|[from] move: Knock Off|[of] p2a: Tornadus
|move|p1a: Jarhead|Ruination|p2a: Tornadus
|-damage|p2a: Tornadus|50/100
|
|upkeep
|turn|15
|inactive|testingyup has 25 seconds left this turn.
|inactive|testingyup has 20 seconds left.
|
|t:|1781369098
|move|p2a: Tornadus|Bleakwind Storm|p1a: Jarhead
|-damage|p1a: Jarhead|57/100
|move|p1a: Jarhead|Whirlwind|p2a: Tornadus
|drag|p2a: Cinderace|Cinderace, M|52/100
|-damage|p2a: Cinderace|27/100|[from] Spikes
|
|upkeep
|turn|16
|inactive|testingyup has 30 seconds left this turn.
|inactive|testingyup has 20 seconds left.
|
|t:|1781369110
|move|p2a: Cinderace|Pyro Ball|p1a: Jarhead
|-damage|p1a: Jarhead|6/100
|move|p1a: Jarhead|Spikes||[still]
|-fail|p1a: Jarhead
|
|upkeep
|turn|17
|inactive|testingyup has 30 seconds left this turn.
|
|t:|1781369117
|switch|p2a: Tornadus|Tornadus-Therian, M|84/100
|move|p1a: Jarhead|Earthquake|p2a: Tornadus
|-immune|p2a: Tornadus
|
|upkeep
|turn|18
|c|☆Slashutu|I’m high fuk
|inactive|testingyup has 30 seconds left.
|
|t:|1781369131
|move|p2a: Tornadus|Knock Off|p1a: Jarhead
|-resisted|p1a: Jarhead
|-damage|p1a: Jarhead|2/100
|move|p1a: Jarhead|Ruination|p2a: Tornadus
|-damage|p2a: Tornadus|42/100
|
|upkeep
|turn|19
|inactive|testingyup has 30 seconds left.
|c|☆Slashutu|Chinga madre
|
|t:|1781369142
|move|p2a: Tornadus|Knock Off|p1a: Jarhead
|-resisted|p1a: Jarhead
|-damage|p1a: Jarhead|0 fnt
|faint|p1a: Jarhead
|
|upkeep
|
|t:|1781369145
|switch|p1a: Dance Armstrong|Gliscor, M|100/100
|turn|20
|
|t:|1781369149
|move|p1a: Dance Armstrong|Protect|p1a: Dance Armstrong
|-singleturn|p1a: Dance Armstrong|Protect
|move|p2a: Tornadus|Knock Off|p1a: Dance Armstrong
|-activate|p1a: Dance Armstrong|move: Protect
|
|-status|p1a: Dance Armstrong|tox|[from] item: Toxic Orb
|upkeep
|turn|21
|
|t:|1781369153
|move|p1a: Dance Armstrong|Facade|p2a: Tornadus
|-damage|p2a: Tornadus|14/100
|move|p2a: Tornadus|Bleakwind Storm|p1a: Dance Armstrong
|-damage|p1a: Dance Armstrong|56/100 tox
|-unboost|p1a: Dance Armstrong|spe|1
|
|-heal|p1a: Dance Armstrong|69/100 tox|[from] ability: Poison Heal
|upkeep
|turn|22
|inactive|testingyup has 60 seconds left.
|
|t:|1781369167
|switch|p2a: Pecharunt|Pecharunt|100/100
|-damage|p2a: Pecharunt|76/100|[from] Spikes
|move|p1a: Dance Armstrong|Knock Off|p2a: Pecharunt
|-supereffective|p2a: Pecharunt
|-damage|p2a: Pecharunt|44/100
|-enditem|p2a: Pecharunt|Choice Specs|[from] move: Knock Off|[of] p1a: Dance Armstrong
|
|-heal|p1a: Dance Armstrong|81/100 tox|[from] ability: Poison Heal
|upkeep
|turn|23
|inactive|testingyup has 60 seconds left.
|
|t:|1781369179
|move|p2a: Pecharunt|Parting Shot|p1a: Dance Armstrong
|-unboost|p1a: Dance Armstrong|atk|1
|-unboost|p1a: Dance Armstrong|spa|1
|
|t:|1781369180
|switch|p2a: Tornadus|Tornadus-Therian, M|47/100|[from] Parting Shot
|move|p1a: Dance Armstrong|Swords Dance|p1a: Dance Armstrong
|-boost|p1a: Dance Armstrong|atk|2
|
|-heal|p1a: Dance Armstrong|94/100 tox|[from] ability: Poison Heal
|upkeep
|turn|24
|
|t:|1781369193
|move|p2a: Tornadus|Bleakwind Storm|p1a: Dance Armstrong|[miss]
|-miss|p2a: Tornadus|p1a: Dance Armstrong
|move|p1a: Dance Armstrong|Facade|p2a: Tornadus
|-damage|p2a: Tornadus|0 fnt
|faint|p2a: Tornadus
|
|-heal|p1a: Dance Armstrong|100/100 tox|[from] ability: Poison Heal
|upkeep
|inactive|testingyup has 60 seconds left.
|
|t:|1781369226
|switch|p2a: Cinderace|Cinderace, M|27/100
|-damage|p2a: Cinderace|2/100|[from] Spikes
|turn|25
|inactive|Slashutu has 120 seconds left.
|
|t:|1781369273
|move|p2a: Cinderace|Court Change|p2a: Cinderace
|-start|p2a: Cinderace|typechange|Normal|[from] ability: Libero
|-swapsideconditions
|-activate|p2a: Cinderace|move: Court Change
|move|p1a: Dance Armstrong|Knock Off|p2a: Cinderace
|-damage|p2a: Cinderace|0 fnt
|-enditem|p2a: Cinderace|Choice Band|[from] move: Knock Off|[of] p1a: Dance Armstrong
|faint|p2a: Cinderace
|
|upkeep
|inactive|testingyup has 30 seconds left.
|
|t:|1781369298
|switch|p2a: Skeledirge|Skeledirge, M|100/100
|turn|26
|inactive|testingyup has 30 seconds left.
|inactive|testingyup has 20 seconds left.
|
|t:|1781369314
|move|p1a: Dance Armstrong|Knock Off|p2a: Skeledirge
|-supereffective|p2a: Skeledirge
|-damage|p2a: Skeledirge|62/100
|-enditem|p2a: Skeledirge|Leftovers|[from] move: Knock Off|[of] p1a: Dance Armstrong
|move|p2a: Skeledirge|Torch Song|p1a: Dance Armstrong
|-damage|p1a: Dance Armstrong|60/100 tox
|-boost|p2a: Skeledirge|spa|1
|
|-heal|p1a: Dance Armstrong|72/100 tox|[from] ability: Poison Heal
|upkeep
|turn|27
|inactive|testingyup has 30 seconds left this turn.
|
|t:|1781369328
|switch|p1a: Secret Service|Dragonite, M|56/100
|move|p2a: Skeledirge|Torch Song|p1a: Secret Service
|-resisted|p1a: Secret Service
|-damage|p1a: Secret Service|36/100
|-boost|p2a: Skeledirge|spa|1
|
|upkeep
|turn|28
|inactive|testingyup has 30 seconds left.
|inactive|testingyup has 20 seconds left.
|
|t:|1781369345
|-terastallize|p2a: Skeledirge|Water
|move|p2a: Skeledirge|Slack Off|p2a: Skeledirge
|-heal|p2a: Skeledirge|100/100
|move|p1a: Secret Service|Dragon Tail|p2a: Skeledirge
|-damage|p2a: Skeledirge|71/100
|drag|p2a: Pecharunt|Pecharunt|44/100
|
|upkeep
|turn|29
|inactive|testingyup has 30 seconds left this turn.
|inactive|Slashutu has 120 seconds left.
|inactive|testingyup has 20 seconds left.
|
|t:|1781369356
|move|p2a: Pecharunt|Malignant Chain|p1a: Secret Service
|-damage|p1a: Secret Service|0 fnt
|faint|p1a: Secret Service
|
|upkeep
|inactive|Slashutu has 120 seconds left.
|
|t:|1781369362
|switch|p1a: Tchavis Scott|Sinistcha-Masterpiece|100/100
|turn|30
|inactive|testingyup has 30 seconds left.
|
|t:|1781369377
|move|p2a: Pecharunt|Destiny Bond|p2a: Pecharunt
|-singlemove|p2a: Pecharunt|Destiny Bond
|move|p1a: Tchavis Scott|Shadow Ball|p2a: Pecharunt
|-supereffective|p2a: Pecharunt
|-damage|p2a: Pecharunt|0 fnt
|faint|p2a: Pecharunt
|-activate|p2a: Pecharunt|move: Destiny Bond
|faint|p1a: Tchavis Scott
|
|upkeep
|inactive|testingyup has 30 seconds left this turn.
|
|t:|1781369382
|switch|p2a: Skeledirge|Skeledirge, M, tera:Water|71/100
|switch|p1a: Dance Armstrong|Gliscor, M|72/100 tox
|turn|31
|inactive|testingyup has 30 seconds left.
|inactive|Slashutu has 120 seconds left.
|inactive|testingyup has 20 seconds left.
|
|t:|1781369411
|-terastallize|p1a: Dance Armstrong|Normal
|move|p1a: Dance Armstrong|Facade|p2a: Skeledirge
|-damage|p2a: Skeledirge|29/100
|move|p2a: Skeledirge|Slack Off|p2a: Skeledirge
|-heal|p2a: Skeledirge|79/100
|
|-heal|p1a: Dance Armstrong|85/100 tox|[from] ability: Poison Heal
|upkeep
|turn|32
|inactive|testingyup has 30 seconds left this turn.
|inactive|Slashutu has 120 seconds left.
|inactive|testingyup has 20 seconds left.
|
|t:|1781369424
|move|p1a: Dance Armstrong|Facade|p2a: Skeledirge
|-damage|p2a: Skeledirge|38/100
|move|p2a: Skeledirge|Slack Off|p2a: Skeledirge
|-heal|p2a: Skeledirge|88/100
|
|-heal|p1a: Dance Armstrong|97/100 tox|[from] ability: Poison Heal
|upkeep
|turn|33
|inactive|testingyup has 30 seconds left this turn.
|
|t:|1781369429
|move|p1a: Dance Armstrong|Facade|p2a: Skeledirge
|-damage|p2a: Skeledirge|47/100
|move|p2a: Skeledirge|Torch Song|p1a: Dance Armstrong
|-crit|p1a: Dance Armstrong
|-damage|p1a: Dance Armstrong|36/100 tox
|-boost|p2a: Skeledirge|spa|1
|
|-heal|p1a: Dance Armstrong|49/100 tox|[from] ability: Poison Heal
|upkeep
|turn|34
|
|t:|1781369438
|move|p1a: Dance Armstrong|Facade|p2a: Skeledirge
|-damage|p2a: Skeledirge|6/100
|move|p2a: Skeledirge|Slack Off|p2a: Skeledirge
|-heal|p2a: Skeledirge|56/100
|
|-heal|p1a: Dance Armstrong|61/100 tox|[from] ability: Poison Heal
|upkeep
|turn|35
|
|t:|1781369444
|move|p1a: Dance Armstrong|Facade|p2a: Skeledirge
|-damage|p2a: Skeledirge|20/100
|move|p2a: Skeledirge|Slack Off|p2a: Skeledirge
|-heal|p2a: Skeledirge|70/100
|
|-heal|p1a: Dance Armstrong|74/100 tox|[from] ability: Poison Heal
|upkeep
|turn|36
|
|t:|1781369450
|move|p1a: Dance Armstrong|Facade|p2a: Skeledirge
|-damage|p2a: Skeledirge|29/100
|move|p2a: Skeledirge|Slack Off|p2a: Skeledirge
|-heal|p2a: Skeledirge|79/100
|
|-heal|p1a: Dance Armstrong|86/100 tox|[from] ability: Poison Heal
|upkeep
|turn|37
|
|t:|1781369471
|move|p1a: Dance Armstrong|Facade|p2a: Skeledirge
|-damage|p2a: Skeledirge|43/100
|move|p2a: Skeledirge|Slack Off|p2a: Skeledirge
|-heal|p2a: Skeledirge|93/100
|
|-heal|p1a: Dance Armstrong|99/100 tox|[from] ability: Poison Heal
|upkeep
|turn|38
|
|t:|1781369476
|move|p1a: Dance Armstrong|Facade|p2a: Skeledirge
|-damage|p2a: Skeledirge|53/100
|move|p2a: Skeledirge|Torch Song|p1a: Dance Armstrong
|-damage|p1a: Dance Armstrong|41/100 tox
|-boost|p2a: Skeledirge|spa|1
|
|-heal|p1a: Dance Armstrong|53/100 tox|[from] ability: Poison Heal
|upkeep
|turn|39
|
|t:|1781369485
|move|p1a: Dance Armstrong|Facade|p2a: Skeledirge
|-damage|p2a: Skeledirge|17/100
|move|p2a: Skeledirge|Slack Off|p2a: Skeledirge
|-heal|p2a: Skeledirge|67/100
|
|-heal|p1a: Dance Armstrong|66/100 tox|[from] ability: Poison Heal
|upkeep
|turn|40
|
|t:|1781369494
|move|p1a: Dance Armstrong|Protect|p1a: Dance Armstrong
|-singleturn|p1a: Dance Armstrong|Protect
|move|p2a: Skeledirge|Torch Song|p1a: Dance Armstrong
|-activate|p1a: Dance Armstrong|move: Protect
|
|-heal|p1a: Dance Armstrong|78/100 tox|[from] ability: Poison Heal
|upkeep
|turn|41
|inactive|testingyup has 60 seconds left.
|
|t:|1781369500
|move|p1a: Dance Armstrong|Facade|p2a: Skeledirge
|-damage|p2a: Skeledirge|30/100
|move|p2a: Skeledirge|Torch Song|p1a: Dance Armstrong
|-damage|p1a: Dance Armstrong|0 fnt
|-boost|p2a: Skeledirge|spa|1
|faint|p1a: Dance Armstrong
|
|win|testingyup
|raw|Slashutu's rating: 1576 &rarr; <strong>1557</strong><br />(-19 for losing)
|raw|testingyup's rating: 1592 &rarr; <strong>1611</strong><br />(+19 for winning)
|l|☆Slashutu
|player|p1|
|l|☆testingyup
|player|p2|
