|j|☆m5322
|j|☆fregene97
|t:|1781335663
|gametype|singles
|player|p1|m5322|2|1571
|player|p2|fregene97|169|1535
|gen|9
|tier|[Gen 9] OU
|rated|
|rule|HP Percentage Mod: HP is shown in percentages
|rule|Endless Battle Clause: Forcing endless battles is banned
|rule|Species Clause: Limit one of each Pokémon
|rule|OHKO Clause: OHKO moves are banned
|rule|Evasion Items Clause: Evasion items are banned
|rule|Evasion Moves Clause: Evasion moves are banned
|rule|Evasion Abilities Clause: Evasion abilities are banned
|rule|Sleep Moves Clause: Sleep-inducing moves are banned
|clearpoke
|poke|p1|Weezing-Galar, M|
|poke|p1|Alomomola, M|
|poke|p1|Iron Treads|
|poke|p1|Tornadus-Therian, M|
|poke|p1|Zamazenta-*|
|poke|p1|Lokix, M|
|poke|p2|Ceruledge, M|
|poke|p2|Great Tusk|
|poke|p2|Porygon-Z|
|poke|p2|Greninja-*, M|
|poke|p2|Raging Bolt|
|poke|p2|Rillaboom, M|
|teampreview
|inactive|Battle timer is ON: inactive players will automatically lose when time's up. (requested by m5322)
|inactive|fregene97 also wants the timer to be on.
|
|t:|1781335675
|teamsize|p1|6
|teamsize|p2|6
|start
|switch|p1a: Tornadus|Tornadus-Therian, M|100/100
|switch|p2a: Ceruledge|Ceruledge, M|100/100
|turn|1
|
|t:|1781335693
|move|p1a: Tornadus|U-turn|p2a: Ceruledge
|-resisted|p2a: Ceruledge
|-damage|p2a: Ceruledge|96/100
|-ability|p2a: Ceruledge|Weak Armor|boost
|-unboost|p2a: Ceruledge|def|1
|-boost|p2a: Ceruledge|spe|2
|
|t:|1781335703
|switch|p1a: Iron Treads|Iron Treads|100/100|[from] U-turn
|move|p2a: Ceruledge|Swords Dance|p2a: Ceruledge
|-boost|p2a: Ceruledge|atk|2
|
|upkeep
|turn|2
|
|t:|1781335708
|-terastallize|p2a: Ceruledge|Fire
|move|p2a: Ceruledge|Bitter Blade|p1a: Iron Treads
|-supereffective|p1a: Iron Treads
|-damage|p1a: Iron Treads|0 fnt
|-heal|p2a: Ceruledge|100/100|[from] drain|[of] p1a: Iron Treads
|faint|p1a: Iron Treads
|-end|p1a: Iron Treads|Quark Drive|[silent]
|
|upkeep
|
|t:|1781335718
|switch|p1a: Alomomola|Alomomola, M|100/100
|turn|3
|
|t:|1781335730
|move|p2a: Ceruledge|Poltergeist|p1a: Alomomola|[miss]
|-miss|p2a: Ceruledge|p1a: Alomomola
|move|p1a: Alomomola|Flip Turn|p2a: Ceruledge
|-supereffective|p2a: Ceruledge
|-damage|p2a: Ceruledge|32/100
|-ability|p2a: Ceruledge|Weak Armor|boost
|-unboost|p2a: Ceruledge|def|1
|-boost|p2a: Ceruledge|spe|2
|
|t:|1781335736
|switch|p1a: Lokix|Lokix, M|100/100|[from] Flip Turn
|
|upkeep
|turn|4
|
|t:|1781335743
|move|p1a: Lokix|First Impression|p2a: Ceruledge
|-resisted|p2a: Ceruledge
|-damage|p2a: Ceruledge|0 fnt
|faint|p2a: Ceruledge
|
|upkeep
|
|t:|1781335748
|switch|p2a: Rillaboom|Rillaboom, M|100/100
|-fieldstart|move: Grassy Terrain|[from] ability: Grassy Surge|[of] p2a: Rillaboom
|turn|5
|
|t:|1781335761
|switch|p1a: Weezing|Weezing-Galar, M|100/100
|-ability|p1a: Weezing|Neutralizing Gas
|move|p2a: Rillaboom|Swords Dance|p2a: Rillaboom
|-boost|p2a: Rillaboom|atk|2
|
|upkeep
|turn|6
|inactive|fregene97 has 120 seconds left.
|
|t:|1781335810
|move|p2a: Rillaboom|Wood Hammer|p1a: Weezing
|-resisted|p1a: Weezing
|-damage|p1a: Weezing|28/100
|-damage|p2a: Rillaboom|77/100|[from] Recoil
|-damage|p2a: Rillaboom|67/100|[from] item: Life Orb
|move|p1a: Weezing|Will-O-Wisp|p2a: Rillaboom
|-status|p2a: Rillaboom|brn
|
|-heal|p2a: Rillaboom|73/100 brn|[from] Grassy Terrain
|-heal|p1a: Weezing|34/100|[from] Grassy Terrain
|-heal|p1a: Weezing|40/100|[from] item: Leftovers
|-damage|p2a: Rillaboom|67/100 brn|[from] brn
|upkeep
|turn|7
|
|t:|1781335816
|move|p1a: Weezing|Protect|p1a: Weezing
|-singleturn|p1a: Weezing|Protect
|move|p2a: Rillaboom|Wood Hammer|p1a: Weezing
|-activate|p1a: Weezing|move: Protect
|
|-heal|p2a: Rillaboom|73/100 brn|[from] Grassy Terrain
|-heal|p1a: Weezing|46/100|[from] Grassy Terrain
|-heal|p1a: Weezing|52/100|[from] item: Leftovers
|-damage|p2a: Rillaboom|67/100 brn|[from] brn
|upkeep
|turn|8
|
|t:|1781335829
|-end|p1a: Weezing|ability: Neutralizing Gas
|switch|p1a: Tornadus|Tornadus-Therian, M|100/100
|move|p2a: Rillaboom|Wood Hammer|p1a: Tornadus
|-resisted|p1a: Tornadus
|-damage|p1a: Tornadus|35/100
|-damage|p2a: Rillaboom|44/100 brn|[from] Recoil
|-damage|p2a: Rillaboom|34/100 brn|[from] item: Life Orb
|
|-heal|p2a: Rillaboom|40/100 brn|[from] Grassy Terrain
|-damage|p2a: Rillaboom|34/100 brn|[from] brn
|upkeep
|turn|9
|inactive|fregene97 has 120 seconds left.
|
|t:|1781335864
|move|p2a: Rillaboom|Grassy Glide|p1a: Tornadus
|-resisted|p1a: Tornadus
|-damage|p1a: Tornadus|6/100
|-damage|p2a: Rillaboom|24/100 brn|[from] item: Life Orb
|move|p1a: Tornadus|U-turn|p2a: Rillaboom
|-supereffective|p2a: Rillaboom
|-damage|p2a: Rillaboom|0 fnt
|faint|p2a: Rillaboom
|
|t:|1781335880
|switch|p1a: Zamazenta|Zamazenta|100/100|[from] U-turn
|-ability|p1a: Zamazenta|Dauntless Shield|boost
|-boost|p1a: Zamazenta|def|1
|
|-fieldend|move: Grassy Terrain
|upkeep
|inactive|fregene97 has 90 seconds left.
|inactive|fregene97 has 60 seconds left.
|
|t:|1781335938
|switch|p2a: Raging Bolt|Raging Bolt|100/100
|-enditem|p2a: Raging Bolt|Booster Energy
|-activate|p2a: Raging Bolt|ability: Protosynthesis|[fromitem]
|-start|p2a: Raging Bolt|protosynthesisspa
|turn|10
|
|t:|1781335941
|move|p1a: Zamazenta|Close Combat|p2a: Raging Bolt
|-damage|p2a: Raging Bolt|16/100
|-unboost|p1a: Zamazenta|def|1
|-unboost|p1a: Zamazenta|spd|1
|move|p2a: Raging Bolt|Thunderbolt|p1a: Zamazenta
|-crit|p1a: Zamazenta
|-damage|p1a: Zamazenta|0 fnt
|faint|p1a: Zamazenta
|
|upkeep
|
|t:|1781335947
|switch|p1a: Lokix|Lokix, M|100/100
|turn|11
|
|t:|1781335958
|-end|p2a: Raging Bolt|Protosynthesis|[silent]
|switch|p2a: Great Tusk|Great Tusk|100/100
|-enditem|p2a: Great Tusk|Booster Energy
|-activate|p2a: Great Tusk|ability: Protosynthesis|[fromitem]
|-start|p2a: Great Tusk|protosynthesisspe
|move|p1a: Lokix|U-turn|p2a: Great Tusk
|-resisted|p2a: Great Tusk
|-damage|p2a: Great Tusk|71/100
|
|t:|1781335962
|switch|p1a: Alomomola|Alomomola, M|100/100|[from] U-turn
|
|upkeep
|turn|12
|
|t:|1781335965
|move|p2a: Great Tusk|Bulk Up|p2a: Great Tusk
|-boost|p2a: Great Tusk|atk|1
|-boost|p2a: Great Tusk|def|1
|move|p1a: Alomomola|Flip Turn|p2a: Great Tusk
|-supereffective|p2a: Great Tusk
|-damage|p2a: Great Tusk|57/100
|
|t:|1781335975
|switch|p1a: Weezing|Weezing-Galar, M|52/100|[from] Flip Turn
|-ability|p1a: Weezing|Neutralizing Gas
|
|-heal|p1a: Weezing|58/100|[from] item: Leftovers
|upkeep
|turn|13
|
|t:|1781335980
|-terastallize|p1a: Weezing|Grass
|move|p2a: Great Tusk|Headlong Rush|p1a: Weezing
|-resisted|p1a: Weezing
|-damage|p1a: Weezing|34/100
|-unboost|p2a: Great Tusk|def|1
|-unboost|p2a: Great Tusk|spd|1
|move|p1a: Weezing|Will-O-Wisp|p2a: Great Tusk|[miss]
|-miss|p1a: Weezing|p2a: Great Tusk
|
|-heal|p1a: Weezing|40/100|[from] item: Leftovers
|upkeep
|turn|14
|
|t:|1781335987
|move|p2a: Great Tusk|Ice Spinner|p1a: Weezing
|-supereffective|p1a: Weezing
|-damage|p1a: Weezing|0 fnt
|faint|p1a: Weezing
|-end|p1a: Weezing|ability: Neutralizing Gas
|
|upkeep
|
|t:|1781335992
|switch|p1a: Lokix|Lokix, M|100/100
|turn|15
|
|t:|1781335994
|move|p1a: Lokix|First Impression|p2a: Great Tusk
|-resisted|p2a: Great Tusk
|-damage|p2a: Great Tusk|17/100
|move|p2a: Great Tusk|Headlong Rush|p1a: Lokix
|-resisted|p1a: Lokix
|-damage|p1a: Lokix|46/100
|-unboost|p2a: Great Tusk|def|1
|-unboost|p2a: Great Tusk|spd|1
|
|upkeep
|turn|16
|
|t:|1781335999
|switch|p1a: Alomomola|Alomomola, M|100/100
|move|p2a: Great Tusk|Ice Spinner|p1a: Alomomola
|-resisted|p1a: Alomomola
|-damage|p1a: Alomomola|90/100
|-damage|p2a: Great Tusk|0 fnt|[from] item: Rocky Helmet|[of] p1a: Alomomola
|faint|p2a: Great Tusk
|-end|p2a: Great Tusk|Protosynthesis|[silent]
|
|upkeep
|
|t:|1781336003
|switch|p2a: Porygon-Z|Porygon-Z|100/100
|-ability|p2a: Porygon-Z|Download|boost
|-boost|p2a: Porygon-Z|spa|1
|turn|17
|
|t:|1781336008
|move|p2a: Porygon-Z|Tri Attack|p1a: Alomomola
|-damage|p1a: Alomomola|33/100
|move|p1a: Alomomola|Wish|p1a: Alomomola
|
|upkeep
|turn|18
|
|t:|1781336011
|move|p1a: Alomomola|Protect|p1a: Alomomola
|-singleturn|p1a: Alomomola|Protect
|move|p2a: Porygon-Z|Tri Attack|p1a: Alomomola
|-activate|p1a: Alomomola|move: Protect
|
|-heal|p1a: Alomomola|83/100|[from] move: Wish|[wisher] Alomomola
|upkeep
|turn|19
|
|t:|1781336015
|move|p2a: Porygon-Z|Tri Attack|p1a: Alomomola
|-damage|p1a: Alomomola|24/100
|move|p1a: Alomomola|Flip Turn|p2a: Porygon-Z
|-damage|p2a: Porygon-Z|77/100
|
|t:|1781336018
|switch|p1a: Lokix|Lokix, M|46/100|[from] Flip Turn
|
|upkeep
|turn|20
|
|t:|1781336020
|move|p1a: Lokix|First Impression|p2a: Porygon-Z
|-damage|p2a: Porygon-Z|0 fnt
|faint|p2a: Porygon-Z
|
|upkeep
|
|t:|1781336025
|switch|p2a: Greninja|Greninja, M|100/100
|turn|21
|
|t:|1781336030
|switch|p1a: Alomomola|Alomomola, M|57/100
|move|p2a: Greninja|Dark Pulse|p1a: Alomomola
|-damage|p1a: Alomomola|15/100
|-damage|p2a: Greninja|91/100|[from] item: Life Orb
|
|upkeep
|turn|22
|
|t:|1781336033
|move|p2a: Greninja|Dark Pulse|p1a: Alomomola
|-damage|p1a: Alomomola|0 fnt
|faint|p1a: Alomomola
|-ability|p2a: Greninja|Battle Bond|boost
|-boost|p2a: Greninja|atk|1
|-boost|p2a: Greninja|spa|1
|-boost|p2a: Greninja|spe|1
|-activate|p2a: Greninja|ability: Battle Bond
|-damage|p2a: Greninja|81/100|[from] item: Life Orb
|
|upkeep
|
|t:|1781336034
|switch|p1a: Lokix|Lokix, M|46/100
|turn|23
|
|t:|1781336040
|move|p1a: Lokix|First Impression|p2a: Greninja
|-supereffective|p2a: Greninja
|-damage|p2a: Greninja|0 fnt
|faint|p2a: Greninja
|
|upkeep
|
|t:|1781336043
|switch|p2a: Raging Bolt|Raging Bolt|16/100
|turn|24
|
|t:|1781336046
|switch|p1a: Tornadus|Tornadus-Therian, M|39/100
|move|p2a: Raging Bolt|Thunderbolt|p1a: Tornadus
|-supereffective|p1a: Tornadus
|-damage|p1a: Tornadus|0 fnt
|faint|p1a: Tornadus
|
|upkeep
|
|t:|1781336051
|switch|p1a: Lokix|Lokix, M|46/100
|turn|25
|
|t:|1781336053
|move|p1a: Lokix|First Impression|p2a: Raging Bolt
|-damage|p2a: Raging Bolt|0 fnt
|faint|p2a: Raging Bolt
|-end|p2a: Raging Bolt|Protosynthesis|[silent]
|
|win|m5322
|raw|m5322's rating: 1571 &rarr; <strong>1592</strong><br />(+21 for winning)
|raw|fregene97's rating: 1582 &rarr; <strong>1561</strong><br />(-21 for losing)
|l|☆fregene97
|player|p2|
|l|☆m5322
|player|p1|
