|badge|p2|bronze|gen9ou|100-9
|uhtml|medal-msg|<div class="broadcast-blue">Curious what those medals under the avatar are? PS now has Ladder Seasons! For more information, check out the <a href="https://www.smogon.com/forums/threads/3740067/">thread on Smogon.</a></div>
|j|☆IFreakingluvStall
|j|☆mothily ><
|t:|1781537340
|gametype|singles
|player|p1|IFreakingluvStall|wattson|1713
|player|p2|mothily ><|iono-masters|1846
|gen|9
|tier|[Gen 9] OU
|rated|
|rule|HP Percentage Mod: HP is shown in percentages
|rule|Endless Battle Clause: Forcing endless battles is banned
|rule|Species Clause: Limit one of each Pokémon
|rule|OHKO Clause: OHKO moves are banned
|rule|Evasion Items Clause: Evasion items are banned
|rule|Evasion Moves Clause: Evasion moves are banned
|rule|Evasion Abilities Clause: Evasion abilities are banned
|rule|Sleep Moves Clause: Sleep-inducing moves are banned
|clearpoke
|poke|p1|Dondozo, F|
|poke|p1|Blissey, F|
|poke|p1|Corviknight, F|
|poke|p1|Weezing-Galar, M|
|poke|p1|Gliscor, M|
|poke|p1|Alomomola, M|
|poke|p2|Slither Wing|
|poke|p2|Ninetales, F|
|poke|p2|Ceruledge, F|
|poke|p2|Great Tusk|
|poke|p2|Walking Wake|
|poke|p2|Venusaur, F|
|teampreview
|inactive|Battle timer is ON: inactive players will automatically lose when time's up. (requested by IFreakingluvStall)
|c|☆mothily ><|hf
|c|☆IFreakingluvStall|bldhf
|inactive|IFreakingluvStall has 120 seconds left.
|
|t:|1781537375
|teamsize|p1|6
|teamsize|p2|6
|start
|switch|p1a: Gliscor|Gliscor, M|100/100
|switch|p2a: naruto|Ninetales, F|100/100
|-weather|SunnyDay|[from] ability: Drought|[of] p2a: naruto
|turn|1
|
|t:|1781537379
|switch|p2a: Nah I'd Spin|Great Tusk|100/100
|-activate|p2a: Nah I'd Spin|ability: Protosynthesis
|-start|p2a: Nah I'd Spin|protosynthesisatk
|move|p1a: Gliscor|Protect||[still]
|-fail|p1a: Gliscor
|
|-weather|SunnyDay|[upkeep]
|-status|p1a: Gliscor|tox|[from] item: Toxic Orb
|upkeep
|turn|2
|
|t:|1781537385
|move|p1a: Gliscor|Protect|p1a: Gliscor
|-singleturn|p1a: Gliscor|Protect
|move|p2a: Nah I'd Spin|Ice Spinner|p1a: Gliscor
|-activate|p1a: Gliscor|move: Protect
|
|-weather|SunnyDay|[upkeep]
|upkeep
|turn|3
|
|t:|1781537389
|switch|p1a: Alomomola|Alomomola, M|100/100
|move|p2a: Nah I'd Spin|Close Combat|p1a: Alomomola
|-damage|p1a: Alomomola|59/100
|-unboost|p2a: Nah I'd Spin|def|1
|-unboost|p2a: Nah I'd Spin|spd|1
|
|-weather|SunnyDay|[upkeep]
|upkeep
|turn|4
|j| newhere1310
|
|t:|1781537397
|move|p2a: Nah I'd Spin|Headlong Rush|p1a: Alomomola
|-damage|p1a: Alomomola|15/100
|-unboost|p2a: Nah I'd Spin|def|1
|-unboost|p2a: Nah I'd Spin|spd|1
|move|p1a: Alomomola|Flip Turn|p2a: Nah I'd Spin
|-supereffective|p2a: Nah I'd Spin
|-damage|p2a: Nah I'd Spin|76/100
|
|t:|1781537417
|switch|p1a: Dondozo|Dondozo, F, shiny|100/100|[from] Flip Turn
|
|-weather|SunnyDay|[upkeep]
|upkeep
|turn|5
|
|t:|1781537425
|-terastallize|p2a: Nah I'd Spin|Fighting
|move|p2a: Nah I'd Spin|Close Combat|p1a: Dondozo
|-damage|p1a: Dondozo|49/100
|-unboost|p2a: Nah I'd Spin|def|1
|-unboost|p2a: Nah I'd Spin|spd|1
|move|p1a: Dondozo|Body Press|p2a: Nah I'd Spin
|-damage|p2a: Nah I'd Spin|54/100
|
|-weather|SunnyDay|[upkeep]
|-heal|p1a: Dondozo|55/100|[from] item: Leftovers
|upkeep
|turn|6
|
|t:|1781537440
|move|p2a: Nah I'd Spin|Headlong Rush|p1a: Dondozo
|-damage|p1a: Dondozo|22/100
|-unboost|p2a: Nah I'd Spin|def|1
|-unboost|p2a: Nah I'd Spin|spd|1
|move|p1a: Dondozo|Rest|p1a: Dondozo
|-status|p1a: Dondozo|slp|[from] move: Rest
|-heal|p1a: Dondozo|100/100 slp|[silent]
|
|-weather|SunnyDay|[upkeep]
|upkeep
|turn|7
|
|t:|1781537449
|move|p2a: Nah I'd Spin|Close Combat|p1a: Dondozo
|-damage|p1a: Dondozo|56/100 slp
|-unboost|p2a: Nah I'd Spin|def|1
|-unboost|p2a: Nah I'd Spin|spd|1
|cant|p1a: Dondozo|slp
|move|p1a: Dondozo|Sleep Talk|p1a: Dondozo
|move|p1a: Dondozo|Curse|p1a: Dondozo|[from] move: Sleep Talk
|-unboost|p1a: Dondozo|spe|1
|-boost|p1a: Dondozo|atk|1
|-boost|p1a: Dondozo|def|1
|
|-weather|SunnyDay|[upkeep]
|-heal|p1a: Dondozo|62/100 slp|[from] item: Leftovers
|upkeep
|turn|8
|
|t:|1781537458
|move|p2a: Nah I'd Spin|Close Combat|p1a: Dondozo
|-damage|p1a: Dondozo|28/100 slp
|-unboost|p2a: Nah I'd Spin|def|1
|-unboost|p2a: Nah I'd Spin|spd|1
|cant|p1a: Dondozo|slp
|move|p1a: Dondozo|Sleep Talk|p1a: Dondozo
|move|p1a: Dondozo|Body Press|p2a: Nah I'd Spin|[from] move: Sleep Talk
|-damage|p2a: Nah I'd Spin|21/100
|
|-weather|none
|-end|p2a: Nah I'd Spin|Protosynthesis
|-heal|p1a: Dondozo|34/100 slp|[from] item: Leftovers
|upkeep
|turn|9
|
|t:|1781537470
|-end|p2a: Nah I'd Spin|Protosynthesis|[silent]
|switch|p2a: Flowey|Venusaur, F|100/100
|-curestatus|p1a: Dondozo|slp|[msg]
|move|p1a: Dondozo|Rest|p1a: Dondozo
|-status|p1a: Dondozo|slp|[from] move: Rest
|-heal|p1a: Dondozo|100/100 slp|[silent]
|
|upkeep
|turn|10
|
|t:|1781537475
|switch|p2a: naruto|Ninetales, F|100/100
|-weather|SunnyDay|[from] ability: Drought|[of] p2a: naruto
|switch|p1a: Blissey|Blissey, F|100/100
|
|-weather|SunnyDay|[upkeep]
|upkeep
|turn|11
|
|t:|1781537482
|switch|p2a: OMG ILY|Slither Wing|100/100
|-activate|p2a: OMG ILY|ability: Protosynthesis
|-start|p2a: OMG ILY|protosynthesisatk
|move|p1a: Blissey|Shadow Ball|p2a: OMG ILY
|-damage|p2a: OMG ILY|92/100
|-unboost|p2a: OMG ILY|spd|1
|
|-weather|SunnyDay|[upkeep]
|upkeep
|turn|12
|
|t:|1781537491
|switch|p1a: Gliscor|Gliscor, M|100/100 tox
|move|p2a: OMG ILY|U-turn|p1a: Gliscor
|-resisted|p1a: Gliscor
|-damage|p1a: Gliscor|80/100 tox
|
|t:|1781537495
|-end|p2a: OMG ILY|Protosynthesis|[silent]
|switch|p2a: Flowey|Venusaur, F|100/100|[from] U-turn
|
|-weather|SunnyDay|[upkeep]
|-heal|p1a: Gliscor|93/100 tox|[from] ability: Poison Heal
|upkeep
|turn|13
|j| 54 Insane Rats
|
|t:|1781537499
|switch|p1a: Blissey|Blissey, F|100/100
|move|p2a: Flowey|Growth|p2a: Flowey
|-boost|p2a: Flowey|atk|2
|-boost|p2a: Flowey|spa|2
|
|-weather|SunnyDay|[upkeep]
|upkeep
|turn|14
|
|t:|1781537504
|move|p2a: Flowey|Growth|p2a: Flowey
|-boost|p2a: Flowey|atk|2
|-boost|p2a: Flowey|spa|2
|move|p1a: Blissey|Thunder Wave|p2a: Flowey|[miss]
|-miss|p1a: Blissey|p2a: Flowey
|
|-weather|SunnyDay|[upkeep]
|upkeep
|turn|15
|
|t:|1781537514
|move|p2a: Flowey|Weather Ball|p1a: Blissey
|-damage|p1a: Blissey|48/100
|-damage|p2a: Flowey|91/100|[from] item: Life Orb
|move|p1a: Blissey|Calm Mind|p1a: Blissey
|-boost|p1a: Blissey|spa|1
|-boost|p1a: Blissey|spd|1
|
|-weather|SunnyDay|[upkeep]
|upkeep
|turn|16
|
|t:|1781537520
|move|p2a: Flowey|Earthquake|p1a: Blissey
|-damage|p1a: Blissey|0 fnt
|faint|p1a: Blissey
|-damage|p2a: Flowey|81/100|[from] item: Life Orb
|
|-weather|SunnyDay|[upkeep]
|upkeep
|inactive|IFreakingluvStall has 120 seconds left.
|
|t:|1781537552
|switch|p1a: Dondozo|Dondozo, F, shiny|100/100 slp
|turn|17
|
|t:|1781537561
|move|p2a: Flowey|Weather Ball|p1a: Dondozo
|-resisted|p1a: Dondozo
|-damage|p1a: Dondozo|75/100 slp
|-damage|p2a: Flowey|71/100|[from] item: Life Orb
|cant|p1a: Dondozo|slp
|move|p1a: Dondozo|Sleep Talk|p1a: Dondozo
|move|p1a: Dondozo|Rest||[from] move: Sleep Talk|[still]
|-fail|p1a: Dondozo
|
|-weather|none
|-heal|p1a: Dondozo|82/100 slp|[from] item: Leftovers
|upkeep
|turn|18
|
|t:|1781537572
|move|p2a: Flowey|Giga Drain|p1a: Dondozo
|-supereffective|p1a: Dondozo
|-damage|p1a: Dondozo|2/100 slp
|-heal|p2a: Flowey|100/100|[from] drain|[of] p1a: Dondozo
|-damage|p2a: Flowey|91/100|[from] item: Life Orb
|cant|p1a: Dondozo|slp
|move|p1a: Dondozo|Sleep Talk|p1a: Dondozo
|move|p1a: Dondozo|Curse|p1a: Dondozo|[from] move: Sleep Talk
|-unboost|p1a: Dondozo|spe|1
|-boost|p1a: Dondozo|atk|1
|-boost|p1a: Dondozo|def|1
|
|-heal|p1a: Dondozo|8/100 slp|[from] item: Leftovers
|upkeep
|turn|19
|
|t:|1781537581
|switch|p1a: Corviknight|Corviknight, F|100/100
|-ability|p1a: Corviknight|Pressure
|move|p2a: Flowey|Giga Drain|p1a: Corviknight
|-resisted|p1a: Corviknight
|-damage|p1a: Corviknight|80/100
|-heal|p2a: Flowey|100/100|[from] drain|[of] p1a: Corviknight
|-damage|p2a: Flowey|91/100|[from] item: Life Orb
|
|-heal|p1a: Corviknight|86/100|[from] item: Leftovers
|upkeep
|turn|20
|
|t:|1781537589
|switch|p2a: naruto|Ninetales, F|100/100
|-weather|SunnyDay|[from] ability: Drought|[of] p2a: naruto
|move|p1a: Corviknight|Iron Defense|p1a: Corviknight
|-boost|p1a: Corviknight|def|2
|
|-weather|SunnyDay|[upkeep]
|-heal|p1a: Corviknight|92/100|[from] item: Leftovers
|upkeep
|turn|21
|
|t:|1781537596
|move|p2a: naruto|Overheat|p1a: Corviknight
|-supereffective|p1a: Corviknight
|-damage|p1a: Corviknight|0 fnt
|-unboost|p2a: naruto|spa|2
|faint|p1a: Corviknight
|
|-weather|SunnyDay|[upkeep]
|upkeep
|l| 54 Insane Rats
|j| 54 Insane Rats
|c|☆IFreakingluvStall|gg
|l| 54 Insane Rats
|
|t:|1781537606
|switch|p1a: Gliscor|Gliscor, M|93/100 tox
|turn|22
|j| 54 Insane Rats
|
|t:|1781537615
|switch|p2a: Walkenheimer|Walking Wake|100/100
|-activate|p2a: Walkenheimer|ability: Protosynthesis
|-start|p2a: Walkenheimer|protosynthesisspe
|move|p1a: Gliscor|Stealth Rock|p2a: Walkenheimer
|-sidestart|p2: mothily ><|move: Stealth Rock
|
|-weather|SunnyDay|[upkeep]
|-heal|p1a: Gliscor|100/100 tox|[from] ability: Poison Heal
|upkeep
|turn|23
|
|t:|1781537623
|-terastallize|p1a: Gliscor|Fairy
|move|p2a: Walkenheimer|Hydro Steam|p1a: Gliscor
|-damage|p1a: Gliscor|38/100 tox
|move|p1a: Gliscor|Toxic|p2a: Walkenheimer
|-status|p2a: Walkenheimer|tox
|
|-weather|SunnyDay|[upkeep]
|-damage|p2a: Walkenheimer|94/100 tox|[from] psn
|-heal|p1a: Gliscor|51/100 tox|[from] ability: Poison Heal
|upkeep
|turn|24
|
|t:|1781537631
|move|p1a: Gliscor|Protect|p1a: Gliscor
|-singleturn|p1a: Gliscor|Protect
|move|p2a: Walkenheimer|Hydro Steam|p1a: Gliscor
|-activate|p1a: Gliscor|move: Protect
|
|-weather|SunnyDay|[upkeep]
|-damage|p2a: Walkenheimer|82/100 tox|[from] psn
|-heal|p1a: Gliscor|63/100 tox|[from] ability: Poison Heal
|upkeep
|turn|25
|
|t:|1781537635
|switch|p1a: Dondozo|Dondozo, F, shiny|8/100 slp
|move|p2a: Walkenheimer|Hydro Steam|p1a: Dondozo
|-resisted|p1a: Dondozo
|-damage|p1a: Dondozo|0 fnt
|faint|p1a: Dondozo
|
|-weather|SunnyDay|[upkeep]
|-damage|p2a: Walkenheimer|63/100 tox|[from] psn
|upkeep
|
|t:|1781537638
|switch|p1a: Gliscor|Gliscor, M, tera:Fairy|63/100 tox
|turn|26
|
|t:|1781537639
|move|p1a: Gliscor|Protect|p1a: Gliscor
|-singleturn|p1a: Gliscor|Protect
|move|p2a: Walkenheimer|Hydro Steam|p1a: Gliscor
|-activate|p1a: Gliscor|move: Protect
|
|-weather|SunnyDay|[upkeep]
|-damage|p2a: Walkenheimer|39/100 tox|[from] psn
|-heal|p1a: Gliscor|76/100 tox|[from] ability: Poison Heal
|upkeep
|turn|27
|l| 54 Insane Rats
|
|t:|1781537645
|move|p1a: Gliscor|Protect|p1a: Gliscor
|-singleturn|p1a: Gliscor|Protect
|move|p2a: Walkenheimer|Hydro Steam|p1a: Gliscor
|-activate|p1a: Gliscor|move: Protect
|
|-weather|none
|-end|p2a: Walkenheimer|Protosynthesis
|-damage|p2a: Walkenheimer|8/100 tox|[from] psn
|-heal|p1a: Gliscor|88/100 tox|[from] ability: Poison Heal
|upkeep
|turn|28
|j| 54 Insane Rats
|l| newhere1310
|
|t:|1781537655
|move|p2a: Walkenheimer|Hydro Steam|p1a: Gliscor
|-damage|p1a: Gliscor|50/100 tox
|move|p1a: Gliscor|Knock Off|p2a: Walkenheimer
|-damage|p2a: Walkenheimer|0 fnt
|-enditem|p2a: Walkenheimer|Mystic Water|[from] move: Knock Off|[of] p1a: Gliscor
|faint|p2a: Walkenheimer
|-end|p2a: Walkenheimer|Protosynthesis|[silent]
|
|-heal|p1a: Gliscor|63/100 tox|[from] ability: Poison Heal
|upkeep
|
|t:|1781537666
|switch|p2a: naruto|Ninetales, F|100/100
|-damage|p2a: naruto|76/100|[from] Stealth Rock
|-weather|SunnyDay|[from] ability: Drought|[of] p2a: naruto
|turn|29
|
|t:|1781537669
|move|p2a: naruto|Overheat|p1a: Gliscor
|-damage|p1a: Gliscor|0 fnt
|-unboost|p2a: naruto|spa|2
|faint|p1a: Gliscor
|
|-weather|SunnyDay|[upkeep]
|upkeep
|-message|IFreakingluvStall forfeited.
|
|win|mothily ><
|raw|IFreakingluvStall's rating: 1713 &rarr; <strong>1700</strong><br />(-13 for losing)
|raw|mothily &gt;&lt;'s rating: 1846 &rarr; <strong>1859</strong><br />(+13 for winning)
|l|☆IFreakingluvStall
|player|p1|
|l| 54 Insane Rats
|l|☆mothily ><
|player|p2|
