|j|☆ridlostar
|j|☆GreninjaMyFav
|t:|1781292191
|gametype|singles
|player|p1|ridlostar|hilbert|1702
|player|p2|GreninjaMyFav|skyla|1737
|gen|9
|tier|[Gen 9] OU
|rated|
|rule|HP Percentage Mod: HP is shown in percentages
|rule|Endless Battle Clause: Forcing endless battles is banned
|rule|Species Clause: Limit one of each Pokémon
|rule|OHKO Clause: OHKO moves are banned
|rule|Evasion Items Clause: Evasion items are banned
|rule|Evasion Moves Clause: Evasion moves are banned
|rule|Evasion Abilities Clause: Evasion abilities are banned
|rule|Sleep Moves Clause: Sleep-inducing moves are banned
|clearpoke
|poke|p1|Toedscruel, M|
|poke|p1|Darkrai|
|poke|p1|Cresselia, F|
|poke|p1|Clodsire, M|
|poke|p1|Dragonite, M|
|poke|p1|Alomomola, M|
|poke|p2|Ceruledge, F|
|poke|p2|Deoxys-Speed|
|poke|p2|Samurott-Hisui, M|
|poke|p2|Gholdengo|
|poke|p2|Torterra, F|
|poke|p2|Iron Valiant|
|teampreview
|
|t:|1781292208
|teamsize|p1|6
|teamsize|p2|6
|start
|switch|p1a: Keanu Reeves|Darkrai|100/100
|switch|p2a: Deoxys|Deoxys-Speed|100/100
|-ability|p2a: Deoxys|Pressure
|turn|1
|j| just-jaype
|
|t:|1781292212
|move|p2a: Deoxys|Light Screen|p2a: Deoxys
|-sidestart|p2: GreninjaMyFav|move: Light Screen
|move|p1a: Keanu Reeves|Knock Off|p2a: Deoxys
|-supereffective|p2a: Deoxys
|-damage|p2a: Deoxys|3/100
|-enditem|p2a: Deoxys|Light Clay|[from] move: Knock Off|[of] p1a: Keanu Reeves
|
|upkeep
|turn|2
|
|t:|1781292218
|move|p2a: Deoxys|Reflect|p2a: Deoxys
|-sidestart|p2: GreninjaMyFav|Reflect
|move|p1a: Keanu Reeves|Knock Off|p2a: Deoxys
|-supereffective|p2a: Deoxys
|-damage|p2a: Deoxys|0 fnt
|faint|p2a: Deoxys
|
|upkeep
|
|t:|1781292229
|switch|p2a: Samurott|Samurott-Hisui, M|100/100
|turn|3
|
|t:|1781292233
|switch|p1a: Fair and Balanced|Alomomola, M|100/100
|move|p2a: Samurott|Swords Dance|p2a: Samurott
|-boost|p2a: Samurott|atk|2
|
|upkeep
|turn|4
|
|t:|1781292237
|move|p2a: Samurott|Ceaseless Edge|p1a: Fair and Balanced
|-damage|p1a: Fair and Balanced|12/100
|-sidestart|p1: ridlostar|Spikes
|move|p1a: Fair and Balanced|Flip Turn|p2a: Samurott
|-resisted|p2a: Samurott
|-damage|p2a: Samurott|96/100
|
|t:|1781292245
|switch|p1a: Keanu Reeves|Darkrai|100/100|[from] Flip Turn
|-damage|p1a: Keanu Reeves|88/100|[from] Spikes
|
|upkeep
|turn|5
|
|t:|1781292249
|move|p1a: Keanu Reeves|Will-O-Wisp|p2a: Samurott
|-status|p2a: Samurott|brn
|move|p2a: Samurott|Razor Shell|p1a: Keanu Reeves
|-damage|p1a: Keanu Reeves|2/100
|-unboost|p1a: Keanu Reeves|def|1
|
|-damage|p2a: Samurott|89/100 brn|[from] brn
|upkeep
|turn|6
|
|t:|1781292286
|switch|p1a: him|Dragonite, M|100/100
|move|p2a: Samurott|Ceaseless Edge|p1a: him
|-damage|p1a: him|68/100
|-sidestart|p1: ridlostar|Spikes
|
|-heal|p1a: him|74/100|[from] item: Leftovers
|-damage|p2a: Samurott|83/100 brn|[from] brn
|-sideend|p2: GreninjaMyFav|Reflect
|upkeep
|turn|7
|
|t:|1781292290
|move|p1a: him|Dragon Dance|p1a: him
|-boost|p1a: him|atk|1
|-boost|p1a: him|spe|1
|move|p2a: Samurott|Ceaseless Edge|p1a: him
|-damage|p1a: him|15/100
|-sidestart|p1: ridlostar|Spikes
|
|-heal|p1a: him|21/100|[from] item: Leftovers
|-damage|p2a: Samurott|77/100 brn|[from] brn
|upkeep
|turn|8
|
|t:|1781292303
|move|p1a: him|Outrage|p2a: Samurott
|-damage|p2a: Samurott|0 fnt
|faint|p2a: Samurott
|
|-heal|p1a: him|27/100|[from] item: Leftovers
|-sideend|p2: GreninjaMyFav|move: Light Screen
|upkeep
|
|t:|1781292310
|switch|p2a: Iron Valiant|Iron Valiant|100/100
|-enditem|p2a: Iron Valiant|Booster Energy
|-activate|p2a: Iron Valiant|ability: Quark Drive|[fromitem]
|-start|p2a: Iron Valiant|quarkdrivespe
|turn|9
|
|t:|1781292312
|move|p2a: Iron Valiant|Calm Mind|p2a: Iron Valiant
|-boost|p2a: Iron Valiant|spa|1
|-boost|p2a: Iron Valiant|spd|1
|move|p1a: him|Outrage|p2a: Iron Valiant|[from] lockedmove
|-immune|p2a: Iron Valiant
|
|-heal|p1a: him|33/100|[from] item: Leftovers
|upkeep
|turn|10
|
|t:|1781292319
|move|p2a: Iron Valiant|Moonblast|p1a: him
|-supereffective|p1a: him
|-crit|p1a: him
|-damage|p1a: him|0 fnt
|faint|p1a: him
|
|upkeep
|
|t:|1781292325
|switch|p1a: Big Man|Clodsire, M|100/100
|-damage|p1a: Big Man|75/100|[from] Spikes
|turn|11
|
|t:|1781292328
|move|p2a: Iron Valiant|Shadow Ball|p1a: Big Man
|-damage|p1a: Big Man|55/100
|move|p1a: Big Man|Toxic|p2a: Iron Valiant
|-status|p2a: Iron Valiant|tox
|
|-heal|p1a: Big Man|61/100|[from] item: Leftovers
|-damage|p2a: Iron Valiant|94/100 tox|[from] psn
|upkeep
|turn|12
|
|t:|1781292335
|-end|p2a: Iron Valiant|Quark Drive|[silent]
|switch|p2a: Gholdengo|Gholdengo|100/100
|-item|p2a: Gholdengo|Air Balloon
|move|p1a: Big Man|Stockpile|p1a: Big Man
|-start|p1a: Big Man|stockpile1
|-boost|p1a: Big Man|def|1
|-boost|p1a: Big Man|spd|1
|
|-heal|p1a: Big Man|67/100|[from] item: Leftovers
|upkeep
|turn|13
|
|t:|1781292354
|switch|p2a: Torterra|Torterra, F|100/100
|switch|p1a: Fair and Balanced|Alomomola, M|45/100
|
|upkeep
|turn|14
|
|t:|1781292361
|move|p2a: Torterra|Bullet Seed|p1a: Fair and Balanced
|-supereffective|p1a: Fair and Balanced
|-damage|p1a: Fair and Balanced|27/100
|-supereffective|p1a: Fair and Balanced
|-damage|p1a: Fair and Balanced|8/100
|-supereffective|p1a: Fair and Balanced
|-damage|p1a: Fair and Balanced|0 fnt
|faint|p1a: Fair and Balanced
|-hitcount|p1: Fair and Balanced|3
|
|upkeep
|
|t:|1781292367
|switch|p1a: Squidward?|Toedscruel, M|100/100
|turn|15
|
|t:|1781292371
|switch|p2a: Gholdengo|Gholdengo|100/100
|-item|p2a: Gholdengo|Air Balloon
|move|p1a: Squidward?|Rapid Spin|p2a: Gholdengo
|-immune|p2a: Gholdengo
|
|upkeep
|turn|16
|
|t:|1781292377
|move|p2a: Gholdengo|Make It Rain|p1a: Squidward?
|-damage|p1a: Squidward?|44/100
|-unboost|p2a: Gholdengo|spa|1
|move|p1a: Squidward?|Giga Drain|p2a: Gholdengo
|-resisted|p2a: Gholdengo
|-damage|p2a: Gholdengo|83/100
|-heal|p1a: Squidward?|53/100|[from] drain|[of] p2a: Gholdengo
|-enditem|p2a: Gholdengo|Air Balloon
|
|upkeep
|turn|17
|
|t:|1781292387
|move|p2a: Gholdengo|Make It Rain|p1a: Squidward?
|-damage|p1a: Squidward?|15/100
|-unboost|p2a: Gholdengo|spa|1
|move|p1a: Squidward?|Earth Power|p2a: Gholdengo
|-supereffective|p2a: Gholdengo
|-damage|p2a: Gholdengo|0 fnt
|faint|p2a: Gholdengo
|
|upkeep
|
|t:|1781292392
|switch|p2a: Iron Valiant|Iron Valiant|94/100 tox
|turn|18
|inactive|Battle timer is ON: inactive players will automatically lose when time's up. (requested by GreninjaMyFav)
|
|t:|1781292412
|switch|p1a: Keanu Reeves|Darkrai|2/100
|-damage|p1a: Keanu Reeves|0 fnt|[from] Spikes
|faint|p1a: Keanu Reeves
|move|p2a: Iron Valiant|Moonblast|p1: Keanu Reeves|[notarget]
|-fail|p2a: Iron Valiant
|
|-damage|p2a: Iron Valiant|88/100 tox|[from] psn
|upkeep
|
|t:|1781292417
|switch|p1a: Big Man|Clodsire, M|67/100
|-damage|p1a: Big Man|42/100|[from] Spikes
|turn|19
|
|t:|1781292423
|-end|p2a: Iron Valiant|Quark Drive|[silent]
|switch|p2a: Torterra|Torterra, F|100/100
|move|p1a: Big Man|Recover|p1a: Big Man
|-heal|p1a: Big Man|92/100
|
|-heal|p1a: Big Man|98/100|[from] item: Leftovers
|upkeep
|turn|20
|
|t:|1781292426
|move|p2a: Torterra|Shell Smash|p2a: Torterra
|-unboost|p2a: Torterra|def|1
|-unboost|p2a: Torterra|spd|1
|-boost|p2a: Torterra|atk|2
|-boost|p2a: Torterra|spa|2
|-boost|p2a: Torterra|spe|2
|move|p1a: Big Man|Toxic|p2a: Torterra
|-status|p2a: Torterra|tox
|
|-heal|p1a: Big Man|100/100|[from] item: Leftovers
|-damage|p2a: Torterra|94/100 tox|[from] psn
|upkeep
|turn|21
|
|t:|1781292436
|switch|p1a: why|Cresselia, F, shiny|100/100
|-terastallize|p2a: Torterra|Grass
|move|p2a: Torterra|Bullet Seed|p1a: why
|-damage|p1a: why|83/100
|-damage|p1a: why|66/100
|-damage|p1a: why|48/100
|-damage|p1a: why|31/100
|-damage|p1a: why|14/100
|-hitcount|p1a: why|5
|
|-heal|p1a: why|20/100|[from] item: Leftovers
|-damage|p2a: Torterra|82/100 tox|[from] psn
|upkeep
|turn|22
|
|t:|1781292446
|move|p2a: Torterra|Bullet Seed|p1a: why
|-damage|p1a: why|1/100
|-damage|p1a: why|0 fnt
|faint|p1a: why
|-hitcount|p1: why|2
|
|-damage|p2a: Torterra|64/100 tox|[from] psn
|upkeep
|
|t:|1781292454
|switch|p1a: Squidward?|Toedscruel, M|15/100
|turn|23
|
|t:|1781292460
|move|p2a: Torterra|Bullet Seed|p1a: Squidward?
|-damage|p1a: Squidward?|0 fnt
|faint|p1a: Squidward?
|-hitcount|p1: Squidward?|1
|
|-damage|p2a: Torterra|40/100 tox|[from] psn
|upkeep
|
|t:|1781292463
|switch|p1a: Big Man|Clodsire, M|100/100
|-damage|p1a: Big Man|75/100|[from] Spikes
|turn|24
|
|t:|1781292467
|-terastallize|p1a: Big Man|Dark
|move|p2a: Torterra|Bullet Seed|p1a: Big Man
|-damage|p1a: Big Man|62/100
|-damage|p1a: Big Man|50/100
|-damage|p1a: Big Man|38/100
|-damage|p1a: Big Man|25/100
|-hitcount|p1a: Big Man|4
|move|p1a: Big Man|Recover|p1a: Big Man
|-heal|p1a: Big Man|75/100
|
|-heal|p1a: Big Man|81/100|[from] item: Leftovers
|-damage|p2a: Torterra|10/100 tox|[from] psn
|upkeep
|turn|25
|j| cachowcapow
|
|t:|1781292475
|move|p2a: Torterra|Bullet Seed|p1a: Big Man
|-damage|p1a: Big Man|64/100
|-damage|p1a: Big Man|46/100
|-damage|p1a: Big Man|27/100
|-damage|p1a: Big Man|9/100
|-hitcount|p1a: Big Man|4
|move|p1a: Big Man|Recover|p1a: Big Man
|-heal|p1a: Big Man|59/100
|
|-heal|p1a: Big Man|65/100|[from] item: Leftovers
|-damage|p2a: Torterra|0 fnt|[from] psn
|faint|p2a: Torterra
|upkeep
|
|t:|1781292482
|switch|p2a: Iron Valiant|Iron Valiant|88/100 tox
|turn|26
|
|t:|1781292485
|move|p2a: Iron Valiant|Moonblast|p1a: Big Man
|-supereffective|p1a: Big Man
|-damage|p1a: Big Man|0 fnt
|faint|p1a: Big Man
|
|win|GreninjaMyFav
|raw|ridlostar's rating: 1702 &rarr; <strong>1684</strong><br />(-18 for losing)
|raw|GreninjaMyFav's rating: 1737 &rarr; <strong>1755</strong><br />(+18 for winning)
|l|☆ridlostar
|player|p1|
|l|☆GreninjaMyFav
|player|p2|
|l| just-jaype
