|j|‽zamrod0303
|j|☆looniertunes
|t:|1781413397
|gametype|singles
|player|p1|zamrod0303|swimmerf|1572
|player|p2|looniertunes|cynthia|1526
|gen|9
|tier|[Gen 9] OU
|rated|
|rule|HP Percentage Mod: HP is shown in percentages
|rule|Endless Battle Clause: Forcing endless battles is banned
|rule|Species Clause: Limit one of each Pokémon
|rule|OHKO Clause: OHKO moves are banned
|rule|Evasion Items Clause: Evasion items are banned
|rule|Evasion Moves Clause: Evasion moves are banned
|rule|Evasion Abilities Clause: Evasion abilities are banned
|rule|Sleep Moves Clause: Sleep-inducing moves are banned
|clearpoke
|poke|p1|Staraptor, M|
|poke|p1|Raging Bolt|
|poke|p1|Alomomola, M|
|poke|p1|Gliscor, M|
|poke|p1|Weezing-Galar, F|
|poke|p1|Corviknight, M|
|poke|p2|Tyranitar, M|
|poke|p2|Sinistcha|
|poke|p2|Conkeldurr, F|
|poke|p2|Excadrill, M|
|poke|p2|Corviknight, M|
|poke|p2|Primarina, M|
|teampreview
|inactive|Battle timer is ON: inactive players will automatically lose when time's up. (requested by zamrod0303)
|j| mono_8427109
|
|t:|1781413425
|teamsize|p1|6
|teamsize|p2|6
|start
|switch|p1a: Staraptor|Staraptor, M|100/100
|switch|p2a: Corviknight|Corviknight, M|100/100
|-ability|p2a: Corviknight|Pressure
|turn|1
|
|t:|1781413449
|switch|p1a: Gliscor|Gliscor, M|100/100
|move|p2a: Corviknight|U-turn|p1a: Gliscor
|-resisted|p1a: Gliscor
|-damage|p1a: Gliscor|95/100
|
|t:|1781413462
|switch|p2a: Tyranitar|Tyranitar, M|100/100|[from] U-turn
|-weather|Sandstorm|[from] ability: Sand Stream|[of] p2a: Tyranitar
|
|-weather|Sandstorm|[upkeep]
|-status|p1a: Gliscor|tox|[from] item: Toxic Orb
|upkeep
|turn|2
|
|t:|1781413477
|move|p1a: Gliscor|Protect|p1a: Gliscor
|-singleturn|p1a: Gliscor|Protect
|move|p2a: Tyranitar|Ice Beam|p1a: Gliscor
|-activate|p1a: Gliscor|move: Protect
|
|-weather|Sandstorm|[upkeep]
|-heal|p1a: Gliscor|100/100 tox|[from] ability: Poison Heal
|upkeep
|turn|3
|
|t:|1781413488
|switch|p1a: Corviknight|Corviknight, M|100/100
|move|p2a: Tyranitar|Stealth Rock|p1a: Corviknight
|-sidestart|p1: zamrod0303|move: Stealth Rock
|
|-weather|Sandstorm|[upkeep]
|upkeep
|turn|4
|
|t:|1781413498
|switch|p2a: Corviknight|Corviknight, M|100/100
|-ability|p2a: Corviknight|Pressure
|move|p1a: Corviknight|U-turn|p2a: Corviknight
|-resisted|p2a: Corviknight
|-damage|p2a: Corviknight|98/100
|-damage|p1a: Corviknight|84/100|[from] item: Rocky Helmet|[of] p2a: Corviknight
|
|t:|1781413508
|switch|p1a: Weezing|Weezing-Galar, F|100/100|[from] U-turn
|-ability|p1a: Weezing|Neutralizing Gas
|
|-weather|Sandstorm|[upkeep]
|-damage|p1a: Weezing|95/100|[from] Sandstorm
|upkeep
|turn|5
|
|t:|1781413518
|move|p2a: Corviknight|Defog|p1a: Weezing
|-unboost|p1a: Weezing|evasion|1
|-sideend|p1: zamrod0303|Stealth Rock|[from] move: Defog|[of] p2a: Corviknight
|move|p1a: Weezing|Defog|p2a: Corviknight
|-unboost|p2a: Corviknight|evasion|1
|
|-weather|Sandstorm|[upkeep]
|-damage|p1a: Weezing|89/100|[from] Sandstorm
|upkeep
|turn|6
|inactive|looniertunes has 120 seconds left.
|
|t:|1781413566
|move|p2a: Corviknight|U-turn|p1a: Weezing
|-resisted|p1a: Weezing
|-damage|p1a: Weezing|86/100
|
|t:|1781413574
|switch|p2a: Conkeldurr|Conkeldurr, F|100/100|[from] U-turn
|move|p1a: Weezing|Toxic|p2a: Conkeldurr
|-status|p2a: Conkeldurr|tox
|
|-weather|Sandstorm|[upkeep]
|-damage|p2a: Conkeldurr|94/100 tox|[from] Sandstorm
|-damage|p1a: Weezing|80/100|[from] Sandstorm
|-damage|p2a: Conkeldurr|88/100 tox|[from] psn
|upkeep
|turn|7
|
|t:|1781413599
|-end|p1a: Weezing|ability: Neutralizing Gas
|switch|p1a: Corviknight|Corviknight, M|84/100
|move|p2a: Conkeldurr|Facade|p1a: Corviknight
|-resisted|p1a: Corviknight
|-damage|p1a: Corviknight|58/100
|-damage|p2a: Conkeldurr|71/100 tox|[from] item: Rocky Helmet|[of] p1a: Corviknight
|
|-weather|Sandstorm|[upkeep]
|-damage|p2a: Conkeldurr|65/100 tox|[from] Sandstorm
|-damage|p2a: Conkeldurr|53/100 tox|[from] psn
|upkeep
|turn|8
|inactive|looniertunes has 120 seconds left.
|
|t:|1781413616
|switch|p2a: Corviknight|Corviknight, M|98/100
|-ability|p2a: Corviknight|Pressure
|move|p1a: Corviknight|Roost|p1a: Corviknight
|-heal|p1a: Corviknight|100/100
|-singleturn|p1a: Corviknight|move: Roost
|
|-weather|none
|upkeep
|turn|9
|
|t:|1781413633
|move|p1a: Corviknight|Iron Defense|p1a: Corviknight
|-boost|p1a: Corviknight|def|2
|move|p2a: Corviknight|U-turn|p1a: Corviknight
|-resisted|p1a: Corviknight
|-damage|p1a: Corviknight|99/100
|-damage|p2a: Corviknight|82/100|[from] item: Rocky Helmet|[of] p1a: Corviknight
|
|t:|1781413639
|switch|p2a: Primarina|Primarina, M|100/100|[from] U-turn
|
|upkeep
|turn|10
|
|t:|1781413651
|switch|p1a: Alomomola|Alomomola, M|100/100
|move|p2a: Primarina|Surf|p1a: Alomomola
|-resisted|p1a: Alomomola
|-damage|p1a: Alomomola|78/100
|
|upkeep
|turn|11
|
|t:|1781413659
|move|p2a: Primarina|Psychic Noise|p1a: Alomomola
|-damage|p1a: Alomomola|52/100
|-start|p1a: Alomomola|move: Heal Block
|move|p1a: Alomomola|Flip Turn|p2a: Primarina
|-resisted|p2a: Primarina
|-damage|p2a: Primarina|89/100
|
|t:|1781413670
|switch|p1a: Staraptor|Staraptor, M|100/100|[from] Flip Turn
|
|upkeep
|turn|12
|
|t:|1781413689
|switch|p2a: Corviknight|Corviknight, M|82/100
|-ability|p2a: Corviknight|Pressure
|move|p1a: Staraptor|Brave Bird|p2a: Corviknight
|-resisted|p2a: Corviknight
|-damage|p2a: Corviknight|52/100
|-damage|p1a: Staraptor|84/100|[from] item: Rocky Helmet|[of] p2a: Corviknight
|-damage|p1a: Staraptor|72/100|[from] Recoil
|
|upkeep
|turn|13
|inactive|looniertunes has 120 seconds left.
|inactive|zamrod0303 has 120 seconds left.
|inactive|looniertunes has 90 seconds left.
|
|t:|1781413756
|switch|p1a: Gliscor|Gliscor, M|100/100 tox
|move|p2a: Corviknight|Roost|p2a: Corviknight
|-heal|p2a: Corviknight|100/100
|-singleturn|p2a: Corviknight|move: Roost
|
|upkeep
|turn|14
|
|t:|1781413761
|move|p1a: Gliscor|Swords Dance|p1a: Gliscor
|-boost|p1a: Gliscor|atk|2
|move|p2a: Corviknight|Brave Bird|p1a: Gliscor
|-damage|p1a: Gliscor|73/100 tox
|-damage|p2a: Corviknight|92/100|[from] Recoil
|
|-heal|p1a: Gliscor|85/100 tox|[from] ability: Poison Heal
|upkeep
|turn|15
|inactive|looniertunes has 90 seconds left.
|
|t:|1781413785
|move|p1a: Gliscor|Swords Dance|p1a: Gliscor
|-boost|p1a: Gliscor|atk|2
|move|p2a: Corviknight|Brave Bird|p1a: Gliscor
|-damage|p1a: Gliscor|53/100 tox
|-damage|p2a: Corviknight|83/100|[from] Recoil
|
|-heal|p1a: Gliscor|66/100 tox|[from] ability: Poison Heal
|upkeep
|turn|16
|
|t:|1781413791
|move|p1a: Gliscor|Swords Dance|p1a: Gliscor
|-boost|p1a: Gliscor|atk|2
|move|p2a: Corviknight|Brave Bird|p1a: Gliscor
|-damage|p1a: Gliscor|39/100 tox
|-damage|p2a: Corviknight|75/100|[from] Recoil
|
|-heal|p1a: Gliscor|51/100 tox|[from] ability: Poison Heal
|upkeep
|turn|17
|
|t:|1781413796
|move|p1a: Gliscor|Protect|p1a: Gliscor
|-singleturn|p1a: Gliscor|Protect
|move|p2a: Corviknight|Brave Bird|p1a: Gliscor
|-activate|p1a: Gliscor|move: Protect
|
|-heal|p1a: Gliscor|63/100 tox|[from] ability: Poison Heal
|upkeep
|turn|18
|
|t:|1781413804
|move|p1a: Gliscor|Facade|p2a: Corviknight
|-resisted|p2a: Corviknight
|-damage|p2a: Corviknight|39/100
|-damage|p1a: Gliscor|47/100 tox|[from] item: Rocky Helmet|[of] p2a: Corviknight
|move|p2a: Corviknight|Brave Bird|p1a: Gliscor
|-damage|p1a: Gliscor|16/100 tox
|-damage|p2a: Corviknight|30/100|[from] Recoil
|
|-heal|p1a: Gliscor|29/100 tox|[from] ability: Poison Heal
|upkeep
|turn|19
|
|t:|1781413810
|move|p1a: Gliscor|Protect|p1a: Gliscor
|-singleturn|p1a: Gliscor|Protect
|move|p2a: Corviknight|Roost|p2a: Corviknight
|-heal|p2a: Corviknight|80/100
|-singleturn|p2a: Corviknight|move: Roost
|
|-heal|p1a: Gliscor|41/100 tox|[from] ability: Poison Heal
|upkeep
|turn|20
|
|t:|1781413820
|switch|p1a: Alomomola|Alomomola, M|85/100
|move|p2a: Corviknight|Brave Bird|p1a: Alomomola
|-crit|p1a: Alomomola
|-damage|p1a: Alomomola|53/100
|-damage|p2a: Corviknight|64/100|[from] item: Rocky Helmet|[of] p1a: Alomomola
|-damage|p2a: Corviknight|51/100|[from] Recoil
|
|upkeep
|turn|21
|inactive|looniertunes has 120 seconds left.
|
|t:|1781413833
|move|p2a: Corviknight|Roost|p2a: Corviknight
|-heal|p2a: Corviknight|100/100
|-singleturn|p2a: Corviknight|move: Roost
|move|p1a: Alomomola|Wish|p1a: Alomomola
|
|upkeep
|turn|22
|
|t:|1781413842
|move|p2a: Corviknight|Brave Bird|p1a: Alomomola
|-damage|p1a: Alomomola|32/100
|-damage|p2a: Corviknight|84/100|[from] item: Rocky Helmet|[of] p1a: Alomomola
|-damage|p2a: Corviknight|76/100|[from] Recoil
|move|p1a: Alomomola|Flip Turn|p2a: Corviknight
|-damage|p2a: Corviknight|65/100
|-damage|p1a: Alomomola|15/100|[from] item: Rocky Helmet|[of] p2a: Corviknight
|
|t:|1781413851
|switch|p1a: Gliscor|Gliscor, M|41/100 tox|[from] Flip Turn
|
|-heal|p1a: Gliscor|100/100 tox|[from] move: Wish|[wisher] Alomomola
|upkeep
|turn|23
|inactive|looniertunes has 120 seconds left.
|
|t:|1781413883
|switch|p1a: Alomomola|Alomomola, M|49/100
|move|p2a: Corviknight|Brave Bird|p1a: Alomomola
|-damage|p1a: Alomomola|27/100
|-damage|p2a: Corviknight|48/100|[from] item: Rocky Helmet|[of] p1a: Alomomola
|-damage|p2a: Corviknight|40/100|[from] Recoil
|
|upkeep
|turn|24
|
|t:|1781413897
|switch|p1a: Raging Bolt|Raging Bolt|100/100
|move|p2a: Corviknight|Brave Bird|p1a: Raging Bolt
|-resisted|p1a: Raging Bolt
|-damage|p1a: Raging Bolt|83/100
|-damage|p2a: Corviknight|34/100|[from] Recoil
|
|-heal|p1a: Raging Bolt|89/100|[from] item: Leftovers
|upkeep
|turn|25
|
|t:|1781413901
|-end|p1a: Raging Bolt|Protosynthesis|[silent]
|switch|p1a: Alomomola|Alomomola, M|60/100
|switch|p2a: Tyranitar|Tyranitar, M|100/100
|-weather|Sandstorm|[from] ability: Sand Stream|[of] p2a: Tyranitar
|
|-weather|Sandstorm|[upkeep]
|-damage|p1a: Alomomola|54/100|[from] Sandstorm
|upkeep
|turn|26
|
|t:|1781413906
|move|p2a: Tyranitar|Stealth Rock|p1a: Alomomola
|-sidestart|p1: zamrod0303|move: Stealth Rock
|move|p1a: Alomomola|Flip Turn|p2a: Tyranitar
|-supereffective|p2a: Tyranitar
|-damage|p2a: Tyranitar|72/100
|
|t:|1781413931
|switch|p1a: Staraptor|Staraptor, M|72/100|[from] Flip Turn
|-damage|p1a: Staraptor|47/100|[from] Stealth Rock
|
|-weather|Sandstorm|[upkeep]
|-damage|p1a: Staraptor|41/100|[from] Sandstorm
|upkeep
|turn|27
|inactive|looniertunes has 120 seconds left.
|
|t:|1781413963
|switch|p2a: Corviknight|Corviknight, M|34/100
|-ability|p2a: Corviknight|Pressure
|move|p1a: Staraptor|U-turn|p2a: Corviknight
|-resisted|p2a: Corviknight
|-damage|p2a: Corviknight|28/100
|-damage|p1a: Staraptor|24/100|[from] item: Rocky Helmet|[of] p2a: Corviknight
|
|t:|1781413981
|switch|p1a: Alomomola|Alomomola, M|88/100|[from] U-turn
|-damage|p1a: Alomomola|75/100|[from] Stealth Rock
|
|-weather|Sandstorm|[upkeep]
|-damage|p1a: Alomomola|69/100|[from] Sandstorm
|upkeep
|turn|28
|inactive|looniertunes has 120 seconds left.
|
|t:|1781414015
|move|p2a: Corviknight|Roost|p2a: Corviknight
|-heal|p2a: Corviknight|78/100
|-singleturn|p2a: Corviknight|move: Roost
|move|p1a: Alomomola|Wish|p1a: Alomomola
|
|-weather|Sandstorm|[upkeep]
|-damage|p1a: Alomomola|63/100|[from] Sandstorm
|upkeep
|turn|29
|
|t:|1781414038
|move|p2a: Corviknight|Brave Bird|p1a: Alomomola
|-damage|p1a: Alomomola|40/100
|-damage|p2a: Corviknight|62/100|[from] item: Rocky Helmet|[of] p1a: Alomomola
|-damage|p2a: Corviknight|53/100|[from] Recoil
|move|p1a: Alomomola|Flip Turn|p2a: Corviknight
|-damage|p2a: Corviknight|44/100
|-damage|p1a: Alomomola|23/100|[from] item: Rocky Helmet|[of] p2a: Corviknight
|
|t:|1781414051
|switch|p1a: Weezing|Weezing-Galar, F|80/100|[from] Flip Turn
|-ability|p1a: Weezing|Neutralizing Gas
|
|-weather|Sandstorm|[upkeep]
|-damage|p1a: Weezing|74/100|[from] Sandstorm
|-heal|p1a: Weezing|100/100|[from] move: Wish|[wisher] Alomomola
|upkeep
|turn|30
|inactive|looniertunes has 90 seconds left.
|inactive|looniertunes has 60 seconds left.
|
|t:|1781414131
|move|p2a: Corviknight|Roost|p2a: Corviknight
|-heal|p2a: Corviknight|94/100
|-singleturn|p2a: Corviknight|move: Roost
|move|p1a: Weezing|Defog|p2a: Corviknight
|-unboost|p2a: Corviknight|evasion|1
|-sideend|p1: zamrod0303|Stealth Rock|[from] move: Defog|[of] p1a: Weezing
|
|-weather|Sandstorm|[upkeep]
|-damage|p1a: Weezing|95/100|[from] Sandstorm
|upkeep
|turn|31
|
|t:|1781414149
|move|p2a: Corviknight|U-turn|p1a: Weezing
|-resisted|p1a: Weezing
|-damage|p1a: Weezing|92/100
|inactive|looniertunes has 30 seconds left.
|
|t:|1781414174
|switch|p2a: Tyranitar|Tyranitar, M|72/100|[from] U-turn
|move|p1a: Weezing|Toxic|p2a: Tyranitar
|-status|p2a: Tyranitar|tox
|
|-weather|Sandstorm|[upkeep]
|-damage|p1a: Weezing|86/100|[from] Sandstorm
|-damage|p2a: Tyranitar|66/100 tox|[from] psn
|upkeep
|turn|32
|inactive|looniertunes has 30 seconds left.
|
|t:|1781414190
|-end|p1a: Weezing|ability: Neutralizing Gas
|switch|p1a: Corviknight|Corviknight, M|99/100
|move|p2a: Tyranitar|Ice Beam|p1a: Corviknight
|-damage|p1a: Corviknight|81/100
|
|-weather|none
|-damage|p2a: Tyranitar|54/100 tox|[from] psn
|upkeep
|turn|33
|inactive|looniertunes has 30 seconds left.
|
|t:|1781414201
|switch|p2a: Corviknight|Corviknight, M|94/100
|-ability|p2a: Corviknight|Pressure
|move|p1a: Corviknight|Iron Defense|p1a: Corviknight
|-boost|p1a: Corviknight|def|2
|
|upkeep
|turn|34
|
|t:|1781414219
|move|p1a: Corviknight|Iron Defense|p1a: Corviknight
|-boost|p1a: Corviknight|def|2
|move|p2a: Corviknight|U-turn|p1a: Corviknight
|-resisted|p1a: Corviknight
|-damage|p1a: Corviknight|81/100
|-damage|p2a: Corviknight|77/100|[from] item: Rocky Helmet|[of] p1a: Corviknight
|
|t:|1781414223
|switch|p2a: Primarina|Primarina, M|89/100|[from] U-turn
|
|upkeep
|turn|35
|inactive|zamrod0303 has 120 seconds left.
|
|t:|1781414264
|switch|p1a: Alomomola|Alomomola, M|57/100
|move|p2a: Primarina|Surf|p1a: Alomomola
|-resisted|p1a: Alomomola
|-damage|p1a: Alomomola|32/100
|
|upkeep
|turn|36
|inactive|looniertunes has 60 seconds left.
|inactive|zamrod0303 has 90 seconds left.
|
|t:|1781414299
|switch|p1a: Gliscor|Gliscor, M|100/100 tox
|move|p2a: Primarina|Moonblast|p1a: Gliscor
|-damage|p1a: Gliscor|56/100 tox
|-unboost|p1a: Gliscor|spa|1
|
|-heal|p1a: Gliscor|68/100 tox|[from] ability: Poison Heal
|upkeep
|turn|37
|inactive|looniertunes has 60 seconds left.
|
|t:|1781414317
|move|p1a: Gliscor|Protect|p1a: Gliscor
|-singleturn|p1a: Gliscor|Protect
|move|p2a: Primarina|Psychic Noise|p1a: Gliscor
|-activate|p1a: Gliscor|move: Protect
|
|-heal|p1a: Gliscor|80/100 tox|[from] ability: Poison Heal
|upkeep
|turn|38
|inactive|zamrod0303 has 90 seconds left.
|
|t:|1781414341
|switch|p1a: Weezing|Weezing-Galar, F|86/100
|-ability|p1a: Weezing|Neutralizing Gas
|move|p2a: Primarina|Surf|p1a: Weezing
|-damage|p1a: Weezing|23/100
|
|upkeep
|turn|39
|inactive|looniertunes has 60 seconds left.
|
|t:|1781414360
|-end|p1a: Weezing|ability: Neutralizing Gas
|switch|p1a: Alomomola|Alomomola, M|65/100
|move|p2a: Primarina|Surf|p1a: Alomomola
|-resisted|p1a: Alomomola
|-crit|p1a: Alomomola
|-damage|p1a: Alomomola|34/100
|
|upkeep
|turn|40
|
|t:|1781414367
|move|p2a: Primarina|Moonblast|p1a: Alomomola
|-damage|p1a: Alomomola|0 fnt
|faint|p1a: Alomomola
|
|upkeep
|
|t:|1781414373
|switch|p1a: Staraptor|Staraptor, M|24/100
|turn|41
|inactive|looniertunes has 60 seconds left.
|
|t:|1781414403
|move|p1a: Staraptor|Brave Bird|p2a: Primarina
|-damage|p2a: Primarina|0 fnt
|faint|p2a: Primarina
|-damage|p1a: Staraptor|0 fnt|[from] Recoil
|faint|p1a: Staraptor
|
|upkeep
|
|t:|1781414426
|switch|p1a: Weezing|Weezing-Galar, F|23/100
|switch|p2a: Sinistcha|Sinistcha|100/100
|-ability|p1a: Weezing|Neutralizing Gas
|turn|42
|j| samue319
|
|t:|1781414438
|move|p2a: Sinistcha|Shadow Ball|p1a: Weezing
|-damage|p1a: Weezing|0 fnt
|faint|p1a: Weezing
|-end|p1a: Weezing|ability: Neutralizing Gas
|
|upkeep
|
|t:|1781414457
|switch|p1a: Raging Bolt|Raging Bolt|89/100
|turn|43
|inactive|looniertunes has 60 seconds left.
|
|t:|1781414481
|-end|p1a: Raging Bolt|Protosynthesis|[silent]
|switch|p1a: Gliscor|Gliscor, M|80/100 tox
|move|p2a: Sinistcha|Strength Sap|p1a: Gliscor
|-unboost|p1a: Gliscor|atk|1
|
|-heal|p1a: Gliscor|93/100 tox|[from] ability: Poison Heal
|upkeep
|turn|44
|
|t:|1781414488
|switch|p1a: Corviknight|Corviknight, M|81/100
|move|p2a: Sinistcha|Matcha Gotcha|p1a: Corviknight
|-resisted|p1a: Corviknight
|-crit|p1a: Corviknight
|-damage|p1a: Corviknight|69/100
|-status|p1a: Corviknight|brn
|
|-damage|p1a: Corviknight|63/100 brn|[from] brn
|upkeep
|turn|45
|inactive|zamrod0303 has 90 seconds left.
|inactive|looniertunes has 60 seconds left.
|-message|zamrod0303 forfeited.
|
|win|looniertunes
|raw|zamrod0303's rating: 1572 &rarr; <strong>1549</strong><br />(-23 for losing)
|raw|looniertunes's rating: 1526 &rarr; <strong>1549</strong><br />(+23 for winning)
|l|‽zamrod0303
|player|p1|
|l|☆looniertunes
|player|p2|
|l| samue319
|l| mono_8427109
