|j|☆arturohdez
|j|☆lockheed shartin
|t:|1781580945
|gametype|singles
|player|p1|arturohdez|lucas|1674
|player|p2|lockheed shartin|psychic-gen4|1639
|gen|9
|tier|[Gen 9] OU
|rated|
|rule|HP Percentage Mod: HP is shown in percentages
|rule|Endless Battle Clause: Forcing endless battles is banned
|rule|Species Clause: Limit one of each Pokémon
|rule|OHKO Clause: OHKO moves are banned
|rule|Evasion Items Clause: Evasion items are banned
|rule|Evasion Moves Clause: Evasion moves are banned
|rule|Evasion Abilities Clause: Evasion abilities are banned
|rule|Sleep Moves Clause: Sleep-inducing moves are banned
|clearpoke
|poke|p1|Gliscor, M|
|poke|p1|Okidogi, M|
|poke|p1|Iron Treads|
|poke|p1|Dragapult, M|
|poke|p1|Primarina, F|
|poke|p1|Latios, M|
|poke|p2|Great Tusk|
|poke|p2|Kyurem|
|poke|p2|Volcanion|
|poke|p2|Cresselia, F|
|poke|p2|Ogerpon-Wellspring, F|
|poke|p2|Kingambit, M|
|teampreview
|inactive|Battle timer is ON: inactive players will automatically lose when time's up. (requested by lockheed shartin)
|
|t:|1781580970
|teamsize|p1|6
|teamsize|p2|6
|start
|switch|p1a: Primarina|Primarina, F, shiny|100/100
|switch|p2a: Kyurem|Kyurem|100/100
|-ability|p2a: Kyurem|Pressure
|turn|1
|
|t:|1781580973
|move|p2a: Kyurem|Freeze-Dry|p1a: Primarina
|-supereffective|p1a: Primarina
|-damage|p1a: Primarina|59/100
|move|p1a: Primarina|Moonblast|p2a: Kyurem
|-supereffective|p2a: Kyurem
|-damage|p2a: Kyurem|43/100
|-unboost|p2a: Kyurem|spa|1
|
|upkeep
|turn|2
|
|t:|1781580981
|switch|p2a: Volcanion|Volcanion|100/100
|move|p1a: Primarina|Moonblast|p2a: Volcanion
|-resisted|p2a: Volcanion
|-crit|p2a: Volcanion
|-damage|p2a: Volcanion|61/100
|-unboost|p2a: Volcanion|spa|1
|
|upkeep
|turn|3
|
|t:|1781580986
|move|p2a: Volcanion|Sludge Bomb|p1a: Primarina
|-supereffective|p1a: Primarina
|-damage|p1a: Primarina|35/100
|-status|p1a: Primarina|psn
|move|p1a: Primarina|Moonblast|p2a: Volcanion
|-resisted|p2a: Volcanion
|-damage|p2a: Volcanion|31/100
|
|-damage|p1a: Primarina|23/100 psn|[from] psn
|upkeep
|turn|4
|
|t:|1781580994
|move|p2a: Volcanion|Sludge Bomb|p1a: Primarina
|-supereffective|p1a: Primarina
|-damage|p1a: Primarina|0 fnt
|faint|p1a: Primarina
|
|upkeep
|
|t:|1781581006
|switch|p1a: Iron Treads|Iron Treads, shiny|100/100
|turn|5
|
|t:|1781581009
|move|p1a: Iron Treads|Earthquake|p2a: Volcanion
|-supereffective|p2a: Volcanion
|-enditem|p2a: Volcanion|Shuca Berry|[eat]
|-enditem|p2a: Volcanion|Shuca Berry|[weaken]
|-damage|p2a: Volcanion|0 fnt
|faint|p2a: Volcanion
|
|upkeep
|
|t:|1781581015
|switch|p2a: Ogerpon|Ogerpon-Wellspring, F|100/100
|turn|6
|
|t:|1781581018
|move|p2a: Ogerpon|Ivy Cudgel|p1a: Iron Treads|[anim] Ivy Cudgel Water
|-supereffective|p1a: Iron Treads
|-damage|p1a: Iron Treads|14/100
|move|p1a: Iron Treads|Stealth Rock|p2a: Ogerpon
|-sidestart|p2: lockheed shartin|move: Stealth Rock
|
|-heal|p1a: Iron Treads|20/100|[from] item: Leftovers
|upkeep
|turn|7
|
|t:|1781581022
|move|p2a: Ogerpon|Power Whip|p1a: Iron Treads
|-damage|p1a: Iron Treads|0 fnt
|faint|p1a: Iron Treads
|-end|p1a: Iron Treads|Quark Drive|[silent]
|
|upkeep
|
|t:|1781581030
|switch|p1a: Dragapult|Dragapult, M, shiny|100/100
|turn|8
|
|t:|1781581040
|switch|p2a: Kingambit|Kingambit, M|100/100
|-damage|p2a: Kingambit|94/100|[from] Stealth Rock
|-activate|p2a: Kingambit|ability: Supreme Overlord
|-start|p2a: Kingambit|fallen1|[silent]
|move|p1a: Dragapult|Will-O-Wisp|p2a: Kingambit
|-status|p2a: Kingambit|brn
|
|-heal|p2a: Kingambit|100/100 brn|[from] item: Leftovers
|-damage|p2a: Kingambit|94/100 brn|[from] brn
|upkeep
|turn|9
|
|t:|1781581059
|switch|p1a: Gliscor|Gliscor, M, shiny|100/100
|-end|p2a: Kingambit|fallen1|[silent]
|switch|p2a: Kyurem|Kyurem|43/100
|-damage|p2a: Kyurem|18/100|[from] Stealth Rock
|-ability|p2a: Kyurem|Pressure
|
|-status|p1a: Gliscor|tox|[from] item: Toxic Orb
|upkeep
|turn|10
|
|t:|1781581065
|switch|p1a: Okidogi|Okidogi, M|100/100
|move|p2a: Kyurem|Freeze-Dry|p1a: Okidogi
|-damage|p1a: Okidogi|54/100
|
|upkeep
|turn|11
|
|t:|1781581073
|move|p1a: Okidogi|Close Combat|p2a: Kyurem
|-supereffective|p2a: Kyurem
|-damage|p2a: Kyurem|0 fnt
|-unboost|p1a: Okidogi|def|1
|-unboost|p1a: Okidogi|spd|1
|faint|p2a: Kyurem
|
|upkeep
|
|t:|1781581076
|switch|p2a: Great Tusk|Great Tusk|100/100
|turn|12
|
|t:|1781581080
|switch|p1a: Dragapult|Dragapult, M, shiny|100/100
|move|p2a: Great Tusk|Ice Spinner|p1a: Dragapult
|-supereffective|p1a: Dragapult
|-damage|p1a: Dragapult|37/100
|
|-heal|p1a: Dragapult|43/100|[from] item: Leftovers
|upkeep
|turn|13
|
|t:|1781581090
|-end|p2a: Great Tusk|Protosynthesis|[silent]
|switch|p2a: Kingambit|Kingambit, M|94/100 brn
|-damage|p2a: Kingambit|88/100 brn|[from] Stealth Rock
|-activate|p2a: Kingambit|ability: Supreme Overlord
|-start|p2a: Kingambit|fallen2|[silent]
|move|p1a: Dragapult|Will-O-Wisp|p2a: Kingambit
|-fail|p2a: Kingambit|brn
|
|-heal|p1a: Dragapult|49/100|[from] item: Leftovers
|-heal|p2a: Kingambit|94/100 brn|[from] item: Leftovers
|-damage|p2a: Kingambit|88/100 brn|[from] brn
|upkeep
|turn|14
|j| Shucklepilled
|
|t:|1781581094
|switch|p1a: Gliscor|Gliscor, M, shiny|100/100 tox
|move|p2a: Kingambit|Iron Head|p1a: Gliscor
|-damage|p1a: Gliscor|84/100 tox
|
|-heal|p2a: Kingambit|94/100 brn|[from] item: Leftovers
|-heal|p1a: Gliscor|97/100 tox|[from] ability: Poison Heal
|-damage|p2a: Kingambit|88/100 brn|[from] brn
|upkeep
|turn|15
|
|t:|1781581100
|-end|p2a: Kingambit|fallen2|[silent]
|switch|p2a: Great Tusk|Great Tusk|100/100
|move|p1a: Gliscor|Toxic|p2a: Great Tusk
|-status|p2a: Great Tusk|tox
|
|-damage|p2a: Great Tusk|94/100 tox|[from] psn
|-heal|p1a: Gliscor|100/100 tox|[from] ability: Poison Heal
|upkeep
|turn|16
|
|t:|1781581105
|move|p1a: Gliscor|Protect|p1a: Gliscor
|-singleturn|p1a: Gliscor|Protect
|move|p2a: Great Tusk|Stealth Rock|p1a: Gliscor
|-sidestart|p1: arturohdez|move: Stealth Rock
|
|-damage|p2a: Great Tusk|82/100 tox|[from] psn
|upkeep
|turn|17
|
|t:|1781581127
|move|p2a: Great Tusk|Rapid Spin|p1a: Gliscor
|-damage|p1a: Gliscor|92/100 tox
|-boost|p2a: Great Tusk|spe|1
|-sideend|p2: lockheed shartin|Stealth Rock|[from] move: Rapid Spin|[of] p2a: Great Tusk
|move|p1a: Gliscor|Earthquake|p2a: Great Tusk
|-damage|p2a: Great Tusk|60/100 tox
|
|-damage|p2a: Great Tusk|42/100 tox|[from] psn
|-heal|p1a: Gliscor|100/100 tox|[from] ability: Poison Heal
|upkeep
|turn|18
|
|t:|1781581131
|move|p2a: Great Tusk|Ice Spinner|p1a: Gliscor
|-supereffective|p1a: Gliscor
|-damage|p1a: Gliscor|49/100 tox
|move|p1a: Gliscor|Spikes|p2a: Great Tusk
|-sidestart|p2: lockheed shartin|Spikes
|
|-damage|p2a: Great Tusk|17/100 tox|[from] psn
|-heal|p1a: Gliscor|61/100 tox|[from] ability: Poison Heal
|upkeep
|turn|19
|
|t:|1781581137
|-end|p2a: Great Tusk|Protosynthesis|[silent]
|switch|p2a: Ogerpon|Ogerpon-Wellspring, F|100/100
|-damage|p2a: Ogerpon|88/100|[from] Spikes
|move|p1a: Gliscor|Protect||[still]
|-fail|p1a: Gliscor
|
|-heal|p1a: Gliscor|73/100 tox|[from] ability: Poison Heal
|upkeep
|turn|20
|
|t:|1781581156
|switch|p1a: Latios|Latios, M, shiny|100/100
|-damage|p1a: Latios|88/100|[from] Stealth Rock
|move|p2a: Ogerpon|Ivy Cudgel|p1a: Latios|[anim] Ivy Cudgel Water
|-resisted|p1a: Latios
|-damage|p1a: Latios|49/100
|
|upkeep
|turn|21
|
|t:|1781581167
|switch|p2a: Kingambit|Kingambit, M|88/100 brn
|-damage|p2a: Kingambit|76/100 brn|[from] Spikes
|-activate|p2a: Kingambit|ability: Supreme Overlord
|-start|p2a: Kingambit|fallen2|[silent]
|move|p1a: Latios|Draco Meteor|p2a: Kingambit
|-resisted|p2a: Kingambit
|-damage|p2a: Kingambit|31/100 brn
|-unboost|p1a: Latios|spa|2
|
|-heal|p2a: Kingambit|37/100 brn|[from] item: Leftovers
|-damage|p2a: Kingambit|31/100 brn|[from] brn
|upkeep
|turn|22
|
|t:|1781581175
|-end|p2a: Kingambit|fallen2|[silent]
|switch|p2a: Cresselia|Cresselia, F|100/100
|move|p1a: Latios|Recover|p1a: Latios
|-heal|p1a: Latios|99/100
|
|upkeep
|turn|23
|
|t:|1781581180
|switch|p1a: Gliscor|Gliscor, M, shiny|73/100 tox
|-damage|p1a: Gliscor|61/100 tox|[from] Stealth Rock
|-terastallize|p2a: Cresselia|Poison
|move|p2a: Cresselia|Calm Mind|p2a: Cresselia
|-boost|p2a: Cresselia|spa|1
|-boost|p2a: Cresselia|spd|1
|
|-heal|p1a: Gliscor|73/100 tox|[from] ability: Poison Heal
|upkeep
|turn|24
|
|t:|1781581188
|switch|p1a: Okidogi|Okidogi, M|54/100
|-damage|p1a: Okidogi|48/100|[from] Stealth Rock
|move|p2a: Cresselia|Calm Mind|p2a: Cresselia
|-boost|p2a: Cresselia|spa|1
|-boost|p2a: Cresselia|spd|1
|
|upkeep
|turn|25
|
|t:|1781581195
|move|p1a: Okidogi|Knock Off|p2a: Cresselia
|-damage|p2a: Cresselia|72/100
|-enditem|p2a: Cresselia|Covert Cloak|[from] move: Knock Off|[of] p1a: Okidogi
|move|p2a: Cresselia|Calm Mind|p2a: Cresselia
|-boost|p2a: Cresselia|spa|1
|-boost|p2a: Cresselia|spd|1
|
|upkeep
|turn|26
|
|t:|1781581205
|switch|p1a: Dragapult|Dragapult, M, shiny|49/100
|-damage|p1a: Dragapult|37/100|[from] Stealth Rock
|move|p2a: Cresselia|Stored Power|p1a: Dragapult
|-damage|p1a: Dragapult|0 fnt
|faint|p1a: Dragapult
|
|upkeep
|l| Shucklepilled
|
|t:|1781581210
|switch|p1a: Latios|Latios, M, shiny|99/100
|-damage|p1a: Latios|87/100|[from] Stealth Rock
|turn|27
|
|t:|1781581214
|-terastallize|p1a: Latios|Steel
|move|p1a: Latios|Calm Mind|p1a: Latios
|-boost|p1a: Latios|spa|1
|-boost|p1a: Latios|spd|1
|move|p2a: Cresselia|Moonblast|p1a: Latios
|-resisted|p1a: Latios
|-damage|p1a: Latios|72/100
|
|upkeep
|turn|28
|
|t:|1781581221
|switch|p2a: Ogerpon|Ogerpon-Wellspring, F|88/100
|-damage|p2a: Ogerpon|76/100|[from] Spikes
|move|p1a: Latios|Calm Mind|p1a: Latios
|-boost|p1a: Latios|spa|1
|-boost|p1a: Latios|spd|1
|
|upkeep
|turn|29
|j| Shucklepilled
|
|t:|1781581231
|move|p1a: Latios|Draco Meteor|p2a: Ogerpon
|-damage|p2a: Ogerpon|0 fnt
|-unboost|p1a: Latios|spa|2
|faint|p2a: Ogerpon
|
|upkeep
|
|t:|1781581237
|switch|p2a: Great Tusk|Great Tusk|17/100 tox
|turn|30
|
|t:|1781581240
|move|p1a: Latios|Psychic Noise|p2a: Great Tusk
|-supereffective|p2a: Great Tusk
|-damage|p2a: Great Tusk|0 fnt
|faint|p2a: Great Tusk
|-end|p2a: Great Tusk|Protosynthesis|[silent]
|
|upkeep
|-message|lockheed shartin forfeited.
|
|win|arturohdez
|raw|arturohdez's rating: 1674 &rarr; <strong>1692</strong><br />(+18 for winning)
|raw|lockheed shartin's rating: 1639 &rarr; <strong>1621</strong><br />(-18 for losing)
|l|☆lockheed shartin
|player|p2|
|l| Shucklepilled
