|j|☆kooopooolooo
|j|☆LowEL0God
|t:|1781281781
|gametype|singles
|player|p1|kooopooolooo|169|1586
|player|p2|LowEL0God|265|1580
|gen|9
|tier|[Gen 9] OU
|rated|
|rule|HP Percentage Mod: HP is shown in percentages
|rule|Endless Battle Clause: Forcing endless battles is banned
|rule|Species Clause: Limit one of each Pokémon
|rule|OHKO Clause: OHKO moves are banned
|rule|Evasion Items Clause: Evasion items are banned
|rule|Evasion Moves Clause: Evasion moves are banned
|rule|Evasion Abilities Clause: Evasion abilities are banned
|rule|Sleep Moves Clause: Sleep-inducing moves are banned
|clearpoke
|poke|p1|Deoxys-Speed|
|poke|p1|Manaphy|
|poke|p1|Garchomp, M|
|poke|p1|Mew|
|poke|p1|Darkrai|
|poke|p1|Latios, M|
|poke|p2|Pelipper, M|
|poke|p2|Raging Bolt|
|poke|p2|Overqwil, M|
|poke|p2|Barraskewda, F|
|poke|p2|Iron Treads|
|poke|p2|Kingambit, F|
|teampreview
|c|☆LowEL0God|hf
|inactive|Battle timer is ON: inactive players will automatically lose when time's up. (requested by LowEL0God)
|
|t:|1781281788
|teamsize|p1|6
|teamsize|p2|6
|start
|switch|p1a: Deoxys|Deoxys-Speed|100/100
|switch|p2a: Kingambit|Kingambit, F|100/100
|-ability|p1a: Deoxys|Pressure
|turn|1
|
|t:|1781281790
|move|p1a: Deoxys|Taunt|p2a: Kingambit
|-start|p2a: Kingambit|move: Taunt
|move|p2a: Kingambit|Kowtow Cleave|p1a: Deoxys
|-supereffective|p1a: Deoxys
|-enditem|p1a: Deoxys|Focus Sash
|-damage|p1a: Deoxys|1/100
|
|upkeep
|turn|2
|
|t:|1781281794
|move|p1a: Deoxys|Stealth Rock|p2a: Kingambit
|-sidestart|p2: LowEL0God|move: Stealth Rock
|move|p2a: Kingambit|Kowtow Cleave|p1a: Deoxys
|-supereffective|p1a: Deoxys
|-damage|p1a: Deoxys|0 fnt
|faint|p1a: Deoxys
|
|upkeep
|
|t:|1781281802
|switch|p1a: Garchomp|Garchomp, M|100/100
|turn|3
|
|t:|1781281804
|-terastallize|p2a: Kingambit|Dark
|move|p1a: Garchomp|Swords Dance|p1a: Garchomp
|-boost|p1a: Garchomp|atk|2
|move|p2a: Kingambit|Kowtow Cleave|p1a: Garchomp
|-crit|p1a: Garchomp
|-damage|p1a: Garchomp|9/100
|-damage|p2a: Kingambit|88/100|[from] ability: Rough Skin|[of] p1a: Garchomp
|
|-heal|p2a: Kingambit|94/100|[from] item: Leftovers
|-end|p2a: Kingambit|move: Taunt
|upkeep
|turn|4
|
|t:|1781281808
|move|p2a: Kingambit|Sucker Punch||[still]
|-fail|p2a: Kingambit
|move|p1a: Garchomp|Swords Dance|p1a: Garchomp
|-boost|p1a: Garchomp|atk|2
|
|-heal|p2a: Kingambit|100/100|[from] item: Leftovers
|upkeep
|turn|5
|
|t:|1781281809
|move|p2a: Kingambit|Sucker Punch||[still]
|-fail|p2a: Kingambit
|move|p1a: Garchomp|Swords Dance|p1a: Garchomp
|-boost|p1a: Garchomp|atk|2
|
|upkeep
|turn|6
|
|t:|1781281811
|move|p2a: Kingambit|Sucker Punch||[still]
|-fail|p2a: Kingambit
|move|p1a: Garchomp|Swords Dance|p1a: Garchomp
|-boost|p1a: Garchomp|atk|0
|
|upkeep
|turn|7
|
|t:|1781281814
|move|p2a: Kingambit|Sucker Punch|p1a: Garchomp
|-damage|p1a: Garchomp|0 fnt
|-damage|p2a: Kingambit|88/100|[from] ability: Rough Skin|[of] p1a: Garchomp
|faint|p1a: Garchomp
|
|-heal|p2a: Kingambit|94/100|[from] item: Leftovers
|upkeep
|
|t:|1781281818
|switch|p1a: Darkrai|Darkrai|100/100
|turn|8
|
|t:|1781281822
|move|p1a: Darkrai|Focus Blast|p2a: Kingambit|[miss]
|-miss|p1a: Darkrai|p2a: Kingambit
|move|p2a: Kingambit|Swords Dance|p2a: Kingambit
|-boost|p2a: Kingambit|atk|2
|
|-heal|p2a: Kingambit|100/100|[from] item: Leftovers
|upkeep
|turn|9
|
|t:|1781281826
|move|p1a: Darkrai|Focus Blast|p2a: Kingambit
|-supereffective|p2a: Kingambit
|-damage|p2a: Kingambit|0 fnt
|faint|p2a: Kingambit
|-end|p2a: Kingambit|fallenundefined|[silent]
|-damage|p1a: Darkrai|91/100|[from] item: Life Orb
|
|upkeep
|
|t:|1781281827
|switch|p2a: Raging Bolt|Raging Bolt|100/100
|-damage|p2a: Raging Bolt|88/100|[from] Stealth Rock
|-enditem|p2a: Raging Bolt|Booster Energy
|-activate|p2a: Raging Bolt|ability: Protosynthesis|[fromitem]
|-start|p2a: Raging Bolt|protosynthesisspa
|turn|10
|
|t:|1781281831
|move|p1a: Darkrai|Dark Pulse|p2a: Raging Bolt
|-damage|p2a: Raging Bolt|41/100
|-damage|p1a: Darkrai|81/100|[from] item: Life Orb
|move|p2a: Raging Bolt|Draco Meteor|p1a: Darkrai
|-damage|p1a: Darkrai|0 fnt
|-unboost|p2a: Raging Bolt|spa|2
|faint|p1a: Darkrai
|
|upkeep
|
|t:|1781281837
|switch|p1a: Mew|Mew|100/100
|turn|11
|
|t:|1781281839
|move|p1a: Mew|Dragon Dance|p1a: Mew
|-boost|p1a: Mew|atk|1
|-boost|p1a: Mew|spe|1
|move|p2a: Raging Bolt|Draco Meteor|p1a: Mew
|-damage|p1a: Mew|46/100
|-unboost|p2a: Raging Bolt|spa|2
|
|upkeep
|turn|12
|
|t:|1781281842
|-end|p2a: Raging Bolt|Protosynthesis|[silent]
|switch|p2a: Overqwil|Overqwil, M|100/100
|-damage|p2a: Overqwil|88/100|[from] Stealth Rock
|move|p1a: Mew|Leech Life|p2a: Overqwil
|-damage|p2a: Overqwil|36/100
|-heal|p1a: Mew|71/100|[from] drain|[of] p2a: Overqwil
|-damage|p1a: Mew|61/100|[from] item: Life Orb
|
|upkeep
|turn|13
|
|t:|1781281849
|switch|p2a: Iron Treads|Iron Treads|100/100
|-damage|p2a: Iron Treads|97/100|[from] Stealth Rock
|-enditem|p2a: Iron Treads|Booster Energy
|-activate|p2a: Iron Treads|ability: Quark Drive|[fromitem]
|-start|p2a: Iron Treads|quarkdrivespe
|move|p1a: Mew|Leech Life|p2a: Iron Treads
|-resisted|p2a: Iron Treads
|-damage|p2a: Iron Treads|77/100
|-heal|p1a: Mew|70/100|[from] drain|[of] p2a: Iron Treads
|-damage|p1a: Mew|61/100|[from] item: Life Orb
|
|upkeep
|turn|14
|
|t:|1781281852
|move|p1a: Mew|Dragon Dance|p1a: Mew
|-boost|p1a: Mew|atk|1
|-boost|p1a: Mew|spe|1
|move|p2a: Iron Treads|Rapid Spin|p1a: Mew
|-damage|p1a: Mew|51/100
|-boost|p2a: Iron Treads|spe|1
|-sideend|p2: LowEL0God|Stealth Rock|[from] move: Rapid Spin|[of] p2a: Iron Treads
|
|upkeep
|turn|15
|
|t:|1781281854
|move|p2a: Iron Treads|Steel Beam|p1a: Mew
|-damage|p1a: Mew|0 fnt
|-damage|p2a: Iron Treads|27/100|[from] steelbeam
|faint|p1a: Mew
|
|upkeep
|
|t:|1781281857
|switch|p1a: Manaphy|Manaphy|100/100
|turn|16
|
|t:|1781281859
|move|p2a: Iron Treads|Earth Power|p1a: Manaphy
|-damage|p1a: Manaphy|68/100
|move|p1a: Manaphy|Tail Glow|p1a: Manaphy
|-boost|p1a: Manaphy|spa|3
|
|-heal|p1a: Manaphy|74/100|[from] item: Leftovers
|upkeep
|turn|17
|
|t:|1781281860
|move|p2a: Iron Treads|Earth Power|p1a: Manaphy
|-damage|p1a: Manaphy|39/100
|move|p1a: Manaphy|Surf|p2a: Iron Treads
|-supereffective|p2a: Iron Treads
|-damage|p2a: Iron Treads|0 fnt
|faint|p2a: Iron Treads
|-end|p2a: Iron Treads|Quark Drive|[silent]
|
|-heal|p1a: Manaphy|46/100|[from] item: Leftovers
|upkeep
|
|t:|1781281862
|switch|p2a: Overqwil|Overqwil, M|36/100
|turn|18
|
|t:|1781281864
|switch|p2a: Raging Bolt|Raging Bolt|41/100
|move|p1a: Manaphy|Surf|p2a: Raging Bolt
|-resisted|p2a: Raging Bolt
|-damage|p2a: Raging Bolt|0 fnt
|faint|p2a: Raging Bolt
|-end|p2a: Raging Bolt|Protosynthesis|[silent]
|
|-heal|p1a: Manaphy|52/100|[from] item: Leftovers
|upkeep
|
|t:|1781281865
|switch|p2a: Barraskewda|Barraskewda, F|100/100
|turn|19
|
|t:|1781281868
|move|p2a: Barraskewda|Close Combat|p1a: Manaphy
|-damage|p1a: Manaphy|0 fnt
|-unboost|p2a: Barraskewda|def|1
|-unboost|p2a: Barraskewda|spd|1
|faint|p1a: Manaphy
|
|upkeep
|
|t:|1781281871
|switch|p1a: Latios|Latios, M|100/100
|turn|20
|
|t:|1781281874
|switch|p2a: Overqwil|Overqwil, M|36/100
|move|p1a: Latios|Calm Mind|p1a: Latios
|-boost|p1a: Latios|spa|1
|-boost|p1a: Latios|spd|1
|
|upkeep
|turn|21
|
|t:|1781281876
|move|p1a: Latios|Dragon Pulse|p2a: Overqwil
|-damage|p2a: Overqwil|0 fnt
|faint|p2a: Overqwil
|
|upkeep
|
|t:|1781281877
|switch|p2a: Barraskewda|Barraskewda, F|100/100
|turn|22
|
|t:|1781281879
|move|p2a: Barraskewda|Flip Turn|p1a: Latios
|-resisted|p1a: Latios
|-damage|p1a: Latios|67/100
|
|t:|1781281880
|switch|p2a: Pelipper|Pelipper, M|100/100|[from] Flip Turn
|-weather|RainDance|[from] ability: Drizzle|[of] p2a: Pelipper
|move|p1a: Latios|Luster Purge|p2a: Pelipper
|-damage|p2a: Pelipper|0 fnt
|faint|p2a: Pelipper
|
|-weather|RainDance|[upkeep]
|upkeep
|
|t:|1781281881
|switch|p2a: Barraskewda|Barraskewda, F|100/100
|turn|23
|
|t:|1781281883
|move|p2a: Barraskewda|Liquidation|p1a: Latios
|-resisted|p1a: Latios
|-damage|p1a: Latios|0 fnt
|faint|p1a: Latios
|
|win|LowEL0God
|raw|kooopooolooo's rating: 1586 &rarr; <strong>1566</strong><br />(-20 for losing)
|raw|LowEL0God's rating: 1580 &rarr; <strong>1600</strong><br />(+20 for winning)
|l|☆kooopooolooo
|player|p1|
|c|☆LowEL0God|gg
|l|☆LowEL0God
|player|p2|
