|j|☆abhii.g
|j|☆StarDio
|t:|1781504618
|gametype|singles
|player|p1|abhii.g|benga|1532
|player|p2|StarDio|265|1669
|gen|9
|tier|[Gen 9] OU
|rated|
|rule|HP Percentage Mod: HP is shown in percentages
|rule|Endless Battle Clause: Forcing endless battles is banned
|rule|Species Clause: Limit one of each Pokémon
|rule|OHKO Clause: OHKO moves are banned
|rule|Evasion Items Clause: Evasion items are banned
|rule|Evasion Moves Clause: Evasion moves are banned
|rule|Evasion Abilities Clause: Evasion abilities are banned
|rule|Sleep Moves Clause: Sleep-inducing moves are banned
|clearpoke
|poke|p1|Raging Bolt|
|poke|p1|Alomomola, M|
|poke|p1|Hatterene, F|
|poke|p1|Lokix, M|
|poke|p1|Great Tusk|
|poke|p1|Heatran, M|
|poke|p2|Hoopa-Unbound|
|poke|p2|Pecharunt|
|poke|p2|Landorus-Therian, M|
|poke|p2|Cinderace, M|
|poke|p2|Alomomola, M|
|poke|p2|Iron Valiant|
|teampreview
|inactive|Battle timer is ON: inactive players will automatically lose when time's up. (requested by StarDio)
|
|t:|1781504623
|teamsize|p1|6
|teamsize|p2|6
|start
|switch|p1a: Lokix|Lokix, M, shiny|100/100
|switch|p2a: Enten|Landorus-Therian, M, shiny|100/100
|-ability|p2a: Enten|Intimidate|boost
|-unboost|p1a: Lokix|atk|1
|turn|1
|
|t:|1781504630
|switch|p1a: Luvdisk|Alomomola, M|100/100
|move|p2a: Enten|U-turn|p1a: Luvdisk
|-damage|p1a: Luvdisk|84/100
|-enditem|p1a: Luvdisk|Eject Button
|
|t:|1781504636
|switch|p1a: U dropping neck?|Raging Bolt|100/100
|
|upkeep
|turn|2
|
|t:|1781504642
|move|p2a: Enten|U-turn|p1a: U dropping neck?
|-damage|p1a: U dropping neck?|77/100
|
|t:|1781504644
|switch|p2a: Pisces|Alomomola, M, shiny|100/100|[from] U-turn
|move|p1a: U dropping neck?|Volt Switch|p2a: Pisces
|-supereffective|p2a: Pisces
|-damage|p2a: Pisces|58/100
|
|t:|1781504652
|-end|p1a: U dropping neck?|Protosynthesis|[silent]
|switch|p1a: Lokix|Lokix, M, shiny|100/100|[from] Volt Switch
|
|upkeep
|turn|3
|
|t:|1781504656
|switch|p2a: Enten|Landorus-Therian, M, shiny|100/100
|-ability|p2a: Enten|Intimidate|boost
|-unboost|p1a: Lokix|atk|1
|move|p1a: Lokix|Knock Off|p2a: Enten
|-damage|p2a: Enten|44/100
|-enditem|p2a: Enten|Choice Scarf|[from] move: Knock Off|[of] p1a: Lokix
|
|upkeep
|turn|4
|
|t:|1781504665
|switch|p1a: Luvdisk|Alomomola, M|100/100
|move|p2a: Enten|U-turn|p1a: Luvdisk
|-damage|p1a: Luvdisk|85/100
|
|t:|1781504668
|switch|p2a: Khaos|Hoopa-Unbound|100/100|[from] U-turn
|
|upkeep
|turn|5
|inactive|abhii.g has 120 seconds left.
|
|t:|1781504711
|move|p2a: Khaos|Hyperspace Fury|p1a: Luvdisk
|-damage|p1a: Luvdisk|27/100
|-unboost|p2a: Khaos|def|1
|move|p1a: Luvdisk|Flip Turn|p2a: Khaos
|-damage|p2a: Khaos|56/100
|
|t:|1781504719
|switch|p1a: Lokix|Lokix, M, shiny|100/100|[from] Flip Turn
|
|upkeep
|turn|6
|
|t:|1781504728
|switch|p2a: Overseer|Pecharunt|100/100
|move|p1a: Lokix|U-turn|p2a: Overseer
|-resisted|p2a: Overseer
|-damage|p2a: Overseer|89/100
|inactive|abhii.g has 120 seconds left.
|
|t:|1781504734
|switch|p1a: Gyatterene|Hatterene, F, shiny|100/100|[from] U-turn
|
|upkeep
|turn|7
|
|t:|1781504740
|move|p2a: Overseer|Parting Shot|p1a: Gyatterene
|move|p1a: Gyatterene|Parting Shot|p2a: Overseer|[from] ability: Magic Bounce
|-unboost|p2a: Overseer|atk|1
|-unboost|p2a: Overseer|spa|1
|
|t:|1781504744
|switch|p1a: Lokix|Lokix, M, shiny|100/100|[from] Parting Shot
|
|upkeep
|turn|8
|
|t:|1781504749
|move|p1a: Lokix|Knock Off|p2a: Overseer
|-supereffective|p2a: Overseer
|-damage|p2a: Overseer|28/100
|-enditem|p2a: Overseer|Heavy-Duty Boots|[from] move: Knock Off|[of] p1a: Lokix
|move|p2a: Overseer|Parting Shot|p1a: Lokix
|-unboost|p1a: Lokix|atk|1
|-unboost|p1a: Lokix|spa|1
|
|t:|1781504752
|switch|p2a: Enten|Landorus-Therian, M, shiny|44/100|[from] Parting Shot
|-ability|p2a: Enten|Intimidate|boost
|-unboost|p1a: Lokix|atk|1
|
|upkeep
|turn|9
|
|t:|1781504758
|switch|p1a: Manfred|Great Tusk|100/100
|move|p2a: Enten|U-turn|p1a: Manfred
|-resisted|p1a: Manfred
|-damage|p1a: Manfred|92/100
|
|t:|1781504765
|switch|p2a: Calamity|Iron Valiant, shiny|100/100|[from] U-turn
|
|upkeep
|turn|10
|inactive|StarDio has 120 seconds left.
|
|t:|1781504815
|-end|p2a: Calamity|Quark Drive|[silent]
|switch|p2a: Khaos|Hoopa-Unbound|56/100
|-end|p1a: Manfred|Protosynthesis|[silent]
|switch|p1a: Heatran|Heatran, M|100/100
|
|upkeep
|turn|11
|
|t:|1781504825
|move|p2a: Khaos|Drain Punch|p1a: Heatran
|-supereffective|p1a: Heatran
|-damage|p1a: Heatran|32/100
|-heal|p2a: Khaos|99/100|[from] drain|[of] p1a: Heatran
|move|p1a: Heatran|Stealth Rock|p2a: Khaos
|-sidestart|p2: StarDio|move: Stealth Rock
|
|-heal|p1a: Heatran|38/100|[from] item: Leftovers
|upkeep
|turn|12
|
|t:|1781504830
|switch|p1a: Gyatterene|Hatterene, F, shiny|100/100
|move|p2a: Khaos|Drain Punch|p1a: Gyatterene
|-resisted|p1a: Gyatterene
|-damage|p1a: Gyatterene|88/100
|-heal|p2a: Khaos|100/100|[from] drain|[of] p1a: Gyatterene
|
|upkeep
|turn|13
|
|t:|1781504838
|switch|p2a: Pisces|Alomomola, M, shiny|92/100
|-damage|p2a: Pisces|79/100|[from] Stealth Rock
|move|p1a: Gyatterene|Draining Kiss|p2a: Pisces
|-damage|p2a: Pisces|67/100
|-heal|p1a: Gyatterene|100/100|[from] drain|[of] p2a: Pisces
|
|upkeep
|turn|14
|inactive|StarDio has 120 seconds left.
|
|t:|1781504886
|move|p2a: Pisces|Body Slam|p1a: Gyatterene
|-damage|p1a: Gyatterene|84/100
|-status|p1a: Gyatterene|par
|move|p1a: Gyatterene|Future Sight|p2a: Pisces
|-start|p1a: Gyatterene|move: Future Sight
|
|upkeep
|turn|15
|
|t:|1781504893
|move|p2a: Pisces|Flip Turn|p1a: Gyatterene
|-damage|p1a: Gyatterene|66/100 par
|
|t:|1781504899
|switch|p2a: Khaos|Hoopa-Unbound|100/100|[from] Flip Turn
|-damage|p2a: Khaos|88/100|[from] Stealth Rock
|cant|p1a: Gyatterene|par
|
|upkeep
|turn|16
|c|☆abhii.g|i clicked nuzzle btw
|
|t:|1781504917
|move|p2a: Khaos|Hyperspace Fury|p1a: Gyatterene
|-damage|p1a: Gyatterene|0 fnt
|-unboost|p2a: Khaos|def|1
|faint|p1a: Gyatterene
|
|-end|p2a: Khaos|move: Future Sight
|-immune|p2a: Khaos
|upkeep
|
|t:|1781504922
|switch|p1a: Lokix|Lokix, M, shiny|100/100
|turn|17
|inactive|StarDio has 120 seconds left.
|
|t:|1781504943
|switch|p2a: Overseer|Pecharunt|28/100
|-damage|p2a: Overseer|16/100|[from] Stealth Rock
|move|p1a: Lokix|U-turn|p2a: Overseer
|-resisted|p2a: Overseer
|-damage|p2a: Overseer|4/100
|
|t:|1781504957
|switch|p1a: Manfred|Great Tusk|92/100|[from] U-turn
|
|upkeep
|turn|18
|inactive|StarDio has 120 seconds left.
|
|t:|1781504975
|move|p1a: Manfred|Ice Spinner|p2a: Overseer
|-damage|p2a: Overseer|0 fnt
|faint|p2a: Overseer
|
|upkeep
|
|t:|1781504979
|switch|p2a: Calamity|Iron Valiant, shiny|100/100
|-damage|p2a: Calamity|94/100|[from] Stealth Rock
|turn|19
|inactive|StarDio has 120 seconds left.
|
|t:|1781504985
|-end|p1a: Manfred|Protosynthesis|[silent]
|switch|p1a: Heatran|Heatran, M|38/100
|move|p2a: Calamity|Moonblast|p1a: Heatran
|-resisted|p1a: Heatran
|-damage|p1a: Heatran|24/100
|
|-heal|p1a: Heatran|31/100|[from] item: Leftovers
|upkeep
|turn|20
|
|t:|1781504995
|-end|p2a: Calamity|Quark Drive|[silent]
|switch|p2a: Pisces|Alomomola, M, shiny|99/100
|-damage|p2a: Pisces|88/100|[from] Stealth Rock
|switch|p1a: Luvdisk|Alomomola, M|61/100
|
|upkeep
|turn|21
|
|t:|1781504998
|move|p1a: Luvdisk|Wish|p1a: Luvdisk
|move|p2a: Pisces|Body Slam|p1a: Luvdisk
|-damage|p1a: Luvdisk|51/100
|
|upkeep
|turn|22
|
|t:|1781505003
|move|p1a: Luvdisk|Flip Turn|p2a: Pisces
|-resisted|p2a: Pisces
|-damage|p2a: Pisces|81/100
|
|t:|1781505007
|switch|p1a: Heatran|Heatran, M|31/100|[from] Flip Turn
|move|p2a: Pisces|Flip Turn|p1a: Heatran
|-supereffective|p1a: Heatran
|-damage|p1a: Heatran|8/100
|
|t:|1781505014
|switch|p2a: Khaos|Hoopa-Unbound|88/100|[from] Flip Turn
|-damage|p2a: Khaos|76/100|[from] Stealth Rock
|
|-heal|p1a: Heatran|70/100|[from] move: Wish|[wisher] Luvdisk
|-heal|p1a: Heatran|76/100|[from] item: Leftovers
|upkeep
|turn|23
|
|t:|1781505021
|move|p2a: Khaos|Zen Headbutt|p1a: Heatran
|-resisted|p1a: Heatran
|-damage|p1a: Heatran|48/100
|move|p1a: Heatran|Magma Storm|p2a: Khaos
|-damage|p2a: Khaos|38/100
|-activate|p2a: Khaos|move: Magma Storm|[of] p1a: Heatran
|
|-heal|p1a: Heatran|54/100|[from] item: Leftovers
|-damage|p2a: Khaos|26/100|[from] move: Magma Storm|[partiallytrapped]
|upkeep
|turn|24
|
|t:|1781505030
|switch|p1a: Lokix|Lokix, M, shiny|100/100
|move|p2a: Khaos|Zen Headbutt|p1a: Lokix
|-immune|p1a: Lokix
|
|-end|p2a: Khaos|Magma Storm|[partiallytrapped]|[silent]
|upkeep
|turn|25
|
|t:|1781505034
|switch|p2a: Calamity|Iron Valiant, shiny|94/100
|-damage|p2a: Calamity|88/100|[from] Stealth Rock
|move|p1a: Lokix|U-turn|p2a: Calamity
|-resisted|p2a: Calamity
|-damage|p2a: Calamity|58/100
|
|t:|1781505045
|switch|p1a: Manfred|Great Tusk|92/100|[from] U-turn
|
|upkeep
|turn|26
|
|t:|1781505049
|-end|p1a: Manfred|Protosynthesis|[silent]
|switch|p1a: Heatran|Heatran, M|54/100
|move|p2a: Calamity|Moonblast|p1a: Heatran
|-resisted|p1a: Heatran
|-damage|p1a: Heatran|39/100
|
|-heal|p1a: Heatran|45/100|[from] item: Leftovers
|upkeep
|turn|27
|
|t:|1781505054
|switch|p1a: Luvdisk|Alomomola, M|84/100
|move|p2a: Calamity|Moonblast|p1a: Luvdisk
|-damage|p1a: Luvdisk|21/100
|
|upkeep
|turn|28
|inactive|StarDio has 120 seconds left.
|
|t:|1781505098
|-end|p2a: Calamity|Quark Drive|[silent]
|switch|p2a: Enten|Landorus-Therian, M, shiny|44/100
|-damage|p2a: Enten|32/100|[from] Stealth Rock
|-ability|p2a: Enten|Intimidate|boost
|-unboost|p1a: Luvdisk|atk|1
|switch|p1a: Heatran|Heatran, M|45/100
|
|-heal|p1a: Heatran|51/100|[from] item: Leftovers
|upkeep
|turn|29
|
|t:|1781505107
|switch|p1a: Manfred|Great Tusk|92/100
|move|p2a: Enten|Earthquake|p1a: Manfred
|-damage|p1a: Manfred|53/100
|
|upkeep
|turn|30
|
|t:|1781505112
|-end|p1a: Manfred|Protosynthesis|[silent]
|switch|p1a: Lokix|Lokix, M, shiny|100/100
|move|p2a: Enten|Grass Knot|p1a: Lokix
|-resisted|p1a: Lokix
|-damage|p1a: Lokix|92/100
|
|upkeep
|turn|31
|
|t:|1781505119
|switch|p2a: Calamity|Iron Valiant, shiny|58/100
|-damage|p2a: Calamity|52/100|[from] Stealth Rock
|move|p1a: Lokix|First Impression|p2a: Calamity
|-resisted|p2a: Calamity
|-damage|p2a: Calamity|8/100
|
|upkeep
|turn|32
|
|t:|1781505128
|switch|p1a: Heatran|Heatran, M|51/100
|move|p2a: Calamity|Thunderbolt|p1a: Heatran
|-damage|p1a: Heatran|11/100
|
|-heal|p1a: Heatran|17/100|[from] item: Leftovers
|upkeep
|turn|33
|
|t:|1781505141
|-end|p2a: Calamity|Quark Drive|[silent]
|switch|p2a: Liberacy|Cinderace, M, shiny|100/100
|switch|p1a: U dropping neck?|Raging Bolt|77/100
|
|upkeep
|turn|34
|
|t:|1781505147
|move|p1a: U dropping neck?|Draco Meteor|p2a: Liberacy
|-damage|p2a: Liberacy|0 fnt
|-unboost|p1a: U dropping neck?|spa|2
|faint|p2a: Liberacy
|
|upkeep
|inactive|StarDio has 120 seconds left.
|
|t:|1781505205
|switch|p2a: Enten|Landorus-Therian, M, shiny|32/100
|-damage|p2a: Enten|19/100|[from] Stealth Rock
|-ability|p2a: Enten|Intimidate|boost
|-unboost|p1a: U dropping neck?|atk|1
|turn|35
|
|t:|1781505213
|switch|p2a: Calamity|Iron Valiant, shiny|8/100
|-damage|p2a: Calamity|2/100|[from] Stealth Rock
|move|p1a: U dropping neck?|Draco Meteor|p2a: Calamity
|-immune|p2a: Calamity
|
|upkeep
|turn|36
|inactive|StarDio has 90 seconds left.
|c|☆abhii.g|could have just brought out iron val without taking extra rocks on lando lol
|
|t:|1781505261
|-end|p1a: U dropping neck?|Protosynthesis|[silent]
|switch|p1a: Heatran|Heatran, M|17/100
|move|p2a: Calamity|Moonblast|p1a: Heatran
|-resisted|p1a: Heatran
|-damage|p1a: Heatran|2/100
|
|-heal|p1a: Heatran|8/100|[from] item: Leftovers
|upkeep
|turn|37
|c|☆StarDio|yeah I realized that
|c|☆abhii.g|lmao
|c|☆StarDio|forgot I lost my scarf
|inactive|StarDio has 60 seconds left.
|c|☆abhii.g|i knew ur team
|
|t:|1781505287
|move|p2a: Calamity|Moonblast|p1a: Heatran
|-resisted|p1a: Heatran
|-damage|p1a: Heatran|0 fnt
|faint|p1a: Heatran
|
|upkeep
|c|☆abhii.g|ik its band scarf and specs
|c|☆abhii.g|its kinda bad tho i was using it and got cooked by rain
|c|☆abhii.g|got it from pokeaim website
|inactive|abhii.g has 120 seconds left.
|
|t:|1781505319
|switch|p1a: Lokix|Lokix, M, shiny|92/100
|turn|38
|
|t:|1781505328
|-end|p2a: Calamity|Quark Drive|[silent]
|switch|p2a: Khaos|Hoopa-Unbound|26/100
|-damage|p2a: Khaos|14/100|[from] Stealth Rock
|move|p1a: Lokix|First Impression|p2a: Khaos
|-supereffective|p2a: Khaos
|-damage|p2a: Khaos|0 fnt
|faint|p2a: Khaos
|
|upkeep
|inactive|StarDio has 60 seconds left.
|c|☆StarDio|you have mola for rainthough
|
|t:|1781505355
|switch|p2a: Enten|Landorus-Therian, M, shiny|19/100
|-damage|p2a: Enten|7/100|[from] Stealth Rock
|-ability|p2a: Enten|Intimidate|boost
|-unboost|p1a: Lokix|atk|1
|turn|39
|c|☆abhii.g|bro he had specs tera fly talonflame
|-message|StarDio forfeited.
|
|win|abhii.g
|raw|abhii.g's rating: 1532 &rarr; <strong>1560</strong><br />(+28 for winning)
|raw|StarDio's rating: 1669 &rarr; <strong>1641</strong><br />(-28 for losing)
|c|☆abhii.g|skewda flips for 25%
|l|☆StarDio
|player|p2|
|c|☆abhii.g|gg
|l|☆abhii.g
|player|p1|
