|j|☆Bigkyuza18
|j|☆the small cow
|t:|1781323816
|gametype|singles
|player|p1|Bigkyuza18|265|1607
|player|p2|the small cow|n|1572
|gen|9
|tier|[Gen 9] OU
|rated|
|rule|HP Percentage Mod: HP is shown in percentages
|rule|Endless Battle Clause: Forcing endless battles is banned
|rule|Species Clause: Limit one of each Pokémon
|rule|OHKO Clause: OHKO moves are banned
|rule|Evasion Items Clause: Evasion items are banned
|rule|Evasion Moves Clause: Evasion moves are banned
|rule|Evasion Abilities Clause: Evasion abilities are banned
|rule|Sleep Moves Clause: Sleep-inducing moves are banned
|clearpoke
|poke|p1|Tyranitar, M|
|poke|p1|Excadrill, M|
|poke|p1|Tornadus-Therian, M|
|poke|p1|Sinistcha|
|poke|p1|Toxapex, F|
|poke|p1|Tinkaton, F|
|poke|p2|Latias, F|
|poke|p2|Mimikyu, F|
|poke|p2|Glimmora, F|
|poke|p2|Kingambit, M|
|poke|p2|Iron Boulder|
|poke|p2|Iron Moth|
|teampreview
|inactive|Battle timer is ON: inactive players will automatically lose when time's up. (requested by Bigkyuza18)
|inactive|the small cow has 120 seconds left.
|inactive|the small cow has 90 seconds left.
|inactive|the small cow has 60 seconds left.
|
|t:|1781323920
|teamsize|p1|6
|teamsize|p2|6
|start
|switch|p1a: Tinkaton|Tinkaton, F|100/100
|switch|p2a: Senbonzakura|Glimmora, F|100/100
|-ability|p1a: Tinkaton|Mold Breaker
|-item|p1a: Tinkaton|Air Balloon
|turn|1
|
|t:|1781323925
|move|p1a: Tinkaton|Gigaton Hammer|p2a: Senbonzakura
|-supereffective|p2a: Senbonzakura
|-enditem|p2a: Senbonzakura|Focus Sash
|-damage|p2a: Senbonzakura|1/100
|-activate|p2a: Senbonzakura|ability: Toxic Debris
|-sidestart|p1: Bigkyuza18|move: Toxic Spikes
|move|p2a: Senbonzakura|Power Gem|p1a: Tinkaton
|-resisted|p1a: Tinkaton
|-damage|p1a: Tinkaton|81/100
|-enditem|p1a: Tinkaton|Air Balloon
|
|upkeep
|turn|2
|
|t:|1781323931
|move|p1a: Tinkaton|Knock Off|p2a: Senbonzakura
|-damage|p2a: Senbonzakura|0 fnt
|-activate|p2a: Senbonzakura|ability: Toxic Debris
|-sidestart|p1: Bigkyuza18|move: Toxic Spikes
|faint|p2a: Senbonzakura
|
|upkeep
|
|t:|1781323938
|switch|p2a: Portal|Iron Moth|100/100
|-enditem|p2a: Portal|Booster Energy
|-activate|p2a: Portal|ability: Quark Drive|[fromitem]
|-start|p2a: Portal|quarkdrivespe
|turn|3
|
|t:|1781323940
|switch|p1a: Toxapex|Toxapex, F|100/100
|-sideend|p1: Bigkyuza18|move: Toxic Spikes|[of] p1a: Toxapex
|move|p2a: Portal|Substitute|p2a: Portal
|-start|p2a: Portal|Substitute
|-damage|p2a: Portal|76/100
|
|upkeep
|turn|4
|
|t:|1781323945
|move|p2a: Portal|Fiery Dance|p1a: Toxapex
|-resisted|p1a: Toxapex
|-damage|p1a: Toxapex|87/100
|-boost|p2a: Portal|spa|1
|-enditem|p1a: Toxapex|Eject Button
|
|t:|1781323948
|switch|p1a: Tyranitar|Tyranitar, M|100/100
|-weather|Sandstorm|[from] ability: Sand Stream|[of] p1a: Tyranitar
|
|-weather|Sandstorm|[upkeep]
|-damage|p2a: Portal|70/100|[from] Sandstorm
|upkeep
|turn|5
|
|t:|1781323955
|move|p2a: Portal|Energy Ball|p1a: Tyranitar
|-supereffective|p1a: Tyranitar
|-damage|p1a: Tyranitar|39/100
|move|p1a: Tyranitar|Earthquake|p2a: Portal
|-supereffective|p2a: Portal
|-end|p2a: Portal|Substitute
|
|-weather|Sandstorm|[upkeep]
|-damage|p2a: Portal|64/100|[from] Sandstorm
|upkeep
|turn|6
|
|t:|1781323959
|move|p2a: Portal|Energy Ball|p1a: Tyranitar
|-supereffective|p1a: Tyranitar
|-damage|p1a: Tyranitar|0 fnt
|faint|p1a: Tyranitar
|
|-weather|Sandstorm|[upkeep]
|-damage|p2a: Portal|58/100|[from] Sandstorm
|upkeep
|
|t:|1781323961
|switch|p1a: Excadrill|Excadrill, M|100/100
|turn|7
|
|t:|1781323965
|move|p1a: Excadrill|Rock Blast|p2a: Portal|[miss]
|-miss|p1a: Excadrill|p2a: Portal
|move|p2a: Portal|Fiery Dance|p1a: Excadrill
|-supereffective|p1a: Excadrill
|-damage|p1a: Excadrill|0 fnt
|faint|p1a: Excadrill
|
|-weather|Sandstorm|[upkeep]
|-damage|p2a: Portal|52/100|[from] Sandstorm
|upkeep
|-message|Bigkyuza18 forfeited.
|
|win|the small cow
|raw|Bigkyuza18's rating: 1607 &rarr; <strong>1585</strong><br />(-22 for losing)
|raw|the small cow's rating: 1572 &rarr; <strong>1594</strong><br />(+22 for winning)
|l|☆Bigkyuza18
|player|p1|
|l|☆the small cow
|player|p2|
