|j|☆tuanquewang
|j|☆lucy cobblestone
|t:|1780936822
|gametype|singles
|player|p1|tuanquewang|backersf|1598
|player|p2|lucy cobblestone|guitarist|1606
|gen|9
|tier|[Gen 9] OU
|rated|
|rule|HP Percentage Mod: HP is shown in percentages
|rule|Endless Battle Clause: Forcing endless battles is banned
|rule|Species Clause: Limit one of each Pokémon
|rule|OHKO Clause: OHKO moves are banned
|rule|Evasion Items Clause: Evasion items are banned
|rule|Evasion Moves Clause: Evasion moves are banned
|rule|Evasion Abilities Clause: Evasion abilities are banned
|rule|Sleep Moves Clause: Sleep-inducing moves are banned
|clearpoke
|poke|p1|Slowking-Galar, M|
|poke|p1|Hydrapple, F|
|poke|p1|Cinderace, M|
|poke|p1|Alomomola, F|
|poke|p1|Mamoswine, M|
|poke|p1|Gholdengo|
|poke|p2|Iron Moth|
|poke|p2|Gliscor, F|
|poke|p2|Hatterene, F|
|poke|p2|Ogerpon-Wellspring, F|
|poke|p2|Raging Bolt|
|poke|p2|Zamazenta-*|
|teampreview
|inactive|Battle timer is ON: inactive players will automatically lose when time's up. (requested by tuanquewang)
|j| InSane_Lcs
|
|t:|1780936828
|teamsize|p1|6
|teamsize|p2|6
|start
|switch|p1a: Mamoswine|Mamoswine, M|100/100
|switch|p2a: Zamazenta|Zamazenta|100/100
|-ability|p2a: Zamazenta|Dauntless Shield|boost
|-boost|p2a: Zamazenta|def|1
|turn|1
|
|t:|1780936833
|switch|p1a: Alomomola|Alomomola, F|100/100
|move|p2a: Zamazenta|Reflect|p2a: Zamazenta
|-sidestart|p2: lucy cobblestone|Reflect
|
|upkeep
|turn|2
|
|t:|1780936835
|switch|p1a: Slowking|Slowking-Galar, M|100/100
|move|p2a: Zamazenta|Light Screen|p2a: Zamazenta
|-sidestart|p2: lucy cobblestone|move: Light Screen
|
|upkeep
|turn|3
|
|t:|1780936839
|switch|p2a: Gliscor|Gliscor, F|100/100
|move|p1a: Slowking|Trick|p2a: Gliscor
|-activate|p1a: Slowking|move: Trick|[of] p2a: Gliscor
|-item|p2a: Gliscor|Black Sludge|[from] move: Trick
|-item|p1a: Slowking|Toxic Orb|[from] move: Trick
|
|-damage|p2a: Gliscor|88/100|[from] item: Black Sludge
|upkeep
|turn|4
|
|t:|1780936849
|switch|p2a: Hatterene|Hatterene, F|100/100
|switch|p1a: Alomomola|Alomomola, F|100/100
|
|upkeep
|turn|5
|
|t:|1780936851
|move|p1a: Alomomola|Flip Turn|p2a: Hatterene
|-damage|p2a: Hatterene|94/100
|
|t:|1780936853
|switch|p1a: Slowking|Slowking-Galar, M|100/100|[from] Flip Turn
|move|p2a: Hatterene|Calm Mind|p2a: Hatterene
|-boost|p2a: Hatterene|spa|1
|-boost|p2a: Hatterene|spd|1
|
|-heal|p2a: Hatterene|99/100|[from] item: Leftovers
|upkeep
|turn|6
|
|t:|1780936860
|switch|p2a: Gliscor|Gliscor, F|88/100
|move|p1a: Slowking|Psychic Noise|p2a: Gliscor
|-damage|p2a: Gliscor|69/100
|-start|p2a: Gliscor|move: Heal Block
|
|-damage|p2a: Gliscor|56/100|[from] item: Black Sludge
|upkeep
|turn|7
|
|t:|1780936867
|switch|p1a: Alomomola|Alomomola, F|100/100
|move|p2a: Gliscor|Earthquake|p1a: Alomomola
|-damage|p1a: Alomomola|78/100
|
|-damage|p2a: Gliscor|44/100|[from] item: Black Sludge
|-heal|p1a: Alomomola|85/100|[from] item: Leftovers
|-end|p2a: Gliscor|move: Heal Block
|upkeep
|turn|8
|
|t:|1780936874
|switch|p1a: Hydrapple|Hydrapple, F, shiny|100/100
|move|p2a: Gliscor|Swords Dance|p2a: Gliscor
|-boost|p2a: Gliscor|atk|2
|
|-damage|p2a: Gliscor|32/100|[from] item: Black Sludge
|-sideend|p2: lucy cobblestone|Reflect
|upkeep
|turn|9
|
|t:|1780936878
|switch|p1a: Alomomola|Alomomola, F|100/100
|move|p2a: Gliscor|Facade|p1a: Alomomola
|-damage|p1a: Alomomola|77/100
|
|-damage|p2a: Gliscor|20/100|[from] item: Black Sludge
|-heal|p1a: Alomomola|83/100|[from] item: Leftovers
|-sideend|p2: lucy cobblestone|move: Light Screen
|upkeep
|turn|10
|
|t:|1780936883
|move|p2a: Gliscor|Earthquake|p1a: Alomomola
|-damage|p1a: Alomomola|33/100
|move|p1a: Alomomola|Flip Turn|p2a: Gliscor
|-supereffective|p2a: Gliscor
|-damage|p2a: Gliscor|0 fnt
|faint|p2a: Gliscor
|
|t:|1780936893
|switch|p1a: Hydrapple|Hydrapple, F, shiny|100/100|[from] Flip Turn
|
|upkeep
|
|t:|1780936898
|switch|p2a: Zamazenta|Zamazenta|100/100
|turn|11
|
|t:|1780936902
|switch|p1a: Alomomola|Alomomola, F|67/100
|move|p2a: Zamazenta|Light Screen|p2a: Zamazenta
|-sidestart|p2: lucy cobblestone|move: Light Screen
|
|-heal|p1a: Alomomola|73/100|[from] item: Leftovers
|upkeep
|turn|12
|
|t:|1780936907
|switch|p1a: Slowking|Slowking-Galar, M|100/100
|move|p2a: Zamazenta|Reflect|p2a: Zamazenta
|-sidestart|p2: lucy cobblestone|Reflect
|
|upkeep
|turn|13
|
|t:|1780936916
|switch|p2a: Iron Moth|Iron Moth|100/100
|-enditem|p2a: Iron Moth|Booster Energy
|-activate|p2a: Iron Moth|ability: Quark Drive|[fromitem]
|-start|p2a: Iron Moth|quarkdrivespe
|move|p1a: Slowking|Psychic Noise|p2a: Iron Moth
|-supereffective|p2a: Iron Moth
|-damage|p2a: Iron Moth|75/100
|-start|p2a: Iron Moth|move: Heal Block
|
|upkeep
|turn|14
|
|t:|1780936920
|move|p2a: Iron Moth|Fiery Dance|p1a: Slowking
|-damage|p1a: Slowking|75/100
|-boost|p2a: Iron Moth|spa|1
|move|p1a: Slowking|Psychic Noise|p2a: Iron Moth
|-supereffective|p2a: Iron Moth
|-damage|p2a: Iron Moth|46/100
|
|-end|p2a: Iron Moth|move: Heal Block
|upkeep
|turn|15
|
|t:|1780936928
|move|p2a: Iron Moth|Fiery Dance|p1a: Slowking
|-damage|p1a: Slowking|42/100
|move|p1a: Slowking|Psychic Noise|p2a: Iron Moth
|-supereffective|p2a: Iron Moth
|-damage|p2a: Iron Moth|20/100
|-start|p2a: Iron Moth|move: Heal Block
|
|upkeep
|turn|16
|
|t:|1780936936
|move|p2a: Iron Moth|Fiery Dance|p1a: Slowking
|-damage|p1a: Slowking|3/100
|move|p1a: Slowking|Psychic Noise|p2a: Iron Moth
|-supereffective|p2a: Iron Moth
|-damage|p2a: Iron Moth|0 fnt
|faint|p2a: Iron Moth
|-end|p2a: Iron Moth|Quark Drive|[silent]
|
|upkeep
|
|t:|1780936941
|switch|p2a: Ogerpon|Ogerpon-Wellspring, F|100/100
|turn|17
|
|t:|1780936946
|move|p2a: Ogerpon|Swords Dance|p2a: Ogerpon
|-boost|p2a: Ogerpon|atk|2
|move|p1a: Slowking|Toxic|p2a: Ogerpon
|-status|p2a: Ogerpon|tox
|
|-damage|p2a: Ogerpon|95/100 tox|[from] psn
|upkeep
|turn|18
|
|t:|1780936950
|switch|p1a: Alomomola|Alomomola, F|100/100
|move|p2a: Ogerpon|Trailblaze|p1a: Alomomola
|-supereffective|p1a: Alomomola
|-damage|p1a: Alomomola|30/100
|-boost|p2a: Ogerpon|spe|1
|
|-heal|p1a: Alomomola|37/100|[from] item: Leftovers
|-damage|p2a: Ogerpon|83/100 tox|[from] psn
|-sideend|p2: lucy cobblestone|move: Light Screen
|upkeep
|turn|19
|
|t:|1780936955
|move|p1a: Alomomola|Protect|p1a: Alomomola
|-singleturn|p1a: Alomomola|Protect
|move|p2a: Ogerpon|Swords Dance|p2a: Ogerpon
|-boost|p2a: Ogerpon|atk|2
|
|-heal|p1a: Alomomola|43/100|[from] item: Leftovers
|-damage|p2a: Ogerpon|65/100 tox|[from] psn
|-sideend|p2: lucy cobblestone|Reflect
|upkeep
|turn|20
|
|t:|1780936960
|switch|p1a: Slowking|Slowking-Galar, M|36/100
|move|p2a: Ogerpon|Ivy Cudgel|p1a: Slowking|[anim] Ivy Cudgel Water
|-damage|p1a: Slowking|0 fnt
|faint|p1a: Slowking
|
|-damage|p2a: Ogerpon|41/100 tox|[from] psn
|upkeep
|
|t:|1780936964
|switch|p1a: Alomomola|Alomomola, F|76/100
|turn|21
|
|t:|1780936967
|move|p2a: Ogerpon|Trailblaze|p1a: Alomomola
|-supereffective|p1a: Alomomola
|-damage|p1a: Alomomola|0 fnt
|-boost|p2a: Ogerpon|spe|1
|faint|p1a: Alomomola
|
|-damage|p2a: Ogerpon|11/100 tox|[from] psn
|upkeep
|
|t:|1780936972
|switch|p1a: Mamoswine|Mamoswine, M|100/100
|turn|22
|
|t:|1780936976
|move|p1a: Mamoswine|Ice Shard|p2a: Ogerpon
|-damage|p2a: Ogerpon|0 fnt
|faint|p2a: Ogerpon
|
|upkeep
|
|t:|1780936980
|switch|p2a: Zamazenta|Zamazenta|100/100
|turn|23
|
|t:|1780936990
|switch|p1a: Cinderace|Cinderace, M|100/100
|move|p2a: Zamazenta|Reflect|p2a: Zamazenta
|-sidestart|p2: lucy cobblestone|Reflect
|
|upkeep
|turn|24
|
|t:|1780936994
|move|p2a: Zamazenta|Light Screen|p2a: Zamazenta
|-sidestart|p2: lucy cobblestone|move: Light Screen
|move|p1a: Cinderace|Court Change|p1a: Cinderace
|-start|p1a: Cinderace|typechange|Normal|[from] ability: Libero
|-swapsideconditions
|-activate|p1a: Cinderace|move: Court Change
|
|upkeep
|turn|25
|
|t:|1780936997
|switch|p1a: Gholdengo|Gholdengo, shiny|100/100
|move|p2a: Zamazenta|Reflect|p2a: Zamazenta
|-sidestart|p2: lucy cobblestone|Reflect
|
|upkeep
|turn|26
|
|t:|1780937006
|move|p2a: Zamazenta|Light Screen|p2a: Zamazenta
|-sidestart|p2: lucy cobblestone|move: Light Screen
|move|p1a: Gholdengo|Trick|p2a: Zamazenta
|-activate|p1a: Gholdengo|move: Trick|[of] p2a: Zamazenta
|-item|p2a: Zamazenta|Choice Scarf|[from] move: Trick
|-item|p1a: Gholdengo|Light Clay|[from] move: Trick
|
|upkeep
|turn|27
|
|t:|1780937017
|switch|p2a: Raging Bolt|Raging Bolt|100/100
|-enditem|p2a: Raging Bolt|Booster Energy
|-activate|p2a: Raging Bolt|ability: Protosynthesis|[fromitem]
|-start|p2a: Raging Bolt|protosynthesisspa
|move|p1a: Gholdengo|Shadow Ball|p2a: Raging Bolt
|-damage|p2a: Raging Bolt|77/100
|
|upkeep
|turn|28
|
|t:|1780937021
|move|p1a: Gholdengo|Dazzling Gleam|p2a: Raging Bolt
|-supereffective|p2a: Raging Bolt
|-damage|p2a: Raging Bolt|49/100
|move|p2a: Raging Bolt|Calm Mind|p2a: Raging Bolt
|-boost|p2a: Raging Bolt|spa|1
|-boost|p2a: Raging Bolt|spd|1
|
|upkeep
|turn|29
|
|t:|1780937028
|move|p1a: Gholdengo|Dazzling Gleam|p2a: Raging Bolt
|-supereffective|p2a: Raging Bolt
|-damage|p2a: Raging Bolt|28/100
|move|p2a: Raging Bolt|Thunderbolt|p1a: Gholdengo
|-damage|p1a: Gholdengo|40/100
|
|upkeep
|turn|30
|
|t:|1780937038
|move|p1a: Gholdengo|Dazzling Gleam|p2a: Raging Bolt
|-supereffective|p2a: Raging Bolt
|-damage|p2a: Raging Bolt|7/100
|move|p2a: Raging Bolt|Dragon Pulse|p1a: Gholdengo
|-resisted|p1a: Gholdengo
|-damage|p1a: Gholdengo|14/100
|
|-sideend|p1: tuanquewang|Reflect
|upkeep
|turn|31
|
|t:|1780937065
|move|p2a: Raging Bolt|Thunderclap|p1a: Gholdengo
|-damage|p1a: Gholdengo|0 fnt
|faint|p1a: Gholdengo
|
|-sideend|p1: tuanquewang|move: Light Screen
|upkeep
|
|t:|1780937067
|switch|p1a: Mamoswine|Mamoswine, M|100/100
|turn|32
|
|t:|1780937070
|move|p1a: Mamoswine|Ice Shard|p2a: Raging Bolt
|-supereffective|p2a: Raging Bolt
|-crit|p2a: Raging Bolt
|-damage|p2a: Raging Bolt|0 fnt
|faint|p2a: Raging Bolt
|-end|p2a: Raging Bolt|Protosynthesis|[silent]
|
|-sideend|p2: lucy cobblestone|Reflect
|upkeep
|
|t:|1780937074
|switch|p2a: Zamazenta|Zamazenta|100/100
|turn|33
|
|t:|1780937077
|switch|p1a: Hydrapple|Hydrapple, F, shiny|100/100
|move|p2a: Zamazenta|Reflect|p2a: Zamazenta
|-sidestart|p2: lucy cobblestone|Reflect
|
|-sideend|p2: lucy cobblestone|move: Light Screen
|upkeep
|turn|34
|
|t:|1780937081
|switch|p2a: Hatterene|Hatterene, F|99/100
|move|p1a: Hydrapple|Leaf Storm|p2a: Hatterene|[miss]
|-miss|p1a: Hydrapple|p2a: Hatterene
|
|-heal|p2a: Hatterene|100/100|[from] item: Leftovers
|upkeep
|turn|35
|
|t:|1780937083
|switch|p2a: Zamazenta|Zamazenta|100/100
|move|p1a: Hydrapple|Leaf Storm|p2a: Zamazenta
|-damage|p2a: Zamazenta|9/100
|-unboost|p1a: Hydrapple|spa|2
|
|upkeep
|turn|36
|
|t:|1780937087
|switch|p1a: Cinderace|Cinderace, M|100/100
|move|p2a: Zamazenta|Light Screen|p2a: Zamazenta
|-sidestart|p2: lucy cobblestone|move: Light Screen
|
|upkeep
|turn|37
|j| Mega Delibird X
|
|t:|1780937092
|move|p2a: Zamazenta|Light Screen||[still]
|-fail|p2a: Zamazenta
|move|p1a: Cinderace|Court Change|p1a: Cinderace
|-start|p1a: Cinderace|typechange|Normal|[from] ability: Libero
|-swapsideconditions
|-activate|p1a: Cinderace|move: Court Change
|
|-sideend|p1: tuanquewang|Reflect
|upkeep
|turn|38
|
|t:|1780937098
|move|p2a: Zamazenta|Light Screen|p2a: Zamazenta
|-sidestart|p2: lucy cobblestone|move: Light Screen
|move|p1a: Cinderace|Court Change|p1a: Cinderace
|-swapsideconditions
|-activate|p1a: Cinderace|move: Court Change
|
|upkeep
|turn|39
|
|t:|1780937105
|switch|p2a: Hatterene|Hatterene, F|100/100
|move|p1a: Cinderace|U-turn|p2a: Hatterene
|-damage|p2a: Hatterene|82/100
|
|t:|1780937106
|switch|p1a: Mamoswine|Mamoswine, M|100/100|[from] U-turn
|
|-heal|p2a: Hatterene|88/100|[from] item: Leftovers
|upkeep
|turn|40
|
|t:|1780937114
|-terastallize|p2a: Hatterene|Water
|move|p1a: Mamoswine|Earthquake|p2a: Hatterene
|-damage|p2a: Hatterene|15/100
|move|p2a: Hatterene|Calm Mind|p2a: Hatterene
|-boost|p2a: Hatterene|spa|1
|-boost|p2a: Hatterene|spd|1
|
|-heal|p2a: Hatterene|21/100|[from] item: Leftovers
|-sideend|p2: lucy cobblestone|move: Light Screen
|upkeep
|turn|41
|
|t:|1780937119
|move|p1a: Mamoswine|Earthquake|p2a: Hatterene
|-damage|p2a: Hatterene|0 fnt
|faint|p2a: Hatterene
|
|upkeep
|
|t:|1780937121
|switch|p2a: Zamazenta|Zamazenta|9/100
|turn|42
|
|t:|1780937124
|-terastallize|p1a: Mamoswine|Poison
|move|p2a: Zamazenta|Close Combat|p1a: Mamoswine
|-resisted|p1a: Mamoswine
|-damage|p1a: Mamoswine|79/100
|-unboost|p2a: Zamazenta|def|1
|-unboost|p2a: Zamazenta|spd|1
|move|p1a: Mamoswine|Earthquake|p2a: Zamazenta
|-damage|p2a: Zamazenta|0 fnt
|faint|p2a: Zamazenta
|
|win|tuanquewang
|raw|tuanquewang's rating: 1598 &rarr; <strong>1618</strong><br />(+20 for winning)
|raw|lucy cobblestone's rating: 1606 &rarr; <strong>1586</strong><br />(-20 for losing)
|l|☆lucy cobblestone
|player|p2|
