|j|☆bigtestsofbig
|j|☆suprya
|t:|1781140613
|gametype|singles
|player|p1|bigtestsofbig|265|1645
|player|p2|suprya|clown|1741
|gen|9
|tier|[Gen 9] OU
|rated|
|rule|HP Percentage Mod: HP is shown in percentages
|rule|Endless Battle Clause: Forcing endless battles is banned
|rule|Species Clause: Limit one of each Pokémon
|rule|OHKO Clause: OHKO moves are banned
|rule|Evasion Items Clause: Evasion items are banned
|rule|Evasion Moves Clause: Evasion moves are banned
|rule|Evasion Abilities Clause: Evasion abilities are banned
|rule|Sleep Moves Clause: Sleep-inducing moves are banned
|clearpoke
|poke|p1|Bisharp, M|
|poke|p1|Moltres|
|poke|p1|Great Tusk|
|poke|p1|Primarina, M|
|poke|p1|Iron Boulder|
|poke|p1|Darkrai|
|poke|p2|Pelipper, F|
|poke|p2|Dragonite, F|
|poke|p2|Ogerpon-Wellspring, F|
|poke|p2|Iron Treads|
|poke|p2|Basculegion, M|
|poke|p2|Fezandipiti, M|
|teampreview
|inactive|Battle timer is ON: inactive players will automatically lose when time's up. (requested by suprya)
|
|t:|1781140635
|teamsize|p1|6
|teamsize|p2|6
|start
|switch|p1a: Iron Boulder|Iron Boulder|100/100
|switch|p2a: Fezandipiti|Fezandipiti, M|100/100
|turn|1
|inactive|suprya has 120 seconds left.
|
|t:|1781140671
|switch|p2a: Iron Treads|Iron Treads|100/100
|move|p1a: Iron Boulder|Psycho Cut|p2a: Iron Treads
|-resisted|p2a: Iron Treads
|-damage|p2a: Iron Treads|81/100
|
|-heal|p2a: Iron Treads|87/100|[from] item: Leftovers
|upkeep
|turn|2
|inactive|suprya has 120 seconds left.
|
|t:|1781140682
|-end|p1a: Iron Boulder|Quark Drive|[silent]
|switch|p1a: Great Tusk|Great Tusk|100/100
|move|p2a: Iron Treads|Stealth Rock|p1a: Great Tusk
|-sidestart|p1: bigtestsofbig|move: Stealth Rock
|
|-heal|p2a: Iron Treads|93/100|[from] item: Leftovers
|upkeep
|turn|3
|
|t:|1781140691
|-end|p2a: Iron Treads|Quark Drive|[silent]
|switch|p2a: Pelipper|Pelipper, F|100/100
|-weather|RainDance|[from] ability: Drizzle|[of] p2a: Pelipper
|move|p1a: Great Tusk|Stealth Rock|p2a: Pelipper
|-sidestart|p2: suprya|move: Stealth Rock
|
|-weather|RainDance|[upkeep]
|upkeep
|turn|4
|
|t:|1781140702
|move|p1a: Great Tusk|Headlong Rush|p2a: Pelipper
|-immune|p2a: Pelipper
|move|p2a: Pelipper|Hurricane|p1a: Great Tusk
|-supereffective|p1a: Great Tusk
|-damage|p1a: Great Tusk|0 fnt
|faint|p1a: Great Tusk
|-end|p1a: Great Tusk|Protosynthesis|[silent]
|
|-weather|RainDance|[upkeep]
|upkeep
|
|t:|1781140706
|switch|p1a: Iron Boulder|Iron Boulder|100/100
|-damage|p1a: Iron Boulder|88/100|[from] Stealth Rock
|turn|5
|
|t:|1781140716
|switch|p2a: Iron Treads|Iron Treads|93/100
|-damage|p2a: Iron Treads|90/100|[from] Stealth Rock
|move|p1a: Iron Boulder|Close Combat|p2a: Iron Treads
|-supereffective|p2a: Iron Treads
|-damage|p2a: Iron Treads|0 fnt
|-unboost|p1a: Iron Boulder|def|1
|-unboost|p1a: Iron Boulder|spd|1
|faint|p2a: Iron Treads
|-end|p2a: Iron Treads|Quark Drive|[silent]
|
|-weather|RainDance|[upkeep]
|upkeep
|
|t:|1781140726
|switch|p2a: Basculegion|Basculegion, M|100/100
|-damage|p2a: Basculegion|88/100|[from] Stealth Rock
|turn|6
|
|t:|1781140735
|-end|p1a: Iron Boulder|Quark Drive|[silent]
|switch|p1a: Bisharp|Bisharp, M|100/100
|-damage|p1a: Bisharp|95/100|[from] Stealth Rock
|move|p2a: Basculegion|Liquidation|p1a: Bisharp
|-damage|p1a: Bisharp|20/100
|-unboost|p1a: Bisharp|def|1
|-ability|p1a: Bisharp|Defiant|boost
|-boost|p1a: Bisharp|atk|2
|
|-weather|RainDance|[upkeep]
|upkeep
|turn|7
|
|t:|1781140747
|switch|p2a: Dragonite|Dragonite, F|100/100
|move|p1a: Bisharp|Throat Chop|p2a: Dragonite
|-damage|p2a: Dragonite|60/100
|-start|p2a: Dragonite|Throat Chop|[silent]
|
|-weather|none
|upkeep
|turn|8
|
|t:|1781140759
|move|p2a: Dragonite|Extreme Speed|p1a: Bisharp
|-resisted|p1a: Bisharp
|-crit|p1a: Bisharp
|-damage|p1a: Bisharp|0 fnt
|faint|p1a: Bisharp
|
|-end|p2a: Dragonite|Throat Chop|[silent]
|upkeep
|
|t:|1781140765
|switch|p1a: Iron Boulder|Iron Boulder|88/100
|-damage|p1a: Iron Boulder|76/100|[from] Stealth Rock
|turn|9
|
|t:|1781140780
|move|p2a: Dragonite|Extreme Speed|p1a: Iron Boulder
|-resisted|p1a: Iron Boulder
|-damage|p1a: Iron Boulder|57/100
|move|p1a: Iron Boulder|Mighty Cleave|p2a: Dragonite
|-supereffective|p2a: Dragonite
|-damage|p2a: Dragonite|0 fnt
|faint|p2a: Dragonite
|
|upkeep
|
|t:|1781140784
|switch|p2a: Basculegion|Basculegion, M|88/100
|-damage|p2a: Basculegion|76/100|[from] Stealth Rock
|turn|10
|
|t:|1781140792
|-terastallize|p1a: Iron Boulder|Fighting
|move|p2a: Basculegion|Aqua Jet|p1a: Iron Boulder
|-damage|p1a: Iron Boulder|17/100
|move|p1a: Iron Boulder|Mighty Cleave|p2a: Basculegion
|-damage|p2a: Basculegion|0 fnt
|faint|p2a: Basculegion
|
|upkeep
|
|t:|1781140805
|switch|p2a: Pelipper|Pelipper, F|100/100
|-weather|RainDance|[from] ability: Drizzle|[of] p2a: Pelipper
|turn|11
|
|t:|1781140824
|-end|p1a: Iron Boulder|Quark Drive|[silent]
|switch|p1a: Moltres|Moltres|100/100
|-terastallize|p2a: Pelipper|Ground
|move|p2a: Pelipper|Hurricane|p1a: Moltres
|-damage|p1a: Moltres|63/100
|
|-weather|RainDance|[upkeep]
|upkeep
|turn|12
|
|t:|1781140833
|move|p1a: Moltres|Brave Bird|p2a: Pelipper
|-damage|p2a: Pelipper|64/100
|-damage|p1a: Moltres|53/100|[from] Recoil
|move|p2a: Pelipper|U-turn|p1a: Moltres
|-resisted|p1a: Moltres
|-damage|p1a: Moltres|51/100
|-status|p2a: Pelipper|brn|[from] ability: Flame Body|[of] p1a: Moltres
|
|t:|1781140838
|switch|p2a: Ogerpon|Ogerpon-Wellspring, F|100/100|[from] U-turn
|-damage|p2a: Ogerpon|88/100|[from] Stealth Rock
|
|-weather|RainDance|[upkeep]
|upkeep
|turn|13
|
|t:|1781140844
|move|p2a: Ogerpon|Ivy Cudgel|p1a: Moltres|[anim] Ivy Cudgel Water
|-supereffective|p1a: Moltres
|-damage|p1a: Moltres|0 fnt
|faint|p1a: Moltres
|
|-weather|RainDance|[upkeep]
|upkeep
|
|t:|1781140864
|switch|p1a: Iron Boulder|Iron Boulder, tera:Fighting|17/100
|-damage|p1a: Iron Boulder|10/100|[from] Stealth Rock
|turn|14
|
|t:|1781140885
|move|p1a: Iron Boulder|Close Combat|p2a: Ogerpon
|-damage|p2a: Ogerpon|0 fnt
|-unboost|p1a: Iron Boulder|def|1
|-unboost|p1a: Iron Boulder|spd|1
|faint|p2a: Ogerpon
|
|-weather|RainDance|[upkeep]
|upkeep
|
|t:|1781140888
|switch|p2a: Fezandipiti|Fezandipiti, M|100/100
|turn|15
|
|t:|1781140896
|-end|p1a: Iron Boulder|Quark Drive|[silent]
|switch|p1a: Darkrai|Darkrai|100/100
|-damage|p1a: Darkrai|88/100|[from] Stealth Rock
|move|p2a: Fezandipiti|Moonblast|p1a: Darkrai
|-supereffective|p1a: Darkrai
|-crit|p1a: Darkrai
|-damage|p1a: Darkrai|0 fnt
|faint|p1a: Darkrai
|
|-weather|none
|upkeep
|
|t:|1781140907
|switch|p1a: Iron Boulder|Iron Boulder, tera:Fighting|10/100
|-damage|p1a: Iron Boulder|4/100|[from] Stealth Rock
|turn|16
|
|t:|1781140910
|switch|p2a: Pelipper|Pelipper, F, tera:Ground|64/100 brn
|-weather|RainDance|[from] ability: Drizzle|[of] p2a: Pelipper
|move|p1a: Iron Boulder|Earthquake|p2a: Pelipper
|-damage|p2a: Pelipper|26/100 brn
|
|-weather|RainDance|[upkeep]
|-damage|p2a: Pelipper|20/100 brn|[from] brn
|upkeep
|turn|17
|
|t:|1781140923
|move|p1a: Iron Boulder|Earthquake|p2a: Pelipper
|-damage|p2a: Pelipper|0 fnt
|faint|p2a: Pelipper
|
|-weather|RainDance|[upkeep]
|upkeep
|
|t:|1781140924
|switch|p2a: Fezandipiti|Fezandipiti, M|100/100
|turn|18
|
|t:|1781140935
|move|p1a: Iron Boulder|Earthquake|p2a: Fezandipiti
|-supereffective|p2a: Fezandipiti
|-damage|p2a: Fezandipiti|0 fnt
|faint|p2a: Fezandipiti
|
|win|bigtestsofbig
|raw|bigtestsofbig's rating: 1645 &rarr; <strong>1670</strong><br />(+25 for winning)
|raw|suprya's rating: 1741 &rarr; <strong>1716</strong><br />(-25 for losing)
|l|☆bigtestsofbig
|player|p1|
