|j|☆SincereSarje
|j|☆praveenkumart236
|t:|1781465541
|gametype|singles
|player|p1|SincereSarje|morty|1613
|player|p2|praveenkumart236|169|1548
|gen|9
|tier|[Gen 9] OU
|rated|
|rule|HP Percentage Mod: HP is shown in percentages
|rule|Endless Battle Clause: Forcing endless battles is banned
|rule|Species Clause: Limit one of each Pokémon
|rule|OHKO Clause: OHKO moves are banned
|rule|Evasion Items Clause: Evasion items are banned
|rule|Evasion Moves Clause: Evasion moves are banned
|rule|Evasion Abilities Clause: Evasion abilities are banned
|rule|Sleep Moves Clause: Sleep-inducing moves are banned
|clearpoke
|poke|p1|Alomomola, M|
|poke|p1|Kyurem|
|poke|p1|Zamazenta-*|
|poke|p1|Great Tusk|
|poke|p1|Ting-Lu|
|poke|p1|Pecharunt|
|poke|p2|Pincurchin, M|
|poke|p2|Pawmot, F|
|poke|p2|Iron Valiant|
|poke|p2|Raging Bolt|
|poke|p2|Iron Treads|
|poke|p2|Iron Moth|
|teampreview
|inactive|Battle timer is ON: inactive players will automatically lose when time's up. (requested by praveenkumart236)
|inactive|SincereSarje also wants the timer to be on.
|
|t:|1781465547
|teamsize|p1|6
|teamsize|p2|6
|start
|switch|p1a: Ting-Lu|Ting-Lu|100/100
|switch|p2a: Pincurchin|Pincurchin, M|100/100
|-ability|p1a: Ting-Lu|Vessel of Ruin
|-fieldstart|move: Electric Terrain|[from] ability: Electric Surge|[of] p2a: Pincurchin
|turn|1
|
|t:|1781465554
|switch|p2a: Iron Valiant|Iron Valiant|100/100
|-activate|p2a: Iron Valiant|ability: Quark Drive
|-start|p2a: Iron Valiant|quarkdrivespe
|move|p1a: Ting-Lu|Stealth Rock|p2a: Iron Valiant
|-sidestart|p2: praveenkumart236|move: Stealth Rock
|
|upkeep
|turn|2
|
|t:|1781465561
|move|p2a: Iron Valiant|Swords Dance|p2a: Iron Valiant
|-boost|p2a: Iron Valiant|atk|2
|move|p1a: Ting-Lu|Earthquake|p2a: Iron Valiant
|-damage|p2a: Iron Valiant|57/100
|
|upkeep
|turn|3
|
|t:|1781465568
|switch|p1a: Pecharunt|Pecharunt|100/100
|-item|p1a: Pecharunt|Air Balloon
|move|p2a: Iron Valiant|Close Combat|p1a: Pecharunt
|-immune|p1a: Pecharunt
|
|upkeep
|turn|4
|
|t:|1781465578
|-terastallize|p2a: Iron Valiant|Electric
|move|p2a: Iron Valiant|Thunder Punch|p1a: Pecharunt
|-damage|p1a: Pecharunt|35/100
|-enditem|p1a: Pecharunt|Air Balloon
|-damage|p2a: Iron Valiant|47/100|[from] item: Life Orb
|move|p1a: Pecharunt|Toxic|p2a: Iron Valiant
|-status|p2a: Iron Valiant|tox
|-start|p2a: Iron Valiant|confusion|[from] ability: Poison Puppeteer|[of] p1a: Pecharunt
|
|-damage|p2a: Iron Valiant|40/100 tox|[from] psn
|upkeep
|turn|5
|
|t:|1781465590
|switch|p1a: Ting-Lu|Ting-Lu|100/100
|-ability|p1a: Ting-Lu|Vessel of Ruin
|-activate|p2a: Iron Valiant|confusion
|-damage|p2a: Iron Valiant|5/100 tox|[from] confusion
|
|-damage|p2a: Iron Valiant|0 fnt|[from] psn
|faint|p2a: Iron Valiant
|-end|p2a: Iron Valiant|Quark Drive|[silent]
|upkeep
|
|t:|1781465607
|switch|p2a: Iron Moth|Iron Moth|100/100
|-damage|p2a: Iron Moth|76/100|[from] Stealth Rock
|-item|p2a: Iron Moth|Air Balloon
|-activate|p2a: Iron Moth|ability: Quark Drive
|-start|p2a: Iron Moth|quarkdrivespa
|turn|6
|
|t:|1781465612
|move|p2a: Iron Moth|Fiery Dance|p1a: Ting-Lu
|-damage|p1a: Ting-Lu|78/100
|move|p1a: Ting-Lu|Ruination|p2a: Iron Moth
|-damage|p2a: Iron Moth|38/100
|-enditem|p2a: Iron Moth|Air Balloon
|
|-heal|p1a: Ting-Lu|84/100|[from] item: Leftovers
|upkeep
|turn|7
|
|t:|1781465619
|move|p2a: Iron Moth|Dazzling Gleam|p1a: Ting-Lu
|-supereffective|p1a: Ting-Lu
|-damage|p1a: Ting-Lu|50/100
|move|p1a: Ting-Lu|Earthquake|p2a: Iron Moth
|-supereffective|p2a: Iron Moth
|-damage|p2a: Iron Moth|0 fnt
|faint|p2a: Iron Moth
|-end|p2a: Iron Moth|Quark Drive|[silent]
|
|-heal|p1a: Ting-Lu|56/100|[from] item: Leftovers
|upkeep
|
|t:|1781465626
|switch|p2a: Raging Bolt|Raging Bolt|100/100
|-damage|p2a: Raging Bolt|88/100|[from] Stealth Rock
|-enditem|p2a: Raging Bolt|Electric Seed
|-boost|p2a: Raging Bolt|def|1|[from] item: Electric Seed
|turn|8
|
|t:|1781465631
|move|p2a: Raging Bolt|Dragon Pulse|p1a: Ting-Lu
|-damage|p1a: Ting-Lu|33/100
|move|p1a: Ting-Lu|Earthquake|p2a: Raging Bolt
|-supereffective|p2a: Raging Bolt
|-damage|p2a: Raging Bolt|48/100
|
|-heal|p1a: Ting-Lu|39/100|[from] item: Leftovers
|-fieldend|move: Electric Terrain
|upkeep
|turn|9
|
|t:|1781465636
|switch|p1a: Alomomola|Alomomola, M|100/100
|move|p2a: Raging Bolt|Dragon Pulse|p1a: Alomomola
|-damage|p1a: Alomomola|76/100
|
|upkeep
|turn|10
|
|t:|1781465641
|move|p2a: Raging Bolt|Calm Mind|p2a: Raging Bolt
|-boost|p2a: Raging Bolt|spa|1
|-boost|p2a: Raging Bolt|spd|1
|move|p1a: Alomomola|Flip Turn|p2a: Raging Bolt
|-resisted|p2a: Raging Bolt
|-damage|p2a: Raging Bolt|44/100
|
|t:|1781465645
|switch|p1a: Kyurem|Kyurem|100/100|[from] Flip Turn
|-ability|p1a: Kyurem|Pressure
|
|upkeep
|turn|11
|
|t:|1781465652
|move|p1a: Kyurem|Ice Beam|p2a: Raging Bolt
|-supereffective|p2a: Raging Bolt
|-damage|p2a: Raging Bolt|0 fnt
|faint|p2a: Raging Bolt
|-end|p2a: Raging Bolt|Protosynthesis|[silent]
|
|upkeep
|
|t:|1781465656
|switch|p2a: Pawmot|Pawmot, F|100/100
|-damage|p2a: Pawmot|94/100|[from] Stealth Rock
|turn|12
|
|t:|1781465661
|-terastallize|p1a: Kyurem|Ice
|move|p2a: Pawmot|Nuzzle|p1a: Kyurem
|-damage|p1a: Kyurem|94/100
|-status|p1a: Kyurem|par
|move|p1a: Kyurem|Ice Beam|p2a: Pawmot
|-damage|p2a: Pawmot|0 fnt
|faint|p2a: Pawmot
|
|upkeep
|-message|praveenkumart236 forfeited.
|
|win|SincereSarje
|raw|SincereSarje's rating: 1613 &rarr; <strong>1629</strong><br />(+16 for winning)
|raw|praveenkumart236's rating: 1548 &rarr; <strong>1532</strong><br />(-16 for losing)
|l|☆praveenkumart236
|player|p2|
