|j|☆poke2002
|j|☆myree
|t:|1781471728
|gametype|singles
|player|p1|poke2002|lucas|1541
|player|p2|myree|benga|1584
|gen|9
|tier|[Gen 9] OU
|rated|
|rule|HP Percentage Mod: HP is shown in percentages
|rule|Endless Battle Clause: Forcing endless battles is banned
|rule|Species Clause: Limit one of each Pokémon
|rule|OHKO Clause: OHKO moves are banned
|rule|Evasion Items Clause: Evasion items are banned
|rule|Evasion Moves Clause: Evasion moves are banned
|rule|Evasion Abilities Clause: Evasion abilities are banned
|rule|Sleep Moves Clause: Sleep-inducing moves are banned
|clearpoke
|poke|p1|Reuniclus, M|
|poke|p1|Zamazenta-*|
|poke|p1|Primarina, F|
|poke|p1|Moltres|
|poke|p1|Ting-Lu|
|poke|p1|Raging Bolt|
|poke|p2|Iron Valiant|
|poke|p2|Ogerpon-Cornerstone, F|
|poke|p2|Iron Treads|
|poke|p2|Fezandipiti, M|
|poke|p2|Samurott-Hisui, M|
|poke|p2|Goodra-Hisui, F|
|teampreview
|inactive|Battle timer is ON: inactive players will automatically lose when time's up. (requested by poke2002)
|
|t:|1781471739
|teamsize|p1|6
|teamsize|p2|6
|start
|switch|p1a: Ting-Lu|Ting-Lu|100/100
|switch|p2a: Samurott|Samurott-Hisui, M|100/100
|-ability|p1a: Ting-Lu|Vessel of Ruin
|turn|1
|
|t:|1781471745
|move|p2a: Samurott|Razor Shell|p1a: Ting-Lu
|-supereffective|p1a: Ting-Lu
|-damage|p1a: Ting-Lu|35/100
|move|p1a: Ting-Lu|Stealth Rock|p2a: Samurott
|-sidestart|p2: myree|move: Stealth Rock
|
|-heal|p1a: Ting-Lu|41/100|[from] item: Leftovers
|upkeep
|turn|2
|
|t:|1781471752
|switch|p1a: Primarina|Primarina, F|100/100
|move|p2a: Samurott|Razor Shell|p1a: Primarina
|-resisted|p1a: Primarina
|-damage|p1a: Primarina|69/100
|
|-heal|p1a: Primarina|75/100|[from] item: Leftovers
|upkeep
|turn|3
|
|t:|1781471760
|switch|p2a: Prof. Goo-D.|Goodra-Hisui, F|100/100
|-damage|p2a: Prof. Goo-D.|94/100|[from] Stealth Rock
|move|p1a: Primarina|Draining Kiss|p2a: Prof. Goo-D.
|-damage|p2a: Prof. Goo-D.|80/100
|-heal|p1a: Primarina|85/100|[from] drain|[of] p2a: Prof. Goo-D.
|-ability|p2a: Prof. Goo-D.|Gooey
|-unboost|p1a: Primarina|spe|1
|
|-heal|p1a: Primarina|91/100|[from] item: Leftovers
|upkeep
|turn|4
|
|t:|1781471783
|switch|p1a: Reuniclus|Reuniclus, M|100/100
|move|p2a: Prof. Goo-D.|Thunderbolt|p1a: Reuniclus
|-damage|p1a: Reuniclus|79/100
|
|upkeep
|turn|5
|
|t:|1781471789
|move|p2a: Prof. Goo-D.|Knock Off|p1a: Reuniclus
|-supereffective|p1a: Reuniclus
|-damage|p1a: Reuniclus|23/100
|-enditem|p1a: Reuniclus|Life Orb|[from] move: Knock Off|[of] p2a: Prof. Goo-D.
|move|p1a: Reuniclus|Knock Off|p2a: Prof. Goo-D.
|-damage|p2a: Prof. Goo-D.|65/100
|-ability|p2a: Prof. Goo-D.|Gooey
|-unboost|p1a: Reuniclus|spe|1
|-enditem|p2a: Prof. Goo-D.|Assault Vest|[from] move: Knock Off|[of] p1a: Reuniclus
|
|upkeep
|turn|6
|
|t:|1781471809
|switch|p1a: Ting-Lu|Ting-Lu|41/100
|-ability|p1a: Ting-Lu|Vessel of Ruin
|move|p2a: Prof. Goo-D.|Earthquake|p1a: Ting-Lu
|-damage|p1a: Ting-Lu|24/100
|
|-heal|p1a: Ting-Lu|31/100|[from] item: Leftovers
|upkeep
|turn|7
|
|t:|1781471815
|move|p2a: Prof. Goo-D.|Ice Beam|p1a: Ting-Lu
|-supereffective|p1a: Ting-Lu
|-damage|p1a: Ting-Lu|9/100
|move|p1a: Ting-Lu|Earthquake|p2a: Prof. Goo-D.
|-supereffective|p2a: Prof. Goo-D.
|-damage|p2a: Prof. Goo-D.|0 fnt
|faint|p2a: Prof. Goo-D.
|
|-heal|p1a: Ting-Lu|15/100|[from] item: Leftovers
|upkeep
|
|t:|1781471819
|switch|p2a: best treadist|Iron Treads|100/100
|-damage|p2a: best treadist|97/100|[from] Stealth Rock
|turn|8
|
|t:|1781471828
|switch|p1a: Moltres|Moltres|100/100
|move|p2a: best treadist|Rapid Spin|p1a: Moltres
|-damage|p1a: Moltres|89/100
|-boost|p2a: best treadist|spe|1
|-status|p2a: best treadist|brn|[from] ability: Flame Body|[of] p1a: Moltres
|-sideend|p2: myree|Stealth Rock|[from] move: Rapid Spin|[of] p2a: best treadist
|
|-damage|p2a: best treadist|91/100 brn|[from] brn
|upkeep
|turn|9
|
|t:|1781471835
|-end|p2a: best treadist|Quark Drive|[silent]
|switch|p2a: Samurott|Samurott-Hisui, M|100/100
|move|p1a: Moltres|U-turn|p2a: Samurott
|-supereffective|p2a: Samurott
|-damage|p2a: Samurott|69/100
|
|t:|1781471847
|switch|p1a: Primarina|Primarina, F|91/100|[from] U-turn
|
|-heal|p1a: Primarina|97/100|[from] item: Leftovers
|upkeep
|turn|10
|
|t:|1781471853
|switch|p2a: fezanskibidi|Fezandipiti, M|100/100
|-item|p2a: fezanskibidi|Air Balloon
|move|p1a: Primarina|Draining Kiss|p2a: fezanskibidi
|-resisted|p2a: fezanskibidi
|-crit|p2a: fezanskibidi
|-damage|p2a: fezanskibidi|80/100
|-heal|p1a: Primarina|100/100|[from] drain|[of] p2a: fezanskibidi
|-enditem|p2a: fezanskibidi|Air Balloon
|
|upkeep
|turn|11
|
|t:|1781471881
|switch|p1a: Reuniclus|Reuniclus, M|23/100
|move|p2a: fezanskibidi|Moonblast|p1a: Reuniclus
|-damage|p1a: Reuniclus|0 fnt
|faint|p1a: Reuniclus
|
|upkeep
|
|t:|1781471890
|switch|p1a: Moltres|Moltres|89/100
|turn|12
|
|t:|1781471895
|move|p2a: fezanskibidi|Moonblast|p1a: Moltres
|-resisted|p1a: Moltres
|-damage|p1a: Moltres|72/100
|move|p1a: Moltres|Flamethrower|p2a: fezanskibidi
|-damage|p2a: fezanskibidi|49/100
|
|upkeep
|turn|13
|
|t:|1781471903
|move|p2a: fezanskibidi|Moonblast|p1a: Moltres
|-resisted|p1a: Moltres
|-crit|p1a: Moltres
|-damage|p1a: Moltres|46/100
|-status|p1a: Moltres|tox|[from] ability: Toxic Chain|[of] p2a: fezanskibidi
|move|p1a: Moltres|U-turn|p2a: fezanskibidi
|-resisted|p2a: fezanskibidi
|-damage|p2a: fezanskibidi|45/100
|
|t:|1781471919
|switch|p1a: Raging Bolt|Raging Bolt|100/100|[from] U-turn
|
|upkeep
|turn|14
|
|t:|1781471927
|move|p2a: fezanskibidi|Roost|p2a: fezanskibidi
|-heal|p2a: fezanskibidi|95/100
|-singleturn|p2a: fezanskibidi|move: Roost
|move|p1a: Raging Bolt|Volt Switch|p2a: fezanskibidi
|-damage|p2a: fezanskibidi|39/100
|
|t:|1781471938
|-end|p1a: Raging Bolt|Protosynthesis|[silent]
|switch|p1a: Primarina|Primarina, F|100/100|[from] Volt Switch
|
|upkeep
|turn|15
|
|t:|1781471946
|move|p2a: fezanskibidi|Roost|p2a: fezanskibidi
|-heal|p2a: fezanskibidi|89/100
|-singleturn|p2a: fezanskibidi|move: Roost
|move|p1a: Primarina|Substitute|p1a: Primarina
|-start|p1a: Primarina|Substitute
|-damage|p1a: Primarina|75/100
|
|-heal|p1a: Primarina|82/100|[from] item: Leftovers
|upkeep
|turn|16
|
|t:|1781471949
|move|p2a: fezanskibidi|Moonblast|p1a: Primarina
|-crit|p1a: Primarina
|-end|p1a: Primarina|Substitute
|move|p1a: Primarina|Calm Mind|p1a: Primarina
|-boost|p1a: Primarina|spa|1
|-boost|p1a: Primarina|spd|1
|
|-heal|p1a: Primarina|88/100|[from] item: Leftovers
|upkeep
|turn|17
|
|t:|1781471956
|move|p2a: fezanskibidi|Moonblast|p1a: Primarina
|-damage|p1a: Primarina|68/100
|-unboost|p1a: Primarina|spa|1
|move|p1a: Primarina|Substitute|p1a: Primarina
|-start|p1a: Primarina|Substitute
|-damage|p1a: Primarina|43/100
|
|-heal|p1a: Primarina|49/100|[from] item: Leftovers
|upkeep
|turn|18
|
|t:|1781471963
|move|p2a: fezanskibidi|Moonblast|p1a: Primarina
|-activate|p1a: Primarina|move: Substitute|[damage]
|move|p1a: Primarina|Calm Mind|p1a: Primarina
|-boost|p1a: Primarina|spa|1
|-boost|p1a: Primarina|spd|1
|
|-heal|p1a: Primarina|55/100|[from] item: Leftovers
|upkeep
|turn|19
|
|t:|1781471970
|move|p2a: fezanskibidi|Moonblast|p1a: Primarina
|-end|p1a: Primarina|Substitute
|move|p1a: Primarina|Draining Kiss|p2a: fezanskibidi
|-resisted|p2a: fezanskibidi
|-damage|p2a: fezanskibidi|70/100
|-heal|p1a: Primarina|67/100|[from] drain|[of] p2a: fezanskibidi
|
|-heal|p1a: Primarina|73/100|[from] item: Leftovers
|upkeep
|turn|20
|
|t:|1781471985
|switch|p2a: Iron Valiant|Iron Valiant|100/100
|-terastallize|p1a: Primarina|Poison
|move|p1a: Primarina|Calm Mind|p1a: Primarina
|-boost|p1a: Primarina|spa|1
|-boost|p1a: Primarina|spd|1
|
|-heal|p1a: Primarina|79/100|[from] item: Leftovers
|upkeep
|turn|21
|
|t:|1781471992
|move|p2a: Iron Valiant|Encore|p1a: Primarina
|-start|p1a: Primarina|Encore
|move|p1a: Primarina|Calm Mind|p1a: Primarina
|-boost|p1a: Primarina|spa|1
|-boost|p1a: Primarina|spd|1
|
|-heal|p1a: Primarina|85/100|[from] item: Leftovers
|upkeep
|turn|22
|-message|poke2002 forfeited.
|
|win|myree
|raw|poke2002's rating: 1541 &rarr; <strong>1523</strong><br />(-18 for losing)
|raw|myree's rating: 1584 &rarr; <strong>1602</strong><br />(+18 for winning)
|l|☆poke2002
|player|p1|
