|j|☆LowEL0God
|j|☆imperimento
|t:|1781599008
|gametype|singles
|player|p1|LowEL0God|265|1753
|player|p2|imperimento|101|1780
|gen|9
|tier|[Gen 9] OU
|rated|
|rule|HP Percentage Mod: HP is shown in percentages
|rule|Endless Battle Clause: Forcing endless battles is banned
|rule|Species Clause: Limit one of each Pokémon
|rule|OHKO Clause: OHKO moves are banned
|rule|Evasion Items Clause: Evasion items are banned
|rule|Evasion Moves Clause: Evasion moves are banned
|rule|Evasion Abilities Clause: Evasion abilities are banned
|rule|Sleep Moves Clause: Sleep-inducing moves are banned
|clearpoke
|poke|p1|Pelipper, F|
|poke|p1|Raging Bolt|
|poke|p1|Overqwil, F|
|poke|p1|Barraskewda, F|
|poke|p1|Iron Treads|
|poke|p1|Kingambit, M|
|poke|p2|Gliscor, M|
|poke|p2|Magnezone|
|poke|p2|Garganacl, M|
|poke|p2|Walking Wake|
|poke|p2|Enamorus, F|
|poke|p2|Scizor, M|
|teampreview
|c|☆LowEL0God|hf
|inactive|Battle timer is ON: inactive players will automatically lose when time's up. (requested by LowEL0God)
|c|☆imperimento|u2
|j| g4rewfewfdwed
|j| pls game
|
|t:|1781599033
|teamsize|p1|6
|teamsize|p2|6
|start
|switch|p1a: Barraskewda|Barraskewda, F|100/100
|switch|p2a: Garganacl|Garganacl, M|100/100
|turn|1
|
|t:|1781599041
|move|p2a: Garganacl|Protect|p2a: Garganacl
|-singleturn|p2a: Garganacl|Protect
|move|p1a: Barraskewda|Liquidation|p2a: Garganacl
|-activate|p2a: Garganacl|move: Protect
|
|upkeep
|turn|2
|
|t:|1781599048
|switch|p2a: Walking Wake|Walking Wake|100/100
|move|p1a: Barraskewda|Liquidation|p2a: Walking Wake
|-resisted|p2a: Walking Wake
|-damage|p2a: Walking Wake|83/100
|
|upkeep
|turn|3
|
|t:|1781599056
|switch|p1a: Kingambit|Kingambit, M|100/100
|move|p2a: Walking Wake|Knock Off|p1a: Kingambit
|-resisted|p1a: Kingambit
|-damage|p1a: Kingambit|95/100
|-enditem|p1a: Kingambit|Leftovers|[from] move: Knock Off|[of] p2a: Walking Wake
|
|upkeep
|turn|4
|
|t:|1781599065
|move|p2a: Walking Wake|Flip Turn|p1a: Kingambit
|-damage|p1a: Kingambit|83/100
|
|t:|1781599075
|-end|p2a: Walking Wake|Protosynthesis|[silent]
|switch|p2a: Gliscor|Gliscor, M|100/100|[from] Flip Turn
|move|p1a: Kingambit|Swords Dance|p1a: Kingambit
|-boost|p1a: Kingambit|atk|2
|
|-status|p2a: Gliscor|tox|[from] item: Toxic Orb
|upkeep
|turn|5
|
|t:|1781599083
|move|p2a: Gliscor|Earthquake|p1a: Kingambit
|-supereffective|p1a: Kingambit
|-damage|p1a: Kingambit|34/100
|move|p1a: Kingambit|Kowtow Cleave|p2a: Gliscor
|-damage|p2a: Gliscor|25/100 tox
|
|-heal|p2a: Gliscor|37/100 tox|[from] ability: Poison Heal
|upkeep
|turn|6
|
|t:|1781599092
|switch|p2a: Magnezone|Magnezone|100/100
|move|p1a: Kingambit|Sucker Punch||[still]
|-fail|p1a: Kingambit
|
|upkeep
|turn|7
|
|t:|1781599098
|-terastallize|p1a: Kingambit|Dark
|move|p1a: Kingambit|Sucker Punch|p2a: Magnezone
|-damage|p2a: Magnezone|0 fnt
|faint|p2a: Magnezone
|
|upkeep
|j| avernux
|
|t:|1781599122
|switch|p2a: Scizor|Scizor, M|100/100
|turn|8
|
|t:|1781599126
|move|p2a: Scizor|Bullet Punch|p1a: Kingambit
|-damage|p1a: Kingambit|3/100
|-damage|p2a: Scizor|91/100|[from] item: Life Orb
|move|p1a: Kingambit|Sucker Punch||[still]
|-fail|p1a: Kingambit
|
|upkeep
|turn|9
|
|t:|1781599139
|move|p2a: Scizor|Bullet Punch|p1a: Kingambit
|-damage|p1a: Kingambit|0 fnt
|faint|p1a: Kingambit
|-end|p1a: Kingambit|fallenundefined|[silent]
|-damage|p2a: Scizor|81/100|[from] item: Life Orb
|
|upkeep
|
|t:|1781599140
|switch|p1a: Pelipper|Pelipper, F|100/100
|-weather|RainDance|[from] ability: Drizzle|[of] p1a: Pelipper
|turn|10
|
|t:|1781599160
|move|p2a: Scizor|Swords Dance|p2a: Scizor
|-boost|p2a: Scizor|atk|2
|move|p1a: Pelipper|Weather Ball|p2a: Scizor
|-damage|p2a: Scizor|15/100
|
|-weather|RainDance|[upkeep]
|upkeep
|turn|11
|
|t:|1781599170
|move|p2a: Scizor|Knock Off|p1a: Pelipper
|-damage|p1a: Pelipper|24/100
|-enditem|p1a: Pelipper|Damp Rock|[from] move: Knock Off|[of] p2a: Scizor
|-damage|p2a: Scizor|5/100|[from] item: Life Orb
|move|p1a: Pelipper|Hurricane|p2a: Scizor
|-damage|p2a: Scizor|0 fnt
|faint|p2a: Scizor
|
|-weather|RainDance|[upkeep]
|upkeep
|
|t:|1781599186
|switch|p2a: Walking Wake|Walking Wake|83/100
|turn|12
|
|t:|1781599190
|switch|p1a: Raging Bolt|Raging Bolt|100/100
|-enditem|p1a: Raging Bolt|Booster Energy
|-activate|p1a: Raging Bolt|ability: Protosynthesis|[fromitem]
|-start|p1a: Raging Bolt|protosynthesisspa
|move|p2a: Walking Wake|Surf|p1a: Raging Bolt
|-resisted|p1a: Raging Bolt
|-damage|p1a: Raging Bolt|71/100
|
|-weather|RainDance|[upkeep]
|upkeep
|turn|13
|
|t:|1781599201
|move|p1a: Raging Bolt|Thunderclap|p2a: Walking Wake
|-damage|p2a: Walking Wake|18/100
|move|p2a: Walking Wake|Draco Meteor|p1a: Raging Bolt
|-supereffective|p1a: Raging Bolt
|-damage|p1a: Raging Bolt|0 fnt
|-unboost|p2a: Walking Wake|spa|2
|faint|p1a: Raging Bolt
|-end|p1a: Raging Bolt|Protosynthesis|[silent]
|
|-weather|RainDance|[upkeep]
|upkeep
|
|t:|1781599202
|switch|p1a: Barraskewda|Barraskewda, F|100/100
|turn|14
|inactive|imperimento has 120 seconds left.
|l| avernux
|inactive|imperimento has 90 seconds left.
|
|t:|1781599268
|move|p1a: Barraskewda|Liquidation|p2a: Walking Wake
|-resisted|p2a: Walking Wake
|-damage|p2a: Walking Wake|0 fnt
|faint|p2a: Walking Wake
|-end|p2a: Walking Wake|Protosynthesis|[silent]
|
|-weather|RainDance|[upkeep]
|upkeep
|
|t:|1781599290
|switch|p2a: Garganacl|Garganacl, M|100/100
|turn|15
|
|t:|1781599304
|-terastallize|p2a: Garganacl|Fairy
|move|p1a: Barraskewda|Liquidation|p2a: Garganacl
|-damage|p2a: Garganacl|30/100
|move|p2a: Garganacl|Salt Cure|p1a: Barraskewda
|-damage|p1a: Barraskewda|72/100
|-start|p1a: Barraskewda|Salt Cure
|
|-weather|RainDance|[upkeep]
|-heal|p2a: Garganacl|36/100|[from] item: Leftovers
|-damage|p1a: Barraskewda|47/100|[from] Salt Cure
|upkeep
|turn|16
|
|t:|1781599318
|move|p2a: Garganacl|Protect|p2a: Garganacl
|-singleturn|p2a: Garganacl|Protect
|move|p1a: Barraskewda|Liquidation|p2a: Garganacl
|-activate|p2a: Garganacl|move: Protect
|
|-weather|RainDance|[upkeep]
|-heal|p2a: Garganacl|42/100|[from] item: Leftovers
|-damage|p1a: Barraskewda|22/100|[from] Salt Cure
|upkeep
|turn|17
|inactive|imperimento has 60 seconds left.
|inactive|imperimento has 30 seconds left.
|inactive|imperimento has 20 seconds left.
|inactive|imperimento has 15 seconds left.
|
|t:|1781599386
|move|p2a: Garganacl|Protect||[still]
|-fail|p2a: Garganacl
|move|p1a: Barraskewda|Liquidation|p2a: Garganacl
|-damage|p2a: Garganacl|0 fnt
|faint|p2a: Garganacl
|
|-weather|none
|-damage|p1a: Barraskewda|0 fnt|[from] Salt Cure
|faint|p1a: Barraskewda
|upkeep
|inactive|imperimento has 20 seconds left this turn.
|inactive|imperimento has 15 seconds left.
|inactive|imperimento has 10 seconds left.
|
|t:|1781599400
|switch|p1a: Overqwil|Overqwil, F|100/100
|switch|p2a: Enamorus|Enamorus, F|100/100
|turn|18
|inactive|imperimento has 20 seconds left this turn.
|inactive|imperimento has 15 seconds left.
|
|t:|1781599407
|move|p2a: Enamorus|Moonblast|p1a: Overqwil
|-damage|p1a: Overqwil|21/100
|-unboost|p1a: Overqwil|spa|1
|move|p1a: Overqwil|Gunk Shot|p2a: Enamorus
|-supereffective|p2a: Enamorus
|-damage|p2a: Enamorus|0 fnt
|faint|p2a: Enamorus
|-damage|p1a: Overqwil|12/100|[from] item: Life Orb
|
|upkeep
|inactive|imperimento has 20 seconds left this turn.
|inactive|imperimento has 15 seconds left.
|
|t:|1781599417
|switch|p2a: Gliscor|Gliscor, M|37/100 tox
|turn|19
|inactive|imperimento has 25 seconds left this turn.
|
|t:|1781599421
|move|p2a: Gliscor|Protect|p2a: Gliscor
|-singleturn|p2a: Gliscor|Protect
|move|p1a: Overqwil|Liquidation|p2a: Gliscor
|-activate|p2a: Gliscor|move: Protect
|
|-heal|p2a: Gliscor|50/100 tox|[from] ability: Poison Heal
|upkeep
|turn|20
|inactive|imperimento has 30 seconds left.
|
|t:|1781599429
|move|p2a: Gliscor|Protect||[still]
|-fail|p2a: Gliscor
|move|p1a: Overqwil|Liquidation|p2a: Gliscor
|-supereffective|p2a: Gliscor
|-damage|p2a: Gliscor|0 fnt
|faint|p2a: Gliscor
|-damage|p1a: Overqwil|2/100|[from] item: Life Orb
|
|win|LowEL0God
|raw|LowEL0God's rating: 1753 &rarr; <strong>1775</strong><br />(+22 for winning)
|raw|imperimento's rating: 1780 &rarr; <strong>1758</strong><br />(-22 for losing)
|l| pls game
|c|☆LowEL0God|gg
|l|☆LowEL0God
|player|p1|
|c|☆imperimento|gg
|l| g4rewfewfdwed
|j| g4rewfewfdwed
|l| g4rewfewfdwed
