|j|☆kooopooolooo
|j|☆mastersannin
|t:|1781271691
|gametype|singles
|player|p1|kooopooolooo|169|1524
|player|p2|mastersannin|266|1560
|gen|9
|tier|[Gen 9] OU
|rated|
|rule|HP Percentage Mod: HP is shown in percentages
|rule|Endless Battle Clause: Forcing endless battles is banned
|rule|Species Clause: Limit one of each Pokémon
|rule|OHKO Clause: OHKO moves are banned
|rule|Evasion Items Clause: Evasion items are banned
|rule|Evasion Moves Clause: Evasion moves are banned
|rule|Evasion Abilities Clause: Evasion abilities are banned
|rule|Sleep Moves Clause: Sleep-inducing moves are banned
|clearpoke
|poke|p1|Tyranitar, M|
|poke|p1|Excadrill, M|
|poke|p1|Rotom-Wash|
|poke|p1|Latios, M|
|poke|p1|Landorus-Therian, M|
|poke|p1|Mamoswine, M|
|poke|p2|Pelipper, M|
|poke|p2|Raging Bolt|
|poke|p2|Overqwil, F|
|poke|p2|Barraskewda, F|
|poke|p2|Iron Treads|
|poke|p2|Kingambit, F|
|teampreview
|inactive|Battle timer is ON: inactive players will automatically lose when time's up. (requested by mastersannin)
|
|t:|1781271719
|teamsize|p1|6
|teamsize|p2|6
|start
|switch|p1a: Rotom|Rotom-Wash|100/100
|switch|p2a: Raging Bolt|Raging Bolt|100/100
|-enditem|p2a: Raging Bolt|Booster Energy
|-activate|p2a: Raging Bolt|ability: Protosynthesis|[fromitem]
|-start|p2a: Raging Bolt|protosynthesisspa
|turn|1
|
|t:|1781271726
|move|p2a: Raging Bolt|Draco Meteor|p1a: Rotom
|-damage|p1a: Rotom|3/100
|-unboost|p2a: Raging Bolt|spa|2
|move|p1a: Rotom|Volt Switch|p2a: Raging Bolt
|-resisted|p2a: Raging Bolt
|-damage|p2a: Raging Bolt|95/100
|
|t:|1781271729
|switch|p1a: Excadrill|Excadrill, M|100/100|[from] Volt Switch
|-item|p1a: Excadrill|Air Balloon
|
|upkeep
|turn|2
|
|t:|1781271735
|switch|p1a: Rotom|Rotom-Wash|3/100
|-end|p2a: Raging Bolt|Protosynthesis|[silent]
|switch|p2a: Pelipper|Pelipper, M|100/100
|-weather|RainDance|[from] ability: Drizzle|[of] p2a: Pelipper
|
|-weather|RainDance|[upkeep]
|-heal|p1a: Rotom|9/100|[from] item: Leftovers
|upkeep
|turn|3
|
|t:|1781271741
|-terastallize|p2a: Pelipper|Ground
|move|p1a: Rotom|Pain Split|p2a: Pelipper
|-sethp|p2a: Pelipper|54/100|[from] move: Pain Split|[silent]
|-sethp|p1a: Rotom|58/100|[from] move: Pain Split
|move|p2a: Pelipper|U-turn|p1a: Rotom
|-damage|p1a: Rotom|50/100
|
|t:|1781271746
|switch|p2a: Raging Bolt|Raging Bolt|95/100|[from] U-turn
|
|-weather|RainDance|[upkeep]
|-heal|p1a: Rotom|56/100|[from] item: Leftovers
|upkeep
|turn|4
|inactive|kooopooolooo has 120 seconds left.
|
|t:|1781271783
|switch|p1a: Tyranitar|Tyranitar, M|100/100
|-weather|Sandstorm|[from] ability: Sand Stream|[of] p1a: Tyranitar
|move|p2a: Raging Bolt|Draco Meteor|p1a: Tyranitar
|-damage|p1a: Tyranitar|64/100
|-unboost|p2a: Raging Bolt|spa|2
|
|-weather|Sandstorm|[upkeep]
|-damage|p2a: Raging Bolt|89/100|[from] Sandstorm
|upkeep
|turn|5
|
|t:|1781271791
|-end|p2a: Raging Bolt|Protosynthesis|[silent]
|switch|p2a: Pelipper|Pelipper, M, tera:Ground|54/100
|-weather|RainDance|[from] ability: Drizzle|[of] p2a: Pelipper
|move|p1a: Tyranitar|Ice Beam|p2a: Pelipper
|-supereffective|p2a: Pelipper
|-damage|p2a: Pelipper|0 fnt
|faint|p2a: Pelipper
|
|-weather|RainDance|[upkeep]
|upkeep
|
|t:|1781271804
|switch|p2a: Kingambit|Kingambit, F|100/100
|-activate|p2a: Kingambit|ability: Supreme Overlord
|-start|p2a: Kingambit|fallen1|[silent]
|turn|6
|
|t:|1781271809
|move|p1a: Tyranitar|Low Kick|p2a: Kingambit
|-supereffective|p2a: Kingambit
|-damage|p2a: Kingambit|18/100
|move|p2a: Kingambit|Swords Dance|p2a: Kingambit
|-boost|p2a: Kingambit|atk|2
|
|-weather|RainDance|[upkeep]
|-heal|p2a: Kingambit|24/100|[from] item: Leftovers
|upkeep
|turn|7
|
|t:|1781271819
|move|p2a: Kingambit|Sucker Punch|p1a: Tyranitar
|-resisted|p1a: Tyranitar
|-damage|p1a: Tyranitar|25/100
|move|p1a: Tyranitar|Low Kick|p2a: Kingambit
|-supereffective|p2a: Kingambit
|-damage|p2a: Kingambit|0 fnt
|faint|p2a: Kingambit
|-end|p2a: Kingambit|fallen1|[silent]
|
|-weather|RainDance|[upkeep]
|upkeep
|
|t:|1781271825
|switch|p2a: Barraskewda|Barraskewda, F|100/100
|turn|8
|
|t:|1781271844
|switch|p1a: Rotom|Rotom-Wash|56/100
|move|p2a: Barraskewda|Flip Turn|p1a: Rotom
|-resisted|p1a: Rotom
|-damage|p1a: Rotom|25/100
|
|t:|1781271872
|switch|p2a: Overqwil|Overqwil, F|100/100|[from] Flip Turn
|
|-weather|RainDance|[upkeep]
|-heal|p1a: Rotom|31/100|[from] item: Leftovers
|upkeep
|turn|9
|
|t:|1781271878
|move|p2a: Overqwil|Gunk Shot|p1a: Rotom
|-damage|p1a: Rotom|0 fnt
|faint|p1a: Rotom
|-damage|p2a: Overqwil|91/100|[from] item: Life Orb
|
|-weather|RainDance|[upkeep]
|upkeep
|
|t:|1781271883
|switch|p1a: Landorus|Landorus-Therian, M|100/100
|-ability|p1a: Landorus|Intimidate|boost
|-unboost|p2a: Overqwil|atk|1
|turn|10
|
|t:|1781271886
|move|p2a: Overqwil|Liquidation|p1a: Landorus
|-supereffective|p1a: Landorus
|-damage|p1a: Landorus|19/100
|-unboost|p1a: Landorus|def|1
|-damage|p2a: Overqwil|74/100|[from] item: Rocky Helmet|[of] p1a: Landorus
|-damage|p2a: Overqwil|64/100|[from] item: Life Orb
|move|p1a: Landorus|Earth Power|p2a: Overqwil
|-supereffective|p2a: Overqwil
|-damage|p2a: Overqwil|0 fnt
|faint|p2a: Overqwil
|
|-weather|RainDance|[upkeep]
|upkeep
|
|t:|1781271890
|switch|p2a: Barraskewda|Barraskewda, F|100/100
|turn|11
|
|t:|1781271909
|move|p2a: Barraskewda|Flip Turn|p1a: Landorus
|-supereffective|p1a: Landorus
|-damage|p1a: Landorus|0 fnt
|-damage|p2a: Barraskewda|84/100|[from] item: Rocky Helmet|[of] p1a: Landorus
|faint|p1a: Landorus
|
|t:|1781271930
|switch|p2a: Iron Treads|Iron Treads|100/100|[from] Flip Turn
|-enditem|p2a: Iron Treads|Booster Energy
|-activate|p2a: Iron Treads|ability: Quark Drive|[fromitem]
|-start|p2a: Iron Treads|quarkdrivespe
|
|-weather|RainDance|[upkeep]
|upkeep
|
|t:|1781271935
|switch|p1a: Mamoswine|Mamoswine, M|100/100
|turn|12
|
|t:|1781271938
|move|p2a: Iron Treads|Steel Beam|p1a: Mamoswine
|-supereffective|p1a: Mamoswine
|-damage|p1a: Mamoswine|0 fnt
|-damage|p2a: Iron Treads|50/100|[from] steelbeam
|faint|p1a: Mamoswine
|
|-weather|none
|upkeep
|
|t:|1781271944
|switch|p1a: Tyranitar|Tyranitar, M|25/100
|-weather|Sandstorm|[from] ability: Sand Stream|[of] p1a: Tyranitar
|turn|13
|
|t:|1781271960
|move|p2a: Iron Treads|Earth Power|p1a: Tyranitar
|-supereffective|p1a: Tyranitar
|-damage|p1a: Tyranitar|0 fnt
|faint|p1a: Tyranitar
|
|-weather|Sandstorm|[upkeep]
|upkeep
|
|t:|1781271979
|switch|p1a: Excadrill|Excadrill, M|100/100
|-item|p1a: Excadrill|Air Balloon
|turn|14
|
|t:|1781271983
|move|p1a: Excadrill|Swords Dance|p1a: Excadrill
|-boost|p1a: Excadrill|atk|2
|move|p2a: Iron Treads|Steel Beam|p1a: Excadrill
|-resisted|p1a: Excadrill
|-damage|p1a: Excadrill|74/100
|-enditem|p1a: Excadrill|Air Balloon
|-damage|p2a: Iron Treads|0 fnt|[from] steelbeam
|faint|p2a: Iron Treads
|-end|p2a: Iron Treads|Quark Drive|[silent]
|
|-weather|Sandstorm|[upkeep]
|upkeep
|
|t:|1781271989
|switch|p2a: Barraskewda|Barraskewda, F|84/100
|turn|15
|
|t:|1781271993
|-terastallize|p1a: Excadrill|Ghost
|move|p2a: Barraskewda|Aqua Jet|p1a: Excadrill
|-damage|p1a: Excadrill|28/100
|move|p1a: Excadrill|Earthquake|p2a: Barraskewda
|-damage|p2a: Barraskewda|0 fnt
|faint|p2a: Barraskewda
|
|-weather|Sandstorm|[upkeep]
|upkeep
|
|t:|1781271998
|switch|p2a: Raging Bolt|Raging Bolt|89/100
|turn|16
|
|t:|1781272003
|move|p2a: Raging Bolt|Thunderclap|p1a: Excadrill
|-damage|p1a: Excadrill|0 fnt
|faint|p1a: Excadrill
|
|-weather|Sandstorm|[upkeep]
|-damage|p2a: Raging Bolt|82/100|[from] Sandstorm
|upkeep
|
|t:|1781272008
|switch|p1a: Latios|Latios, M|100/100
|turn|17
|
|t:|1781272009
|move|p1a: Latios|Draco Meteor|p2a: Raging Bolt
|-supereffective|p2a: Raging Bolt
|-damage|p2a: Raging Bolt|0 fnt
|-unboost|p1a: Latios|spa|2
|faint|p2a: Raging Bolt
|-end|p2a: Raging Bolt|Protosynthesis|[silent]
|
|win|kooopooolooo
|raw|kooopooolooo's rating: 1524 &rarr; <strong>1546</strong><br />(+22 for winning)
|raw|mastersannin's rating: 1560 &rarr; <strong>1538</strong><br />(-22 for losing)
|l|☆mastersannin
|player|p2|
|l|☆kooopooolooo
|player|p1|
