|j|☆Rocketlife
|j|☆AkidaCrispy
|t:|1781551792
|gametype|singles
|player|p1|Rocketlife|101|1487
|player|p2|AkidaCrispy|waitress-gen4|1588
|gen|9
|tier|[Gen 9] OU
|rated|
|rule|HP Percentage Mod: HP is shown in percentages
|rule|Endless Battle Clause: Forcing endless battles is banned
|rule|Species Clause: Limit one of each Pokémon
|rule|OHKO Clause: OHKO moves are banned
|rule|Evasion Items Clause: Evasion items are banned
|rule|Evasion Moves Clause: Evasion moves are banned
|rule|Evasion Abilities Clause: Evasion abilities are banned
|rule|Sleep Moves Clause: Sleep-inducing moves are banned
|clearpoke
|poke|p1|Clefable, M|
|poke|p1|Dondozo, F|
|poke|p1|Gallade, M|
|poke|p1|Dragonite, F|
|poke|p1|Ceruledge, M|
|poke|p1|Great Tusk|
|poke|p2|Samurott-Hisui, M|
|poke|p2|Clefable, M|
|poke|p2|Dragonite, M|
|poke|p2|Zamazenta-*|
|poke|p2|Gholdengo|
|poke|p2|Gliscor, F|
|teampreview
|inactive|Battle timer is ON: inactive players will automatically lose when time's up. (requested by Rocketlife)
|
|t:|1781551798
|teamsize|p1|6
|teamsize|p2|6
|start
|switch|p1a: Clefable|Clefable, M, shiny|100/100
|switch|p2a: Clefable|Clefable, M|100/100
|turn|1
|
|t:|1781551802
|move|p1a: Clefable|Knock Off|p2a: Clefable
|-resisted|p2a: Clefable
|-damage|p2a: Clefable|94/100
|-enditem|p2a: Clefable|Rocky Helmet|[from] move: Knock Off|[of] p1a: Clefable
|move|p2a: Clefable|Stealth Rock|p1a: Clefable
|-sidestart|p1: Rocketlife|move: Stealth Rock
|
|upkeep
|turn|2
|
|t:|1781551813
|switch|p2a: Gholdengo|Gholdengo|100/100
|move|p1a: Clefable|Stealth Rock|p2a: Gholdengo
|-sidestart|p2: AkidaCrispy|move: Stealth Rock
|
|upkeep
|turn|3
|
|t:|1781551822
|switch|p1a: Dondozo|Dondozo, F, shiny|100/100
|-damage|p1a: Dondozo|88/100|[from] Stealth Rock
|move|p2a: Gholdengo|Make It Rain|p1a: Dondozo
|-resisted|p1a: Dondozo
|-damage|p1a: Dondozo|56/100
|-unboost|p2a: Gholdengo|spa|1
|
|-heal|p1a: Dondozo|62/100|[from] item: Leftovers
|upkeep
|turn|4
|
|t:|1781551831
|switch|p2a: Clefable|Clefable, M|94/100
|move|p1a: Dondozo|Curse|p1a: Dondozo
|-unboost|p1a: Dondozo|spe|1
|-boost|p1a: Dondozo|atk|1
|-boost|p1a: Dondozo|def|1
|
|-heal|p1a: Dondozo|68/100|[from] item: Leftovers
|upkeep
|turn|5
|
|t:|1781551838
|move|p2a: Clefable|Knock Off|p1a: Dondozo
|-damage|p1a: Dondozo|63/100
|-enditem|p1a: Dondozo|Leftovers|[from] move: Knock Off|[of] p2a: Clefable
|move|p1a: Dondozo|Liquidation|p2a: Clefable
|-damage|p2a: Clefable|59/100
|
|upkeep
|turn|6
|
|t:|1781551844
|switch|p2a: Dragonite|Dragonite, M|100/100
|move|p1a: Dondozo|Liquidation|p2a: Dragonite
|-resisted|p2a: Dragonite
|-damage|p2a: Dragonite|89/100
|
|upkeep
|turn|7
|
|t:|1781551853
|move|p2a: Dragonite|Dragon Dance|p2a: Dragonite
|-boost|p2a: Dragonite|atk|1
|-boost|p2a: Dragonite|spe|1
|move|p1a: Dondozo|Liquidation|p2a: Dragonite
|-resisted|p2a: Dragonite
|-damage|p2a: Dragonite|67/100
|
|upkeep
|turn|8
|
|t:|1781551860
|move|p2a: Dragonite|Earthquake|p1a: Dondozo
|-damage|p1a: Dondozo|52/100
|move|p1a: Dondozo|Liquidation|p2a: Dragonite
|-resisted|p2a: Dragonite
|-damage|p2a: Dragonite|43/100
|-unboost|p2a: Dragonite|def|1
|
|upkeep
|turn|9
|
|t:|1781551871
|switch|p2a: Zamazenta|Zamazenta, shiny|100/100
|-damage|p2a: Zamazenta|94/100|[from] Stealth Rock
|-ability|p2a: Zamazenta|Dauntless Shield|boost
|-boost|p2a: Zamazenta|def|1
|move|p1a: Dondozo|Liquidation|p2a: Zamazenta
|-damage|p2a: Zamazenta|61/100
|
|-heal|p2a: Zamazenta|67/100|[from] item: Leftovers
|upkeep
|turn|10
|
|t:|1781551877
|move|p1a: Dondozo|Rest|p1a: Dondozo
|-status|p1a: Dondozo|slp|[from] move: Rest
|-heal|p1a: Dondozo|100/100 slp|[silent]
|move|p2a: Zamazenta|Roar|p1a: Dondozo
|drag|p1a: Gallade|Gallade, M|100/100
|-damage|p1a: Gallade|94/100|[from] Stealth Rock
|
|-heal|p2a: Zamazenta|73/100|[from] item: Leftovers
|upkeep
|turn|11
|
|t:|1781551893
|switch|p2a: Gholdengo|Gholdengo|100/100
|-damage|p2a: Gholdengo|94/100|[from] Stealth Rock
|move|p1a: Gallade|Leaf Blade|p2a: Gholdengo
|-resisted|p2a: Gholdengo
|-damage|p2a: Gholdengo|60/100
|-damage|p1a: Gallade|85/100|[from] item: Life Orb
|
|upkeep
|turn|12
|
|t:|1781551897
|move|p2a: Gholdengo|Shadow Ball|p1a: Gallade
|-supereffective|p1a: Gallade
|-damage|p1a: Gallade|0 fnt
|faint|p1a: Gallade
|
|upkeep
|
|t:|1781551902
|switch|p1a: Dragonite|Dragonite, F|100/100
|turn|13
|
|t:|1781551914
|switch|p2a: Zamazenta|Zamazenta, shiny|73/100
|-damage|p2a: Zamazenta|67/100|[from] Stealth Rock
|move|p1a: Dragonite|Dragon Dance|p1a: Dragonite
|-boost|p1a: Dragonite|atk|1
|-boost|p1a: Dragonite|spe|1
|
|-heal|p2a: Zamazenta|73/100|[from] item: Leftovers
|upkeep
|turn|14
|
|t:|1781551917
|move|p1a: Dragonite|Earthquake|p2a: Zamazenta
|-damage|p2a: Zamazenta|35/100
|move|p2a: Zamazenta|Roar|p1a: Dragonite
|drag|p1a: Great Tusk|Great Tusk|100/100
|-damage|p1a: Great Tusk|98/100|[from] Stealth Rock
|
|-heal|p2a: Zamazenta|41/100|[from] item: Leftovers
|upkeep
|turn|15
|
|t:|1781551927
|move|p2a: Zamazenta|Iron Defense|p2a: Zamazenta
|-boost|p2a: Zamazenta|def|2
|move|p1a: Great Tusk|Rapid Spin|p2a: Zamazenta
|-damage|p2a: Zamazenta|34/100
|-boost|p1a: Great Tusk|spe|1
|-sideend|p1: Rocketlife|Stealth Rock|[from] move: Rapid Spin|[of] p1a: Great Tusk
|
|-heal|p2a: Zamazenta|40/100|[from] item: Leftovers
|upkeep
|turn|16
|
|t:|1781551934
|-end|p1a: Great Tusk|Protosynthesis|[silent]
|switch|p1a: Clefable|Clefable, M, shiny|100/100
|move|p2a: Zamazenta|Roar|p1a: Clefable
|drag|p1a: Great Tusk|Great Tusk|98/100
|
|-heal|p2a: Zamazenta|47/100|[from] item: Leftovers
|upkeep
|turn|17
|
|t:|1781551940
|move|p1a: Great Tusk|Knock Off|p2a: Zamazenta
|-resisted|p2a: Zamazenta
|-damage|p2a: Zamazenta|40/100
|-enditem|p2a: Zamazenta|Leftovers|[from] move: Knock Off|[of] p1a: Great Tusk
|move|p2a: Zamazenta|Roar|p1a: Great Tusk
|-end|p1a: Great Tusk|Protosynthesis|[silent]
|drag|p1a: Dragonite|Dragonite, F|100/100
|
|upkeep
|turn|18
|
|t:|1781551943
|switch|p1a: Great Tusk|Great Tusk|98/100
|move|p2a: Zamazenta|Body Press|p1a: Great Tusk
|-damage|p1a: Great Tusk|46/100
|-damage|p2a: Zamazenta|24/100|[from] item: Rocky Helmet|[of] p1a: Great Tusk
|
|upkeep
|turn|19
|
|t:|1781551951
|-end|p1a: Great Tusk|Protosynthesis|[silent]
|switch|p1a: Clefable|Clefable, M, shiny|100/100
|move|p2a: Zamazenta|Body Press|p1a: Clefable
|-resisted|p1a: Clefable
|-damage|p1a: Clefable|75/100
|
|-heal|p1a: Clefable|81/100|[from] item: Leftovers
|upkeep
|turn|20
|
|t:|1781551964
|switch|p2a: Clefable|Clefable, M|59/100
|move|p1a: Clefable|Moonblast|p2a: Clefable
|-damage|p2a: Clefable|31/100
|
|-heal|p1a: Clefable|88/100|[from] item: Leftovers
|upkeep
|turn|21
|
|t:|1781551968
|move|p2a: Clefable|Stealth Rock|p1a: Clefable
|-sidestart|p1: Rocketlife|move: Stealth Rock
|move|p1a: Clefable|Moonblast|p2a: Clefable
|-damage|p2a: Clefable|0 fnt
|faint|p2a: Clefable
|
|-heal|p1a: Clefable|94/100|[from] item: Leftovers
|upkeep
|
|t:|1781551971
|switch|p2a: Gholdengo|Gholdengo|60/100
|-damage|p2a: Gholdengo|54/100|[from] Stealth Rock
|turn|22
|
|t:|1781551976
|switch|p1a: Great Tusk|Great Tusk|46/100
|-damage|p1a: Great Tusk|43/100|[from] Stealth Rock
|move|p2a: Gholdengo|Make It Rain|p1a: Great Tusk
|-damage|p1a: Great Tusk|0 fnt
|-unboost|p2a: Gholdengo|spa|1
|faint|p1a: Great Tusk
|-end|p1a: Great Tusk|Protosynthesis|[silent]
|
|upkeep
|
|t:|1781551984
|switch|p1a: Dragonite|Dragonite, F|100/100
|turn|23
|
|t:|1781552004
|switch|p2a: Gliscor|Gliscor, F, shiny|100/100
|-damage|p2a: Gliscor|88/100|[from] Stealth Rock
|move|p1a: Dragonite|Dragon Dance|p1a: Dragonite
|-boost|p1a: Dragonite|atk|1
|-boost|p1a: Dragonite|spe|1
|
|-status|p2a: Gliscor|tox|[from] item: Toxic Orb
|upkeep
|turn|24
|
|t:|1781552007
|move|p1a: Dragonite|Ice Spinner|p2a: Gliscor
|-supereffective|p2a: Gliscor
|-damage|p2a: Gliscor|0 fnt
|faint|p2a: Gliscor
|
|upkeep
|
|t:|1781552012
|switch|p2a: Samurott|Samurott-Hisui, M, shiny|100/100
|-damage|p2a: Samurott|88/100|[from] Stealth Rock
|turn|25
|
|t:|1781552016
|move|p1a: Dragonite|Dragon Dance|p1a: Dragonite
|-boost|p1a: Dragonite|atk|1
|-boost|p1a: Dragonite|spe|1
|move|p2a: Samurott|Ceaseless Edge|p1a: Dragonite
|-damage|p1a: Dragonite|75/100
|-sidestart|p1: Rocketlife|Spikes
|
|upkeep
|turn|26
|
|t:|1781552020
|move|p1a: Dragonite|Earthquake|p2a: Samurott
|-damage|p2a: Samurott|18/100
|move|p2a: Samurott|Knock Off|p1a: Dragonite
|-damage|p1a: Dragonite|23/100
|-enditem|p1a: Dragonite|Heavy-Duty Boots|[from] move: Knock Off|[of] p2a: Samurott
|
|upkeep
|turn|27
|
|t:|1781552026
|move|p2a: Samurott|Sucker Punch||[still]
|-fail|p2a: Samurott
|move|p1a: Dragonite|Roost|p1a: Dragonite
|-heal|p1a: Dragonite|73/100
|-singleturn|p1a: Dragonite|move: Roost
|
|upkeep
|turn|28
|
|t:|1781552029
|move|p2a: Samurott|Sucker Punch|p1a: Dragonite
|-damage|p1a: Dragonite|36/100
|move|p1a: Dragonite|Earthquake|p2a: Samurott
|-damage|p2a: Samurott|0 fnt
|faint|p2a: Samurott
|
|upkeep
|
|t:|1781552034
|switch|p2a: Dragonite|Dragonite, M|43/100
|turn|29
|
|t:|1781552036
|-terastallize|p2a: Dragonite|Normal
|move|p2a: Dragonite|Extreme Speed|p1a: Dragonite
|-damage|p1a: Dragonite|0 fnt
|faint|p1a: Dragonite
|
|upkeep
|
|t:|1781552043
|switch|p1a: Clefable|Clefable, M, shiny|94/100
|turn|30
|
|t:|1781552049
|switch|p2a: Zamazenta|Zamazenta, shiny|24/100
|-damage|p2a: Zamazenta|18/100|[from] Stealth Rock
|move|p1a: Clefable|Moonblast|p2a: Zamazenta
|-supereffective|p2a: Zamazenta
|-damage|p2a: Zamazenta|0 fnt
|faint|p2a: Zamazenta
|
|-heal|p1a: Clefable|99/100|[from] item: Leftovers
|upkeep
|
|t:|1781552052
|switch|p2a: Gholdengo|Gholdengo|54/100
|-damage|p2a: Gholdengo|47/100|[from] Stealth Rock
|turn|31
|
|t:|1781552062
|move|p2a: Gholdengo|Make It Rain|p1a: Clefable
|-supereffective|p1a: Clefable
|-damage|p1a: Clefable|0 fnt
|-unboost|p2a: Gholdengo|spa|1
|faint|p1a: Clefable
|
|upkeep
|
|t:|1781552066
|switch|p1a: Ceruledge|Ceruledge, M|100/100
|turn|32
|
|t:|1781552073
|switch|p2a: Dragonite|Dragonite, M, tera:Normal|43/100
|move|p1a: Ceruledge|Swords Dance|p1a: Ceruledge
|-boost|p1a: Ceruledge|atk|2
|
|upkeep
|turn|33
|
|t:|1781552077
|move|p1a: Ceruledge|Bitter Blade|p2a: Dragonite
|-damage|p2a: Dragonite|0 fnt
|faint|p2a: Dragonite
|
|upkeep
|
|t:|1781552079
|switch|p2a: Gholdengo|Gholdengo|47/100
|-damage|p2a: Gholdengo|41/100|[from] Stealth Rock
|turn|34
|
|t:|1781552083
|-terastallize|p1a: Ceruledge|Fire
|move|p2a: Gholdengo|Shadow Ball|p1a: Ceruledge
|-damage|p1a: Ceruledge|49/100
|move|p1a: Ceruledge|Bitter Blade|p2a: Gholdengo
|-supereffective|p2a: Gholdengo
|-damage|p2a: Gholdengo|0 fnt
|-heal|p1a: Ceruledge|71/100|[from] drain|[of] p2a: Gholdengo
|faint|p2a: Gholdengo
|
|win|Rocketlife
|raw|Rocketlife's rating: 1487 &rarr; <strong>1513</strong><br />(+26 for winning)
|raw|AkidaCrispy's rating: 1588 &rarr; <strong>1562</strong><br />(-26 for losing)
|l|☆AkidaCrispy
|player|p2|
|l|☆Rocketlife
|player|p1|
