|j|☆tuanquewang
|j|☆dia-sre
|t:|1781141190
|gametype|singles
|player|p1|tuanquewang|backersf|1739
|player|p2|dia-sre|169|1694
|gen|9
|tier|[Gen 9] OU
|rated|
|rule|HP Percentage Mod: HP is shown in percentages
|rule|Endless Battle Clause: Forcing endless battles is banned
|rule|Species Clause: Limit one of each Pokémon
|rule|OHKO Clause: OHKO moves are banned
|rule|Evasion Items Clause: Evasion items are banned
|rule|Evasion Moves Clause: Evasion moves are banned
|rule|Evasion Abilities Clause: Evasion abilities are banned
|rule|Sleep Moves Clause: Sleep-inducing moves are banned
|clearpoke
|poke|p1|Slowking-Galar, M|
|poke|p1|Hydrapple, F|
|poke|p1|Cinderace, M|
|poke|p1|Alomomola, F|
|poke|p1|Mamoswine, M|
|poke|p1|Gholdengo|
|poke|p2|Gholdengo|
|poke|p2|Rillaboom, F|
|poke|p2|Iron Valiant|
|poke|p2|Weezing-Galar, F|
|poke|p2|Hatterene, F|
|poke|p2|Mamoswine, M|
|teampreview
|inactive|Battle timer is ON: inactive players will automatically lose when time's up. (requested by tuanquewang)
|
|t:|1781141204
|teamsize|p1|6
|teamsize|p2|6
|start
|switch|p1a: Hydrapple|Hydrapple, F, shiny|100/100
|switch|p2a: Iron Valiant|Iron Valiant|100/100
|turn|1
|
|t:|1781141207
|switch|p1a: Slowking|Slowking-Galar, M|100/100
|move|p2a: Iron Valiant|Moonblast|p1a: Slowking
|-resisted|p1a: Slowking
|-damage|p1a: Slowking|79/100
|
|-heal|p1a: Slowking|85/100|[from] item: Black Sludge
|upkeep
|turn|2
|
|t:|1781141216
|-end|p2a: Iron Valiant|Quark Drive|[silent]
|switch|p2a: Mamoswine|Mamoswine, M|100/100
|move|p1a: Slowking|Toxic|p2a: Mamoswine
|-status|p2a: Mamoswine|tox
|
|-heal|p1a: Slowking|91/100|[from] item: Black Sludge
|-damage|p2a: Mamoswine|94/100 tox|[from] psn
|upkeep
|turn|3
|
|t:|1781141219
|switch|p1a: Alomomola|Alomomola, F|100/100
|move|p2a: Mamoswine|High Horsepower|p1a: Alomomola
|-damage|p1a: Alomomola|69/100
|
|-heal|p1a: Alomomola|75/100|[from] item: Leftovers
|-damage|p2a: Mamoswine|82/100 tox|[from] psn
|upkeep
|turn|4
|
|t:|1781141225
|switch|p2a: Weezing|Weezing-Galar, F|100/100
|move|p1a: Alomomola|Flip Turn|p2a: Weezing
|-damage|p2a: Weezing|89/100
|-enditem|p2a: Weezing|Eject Button
|
|t:|1781141228
|switch|p2a: Gholdengo|Gholdengo|100/100
|
|-heal|p1a: Alomomola|81/100|[from] item: Leftovers
|upkeep
|turn|5
|
|t:|1781141232
|move|p1a: Alomomola|Protect|p1a: Alomomola
|-singleturn|p1a: Alomomola|Protect
|move|p2a: Gholdengo|Nasty Plot|p2a: Gholdengo
|-boost|p2a: Gholdengo|spa|2
|
|-heal|p1a: Alomomola|88/100|[from] item: Leftovers
|upkeep
|turn|6
|
|t:|1781141238
|move|p2a: Gholdengo|Thunderbolt|p1a: Alomomola
|-supereffective|p1a: Alomomola
|-damage|p1a: Alomomola|0 fnt
|faint|p1a: Alomomola
|
|upkeep
|
|t:|1781141240
|switch|p1a: Cinderace|Cinderace, M|100/100
|turn|7
|
|t:|1781141244
|-terastallize|p2a: Gholdengo|Electric
|move|p1a: Cinderace|Pyro Ball|p2a: Gholdengo
|-damage|p2a: Gholdengo|40/100
|move|p2a: Gholdengo|Thunderbolt|p1a: Cinderace
|-damage|p1a: Cinderace|0 fnt
|faint|p1a: Cinderace
|
|-heal|p2a: Gholdengo|46/100|[from] item: Leftovers
|upkeep
|
|t:|1781141247
|switch|p1a: Gholdengo|Gholdengo, shiny|100/100
|turn|8
|
|t:|1781141261
|switch|p2a: Rillaboom|Rillaboom, F|100/100
|-fieldstart|move: Grassy Terrain|[from] ability: Grassy Surge|[of] p2a: Rillaboom
|move|p1a: Gholdengo|Shadow Ball|p2a: Rillaboom
|-damage|p2a: Rillaboom|35/100
|-unboost|p2a: Rillaboom|spd|1
|
|-heal|p2a: Rillaboom|41/100|[from] Grassy Terrain
|upkeep
|turn|9
|
|t:|1781141263
|move|p1a: Gholdengo|Shadow Ball|p2a: Rillaboom
|-damage|p2a: Rillaboom|0 fnt
|faint|p2a: Rillaboom
|
|upkeep
|
|t:|1781141271
|switch|p2a: Mamoswine|Mamoswine, M|82/100 tox
|turn|10
|
|t:|1781141274
|switch|p1a: Mamoswine|Mamoswine, M|100/100
|move|p2a: Mamoswine|High Horsepower|p1a: Mamoswine
|-damage|p1a: Mamoswine|51/100
|
|-heal|p1a: Mamoswine|58/100|[from] Grassy Terrain
|-heal|p2a: Mamoswine|88/100 tox|[from] Grassy Terrain
|-damage|p2a: Mamoswine|82/100 tox|[from] psn
|upkeep
|turn|11
|
|t:|1781141287
|switch|p1a: Hydrapple|Hydrapple, F, shiny|100/100
|switch|p2a: Hatterene|Hatterene, F|100/100
|
|upkeep
|turn|12
|
|t:|1781141291
|move|p2a: Hatterene|Psychic|p1a: Hydrapple
|-damage|p1a: Hydrapple|52/100
|move|p1a: Hydrapple|Leaf Storm|p2a: Hatterene
|-damage|p2a: Hatterene|0 fnt
|-unboost|p1a: Hydrapple|spa|2
|faint|p2a: Hatterene
|
|-heal|p1a: Hydrapple|58/100|[from] Grassy Terrain
|-fieldend|move: Grassy Terrain
|upkeep
|
|t:|1781141303
|switch|p2a: Iron Valiant|Iron Valiant|100/100
|turn|13
|
|t:|1781141309
|switch|p1a: Slowking|Slowking-Galar, M|100/100
|move|p2a: Iron Valiant|Shadow Ball|p1a: Slowking
|-supereffective|p1a: Slowking
|-damage|p1a: Slowking|51/100
|
|-heal|p1a: Slowking|57/100|[from] item: Black Sludge
|upkeep
|turn|14
|
|t:|1781141313
|move|p2a: Iron Valiant|Shadow Ball|p1a: Slowking
|-supereffective|p1a: Slowking
|-damage|p1a: Slowking|12/100
|-unboost|p1a: Slowking|spd|1
|move|p1a: Slowking|Psychic Noise|p2a: Iron Valiant
|-supereffective|p2a: Iron Valiant
|-damage|p2a: Iron Valiant|0 fnt
|faint|p2a: Iron Valiant
|-end|p2a: Iron Valiant|Quark Drive|[silent]
|
|-heal|p1a: Slowking|18/100|[from] item: Black Sludge
|upkeep
|
|t:|1781141317
|switch|p2a: Gholdengo|Gholdengo, tera:Electric|46/100
|turn|15
|
|t:|1781141324
|move|p2a: Gholdengo|Psyshock|p1a: Slowking
|-damage|p1a: Slowking|0 fnt
|faint|p1a: Slowking
|
|-heal|p2a: Gholdengo|52/100|[from] item: Leftovers
|upkeep
|
|t:|1781141331
|switch|p1a: Hydrapple|Hydrapple, F, shiny|91/100
|turn|16
|j| choispecs ironmoth
|
|t:|1781141344
|switch|p2a: Weezing|Weezing-Galar, F|89/100
|move|p1a: Hydrapple|Earth Power|p2a: Weezing
|-immune|p2a: Weezing|[from] ability: Levitate
|
|upkeep
|turn|17
|
|t:|1781141362
|switch|p2a: Mamoswine|Mamoswine, M|82/100 tox
|switch|p1a: Gholdengo|Gholdengo, shiny|100/100
|
|-damage|p2a: Mamoswine|76/100 tox|[from] psn
|upkeep
|turn|18
|
|t:|1781141368
|move|p1a: Gholdengo|Make It Rain|p2a: Mamoswine
|-supereffective|p2a: Mamoswine
|-damage|p2a: Mamoswine|0 fnt
|-unboost|p1a: Gholdengo|spa|1
|faint|p2a: Mamoswine
|
|upkeep
|
|t:|1781141371
|switch|p2a: Gholdengo|Gholdengo, tera:Electric|52/100
|turn|19
|
|t:|1781141379
|move|p1a: Gholdengo|Make It Rain|p2a: Gholdengo
|-resisted|p2a: Gholdengo
|-damage|p2a: Gholdengo|26/100
|-unboost|p1a: Gholdengo|spa|1
|move|p2a: Gholdengo|Nasty Plot|p2a: Gholdengo
|-boost|p2a: Gholdengo|spa|2
|
|-heal|p2a: Gholdengo|32/100|[from] item: Leftovers
|upkeep
|turn|20
|
|t:|1781141386
|switch|p1a: Hydrapple|Hydrapple, F, shiny|100/100
|move|p2a: Gholdengo|Thunderbolt|p1a: Hydrapple
|-resisted|p1a: Hydrapple
|-damage|p1a: Hydrapple|76/100
|
|-heal|p2a: Gholdengo|38/100|[from] item: Leftovers
|upkeep
|turn|21
|
|t:|1781141391
|move|p2a: Gholdengo|Make It Rain|p1a: Hydrapple
|-damage|p1a: Hydrapple|0 fnt
|-unboost|p2a: Gholdengo|spa|1
|faint|p1a: Hydrapple
|
|-heal|p2a: Gholdengo|44/100|[from] item: Leftovers
|upkeep
|
|t:|1781141402
|switch|p1a: Mamoswine|Mamoswine, M|58/100
|turn|22
|
|t:|1781141406
|switch|p2a: Weezing|Weezing-Galar, F|89/100
|move|p1a: Mamoswine|Ice Shard|p2a: Weezing
|-damage|p2a: Weezing|63/100
|
|upkeep
|turn|23
|
|t:|1781141414
|move|p1a: Mamoswine|Ice Shard|p2a: Weezing
|-damage|p2a: Weezing|35/100
|move|p2a: Weezing|Strange Steam|p1a: Mamoswine
|-damage|p1a: Mamoswine|21/100
|
|upkeep
|turn|24
|
|t:|1781141421
|switch|p1a: Gholdengo|Gholdengo, shiny|100/100
|move|p2a: Weezing|Strange Steam|p1a: Gholdengo
|-resisted|p1a: Gholdengo
|-damage|p1a: Gholdengo|85/100
|-start|p1a: Gholdengo|confusion
|
|upkeep
|turn|25
|
|t:|1781141429
|switch|p2a: Gholdengo|Gholdengo, tera:Electric|44/100
|-activate|p1a: Gholdengo|confusion
|move|p1a: Gholdengo|Shadow Ball|p2a: Gholdengo
|-damage|p2a: Gholdengo|0 fnt
|faint|p2a: Gholdengo
|
|upkeep
|-message|dia-sre forfeited.
|
|win|tuanquewang
|raw|tuanquewang's rating: 1739 &rarr; <strong>1758</strong><br />(+19 for winning)
|raw|dia-sre's rating: 1713 &rarr; <strong>1694</strong><br />(-19 for losing)
|l|☆dia-sre
|player|p2|
|l|☆tuanquewang
|player|p1|
|l| choispecs ironmoth
