|j|☆U_Quokka
|j|☆snurke
|t:|1780954597
|gametype|singles
|player|p1|U_Quokka|iono|1611
|player|p2|snurke|sisandbro|1570
|gen|9
|tier|[Gen 9] OU
|rated|
|rule|HP Percentage Mod: HP is shown in percentages
|rule|Endless Battle Clause: Forcing endless battles is banned
|rule|Species Clause: Limit one of each Pokémon
|rule|OHKO Clause: OHKO moves are banned
|rule|Evasion Items Clause: Evasion items are banned
|rule|Evasion Moves Clause: Evasion moves are banned
|rule|Evasion Abilities Clause: Evasion abilities are banned
|rule|Sleep Moves Clause: Sleep-inducing moves are banned
|clearpoke
|poke|p1|Pecharunt|
|poke|p1|Ting-Lu|
|poke|p1|Zamazenta-*|
|poke|p1|Darkrai|
|poke|p1|Gholdengo|
|poke|p1|Gliscor, F|
|poke|p2|Cinderace, M|
|poke|p2|Torkoal, M|
|poke|p2|Walking Wake|
|poke|p2|Enamorus, F|
|poke|p2|Raging Bolt|
|poke|p2|Great Tusk|
|teampreview
|
|t:|1780954644
|teamsize|p1|6
|teamsize|p2|6
|start
|switch|p1a: Gliscor|Gliscor, F|100/100
|switch|p2a: Walking Wake|Walking Wake|100/100
|turn|1
|
|t:|1780954650
|move|p1a: Gliscor|Protect|p1a: Gliscor
|-singleturn|p1a: Gliscor|Protect
|move|p2a: Walking Wake|Hydro Steam|p1a: Gliscor
|-activate|p1a: Gliscor|move: Protect
|
|-status|p1a: Gliscor|tox|[from] item: Toxic Orb
|upkeep
|turn|2
|inactive|Battle timer is ON: inactive players will automatically lose when time's up. (requested by snurke)
|
|t:|1780954662
|-terastallize|p1a: Gliscor|Water
|move|p2a: Walking Wake|Hydro Steam|p1a: Gliscor
|-resisted|p1a: Gliscor
|-damage|p1a: Gliscor|75/100 tox
|move|p1a: Gliscor|Spikes|p2a: Walking Wake
|-sidestart|p2: snurke|Spikes
|
|-heal|p1a: Gliscor|88/100 tox|[from] ability: Poison Heal
|upkeep
|turn|3
|
|t:|1780954670
|-end|p2a: Walking Wake|Protosynthesis|[silent]
|switch|p2a: Torkoal|Torkoal, M, shiny|100/100
|-damage|p2a: Torkoal|88/100|[from] Spikes
|-weather|SunnyDay|[from] ability: Drought|[of] p2a: Torkoal
|move|p1a: Gliscor|Knock Off|p2a: Torkoal
|-damage|p2a: Torkoal|73/100
|-enditem|p2a: Torkoal|Heat Rock|[from] move: Knock Off|[of] p1a: Gliscor
|
|-weather|SunnyDay|[upkeep]
|-heal|p1a: Gliscor|99/100 tox|[from] ability: Poison Heal
|upkeep
|turn|4
|
|t:|1780954677
|move|p1a: Gliscor|Spikes|p2a: Torkoal
|-sidestart|p2: snurke|Spikes
|move|p2a: Torkoal|Stealth Rock|p1a: Gliscor
|-sidestart|p1: U_Quokka|move: Stealth Rock
|
|-weather|SunnyDay|[upkeep]
|-heal|p1a: Gliscor|100/100 tox|[from] ability: Poison Heal
|upkeep
|turn|5
|
|t:|1780954680
|move|p1a: Gliscor|Spikes|p2a: Torkoal
|-sidestart|p2: snurke|Spikes
|move|p2a: Torkoal|Rapid Spin|p1a: Gliscor
|-damage|p1a: Gliscor|93/100 tox
|-boost|p2a: Torkoal|spe|1
|-sideend|p2: snurke|Spikes|[from] move: Rapid Spin|[of] p2a: Torkoal
|
|-weather|SunnyDay|[upkeep]
|-heal|p1a: Gliscor|100/100 tox|[from] ability: Poison Heal
|upkeep
|turn|6
|
|t:|1780954683
|switch|p2a: Raging Bolt|Raging Bolt|100/100
|-activate|p2a: Raging Bolt|ability: Protosynthesis
|-start|p2a: Raging Bolt|protosynthesisspa
|move|p1a: Gliscor|Toxic|p2a: Raging Bolt|[miss]
|-miss|p1a: Gliscor|p2a: Raging Bolt
|
|-weather|SunnyDay|[upkeep]
|upkeep
|turn|7
|
|t:|1780954692
|switch|p1a: Ting-Lu|Ting-Lu, shiny|100/100
|-damage|p1a: Ting-Lu|94/100|[from] Stealth Rock
|-ability|p1a: Ting-Lu|Vessel of Ruin
|move|p2a: Raging Bolt|Thunderbolt|p1a: Ting-Lu
|-immune|p1a: Ting-Lu
|
|-weather|SunnyDay|[upkeep]
|-heal|p1a: Ting-Lu|100/100|[from] item: Leftovers
|upkeep
|turn|8
|
|t:|1780954703
|-end|p2a: Raging Bolt|Protosynthesis|[silent]
|switch|p2a: Cinderace|Cinderace, M, shiny|100/100
|move|p1a: Ting-Lu|Earthquake|p2a: Cinderace
|-supereffective|p2a: Cinderace
|-damage|p2a: Cinderace|0 fnt
|faint|p2a: Cinderace
|
|-weather|SunnyDay|[upkeep]
|upkeep
|
|t:|1780954715
|switch|p2a: Walking Wake|Walking Wake|100/100
|-activate|p2a: Walking Wake|ability: Protosynthesis
|-start|p2a: Walking Wake|protosynthesisspe
|turn|9
|
|t:|1780954723
|-terastallize|p2a: Walking Wake|Water
|move|p2a: Walking Wake|Hydro Steam|p1a: Ting-Lu
|-supereffective|p1a: Ting-Lu
|-damage|p1a: Ting-Lu|0 fnt
|faint|p1a: Ting-Lu
|
|-weather|SunnyDay|[upkeep]
|upkeep
|
|t:|1780954728
|switch|p1a: Gliscor|Gliscor, F, tera:Water|100/100 tox
|-damage|p1a: Gliscor|88/100 tox|[from] Stealth Rock
|turn|10
|
|t:|1780954733
|move|p2a: Walking Wake|Hydro Steam|p1a: Gliscor
|-resisted|p1a: Gliscor
|-damage|p1a: Gliscor|37/100 tox
|move|p1a: Gliscor|Toxic|p2a: Walking Wake
|-status|p2a: Walking Wake|tox
|
|-weather|none
|-end|p2a: Walking Wake|Protosynthesis
|-damage|p2a: Walking Wake|94/100 tox|[from] psn
|-heal|p1a: Gliscor|49/100 tox|[from] ability: Poison Heal
|upkeep
|turn|11
|
|t:|1780954738
|-end|p2a: Walking Wake|Protosynthesis|[silent]
|switch|p2a: Torkoal|Torkoal, M, shiny|73/100
|-weather|SunnyDay|[from] ability: Drought|[of] p2a: Torkoal
|move|p1a: Gliscor|Spikes|p2a: Torkoal
|-sidestart|p2: snurke|Spikes
|
|-weather|SunnyDay|[upkeep]
|-heal|p1a: Gliscor|62/100 tox|[from] ability: Poison Heal
|upkeep
|turn|12
|
|t:|1780954748
|move|p1a: Gliscor|Toxic|p2a: Torkoal
|-status|p2a: Torkoal|tox
|move|p2a: Torkoal|Solar Beam||[still]
|-prepare|p2a: Torkoal|Solar Beam
|-anim|p2a: Torkoal|Solar Beam|p1a: Gliscor
|-supereffective|p1a: Gliscor
|-damage|p1a: Gliscor|0 fnt
|faint|p1a: Gliscor
|
|-weather|SunnyDay|[upkeep]
|-damage|p2a: Torkoal|66/100 tox|[from] psn
|upkeep
|
|t:|1780954763
|switch|p1a: Darkrai|Darkrai|100/100
|turn|13
|
|t:|1780954767
|switch|p2a: Raging Bolt|Raging Bolt|100/100
|-damage|p2a: Raging Bolt|88/100|[from] Spikes
|-activate|p2a: Raging Bolt|ability: Protosynthesis
|-start|p2a: Raging Bolt|protosynthesisspa
|move|p1a: Darkrai|Dark Pulse|p2a: Raging Bolt
|-damage|p2a: Raging Bolt|64/100
|
|-weather|SunnyDay|[upkeep]
|upkeep
|turn|14
|
|t:|1780954778
|move|p1a: Darkrai|Ice Beam|p2a: Raging Bolt
|-supereffective|p2a: Raging Bolt
|-damage|p2a: Raging Bolt|26/100
|move|p2a: Raging Bolt|Thunderbolt|p1a: Darkrai
|-damage|p1a: Darkrai|10/100
|
|-weather|SunnyDay|[upkeep]
|upkeep
|turn|15
|
|t:|1780954784
|move|p2a: Raging Bolt|Thunderclap|p1a: Darkrai
|-damage|p1a: Darkrai|0 fnt
|faint|p1a: Darkrai
|
|-weather|none
|-end|p2a: Raging Bolt|Protosynthesis
|upkeep
|
|t:|1780954789
|switch|p1a: Gholdengo|Gholdengo|100/100
|-damage|p1a: Gholdengo|94/100|[from] Stealth Rock
|turn|16
|
|t:|1780954795
|move|p1a: Gholdengo|Shadow Ball|p2a: Raging Bolt
|-damage|p2a: Raging Bolt|1/100
|move|p2a: Raging Bolt|Volt Switch|p1a: Gholdengo
|-damage|p1a: Gholdengo|44/100
|
|t:|1780954808
|-end|p2a: Raging Bolt|Protosynthesis|[silent]
|switch|p2a: Torkoal|Torkoal, M, shiny|66/100 tox|[from] Volt Switch
|-damage|p2a: Torkoal|54/100 tox|[from] Spikes
|-weather|SunnyDay|[from] ability: Drought|[of] p2a: Torkoal
|
|-weather|SunnyDay|[upkeep]
|-damage|p2a: Torkoal|48/100 tox|[from] psn
|upkeep
|turn|17
|
|t:|1780954825
|switch|p2a: Raging Bolt|Raging Bolt|1/100
|-damage|p2a: Raging Bolt|0 fnt|[from] Spikes
|faint|p2a: Raging Bolt
|-end|p2a: Raging Bolt|Protosynthesis|[silent]
|move|p1a: Gholdengo|Shadow Ball|p2: Raging Bolt|[notarget]
|-fail|p1a: Gholdengo
|
|-weather|SunnyDay|[upkeep]
|upkeep
|
|t:|1780954837
|switch|p2a: Walking Wake|Walking Wake, tera:Water|94/100 tox
|-damage|p2a: Walking Wake|82/100 tox|[from] Spikes
|-activate|p2a: Walking Wake|ability: Protosynthesis
|-start|p2a: Walking Wake|protosynthesisspe
|turn|18
|
|t:|1780954842
|move|p2a: Walking Wake|Hydro Steam|p1a: Gholdengo
|-damage|p1a: Gholdengo|0 fnt
|faint|p1a: Gholdengo
|
|-weather|SunnyDay|[upkeep]
|-damage|p2a: Walking Wake|76/100 tox|[from] psn
|upkeep
|
|t:|1780954845
|switch|p1a: Zamazenta|Zamazenta, shiny|100/100
|-damage|p1a: Zamazenta|94/100|[from] Stealth Rock
|-ability|p1a: Zamazenta|Dauntless Shield|boost
|-boost|p1a: Zamazenta|def|1
|turn|19
|
|t:|1780954852
|move|p2a: Walking Wake|Hydro Steam|p1a: Zamazenta
|-damage|p1a: Zamazenta|0 fnt
|faint|p1a: Zamazenta
|
|-weather|SunnyDay|[upkeep]
|-damage|p2a: Walking Wake|64/100 tox|[from] psn
|upkeep
|
|t:|1780954859
|switch|p1a: Pecharunt|Pecharunt|100/100
|turn|20
|-message|U_Quokka forfeited.
|
|win|snurke
|raw|U_Quokka's rating: 1611 &rarr; <strong>1589</strong><br />(-22 for losing)
|raw|snurke's rating: 1570 &rarr; <strong>1592</strong><br />(+22 for winning)
|l|☆U_Quokka
|player|p1|
