|j|☆KurisuChestnutLab
|j|☆firewall1234
|t:|1781176145
|gametype|singles
|player|p1|KurisuChestnutLab|may-contest|1585
|player|p2|firewall1234|hugh|1594
|gen|9
|tier|[Gen 9] OU
|rated|
|rule|HP Percentage Mod: HP is shown in percentages
|rule|Endless Battle Clause: Forcing endless battles is banned
|rule|Species Clause: Limit one of each Pokémon
|rule|OHKO Clause: OHKO moves are banned
|rule|Evasion Items Clause: Evasion items are banned
|rule|Evasion Moves Clause: Evasion moves are banned
|rule|Evasion Abilities Clause: Evasion abilities are banned
|rule|Sleep Moves Clause: Sleep-inducing moves are banned
|clearpoke
|poke|p1|Primarina, F|
|poke|p1|Hippowdon, F|
|poke|p1|Skarmory, M|
|poke|p1|Zapdos|
|poke|p1|Dragonite, M|
|poke|p1|Slowking, F|
|poke|p2|Hoopa-Unbound|
|poke|p2|Pecharunt|
|poke|p2|Landorus-Therian, M|
|poke|p2|Cinderace, M|
|poke|p2|Alomomola, M|
|poke|p2|Iron Valiant|
|teampreview
|inactive|Battle timer is ON: inactive players will automatically lose when time's up. (requested by KurisuChestnutLab)
|
|t:|1781176163
|teamsize|p1|6
|teamsize|p2|6
|start
|switch|p1a: Hippowdon|Hippowdon, F|100/100
|switch|p2a: Hoopa|Hoopa-Unbound|100/100
|-weather|Sandstorm|[from] ability: Sand Stream|[of] p1a: Hippowdon
|turn|1
|
|t:|1781176169
|move|p2a: Hoopa|Knock Off|p1a: Hippowdon
|-damage|p1a: Hippowdon|47/100
|-enditem|p1a: Hippowdon|Leftovers|[from] move: Knock Off|[of] p2a: Hoopa
|move|p1a: Hippowdon|Stealth Rock|p2a: Hoopa
|-sidestart|p2: firewall1234|move: Stealth Rock
|
|-weather|Sandstorm|[upkeep]
|-damage|p2a: Hoopa|94/100|[from] Sandstorm
|upkeep
|turn|2
|
|t:|1781176175
|switch|p2a: Landorus|Landorus-Therian, M, shiny|100/100
|-damage|p2a: Landorus|88/100|[from] Stealth Rock
|-ability|p2a: Landorus|Intimidate|boost
|-unboost|p1a: Hippowdon|atk|1
|move|p1a: Hippowdon|Slack Off|p1a: Hippowdon
|-heal|p1a: Hippowdon|97/100
|
|-weather|Sandstorm|[upkeep]
|upkeep
|turn|3
|
|t:|1781176183
|switch|p1a: Primarina|Primarina, F|100/100
|move|p2a: Landorus|U-turn|p1a: Primarina
|-resisted|p1a: Primarina
|-damage|p1a: Primarina|86/100
|
|t:|1781176187
|switch|p2a: Alomomola|Alomomola, M, shiny|100/100|[from] U-turn
|-damage|p2a: Alomomola|88/100|[from] Stealth Rock
|
|-weather|Sandstorm|[upkeep]
|-damage|p1a: Primarina|80/100|[from] Sandstorm
|-damage|p2a: Alomomola|82/100|[from] Sandstorm
|upkeep
|turn|4
|
|t:|1781176193
|move|p1a: Primarina|Moonblast|p2a: Alomomola
|-damage|p2a: Alomomola|53/100
|move|p2a: Alomomola|Flip Turn|p1a: Primarina
|-resisted|p1a: Primarina
|-damage|p1a: Primarina|70/100
|
|t:|1781176201
|switch|p2a: Hoopa|Hoopa-Unbound|94/100|[from] Flip Turn
|-damage|p2a: Hoopa|82/100|[from] Stealth Rock
|
|-weather|Sandstorm|[upkeep]
|-damage|p2a: Hoopa|76/100|[from] Sandstorm
|-damage|p1a: Primarina|64/100|[from] Sandstorm
|upkeep
|turn|5
|
|t:|1781176205
|move|p2a: Hoopa|Zen Headbutt|p1a: Primarina
|-damage|p1a: Primarina|0 fnt
|faint|p1a: Primarina
|
|-weather|none
|upkeep
|
|t:|1781176210
|switch|p1a: Dragonite|Dragonite, M|100/100
|turn|6
|
|t:|1781176216
|switch|p2a: Pecharunt|Pecharunt|100/100
|move|p1a: Dragonite|Dragon Dance|p1a: Dragonite
|-boost|p1a: Dragonite|atk|1
|-boost|p1a: Dragonite|spe|1
|
|upkeep
|turn|7
|
|t:|1781176224
|-terastallize|p2a: Pecharunt|Ghost
|move|p1a: Dragonite|Dragon Dance|p1a: Dragonite
|-boost|p1a: Dragonite|atk|1
|-boost|p1a: Dragonite|spe|1
|move|p2a: Pecharunt|Malignant Chain|p1a: Dragonite
|-damage|p1a: Dragonite|85/100
|
|upkeep
|turn|8
|
|t:|1781176228
|move|p1a: Dragonite|Earthquake|p2a: Pecharunt
|-damage|p2a: Pecharunt|63/100
|move|p2a: Pecharunt|Malignant Chain|p1a: Dragonite
|-damage|p1a: Dragonite|51/100
|-status|p1a: Dragonite|tox
|-start|p1a: Dragonite|confusion|[from] ability: Poison Puppeteer|[of] p2a: Pecharunt
|
|-damage|p1a: Dragonite|45/100 tox|[from] psn
|upkeep
|turn|9
|
|t:|1781176234
|switch|p1a: Skarmory|Skarmory, M|100/100
|move|p2a: Pecharunt|Recover|p2a: Pecharunt
|-heal|p2a: Pecharunt|100/100
|
|upkeep
|turn|10
|
|t:|1781176239
|move|p2a: Pecharunt|Shadow Ball|p1a: Skarmory
|-damage|p1a: Skarmory|56/100
|move|p1a: Skarmory|Spikes|p2a: Pecharunt
|-sidestart|p2: firewall1234|Spikes
|
|-heal|p1a: Skarmory|62/100|[from] item: Leftovers
|upkeep
|turn|11
|
|t:|1781176243
|switch|p1a: Hippowdon|Hippowdon, F|97/100
|-weather|Sandstorm|[from] ability: Sand Stream|[of] p1a: Hippowdon
|move|p2a: Pecharunt|Parting Shot|p1a: Hippowdon
|-unboost|p1a: Hippowdon|atk|1
|-unboost|p1a: Hippowdon|spa|1
|
|t:|1781176246
|switch|p2a: Cinderace|Cinderace, M, shiny|100/100|[from] Parting Shot
|
|-weather|Sandstorm|[upkeep]
|-damage|p2a: Cinderace|95/100|[from] Sandstorm
|upkeep
|turn|12
|
|t:|1781176250
|move|p2a: Cinderace|Court Change|p2a: Cinderace
|-start|p2a: Cinderace|typechange|Normal|[from] ability: Libero
|-swapsideconditions
|-activate|p2a: Cinderace|move: Court Change
|move|p1a: Hippowdon|Earthquake|p2a: Cinderace
|-damage|p2a: Cinderace|59/100
|
|-weather|Sandstorm|[upkeep]
|-damage|p2a: Cinderace|53/100|[from] Sandstorm
|upkeep
|turn|13
|
|t:|1781176257
|move|p2a: Cinderace|U-turn|p1a: Hippowdon
|-damage|p1a: Hippowdon|85/100
|
|t:|1781176263
|switch|p2a: Iron Valiant|Iron Valiant, shiny|100/100|[from] U-turn
|move|p1a: Hippowdon|Stealth Rock|p2a: Iron Valiant
|-sidestart|p2: firewall1234|move: Stealth Rock
|
|-weather|Sandstorm|[upkeep]
|-damage|p2a: Iron Valiant|94/100|[from] Sandstorm
|upkeep
|turn|14
|
|t:|1781176269
|switch|p1a: Dragonite|Dragonite, M|45/100 tox
|move|p2a: Iron Valiant|Moonblast|p1a: Dragonite
|-supereffective|p1a: Dragonite
|-damage|p1a: Dragonite|0 fnt
|faint|p1a: Dragonite
|
|-weather|Sandstorm|[upkeep]
|-damage|p2a: Iron Valiant|88/100|[from] Sandstorm
|upkeep
|
|t:|1781176274
|switch|p1a: Slowking|Slowking, F|100/100
|turn|15
|
|t:|1781176280
|-end|p2a: Iron Valiant|Quark Drive|[silent]
|switch|p2a: Hoopa|Hoopa-Unbound|76/100
|-damage|p2a: Hoopa|64/100|[from] Stealth Rock
|move|p1a: Slowking|Scald|p2a: Hoopa
|-damage|p2a: Hoopa|37/100
|
|-weather|none
|upkeep
|turn|16
|
|t:|1781176296
|-terastallize|p1a: Slowking|Fairy
|move|p2a: Hoopa|Hyperspace Fury|p1a: Slowking
|-resisted|p1a: Slowking
|-damage|p1a: Slowking|52/100
|-unboost|p2a: Hoopa|def|1
|move|p1a: Slowking|Slack Off|p1a: Slowking
|-heal|p1a: Slowking|100/100
|
|upkeep
|turn|17
|
|t:|1781176309
|switch|p2a: Pecharunt|Pecharunt, tera:Ghost|100/100
|move|p1a: Slowking|Scald|p2a: Pecharunt
|-crit|p2a: Pecharunt
|-damage|p2a: Pecharunt|58/100
|
|upkeep
|turn|18
|
|t:|1781176315
|move|p2a: Pecharunt|Malignant Chain|p1a: Slowking
|-supereffective|p1a: Slowking
|-damage|p1a: Slowking|65/100
|move|p1a: Slowking|Scald|p2a: Pecharunt
|-damage|p2a: Pecharunt|30/100
|
|upkeep
|turn|19
|
|t:|1781176320
|move|p2a: Pecharunt|Recover|p2a: Pecharunt
|-heal|p2a: Pecharunt|80/100
|-prepare|p1a: Slowking|Chilly Reception|[premajor]
|move|p1a: Slowking|Chilly Reception|p1a: Slowking
|-weather|Snowscape
|
|t:|1781176324
|switch|p1a: Skarmory|Skarmory, M|62/100|[from] Chilly Reception
|-damage|p1a: Skarmory|50/100|[from] Stealth Rock
|
|-weather|Snowscape|[upkeep]
|-heal|p1a: Skarmory|56/100|[from] item: Leftovers
|upkeep
|turn|20
|
|t:|1781176328
|switch|p2a: Cinderace|Cinderace, M, shiny|53/100
|move|p1a: Skarmory|Roost|p1a: Skarmory
|-heal|p1a: Skarmory|100/100
|-singleturn|p1a: Skarmory|move: Roost
|
|-weather|Snowscape|[upkeep]
|upkeep
|turn|21
|
|t:|1781176332
|switch|p1a: Zapdos|Zapdos|100/100
|move|p2a: Cinderace|Pyro Ball|p1a: Zapdos
|-damage|p1a: Zapdos|62/100
|
|-weather|Snowscape|[upkeep]
|upkeep
|turn|22
|
|t:|1781176339
|switch|p2a: Landorus|Landorus-Therian, M, shiny|88/100
|-damage|p2a: Landorus|76/100|[from] Stealth Rock
|-ability|p2a: Landorus|Intimidate|boost
|-unboost|p1a: Zapdos|atk|1
|move|p1a: Zapdos|Roost|p1a: Zapdos
|-heal|p1a: Zapdos|100/100
|-singleturn|p1a: Zapdos|move: Roost
|
|-weather|Snowscape|[upkeep]
|upkeep
|turn|23
|
|t:|1781176345
|move|p2a: Landorus|U-turn|p1a: Zapdos
|-resisted|p1a: Zapdos
|-damage|p1a: Zapdos|90/100
|
|t:|1781176349
|switch|p2a: Alomomola|Alomomola, M, shiny|86/100|[from] U-turn
|-damage|p2a: Alomomola|73/100|[from] Stealth Rock
|move|p1a: Zapdos|Hurricane|p2a: Alomomola
|-damage|p2a: Alomomola|49/100
|
|-weather|none
|upkeep
|turn|24
|
|t:|1781176354
|move|p1a: Zapdos|Volt Switch|p2a: Alomomola
|-supereffective|p2a: Alomomola
|-damage|p2a: Alomomola|17/100
|
|t:|1781176358
|switch|p1a: Skarmory|Skarmory, M|100/100|[from] Volt Switch
|-damage|p1a: Skarmory|88/100|[from] Stealth Rock
|move|p2a: Alomomola|Mirror Coat|p1a: Skarmory
|-damage|p1a: Skarmory|0 fnt
|faint|p1a: Skarmory
|
|upkeep
|
|t:|1781176364
|switch|p1a: Zapdos|Zapdos|90/100
|turn|25
|
|t:|1781176370
|switch|p2a: Landorus|Landorus-Therian, M, shiny|76/100
|-damage|p2a: Landorus|64/100|[from] Stealth Rock
|-ability|p2a: Landorus|Intimidate|boost
|-unboost|p1a: Zapdos|atk|1
|move|p1a: Zapdos|Hurricane|p2a: Landorus
|-damage|p2a: Landorus|0 fnt
|faint|p2a: Landorus
|
|upkeep
|
|t:|1781176385
|switch|p2a: Alomomola|Alomomola, M, shiny|50/100
|-damage|p2a: Alomomola|37/100|[from] Stealth Rock
|turn|26
|
|t:|1781176390
|switch|p2a: Cinderace|Cinderace, M, shiny|53/100
|move|p1a: Zapdos|Hurricane|p2a: Cinderace
|-damage|p2a: Cinderace|0 fnt
|faint|p2a: Cinderace
|
|upkeep
|
|t:|1781176394
|switch|p2a: Alomomola|Alomomola, M, shiny|71/100
|-damage|p2a: Alomomola|58/100|[from] Stealth Rock
|turn|27
|
|t:|1781176398
|move|p1a: Zapdos|Hurricane|p2a: Alomomola
|-damage|p2a: Alomomola|32/100
|-start|p2a: Alomomola|confusion
|-activate|p2a: Alomomola|confusion
|move|p2a: Alomomola|Mirror Coat|p1a: Zapdos
|-damage|p1a: Zapdos|18/100
|
|upkeep
|turn|28
|
|t:|1781176405
|move|p1a: Zapdos|Hurricane|p2a: Alomomola
|-damage|p2a: Alomomola|8/100
|-end|p2a: Alomomola|confusion
|move|p2a: Alomomola|Flip Turn|p1a: Zapdos
|-crit|p1a: Zapdos
|-damage|p1a: Zapdos|0 fnt
|faint|p1a: Zapdos
|
|t:|1781176411
|switch|p2a: Hoopa|Hoopa-Unbound|37/100|[from] Flip Turn
|-damage|p2a: Hoopa|25/100|[from] Stealth Rock
|
|upkeep
|
|t:|1781176419
|switch|p1a: Hippowdon|Hippowdon, F|85/100
|-damage|p1a: Hippowdon|78/100|[from] Stealth Rock
|-damage|p1a: Hippowdon|66/100|[from] Spikes
|-weather|Sandstorm|[from] ability: Sand Stream|[of] p1a: Hippowdon
|turn|29
|
|t:|1781176425
|move|p2a: Hoopa|Hyperspace Fury|p1a: Hippowdon
|-damage|p1a: Hippowdon|15/100
|-unboost|p2a: Hoopa|def|1
|move|p1a: Hippowdon|Slack Off|p1a: Hippowdon
|-heal|p1a: Hippowdon|65/100
|
|-weather|Sandstorm|[upkeep]
|-damage|p2a: Hoopa|19/100|[from] Sandstorm
|upkeep
|turn|30
|
|t:|1781176432
|move|p2a: Hoopa|Hyperspace Fury|p1a: Hippowdon
|-damage|p1a: Hippowdon|15/100
|-unboost|p2a: Hoopa|def|1
|move|p1a: Hippowdon|Slack Off|p1a: Hippowdon
|-heal|p1a: Hippowdon|65/100
|
|-weather|Sandstorm|[upkeep]
|-damage|p2a: Hoopa|12/100|[from] Sandstorm
|upkeep
|turn|31
|
|t:|1781176439
|move|p2a: Hoopa|Hyperspace Fury|p1a: Hippowdon
|-damage|p1a: Hippowdon|11/100
|-unboost|p2a: Hoopa|def|1
|move|p1a: Hippowdon|Slack Off|p1a: Hippowdon
|-heal|p1a: Hippowdon|61/100
|
|-weather|Sandstorm|[upkeep]
|-damage|p2a: Hoopa|6/100|[from] Sandstorm
|upkeep
|turn|32
|
|t:|1781176444
|move|p2a: Hoopa|Hyperspace Fury|p1a: Hippowdon
|-crit|p1a: Hippowdon
|-damage|p1a: Hippowdon|0 fnt
|-unboost|p2a: Hoopa|def|1
|faint|p1a: Hippowdon
|
|-weather|Sandstorm|[upkeep]
|-damage|p2a: Hoopa|0 fnt|[from] Sandstorm
|faint|p2a: Hoopa
|upkeep
|
|t:|1781176451
|switch|p2a: Pecharunt|Pecharunt, tera:Ghost|80/100
|switch|p1a: Slowking|Slowking, F, tera:Fairy|98/100
|turn|33
|
|t:|1781176456
|move|p2a: Pecharunt|Malignant Chain|p1a: Slowking
|-supereffective|p1a: Slowking
|-damage|p1a: Slowking|64/100
|move|p1a: Slowking|Slack Off|p1a: Slowking
|-heal|p1a: Slowking|100/100
|
|-weather|none
|upkeep
|turn|34
|
|t:|1781176461
|move|p2a: Pecharunt|Malignant Chain|p1a: Slowking
|-supereffective|p1a: Slowking
|-damage|p1a: Slowking|63/100
|move|p1a: Slowking|Slack Off|p1a: Slowking
|-heal|p1a: Slowking|100/100
|
|upkeep
|turn|35
|
|t:|1781176468
|move|p2a: Pecharunt|Malignant Chain|p1a: Slowking
|-supereffective|p1a: Slowking
|-damage|p1a: Slowking|63/100
|move|p1a: Slowking|Slack Off|p1a: Slowking
|-heal|p1a: Slowking|100/100
|
|upkeep
|turn|36
|
|t:|1781176472
|move|p2a: Pecharunt|Malignant Chain|p1a: Slowking
|-supereffective|p1a: Slowking
|-damage|p1a: Slowking|65/100
|move|p1a: Slowking|Scald|p2a: Pecharunt
|-damage|p2a: Pecharunt|52/100
|
|upkeep
|turn|37
|
|t:|1781176478
|move|p2a: Pecharunt|Malignant Chain|p1a: Slowking
|-supereffective|p1a: Slowking
|-damage|p1a: Slowking|27/100
|-status|p1a: Slowking|tox
|-start|p1a: Slowking|confusion|[from] ability: Poison Puppeteer|[of] p2a: Pecharunt
|-activate|p1a: Slowking|confusion
|move|p1a: Slowking|Scald|p2a: Pecharunt
|-damage|p2a: Pecharunt|24/100
|-status|p2a: Pecharunt|brn
|
|-damage|p1a: Slowking|21/100 tox|[from] psn
|-damage|p2a: Pecharunt|18/100 brn|[from] brn
|upkeep
|turn|38
|
|t:|1781176482
|move|p2a: Pecharunt|Recover|p2a: Pecharunt
|-heal|p2a: Pecharunt|68/100 brn
|-end|p1a: Slowking|confusion
|move|p1a: Slowking|Slack Off|p1a: Slowking
|-heal|p1a: Slowking|71/100 tox
|
|-damage|p1a: Slowking|59/100 tox|[from] psn
|-damage|p2a: Pecharunt|62/100 brn|[from] brn
|upkeep
|turn|39
|
|t:|1781176486
|move|p2a: Pecharunt|Recover|p2a: Pecharunt
|-heal|p2a: Pecharunt|100/100 brn
|move|p1a: Slowking|Scald|p2a: Pecharunt
|-damage|p2a: Pecharunt|72/100 brn
|
|-damage|p1a: Slowking|40/100 tox|[from] psn
|-damage|p2a: Pecharunt|66/100 brn|[from] brn
|upkeep
|turn|40
|
|t:|1781176489
|move|p2a: Pecharunt|Parting Shot|p1a: Slowking
|-unboost|p1a: Slowking|atk|1
|-unboost|p1a: Slowking|spa|1
|
|t:|1781176491
|switch|p2a: Alomomola|Alomomola, M, shiny|41/100|[from] Parting Shot
|-damage|p2a: Alomomola|28/100|[from] Stealth Rock
|move|p1a: Slowking|Slack Off|p1a: Slowking
|-heal|p1a: Slowking|90/100 tox
|
|-damage|p1a: Slowking|66/100 tox|[from] psn
|upkeep
|turn|41
|
|t:|1781176499
|move|p2a: Alomomola|Flip Turn|p1a: Slowking
|-damage|p1a: Slowking|50/100 tox
|
|t:|1781176501
|switch|p2a: Pecharunt|Pecharunt, tera:Ghost|66/100 brn|[from] Flip Turn
|move|p1a: Slowking|Slack Off|p1a: Slowking
|-heal|p1a: Slowking|99/100 tox
|
|-damage|p1a: Slowking|70/100 tox|[from] psn
|-damage|p2a: Pecharunt|60/100 brn|[from] brn
|upkeep
|turn|42
|
|t:|1781176504
|move|p2a: Pecharunt|Parting Shot|p1a: Slowking
|-unboost|p1a: Slowking|atk|1
|-unboost|p1a: Slowking|spa|1
|
|t:|1781176506
|switch|p2a: Alomomola|Alomomola, M, shiny|62/100|[from] Parting Shot
|-damage|p2a: Alomomola|49/100|[from] Stealth Rock
|move|p1a: Slowking|Scald|p2a: Alomomola
|-resisted|p2a: Alomomola
|-damage|p2a: Alomomola|46/100
|-status|p2a: Alomomola|brn
|
|-damage|p1a: Slowking|33/100 tox|[from] psn
|-damage|p2a: Alomomola|39/100 brn|[from] brn
|upkeep
|turn|43
|
|t:|1781176509
|move|p2a: Alomomola|Flip Turn|p1a: Slowking
|-damage|p1a: Slowking|24/100 tox
|
|t:|1781176511
|switch|p2a: Pecharunt|Pecharunt, tera:Ghost|60/100 brn|[from] Flip Turn
|move|p1a: Slowking|Slack Off|p1a: Slowking
|-heal|p1a: Slowking|74/100 tox
|
|-damage|p1a: Slowking|32/100 tox|[from] psn
|-damage|p2a: Pecharunt|54/100 brn|[from] brn
|upkeep
|turn|44
|
|t:|1781176514
|move|p2a: Pecharunt|Recover|p2a: Pecharunt
|-heal|p2a: Pecharunt|100/100 brn
|move|p1a: Slowking|Scald|p2a: Pecharunt
|-damage|p2a: Pecharunt|87/100 brn
|
|-damage|p1a: Slowking|0 fnt|[from] psn
|faint|p1a: Slowking
|
|win|firewall1234
|raw|KurisuChestnutLab's rating: 1569 &rarr; <strong>1550</strong><br />(-19 for losing)
|raw|firewall1234's rating: 1594 &rarr; <strong>1613</strong><br />(+19 for winning)
