|j|☆Migstaper
|j|‽rrbrru
|t:|1781570232
|gametype|singles
|player|p1|Migstaper|ltsurge|1652
|player|p2|rrbrru|101|1680
|gen|9
|tier|[Gen 9] OU
|rated|
|rule|HP Percentage Mod: HP is shown in percentages
|rule|Endless Battle Clause: Forcing endless battles is banned
|rule|Species Clause: Limit one of each Pokémon
|rule|OHKO Clause: OHKO moves are banned
|rule|Evasion Items Clause: Evasion items are banned
|rule|Evasion Moves Clause: Evasion moves are banned
|rule|Evasion Abilities Clause: Evasion abilities are banned
|rule|Sleep Moves Clause: Sleep-inducing moves are banned
|clearpoke
|poke|p1|Darkrai|
|poke|p1|Enamorus, F|
|poke|p1|Dragapult, M|
|poke|p1|Dragonite, M|
|poke|p1|Great Tusk|
|poke|p1|Kingambit, M|
|poke|p2|Tyranitar, F|
|poke|p2|Excadrill, M|
|poke|p2|Hydrapple, M|
|poke|p2|Tornadus-Therian, M|
|poke|p2|Alomomola, F|
|poke|p2|Houndstone, M|
|teampreview
|inactive|Battle timer is ON: inactive players will automatically lose when time's up. (requested by Migstaper)
|
|t:|1781570245
|teamsize|p1|6
|teamsize|p2|6
|start
|switch|p1a: Read Psalm 30|Dragapult, M, shiny|100/100
|switch|p2a: Tyranitar|Tyranitar, F|100/100
|-weather|Sandstorm|[from] ability: Sand Stream|[of] p2a: Tyranitar
|turn|1
|
|t:|1781570257
|switch|p1a: Read the Bible|Enamorus, F, shiny|100/100
|move|p2a: Tyranitar|Knock Off|p1a: Read the Bible
|-resisted|p1a: Read the Bible
|-damage|p1a: Read the Bible|62/100
|-enditem|p1a: Read the Bible|Life Orb|[from] move: Knock Off|[of] p2a: Tyranitar
|
|-weather|Sandstorm|[upkeep]
|-damage|p1a: Read the Bible|56/100|[from] Sandstorm
|upkeep
|turn|2
|
|t:|1781570267
|move|p1a: Read the Bible|Superpower|p2a: Tyranitar
|-supereffective|p2a: Tyranitar
|-damage|p2a: Tyranitar|9/100
|-boost|p1a: Read the Bible|atk|1
|-boost|p1a: Read the Bible|def|1
|move|p2a: Tyranitar|Ice Beam|p1a: Read the Bible
|-supereffective|p1a: Read the Bible
|-damage|p1a: Read the Bible|0 fnt
|faint|p1a: Read the Bible
|
|-weather|Sandstorm|[upkeep]
|-heal|p2a: Tyranitar|15/100|[from] item: Leftovers
|upkeep
|inactive|Migstaper has 120 seconds left.
|
|t:|1781570301
|switch|p1a: Read Psalm 30|Dragapult, M, shiny|100/100
|turn|3
|
|t:|1781570309
|switch|p2a: Houndstone|Houndstone, M|100/100
|move|p1a: Read Psalm 30|Dragon Darts|p2a: Houndstone
|-damage|p2a: Houndstone|62/100
|-anim|p1a: Read Psalm 30|Dragon Darts|p2a: Houndstone
|-damage|p2a: Houndstone|21/100
|-damage|p1a: Read Psalm 30|91/100|[from] item: Life Orb
|
|-weather|Sandstorm|[upkeep]
|-damage|p1a: Read Psalm 30|85/100|[from] Sandstorm
|upkeep
|turn|4
|
|t:|1781570320
|switch|p1a: No condemnation|Kingambit, M, shiny|100/100
|-activate|p1a: No condemnation|ability: Supreme Overlord
|-start|p1a: No condemnation|fallen1|[silent]
|move|p2a: Houndstone|Poltergeist|p1a: No condemnation
|-activate|p1a: No condemnation|move: Poltergeist|Assault Vest
|-resisted|p1a: No condemnation
|-damage|p1a: No condemnation|74/100
|
|-weather|Sandstorm|[upkeep]
|upkeep
|turn|5
|
|t:|1781570332
|switch|p2a: Alomomola|Alomomola, F|100/100
|move|p1a: No condemnation|Kowtow Cleave|p2a: Alomomola
|-damage|p2a: Alomomola|68/100
|
|-weather|none
|upkeep
|turn|6
|
|t:|1781570344
|move|p1a: No condemnation|Kowtow Cleave|p2a: Alomomola
|-damage|p2a: Alomomola|36/100
|move|p2a: Alomomola|Flip Turn|p1a: No condemnation
|-damage|p1a: No condemnation|62/100
|
|t:|1781570351
|switch|p2a: Excadrill|Excadrill, M|100/100|[from] Flip Turn
|
|upkeep
|turn|7
|
|t:|1781570366
|-end|p1a: No condemnation|fallen1|[silent]
|switch|p1a: ROMANS 10:9|Great Tusk, shiny|100/100
|-enditem|p1a: ROMANS 10:9|Booster Energy
|-activate|p1a: ROMANS 10:9|ability: Protosynthesis|[fromitem]
|-start|p1a: ROMANS 10:9|protosynthesisatk
|move|p2a: Excadrill|Earthquake|p1a: ROMANS 10:9
|-damage|p1a: ROMANS 10:9|56/100
|
|upkeep
|turn|8
|
|t:|1781570374
|switch|p2a: Tornadus|Tornadus-Therian, M|100/100
|move|p1a: ROMANS 10:9|Rapid Spin|p2a: Tornadus
|-damage|p2a: Tornadus|76/100
|-boost|p1a: ROMANS 10:9|spe|1
|
|upkeep
|turn|9
|
|t:|1781570386
|switch|p2a: Tyranitar|Tyranitar, F|15/100
|-weather|Sandstorm|[from] ability: Sand Stream|[of] p2a: Tyranitar
|move|p1a: ROMANS 10:9|Ice Spinner|p2a: Tyranitar
|-damage|p2a: Tyranitar|0 fnt
|faint|p2a: Tyranitar
|
|-weather|Sandstorm|[upkeep]
|upkeep
|
|t:|1781570393
|switch|p2a: Alomomola|Alomomola, F|69/100
|turn|10
|
|t:|1781570407
|move|p1a: ROMANS 10:9|Headlong Rush|p2a: Alomomola
|-damage|p2a: Alomomola|20/100
|-unboost|p1a: ROMANS 10:9|def|1
|-unboost|p1a: ROMANS 10:9|spd|1
|move|p2a: Alomomola|Scald|p1a: ROMANS 10:9
|-supereffective|p1a: ROMANS 10:9
|-damage|p1a: ROMANS 10:9|0 fnt
|faint|p1a: ROMANS 10:9
|-end|p1a: ROMANS 10:9|Protosynthesis|[silent]
|
|-weather|Sandstorm|[upkeep]
|-damage|p2a: Alomomola|13/100|[from] Sandstorm
|upkeep
|
|t:|1781570419
|switch|p1a: Read Psalm 30|Dragapult, M, shiny|85/100
|turn|11
|
|t:|1781570426
|switch|p2a: Excadrill|Excadrill, M|100/100
|move|p1a: Read Psalm 30|Dragon Dance|p1a: Read Psalm 30
|-boost|p1a: Read Psalm 30|atk|1
|-boost|p1a: Read Psalm 30|spe|1
|
|-weather|Sandstorm|[upkeep]
|-damage|p1a: Read Psalm 30|79/100|[from] Sandstorm
|upkeep
|turn|12
|
|t:|1781570436
|move|p1a: Read Psalm 30|Phantom Force||[still]
|-prepare|p1a: Read Psalm 30|Phantom Force
|move|p2a: Excadrill|Earthquake|p1a: Read Psalm 30|[miss]
|-miss|p2a: Excadrill|p1a: Read Psalm 30
|
|-weather|Sandstorm|[upkeep]
|-damage|p1a: Read Psalm 30|73/100|[from] Sandstorm
|upkeep
|turn|13
|
|t:|1781570446
|move|p1a: Read Psalm 30|Phantom Force|p2a: Excadrill|[from] lockedmove
|-crit|p2a: Excadrill
|-damage|p2a: Excadrill|0 fnt
|faint|p2a: Excadrill
|-damage|p1a: Read Psalm 30|63/100|[from] item: Life Orb
|
|-weather|none
|upkeep
|
|t:|1781570459
|switch|p2a: Hydrapple|Hydrapple, M|100/100
|turn|14
|
|t:|1781570467
|-terastallize|p1a: Read Psalm 30|Steel
|-terastallize|p2a: Hydrapple|Steel
|move|p1a: Read Psalm 30|Dragon Dance|p1a: Read Psalm 30
|-boost|p1a: Read Psalm 30|atk|1
|-boost|p1a: Read Psalm 30|spe|1
|move|p2a: Hydrapple|Draco Meteor|p1a: Read Psalm 30
|-resisted|p1a: Read Psalm 30
|-crit|p1a: Read Psalm 30
|-damage|p1a: Read Psalm 30|0 fnt
|-unboost|p2a: Hydrapple|spa|2
|faint|p1a: Read Psalm 30
|-enditem|p2a: Hydrapple|Eject Pack
|
|t:|1781570474
|switch|p2a: Alomomola|Alomomola, F|47/100
|
|upkeep
|
|t:|1781570484
|switch|p1a: Paul|Dragonite, M, shiny|100/100
|turn|15
|
|t:|1781570487
|move|p1a: Paul|Dragon Dance|p1a: Paul
|-boost|p1a: Paul|atk|1
|-boost|p1a: Paul|spe|1
|move|p2a: Alomomola|Flip Turn|p1a: Paul
|-resisted|p1a: Paul
|-damage|p1a: Paul|96/100
|
|t:|1781570491
|switch|p2a: Hydrapple|Hydrapple, M, tera:Steel|100/100|[from] Flip Turn
|
|upkeep
|turn|16
|
|t:|1781570497
|move|p1a: Paul|Earthquake|p2a: Hydrapple
|-supereffective|p2a: Hydrapple
|-damage|p2a: Hydrapple|17/100
|move|p2a: Hydrapple|Draco Meteor|p1a: Paul
|-supereffective|p1a: Paul
|-damage|p1a: Paul|0 fnt
|-unboost|p2a: Hydrapple|spa|2
|faint|p1a: Paul
|
|upkeep
|
|t:|1781570507
|switch|p1a: No condemnation|Kingambit, M, shiny|62/100
|-activate|p1a: No condemnation|ability: Supreme Overlord
|-start|p1a: No condemnation|fallen4|[silent]
|turn|17
|
|t:|1781570513
|switch|p2a: Houndstone|Houndstone, M|21/100
|move|p1a: No condemnation|Kowtow Cleave|p2a: Houndstone
|-supereffective|p2a: Houndstone
|-damage|p2a: Houndstone|0 fnt
|faint|p2a: Houndstone
|
|upkeep
|
|t:|1781570520
|switch|p2a: Tornadus|Tornadus-Therian, M|100/100
|turn|18
|
|t:|1781570524
|move|p2a: Tornadus|Knock Off|p1a: No condemnation
|-resisted|p1a: No condemnation
|-damage|p1a: No condemnation|55/100
|-enditem|p1a: No condemnation|Assault Vest|[from] move: Knock Off|[of] p2a: Tornadus
|move|p1a: No condemnation|Kowtow Cleave|p2a: Tornadus
|-damage|p2a: Tornadus|25/100
|
|upkeep
|turn|19
|
|t:|1781570535
|move|p1a: No condemnation|Sucker Punch|p2a: Tornadus
|-damage|p2a: Tornadus|0 fnt
|faint|p2a: Tornadus
|
|upkeep
|
|t:|1781570541
|switch|p2a: Alomomola|Alomomola, F|80/100
|turn|20
|
|t:|1781570544
|move|p1a: No condemnation|Kowtow Cleave|p2a: Alomomola
|-damage|p2a: Alomomola|35/100
|move|p2a: Alomomola|Wish|p2a: Alomomola
|
|upkeep
|turn|21
|
|t:|1781570550
|move|p2a: Alomomola|Protect|p2a: Alomomola
|-singleturn|p2a: Alomomola|Protect
|move|p1a: No condemnation|Kowtow Cleave|p2a: Alomomola
|-activate|p2a: Alomomola|move: Protect
|
|-heal|p2a: Alomomola|85/100|[from] move: Wish|[wisher] Alomomola
|upkeep
|turn|22
|
|t:|1781570560
|move|p1a: No condemnation|Kowtow Cleave|p2a: Alomomola
|-damage|p2a: Alomomola|43/100
|move|p2a: Alomomola|Wish|p2a: Alomomola
|
|upkeep
|turn|23
|
|t:|1781570567
|move|p1a: No condemnation|Iron Head|p2a: Alomomola
|-resisted|p2a: Alomomola
|-damage|p2a: Alomomola|24/100
|move|p2a: Alomomola|Scald|p1a: No condemnation
|-damage|p1a: No condemnation|42/100
|
|-heal|p2a: Alomomola|74/100|[from] move: Wish|[wisher] Alomomola
|upkeep
|turn|24
|
|t:|1781570576
|move|p1a: No condemnation|Kowtow Cleave|p2a: Alomomola
|-damage|p2a: Alomomola|35/100
|move|p2a: Alomomola|Wish|p2a: Alomomola
|
|upkeep
|turn|25
|
|t:|1781570588
|move|p2a: Alomomola|Protect|p2a: Alomomola
|-singleturn|p2a: Alomomola|Protect
|move|p1a: No condemnation|Iron Head|p2a: Alomomola
|-activate|p2a: Alomomola|move: Protect
|
|-heal|p2a: Alomomola|85/100|[from] move: Wish|[wisher] Alomomola
|upkeep
|turn|26
|
|t:|1781570597
|move|p1a: No condemnation|Kowtow Cleave|p2a: Alomomola
|-crit|p2a: Alomomola
|-damage|p2a: Alomomola|20/100
|move|p2a: Alomomola|Scald|p1a: No condemnation
|-damage|p1a: No condemnation|28/100
|
|upkeep
|turn|27
|
|t:|1781570606
|move|p2a: Alomomola|Protect|p2a: Alomomola
|-singleturn|p2a: Alomomola|Protect
|move|p1a: No condemnation|Kowtow Cleave|p2a: Alomomola
|-activate|p2a: Alomomola|move: Protect
|
|upkeep
|turn|28
|
|t:|1781570613
|move|p1a: No condemnation|Kowtow Cleave|p2a: Alomomola
|-damage|p2a: Alomomola|0 fnt
|faint|p2a: Alomomola
|
|upkeep
|
|t:|1781570617
|switch|p2a: Hydrapple|Hydrapple, M, tera:Steel|50/100
|turn|29
|
|t:|1781570626
|move|p1a: No condemnation|Sucker Punch|p2a: Hydrapple
|-damage|p2a: Hydrapple|11/100
|move|p2a: Hydrapple|Earth Power|p1a: No condemnation
|-supereffective|p1a: No condemnation
|-damage|p1a: No condemnation|0 fnt
|faint|p1a: No condemnation
|-end|p1a: No condemnation|fallen4|[silent]
|
|upkeep
|
|t:|1781570633
|switch|p1a: Old Testament|Darkrai, shiny|100/100
|turn|30
|
|t:|1781570638
|move|p1a: Old Testament|Dark Pulse|p2a: Hydrapple
|-damage|p2a: Hydrapple|0 fnt
|faint|p2a: Hydrapple
|
|win|Migstaper
|raw|Migstaper's rating: 1652 &rarr; <strong>1674</strong><br />(+22 for winning)
|raw|rrbrru's rating: 1680 &rarr; <strong>1658</strong><br />(-22 for losing)
|l|‽rrbrru
|player|p2|
|l|☆Migstaper
|player|p1|
