|j|☆Jewgi_moto
|j|☆LowEL0God
|t:|1781161426
|gametype|singles
|player|p1|Jewgi_moto|170|1553
|player|p2|LowEL0God|265|1564
|gen|9
|tier|[Gen 9] OU
|rated|
|rule|HP Percentage Mod: HP is shown in percentages
|rule|Endless Battle Clause: Forcing endless battles is banned
|rule|Species Clause: Limit one of each Pokémon
|rule|OHKO Clause: OHKO moves are banned
|rule|Evasion Items Clause: Evasion items are banned
|rule|Evasion Moves Clause: Evasion moves are banned
|rule|Evasion Abilities Clause: Evasion abilities are banned
|rule|Sleep Moves Clause: Sleep-inducing moves are banned
|clearpoke
|poke|p1|Hoopa-Unbound|
|poke|p1|Moltres|
|poke|p1|Zamazenta-*|
|poke|p1|Cinderace, M|
|poke|p1|Volcanion|
|poke|p1|Dragonite, M|
|poke|p2|Pelipper, F|
|poke|p2|Torkoal, F|
|poke|p2|Walking Wake|
|poke|p2|Kyurem|
|poke|p2|Ninetales-Alola, M|
|poke|p2|Ogerpon-Wellspring, F|
|teampreview
|c|☆LowEL0God|hf
|inactive|Battle timer is ON: inactive players will automatically lose when time's up. (requested by LowEL0God)
|
|t:|1781161430
|teamsize|p1|6
|teamsize|p2|6
|start
|switch|p1a: Hoopa|Hoopa-Unbound|100/100
|switch|p2a: Ninetales|Ninetales-Alola, M|100/100
|-weather|Snowscape|[from] ability: Snow Warning|[of] p2a: Ninetales
|turn|1
|
|t:|1781161433
|move|p1a: Hoopa|Knock Off|p2a: Ninetales
|-resisted|p2a: Ninetales
|-damage|p2a: Ninetales|80/100
|-enditem|p2a: Ninetales|Icy Rock|[from] move: Knock Off|[of] p1a: Hoopa
|move|p2a: Ninetales|Aurora Veil|p2a: Ninetales
|-sidestart|p2: LowEL0God|move: Aurora Veil
|
|-weather|Snowscape|[upkeep]
|upkeep
|turn|2
|
|t:|1781161440
|switch|p1a: Cinderace|Cinderace, M|100/100
|move|p2a: Ninetales|Moonblast|p1a: Cinderace
|-resisted|p1a: Cinderace
|-damage|p1a: Cinderace|80/100
|
|-weather|Snowscape|[upkeep]
|upkeep
|turn|3
|
|t:|1781161442
|move|p1a: Cinderace|Court Change|p1a: Cinderace
|-start|p1a: Cinderace|typechange|Normal|[from] ability: Libero
|-swapsideconditions
|-activate|p1a: Cinderace|move: Court Change
|move|p2a: Ninetales|Moonblast|p1a: Cinderace
|-damage|p1a: Cinderace|61/100
|-unboost|p1a: Cinderace|spa|1
|
|-weather|Snowscape|[upkeep]
|upkeep
|turn|4
|
|t:|1781161448
|move|p1a: Cinderace|Pyro Ball|p2a: Ninetales
|-supereffective|p2a: Ninetales
|-damage|p2a: Ninetales|14/100
|move|p2a: Ninetales|Aurora Veil|p2a: Ninetales
|-sidestart|p2: LowEL0God|move: Aurora Veil
|
|-weather|Snowscape|[upkeep]
|upkeep
|turn|5
|
|t:|1781161450
|move|p1a: Cinderace|Pyro Ball|p2a: Ninetales
|-supereffective|p2a: Ninetales
|-damage|p2a: Ninetales|0 fnt
|faint|p2a: Ninetales
|
|-weather|Snowscape|[upkeep]
|-sideend|p1: Jewgi_moto|move: Aurora Veil
|upkeep
|
|t:|1781161451
|switch|p2a: Hurricane Spam|Pelipper, F, shiny|100/100
|-weather|RainDance|[from] ability: Drizzle|[of] p2a: Hurricane Spam
|turn|6
|
|t:|1781161453
|move|p1a: Cinderace|U-turn|p2a: Hurricane Spam
|-resisted|p2a: Hurricane Spam
|-crit|p2a: Hurricane Spam
|-damage|p2a: Hurricane Spam|84/100
|
|t:|1781161455
|switch|p1a: Volcanion|Volcanion|100/100|[from] U-turn
|move|p2a: Hurricane Spam|Hurricane|p1a: Volcanion
|-damage|p1a: Volcanion|48/100
|-start|p1a: Volcanion|confusion
|
|-weather|RainDance|[upkeep]
|upkeep
|turn|7
|
|t:|1781161462
|switch|p1a: Hoopa|Hoopa-Unbound|100/100
|move|p2a: Hurricane Spam|Hurricane|p1a: Hoopa
|-damage|p1a: Hoopa|36/100
|
|-weather|RainDance|[upkeep]
|upkeep
|turn|8
|
|t:|1781161475
|move|p1a: Hoopa|Knock Off|p2a: Hurricane Spam
|-damage|p2a: Hurricane Spam|58/100
|-enditem|p2a: Hurricane Spam|Choice Specs|[from] move: Knock Off|[of] p1a: Hoopa
|move|p2a: Hurricane Spam|Hurricane|p1a: Hoopa
|-damage|p1a: Hoopa|0 fnt
|faint|p1a: Hoopa
|
|-weather|RainDance|[upkeep]
|-sideend|p2: LowEL0God|move: Aurora Veil
|upkeep
|
|t:|1781161489
|switch|p1a: Moltres|Moltres|100/100
|turn|9
|
|t:|1781161491
|move|p1a: Moltres|Hurricane|p2a: Hurricane Spam
|-damage|p2a: Hurricane Spam|0 fnt
|faint|p2a: Hurricane Spam
|
|-weather|RainDance|[upkeep]
|upkeep
|
|t:|1781161492
|switch|p2a: Walking Wake|Walking Wake|100/100
|turn|10
|
|t:|1781161497
|move|p2a: Walking Wake|Hydro Steam|p1a: Moltres
|-supereffective|p1a: Moltres
|-damage|p1a: Moltres|0 fnt
|faint|p1a: Moltres
|
|-weather|none
|upkeep
|
|t:|1781161500
|switch|p1a: Volcanion|Volcanion|48/100
|turn|11
|
|t:|1781161505
|-end|p2a: Walking Wake|Protosynthesis|[silent]
|switch|p2a: Kyurem|Kyurem|100/100
|-ability|p2a: Kyurem|Pressure
|move|p1a: Volcanion|Fire Blast|p2a: Kyurem
|-damage|p2a: Kyurem|43/100
|
|upkeep
|turn|12
|
|t:|1781161507
|move|p2a: Kyurem|Freeze-Dry|p1a: Volcanion
|-damage|p1a: Volcanion|20/100
|move|p1a: Volcanion|Fire Blast|p2a: Kyurem|[miss]
|-miss|p1a: Volcanion|p2a: Kyurem
|
|upkeep
|turn|13
|
|t:|1781161509
|move|p2a: Kyurem|Freeze-Dry|p1a: Volcanion
|-damage|p1a: Volcanion|0 fnt
|faint|p1a: Volcanion
|
|upkeep
|
|t:|1781161512
|switch|p1a: Cinderace|Cinderace, M|61/100
|turn|14
|
|t:|1781161516
|switch|p2a: Torkoal|Torkoal, F|100/100
|-weather|SunnyDay|[from] ability: Drought|[of] p2a: Torkoal
|move|p1a: Cinderace|U-turn|p2a: Torkoal
|-start|p1a: Cinderace|typechange|Bug|[from] ability: Libero
|-resisted|p2a: Torkoal
|-damage|p2a: Torkoal|92/100
|
|t:|1781161519
|switch|p1a: Zamazenta|Zamazenta|100/100|[from] U-turn
|-ability|p1a: Zamazenta|Dauntless Shield|boost
|-boost|p1a: Zamazenta|def|1
|
|-weather|SunnyDay|[upkeep]
|upkeep
|turn|15
|
|t:|1781161521
|move|p1a: Zamazenta|Substitute|p1a: Zamazenta
|-start|p1a: Zamazenta|Substitute
|-damage|p1a: Zamazenta|75/100
|move|p2a: Torkoal|Will-O-Wisp||[still]
|-fail|p2a: Torkoal
|
|-weather|SunnyDay|[upkeep]
|-heal|p1a: Zamazenta|82/100|[from] item: Leftovers
|upkeep
|turn|16
|
|t:|1781161525
|move|p1a: Zamazenta|Iron Defense|p1a: Zamazenta
|-boost|p1a: Zamazenta|def|2
|move|p2a: Torkoal|Lava Plume|p1a: Zamazenta
|-end|p1a: Zamazenta|Substitute
|
|-weather|SunnyDay|[upkeep]
|-heal|p1a: Zamazenta|88/100|[from] item: Leftovers
|upkeep
|turn|17
|
|t:|1781161532
|move|p1a: Zamazenta|Substitute|p1a: Zamazenta
|-start|p1a: Zamazenta|Substitute
|-damage|p1a: Zamazenta|63/100
|move|p2a: Torkoal|Lava Plume|p1a: Zamazenta
|-end|p1a: Zamazenta|Substitute
|
|-weather|SunnyDay|[upkeep]
|-heal|p1a: Zamazenta|69/100|[from] item: Leftovers
|upkeep
|turn|18
|
|t:|1781161536
|move|p1a: Zamazenta|Substitute|p1a: Zamazenta
|-start|p1a: Zamazenta|Substitute
|-damage|p1a: Zamazenta|44/100
|move|p2a: Torkoal|Lava Plume|p1a: Zamazenta
|-end|p1a: Zamazenta|Substitute
|
|-weather|SunnyDay|[upkeep]
|-heal|p1a: Zamazenta|50/100|[from] item: Leftovers
|upkeep
|turn|19
|
|t:|1781161542
|move|p1a: Zamazenta|Iron Defense|p1a: Zamazenta
|-boost|p1a: Zamazenta|def|2
|move|p2a: Torkoal|Lava Plume|p1a: Zamazenta
|-damage|p1a: Zamazenta|23/100
|
|-weather|SunnyDay|[upkeep]
|-heal|p1a: Zamazenta|29/100|[from] item: Leftovers
|upkeep
|turn|20
|
|t:|1781161550
|move|p1a: Zamazenta|Body Press|p2a: Torkoal
|-damage|p2a: Torkoal|28/100
|move|p2a: Torkoal|Lava Plume|p1a: Zamazenta
|-damage|p1a: Zamazenta|2/100
|
|-weather|SunnyDay|[upkeep]
|-heal|p1a: Zamazenta|8/100|[from] item: Leftovers
|upkeep
|turn|21
|
|t:|1781161557
|switch|p2a: Kyurem|Kyurem|43/100
|-ability|p2a: Kyurem|Pressure
|move|p1a: Zamazenta|Body Press|p2a: Kyurem
|-supereffective|p2a: Kyurem
|-damage|p2a: Kyurem|0 fnt
|faint|p2a: Kyurem
|
|-weather|none
|-heal|p1a: Zamazenta|15/100|[from] item: Leftovers
|upkeep
|
|t:|1781161558
|switch|p2a: Torkoal|Torkoal, F|28/100
|-weather|SunnyDay|[from] ability: Drought|[of] p2a: Torkoal
|turn|22
|
|t:|1781161563
|move|p1a: Zamazenta|Body Press|p2a: Torkoal
|-damage|p2a: Torkoal|0 fnt
|faint|p2a: Torkoal
|
|-weather|SunnyDay|[upkeep]
|-heal|p1a: Zamazenta|21/100|[from] item: Leftovers
|upkeep
|
|t:|1781161563
|switch|p2a: Walking Wake|Walking Wake|100/100
|-activate|p2a: Walking Wake|ability: Protosynthesis
|-start|p2a: Walking Wake|protosynthesisspe
|turn|23
|
|t:|1781161571
|move|p2a: Walking Wake|Dragon Pulse|p1a: Zamazenta
|-damage|p1a: Zamazenta|0 fnt
|faint|p1a: Zamazenta
|
|-weather|SunnyDay|[upkeep]
|upkeep
|
|t:|1781161577
|switch|p1a: Cinderace|Cinderace, M|61/100
|turn|24
|
|t:|1781161580
|move|p2a: Walking Wake|Dragon Pulse|p1a: Cinderace
|-damage|p1a: Cinderace|0 fnt
|faint|p1a: Cinderace
|
|-weather|SunnyDay|[upkeep]
|upkeep
|
|t:|1781161582
|switch|p1a: Dragonite|Dragonite, M|100/100
|turn|25
|
|t:|1781161586
|-terastallize|p1a: Dragonite|Normal
|move|p2a: Walking Wake|Dragon Pulse|p1a: Dragonite
|-damage|p1a: Dragonite|70/100
|move|p1a: Dragonite|Dragon Dance|p1a: Dragonite
|-boost|p1a: Dragonite|atk|1
|-boost|p1a: Dragonite|spe|1
|
|-weather|SunnyDay|[upkeep]
|upkeep
|turn|26
|
|t:|1781161592
|move|p2a: Walking Wake|Dragon Pulse|p1a: Dragonite
|-damage|p1a: Dragonite|3/100
|move|p1a: Dragonite|Dragon Dance|p1a: Dragonite
|-boost|p1a: Dragonite|atk|1
|-boost|p1a: Dragonite|spe|1
|
|-weather|SunnyDay|[upkeep]
|upkeep
|turn|27
|
|t:|1781161597
|move|p1a: Dragonite|Extreme Speed|p2a: Walking Wake
|-damage|p2a: Walking Wake|1/100
|move|p2a: Walking Wake|Dragon Pulse|p1a: Dragonite
|-damage|p1a: Dragonite|0 fnt
|faint|p1a: Dragonite
|
|win|LowEL0God
|raw|Jewgi_moto's rating: 1553 &rarr; <strong>1534</strong><br />(-19 for losing)
|raw|LowEL0God's rating: 1564 &rarr; <strong>1583</strong><br />(+19 for winning)
|l|☆Jewgi_moto
|player|p1|
|c|☆LowEL0God|gg
|l|☆LowEL0God
|player|p2|
