|j|☆Gunkip
|j|☆stevstacks
|t:|1781137617
|gametype|singles
|player|p1|Gunkip|zinnia|1657
|player|p2|stevstacks|102|1612
|gen|9
|tier|[Gen 9] OU
|rated|
|rule|HP Percentage Mod: HP is shown in percentages
|rule|Endless Battle Clause: Forcing endless battles is banned
|rule|Species Clause: Limit one of each Pokémon
|rule|OHKO Clause: OHKO moves are banned
|rule|Evasion Items Clause: Evasion items are banned
|rule|Evasion Moves Clause: Evasion moves are banned
|rule|Evasion Abilities Clause: Evasion abilities are banned
|rule|Sleep Moves Clause: Sleep-inducing moves are banned
|clearpoke
|poke|p1|Regieleki|
|poke|p1|Grafaiai, M|
|poke|p1|Corviknight, M|
|poke|p1|Zamazenta-*|
|poke|p1|Alomomola, M|
|poke|p1|Gliscor, F|
|poke|p2|Torkoal, M|
|poke|p2|Corviknight, M|
|poke|p2|Walking Wake|
|poke|p2|Dragonite, M|
|poke|p2|Great Tusk|
|poke|p2|Raging Bolt|
|teampreview
|inactive|Battle timer is ON: inactive players will automatically lose when time's up. (requested by stevstacks)
|l|☆stevstacks
|inactive|stevstacks disconnected and has a minute to reconnect!
|player|p2|
|inactive|Gunkip has 120 seconds left.
|
|t:|1781137652
|teamsize|p1|6
|teamsize|p2|6
|start
|switch|p1a: Regieleki|Regieleki|100/100
|switch|p2a: Great Tusk|Great Tusk, shiny|100/100
|turn|1
|inactive|stevstacks has 30 seconds to reconnect!
|inactive|stevstacks has 20 seconds to reconnect!
|inactive|stevstacks has 15 seconds to reconnect!
|inactive|stevstacks has 10 seconds to reconnect!
|inactive|stevstacks has 5 seconds to reconnect!
|j|☆stevstacks
|inactive|stevstacks reconnected and has 95 seconds left.
|player|p2|stevstacks|102|
|inactive|stevstacks has 90 seconds left.
|
|t:|1781137721
|switch|p1a: Grafaiai|Grafaiai, M|100/100
|move|p2a: Great Tusk|Headlong Rush|p1a: Grafaiai
|-supereffective|p1a: Grafaiai
|-damage|p1a: Grafaiai|0 fnt
|-unboost|p2a: Great Tusk|def|1
|-unboost|p2a: Great Tusk|spd|1
|faint|p1a: Grafaiai
|-damage|p2a: Great Tusk|91/100|[from] item: Life Orb
|
|upkeep
|
|t:|1781137743
|switch|p1a: Zamazenta|Zamazenta|100/100
|-ability|p1a: Zamazenta|Dauntless Shield|boost
|-boost|p1a: Zamazenta|def|1
|turn|2
|inactive|stevstacks has 90 seconds left.
|
|t:|1781137767
|move|p1a: Zamazenta|Close Combat|p2a: Great Tusk
|-damage|p2a: Great Tusk|0 fnt
|-unboost|p1a: Zamazenta|def|1
|-unboost|p1a: Zamazenta|spd|1
|faint|p2a: Great Tusk
|-end|p2a: Great Tusk|Protosynthesis|[silent]
|
|upkeep
|
|t:|1781137772
|switch|p2a: Dragonite|Dragonite, M, shiny|100/100
|turn|3
|
|t:|1781137776
|switch|p1a: Alomomola|Alomomola, M|100/100
|move|p2a: Dragonite|Dragon Dance|p2a: Dragonite
|-boost|p2a: Dragonite|atk|1
|-boost|p2a: Dragonite|spe|1
|
|upkeep
|turn|4
|
|t:|1781137781
|move|p2a: Dragonite|Dragon Dance|p2a: Dragonite
|-boost|p2a: Dragonite|atk|1
|-boost|p2a: Dragonite|spe|1
|move|p1a: Alomomola|Scald|p2a: Dragonite
|-resisted|p2a: Dragonite
|-damage|p2a: Dragonite|97/100
|
|upkeep
|turn|5
|
|t:|1781137787
|-terastallize|p2a: Dragonite|Fire
|move|p2a: Dragonite|Dragon Dance|p2a: Dragonite
|-boost|p2a: Dragonite|atk|1
|-boost|p2a: Dragonite|spe|1
|move|p1a: Alomomola|Scald|p2a: Dragonite
|-supereffective|p2a: Dragonite
|-damage|p2a: Dragonite|69/100
|
|upkeep
|turn|6
|
|t:|1781137792
|move|p2a: Dragonite|Dragon Dance|p2a: Dragonite
|-boost|p2a: Dragonite|atk|1
|-boost|p2a: Dragonite|spe|1
|move|p1a: Alomomola|Scald|p2a: Dragonite
|-supereffective|p2a: Dragonite
|-damage|p2a: Dragonite|39/100
|
|upkeep
|turn|7
|
|t:|1781137797
|move|p2a: Dragonite|Scale Shot|p1a: Alomomola
|-damage|p1a: Alomomola|67/100
|-damage|p1a: Alomomola|34/100
|-damage|p1a: Alomomola|0 fnt
|faint|p1a: Alomomola
|-hitcount|p1: Alomomola|3
|-unboost|p2a: Dragonite|def|1
|-boost|p2a: Dragonite|spe|1
|
|upkeep
|inactive|Gunkip has 120 seconds left.
|
|t:|1781137830
|switch|p1a: Gliscor|Gliscor, F|100/100
|turn|8
|
|t:|1781137842
|move|p2a: Dragonite|Scale Shot|p1a: Gliscor
|-damage|p1a: Gliscor|64/100
|-damage|p1a: Gliscor|25/100
|-damage|p1a: Gliscor|0 fnt
|faint|p1a: Gliscor
|-hitcount|p1: Gliscor|3
|-unboost|p2a: Dragonite|def|1
|-boost|p2a: Dragonite|spe|1
|
|upkeep
|
|t:|1781137846
|switch|p1a: Corviknight|Corviknight, M|100/100
|-ability|p1a: Corviknight|Pressure
|turn|9
|
|t:|1781137851
|-terastallize|p1a: Corviknight|Flying
|move|p2a: Dragonite|Fire Punch|p1a: Corviknight
|-damage|p1a: Corviknight|8/100
|-damage|p2a: Dragonite|23/100|[from] item: Rocky Helmet|[of] p1a: Corviknight
|move|p1a: Corviknight|Brave Bird|p2a: Dragonite
|-damage|p2a: Dragonite|0 fnt
|faint|p2a: Dragonite
|-damage|p1a: Corviknight|2/100|[from] Recoil
|
|upkeep
|
|t:|1781137861
|switch|p2a: Raging Bolt|Raging Bolt|100/100
|turn|10
|
|t:|1781137866
|move|p2a: Raging Bolt|Volt Switch|p1a: Corviknight
|-supereffective|p1a: Corviknight
|-damage|p1a: Corviknight|0 fnt
|faint|p1a: Corviknight
|
|t:|1781137868
|-end|p2a: Raging Bolt|Protosynthesis|[silent]
|switch|p2a: Torkoal|Torkoal, M, shiny|100/100|[from] Volt Switch
|-weather|SunnyDay|[from] ability: Drought|[of] p2a: Torkoal
|
|-weather|SunnyDay|[upkeep]
|upkeep
|
|t:|1781137877
|switch|p1a: Regieleki|Regieleki|100/100
|turn|11
|inactive|stevstacks has 120 seconds left.
|
|t:|1781137911
|switch|p2a: Walking Wake|Walking Wake|100/100
|-activate|p2a: Walking Wake|ability: Protosynthesis
|-start|p2a: Walking Wake|protosynthesisspe
|move|p1a: Regieleki|Volt Switch|p2a: Walking Wake
|-damage|p2a: Walking Wake|30/100
|
|t:|1781137916
|switch|p1a: Zamazenta|Zamazenta|100/100|[from] Volt Switch
|
|-weather|SunnyDay|[upkeep]
|upkeep
|turn|12
|
|t:|1781137925
|move|p2a: Walking Wake|Hydro Steam|p1a: Zamazenta
|-damage|p1a: Zamazenta|32/100
|move|p1a: Zamazenta|Close Combat|p2a: Walking Wake
|-damage|p2a: Walking Wake|0 fnt
|-unboost|p1a: Zamazenta|def|1
|-unboost|p1a: Zamazenta|spd|1
|faint|p2a: Walking Wake
|-end|p2a: Walking Wake|Protosynthesis|[silent]
|
|-weather|SunnyDay|[upkeep]
|upkeep
|inactive|stevstacks has 120 seconds left.
|inactive|stevstacks has 90 seconds left.
|
|t:|1781138003
|switch|p2a: Torkoal|Torkoal, M, shiny|100/100
|turn|13
|
|t:|1781138010
|switch|p1a: Regieleki|Regieleki|100/100
|move|p2a: Torkoal|Overheat|p1a: Regieleki
|-damage|p1a: Regieleki|0 fnt
|-unboost|p2a: Torkoal|spa|2
|faint|p1a: Regieleki
|
|-weather|SunnyDay|[upkeep]
|upkeep
|
|t:|1781138013
|switch|p1a: Zamazenta|Zamazenta|32/100
|turn|14
|
|t:|1781138018
|move|p1a: Zamazenta|Close Combat|p2a: Torkoal
|-damage|p2a: Torkoal|31/100
|-unboost|p1a: Zamazenta|def|1
|-unboost|p1a: Zamazenta|spd|1
|move|p2a: Torkoal|Overheat|p1a: Zamazenta
|-damage|p1a: Zamazenta|0 fnt
|-unboost|p2a: Torkoal|spa|2
|faint|p1a: Zamazenta
|
|win|stevstacks
|raw|Gunkip's rating: 1657 &rarr; <strong>1634</strong><br />(-23 for losing)
|raw|stevstacks's rating: 1612 &rarr; <strong>1635</strong><br />(+23 for winning)
|l|☆Gunkip
|player|p1|
|l|☆stevstacks
|player|p2|
