|j|☆Klopple
|j|☆bongzongweedluvr
|t:|1781200258
|gametype|singles
|player|p1|Klopple|sailor|1627
|player|p2|bongzongweedluvr|265|1652
|gen|9
|tier|[Gen 9] OU
|rated|
|rule|HP Percentage Mod: HP is shown in percentages
|rule|Endless Battle Clause: Forcing endless battles is banned
|rule|Species Clause: Limit one of each Pokémon
|rule|OHKO Clause: OHKO moves are banned
|rule|Evasion Items Clause: Evasion items are banned
|rule|Evasion Moves Clause: Evasion moves are banned
|rule|Evasion Abilities Clause: Evasion abilities are banned
|rule|Sleep Moves Clause: Sleep-inducing moves are banned
|clearpoke
|poke|p1|Arboliva, F|
|poke|p1|Gliscor, M|
|poke|p1|Iron Crown|
|poke|p1|Zamazenta-*|
|poke|p1|Hatterene, F|
|poke|p1|Dragonite, F|
|poke|p2|Greninja-*, M|
|poke|p2|Glimmora, F|
|poke|p2|Garchomp, F|
|poke|p2|Iron Valiant|
|poke|p2|Ceruledge, M|
|poke|p2|Kingambit, M|
|teampreview
|inactive|Battle timer is ON: inactive players will automatically lose when time's up. (requested by bongzongweedluvr)
|
|t:|1781200282
|teamsize|p1|6
|teamsize|p2|6
|start
|switch|p1a: Gliscor|Gliscor, M|100/100
|switch|p2a: Ceruledge|Ceruledge, M|100/100
|-item|p2a: Ceruledge|Air Balloon
|turn|1
|j| kopkwepd
|j| Almirante Matthew
|
|t:|1781200288
|switch|p2a: Glimmora|Glimmora, F|100/100
|move|p1a: Gliscor|Knock Off|p2a: Glimmora
|-damage|p2a: Glimmora|76/100
|-activate|p2a: Glimmora|ability: Toxic Debris
|-sidestart|p1: Klopple|move: Toxic Spikes
|-enditem|p2a: Glimmora|Power Herb|[from] move: Knock Off|[of] p1a: Gliscor
|
|-status|p1a: Gliscor|tox|[from] item: Toxic Orb
|upkeep
|turn|2
|
|t:|1781200291
|move|p2a: Glimmora|Stealth Rock|p1a: Gliscor
|-sidestart|p1: Klopple|move: Stealth Rock
|move|p1a: Gliscor|Stealth Rock|p2a: Glimmora
|-sidestart|p2: bongzongweedluvr|move: Stealth Rock
|
|upkeep
|turn|3
|
|t:|1781200295
|switch|p1a: Iron Crown|Iron Crown|100/100
|-damage|p1a: Iron Crown|94/100|[from] Stealth Rock
|move|p2a: Glimmora|Mortal Spin|p1a: Iron Crown
|-immune|p1a: Iron Crown
|
|upkeep
|turn|4
|
|t:|1781200302
|move|p1a: Iron Crown|Tachyon Cutter|p2a: Glimmora
|-supereffective|p2a: Glimmora
|-damage|p2a: Glimmora|9/100
|-supereffective|p2a: Glimmora
|-damage|p2a: Glimmora|0 fnt
|faint|p2a: Glimmora
|-hitcount|p2: Glimmora|2
|
|upkeep
|
|t:|1781200307
|switch|p2a: Greninja|Greninja, M|100/100
|-damage|p2a: Greninja|88/100|[from] Stealth Rock
|turn|5
|
|t:|1781200314
|move|p2a: Greninja|Surf|p1a: Iron Crown
|-damage|p1a: Iron Crown|65/100
|move|p1a: Iron Crown|Volt Switch|p2a: Greninja
|-supereffective|p2a: Greninja
|-damage|p2a: Greninja|17/100
|
|t:|1781200321
|-end|p1a: Iron Crown|Quark Drive|[silent]
|switch|p1a: Dragonite|Dragonite, F|100/100|[from] Volt Switch
|
|upkeep
|turn|6
|
|t:|1781200330
|switch|p2a: Ceruledge|Ceruledge, M|100/100
|-damage|p2a: Ceruledge|76/100|[from] Stealth Rock
|-item|p2a: Ceruledge|Air Balloon
|move|p1a: Dragonite|Extreme Speed|p2a: Ceruledge
|-immune|p2a: Ceruledge
|
|upkeep
|turn|7
|
|t:|1781200340
|move|p2a: Ceruledge|Poltergeist|p1a: Dragonite
|-activate|p1a: Dragonite|move: Poltergeist|Heavy-Duty Boots
|-damage|p1a: Dragonite|75/100
|move|p1a: Dragonite|Dragon Tail|p2a: Ceruledge
|-damage|p2a: Ceruledge|28/100
|-ability|p2a: Ceruledge|Weak Armor|boost
|-unboost|p2a: Ceruledge|def|1
|-boost|p2a: Ceruledge|spe|2
|-enditem|p2a: Ceruledge|Air Balloon
|drag|p2a: Iron Valiant|Iron Valiant|100/100
|-damage|p2a: Iron Valiant|94/100|[from] Stealth Rock
|-enditem|p2a: Iron Valiant|Booster Energy
|-activate|p2a: Iron Valiant|ability: Quark Drive|[fromitem]
|-start|p2a: Iron Valiant|quarkdrivespe
|
|upkeep
|turn|8
|
|t:|1781200365
|switch|p1a: Gliscor|Gliscor, M|100/100 tox
|-damage|p1a: Gliscor|88/100 tox|[from] Stealth Rock
|move|p2a: Iron Valiant|Calm Mind|p2a: Iron Valiant
|-boost|p2a: Iron Valiant|spa|1
|-boost|p2a: Iron Valiant|spd|1
|
|-heal|p1a: Gliscor|100/100 tox|[from] ability: Poison Heal
|upkeep
|turn|9
|
|t:|1781200373
|move|p2a: Iron Valiant|Moonblast|p1a: Gliscor
|-damage|p1a: Gliscor|36/100 tox
|move|p1a: Gliscor|Earthquake|p2a: Iron Valiant
|-damage|p2a: Iron Valiant|53/100
|
|-heal|p1a: Gliscor|48/100 tox|[from] ability: Poison Heal
|upkeep
|turn|10
|
|t:|1781200379
|move|p2a: Iron Valiant|Moonblast|p1a: Gliscor
|-damage|p1a: Gliscor|0 fnt
|faint|p1a: Gliscor
|
|upkeep
|
|t:|1781200385
|switch|p1a: Iron Crown|Iron Crown|65/100
|-damage|p1a: Iron Crown|59/100|[from] Stealth Rock
|turn|11
|
|t:|1781200392
|-terastallize|p2a: Iron Valiant|Ghost
|move|p2a: Iron Valiant|Shadow Ball|p1a: Iron Crown
|-supereffective|p1a: Iron Crown
|-damage|p1a: Iron Crown|0 fnt
|faint|p1a: Iron Crown
|-end|p1a: Iron Crown|Quark Drive|[silent]
|
|upkeep
|
|t:|1781200400
|switch|p1a: Arboliva|Arboliva, F|100/100
|-status|p1a: Arboliva|psn
|-damage|p1a: Arboliva|88/100 psn|[from] Stealth Rock
|turn|12
|
|t:|1781200404
|move|p2a: Iron Valiant|Moonblast|p1a: Arboliva
|-crit|p1a: Arboliva
|-damage|p1a: Arboliva|0 fnt
|faint|p1a: Arboliva
|
|upkeep
|
|t:|1781200411
|switch|p1a: Dragonite|Dragonite, F|75/100
|turn|13
|
|t:|1781200417
|-terastallize|p1a: Dragonite|Normal
|move|p2a: Iron Valiant|Moonblast|p1a: Dragonite
|-damage|p1a: Dragonite|9/100
|-unboost|p1a: Dragonite|spa|1
|move|p1a: Dragonite|Dragon Tail|p2a: Iron Valiant
|-damage|p2a: Iron Valiant|8/100
|-end|p2a: Iron Valiant|Quark Drive|[silent]
|drag|p2a: Greninja|Greninja, M|17/100
|-damage|p2a: Greninja|5/100|[from] Stealth Rock
|
|upkeep
|turn|14
|
|t:|1781200428
|switch|p2a: Ceruledge|Ceruledge, M|28/100
|-damage|p2a: Ceruledge|4/100|[from] Stealth Rock
|move|p1a: Dragonite|Extreme Speed|p2a: Ceruledge
|-immune|p2a: Ceruledge
|
|upkeep
|turn|15
|
|t:|1781200442
|move|p2a: Ceruledge|Bitter Blade|p1a: Dragonite
|-damage|p1a: Dragonite|0 fnt
|-heal|p2a: Ceruledge|9/100|[from] drain|[of] p1a: Dragonite
|faint|p1a: Dragonite
|
|upkeep
|
|t:|1781200447
|switch|p1a: Zamazenta|Zamazenta|100/100
|-status|p1a: Zamazenta|psn
|-damage|p1a: Zamazenta|94/100 psn|[from] Stealth Rock
|-ability|p1a: Zamazenta|Dauntless Shield|boost
|-boost|p1a: Zamazenta|def|1
|turn|16
|l| Almirante Matthew
|
|t:|1781200452
|move|p2a: Ceruledge|Shadow Sneak|p1a: Zamazenta
|-damage|p1a: Zamazenta|83/100 psn
|move|p1a: Zamazenta|Ice Fang|p2a: Ceruledge
|-resisted|p2a: Ceruledge
|-damage|p2a: Ceruledge|0 fnt
|faint|p2a: Ceruledge
|
|-damage|p1a: Zamazenta|71/100 psn|[from] psn
|upkeep
|
|t:|1781200459
|switch|p2a: Iron Valiant|Iron Valiant, tera:Ghost|8/100
|-damage|p2a: Iron Valiant|0 fnt|[from] Stealth Rock
|faint|p2a: Iron Valiant
|-end|p2a: Iron Valiant|Quark Drive|[silent]
|
|t:|1781200465
|switch|p2a: Garchomp|Garchomp, F|100/100
|-damage|p2a: Garchomp|94/100|[from] Stealth Rock
|turn|17
|
|t:|1781200472
|switch|p1a: Hatterene|Hatterene, F|100/100
|-status|p1a: Hatterene|psn
|-damage|p1a: Hatterene|88/100 psn|[from] Stealth Rock
|switch|p2a: Greninja|Greninja, M|5/100
|-damage|p2a: Greninja|0 fnt|[from] Stealth Rock
|faint|p2a: Greninja
|
|-damage|p1a: Hatterene|76/100 psn|[from] psn
|upkeep
|
|t:|1781200476
|switch|p2a: Kingambit|Kingambit, M|100/100
|-damage|p2a: Kingambit|94/100|[from] Stealth Rock
|-activate|p2a: Kingambit|ability: Supreme Overlord
|-start|p2a: Kingambit|fallen4|[silent]
|turn|18
|
|t:|1781200485
|move|p2a: Kingambit|Iron Head|p1a: Hatterene
|-supereffective|p1a: Hatterene
|-damage|p1a: Hatterene|0 fnt
|-damage|p2a: Kingambit|78/100|[from] item: Rocky Helmet|[of] p1a: Hatterene
|faint|p1a: Hatterene
|
|upkeep
|
|t:|1781200487
|switch|p1a: Zamazenta|Zamazenta|71/100 psn
|-damage|p1a: Zamazenta|65/100 psn|[from] Stealth Rock
|turn|19
|j| nesnot
|j| Perola P
|inactive|bongzongweedluvr has 120 seconds left.
|
|t:|1781200522
|move|p2a: Kingambit|Sucker Punch|p1a: Zamazenta
|-resisted|p1a: Zamazenta
|-damage|p1a: Zamazenta|37/100 psn
|move|p1a: Zamazenta|Ice Fang|p2a: Kingambit
|-resisted|p2a: Kingambit
|-damage|p2a: Kingambit|69/100
|
|-damage|p1a: Zamazenta|25/100 psn|[from] psn
|upkeep
|turn|20
|l| nesnot
|
|t:|1781200527
|move|p2a: Kingambit|Sucker Punch|p1a: Zamazenta
|-resisted|p1a: Zamazenta
|-damage|p1a: Zamazenta|0 fnt
|faint|p1a: Zamazenta
|
|win|bongzongweedluvr
|raw|Klopple's rating: 1627 &rarr; <strong>1608</strong><br />(-19 for losing)
|raw|bongzongweedluvr's rating: 1652 &rarr; <strong>1671</strong><br />(+19 for winning)
|l|☆Klopple
|player|p1|
|l|☆bongzongweedluvr
|player|p2|
|l| kopkwepd
|l| Perola P
