|j|☆CassiusAuBellossom
|j|☆rockeater9000
|t:|1781452754
|gametype|singles
|player|p1|CassiusAuBellossom|101|1533
|player|p2|rockeater9000|102|1637
|gen|9
|tier|[Gen 9] OU
|rated|
|rule|HP Percentage Mod: HP is shown in percentages
|rule|Endless Battle Clause: Forcing endless battles is banned
|rule|Species Clause: Limit one of each Pokémon
|rule|OHKO Clause: OHKO moves are banned
|rule|Evasion Items Clause: Evasion items are banned
|rule|Evasion Moves Clause: Evasion moves are banned
|rule|Evasion Abilities Clause: Evasion abilities are banned
|rule|Sleep Moves Clause: Sleep-inducing moves are banned
|clearpoke
|poke|p1|Pelipper, F|
|poke|p1|Beartic, F|
|poke|p1|Barraskewda, M|
|poke|p1|Zapdos|
|poke|p1|Ogerpon-Wellspring, F|
|poke|p1|Hatterene, F|
|poke|p2|Greninja-*, M|
|poke|p2|Glimmora, M|
|poke|p2|Garchomp, M|
|poke|p2|Iron Valiant|
|poke|p2|Kingambit, M|
|poke|p2|Ceruledge, M|
|teampreview
|inactive|Battle timer is ON: inactive players will automatically lose when time's up. (requested by CassiusAuBellossom)
|l|☆rockeater9000
|inactive|rockeater9000 disconnected and has a minute to reconnect!
|player|p2|
|inactive|rockeater9000 has 30 seconds to reconnect!
|inactive|rockeater9000 has 20 seconds to reconnect!
|j|☆rockeater9000
|inactive|rockeater9000 reconnected and has 110 seconds left.
|player|p2|rockeater9000|102|
|
|t:|1781452810
|teamsize|p1|6
|teamsize|p2|6
|start
|switch|p1a: Armin|Pelipper, F|100/100
|switch|p2a: Glimmora|Glimmora, M|100/100
|-weather|RainDance|[from] ability: Drizzle|[of] p1a: Armin
|turn|1
|
|t:|1781452818
|switch|p1a: Annie|Hatterene, F|100/100
|move|p2a: Glimmora|Meteor Beam||[still]
|-prepare|p2a: Glimmora|Meteor Beam
|-boost|p2a: Glimmora|spa|1
|-enditem|p2a: Glimmora|Power Herb
|-anim|p2a: Glimmora|Meteor Beam|p1a: Annie
|-damage|p1a: Annie|7/100
|-enditem|p1a: Annie|Eject Button
|
|t:|1781452829
|switch|p1a: Zeke|Zapdos|100/100
|
|-weather|RainDance|[upkeep]
|upkeep
|turn|2
|
|t:|1781452841
|switch|p2a: Greninja|Greninja, M|100/100
|move|p1a: Zeke|Weather Ball|p2a: Greninja
|-resisted|p2a: Greninja
|-damage|p2a: Greninja|60/100
|
|-weather|RainDance|[upkeep]
|upkeep
|turn|3
|
|t:|1781452860
|move|p2a: Greninja|Ice Beam|p1a: Zeke
|-supereffective|p1a: Zeke
|-damage|p1a: Zeke|45/100
|-damage|p2a: Greninja|50/100|[from] item: Life Orb
|move|p1a: Zeke|Volt Switch|p2a: Greninja
|-supereffective|p2a: Greninja
|-damage|p2a: Greninja|0 fnt
|faint|p2a: Greninja
|
|t:|1781452874
|switch|p1a: Levi|Barraskewda, M|100/100|[from] Volt Switch
|
|-weather|RainDance|[upkeep]
|upkeep
|
|t:|1781452881
|switch|p2a: Kingambit|Kingambit, M|100/100
|-activate|p2a: Kingambit|ability: Supreme Overlord
|-start|p2a: Kingambit|fallen1|[silent]
|turn|4
|inactive|CassiusAuBellossom has 120 seconds left.
|inactive|CassiusAuBellossom has 90 seconds left.
|
|t:|1781452951
|switch|p1a: Mikasa|Ogerpon-Wellspring, F|100/100
|-end|p2a: Kingambit|fallen1|[silent]
|switch|p2a: Ceruledge|Ceruledge, M|100/100
|-item|p2a: Ceruledge|Air Balloon
|
|-weather|RainDance|[upkeep]
|upkeep
|turn|5
|
|t:|1781452959
|move|p2a: Ceruledge|Shadow Sneak|p1a: Mikasa
|-damage|p1a: Mikasa|75/100
|move|p1a: Mikasa|Ivy Cudgel|p2a: Ceruledge|[anim] Ivy Cudgel Water
|-supereffective|p2a: Ceruledge
|-crit|p2a: Ceruledge
|-damage|p2a: Ceruledge|0 fnt
|-enditem|p2a: Ceruledge|Air Balloon
|faint|p2a: Ceruledge
|
|-weather|RainDance|[upkeep]
|upkeep
|
|t:|1781452985
|switch|p2a: Iron Valiant|Iron Valiant|100/100
|-enditem|p2a: Iron Valiant|Booster Energy
|-activate|p2a: Iron Valiant|ability: Quark Drive|[fromitem]
|-start|p2a: Iron Valiant|quarkdrivespe
|turn|6
|inactive|CassiusAuBellossom has 90 seconds left.
|inactive|CassiusAuBellossom has 60 seconds left.
|l|☆rockeater9000
|inactive|rockeater9000 disconnected and has a minute to reconnect!
|player|p2|
|inactive|CassiusAuBellossom has 30 seconds left.
|j|☆rockeater9000
|inactive|rockeater9000 reconnected.
|player|p2|rockeater9000|102|
|inactive|CassiusAuBellossom has 20 seconds left.
|inactive|CassiusAuBellossom has 15 seconds left.
|inactive|CassiusAuBellossom has 10 seconds left.
|
|t:|1781453077
|switch|p1a: Annie|Hatterene, F|7/100
|move|p2a: Iron Valiant|Close Combat|p1a: Annie
|-resisted|p1a: Annie
|-damage|p1a: Annie|0 fnt
|-unboost|p2a: Iron Valiant|def|1
|-unboost|p2a: Iron Valiant|spd|1
|faint|p1a: Annie
|
|-weather|RainDance|[upkeep]
|upkeep
|inactive|CassiusAuBellossom has 15 seconds left this turn.
|inactive|CassiusAuBellossom has 10 seconds left.
|inactive|CassiusAuBellossom has 5 seconds left.
|
|t:|1781453087
|switch|p1a: Levi|Barraskewda, M|100/100
|turn|7
|inactive|CassiusAuBellossom has 15 seconds left this turn.
|
|t:|1781453093
|move|p1a: Levi|Liquidation|p2a: Iron Valiant
|-damage|p2a: Iron Valiant|0 fnt
|faint|p2a: Iron Valiant
|-end|p2a: Iron Valiant|Quark Drive|[silent]
|
|-weather|RainDance|[upkeep]
|upkeep
|
|t:|1781453095
|switch|p2a: Kingambit|Kingambit, M|100/100
|-activate|p2a: Kingambit|ability: Supreme Overlord
|-start|p2a: Kingambit|fallen3|[silent]
|turn|8
|inactive|CassiusAuBellossom has 30 seconds left this turn.
|
|t:|1781453103
|move|p2a: Kingambit|Sucker Punch|p1a: Levi
|-damage|p1a: Levi|0 fnt
|faint|p1a: Levi
|
|-weather|none
|upkeep
|inactive|CassiusAuBellossom has 30 seconds left this turn.
|
|t:|1781453110
|switch|p1a: Mikasa|Ogerpon-Wellspring, F|75/100
|turn|9
|
|t:|1781453128
|-end|p2a: Kingambit|fallen3|[silent]
|switch|p2a: Glimmora|Glimmora, M|100/100
|move|p1a: Mikasa|Encore||[still]
|-fail|p1a: Mikasa
|
|upkeep
|turn|10
|
|t:|1781453141
|-terastallize|p2a: Glimmora|Ghost
|move|p1a: Mikasa|Ivy Cudgel|p2a: Glimmora|[anim] Ivy Cudgel Water
|-damage|p2a: Glimmora|28/100
|-activate|p2a: Glimmora|ability: Toxic Debris
|-sidestart|p1: CassiusAuBellossom|move: Toxic Spikes
|move|p2a: Glimmora|Meteor Beam||[still]
|-prepare|p2a: Glimmora|Meteor Beam
|-boost|p2a: Glimmora|spa|1
|
|upkeep
|turn|11
|
|t:|1781453152
|move|p1a: Mikasa|Ivy Cudgel|p2a: Glimmora|[anim] Ivy Cudgel Water
|-damage|p2a: Glimmora|0 fnt
|-activate|p2a: Glimmora|ability: Toxic Debris
|-sidestart|p1: CassiusAuBellossom|move: Toxic Spikes
|faint|p2a: Glimmora
|
|upkeep
|
|t:|1781453154
|switch|p2a: Garchomp|Garchomp, M|100/100
|turn|12
|
|t:|1781453161
|switch|p1a: Armin|Pelipper, F|100/100
|-weather|RainDance|[from] ability: Drizzle|[of] p1a: Armin
|move|p2a: Garchomp|Scale Shot|p1a: Armin
|-damage|p1a: Armin|89/100
|-damage|p1a: Armin|78/100
|-crit|p1a: Armin
|-damage|p1a: Armin|63/100
|-damage|p1a: Armin|50/100
|-damage|p1a: Armin|39/100
|-hitcount|p1a: Armin|5
|-unboost|p2a: Garchomp|def|1
|-boost|p2a: Garchomp|spe|1
|
|-weather|RainDance|[upkeep]
|upkeep
|turn|13
|
|t:|1781453178
|-terastallize|p1a: Armin|Steel
|move|p2a: Garchomp|Scale Shot|p1a: Armin
|-resisted|p1a: Armin
|-damage|p1a: Armin|33/100
|-resisted|p1a: Armin
|-damage|p1a: Armin|28/100
|-resisted|p1a: Armin
|-damage|p1a: Armin|22/100
|-resisted|p1a: Armin
|-damage|p1a: Armin|17/100
|-hitcount|p1a: Armin|4
|-unboost|p2a: Garchomp|def|1
|-boost|p2a: Garchomp|spe|1
|move|p1a: Armin|Ice Beam|p2a: Garchomp
|-supereffective|p2a: Garchomp
|-damage|p2a: Garchomp|21/100
|
|-weather|RainDance|[upkeep]
|upkeep
|turn|14
|
|t:|1781453198
|move|p2a: Garchomp|Earthquake|p1a: Armin
|-supereffective|p1a: Armin
|-damage|p1a: Armin|0 fnt
|faint|p1a: Armin
|
|-weather|RainDance|[upkeep]
|upkeep
|
|t:|1781453205
|switch|p1a: Eren|Beartic, F|100/100
|-status|p1a: Eren|tox
|turn|15
|
|t:|1781453212
|move|p2a: Garchomp|Earthquake|p1a: Eren
|-damage|p1a: Eren|32/100 tox
|move|p1a: Eren|Earthquake|p2a: Garchomp
|-damage|p2a: Garchomp|0 fnt
|faint|p2a: Garchomp
|
|-weather|RainDance|[upkeep]
|-damage|p1a: Eren|26/100 tox|[from] psn
|upkeep
|
|t:|1781453215
|switch|p2a: Kingambit|Kingambit, M|100/100
|-activate|p2a: Kingambit|ability: Supreme Overlord
|-start|p2a: Kingambit|fallen5|[silent]
|turn|16
|
|t:|1781453230
|move|p1a: Eren|Earthquake|p2a: Kingambit
|-supereffective|p2a: Kingambit
|-damage|p2a: Kingambit|36/100
|move|p2a: Kingambit|Kowtow Cleave|p1a: Eren
|-damage|p1a: Eren|0 fnt
|faint|p1a: Eren
|
|-weather|RainDance|[upkeep]
|upkeep
|
|t:|1781453239
|switch|p1a: Mikasa|Ogerpon-Wellspring, F|75/100
|-status|p1a: Mikasa|tox
|turn|17
|
|t:|1781453243
|move|p2a: Kingambit|Sucker Punch||[still]
|-fail|p2a: Kingambit
|move|p1a: Mikasa|Encore|p2a: Kingambit
|-start|p2a: Kingambit|Encore
|
|-weather|RainDance|[upkeep]
|-damage|p1a: Mikasa|69/100 tox|[from] psn
|upkeep
|turn|18
|-message|rockeater9000 forfeited.
|
|win|CassiusAuBellossom
|raw|CassiusAuBellossom's rating: 1533 &rarr; <strong>1559</strong><br />(+26 for winning)
|raw|rockeater9000's rating: 1637 &rarr; <strong>1611</strong><br />(-26 for losing)
|l|☆rockeater9000
|player|p2|
|l|☆CassiusAuBellossom
|player|p1|
