|j|☆Humerus_Skelepun
|j|☆Mkap
|t:|1781150734
|gametype|singles
|player|p1|Humerus_Skelepun|169|1552
|player|p2|Mkap|2|1623
|gen|9
|tier|[Gen 9] OU
|rated|
|rule|HP Percentage Mod: HP is shown in percentages
|rule|Endless Battle Clause: Forcing endless battles is banned
|rule|Species Clause: Limit one of each Pokémon
|rule|OHKO Clause: OHKO moves are banned
|rule|Evasion Items Clause: Evasion items are banned
|rule|Evasion Moves Clause: Evasion moves are banned
|rule|Evasion Abilities Clause: Evasion abilities are banned
|rule|Sleep Moves Clause: Sleep-inducing moves are banned
|clearpoke
|poke|p1|Regieleki|
|poke|p1|Alomomola, F|
|poke|p1|Cinderace, F|
|poke|p1|Slowking-Galar, F|
|poke|p1|Kyurem|
|poke|p1|Great Tusk|
|poke|p2|Chesnaught, F|
|poke|p2|Iron Treads|
|poke|p2|Raging Bolt|
|poke|p2|Enamorus, F|
|poke|p2|Manaphy|
|poke|p2|Zamazenta-*|
|teampreview
|inactive|Battle timer is ON: inactive players will automatically lose when time's up. (requested by Humerus_Skelepun)
|inactive|Humerus_Skelepun has 120 seconds left.
|
|t:|1781150773
|teamsize|p1|6
|teamsize|p2|6
|start
|switch|p1a: Cinderace|Cinderace, F|100/100
|switch|p2a: Iron Treads|Iron Treads|100/100
|-enditem|p2a: Iron Treads|Booster Energy
|-activate|p2a: Iron Treads|ability: Quark Drive|[fromitem]
|-start|p2a: Iron Treads|quarkdrivespe
|turn|1
|
|t:|1781150783
|switch|p1a: Great Tusk|Great Tusk|100/100
|move|p2a: Iron Treads|Earth Power|p1a: Great Tusk
|-damage|p1a: Great Tusk|59/100
|
|upkeep
|turn|2
|
|t:|1781150790
|-end|p1a: Great Tusk|Protosynthesis|[silent]
|switch|p1a: Alomomola|Alomomola, F|100/100
|move|p2a: Iron Treads|Steel Beam|p1a: Alomomola
|-resisted|p1a: Alomomola
|-damage|p1a: Alomomola|89/100
|-damage|p2a: Iron Treads|50/100|[from] steelbeam
|
|upkeep
|turn|3
|
|t:|1781150801
|move|p2a: Iron Treads|Stealth Rock|p1a: Alomomola
|-sidestart|p1: Humerus_Skelepun|move: Stealth Rock
|move|p1a: Alomomola|Scald|p2a: Iron Treads
|-supereffective|p2a: Iron Treads
|-damage|p2a: Iron Treads|14/100
|
|upkeep
|turn|4
|
|t:|1781150813
|-end|p2a: Iron Treads|Quark Drive|[silent]
|switch|p2a: Raging Bolt|Raging Bolt|100/100
|move|p1a: Alomomola|Flip Turn|p2a: Raging Bolt
|-resisted|p2a: Raging Bolt
|-damage|p2a: Raging Bolt|93/100
|
|t:|1781150816
|switch|p1a: Great Tusk|Great Tusk|59/100|[from] Flip Turn
|-damage|p1a: Great Tusk|56/100|[from] Stealth Rock
|
|-heal|p2a: Raging Bolt|99/100|[from] item: Leftovers
|upkeep
|turn|5
|
|t:|1781150825
|-end|p2a: Raging Bolt|Protosynthesis|[silent]
|switch|p2a: Chesnaught|Chesnaught, F|100/100
|move|p1a: Great Tusk|Headlong Rush|p2a: Chesnaught
|-resisted|p2a: Chesnaught
|-damage|p2a: Chesnaught|76/100
|-unboost|p1a: Great Tusk|def|1
|-unboost|p1a: Great Tusk|spd|1
|
|upkeep
|turn|6
|
|t:|1781150831
|-end|p1a: Great Tusk|Protosynthesis|[silent]
|switch|p1a: Alomomola|Alomomola, F|100/100
|-damage|p1a: Alomomola|88/100|[from] Stealth Rock
|move|p2a: Chesnaught|Trailblaze|p1a: Alomomola
|-supereffective|p1a: Alomomola
|-damage|p1a: Alomomola|55/100
|-boost|p2a: Chesnaught|spe|1
|
|upkeep
|turn|7
|
|t:|1781150840
|move|p2a: Chesnaught|Belly Drum|p2a: Chesnaught
|-damage|p2a: Chesnaught|26/100
|-setboost|p2a: Chesnaught|atk|6|[from] move: Belly Drum
|move|p1a: Alomomola|Scald|p2a: Chesnaught
|-resisted|p2a: Chesnaught
|-damage|p2a: Chesnaught|17/100
|-status|p2a: Chesnaught|brn
|-enditem|p2a: Chesnaught|Salac Berry|[eat]
|-boost|p2a: Chesnaught|spe|1|[from] item: Salac Berry
|
|-damage|p2a: Chesnaught|11/100 brn|[from] brn
|upkeep
|turn|8
|
|t:|1781150844
|switch|p1a: Great Tusk|Great Tusk|56/100
|-damage|p1a: Great Tusk|53/100|[from] Stealth Rock
|move|p2a: Chesnaught|Drain Punch|p1a: Great Tusk
|-damage|p1a: Great Tusk|10/100
|-heal|p2a: Chesnaught|41/100 brn|[from] drain|[of] p1a: Great Tusk
|-damage|p2a: Chesnaught|24/100 brn|[from] item: Rocky Helmet|[of] p1a: Great Tusk
|
|-damage|p2a: Chesnaught|18/100 brn|[from] brn
|upkeep
|turn|9
|
|t:|1781150853
|move|p2a: Chesnaught|Drain Punch|p1a: Great Tusk
|-damage|p1a: Great Tusk|0 fnt
|-heal|p2a: Chesnaught|25/100 brn|[from] drain|[of] p1a: Great Tusk
|-damage|p2a: Chesnaught|8/100 brn|[from] item: Rocky Helmet|[of] p1a: Great Tusk
|faint|p1a: Great Tusk
|-end|p1a: Great Tusk|Protosynthesis|[silent]
|
|-damage|p2a: Chesnaught|2/100 brn|[from] brn
|upkeep
|
|t:|1781150860
|switch|p1a: Regieleki|Regieleki|100/100
|-damage|p1a: Regieleki|88/100|[from] Stealth Rock
|turn|10
|
|t:|1781150866
|move|p1a: Regieleki|Rapid Spin|p2a: Chesnaught
|-damage|p2a: Chesnaught|0 fnt
|-boost|p1a: Regieleki|spe|1
|-sideend|p1: Humerus_Skelepun|Stealth Rock|[from] move: Rapid Spin|[of] p1a: Regieleki
|faint|p2a: Chesnaught
|
|upkeep
|
|t:|1781150869
|switch|p2a: Iron Treads|Iron Treads|14/100
|turn|11
|
|t:|1781150873
|switch|p1a: Alomomola|Alomomola, F|89/100
|move|p2a: Iron Treads|Stealth Rock|p1a: Alomomola
|-sidestart|p1: Humerus_Skelepun|move: Stealth Rock
|
|upkeep
|turn|12
|
|t:|1781150880
|move|p2a: Iron Treads|Steel Beam|p1a: Alomomola
|-resisted|p1a: Alomomola
|-damage|p1a: Alomomola|76/100
|-damage|p2a: Iron Treads|0 fnt|[from] steelbeam
|faint|p2a: Iron Treads
|-end|p2a: Iron Treads|Quark Drive|[silent]
|move|p1a: Alomomola|Flip Turn|p2: Iron Treads|[notarget]
|-fail|p1a: Alomomola
|
|upkeep
|
|t:|1781150885
|switch|p2a: Raging Bolt|Raging Bolt|99/100
|turn|13
|
|t:|1781150892
|move|p2a: Raging Bolt|Calm Mind|p2a: Raging Bolt
|-boost|p2a: Raging Bolt|spa|1
|-boost|p2a: Raging Bolt|spd|1
|move|p1a: Alomomola|Mirror Coat||[still]
|-fail|p1a: Alomomola
|
|-heal|p2a: Raging Bolt|100/100|[from] item: Leftovers
|upkeep
|turn|14
|
|t:|1781150907
|move|p2a: Raging Bolt|Calm Mind|p2a: Raging Bolt
|-boost|p2a: Raging Bolt|spa|1
|-boost|p2a: Raging Bolt|spd|1
|move|p1a: Alomomola|Flip Turn|p2a: Raging Bolt
|-resisted|p2a: Raging Bolt
|-damage|p2a: Raging Bolt|93/100
|
|t:|1781150922
|switch|p1a: Kyurem|Kyurem|100/100|[from] Flip Turn
|-damage|p1a: Kyurem|76/100|[from] Stealth Rock
|-ability|p1a: Kyurem|Pressure
|
|-heal|p2a: Raging Bolt|99/100|[from] item: Leftovers
|upkeep
|turn|15
|
|t:|1781150933
|-terastallize|p2a: Raging Bolt|Fairy
|move|p1a: Kyurem|Icicle Spear|p2a: Raging Bolt
|-damage|p2a: Raging Bolt|86/100
|-damage|p2a: Raging Bolt|72/100
|-damage|p2a: Raging Bolt|58/100
|-damage|p2a: Raging Bolt|44/100
|-damage|p2a: Raging Bolt|32/100
|-hitcount|p2a: Raging Bolt|5
|move|p2a: Raging Bolt|Draco Meteor|p1a: Kyurem
|-supereffective|p1a: Kyurem
|-damage|p1a: Kyurem|0 fnt
|-unboost|p2a: Raging Bolt|spa|2
|faint|p1a: Kyurem
|
|-heal|p2a: Raging Bolt|38/100|[from] item: Leftovers
|upkeep
|
|t:|1781150944
|switch|p1a: Cinderace|Cinderace, F|100/100
|turn|16
|
|t:|1781150955
|-end|p2a: Raging Bolt|Protosynthesis|[silent]
|switch|p2a: Zamazenta|Zamazenta|100/100
|-ability|p2a: Zamazenta|Dauntless Shield|boost
|-boost|p2a: Zamazenta|def|1
|move|p1a: Cinderace|Pyro Ball|p2a: Zamazenta
|-damage|p2a: Zamazenta|70/100
|
|upkeep
|turn|17
|
|t:|1781150963
|move|p2a: Zamazenta|Body Press|p1a: Cinderace
|-damage|p1a: Cinderace|35/100
|move|p1a: Cinderace|Court Change|p1a: Cinderace
|-start|p1a: Cinderace|typechange|Normal|[from] ability: Libero
|-swapsideconditions
|-activate|p1a: Cinderace|move: Court Change
|
|upkeep
|turn|18
|
|t:|1781150972
|switch|p1a: Slowking|Slowking-Galar, F|100/100
|move|p2a: Zamazenta|Body Press|p1a: Slowking
|-resisted|p1a: Slowking
|-damage|p1a: Slowking|88/100
|
|upkeep
|turn|19
|
|t:|1781150987
|move|p2a: Zamazenta|Light Screen|p2a: Zamazenta
|-sidestart|p2: Mkap|move: Light Screen
|-prepare|p1a: Slowking|Chilly Reception|[premajor]
|move|p1a: Slowking|Chilly Reception|p1a: Slowking
|-weather|Snowscape
|
|t:|1781150989
|switch|p1a: Regieleki|Regieleki|88/100|[from] Chilly Reception
|
|-weather|Snowscape|[upkeep]
|upkeep
|turn|20
|
|t:|1781150995
|switch|p2a: Raging Bolt|Raging Bolt, tera:Fairy|38/100
|-damage|p2a: Raging Bolt|25/100|[from] Stealth Rock
|-terastallize|p1a: Regieleki|Electric
|move|p1a: Regieleki|Volt Switch|p2a: Raging Bolt
|-damage|p2a: Raging Bolt|0 fnt
|faint|p2a: Raging Bolt
|-end|p2a: Raging Bolt|Protosynthesis|[silent]
|
|t:|1781151004
|switch|p1a: Slowking|Slowking-Galar, F|100/100|[from] Volt Switch
|
|-weather|Snowscape|[upkeep]
|upkeep
|
|t:|1781151009
|switch|p2a: Manaphy|Manaphy|100/100
|-damage|p2a: Manaphy|88/100|[from] Stealth Rock
|turn|21
|
|t:|1781151024
|move|p2a: Manaphy|Tail Glow|p2a: Manaphy
|-boost|p2a: Manaphy|spa|3
|move|p1a: Slowking|Thunder Wave|p2a: Manaphy
|-status|p2a: Manaphy|par
|
|-weather|Snowscape|[upkeep]
|-heal|p2a: Manaphy|94/100 par|[from] item: Leftovers
|upkeep
|turn|22
|inactive|Mkap has 120 seconds left.
|
|t:|1781151057
|cant|p2a: Manaphy|par
|-prepare|p1a: Slowking|Chilly Reception|[premajor]
|move|p1a: Slowking|Chilly Reception|p1a: Slowking
|
|t:|1781151063
|switch|p1a: Cinderace|Cinderace, F|35/100|[from] Chilly Reception
|
|-weather|Snowscape|[upkeep]
|-heal|p2a: Manaphy|100/100 par|[from] item: Leftovers
|upkeep
|turn|23
|
|t:|1781151067
|move|p1a: Cinderace|Court Change|p1a: Cinderace
|-start|p1a: Cinderace|typechange|Normal|[from] ability: Libero
|-swapsideconditions
|-activate|p1a: Cinderace|move: Court Change
|cant|p2a: Manaphy|par
|
|-weather|none
|upkeep
|turn|24
|
|t:|1781151078
|move|p1a: Cinderace|U-turn|p2a: Manaphy
|-damage|p2a: Manaphy|78/100 par
|
|t:|1781151084
|switch|p1a: Slowking|Slowking-Galar, F|100/100|[from] U-turn
|-damage|p1a: Slowking|88/100|[from] Stealth Rock
|cant|p2a: Manaphy|par
|
|-heal|p2a: Manaphy|84/100 par|[from] item: Leftovers
|upkeep
|turn|25
|
|t:|1781151091
|switch|p1a: Cinderace|Cinderace, F|35/100
|cant|p2a: Manaphy|par
|
|-heal|p2a: Manaphy|91/100 par|[from] item: Leftovers
|upkeep
|turn|26
|c|☆Humerus_Skelepun|lol
|
|t:|1781151099
|move|p1a: Cinderace|Sucker Punch|p2a: Manaphy
|-start|p1a: Cinderace|typechange|Dark|[from] ability: Libero
|-damage|p2a: Manaphy|56/100 par
|move|p2a: Manaphy|Surf|p1a: Cinderace
|-damage|p1a: Cinderace|0 fnt
|faint|p1a: Cinderace
|
|-heal|p2a: Manaphy|62/100 par|[from] item: Leftovers
|-sideend|p1: Humerus_Skelepun|move: Light Screen
|upkeep
|
|t:|1781151104
|switch|p1a: Regieleki|Regieleki, tera:Electric|88/100
|-damage|p1a: Regieleki|76/100|[from] Stealth Rock
|turn|27
|
|t:|1781151108
|move|p1a: Regieleki|Thunderbolt|p2a: Manaphy
|-supereffective|p2a: Manaphy
|-damage|p2a: Manaphy|0 fnt
|faint|p2a: Manaphy
|
|upkeep
|
|t:|1781151127
|switch|p2a: Zamazenta|Zamazenta|70/100
|turn|28
|-message|Mkap forfeited.
|
|win|Humerus_Skelepun
|raw|Humerus_Skelepun's rating: 1552 &rarr; <strong>1576</strong><br />(+24 for winning)
|raw|Mkap's rating: 1623 &rarr; <strong>1599</strong><br />(-24 for losing)
|l|☆Mkap
|player|p2|
|c|☆Humerus_Skelepun|gg
