|j|☆remove sun teams
|j|☆jd2sleepy
|t:|1781181146
|gametype|singles
|player|p1|remove sun teams|101|1617
|player|p2|jd2sleepy|blackbelt-gen4dp|1585
|gen|9
|tier|[Gen 9] OU
|rated|
|rule|HP Percentage Mod: HP is shown in percentages
|rule|Endless Battle Clause: Forcing endless battles is banned
|rule|Species Clause: Limit one of each Pokémon
|rule|OHKO Clause: OHKO moves are banned
|rule|Evasion Items Clause: Evasion items are banned
|rule|Evasion Moves Clause: Evasion moves are banned
|rule|Evasion Abilities Clause: Evasion abilities are banned
|rule|Sleep Moves Clause: Sleep-inducing moves are banned
|clearpoke
|poke|p1|Hoopa-Unbound|
|poke|p1|Pecharunt|
|poke|p1|Landorus-Therian, M|
|poke|p1|Cinderace, M|
|poke|p1|Alomomola, M|
|poke|p1|Iron Valiant|
|poke|p2|Pelipper, F|
|poke|p2|Greninja-*, M|
|poke|p2|Overqwil, M|
|poke|p2|Raging Bolt|
|poke|p2|Iron Treads|
|poke|p2|Kingambit, F|
|teampreview
|
|t:|1781181161
|teamsize|p1|6
|teamsize|p2|6
|start
|switch|p1a: Khaos|Hoopa-Unbound|100/100
|switch|p2a: Drizzy|Pelipper, F|100/100
|-weather|RainDance|[from] ability: Drizzle|[of] p2a: Drizzy
|turn|1
|c|☆remove sun teams|hf
|inactive|Battle timer is ON: inactive players will automatically lose when time's up. (requested by remove sun teams)
|
|t:|1781181180
|switch|p2a: Spike Em|Overqwil, M|100/100
|-terastallize|p1a: Khaos|Dark
|move|p1a: Khaos|Knock Off|p2a: Spike Em
|-resisted|p2a: Spike Em
|-damage|p2a: Spike Em|29/100
|-enditem|p2a: Spike Em|Life Orb|[from] move: Knock Off|[of] p1a: Khaos
|
|-weather|RainDance|[upkeep]
|upkeep
|turn|2
|
|t:|1781181196
|switch|p1a: Pisces|Alomomola, M, shiny|100/100
|move|p2a: Spike Em|Gunk Shot|p1a: Pisces
|-damage|p1a: Pisces|63/100
|-status|p1a: Pisces|psn
|
|-weather|RainDance|[upkeep]
|-damage|p1a: Pisces|50/100 psn|[from] psn
|upkeep
|turn|3
|
|t:|1781181211
|move|p2a: Spike Em|Gunk Shot|p1a: Pisces
|-damage|p1a: Pisces|10/100 psn
|move|p1a: Pisces|Flip Turn|p2a: Spike Em
|-damage|p2a: Spike Em|0 fnt
|faint|p2a: Spike Em
|
|t:|1781181225
|switch|p1a: Khaos|Hoopa-Unbound, tera:Dark|100/100|[from] Flip Turn
|
|-weather|RainDance|[upkeep]
|upkeep
|
|t:|1781181232
|switch|p2a: Atomic Samurai|Kingambit, F|100/100
|-activate|p2a: Atomic Samurai|ability: Supreme Overlord
|-start|p2a: Atomic Samurai|fallen1|[silent]
|turn|4
|
|t:|1781181245
|-end|p2a: Atomic Samurai|fallen1|[silent]
|switch|p2a: Drizzy|Pelipper, F|100/100
|move|p1a: Khaos|Knock Off|p2a: Drizzy
|-damage|p2a: Drizzy|0 fnt
|-enditem|p2a: Drizzy|Damp Rock|[from] move: Knock Off|[of] p1a: Khaos
|faint|p2a: Drizzy
|
|-weather|RainDance|[upkeep]
|upkeep
|
|t:|1781181248
|switch|p2a: Atomic Samurai|Kingambit, F|100/100
|-activate|p2a: Atomic Samurai|ability: Supreme Overlord
|-start|p2a: Atomic Samurai|fallen2|[silent]
|turn|5
|
|t:|1781181261
|move|p1a: Khaos|Knock Off|p2a: Atomic Samurai
|-resisted|p2a: Atomic Samurai
|-damage|p2a: Atomic Samurai|41/100
|-enditem|p2a: Atomic Samurai|Lum Berry|[from] move: Knock Off|[of] p1a: Khaos
|move|p2a: Atomic Samurai|Iron Head|p1a: Khaos
|-damage|p1a: Khaos|3/100
|
|-weather|RainDance|[upkeep]
|upkeep
|turn|6
|
|t:|1781181278
|switch|p1a: Calamity|Iron Valiant, shiny|100/100
|move|p2a: Atomic Samurai|Iron Head|p1a: Calamity
|-supereffective|p1a: Calamity
|-damage|p1a: Calamity|0 fnt
|faint|p1a: Calamity
|-end|p1a: Calamity|Quark Drive|[silent]
|
|-weather|RainDance|[upkeep]
|upkeep
|
|t:|1781181291
|switch|p1a: Pisces|Alomomola, M, shiny|43/100 psn
|turn|7
|
|t:|1781181312
|switch|p1a: Khaos|Hoopa-Unbound, tera:Dark|3/100
|move|p2a: Atomic Samurai|Swords Dance|p2a: Atomic Samurai
|-boost|p2a: Atomic Samurai|atk|2
|
|-weather|RainDance|[upkeep]
|upkeep
|turn|8
|
|t:|1781181326
|switch|p1a: Enten|Landorus-Therian, M, shiny|100/100
|-ability|p1a: Enten|Intimidate|boost
|-unboost|p2a: Atomic Samurai|atk|1
|move|p2a: Atomic Samurai|Iron Head|p1a: Enten
|-damage|p1a: Enten|1/100
|
|-weather|none
|upkeep
|turn|9
|
|t:|1781181340
|switch|p1a: Overseer|Pecharunt|100/100
|move|p2a: Atomic Samurai|Sucker Punch||[still]
|-fail|p2a: Atomic Samurai
|
|upkeep
|turn|10
|
|t:|1781181347
|move|p1a: Overseer|Parting Shot|p2a: Atomic Samurai
|-unboost|p2a: Atomic Samurai|atk|1
|-unboost|p2a: Atomic Samurai|spa|1
|
|t:|1781181354
|switch|p1a: Khaos|Hoopa-Unbound, tera:Dark|3/100|[from] Parting Shot
|move|p2a: Atomic Samurai|Iron Head|p1a: Khaos
|-damage|p1a: Khaos|0 fnt
|faint|p1a: Khaos
|
|upkeep
|
|t:|1781181361
|switch|p1a: Enten|Landorus-Therian, M, shiny|1/100
|-ability|p1a: Enten|Intimidate|boost
|-unboost|p2a: Atomic Samurai|atk|1
|turn|11
|
|t:|1781181368
|move|p1a: Enten|Earthquake|p2a: Atomic Samurai
|-supereffective|p2a: Atomic Samurai
|-damage|p2a: Atomic Samurai|0 fnt
|faint|p2a: Atomic Samurai
|-end|p2a: Atomic Samurai|fallen2|[silent]
|
|upkeep
|
|t:|1781181371
|switch|p2a: Tready Way|Iron Treads|100/100
|-enditem|p2a: Tready Way|Booster Energy
|-activate|p2a: Tready Way|ability: Quark Drive|[fromitem]
|-start|p2a: Tready Way|quarkdrivespe
|turn|12
|
|t:|1781181384
|move|p2a: Tready Way|Rapid Spin|p1a: Enten
|-damage|p1a: Enten|0 fnt
|-boost|p2a: Tready Way|spe|1
|faint|p1a: Enten
|
|upkeep
|
|t:|1781181398
|switch|p1a: Overseer|Pecharunt|100/100
|turn|13
|
|t:|1781181412
|move|p2a: Tready Way|Stealth Rock|p1a: Overseer
|-sidestart|p1: remove sun teams|move: Stealth Rock
|move|p1a: Overseer|Shadow Ball|p2a: Tready Way
|-damage|p2a: Tready Way|62/100
|
|upkeep
|turn|14
|
|t:|1781181426
|move|p2a: Tready Way|Earthquake|p1a: Overseer
|-supereffective|p1a: Overseer
|-damage|p1a: Overseer|57/100
|move|p1a: Overseer|Shadow Ball|p2a: Tready Way
|-damage|p2a: Tready Way|24/100
|
|upkeep
|turn|15
|
|t:|1781181439
|move|p2a: Tready Way|Earthquake|p1a: Overseer
|-supereffective|p1a: Overseer
|-damage|p1a: Overseer|14/100
|move|p1a: Overseer|Recover|p1a: Overseer
|-heal|p1a: Overseer|65/100
|
|upkeep
|turn|16
|
|t:|1781181446
|move|p2a: Tready Way|Earthquake|p1a: Overseer
|-supereffective|p1a: Overseer
|-damage|p1a: Overseer|17/100
|move|p1a: Overseer|Recover|p1a: Overseer
|-heal|p1a: Overseer|67/100
|
|upkeep
|turn|17
|
|t:|1781181453
|-end|p2a: Tready Way|Quark Drive|[silent]
|switch|p2a: Grens Bond|Greninja, M|100/100
|move|p1a: Overseer|Recover|p1a: Overseer
|-heal|p1a: Overseer|100/100
|
|upkeep
|turn|18
|
|t:|1781181473
|switch|p2a: Tready Way|Iron Treads|24/100
|move|p1a: Overseer|Malignant Chain|p2a: Tready Way
|-immune|p2a: Tready Way
|
|upkeep
|turn|19
|
|t:|1781181480
|move|p2a: Tready Way|Earthquake|p1a: Overseer
|-supereffective|p1a: Overseer
|-damage|p1a: Overseer|54/100
|move|p1a: Overseer|Recover|p1a: Overseer
|-heal|p1a: Overseer|100/100
|
|upkeep
|turn|20
|
|t:|1781181487
|move|p2a: Tready Way|Earthquake|p1a: Overseer
|-supereffective|p1a: Overseer
|-damage|p1a: Overseer|56/100
|move|p1a: Overseer|Parting Shot|p2a: Tready Way
|-unboost|p2a: Tready Way|atk|1
|-unboost|p2a: Tready Way|spa|1
|
|t:|1781181494
|switch|p1a: Liberacy|Cinderace, M, shiny|100/100|[from] Parting Shot
|
|upkeep
|turn|21
|
|t:|1781181502
|move|p1a: Liberacy|Pyro Ball|p2a: Tready Way
|-supereffective|p2a: Tready Way
|-damage|p2a: Tready Way|0 fnt
|faint|p2a: Tready Way
|-end|p2a: Tready Way|Quark Drive|[silent]
|
|upkeep
|
|t:|1781181503
|switch|p2a: Grens Bond|Greninja, M|100/100
|turn|22
|
|t:|1781181516
|switch|p2a: Rage N Furious|Raging Bolt|100/100
|-enditem|p2a: Rage N Furious|Booster Energy
|-activate|p2a: Rage N Furious|ability: Protosynthesis|[fromitem]
|-start|p2a: Rage N Furious|protosynthesisspa
|move|p1a: Liberacy|U-turn|p2a: Rage N Furious
|-start|p1a: Liberacy|typechange|Bug|[from] ability: Libero
|-damage|p2a: Rage N Furious|74/100
|
|t:|1781181530
|switch|p1a: Overseer|Pecharunt|56/100|[from] U-turn
|
|upkeep
|turn|23
|
|t:|1781181544
|move|p1a: Overseer|Parting Shot|p2a: Rage N Furious
|-unboost|p2a: Rage N Furious|atk|1
|-unboost|p2a: Rage N Furious|spa|1
|
|t:|1781181557
|switch|p1a: Liberacy|Cinderace, M, shiny|100/100|[from] Parting Shot
|move|p2a: Rage N Furious|Dragon Pulse|p1a: Liberacy
|-damage|p1a: Liberacy|42/100
|
|upkeep
|turn|24
|
|t:|1781181571
|move|p1a: Liberacy|Pyro Ball|p2a: Rage N Furious
|-resisted|p2a: Rage N Furious
|-damage|p2a: Rage N Furious|51/100
|move|p2a: Rage N Furious|Dragon Pulse|p1a: Liberacy
|-damage|p1a: Liberacy|0 fnt
|faint|p1a: Liberacy
|
|upkeep
|
|t:|1781181585
|switch|p1a: Overseer|Pecharunt|56/100
|turn|25
|
|t:|1781181598
|move|p1a: Overseer|Recover|p1a: Overseer
|-heal|p1a: Overseer|100/100
|move|p2a: Rage N Furious|Thunder|p1a: Overseer
|-damage|p1a: Overseer|41/100
|-status|p1a: Overseer|par
|
|upkeep
|turn|26
|
|t:|1781181611
|switch|p1a: Pisces|Alomomola, M, shiny|76/100 psn
|-damage|p1a: Pisces|64/100 psn|[from] Stealth Rock
|move|p2a: Rage N Furious|Dragon Pulse|p1a: Pisces
|-damage|p1a: Pisces|40/100 psn
|
|-damage|p1a: Pisces|28/100 psn|[from] psn
|upkeep
|turn|27
|
|t:|1781181624
|move|p2a: Rage N Furious|Thunder|p1a: Pisces
|-supereffective|p1a: Pisces
|-damage|p1a: Pisces|0 fnt
|faint|p1a: Pisces
|
|upkeep
|-message|remove sun teams forfeited.
|
|win|jd2sleepy
|raw|remove sun teams's rating: 1617 &rarr; <strong>1595</strong><br />(-22 for losing)
|raw|jd2sleepy's rating: 1585 &rarr; <strong>1607</strong><br />(+22 for winning)
|c|☆remove sun teams|gg
|l|☆remove sun teams
|player|p1|
