|badge|p2|bronze|gen9ou|100-9
|uhtml|medal-msg|<div class="broadcast-blue">Curious what those medals under the avatar are? PS now has Ladder Seasons! For more information, check out the <a href="https://www.smogon.com/forums/threads/3740067/">thread on Smogon.</a></div>
|j|‽LT_Alt1
|j|☆rblt ryo
|t:|1780913915
|gametype|singles
|player|p1|LT_Alt1|265|1798
|player|p2|rblt ryo|grimsley-gen7|1752
|gen|9
|tier|[Gen 9] OU
|rated|
|rule|HP Percentage Mod: HP is shown in percentages
|rule|Endless Battle Clause: Forcing endless battles is banned
|rule|Species Clause: Limit one of each Pokémon
|rule|OHKO Clause: OHKO moves are banned
|rule|Evasion Items Clause: Evasion items are banned
|rule|Evasion Moves Clause: Evasion moves are banned
|rule|Evasion Abilities Clause: Evasion abilities are banned
|rule|Sleep Moves Clause: Sleep-inducing moves are banned
|clearpoke
|poke|p1|Garganacl, F|
|poke|p1|Slowking-Galar, F|
|poke|p1|Kyurem|
|poke|p1|Weezing-Galar, F|
|poke|p1|Moltres|
|poke|p1|Iron Treads|
|poke|p2|Ting-Lu|
|poke|p2|Corviknight, F|
|poke|p2|Hatterene, F|
|poke|p2|Amoonguss, F|
|poke|p2|Dondozo, F|
|poke|p2|Hoopa-Unbound|
|teampreview
|
|t:|1780913963
|teamsize|p1|6
|teamsize|p2|6
|start
|switch|p1a: Moltres|Moltres|100/100
|switch|p2a: Hoopa|Hoopa-Unbound|100/100
|turn|1
|
|t:|1780913973
|switch|p2a: Ting-Lu|Ting-Lu|100/100
|-ability|p2a: Ting-Lu|Vessel of Ruin
|move|p1a: Moltres|U-turn|p2a: Ting-Lu
|-supereffective|p2a: Ting-Lu
|-damage|p2a: Ting-Lu|85/100
|
|t:|1780913979
|switch|p1a: Weezing|Weezing-Galar, F|100/100|[from] U-turn
|-ability|p1a: Weezing|Neutralizing Gas
|
|-heal|p2a: Ting-Lu|92/100|[from] item: Leftovers
|upkeep
|turn|2
|
|t:|1780913993
|move|p1a: Weezing|Will-O-Wisp|p2a: Ting-Lu
|-status|p2a: Ting-Lu|brn
|move|p2a: Ting-Lu|Earthquake|p1a: Weezing
|-supereffective|p1a: Weezing
|-crit|p1a: Weezing
|-damage|p1a: Weezing|62/100
|
|-heal|p1a: Weezing|68/100|[from] item: Leftovers
|-heal|p2a: Ting-Lu|98/100 brn|[from] item: Leftovers
|-damage|p2a: Ting-Lu|92/100 brn|[from] brn
|upkeep
|turn|3
|
|t:|1780914013
|move|p1a: Weezing|Will-O-Wisp|p2a: Ting-Lu
|-fail|p2a: Ting-Lu|brn
|move|p2a: Ting-Lu|Rest|p2a: Ting-Lu
|-status|p2a: Ting-Lu|slp|[from] move: Rest
|-heal|p2a: Ting-Lu|100/100 slp|[silent]
|
|-heal|p1a: Weezing|74/100|[from] item: Leftovers
|upkeep
|turn|4
|
|t:|1780914018
|move|p1a: Weezing|Will-O-Wisp||[still]
|-fail|p1a: Weezing
|cant|p2a: Ting-Lu|slp
|move|p2a: Ting-Lu|Sleep Talk|p2a: Ting-Lu
|move|p2a: Ting-Lu|Rest||[from] move: Sleep Talk|[still]
|-fail|p2a: Ting-Lu
|
|-heal|p1a: Weezing|80/100|[from] item: Leftovers
|upkeep
|turn|5
|
|t:|1780914024
|move|p1a: Weezing|Will-O-Wisp||[still]
|-fail|p1a: Weezing
|cant|p2a: Ting-Lu|slp
|move|p2a: Ting-Lu|Sleep Talk|p2a: Ting-Lu
|move|p2a: Ting-Lu|Rest||[from] move: Sleep Talk|[still]
|-fail|p2a: Ting-Lu
|
|-heal|p1a: Weezing|86/100|[from] item: Leftovers
|upkeep
|turn|6
|
|t:|1780914032
|move|p1a: Weezing|Defog|p2a: Ting-Lu
|-unboost|p2a: Ting-Lu|evasion|1
|-curestatus|p2a: Ting-Lu|slp|[msg]
|move|p2a: Ting-Lu|Earthquake|p1a: Weezing
|-supereffective|p1a: Weezing
|-damage|p1a: Weezing|29/100
|
|-heal|p1a: Weezing|35/100|[from] item: Leftovers
|upkeep
|turn|7
|
|t:|1780914039
|move|p1a: Weezing|Pain Split|p2a: Ting-Lu
|-sethp|p2a: Ting-Lu|60/100|[from] move: Pain Split|[silent]
|-sethp|p1a: Weezing|100/100|[from] move: Pain Split
|move|p2a: Ting-Lu|Earthquake|p1a: Weezing
|-supereffective|p1a: Weezing
|-damage|p1a: Weezing|44/100
|
|-heal|p1a: Weezing|50/100|[from] item: Leftovers
|-heal|p2a: Ting-Lu|67/100|[from] item: Leftovers
|upkeep
|turn|8
|
|t:|1780914048
|move|p1a: Weezing|Pain Split|p2a: Ting-Lu
|-sethp|p2a: Ting-Lu|48/100|[from] move: Pain Split|[silent]
|-sethp|p1a: Weezing|82/100|[from] move: Pain Split
|move|p2a: Ting-Lu|Earthquake|p1a: Weezing
|-supereffective|p1a: Weezing
|-damage|p1a: Weezing|27/100
|
|-heal|p1a: Weezing|33/100|[from] item: Leftovers
|-heal|p2a: Ting-Lu|54/100|[from] item: Leftovers
|upkeep
|turn|9
|
|t:|1780914058
|move|p1a: Weezing|Will-O-Wisp|p2a: Ting-Lu
|-status|p2a: Ting-Lu|brn
|move|p2a: Ting-Lu|Earthquake|p1a: Weezing
|-supereffective|p1a: Weezing
|-damage|p1a: Weezing|5/100
|
|-heal|p1a: Weezing|11/100|[from] item: Leftovers
|-heal|p2a: Ting-Lu|60/100 brn|[from] item: Leftovers
|-damage|p2a: Ting-Lu|54/100 brn|[from] brn
|upkeep
|turn|10
|
|t:|1780914063
|move|p1a: Weezing|Pain Split|p2a: Ting-Lu
|-sethp|p2a: Ting-Lu|30/100 brn|[from] move: Pain Split|[silent]
|-sethp|p1a: Weezing|52/100|[from] move: Pain Split
|move|p2a: Ting-Lu|Rest|p2a: Ting-Lu
|-status|p2a: Ting-Lu|slp|[from] move: Rest
|-heal|p2a: Ting-Lu|100/100 slp|[silent]
|
|-heal|p1a: Weezing|58/100|[from] item: Leftovers
|upkeep
|turn|11
|
|t:|1780914084
|move|p1a: Weezing|Pain Split|p2a: Ting-Lu
|-sethp|p2a: Ting-Lu|67/100 slp|[from] move: Pain Split|[silent]
|-sethp|p1a: Weezing|100/100|[from] move: Pain Split
|cant|p2a: Ting-Lu|slp
|move|p2a: Ting-Lu|Sleep Talk|p2a: Ting-Lu
|move|p2a: Ting-Lu|Earthquake|p1a: Weezing|[from] move: Sleep Talk
|-supereffective|p1a: Weezing
|-damage|p1a: Weezing|49/100
|
|-heal|p1a: Weezing|55/100|[from] item: Leftovers
|-heal|p2a: Ting-Lu|73/100 slp|[from] item: Leftovers
|upkeep
|turn|12
|
|t:|1780914089
|move|p1a: Weezing|Pain Split|p2a: Ting-Lu
|-sethp|p2a: Ting-Lu|53/100 slp|[from] move: Pain Split|[silent]
|-sethp|p1a: Weezing|91/100|[from] move: Pain Split
|cant|p2a: Ting-Lu|slp
|move|p2a: Ting-Lu|Sleep Talk|p2a: Ting-Lu
|move|p2a: Ting-Lu|Earthquake|p1a: Weezing|[from] move: Sleep Talk
|-supereffective|p1a: Weezing
|-damage|p1a: Weezing|40/100
|
|-heal|p1a: Weezing|46/100|[from] item: Leftovers
|-heal|p2a: Ting-Lu|59/100 slp|[from] item: Leftovers
|upkeep
|turn|13
|
|t:|1780914099
|switch|p2a: Corviknight|Corviknight, F|100/100
|move|p1a: Weezing|Pain Split|p2a: Corviknight
|-sethp|p2a: Corviknight|67/100|[from] move: Pain Split|[silent]
|-sethp|p1a: Weezing|90/100|[from] move: Pain Split
|
|-heal|p1a: Weezing|96/100|[from] item: Leftovers
|upkeep
|turn|14
|
|t:|1780914127
|switch|p2a: Ting-Lu|Ting-Lu|59/100 slp
|move|p1a: Weezing|Strange Steam|p2a: Ting-Lu
|-supereffective|p2a: Ting-Lu
|-damage|p2a: Ting-Lu|27/100 slp
|
|-heal|p1a: Weezing|100/100|[from] item: Leftovers
|-heal|p2a: Ting-Lu|34/100 slp|[from] item: Leftovers
|upkeep
|turn|15
|n|‽LT_Alt1|ltalt1
|n|‽LT_Alt1|ltalt1
|
|t:|1780914154
|switch|p2a: Dondozo|Dondozo, F|100/100
|move|p1a: Weezing|Strange Steam|p2a: Dondozo
|-damage|p2a: Dondozo|82/100
|
|-heal|p2a: Dondozo|89/100|[from] item: Leftovers
|upkeep
|turn|16
|
|t:|1780914162
|move|p1a: Weezing|Will-O-Wisp|p2a: Dondozo
|-status|p2a: Dondozo|brn
|move|p2a: Dondozo|Curse|p2a: Dondozo
|-unboost|p2a: Dondozo|spe|1
|-boost|p2a: Dondozo|atk|1
|-boost|p2a: Dondozo|def|1
|
|-heal|p2a: Dondozo|95/100 brn|[from] item: Leftovers
|-damage|p2a: Dondozo|89/100 brn|[from] brn
|upkeep
|turn|17
|
|t:|1780914196
|-end|p1a: Weezing|ability: Neutralizing Gas
|switch|p1a: Kyurem|Kyurem|100/100
|-ability|p1a: Kyurem|Pressure
|switch|p2a: Hoopa|Hoopa-Unbound|100/100
|
|upkeep
|turn|18
|
|t:|1780914202
|switch|p1a: Iron Treads|Iron Treads|100/100
|switch|p2a: Amoonguss|Amoonguss, F|100/100
|
|upkeep
|turn|19
|
|t:|1780914207
|move|p1a: Iron Treads|Knock Off|p2a: Amoonguss
|-damage|p2a: Amoonguss|83/100
|-enditem|p2a: Amoonguss|Heavy-Duty Boots|[from] move: Knock Off|[of] p1a: Iron Treads
|move|p2a: Amoonguss|Stun Spore|p1a: Iron Treads
|-status|p1a: Iron Treads|par
|
|upkeep
|turn|20
|
|t:|1780914223
|move|p1a: Iron Treads|Knock Off|p2a: Amoonguss
|-damage|p2a: Amoonguss|71/100
|move|p2a: Amoonguss|Stomping Tantrum|p1a: Iron Treads
|-supereffective|p1a: Iron Treads
|-damage|p1a: Iron Treads|78/100 par
|
|-heal|p1a: Iron Treads|84/100 par|[from] item: Leftovers
|upkeep
|turn|21
|
|t:|1780914230
|switch|p2a: Corviknight|Corviknight, F|67/100
|-ability|p2a: Corviknight|Pressure
|cant|p1a: Iron Treads|par
|
|-heal|p1a: Iron Treads|91/100 par|[from] item: Leftovers
|upkeep
|turn|22
|
|t:|1780914241
|-end|p1a: Iron Treads|Quark Drive|[silent]
|switch|p1a: Moltres|Moltres|100/100
|move|p2a: Corviknight|Roost|p2a: Corviknight
|-heal|p2a: Corviknight|100/100
|-singleturn|p2a: Corviknight|move: Roost
|
|upkeep
|turn|23
|
|t:|1780914247
|move|p1a: Moltres|U-turn|p2a: Corviknight
|-resisted|p2a: Corviknight
|-damage|p2a: Corviknight|98/100
|-damage|p1a: Moltres|84/100|[from] item: Rocky Helmet|[of] p2a: Corviknight
|
|t:|1780914249
|switch|p1a: Weezing|Weezing-Galar, F|100/100|[from] U-turn
|-ability|p1a: Weezing|Neutralizing Gas
|move|p2a: Corviknight|Body Press|p1a: Weezing
|-resisted|p1a: Weezing
|-damage|p1a: Weezing|96/100
|
|-heal|p1a: Weezing|100/100|[from] item: Leftovers
|upkeep
|turn|24
|
|t:|1780914260
|switch|p2a: Dondozo|Dondozo, F|89/100 brn
|move|p1a: Weezing|Strange Steam|p2a: Dondozo
|-damage|p2a: Dondozo|72/100 brn
|
|-heal|p2a: Dondozo|78/100 brn|[from] item: Leftovers
|-damage|p2a: Dondozo|72/100 brn|[from] brn
|upkeep
|turn|25
|
|t:|1780914270
|-end|p1a: Weezing|ability: Neutralizing Gas
|switch|p1a: Kyurem|Kyurem|100/100
|-ability|p1a: Kyurem|Pressure
|move|p2a: Dondozo|Rest|p2a: Dondozo
|-status|p2a: Dondozo|slp|[from] move: Rest
|-heal|p2a: Dondozo|100/100 slp|[silent]
|
|upkeep
|turn|26
|
|t:|1780914280
|switch|p2a: Hoopa|Hoopa-Unbound|100/100
|move|p1a: Kyurem|Freeze-Dry|p2a: Hoopa
|-damage|p2a: Hoopa|77/100
|
|upkeep
|turn|27
|
|t:|1780914288
|switch|p1a: Iron Treads|Iron Treads|91/100 par
|switch|p2a: Amoonguss|Amoonguss, F|100/100
|
|-heal|p1a: Iron Treads|97/100 par|[from] item: Leftovers
|upkeep
|turn|28
|
|t:|1780914294
|switch|p2a: Corviknight|Corviknight, F|98/100
|-ability|p2a: Corviknight|Pressure
|move|p1a: Iron Treads|Stealth Rock|p2a: Corviknight
|-sidestart|p2: rblt ryo|move: Stealth Rock
|
|-heal|p1a: Iron Treads|100/100 par|[from] item: Leftovers
|upkeep
|turn|29
|
|t:|1780914297
|-end|p1a: Iron Treads|Quark Drive|[silent]
|switch|p1a: Moltres|Moltres|84/100
|move|p2a: Corviknight|Defog|p1a: Moltres
|-unboost|p1a: Moltres|evasion|1
|-sideend|p2: rblt ryo|Stealth Rock|[from] move: Defog|[of] p2a: Corviknight
|
|upkeep
|turn|30
|
|t:|1780914301
|switch|p2a: Ting-Lu|Ting-Lu|34/100 slp
|-ability|p2a: Ting-Lu|Vessel of Ruin
|move|p1a: Moltres|U-turn|p2a: Ting-Lu
|-supereffective|p2a: Ting-Lu
|-damage|p2a: Ting-Lu|16/100 slp
|
|t:|1780914305
|switch|p1a: Kyurem|Kyurem|100/100|[from] U-turn
|-ability|p1a: Kyurem|Pressure
|
|-heal|p2a: Ting-Lu|23/100 slp|[from] item: Leftovers
|upkeep
|turn|31
|
|t:|1780914319
|-terastallize|p2a: Ting-Lu|Poison
|move|p1a: Kyurem|Ice Beam|p2a: Ting-Lu
|-damage|p2a: Ting-Lu|1/100 slp
|-curestatus|p2a: Ting-Lu|slp|[msg]
|move|p2a: Ting-Lu|Rest|p2a: Ting-Lu
|-status|p2a: Ting-Lu|slp|[from] move: Rest
|-heal|p2a: Ting-Lu|100/100 slp|[silent]
|
|upkeep
|turn|32
|
|t:|1780914330
|switch|p1a: Moltres|Moltres|84/100
|cant|p2a: Ting-Lu|slp
|move|p2a: Ting-Lu|Sleep Talk|p2a: Ting-Lu
|move|p2a: Ting-Lu|Rest||[from] move: Sleep Talk|[still]
|-fail|p2a: Ting-Lu
|
|upkeep
|turn|33
|
|t:|1780914334
|move|p1a: Moltres|Flamethrower|p2a: Ting-Lu
|-damage|p2a: Ting-Lu|85/100 slp
|cant|p2a: Ting-Lu|slp
|move|p2a: Ting-Lu|Sleep Talk|p2a: Ting-Lu
|move|p2a: Ting-Lu|Earthquake|p1a: Moltres|[from] move: Sleep Talk
|-immune|p1a: Moltres
|
|-heal|p2a: Ting-Lu|91/100 slp|[from] item: Leftovers
|upkeep
|turn|34
|
|t:|1780914340
|move|p1a: Moltres|Flamethrower|p2a: Ting-Lu
|-crit|p2a: Ting-Lu
|-damage|p2a: Ting-Lu|66/100 slp
|-curestatus|p2a: Ting-Lu|slp|[msg]
|move|p2a: Ting-Lu|Payback|p1a: Moltres
|-damage|p1a: Moltres|55/100
|-status|p2a: Ting-Lu|brn|[from] ability: Flame Body|[of] p1a: Moltres
|
|-heal|p2a: Ting-Lu|72/100 brn|[from] item: Leftovers
|-damage|p2a: Ting-Lu|66/100 brn|[from] brn
|upkeep
|turn|35
|
|t:|1780914344
|move|p1a: Moltres|Roost|p1a: Moltres
|-heal|p1a: Moltres|100/100
|-singleturn|p1a: Moltres|move: Roost
|move|p2a: Ting-Lu|Rest|p2a: Ting-Lu
|-status|p2a: Ting-Lu|slp|[from] move: Rest
|-heal|p2a: Ting-Lu|100/100 slp|[silent]
|
|upkeep
|turn|36
|
|t:|1780914346
|move|p1a: Moltres|Flamethrower|p2a: Ting-Lu
|-damage|p2a: Ting-Lu|85/100 slp
|cant|p2a: Ting-Lu|slp
|move|p2a: Ting-Lu|Sleep Talk|p2a: Ting-Lu
|move|p2a: Ting-Lu|Earthquake|p1a: Moltres|[from] move: Sleep Talk
|-immune|p1a: Moltres
|
|-heal|p2a: Ting-Lu|91/100 slp|[from] item: Leftovers
|upkeep
|turn|37
|
|t:|1780914352
|move|p1a: Moltres|Flamethrower|p2a: Ting-Lu
|-damage|p2a: Ting-Lu|76/100 slp
|cant|p2a: Ting-Lu|slp
|move|p2a: Ting-Lu|Sleep Talk|p2a: Ting-Lu
|move|p2a: Ting-Lu|Rest||[from] move: Sleep Talk|[still]
|-fail|p2a: Ting-Lu
|
|-heal|p2a: Ting-Lu|83/100 slp|[from] item: Leftovers
|upkeep
|turn|38
|
|t:|1780914360
|switch|p2a: Dondozo|Dondozo, F|100/100 slp
|move|p1a: Moltres|Flamethrower|p2a: Dondozo
|-resisted|p2a: Dondozo
|-damage|p2a: Dondozo|89/100 slp
|
|-heal|p2a: Dondozo|95/100 slp|[from] item: Leftovers
|upkeep
|turn|39
|
|t:|1780914366
|move|p1a: Moltres|U-turn|p2a: Dondozo
|-damage|p2a: Dondozo|85/100 slp
|
|t:|1780914368
|switch|p1a: Kyurem|Kyurem|100/100|[from] U-turn
|-ability|p1a: Kyurem|Pressure
|cant|p2a: Dondozo|slp
|move|p2a: Dondozo|Sleep Talk|p2a: Dondozo
|move|p2a: Dondozo|Curse|p2a: Dondozo|[from] move: Sleep Talk
|-unboost|p2a: Dondozo|spe|1
|-boost|p2a: Dondozo|atk|1
|-boost|p2a: Dondozo|def|1
|
|-heal|p2a: Dondozo|91/100 slp|[from] item: Leftovers
|upkeep
|turn|40
|
|t:|1780914386
|switch|p2a: Ting-Lu|Ting-Lu, tera:Poison|83/100 slp
|-ability|p2a: Ting-Lu|Vessel of Ruin
|move|p1a: Kyurem|Freeze-Dry|p2a: Ting-Lu
|-damage|p2a: Ting-Lu|67/100 slp
|
|-heal|p2a: Ting-Lu|73/100 slp|[from] item: Leftovers
|upkeep
|turn|41
|
|t:|1780914394
|switch|p1a: Moltres|Moltres|100/100
|switch|p2a: Amoonguss|Amoonguss, F|100/100
|
|upkeep
|turn|42
|
|t:|1780914397
|move|p1a: Moltres|U-turn|p2a: Amoonguss
|-damage|p2a: Amoonguss|90/100
|
|t:|1780914399
|switch|p1a: Iron Treads|Iron Treads|100/100 par|[from] U-turn
|move|p2a: Amoonguss|Stun Spore|p1a: Iron Treads
|-fail|p1a: Iron Treads|par
|
|upkeep
|turn|43
|
|t:|1780914403
|-end|p1a: Iron Treads|Quark Drive|[silent]
|switch|p1a: Moltres|Moltres|100/100
|move|p2a: Amoonguss|Stomping Tantrum|p1a: Moltres
|-immune|p1a: Moltres
|
|upkeep
|turn|44
|
|t:|1780914406
|move|p1a: Moltres|U-turn|p2a: Amoonguss
|-damage|p2a: Amoonguss|80/100
|
|t:|1780914409
|switch|p1a: Iron Treads|Iron Treads|100/100 par|[from] U-turn
|move|p2a: Amoonguss|Stun Spore|p1a: Iron Treads
|-fail|p1a: Iron Treads|par
|
|upkeep
|turn|45
|
|t:|1780914414
|switch|p2a: Corviknight|Corviknight, F|98/100
|-ability|p2a: Corviknight|Pressure
|cant|p1a: Iron Treads|par
|
|upkeep
|turn|46
|
|t:|1780914417
|-end|p1a: Iron Treads|Quark Drive|[silent]
|switch|p1a: Moltres|Moltres|100/100
|switch|p2a: Hatterene|Hatterene, F|100/100
|
|upkeep
|turn|47
|
|t:|1780914425
|move|p1a: Moltres|Flamethrower|p2a: Hatterene
|-damage|p2a: Hatterene|62/100
|move|p2a: Hatterene|Calm Mind|p2a: Hatterene
|-boost|p2a: Hatterene|spa|1
|-boost|p2a: Hatterene|spd|1
|
|-heal|p2a: Hatterene|67/100|[from] item: Leftovers
|upkeep
|turn|48
|
|t:|1780914428
|move|p1a: Moltres|Flamethrower|p2a: Hatterene
|-damage|p2a: Hatterene|42/100
|move|p2a: Hatterene|Pain Split|p1a: Moltres
|-sethp|p1a: Moltres|67/100|[from] move: Pain Split|[silent]
|-sethp|p2a: Hatterene|81/100|[from] move: Pain Split
|
|-heal|p2a: Hatterene|87/100|[from] item: Leftovers
|upkeep
|turn|49
|
|t:|1780914435
|move|p1a: Moltres|U-turn|p2a: Hatterene
|-damage|p2a: Hatterene|76/100
|
|t:|1780914436
|switch|p1a: Slowking|Slowking-Galar, F|100/100|[from] U-turn
|move|p2a: Hatterene|Calm Mind|p2a: Hatterene
|-boost|p2a: Hatterene|spa|1
|-boost|p2a: Hatterene|spd|1
|
|-heal|p2a: Hatterene|82/100|[from] item: Leftovers
|upkeep
|turn|50
|
|t:|1780914456
|switch|p2a: Dondozo|Dondozo, F|91/100 slp
|move|p1a: Slowking|Sludge Bomb|p2a: Dondozo
|-damage|p2a: Dondozo|70/100 slp
|
|-heal|p2a: Dondozo|76/100 slp|[from] item: Leftovers
|upkeep
|turn|51
|
|t:|1780914460
|cant|p2a: Dondozo|slp
|move|p2a: Dondozo|Sleep Talk|p2a: Dondozo
|move|p2a: Dondozo|Rest||[from] move: Sleep Talk|[still]
|-fail|p2a: Dondozo
|move|p1a: Slowking|Future Sight|p2a: Dondozo
|-start|p1a: Slowking|move: Future Sight
|
|-heal|p2a: Dondozo|82/100 slp|[from] item: Leftovers
|upkeep
|turn|52
|
|t:|1780914479
|switch|p2a: Hoopa|Hoopa-Unbound|77/100
|-prepare|p1a: Slowking|Chilly Reception|[premajor]
|move|p1a: Slowking|Chilly Reception|p1a: Slowking
|-weather|Snowscape
|
|t:|1780914487
|switch|p1a: Garganacl|Garganacl, F|100/100|[from] Chilly Reception
|
|-weather|Snowscape|[upkeep]
|upkeep
|turn|53
|
|t:|1780914492
|move|p2a: Hoopa|Knock Off|p1a: Garganacl
|-damage|p1a: Garganacl|69/100
|-enditem|p1a: Garganacl|Leftovers|[from] move: Knock Off|[of] p2a: Hoopa
|move|p1a: Garganacl|Salt Cure|p2a: Hoopa
|-damage|p2a: Hoopa|62/100
|-start|p2a: Hoopa|Salt Cure
|
|-weather|Snowscape|[upkeep]
|-end|p2a: Hoopa|move: Future Sight
|-immune|p2a: Hoopa
|-damage|p2a: Hoopa|49/100|[from] Salt Cure
|upkeep
|turn|54
|
|t:|1780914504
|switch|p2a: Amoonguss|Amoonguss, F|100/100
|move|p1a: Garganacl|Salt Cure|p2a: Amoonguss
|-damage|p2a: Amoonguss|90/100
|-start|p2a: Amoonguss|Salt Cure
|
|-weather|Snowscape|[upkeep]
|-damage|p2a: Amoonguss|78/100|[from] Salt Cure
|upkeep
|turn|55
|
|t:|1780914509
|move|p1a: Garganacl|Recover|p1a: Garganacl
|-heal|p1a: Garganacl|100/100
|move|p2a: Amoonguss|Stun Spore|p1a: Garganacl
|-immune|p1a: Garganacl|[from] ability: Purifying Salt
|
|-weather|Snowscape|[upkeep]
|-damage|p2a: Amoonguss|65/100|[from] Salt Cure
|upkeep
|turn|56
|
|t:|1780914515
|switch|p1a: Iron Treads|Iron Treads|100/100 par
|move|p2a: Amoonguss|Stun Spore|p1a: Iron Treads
|-fail|p1a: Iron Treads|par
|
|-weather|none
|-damage|p2a: Amoonguss|53/100|[from] Salt Cure
|upkeep
|turn|57
|
|t:|1780914522
|switch|p2a: Hatterene|Hatterene, F|82/100
|move|p1a: Iron Treads|Knock Off|p2a: Hatterene
|-damage|p2a: Hatterene|61/100
|-enditem|p2a: Hatterene|Leftovers|[from] move: Knock Off|[of] p1a: Iron Treads
|
|upkeep
|turn|58
|-message|rblt ryo forfeited.
|
|win|LT_Alt1
|raw|LT_Alt1's rating: 1798 &rarr; <strong>1815</strong><br />(+17 for winning)
|raw|rblt ryo's rating: 1752 &rarr; <strong>1735</strong><br />(-17 for losing)
