|j|☆melonsourgummy
|j|☆mongwong
|t:|1781575112
|gametype|singles
|player|p1|melonsourgummy|170|1593
|player|p2|mongwong|eusine-gen2|1638
|gen|9
|tier|[Gen 9] OU
|rated|
|rule|HP Percentage Mod: HP is shown in percentages
|rule|Endless Battle Clause: Forcing endless battles is banned
|rule|Species Clause: Limit one of each Pokémon
|rule|OHKO Clause: OHKO moves are banned
|rule|Evasion Items Clause: Evasion items are banned
|rule|Evasion Moves Clause: Evasion moves are banned
|rule|Evasion Abilities Clause: Evasion abilities are banned
|rule|Sleep Moves Clause: Sleep-inducing moves are banned
|clearpoke
|poke|p1|Suicune|
|poke|p1|Cresselia, F|
|poke|p1|Clefable, M|
|poke|p1|Corviknight, M|
|poke|p1|Cinderace, M|
|poke|p1|Clodsire, F|
|poke|p2|Weezing-Galar, M|
|poke|p2|Ninetales-Alola, F|
|poke|p2|Iron Boulder|
|poke|p2|Kyurem|
|poke|p2|Slowking-Galar, F|
|poke|p2|Samurott-Hisui, M|
|teampreview
|inactive|Battle timer is ON: inactive players will automatically lose when time's up. (requested by mongwong)
|inactive|mongwong has 120 seconds left.
|
|t:|1781575164
|teamsize|p1|6
|teamsize|p2|6
|start
|switch|p1a: Clefable|Clefable, M|100/100
|switch|p2a: Samurott|Samurott-Hisui, M|100/100
|turn|1
|
|t:|1781575171
|move|p2a: Samurott|Flip Turn|p1a: Clefable
|-damage|p1a: Clefable|83/100
|
|t:|1781575175
|switch|p2a: Slowking|Slowking-Galar, F|100/100|[from] Flip Turn
|move|p1a: Clefable|Thunder Wave|p2a: Slowking
|-status|p2a: Slowking|par
|
|-heal|p1a: Clefable|89/100|[from] item: Leftovers
|upkeep
|turn|2
|
|t:|1781575180
|switch|p1a: Corviknight|Corviknight, M|100/100
|-ability|p1a: Corviknight|Pressure
|-prepare|p2a: Slowking|Chilly Reception|[premajor]
|move|p2a: Slowking|Chilly Reception|p2a: Slowking
|-weather|Snowscape
|
|t:|1781575183
|switch|p2a: Kyurem|Kyurem|100/100|[from] Chilly Reception
|-ability|p2a: Kyurem|Pressure
|
|-weather|Snowscape|[upkeep]
|upkeep
|turn|3
|
|t:|1781575198
|switch|p1a: Cresselia|Cresselia, F|100/100
|move|p2a: Kyurem|Blizzard|p1a: Cresselia
|-damage|p1a: Cresselia|43/100
|
|-weather|Snowscape|[upkeep]
|upkeep
|turn|4
|
|t:|1781575205
|move|p1a: Cresselia|Trick|p2a: Kyurem
|-activate|p1a: Cresselia|move: Trick|[of] p2a: Kyurem
|-item|p2a: Kyurem|Choice Scarf|[from] move: Trick
|-item|p1a: Cresselia|Choice Specs|[from] move: Trick
|move|p2a: Kyurem|Blizzard|p1a: Cresselia
|-damage|p1a: Cresselia|9/100
|
|-weather|Snowscape|[upkeep]
|upkeep
|turn|5
|
|t:|1781575209
|switch|p1a: Suicune|Suicune|100/100
|-ability|p1a: Suicune|Pressure
|move|p2a: Kyurem|Blizzard|p1a: Suicune
|-resisted|p1a: Suicune
|-damage|p1a: Suicune|80/100
|
|-weather|Snowscape|[upkeep]
|-heal|p1a: Suicune|87/100|[from] item: Leftovers
|upkeep
|turn|6
|
|t:|1781575212
|switch|p2a: Samurott|Samurott-Hisui, M|100/100
|move|p1a: Suicune|Substitute|p1a: Suicune
|-start|p1a: Suicune|Substitute
|-damage|p1a: Suicune|62/100
|
|-weather|Snowscape|[upkeep]
|-heal|p1a: Suicune|68/100|[from] item: Leftovers
|upkeep
|turn|7
|
|t:|1781575214
|move|p1a: Suicune|Protect|p1a: Suicune
|-singleturn|p1a: Suicune|Protect
|move|p2a: Samurott|Ceaseless Edge|p1a: Suicune
|-activate|p1a: Suicune|move: Protect
|
|-weather|Snowscape|[upkeep]
|-heal|p1a: Suicune|74/100|[from] item: Leftovers
|upkeep
|turn|8
|
|t:|1781575218
|switch|p1a: Corviknight|Corviknight, M|100/100
|-ability|p1a: Corviknight|Pressure
|move|p2a: Samurott|Ceaseless Edge|p1a: Corviknight
|-damage|p1a: Corviknight|76/100
|-damage|p2a: Samurott|84/100|[from] item: Rocky Helmet|[of] p1a: Corviknight
|-sidestart|p1: melonsourgummy|Spikes
|
|-weather|Snowscape|[upkeep]
|upkeep
|turn|9
|
|t:|1781575223
|switch|p2a: Weezing|Weezing-Galar, M|100/100
|-ability|p2a: Weezing|Neutralizing Gas
|move|p1a: Corviknight|Defog|p2a: Weezing
|-unboost|p2a: Weezing|evasion|1
|-sideend|p1: melonsourgummy|Spikes|[from] move: Defog|[of] p1a: Corviknight
|
|-weather|none
|upkeep
|turn|10
|
|t:|1781575238
|switch|p1a: Clodsire|Clodsire, F|100/100
|move|p2a: Weezing|Will-O-Wisp|p1a: Clodsire
|-status|p1a: Clodsire|brn
|
|-damage|p1a: Clodsire|94/100 brn|[from] brn
|upkeep
|turn|11
|
|t:|1781575246
|-end|p2a: Weezing|ability: Neutralizing Gas
|switch|p2a: Ninetales|Ninetales-Alola, F|100/100
|-weather|Snowscape|[from] ability: Snow Warning|[of] p2a: Ninetales
|move|p1a: Clodsire|Spikes|p2a: Ninetales
|-sidestart|p2: mongwong|Spikes
|
|-weather|Snowscape|[upkeep]
|-heal|p1a: Clodsire|100/100 brn|[from] item: Leftovers
|-damage|p1a: Clodsire|94/100 brn|[from] brn
|upkeep
|turn|12
|
|t:|1781575251
|move|p2a: Ninetales|Encore|p1a: Clodsire
|-start|p1a: Clodsire|Encore
|move|p1a: Clodsire|Spikes|p2a: Ninetales
|-sidestart|p2: mongwong|Spikes
|
|-weather|Snowscape|[upkeep]
|-heal|p1a: Clodsire|100/100 brn|[from] item: Leftovers
|-damage|p1a: Clodsire|94/100 brn|[from] brn
|upkeep
|turn|13
|
|t:|1781575254
|switch|p2a: Iron Boulder|Iron Boulder|100/100
|-damage|p2a: Iron Boulder|84/100|[from] Spikes
|-enditem|p2a: Iron Boulder|Booster Energy
|-activate|p2a: Iron Boulder|ability: Quark Drive|[fromitem]
|-start|p2a: Iron Boulder|quarkdrivespe
|switch|p1a: Cinderace|Cinderace, M|100/100
|
|-weather|Snowscape|[upkeep]
|upkeep
|turn|14
|
|t:|1781575257
|switch|p1a: Corviknight|Corviknight, M|76/100
|-ability|p1a: Corviknight|Pressure
|move|p2a: Iron Boulder|Mighty Cleave|p1a: Corviknight
|-damage|p1a: Corviknight|45/100
|-damage|p2a: Iron Boulder|67/100|[from] item: Rocky Helmet|[of] p1a: Corviknight
|
|-weather|Snowscape|[upkeep]
|upkeep
|turn|15
|
|t:|1781575260
|-terastallize|p2a: Iron Boulder|Ground
|move|p2a: Iron Boulder|Swords Dance|p2a: Iron Boulder
|-boost|p2a: Iron Boulder|atk|2
|move|p1a: Corviknight|Roost|p1a: Corviknight
|-heal|p1a: Corviknight|95/100
|-singleturn|p1a: Corviknight|move: Roost
|
|-weather|none
|upkeep
|turn|16
|
|t:|1781575266
|move|p2a: Iron Boulder|Mighty Cleave|p1a: Corviknight
|-crit|p1a: Corviknight
|-damage|p1a: Corviknight|0 fnt
|-damage|p2a: Iron Boulder|51/100|[from] item: Rocky Helmet|[of] p1a: Corviknight
|faint|p1a: Corviknight
|
|upkeep
|
|t:|1781575274
|switch|p1a: Clodsire|Clodsire, F|94/100 brn
|turn|17
|
|t:|1781575279
|move|p2a: Iron Boulder|Psycho Cut|p1a: Clodsire
|-supereffective|p1a: Clodsire
|-damage|p1a: Clodsire|12/100 brn
|move|p1a: Clodsire|Poison Jab|p2a: Iron Boulder
|-resisted|p2a: Iron Boulder
|-damage|p2a: Iron Boulder|44/100
|
|-heal|p1a: Clodsire|19/100 brn|[from] item: Leftovers
|-damage|p1a: Clodsire|12/100 brn|[from] brn
|upkeep
|turn|18
|
|t:|1781575286
|move|p2a: Iron Boulder|Psycho Cut|p1a: Clodsire
|-supereffective|p1a: Clodsire
|-crit|p1a: Clodsire
|-damage|p1a: Clodsire|0 fnt
|faint|p1a: Clodsire
|
|upkeep
|
|t:|1781575303
|switch|p1a: Suicune|Suicune|74/100
|-ability|p1a: Suicune|Pressure
|turn|19
|
|t:|1781575308
|move|p1a: Suicune|Protect|p1a: Suicune
|-singleturn|p1a: Suicune|Protect
|move|p2a: Iron Boulder|Mighty Cleave|p1a: Suicune
|-damage|p1a: Suicune|1/100
|
|-heal|p1a: Suicune|7/100|[from] item: Leftovers
|upkeep
|turn|20
|
|t:|1781575312
|move|p2a: Iron Boulder|Mighty Cleave|p1a: Suicune
|-damage|p1a: Suicune|0 fnt
|faint|p1a: Suicune
|
|upkeep
|c|☆melonsourgummy|Well nice crit ig
|-message|melonsourgummy forfeited.
|
|win|mongwong
|raw|melonsourgummy's rating: 1593 &rarr; <strong>1576</strong><br />(-17 for losing)
|raw|mongwong's rating: 1638 &rarr; <strong>1655</strong><br />(+17 for winning)
|l|☆mongwong
|player|p2|
|l|☆melonsourgummy
|player|p1|
