|j|☆Klopple
|j|☆lord shiddenfards
|t:|1781197871
|gametype|singles
|player|p1|Klopple|sailor|1609
|player|p2|lord shiddenfards|blaine|1716
|gen|9
|tier|[Gen 9] OU
|rated|
|rule|HP Percentage Mod: HP is shown in percentages
|rule|Endless Battle Clause: Forcing endless battles is banned
|rule|Species Clause: Limit one of each Pokémon
|rule|OHKO Clause: OHKO moves are banned
|rule|Evasion Items Clause: Evasion items are banned
|rule|Evasion Moves Clause: Evasion moves are banned
|rule|Evasion Abilities Clause: Evasion abilities are banned
|rule|Sleep Moves Clause: Sleep-inducing moves are banned
|clearpoke
|poke|p1|Arboliva, F|
|poke|p1|Gliscor, F|
|poke|p1|Iron Crown|
|poke|p1|Zamazenta-*|
|poke|p1|Hatterene, F|
|poke|p1|Dragonite, F|
|poke|p2|Ninetales, M|
|poke|p2|Great Tusk|
|poke|p2|Slither Wing|
|poke|p2|Alomomola, M|
|poke|p2|Iron Moth|
|poke|p2|Raging Bolt|
|teampreview
|
|t:|1781197891
|teamsize|p1|6
|teamsize|p2|6
|start
|switch|p1a: Gliscor|Gliscor, F|100/100
|switch|p2a: Great Tusk|Great Tusk|100/100
|turn|1
|
|t:|1781197898
|move|p1a: Gliscor|Protect|p1a: Gliscor
|-singleturn|p1a: Gliscor|Protect
|move|p2a: Great Tusk|Bulk Up|p2a: Great Tusk
|-boost|p2a: Great Tusk|atk|1
|-boost|p2a: Great Tusk|def|1
|
|-status|p1a: Gliscor|tox|[from] item: Toxic Orb
|upkeep
|turn|2
|
|t:|1781197907
|switch|p1a: Hatterene|Hatterene, F|100/100
|move|p2a: Great Tusk|Ice Spinner|p1a: Hatterene
|-damage|p1a: Hatterene|72/100
|-damage|p2a: Great Tusk|84/100|[from] item: Rocky Helmet|[of] p1a: Hatterene
|
|upkeep
|turn|3
|
|t:|1781197913
|-end|p2a: Great Tusk|Protosynthesis|[silent]
|switch|p2a: Ninetales|Ninetales, M|100/100
|-weather|SunnyDay|[from] ability: Drought|[of] p2a: Ninetales
|move|p1a: Hatterene|Draining Kiss|p2a: Ninetales
|-resisted|p2a: Ninetales
|-damage|p2a: Ninetales|87/100
|-heal|p1a: Hatterene|81/100|[from] drain|[of] p2a: Ninetales
|
|-weather|SunnyDay|[upkeep]
|upkeep
|turn|4
|
|t:|1781197918
|switch|p1a: Gliscor|Gliscor, F|100/100 tox
|move|p2a: Ninetales|Overheat|p1a: Gliscor
|-damage|p1a: Gliscor|0 fnt
|-unboost|p2a: Ninetales|spa|2
|faint|p1a: Gliscor
|
|-weather|SunnyDay|[upkeep]
|upkeep
|inactive|Battle timer is ON: inactive players will automatically lose when time's up. (requested by lord shiddenfards)
|
|t:|1781197937
|switch|p1a: Iron Crown|Iron Crown|100/100
|turn|5
|
|t:|1781197943
|switch|p2a: Raging Bolt|Raging Bolt|100/100
|-activate|p2a: Raging Bolt|ability: Protosynthesis
|-start|p2a: Raging Bolt|protosynthesisspa
|move|p1a: Iron Crown|Future Sight|p2a: Raging Bolt
|-start|p1a: Iron Crown|move: Future Sight
|
|-weather|SunnyDay|[upkeep]
|upkeep
|turn|6
|
|t:|1781197951
|move|p1a: Iron Crown|Volt Switch|p2a: Raging Bolt
|-resisted|p2a: Raging Bolt
|-damage|p2a: Raging Bolt|97/100
|
|t:|1781197955
|-end|p1a: Iron Crown|Quark Drive|[silent]
|switch|p1a: Dragonite|Dragonite, F|100/100|[from] Volt Switch
|move|p2a: Raging Bolt|Weather Ball|p1a: Dragonite
|-resisted|p1a: Dragonite
|-damage|p1a: Dragonite|83/100
|
|-weather|SunnyDay|[upkeep]
|upkeep
|turn|7
|
|t:|1781197964
|move|p1a: Dragonite|Earthquake|p2a: Raging Bolt
|-supereffective|p2a: Raging Bolt
|-damage|p2a: Raging Bolt|30/100
|move|p2a: Raging Bolt|Volt Switch|p1a: Dragonite
|-damage|p1a: Dragonite|31/100
|j| kopkwepd
|
|t:|1781197967
|-end|p2a: Raging Bolt|Protosynthesis|[silent]
|switch|p2a: Alomomola|Alomomola, M|100/100|[from] Volt Switch
|
|-weather|none
|-end|p2a: Alomomola|move: Future Sight
|-damage|p2a: Alomomola|49/100
|upkeep
|turn|8
|
|t:|1781197976
|move|p1a: Dragonite|Roost|p1a: Dragonite
|-heal|p1a: Dragonite|81/100
|-singleturn|p1a: Dragonite|move: Roost
|move|p2a: Alomomola|Flip Turn|p1a: Dragonite
|-resisted|p1a: Dragonite
|-damage|p1a: Dragonite|73/100
|
|t:|1781197986
|switch|p2a: Great Tusk|Great Tusk|84/100|[from] Flip Turn
|
|upkeep
|turn|9
|
|t:|1781197995
|switch|p1a: Hatterene|Hatterene, F|81/100
|move|p2a: Great Tusk|Rapid Spin|p1a: Hatterene
|-damage|p1a: Hatterene|68/100
|-boost|p2a: Great Tusk|spe|1
|-damage|p2a: Great Tusk|67/100|[from] item: Rocky Helmet|[of] p1a: Hatterene
|
|upkeep
|turn|10
|
|t:|1781198004
|-end|p2a: Great Tusk|Protosynthesis|[silent]
|switch|p2a: Ninetales|Ninetales, M|87/100
|-weather|SunnyDay|[from] ability: Drought|[of] p2a: Ninetales
|move|p1a: Hatterene|Psychic Noise|p2a: Ninetales
|-damage|p2a: Ninetales|45/100
|-start|p2a: Ninetales|move: Heal Block
|
|-weather|SunnyDay|[upkeep]
|upkeep
|turn|11
|
|t:|1781198009
|switch|p1a: Dragonite|Dragonite, F|73/100
|move|p2a: Ninetales|Overheat|p1a: Dragonite
|-resisted|p1a: Dragonite
|-damage|p1a: Dragonite|23/100
|-unboost|p2a: Ninetales|spa|2
|
|-weather|SunnyDay|[upkeep]
|-end|p2a: Ninetales|move: Heal Block
|upkeep
|turn|12
|
|t:|1781198018
|switch|p2a: Great Tusk|Great Tusk|67/100
|-activate|p2a: Great Tusk|ability: Protosynthesis
|-start|p2a: Great Tusk|protosynthesisspe
|switch|p1a: Iron Crown|Iron Crown|100/100
|
|-weather|SunnyDay|[upkeep]
|upkeep
|turn|13
|j| espurr
|
|t:|1781198026
|-end|p2a: Great Tusk|Protosynthesis|[silent]
|switch|p2a: Alomomola|Alomomola, M|82/100
|-end|p1a: Iron Crown|Quark Drive|[silent]
|switch|p1a: Arboliva|Arboliva, F|100/100
|
|-weather|SunnyDay|[upkeep]
|upkeep
|turn|14
|
|t:|1781198032
|switch|p2a: Slither Wing|Slither Wing|100/100
|-activate|p2a: Slither Wing|ability: Protosynthesis
|-start|p2a: Slither Wing|protosynthesisatk
|move|p1a: Arboliva|Energy Ball|p2a: Slither Wing
|-resisted|p2a: Slither Wing
|-damage|p2a: Slither Wing|73/100
|
|-weather|none
|-end|p2a: Slither Wing|Protosynthesis
|upkeep
|turn|15
|
|t:|1781198040
|move|p1a: Arboliva|Endure|p1a: Arboliva
|-singleturn|p1a: Arboliva|move: Endure
|move|p2a: Slither Wing|U-turn|p1a: Arboliva
|-supereffective|p1a: Arboliva
|-activate|p1a: Arboliva|move: Endure
|-damage|p1a: Arboliva|1/100
|
|t:|1781198045
|-end|p2a: Slither Wing|Protosynthesis|[silent]
|switch|p2a: Ninetales|Ninetales, M|45/100|[from] U-turn
|-weather|SunnyDay|[from] ability: Drought|[of] p2a: Ninetales
|
|-weather|SunnyDay|[upkeep]
|upkeep
|turn|16
|-enditem|p1a: Arboliva|Custap Berry|[eat]
|-activate|p1a: Arboliva|item: Custap Berry|[consumed]
|
|t:|1781198048
|move|p1a: Arboliva|Earth Power|p2a: Ninetales
|-supereffective|p2a: Ninetales
|-damage|p2a: Ninetales|0 fnt
|faint|p2a: Ninetales
|
|-weather|SunnyDay|[upkeep]
|-item|p1a: Arboliva|Custap Berry|[from] ability: Harvest
|upkeep
|
|t:|1781198052
|switch|p2a: Slither Wing|Slither Wing|73/100
|-activate|p2a: Slither Wing|ability: Protosynthesis
|-start|p2a: Slither Wing|protosynthesisatk
|turn|17
|-enditem|p1a: Arboliva|Custap Berry|[eat]
|-activate|p1a: Arboliva|item: Custap Berry|[consumed]
|
|t:|1781198062
|move|p1a: Arboliva|Endure|p1a: Arboliva
|-singleturn|p1a: Arboliva|move: Endure
|move|p2a: Slither Wing|U-turn|p1a: Arboliva
|-supereffective|p1a: Arboliva
|-activate|p1a: Arboliva|move: Endure
|-damage|p1a: Arboliva|1/100
|
|t:|1781198077
|-end|p2a: Slither Wing|Protosynthesis|[silent]
|switch|p2a: Raging Bolt|Raging Bolt|30/100|[from] U-turn
|-activate|p2a: Raging Bolt|ability: Protosynthesis
|-start|p2a: Raging Bolt|protosynthesisspa
|
|-weather|SunnyDay|[upkeep]
|-item|p1a: Arboliva|Custap Berry|[from] ability: Harvest
|upkeep
|turn|18
|
|t:|1781198086
|switch|p1a: Dragonite|Dragonite, F|23/100
|move|p2a: Raging Bolt|Weather Ball|p1a: Dragonite
|-resisted|p1a: Dragonite
|-damage|p1a: Dragonite|0 fnt
|faint|p1a: Dragonite
|
|-weather|SunnyDay|[upkeep]
|upkeep
|j| KangkongNation
|
|t:|1781198092
|switch|p1a: Arboliva|Arboliva, F|1/100
|turn|19
|l| KangkongNation
|-enditem|p1a: Arboliva|Custap Berry|[eat]
|-activate|p1a: Arboliva|item: Custap Berry|[consumed]
|
|t:|1781198098
|move|p2a: Raging Bolt|Thunderclap|p1a: Arboliva
|-resisted|p1a: Arboliva
|-damage|p1a: Arboliva|0 fnt
|faint|p1a: Arboliva
|
|-weather|none
|-end|p2a: Raging Bolt|Protosynthesis
|upkeep
|
|t:|1781198105
|switch|p1a: Iron Crown|Iron Crown|100/100
|turn|20
|
|t:|1781198110
|-end|p2a: Raging Bolt|Protosynthesis|[silent]
|switch|p2a: Alomomola|Alomomola, M|100/100
|move|p1a: Iron Crown|Psychic Noise|p2a: Alomomola
|-damage|p2a: Alomomola|70/100
|-start|p2a: Alomomola|move: Heal Block
|-enditem|p2a: Alomomola|Eject Button
|
|t:|1781198118
|switch|p2a: Great Tusk|Great Tusk|67/100
|
|upkeep
|turn|21
|
|t:|1781198136
|-end|p1a: Iron Crown|Quark Drive|[silent]
|switch|p1a: Zamazenta|Zamazenta|100/100
|-ability|p1a: Zamazenta|Dauntless Shield|boost
|-boost|p1a: Zamazenta|def|1
|move|p2a: Great Tusk|Headlong Rush|p1a: Zamazenta
|-damage|p1a: Zamazenta|69/100
|-unboost|p2a: Great Tusk|def|1
|-unboost|p2a: Great Tusk|spd|1
|
|upkeep
|turn|22
|
|t:|1781198145
|move|p1a: Zamazenta|Ice Fang|p2a: Great Tusk
|-supereffective|p2a: Great Tusk
|-damage|p2a: Great Tusk|18/100
|move|p2a: Great Tusk|Headlong Rush|p1a: Zamazenta
|-damage|p1a: Zamazenta|40/100
|-unboost|p2a: Great Tusk|def|1
|-unboost|p2a: Great Tusk|spd|1
|
|upkeep
|turn|23
|
|t:|1781198153
|move|p1a: Zamazenta|Ice Fang|p2a: Great Tusk
|-supereffective|p2a: Great Tusk
|-damage|p2a: Great Tusk|0 fnt
|faint|p2a: Great Tusk
|-end|p2a: Great Tusk|Protosynthesis|[silent]
|
|upkeep
|
|t:|1781198158
|switch|p2a: Iron Moth|Iron Moth|100/100
|-enditem|p2a: Iron Moth|Booster Energy
|-activate|p2a: Iron Moth|ability: Quark Drive|[fromitem]
|-start|p2a: Iron Moth|quarkdrivespe
|turn|24
|
|t:|1781198175
|move|p2a: Iron Moth|Psychic|p1a: Zamazenta
|-supereffective|p1a: Zamazenta
|-damage|p1a: Zamazenta|0 fnt
|faint|p1a: Zamazenta
|
|upkeep
|
|t:|1781198178
|switch|p1a: Iron Crown|Iron Crown|100/100
|turn|25
|
|t:|1781198197
|-terastallize|p2a: Iron Moth|Flying
|move|p2a: Iron Moth|Fiery Dance|p1a: Iron Crown
|-supereffective|p1a: Iron Crown
|-damage|p1a: Iron Crown|41/100
|move|p1a: Iron Crown|Psychic Noise|p2a: Iron Moth
|-damage|p2a: Iron Moth|67/100
|-start|p2a: Iron Moth|move: Heal Block
|
|upkeep
|turn|26
|
|t:|1781198211
|-terastallize|p1a: Iron Crown|Fighting
|move|p2a: Iron Moth|Fiery Dance|p1a: Iron Crown
|-damage|p1a: Iron Crown|13/100
|move|p1a: Iron Crown|Tachyon Cutter|p2a: Iron Moth
|-damage|p2a: Iron Moth|44/100
|-damage|p2a: Iron Moth|20/100
|-hitcount|p2a: Iron Moth|2
|
|-end|p2a: Iron Moth|move: Heal Block
|upkeep
|turn|27
|-message|Klopple forfeited.
|
|win|lord shiddenfards
|raw|Klopple's rating: 1609 &rarr; <strong>1595</strong><br />(-14 for losing)
|raw|lord shiddenfards's rating: 1716 &rarr; <strong>1730</strong><br />(+14 for winning)
|l|☆Klopple
|player|p1|
|l| kopkwepd
|l|☆lord shiddenfards
|player|p2|
