|badge|p2|silver|gen9pu|30-9
|uhtml|medal-msg|<div class="broadcast-blue">Curious what those medals under the avatar are? PS now has Ladder Seasons! For more information, check out the <a href="https://www.smogon.com/forums/threads/3740067/">thread on Smogon.</a></div>
|j|☆remove sun teams
|j|☆ceo o wo chien
|t:|1781196332
|gametype|singles
|player|p1|remove sun teams|miku-psychic|1787
|player|p2|ceo o wo chien|fisherman-gen4|1750
|gen|9
|tier|[Gen 9] OU
|rated|
|rule|HP Percentage Mod: HP is shown in percentages
|rule|Endless Battle Clause: Forcing endless battles is banned
|rule|Species Clause: Limit one of each Pokémon
|rule|OHKO Clause: OHKO moves are banned
|rule|Evasion Items Clause: Evasion items are banned
|rule|Evasion Moves Clause: Evasion moves are banned
|rule|Evasion Abilities Clause: Evasion abilities are banned
|rule|Sleep Moves Clause: Sleep-inducing moves are banned
|clearpoke
|poke|p1|Hoopa-Unbound|
|poke|p1|Pecharunt|
|poke|p1|Landorus-Therian, M|
|poke|p1|Cinderace, M|
|poke|p1|Alomomola, M|
|poke|p1|Iron Valiant|
|poke|p2|Wo-Chien|
|poke|p2|Cresselia, F|
|poke|p2|Kingambit, F|
|poke|p2|Raging Bolt|
|poke|p2|Iron Treads|
|poke|p2|Ogerpon-Wellspring, F|
|teampreview
|inactive|Battle timer is ON: inactive players will automatically lose when time's up. (requested by ceo o wo chien)
|c|☆remove sun teams|hf
|inactive|remove sun teams also wants the timer to be on.
|inactive|ceo o wo chien has 120 seconds left.
|c|☆ceo o wo chien|hf!
|
|t:|1781196376
|teamsize|p1|6
|teamsize|p2|6
|start
|switch|p1a: Calamity|Iron Valiant, shiny|100/100
|switch|p2a: Cresselia|Cresselia, F|100/100
|turn|1
|
|t:|1781196389
|move|p1a: Calamity|Moonblast|p2a: Cresselia
|-damage|p2a: Cresselia|54/100
|move|p2a: Cresselia|Thunder Wave|p1a: Calamity
|-status|p1a: Calamity|par
|
|upkeep
|turn|2
|
|t:|1781196404
|move|p2a: Cresselia|Moonlight|p2a: Cresselia
|-heal|p2a: Cresselia|100/100
|move|p1a: Calamity|Moonblast|p2a: Cresselia
|-damage|p2a: Cresselia|58/100
|
|upkeep
|turn|3
|
|t:|1781196418
|move|p2a: Cresselia|Moonlight|p2a: Cresselia
|-heal|p2a: Cresselia|100/100
|move|p1a: Calamity|Moonblast|p2a: Cresselia
|-damage|p2a: Cresselia|53/100
|
|upkeep
|turn|4
|
|t:|1781196432
|switch|p2a: Iron Treads|Iron Treads|100/100
|cant|p1a: Calamity|par
|
|upkeep
|turn|5
|
|t:|1781196446
|-end|p1a: Calamity|Quark Drive|[silent]
|switch|p1a: Enten|Landorus-Therian, M, shiny|100/100
|-ability|p1a: Enten|Intimidate|boost
|-unboost|p2a: Iron Treads|atk|1
|move|p2a: Iron Treads|Stealth Rock|p1a: Enten
|-sidestart|p1: remove sun teams|move: Stealth Rock
|
|upkeep
|turn|6
|
|t:|1781196459
|-end|p2a: Iron Treads|Quark Drive|[silent]
|switch|p2a: Cresselia|Cresselia, F|53/100
|move|p1a: Enten|Earthquake|p2a: Cresselia
|-immune|p2a: Cresselia|[from] ability: Levitate
|
|upkeep
|turn|7
|
|t:|1781196473
|switch|p1a: Liberacy|Cinderace, M, shiny|100/100
|move|p2a: Cresselia|Moonlight|p2a: Cresselia
|-heal|p2a: Cresselia|100/100
|
|upkeep
|turn|8
|
|t:|1781196487
|move|p1a: Liberacy|Court Change|p1a: Liberacy
|-start|p1a: Liberacy|typechange|Normal|[from] ability: Libero
|-swapsideconditions
|-activate|p1a: Liberacy|move: Court Change
|move|p2a: Cresselia|Thunder Wave|p1a: Liberacy
|-status|p1a: Liberacy|par
|
|upkeep
|turn|9
|
|t:|1781196500
|move|p2a: Cresselia|Ice Beam|p1a: Liberacy
|-damage|p1a: Liberacy|76/100 par
|move|p1a: Liberacy|U-turn|p2a: Cresselia
|-supereffective|p2a: Cresselia
|-crit|p2a: Cresselia
|-damage|p2a: Cresselia|64/100
|-damage|p1a: Liberacy|59/100 par|[from] item: Rocky Helmet|[of] p2a: Cresselia
|
|t:|1781196508
|switch|p1a: Khaos|Hoopa-Unbound|100/100|[from] U-turn
|
|upkeep
|turn|10
|
|t:|1781196515
|switch|p2a: Escargoat|Wo-Chien|100/100
|-damage|p2a: Escargoat|88/100|[from] Stealth Rock
|-ability|p2a: Escargoat|Tablets of Ruin
|move|p1a: Khaos|Knock Off|p2a: Escargoat
|-resisted|p2a: Escargoat
|-damage|p2a: Escargoat|60/100
|-enditem|p2a: Escargoat|Leftovers|[from] move: Knock Off|[of] p1a: Khaos
|
|upkeep
|turn|11
|
|t:|1781196530
|switch|p1a: Enten|Landorus-Therian, M, shiny|100/100
|-ability|p1a: Enten|Intimidate|boost
|-unboost|p2a: Escargoat|atk|1
|move|p2a: Escargoat|Leech Seed|p1a: Enten
|-start|p1a: Enten|move: Leech Seed
|
|-damage|p1a: Enten|88/100|[from] Leech Seed|[of] p2a: Escargoat
|-heal|p2a: Escargoat|71/100|[silent]
|upkeep
|turn|12
|
|t:|1781196548
|move|p2a: Escargoat|Protect|p2a: Escargoat
|-singleturn|p2a: Escargoat|Protect
|move|p1a: Enten|U-turn|p2a: Escargoat
|-activate|p2a: Escargoat|move: Protect
|
|-damage|p1a: Enten|76/100|[from] Leech Seed|[of] p2a: Escargoat
|-heal|p2a: Escargoat|81/100|[silent]
|upkeep
|turn|13
|
|t:|1781196561
|switch|p2a: Cresselia|Cresselia, F|64/100
|-damage|p2a: Cresselia|52/100|[from] Stealth Rock
|move|p1a: Enten|U-turn|p2a: Cresselia
|-supereffective|p2a: Cresselia
|-damage|p2a: Cresselia|24/100
|-damage|p1a: Enten|59/100|[from] item: Rocky Helmet|[of] p2a: Cresselia
|
|t:|1781196569
|switch|p1a: Overseer|Pecharunt|100/100|[from] U-turn
|
|upkeep
|turn|14
|
|t:|1781196576
|switch|p2a: Iron Treads|Iron Treads|100/100
|-damage|p2a: Iron Treads|97/100|[from] Stealth Rock
|move|p1a: Overseer|Shadow Ball|p2a: Iron Treads
|-damage|p2a: Iron Treads|73/100
|-unboost|p2a: Iron Treads|spd|1
|
|-heal|p2a: Iron Treads|79/100|[from] item: Leftovers
|upkeep
|turn|15
|
|t:|1781196590
|move|p2a: Iron Treads|Stealth Rock|p1a: Overseer
|-sidestart|p1: remove sun teams|move: Stealth Rock
|move|p1a: Overseer|Shadow Ball|p2a: Iron Treads
|-damage|p2a: Iron Treads|43/100
|
|-heal|p2a: Iron Treads|50/100|[from] item: Leftovers
|upkeep
|turn|16
|j| nelsoNJ
|
|t:|1781196604
|move|p2a: Iron Treads|Earthquake|p1a: Overseer
|-supereffective|p1a: Overseer
|-damage|p1a: Overseer|64/100
|move|p1a: Overseer|Shadow Ball|p2a: Iron Treads
|-crit|p2a: Iron Treads
|-damage|p2a: Iron Treads|0 fnt
|faint|p2a: Iron Treads
|-end|p2a: Iron Treads|Quark Drive|[silent]
|
|upkeep
|
|t:|1781196612
|switch|p2a: Kingambit|Kingambit, F|100/100
|-damage|p2a: Kingambit|94/100|[from] Stealth Rock
|-activate|p2a: Kingambit|ability: Supreme Overlord
|-start|p2a: Kingambit|fallen1|[silent]
|-item|p2a: Kingambit|Air Balloon
|turn|17
|
|t:|1781196625
|move|p1a: Overseer|Parting Shot|p2a: Kingambit
|-unboost|p2a: Kingambit|atk|1
|-unboost|p2a: Kingambit|spa|1
|
|t:|1781196639
|switch|p1a: Calamity|Iron Valiant, shiny|100/100 par|[from] Parting Shot
|-damage|p1a: Calamity|94/100 par|[from] Stealth Rock
|move|p2a: Kingambit|Swords Dance|p2a: Kingambit
|-boost|p2a: Kingambit|atk|2
|
|upkeep
|turn|18
|
|t:|1781196652
|-terastallize|p1a: Calamity|Fairy
|move|p1a: Calamity|Moonblast|p2a: Kingambit
|-damage|p2a: Kingambit|4/100
|-enditem|p2a: Kingambit|Air Balloon
|move|p2a: Kingambit|Iron Head|p1a: Calamity
|-supereffective|p1a: Calamity
|-damage|p1a: Calamity|0 fnt
|faint|p1a: Calamity
|-end|p1a: Calamity|Quark Drive|[silent]
|
|upkeep
|
|t:|1781196671
|switch|p1a: Pisces|Alomomola, M, shiny|100/100
|-damage|p1a: Pisces|88/100|[from] Stealth Rock
|turn|19
|inactive|ceo o wo chien has 120 seconds left.
|
|t:|1781196702
|-end|p2a: Kingambit|fallen1|[silent]
|switch|p2a: Ogerpon|Ogerpon-Wellspring, F|100/100
|-damage|p2a: Ogerpon|88/100|[from] Stealth Rock
|move|p1a: Pisces|Flip Turn|p2a: Ogerpon
|-heal|p2a: Ogerpon|100/100|[from] ability: Water Absorb|[of] p1a: Pisces
|
|upkeep
|turn|20
|
|t:|1781196716
|switch|p1a: Enten|Landorus-Therian, M, shiny|59/100
|-damage|p1a: Enten|47/100|[from] Stealth Rock
|-ability|p1a: Enten|Intimidate|boost
|-unboost|p2a: Ogerpon|atk|1
|move|p2a: Ogerpon|Swords Dance|p2a: Ogerpon
|-boost|p2a: Ogerpon|atk|2
|
|upkeep
|turn|21
|j| Puyu paz
|
|t:|1781196729
|move|p1a: Enten|U-turn|p2a: Ogerpon
|-supereffective|p2a: Ogerpon
|-damage|p2a: Ogerpon|53/100
|j| Terpsikore
|inactive|remove sun teams has 120 seconds left.
|
|t:|1781196743
|switch|p1a: Liberacy|Cinderace, M, shiny|59/100 par|[from] U-turn
|move|p2a: Ogerpon|Trailblaze|p1a: Liberacy
|-resisted|p1a: Liberacy
|-damage|p1a: Liberacy|32/100 par
|-boost|p2a: Ogerpon|spe|1
|
|upkeep
|turn|22
|inactive|remove sun teams has 120 seconds left.
|
|t:|1781196757
|move|p2a: Ogerpon|Ivy Cudgel|p1a: Liberacy|[anim] Ivy Cudgel Water
|-supereffective|p1a: Liberacy
|-damage|p1a: Liberacy|0 fnt
|faint|p1a: Liberacy
|
|upkeep
|inactive|remove sun teams has 120 seconds left.
|
|t:|1781196764
|switch|p1a: Overseer|Pecharunt|64/100
|turn|23
|
|t:|1781196771
|-terastallize|p2a: Ogerpon|Water
|detailschange|p2a: Ogerpon|Ogerpon-Wellspring-Tera, F, tera:Water
|-ability|p2a: Ogerpon|Embody Aspect (Wellspring)|boost
|-boost|p2a: Ogerpon|spd|1
|move|p2a: Ogerpon|Ivy Cudgel|p1a: Overseer|[anim] Ivy Cudgel Water
|-crit|p1a: Overseer
|-damage|p1a: Overseer|1/100
|move|p1a: Overseer|Malignant Chain|p2a: Ogerpon
|-damage|p2a: Ogerpon|33/100
|
|upkeep
|turn|24
|
|t:|1781196778
|switch|p1a: Enten|Landorus-Therian, M, shiny|47/100
|-damage|p1a: Enten|35/100|[from] Stealth Rock
|-ability|p1a: Enten|Intimidate|boost
|-unboost|p2a: Ogerpon|atk|1
|move|p2a: Ogerpon|Trailblaze|p1a: Enten
|-damage|p1a: Enten|6/100
|-boost|p2a: Ogerpon|spe|1
|
|upkeep
|turn|25
|
|t:|1781196785
|switch|p1a: Pisces|Alomomola, M, shiny|100/100
|-damage|p1a: Pisces|88/100|[from] Stealth Rock
|move|p2a: Ogerpon|Synthesis|p2a: Ogerpon
|-heal|p2a: Ogerpon|83/100
|
|upkeep
|turn|26
|
|t:|1781196792
|move|p2a: Ogerpon|Swords Dance|p2a: Ogerpon
|-boost|p2a: Ogerpon|atk|2
|move|p1a: Pisces|Body Slam|p2a: Ogerpon
|-damage|p2a: Ogerpon|71/100
|
|upkeep
|turn|27
|
|t:|1781196799
|move|p2a: Ogerpon|Trailblaze|p1a: Pisces
|-supereffective|p1a: Pisces
|-damage|p1a: Pisces|19/100
|-boost|p2a: Ogerpon|spe|1
|move|p1a: Pisces|Body Slam|p2a: Ogerpon
|-damage|p2a: Ogerpon|57/100
|
|upkeep
|turn|28
|
|t:|1781196806
|move|p2a: Ogerpon|Ivy Cudgel|p1a: Pisces|[anim] Ivy Cudgel Water
|-resisted|p1a: Pisces
|-damage|p1a: Pisces|0 fnt
|faint|p1a: Pisces
|
|upkeep
|
|t:|1781196812
|switch|p1a: Overseer|Pecharunt|1/100
|turn|29
|
|t:|1781196819
|switch|p1a: Khaos|Hoopa-Unbound|100/100
|-damage|p1a: Khaos|88/100|[from] Stealth Rock
|move|p2a: Ogerpon|Trailblaze|p1a: Khaos
|-damage|p1a: Khaos|10/100
|-boost|p2a: Ogerpon|spe|1
|
|upkeep
|turn|30
|
|t:|1781196825
|move|p2a: Ogerpon|Ivy Cudgel|p1a: Khaos|[anim] Ivy Cudgel Water
|-damage|p1a: Khaos|0 fnt
|faint|p1a: Khaos
|
|upkeep
|
|t:|1781196829
|switch|p1a: Overseer|Pecharunt|1/100
|turn|31
|
|t:|1781196831
|move|p2a: Ogerpon|Trailblaze|p1a: Overseer
|-resisted|p1a: Overseer
|-damage|p1a: Overseer|0 fnt
|-boost|p2a: Ogerpon|spe|1
|faint|p1a: Overseer
|
|upkeep
|
|t:|1781196833
|switch|p1a: Enten|Landorus-Therian, M, shiny|6/100
|-damage|p1a: Enten|0 fnt|[from] Stealth Rock
|faint|p1a: Enten
|
|win|ceo o wo chien
|raw|remove sun teams's rating: 1787 &rarr; <strong>1766</strong><br />(-21 for losing)
|raw|ceo o wo chien's rating: 1769 &rarr; <strong>1790</strong><br />(+21 for winning)
|c|☆remove sun teams|gg
|c|☆ceo o wo chien|gg
|l|☆ceo o wo chien
|player|p2|
|l| Terpsikore
|l| Puyu paz
