|j|☆kuzwa
|j|☆tauros3
|t:|1781317126
|gametype|singles
|player|p1|kuzwa|calem|1544
|player|p2|tauros3|swimmer-gen4dp|1548
|gen|9
|tier|[Gen 9] OU
|rated|
|rule|HP Percentage Mod: HP is shown in percentages
|rule|Endless Battle Clause: Forcing endless battles is banned
|rule|Species Clause: Limit one of each Pokémon
|rule|OHKO Clause: OHKO moves are banned
|rule|Evasion Items Clause: Evasion items are banned
|rule|Evasion Moves Clause: Evasion moves are banned
|rule|Evasion Abilities Clause: Evasion abilities are banned
|rule|Sleep Moves Clause: Sleep-inducing moves are banned
|clearpoke
|poke|p1|Alomomola, M|
|poke|p1|Weezing-Galar, M|
|poke|p1|Zamazenta-*|
|poke|p1|Grafaiai, M|
|poke|p1|Darkrai|
|poke|p1|Chansey, F|
|poke|p2|Ninetales-Alola, M|
|poke|p2|Kyurem|
|poke|p2|Moltres-Galar|
|poke|p2|Ursaluna, F|
|poke|p2|Diancie|
|poke|p2|Hatterene, F|
|teampreview
|inactive|Battle timer is ON: inactive players will automatically lose when time's up. (requested by tauros3)
|inactive|kuzwa also wants the timer to be on.
|
|t:|1781317142
|teamsize|p1|6
|teamsize|p2|6
|start
|switch|p1a: Trucel|Grafaiai, M|100/100
|switch|p2a: Pink Triangle|Hatterene, F|100/100
|turn|1
|c|☆kuzwa|Thought i was in natdex doubles
|c|☆kuzwa|God
|
|t:|1781317161
|move|p1a: Trucel|Parting Shot|p2a: Pink Triangle
|move|p2a: Pink Triangle|Parting Shot|p1a: Trucel|[from] ability: Magic Bounce
|-unboost|p1a: Trucel|atk|1
|-unboost|p1a: Trucel|spa|1
|
|t:|1781317168
|switch|p2a: The Good Life|Ninetales-Alola, M|100/100|[from] Parting Shot
|-weather|Snowscape|[from] ability: Snow Warning|[of] p2a: The Good Life
|
|-weather|Snowscape|[upkeep]
|upkeep
|turn|2
|
|t:|1781317172
|move|p2a: The Good Life|Aurora Veil|p2a: The Good Life
|-sidestart|p2: tauros3|move: Aurora Veil
|move|p1a: Trucel|Knock Off|p2a: The Good Life
|-resisted|p2a: The Good Life
|-damage|p2a: The Good Life|98/100
|-enditem|p2a: The Good Life|Light Clay|[from] move: Knock Off|[of] p1a: Trucel
|
|-weather|Snowscape|[upkeep]
|upkeep
|turn|3
|
|t:|1781317181
|move|p1a: Trucel|Encore|p2a: The Good Life
|-start|p2a: The Good Life|Encore
|move|p2a: The Good Life|Aurora Veil||[still]
|-fail|p2a: The Good Life
|
|-weather|Snowscape|[upkeep]
|upkeep
|turn|4
|
|t:|1781317187
|switch|p2a: Pink Triangle|Hatterene, F|100/100
|move|p1a: Trucel|Knock Off|p2a: Pink Triangle
|-crit|p2a: Pink Triangle
|-damage|p2a: Pink Triangle|68/100
|-enditem|p2a: Pink Triangle|Focus Sash|[from] move: Knock Off|[of] p1a: Trucel
|
|-weather|Snowscape|[upkeep]
|upkeep
|turn|5
|
|t:|1781317200
|move|p1a: Trucel|Parting Shot|p2a: Pink Triangle
|move|p2a: Pink Triangle|Parting Shot|p1a: Trucel|[from] ability: Magic Bounce
|-unboost|p1a: Trucel|atk|1
|-unboost|p1a: Trucel|spa|1
|
|t:|1781317212
|switch|p2a: No Other One|Diancie|100/100|[from] Parting Shot
|
|-weather|none
|upkeep
|turn|6
|
|t:|1781317219
|move|p1a: Trucel|Toxic|p2a: No Other One
|-status|p2a: No Other One|tox
|move|p2a: No Other One|Meteor Beam||[still]
|-prepare|p2a: No Other One|Meteor Beam
|-boost|p2a: No Other One|spa|1
|-enditem|p2a: No Other One|Power Herb
|-anim|p2a: No Other One|Meteor Beam|p1a: Trucel
|-damage|p1a: Trucel|0 fnt
|faint|p1a: Trucel
|
|-damage|p2a: No Other One|95/100 tox|[from] psn
|upkeep
|
|t:|1781317228
|switch|p1a: Chansey|Chansey, F|100/100
|turn|7
|
|t:|1781317232
|switch|p2a: El Scorcho|Ursaluna, F|100/100
|move|p1a: Chansey|Seismic Toss|p2a: El Scorcho
|-damage|p2a: El Scorcho|79/100
|
|-status|p2a: El Scorcho|brn|[from] item: Flame Orb
|upkeep
|turn|8
|
|t:|1781317239
|move|p2a: El Scorcho|Swords Dance|p2a: El Scorcho
|-boost|p2a: El Scorcho|atk|2
|move|p1a: Chansey|Stealth Rock|p2a: El Scorcho
|-sidestart|p2: tauros3|move: Stealth Rock
|
|-damage|p2a: El Scorcho|73/100 brn|[from] brn
|upkeep
|turn|9
|
|t:|1781317246
|switch|p1a: Unworthy of Name|Alomomola, M|100/100
|move|p2a: El Scorcho|Facade|p1a: Unworthy of Name
|-damage|p1a: Unworthy of Name|0 fnt
|-damage|p2a: El Scorcho|56/100 brn|[from] item: Rocky Helmet|[of] p1a: Unworthy of Name
|faint|p1a: Unworthy of Name
|
|-damage|p2a: El Scorcho|50/100 brn|[from] brn
|-sideend|p2: tauros3|move: Aurora Veil
|upkeep
|
|t:|1781317248
|switch|p1a: Moltisanti|Weezing-Galar, M|100/100
|-ability|p1a: Moltisanti|Neutralizing Gas
|turn|10
|
|t:|1781317252
|move|p1a: Moltisanti|Flamethrower|p2a: El Scorcho
|-damage|p2a: El Scorcho|34/100 brn
|move|p2a: El Scorcho|Facade|p1a: Moltisanti
|-damage|p1a: Moltisanti|0 fnt
|faint|p1a: Moltisanti
|-end|p1a: Moltisanti|ability: Neutralizing Gas
|
|-damage|p2a: El Scorcho|28/100 brn|[from] brn
|upkeep
|
|t:|1781317261
|switch|p1a: everyday&everynite|Zamazenta|100/100
|-ability|p1a: everyday&everynite|Dauntless Shield|boost
|-boost|p1a: everyday&everynite|def|1
|turn|11
|
|t:|1781317267
|move|p1a: everyday&everynite|Body Press|p2a: El Scorcho
|-supereffective|p2a: El Scorcho
|-damage|p2a: El Scorcho|0 fnt
|faint|p2a: El Scorcho
|
|upkeep
|
|t:|1781317275
|switch|p2a: No Other One|Diancie|95/100 tox
|-damage|p2a: No Other One|82/100 tox|[from] Stealth Rock
|turn|12
|
|t:|1781317282
|-terastallize|p1a: everyday&everynite|Steel
|-terastallize|p2a: No Other One|Ground
|move|p1a: everyday&everynite|Iron Defense|p1a: everyday&everynite
|-boost|p1a: everyday&everynite|def|2
|move|p2a: No Other One|Trick Room|p2a: No Other One
|-fieldstart|move: Trick Room|[of] p2a: No Other One
|
|-damage|p2a: No Other One|76/100 tox|[from] psn
|upkeep
|turn|13
|
|t:|1781317290
|switch|p2a: Pink Triangle|Hatterene, F|68/100
|-damage|p2a: Pink Triangle|55/100|[from] Stealth Rock
|move|p1a: everyday&everynite|Body Press|p2a: Pink Triangle
|-resisted|p2a: Pink Triangle
|-damage|p2a: Pink Triangle|33/100
|
|upkeep
|turn|14
|
|t:|1781317300
|move|p2a: Pink Triangle|Healing Wish|p2a: Pink Triangle
|faint|p2a: Pink Triangle
|move|p1a: everyday&everynite|Crunch|p2: Pink Triangle|[notarget]
|-fail|p1a: everyday&everynite
|
|upkeep
|
|t:|1781317303
|switch|p2a: No Other One|Diancie, tera:Ground|76/100 tox
|-heal|p2a: No Other One|100/100|[from] move: Healing Wish
|-damage|p2a: No Other One|95/100|[from] Stealth Rock
|turn|15
|
|t:|1781317305
|move|p2a: No Other One|Earth Power|p1a: everyday&everynite
|-supereffective|p1a: everyday&everynite
|-damage|p1a: everyday&everynite|24/100
|move|p1a: everyday&everynite|Body Press|p2a: No Other One
|-damage|p2a: No Other One|25/100
|
|-heal|p1a: everyday&everynite|30/100|[from] item: Leftovers
|upkeep
|turn|16
|
|t:|1781317310
|switch|p1a: Chansey|Chansey, F|100/100
|move|p2a: No Other One|Earth Power|p1a: Chansey
|-damage|p1a: Chansey|88/100
|
|-fieldend|move: Trick Room
|upkeep
|turn|17
|
|t:|1781317313
|switch|p2a: The Good Life|Ninetales-Alola, M|98/100
|-damage|p2a: The Good Life|73/100|[from] Stealth Rock
|-weather|Snowscape|[from] ability: Snow Warning|[of] p2a: The Good Life
|move|p1a: Chansey|Seismic Toss|p2a: The Good Life
|-damage|p2a: The Good Life|44/100
|
|-weather|Snowscape|[upkeep]
|upkeep
|turn|18
|
|t:|1781317317
|move|p2a: The Good Life|Aurora Veil|p2a: The Good Life
|-sidestart|p2: tauros3|move: Aurora Veil
|move|p1a: Chansey|Seismic Toss|p2a: The Good Life
|-damage|p2a: The Good Life|15/100
|
|-weather|Snowscape|[upkeep]
|upkeep
|turn|19
|
|t:|1781317320
|move|p2a: The Good Life|Freeze-Dry|p1a: Chansey
|-damage|p1a: Chansey|82/100
|move|p1a: Chansey|Seismic Toss|p2a: The Good Life
|-damage|p2a: The Good Life|0 fnt
|faint|p2a: The Good Life
|
|-weather|Snowscape|[upkeep]
|upkeep
|
|t:|1781317322
|switch|p2a: Getchoo|Kyurem|100/100
|-damage|p2a: Getchoo|76/100|[from] Stealth Rock
|-ability|p2a: Getchoo|Pressure
|turn|20
|
|t:|1781317326
|move|p2a: Getchoo|Dragon Dance|p2a: Getchoo
|-boost|p2a: Getchoo|atk|1
|-boost|p2a: Getchoo|spe|1
|move|p1a: Chansey|Seismic Toss|p2a: Getchoo
|-damage|p2a: Getchoo|50/100
|
|-weather|Snowscape|[upkeep]
|upkeep
|turn|21
|
|t:|1781317328
|move|p2a: Getchoo|Icicle Spear|p1a: Chansey
|-damage|p1a: Chansey|69/100
|-damage|p1a: Chansey|56/100
|-damage|p1a: Chansey|42/100
|-damage|p1a: Chansey|29/100
|-hitcount|p1a: Chansey|4
|move|p1a: Chansey|Seismic Toss|p2a: Getchoo
|-damage|p2a: Getchoo|25/100
|
|-weather|none
|upkeep
|turn|22
|
|t:|1781317330
|move|p2a: Getchoo|Icicle Spear|p1a: Chansey
|-damage|p1a: Chansey|14/100
|-damage|p1a: Chansey|0 fnt
|faint|p1a: Chansey
|-hitcount|p1: Chansey|2
|
|-sideend|p2: tauros3|move: Aurora Veil
|upkeep
|
|t:|1781317333
|switch|p1a: Noddastal Teem|Darkrai|100/100
|turn|23
|
|t:|1781317337
|move|p2a: Getchoo|Icicle Spear|p1a: Noddastal Teem
|-damage|p1a: Noddastal Teem|71/100
|-damage|p1a: Noddastal Teem|40/100
|-damage|p1a: Noddastal Teem|12/100
|-damage|p1a: Noddastal Teem|0 fnt
|faint|p1a: Noddastal Teem
|-hitcount|p1: Noddastal Teem|4
|
|upkeep
|
|t:|1781317340
|switch|p1a: everyday&everynite|Zamazenta, tera:Steel|30/100
|turn|24
|
|t:|1781317343
|move|p2a: Getchoo|Earth Power|p1a: everyday&everynite
|-supereffective|p1a: everyday&everynite
|-damage|p1a: everyday&everynite|0 fnt
|faint|p1a: everyday&everynite
|
|win|tauros3
|raw|kuzwa's rating: 1544 &rarr; <strong>1524</strong><br />(-20 for losing)
|raw|tauros3's rating: 1548 &rarr; <strong>1568</strong><br />(+20 for winning)
|l|☆kuzwa
|player|p1|
|l|☆tauros3
|player|p2|
