|j|☆i have no id
|j|☆texett
|t:|1781525436
|gametype|singles
|player|p1|i have no id|cynthia|1524
|player|p2|texett|jasmine|1651
|gen|9
|tier|[Gen 9] OU
|rated|
|rule|HP Percentage Mod: HP is shown in percentages
|rule|Endless Battle Clause: Forcing endless battles is banned
|rule|Species Clause: Limit one of each Pokémon
|rule|OHKO Clause: OHKO moves are banned
|rule|Evasion Items Clause: Evasion items are banned
|rule|Evasion Moves Clause: Evasion moves are banned
|rule|Evasion Abilities Clause: Evasion abilities are banned
|rule|Sleep Moves Clause: Sleep-inducing moves are banned
|clearpoke
|poke|p1|Zamazenta-*|
|poke|p1|Heatran, M|
|poke|p1|Corviknight, M|
|poke|p1|Clefable, F|
|poke|p1|Ogerpon-Wellspring, F|
|poke|p1|Gliscor, M|
|poke|p2|Glimmora, M|
|poke|p2|Dragapult, F|
|poke|p2|Zapdos|
|poke|p2|Samurott-Hisui, M|
|poke|p2|Vileplume, F|
|poke|p2|Iron Treads|
|teampreview
|inactive|Battle timer is ON: inactive players will automatically lose when time's up. (requested by texett)
|
|t:|1781525453
|teamsize|p1|6
|teamsize|p2|6
|start
|switch|p1a: Gliscor|Gliscor, M|100/100
|switch|p2a: Samurott|Samurott-Hisui, M, shiny|100/100
|turn|1
|
|t:|1781525460
|move|p2a: Samurott|Knock Off|p1a: Gliscor
|-damage|p1a: Gliscor|69/100
|-enditem|p1a: Gliscor|Toxic Orb|[from] move: Knock Off|[of] p2a: Samurott
|move|p1a: Gliscor|Knock Off|p2a: Samurott
|-resisted|p2a: Samurott
|-damage|p2a: Samurott|89/100
|-enditem|p2a: Samurott|Assault Vest|[from] move: Knock Off|[of] p1a: Gliscor
|
|upkeep
|turn|2
|
|t:|1781525466
|switch|p1a: Ogerpon|Ogerpon-Wellspring, F|100/100
|move|p2a: Samurott|Ceaseless Edge|p1a: Ogerpon
|-damage|p1a: Ogerpon|51/100
|-sidestart|p1: i have no id|Spikes
|
|upkeep
|turn|3
|
|t:|1781525470
|switch|p1a: Corviknight|Corviknight, M|100/100
|-ability|p1a: Corviknight|Pressure
|switch|p2a: Vileplume|Vileplume, F, shiny|100/100
|
|upkeep
|turn|4
|
|t:|1781525487
|switch|p2a: Zapdos|Zapdos, shiny|100/100
|move|p1a: Corviknight|Defog|p2a: Zapdos
|-unboost|p2a: Zapdos|evasion|1
|-sideend|p1: i have no id|Spikes|[from] move: Defog|[of] p1a: Corviknight
|
|upkeep
|turn|5
|
|t:|1781525498
|switch|p1a: Gliscor|Gliscor, M|69/100
|move|p2a: Zapdos|Hurricane|p1a: Gliscor
|-damage|p1a: Gliscor|26/100
|
|upkeep
|turn|6
|
|t:|1781525504
|move|p2a: Zapdos|Hurricane|p1a: Gliscor
|-damage|p1a: Gliscor|0 fnt
|faint|p1a: Gliscor
|
|upkeep
|
|t:|1781525508
|switch|p1a: Heatran|Heatran, M|100/100
|turn|7
|
|t:|1781525514
|move|p2a: Zapdos|Volt Switch|p1a: Heatran
|-damage|p1a: Heatran|83/100
|
|t:|1781525517
|switch|p2a: Samurott|Samurott-Hisui, M, shiny|89/100|[from] Volt Switch
|move|p1a: Heatran|Stealth Rock|p2a: Samurott
|-sidestart|p2: texett|move: Stealth Rock
|
|-heal|p1a: Heatran|89/100|[from] item: Leftovers
|upkeep
|turn|8
|
|t:|1781525522
|switch|p1a: Ogerpon|Ogerpon-Wellspring, F|51/100
|move|p2a: Samurott|Ceaseless Edge|p1a: Ogerpon
|-damage|p1a: Ogerpon|0 fnt
|-sidestart|p1: i have no id|Spikes
|faint|p1a: Ogerpon
|
|upkeep
|-message|i have no id forfeited.
|
|win|texett
|raw|i have no id's rating: 1524 &rarr; <strong>1511</strong><br />(-13 for losing)
|raw|texett's rating: 1651 &rarr; <strong>1664</strong><br />(+13 for winning)
|l|☆i have no id
|player|p1|
|l|☆texett
|player|p2|
