|j|☆uniandes5
|j|☆Dridridrou
|t:|1781099159
|gametype|singles
|player|p1|uniandes5|2|1521
|player|p2|Dridridrou|170|1553
|gen|9
|tier|[Gen 9] OU
|rated|
|rule|HP Percentage Mod: HP is shown in percentages
|rule|Endless Battle Clause: Forcing endless battles is banned
|rule|Species Clause: Limit one of each Pokémon
|rule|OHKO Clause: OHKO moves are banned
|rule|Evasion Items Clause: Evasion items are banned
|rule|Evasion Moves Clause: Evasion moves are banned
|rule|Evasion Abilities Clause: Evasion abilities are banned
|rule|Sleep Moves Clause: Sleep-inducing moves are banned
|clearpoke
|poke|p1|Grimmsnarl, M|
|poke|p1|Latias, F|
|poke|p1|Tinkaton, F|
|poke|p1|Volcanion|
|poke|p1|Mew|
|poke|p1|Dragapult, M|
|poke|p2|Glimmora, M|
|poke|p2|Kingambit, M|
|poke|p2|Darkrai|
|poke|p2|Zamazenta-*|
|poke|p2|Dragonite, F|
|poke|p2|Iron Valiant|
|teampreview
|
|t:|1781099172
|teamsize|p1|6
|teamsize|p2|6
|start
|switch|p1a: Dragapult|Dragapult, M|100/100
|switch|p2a: Glimmora|Glimmora, M|100/100
|turn|1
|
|t:|1781099181
|move|p1a: Dragapult|Thunder Wave|p2a: Glimmora
|-status|p2a: Glimmora|par
|move|p2a: Glimmora|Stealth Rock|p1a: Dragapult
|-sidestart|p1: uniandes5|move: Stealth Rock
|
|upkeep
|turn|2
|
|t:|1781099195
|move|p1a: Dragapult|Hex|p2a: Glimmora
|-damage|p2a: Glimmora|25/100 par
|move|p2a: Glimmora|Mortal Spin|p1a: Dragapult
|-resisted|p1a: Dragapult
|-damage|p1a: Dragapult|96/100
|-status|p1a: Dragapult|psn
|
|-damage|p1a: Dragapult|84/100 psn|[from] psn
|upkeep
|turn|3
|
|t:|1781099206
|move|p1a: Dragapult|Hex|p2a: Glimmora
|-damage|p2a: Glimmora|0 fnt
|faint|p2a: Glimmora
|
|-damage|p1a: Dragapult|72/100 psn|[from] psn
|upkeep
|
|t:|1781099230
|switch|p2a: Darkrai|Darkrai|100/100
|turn|4
|
|t:|1781099234
|switch|p1a: Grimmsnarl|Grimmsnarl, M|100/100
|-damage|p1a: Grimmsnarl|88/100|[from] Stealth Rock
|move|p2a: Darkrai|Dark Pulse|p1a: Grimmsnarl
|-resisted|p1a: Grimmsnarl
|-damage|p1a: Grimmsnarl|78/100
|
|upkeep
|turn|5
|
|t:|1781099241
|switch|p2a: Kingambit|Kingambit, M|100/100
|-activate|p2a: Kingambit|ability: Supreme Overlord
|-start|p2a: Kingambit|fallen1|[silent]
|move|p1a: Grimmsnarl|Light Screen|p1a: Grimmsnarl
|-sidestart|p1: uniandes5|move: Light Screen
|
|upkeep
|turn|6
|
|t:|1781099247
|move|p1a: Grimmsnarl|Reflect|p1a: Grimmsnarl
|-sidestart|p1: uniandes5|Reflect
|move|p2a: Kingambit|Swords Dance|p2a: Kingambit
|-boost|p2a: Kingambit|atk|2
|
|upkeep
|turn|7
|
|t:|1781099254
|switch|p1a: Volcanion|Volcanion|100/100
|move|p2a: Kingambit|Iron Head|p1a: Volcanion
|-resisted|p1a: Volcanion
|-damage|p1a: Volcanion|91/100
|
|upkeep
|turn|8
|
|t:|1781099265
|-terastallize|p2a: Kingambit|Dark
|move|p2a: Kingambit|Kowtow Cleave|p1a: Volcanion
|-damage|p1a: Volcanion|31/100
|move|p1a: Volcanion|Steam Eruption|p2a: Kingambit
|-damage|p2a: Kingambit|40/100
|
|upkeep
|turn|9
|
|t:|1781099274
|move|p2a: Kingambit|Kowtow Cleave|p1a: Volcanion
|-damage|p1a: Volcanion|0 fnt
|faint|p1a: Volcanion
|
|upkeep
|
|t:|1781099278
|switch|p1a: Tinkaton|Tinkaton, F|100/100
|-damage|p1a: Tinkaton|94/100|[from] Stealth Rock
|-ability|p1a: Tinkaton|Mold Breaker
|turn|10
|
|t:|1781099286
|move|p1a: Tinkaton|Knock Off|p2a: Kingambit
|-resisted|p2a: Kingambit
|-damage|p2a: Kingambit|30/100
|-enditem|p2a: Kingambit|Black Glasses|[from] move: Knock Off|[of] p1a: Tinkaton
|move|p2a: Kingambit|Iron Head|p1a: Tinkaton
|-damage|p1a: Tinkaton|43/100
|-enditem|p1a: Tinkaton|Red Card|[of] p2a: Kingambit
|-end|p2a: Kingambit|fallen1|[silent]
|drag|p2a: Iron Valiant|Iron Valiant|100/100
|-enditem|p2a: Iron Valiant|Booster Energy
|-activate|p2a: Iron Valiant|ability: Quark Drive|[fromitem]
|-start|p2a: Iron Valiant|quarkdrivespe
|
|upkeep
|turn|11
|
|t:|1781099302
|move|p2a: Iron Valiant|Calm Mind|p2a: Iron Valiant
|-boost|p2a: Iron Valiant|spa|1
|-boost|p2a: Iron Valiant|spd|1
|move|p1a: Tinkaton|Thunder Wave|p2a: Iron Valiant|[miss]
|-miss|p1a: Tinkaton|p2a: Iron Valiant
|
|upkeep
|turn|12
|
|t:|1781099309
|move|p2a: Iron Valiant|Shadow Ball|p1a: Tinkaton
|-crit|p1a: Tinkaton
|-damage|p1a: Tinkaton|0 fnt
|faint|p1a: Tinkaton
|
|-sideend|p1: uniandes5|move: Light Screen
|upkeep
|
|t:|1781099318
|switch|p1a: Grimmsnarl|Grimmsnarl, M|78/100
|-damage|p1a: Grimmsnarl|66/100|[from] Stealth Rock
|turn|13
|
|t:|1781099325
|move|p1a: Grimmsnarl|Light Screen|p1a: Grimmsnarl
|-sidestart|p1: uniandes5|move: Light Screen
|move|p2a: Iron Valiant|Moonblast|p1a: Grimmsnarl
|-supereffective|p1a: Grimmsnarl
|-damage|p1a: Grimmsnarl|10/100
|-unboost|p1a: Grimmsnarl|spa|1
|
|-sideend|p1: uniandes5|Reflect
|upkeep
|turn|14
|
|t:|1781099333
|move|p1a: Grimmsnarl|Thunder Wave|p2a: Iron Valiant
|-status|p2a: Iron Valiant|par
|cant|p2a: Iron Valiant|par
|
|upkeep
|turn|15
|
|t:|1781099340
|move|p1a: Grimmsnarl|Taunt|p2a: Iron Valiant
|-start|p2a: Iron Valiant|move: Taunt
|cant|p2a: Iron Valiant|move: Taunt|Calm Mind
|
|upkeep
|turn|16
|
|t:|1781099345
|move|p1a: Grimmsnarl|Reflect|p1a: Grimmsnarl
|-sidestart|p1: uniandes5|Reflect
|move|p2a: Iron Valiant|Moonblast|p1a: Grimmsnarl
|-supereffective|p1a: Grimmsnarl
|-damage|p1a: Grimmsnarl|0 fnt
|faint|p1a: Grimmsnarl
|
|upkeep
|
|t:|1781099350
|switch|p1a: Mew|Mew|100/100
|-damage|p1a: Mew|88/100|[from] Stealth Rock
|turn|17
|
|t:|1781099353
|move|p2a: Iron Valiant|Shadow Ball|p1a: Mew
|-supereffective|p1a: Mew
|-damage|p1a: Mew|51/100
|-enditem|p1a: Mew|Weakness Policy
|-boost|p1a: Mew|atk|2|[from] item: Weakness Policy
|-boost|p1a: Mew|spa|2|[from] item: Weakness Policy
|move|p1a: Mew|Dragon Dance|p1a: Mew
|-boost|p1a: Mew|atk|1
|-boost|p1a: Mew|spe|1
|
|-end|p2a: Iron Valiant|move: Taunt
|upkeep
|turn|18
|
|t:|1781099365
|move|p1a: Mew|Stored Power|p2a: Iron Valiant
|-supereffective|p2a: Iron Valiant
|-damage|p2a: Iron Valiant|0 fnt
|faint|p2a: Iron Valiant
|-end|p2a: Iron Valiant|Quark Drive|[silent]
|
|upkeep
|
|t:|1781099379
|switch|p2a: Kingambit|Kingambit, M, tera:Dark|30/100
|-activate|p2a: Kingambit|ability: Supreme Overlord
|-start|p2a: Kingambit|fallen2|[silent]
|turn|19
|
|t:|1781099383
|-terastallize|p1a: Mew|Fighting
|move|p1a: Mew|Drain Punch|p2a: Kingambit
|-supereffective|p2a: Kingambit
|-crit|p2a: Kingambit
|-damage|p2a: Kingambit|0 fnt
|-heal|p1a: Mew|64/100|[from] drain|[of] p2a: Kingambit
|faint|p2a: Kingambit
|-end|p2a: Kingambit|fallen2|[silent]
|
|upkeep
|
|t:|1781099406
|switch|p2a: Dragonite|Dragonite, F|100/100
|turn|20
|
|t:|1781099410
|move|p1a: Mew|Ice Punch|p2a: Dragonite
|-supereffective|p2a: Dragonite
|-damage|p2a: Dragonite|0 fnt
|faint|p2a: Dragonite
|
|-sideend|p1: uniandes5|move: Light Screen
|upkeep
|
|t:|1781099424
|switch|p2a: Darkrai|Darkrai|100/100
|turn|21
|inactive|Battle timer is ON: inactive players will automatically lose when time's up. (requested by uniandes5)
|
|t:|1781099428
|move|p2a: Darkrai|Focus Blast|p1a: Mew|[miss]
|-miss|p2a: Darkrai|p1a: Mew
|move|p1a: Mew|Drain Punch|p2a: Darkrai
|-supereffective|p2a: Darkrai
|-damage|p2a: Darkrai|0 fnt
|-heal|p1a: Mew|99/100|[from] drain|[of] p2a: Darkrai
|faint|p2a: Darkrai
|
|upkeep
|
|t:|1781099430
|switch|p2a: Zamazenta|Zamazenta|100/100
|-ability|p2a: Zamazenta|Dauntless Shield|boost
|-boost|p2a: Zamazenta|def|1
|turn|22
|
|t:|1781099432
|move|p1a: Mew|Stored Power|p2a: Zamazenta
|-supereffective|p2a: Zamazenta
|-damage|p2a: Zamazenta|0 fnt
|faint|p2a: Zamazenta
|
|win|uniandes5
|raw|uniandes5's rating: 1521 &rarr; <strong>1543</strong><br />(+22 for winning)
|raw|Dridridrou's rating: 1553 &rarr; <strong>1531</strong><br />(-22 for losing)
|l|☆Dridridrou
|player|p2|
|l|☆uniandes5
|player|p1|
