|j|☆rekjllj
|j|☆Mysterious Soop
|t:|1781263072
|gametype|singles
|player|p1|rekjllj|169|1574
|player|p2|Mysterious Soop|266|1574
|gen|9
|tier|[Gen 9] OU
|rated|
|rule|HP Percentage Mod: HP is shown in percentages
|rule|Endless Battle Clause: Forcing endless battles is banned
|rule|Species Clause: Limit one of each Pokémon
|rule|OHKO Clause: OHKO moves are banned
|rule|Evasion Items Clause: Evasion items are banned
|rule|Evasion Moves Clause: Evasion moves are banned
|rule|Evasion Abilities Clause: Evasion abilities are banned
|rule|Sleep Moves Clause: Sleep-inducing moves are banned
|clearpoke
|poke|p1|Walking Wake|
|poke|p1|Great Tusk|
|poke|p1|Ninetales, F|
|poke|p1|Cresselia, F|
|poke|p1|Zarude|
|poke|p1|Ceruledge, M|
|poke|p2|Excadrill, F|
|poke|p2|Tyranitar, M|
|poke|p2|Hydrapple, F|
|poke|p2|Gholdengo|
|poke|p2|Alomomola, M|
|poke|p2|Hatterene, F|
|teampreview
|c|☆rekjllj|hf
|inactive|Battle timer is ON: inactive players will automatically lose when time's up. (requested by rekjllj)
|
|t:|1781263082
|teamsize|p1|6
|teamsize|p2|6
|start
|switch|p1a: Zarude|Zarude|100/100
|switch|p2a: Tyranitar|Tyranitar, M|100/100
|-weather|Sandstorm|[from] ability: Sand Stream|[of] p2a: Tyranitar
|turn|1
|
|t:|1781263087
|switch|p2a: Alomomola|Alomomola, M|100/100
|move|p1a: Zarude|Swords Dance|p1a: Zarude
|-boost|p1a: Zarude|atk|2
|
|-weather|Sandstorm|[upkeep]
|-damage|p1a: Zarude|94/100|[from] Sandstorm
|-damage|p2a: Alomomola|94/100|[from] Sandstorm
|-heal|p1a: Zarude|100/100|[from] item: Leftovers
|upkeep
|turn|2
|
|t:|1781263093
|move|p2a: Alomomola|Protect|p2a: Alomomola
|-singleturn|p2a: Alomomola|Protect
|move|p1a: Zarude|Swords Dance|p1a: Zarude
|-boost|p1a: Zarude|atk|2
|
|-weather|Sandstorm|[upkeep]
|-damage|p1a: Zarude|94/100|[from] Sandstorm
|-damage|p2a: Alomomola|88/100|[from] Sandstorm
|-heal|p1a: Zarude|100/100|[from] item: Leftovers
|upkeep
|turn|3
|c|☆Mysterious Soop|bruh roh
|
|t:|1781263107
|switch|p2a: Hydrapple|Hydrapple, F|100/100
|move|p1a: Zarude|Power Whip|p2a: Hydrapple
|-resisted|p2a: Hydrapple
|-damage|p2a: Hydrapple|69/100
|
|-weather|Sandstorm|[upkeep]
|-damage|p1a: Zarude|94/100|[from] Sandstorm
|-damage|p2a: Hydrapple|62/100|[from] Sandstorm
|-heal|p1a: Zarude|100/100|[from] item: Leftovers
|upkeep
|turn|4
|j| pallettownnoob
|
|t:|1781263131
|switch|p2a: Alomomola|Alomomola, M|100/100
|move|p1a: Zarude|Knock Off|p2a: Alomomola
|-damage|p2a: Alomomola|29/100
|-damage|p1a: Zarude|84/100|[from] item: Rocky Helmet|[of] p2a: Alomomola
|-enditem|p2a: Alomomola|Rocky Helmet|[from] move: Knock Off|[of] p1a: Zarude
|
|-weather|Sandstorm|[upkeep]
|-damage|p1a: Zarude|78/100|[from] Sandstorm
|-damage|p2a: Alomomola|23/100|[from] Sandstorm
|-heal|p1a: Zarude|84/100|[from] item: Leftovers
|upkeep
|turn|5
|
|t:|1781263138
|move|p2a: Alomomola|Protect|p2a: Alomomola
|-singleturn|p2a: Alomomola|Protect
|move|p1a: Zarude|Knock Off|p2a: Alomomola
|-activate|p2a: Alomomola|move: Protect
|
|-weather|none
|-heal|p1a: Zarude|90/100|[from] item: Leftovers
|upkeep
|turn|6
|
|t:|1781263154
|switch|p2a: Tyranitar|Tyranitar, M|100/100
|-weather|Sandstorm|[from] ability: Sand Stream|[of] p2a: Tyranitar
|move|p1a: Zarude|Knock Off|p2a: Tyranitar
|-resisted|p2a: Tyranitar
|-damage|p2a: Tyranitar|49/100
|-enditem|p2a: Tyranitar|Choice Band|[from] move: Knock Off|[of] p1a: Zarude
|
|-weather|Sandstorm|[upkeep]
|-damage|p1a: Zarude|84/100|[from] Sandstorm
|-heal|p1a: Zarude|90/100|[from] item: Leftovers
|upkeep
|turn|7
|
|t:|1781263161
|move|p1a: Zarude|Power Whip|p2a: Tyranitar
|-supereffective|p2a: Tyranitar
|-damage|p2a: Tyranitar|0 fnt
|faint|p2a: Tyranitar
|
|-weather|Sandstorm|[upkeep]
|-damage|p1a: Zarude|84/100|[from] Sandstorm
|-heal|p1a: Zarude|90/100|[from] item: Leftovers
|upkeep
|
|t:|1781263163
|switch|p2a: Excadrill|Excadrill, F|100/100
|turn|8
|
|t:|1781263167
|move|p2a: Excadrill|Iron Head|p1a: Zarude
|-damage|p1a: Zarude|51/100
|cant|p1a: Zarude|flinch
|
|-weather|Sandstorm|[upkeep]
|-damage|p1a: Zarude|45/100|[from] Sandstorm
|-heal|p1a: Zarude|51/100|[from] item: Leftovers
|upkeep
|turn|9
|j| lord shiddenfards
|
|t:|1781263172
|move|p2a: Excadrill|Iron Head|p1a: Zarude
|-crit|p1a: Zarude
|-damage|p1a: Zarude|0 fnt
|faint|p1a: Zarude
|
|-weather|Sandstorm|[upkeep]
|upkeep
|
|t:|1781263177
|switch|p1a: Ceruledge|Ceruledge, M|100/100
|turn|10
|
|t:|1781263186
|switch|p2a: Alomomola|Alomomola, M|56/100
|move|p1a: Ceruledge|Swords Dance|p1a: Ceruledge
|-boost|p1a: Ceruledge|atk|2
|
|-weather|none
|upkeep
|turn|11
|
|t:|1781263190
|move|p1a: Ceruledge|Swords Dance|p1a: Ceruledge
|-boost|p1a: Ceruledge|atk|2
|move|p2a: Alomomola|Scald|p1a: Ceruledge
|-supereffective|p1a: Ceruledge
|-damage|p1a: Ceruledge|65/100
|
|upkeep
|turn|12
|j| darkrat18
|
|t:|1781263195
|move|p1a: Ceruledge|Bitter Blade|p2a: Alomomola
|-resisted|p2a: Alomomola
|-damage|p2a: Alomomola|18/100
|-heal|p1a: Ceruledge|99/100|[from] drain|[of] p2a: Alomomola
|move|p2a: Alomomola|Wish|p2a: Alomomola
|
|upkeep
|turn|13
|
|t:|1781263197
|move|p2a: Alomomola|Protect|p2a: Alomomola
|-singleturn|p2a: Alomomola|Protect
|move|p1a: Ceruledge|Bitter Blade|p2a: Alomomola
|-activate|p2a: Alomomola|move: Protect
|
|-heal|p2a: Alomomola|68/100|[from] move: Wish|[wisher] Alomomola
|upkeep
|turn|14
|
|t:|1781263201
|move|p1a: Ceruledge|Bitter Blade|p2a: Alomomola
|-resisted|p2a: Alomomola
|-damage|p2a: Alomomola|30/100
|-heal|p1a: Ceruledge|100/100|[from] drain|[of] p2a: Alomomola
|move|p2a: Alomomola|Scald|p1a: Ceruledge
|-supereffective|p1a: Ceruledge
|-damage|p1a: Ceruledge|68/100
|
|upkeep
|turn|15
|
|t:|1781263208
|move|p2a: Alomomola|Protect|p2a: Alomomola
|-singleturn|p2a: Alomomola|Protect
|move|p1a: Ceruledge|Bitter Blade|p2a: Alomomola
|-activate|p2a: Alomomola|move: Protect
|
|upkeep
|turn|16
|
|t:|1781263220
|switch|p2a: Hatterene|Hatterene, F|100/100
|move|p1a: Ceruledge|Bitter Blade|p2a: Hatterene
|-damage|p2a: Hatterene|0 fnt
|-heal|p1a: Ceruledge|100/100|[from] drain|[of] p2a: Hatterene
|faint|p2a: Hatterene
|
|upkeep
|
|t:|1781263224
|switch|p2a: Alomomola|Alomomola, M|64/100
|turn|17
|
|t:|1781263226
|move|p1a: Ceruledge|Close Combat|p2a: Alomomola
|-damage|p2a: Alomomola|0 fnt
|-unboost|p1a: Ceruledge|def|1
|-unboost|p1a: Ceruledge|spd|1
|faint|p2a: Alomomola
|
|upkeep
|j| Schlafparalyse
|
|t:|1781263230
|switch|p2a: Gholdengo|Gholdengo|100/100
|turn|18
|
|t:|1781263234
|move|p2a: Gholdengo|Shadow Ball|p1a: Ceruledge
|-supereffective|p1a: Ceruledge
|-enditem|p1a: Ceruledge|Focus Sash
|-damage|p1a: Ceruledge|1/100
|move|p1a: Ceruledge|Bitter Blade|p2a: Gholdengo
|-supereffective|p2a: Gholdengo
|-damage|p2a: Gholdengo|0 fnt
|-heal|p1a: Ceruledge|55/100|[from] drain|[of] p2a: Gholdengo
|faint|p2a: Gholdengo
|
|upkeep
|
|t:|1781263238
|switch|p2a: Excadrill|Excadrill, F|100/100
|turn|19
|-message|Mysterious Soop forfeited.
|
|win|rekjllj
|raw|rekjllj's rating: 1574 &rarr; <strong>1594</strong><br />(+20 for winning)
|raw|Mysterious Soop's rating: 1574 &rarr; <strong>1554</strong><br />(-20 for losing)
|c|☆rekjllj|gg
|l|☆Mysterious Soop
|player|p2|
