|j|☆jonuz
|j|☆KurisuChestnutOU
|t:|1781169145
|gametype|singles
|player|p1|jonuz|266|1535
|player|p2|KurisuChestnutOU|may-contest|1567
|gen|9
|tier|[Gen 9] OU
|rated|
|rule|HP Percentage Mod: HP is shown in percentages
|rule|Endless Battle Clause: Forcing endless battles is banned
|rule|Species Clause: Limit one of each Pokémon
|rule|OHKO Clause: OHKO moves are banned
|rule|Evasion Items Clause: Evasion items are banned
|rule|Evasion Moves Clause: Evasion moves are banned
|rule|Evasion Abilities Clause: Evasion abilities are banned
|rule|Sleep Moves Clause: Sleep-inducing moves are banned
|clearpoke
|poke|p1|Sinistcha|
|poke|p1|Samurott-Hisui, F|
|poke|p1|Clefable, F|
|poke|p1|Moltres|
|poke|p1|Ting-Lu|
|poke|p1|Kommo-o, F|
|poke|p2|Hawlucha, F|
|poke|p2|Samurott-Hisui, F|
|poke|p2|Rillaboom, F|
|poke|p2|Gholdengo|
|poke|p2|Kyurem|
|poke|p2|Landorus-Therian, M|
|teampreview
|inactive|Battle timer is ON: inactive players will automatically lose when time's up. (requested by KurisuChestnutOU)
|
|t:|1781169160
|teamsize|p1|6
|teamsize|p2|6
|start
|switch|p1a: Clefable|Clefable, F|100/100
|switch|p2a: Rillaboom|Rillaboom, F|100/100
|-fieldstart|move: Grassy Terrain|[from] ability: Grassy Surge|[of] p2a: Rillaboom
|turn|1
|
|t:|1781169164
|switch|p1a: Moltres|Moltres|100/100
|move|p2a: Rillaboom|Wood Hammer|p1a: Moltres
|-resisted|p1a: Moltres
|-damage|p1a: Moltres|81/100
|-damage|p2a: Rillaboom|94/100|[from] Recoil
|
|-heal|p2a: Rillaboom|99/100|[from] Grassy Terrain
|upkeep
|turn|2
|
|t:|1781169169
|-terastallize|p2a: Rillaboom|Fire
|move|p2a: Rillaboom|Swords Dance|p2a: Rillaboom
|-boost|p2a: Rillaboom|atk|2
|move|p1a: Moltres|Hurricane|p2a: Rillaboom
|-damage|p2a: Rillaboom|20/100
|
|-heal|p2a: Rillaboom|27/100|[from] Grassy Terrain
|upkeep
|turn|3
|
|t:|1781169174
|move|p2a: Rillaboom|Knock Off|p1a: Moltres
|-damage|p1a: Moltres|5/100
|-enditem|p1a: Moltres|Heavy-Duty Boots|[from] move: Knock Off|[of] p2a: Rillaboom
|move|p1a: Moltres|Hurricane|p2a: Rillaboom
|-damage|p2a: Rillaboom|0 fnt
|faint|p2a: Rillaboom
|
|upkeep
|
|t:|1781169178
|switch|p2a: Kyurem|Kyurem|100/100
|-ability|p2a: Kyurem|Pressure
|turn|4
|
|t:|1781169182
|move|p2a: Kyurem|Ice Beam|p1a: Moltres
|-damage|p1a: Moltres|0 fnt
|faint|p1a: Moltres
|
|upkeep
|
|t:|1781169185
|switch|p1a: Samurott|Samurott-Hisui, F|100/100
|turn|5
|
|t:|1781169189
|move|p1a: Samurott|Ceaseless Edge|p2a: Kyurem
|-damage|p2a: Kyurem|59/100
|-sidestart|p2: KurisuChestnutOU|Spikes
|move|p2a: Kyurem|Freeze-Dry|p1a: Samurott
|-supereffective|p1a: Samurott
|-damage|p1a: Samurott|0 fnt
|faint|p1a: Samurott
|
|-heal|p2a: Kyurem|65/100|[from] Grassy Terrain
|-fieldend|move: Grassy Terrain
|upkeep
|
|t:|1781169195
|switch|p1a: Clefable|Clefable, F|100/100
|turn|6
|
|t:|1781169202
|move|p2a: Kyurem|Ice Beam|p1a: Clefable
|-damage|p1a: Clefable|57/100
|move|p1a: Clefable|Moonblast|p2a: Kyurem
|-supereffective|p2a: Kyurem
|-damage|p2a: Kyurem|23/100
|
|-heal|p1a: Clefable|63/100|[from] item: Leftovers
|upkeep
|turn|7
|
|t:|1781169207
|move|p2a: Kyurem|Ice Beam|p1a: Clefable
|-damage|p1a: Clefable|22/100
|-status|p1a: Clefable|frz
|cant|p1a: Clefable|frz
|
|-heal|p1a: Clefable|28/100 frz|[from] item: Leftovers
|upkeep
|turn|8
|
|t:|1781169211
|move|p2a: Kyurem|Ice Beam|p1a: Clefable
|-damage|p1a: Clefable|0 fnt
|faint|p1a: Clefable
|
|upkeep
|
|t:|1781169214
|switch|p1a: Kommo-o|Kommo-o, F|100/100
|turn|9
|
|t:|1781169221
|move|p2a: Kyurem|Ice Beam|p1a: Kommo-o
|-supereffective|p1a: Kommo-o
|-damage|p1a: Kommo-o|6/100
|move|p1a: Kommo-o|Body Press|p2a: Kyurem
|-supereffective|p2a: Kyurem
|-damage|p2a: Kyurem|0 fnt
|faint|p2a: Kyurem
|
|-heal|p1a: Kommo-o|12/100|[from] item: Leftovers
|upkeep
|
|t:|1781169229
|switch|p2a: Landorus|Landorus-Therian, M|100/100
|-ability|p2a: Landorus|Intimidate|boost
|-unboost|p1a: Kommo-o|atk|1
|turn|10
|
|t:|1781169232
|switch|p1a: Ting-Lu|Ting-Lu|100/100
|-ability|p1a: Ting-Lu|Vessel of Ruin
|move|p2a: Landorus|Taunt|p1a: Ting-Lu
|-start|p1a: Ting-Lu|move: Taunt
|
|upkeep
|turn|11
|
|t:|1781169239
|move|p2a: Landorus|Stealth Rock|p1a: Ting-Lu
|-sidestart|p1: jonuz|move: Stealth Rock
|move|p1a: Ting-Lu|Ruination|p2a: Landorus
|-damage|p2a: Landorus|51/100
|
|upkeep
|turn|12
|
|t:|1781169245
|switch|p2a: Hawlucha|Hawlucha, F|100/100
|move|p1a: Ting-Lu|Ruination|p2a: Hawlucha
|-damage|p2a: Hawlucha|51/100
|
|-end|p1a: Ting-Lu|move: Taunt
|upkeep
|turn|13
|
|t:|1781169250
|move|p2a: Hawlucha|Roost|p2a: Hawlucha
|-heal|p2a: Hawlucha|100/100
|-singleturn|p2a: Hawlucha|move: Roost
|move|p1a: Ting-Lu|Ruination|p2a: Hawlucha
|-damage|p2a: Hawlucha|51/100
|
|upkeep
|turn|14
|
|t:|1781169256
|move|p2a: Hawlucha|Roost|p2a: Hawlucha
|-heal|p2a: Hawlucha|100/100
|-singleturn|p2a: Hawlucha|move: Roost
|move|p1a: Ting-Lu|Ruination|p2a: Hawlucha
|-damage|p2a: Hawlucha|51/100
|
|upkeep
|turn|15
|
|t:|1781169261
|move|p2a: Hawlucha|Swords Dance|p2a: Hawlucha
|-boost|p2a: Hawlucha|atk|2
|move|p1a: Ting-Lu|Ruination|p2a: Hawlucha
|-damage|p2a: Hawlucha|26/100
|
|upkeep
|turn|16
|
|t:|1781169267
|switch|p1a: Sinistcha|Sinistcha|100/100
|move|p2a: Hawlucha|Roost|p2a: Hawlucha
|-heal|p2a: Hawlucha|76/100
|-singleturn|p2a: Hawlucha|move: Roost
|
|upkeep
|turn|17
|
|t:|1781169270
|-terastallize|p1a: Sinistcha|Poison
|move|p2a: Hawlucha|Acrobatics|p1a: Sinistcha
|-damage|p1a: Sinistcha|65/100
|move|p1a: Sinistcha|Strength Sap|p2a: Hawlucha
|-unboost|p2a: Hawlucha|atk|1
|-heal|p1a: Sinistcha|100/100
|
|upkeep
|turn|18
|
|t:|1781169277
|switch|p2a: Landorus|Landorus-Therian, M|51/100
|-ability|p2a: Landorus|Intimidate|boost
|-unboost|p1a: Sinistcha|atk|1
|move|p1a: Sinistcha|Calm Mind|p1a: Sinistcha
|-boost|p1a: Sinistcha|spa|1
|-boost|p1a: Sinistcha|spd|1
|
|upkeep
|turn|19
|
|t:|1781169283
|move|p2a: Landorus|Earth Power|p1a: Sinistcha
|-supereffective|p1a: Sinistcha
|-damage|p1a: Sinistcha|51/100
|move|p1a: Sinistcha|Matcha Gotcha|p2a: Landorus
|-damage|p2a: Landorus|0 fnt
|-heal|p1a: Sinistcha|79/100|[from] drain|[of] p2a: Landorus
|faint|p2a: Landorus
|
|upkeep
|
|t:|1781169287
|switch|p2a: Gholdengo|Gholdengo|100/100
|-damage|p2a: Gholdengo|88/100|[from] Spikes
|turn|20
|
|t:|1781169292
|switch|p2a: Hawlucha|Hawlucha, F|76/100
|switch|p1a: Ting-Lu|Ting-Lu|100/100
|-damage|p1a: Ting-Lu|94/100|[from] Stealth Rock
|-ability|p1a: Ting-Lu|Vessel of Ruin
|
|-heal|p1a: Ting-Lu|100/100|[from] item: Leftovers
|upkeep
|turn|21
|
|t:|1781169299
|switch|p1a: Sinistcha|Sinistcha, tera:Poison|79/100
|move|p2a: Hawlucha|Swords Dance|p2a: Hawlucha
|-boost|p2a: Hawlucha|atk|2
|
|upkeep
|turn|22
|
|t:|1781169307
|move|p2a: Hawlucha|Acrobatics|p1a: Sinistcha
|-damage|p1a: Sinistcha|44/100
|move|p1a: Sinistcha|Strength Sap|p2a: Hawlucha
|-unboost|p2a: Hawlucha|atk|1
|-heal|p1a: Sinistcha|100/100
|
|upkeep
|turn|23
|
|t:|1781169311
|switch|p2a: Gholdengo|Gholdengo|88/100
|-damage|p2a: Gholdengo|76/100|[from] Spikes
|move|p1a: Sinistcha|Calm Mind|p1a: Sinistcha
|-boost|p1a: Sinistcha|spa|1
|-boost|p1a: Sinistcha|spd|1
|
|upkeep
|turn|24
|
|t:|1781169314
|move|p2a: Gholdengo|Trick|p1a: Sinistcha
|-activate|p2a: Gholdengo|move: Trick|[of] p1a: Sinistcha
|-item|p1a: Sinistcha|Choice Scarf|[from] move: Trick
|-item|p2a: Gholdengo|Heavy-Duty Boots|[from] move: Trick
|move|p1a: Sinistcha|Shadow Ball|p2a: Gholdengo
|-supereffective|p2a: Gholdengo
|-damage|p2a: Gholdengo|0 fnt
|faint|p2a: Gholdengo
|
|upkeep
|
|t:|1781169320
|switch|p2a: Samurott|Samurott-Hisui, F|100/100
|-damage|p2a: Samurott|88/100|[from] Spikes
|turn|25
|
|t:|1781169326
|switch|p1a: Kommo-o|Kommo-o, F|12/100
|-damage|p1a: Kommo-o|6/100|[from] Stealth Rock
|move|p2a: Samurott|Ceaseless Edge|p1a: Kommo-o
|-resisted|p1a: Kommo-o
|-damage|p1a: Kommo-o|0 fnt
|-sidestart|p1: jonuz|Spikes
|faint|p1a: Kommo-o
|
|upkeep
|
|t:|1781169327
|switch|p1a: Ting-Lu|Ting-Lu|100/100
|-damage|p1a: Ting-Lu|94/100|[from] Stealth Rock
|-damage|p1a: Ting-Lu|82/100|[from] Spikes
|-ability|p1a: Ting-Lu|Vessel of Ruin
|turn|26
|
|t:|1781169336
|move|p2a: Samurott|Ceaseless Edge|p1a: Ting-Lu
|-resisted|p1a: Ting-Lu
|-damage|p1a: Ting-Lu|71/100
|-sidestart|p1: jonuz|Spikes
|move|p1a: Ting-Lu|Ruination|p2a: Samurott
|-damage|p2a: Samurott|44/100
|
|-heal|p1a: Ting-Lu|77/100|[from] item: Leftovers
|upkeep
|turn|27
|
|t:|1781169340
|move|p2a: Samurott|Ceaseless Edge|p1a: Ting-Lu
|-resisted|p1a: Ting-Lu
|-damage|p1a: Ting-Lu|67/100
|-sidestart|p1: jonuz|Spikes
|move|p1a: Ting-Lu|Earthquake|p2a: Samurott
|-damage|p2a: Samurott|2/100
|
|-heal|p1a: Ting-Lu|73/100|[from] item: Leftovers
|upkeep
|turn|28
|
|t:|1781169345
|move|p2a: Samurott|Knock Off|p1a: Ting-Lu
|-resisted|p1a: Ting-Lu
|-damage|p1a: Ting-Lu|61/100
|-enditem|p1a: Ting-Lu|Leftovers|[from] move: Knock Off|[of] p2a: Samurott
|move|p1a: Ting-Lu|Earthquake|p2a: Samurott
|-damage|p2a: Samurott|0 fnt
|faint|p2a: Samurott
|
|upkeep
|
|t:|1781169351
|switch|p2a: Hawlucha|Hawlucha, F|76/100
|turn|29
|
|t:|1781169355
|move|p2a: Hawlucha|Swords Dance|p2a: Hawlucha
|-boost|p2a: Hawlucha|atk|2
|move|p1a: Ting-Lu|Ruination|p2a: Hawlucha|[miss]
|-miss|p1a: Ting-Lu|p2a: Hawlucha
|
|upkeep
|turn|30
|
|t:|1781169358
|move|p2a: Hawlucha|Swords Dance|p2a: Hawlucha
|-boost|p2a: Hawlucha|atk|2
|move|p1a: Ting-Lu|Ruination|p2a: Hawlucha|[miss]
|-miss|p1a: Ting-Lu|p2a: Hawlucha
|
|upkeep
|turn|31
|
|t:|1781169361
|move|p2a: Hawlucha|Acrobatics|p1a: Ting-Lu
|-damage|p1a: Ting-Lu|19/100
|move|p1a: Ting-Lu|Ruination|p2a: Hawlucha
|-damage|p2a: Hawlucha|38/100
|
|upkeep
|turn|32
|
|t:|1781169365
|move|p2a: Hawlucha|Roost|p2a: Hawlucha
|-heal|p2a: Hawlucha|88/100
|-singleturn|p2a: Hawlucha|move: Roost
|move|p1a: Ting-Lu|Ruination|p2a: Hawlucha
|-damage|p2a: Hawlucha|45/100
|
|upkeep
|turn|33
|
|t:|1781169370
|move|p2a: Hawlucha|Swords Dance|p2a: Hawlucha
|-boost|p2a: Hawlucha|atk|2
|move|p1a: Ting-Lu|Ruination|p2a: Hawlucha
|-damage|p2a: Hawlucha|23/100
|
|upkeep
|turn|34
|
|t:|1781169377
|move|p2a: Hawlucha|Acrobatics|p1a: Ting-Lu
|-damage|p1a: Ting-Lu|0 fnt
|faint|p1a: Ting-Lu
|
|upkeep
|
|t:|1781169379
|switch|p1a: Sinistcha|Sinistcha, tera:Poison|100/100
|-damage|p1a: Sinistcha|88/100|[from] Stealth Rock
|-damage|p1a: Sinistcha|63/100|[from] Spikes
|turn|35
|
|t:|1781169388
|move|p2a: Hawlucha|Acrobatics|p1a: Sinistcha
|-damage|p1a: Sinistcha|0 fnt
|faint|p1a: Sinistcha
|
|win|KurisuChestnutOU
|raw|jonuz's rating: 1535 &rarr; <strong>1516</strong><br />(-19 for losing)
|raw|KurisuChestnutOU's rating: 1547 &rarr; <strong>1566</strong><br />(+19 for winning)
