|j|☆LowEL0God
|j|☆EleaRosea
|t:|1781545585
|gametype|singles
|player|p1|LowEL0God|265|1563
|player|p2|EleaRosea|harmony|1646
|gen|9
|tier|[Gen 9] OU
|rated|
|rule|HP Percentage Mod: HP is shown in percentages
|rule|Endless Battle Clause: Forcing endless battles is banned
|rule|Species Clause: Limit one of each Pokémon
|rule|OHKO Clause: OHKO moves are banned
|rule|Evasion Items Clause: Evasion items are banned
|rule|Evasion Moves Clause: Evasion moves are banned
|rule|Evasion Abilities Clause: Evasion abilities are banned
|rule|Sleep Moves Clause: Sleep-inducing moves are banned
|clearpoke
|poke|p1|Pelipper, M|
|poke|p1|Raging Bolt|
|poke|p1|Overqwil, M|
|poke|p1|Barraskewda, F|
|poke|p1|Iron Treads|
|poke|p1|Kingambit, F|
|poke|p2|Ogerpon, F|
|poke|p2|Iron Treads|
|poke|p2|Alomomola, F|
|poke|p2|Rillaboom, F|
|poke|p2|Primarina, F|
|poke|p2|Heatran, F|
|teampreview
|inactive|Battle timer is ON: inactive players will automatically lose when time's up. (requested by EleaRosea)
|c|☆LowEL0God|hf
|inactive|LowEL0God also wants the timer to be on.
|
|t:|1781545593
|teamsize|p1|6
|teamsize|p2|6
|start
|switch|p1a: Kingambit|Kingambit, F|100/100
|switch|p2a: Primarina|Primarina, F|100/100
|turn|1
|
|t:|1781545597
|move|p2a: Primarina|Moonblast|p1a: Kingambit
|-damage|p1a: Kingambit|54/100
|-unboost|p1a: Kingambit|spa|1
|move|p1a: Kingambit|Swords Dance|p1a: Kingambit
|-boost|p1a: Kingambit|atk|2
|
|-heal|p1a: Kingambit|60/100|[from] item: Leftovers
|upkeep
|turn|2
|
|t:|1781545611
|move|p2a: Primarina|Moonblast|p1a: Kingambit
|-crit|p1a: Kingambit
|-damage|p1a: Kingambit|0 fnt
|faint|p1a: Kingambit
|-end|p1a: Kingambit|fallenundefined|[silent]
|
|upkeep
|
|t:|1781545612
|switch|p1a: Raging Bolt|Raging Bolt|100/100
|-enditem|p1a: Raging Bolt|Booster Energy
|-activate|p1a: Raging Bolt|ability: Protosynthesis|[fromitem]
|-start|p1a: Raging Bolt|protosynthesisspa
|turn|3
|
|t:|1781545617
|move|p1a: Raging Bolt|Thunder|p2a: Primarina
|-supereffective|p2a: Primarina
|-damage|p2a: Primarina|11/100
|move|p2a: Primarina|Moonblast|p1a: Raging Bolt
|-supereffective|p1a: Raging Bolt
|-damage|p1a: Raging Bolt|11/100
|
|upkeep
|turn|4
|
|t:|1781545625
|switch|p2a: Iron Treads|Iron Treads|100/100
|move|p1a: Raging Bolt|Thunder|p2a: Iron Treads
|-immune|p2a: Iron Treads
|
|upkeep
|turn|5
|
|t:|1781545629
|-end|p1a: Raging Bolt|Protosynthesis|[silent]
|switch|p1a: Pelipper|Pelipper, M|100/100
|-weather|RainDance|[from] ability: Drizzle|[of] p1a: Pelipper
|move|p2a: Iron Treads|Rapid Spin|p1a: Pelipper
|-damage|p1a: Pelipper|86/100
|-boost|p2a: Iron Treads|spe|1
|
|-weather|RainDance|[upkeep]
|upkeep
|turn|6
|
|t:|1781545640
|-end|p2a: Iron Treads|Quark Drive|[silent]
|switch|p2a: Rillaboom|Rillaboom, F|100/100
|-fieldstart|move: Grassy Terrain|[from] ability: Grassy Surge|[of] p2a: Rillaboom
|move|p1a: Pelipper|Weather Ball|p2a: Rillaboom
|-resisted|p2a: Rillaboom
|-damage|p2a: Rillaboom|72/100
|
|-weather|RainDance|[upkeep]
|-heal|p2a: Rillaboom|78/100|[from] Grassy Terrain
|upkeep
|turn|7
|
|t:|1781545646
|switch|p2a: Heatran|Heatran, F|100/100
|move|p1a: Pelipper|Hurricane|p2a: Heatran
|-resisted|p2a: Heatran
|-damage|p2a: Heatran|89/100
|
|-weather|RainDance|[upkeep]
|-heal|p2a: Heatran|95/100|[from] Grassy Terrain
|-heal|p2a: Heatran|100/100|[from] item: Leftovers
|upkeep
|turn|8
|
|t:|1781545654
|switch|p2a: Alomomola|Alomomola, F|100/100
|move|p1a: Pelipper|Weather Ball|p2a: Alomomola
|-resisted|p2a: Alomomola
|-damage|p2a: Alomomola|68/100
|
|-weather|RainDance|[upkeep]
|-heal|p2a: Alomomola|75/100|[from] Grassy Terrain
|upkeep
|turn|9
|
|t:|1781545656
|move|p1a: Pelipper|Hurricane|p2a: Alomomola
|-damage|p2a: Alomomola|29/100
|move|p2a: Alomomola|Wish|p2a: Alomomola
|
|-weather|RainDance|[upkeep]
|-heal|p2a: Alomomola|35/100|[from] Grassy Terrain
|upkeep
|turn|10
|
|t:|1781545667
|switch|p2a: Primarina|Primarina, F|11/100
|move|p1a: Pelipper|Hurricane|p2a: Primarina
|-damage|p2a: Primarina|0 fnt
|faint|p2a: Primarina
|
|-weather|RainDance|[upkeep]
|upkeep
|
|t:|1781545672
|switch|p2a: Ogerpon|Ogerpon, F|100/100
|turn|11
|
|t:|1781545677
|-terastallize|p2a: Ogerpon|Grass
|detailschange|p2a: Ogerpon|Ogerpon-Teal-Tera, F, tera:Grass
|-ability|p2a: Ogerpon|Embody Aspect (Teal)|boost
|-boost|p2a: Ogerpon|spe|1
|move|p2a: Ogerpon|Ivy Cudgel|p1a: Pelipper
|-damage|p1a: Pelipper|0 fnt
|faint|p1a: Pelipper
|
|-weather|RainDance|[upkeep]
|upkeep
|
|t:|1781545678
|switch|p1a: Overqwil|Overqwil, M|100/100
|turn|12
|
|t:|1781545689
|switch|p2a: Alomomola|Alomomola, F|68/100
|move|p1a: Overqwil|Gunk Shot|p2a: Alomomola
|-damage|p2a: Alomomola|27/100
|-status|p2a: Alomomola|psn
|-damage|p1a: Overqwil|91/100|[from] item: Life Orb
|
|-weather|none
|-heal|p1a: Overqwil|97/100|[from] Grassy Terrain
|-heal|p2a: Alomomola|33/100 psn|[from] Grassy Terrain
|-damage|p2a: Alomomola|21/100 psn|[from] psn
|upkeep
|turn|13
|
|t:|1781545695
|switch|p2a: Iron Treads|Iron Treads|100/100
|move|p1a: Overqwil|Swords Dance|p1a: Overqwil
|-boost|p1a: Overqwil|atk|2
|
|-heal|p1a: Overqwil|100/100|[from] Grassy Terrain
|-fieldend|move: Grassy Terrain
|upkeep
|turn|14
|
|t:|1781545697
|-terastallize|p1a: Overqwil|Water
|move|p2a: Iron Treads|Earthquake|p1a: Overqwil
|-damage|p1a: Overqwil|30/100
|move|p1a: Overqwil|Crunch|p2a: Iron Treads
|-damage|p2a: Iron Treads|0 fnt
|faint|p2a: Iron Treads
|-end|p2a: Iron Treads|Quark Drive|[silent]
|-damage|p1a: Overqwil|20/100|[from] item: Life Orb
|
|upkeep
|
|t:|1781545703
|switch|p2a: Ogerpon|Ogerpon-Teal-Tera, F, tera:Grass|100/100
|-ability|p2a: Ogerpon|Embody Aspect (Teal)|boost
|-boost|p2a: Ogerpon|spe|1
|turn|15
|
|t:|1781545706
|switch|p1a: Raging Bolt|Raging Bolt|11/100
|move|p2a: Ogerpon|U-turn|p1a: Raging Bolt
|-damage|p1a: Raging Bolt|0 fnt
|faint|p1a: Raging Bolt
|-end|p1a: Raging Bolt|Protosynthesis|[silent]
|
|t:|1781545712
|switch|p2a: Rillaboom|Rillaboom, F|78/100|[from] U-turn
|-fieldstart|move: Grassy Terrain|[from] ability: Grassy Surge|[of] p2a: Rillaboom
|
|-heal|p2a: Rillaboom|84/100|[from] Grassy Terrain
|upkeep
|
|t:|1781545712
|switch|p1a: Iron Treads|Iron Treads|100/100
|-enditem|p1a: Iron Treads|Booster Energy
|-activate|p1a: Iron Treads|ability: Quark Drive|[fromitem]
|-start|p1a: Iron Treads|quarkdrivespe
|turn|16
|
|t:|1781545724
|switch|p2a: Heatran|Heatran, F|100/100
|move|p1a: Iron Treads|Earth Power|p2a: Heatran
|-supereffective|p2a: Heatran
|-damage|p2a: Heatran|6/100
|
|-heal|p2a: Heatran|12/100|[from] Grassy Terrain
|-heal|p2a: Heatran|19/100|[from] item: Leftovers
|upkeep
|turn|17
|
|t:|1781545727
|move|p1a: Iron Treads|Earth Power|p2a: Heatran
|-supereffective|p2a: Heatran
|-damage|p2a: Heatran|0 fnt
|faint|p2a: Heatran
|
|upkeep
|
|t:|1781545736
|switch|p2a: Ogerpon|Ogerpon-Teal-Tera, F, tera:Grass|100/100
|-ability|p2a: Ogerpon|Embody Aspect (Teal)|boost
|-boost|p2a: Ogerpon|spe|1
|turn|18
|
|t:|1781545739
|move|p2a: Ogerpon|Ivy Cudgel|p1a: Iron Treads
|-damage|p1a: Iron Treads|0 fnt
|faint|p1a: Iron Treads
|-end|p1a: Iron Treads|Quark Drive|[silent]
|
|upkeep
|
|t:|1781545740
|switch|p1a: Barraskewda|Barraskewda, F|100/100
|turn|19
|
|t:|1781545749
|move|p1a: Barraskewda|Aqua Jet|p2a: Ogerpon
|-resisted|p2a: Ogerpon
|-crit|p2a: Ogerpon
|-damage|p2a: Ogerpon|69/100
|move|p2a: Ogerpon|Ivy Cudgel|p1a: Barraskewda
|-supereffective|p1a: Barraskewda
|-damage|p1a: Barraskewda|0 fnt
|faint|p1a: Barraskewda
|
|-heal|p2a: Ogerpon|75/100|[from] Grassy Terrain
|upkeep
|
|t:|1781545749
|switch|p1a: Overqwil|Overqwil, M, tera:Water|20/100
|turn|20
|
|t:|1781545754
|move|p2a: Ogerpon|Ivy Cudgel|p1a: Overqwil
|-supereffective|p1a: Overqwil
|-damage|p1a: Overqwil|0 fnt
|faint|p1a: Overqwil
|
|win|EleaRosea
|raw|LowEL0God's rating: 1563 &rarr; <strong>1548</strong><br />(-15 for losing)
|raw|EleaRosea's rating: 1646 &rarr; <strong>1661</strong><br />(+15 for winning)
|c|☆LowEL0God|gg
|l|☆LowEL0God
|player|p1|
|c|☆EleaRosea|gg
