|j|☆overheat xyz
|j|☆Roseofrosarade
|t:|1781277686
|gametype|singles
|player|p1|overheat xyz|2|1678
|player|p2|Roseofrosarade|1|1648
|gen|9
|tier|[Gen 9] OU
|rated|
|rule|HP Percentage Mod: HP is shown in percentages
|rule|Endless Battle Clause: Forcing endless battles is banned
|rule|Species Clause: Limit one of each Pokémon
|rule|OHKO Clause: OHKO moves are banned
|rule|Evasion Items Clause: Evasion items are banned
|rule|Evasion Moves Clause: Evasion moves are banned
|rule|Evasion Abilities Clause: Evasion abilities are banned
|rule|Sleep Moves Clause: Sleep-inducing moves are banned
|clearpoke
|poke|p1|Dragapult, F|
|poke|p1|Samurott-Hisui, M|
|poke|p1|Rillaboom, M|
|poke|p1|Slowking-Galar, F|
|poke|p1|Kingambit, M|
|poke|p1|Corviknight, F|
|poke|p2|Raging Bolt|
|poke|p2|Rillaboom, F|
|poke|p2|Great Tusk|
|poke|p2|Enamorus, F|
|poke|p2|Skeledirge, M|
|poke|p2|Ting-Lu|
|teampreview
|j| Yamhard
|
|t:|1781277710
|teamsize|p1|6
|teamsize|p2|6
|start
|switch|p1a: Samurott|Samurott-Hisui, M|100/100
|switch|p2a: Ting-Lu|Ting-Lu|100/100
|-ability|p2a: Ting-Lu|Vessel of Ruin
|turn|1
|inactive|Battle timer is ON: inactive players will automatically lose when time's up. (requested by Roseofrosarade)
|
|t:|1781277730
|move|p1a: Samurott|Razor Shell|p2a: Ting-Lu
|-supereffective|p2a: Ting-Lu
|-damage|p2a: Ting-Lu|39/100
|move|p2a: Ting-Lu|Ruination|p1a: Samurott
|-damage|p1a: Samurott|50/100
|
|-heal|p2a: Ting-Lu|46/100|[from] item: Leftovers
|upkeep
|turn|2
|
|t:|1781277739
|switch|p1a: Dragapult|Dragapult, F|100/100
|switch|p2a: Rillaboom|Rillaboom, F|100/100
|-fieldstart|move: Grassy Terrain|[from] ability: Grassy Surge|[of] p2a: Rillaboom
|
|upkeep
|turn|3
|
|t:|1781277744
|move|p1a: Dragapult|U-turn|p2a: Rillaboom
|-supereffective|p2a: Rillaboom
|-damage|p2a: Rillaboom|65/100
|
|t:|1781277748
|switch|p1a: Corviknight|Corviknight, F|100/100|[from] U-turn
|-ability|p1a: Corviknight|Pressure
|move|p2a: Rillaboom|Knock Off|p1a: Corviknight
|-damage|p1a: Corviknight|66/100
|-damage|p2a: Rillaboom|49/100|[from] item: Rocky Helmet|[of] p1a: Corviknight
|-enditem|p1a: Corviknight|Rocky Helmet|[from] move: Knock Off|[of] p2a: Rillaboom
|
|-heal|p2a: Rillaboom|55/100|[from] Grassy Terrain
|upkeep
|turn|4
|l| Yamhard
|
|t:|1781277763
|switch|p2a: Skeledirge|Skeledirge, M|100/100
|move|p1a: Corviknight|Roost|p1a: Corviknight
|-heal|p1a: Corviknight|100/100
|-singleturn|p1a: Corviknight|move: Roost
|
|upkeep
|turn|5
|
|t:|1781277772
|switch|p1a: Dragapult|Dragapult, F|100/100
|move|p2a: Skeledirge|Will-O-Wisp|p1a: Dragapult
|-status|p1a: Dragapult|brn
|
|-damage|p1a: Dragapult|95/100 brn|[from] brn
|upkeep
|turn|6
|
|t:|1781277794
|move|p1a: Dragapult|U-turn|p2a: Skeledirge
|-resisted|p2a: Skeledirge
|-damage|p2a: Skeledirge|99/100
|
|t:|1781277797
|switch|p1a: Slowking|Slowking-Galar, F|100/100|[from] U-turn
|move|p2a: Skeledirge|Hex|p1a: Slowking
|-supereffective|p1a: Slowking
|-damage|p1a: Slowking|76/100
|
|-heal|p2a: Skeledirge|100/100|[from] Grassy Terrain
|-heal|p1a: Slowking|82/100|[from] Grassy Terrain
|-fieldend|move: Grassy Terrain
|upkeep
|turn|7
|
|t:|1781277807
|switch|p1a: Dragapult|Dragapult, F|95/100 brn
|move|p2a: Skeledirge|Will-O-Wisp|p1a: Dragapult
|-fail|p1a: Dragapult|brn
|
|-damage|p1a: Dragapult|89/100 brn|[from] brn
|upkeep
|turn|8
|
|t:|1781277811
|move|p1a: Dragapult|U-turn|p2a: Skeledirge
|-resisted|p2a: Skeledirge
|-damage|p2a: Skeledirge|99/100
|
|t:|1781277817
|switch|p1a: Samurott|Samurott-Hisui, M|50/100|[from] U-turn
|move|p2a: Skeledirge|Hex|p1a: Samurott
|-resisted|p1a: Samurott
|-damage|p1a: Samurott|33/100
|
|upkeep
|turn|9
|
|t:|1781277828
|switch|p2a: Great Tusk|Great Tusk|100/100
|move|p1a: Samurott|Ceaseless Edge|p2a: Great Tusk
|-resisted|p2a: Great Tusk
|-damage|p2a: Great Tusk|84/100
|-sidestart|p2: Roseofrosarade|Spikes
|
|upkeep
|turn|10
|
|t:|1781277837
|switch|p1a: Dragapult|Dragapult, F|89/100 brn
|move|p2a: Great Tusk|Rapid Spin|p1a: Dragapult
|-immune|p1a: Dragapult
|
|-damage|p1a: Dragapult|83/100 brn|[from] brn
|upkeep
|turn|11
|
|t:|1781277841
|move|p1a: Dragapult|U-turn|p2a: Great Tusk
|-resisted|p2a: Great Tusk
|-damage|p2a: Great Tusk|81/100
|
|t:|1781277849
|switch|p1a: Corviknight|Corviknight, F|100/100|[from] U-turn
|-ability|p1a: Corviknight|Pressure
|move|p2a: Great Tusk|Rapid Spin|p1a: Corviknight
|-resisted|p1a: Corviknight
|-damage|p1a: Corviknight|95/100
|-boost|p2a: Great Tusk|spe|1
|-sideend|p2: Roseofrosarade|Spikes|[from] move: Rapid Spin|[of] p2a: Great Tusk
|
|upkeep
|turn|12
|
|t:|1781277859
|-end|p2a: Great Tusk|Protosynthesis|[silent]
|switch|p2a: Raging Bolt|Raging Bolt|100/100
|move|p1a: Corviknight|Body Press|p2a: Raging Bolt
|-damage|p2a: Raging Bolt|76/100
|
|upkeep
|turn|13
|
|t:|1781277863
|switch|p1a: Slowking|Slowking-Galar, F|100/100
|move|p2a: Raging Bolt|Volt Switch|p1a: Slowking
|-damage|p1a: Slowking|69/100
|
|t:|1781277868
|-end|p2a: Raging Bolt|Protosynthesis|[silent]
|switch|p2a: Ting-Lu|Ting-Lu|46/100|[from] Volt Switch
|-ability|p2a: Ting-Lu|Vessel of Ruin
|
|-heal|p2a: Ting-Lu|52/100|[from] item: Leftovers
|upkeep
|turn|14
|
|t:|1781277873
|switch|p1a: Rillaboom|Rillaboom, M|100/100
|-fieldstart|move: Grassy Terrain|[from] ability: Grassy Surge|[of] p1a: Rillaboom
|move|p2a: Ting-Lu|Stealth Rock|p1a: Rillaboom
|-sidestart|p1: overheat xyz|move: Stealth Rock
|
|-heal|p2a: Ting-Lu|58/100|[from] Grassy Terrain
|-heal|p2a: Ting-Lu|64/100|[from] item: Leftovers
|upkeep
|turn|15
|
|t:|1781277879
|-terastallize|p1a: Rillaboom|Grass
|move|p1a: Rillaboom|Wood Hammer|p2a: Ting-Lu
|-supereffective|p2a: Ting-Lu
|-damage|p2a: Ting-Lu|0 fnt
|faint|p2a: Ting-Lu
|-damage|p1a: Rillaboom|69/100|[from] Recoil
|
|-heal|p1a: Rillaboom|75/100|[from] Grassy Terrain
|upkeep
|
|t:|1781277885
|switch|p2a: Skeledirge|Skeledirge, M|99/100
|turn|16
|
|t:|1781277894
|switch|p1a: Slowking|Slowking-Galar, F|100/100
|-damage|p1a: Slowking|88/100|[from] Stealth Rock
|move|p2a: Skeledirge|Torch Song|p1a: Slowking
|-damage|p1a: Slowking|71/100
|-boost|p2a: Skeledirge|spa|1
|
|-heal|p2a: Skeledirge|100/100|[from] Grassy Terrain
|-heal|p1a: Slowking|77/100|[from] Grassy Terrain
|upkeep
|turn|17
|j| SilverDE
|
|t:|1781277902
|move|p2a: Skeledirge|Will-O-Wisp|p1a: Slowking
|-status|p1a: Slowking|brn
|move|p1a: Slowking|Future Sight|p2a: Skeledirge
|-start|p1a: Slowking|move: Future Sight
|
|-heal|p1a: Slowking|83/100 brn|[from] Grassy Terrain
|-damage|p1a: Slowking|77/100 brn|[from] brn
|upkeep
|turn|18
|
|t:|1781277910
|move|p2a: Skeledirge|Hex|p1a: Slowking
|-supereffective|p1a: Slowking
|-damage|p1a: Slowking|0 fnt
|faint|p1a: Slowking
|
|-fieldend|move: Grassy Terrain
|upkeep
|
|t:|1781277914
|switch|p1a: Samurott|Samurott-Hisui, M|33/100
|-damage|p1a: Samurott|21/100|[from] Stealth Rock
|turn|19
|
|t:|1781277925
|move|p1a: Samurott|Ceaseless Edge|p2a: Skeledirge|[miss]
|-miss|p1a: Samurott|p2a: Skeledirge
|move|p2a: Skeledirge|Torch Song|p1a: Samurott
|-resisted|p1a: Samurott
|-damage|p1a: Samurott|0 fnt
|-boost|p2a: Skeledirge|spa|1
|faint|p1a: Samurott
|
|-end|p2a: Skeledirge|move: Future Sight
|-damage|p2a: Skeledirge|55/100
|upkeep
|
|t:|1781277940
|switch|p1a: Dragapult|Dragapult, F|83/100 brn
|-damage|p1a: Dragapult|70/100 brn|[from] Stealth Rock
|turn|20
|
|t:|1781277953
|-terastallize|p2a: Skeledirge|Fairy
|move|p1a: Dragapult|Shadow Ball|p2a: Skeledirge
|-damage|p2a: Skeledirge|15/100
|-unboost|p2a: Skeledirge|spd|1
|move|p2a: Skeledirge|Hex|p1a: Dragapult
|-supereffective|p1a: Dragapult
|-damage|p1a: Dragapult|0 fnt
|faint|p1a: Dragapult
|
|upkeep
|j| chetthankz
|
|t:|1781277962
|switch|p1a: Rillaboom|Rillaboom, M, tera:Grass|75/100
|-damage|p1a: Rillaboom|63/100|[from] Stealth Rock
|-fieldstart|move: Grassy Terrain|[from] ability: Grassy Surge|[of] p1a: Rillaboom
|turn|21
|
|t:|1781277967
|switch|p2a: Raging Bolt|Raging Bolt|76/100
|move|p1a: Rillaboom|Grassy Glide|p2a: Raging Bolt
|-resisted|p2a: Raging Bolt
|-damage|p2a: Raging Bolt|36/100
|
|-heal|p1a: Rillaboom|69/100|[from] Grassy Terrain
|-heal|p2a: Raging Bolt|42/100|[from] Grassy Terrain
|upkeep
|turn|22
|
|t:|1781277977
|move|p1a: Rillaboom|Grassy Glide|p2a: Raging Bolt
|-resisted|p2a: Raging Bolt
|-damage|p2a: Raging Bolt|5/100
|move|p2a: Raging Bolt|Volt Switch|p1a: Rillaboom
|-resisted|p1a: Rillaboom
|-damage|p1a: Rillaboom|29/100
|
|t:|1781277980
|-end|p2a: Raging Bolt|Protosynthesis|[silent]
|switch|p2a: Enamorus|Enamorus, F|100/100|[from] Volt Switch
|
|-heal|p1a: Rillaboom|35/100|[from] Grassy Terrain
|upkeep
|turn|23
|
|t:|1781277986
|switch|p1a: Corviknight|Corviknight, F|95/100
|-damage|p1a: Corviknight|82/100|[from] Stealth Rock
|-ability|p1a: Corviknight|Pressure
|move|p2a: Enamorus|Mystical Fire|p1a: Corviknight
|-supereffective|p1a: Corviknight
|-damage|p1a: Corviknight|23/100
|-unboost|p1a: Corviknight|spa|1
|
|upkeep
|turn|24
|
|t:|1781277989
|move|p2a: Enamorus|Mystical Fire|p1a: Corviknight
|-supereffective|p1a: Corviknight
|-damage|p1a: Corviknight|0 fnt
|faint|p1a: Corviknight
|
|upkeep
|
|t:|1781277993
|switch|p1a: Kingambit|Kingambit, M|100/100
|-damage|p1a: Kingambit|94/100|[from] Stealth Rock
|-activate|p1a: Kingambit|ability: Supreme Overlord
|-start|p1a: Kingambit|fallen4|[silent]
|turn|25
|
|t:|1781277997
|switch|p2a: Raging Bolt|Raging Bolt|5/100
|move|p1a: Kingambit|Iron Head|p2a: Raging Bolt
|-resisted|p2a: Raging Bolt
|-damage|p2a: Raging Bolt|0 fnt
|faint|p2a: Raging Bolt
|-end|p2a: Raging Bolt|Protosynthesis|[silent]
|
|-heal|p1a: Kingambit|100/100|[from] Grassy Terrain
|-fieldend|move: Grassy Terrain
|upkeep
|
|t:|1781278002
|switch|p2a: Enamorus|Enamorus, F|100/100
|turn|26
|
|t:|1781278012
|move|p2a: Enamorus|Healing Wish|p2a: Enamorus
|faint|p2a: Enamorus
|move|p1a: Kingambit|Iron Head|p2: Enamorus|[notarget]
|-fail|p1a: Kingambit
|
|upkeep
|
|t:|1781278017
|switch|p2a: Skeledirge|Skeledirge, M, tera:Fairy|15/100
|-heal|p2a: Skeledirge|100/100|[from] move: Healing Wish
|turn|27
|
|t:|1781278025
|move|p2a: Skeledirge|Will-O-Wisp|p1a: Kingambit
|-status|p1a: Kingambit|brn
|move|p1a: Kingambit|Swords Dance|p1a: Kingambit
|-boost|p1a: Kingambit|atk|2
|
|-damage|p1a: Kingambit|94/100 brn|[from] brn
|upkeep
|turn|28
|
|t:|1781278031
|move|p2a: Skeledirge|Torch Song|p1a: Kingambit
|-supereffective|p1a: Kingambit
|-damage|p1a: Kingambit|34/100 brn
|-boost|p2a: Skeledirge|spa|1
|move|p1a: Kingambit|Iron Head|p2a: Skeledirge
|-supereffective|p2a: Skeledirge
|-damage|p2a: Skeledirge|48/100
|
|-heal|p1a: Kingambit|40/100 brn|[from] item: Leftovers
|-damage|p1a: Kingambit|34/100 brn|[from] brn
|upkeep
|turn|29
|
|t:|1781278050
|move|p2a: Skeledirge|Torch Song|p1a: Kingambit
|-supereffective|p1a: Kingambit
|-damage|p1a: Kingambit|0 fnt
|-boost|p2a: Skeledirge|spa|1
|faint|p1a: Kingambit
|-end|p1a: Kingambit|fallen4|[silent]
|
|upkeep
|
|t:|1781278052
|switch|p1a: Rillaboom|Rillaboom, M, tera:Grass|35/100
|-damage|p1a: Rillaboom|23/100|[from] Stealth Rock
|-fieldstart|move: Grassy Terrain|[from] ability: Grassy Surge|[of] p1a: Rillaboom
|turn|30
|
|t:|1781278055
|move|p1a: Rillaboom|Grassy Glide|p2a: Skeledirge
|-damage|p2a: Skeledirge|0 fnt
|faint|p2a: Skeledirge
|
|-heal|p1a: Rillaboom|29/100|[from] Grassy Terrain
|upkeep
|
|t:|1781278058
|switch|p2a: Rillaboom|Rillaboom, F|55/100
|turn|31
|
|t:|1781278063
|move|p1a: Rillaboom|Grassy Glide|p2a: Rillaboom
|-resisted|p2a: Rillaboom
|-damage|p2a: Rillaboom|13/100
|move|p2a: Rillaboom|U-turn|p1a: Rillaboom
|-supereffective|p1a: Rillaboom
|-damage|p1a: Rillaboom|0 fnt
|faint|p1a: Rillaboom
|
|win|Roseofrosarade
|raw|overheat xyz's rating: 1678 &rarr; <strong>1656</strong><br />(-22 for losing)
|raw|Roseofrosarade's rating: 1648 &rarr; <strong>1670</strong><br />(+22 for winning)
|l|☆overheat xyz
|player|p1|
|l|☆Roseofrosarade
|player|p2|
|l| chetthankz
|l| SilverDE
