|j|☆remove sun teams
|j|☆msean3
|t:|1781208874
|gametype|singles
|player|p1|remove sun teams|miku-psychic|1769
|player|p2|msean3|101|1824
|gen|9
|tier|[Gen 9] OU
|rated|
|rule|HP Percentage Mod: HP is shown in percentages
|rule|Endless Battle Clause: Forcing endless battles is banned
|rule|Species Clause: Limit one of each Pokémon
|rule|OHKO Clause: OHKO moves are banned
|rule|Evasion Items Clause: Evasion items are banned
|rule|Evasion Moves Clause: Evasion moves are banned
|rule|Evasion Abilities Clause: Evasion abilities are banned
|rule|Sleep Moves Clause: Sleep-inducing moves are banned
|clearpoke
|poke|p1|Hoopa-Unbound|
|poke|p1|Pecharunt|
|poke|p1|Landorus-Therian, M|
|poke|p1|Cinderace, M|
|poke|p1|Alomomola, M|
|poke|p1|Iron Valiant|
|poke|p2|Iron Valiant|
|poke|p2|Excadrill, M|
|poke|p2|Tyranitar, F|
|poke|p2|Tornadus-Therian, M|
|poke|p2|Ogerpon-Cornerstone, F|
|poke|p2|Toxapex, M|
|teampreview
|c|☆remove sun teams|hf
|inactive|Battle timer is ON: inactive players will automatically lose when time's up. (requested by remove sun teams)
|c|☆msean3|u2
|
|t:|1781208889
|teamsize|p1|6
|teamsize|p2|6
|start
|switch|p1a: Enten|Landorus-Therian, M, shiny|100/100
|switch|p2a: Iron Valiant|Iron Valiant|100/100
|-ability|p1a: Enten|Intimidate|boost
|-unboost|p2a: Iron Valiant|atk|1
|turn|1
|
|t:|1781208892
|move|p1a: Enten|U-turn|p2a: Iron Valiant
|-resisted|p2a: Iron Valiant
|-damage|p2a: Iron Valiant|93/100
|
|t:|1781208895
|switch|p1a: Pisces|Alomomola, M, shiny|100/100|[from] U-turn
|move|p2a: Iron Valiant|Moonblast|p1a: Pisces
|-damage|p1a: Pisces|62/100
|
|upkeep
|turn|2
|
|t:|1781208900
|-end|p2a: Iron Valiant|Quark Drive|[silent]
|switch|p2a: Toxapex|Toxapex, M|100/100
|move|p1a: Pisces|Flip Turn|p2a: Toxapex
|-resisted|p2a: Toxapex
|-damage|p2a: Toxapex|95/100
|-enditem|p2a: Toxapex|Eject Button
|
|t:|1781208904
|switch|p2a: Tyranitar|Tyranitar, F|100/100
|-weather|Sandstorm|[from] ability: Sand Stream|[of] p2a: Tyranitar
|
|-weather|Sandstorm|[upkeep]
|-damage|p1a: Pisces|56/100|[from] Sandstorm
|upkeep
|turn|3
|
|t:|1781208906
|move|p2a: Tyranitar|Knock Off|p1a: Pisces
|-damage|p1a: Pisces|14/100
|-enditem|p1a: Pisces|Assault Vest|[from] move: Knock Off|[of] p2a: Tyranitar
|move|p1a: Pisces|Flip Turn|p2a: Tyranitar
|-supereffective|p2a: Tyranitar
|-damage|p2a: Tyranitar|72/100
|
|t:|1781208911
|switch|p1a: Enten|Landorus-Therian, M, shiny|100/100|[from] Flip Turn
|-ability|p1a: Enten|Intimidate|boost
|-unboost|p2a: Tyranitar|atk|1
|
|-weather|Sandstorm|[upkeep]
|upkeep
|turn|4
|
|t:|1781208914
|switch|p2a: Tornadus|Tornadus-Therian, M|100/100
|move|p1a: Enten|U-turn|p2a: Tornadus
|-resisted|p2a: Tornadus
|-damage|p2a: Tornadus|84/100
|
|t:|1781208918
|switch|p1a: Pisces|Alomomola, M, shiny|47/100|[from] U-turn
|
|-weather|Sandstorm|[upkeep]
|-damage|p2a: Tornadus|78/100|[from] Sandstorm
|-damage|p1a: Pisces|41/100|[from] Sandstorm
|upkeep
|turn|5
|
|t:|1781208921
|move|p2a: Tornadus|Bleakwind Storm|p1a: Pisces|[miss]
|-miss|p2a: Tornadus|p1a: Pisces
|move|p1a: Pisces|Flip Turn|p2a: Tornadus
|-damage|p2a: Tornadus|55/100
|
|t:|1781208924
|switch|p1a: Enten|Landorus-Therian, M, shiny|100/100|[from] Flip Turn
|-ability|p1a: Enten|Intimidate|boost
|-unboost|p2a: Tornadus|atk|1
|
|-weather|Sandstorm|[upkeep]
|-damage|p2a: Tornadus|49/100|[from] Sandstorm
|upkeep
|turn|6
|
|t:|1781208927
|switch|p2a: Toxapex|Toxapex, M|100/100
|move|p1a: Enten|U-turn|p2a: Toxapex
|-resisted|p2a: Toxapex
|-damage|p2a: Toxapex|90/100
|
|t:|1781208931
|switch|p1a: Khaos|Hoopa-Unbound|100/100|[from] U-turn
|
|-weather|Sandstorm|[upkeep]
|-damage|p1a: Khaos|94/100|[from] Sandstorm
|-damage|p2a: Toxapex|83/100|[from] Sandstorm
|upkeep
|turn|7
|
|t:|1781208937
|switch|p2a: Tyranitar|Tyranitar, F|72/100
|move|p1a: Khaos|Drain Punch|p2a: Tyranitar
|-supereffective|p2a: Tyranitar
|-damage|p2a: Tyranitar|0 fnt
|-heal|p1a: Khaos|100/100|[from] drain|[of] p2a: Tyranitar
|faint|p2a: Tyranitar
|
|-weather|Sandstorm|[upkeep]
|-damage|p1a: Khaos|94/100|[from] Sandstorm
|upkeep
|
|t:|1781208942
|switch|p2a: Iron Valiant|Iron Valiant|93/100
|turn|8
|
|t:|1781208944
|switch|p1a: Pisces|Alomomola, M, shiny|74/100
|move|p2a: Iron Valiant|Moonblast|p1a: Pisces
|-damage|p1a: Pisces|17/100
|
|-weather|Sandstorm|[upkeep]
|-damage|p2a: Iron Valiant|86/100|[from] Sandstorm
|-damage|p1a: Pisces|11/100|[from] Sandstorm
|upkeep
|turn|9
|
|t:|1781208949
|switch|p1a: Overseer|Pecharunt|100/100
|move|p2a: Iron Valiant|Moonblast|p1a: Overseer
|-resisted|p1a: Overseer
|-damage|p1a: Overseer|68/100
|
|-weather|none
|upkeep
|turn|10
|
|t:|1781208953
|-end|p2a: Iron Valiant|Quark Drive|[silent]
|switch|p2a: Excadrill|Excadrill, M|100/100
|move|p1a: Overseer|Recover|p1a: Overseer
|-heal|p1a: Overseer|100/100
|
|upkeep
|turn|11
|
|t:|1781208962
|switch|p1a: Enten|Landorus-Therian, M, shiny|100/100
|-ability|p1a: Enten|Intimidate|boost
|-unboost|p2a: Excadrill|atk|1
|move|p2a: Excadrill|Earthquake|p1a: Enten
|-immune|p1a: Enten
|
|upkeep
|turn|12
|
|t:|1781208965
|move|p1a: Enten|U-turn|p2a: Excadrill
|-resisted|p2a: Excadrill
|-damage|p2a: Excadrill|80/100
|
|t:|1781208969
|switch|p1a: Pisces|Alomomola, M, shiny|44/100|[from] U-turn
|move|p2a: Excadrill|Substitute|p2a: Excadrill
|-start|p2a: Excadrill|Substitute
|-damage|p2a: Excadrill|55/100
|
|-heal|p2a: Excadrill|61/100|[from] item: Leftovers
|upkeep
|turn|13
|
|t:|1781208972
|move|p2a: Excadrill|Earthquake|p1a: Pisces
|-damage|p1a: Pisces|15/100
|move|p1a: Pisces|Flip Turn|p2a: Excadrill
|-supereffective|p2a: Excadrill
|-end|p2a: Excadrill|Substitute
|
|t:|1781208976
|switch|p1a: Calamity|Iron Valiant, shiny|100/100|[from] Flip Turn
|
|-heal|p2a: Excadrill|68/100|[from] item: Leftovers
|upkeep
|turn|14
|
|t:|1781208980
|switch|p2a: Toxapex|Toxapex, M|100/100
|move|p1a: Calamity|Moonblast|p2a: Toxapex
|-resisted|p2a: Toxapex
|-damage|p2a: Toxapex|77/100
|-unboost|p2a: Toxapex|spa|1
|
|upkeep
|turn|15
|
|t:|1781208988
|-end|p1a: Calamity|Quark Drive|[silent]
|switch|p1a: Overseer|Pecharunt|100/100
|switch|p2a: Tornadus|Tornadus-Therian, M|82/100
|
|upkeep
|turn|16
|
|t:|1781208990
|move|p2a: Tornadus|Bleakwind Storm|p1a: Overseer
|-damage|p1a: Overseer|31/100
|-unboost|p1a: Overseer|spe|1
|move|p1a: Overseer|Malignant Chain|p2a: Tornadus
|-damage|p2a: Tornadus|44/100
|
|upkeep
|turn|17
|
|t:|1781208993
|move|p2a: Tornadus|Bleakwind Storm|p1a: Overseer
|-crit|p1a: Overseer
|-damage|p1a: Overseer|0 fnt
|faint|p1a: Overseer
|
|upkeep
|
|t:|1781208996
|switch|p1a: Khaos|Hoopa-Unbound|94/100
|turn|18
|
|t:|1781209008
|switch|p2a: Excadrill|Excadrill, M|68/100
|move|p1a: Khaos|Knock Off|p2a: Excadrill
|-damage|p2a: Excadrill|0 fnt
|-enditem|p2a: Excadrill|Leftovers|[from] move: Knock Off|[of] p1a: Khaos
|faint|p2a: Excadrill
|
|upkeep
|
|t:|1781209011
|switch|p2a: Ogerpon|Ogerpon-Cornerstone, F|100/100
|turn|19
|
|t:|1781209014
|switch|p1a: Enten|Landorus-Therian, M, shiny|100/100
|-ability|p1a: Enten|Intimidate|boost
|-unboost|p2a: Ogerpon|atk|1
|move|p2a: Ogerpon|Power Whip|p1a: Enten|[miss]
|-miss|p2a: Ogerpon|p1a: Enten
|
|upkeep
|turn|20
|
|t:|1781209025
|move|p1a: Enten|U-turn|p2a: Ogerpon
|-supereffective|p2a: Ogerpon
|-damage|p2a: Ogerpon|26/100
|
|t:|1781209028
|switch|p1a: Calamity|Iron Valiant, shiny|100/100|[from] U-turn
|move|p2a: Ogerpon|Power Whip|p1a: Calamity
|-damage|p1a: Calamity|36/100
|
|upkeep
|turn|21
|
|t:|1781209031
|switch|p2a: Toxapex|Toxapex, M|100/100
|move|p1a: Calamity|Moonblast|p2a: Toxapex
|-resisted|p2a: Toxapex
|-damage|p2a: Toxapex|78/100
|
|upkeep
|turn|22
|
|t:|1781209037
|move|p1a: Calamity|Moonblast|p2a: Toxapex
|-resisted|p2a: Toxapex
|-damage|p2a: Toxapex|51/100
|-unboost|p2a: Toxapex|spa|1
|move|p2a: Toxapex|Toxic|p1a: Calamity
|-status|p1a: Calamity|tox
|
|-damage|p1a: Calamity|30/100 tox|[from] psn
|upkeep
|turn|23
|
|t:|1781209040
|move|p1a: Calamity|Moonblast|p2a: Toxapex
|-resisted|p2a: Toxapex
|-damage|p2a: Toxapex|28/100
|-unboost|p2a: Toxapex|spa|1
|move|p2a: Toxapex|Toxic Spikes|p1a: Calamity
|-sidestart|p1: remove sun teams|move: Toxic Spikes
|
|-damage|p1a: Calamity|17/100 tox|[from] psn
|upkeep
|turn|24
|
|t:|1781209045
|move|p1a: Calamity|Moonblast|p2a: Toxapex
|-resisted|p2a: Toxapex
|-damage|p2a: Toxapex|3/100
|move|p2a: Toxapex|Recover|p2a: Toxapex
|-heal|p2a: Toxapex|53/100
|
|-damage|p1a: Calamity|0 fnt|[from] psn
|faint|p1a: Calamity
|-end|p1a: Calamity|Quark Drive|[silent]
|upkeep
|
|t:|1781209047
|switch|p1a: Liberacy|Cinderace, M, shiny|100/100
|turn|25
|
|t:|1781209050
|move|p1a: Liberacy|U-turn|p2a: Toxapex
|-start|p1a: Liberacy|typechange|Bug|[from] ability: Libero
|-resisted|p2a: Toxapex
|-damage|p2a: Toxapex|40/100
|
|t:|1781209052
|switch|p1a: Pisces|Alomomola, M, shiny|48/100|[from] U-turn
|-status|p1a: Pisces|psn
|move|p2a: Toxapex|Toxic||[still]
|-fail|p2a: Toxapex
|
|-damage|p1a: Pisces|36/100 psn|[from] psn
|upkeep
|turn|26
|
|t:|1781209060
|switch|p2a: Tornadus|Tornadus-Therian, M|77/100
|move|p1a: Pisces|Flip Turn|p2a: Tornadus
|-damage|p2a: Tornadus|56/100
|
|t:|1781209063
|switch|p1a: Enten|Landorus-Therian, M, shiny|100/100|[from] Flip Turn
|-ability|p1a: Enten|Intimidate|boost
|-unboost|p2a: Tornadus|atk|1
|
|upkeep
|turn|27
|
|t:|1781209068
|switch|p2a: Toxapex|Toxapex, M|73/100
|move|p1a: Enten|Stone Edge|p2a: Toxapex
|-damage|p2a: Toxapex|44/100
|
|upkeep
|turn|28
|
|t:|1781209075
|switch|p1a: Liberacy|Cinderace, M, shiny|100/100
|switch|p2a: Ogerpon|Ogerpon-Cornerstone, F|26/100
|
|upkeep
|turn|29
|
|t:|1781209080
|-terastallize|p2a: Ogerpon|Rock
|detailschange|p2a: Ogerpon|Ogerpon-Cornerstone-Tera, F, tera:Rock
|-ability|p2a: Ogerpon|Embody Aspect (Cornerstone)|boost
|-boost|p2a: Ogerpon|def|1
|move|p1a: Liberacy|U-turn|p2a: Ogerpon
|-start|p1a: Liberacy|typechange|Bug|[from] ability: Libero
|-damage|p2a: Ogerpon|0 fnt
|faint|p2a: Ogerpon
|detailschange|p2: Ogerpon|Ogerpon-Cornerstone, F|[silent]
|
|t:|1781209083
|switch|p1a: Pisces|Alomomola, M, shiny|69/100 psn|[from] U-turn
|
|-damage|p1a: Pisces|57/100 psn|[from] psn
|upkeep
|
|t:|1781209086
|switch|p2a: Iron Valiant|Iron Valiant|86/100
|turn|30
|
|t:|1781209089
|move|p2a: Iron Valiant|Thunderbolt|p1a: Pisces
|-supereffective|p1a: Pisces
|-damage|p1a: Pisces|0 fnt
|faint|p1a: Pisces
|
|upkeep
|
|t:|1781209091
|switch|p1a: Enten|Landorus-Therian, M, shiny|100/100
|-ability|p1a: Enten|Intimidate|boost
|-unboost|p2a: Iron Valiant|atk|1
|turn|31
|
|t:|1781209094
|-end|p2a: Iron Valiant|Quark Drive|[silent]
|switch|p2a: Toxapex|Toxapex, M|77/100
|move|p1a: Enten|Stone Edge|p2a: Toxapex
|-damage|p2a: Toxapex|50/100
|
|upkeep
|turn|32
|
|t:|1781209097
|switch|p1a: Liberacy|Cinderace, M, shiny|100/100
|move|p2a: Toxapex|Toxic|p1a: Liberacy
|-status|p1a: Liberacy|tox
|
|-damage|p1a: Liberacy|95/100 tox|[from] psn
|upkeep
|turn|33
|
|t:|1781209102
|switch|p2a: Tornadus|Tornadus-Therian, M|89/100
|move|p1a: Liberacy|U-turn|p2a: Tornadus
|-start|p1a: Liberacy|typechange|Bug|[from] ability: Libero
|-resisted|p2a: Tornadus
|-damage|p2a: Tornadus|66/100
|
|t:|1781209104
|switch|p1a: Enten|Landorus-Therian, M, shiny|100/100|[from] U-turn
|-ability|p1a: Enten|Intimidate|boost
|-unboost|p2a: Tornadus|atk|1
|
|upkeep
|turn|34
|
|t:|1781209107
|move|p1a: Enten|Stone Edge|p2a: Tornadus
|-supereffective|p2a: Tornadus
|-damage|p2a: Tornadus|0 fnt
|faint|p2a: Tornadus
|
|upkeep
|
|t:|1781209109
|switch|p2a: Iron Valiant|Iron Valiant|86/100
|turn|35
|
|t:|1781209112
|switch|p1a: Khaos|Hoopa-Unbound|94/100
|-status|p1a: Khaos|psn
|move|p2a: Iron Valiant|Moonblast|p1a: Khaos
|-supereffective|p1a: Khaos
|-damage|p1a: Khaos|0 fnt
|faint|p1a: Khaos
|
|upkeep
|
|t:|1781209114
|switch|p1a: Enten|Landorus-Therian, M, shiny|100/100
|-ability|p1a: Enten|Intimidate|boost
|-unboost|p2a: Iron Valiant|atk|1
|turn|36
|
|t:|1781209118
|-terastallize|p1a: Enten|Ground
|move|p1a: Enten|Earthquake|p2a: Iron Valiant
|-damage|p2a: Iron Valiant|0 fnt
|faint|p2a: Iron Valiant
|-end|p2a: Iron Valiant|Quark Drive|[silent]
|
|upkeep
|
|t:|1781209121
|switch|p2a: Toxapex|Toxapex, M|83/100
|turn|37
|
|t:|1781209123
|move|p1a: Enten|Earthquake|p2a: Toxapex
|-supereffective|p2a: Toxapex
|-damage|p2a: Toxapex|0 fnt
|faint|p2a: Toxapex
|
|win|remove sun teams
|raw|remove sun teams's rating: 1769 &rarr; <strong>1792</strong><br />(+23 for winning)
|raw|msean3's rating: 1824 &rarr; <strong>1801</strong><br />(-23 for losing)
|c|☆remove sun teams|gg
|c|☆msean3|gg
|l|☆msean3
|player|p2|
