|j|☆Stealthalo
|j|☆Mawile442
|t:|1781354997
|gametype|singles
|player|p1|Stealthalo|170|1524
|player|p2|Mawile442|170|1675
|gen|9
|tier|[Gen 9] OU
|rated|
|rule|HP Percentage Mod: HP is shown in percentages
|rule|Endless Battle Clause: Forcing endless battles is banned
|rule|Species Clause: Limit one of each Pokémon
|rule|OHKO Clause: OHKO moves are banned
|rule|Evasion Items Clause: Evasion items are banned
|rule|Evasion Moves Clause: Evasion moves are banned
|rule|Evasion Abilities Clause: Evasion abilities are banned
|rule|Sleep Moves Clause: Sleep-inducing moves are banned
|clearpoke
|poke|p1|Mamoswine, F|
|poke|p1|Weezing-Galar, M|
|poke|p1|Moltres|
|poke|p1|Glimmora, F|
|poke|p1|Dragapult, M|
|poke|p1|Ogerpon-Wellspring, F|
|poke|p2|Sandy Shocks|
|poke|p2|Scizor, F|
|poke|p2|Manaphy|
|poke|p2|Latios, M|
|poke|p2|Ogerpon, F|
|poke|p2|Iron Jugulis|
|teampreview
|inactive|Battle timer is ON: inactive players will automatically lose when time's up. (requested by Mawile442)
|
|t:|1781355017
|teamsize|p1|6
|teamsize|p2|6
|start
|switch|p1a: Ogerpon|Ogerpon-Wellspring, F|100/100
|switch|p2a: Manaphy|Manaphy, shiny|100/100
|turn|1
|
|t:|1781355024
|switch|p2a: Ogerpon|Ogerpon, F|100/100
|move|p1a: Ogerpon|Knock Off|p2a: Ogerpon
|-damage|p2a: Ogerpon|52/100
|-enditem|p2a: Ogerpon|Mirror Herb|[from] move: Knock Off|[of] p1a: Ogerpon
|
|upkeep
|turn|2
|
|t:|1781355044
|switch|p1a: Weezing|Weezing-Galar, M|100/100
|switch|p2a: Sandy Shocks|Sandy Shocks, shiny|100/100
|-enditem|p2a: Sandy Shocks|Booster Energy
|-activate|p2a: Sandy Shocks|ability: Protosynthesis|[fromitem]
|-start|p2a: Sandy Shocks|protosynthesisspe
|
|upkeep
|turn|3
|
|t:|1781355053
|move|p2a: Sandy Shocks|Stealth Rock|p1a: Weezing
|-sidestart|p1: Stealthalo|move: Stealth Rock
|move|p1a: Weezing|Strange Steam|p2a: Sandy Shocks
|-damage|p2a: Sandy Shocks|67/100
|
|upkeep
|turn|4
|
|t:|1781355061
|move|p2a: Sandy Shocks|Discharge|p1a: Weezing
|-damage|p1a: Weezing|56/100
|move|p1a: Weezing|Strange Steam|p2a: Sandy Shocks
|-damage|p2a: Sandy Shocks|36/100
|
|-heal|p1a: Weezing|62/100|[from] item: Leftovers
|upkeep
|turn|5
|
|t:|1781355069
|move|p2a: Sandy Shocks|Discharge|p1a: Weezing
|-damage|p1a: Weezing|17/100
|move|p1a: Weezing|Defog|p2a: Sandy Shocks
|-unboost|p2a: Sandy Shocks|evasion|1
|-sideend|p1: Stealthalo|Stealth Rock|[from] move: Defog|[of] p1a: Weezing
|
|-heal|p1a: Weezing|23/100|[from] item: Leftovers
|upkeep
|turn|6
|
|t:|1781355078
|move|p2a: Sandy Shocks|Stealth Rock|p1a: Weezing
|-sidestart|p1: Stealthalo|move: Stealth Rock
|move|p1a: Weezing|Defog|p2a: Sandy Shocks
|-unboost|p2a: Sandy Shocks|evasion|1
|-sideend|p1: Stealthalo|Stealth Rock|[from] move: Defog|[of] p1a: Weezing
|
|-heal|p1a: Weezing|29/100|[from] item: Leftovers
|upkeep
|turn|7
|
|t:|1781355090
|move|p2a: Sandy Shocks|Discharge|p1a: Weezing
|-damage|p1a: Weezing|0 fnt
|faint|p1a: Weezing
|
|upkeep
|
|t:|1781355096
|switch|p1a: Mamoswine|Mamoswine, F|100/100
|turn|8
|
|t:|1781355099
|-end|p2a: Sandy Shocks|Protosynthesis|[silent]
|switch|p2a: Scizor|Scizor, F|100/100
|move|p1a: Mamoswine|Ice Shard|p2a: Scizor
|-resisted|p2a: Scizor
|-crit|p2a: Scizor
|-damage|p2a: Scizor|83/100
|
|upkeep
|turn|9
|
|t:|1781355107
|switch|p1a: Glimmora|Glimmora, F|100/100
|switch|p2a: Sandy Shocks|Sandy Shocks, shiny|36/100
|
|upkeep
|turn|10
|
|t:|1781355115
|move|p2a: Sandy Shocks|Earth Power|p1a: Glimmora
|-supereffective|p1a: Glimmora
|-damage|p1a: Glimmora|0 fnt
|faint|p1a: Glimmora
|
|upkeep
|
|t:|1781355121
|switch|p1a: Ogerpon|Ogerpon-Wellspring, F|100/100
|turn|11
|
|t:|1781355134
|-end|p2a: Sandy Shocks|Protosynthesis|[silent]
|switch|p2a: Ogerpon|Ogerpon, F|52/100
|move|p1a: Ogerpon|Ivy Cudgel|p2a: Ogerpon|[anim] Ivy Cudgel Water
|-resisted|p2a: Ogerpon
|-damage|p2a: Ogerpon|14/100
|
|upkeep
|turn|12
|
|t:|1781355142
|move|p1a: Ogerpon|Horn Leech|p2a: Ogerpon
|-resisted|p2a: Ogerpon
|-damage|p2a: Ogerpon|0 fnt
|faint|p2a: Ogerpon
|
|upkeep
|
|t:|1781355147
|switch|p2a: Iron Jugulis|Iron Jugulis, shiny|100/100
|-enditem|p2a: Iron Jugulis|Booster Energy
|-activate|p2a: Iron Jugulis|ability: Quark Drive|[fromitem]
|-start|p2a: Iron Jugulis|quarkdrivespe
|turn|13
|
|t:|1781355153
|-terastallize|p1a: Ogerpon|Water
|detailschange|p1a: Ogerpon|Ogerpon-Wellspring-Tera, F, tera:Water
|-ability|p1a: Ogerpon|Embody Aspect (Wellspring)|boost
|-boost|p1a: Ogerpon|spd|1
|move|p2a: Iron Jugulis|Hurricane|p1a: Ogerpon
|-damage|p1a: Ogerpon|57/100
|move|p1a: Ogerpon|Play Rough|p2a: Iron Jugulis
|-supereffective|p2a: Iron Jugulis
|-damage|p2a: Iron Jugulis|19/100
|-unboost|p2a: Iron Jugulis|atk|1
|
|upkeep
|turn|14
|
|t:|1781355167
|move|p2a: Iron Jugulis|Dark Pulse|p1a: Ogerpon
|-damage|p1a: Ogerpon|24/100
|move|p1a: Ogerpon|Horn Leech|p2a: Iron Jugulis
|-resisted|p2a: Iron Jugulis
|-damage|p2a: Iron Jugulis|0 fnt
|-heal|p1a: Ogerpon|34/100|[from] drain|[of] p2a: Iron Jugulis
|faint|p2a: Iron Jugulis
|-end|p2a: Iron Jugulis|Quark Drive|[silent]
|
|upkeep
|inactive|Mawile442 has 120 seconds left.
|
|t:|1781355221
|switch|p2a: Latios|Latios, M, shiny|100/100
|turn|15
|
|t:|1781355230
|switch|p1a: Mamoswine|Mamoswine, F|100/100
|move|p2a: Latios|Agility|p2a: Latios
|-boost|p2a: Latios|spe|2
|
|upkeep
|turn|16
|
|t:|1781355245
|-terastallize|p2a: Latios|Fighting
|move|p2a: Latios|Aura Sphere|p1a: Mamoswine
|-supereffective|p1a: Mamoswine
|-damage|p1a: Mamoswine|0 fnt
|faint|p1a: Mamoswine
|
|upkeep
|
|t:|1781355253
|switch|p1a: Moltres|Moltres|100/100
|turn|17
|
|t:|1781355258
|move|p2a: Latios|Calm Mind|p2a: Latios
|-boost|p2a: Latios|spa|1
|-boost|p2a: Latios|spd|1
|move|p1a: Moltres|Flamethrower|p2a: Latios
|-crit|p2a: Latios
|-damage|p2a: Latios|52/100
|
|upkeep
|turn|18
|
|t:|1781355265
|move|p2a: Latios|Calm Mind|p2a: Latios
|-boost|p2a: Latios|spa|1
|-boost|p2a: Latios|spd|1
|move|p1a: Moltres|Flamethrower|p2a: Latios
|-damage|p2a: Latios|35/100
|
|upkeep
|turn|19
|inactive|Mawile442 has 120 seconds left.
|
|t:|1781355273
|move|p2a: Latios|Stored Power|p1a: Moltres
|-damage|p1a: Moltres|0 fnt
|faint|p1a: Moltres
|
|upkeep
|-message|Stealthalo forfeited.
|
|win|Mawile442
|raw|Stealthalo's rating: 1524 &rarr; <strong>1512</strong><br />(-12 for losing)
|raw|Mawile442's rating: 1675 &rarr; <strong>1687</strong><br />(+12 for winning)
|l|☆Stealthalo
|player|p1|
|l|☆Mawile442
|player|p2|
