|j|☆betathunder
|j|‽aaagislash
|t:|1781237471
|gametype|singles
|player|p1|betathunder|blackbelt|1638
|player|p2|aaagislash|265|1630
|gen|9
|tier|[Gen 9] OU
|rated|
|rule|HP Percentage Mod: HP is shown in percentages
|rule|Endless Battle Clause: Forcing endless battles is banned
|rule|Species Clause: Limit one of each Pokémon
|rule|OHKO Clause: OHKO moves are banned
|rule|Evasion Items Clause: Evasion items are banned
|rule|Evasion Moves Clause: Evasion moves are banned
|rule|Evasion Abilities Clause: Evasion abilities are banned
|rule|Sleep Moves Clause: Sleep-inducing moves are banned
|clearpoke
|poke|p1|Great Tusk|
|poke|p1|Deoxys-Speed|
|poke|p1|Gholdengo|
|poke|p1|Iron Valiant|
|poke|p1|Dragonite, F|
|poke|p1|Zamazenta-*|
|poke|p2|Regieleki|
|poke|p2|Araquanid, M|
|poke|p2|Dragapult, F|
|poke|p2|Samurott-Hisui, M|
|poke|p2|Great Tusk|
|poke|p2|Zoroark-Hisui, M|
|teampreview
|inactive|Battle timer is ON: inactive players will automatically lose when time's up. (requested by betathunder)
|
|t:|1781237497
|teamsize|p1|6
|teamsize|p2|6
|start
|switch|p1a: Deoxys|Deoxys-Speed|100/100
|switch|p2a: Samurott|Samurott-Hisui, M|100/100
|-ability|p1a: Deoxys|Pressure
|turn|1
|inactive|betathunder has 120 seconds left.
|
|t:|1781237541
|move|p1a: Deoxys|Stealth Rock|p2a: Samurott
|-sidestart|p2: aaagislash|move: Stealth Rock
|move|p2a: Samurott|Ceaseless Edge|p1a: Deoxys
|-supereffective|p1a: Deoxys
|-damage|p1a: Deoxys|7/100
|-sidestart|p1: betathunder|Spikes
|
|upkeep
|turn|2
|
|t:|1781237549
|move|p1a: Deoxys|Spikes|p2a: Samurott
|-sidestart|p2: aaagislash|Spikes
|move|p2a: Samurott|Flip Turn|p1a: Deoxys
|-damage|p1a: Deoxys|0 fnt
|faint|p1a: Deoxys
|
|t:|1781237561
|switch|p2a: Regieleki|Regieleki|100/100|[from] Flip Turn
|-damage|p2a: Regieleki|88/100|[from] Stealth Rock
|-damage|p2a: Regieleki|76/100|[from] Spikes
|
|upkeep
|inactive|betathunder has 120 seconds left.
|inactive|betathunder has 90 seconds left.
|
|t:|1781237600
|switch|p1a: Great Tusk|Great Tusk|100/100
|-damage|p1a: Great Tusk|88/100|[from] Spikes
|-enditem|p1a: Great Tusk|Booster Energy
|-activate|p1a: Great Tusk|ability: Protosynthesis|[fromitem]
|-start|p1a: Great Tusk|protosynthesisspe
|turn|3
|
|t:|1781237608
|move|p2a: Regieleki|Rapid Spin|p1a: Great Tusk
|-damage|p1a: Great Tusk|82/100
|-boost|p2a: Regieleki|spe|1
|-sideend|p2: aaagislash|Spikes|[from] move: Rapid Spin|[of] p2a: Regieleki
|-sideend|p2: aaagislash|Stealth Rock|[from] move: Rapid Spin|[of] p2a: Regieleki
|move|p1a: Great Tusk|Headlong Rush|p2a: Regieleki
|-supereffective|p2a: Regieleki
|-damage|p2a: Regieleki|0 fnt
|-unboost|p1a: Great Tusk|def|1
|-unboost|p1a: Great Tusk|spd|1
|faint|p2a: Regieleki
|
|upkeep
|
|t:|1781237613
|switch|p2a: Araquanid|Araquanid, M|100/100
|turn|4
|
|t:|1781237618
|move|p1a: Great Tusk|Taunt|p2a: Araquanid
|-start|p2a: Araquanid|move: Taunt
|cant|p2a: Araquanid|move: Taunt|Sticky Web
|
|upkeep
|turn|5
|
|t:|1781237626
|switch|p2a: Dragapult|Dragapult, F|100/100
|move|p1a: Great Tusk|Headlong Rush|p2a: Dragapult
|-damage|p2a: Dragapult|31/100
|-unboost|p1a: Great Tusk|def|1
|-unboost|p1a: Great Tusk|spd|1
|
|upkeep
|turn|6
|
|t:|1781237632
|switch|p2a: Araquanid|Araquanid, M|100/100
|move|p1a: Great Tusk|Headlong Rush|p2a: Araquanid
|-resisted|p2a: Araquanid
|-damage|p2a: Araquanid|71/100
|-unboost|p1a: Great Tusk|def|1
|-unboost|p1a: Great Tusk|spd|1
|-enditem|p2a: Araquanid|Red Card|[of] p1a: Great Tusk
|-end|p1a: Great Tusk|Protosynthesis|[silent]
|drag|p1a: Dragonite|Dragonite, F|100/100
|
|upkeep
|turn|7
|inactive|betathunder has 120 seconds left.
|
|t:|1781237657
|move|p1a: Dragonite|Outrage|p2a: Araquanid
|-damage|p2a: Araquanid|0 fnt
|faint|p2a: Araquanid
|-damage|p1a: Dragonite|91/100|[from] item: Life Orb
|
|upkeep
|
|t:|1781237670
|switch|p2a: Dragapult|Dragapult, F|31/100
|turn|8
|
|t:|1781237696
|move|p2a: Dragapult|Draco Meteor|p1a: Dragonite|[miss]
|-miss|p2a: Dragapult|p1a: Dragonite
|move|p1a: Dragonite|Outrage|p2a: Dragapult|[from] lockedmove
|-supereffective|p2a: Dragapult
|-damage|p2a: Dragapult|0 fnt
|faint|p2a: Dragapult
|-damage|p1a: Dragonite|81/100|[from] item: Life Orb
|
|upkeep
|
|t:|1781237716
|switch|p2a: Great Tusk|Great Tusk|100/100
|-enditem|p2a: Great Tusk|Booster Energy
|-activate|p2a: Great Tusk|ability: Protosynthesis|[fromitem]
|-start|p2a: Great Tusk|protosynthesisatk
|turn|9
|inactive|betathunder has 90 seconds left.
|
|t:|1781237747
|move|p2a: Great Tusk|Ice Spinner|p1a: Dragonite
|-supereffective|p1a: Dragonite
|-damage|p1a: Dragonite|0 fnt
|faint|p1a: Dragonite
|
|upkeep
|
|t:|1781237749
|switch|p1a: Iron Valiant|Iron Valiant|100/100
|-damage|p1a: Iron Valiant|88/100|[from] Spikes
|-enditem|p1a: Iron Valiant|Booster Energy
|-activate|p1a: Iron Valiant|ability: Quark Drive|[fromitem]
|-start|p1a: Iron Valiant|quarkdrivespe
|turn|10
|j| Lady Writer ⌬
|
|t:|1781237760
|-end|p2a: Great Tusk|Protosynthesis|[silent]
|switch|p2a: Great Tusk|Great Tusk|100/100
|move|p1a: Iron Valiant|Moonblast|p2a: Great Tusk
|-damage|p2a: Great Tusk|5/100
|-unboost|p2a: Great Tusk|spa|1
|replace|p2a: Zoroark|Zoroark-Hisui, M
|-end|p2a: Zoroark|Illusion
|
|upkeep
|turn|11
|
|t:|1781237764
|move|p1a: Iron Valiant|Moonblast|p2a: Zoroark
|-damage|p2a: Zoroark|0 fnt
|faint|p2a: Zoroark
|
|upkeep
|
|t:|1781237766
|switch|p2a: Samurott|Samurott-Hisui, M|100/100
|turn|12
|
|t:|1781237768
|-terastallize|p2a: Samurott|Poison
|move|p1a: Iron Valiant|Moonblast|p2a: Samurott
|-resisted|p2a: Samurott
|-damage|p2a: Samurott|81/100
|-unboost|p2a: Samurott|spa|1
|move|p2a: Samurott|Aqua Cutter|p1a: Iron Valiant
|-damage|p1a: Iron Valiant|32/100
|
|upkeep
|turn|13
|
|t:|1781237779
|-end|p1a: Iron Valiant|Quark Drive|[silent]
|switch|p1a: Great Tusk|Great Tusk|82/100
|-damage|p1a: Great Tusk|70/100|[from] Spikes
|move|p2a: Samurott|Ceaseless Edge|p1a: Great Tusk
|-resisted|p1a: Great Tusk
|-damage|p1a: Great Tusk|56/100
|-sidestart|p1: betathunder|Spikes
|
|upkeep
|turn|14
|
|t:|1781237791
|move|p1a: Great Tusk|Headlong Rush|p2a: Samurott
|-supereffective|p2a: Samurott
|-damage|p2a: Samurott|0 fnt
|-unboost|p1a: Great Tusk|def|1
|-unboost|p1a: Great Tusk|spd|1
|faint|p2a: Samurott
|
|upkeep
|
|t:|1781237793
|switch|p2a: Great Tusk|Great Tusk|100/100
|turn|15
|
|t:|1781237795
|-end|p1a: Great Tusk|Protosynthesis|[silent]
|switch|p1a: Gholdengo|Gholdengo|100/100
|-damage|p1a: Gholdengo|84/100|[from] Spikes
|move|p2a: Great Tusk|Rapid Spin|p1a: Gholdengo
|-immune|p1a: Gholdengo
|
|upkeep
|turn|16
|
|t:|1781237800
|-terastallize|p1a: Gholdengo|Fairy
|move|p2a: Great Tusk|Headlong Rush|p1a: Gholdengo
|-damage|p1a: Gholdengo|32/100
|-unboost|p2a: Great Tusk|def|1
|-unboost|p2a: Great Tusk|spd|1
|move|p1a: Gholdengo|Make It Rain|p2a: Great Tusk
|-damage|p2a: Great Tusk|0 fnt
|-unboost|p1a: Gholdengo|spa|1
|faint|p2a: Great Tusk
|-end|p2a: Great Tusk|Protosynthesis|[silent]
|
|win|betathunder
|raw|betathunder's rating: 1638 &rarr; <strong>1658</strong><br />(+20 for winning)
|raw|aaagislash's rating: 1630 &rarr; <strong>1610</strong><br />(-20 for losing)
|c|☆betathunder|gg
|l|‽aaagislash
|player|p2|
|c|☆betathunder|ddaaaaaaaaaaaa
|l| Lady Writer ⌬
|l|☆betathunder
|player|p1|
