|j|☆Rj yoip
|j|☆Igoodnamename
|t:|1781041314
|gametype|singles
|player|p1|Rj yoip|caitlin-masters|1680
|player|p2|Igoodnamename|winona|1735
|gen|9
|tier|[Gen 9] OU
|rated|
|rule|HP Percentage Mod: HP is shown in percentages
|rule|Endless Battle Clause: Forcing endless battles is banned
|rule|Species Clause: Limit one of each Pokémon
|rule|OHKO Clause: OHKO moves are banned
|rule|Evasion Items Clause: Evasion items are banned
|rule|Evasion Moves Clause: Evasion moves are banned
|rule|Evasion Abilities Clause: Evasion abilities are banned
|rule|Sleep Moves Clause: Sleep-inducing moves are banned
|clearpoke
|poke|p1|Tyranitar, F|
|poke|p1|Hydrapple, M|
|poke|p1|Enamorus, F|
|poke|p1|Garganacl, M|
|poke|p1|Excadrill, F|
|poke|p1|Alomomola, M|
|poke|p2|Gholdengo|
|poke|p2|Zamazenta-*|
|poke|p2|Moltres|
|poke|p2|Ting-Lu|
|poke|p2|Serperior, F|
|poke|p2|Kyurem|
|teampreview
|
|t:|1781041342
|teamsize|p1|6
|teamsize|p2|6
|start
|switch|p1a: Garganacl|Garganacl, M|100/100
|switch|p2a: Serperior|Serperior, F|100/100
|turn|1
|inactive|Battle timer is ON: inactive players will automatically lose when time's up. (requested by Rj yoip)
|
|t:|1781041361
|switch|p1a: Hydrapple|Hydrapple, M|100/100
|move|p2a: Serperior|Leaf Storm|p1a: Hydrapple
|-resisted|p1a: Hydrapple
|-damage|p1a: Hydrapple|90/100
|-boost|p2a: Serperior|spa|2
|
|upkeep
|turn|2
|
|t:|1781041375
|-terastallize|p2a: Serperior|Grass
|move|p2a: Serperior|Leaf Storm|p1a: Hydrapple
|-resisted|p1a: Hydrapple
|-damage|p1a: Hydrapple|57/100
|-boost|p2a: Serperior|spa|2
|move|p1a: Hydrapple|Fickle Beam|p2a: Serperior
|-damage|p2a: Serperior|64/100
|
|upkeep
|turn|3
|
|t:|1781041390
|move|p2a: Serperior|Leaf Storm|p1a: Hydrapple
|-resisted|p1a: Hydrapple
|-damage|p1a: Hydrapple|9/100
|-boost|p2a: Serperior|spa|2
|move|p1a: Hydrapple|Fickle Beam|p2a: Serperior|[anim] Fickle Beam All Out
|-activate|p1a: Hydrapple|move: Fickle Beam
|-damage|p2a: Serperior|0 fnt
|faint|p2a: Serperior
|
|upkeep
|c|☆Rj yoip|Tera is crazy
|
|t:|1781041398
|switch|p2a: Kyurem|Kyurem|100/100
|-ability|p2a: Kyurem|Pressure
|turn|4
|
|t:|1781041401
|switch|p1a: Tyranitar|Tyranitar, F|100/100
|-weather|Sandstorm|[from] ability: Sand Stream|[of] p1a: Tyranitar
|move|p2a: Kyurem|Earth Power|p1a: Tyranitar
|-supereffective|p1a: Tyranitar
|-damage|p1a: Tyranitar|62/100
|
|-weather|Sandstorm|[upkeep]
|-damage|p2a: Kyurem|94/100|[from] Sandstorm
|upkeep
|turn|5
|c|☆Igoodnamename|Ye miss calculated
|
|t:|1781041411
|move|p2a: Kyurem|Earth Power|p1a: Tyranitar
|-supereffective|p1a: Tyranitar
|-damage|p1a: Tyranitar|18/100
|move|p1a: Tyranitar|Knock Off|p2a: Kyurem
|-damage|p2a: Kyurem|22/100
|-enditem|p2a: Kyurem|Heavy-Duty Boots|[from] move: Knock Off|[of] p1a: Tyranitar
|
|-weather|Sandstorm|[upkeep]
|-damage|p2a: Kyurem|15/100|[from] Sandstorm
|upkeep
|turn|6
|
|t:|1781041420
|switch|p1a: Garganacl|Garganacl, M|100/100
|move|p2a: Kyurem|Ice Beam|p1a: Garganacl
|-damage|p1a: Garganacl|81/100
|
|-weather|Sandstorm|[upkeep]
|-damage|p2a: Kyurem|9/100|[from] Sandstorm
|-heal|p1a: Garganacl|87/100|[from] item: Leftovers
|upkeep
|turn|7
|
|t:|1781041426
|switch|p2a: Ting-Lu|Ting-Lu|100/100
|-ability|p2a: Ting-Lu|Vessel of Ruin
|move|p1a: Garganacl|Salt Cure|p2a: Ting-Lu
|-resisted|p2a: Ting-Lu
|-damage|p2a: Ting-Lu|97/100
|-start|p2a: Ting-Lu|Salt Cure
|
|-weather|Sandstorm|[upkeep]
|-heal|p2a: Ting-Lu|100/100|[from] item: Leftovers
|-heal|p1a: Garganacl|93/100|[from] item: Leftovers
|-damage|p2a: Ting-Lu|88/100|[from] Salt Cure
|upkeep
|turn|8
|
|t:|1781041429
|move|p2a: Ting-Lu|Stealth Rock|p1a: Garganacl
|-sidestart|p1: Rj yoip|move: Stealth Rock
|move|p1a: Garganacl|Stealth Rock|p2a: Ting-Lu
|-sidestart|p2: Igoodnamename|move: Stealth Rock
|
|-weather|none
|-heal|p2a: Ting-Lu|94/100|[from] item: Leftovers
|-heal|p1a: Garganacl|99/100|[from] item: Leftovers
|-damage|p2a: Ting-Lu|82/100|[from] Salt Cure
|upkeep
|turn|9
|
|t:|1781041434
|switch|p1a: Alomomola|Alomomola, M|100/100
|-damage|p1a: Alomomola|88/100|[from] Stealth Rock
|move|p2a: Ting-Lu|Ruination|p1a: Alomomola
|-damage|p1a: Alomomola|44/100
|
|-heal|p2a: Ting-Lu|88/100|[from] item: Leftovers
|-damage|p2a: Ting-Lu|76/100|[from] Salt Cure
|upkeep
|turn|10
|
|t:|1781041440
|switch|p2a: Gholdengo|Gholdengo|100/100
|-damage|p2a: Gholdengo|94/100|[from] Stealth Rock
|move|p1a: Alomomola|Scald|p2a: Gholdengo
|-damage|p2a: Gholdengo|79/100
|
|upkeep
|turn|11
|
|t:|1781041452
|move|p2a: Gholdengo|Nasty Plot|p2a: Gholdengo
|-boost|p2a: Gholdengo|spa|2
|move|p1a: Alomomola|Flip Turn|p2a: Gholdengo
|-damage|p2a: Gholdengo|61/100
|l|☆Rj yoip
|inactive|Rj yoip disconnected and has a minute to reconnect!
|player|p1|
|j|☆Rj yoip
|inactive|Rj yoip reconnected and has 135 seconds left.
|player|p1|Rj yoip|caitlin-masters|
|
|t:|1781041470
|switch|p1a: Excadrill|Excadrill, F|100/100|[from] Flip Turn
|-damage|p1a: Excadrill|97/100|[from] Stealth Rock
|
|-heal|p1a: Excadrill|100/100|[from] item: Leftovers
|upkeep
|turn|12
|j| nepturee
|
|t:|1781041475
|switch|p2a: Moltres|Moltres|100/100
|move|p1a: Excadrill|Substitute|p1a: Excadrill
|-start|p1a: Excadrill|Substitute
|-damage|p1a: Excadrill|76/100
|
|-heal|p1a: Excadrill|82/100|[from] item: Leftovers
|upkeep
|turn|13
|
|t:|1781041478
|switch|p2a: Zamazenta|Zamazenta|100/100
|-damage|p2a: Zamazenta|94/100|[from] Stealth Rock
|-ability|p2a: Zamazenta|Dauntless Shield|boost
|-boost|p2a: Zamazenta|def|1
|move|p1a: Excadrill|Rock Slide|p2a: Zamazenta|[miss]
|-miss|p1a: Excadrill|p2a: Zamazenta
|
|-heal|p1a: Excadrill|88/100|[from] item: Leftovers
|upkeep
|turn|14
|
|t:|1781041483
|move|p2a: Zamazenta|Iron Defense|p2a: Zamazenta
|-boost|p2a: Zamazenta|def|2
|move|p1a: Excadrill|Rapid Spin|p2a: Zamazenta
|-damage|p2a: Zamazenta|89/100
|-boost|p1a: Excadrill|spe|1
|-sideend|p1: Rj yoip|Stealth Rock|[from] move: Rapid Spin|[of] p1a: Excadrill
|
|-heal|p1a: Excadrill|94/100|[from] item: Leftovers
|upkeep
|turn|15
|
|t:|1781041488
|switch|p1a: Enamorus|Enamorus, F|100/100
|move|p2a: Zamazenta|Body Press|p1a: Enamorus
|-resisted|p1a: Enamorus
|-damage|p1a: Enamorus|65/100
|
|upkeep
|turn|16
|
|t:|1781041492
|switch|p2a: Moltres|Moltres|100/100
|move|p1a: Enamorus|Moonblast|p2a: Moltres
|-resisted|p2a: Moltres
|-damage|p2a: Moltres|73/100
|
|upkeep
|turn|17
|
|t:|1781041496
|switch|p1a: Garganacl|Garganacl, M|99/100
|move|p2a: Moltres|U-turn|p1a: Garganacl
|-damage|p1a: Garganacl|90/100
|
|t:|1781041500
|switch|p2a: Gholdengo|Gholdengo|61/100|[from] U-turn
|-damage|p2a: Gholdengo|55/100|[from] Stealth Rock
|
|-heal|p1a: Garganacl|96/100|[from] item: Leftovers
|upkeep
|turn|18
|
|t:|1781041503
|-terastallize|p1a: Garganacl|Electric
|move|p2a: Gholdengo|Make It Rain|p1a: Garganacl
|-resisted|p1a: Garganacl
|-damage|p1a: Garganacl|65/100
|-unboost|p2a: Gholdengo|spa|1
|move|p1a: Garganacl|Salt Cure|p2a: Gholdengo
|-resisted|p2a: Gholdengo
|-damage|p2a: Gholdengo|47/100
|-start|p2a: Gholdengo|Salt Cure
|
|-heal|p1a: Garganacl|71/100|[from] item: Leftovers
|-damage|p2a: Gholdengo|22/100|[from] Salt Cure
|upkeep
|turn|19
|
|t:|1781041508
|switch|p2a: Ting-Lu|Ting-Lu|76/100
|-damage|p2a: Ting-Lu|69/100|[from] Stealth Rock
|-ability|p2a: Ting-Lu|Vessel of Ruin
|move|p1a: Garganacl|Recover|p1a: Garganacl
|-heal|p1a: Garganacl|100/100
|
|-heal|p2a: Ting-Lu|76/100|[from] item: Leftovers
|upkeep
|turn|20
|
|t:|1781041510
|move|p2a: Ting-Lu|Stealth Rock|p1a: Garganacl
|-sidestart|p1: Rj yoip|move: Stealth Rock
|move|p1a: Garganacl|Salt Cure|p2a: Ting-Lu
|-resisted|p2a: Ting-Lu
|-damage|p2a: Ting-Lu|72/100
|-start|p2a: Ting-Lu|Salt Cure
|
|-heal|p2a: Ting-Lu|78/100|[from] item: Leftovers
|-damage|p2a: Ting-Lu|65/100|[from] Salt Cure
|upkeep
|turn|21
|
|t:|1781041513
|switch|p1a: Alomomola|Alomomola, M|78/100
|-damage|p1a: Alomomola|65/100|[from] Stealth Rock
|move|p2a: Ting-Lu|Earthquake|p1a: Alomomola
|-damage|p1a: Alomomola|42/100
|
|-heal|p2a: Ting-Lu|72/100|[from] item: Leftovers
|-damage|p2a: Ting-Lu|59/100|[from] Salt Cure
|upkeep
|turn|22
|l| nepturee
|
|t:|1781041531
|switch|p2a: Moltres|Moltres|73/100
|move|p1a: Alomomola|Flip Turn|p2a: Moltres
|-supereffective|p2a: Moltres
|-damage|p2a: Moltres|52/100
|
|t:|1781041540
|switch|p1a: Garganacl|Garganacl, M, tera:Electric|100/100|[from] Flip Turn
|-damage|p1a: Garganacl|88/100|[from] Stealth Rock
|
|-heal|p1a: Garganacl|94/100|[from] item: Leftovers
|upkeep
|turn|23
|
|t:|1781041543
|move|p2a: Moltres|Roost|p2a: Moltres
|-heal|p2a: Moltres|100/100
|-singleturn|p2a: Moltres|move: Roost
|move|p1a: Garganacl|Salt Cure|p2a: Moltres
|-supereffective|p2a: Moltres
|-damage|p2a: Moltres|80/100
|-start|p2a: Moltres|Salt Cure
|
|-heal|p1a: Garganacl|100/100|[from] item: Leftovers
|-damage|p2a: Moltres|68/100|[from] Salt Cure
|upkeep
|turn|24
|
|t:|1781041558
|move|p2a: Moltres|U-turn|p1a: Garganacl
|-damage|p1a: Garganacl|92/100
|
|t:|1781041561
|switch|p2a: Ting-Lu|Ting-Lu|59/100|[from] U-turn
|-damage|p2a: Ting-Lu|53/100|[from] Stealth Rock
|-ability|p2a: Ting-Lu|Vessel of Ruin
|move|p1a: Garganacl|Salt Cure|p2a: Ting-Lu
|-resisted|p2a: Ting-Lu
|-damage|p2a: Ting-Lu|49/100
|-start|p2a: Ting-Lu|Salt Cure
|
|-heal|p2a: Ting-Lu|55/100|[from] item: Leftovers
|-heal|p1a: Garganacl|98/100|[from] item: Leftovers
|-damage|p2a: Ting-Lu|43/100|[from] Salt Cure
|upkeep
|turn|25
|
|t:|1781041565
|switch|p1a: Alomomola|Alomomola, M|75/100
|-damage|p1a: Alomomola|62/100|[from] Stealth Rock
|move|p2a: Ting-Lu|Earthquake|p1a: Alomomola
|-damage|p1a: Alomomola|37/100
|
|-heal|p2a: Ting-Lu|49/100|[from] item: Leftovers
|-damage|p2a: Ting-Lu|37/100|[from] Salt Cure
|upkeep
|turn|26
|
|t:|1781041568
|switch|p2a: Moltres|Moltres|68/100
|move|p1a: Alomomola|Flip Turn|p2a: Moltres
|-supereffective|p2a: Moltres
|-damage|p2a: Moltres|44/100
|
|t:|1781041589
|switch|p1a: Garganacl|Garganacl, M, tera:Electric|98/100|[from] Flip Turn
|-damage|p1a: Garganacl|85/100|[from] Stealth Rock
|
|-heal|p1a: Garganacl|92/100|[from] item: Leftovers
|upkeep
|turn|27
|
|t:|1781041593
|move|p2a: Moltres|Roost|p2a: Moltres
|-heal|p2a: Moltres|94/100
|-singleturn|p2a: Moltres|move: Roost
|move|p1a: Garganacl|Salt Cure|p2a: Moltres
|-supereffective|p2a: Moltres
|-damage|p2a: Moltres|76/100
|-start|p2a: Moltres|Salt Cure
|
|-heal|p1a: Garganacl|98/100|[from] item: Leftovers
|-damage|p2a: Moltres|63/100|[from] Salt Cure
|upkeep
|turn|28
|c|☆Rj yoip|Garg the beast
|
|t:|1781041605
|move|p2a: Moltres|U-turn|p1a: Garganacl
|-damage|p1a: Garganacl|87/100
|
|t:|1781041607
|switch|p2a: Ting-Lu|Ting-Lu|37/100|[from] U-turn
|-damage|p2a: Ting-Lu|30/100|[from] Stealth Rock
|-ability|p2a: Ting-Lu|Vessel of Ruin
|move|p1a: Garganacl|Salt Cure|p2a: Ting-Lu
|-resisted|p2a: Ting-Lu
|-damage|p2a: Ting-Lu|27/100
|-start|p2a: Ting-Lu|Salt Cure
|
|-heal|p2a: Ting-Lu|33/100|[from] item: Leftovers
|-heal|p1a: Garganacl|94/100|[from] item: Leftovers
|-damage|p2a: Ting-Lu|21/100|[from] Salt Cure
|upkeep
|turn|29
|
|t:|1781041609
|move|p1a: Garganacl|Protect|p1a: Garganacl
|-singleturn|p1a: Garganacl|Protect
|move|p2a: Ting-Lu|Earthquake|p1a: Garganacl
|-activate|p1a: Garganacl|move: Protect
|
|-heal|p2a: Ting-Lu|27/100|[from] item: Leftovers
|-heal|p1a: Garganacl|99/100|[from] item: Leftovers
|-damage|p2a: Ting-Lu|14/100|[from] Salt Cure
|upkeep
|turn|30
|
|t:|1781041612
|switch|p1a: Alomomola|Alomomola, M|70/100
|-damage|p1a: Alomomola|58/100|[from] Stealth Rock
|move|p2a: Ting-Lu|Earthquake|p1a: Alomomola
|-damage|p1a: Alomomola|31/100
|
|-heal|p2a: Ting-Lu|21/100|[from] item: Leftovers
|-damage|p2a: Ting-Lu|8/100|[from] Salt Cure
|upkeep
|turn|31
|
|t:|1781041614
|move|p2a: Ting-Lu|Earthquake|p1a: Alomomola
|-damage|p1a: Alomomola|6/100
|move|p1a: Alomomola|Flip Turn|p2a: Ting-Lu
|-supereffective|p2a: Ting-Lu
|-damage|p2a: Ting-Lu|0 fnt
|faint|p2a: Ting-Lu
|
|t:|1781041618
|switch|p1a: Garganacl|Garganacl, M, tera:Electric|99/100|[from] Flip Turn
|-damage|p1a: Garganacl|87/100|[from] Stealth Rock
|
|-heal|p1a: Garganacl|94/100|[from] item: Leftovers
|upkeep
|
|t:|1781041631
|switch|p2a: Zamazenta|Zamazenta|89/100
|-damage|p2a: Zamazenta|82/100|[from] Stealth Rock
|turn|32
|
|t:|1781041634
|switch|p1a: Enamorus|Enamorus, F|65/100
|-damage|p1a: Enamorus|40/100|[from] Stealth Rock
|move|p2a: Zamazenta|Iron Defense|p2a: Zamazenta
|-boost|p2a: Zamazenta|def|2
|
|upkeep
|turn|33
|
|t:|1781041643
|switch|p2a: Moltres|Moltres|63/100
|move|p1a: Enamorus|Healing Wish|p1a: Enamorus
|faint|p1a: Enamorus
|
|upkeep
|
|t:|1781041644
|switch|p1a: Alomomola|Alomomola, M|39/100
|-heal|p1a: Alomomola|100/100|[from] move: Healing Wish
|-damage|p1a: Alomomola|88/100|[from] Stealth Rock
|turn|34
|
|t:|1781041647
|move|p2a: Moltres|Roost|p2a: Moltres
|-heal|p2a: Moltres|100/100
|-singleturn|p2a: Moltres|move: Roost
|move|p1a: Alomomola|Flip Turn|p2a: Moltres
|-supereffective|p2a: Moltres
|-damage|p2a: Moltres|79/100
|-status|p1a: Alomomola|brn|[from] ability: Flame Body|[of] p2a: Moltres
|
|t:|1781041650
|switch|p1a: Garganacl|Garganacl, M, tera:Electric|94/100|[from] Flip Turn
|-damage|p1a: Garganacl|81/100|[from] Stealth Rock
|
|-heal|p1a: Garganacl|87/100|[from] item: Leftovers
|upkeep
|turn|35
|
|t:|1781041652
|move|p2a: Moltres|U-turn|p1a: Garganacl
|-damage|p1a: Garganacl|78/100
|
|t:|1781041655
|switch|p2a: Gholdengo|Gholdengo|22/100|[from] U-turn
|-damage|p2a: Gholdengo|16/100|[from] Stealth Rock
|move|p1a: Garganacl|Salt Cure|p2a: Gholdengo
|-resisted|p2a: Gholdengo
|-damage|p2a: Gholdengo|8/100
|-start|p2a: Gholdengo|Salt Cure
|
|-heal|p1a: Garganacl|84/100|[from] item: Leftovers
|-damage|p2a: Gholdengo|0 fnt|[from] Salt Cure
|faint|p2a: Gholdengo
|upkeep
|
|t:|1781041657
|switch|p2a: Zamazenta|Zamazenta|82/100
|-damage|p2a: Zamazenta|76/100|[from] Stealth Rock
|turn|36
|
|t:|1781041659
|move|p2a: Zamazenta|Iron Defense|p2a: Zamazenta
|-boost|p2a: Zamazenta|def|2
|move|p1a: Garganacl|Salt Cure|p2a: Zamazenta
|-resisted|p2a: Zamazenta
|-damage|p2a: Zamazenta|74/100
|-start|p2a: Zamazenta|Salt Cure
|
|-heal|p1a: Garganacl|91/100|[from] item: Leftovers
|-damage|p2a: Zamazenta|61/100|[from] Salt Cure
|upkeep
|turn|37
|
|t:|1781041664
|switch|p1a: Alomomola|Alomomola, M|100/100 brn
|-damage|p1a: Alomomola|88/100 brn|[from] Stealth Rock
|move|p2a: Zamazenta|Iron Defense|p2a: Zamazenta
|-boost|p2a: Zamazenta|def|2
|
|-damage|p1a: Alomomola|82/100 brn|[from] brn
|-damage|p2a: Zamazenta|49/100|[from] Salt Cure
|upkeep
|turn|38
|
|t:|1781041674
|move|p2a: Zamazenta|Rest|p2a: Zamazenta
|-status|p2a: Zamazenta|slp|[from] move: Rest
|-heal|p2a: Zamazenta|100/100 slp|[silent]
|-enditem|p2a: Zamazenta|Chesto Berry|[eat]
|-curestatus|p2a: Zamazenta|slp|[msg]
|move|p1a: Alomomola|Scald|p2a: Zamazenta
|-damage|p2a: Zamazenta|90/100
|
|-damage|p1a: Alomomola|76/100 brn|[from] brn
|-damage|p2a: Zamazenta|78/100|[from] Salt Cure
|upkeep
|turn|39
|
|t:|1781041677
|move|p2a: Zamazenta|Body Press|p1a: Alomomola
|-damage|p1a: Alomomola|5/100 brn
|move|p1a: Alomomola|Scald|p2a: Zamazenta
|-damage|p2a: Zamazenta|68/100
|
|-damage|p1a: Alomomola|0 fnt|[from] brn
|faint|p1a: Alomomola
|-damage|p2a: Zamazenta|56/100|[from] Salt Cure
|upkeep
|
|t:|1781041681
|switch|p1a: Hydrapple|Hydrapple, M|42/100
|-damage|p1a: Hydrapple|30/100|[from] Stealth Rock
|turn|40
|
|t:|1781041684
|switch|p1a: Tyranitar|Tyranitar, F|18/100
|-damage|p1a: Tyranitar|5/100|[from] Stealth Rock
|-weather|Sandstorm|[from] ability: Sand Stream|[of] p1a: Tyranitar
|move|p2a: Zamazenta|Body Press|p1a: Tyranitar
|-supereffective|p1a: Tyranitar
|-damage|p1a: Tyranitar|0 fnt
|faint|p1a: Tyranitar
|
|-weather|Sandstorm|[upkeep]
|-damage|p2a: Zamazenta|49/100|[from] Sandstorm
|-damage|p2a: Zamazenta|37/100|[from] Salt Cure
|upkeep
|
|t:|1781041687
|switch|p1a: Hydrapple|Hydrapple, M|63/100
|-damage|p1a: Hydrapple|51/100|[from] Stealth Rock
|turn|41
|
|t:|1781041702
|move|p2a: Zamazenta|Rest|p2a: Zamazenta
|-status|p2a: Zamazenta|slp|[from] move: Rest
|-heal|p2a: Zamazenta|100/100 slp|[silent]
|move|p1a: Hydrapple|Giga Drain|p2a: Zamazenta
|-damage|p2a: Zamazenta|76/100 slp
|-heal|p1a: Hydrapple|62/100|[from] drain|[of] p2a: Zamazenta
|
|-weather|Sandstorm|[upkeep]
|-damage|p2a: Zamazenta|70/100 slp|[from] Sandstorm
|-damage|p1a: Hydrapple|56/100|[from] Sandstorm
|-damage|p2a: Zamazenta|57/100 slp|[from] Salt Cure
|upkeep
|turn|42
|
|t:|1781041732
|switch|p2a: Moltres|Moltres|79/100
|move|p1a: Hydrapple|Giga Drain|p2a: Moltres
|-resisted|p2a: Moltres
|-damage|p2a: Moltres|71/100
|-heal|p1a: Hydrapple|60/100|[from] drain|[of] p2a: Moltres
|
|-weather|Sandstorm|[upkeep]
|-damage|p2a: Moltres|65/100|[from] Sandstorm
|-damage|p1a: Hydrapple|54/100|[from] Sandstorm
|upkeep
|turn|43
|
|t:|1781041737
|switch|p1a: Garganacl|Garganacl, M, tera:Electric|91/100
|-damage|p1a: Garganacl|78/100|[from] Stealth Rock
|move|p2a: Moltres|Flamethrower|p1a: Garganacl
|-damage|p1a: Garganacl|52/100
|
|-weather|Sandstorm|[upkeep]
|-damage|p2a: Moltres|59/100|[from] Sandstorm
|-damage|p1a: Garganacl|46/100|[from] Sandstorm
|-heal|p1a: Garganacl|52/100|[from] item: Leftovers
|upkeep
|turn|44
|
|t:|1781041742
|move|p2a: Moltres|Flamethrower|p1a: Garganacl
|-damage|p1a: Garganacl|27/100
|move|p1a: Garganacl|Salt Cure|p2a: Moltres
|-supereffective|p2a: Moltres
|-damage|p2a: Moltres|23/100
|-start|p2a: Moltres|Salt Cure
|
|-weather|none
|-heal|p1a: Garganacl|33/100|[from] item: Leftovers
|-damage|p2a: Moltres|11/100|[from] Salt Cure
|upkeep
|turn|45
|
|t:|1781041746
|move|p2a: Moltres|Flamethrower|p1a: Garganacl
|-damage|p1a: Garganacl|5/100
|move|p1a: Garganacl|Recover|p1a: Garganacl
|-heal|p1a: Garganacl|56/100
|
|-heal|p1a: Garganacl|62/100|[from] item: Leftovers
|-damage|p2a: Moltres|0 fnt|[from] Salt Cure
|faint|p2a: Moltres
|upkeep
|
|t:|1781041757
|switch|p2a: Zamazenta|Zamazenta|57/100 slp
|-damage|p2a: Zamazenta|51/100 slp|[from] Stealth Rock
|turn|46
|
|t:|1781041762
|cant|p2a: Zamazenta|slp
|move|p1a: Garganacl|Salt Cure|p2a: Zamazenta
|-resisted|p2a: Zamazenta
|-damage|p2a: Zamazenta|46/100 slp
|-start|p2a: Zamazenta|Salt Cure
|
|-heal|p1a: Garganacl|68/100|[from] item: Leftovers
|-damage|p2a: Zamazenta|34/100 slp|[from] Salt Cure
|upkeep
|turn|47
|
|t:|1781041771
|switch|p2a: Kyurem|Kyurem|9/100
|-damage|p2a: Kyurem|0 fnt|[from] Stealth Rock
|faint|p2a: Kyurem
|switch|p1a: Hydrapple|Hydrapple, M|87/100
|-damage|p1a: Hydrapple|75/100|[from] Stealth Rock
|
|upkeep
|
|t:|1781041776
|switch|p2a: Zamazenta|Zamazenta|34/100 slp
|-damage|p2a: Zamazenta|28/100 slp|[from] Stealth Rock
|turn|48
|
|t:|1781041781
|cant|p2a: Zamazenta|slp
|move|p1a: Hydrapple|Giga Drain|p2a: Zamazenta
|-damage|p2a: Zamazenta|4/100 slp
|-heal|p1a: Hydrapple|86/100|[from] drain|[of] p2a: Zamazenta
|
|upkeep
|turn|49
|j| darkrat18
|
|t:|1781041785
|-curestatus|p2a: Zamazenta|slp|[msg]
|move|p2a: Zamazenta|Rest|p2a: Zamazenta
|-status|p2a: Zamazenta|slp|[from] move: Rest
|-heal|p2a: Zamazenta|100/100 slp|[silent]
|move|p1a: Hydrapple|Nasty Plot|p1a: Hydrapple
|-boost|p1a: Hydrapple|spa|2
|
|upkeep
|turn|50
|
|t:|1781041789
|cant|p2a: Zamazenta|slp
|move|p1a: Hydrapple|Nasty Plot|p1a: Hydrapple
|-boost|p1a: Hydrapple|spa|2
|
|upkeep
|turn|51
|c|☆Rj yoip|gg
|c|☆Igoodnamename|ggs
|
|t:|1781041794
|cant|p2a: Zamazenta|slp
|move|p1a: Hydrapple|Giga Drain|p2a: Zamazenta
|-damage|p2a: Zamazenta|29/100 slp
|-heal|p1a: Hydrapple|100/100|[from] drain|[of] p2a: Zamazenta
|
|upkeep
|turn|52
|
|t:|1781041797
|-curestatus|p2a: Zamazenta|slp|[msg]
|move|p2a: Zamazenta|Body Press|p1a: Hydrapple
|-damage|p1a: Hydrapple|81/100
|-damage|p2a: Zamazenta|13/100|[from] item: Rocky Helmet|[of] p1a: Hydrapple
|move|p1a: Hydrapple|Giga Drain|p2a: Zamazenta
|-damage|p2a: Zamazenta|0 fnt
|-heal|p1a: Hydrapple|87/100|[from] drain|[of] p2a: Zamazenta
|faint|p2a: Zamazenta
|
|win|Rj yoip
|raw|Rj yoip's rating: 1680 &rarr; <strong>1703</strong><br />(+23 for winning)
|raw|Igoodnamename's rating: 1735 &rarr; <strong>1712</strong><br />(-23 for losing)
|l|☆Igoodnamename
|player|p2|
|l|☆Rj yoip
|player|p1|
