|j|☆lanadelray13
|j|☆omari p
|t:|1781531800
|gametype|singles
|player|p1|lanadelray13|unknown|1501
|player|p2|omari p|pokemonrangerf|1562
|gen|9
|tier|[Gen 9] OU
|rated|
|rule|HP Percentage Mod: HP is shown in percentages
|rule|Endless Battle Clause: Forcing endless battles is banned
|rule|Species Clause: Limit one of each Pokémon
|rule|OHKO Clause: OHKO moves are banned
|rule|Evasion Items Clause: Evasion items are banned
|rule|Evasion Moves Clause: Evasion moves are banned
|rule|Evasion Abilities Clause: Evasion abilities are banned
|rule|Sleep Moves Clause: Sleep-inducing moves are banned
|clearpoke
|poke|p1|Zapdos|
|poke|p1|Mamoswine, F|
|poke|p1|Cinderace, F|
|poke|p1|Landorus-Therian, M|
|poke|p1|Alomomola, M|
|poke|p1|Pecharunt|
|poke|p2|Thundurus-Therian, M|
|poke|p2|Cinderace, M|
|poke|p2|Latios, M|
|poke|p2|Jirachi|
|poke|p2|Mandibuzz, F|
|poke|p2|Great Tusk|
|teampreview
|inactive|Battle timer is ON: inactive players will automatically lose when time's up. (requested by lanadelray13)
|
|t:|1781531831
|teamsize|p1|6
|teamsize|p2|6
|start
|switch|p1a: Decent Tusk|Mamoswine, F|100/100
|switch|p2a: Latios|Latios, M|100/100
|turn|1
|
|t:|1781531836
|-terastallize|p2a: Latios|Steel
|move|p2a: Latios|Luster Purge|p1a: Decent Tusk
|-damage|p1a: Decent Tusk|39/100
|-unboost|p1a: Decent Tusk|spd|1
|move|p1a: Decent Tusk|Knock Off|p2a: Latios
|-damage|p2a: Latios|49/100
|-enditem|p2a: Latios|Choice Scarf|[from] move: Knock Off|[of] p1a: Decent Tusk
|
|upkeep
|turn|2
|
|t:|1781531842
|switch|p1a: fih|Alomomola, M, shiny|100/100
|move|p2a: Latios|Luster Purge|p1a: fih
|-damage|p1a: fih|75/100
|
|upkeep
|turn|3
|
|t:|1781531848
|move|p2a: Latios|Trick|p1a: fih
|-activate|p2a: Latios|move: Trick|[of] p1a: fih
|-enditem|p1a: fih|Assault Vest|[silent]|[from] move: Trick
|-item|p2a: Latios|Assault Vest|[from] move: Trick
|move|p1a: fih|Flip Turn|p2a: Latios
|-damage|p2a: Latios|27/100
|
|t:|1781531852
|switch|p1a: yamine lamal|Cinderace, F|100/100|[from] Flip Turn
|
|upkeep
|turn|4
|
|t:|1781531856
|switch|p2a: Mandibuzz|Mandibuzz, F, shiny|100/100
|move|p1a: yamine lamal|Pyro Ball|p2a: Mandibuzz
|-damage|p2a: Mandibuzz|71/100
|
|upkeep
|turn|5
|
|t:|1781531865
|switch|p1a: Pecharunt|Pecharunt|100/100
|move|p2a: Mandibuzz|Roost|p2a: Mandibuzz
|-heal|p2a: Mandibuzz|100/100
|-singleturn|p2a: Mandibuzz|move: Roost
|
|upkeep
|turn|6
|
|t:|1781531876
|switch|p2a: Jirachi|Jirachi|100/100
|move|p1a: Pecharunt|Shadow Ball|p2a: Jirachi
|-supereffective|p2a: Jirachi
|-damage|p2a: Jirachi|64/100
|-unboost|p2a: Jirachi|spd|1
|
|upkeep
|turn|7
|
|t:|1781531883
|move|p1a: Pecharunt|Nasty Plot|p1a: Pecharunt
|-boost|p1a: Pecharunt|spa|2
|move|p2a: Jirachi|Psychic Noise|p1a: Pecharunt
|-supereffective|p1a: Pecharunt
|-damage|p1a: Pecharunt|16/100
|-start|p1a: Pecharunt|move: Heal Block
|
|upkeep
|turn|8
|
|t:|1781531892
|switch|p2a: Mandibuzz|Mandibuzz, F, shiny|100/100
|move|p1a: Pecharunt|Shadow Ball|p2a: Mandibuzz
|-resisted|p2a: Mandibuzz
|-damage|p2a: Mandibuzz|74/100
|
|-end|p1a: Pecharunt|move: Heal Block
|upkeep
|turn|9
|
|t:|1781531895
|switch|p2a: Jirachi|Jirachi|64/100
|move|p1a: Pecharunt|Recover|p1a: Pecharunt
|-heal|p1a: Pecharunt|66/100
|
|upkeep
|turn|10
|
|t:|1781531902
|move|p1a: Pecharunt|Shadow Ball|p2a: Jirachi
|-supereffective|p2a: Jirachi
|-damage|p2a: Jirachi|0 fnt
|faint|p2a: Jirachi
|
|upkeep
|
|t:|1781531906
|switch|p2a: Great Tusk|Great Tusk|100/100
|turn|11
|
|t:|1781531912
|switch|p1a: Zapdos|Zapdos|100/100
|move|p2a: Great Tusk|Headlong Rush|p1a: Zapdos
|-immune|p1a: Zapdos
|
|upkeep
|turn|12
|
|t:|1781531917
|move|p1a: Zapdos|Hurricane|p2a: Great Tusk|[miss]
|-miss|p1a: Zapdos|p2a: Great Tusk
|move|p2a: Great Tusk|Stealth Rock|p1a: Zapdos
|-sidestart|p1: lanadelray13|move: Stealth Rock
|
|upkeep
|turn|13
|
|t:|1781531921
|move|p1a: Zapdos|Volt Switch|p2a: Great Tusk
|-immune|p2a: Great Tusk
|move|p2a: Great Tusk|Ice Spinner|p1a: Zapdos
|-supereffective|p1a: Zapdos
|-damage|p1a: Zapdos|25/100
|
|upkeep
|turn|14
|
|t:|1781531930
|-end|p2a: Great Tusk|Protosynthesis|[silent]
|switch|p2a: Latios|Latios, M, tera:Steel|27/100
|move|p1a: Zapdos|Roost|p1a: Zapdos
|-heal|p1a: Zapdos|75/100
|-singleturn|p1a: Zapdos|move: Roost
|
|upkeep
|turn|15
|
|t:|1781531934
|switch|p1a: fih|Alomomola, M, shiny|100/100
|-damage|p1a: fih|88/100|[from] Stealth Rock
|move|p2a: Latios|Ice Beam|p1a: fih
|-resisted|p1a: fih
|-damage|p1a: fih|77/100
|
|upkeep
|turn|16
|
|t:|1781531937
|move|p2a: Latios|Luster Purge|p1a: fih
|-damage|p1a: fih|42/100
|-unboost|p1a: fih|spd|1
|move|p1a: fih|Flip Turn|p2a: Latios
|-damage|p2a: Latios|4/100
|
|t:|1781531944
|switch|p1a: yamine lamal|Cinderace, F|100/100|[from] Flip Turn
|
|upkeep
|turn|17
|
|t:|1781531946
|move|p1a: yamine lamal|Court Change|p1a: yamine lamal
|-swapsideconditions
|-activate|p1a: yamine lamal|move: Court Change
|move|p2a: Latios|Draco Meteor|p1a: yamine lamal
|-damage|p1a: yamine lamal|9/100
|-unboost|p2a: Latios|spa|2
|
|upkeep
|turn|18
|
|t:|1781531951
|switch|p2a: Mandibuzz|Mandibuzz, F, shiny|74/100
|-damage|p2a: Mandibuzz|49/100|[from] Stealth Rock
|move|p1a: yamine lamal|Pyro Ball|p2a: Mandibuzz
|-damage|p2a: Mandibuzz|4/100
|
|upkeep
|turn|19
|
|t:|1781531956
|move|p1a: yamine lamal|Pyro Ball|p2a: Mandibuzz
|-crit|p2a: Mandibuzz
|-damage|p2a: Mandibuzz|0 fnt
|faint|p2a: Mandibuzz
|
|upkeep
|
|t:|1781531958
|switch|p2a: Cinderace|Cinderace, M|100/100
|-damage|p2a: Cinderace|76/100|[from] Stealth Rock
|turn|20
|
|t:|1781531960
|move|p1a: yamine lamal|Pyro Ball|p2a: Cinderace
|-resisted|p2a: Cinderace
|-damage|p2a: Cinderace|23/100
|move|p2a: Cinderace|Pyro Ball|p1a: yamine lamal
|-resisted|p1a: yamine lamal
|-damage|p1a: yamine lamal|0 fnt
|faint|p1a: yamine lamal
|
|upkeep
|
|t:|1781531969
|switch|p1a: fih|Alomomola, M, shiny|76/100
|turn|21
|
|t:|1781531971
|move|p1a: fih|Aqua Jet|p2a: Cinderace
|-supereffective|p2a: Cinderace
|-damage|p2a: Cinderace|0 fnt
|faint|p2a: Cinderace
|
|upkeep
|
|t:|1781531973
|switch|p2a: Thundurus|Thundurus-Therian, M|100/100
|-damage|p2a: Thundurus|76/100|[from] Stealth Rock
|turn|22
|
|t:|1781531976
|-terastallize|p1a: fih|Fairy
|move|p2a: Thundurus|Agility|p2a: Thundurus
|-boost|p2a: Thundurus|spe|2
|move|p1a: fih|Mirror Coat||[still]
|-fail|p1a: fih
|
|-heal|p2a: Thundurus|82/100|[from] item: Leftovers
|upkeep
|turn|23
|
|t:|1781531981
|move|p2a: Thundurus|Nasty Plot|p2a: Thundurus
|-boost|p2a: Thundurus|spa|2
|move|p1a: fih|Flip Turn|p2a: Thundurus
|-damage|p2a: Thundurus|58/100
|
|t:|1781531985
|switch|p1a: Decent Tusk|Mamoswine, F|39/100|[from] Flip Turn
|
|-heal|p2a: Thundurus|65/100|[from] item: Leftovers
|upkeep
|turn|24
|
|t:|1781531987
|move|p1a: Decent Tusk|Ice Shard|p2a: Thundurus
|-supereffective|p2a: Thundurus
|-damage|p2a: Thundurus|0 fnt
|faint|p2a: Thundurus
|
|upkeep
|-message|omari p forfeited.
|
|win|lanadelray13
|raw|lanadelray13's rating: 1501 &rarr; <strong>1524</strong><br />(+23 for winning)
|raw|omari p's rating: 1562 &rarr; <strong>1539</strong><br />(-23 for losing)
|l|☆omari p
|player|p2|
|l|☆lanadelray13
|player|p1|
