|j|☆huilaoshi1111
|j|☆Tunder♚boltz
|t:|1781456727
|gametype|singles
|player|p1|huilaoshi1111|266|1497
|player|p2|Tunder♚boltz|archer|1566
|gen|9
|tier|[Gen 9] OU
|rated|
|rule|HP Percentage Mod: HP is shown in percentages
|rule|Endless Battle Clause: Forcing endless battles is banned
|rule|Species Clause: Limit one of each Pokémon
|rule|OHKO Clause: OHKO moves are banned
|rule|Evasion Items Clause: Evasion items are banned
|rule|Evasion Moves Clause: Evasion moves are banned
|rule|Evasion Abilities Clause: Evasion abilities are banned
|rule|Sleep Moves Clause: Sleep-inducing moves are banned
|clearpoke
|poke|p1|Mienshao, F|
|poke|p1|Blissey, F|
|poke|p1|Slowbro, M|
|poke|p1|Krookodile, F|
|poke|p1|Talonflame, M|
|poke|p1|Zoroark-Hisui, M|
|poke|p2|Haxorus, M|
|poke|p2|Hatterene, F|
|poke|p2|Ceruledge, F|
|poke|p2|Samurott-Hisui, M|
|poke|p2|Garchomp, M|
|poke|p2|Iron Moth|
|teampreview
|inactive|Battle timer is ON: inactive players will automatically lose when time's up. (requested by Tunder♚boltz)
|c|☆Tunder♚boltz|hf
|
|t:|1781456752
|teamsize|p1|6
|teamsize|p2|6
|start
|switch|p1a: Mienshao|Mienshao, F|100/100
|switch|p2a: Nero|Samurott-Hisui, M|100/100
|turn|1
|
|t:|1781456757
|switch|p2a: Teresa|Hatterene, F|100/100
|move|p1a: Mienshao|U-turn|p2a: Teresa
|-damage|p2a: Teresa|77/100
|
|t:|1781456763
|switch|p1a: Slowbro|Slowbro, M|100/100|[from] U-turn
|
|-heal|p2a: Teresa|83/100|[from] item: Leftovers
|upkeep
|turn|2
|
|t:|1781456768
|switch|p2a: Nero|Samurott-Hisui, M|100/100
|move|p1a: Slowbro|Bitter Malice|p2a: Nero
|-resisted|p2a: Nero
|-damage|p2a: Nero|53/100
|-unboost|p2a: Nero|atk|1
|
|upkeep
|turn|3
|
|t:|1781456773
|switch|p1a: Mienshao|Mienshao, F|100/100
|move|p2a: Nero|Ceaseless Edge|p1a: Mienshao
|-resisted|p1a: Mienshao
|-crit|p1a: Mienshao
|-damage|p1a: Mienshao|30/100
|-sidestart|p1: huilaoshi1111|Spikes
|
|upkeep
|turn|4
|
|t:|1781456780
|move|p2a: Nero|Aqua Jet|p1a: Mienshao
|-damage|p1a: Mienshao|0 fnt
|faint|p1a: Mienshao
|
|upkeep
|
|t:|1781456791
|switch|p1a: Krookodile|Krookodile, F|100/100
|-damage|p1a: Krookodile|88/100|[from] Spikes
|-ability|p1a: Krookodile|Intimidate|boost
|-unboost|p2a: Nero|atk|1
|turn|5
|
|t:|1781456797
|switch|p2a: Vergil|Garchomp, M|100/100
|move|p1a: Krookodile|Earthquake|p2a: Vergil
|-damage|p2a: Vergil|21/100
|
|upkeep
|turn|6
|
|t:|1781456799
|move|p2a: Vergil|Scale Shot|p1a: Krookodile
|-damage|p1a: Krookodile|72/100
|-damage|p1a: Krookodile|58/100
|-damage|p1a: Krookodile|43/100
|-damage|p1a: Krookodile|26/100
|-damage|p1a: Krookodile|10/100
|-hitcount|p1a: Krookodile|5
|-unboost|p2a: Vergil|def|1
|-boost|p2a: Vergil|spe|1
|move|p1a: Krookodile|Earthquake|p2a: Vergil
|-damage|p2a: Vergil|0 fnt
|faint|p2a: Vergil
|
|upkeep
|
|t:|1781456805
|switch|p2a: Raiden|Haxorus, M, shiny|100/100
|-ability|p2a: Raiden|Mold Breaker
|turn|7
|
|t:|1781456808
|move|p2a: Raiden|Scale Shot|p1a: Krookodile
|-damage|p1a: Krookodile|0 fnt
|faint|p1a: Krookodile
|-hitcount|p1: Krookodile|1
|-unboost|p2a: Raiden|def|1
|-boost|p2a: Raiden|spe|1
|
|upkeep
|
|t:|1781456817
|switch|p1a: Slowbro|Slowbro, M|100/100
|-damage|p1a: Slowbro|88/100|[from] Spikes
|turn|8
|
|t:|1781456822
|move|p2a: Raiden|Scale Shot|p1a: Slowbro
|-damage|p1a: Slowbro|80/100
|-crit|p1a: Slowbro
|-damage|p1a: Slowbro|67/100
|-damage|p1a: Slowbro|59/100
|-damage|p1a: Slowbro|50/100
|-hitcount|p1a: Slowbro|4
|-unboost|p2a: Raiden|def|1
|-boost|p2a: Raiden|spe|1
|move|p1a: Slowbro|Scald|p2a: Raiden
|-resisted|p2a: Raiden
|-damage|p2a: Raiden|80/100
|
|upkeep
|turn|9
|
|t:|1781456827
|move|p2a: Raiden|Swords Dance|p2a: Raiden
|-boost|p2a: Raiden|atk|2
|move|p1a: Slowbro|Slack Off|p1a: Slowbro
|-heal|p1a: Slowbro|99/100
|
|upkeep
|turn|10
|
|t:|1781456830
|-terastallize|p1a: Slowbro|Fairy
|move|p2a: Raiden|Scale Shot|p1a: Slowbro
|-immune|p1a: Slowbro
|move|p1a: Slowbro|Scald|p2a: Raiden
|-resisted|p2a: Raiden
|-damage|p2a: Raiden|57/100
|
|upkeep
|turn|11
|
|t:|1781456834
|move|p2a: Raiden|Poison Jab|p1a: Slowbro
|-supereffective|p1a: Slowbro
|-damage|p1a: Slowbro|28/100
|-status|p1a: Slowbro|psn
|move|p1a: Slowbro|Scald|p2a: Raiden
|-resisted|p2a: Raiden
|-damage|p2a: Raiden|36/100
|
|-damage|p1a: Slowbro|15/100 psn|[from] psn
|upkeep
|turn|12
|inactive|huilaoshi1111 has 120 seconds left.
|inactive|huilaoshi1111 has 90 seconds left.
|inactive|huilaoshi1111 has 60 seconds left.
|inactive|huilaoshi1111 has 30 seconds left.
|inactive|huilaoshi1111 has 20 seconds left.
|inactive|huilaoshi1111 has 15 seconds left.
|inactive|huilaoshi1111 has 10 seconds left.
|inactive|huilaoshi1111 has 5 seconds left.
|-message|huilaoshi1111 lost due to inactivity.
|
|win|Tunder♚boltz
|raw|huilaoshi1111's rating: 1520 &rarr; <strong>1503</strong><br />(-17 for losing)
|raw|Tunder♚boltz's rating: 1566 &rarr; <strong>1583</strong><br />(+17 for winning)
|l|☆Tunder♚boltz
|player|p2|
