|badge|p2|bronze|gen9ou|100-9
|uhtml|medal-msg|<div class="broadcast-blue">Curious what those medals under the avatar are? PS now has Ladder Seasons! For more information, check out the <a href="https://www.smogon.com/forums/threads/3740067/">thread on Smogon.</a></div>
|j|☆LowEL0God
|j|☆icylikedecember
|t:|1781492769
|gametype|singles
|player|p1|LowEL0God|265|1689
|player|p2|icylikedecember|smasher|1816
|gen|9
|tier|[Gen 9] OU
|rated|
|rule|HP Percentage Mod: HP is shown in percentages
|rule|Endless Battle Clause: Forcing endless battles is banned
|rule|Species Clause: Limit one of each Pokémon
|rule|OHKO Clause: OHKO moves are banned
|rule|Evasion Items Clause: Evasion items are banned
|rule|Evasion Moves Clause: Evasion moves are banned
|rule|Evasion Abilities Clause: Evasion abilities are banned
|rule|Sleep Moves Clause: Sleep-inducing moves are banned
|clearpoke
|poke|p1|Pelipper, M|
|poke|p1|Raging Bolt|
|poke|p1|Overqwil, M|
|poke|p1|Barraskewda, M|
|poke|p1|Iron Treads|
|poke|p1|Kingambit, M|
|poke|p2|Corviknight, F|
|poke|p2|Slowking-Galar, M|
|poke|p2|Darkrai|
|poke|p2|Kyurem|
|poke|p2|Zamazenta-*|
|poke|p2|Crawdaunt, M|
|teampreview
|c|☆LowEL0God|hf
|
|t:|1781492772
|teamsize|p1|6
|teamsize|p2|6
|start
|switch|p1a: Kingambit|Kingambit, M|100/100
|switch|p2a: Kyurem|Kyurem|100/100
|-ability|p2a: Kyurem|Pressure
|turn|1
|inactive|Battle timer is ON: inactive players will automatically lose when time's up. (requested by LowEL0God)
|
|t:|1781492784
|switch|p2a: Corviknight|Corviknight, F, shiny|100/100
|-ability|p2a: Corviknight|Pressure
|move|p1a: Kingambit|Iron Head|p2a: Corviknight
|-resisted|p2a: Corviknight
|-damage|p2a: Corviknight|87/100
|-damage|p1a: Kingambit|84/100|[from] item: Rocky Helmet|[of] p2a: Corviknight
|
|-heal|p1a: Kingambit|90/100|[from] item: Leftovers
|upkeep
|turn|2
|
|t:|1781492786
|move|p2a: Corviknight|U-turn|p1a: Kingambit
|-crit|p1a: Kingambit
|-damage|p1a: Kingambit|75/100
|
|t:|1781492790
|switch|p2a: Zamazenta|Zamazenta|100/100|[from] U-turn
|-ability|p2a: Zamazenta|Dauntless Shield|boost
|-boost|p2a: Zamazenta|def|1
|move|p1a: Kingambit|Swords Dance|p1a: Kingambit
|-boost|p1a: Kingambit|atk|2
|
|-heal|p1a: Kingambit|82/100|[from] item: Leftovers
|upkeep
|turn|3
|
|t:|1781492795
|-end|p1a: Kingambit|fallenundefined|[silent]
|switch|p1a: Pelipper|Pelipper, M|100/100
|-weather|RainDance|[from] ability: Drizzle|[of] p1a: Pelipper
|move|p2a: Zamazenta|Roar|p1a: Pelipper
|drag|p1a: Kingambit|Kingambit, M|82/100
|
|-weather|RainDance|[upkeep]
|-heal|p1a: Kingambit|88/100|[from] item: Leftovers
|upkeep
|turn|4
|
|t:|1781492799
|-end|p1a: Kingambit|fallenundefined|[silent]
|switch|p1a: Pelipper|Pelipper, M|100/100
|move|p2a: Zamazenta|Roar|p1a: Pelipper
|drag|p1a: Raging Bolt|Raging Bolt|100/100
|-enditem|p1a: Raging Bolt|Booster Energy
|-activate|p1a: Raging Bolt|ability: Protosynthesis|[fromitem]
|-start|p1a: Raging Bolt|protosynthesisspa
|
|-weather|RainDance|[upkeep]
|upkeep
|turn|5
|j| Little Cuack
|
|t:|1781492809
|switch|p2a: Slowking|Slowking-Galar, M, shiny|100/100
|move|p1a: Raging Bolt|Thunder|p2a: Slowking
|-damage|p2a: Slowking|60/100
|
|-weather|RainDance|[upkeep]
|upkeep
|turn|6
|
|t:|1781492817
|-terastallize|p2a: Slowking|Grass
|move|p1a: Raging Bolt|Thunder|p2a: Slowking
|-resisted|p2a: Slowking
|-damage|p2a: Slowking|38/100
|move|p2a: Slowking|Ice Beam|p1a: Raging Bolt
|-supereffective|p1a: Raging Bolt
|-damage|p1a: Raging Bolt|48/100
|
|-weather|RainDance|[upkeep]
|upkeep
|turn|7
|
|t:|1781492825
|move|p1a: Raging Bolt|Draco Meteor|p2a: Slowking|[miss]
|-miss|p1a: Raging Bolt|p2a: Slowking
|move|p2a: Slowking|Ice Beam|p1a: Raging Bolt
|-supereffective|p1a: Raging Bolt
|-damage|p1a: Raging Bolt|0 fnt
|faint|p1a: Raging Bolt
|-end|p1a: Raging Bolt|Protosynthesis|[silent]
|
|-weather|RainDance|[upkeep]
|upkeep
|
|t:|1781492826
|switch|p1a: Barraskewda|Barraskewda, M|100/100
|turn|8
|
|t:|1781492828
|switch|p2a: Corviknight|Corviknight, F, shiny|87/100
|-ability|p2a: Corviknight|Pressure
|move|p1a: Barraskewda|Liquidation|p2a: Corviknight
|-damage|p2a: Corviknight|29/100
|-damage|p1a: Barraskewda|84/100|[from] item: Rocky Helmet|[of] p2a: Corviknight
|
|-weather|RainDance|[upkeep]
|upkeep
|turn|9
|
|t:|1781492832
|switch|p2a: Slowking|Slowking-Galar, M, shiny, tera:Grass|71/100
|move|p1a: Barraskewda|Liquidation|p2a: Slowking
|-resisted|p2a: Slowking
|-damage|p2a: Slowking|17/100
|
|-weather|RainDance|[upkeep]
|upkeep
|turn|10
|
|t:|1781492837
|switch|p2a: Corviknight|Corviknight, F, shiny|29/100
|-ability|p2a: Corviknight|Pressure
|move|p1a: Barraskewda|Liquidation|p2a: Corviknight
|-damage|p2a: Corviknight|0 fnt
|-damage|p1a: Barraskewda|67/100|[from] item: Rocky Helmet|[of] p2a: Corviknight
|faint|p2a: Corviknight
|
|-weather|none
|upkeep
|
|t:|1781492841
|switch|p2a: Kyurem|Kyurem|100/100
|-ability|p2a: Kyurem|Pressure
|turn|11
|
|t:|1781492846
|switch|p1a: Kingambit|Kingambit, M|88/100
|-activate|p1a: Kingambit|ability: Supreme Overlord
|-start|p1a: Kingambit|fallen1|[silent]
|move|p2a: Kyurem|Earth Power|p1a: Kingambit
|-supereffective|p1a: Kingambit
|-damage|p1a: Kingambit|3/100
|
|-heal|p1a: Kingambit|10/100|[from] item: Leftovers
|upkeep
|turn|12
|
|t:|1781492852
|-end|p1a: Kingambit|fallen1|[silent]
|switch|p1a: Pelipper|Pelipper, M|100/100
|-weather|RainDance|[from] ability: Drizzle|[of] p1a: Pelipper
|move|p2a: Kyurem|Earth Power|p1a: Pelipper
|-immune|p1a: Pelipper
|
|-weather|RainDance|[upkeep]
|upkeep
|turn|13
|
|t:|1781492866
|switch|p2a: Darkrai|Darkrai|100/100
|move|p1a: Pelipper|Hurricane|p2a: Darkrai
|-damage|p2a: Darkrai|55/100
|
|-weather|RainDance|[upkeep]
|upkeep
|turn|14
|
|t:|1781492872
|move|p2a: Darkrai|Dark Pulse|p1a: Pelipper
|-damage|p1a: Pelipper|42/100
|cant|p1a: Pelipper|flinch
|
|-weather|RainDance|[upkeep]
|upkeep
|turn|15
|
|t:|1781492876
|switch|p1a: Overqwil|Overqwil, M|100/100
|move|p2a: Darkrai|Focus Blast|p1a: Overqwil|[miss]
|-miss|p2a: Darkrai|p1a: Overqwil
|
|-weather|RainDance|[upkeep]
|upkeep
|turn|16
|
|t:|1781492892
|switch|p2a: Slowking|Slowking-Galar, M, shiny, tera:Grass|50/100
|move|p1a: Overqwil|Swords Dance|p1a: Overqwil
|-boost|p1a: Overqwil|atk|2
|
|-weather|RainDance|[upkeep]
|upkeep
|turn|17
|
|t:|1781492894
|move|p1a: Overqwil|Liquidation|p2a: Slowking
|-resisted|p2a: Slowking
|-damage|p2a: Slowking|0 fnt
|faint|p2a: Slowking
|-damage|p1a: Overqwil|91/100|[from] item: Life Orb
|
|-weather|RainDance|[upkeep]
|upkeep
|
|t:|1781492898
|switch|p2a: Zamazenta|Zamazenta|100/100
|turn|18
|
|t:|1781492905
|move|p1a: Overqwil|Gunk Shot|p2a: Zamazenta|[miss]
|-miss|p1a: Overqwil|p2a: Zamazenta
|move|p2a: Zamazenta|Body Press|p1a: Overqwil
|-damage|p1a: Overqwil|52/100
|
|-weather|RainDance|[upkeep]
|upkeep
|turn|19
|
|t:|1781492908
|move|p1a: Overqwil|Gunk Shot|p2a: Zamazenta
|-damage|p2a: Zamazenta|0 fnt
|faint|p2a: Zamazenta
|-damage|p1a: Overqwil|42/100|[from] item: Life Orb
|
|-weather|none
|upkeep
|
|t:|1781492915
|switch|p2a: Kyurem|Kyurem|100/100
|-ability|p2a: Kyurem|Pressure
|turn|20
|
|t:|1781492919
|switch|p1a: Kingambit|Kingambit, M|10/100
|-activate|p1a: Kingambit|ability: Supreme Overlord
|-start|p1a: Kingambit|fallen1|[silent]
|move|p2a: Kyurem|Freeze-Dry|p1a: Kingambit
|-resisted|p1a: Kingambit
|-damage|p1a: Kingambit|0 fnt
|faint|p1a: Kingambit
|-end|p1a: Kingambit|fallen1|[silent]
|
|upkeep
|
|t:|1781492919
|switch|p1a: Barraskewda|Barraskewda, M|67/100
|turn|21
|
|t:|1781492933
|move|p1a: Barraskewda|Close Combat|p2a: Kyurem
|-supereffective|p2a: Kyurem
|-damage|p2a: Kyurem|0 fnt
|-unboost|p1a: Barraskewda|def|1
|-unboost|p1a: Barraskewda|spd|1
|faint|p2a: Kyurem
|
|upkeep
|
|t:|1781492936
|switch|p2a: Crawdaunt|Crawdaunt, M|100/100
|turn|22
|
|t:|1781492938
|move|p2a: Crawdaunt|Aqua Jet|p1a: Barraskewda
|-resisted|p1a: Barraskewda
|-damage|p1a: Barraskewda|0 fnt
|faint|p1a: Barraskewda
|
|upkeep
|
|t:|1781492940
|switch|p1a: Pelipper|Pelipper, M|42/100
|-weather|RainDance|[from] ability: Drizzle|[of] p1a: Pelipper
|turn|23
|
|t:|1781492944
|move|p2a: Crawdaunt|Aqua Jet|p1a: Pelipper
|-resisted|p1a: Pelipper
|-damage|p1a: Pelipper|17/100
|move|p1a: Pelipper|Roost|p1a: Pelipper
|-heal|p1a: Pelipper|67/100
|-singleturn|p1a: Pelipper|move: Roost
|
|-weather|RainDance|[upkeep]
|upkeep
|turn|24
|
|t:|1781492949
|switch|p2a: Darkrai|Darkrai|55/100
|move|p1a: Pelipper|Weather Ball|p2a: Darkrai
|-damage|p2a: Darkrai|0 fnt
|faint|p2a: Darkrai
|
|-weather|RainDance|[upkeep]
|upkeep
|
|t:|1781492955
|switch|p2a: Crawdaunt|Crawdaunt, M|100/100
|turn|25
|
|t:|1781492958
|move|p2a: Crawdaunt|Aqua Jet|p1a: Pelipper
|-resisted|p1a: Pelipper
|-damage|p1a: Pelipper|40/100
|move|p1a: Pelipper|Hurricane|p2a: Crawdaunt
|-damage|p2a: Crawdaunt|20/100
|-start|p2a: Crawdaunt|confusion
|
|-weather|RainDance|[upkeep]
|upkeep
|turn|26
|
|t:|1781492962
|-activate|p2a: Crawdaunt|confusion
|-damage|p2a: Crawdaunt|0 fnt|[from] confusion
|faint|p2a: Crawdaunt
|
|win|LowEL0God
|raw|LowEL0God's rating: 1689 &rarr; <strong>1716</strong><br />(+27 for winning)
|raw|icylikedecember's rating: 1816 &rarr; <strong>1789</strong><br />(-27 for losing)
|l|☆icylikedecember
|player|p2|
|l| Little Cuack
|c|☆LowEL0God|gg
|l|☆LowEL0God
|player|p1|
