|j|☆jd2sleepy
|j|☆teamskullenoxa
|t:|1781093651
|gametype|singles
|player|p1|jd2sleepy|blackbelt-gen4dp|1603
|player|p2|teamskullenoxa|169|1616
|gen|9
|tier|[Gen 9] OU
|rated|
|rule|HP Percentage Mod: HP is shown in percentages
|rule|Endless Battle Clause: Forcing endless battles is banned
|rule|Species Clause: Limit one of each Pokémon
|rule|OHKO Clause: OHKO moves are banned
|rule|Evasion Items Clause: Evasion items are banned
|rule|Evasion Moves Clause: Evasion moves are banned
|rule|Evasion Abilities Clause: Evasion abilities are banned
|rule|Sleep Moves Clause: Sleep-inducing moves are banned
|clearpoke
|poke|p1|Toxicroak, M|
|poke|p1|Pelipper, F|
|poke|p1|Floatzel, M|
|poke|p1|Iron Treads|
|poke|p1|Hatterene, F|
|poke|p1|Volcanion|
|poke|p2|Pelipper, F|
|poke|p2|Hatterene, F|
|poke|p2|Iron Treads|
|poke|p2|Toxicroak, F|
|poke|p2|Barraskewda, F|
|poke|p2|Zapdos|
|teampreview
|
|t:|1781093667
|teamsize|p1|6
|teamsize|p2|6
|start
|switch|p1a: Iron Treads|Iron Treads|100/100
|switch|p2a: Barraskewda|Barraskewda, F|100/100
|turn|1
|
|t:|1781093672
|-end|p1a: Iron Treads|Quark Drive|[silent]
|switch|p1a: Toxicroak|Toxicroak, M|100/100
|move|p2a: Barraskewda|Close Combat|p1a: Toxicroak
|-resisted|p1a: Toxicroak
|-damage|p1a: Toxicroak|73/100
|-unboost|p2a: Barraskewda|def|1
|-unboost|p2a: Barraskewda|spd|1
|-damage|p2a: Barraskewda|84/100|[from] item: Rocky Helmet|[of] p1a: Toxicroak
|
|upkeep
|turn|2
|
|t:|1781093687
|switch|p2a: Pelipper|Pelipper, F|100/100
|-weather|RainDance|[from] ability: Drizzle|[of] p2a: Pelipper
|move|p1a: Toxicroak|Knock Off|p2a: Pelipper
|-damage|p2a: Pelipper|77/100
|-enditem|p2a: Pelipper|Damp Rock|[from] move: Knock Off|[of] p1a: Toxicroak
|
|-weather|RainDance|[upkeep]
|-heal|p1a: Toxicroak|85/100|[from] ability: Dry Skin
|upkeep
|turn|3
|
|t:|1781093709
|switch|p1a: Iron Treads|Iron Treads|100/100
|move|p2a: Pelipper|Weather Ball|p1a: Iron Treads
|-supereffective|p1a: Iron Treads
|-damage|p1a: Iron Treads|26/100
|
|-weather|RainDance|[upkeep]
|-heal|p1a: Iron Treads|32/100|[from] item: Leftovers
|upkeep
|turn|4
|
|t:|1781093712
|switch|p2a: Hatterene|Hatterene, F|100/100
|move|p1a: Iron Treads|Stealth Rock|p2a: Hatterene
|move|p2a: Hatterene|Stealth Rock|p1a: Iron Treads|[from] ability: Magic Bounce
|-sidestart|p1: jd2sleepy|move: Stealth Rock
|
|-weather|RainDance|[upkeep]
|-heal|p1a: Iron Treads|38/100|[from] item: Leftovers
|upkeep
|turn|5
|
|t:|1781093719
|switch|p2a: Toxicroak|Toxicroak, F|100/100
|move|p1a: Iron Treads|Rapid Spin|p2a: Toxicroak
|-damage|p2a: Toxicroak|89/100
|-boost|p1a: Iron Treads|spe|1
|-damage|p1a: Iron Treads|22/100|[from] item: Rocky Helmet|[of] p2a: Toxicroak
|-sideend|p1: jd2sleepy|Stealth Rock|[from] move: Rapid Spin|[of] p1a: Iron Treads
|
|-weather|RainDance|[upkeep]
|-heal|p2a: Toxicroak|100/100|[from] ability: Dry Skin
|-heal|p1a: Iron Treads|28/100|[from] item: Leftovers
|upkeep
|turn|6
|
|t:|1781093732
|switch|p2a: Hatterene|Hatterene, F|100/100
|move|p1a: Iron Treads|Stealth Rock|p2a: Hatterene
|move|p2a: Hatterene|Stealth Rock|p1a: Iron Treads|[from] ability: Magic Bounce
|-sidestart|p1: jd2sleepy|move: Stealth Rock
|
|-weather|RainDance|[upkeep]
|-heal|p1a: Iron Treads|34/100|[from] item: Leftovers
|upkeep
|turn|7
|
|t:|1781093736
|move|p1a: Iron Treads|Rapid Spin|p2a: Hatterene
|-damage|p2a: Hatterene|90/100
|-boost|p1a: Iron Treads|spe|1
|-sideend|p1: jd2sleepy|Stealth Rock|[from] move: Rapid Spin|[of] p1a: Iron Treads
|-enditem|p2a: Hatterene|Eject Button
|
|t:|1781093742
|switch|p2a: Barraskewda|Barraskewda, F|84/100
|
|-weather|RainDance|[upkeep]
|-heal|p1a: Iron Treads|40/100|[from] item: Leftovers
|upkeep
|turn|8
|j| KangkongNation
|
|t:|1781093749
|switch|p2a: Zapdos|Zapdos|100/100
|move|p1a: Iron Treads|Stealth Rock|p2a: Zapdos
|-sidestart|p2: teamskullenoxa|move: Stealth Rock
|
|-weather|RainDance|[upkeep]
|-heal|p1a: Iron Treads|46/100|[from] item: Leftovers
|upkeep
|turn|9
|l| KangkongNation
|
|t:|1781093765
|-terastallize|p2a: Zapdos|Flying
|move|p1a: Iron Treads|Knock Off|p2a: Zapdos
|-damage|p2a: Zapdos|72/100
|-status|p1a: Iron Treads|par|[from] ability: Static|[of] p2a: Zapdos
|-enditem|p2a: Zapdos|Choice Specs|[from] move: Knock Off|[of] p1a: Iron Treads
|move|p2a: Zapdos|Hurricane|p1a: Iron Treads
|-resisted|p1a: Iron Treads
|-damage|p1a: Iron Treads|15/100 par
|
|-weather|none
|-heal|p1a: Iron Treads|21/100 par|[from] item: Leftovers
|upkeep
|turn|10
|
|t:|1781093777
|-end|p1a: Iron Treads|Quark Drive|[silent]
|switch|p1a: Drizzy|Pelipper, F|100/100
|-weather|RainDance|[from] ability: Drizzle|[of] p1a: Drizzy
|move|p2a: Zapdos|Hurricane|p1a: Drizzy
|-damage|p1a: Drizzy|26/100
|-start|p1a: Drizzy|confusion
|
|-weather|RainDance|[upkeep]
|upkeep
|turn|11
|
|t:|1781093781
|switch|p1a: Iron Treads|Iron Treads|21/100 par
|move|p2a: Zapdos|Hurricane|p1a: Iron Treads
|-resisted|p1a: Iron Treads
|-damage|p1a: Iron Treads|0 fnt
|faint|p1a: Iron Treads
|-end|p1a: Iron Treads|Quark Drive|[silent]
|
|-weather|RainDance|[upkeep]
|upkeep
|
|t:|1781093785
|switch|p1a: Crash Out|Floatzel, M|100/100
|turn|12
|
|t:|1781093787
|switch|p1a: Volcanion|Volcanion|100/100
|switch|p2a: Toxicroak|Toxicroak, F|100/100
|-damage|p2a: Toxicroak|94/100|[from] Stealth Rock
|
|-weather|RainDance|[upkeep]
|-heal|p2a: Toxicroak|100/100|[from] ability: Dry Skin
|upkeep
|turn|13
|
|t:|1781093855
|switch|p2a: Hatterene|Hatterene, F|90/100
|-damage|p2a: Hatterene|77/100|[from] Stealth Rock
|move|p1a: Volcanion|Steam Eruption|p2a: Hatterene
|-damage|p2a: Hatterene|0 fnt
|faint|p2a: Hatterene
|
|-weather|RainDance|[upkeep]
|upkeep
|l|☆teamskullenoxa
|player|p2|
|j| KangkongNation
|l| KangkongNation
|j|☆teamskullenoxa
|player|p2|teamskullenoxa|169|
|j| KangkongNation
|l| KangkongNation
|
|t:|1781093893
|switch|p2a: Zapdos|Zapdos, tera:Flying|72/100
|-damage|p2a: Zapdos|47/100|[from] Stealth Rock
|turn|14
|
|t:|1781093897
|switch|p1a: Drizzy|Pelipper, F|26/100
|move|p2a: Zapdos|Thunder|p1a: Drizzy
|-supereffective|p1a: Drizzy
|-damage|p1a: Drizzy|0 fnt
|faint|p1a: Drizzy
|
|-weather|RainDance|[upkeep]
|upkeep
|
|t:|1781093899
|switch|p1a: Crash Out|Floatzel, M|100/100
|turn|15
|j| KangkongNation
|
|t:|1781093908
|switch|p2a: Toxicroak|Toxicroak, F|100/100
|-damage|p2a: Toxicroak|94/100|[from] Stealth Rock
|move|p1a: Crash Out|Flip Turn|p2a: Toxicroak
|-heal|p2a: Toxicroak|100/100|[from] ability: Dry Skin|[of] p1a: Crash Out
|
|-weather|RainDance|[upkeep]
|upkeep
|turn|16
|l| KangkongNation
|j| KangkongNation
|
|t:|1781093926
|move|p1a: Crash Out|Flip Turn|p2a: Toxicroak
|-immune|p2a: Toxicroak|[from] ability: Dry Skin
|move|p2a: Toxicroak|Knock Off|p1a: Crash Out
|-damage|p1a: Crash Out|62/100
|-enditem|p1a: Crash Out|Choice Band|[from] move: Knock Off|[of] p2a: Toxicroak
|
|-weather|RainDance|[upkeep]
|upkeep
|turn|17
|l| KangkongNation
|
|t:|1781093935
|switch|p1a: Hatterene|Hatterene, F|100/100
|move|p2a: Toxicroak|Knock Off|p1a: Hatterene
|-damage|p1a: Hatterene|78/100
|-enditem|p1a: Hatterene|Eject Button|[from] move: Knock Off|[of] p2a: Toxicroak
|
|-weather|none
|upkeep
|turn|18
|
|t:|1781093940
|switch|p2a: Iron Treads|Iron Treads|100/100
|-damage|p2a: Iron Treads|98/100|[from] Stealth Rock
|switch|p1a: Crash Out|Floatzel, M|62/100
|
|-heal|p2a: Iron Treads|100/100|[from] item: Leftovers
|upkeep
|turn|19
|
|t:|1781093947
|switch|p1a: Volcanion|Volcanion|100/100
|-end|p2a: Iron Treads|Quark Drive|[silent]
|switch|p2a: Toxicroak|Toxicroak, F|100/100
|-damage|p2a: Toxicroak|94/100|[from] Stealth Rock
|
|upkeep
|turn|20
|
|t:|1781093951
|move|p1a: Volcanion|Steam Eruption|p2a: Toxicroak
|-heal|p2a: Toxicroak|100/100|[from] ability: Dry Skin|[of] p1a: Volcanion
|move|p2a: Toxicroak|Toxic|p1a: Volcanion
|-status|p1a: Volcanion|tox
|
|-damage|p1a: Volcanion|95/100 tox|[from] psn
|upkeep
|turn|21
|
|t:|1781093955
|switch|p1a: Hatterene|Hatterene, F|78/100
|move|p2a: Toxicroak|Knock Off|p1a: Hatterene
|-damage|p1a: Hatterene|63/100
|
|upkeep
|turn|22
|
|t:|1781093958
|switch|p2a: Iron Treads|Iron Treads|100/100
|-damage|p2a: Iron Treads|98/100|[from] Stealth Rock
|switch|p1a: Crash Out|Floatzel, M|62/100
|
|-heal|p2a: Iron Treads|100/100|[from] item: Leftovers
|upkeep
|turn|23
|
|t:|1781093961
|-end|p2a: Iron Treads|Quark Drive|[silent]
|switch|p2a: Toxicroak|Toxicroak, F|100/100
|-damage|p2a: Toxicroak|94/100|[from] Stealth Rock
|move|p1a: Crash Out|Wave Crash|p2a: Toxicroak
|-heal|p2a: Toxicroak|100/100|[from] ability: Dry Skin|[of] p1a: Crash Out
|
|upkeep
|turn|24
|
|t:|1781093968
|move|p1a: Crash Out|Wave Crash|p2a: Toxicroak
|-immune|p2a: Toxicroak|[from] ability: Dry Skin
|move|p2a: Toxicroak|Knock Off|p1a: Crash Out
|-damage|p1a: Crash Out|34/100
|
|upkeep
|turn|25
|
|t:|1781093973
|switch|p1a: Toxicroak|Toxicroak, M|85/100
|move|p2a: Toxicroak|Knock Off|p1a: Toxicroak
|-resisted|p1a: Toxicroak
|-damage|p1a: Toxicroak|75/100
|-damage|p2a: Toxicroak|84/100|[from] item: Rocky Helmet|[of] p1a: Toxicroak
|-enditem|p1a: Toxicroak|Rocky Helmet|[from] move: Knock Off|[of] p2a: Toxicroak
|
|upkeep
|turn|26
|
|t:|1781094006
|switch|p2a: Iron Treads|Iron Treads|100/100
|-damage|p2a: Iron Treads|98/100|[from] Stealth Rock
|move|p1a: Toxicroak|Knock Off|p2a: Iron Treads
|-damage|p2a: Iron Treads|81/100
|-enditem|p2a: Iron Treads|Leftovers|[from] move: Knock Off|[of] p1a: Toxicroak
|
|upkeep
|turn|27
|
|t:|1781094008
|move|p2a: Iron Treads|Rapid Spin|p1a: Toxicroak
|-damage|p1a: Toxicroak|63/100
|-boost|p2a: Iron Treads|spe|1
|-sideend|p2: teamskullenoxa|Stealth Rock|[from] move: Rapid Spin|[of] p2a: Iron Treads
|move|p1a: Toxicroak|Encore|p2a: Iron Treads
|-start|p2a: Iron Treads|Encore
|
|upkeep
|turn|28
|
|t:|1781094013
|-end|p2a: Iron Treads|Quark Drive|[silent]
|switch|p2a: Toxicroak|Toxicroak, F|84/100
|move|p1a: Toxicroak|Poison Jab|p2a: Toxicroak
|-resisted|p2a: Toxicroak
|-damage|p2a: Toxicroak|70/100
|-damage|p1a: Toxicroak|47/100|[from] item: Rocky Helmet|[of] p2a: Toxicroak
|
|upkeep
|turn|29
|
|t:|1781094018
|move|p2a: Toxicroak|Knock Off|p1a: Toxicroak
|-resisted|p1a: Toxicroak
|-damage|p1a: Toxicroak|40/100
|move|p1a: Toxicroak|Knock Off|p2a: Toxicroak
|-resisted|p2a: Toxicroak
|-damage|p2a: Toxicroak|60/100
|-damage|p1a: Toxicroak|23/100|[from] item: Rocky Helmet|[of] p2a: Toxicroak
|-enditem|p2a: Toxicroak|Rocky Helmet|[from] move: Knock Off|[of] p1a: Toxicroak
|
|upkeep
|turn|30
|
|t:|1781094023
|switch|p1a: Hatterene|Hatterene, F|63/100
|move|p2a: Toxicroak|Drain Punch|p1a: Hatterene
|-resisted|p1a: Hatterene
|-damage|p1a: Hatterene|57/100
|-heal|p2a: Toxicroak|62/100|[from] drain|[of] p1a: Hatterene
|
|upkeep
|turn|31
|
|t:|1781094026
|switch|p2a: Iron Treads|Iron Treads|81/100
|switch|p1a: Crash Out|Floatzel, M|34/100
|
|upkeep
|turn|32
|
|t:|1781094028
|switch|p1a: Volcanion|Volcanion|95/100 tox
|-end|p2a: Iron Treads|Quark Drive|[silent]
|switch|p2a: Toxicroak|Toxicroak, F|62/100
|
|-damage|p1a: Volcanion|89/100 tox|[from] psn
|upkeep
|turn|33
|
|t:|1781094039
|switch|p2a: Pelipper|Pelipper, F|77/100
|-weather|RainDance|[from] ability: Drizzle|[of] p2a: Pelipper
|move|p1a: Volcanion|Steam Eruption|p2a: Pelipper
|-resisted|p2a: Pelipper
|-damage|p2a: Pelipper|9/100
|
|-weather|RainDance|[upkeep]
|-damage|p1a: Volcanion|77/100 tox|[from] psn
|upkeep
|turn|34
|
|t:|1781094054
|switch|p2a: Toxicroak|Toxicroak, F|62/100
|move|p1a: Volcanion|Steam Eruption|p2a: Toxicroak
|-heal|p2a: Toxicroak|87/100|[from] ability: Dry Skin|[of] p1a: Volcanion
|
|-weather|RainDance|[upkeep]
|-heal|p2a: Toxicroak|99/100|[from] ability: Dry Skin
|-damage|p1a: Volcanion|59/100 tox|[from] psn
|upkeep
|turn|35
|
|t:|1781094060
|switch|p1a: Toxicroak|Toxicroak, M|23/100
|move|p2a: Toxicroak|Drain Punch|p1a: Toxicroak
|-resisted|p1a: Toxicroak
|-damage|p1a: Toxicroak|10/100
|-heal|p2a: Toxicroak|100/100|[from] drain|[of] p1a: Toxicroak
|
|-weather|RainDance|[upkeep]
|-heal|p1a: Toxicroak|23/100|[from] ability: Dry Skin
|upkeep
|turn|36
|
|t:|1781094081
|switch|p2a: Iron Treads|Iron Treads|81/100
|move|p1a: Toxicroak|Drain Punch|p2a: Iron Treads
|-supereffective|p2a: Iron Treads
|-damage|p2a: Iron Treads|36/100
|-heal|p1a: Toxicroak|46/100|[from] drain|[of] p2a: Iron Treads
|
|-weather|RainDance|[upkeep]
|-heal|p1a: Toxicroak|59/100|[from] ability: Dry Skin
|upkeep
|turn|37
|
|t:|1781094085
|switch|p1a: Hatterene|Hatterene, F|57/100
|move|p2a: Iron Treads|Earthquake|p1a: Hatterene
|-damage|p1a: Hatterene|25/100
|
|-weather|none
|upkeep
|turn|38
|
|t:|1781094091
|move|p2a: Iron Treads|Earthquake|p1a: Hatterene
|-damage|p1a: Hatterene|0 fnt
|faint|p1a: Hatterene
|
|upkeep
|
|t:|1781094100
|switch|p1a: Crash Out|Floatzel, M|34/100
|turn|39
|
|t:|1781094112
|-end|p2a: Iron Treads|Quark Drive|[silent]
|switch|p2a: Toxicroak|Toxicroak, F|100/100
|move|p1a: Crash Out|Flip Turn|p2a: Toxicroak
|-immune|p2a: Toxicroak|[from] ability: Dry Skin
|
|upkeep
|turn|40
|-message|jd2sleepy forfeited.
|
|win|teamskullenoxa
|raw|jd2sleepy's rating: 1603 &rarr; <strong>1584</strong><br />(-19 for losing)
|raw|teamskullenoxa's rating: 1616 &rarr; <strong>1635</strong><br />(+19 for winning)
|l|☆jd2sleepy
|player|p1|
|l|☆teamskullenoxa
|player|p2|
