|j|☆Klopple
|j|☆The real kurt tay
|t:|1781341958
|gametype|singles
|player|p1|Klopple|sailor|1574
|player|p2|The real kurt tay|1|1645
|gen|9
|tier|[Gen 9] OU
|rated|
|rule|HP Percentage Mod: HP is shown in percentages
|rule|Endless Battle Clause: Forcing endless battles is banned
|rule|Species Clause: Limit one of each Pokémon
|rule|OHKO Clause: OHKO moves are banned
|rule|Evasion Items Clause: Evasion items are banned
|rule|Evasion Moves Clause: Evasion moves are banned
|rule|Evasion Abilities Clause: Evasion abilities are banned
|rule|Sleep Moves Clause: Sleep-inducing moves are banned
|clearpoke
|poke|p1|Arboliva, M|
|poke|p1|Gliscor, M|
|poke|p1|Iron Crown|
|poke|p1|Zamazenta-*|
|poke|p1|Hatterene, F|
|poke|p1|Dragonite, F|
|poke|p2|Garganacl, M|
|poke|p2|Raging Bolt|
|poke|p2|Gliscor, M|
|poke|p2|Ceruledge, M|
|poke|p2|Gholdengo|
|poke|p2|Samurott-Hisui, F|
|teampreview
|
|t:|1781341979
|teamsize|p1|6
|teamsize|p2|6
|start
|switch|p1a: Arboliva|Arboliva, M|100/100
|switch|p2a: Gliscor|Gliscor, M|100/100
|turn|1
|
|t:|1781341988
|move|p2a: Gliscor|Knock Off|p1a: Arboliva
|-damage|p1a: Arboliva|80/100
|-enditem|p1a: Arboliva|Custap Berry|[from] move: Knock Off|[of] p2a: Gliscor
|move|p1a: Arboliva|Energy Ball|p2a: Gliscor
|-damage|p2a: Gliscor|54/100
|
|-status|p2a: Gliscor|tox|[from] item: Toxic Orb
|upkeep
|turn|2
|
|t:|1781342001
|move|p2a: Gliscor|Protect|p2a: Gliscor
|-singleturn|p2a: Gliscor|Protect
|move|p1a: Arboliva|Energy Ball|p2a: Gliscor
|-activate|p2a: Gliscor|move: Protect
|
|-heal|p2a: Gliscor|67/100 tox|[from] ability: Poison Heal
|upkeep
|turn|3
|
|t:|1781342008
|switch|p2a: Raging Bolt|Raging Bolt|100/100
|move|p1a: Arboliva|Energy Ball|p2a: Raging Bolt
|-resisted|p2a: Raging Bolt
|-damage|p2a: Raging Bolt|87/100
|
|upkeep
|turn|4
|
|t:|1781342017
|move|p2a: Raging Bolt|Dragon Pulse|p1a: Arboliva
|-damage|p1a: Arboliva|38/100
|move|p1a: Arboliva|Earth Power|p2a: Raging Bolt
|-supereffective|p2a: Raging Bolt
|-damage|p2a: Raging Bolt|50/100
|
|upkeep
|turn|5
|
|t:|1781342024
|switch|p1a: Gliscor|Gliscor, M|100/100
|move|p2a: Raging Bolt|Dragon Pulse|p1a: Gliscor
|-damage|p1a: Gliscor|55/100
|
|-status|p1a: Gliscor|tox|[from] item: Toxic Orb
|upkeep
|turn|6
|
|t:|1781342034
|-end|p2a: Raging Bolt|Protosynthesis|[silent]
|switch|p2a: Gliscor|Gliscor, M|67/100 tox
|move|p1a: Gliscor|Stealth Rock|p2a: Gliscor
|-sidestart|p2: The real kurt tay|move: Stealth Rock
|
|-heal|p2a: Gliscor|79/100 tox|[from] ability: Poison Heal
|-heal|p1a: Gliscor|68/100 tox|[from] ability: Poison Heal
|upkeep
|turn|7
|
|t:|1781342039
|switch|p1a: Hatterene|Hatterene, F|100/100
|move|p2a: Gliscor|Swords Dance|p2a: Gliscor
|-boost|p2a: Gliscor|atk|2
|
|-heal|p2a: Gliscor|92/100 tox|[from] ability: Poison Heal
|upkeep
|turn|8
|
|t:|1781342045
|move|p2a: Gliscor|Earthquake|p1a: Hatterene
|-damage|p1a: Hatterene|42/100
|move|p1a: Hatterene|Psychic Noise|p2a: Gliscor
|-damage|p2a: Gliscor|59/100 tox
|-start|p2a: Gliscor|move: Heal Block
|
|upkeep
|turn|9
|
|t:|1781342062
|move|p2a: Gliscor|Earthquake|p1a: Hatterene
|-damage|p1a: Hatterene|0 fnt
|faint|p1a: Hatterene
|
|-end|p2a: Gliscor|move: Heal Block
|upkeep
|
|t:|1781342065
|switch|p1a: Iron Crown|Iron Crown|100/100
|turn|10
|
|t:|1781342073
|move|p2a: Gliscor|Protect|p2a: Gliscor
|-singleturn|p2a: Gliscor|Protect
|move|p1a: Iron Crown|Tachyon Cutter|p2a: Gliscor
|-activate|p2a: Gliscor|move: Protect
|
|-heal|p2a: Gliscor|72/100 tox|[from] ability: Poison Heal
|upkeep
|turn|11
|
|t:|1781342077
|switch|p2a: Samurott|Samurott-Hisui, F|100/100
|-damage|p2a: Samurott|88/100|[from] Stealth Rock
|move|p1a: Iron Crown|Tachyon Cutter|p2a: Samurott
|-resisted|p2a: Samurott
|-damage|p2a: Samurott|69/100
|-resisted|p2a: Samurott
|-damage|p2a: Samurott|50/100
|-hitcount|p2a: Samurott|2
|
|upkeep
|turn|12
|j| sacron10
|
|t:|1781342089
|-end|p1a: Iron Crown|Quark Drive|[silent]
|switch|p1a: Dragonite|Dragonite, F|100/100
|move|p2a: Samurott|Ceaseless Edge|p1a: Dragonite
|-damage|p1a: Dragonite|79/100
|-sidestart|p1: Klopple|Spikes
|
|upkeep
|turn|13
|
|t:|1781342096
|move|p2a: Samurott|Ceaseless Edge|p1a: Dragonite
|-damage|p1a: Dragonite|34/100
|-sidestart|p1: Klopple|Spikes
|move|p1a: Dragonite|Dragon Tail|p2a: Samurott
|-damage|p2a: Samurott|3/100
|drag|p2a: Gliscor|Gliscor, M|72/100 tox
|-damage|p2a: Gliscor|59/100 tox|[from] Stealth Rock
|
|-heal|p2a: Gliscor|72/100 tox|[from] ability: Poison Heal
|upkeep
|turn|14
|
|t:|1781342108
|move|p2a: Gliscor|Knock Off|p1a: Dragonite
|-damage|p1a: Dragonite|14/100
|-enditem|p1a: Dragonite|Heavy-Duty Boots|[from] move: Knock Off|[of] p2a: Gliscor
|move|p1a: Dragonite|Roost|p1a: Dragonite
|-heal|p1a: Dragonite|64/100
|-singleturn|p1a: Dragonite|move: Roost
|
|-heal|p2a: Gliscor|84/100 tox|[from] ability: Poison Heal
|upkeep
|turn|15
|
|t:|1781342117
|switch|p2a: Darius|Garganacl, M|100/100
|-damage|p2a: Darius|88/100|[from] Stealth Rock
|move|p1a: Dragonite|Dragon Tail|p2a: Darius|[miss]
|-miss|p1a: Dragonite|p2a: Darius
|
|-heal|p2a: Darius|94/100|[from] item: Leftovers
|upkeep
|turn|16
|
|t:|1781342127
|move|p2a: Darius|Salt Cure|p1a: Dragonite
|-supereffective|p1a: Dragonite
|-damage|p1a: Dragonite|37/100
|-start|p1a: Dragonite|Salt Cure
|move|p1a: Dragonite|Dragon Tail|p2a: Darius|[miss]
|-miss|p1a: Dragonite|p2a: Darius
|
|-heal|p2a: Darius|100/100|[from] item: Leftovers
|-damage|p1a: Dragonite|25/100|[from] Salt Cure
|upkeep
|turn|17
|
|t:|1781342146
|move|p1a: Dragonite|Roost|p1a: Dragonite
|-heal|p1a: Dragonite|75/100
|-singleturn|p1a: Dragonite|move: Roost
|move|p2a: Darius|Salt Cure|p1a: Dragonite
|-damage|p1a: Dragonite|61/100
|
|-damage|p1a: Dragonite|49/100|[from] Salt Cure
|upkeep
|turn|18
|
|t:|1781342154
|switch|p1a: Arboliva|Arboliva, M|38/100
|-damage|p1a: Arboliva|21/100|[from] Spikes
|move|p2a: Darius|Salt Cure|p1a: Arboliva
|-damage|p1a: Arboliva|8/100
|-start|p1a: Arboliva|Salt Cure
|
|-damage|p1a: Arboliva|0 fnt|[from] Salt Cure
|faint|p1a: Arboliva
|upkeep
|
|t:|1781342165
|switch|p1a: Gliscor|Gliscor, M|68/100 tox
|turn|19
|
|t:|1781342172
|switch|p2a: Gliscor|Gliscor, M|84/100 tox
|-damage|p2a: Gliscor|72/100 tox|[from] Stealth Rock
|move|p1a: Gliscor|Protect||[still]
|-fail|p1a: Gliscor
|
|-heal|p2a: Gliscor|84/100 tox|[from] ability: Poison Heal
|-heal|p1a: Gliscor|80/100 tox|[from] ability: Poison Heal
|upkeep
|turn|20
|
|t:|1781342181
|switch|p1a: Dragonite|Dragonite, F|49/100
|move|p2a: Gliscor|Swords Dance|p2a: Gliscor
|-boost|p2a: Gliscor|atk|2
|
|-heal|p2a: Gliscor|97/100 tox|[from] ability: Poison Heal
|upkeep
|turn|21
|
|t:|1781342189
|move|p2a: Gliscor|Knock Off|p1a: Dragonite
|-damage|p1a: Dragonite|20/100
|move|p1a: Dragonite|Roost|p1a: Dragonite
|-heal|p1a: Dragonite|70/100
|-singleturn|p1a: Dragonite|move: Roost
|
|-heal|p2a: Gliscor|100/100 tox|[from] ability: Poison Heal
|upkeep
|turn|22
|
|t:|1781342194
|move|p2a: Gliscor|Swords Dance|p2a: Gliscor
|-boost|p2a: Gliscor|atk|2
|move|p1a: Dragonite|Dragon Tail|p2a: Gliscor
|-damage|p2a: Gliscor|72/100 tox
|drag|p2a: Raging Bolt|Raging Bolt|50/100
|-damage|p2a: Raging Bolt|38/100|[from] Stealth Rock
|
|upkeep
|turn|23
|
|t:|1781342203
|switch|p1a: Gliscor|Gliscor, M|80/100 tox
|move|p2a: Raging Bolt|Dragon Pulse|p1a: Gliscor
|-crit|p1a: Gliscor
|-damage|p1a: Gliscor|18/100 tox
|
|-heal|p1a: Gliscor|30/100 tox|[from] ability: Poison Heal
|upkeep
|turn|24
|
|t:|1781342209
|move|p1a: Gliscor|Protect|p1a: Gliscor
|-singleturn|p1a: Gliscor|Protect
|move|p2a: Raging Bolt|Dragon Pulse|p1a: Gliscor
|-activate|p1a: Gliscor|move: Protect
|
|-heal|p1a: Gliscor|43/100 tox|[from] ability: Poison Heal
|upkeep
|turn|25
|
|t:|1781342215
|switch|p1a: Iron Crown|Iron Crown|100/100
|-damage|p1a: Iron Crown|84/100|[from] Spikes
|-end|p2a: Raging Bolt|Protosynthesis|[silent]
|switch|p2a: Samurott|Samurott-Hisui, F|3/100
|-damage|p2a: Samurott|0 fnt|[from] Stealth Rock
|faint|p2a: Samurott
|
|upkeep
|
|t:|1781342236
|switch|p2a: Gholdengo|Gholdengo|100/100
|-damage|p2a: Gholdengo|94/100|[from] Stealth Rock
|turn|26
|
|t:|1781342242
|move|p2a: Gholdengo|Shadow Ball|p1a: Iron Crown
|-supereffective|p1a: Iron Crown
|-damage|p1a: Iron Crown|24/100
|-unboost|p1a: Iron Crown|spd|1
|move|p1a: Iron Crown|Volt Switch|p2a: Gholdengo
|-damage|p2a: Gholdengo|66/100
|
|t:|1781342250
|-end|p1a: Iron Crown|Quark Drive|[silent]
|switch|p1a: Gliscor|Gliscor, M|43/100 tox|[from] Volt Switch
|
|-heal|p1a: Gliscor|55/100 tox|[from] ability: Poison Heal
|upkeep
|turn|27
|
|t:|1781342257
|switch|p2a: Gliscor|Gliscor, M|72/100 tox
|-damage|p2a: Gliscor|60/100 tox|[from] Stealth Rock
|move|p1a: Gliscor|Protect||[still]
|-fail|p1a: Gliscor
|
|-heal|p2a: Gliscor|72/100 tox|[from] ability: Poison Heal
|-heal|p1a: Gliscor|68/100 tox|[from] ability: Poison Heal
|upkeep
|turn|28
|
|t:|1781342262
|move|p2a: Gliscor|Swords Dance|p2a: Gliscor
|-boost|p2a: Gliscor|atk|2
|move|p1a: Gliscor|Knock Off|p2a: Gliscor
|-damage|p2a: Gliscor|54/100 tox
|-enditem|p2a: Gliscor|Toxic Orb|[from] move: Knock Off|[of] p1a: Gliscor
|
|-heal|p2a: Gliscor|67/100 tox|[from] ability: Poison Heal
|-heal|p1a: Gliscor|80/100 tox|[from] ability: Poison Heal
|upkeep
|turn|29
|
|t:|1781342268
|switch|p1a: Dragonite|Dragonite, F|70/100
|move|p2a: Gliscor|Knock Off|p1a: Dragonite
|-damage|p1a: Dragonite|43/100
|
|-heal|p2a: Gliscor|79/100 tox|[from] ability: Poison Heal
|upkeep
|turn|30
|
|t:|1781342275
|switch|p2a: Darius|Garganacl, M|100/100
|-damage|p2a: Darius|88/100|[from] Stealth Rock
|move|p1a: Dragonite|Roost|p1a: Dragonite
|-heal|p1a: Dragonite|93/100
|-singleturn|p1a: Dragonite|move: Roost
|
|-heal|p2a: Darius|94/100|[from] item: Leftovers
|upkeep
|turn|31
|
|t:|1781342285
|move|p1a: Dragonite|Earthquake|p2a: Darius
|-supereffective|p2a: Darius
|-damage|p2a: Darius|39/100
|move|p2a: Darius|Stealth Rock|p1a: Dragonite
|-sidestart|p1: Klopple|move: Stealth Rock
|
|-heal|p2a: Darius|45/100|[from] item: Leftovers
|upkeep
|turn|32
|
|t:|1781342297
|-terastallize|p2a: Darius|Fairy
|move|p1a: Dragonite|Earthquake|p2a: Darius
|-damage|p2a: Darius|18/100
|move|p2a: Darius|Recover|p2a: Darius
|-heal|p2a: Darius|68/100
|
|-heal|p2a: Darius|75/100|[from] item: Leftovers
|upkeep
|turn|33
|
|t:|1781342312
|switch|p1a: Gliscor|Gliscor, M|80/100 tox
|-damage|p1a: Gliscor|68/100 tox|[from] Stealth Rock
|move|p2a: Darius|Salt Cure|p1a: Gliscor
|-damage|p1a: Gliscor|58/100 tox
|-start|p1a: Gliscor|Salt Cure
|
|-heal|p2a: Darius|81/100|[from] item: Leftovers
|-heal|p1a: Gliscor|70/100 tox|[from] ability: Poison Heal
|-damage|p1a: Gliscor|58/100 tox|[from] Salt Cure
|upkeep
|turn|34
|
|t:|1781342332
|move|p2a: Darius|Protect|p2a: Darius
|-singleturn|p2a: Darius|Protect
|move|p1a: Gliscor|Knock Off|p2a: Darius
|-activate|p2a: Darius|move: Protect
|
|-heal|p2a: Darius|87/100|[from] item: Leftovers
|-heal|p1a: Gliscor|70/100 tox|[from] ability: Poison Heal
|-damage|p1a: Gliscor|58/100 tox|[from] Salt Cure
|upkeep
|turn|35
|
|t:|1781342353
|switch|p2a: Gliscor|Gliscor, M|79/100 tox
|-damage|p2a: Gliscor|67/100 tox|[from] Stealth Rock
|move|p1a: Gliscor|Knock Off|p2a: Gliscor
|-damage|p2a: Gliscor|55/100 tox
|
|-heal|p2a: Gliscor|67/100 tox|[from] ability: Poison Heal
|-heal|p1a: Gliscor|70/100 tox|[from] ability: Poison Heal
|-damage|p1a: Gliscor|58/100 tox|[from] Salt Cure
|upkeep
|turn|36
|
|t:|1781342363
|switch|p1a: Dragonite|Dragonite, F|93/100
|-damage|p1a: Dragonite|68/100|[from] Stealth Rock
|move|p2a: Gliscor|Swords Dance|p2a: Gliscor
|-boost|p2a: Gliscor|atk|2
|
|-heal|p2a: Gliscor|80/100 tox|[from] ability: Poison Heal
|upkeep
|turn|37
|
|t:|1781342391
|move|p1a: Dragonite|Extreme Speed|p2a: Gliscor
|-damage|p2a: Gliscor|54/100 tox
|move|p2a: Gliscor|Knock Off|p1a: Dragonite
|-crit|p1a: Dragonite
|-damage|p1a: Dragonite|30/100
|
|-heal|p2a: Gliscor|67/100 tox|[from] ability: Poison Heal
|upkeep
|turn|38
|
|t:|1781342399
|move|p2a: Gliscor|Protect|p2a: Gliscor
|-singleturn|p2a: Gliscor|Protect
|move|p1a: Dragonite|Dragon Tail|p2a: Gliscor
|-activate|p2a: Gliscor|move: Protect
|
|-heal|p2a: Gliscor|79/100 tox|[from] ability: Poison Heal
|upkeep
|turn|39
|
|t:|1781342404
|move|p2a: Gliscor|Swords Dance|p2a: Gliscor
|-boost|p2a: Gliscor|atk|2
|move|p1a: Dragonite|Roost|p1a: Dragonite
|-heal|p1a: Dragonite|80/100
|-singleturn|p1a: Dragonite|move: Roost
|
|-heal|p2a: Gliscor|92/100 tox|[from] ability: Poison Heal
|upkeep
|turn|40
|
|t:|1781342407
|move|p2a: Gliscor|Knock Off|p1a: Dragonite
|-damage|p1a: Dragonite|39/100
|move|p1a: Dragonite|Dragon Tail|p2a: Gliscor
|-damage|p2a: Gliscor|62/100 tox
|drag|p2a: Raging Bolt|Raging Bolt|38/100
|-damage|p2a: Raging Bolt|25/100|[from] Stealth Rock
|
|upkeep
|turn|41
|
|t:|1781342417
|-end|p2a: Raging Bolt|Protosynthesis|[silent]
|switch|p2a: Gliscor|Gliscor, M|62/100 tox
|-damage|p2a: Gliscor|50/100 tox|[from] Stealth Rock
|move|p1a: Dragonite|Extreme Speed|p2a: Gliscor
|-damage|p2a: Gliscor|27/100 tox
|
|-heal|p2a: Gliscor|39/100 tox|[from] ability: Poison Heal
|upkeep
|turn|42
|
|t:|1781342425
|move|p2a: Gliscor|Protect|p2a: Gliscor
|-singleturn|p2a: Gliscor|Protect
|move|p1a: Dragonite|Roost|p1a: Dragonite
|-heal|p1a: Dragonite|89/100
|-singleturn|p1a: Dragonite|move: Roost
|
|-heal|p2a: Gliscor|52/100 tox|[from] ability: Poison Heal
|upkeep
|turn|43
|
|t:|1781342431
|switch|p2a: Darius|Garganacl, M, tera:Fairy|87/100
|-damage|p2a: Darius|75/100|[from] Stealth Rock
|move|p1a: Dragonite|Extreme Speed|p2a: Darius
|-damage|p2a: Darius|54/100
|
|-heal|p2a: Darius|60/100|[from] item: Leftovers
|upkeep
|turn|44
|
|t:|1781342439
|move|p1a: Dragonite|Earthquake|p2a: Darius
|-damage|p2a: Darius|32/100
|move|p2a: Darius|Salt Cure|p1a: Dragonite
|-supereffective|p1a: Dragonite
|-damage|p1a: Dragonite|62/100
|-start|p1a: Dragonite|Salt Cure
|
|-heal|p2a: Darius|39/100|[from] item: Leftovers
|-damage|p1a: Dragonite|50/100|[from] Salt Cure
|upkeep
|turn|45
|
|t:|1781342446
|switch|p1a: Iron Crown|Iron Crown|24/100
|-damage|p1a: Iron Crown|7/100|[from] Spikes
|-damage|p1a: Iron Crown|1/100|[from] Stealth Rock
|move|p2a: Darius|Recover|p2a: Darius
|-heal|p2a: Darius|89/100
|
|-heal|p2a: Darius|95/100|[from] item: Leftovers
|upkeep
|turn|46
|
|t:|1781342456
|move|p2a: Darius|Protect|p2a: Darius
|-singleturn|p2a: Darius|Protect
|move|p1a: Iron Crown|Psychic Noise|p2a: Darius
|-activate|p2a: Darius|move: Protect
|
|-heal|p2a: Darius|100/100|[from] item: Leftovers
|upkeep
|turn|47
|
|t:|1781342467
|switch|p2a: Raging Bolt|Raging Bolt|25/100
|-damage|p2a: Raging Bolt|13/100|[from] Stealth Rock
|move|p1a: Iron Crown|Tachyon Cutter|p2a: Raging Bolt
|-resisted|p2a: Raging Bolt
|-damage|p2a: Raging Bolt|5/100
|-resisted|p2a: Raging Bolt
|-damage|p2a: Raging Bolt|0 fnt
|faint|p2a: Raging Bolt
|-end|p2a: Raging Bolt|Protosynthesis|[silent]
|-hitcount|p2: Raging Bolt|2
|
|upkeep
|
|t:|1781342473
|switch|p2a: Gholdengo|Gholdengo|66/100
|-damage|p2a: Gholdengo|60/100|[from] Stealth Rock
|turn|48
|
|t:|1781342479
|move|p2a: Gholdengo|Shadow Ball|p1a: Iron Crown
|-supereffective|p1a: Iron Crown
|-damage|p1a: Iron Crown|0 fnt
|faint|p1a: Iron Crown
|-end|p1a: Iron Crown|Quark Drive|[silent]
|
|upkeep
|
|t:|1781342487
|switch|p1a: Gliscor|Gliscor, M|58/100 tox
|-damage|p1a: Gliscor|45/100 tox|[from] Stealth Rock
|turn|49
|
|t:|1781342496
|switch|p2a: Gliscor|Gliscor, M|52/100 tox
|-damage|p2a: Gliscor|39/100 tox|[from] Stealth Rock
|move|p1a: Gliscor|Knock Off|p2a: Gliscor
|-damage|p2a: Gliscor|28/100 tox
|
|-heal|p2a: Gliscor|40/100 tox|[from] ability: Poison Heal
|-heal|p1a: Gliscor|58/100 tox|[from] ability: Poison Heal
|upkeep
|turn|50
|
|t:|1781342507
|switch|p1a: Zamazenta|Zamazenta|100/100
|-damage|p1a: Zamazenta|84/100|[from] Spikes
|-damage|p1a: Zamazenta|78/100|[from] Stealth Rock
|-ability|p1a: Zamazenta|Dauntless Shield|boost
|-boost|p1a: Zamazenta|def|1
|move|p2a: Gliscor|Swords Dance|p2a: Gliscor
|-boost|p2a: Gliscor|atk|2
|
|-heal|p2a: Gliscor|53/100 tox|[from] ability: Poison Heal
|upkeep
|turn|51
|
|t:|1781342515
|move|p2a: Gliscor|Protect|p2a: Gliscor
|-singleturn|p2a: Gliscor|Protect
|move|p1a: Zamazenta|Ice Fang|p2a: Gliscor
|-activate|p2a: Gliscor|move: Protect
|
|-heal|p2a: Gliscor|65/100 tox|[from] ability: Poison Heal
|upkeep
|turn|52
|
|t:|1781342520
|switch|p2a: Ceruledge|Ceruledge, M|100/100
|-damage|p2a: Ceruledge|76/100|[from] Stealth Rock
|-item|p2a: Ceruledge|Air Balloon
|move|p1a: Zamazenta|Ice Fang|p2a: Ceruledge|[miss]
|-miss|p1a: Zamazenta|p2a: Ceruledge
|
|upkeep
|turn|53
|
|t:|1781342536
|move|p1a: Zamazenta|Stone Edge|p2a: Ceruledge
|-supereffective|p2a: Ceruledge
|-damage|p2a: Ceruledge|0 fnt
|-enditem|p2a: Ceruledge|Air Balloon
|faint|p2a: Ceruledge
|
|upkeep
|
|t:|1781342544
|switch|p2a: Darius|Garganacl, M, tera:Fairy|100/100
|-damage|p2a: Darius|88/100|[from] Stealth Rock
|turn|54
|inactive|Battle timer is ON: inactive players will automatically lose when time's up. (requested by The real kurt tay)
|
|t:|1781342575
|switch|p1a: Gliscor|Gliscor, M|58/100 tox
|-damage|p1a: Gliscor|45/100 tox|[from] Stealth Rock
|move|p2a: Darius|Salt Cure|p1a: Gliscor
|-damage|p1a: Gliscor|35/100 tox
|-start|p1a: Gliscor|Salt Cure
|
|-heal|p2a: Darius|94/100|[from] item: Leftovers
|-heal|p1a: Gliscor|47/100 tox|[from] ability: Poison Heal
|-damage|p1a: Gliscor|35/100 tox|[from] Salt Cure
|upkeep
|turn|55
|
|t:|1781342583
|move|p2a: Darius|Protect|p2a: Darius
|-singleturn|p2a: Darius|Protect
|move|p1a: Gliscor|Knock Off|p2a: Darius
|-activate|p2a: Darius|move: Protect
|
|-heal|p2a: Darius|100/100|[from] item: Leftovers
|-heal|p1a: Gliscor|47/100 tox|[from] ability: Poison Heal
|-damage|p1a: Gliscor|35/100 tox|[from] Salt Cure
|upkeep
|turn|56
|
|t:|1781342589
|switch|p2a: Gliscor|Gliscor, M|65/100 tox
|-damage|p2a: Gliscor|53/100 tox|[from] Stealth Rock
|move|p1a: Gliscor|Knock Off|p2a: Gliscor
|-damage|p2a: Gliscor|41/100 tox
|
|-heal|p2a: Gliscor|54/100 tox|[from] ability: Poison Heal
|-heal|p1a: Gliscor|47/100 tox|[from] ability: Poison Heal
|-damage|p1a: Gliscor|35/100 tox|[from] Salt Cure
|upkeep
|turn|57
|
|t:|1781342598
|switch|p1a: Dragonite|Dragonite, F|50/100
|-damage|p1a: Dragonite|25/100|[from] Stealth Rock
|move|p2a: Gliscor|Knock Off|p1a: Dragonite
|-damage|p1a: Dragonite|12/100
|
|-heal|p2a: Gliscor|66/100 tox|[from] ability: Poison Heal
|upkeep
|turn|58
|
|t:|1781342605
|move|p2a: Gliscor|Knock Off|p1a: Dragonite
|-crit|p1a: Dragonite
|-damage|p1a: Dragonite|0 fnt
|faint|p1a: Dragonite
|
|-heal|p2a: Gliscor|79/100 tox|[from] ability: Poison Heal
|upkeep
|
|t:|1781342609
|switch|p1a: Zamazenta|Zamazenta|78/100
|-damage|p1a: Zamazenta|62/100|[from] Spikes
|-damage|p1a: Zamazenta|56/100|[from] Stealth Rock
|turn|59
|
|t:|1781342622
|move|p2a: Gliscor|Protect|p2a: Gliscor
|-singleturn|p2a: Gliscor|Protect
|move|p1a: Zamazenta|Ice Fang|p2a: Gliscor
|-activate|p2a: Gliscor|move: Protect
|
|-heal|p2a: Gliscor|91/100 tox|[from] ability: Poison Heal
|upkeep
|turn|60
|
|t:|1781342625
|switch|p2a: Darius|Garganacl, M, tera:Fairy|100/100
|-damage|p2a: Darius|88/100|[from] Stealth Rock
|move|p1a: Zamazenta|Ice Fang|p2a: Darius
|-damage|p2a: Darius|71/100
|
|-heal|p2a: Darius|77/100|[from] item: Leftovers
|upkeep
|turn|61
|
|t:|1781342635
|-terastallize|p1a: Zamazenta|Fighting
|move|p1a: Zamazenta|Close Combat|p2a: Darius
|-resisted|p2a: Darius
|-damage|p2a: Darius|49/100
|-unboost|p1a: Zamazenta|def|1
|-unboost|p1a: Zamazenta|spd|1
|move|p2a: Darius|Salt Cure|p1a: Zamazenta
|-resisted|p1a: Zamazenta
|-damage|p1a: Zamazenta|47/100
|-start|p1a: Zamazenta|Salt Cure
|
|-heal|p2a: Darius|55/100|[from] item: Leftovers
|-damage|p1a: Zamazenta|35/100|[from] Salt Cure
|upkeep
|turn|62
|-message|Klopple forfeited.
|
|win|The real kurt tay
|raw|Klopple's rating: 1574 &rarr; <strong>1558</strong><br />(-16 for losing)
|raw|The real kurt tay's rating: 1645 &rarr; <strong>1661</strong><br />(+16 for winning)
|l|☆Klopple
|player|p1|
|l| sacron10
|l|☆The real kurt tay
|player|p2|
