|j|☆icecreamtesting
|j|☆EtnaArmpits
|t:|1781266387
|gametype|singles
|player|p1|icecreamtesting|170|1610
|player|p2|EtnaArmpits|265|1667
|gen|9
|tier|[Gen 9] OU
|rated|
|rule|HP Percentage Mod: HP is shown in percentages
|rule|Endless Battle Clause: Forcing endless battles is banned
|rule|Species Clause: Limit one of each Pokémon
|rule|OHKO Clause: OHKO moves are banned
|rule|Evasion Items Clause: Evasion items are banned
|rule|Evasion Moves Clause: Evasion moves are banned
|rule|Evasion Abilities Clause: Evasion abilities are banned
|rule|Sleep Moves Clause: Sleep-inducing moves are banned
|clearpoke
|poke|p1|Darkrai|
|poke|p1|Dragapult, M|
|poke|p1|Slowking-Galar, M|
|poke|p1|Great Tusk|
|poke|p1|Hoopa-Unbound|
|poke|p1|Skarmory, F|
|poke|p2|Kyurem|
|poke|p2|Deoxys-Speed|
|poke|p2|Iron Valiant|
|poke|p2|Dragonite, M|
|poke|p2|Darkrai|
|poke|p2|Iron Treads|
|teampreview
|inactive|Battle timer is ON: inactive players will automatically lose when time's up. (requested by EtnaArmpits)
|
|t:|1781266394
|teamsize|p1|6
|teamsize|p2|6
|start
|switch|p1a: Hoopa|Hoopa-Unbound|100/100
|switch|p2a: Iron Treads|Iron Treads|100/100
|-enditem|p2a: Iron Treads|Booster Energy
|-activate|p2a: Iron Treads|ability: Quark Drive|[fromitem]
|-start|p2a: Iron Treads|quarkdrivespe
|turn|1
|
|t:|1781266420
|move|p2a: Iron Treads|Stealth Rock|p1a: Hoopa
|-sidestart|p1: icecreamtesting|move: Stealth Rock
|move|p1a: Hoopa|Drain Punch|p2a: Iron Treads
|-supereffective|p2a: Iron Treads
|-damage|p2a: Iron Treads|51/100
|
|upkeep
|turn|2
|
|t:|1781266429
|switch|p1a: Great Tusk|Great Tusk, shiny|100/100
|move|p2a: Iron Treads|Steel Beam|p1a: Great Tusk
|-damage|p1a: Great Tusk|24/100
|-damage|p2a: Iron Treads|0 fnt|[from] steelbeam
|faint|p2a: Iron Treads
|-end|p2a: Iron Treads|Quark Drive|[silent]
|
|upkeep
|
|t:|1781266437
|switch|p2a: Kyurem|Kyurem|100/100
|-ability|p2a: Kyurem|Pressure
|turn|3
|
|t:|1781266441
|-end|p1a: Great Tusk|Protosynthesis|[silent]
|switch|p1a: Hoopa|Hoopa-Unbound|100/100
|-damage|p1a: Hoopa|88/100|[from] Stealth Rock
|move|p2a: Kyurem|Dragon Dance|p2a: Kyurem
|-boost|p2a: Kyurem|atk|1
|-boost|p2a: Kyurem|spe|1
|
|upkeep
|turn|4
|
|t:|1781266446
|switch|p1a: Great Tusk|Great Tusk, shiny|24/100
|-terastallize|p2a: Kyurem|Ice
|move|p2a: Kyurem|Icicle Spear|p1a: Great Tusk
|-supereffective|p1a: Great Tusk
|-damage|p1a: Great Tusk|0 fnt
|faint|p1a: Great Tusk
|-end|p1a: Great Tusk|Protosynthesis|[silent]
|-hitcount|p1: Great Tusk|1
|
|upkeep
|
|t:|1781266449
|switch|p1a: Skarmory|Skarmory, F|100/100
|-damage|p1a: Skarmory|88/100|[from] Stealth Rock
|turn|5
|
|t:|1781266453
|move|p2a: Kyurem|Freeze-Dry|p1a: Skarmory
|-damage|p1a: Skarmory|33/100
|move|p1a: Skarmory|Iron Defense|p1a: Skarmory
|-boost|p1a: Skarmory|def|2
|
|upkeep
|turn|6
|
|t:|1781266456
|move|p2a: Kyurem|Freeze-Dry|p1a: Skarmory
|-damage|p1a: Skarmory|0 fnt
|faint|p1a: Skarmory
|
|upkeep
|
|t:|1781266459
|switch|p1a: Slowking|Slowking-Galar, M|100/100
|turn|7
|
|t:|1781266467
|move|p2a: Kyurem|Icicle Spear|p1a: Slowking
|-damage|p1a: Slowking|70/100
|-damage|p1a: Slowking|39/100
|-damage|p1a: Slowking|8/100
|-damage|p1a: Slowking|0 fnt
|faint|p1a: Slowking
|-hitcount|p1: Slowking|4
|
|upkeep
|-message|icecreamtesting forfeited.
|
|win|EtnaArmpits
|raw|icecreamtesting's rating: 1610 &rarr; <strong>1593</strong><br />(-17 for losing)
|raw|EtnaArmpits's rating: 1667 &rarr; <strong>1684</strong><br />(+17 for winning)
|l|☆icecreamtesting
|player|p1|
|l|☆EtnaArmpits
|player|p2|
