|j|☆firewall1234
|j|☆Gadriel_Khan
|t:|1781512981
|gametype|singles
|player|p1|firewall1234|hugh|1607
|player|p2|Gadriel_Khan|1|1554
|gen|9
|tier|[Gen 9] OU
|rated|
|rule|HP Percentage Mod: HP is shown in percentages
|rule|Endless Battle Clause: Forcing endless battles is banned
|rule|Species Clause: Limit one of each Pokémon
|rule|OHKO Clause: OHKO moves are banned
|rule|Evasion Items Clause: Evasion items are banned
|rule|Evasion Moves Clause: Evasion moves are banned
|rule|Evasion Abilities Clause: Evasion abilities are banned
|rule|Sleep Moves Clause: Sleep-inducing moves are banned
|clearpoke
|poke|p1|Hatterene, F|
|poke|p1|Great Tusk|
|poke|p1|Tornadus-Therian, M|
|poke|p1|Kyurem|
|poke|p1|Slowking-Galar, F|
|poke|p1|Kingambit, F|
|poke|p2|Excadrill, F|
|poke|p2|Tyranitar, F|
|poke|p2|Ogerpon-Wellspring, F|
|poke|p2|Dragapult, F|
|poke|p2|Landorus-Therian, M|
|poke|p2|Hatterene, F|
|teampreview
|
|t:|1781512996
|teamsize|p1|6
|teamsize|p2|6
|start
|switch|p1a: Great Tusk|Great Tusk|100/100
|switch|p2a: Tyranitar|Tyranitar, F|100/100
|-weather|Sandstorm|[from] ability: Sand Stream|[of] p2a: Tyranitar
|turn|1
|inactive|Battle timer is ON: inactive players will automatically lose when time's up. (requested by firewall1234)
|
|t:|1781513004
|switch|p2a: Landorus|Landorus-Therian, M|100/100
|-ability|p2a: Landorus|Intimidate|boost
|-unboost|p1a: Great Tusk|atk|1
|move|p1a: Great Tusk|Stealth Rock|p2a: Landorus
|-sidestart|p2: Gadriel_Khan|move: Stealth Rock
|
|-weather|Sandstorm|[upkeep]
|upkeep
|turn|2
|
|t:|1781513008
|move|p1a: Great Tusk|Ice Spinner|p2a: Landorus
|-supereffective|p2a: Landorus
|-damage|p2a: Landorus|36/100
|-enditem|p2a: Landorus|Eject Button
|
|t:|1781513012
|switch|p2a: Excadrill|Excadrill, F|100/100
|-damage|p2a: Excadrill|97/100|[from] Stealth Rock
|
|-weather|Sandstorm|[upkeep]
|upkeep
|turn|3
|
|t:|1781513019
|move|p2a: Excadrill|Earthquake|p1a: Great Tusk
|-damage|p1a: Great Tusk|33/100
|move|p1a: Great Tusk|Rapid Spin|p2a: Excadrill
|-resisted|p2a: Excadrill
|-damage|p2a: Excadrill|89/100
|-boost|p1a: Great Tusk|spe|1
|
|-weather|Sandstorm|[upkeep]
|upkeep
|turn|4
|
|t:|1781513035
|-end|p1a: Great Tusk|Protosynthesis|[silent]
|switch|p1a: Tornadus|Tornadus-Therian, M|100/100
|move|p2a: Excadrill|Earthquake|p1a: Tornadus
|-immune|p1a: Tornadus
|
|-weather|Sandstorm|[upkeep]
|-damage|p1a: Tornadus|94/100|[from] Sandstorm
|upkeep
|turn|5
|
|t:|1781513040
|switch|p2a: Landorus|Landorus-Therian, M|36/100
|-damage|p2a: Landorus|23/100|[from] Stealth Rock
|-ability|p2a: Landorus|Intimidate|boost
|-unboost|p1a: Tornadus|atk|1
|move|p1a: Tornadus|U-turn|p2a: Landorus
|-resisted|p2a: Landorus
|-damage|p2a: Landorus|19/100
|
|t:|1781513043
|switch|p1a: Great Tusk|Great Tusk|33/100|[from] U-turn
|
|-weather|Sandstorm|[upkeep]
|upkeep
|turn|6
|
|t:|1781513049
|switch|p2a: Hatterene|Hatterene, F|100/100
|-damage|p2a: Hatterene|88/100|[from] Stealth Rock
|move|p1a: Great Tusk|Ice Spinner|p2a: Hatterene
|-damage|p2a: Hatterene|57/100
|
|-weather|Sandstorm|[upkeep]
|-damage|p2a: Hatterene|51/100|[from] Sandstorm
|upkeep
|turn|7
|
|t:|1781513057
|move|p1a: Great Tusk|Stealth Rock|p2a: Hatterene
|move|p2a: Hatterene|Stealth Rock|p1a: Great Tusk|[from] ability: Magic Bounce
|-sidestart|p1: firewall1234|move: Stealth Rock
|move|p2a: Hatterene|Draining Kiss|p1a: Great Tusk
|-supereffective|p1a: Great Tusk
|-damage|p1a: Great Tusk|0 fnt
|-heal|p2a: Hatterene|80/100|[from] drain|[of] p1a: Great Tusk
|-damage|p2a: Hatterene|63/100|[from] item: Rocky Helmet|[of] p1a: Great Tusk
|faint|p1a: Great Tusk
|-end|p1a: Great Tusk|Protosynthesis|[silent]
|
|-weather|Sandstorm|[upkeep]
|-damage|p2a: Hatterene|57/100|[from] Sandstorm
|upkeep
|
|t:|1781513070
|switch|p1a: Slowking|Slowking-Galar, F|100/100
|-damage|p1a: Slowking|88/100|[from] Stealth Rock
|turn|8
|
|t:|1781513075
|move|p2a: Hatterene|Psyshock|p1a: Slowking
|-damage|p1a: Slowking|54/100
|-prepare|p1a: Slowking|Chilly Reception|[premajor]
|move|p1a: Slowking|Chilly Reception|p1a: Slowking
|-weather|Snowscape
|
|t:|1781513079
|switch|p1a: Kyurem|Kyurem|100/100|[from] Chilly Reception
|-damage|p1a: Kyurem|76/100|[from] Stealth Rock
|-ability|p1a: Kyurem|Pressure
|
|-weather|Snowscape|[upkeep]
|upkeep
|turn|9
|
|t:|1781513083
|move|p1a: Kyurem|Earth Power|p2a: Hatterene
|-crit|p2a: Hatterene
|-damage|p2a: Hatterene|12/100
|move|p2a: Hatterene|Draining Kiss|p1a: Kyurem
|-supereffective|p1a: Kyurem
|-crit|p1a: Kyurem
|-damage|p1a: Kyurem|0 fnt
|-heal|p2a: Hatterene|82/100|[from] drain|[of] p1a: Kyurem
|faint|p1a: Kyurem
|
|-weather|Snowscape|[upkeep]
|upkeep
|
|t:|1781513091
|switch|p1a: Slowking|Slowking-Galar, F|87/100
|-damage|p1a: Slowking|75/100|[from] Stealth Rock
|turn|10
|
|t:|1781513100
|move|p2a: Hatterene|Psyshock|p1a: Slowking
|-damage|p1a: Slowking|42/100
|move|p1a: Slowking|Sludge Bomb|p2a: Hatterene
|-supereffective|p2a: Hatterene
|-damage|p2a: Hatterene|38/100
|
|-weather|Snowscape|[upkeep]
|-heal|p1a: Slowking|49/100|[from] item: Black Sludge
|upkeep
|turn|11
|
|t:|1781513106
|move|p2a: Hatterene|Psyshock|p1a: Slowking
|-damage|p1a: Slowking|19/100
|move|p1a: Slowking|Sludge Bomb|p2a: Hatterene
|-supereffective|p2a: Hatterene
|-damage|p2a: Hatterene|0 fnt
|faint|p2a: Hatterene
|
|-weather|Snowscape|[upkeep]
|-heal|p1a: Slowking|25/100|[from] item: Black Sludge
|upkeep
|
|t:|1781513113
|switch|p2a: Landorus|Landorus-Therian, M|19/100
|-damage|p2a: Landorus|7/100|[from] Stealth Rock
|-ability|p2a: Landorus|Intimidate|boost
|-unboost|p1a: Slowking|atk|1
|turn|12
|
|t:|1781513117
|move|p2a: Landorus|Gravity|p2a: Landorus
|-fieldstart|move: Gravity
|-prepare|p1a: Slowking|Chilly Reception|[premajor]
|move|p1a: Slowking|Chilly Reception|p1a: Slowking
|
|t:|1781513126
|switch|p1a: Kingambit|Kingambit, F, shiny|100/100|[from] Chilly Reception
|-damage|p1a: Kingambit|94/100|[from] Stealth Rock
|-activate|p1a: Kingambit|ability: Supreme Overlord
|-start|p1a: Kingambit|fallen2|[silent]
|
|-weather|none
|-heal|p1a: Kingambit|100/100|[from] item: Leftovers
|upkeep
|turn|13
|
|t:|1781513131
|switch|p2a: Tyranitar|Tyranitar, F|100/100
|-damage|p2a: Tyranitar|88/100|[from] Stealth Rock
|-weather|Sandstorm|[from] ability: Sand Stream|[of] p2a: Tyranitar
|-terastallize|p1a: Kingambit|Ghost
|move|p1a: Kingambit|Swords Dance|p1a: Kingambit
|-boost|p1a: Kingambit|atk|2
|
|-weather|Sandstorm|[upkeep]
|-damage|p1a: Kingambit|94/100|[from] Sandstorm
|-heal|p1a: Kingambit|100/100|[from] item: Leftovers
|upkeep
|turn|14
|
|t:|1781513135
|move|p2a: Tyranitar|Thunder Wave|p1a: Kingambit
|-status|p1a: Kingambit|par
|move|p1a: Kingambit|Iron Head|p2a: Tyranitar
|-supereffective|p2a: Tyranitar
|-damage|p2a: Tyranitar|0 fnt
|faint|p2a: Tyranitar
|
|-weather|Sandstorm|[upkeep]
|-damage|p1a: Kingambit|94/100 par|[from] Sandstorm
|-heal|p1a: Kingambit|100/100 par|[from] item: Leftovers
|upkeep
|
|t:|1781513145
|switch|p2a: Excadrill|Excadrill, F|89/100
|-damage|p2a: Excadrill|86/100|[from] Stealth Rock
|turn|15
|
|t:|1781513151
|move|p1a: Kingambit|Sucker Punch|p2a: Excadrill
|-damage|p2a: Excadrill|0 fnt
|faint|p2a: Excadrill
|
|-weather|Sandstorm|[upkeep]
|-damage|p1a: Kingambit|94/100 par|[from] Sandstorm
|-heal|p1a: Kingambit|100/100 par|[from] item: Leftovers
|upkeep
|
|t:|1781513153
|switch|p2a: Landorus|Landorus-Therian, M|7/100
|-damage|p2a: Landorus|0 fnt|[from] Stealth Rock
|faint|p2a: Landorus
|
|t:|1781513156
|switch|p2a: Dragapult|Dragapult, F|100/100
|-damage|p2a: Dragapult|88/100|[from] Stealth Rock
|turn|16
|
|t:|1781513158
|cant|p1a: Kingambit|par
|move|p2a: Dragapult|Hex|p1a: Kingambit
|-supereffective|p1a: Kingambit
|-damage|p1a: Kingambit|8/100 par
|
|-weather|Sandstorm|[upkeep]
|-damage|p2a: Dragapult|82/100|[from] Sandstorm
|-damage|p1a: Kingambit|2/100 par|[from] Sandstorm
|-heal|p2a: Dragapult|88/100|[from] item: Leftovers
|-heal|p1a: Kingambit|8/100 par|[from] item: Leftovers
|-fieldend|move: Gravity
|upkeep
|turn|17
|
|t:|1781513164
|cant|p1a: Kingambit|par
|move|p2a: Dragapult|Will-O-Wisp|p1a: Kingambit|[miss]
|-miss|p2a: Dragapult|p1a: Kingambit
|
|-weather|Sandstorm|[upkeep]
|-damage|p2a: Dragapult|82/100|[from] Sandstorm
|-damage|p1a: Kingambit|2/100 par|[from] Sandstorm
|-heal|p2a: Dragapult|88/100|[from] item: Leftovers
|-heal|p1a: Kingambit|8/100 par|[from] item: Leftovers
|upkeep
|turn|18
|
|t:|1781513171
|move|p1a: Kingambit|Sucker Punch||[still]
|-fail|p1a: Kingambit
|move|p2a: Dragapult|Will-O-Wisp||[still]
|-fail|p2a: Dragapult
|
|-weather|Sandstorm|[upkeep]
|-damage|p2a: Dragapult|82/100|[from] Sandstorm
|-damage|p1a: Kingambit|2/100 par|[from] Sandstorm
|-heal|p2a: Dragapult|88/100|[from] item: Leftovers
|-heal|p1a: Kingambit|8/100 par|[from] item: Leftovers
|upkeep
|turn|19
|
|t:|1781513174
|move|p1a: Kingambit|Sucker Punch|p2a: Dragapult
|-supereffective|p2a: Dragapult
|-crit|p2a: Dragapult
|-damage|p2a: Dragapult|0 fnt
|faint|p2a: Dragapult
|
|-weather|Sandstorm|[upkeep]
|-damage|p1a: Kingambit|2/100 par|[from] Sandstorm
|-heal|p1a: Kingambit|8/100 par|[from] item: Leftovers
|upkeep
|-message|Gadriel_Khan forfeited.
|
|win|firewall1234
|raw|firewall1234's rating: 1607 &rarr; <strong>1624</strong><br />(+17 for winning)
|raw|Gadriel_Khan's rating: 1554 &rarr; <strong>1537</strong><br />(-17 for losing)
|l|☆Gadriel_Khan
|player|p2|
|l|☆firewall1234
|player|p1|
