|badge|p2|bronze|gen9ou|100-9
|uhtml|medal-msg|<div class="broadcast-blue">Curious what those medals under the avatar are? PS now has Ladder Seasons! For more information, check out the <a href="https://www.smogon.com/forums/threads/3740067/">thread on Smogon.</a></div>
|j|☆thebambi1234
|j|☆bingbong441
|t:|1781117761
|gametype|singles
|player|p1|thebambi1234|blackbelt-gen4dp|1718
|player|p2|bingbong441|pokemaniac|1843
|gen|9
|tier|[Gen 9] OU
|rated|
|rule|HP Percentage Mod: HP is shown in percentages
|rule|Endless Battle Clause: Forcing endless battles is banned
|rule|Species Clause: Limit one of each Pokémon
|rule|OHKO Clause: OHKO moves are banned
|rule|Evasion Items Clause: Evasion items are banned
|rule|Evasion Moves Clause: Evasion moves are banned
|rule|Evasion Abilities Clause: Evasion abilities are banned
|rule|Sleep Moves Clause: Sleep-inducing moves are banned
|clearpoke
|poke|p1|Gliscor, M|
|poke|p1|Corviknight, F|
|poke|p1|Dondozo, F|
|poke|p1|Blissey, F|
|poke|p1|Weezing-Galar, M|
|poke|p1|Garganacl, F|
|poke|p2|Rillaboom, M|
|poke|p2|Alomomola, F|
|poke|p2|Cinderace, F|
|poke|p2|Hoopa-Unbound|
|poke|p2|Fezandipiti, M|
|poke|p2|Zamazenta-*|
|teampreview
|inactive|Battle timer is ON: inactive players will automatically lose when time's up. (requested by thebambi1234)
|j| testingrainteam1
|
|t:|1781117778
|teamsize|p1|6
|teamsize|p2|6
|start
|switch|p1a: Garganacl|Garganacl, F, shiny|100/100
|switch|p2a: Hoopa|Hoopa-Unbound|100/100
|turn|1
|
|t:|1781117789
|move|p2a: Hoopa|Knock Off|p1a: Garganacl
|-damage|p1a: Garganacl|69/100
|-enditem|p1a: Garganacl|Leftovers|[from] move: Knock Off|[of] p2a: Hoopa
|move|p1a: Garganacl|Salt Cure|p2a: Hoopa
|-damage|p2a: Hoopa|85/100
|-start|p2a: Hoopa|Salt Cure
|
|-damage|p2a: Hoopa|72/100|[from] Salt Cure
|upkeep
|turn|2
|
|t:|1781117800
|switch|p2a: Rillaboom|Rillaboom, M|100/100
|-fieldstart|move: Grassy Terrain|[from] ability: Grassy Surge|[of] p2a: Rillaboom
|move|p1a: Garganacl|Stealth Rock|p2a: Rillaboom
|-sidestart|p2: bingbong441|move: Stealth Rock
|
|-heal|p1a: Garganacl|75/100|[from] Grassy Terrain
|upkeep
|turn|3
|
|t:|1781117810
|move|p1a: Garganacl|Protect|p1a: Garganacl
|-singleturn|p1a: Garganacl|Protect
|move|p2a: Rillaboom|Knock Off|p1a: Garganacl
|-activate|p1a: Garganacl|move: Protect
|
|-heal|p1a: Garganacl|81/100|[from] Grassy Terrain
|upkeep
|turn|4
|
|t:|1781117826
|switch|p2a: Alomomola|Alomomola, F|100/100
|-damage|p2a: Alomomola|88/100|[from] Stealth Rock
|move|p1a: Garganacl|Salt Cure|p2a: Alomomola
|-damage|p2a: Alomomola|81/100
|-start|p2a: Alomomola|Salt Cure
|
|-heal|p2a: Alomomola|87/100|[from] Grassy Terrain
|-heal|p1a: Garganacl|88/100|[from] Grassy Terrain
|-damage|p2a: Alomomola|62/100|[from] Salt Cure
|upkeep
|turn|5
|
|t:|1781117841
|move|p1a: Garganacl|Protect|p1a: Garganacl
|-singleturn|p1a: Garganacl|Protect
|move|p2a: Alomomola|Flip Turn|p1a: Garganacl
|-activate|p1a: Garganacl|move: Protect
|
|-heal|p2a: Alomomola|68/100|[from] Grassy Terrain
|-heal|p1a: Garganacl|94/100|[from] Grassy Terrain
|-damage|p2a: Alomomola|43/100|[from] Salt Cure
|upkeep
|turn|6
|
|t:|1781117845
|switch|p1a: Weezing|Weezing-Galar, M|100/100
|-ability|p1a: Weezing|Neutralizing Gas
|move|p2a: Alomomola|Flip Turn|p1a: Weezing
|-damage|p1a: Weezing|87/100
|
|t:|1781117860
|switch|p2a: Hoopa|Hoopa-Unbound|72/100|[from] Flip Turn
|-damage|p2a: Hoopa|60/100|[from] Stealth Rock
|
|-heal|p2a: Hoopa|66/100|[from] Grassy Terrain
|-heal|p1a: Weezing|93/100|[from] Grassy Terrain
|-fieldend|move: Grassy Terrain
|upkeep
|turn|7
|j| cachowcapow
|
|t:|1781117875
|-end|p1a: Weezing|ability: Neutralizing Gas
|switch|p1a: Garganacl|Garganacl, F, shiny|94/100
|-terastallize|p2a: Hoopa|Poison
|move|p2a: Hoopa|Psychic Noise|p1a: Garganacl
|-damage|p1a: Garganacl|63/100
|-start|p1a: Garganacl|move: Heal Block
|
|upkeep
|turn|8
|j| Duerky12
|
|t:|1781117884
|move|p2a: Hoopa|Drain Punch|p1a: Garganacl
|-supereffective|p1a: Garganacl
|-damage|p1a: Garganacl|25/100
|-heal|p2a: Hoopa|87/100|[from] drain|[of] p1a: Garganacl
|move|p1a: Garganacl|Salt Cure|p2a: Hoopa
|-damage|p2a: Hoopa|72/100
|-start|p2a: Hoopa|Salt Cure
|
|-damage|p2a: Hoopa|60/100|[from] Salt Cure
|-end|p1a: Garganacl|move: Heal Block
|upkeep
|turn|9
|inactive|bingbong441 has 120 seconds left.
|
|t:|1781117917
|move|p1a: Garganacl|Protect|p1a: Garganacl
|-singleturn|p1a: Garganacl|Protect
|move|p2a: Hoopa|Drain Punch|p1a: Garganacl
|-activate|p1a: Garganacl|move: Protect
|
|-damage|p2a: Hoopa|47/100|[from] Salt Cure
|upkeep
|turn|10
|
|t:|1781117931
|switch|p1a: Corviknight|Corviknight, F|100/100
|-ability|p1a: Corviknight|Pressure
|move|p2a: Hoopa|Knock Off|p1a: Corviknight
|-damage|p1a: Corviknight|70/100
|-damage|p2a: Hoopa|31/100|[from] item: Rocky Helmet|[of] p1a: Corviknight
|-enditem|p1a: Corviknight|Rocky Helmet|[from] move: Knock Off|[of] p2a: Hoopa
|
|-damage|p2a: Hoopa|18/100|[from] Salt Cure
|upkeep
|turn|11
|
|t:|1781117945
|switch|p2a: Alomomola|Alomomola, F|43/100
|-damage|p2a: Alomomola|31/100|[from] Stealth Rock
|move|p1a: Corviknight|Roost|p1a: Corviknight
|-heal|p1a: Corviknight|100/100
|-singleturn|p1a: Corviknight|move: Roost
|
|upkeep
|turn|12
|
|t:|1781117954
|switch|p1a: Weezing|Weezing-Galar, M|93/100
|-ability|p1a: Weezing|Neutralizing Gas
|move|p2a: Alomomola|Wish|p2a: Alomomola
|
|upkeep
|turn|13
|
|t:|1781117970
|move|p2a: Alomomola|Protect|p2a: Alomomola
|-singleturn|p2a: Alomomola|Protect
|move|p1a: Weezing|Will-O-Wisp|p2a: Alomomola
|-activate|p2a: Alomomola|move: Protect
|
|-heal|p2a: Alomomola|81/100|[from] move: Wish|[wisher] Alomomola
|upkeep
|turn|14
|j| rika akana
|
|t:|1781117977
|-end|p1a: Weezing|ability: Neutralizing Gas
|switch|p1a: Gliscor|Gliscor, M, shiny|100/100
|move|p2a: Alomomola|Wish|p2a: Alomomola
|
|-status|p1a: Gliscor|tox|[from] item: Toxic Orb
|upkeep
|turn|15
|l| rika akana
|
|t:|1781117985
|move|p1a: Gliscor|Protect|p1a: Gliscor
|-singleturn|p1a: Gliscor|Protect
|move|p2a: Alomomola|Flip Turn|p1a: Gliscor
|-activate|p1a: Gliscor|move: Protect
|
|-heal|p2a: Alomomola|100/100|[from] move: Wish|[wisher] Alomomola
|upkeep
|turn|16
|
|t:|1781117989
|move|p1a: Gliscor|Knock Off|p2a: Alomomola
|-damage|p2a: Alomomola|87/100
|-damage|p1a: Gliscor|84/100 tox|[from] item: Rocky Helmet|[of] p2a: Alomomola
|-enditem|p2a: Alomomola|Rocky Helmet|[from] move: Knock Off|[of] p1a: Gliscor
|move|p2a: Alomomola|Tickle|p1a: Gliscor
|-unboost|p1a: Gliscor|atk|1
|-unboost|p1a: Gliscor|def|1
|
|-heal|p1a: Gliscor|96/100 tox|[from] ability: Poison Heal
|upkeep
|turn|17
|c|☆thebambi1234|hey dont tickle me
|
|t:|1781118002
|move|p1a: Gliscor|Toxic|p2a: Alomomola
|-status|p2a: Alomomola|tox
|move|p2a: Alomomola|Wish|p2a: Alomomola
|
|-heal|p1a: Gliscor|100/100 tox|[from] ability: Poison Heal
|-damage|p2a: Alomomola|81/100 tox|[from] psn
|upkeep
|turn|18
|
|t:|1781118009
|move|p1a: Gliscor|Protect|p1a: Gliscor
|-singleturn|p1a: Gliscor|Protect
|move|p2a: Alomomola|Flip Turn|p1a: Gliscor
|-activate|p1a: Gliscor|move: Protect
|
|-heal|p2a: Alomomola|100/100 tox|[from] move: Wish|[wisher] Alomomola
|-damage|p2a: Alomomola|88/100 tox|[from] psn
|upkeep
|turn|19
|
|t:|1781118015
|switch|p1a: Garganacl|Garganacl, F, shiny|25/100
|move|p2a: Alomomola|Wish|p2a: Alomomola
|
|-damage|p2a: Alomomola|70/100 tox|[from] psn
|upkeep
|turn|20
|
|t:|1781118026
|switch|p2a: Hoopa|Hoopa-Unbound, tera:Poison|18/100
|-damage|p2a: Hoopa|6/100|[from] Stealth Rock
|move|p1a: Garganacl|Recover|p1a: Garganacl
|-heal|p1a: Garganacl|75/100
|
|-heal|p2a: Hoopa|79/100|[from] move: Wish|[wisher] Alomomola
|upkeep
|turn|21
|
|t:|1781118039
|-terastallize|p1a: Garganacl|Water
|move|p2a: Hoopa|Drain Punch|p1a: Garganacl
|-damage|p1a: Garganacl|58/100
|-heal|p2a: Hoopa|89/100|[from] drain|[of] p1a: Garganacl
|move|p1a: Garganacl|Salt Cure|p2a: Hoopa
|-damage|p2a: Hoopa|72/100
|-start|p2a: Hoopa|Salt Cure
|
|-damage|p2a: Hoopa|60/100|[from] Salt Cure
|upkeep
|turn|22
|l| testingrainteam1
|j| testingrainteam1
|j| rika akana
|l| cachowcapow
|l| testingrainteam1
|j| testingrainteam1
|
|t:|1781118058
|switch|p2a: Cinderace|Cinderace, F|100/100
|move|p1a: Garganacl|Recover|p1a: Garganacl
|-heal|p1a: Garganacl|100/100
|
|upkeep
|turn|23
|
|t:|1781118066
|move|p2a: Cinderace|Court Change|p2a: Cinderace
|-start|p2a: Cinderace|typechange|Normal|[from] ability: Libero
|-swapsideconditions
|-activate|p2a: Cinderace|move: Court Change
|move|p1a: Garganacl|Salt Cure|p2a: Cinderace
|-damage|p2a: Cinderace|80/100
|-start|p2a: Cinderace|Salt Cure
|
|-damage|p2a: Cinderace|68/100|[from] Salt Cure
|upkeep
|turn|24
|l| rika akana
|
|t:|1781118076
|move|p2a: Cinderace|U-turn|p1a: Garganacl
|-damage|p1a: Garganacl|84/100
|inactive|bingbong441 has 120 seconds left.
|
|t:|1781118102
|switch|p2a: Alomomola|Alomomola, F|100/100 tox|[from] U-turn
|move|p1a: Garganacl|Stealth Rock|p2a: Alomomola
|-sidestart|p2: bingbong441|move: Stealth Rock
|
|-damage|p2a: Alomomola|94/100 tox|[from] psn
|upkeep
|turn|25
|
|t:|1781118108
|move|p2a: Alomomola|Wish|p2a: Alomomola
|move|p1a: Garganacl|Salt Cure|p2a: Alomomola
|-damage|p2a: Alomomola|87/100 tox
|-start|p2a: Alomomola|Salt Cure
|
|-damage|p2a: Alomomola|74/100 tox|[from] psn
|-damage|p2a: Alomomola|50/100 tox|[from] Salt Cure
|upkeep
|turn|26
|
|t:|1781118113
|switch|p2a: Hoopa|Hoopa-Unbound, tera:Poison|60/100
|-damage|p2a: Hoopa|47/100|[from] Stealth Rock
|switch|p1a: Weezing|Weezing-Galar, M|93/100
|-ability|p1a: Weezing|Neutralizing Gas
|
|-heal|p2a: Hoopa|100/100|[from] move: Wish|[wisher] Alomomola
|upkeep
|turn|27
|
|t:|1781118134
|-end|p1a: Weezing|ability: Neutralizing Gas
|switch|p1a: Gliscor|Gliscor, M, shiny|100/100 tox
|-damage|p1a: Gliscor|88/100 tox|[from] Stealth Rock
|move|p2a: Hoopa|Thunderbolt|p1a: Gliscor
|-immune|p1a: Gliscor
|
|-heal|p1a: Gliscor|100/100 tox|[from] ability: Poison Heal
|upkeep
|turn|28
|
|t:|1781118146
|move|p1a: Gliscor|Earthquake|p2a: Hoopa
|-supereffective|p2a: Hoopa
|-damage|p2a: Hoopa|29/100
|move|p2a: Hoopa|Knock Off|p1a: Gliscor
|-damage|p1a: Gliscor|68/100 tox
|-enditem|p1a: Gliscor|Toxic Orb|[from] move: Knock Off|[of] p2a: Hoopa
|
|-heal|p1a: Gliscor|80/100 tox|[from] ability: Poison Heal
|upkeep
|turn|29
|
|t:|1781118153
|switch|p2a: Alomomola|Alomomola, F|83/100 tox
|-damage|p2a: Alomomola|71/100 tox|[from] Stealth Rock
|move|p1a: Gliscor|Earthquake|p2a: Alomomola
|-damage|p2a: Alomomola|51/100 tox
|
|-heal|p1a: Gliscor|93/100 tox|[from] ability: Poison Heal
|-damage|p2a: Alomomola|45/100 tox|[from] psn
|upkeep
|turn|30
|
|t:|1781118160
|switch|p1a: Weezing|Weezing-Galar, M|93/100
|-ability|p1a: Weezing|Neutralizing Gas
|move|p2a: Alomomola|Wish|p2a: Alomomola
|
|-damage|p2a: Alomomola|33/100 tox|[from] psn
|upkeep
|turn|31
|
|t:|1781118171
|-end|p1a: Weezing|ability: Neutralizing Gas
|switch|p1a: Gliscor|Gliscor, M, shiny|93/100 tox
|-damage|p1a: Gliscor|80/100 tox|[from] Stealth Rock
|move|p2a: Alomomola|Flip Turn|p1a: Gliscor
|-supereffective|p1a: Gliscor
|-damage|p1a: Gliscor|58/100 tox
|
|t:|1781118179
|switch|p2a: Hoopa|Hoopa-Unbound, tera:Poison|29/100|[from] Flip Turn
|-damage|p2a: Hoopa|17/100|[from] Stealth Rock
|
|-heal|p2a: Hoopa|90/100|[from] move: Wish|[wisher] Alomomola
|-heal|p1a: Gliscor|71/100 tox|[from] ability: Poison Heal
|upkeep
|turn|32
|
|t:|1781118188
|switch|p2a: Rillaboom|Rillaboom, M|100/100
|-damage|p2a: Rillaboom|88/100|[from] Stealth Rock
|-fieldstart|move: Grassy Terrain|[from] ability: Grassy Surge|[of] p2a: Rillaboom
|move|p1a: Gliscor|Protect||[still]
|-fail|p1a: Gliscor
|
|-heal|p2a: Rillaboom|94/100|[from] Grassy Terrain
|-heal|p1a: Gliscor|83/100 tox|[from] ability: Poison Heal
|upkeep
|turn|33
|j| nepturee
|
|t:|1781118199
|move|p1a: Gliscor|Protect|p1a: Gliscor
|-singleturn|p1a: Gliscor|Protect
|move|p2a: Rillaboom|Wood Hammer|p1a: Gliscor
|-activate|p1a: Gliscor|move: Protect
|
|-heal|p2a: Rillaboom|99/100|[from] Grassy Terrain
|-heal|p1a: Gliscor|96/100 tox|[from] ability: Poison Heal
|upkeep
|turn|34
|
|t:|1781118204
|switch|p2a: Cinderace|Cinderace, F|68/100
|switch|p1a: Corviknight|Corviknight, F|100/100
|-damage|p1a: Corviknight|88/100|[from] Stealth Rock
|-ability|p1a: Corviknight|Pressure
|
|-heal|p2a: Cinderace|74/100|[from] Grassy Terrain
|upkeep
|turn|35
|
|t:|1781118215
|switch|p1a: Gliscor|Gliscor, M, shiny|96/100 tox
|-damage|p1a: Gliscor|83/100 tox|[from] Stealth Rock
|move|p2a: Cinderace|U-turn|p1a: Gliscor
|-start|p2a: Cinderace|typechange|Bug|[from] ability: Libero
|-resisted|p1a: Gliscor
|-damage|p1a: Gliscor|72/100 tox
|
|t:|1781118226
|switch|p2a: Rillaboom|Rillaboom, M|99/100|[from] U-turn
|-damage|p2a: Rillaboom|88/100|[from] Stealth Rock
|
|-heal|p2a: Rillaboom|94/100|[from] Grassy Terrain
|-heal|p1a: Gliscor|85/100 tox|[from] ability: Poison Heal
|upkeep
|turn|36
|
|t:|1781118230
|move|p1a: Gliscor|Protect|p1a: Gliscor
|-singleturn|p1a: Gliscor|Protect
|move|p2a: Rillaboom|Wood Hammer|p1a: Gliscor
|-activate|p1a: Gliscor|move: Protect
|
|-heal|p2a: Rillaboom|99/100|[from] Grassy Terrain
|-heal|p1a: Gliscor|97/100 tox|[from] ability: Poison Heal
|-fieldend|move: Grassy Terrain
|upkeep
|turn|37
|
|t:|1781118238
|switch|p2a: Alomomola|Alomomola, F|66/100 tox
|-damage|p2a: Alomomola|54/100 tox|[from] Stealth Rock
|move|p1a: Gliscor|Toxic|p2a: Alomomola
|-fail|p2a: Alomomola|tox
|
|-heal|p1a: Gliscor|100/100 tox|[from] ability: Poison Heal
|-damage|p2a: Alomomola|48/100 tox|[from] psn
|upkeep
|turn|38
|
|t:|1781118253
|switch|p2a: Hoopa|Hoopa-Unbound, tera:Poison|90/100
|-damage|p2a: Hoopa|78/100|[from] Stealth Rock
|move|p1a: Gliscor|Earthquake|p2a: Hoopa
|-supereffective|p2a: Hoopa
|-damage|p2a: Hoopa|0 fnt
|faint|p2a: Hoopa
|
|upkeep
|l| nepturee
|c|☆bingbong441|gg
|-message|bingbong441 forfeited.
|
|win|thebambi1234
|raw|thebambi1234's rating: 1718 &rarr; <strong>1745</strong><br />(+27 for winning)
|raw|bingbong441's rating: 1843 &rarr; <strong>1816</strong><br />(-27 for losing)
|l|☆bingbong441
|player|p2|
|c|☆thebambi1234|ggs
|l|☆thebambi1234
|player|p1|
|l| testingrainteam1
