|j|☆The real kurt tay
|j|☆LowEL0God
|t:|1781435146
|gametype|singles
|player|p1|The real kurt tay|102|1636
|player|p2|LowEL0God|265|1617
|gen|9
|tier|[Gen 9] OU
|rated|
|rule|HP Percentage Mod: HP is shown in percentages
|rule|Endless Battle Clause: Forcing endless battles is banned
|rule|Species Clause: Limit one of each Pokémon
|rule|OHKO Clause: OHKO moves are banned
|rule|Evasion Items Clause: Evasion items are banned
|rule|Evasion Moves Clause: Evasion moves are banned
|rule|Evasion Abilities Clause: Evasion abilities are banned
|rule|Sleep Moves Clause: Sleep-inducing moves are banned
|clearpoke
|poke|p1|Garganacl, M|
|poke|p1|Raging Bolt|
|poke|p1|Gliscor, M|
|poke|p1|Ceruledge, M|
|poke|p1|Gholdengo|
|poke|p1|Samurott-Hisui, F|
|poke|p2|Pelipper, F|
|poke|p2|Raging Bolt|
|poke|p2|Overqwil, F|
|poke|p2|Barraskewda, F|
|poke|p2|Iron Treads|
|poke|p2|Kingambit, F|
|teampreview
|c|☆LowEL0God|hf
|inactive|Battle timer is ON: inactive players will automatically lose when time's up. (requested by LowEL0God)
|
|t:|1781435162
|teamsize|p1|6
|teamsize|p2|6
|start
|switch|p1a: Samurott|Samurott-Hisui, F|100/100
|switch|p2a: Kingambit|Kingambit, F|100/100
|turn|1
|
|t:|1781435167
|move|p1a: Samurott|Ceaseless Edge|p2a: Kingambit
|-resisted|p2a: Kingambit
|-damage|p2a: Kingambit|86/100
|-sidestart|p2: LowEL0God|Spikes
|move|p2a: Kingambit|Swords Dance|p2a: Kingambit
|-boost|p2a: Kingambit|atk|2
|
|-heal|p2a: Kingambit|92/100|[from] item: Leftovers
|upkeep
|turn|2
|
|t:|1781435176
|move|p1a: Samurott|Aqua Cutter|p2a: Kingambit
|-damage|p2a: Kingambit|55/100
|move|p2a: Kingambit|Kowtow Cleave|p1a: Samurott
|-resisted|p1a: Samurott
|-damage|p1a: Samurott|35/100
|
|-heal|p2a: Kingambit|61/100|[from] item: Leftovers
|upkeep
|turn|3
|
|t:|1781435181
|move|p2a: Kingambit|Sucker Punch|p1a: Samurott
|-resisted|p1a: Samurott
|-damage|p1a: Samurott|0 fnt
|faint|p1a: Samurott
|
|-heal|p2a: Kingambit|67/100|[from] item: Leftovers
|upkeep
|
|t:|1781435187
|switch|p1a: Ceruledge|Ceruledge, M|100/100
|-item|p1a: Ceruledge|Air Balloon
|turn|4
|
|t:|1781435188
|-terastallize|p2a: Kingambit|Dark
|move|p1a: Ceruledge|Destiny Bond|p1a: Ceruledge
|-singlemove|p1a: Ceruledge|Destiny Bond
|move|p2a: Kingambit|Kowtow Cleave|p1a: Ceruledge
|-supereffective|p1a: Ceruledge
|-damage|p1a: Ceruledge|0 fnt
|-enditem|p1a: Ceruledge|Air Balloon
|faint|p1a: Ceruledge
|-activate|p1a: Ceruledge|move: Destiny Bond
|faint|p2a: Kingambit
|-end|p2a: Kingambit|fallenundefined|[silent]
|
|upkeep
|
|t:|1781435196
|switch|p1a: Darius|Garganacl, M|100/100
|switch|p2a: Iron Treads|Iron Treads|100/100
|-damage|p2a: Iron Treads|88/100|[from] Spikes
|-enditem|p2a: Iron Treads|Booster Energy
|-activate|p2a: Iron Treads|ability: Quark Drive|[fromitem]
|-start|p2a: Iron Treads|quarkdrivespe
|turn|5
|
|t:|1781435199
|move|p2a: Iron Treads|Earth Power|p1a: Darius
|-supereffective|p1a: Darius
|-damage|p1a: Darius|54/100
|move|p1a: Darius|Salt Cure|p2a: Iron Treads
|-resisted|p2a: Iron Treads
|-crit|p2a: Iron Treads
|-damage|p2a: Iron Treads|83/100
|-start|p2a: Iron Treads|Salt Cure
|
|-heal|p1a: Darius|61/100|[from] item: Leftovers
|-damage|p2a: Iron Treads|58/100|[from] Salt Cure
|upkeep
|turn|6
|
|t:|1781435202
|-end|p2a: Iron Treads|Quark Drive|[silent]
|switch|p2a: Pelipper|Pelipper, F|100/100
|-weather|RainDance|[from] ability: Drizzle|[of] p2a: Pelipper
|move|p1a: Darius|Protect||[still]
|-fail|p1a: Darius
|
|-weather|RainDance|[upkeep]
|-heal|p1a: Darius|67/100|[from] item: Leftovers
|upkeep
|turn|7
|inactive|The real kurt tay has 120 seconds left.
|
|t:|1781435237
|move|p1a: Darius|Protect|p1a: Darius
|-singleturn|p1a: Darius|Protect
|move|p2a: Pelipper|Weather Ball|p1a: Darius
|-activate|p1a: Darius|move: Protect
|
|-weather|RainDance|[upkeep]
|-heal|p1a: Darius|73/100|[from] item: Leftovers
|upkeep
|turn|8
|inactive|The real kurt tay has 120 seconds left.
|
|t:|1781435245
|switch|p1a: Raging Bolt|Raging Bolt|100/100
|move|p2a: Pelipper|Weather Ball|p1a: Raging Bolt
|-resisted|p1a: Raging Bolt
|-damage|p1a: Raging Bolt|85/100
|
|-weather|RainDance|[upkeep]
|upkeep
|turn|9
|
|t:|1781435253
|switch|p2a: Raging Bolt|Raging Bolt|100/100
|-damage|p2a: Raging Bolt|88/100|[from] Spikes
|-enditem|p2a: Raging Bolt|Booster Energy
|-activate|p2a: Raging Bolt|ability: Protosynthesis|[fromitem]
|-start|p2a: Raging Bolt|protosynthesisspa
|move|p1a: Raging Bolt|Dragon Pulse|p2a: Raging Bolt
|-supereffective|p2a: Raging Bolt
|-damage|p2a: Raging Bolt|5/100
|
|-weather|RainDance|[upkeep]
|upkeep
|turn|10
|inactive|The real kurt tay has 120 seconds left.
|
|t:|1781435268
|move|p2a: Raging Bolt|Draco Meteor|p1a: Raging Bolt
|-supereffective|p1a: Raging Bolt
|-damage|p1a: Raging Bolt|0 fnt
|-unboost|p2a: Raging Bolt|spa|2
|faint|p1a: Raging Bolt
|-end|p1a: Raging Bolt|Protosynthesis|[silent]
|
|-weather|RainDance|[upkeep]
|upkeep
|inactive|The real kurt tay has 120 seconds left.
|
|t:|1781435277
|switch|p1a: Darius|Garganacl, M|73/100
|turn|11
|
|t:|1781435279
|move|p2a: Raging Bolt|Weather Ball|p1a: Darius
|-supereffective|p1a: Darius
|-damage|p1a: Darius|21/100
|move|p1a: Darius|Stealth Rock|p2a: Raging Bolt
|-sidestart|p2: LowEL0God|move: Stealth Rock
|
|-weather|RainDance|[upkeep]
|-heal|p1a: Darius|27/100|[from] item: Leftovers
|upkeep
|turn|12
|
|t:|1781435284
|move|p1a: Darius|Protect|p1a: Darius
|-singleturn|p1a: Darius|Protect
|move|p2a: Raging Bolt|Weather Ball|p1a: Darius
|-activate|p1a: Darius|move: Protect
|
|-weather|RainDance|[upkeep]
|-heal|p1a: Darius|33/100|[from] item: Leftovers
|upkeep
|turn|13
|
|t:|1781435299
|move|p2a: Raging Bolt|Weather Ball|p1a: Darius
|-supereffective|p1a: Darius
|-damage|p1a: Darius|0 fnt
|faint|p1a: Darius
|
|-weather|none
|upkeep
|
|t:|1781435301
|switch|p1a: Gliscor|Gliscor, M|100/100
|turn|14
|
|t:|1781435303
|move|p1a: Gliscor|Swords Dance|p1a: Gliscor
|-boost|p1a: Gliscor|atk|2
|move|p2a: Raging Bolt|Draco Meteor|p1a: Gliscor
|-damage|p1a: Gliscor|54/100
|-unboost|p2a: Raging Bolt|spa|2
|
|-status|p1a: Gliscor|tox|[from] item: Toxic Orb
|upkeep
|turn|15
|
|t:|1781435309
|-end|p2a: Raging Bolt|Protosynthesis|[silent]
|switch|p2a: Pelipper|Pelipper, F|100/100
|-damage|p2a: Pelipper|76/100|[from] Stealth Rock
|-weather|RainDance|[from] ability: Drizzle|[of] p2a: Pelipper
|move|p1a: Gliscor|Swords Dance|p1a: Gliscor
|-boost|p1a: Gliscor|atk|2
|
|-weather|RainDance|[upkeep]
|-heal|p1a: Gliscor|67/100 tox|[from] ability: Poison Heal
|upkeep
|turn|16
|
|t:|1781435317
|move|p1a: Gliscor|Protect|p1a: Gliscor
|-singleturn|p1a: Gliscor|Protect
|move|p2a: Pelipper|Weather Ball|p1a: Gliscor
|-activate|p1a: Gliscor|move: Protect
|
|-weather|RainDance|[upkeep]
|-heal|p1a: Gliscor|79/100 tox|[from] ability: Poison Heal
|upkeep
|turn|17
|
|t:|1781435321
|-terastallize|p1a: Gliscor|Water
|move|p1a: Gliscor|Knock Off|p2a: Pelipper
|-damage|p2a: Pelipper|25/100
|-enditem|p2a: Pelipper|Damp Rock|[from] move: Knock Off|[of] p1a: Gliscor
|move|p2a: Pelipper|Weather Ball|p1a: Gliscor
|-resisted|p1a: Gliscor
|-damage|p1a: Gliscor|55/100 tox
|
|-weather|RainDance|[upkeep]
|-heal|p1a: Gliscor|68/100 tox|[from] ability: Poison Heal
|upkeep
|turn|18
|
|t:|1781435329
|switch|p2a: Iron Treads|Iron Treads|58/100
|-damage|p2a: Iron Treads|46/100|[from] Spikes
|-damage|p2a: Iron Treads|43/100|[from] Stealth Rock
|move|p1a: Gliscor|Protect||[still]
|-fail|p1a: Gliscor
|
|-weather|RainDance|[upkeep]
|-heal|p1a: Gliscor|80/100 tox|[from] ability: Poison Heal
|upkeep
|turn|19
|
|t:|1781435335
|move|p1a: Gliscor|Protect|p1a: Gliscor
|-singleturn|p1a: Gliscor|Protect
|move|p2a: Iron Treads|Rapid Spin|p1a: Gliscor
|-activate|p1a: Gliscor|move: Protect
|
|-weather|RainDance|[upkeep]
|-heal|p1a: Gliscor|93/100 tox|[from] ability: Poison Heal
|upkeep
|turn|20
|
|t:|1781435342
|switch|p1a: Gholdengo|Gholdengo|100/100
|move|p2a: Iron Treads|Rapid Spin|p1a: Gholdengo
|-immune|p1a: Gholdengo
|
|-weather|RainDance|[upkeep]
|upkeep
|turn|21
|
|t:|1781435346
|move|p1a: Gholdengo|Shadow Ball|p2a: Iron Treads
|-damage|p2a: Iron Treads|0 fnt
|faint|p2a: Iron Treads
|-end|p2a: Iron Treads|Quark Drive|[silent]
|
|-weather|RainDance|[upkeep]
|upkeep
|
|t:|1781435347
|switch|p2a: Overqwil|Overqwil, F|100/100
|-damage|p2a: Overqwil|88/100|[from] Spikes
|-damage|p2a: Overqwil|76/100|[from] Stealth Rock
|turn|22
|
|t:|1781435351
|move|p2a: Overqwil|Crunch|p1a: Gholdengo
|-supereffective|p1a: Gholdengo
|-damage|p1a: Gholdengo|0 fnt
|faint|p1a: Gholdengo
|-damage|p2a: Overqwil|66/100|[from] item: Life Orb
|
|-weather|none
|upkeep
|
|t:|1781435353
|switch|p1a: Gliscor|Gliscor, M, tera:Water|93/100 tox
|turn|23
|
|t:|1781435363
|move|p2a: Overqwil|Gunk Shot|p1a: Gliscor
|-damage|p1a: Gliscor|27/100 tox
|-damage|p2a: Overqwil|56/100|[from] item: Life Orb
|move|p1a: Gliscor|Earthquake|p2a: Overqwil
|-supereffective|p2a: Overqwil
|-damage|p2a: Overqwil|0 fnt
|faint|p2a: Overqwil
|
|-heal|p1a: Gliscor|40/100 tox|[from] ability: Poison Heal
|upkeep
|
|t:|1781435364
|switch|p2a: Barraskewda|Barraskewda, F|100/100
|-damage|p2a: Barraskewda|88/100|[from] Spikes
|-damage|p2a: Barraskewda|75/100|[from] Stealth Rock
|turn|24
|
|t:|1781435366
|move|p1a: Gliscor|Protect|p1a: Gliscor
|-singleturn|p1a: Gliscor|Protect
|move|p2a: Barraskewda|Close Combat|p1a: Gliscor
|-activate|p1a: Gliscor|move: Protect
|
|-heal|p1a: Gliscor|52/100 tox|[from] ability: Poison Heal
|upkeep
|turn|25
|
|t:|1781435379
|move|p2a: Barraskewda|Close Combat|p1a: Gliscor
|-damage|p1a: Gliscor|0 fnt
|-unboost|p2a: Barraskewda|def|1
|-unboost|p2a: Barraskewda|spd|1
|faint|p1a: Gliscor
|
|win|LowEL0God
|raw|The real kurt tay's rating: 1636 &rarr; <strong>1615</strong><br />(-21 for losing)
|raw|LowEL0God's rating: 1617 &rarr; <strong>1638</strong><br />(+21 for winning)
|l|☆The real kurt tay
|player|p1|
|c|☆LowEL0God|gg
|l|☆LowEL0God
|player|p2|
