|j|☆Ausar489
|j|☆OUZQ Crocodile
|t:|1781353361
|gametype|singles
|player|p1|Ausar489|lucas-gen4pt|1587
|player|p2|OUZQ Crocodile|101|1623
|gen|9
|tier|[Gen 9] OU
|rated|
|rule|HP Percentage Mod: HP is shown in percentages
|rule|Endless Battle Clause: Forcing endless battles is banned
|rule|Species Clause: Limit one of each Pokémon
|rule|OHKO Clause: OHKO moves are banned
|rule|Evasion Items Clause: Evasion items are banned
|rule|Evasion Moves Clause: Evasion moves are banned
|rule|Evasion Abilities Clause: Evasion abilities are banned
|rule|Sleep Moves Clause: Sleep-inducing moves are banned
|clearpoke
|poke|p1|Weezing-Galar, M|
|poke|p1|Alomomola, M|
|poke|p1|Iron Treads|
|poke|p1|Tornadus-Therian, M|
|poke|p1|Zamazenta-*|
|poke|p1|Lokix, M|
|poke|p2|Lokix, F|
|poke|p2|Great Tusk|
|poke|p2|Tornadus-Therian, M|
|poke|p2|Hatterene, F|
|poke|p2|Pecharunt|
|poke|p2|Alomomola, F|
|teampreview
|inactive|Battle timer is ON: inactive players will automatically lose when time's up. (requested by Ausar489)
|inactive|OUZQ Crocodile has 120 seconds left.
|
|t:|1781353395
|teamsize|p1|6
|teamsize|p2|6
|start
|switch|p1a: Alomomola|Alomomola, M|100/100
|switch|p2a: Ryu|Tornadus-Therian, M|100/100
|turn|1
|
|t:|1781353400
|-terastallize|p2a: Ryu|Flying
|move|p2a: Ryu|Bleakwind Storm|p1a: Alomomola
|-damage|p1a: Alomomola|11/100
|-unboost|p1a: Alomomola|spe|1
|move|p1a: Alomomola|Flip Turn|p2a: Ryu
|-damage|p2a: Ryu|76/100
|inactive|Ausar489 has 120 seconds left.
|
|t:|1781353437
|switch|p1a: Lokix|Lokix, M|100/100|[from] Flip Turn
|
|upkeep
|turn|2
|
|t:|1781353448
|switch|p2a: Uro|Great Tusk|100/100
|move|p1a: Lokix|First Impression|p2a: Uro
|-resisted|p2a: Uro
|-damage|p2a: Uro|55/100
|
|upkeep
|turn|3
|
|t:|1781353458
|switch|p1a: Alomomola|Alomomola, M|45/100
|move|p2a: Uro|Head Smash|p1a: Alomomola
|-damage|p1a: Alomomola|15/100
|-damage|p2a: Uro|39/100|[from] item: Rocky Helmet|[of] p1a: Alomomola
|-damage|p2a: Uro|20/100|[from] Recoil
|
|upkeep
|turn|4
|
|t:|1781353478
|-end|p2a: Uro|Protosynthesis|[silent]
|switch|p2a: Alomomola|Alomomola, F|100/100
|move|p1a: Alomomola|Protect||[still]
|-fail|p1a: Alomomola
|
|upkeep
|turn|5
|
|t:|1781353486
|move|p1a: Alomomola|Wish|p1a: Alomomola
|move|p2a: Alomomola|Flip Turn|p1a: Alomomola
|-resisted|p1a: Alomomola
|-damage|p1a: Alomomola|10/100
|-damage|p2a: Alomomola|84/100|[from] item: Rocky Helmet|[of] p1a: Alomomola
|
|t:|1781353492
|switch|p2a: Ryu|Tornadus-Therian, M, tera:Flying|100/100|[from] Flip Turn
|
|upkeep
|turn|6
|j| Yamhard
|
|t:|1781353495
|move|p1a: Alomomola|Protect|p1a: Alomomola
|-singleturn|p1a: Alomomola|Protect
|move|p2a: Ryu|Bleakwind Storm|p1a: Alomomola
|-activate|p1a: Alomomola|move: Protect
|
|-heal|p1a: Alomomola|60/100|[from] move: Wish|[wisher] Alomomola
|upkeep
|turn|7
|
|t:|1781353507
|switch|p1a: Tornadus|Tornadus-Therian, M|100/100
|move|p2a: Ryu|Bleakwind Storm|p1a: Tornadus
|-damage|p1a: Tornadus|33/100
|
|upkeep
|turn|8
|
|t:|1781353524
|move|p2a: Ryu|Bleakwind Storm|p1a: Tornadus
|-damage|p1a: Tornadus|0 fnt
|faint|p1a: Tornadus
|
|upkeep
|
|t:|1781353529
|switch|p1a: Lokix|Lokix, M|100/100
|turn|9
|j| Giga㋛Chandelure-☂
|
|t:|1781353540
|switch|p2a: Pecharunt|Pecharunt|100/100
|move|p1a: Lokix|Knock Off|p2a: Pecharunt
|-supereffective|p2a: Pecharunt
|-damage|p2a: Pecharunt|32/100
|-damage|p1a: Lokix|84/100|[from] item: Rocky Helmet|[of] p2a: Pecharunt
|-enditem|p2a: Pecharunt|Rocky Helmet|[from] move: Knock Off|[of] p1a: Lokix
|
|upkeep
|turn|10
|
|t:|1781353549
|switch|p2a: Alomomola|Alomomola, F|100/100
|move|p1a: Lokix|Knock Off|p2a: Alomomola
|-damage|p2a: Alomomola|46/100
|-enditem|p2a: Alomomola|Assault Vest|[from] move: Knock Off|[of] p1a: Lokix
|
|upkeep
|turn|11
|
|t:|1781353556
|move|p1a: Lokix|Knock Off|p2a: Alomomola
|-damage|p2a: Alomomola|8/100
|move|p2a: Alomomola|Flip Turn|p1a: Lokix
|-damage|p1a: Lokix|60/100
|
|t:|1781353564
|switch|p2a: Yuta|Lokix, F|100/100|[from] Flip Turn
|
|upkeep
|turn|12
|
|t:|1781353568
|switch|p1a: Alomomola|Alomomola, M|94/100
|move|p2a: Yuta|U-turn|p1a: Alomomola
|-damage|p1a: Alomomola|65/100
|-damage|p2a: Yuta|84/100|[from] item: Rocky Helmet|[of] p1a: Alomomola
|
|t:|1781353572
|switch|p2a: Ryu|Tornadus-Therian, M, tera:Flying|100/100|[from] U-turn
|
|upkeep
|turn|13
|
|t:|1781353577
|switch|p1a: Weezing|Weezing-Galar, M|100/100
|-ability|p1a: Weezing|Neutralizing Gas
|move|p2a: Ryu|Bleakwind Storm|p1a: Weezing|[miss]
|-miss|p2a: Ryu|p1a: Weezing
|
|upkeep
|turn|14
|
|t:|1781353585
|move|p2a: Ryu|Bleakwind Storm|p1a: Weezing
|-damage|p1a: Weezing|0 fnt
|faint|p1a: Weezing
|-end|p1a: Weezing|ability: Neutralizing Gas
|
|upkeep
|
|t:|1781353588
|switch|p1a: Zamazenta|Zamazenta|100/100
|-ability|p1a: Zamazenta|Dauntless Shield|boost
|-boost|p1a: Zamazenta|def|1
|turn|15
|
|t:|1781353595
|switch|p2a: Hatterene|Hatterene, F|100/100
|move|p1a: Zamazenta|Stone Edge|p2a: Hatterene|[miss]
|-miss|p1a: Zamazenta|p2a: Hatterene
|
|upkeep
|turn|16
|
|t:|1781353604
|switch|p1a: Iron Treads|Iron Treads|100/100
|switch|p2a: Uro|Great Tusk|20/100
|
|upkeep
|turn|17
|
|t:|1781353610
|-end|p1a: Iron Treads|Quark Drive|[silent]
|switch|p1a: Alomomola|Alomomola, M|98/100
|move|p2a: Uro|Close Combat|p1a: Alomomola
|-damage|p1a: Alomomola|57/100
|-unboost|p2a: Uro|def|1
|-unboost|p2a: Uro|spd|1
|-damage|p2a: Uro|3/100|[from] item: Rocky Helmet|[of] p1a: Alomomola
|
|upkeep
|turn|18
|
|t:|1781353614
|-end|p2a: Uro|Protosynthesis|[silent]
|switch|p2a: Ryu|Tornadus-Therian, M, tera:Flying|100/100
|move|p1a: Alomomola|Wish|p1a: Alomomola
|
|upkeep
|turn|19
|
|t:|1781353622
|move|p1a: Alomomola|Protect|p1a: Alomomola
|-singleturn|p1a: Alomomola|Protect
|move|p2a: Ryu|Bleakwind Storm|p1a: Alomomola
|-activate|p1a: Alomomola|move: Protect
|
|-heal|p1a: Alomomola|100/100|[from] move: Wish|[wisher] Alomomola
|upkeep
|turn|20
|
|t:|1781353627
|move|p2a: Ryu|Bleakwind Storm|p1a: Alomomola
|-damage|p1a: Alomomola|17/100
|move|p1a: Alomomola|Flip Turn|p2a: Ryu
|-damage|p2a: Ryu|77/100
|
|t:|1781353632
|switch|p1a: Lokix|Lokix, M|60/100|[from] Flip Turn
|
|upkeep
|turn|21
|
|t:|1781353645
|switch|p2a: Pecharunt|Pecharunt|32/100
|move|p1a: Lokix|First Impression|p2a: Pecharunt
|-resisted|p2a: Pecharunt
|-damage|p2a: Pecharunt|16/100
|
|upkeep
|turn|22
|
|t:|1781353650
|switch|p1a: Alomomola|Alomomola, M|50/100
|move|p2a: Pecharunt|Recover|p2a: Pecharunt
|-heal|p2a: Pecharunt|66/100
|
|upkeep
|turn|23
|
|t:|1781353653
|move|p2a: Pecharunt|Malignant Chain|p1a: Alomomola
|-damage|p1a: Alomomola|24/100
|-status|p1a: Alomomola|tox
|-start|p1a: Alomomola|confusion|[from] ability: Poison Puppeteer|[of] p2a: Pecharunt
|-activate|p1a: Alomomola|confusion
|-damage|p1a: Alomomola|19/100 tox|[from] confusion
|
|-damage|p1a: Alomomola|13/100 tox|[from] psn
|upkeep
|turn|24
|l| Yamhard
|
|t:|1781353661
|switch|p1a: Iron Treads|Iron Treads|100/100
|move|p2a: Pecharunt|Parting Shot|p1a: Iron Treads
|-unboost|p1a: Iron Treads|atk|1
|-unboost|p1a: Iron Treads|spa|1
|
|t:|1781353668
|switch|p2a: Uro|Great Tusk|3/100|[from] Parting Shot
|
|upkeep
|turn|25
|
|t:|1781353673
|-end|p1a: Iron Treads|Quark Drive|[silent]
|switch|p1a: Alomomola|Alomomola, M|46/100 tox
|move|p2a: Uro|Close Combat|p1a: Alomomola
|-damage|p1a: Alomomola|6/100 tox
|-unboost|p2a: Uro|def|1
|-unboost|p2a: Uro|spd|1
|-damage|p2a: Uro|0 fnt|[from] item: Rocky Helmet|[of] p1a: Alomomola
|faint|p2a: Uro
|-end|p2a: Uro|Protosynthesis|[silent]
|
|-damage|p1a: Alomomola|0 fnt|[from] psn
|faint|p1a: Alomomola
|upkeep
|
|t:|1781353687
|switch|p2a: Hatterene|Hatterene, F|100/100
|switch|p1a: Lokix|Lokix, M|60/100
|turn|26
|
|t:|1781353694
|move|p1a: Lokix|U-turn|p2a: Hatterene
|-damage|p2a: Hatterene|60/100
|
|t:|1781353697
|switch|p1a: Iron Treads|Iron Treads|100/100|[from] U-turn
|move|p2a: Hatterene|Draining Kiss|p1a: Iron Treads
|-resisted|p1a: Iron Treads
|-damage|p1a: Iron Treads|89/100
|-heal|p2a: Hatterene|71/100|[from] drain|[of] p1a: Iron Treads
|
|-heal|p1a: Iron Treads|95/100|[from] item: Leftovers
|-heal|p2a: Hatterene|77/100|[from] item: Leftovers
|upkeep
|turn|27
|
|t:|1781353705
|move|p1a: Iron Treads|Ice Spinner|p2a: Hatterene
|-damage|p2a: Hatterene|57/100
|move|p2a: Hatterene|Pain Split|p1a: Iron Treads
|-sethp|p1a: Iron Treads|72/100|[from] move: Pain Split|[silent]
|-sethp|p2a: Hatterene|82/100|[from] move: Pain Split
|
|-heal|p1a: Iron Treads|79/100|[from] item: Leftovers
|-heal|p2a: Hatterene|88/100|[from] item: Leftovers
|upkeep
|turn|28
|
|t:|1781353717
|move|p1a: Iron Treads|Earthquake|p2a: Hatterene
|-damage|p2a: Hatterene|56/100
|move|p2a: Hatterene|Psychic Noise|p1a: Iron Treads
|-resisted|p1a: Iron Treads
|-damage|p1a: Iron Treads|60/100
|-start|p1a: Iron Treads|move: Heal Block
|
|-heal|p2a: Hatterene|62/100|[from] item: Leftovers
|upkeep
|turn|29
|
|t:|1781353724
|move|p1a: Iron Treads|Earthquake|p2a: Hatterene
|-damage|p2a: Hatterene|26/100
|move|p2a: Hatterene|Psychic Noise|p1a: Iron Treads
|-resisted|p1a: Iron Treads
|-damage|p1a: Iron Treads|42/100
|
|-heal|p2a: Hatterene|32/100|[from] item: Leftovers
|-end|p1a: Iron Treads|move: Heal Block
|upkeep
|turn|30
|
|t:|1781353729
|move|p1a: Iron Treads|Earthquake|p2a: Hatterene
|-damage|p2a: Hatterene|0 fnt
|faint|p2a: Hatterene
|
|-heal|p1a: Iron Treads|48/100|[from] item: Leftovers
|upkeep
|
|t:|1781353731
|switch|p2a: Ryu|Tornadus-Therian, M, tera:Flying|100/100
|turn|31
|
|t:|1781353739
|move|p2a: Ryu|Heat Wave|p1a: Iron Treads
|-supereffective|p1a: Iron Treads
|-damage|p1a: Iron Treads|0 fnt
|faint|p1a: Iron Treads
|-end|p1a: Iron Treads|Quark Drive|[silent]
|
|upkeep
|
|t:|1781353750
|switch|p1a: Lokix|Lokix, M|60/100
|turn|32
|
|t:|1781353757
|switch|p2a: Alomomola|Alomomola, F|42/100
|move|p1a: Lokix|U-turn|p2a: Alomomola
|-damage|p2a: Alomomola|1/100
|
|t:|1781353761
|switch|p1a: Zamazenta|Zamazenta|100/100|[from] U-turn
|
|upkeep
|turn|33
|
|t:|1781353768
|move|p1a: Zamazenta|Crunch|p2a: Alomomola
|-damage|p2a: Alomomola|0 fnt
|faint|p2a: Alomomola
|
|upkeep
|
|t:|1781353773
|switch|p2a: Yuta|Lokix, F|84/100
|turn|34
|
|t:|1781353784
|switch|p1a: Lokix|Lokix, M|60/100
|move|p2a: Yuta|Leech Life|p1a: Lokix
|-supereffective|p1a: Lokix
|-damage|p1a: Lokix|0 fnt
|-heal|p2a: Yuta|100/100|[from] drain|[of] p1a: Lokix
|faint|p1a: Lokix
|
|upkeep
|
|t:|1781353789
|switch|p1a: Zamazenta|Zamazenta|100/100
|turn|35
|
|t:|1781353802
|switch|p2a: Ryu|Tornadus-Therian, M, tera:Flying|100/100
|move|p1a: Zamazenta|Stone Edge|p2a: Ryu
|-supereffective|p2a: Ryu
|-damage|p2a: Ryu|0 fnt
|faint|p2a: Ryu
|
|upkeep
|
|t:|1781353807
|switch|p2a: Pecharunt|Pecharunt|66/100
|turn|36
|
|t:|1781353818
|move|p1a: Zamazenta|Stone Edge|p2a: Pecharunt
|-damage|p2a: Pecharunt|41/100
|move|p2a: Pecharunt|Recover|p2a: Pecharunt
|-heal|p2a: Pecharunt|92/100
|
|upkeep
|turn|37
|-message|Ausar489 forfeited.
|
|win|OUZQ Crocodile
|raw|Ausar489's rating: 1587 &rarr; <strong>1569</strong><br />(-18 for losing)
|raw|OUZQ Crocodile's rating: 1623 &rarr; <strong>1641</strong><br />(+18 for winning)
|l|☆Ausar489
|player|p1|
|l|☆OUZQ Crocodile
|player|p2|
