|j|☆AyushXD
|j|‽Come on mon
|t:|1781075841
|gametype|singles
|player|p1|AyushXD|unknown|1598
|player|p2|Come on mon|galacticgruntf|1682
|gen|9
|tier|[Gen 9] OU
|rated|
|rule|HP Percentage Mod: HP is shown in percentages
|rule|Endless Battle Clause: Forcing endless battles is banned
|rule|Species Clause: Limit one of each Pokémon
|rule|OHKO Clause: OHKO moves are banned
|rule|Evasion Items Clause: Evasion items are banned
|rule|Evasion Moves Clause: Evasion moves are banned
|rule|Evasion Abilities Clause: Evasion abilities are banned
|rule|Sleep Moves Clause: Sleep-inducing moves are banned
|clearpoke
|poke|p1|Slowking-Galar, F|
|poke|p1|Landorus-Therian, M|
|poke|p1|Kyurem|
|poke|p1|Iron Valiant|
|poke|p1|Cinderace, F|
|poke|p1|Kingambit, F|
|poke|p2|Ninetales-Alola, F|
|poke|p2|Klefki, F|
|poke|p2|Maushold-Four|
|poke|p2|Okidogi, M|
|poke|p2|Blaziken, M|
|poke|p2|Latias, F|
|teampreview
|inactive|Battle timer is ON: inactive players will automatically lose when time's up. (requested by Come on mon)
|
|t:|1781075850
|teamsize|p1|6
|teamsize|p2|6
|start
|switch|p1a: Kingambit|Kingambit, F|100/100
|switch|p2a: Klefki|Klefki, F|100/100
|turn|1
|
|t:|1781075854
|move|p2a: Klefki|Reflect|p2a: Klefki
|-sidestart|p2: Come on mon|Reflect
|move|p1a: Kingambit|Swords Dance|p1a: Kingambit
|-boost|p1a: Kingambit|atk|2
|
|upkeep
|turn|2
|
|t:|1781075857
|switch|p2a: Okidogi|Okidogi, M|100/100
|move|p1a: Kingambit|Iron Head|p2a: Okidogi
|-damage|p2a: Okidogi|62/100
|
|-heal|p2a: Okidogi|68/100|[from] item: Leftovers
|upkeep
|turn|3
|
|t:|1781075865
|-end|p1a: Kingambit|fallenundefined|[silent]
|switch|p1a: Landorus|Landorus-Therian, M|100/100
|-ability|p1a: Landorus|Intimidate|boost
|-ability|p2a: Okidogi|Guard Dog|boost
|-boost|p2a: Okidogi|atk|1
|move|p2a: Okidogi|Knock Off|p1a: Landorus
|-damage|p1a: Landorus|48/100
|-damage|p2a: Okidogi|52/100|[from] item: Rocky Helmet|[of] p1a: Landorus
|-enditem|p1a: Landorus|Rocky Helmet|[from] move: Knock Off|[of] p2a: Okidogi
|
|-heal|p2a: Okidogi|58/100|[from] item: Leftovers
|upkeep
|turn|4
|
|t:|1781075875
|switch|p2a: Ninetales|Ninetales-Alola, F|100/100
|-weather|Snowscape|[from] ability: Snow Warning|[of] p2a: Ninetales
|move|p1a: Landorus|Stealth Rock|p2a: Ninetales
|-sidestart|p2: Come on mon|move: Stealth Rock
|
|-weather|Snowscape|[upkeep]
|upkeep
|turn|5
|
|t:|1781075879
|switch|p1a: Slowking|Slowking-Galar, F|100/100
|move|p2a: Ninetales|Aurora Veil|p2a: Ninetales
|-sidestart|p2: Come on mon|move: Aurora Veil
|
|-weather|Snowscape|[upkeep]
|upkeep
|turn|6
|
|t:|1781075886
|switch|p2a: Klefki|Klefki, F|100/100
|-damage|p2a: Klefki|94/100|[from] Stealth Rock
|move|p1a: Slowking|Future Sight|p2a: Klefki
|-start|p1a: Slowking|move: Future Sight
|
|-weather|Snowscape|[upkeep]
|upkeep
|turn|7
|
|t:|1781075891
|switch|p1a: Kingambit|Kingambit, F|100/100
|move|p2a: Klefki|Thunder Wave|p1a: Kingambit
|-hint|Since gen 7, Dark is immune to Prankster moves.
|-immune|p1a: Kingambit
|
|-weather|Snowscape|[upkeep]
|upkeep
|turn|8
|
|t:|1781075895
|move|p2a: Klefki|Spikes|p1a: Kingambit
|-sidestart|p1: AyushXD|Spikes
|move|p1a: Kingambit|Swords Dance|p1a: Kingambit
|-boost|p1a: Kingambit|atk|2
|
|-weather|none
|-end|p2a: Klefki|move: Future Sight
|-resisted|p2a: Klefki
|-damage|p2a: Klefki|81/100
|-sideend|p2: Come on mon|Reflect
|upkeep
|turn|9
|
|t:|1781075900
|switch|p2a: Okidogi|Okidogi, M|58/100
|-damage|p2a: Okidogi|52/100|[from] Stealth Rock
|move|p1a: Kingambit|Swords Dance|p1a: Kingambit
|-boost|p1a: Kingambit|atk|2
|
|-heal|p2a: Okidogi|58/100|[from] item: Leftovers
|upkeep
|turn|10
|
|t:|1781075904
|-terastallize|p1a: Kingambit|Ghost
|move|p2a: Okidogi|Drain Punch|p1a: Kingambit
|-immune|p1a: Kingambit
|move|p1a: Kingambit|Iron Head|p2a: Okidogi
|-damage|p2a: Okidogi|0 fnt
|faint|p2a: Okidogi
|
|upkeep
|
|t:|1781075909
|switch|p2a: Maushold|Maushold-Four|100/100
|-damage|p2a: Maushold|88/100|[from] Stealth Rock
|turn|11
|
|t:|1781075913
|move|p2a: Maushold|Bite|p1a: Kingambit
|-supereffective|p1a: Kingambit
|-damage|p1a: Kingambit|63/100
|move|p1a: Kingambit|Iron Head|p2a: Maushold
|-damage|p2a: Maushold|0 fnt
|faint|p2a: Maushold
|
|-heal|p1a: Kingambit|69/100|[from] item: Leftovers
|upkeep
|
|t:|1781075918
|switch|p2a: Blaziken|Blaziken, M|100/100
|-damage|p2a: Blaziken|88/100|[from] Stealth Rock
|turn|12
|
|t:|1781075922
|move|p2a: Blaziken|Overheat|p1a: Kingambit
|-damage|p1a: Kingambit|7/100
|-unboost|p2a: Blaziken|spa|2
|move|p1a: Kingambit|Kowtow Cleave|p2a: Blaziken
|-resisted|p2a: Blaziken
|-damage|p2a: Blaziken|36/100
|
|-heal|p1a: Kingambit|14/100|[from] item: Leftovers
|-sideend|p2: Come on mon|move: Aurora Veil
|-ability|p2a: Blaziken|Speed Boost|boost
|-boost|p2a: Blaziken|spe|1
|upkeep
|turn|13
|
|t:|1781075927
|move|p1a: Kingambit|Sucker Punch||[still]
|-fail|p1a: Kingambit
|move|p2a: Blaziken|Focus Energy|p2a: Blaziken
|-start|p2a: Blaziken|move: Focus Energy
|
|-heal|p1a: Kingambit|20/100|[from] item: Leftovers
|-ability|p2a: Blaziken|Speed Boost|boost
|-boost|p2a: Blaziken|spe|1
|upkeep
|turn|14
|
|t:|1781075931
|switch|p2a: Ninetales|Ninetales-Alola, F|100/100
|-damage|p2a: Ninetales|76/100|[from] Stealth Rock
|-weather|Snowscape|[from] ability: Snow Warning|[of] p2a: Ninetales
|move|p1a: Kingambit|Sucker Punch||[still]
|-fail|p1a: Kingambit
|
|-weather|Snowscape|[upkeep]
|-heal|p1a: Kingambit|26/100|[from] item: Leftovers
|upkeep
|turn|15
|
|t:|1781075938
|move|p2a: Ninetales|Encore|p1a: Kingambit
|-start|p1a: Kingambit|Encore
|move|p1a: Kingambit|Sucker Punch||[still]
|-fail|p1a: Kingambit
|
|-weather|Snowscape|[upkeep]
|-heal|p1a: Kingambit|32/100|[from] item: Leftovers
|upkeep
|turn|16
|
|t:|1781075945
|-end|p1a: Kingambit|fallenundefined|[silent]
|switch|p1a: Cinderace|Cinderace, F|100/100
|move|p2a: Ninetales|Aurora Veil|p2a: Ninetales
|-sidestart|p2: Come on mon|move: Aurora Veil
|
|-weather|Snowscape|[upkeep]
|upkeep
|turn|17
|
|t:|1781075954
|move|p1a: Cinderace|Court Change|p1a: Cinderace
|-start|p1a: Cinderace|typechange|Normal|[from] ability: Libero
|-swapsideconditions
|-activate|p1a: Cinderace|move: Court Change
|move|p2a: Ninetales|Encore|p1a: Cinderace
|-start|p1a: Cinderace|Encore
|
|-weather|Snowscape|[upkeep]
|upkeep
|turn|18
|
|t:|1781075959
|switch|p1a: Slowking|Slowking-Galar, F|100/100
|move|p2a: Ninetales|Aurora Veil|p2a: Ninetales
|-sidestart|p2: Come on mon|move: Aurora Veil
|
|-weather|none
|upkeep
|turn|19
|
|t:|1781075970
|switch|p2a: Klefki|Klefki, F|81/100
|-damage|p2a: Klefki|68/100|[from] Spikes
|move|p1a: Slowking|Future Sight|p2a: Klefki
|-start|p1a: Slowking|move: Future Sight
|
|upkeep
|turn|20
|
|t:|1781075974
|switch|p1a: Landorus|Landorus-Therian, M|48/100
|-damage|p1a: Landorus|36/100|[from] Stealth Rock
|-ability|p1a: Landorus|Intimidate|boost
|-unboost|p2a: Klefki|atk|1
|move|p2a: Klefki|Spikes|p1a: Landorus
|-sidestart|p1: AyushXD|Spikes
|
|upkeep
|turn|21
|
|t:|1781075978
|move|p2a: Klefki|Spikes|p1a: Landorus
|-sidestart|p1: AyushXD|Spikes
|move|p1a: Landorus|Stealth Rock|p2a: Klefki
|-sidestart|p2: Come on mon|move: Stealth Rock
|
|-end|p2a: Klefki|move: Future Sight
|-resisted|p2a: Klefki
|-damage|p2a: Klefki|55/100
|upkeep
|turn|22
|
|t:|1781075984
|move|p2a: Klefki|Spikes|p1a: Landorus
|-sidestart|p1: AyushXD|Spikes
|move|p1a: Landorus|Taunt|p2a: Klefki
|-start|p2a: Klefki|move: Taunt
|
|upkeep
|turn|23
|
|t:|1781075987
|switch|p2a: Ninetales|Ninetales-Alola, F|76/100
|-damage|p2a: Ninetales|64/100|[from] Spikes
|-damage|p2a: Ninetales|39/100|[from] Stealth Rock
|-weather|Snowscape|[from] ability: Snow Warning|[of] p2a: Ninetales
|move|p1a: Landorus|Earthquake|p2a: Ninetales
|-damage|p2a: Ninetales|20/100
|
|-weather|Snowscape|[upkeep]
|-sideend|p1: AyushXD|move: Aurora Veil
|upkeep
|turn|24
|
|t:|1781075993
|switch|p1a: Slowking|Slowking-Galar, F|100/100
|move|p2a: Ninetales|Freeze-Dry|p1a: Slowking
|-damage|p1a: Slowking|89/100
|
|-weather|Snowscape|[upkeep]
|upkeep
|turn|25
|
|t:|1781075998
|move|p2a: Ninetales|Misty Terrain|p2a: Ninetales
|-fieldstart|move: Misty Terrain
|move|p1a: Slowking|Future Sight|p2a: Ninetales
|-start|p1a: Slowking|move: Future Sight
|
|-weather|Snowscape|[upkeep]
|-sideend|p2: Come on mon|move: Aurora Veil
|upkeep
|turn|26
|
|t:|1781076002
|move|p2a: Ninetales|Aurora Veil|p2a: Ninetales
|-sidestart|p2: Come on mon|move: Aurora Veil
|move|p1a: Slowking|Sludge Bomb|p2a: Ninetales
|-supereffective|p2a: Ninetales
|-damage|p2a: Ninetales|0 fnt
|faint|p2a: Ninetales
|
|-weather|Snowscape|[upkeep]
|upkeep
|
|t:|1781076005
|switch|p2a: Latias|Latias, F|100/100
|-damage|p2a: Latias|88/100|[from] Stealth Rock
|turn|27
|
|t:|1781076010
|-terastallize|p2a: Latias|Steel
|move|p2a: Latias|Agility|p2a: Latias
|-boost|p2a: Latias|spe|2
|move|p1a: Slowking|Toxic|p2a: Latias
|-immune|p2a: Latias
|
|-weather|none
|-end|p2a: Latias|move: Future Sight
|-resisted|p2a: Latias
|-damage|p2a: Latias|79/100
|upkeep
|turn|28
|
|t:|1781076025
|switch|p1a: Cinderace|Cinderace, F|100/100
|move|p2a: Latias|Calm Mind|p2a: Latias
|-boost|p2a: Latias|spa|1
|-boost|p2a: Latias|spd|1
|
|upkeep
|turn|29
|
|t:|1781076031
|move|p2a: Latias|Stored Power|p1a: Cinderace
|-crit|p1a: Cinderace
|-damage|p1a: Cinderace|0 fnt
|faint|p1a: Cinderace
|
|-fieldend|Misty Terrain
|upkeep
|
|t:|1781076037
|switch|p1a: Iron Valiant|Iron Valiant|100/100
|-damage|p1a: Iron Valiant|94/100|[from] Stealth Rock
|-damage|p1a: Iron Valiant|69/100|[from] Spikes
|-enditem|p1a: Iron Valiant|Booster Energy
|-activate|p1a: Iron Valiant|ability: Quark Drive|[fromitem]
|-start|p1a: Iron Valiant|quarkdrivespe
|turn|30
|
|t:|1781076039
|move|p1a: Iron Valiant|Close Combat|p2a: Latias
|-supereffective|p2a: Latias
|-damage|p2a: Latias|26/100
|-unboost|p1a: Iron Valiant|def|1
|-unboost|p1a: Iron Valiant|spd|1
|-enditem|p2a: Latias|Weakness Policy
|-boost|p2a: Latias|atk|2|[from] item: Weakness Policy
|-boost|p2a: Latias|spa|2|[from] item: Weakness Policy
|move|p2a: Latias|Agility|p2a: Latias
|-boost|p2a: Latias|spe|2
|
|upkeep
|turn|31
|
|t:|1781076048
|-end|p1a: Iron Valiant|Quark Drive|[silent]
|switch|p1a: Landorus|Landorus-Therian, M|36/100
|-damage|p1a: Landorus|24/100|[from] Stealth Rock
|-ability|p1a: Landorus|Intimidate|boost
|-unboost|p2a: Latias|atk|1
|move|p2a: Latias|Stored Power|p1a: Landorus
|-damage|p1a: Landorus|0 fnt
|faint|p1a: Landorus
|
|upkeep
|
|t:|1781076051
|switch|p1a: Kingambit|Kingambit, F, tera:Ghost|32/100
|-damage|p1a: Kingambit|20/100|[from] Stealth Rock
|-damage|p1a: Kingambit|0 fnt|[from] Spikes
|faint|p1a: Kingambit
|-end|p1a: Kingambit|fallenundefined|[silent]
|
|t:|1781076057
|switch|p1a: Slowking|Slowking-Galar, F|100/100
|turn|32
|
|t:|1781076060
|move|p2a: Latias|Stored Power|p1a: Slowking
|-damage|p1a: Slowking|0 fnt
|faint|p1a: Slowking
|
|upkeep
|j| qklingying
|-message|AyushXD forfeited.
|
|win|Come on mon
|raw|AyushXD's rating: 1598 &rarr; <strong>1583</strong><br />(-15 for losing)
|raw|Come on mon's rating: 1682 &rarr; <strong>1697</strong><br />(+15 for winning)
|l|☆AyushXD
|player|p1|
|l|‽Come on mon
|player|p2|
