|badge|p2|bronze|gen9ubers|100-9
|uhtml|medal-msg|<div class="broadcast-blue">Curious what those medals under the avatar are? PS now has Ladder Seasons! For more information, check out the <a href="https://www.smogon.com/forums/threads/3740067/">thread on Smogon.</a></div>
|j|‽pokemanpablotest
|j|☆goodnightnite
|t:|1780986660
|gametype|singles
|player|p1|pokemanpablotest|colress|1578
|player|p2|goodnightnite|miku-water|1562
|gen|9
|tier|[Gen 9] OU
|rated|
|rule|HP Percentage Mod: HP is shown in percentages
|rule|Endless Battle Clause: Forcing endless battles is banned
|rule|Species Clause: Limit one of each Pokémon
|rule|OHKO Clause: OHKO moves are banned
|rule|Evasion Items Clause: Evasion items are banned
|rule|Evasion Moves Clause: Evasion moves are banned
|rule|Evasion Abilities Clause: Evasion abilities are banned
|rule|Sleep Moves Clause: Sleep-inducing moves are banned
|clearpoke
|poke|p1|Reuniclus, M|
|poke|p1|Ninetales-Alola, M|
|poke|p1|Torkoal, M|
|poke|p1|Kingambit, M|
|poke|p1|Araquanid, F|
|poke|p1|Ceruledge, F|
|poke|p2|Primarina, M|
|poke|p2|Zamazenta-*|
|poke|p2|Gholdengo|
|poke|p2|Rillaboom, M|
|poke|p2|Glimmora, M|
|poke|p2|Hydreigon, M|
|teampreview
|inactive|Battle timer is ON: inactive players will automatically lose when time's up. (requested by goodnightnite)
|
|t:|1780986665
|teamsize|p1|6
|teamsize|p2|6
|start
|switch|p1a: Reuniclus|Reuniclus, M, shiny|100/100
|switch|p2a: Celestine|Primarina, M, shiny|100/100
|turn|1
|
|t:|1780986688
|move|p2a: Celestine|Whirlpool|p1a: Reuniclus
|-damage|p1a: Reuniclus|84/100
|-activate|p1a: Reuniclus|move: Whirlpool|[of] p2a: Celestine
|move|p1a: Reuniclus|Trick Room|p1a: Reuniclus
|-fieldstart|move: Trick Room|[of] p1a: Reuniclus
|
|upkeep
|turn|2
|
|t:|1780986694
|move|p1a: Reuniclus|Psychic Noise|p2a: Celestine
|-damage|p2a: Celestine|75/100
|-start|p2a: Celestine|move: Heal Block
|move|p2a: Celestine|Moonblast|p1a: Reuniclus
|-damage|p1a: Reuniclus|39/100
|
|upkeep
|turn|3
|
|t:|1780986701
|move|p1a: Reuniclus|Recover|p1a: Reuniclus
|-heal|p1a: Reuniclus|89/100
|move|p2a: Celestine|Moonblast|p1a: Reuniclus
|-damage|p1a: Reuniclus|44/100
|
|-end|p2a: Celestine|move: Heal Block
|upkeep
|turn|4
|
|t:|1780986709
|move|p1a: Reuniclus|Recover|p1a: Reuniclus
|-heal|p1a: Reuniclus|94/100
|move|p2a: Celestine|Moonblast|p1a: Reuniclus
|-damage|p1a: Reuniclus|49/100
|
|upkeep
|turn|5
|
|t:|1780986719
|move|p1a: Reuniclus|Psychic Noise|p2a: Celestine
|-damage|p2a: Celestine|48/100
|-start|p2a: Celestine|move: Heal Block
|move|p2a: Celestine|Moonblast|p1a: Reuniclus
|-damage|p1a: Reuniclus|3/100
|
|-end|p1a: Reuniclus|Whirlpool|[partiallytrapped]
|-fieldend|move: Trick Room
|upkeep
|turn|6
|
|t:|1780986729
|switch|p1a: Araquanid|Araquanid, F, shiny|100/100
|move|p2a: Celestine|Flip Turn|p1a: Araquanid
|-resisted|p1a: Araquanid
|-damage|p1a: Araquanid|93/100
|
|t:|1780986734
|switch|p2a: Hybrid|Hydreigon, M, shiny|100/100|[from] Flip Turn
|
|upkeep
|turn|7
|
|t:|1780986741
|move|p2a: Hybrid|Draco Meteor|p1a: Araquanid
|-damage|p1a: Araquanid|33/100
|-unboost|p2a: Hybrid|spa|2
|move|p1a: Araquanid|Sticky Web|p2a: Hybrid
|-sidestart|p2: goodnightnite|move: Sticky Web
|
|upkeep
|turn|8
|
|t:|1780986752
|switch|p1a: Ninetales|Ninetales-Alola, M, shiny|100/100
|-weather|Snowscape|[from] ability: Snow Warning|[of] p1a: Ninetales
|move|p2a: Hybrid|Draco Meteor|p1a: Ninetales
|-immune|p1a: Ninetales
|
|-weather|Snowscape|[upkeep]
|upkeep
|turn|9
|
|t:|1780986758
|switch|p2a: Bullet|Glimmora, M, shiny|100/100
|-activate|p2a: Bullet|move: Sticky Web
|-unboost|p2a: Bullet|spe|1
|move|p1a: Ninetales|Aurora Veil|p1a: Ninetales
|-sidestart|p1: pokemanpablotest|move: Aurora Veil
|
|-weather|Snowscape|[upkeep]
|upkeep
|turn|10
|
|t:|1780986764
|switch|p1a: Kingambit|Kingambit, M, shiny|100/100
|move|p2a: Bullet|Stealth Rock|p1a: Kingambit
|-sidestart|p1: pokemanpablotest|move: Stealth Rock
|
|-weather|Snowscape|[upkeep]
|upkeep
|turn|11
|
|t:|1780986771
|move|p1a: Kingambit|Swords Dance|p1a: Kingambit
|-boost|p1a: Kingambit|atk|2
|move|p2a: Bullet|Spikes|p1a: Kingambit
|-sidestart|p1: pokemanpablotest|Spikes
|
|-weather|Snowscape|[upkeep]
|upkeep
|turn|12
|
|t:|1780986778
|switch|p2a: Celestine|Primarina, M, shiny|48/100
|-activate|p2a: Celestine|move: Sticky Web
|-unboost|p2a: Celestine|spe|1
|move|p1a: Kingambit|Iron Head|p2a: Celestine
|-damage|p2a: Celestine|0 fnt
|faint|p2a: Celestine
|
|-weather|none
|upkeep
|
|t:|1780986786
|switch|p2a: Spirit Rush|Gholdengo, shiny|100/100
|-activate|p2a: Spirit Rush|move: Sticky Web
|-unboost|p2a: Spirit Rush|spe|1
|turn|13
|
|t:|1780986791
|switch|p2a: Bullet|Glimmora, M, shiny|100/100
|-activate|p2a: Bullet|move: Sticky Web
|-unboost|p2a: Bullet|spe|1
|move|p1a: Kingambit|Kowtow Cleave|p2a: Bullet
|-damage|p2a: Bullet|26/100
|-activate|p2a: Bullet|ability: Toxic Debris
|-sidestart|p1: pokemanpablotest|move: Toxic Spikes
|-enditem|p2a: Bullet|Red Card|[of] p1a: Kingambit
|-end|p1a: Kingambit|fallenundefined|[silent]
|drag|p1a: Reuniclus|Reuniclus, M, shiny|3/100
|-status|p1a: Reuniclus|psn
|
|upkeep
|turn|14
|
|t:|1780986805
|switch|p1a: Kingambit|Kingambit, M, shiny|100/100
|-damage|p1a: Kingambit|94/100|[from] Stealth Rock
|-damage|p1a: Kingambit|82/100|[from] Spikes
|move|p2a: Bullet|Mortal Spin|p1a: Kingambit
|-immune|p1a: Kingambit
|
|upkeep
|turn|15
|
|t:|1780986811
|move|p1a: Kingambit|Iron Head|p2a: Bullet
|-supereffective|p2a: Bullet
|-damage|p2a: Bullet|0 fnt
|-activate|p2a: Bullet|ability: Toxic Debris
|-sidestart|p1: pokemanpablotest|move: Toxic Spikes
|faint|p2a: Bullet
|
|upkeep
|j| turquoiselink
|
|t:|1780986815
|switch|p2a: Hybrid|Hydreigon, M, shiny|100/100
|turn|16
|
|t:|1780986831
|-end|p1a: Kingambit|fallenundefined|[silent]
|switch|p1a: Reuniclus|Reuniclus, M, shiny|3/100 psn
|move|p2a: Hybrid|Earth Power|p1a: Reuniclus
|-damage|p1a: Reuniclus|0 fnt
|faint|p1a: Reuniclus
|
|-sideend|p1: pokemanpablotest|move: Aurora Veil
|upkeep
|j| liechiteladihul
|
|t:|1780986845
|switch|p1a: Ninetales|Ninetales-Alola, M, shiny|100/100
|-damage|p1a: Ninetales|76/100|[from] Stealth Rock
|-damage|p1a: Ninetales|63/100|[from] Spikes
|-status|p1a: Ninetales|tox
|-weather|Snowscape|[from] ability: Snow Warning|[of] p1a: Ninetales
|turn|17
|
|t:|1780986850
|switch|p2a: Spirit Rush|Gholdengo, shiny|100/100
|-activate|p2a: Spirit Rush|move: Sticky Web
|-unboost|p2a: Spirit Rush|spe|1
|move|p1a: Ninetales|Aurora Veil|p1a: Ninetales
|-sidestart|p1: pokemanpablotest|move: Aurora Veil
|
|-weather|Snowscape|[upkeep]
|-damage|p1a: Ninetales|57/100 tox|[from] psn
|upkeep
|turn|18
|l| turquoiselink
|inactive|goodnightnite has 120 seconds left.
|inactive|goodnightnite has 90 seconds left.
|inactive|goodnightnite has 60 seconds left.
|
|t:|1780986948
|switch|p1a: Kingambit|Kingambit, M, shiny|82/100
|-damage|p1a: Kingambit|76/100|[from] Stealth Rock
|-damage|p1a: Kingambit|63/100|[from] Spikes
|-activate|p1a: Kingambit|ability: Supreme Overlord
|-start|p1a: Kingambit|fallen1|[silent]
|move|p2a: Spirit Rush|Make It Rain|p1a: Kingambit
|-resisted|p1a: Kingambit
|-damage|p1a: Kingambit|48/100
|-unboost|p2a: Spirit Rush|spa|1
|
|-weather|Snowscape|[upkeep]
|upkeep
|turn|19
|j| kirbyphoenix25
|
|t:|1780986962
|-end|p1a: Kingambit|fallen1|[silent]
|switch|p1a: Torkoal|Torkoal, M|100/100
|-weather|SunnyDay|[from] ability: Drought|[of] p1a: Torkoal
|switch|p2a: Hybrid|Hydreigon, M, shiny|100/100
|
|-weather|SunnyDay|[upkeep]
|upkeep
|turn|20
|
|t:|1780986970
|move|p2a: Hybrid|Draco Meteor|p1a: Torkoal
|-damage|p1a: Torkoal|43/100
|-unboost|p2a: Hybrid|spa|2
|move|p1a: Torkoal|Stealth Rock|p2a: Hybrid
|-sidestart|p2: goodnightnite|move: Stealth Rock
|
|-weather|SunnyDay|[upkeep]
|upkeep
|turn|21
|
|t:|1780986978
|switch|p2a: Spirit Rush|Gholdengo, shiny|100/100
|-activate|p2a: Spirit Rush|move: Sticky Web
|-unboost|p2a: Spirit Rush|spe|1
|-damage|p2a: Spirit Rush|94/100|[from] Stealth Rock
|move|p1a: Torkoal|Lava Plume|p2a: Spirit Rush
|-supereffective|p2a: Spirit Rush
|-crit|p2a: Spirit Rush
|-damage|p2a: Spirit Rush|8/100
|
|-weather|SunnyDay|[upkeep]
|upkeep
|turn|22
|
|t:|1780986994
|switch|p1a: Kingambit|Kingambit, M, shiny|48/100
|-damage|p1a: Kingambit|42/100|[from] Stealth Rock
|-damage|p1a: Kingambit|29/100|[from] Spikes
|-activate|p1a: Kingambit|ability: Supreme Overlord
|-start|p1a: Kingambit|fallen1|[silent]
|move|p2a: Spirit Rush|Recover|p2a: Spirit Rush
|-heal|p2a: Spirit Rush|58/100
|
|-weather|SunnyDay|[upkeep]
|upkeep
|turn|23
|
|t:|1780987003
|move|p1a: Kingambit|Iron Head|p2a: Spirit Rush
|-resisted|p2a: Spirit Rush
|-damage|p2a: Spirit Rush|36/100
|cant|p2a: Spirit Rush|flinch
|
|-weather|none
|upkeep
|turn|24
|inactive|goodnightnite has 90 seconds left.
|
|t:|1780987010
|move|p1a: Kingambit|Kowtow Cleave|p2a: Spirit Rush
|-supereffective|p2a: Spirit Rush
|-damage|p2a: Spirit Rush|0 fnt
|faint|p2a: Spirit Rush
|
|-sideend|p1: pokemanpablotest|move: Aurora Veil
|upkeep
|
|t:|1780987013
|switch|p2a: Hybrid|Hydreigon, M, shiny|100/100
|-damage|p2a: Hybrid|88/100|[from] Stealth Rock
|turn|25
|
|t:|1780987025
|-end|p1a: Kingambit|fallen1|[silent]
|switch|p1a: Ceruledge|Ceruledge, F, shiny|100/100
|-damage|p1a: Ceruledge|76/100|[from] Stealth Rock
|-item|p1a: Ceruledge|Air Balloon
|move|p2a: Hybrid|Earth Power|p1a: Ceruledge
|-immune|p1a: Ceruledge
|
|upkeep
|turn|26
|
|t:|1780987033
|switch|p2a: Kong|Rillaboom, M, shiny|100/100
|-activate|p2a: Kong|move: Sticky Web
|-unboost|p2a: Kong|spe|1
|-damage|p2a: Kong|88/100|[from] Stealth Rock
|-fieldstart|move: Grassy Terrain|[from] ability: Grassy Surge|[of] p2a: Kong
|switch|p1a: Araquanid|Araquanid, F, shiny|33/100
|-damage|p1a: Araquanid|8/100|[from] Stealth Rock
|-damage|p1a: Araquanid|0 fnt|[from] Spikes
|faint|p1a: Araquanid
|
|-heal|p2a: Kong|94/100|[from] Grassy Terrain
|upkeep
|
|t:|1780987044
|switch|p1a: Torkoal|Torkoal, M|43/100
|-weather|SunnyDay|[from] ability: Drought|[of] p1a: Torkoal
|turn|27
|inactive|goodnightnite has 120 seconds left.
|inactive|goodnightnite has 90 seconds left.
|inactive|goodnightnite has 60 seconds left.
|
|t:|1780987113
|move|p2a: Kong|High Horsepower|p1a: Torkoal
|-supereffective|p1a: Torkoal
|-damage|p1a: Torkoal|0 fnt
|faint|p1a: Torkoal
|-damage|p2a: Kong|84/100|[from] item: Life Orb
|
|-weather|SunnyDay|[upkeep]
|-heal|p2a: Kong|91/100|[from] Grassy Terrain
|upkeep
|
|t:|1780987128
|switch|p1a: Kingambit|Kingambit, M, shiny|29/100
|-damage|p1a: Kingambit|23/100|[from] Stealth Rock
|-damage|p1a: Kingambit|11/100|[from] Spikes
|-activate|p1a: Kingambit|ability: Supreme Overlord
|-start|p1a: Kingambit|fallen3|[silent]
|turn|28
|
|t:|1780987132
|move|p1a: Kingambit|Sucker Punch|p2a: Kong
|-crit|p2a: Kong
|-damage|p2a: Kong|7/100
|move|p2a: Kong|Grassy Glide|p1a: Kingambit
|-resisted|p1a: Kingambit
|-damage|p1a: Kingambit|0 fnt
|faint|p1a: Kingambit
|-end|p1a: Kingambit|fallen3|[silent]
|-damage|p2a: Kong|0 fnt|[from] item: Life Orb
|faint|p2a: Kong
|
|-weather|SunnyDay|[upkeep]
|upkeep
|
|t:|1780987147
|switch|p2a: Trojan|Zamazenta, shiny|100/100
|switch|p1a: Ceruledge|Ceruledge, F, shiny|76/100
|-activate|p2a: Trojan|move: Sticky Web
|-unboost|p2a: Trojan|spe|1
|-damage|p2a: Trojan|94/100|[from] Stealth Rock
|-ability|p2a: Trojan|Dauntless Shield|boost
|-boost|p2a: Trojan|def|1
|-damage|p1a: Ceruledge|51/100|[from] Stealth Rock
|-item|p1a: Ceruledge|Air Balloon
|turn|29
|
|t:|1780987158
|move|p1a: Ceruledge|Bitter Blade|p2a: Trojan
|-damage|p2a: Trojan|58/100
|-heal|p1a: Ceruledge|74/100|[from] drain|[of] p2a: Trojan
|move|p2a: Trojan|Iron Defense|p2a: Trojan
|-boost|p2a: Trojan|def|2
|
|-weather|SunnyDay|[upkeep]
|-heal|p2a: Trojan|65/100|[from] Grassy Terrain
|-heal|p2a: Trojan|71/100|[from] item: Leftovers
|upkeep
|turn|30
|
|t:|1780987164
|move|p1a: Ceruledge|Bitter Blade|p2a: Trojan
|-damage|p2a: Trojan|46/100
|-heal|p1a: Ceruledge|90/100|[from] drain|[of] p2a: Trojan
|move|p2a: Trojan|Iron Defense|p2a: Trojan
|-boost|p2a: Trojan|def|2
|
|-weather|SunnyDay|[upkeep]
|-heal|p2a: Trojan|52/100|[from] Grassy Terrain
|-heal|p2a: Trojan|58/100|[from] item: Leftovers
|-fieldend|move: Grassy Terrain
|upkeep
|turn|31
|
|t:|1780987171
|move|p1a: Ceruledge|Bitter Blade|p2a: Trojan
|-damage|p2a: Trojan|41/100
|-heal|p1a: Ceruledge|100/100|[from] drain|[of] p2a: Trojan
|move|p2a: Trojan|Crunch|p1a: Ceruledge
|-supereffective|p1a: Ceruledge
|-crit|p1a: Ceruledge
|-damage|p1a: Ceruledge|15/100
|-enditem|p1a: Ceruledge|Air Balloon
|
|-weather|none
|-heal|p2a: Trojan|47/100|[from] item: Leftovers
|upkeep
|turn|32
|inactive|goodnightnite has 90 seconds left.
|
|t:|1780987182
|move|p1a: Ceruledge|Bitter Blade|p2a: Trojan
|-damage|p2a: Trojan|36/100
|-heal|p1a: Ceruledge|22/100|[from] drain|[of] p2a: Trojan
|move|p2a: Trojan|Crunch|p1a: Ceruledge
|-supereffective|p1a: Ceruledge
|-damage|p1a: Ceruledge|0 fnt
|faint|p1a: Ceruledge
|
|-heal|p2a: Trojan|42/100|[from] item: Leftovers
|upkeep
|
|t:|1780987186
|switch|p1a: Ninetales|Ninetales-Alola, M, shiny|57/100 tox
|-damage|p1a: Ninetales|32/100 tox|[from] Stealth Rock
|-damage|p1a: Ninetales|20/100 tox|[from] Spikes
|-weather|Snowscape|[from] ability: Snow Warning|[of] p1a: Ninetales
|turn|33
|l| kirbyphoenix25
|inactive|goodnightnite has 90 seconds left.
|inactive|goodnightnite has 60 seconds left.
|j| kirbyphoenix25
|
|t:|1780987255
|-terastallize|p2a: Trojan|Electric
|move|p1a: Ninetales|Moonblast|p2a: Trojan
|-damage|p2a: Trojan|20/100
|move|p2a: Trojan|Body Press|p1a: Ninetales
|-damage|p1a: Ninetales|0 fnt
|faint|p1a: Ninetales
|
|win|goodnightnite
|raw|pokemanpablotest's rating: 1578 &rarr; <strong>1557</strong><br />(-21 for losing)
|raw|goodnightnite's rating: 1562 &rarr; <strong>1583</strong><br />(+21 for winning)
|l|☆goodnightnite
|player|p2|
|l| kirbyphoenix25
|l| liechiteladihul
