|j|☆Migstaper
|j|☆LowEL0God
|t:|1781537281
|gametype|singles
|player|p1|Migstaper|ltsurge|1662
|player|p2|LowEL0God|265|1619
|gen|9
|tier|[Gen 9] OU
|rated|
|rule|HP Percentage Mod: HP is shown in percentages
|rule|Endless Battle Clause: Forcing endless battles is banned
|rule|Species Clause: Limit one of each Pokémon
|rule|OHKO Clause: OHKO moves are banned
|rule|Evasion Items Clause: Evasion items are banned
|rule|Evasion Moves Clause: Evasion moves are banned
|rule|Evasion Abilities Clause: Evasion abilities are banned
|rule|Sleep Moves Clause: Sleep-inducing moves are banned
|clearpoke
|poke|p1|Darkrai|
|poke|p1|Enamorus, F|
|poke|p1|Dragapult, M|
|poke|p1|Dragonite, M|
|poke|p1|Great Tusk|
|poke|p1|Kingambit, M|
|poke|p2|Pelipper, M|
|poke|p2|Raging Bolt|
|poke|p2|Overqwil, M|
|poke|p2|Barraskewda, M|
|poke|p2|Iron Treads|
|poke|p2|Kingambit, F|
|teampreview
|c|☆LowEL0God|hf
|inactive|Battle timer is ON: inactive players will automatically lose when time's up. (requested by LowEL0God)
|
|t:|1781537297
|teamsize|p1|6
|teamsize|p2|6
|start
|switch|p1a: Read the Bible|Enamorus, F, shiny|100/100
|switch|p2a: Kingambit|Kingambit, F|100/100
|turn|1
|
|t:|1781537304
|move|p1a: Read the Bible|Superpower|p2a: Kingambit
|-supereffective|p2a: Kingambit
|-damage|p2a: Kingambit|2/100
|-boost|p1a: Read the Bible|atk|1
|-boost|p1a: Read the Bible|def|1
|-damage|p1a: Read the Bible|91/100|[from] item: Life Orb
|move|p2a: Kingambit|Iron Head|p1a: Read the Bible
|-supereffective|p1a: Read the Bible
|-crit|p1a: Read the Bible
|-damage|p1a: Read the Bible|0 fnt
|faint|p1a: Read the Bible
|
|-heal|p2a: Kingambit|8/100|[from] item: Leftovers
|upkeep
|
|t:|1781537322
|switch|p1a: Paul|Dragonite, M, shiny|100/100
|turn|2
|
|t:|1781537326
|-end|p2a: Kingambit|fallenundefined|[silent]
|switch|p2a: Pelipper|Pelipper, M|100/100
|-weather|RainDance|[from] ability: Drizzle|[of] p2a: Pelipper
|move|p1a: Paul|Extreme Speed|p2a: Pelipper
|-damage|p2a: Pelipper|74/100
|
|-weather|RainDance|[upkeep]
|upkeep
|turn|3
|
|t:|1781537335
|switch|p2a: Raging Bolt|Raging Bolt|100/100
|-enditem|p2a: Raging Bolt|Booster Energy
|-activate|p2a: Raging Bolt|ability: Protosynthesis|[fromitem]
|-start|p2a: Raging Bolt|protosynthesisspa
|move|p1a: Paul|Dragon Dance|p1a: Paul
|-boost|p1a: Paul|atk|1
|-boost|p1a: Paul|spe|1
|
|-weather|RainDance|[upkeep]
|upkeep
|turn|4
|
|t:|1781537349
|-terastallize|p2a: Raging Bolt|Fairy
|move|p1a: Paul|Outrage|p2a: Raging Bolt
|-immune|p2a: Raging Bolt
|move|p2a: Raging Bolt|Draco Meteor|p1a: Paul
|-supereffective|p1a: Paul
|-damage|p1a: Paul|0 fnt
|-unboost|p2a: Raging Bolt|spa|2
|faint|p1a: Paul
|
|-weather|RainDance|[upkeep]
|upkeep
|
|t:|1781537369
|switch|p1a: No condemnation|Kingambit, M, shiny|100/100
|-activate|p1a: No condemnation|ability: Supreme Overlord
|-start|p1a: No condemnation|fallen2|[silent]
|turn|5
|
|t:|1781537380
|move|p2a: Raging Bolt|Thunder|p1a: No condemnation
|-damage|p1a: No condemnation|74/100
|move|p1a: No condemnation|Brick Break|p2a: Raging Bolt
|-resisted|p2a: Raging Bolt
|-damage|p2a: Raging Bolt|85/100
|
|-weather|RainDance|[upkeep]
|upkeep
|turn|6
|
|t:|1781537388
|-end|p2a: Raging Bolt|Protosynthesis|[silent]
|switch|p2a: Pelipper|Pelipper, M|74/100
|move|p1a: No condemnation|Iron Head|p2a: Pelipper
|-resisted|p2a: Pelipper
|-damage|p2a: Pelipper|53/100
|
|-weather|RainDance|[upkeep]
|upkeep
|turn|7
|
|t:|1781537397
|move|p1a: No condemnation|Kowtow Cleave|p2a: Pelipper
|-damage|p2a: Pelipper|8/100
|move|p2a: Pelipper|Roost|p2a: Pelipper
|-heal|p2a: Pelipper|58/100
|-singleturn|p2a: Pelipper|move: Roost
|
|-weather|RainDance|[upkeep]
|upkeep
|turn|8
|
|t:|1781537406
|move|p1a: No condemnation|Kowtow Cleave|p2a: Pelipper
|-damage|p2a: Pelipper|9/100
|move|p2a: Pelipper|Roost|p2a: Pelipper
|-heal|p2a: Pelipper|60/100
|-singleturn|p2a: Pelipper|move: Roost
|
|-weather|RainDance|[upkeep]
|upkeep
|turn|9
|
|t:|1781537417
|move|p1a: No condemnation|Kowtow Cleave|p2a: Pelipper
|-crit|p2a: Pelipper
|-damage|p2a: Pelipper|0 fnt
|faint|p2a: Pelipper
|
|-weather|none
|upkeep
|
|t:|1781537417
|switch|p2a: Barraskewda|Barraskewda, M|100/100
|turn|10
|
|t:|1781537426
|move|p2a: Barraskewda|Close Combat|p1a: No condemnation
|-supereffective|p1a: No condemnation
|-damage|p1a: No condemnation|0 fnt
|-unboost|p2a: Barraskewda|def|1
|-unboost|p2a: Barraskewda|spd|1
|faint|p1a: No condemnation
|-end|p1a: No condemnation|fallen2|[silent]
|
|upkeep
|
|t:|1781537439
|switch|p1a: ROMANS 10:9|Great Tusk, shiny|100/100
|-enditem|p1a: ROMANS 10:9|Booster Energy
|-activate|p1a: ROMANS 10:9|ability: Protosynthesis|[fromitem]
|-start|p1a: ROMANS 10:9|protosynthesisatk
|turn|11
|
|t:|1781537444
|switch|p2a: Kingambit|Kingambit, F|8/100
|-activate|p2a: Kingambit|ability: Supreme Overlord
|-start|p2a: Kingambit|fallen1|[silent]
|move|p1a: ROMANS 10:9|Rapid Spin|p2a: Kingambit
|-resisted|p2a: Kingambit
|-damage|p2a: Kingambit|0 fnt
|-boost|p1a: ROMANS 10:9|spe|1
|faint|p2a: Kingambit
|-end|p2a: Kingambit|fallen1|[silent]
|
|upkeep
|
|t:|1781537445
|switch|p2a: Raging Bolt|Raging Bolt, tera:Fairy|85/100
|turn|12
|
|t:|1781537462
|move|p1a: ROMANS 10:9|Headlong Rush|p2a: Raging Bolt
|-damage|p2a: Raging Bolt|11/100
|-unboost|p1a: ROMANS 10:9|def|1
|-unboost|p1a: ROMANS 10:9|spd|1
|move|p2a: Raging Bolt|Draco Meteor|p1a: ROMANS 10:9
|-damage|p1a: ROMANS 10:9|0 fnt
|-unboost|p2a: Raging Bolt|spa|2
|faint|p1a: ROMANS 10:9
|-end|p1a: ROMANS 10:9|Protosynthesis|[silent]
|
|upkeep
|
|t:|1781537480
|switch|p1a: Old Testament|Darkrai, shiny|100/100
|turn|13
|
|t:|1781537485
|move|p2a: Raging Bolt|Thunderclap|p1a: Old Testament
|-damage|p1a: Old Testament|71/100
|move|p1a: Old Testament|Dark Pulse|p2a: Raging Bolt
|-resisted|p2a: Raging Bolt
|-damage|p2a: Raging Bolt|0 fnt
|faint|p2a: Raging Bolt
|-end|p2a: Raging Bolt|Protosynthesis|[silent]
|
|upkeep
|
|t:|1781537487
|switch|p2a: Iron Treads|Iron Treads|100/100
|-enditem|p2a: Iron Treads|Booster Energy
|-activate|p2a: Iron Treads|ability: Quark Drive|[fromitem]
|-start|p2a: Iron Treads|quarkdrivespe
|turn|14
|
|t:|1781537497
|move|p1a: Old Testament|Dark Pulse|p2a: Iron Treads
|-damage|p2a: Iron Treads|43/100
|cant|p2a: Iron Treads|flinch
|
|upkeep
|turn|15
|
|t:|1781537503
|move|p1a: Old Testament|Dark Pulse|p2a: Iron Treads
|-damage|p2a: Iron Treads|0 fnt
|faint|p2a: Iron Treads
|-end|p2a: Iron Treads|Quark Drive|[silent]
|
|upkeep
|
|t:|1781537504
|switch|p2a: Overqwil|Overqwil, M|100/100
|turn|16
|
|t:|1781537510
|move|p1a: Old Testament|Dark Pulse|p2a: Overqwil
|-resisted|p2a: Overqwil
|-damage|p2a: Overqwil|68/100
|cant|p2a: Overqwil|flinch
|
|upkeep
|turn|17
|
|t:|1781537516
|move|p1a: Old Testament|Dark Pulse|p2a: Overqwil
|-resisted|p2a: Overqwil
|-damage|p2a: Overqwil|38/100
|move|p2a: Overqwil|Gunk Shot|p1a: Old Testament
|-damage|p1a: Old Testament|0 fnt
|faint|p1a: Old Testament
|-damage|p2a: Overqwil|28/100|[from] item: Life Orb
|
|upkeep
|
|t:|1781537525
|switch|p1a: Read Psalm 30|Dragapult, M, shiny|100/100
|turn|18
|
|t:|1781537543
|-terastallize|p1a: Read Psalm 30|Steel
|move|p1a: Read Psalm 30|Dragon Dance|p1a: Read Psalm 30
|-boost|p1a: Read Psalm 30|atk|1
|-boost|p1a: Read Psalm 30|spe|1
|move|p2a: Overqwil|Liquidation|p1a: Read Psalm 30
|-damage|p1a: Read Psalm 30|48/100
|-damage|p2a: Overqwil|19/100|[from] item: Life Orb
|
|upkeep
|turn|19
|
|t:|1781537553
|move|p1a: Read Psalm 30|Dragon Darts|p2a: Overqwil
|-damage|p2a: Overqwil|0 fnt
|faint|p2a: Overqwil
|-damage|p1a: Read Psalm 30|38/100|[from] item: Life Orb
|
|upkeep
|
|t:|1781537555
|switch|p2a: Barraskewda|Barraskewda, M|100/100
|turn|20
|
|t:|1781537561
|move|p2a: Barraskewda|Aqua Jet|p1a: Read Psalm 30
|-damage|p1a: Read Psalm 30|0 fnt
|faint|p1a: Read Psalm 30
|
|win|LowEL0God
|raw|Migstaper's rating: 1662 &rarr; <strong>1640</strong><br />(-22 for losing)
|raw|LowEL0God's rating: 1619 &rarr; <strong>1641</strong><br />(+22 for winning)
|c|☆LowEL0God|gg
|l|☆LowEL0God
|player|p2|
|l|☆Migstaper
|player|p1|
