|j|☆mrporksin
|j|☆mothcarona
|t:|1781239643
|gametype|singles
|player|p1|mrporksin|266|1590
|player|p2|mothcarona|265|1673
|gen|9
|tier|[Gen 9] OU
|rated|
|rule|HP Percentage Mod: HP is shown in percentages
|rule|Endless Battle Clause: Forcing endless battles is banned
|rule|Species Clause: Limit one of each Pokémon
|rule|OHKO Clause: OHKO moves are banned
|rule|Evasion Items Clause: Evasion items are banned
|rule|Evasion Moves Clause: Evasion moves are banned
|rule|Evasion Abilities Clause: Evasion abilities are banned
|rule|Sleep Moves Clause: Sleep-inducing moves are banned
|clearpoke
|poke|p1|Ogerpon, F|
|poke|p1|Deoxys-Speed|
|poke|p1|Blaziken, M|
|poke|p1|Scizor, M|
|poke|p1|Raging Bolt|
|poke|p1|Great Tusk|
|poke|p2|Ursaluna, M|
|poke|p2|Cinderace, F|
|poke|p2|Zapdos|
|poke|p2|Iron Crown|
|poke|p2|Pecharunt|
|poke|p2|Hydrapple, F|
|teampreview
|inactive|Battle timer is ON: inactive players will automatically lose when time's up. (requested by mothcarona)
|
|t:|1781239655
|teamsize|p1|6
|teamsize|p2|6
|start
|switch|p1a: Blaziken|Blaziken, M, shiny|100/100
|switch|p2a: Iron Crown|Iron Crown|100/100
|turn|1
|
|t:|1781239664
|-end|p2a: Iron Crown|Quark Drive|[silent]
|switch|p2a: Pecharunt|Pecharunt|100/100
|switch|p1a: Raging Bolt|Raging Bolt|100/100
|
|upkeep
|turn|2
|
|t:|1781239669
|switch|p2a: Ursaluna|Ursaluna, M|100/100
|-end|p1a: Raging Bolt|Protosynthesis|[silent]
|switch|p1a: Scizor|Scizor, M|100/100
|
|upkeep
|turn|3
|
|t:|1781239675
|switch|p2a: Zapdos|Zapdos|100/100
|move|p1a: Scizor|Close Combat|p2a: Zapdos
|-resisted|p2a: Zapdos
|-damage|p2a: Zapdos|78/100
|-unboost|p1a: Scizor|def|1
|-unboost|p1a: Scizor|spd|1
|-status|p1a: Scizor|par|[from] ability: Static|[of] p2a: Zapdos
|
|upkeep
|turn|4
|
|t:|1781239678
|switch|p1a: Raging Bolt|Raging Bolt|100/100
|move|p2a: Zapdos|Volt Switch|p1a: Raging Bolt
|-resisted|p1a: Raging Bolt
|-damage|p1a: Raging Bolt|95/100
|
|t:|1781239680
|switch|p2a: Ursaluna|Ursaluna, M|100/100|[from] Volt Switch
|
|-heal|p1a: Raging Bolt|100/100|[from] item: Leftovers
|upkeep
|turn|5
|
|t:|1781239685
|-end|p1a: Raging Bolt|Protosynthesis|[silent]
|switch|p1a: Great Tusk|Great Tusk|100/100
|move|p2a: Ursaluna|Body Slam|p1a: Great Tusk
|-damage|p1a: Great Tusk|66/100
|
|upkeep
|turn|6
|
|t:|1781239697
|switch|p2a: Zapdos|Zapdos|78/100
|move|p1a: Great Tusk|Knock Off|p2a: Zapdos
|-damage|p2a: Zapdos|52/100
|-enditem|p2a: Zapdos|Heavy-Duty Boots|[from] move: Knock Off|[of] p1a: Great Tusk
|
|upkeep
|turn|7
|
|t:|1781239702
|-end|p1a: Great Tusk|Protosynthesis|[silent]
|switch|p1a: Raging Bolt|Raging Bolt|100/100
|move|p2a: Zapdos|Roost|p2a: Zapdos
|-heal|p2a: Zapdos|100/100
|-singleturn|p2a: Zapdos|move: Roost
|
|upkeep
|turn|8
|
|t:|1781239710
|move|p2a: Zapdos|Volt Switch|p1a: Raging Bolt
|-resisted|p1a: Raging Bolt
|-damage|p1a: Raging Bolt|94/100
|
|t:|1781239711
|switch|p2a: Ursaluna|Ursaluna, M|100/100|[from] Volt Switch
|move|p1a: Raging Bolt|Thunderbolt|p2a: Ursaluna
|-immune|p2a: Ursaluna
|
|-heal|p1a: Raging Bolt|99/100|[from] item: Leftovers
|upkeep
|turn|9
|
|t:|1781239714
|-end|p1a: Raging Bolt|Protosynthesis|[silent]
|switch|p1a: Great Tusk|Great Tusk|66/100
|move|p2a: Ursaluna|Earthquake|p1a: Great Tusk
|-damage|p1a: Great Tusk|25/100
|
|upkeep
|turn|10
|
|t:|1781239718
|switch|p2a: Zapdos|Zapdos|100/100
|move|p1a: Great Tusk|Close Combat|p2a: Zapdos
|-resisted|p2a: Zapdos
|-damage|p2a: Zapdos|79/100
|-unboost|p1a: Great Tusk|def|1
|-unboost|p1a: Great Tusk|spd|1
|-status|p1a: Great Tusk|par|[from] ability: Static|[of] p2a: Zapdos
|
|upkeep
|turn|11
|
|t:|1781239722
|move|p2a: Zapdos|Volt Switch|p1a: Great Tusk
|-immune|p1a: Great Tusk
|cant|p1a: Great Tusk|par
|
|upkeep
|turn|12
|
|t:|1781239726
|move|p2a: Zapdos|Hurricane|p1a: Great Tusk
|-supereffective|p1a: Great Tusk
|-damage|p1a: Great Tusk|0 fnt
|faint|p1a: Great Tusk
|-end|p1a: Great Tusk|Protosynthesis|[silent]
|
|upkeep
|
|t:|1781239729
|switch|p1a: Deoxys|Deoxys-Speed|100/100
|-ability|p1a: Deoxys|Pressure
|turn|13
|
|t:|1781239735
|switch|p2a: Iron Crown|Iron Crown|100/100
|move|p1a: Deoxys|Spikes|p2a: Iron Crown
|-sidestart|p2: mothcarona|Spikes
|
|upkeep
|turn|14
|
|t:|1781239737
|move|p1a: Deoxys|Spikes|p2a: Iron Crown
|-sidestart|p2: mothcarona|Spikes
|move|p2a: Iron Crown|Tachyon Cutter|p1a: Deoxys
|-damage|p1a: Deoxys|37/100
|-damage|p1a: Deoxys|0 fnt
|faint|p1a: Deoxys
|-hitcount|p1: Deoxys|2
|
|upkeep
|
|t:|1781239740
|switch|p1a: Blaziken|Blaziken, M, shiny|100/100
|turn|15
|
|t:|1781239742
|move|p2a: Iron Crown|Tachyon Cutter|p1a: Blaziken
|-resisted|p1a: Blaziken
|-damage|p1a: Blaziken|69/100
|-resisted|p1a: Blaziken
|-damage|p1a: Blaziken|34/100
|-hitcount|p1a: Blaziken|2
|move|p1a: Blaziken|Focus Energy|p1a: Blaziken
|-start|p1a: Blaziken|move: Focus Energy
|
|-ability|p1a: Blaziken|Speed Boost|boost
|-boost|p1a: Blaziken|spe|1
|upkeep
|turn|16
|
|t:|1781239750
|move|p1a: Blaziken|Overheat|p2a: Iron Crown
|-supereffective|p2a: Iron Crown
|-crit|p2a: Iron Crown
|-damage|p2a: Iron Crown|0 fnt
|-unboost|p1a: Blaziken|spa|2
|faint|p2a: Iron Crown
|-end|p2a: Iron Crown|Quark Drive|[silent]
|
|-ability|p1a: Blaziken|Speed Boost|boost
|-boost|p1a: Blaziken|spe|1
|upkeep
|
|t:|1781239752
|switch|p2a: Ursaluna|Ursaluna, M|100/100
|-damage|p2a: Ursaluna|84/100|[from] Spikes
|turn|17
|
|t:|1781239756
|-terastallize|p1a: Blaziken|Fighting
|move|p1a: Blaziken|Close Combat|p2a: Ursaluna
|-supereffective|p2a: Ursaluna
|-crit|p2a: Ursaluna
|-damage|p2a: Ursaluna|0 fnt
|-unboost|p1a: Blaziken|def|1
|-unboost|p1a: Blaziken|spd|1
|faint|p2a: Ursaluna
|
|-ability|p1a: Blaziken|Speed Boost|boost
|-boost|p1a: Blaziken|spe|1
|upkeep
|
|t:|1781239762
|switch|p2a: Hydrapple|Hydrapple, F|100/100
|-damage|p2a: Hydrapple|84/100|[from] Spikes
|turn|18
|
|t:|1781239764
|move|p1a: Blaziken|Overheat|p2a: Hydrapple
|-crit|p2a: Hydrapple
|-damage|p2a: Hydrapple|18/100
|-unboost|p1a: Blaziken|spa|2
|move|p2a: Hydrapple|Giga Drain|p1a: Blaziken
|-damage|p1a: Blaziken|0 fnt
|-heal|p2a: Hydrapple|30/100|[from] drain|[of] p1a: Blaziken
|faint|p1a: Blaziken
|
|upkeep
|
|t:|1781239773
|switch|p1a: Ogerpon|Ogerpon, F|100/100
|turn|19
|
|t:|1781239778
|switch|p2a: Zapdos|Zapdos|79/100
|move|p1a: Ogerpon|Ivy Cudgel|p2a: Zapdos
|-resisted|p2a: Zapdos
|-damage|p2a: Zapdos|54/100
|
|upkeep
|turn|20
|
|t:|1781239781
|switch|p1a: Raging Bolt|Raging Bolt|99/100
|move|p2a: Zapdos|Volt Switch|p1a: Raging Bolt
|-resisted|p1a: Raging Bolt
|-damage|p1a: Raging Bolt|94/100
|
|t:|1781239783
|switch|p2a: Hydrapple|Hydrapple, F|64/100|[from] Volt Switch
|-damage|p2a: Hydrapple|47/100|[from] Spikes
|
|-heal|p1a: Raging Bolt|99/100|[from] item: Leftovers
|upkeep
|turn|21
|
|t:|1781239786
|-terastallize|p2a: Hydrapple|Fairy
|move|p1a: Raging Bolt|Dragon Pulse|p2a: Hydrapple
|-immune|p2a: Hydrapple
|move|p2a: Hydrapple|Fickle Beam|p1a: Raging Bolt|[anim] Fickle Beam All Out
|-activate|p2a: Hydrapple|move: Fickle Beam
|-supereffective|p1a: Raging Bolt
|-damage|p1a: Raging Bolt|0 fnt
|faint|p1a: Raging Bolt
|-end|p1a: Raging Bolt|Protosynthesis|[silent]
|
|upkeep
|
|t:|1781239791
|switch|p1a: Scizor|Scizor, M|100/100 par
|turn|22
|-message|mrporksin forfeited.
|
|win|mothcarona
|raw|mrporksin's rating: 1590 &rarr; <strong>1575</strong><br />(-15 for losing)
|raw|mothcarona's rating: 1673 &rarr; <strong>1688</strong><br />(+15 for winning)
|l|☆mrporksin
|player|p1|
|l|☆mothcarona
|player|p2|
