|j|☆pivotslophaxmaxxer
|j|☆zwardo2000
|t:|1781548839
|gametype|singles
|player|p1|pivotslophaxmaxxer|thorton|1674
|player|p2|zwardo2000|giovanni|1648
|gen|9
|tier|[Gen 9] OU
|rated|
|rule|HP Percentage Mod: HP is shown in percentages
|rule|Endless Battle Clause: Forcing endless battles is banned
|rule|Species Clause: Limit one of each Pokémon
|rule|OHKO Clause: OHKO moves are banned
|rule|Evasion Items Clause: Evasion items are banned
|rule|Evasion Moves Clause: Evasion moves are banned
|rule|Evasion Abilities Clause: Evasion abilities are banned
|rule|Sleep Moves Clause: Sleep-inducing moves are banned
|clearpoke
|poke|p1|Ninetales-Alola, M|
|poke|p1|Tyranitar, M|
|poke|p1|Ogerpon-Wellspring, F|
|poke|p1|Hatterene, F|
|poke|p1|Gliscor, F|
|poke|p1|Maushold|
|poke|p2|Kyurem|
|poke|p2|Hatterene, F|
|poke|p2|Darkrai|
|poke|p2|Great Tusk|
|poke|p2|Dragonite, F|
|poke|p2|Gholdengo|
|teampreview
|j| have we gone
|inactive|Battle timer is ON: inactive players will automatically lose when time's up. (requested by zwardo2000)
|
|t:|1781548869
|teamsize|p1|6
|teamsize|p2|6
|start
|switch|p1a: Ninetales|Ninetales-Alola, M|100/100
|switch|p2a: Gholdengo|Gholdengo|100/100
|-weather|Snowscape|[from] ability: Snow Warning|[of] p1a: Ninetales
|turn|1
|
|t:|1781548883
|switch|p1a: Ogerpon|Ogerpon-Wellspring, F|100/100
|move|p2a: Gholdengo|Make It Rain|p1a: Ogerpon
|-resisted|p1a: Ogerpon
|-crit|p1a: Ogerpon
|-damage|p1a: Ogerpon|42/100
|-unboost|p2a: Gholdengo|spa|1
|
|-weather|Snowscape|[upkeep]
|upkeep
|turn|2
|
|t:|1781548889
|switch|p2a: Kyurem|Kyurem|100/100
|-ability|p2a: Kyurem|Pressure
|move|p1a: Ogerpon|Play Rough|p2a: Kyurem
|-supereffective|p2a: Kyurem
|-damage|p2a: Kyurem|63/100
|
|-weather|Snowscape|[upkeep]
|upkeep
|turn|3
|
|t:|1781548894
|switch|p1a: Ninetales|Ninetales-Alola, M|100/100
|move|p2a: Kyurem|Freeze-Dry|p1a: Ninetales
|-resisted|p1a: Ninetales
|-damage|p1a: Ninetales|81/100
|
|-weather|Snowscape|[upkeep]
|upkeep
|turn|4
|
|t:|1781548902
|switch|p2a: Gholdengo|Gholdengo|100/100
|move|p1a: Ninetales|Aurora Veil|p1a: Ninetales
|-sidestart|p1: pivotslophaxmaxxer|move: Aurora Veil
|
|-weather|Snowscape|[upkeep]
|upkeep
|turn|5
|
|t:|1781548908
|switch|p1a: Ogerpon|Ogerpon-Wellspring, F|42/100
|move|p2a: Gholdengo|Nasty Plot|p2a: Gholdengo
|-boost|p2a: Gholdengo|spa|2
|
|-weather|none
|upkeep
|turn|6
|
|t:|1781548915
|move|p1a: Ogerpon|Ivy Cudgel|p2a: Gholdengo|[anim] Ivy Cudgel Water
|-damage|p2a: Gholdengo|38/100
|move|p2a: Gholdengo|Psyshock|p1a: Ogerpon
|-damage|p1a: Ogerpon|6/100
|
|upkeep
|turn|7
|
|t:|1781548920
|switch|p2a: Hatterene|Hatterene, F|100/100
|move|p1a: Ogerpon|Ivy Cudgel|p2a: Hatterene|[anim] Ivy Cudgel Water
|-damage|p2a: Hatterene|49/100
|
|upkeep
|turn|8
|
|t:|1781548923
|switch|p2a: Kyurem|Kyurem|63/100
|-ability|p2a: Kyurem|Pressure
|move|p1a: Ogerpon|Ivy Cudgel|p2a: Kyurem|[anim] Ivy Cudgel Water
|-resisted|p2a: Kyurem
|-damage|p2a: Kyurem|42/100
|
|upkeep
|turn|9
|
|t:|1781548925
|switch|p2a: Hatterene|Hatterene, F|49/100
|move|p1a: Ogerpon|Play Rough|p2a: Hatterene
|-damage|p2a: Hatterene|20/100
|-damage|p1a: Ogerpon|0 fnt|[from] item: Rocky Helmet|[of] p2a: Hatterene
|faint|p1a: Ogerpon
|
|upkeep
|
|t:|1781548936
|switch|p1a: Tyranitar|Tyranitar, M|100/100
|-weather|Sandstorm|[from] ability: Sand Stream|[of] p1a: Tyranitar
|turn|10
|
|t:|1781548940
|move|p1a: Tyranitar|Knock Off|p2a: Hatterene
|-damage|p2a: Hatterene|0 fnt
|-damage|p1a: Tyranitar|84/100|[from] item: Rocky Helmet|[of] p2a: Hatterene
|-enditem|p2a: Hatterene|Rocky Helmet|[from] move: Knock Off|[of] p1a: Tyranitar
|faint|p2a: Hatterene
|
|-weather|Sandstorm|[upkeep]
|-heal|p1a: Tyranitar|90/100|[from] item: Leftovers
|upkeep
|
|t:|1781548942
|switch|p2a: Darkrai|Darkrai|100/100
|turn|11
|
|t:|1781548968
|move|p2a: Darkrai|Trick|p1a: Tyranitar
|-activate|p2a: Darkrai|move: Trick|[of] p1a: Tyranitar
|-item|p1a: Tyranitar|Choice Scarf|[from] move: Trick
|-item|p2a: Darkrai|Leftovers|[from] move: Trick
|move|p1a: Tyranitar|Stone Edge|p2a: Darkrai|[miss]
|-miss|p1a: Tyranitar|p2a: Darkrai
|
|-weather|Sandstorm|[upkeep]
|-damage|p2a: Darkrai|94/100|[from] Sandstorm
|-heal|p2a: Darkrai|100/100|[from] item: Leftovers
|-sideend|p1: pivotslophaxmaxxer|move: Aurora Veil
|upkeep
|turn|12
|
|t:|1781548978
|move|p2a: Darkrai|Will-O-Wisp|p1a: Tyranitar
|-status|p1a: Tyranitar|brn
|move|p1a: Tyranitar|Stone Edge|p2a: Darkrai
|-damage|p2a: Darkrai|68/100
|
|-weather|Sandstorm|[upkeep]
|-damage|p2a: Darkrai|62/100|[from] Sandstorm
|-heal|p2a: Darkrai|68/100|[from] item: Leftovers
|-damage|p1a: Tyranitar|84/100 brn|[from] brn
|upkeep
|turn|13
|
|t:|1781548983
|switch|p2a: Gholdengo|Gholdengo|38/100
|move|p1a: Tyranitar|Stone Edge|p2a: Gholdengo
|-resisted|p2a: Gholdengo
|-damage|p2a: Gholdengo|24/100
|
|-weather|Sandstorm|[upkeep]
|-damage|p1a: Tyranitar|78/100 brn|[from] brn
|upkeep
|turn|14
|
|t:|1781548987
|switch|p1a: Gliscor|Gliscor, F|100/100
|move|p2a: Gholdengo|Make It Rain|p1a: Gliscor
|-damage|p1a: Gliscor|35/100
|-unboost|p2a: Gholdengo|spa|1
|
|-weather|none
|-status|p1a: Gliscor|tox|[from] item: Toxic Orb
|upkeep
|turn|15
|
|t:|1781548994
|switch|p2a: Darkrai|Darkrai|68/100
|move|p1a: Gliscor|Earthquake|p2a: Darkrai
|-damage|p2a: Darkrai|27/100
|
|-heal|p2a: Darkrai|33/100|[from] item: Leftovers
|-heal|p1a: Gliscor|48/100 tox|[from] ability: Poison Heal
|upkeep
|turn|16
|
|t:|1781549000
|switch|p1a: Tyranitar|Tyranitar, M|78/100 brn
|-weather|Sandstorm|[from] ability: Sand Stream|[of] p1a: Tyranitar
|move|p2a: Darkrai|Ice Beam|p1a: Tyranitar
|-damage|p1a: Tyranitar|56/100 brn
|
|-weather|Sandstorm|[upkeep]
|-damage|p2a: Darkrai|27/100|[from] Sandstorm
|-heal|p2a: Darkrai|33/100|[from] item: Leftovers
|-damage|p1a: Tyranitar|50/100 brn|[from] brn
|upkeep
|turn|17
|
|t:|1781549003
|switch|p2a: Great Tusk|Great Tusk|100/100
|move|p1a: Tyranitar|Knock Off|p2a: Great Tusk
|-resisted|p2a: Great Tusk
|-damage|p2a: Great Tusk|94/100
|-enditem|p2a: Great Tusk|Leftovers|[from] move: Knock Off|[of] p1a: Tyranitar
|
|-weather|Sandstorm|[upkeep]
|-damage|p1a: Tyranitar|44/100 brn|[from] brn
|upkeep
|turn|18
|
|t:|1781549007
|switch|p1a: Hatterene|Hatterene, F|100/100
|move|p2a: Great Tusk|Stealth Rock|p1a: Hatterene
|move|p1a: Hatterene|Stealth Rock|p2a: Great Tusk|[from] ability: Magic Bounce
|-sidestart|p2: zwardo2000|move: Stealth Rock
|
|-weather|Sandstorm|[upkeep]
|-damage|p1a: Hatterene|95/100|[from] Sandstorm
|-heal|p1a: Hatterene|100/100|[from] item: Leftovers
|upkeep
|turn|19
|
|t:|1781549011
|move|p2a: Great Tusk|Rapid Spin|p1a: Hatterene
|-damage|p1a: Hatterene|88/100
|-boost|p2a: Great Tusk|spe|1
|-sideend|p2: zwardo2000|Stealth Rock|[from] move: Rapid Spin|[of] p2a: Great Tusk
|move|p1a: Hatterene|Draining Kiss|p2a: Great Tusk
|-supereffective|p2a: Great Tusk
|-damage|p2a: Great Tusk|33/100
|-heal|p1a: Hatterene|100/100|[from] drain|[of] p2a: Great Tusk
|
|-weather|Sandstorm|[upkeep]
|-damage|p1a: Hatterene|95/100|[from] Sandstorm
|-heal|p1a: Hatterene|100/100|[from] item: Leftovers
|upkeep
|turn|20
|
|t:|1781549013
|move|p2a: Great Tusk|Headlong Rush|p1a: Hatterene
|-damage|p1a: Hatterene|58/100
|-unboost|p2a: Great Tusk|def|1
|-unboost|p2a: Great Tusk|spd|1
|move|p1a: Hatterene|Calm Mind|p1a: Hatterene
|-boost|p1a: Hatterene|spa|1
|-boost|p1a: Hatterene|spd|1
|
|-weather|none
|-heal|p1a: Hatterene|64/100|[from] item: Leftovers
|upkeep
|turn|21
|
|t:|1781549017
|move|p2a: Great Tusk|Headlong Rush|p1a: Hatterene
|-damage|p1a: Hatterene|18/100
|-unboost|p2a: Great Tusk|def|1
|-unboost|p2a: Great Tusk|spd|1
|move|p1a: Hatterene|Draining Kiss|p2a: Great Tusk
|-supereffective|p2a: Great Tusk
|-damage|p2a: Great Tusk|0 fnt
|-heal|p1a: Hatterene|50/100|[from] drain|[of] p2a: Great Tusk
|faint|p2a: Great Tusk
|-end|p2a: Great Tusk|Protosynthesis|[silent]
|
|-heal|p1a: Hatterene|56/100|[from] item: Leftovers
|upkeep
|
|t:|1781549020
|switch|p2a: Gholdengo|Gholdengo|24/100
|turn|22
|l| have we gone
|
|t:|1781549037
|-terastallize|p1a: Hatterene|Water
|move|p2a: Gholdengo|Make It Rain|p1a: Hatterene
|-resisted|p1a: Hatterene
|-damage|p1a: Hatterene|33/100
|-unboost|p2a: Gholdengo|spa|1
|move|p1a: Hatterene|Mystical Fire|p2a: Gholdengo
|-supereffective|p2a: Gholdengo
|-damage|p2a: Gholdengo|0 fnt
|faint|p2a: Gholdengo
|
|-heal|p1a: Hatterene|39/100|[from] item: Leftovers
|upkeep
|
|t:|1781549041
|switch|p2a: Kyurem|Kyurem|42/100
|-ability|p2a: Kyurem|Pressure
|turn|23
|
|t:|1781549045
|move|p2a: Kyurem|Freeze-Dry|p1a: Hatterene
|-supereffective|p1a: Hatterene
|-damage|p1a: Hatterene|0 fnt
|faint|p1a: Hatterene
|
|upkeep
|
|t:|1781549049
|switch|p1a: Ninetales|Ninetales-Alola, M|81/100
|-weather|Snowscape|[from] ability: Snow Warning|[of] p1a: Ninetales
|turn|24
|
|t:|1781549054
|move|p1a: Ninetales|Aurora Veil|p1a: Ninetales
|-sidestart|p1: pivotslophaxmaxxer|move: Aurora Veil
|move|p2a: Kyurem|Earth Power|p1a: Ninetales
|-damage|p1a: Ninetales|64/100
|
|-weather|Snowscape|[upkeep]
|upkeep
|turn|25
|
|t:|1781549058
|move|p1a: Ninetales|Moonblast|p2a: Kyurem
|-supereffective|p2a: Kyurem
|-damage|p2a: Kyurem|5/100
|move|p2a: Kyurem|Freeze-Dry|p1a: Ninetales
|-resisted|p1a: Ninetales
|-damage|p1a: Ninetales|55/100
|
|-weather|Snowscape|[upkeep]
|upkeep
|turn|26
|
|t:|1781549060
|move|p1a: Ninetales|Moonblast|p2a: Kyurem
|-supereffective|p2a: Kyurem
|-damage|p2a: Kyurem|0 fnt
|faint|p2a: Kyurem
|
|-weather|Snowscape|[upkeep]
|upkeep
|
|t:|1781549075
|switch|p2a: Dragonite|Dragonite, F|100/100
|turn|27
|
|t:|1781549078
|move|p1a: Ninetales|Freeze-Dry|p2a: Dragonite
|-supereffective|p2a: Dragonite
|-damage|p2a: Dragonite|63/100
|move|p2a: Dragonite|Dragon Dance|p2a: Dragonite
|-boost|p2a: Dragonite|atk|1
|-boost|p2a: Dragonite|spe|1
|
|-weather|Snowscape|[upkeep]
|upkeep
|turn|28
|
|t:|1781549083
|-terastallize|p2a: Dragonite|Normal
|move|p2a: Dragonite|Roost|p2a: Dragonite
|-heal|p2a: Dragonite|100/100
|move|p1a: Ninetales|Encore|p2a: Dragonite
|-start|p2a: Dragonite|Encore
|
|-weather|none
|upkeep
|turn|29
|
|t:|1781549086
|move|p2a: Dragonite|Roost||[still]
|-fail|p2a: Dragonite|heal
|move|p1a: Ninetales|Moonblast|p2a: Dragonite
|-damage|p2a: Dragonite|88/100
|-unboost|p2a: Dragonite|spa|1
|
|upkeep
|turn|30
|
|t:|1781549096
|switch|p1a: Maushold|Maushold|100/100
|move|p2a: Dragonite|Roost|p2a: Dragonite
|-heal|p2a: Dragonite|100/100
|
|upkeep
|turn|31
|
|t:|1781549100
|move|p1a: Maushold|Tidy Up|p1a: Maushold
|-boost|p1a: Maushold|atk|1
|-boost|p1a: Maushold|spe|1
|move|p2a: Dragonite|Roost||[still]
|-fail|p2a: Dragonite|heal
|
|-end|p2a: Dragonite|Encore
|-sideend|p1: pivotslophaxmaxxer|move: Aurora Veil
|upkeep
|turn|32
|
|t:|1781549108
|move|p2a: Dragonite|Extreme Speed|p1a: Maushold
|-damage|p1a: Maushold|6/100
|move|p1a: Maushold|Population Bomb|p2a: Dragonite
|-damage|p2a: Dragonite|93/100
|-damage|p2a: Dragonite|76/100
|-damage|p2a: Dragonite|60/100
|-damage|p2a: Dragonite|45/100
|-damage|p2a: Dragonite|28/100
|-damage|p2a: Dragonite|13/100
|-damage|p2a: Dragonite|0 fnt
|faint|p2a: Dragonite
|-hitcount|p2: Dragonite|7
|
|upkeep
|
|t:|1781549112
|switch|p2a: Darkrai|Darkrai|33/100
|turn|33
|
|t:|1781549115
|move|p1a: Maushold|Population Bomb|p2a: Darkrai
|-damage|p2a: Darkrai|9/100
|-damage|p2a: Darkrai|0 fnt
|faint|p2a: Darkrai
|-hitcount|p2: Darkrai|2
|
|win|pivotslophaxmaxxer
|raw|pivotslophaxmaxxer's rating: 1674 &rarr; <strong>1693</strong><br />(+19 for winning)
|raw|zwardo2000's rating: 1648 &rarr; <strong>1629</strong><br />(-19 for losing)
|l|☆zwardo2000
|player|p2|
|l|☆pivotslophaxmaxxer
|player|p1|
