|j|☆omari p
|j|☆ign27
|t:|1781535400
|gametype|singles
|player|p1|omari p|pokemonrangerf|1537
|player|p2|ign27|palmer|1577
|gen|9
|tier|[Gen 9] OU
|rated|
|rule|HP Percentage Mod: HP is shown in percentages
|rule|Endless Battle Clause: Forcing endless battles is banned
|rule|Species Clause: Limit one of each Pokémon
|rule|OHKO Clause: OHKO moves are banned
|rule|Evasion Items Clause: Evasion items are banned
|rule|Evasion Moves Clause: Evasion moves are banned
|rule|Evasion Abilities Clause: Evasion abilities are banned
|rule|Sleep Moves Clause: Sleep-inducing moves are banned
|clearpoke
|poke|p1|Thundurus-Therian, M|
|poke|p1|Cinderace, F|
|poke|p1|Latios, M|
|poke|p1|Jirachi|
|poke|p1|Mandibuzz, F|
|poke|p1|Great Tusk|
|poke|p2|Great Tusk|
|poke|p2|Darkrai|
|poke|p2|Kyurem|
|poke|p2|Iron Valiant|
|poke|p2|Dragonite, F|
|poke|p2|Gholdengo|
|teampreview
|inactive|Battle timer is ON: inactive players will automatically lose when time's up. (requested by ign27)
|inactive|omari p has 120 seconds left.
|
|t:|1781535431
|teamsize|p1|6
|teamsize|p2|6
|start
|switch|p1a: Great Tusk|Great Tusk|100/100
|switch|p2a: Great Tusk|Great Tusk|100/100
|turn|1
|
|t:|1781535435
|-end|p1a: Great Tusk|Protosynthesis|[silent]
|switch|p1a: Mandibuzz|Mandibuzz, F, shiny|100/100
|move|p2a: Great Tusk|Rapid Spin|p1a: Mandibuzz
|-damage|p1a: Mandibuzz|90/100
|-boost|p2a: Great Tusk|spe|1
|-damage|p2a: Great Tusk|84/100|[from] item: Rocky Helmet|[of] p1a: Mandibuzz
|
|upkeep
|turn|2
|
|t:|1781535437
|move|p2a: Great Tusk|Stealth Rock|p1a: Mandibuzz
|-sidestart|p1: omari p|move: Stealth Rock
|move|p1a: Mandibuzz|Toxic|p2a: Great Tusk
|-status|p2a: Great Tusk|tox
|
|-damage|p2a: Great Tusk|78/100 tox|[from] psn
|upkeep
|turn|3
|
|t:|1781535441
|-end|p2a: Great Tusk|Protosynthesis|[silent]
|switch|p2a: Kyurem|Kyurem, shiny|100/100
|-ability|p2a: Kyurem|Pressure
|move|p1a: Mandibuzz|Toxic|p2a: Kyurem
|-status|p2a: Kyurem|tox
|
|-damage|p2a: Kyurem|94/100 tox|[from] psn
|upkeep
|turn|4
|
|t:|1781535443
|switch|p1a: Cinderace|Cinderace, F|100/100
|-damage|p1a: Cinderace|76/100|[from] Stealth Rock
|move|p2a: Kyurem|Ice Beam|p1a: Cinderace
|-resisted|p1a: Cinderace
|-damage|p1a: Cinderace|41/100
|
|-damage|p2a: Kyurem|82/100 tox|[from] psn
|upkeep
|turn|5
|
|t:|1781535446
|move|p1a: Cinderace|Court Change|p1a: Cinderace
|-start|p1a: Cinderace|typechange|Normal|[from] ability: Libero
|-swapsideconditions
|-activate|p1a: Cinderace|move: Court Change
|move|p2a: Kyurem|Earth Power|p1a: Cinderace
|-damage|p1a: Cinderace|0 fnt
|faint|p1a: Cinderace
|
|-damage|p2a: Kyurem|64/100 tox|[from] psn
|upkeep
|
|t:|1781535449
|switch|p1a: Great Tusk|Great Tusk|100/100
|turn|6
|
|t:|1781535452
|move|p1a: Great Tusk|Close Combat|p2a: Kyurem
|-supereffective|p2a: Kyurem
|-damage|p2a: Kyurem|0 fnt
|-unboost|p1a: Great Tusk|def|1
|-unboost|p1a: Great Tusk|spd|1
|faint|p2a: Kyurem
|
|upkeep
|
|t:|1781535455
|switch|p2a: Great Tusk|Great Tusk|78/100 tox
|turn|7
|
|t:|1781535458
|-end|p1a: Great Tusk|Protosynthesis|[silent]
|switch|p1a: Latios|Latios, M|100/100
|move|p2a: Great Tusk|Rapid Spin|p1a: Latios
|-damage|p1a: Latios|74/100
|-boost|p2a: Great Tusk|spe|1
|-sideend|p2: ign27|Stealth Rock|[from] move: Rapid Spin|[of] p2a: Great Tusk
|
|-damage|p2a: Great Tusk|72/100 tox|[from] psn
|upkeep
|turn|8
|
|t:|1781535461
|move|p1a: Latios|Ice Beam|p2a: Great Tusk
|-supereffective|p2a: Great Tusk
|-damage|p2a: Great Tusk|0 fnt
|faint|p2a: Great Tusk
|-end|p2a: Great Tusk|Protosynthesis|[silent]
|
|upkeep
|
|t:|1781535474
|switch|p2a: Iron Valiant|Iron Valiant|100/100
|-enditem|p2a: Iron Valiant|Booster Energy
|-activate|p2a: Iron Valiant|ability: Quark Drive|[fromitem]
|-start|p2a: Iron Valiant|quarkdrivespe
|turn|9
|inactive|omari p has 120 seconds left.
|
|t:|1781535518
|switch|p1a: Jirachi|Jirachi|100/100
|move|p2a: Iron Valiant|Knock Off|p1a: Jirachi
|-supereffective|p1a: Jirachi
|-damage|p1a: Jirachi|40/100
|-enditem|p1a: Jirachi|Assault Vest|[from] move: Knock Off|[of] p2a: Iron Valiant
|
|upkeep
|turn|10
|
|t:|1781535522
|move|p2a: Iron Valiant|Knock Off|p1a: Jirachi
|-supereffective|p1a: Jirachi
|-damage|p1a: Jirachi|1/100
|move|p1a: Jirachi|Psychic Noise|p2a: Iron Valiant
|-supereffective|p2a: Iron Valiant
|-damage|p2a: Iron Valiant|0 fnt
|faint|p2a: Iron Valiant
|-end|p2a: Iron Valiant|Quark Drive|[silent]
|
|upkeep
|
|t:|1781535541
|switch|p2a: Darkrai|Darkrai|100/100
|turn|11
|
|t:|1781535549
|move|p2a: Darkrai|Ice Beam|p1a: Jirachi
|-resisted|p1a: Jirachi
|-damage|p1a: Jirachi|0 fnt
|faint|p1a: Jirachi
|-damage|p2a: Darkrai|91/100|[from] item: Life Orb
|
|upkeep
|
|t:|1781535558
|switch|p1a: Latios|Latios, M|74/100
|turn|12
|
|t:|1781535566
|switch|p2a: Ghold Experience|Gholdengo|100/100
|-item|p2a: Ghold Experience|Air Balloon
|move|p1a: Latios|Draco Meteor|p2a: Ghold Experience
|-resisted|p2a: Ghold Experience
|-damage|p2a: Ghold Experience|65/100
|-unboost|p1a: Latios|spa|2
|-enditem|p2a: Ghold Experience|Air Balloon
|
|upkeep
|turn|13
|
|t:|1781535575
|switch|p1a: Thundurus|Thundurus-Therian, M|100/100
|move|p2a: Ghold Experience|Hex|p1a: Thundurus
|-damage|p1a: Thundurus|67/100
|
|-heal|p1a: Thundurus|73/100|[from] item: Leftovers
|upkeep
|turn|14
|
|t:|1781535581
|move|p1a: Thundurus|Thunderbolt|p2a: Ghold Experience
|-damage|p2a: Ghold Experience|12/100
|move|p2a: Ghold Experience|Hex|p1a: Thundurus
|-damage|p1a: Thundurus|35/100
|
|-heal|p1a: Thundurus|41/100|[from] item: Leftovers
|upkeep
|turn|15
|
|t:|1781535598
|move|p1a: Thundurus|Thunderbolt|p2a: Ghold Experience
|-damage|p2a: Ghold Experience|0 fnt
|faint|p2a: Ghold Experience
|
|-heal|p1a: Thundurus|48/100|[from] item: Leftovers
|upkeep
|
|t:|1781535606
|switch|p2a: Darkrai|Darkrai|91/100
|turn|16
|
|t:|1781535610
|move|p2a: Darkrai|Ice Beam|p1a: Thundurus
|-supereffective|p1a: Thundurus
|-damage|p1a: Thundurus|0 fnt
|faint|p1a: Thundurus
|-damage|p2a: Darkrai|81/100|[from] item: Life Orb
|
|upkeep
|inactive|omari p has 120 seconds left.
|
|t:|1781535642
|switch|p1a: Great Tusk|Great Tusk|100/100
|turn|17
|
|t:|1781535647
|-terastallize|p2a: Darkrai|Poison
|move|p2a: Darkrai|Ice Beam|p1a: Great Tusk
|-supereffective|p1a: Great Tusk
|-enditem|p1a: Great Tusk|Focus Sash
|-damage|p1a: Great Tusk|1/100
|-damage|p2a: Darkrai|71/100|[from] item: Life Orb
|move|p1a: Great Tusk|Close Combat|p2a: Darkrai
|-resisted|p2a: Darkrai
|-damage|p2a: Darkrai|25/100
|-unboost|p1a: Great Tusk|def|1
|-unboost|p1a: Great Tusk|spd|1
|
|upkeep
|turn|18
|
|t:|1781535654
|move|p2a: Darkrai|Ice Beam|p1a: Great Tusk
|-supereffective|p1a: Great Tusk
|-damage|p1a: Great Tusk|0 fnt
|faint|p1a: Great Tusk
|-end|p1a: Great Tusk|Protosynthesis|[silent]
|-damage|p2a: Darkrai|15/100|[from] item: Life Orb
|
|upkeep
|inactive|omari p has 120 seconds left.
|inactive|omari p has 90 seconds left.
|
|t:|1781535726
|switch|p1a: Latios|Latios, M|74/100
|turn|19
|
|t:|1781535730
|move|p1a: Latios|Ice Beam|p2a: Darkrai
|-damage|p2a: Darkrai|0 fnt
|faint|p2a: Darkrai
|
|upkeep
|
|t:|1781535732
|switch|p2a: Dragonite|Dragonite, F|100/100
|turn|20
|inactive|omari p has 90 seconds left.
|
|t:|1781535753
|move|p1a: Latios|Ice Beam|p2a: Dragonite
|-supereffective|p2a: Dragonite
|-damage|p2a: Dragonite|31/100
|move|p2a: Dragonite|Dragon Dance|p2a: Dragonite
|-boost|p2a: Dragonite|atk|1
|-boost|p2a: Dragonite|spe|1
|
|upkeep
|turn|21
|
|t:|1781535757
|move|p2a: Dragonite|Extreme Speed|p1a: Latios
|-damage|p1a: Latios|5/100
|move|p1a: Latios|Ice Beam|p2a: Dragonite
|-supereffective|p2a: Dragonite
|-damage|p2a: Dragonite|0 fnt
|faint|p2a: Dragonite
|
|win|omari p
|raw|omari p's rating: 1537 &rarr; <strong>1559</strong><br />(+22 for winning)
|raw|ign27's rating: 1577 &rarr; <strong>1555</strong><br />(-22 for losing)
|c|☆ign27|low roll turn 10 mattered gg
|l|☆ign27
|player|p2|
