|j|☆summerenaissance
|j|☆gyhe
|t:|1781026314
|gametype|singles
|player|p1|summerenaissance|2|1568
|player|p2|gyhe|170|1660
|gen|9
|tier|[Gen 9] OU
|rated|
|rule|HP Percentage Mod: HP is shown in percentages
|rule|Endless Battle Clause: Forcing endless battles is banned
|rule|Species Clause: Limit one of each Pokémon
|rule|OHKO Clause: OHKO moves are banned
|rule|Evasion Items Clause: Evasion items are banned
|rule|Evasion Moves Clause: Evasion moves are banned
|rule|Evasion Abilities Clause: Evasion abilities are banned
|rule|Sleep Moves Clause: Sleep-inducing moves are banned
|clearpoke
|poke|p1|Gliscor, M|
|poke|p1|Dondozo, M|
|poke|p1|Clodsire, F|
|poke|p1|Toxapex, M|
|poke|p1|Clefable, F|
|poke|p1|Corviknight, M|
|poke|p2|Lokix, F|
|poke|p2|Pecharunt|
|poke|p2|Zamazenta-*|
|poke|p2|Ting-Lu|
|poke|p2|Latios, M|
|poke|p2|Gliscor, F|
|teampreview
|
|t:|1781026339
|teamsize|p1|6
|teamsize|p2|6
|start
|switch|p1a: Gliscor|Gliscor, M|100/100
|switch|p2a: Gliscor|Gliscor, F|100/100
|turn|1
|
|t:|1781026345
|move|p1a: Gliscor|Substitute|p1a: Gliscor
|-start|p1a: Gliscor|Substitute
|-damage|p1a: Gliscor|75/100
|move|p2a: Gliscor|Knock Off|p1a: Gliscor
|-activate|p1a: Gliscor|move: Substitute|[damage]
|
|-status|p1a: Gliscor|tox|[from] item: Toxic Orb
|-status|p2a: Gliscor|tox|[from] item: Toxic Orb
|upkeep
|turn|2
|
|t:|1781026352
|move|p1a: Gliscor|Knock Off|p2a: Gliscor
|-damage|p2a: Gliscor|82/100 tox
|-enditem|p2a: Gliscor|Toxic Orb|[from] move: Knock Off|[of] p1a: Gliscor
|move|p2a: Gliscor|U-turn|p1a: Gliscor
|-resisted|p1a: Gliscor
|-activate|p1a: Gliscor|move: Substitute|[damage]
|
|t:|1781026357
|switch|p2a: Latios|Latios, M|100/100|[from] U-turn
|
|-heal|p1a: Gliscor|88/100 tox|[from] ability: Poison Heal
|upkeep
|turn|3
|
|t:|1781026361
|move|p2a: Latios|Flip Turn|p1a: Gliscor
|-supereffective|p1a: Gliscor
|-end|p1a: Gliscor|Substitute
|
|t:|1781026364
|switch|p2a: Gliscor|Gliscor, F|82/100 tox|[from] Flip Turn
|move|p1a: Gliscor|Knock Off|p2a: Gliscor
|-damage|p2a: Gliscor|72/100 tox
|
|-heal|p1a: Gliscor|100/100 tox|[from] ability: Poison Heal
|-heal|p2a: Gliscor|85/100 tox|[from] ability: Poison Heal
|upkeep
|turn|4
|
|t:|1781026369
|switch|p1a: Clefable|Clefable, F|100/100
|move|p2a: Gliscor|Spikes|p1a: Clefable
|-sidestart|p1: summerenaissance|Spikes
|
|-heal|p2a: Gliscor|97/100 tox|[from] ability: Poison Heal
|upkeep
|turn|5
|
|t:|1781026374
|move|p2a: Gliscor|Knock Off|p1a: Clefable
|-resisted|p1a: Clefable
|-damage|p1a: Clefable|93/100
|move|p1a: Clefable|Stealth Rock|p2a: Gliscor
|-sidestart|p2: gyhe|move: Stealth Rock
|
|-heal|p2a: Gliscor|100/100 tox|[from] ability: Poison Heal
|-damage|p2a: Gliscor|88/100 tox|[from] item: Sticky Barb
|upkeep
|turn|6
|
|t:|1781026384
|switch|p1a: Gliscor|Gliscor, M|100/100 tox
|move|p2a: Gliscor|Knock Off|p1a: Gliscor
|-damage|p1a: Gliscor|83/100 tox
|-enditem|p1a: Gliscor|Toxic Orb|[from] move: Knock Off|[of] p2a: Gliscor
|
|-heal|p1a: Gliscor|95/100 tox|[from] ability: Poison Heal
|-heal|p2a: Gliscor|100/100 tox|[from] ability: Poison Heal
|-damage|p2a: Gliscor|88/100 tox|[from] item: Sticky Barb
|upkeep
|turn|7
|
|t:|1781026394
|move|p1a: Gliscor|Substitute|p1a: Gliscor
|-start|p1a: Gliscor|Substitute
|-damage|p1a: Gliscor|70/100 tox
|move|p2a: Gliscor|Spikes|p1a: Gliscor
|-sidestart|p1: summerenaissance|Spikes
|
|-heal|p1a: Gliscor|83/100 tox|[from] ability: Poison Heal
|-heal|p2a: Gliscor|100/100 tox|[from] ability: Poison Heal
|-damage|p2a: Gliscor|88/100 tox|[from] item: Sticky Barb
|upkeep
|turn|8
|
|t:|1781026399
|move|p1a: Gliscor|Protect|p1a: Gliscor
|-singleturn|p1a: Gliscor|Protect
|move|p2a: Gliscor|Spikes|p1a: Gliscor
|-sidestart|p1: summerenaissance|Spikes
|
|-heal|p1a: Gliscor|95/100 tox|[from] ability: Poison Heal
|-heal|p2a: Gliscor|100/100 tox|[from] ability: Poison Heal
|-damage|p2a: Gliscor|88/100 tox|[from] item: Sticky Barb
|upkeep
|turn|9
|
|t:|1781026403
|switch|p1a: Corviknight|Corviknight, M|100/100
|-ability|p1a: Corviknight|Pressure
|move|p2a: Gliscor|U-turn|p1a: Corviknight
|-resisted|p1a: Corviknight
|-damage|p1a: Corviknight|98/100
|
|t:|1781026406
|switch|p2a: Ting-Lu|Ting-Lu|100/100|[from] U-turn
|-damage|p2a: Ting-Lu|94/100|[from] Stealth Rock
|-ability|p2a: Ting-Lu|Vessel of Ruin
|
|-heal|p1a: Corviknight|100/100|[from] item: Leftovers
|-heal|p2a: Ting-Lu|100/100|[from] item: Leftovers
|upkeep
|turn|10
|
|t:|1781026416
|move|p1a: Corviknight|Defog|p2a: Ting-Lu
|-unboost|p2a: Ting-Lu|evasion|1
|-sideend|p2: gyhe|Stealth Rock|[from] move: Defog|[of] p1a: Corviknight
|-sideend|p1: summerenaissance|Spikes|[from] move: Defog|[of] p1a: Corviknight
|move|p2a: Ting-Lu|Ruination|p1a: Corviknight
|-damage|p1a: Corviknight|50/100
|
|-heal|p1a: Corviknight|57/100|[from] item: Leftovers
|upkeep
|turn|11
|
|t:|1781026419
|switch|p1a: Clefable|Clefable, F|93/100
|move|p2a: Ting-Lu|Stealth Rock|p1a: Clefable
|-sidestart|p1: summerenaissance|move: Stealth Rock
|
|upkeep
|turn|12
|
|t:|1781026423
|switch|p2a: Gliscor|Gliscor, F|88/100 tox
|move|p1a: Clefable|Moonblast|p2a: Gliscor
|-damage|p2a: Gliscor|61/100 tox
|
|-heal|p2a: Gliscor|73/100 tox|[from] ability: Poison Heal
|-damage|p2a: Gliscor|61/100 tox|[from] item: Sticky Barb
|upkeep
|turn|13
|
|t:|1781026432
|move|p2a: Gliscor|U-turn|p1a: Clefable
|-resisted|p1a: Clefable
|-damage|p1a: Clefable|87/100
|
|t:|1781026435
|switch|p2a: Pecharunt|Pecharunt|100/100|[from] U-turn
|move|p1a: Clefable|Moonblast|p2a: Pecharunt
|-resisted|p2a: Pecharunt
|-damage|p2a: Pecharunt|84/100
|
|upkeep
|turn|14
|
|t:|1781026439
|switch|p1a: Corviknight|Corviknight, M|57/100
|-damage|p1a: Corviknight|44/100|[from] Stealth Rock
|-ability|p1a: Corviknight|Pressure
|move|p2a: Pecharunt|Parting Shot|p1a: Corviknight
|-unboost|p1a: Corviknight|atk|1
|-unboost|p1a: Corviknight|spa|1
|
|t:|1781026442
|switch|p2a: Latios|Latios, M|100/100|[from] Parting Shot
|
|-heal|p1a: Corviknight|50/100|[from] item: Leftovers
|upkeep
|turn|15
|
|t:|1781026448
|move|p2a: Latios|Psychic Noise|p1a: Corviknight
|-resisted|p1a: Corviknight
|-crit|p1a: Corviknight
|-damage|p1a: Corviknight|25/100
|-start|p1a: Corviknight|move: Heal Block
|cant|p1a: Corviknight|move: Heal Block|Roost
|
|upkeep
|turn|16
|
|t:|1781026453
|switch|p1a: Gliscor|Gliscor, M|95/100 tox
|-damage|p1a: Gliscor|83/100 tox|[from] Stealth Rock
|move|p2a: Latios|Draco Meteor|p1a: Gliscor
|-damage|p1a: Gliscor|0 fnt
|-unboost|p2a: Latios|spa|2
|faint|p1a: Gliscor
|
|upkeep
|-message|summerenaissance forfeited.
|
|win|gyhe
|raw|summerenaissance's rating: 1568 &rarr; <strong>1552</strong><br />(-16 for losing)
|raw|gyhe's rating: 1639 &rarr; <strong>1655</strong><br />(+16 for winning)
|l|☆summerenaissance
|player|p1|
