|j|☆0c3an m4n
|j|☆CassiusAuBellossom
|t:|1781557334
|gametype|singles
|player|p1|0c3an m4n|marlon|1567
|player|p2|CassiusAuBellossom|102|1534
|gen|9
|tier|[Gen 9] OU
|rated|
|rule|HP Percentage Mod: HP is shown in percentages
|rule|Endless Battle Clause: Forcing endless battles is banned
|rule|Species Clause: Limit one of each Pokémon
|rule|OHKO Clause: OHKO moves are banned
|rule|Evasion Items Clause: Evasion items are banned
|rule|Evasion Moves Clause: Evasion moves are banned
|rule|Evasion Abilities Clause: Evasion abilities are banned
|rule|Sleep Moves Clause: Sleep-inducing moves are banned
|clearpoke
|poke|p1|Quaquaval, M|
|poke|p1|Barraskewda, M|
|poke|p1|Pelipper, F|
|poke|p1|Slither Wing|
|poke|p1|Hatterene, F|
|poke|p1|Gastrodon-East, F|
|poke|p2|Pelipper, F|
|poke|p2|Beartic, M|
|poke|p2|Barraskewda, M|
|poke|p2|Zapdos|
|poke|p2|Regieleki|
|poke|p2|Hydrapple, M|
|teampreview
|inactive|Battle timer is ON: inactive players will automatically lose when time's up. (requested by CassiusAuBellossom)
|c|☆CassiusAuBellossom|V cool team glhf
|
|t:|1781557358
|teamsize|p1|6
|teamsize|p2|6
|start
|switch|p1a: El papu|Slither Wing, shiny|100/100
|switch|p2a: Armin|Pelipper, F|100/100
|-weather|RainDance|[from] ability: Drizzle|[of] p2a: Armin
|turn|1
|
|t:|1781557366
|switch|p2a: Pieck|Hydrapple, M|100/100
|move|p1a: El papu|U-turn|p2a: Pieck
|-supereffective|p2a: Pieck
|-damage|p2a: Pieck|10/100
|-enditem|p2a: Pieck|Eject Button
|c|☆0c3an m4n|Glhf!!
|
|t:|1781557386
|switch|p2a: Zeke|Zapdos|100/100
|
|-weather|RainDance|[upkeep]
|upkeep
|turn|2
|
|t:|1781557392
|-end|p1a: El papu|Protosynthesis|[silent]
|switch|p1a: Si|Hatterene, F, shiny|100/100
|move|p2a: Zeke|Hurricane|p1a: Si
|-damage|p1a: Si|61/100
|
|-weather|RainDance|[upkeep]
|upkeep
|turn|3
|
|t:|1781557400
|move|p2a: Zeke|Thunder|p1a: Si
|-damage|p1a: Si|22/100
|-status|p1a: Si|par
|move|p1a: Si|Draining Kiss|p2a: Zeke
|-damage|p2a: Zeke|80/100
|-heal|p1a: Si|37/100 par|[from] drain|[of] p2a: Zeke
|
|-weather|RainDance|[upkeep]
|upkeep
|turn|4
|
|t:|1781557409
|switch|p1a: No Shell :(|Gastrodon-East, F, shiny|100/100
|move|p2a: Zeke|Hurricane|p1a: No Shell :(
|-damage|p1a: No Shell :(|47/100
|-start|p1a: No Shell :(|confusion
|
|-weather|RainDance|[upkeep]
|-heal|p1a: No Shell :(|53/100|[from] item: Leftovers
|upkeep
|turn|5
|
|t:|1781557419
|move|p2a: Zeke|Hurricane|p1a: No Shell :(
|-crit|p1a: No Shell :(
|-damage|p1a: No Shell :(|0 fnt
|faint|p1a: No Shell :(
|
|-weather|RainDance|[upkeep]
|upkeep
|
|t:|1781557421
|switch|p1a: Sphyraena (Fih) 🐟|Barraskewda, M, shiny|100/100
|turn|6
|
|t:|1781557430
|-terastallize|p1a: Sphyraena (Fih) 🐟|Water
|move|p1a: Sphyraena (Fih) 🐟|Liquidation|p2a: Zeke
|-damage|p2a: Zeke|0 fnt
|faint|p2a: Zeke
|
|-weather|RainDance|[upkeep]
|upkeep
|
|t:|1781557438
|switch|p2a: Pieck|Hydrapple, M|43/100
|turn|7
|
|t:|1781557446
|switch|p1a: El papu|Slither Wing, shiny|100/100
|switch|p2a: Levi|Barraskewda, M|100/100
|
|-weather|RainDance|[upkeep]
|upkeep
|turn|8
|
|t:|1781557453
|switch|p2a: Armin|Pelipper, F|100/100
|move|p1a: El papu|First Impression|p2a: Armin
|-resisted|p2a: Armin
|-damage|p2a: Armin|68/100
|
|-weather|none
|upkeep
|turn|9
|
|t:|1781557462
|-end|p1a: El papu|Protosynthesis|[silent]
|switch|p1a: Si|Hatterene, F, shiny|37/100 par
|move|p2a: Armin|U-turn|p1a: Si
|-damage|p1a: Si|28/100 par
|
|t:|1781557468
|switch|p2a: Mikasa|Regieleki|100/100|[from] U-turn
|
|upkeep
|turn|10
|
|t:|1781557473
|move|p2a: Mikasa|Volt Switch|p1a: Si
|-damage|p1a: Si|2/100 par
|
|t:|1781557480
|switch|p2a: Armin|Pelipper, F|68/100|[from] Volt Switch
|-weather|RainDance|[from] ability: Drizzle|[of] p2a: Armin
|cant|p1a: Si|par
|
|-weather|RainDance|[upkeep]
|upkeep
|turn|11
|
|t:|1781557490
|move|p2a: Armin|U-turn|p1a: Si
|-damage|p1a: Si|0 fnt
|faint|p1a: Si
|
|t:|1781557494
|switch|p2a: Pieck|Hydrapple, M|77/100|[from] U-turn
|
|-weather|RainDance|[upkeep]
|upkeep
|
|t:|1781557498
|switch|p1a: El papu|Slither Wing, shiny|100/100
|turn|12
|
|t:|1781557505
|switch|p2a: Armin|Pelipper, F|68/100
|move|p1a: El papu|Close Combat|p2a: Armin
|-resisted|p2a: Armin
|-damage|p2a: Armin|25/100
|-unboost|p1a: El papu|def|1
|-unboost|p1a: El papu|spd|1
|
|-weather|RainDance|[upkeep]
|upkeep
|turn|13
|
|t:|1781557522
|move|p1a: El papu|Close Combat|p2a: Armin
|-resisted|p2a: Armin
|-damage|p2a: Armin|0 fnt
|-unboost|p1a: El papu|def|1
|-unboost|p1a: El papu|spd|1
|faint|p2a: Armin
|
|-weather|RainDance|[upkeep]
|upkeep
|
|t:|1781557530
|switch|p2a: Eren|Beartic, M|100/100
|turn|14
|
|t:|1781557547
|-end|p1a: El papu|Protosynthesis|[silent]
|switch|p1a: Berdly|Quaquaval, M, shiny|100/100
|move|p2a: Eren|Swords Dance|p2a: Eren
|-boost|p2a: Eren|atk|2
|
|-weather|RainDance|[upkeep]
|upkeep
|turn|15
|
|t:|1781557556
|move|p2a: Eren|Trailblaze|p1a: Berdly
|-supereffective|p1a: Berdly
|-damage|p1a: Berdly|7/100
|-boost|p2a: Eren|spe|1
|move|p1a: Berdly|Aqua Step|p2a: Eren
|-damage|p2a: Eren|33/100
|-boost|p1a: Berdly|spe|1
|
|-weather|RainDance|[upkeep]
|upkeep
|turn|16
|
|t:|1781557566
|move|p1a: Berdly|Upper Hand||[still]
|-fail|p1a: Berdly
|move|p2a: Eren|Trailblaze|p1a: Berdly
|-supereffective|p1a: Berdly
|-damage|p1a: Berdly|0 fnt
|-boost|p2a: Eren|spe|1
|faint|p1a: Berdly
|
|-weather|RainDance|[upkeep]
|upkeep
|
|t:|1781557570
|switch|p1a: Sphyraena (Fih) 🐟|Barraskewda, M, shiny, tera:Water|100/100
|turn|17
|
|t:|1781557580
|switch|p1a: El papu|Slither Wing, shiny|100/100
|-terastallize|p2a: Eren|Grass
|move|p2a: Eren|Trailblaze|p1a: El papu
|-resisted|p1a: El papu
|-damage|p1a: El papu|57/100
|-boost|p2a: Eren|spe|1
|
|-weather|none
|upkeep
|turn|18
|
|t:|1781557595
|switch|p2a: Pieck|Hydrapple, M|100/100
|move|p1a: El papu|First Impression|p2a: Pieck
|-supereffective|p2a: Pieck
|-damage|p2a: Pieck|0 fnt
|faint|p2a: Pieck
|
|upkeep
|-message|CassiusAuBellossom forfeited.
|
|win|0c3an m4n
|raw|0c3an m4n's rating: 1567 &rarr; <strong>1585</strong><br />(+18 for winning)
|raw|CassiusAuBellossom's rating: 1534 &rarr; <strong>1516</strong><br />(-18 for losing)
|l|☆CassiusAuBellossom
|player|p2|
|c|☆0c3an m4n|Wp
|l|☆0c3an m4n
|player|p1|
