|j|☆Dr Gaster PHD
|j|☆blueisnoob
|t:|1781183094
|gametype|singles
|player|p1|Dr Gaster PHD|ghetsis|1589
|player|p2|blueisnoob|101|1622
|gen|9
|tier|[Gen 9] OU
|rated|
|rule|HP Percentage Mod: HP is shown in percentages
|rule|Endless Battle Clause: Forcing endless battles is banned
|rule|Species Clause: Limit one of each Pokémon
|rule|OHKO Clause: OHKO moves are banned
|rule|Evasion Items Clause: Evasion items are banned
|rule|Evasion Moves Clause: Evasion moves are banned
|rule|Evasion Abilities Clause: Evasion abilities are banned
|rule|Sleep Moves Clause: Sleep-inducing moves are banned
|clearpoke
|poke|p1|Hoopa-Unbound|
|poke|p1|Pecharunt|
|poke|p1|Landorus-Therian, M|
|poke|p1|Cinderace, M|
|poke|p1|Alomomola, M|
|poke|p1|Iron Valiant|
|poke|p2|Zamazenta-*|
|poke|p2|Ogerpon-Wellspring, F|
|poke|p2|Slowking-Galar, F|
|poke|p2|Great Tusk|
|poke|p2|Kingambit, M|
|poke|p2|Zapdos|
|teampreview
|
|t:|1781183104
|teamsize|p1|6
|teamsize|p2|6
|start
|switch|p1a: Akinator|Hoopa-Unbound|100/100
|switch|p2a: Zapdos|Zapdos|100/100
|turn|1
|inactive|Battle timer is ON: inactive players will automatically lose when time's up. (requested by Dr Gaster PHD)
|inactive|blueisnoob has 120 seconds left.
|
|t:|1781183163
|move|p2a: Zapdos|Thunder Wave|p1a: Akinator
|-status|p1a: Akinator|par
|move|p1a: Akinator|Knock Off|p2a: Zapdos
|-damage|p2a: Zapdos|27/100
|-enditem|p2a: Zapdos|Heavy-Duty Boots|[from] move: Knock Off|[of] p1a: Akinator
|
|upkeep
|turn|2
|
|t:|1781183171
|move|p2a: Zapdos|Roost|p2a: Zapdos
|-heal|p2a: Zapdos|77/100
|-singleturn|p2a: Zapdos|move: Roost
|cant|p1a: Akinator|par
|
|upkeep
|turn|3
|
|t:|1781183176
|move|p2a: Zapdos|Hurricane|p1a: Akinator
|-damage|p1a: Akinator|62/100 par
|-start|p1a: Akinator|confusion
|-activate|p1a: Akinator|confusion
|move|p1a: Akinator|Knock Off|p2a: Zapdos
|-damage|p2a: Zapdos|32/100
|
|upkeep
|turn|4
|
|t:|1781183192
|switch|p1a: Fih|Alomomola, M, shiny|100/100
|move|p2a: Zapdos|Roost|p2a: Zapdos
|-heal|p2a: Zapdos|82/100
|-singleturn|p2a: Zapdos|move: Roost
|
|upkeep
|turn|5
|
|t:|1781183200
|move|p2a: Zapdos|Thunder Wave|p1a: Fih
|-status|p1a: Fih|par
|cant|p1a: Fih|par
|
|upkeep
|turn|6
|
|t:|1781183204
|switch|p2a: Ogerpon|Ogerpon-Wellspring, F|100/100
|move|p1a: Fih|Mirror Coat||[still]
|-fail|p1a: Fih
|
|upkeep
|turn|7
|
|t:|1781183213
|switch|p1a: Akinator|Hoopa-Unbound|62/100 par
|move|p2a: Ogerpon|Knock Off|p1a: Akinator
|-damage|p1a: Akinator|0 fnt
|-enditem|p1a: Akinator|Choice Band|[from] move: Knock Off|[of] p2a: Ogerpon
|faint|p1a: Akinator
|
|upkeep
|
|t:|1781183215
|switch|p1a: Wabbit Season|Cinderace, M, shiny|100/100
|turn|8
|
|t:|1781183219
|switch|p2a: Zapdos|Zapdos|82/100
|move|p1a: Wabbit Season|U-turn|p2a: Zapdos
|-start|p1a: Wabbit Season|typechange|Bug|[from] ability: Libero
|-resisted|p2a: Zapdos
|-damage|p2a: Zapdos|68/100
|-status|p1a: Wabbit Season|par|[from] ability: Static|[of] p2a: Zapdos
|
|t:|1781183224
|switch|p1a: They Slash Them|Iron Valiant, shiny|100/100|[from] U-turn
|
|upkeep
|turn|9
|
|t:|1781183229
|move|p1a: They Slash Them|Moonblast|p2a: Zapdos
|-damage|p2a: Zapdos|4/100
|move|p2a: Zapdos|Thunder Wave|p1a: They Slash Them
|-status|p1a: They Slash Them|par
|
|upkeep
|turn|10
|
|t:|1781183234
|move|p2a: Zapdos|Hurricane|p1a: They Slash Them
|-supereffective|p1a: They Slash Them
|-damage|p1a: They Slash Them|0 fnt
|faint|p1a: They Slash Them
|-end|p1a: They Slash Them|Quark Drive|[silent]
|
|upkeep
|
|t:|1781183244
|switch|p1a: Fih|Alomomola, M, shiny|100/100 par
|turn|11
|
|t:|1781183247
|move|p1a: Fih|Aqua Jet|p2a: Zapdos
|-damage|p2a: Zapdos|0 fnt
|faint|p2a: Zapdos
|
|upkeep
|
|t:|1781183249
|switch|p2a: Ogerpon|Ogerpon-Wellspring, F|100/100
|turn|12
|
|t:|1781183252
|move|p2a: Ogerpon|Knock Off|p1a: Fih
|-crit|p1a: Fih
|-damage|p1a: Fih|59/100 par
|-enditem|p1a: Fih|Assault Vest|[from] move: Knock Off|[of] p2a: Ogerpon
|move|p1a: Fih|Body Slam|p2a: Ogerpon
|-damage|p2a: Ogerpon|79/100
|
|upkeep
|turn|13
|
|t:|1781183260
|move|p2a: Ogerpon|Power Whip|p1a: Fih
|-supereffective|p1a: Fih
|-damage|p1a: Fih|0 fnt
|faint|p1a: Fih
|
|upkeep
|
|t:|1781183264
|switch|p1a: Da Goat|Landorus-Therian, M, shiny|100/100
|-ability|p1a: Da Goat|Intimidate|boost
|-unboost|p2a: Ogerpon|atk|1
|turn|14
|
|t:|1781183267
|move|p1a: Da Goat|U-turn|p2a: Ogerpon
|-supereffective|p2a: Ogerpon
|-damage|p2a: Ogerpon|13/100
|
|t:|1781183270
|switch|p1a: Britney Spears|Pecharunt|100/100|[from] U-turn
|move|p2a: Ogerpon|Ivy Cudgel|p1a: Britney Spears|[anim] Ivy Cudgel Water
|-damage|p1a: Britney Spears|82/100
|
|upkeep
|turn|15
|
|t:|1781183277
|move|p2a: Ogerpon|Knock Off|p1a: Britney Spears
|-supereffective|p1a: Britney Spears
|-damage|p1a: Britney Spears|57/100
|-enditem|p1a: Britney Spears|Heavy-Duty Boots|[from] move: Knock Off|[of] p2a: Ogerpon
|move|p1a: Britney Spears|Parting Shot|p2a: Ogerpon
|-unboost|p2a: Ogerpon|atk|1
|-unboost|p2a: Ogerpon|spa|1
|
|t:|1781183279
|switch|p1a: Da Goat|Landorus-Therian, M, shiny|100/100|[from] Parting Shot
|-ability|p1a: Da Goat|Intimidate|boost
|-unboost|p2a: Ogerpon|atk|1
|
|upkeep
|turn|16
|
|t:|1781183284
|move|p1a: Da Goat|U-turn|p2a: Ogerpon
|-supereffective|p2a: Ogerpon
|-damage|p2a: Ogerpon|0 fnt
|faint|p2a: Ogerpon
|
|t:|1781183287
|switch|p1a: Wabbit Season|Cinderace, M, shiny|100/100 par|[from] U-turn
|
|upkeep
|
|t:|1781183293
|switch|p2a: Great Tusk|Great Tusk, shiny|100/100
|turn|17
|
|t:|1781183297
|switch|p1a: Da Goat|Landorus-Therian, M, shiny|100/100
|-ability|p1a: Da Goat|Intimidate|boost
|-unboost|p2a: Great Tusk|atk|1
|move|p2a: Great Tusk|Headlong Rush|p1a: Da Goat
|-immune|p1a: Da Goat
|
|upkeep
|turn|18
|
|t:|1781183301
|move|p1a: Da Goat|Grass Knot|p2a: Great Tusk
|-supereffective|p2a: Great Tusk
|-damage|p2a: Great Tusk|14/100
|move|p2a: Great Tusk|Stealth Rock|p1a: Da Goat
|-sidestart|p1: Dr Gaster PHD|move: Stealth Rock
|
|upkeep
|turn|19
|
|t:|1781183304
|-end|p2a: Great Tusk|Protosynthesis|[silent]
|switch|p2a: Slowking|Slowking-Galar, F|100/100
|move|p1a: Da Goat|Grass Knot|p2a: Slowking
|-resisted|p2a: Slowking
|-damage|p2a: Slowking|96/100
|
|upkeep
|turn|20
|
|t:|1781183306
|switch|p1a: Wabbit Season|Cinderace, M, shiny|100/100 par
|move|p2a: Slowking|Psyshock|p1a: Wabbit Season
|-damage|p1a: Wabbit Season|41/100 par
|
|upkeep
|turn|21
|
|t:|1781183309
|move|p1a: Wabbit Season|Court Change|p1a: Wabbit Season
|-start|p1a: Wabbit Season|typechange|Normal|[from] ability: Libero
|-swapsideconditions
|-activate|p1a: Wabbit Season|move: Court Change
|move|p2a: Slowking|Psyshock|p1a: Wabbit Season
|-damage|p1a: Wabbit Season|0 fnt
|faint|p1a: Wabbit Season
|
|upkeep
|
|t:|1781183315
|switch|p1a: Da Goat|Landorus-Therian, M, shiny|100/100
|-ability|p1a: Da Goat|Intimidate|boost
|-unboost|p2a: Slowking|atk|1
|turn|22
|
|t:|1781183318
|-terastallize|p2a: Slowking|Water
|move|p1a: Da Goat|Earthquake|p2a: Slowking
|-damage|p2a: Slowking|33/100
|move|p2a: Slowking|Ice Beam|p1a: Da Goat
|-supereffective|p1a: Da Goat
|-damage|p1a: Da Goat|0 fnt
|faint|p1a: Da Goat
|
|upkeep
|
|t:|1781183321
|switch|p1a: Britney Spears|Pecharunt|57/100
|turn|23
|
|t:|1781183326
|move|p1a: Britney Spears|Malignant Chain|p2a: Slowking
|-damage|p2a: Slowking|19/100
|move|p2a: Slowking|Psyshock|p1a: Britney Spears
|-supereffective|p1a: Britney Spears
|-crit|p1a: Britney Spears
|-damage|p1a: Britney Spears|5/100
|
|upkeep
|turn|24
|
|t:|1781183329
|move|p1a: Britney Spears|Malignant Chain|p2a: Slowking
|-damage|p2a: Slowking|4/100
|move|p2a: Slowking|Psyshock|p1a: Britney Spears
|-supereffective|p1a: Britney Spears
|-damage|p1a: Britney Spears|0 fnt
|faint|p1a: Britney Spears
|
|win|blueisnoob
|raw|Dr Gaster PHD's rating: 1589 &rarr; <strong>1571</strong><br />(-18 for losing)
|raw|blueisnoob's rating: 1622 &rarr; <strong>1640</strong><br />(+18 for winning)
|l|☆Dr Gaster PHD
|player|p1|
