|j|☆Dr Gaster PHD
|j|☆Moistmakerjr
|t:|1781226686
|gametype|singles
|player|p1|Dr Gaster PHD|ghetsis|1609
|player|p2|Moistmakerjr|youngster-gen4dp|1627
|gen|9
|tier|[Gen 9] OU
|rated|
|rule|HP Percentage Mod: HP is shown in percentages
|rule|Endless Battle Clause: Forcing endless battles is banned
|rule|Species Clause: Limit one of each Pokémon
|rule|OHKO Clause: OHKO moves are banned
|rule|Evasion Items Clause: Evasion items are banned
|rule|Evasion Moves Clause: Evasion moves are banned
|rule|Evasion Abilities Clause: Evasion abilities are banned
|rule|Sleep Moves Clause: Sleep-inducing moves are banned
|clearpoke
|poke|p1|Hoopa-Unbound|
|poke|p1|Pecharunt|
|poke|p1|Landorus-Therian, M|
|poke|p1|Cinderace, M|
|poke|p1|Alomomola, M|
|poke|p1|Iron Valiant|
|poke|p2|Cloyster, F|
|poke|p2|Polteageist|
|poke|p2|Maushold|
|poke|p2|Dragonite, F|
|poke|p2|Kommo-o, M|
|poke|p2|Typhlosion-Hisui, M|
|teampreview
|
|t:|1781226713
|teamsize|p1|6
|teamsize|p2|6
|start
|switch|p1a: Da Goat|Landorus-Therian, M, shiny|100/100
|switch|p2a: Typhlosion|Typhlosion-Hisui, M|100/100
|-ability|p1a: Da Goat|Intimidate|boost
|-unboost|p2a: Typhlosion|atk|1
|turn|1
|
|t:|1781226719
|move|p1a: Da Goat|Earthquake|p2a: Typhlosion
|-supereffective|p2a: Typhlosion
|-damage|p2a: Typhlosion|0 fnt
|faint|p2a: Typhlosion
|
|upkeep
|
|t:|1781226724
|switch|p2a: Polteageist|Polteageist|100/100
|turn|2
|inactive|Battle timer is ON: inactive players will automatically lose when time's up. (requested by Moistmakerjr)
|
|t:|1781226728
|move|p1a: Da Goat|Earthquake|p2a: Polteageist
|-enditem|p2a: Polteageist|Focus Sash
|-damage|p2a: Polteageist|1/100
|-ability|p2a: Polteageist|Weak Armor|boost
|-unboost|p2a: Polteageist|def|1
|-boost|p2a: Polteageist|spe|2
|move|p2a: Polteageist|Shell Smash|p2a: Polteageist
|-unboost|p2a: Polteageist|def|1
|-unboost|p2a: Polteageist|spd|1
|-boost|p2a: Polteageist|atk|2
|-boost|p2a: Polteageist|spa|2
|-boost|p2a: Polteageist|spe|2
|
|upkeep
|turn|3
|
|t:|1781226735
|switch|p1a: Akinator|Hoopa-Unbound|100/100
|move|p2a: Polteageist|Giga Drain|p1a: Akinator
|-damage|p1a: Akinator|52/100
|-heal|p2a: Polteageist|30/100|[from] drain|[of] p1a: Akinator
|
|upkeep
|turn|4
|
|t:|1781226748
|move|p2a: Polteageist|Giga Drain|p1a: Akinator
|-damage|p1a: Akinator|0 fnt
|-heal|p2a: Polteageist|61/100|[from] drain|[of] p1a: Akinator
|faint|p1a: Akinator
|
|upkeep
|
|t:|1781226761
|switch|p1a: Fih|Alomomola, M, shiny|100/100
|turn|5
|
|t:|1781226766
|move|p2a: Polteageist|Shell Smash|p2a: Polteageist
|-unboost|p2a: Polteageist|def|1
|-unboost|p2a: Polteageist|spd|1
|-boost|p2a: Polteageist|atk|2
|-boost|p2a: Polteageist|spa|2
|-boost|p2a: Polteageist|spe|2
|move|p1a: Fih|Mirror Coat||[still]
|-fail|p1a: Fih
|
|upkeep
|turn|6
|
|t:|1781226789
|move|p1a: Fih|Aqua Jet|p2a: Polteageist
|-damage|p2a: Polteageist|8/100
|-ability|p2a: Polteageist|Weak Armor|boost
|-unboost|p2a: Polteageist|def|1
|move|p2a: Polteageist|Stored Power|p1a: Fih
|-damage|p1a: Fih|0 fnt
|faint|p1a: Fih
|
|upkeep
|
|t:|1781226794
|switch|p1a: Wabbit Season|Cinderace, M, shiny|100/100
|turn|7
|
|t:|1781226797
|move|p1a: Wabbit Season|Sucker Punch|p2a: Polteageist
|-start|p1a: Wabbit Season|typechange|Dark|[from] ability: Libero
|-supereffective|p2a: Polteageist
|-damage|p2a: Polteageist|0 fnt
|faint|p2a: Polteageist
|
|upkeep
|
|t:|1781226808
|switch|p2a: Cloyster|Cloyster, F|100/100
|turn|8
|
|t:|1781226811
|move|p1a: Wabbit Season|U-turn|p2a: Cloyster
|-damage|p2a: Cloyster|82/100
|
|t:|1781226814
|switch|p1a: Da Goat|Landorus-Therian, M, shiny|100/100|[from] U-turn
|-ability|p1a: Da Goat|Intimidate|boost
|-unboost|p2a: Cloyster|atk|1
|move|p2a: Cloyster|Shell Smash|p2a: Cloyster
|-unboost|p2a: Cloyster|def|1
|-unboost|p2a: Cloyster|spd|1
|-boost|p2a: Cloyster|atk|2
|-boost|p2a: Cloyster|spa|2
|-boost|p2a: Cloyster|spe|2
|
|upkeep
|turn|9
|
|t:|1781226821
|move|p2a: Cloyster|Shell Smash|p2a: Cloyster
|-unboost|p2a: Cloyster|def|1
|-unboost|p2a: Cloyster|spd|1
|-boost|p2a: Cloyster|atk|2
|-boost|p2a: Cloyster|spa|2
|-boost|p2a: Cloyster|spe|2
|move|p1a: Da Goat|Grass Knot|p2a: Cloyster
|-supereffective|p2a: Cloyster
|-damage|p2a: Cloyster|0 fnt
|faint|p2a: Cloyster
|
|upkeep
|
|t:|1781226829
|switch|p2a: Dragonite|Dragonite, F|100/100
|turn|10
|
|t:|1781226832
|switch|p1a: Britney Spears|Pecharunt|100/100
|move|p2a: Dragonite|Scale Shot|p1a: Britney Spears
|-damage|p1a: Britney Spears|94/100
|-damage|p1a: Britney Spears|87/100
|-damage|p1a: Britney Spears|80/100
|-damage|p1a: Britney Spears|73/100
|-damage|p1a: Britney Spears|67/100
|-hitcount|p1a: Britney Spears|5
|-unboost|p2a: Dragonite|def|1
|-boost|p2a: Dragonite|spe|1
|
|upkeep
|turn|11
|
|t:|1781226838
|move|p2a: Dragonite|Scale Shot|p1a: Britney Spears
|-damage|p1a: Britney Spears|60/100
|-damage|p1a: Britney Spears|52/100
|-damage|p1a: Britney Spears|45/100
|-damage|p1a: Britney Spears|38/100
|-hitcount|p1a: Britney Spears|4
|-unboost|p2a: Dragonite|def|1
|-boost|p2a: Dragonite|spe|1
|move|p1a: Britney Spears|Malignant Chain|p2a: Dragonite
|-damage|p2a: Dragonite|85/100
|
|upkeep
|turn|12
|
|t:|1781226845
|move|p2a: Dragonite|Dragon Dance|p2a: Dragonite
|-boost|p2a: Dragonite|atk|1
|-boost|p2a: Dragonite|spe|1
|move|p1a: Britney Spears|Recover|p1a: Britney Spears
|-heal|p1a: Britney Spears|88/100
|
|upkeep
|turn|13
|
|t:|1781226847
|move|p2a: Dragonite|Scale Shot|p1a: Britney Spears
|-damage|p1a: Britney Spears|77/100
|-damage|p1a: Britney Spears|67/100
|-damage|p1a: Britney Spears|57/100
|-damage|p1a: Britney Spears|47/100
|-hitcount|p1a: Britney Spears|4
|-unboost|p2a: Dragonite|def|1
|-boost|p2a: Dragonite|spe|1
|move|p1a: Britney Spears|Malignant Chain|p2a: Dragonite
|-damage|p2a: Dragonite|52/100
|-status|p2a: Dragonite|tox
|-start|p2a: Dragonite|confusion|[from] ability: Poison Puppeteer|[of] p1a: Britney Spears
|
|-damage|p2a: Dragonite|45/100 tox|[from] psn
|upkeep
|turn|14
|
|t:|1781226852
|-activate|p2a: Dragonite|confusion
|-damage|p2a: Dragonite|0 fnt|[from] confusion
|faint|p2a: Dragonite
|move|p1a: Britney Spears|Recover|p1a: Britney Spears
|-heal|p1a: Britney Spears|98/100
|
|upkeep
|
|t:|1781226868
|switch|p2a: Kommo-o|Kommo-o, M|100/100
|turn|15
|
|t:|1781226874
|move|p2a: Kommo-o|Clangorous Soul|p2a: Kommo-o
|-boost|p2a: Kommo-o|atk|1
|-boost|p2a: Kommo-o|def|1
|-boost|p2a: Kommo-o|spa|1
|-boost|p2a: Kommo-o|spd|1
|-boost|p2a: Kommo-o|spe|1
|-damage|p2a: Kommo-o|68/100
|-enditem|p2a: Kommo-o|Throat Spray
|-boost|p2a: Kommo-o|spa|1|[from] item: Throat Spray
|move|p1a: Britney Spears|Malignant Chain|p2a: Kommo-o
|-damage|p2a: Kommo-o|43/100
|-status|p2a: Kommo-o|tox
|-start|p2a: Kommo-o|confusion|[from] ability: Poison Puppeteer|[of] p1a: Britney Spears
|
|-damage|p2a: Kommo-o|37/100 tox|[from] psn
|upkeep
|turn|16
|-message|Moistmakerjr forfeited.
|
|win|Dr Gaster PHD
|raw|Dr Gaster PHD's rating: 1609 &rarr; <strong>1630</strong><br />(+21 for winning)
|raw|Moistmakerjr's rating: 1627 &rarr; <strong>1606</strong><br />(-21 for losing)
|l|☆Moistmakerjr
|player|p2|
|l|☆Dr Gaster PHD
|player|p1|
