|j|☆jd2sleepy
|j|☆deepfriedmagikarp
|t:|1781562795
|gametype|singles
|player|p1|jd2sleepy|blackbelt-gen4dp|1692
|player|p2|deepfriedmagikarp|pokemonranger-gen4|1741
|gen|9
|tier|[Gen 9] OU
|rated|
|rule|HP Percentage Mod: HP is shown in percentages
|rule|Endless Battle Clause: Forcing endless battles is banned
|rule|Species Clause: Limit one of each Pokémon
|rule|OHKO Clause: OHKO moves are banned
|rule|Evasion Items Clause: Evasion items are banned
|rule|Evasion Moves Clause: Evasion moves are banned
|rule|Evasion Abilities Clause: Evasion abilities are banned
|rule|Sleep Moves Clause: Sleep-inducing moves are banned
|clearpoke
|poke|p1|Excadrill, M|
|poke|p1|Gholdengo|
|poke|p1|Kingambit, M|
|poke|p1|Zoroark-Hisui, F|
|poke|p1|Iron Valiant|
|poke|p1|Ogerpon-Wellspring, F|
|poke|p2|Hatterene, F|
|poke|p2|Great Tusk|
|poke|p2|Tornadus-Therian, M|
|poke|p2|Kyurem|
|poke|p2|Slowking-Galar, F|
|poke|p2|Kingambit, M|
|teampreview
|inactive|Battle timer is ON: inactive players will automatically lose when time's up. (requested by deepfriedmagikarp)
|
|t:|1781562816
|teamsize|p1|6
|teamsize|p2|6
|start
|switch|p1a: OnThatExca|Excadrill, M|100/100
|switch|p2a: Tornadus|Tornadus-Therian, M|100/100
|-ability|p1a: OnThatExca|Mold Breaker
|turn|1
|
|t:|1781562820
|move|p2a: Tornadus|Heat Wave|p1a: OnThatExca
|-supereffective|p1a: OnThatExca
|-damage|p1a: OnThatExca|25/100
|move|p1a: OnThatExca|Stealth Rock|p2a: Tornadus
|-sidestart|p2: deepfriedmagikarp|move: Stealth Rock
|
|upkeep
|turn|2
|
|t:|1781562824
|move|p2a: Tornadus|Heat Wave|p1a: OnThatExca
|-supereffective|p1a: OnThatExca
|-damage|p1a: OnThatExca|0 fnt
|faint|p1a: OnThatExca
|
|upkeep
|
|t:|1781562838
|switch|p1a: Dengos Domain|Gholdengo|100/100
|turn|3
|
|t:|1781562841
|move|p1a: Dengos Domain|Trick|p2a: Tornadus
|-activate|p1a: Dengos Domain|move: Trick|[of] p2a: Tornadus
|-item|p2a: Tornadus|Choice Scarf|[from] move: Trick
|-item|p1a: Dengos Domain|Assault Vest|[from] move: Trick
|move|p2a: Tornadus|Heat Wave|p1a: Dengos Domain
|-supereffective|p1a: Dengos Domain
|-damage|p1a: Dengos Domain|64/100
|
|upkeep
|turn|4
|
|t:|1781562850
|move|p2a: Tornadus|Heat Wave|p1a: Dengos Domain
|-supereffective|p1a: Dengos Domain
|-damage|p1a: Dengos Domain|29/100
|move|p1a: Dengos Domain|Shadow Ball|p2a: Tornadus
|-damage|p2a: Tornadus|57/100
|
|upkeep
|turn|5
|j| padd35
|
|t:|1781562854
|move|p2a: Tornadus|Heat Wave|p1a: Dengos Domain|[miss]
|-miss|p2a: Tornadus|p1a: Dengos Domain
|move|p1a: Dengos Domain|Shadow Ball|p2a: Tornadus
|-crit|p2a: Tornadus
|-damage|p2a: Tornadus|0 fnt
|faint|p2a: Tornadus
|
|upkeep
|
|t:|1781562863
|switch|p2a: Kingambit|Kingambit, M|100/100
|-damage|p2a: Kingambit|94/100|[from] Stealth Rock
|-activate|p2a: Kingambit|ability: Supreme Overlord
|-start|p2a: Kingambit|fallen1|[silent]
|turn|6
|l| padd35
|
|t:|1781562868
|move|p1a: Dengos Domain|Make It Rain|p2a: Kingambit
|-resisted|p2a: Kingambit
|-damage|p2a: Kingambit|63/100
|-unboost|p1a: Dengos Domain|spa|1
|move|p2a: Kingambit|Swords Dance|p2a: Kingambit
|-boost|p2a: Kingambit|atk|2
|
|-heal|p2a: Kingambit|69/100|[from] item: Leftovers
|upkeep
|turn|7
|
|t:|1781562872
|move|p1a: Dengos Domain|Make It Rain|p2a: Kingambit
|-resisted|p2a: Kingambit
|-damage|p2a: Kingambit|49/100
|-unboost|p1a: Dengos Domain|spa|1
|move|p2a: Kingambit|Kowtow Cleave|p1a: Dengos Domain
|-supereffective|p1a: Dengos Domain
|-damage|p1a: Dengos Domain|0 fnt
|faint|p1a: Dengos Domain
|
|-heal|p2a: Kingambit|55/100|[from] item: Leftovers
|upkeep
|
|t:|1781562876
|switch|p1a: Valiant Effort|Iron Valiant|100/100
|-enditem|p1a: Valiant Effort|Booster Energy
|-activate|p1a: Valiant Effort|ability: Quark Drive|[fromitem]
|-start|p1a: Valiant Effort|quarkdrivespe
|turn|8
|
|t:|1781562879
|-end|p2a: Kingambit|fallen1|[silent]
|switch|p2a: Slowking|Slowking-Galar, F|100/100
|-damage|p2a: Slowking|88/100|[from] Stealth Rock
|move|p1a: Valiant Effort|Destiny Bond|p1a: Valiant Effort
|-singlemove|p1a: Valiant Effort|Destiny Bond
|
|-heal|p2a: Slowking|94/100|[from] item: Black Sludge
|upkeep
|turn|9
|
|t:|1781562882
|move|p1a: Valiant Effort|Knock Off|p2a: Slowking
|-supereffective|p2a: Slowking
|-damage|p2a: Slowking|56/100
|-enditem|p2a: Slowking|Black Sludge|[from] move: Knock Off|[of] p1a: Valiant Effort
|move|p2a: Slowking|Sludge Bomb|p1a: Valiant Effort
|-supereffective|p1a: Valiant Effort
|-damage|p1a: Valiant Effort|0 fnt
|faint|p1a: Valiant Effort
|-end|p1a: Valiant Effort|Quark Drive|[silent]
|
|upkeep
|
|t:|1781562889
|switch|p1a: Cudge Judy|Ogerpon-Wellspring, F|100/100
|turn|10
|
|t:|1781562891
|move|p1a: Cudge Judy|Ivy Cudgel|p2a: Slowking|[anim] Ivy Cudgel Water
|-damage|p2a: Slowking|13/100
|move|p2a: Slowking|Sludge Bomb|p1a: Cudge Judy
|-supereffective|p1a: Cudge Judy
|-damage|p1a: Cudge Judy|20/100
|-status|p1a: Cudge Judy|psn
|
|-damage|p1a: Cudge Judy|8/100 psn|[from] psn
|upkeep
|turn|11
|
|t:|1781562896
|move|p1a: Cudge Judy|Play Rough|p2a: Slowking
|-resisted|p2a: Slowking
|-damage|p2a: Slowking|0 fnt
|faint|p2a: Slowking
|
|-damage|p1a: Cudge Judy|0 fnt|[from] psn
|faint|p1a: Cudge Judy
|upkeep
|
|t:|1781562902
|switch|p1a: 平和|Kingambit, M|100/100
|switch|p2a: Hatterene|Hatterene, F|100/100
|-damage|p2a: Hatterene|88/100|[from] Stealth Rock
|turn|12
|
|t:|1781562904
|move|p1a: 平和|Poltergeist|p2a: Hatterene
|-activate|p2a: Hatterene|move: Poltergeist|Rocky Helmet
|-supereffective|p2a: Hatterene
|-damage|p2a: Hatterene|0 fnt
|faint|p2a: Hatterene
|-damage|p1a: 平和|91/100|[from] item: Life Orb
|
|upkeep
|
|t:|1781562910
|switch|p2a: Kingambit|Kingambit, M|55/100
|-damage|p2a: Kingambit|49/100|[from] Stealth Rock
|-activate|p2a: Kingambit|ability: Supreme Overlord
|-start|p2a: Kingambit|fallen3|[silent]
|turn|13
|
|t:|1781562912
|move|p2a: Kingambit|Sucker Punch|p1a: 平和
|-supereffective|p1a: 平和
|-damage|p1a: 平和|0 fnt
|replace|p1a: Zoro's Ark|Zoroark-Hisui, F
|-end|p1a: Zoro's Ark|Illusion
|faint|p1a: Zoro's Ark
|
|-heal|p2a: Kingambit|55/100|[from] item: Leftovers
|upkeep
|
|t:|1781562913
|switch|p1a: 平和|Kingambit, M|100/100
|-activate|p1a: 平和|ability: Supreme Overlord
|-start|p1a: 平和|fallen5|[silent]
|-item|p1a: 平和|Air Balloon
|turn|14
|
|t:|1781562917
|move|p1a: 平和|Swords Dance|p1a: 平和
|-boost|p1a: 平和|atk|2
|move|p2a: Kingambit|Iron Head|p1a: 平和
|-resisted|p1a: 平和
|-damage|p1a: 平和|75/100
|-enditem|p1a: 平和|Air Balloon
|
|-heal|p2a: Kingambit|61/100|[from] item: Leftovers
|upkeep
|turn|15
|
|t:|1781562920
|move|p1a: 平和|Swords Dance|p1a: 平和
|-boost|p1a: 平和|atk|2
|move|p2a: Kingambit|Kowtow Cleave|p1a: 平和
|-resisted|p1a: 平和
|-damage|p1a: 平和|46/100
|
|-heal|p2a: Kingambit|67/100|[from] item: Leftovers
|upkeep
|turn|16
|
|t:|1781562926
|-end|p2a: Kingambit|fallen3|[silent]
|switch|p2a: Kyurem|Kyurem|100/100
|-damage|p2a: Kyurem|76/100|[from] Stealth Rock
|-ability|p2a: Kyurem|Pressure
|move|p1a: 平和|Swords Dance|p1a: 平和
|-boost|p1a: 平和|atk|2
|
|upkeep
|turn|17
|
|t:|1781562930
|move|p1a: 平和|Sucker Punch|p2a: Kyurem
|-damage|p2a: Kyurem|0 fnt
|faint|p2a: Kyurem
|
|upkeep
|
|t:|1781562932
|switch|p2a: Great Tusk|Great Tusk|100/100
|-damage|p2a: Great Tusk|98/100|[from] Stealth Rock
|turn|18
|
|t:|1781562935
|-end|p2a: Great Tusk|Protosynthesis|[silent]
|switch|p2a: Kingambit|Kingambit, M|67/100
|-damage|p2a: Kingambit|61/100|[from] Stealth Rock
|-activate|p2a: Kingambit|ability: Supreme Overlord
|-start|p2a: Kingambit|fallen4|[silent]
|move|p1a: 平和|Sucker Punch||[still]
|-fail|p1a: 平和
|
|-heal|p2a: Kingambit|67/100|[from] item: Leftovers
|upkeep
|turn|19
|
|t:|1781562938
|move|p2a: Kingambit|Sucker Punch|p1a: 平和
|-resisted|p1a: 平和
|-damage|p1a: 平和|21/100
|move|p1a: 平和|Kowtow Cleave|p2a: Kingambit
|-resisted|p2a: Kingambit
|-damage|p2a: Kingambit|0 fnt
|faint|p2a: Kingambit
|-end|p2a: Kingambit|fallen4|[silent]
|
|upkeep
|
|t:|1781562940
|switch|p2a: Great Tusk|Great Tusk|98/100
|-damage|p2a: Great Tusk|95/100|[from] Stealth Rock
|turn|20
|
|t:|1781562942
|move|p1a: 平和|Sucker Punch|p2a: Great Tusk
|-resisted|p2a: Great Tusk
|-damage|p2a: Great Tusk|7/100
|-damage|p1a: 平和|5/100|[from] item: Rocky Helmet|[of] p2a: Great Tusk
|move|p2a: Great Tusk|Headlong Rush|p1a: 平和
|-supereffective|p1a: 平和
|-damage|p1a: 平和|0 fnt
|-unboost|p2a: Great Tusk|def|1
|-unboost|p2a: Great Tusk|spd|1
|faint|p1a: 平和
|-end|p1a: 平和|fallen5|[silent]
|
|win|deepfriedmagikarp
|raw|jd2sleepy's rating: 1692 &rarr; <strong>1675</strong><br />(-17 for losing)
|raw|deepfriedmagikarp's rating: 1741 &rarr; <strong>1758</strong><br />(+17 for winning)
|l|☆deepfriedmagikarp
|player|p2|
|l|☆jd2sleepy
|player|p1|
