|badge|p2|bronze|gen9ou|100-9
|uhtml|medal-msg|<div class="broadcast-blue">Curious what those medals under the avatar are? PS now has Ladder Seasons! For more information, check out the <a href="https://www.smogon.com/forums/threads/3740067/">thread on Smogon.</a></div>
|j|☆Mr.X&Y97
|j|☆Auburn Hills
|t:|1780959256
|gametype|singles
|player|p1|Mr.X&Y97|ingo|1620
|player|p2|Auburn Hills|alder|1847
|gen|9
|tier|[Gen 9] OU
|rated|
|rule|HP Percentage Mod: HP is shown in percentages
|rule|Endless Battle Clause: Forcing endless battles is banned
|rule|Species Clause: Limit one of each Pokémon
|rule|OHKO Clause: OHKO moves are banned
|rule|Evasion Items Clause: Evasion items are banned
|rule|Evasion Moves Clause: Evasion moves are banned
|rule|Evasion Abilities Clause: Evasion abilities are banned
|rule|Sleep Moves Clause: Sleep-inducing moves are banned
|clearpoke
|poke|p1|Ursaluna, M|
|poke|p1|Hatterene, F|
|poke|p1|Slowking-Galar, F|
|poke|p1|Mimikyu, M|
|poke|p1|Conkeldurr, M|
|poke|p1|Deoxys-Speed|
|poke|p2|Iron Moth|
|poke|p2|Umbreon, F|
|poke|p2|Garchomp, M|
|poke|p2|Glimmora, M|
|poke|p2|Gholdengo|
|poke|p2|Dragonite, M|
|teampreview
|inactive|Battle timer is ON: inactive players will automatically lose when time's up. (requested by Mr.X&Y97)
|
|t:|1780959272
|teamsize|p1|6
|teamsize|p2|6
|start
|switch|p1a: Deoxys|Deoxys-Speed|100/100
|switch|p2a: Glimmora|Glimmora, M|100/100
|-ability|p1a: Deoxys|Pressure
|turn|1
|
|t:|1780959280
|move|p1a: Deoxys|Psycho Boost|p2a: Glimmora
|-supereffective|p2a: Glimmora
|-enditem|p2a: Glimmora|Focus Sash
|-damage|p2a: Glimmora|1/100
|-unboost|p1a: Deoxys|spa|2
|-damage|p1a: Deoxys|91/100|[from] item: Life Orb
|move|p2a: Glimmora|Sludge Wave|p1a: Deoxys
|-damage|p1a: Deoxys|2/100
|
|upkeep
|turn|2
|
|t:|1780959290
|move|p1a: Deoxys|Shadow Ball|p2a: Glimmora
|-damage|p2a: Glimmora|0 fnt
|faint|p2a: Glimmora
|-damage|p1a: Deoxys|0 fnt|[from] item: Life Orb
|faint|p1a: Deoxys
|
|upkeep
|j| DA COME UP
|
|t:|1780959303
|switch|p1a: Ursaluna|Ursaluna, M|100/100
|switch|p2a: Smino|Gholdengo|100/100
|turn|3
|
|t:|1780959306
|move|p2a: Smino|Trick|p1a: Ursaluna
|-activate|p2a: Smino|move: Trick|[of] p1a: Ursaluna
|-item|p1a: Ursaluna|Choice Scarf|[from] move: Trick
|-item|p2a: Smino|Flame Orb|[from] move: Trick
|move|p1a: Ursaluna|Headlong Rush|p2a: Smino
|-supereffective|p2a: Smino
|-damage|p2a: Smino|0 fnt
|-unboost|p1a: Ursaluna|def|1
|-unboost|p1a: Ursaluna|spd|1
|faint|p2a: Smino
|
|upkeep
|
|t:|1780959309
|switch|p2a: Elucid|Dragonite, M|100/100
|turn|4
|
|t:|1780959317
|switch|p1a: Mimikyu|Mimikyu, M|100/100
|move|p2a: Elucid|Earthquake|p1a: Mimikyu
|-activate|p1a: Mimikyu|ability: Disguise
|-damage|p1a: Mimikyu|100/100
|detailschange|p1a: Mimikyu|Mimikyu-Busted, M
|-damage|p1a: Mimikyu|88/100|[from] pokemon: Mimikyu-Busted
|-enditem|p1a: Mimikyu|Red Card|[of] p2a: Elucid
|drag|p2a: Rat Tally|Garchomp, M|100/100
|
|upkeep
|turn|5
|
|t:|1780959324
|move|p2a: Rat Tally|Earthquake|p1a: Mimikyu
|-damage|p1a: Mimikyu|39/100
|move|p1a: Mimikyu|Trick Room|p1a: Mimikyu
|-fieldstart|move: Trick Room|[of] p1a: Mimikyu
|
|upkeep
|turn|6
|
|t:|1780959328
|move|p1a: Mimikyu|Destiny Bond|p1a: Mimikyu
|-singlemove|p1a: Mimikyu|Destiny Bond
|move|p2a: Rat Tally|Earthquake|p1a: Mimikyu
|-damage|p1a: Mimikyu|0 fnt
|faint|p1a: Mimikyu
|-activate|p1a: Mimikyu|move: Destiny Bond
|faint|p2a: Rat Tally
|
|upkeep
|
|t:|1780959340
|switch|p1a: Conkeldurr|Conkeldurr, M|100/100
|switch|p2a: Elucid|Dragonite, M|100/100
|turn|7
|j| makz7x
|
|t:|1780959345
|switch|p2a: Alvvays|Umbreon, F|100/100
|move|p1a: Conkeldurr|Ice Punch|p2a: Alvvays
|-damage|p2a: Alvvays|77/100
|
|-heal|p2a: Alvvays|83/100|[from] item: Leftovers
|-status|p1a: Conkeldurr|brn|[from] item: Flame Orb
|upkeep
|turn|8
|
|t:|1780959363
|switch|p1a: Slowking|Slowking-Galar, F|100/100
|move|p2a: Alvvays|Protect||[still]
|-fail|p2a: Alvvays
|
|-heal|p2a: Alvvays|90/100|[from] item: Leftovers
|upkeep
|turn|9
|
|t:|1780959369
|move|p1a: Slowking|Sludge Bomb|p2a: Alvvays
|-damage|p2a: Alvvays|73/100
|move|p2a: Alvvays|Foul Play|p1a: Slowking
|-supereffective|p1a: Slowking
|-damage|p1a: Slowking|79/100
|-enditem|p1a: Slowking|Eject Button
|
|t:|1780959378
|switch|p1a: Conkeldurr|Conkeldurr, M|100/100 brn
|
|-heal|p2a: Alvvays|79/100|[from] item: Leftovers
|-damage|p1a: Conkeldurr|94/100 brn|[from] brn
|-fieldend|move: Trick Room
|upkeep
|turn|10
|
|t:|1780959381
|move|p2a: Alvvays|Protect|p2a: Alvvays
|-singleturn|p2a: Alvvays|Protect
|move|p1a: Conkeldurr|Knock Off|p2a: Alvvays
|-activate|p2a: Alvvays|move: Protect
|
|-heal|p2a: Alvvays|85/100|[from] item: Leftovers
|-damage|p1a: Conkeldurr|88/100 brn|[from] brn
|upkeep
|turn|11
|
|t:|1780959386
|switch|p2a: Elucid|Dragonite, M|100/100
|move|p1a: Conkeldurr|Knock Off|p2a: Elucid
|-damage|p2a: Elucid|69/100
|-enditem|p2a: Elucid|Heavy-Duty Boots|[from] move: Knock Off|[of] p1a: Conkeldurr
|
|-damage|p1a: Conkeldurr|82/100 brn|[from] brn
|upkeep
|turn|12
|
|t:|1780959395
|move|p2a: Elucid|Earthquake|p1a: Conkeldurr
|-damage|p1a: Conkeldurr|50/100 brn
|move|p1a: Conkeldurr|Ice Punch|p2a: Elucid
|-supereffective|p2a: Elucid
|-damage|p2a: Elucid|0 fnt
|faint|p2a: Elucid
|
|-damage|p1a: Conkeldurr|44/100 brn|[from] brn
|upkeep
|
|t:|1780959400
|switch|p2a: Carly Rae|Iron Moth|100/100
|-enditem|p2a: Carly Rae|Booster Energy
|-activate|p2a: Carly Rae|ability: Quark Drive|[fromitem]
|-start|p2a: Carly Rae|quarkdrivespe
|turn|13
|
|t:|1780959406
|switch|p1a: Slowking|Slowking-Galar, F|100/100
|move|p2a: Carly Rae|Fiery Dance|p1a: Slowking
|-damage|p1a: Slowking|67/100
|
|upkeep
|turn|14
|
|t:|1780959412
|-terastallize|p2a: Carly Rae|Fairy
|-terastallize|p1a: Slowking|Water
|move|p2a: Carly Rae|Fiery Dance|p1a: Slowking
|-resisted|p1a: Slowking
|-damage|p1a: Slowking|49/100
|-boost|p2a: Carly Rae|spa|1
|move|p1a: Slowking|Trick Room|p1a: Slowking
|-fieldstart|move: Trick Room|[of] p1a: Slowking
|
|upkeep
|turn|15
|
|t:|1780959416
|move|p1a: Slowking|Sludge Bomb|p2a: Carly Rae
|-supereffective|p2a: Carly Rae
|-damage|p2a: Carly Rae|25/100
|move|p2a: Carly Rae|Discharge|p1a: Slowking
|-supereffective|p1a: Slowking
|-damage|p1a: Slowking|0 fnt
|faint|p1a: Slowking
|
|upkeep
|
|t:|1780959422
|switch|p1a: Conkeldurr|Conkeldurr, M|44/100 brn
|turn|16
|-message|Auburn Hills forfeited.
|
|win|Mr.X&Y97
|raw|Mr.X&amp;Y97's rating: 1620 &rarr; <strong>1651</strong><br />(+31 for winning)
|raw|Auburn Hills's rating: 1847 &rarr; <strong>1816</strong><br />(-31 for losing)
|l|☆Auburn Hills
|player|p2|
|l| makz7x
|l| DA COME UP
|l|☆Mr.X&Y97
|player|p1|
|j|☆Mr.X&Y97
|player|p1|Mr.X&Y97|ingo|
