|j|☆chancha12suizo
|j|☆plodu
|t:|1780957831
|gametype|singles
|player|p1|chancha12suizo|marshal|1544
|player|p2|plodu|265|1565
|gen|9
|tier|[Gen 9] OU
|rated|
|rule|HP Percentage Mod: HP is shown in percentages
|rule|Endless Battle Clause: Forcing endless battles is banned
|rule|Species Clause: Limit one of each Pokémon
|rule|OHKO Clause: OHKO moves are banned
|rule|Evasion Items Clause: Evasion items are banned
|rule|Evasion Moves Clause: Evasion moves are banned
|rule|Evasion Abilities Clause: Evasion abilities are banned
|rule|Sleep Moves Clause: Sleep-inducing moves are banned
|clearpoke
|poke|p1|Muk-Alola, F|
|poke|p1|Dragapult, F|
|poke|p1|Gliscor, F|
|poke|p1|Great Tusk|
|poke|p1|Skeledirge, F|
|poke|p1|Gholdengo|
|poke|p2|Landorus-Therian, M|
|poke|p2|Iron Valiant|
|poke|p2|Iron Treads|
|poke|p2|Dragapult, F|
|poke|p2|Kyurem|
|poke|p2|Kingambit, M|
|teampreview
|inactive|Battle timer is ON: inactive players will automatically lose when time's up. (requested by plodu)
|c|☆chancha12suizo|glhf
|c|☆plodu|GLHF <33
|
|t:|1780957845
|teamsize|p1|6
|teamsize|p2|6
|start
|switch|p1a: Gliscor|Gliscor, F|100/100
|switch|p2a: Dragapult|Dragapult, F|100/100
|turn|1
|
|t:|1780957850
|move|p1a: Gliscor|Protect|p1a: Gliscor
|-singleturn|p1a: Gliscor|Protect
|move|p2a: Dragapult|Will-O-Wisp|p1a: Gliscor
|-activate|p1a: Gliscor|move: Protect
|
|-status|p1a: Gliscor|tox|[from] item: Toxic Orb
|upkeep
|turn|2
|
|t:|1780957865
|move|p2a: Dragapult|U-turn|p1a: Gliscor
|-resisted|p1a: Gliscor
|-damage|p1a: Gliscor|95/100 tox
|
|t:|1780957868
|switch|p2a: Landorus|Landorus-Therian, M|100/100|[from] U-turn
|-ability|p2a: Landorus|Intimidate|boost
|-unboost|p1a: Gliscor|atk|1
|move|p1a: Gliscor|Stealth Rock|p2a: Landorus
|-sidestart|p2: plodu|move: Stealth Rock
|
|-heal|p1a: Gliscor|100/100 tox|[from] ability: Poison Heal
|upkeep
|turn|3
|
|t:|1780957872
|move|p2a: Landorus|Stealth Rock|p1a: Gliscor
|-sidestart|p1: chancha12suizo|move: Stealth Rock
|move|p1a: Gliscor|Toxic|p2a: Landorus
|-status|p2a: Landorus|tox
|
|-damage|p2a: Landorus|94/100 tox|[from] psn
|upkeep
|turn|4
|
|t:|1780957881
|move|p1a: Gliscor|Protect|p1a: Gliscor
|-singleturn|p1a: Gliscor|Protect
|move|p2a: Landorus|U-turn|p1a: Gliscor
|-activate|p1a: Gliscor|move: Protect
|
|-damage|p2a: Landorus|82/100 tox|[from] psn
|upkeep
|turn|5
|
|t:|1780957892
|move|p2a: Landorus|U-turn|p1a: Gliscor
|-resisted|p1a: Gliscor
|-damage|p1a: Gliscor|95/100 tox
|
|t:|1780957894
|switch|p2a: Iron Treads|Iron Treads|100/100|[from] U-turn
|-damage|p2a: Iron Treads|97/100|[from] Stealth Rock
|-enditem|p2a: Iron Treads|Booster Energy
|-activate|p2a: Iron Treads|ability: Quark Drive|[fromitem]
|-start|p2a: Iron Treads|quarkdrivespe
|move|p1a: Gliscor|Toxic|p2a: Iron Treads
|-immune|p2a: Iron Treads
|
|-heal|p1a: Gliscor|100/100 tox|[from] ability: Poison Heal
|upkeep
|turn|6
|
|t:|1780957898
|move|p2a: Iron Treads|Knock Off|p1a: Gliscor
|-damage|p1a: Gliscor|86/100 tox
|-enditem|p1a: Gliscor|Toxic Orb|[from] move: Knock Off|[of] p2a: Iron Treads
|move|p1a: Gliscor|Earthquake|p2a: Iron Treads
|-supereffective|p2a: Iron Treads
|-damage|p2a: Iron Treads|61/100
|
|-heal|p1a: Gliscor|98/100 tox|[from] ability: Poison Heal
|upkeep
|turn|7
|
|t:|1780957915
|move|p1a: Gliscor|Protect|p1a: Gliscor
|-singleturn|p1a: Gliscor|Protect
|move|p2a: Iron Treads|Ice Spinner|p1a: Gliscor
|-activate|p1a: Gliscor|move: Protect
|
|-heal|p1a: Gliscor|100/100 tox|[from] ability: Poison Heal
|upkeep
|turn|8
|
|t:|1780957922
|move|p2a: Iron Treads|Ice Spinner|p1a: Gliscor
|-supereffective|p1a: Gliscor
|-damage|p1a: Gliscor|50/100 tox
|move|p1a: Gliscor|Earthquake|p2a: Iron Treads
|-supereffective|p2a: Iron Treads
|-damage|p2a: Iron Treads|27/100
|
|-heal|p1a: Gliscor|62/100 tox|[from] ability: Poison Heal
|upkeep
|turn|9
|
|t:|1780957927
|move|p1a: Gliscor|Protect|p1a: Gliscor
|-singleturn|p1a: Gliscor|Protect
|move|p2a: Iron Treads|Ice Spinner|p1a: Gliscor
|-activate|p1a: Gliscor|move: Protect
|
|-heal|p1a: Gliscor|75/100 tox|[from] ability: Poison Heal
|upkeep
|turn|10
|
|t:|1780957936
|switch|p1a: Great Tusk|Great Tusk|100/100
|move|p2a: Iron Treads|Rapid Spin|p1a: Great Tusk
|-damage|p1a: Great Tusk|92/100
|-boost|p2a: Iron Treads|spe|1
|-sideend|p2: plodu|Stealth Rock|[from] move: Rapid Spin|[of] p2a: Iron Treads
|
|upkeep
|turn|11
|
|t:|1780957952
|-end|p2a: Iron Treads|Quark Drive|[silent]
|switch|p2a: Landorus|Landorus-Therian, M|82/100 tox
|-ability|p2a: Landorus|Intimidate|boost
|-unboost|p1a: Great Tusk|atk|1
|move|p1a: Great Tusk|Rapid Spin|p2a: Landorus
|-damage|p2a: Landorus|72/100 tox
|-boost|p1a: Great Tusk|spe|1
|-damage|p1a: Great Tusk|75/100|[from] item: Rocky Helmet|[of] p2a: Landorus
|-sideend|p1: chancha12suizo|Stealth Rock|[from] move: Rapid Spin|[of] p1a: Great Tusk
|
|-damage|p2a: Landorus|66/100 tox|[from] psn
|upkeep
|turn|12
|
|t:|1780957960
|move|p1a: Great Tusk|Ice Spinner|p2a: Landorus
|-supereffective|p2a: Landorus
|-damage|p2a: Landorus|0 fnt
|-damage|p1a: Great Tusk|59/100|[from] item: Rocky Helmet|[of] p2a: Landorus
|faint|p2a: Landorus
|
|upkeep
|
|t:|1780957970
|switch|p2a: Iron Valiant|Iron Valiant|100/100
|-enditem|p2a: Iron Valiant|Booster Energy
|-activate|p2a: Iron Valiant|ability: Quark Drive|[fromitem]
|-start|p2a: Iron Valiant|quarkdrivespe
|turn|13
|
|t:|1780957982
|-end|p1a: Great Tusk|Protosynthesis|[silent]
|switch|p1a: Muk|Muk-Alola, F|100/100
|move|p2a: Iron Valiant|Swords Dance|p2a: Iron Valiant
|-boost|p2a: Iron Valiant|atk|2
|
|upkeep
|turn|14
|inactive|chancha12suizo has 120 seconds left.
|inactive|plodu has 120 seconds left.
|
|t:|1780958045
|-terastallize|p1a: Muk|Flying
|move|p2a: Iron Valiant|Close Combat|p1a: Muk
|-resisted|p1a: Muk
|-damage|p1a: Muk|35/100
|-unboost|p2a: Iron Valiant|def|1
|-unboost|p2a: Iron Valiant|spd|1
|move|p1a: Muk|Poison Jab|p2a: Iron Valiant
|-supereffective|p2a: Iron Valiant
|-damage|p2a: Iron Valiant|0 fnt
|faint|p2a: Iron Valiant
|-end|p2a: Iron Valiant|Quark Drive|[silent]
|
|upkeep
|inactive|plodu has 120 seconds left.
|
|t:|1780958056
|switch|p2a: Iron Treads|Iron Treads|27/100
|turn|15
|inactive|chancha12suizo has 120 seconds left.
|inactive|chancha12suizo has 90 seconds left.
|
|t:|1780958094
|switch|p1a: Dragapult|Dragapult, F|100/100
|move|p2a: Iron Treads|Ice Spinner|p1a: Dragapult
|-supereffective|p1a: Dragapult
|-crit|p1a: Dragapult
|-damage|p1a: Dragapult|15/100
|
|upkeep
|turn|16
|
|t:|1780958103
|move|p1a: Dragapult|Fire Blast|p2a: Iron Treads
|-supereffective|p2a: Iron Treads
|-damage|p2a: Iron Treads|0 fnt
|faint|p2a: Iron Treads
|-end|p2a: Iron Treads|Quark Drive|[silent]
|
|upkeep
|
|t:|1780958107
|switch|p2a: Dragapult|Dragapult, F|100/100
|turn|17
|
|t:|1780958128
|switch|p1a: Gliscor|Gliscor, F|75/100 tox
|move|p2a: Dragapult|Hex|p1a: Gliscor
|-damage|p1a: Gliscor|15/100 tox
|
|-heal|p1a: Gliscor|28/100 tox|[from] ability: Poison Heal
|upkeep
|turn|18
|
|t:|1780958140
|move|p1a: Gliscor|Protect|p1a: Gliscor
|-singleturn|p1a: Gliscor|Protect
|move|p2a: Dragapult|Hex|p1a: Gliscor
|-activate|p1a: Gliscor|move: Protect
|
|-heal|p1a: Gliscor|40/100 tox|[from] ability: Poison Heal
|upkeep
|turn|19
|inactive|chancha12suizo has 90 seconds left.
|
|t:|1780958171
|move|p2a: Dragapult|Hex|p1a: Gliscor
|-damage|p1a: Gliscor|0 fnt
|faint|p1a: Gliscor
|
|upkeep
|
|t:|1780958174
|switch|p1a: Muk|Muk-Alola, F, tera:Flying|35/100
|turn|20
|
|t:|1780958181
|move|p2a: Dragapult|Will-O-Wisp|p1a: Muk
|-status|p1a: Muk|brn
|move|p1a: Muk|Knock Off|p2a: Dragapult
|-supereffective|p2a: Dragapult
|-damage|p2a: Dragapult|48/100
|-enditem|p2a: Dragapult|Heavy-Duty Boots|[from] move: Knock Off|[of] p1a: Muk
|
|-damage|p1a: Muk|29/100 brn|[from] brn
|upkeep
|turn|21
|
|t:|1780958192
|move|p2a: Dragapult|Hex|p1a: Muk
|-damage|p1a: Muk|4/100 brn
|move|p1a: Muk|Knock Off|p2a: Dragapult
|-supereffective|p2a: Dragapult
|-damage|p2a: Dragapult|10/100
|
|-damage|p1a: Muk|0 fnt|[from] brn
|faint|p1a: Muk
|upkeep
|inactive|chancha12suizo has 90 seconds left.
|
|t:|1780958205
|switch|p1a: Gholdengo|Gholdengo|100/100
|turn|22
|
|t:|1780958212
|move|p1a: Gholdengo|Dazzling Gleam|p2a: Dragapult
|-supereffective|p2a: Dragapult
|-damage|p2a: Dragapult|0 fnt
|faint|p2a: Dragapult
|
|upkeep
|
|t:|1780958216
|switch|p2a: Kingambit|Kingambit, M|100/100
|-activate|p2a: Kingambit|ability: Supreme Overlord
|-start|p2a: Kingambit|fallen4|[silent]
|turn|23
|
|t:|1780958221
|switch|p1a: Skeledirge|Skeledirge, F|100/100
|move|p2a: Kingambit|Swords Dance|p2a: Kingambit
|-boost|p2a: Kingambit|atk|2
|
|upkeep
|turn|24
|
|t:|1780958236
|-end|p2a: Kingambit|fallen4|[silent]
|switch|p2a: Kyurem|Kyurem|100/100
|-ability|p2a: Kyurem|Pressure
|move|p1a: Skeledirge|Will-O-Wisp|p2a: Kyurem
|-status|p2a: Kyurem|brn
|
|-damage|p2a: Kyurem|94/100 brn|[from] brn
|upkeep
|turn|25
|
|t:|1780958251
|move|p2a: Kyurem|Earth Power|p1a: Skeledirge
|-supereffective|p1a: Skeledirge
|-damage|p1a: Skeledirge|36/100
|move|p1a: Skeledirge|Slack Off|p1a: Skeledirge
|-heal|p1a: Skeledirge|86/100
|
|-damage|p2a: Kyurem|88/100 brn|[from] brn
|upkeep
|turn|26
|inactive|chancha12suizo has 90 seconds left.
|
|t:|1780958277
|move|p2a: Kyurem|Earth Power|p1a: Skeledirge
|-supereffective|p1a: Skeledirge
|-damage|p1a: Skeledirge|19/100
|move|p1a: Skeledirge|Slack Off|p1a: Skeledirge
|-heal|p1a: Skeledirge|69/100
|
|-damage|p2a: Kyurem|82/100 brn|[from] brn
|upkeep
|turn|27
|inactive|chancha12suizo has 90 seconds left.
|
|t:|1780958292
|move|p2a: Kyurem|Earth Power|p1a: Skeledirge
|-supereffective|p1a: Skeledirge
|-damage|p1a: Skeledirge|0 fnt
|faint|p1a: Skeledirge
|
|-damage|p2a: Kyurem|76/100 brn|[from] brn
|upkeep
|inactive|chancha12suizo has 90 seconds left.
|
|t:|1780958310
|switch|p1a: Gholdengo|Gholdengo|100/100
|turn|28
|
|t:|1780958313
|move|p1a: Gholdengo|Make It Rain|p2a: Kyurem
|-supereffective|p2a: Kyurem
|-crit|p2a: Kyurem
|-damage|p2a: Kyurem|0 fnt
|-unboost|p1a: Gholdengo|spa|1
|faint|p2a: Kyurem
|
|upkeep
|
|t:|1780958314
|switch|p2a: Kingambit|Kingambit, M|100/100
|-activate|p2a: Kingambit|ability: Supreme Overlord
|-start|p2a: Kingambit|fallen5|[silent]
|turn|29
|
|t:|1780958318
|switch|p1a: Dragapult|Dragapult, F|15/100
|move|p2a: Kingambit|Swords Dance|p2a: Kingambit
|-boost|p2a: Kingambit|atk|2
|
|upkeep
|turn|30
|
|t:|1780958323
|move|p2a: Kingambit|Sucker Punch|p1a: Dragapult
|-supereffective|p1a: Dragapult
|-damage|p1a: Dragapult|0 fnt
|faint|p1a: Dragapult
|
|upkeep
|
|t:|1780958331
|switch|p1a: Gholdengo|Gholdengo|100/100
|turn|31
|
|t:|1780958334
|move|p2a: Kingambit|Sucker Punch||[still]
|-fail|p2a: Kingambit
|move|p1a: Gholdengo|Trick|p2a: Kingambit
|-activate|p1a: Gholdengo|move: Trick|[of] p2a: Kingambit
|-item|p2a: Kingambit|Choice Scarf|[from] move: Trick
|-item|p1a: Gholdengo|Leftovers|[from] move: Trick
|
|upkeep
|turn|32
|inactive|chancha12suizo has 120 seconds left.
|
|t:|1780958345
|move|p2a: Kingambit|Iron Head|p1a: Gholdengo
|-resisted|p1a: Gholdengo
|-damage|p1a: Gholdengo|20/100
|move|p1a: Gholdengo|Dazzling Gleam|p2a: Kingambit
|-damage|p2a: Kingambit|67/100
|
|-heal|p1a: Gholdengo|27/100|[from] item: Leftovers
|upkeep
|turn|33
|
|t:|1780958352
|move|p2a: Kingambit|Iron Head|p1a: Gholdengo
|-resisted|p1a: Gholdengo
|-damage|p1a: Gholdengo|0 fnt
|faint|p1a: Gholdengo
|
|upkeep
|inactive|chancha12suizo has 120 seconds left.
|
|t:|1780958366
|switch|p1a: Great Tusk|Great Tusk|59/100
|turn|34
|
|t:|1780958373
|-terastallize|p2a: Kingambit|Fairy
|move|p1a: Great Tusk|Headlong Rush|p2a: Kingambit
|-damage|p2a: Kingambit|17/100
|-unboost|p1a: Great Tusk|def|1
|-unboost|p1a: Great Tusk|spd|1
|move|p2a: Kingambit|Iron Head|p1a: Great Tusk
|-damage|p1a: Great Tusk|0 fnt
|faint|p1a: Great Tusk
|-end|p1a: Great Tusk|Protosynthesis|[silent]
|
|win|plodu
|raw|chancha12suizo's rating: 1544 &rarr; <strong>1525</strong><br />(-19 for losing)
|raw|plodu's rating: 1565 &rarr; <strong>1584</strong><br />(+19 for winning)
|l|☆chancha12suizo
|player|p1|
|l|☆plodu
|player|p2|
