|j|☆Drakolise
|j|☆CassiusAuBellossom
|t:|1781358132
|gametype|singles
|player|p1|Drakolise|anabel|1599
|player|p2|CassiusAuBellossom|101|1603
|gen|9
|tier|[Gen 9] OU
|rated|
|rule|HP Percentage Mod: HP is shown in percentages
|rule|Endless Battle Clause: Forcing endless battles is banned
|rule|Species Clause: Limit one of each Pokémon
|rule|OHKO Clause: OHKO moves are banned
|rule|Evasion Items Clause: Evasion items are banned
|rule|Evasion Moves Clause: Evasion moves are banned
|rule|Evasion Abilities Clause: Evasion abilities are banned
|rule|Sleep Moves Clause: Sleep-inducing moves are banned
|clearpoke
|poke|p1|Great Tusk|
|poke|p1|Cinderace, M|
|poke|p1|Kyurem|
|poke|p1|Hatterene, F|
|poke|p1|Gholdengo|
|poke|p1|Salamence, F|
|poke|p2|Pelipper, M|
|poke|p2|Beartic, M|
|poke|p2|Barraskewda, M|
|poke|p2|Zapdos|
|poke|p2|Ogerpon-Wellspring, F|
|poke|p2|Hatterene, F|
|teampreview
|inactive|Battle timer is ON: inactive players will automatically lose when time's up. (requested by CassiusAuBellossom)
|
|t:|1781358141
|teamsize|p1|6
|teamsize|p2|6
|start
|switch|p1a: Cinderace|Cinderace, M, shiny|100/100
|switch|p2a: Armin|Pelipper, M|100/100
|-weather|RainDance|[from] ability: Drizzle|[of] p2a: Armin
|turn|1
|
|t:|1781358148
|move|p1a: Cinderace|U-turn|p2a: Armin
|-start|p1a: Cinderace|typechange|Bug|[from] ability: Libero
|-resisted|p2a: Armin
|-crit|p2a: Armin
|-damage|p2a: Armin|74/100
|
|t:|1781358153
|switch|p1a: Kyurem|Kyurem, shiny|100/100|[from] U-turn
|-ability|p1a: Kyurem|Pressure
|move|p2a: Armin|U-turn|p1a: Kyurem
|-damage|p1a: Kyurem|92/100
|
|t:|1781358160
|switch|p2a: Eren|Beartic, M|100/100|[from] U-turn
|
|-weather|RainDance|[upkeep]
|upkeep
|turn|2
|
|t:|1781358166
|switch|p1a: Hatterene|Hatterene, F, shiny|100/100
|move|p2a: Eren|Icicle Spear|p1a: Hatterene
|-damage|p1a: Hatterene|88/100
|-damage|p1a: Hatterene|76/100
|-damage|p1a: Hatterene|64/100
|-damage|p1a: Hatterene|52/100
|-hitcount|p1a: Hatterene|4
|
|-weather|RainDance|[upkeep]
|upkeep
|turn|3
|
|t:|1781358180
|switch|p2a: Zeke|Zapdos|100/100
|move|p1a: Hatterene|Pain Split|p2a: Zeke
|-sethp|p2a: Zeke|76/100|[from] move: Pain Split|[silent]
|-sethp|p1a: Hatterene|77/100|[from] move: Pain Split
|
|-weather|RainDance|[upkeep]
|upkeep
|turn|4
|
|t:|1781358189
|move|p2a: Zeke|Thunder|p1a: Hatterene
|-damage|p1a: Hatterene|14/100
|move|p1a: Hatterene|Pain Split|p2a: Zeke
|-sethp|p2a: Zeke|45/100|[from] move: Pain Split|[silent]
|-sethp|p1a: Hatterene|45/100|[from] move: Pain Split
|
|-weather|RainDance|[upkeep]
|upkeep
|turn|5
|
|t:|1781358200
|switch|p1a: Kyurem|Kyurem, shiny|92/100
|-ability|p1a: Kyurem|Pressure
|move|p2a: Zeke|Weather Ball|p1a: Kyurem
|-resisted|p1a: Kyurem
|-damage|p1a: Kyurem|78/100
|
|-weather|RainDance|[upkeep]
|upkeep
|turn|6
|
|t:|1781358210
|switch|p2a: Eren|Beartic, M|100/100
|move|p1a: Kyurem|Freeze-Dry|p2a: Eren
|-resisted|p2a: Eren
|-damage|p2a: Eren|75/100
|
|-weather|RainDance|[upkeep]
|upkeep
|turn|7
|inactive|Drakolise has 120 seconds left.
|
|t:|1781358256
|switch|p1a: Hatterene|Hatterene, F, shiny|45/100
|move|p2a: Eren|Icicle Spear|p1a: Hatterene
|-damage|p1a: Hatterene|34/100
|-damage|p1a: Hatterene|20/100
|-damage|p1a: Hatterene|8/100
|-damage|p1a: Hatterene|0 fnt
|faint|p1a: Hatterene
|-hitcount|p1: Hatterene|4
|
|-weather|RainDance|[upkeep]
|upkeep
|
|t:|1781358261
|switch|p1a: Gholdengo|Gholdengo, shiny|100/100
|turn|8
|
|t:|1781358278
|switch|p2a: Zeke|Zapdos|45/100
|move|p1a: Gholdengo|Shadow Ball|p2a: Zeke
|-damage|p2a: Zeke|16/100
|
|-weather|none
|upkeep
|turn|9
|inactive|Drakolise has 120 seconds left.
|inactive|Drakolise has 90 seconds left.
|
|t:|1781358334
|move|p1a: Gholdengo|Shadow Ball|p2a: Zeke
|-damage|p2a: Zeke|0 fnt
|faint|p2a: Zeke
|
|upkeep
|
|t:|1781358340
|switch|p2a: Armin|Pelipper, M|74/100
|-weather|RainDance|[from] ability: Drizzle|[of] p2a: Armin
|turn|10
|
|t:|1781358344
|move|p1a: Gholdengo|Shadow Ball|p2a: Armin
|-damage|p2a: Armin|9/100
|move|p2a: Armin|U-turn|p1a: Gholdengo
|-resisted|p1a: Gholdengo
|-damage|p1a: Gholdengo|98/100
|
|t:|1781358350
|switch|p2a: Levi|Barraskewda, M|100/100|[from] U-turn
|
|-weather|RainDance|[upkeep]
|upkeep
|turn|11
|
|t:|1781358359
|switch|p1a: Great Tusk|Great Tusk|100/100
|-enditem|p1a: Great Tusk|Booster Energy
|-activate|p1a: Great Tusk|ability: Protosynthesis|[fromitem]
|-start|p1a: Great Tusk|protosynthesisatk
|move|p2a: Levi|Flip Turn|p1a: Great Tusk
|-supereffective|p1a: Great Tusk
|-damage|p1a: Great Tusk|8/100
|
|t:|1781358370
|switch|p2a: Mikasa|Ogerpon-Wellspring, F|100/100|[from] Flip Turn
|
|-weather|RainDance|[upkeep]
|upkeep
|turn|12
|
|t:|1781358375
|move|p2a: Mikasa|Ivy Cudgel|p1a: Great Tusk|[anim] Ivy Cudgel Water
|-supereffective|p1a: Great Tusk
|-damage|p1a: Great Tusk|0 fnt
|faint|p1a: Great Tusk
|-end|p1a: Great Tusk|Protosynthesis|[silent]
|
|-weather|RainDance|[upkeep]
|upkeep
|
|t:|1781358378
|switch|p1a: Cinderace|Cinderace, M, shiny|100/100
|turn|13
|inactive|Drakolise has 120 seconds left.
|
|t:|1781358390
|-terastallize|p2a: Mikasa|Water
|detailschange|p2a: Mikasa|Ogerpon-Wellspring-Tera, F, tera:Water
|-ability|p2a: Mikasa|Embody Aspect (Wellspring)|boost
|-boost|p2a: Mikasa|spd|1
|move|p1a: Cinderace|U-turn|p2a: Mikasa
|-start|p1a: Cinderace|typechange|Bug|[from] ability: Libero
|-damage|p2a: Mikasa|39/100
|inactive|Drakolise has 120 seconds left.
|
|t:|1781358410
|switch|p1a: Kyurem|Kyurem, shiny|78/100|[from] U-turn
|-ability|p1a: Kyurem|Pressure
|move|p2a: Mikasa|Ivy Cudgel|p1a: Kyurem|[anim] Ivy Cudgel Water
|-resisted|p1a: Kyurem
|-damage|p1a: Kyurem|22/100
|
|-weather|RainDance|[upkeep]
|upkeep
|turn|14
|
|t:|1781358423
|switch|p2a: Annie|Hatterene, F|100/100
|move|p1a: Kyurem|Freeze-Dry|p2a: Annie
|-damage|p2a: Annie|59/100
|-enditem|p2a: Annie|Eject Button
|
|t:|1781358429
|switch|p2a: Levi|Barraskewda, M|100/100
|
|-weather|RainDance|[upkeep]
|upkeep
|turn|15
|
|t:|1781358435
|move|p2a: Levi|Liquidation|p1a: Kyurem
|-resisted|p1a: Kyurem
|-damage|p1a: Kyurem|0 fnt
|faint|p1a: Kyurem
|
|-weather|RainDance|[upkeep]
|upkeep
|
|t:|1781358439
|switch|p1a: Salamence|Salamence, F|100/100
|turn|16
|
|t:|1781358444
|move|p2a: Levi|Flip Turn|p1a: Salamence
|-resisted|p1a: Salamence
|-damage|p1a: Salamence|62/100
|
|t:|1781358449
|switch|p2a: Annie|Hatterene, F|59/100|[from] Flip Turn
|move|p1a: Salamence|Dragon Dance|p1a: Salamence
|-boost|p1a: Salamence|atk|1
|-boost|p1a: Salamence|spe|1
|
|-weather|RainDance|[upkeep]
|upkeep
|turn|17
|
|t:|1781358458
|-terastallize|p1a: Salamence|Steel
|move|p1a: Salamence|Substitute|p1a: Salamence
|-start|p1a: Salamence|Substitute
|-damage|p1a: Salamence|37/100
|move|p2a: Annie|Healing Wish|p2a: Annie
|faint|p2a: Annie
|
|-weather|none
|upkeep
|
|t:|1781358468
|switch|p2a: Armin|Pelipper, M|9/100
|-heal|p2a: Armin|100/100|[from] move: Healing Wish
|-weather|RainDance|[from] ability: Drizzle|[of] p2a: Armin
|turn|18
|inactive|Drakolise has 120 seconds left.
|
|t:|1781358506
|move|p1a: Salamence|Dual Wingbeat|p2a: Armin
|-damage|p2a: Armin|71/100
|-damage|p2a: Armin|45/100
|-hitcount|p2a: Armin|2
|move|p2a: Armin|U-turn|p1a: Salamence
|-resisted|p1a: Salamence
|-activate|p1a: Salamence|move: Substitute|[damage]
|
|t:|1781358514
|switch|p2a: Levi|Barraskewda, M|100/100|[from] U-turn
|
|-weather|RainDance|[upkeep]
|upkeep
|turn|19
|inactive|Drakolise has 120 seconds left.
|
|t:|1781358525
|move|p2a: Levi|Flip Turn|p1a: Salamence
|-end|p1a: Salamence|Substitute
|
|t:|1781358527
|switch|p2a: Mikasa|Ogerpon-Wellspring-Tera, F, tera:Water|39/100|[from] Flip Turn
|-ability|p2a: Mikasa|Embody Aspect (Wellspring)|boost
|-boost|p2a: Mikasa|spd|1
|move|p1a: Salamence|Dual Wingbeat|p2a: Mikasa
|-damage|p2a: Mikasa|0 fnt
|faint|p2a: Mikasa
|detailschange|p2: Mikasa|Ogerpon-Wellspring, F|[silent]
|-ability|p1a: Salamence|Moxie|boost
|-boost|p1a: Salamence|atk|1
|-hitcount|p2: Mikasa|1
|
|-weather|RainDance|[upkeep]
|upkeep
|
|t:|1781358540
|switch|p2a: Levi|Barraskewda, M|100/100
|turn|20
|
|t:|1781358543
|move|p2a: Levi|Liquidation|p1a: Salamence
|-damage|p1a: Salamence|0 fnt
|faint|p1a: Salamence
|
|-weather|RainDance|[upkeep]
|upkeep
|
|t:|1781358544
|switch|p1a: Gholdengo|Gholdengo, shiny|98/100
|turn|21
|
|t:|1781358551
|move|p2a: Levi|Flip Turn|p1a: Gholdengo
|-damage|p1a: Gholdengo|28/100
|
|t:|1781358554
|switch|p2a: Eren|Beartic, M|75/100|[from] Flip Turn
|move|p1a: Gholdengo|Shadow Ball|p2a: Eren
|-damage|p2a: Eren|17/100
|
|-weather|RainDance|[upkeep]
|upkeep
|turn|22
|
|t:|1781358562
|move|p1a: Gholdengo|Shadow Ball|p2a: Eren
|-damage|p2a: Eren|0 fnt
|faint|p2a: Eren
|
|-weather|RainDance|[upkeep]
|upkeep
|
|t:|1781358569
|switch|p2a: Levi|Barraskewda, M|100/100
|turn|23
|
|t:|1781358571
|switch|p1a: Cinderace|Cinderace, M, shiny|100/100
|move|p2a: Levi|Liquidation|p1a: Cinderace
|-supereffective|p1a: Cinderace
|-damage|p1a: Cinderace|0 fnt
|faint|p1a: Cinderace
|
|-weather|RainDance|[upkeep]
|upkeep
|
|t:|1781358573
|switch|p1a: Gholdengo|Gholdengo, shiny|28/100
|turn|24
|
|t:|1781358582
|move|p2a: Levi|Liquidation|p1a: Gholdengo
|-damage|p1a: Gholdengo|0 fnt
|faint|p1a: Gholdengo
|
|win|CassiusAuBellossom
|raw|Drakolise's rating: 1599 &rarr; <strong>1579</strong><br />(-20 for losing)
|raw|CassiusAuBellossom's rating: 1603 &rarr; <strong>1623</strong><br />(+20 for winning)
|l|☆Drakolise
|player|p1|
|l|☆CassiusAuBellossom
|player|p2|
|j|☆CassiusAuBellossom
|player|p2|CassiusAuBellossom|101|
|l|☆CassiusAuBellossom
|player|p2|
