|badge|p2|bronze|gen9randombattle|100-9
|badge|p2|bronze|gen9ubers|100-9
|uhtml|medal-msg|<div class="broadcast-blue">Curious what those medals under the avatar are? PS now has Ladder Seasons! For more information, check out the <a href="https://www.smogon.com/forums/threads/3740067/">thread on Smogon.</a></div>
|j|☆1200s chud
|j|☆oddishlover4
|t:|1781028753
|gametype|singles
|player|p1|1200s chud|preschooler|1691
|player|p2|oddishlover4|acetrainerf|1693
|gen|9
|tier|[Gen 9] OU
|rated|
|rule|HP Percentage Mod: HP is shown in percentages
|rule|Endless Battle Clause: Forcing endless battles is banned
|rule|Species Clause: Limit one of each Pokémon
|rule|OHKO Clause: OHKO moves are banned
|rule|Evasion Items Clause: Evasion items are banned
|rule|Evasion Moves Clause: Evasion moves are banned
|rule|Evasion Abilities Clause: Evasion abilities are banned
|rule|Sleep Moves Clause: Sleep-inducing moves are banned
|clearpoke
|poke|p1|Dragonite, F|
|poke|p1|Weezing-Galar, M|
|poke|p1|Great Tusk|
|poke|p1|Ogerpon-Wellspring, F|
|poke|p1|Iron Thorns|
|poke|p1|Blissey, F|
|poke|p2|Kyurem|
|poke|p2|Hatterene, F|
|poke|p2|Darkrai|
|poke|p2|Great Tusk|
|poke|p2|Dragonite, F|
|poke|p2|Gholdengo|
|teampreview
|inactive|Battle timer is ON: inactive players will automatically lose when time's up. (requested by 1200s chud)
|j| babyshark974
|c|☆oddishlover4|gl/hf!
|inactive|oddishlover4 also wants the timer to be on.
|inactive|1200s chud has 120 seconds left.
|
|t:|1781028795
|teamsize|p1|6
|teamsize|p2|6
|start
|switch|p1a: Ogerpon|Ogerpon-Wellspring, F|100/100
|switch|p2a: Kyurem|Kyurem|100/100
|-ability|p2a: Kyurem|Pressure
|turn|1
|
|t:|1781028813
|switch|p1a: Blissey|Blissey, F|100/100
|move|p2a: Kyurem|Body Press|p1a: Blissey
|-supereffective|p1a: Blissey
|-damage|p1a: Blissey|55/100
|
|upkeep
|turn|2
|
|t:|1781028831
|move|p2a: Kyurem|Body Press|p1a: Blissey
|-supereffective|p1a: Blissey
|-damage|p1a: Blissey|13/100
|move|p1a: Blissey|Soft-Boiled|p1a: Blissey
|-heal|p1a: Blissey|63/100
|
|upkeep
|turn|3
|
|t:|1781028849
|move|p2a: Kyurem|Body Press|p1a: Blissey
|-supereffective|p1a: Blissey
|-damage|p1a: Blissey|19/100
|move|p1a: Blissey|Soft-Boiled|p1a: Blissey
|-heal|p1a: Blissey|69/100
|
|upkeep
|turn|4
|j| Lowladderubersnoob
|inactive|oddishlover4 has 120 seconds left.
|
|t:|1781028868
|switch|p1a: Weezing|Weezing-Galar, M|100/100
|-ability|p1a: Weezing|Neutralizing Gas
|move|p2a: Kyurem|Body Press|p1a: Weezing
|-resisted|p1a: Weezing
|-damage|p1a: Weezing|97/100
|
|upkeep
|turn|5
|inactive|oddishlover4 has 120 seconds left.
|
|t:|1781028887
|move|p2a: Kyurem|Ice Beam|p1a: Weezing
|-damage|p1a: Weezing|35/100
|move|p1a: Weezing|Sludge Bomb|p2a: Kyurem
|-damage|p2a: Kyurem|82/100
|-status|p2a: Kyurem|psn
|
|-damage|p2a: Kyurem|70/100 psn|[from] psn
|upkeep
|turn|6
|inactive|oddishlover4 has 120 seconds left.
|
|t:|1781028906
|move|p2a: Kyurem|Body Press|p1a: Weezing
|-resisted|p1a: Weezing
|-damage|p1a: Weezing|32/100
|move|p1a: Weezing|Pain Split|p2a: Kyurem
|-sethp|p2a: Kyurem|48/100 psn|[from] move: Pain Split|[silent]
|-sethp|p1a: Weezing|56/100|[from] move: Pain Split
|
|-damage|p2a: Kyurem|36/100 psn|[from] psn
|upkeep
|turn|7
|
|t:|1781028925
|move|p2a: Kyurem|Body Press|p1a: Weezing
|-resisted|p1a: Weezing
|-damage|p1a: Weezing|53/100
|move|p1a: Weezing|Sludge Bomb|p2a: Kyurem
|-damage|p2a: Kyurem|18/100 psn
|
|-damage|p2a: Kyurem|6/100 psn|[from] psn
|upkeep
|turn|8
|
|t:|1781028947
|move|p2a: Kyurem|Body Press|p1a: Weezing
|-resisted|p1a: Weezing
|-damage|p1a: Weezing|50/100
|move|p1a: Weezing|Sludge Bomb|p2a: Kyurem
|-damage|p2a: Kyurem|0 fnt
|faint|p2a: Kyurem
|
|upkeep
|inactive|oddishlover4 has 90 seconds left.
|
|t:|1781028965
|switch|p2a: Great Tusk|Great Tusk|100/100
|turn|9
|inactive|oddishlover4 has 90 seconds left.
|
|t:|1781028983
|move|p2a: Great Tusk|Headlong Rush|p1a: Weezing
|-supereffective|p1a: Weezing
|-damage|p1a: Weezing|0 fnt
|-unboost|p2a: Great Tusk|def|1
|-unboost|p2a: Great Tusk|spd|1
|faint|p1a: Weezing
|-end|p1a: Weezing|ability: Neutralizing Gas
|
|upkeep
|
|t:|1781028986
|switch|p1a: Ogerpon|Ogerpon-Wellspring, F|100/100
|turn|10
|inactive|oddishlover4 has 90 seconds left.
|
|t:|1781029004
|-end|p2a: Great Tusk|Protosynthesis|[silent]
|switch|p2a: Dragonite|Dragonite, F|100/100
|move|p1a: Ogerpon|Knock Off|p2a: Dragonite
|-damage|p2a: Dragonite|84/100
|-enditem|p2a: Dragonite|Heavy-Duty Boots|[from] move: Knock Off|[of] p1a: Ogerpon
|
|upkeep
|turn|11
|inactive|oddishlover4 has 90 seconds left.
|
|t:|1781029021
|switch|p1a: Great Tusk|Great Tusk|100/100
|switch|p2a: Darkrai|Darkrai|100/100
|
|upkeep
|turn|12
|
|t:|1781029042
|switch|p2a: Great Tusk|Great Tusk|100/100
|-end|p1a: Great Tusk|Protosynthesis|[silent]
|switch|p1a: Blissey|Blissey, F|69/100
|
|upkeep
|turn|13
|
|t:|1781029060
|switch|p1a: Dragonite|Dragonite, F|100/100
|move|p2a: Great Tusk|Stealth Rock|p1a: Dragonite
|-sidestart|p1: 1200s chud|move: Stealth Rock
|
|upkeep
|turn|14
|j| 1st grade lad lj
|
|t:|1781029078
|move|p2a: Great Tusk|Ice Spinner|p1a: Dragonite
|-supereffective|p1a: Dragonite
|-damage|p1a: Dragonite|66/100
|-damage|p2a: Great Tusk|84/100|[from] item: Rocky Helmet|[of] p1a: Dragonite
|move|p1a: Dragonite|Ice Beam|p2a: Great Tusk
|-supereffective|p2a: Great Tusk
|-damage|p2a: Great Tusk|26/100
|
|-heal|p2a: Great Tusk|32/100|[from] item: Leftovers
|upkeep
|turn|15
|inactive|oddishlover4 has 60 seconds left.
|
|t:|1781029097
|switch|p1a: Ogerpon|Ogerpon-Wellspring, F|100/100
|-damage|p1a: Ogerpon|88/100|[from] Stealth Rock
|move|p2a: Great Tusk|Ice Spinner|p1a: Ogerpon
|-damage|p1a: Ogerpon|58/100
|
|-heal|p2a: Great Tusk|38/100|[from] item: Leftovers
|upkeep
|turn|16
|inactive|oddishlover4 has 60 seconds left.
|
|t:|1781029115
|-end|p2a: Great Tusk|Protosynthesis|[silent]
|switch|p2a: Dragonite|Dragonite, F|84/100
|move|p1a: Ogerpon|Ivy Cudgel|p2a: Dragonite|[anim] Ivy Cudgel Water
|-resisted|p2a: Dragonite
|-damage|p2a: Dragonite|56/100
|
|upkeep
|turn|17
|inactive|oddishlover4 has 60 seconds left.
|
|t:|1781029133
|switch|p1a: Great Tusk|Great Tusk|100/100
|-damage|p1a: Great Tusk|98/100|[from] Stealth Rock
|move|p2a: Dragonite|Roost|p2a: Dragonite
|-heal|p2a: Dragonite|100/100
|-singleturn|p2a: Dragonite|move: Roost
|
|upkeep
|turn|18
|j| DjedLeMalicieux
|
|t:|1781029150
|switch|p2a: Gholdengo|Gholdengo|100/100
|-item|p2a: Gholdengo|Air Balloon
|move|p1a: Great Tusk|Rapid Spin|p2a: Gholdengo
|-immune|p2a: Gholdengo
|
|upkeep
|turn|19
|l| DjedLeMalicieux
|
|t:|1781029160
|move|p1a: Great Tusk|Ice Spinner|p2a: Gholdengo
|-resisted|p2a: Gholdengo
|-damage|p2a: Gholdengo|92/100
|-enditem|p2a: Gholdengo|Air Balloon
|move|p2a: Gholdengo|Make It Rain|p1a: Great Tusk
|-damage|p1a: Great Tusk|28/100
|-unboost|p2a: Gholdengo|spa|1
|
|upkeep
|turn|20
|inactive|1200s chud has 120 seconds left.
|
|t:|1781029192
|switch|p2a: Dragonite|Dragonite, F|100/100
|move|p1a: Great Tusk|Headlong Rush|p2a: Dragonite
|-immune|p2a: Dragonite
|
|upkeep
|turn|21
|inactive|oddishlover4 has 60 seconds left.
|
|t:|1781029201
|switch|p2a: Gholdengo|Gholdengo|92/100
|move|p1a: Great Tusk|Rapid Spin|p2a: Gholdengo
|-immune|p2a: Gholdengo
|
|upkeep
|turn|22
|
|t:|1781029210
|move|p1a: Great Tusk|Headlong Rush|p2a: Gholdengo
|-supereffective|p2a: Gholdengo
|-damage|p2a: Gholdengo|22/100
|-unboost|p1a: Great Tusk|def|1
|-unboost|p1a: Great Tusk|spd|1
|move|p2a: Gholdengo|Hex|p1a: Great Tusk
|-damage|p1a: Great Tusk|0 fnt
|faint|p1a: Great Tusk
|-end|p1a: Great Tusk|Protosynthesis|[silent]
|
|upkeep
|inactive|1200s chud has 120 seconds left.
|
|t:|1781029236
|switch|p1a: Ogerpon|Ogerpon-Wellspring, F|58/100
|-damage|p1a: Ogerpon|46/100|[from] Stealth Rock
|turn|23
|inactive|1200s chud has 120 seconds left.
|
|t:|1781029253
|switch|p2a: Dragonite|Dragonite, F|100/100
|move|p1a: Ogerpon|Ivy Cudgel|p2a: Dragonite|[anim] Ivy Cudgel Water
|-resisted|p2a: Dragonite
|-damage|p2a: Dragonite|86/100
|
|upkeep
|turn|24
|inactive|oddishlover4 has 60 seconds left.
|
|t:|1781029271
|switch|p2a: Darkrai|Darkrai|100/100
|move|p1a: Ogerpon|Swords Dance|p1a: Ogerpon
|-boost|p1a: Ogerpon|atk|2
|
|upkeep
|turn|25
|
|t:|1781029280
|move|p2a: Darkrai|Dark Pulse|p1a: Ogerpon
|-damage|p1a: Ogerpon|0 fnt
|faint|p1a: Ogerpon
|
|upkeep
|
|t:|1781029290
|switch|p1a: Blissey|Blissey, F|69/100
|turn|26
|
|t:|1781029308
|switch|p2a: Great Tusk|Great Tusk|38/100
|switch|p1a: Mr.EnjoyDaDances|Iron Thorns|100/100
|-damage|p1a: Mr.EnjoyDaDances|88/100|[from] Stealth Rock
|-enditem|p1a: Mr.EnjoyDaDances|Booster Energy
|-activate|p1a: Mr.EnjoyDaDances|ability: Quark Drive|[fromitem]
|-start|p1a: Mr.EnjoyDaDances|quarkdriveatk
|
|-heal|p2a: Great Tusk|44/100|[from] item: Leftovers
|upkeep
|turn|27
|l|☆1200s chud
|inactive|1200s chud disconnected and has a minute to reconnect!
|player|p1|
|inactive|oddishlover4 has 60 seconds left.
|
|t:|1781029326
|-terastallize|p1a: Mr.EnjoyDaDances|Bug
|move|p2a: Great Tusk|Ice Spinner|p1a: Mr.EnjoyDaDances
|-damage|p1a: Mr.EnjoyDaDances|67/100
|move|p1a: Mr.EnjoyDaDances|Dragon Dance|p1a: Mr.EnjoyDaDances
|-boost|p1a: Mr.EnjoyDaDances|atk|1
|-boost|p1a: Mr.EnjoyDaDances|spe|1
|
|-heal|p2a: Great Tusk|50/100|[from] item: Leftovers
|upkeep
|turn|28
|j|☆1200s chud
|inactive|1200s chud reconnected and has 150 seconds left.
|player|p1|1200s chud|preschooler|
|inactive|oddishlover4 has 60 seconds left.
|
|t:|1781029346
|move|p1a: Mr.EnjoyDaDances|Dragon Dance|p1a: Mr.EnjoyDaDances
|-boost|p1a: Mr.EnjoyDaDances|atk|1
|-boost|p1a: Mr.EnjoyDaDances|spe|1
|move|p2a: Great Tusk|Ice Spinner|p1a: Mr.EnjoyDaDances
|-damage|p1a: Mr.EnjoyDaDances|46/100
|
|-heal|p2a: Great Tusk|56/100|[from] item: Leftovers
|upkeep
|turn|29
|inactive|oddishlover4 has 60 seconds left.
|
|t:|1781029364
|move|p1a: Mr.EnjoyDaDances|Dragon Dance|p1a: Mr.EnjoyDaDances
|-boost|p1a: Mr.EnjoyDaDances|atk|1
|-boost|p1a: Mr.EnjoyDaDances|spe|1
|move|p2a: Great Tusk|Ice Spinner|p1a: Mr.EnjoyDaDances
|-damage|p1a: Mr.EnjoyDaDances|24/100
|
|-heal|p2a: Great Tusk|62/100|[from] item: Leftovers
|upkeep
|turn|30
|
|t:|1781029382
|-end|p2a: Great Tusk|Protosynthesis|[silent]
|switch|p2a: Gholdengo|Gholdengo|22/100
|move|p1a: Mr.EnjoyDaDances|Low Kick|p2a: Gholdengo
|-immune|p2a: Gholdengo
|
|upkeep
|turn|31
|
|t:|1781029391
|move|p1a: Mr.EnjoyDaDances|Ice Punch|p2a: Gholdengo
|-resisted|p2a: Gholdengo
|-damage|p2a: Gholdengo|0 fnt
|faint|p2a: Gholdengo
|
|upkeep
|
|t:|1781029401
|switch|p2a: Dragonite|Dragonite, F|86/100
|turn|32
|
|t:|1781029410
|move|p2a: Dragonite|Extreme Speed|p1a: Mr.EnjoyDaDances
|-damage|p1a: Mr.EnjoyDaDances|0 fnt
|faint|p1a: Mr.EnjoyDaDances
|-end|p1a: Mr.EnjoyDaDances|Quark Drive|[silent]
|
|upkeep
|-message|1200s chud forfeited.
|
|win|oddishlover4
|raw|1200s chud's rating: 1691 &rarr; <strong>1671</strong><br />(-20 for losing)
|raw|oddishlover4's rating: 1693 &rarr; <strong>1713</strong><br />(+20 for winning)
|c|☆oddishlover4|GG!
|l|☆1200s chud
|player|p1|
|l|☆oddishlover4
|player|p2|
|l| babyshark974
|l| Lowladderubersnoob
