|j|☆lockheed shartin
|j|☆abGodc
|t:|1781582699
|gametype|singles
|player|p1|lockheed shartin|ruinmaniac|1619
|player|p2|abGodc|iris-gen5bw2|1673
|gen|9
|tier|[Gen 9] OU
|rated|
|rule|HP Percentage Mod: HP is shown in percentages
|rule|Endless Battle Clause: Forcing endless battles is banned
|rule|Species Clause: Limit one of each Pokémon
|rule|OHKO Clause: OHKO moves are banned
|rule|Evasion Items Clause: Evasion items are banned
|rule|Evasion Moves Clause: Evasion moves are banned
|rule|Evasion Abilities Clause: Evasion abilities are banned
|rule|Sleep Moves Clause: Sleep-inducing moves are banned
|clearpoke
|poke|p1|Great Tusk|
|poke|p1|Zamazenta-*|
|poke|p1|Volcanion|
|poke|p1|Cresselia, F|
|poke|p1|Ogerpon-Wellspring, F|
|poke|p1|Kingambit, M|
|poke|p2|Ting-Lu|
|poke|p2|Slowking-Galar, M|
|poke|p2|Corviknight, M|
|poke|p2|Cinderace, M|
|poke|p2|Ogerpon-Wellspring, F|
|poke|p2|Raging Bolt|
|teampreview
|inactive|Battle timer is ON: inactive players will automatically lose when time's up. (requested by abGodc)
|inactive|lockheed shartin also wants the timer to be on.
|j| Concept Everything
|l|☆abGodc
|inactive|abGodc disconnected and has a minute to reconnect!
|player|p2|
|j|☆abGodc
|inactive|abGodc reconnected.
|player|p2|abGodc|iris-gen5bw2|
|inactive|lockheed shartin has 120 seconds left.
|
|t:|1781582731
|teamsize|p1|6
|teamsize|p2|6
|start
|switch|p1a: Volcanion|Volcanion|100/100
|switch|p2a: Raging Bolt|Raging Bolt|100/100
|turn|1
|
|t:|1781582742
|switch|p1a: Great Tusk|Great Tusk|100/100
|move|p2a: Raging Bolt|Volt Switch|p1a: Great Tusk
|-immune|p1a: Great Tusk
|
|upkeep
|turn|2
|l|☆abGodc
|inactive|abGodc disconnected and has a minute to reconnect!
|player|p2|
|j|☆abGodc
|inactive|abGodc reconnected and has 130 seconds left.
|player|p2|abGodc|iris-gen5bw2|
|
|t:|1781582766
|-end|p2a: Raging Bolt|Protosynthesis|[silent]
|switch|p2a: Corviknight|Corviknight, M|100/100
|-ability|p2a: Corviknight|Pressure
|move|p1a: Great Tusk|Stealth Rock|p2a: Corviknight
|-sidestart|p2: abGodc|move: Stealth Rock
|
|upkeep
|turn|3
|
|t:|1781582771
|-end|p1a: Great Tusk|Protosynthesis|[silent]
|switch|p1a: Volcanion|Volcanion|100/100
|move|p2a: Corviknight|Defog|p1a: Volcanion
|-unboost|p1a: Volcanion|evasion|1
|-sideend|p2: abGodc|Stealth Rock|[from] move: Defog|[of] p2a: Corviknight
|
|upkeep
|turn|4
|
|t:|1781582775
|-terastallize|p2a: Corviknight|Dragon
|move|p1a: Volcanion|Steam Eruption|p2a: Corviknight|[miss]
|-miss|p1a: Volcanion|p2a: Corviknight
|move|p2a: Corviknight|U-turn|p1a: Volcanion
|-resisted|p1a: Volcanion
|-damage|p1a: Volcanion|95/100
|
|t:|1781582778
|switch|p2a: Raging Bolt|Raging Bolt|100/100|[from] U-turn
|
|upkeep
|turn|5
|
|t:|1781582782
|switch|p1a: Kingambit|Kingambit, M|100/100
|move|p2a: Raging Bolt|Draco Meteor|p1a: Kingambit
|-resisted|p1a: Kingambit
|-crit|p1a: Kingambit
|-damage|p1a: Kingambit|15/100
|-unboost|p2a: Raging Bolt|spa|2
|
|-heal|p1a: Kingambit|21/100|[from] item: Leftovers
|upkeep
|turn|6
|j| choispecs ironmoth
|
|t:|1781582791
|move|p2a: Raging Bolt|Draco Meteor|p1a: Kingambit
|-resisted|p1a: Kingambit
|-damage|p1a: Kingambit|0 fnt
|-unboost|p2a: Raging Bolt|spa|2
|faint|p1a: Kingambit
|-end|p1a: Kingambit|fallenundefined|[silent]
|
|upkeep
|l|☆abGodc
|inactive|abGodc disconnected and has a minute to reconnect!
|player|p2|
|
|t:|1781582802
|switch|p1a: Ogerpon|Ogerpon-Wellspring, F|100/100
|turn|7
|j|☆abGodc
|inactive|abGodc reconnected and has 145 seconds left.
|player|p2|abGodc|iris-gen5bw2|
|
|t:|1781582809
|-end|p2a: Raging Bolt|Protosynthesis|[silent]
|switch|p2a: Corviknight|Corviknight, M, tera:Dragon|100/100
|-ability|p2a: Corviknight|Pressure
|move|p1a: Ogerpon|Swords Dance|p1a: Ogerpon
|-boost|p1a: Ogerpon|atk|2
|
|upkeep
|turn|8
|
|t:|1781582815
|move|p1a: Ogerpon|Knock Off|p2a: Corviknight
|-damage|p2a: Corviknight|52/100
|-damage|p1a: Ogerpon|84/100|[from] item: Rocky Helmet|[of] p2a: Corviknight
|-enditem|p2a: Corviknight|Rocky Helmet|[from] move: Knock Off|[of] p1a: Ogerpon
|move|p2a: Corviknight|U-turn|p1a: Ogerpon
|-supereffective|p1a: Ogerpon
|-damage|p1a: Ogerpon|46/100
|
|t:|1781582817
|switch|p2a: Cinderace|Cinderace, M|100/100|[from] U-turn
|
|upkeep
|turn|9
|
|t:|1781582820
|switch|p1a: Volcanion|Volcanion|95/100
|move|p2a: Cinderace|U-turn|p1a: Volcanion
|-start|p2a: Cinderace|typechange|Bug|[from] ability: Libero
|-resisted|p1a: Volcanion
|-damage|p1a: Volcanion|80/100
|
|t:|1781582822
|switch|p2a: Raging Bolt|Raging Bolt|100/100|[from] U-turn
|
|upkeep
|turn|10
|-message|lockheed shartin forfeited.
|
|win|abGodc
|raw|lockheed shartin's rating: 1619 &rarr; <strong>1602</strong><br />(-17 for losing)
|raw|abGodc's rating: 1673 &rarr; <strong>1690</strong><br />(+17 for winning)
|l|☆lockheed shartin
|player|p1|
|l|☆abGodc
|player|p2|
|l| Concept Everything
|l| choispecs ironmoth
|j|☆abGodc
|player|p2|abGodc|iris-gen5bw2|
|l|☆abGodc
|player|p2|
