|badge|p1|bronze|gen9randombattle|100-9
|badge|p1|bronze|gen9ubers|100-9
|uhtml|medal-msg|<div class="broadcast-blue">Curious what those medals under the avatar are? PS now has Ladder Seasons! For more information, check out the <a href="https://www.smogon.com/forums/threads/3740067/">thread on Smogon.</a></div>
|j|☆oddishlover4
|j|☆SparklingOperetta
|t:|1781349717
|gametype|singles
|player|p1|oddishlover4|acetrainerf|1733
|player|p2|SparklingOperetta|parasollady|1645
|gen|9
|tier|[Gen 9] OU
|rated|
|rule|HP Percentage Mod: HP is shown in percentages
|rule|Endless Battle Clause: Forcing endless battles is banned
|rule|Species Clause: Limit one of each Pokémon
|rule|OHKO Clause: OHKO moves are banned
|rule|Evasion Items Clause: Evasion items are banned
|rule|Evasion Moves Clause: Evasion moves are banned
|rule|Evasion Abilities Clause: Evasion abilities are banned
|rule|Sleep Moves Clause: Sleep-inducing moves are banned
|clearpoke
|poke|p1|Kyurem|
|poke|p1|Hatterene, F|
|poke|p1|Darkrai|
|poke|p1|Great Tusk|
|poke|p1|Dragonite, F|
|poke|p1|Gholdengo|
|poke|p2|Hoopa-Unbound|
|poke|p2|Pecharunt|
|poke|p2|Landorus-Therian, M|
|poke|p2|Cinderace, M|
|poke|p2|Alomomola, M|
|poke|p2|Iron Valiant|
|teampreview
|
|t:|1781349736
|teamsize|p1|6
|teamsize|p2|6
|start
|switch|p1a: Antifragile|Hatterene, F|100/100
|switch|p2a: Iron Valiant|Iron Valiant, shiny|100/100
|turn|1
|c|☆oddishlover4|gl/hf!
|inactive|Battle timer is ON: inactive players will automatically lose when time's up. (requested by oddishlover4)
|c|☆SparklingOperetta|glhf
|j| Benas2009
|
|t:|1781349755
|-end|p2a: Iron Valiant|Quark Drive|[silent]
|switch|p2a: Alomomola|Alomomola, M, shiny|100/100
|move|p1a: Antifragile|Draining Kiss|p2a: Alomomola
|-damage|p2a: Alomomola|89/100
|
|upkeep
|turn|2
|
|t:|1781349773
|move|p2a: Alomomola|Flip Turn|p1a: Antifragile
|-damage|p1a: Antifragile|86/100
|-damage|p2a: Alomomola|73/100|[from] item: Rocky Helmet|[of] p1a: Antifragile
|
|t:|1781349784
|switch|p2a: Pecharunt|Pecharunt|100/100|[from] Flip Turn
|move|p1a: Antifragile|Nuzzle|p2a: Pecharunt
|-damage|p2a: Pecharunt|99/100
|-status|p2a: Pecharunt|par
|
|upkeep
|turn|3
|
|t:|1781349803
|move|p1a: Antifragile|Psychic Noise|p2a: Pecharunt
|-supereffective|p2a: Pecharunt
|-damage|p2a: Pecharunt|36/100 par
|-start|p2a: Pecharunt|move: Heal Block
|move|p2a: Pecharunt|Shadow Ball|p1a: Antifragile
|-supereffective|p1a: Antifragile
|-damage|p1a: Antifragile|36/100
|
|upkeep
|turn|4
|
|t:|1781349821
|switch|p2a: Alomomola|Alomomola, M, shiny|100/100
|move|p1a: Antifragile|Psychic Noise|p2a: Alomomola
|-damage|p2a: Alomomola|82/100
|-start|p2a: Alomomola|move: Heal Block
|
|upkeep
|turn|5
|
|t:|1781349839
|move|p2a: Alomomola|Flip Turn|p1a: Antifragile
|-damage|p1a: Antifragile|23/100
|-damage|p2a: Alomomola|66/100|[from] item: Rocky Helmet|[of] p1a: Antifragile
|
|t:|1781349847
|switch|p2a: Landorus|Landorus-Therian, M, shiny|100/100|[from] Flip Turn
|-ability|p2a: Landorus|Intimidate|boost
|-unboost|p1a: Antifragile|atk|1
|move|p1a: Antifragile|Pain Split|p2a: Landorus
|-sethp|p2a: Landorus|62/100|[from] move: Pain Split|[silent]
|-sethp|p1a: Antifragile|62/100|[from] move: Pain Split
|
|upkeep
|turn|6
|
|t:|1781349865
|move|p2a: Landorus|Stone Edge|p1a: Antifragile|[miss]
|-miss|p2a: Landorus|p1a: Antifragile
|move|p1a: Antifragile|Pain Split|p2a: Landorus
|-sethp|p2a: Landorus|62/100|[from] move: Pain Split|[silent]
|-sethp|p1a: Antifragile|62/100|[from] move: Pain Split
|
|upkeep
|turn|7
|j| Puyu paz
|inactive|oddishlover4 has 120 seconds left.
|
|t:|1781349884
|switch|p2a: Hoopa|Hoopa-Unbound|100/100
|move|p1a: Antifragile|Draining Kiss|p2a: Hoopa
|-supereffective|p2a: Hoopa
|-damage|p2a: Hoopa|58/100
|-heal|p1a: Antifragile|93/100|[from] drain|[of] p2a: Hoopa
|
|upkeep
|turn|8
|inactive|oddishlover4 has 120 seconds left.
|
|t:|1781349902
|-terastallize|p2a: Hoopa|Dark
|move|p2a: Hoopa|Hyperspace Fury|p1a: Antifragile
|-damage|p1a: Antifragile|0 fnt
|-unboost|p2a: Hoopa|def|1
|faint|p1a: Antifragile
|
|upkeep
|
|t:|1781349920
|switch|p1a: Fearless|Great Tusk|100/100
|turn|9
|
|t:|1781349938
|switch|p2a: Pecharunt|Pecharunt|36/100 par
|move|p1a: Fearless|Stealth Rock|p2a: Pecharunt
|-sidestart|p2: SparklingOperetta|move: Stealth Rock
|
|upkeep
|turn|10
|
|t:|1781349956
|move|p1a: Fearless|Headlong Rush|p2a: Pecharunt
|-supereffective|p2a: Pecharunt
|-damage|p2a: Pecharunt|0 fnt
|-unboost|p1a: Fearless|def|1
|-unboost|p1a: Fearless|spd|1
|faint|p2a: Pecharunt
|
|upkeep
|
|t:|1781349964
|switch|p2a: Iron Valiant|Iron Valiant, shiny|100/100
|-damage|p2a: Iron Valiant|94/100|[from] Stealth Rock
|turn|11
|
|t:|1781349982
|-end|p1a: Fearless|Protosynthesis|[silent]
|switch|p1a: Celebration|Gholdengo|100/100
|move|p2a: Iron Valiant|Moonblast|p1a: Celebration
|-resisted|p1a: Celebration
|-damage|p1a: Celebration|66/100
|
|upkeep
|turn|12
|inactive|oddishlover4 has 90 seconds left.
|
|t:|1781350000
|-end|p2a: Iron Valiant|Quark Drive|[silent]
|switch|p2a: Alomomola|Alomomola, M, shiny|99/100
|-damage|p2a: Alomomola|87/100|[from] Stealth Rock
|move|p1a: Celebration|Shadow Ball|p2a: Alomomola
|-damage|p2a: Alomomola|63/100
|
|upkeep
|turn|13
|j| Agathina
|inactive|oddishlover4 has 90 seconds left.
|
|t:|1781350018
|move|p1a: Celebration|Recover|p1a: Celebration
|-heal|p1a: Celebration|100/100
|move|p2a: Alomomola|Flip Turn|p1a: Celebration
|-damage|p1a: Celebration|88/100
|
|t:|1781350026
|switch|p2a: Hoopa|Hoopa-Unbound, tera:Dark|58/100|[from] Flip Turn
|-damage|p2a: Hoopa|46/100|[from] Stealth Rock
|
|upkeep
|turn|14
|inactive|oddishlover4 has 90 seconds left.
|j| mjguelserafi67
|
|t:|1781350044
|switch|p1a: Fearless|Great Tusk|100/100
|move|p2a: Hoopa|Hyperspace Fury|p1a: Fearless
|-resisted|p1a: Fearless
|-damage|p1a: Fearless|66/100
|-unboost|p2a: Hoopa|def|1
|
|-heal|p1a: Fearless|73/100|[from] item: Leftovers
|upkeep
|turn|15
|inactive|oddishlover4 has 90 seconds left.
|
|t:|1781350066
|-end|p1a: Fearless|Protosynthesis|[silent]
|switch|p1a: Bluebeard's Wife|Dragonite, F|100/100
|switch|p2a: Alomomola|Alomomola, M, shiny|97/100
|-damage|p2a: Alomomola|84/100|[from] Stealth Rock
|
|upkeep
|turn|16
|l| mjguelserafi67
|
|t:|1781350084
|move|p1a: Bluebeard's Wife|Dragon Dance|p1a: Bluebeard's Wife
|-boost|p1a: Bluebeard's Wife|atk|1
|-boost|p1a: Bluebeard's Wife|spe|1
|move|p2a: Alomomola|Flip Turn|p1a: Bluebeard's Wife
|-resisted|p1a: Bluebeard's Wife
|-damage|p1a: Bluebeard's Wife|97/100
|
|t:|1781350090
|switch|p2a: Iron Valiant|Iron Valiant, shiny|94/100|[from] Flip Turn
|-damage|p2a: Iron Valiant|88/100|[from] Stealth Rock
|
|upkeep
|turn|17
|
|t:|1781350108
|-terastallize|p1a: Bluebeard's Wife|Fire
|move|p2a: Iron Valiant|Moonblast|p1a: Bluebeard's Wife
|-resisted|p1a: Bluebeard's Wife
|-damage|p1a: Bluebeard's Wife|68/100
|-unboost|p1a: Bluebeard's Wife|spa|1
|move|p1a: Bluebeard's Wife|Dragon Dance|p1a: Bluebeard's Wife
|-boost|p1a: Bluebeard's Wife|atk|1
|-boost|p1a: Bluebeard's Wife|spe|1
|
|upkeep
|turn|18
|
|t:|1781350126
|-end|p2a: Iron Valiant|Quark Drive|[silent]
|switch|p2a: Alomomola|Alomomola, M, shiny|100/100
|-damage|p2a: Alomomola|88/100|[from] Stealth Rock
|move|p1a: Bluebeard's Wife|Extreme Speed|p2a: Alomomola
|-damage|p2a: Alomomola|46/100
|
|upkeep
|turn|19
|
|t:|1781350144
|move|p1a: Bluebeard's Wife|Extreme Speed|p2a: Alomomola
|-damage|p2a: Alomomola|9/100
|move|p2a: Alomomola|Aqua Jet|p1a: Bluebeard's Wife
|-supereffective|p1a: Bluebeard's Wife
|-damage|p1a: Bluebeard's Wife|49/100
|
|upkeep
|turn|20
|inactive|oddishlover4 has 60 seconds left.
|
|t:|1781350161
|move|p2a: Alomomola|Aqua Jet|p1a: Bluebeard's Wife
|-supereffective|p1a: Bluebeard's Wife
|-damage|p1a: Bluebeard's Wife|30/100
|move|p1a: Bluebeard's Wife|Fire Punch|p2a: Alomomola
|-resisted|p2a: Alomomola
|-damage|p2a: Alomomola|0 fnt
|faint|p2a: Alomomola
|
|upkeep
|
|t:|1781350167
|switch|p2a: Landorus|Landorus-Therian, M, shiny|62/100
|-damage|p2a: Landorus|49/100|[from] Stealth Rock
|-ability|p2a: Landorus|Intimidate|boost
|-unboost|p1a: Bluebeard's Wife|atk|1
|turn|21
|inactive|oddishlover4 has 60 seconds left.
|
|t:|1781350185
|move|p1a: Bluebeard's Wife|Fire Punch|p2a: Landorus
|-damage|p2a: Landorus|0 fnt
|faint|p2a: Landorus
|
|upkeep
|
|t:|1781350188
|switch|p2a: Cinderace|Cinderace, M, shiny|100/100
|turn|22
|inactive|oddishlover4 has 60 seconds left.
|
|t:|1781350206
|move|p2a: Cinderace|Sucker Punch||[still]
|-fail|p2a: Cinderace
|move|p1a: Bluebeard's Wife|Roost|p1a: Bluebeard's Wife
|-heal|p1a: Bluebeard's Wife|80/100
|
|upkeep
|turn|23
|-message|SparklingOperetta forfeited.
|
|win|oddishlover4
|raw|oddishlover4's rating: 1733 &rarr; <strong>1748</strong><br />(+15 for winning)
|raw|SparklingOperetta's rating: 1645 &rarr; <strong>1630</strong><br />(-15 for losing)
|l|☆SparklingOperetta
|player|p2|
|c|☆oddishlover4|GG!
|l| Agathina
|l| Puyu paz
