|j|☆amiruae
|j|☆Piecubed
|t:|1781162914
|gametype|singles
|player|p1|amiruae|palmer|1548
|player|p2|Piecubed|265|1572
|gen|9
|tier|[Gen 9] OU
|rated|
|rule|HP Percentage Mod: HP is shown in percentages
|rule|Endless Battle Clause: Forcing endless battles is banned
|rule|Species Clause: Limit one of each Pokémon
|rule|OHKO Clause: OHKO moves are banned
|rule|Evasion Items Clause: Evasion items are banned
|rule|Evasion Moves Clause: Evasion moves are banned
|rule|Evasion Abilities Clause: Evasion abilities are banned
|rule|Sleep Moves Clause: Sleep-inducing moves are banned
|clearpoke
|poke|p1|Deoxys-Speed|
|poke|p1|Entei|
|poke|p1|Ursaluna, M|
|poke|p1|Conkeldurr, M|
|poke|p1|Exeggutor-Alola, M|
|poke|p1|Mimikyu, M|
|poke|p2|Deoxys-Speed|
|poke|p2|Dragonite, F|
|poke|p2|Manaphy|
|poke|p2|Kommo-o, F|
|poke|p2|Glimmora, F|
|poke|p2|Iron Valiant|
|teampreview
|inactive|Battle timer is ON: inactive players will automatically lose when time's up. (requested by Piecubed)
|inactive|amiruae also wants the timer to be on.
|
|t:|1781162927
|teamsize|p1|6
|teamsize|p2|6
|start
|switch|p1a: Ursaluna|Ursaluna, M|100/100
|switch|p2a: Deoxys|Deoxys-Speed|100/100
|-ability|p2a: Deoxys|Pressure
|turn|1
|
|t:|1781162933
|move|p2a: Deoxys|Taunt|p1a: Ursaluna
|-start|p1a: Ursaluna|move: Taunt
|move|p1a: Ursaluna|Earthquake|p2a: Deoxys
|-damage|p2a: Deoxys|25/100
|
|-status|p1a: Ursaluna|brn|[from] item: Flame Orb
|upkeep
|turn|2
|
|t:|1781162938
|move|p2a: Deoxys|Reflect|p2a: Deoxys
|-sidestart|p2: Piecubed|Reflect
|move|p1a: Ursaluna|Facade|p2a: Deoxys
|-damage|p2a: Deoxys|0 fnt
|faint|p2a: Deoxys
|
|-damage|p1a: Ursaluna|94/100 brn|[from] brn
|upkeep
|
|t:|1781162943
|switch|p2a: Manaphy|Manaphy|100/100
|turn|3
|l|☆amiruae
|inactive|amiruae disconnected and has a minute to reconnect!
|player|p1|
|j|☆amiruae
|inactive|amiruae reconnected and has 125 seconds left.
|player|p1|amiruae|palmer|
|inactive|amiruae has 120 seconds left.
|
|t:|1781162981
|move|p2a: Manaphy|Acid Armor|p2a: Manaphy
|-boost|p2a: Manaphy|def|2
|move|p1a: Ursaluna|Facade|p2a: Manaphy
|-damage|p2a: Manaphy|73/100
|
|-heal|p2a: Manaphy|79/100|[from] item: Leftovers
|-damage|p1a: Ursaluna|88/100 brn|[from] brn
|-end|p1a: Ursaluna|move: Taunt
|upkeep
|turn|4
|inactive|amiruae has 120 seconds left.
|
|t:|1781162989
|switch|p1a: Mimikyu|Mimikyu, M|100/100
|move|p2a: Manaphy|Acid Armor|p2a: Manaphy
|-boost|p2a: Manaphy|def|2
|
|-heal|p2a: Manaphy|85/100|[from] item: Leftovers
|upkeep
|turn|5
|inactive|amiruae has 120 seconds left.
|
|t:|1781163000
|move|p2a: Manaphy|Scald|p1a: Mimikyu
|-activate|p1a: Mimikyu|ability: Disguise
|-damage|p1a: Mimikyu|100/100
|detailschange|p1a: Mimikyu|Mimikyu-Busted, M
|-damage|p1a: Mimikyu|88/100|[from] pokemon: Mimikyu-Busted
|-enditem|p1a: Mimikyu|Maranga Berry|[eat]
|-boost|p1a: Mimikyu|spd|1|[from] item: Maranga Berry
|move|p1a: Mimikyu|Trick Room|p1a: Mimikyu
|-fieldstart|move: Trick Room|[of] p1a: Mimikyu
|
|-heal|p2a: Manaphy|91/100|[from] item: Leftovers
|upkeep
|turn|6
|
|t:|1781163011
|move|p1a: Mimikyu|Curse|p2a: Manaphy
|-start|p2a: Manaphy|Curse|[of] p1a: Mimikyu
|-damage|p1a: Mimikyu|38/100
|move|p2a: Manaphy|Take Heart|p2a: Manaphy
|-boost|p2a: Manaphy|spa|1
|-boost|p2a: Manaphy|spd|1
|
|-heal|p2a: Manaphy|97/100|[from] item: Leftovers
|-damage|p2a: Manaphy|72/100|[from] Curse
|upkeep
|turn|7
|
|t:|1781163021
|move|p1a: Mimikyu|Play Rough|p2a: Manaphy
|-damage|p2a: Manaphy|67/100
|move|p2a: Manaphy|Stored Power|p1a: Mimikyu
|-damage|p1a: Mimikyu|7/100
|
|-heal|p2a: Manaphy|73/100|[from] item: Leftovers
|-damage|p2a: Manaphy|48/100|[from] Curse
|upkeep
|turn|8
|
|t:|1781163029
|switch|p2a: Glimmora|Glimmora, F|100/100
|move|p1a: Mimikyu|Play Rough|p2a: Glimmora
|-resisted|p2a: Glimmora
|-damage|p2a: Glimmora|89/100
|-activate|p2a: Glimmora|ability: Toxic Debris
|-sidestart|p1: amiruae|move: Toxic Spikes
|
|upkeep
|turn|9
|
|t:|1781163037
|move|p1a: Mimikyu|Curse|p2a: Glimmora
|-start|p2a: Glimmora|Curse|[of] p1a: Mimikyu
|-damage|p1a: Mimikyu|0 fnt
|faint|p1a: Mimikyu
|move|p2a: Glimmora|Meteor Beam||[still]
|-prepare|p2a: Glimmora|Meteor Beam
|-boost|p2a: Glimmora|spa|1
|-enditem|p2a: Glimmora|Power Herb
|-anim|p2a: Glimmora|Meteor Beam|p1: Mimikyu|[notarget]
|-fail|p2a: Glimmora
|
|-damage|p2a: Glimmora|64/100|[from] Curse
|-sideend|p2: Piecubed|Reflect
|-fieldend|move: Trick Room
|upkeep
|
|t:|1781163062
|switch|p1a: Deoxys|Deoxys-Speed|100/100
|-status|p1a: Deoxys|psn
|-ability|p1a: Deoxys|Pressure
|turn|10
|
|t:|1781163066
|move|p1a: Deoxys|Psycho Boost|p2a: Glimmora
|-supereffective|p2a: Glimmora
|-damage|p2a: Glimmora|0 fnt
|-unboost|p1a: Deoxys|spa|2
|faint|p2a: Glimmora
|-enditem|p1a: Deoxys|White Herb
|-clearnegativeboost|p1a: Deoxys|[silent]
|
|-damage|p1a: Deoxys|88/100 psn|[from] psn
|upkeep
|
|t:|1781163073
|switch|p2a: Dragonite|Dragonite, F|100/100
|turn|11
|
|t:|1781163080
|move|p1a: Deoxys|Thunderbolt|p2a: Dragonite
|-damage|p2a: Dragonite|90/100
|move|p2a: Dragonite|Dragon Dance|p2a: Dragonite
|-boost|p2a: Dragonite|atk|1
|-boost|p2a: Dragonite|spe|1
|
|-damage|p1a: Deoxys|76/100 psn|[from] psn
|upkeep
|turn|12
|
|t:|1781163084
|move|p1a: Deoxys|Psycho Boost|p2a: Dragonite
|-damage|p2a: Dragonite|38/100
|-unboost|p1a: Deoxys|spa|2
|move|p2a: Dragonite|Roost|p2a: Dragonite
|-heal|p2a: Dragonite|88/100
|-singleturn|p2a: Dragonite|move: Roost
|
|-damage|p1a: Deoxys|64/100 psn|[from] psn
|upkeep
|turn|13
|
|t:|1781163092
|move|p1a: Deoxys|Nasty Plot|p1a: Deoxys
|-boost|p1a: Deoxys|spa|2
|move|p2a: Dragonite|Roost|p2a: Dragonite
|-heal|p2a: Dragonite|100/100
|-singleturn|p2a: Dragonite|move: Roost
|
|-damage|p1a: Deoxys|52/100 psn|[from] psn
|upkeep
|turn|14
|
|t:|1781163094
|move|p1a: Deoxys|Psycho Boost|p2a: Dragonite
|-damage|p2a: Dragonite|74/100
|-unboost|p1a: Deoxys|spa|2
|move|p2a: Dragonite|Dragon Dance|p2a: Dragonite
|-boost|p2a: Dragonite|atk|1
|-boost|p2a: Dragonite|spe|1
|
|-damage|p1a: Deoxys|40/100 psn|[from] psn
|upkeep
|turn|15
|
|t:|1781163100
|switch|p1a: Entei|Entei, shiny|100/100
|-status|p1a: Entei|psn
|move|p2a: Dragonite|Roost|p2a: Dragonite
|-heal|p2a: Dragonite|100/100
|-singleturn|p2a: Dragonite|move: Roost
|
|-damage|p1a: Entei|88/100 psn|[from] psn
|upkeep
|turn|16
|
|t:|1781163105
|-terastallize|p2a: Dragonite|Fire
|move|p2a: Dragonite|Dragon Dance|p2a: Dragonite
|-boost|p2a: Dragonite|atk|1
|-boost|p2a: Dragonite|spe|1
|move|p1a: Entei|Sacred Fire|p2a: Dragonite
|-resisted|p2a: Dragonite
|-damage|p2a: Dragonite|90/100
|
|-damage|p1a: Entei|76/100 psn|[from] psn
|upkeep
|turn|17
|
|t:|1781163118
|switch|p1a: Ursaluna|Ursaluna, M|88/100 brn
|move|p2a: Dragonite|Dragon Dance|p2a: Dragonite
|-boost|p2a: Dragonite|atk|1
|-boost|p2a: Dragonite|spe|1
|
|-damage|p1a: Ursaluna|82/100 brn|[from] brn
|upkeep
|turn|18
|
|t:|1781163127
|move|p2a: Dragonite|Roost|p2a: Dragonite
|-heal|p2a: Dragonite|100/100
|move|p1a: Ursaluna|Earthquake|p2a: Dragonite
|-supereffective|p2a: Dragonite
|-damage|p2a: Dragonite|30/100
|-enditem|p2a: Dragonite|Weakness Policy
|-boost|p2a: Dragonite|atk|2|[from] item: Weakness Policy
|-boost|p2a: Dragonite|spa|2|[from] item: Weakness Policy
|
|-damage|p1a: Ursaluna|75/100 brn|[from] brn
|upkeep
|turn|19
|
|t:|1781163137
|move|p2a: Dragonite|Dragon Claw|p1a: Ursaluna
|-damage|p1a: Ursaluna|0 fnt
|faint|p1a: Ursaluna
|
|upkeep
|
|t:|1781163155
|switch|p1a: Conkeldurr|Conkeldurr, M|100/100
|-status|p1a: Conkeldurr|psn
|turn|20
|
|t:|1781163164
|move|p1a: Conkeldurr|Mach Punch|p2a: Dragonite
|-damage|p2a: Dragonite|3/100
|move|p2a: Dragonite|Roost|p2a: Dragonite
|-heal|p2a: Dragonite|53/100
|
|-damage|p1a: Conkeldurr|88/100 psn|[from] psn
|upkeep
|turn|21
|
|t:|1781163173
|-terastallize|p1a: Conkeldurr|Steel
|move|p2a: Dragonite|Roost|p2a: Dragonite
|-heal|p2a: Dragonite|100/100
|move|p1a: Conkeldurr|Drain Punch|p2a: Dragonite
|-damage|p2a: Dragonite|77/100
|-heal|p1a: Conkeldurr|100/100 psn|[from] drain|[of] p2a: Dragonite
|
|-damage|p1a: Conkeldurr|88/100 psn|[from] psn
|upkeep
|turn|22
|
|t:|1781163180
|move|p2a: Dragonite|Fire Punch|p1a: Conkeldurr
|-supereffective|p1a: Conkeldurr
|-damage|p1a: Conkeldurr|0 fnt
|faint|p1a: Conkeldurr
|
|upkeep
|
|t:|1781163189
|switch|p1a: Exeggutor|Exeggutor-Alola, M|100/100
|-status|p1a: Exeggutor|psn
|turn|23
|
|t:|1781163192
|move|p2a: Dragonite|Dragon Claw|p1a: Exeggutor
|-supereffective|p1a: Exeggutor
|-damage|p1a: Exeggutor|0 fnt
|faint|p1a: Exeggutor
|
|upkeep
|-message|amiruae forfeited.
|
|win|Piecubed
|raw|amiruae's rating: 1548 &rarr; <strong>1529</strong><br />(-19 for losing)
|raw|Piecubed's rating: 1572 &rarr; <strong>1591</strong><br />(+19 for winning)
|l|☆amiruae
|player|p1|
|l|☆Piecubed
|player|p2|
