|j|☆DiceyRice
|j|☆temporarylight
|t:|1781471830
|gametype|singles
|player|p1|DiceyRice|miku-ghost|1640
|player|p2|temporarylight|jogger|1848
|gen|9
|tier|[Gen 9] OU
|rated|
|rule|HP Percentage Mod: HP is shown in percentages
|rule|Endless Battle Clause: Forcing endless battles is banned
|rule|Species Clause: Limit one of each Pokémon
|rule|OHKO Clause: OHKO moves are banned
|rule|Evasion Items Clause: Evasion items are banned
|rule|Evasion Moves Clause: Evasion moves are banned
|rule|Evasion Abilities Clause: Evasion abilities are banned
|rule|Sleep Moves Clause: Sleep-inducing moves are banned
|clearpoke
|poke|p1|Deoxys-Defense|
|poke|p1|Ogerpon-Wellspring, F|
|poke|p1|Weezing-Galar, M|
|poke|p1|Dragapult, F|
|poke|p1|Corviknight, F|
|poke|p1|Ting-Lu|
|poke|p2|Landorus-Therian, M|
|poke|p2|Slowking-Galar, M|
|poke|p2|Ogerpon-Wellspring, F|
|poke|p2|Dragonite, F|
|poke|p2|Blaziken, F|
|poke|p2|Kingambit, F|
|teampreview
|inactive|Battle timer is ON: inactive players will automatically lose when time's up. (requested by temporarylight)
|
|t:|1781471863
|teamsize|p1|6
|teamsize|p2|6
|start
|switch|p1a: Ryuga|Dragapult, F|100/100
|switch|p2a: Slowking|Slowking-Galar, M|100/100
|turn|1
|
|t:|1781471867
|move|p1a: Ryuga|U-turn|p2a: Slowking
|-damage|p2a: Slowking|83/100
|
|t:|1781471869
|switch|p1a: Nokotan|Ting-Lu|100/100|[from] U-turn
|-ability|p1a: Nokotan|Vessel of Ruin
|move|p2a: Slowking|Thunder Wave|p1a: Nokotan
|-immune|p1a: Nokotan
|
|upkeep
|turn|2
|
|t:|1781471875
|switch|p2a: Ogerpon|Ogerpon-Wellspring, F|100/100
|move|p1a: Nokotan|Stealth Rock|p2a: Ogerpon
|-sidestart|p2: temporarylight|move: Stealth Rock
|
|upkeep
|turn|3
|
|t:|1781471882
|switch|p2a: Landorus|Landorus-Therian, M|100/100
|-damage|p2a: Landorus|88/100|[from] Stealth Rock
|-ability|p2a: Landorus|Intimidate|boost
|-unboost|p1a: Nokotan|atk|1
|switch|p1a: Smoker|Weezing-Galar, M|100/100
|-ability|p1a: Smoker|Neutralizing Gas
|
|upkeep
|turn|4
|
|t:|1781471885
|-end|p1a: Smoker|ability: Neutralizing Gas
|-ability|p2a: Landorus|Intimidate|boost
|-unboost|p1a: Smoker|atk|1
|switch|p1a: Nezuko|Ogerpon-Wellspring, F|100/100
|move|p2a: Landorus|Stealth Rock|p1a: Nezuko
|-sidestart|p1: DiceyRice|move: Stealth Rock
|
|upkeep
|turn|5
|
|t:|1781471895
|switch|p2a: Ogerpon|Ogerpon-Wellspring, F|100/100
|-damage|p2a: Ogerpon|88/100|[from] Stealth Rock
|move|p1a: Nezuko|Swords Dance|p1a: Nezuko
|-boost|p1a: Nezuko|atk|2
|
|upkeep
|turn|6
|
|t:|1781471897
|move|p1a: Nezuko|Power Whip|p2a: Ogerpon
|-damage|p2a: Ogerpon|0 fnt
|faint|p2a: Ogerpon
|
|upkeep
|
|t:|1781471908
|switch|p2a: Dragonite|Dragonite, F, shiny|100/100
|turn|7
|j| Floraixen
|
|t:|1781471921
|switch|p1a: Smoker|Weezing-Galar, M|100/100
|-ability|p1a: Smoker|Neutralizing Gas
|move|p2a: Dragonite|Dragon Dance|p2a: Dragonite
|-boost|p2a: Dragonite|atk|1
|-boost|p2a: Dragonite|spe|1
|
|upkeep
|turn|8
|inactive|DiceyRice has 120 seconds left.
|inactive|DiceyRice has 90 seconds left.
|
|t:|1781471986
|switch|p2a: Blaziken|Blaziken, F|100/100
|-damage|p2a: Blaziken|88/100|[from] Stealth Rock
|move|p1a: Smoker|Will-O-Wisp|p2a: Blaziken
|-immune|p2a: Blaziken
|
|-heal|p2a: Blaziken|94/100|[from] item: Leftovers
|upkeep
|turn|9
|
|t:|1781471994
|move|p2a: Blaziken|Substitute|p2a: Blaziken
|-start|p2a: Blaziken|Substitute
|-damage|p2a: Blaziken|69/100
|move|p1a: Smoker|Toxic||[still]
|-fail|p1a: Smoker
|
|-heal|p2a: Blaziken|75/100|[from] item: Leftovers
|upkeep
|turn|10
|
|t:|1781472000
|-end|p1a: Smoker|ability: Neutralizing Gas
|switch|p1a: Ryuga|Dragapult, F|100/100
|-damage|p1a: Ryuga|88/100|[from] Stealth Rock
|move|p2a: Blaziken|Swords Dance|p2a: Blaziken
|-boost|p2a: Blaziken|atk|2
|
|-heal|p2a: Blaziken|81/100|[from] item: Leftovers
|-ability|p2a: Blaziken|Speed Boost|boost
|-boost|p2a: Blaziken|spe|1
|upkeep
|turn|11
|inactive|temporarylight has 120 seconds left.
|
|t:|1781472045
|-terastallize|p2a: Blaziken|Steel
|move|p1a: Ryuga|Draco Meteor|p2a: Blaziken
|-resisted|p2a: Blaziken
|-damage|p2a: Blaziken|16/100
|-unboost|p1a: Ryuga|spa|2
|move|p2a: Blaziken|Blaze Kick|p1a: Ryuga
|-resisted|p1a: Ryuga
|-damage|p1a: Ryuga|29/100
|
|-heal|p2a: Blaziken|22/100|[from] item: Leftovers
|-ability|p2a: Blaziken|Speed Boost|boost
|-boost|p2a: Blaziken|spe|1
|upkeep
|turn|12
|inactive|DiceyRice has 120 seconds left.
|
|t:|1781472056
|move|p2a: Blaziken|Blaze Kick|p1a: Ryuga
|-resisted|p1a: Ryuga
|-damage|p1a: Ryuga|0 fnt
|faint|p1a: Ryuga
|
|-heal|p2a: Blaziken|28/100|[from] item: Leftovers
|-ability|p2a: Blaziken|Speed Boost|boost
|-boost|p2a: Blaziken|spe|1
|upkeep
|
|t:|1781472063
|switch|p1a: Nokotan|Ting-Lu|100/100
|-damage|p1a: Nokotan|94/100|[from] Stealth Rock
|-ability|p1a: Nokotan|Vessel of Ruin
|turn|13
|
|t:|1781472067
|move|p2a: Blaziken|Close Combat|p1a: Nokotan
|-supereffective|p1a: Nokotan
|-damage|p1a: Nokotan|0 fnt
|-unboost|p2a: Blaziken|def|1
|-unboost|p2a: Blaziken|spd|1
|faint|p1a: Nokotan
|
|-heal|p2a: Blaziken|34/100|[from] item: Leftovers
|-ability|p2a: Blaziken|Speed Boost|boost
|-boost|p2a: Blaziken|spe|1
|upkeep
|
|t:|1781472071
|switch|p1a: DIO|Deoxys-Defense, shiny|100/100
|-damage|p1a: DIO|88/100|[from] Stealth Rock
|-ability|p1a: DIO|Pressure
|turn|14
|
|t:|1781472075
|move|p2a: Blaziken|Blaze Kick|p1a: DIO
|-damage|p1a: DIO|23/100
|move|p1a: DIO|Psyshock|p2a: Blaziken
|-resisted|p2a: Blaziken
|-end|p2a: Blaziken|Substitute
|
|-heal|p2a: Blaziken|40/100|[from] item: Leftovers
|-heal|p1a: DIO|29/100|[from] item: Leftovers
|-ability|p2a: Blaziken|Speed Boost|boost
|-boost|p2a: Blaziken|spe|1
|upkeep
|turn|15
|
|t:|1781472081
|move|p2a: Blaziken|Blaze Kick|p1a: DIO
|-damage|p1a: DIO|0 fnt
|faint|p1a: DIO
|
|-heal|p2a: Blaziken|46/100|[from] item: Leftovers
|-ability|p2a: Blaziken|Speed Boost|boost
|-boost|p2a: Blaziken|spe|1
|upkeep
|
|t:|1781472084
|switch|p1a: Itachi|Corviknight, F|100/100
|-damage|p1a: Itachi|88/100|[from] Stealth Rock
|-ability|p1a: Itachi|Pressure
|turn|16
|
|t:|1781472087
|-terastallize|p1a: Itachi|Dragon
|move|p2a: Blaziken|Substitute|p2a: Blaziken
|-start|p2a: Blaziken|Substitute
|-damage|p2a: Blaziken|21/100
|move|p1a: Itachi|Body Press|p2a: Blaziken
|-supereffective|p2a: Blaziken
|-end|p2a: Blaziken|Substitute
|
|-heal|p2a: Blaziken|27/100|[from] item: Leftovers
|upkeep
|turn|17
|
|t:|1781472092
|move|p2a: Blaziken|Close Combat|p1a: Itachi
|-damage|p1a: Itachi|0 fnt
|-unboost|p2a: Blaziken|def|1
|-unboost|p2a: Blaziken|spd|1
|faint|p1a: Itachi
|
|-heal|p2a: Blaziken|33/100|[from] item: Leftovers
|upkeep
|-message|DiceyRice forfeited.
|
|win|temporarylight
|raw|DiceyRice's rating: 1640 &rarr; <strong>1631</strong><br />(-9 for losing)
|raw|temporarylight's rating: 1848 &rarr; <strong>1857</strong><br />(+9 for winning)
|l|☆DiceyRice
|player|p1|
|l|☆temporarylight
|player|p2|
|l| Floraixen
