|j|☆Miurez
|j|☆Auburn Hills
|t:|1781381278
|gametype|singles
|player|p1|Miurez|pokemonranger-gen4|1673
|player|p2|Auburn Hills|alder|1669
|gen|9
|tier|[Gen 9] OU
|rated|
|rule|HP Percentage Mod: HP is shown in percentages
|rule|Endless Battle Clause: Forcing endless battles is banned
|rule|Species Clause: Limit one of each Pokémon
|rule|OHKO Clause: OHKO moves are banned
|rule|Evasion Items Clause: Evasion items are banned
|rule|Evasion Moves Clause: Evasion moves are banned
|rule|Evasion Abilities Clause: Evasion abilities are banned
|rule|Sleep Moves Clause: Sleep-inducing moves are banned
|clearpoke
|poke|p1|Deoxys-Speed|
|poke|p1|Ceruledge, F|
|poke|p1|Zamazenta-*|
|poke|p1|Ogerpon-Wellspring, F|
|poke|p1|Glimmora, F|
|poke|p1|Hatterene, F|
|poke|p2|Iron Moth|
|poke|p2|Umbreon, M|
|poke|p2|Garchomp, F|
|poke|p2|Glimmora, F|
|poke|p2|Gholdengo|
|poke|p2|Dragonite, F|
|teampreview
|inactive|Battle timer is ON: inactive players will automatically lose when time's up. (requested by Miurez)
|
|t:|1781381318
|teamsize|p1|6
|teamsize|p2|6
|start
|switch|p1a: Deoxys|Deoxys-Speed|100/100
|switch|p2a: Glimmora|Glimmora, F|100/100
|-ability|p1a: Deoxys|Pressure
|turn|1
|
|t:|1781381323
|move|p1a: Deoxys|Psycho Boost|p2a: Glimmora
|-supereffective|p2a: Glimmora
|-enditem|p2a: Glimmora|Focus Sash
|-damage|p2a: Glimmora|1/100
|-unboost|p1a: Deoxys|spa|2
|move|p2a: Glimmora|Sludge Wave|p1a: Deoxys
|-damage|p1a: Deoxys|43/100
|
|upkeep
|turn|2
|
|t:|1781381336
|move|p1a: Deoxys|Psycho Boost|p2a: Glimmora
|-supereffective|p2a: Glimmora
|-damage|p2a: Glimmora|0 fnt
|-unboost|p1a: Deoxys|spa|2
|faint|p2a: Glimmora
|
|upkeep
|
|t:|1781381339
|switch|p2a: Elucid|Dragonite, F|100/100
|turn|3
|
|t:|1781381342
|move|p1a: Deoxys|Taunt|p2a: Elucid
|-start|p2a: Elucid|move: Taunt
|cant|p2a: Elucid|move: Taunt|Dragon Dance
|
|upkeep
|turn|4
|
|t:|1781381345
|move|p1a: Deoxys|Reflect|p1a: Deoxys
|-sidestart|p1: Miurez|Reflect
|move|p2a: Elucid|Earthquake|p1a: Deoxys
|-damage|p1a: Deoxys|18/100
|
|upkeep
|turn|5
|
|t:|1781381348
|move|p2a: Elucid|Extreme Speed|p1a: Deoxys
|-damage|p1a: Deoxys|0 fnt
|faint|p1a: Deoxys
|
|-end|p2a: Elucid|move: Taunt
|upkeep
|
|t:|1781381354
|switch|p1a: Glimmora|Glimmora, F|100/100
|turn|6
|
|t:|1781381359
|move|p1a: Glimmora|Meteor Beam||[still]
|-prepare|p1a: Glimmora|Meteor Beam
|-boost|p1a: Glimmora|spa|1
|-enditem|p1a: Glimmora|Power Herb
|-anim|p1a: Glimmora|Meteor Beam|p2a: Elucid
|-supereffective|p2a: Elucid
|-damage|p2a: Elucid|3/100
|move|p2a: Elucid|Dragon Dance|p2a: Elucid
|-boost|p2a: Elucid|atk|1
|-boost|p2a: Elucid|spe|1
|
|upkeep
|turn|7
|
|t:|1781381373
|switch|p1a: Zamazenta|Zamazenta|100/100
|-ability|p1a: Zamazenta|Dauntless Shield|boost
|-boost|p1a: Zamazenta|def|1
|move|p2a: Elucid|Earthquake|p1a: Zamazenta
|-damage|p1a: Zamazenta|87/100
|
|-heal|p1a: Zamazenta|93/100|[from] item: Leftovers
|upkeep
|turn|8
|
|t:|1781381396
|switch|p2a: Smino|Gholdengo|100/100
|move|p1a: Zamazenta|Iron Defense|p1a: Zamazenta
|-boost|p1a: Zamazenta|def|2
|
|-heal|p1a: Zamazenta|99/100|[from] item: Leftovers
|upkeep
|turn|9
|
|t:|1781381400
|switch|p1a: Ogerpon|Ogerpon-Wellspring, F|100/100
|move|p2a: Smino|Trick||[still]
|-fail|p2a: Smino
|
|upkeep
|turn|10
|
|t:|1781381404
|switch|p2a: Alvvays|Umbreon, M|100/100
|move|p1a: Ogerpon|Swords Dance|p1a: Ogerpon
|-boost|p1a: Ogerpon|atk|2
|
|upkeep
|turn|11
|
|t:|1781381408
|move|p1a: Ogerpon|Play Rough|p2a: Alvvays
|-supereffective|p2a: Alvvays
|-damage|p2a: Alvvays|0 fnt
|faint|p2a: Alvvays
|
|-sideend|p1: Miurez|Reflect
|upkeep
|
|t:|1781381414
|switch|p2a: Rat Tally|Garchomp, F|100/100
|turn|12
|
|t:|1781381424
|-terastallize|p2a: Rat Tally|Poison
|move|p2a: Rat Tally|Scale Shot|p1a: Ogerpon
|-damage|p1a: Ogerpon|84/100
|-damage|p1a: Ogerpon|68/100
|-damage|p1a: Ogerpon|49/100
|-damage|p1a: Ogerpon|33/100
|-hitcount|p1a: Ogerpon|4
|-unboost|p2a: Rat Tally|def|1
|-boost|p2a: Rat Tally|spe|1
|move|p1a: Ogerpon|Ivy Cudgel|p2a: Rat Tally|[anim] Ivy Cudgel Water
|-damage|p2a: Rat Tally|0 fnt
|faint|p2a: Rat Tally
|
|upkeep
|
|t:|1781381436
|switch|p2a: Elucid|Dragonite, F|3/100
|turn|13
|
|t:|1781381438
|move|p2a: Elucid|Extreme Speed|p1a: Ogerpon
|-damage|p1a: Ogerpon|0 fnt
|faint|p1a: Ogerpon
|
|upkeep
|
|t:|1781381461
|switch|p1a: Hatterene|Hatterene, F|100/100
|turn|14
|
|t:|1781381479
|move|p2a: Elucid|Earthquake|p1a: Hatterene
|-damage|p1a: Hatterene|71/100
|move|p1a: Hatterene|Draining Kiss|p2a: Elucid
|-supereffective|p2a: Elucid
|-damage|p2a: Elucid|0 fnt
|-heal|p1a: Hatterene|73/100|[from] drain|[of] p2a: Elucid
|faint|p2a: Elucid
|
|-heal|p1a: Hatterene|78/100|[from] item: Leftovers
|upkeep
|
|t:|1781381488
|switch|p2a: Smino|Gholdengo|100/100
|turn|15
|
|t:|1781381491
|move|p2a: Smino|Shadow Ball|p1a: Hatterene
|-supereffective|p1a: Hatterene
|-damage|p1a: Hatterene|0 fnt
|faint|p1a: Hatterene
|
|upkeep
|
|t:|1781381496
|switch|p1a: Glimmora|Glimmora, F|100/100
|turn|16
|
|t:|1781381500
|move|p2a: Smino|Shadow Ball|p1a: Glimmora
|-damage|p1a: Glimmora|49/100
|move|p1a: Glimmora|Earth Power|p2a: Smino
|-supereffective|p2a: Smino
|-damage|p2a: Smino|26/100
|
|upkeep
|turn|17
|
|t:|1781381507
|move|p2a: Smino|Shadow Ball|p1a: Glimmora
|-damage|p1a: Glimmora|0 fnt
|faint|p1a: Glimmora
|
|upkeep
|
|t:|1781381512
|switch|p1a: Ceruledge|Ceruledge, F|100/100
|turn|18
|
|t:|1781381514
|move|p1a: Ceruledge|Shadow Sneak|p2a: Smino
|-supereffective|p2a: Smino
|-damage|p2a: Smino|0 fnt
|faint|p2a: Smino
|-damage|p1a: Ceruledge|90/100|[from] item: Life Orb
|
|upkeep
|
|t:|1781381517
|switch|p2a: Carly Rae|Iron Moth|100/100
|-enditem|p2a: Carly Rae|Booster Energy
|-activate|p2a: Carly Rae|ability: Quark Drive|[fromitem]
|-start|p2a: Carly Rae|quarkdrivespe
|turn|19
|
|t:|1781381524
|move|p1a: Ceruledge|Shadow Sneak|p2a: Carly Rae
|-damage|p2a: Carly Rae|64/100
|-damage|p1a: Ceruledge|80/100|[from] item: Life Orb
|move|p2a: Carly Rae|Discharge|p1a: Ceruledge
|-damage|p1a: Ceruledge|52/100
|
|upkeep
|turn|20
|
|t:|1781381539
|move|p2a: Carly Rae|Morning Sun|p2a: Carly Rae
|-heal|p2a: Carly Rae|100/100
|move|p1a: Ceruledge|Swords Dance|p1a: Ceruledge
|-boost|p1a: Ceruledge|atk|2
|
|upkeep
|turn|21
|
|t:|1781381544
|move|p2a: Carly Rae|Discharge|p1a: Ceruledge
|-damage|p1a: Ceruledge|25/100
|-status|p1a: Ceruledge|par
|move|p1a: Ceruledge|Bitter Blade|p2a: Carly Rae
|-resisted|p2a: Carly Rae
|-damage|p2a: Carly Rae|19/100
|-heal|p1a: Ceruledge|63/100 par|[from] drain|[of] p2a: Carly Rae
|-damage|p1a: Ceruledge|53/100 par|[from] item: Life Orb
|
|upkeep
|turn|22
|
|t:|1781381552
|cant|p1a: Ceruledge|par
|move|p2a: Carly Rae|Morning Sun|p2a: Carly Rae
|-heal|p2a: Carly Rae|69/100
|
|upkeep
|turn|23
|
|t:|1781381555
|move|p1a: Ceruledge|Shadow Sneak|p2a: Carly Rae
|-damage|p2a: Carly Rae|0 fnt
|faint|p2a: Carly Rae
|-end|p2a: Carly Rae|Quark Drive|[silent]
|-damage|p1a: Ceruledge|43/100 par|[from] item: Life Orb
|
|win|Miurez
|raw|Miurez's rating: 1673 &rarr; <strong>1693</strong><br />(+20 for winning)
|raw|Auburn Hills's rating: 1669 &rarr; <strong>1649</strong><br />(-20 for losing)
|l|☆Auburn Hills
|player|p2|
|l|☆Miurez
|player|p1|
