|j|‽oatishere
|j|☆The real kurt tay
|t:|1781080547
|gametype|singles
|player|p1|oatishere|artistf-gen6|1570
|player|p2|The real kurt tay|2|1677
|gen|9
|tier|[Gen 9] OU
|rated|
|rule|HP Percentage Mod: HP is shown in percentages
|rule|Endless Battle Clause: Forcing endless battles is banned
|rule|Species Clause: Limit one of each Pokémon
|rule|OHKO Clause: OHKO moves are banned
|rule|Evasion Items Clause: Evasion items are banned
|rule|Evasion Moves Clause: Evasion moves are banned
|rule|Evasion Abilities Clause: Evasion abilities are banned
|rule|Sleep Moves Clause: Sleep-inducing moves are banned
|clearpoke
|poke|p1|Deoxys-Speed|
|poke|p1|Ceruledge, M|
|poke|p1|Iron Treads|
|poke|p1|Ogerpon-Wellspring, F|
|poke|p1|Zamazenta-*|
|poke|p1|Moltres-Galar|
|poke|p2|Kyurem|
|poke|p2|Cinderace, F|
|poke|p2|Tornadus-Therian, M|
|poke|p2|Hatterene, F|
|poke|p2|Great Tusk|
|poke|p2|Kingambit, F|
|teampreview
|inactive|Battle timer is ON: inactive players will automatically lose when time's up. (requested by oatishere)
|
|t:|1781080555
|teamsize|p1|6
|teamsize|p2|6
|start
|switch|p1a: Deoxys|Deoxys-Speed|100/100
|switch|p2a: Cinderace|Cinderace, F|100/100
|-ability|p1a: Deoxys|Pressure
|turn|1
|
|t:|1781080559
|move|p1a: Deoxys|Psycho Boost|p2a: Cinderace
|-damage|p2a: Cinderace|35/100
|-unboost|p1a: Deoxys|spa|2
|move|p2a: Cinderace|Pyro Ball|p1a: Deoxys|[miss]
|-miss|p2a: Cinderace|p1a: Deoxys
|
|upkeep
|turn|2
|
|t:|1781080564
|move|p1a: Deoxys|Psycho Boost|p2a: Cinderace
|-damage|p2a: Cinderace|3/100
|-unboost|p1a: Deoxys|spa|2
|move|p2a: Cinderace|U-turn|p1a: Deoxys
|-start|p2a: Cinderace|typechange|Bug|[from] ability: Libero
|-supereffective|p1a: Deoxys
|-damage|p1a: Deoxys|22/100
|
|t:|1781080573
|switch|p2a: Hatterene|Hatterene, F|100/100|[from] U-turn
|
|upkeep
|turn|3
|
|t:|1781080575
|move|p1a: Deoxys|Light Screen|p1a: Deoxys
|-sidestart|p1: oatishere|move: Light Screen
|move|p2a: Hatterene|Draining Kiss|p1a: Deoxys
|-damage|p1a: Deoxys|9/100
|
|upkeep
|turn|4
|
|t:|1781080579
|switch|p2a: Cinderace|Cinderace, F|3/100
|move|p1a: Deoxys|Reflect|p1a: Deoxys
|-sidestart|p1: oatishere|Reflect
|
|upkeep
|turn|5
|
|t:|1781080585
|switch|p2a: Hatterene|Hatterene, F|100/100
|move|p1a: Deoxys|Psycho Boost|p2a: Hatterene
|-resisted|p2a: Hatterene
|-damage|p2a: Hatterene|92/100
|-unboost|p1a: Deoxys|spa|2
|
|upkeep
|turn|6
|
|t:|1781080591
|switch|p1a: Iron Treads|Iron Treads|100/100
|-enditem|p1a: Iron Treads|Booster Energy
|-activate|p1a: Iron Treads|ability: Quark Drive|[fromitem]
|-start|p1a: Iron Treads|quarkdrivespe
|switch|p2a: Kingambit|Kingambit, F|100/100
|
|upkeep
|turn|7
|
|t:|1781080605
|-end|p2a: Kingambit|fallenundefined|[silent]
|switch|p2a: Great Tusk|Great Tusk|100/100
|move|p1a: Iron Treads|Earth Power|p2a: Great Tusk
|-damage|p2a: Great Tusk|56/100
|
|upkeep
|turn|8
|
|t:|1781080611
|move|p1a: Iron Treads|Steel Beam|p2a: Great Tusk
|-damage|p2a: Great Tusk|0 fnt
|-damage|p1a: Iron Treads|50/100|[from] steelbeam
|faint|p2a: Great Tusk
|-end|p2a: Great Tusk|Protosynthesis|[silent]
|
|upkeep
|
|t:|1781080622
|switch|p2a: Kyurem|Kyurem|100/100
|-ability|p2a: Kyurem|Pressure
|turn|9
|
|t:|1781080624
|move|p1a: Iron Treads|Stealth Rock|p2a: Kyurem
|-sidestart|p2: The real kurt tay|move: Stealth Rock
|move|p2a: Kyurem|Earth Power|p1a: Iron Treads
|-supereffective|p1a: Iron Treads
|-damage|p1a: Iron Treads|2/100
|
|upkeep
|turn|10
|
|t:|1781080627
|switch|p2a: Cinderace|Cinderace, F|3/100
|move|p1a: Iron Treads|Steel Beam|p2a: Cinderace
|-resisted|p2a: Cinderace
|-damage|p2a: Cinderace|0 fnt
|-damage|p1a: Iron Treads|0 fnt|[from] steelbeam
|faint|p1a: Iron Treads
|-end|p1a: Iron Treads|Quark Drive|[silent]
|faint|p2a: Cinderace
|
|-sideend|p1: oatishere|move: Light Screen
|upkeep
|
|t:|1781080640
|switch|p2a: Kingambit|Kingambit, F|100/100
|switch|p1a: Ogerpon|Ogerpon-Wellspring, F|100/100
|-damage|p2a: Kingambit|94/100|[from] Stealth Rock
|-activate|p2a: Kingambit|ability: Supreme Overlord
|-start|p2a: Kingambit|fallen2|[silent]
|turn|11
|
|t:|1781080643
|move|p1a: Ogerpon|Ivy Cudgel|p2a: Kingambit|[anim] Ivy Cudgel Water
|-damage|p2a: Kingambit|47/100
|move|p2a: Kingambit|Kowtow Cleave|p1a: Ogerpon
|-damage|p1a: Ogerpon|58/100
|
|-heal|p2a: Kingambit|53/100|[from] item: Leftovers
|-sideend|p1: oatishere|Reflect
|upkeep
|turn|12
|
|t:|1781080648
|move|p1a: Ogerpon|Ivy Cudgel|p2a: Kingambit|[anim] Ivy Cudgel Water
|-damage|p2a: Kingambit|2/100
|move|p2a: Kingambit|Kowtow Cleave|p1a: Ogerpon
|-damage|p1a: Ogerpon|0 fnt
|faint|p1a: Ogerpon
|
|-heal|p2a: Kingambit|8/100|[from] item: Leftovers
|upkeep
|
|t:|1781080650
|switch|p1a: Deoxys|Deoxys-Speed|9/100
|-ability|p1a: Deoxys|Pressure
|turn|13
|
|t:|1781080654
|move|p1a: Deoxys|Reflect|p1a: Deoxys
|-sidestart|p1: oatishere|Reflect
|move|p2a: Kingambit|Kowtow Cleave|p1a: Deoxys
|-supereffective|p1a: Deoxys
|-damage|p1a: Deoxys|0 fnt
|faint|p1a: Deoxys
|
|-heal|p2a: Kingambit|14/100|[from] item: Leftovers
|upkeep
|
|t:|1781080657
|switch|p1a: Moltres|Moltres-Galar|100/100
|turn|14
|
|t:|1781080661
|-end|p2a: Kingambit|fallen2|[silent]
|switch|p2a: Kyurem|Kyurem|100/100
|-damage|p2a: Kyurem|76/100|[from] Stealth Rock
|-ability|p2a: Kyurem|Pressure
|move|p1a: Moltres|Nasty Plot|p1a: Moltres
|-boost|p1a: Moltres|spa|2
|
|upkeep
|turn|15
|
|t:|1781080665
|-terastallize|p1a: Moltres|Ghost
|-terastallize|p2a: Kyurem|Fairy
|move|p1a: Moltres|Hurricane|p2a: Kyurem
|-damage|p2a: Kyurem|23/100
|-start|p2a: Kyurem|confusion
|-activate|p2a: Kyurem|confusion
|move|p2a: Kyurem|Ice Beam|p1a: Moltres
|-damage|p1a: Moltres|59/100
|
|upkeep
|turn|16
|
|t:|1781080674
|move|p1a: Moltres|Hurricane|p2a: Kyurem
|-damage|p2a: Kyurem|0 fnt
|faint|p2a: Kyurem
|
|upkeep
|
|t:|1781080679
|switch|p2a: Tornadus|Tornadus-Therian, M|100/100
|-damage|p2a: Tornadus|76/100|[from] Stealth Rock
|turn|17
|
|t:|1781080683
|move|p2a: Tornadus|Bleakwind Storm|p1a: Moltres
|-damage|p1a: Moltres|7/100
|-ability|p1a: Moltres|Berserk|boost
|-boost|p1a: Moltres|spa|1
|-damage|p2a: Tornadus|66/100|[from] item: Life Orb
|-enditem|p1a: Moltres|Sitrus Berry|[eat]
|-heal|p1a: Moltres|32/100|[from] item: Sitrus Berry
|move|p1a: Moltres|Hurricane|p2a: Tornadus
|-damage|p2a: Tornadus|0 fnt
|faint|p2a: Tornadus
|
|upkeep
|
|t:|1781080691
|switch|p2a: Kingambit|Kingambit, F|14/100
|-damage|p2a: Kingambit|8/100|[from] Stealth Rock
|-activate|p2a: Kingambit|ability: Supreme Overlord
|-start|p2a: Kingambit|fallen4|[silent]
|turn|18
|
|t:|1781080702
|switch|p1a: Zamazenta|Zamazenta|100/100
|-ability|p1a: Zamazenta|Dauntless Shield|boost
|-boost|p1a: Zamazenta|def|1
|move|p2a: Kingambit|Sucker Punch||[still]
|-fail|p2a: Kingambit
|
|-heal|p2a: Kingambit|14/100|[from] item: Leftovers
|upkeep
|turn|19
|
|t:|1781080704
|-end|p2a: Kingambit|fallen4|[silent]
|switch|p2a: Hatterene|Hatterene, F|92/100
|-damage|p2a: Hatterene|80/100|[from] Stealth Rock
|move|p1a: Zamazenta|Body Press|p2a: Hatterene
|-resisted|p2a: Hatterene
|-damage|p2a: Hatterene|67/100
|
|upkeep
|turn|20
|
|t:|1781080706
|switch|p1a: Moltres|Moltres-Galar, tera:Ghost|32/100
|move|p2a: Hatterene|Draining Kiss|p1a: Moltres
|-damage|p1a: Moltres|13/100
|-heal|p2a: Hatterene|81/100|[from] drain|[of] p1a: Moltres
|
|-sideend|p1: oatishere|Reflect
|upkeep
|turn|21
|
|t:|1781080713
|move|p1a: Moltres|Fiery Wrath|p2a: Hatterene
|-damage|p2a: Hatterene|42/100
|move|p2a: Hatterene|Draining Kiss|p1a: Moltres
|-damage|p1a: Moltres|0 fnt
|-heal|p2a: Hatterene|53/100|[from] drain|[of] p1a: Moltres
|faint|p1a: Moltres
|
|upkeep
|
|t:|1781080716
|switch|p1a: Ceruledge|Ceruledge, M|100/100
|turn|22
|
|t:|1781080719
|move|p1a: Ceruledge|Bitter Blade|p2a: Hatterene
|-damage|p2a: Hatterene|0 fnt
|faint|p2a: Hatterene
|-damage|p1a: Ceruledge|91/100|[from] item: Life Orb
|
|upkeep
|-message|The real kurt tay forfeited.
|
|win|oatishere
|raw|oatishere's rating: 1570 &rarr; <strong>1596</strong><br />(+26 for winning)
|raw|The real kurt tay's rating: 1677 &rarr; <strong>1651</strong><br />(-26 for losing)
|l|☆The real kurt tay
|player|p2|
|l|‽oatishere
|player|p1|
