|badge|p2|bronze|gen9ubers|100-9
|uhtml|medal-msg|<div class="broadcast-blue">Curious what those medals under the avatar are? PS now has Ladder Seasons! For more information, check out the <a href="https://www.smogon.com/forums/threads/3740067/">thread on Smogon.</a></div>
|j|☆fart0s
|j|☆mister_ttar
|t:|1781431633
|gametype|singles
|player|p1|fart0s|skierf|1525
|player|p2|mister_ttar|vince|1535
|gen|9
|tier|[Gen 9] OU
|rated|
|rule|HP Percentage Mod: HP is shown in percentages
|rule|Endless Battle Clause: Forcing endless battles is banned
|rule|Species Clause: Limit one of each Pokémon
|rule|OHKO Clause: OHKO moves are banned
|rule|Evasion Items Clause: Evasion items are banned
|rule|Evasion Moves Clause: Evasion moves are banned
|rule|Evasion Abilities Clause: Evasion abilities are banned
|rule|Sleep Moves Clause: Sleep-inducing moves are banned
|clearpoke
|poke|p1|Iron Valiant|
|poke|p1|Regieleki|
|poke|p1|Weavile, F|
|poke|p1|Corviknight, F|
|poke|p1|Primarina, F|
|poke|p1|Pecharunt|
|poke|p2|Ceruledge, F|
|poke|p2|Iron Valiant|
|poke|p2|Ditto|
|poke|p2|Mamoswine, F|
|poke|p2|Armarouge, M|
|poke|p2|Cinderace, M|
|teampreview
|inactive|Battle timer is ON: inactive players will automatically lose when time's up. (requested by fart0s)
|inactive|fart0s has 120 seconds left.
|inactive|mister_ttar has 120 seconds left.
|
|t:|1781431685
|teamsize|p1|6
|teamsize|p2|6
|start
|switch|p1a: Weavile|Weavile, F|100/100
|switch|p2a: Thumper|Cinderace, M|100/100
|-ability|p1a: Weavile|Pressure
|turn|1
|
|t:|1781431694
|move|p1a: Weavile|Knock Off|p2a: Thumper
|-enditem|p2a: Thumper|Focus Sash
|-damage|p2a: Thumper|1/100
|move|p2a: Thumper|Pyro Ball|p1a: Weavile
|-supereffective|p1a: Weavile
|-damage|p1a: Weavile|0 fnt
|faint|p1a: Weavile
|
|upkeep
|
|t:|1781431700
|switch|p1a: yes rico kaboom|Regieleki|100/100
|turn|2
|
|t:|1781431705
|move|p2a: Thumper|Sucker Punch|p1a: yes rico kaboom
|-start|p2a: Thumper|typechange|Dark|[from] ability: Libero
|-damage|p1a: yes rico kaboom|30/100
|move|p1a: yes rico kaboom|Volt Switch|p2a: Thumper
|-damage|p2a: Thumper|0 fnt
|faint|p2a: Thumper
|
|t:|1781431724
|switch|p1a: Primarina|Primarina, F|100/100|[from] Volt Switch
|
|upkeep
|
|t:|1781431743
|switch|p2a: The Indian Swine|Mamoswine, F|100/100
|turn|3
|
|t:|1781431755
|switch|p1a: Corviknight|Corviknight, F|100/100
|-ability|p1a: Corviknight|Pressure
|move|p2a: The Indian Swine|Earthquake|p1a: Corviknight
|-immune|p1a: Corviknight
|
|upkeep
|turn|4
|
|t:|1781431766
|move|p2a: The Indian Swine|Icicle Crash|p1a: Corviknight
|-damage|p1a: Corviknight|73/100
|move|p1a: Corviknight|U-turn|p2a: The Indian Swine
|-damage|p2a: The Indian Swine|86/100
|
|t:|1781431770
|switch|p1a: Primarina|Primarina, F|100/100|[from] U-turn
|
|upkeep
|turn|5
|
|t:|1781431774
|move|p2a: The Indian Swine|Earthquake|p1a: Primarina
|-damage|p1a: Primarina|21/100
|move|p1a: Primarina|Surf|p2a: The Indian Swine
|-supereffective|p2a: The Indian Swine
|-damage|p2a: The Indian Swine|0 fnt
|faint|p2a: The Indian Swine
|
|upkeep
|
|t:|1781431781
|switch|p2a: Anna De Armas|Armarouge, M|100/100
|turn|6
|
|t:|1781431786
|move|p2a: Anna De Armas|Psyshock|p1a: Primarina
|-damage|p1a: Primarina|0 fnt
|faint|p1a: Primarina
|
|upkeep
|
|t:|1781431792
|switch|p1a: yes rico kaboom|Regieleki|30/100
|turn|7
|
|t:|1781431796
|move|p1a: yes rico kaboom|Volt Switch|p2a: Anna De Armas
|-damage|p2a: Anna De Armas|63/100
|
|t:|1781431805
|switch|p1a: Corviknight|Corviknight, F|73/100|[from] Volt Switch
|-ability|p1a: Corviknight|Pressure
|move|p2a: Anna De Armas|Armor Cannon|p1a: Corviknight
|-supereffective|p1a: Corviknight
|-damage|p1a: Corviknight|0 fnt
|-unboost|p2a: Anna De Armas|def|1
|-unboost|p2a: Anna De Armas|spd|1
|faint|p1a: Corviknight
|
|upkeep
|
|t:|1781431807
|switch|p1a: yes rico kaboom|Regieleki|30/100
|turn|8
|
|t:|1781431811
|move|p1a: yes rico kaboom|Supercell Slam|p2a: Anna De Armas
|-damage|p2a: Anna De Armas|0 fnt
|faint|p2a: Anna De Armas
|
|upkeep
|
|t:|1781431815
|switch|p2a: The Main Character|Ceruledge, F, shiny|100/100
|turn|9
|
|t:|1781431819
|move|p1a: yes rico kaboom|Supercell Slam|p2a: The Main Character
|-enditem|p2a: The Main Character|Focus Sash
|-damage|p2a: The Main Character|1/100
|-ability|p2a: The Main Character|Weak Armor|boost
|-unboost|p2a: The Main Character|def|1
|-boost|p2a: The Main Character|spe|2
|move|p2a: The Main Character|Swords Dance|p2a: The Main Character
|-boost|p2a: The Main Character|atk|2
|
|upkeep
|turn|10
|
|t:|1781431829
|move|p2a: The Main Character|Shadow Sneak|p1a: yes rico kaboom
|-damage|p1a: yes rico kaboom|0 fnt
|faint|p1a: yes rico kaboom
|
|upkeep
|
|t:|1781431832
|switch|p1a: Pecharunt|Pecharunt|100/100
|turn|11
|
|t:|1781431837
|move|p2a: The Main Character|Bitter Blade|p1a: Pecharunt
|-damage|p1a: Pecharunt|50/100
|-heal|p2a: The Main Character|33/100|[from] drain|[of] p1a: Pecharunt
|move|p1a: Pecharunt|Shadow Ball|p2a: The Main Character
|-supereffective|p2a: The Main Character
|-damage|p2a: The Main Character|0 fnt
|faint|p2a: The Main Character
|
|-heal|p1a: Pecharunt|57/100|[from] item: Leftovers
|upkeep
|
|t:|1781431844
|switch|p2a: He's/Him|Iron Valiant|100/100
|-enditem|p2a: He's/Him|Booster Energy
|-activate|p2a: He's/Him|ability: Quark Drive|[fromitem]
|-start|p2a: He's/Him|quarkdrivespe
|turn|12
|
|t:|1781431850
|move|p2a: He's/Him|Shadow Ball|p1a: Pecharunt
|-supereffective|p1a: Pecharunt
|-crit|p1a: Pecharunt
|-damage|p1a: Pecharunt|0 fnt
|faint|p1a: Pecharunt
|
|upkeep
|
|t:|1781431852
|switch|p1a: Iron Valiant|Iron Valiant|100/100
|turn|13
|
|t:|1781431855
|move|p2a: He's/Him|Moonblast|p1a: Iron Valiant
|-supereffective|p1a: Iron Valiant
|-damage|p1a: Iron Valiant|0 fnt
|faint|p1a: Iron Valiant
|-end|p1a: Iron Valiant|Quark Drive|[silent]
|
|win|mister_ttar
|raw|fart0s's rating: 1525 &rarr; <strong>1506</strong><br />(-19 for losing)
|raw|mister_ttar's rating: 1535 &rarr; <strong>1554</strong><br />(+19 for winning)
|l|☆fart0s
|player|p1|
|l|☆mister_ttar
|player|p2|
