|j|☆thelarpinglarper
|j|☆Latin Playboy
|t:|1781425619
|gametype|singles
|player|p1|thelarpinglarper|sordward|1696
|player|p2|Latin Playboy|preschooler|1617
|gen|9
|tier|[Gen 9] OU
|rated|
|rule|HP Percentage Mod: HP is shown in percentages
|rule|Endless Battle Clause: Forcing endless battles is banned
|rule|Species Clause: Limit one of each Pokémon
|rule|OHKO Clause: OHKO moves are banned
|rule|Evasion Items Clause: Evasion items are banned
|rule|Evasion Moves Clause: Evasion moves are banned
|rule|Evasion Abilities Clause: Evasion abilities are banned
|rule|Sleep Moves Clause: Sleep-inducing moves are banned
|clearpoke
|poke|p1|Samurott-Hisui, F|
|poke|p1|Iron Treads|
|poke|p1|Iron Valiant|
|poke|p1|Rotom-Wash|
|poke|p1|Iron Moth|
|poke|p1|Pecharunt|
|poke|p2|Dragapult, M|
|poke|p2|Corviknight, F|
|poke|p2|Landorus-Therian, M|
|poke|p2|Gholdengo|
|poke|p2|Latios, M|
|poke|p2|Goodra-Hisui, F|
|teampreview
|inactive|Battle timer is ON: inactive players will automatically lose when time's up. (requested by thelarpinglarper)
|inactive|Latin Playboy also wants the timer to be on.
|
|t:|1781425632
|teamsize|p1|6
|teamsize|p2|6
|start
|switch|p1a: Iron Moth|Iron Moth|100/100
|switch|p2a: Landorus|Landorus-Therian, M|100/100
|-ability|p2a: Landorus|Intimidate|boost
|-unboost|p1a: Iron Moth|atk|1
|turn|1
|
|t:|1781425640
|-end|p1a: Iron Moth|Quark Drive|[silent]
|switch|p1a: Rotom|Rotom-Wash|100/100
|move|p2a: Landorus|U-turn|p1a: Rotom
|-damage|p1a: Rotom|81/100
|
|t:|1781425652
|switch|p2a: Latios|Latios, M|100/100|[from] U-turn
|
|upkeep
|turn|2
|
|t:|1781425658
|switch|p1a: Iron Treads|Iron Treads|100/100
|move|p2a: Latios|Draco Meteor|p1a: Iron Treads
|-resisted|p1a: Iron Treads
|-damage|p1a: Iron Treads|35/100
|-unboost|p2a: Latios|spa|2
|
|upkeep
|turn|3
|
|t:|1781425677
|-end|p1a: Iron Treads|Quark Drive|[silent]
|switch|p1a: Iron Moth|Iron Moth|100/100
|-terastallize|p2a: Latios|Dragon
|move|p2a: Latios|Draco Meteor|p1a: Iron Moth
|-damage|p1a: Iron Moth|26/100
|-unboost|p2a: Latios|spa|2
|
|upkeep
|turn|4
|
|t:|1781425686
|switch|p2a: Landorus|Landorus-Therian, M|100/100
|-ability|p2a: Landorus|Intimidate|boost
|-unboost|p1a: Iron Moth|atk|1
|move|p1a: Iron Moth|Sludge Wave|p2a: Landorus
|-resisted|p2a: Landorus
|-damage|p2a: Landorus|40/100
|
|upkeep
|turn|5
|
|t:|1781425694
|-end|p1a: Iron Moth|Quark Drive|[silent]
|switch|p1a: Rotom|Rotom-Wash|81/100
|move|p2a: Landorus|U-turn|p1a: Rotom
|-damage|p1a: Rotom|60/100
|
|t:|1781425710
|switch|p2a: Latios|Latios, M, tera:Dragon|100/100|[from] U-turn
|
|upkeep
|turn|6
|inactive|thelarpinglarper has 120 seconds left.
|
|t:|1781425748
|switch|p1a: Iron Treads|Iron Treads|35/100
|move|p2a: Latios|Draco Meteor|p1a: Iron Treads
|-resisted|p1a: Iron Treads
|-damage|p1a: Iron Treads|0 fnt
|-unboost|p2a: Latios|spa|2
|faint|p1a: Iron Treads
|-end|p1a: Iron Treads|Quark Drive|[silent]
|
|upkeep
|
|t:|1781425751
|switch|p1a: Iron Valiant|Iron Valiant|100/100
|turn|7
|
|t:|1781425760
|switch|p2a: Gholdengo|Gholdengo|100/100
|move|p1a: Iron Valiant|Knock Off|p2a: Gholdengo
|-supereffective|p2a: Gholdengo
|-damage|p2a: Gholdengo|0 fnt
|-enditem|p2a: Gholdengo|Choice Scarf|[from] move: Knock Off|[of] p1a: Iron Valiant
|faint|p2a: Gholdengo
|-damage|p1a: Iron Valiant|90/100|[from] item: Life Orb
|
|upkeep
|
|t:|1781425771
|switch|p2a: Landorus|Landorus-Therian, M|40/100
|-ability|p2a: Landorus|Intimidate|boost
|-unboost|p1a: Iron Valiant|atk|1
|turn|8
|
|t:|1781425776
|move|p2a: Landorus|U-turn|p1a: Iron Valiant
|-resisted|p1a: Iron Valiant
|-damage|p1a: Iron Valiant|82/100
|
|t:|1781425780
|switch|p2a: Corviknight|Corviknight, F|100/100|[from] U-turn
|-ability|p2a: Corviknight|Pressure
|move|p1a: Iron Valiant|Moonblast|p2a: Corviknight
|-resisted|p2a: Corviknight
|-damage|p2a: Corviknight|76/100
|-unboost|p2a: Corviknight|spa|1
|-damage|p1a: Iron Valiant|72/100|[from] item: Life Orb
|
|upkeep
|turn|9
|
|t:|1781425790
|switch|p2a: Landorus|Landorus-Therian, M|40/100
|-ability|p2a: Landorus|Intimidate|boost
|-unboost|p1a: Iron Valiant|atk|1
|move|p1a: Iron Valiant|Close Combat|p2a: Landorus
|-resisted|p2a: Landorus
|-damage|p2a: Landorus|16/100
|-unboost|p1a: Iron Valiant|def|1
|-unboost|p1a: Iron Valiant|spd|1
|-damage|p1a: Iron Valiant|62/100|[from] item: Life Orb
|
|upkeep
|turn|10
|
|t:|1781425797
|-end|p1a: Iron Valiant|Quark Drive|[silent]
|switch|p1a: Rotom|Rotom-Wash|60/100
|move|p2a: Landorus|Earthquake|p1a: Rotom
|-immune|p1a: Rotom|[from] ability: Levitate
|
|upkeep
|turn|11
|
|t:|1781425803
|switch|p2a: Dragapult|Dragapult, M|100/100
|move|p1a: Rotom|Volt Switch|p2a: Dragapult
|-resisted|p2a: Dragapult
|-crit|p2a: Dragapult
|-damage|p2a: Dragapult|75/100
|inactive|thelarpinglarper has 120 seconds left.
|inactive|thelarpinglarper has 90 seconds left.
|
|t:|1781425869
|switch|p1a: Samurott|Samurott-Hisui, F|100/100|[from] Volt Switch
|
|upkeep
|turn|12
|inactive|thelarpinglarper has 90 seconds left.
|
|t:|1781425877
|move|p1a: Samurott|Sucker Punch|p2a: Dragapult
|-supereffective|p2a: Dragapult
|-damage|p2a: Dragapult|0 fnt
|faint|p2a: Dragapult
|
|upkeep
|
|t:|1781425888
|switch|p2a: Latios|Latios, M, tera:Dragon|100/100
|turn|13
|
|t:|1781425897
|switch|p1a: Iron Moth|Iron Moth|26/100
|move|p2a: Latios|Flip Turn|p1a: Iron Moth
|-supereffective|p1a: Iron Moth
|-damage|p1a: Iron Moth|0 fnt
|faint|p1a: Iron Moth
|-end|p1a: Iron Moth|Quark Drive|[silent]
|
|t:|1781425901
|switch|p2a: Goodra|Goodra-Hisui, F, shiny|100/100|[from] Flip Turn
|
|upkeep
|
|t:|1781425907
|switch|p1a: Iron Valiant|Iron Valiant|62/100
|turn|14
|
|t:|1781425911
|switch|p2a: Landorus|Landorus-Therian, M|16/100
|-ability|p2a: Landorus|Intimidate|boost
|-unboost|p1a: Iron Valiant|atk|1
|move|p1a: Iron Valiant|Close Combat|p2a: Landorus
|-resisted|p2a: Landorus
|-damage|p2a: Landorus|0 fnt
|-unboost|p1a: Iron Valiant|def|1
|-unboost|p1a: Iron Valiant|spd|1
|faint|p2a: Landorus
|-damage|p1a: Iron Valiant|52/100|[from] item: Life Orb
|
|upkeep
|
|t:|1781425924
|switch|p2a: Goodra|Goodra-Hisui, F, shiny|100/100
|turn|15
|
|t:|1781425934
|-end|p1a: Iron Valiant|Quark Drive|[silent]
|switch|p1a: Rotom|Rotom-Wash|60/100
|move|p2a: Goodra|Flash Cannon|p1a: Rotom
|-resisted|p1a: Rotom
|-crit|p1a: Rotom
|-damage|p1a: Rotom|45/100
|
|upkeep
|turn|16
|
|t:|1781425938
|move|p1a: Rotom|Pain Split|p2a: Goodra
|-sethp|p2a: Goodra|69/100|[from] move: Pain Split|[silent]
|-sethp|p1a: Rotom|83/100|[from] move: Pain Split
|move|p2a: Goodra|Draco Meteor|p1a: Rotom|[miss]
|-miss|p2a: Goodra|p1a: Rotom
|
|upkeep
|turn|17
|
|t:|1781425946
|move|p1a: Rotom|Volt Switch|p2a: Goodra
|-resisted|p2a: Goodra
|-damage|p2a: Goodra|63/100
|
|t:|1781425947
|switch|p1a: Pecharunt|Pecharunt|100/100|[from] Volt Switch
|move|p2a: Goodra|Draco Meteor|p1a: Pecharunt
|-damage|p1a: Pecharunt|34/100
|-unboost|p2a: Goodra|spa|2
|
|upkeep
|turn|18
|
|t:|1781425953
|move|p1a: Pecharunt|Parting Shot|p2a: Goodra
|-unboost|p2a: Goodra|atk|1
|-unboost|p2a: Goodra|spa|1
|
|t:|1781425958
|switch|p1a: Samurott|Samurott-Hisui, F|100/100|[from] Parting Shot
|move|p2a: Goodra|Earthquake|p1a: Samurott
|-damage|p1a: Samurott|83/100
|
|upkeep
|turn|19
|-message|Latin Playboy forfeited.
|
|win|thelarpinglarper
|raw|thelarpinglarper's rating: 1696 &rarr; <strong>1712</strong><br />(+16 for winning)
|raw|Latin Playboy's rating: 1617 &rarr; <strong>1601</strong><br />(-16 for losing)
|c|☆thelarpinglarper|gg
