|j|‽zozotown
|j|☆fifodrummer
|t:|1781004777
|gametype|singles
|player|p1|zozotown|265|1667
|player|p2|fifodrummer|pokemaniac|1550
|gen|9
|tier|[Gen 9] OU
|rated|
|rule|HP Percentage Mod: HP is shown in percentages
|rule|Endless Battle Clause: Forcing endless battles is banned
|rule|Species Clause: Limit one of each Pokémon
|rule|OHKO Clause: OHKO moves are banned
|rule|Evasion Items Clause: Evasion items are banned
|rule|Evasion Moves Clause: Evasion moves are banned
|rule|Evasion Abilities Clause: Evasion abilities are banned
|rule|Sleep Moves Clause: Sleep-inducing moves are banned
|clearpoke
|poke|p1|Clodsire, F|
|poke|p1|Alomomola, F|
|poke|p1|Hydrapple, F|
|poke|p1|Meowscarada, M|
|poke|p1|Primarina, M|
|poke|p1|Weezing-Galar, F|
|poke|p2|Pelipper, M|
|poke|p2|Raging Bolt|
|poke|p2|Overqwil, M|
|poke|p2|Ogerpon-Wellspring, F|
|poke|p2|Scizor, M|
|poke|p2|Kingdra, F|
|teampreview
|inactive|Battle timer is ON: inactive players will automatically lose when time's up. (requested by zozotown)
|
|t:|1781004792
|teamsize|p1|6
|teamsize|p2|6
|start
|switch|p1a: Meowscarada|Meowscarada, M|100/100
|switch|p2a: Iron Claw|Scizor, M, shiny|100/100
|turn|1
|
|t:|1781004815
|move|p1a: Meowscarada|U-turn|p2a: Iron Claw
|-start|p1a: Meowscarada|typechange|Bug|[from] ability: Protean
|-resisted|p2a: Iron Claw
|-damage|p2a: Iron Claw|76/100
|
|t:|1781004820
|switch|p1a: Alomomola|Alomomola, F|100/100|[from] U-turn
|move|p2a: Iron Claw|Swords Dance|p2a: Iron Claw
|-boost|p2a: Iron Claw|atk|2
|
|upkeep
|turn|2
|
|t:|1781004827
|move|p2a: Iron Claw|Dual Wingbeat|p1a: Alomomola
|-damage|p1a: Alomomola|71/100
|-damage|p1a: Alomomola|44/100
|-hitcount|p1a: Alomomola|2
|move|p1a: Alomomola|Flip Turn|p2a: Iron Claw
|-damage|p2a: Iron Claw|59/100
|
|t:|1781004840
|switch|p1a: Clodsire|Clodsire, F|100/100|[from] Flip Turn
|
|upkeep
|turn|3
|
|t:|1781004845
|move|p2a: Iron Claw|Dual Wingbeat|p1a: Clodsire
|-damage|p1a: Clodsire|80/100
|-damage|p1a: Clodsire|61/100
|-hitcount|p1a: Clodsire|2
|move|p1a: Clodsire|Curse|p1a: Clodsire
|-unboost|p1a: Clodsire|spe|1
|-boost|p1a: Clodsire|atk|1
|-boost|p1a: Clodsire|def|1
|
|-heal|p1a: Clodsire|67/100|[from] item: Leftovers
|upkeep
|turn|4
|
|t:|1781004859
|switch|p2a: The Mask|Ogerpon-Wellspring, F|100/100
|move|p1a: Clodsire|Recover|p1a: Clodsire
|-heal|p1a: Clodsire|100/100
|
|upkeep
|turn|5
|
|t:|1781004865
|switch|p1a: Hydrapple|Hydrapple, F|100/100
|move|p2a: The Mask|Swords Dance|p2a: The Mask
|-boost|p2a: The Mask|atk|2
|
|upkeep
|turn|6
|
|t:|1781004873
|switch|p2a: Nigel|Pelipper, M|100/100
|-weather|RainDance|[from] ability: Drizzle|[of] p2a: Nigel
|move|p1a: Hydrapple|Draco Meteor|p2a: Nigel
|-damage|p2a: Nigel|0 fnt
|-unboost|p1a: Hydrapple|spa|2
|faint|p2a: Nigel
|
|-weather|RainDance|[upkeep]
|upkeep
|
|t:|1781004884
|switch|p2a: Spike|Overqwil, M, shiny|100/100
|turn|7
|
|t:|1781004892
|switch|p1a: Weezing|Weezing-Galar, F|100/100
|-ability|p1a: Weezing|Neutralizing Gas
|move|p2a: Spike|Poison Jab|p1a: Weezing
|-damage|p1a: Weezing|57/100
|-damage|p2a: Spike|91/100|[from] item: Life Orb
|
|-weather|RainDance|[upkeep]
|-heal|p1a: Weezing|63/100|[from] item: Leftovers
|upkeep
|turn|8
|
|t:|1781004904
|-terastallize|p2a: Spike|Water
|move|p2a: Spike|Liquidation|p1a: Weezing
|-damage|p1a: Weezing|0 fnt
|faint|p1a: Weezing
|-end|p1a: Weezing|ability: Neutralizing Gas
|-damage|p2a: Spike|81/100|[from] item: Life Orb
|
|-weather|RainDance|[upkeep]
|upkeep
|
|t:|1781004916
|switch|p1a: Alomomola|Alomomola, F|78/100
|turn|9
|
|t:|1781004920
|move|p1a: Alomomola|Protect|p1a: Alomomola
|-singleturn|p1a: Alomomola|Protect
|move|p2a: Spike|Poison Jab|p1a: Alomomola
|-activate|p1a: Alomomola|move: Protect
|
|-weather|RainDance|[upkeep]
|upkeep
|turn|10
|
|t:|1781004927
|move|p2a: Spike|Poison Jab|p1a: Alomomola
|-damage|p1a: Alomomola|41/100
|-damage|p2a: Spike|71/100|[from] item: Life Orb
|move|p1a: Alomomola|Wish|p1a: Alomomola
|
|-weather|RainDance|[upkeep]
|upkeep
|turn|11
|
|t:|1781004935
|move|p1a: Alomomola|Protect|p1a: Alomomola
|-singleturn|p1a: Alomomola|Protect
|move|p2a: Spike|Crunch|p1a: Alomomola
|-activate|p1a: Alomomola|move: Protect
|
|-weather|RainDance|[upkeep]
|-heal|p1a: Alomomola|91/100|[from] move: Wish|[wisher] Alomomola
|upkeep
|turn|12
|
|t:|1781004946
|move|p2a: Spike|Poison Jab|p1a: Alomomola
|-damage|p1a: Alomomola|58/100
|-damage|p2a: Spike|61/100|[from] item: Life Orb
|move|p1a: Alomomola|Wish|p1a: Alomomola
|
|-weather|RainDance|[upkeep]
|upkeep
|turn|13
|
|t:|1781004953
|move|p1a: Alomomola|Protect|p1a: Alomomola
|-singleturn|p1a: Alomomola|Protect
|move|p2a: Spike|Poison Jab|p1a: Alomomola
|-activate|p1a: Alomomola|move: Protect
|
|-weather|none
|-heal|p1a: Alomomola|100/100|[from] move: Wish|[wisher] Alomomola
|upkeep
|turn|14
|
|t:|1781004962
|switch|p2a: High AF|Raging Bolt|100/100
|move|p1a: Alomomola|Wish|p1a: Alomomola
|
|upkeep
|turn|15
|
|t:|1781004973
|switch|p1a: Meowscarada|Meowscarada, M|100/100
|move|p2a: High AF|Volt Switch|p1a: Meowscarada
|-resisted|p1a: Meowscarada
|-damage|p1a: Meowscarada|73/100
|
|t:|1781004980
|-end|p2a: High AF|Protosynthesis|[silent]
|switch|p2a: Spike|Overqwil, M, shiny, tera:Water|61/100|[from] Volt Switch
|
|-heal|p1a: Meowscarada|100/100|[from] move: Wish|[wisher] Alomomola
|upkeep
|turn|16
|
|t:|1781004987
|move|p1a: Meowscarada|Knock Off|p2a: Spike
|-start|p1a: Meowscarada|typechange|Dark|[from] ability: Protean
|-damage|p2a: Spike|0 fnt
|-enditem|p2a: Spike|Life Orb|[from] move: Knock Off|[of] p1a: Meowscarada
|faint|p2a: Spike
|
|upkeep
|
|t:|1781004996
|switch|p2a: Iron Claw|Scizor, M, shiny|59/100
|turn|17
|
|t:|1781005001
|-terastallize|p1a: Meowscarada|Dark
|move|p1a: Meowscarada|Knock Off|p2a: Iron Claw
|-damage|p2a: Iron Claw|0 fnt
|-enditem|p2a: Iron Claw|Heavy-Duty Boots|[from] move: Knock Off|[of] p1a: Meowscarada
|faint|p2a: Iron Claw
|
|upkeep
|
|t:|1781005013
|switch|p2a: High AF|Raging Bolt|100/100
|turn|18
|
|t:|1781005017
|move|p2a: High AF|Thunder|p1a: Meowscarada|[miss]
|-miss|p2a: High AF|p1a: Meowscarada
|move|p1a: Meowscarada|Knock Off|p2a: High AF
|-damage|p2a: High AF|22/100
|-enditem|p2a: High AF|Choice Scarf|[from] move: Knock Off|[of] p1a: Meowscarada
|
|upkeep
|turn|19
|
|t:|1781005025
|move|p1a: Meowscarada|Knock Off|p2a: High AF
|-damage|p2a: High AF|0 fnt
|faint|p2a: High AF
|-end|p2a: High AF|Protosynthesis|[silent]
|
|upkeep
|-message|fifodrummer forfeited.
|
|win|zozotown
|raw|zozotown's rating: 1667 &rarr; <strong>1681</strong><br />(+14 for winning)
|raw|fifodrummer's rating: 1550 &rarr; <strong>1536</strong><br />(-14 for losing)
|l|☆fifodrummer
|player|p2|
|l|‽zozotown
|player|p1|
