|j|☆snurke
|j|☆Scratchez
|t:|1780895612
|gametype|singles
|player|p1|snurke|sisandbro|1541
|player|p2|Scratchez|265|1538
|gen|9
|tier|[Gen 9] OU
|rated|
|rule|HP Percentage Mod: HP is shown in percentages
|rule|Endless Battle Clause: Forcing endless battles is banned
|rule|Species Clause: Limit one of each Pokémon
|rule|OHKO Clause: OHKO moves are banned
|rule|Evasion Items Clause: Evasion items are banned
|rule|Evasion Moves Clause: Evasion moves are banned
|rule|Evasion Abilities Clause: Evasion abilities are banned
|rule|Sleep Moves Clause: Sleep-inducing moves are banned
|clearpoke
|poke|p1|Ogerpon-Wellspring, F|
|poke|p1|Garganacl, M|
|poke|p1|Rillaboom, M|
|poke|p1|Hawlucha, F|
|poke|p1|Iron Treads|
|poke|p1|Iron Moth|
|poke|p2|Tyranitar, M|
|poke|p2|Excadrill, F|
|poke|p2|Corviknight, F|
|poke|p2|Garchomp, F|
|poke|p2|Dragapult, F|
|poke|p2|Hippowdon, M|
|teampreview
|
|t:|1780895644
|teamsize|p1|6
|teamsize|p2|6
|start
|switch|p1a: Ogerpon|Ogerpon-Wellspring, F|100/100
|switch|p2a: Corviknight|Corviknight, F|100/100
|-ability|p2a: Corviknight|Pressure
|turn|1
|
|t:|1780895653
|move|p1a: Ogerpon|Knock Off|p2a: Corviknight
|-damage|p2a: Corviknight|67/100
|-damage|p1a: Ogerpon|84/100|[from] item: Rocky Helmet|[of] p2a: Corviknight
|-enditem|p2a: Corviknight|Rocky Helmet|[from] move: Knock Off|[of] p1a: Ogerpon
|move|p2a: Corviknight|U-turn|p1a: Ogerpon
|-supereffective|p1a: Ogerpon
|-damage|p1a: Ogerpon|43/100
|
|t:|1780895659
|switch|p2a: Dragapult|Dragapult, F|100/100|[from] U-turn
|
|upkeep
|turn|2
|
|t:|1780895669
|switch|p1a: The Process|Garganacl, M, shiny|100/100
|move|p2a: Dragapult|U-turn|p1a: The Process
|-damage|p1a: The Process|89/100
|
|t:|1780895674
|switch|p2a: Tyranitar|Tyranitar, M|100/100|[from] U-turn
|-weather|Sandstorm|[from] ability: Sand Stream|[of] p2a: Tyranitar
|
|-weather|Sandstorm|[upkeep]
|-heal|p1a: The Process|96/100|[from] item: Leftovers
|upkeep
|turn|3
|
|t:|1780895684
|move|p2a: Tyranitar|Taunt|p1a: The Process
|-start|p1a: The Process|move: Taunt
|move|p1a: The Process|Salt Cure|p2a: Tyranitar
|-damage|p2a: Tyranitar|90/100
|-start|p2a: Tyranitar|Salt Cure
|
|-weather|Sandstorm|[upkeep]
|-heal|p2a: Tyranitar|96/100|[from] item: Leftovers
|-heal|p1a: The Process|100/100|[from] item: Leftovers
|-damage|p2a: Tyranitar|84/100|[from] Salt Cure
|upkeep
|turn|4
|
|t:|1780895697
|switch|p1a: Hawlucha|Hawlucha, F, shiny|100/100
|move|p2a: Tyranitar|Knock Off|p1a: Hawlucha
|-resisted|p1a: Hawlucha
|-damage|p1a: Hawlucha|60/100
|-enditem|p1a: Hawlucha|Grassy Seed|[from] move: Knock Off|[of] p2a: Tyranitar
|
|-weather|Sandstorm|[upkeep]
|-damage|p1a: Hawlucha|54/100|[from] Sandstorm
|-heal|p2a: Tyranitar|90/100|[from] item: Leftovers
|-damage|p2a: Tyranitar|77/100|[from] Salt Cure
|upkeep
|turn|5
|
|t:|1780895706
|switch|p2a: Hippowdon|Hippowdon, M|100/100
|move|p1a: Hawlucha|Swords Dance|p1a: Hawlucha
|-boost|p1a: Hawlucha|atk|2
|
|-weather|Sandstorm|[upkeep]
|-damage|p1a: Hawlucha|47/100|[from] Sandstorm
|upkeep
|turn|6
|
|t:|1780895712
|move|p1a: Hawlucha|Drain Punch|p2a: Hippowdon
|-damage|p2a: Hippowdon|65/100
|-heal|p1a: Hawlucha|71/100|[from] drain|[of] p2a: Hippowdon
|move|p2a: Hippowdon|Whirlwind|p1a: Hawlucha
|drag|p1a: Ogerpon|Ogerpon-Wellspring, F|43/100
|
|-weather|none
|upkeep
|turn|7
|
|t:|1780895723
|switch|p2a: Garchomp|Garchomp, F|100/100
|move|p1a: Ogerpon|Ivy Cudgel|p2a: Garchomp|[anim] Ivy Cudgel Water
|-crit|p2a: Garchomp
|-damage|p2a: Garchomp|7/100
|
|upkeep
|turn|8
|
|t:|1780895734
|move|p1a: Ogerpon|Ivy Cudgel|p2a: Garchomp|[anim] Ivy Cudgel Water
|-damage|p2a: Garchomp|0 fnt
|faint|p2a: Garchomp
|
|upkeep
|inactive|Battle timer is ON: inactive players will automatically lose when time's up. (requested by snurke)
|
|t:|1780895736
|switch|p2a: Dragapult|Dragapult, F|100/100
|turn|9
|
|t:|1780895740
|switch|p1a: The Process|Garganacl, M, shiny|100/100
|move|p2a: Dragapult|U-turn|p1a: The Process
|-damage|p1a: The Process|89/100
|
|t:|1780895742
|switch|p2a: Tyranitar|Tyranitar, M|77/100|[from] U-turn
|-weather|Sandstorm|[from] ability: Sand Stream|[of] p2a: Tyranitar
|
|-weather|Sandstorm|[upkeep]
|-heal|p2a: Tyranitar|84/100|[from] item: Leftovers
|-heal|p1a: The Process|96/100|[from] item: Leftovers
|upkeep
|turn|10
|
|t:|1780895750
|switch|p1a: Ogerpon|Ogerpon-Wellspring, F|43/100
|move|p2a: Tyranitar|Knock Off|p1a: Ogerpon
|-damage|p1a: Ogerpon|0 fnt
|faint|p1a: Ogerpon
|
|-weather|Sandstorm|[upkeep]
|-heal|p2a: Tyranitar|90/100|[from] item: Leftovers
|upkeep
|
|t:|1780895756
|switch|p1a: Rillaboom|Rillaboom, M, shiny|100/100
|-fieldstart|move: Grassy Terrain|[from] ability: Grassy Surge|[of] p1a: Rillaboom
|turn|11
|
|t:|1780895766
|switch|p2a: Corviknight|Corviknight, F|67/100
|-ability|p2a: Corviknight|Pressure
|move|p1a: Rillaboom|U-turn|p2a: Corviknight
|-resisted|p2a: Corviknight
|-damage|p2a: Corviknight|62/100
|
|t:|1780895786
|switch|p1a: Iron Moth|Iron Moth, shiny|100/100|[from] U-turn
|
|-weather|Sandstorm|[upkeep]
|-damage|p1a: Iron Moth|95/100|[from] Sandstorm
|-heal|p1a: Iron Moth|100/100|[from] Grassy Terrain
|upkeep
|turn|12
|
|t:|1780895795
|move|p1a: Iron Moth|U-turn|p2a: Corviknight
|-resisted|p2a: Corviknight
|-damage|p2a: Corviknight|60/100
|
|t:|1780895798
|-end|p1a: Iron Moth|Quark Drive|[silent]
|switch|p1a: The Process|Garganacl, M, shiny|96/100|[from] U-turn
|move|p2a: Corviknight|U-turn|p1a: The Process
|-damage|p1a: The Process|87/100
|
|t:|1780895806
|switch|p2a: Tyranitar|Tyranitar, M|90/100|[from] U-turn
|
|-weather|Sandstorm|[upkeep]
|-heal|p2a: Tyranitar|96/100|[from] Grassy Terrain
|-heal|p2a: Tyranitar|100/100|[from] item: Leftovers
|-heal|p1a: The Process|93/100|[from] Grassy Terrain
|-heal|p1a: The Process|99/100|[from] item: Leftovers
|upkeep
|turn|13
|
|t:|1780895820
|switch|p1a: Iron Treads|Iron Treads, shiny|100/100
|move|p2a: Tyranitar|Stealth Rock|p1a: Iron Treads
|-sidestart|p1: snurke|move: Stealth Rock
|
|-weather|none
|upkeep
|turn|14
|
|t:|1780895826
|move|p1a: Iron Treads|Stealth Rock|p2a: Tyranitar
|-sidestart|p2: Scratchez|move: Stealth Rock
|move|p2a: Tyranitar|Knock Off|p1a: Iron Treads
|-damage|p1a: Iron Treads|57/100
|-enditem|p1a: Iron Treads|Leftovers|[from] move: Knock Off|[of] p2a: Tyranitar
|
|-heal|p1a: Iron Treads|63/100|[from] Grassy Terrain
|upkeep
|turn|15
|
|t:|1780895831
|move|p1a: Iron Treads|Iron Head|p2a: Tyranitar
|-supereffective|p2a: Tyranitar
|-damage|p2a: Tyranitar|54/100
|move|p2a: Tyranitar|Knock Off|p1a: Iron Treads
|-damage|p1a: Iron Treads|33/100
|
|-heal|p1a: Iron Treads|39/100|[from] Grassy Terrain
|-heal|p2a: Tyranitar|60/100|[from] Grassy Terrain
|-heal|p2a: Tyranitar|66/100|[from] item: Leftovers
|upkeep
|turn|16
|
|t:|1780895840
|switch|p2a: Corviknight|Corviknight, F|60/100
|-damage|p2a: Corviknight|48/100|[from] Stealth Rock
|-ability|p2a: Corviknight|Pressure
|move|p1a: Iron Treads|Rapid Spin|p2a: Corviknight
|-resisted|p2a: Corviknight
|-damage|p2a: Corviknight|43/100
|-boost|p1a: Iron Treads|spe|1
|-sideend|p1: snurke|Stealth Rock|[from] move: Rapid Spin|[of] p1a: Iron Treads
|
|-heal|p1a: Iron Treads|45/100|[from] Grassy Terrain
|upkeep
|turn|17
|
|t:|1780895849
|-end|p1a: Iron Treads|Quark Drive|[silent]
|switch|p1a: Iron Moth|Iron Moth, shiny|100/100
|move|p2a: Corviknight|Defog|p1a: Iron Moth
|-unboost|p1a: Iron Moth|evasion|1
|-sideend|p2: Scratchez|Stealth Rock|[from] move: Defog|[of] p2a: Corviknight
|-fieldend|move: Grassy Terrain
|
|upkeep
|turn|18
|
|t:|1780895858
|switch|p2a: Tyranitar|Tyranitar, M|66/100
|-weather|Sandstorm|[from] ability: Sand Stream|[of] p2a: Tyranitar
|move|p1a: Iron Moth|Fiery Dance|p2a: Tyranitar
|-resisted|p2a: Tyranitar
|-damage|p2a: Tyranitar|53/100
|-boost|p1a: Iron Moth|spa|1
|
|-weather|Sandstorm|[upkeep]
|-damage|p1a: Iron Moth|95/100|[from] Sandstorm
|-heal|p2a: Tyranitar|59/100|[from] item: Leftovers
|upkeep
|turn|19
|
|t:|1780895870
|move|p1a: Iron Moth|U-turn|p2a: Tyranitar
|-supereffective|p2a: Tyranitar
|-damage|p2a: Tyranitar|42/100
|inactive|snurke has 120 seconds left.
|
|t:|1780895909
|-end|p1a: Iron Moth|Quark Drive|[silent]
|switch|p1a: Rillaboom|Rillaboom, M, shiny|100/100|[from] U-turn
|-fieldstart|move: Grassy Terrain|[from] ability: Grassy Surge|[of] p1a: Rillaboom
|move|p2a: Tyranitar|Knock Off|p1a: Rillaboom
|-damage|p1a: Rillaboom|46/100
|-enditem|p1a: Rillaboom|Terrain Extender|[from] move: Knock Off|[of] p2a: Tyranitar
|
|-weather|Sandstorm|[upkeep]
|-damage|p1a: Rillaboom|40/100|[from] Sandstorm
|-heal|p1a: Rillaboom|46/100|[from] Grassy Terrain
|-heal|p2a: Tyranitar|49/100|[from] Grassy Terrain
|-heal|p2a: Tyranitar|55/100|[from] item: Leftovers
|upkeep
|turn|20
|
|t:|1780895926
|switch|p2a: Corviknight|Corviknight, F|43/100
|-ability|p2a: Corviknight|Pressure
|move|p1a: Rillaboom|U-turn|p2a: Corviknight
|-resisted|p2a: Corviknight
|-damage|p2a: Corviknight|37/100
|
|t:|1780895931
|switch|p1a: Iron Moth|Iron Moth, shiny|95/100|[from] U-turn
|
|-weather|Sandstorm|[upkeep]
|-damage|p1a: Iron Moth|89/100|[from] Sandstorm
|-heal|p1a: Iron Moth|95/100|[from] Grassy Terrain
|upkeep
|turn|21
|
|t:|1780895940
|move|p1a: Iron Moth|Discharge|p2a: Corviknight
|-supereffective|p2a: Corviknight
|-damage|p2a: Corviknight|0 fnt
|faint|p2a: Corviknight
|
|-weather|Sandstorm|[upkeep]
|-damage|p1a: Iron Moth|89/100|[from] Sandstorm
|-heal|p1a: Iron Moth|95/100|[from] Grassy Terrain
|upkeep
|
|t:|1780895956
|switch|p2a: Excadrill|Excadrill, F|100/100
|-item|p2a: Excadrill|Air Balloon
|turn|22
|
|t:|1780895978
|-terastallize|p1a: Iron Moth|Bug
|move|p2a: Excadrill|Swords Dance|p2a: Excadrill
|-boost|p2a: Excadrill|atk|2
|move|p1a: Iron Moth|Fiery Dance|p2a: Excadrill
|-supereffective|p2a: Excadrill
|-crit|p2a: Excadrill
|-damage|p2a: Excadrill|0 fnt
|-boost|p1a: Iron Moth|spa|1
|-enditem|p2a: Excadrill|Air Balloon
|faint|p2a: Excadrill
|
|-weather|none
|-heal|p1a: Iron Moth|100/100|[from] Grassy Terrain
|upkeep
|
|t:|1780895984
|switch|p2a: Tyranitar|Tyranitar, M|55/100
|-weather|Sandstorm|[from] ability: Sand Stream|[of] p2a: Tyranitar
|turn|23
|
|t:|1780895993
|move|p1a: Iron Moth|U-turn|p2a: Tyranitar
|-supereffective|p2a: Tyranitar
|-crit|p2a: Tyranitar
|-damage|p2a: Tyranitar|15/100
|
|t:|1780895998
|-end|p1a: Iron Moth|Quark Drive|[silent]
|switch|p1a: Hawlucha|Hawlucha, F, shiny|71/100|[from] U-turn
|move|p2a: Tyranitar|Knock Off|p1a: Hawlucha
|-resisted|p1a: Hawlucha
|-damage|p1a: Hawlucha|45/100
|
|-weather|Sandstorm|[upkeep]
|-damage|p1a: Hawlucha|39/100|[from] Sandstorm
|-heal|p2a: Tyranitar|21/100|[from] Grassy Terrain
|-heal|p2a: Tyranitar|27/100|[from] item: Leftovers
|upkeep
|turn|24
|
|t:|1780896003
|switch|p2a: Dragapult|Dragapult, F|100/100
|move|p1a: Hawlucha|Acrobatics|p2a: Dragapult
|-damage|p2a: Dragapult|32/100
|
|-weather|Sandstorm|[upkeep]
|-damage|p2a: Dragapult|26/100|[from] Sandstorm
|-damage|p1a: Hawlucha|33/100|[from] Sandstorm
|-heal|p2a: Dragapult|32/100|[from] Grassy Terrain
|upkeep
|turn|25
|
|t:|1780896008
|switch|p1a: The Process|Garganacl, M, shiny|99/100
|move|p2a: Dragapult|Hex|p1a: The Process
|-damage|p1a: The Process|92/100
|
|-weather|Sandstorm|[upkeep]
|-damage|p2a: Dragapult|26/100|[from] Sandstorm
|-heal|p2a: Dragapult|32/100|[from] Grassy Terrain
|-heal|p1a: The Process|99/100|[from] Grassy Terrain
|-heal|p1a: The Process|100/100|[from] item: Leftovers
|upkeep
|turn|26
|
|t:|1780896013
|move|p2a: Dragapult|U-turn|p1a: The Process
|-damage|p1a: The Process|89/100
|
|t:|1780896015
|switch|p2a: Hippowdon|Hippowdon, M|65/100|[from] U-turn
|move|p1a: The Process|Salt Cure|p2a: Hippowdon
|-resisted|p2a: Hippowdon
|-damage|p2a: Hippowdon|62/100
|-start|p2a: Hippowdon|Salt Cure
|
|-weather|Sandstorm|[upkeep]
|-heal|p2a: Hippowdon|68/100|[from] Grassy Terrain
|-heal|p1a: The Process|95/100|[from] Grassy Terrain
|-heal|p1a: The Process|100/100|[from] item: Leftovers
|-damage|p2a: Hippowdon|55/100|[from] Salt Cure
|-fieldend|move: Grassy Terrain
|upkeep
|turn|27
|
|t:|1780896031
|switch|p1a: Rillaboom|Rillaboom, M, shiny|46/100
|-fieldstart|move: Grassy Terrain|[from] ability: Grassy Surge|[of] p1a: Rillaboom
|move|p2a: Hippowdon|Slack Off|p2a: Hippowdon
|-heal|p2a: Hippowdon|100/100
|
|-weather|none
|-heal|p1a: Rillaboom|52/100|[from] Grassy Terrain
|-damage|p2a: Hippowdon|88/100|[from] Salt Cure
|upkeep
|turn|28
|
|t:|1780896040
|move|p2a: Hippowdon|Protect|p2a: Hippowdon
|-singleturn|p2a: Hippowdon|Protect
|move|p1a: Rillaboom|Grassy Glide|p2a: Hippowdon
|-activate|p2a: Hippowdon|move: Protect
|
|-heal|p1a: Rillaboom|58/100|[from] Grassy Terrain
|-heal|p2a: Hippowdon|94/100|[from] Grassy Terrain
|-damage|p2a: Hippowdon|82/100|[from] Salt Cure
|upkeep
|turn|29
|
|t:|1780896051
|move|p1a: Rillaboom|Grassy Glide|p2a: Hippowdon
|-supereffective|p2a: Hippowdon
|-damage|p2a: Hippowdon|42/100
|move|p2a: Hippowdon|Whirlwind|p1a: Rillaboom
|drag|p1a: Iron Treads|Iron Treads, shiny|45/100
|
|-heal|p1a: Iron Treads|51/100|[from] Grassy Terrain
|-heal|p2a: Hippowdon|48/100|[from] Grassy Terrain
|-damage|p2a: Hippowdon|36/100|[from] Salt Cure
|upkeep
|turn|30
|
|t:|1780896059
|move|p1a: Iron Treads|Stealth Rock|p2a: Hippowdon
|-sidestart|p2: Scratchez|move: Stealth Rock
|move|p2a: Hippowdon|Earthquake|p1a: Iron Treads
|-supereffective|p1a: Iron Treads
|-damage|p1a: Iron Treads|21/100
|
|-heal|p1a: Iron Treads|27/100|[from] Grassy Terrain
|-heal|p2a: Hippowdon|42/100|[from] Grassy Terrain
|-damage|p2a: Hippowdon|30/100|[from] Salt Cure
|upkeep
|turn|31
|-message|Scratchez forfeited.
|
|win|snurke
|raw|snurke's rating: 1541 &rarr; <strong>1561</strong><br />(+20 for winning)
|raw|Scratchez's rating: 1538 &rarr; <strong>1518</strong><br />(-20 for losing)
|l|☆Scratchez
|player|p2|
