|j|☆msean3
|j|☆blackgokuking
|t:|1781124747
|gametype|singles
|player|p1|msean3|170|1715
|player|p2|blackgokuking|101|1697
|gen|9
|tier|[Gen 9] OU
|rated|
|rule|HP Percentage Mod: HP is shown in percentages
|rule|Endless Battle Clause: Forcing endless battles is banned
|rule|Species Clause: Limit one of each Pokémon
|rule|OHKO Clause: OHKO moves are banned
|rule|Evasion Items Clause: Evasion items are banned
|rule|Evasion Moves Clause: Evasion moves are banned
|rule|Evasion Abilities Clause: Evasion abilities are banned
|rule|Sleep Moves Clause: Sleep-inducing moves are banned
|clearpoke
|poke|p1|Darkrai|
|poke|p1|Alomomola, F|
|poke|p1|Corviknight, F|
|poke|p1|Weezing-Galar, M|
|poke|p1|Garchomp, M|
|poke|p1|Ogerpon, F|
|poke|p2|Kingambit, F|
|poke|p2|Kommo-o, M|
|poke|p2|Iron Valiant|
|poke|p2|Kyurem|
|poke|p2|Iron Treads|
|poke|p2|Iron Crown|
|teampreview
|
|t:|1781124762
|teamsize|p1|6
|teamsize|p2|6
|start
|switch|p1a: Garchomp|Garchomp, M|100/100
|switch|p2a: Kyurem|Kyurem|100/100
|-ability|p2a: Kyurem|Pressure
|turn|1
|
|t:|1781124766
|move|p2a: Kyurem|Icicle Spear|p1a: Garchomp
|-supereffective|p1a: Garchomp
|-damage|p1a: Garchomp|65/100
|-supereffective|p1a: Garchomp
|-damage|p1a: Garchomp|27/100
|-supereffective|p1a: Garchomp
|-damage|p1a: Garchomp|0 fnt
|faint|p1a: Garchomp
|-hitcount|p1: Garchomp|3
|
|upkeep
|
|t:|1781124771
|switch|p1a: Darkrai|Darkrai|100/100
|turn|2
|
|t:|1781124783
|switch|p2a: Kommo-o|Kommo-o, M|100/100
|move|p1a: Darkrai|Dark Pulse|p2a: Kommo-o
|-resisted|p2a: Kommo-o
|-damage|p2a: Kommo-o|71/100
|
|-heal|p2a: Kommo-o|77/100|[from] item: Leftovers
|upkeep
|turn|3
|
|t:|1781124788
|switch|p1a: Ogerpon|Ogerpon, F|100/100
|move|p2a: Kommo-o|Clangorous Soul|p2a: Kommo-o
|-boost|p2a: Kommo-o|atk|1
|-boost|p2a: Kommo-o|def|1
|-boost|p2a: Kommo-o|spa|1
|-boost|p2a: Kommo-o|spd|1
|-boost|p2a: Kommo-o|spe|1
|-damage|p2a: Kommo-o|44/100
|
|-heal|p2a: Kommo-o|50/100|[from] item: Leftovers
|upkeep
|turn|4
|
|t:|1781124790
|-terastallize|p1a: Ogerpon|Grass
|detailschange|p1a: Ogerpon|Ogerpon-Teal-Tera, F, tera:Grass
|-ability|p1a: Ogerpon|Embody Aspect (Teal)|boost
|-boost|p1a: Ogerpon|spe|1
|move|p1a: Ogerpon|Encore|p2a: Kommo-o
|-start|p2a: Kommo-o|Encore
|move|p2a: Kommo-o|Clangorous Soul|p2a: Kommo-o
|-boost|p2a: Kommo-o|atk|1
|-boost|p2a: Kommo-o|def|1
|-boost|p2a: Kommo-o|spa|1
|-boost|p2a: Kommo-o|spd|1
|-boost|p2a: Kommo-o|spe|1
|-damage|p2a: Kommo-o|18/100
|
|-heal|p2a: Kommo-o|24/100|[from] item: Leftovers
|upkeep
|turn|5
|
|t:|1781124796
|move|p2a: Kommo-o|Clangorous Soul||[still]
|-fail|p2a: Kommo-o
|move|p1a: Ogerpon|Ivy Cudgel|p2a: Kommo-o
|-resisted|p2a: Kommo-o
|-damage|p2a: Kommo-o|11/100
|
|-heal|p2a: Kommo-o|17/100|[from] item: Leftovers
|upkeep
|turn|6
|
|t:|1781124801
|move|p2a: Kommo-o|Clangorous Soul||[still]
|-fail|p2a: Kommo-o
|move|p1a: Ogerpon|Ivy Cudgel|p2a: Kommo-o
|-resisted|p2a: Kommo-o
|-damage|p2a: Kommo-o|3/100
|
|-heal|p2a: Kommo-o|9/100|[from] item: Leftovers
|-end|p2a: Kommo-o|Encore
|upkeep
|turn|7
|
|t:|1781124807
|switch|p1a: Corviknight|Corviknight, F|100/100
|-ability|p1a: Corviknight|Pressure
|move|p2a: Kommo-o|Drain Punch|p1a: Corviknight
|-damage|p1a: Corviknight|52/100
|-heal|p2a: Kommo-o|37/100|[from] drain|[of] p1a: Corviknight
|
|-heal|p2a: Kommo-o|43/100|[from] item: Leftovers
|-heal|p1a: Corviknight|58/100|[from] item: Leftovers
|upkeep
|turn|8
|
|t:|1781124810
|move|p2a: Kommo-o|Drain Punch|p1a: Corviknight
|-damage|p1a: Corviknight|8/100
|-heal|p2a: Kommo-o|72/100|[from] drain|[of] p1a: Corviknight
|move|p1a: Corviknight|Brave Bird|p2a: Kommo-o
|-supereffective|p2a: Kommo-o
|-damage|p2a: Kommo-o|39/100
|-damage|p1a: Corviknight|0 fnt|[from] Recoil
|faint|p1a: Corviknight
|
|-heal|p2a: Kommo-o|46/100|[from] item: Leftovers
|upkeep
|
|t:|1781124813
|switch|p1a: Weezing|Weezing-Galar, M|100/100
|-ability|p1a: Weezing|Neutralizing Gas
|turn|9
|
|t:|1781124816
|move|p2a: Kommo-o|Substitute|p2a: Kommo-o
|-start|p2a: Kommo-o|Substitute
|-damage|p2a: Kommo-o|21/100
|move|p1a: Weezing|Will-O-Wisp||[still]
|-fail|p1a: Weezing
|
|-heal|p2a: Kommo-o|27/100|[from] item: Leftovers
|upkeep
|turn|10
|
|t:|1781124820
|move|p2a: Kommo-o|Shadow Claw|p1a: Weezing
|-damage|p1a: Weezing|79/100
|move|p1a: Weezing|Sludge Bomb|p2a: Kommo-o
|-activate|p2a: Kommo-o|move: Substitute|[damage]
|
|-heal|p2a: Kommo-o|33/100|[from] item: Leftovers
|-heal|p1a: Weezing|85/100|[from] item: Leftovers
|upkeep
|turn|11
|
|t:|1781124827
|move|p2a: Kommo-o|Shadow Claw|p1a: Weezing
|-damage|p1a: Weezing|62/100
|move|p1a: Weezing|Sludge Bomb|p2a: Kommo-o
|-activate|p2a: Kommo-o|move: Substitute|[damage]
|
|-heal|p2a: Kommo-o|39/100|[from] item: Leftovers
|-heal|p1a: Weezing|68/100|[from] item: Leftovers
|upkeep
|turn|12
|-message|msean3 forfeited.
|
|win|blackgokuking
|raw|msean3's rating: 1715 &rarr; <strong>1694</strong><br />(-21 for losing)
|raw|blackgokuking's rating: 1697 &rarr; <strong>1718</strong><br />(+21 for winning)
|l|☆msean3
|player|p1|
