|j|☆DON family
|j|☆StarDio
|t:|1781599674
|gametype|singles
|player|p1|DON family|2|1672
|player|p2|StarDio|1|1743
|gen|9
|tier|[Gen 9] OU
|rated|
|rule|HP Percentage Mod: HP is shown in percentages
|rule|Endless Battle Clause: Forcing endless battles is banned
|rule|Species Clause: Limit one of each Pokémon
|rule|OHKO Clause: OHKO moves are banned
|rule|Evasion Items Clause: Evasion items are banned
|rule|Evasion Moves Clause: Evasion moves are banned
|rule|Evasion Abilities Clause: Evasion abilities are banned
|rule|Sleep Moves Clause: Sleep-inducing moves are banned
|clearpoke
|poke|p1|Iron Moth|
|poke|p1|Gliscor, M|
|poke|p1|Hatterene, F|
|poke|p1|Ogerpon-Wellspring, F|
|poke|p1|Raging Bolt|
|poke|p1|Zamazenta-*|
|poke|p2|Hoopa-Unbound|
|poke|p2|Landorus-Therian, M|
|poke|p2|Cinderace, F|
|poke|p2|Weezing-Galar, F|
|poke|p2|Rotom-Wash|
|poke|p2|Zamazenta-*|
|teampreview
|inactive|Battle timer is ON: inactive players will automatically lose when time's up. (requested by StarDio)
|
|t:|1781599686
|teamsize|p1|6
|teamsize|p2|6
|start
|switch|p1a: Iron Moth|Iron Moth|100/100
|switch|p2a: Hoopa|Hoopa-Unbound|100/100
|-enditem|p1a: Iron Moth|Booster Energy
|-activate|p1a: Iron Moth|ability: Quark Drive|[fromitem]
|-start|p1a: Iron Moth|quarkdrivespe
|turn|1
|
|t:|1781599690
|move|p1a: Iron Moth|Toxic Spikes|p2a: Hoopa
|-sidestart|p2: StarDio|move: Toxic Spikes
|move|p2a: Hoopa|Psychic Noise|p1a: Iron Moth
|-supereffective|p1a: Iron Moth
|-damage|p1a: Iron Moth|8/100
|-start|p1a: Iron Moth|move: Heal Block
|
|upkeep
|turn|2
|j| kuba2010
|
|t:|1781599695
|move|p1a: Iron Moth|Sludge Wave|p2a: Hoopa
|-damage|p2a: Hoopa|75/100
|-status|p2a: Hoopa|psn
|move|p2a: Hoopa|Knock Off|p1a: Iron Moth
|-damage|p1a: Iron Moth|0 fnt
|faint|p1a: Iron Moth
|-end|p1a: Iron Moth|Quark Drive|[silent]
|
|-damage|p2a: Hoopa|63/100 psn|[from] psn
|upkeep
|
|t:|1781599703
|switch|p1a: Ogerpon|Ogerpon-Wellspring, F|100/100
|turn|3
|
|t:|1781599708
|switch|p2a: Weezing|Weezing-Galar, F|100/100
|-ability|p2a: Weezing|Neutralizing Gas
|-sideend|p2: StarDio|move: Toxic Spikes|[of] p2a: Weezing
|move|p1a: Ogerpon|Ivy Cudgel|p2a: Weezing|[anim] Ivy Cudgel Water
|-damage|p2a: Weezing|62/100
|
|upkeep
|turn|4
|
|t:|1781599721
|move|p1a: Ogerpon|Swords Dance|p1a: Ogerpon
|-boost|p1a: Ogerpon|atk|2
|move|p2a: Weezing|Will-O-Wisp|p1a: Ogerpon
|-status|p1a: Ogerpon|brn
|
|-damage|p1a: Ogerpon|95/100 brn|[from] brn
|upkeep
|turn|5
|
|t:|1781599728
|move|p1a: Ogerpon|Swords Dance|p1a: Ogerpon
|-boost|p1a: Ogerpon|atk|2
|move|p2a: Weezing|Pain Split|p1a: Ogerpon
|-sethp|p1a: Ogerpon|81/100 brn|[from] move: Pain Split|[silent]
|-sethp|p2a: Weezing|73/100|[from] move: Pain Split
|
|-damage|p1a: Ogerpon|75/100 brn|[from] brn
|upkeep
|turn|6
|
|t:|1781599734
|move|p1a: Ogerpon|Ivy Cudgel|p2a: Weezing|[anim] Ivy Cudgel Water
|-damage|p2a: Weezing|6/100
|move|p2a: Weezing|Strange Steam|p1a: Ogerpon
|-damage|p1a: Ogerpon|41/100 brn
|
|-damage|p1a: Ogerpon|35/100 brn|[from] brn
|upkeep
|turn|7
|j| dante1310
|
|t:|1781599740
|-end|p2a: Weezing|ability: Neutralizing Gas
|switch|p2a: Rotom|Rotom-Wash|100/100
|move|p1a: Ogerpon|Trailblaze|p2a: Rotom
|-supereffective|p2a: Rotom
|-damage|p2a: Rotom|26/100
|-boost|p1a: Ogerpon|spe|1
|
|-heal|p2a: Rotom|32/100|[from] item: Leftovers
|-damage|p1a: Ogerpon|29/100 brn|[from] brn
|upkeep
|turn|8
|
|t:|1781599747
|switch|p2a: Weezing|Weezing-Galar, F|6/100
|-ability|p2a: Weezing|Neutralizing Gas
|move|p1a: Ogerpon|Ivy Cudgel|p2a: Weezing|[anim] Ivy Cudgel Water
|-damage|p2a: Weezing|0 fnt
|faint|p2a: Weezing
|-end|p2a: Weezing|ability: Neutralizing Gas
|
|-damage|p1a: Ogerpon|23/100 brn|[from] brn
|upkeep
|
|t:|1781599750
|switch|p2a: Cinderace|Cinderace, F|100/100
|turn|9
|
|t:|1781599753
|move|p2a: Cinderace|Sucker Punch|p1a: Ogerpon
|-start|p2a: Cinderace|typechange|Dark|[from] ability: Libero
|-damage|p1a: Ogerpon|0 fnt
|faint|p1a: Ogerpon
|
|upkeep
|
|t:|1781599758
|switch|p1a: Zamazenta|Zamazenta|100/100
|-ability|p1a: Zamazenta|Dauntless Shield|boost
|-boost|p1a: Zamazenta|def|1
|turn|10
|
|t:|1781599761
|switch|p2a: Landorus|Landorus-Therian, M|100/100
|-ability|p2a: Landorus|Intimidate|boost
|-unboost|p1a: Zamazenta|atk|1
|move|p1a: Zamazenta|Reflect|p1a: Zamazenta
|-sidestart|p1: DON family|Reflect
|
|upkeep
|turn|11
|
|t:|1781599764
|move|p1a: Zamazenta|Ice Fang|p2a: Landorus
|-supereffective|p2a: Landorus
|-damage|p2a: Landorus|47/100
|cant|p2a: Landorus|flinch
|
|upkeep
|turn|12
|
|t:|1781599770
|switch|p2a: Rotom|Rotom-Wash|32/100
|move|p1a: Zamazenta|Ice Fang|p2a: Rotom
|-resisted|p2a: Rotom
|-damage|p2a: Rotom|28/100
|
|-heal|p2a: Rotom|34/100|[from] item: Leftovers
|upkeep
|turn|13
|
|t:|1781599774
|move|p1a: Zamazenta|Close Combat|p2a: Rotom
|-damage|p2a: Rotom|5/100
|-unboost|p1a: Zamazenta|def|1
|-unboost|p1a: Zamazenta|spd|1
|move|p2a: Rotom|Pain Split|p1a: Zamazenta
|-sethp|p1a: Zamazenta|52/100|[from] move: Pain Split|[silent]
|-sethp|p2a: Rotom|65/100|[from] move: Pain Split
|
|-heal|p2a: Rotom|71/100|[from] item: Leftovers
|upkeep
|turn|14
|
|t:|1781599778
|move|p1a: Zamazenta|Light Screen|p1a: Zamazenta
|-sidestart|p1: DON family|move: Light Screen
|move|p2a: Rotom|Thunder Wave|p1a: Zamazenta
|-status|p1a: Zamazenta|par
|
|-heal|p2a: Rotom|77/100|[from] item: Leftovers
|upkeep
|turn|15
|
|t:|1781599782
|switch|p1a: Raging Bolt|Raging Bolt|100/100
|-enditem|p1a: Raging Bolt|Booster Energy
|-activate|p1a: Raging Bolt|ability: Protosynthesis|[fromitem]
|-start|p1a: Raging Bolt|protosynthesisspa
|move|p2a: Rotom|Hydro Pump|p1a: Raging Bolt
|-resisted|p1a: Raging Bolt
|-crit|p1a: Raging Bolt
|-damage|p1a: Raging Bolt|71/100
|
|-heal|p2a: Rotom|84/100|[from] item: Leftovers
|upkeep
|turn|16
|j| g4rewfewfdwed
|
|t:|1781599795
|switch|p2a: Hoopa|Hoopa-Unbound|63/100 psn
|move|p1a: Raging Bolt|Thunderbolt|p2a: Hoopa
|-damage|p2a: Hoopa|27/100 psn
|
|-damage|p2a: Hoopa|15/100 psn|[from] psn
|upkeep
|turn|17
|
|t:|1781599801
|move|p1a: Raging Bolt|Thunderclap|p2a: Hoopa
|-damage|p2a: Hoopa|0 fnt
|faint|p2a: Hoopa
|
|-sideend|p1: DON family|Reflect
|upkeep
|
|t:|1781599803
|switch|p2a: Landorus|Landorus-Therian, M|47/100
|-ability|p2a: Landorus|Intimidate|boost
|-unboost|p1a: Raging Bolt|atk|1
|turn|18
|
|t:|1781599808
|-end|p1a: Raging Bolt|Protosynthesis|[silent]
|switch|p1a: Zamazenta|Zamazenta|52/100 par
|move|p2a: Landorus|Stealth Rock|p1a: Zamazenta
|-sidestart|p1: DON family|move: Stealth Rock
|
|upkeep
|turn|19
|
|t:|1781599812
|move|p2a: Landorus|Earthquake|p1a: Zamazenta
|-damage|p1a: Zamazenta|0 fnt
|faint|p1a: Zamazenta
|
|upkeep
|
|t:|1781599815
|switch|p1a: Gliscor|Gliscor, M|100/100
|-damage|p1a: Gliscor|88/100|[from] Stealth Rock
|turn|20
|
|t:|1781599819
|switch|p2a: Rotom|Rotom-Wash|84/100
|move|p1a: Gliscor|Swords Dance|p1a: Gliscor
|-boost|p1a: Gliscor|atk|2
|
|-heal|p2a: Rotom|90/100|[from] item: Leftovers
|-status|p1a: Gliscor|tox|[from] item: Toxic Orb
|upkeep
|turn|21
|
|t:|1781599831
|-terastallize|p1a: Gliscor|Normal
|move|p1a: Gliscor|Facade|p2a: Rotom
|-damage|p2a: Rotom|0 fnt
|faint|p2a: Rotom
|
|-heal|p1a: Gliscor|100/100 tox|[from] ability: Poison Heal
|-sideend|p1: DON family|move: Light Screen
|upkeep
|
|t:|1781599837
|switch|p2a: Zamazenta|Zamazenta|100/100
|-ability|p2a: Zamazenta|Dauntless Shield|boost
|-boost|p2a: Zamazenta|def|1
|turn|22
|
|t:|1781599842
|move|p2a: Zamazenta|Crunch|p1a: Gliscor
|-damage|p1a: Gliscor|82/100 tox
|move|p1a: Gliscor|Facade|p2a: Zamazenta
|-damage|p2a: Zamazenta|35/100
|
|-heal|p2a: Zamazenta|41/100|[from] item: Leftovers
|-heal|p1a: Gliscor|94/100 tox|[from] ability: Poison Heal
|upkeep
|turn|23
|
|t:|1781599848
|move|p2a: Zamazenta|Iron Defense|p2a: Zamazenta
|-boost|p2a: Zamazenta|def|2
|move|p1a: Gliscor|Agility|p1a: Gliscor
|-boost|p1a: Gliscor|spe|2
|
|-heal|p2a: Zamazenta|47/100|[from] item: Leftovers
|-heal|p1a: Gliscor|100/100 tox|[from] ability: Poison Heal
|upkeep
|turn|24
|
|t:|1781599852
|move|p1a: Gliscor|Swords Dance|p1a: Gliscor
|-boost|p1a: Gliscor|atk|2
|move|p2a: Zamazenta|Body Press|p1a: Gliscor
|-supereffective|p1a: Gliscor
|-damage|p1a: Gliscor|0 fnt
|faint|p1a: Gliscor
|
|-heal|p2a: Zamazenta|53/100|[from] item: Leftovers
|upkeep
|
|t:|1781599854
|switch|p1a: Hatterene|Hatterene, F|100/100
|-damage|p1a: Hatterene|88/100|[from] Stealth Rock
|turn|25
|l| dante1310
|
|t:|1781599861
|switch|p2a: Cinderace|Cinderace, F|100/100
|move|p1a: Hatterene|Draining Kiss|p2a: Cinderace
|-resisted|p2a: Cinderace
|-damage|p2a: Cinderace|86/100
|-heal|p1a: Hatterene|99/100|[from] drain|[of] p2a: Cinderace
|
|-heal|p1a: Hatterene|100/100|[from] item: Leftovers
|upkeep
|turn|26
|
|t:|1781599873
|move|p2a: Cinderace|Pyro Ball|p1a: Hatterene
|-damage|p1a: Hatterene|51/100
|move|p1a: Hatterene|Calm Mind|p1a: Hatterene
|-boost|p1a: Hatterene|spa|1
|-boost|p1a: Hatterene|spd|1
|
|-heal|p1a: Hatterene|57/100|[from] item: Leftovers
|upkeep
|turn|27
|l| kuba2010
|c|☆StarDio|gg
|c|☆DON family|gg
|
|t:|1781599884
|move|p2a: Cinderace|Pyro Ball|p1a: Hatterene
|-damage|p1a: Hatterene|11/100
|move|p1a: Hatterene|Stored Power|p2a: Cinderace
|-damage|p2a: Cinderace|24/100
|
|-heal|p1a: Hatterene|17/100|[from] item: Leftovers
|upkeep
|turn|28
|
|t:|1781599888
|move|p2a: Cinderace|U-turn|p1a: Hatterene
|-start|p2a: Cinderace|typechange|Bug|[from] ability: Libero
|-damage|p1a: Hatterene|0 fnt
|faint|p1a: Hatterene
|
|t:|1781599890
|switch|p2a: Landorus|Landorus-Therian, M|47/100|[from] U-turn
|
|upkeep
|
|t:|1781599891
|switch|p1a: Raging Bolt|Raging Bolt|71/100
|-damage|p1a: Raging Bolt|59/100|[from] Stealth Rock
|turn|29
|
|t:|1781599894
|-terastallize|p2a: Landorus|Ground
|move|p2a: Landorus|Earthquake|p1a: Raging Bolt
|-supereffective|p1a: Raging Bolt
|-damage|p1a: Raging Bolt|0 fnt
|faint|p1a: Raging Bolt
|-end|p1a: Raging Bolt|Protosynthesis|[silent]
|
|win|StarDio
|raw|DON family's rating: 1672 &rarr; <strong>1656</strong><br />(-16 for losing)
|raw|StarDio's rating: 1743 &rarr; <strong>1759</strong><br />(+16 for winning)
|l|☆DON family
|player|p1|
|l|☆StarDio
|player|p2|
|l| g4rewfewfdwed
