|j|☆dnites
|j|☆LowEL0God
|t:|1781217473
|gametype|singles
|player|p1|dnites|102|1566
|player|p2|LowEL0God|265|1621
|gen|9
|tier|[Gen 9] OU
|rated|
|rule|HP Percentage Mod: HP is shown in percentages
|rule|Endless Battle Clause: Forcing endless battles is banned
|rule|Species Clause: Limit one of each Pokémon
|rule|OHKO Clause: OHKO moves are banned
|rule|Evasion Items Clause: Evasion items are banned
|rule|Evasion Moves Clause: Evasion moves are banned
|rule|Evasion Abilities Clause: Evasion abilities are banned
|rule|Sleep Moves Clause: Sleep-inducing moves are banned
|clearpoke
|poke|p1|Rillaboom, F|
|poke|p1|Ninetales, M|
|poke|p1|Walking Wake|
|poke|p1|Heatran, F|
|poke|p1|Scream Tail|
|poke|p1|Greninja-*, M|
|poke|p2|Pelipper, M|
|poke|p2|Raging Bolt|
|poke|p2|Overqwil, M|
|poke|p2|Barraskewda, F|
|poke|p2|Iron Treads|
|poke|p2|Kingambit, M|
|teampreview
|c|☆LowEL0God|hf
|inactive|Battle timer is ON: inactive players will automatically lose when time's up. (requested by LowEL0God)
|
|t:|1781217479
|teamsize|p1|6
|teamsize|p2|6
|start
|switch|p1a: Rillaboom|Rillaboom, F|100/100
|switch|p2a: Kingambit|Kingambit, M|100/100
|-fieldstart|move: Grassy Terrain|[from] ability: Grassy Surge|[of] p1a: Rillaboom
|turn|1
|
|t:|1781217483
|move|p1a: Rillaboom|U-turn|p2a: Kingambit
|-damage|p2a: Kingambit|87/100
|
|t:|1781217485
|switch|p1a: Ninetales|Ninetales, M|100/100|[from] U-turn
|-weather|SunnyDay|[from] ability: Drought|[of] p1a: Ninetales
|move|p2a: Kingambit|Swords Dance|p2a: Kingambit
|-boost|p2a: Kingambit|atk|2
|
|-weather|SunnyDay|[upkeep]
|-heal|p2a: Kingambit|94/100|[from] Grassy Terrain
|-heal|p2a: Kingambit|99/100|[from] item: Leftovers
|upkeep
|turn|2
|
|t:|1781217489
|move|p1a: Ninetales|Encore|p2a: Kingambit
|-start|p2a: Kingambit|Encore
|move|p2a: Kingambit|Swords Dance|p2a: Kingambit
|-boost|p2a: Kingambit|atk|2
|
|-weather|SunnyDay|[upkeep]
|-heal|p2a: Kingambit|100/100|[from] Grassy Terrain
|upkeep
|turn|3
|
|t:|1781217499
|switch|p1a: Walking Wake|Walking Wake|100/100
|-activate|p1a: Walking Wake|ability: Protosynthesis
|-start|p1a: Walking Wake|protosynthesisspa
|-end|p2a: Kingambit|fallenundefined|[silent]
|switch|p2a: Raging Bolt|Raging Bolt|100/100
|-activate|p2a: Raging Bolt|ability: Protosynthesis
|-start|p2a: Raging Bolt|protosynthesisspa
|
|-weather|SunnyDay|[upkeep]
|upkeep
|turn|4
|
|t:|1781217508
|move|p1a: Walking Wake|Hydro Steam|p2a: Raging Bolt
|-resisted|p2a: Raging Bolt
|-damage|p2a: Raging Bolt|45/100
|move|p2a: Raging Bolt|Draco Meteor|p1a: Walking Wake
|-supereffective|p1a: Walking Wake
|-damage|p1a: Walking Wake|0 fnt
|-unboost|p2a: Raging Bolt|spa|2
|faint|p1a: Walking Wake
|-end|p1a: Walking Wake|Protosynthesis|[silent]
|
|-weather|SunnyDay|[upkeep]
|-heal|p2a: Raging Bolt|51/100|[from] Grassy Terrain
|upkeep
|
|t:|1781217519
|switch|p1a: Scream Tail|Scream Tail|100/100
|-activate|p1a: Scream Tail|ability: Protosynthesis
|-start|p1a: Scream Tail|protosynthesisdef
|turn|5
|
|t:|1781217523
|-end|p2a: Raging Bolt|Protosynthesis|[silent]
|switch|p2a: Kingambit|Kingambit, M|100/100
|move|p1a: Scream Tail|Calm Mind|p1a: Scream Tail
|-boost|p1a: Scream Tail|spa|1
|-boost|p1a: Scream Tail|spd|1
|
|-weather|SunnyDay|[upkeep]
|upkeep
|turn|6
|
|t:|1781217526
|move|p1a: Scream Tail|Calm Mind|p1a: Scream Tail
|-boost|p1a: Scream Tail|spa|1
|-boost|p1a: Scream Tail|spd|1
|move|p2a: Kingambit|Swords Dance|p2a: Kingambit
|-boost|p2a: Kingambit|atk|2
|
|-weather|SunnyDay|[upkeep]
|upkeep
|turn|7
|
|t:|1781217529
|move|p1a: Scream Tail|Fire Blast|p2a: Kingambit
|-supereffective|p2a: Kingambit
|-damage|p2a: Kingambit|1/100
|-status|p2a: Kingambit|brn
|move|p2a: Kingambit|Iron Head|p1a: Scream Tail
|-supereffective|p1a: Scream Tail
|-damage|p1a: Scream Tail|61/100
|
|-weather|SunnyDay|[upkeep]
|-heal|p1a: Scream Tail|68/100|[from] Grassy Terrain
|-heal|p1a: Scream Tail|74/100|[from] item: Leftovers
|-heal|p2a: Kingambit|7/100 brn|[from] Grassy Terrain
|-heal|p2a: Kingambit|14/100 brn|[from] item: Leftovers
|-damage|p2a: Kingambit|7/100 brn|[from] brn
|upkeep
|turn|8
|
|t:|1781217534
|move|p2a: Kingambit|Sucker Punch||[still]
|-fail|p2a: Kingambit
|move|p1a: Scream Tail|Wish|p1a: Scream Tail
|
|-weather|none
|-end|p1a: Scream Tail|Protosynthesis
|-heal|p1a: Scream Tail|80/100|[from] Grassy Terrain
|-heal|p1a: Scream Tail|86/100|[from] item: Leftovers
|-heal|p2a: Kingambit|14/100 brn|[from] Grassy Terrain
|-heal|p2a: Kingambit|20/100 brn|[from] item: Leftovers
|-damage|p2a: Kingambit|14/100 brn|[from] brn
|-fieldend|move: Grassy Terrain
|upkeep
|turn|9
|
|t:|1781217546
|move|p1a: Scream Tail|Fire Blast|p2a: Kingambit
|-supereffective|p2a: Kingambit
|-damage|p2a: Kingambit|0 fnt
|faint|p2a: Kingambit
|-end|p2a: Kingambit|fallenundefined|[silent]
|
|-heal|p1a: Scream Tail|100/100|[from] move: Wish|[wisher] Scream Tail
|upkeep
|
|t:|1781217546
|switch|p2a: Overqwil|Overqwil, M|100/100
|turn|10
|
|t:|1781217560
|-end|p1a: Scream Tail|Protosynthesis|[silent]
|switch|p1a: Heatran|Heatran, F|100/100
|move|p2a: Overqwil|Gunk Shot|p1a: Heatran
|-immune|p1a: Heatran
|
|upkeep
|turn|11
|
|t:|1781217562
|switch|p2a: Pelipper|Pelipper, M|100/100
|-weather|RainDance|[from] ability: Drizzle|[of] p2a: Pelipper
|switch|p1a: Rillaboom|Rillaboom, F|100/100
|-fieldstart|move: Grassy Terrain|[from] ability: Grassy Surge|[of] p1a: Rillaboom
|
|-weather|RainDance|[upkeep]
|upkeep
|turn|12
|
|t:|1781217564
|move|p1a: Rillaboom|U-turn|p2a: Pelipper
|-resisted|p2a: Pelipper
|-damage|p2a: Pelipper|93/100
|
|t:|1781217566
|switch|p1a: Ninetales|Ninetales, M|100/100|[from] U-turn
|-weather|SunnyDay|[from] ability: Drought|[of] p1a: Ninetales
|move|p2a: Pelipper|Hurricane|p1a: Ninetales|[miss]
|-miss|p2a: Pelipper|p1a: Ninetales
|
|-weather|SunnyDay|[upkeep]
|upkeep
|turn|13
|
|t:|1781217572
|switch|p1a: Greninja|Greninja, M|100/100
|switch|p2a: Raging Bolt|Raging Bolt|51/100
|-activate|p2a: Raging Bolt|ability: Protosynthesis
|-start|p2a: Raging Bolt|protosynthesisspa
|
|-weather|SunnyDay|[upkeep]
|-heal|p2a: Raging Bolt|57/100|[from] Grassy Terrain
|upkeep
|turn|14
|
|t:|1781217582
|switch|p1a: Heatran|Heatran, F|100/100
|move|p2a: Raging Bolt|Weather Ball|p1a: Heatran
|-start|p1a: Heatran|ability: Flash Fire
|
|-weather|SunnyDay|[upkeep]
|-heal|p2a: Raging Bolt|64/100|[from] Grassy Terrain
|upkeep
|turn|15
|
|t:|1781217588
|-end|p2a: Raging Bolt|Protosynthesis|[silent]
|switch|p2a: Pelipper|Pelipper, M|93/100
|-weather|RainDance|[from] ability: Drizzle|[of] p2a: Pelipper
|move|p1a: Heatran|Magma Storm|p2a: Pelipper
|-resisted|p2a: Pelipper
|-damage|p2a: Pelipper|64/100
|-activate|p2a: Pelipper|move: Magma Storm|[of] p1a: Heatran
|
|-weather|RainDance|[upkeep]
|-damage|p2a: Pelipper|52/100|[from] move: Magma Storm|[partiallytrapped]
|upkeep
|turn|16
|inactive|dnites has 120 seconds left.
|
|t:|1781217641
|move|p1a: Heatran|Magma Storm|p2a: Pelipper
|-resisted|p2a: Pelipper
|-damage|p2a: Pelipper|21/100
|move|p2a: Pelipper|Roost|p2a: Pelipper
|-heal|p2a: Pelipper|71/100
|-singleturn|p2a: Pelipper|move: Roost
|
|-weather|RainDance|[upkeep]
|-heal|p2a: Pelipper|78/100|[from] Grassy Terrain
|-damage|p2a: Pelipper|65/100|[from] move: Magma Storm|[partiallytrapped]
|upkeep
|turn|17
|
|t:|1781217650
|-end|p1a: Heatran|ability: Flash Fire|[silent]
|switch|p1a: Ninetales|Ninetales, M|100/100
|-weather|SunnyDay|[from] ability: Drought|[of] p1a: Ninetales
|move|p2a: Pelipper|Weather Ball|p1a: Ninetales
|-resisted|p1a: Ninetales
|-damage|p1a: Ninetales|84/100
|
|-weather|SunnyDay|[upkeep]
|-heal|p1a: Ninetales|90/100|[from] Grassy Terrain
|-end|p2a: Pelipper|Magma Storm|[partiallytrapped]|[silent]
|upkeep
|turn|18
|
|t:|1781217663
|switch|p1a: Heatran|Heatran, F|100/100
|move|p2a: Pelipper|Roost|p2a: Pelipper
|-heal|p2a: Pelipper|100/100
|-singleturn|p2a: Pelipper|move: Roost
|
|-weather|SunnyDay|[upkeep]
|-fieldend|move: Grassy Terrain
|upkeep
|turn|19
|
|t:|1781217670
|move|p1a: Heatran|Magma Storm|p2a: Pelipper
|-resisted|p2a: Pelipper
|-damage|p2a: Pelipper|39/100
|-activate|p2a: Pelipper|move: Magma Storm|[of] p1a: Heatran
|move|p2a: Pelipper|U-turn|p1a: Heatran
|-resisted|p1a: Heatran
|-damage|p1a: Heatran|99/100
|
|t:|1781217672
|switch|p2a: Barraskewda|Barraskewda, F|100/100|[from] U-turn
|
|-weather|SunnyDay|[upkeep]
|upkeep
|turn|20
|inactive|dnites has 120 seconds left.
|
|t:|1781217677
|move|p2a: Barraskewda|Close Combat|p1a: Heatran
|-supereffective|p1a: Heatran
|-damage|p1a: Heatran|0 fnt
|-unboost|p2a: Barraskewda|def|1
|-unboost|p2a: Barraskewda|spd|1
|faint|p1a: Heatran
|
|-weather|SunnyDay|[upkeep]
|upkeep
|inactive|dnites has 120 seconds left.
|
|t:|1781217695
|switch|p1a: Rillaboom|Rillaboom, F|100/100
|-fieldstart|move: Grassy Terrain|[from] ability: Grassy Surge|[of] p1a: Rillaboom
|turn|21
|
|t:|1781217705
|switch|p2a: Raging Bolt|Raging Bolt|64/100
|-activate|p2a: Raging Bolt|ability: Protosynthesis
|-start|p2a: Raging Bolt|protosynthesisspa
|move|p1a: Rillaboom|High Horsepower|p2a: Raging Bolt
|-supereffective|p2a: Raging Bolt
|-damage|p2a: Raging Bolt|14/100
|
|-weather|SunnyDay|[upkeep]
|-heal|p2a: Raging Bolt|20/100|[from] Grassy Terrain
|upkeep
|turn|22
|inactive|dnites has 120 seconds left.
|
|t:|1781217714
|move|p2a: Raging Bolt|Thunderclap|p1a: Rillaboom
|-resisted|p1a: Rillaboom
|-damage|p1a: Rillaboom|72/100
|move|p1a: Rillaboom|U-turn|p2a: Raging Bolt
|-damage|p2a: Raging Bolt|4/100
|inactive|dnites has 120 seconds left.
|
|t:|1781217719
|switch|p1a: Scream Tail|Scream Tail|100/100|[from] U-turn
|-activate|p1a: Scream Tail|ability: Protosynthesis
|-start|p1a: Scream Tail|protosynthesisdef
|
|-weather|SunnyDay|[upkeep]
|-heal|p2a: Raging Bolt|10/100|[from] Grassy Terrain
|upkeep
|turn|23
|
|t:|1781217723
|move|p1a: Scream Tail|Calm Mind|p1a: Scream Tail
|-boost|p1a: Scream Tail|spa|1
|-boost|p1a: Scream Tail|spd|1
|move|p2a: Raging Bolt|Weather Ball|p1a: Scream Tail
|-damage|p1a: Scream Tail|63/100
|
|-weather|SunnyDay|[upkeep]
|-heal|p1a: Scream Tail|69/100|[from] Grassy Terrain
|-heal|p1a: Scream Tail|76/100|[from] item: Leftovers
|-heal|p2a: Raging Bolt|17/100|[from] Grassy Terrain
|upkeep
|turn|24
|
|t:|1781217732
|-end|p2a: Raging Bolt|Protosynthesis|[silent]
|switch|p2a: Overqwil|Overqwil, M|100/100
|move|p1a: Scream Tail|Calm Mind|p1a: Scream Tail
|-boost|p1a: Scream Tail|spa|1
|-boost|p1a: Scream Tail|spd|1
|
|-weather|none
|-end|p1a: Scream Tail|Protosynthesis
|-heal|p1a: Scream Tail|82/100|[from] Grassy Terrain
|-heal|p1a: Scream Tail|88/100|[from] item: Leftovers
|upkeep
|turn|25
|
|t:|1781217738
|-terastallize|p1a: Scream Tail|Poison
|move|p2a: Overqwil|Gunk Shot|p1a: Scream Tail
|-resisted|p1a: Scream Tail
|-damage|p1a: Scream Tail|64/100
|-damage|p2a: Overqwil|91/100|[from] item: Life Orb
|move|p1a: Scream Tail|Wish|p1a: Scream Tail
|
|-heal|p2a: Overqwil|97/100|[from] Grassy Terrain
|-heal|p1a: Scream Tail|70/100|[from] Grassy Terrain
|-heal|p1a: Scream Tail|76/100|[from] item: Leftovers
|upkeep
|turn|26
|
|t:|1781217746
|-terastallize|p2a: Overqwil|Water
|move|p2a: Overqwil|Swords Dance|p2a: Overqwil
|-boost|p2a: Overqwil|atk|2
|move|p1a: Scream Tail|Calm Mind|p1a: Scream Tail
|-boost|p1a: Scream Tail|spa|1
|-boost|p1a: Scream Tail|spd|1
|
|-heal|p1a: Scream Tail|100/100|[from] move: Wish|[wisher] Scream Tail
|-heal|p2a: Overqwil|100/100|[from] Grassy Terrain
|upkeep
|turn|27
|
|t:|1781217750
|move|p2a: Overqwil|Liquidation|p1a: Scream Tail
|-damage|p1a: Scream Tail|36/100
|-damage|p2a: Overqwil|91/100|[from] item: Life Orb
|move|p1a: Scream Tail|Stored Power|p2a: Overqwil
|-damage|p2a: Overqwil|0 fnt
|faint|p2a: Overqwil
|
|-heal|p1a: Scream Tail|42/100|[from] Grassy Terrain
|-heal|p1a: Scream Tail|48/100|[from] item: Leftovers
|upkeep
|
|t:|1781217751
|switch|p2a: Barraskewda|Barraskewda, F|100/100
|turn|28
|
|t:|1781217762
|-end|p1a: Scream Tail|Protosynthesis|[silent]
|switch|p1a: Ninetales|Ninetales, M|90/100
|-weather|SunnyDay|[from] ability: Drought|[of] p1a: Ninetales
|move|p2a: Barraskewda|Liquidation|p1a: Ninetales
|-supereffective|p1a: Ninetales
|-damage|p1a: Ninetales|5/100
|-unboost|p1a: Ninetales|def|1
|
|-weather|SunnyDay|[upkeep]
|-heal|p1a: Ninetales|11/100|[from] Grassy Terrain
|-fieldend|move: Grassy Terrain
|upkeep
|turn|29
|
|t:|1781217766
|switch|p2a: Raging Bolt|Raging Bolt|17/100
|-activate|p2a: Raging Bolt|ability: Protosynthesis
|-start|p2a: Raging Bolt|protosynthesisspa
|switch|p1a: Rillaboom|Rillaboom, F|72/100
|-fieldstart|move: Grassy Terrain|[from] ability: Grassy Surge|[of] p1a: Rillaboom
|
|-weather|SunnyDay|[upkeep]
|-heal|p2a: Raging Bolt|23/100|[from] Grassy Terrain
|-heal|p1a: Rillaboom|78/100|[from] Grassy Terrain
|upkeep
|turn|30
|
|t:|1781217772
|move|p2a: Raging Bolt|Weather Ball|p1a: Rillaboom
|-supereffective|p1a: Rillaboom
|-damage|p1a: Rillaboom|0 fnt
|faint|p1a: Rillaboom
|
|-weather|SunnyDay|[upkeep]
|-heal|p2a: Raging Bolt|29/100|[from] Grassy Terrain
|upkeep
|
|t:|1781217785
|switch|p1a: Ninetales|Ninetales, M|11/100
|turn|31
|
|t:|1781217786
|move|p1a: Ninetales|Healing Wish|p1a: Ninetales
|faint|p1a: Ninetales
|move|p2a: Raging Bolt|Thunder|p1: Ninetales|[notarget]
|-fail|p2a: Raging Bolt
|
|-weather|SunnyDay|[upkeep]
|-heal|p2a: Raging Bolt|35/100|[from] Grassy Terrain
|upkeep
|
|t:|1781217791
|switch|p1a: Scream Tail|Scream Tail, tera:Poison|48/100
|-heal|p1a: Scream Tail|100/100|[from] move: Healing Wish
|-activate|p1a: Scream Tail|ability: Protosynthesis
|-start|p1a: Scream Tail|protosynthesisdef
|turn|32
|
|t:|1781217794
|move|p1a: Scream Tail|Calm Mind|p1a: Scream Tail
|-boost|p1a: Scream Tail|spa|1
|-boost|p1a: Scream Tail|spd|1
|move|p2a: Raging Bolt|Weather Ball|p1a: Scream Tail
|-damage|p1a: Scream Tail|64/100
|
|-weather|SunnyDay|[upkeep]
|-heal|p1a: Scream Tail|70/100|[from] Grassy Terrain
|-heal|p1a: Scream Tail|77/100|[from] item: Leftovers
|-heal|p2a: Raging Bolt|41/100|[from] Grassy Terrain
|upkeep
|turn|33
|
|t:|1781217805
|move|p1a: Scream Tail|Stored Power|p2a: Raging Bolt
|-damage|p2a: Raging Bolt|21/100
|move|p2a: Raging Bolt|Thunder|p1a: Scream Tail|[miss]
|-miss|p2a: Raging Bolt|p1a: Scream Tail
|
|-weather|SunnyDay|[upkeep]
|-heal|p1a: Scream Tail|83/100|[from] Grassy Terrain
|-heal|p1a: Scream Tail|89/100|[from] item: Leftovers
|-heal|p2a: Raging Bolt|27/100|[from] Grassy Terrain
|upkeep
|turn|34
|
|t:|1781217811
|move|p1a: Scream Tail|Calm Mind|p1a: Scream Tail
|-boost|p1a: Scream Tail|spa|1
|-boost|p1a: Scream Tail|spd|1
|move|p2a: Raging Bolt|Thunder|p1a: Scream Tail
|-crit|p1a: Scream Tail
|-damage|p1a: Scream Tail|0 fnt
|faint|p1a: Scream Tail
|-end|p1a: Scream Tail|Protosynthesis|[silent]
|
|-weather|SunnyDay|[upkeep]
|-heal|p2a: Raging Bolt|33/100|[from] Grassy Terrain
|upkeep
|-message|dnites forfeited.
|
|win|LowEL0God
|raw|dnites's rating: 1566 &rarr; <strong>1549</strong><br />(-17 for losing)
|raw|LowEL0God's rating: 1621 &rarr; <strong>1638</strong><br />(+17 for winning)
|l|☆dnites
|player|p1|
|c|☆LowEL0God|gg
|l|☆LowEL0God
|player|p2|
