|j|‽pokemanpablotest
|j|☆LowEL0God
|t:|1780986431
|gametype|singles
|player|p1|pokemanpablotest|colress|1560
|player|p2|LowEL0God|265|1526
|gen|9
|tier|[Gen 9] OU
|rated|
|rule|HP Percentage Mod: HP is shown in percentages
|rule|Endless Battle Clause: Forcing endless battles is banned
|rule|Species Clause: Limit one of each Pokémon
|rule|OHKO Clause: OHKO moves are banned
|rule|Evasion Items Clause: Evasion items are banned
|rule|Evasion Moves Clause: Evasion moves are banned
|rule|Evasion Abilities Clause: Evasion abilities are banned
|rule|Sleep Moves Clause: Sleep-inducing moves are banned
|clearpoke
|poke|p1|Reuniclus, M|
|poke|p1|Ninetales-Alola, M|
|poke|p1|Torkoal, M|
|poke|p1|Kingambit, F|
|poke|p1|Araquanid, F|
|poke|p1|Ceruledge, F|
|poke|p2|Pelipper, F|
|poke|p2|Torkoal, M|
|poke|p2|Walking Wake|
|poke|p2|Kyurem|
|poke|p2|Ninetales-Alola, F|
|poke|p2|Ogerpon-Wellspring, F|
|teampreview
|c|☆LowEL0God|hf
|inactive|Battle timer is ON: inactive players will automatically lose when time's up. (requested by LowEL0God)
|
|t:|1780986445
|teamsize|p1|6
|teamsize|p2|6
|start
|switch|p1a: Araquanid|Araquanid, F, shiny|100/100
|switch|p2a: Ninetales|Ninetales-Alola, F|100/100
|-weather|Snowscape|[from] ability: Snow Warning|[of] p2a: Ninetales
|turn|1
|
|t:|1780986450
|switch|p1a: Torkoal|Torkoal, M|100/100
|-weather|SunnyDay|[from] ability: Drought|[of] p1a: Torkoal
|move|p2a: Ninetales|Aurora Veil||[still]
|-fail|p2a: Ninetales
|
|-weather|SunnyDay|[upkeep]
|upkeep
|turn|2
|
|t:|1780986452
|switch|p2a: Walking Wake|Walking Wake|100/100
|-activate|p2a: Walking Wake|ability: Protosynthesis
|-start|p2a: Walking Wake|protosynthesisspe
|move|p1a: Torkoal|Stealth Rock|p2a: Walking Wake
|-sidestart|p2: LowEL0God|move: Stealth Rock
|
|-weather|SunnyDay|[upkeep]
|upkeep
|turn|3
|
|t:|1780986458
|switch|p1a: Araquanid|Araquanid, F, shiny|100/100
|move|p2a: Walking Wake|Hydro Steam|p1a: Araquanid
|-resisted|p1a: Araquanid
|-damage|p1a: Araquanid|71/100
|
|-weather|SunnyDay|[upkeep]
|upkeep
|turn|4
|
|t:|1780986461
|move|p2a: Walking Wake|Hydro Steam|p1a: Araquanid
|-resisted|p1a: Araquanid
|-damage|p1a: Araquanid|41/100
|move|p1a: Araquanid|Sticky Web|p2a: Walking Wake
|-sidestart|p2: LowEL0God|move: Sticky Web
|
|-weather|SunnyDay|[upkeep]
|upkeep
|turn|5
|
|t:|1780986464
|move|p2a: Walking Wake|Hydro Steam|p1a: Araquanid
|-resisted|p1a: Araquanid
|-damage|p1a: Araquanid|11/100
|move|p1a: Araquanid|Endeavor|p2a: Walking Wake
|-damage|p2a: Walking Wake|11/100
|
|-weather|none
|-end|p2a: Walking Wake|Protosynthesis
|upkeep
|turn|6
|
|t:|1780986472
|switch|p1a: Torkoal|Torkoal, M|100/100
|-weather|SunnyDay|[from] ability: Drought|[of] p1a: Torkoal
|-activate|p2a: Walking Wake|ability: Protosynthesis
|-start|p2a: Walking Wake|protosynthesisspe
|move|p2a: Walking Wake|Hydro Steam|p1a: Torkoal
|-supereffective|p1a: Torkoal
|-damage|p1a: Torkoal|0 fnt
|faint|p1a: Torkoal
|
|-weather|SunnyDay|[upkeep]
|upkeep
|
|t:|1780986482
|switch|p1a: Ninetales|Ninetales-Alola, M, shiny|100/100
|-weather|Snowscape|[from] ability: Snow Warning|[of] p1a: Ninetales
|-end|p2a: Walking Wake|Protosynthesis
|turn|7
|
|t:|1780986484
|move|p2a: Walking Wake|Hydro Steam|p1a: Ninetales
|-damage|p1a: Ninetales|39/100
|move|p1a: Ninetales|Freeze-Dry|p2a: Walking Wake
|-supereffective|p2a: Walking Wake
|-damage|p2a: Walking Wake|0 fnt
|faint|p2a: Walking Wake
|-end|p2a: Walking Wake|Protosynthesis|[silent]
|
|-weather|Snowscape|[upkeep]
|upkeep
|
|t:|1780986485
|switch|p2a: Torkoal|Torkoal, M|100/100
|-damage|p2a: Torkoal|76/100|[from] Stealth Rock
|-activate|p2a: Torkoal|move: Sticky Web
|-unboost|p2a: Torkoal|spe|1
|-weather|SunnyDay|[from] ability: Drought|[of] p2a: Torkoal
|turn|8
|
|t:|1780986489
|switch|p1a: Ceruledge|Ceruledge, F, shiny|100/100
|-item|p1a: Ceruledge|Air Balloon
|move|p2a: Torkoal|Rapid Spin|p1a: Ceruledge
|-immune|p1a: Ceruledge
|
|-weather|SunnyDay|[upkeep]
|upkeep
|turn|9
|
|t:|1780986492
|switch|p2a: Hurricane Spam|Pelipper, F, shiny|100/100
|-damage|p2a: Hurricane Spam|76/100|[from] Stealth Rock
|-weather|RainDance|[from] ability: Drizzle|[of] p2a: Hurricane Spam
|move|p1a: Ceruledge|Bulk Up|p1a: Ceruledge
|-boost|p1a: Ceruledge|atk|1
|-boost|p1a: Ceruledge|def|1
|
|-weather|RainDance|[upkeep]
|upkeep
|turn|10
|
|t:|1780986502
|-terastallize|p1a: Ceruledge|Grass
|move|p1a: Ceruledge|Bulk Up|p1a: Ceruledge
|-boost|p1a: Ceruledge|atk|1
|-boost|p1a: Ceruledge|def|1
|move|p2a: Hurricane Spam|Hurricane|p1a: Ceruledge
|-supereffective|p1a: Ceruledge
|-damage|p1a: Ceruledge|0 fnt
|-enditem|p1a: Ceruledge|Air Balloon
|faint|p1a: Ceruledge
|
|-weather|RainDance|[upkeep]
|upkeep
|
|t:|1780986510
|switch|p1a: Ninetales|Ninetales-Alola, M, shiny|39/100
|-weather|Snowscape|[from] ability: Snow Warning|[of] p1a: Ninetales
|turn|11
|
|t:|1780986514
|switch|p1a: Reuniclus|Reuniclus, M, shiny|100/100
|switch|p2a: Torkoal|Torkoal, M|76/100
|-damage|p2a: Torkoal|51/100|[from] Stealth Rock
|-activate|p2a: Torkoal|move: Sticky Web
|-unboost|p2a: Torkoal|spe|1
|-weather|SunnyDay|[from] ability: Drought|[of] p2a: Torkoal
|
|-weather|SunnyDay|[upkeep]
|upkeep
|turn|12
|
|t:|1780986518
|switch|p2a: Ninetales|Ninetales-Alola, F|100/100
|-damage|p2a: Ninetales|76/100|[from] Stealth Rock
|-activate|p2a: Ninetales|move: Sticky Web
|-unboost|p2a: Ninetales|spe|1
|-weather|Snowscape|[from] ability: Snow Warning|[of] p2a: Ninetales
|move|p1a: Reuniclus|Psychic Noise|p2a: Ninetales
|-damage|p2a: Ninetales|29/100
|-start|p2a: Ninetales|move: Heal Block
|
|-weather|Snowscape|[upkeep]
|upkeep
|turn|13
|
|t:|1780986525
|switch|p1a: Ninetales|Ninetales-Alola, M, shiny|39/100
|move|p2a: Ninetales|Aurora Veil|p2a: Ninetales
|-sidestart|p2: LowEL0God|move: Aurora Veil
|
|-weather|Snowscape|[upkeep]
|-end|p2a: Ninetales|move: Heal Block
|upkeep
|turn|14
|
|t:|1780986530
|switch|p2a: Torkoal|Torkoal, M|51/100
|-damage|p2a: Torkoal|26/100|[from] Stealth Rock
|-activate|p2a: Torkoal|move: Sticky Web
|-unboost|p2a: Torkoal|spe|1
|-weather|SunnyDay|[from] ability: Drought|[of] p2a: Torkoal
|move|p1a: Ninetales|Freeze-Dry|p2a: Torkoal
|-resisted|p2a: Torkoal
|-damage|p2a: Torkoal|19/100
|
|-weather|SunnyDay|[upkeep]
|upkeep
|turn|15
|
|t:|1780986536
|switch|p1a: Reuniclus|Reuniclus, M, shiny|100/100
|move|p2a: Torkoal|Rapid Spin|p1a: Reuniclus
|-damage|p1a: Reuniclus|92/100
|-boost|p2a: Torkoal|spe|1
|-sideend|p2: LowEL0God|Stealth Rock|[from] move: Rapid Spin|[of] p2a: Torkoal
|-sideend|p2: LowEL0God|Sticky Web|[from] move: Rapid Spin|[of] p2a: Torkoal
|
|-weather|SunnyDay|[upkeep]
|upkeep
|turn|16
|
|t:|1780986540
|switch|p2a: Hurricane Spam|Pelipper, F, shiny|76/100
|-weather|RainDance|[from] ability: Drizzle|[of] p2a: Hurricane Spam
|move|p1a: Reuniclus|Trick Room|p1a: Reuniclus
|-fieldstart|move: Trick Room|[of] p1a: Reuniclus
|
|-weather|RainDance|[upkeep]
|upkeep
|turn|17
|
|t:|1780986543
|move|p1a: Reuniclus|Psychic Noise|p2a: Hurricane Spam
|-damage|p2a: Hurricane Spam|41/100
|-start|p2a: Hurricane Spam|move: Heal Block
|move|p2a: Hurricane Spam|Hurricane|p1a: Reuniclus
|-damage|p1a: Reuniclus|23/100
|
|-weather|RainDance|[upkeep]
|-sideend|p2: LowEL0God|move: Aurora Veil
|upkeep
|turn|18
|
|t:|1780986553
|switch|p2a: Ninetales|Ninetales-Alola, F|29/100
|-weather|Snowscape|[from] ability: Snow Warning|[of] p2a: Ninetales
|move|p1a: Reuniclus|Psychic Noise|p2a: Ninetales
|-damage|p2a: Ninetales|0 fnt
|faint|p2a: Ninetales
|
|-weather|Snowscape|[upkeep]
|upkeep
|
|t:|1780986554
|switch|p2a: Torkoal|Torkoal, M|19/100
|-weather|SunnyDay|[from] ability: Drought|[of] p2a: Torkoal
|turn|19
|
|t:|1780986566
|move|p2a: Torkoal|Lava Plume|p1a: Reuniclus
|-damage|p1a: Reuniclus|0 fnt
|faint|p1a: Reuniclus
|
|-weather|SunnyDay|[upkeep]
|upkeep
|
|t:|1780986573
|switch|p1a: Kingambit|Kingambit, F, shiny|100/100
|-activate|p1a: Kingambit|ability: Supreme Overlord
|-start|p1a: Kingambit|fallen3|[silent]
|turn|20
|
|t:|1780986580
|move|p1a: Kingambit|Sucker Punch||[still]
|-fail|p1a: Kingambit
|move|p2a: Torkoal|Will-O-Wisp|p1a: Kingambit
|-status|p1a: Kingambit|brn
|-enditem|p1a: Kingambit|Lum Berry|[eat]
|-curestatus|p1a: Kingambit|brn|[msg]
|
|-weather|SunnyDay|[upkeep]
|-fieldend|move: Trick Room
|upkeep
|turn|21
|
|t:|1780986583
|move|p1a: Kingambit|Kowtow Cleave|p2a: Torkoal
|-damage|p2a: Torkoal|0 fnt
|faint|p2a: Torkoal
|
|-weather|SunnyDay|[upkeep]
|upkeep
|
|t:|1780986586
|switch|p2a: Hurricane Spam|Pelipper, F, shiny|41/100
|-weather|RainDance|[from] ability: Drizzle|[of] p2a: Hurricane Spam
|turn|22
|
|t:|1780986606
|move|p1a: Kingambit|Sucker Punch|p2a: Hurricane Spam
|-damage|p2a: Hurricane Spam|0 fnt
|faint|p2a: Hurricane Spam
|
|-weather|RainDance|[upkeep]
|upkeep
|
|t:|1780986608
|switch|p2a: Ogerpon|Ogerpon-Wellspring, F|100/100
|turn|23
|
|t:|1780986614
|-end|p1a: Kingambit|fallen3|[silent]
|switch|p1a: Ninetales|Ninetales-Alola, M, shiny|39/100
|-weather|Snowscape|[from] ability: Snow Warning|[of] p1a: Ninetales
|-terastallize|p2a: Ogerpon|Water
|detailschange|p2a: Ogerpon|Ogerpon-Wellspring-Tera, F, tera:Water
|-ability|p2a: Ogerpon|Embody Aspect (Wellspring)|boost
|-boost|p2a: Ogerpon|spd|1
|move|p2a: Ogerpon|Ivy Cudgel|p1a: Ninetales|[anim] Ivy Cudgel Water
|-damage|p1a: Ninetales|0 fnt
|faint|p1a: Ninetales
|
|-weather|Snowscape|[upkeep]
|upkeep
|
|t:|1780986619
|switch|p1a: Araquanid|Araquanid, F, shiny|11/100
|turn|24
|-enditem|p1a: Araquanid|Custap Berry|[eat]
|-activate|p1a: Araquanid|item: Custap Berry|[consumed]
|
|t:|1780986622
|move|p1a: Araquanid|Endeavor|p2a: Ogerpon
|-damage|p2a: Ogerpon|12/100
|move|p2a: Ogerpon|Ivy Cudgel|p1a: Araquanid|[anim] Ivy Cudgel Water
|-resisted|p1a: Araquanid
|-damage|p1a: Araquanid|0 fnt
|faint|p1a: Araquanid
|
|-weather|Snowscape|[upkeep]
|upkeep
|
|t:|1780986625
|switch|p1a: Kingambit|Kingambit, F, shiny|100/100
|-activate|p1a: Kingambit|ability: Supreme Overlord
|-start|p1a: Kingambit|fallen5|[silent]
|turn|25
|
|t:|1780986629
|switch|p2a: Kyurem|Kyurem|100/100
|-ability|p2a: Kyurem|Pressure
|move|p1a: Kingambit|Sucker Punch||[still]
|-fail|p1a: Kingambit
|
|-weather|Snowscape|[upkeep]
|upkeep
|turn|26
|
|t:|1780986633
|move|p2a: Kyurem|Earth Power|p1a: Kingambit
|-supereffective|p1a: Kingambit
|-damage|p1a: Kingambit|40/100
|move|p1a: Kingambit|Iron Head|p2a: Kyurem
|-supereffective|p2a: Kyurem
|-damage|p2a: Kyurem|0 fnt
|faint|p2a: Kyurem
|
|-weather|Snowscape|[upkeep]
|upkeep
|
|t:|1780986637
|switch|p2a: Ogerpon|Ogerpon-Wellspring-Tera, F, tera:Water|12/100
|-ability|p2a: Ogerpon|Embody Aspect (Wellspring)|boost
|-boost|p2a: Ogerpon|spd|1
|turn|27
|
|t:|1780986640
|move|p1a: Kingambit|Sucker Punch||[still]
|-fail|p1a: Kingambit
|move|p2a: Ogerpon|Swords Dance|p2a: Ogerpon
|-boost|p2a: Ogerpon|atk|2
|
|-weather|none
|upkeep
|turn|28
|
|t:|1780986645
|move|p1a: Kingambit|Sucker Punch||[still]
|-fail|p1a: Kingambit
|move|p2a: Ogerpon|Swords Dance|p2a: Ogerpon
|-boost|p2a: Ogerpon|atk|2
|
|upkeep
|turn|29
|
|t:|1780986648
|move|p2a: Ogerpon|Swords Dance|p2a: Ogerpon
|-boost|p2a: Ogerpon|atk|2
|move|p1a: Kingambit|Kowtow Cleave|p2a: Ogerpon
|-damage|p2a: Ogerpon|0 fnt
|faint|p2a: Ogerpon
|detailschange|p2: Ogerpon|Ogerpon-Wellspring, F|[silent]
|
|win|pokemanpablotest
|raw|pokemanpablotest's rating: 1560 &rarr; <strong>1578</strong><br />(+18 for winning)
|raw|LowEL0God's rating: 1526 &rarr; <strong>1508</strong><br />(-18 for losing)
|c|☆LowEL0God|gg
|l|☆LowEL0God
|player|p2|
