|j|☆OP Earthquakes
|j|☆n5v
|t:|1781127604
|gametype|singles
|player|p1|OP Earthquakes|giovanni-masters|1810
|player|p2|n5v|leon-masters|1730
|gen|9
|tier|[Gen 9] OU
|rated|
|rule|HP Percentage Mod: HP is shown in percentages
|rule|Endless Battle Clause: Forcing endless battles is banned
|rule|Species Clause: Limit one of each Pokémon
|rule|OHKO Clause: OHKO moves are banned
|rule|Evasion Items Clause: Evasion items are banned
|rule|Evasion Moves Clause: Evasion moves are banned
|rule|Evasion Abilities Clause: Evasion abilities are banned
|rule|Sleep Moves Clause: Sleep-inducing moves are banned
|clearpoke
|poke|p1|Tyranitar, M|
|poke|p1|Pawmot, F|
|poke|p1|Kyurem|
|poke|p1|Excadrill, F|
|poke|p1|Hawlucha, M|
|poke|p1|Zamazenta-*|
|poke|p2|Araquanid, F|
|poke|p2|Gholdengo|
|poke|p2|Iron Moth|
|poke|p2|Iron Valiant|
|poke|p2|Raging Bolt|
|poke|p2|Kingambit, F|
|teampreview
|inactive|Battle timer is ON: inactive players will automatically lose when time's up. (requested by OP Earthquakes)
|c|☆n5v|oh
|c|☆OP Earthquakes|GLHF
|c|☆n5v|glhf
|
|t:|1781127628
|teamsize|p1|6
|teamsize|p2|6
|start
|switch|p1a: Itachi|Hawlucha, M, shiny|100/100
|switch|p2a: QUIL|Araquanid, F|100/100
|-ability|p1a: Itachi|Mold Breaker
|turn|1
|
|t:|1781127655
|move|p1a: Itachi|Brave Bird|p2a: QUIL
|-supereffective|p2a: QUIL
|-damage|p2a: QUIL|3/100
|-damage|p1a: Itachi|64/100|[from] Recoil
|move|p2a: QUIL|Sticky Web|p1a: Itachi
|-sidestart|p1: OP Earthquakes|move: Sticky Web
|
|upkeep
|turn|2
|-enditem|p2a: QUIL|Custap Berry|[eat]
|-activate|p2a: QUIL|item: Custap Berry|[consumed]
|
|t:|1781127665
|switch|p1a: The sandstorm|Tyranitar, M, shiny|100/100
|-activate|p1a: The sandstorm|move: Sticky Web
|-unboost|p1a: The sandstorm|spe|1
|-weather|Sandstorm|[from] ability: Sand Stream|[of] p1a: The sandstorm
|move|p2a: QUIL|Surf|p1a: The sandstorm
|-supereffective|p1a: The sandstorm
|-damage|p1a: The sandstorm|53/100
|
|-weather|Sandstorm|[upkeep]
|-damage|p2a: QUIL|0 fnt|[from] Sandstorm
|faint|p2a: QUIL
|upkeep
|inactive|n5v has 120 seconds left.
|
|t:|1781127683
|switch|p2a: QUZZ|Iron Valiant|100/100
|-enditem|p2a: QUZZ|Booster Energy
|-activate|p2a: QUZZ|ability: Quark Drive|[fromitem]
|-start|p2a: QUZZ|quarkdrivespa
|turn|3
|
|t:|1781127689
|move|p2a: QUZZ|Moonblast|p1a: The sandstorm
|-supereffective|p1a: The sandstorm
|-crit|p1a: The sandstorm
|-damage|p1a: The sandstorm|0 fnt
|faint|p1a: The sandstorm
|
|-weather|Sandstorm|[upkeep]
|-damage|p2a: QUZZ|94/100|[from] Sandstorm
|upkeep
|
|t:|1781127692
|switch|p1a: Itachi|Hawlucha, M, shiny|64/100
|-ability|p1a: Itachi|Mold Breaker
|turn|4
|c|☆n5v|im 99% sure u were red card
|
|t:|1781127715
|move|p1a: Itachi|Brave Bird|p2a: QUZZ
|-supereffective|p2a: QUZZ
|-damage|p2a: QUZZ|0 fnt
|faint|p2a: QUZZ
|-end|p2a: QUZZ|Quark Drive|[silent]
|-damage|p1a: Itachi|34/100|[from] Recoil
|
|-weather|Sandstorm|[upkeep]
|-damage|p1a: Itachi|28/100|[from] Sandstorm
|upkeep
|inactive|n5v has 120 seconds left.
|c|☆n5v|oh im ass ur still faster
|j| Golem Rising
|c|☆OP Earthquakes|yuh
|c|☆OP Earthquakes|but
|c|☆OP Earthquakes|I disagree on the ass part
|
|t:|1781127749
|switch|p2a: CALA|Iron Moth|100/100
|-enditem|p2a: CALA|Booster Energy
|-activate|p2a: CALA|ability: Quark Drive|[fromitem]
|-start|p2a: CALA|quarkdrivespa
|turn|5
|c|☆OP Earthquakes|least u know ur oppo
|
|t:|1781127754
|move|p1a: Itachi|Defog|p2a: CALA
|-unboost|p2a: CALA|evasion|1
|-sideend|p1: OP Earthquakes|Sticky Web|[from] move: Defog|[of] p1a: Itachi
|move|p2a: CALA|Fiery Dance|p1a: Itachi
|-damage|p1a: Itachi|0 fnt
|faint|p1a: Itachi
|
|-weather|Sandstorm|[upkeep]
|-damage|p2a: CALA|95/100|[from] Sandstorm
|upkeep
|c|☆n5v|ur so nice
|
|t:|1781127763
|switch|p1a: Toshiro|Kyurem, shiny|100/100
|-ability|p1a: Toshiro|Pressure
|turn|6
|c|☆OP Earthquakes|I try to be
|inactive|n5v has 120 seconds left.
|
|t:|1781127772
|move|p2a: CALA|Sludge Wave|p1a: Toshiro
|-damage|p1a: Toshiro|38/100
|move|p1a: Toshiro|Earth Power|p2a: CALA
|-supereffective|p2a: CALA
|-damage|p2a: CALA|0 fnt
|faint|p2a: CALA
|-end|p2a: CALA|Quark Drive|[silent]
|
|-weather|Sandstorm|[upkeep]
|-damage|p1a: Toshiro|32/100|[from] Sandstorm
|upkeep
|inactive|n5v has 120 seconds left.
|
|t:|1781127780
|switch|p2a: TREE?|Gholdengo|100/100
|-item|p2a: TREE?|Air Balloon
|turn|7
|
|t:|1781127784
|move|p2a: TREE?|Shadow Ball|p1a: Toshiro
|-damage|p1a: Toshiro|0 fnt
|faint|p1a: Toshiro
|
|-weather|Sandstorm|[upkeep]
|upkeep
|
|t:|1781127797
|switch|p1a: OP|Excadrill, F|100/100
|turn|8
|c|☆n5v|cool
|
|t:|1781127800
|move|p1a: OP|Iron Head|p2a: TREE?
|-resisted|p2a: TREE?
|-damage|p2a: TREE?|58/100
|-enditem|p2a: TREE?|Air Balloon
|move|p2a: TREE?|Focus Blast|p1a: OP
|-supereffective|p1a: OP
|-damage|p1a: OP|0 fnt
|faint|p1a: OP
|
|-weather|Sandstorm|[upkeep]
|upkeep
|j| silver jay#2240
|
|t:|1781127806
|switch|p1a: Porunga|Pawmot, F|100/100
|turn|9
|
|t:|1781127826
|move|p1a: Porunga|Revival Blessing|p1a: Porunga
|-enditem|p1a: Porunga|Leppa Berry|[eat]
|-activate|p1a: Porunga|item: Leppa Berry|Revival Blessing|[consumed]
|
|t:|1781127835
|-heal|p1: OP|50/100|[from] move: Revival Blessing
|move|p2a: TREE?|Shadow Ball|p1a: Porunga
|-damage|p1a: Porunga|35/100
|
|-weather|none
|upkeep
|turn|10
|
|t:|1781127845
|move|p1a: Porunga|Revival Blessing|p1a: Porunga
|c| silver jay#2240|gl opeq
|
|t:|1781127855
|-heal|p1: The sandstorm|50/100|[from] move: Revival Blessing
|move|p2a: TREE?|Shadow Ball|p1a: Porunga
|-damage|p1a: Porunga|0 fnt
|faint|p1a: Porunga
|
|upkeep
|c| Golem Rising|Shenron would be the more obvious refrence no?
|c|☆n5v|niche references make u cooler tho icl
|c| Golem Rising|;p
|inactive|OP Earthquakes has 120 seconds left.
|c|☆OP Earthquakes|sry distractions lol
|c|☆OP Earthquakes|Oh shenron
|c|☆n5v|I get it when ur that good u have ppl following u everywhere
|c| silver jay#2240|take ya time op eq lol
|c|☆OP Earthquakes|I used to have that as a name
|c|☆OP Earthquakes|but then I did research
|inactive|OP Earthquakes has 90 seconds left.
|j| Hakone Outbound
|c|☆OP Earthquakes|Porunga is based off sleeping
|c|☆OP Earthquakes|check fandoms and read it up
|
|t:|1781127936
|switch|p1a: The sandstorm|Tyranitar, M, shiny|50/100
|-weather|Sandstorm|[from] ability: Sand Stream|[of] p1a: The sandstorm
|turn|11
|
|t:|1781127941
|switch|p1a: OP|Excadrill, F|50/100
|move|p2a: TREE?|Focus Blast|p1a: OP|[miss]
|-miss|p2a: TREE?|p1a: OP
|
|-weather|Sandstorm|[upkeep]
|upkeep
|turn|12
|c| silver jay#2240|tough
|
|t:|1781127947
|-terastallize|p2a: TREE?|Flying
|move|p1a: OP|Earthquake|p2a: TREE?
|-immune|p2a: TREE?
|move|p2a: TREE?|Focus Blast|p1a: OP
|-supereffective|p1a: OP
|-damage|p1a: OP|0 fnt
|faint|p1a: OP
|
|-weather|Sandstorm|[upkeep]
|-damage|p2a: TREE?|52/100|[from] Sandstorm
|upkeep
|inactive|OP Earthquakes has 60 seconds left.
|
|t:|1781127981
|switch|p1a: The sandstorm|Tyranitar, M, shiny|50/100
|turn|13
|inactive|OP Earthquakes has 60 seconds left.
|
|t:|1781127998
|move|p2a: TREE?|Make It Rain|p1a: The sandstorm
|-supereffective|p1a: The sandstorm
|-damage|p1a: The sandstorm|0 fnt
|-unboost|p2a: TREE?|spa|1
|faint|p1a: The sandstorm
|
|-weather|Sandstorm|[upkeep]
|-damage|p2a: TREE?|46/100|[from] Sandstorm
|upkeep
|c|☆n5v|hmm
|
|t:|1781128002
|switch|p1a: Zamazenta|Zamazenta|100/100
|-ability|p1a: Zamazenta|Dauntless Shield|boost
|-boost|p1a: Zamazenta|def|1
|turn|14
|inactive|OP Earthquakes has 60 seconds left.
|
|t:|1781128028
|switch|p2a: SUPA|Kingambit, F|100/100
|-activate|p2a: SUPA|ability: Supreme Overlord
|-start|p2a: SUPA|fallen3|[silent]
|-item|p2a: SUPA|Air Balloon
|-terastallize|p1a: Zamazenta|Fairy
|move|p1a: Zamazenta|Play Rough|p2a: SUPA
|-damage|p2a: SUPA|65/100
|-enditem|p2a: SUPA|Air Balloon
|
|-weather|Sandstorm|[upkeep]
|-damage|p1a: Zamazenta|94/100|[from] Sandstorm
|upkeep
|turn|15
|c|☆n5v|oh crap
|c|☆OP Earthquakes|def not the bulk I was expecting
|
|t:|1781128046
|move|p2a: SUPA|Sucker Punch|p1a: Zamazenta
|-resisted|p1a: Zamazenta
|-damage|p1a: Zamazenta|81/100
|move|p1a: Zamazenta|Play Rough|p2a: SUPA
|-damage|p2a: SUPA|29/100
|
|-weather|Sandstorm|[upkeep]
|-damage|p1a: Zamazenta|75/100|[from] Sandstorm
|upkeep
|turn|16
|
|t:|1781128051
|move|p1a: Zamazenta|Play Rough|p2a: SUPA
|-damage|p2a: SUPA|0 fnt
|faint|p2a: SUPA
|-end|p2a: SUPA|fallen3|[silent]
|
|-weather|Sandstorm|[upkeep]
|-damage|p1a: Zamazenta|68/100|[from] Sandstorm
|upkeep
|c|☆n5v|are u banded or sm sh
|c|☆OP Earthquakes|wont tell lol
|
|t:|1781128069
|switch|p2a: TREE?|Gholdengo, tera:Flying|46/100
|turn|17
|
|t:|1781128072
|move|p1a: Zamazenta|Play Rough|p2a: TREE?
|-damage|p2a: TREE?|0 fnt
|faint|p2a: TREE?
|
|-weather|Sandstorm|[upkeep]
|-damage|p1a: Zamazenta|62/100|[from] Sandstorm
|upkeep
|
|t:|1781128088
|switch|p2a: DELI|Raging Bolt|100/100
|-enditem|p2a: DELI|Booster Energy
|-activate|p2a: DELI|ability: Protosynthesis|[fromitem]
|-start|p2a: DELI|protosynthesisspa
|turn|18
|
|t:|1781128091
|move|p1a: Zamazenta|Play Rough|p2a: DELI
|-supereffective|p2a: DELI
|-damage|p2a: DELI|24/100
|move|p2a: DELI|Thunderbolt|p1a: Zamazenta
|-damage|p1a: Zamazenta|4/100
|
|-weather|none
|upkeep
|turn|19
|c|☆n5v|gg
|c|☆OP Earthquakes|NOOOO
|c|☆OP Earthquakes|lol
|c|☆n5v|40%
|c|☆n5v|right??
|c|☆n5v|That's crazy
|c|☆n5v|wild ass team
|c|☆OP Earthquakes|crazy
|c|☆OP Earthquakes|wp
|inactive|OP Earthquakes has 60 seconds left.
|c|☆n5v|tyty u2
|-message|OP Earthquakes forfeited.
|
|win|n5v
|raw|OP Earthquakes's rating: 1810 &rarr; <strong>1785</strong><br />(-25 for losing)
|raw|n5v's rating: 1730 &rarr; <strong>1755</strong><br />(+25 for winning)
|l|☆OP Earthquakes
|player|p1|
|l| Golem Rising
|l|☆n5v
|player|p2|
