|badge|p1|bronze|gen9ou|100-9
|uhtml|medal-msg|<div class="broadcast-blue">Curious what those medals under the avatar are? PS now has Ladder Seasons! For more information, check out the <a href="https://www.smogon.com/forums/threads/3740067/">thread on Smogon.</a></div>
|j|☆mythiixx
|j|☆bingbong441
|t:|1781111261
|gametype|singles
|player|p1|mythiixx|valerie|1832
|player|p2|bingbong441|pokemaniac|1803
|gen|9
|tier|[Gen 9] OU
|rated|
|rule|HP Percentage Mod: HP is shown in percentages
|rule|Endless Battle Clause: Forcing endless battles is banned
|rule|Species Clause: Limit one of each Pokémon
|rule|OHKO Clause: OHKO moves are banned
|rule|Evasion Items Clause: Evasion items are banned
|rule|Evasion Moves Clause: Evasion moves are banned
|rule|Evasion Abilities Clause: Evasion abilities are banned
|rule|Sleep Moves Clause: Sleep-inducing moves are banned
|clearpoke
|poke|p1|Hoopa-Unbound|
|poke|p1|Pecharunt|
|poke|p1|Landorus-Therian, M|
|poke|p1|Cinderace, M|
|poke|p1|Alomomola, M|
|poke|p1|Iron Valiant|
|poke|p2|Rillaboom, M|
|poke|p2|Alomomola, F|
|poke|p2|Cinderace, F|
|poke|p2|Hoopa-Unbound|
|poke|p2|Fezandipiti, M|
|poke|p2|Zamazenta-*|
|teampreview
|
|t:|1781111275
|teamsize|p1|6
|teamsize|p2|6
|start
|switch|p1a: Landorus|Landorus-Therian, M, shiny|100/100
|switch|p2a: Cinderace|Cinderace, F|100/100
|-ability|p1a: Landorus|Intimidate|boost
|-unboost|p2a: Cinderace|atk|1
|turn|1
|
|t:|1781111282
|move|p1a: Landorus|Earthquake|p2a: Cinderace
|-supereffective|p2a: Cinderace
|-damage|p2a: Cinderace|0 fnt
|faint|p2a: Cinderace
|
|upkeep
|
|t:|1781111289
|switch|p2a: Alomomola|Alomomola, F|100/100
|turn|2
|
|t:|1781111297
|switch|p1a: Alomomola|Alomomola, M, shiny|100/100
|move|p2a: Alomomola|Flip Turn|p1a: Alomomola
|-resisted|p1a: Alomomola
|-damage|p1a: Alomomola|95/100
|
|t:|1781111302
|switch|p2a: Hoopa|Hoopa-Unbound|100/100|[from] Flip Turn
|
|upkeep
|turn|3
|
|t:|1781111306
|move|p2a: Hoopa|Knock Off|p1a: Alomomola
|-damage|p1a: Alomomola|63/100
|-enditem|p1a: Alomomola|Assault Vest|[from] move: Knock Off|[of] p2a: Hoopa
|move|p1a: Alomomola|Flip Turn|p2a: Hoopa
|-damage|p2a: Hoopa|81/100
|
|t:|1781111316
|switch|p1a: Cinderace|Cinderace, M, shiny|100/100|[from] Flip Turn
|
|upkeep
|turn|4
|
|t:|1781111319
|switch|p2a: Alomomola|Alomomola, F|100/100
|move|p1a: Cinderace|U-turn|p2a: Alomomola
|-start|p1a: Cinderace|typechange|Bug|[from] ability: Libero
|-damage|p2a: Alomomola|83/100
|-damage|p1a: Cinderace|84/100|[from] item: Rocky Helmet|[of] p2a: Alomomola
|
|t:|1781111327
|switch|p1a: Pecharunt|Pecharunt|100/100|[from] U-turn
|
|upkeep
|turn|5
|
|t:|1781111330
|switch|p2a: Fezandipiti|Fezandipiti, M|100/100
|move|p1a: Pecharunt|Parting Shot|p2a: Fezandipiti
|-unboost|p2a: Fezandipiti|atk|1
|-unboost|p2a: Fezandipiti|spa|1
|
|t:|1781111334
|switch|p1a: Hoopa|Hoopa-Unbound|100/100|[from] Parting Shot
|
|upkeep
|turn|6
|
|t:|1781111339
|move|p1a: Hoopa|Hyperspace Fury|p2a: Fezandipiti
|-resisted|p2a: Fezandipiti
|-damage|p2a: Fezandipiti|45/100
|-unboost|p1a: Hoopa|def|1
|move|p2a: Fezandipiti|U-turn|p1a: Hoopa
|-supereffective|p1a: Hoopa
|-damage|p1a: Hoopa|10/100
|-status|p1a: Hoopa|tox|[from] ability: Toxic Chain|[of] p2a: Fezandipiti
|j| Coupher
|
|t:|1781111385
|switch|p2a: Rillaboom|Rillaboom, M|100/100|[from] U-turn
|-fieldstart|move: Grassy Terrain|[from] ability: Grassy Surge|[of] p2a: Rillaboom
|
|-heal|p1a: Hoopa|17/100 tox|[from] Grassy Terrain
|-damage|p1a: Hoopa|10/100 tox|[from] psn
|upkeep
|turn|7
|inactive|Battle timer is ON: inactive players will automatically lose when time's up. (requested by mythiixx)
|
|t:|1781111396
|switch|p1a: Pecharunt|Pecharunt|100/100
|move|p2a: Rillaboom|Knock Off|p1a: Pecharunt
|-supereffective|p1a: Pecharunt
|-damage|p1a: Pecharunt|54/100
|-enditem|p1a: Pecharunt|Heavy-Duty Boots|[from] move: Knock Off|[of] p2a: Rillaboom
|
|-heal|p1a: Pecharunt|60/100|[from] Grassy Terrain
|upkeep
|turn|8
|
|t:|1781111413
|move|p2a: Rillaboom|Knock Off|p1a: Pecharunt
|-supereffective|p1a: Pecharunt
|-damage|p1a: Pecharunt|24/100
|move|p1a: Pecharunt|Parting Shot|p2a: Rillaboom
|-unboost|p2a: Rillaboom|atk|1
|-unboost|p2a: Rillaboom|spa|1
|l| Coupher
|
|t:|1781111422
|switch|p1a: Iron Valiant|Iron Valiant, shiny|100/100|[from] Parting Shot
|
|upkeep
|turn|9
|
|t:|1781111432
|switch|p2a: Fezandipiti|Fezandipiti, M|45/100
|move|p1a: Iron Valiant|Thunderbolt|p2a: Fezandipiti
|-damage|p2a: Fezandipiti|19/100
|
|-heal|p2a: Fezandipiti|25/100|[from] Grassy Terrain
|upkeep
|turn|10
|
|t:|1781111453
|switch|p2a: Hoopa|Hoopa-Unbound|81/100
|move|p1a: Iron Valiant|Thunderbolt|p2a: Hoopa
|-damage|p2a: Hoopa|60/100
|
|-heal|p2a: Hoopa|66/100|[from] Grassy Terrain
|-fieldend|move: Grassy Terrain
|upkeep
|turn|11
|
|t:|1781111461
|-end|p1a: Iron Valiant|Quark Drive|[silent]
|switch|p1a: Alomomola|Alomomola, M, shiny|96/100
|move|p2a: Hoopa|Psychic Noise|p1a: Alomomola
|-damage|p1a: Alomomola|58/100
|-start|p1a: Alomomola|move: Heal Block
|
|upkeep
|turn|12
|
|t:|1781111476
|switch|p1a: Landorus|Landorus-Therian, M, shiny|100/100
|-ability|p1a: Landorus|Intimidate|boost
|-unboost|p2a: Hoopa|atk|1
|move|p2a: Hoopa|Psychic Noise|p1a: Landorus
|-damage|p1a: Landorus|29/100
|-start|p1a: Landorus|move: Heal Block
|
|upkeep
|turn|13
|inactive|bingbong441 has 120 seconds left.
|
|t:|1781111498
|switch|p2a: Alomomola|Alomomola, F|100/100
|move|p1a: Landorus|U-turn|p2a: Alomomola
|-damage|p2a: Alomomola|86/100
|-damage|p1a: Landorus|12/100|[from] item: Rocky Helmet|[of] p2a: Alomomola
|
|t:|1781111503
|switch|p1a: Iron Valiant|Iron Valiant, shiny|100/100|[from] U-turn
|
|upkeep
|turn|14
|
|t:|1781111507
|move|p2a: Alomomola|Protect|p2a: Alomomola
|-singleturn|p2a: Alomomola|Protect
|move|p1a: Iron Valiant|Thunderbolt|p2a: Alomomola
|-activate|p2a: Alomomola|move: Protect
|
|upkeep
|turn|15
|
|t:|1781111531
|-terastallize|p2a: Alomomola|Dragon
|move|p1a: Iron Valiant|Thunderbolt|p2a: Alomomola
|-resisted|p2a: Alomomola
|-damage|p2a: Alomomola|58/100
|move|p2a: Alomomola|Flip Turn|p1a: Iron Valiant
|-damage|p1a: Iron Valiant|80/100
|
|t:|1781111539
|switch|p2a: Rillaboom|Rillaboom, M|100/100|[from] Flip Turn
|-fieldstart|move: Grassy Terrain|[from] ability: Grassy Surge|[of] p2a: Rillaboom
|
|-heal|p1a: Iron Valiant|87/100|[from] Grassy Terrain
|upkeep
|turn|16
|inactive|bingbong441 has 120 seconds left.
|
|t:|1781111574
|-end|p1a: Iron Valiant|Quark Drive|[silent]
|switch|p1a: Hoopa|Hoopa-Unbound|10/100 tox
|move|p2a: Rillaboom|Grassy Glide|p1a: Hoopa
|-crit|p1a: Hoopa
|-damage|p1a: Hoopa|0 fnt
|faint|p1a: Hoopa
|
|upkeep
|
|t:|1781111583
|switch|p1a: Pecharunt|Pecharunt|24/100
|turn|17
|
|t:|1781111587
|switch|p2a: Fezandipiti|Fezandipiti, M|25/100
|move|p1a: Pecharunt|Recover|p1a: Pecharunt
|-heal|p1a: Pecharunt|74/100
|
|-heal|p2a: Fezandipiti|31/100|[from] Grassy Terrain
|-heal|p1a: Pecharunt|80/100|[from] Grassy Terrain
|upkeep
|turn|18
|
|t:|1781111595
|move|p2a: Fezandipiti|Roost|p2a: Fezandipiti
|-heal|p2a: Fezandipiti|81/100
|-singleturn|p2a: Fezandipiti|move: Roost
|move|p1a: Pecharunt|Parting Shot|p2a: Fezandipiti
|-unboost|p2a: Fezandipiti|atk|1
|-unboost|p2a: Fezandipiti|spa|1
|
|t:|1781111611
|switch|p1a: Landorus|Landorus-Therian, M, shiny|12/100|[from] Parting Shot
|-ability|p1a: Landorus|Intimidate|boost
|-unboost|p2a: Fezandipiti|atk|1
|
|-heal|p2a: Fezandipiti|87/100|[from] Grassy Terrain
|upkeep
|turn|19
|
|t:|1781111627
|switch|p1a: Iron Valiant|Iron Valiant, shiny|87/100
|move|p2a: Fezandipiti|U-turn|p1a: Iron Valiant
|-resisted|p1a: Iron Valiant
|-damage|p1a: Iron Valiant|85/100
|
|t:|1781111635
|switch|p2a: Hoopa|Hoopa-Unbound|66/100|[from] U-turn
|
|-heal|p1a: Iron Valiant|91/100|[from] Grassy Terrain
|-heal|p2a: Hoopa|72/100|[from] Grassy Terrain
|-fieldend|move: Grassy Terrain
|upkeep
|turn|20
|
|t:|1781111645
|switch|p2a: Fezandipiti|Fezandipiti, M|87/100
|-terastallize|p1a: Iron Valiant|Fairy
|move|p1a: Iron Valiant|Moonblast|p2a: Fezandipiti
|-resisted|p2a: Fezandipiti
|-damage|p2a: Fezandipiti|59/100
|
|upkeep
|turn|21
|
|t:|1781111654
|-end|p1a: Iron Valiant|Quark Drive|[silent]
|switch|p1a: Pecharunt|Pecharunt|80/100
|move|p2a: Fezandipiti|Beat Up|p1a: Pecharunt
|-supereffective|p1a: Pecharunt
|-damage|p1a: Pecharunt|77/100
|-supereffective|p1a: Pecharunt
|-damage|p1a: Pecharunt|75/100
|-supereffective|p1a: Pecharunt
|-damage|p1a: Pecharunt|71/100
|-supereffective|p1a: Pecharunt
|-damage|p1a: Pecharunt|67/100
|-supereffective|p1a: Pecharunt
|-damage|p1a: Pecharunt|64/100
|-hitcount|p1a: Pecharunt|5
|
|upkeep
|turn|22
|
|t:|1781111663
|move|p2a: Fezandipiti|Roost|p2a: Fezandipiti
|-heal|p2a: Fezandipiti|100/100
|-singleturn|p2a: Fezandipiti|move: Roost
|move|p1a: Pecharunt|Recover|p1a: Pecharunt
|-heal|p1a: Pecharunt|100/100
|
|upkeep
|turn|23
|
|t:|1781111683
|move|p2a: Fezandipiti|Swagger|p1a: Pecharunt
|-boost|p1a: Pecharunt|atk|2
|-start|p1a: Pecharunt|confusion
|-activate|p1a: Pecharunt|confusion
|move|p1a: Pecharunt|Malignant Chain|p2a: Fezandipiti
|-damage|p2a: Fezandipiti|81/100
|
|upkeep
|turn|24
|
|t:|1781111697
|move|p2a: Fezandipiti|Swagger|p1a: Pecharunt
|-boost|p1a: Pecharunt|atk|2
|-end|p1a: Pecharunt|confusion
|move|p1a: Pecharunt|Shadow Ball|p2a: Fezandipiti
|-damage|p2a: Fezandipiti|65/100
|
|upkeep
|turn|25
|
|t:|1781111704
|move|p2a: Fezandipiti|Roost|p2a: Fezandipiti
|-heal|p2a: Fezandipiti|100/100
|-singleturn|p2a: Fezandipiti|move: Roost
|move|p1a: Pecharunt|Shadow Ball|p2a: Fezandipiti
|-damage|p2a: Fezandipiti|87/100
|-unboost|p2a: Fezandipiti|spd|1
|
|upkeep
|turn|26
|j| akabrithan
|
|t:|1781111715
|move|p2a: Fezandipiti|Swagger|p1a: Pecharunt|[miss]
|-miss|p2a: Fezandipiti|p1a: Pecharunt
|move|p1a: Pecharunt|Malignant Chain|p2a: Fezandipiti
|-damage|p2a: Fezandipiti|59/100
|
|upkeep
|turn|27
|
|t:|1781111721
|move|p2a: Fezandipiti|Swagger|p1a: Pecharunt
|-boost|p1a: Pecharunt|atk|2
|-start|p1a: Pecharunt|confusion
|-activate|p1a: Pecharunt|confusion
|-damage|p1a: Pecharunt|88/100|[from] confusion
|
|upkeep
|turn|28
|
|t:|1781111742
|move|p2a: Fezandipiti|Beat Up|p1a: Pecharunt
|-supereffective|p1a: Pecharunt
|-damage|p1a: Pecharunt|85/100
|-supereffective|p1a: Pecharunt
|-damage|p1a: Pecharunt|82/100
|-supereffective|p1a: Pecharunt
|-crit|p1a: Pecharunt
|-damage|p1a: Pecharunt|76/100
|-supereffective|p1a: Pecharunt
|-damage|p1a: Pecharunt|72/100
|-supereffective|p1a: Pecharunt
|-damage|p1a: Pecharunt|68/100
|-hitcount|p1a: Pecharunt|5
|-activate|p1a: Pecharunt|confusion
|move|p1a: Pecharunt|Shadow Ball|p2a: Fezandipiti
|-damage|p2a: Fezandipiti|36/100
|
|upkeep
|turn|29
|
|t:|1781111755
|move|p2a: Fezandipiti|Roost|p2a: Fezandipiti
|-heal|p2a: Fezandipiti|86/100
|-singleturn|p2a: Fezandipiti|move: Roost
|-activate|p1a: Pecharunt|confusion
|move|p1a: Pecharunt|Shadow Ball|p2a: Fezandipiti
|-damage|p2a: Fezandipiti|65/100
|
|upkeep
|turn|30
|
|t:|1781111766
|move|p2a: Fezandipiti|Beat Up|p1a: Pecharunt
|-supereffective|p1a: Pecharunt
|-damage|p1a: Pecharunt|65/100
|-supereffective|p1a: Pecharunt
|-damage|p1a: Pecharunt|63/100
|-supereffective|p1a: Pecharunt
|-damage|p1a: Pecharunt|58/100
|-supereffective|p1a: Pecharunt
|-damage|p1a: Pecharunt|53/100
|-supereffective|p1a: Pecharunt
|-damage|p1a: Pecharunt|49/100
|-hitcount|p1a: Pecharunt|5
|-activate|p1a: Pecharunt|confusion
|move|p1a: Pecharunt|Shadow Ball|p2a: Fezandipiti
|-damage|p2a: Fezandipiti|45/100
|
|upkeep
|turn|31
|
|t:|1781111778
|move|p2a: Fezandipiti|Roost|p2a: Fezandipiti
|-heal|p2a: Fezandipiti|95/100
|-singleturn|p2a: Fezandipiti|move: Roost
|-end|p1a: Pecharunt|confusion
|move|p1a: Pecharunt|Recover|p1a: Pecharunt
|-heal|p1a: Pecharunt|99/100
|
|upkeep
|turn|32
|c| akabrithan|fezanskibidi
|
|t:|1781111783
|move|p2a: Fezandipiti|Swagger|p1a: Pecharunt
|-boost|p1a: Pecharunt|atk|0
|-start|p1a: Pecharunt|confusion
|-activate|p1a: Pecharunt|confusion
|-damage|p1a: Pecharunt|88/100|[from] confusion
|
|upkeep
|turn|33
|
|t:|1781111799
|move|p2a: Fezandipiti|U-turn|p1a: Pecharunt
|-resisted|p1a: Pecharunt
|-damage|p1a: Pecharunt|86/100
|
|t:|1781111802
|switch|p2a: Hoopa|Hoopa-Unbound|72/100|[from] U-turn
|-end|p1a: Pecharunt|confusion
|move|p1a: Pecharunt|Shadow Ball|p2a: Hoopa
|-damage|p2a: Hoopa|60/100
|
|upkeep
|turn|34
|
|t:|1781111811
|switch|p1a: Alomomola|Alomomola, M, shiny|91/100
|move|p2a: Hoopa|Psychic Noise|p1a: Alomomola
|-damage|p1a: Alomomola|52/100
|-start|p1a: Alomomola|move: Heal Block
|
|upkeep
|turn|35
|
|t:|1781111818
|move|p2a: Hoopa|Thunderbolt|p1a: Alomomola
|-supereffective|p1a: Alomomola
|-damage|p1a: Alomomola|0 fnt
|faint|p1a: Alomomola
|
|upkeep
|
|t:|1781111840
|switch|p1a: Iron Valiant|Iron Valiant, shiny, tera:Fairy|91/100
|turn|36
|l| akabrithan
|
|t:|1781111852
|switch|p2a: Fezandipiti|Fezandipiti, M|95/100
|move|p1a: Iron Valiant|Moonblast|p2a: Fezandipiti
|-resisted|p2a: Fezandipiti
|-damage|p2a: Fezandipiti|68/100
|
|upkeep
|turn|37
|
|t:|1781111862
|-end|p1a: Iron Valiant|Quark Drive|[silent]
|switch|p1a: Pecharunt|Pecharunt|86/100
|move|p2a: Fezandipiti|U-turn|p1a: Pecharunt
|-resisted|p1a: Pecharunt
|-damage|p1a: Pecharunt|84/100
|
|t:|1781111866
|switch|p2a: Hoopa|Hoopa-Unbound|60/100|[from] U-turn
|
|upkeep
|turn|38
|
|t:|1781111874
|switch|p1a: Landorus|Landorus-Therian, M, shiny|12/100
|-ability|p1a: Landorus|Intimidate|boost
|-unboost|p2a: Hoopa|atk|1
|move|p2a: Hoopa|Psychic Noise|p1a: Landorus
|-damage|p1a: Landorus|0 fnt
|faint|p1a: Landorus
|
|upkeep
|
|t:|1781111879
|switch|p1a: Iron Valiant|Iron Valiant, shiny, tera:Fairy|91/100
|turn|39
|
|t:|1781111908
|switch|p2a: Alomomola|Alomomola, F, tera:Dragon|91/100
|move|p1a: Iron Valiant|Moonblast|p2a: Alomomola
|-supereffective|p2a: Alomomola
|-damage|p2a: Alomomola|0 fnt
|faint|p2a: Alomomola
|
|upkeep
|
|t:|1781111914
|switch|p2a: Fezandipiti|Fezandipiti, M|68/100
|turn|40
|
|t:|1781111923
|move|p1a: Iron Valiant|Moonblast|p2a: Fezandipiti
|-resisted|p2a: Fezandipiti
|-damage|p2a: Fezandipiti|42/100
|move|p2a: Fezandipiti|Beat Up|p1a: Iron Valiant
|-resisted|p1a: Iron Valiant
|-damage|p1a: Iron Valiant|89/100
|-resisted|p1a: Iron Valiant
|-damage|p1a: Iron Valiant|86/100
|-resisted|p1a: Iron Valiant
|-damage|p1a: Iron Valiant|83/100
|-resisted|p1a: Iron Valiant
|-damage|p1a: Iron Valiant|81/100
|-hitcount|p1a: Iron Valiant|4
|
|upkeep
|turn|41
|
|t:|1781111931
|-end|p1a: Iron Valiant|Quark Drive|[silent]
|switch|p1a: Cinderace|Cinderace, M, shiny|84/100
|move|p2a: Fezandipiti|Roost|p2a: Fezandipiti
|-heal|p2a: Fezandipiti|92/100
|-singleturn|p2a: Fezandipiti|move: Roost
|
|upkeep
|turn|42
|
|t:|1781111942
|move|p1a: Cinderace|Pyro Ball|p2a: Fezandipiti
|-damage|p2a: Fezandipiti|36/100
|move|p2a: Fezandipiti|U-turn|p1a: Cinderace
|-resisted|p1a: Cinderace
|-damage|p1a: Cinderace|73/100
|
|t:|1781111945
|switch|p2a: Zamazenta|Zamazenta|100/100|[from] U-turn
|-ability|p2a: Zamazenta|Dauntless Shield|boost
|-boost|p2a: Zamazenta|def|1
|
|upkeep
|turn|43
|
|t:|1781111953
|switch|p1a: Pecharunt|Pecharunt|84/100
|move|p2a: Zamazenta|Iron Defense|p2a: Zamazenta
|-boost|p2a: Zamazenta|def|2
|
|upkeep
|turn|44
|
|t:|1781111958
|move|p2a: Zamazenta|Substitute|p2a: Zamazenta
|-start|p2a: Zamazenta|Substitute
|-damage|p2a: Zamazenta|75/100
|move|p1a: Pecharunt|Malignant Chain|p2a: Zamazenta
|-activate|p2a: Zamazenta|move: Substitute|[damage]
|
|-heal|p2a: Zamazenta|82/100|[from] item: Leftovers
|upkeep
|turn|45
|
|t:|1781111965
|move|p2a: Zamazenta|Crunch|p1a: Pecharunt
|-supereffective|p1a: Pecharunt
|-damage|p1a: Pecharunt|65/100
|-unboost|p1a: Pecharunt|def|1
|move|p1a: Pecharunt|Shadow Ball|p2a: Zamazenta
|-end|p2a: Zamazenta|Substitute
|
|-heal|p2a: Zamazenta|88/100|[from] item: Leftovers
|upkeep
|turn|46
|
|t:|1781111974
|move|p2a: Zamazenta|Substitute|p2a: Zamazenta
|-start|p2a: Zamazenta|Substitute
|-damage|p2a: Zamazenta|63/100
|move|p1a: Pecharunt|Recover|p1a: Pecharunt
|-heal|p1a: Pecharunt|100/100
|
|-heal|p2a: Zamazenta|69/100|[from] item: Leftovers
|upkeep
|turn|47
|
|t:|1781111980
|move|p2a: Zamazenta|Crunch|p1a: Pecharunt
|-supereffective|p1a: Pecharunt
|-damage|p1a: Pecharunt|71/100
|-unboost|p1a: Pecharunt|def|1
|move|p1a: Pecharunt|Parting Shot|p2a: Zamazenta
|-unboost|p2a: Zamazenta|atk|1
|-unboost|p2a: Zamazenta|spa|1
|
|t:|1781111984
|switch|p1a: Iron Valiant|Iron Valiant, shiny, tera:Fairy|81/100|[from] Parting Shot
|
|-heal|p2a: Zamazenta|75/100|[from] item: Leftovers
|upkeep
|turn|48
|
|t:|1781111992
|-end|p1a: Iron Valiant|Quark Drive|[silent]
|switch|p1a: Pecharunt|Pecharunt|71/100
|move|p2a: Zamazenta|Crunch|p1a: Pecharunt
|-supereffective|p1a: Pecharunt
|-damage|p1a: Pecharunt|58/100
|
|-heal|p2a: Zamazenta|81/100|[from] item: Leftovers
|upkeep
|turn|49
|
|t:|1781112001
|move|p2a: Zamazenta|Crunch|p1a: Pecharunt
|-supereffective|p1a: Pecharunt
|-damage|p1a: Pecharunt|45/100
|move|p1a: Pecharunt|Recover|p1a: Pecharunt
|-heal|p1a: Pecharunt|95/100
|
|-heal|p2a: Zamazenta|88/100|[from] item: Leftovers
|upkeep
|turn|50
|
|t:|1781112011
|move|p2a: Zamazenta|Crunch|p1a: Pecharunt
|-supereffective|p1a: Pecharunt
|-damage|p1a: Pecharunt|83/100
|move|p1a: Pecharunt|Shadow Ball|p2a: Zamazenta
|-activate|p2a: Zamazenta|move: Substitute|[damage]
|
|-heal|p2a: Zamazenta|94/100|[from] item: Leftovers
|upkeep
|turn|51
|
|t:|1781112017
|move|p2a: Zamazenta|Crunch|p1a: Pecharunt
|-supereffective|p1a: Pecharunt
|-damage|p1a: Pecharunt|69/100
|move|p1a: Pecharunt|Shadow Ball|p2a: Zamazenta
|-end|p2a: Zamazenta|Substitute
|
|-heal|p2a: Zamazenta|99/100|[from] item: Leftovers
|upkeep
|turn|52
|
|t:|1781112031
|move|p2a: Zamazenta|Substitute|p2a: Zamazenta
|-start|p2a: Zamazenta|Substitute
|-damage|p2a: Zamazenta|75/100
|move|p1a: Pecharunt|Malignant Chain|p2a: Zamazenta
|-activate|p2a: Zamazenta|move: Substitute|[damage]
|
|-heal|p2a: Zamazenta|81/100|[from] item: Leftovers
|upkeep
|turn|53
|
|t:|1781112037
|move|p2a: Zamazenta|Crunch|p1a: Pecharunt
|-supereffective|p1a: Pecharunt
|-damage|p1a: Pecharunt|56/100
|move|p1a: Pecharunt|Shadow Ball|p2a: Zamazenta
|-end|p2a: Zamazenta|Substitute
|
|-heal|p2a: Zamazenta|87/100|[from] item: Leftovers
|upkeep
|turn|54
|
|t:|1781112043
|move|p2a: Zamazenta|Substitute|p2a: Zamazenta
|-start|p2a: Zamazenta|Substitute
|-damage|p2a: Zamazenta|62/100
|move|p1a: Pecharunt|Shadow Ball|p2a: Zamazenta
|-activate|p2a: Zamazenta|move: Substitute|[damage]
|
|-heal|p2a: Zamazenta|69/100|[from] item: Leftovers
|upkeep
|turn|55
|
|t:|1781112047
|move|p2a: Zamazenta|Crunch|p1a: Pecharunt
|-supereffective|p1a: Pecharunt
|-damage|p1a: Pecharunt|44/100
|move|p1a: Pecharunt|Recover|p1a: Pecharunt
|-heal|p1a: Pecharunt|94/100
|
|-heal|p2a: Zamazenta|75/100|[from] item: Leftovers
|upkeep
|turn|56
|
|t:|1781112056
|move|p2a: Zamazenta|Crunch|p1a: Pecharunt
|-supereffective|p1a: Pecharunt
|-crit|p1a: Pecharunt
|-damage|p1a: Pecharunt|66/100
|-unboost|p1a: Pecharunt|def|1
|move|p1a: Pecharunt|Shadow Ball|p2a: Zamazenta
|-end|p2a: Zamazenta|Substitute
|
|-heal|p2a: Zamazenta|81/100|[from] item: Leftovers
|upkeep
|turn|57
|
|t:|1781112070
|switch|p2a: Fezandipiti|Fezandipiti, M|36/100
|move|p1a: Pecharunt|Parting Shot|p2a: Fezandipiti
|-unboost|p2a: Fezandipiti|atk|1
|-unboost|p2a: Fezandipiti|spa|1
|
|t:|1781112076
|switch|p1a: Cinderace|Cinderace, M, shiny|73/100|[from] Parting Shot
|
|upkeep
|turn|58
|
|t:|1781112081
|switch|p2a: Zamazenta|Zamazenta|81/100
|move|p1a: Cinderace|Pyro Ball|p2a: Zamazenta
|-damage|p2a: Zamazenta|39/100
|
|-heal|p2a: Zamazenta|45/100|[from] item: Leftovers
|upkeep
|turn|59
|
|t:|1781112093
|move|p2a: Zamazenta|Crunch|p1a: Cinderace
|-damage|p1a: Cinderace|41/100
|move|p1a: Cinderace|Pyro Ball|p2a: Zamazenta
|-damage|p2a: Zamazenta|5/100
|
|-heal|p2a: Zamazenta|11/100|[from] item: Leftovers
|upkeep
|turn|60
|
|t:|1781112102
|move|p1a: Cinderace|Sucker Punch|p2a: Zamazenta
|-start|p1a: Cinderace|typechange|Dark|[from] ability: Libero
|-resisted|p2a: Zamazenta
|-damage|p2a: Zamazenta|0 fnt
|faint|p2a: Zamazenta
|
|upkeep
|
|t:|1781112111
|switch|p2a: Rillaboom|Rillaboom, M|100/100
|-fieldstart|move: Grassy Terrain|[from] ability: Grassy Surge|[of] p2a: Rillaboom
|turn|61
|
|t:|1781112126
|switch|p1a: Pecharunt|Pecharunt|66/100
|move|p2a: Rillaboom|Knock Off|p1a: Pecharunt
|-supereffective|p1a: Pecharunt
|-damage|p1a: Pecharunt|31/100
|
|-heal|p1a: Pecharunt|37/100|[from] Grassy Terrain
|upkeep
|turn|62
|
|t:|1781112139
|switch|p2a: Fezandipiti|Fezandipiti, M|36/100
|move|p1a: Pecharunt|Parting Shot|p2a: Fezandipiti
|-unboost|p2a: Fezandipiti|atk|1
|-unboost|p2a: Fezandipiti|spa|1
|
|t:|1781112141
|switch|p1a: Cinderace|Cinderace, M, shiny|41/100|[from] Parting Shot
|
|-heal|p1a: Cinderace|47/100|[from] Grassy Terrain
|-heal|p2a: Fezandipiti|42/100|[from] Grassy Terrain
|upkeep
|turn|63
|j| blackgokuking
|inactive|bingbong441 has 120 seconds left.
|
|t:|1781112172
|move|p1a: Cinderace|Pyro Ball|p2a: Fezandipiti
|-damage|p2a: Fezandipiti|0 fnt
|faint|p2a: Fezandipiti
|
|-heal|p1a: Cinderace|53/100|[from] Grassy Terrain
|upkeep
|
|t:|1781112174
|switch|p2a: Rillaboom|Rillaboom, M|100/100
|turn|64
|
|t:|1781112182
|move|p2a: Rillaboom|Grassy Glide|p1a: Cinderace
|-resisted|p1a: Cinderace
|-damage|p1a: Cinderace|9/100
|move|p1a: Cinderace|U-turn|p2a: Rillaboom
|-start|p1a: Cinderace|typechange|Bug|[from] ability: Libero
|-supereffective|p2a: Rillaboom
|-damage|p2a: Rillaboom|32/100
|
|t:|1781112190
|switch|p1a: Pecharunt|Pecharunt|37/100|[from] U-turn
|
|-heal|p2a: Rillaboom|38/100|[from] Grassy Terrain
|-heal|p1a: Pecharunt|44/100|[from] Grassy Terrain
|upkeep
|turn|65
|
|t:|1781112195
|switch|p2a: Hoopa|Hoopa-Unbound|60/100
|move|p1a: Pecharunt|Parting Shot|p2a: Hoopa
|-unboost|p2a: Hoopa|atk|1
|-unboost|p2a: Hoopa|spa|1
|
|t:|1781112196
|switch|p1a: Iron Valiant|Iron Valiant, shiny, tera:Fairy|81/100|[from] Parting Shot
|
|-heal|p1a: Iron Valiant|87/100|[from] Grassy Terrain
|-heal|p2a: Hoopa|66/100|[from] Grassy Terrain
|-fieldend|move: Grassy Terrain
|upkeep
|turn|66
|
|t:|1781112202
|move|p1a: Iron Valiant|Moonblast|p2a: Hoopa
|-supereffective|p2a: Hoopa
|-damage|p2a: Hoopa|0 fnt
|faint|p2a: Hoopa
|
|upkeep
|
|t:|1781112205
|switch|p2a: Rillaboom|Rillaboom, M|38/100
|-fieldstart|move: Grassy Terrain|[from] ability: Grassy Surge|[of] p2a: Rillaboom
|turn|67
|c|☆bingbong441|gg
|
|t:|1781112209
|move|p2a: Rillaboom|Grassy Glide|p1a: Iron Valiant
|-damage|p1a: Iron Valiant|11/100
|move|p1a: Iron Valiant|Moonblast|p2a: Rillaboom
|-damage|p2a: Rillaboom|0 fnt
|faint|p2a: Rillaboom
|
|win|mythiixx
|raw|mythiixx's rating: 1832 &rarr; <strong>1850</strong><br />(+18 for winning)
|raw|bingbong441's rating: 1803 &rarr; <strong>1785</strong><br />(-18 for losing)
|c|☆mythiixx|gg
|l|☆bingbong441
|player|p2|
|l|☆mythiixx
|player|p1|
|l| blackgokuking
