|j|☆KurisuChestnutOU
|j|☆elite four ozzy
|t:|1781129656
|gametype|singles
|player|p1|KurisuChestnutOU|may-contest|1563
|player|p2|elite four ozzy|2|1525
|gen|9
|tier|[Gen 9] OU
|rated|
|rule|HP Percentage Mod: HP is shown in percentages
|rule|Endless Battle Clause: Forcing endless battles is banned
|rule|Species Clause: Limit one of each Pokémon
|rule|OHKO Clause: OHKO moves are banned
|rule|Evasion Items Clause: Evasion items are banned
|rule|Evasion Moves Clause: Evasion moves are banned
|rule|Evasion Abilities Clause: Evasion abilities are banned
|rule|Sleep Moves Clause: Sleep-inducing moves are banned
|clearpoke
|poke|p1|Hawlucha, F|
|poke|p1|Samurott-Hisui, F|
|poke|p1|Rillaboom, F|
|poke|p1|Gholdengo|
|poke|p1|Kyurem|
|poke|p1|Landorus-Therian, M|
|poke|p2|Ting-Lu|
|poke|p2|Gliscor, F|
|poke|p2|Sinistcha-Masterpiece|
|poke|p2|Keldeo|
|poke|p2|Tinkaton, F|
|poke|p2|Dragonite, M|
|teampreview
|inactive|Battle timer is ON: inactive players will automatically lose when time's up. (requested by KurisuChestnutOU)
|inactive|elite four ozzy has 120 seconds left.
|inactive|elite four ozzy has 90 seconds left.
|
|t:|1781129748
|teamsize|p1|6
|teamsize|p2|6
|start
|switch|p1a: Rillaboom|Rillaboom, F|100/100
|switch|p2a: Tinkki Minaj|Tinkaton, F|100/100
|-ability|p2a: Tinkki Minaj|Mold Breaker
|-item|p2a: Tinkki Minaj|Air Balloon
|-fieldstart|move: Grassy Terrain|[from] ability: Grassy Surge|[of] p1a: Rillaboom
|turn|1
|inactive|elite four ozzy has 120 seconds left.
|
|t:|1781129772
|switch|p2a: Tchavis Scott|Sinistcha-Masterpiece|100/100
|move|p1a: Rillaboom|Swords Dance|p1a: Rillaboom
|-boost|p1a: Rillaboom|atk|2
|
|upkeep
|turn|2
|inactive|elite four ozzy has 120 seconds left.
|
|t:|1781129785
|-terastallize|p2a: Tchavis Scott|Poison
|move|p1a: Rillaboom|Swords Dance|p1a: Rillaboom
|-boost|p1a: Rillaboom|atk|2
|move|p2a: Tchavis Scott|Strength Sap|p1a: Rillaboom
|-unboost|p1a: Rillaboom|atk|1
|
|upkeep
|turn|3
|inactive|elite four ozzy has 120 seconds left.
|
|t:|1781129795
|move|p1a: Rillaboom|Swords Dance|p1a: Rillaboom
|-boost|p1a: Rillaboom|atk|2
|move|p2a: Tchavis Scott|Shadow Ball|p1a: Rillaboom
|-damage|p1a: Rillaboom|61/100
|
|-heal|p1a: Rillaboom|67/100|[from] Grassy Terrain
|upkeep
|turn|4
|inactive|elite four ozzy has 120 seconds left.
|
|t:|1781129816
|switch|p2a: Dance Armstrong|Gliscor, F|100/100
|move|p1a: Rillaboom|Knock Off|p2a: Dance Armstrong
|-damage|p2a: Dance Armstrong|0 fnt
|-enditem|p2a: Dance Armstrong|Toxic Orb|[from] move: Knock Off|[of] p1a: Rillaboom
|faint|p2a: Dance Armstrong
|
|-heal|p1a: Rillaboom|73/100|[from] Grassy Terrain
|upkeep
|
|t:|1781129819
|switch|p2a: Secret Service|Dragonite, M|100/100
|turn|5
|
|t:|1781129828
|move|p1a: Rillaboom|Knock Off|p2a: Secret Service
|-damage|p2a: Secret Service|44/100
|-enditem|p2a: Secret Service|Heavy-Duty Boots|[from] move: Knock Off|[of] p1a: Rillaboom
|move|p2a: Secret Service|Dragon Tail|p1a: Rillaboom
|-damage|p1a: Rillaboom|35/100
|drag|p1a: Hawlucha|Hawlucha, F|100/100
|-enditem|p1a: Hawlucha|Grassy Seed
|-boost|p1a: Hawlucha|def|1|[from] item: Grassy Seed
|
|-fieldend|move: Grassy Terrain
|upkeep
|turn|6
|inactive|elite four ozzy has 120 seconds left.
|
|t:|1781129841
|move|p1a: Hawlucha|Acrobatics|p2a: Secret Service
|-damage|p2a: Secret Service|0 fnt
|faint|p2a: Secret Service
|
|upkeep
|
|t:|1781129862
|switch|p2a: Tinkki Minaj|Tinkaton, F|100/100
|-ability|p2a: Tinkki Minaj|Mold Breaker
|-item|p2a: Tinkki Minaj|Air Balloon
|turn|7
|
|t:|1781129867
|move|p1a: Hawlucha|Swords Dance|p1a: Hawlucha
|-boost|p1a: Hawlucha|atk|2
|move|p2a: Tinkki Minaj|Thunder Wave|p1a: Hawlucha|[miss]
|-miss|p2a: Tinkki Minaj|p1a: Hawlucha
|
|upkeep
|turn|8
|
|t:|1781129874
|move|p1a: Hawlucha|Swords Dance|p1a: Hawlucha
|-boost|p1a: Hawlucha|atk|2
|move|p2a: Tinkki Minaj|Encore|p1a: Hawlucha
|-start|p1a: Hawlucha|Encore
|
|upkeep
|turn|9
|
|t:|1781129881
|switch|p1a: Gholdengo|Gholdengo|100/100
|move|p2a: Tinkki Minaj|Stealth Rock|p1a: Gholdengo
|-sidestart|p1: KurisuChestnutOU|move: Stealth Rock
|
|upkeep
|turn|10
|
|t:|1781129886
|switch|p2a: Jarhead|Ting-Lu|100/100
|-ability|p2a: Jarhead|Vessel of Ruin
|move|p1a: Gholdengo|Make It Rain|p2a: Jarhead
|-damage|p2a: Jarhead|72/100
|-unboost|p1a: Gholdengo|spa|1
|
|-heal|p2a: Jarhead|78/100|[from] item: Leftovers
|upkeep
|turn|11
|
|t:|1781129897
|switch|p1a: Hawlucha|Hawlucha, F|100/100
|-damage|p1a: Hawlucha|88/100|[from] Stealth Rock
|move|p2a: Jarhead|Spikes|p1a: Hawlucha
|-sidestart|p1: KurisuChestnutOU|Spikes
|
|-heal|p2a: Jarhead|84/100|[from] item: Leftovers
|upkeep
|turn|12
|inactive|elite four ozzy has 120 seconds left.
|inactive|elite four ozzy has 90 seconds left.
|
|t:|1781129959
|move|p1a: Hawlucha|Swords Dance|p1a: Hawlucha
|-boost|p1a: Hawlucha|atk|2
|move|p2a: Jarhead|Ruination|p1a: Hawlucha
|-damage|p1a: Hawlucha|44/100
|
|-heal|p2a: Jarhead|91/100|[from] item: Leftovers
|upkeep
|turn|13
|
|t:|1781129976
|move|p1a: Hawlucha|Acrobatics|p2a: Jarhead
|-damage|p2a: Jarhead|40/100
|move|p2a: Jarhead|Whirlwind|p1a: Hawlucha
|drag|p1a: Samurott|Samurott-Hisui, F|100/100
|-damage|p1a: Samurott|88/100|[from] Stealth Rock
|-damage|p1a: Samurott|76/100|[from] Spikes
|
|-heal|p2a: Jarhead|46/100|[from] item: Leftovers
|upkeep
|turn|14
|
|t:|1781129983
|switch|p2a: My Little Pwny|Keldeo|100/100
|move|p1a: Samurott|Flip Turn|p2a: My Little Pwny
|-resisted|p2a: My Little Pwny
|-damage|p2a: My Little Pwny|86/100
|
|t:|1781129989
|switch|p1a: Kyurem|Kyurem|100/100|[from] Flip Turn
|-damage|p1a: Kyurem|76/100|[from] Stealth Rock
|-damage|p1a: Kyurem|63/100|[from] Spikes
|-ability|p1a: Kyurem|Pressure
|
|upkeep
|turn|15
|inactive|elite four ozzy has 90 seconds left.
|
|t:|1781129995
|move|p2a: My Little Pwny|Aura Sphere|p1a: Kyurem
|-supereffective|p1a: Kyurem
|-damage|p1a: Kyurem|6/100
|move|p1a: Kyurem|Focus Blast|p2a: My Little Pwny
|-damage|p2a: My Little Pwny|40/100
|
|upkeep
|turn|16
|
|t:|1781130003
|move|p2a: My Little Pwny|Flip Turn|p1a: Kyurem
|-resisted|p1a: Kyurem
|-damage|p1a: Kyurem|0 fnt
|faint|p1a: Kyurem
|
|t:|1781130007
|switch|p2a: Jarhead|Ting-Lu|46/100|[from] Flip Turn
|-ability|p2a: Jarhead|Vessel of Ruin
|
|-heal|p2a: Jarhead|53/100|[from] item: Leftovers
|upkeep
|
|t:|1781130011
|switch|p1a: Hawlucha|Hawlucha, F|44/100
|-damage|p1a: Hawlucha|32/100|[from] Stealth Rock
|turn|17
|
|t:|1781130022
|move|p1a: Hawlucha|Roost|p1a: Hawlucha
|-heal|p1a: Hawlucha|82/100
|-singleturn|p1a: Hawlucha|move: Roost
|move|p2a: Jarhead|Whirlwind|p1a: Hawlucha
|drag|p1a: Gholdengo|Gholdengo|100/100
|-damage|p1a: Gholdengo|94/100|[from] Stealth Rock
|-damage|p1a: Gholdengo|82/100|[from] Spikes
|
|-heal|p2a: Jarhead|59/100|[from] item: Leftovers
|upkeep
|turn|18
|
|t:|1781130034
|switch|p1a: Hawlucha|Hawlucha, F|82/100
|-damage|p1a: Hawlucha|69/100|[from] Stealth Rock
|move|p2a: Jarhead|Ruination|p1a: Hawlucha|[miss]
|-miss|p2a: Jarhead|p1a: Hawlucha
|
|-heal|p2a: Jarhead|65/100|[from] item: Leftovers
|upkeep
|turn|19
|
|t:|1781130043
|move|p1a: Hawlucha|Low Kick|p2a: Jarhead
|-supereffective|p2a: Jarhead
|-damage|p2a: Jarhead|3/100
|move|p2a: Jarhead|Ruination|p1a: Hawlucha
|-damage|p1a: Hawlucha|35/100
|
|-heal|p2a: Jarhead|9/100|[from] item: Leftovers
|upkeep
|turn|20
|
|t:|1781130050
|move|p1a: Hawlucha|Acrobatics|p2a: Jarhead
|-crit|p2a: Jarhead
|-damage|p2a: Jarhead|0 fnt
|faint|p2a: Jarhead
|
|upkeep
|inactive|elite four ozzy has 90 seconds left.
|
|t:|1781130096
|switch|p2a: Tchavis Scott|Sinistcha-Masterpiece, tera:Poison|100/100
|turn|21
|
|t:|1781130113
|move|p1a: Hawlucha|Roost|p1a: Hawlucha
|-heal|p1a: Hawlucha|85/100
|-singleturn|p1a: Hawlucha|move: Roost
|move|p2a: Tchavis Scott|Strength Sap|p1a: Hawlucha
|-unboost|p1a: Hawlucha|atk|1
|
|upkeep
|turn|22
|
|t:|1781130117
|move|p1a: Hawlucha|Swords Dance|p1a: Hawlucha
|-boost|p1a: Hawlucha|atk|2
|move|p2a: Tchavis Scott|Calm Mind|p2a: Tchavis Scott
|-boost|p2a: Tchavis Scott|spa|1
|-boost|p2a: Tchavis Scott|spd|1
|
|upkeep
|turn|23
|
|t:|1781130129
|move|p1a: Hawlucha|Swords Dance|p1a: Hawlucha
|-boost|p1a: Hawlucha|atk|2
|move|p2a: Tchavis Scott|Shadow Ball|p1a: Hawlucha
|-damage|p1a: Hawlucha|15/100
|
|upkeep
|turn|24
|
|t:|1781130152
|move|p1a: Hawlucha|Acrobatics|p2a: Tchavis Scott
|-damage|p2a: Tchavis Scott|22/100
|move|p2a: Tchavis Scott|Shadow Ball|p1a: Hawlucha
|-damage|p1a: Hawlucha|0 fnt
|faint|p1a: Hawlucha
|
|upkeep
|
|t:|1781130158
|switch|p1a: Gholdengo|Gholdengo|82/100
|-damage|p1a: Gholdengo|76/100|[from] Stealth Rock
|-damage|p1a: Gholdengo|64/100|[from] Spikes
|turn|25
|
|t:|1781130173
|switch|p2a: Tinkki Minaj|Tinkaton, F|100/100
|-ability|p2a: Tinkki Minaj|Mold Breaker
|-item|p2a: Tinkki Minaj|Air Balloon
|move|p1a: Gholdengo|Shadow Ball|p2a: Tinkki Minaj
|-damage|p2a: Tinkki Minaj|63/100
|-enditem|p2a: Tinkki Minaj|Air Balloon
|
|upkeep
|turn|26
|
|t:|1781130183
|move|p1a: Gholdengo|Shadow Ball|p2a: Tinkki Minaj
|-damage|p2a: Tinkki Minaj|26/100
|move|p2a: Tinkki Minaj|Gigaton Hammer|p1a: Gholdengo
|-resisted|p1a: Gholdengo
|-damage|p1a: Gholdengo|37/100
|
|upkeep
|turn|27
|
|t:|1781130201
|move|p1a: Gholdengo|Shadow Ball|p2a: Tinkki Minaj
|-damage|p2a: Tinkki Minaj|0 fnt
|faint|p2a: Tinkki Minaj
|
|upkeep
|
|t:|1781130204
|switch|p2a: My Little Pwny|Keldeo|40/100
|turn|28
|
|t:|1781130207
|move|p1a: Gholdengo|Shadow Ball|p2a: My Little Pwny
|-damage|p2a: My Little Pwny|0 fnt
|faint|p2a: My Little Pwny
|
|upkeep
|
|t:|1781130212
|switch|p2a: Tchavis Scott|Sinistcha-Masterpiece, tera:Poison|22/100
|turn|29
|inactive|elite four ozzy has 90 seconds left.
|
|t:|1781130221
|move|p1a: Gholdengo|Shadow Ball|p2a: Tchavis Scott
|-damage|p2a: Tchavis Scott|0 fnt
|faint|p2a: Tchavis Scott
|
|win|KurisuChestnutOU
|raw|KurisuChestnutOU's rating: 1520 &rarr; <strong>1540</strong><br />(+20 for winning)
|raw|elite four ozzy's rating: 1525 &rarr; <strong>1505</strong><br />(-20 for losing)
