|j|☆The real kurt tay
|j|☆zippitytippity
|t:|1781071176
|gametype|singles
|player|p1|The real kurt tay|265|1647
|player|p2|zippitytippity|cynthia-masters4|1599
|gen|9
|tier|[Gen 9] OU
|rated|
|rule|HP Percentage Mod: HP is shown in percentages
|rule|Endless Battle Clause: Forcing endless battles is banned
|rule|Species Clause: Limit one of each Pokémon
|rule|OHKO Clause: OHKO moves are banned
|rule|Evasion Items Clause: Evasion items are banned
|rule|Evasion Moves Clause: Evasion moves are banned
|rule|Evasion Abilities Clause: Evasion abilities are banned
|rule|Sleep Moves Clause: Sleep-inducing moves are banned
|clearpoke
|poke|p1|Gholdengo|
|poke|p1|Landorus-Therian, M|
|poke|p1|Kingambit, F|
|poke|p1|Cinderace, M|
|poke|p1|Kyurem|
|poke|p1|Deoxys-Speed|
|poke|p2|Ursaluna, M|
|poke|p2|Cresselia, F|
|poke|p2|Iron Valiant|
|poke|p2|Hatterene, F|
|poke|p2|Keldeo-Resolute|
|poke|p2|Ogerpon, F|
|teampreview
|
|t:|1781071182
|teamsize|p1|6
|teamsize|p2|6
|start
|switch|p1a: Cinderace|Cinderace, M|100/100
|switch|p2a: Ogerpon|Ogerpon, F|100/100
|turn|1
|
|t:|1781071186
|switch|p2a: Keldeo|Keldeo-Resolute|100/100
|move|p1a: Cinderace|U-turn|p2a: Keldeo
|-start|p1a: Cinderace|typechange|Bug|[from] ability: Libero
|-resisted|p2a: Keldeo
|-damage|p2a: Keldeo|82/100
|
|t:|1781071189
|switch|p1a: Kyurem|Kyurem|100/100|[from] U-turn
|-ability|p1a: Kyurem|Pressure
|
|upkeep
|turn|2
|
|t:|1781071192
|switch|p1a: Gholdengo|Gholdengo|100/100
|move|p2a: Keldeo|Secret Sword|p1a: Gholdengo
|-immune|p1a: Gholdengo
|
|upkeep
|turn|3
|
|t:|1781071197
|switch|p2a: Ursaluna|Ursaluna, M, shiny|100/100
|move|p1a: Gholdengo|Shadow Ball|p2a: Ursaluna
|-immune|p2a: Ursaluna
|
|-status|p2a: Ursaluna|brn|[from] item: Flame Orb
|upkeep
|turn|4
|
|t:|1781071198
|switch|p1a: Landorus|Landorus-Therian, M|100/100
|-ability|p1a: Landorus|Intimidate|boost
|-unboost|p2a: Ursaluna|atk|1
|move|p2a: Ursaluna|Ice Punch|p1a: Landorus
|-supereffective|p1a: Landorus
|-damage|p1a: Landorus|0 fnt
|-damage|p2a: Ursaluna|84/100 brn|[from] item: Rocky Helmet|[of] p1a: Landorus
|faint|p1a: Landorus
|
|-damage|p2a: Ursaluna|78/100 brn|[from] brn
|upkeep
|inactive|Battle timer is ON: inactive players will automatically lose when time's up. (requested by zippitytippity)
|
|t:|1781071209
|switch|p1a: Deoxys|Deoxys-Speed|100/100
|-ability|p1a: Deoxys|Pressure
|turn|5
|
|t:|1781071211
|switch|p2a: Hatterene|Hatterene, F, shiny|100/100
|move|p1a: Deoxys|Focus Blast|p2a: Hatterene|[miss]
|-miss|p1a: Deoxys|p2a: Hatterene
|
|upkeep
|turn|6
|
|t:|1781071217
|switch|p1a: Cinderace|Cinderace, M|100/100
|move|p2a: Hatterene|Trick Room|p2a: Hatterene
|-fieldstart|move: Trick Room|[of] p2a: Hatterene
|
|upkeep
|turn|7
|
|t:|1781071221
|move|p2a: Hatterene|Psychic Noise|p1a: Cinderace
|-damage|p1a: Cinderace|32/100
|-start|p1a: Cinderace|move: Heal Block
|move|p1a: Cinderace|Gunk Shot|p2a: Hatterene|[miss]
|-start|p1a: Cinderace|typechange|Poison|[from] ability: Libero
|-miss|p1a: Cinderace|p2a: Hatterene
|
|upkeep
|turn|8
|c|☆zippitytippity|unfort misses
|
|t:|1781071240
|move|p2a: Hatterene|Dazzling Gleam|p1a: Cinderace
|-resisted|p1a: Cinderace
|-damage|p1a: Cinderace|0 fnt
|faint|p1a: Cinderace
|
|upkeep
|
|t:|1781071251
|switch|p1a: Kingambit|Kingambit, F|100/100
|-activate|p1a: Kingambit|ability: Supreme Overlord
|-start|p1a: Kingambit|fallen2|[silent]
|-item|p1a: Kingambit|Air Balloon
|turn|9
|
|t:|1781071253
|move|p2a: Hatterene|Dazzling Gleam|p1a: Kingambit
|-damage|p1a: Kingambit|51/100
|-enditem|p1a: Kingambit|Air Balloon
|move|p1a: Kingambit|Iron Head|p2a: Hatterene
|-supereffective|p2a: Hatterene
|-enditem|p2a: Hatterene|Focus Sash
|-damage|p2a: Hatterene|1/100
|
|upkeep
|turn|10
|
|t:|1781071258
|move|p2a: Hatterene|Healing Wish|p2a: Hatterene
|faint|p2a: Hatterene
|move|p1a: Kingambit|Iron Head|p2: Hatterene|[notarget]
|-fail|p1a: Kingambit
|
|-fieldend|move: Trick Room
|upkeep
|
|t:|1781071264
|switch|p2a: Ogerpon|Ogerpon, F|100/100
|turn|11
|
|t:|1781071276
|move|p2a: Ogerpon|Superpower|p1a: Kingambit
|-supereffective|p1a: Kingambit
|-damage|p1a: Kingambit|0 fnt
|-unboost|p2a: Ogerpon|atk|1
|-unboost|p2a: Ogerpon|def|1
|faint|p1a: Kingambit
|-end|p1a: Kingambit|fallen2|[silent]
|
|upkeep
|
|t:|1781071281
|switch|p1a: Kyurem|Kyurem|100/100
|-ability|p1a: Kyurem|Pressure
|turn|12
|
|t:|1781071285
|switch|p2a: Cresselia|Cresselia, F, shiny|100/100
|move|p1a: Kyurem|Freeze-Dry|p2a: Cresselia
|-damage|p2a: Cresselia|77/100
|
|upkeep
|turn|13
|
|t:|1781071294
|move|p1a: Kyurem|Ice Beam|p2a: Cresselia
|-damage|p2a: Cresselia|46/100
|move|p2a: Cresselia|Psychic|p1a: Kyurem
|-damage|p1a: Kyurem|88/100
|
|upkeep
|turn|14
|
|t:|1781071298
|move|p1a: Kyurem|Ice Beam|p2a: Cresselia
|-damage|p2a: Cresselia|17/100
|-status|p2a: Cresselia|frz
|cant|p2a: Cresselia|frz
|
|upkeep
|turn|15
|
|t:|1781071304
|switch|p2a: Keldeo|Keldeo-Resolute|82/100
|-heal|p2a: Keldeo|100/100|[from] move: Healing Wish
|move|p1a: Kyurem|Ice Beam|p2a: Keldeo
|-resisted|p2a: Keldeo
|-damage|p2a: Keldeo|70/100
|-status|p2a: Keldeo|frz
|
|upkeep
|turn|16
|
|t:|1781071306
|switch|p2a: Cresselia|Cresselia, F, shiny|17/100 frz
|move|p1a: Kyurem|Freeze-Dry|p2a: Cresselia
|-damage|p2a: Cresselia|0 fnt
|faint|p2a: Cresselia
|
|upkeep
|
|t:|1781071310
|switch|p2a: Iron Valiant|Iron Valiant|100/100
|-enditem|p2a: Iron Valiant|Booster Energy
|-activate|p2a: Iron Valiant|ability: Quark Drive|[fromitem]
|-start|p2a: Iron Valiant|quarkdrivespe
|turn|17
|
|t:|1781071313
|move|p2a: Iron Valiant|Moonblast|p1a: Kyurem
|-supereffective|p1a: Kyurem
|-damage|p1a: Kyurem|40/100
|move|p1a: Kyurem|Ice Beam|p2a: Iron Valiant
|-damage|p2a: Iron Valiant|0 fnt
|faint|p2a: Iron Valiant
|-end|p2a: Iron Valiant|Quark Drive|[silent]
|
|upkeep
|
|t:|1781071317
|switch|p2a: Ogerpon|Ogerpon, F|100/100
|turn|18
|
|t:|1781071332
|-terastallize|p1a: Kyurem|Fairy
|move|p2a: Ogerpon|U-turn|p1a: Kyurem
|-resisted|p1a: Kyurem
|-damage|p1a: Kyurem|24/100
|
|t:|1781071335
|switch|p2a: Keldeo|Keldeo-Resolute|70/100 frz|[from] U-turn
|move|p1a: Kyurem|Ice Beam|p2a: Keldeo
|-resisted|p2a: Keldeo
|-crit|p2a: Keldeo
|-damage|p2a: Keldeo|22/100 frz
|
|upkeep
|turn|19
|
|t:|1781071340
|cant|p2a: Keldeo|frz
|move|p1a: Kyurem|Ice Beam|p2a: Keldeo
|-resisted|p2a: Keldeo
|-damage|p2a: Keldeo|0 fnt
|faint|p2a: Keldeo
|
|upkeep
|
|t:|1781071343
|switch|p2a: Ogerpon|Ogerpon, F|100/100
|turn|20
|
|t:|1781071348
|-terastallize|p2a: Ogerpon|Grass
|detailschange|p2a: Ogerpon|Ogerpon-Teal-Tera, F, tera:Grass
|-ability|p2a: Ogerpon|Embody Aspect (Teal)|boost
|-boost|p2a: Ogerpon|spe|1
|move|p2a: Ogerpon|Ivy Cudgel|p1a: Kyurem
|-damage|p1a: Kyurem|0 fnt
|faint|p1a: Kyurem
|
|upkeep
|
|t:|1781071355
|switch|p1a: Gholdengo|Gholdengo|100/100
|turn|21
|
|t:|1781071362
|switch|p1a: Deoxys|Deoxys-Speed|100/100
|-ability|p1a: Deoxys|Pressure
|move|p2a: Ogerpon|Ivy Cudgel|p1a: Deoxys
|-crit|p1a: Deoxys
|-damage|p1a: Deoxys|0 fnt
|faint|p1a: Deoxys
|
|upkeep
|
|t:|1781071364
|switch|p1a: Gholdengo|Gholdengo|100/100
|turn|22
|
|t:|1781071366
|move|p2a: Ogerpon|Ivy Cudgel|p1a: Gholdengo
|-resisted|p1a: Gholdengo
|-damage|p1a: Gholdengo|46/100
|move|p1a: Gholdengo|Trick|p2a: Ogerpon
|-activate|p1a: Gholdengo|move: Trick|[of] p2a: Ogerpon
|-item|p2a: Ogerpon|Choice Scarf|[from] move: Trick
|-item|p1a: Gholdengo|Choice Band|[from] move: Trick
|
|upkeep
|turn|23
|-message|The real kurt tay forfeited.
|
|win|zippitytippity
|raw|The real kurt tay's rating: 1647 &rarr; <strong>1624</strong><br />(-23 for losing)
|raw|zippitytippity's rating: 1599 &rarr; <strong>1622</strong><br />(+23 for winning)
|l|☆zippitytippity
|player|p2|
