|j|☆Snurke
|j|‽LT_Alt1
|t:|1781070085
|gametype|singles
|player|p1|Snurke|265|1544
|player|p2|LT_Alt1|265|1653
|gen|9
|tier|[Gen 9] OU
|rated|
|rule|HP Percentage Mod: HP is shown in percentages
|rule|Endless Battle Clause: Forcing endless battles is banned
|rule|Species Clause: Limit one of each Pokémon
|rule|OHKO Clause: OHKO moves are banned
|rule|Evasion Items Clause: Evasion items are banned
|rule|Evasion Moves Clause: Evasion moves are banned
|rule|Evasion Abilities Clause: Evasion abilities are banned
|rule|Sleep Moves Clause: Sleep-inducing moves are banned
|clearpoke
|poke|p1|Cinderace, M|
|poke|p1|Torkoal, M|
|poke|p1|Walking Wake|
|poke|p1|Ribombee, F|
|poke|p1|Raging Bolt|
|poke|p1|Great Tusk|
|poke|p2|Darkrai|
|poke|p2|Slowking-Galar, F|
|poke|p2|Gholdengo|
|poke|p2|Iron Treads|
|poke|p2|Raging Bolt|
|poke|p2|Gliscor, M|
|teampreview
|
|t:|1781070105
|teamsize|p1|6
|teamsize|p2|6
|start
|switch|p1a: Torkoal|Torkoal, M, shiny|100/100
|switch|p2a: Gholdengo|Gholdengo|100/100
|-weather|SunnyDay|[from] ability: Drought|[of] p1a: Torkoal
|turn|1
|
|t:|1781070113
|switch|p2a: Slowking|Slowking-Galar, F|100/100
|move|p1a: Torkoal|Lava Plume|p2a: Slowking
|-crit|p2a: Slowking
|-damage|p2a: Slowking|53/100
|
|-weather|SunnyDay|[upkeep]
|-heal|p2a: Slowking|59/100|[from] item: Leftovers
|upkeep
|turn|2
|
|t:|1781070118
|-prepare|p2a: Slowking|Chilly Reception|[premajor]
|move|p2a: Slowking|Chilly Reception|p2a: Slowking
|-weather|Snowscape
|inactive|Battle timer is ON: inactive players will automatically lose when time's up. (requested by Snurke)
|
|t:|1781070122
|switch|p2a: Gliscor|Gliscor, M|100/100|[from] Chilly Reception
|move|p1a: Torkoal|Stealth Rock|p2a: Gliscor
|-sidestart|p2: LT_Alt1|move: Stealth Rock
|
|-weather|Snowscape|[upkeep]
|-status|p2a: Gliscor|tox|[from] item: Toxic Orb
|upkeep
|turn|3
|
|t:|1781070144
|switch|p1a: Great Tusk|Great Tusk|100/100
|move|p2a: Gliscor|Spikes|p1a: Great Tusk
|-sidestart|p1: Snurke|Spikes
|
|-weather|Snowscape|[upkeep]
|upkeep
|turn|4
|
|t:|1781070161
|move|p1a: Great Tusk|Rapid Spin|p2a: Gliscor
|-damage|p2a: Gliscor|87/100 tox
|-boost|p1a: Great Tusk|spe|1
|-sideend|p1: Snurke|Spikes|[from] move: Rapid Spin|[of] p1a: Great Tusk
|move|p2a: Gliscor|Toxic|p1a: Great Tusk
|-status|p1a: Great Tusk|tox
|
|-weather|Snowscape|[upkeep]
|-damage|p1a: Great Tusk|94/100 tox|[from] psn
|-heal|p2a: Gliscor|99/100 tox|[from] ability: Poison Heal
|upkeep
|turn|5
|
|t:|1781070167
|move|p2a: Gliscor|Protect|p2a: Gliscor
|-singleturn|p2a: Gliscor|Protect
|move|p1a: Great Tusk|Ice Spinner|p2a: Gliscor
|-activate|p2a: Gliscor|move: Protect
|
|-weather|Snowscape|[upkeep]
|-damage|p1a: Great Tusk|82/100 tox|[from] psn
|-heal|p2a: Gliscor|100/100 tox|[from] ability: Poison Heal
|upkeep
|turn|6
|
|t:|1781070173
|-end|p1a: Great Tusk|Protosynthesis|[silent]
|switch|p1a: Torkoal|Torkoal, M, shiny|100/100
|-weather|SunnyDay|[from] ability: Drought|[of] p1a: Torkoal
|move|p2a: Gliscor|Spikes|p1a: Torkoal
|-sidestart|p1: Snurke|Spikes
|
|-weather|SunnyDay|[upkeep]
|upkeep
|turn|7
|
|t:|1781070182
|move|p2a: Gliscor|Toxic|p1a: Torkoal
|-status|p1a: Torkoal|tox
|move|p1a: Torkoal|Rapid Spin|p2a: Gliscor
|-damage|p2a: Gliscor|93/100 tox
|-boost|p1a: Torkoal|spe|1
|-sideend|p1: Snurke|Spikes|[from] move: Rapid Spin|[of] p1a: Torkoal
|
|-weather|SunnyDay|[upkeep]
|-heal|p2a: Gliscor|100/100 tox|[from] ability: Poison Heal
|-damage|p1a: Torkoal|94/100 tox|[from] psn
|upkeep
|turn|8
|
|t:|1781070185
|switch|p1a: Walking Wake|Walking Wake|100/100
|-activate|p1a: Walking Wake|ability: Protosynthesis
|-start|p1a: Walking Wake|protosynthesisspe
|move|p2a: Gliscor|Spikes|p1a: Walking Wake
|-sidestart|p1: Snurke|Spikes
|
|-weather|SunnyDay|[upkeep]
|upkeep
|turn|9
|
|t:|1781070191
|move|p2a: Gliscor|Protect|p2a: Gliscor
|-singleturn|p2a: Gliscor|Protect
|move|p1a: Walking Wake|Hydro Steam|p2a: Gliscor
|-activate|p2a: Gliscor|move: Protect
|
|-weather|SunnyDay|[upkeep]
|upkeep
|turn|10
|
|t:|1781070196
|-terastallize|p2a: Gliscor|Water
|move|p1a: Walking Wake|Hydro Steam|p2a: Gliscor
|-resisted|p2a: Gliscor
|-damage|p2a: Gliscor|63/100 tox
|move|p2a: Gliscor|Toxic|p1a: Walking Wake
|-status|p1a: Walking Wake|tox
|
|-weather|SunnyDay|[upkeep]
|-damage|p1a: Walking Wake|94/100 tox|[from] psn
|-heal|p2a: Gliscor|75/100 tox|[from] ability: Poison Heal
|upkeep
|turn|11
|
|t:|1781070204
|-end|p1a: Walking Wake|Protosynthesis|[silent]
|switch|p1a: Ribombee|Ribombee, F, shiny|100/100
|-damage|p1a: Ribombee|88/100|[from] Spikes
|move|p2a: Gliscor|Toxic|p1a: Ribombee|[miss]
|-miss|p2a: Gliscor|p1a: Ribombee
|
|-weather|SunnyDay|[upkeep]
|-heal|p2a: Gliscor|88/100 tox|[from] ability: Poison Heal
|upkeep
|turn|12
|
|t:|1781070208
|move|p1a: Ribombee|Substitute|p1a: Ribombee
|-start|p1a: Ribombee|Substitute
|-damage|p1a: Ribombee|63/100
|move|p2a: Gliscor|Toxic||[still]
|-fail|p2a: Gliscor
|
|-weather|SunnyDay|[upkeep]
|-heal|p2a: Gliscor|99/100 tox|[from] ability: Poison Heal
|upkeep
|turn|13
|
|t:|1781070212
|move|p1a: Ribombee|Quiver Dance|p1a: Ribombee
|-boost|p1a: Ribombee|spa|1
|-boost|p1a: Ribombee|spd|1
|-boost|p1a: Ribombee|spe|1
|move|p2a: Gliscor|Spikes|p1a: Ribombee
|-sidestart|p1: Snurke|Spikes
|
|-weather|none
|-heal|p2a: Gliscor|100/100 tox|[from] ability: Poison Heal
|upkeep
|turn|14
|
|t:|1781070223
|switch|p2a: Gholdengo|Gholdengo|100/100
|-damage|p2a: Gholdengo|94/100|[from] Stealth Rock
|move|p1a: Ribombee|Quiver Dance|p1a: Ribombee
|-boost|p1a: Ribombee|spa|1
|-boost|p1a: Ribombee|spd|1
|-boost|p1a: Ribombee|spe|1
|
|upkeep
|turn|15
|
|t:|1781070228
|move|p1a: Ribombee|Stored Power|p2a: Gholdengo
|-resisted|p2a: Gholdengo
|-damage|p2a: Gholdengo|59/100
|move|p2a: Gholdengo|Make It Rain|p1a: Ribombee
|-supereffective|p1a: Ribombee
|-end|p1a: Ribombee|Substitute
|-unboost|p2a: Gholdengo|spa|1
|
|upkeep
|turn|16
|
|t:|1781070235
|move|p1a: Ribombee|Substitute|p1a: Ribombee
|-start|p1a: Ribombee|Substitute
|-damage|p1a: Ribombee|39/100
|move|p2a: Gholdengo|Make It Rain|p1a: Ribombee
|-supereffective|p1a: Ribombee
|-end|p1a: Ribombee|Substitute
|-unboost|p2a: Gholdengo|spa|1
|
|upkeep
|turn|17
|
|t:|1781070242
|move|p1a: Ribombee|Substitute|p1a: Ribombee
|-start|p1a: Ribombee|Substitute
|-damage|p1a: Ribombee|14/100
|move|p2a: Gholdengo|Make It Rain|p1a: Ribombee
|-supereffective|p1a: Ribombee
|-end|p1a: Ribombee|Substitute
|-unboost|p2a: Gholdengo|spa|1
|
|upkeep
|turn|18
|
|t:|1781070251
|switch|p1a: Torkoal|Torkoal, M, shiny|94/100 tox
|-damage|p1a: Torkoal|78/100 tox|[from] Spikes
|-weather|SunnyDay|[from] ability: Drought|[of] p1a: Torkoal
|move|p2a: Gholdengo|Make It Rain|p1a: Torkoal
|-resisted|p1a: Torkoal
|-damage|p1a: Torkoal|62/100 tox
|-unboost|p2a: Gholdengo|spa|1
|
|-weather|SunnyDay|[upkeep]
|-damage|p1a: Torkoal|56/100 tox|[from] psn
|upkeep
|turn|19
|
|t:|1781070257
|move|p2a: Gholdengo|Make It Rain|p1a: Torkoal
|-resisted|p1a: Torkoal
|-damage|p1a: Torkoal|42/100 tox
|-unboost|p2a: Gholdengo|spa|1
|move|p1a: Torkoal|Rapid Spin|p2a: Gholdengo
|-immune|p2a: Gholdengo
|
|-weather|SunnyDay|[upkeep]
|-damage|p1a: Torkoal|30/100 tox|[from] psn
|upkeep
|turn|20
|
|t:|1781070260
|move|p2a: Gholdengo|Make It Rain|p1a: Torkoal
|-resisted|p1a: Torkoal
|-damage|p1a: Torkoal|18/100 tox
|-unboost|p2a: Gholdengo|spa|1
|move|p1a: Torkoal|Lava Plume|p2a: Gholdengo
|-supereffective|p2a: Gholdengo
|-damage|p2a: Gholdengo|0 fnt
|faint|p2a: Gholdengo
|
|-weather|SunnyDay|[upkeep]
|-damage|p1a: Torkoal|0 fnt|[from] psn
|faint|p1a: Torkoal
|upkeep
|
|t:|1781070271
|switch|p2a: Gliscor|Gliscor, M, tera:Water|100/100 tox
|switch|p1a: Walking Wake|Walking Wake|94/100 tox
|-damage|p1a: Walking Wake|78/100 tox|[from] Spikes
|-damage|p2a: Gliscor|88/100 tox|[from] Stealth Rock
|-activate|p1a: Walking Wake|ability: Protosynthesis
|-start|p1a: Walking Wake|protosynthesisspe
|turn|21
|
|t:|1781070274
|move|p2a: Gliscor|Protect|p2a: Gliscor
|-singleturn|p2a: Gliscor|Protect
|move|p1a: Walking Wake|Draco Meteor|p2a: Gliscor
|-activate|p2a: Gliscor|move: Protect
|
|-weather|SunnyDay|[upkeep]
|-damage|p1a: Walking Wake|72/100 tox|[from] psn
|-heal|p2a: Gliscor|100/100 tox|[from] ability: Poison Heal
|upkeep
|turn|22
|
|t:|1781070285
|switch|p2a: Slowking|Slowking-Galar, F|92/100
|-damage|p2a: Slowking|80/100|[from] Stealth Rock
|move|p1a: Walking Wake|Draco Meteor|p2a: Slowking
|-damage|p2a: Slowking|13/100
|-unboost|p1a: Walking Wake|spa|2
|
|-weather|SunnyDay|[upkeep]
|-heal|p2a: Slowking|19/100|[from] item: Leftovers
|-damage|p1a: Walking Wake|59/100 tox|[from] psn
|upkeep
|turn|23
|
|t:|1781070294
|switch|p2a: Gliscor|Gliscor, M, tera:Water|100/100 tox
|-damage|p2a: Gliscor|88/100 tox|[from] Stealth Rock
|move|p1a: Walking Wake|Draco Meteor|p2a: Gliscor
|-damage|p2a: Gliscor|47/100 tox
|-unboost|p1a: Walking Wake|spa|2
|
|-weather|SunnyDay|[upkeep]
|-damage|p1a: Walking Wake|41/100 tox|[from] psn
|-heal|p2a: Gliscor|60/100 tox|[from] ability: Poison Heal
|upkeep
|turn|24
|
|t:|1781070307
|-end|p1a: Walking Wake|Protosynthesis|[silent]
|switch|p1a: Raging Bolt|Raging Bolt|100/100
|-damage|p1a: Raging Bolt|84/100|[from] Spikes
|-activate|p1a: Raging Bolt|ability: Protosynthesis
|-start|p1a: Raging Bolt|protosynthesisspa
|move|p2a: Gliscor|Toxic|p1a: Raging Bolt
|-status|p1a: Raging Bolt|tox
|
|-weather|SunnyDay|[upkeep]
|-heal|p2a: Gliscor|72/100 tox|[from] ability: Poison Heal
|-damage|p1a: Raging Bolt|78/100 tox|[from] psn
|upkeep
|turn|25
|
|t:|1781070313
|move|p2a: Gliscor|Protect|p2a: Gliscor
|-singleturn|p2a: Gliscor|Protect
|move|p1a: Raging Bolt|Volt Switch|p2a: Gliscor
|-activate|p2a: Gliscor|move: Protect
|
|-weather|none
|-end|p1a: Raging Bolt|Protosynthesis
|-heal|p2a: Gliscor|84/100 tox|[from] ability: Poison Heal
|-damage|p1a: Raging Bolt|65/100 tox|[from] psn
|upkeep
|turn|26
|
|t:|1781070318
|switch|p2a: Iron Treads|Iron Treads|100/100
|move|p1a: Raging Bolt|Volt Switch|p2a: Iron Treads
|-immune|p2a: Iron Treads
|
|-damage|p1a: Raging Bolt|47/100 tox|[from] psn
|upkeep
|turn|27
|
|t:|1781070321
|-end|p1a: Raging Bolt|Protosynthesis|[silent]
|switch|p1a: Great Tusk|Great Tusk|82/100 tox
|-damage|p1a: Great Tusk|65/100 tox|[from] Spikes
|move|p2a: Iron Treads|Rapid Spin|p1a: Great Tusk
|-damage|p1a: Great Tusk|56/100 tox
|-boost|p2a: Iron Treads|spe|1
|-damage|p2a: Iron Treads|84/100|[from] item: Rocky Helmet|[of] p1a: Great Tusk
|-sideend|p2: LT_Alt1|Stealth Rock|[from] move: Rapid Spin|[of] p2a: Iron Treads
|
|-damage|p1a: Great Tusk|50/100 tox|[from] psn
|upkeep
|turn|28
|
|t:|1781070325
|move|p2a: Iron Treads|Earthquake|p1a: Great Tusk
|-damage|p1a: Great Tusk|22/100 tox
|move|p1a: Great Tusk|Rapid Spin|p2a: Iron Treads
|-resisted|p2a: Iron Treads
|-damage|p2a: Iron Treads|78/100
|-boost|p1a: Great Tusk|spe|1
|-sideend|p1: Snurke|Spikes|[from] move: Rapid Spin|[of] p1a: Great Tusk
|
|-damage|p1a: Great Tusk|10/100 tox|[from] psn
|upkeep
|turn|29
|
|t:|1781070339
|-end|p1a: Great Tusk|Protosynthesis|[silent]
|switch|p1a: Ribombee|Ribombee, F, shiny|14/100
|move|p2a: Iron Treads|Earthquake|p1a: Ribombee
|-resisted|p1a: Ribombee
|-damage|p1a: Ribombee|0 fnt
|faint|p1a: Ribombee
|
|upkeep
|
|t:|1781070346
|switch|p1a: Walking Wake|Walking Wake|41/100 tox
|turn|30
|
|t:|1781070354
|move|p2a: Iron Treads|Earthquake|p1a: Walking Wake
|-damage|p1a: Walking Wake|0 fnt
|faint|p1a: Walking Wake
|-end|p1a: Walking Wake|Protosynthesis|[silent]
|
|upkeep
|
|t:|1781070360
|switch|p1a: Raging Bolt|Raging Bolt|47/100 tox
|turn|31
|-message|Snurke forfeited.
|
|win|LT_Alt1
|raw|Snurke's rating: 1544 &rarr; <strong>1530</strong><br />(-14 for losing)
|raw|LT_Alt1's rating: 1653 &rarr; <strong>1667</strong><br />(+14 for winning)
|l|☆Snurke
|player|p1|
