|j|☆altyWIN
|j|‽LT_Alt1
|t:|1781411161
|gametype|singles
|player|p1|altyWIN|backpacker|1632
|player|p2|LT_Alt1|170|1686
|gen|9
|tier|[Gen 9] OU
|rated|
|rule|HP Percentage Mod: HP is shown in percentages
|rule|Endless Battle Clause: Forcing endless battles is banned
|rule|Species Clause: Limit one of each Pokémon
|rule|OHKO Clause: OHKO moves are banned
|rule|Evasion Items Clause: Evasion items are banned
|rule|Evasion Moves Clause: Evasion moves are banned
|rule|Evasion Abilities Clause: Evasion abilities are banned
|rule|Sleep Moves Clause: Sleep-inducing moves are banned
|clearpoke
|poke|p1|Excadrill, F|
|poke|p1|Tyranitar, F|
|poke|p1|Hydrapple, F|
|poke|p1|Alomomola, L99, F|
|poke|p1|Hatterene, F|
|poke|p1|Zapdos|
|poke|p2|Kyurem|
|poke|p2|Raging Bolt|
|poke|p2|Hatterene, F|
|poke|p2|Slowking-Galar, M|
|poke|p2|Ting-Lu|
|poke|p2|Corviknight, F|
|teampreview
|c|☆altyWIN|good luck
|inactive|Battle timer is ON: inactive players will automatically lose when time's up. (requested by altyWIN)
|
|t:|1781411182
|teamsize|p1|6
|teamsize|p2|6
|start
|switch|p1a: Kim K|Hatterene, F|100/100
|switch|p2a: Ting-Lu|Ting-Lu|100/100
|-ability|p2a: Ting-Lu|Vessel of Ruin
|turn|1
|
|t:|1781411194
|move|p2a: Ting-Lu|Ruination|p1a: Kim K
|-damage|p1a: Kim K|50/100
|move|p1a: Kim K|Draining Kiss|p2a: Ting-Lu
|-supereffective|p2a: Ting-Lu
|-damage|p2a: Ting-Lu|79/100
|-heal|p1a: Kim K|76/100|[from] drain|[of] p2a: Ting-Lu
|
|-heal|p2a: Ting-Lu|86/100|[from] item: Leftovers
|upkeep
|turn|2
|
|t:|1781411199
|switch|p2a: Slowking|Slowking-Galar, M|100/100
|move|p1a: Kim K|Draining Kiss|p2a: Slowking
|-resisted|p2a: Slowking
|-damage|p2a: Slowking|94/100
|-heal|p1a: Kim K|82/100|[from] drain|[of] p2a: Slowking
|
|upkeep
|turn|3
|
|t:|1781411204
|switch|p1a: Childinthemines|Excadrill, F|100/100
|move|p2a: Slowking|Sludge Bomb|p1a: Childinthemines
|-immune|p1a: Childinthemines
|
|upkeep
|turn|4
|
|t:|1781411209
|move|p1a: Childinthemines|Earthquake|p2a: Slowking
|-supereffective|p2a: Slowking
|-enditem|p2a: Slowking|Shuca Berry|[eat]
|-enditem|p2a: Slowking|Shuca Berry|[weaken]
|-damage|p2a: Slowking|22/100
|move|p2a: Slowking|Flamethrower|p1a: Childinthemines
|-supereffective|p1a: Childinthemines
|-damage|p1a: Childinthemines|40/100
|-status|p1a: Childinthemines|brn
|
|-damage|p1a: Childinthemines|34/100 brn|[from] brn
|upkeep
|turn|5
|
|t:|1781411224
|switch|p1a: FreeCaneMerchant|Zapdos|100/100
|switch|p2a: Ting-Lu|Ting-Lu|86/100
|-ability|p2a: Ting-Lu|Vessel of Ruin
|
|-heal|p2a: Ting-Lu|92/100|[from] item: Leftovers
|upkeep
|turn|6
|
|t:|1781411240
|move|p1a: FreeCaneMerchant|Hurricane|p2a: Ting-Lu
|-damage|p2a: Ting-Lu|53/100
|-start|p2a: Ting-Lu|confusion
|-activate|p2a: Ting-Lu|confusion
|move|p2a: Ting-Lu|Ruination|p1a: FreeCaneMerchant|[miss]
|-miss|p2a: Ting-Lu|p1a: FreeCaneMerchant
|
|-heal|p2a: Ting-Lu|60/100|[from] item: Leftovers
|upkeep
|turn|7
|
|t:|1781411247
|switch|p2a: Raging Bolt|Raging Bolt|100/100
|move|p1a: FreeCaneMerchant|Hurricane|p2a: Raging Bolt
|-resisted|p2a: Raging Bolt
|-damage|p2a: Raging Bolt|74/100
|
|upkeep
|turn|8
|
|t:|1781411254
|switch|p1a: Kim K|Hatterene, F|82/100
|move|p2a: Raging Bolt|Volt Switch|p1a: Kim K
|-damage|p1a: Kim K|56/100
|
|t:|1781411259
|-end|p2a: Raging Bolt|Protosynthesis|[silent]
|switch|p2a: Slowking|Slowking-Galar, M|55/100|[from] Volt Switch
|
|upkeep
|turn|9
|
|t:|1781411270
|switch|p1a: Goatyranny|Tyranitar, F|100/100
|-weather|Sandstorm|[from] ability: Sand Stream|[of] p1a: Goatyranny
|-prepare|p2a: Slowking|Chilly Reception|[premajor]
|move|p2a: Slowking|Chilly Reception|p2a: Slowking
|-weather|Snowscape
|
|t:|1781411278
|switch|p2a: Kyurem|Kyurem|100/100|[from] Chilly Reception
|-ability|p2a: Kyurem|Pressure
|
|-weather|Snowscape|[upkeep]
|upkeep
|turn|10
|
|t:|1781411294
|-terastallize|p2a: Kyurem|Ice
|-terastallize|p1a: Goatyranny|Ghost
|move|p2a: Kyurem|Blizzard|p1a: Goatyranny
|-damage|p1a: Goatyranny|0 fnt
|faint|p1a: Goatyranny
|
|-weather|Snowscape|[upkeep]
|upkeep
|j| chet homogren
|c| chet homogren|lets go altyWIN
|inactive|altyWIN has 120 seconds left.
|c| chet homogren|youre fucked
|c|☆altyWIN|we aint going nowhere son
|c|☆altyWIN|i just lsot this
|c|☆altyWIN|LOL
|c| chet homogren|but its ok
|
|t:|1781411340
|switch|p1a: Cardi B|Alomomola, L99, F|100/100
|turn|11
|inactive|altyWIN has 90 seconds left.
|
|t:|1781411361
|switch|p2a: Slowking|Slowking-Galar, M|89/100
|move|p1a: Cardi B|Flip Turn|p2a: Slowking
|-damage|p2a: Slowking|74/100
|c|☆altyWIN|wait hes giving me a chance
|c| chet homogren|see making plays already
|c| chet homogren|easy comeback
|c|☆altyWIN|son
|c|☆altyWIN|my only damage is burned
|c| chet homogren|ion know what your answer to this is
|c| chet homogren|but its ok
|inactive|altyWIN has 60 seconds left.
|
|t:|1781411397
|switch|p1a: Childinthemines|Excadrill, F|34/100 brn|[from] Flip Turn
|
|-weather|Snowscape|[upkeep]
|-damage|p1a: Childinthemines|28/100 brn|[from] brn
|upkeep
|turn|12
|inactive|altyWIN has 60 seconds left.
|c|☆altyWIN|but watch this
|c| chet homogren|ok
|c|☆altyWIN|he doesnt know i have this in the back
|c| chet homogren|im right here lol
|
|t:|1781411413
|switch|p2a: Corviknight|Corviknight, F|100/100
|-ability|p2a: Corviknight|Pressure
|move|p1a: Childinthemines|Earthquake|p2a: Corviknight
|-immune|p2a: Corviknight
|
|-weather|Snowscape|[upkeep]
|-damage|p1a: Childinthemines|21/100 brn|[from] brn
|upkeep
|turn|13
|c| chet homogren|skull bash?
|c|☆altyWIN|:sob:
|c| chet homogren|lol
|c| chet homogren|gg
|l| chet homogren
|
|t:|1781411428
|switch|p1a: FreeCaneMerchant|Zapdos|100/100
|switch|p2a: Ting-Lu|Ting-Lu|60/100
|-ability|p2a: Ting-Lu|Vessel of Ruin
|
|-weather|none
|-heal|p2a: Ting-Lu|66/100|[from] item: Leftovers
|upkeep
|turn|14
|
|t:|1781411443
|switch|p1a: Kim K|Hatterene, F|56/100
|move|p2a: Ting-Lu|Ruination|p1a: Kim K
|-damage|p1a: Kim K|28/100
|
|-heal|p2a: Ting-Lu|72/100|[from] item: Leftovers
|upkeep
|turn|15
|
|t:|1781411450
|move|p2a: Ting-Lu|Earthquake|p1a: Kim K
|-damage|p1a: Kim K|0 fnt
|faint|p1a: Kim K
|
|-heal|p2a: Ting-Lu|78/100|[from] item: Leftovers
|upkeep
|
|t:|1781411464
|switch|p1a: Hydrippy|Hydrapple, F|100/100
|turn|16
|
|t:|1781411468
|switch|p2a: Raging Bolt|Raging Bolt|74/100
|move|p1a: Hydrippy|Nasty Plot|p1a: Hydrippy
|-boost|p1a: Hydrippy|spa|2
|
|upkeep
|turn|17
|
|t:|1781411477
|move|p2a: Raging Bolt|Draco Meteor|p1a: Hydrippy
|-supereffective|p1a: Hydrippy
|-damage|p1a: Hydrippy|0 fnt
|-unboost|p2a: Raging Bolt|spa|2
|faint|p1a: Hydrippy
|
|upkeep
|
|t:|1781411482
|switch|p1a: Childinthemines|Excadrill, F|21/100 brn
|turn|18
|
|t:|1781411487
|switch|p1a: FreeCaneMerchant|Zapdos|100/100
|-end|p2a: Raging Bolt|Protosynthesis|[silent]
|switch|p2a: Ting-Lu|Ting-Lu|78/100
|-ability|p2a: Ting-Lu|Vessel of Ruin
|
|-heal|p2a: Ting-Lu|85/100|[from] item: Leftovers
|upkeep
|turn|19
|
|t:|1781411491
|move|p1a: FreeCaneMerchant|Hurricane|p2a: Ting-Lu
|-damage|p2a: Ting-Lu|44/100
|-start|p2a: Ting-Lu|confusion
|-activate|p2a: Ting-Lu|confusion
|move|p2a: Ting-Lu|Spikes|p1a: FreeCaneMerchant
|-sidestart|p1: altyWIN|Spikes
|
|-heal|p2a: Ting-Lu|50/100|[from] item: Leftovers
|upkeep
|turn|20
|inactive|altyWIN has 90 seconds left.
|
|t:|1781411497
|move|p1a: FreeCaneMerchant|Hurricane|p2a: Ting-Lu|[miss]
|-miss|p1a: FreeCaneMerchant|p2a: Ting-Lu
|-end|p2a: Ting-Lu|confusion
|move|p2a: Ting-Lu|Ruination|p1a: FreeCaneMerchant
|-damage|p1a: FreeCaneMerchant|50/100
|
|-heal|p2a: Ting-Lu|57/100|[from] item: Leftovers
|upkeep
|turn|21
|
|t:|1781411509
|move|p1a: FreeCaneMerchant|Hurricane|p2a: Ting-Lu|[miss]
|-miss|p1a: FreeCaneMerchant|p2a: Ting-Lu
|move|p2a: Ting-Lu|Spikes|p1a: FreeCaneMerchant
|-sidestart|p1: altyWIN|Spikes
|
|-heal|p2a: Ting-Lu|63/100|[from] item: Leftovers
|upkeep
|turn|22
|
|t:|1781411512
|move|p1a: FreeCaneMerchant|Hurricane|p2a: Ting-Lu
|-damage|p2a: Ting-Lu|27/100
|move|p2a: Ting-Lu|Spikes|p1a: FreeCaneMerchant
|-sidestart|p1: altyWIN|Spikes
|
|-heal|p2a: Ting-Lu|34/100|[from] item: Leftovers
|upkeep
|turn|23
|
|t:|1781411516
|move|p1a: FreeCaneMerchant|Hurricane|p2a: Ting-Lu
|-damage|p2a: Ting-Lu|0 fnt
|faint|p2a: Ting-Lu
|
|upkeep
|
|t:|1781411519
|switch|p2a: Raging Bolt|Raging Bolt|74/100
|turn|24
|
|t:|1781411524
|switch|p1a: Childinthemines|Excadrill, F|21/100 brn
|-damage|p1a: Childinthemines|0 fnt|[from] Spikes
|faint|p1a: Childinthemines
|move|p2a: Raging Bolt|Thunderclap|p1: Childinthemines|[notarget]
|-fail|p2a: Raging Bolt
|
|upkeep
|
|t:|1781411537
|switch|p1a: Cardi B|Alomomola, L99, F|100/100
|turn|25
|
|t:|1781411543
|move|p2a: Raging Bolt|Volt Switch|p1a: Cardi B
|-supereffective|p1a: Cardi B
|-damage|p1a: Cardi B|0 fnt
|faint|p1a: Cardi B
|
|t:|1781411546
|-end|p2a: Raging Bolt|Protosynthesis|[silent]
|switch|p2a: Kyurem|Kyurem, tera:Ice|100/100|[from] Volt Switch
|-ability|p2a: Kyurem|Pressure
|
|upkeep
|
|t:|1781411549
|switch|p1a: FreeCaneMerchant|Zapdos|50/100
|turn|26
|
|t:|1781411552
|move|p1a: FreeCaneMerchant|Hurricane|p2a: Kyurem
|-damage|p2a: Kyurem|26/100
|move|p2a: Kyurem|Freeze-Dry|p1a: FreeCaneMerchant
|-supereffective|p1a: FreeCaneMerchant
|-damage|p1a: FreeCaneMerchant|0 fnt
|faint|p1a: FreeCaneMerchant
|
|win|LT_Alt1
|raw|altyWIN's rating: 1632 &rarr; <strong>1615</strong><br />(-17 for losing)
|raw|LT_Alt1's rating: 1686 &rarr; <strong>1703</strong><br />(+17 for winning)
|c|☆altyWIN|gg
|l|☆altyWIN
|player|p1|
|n|‽LT_Alt1|ltalt1
|n|‽LT_Alt1|ltalt1
