|j|☆myninthsymphony
|j|☆omari p
|t:|1781390351
|gametype|singles
|player|p1|myninthsymphony|265|1569
|player|p2|omari p|pokemonrangerf|1560
|gen|9
|tier|[Gen 9] OU
|rated|
|rule|HP Percentage Mod: HP is shown in percentages
|rule|Endless Battle Clause: Forcing endless battles is banned
|rule|Species Clause: Limit one of each Pokémon
|rule|OHKO Clause: OHKO moves are banned
|rule|Evasion Items Clause: Evasion items are banned
|rule|Evasion Moves Clause: Evasion moves are banned
|rule|Evasion Abilities Clause: Evasion abilities are banned
|rule|Sleep Moves Clause: Sleep-inducing moves are banned
|clearpoke
|poke|p1|Ogerpon-Wellspring, F|
|poke|p1|Gholdengo|
|poke|p1|Tyranitar, M|
|poke|p1|Garganacl, M|
|poke|p1|Great Tusk|
|poke|p1|Moltres|
|poke|p2|Venusaur, F|
|poke|p2|Cinderace, M|
|poke|p2|Entei|
|poke|p2|Torkoal, M|
|poke|p2|Mandibuzz, F|
|poke|p2|Slither Wing|
|teampreview
|inactive|Battle timer is ON: inactive players will automatically lose when time's up. (requested by myninthsymphony)
|c|☆myninthsymphony|glhf
|inactive|omari p has 120 seconds left.
|
|t:|1781390396
|teamsize|p1|6
|teamsize|p2|6
|start
|switch|p1a: Moltres|Moltres|100/100
|switch|p2a: Entei|Entei|100/100
|-ability|p2a: Entei|Pressure
|turn|1
|
|t:|1781390407
|move|p2a: Entei|Stone Edge|p1a: Moltres
|-supereffective|p1a: Moltres
|-damage|p1a: Moltres|0 fnt
|faint|p1a: Moltres
|
|upkeep
|
|t:|1781390411
|switch|p1a: Donfan|Great Tusk|100/100
|turn|2
|
|t:|1781390414
|switch|p2a: Mandibuzz|Mandibuzz, F, shiny|100/100
|move|p1a: Donfan|Stealth Rock|p2a: Mandibuzz
|-sidestart|p2: omari p|move: Stealth Rock
|
|upkeep
|turn|3
|
|t:|1781390418
|-end|p1a: Donfan|Protosynthesis|[silent]
|switch|p1a: Shiny|Gholdengo, shiny|100/100
|-item|p1a: Shiny|Air Balloon
|move|p2a: Mandibuzz|Foul Play|p1a: Shiny
|-supereffective|p1a: Shiny
|-damage|p1a: Shiny|55/100
|-enditem|p1a: Shiny|Air Balloon
|
|upkeep
|turn|4
|
|t:|1781390427
|switch|p2a: Entei|Entei|100/100
|-damage|p2a: Entei|76/100|[from] Stealth Rock
|-ability|p2a: Entei|Pressure
|move|p1a: Shiny|Recover|p1a: Shiny
|-heal|p1a: Shiny|100/100
|
|upkeep
|turn|5
|
|t:|1781390433
|switch|p1a: Donfan|Great Tusk|100/100
|move|p2a: Entei|Stomping Tantrum|p1a: Donfan
|-damage|p1a: Donfan|82/100
|
|upkeep
|turn|6
|
|t:|1781390439
|switch|p2a: Mandibuzz|Mandibuzz, F, shiny|100/100
|-damage|p2a: Mandibuzz|76/100|[from] Stealth Rock
|move|p1a: Donfan|Ice Spinner|p2a: Mandibuzz
|-supereffective|p2a: Mandibuzz
|-damage|p2a: Mandibuzz|42/100
|-damage|p1a: Donfan|65/100|[from] item: Rocky Helmet|[of] p2a: Mandibuzz
|
|upkeep
|turn|7
|
|t:|1781390450
|move|p1a: Donfan|Rapid Spin|p2a: Mandibuzz
|-damage|p2a: Mandibuzz|31/100
|-boost|p1a: Donfan|spe|1
|-damage|p1a: Donfan|49/100|[from] item: Rocky Helmet|[of] p2a: Mandibuzz
|move|p2a: Mandibuzz|Roost|p2a: Mandibuzz
|-heal|p2a: Mandibuzz|81/100
|-singleturn|p2a: Mandibuzz|move: Roost
|
|upkeep
|turn|8
|
|t:|1781390457
|-end|p1a: Donfan|Protosynthesis|[silent]
|switch|p1a: Gargle|Garganacl, M|100/100
|move|p2a: Mandibuzz|Roost|p2a: Mandibuzz
|-heal|p2a: Mandibuzz|100/100
|-singleturn|p2a: Mandibuzz|move: Roost
|
|upkeep
|turn|9
|
|t:|1781390463
|switch|p2a: Cinderace|Cinderace, M|100/100
|-damage|p2a: Cinderace|76/100|[from] Stealth Rock
|move|p1a: Gargle|Salt Cure|p2a: Cinderace
|-supereffective|p2a: Cinderace
|-damage|p2a: Cinderace|35/100
|-start|p2a: Cinderace|Salt Cure
|
|-damage|p2a: Cinderace|23/100|[from] Salt Cure
|upkeep
|turn|10
|
|t:|1781390472
|move|p2a: Cinderace|Court Change|p2a: Cinderace
|-start|p2a: Cinderace|typechange|Normal|[from] ability: Libero
|-swapsideconditions
|-activate|p2a: Cinderace|move: Court Change
|move|p1a: Gargle|Body Press|p2a: Cinderace
|-supereffective|p2a: Cinderace
|-damage|p2a: Cinderace|0 fnt
|faint|p2a: Cinderace
|
|upkeep
|
|t:|1781390477
|switch|p2a: Entei|Entei|76/100
|-ability|p2a: Entei|Pressure
|turn|11
|
|t:|1781390480
|move|p2a: Entei|Sacred Fire|p1a: Gargle
|-resisted|p1a: Gargle
|-damage|p1a: Gargle|87/100
|move|p1a: Gargle|Salt Cure|p2a: Entei
|-supereffective|p2a: Entei
|-damage|p2a: Entei|45/100
|-start|p2a: Entei|Salt Cure
|
|-heal|p1a: Gargle|93/100|[from] item: Leftovers
|-damage|p2a: Entei|33/100|[from] Salt Cure
|upkeep
|turn|12
|
|t:|1781390486
|switch|p2a: Torkoal|Torkoal, M, shiny|100/100
|-weather|SunnyDay|[from] ability: Drought|[of] p2a: Torkoal
|move|p1a: Gargle|Salt Cure|p2a: Torkoal
|-supereffective|p2a: Torkoal
|-damage|p2a: Torkoal|81/100
|-start|p2a: Torkoal|Salt Cure
|
|-weather|SunnyDay|[upkeep]
|-heal|p1a: Gargle|99/100|[from] item: Leftovers
|-damage|p2a: Torkoal|68/100|[from] Salt Cure
|upkeep
|turn|13
|
|t:|1781390491
|switch|p2a: Venusaur|Venusaur, F, shiny|100/100
|move|p1a: Gargle|Salt Cure|p2a: Venusaur
|-damage|p2a: Venusaur|79/100
|-start|p2a: Venusaur|Salt Cure
|
|-weather|SunnyDay|[upkeep]
|-heal|p1a: Gargle|100/100|[from] item: Leftovers
|-damage|p2a: Venusaur|66/100|[from] Salt Cure
|upkeep
|turn|14
|
|t:|1781390496
|move|p1a: Gargle|Protect|p1a: Gargle
|-singleturn|p1a: Gargle|Protect
|move|p2a: Venusaur|Growth|p2a: Venusaur
|-boost|p2a: Venusaur|atk|2
|-boost|p2a: Venusaur|spa|2
|
|-weather|SunnyDay|[upkeep]
|-damage|p2a: Venusaur|54/100|[from] Salt Cure
|upkeep
|turn|15
|
|t:|1781390500
|switch|p1a: Tarizard|Tyranitar, M|100/100
|-damage|p1a: Tarizard|88/100|[from] Stealth Rock
|-weather|Sandstorm|[from] ability: Sand Stream|[of] p1a: Tarizard
|move|p2a: Venusaur|Solar Beam||[still]
|-prepare|p2a: Venusaur|Solar Beam
|
|-weather|Sandstorm|[upkeep]
|-damage|p2a: Venusaur|48/100|[from] Sandstorm
|-damage|p2a: Venusaur|36/100|[from] Salt Cure
|upkeep
|turn|16
|
|t:|1781390514
|move|p2a: Venusaur|Solar Beam|p1a: Tarizard|[from] lockedmove
|-supereffective|p1a: Tarizard
|-damage|p1a: Tarizard|43/100
|-damage|p2a: Venusaur|26/100|[from] item: Life Orb
|move|p1a: Tarizard|Knock Off|p2a: Venusaur
|-damage|p2a: Venusaur|0 fnt
|-enditem|p2a: Venusaur|Life Orb|[from] move: Knock Off|[of] p1a: Tarizard
|faint|p2a: Venusaur
|
|-weather|Sandstorm|[upkeep]
|upkeep
|
|t:|1781390518
|switch|p2a: Slither Wing|Slither Wing|100/100
|turn|17
|
|t:|1781390526
|switch|p1a: Shiny|Gholdengo, shiny|100/100
|-damage|p1a: Shiny|94/100|[from] Stealth Rock
|move|p2a: Slither Wing|First Impression|p1a: Shiny
|-resisted|p1a: Shiny
|-damage|p1a: Shiny|78/100
|
|-weather|Sandstorm|[upkeep]
|-damage|p2a: Slither Wing|94/100|[from] Sandstorm
|upkeep
|turn|18
|
|t:|1781390536
|-end|p2a: Slither Wing|Protosynthesis|[silent]
|switch|p2a: Torkoal|Torkoal, M, shiny|68/100
|-weather|SunnyDay|[from] ability: Drought|[of] p2a: Torkoal
|move|p1a: Shiny|Nasty Plot|p1a: Shiny
|-boost|p1a: Shiny|spa|2
|
|-weather|SunnyDay|[upkeep]
|upkeep
|turn|19
|
|t:|1781390542
|move|p1a: Shiny|Shadow Ball|p2a: Torkoal
|-damage|p2a: Torkoal|0 fnt
|faint|p2a: Torkoal
|
|-weather|SunnyDay|[upkeep]
|upkeep
|
|t:|1781390544
|switch|p2a: Entei|Entei|33/100
|-ability|p2a: Entei|Pressure
|turn|20
|
|t:|1781390566
|switch|p1a: Tarizard|Tyranitar, M|43/100
|-damage|p1a: Tarizard|31/100|[from] Stealth Rock
|-weather|Sandstorm|[from] ability: Sand Stream|[of] p1a: Tarizard
|move|p2a: Entei|Sacred Fire|p1a: Tarizard
|-resisted|p1a: Tarizard
|-damage|p1a: Tarizard|12/100
|-status|p1a: Tarizard|brn
|
|-weather|Sandstorm|[upkeep]
|-damage|p2a: Entei|26/100|[from] Sandstorm
|-damage|p1a: Tarizard|6/100 brn|[from] brn
|upkeep
|turn|21
|
|t:|1781390580
|move|p2a: Entei|Sacred Fire|p1a: Tarizard
|-resisted|p1a: Tarizard
|-damage|p1a: Tarizard|0 fnt
|faint|p1a: Tarizard
|
|-weather|Sandstorm|[upkeep]
|-damage|p2a: Entei|20/100|[from] Sandstorm
|upkeep
|
|t:|1781390582
|switch|p1a: Donfan|Great Tusk|49/100
|turn|22
|
|t:|1781390586
|move|p2a: Entei|Sacred Fire|p1a: Donfan
|-damage|p1a: Donfan|8/100
|-status|p1a: Donfan|brn
|move|p1a: Donfan|Rapid Spin|p2a: Entei
|-damage|p2a: Entei|10/100
|-boost|p1a: Donfan|spe|1
|-sideend|p1: myninthsymphony|Stealth Rock|[from] move: Rapid Spin|[of] p1a: Donfan
|
|-weather|Sandstorm|[upkeep]
|-damage|p2a: Entei|4/100|[from] Sandstorm
|-damage|p1a: Donfan|1/100 brn|[from] brn
|upkeep
|turn|23
|
|t:|1781390590
|switch|p2a: Mandibuzz|Mandibuzz, F, shiny|100/100
|move|p1a: Donfan|Stealth Rock|p2a: Mandibuzz
|-sidestart|p2: omari p|move: Stealth Rock
|
|-weather|Sandstorm|[upkeep]
|-damage|p1a: Donfan|0 fnt|[from] brn
|faint|p1a: Donfan
|-end|p1a: Donfan|Protosynthesis|[silent]
|upkeep
|
|t:|1781390594
|switch|p1a: Gargle|Garganacl, M|100/100
|turn|24
|
|t:|1781390597
|move|p2a: Mandibuzz|Defog|p1a: Gargle
|-unboost|p1a: Gargle|evasion|1
|-sideend|p2: omari p|Stealth Rock|[from] move: Defog|[of] p2a: Mandibuzz
|move|p1a: Gargle|Salt Cure|p2a: Mandibuzz
|-supereffective|p2a: Mandibuzz
|-damage|p2a: Mandibuzz|86/100
|-start|p2a: Mandibuzz|Salt Cure
|
|-weather|none
|-damage|p2a: Mandibuzz|73/100|[from] Salt Cure
|upkeep
|turn|25
|
|t:|1781390601
|switch|p2a: Slither Wing|Slither Wing|94/100
|move|p1a: Gargle|Salt Cure|p2a: Slither Wing
|-damage|p2a: Slither Wing|78/100
|-start|p2a: Slither Wing|Salt Cure
|
|-damage|p2a: Slither Wing|65/100|[from] Salt Cure
|upkeep
|turn|26
|
|t:|1781390607
|switch|p1a: Shiny|Gholdengo, shiny|78/100
|move|p2a: Slither Wing|First Impression|p1a: Shiny
|-resisted|p1a: Shiny
|-damage|p1a: Shiny|59/100
|
|-damage|p2a: Slither Wing|53/100|[from] Salt Cure
|upkeep
|turn|27
|
|t:|1781390612
|-end|p2a: Slither Wing|Protosynthesis|[silent]
|switch|p2a: Entei|Entei|4/100
|-ability|p2a: Entei|Pressure
|move|p1a: Shiny|Recover|p1a: Shiny
|-heal|p1a: Shiny|100/100
|
|upkeep
|turn|28
|
|t:|1781390625
|switch|p1a: Gargle|Garganacl, M|100/100
|move|p2a: Entei|Stomping Tantrum|p1a: Gargle
|-supereffective|p1a: Gargle
|-damage|p1a: Gargle|76/100
|
|-heal|p1a: Gargle|82/100|[from] item: Leftovers
|upkeep
|turn|29
|
|t:|1781390630
|move|p2a: Entei|Stomping Tantrum|p1a: Gargle
|-supereffective|p1a: Gargle
|-damage|p1a: Gargle|56/100
|move|p1a: Gargle|Salt Cure|p2a: Entei
|-supereffective|p2a: Entei
|-damage|p2a: Entei|0 fnt
|faint|p2a: Entei
|
|-heal|p1a: Gargle|62/100|[from] item: Leftovers
|upkeep
|
|t:|1781390633
|switch|p2a: Slither Wing|Slither Wing|53/100
|turn|30
|
|t:|1781390637
|move|p1a: Gargle|Protect|p1a: Gargle
|-singleturn|p1a: Gargle|Protect
|move|p2a: Slither Wing|Close Combat|p1a: Gargle
|-activate|p1a: Gargle|move: Protect
|
|-heal|p1a: Gargle|68/100|[from] item: Leftovers
|upkeep
|turn|31
|
|t:|1781390641
|-terastallize|p1a: Gargle|Fairy
|move|p2a: Slither Wing|Earthquake|p1a: Gargle
|-damage|p1a: Gargle|47/100
|move|p1a: Gargle|Salt Cure|p2a: Slither Wing
|-damage|p2a: Slither Wing|38/100
|-start|p2a: Slither Wing|Salt Cure
|
|-heal|p1a: Gargle|53/100|[from] item: Leftovers
|-damage|p2a: Slither Wing|25/100|[from] Salt Cure
|upkeep
|turn|32
|-message|omari p forfeited.
|
|win|myninthsymphony
|raw|myninthsymphony's rating: 1569 &rarr; <strong>1588</strong><br />(+19 for winning)
|raw|omari p's rating: 1560 &rarr; <strong>1541</strong><br />(-19 for losing)
|l|☆omari p
|player|p2|
|l|☆myninthsymphony
|player|p1|
