|j|☆LowEL0God
|j|☆Pretty Nizz
|t:|1781266861
|gametype|singles
|player|p1|LowEL0God|265|1504
|player|p2|Pretty Nizz|riley|1526
|gen|9
|tier|[Gen 9] OU
|rated|
|rule|HP Percentage Mod: HP is shown in percentages
|rule|Endless Battle Clause: Forcing endless battles is banned
|rule|Species Clause: Limit one of each Pokémon
|rule|OHKO Clause: OHKO moves are banned
|rule|Evasion Items Clause: Evasion items are banned
|rule|Evasion Moves Clause: Evasion moves are banned
|rule|Evasion Abilities Clause: Evasion abilities are banned
|rule|Sleep Moves Clause: Sleep-inducing moves are banned
|clearpoke
|poke|p1|Pelipper, M|
|poke|p1|Raging Bolt|
|poke|p1|Overqwil, M|
|poke|p1|Barraskewda, M|
|poke|p1|Iron Treads|
|poke|p1|Kingambit, M|
|poke|p2|Comfey, F|
|poke|p2|Whimsicott, F|
|poke|p2|Ceruledge, M|
|poke|p2|Walking Wake|
|poke|p2|Great Tusk|
|poke|p2|Torkoal, M|
|teampreview
|inactive|Battle timer is ON: inactive players will automatically lose when time's up. (requested by Pretty Nizz)
|c|☆LowEL0God|hf
|inactive|LowEL0God also wants the timer to be on.
|
|t:|1781266870
|teamsize|p1|6
|teamsize|p2|6
|start
|switch|p1a: Pelipper|Pelipper, M|100/100
|switch|p2a: Torky|Torkoal, M|100/100
|-weather|RainDance|[from] ability: Drizzle|[of] p1a: Pelipper
|-weather|SunnyDay|[from] ability: Drought|[of] p2a: Torky
|turn|1
|j| peeekapeee
|
|t:|1781266884
|move|p1a: Pelipper|Hurricane|p2a: Torky
|-damage|p2a: Torky|53/100
|-start|p2a: Torky|confusion
|-activate|p2a: Torky|confusion
|move|p2a: Torky|Stealth Rock|p1a: Pelipper
|-sidestart|p1: LowEL0God|move: Stealth Rock
|
|-weather|SunnyDay|[upkeep]
|upkeep
|turn|2
|
|t:|1781266895
|switch|p2a: Wake Skywalker|Walking Wake|100/100
|-activate|p2a: Wake Skywalker|ability: Protosynthesis
|-start|p2a: Wake Skywalker|protosynthesisspe
|move|p1a: Pelipper|Hurricane|p2a: Wake Skywalker|[miss]
|-miss|p1a: Pelipper|p2a: Wake Skywalker
|
|-weather|SunnyDay|[upkeep]
|upkeep
|turn|3
|
|t:|1781266912
|move|p2a: Wake Skywalker|Hydro Steam|p1a: Pelipper
|-resisted|p1a: Pelipper
|-damage|p1a: Pelipper|60/100
|move|p1a: Pelipper|Hurricane|p2a: Wake Skywalker|[miss]
|-miss|p1a: Pelipper|p2a: Wake Skywalker
|
|-weather|SunnyDay|[upkeep]
|upkeep
|turn|4
|
|t:|1781266917
|move|p2a: Wake Skywalker|Draco Meteor|p1a: Pelipper
|-damage|p1a: Pelipper|0 fnt
|-unboost|p2a: Wake Skywalker|spa|2
|faint|p1a: Pelipper
|
|-weather|SunnyDay|[upkeep]
|upkeep
|
|t:|1781266917
|switch|p1a: Kingambit|Kingambit, M|100/100
|-damage|p1a: Kingambit|94/100|[from] Stealth Rock
|-activate|p1a: Kingambit|ability: Supreme Overlord
|-start|p1a: Kingambit|fallen1|[silent]
|turn|5
|j| Dionysos
|l| Dionysos
|
|t:|1781266928
|move|p2a: Wake Skywalker|Flip Turn|p1a: Kingambit
|-damage|p1a: Kingambit|89/100
|
|t:|1781266932
|-end|p2a: Wake Skywalker|Protosynthesis|[silent]
|switch|p2a: Mammoet|Great Tusk|100/100|[from] Flip Turn
|-activate|p2a: Mammoet|ability: Protosynthesis
|-start|p2a: Mammoet|protosynthesisspe
|move|p1a: Kingambit|Swords Dance|p1a: Kingambit
|-boost|p1a: Kingambit|atk|2
|
|-weather|SunnyDay|[upkeep]
|-heal|p1a: Kingambit|95/100|[from] item: Leftovers
|upkeep
|turn|6
|
|t:|1781266939
|-terastallize|p1a: Kingambit|Dark
|move|p2a: Mammoet|Headlong Rush|p1a: Kingambit
|-damage|p1a: Kingambit|56/100
|-unboost|p2a: Mammoet|def|1
|-unboost|p2a: Mammoet|spd|1
|move|p1a: Kingambit|Iron Head|p2a: Mammoet
|-damage|p2a: Mammoet|10/100
|-damage|p1a: Kingambit|39/100|[from] item: Rocky Helmet|[of] p2a: Mammoet
|
|-weather|SunnyDay|[upkeep]
|-heal|p1a: Kingambit|45/100|[from] item: Leftovers
|upkeep
|turn|7
|
|t:|1781266952
|move|p1a: Kingambit|Sucker Punch|p2a: Mammoet
|-resisted|p2a: Mammoet
|-damage|p2a: Mammoet|0 fnt
|-damage|p1a: Kingambit|29/100|[from] item: Rocky Helmet|[of] p2a: Mammoet
|faint|p2a: Mammoet
|-end|p2a: Mammoet|Protosynthesis|[silent]
|
|-weather|SunnyDay|[upkeep]
|-heal|p1a: Kingambit|35/100|[from] item: Leftovers
|upkeep
|
|t:|1781266962
|switch|p2a: Torky|Torkoal, M|53/100
|turn|8
|
|t:|1781266965
|switch|p2a: Uncomfey|Comfey, F, shiny|100/100
|move|p1a: Kingambit|Kowtow Cleave|p2a: Uncomfey
|-resisted|p2a: Uncomfey
|-damage|p2a: Uncomfey|14/100
|
|-weather|none
|-heal|p1a: Kingambit|41/100|[from] item: Leftovers
|upkeep
|turn|9
|
|t:|1781266969
|-end|p1a: Kingambit|fallen1|[silent]
|switch|p1a: Iron Treads|Iron Treads|100/100
|-damage|p1a: Iron Treads|97/100|[from] Stealth Rock
|-enditem|p1a: Iron Treads|Booster Energy
|-activate|p1a: Iron Treads|ability: Quark Drive|[fromitem]
|-start|p1a: Iron Treads|quarkdrivespe
|move|p2a: Uncomfey|Draining Kiss|p1a: Iron Treads
|-resisted|p1a: Iron Treads
|-damage|p1a: Iron Treads|78/100
|-heal|p2a: Uncomfey|29/100|[from] drain|[of] p1a: Iron Treads
|-damage|p2a: Uncomfey|19/100|[from] item: Life Orb
|
|upkeep
|turn|10
|
|t:|1781266971
|switch|p2a: Torky|Torkoal, M|53/100
|-weather|SunnyDay|[from] ability: Drought|[of] p2a: Torky
|move|p1a: Iron Treads|Earth Power|p2a: Torky
|-supereffective|p2a: Torky
|-damage|p2a: Torky|0 fnt
|faint|p2a: Torky
|
|-weather|SunnyDay|[upkeep]
|upkeep
|
|t:|1781266991
|switch|p2a: Wake Skywalker|Walking Wake|100/100
|-activate|p2a: Wake Skywalker|ability: Protosynthesis
|-start|p2a: Wake Skywalker|protosynthesisspe
|turn|11
|
|t:|1781266992
|-end|p1a: Iron Treads|Quark Drive|[silent]
|switch|p1a: Raging Bolt|Raging Bolt|100/100
|-damage|p1a: Raging Bolt|88/100|[from] Stealth Rock
|-activate|p1a: Raging Bolt|ability: Protosynthesis
|-start|p1a: Raging Bolt|protosynthesisspa
|move|p2a: Wake Skywalker|Hydro Steam|p1a: Raging Bolt
|-resisted|p1a: Raging Bolt
|-damage|p1a: Raging Bolt|61/100
|
|-weather|SunnyDay|[upkeep]
|upkeep
|turn|12
|
|t:|1781266995
|move|p1a: Raging Bolt|Thunderclap|p2a: Wake Skywalker
|-damage|p2a: Wake Skywalker|64/100
|move|p2a: Wake Skywalker|Draco Meteor|p1a: Raging Bolt
|-supereffective|p1a: Raging Bolt
|-damage|p1a: Raging Bolt|0 fnt
|-unboost|p2a: Wake Skywalker|spa|2
|faint|p1a: Raging Bolt
|-end|p1a: Raging Bolt|Protosynthesis|[silent]
|
|-weather|SunnyDay|[upkeep]
|upkeep
|
|t:|1781266996
|switch|p1a: Kingambit|Kingambit, M, tera:Dark|41/100
|-damage|p1a: Kingambit|29/100|[from] Stealth Rock
|-activate|p1a: Kingambit|ability: Supreme Overlord
|-start|p1a: Kingambit|fallen2|[silent]
|turn|13
|
|t:|1781267012
|move|p2a: Wake Skywalker|Hydro Steam|p1a: Kingambit
|-damage|p1a: Kingambit|1/100
|move|p1a: Kingambit|Kowtow Cleave|p2a: Wake Skywalker
|-damage|p2a: Wake Skywalker|0 fnt
|faint|p2a: Wake Skywalker
|-end|p2a: Wake Skywalker|Protosynthesis|[silent]
|
|-weather|SunnyDay|[upkeep]
|-heal|p1a: Kingambit|7/100|[from] item: Leftovers
|upkeep
|
|t:|1781267027
|switch|p2a: Uncomfey|Comfey, F, shiny|19/100
|turn|14
|
|t:|1781267030
|move|p2a: Uncomfey|Draining Kiss|p1a: Kingambit
|-supereffective|p1a: Kingambit
|-damage|p1a: Kingambit|0 fnt
|-heal|p2a: Uncomfey|26/100|[from] drain|[of] p1a: Kingambit
|faint|p1a: Kingambit
|-end|p1a: Kingambit|fallen2|[silent]
|-damage|p2a: Uncomfey|16/100|[from] item: Life Orb
|
|-weather|SunnyDay|[upkeep]
|upkeep
|
|t:|1781267030
|switch|p1a: Iron Treads|Iron Treads|78/100
|-damage|p1a: Iron Treads|75/100|[from] Stealth Rock
|turn|15
|l| peeekapeee
|
|t:|1781267042
|switch|p2a: Whimsical|Whimsicott, F|100/100
|move|p1a: Iron Treads|Rapid Spin|p2a: Whimsical
|-damage|p2a: Whimsical|86/100
|-boost|p1a: Iron Treads|spe|1
|-sideend|p1: LowEL0God|Stealth Rock|[from] move: Rapid Spin|[of] p1a: Iron Treads
|
|-weather|SunnyDay|[upkeep]
|upkeep
|turn|16
|j| peeekapeee
|
|t:|1781267058
|move|p2a: Whimsical|Giga Drain|p1a: Iron Treads
|-damage|p1a: Iron Treads|24/100
|-heal|p2a: Whimsical|100/100|[from] drain|[of] p1a: Iron Treads
|-damage|p2a: Whimsical|91/100|[from] item: Life Orb
|move|p1a: Iron Treads|Steel Beam|p2a: Whimsical
|-supereffective|p2a: Whimsical
|-damage|p2a: Whimsical|0 fnt
|-damage|p1a: Iron Treads|0 fnt|[from] steelbeam
|faint|p1a: Iron Treads
|-end|p1a: Iron Treads|Quark Drive|[silent]
|faint|p2a: Whimsical
|
|-weather|SunnyDay|[upkeep]
|upkeep
|
|t:|1781267066
|switch|p1a: Overqwil|Overqwil, M|100/100
|switch|p2a: Uncomfey|Comfey, F, shiny|16/100
|turn|17
|
|t:|1781267076
|-terastallize|p2a: Uncomfey|Steel
|move|p2a: Uncomfey|Draining Kiss|p1a: Overqwil
|-damage|p1a: Overqwil|62/100
|-heal|p2a: Uncomfey|46/100|[from] drain|[of] p1a: Overqwil
|-damage|p2a: Uncomfey|36/100|[from] item: Life Orb
|move|p1a: Overqwil|Crunch|p2a: Uncomfey
|-damage|p2a: Uncomfey|0 fnt
|faint|p2a: Uncomfey
|-damage|p1a: Overqwil|53/100|[from] item: Life Orb
|
|-weather|none
|upkeep
|
|t:|1781267083
|switch|p2a: Cerugoon|Ceruledge, M|100/100
|turn|18
|
|t:|1781267090
|move|p1a: Overqwil|Liquidation|p2a: Cerugoon
|-supereffective|p2a: Cerugoon
|-damage|p2a: Cerugoon|0 fnt
|faint|p2a: Cerugoon
|-damage|p1a: Overqwil|43/100|[from] item: Life Orb
|
|win|LowEL0God
|raw|LowEL0God's rating: 1504 &rarr; <strong>1525</strong><br />(+21 for winning)
|raw|Pretty Nizz's rating: 1526 &rarr; <strong>1505</strong><br />(-21 for losing)
|l|☆Pretty Nizz
|player|p2|
|c|☆LowEL0God|gg
|l|☆LowEL0God
|player|p1|
|l| peeekapeee
