|j|☆Pig Perfect
|j|☆bigballs01
|t:|1781488179
|gametype|singles
|player|p1|Pig Perfect|workerice|1528
|player|p2|bigballs01|swimmer-gen4dp|1536
|gen|9
|tier|[Gen 9] OU
|rated|
|rule|HP Percentage Mod: HP is shown in percentages
|rule|Endless Battle Clause: Forcing endless battles is banned
|rule|Species Clause: Limit one of each Pokémon
|rule|OHKO Clause: OHKO moves are banned
|rule|Evasion Items Clause: Evasion items are banned
|rule|Evasion Moves Clause: Evasion moves are banned
|rule|Evasion Abilities Clause: Evasion abilities are banned
|rule|Sleep Moves Clause: Sleep-inducing moves are banned
|clearpoke
|poke|p1|Great Tusk|
|poke|p1|Hatterene, F|
|poke|p1|Heatran, F|
|poke|p1|Ninetales, M|
|poke|p1|Sawsbuck-Summer, M|
|poke|p1|Walking Wake|
|poke|p2|Hatterene, F|
|poke|p2|Great Tusk|
|poke|p2|Tornadus-Therian, M|
|poke|p2|Kyurem|
|poke|p2|Slowking-Galar, F|
|poke|p2|Kingambit, M|
|teampreview
|inactive|Battle timer is ON: inactive players will automatically lose when time's up. (requested by bigballs01)
|inactive|bigballs01 has 120 seconds left.
|
|t:|1781488223
|teamsize|p1|6
|teamsize|p2|6
|start
|switch|p1a: Ninetales|Ninetales, M|100/100
|switch|p2a: Slowking|Slowking-Galar, F|100/100
|-weather|SunnyDay|[from] ability: Drought|[of] p1a: Ninetales
|turn|1
|
|t:|1781488250
|switch|p1a: Great Tusk|Great Tusk|100/100
|-activate|p1a: Great Tusk|ability: Protosynthesis
|-start|p1a: Great Tusk|protosynthesisatk
|-prepare|p2a: Slowking|Chilly Reception|[premajor]
|move|p2a: Slowking|Chilly Reception|p2a: Slowking
|-weather|Snowscape
|-end|p1a: Great Tusk|Protosynthesis
|
|t:|1781488255
|switch|p2a: Kyurem|Kyurem|100/100|[from] Chilly Reception
|-ability|p2a: Kyurem|Pressure
|
|-weather|Snowscape|[upkeep]
|upkeep
|turn|2
|inactive|Pig Perfect has 120 seconds left.
|
|t:|1781488295
|-end|p1a: Great Tusk|Protosynthesis|[silent]
|switch|p1a: Ninetales|Ninetales, M|100/100
|-weather|SunnyDay|[from] ability: Drought|[of] p1a: Ninetales
|move|p2a: Kyurem|Earth Power|p1a: Ninetales
|-supereffective|p1a: Ninetales
|-damage|p1a: Ninetales|1/100
|
|-weather|SunnyDay|[upkeep]
|upkeep
|turn|3
|inactive|Pig Perfect has 90 seconds left.
|
|t:|1781488324
|switch|p2a: Tornadus|Tornadus-Therian, M|100/100
|switch|p1a: Hatterene|Hatterene, F|100/100
|
|-weather|SunnyDay|[upkeep]
|upkeep
|turn|4
|inactive|Pig Perfect has 90 seconds left.
|
|t:|1781488351
|move|p2a: Tornadus|U-turn|p1a: Hatterene
|-damage|p1a: Hatterene|88/100
|-enditem|p1a: Hatterene|Eject Button
|
|t:|1781488361
|switch|p1a: Sawsbuck|Sawsbuck-Summer, M|100/100
|
|-weather|SunnyDay|[upkeep]
|upkeep
|turn|5
|
|t:|1781488367
|switch|p2a: Hatterene|Hatterene, F|100/100
|move|p1a: Sawsbuck|Double-Edge|p2a: Hatterene
|-damage|p2a: Hatterene|43/100
|-damage|p1a: Sawsbuck|84/100|[from] item: Rocky Helmet|[of] p2a: Hatterene
|-damage|p1a: Sawsbuck|64/100|[from] Recoil
|-damage|p1a: Sawsbuck|54/100|[from] item: Life Orb
|
|-weather|SunnyDay|[upkeep]
|upkeep
|turn|6
|
|t:|1781488381
|switch|p2a: Kingambit|Kingambit, M|100/100
|move|p1a: Sawsbuck|Double-Edge|p2a: Kingambit
|-resisted|p2a: Kingambit
|-damage|p2a: Kingambit|74/100
|-damage|p1a: Sawsbuck|43/100|[from] Recoil
|-damage|p1a: Sawsbuck|33/100|[from] item: Life Orb
|
|-weather|SunnyDay|[upkeep]
|-heal|p2a: Kingambit|80/100|[from] item: Leftovers
|upkeep
|turn|7
|
|t:|1781488386
|switch|p1a: Great Tusk|Great Tusk|100/100
|-activate|p1a: Great Tusk|ability: Protosynthesis
|-start|p1a: Great Tusk|protosynthesisatk
|move|p2a: Kingambit|Sucker Punch||[still]
|-fail|p2a: Kingambit
|
|-weather|SunnyDay|[upkeep]
|-heal|p2a: Kingambit|86/100|[from] item: Leftovers
|upkeep
|turn|8
|
|t:|1781488391
|-end|p2a: Kingambit|fallenundefined|[silent]
|switch|p2a: Hatterene|Hatterene, F|43/100
|move|p1a: Great Tusk|Rapid Spin|p2a: Hatterene
|-damage|p2a: Hatterene|25/100
|-boost|p1a: Great Tusk|spe|1
|-damage|p1a: Great Tusk|84/100|[from] item: Rocky Helmet|[of] p2a: Hatterene
|
|-weather|SunnyDay|[upkeep]
|upkeep
|turn|9
|
|t:|1781488400
|move|p1a: Great Tusk|Knock Off|p2a: Hatterene
|-damage|p2a: Hatterene|0 fnt
|-damage|p1a: Great Tusk|67/100|[from] item: Rocky Helmet|[of] p2a: Hatterene
|-enditem|p2a: Hatterene|Rocky Helmet|[from] move: Knock Off|[of] p1a: Great Tusk
|faint|p2a: Hatterene
|
|-weather|none
|-end|p1a: Great Tusk|Protosynthesis
|upkeep
|
|t:|1781488402
|switch|p2a: Great Tusk|Great Tusk|100/100
|turn|10
|inactive|Pig Perfect has 120 seconds left.
|
|t:|1781488409
|move|p1a: Great Tusk|Ice Spinner|p2a: Great Tusk
|-supereffective|p2a: Great Tusk
|-damage|p2a: Great Tusk|62/100
|-damage|p1a: Great Tusk|50/100|[from] item: Rocky Helmet|[of] p2a: Great Tusk
|move|p2a: Great Tusk|Ice Spinner|p1a: Great Tusk
|-supereffective|p1a: Great Tusk
|-damage|p1a: Great Tusk|6/100
|-damage|p2a: Great Tusk|45/100|[from] item: Rocky Helmet|[of] p1a: Great Tusk
|
|upkeep
|turn|11
|
|t:|1781488419
|-end|p1a: Great Tusk|Protosynthesis|[silent]
|switch|p1a: Hatterene|Hatterene, F|88/100
|move|p2a: Great Tusk|Stealth Rock|p1a: Hatterene
|move|p1a: Hatterene|Stealth Rock|p2a: Great Tusk|[from] ability: Magic Bounce
|-sidestart|p2: bigballs01|move: Stealth Rock
|
|upkeep
|turn|12
|
|t:|1781488424
|move|p2a: Great Tusk|Rapid Spin|p1a: Hatterene
|-damage|p1a: Hatterene|73/100
|-boost|p2a: Great Tusk|spe|1
|-sideend|p2: bigballs01|Stealth Rock|[from] move: Rapid Spin|[of] p2a: Great Tusk
|move|p1a: Hatterene|Healing Wish|p1a: Hatterene
|faint|p1a: Hatterene
|
|upkeep
|
|t:|1781488427
|switch|p1a: Ninetales|Ninetales, M|1/100
|-heal|p1a: Ninetales|100/100|[from] move: Healing Wish
|-weather|SunnyDay|[from] ability: Drought|[of] p1a: Ninetales
|-activate|p2a: Great Tusk|ability: Protosynthesis
|-start|p2a: Great Tusk|protosynthesisspe
|turn|13
|
|t:|1781488432
|switch|p1a: Heatran|Heatran, F|100/100
|-item|p1a: Heatran|Air Balloon
|move|p2a: Great Tusk|Headlong Rush|p1a: Heatran
|-immune|p1a: Heatran
|
|-weather|SunnyDay|[upkeep]
|upkeep
|turn|14
|
|t:|1781488440
|-end|p2a: Great Tusk|Protosynthesis|[silent]
|switch|p2a: Tornadus|Tornadus-Therian, M|100/100
|move|p1a: Heatran|Magma Storm|p2a: Tornadus
|-damage|p2a: Tornadus|49/100
|-activate|p2a: Tornadus|move: Magma Storm|[of] p1a: Heatran
|
|-weather|SunnyDay|[upkeep]
|-damage|p2a: Tornadus|37/100|[from] move: Magma Storm|[partiallytrapped]
|upkeep
|turn|15
|
|t:|1781488448
|move|p2a: Tornadus|U-turn|p1a: Heatran
|-resisted|p1a: Heatran
|-damage|p1a: Heatran|97/100
|-enditem|p1a: Heatran|Air Balloon
|
|t:|1781488453
|switch|p2a: Slowking|Slowking-Galar, F|100/100|[from] U-turn
|move|p1a: Heatran|Stealth Rock|p2a: Slowking
|-sidestart|p2: bigballs01|move: Stealth Rock
|
|-weather|SunnyDay|[upkeep]
|upkeep
|turn|16
|inactive|Pig Perfect has 120 seconds left.
|
|t:|1781488493
|move|p1a: Heatran|Taunt|p2a: Slowking
|-start|p2a: Slowking|move: Taunt
|-prepare|p2a: Slowking|Chilly Reception|[premajor]
|cant|p2a: Slowking|move: Taunt|Chilly Reception
|
|-weather|SunnyDay|[upkeep]
|upkeep
|turn|17
|
|t:|1781488505
|switch|p2a: Kyurem|Kyurem|100/100
|-damage|p2a: Kyurem|76/100|[from] Stealth Rock
|-ability|p2a: Kyurem|Pressure
|move|p1a: Heatran|Magma Storm|p2a: Kyurem
|-damage|p2a: Kyurem|6/100
|-activate|p2a: Kyurem|move: Magma Storm|[of] p1a: Heatran
|
|-weather|SunnyDay|[upkeep]
|-damage|p2a: Kyurem|0 fnt|[from] move: Magma Storm|[partiallytrapped]
|faint|p2a: Kyurem
|upkeep
|
|t:|1781488507
|switch|p2a: Great Tusk|Great Tusk|45/100
|-damage|p2a: Great Tusk|42/100|[from] Stealth Rock
|-activate|p2a: Great Tusk|ability: Protosynthesis
|-start|p2a: Great Tusk|protosynthesisatk
|turn|18
|
|t:|1781488524
|switch|p1a: Great Tusk|Great Tusk|6/100
|-activate|p1a: Great Tusk|ability: Protosynthesis
|-start|p1a: Great Tusk|protosynthesisatk
|move|p2a: Great Tusk|Ice Spinner|p1a: Great Tusk
|-supereffective|p1a: Great Tusk
|-damage|p1a: Great Tusk|0 fnt
|-damage|p2a: Great Tusk|26/100|[from] item: Rocky Helmet|[of] p1a: Great Tusk
|faint|p1a: Great Tusk
|-end|p1a: Great Tusk|Protosynthesis|[silent]
|
|-weather|SunnyDay|[upkeep]
|upkeep
|
|t:|1781488532
|switch|p1a: Walking Wake|Walking Wake|100/100
|-activate|p1a: Walking Wake|ability: Protosynthesis
|-start|p1a: Walking Wake|protosynthesisspe
|turn|19
|inactive|Pig Perfect has 120 seconds left.
|
|t:|1781488558
|move|p1a: Walking Wake|Hydro Steam|p2a: Great Tusk
|-supereffective|p2a: Great Tusk
|-damage|p2a: Great Tusk|0 fnt
|faint|p2a: Great Tusk
|-end|p2a: Great Tusk|Protosynthesis|[silent]
|
|-weather|SunnyDay|[upkeep]
|upkeep
|
|t:|1781488563
|switch|p2a: Slowking|Slowking-Galar, F|100/100
|-damage|p2a: Slowking|88/100|[from] Stealth Rock
|turn|20
|
|t:|1781488569
|move|p1a: Walking Wake|Flip Turn|p2a: Slowking
|-damage|p2a: Slowking|82/100
|
|t:|1781488572
|-end|p1a: Walking Wake|Protosynthesis|[silent]
|switch|p1a: Heatran|Heatran, F|97/100|[from] Flip Turn
|move|p2a: Slowking|Trick|p1a: Heatran
|-activate|p2a: Slowking|move: Trick|[of] p1a: Heatran
|-item|p1a: Heatran|Black Sludge|[from] move: Trick
|-enditem|p2a: Slowking|Black Sludge|[silent]|[from] move: Trick
|
|-weather|none
|-damage|p1a: Heatran|85/100|[from] item: Black Sludge
|upkeep
|turn|21
|
|t:|1781488582
|move|p1a: Heatran|Magma Storm|p2a: Slowking
|-damage|p2a: Slowking|41/100
|-activate|p2a: Slowking|move: Magma Storm|[of] p1a: Heatran
|move|p2a: Slowking|Future Sight|p1a: Heatran
|-start|p2a: Slowking|move: Future Sight
|
|-damage|p1a: Heatran|72/100|[from] item: Black Sludge
|-damage|p2a: Slowking|29/100|[from] move: Magma Storm|[partiallytrapped]
|upkeep
|turn|22
|
|t:|1781488593
|move|p1a: Heatran|Magma Storm|p2a: Slowking|[miss]
|-miss|p1a: Heatran|p2a: Slowking
|-prepare|p2a: Slowking|Chilly Reception|[premajor]
|move|p2a: Slowking|Chilly Reception|p2a: Slowking
|-weather|Snowscape
|
|t:|1781488595
|switch|p2a: Tornadus|Tornadus-Therian, M|70/100|[from] Chilly Reception
|-damage|p2a: Tornadus|46/100|[from] Stealth Rock
|
|-weather|Snowscape|[upkeep]
|-damage|p1a: Heatran|60/100|[from] item: Black Sludge
|upkeep
|turn|23
|
|t:|1781488601
|move|p2a: Tornadus|Bleakwind Storm|p1a: Heatran
|-resisted|p1a: Heatran
|-damage|p1a: Heatran|43/100
|move|p1a: Heatran|Power Gem|p2a: Tornadus
|-supereffective|p2a: Tornadus
|-damage|p2a: Tornadus|8/100
|
|-weather|Snowscape|[upkeep]
|-end|p1a: Heatran|move: Future Sight
|-resisted|p1a: Heatran
|-damage|p1a: Heatran|21/100
|-damage|p1a: Heatran|9/100|[from] item: Black Sludge
|upkeep
|turn|24
|
|t:|1781488607
|switch|p1a: Ninetales|Ninetales, M|100/100
|-weather|SunnyDay|[from] ability: Drought|[of] p1a: Ninetales
|move|p2a: Tornadus|Bleakwind Storm|p1a: Ninetales
|-crit|p1a: Ninetales
|-damage|p1a: Ninetales|44/100
|
|-weather|SunnyDay|[upkeep]
|upkeep
|turn|25
|
|t:|1781488617
|switch|p1a: Heatran|Heatran, F|9/100
|move|p2a: Tornadus|Bleakwind Storm|p1a: Heatran
|-resisted|p1a: Heatran
|-damage|p1a: Heatran|0 fnt
|faint|p1a: Heatran
|
|-weather|SunnyDay|[upkeep]
|upkeep
|
|t:|1781488619
|switch|p1a: Sawsbuck|Sawsbuck-Summer, M|33/100
|turn|26
|
|t:|1781488623
|switch|p2a: Slowking|Slowking-Galar, F|62/100
|-damage|p2a: Slowking|50/100|[from] Stealth Rock
|move|p1a: Sawsbuck|Horn Leech|p2a: Slowking
|-resisted|p2a: Slowking
|-damage|p2a: Slowking|32/100
|-heal|p1a: Sawsbuck|44/100|[from] drain|[of] p2a: Slowking
|-damage|p1a: Sawsbuck|34/100|[from] item: Life Orb
|
|-weather|SunnyDay|[upkeep]
|upkeep
|turn|27
|
|t:|1781488633
|move|p1a: Sawsbuck|High Horsepower|p2a: Slowking
|-supereffective|p2a: Slowking
|-damage|p2a: Slowking|0 fnt
|faint|p2a: Slowking
|-damage|p1a: Sawsbuck|24/100|[from] item: Life Orb
|
|-weather|SunnyDay|[upkeep]
|upkeep
|
|t:|1781488636
|switch|p2a: Kingambit|Kingambit, M|86/100
|-damage|p2a: Kingambit|80/100|[from] Stealth Rock
|-activate|p2a: Kingambit|ability: Supreme Overlord
|-start|p2a: Kingambit|fallen4|[silent]
|turn|28
|
|t:|1781488649
|-terastallize|p2a: Kingambit|Ghost
|move|p1a: Sawsbuck|High Horsepower|p2a: Kingambit
|-damage|p2a: Kingambit|53/100
|-damage|p1a: Sawsbuck|14/100|[from] item: Life Orb
|move|p2a: Kingambit|Swords Dance|p2a: Kingambit
|-boost|p2a: Kingambit|atk|2
|
|-weather|SunnyDay|[upkeep]
|-heal|p2a: Kingambit|59/100|[from] item: Leftovers
|upkeep
|turn|29
|
|t:|1781488657
|move|p2a: Kingambit|Sucker Punch||[still]
|-fail|p2a: Kingambit
|move|p1a: Sawsbuck|Swords Dance|p1a: Sawsbuck
|-boost|p1a: Sawsbuck|atk|2
|
|-weather|SunnyDay|[upkeep]
|-heal|p2a: Kingambit|65/100|[from] item: Leftovers
|upkeep
|turn|30
|
|t:|1781488662
|move|p2a: Kingambit|Sucker Punch||[still]
|-fail|p2a: Kingambit
|move|p1a: Sawsbuck|Swords Dance|p1a: Sawsbuck
|-boost|p1a: Sawsbuck|atk|2
|
|-weather|SunnyDay|[upkeep]
|-heal|p2a: Kingambit|72/100|[from] item: Leftovers
|upkeep
|turn|31
|
|t:|1781488665
|move|p1a: Sawsbuck|Horn Leech|p2a: Kingambit
|-damage|p2a: Kingambit|0 fnt
|-heal|p1a: Sawsbuck|62/100|[from] drain|[of] p2a: Kingambit
|faint|p2a: Kingambit
|-end|p2a: Kingambit|fallen4|[silent]
|-damage|p1a: Sawsbuck|52/100|[from] item: Life Orb
|
|-weather|none
|upkeep
|
|t:|1781488672
|switch|p2a: Tornadus|Tornadus-Therian, M|41/100
|-damage|p2a: Tornadus|16/100|[from] Stealth Rock
|turn|32
|
|t:|1781488675
|switch|p1a: Ninetales|Ninetales, M|44/100
|-weather|SunnyDay|[from] ability: Drought|[of] p1a: Ninetales
|move|p2a: Tornadus|Bleakwind Storm|p1a: Ninetales
|-damage|p1a: Ninetales|5/100
|-unboost|p1a: Ninetales|spe|1
|
|-weather|SunnyDay|[upkeep]
|upkeep
|turn|33
|
|t:|1781488678
|move|p2a: Tornadus|Knock Off|p1a: Ninetales
|-damage|p1a: Ninetales|0 fnt
|-enditem|p1a: Ninetales|Heat Rock|[from] move: Knock Off|[of] p2a: Tornadus
|faint|p1a: Ninetales
|
|-weather|SunnyDay|[upkeep]
|upkeep
|
|t:|1781488679
|switch|p1a: Sawsbuck|Sawsbuck-Summer, M|52/100
|turn|34
|-message|bigballs01 forfeited.
|
|win|Pig Perfect
|raw|Pig Perfect's rating: 1528 &rarr; <strong>1548</strong><br />(+20 for winning)
|raw|bigballs01's rating: 1536 &rarr; <strong>1516</strong><br />(-20 for losing)
|l|☆bigballs01
|player|p2|
|l|☆Pig Perfect
|player|p1|
