|j|☆jonuz
|j|☆remove sun teams
|t:|1781200592
|gametype|singles
|player|p1|jonuz|102|1743
|player|p2|remove sun teams|miku-psychic|1706
|gen|9
|tier|[Gen 9] OU
|rated|
|rule|HP Percentage Mod: HP is shown in percentages
|rule|Endless Battle Clause: Forcing endless battles is banned
|rule|Species Clause: Limit one of each Pokémon
|rule|OHKO Clause: OHKO moves are banned
|rule|Evasion Items Clause: Evasion items are banned
|rule|Evasion Moves Clause: Evasion moves are banned
|rule|Evasion Abilities Clause: Evasion abilities are banned
|rule|Sleep Moves Clause: Sleep-inducing moves are banned
|clearpoke
|poke|p1|Gholdengo|
|poke|p1|Darkrai|
|poke|p1|Clefable, F|
|poke|p1|Ting-Lu|
|poke|p1|Dragonite, F|
|poke|p1|Pecharunt|
|poke|p2|Hoopa-Unbound|
|poke|p2|Pecharunt|
|poke|p2|Landorus-Therian, M|
|poke|p2|Cinderace, M|
|poke|p2|Alomomola, M|
|poke|p2|Iron Valiant|
|teampreview
|
|t:|1781200608
|teamsize|p1|6
|teamsize|p2|6
|start
|switch|p1a: Clefable|Clefable, F|100/100
|switch|p2a: Calamity|Iron Valiant, shiny|100/100
|turn|1
|c|☆remove sun teams|hf
|inactive|Battle timer is ON: inactive players will automatically lose when time's up. (requested by remove sun teams)
|
|t:|1781200621
|-terastallize|p2a: Calamity|Fairy
|move|p2a: Calamity|Moonblast|p1a: Clefable
|-damage|p1a: Clefable|15/100
|move|p1a: Clefable|Knock Off|p2a: Calamity
|-resisted|p2a: Calamity
|-damage|p2a: Calamity|92/100
|-enditem|p2a: Calamity|Choice Specs|[from] move: Knock Off|[of] p1a: Clefable
|
|-heal|p1a: Clefable|21/100|[from] item: Leftovers
|upkeep
|turn|2
|
|t:|1781200637
|move|p2a: Calamity|Moonblast|p1a: Clefable
|-damage|p1a: Clefable|0 fnt
|faint|p1a: Clefable
|
|upkeep
|
|t:|1781200643
|switch|p1a: Darkrai|Darkrai|100/100
|turn|3
|
|t:|1781200657
|-end|p2a: Calamity|Quark Drive|[silent]
|switch|p2a: Khaos|Hoopa-Unbound|100/100
|move|p1a: Darkrai|Sludge Bomb|p2a: Khaos
|-damage|p2a: Khaos|60/100
|-status|p2a: Khaos|psn
|
|-damage|p2a: Khaos|47/100 psn|[from] psn
|upkeep
|turn|4
|
|t:|1781200671
|switch|p1a: Ting-Lu|Ting-Lu|100/100
|-ability|p1a: Ting-Lu|Vessel of Ruin
|move|p2a: Khaos|Knock Off|p1a: Ting-Lu
|-resisted|p1a: Ting-Lu
|-damage|p1a: Ting-Lu|77/100
|-enditem|p1a: Ting-Lu|Red Card|[from] move: Knock Off|[of] p2a: Khaos
|
|-damage|p2a: Khaos|35/100 psn|[from] psn
|upkeep
|turn|5
|
|t:|1781200685
|switch|p2a: Pisces|Alomomola, M, shiny|100/100
|move|p1a: Ting-Lu|Stealth Rock|p2a: Pisces
|-sidestart|p2: remove sun teams|move: Stealth Rock
|
|upkeep
|turn|6
|
|t:|1781200699
|move|p2a: Pisces|Flip Turn|p1a: Ting-Lu
|-supereffective|p1a: Ting-Lu
|-crit|p1a: Ting-Lu
|-damage|p1a: Ting-Lu|54/100
|
|t:|1781200713
|switch|p2a: Calamity|Iron Valiant, shiny, tera:Fairy|92/100|[from] Flip Turn
|-damage|p2a: Calamity|79/100|[from] Stealth Rock
|move|p1a: Ting-Lu|Ruination|p2a: Calamity
|-damage|p2a: Calamity|40/100
|
|upkeep
|turn|7
|
|t:|1781200731
|switch|p1a: Gholdengo|Gholdengo|100/100
|move|p2a: Calamity|Moonblast|p1a: Gholdengo
|-resisted|p1a: Gholdengo
|-damage|p1a: Gholdengo|62/100
|
|upkeep
|turn|8
|
|t:|1781200745
|move|p1a: Gholdengo|Shadow Ball|p2a: Calamity
|-damage|p2a: Calamity|0 fnt
|faint|p2a: Calamity
|-end|p2a: Calamity|Quark Drive|[silent]
|
|upkeep
|j| HonchkrowLover27
|
|t:|1781200759
|switch|p2a: Liberacy|Cinderace, M, shiny|100/100
|turn|9
|
|t:|1781200772
|switch|p1a: Pecharunt|Pecharunt|100/100
|move|p2a: Liberacy|Court Change|p2a: Liberacy
|-start|p2a: Liberacy|typechange|Normal|[from] ability: Libero
|-swapsideconditions
|-activate|p2a: Liberacy|move: Court Change
|
|upkeep
|turn|10
|
|t:|1781200786
|move|p2a: Liberacy|U-turn|p1a: Pecharunt
|-resisted|p1a: Pecharunt
|-damage|p1a: Pecharunt|98/100
|
|t:|1781200800
|switch|p2a: Pisces|Alomomola, M, shiny|100/100|[from] U-turn
|move|p1a: Pecharunt|Parting Shot|p2a: Pisces
|-unboost|p2a: Pisces|atk|1
|-unboost|p2a: Pisces|spa|1
|
|t:|1781200812
|switch|p1a: Ting-Lu|Ting-Lu|54/100|[from] Parting Shot
|-damage|p1a: Ting-Lu|48/100|[from] Stealth Rock
|-ability|p1a: Ting-Lu|Vessel of Ruin
|
|upkeep
|turn|11
|
|t:|1781200826
|move|p2a: Pisces|Body Slam|p1a: Ting-Lu
|-damage|p1a: Ting-Lu|43/100
|-status|p1a: Ting-Lu|par
|move|p1a: Ting-Lu|Stealth Rock|p2a: Pisces
|-sidestart|p2: remove sun teams|move: Stealth Rock
|
|upkeep
|turn|12
|
|t:|1781200840
|move|p2a: Pisces|Aqua Jet|p1a: Ting-Lu
|-supereffective|p1a: Ting-Lu
|-damage|p1a: Ting-Lu|34/100 par
|move|p1a: Ting-Lu|Ruination|p2a: Pisces
|-damage|p2a: Pisces|51/100
|
|upkeep
|turn|13
|
|t:|1781200854
|move|p2a: Pisces|Flip Turn|p1a: Ting-Lu
|-supereffective|p1a: Ting-Lu
|-damage|p1a: Ting-Lu|23/100 par
|
|t:|1781200868
|switch|p2a: Overseer|Pecharunt|100/100|[from] Flip Turn
|cant|p1a: Ting-Lu|par
|
|upkeep
|turn|14
|
|t:|1781200882
|move|p2a: Overseer|Parting Shot|p1a: Ting-Lu
|-unboost|p1a: Ting-Lu|atk|1
|-unboost|p1a: Ting-Lu|spa|1
|inactive|remove sun teams has 120 seconds left.
|
|t:|1781200895
|switch|p2a: Pisces|Alomomola, M, shiny|84/100|[from] Parting Shot
|-damage|p2a: Pisces|71/100|[from] Stealth Rock
|move|p1a: Ting-Lu|Ruination|p2a: Pisces
|-damage|p2a: Pisces|36/100
|
|upkeep
|turn|15
|inactive|remove sun teams has 120 seconds left.
|
|t:|1781200909
|move|p2a: Pisces|Body Slam|p1a: Ting-Lu
|-damage|p1a: Ting-Lu|15/100 par
|move|p1a: Ting-Lu|Ruination|p2a: Pisces
|-damage|p2a: Pisces|18/100
|
|upkeep
|turn|16
|inactive|remove sun teams has 120 seconds left.
|
|t:|1781200923
|move|p2a: Pisces|Flip Turn|p1a: Ting-Lu
|-supereffective|p1a: Ting-Lu
|-damage|p1a: Ting-Lu|0 fnt
|faint|p1a: Ting-Lu
|inactive|remove sun teams has 120 seconds left.
|
|t:|1781200937
|switch|p2a: Enten|Landorus-Therian, M, shiny|100/100|[from] Flip Turn
|-damage|p2a: Enten|88/100|[from] Stealth Rock
|
|upkeep
|
|t:|1781200949
|switch|p1a: Darkrai|Darkrai|100/100
|-damage|p1a: Darkrai|88/100|[from] Stealth Rock
|turn|17
|inactive|remove sun teams has 120 seconds left.
|
|t:|1781200963
|-terastallize|p1a: Darkrai|Dark
|move|p2a: Enten|U-turn|p1a: Darkrai
|-supereffective|p1a: Darkrai
|-damage|p1a: Darkrai|14/100
|inactive|remove sun teams has 120 seconds left.
|
|t:|1781200976
|switch|p2a: Khaos|Hoopa-Unbound|35/100 psn|[from] U-turn
|-damage|p2a: Khaos|23/100 psn|[from] Stealth Rock
|move|p1a: Darkrai|Dark Pulse|p2a: Khaos
|-damage|p2a: Khaos|0 fnt
|faint|p2a: Khaos
|
|upkeep
|
|t:|1781200990
|switch|p2a: Enten|Landorus-Therian, M, shiny|88/100
|-damage|p2a: Enten|76/100|[from] Stealth Rock
|-ability|p2a: Enten|Intimidate|boost
|-unboost|p1a: Darkrai|atk|1
|turn|18
|
|t:|1781201004
|switch|p1a: Pecharunt|Pecharunt|98/100
|move|p2a: Enten|U-turn|p1a: Pecharunt
|-resisted|p1a: Pecharunt
|-damage|p1a: Pecharunt|94/100
|
|t:|1781201018
|switch|p2a: Pisces|Alomomola, M, shiny|52/100|[from] U-turn
|-damage|p2a: Pisces|39/100|[from] Stealth Rock
|
|upkeep
|turn|19
|
|t:|1781201031
|move|p1a: Pecharunt|Malignant Chain|p2a: Pisces
|-damage|p2a: Pisces|22/100
|move|p2a: Pisces|Flip Turn|p1a: Pecharunt
|-damage|p1a: Pecharunt|87/100
|
|t:|1781201046
|switch|p2a: Overseer|Pecharunt|100/100|[from] Flip Turn
|
|upkeep
|turn|20
|
|t:|1781201060
|switch|p2a: Pisces|Alomomola, M, shiny|55/100
|-damage|p2a: Pisces|43/100|[from] Stealth Rock
|move|p1a: Pecharunt|Parting Shot|p2a: Pisces
|-unboost|p2a: Pisces|atk|1
|-unboost|p2a: Pisces|spa|1
|
|t:|1781201067
|switch|p1a: Darkrai|Darkrai, tera:Dark|14/100|[from] Parting Shot
|-damage|p1a: Darkrai|2/100|[from] Stealth Rock
|
|upkeep
|turn|21
|
|t:|1781201080
|move|p2a: Pisces|Aqua Jet|p1a: Darkrai
|-damage|p1a: Darkrai|0 fnt
|faint|p1a: Darkrai
|
|upkeep
|
|t:|1781201085
|switch|p1a: Gholdengo|Gholdengo|62/100
|-damage|p1a: Gholdengo|56/100|[from] Stealth Rock
|turn|22
|
|t:|1781201099
|move|p1a: Gholdengo|Shadow Ball|p2a: Pisces
|-damage|p2a: Pisces|18/100
|move|p2a: Pisces|Mirror Coat|p1a: Gholdengo
|-damage|p1a: Gholdengo|0 fnt
|faint|p1a: Gholdengo
|
|upkeep
|
|t:|1781201105
|switch|p1a: Dragonite|Dragonite, F|100/100
|turn|23
|inactive|remove sun teams has 120 seconds left.
|
|t:|1781201118
|switch|p2a: Overseer|Pecharunt|100/100
|move|p1a: Dragonite|Dragon Dance|p1a: Dragonite
|-boost|p1a: Dragonite|atk|1
|-boost|p1a: Dragonite|spe|1
|
|upkeep
|turn|24
|inactive|remove sun teams has 120 seconds left.
|
|t:|1781201132
|move|p1a: Dragonite|Earthquake|p2a: Overseer
|-supereffective|p2a: Overseer
|-damage|p2a: Overseer|48/100
|move|p2a: Overseer|Malignant Chain|p1a: Dragonite
|-damage|p1a: Dragonite|86/100
|
|upkeep
|turn|25
|inactive|remove sun teams has 120 seconds left.
|
|t:|1781201148
|switch|p2a: Enten|Landorus-Therian, M, shiny|76/100
|-damage|p2a: Enten|64/100|[from] Stealth Rock
|-ability|p2a: Enten|Intimidate|boost
|-unboost|p1a: Dragonite|atk|1
|move|p1a: Dragonite|Earthquake|p2a: Enten
|-immune|p2a: Enten
|
|upkeep
|turn|26
|
|t:|1781201163
|move|p2a: Enten|Stone Edge|p1a: Dragonite|[miss]
|-miss|p2a: Enten|p1a: Dragonite
|move|p1a: Dragonite|Roost|p1a: Dragonite
|-heal|p1a: Dragonite|100/100
|-singleturn|p1a: Dragonite|move: Roost
|
|upkeep
|turn|27
|
|t:|1781201170
|move|p2a: Enten|Stone Edge|p1a: Dragonite
|-supereffective|p1a: Dragonite
|-damage|p1a: Dragonite|61/100
|move|p1a: Dragonite|Dragon Dance|p1a: Dragonite
|-boost|p1a: Dragonite|atk|1
|-boost|p1a: Dragonite|spe|1
|
|upkeep
|turn|28
|inactive|remove sun teams has 120 seconds left.
|
|t:|1781201177
|switch|p2a: Pisces|Alomomola, M, shiny|51/100
|-damage|p2a: Pisces|39/100|[from] Stealth Rock
|move|p1a: Dragonite|Roost|p1a: Dragonite
|-heal|p1a: Dragonite|100/100
|-singleturn|p1a: Dragonite|move: Roost
|
|upkeep
|turn|29
|
|t:|1781201184
|move|p1a: Dragonite|Dragon Dance|p1a: Dragonite
|-boost|p1a: Dragonite|atk|1
|-boost|p1a: Dragonite|spe|1
|move|p2a: Pisces|Body Slam|p1a: Dragonite
|-damage|p1a: Dragonite|93/100
|-status|p1a: Dragonite|par
|
|upkeep
|turn|30
|
|t:|1781201192
|switch|p2a: Enten|Landorus-Therian, M, shiny|64/100
|-damage|p2a: Enten|52/100|[from] Stealth Rock
|-ability|p2a: Enten|Intimidate|boost
|-unboost|p1a: Dragonite|atk|1
|move|p1a: Dragonite|Dragon Dance|p1a: Dragonite
|-boost|p1a: Dragonite|atk|1
|-boost|p1a: Dragonite|spe|1
|
|upkeep
|turn|31
|
|t:|1781201199
|switch|p2a: Overseer|Pecharunt|48/100
|cant|p1a: Dragonite|par
|
|upkeep
|turn|32
|
|t:|1781201206
|switch|p2a: Enten|Landorus-Therian, M, shiny|52/100
|-damage|p2a: Enten|39/100|[from] Stealth Rock
|-ability|p2a: Enten|Intimidate|boost
|-unboost|p1a: Dragonite|atk|1
|move|p1a: Dragonite|Dragon Dance|p1a: Dragonite
|-boost|p1a: Dragonite|atk|1
|-boost|p1a: Dragonite|spe|1
|
|upkeep
|turn|33
|
|t:|1781201214
|switch|p2a: Overseer|Pecharunt|48/100
|move|p1a: Dragonite|Extreme Speed|p2a: Overseer
|-immune|p2a: Overseer
|
|upkeep
|turn|34
|
|t:|1781201221
|switch|p2a: Enten|Landorus-Therian, M, shiny|39/100
|-damage|p2a: Enten|27/100|[from] Stealth Rock
|-ability|p2a: Enten|Intimidate|boost
|-unboost|p1a: Dragonite|atk|1
|move|p1a: Dragonite|Dragon Dance|p1a: Dragonite
|-boost|p1a: Dragonite|atk|1
|-boost|p1a: Dragonite|spe|1
|
|upkeep
|turn|35
|
|t:|1781201228
|switch|p2a: Overseer|Pecharunt|48/100
|cant|p1a: Dragonite|par
|
|upkeep
|turn|36
|
|t:|1781201235
|switch|p2a: Enten|Landorus-Therian, M, shiny|27/100
|-damage|p2a: Enten|15/100|[from] Stealth Rock
|-ability|p2a: Enten|Intimidate|boost
|-unboost|p1a: Dragonite|atk|1
|cant|p1a: Dragonite|par
|
|upkeep
|turn|37
|
|t:|1781201242
|switch|p2a: Overseer|Pecharunt|48/100
|move|p1a: Dragonite|Extreme Speed|p2a: Overseer
|-immune|p2a: Overseer
|
|upkeep
|turn|38
|
|t:|1781201250
|switch|p2a: Enten|Landorus-Therian, M, shiny|15/100
|-damage|p2a: Enten|3/100|[from] Stealth Rock
|-ability|p2a: Enten|Intimidate|boost
|-unboost|p1a: Dragonite|atk|1
|move|p1a: Dragonite|Dragon Dance|p1a: Dragonite
|-boost|p1a: Dragonite|atk|1
|-boost|p1a: Dragonite|spe|0
|
|upkeep
|turn|39
|
|t:|1781201257
|switch|p2a: Overseer|Pecharunt|48/100
|move|p1a: Dragonite|Extreme Speed|p2a: Overseer
|-immune|p2a: Overseer
|
|upkeep
|turn|40
|
|t:|1781201264
|switch|p2a: Enten|Landorus-Therian, M, shiny|3/100
|-damage|p2a: Enten|0 fnt|[from] Stealth Rock
|faint|p2a: Enten
|move|p1a: Dragonite|Dragon Dance|p1a: Dragonite
|-boost|p1a: Dragonite|atk|1
|-boost|p1a: Dragonite|spe|0
|
|upkeep
|
|t:|1781201271
|switch|p2a: Pisces|Alomomola, M, shiny|72/100
|-damage|p2a: Pisces|60/100|[from] Stealth Rock
|turn|41
|
|t:|1781201278
|move|p1a: Dragonite|Dragon Dance|p1a: Dragonite
|-boost|p1a: Dragonite|atk|1
|-boost|p1a: Dragonite|spe|0
|move|p2a: Pisces|Body Slam|p1a: Dragonite
|-damage|p1a: Dragonite|76/100 par
|
|upkeep
|turn|42
|
|t:|1781201286
|switch|p2a: Liberacy|Cinderace, M, shiny|100/100
|move|p1a: Dragonite|Earthquake|p2a: Liberacy
|-supereffective|p2a: Liberacy
|-damage|p2a: Liberacy|0 fnt
|faint|p2a: Liberacy
|
|upkeep
|
|t:|1781201294
|switch|p2a: Pisces|Alomomola, M, shiny|93/100
|-damage|p2a: Pisces|81/100|[from] Stealth Rock
|turn|43
|
|t:|1781201301
|move|p1a: Dragonite|Dragon Dance|p1a: Dragonite
|-boost|p1a: Dragonite|atk|1
|-boost|p1a: Dragonite|spe|0
|move|p2a: Pisces|Body Slam|p1a: Dragonite
|-damage|p1a: Dragonite|62/100 par
|
|upkeep
|turn|44
|
|t:|1781201308
|cant|p1a: Dragonite|par
|move|p2a: Pisces|Body Slam|p1a: Dragonite
|-damage|p1a: Dragonite|47/100 par
|
|upkeep
|turn|45
|
|t:|1781201315
|cant|p1a: Dragonite|par
|move|p2a: Pisces|Body Slam|p1a: Dragonite
|-damage|p1a: Dragonite|31/100 par
|
|upkeep
|turn|46
|
|t:|1781201323
|move|p2a: Pisces|Aqua Jet|p1a: Dragonite
|-resisted|p1a: Dragonite
|-damage|p1a: Dragonite|26/100 par
|cant|p1a: Dragonite|par
|
|upkeep
|turn|47
|
|t:|1781201330
|move|p1a: Dragonite|Roost|p1a: Dragonite
|-heal|p1a: Dragonite|76/100 par
|-singleturn|p1a: Dragonite|move: Roost
|move|p2a: Pisces|Flip Turn|p1a: Dragonite
|-resisted|p1a: Dragonite
|-damage|p1a: Dragonite|68/100 par
|
|t:|1781201337
|switch|p2a: Overseer|Pecharunt|48/100|[from] Flip Turn
|
|upkeep
|turn|48
|
|t:|1781201344
|move|p1a: Dragonite|Earthquake|p2a: Overseer
|-supereffective|p2a: Overseer
|-damage|p2a: Overseer|0 fnt
|faint|p2a: Overseer
|
|upkeep
|
|t:|1781201351
|switch|p2a: Pisces|Alomomola, M, shiny|100/100
|-damage|p2a: Pisces|88/100|[from] Stealth Rock
|turn|49
|
|t:|1781201358
|move|p1a: Dragonite|Earthquake|p2a: Pisces
|-damage|p2a: Pisces|9/100
|move|p2a: Pisces|Body Slam|p1a: Dragonite
|-damage|p1a: Dragonite|52/100 par
|
|upkeep
|turn|50
|
|t:|1781201362
|move|p1a: Dragonite|Extreme Speed|p2a: Pisces
|-damage|p2a: Pisces|0 fnt
|faint|p2a: Pisces
|
|win|jonuz
|raw|jonuz's rating: 1743 &rarr; <strong>1761</strong><br />(+18 for winning)
|raw|remove sun teams's rating: 1706 &rarr; <strong>1688</strong><br />(-18 for losing)
|c|☆remove sun teams|gg
|l|☆jonuz
|player|p1|
|l| HonchkrowLover27
