|j|☆team10thPlanet
|j|☆Miurez
|t:|1780891805
|gametype|singles
|player|p1|team10thPlanet|veteran|1692
|player|p2|Miurez|pokemonranger-gen4|1741
|gen|9
|tier|[Gen 9] OU
|rated|
|rule|HP Percentage Mod: HP is shown in percentages
|rule|Endless Battle Clause: Forcing endless battles is banned
|rule|Species Clause: Limit one of each Pokémon
|rule|OHKO Clause: OHKO moves are banned
|rule|Evasion Items Clause: Evasion items are banned
|rule|Evasion Moves Clause: Evasion moves are banned
|rule|Evasion Abilities Clause: Evasion abilities are banned
|rule|Sleep Moves Clause: Sleep-inducing moves are banned
|clearpoke
|poke|p1|Zamazenta-*|
|poke|p1|Dragonite, M|
|poke|p1|Araquanid, M|
|poke|p1|Iron Treads|
|poke|p1|Raikou|
|poke|p1|Hoopa-Unbound|
|poke|p2|Iron Moth|
|poke|p2|Gliscor, M|
|poke|p2|Hatterene, F|
|poke|p2|Ogerpon-Wellspring, F|
|poke|p2|Raging Bolt|
|poke|p2|Zamazenta-*|
|teampreview
|
|t:|1780891828
|teamsize|p1|6
|teamsize|p2|6
|start
|switch|p1a: Diego ⚡️|Raikou|100/100
|switch|p2a: Zamazenta|Zamazenta|100/100
|-ability|p2a: Zamazenta|Dauntless Shield|boost
|-boost|p2a: Zamazenta|def|1
|-ability|p1a: Diego ⚡️|Pressure
|turn|1
|
|t:|1780891837
|switch|p1a: Johnny Tsunami 🌊|Araquanid, M|100/100
|move|p2a: Zamazenta|Close Combat|p1a: Johnny Tsunami 🌊
|-resisted|p1a: Johnny Tsunami 🌊
|-damage|p1a: Johnny Tsunami 🌊|76/100
|-unboost|p2a: Zamazenta|def|1
|-unboost|p2a: Zamazenta|spd|1
|
|upkeep
|turn|2
|
|t:|1780891846
|move|p2a: Zamazenta|Light Screen|p2a: Zamazenta
|-sidestart|p2: Miurez|move: Light Screen
|move|p1a: Johnny Tsunami 🌊|Surf|p2a: Zamazenta
|-damage|p2a: Zamazenta|67/100
|
|upkeep
|turn|3
|
|t:|1780891851
|switch|p2a: Hatterene|Hatterene, F|100/100
|move|p1a: Johnny Tsunami 🌊|Surf|p2a: Hatterene
|-crit|p2a: Hatterene
|-damage|p2a: Hatterene|18/100
|
|-heal|p2a: Hatterene|24/100|[from] item: Leftovers
|upkeep
|turn|4
|j| kanaete onegai
|
|t:|1780891867
|move|p1a: Johnny Tsunami 🌊|Surf|p2a: Hatterene
|-damage|p2a: Hatterene|0 fnt
|faint|p2a: Hatterene
|
|upkeep
|
|t:|1780891891
|switch|p2a: Gliscor|Gliscor, M|100/100
|turn|5
|
|t:|1780891909
|move|p2a: Gliscor|Swords Dance|p2a: Gliscor
|-boost|p2a: Gliscor|atk|2
|move|p1a: Johnny Tsunami 🌊|Sticky Web|p2a: Gliscor
|-sidestart|p2: Miurez|move: Sticky Web
|
|-status|p2a: Gliscor|tox|[from] item: Toxic Orb
|upkeep
|turn|6
|
|t:|1780891936
|-terastallize|p2a: Gliscor|Normal
|-terastallize|p1a: Johnny Tsunami 🌊|Ghost
|move|p2a: Gliscor|Agility|p2a: Gliscor
|-boost|p2a: Gliscor|spe|2
|move|p1a: Johnny Tsunami 🌊|Surf|p2a: Gliscor
|-damage|p2a: Gliscor|67/100 tox
|
|-heal|p2a: Gliscor|79/100 tox|[from] ability: Poison Heal
|upkeep
|turn|7
|
|t:|1780891948
|move|p2a: Gliscor|Swords Dance|p2a: Gliscor
|-boost|p2a: Gliscor|atk|2
|move|p1a: Johnny Tsunami 🌊|Surf|p2a: Gliscor
|-damage|p2a: Gliscor|46/100 tox
|
|-heal|p2a: Gliscor|58/100 tox|[from] ability: Poison Heal
|upkeep
|turn|8
|
|t:|1780891959
|move|p1a: Johnny Tsunami 🌊|Endure|p1a: Johnny Tsunami 🌊
|-singleturn|p1a: Johnny Tsunami 🌊|move: Endure
|move|p2a: Gliscor|Earthquake|p1a: Johnny Tsunami 🌊
|-activate|p1a: Johnny Tsunami 🌊|move: Endure
|-damage|p1a: Johnny Tsunami 🌊|1/100
|
|-heal|p2a: Gliscor|71/100 tox|[from] ability: Poison Heal
|upkeep
|turn|9
|-enditem|p1a: Johnny Tsunami 🌊|Custap Berry|[eat]
|-activate|p1a: Johnny Tsunami 🌊|item: Custap Berry|[consumed]
|
|t:|1780891974
|move|p1a: Johnny Tsunami 🌊|Endeavor|p2a: Gliscor
|-damage|p2a: Gliscor|1/100 tox
|move|p2a: Gliscor|Swords Dance|p2a: Gliscor
|-boost|p2a: Gliscor|atk|2
|
|-heal|p2a: Gliscor|13/100 tox|[from] ability: Poison Heal
|-sideend|p2: Miurez|move: Light Screen
|upkeep
|turn|10
|
|t:|1780891985
|move|p2a: Gliscor|Earthquake|p1a: Johnny Tsunami 🌊
|-damage|p1a: Johnny Tsunami 🌊|0 fnt
|faint|p1a: Johnny Tsunami 🌊
|
|-heal|p2a: Gliscor|25/100 tox|[from] ability: Poison Heal
|upkeep
|
|t:|1780891994
|switch|p1a: Fat Boy|Dragonite, M, shiny|100/100
|turn|11
|
|t:|1780891997
|move|p1a: Fat Boy|Extreme Speed|p2a: Gliscor
|-damage|p2a: Gliscor|0 fnt
|faint|p2a: Gliscor
|
|upkeep
|
|t:|1780892007
|switch|p2a: Zamazenta|Zamazenta|67/100
|-activate|p2a: Zamazenta|move: Sticky Web
|-unboost|p2a: Zamazenta|spe|1
|turn|12
|
|t:|1780892013
|move|p1a: Fat Boy|Extreme Speed|p2a: Zamazenta
|-damage|p2a: Zamazenta|26/100
|move|p2a: Zamazenta|Reflect|p2a: Zamazenta
|-sidestart|p2: Miurez|Reflect
|
|upkeep
|turn|13
|
|t:|1780892019
|move|p1a: Fat Boy|Extreme Speed|p2a: Zamazenta
|-damage|p2a: Zamazenta|7/100
|move|p2a: Zamazenta|Ice Fang|p1a: Fat Boy
|-supereffective|p1a: Fat Boy
|-damage|p1a: Fat Boy|68/100
|
|upkeep
|turn|14
|
|t:|1780892027
|move|p1a: Fat Boy|Extreme Speed|p2a: Zamazenta
|-damage|p2a: Zamazenta|0 fnt
|faint|p2a: Zamazenta
|
|upkeep
|
|t:|1780892038
|switch|p2a: Iron Moth|Iron Moth|100/100
|-activate|p2a: Iron Moth|move: Sticky Web
|-unboost|p2a: Iron Moth|spe|1
|-enditem|p2a: Iron Moth|Booster Energy
|-activate|p2a: Iron Moth|ability: Quark Drive|[fromitem]
|-start|p2a: Iron Moth|quarkdrivespa
|turn|15
|
|t:|1780892045
|move|p1a: Fat Boy|Extreme Speed|p2a: Iron Moth
|-damage|p2a: Iron Moth|61/100
|move|p2a: Iron Moth|Toxic Spikes|p1a: Fat Boy
|-sidestart|p1: team10thPlanet|move: Toxic Spikes
|
|upkeep
|turn|16
|
|t:|1780892065
|move|p1a: Fat Boy|Extreme Speed|p2a: Iron Moth
|-damage|p2a: Iron Moth|23/100
|move|p2a: Iron Moth|Fiery Dance|p1a: Fat Boy
|-resisted|p1a: Fat Boy
|-damage|p1a: Fat Boy|46/100
|-boost|p2a: Iron Moth|spa|1
|
|upkeep
|turn|17
|
|t:|1780892077
|move|p1a: Fat Boy|Extreme Speed|p2a: Iron Moth
|-damage|p2a: Iron Moth|0 fnt
|faint|p2a: Iron Moth
|-end|p2a: Iron Moth|Quark Drive|[silent]
|
|upkeep
|
|t:|1780892085
|switch|p2a: Ogerpon|Ogerpon-Wellspring, F|100/100
|-activate|p2a: Ogerpon|move: Sticky Web
|-unboost|p2a: Ogerpon|spe|1
|turn|18
|
|t:|1780892095
|move|p1a: Fat Boy|Extreme Speed|p2a: Ogerpon
|-damage|p2a: Ogerpon|71/100
|move|p2a: Ogerpon|Swords Dance|p2a: Ogerpon
|-boost|p2a: Ogerpon|atk|2
|
|upkeep
|turn|19
|
|t:|1780892103
|move|p2a: Ogerpon|Trailblaze|p1a: Fat Boy
|-resisted|p1a: Fat Boy
|-damage|p1a: Fat Boy|31/100
|-boost|p2a: Ogerpon|spe|1
|-activate|p1a: Fat Boy|move: Struggle
|move|p1a: Fat Boy|Struggle|p2a: Ogerpon
|-damage|p2a: Ogerpon|50/100
|-damage|p1a: Fat Boy|6/100|[from] recoil
|
|-sideend|p2: Miurez|Reflect
|upkeep
|turn|20
|
|t:|1780892114
|move|p2a: Ogerpon|Trailblaze|p1a: Fat Boy
|-resisted|p1a: Fat Boy
|-damage|p1a: Fat Boy|0 fnt
|-boost|p2a: Ogerpon|spe|1
|faint|p1a: Fat Boy
|
|upkeep
|
|t:|1780892132
|switch|p1a: Zamazenta|Zamazenta|100/100
|-status|p1a: Zamazenta|psn
|-ability|p1a: Zamazenta|Dauntless Shield|boost
|-boost|p1a: Zamazenta|def|1
|turn|21
|
|t:|1780892137
|move|p2a: Ogerpon|Ivy Cudgel|p1a: Zamazenta|[anim] Ivy Cudgel Water
|-crit|p1a: Zamazenta
|-damage|p1a: Zamazenta|0 fnt
|faint|p1a: Zamazenta
|
|upkeep
|
|t:|1780892154
|switch|p1a: Diego ⚡️|Raikou|100/100
|-status|p1a: Diego ⚡️|psn
|-ability|p1a: Diego ⚡️|Pressure
|turn|22
|
|t:|1780892160
|move|p2a: Ogerpon|Ivy Cudgel|p1a: Diego ⚡️|[anim] Ivy Cudgel Water
|-damage|p1a: Diego ⚡️|0 fnt
|faint|p1a: Diego ⚡️
|
|upkeep
|
|t:|1780892166
|switch|p1a: Hoopa|Hoopa-Unbound|100/100
|-status|p1a: Hoopa|psn
|turn|23
|
|t:|1780892170
|move|p2a: Ogerpon|Ivy Cudgel|p1a: Hoopa|[anim] Ivy Cudgel Water
|-damage|p1a: Hoopa|0 fnt
|faint|p1a: Hoopa
|
|upkeep
|-message|team10thPlanet forfeited.
|
|win|Miurez
|raw|team10thPlanet's rating: 1692 &rarr; <strong>1675</strong><br />(-17 for losing)
|raw|Miurez's rating: 1741 &rarr; <strong>1758</strong><br />(+17 for winning)
|l|☆team10thPlanet
|player|p1|
|l|☆Miurez
|player|p2|
