|j|‽TheCannonites
|j|☆Johnny tots
|t:|1781372647
|gametype|singles
|player|p1|TheCannonites|n|1697
|player|p2|Johnny tots|266|1774
|gen|9
|tier|[Gen 9] OU
|rated|
|rule|HP Percentage Mod: HP is shown in percentages
|rule|Endless Battle Clause: Forcing endless battles is banned
|rule|Species Clause: Limit one of each Pokémon
|rule|OHKO Clause: OHKO moves are banned
|rule|Evasion Items Clause: Evasion items are banned
|rule|Evasion Moves Clause: Evasion moves are banned
|rule|Evasion Abilities Clause: Evasion abilities are banned
|rule|Sleep Moves Clause: Sleep-inducing moves are banned
|clearpoke
|poke|p1|Grimmsnarl, M|
|poke|p1|Blastoise, F|
|poke|p1|Hatterene, F|
|poke|p1|Iron Crown|
|poke|p1|Great Tusk|
|poke|p1|Ceruledge, M|
|poke|p2|Rillaboom, F|
|poke|p2|Klefki, F|
|poke|p2|Manaphy|
|poke|p2|Ogerpon-Wellspring, F|
|poke|p2|Maushold-Four|
|poke|p2|Clefable, M|
|teampreview
|inactive|Battle timer is ON: inactive players will automatically lose when time's up. (requested by TheCannonites)
|
|t:|1781372655
|teamsize|p1|6
|teamsize|p2|6
|start
|switch|p1a: Grimmsnarl|Grimmsnarl, M|100/100
|switch|p2a: Klefki|Klefki, F|100/100
|turn|1
|
|t:|1781372660
|move|p1a: Grimmsnarl|Taunt|p2a: Klefki
|-start|p2a: Klefki|move: Taunt
|cant|p2a: Klefki|move: Taunt|Spikes
|
|upkeep
|turn|2
|
|t:|1781372665
|switch|p2a: Maushold|Maushold-Four|100/100
|move|p1a: Grimmsnarl|Reflect|p1a: Grimmsnarl
|-sidestart|p1: TheCannonites|Reflect
|
|upkeep
|turn|3
|
|t:|1781372671
|switch|p1a: Ceruledge|Ceruledge, M|100/100
|move|p2a: Maushold|Tidy Up|p2a: Maushold
|-boost|p2a: Maushold|atk|1
|-boost|p2a: Maushold|spe|1
|
|upkeep
|turn|4
|j| DA COME UP
|
|t:|1781372689
|move|p2a: Maushold|Tidy Up|p2a: Maushold
|-boost|p2a: Maushold|atk|1
|-boost|p2a: Maushold|spe|1
|move|p1a: Ceruledge|Swords Dance|p1a: Ceruledge
|-boost|p1a: Ceruledge|atk|2
|
|upkeep
|turn|5
|
|t:|1781372695
|move|p2a: Maushold|Encore|p1a: Ceruledge
|-start|p1a: Ceruledge|Encore
|move|p1a: Ceruledge|Swords Dance|p1a: Ceruledge
|-boost|p1a: Ceruledge|atk|2
|
|upkeep
|turn|6
|
|t:|1781372704
|switch|p1a: Grimmsnarl|Grimmsnarl, M|100/100
|move|p2a: Maushold|Tidy Up|p2a: Maushold
|-boost|p2a: Maushold|atk|1
|-boost|p2a: Maushold|spe|1
|
|upkeep
|turn|7
|
|t:|1781372717
|switch|p1a: Ceruledge|Ceruledge, M|100/100
|move|p2a: Maushold|Population Bomb|p1a: Ceruledge
|-immune|p1a: Ceruledge
|
|upkeep
|turn|8
|
|t:|1781372724
|move|p2a: Maushold|Bite|p1a: Ceruledge
|-supereffective|p1a: Ceruledge
|-damage|p1a: Ceruledge|15/100
|-ability|p1a: Ceruledge|Weak Armor|boost
|-unboost|p1a: Ceruledge|def|1
|-boost|p1a: Ceruledge|spe|2
|move|p1a: Ceruledge|Close Combat|p2a: Maushold
|-supereffective|p2a: Maushold
|-damage|p2a: Maushold|0 fnt
|-unboost|p1a: Ceruledge|def|1
|-unboost|p1a: Ceruledge|spd|1
|faint|p2a: Maushold
|-damage|p1a: Ceruledge|5/100|[from] item: Life Orb
|
|upkeep
|
|t:|1781372731
|switch|p2a: Rillaboom|Rillaboom, F|100/100
|-fieldstart|move: Grassy Terrain|[from] ability: Grassy Surge|[of] p2a: Rillaboom
|turn|9
|
|t:|1781372739
|move|p2a: Rillaboom|Grassy Glide|p1a: Ceruledge
|-resisted|p1a: Ceruledge
|-damage|p1a: Ceruledge|0 fnt
|faint|p1a: Ceruledge
|
|-sideend|p1: TheCannonites|Reflect
|upkeep
|l| DA COME UP
|
|t:|1781372745
|switch|p1a: Grimmsnarl|Grimmsnarl, M|100/100
|turn|10
|
|t:|1781372749
|move|p1a: Grimmsnarl|Reflect|p1a: Grimmsnarl
|-sidestart|p1: TheCannonites|Reflect
|move|p2a: Rillaboom|Knock Off|p1a: Grimmsnarl
|-resisted|p1a: Grimmsnarl
|-damage|p1a: Grimmsnarl|95/100
|-enditem|p1a: Grimmsnarl|Light Clay|[from] move: Knock Off|[of] p2a: Rillaboom
|
|-heal|p1a: Grimmsnarl|100/100|[from] Grassy Terrain
|upkeep
|turn|11
|
|t:|1781372756
|move|p1a: Grimmsnarl|Taunt|p2a: Rillaboom
|-start|p2a: Rillaboom|move: Taunt
|cant|p2a: Rillaboom|move: Taunt|Bulk Up
|
|upkeep
|turn|12
|
|t:|1781372761
|switch|p2a: Ogerpon|Ogerpon-Wellspring, F|100/100
|move|p1a: Grimmsnarl|Light Screen|p1a: Grimmsnarl
|-sidestart|p1: TheCannonites|move: Light Screen
|
|upkeep
|turn|13
|
|t:|1781372766
|move|p1a: Grimmsnarl|Taunt|p2a: Ogerpon
|-start|p2a: Ogerpon|move: Taunt
|cant|p2a: Ogerpon|move: Taunt|Swords Dance
|
|upkeep
|turn|14
|
|t:|1781372772
|switch|p2a: Klefki|Klefki, F|100/100
|switch|p1a: Iron Crown|Iron Crown|100/100
|-enditem|p1a: Iron Crown|Booster Energy
|-activate|p1a: Iron Crown|ability: Quark Drive|[fromitem]
|-start|p1a: Iron Crown|quarkdrivespa
|
|upkeep
|turn|15
|
|t:|1781372780
|move|p2a: Klefki|Thunder Wave|p1a: Iron Crown
|-status|p1a: Iron Crown|par
|cant|p1a: Iron Crown|par
|
|upkeep
|turn|16
|
|t:|1781372785
|move|p2a: Klefki|Light Screen|p2a: Klefki
|-sidestart|p2: Johnny tots|move: Light Screen
|move|p1a: Iron Crown|Agility|p1a: Iron Crown
|-boost|p1a: Iron Crown|spe|2
|
|-sideend|p1: TheCannonites|move: Light Screen
|-fieldend|move: Grassy Terrain
|upkeep
|turn|17
|
|t:|1781372792
|switch|p2a: Ogerpon|Ogerpon-Wellspring, F|100/100
|move|p1a: Iron Crown|Agility|p1a: Iron Crown
|-boost|p1a: Iron Crown|spe|2
|
|-sideend|p1: TheCannonites|Reflect
|upkeep
|turn|18
|
|t:|1781372799
|move|p1a: Iron Crown|Calm Mind|p1a: Iron Crown
|-boost|p1a: Iron Crown|spa|1
|-boost|p1a: Iron Crown|spd|1
|move|p2a: Ogerpon|Ivy Cudgel|p1a: Iron Crown|[anim] Ivy Cudgel Water
|-damage|p1a: Iron Crown|33/100 par
|
|upkeep
|turn|19
|
|t:|1781372819
|move|p1a: Iron Crown|Stored Power|p2a: Ogerpon
|-damage|p2a: Ogerpon|18/100
|move|p2a: Ogerpon|Ivy Cudgel|p1a: Iron Crown|[anim] Ivy Cudgel Water
|-crit|p1a: Iron Crown
|-damage|p1a: Iron Crown|0 fnt
|faint|p1a: Iron Crown
|-end|p1a: Iron Crown|Quark Drive|[silent]
|
|upkeep
|
|t:|1781372827
|switch|p1a: Grimmsnarl|Grimmsnarl, M|100/100
|turn|20
|
|t:|1781372833
|move|p1a: Grimmsnarl|Reflect|p1a: Grimmsnarl
|-sidestart|p1: TheCannonites|Reflect
|move|p2a: Ogerpon|Swords Dance|p2a: Ogerpon
|-boost|p2a: Ogerpon|atk|2
|
|upkeep
|turn|21
|
|t:|1781372837
|move|p2a: Ogerpon|Ivy Cudgel|p1a: Grimmsnarl|[anim] Ivy Cudgel Water
|-crit|p1a: Grimmsnarl
|-damage|p1a: Grimmsnarl|0 fnt
|faint|p1a: Grimmsnarl
|
|upkeep
|
|t:|1781372843
|switch|p1a: Blastoise|Blastoise, F|100/100
|turn|22
|j| akabrithan
|l| akabrithan
|inactive|Johnny tots has 120 seconds left.
|inactive|Johnny tots has 90 seconds left.
|
|t:|1781372905
|move|p2a: Ogerpon|Power Whip|p1a: Blastoise
|-supereffective|p1a: Blastoise
|-damage|p1a: Blastoise|0 fnt
|faint|p1a: Blastoise
|
|upkeep
|
|t:|1781372910
|switch|p1a: Great Tusk|Great Tusk|100/100
|-enditem|p1a: Great Tusk|Booster Energy
|-activate|p1a: Great Tusk|ability: Protosynthesis|[fromitem]
|-start|p1a: Great Tusk|protosynthesisspe
|turn|23
|
|t:|1781372922
|move|p1a: Great Tusk|Bulk Up|p1a: Great Tusk
|-boost|p1a: Great Tusk|atk|1
|-boost|p1a: Great Tusk|def|1
|move|p2a: Ogerpon|Ivy Cudgel|p1a: Great Tusk|[anim] Ivy Cudgel Water
|-supereffective|p1a: Great Tusk
|-damage|p1a: Great Tusk|49/100
|
|-sideend|p2: Johnny tots|move: Light Screen
|upkeep
|turn|24
|
|t:|1781372932
|move|p1a: Great Tusk|Ice Spinner|p2a: Ogerpon
|-damage|p2a: Ogerpon|0 fnt
|faint|p2a: Ogerpon
|
|-sideend|p1: TheCannonites|Reflect
|upkeep
|
|t:|1781372937
|switch|p2a: Klefki|Klefki, F|100/100
|turn|25
|
|t:|1781372941
|move|p2a: Klefki|Reflect|p2a: Klefki
|-sidestart|p2: Johnny tots|Reflect
|move|p1a: Great Tusk|Bulk Up|p1a: Great Tusk
|-boost|p1a: Great Tusk|atk|1
|-boost|p1a: Great Tusk|def|1
|
|upkeep
|turn|26
|
|t:|1781372949
|switch|p2a: Rillaboom|Rillaboom, F|100/100
|-fieldstart|move: Grassy Terrain|[from] ability: Grassy Surge|[of] p2a: Rillaboom
|move|p1a: Great Tusk|Headlong Rush|p2a: Rillaboom
|-resisted|p2a: Rillaboom
|-damage|p2a: Rillaboom|74/100
|-unboost|p1a: Great Tusk|def|1
|-unboost|p1a: Great Tusk|spd|1
|
|-heal|p1a: Great Tusk|55/100|[from] Grassy Terrain
|-heal|p2a: Rillaboom|81/100|[from] Grassy Terrain
|upkeep
|turn|27
|
|t:|1781372959
|move|p2a: Rillaboom|Grassy Glide|p1a: Great Tusk
|-supereffective|p1a: Great Tusk
|-damage|p1a: Great Tusk|23/100
|move|p1a: Great Tusk|Ice Spinner|p2a: Rillaboom
|-supereffective|p2a: Rillaboom
|-damage|p2a: Rillaboom|35/100
|-fieldend|move: Grassy Terrain
|
|upkeep
|turn|28
|
|t:|1781372967
|move|p1a: Great Tusk|Ice Spinner|p2a: Rillaboom
|-supereffective|p2a: Rillaboom
|-damage|p2a: Rillaboom|0 fnt
|faint|p2a: Rillaboom
|
|upkeep
|
|t:|1781372969
|switch|p2a: Clefable|Clefable, M|100/100
|turn|29
|
|t:|1781372973
|move|p1a: Great Tusk|Headlong Rush|p2a: Clefable
|-damage|p2a: Clefable|53/100
|-unboost|p1a: Great Tusk|def|1
|-unboost|p1a: Great Tusk|spd|1
|move|p2a: Clefable|Moonblast|p1a: Great Tusk
|-supereffective|p1a: Great Tusk
|-damage|p1a: Great Tusk|0 fnt
|faint|p1a: Great Tusk
|-end|p1a: Great Tusk|Protosynthesis|[silent]
|
|-heal|p2a: Clefable|59/100|[from] item: Leftovers
|upkeep
|
|t:|1781372984
|switch|p1a: Hatterene|Hatterene, F|100/100
|turn|30
|
|t:|1781372987
|move|p2a: Clefable|Calm Mind|p2a: Clefable
|-boost|p2a: Clefable|spa|1
|-boost|p2a: Clefable|spd|1
|move|p1a: Hatterene|Calm Mind|p1a: Hatterene
|-boost|p1a: Hatterene|spa|1
|-boost|p1a: Hatterene|spd|1
|
|-heal|p2a: Clefable|65/100|[from] item: Leftovers
|upkeep
|turn|31
|
|t:|1781372994
|move|p2a: Clefable|Moonblast|p1a: Hatterene
|-damage|p1a: Hatterene|59/100
|move|p1a: Hatterene|Calm Mind|p1a: Hatterene
|-boost|p1a: Hatterene|spa|1
|-boost|p1a: Hatterene|spd|1
|
|-heal|p2a: Clefable|71/100|[from] item: Leftovers
|-heal|p1a: Hatterene|65/100|[from] item: Leftovers
|upkeep
|turn|32
|
|t:|1781373002
|move|p2a: Clefable|Calm Mind|p2a: Clefable
|-boost|p2a: Clefable|spa|1
|-boost|p2a: Clefable|spd|1
|move|p1a: Hatterene|Draining Kiss|p2a: Clefable
|-damage|p2a: Clefable|44/100
|-heal|p1a: Hatterene|90/100|[from] drain|[of] p2a: Clefable
|
|-heal|p2a: Clefable|50/100|[from] item: Leftovers
|-heal|p1a: Hatterene|96/100|[from] item: Leftovers
|-sideend|p2: Johnny tots|Reflect
|upkeep
|turn|33
|
|t:|1781373012
|move|p2a: Clefable|Moonblast|p1a: Hatterene
|-damage|p1a: Hatterene|57/100
|move|p1a: Hatterene|Psyshock|p2a: Clefable
|-damage|p2a: Clefable|0 fnt
|faint|p2a: Clefable
|
|-heal|p1a: Hatterene|63/100|[from] item: Leftovers
|upkeep
|
|t:|1781373019
|switch|p2a: Manaphy|Manaphy|100/100
|turn|34
|
|t:|1781373023
|move|p2a: Manaphy|Acid Armor|p2a: Manaphy
|-boost|p2a: Manaphy|def|2
|move|p1a: Hatterene|Psyshock|p2a: Manaphy
|-damage|p2a: Manaphy|54/100
|
|-heal|p2a: Manaphy|61/100|[from] item: Leftovers
|-heal|p1a: Hatterene|69/100|[from] item: Leftovers
|upkeep
|turn|35
|
|t:|1781373031
|move|p2a: Manaphy|Take Heart|p2a: Manaphy
|-boost|p2a: Manaphy|spa|1
|-boost|p2a: Manaphy|spd|1
|move|p1a: Hatterene|Draining Kiss|p2a: Manaphy
|-damage|p2a: Manaphy|22/100
|-heal|p1a: Hatterene|100/100|[from] drain|[of] p2a: Manaphy
|
|-heal|p2a: Manaphy|28/100|[from] item: Leftovers
|upkeep
|turn|36
|
|t:|1781373040
|move|p2a: Manaphy|Scald|p1a: Hatterene
|-damage|p1a: Hatterene|68/100
|move|p1a: Hatterene|Draining Kiss|p2a: Manaphy
|-damage|p2a: Manaphy|0 fnt
|-heal|p1a: Hatterene|92/100|[from] drain|[of] p2a: Manaphy
|faint|p2a: Manaphy
|
|-heal|p1a: Hatterene|98/100|[from] item: Leftovers
|upkeep
|-message|Johnny tots forfeited.
|
|win|TheCannonites
|raw|TheCannonites's rating: 1697 &rarr; <strong>1721</strong><br />(+24 for winning)
|raw|Johnny tots's rating: 1774 &rarr; <strong>1750</strong><br />(-24 for losing)
|l|☆Johnny tots
|player|p2|
|l|‽TheCannonites
|player|p1|
