|j|☆xiaoying-O.o
|j|‽samudriss
|t:|1781079046
|gametype|singles
|player|p1|xiaoying-O.o|170|1599
|player|p2|samudriss|geeta|1590
|gen|9
|tier|[Gen 9] OU
|rated|
|rule|HP Percentage Mod: HP is shown in percentages
|rule|Endless Battle Clause: Forcing endless battles is banned
|rule|Species Clause: Limit one of each Pokémon
|rule|OHKO Clause: OHKO moves are banned
|rule|Evasion Items Clause: Evasion items are banned
|rule|Evasion Moves Clause: Evasion moves are banned
|rule|Evasion Abilities Clause: Evasion abilities are banned
|rule|Sleep Moves Clause: Sleep-inducing moves are banned
|clearpoke
|poke|p1|Dragonite, F|
|poke|p1|Alomomola, F|
|poke|p1|Corviknight, F|
|poke|p1|Lokix, F|
|poke|p1|Blissey, F|
|poke|p1|Incineroar, M|
|poke|p2|Alomomola, M|
|poke|p2|Slowking-Galar, M|
|poke|p2|Kingambit, M|
|poke|p2|Iron Valiant|
|poke|p2|Great Tusk|
|poke|p2|Dragapult, F|
|teampreview
|inactive|Battle timer is ON: inactive players will automatically lose when time's up. (requested by samudriss)
|inactive|xiaoying-O.o has 120 seconds left.
|
|t:|1781079099
|teamsize|p1|6
|teamsize|p2|6
|start
|switch|p1a: Alomomola|Alomomola, F|100/100
|switch|p2a: Alomomola|Alomomola, M|100/100
|turn|1
|
|t:|1781079109
|move|p1a: Alomomola|Flip Turn|p2a: Alomomola
|-resisted|p2a: Alomomola
|-damage|p2a: Alomomola|96/100
|
|t:|1781079112
|switch|p1a: Corviknight|Corviknight, F|100/100|[from] Flip Turn
|-ability|p1a: Corviknight|Pressure
|move|p2a: Alomomola|Scald|p1a: Corviknight
|-damage|p1a: Corviknight|90/100
|-status|p1a: Corviknight|brn
|
|-damage|p1a: Corviknight|84/100 brn|[from] brn
|upkeep
|turn|2
|
|t:|1781079119
|move|p1a: Corviknight|Reflect|p1a: Corviknight
|-sidestart|p1: xiaoying-O.o|Reflect
|move|p2a: Alomomola|Flip Turn|p1a: Corviknight
|-damage|p1a: Corviknight|78/100 brn
|-damage|p2a: Alomomola|79/100|[from] item: Rocky Helmet|[of] p1a: Corviknight
|
|t:|1781079129
|switch|p2a: Great Tusk|Great Tusk|100/100|[from] Flip Turn
|
|-damage|p1a: Corviknight|72/100 brn|[from] brn
|upkeep
|turn|3
|
|t:|1781079150
|move|p2a: Great Tusk|Stealth Rock|p1a: Corviknight
|-sidestart|p1: xiaoying-O.o|move: Stealth Rock
|move|p1a: Corviknight|Roost|p1a: Corviknight
|-heal|p1a: Corviknight|100/100 brn
|-singleturn|p1a: Corviknight|move: Roost
|
|-damage|p1a: Corviknight|94/100 brn|[from] brn
|upkeep
|turn|4
|j| lord shiddenfards
|
|t:|1781079155
|-end|p2a: Great Tusk|Protosynthesis|[silent]
|switch|p2a: Alomomola|Alomomola, M|100/100
|move|p1a: Corviknight|Defog|p2a: Alomomola
|-unboost|p2a: Alomomola|evasion|1
|-sideend|p1: xiaoying-O.o|Stealth Rock|[from] move: Defog|[of] p1a: Corviknight
|
|-damage|p1a: Corviknight|88/100 brn|[from] brn
|upkeep
|turn|5
|
|t:|1781079172
|switch|p1a: Alomomola|Alomomola, F|100/100
|move|p2a: Alomomola|Flip Turn|p1a: Alomomola
|-resisted|p1a: Alomomola
|-damage|p1a: Alomomola|99/100
|-damage|p2a: Alomomola|84/100|[from] item: Rocky Helmet|[of] p1a: Alomomola
|
|t:|1781079177
|switch|p2a: Slowking|Slowking-Galar, M|100/100|[from] Flip Turn
|
|upkeep
|turn|6
|
|t:|1781079183
|switch|p1a: Blissey|Blissey, F, shiny|100/100
|-prepare|p2a: Slowking|Chilly Reception|[premajor]
|move|p2a: Slowking|Chilly Reception|p2a: Slowking
|-weather|Snowscape
|
|t:|1781079187
|switch|p2a: Great Tusk|Great Tusk|100/100|[from] Chilly Reception
|
|-weather|Snowscape|[upkeep]
|-sideend|p1: xiaoying-O.o|Reflect
|upkeep
|turn|7
|
|t:|1781079194
|switch|p1a: Corviknight|Corviknight, F|88/100 brn
|-ability|p1a: Corviknight|Pressure
|move|p2a: Great Tusk|Stealth Rock|p1a: Corviknight
|-sidestart|p1: xiaoying-O.o|move: Stealth Rock
|
|-weather|Snowscape|[upkeep]
|-damage|p1a: Corviknight|82/100 brn|[from] brn
|upkeep
|turn|8
|
|t:|1781079200
|-end|p2a: Great Tusk|Protosynthesis|[silent]
|switch|p2a: Alomomola|Alomomola, M|100/100
|move|p1a: Corviknight|Reflect|p1a: Corviknight
|-sidestart|p1: xiaoying-O.o|Reflect
|
|-weather|Snowscape|[upkeep]
|-damage|p1a: Corviknight|76/100 brn|[from] brn
|upkeep
|turn|9
|
|t:|1781079210
|move|p1a: Corviknight|Defog|p2a: Alomomola
|-unboost|p2a: Alomomola|evasion|1
|-sideend|p1: xiaoying-O.o|Stealth Rock|[from] move: Defog|[of] p1a: Corviknight
|move|p2a: Alomomola|Flip Turn|p1a: Corviknight
|-damage|p1a: Corviknight|70/100 brn
|-damage|p2a: Alomomola|84/100|[from] item: Rocky Helmet|[of] p1a: Corviknight
|
|t:|1781079214
|switch|p2a: Dragapult|Dragapult, F|100/100|[from] Flip Turn
|
|-weather|Snowscape|[upkeep]
|-damage|p1a: Corviknight|64/100 brn|[from] brn
|upkeep
|turn|10
|
|t:|1781079221
|switch|p1a: Blissey|Blissey, F, shiny|100/100
|move|p2a: Dragapult|Hex|p1a: Blissey
|-immune|p1a: Blissey
|
|-weather|none
|upkeep
|turn|11
|
|t:|1781079226
|move|p2a: Dragapult|U-turn|p1a: Blissey
|-damage|p1a: Blissey|83/100
|
|t:|1781079228
|switch|p2a: Great Tusk|Great Tusk|100/100|[from] U-turn
|move|p1a: Blissey|Light Screen|p1a: Blissey
|-sidestart|p1: xiaoying-O.o|move: Light Screen
|
|-heal|p1a: Blissey|89/100|[from] item: Leftovers
|upkeep
|turn|12
|inactive|xiaoying-O.o has 120 seconds left.
|inactive|samudriss has 120 seconds left.
|
|t:|1781079279
|-end|p2a: Great Tusk|Protosynthesis|[silent]
|switch|p2a: Alomomola|Alomomola, M|100/100
|switch|p1a: Corviknight|Corviknight, F|64/100 brn
|-ability|p1a: Corviknight|Pressure
|
|-damage|p1a: Corviknight|58/100 brn|[from] brn
|-sideend|p1: xiaoying-O.o|Reflect
|upkeep
|turn|13
|inactive|xiaoying-O.o has 120 seconds left.
|
|t:|1781079295
|move|p1a: Corviknight|Roost|p1a: Corviknight
|-heal|p1a: Corviknight|100/100 brn
|-singleturn|p1a: Corviknight|move: Roost
|move|p2a: Alomomola|Flip Turn|p1a: Corviknight
|-crit|p1a: Corviknight
|-damage|p1a: Corviknight|83/100 brn
|-damage|p2a: Alomomola|84/100|[from] item: Rocky Helmet|[of] p1a: Corviknight
|
|t:|1781079302
|switch|p2a: Dragapult|Dragapult, F|100/100|[from] Flip Turn
|
|-damage|p1a: Corviknight|77/100 brn|[from] brn
|upkeep
|turn|14
|
|t:|1781079310
|switch|p1a: Blissey|Blissey, F, shiny|89/100
|move|p2a: Dragapult|Hex|p1a: Blissey
|-immune|p1a: Blissey
|
|-heal|p1a: Blissey|95/100|[from] item: Leftovers
|upkeep
|turn|15
|
|t:|1781079316
|move|p2a: Dragapult|Dragon Darts|p1a: Blissey
|-damage|p1a: Blissey|74/100
|-anim|p2a: Dragapult|Dragon Darts|p1a: Blissey
|-damage|p1a: Blissey|53/100
|move|p1a: Blissey|Seismic Toss|p2a: Dragapult
|-immune|p2a: Dragapult
|
|-heal|p1a: Blissey|59/100|[from] item: Leftovers
|-sideend|p1: xiaoying-O.o|move: Light Screen
|upkeep
|turn|16
|
|t:|1781079328
|switch|p1a: Alomomola|Alomomola, F|100/100
|move|p2a: Dragapult|Dragon Darts|p1a: Alomomola
|-damage|p1a: Alomomola|88/100
|-anim|p2a: Dragapult|Dragon Darts|p1a: Alomomola
|-damage|p1a: Alomomola|75/100
|
|upkeep
|turn|17
|
|t:|1781079334
|switch|p2a: Alomomola|Alomomola, M|100/100
|move|p1a: Alomomola|Flip Turn|p2a: Alomomola
|-resisted|p2a: Alomomola
|-damage|p2a: Alomomola|96/100
|
|t:|1781079343
|switch|p1a: Lokix|Lokix, F|100/100|[from] Flip Turn
|
|upkeep
|turn|18
|
|t:|1781079359
|move|p1a: Lokix|U-turn|p2a: Alomomola
|-damage|p2a: Alomomola|71/100
|
|t:|1781079365
|switch|p1a: Blissey|Blissey, F, shiny|59/100|[from] U-turn
|move|p2a: Alomomola|Scald|p1a: Blissey
|-damage|p1a: Blissey|54/100
|
|-heal|p1a: Blissey|61/100|[from] item: Leftovers
|upkeep
|turn|19
|
|t:|1781079373
|move|p1a: Blissey|Soft-Boiled|p1a: Blissey
|-heal|p1a: Blissey|100/100
|move|p2a: Alomomola|Flip Turn|p1a: Blissey
|-damage|p1a: Blissey|85/100
|
|t:|1781079376
|switch|p2a: Dragapult|Dragapult, F|100/100|[from] Flip Turn
|
|-heal|p1a: Blissey|91/100|[from] item: Leftovers
|upkeep
|turn|20
|
|t:|1781079387
|switch|p1a: Alomomola|Alomomola, F|100/100
|move|p2a: Dragapult|Dragon Darts|p1a: Alomomola
|-damage|p1a: Alomomola|88/100
|-anim|p2a: Dragapult|Dragon Darts|p1a: Alomomola
|-damage|p1a: Alomomola|75/100
|
|upkeep
|turn|21
|
|t:|1781079392
|switch|p2a: Alomomola|Alomomola, M|100/100
|move|p1a: Alomomola|Flip Turn|p2a: Alomomola
|-resisted|p2a: Alomomola
|-damage|p2a: Alomomola|96/100
|
|t:|1781079410
|switch|p1a: Corviknight|Corviknight, F|77/100 brn|[from] Flip Turn
|-ability|p1a: Corviknight|Pressure
|
|-damage|p1a: Corviknight|71/100 brn|[from] brn
|upkeep
|turn|22
|
|t:|1781079414
|move|p1a: Corviknight|Reflect|p1a: Corviknight
|-sidestart|p1: xiaoying-O.o|Reflect
|move|p2a: Alomomola|Flip Turn|p1a: Corviknight
|-damage|p1a: Corviknight|66/100 brn
|-damage|p2a: Alomomola|79/100|[from] item: Rocky Helmet|[of] p1a: Corviknight
|
|t:|1781079417
|switch|p2a: Dragapult|Dragapult, F|100/100|[from] Flip Turn
|
|-damage|p1a: Corviknight|60/100 brn|[from] brn
|upkeep
|turn|23
|
|t:|1781079428
|switch|p1a: Alomomola|Alomomola, F|100/100
|move|p2a: Dragapult|U-turn|p1a: Alomomola
|-damage|p1a: Alomomola|89/100
|-damage|p2a: Dragapult|84/100|[from] item: Rocky Helmet|[of] p1a: Alomomola
|
|t:|1781079432
|switch|p2a: Slowking|Slowking-Galar, M|100/100|[from] U-turn
|
|upkeep
|turn|24
|
|t:|1781079445
|switch|p1a: Corviknight|Corviknight, F|60/100 brn
|-ability|p1a: Corviknight|Pressure
|move|p2a: Slowking|Sludge Bomb|p1a: Corviknight
|-immune|p1a: Corviknight
|
|-damage|p1a: Corviknight|54/100 brn|[from] brn
|upkeep
|turn|25
|
|t:|1781079470
|switch|p1a: Blissey|Blissey, F, shiny|91/100
|-prepare|p2a: Slowking|Chilly Reception|[premajor]
|move|p2a: Slowking|Chilly Reception|p2a: Slowking
|-weather|Snowscape
|
|t:|1781079475
|switch|p2a: Great Tusk|Great Tusk|100/100|[from] Chilly Reception
|
|-weather|Snowscape|[upkeep]
|-heal|p1a: Blissey|97/100|[from] item: Leftovers
|upkeep
|turn|26
|
|t:|1781079479
|switch|p1a: Corviknight|Corviknight, F|54/100 brn
|-ability|p1a: Corviknight|Pressure
|move|p2a: Great Tusk|Stealth Rock|p1a: Corviknight
|-sidestart|p1: xiaoying-O.o|move: Stealth Rock
|
|-weather|Snowscape|[upkeep]
|-damage|p1a: Corviknight|48/100 brn|[from] brn
|-sideend|p1: xiaoying-O.o|Reflect
|upkeep
|turn|27
|
|t:|1781079484
|-end|p2a: Great Tusk|Protosynthesis|[silent]
|switch|p2a: Dragapult|Dragapult, F|84/100
|move|p1a: Corviknight|Defog|p2a: Dragapult
|-unboost|p2a: Dragapult|evasion|1
|-sideend|p1: xiaoying-O.o|Stealth Rock|[from] move: Defog|[of] p1a: Corviknight
|
|-weather|Snowscape|[upkeep]
|-damage|p1a: Corviknight|42/100 brn|[from] brn
|upkeep
|turn|28
|
|t:|1781079504
|switch|p1a: Incineroar|Incineroar, M|100/100
|-ability|p1a: Incineroar|Intimidate|boost
|-unboost|p2a: Dragapult|atk|1
|move|p2a: Dragapult|Hex|p1a: Incineroar
|-resisted|p1a: Incineroar
|-damage|p1a: Incineroar|88/100
|
|-weather|Snowscape|[upkeep]
|-heal|p1a: Incineroar|94/100|[from] item: Leftovers
|upkeep
|turn|29
|
|t:|1781079511
|switch|p2a: Alomomola|Alomomola, M|100/100
|move|p1a: Incineroar|Knock Off|p2a: Alomomola
|-damage|p2a: Alomomola|76/100
|-enditem|p2a: Alomomola|Heavy-Duty Boots|[from] move: Knock Off|[of] p1a: Incineroar
|
|-weather|none
|-heal|p1a: Incineroar|99/100|[from] item: Leftovers
|upkeep
|turn|30
|j| Easontom
|
|t:|1781079522
|move|p1a: Incineroar|Will-O-Wisp|p2a: Alomomola
|-status|p2a: Alomomola|brn
|move|p2a: Alomomola|Scald|p1a: Incineroar
|-supereffective|p1a: Incineroar
|-damage|p1a: Incineroar|77/100
|
|-heal|p1a: Incineroar|83/100|[from] item: Leftovers
|-damage|p2a: Alomomola|70/100 brn|[from] brn
|upkeep
|turn|31
|
|t:|1781079531
|switch|p1a: Corviknight|Corviknight, F|42/100 brn
|-ability|p1a: Corviknight|Pressure
|move|p2a: Alomomola|Scald|p1a: Corviknight
|-damage|p1a: Corviknight|32/100 brn
|
|-damage|p1a: Corviknight|26/100 brn|[from] brn
|-damage|p2a: Alomomola|64/100 brn|[from] brn
|upkeep
|turn|32
|
|t:|1781079535
|move|p1a: Corviknight|Roost|p1a: Corviknight
|-heal|p1a: Corviknight|76/100 brn
|-singleturn|p1a: Corviknight|move: Roost
|move|p2a: Alomomola|Flip Turn|p1a: Corviknight
|-crit|p1a: Corviknight
|-damage|p1a: Corviknight|67/100 brn
|-damage|p2a: Alomomola|47/100 brn|[from] item: Rocky Helmet|[of] p1a: Corviknight
|
|t:|1781079539
|switch|p2a: Dragapult|Dragapult, F|84/100|[from] Flip Turn
|
|-damage|p1a: Corviknight|61/100 brn|[from] brn
|upkeep
|turn|33
|
|t:|1781079544
|switch|p1a: Incineroar|Incineroar, M|83/100
|-ability|p1a: Incineroar|Intimidate|boost
|-unboost|p2a: Dragapult|atk|1
|move|p2a: Dragapult|Hex|p1a: Incineroar
|-resisted|p1a: Incineroar
|-damage|p1a: Incineroar|70/100
|
|-heal|p1a: Incineroar|76/100|[from] item: Leftovers
|upkeep
|turn|34
|
|t:|1781079555
|move|p2a: Dragapult|U-turn|p1a: Incineroar
|-damage|p1a: Incineroar|65/100
|
|t:|1781079558
|switch|p2a: Alomomola|Alomomola, M|80/100 brn|[from] U-turn
|move|p1a: Incineroar|Knock Off|p2a: Alomomola
|-damage|p2a: Alomomola|64/100 brn
|
|-heal|p1a: Incineroar|71/100|[from] item: Leftovers
|-damage|p2a: Alomomola|58/100 brn|[from] brn
|upkeep
|turn|35
|
|t:|1781079573
|switch|p1a: Alomomola|Alomomola, F|100/100
|move|p2a: Alomomola|Wish|p2a: Alomomola
|
|-damage|p2a: Alomomola|52/100 brn|[from] brn
|upkeep
|turn|36
|
|t:|1781079586
|move|p1a: Alomomola|Wish|p1a: Alomomola
|move|p2a: Alomomola|Scald|p1a: Alomomola
|-resisted|p1a: Alomomola
|-damage|p1a: Alomomola|93/100
|
|-heal|p2a: Alomomola|100/100 brn|[from] move: Wish|[wisher] Alomomola
|-damage|p2a: Alomomola|94/100 brn|[from] brn
|upkeep
|turn|37
|
|t:|1781079601
|switch|p1a: Corviknight|Corviknight, F|61/100 brn
|-ability|p1a: Corviknight|Pressure
|move|p2a: Alomomola|Scald|p1a: Corviknight
|-damage|p1a: Corviknight|51/100 brn
|
|-heal|p1a: Corviknight|100/100 brn|[from] move: Wish|[wisher] Alomomola
|-damage|p1a: Corviknight|94/100 brn|[from] brn
|-damage|p2a: Alomomola|88/100 brn|[from] brn
|upkeep
|turn|38
|
|t:|1781079609
|move|p1a: Corviknight|Reflect|p1a: Corviknight
|-sidestart|p1: xiaoying-O.o|Reflect
|move|p2a: Alomomola|Flip Turn|p1a: Corviknight
|-damage|p1a: Corviknight|91/100 brn
|-damage|p2a: Alomomola|71/100 brn|[from] item: Rocky Helmet|[of] p1a: Corviknight
|
|t:|1781079613
|switch|p2a: Dragapult|Dragapult, F|84/100|[from] Flip Turn
|
|-damage|p1a: Corviknight|85/100 brn|[from] brn
|upkeep
|turn|39
|l| Easontom
|
|t:|1781079621
|switch|p1a: Incineroar|Incineroar, M|71/100
|-ability|p1a: Incineroar|Intimidate|boost
|-unboost|p2a: Dragapult|atk|1
|move|p2a: Dragapult|Will-O-Wisp|p1a: Incineroar
|-immune|p1a: Incineroar
|
|-heal|p1a: Incineroar|77/100|[from] item: Leftovers
|upkeep
|turn|40
|
|t:|1781079626
|move|p2a: Dragapult|U-turn|p1a: Incineroar
|-damage|p1a: Incineroar|65/100
|
|t:|1781079630
|switch|p2a: Alomomola|Alomomola, M|100/100 brn|[from] U-turn
|move|p1a: Incineroar|U-turn|p2a: Alomomola
|-damage|p2a: Alomomola|88/100 brn
|
|t:|1781079637
|switch|p1a: Lokix|Lokix, F|100/100|[from] U-turn
|
|-damage|p2a: Alomomola|82/100 brn|[from] brn
|upkeep
|turn|41
|
|t:|1781079641
|move|p1a: Lokix|U-turn|p2a: Alomomola
|-crit|p2a: Alomomola
|-damage|p2a: Alomomola|38/100 brn
|
|t:|1781079650
|switch|p1a: Dragonite|Dragonite, F|100/100|[from] U-turn
|move|p2a: Alomomola|Scald|p1a: Dragonite
|-resisted|p1a: Dragonite
|-damage|p1a: Dragonite|95/100
|
|-damage|p2a: Alomomola|32/100 brn|[from] brn
|upkeep
|turn|42
|
|t:|1781079659
|switch|p2a: Iron Valiant|Iron Valiant|100/100
|-enditem|p2a: Iron Valiant|Booster Energy
|-activate|p2a: Iron Valiant|ability: Quark Drive|[fromitem]
|-start|p2a: Iron Valiant|quarkdrivespe
|move|p1a: Dragonite|Outrage|p2a: Iron Valiant
|-immune|p2a: Iron Valiant
|
|-sideend|p1: xiaoying-O.o|Reflect
|upkeep
|turn|43
|c| lord shiddenfards|theyre calling it the most boring game ever played
|
|t:|1781079675
|switch|p1a: Blissey|Blissey, F, shiny|97/100
|move|p2a: Iron Valiant|Knock Off|p1a: Blissey
|-damage|p1a: Blissey|71/100
|-enditem|p1a: Blissey|Leftovers|[from] move: Knock Off|[of] p2a: Iron Valiant
|
|upkeep
|turn|44
|j| kanaete onegai
|
|t:|1781079683
|move|p2a: Iron Valiant|Close Combat|p1a: Blissey
|-supereffective|p1a: Blissey
|-damage|p1a: Blissey|0 fnt
|-unboost|p2a: Iron Valiant|def|1
|-unboost|p2a: Iron Valiant|spd|1
|faint|p1a: Blissey
|
|upkeep
|
|t:|1781079695
|switch|p1a: Incineroar|Incineroar, M|65/100
|-ability|p1a: Incineroar|Intimidate|boost
|-unboost|p2a: Iron Valiant|atk|1
|turn|45
|
|t:|1781079715
|-end|p2a: Iron Valiant|Quark Drive|[silent]
|switch|p2a: Alomomola|Alomomola, M|65/100 brn
|switch|p1a: Alomomola|Alomomola, F|100/100
|
|-damage|p2a: Alomomola|59/100 brn|[from] brn
|upkeep
|turn|46
|c| kanaete onegai|i thought singles SV ou were off limits to incin
|inactive|xiaoying-O.o has 120 seconds left.
|l| lord shiddenfards
|
|t:|1781079751
|move|p2a: Alomomola|Wish|p2a: Alomomola
|move|p1a: Alomomola|Wish|p1a: Alomomola
|
|-damage|p2a: Alomomola|53/100 brn|[from] brn
|upkeep
|turn|47
|
|t:|1781079764
|switch|p1a: Incineroar|Incineroar, M|65/100
|-ability|p1a: Incineroar|Intimidate|boost
|-unboost|p2a: Alomomola|atk|1
|move|p2a: Alomomola|Scald|p1a: Incineroar
|-supereffective|p1a: Incineroar
|-damage|p1a: Incineroar|41/100
|
|-heal|p1a: Incineroar|100/100|[from] move: Wish|[wisher] Alomomola
|-heal|p2a: Alomomola|100/100 brn|[from] move: Wish|[wisher] Alomomola
|-damage|p2a: Alomomola|94/100 brn|[from] brn
|upkeep
|turn|48
|inactive|xiaoying-O.o has 120 seconds left.
|
|t:|1781079783
|switch|p1a: Alomomola|Alomomola, F|100/100
|move|p2a: Alomomola|Flip Turn|p1a: Alomomola
|-resisted|p1a: Alomomola
|-crit|p1a: Alomomola
|-damage|p1a: Alomomola|97/100
|-damage|p2a: Alomomola|78/100 brn|[from] item: Rocky Helmet|[of] p1a: Alomomola
|
|t:|1781079789
|switch|p2a: Dragapult|Dragapult, F|84/100|[from] Flip Turn
|
|upkeep
|turn|49
|
|t:|1781079795
|switch|p1a: Incineroar|Incineroar, M|100/100
|-ability|p1a: Incineroar|Intimidate|boost
|-unboost|p2a: Dragapult|atk|1
|move|p2a: Dragapult|U-turn|p1a: Incineroar
|-damage|p1a: Incineroar|89/100
|
|t:|1781079798
|switch|p2a: Iron Valiant|Iron Valiant|100/100|[from] U-turn
|
|-heal|p1a: Incineroar|95/100|[from] item: Leftovers
|upkeep
|turn|50
|
|t:|1781079815
|-terastallize|p1a: Incineroar|Fairy
|move|p2a: Iron Valiant|Knock Off|p1a: Incineroar
|-resisted|p1a: Incineroar
|-damage|p1a: Incineroar|82/100
|-enditem|p1a: Incineroar|Leftovers|[from] move: Knock Off|[of] p2a: Iron Valiant
|move|p1a: Incineroar|Will-O-Wisp|p2a: Iron Valiant
|-status|p2a: Iron Valiant|brn
|
|-damage|p2a: Iron Valiant|94/100 brn|[from] brn
|upkeep
|turn|51
|
|t:|1781079828
|-end|p2a: Iron Valiant|Quark Drive|[silent]
|switch|p2a: Alomomola|Alomomola, M|100/100 brn
|move|p1a: Incineroar|U-turn|p2a: Alomomola
|-damage|p2a: Alomomola|88/100 brn
|
|t:|1781079836
|switch|p1a: Lokix|Lokix, F|100/100|[from] U-turn
|
|-damage|p2a: Alomomola|82/100 brn|[from] brn
|upkeep
|turn|52
|
|t:|1781079841
|move|p1a: Lokix|U-turn|p2a: Alomomola
|-damage|p2a: Alomomola|55/100 brn
|
|t:|1781079845
|switch|p1a: Alomomola|Alomomola, F|100/100|[from] U-turn
|move|p2a: Alomomola|Scald|p1a: Alomomola
|-resisted|p1a: Alomomola
|-damage|p1a: Alomomola|94/100
|
|-damage|p2a: Alomomola|49/100 brn|[from] brn
|upkeep
|turn|53
|
|t:|1781079858
|move|p1a: Alomomola|Flip Turn|p2a: Alomomola
|-resisted|p2a: Alomomola
|-crit|p2a: Alomomola
|-damage|p2a: Alomomola|43/100 brn
|
|t:|1781079861
|switch|p1a: Corviknight|Corviknight, F|85/100 brn|[from] Flip Turn
|-ability|p1a: Corviknight|Pressure
|move|p2a: Alomomola|Wish|p2a: Alomomola
|
|-damage|p1a: Corviknight|79/100 brn|[from] brn
|-damage|p2a: Alomomola|36/100 brn|[from] brn
|upkeep
|turn|54
|
|t:|1781079869
|move|p1a: Corviknight|Reflect|p1a: Corviknight
|-sidestart|p1: xiaoying-O.o|Reflect
|move|p2a: Alomomola|Scald|p1a: Corviknight
|-damage|p1a: Corviknight|68/100 brn
|
|-heal|p2a: Alomomola|86/100 brn|[from] move: Wish|[wisher] Alomomola
|-damage|p1a: Corviknight|62/100 brn|[from] brn
|-damage|p2a: Alomomola|80/100 brn|[from] brn
|upkeep
|turn|55
|
|t:|1781079885
|switch|p1a: Alomomola|Alomomola, F|100/100
|switch|p2a: Dragapult|Dragapult, F|84/100
|
|upkeep
|turn|56
|
|t:|1781079892
|switch|p1a: Incineroar|Incineroar, M, tera:Fairy|82/100
|-ability|p1a: Incineroar|Intimidate|boost
|-unboost|p2a: Dragapult|atk|1
|move|p2a: Dragapult|Will-O-Wisp|p1a: Incineroar
|-status|p1a: Incineroar|brn
|
|-damage|p1a: Incineroar|76/100 brn|[from] brn
|upkeep
|turn|57
|
|t:|1781079899
|move|p2a: Dragapult|U-turn|p1a: Incineroar
|-resisted|p1a: Incineroar
|-damage|p1a: Incineroar|71/100 brn
|
|t:|1781079907
|switch|p2a: Alomomola|Alomomola, M|100/100 brn|[from] U-turn
|move|p1a: Incineroar|Knock Off|p2a: Alomomola
|-damage|p2a: Alomomola|93/100 brn
|
|-damage|p1a: Incineroar|65/100 brn|[from] brn
|-damage|p2a: Alomomola|86/100 brn|[from] brn
|upkeep
|turn|58
|-message|xiaoying-O.o forfeited.
|
|win|samudriss
|raw|xiaoying-O.o's rating: 1599 &rarr; <strong>1578</strong><br />(-21 for losing)
|raw|samudriss's rating: 1590 &rarr; <strong>1611</strong><br />(+21 for winning)
|l|☆xiaoying-O.o
|player|p1|
|l|‽samudriss
|player|p2|
