|j|☆eros maniac
|j|☆Praise The Salt
|t:|1781289342
|gametype|singles
|player|p1|eros maniac|hilbert-wonderlauncher|1631
|player|p2|Praise The Salt|170|1702
|gen|9
|tier|[Gen 9] OU
|rated|
|rule|HP Percentage Mod: HP is shown in percentages
|rule|Endless Battle Clause: Forcing endless battles is banned
|rule|Species Clause: Limit one of each Pokémon
|rule|OHKO Clause: OHKO moves are banned
|rule|Evasion Items Clause: Evasion items are banned
|rule|Evasion Moves Clause: Evasion moves are banned
|rule|Evasion Abilities Clause: Evasion abilities are banned
|rule|Sleep Moves Clause: Sleep-inducing moves are banned
|clearpoke
|poke|p1|Frosmoth, F|
|poke|p1|Maushold-Four|
|poke|p1|Okidogi, M|
|poke|p1|Sinistcha|
|poke|p1|Alomomola, F|
|poke|p1|Weezing-Galar, F|
|poke|p2|Cinderace, F|
|poke|p2|Fezandipiti, M|
|poke|p2|Great Tusk|
|poke|p2|Mandibuzz, F|
|poke|p2|Torkoal, M|
|poke|p2|Volcanion|
|teampreview
|inactive|Battle timer is ON: inactive players will automatically lose when time's up. (requested by eros maniac)
|
|t:|1781289371
|teamsize|p1|6
|teamsize|p2|6
|start
|switch|p1a: Okidogi|Okidogi, M|100/100
|switch|p2a: Volcanion|Volcanion|100/100
|turn|1
|
|t:|1781289385
|switch|p1a: Alomomola|Alomomola, F, shiny|100/100
|move|p2a: Volcanion|Steam Eruption|p1a: Alomomola|[miss]
|-miss|p2a: Volcanion|p1a: Alomomola
|
|upkeep
|turn|2
|
|t:|1781289390
|move|p2a: Volcanion|Steam Eruption|p1a: Alomomola
|-resisted|p1a: Alomomola
|-damage|p1a: Alomomola|56/100
|move|p1a: Alomomola|Mirror Coat|p2a: Volcanion
|-damage|p2a: Volcanion|0 fnt
|faint|p2a: Volcanion
|
|upkeep
|
|t:|1781289395
|switch|p2a: Torkoal|Torkoal, M, shiny|100/100
|-weather|SunnyDay|[from] ability: Drought|[of] p2a: Torkoal
|turn|3
|
|t:|1781289420
|move|p1a: Alomomola|Flip Turn|p2a: Torkoal
|-supereffective|p2a: Torkoal
|-damage|p2a: Torkoal|90/100
|
|t:|1781289423
|switch|p1a: Okidogi|Okidogi, M|100/100|[from] Flip Turn
|move|p2a: Torkoal|Stealth Rock|p1a: Okidogi
|-sidestart|p1: eros maniac|move: Stealth Rock
|
|-weather|SunnyDay|[upkeep]
|upkeep
|turn|4
|
|t:|1781289448
|switch|p1a: Alomomola|Alomomola, F, shiny|89/100
|-damage|p1a: Alomomola|77/100|[from] Stealth Rock
|switch|p2a: Fezandipiti|Fezandipiti, M|100/100
|
|-weather|SunnyDay|[upkeep]
|upkeep
|turn|5
|
|t:|1781289451
|move|p2a: Fezandipiti|Nasty Plot|p2a: Fezandipiti
|-boost|p2a: Fezandipiti|spa|2
|move|p1a: Alomomola|Flip Turn|p2a: Fezandipiti
|-damage|p2a: Fezandipiti|93/100
|
|t:|1781289454
|switch|p1a: Weezing|Weezing-Galar, F|100/100|[from] Flip Turn
|-ability|p1a: Weezing|Neutralizing Gas
|-damage|p1a: Weezing|88/100|[from] Stealth Rock
|
|-weather|SunnyDay|[upkeep]
|-heal|p2a: Fezandipiti|99/100|[from] item: Leftovers
|upkeep
|turn|6
|
|t:|1781289463
|move|p2a: Fezandipiti|Sludge Bomb|p1a: Weezing
|-damage|p1a: Weezing|0 fnt
|faint|p1a: Weezing
|-end|p1a: Weezing|ability: Neutralizing Gas
|
|-weather|SunnyDay|[upkeep]
|-heal|p2a: Fezandipiti|100/100|[from] item: Leftovers
|upkeep
|
|t:|1781289466
|switch|p1a: Maushold|Maushold-Four|100/100
|-damage|p1a: Maushold|88/100|[from] Stealth Rock
|turn|7
|
|t:|1781289477
|switch|p2a: Mandibuzz|Mandibuzz, F, shiny|100/100
|move|p1a: Maushold|Tidy Up|p1a: Maushold
|-sideend|p1: eros maniac|Stealth Rock
|-activate|p1a: Maushold|move: Tidy Up
|-boost|p1a: Maushold|atk|1
|-boost|p1a: Maushold|spe|1
|
|-weather|SunnyDay|[upkeep]
|upkeep
|turn|8
|
|t:|1781289484
|switch|p1a: Alomomola|Alomomola, F, shiny|100/100
|move|p2a: Mandibuzz|Roost||[still]
|-fail|p2a: Mandibuzz|heal
|
|-weather|SunnyDay|[upkeep]
|upkeep
|turn|9
|
|t:|1781289487
|move|p2a: Mandibuzz|Toxic|p1a: Alomomola|[miss]
|-miss|p2a: Mandibuzz|p1a: Alomomola
|move|p1a: Alomomola|Flip Turn|p2a: Mandibuzz
|-damage|p2a: Mandibuzz|96/100
|-damage|p1a: Alomomola|84/100|[from] item: Rocky Helmet|[of] p2a: Mandibuzz
|
|t:|1781289490
|switch|p1a: Okidogi|Okidogi, M|100/100|[from] Flip Turn
|
|-weather|SunnyDay|[upkeep]
|upkeep
|turn|10
|
|t:|1781289494
|switch|p2a: Fezandipiti|Fezandipiti, M|100/100
|move|p1a: Okidogi|Knock Off|p2a: Fezandipiti
|-resisted|p2a: Fezandipiti
|-damage|p2a: Fezandipiti|72/100
|-enditem|p2a: Fezandipiti|Leftovers|[from] move: Knock Off|[of] p1a: Okidogi
|
|-weather|none
|upkeep
|turn|11
|
|t:|1781289502
|switch|p2a: Torkoal|Torkoal, M, shiny|90/100
|-weather|SunnyDay|[from] ability: Drought|[of] p2a: Torkoal
|switch|p1a: Alomomola|Alomomola, F, shiny|100/100
|
|-weather|SunnyDay|[upkeep]
|upkeep
|turn|12
|
|t:|1781289505
|move|p1a: Alomomola|Flip Turn|p2a: Torkoal
|-supereffective|p2a: Torkoal
|-damage|p2a: Torkoal|80/100
|
|t:|1781289506
|switch|p1a: Okidogi|Okidogi, M|100/100|[from] Flip Turn
|move|p2a: Torkoal|Stealth Rock|p1a: Okidogi
|-sidestart|p1: eros maniac|move: Stealth Rock
|
|-weather|SunnyDay|[upkeep]
|upkeep
|turn|13
|
|t:|1781289518
|switch|p2a: Fezandipiti|Fezandipiti, M|72/100
|move|p1a: Okidogi|High Horsepower|p2a: Fezandipiti
|-supereffective|p2a: Fezandipiti
|-damage|p2a: Fezandipiti|0 fnt
|faint|p2a: Fezandipiti
|
|-weather|SunnyDay|[upkeep]
|upkeep
|
|t:|1781289521
|switch|p2a: Great Tusk|Great Tusk, shiny|100/100
|-activate|p2a: Great Tusk|ability: Protosynthesis
|-start|p2a: Great Tusk|protosynthesisatk
|turn|14
|
|t:|1781289525
|-end|p2a: Great Tusk|Protosynthesis|[silent]
|switch|p2a: Cinderace|Cinderace, F|100/100
|switch|p1a: Alomomola|Alomomola, F, shiny|100/100
|-damage|p1a: Alomomola|88/100|[from] Stealth Rock
|
|-weather|SunnyDay|[upkeep]
|upkeep
|turn|15
|
|t:|1781289530
|move|p2a: Cinderace|Pyro Ball|p1a: Alomomola
|-resisted|p1a: Alomomola
|-damage|p1a: Alomomola|54/100
|move|p1a: Alomomola|Flip Turn|p2a: Cinderace
|-supereffective|p2a: Cinderace
|-damage|p2a: Cinderace|79/100
|
|t:|1781289533
|switch|p1a: Okidogi|Okidogi, M|100/100|[from] Flip Turn
|-damage|p1a: Okidogi|94/100|[from] Stealth Rock
|
|-weather|SunnyDay|[upkeep]
|upkeep
|turn|16
|j| roarcat
|
|t:|1781289547
|switch|p2a: Mandibuzz|Mandibuzz, F, shiny|96/100
|switch|p1a: Frosmoth|Frosmoth, F, shiny|100/100
|-damage|p1a: Frosmoth|50/100|[from] Stealth Rock
|
|-weather|SunnyDay|[upkeep]
|-heal|p1a: Frosmoth|57/100|[from] item: Leftovers
|upkeep
|turn|17
|
|t:|1781289554
|switch|p2a: Cinderace|Cinderace, F|79/100
|move|p1a: Frosmoth|Ice Beam|p2a: Cinderace
|-resisted|p2a: Cinderace
|-damage|p2a: Cinderace|44/100
|
|-weather|SunnyDay|[upkeep]
|-heal|p1a: Frosmoth|63/100|[from] item: Leftovers
|upkeep
|turn|18
|
|t:|1781289560
|switch|p1a: Alomomola|Alomomola, F, shiny|88/100
|-damage|p1a: Alomomola|75/100|[from] Stealth Rock
|move|p2a: Cinderace|Pyro Ball|p1a: Alomomola|[miss]
|-miss|p2a: Cinderace|p1a: Alomomola
|
|-weather|none
|upkeep
|turn|19
|
|t:|1781289568
|switch|p2a: Torkoal|Torkoal, M, shiny|80/100
|-weather|SunnyDay|[from] ability: Drought|[of] p2a: Torkoal
|move|p1a: Alomomola|Flip Turn|p2a: Torkoal
|-supereffective|p2a: Torkoal
|-damage|p2a: Torkoal|69/100
|
|t:|1781289572
|switch|p1a: Okidogi|Okidogi, M|94/100|[from] Flip Turn
|-damage|p1a: Okidogi|88/100|[from] Stealth Rock
|
|-weather|SunnyDay|[upkeep]
|upkeep
|turn|20
|
|t:|1781289577
|move|p1a: Okidogi|Close Combat|p2a: Torkoal
|-damage|p2a: Torkoal|0 fnt
|-unboost|p1a: Okidogi|def|1
|-unboost|p1a: Okidogi|spd|1
|faint|p2a: Torkoal
|
|-weather|SunnyDay|[upkeep]
|upkeep
|
|t:|1781289582
|switch|p2a: Cinderace|Cinderace, F|44/100
|turn|21
|
|t:|1781289586
|switch|p1a: Alomomola|Alomomola, F, shiny|100/100
|-damage|p1a: Alomomola|88/100|[from] Stealth Rock
|move|p2a: Cinderace|Pyro Ball|p1a: Alomomola
|-resisted|p1a: Alomomola
|-damage|p1a: Alomomola|50/100
|
|-weather|SunnyDay|[upkeep]
|upkeep
|turn|22
|j| n5v
|
|t:|1781289605
|move|p2a: Cinderace|Pyro Ball|p1a: Alomomola
|-resisted|p1a: Alomomola
|-damage|p1a: Alomomola|12/100
|move|p1a: Alomomola|Flip Turn|p2a: Cinderace
|-supereffective|p2a: Cinderace
|-crit|p2a: Cinderace
|-damage|p2a: Cinderace|10/100
|
|t:|1781289612
|switch|p1a: Sinistcha|Sinistcha, shiny|100/100|[from] Flip Turn
|-damage|p1a: Sinistcha|88/100|[from] Stealth Rock
|
|-weather|SunnyDay|[upkeep]
|upkeep
|turn|23
|
|t:|1781289617
|-terastallize|p2a: Cinderace|Fire
|move|p2a: Cinderace|Pyro Ball|p1a: Sinistcha
|-supereffective|p1a: Sinistcha
|-damage|p1a: Sinistcha|0 fnt
|faint|p1a: Sinistcha
|
|-weather|SunnyDay|[upkeep]
|upkeep
|
|t:|1781289624
|switch|p1a: Alomomola|Alomomola, F, shiny|45/100
|-damage|p1a: Alomomola|33/100|[from] Stealth Rock
|turn|24
|
|t:|1781289628
|switch|p1a: Frosmoth|Frosmoth, F, shiny|63/100
|-damage|p1a: Frosmoth|13/100|[from] Stealth Rock
|move|p2a: Cinderace|Pyro Ball|p1a: Frosmoth
|-supereffective|p1a: Frosmoth
|-damage|p1a: Frosmoth|0 fnt
|faint|p1a: Frosmoth
|
|-weather|SunnyDay|[upkeep]
|upkeep
|
|t:|1781289641
|switch|p1a: Alomomola|Alomomola, F, shiny|66/100
|-damage|p1a: Alomomola|54/100|[from] Stealth Rock
|turn|25
|
|t:|1781289661
|switch|p2a: Mandibuzz|Mandibuzz, F, shiny|96/100
|move|p1a: Alomomola|Flip Turn|p2a: Mandibuzz
|-damage|p2a: Mandibuzz|91/100
|-damage|p1a: Alomomola|37/100|[from] item: Rocky Helmet|[of] p2a: Mandibuzz
|
|t:|1781289664
|switch|p1a: Okidogi|Okidogi, M|88/100|[from] Flip Turn
|-damage|p1a: Okidogi|82/100|[from] Stealth Rock
|
|-weather|SunnyDay|[upkeep]
|upkeep
|turn|26
|j| Golem Rising
|
|t:|1781289688
|switch|p2a: Cinderace|Cinderace, F, tera:Fire|10/100
|move|p1a: Okidogi|Close Combat|p2a: Cinderace
|-damage|p2a: Cinderace|0 fnt
|-unboost|p1a: Okidogi|def|1
|-unboost|p1a: Okidogi|spd|1
|faint|p2a: Cinderace
|
|-weather|none
|upkeep
|
|t:|1781289691
|switch|p2a: Great Tusk|Great Tusk, shiny|100/100
|turn|27
|
|t:|1781289697
|switch|p1a: Maushold|Maushold-Four|88/100
|-damage|p1a: Maushold|76/100|[from] Stealth Rock
|move|p2a: Great Tusk|Headlong Rush|p1a: Maushold
|-damage|p1a: Maushold|0 fnt
|-unboost|p2a: Great Tusk|def|1
|-unboost|p2a: Great Tusk|spd|1
|faint|p1a: Maushold
|
|upkeep
|
|t:|1781289699
|switch|p1a: Alomomola|Alomomola, F, shiny|71/100
|-damage|p1a: Alomomola|58/100|[from] Stealth Rock
|turn|28
|
|t:|1781289703
|-end|p2a: Great Tusk|Protosynthesis|[silent]
|switch|p2a: Mandibuzz|Mandibuzz, F, shiny|91/100
|move|p1a: Alomomola|Flip Turn|p2a: Mandibuzz
|-damage|p2a: Mandibuzz|82/100
|-damage|p1a: Alomomola|42/100|[from] item: Rocky Helmet|[of] p2a: Mandibuzz
|
|t:|1781289705
|switch|p1a: Okidogi|Okidogi, M|82/100|[from] Flip Turn
|-damage|p1a: Okidogi|76/100|[from] Stealth Rock
|
|upkeep
|turn|29
|
|t:|1781289710
|switch|p2a: Great Tusk|Great Tusk, shiny|100/100
|move|p1a: Okidogi|Close Combat|p2a: Great Tusk
|-damage|p2a: Great Tusk|23/100
|-unboost|p1a: Okidogi|def|1
|-unboost|p1a: Okidogi|spd|1
|
|upkeep
|turn|30
|
|t:|1781289714
|switch|p1a: Alomomola|Alomomola, F, shiny|75/100
|-damage|p1a: Alomomola|63/100|[from] Stealth Rock
|move|p2a: Great Tusk|Headlong Rush|p1a: Alomomola
|-damage|p1a: Alomomola|20/100
|-unboost|p2a: Great Tusk|def|1
|-unboost|p2a: Great Tusk|spd|1
|-damage|p2a: Great Tusk|6/100|[from] item: Rocky Helmet|[of] p1a: Alomomola
|
|upkeep
|turn|31
|j| alomomola's wishes
|
|t:|1781289721
|move|p2a: Great Tusk|Headlong Rush|p1a: Alomomola
|-damage|p1a: Alomomola|0 fnt
|-unboost|p2a: Great Tusk|def|1
|-unboost|p2a: Great Tusk|spd|1
|-damage|p2a: Great Tusk|0 fnt|[from] item: Rocky Helmet|[of] p1a: Alomomola
|faint|p1a: Alomomola
|faint|p2a: Great Tusk
|-end|p2a: Great Tusk|Protosynthesis|[silent]
|
|upkeep
|
|t:|1781289723
|switch|p2a: Mandibuzz|Mandibuzz, F, shiny|82/100
|switch|p1a: Okidogi|Okidogi, M|76/100
|-damage|p1a: Okidogi|70/100|[from] Stealth Rock
|turn|32
|
|t:|1781289728
|move|p2a: Mandibuzz|Roost|p2a: Mandibuzz
|-heal|p2a: Mandibuzz|100/100
|-singleturn|p2a: Mandibuzz|move: Roost
|move|p1a: Okidogi|Close Combat|p2a: Mandibuzz
|-supereffective|p2a: Mandibuzz
|-damage|p2a: Mandibuzz|0 fnt
|-unboost|p1a: Okidogi|def|1
|-unboost|p1a: Okidogi|spd|1
|-damage|p1a: Okidogi|53/100|[from] item: Rocky Helmet|[of] p2a: Mandibuzz
|faint|p2a: Mandibuzz
|
|win|eros maniac
|raw|eros maniac's rating: 1644 &rarr; <strong>1667</strong><br />(+23 for winning)
|raw|Praise The Salt's rating: 1702 &rarr; <strong>1679</strong><br />(-23 for losing)
|c|☆Praise The Salt|oh he's fast
|l|☆eros maniac
|player|p1|
|l| alomomola's wishes
|l|☆Praise The Salt
|player|p2|
|l| Golem Rising
|j| omari p
|l| n5v
