|badge|p2|bronze|gen9ubers|100-9
|uhtml|medal-msg|<div class="broadcast-blue">Curious what those medals under the avatar are? PS now has Ladder Seasons! For more information, check out the <a href="https://www.smogon.com/forums/threads/3740067/">thread on Smogon.</a></div>
|j|☆Rj yoip
|j|☆oddishlover4
|t:|1781046181
|gametype|singles
|player|p1|Rj yoip|caitlin-masters|1685
|player|p2|oddishlover4|acetrainerf|1689
|gen|9
|tier|[Gen 9] OU
|rated|
|rule|HP Percentage Mod: HP is shown in percentages
|rule|Endless Battle Clause: Forcing endless battles is banned
|rule|Species Clause: Limit one of each Pokémon
|rule|OHKO Clause: OHKO moves are banned
|rule|Evasion Items Clause: Evasion items are banned
|rule|Evasion Moves Clause: Evasion moves are banned
|rule|Evasion Abilities Clause: Evasion abilities are banned
|rule|Sleep Moves Clause: Sleep-inducing moves are banned
|clearpoke
|poke|p1|Tyranitar, M|
|poke|p1|Hydrapple, M|
|poke|p1|Enamorus, F|
|poke|p1|Garganacl, F|
|poke|p1|Excadrill, F|
|poke|p1|Alomomola, M|
|poke|p2|Kyurem|
|poke|p2|Hatterene, F|
|poke|p2|Darkrai|
|poke|p2|Great Tusk|
|poke|p2|Dragonite, F|
|poke|p2|Gholdengo|
|teampreview
|inactive|Battle timer is ON: inactive players will automatically lose when time's up. (requested by Rj yoip)
|
|t:|1781046200
|teamsize|p1|6
|teamsize|p2|6
|start
|switch|p1a: Garganacl|Garganacl, F|100/100
|switch|p2a: Boompala|Kyurem|100/100
|-ability|p2a: Boompala|Pressure
|turn|1
|j| biscoitoxdbr
|c|☆oddishlover4|gl/hf!
|inactive|oddishlover4 also wants the timer to be on.
|
|t:|1781046218
|move|p2a: Boompala|Earth Power|p1a: Garganacl
|-supereffective|p1a: Garganacl
|-damage|p1a: Garganacl|59/100
|move|p1a: Garganacl|Salt Cure|p2a: Boompala
|-supereffective|p2a: Boompala
|-damage|p2a: Boompala|82/100
|-start|p2a: Boompala|Salt Cure
|
|-heal|p1a: Garganacl|65/100|[from] item: Leftovers
|-damage|p2a: Boompala|69/100|[from] Salt Cure
|upkeep
|turn|2
|
|t:|1781046237
|switch|p2a: Fearless|Great Tusk|100/100
|move|p1a: Garganacl|Recover|p1a: Garganacl
|-heal|p1a: Garganacl|100/100
|
|upkeep
|turn|3
|
|t:|1781046255
|move|p2a: Fearless|Stealth Rock|p1a: Garganacl
|-sidestart|p1: Rj yoip|move: Stealth Rock
|move|p1a: Garganacl|Salt Cure|p2a: Fearless
|-resisted|p2a: Fearless
|-damage|p2a: Fearless|99/100
|-start|p2a: Fearless|Salt Cure
|
|-heal|p2a: Fearless|100/100|[from] item: Leftovers
|-damage|p2a: Fearless|88/100|[from] Salt Cure
|upkeep
|turn|4
|inactive|oddishlover4 has 120 seconds left.
|
|t:|1781046273
|switch|p1a: Hydrapple|Hydrapple, M|100/100
|-damage|p1a: Hydrapple|88/100|[from] Stealth Rock
|move|p2a: Fearless|Headlong Rush|p1a: Hydrapple
|-resisted|p1a: Hydrapple
|-damage|p1a: Hydrapple|74/100
|-unboost|p2a: Fearless|def|1
|-unboost|p2a: Fearless|spd|1
|-damage|p2a: Fearless|72/100|[from] item: Rocky Helmet|[of] p1a: Hydrapple
|
|-heal|p2a: Fearless|78/100|[from] item: Leftovers
|-damage|p2a: Fearless|65/100|[from] Salt Cure
|upkeep
|turn|5
|inactive|oddishlover4 has 120 seconds left.
|
|t:|1781046291
|-end|p2a: Fearless|Protosynthesis|[silent]
|switch|p2a: Celebration|Gholdengo|100/100
|switch|p1a: Alomomola|Alomomola, M|100/100
|-damage|p1a: Alomomola|88/100|[from] Stealth Rock
|
|upkeep
|turn|6
|inactive|oddishlover4 has 120 seconds left.
|
|t:|1781046309
|move|p2a: Celebration|Nasty Plot|p2a: Celebration
|-boost|p2a: Celebration|spa|2
|move|p1a: Alomomola|Flip Turn|p2a: Celebration
|-damage|p2a: Celebration|87/100
|
|t:|1781046313
|switch|p1a: Garganacl|Garganacl, F|100/100|[from] Flip Turn
|-damage|p1a: Garganacl|88/100|[from] Stealth Rock
|
|-heal|p1a: Garganacl|94/100|[from] item: Leftovers
|upkeep
|turn|7
|inactive|oddishlover4 has 120 seconds left.
|
|t:|1781046330
|-terastallize|p1a: Garganacl|Electric
|move|p2a: Celebration|Nasty Plot|p2a: Celebration
|-boost|p2a: Celebration|spa|2
|move|p1a: Garganacl|Salt Cure|p2a: Celebration
|-resisted|p2a: Celebration
|-damage|p2a: Celebration|82/100
|-start|p2a: Celebration|Salt Cure
|
|-heal|p1a: Garganacl|100/100|[from] item: Leftovers
|-damage|p2a: Celebration|57/100|[from] Salt Cure
|upkeep
|turn|8
|
|t:|1781046348
|move|p2a: Celebration|Recover|p2a: Celebration
|-heal|p2a: Celebration|100/100
|move|p1a: Garganacl|Recover||[still]
|-fail|p1a: Garganacl|heal
|
|-damage|p2a: Celebration|76/100|[from] Salt Cure
|upkeep
|turn|9
|
|t:|1781046374
|move|p1a: Garganacl|Protect|p1a: Garganacl
|-singleturn|p1a: Garganacl|Protect
|move|p2a: Celebration|Nasty Plot|p2a: Celebration
|-boost|p2a: Celebration|spa|2
|
|-damage|p2a: Celebration|51/100|[from] Salt Cure
|upkeep
|turn|10
|
|t:|1781046385
|switch|p1a: Excadrill|Excadrill, F|100/100
|-damage|p1a: Excadrill|97/100|[from] Stealth Rock
|move|p2a: Celebration|Shadow Ball|p1a: Excadrill
|-damage|p1a: Excadrill|0 fnt
|faint|p1a: Excadrill
|
|-damage|p2a: Celebration|26/100|[from] Salt Cure
|upkeep
|
|t:|1781046392
|switch|p1a: Enamorus|Enamorus, F|100/100
|-damage|p1a: Enamorus|76/100|[from] Stealth Rock
|turn|11
|
|t:|1781046410
|move|p1a: Enamorus|Earth Power|p2a: Celebration
|-supereffective|p2a: Celebration
|-damage|p2a: Celebration|0 fnt
|faint|p2a: Celebration
|
|upkeep
|
|t:|1781046428
|switch|p2a: Boompala|Kyurem|69/100
|-ability|p2a: Boompala|Pressure
|turn|12
|inactive|oddishlover4 has 90 seconds left.
|
|t:|1781046446
|switch|p1a: Tyranitar|Tyranitar, M|100/100
|-damage|p1a: Tyranitar|88/100|[from] Stealth Rock
|-weather|Sandstorm|[from] ability: Sand Stream|[of] p1a: Tyranitar
|move|p2a: Boompala|Earth Power|p1a: Tyranitar
|-supereffective|p1a: Tyranitar
|-damage|p1a: Tyranitar|44/100
|
|-weather|Sandstorm|[upkeep]
|-damage|p2a: Boompala|63/100|[from] Sandstorm
|upkeep
|turn|13
|inactive|oddishlover4 has 90 seconds left.
|
|t:|1781046470
|move|p2a: Boompala|Body Press|p1a: Tyranitar
|-supereffective|p1a: Tyranitar
|-damage|p1a: Tyranitar|0 fnt
|faint|p1a: Tyranitar
|
|-weather|Sandstorm|[upkeep]
|-damage|p2a: Boompala|57/100|[from] Sandstorm
|upkeep
|
|t:|1781046475
|switch|p1a: Garganacl|Garganacl, F, tera:Electric|100/100
|-damage|p1a: Garganacl|88/100|[from] Stealth Rock
|turn|14
|
|t:|1781046484
|switch|p2a: Fearless|Great Tusk|65/100
|move|p1a: Garganacl|Salt Cure|p2a: Fearless
|-resisted|p2a: Fearless
|-damage|p2a: Fearless|64/100
|-start|p2a: Fearless|Salt Cure
|
|-weather|Sandstorm|[upkeep]
|-damage|p1a: Garganacl|82/100|[from] Sandstorm
|-heal|p2a: Fearless|70/100|[from] item: Leftovers
|-heal|p1a: Garganacl|88/100|[from] item: Leftovers
|-damage|p2a: Fearless|57/100|[from] Salt Cure
|upkeep
|turn|15
|
|t:|1781046494
|move|p2a: Fearless|Headlong Rush|p1a: Garganacl
|-supereffective|p1a: Garganacl
|-damage|p1a: Garganacl|24/100
|-unboost|p2a: Fearless|def|1
|-unboost|p2a: Fearless|spd|1
|move|p1a: Garganacl|Recover|p1a: Garganacl
|-heal|p1a: Garganacl|74/100
|
|-weather|Sandstorm|[upkeep]
|-damage|p1a: Garganacl|67/100|[from] Sandstorm
|-heal|p2a: Fearless|63/100|[from] item: Leftovers
|-heal|p1a: Garganacl|74/100|[from] item: Leftovers
|-damage|p2a: Fearless|51/100|[from] Salt Cure
|upkeep
|turn|16
|
|t:|1781046505
|move|p1a: Garganacl|Protect|p1a: Garganacl
|-singleturn|p1a: Garganacl|Protect
|move|p2a: Fearless|Headlong Rush|p1a: Garganacl
|-activate|p1a: Garganacl|move: Protect
|
|-weather|none
|-heal|p2a: Fearless|57/100|[from] item: Leftovers
|-heal|p1a: Garganacl|80/100|[from] item: Leftovers
|-damage|p2a: Fearless|45/100|[from] Salt Cure
|upkeep
|turn|17
|
|t:|1781046514
|move|p2a: Fearless|Headlong Rush|p1a: Garganacl
|-supereffective|p1a: Garganacl
|-damage|p1a: Garganacl|13/100
|-unboost|p2a: Fearless|def|1
|-unboost|p2a: Fearless|spd|1
|move|p1a: Garganacl|Recover|p1a: Garganacl
|-heal|p1a: Garganacl|63/100
|
|-heal|p2a: Fearless|51/100|[from] item: Leftovers
|-heal|p1a: Garganacl|69/100|[from] item: Leftovers
|-damage|p2a: Fearless|38/100|[from] Salt Cure
|upkeep
|turn|18
|
|t:|1781046523
|-end|p2a: Fearless|Protosynthesis|[silent]
|switch|p2a: Boompala|Kyurem|57/100
|-ability|p2a: Boompala|Pressure
|move|p1a: Garganacl|Protect||[still]
|-fail|p1a: Garganacl
|
|-heal|p1a: Garganacl|75/100|[from] item: Leftovers
|upkeep
|turn|19
|inactive|oddishlover4 has 120 seconds left.
|
|t:|1781046532
|switch|p2a: Fearless|Great Tusk|38/100
|move|p1a: Garganacl|Salt Cure|p2a: Fearless
|-resisted|p2a: Fearless
|-damage|p2a: Fearless|37/100
|-start|p2a: Fearless|Salt Cure
|
|-heal|p2a: Fearless|43/100|[from] item: Leftovers
|-heal|p1a: Garganacl|82/100|[from] item: Leftovers
|-damage|p2a: Fearless|30/100|[from] Salt Cure
|upkeep
|turn|20
|
|t:|1781046541
|move|p1a: Garganacl|Protect|p1a: Garganacl
|-singleturn|p1a: Garganacl|Protect
|move|p2a: Fearless|Headlong Rush|p1a: Garganacl
|-activate|p1a: Garganacl|move: Protect
|
|-heal|p2a: Fearless|36/100|[from] item: Leftovers
|-heal|p1a: Garganacl|88/100|[from] item: Leftovers
|-damage|p2a: Fearless|24/100|[from] Salt Cure
|upkeep
|turn|21
|
|t:|1781046550
|move|p2a: Fearless|Headlong Rush|p1a: Garganacl
|-supereffective|p1a: Garganacl
|-damage|p1a: Garganacl|18/100
|-unboost|p2a: Fearless|def|1
|-unboost|p2a: Fearless|spd|1
|move|p1a: Garganacl|Recover|p1a: Garganacl
|-heal|p1a: Garganacl|68/100
|
|-heal|p2a: Fearless|30/100|[from] item: Leftovers
|-heal|p1a: Garganacl|74/100|[from] item: Leftovers
|-damage|p2a: Fearless|18/100|[from] Salt Cure
|upkeep
|turn|22
|
|t:|1781046568
|-end|p2a: Fearless|Protosynthesis|[silent]
|switch|p2a: Boompala|Kyurem|57/100
|-ability|p2a: Boompala|Pressure
|move|p1a: Garganacl|Protect||[still]
|-fail|p1a: Garganacl
|
|-heal|p1a: Garganacl|80/100|[from] item: Leftovers
|upkeep
|turn|23
|
|t:|1781046577
|move|p2a: Boompala|Earth Power|p1a: Garganacl
|-supereffective|p1a: Garganacl
|-damage|p1a: Garganacl|33/100
|move|p1a: Garganacl|Salt Cure|p2a: Boompala
|-supereffective|p2a: Boompala
|-damage|p2a: Boompala|37/100
|-start|p2a: Boompala|Salt Cure
|
|-heal|p1a: Garganacl|39/100|[from] item: Leftovers
|-damage|p2a: Boompala|24/100|[from] Salt Cure
|upkeep
|turn|24
|
|t:|1781046587
|switch|p2a: Fearless|Great Tusk|18/100
|move|p1a: Garganacl|Protect||[still]
|-fail|p1a: Garganacl
|
|-heal|p2a: Fearless|24/100|[from] item: Leftovers
|-heal|p1a: Garganacl|45/100|[from] item: Leftovers
|upkeep
|turn|25
|
|t:|1781046596
|switch|p1a: Hydrapple|Hydrapple, M|100/100
|-damage|p1a: Hydrapple|88/100|[from] Stealth Rock
|move|p2a: Fearless|Headlong Rush|p1a: Hydrapple
|-resisted|p1a: Hydrapple
|-damage|p1a: Hydrapple|73/100
|-unboost|p2a: Fearless|def|1
|-unboost|p2a: Fearless|spd|1
|-damage|p2a: Fearless|7/100|[from] item: Rocky Helmet|[of] p1a: Hydrapple
|
|-heal|p2a: Fearless|13/100|[from] item: Leftovers
|upkeep
|turn|26
|
|t:|1781046615
|move|p2a: Fearless|Headlong Rush|p1a: Hydrapple
|-resisted|p1a: Hydrapple
|-damage|p1a: Hydrapple|58/100
|-unboost|p2a: Fearless|def|1
|-unboost|p2a: Fearless|spd|1
|-damage|p2a: Fearless|0 fnt|[from] item: Rocky Helmet|[of] p1a: Hydrapple
|faint|p2a: Fearless
|-end|p2a: Fearless|Protosynthesis|[silent]
|move|p1a: Hydrapple|Giga Drain|p2: Fearless|[notarget]
|-fail|p1a: Hydrapple
|
|upkeep
|
|t:|1781046633
|switch|p2a: Boompala|Kyurem|24/100
|-ability|p2a: Boompala|Pressure
|turn|27
|inactive|oddishlover4 has 120 seconds left.
|
|t:|1781046651
|switch|p1a: Alomomola|Alomomola, M|100/100
|-damage|p1a: Alomomola|88/100|[from] Stealth Rock
|move|p2a: Boompala|Ice Beam|p1a: Alomomola
|-resisted|p1a: Alomomola
|-damage|p1a: Alomomola|74/100
|
|upkeep
|turn|28
|inactive|oddishlover4 has 120 seconds left.
|
|t:|1781046669
|move|p2a: Boompala|Freeze-Dry|p1a: Alomomola
|-supereffective|p1a: Alomomola
|-damage|p1a: Alomomola|31/100
|move|p1a: Alomomola|Flip Turn|p2a: Boompala
|-resisted|p2a: Boompala
|-damage|p2a: Boompala|18/100
|
|t:|1781046672
|switch|p1a: Enamorus|Enamorus, F|76/100|[from] Flip Turn
|-damage|p1a: Enamorus|51/100|[from] Stealth Rock
|
|upkeep
|turn|29
|inactive|oddishlover4 has 120 seconds left.
|j| Golem Rising
|
|t:|1781046689
|move|p1a: Enamorus|Moonblast|p2a: Boompala
|-supereffective|p2a: Boompala
|-damage|p2a: Boompala|0 fnt
|faint|p2a: Boompala
|
|upkeep
|
|t:|1781046707
|switch|p2a: Perfect Night|Darkrai|100/100
|turn|30
|l| Golem Rising
|
|t:|1781046724
|switch|p1a: Alomomola|Alomomola, M|64/100
|-damage|p1a: Alomomola|52/100|[from] Stealth Rock
|move|p2a: Perfect Night|Ice Beam|p1a: Alomomola
|-resisted|p1a: Alomomola
|-damage|p1a: Alomomola|43/100
|
|upkeep
|turn|31
|
|t:|1781046741
|switch|p2a: Antiflagile|Hatterene, F|100/100
|move|p1a: Alomomola|Flip Turn|p2a: Antiflagile
|-damage|p2a: Antiflagile|87/100
|-damage|p1a: Alomomola|26/100|[from] item: Rocky Helmet|[of] p2a: Antiflagile
|
|t:|1781046756
|switch|p1a: Garganacl|Garganacl, F, tera:Electric|45/100|[from] Flip Turn
|-damage|p1a: Garganacl|33/100|[from] Stealth Rock
|
|-heal|p1a: Garganacl|39/100|[from] item: Leftovers
|upkeep
|turn|32
|
|t:|1781046765
|move|p2a: Antiflagile|Psychic Noise|p1a: Garganacl
|-damage|p1a: Garganacl|17/100
|-start|p1a: Garganacl|move: Heal Block
|cant|p1a: Garganacl|move: Heal Block|Recover
|
|upkeep
|turn|33
|
|t:|1781046774
|switch|p1a: Alomomola|Alomomola, M|60/100
|-damage|p1a: Alomomola|47/100|[from] Stealth Rock
|move|p2a: Antiflagile|Psychic Noise|p1a: Alomomola
|-damage|p1a: Alomomola|30/100
|-start|p1a: Alomomola|move: Heal Block
|
|upkeep
|turn|34
|
|t:|1781046792
|switch|p1a: Hydrapple|Hydrapple, M|91/100
|-damage|p1a: Hydrapple|79/100|[from] Stealth Rock
|move|p2a: Antiflagile|Draining Kiss|p1a: Hydrapple
|-supereffective|p1a: Hydrapple
|-damage|p1a: Hydrapple|32/100
|-heal|p2a: Antiflagile|100/100|[from] drain|[of] p1a: Hydrapple
|-damage|p2a: Antiflagile|84/100|[from] item: Rocky Helmet|[of] p1a: Hydrapple
|
|upkeep
|turn|35
|
|t:|1781046810
|move|p1a: Hydrapple|Giga Drain|p2a: Antiflagile
|-damage|p2a: Antiflagile|52/100
|-heal|p1a: Hydrapple|45/100|[from] drain|[of] p2a: Antiflagile
|move|p2a: Antiflagile|Draining Kiss|p1a: Hydrapple
|-supereffective|p1a: Hydrapple
|-damage|p1a: Hydrapple|3/100
|-heal|p2a: Antiflagile|93/100|[from] drain|[of] p1a: Hydrapple
|-damage|p2a: Antiflagile|77/100|[from] item: Rocky Helmet|[of] p1a: Hydrapple
|
|upkeep
|turn|36
|
|t:|1781046828
|move|p1a: Hydrapple|Giga Drain|p2a: Antiflagile
|-damage|p2a: Antiflagile|47/100
|-heal|p1a: Hydrapple|14/100|[from] drain|[of] p2a: Antiflagile
|move|p2a: Antiflagile|Psychic Noise|p1a: Hydrapple
|-damage|p1a: Hydrapple|0 fnt
|faint|p1a: Hydrapple
|
|upkeep
|
|t:|1781046835
|switch|p1a: Enamorus|Enamorus, F|51/100
|-damage|p1a: Enamorus|26/100|[from] Stealth Rock
|turn|37
|
|t:|1781046852
|switch|p2a: Bluebeard's Wife|Dragonite, F|100/100
|move|p1a: Enamorus|Healing Wish|p1a: Enamorus
|faint|p1a: Enamorus
|
|upkeep
|
|t:|1781046855
|switch|p1a: Garganacl|Garganacl, F, tera:Electric|17/100
|-heal|p1a: Garganacl|100/100|[from] move: Healing Wish
|-damage|p1a: Garganacl|88/100|[from] Stealth Rock
|turn|38
|
|t:|1781046863
|move|p2a: Bluebeard's Wife|Dragon Dance|p2a: Bluebeard's Wife
|-boost|p2a: Bluebeard's Wife|atk|1
|-boost|p2a: Bluebeard's Wife|spe|1
|move|p1a: Garganacl|Salt Cure|p2a: Bluebeard's Wife
|-supereffective|p2a: Bluebeard's Wife
|-damage|p2a: Bluebeard's Wife|87/100
|-start|p2a: Bluebeard's Wife|Salt Cure
|
|-heal|p1a: Garganacl|94/100|[from] item: Leftovers
|-damage|p2a: Bluebeard's Wife|75/100|[from] Salt Cure
|upkeep
|turn|39
|
|t:|1781046872
|switch|p1a: Alomomola|Alomomola, M|63/100
|-damage|p1a: Alomomola|51/100|[from] Stealth Rock
|move|p2a: Bluebeard's Wife|Dragon Dance|p2a: Bluebeard's Wife
|-boost|p2a: Bluebeard's Wife|atk|1
|-boost|p2a: Bluebeard's Wife|spe|1
|
|-damage|p2a: Bluebeard's Wife|62/100|[from] Salt Cure
|upkeep
|turn|40
|
|t:|1781046889
|move|p2a: Bluebeard's Wife|Extreme Speed|p1a: Alomomola
|-damage|p1a: Alomomola|11/100
|move|p1a: Alomomola|Scald|p2a: Bluebeard's Wife
|-resisted|p2a: Bluebeard's Wife
|-damage|p2a: Bluebeard's Wife|56/100
|-status|p2a: Bluebeard's Wife|brn
|
|-damage|p2a: Bluebeard's Wife|50/100 brn|[from] brn
|-damage|p2a: Bluebeard's Wife|37/100 brn|[from] Salt Cure
|upkeep
|turn|41
|
|t:|1781046907
|switch|p1a: Garganacl|Garganacl, F, tera:Electric|94/100
|-damage|p1a: Garganacl|82/100|[from] Stealth Rock
|move|p2a: Bluebeard's Wife|Roost|p2a: Bluebeard's Wife
|-heal|p2a: Bluebeard's Wife|87/100 brn
|-singleturn|p2a: Bluebeard's Wife|move: Roost
|
|-heal|p1a: Garganacl|88/100|[from] item: Leftovers
|-damage|p2a: Bluebeard's Wife|81/100 brn|[from] brn
|-damage|p2a: Bluebeard's Wife|69/100 brn|[from] Salt Cure
|upkeep
|turn|42
|
|t:|1781046915
|move|p2a: Bluebeard's Wife|Dragon Dance|p2a: Bluebeard's Wife
|-boost|p2a: Bluebeard's Wife|atk|1
|-boost|p2a: Bluebeard's Wife|spe|1
|move|p1a: Garganacl|Salt Cure|p2a: Bluebeard's Wife
|-supereffective|p2a: Bluebeard's Wife
|-damage|p2a: Bluebeard's Wife|44/100 brn
|
|-heal|p1a: Garganacl|94/100|[from] item: Leftovers
|-damage|p2a: Bluebeard's Wife|37/100 brn|[from] brn
|-damage|p2a: Bluebeard's Wife|25/100 brn|[from] Salt Cure
|upkeep
|turn|43
|
|t:|1781046924
|switch|p1a: Alomomola|Alomomola, M|44/100
|-damage|p1a: Alomomola|31/100|[from] Stealth Rock
|move|p2a: Bluebeard's Wife|Roost|p2a: Bluebeard's Wife
|-heal|p2a: Bluebeard's Wife|75/100 brn
|-singleturn|p2a: Bluebeard's Wife|move: Roost
|
|-damage|p2a: Bluebeard's Wife|69/100 brn|[from] brn
|-damage|p2a: Bluebeard's Wife|56/100 brn|[from] Salt Cure
|upkeep
|turn|44
|
|t:|1781046941
|switch|p1a: Garganacl|Garganacl, F, tera:Electric|94/100
|-damage|p1a: Garganacl|82/100|[from] Stealth Rock
|move|p2a: Bluebeard's Wife|Dragon Dance|p2a: Bluebeard's Wife
|-boost|p2a: Bluebeard's Wife|atk|1
|-boost|p2a: Bluebeard's Wife|spe|1
|
|-heal|p1a: Garganacl|88/100|[from] item: Leftovers
|-damage|p2a: Bluebeard's Wife|50/100 brn|[from] brn
|-damage|p2a: Bluebeard's Wife|38/100 brn|[from] Salt Cure
|upkeep
|turn|45
|
|t:|1781046950
|switch|p1a: Alomomola|Alomomola, M|65/100
|-damage|p1a: Alomomola|52/100|[from] Stealth Rock
|move|p2a: Bluebeard's Wife|Roost|p2a: Bluebeard's Wife
|-heal|p2a: Bluebeard's Wife|88/100 brn
|-singleturn|p2a: Bluebeard's Wife|move: Roost
|
|-damage|p2a: Bluebeard's Wife|82/100 brn|[from] brn
|-damage|p2a: Bluebeard's Wife|69/100 brn|[from] Salt Cure
|upkeep
|turn|46
|
|t:|1781046967
|switch|p1a: Garganacl|Garganacl, F, tera:Electric|88/100
|-damage|p1a: Garganacl|76/100|[from] Stealth Rock
|move|p2a: Bluebeard's Wife|Roost|p2a: Bluebeard's Wife
|-heal|p2a: Bluebeard's Wife|100/100 brn
|-singleturn|p2a: Bluebeard's Wife|move: Roost
|
|-heal|p1a: Garganacl|82/100|[from] item: Leftovers
|-damage|p2a: Bluebeard's Wife|94/100 brn|[from] brn
|-damage|p2a: Bluebeard's Wife|82/100 brn|[from] Salt Cure
|upkeep
|turn|47
|
|t:|1781046976
|move|p2a: Bluebeard's Wife|Extreme Speed|p1a: Garganacl
|-damage|p1a: Garganacl|55/100
|move|p1a: Garganacl|Salt Cure|p2a: Bluebeard's Wife
|-supereffective|p2a: Bluebeard's Wife
|-damage|p2a: Bluebeard's Wife|57/100 brn
|
|-heal|p1a: Garganacl|61/100|[from] item: Leftovers
|-damage|p2a: Bluebeard's Wife|51/100 brn|[from] brn
|-damage|p2a: Bluebeard's Wife|38/100 brn|[from] Salt Cure
|upkeep
|turn|48
|
|t:|1781046985
|move|p2a: Bluebeard's Wife|Roost|p2a: Bluebeard's Wife
|-heal|p2a: Bluebeard's Wife|88/100 brn
|-singleturn|p2a: Bluebeard's Wife|move: Roost
|move|p1a: Garganacl|Stealth Rock|p2a: Bluebeard's Wife
|-sidestart|p2: oddishlover4|move: Stealth Rock
|
|-heal|p1a: Garganacl|67/100|[from] item: Leftovers
|-damage|p2a: Bluebeard's Wife|82/100 brn|[from] brn
|-damage|p2a: Bluebeard's Wife|70/100 brn|[from] Salt Cure
|upkeep
|turn|49
|inactive|oddishlover4 has 120 seconds left.
|
|t:|1781046994
|move|p2a: Bluebeard's Wife|Roost|p2a: Bluebeard's Wife
|-heal|p2a: Bluebeard's Wife|100/100 brn
|-singleturn|p2a: Bluebeard's Wife|move: Roost
|move|p1a: Garganacl|Recover|p1a: Garganacl
|-heal|p1a: Garganacl|100/100
|
|-damage|p2a: Bluebeard's Wife|94/100 brn|[from] brn
|-damage|p2a: Bluebeard's Wife|82/100 brn|[from] Salt Cure
|upkeep
|turn|50
|
|t:|1781047002
|switch|p2a: Antiflagile|Hatterene, F|47/100
|-damage|p2a: Antiflagile|35/100|[from] Stealth Rock
|switch|p1a: Alomomola|Alomomola, M|85/100
|-damage|p1a: Alomomola|73/100|[from] Stealth Rock
|
|upkeep
|turn|51
|inactive|oddishlover4 has 120 seconds left.
|
|t:|1781047019
|move|p2a: Antiflagile|Pain Split|p1a: Alomomola
|-sethp|p1a: Alomomola|48/100|[from] move: Pain Split|[silent]
|-sethp|p2a: Antiflagile|72/100|[from] move: Pain Split
|move|p1a: Alomomola|Mirror Coat||[still]
|-fail|p1a: Alomomola
|
|upkeep
|turn|52
|j| Golem Rising
|
|t:|1781047028
|move|p1a: Alomomola|Flip Turn|p2a: Antiflagile
|-crit|p2a: Antiflagile
|-damage|p2a: Antiflagile|52/100
|-damage|p1a: Alomomola|31/100|[from] item: Rocky Helmet|[of] p2a: Antiflagile
|
|t:|1781047029
|switch|p1a: Garganacl|Garganacl, F, tera:Electric|100/100|[from] Flip Turn
|-damage|p1a: Garganacl|88/100|[from] Stealth Rock
|move|p2a: Antiflagile|Pain Split|p1a: Garganacl
|-sethp|p1a: Garganacl|64/100|[from] move: Pain Split|[silent]
|-sethp|p2a: Antiflagile|82/100|[from] move: Pain Split
|
|-heal|p1a: Garganacl|70/100|[from] item: Leftovers
|upkeep
|turn|53
|
|t:|1781047038
|move|p2a: Antiflagile|Psychic Noise|p1a: Garganacl
|-damage|p1a: Garganacl|46/100
|-start|p1a: Garganacl|move: Heal Block
|move|p1a: Garganacl|Salt Cure|p2a: Antiflagile
|-damage|p2a: Antiflagile|70/100
|-start|p2a: Antiflagile|Salt Cure
|
|-damage|p2a: Antiflagile|58/100|[from] Salt Cure
|upkeep
|turn|54
|
|t:|1781047047
|move|p1a: Garganacl|Protect|p1a: Garganacl
|-singleturn|p1a: Garganacl|Protect
|move|p2a: Antiflagile|Psychic Noise|p1a: Garganacl
|-activate|p1a: Garganacl|move: Protect
|
|-damage|p2a: Antiflagile|46/100|[from] Salt Cure
|-end|p1a: Garganacl|move: Heal Block
|upkeep
|turn|55
|
|t:|1781047056
|switch|p1a: Alomomola|Alomomola, M|65/100
|-damage|p1a: Alomomola|52/100|[from] Stealth Rock
|move|p2a: Antiflagile|Psychic Noise|p1a: Alomomola
|-damage|p1a: Alomomola|35/100
|-start|p1a: Alomomola|move: Heal Block
|
|-damage|p2a: Antiflagile|33/100|[from] Salt Cure
|upkeep
|turn|56
|
|t:|1781047064
|move|p1a: Alomomola|Scald|p2a: Antiflagile
|-damage|p2a: Antiflagile|19/100
|move|p2a: Antiflagile|Psychic Noise|p1a: Alomomola
|-damage|p1a: Alomomola|16/100
|
|-damage|p2a: Antiflagile|7/100|[from] Salt Cure
|-end|p1a: Alomomola|move: Heal Block
|upkeep
|turn|57
|
|t:|1781047071
|move|p1a: Alomomola|Scald|p2a: Antiflagile
|-damage|p2a: Antiflagile|0 fnt
|faint|p2a: Antiflagile
|
|upkeep
|
|t:|1781047079
|switch|p2a: Perfect Night|Darkrai|100/100
|-damage|p2a: Perfect Night|88/100|[from] Stealth Rock
|turn|58
|
|t:|1781047086
|-terastallize|p2a: Perfect Night|Dark
|move|p2a: Perfect Night|Dark Pulse|p1a: Alomomola
|-damage|p1a: Alomomola|0 fnt
|faint|p1a: Alomomola
|
|upkeep
|
|t:|1781047088
|switch|p1a: Garganacl|Garganacl, F, tera:Electric|46/100
|-damage|p1a: Garganacl|34/100|[from] Stealth Rock
|turn|59
|
|t:|1781047095
|move|p1a: Garganacl|Protect|p1a: Garganacl
|-singleturn|p1a: Garganacl|Protect
|move|p2a: Perfect Night|Dark Pulse|p1a: Garganacl
|-activate|p1a: Garganacl|move: Protect
|
|-heal|p1a: Garganacl|40/100|[from] item: Leftovers
|upkeep
|turn|60
|
|t:|1781047103
|move|p2a: Perfect Night|Dark Pulse|p1a: Garganacl
|-damage|p1a: Garganacl|0 fnt
|faint|p1a: Garganacl
|
|win|oddishlover4
|raw|Rj yoip's rating: 1685 &rarr; <strong>1665</strong><br />(-20 for losing)
|raw|oddishlover4's rating: 1689 &rarr; <strong>1709</strong><br />(+20 for winning)
|c|☆oddishlover4|GG!
|l|☆oddishlover4
|player|p2|
|l| biscoitoxdbr
|l| Golem Rising
|l|☆Rj yoip
|player|p1|
