|j|☆gintamaxxoo
|j|☆sunwukongftw
|t:|1781109985
|gametype|singles
|player|p1|gintamaxxoo|cyclist-gen4|1641
|player|p2|sunwukongftw|101|1608
|gen|9
|tier|[Gen 9] OU
|rated|
|rule|HP Percentage Mod: HP is shown in percentages
|rule|Endless Battle Clause: Forcing endless battles is banned
|rule|Species Clause: Limit one of each Pokémon
|rule|OHKO Clause: OHKO moves are banned
|rule|Evasion Items Clause: Evasion items are banned
|rule|Evasion Moves Clause: Evasion moves are banned
|rule|Evasion Abilities Clause: Evasion abilities are banned
|rule|Sleep Moves Clause: Sleep-inducing moves are banned
|clearpoke
|poke|p1|Ting-Lu|
|poke|p1|Gliscor, M|
|poke|p1|Sinistcha-Masterpiece|
|poke|p1|Keldeo|
|poke|p1|Tinkaton, F|
|poke|p1|Dragonite, M|
|poke|p2|Torkoal, M|
|poke|p2|Walking Wake|
|poke|p2|Iron Moth|
|poke|p2|Landorus-Therian, M|
|poke|p2|Hatterene, F|
|poke|p2|Slither Wing|
|teampreview
|inactive|Battle timer is ON: inactive players will automatically lose when time's up. (requested by gintamaxxoo)
|inactive|gintamaxxoo has 120 seconds left.
|inactive|sunwukongftw has 120 seconds left.
|
|t:|1781110032
|teamsize|p1|6
|teamsize|p2|6
|start
|switch|p1a: My Little Pwny|Keldeo|100/100
|switch|p2a: Torkoal|Torkoal, M|100/100
|-weather|SunnyDay|[from] ability: Drought|[of] p2a: Torkoal
|turn|1
|
|t:|1781110037
|switch|p2a: Hatterene|Hatterene, F|100/100
|move|p1a: My Little Pwny|Surf|p2a: Hatterene
|-damage|p2a: Hatterene|76/100
|-enditem|p2a: Hatterene|Eject Button
|
|t:|1781110048
|switch|p2a: Walking Wake|Walking Wake|100/100
|-activate|p2a: Walking Wake|ability: Protosynthesis
|-start|p2a: Walking Wake|protosynthesisspe
|
|-weather|SunnyDay|[upkeep]
|upkeep
|turn|2
|
|t:|1781110062
|move|p2a: Walking Wake|Flamethrower|p1a: My Little Pwny
|-resisted|p1a: My Little Pwny
|-damage|p1a: My Little Pwny|58/100
|move|p1a: My Little Pwny|Flip Turn|p2a: Walking Wake
|-resisted|p2a: Walking Wake
|-damage|p2a: Walking Wake|99/100
|inactive|gintamaxxoo has 120 seconds left.
|
|t:|1781110101
|switch|p1a: Jarhead|Ting-Lu|100/100|[from] Flip Turn
|-ability|p1a: Jarhead|Vessel of Ruin
|
|-weather|SunnyDay|[upkeep]
|upkeep
|turn|3
|
|t:|1781110119
|-end|p2a: Walking Wake|Protosynthesis|[silent]
|switch|p2a: Hatterene|Hatterene, F|76/100
|move|p1a: Jarhead|Ruination|p2a: Hatterene
|-damage|p2a: Hatterene|38/100
|
|-weather|SunnyDay|[upkeep]
|upkeep
|turn|4
|inactive|gintamaxxoo has 120 seconds left.
|inactive|gintamaxxoo has 90 seconds left.
|
|t:|1781110173
|move|p1a: Jarhead|Earthquake|p2a: Hatterene
|-damage|p2a: Hatterene|8/100
|move|p2a: Hatterene|Dazzling Gleam|p1a: Jarhead
|-supereffective|p1a: Jarhead
|-damage|p1a: Jarhead|69/100
|
|-weather|SunnyDay|[upkeep]
|-heal|p1a: Jarhead|75/100|[from] item: Leftovers
|upkeep
|turn|5
|
|t:|1781110181
|switch|p2a: Landorus|Landorus-Therian, M|100/100
|-ability|p2a: Landorus|Intimidate|boost
|-unboost|p1a: Jarhead|atk|1
|move|p1a: Jarhead|Earthquake|p2a: Landorus
|-immune|p2a: Landorus
|
|-weather|SunnyDay|[upkeep]
|-heal|p1a: Jarhead|81/100|[from] item: Leftovers
|upkeep
|turn|6
|
|t:|1781110184
|move|p2a: Landorus|U-turn|p1a: Jarhead
|-supereffective|p1a: Jarhead
|-damage|p1a: Jarhead|53/100
|
|t:|1781110187
|switch|p2a: Hatterene|Hatterene, F|8/100|[from] U-turn
|move|p1a: Jarhead|Spikes|p2a: Hatterene
|move|p2a: Hatterene|Spikes|p1a: Jarhead|[from] ability: Magic Bounce
|-sidestart|p1: gintamaxxoo|Spikes
|
|-weather|SunnyDay|[upkeep]
|-heal|p1a: Jarhead|59/100|[from] item: Leftovers
|upkeep
|turn|7
|
|t:|1781110190
|move|p1a: Jarhead|Earthquake|p2a: Hatterene
|-damage|p2a: Hatterene|0 fnt
|faint|p2a: Hatterene
|
|-weather|SunnyDay|[upkeep]
|-heal|p1a: Jarhead|65/100|[from] item: Leftovers
|upkeep
|
|t:|1781110201
|switch|p2a: Walking Wake|Walking Wake|99/100
|-activate|p2a: Walking Wake|ability: Protosynthesis
|-start|p2a: Walking Wake|protosynthesisspe
|turn|8
|inactive|gintamaxxoo has 120 seconds left.
|
|t:|1781110225
|move|p2a: Walking Wake|Hydro Steam|p1a: Jarhead
|-supereffective|p1a: Jarhead
|-damage|p1a: Jarhead|0 fnt
|faint|p1a: Jarhead
|
|-weather|none
|-end|p2a: Walking Wake|Protosynthesis
|upkeep
|
|t:|1781110231
|switch|p1a: My Little Pwny|Keldeo|58/100
|turn|9
|
|t:|1781110243
|-end|p2a: Walking Wake|Protosynthesis|[silent]
|switch|p2a: Slither Wing|Slither Wing|100/100
|move|p1a: My Little Pwny|Aura Sphere|p2a: Slither Wing
|-resisted|p2a: Slither Wing
|-damage|p2a: Slither Wing|87/100
|
|upkeep
|turn|10
|
|t:|1781110249
|move|p1a: My Little Pwny|Surf|p2a: Slither Wing
|-damage|p2a: Slither Wing|52/100
|move|p2a: Slither Wing|Close Combat|p1a: My Little Pwny
|-damage|p1a: My Little Pwny|0 fnt
|-unboost|p2a: Slither Wing|def|1
|-unboost|p2a: Slither Wing|spd|1
|faint|p1a: My Little Pwny
|
|upkeep
|
|t:|1781110260
|switch|p1a: Secret Service|Dragonite, M|100/100
|turn|11
|
|t:|1781110269
|move|p1a: Secret Service|Extreme Speed|p2a: Slither Wing
|-damage|p2a: Slither Wing|0 fnt
|faint|p2a: Slither Wing
|-end|p2a: Slither Wing|Protosynthesis|[silent]
|
|upkeep
|
|t:|1781110273
|switch|p2a: Torkoal|Torkoal, M|100/100
|-weather|SunnyDay|[from] ability: Drought|[of] p2a: Torkoal
|turn|12
|
|t:|1781110279
|move|p1a: Secret Service|Earthquake|p2a: Torkoal
|-supereffective|p2a: Torkoal
|-damage|p2a: Torkoal|58/100
|move|p2a: Torkoal|Will-O-Wisp|p1a: Secret Service|[miss]
|-miss|p2a: Torkoal|p1a: Secret Service
|
|-weather|SunnyDay|[upkeep]
|upkeep
|turn|13
|inactive|gintamaxxoo has 120 seconds left.
|
|t:|1781110300
|switch|p1a: Tchavis Scott|Sinistcha-Masterpiece|100/100
|switch|p2a: Landorus|Landorus-Therian, M|100/100
|-ability|p2a: Landorus|Intimidate|boost
|-unboost|p1a: Tchavis Scott|atk|1
|
|-weather|SunnyDay|[upkeep]
|upkeep
|turn|14
|inactive|gintamaxxoo has 120 seconds left.
|
|t:|1781110313
|move|p2a: Landorus|U-turn|p1a: Tchavis Scott
|-damage|p1a: Tchavis Scott|84/100
|
|t:|1781110316
|switch|p2a: Iron Moth|Iron Moth|100/100|[from] U-turn
|move|p1a: Tchavis Scott|Shadow Ball|p2a: Iron Moth
|-damage|p2a: Iron Moth|66/100
|
|-weather|SunnyDay|[upkeep]
|upkeep
|turn|15
|
|t:|1781110326
|switch|p1a: Secret Service|Dragonite, M|100/100
|move|p2a: Iron Moth|Fiery Dance|p1a: Secret Service
|-resisted|p1a: Secret Service
|-damage|p1a: Secret Service|77/100
|-boost|p2a: Iron Moth|spa|1
|
|-weather|SunnyDay|[upkeep]
|upkeep
|turn|16
|
|t:|1781110334
|-terastallize|p2a: Iron Moth|Fire
|move|p2a: Iron Moth|Fiery Dance|p1a: Secret Service
|-resisted|p1a: Secret Service
|-damage|p1a: Secret Service|0 fnt
|-boost|p2a: Iron Moth|spa|1
|faint|p1a: Secret Service
|
|-weather|SunnyDay|[upkeep]
|upkeep
|
|t:|1781110348
|switch|p1a: Tinkki Minaj|Tinkaton, F|100/100
|-ability|p1a: Tinkki Minaj|Mold Breaker
|-item|p1a: Tinkki Minaj|Air Balloon
|turn|17
|
|t:|1781110357
|-terastallize|p1a: Tinkki Minaj|Water
|move|p2a: Iron Moth|Fiery Dance|p1a: Tinkki Minaj
|-resisted|p1a: Tinkki Minaj
|-damage|p1a: Tinkki Minaj|0 fnt
|-boost|p2a: Iron Moth|spa|1
|-enditem|p1a: Tinkki Minaj|Air Balloon
|faint|p1a: Tinkki Minaj
|
|-weather|SunnyDay|[upkeep]
|upkeep
|
|t:|1781110365
|switch|p1a: Dance Armstrong|Gliscor, M|100/100
|turn|18
|c|☆sunwukongftw|gg
|
|t:|1781110369
|move|p2a: Iron Moth|Fiery Dance|p1a: Dance Armstrong
|-crit|p1a: Dance Armstrong
|-damage|p1a: Dance Armstrong|0 fnt
|-boost|p2a: Iron Moth|spa|1
|faint|p1a: Dance Armstrong
|
|-weather|SunnyDay|[upkeep]
|upkeep
|-message|gintamaxxoo forfeited.
|
|win|sunwukongftw
|raw|gintamaxxoo's rating: 1641 &rarr; <strong>1619</strong><br />(-22 for losing)
|raw|sunwukongftw's rating: 1608 &rarr; <strong>1630</strong><br />(+22 for winning)
|l|☆gintamaxxoo
|player|p1|
|l|☆sunwukongftw
|player|p2|
