|j|☆Luisowbro
|j|☆uniandes5
|t:|1781108710
|gametype|singles
|player|p1|Luisowbro|ingo|1548
|player|p2|uniandes5|2|1563
|gen|9
|tier|[Gen 9] OU
|rated|
|rule|HP Percentage Mod: HP is shown in percentages
|rule|Endless Battle Clause: Forcing endless battles is banned
|rule|Species Clause: Limit one of each Pokémon
|rule|OHKO Clause: OHKO moves are banned
|rule|Evasion Items Clause: Evasion items are banned
|rule|Evasion Moves Clause: Evasion moves are banned
|rule|Evasion Abilities Clause: Evasion abilities are banned
|rule|Sleep Moves Clause: Sleep-inducing moves are banned
|clearpoke
|poke|p1|Moltres-Galar|
|poke|p1|Haxorus, M|
|poke|p1|Thundurus-Therian, M|
|poke|p1|Scizor, M|
|poke|p1|Volcanion|
|poke|p1|Ninetales-Alola, F|
|poke|p2|Grimmsnarl, M|
|poke|p2|Latias, F|
|poke|p2|Tinkaton, F|
|poke|p2|Volcanion|
|poke|p2|Mew|
|poke|p2|Dragapult, M|
|teampreview
|
|t:|1781108732
|teamsize|p1|6
|teamsize|p2|6
|start
|switch|p1a: Volcanion|Volcanion|100/100
|switch|p2a: Dragapult|Dragapult, M|100/100
|turn|1
|inactive|Battle timer is ON: inactive players will automatically lose when time's up. (requested by Luisowbro)
|
|t:|1781108738
|switch|p1a: Moltres|Moltres-Galar, shiny|100/100
|move|p2a: Dragapult|Thunder Wave|p1a: Moltres
|-status|p1a: Moltres|par
|
|upkeep
|turn|2
|
|t:|1781108744
|move|p2a: Dragapult|Dragon Darts|p1a: Moltres
|-damage|p1a: Moltres|79/100 par
|-anim|p2a: Dragapult|Dragon Darts|p1a: Moltres
|-damage|p1a: Moltres|55/100 par
|move|p1a: Moltres|Fiery Wrath|p2a: Dragapult
|-supereffective|p2a: Dragapult
|-damage|p2a: Dragapult|0 fnt
|faint|p2a: Dragapult
|
|upkeep
|
|t:|1781108758
|switch|p2a: Volcanion|Volcanion|100/100
|turn|3
|
|t:|1781108779
|move|p2a: Volcanion|Flamethrower|p1a: Moltres
|-damage|p1a: Moltres|24/100 par
|-ability|p1a: Moltres|Berserk|boost
|-boost|p1a: Moltres|spa|1
|-enditem|p1a: Moltres|Sitrus Berry|[eat]
|-heal|p1a: Moltres|49/100 par|[from] item: Sitrus Berry
|move|p1a: Moltres|Fiery Wrath|p2a: Volcanion
|-damage|p2a: Volcanion|27/100
|
|upkeep
|turn|4
|
|t:|1781108788
|move|p2a: Volcanion|Steam Eruption|p1a: Moltres
|-damage|p1a: Moltres|10/100 par
|move|p1a: Moltres|Fiery Wrath|p2a: Volcanion
|-damage|p2a: Volcanion|0 fnt
|faint|p2a: Volcanion
|
|upkeep
|
|t:|1781108795
|switch|p2a: Mew|Mew|100/100
|turn|5
|
|t:|1781108799
|move|p2a: Mew|Ice Punch|p1a: Moltres
|-supereffective|p1a: Moltres
|-damage|p1a: Moltres|0 fnt
|faint|p1a: Moltres
|
|upkeep
|
|t:|1781108804
|switch|p1a: Scizor|Scizor, M|100/100
|turn|6
|
|t:|1781108807
|move|p2a: Mew|Dragon Dance|p2a: Mew
|-boost|p2a: Mew|atk|1
|-boost|p2a: Mew|spe|1
|move|p1a: Scizor|U-turn|p2a: Mew
|-supereffective|p2a: Mew
|-damage|p2a: Mew|17/100
|-enditem|p2a: Mew|Weakness Policy
|-boost|p2a: Mew|atk|2|[from] item: Weakness Policy
|-boost|p2a: Mew|spa|2|[from] item: Weakness Policy
|
|t:|1781108814
|switch|p1a: Haxorus|Haxorus, M, shiny|100/100|[from] U-turn
|-ability|p1a: Haxorus|Mold Breaker
|
|upkeep
|turn|7
|
|t:|1781108820
|move|p1a: Haxorus|First Impression|p2a: Mew
|-supereffective|p2a: Mew
|-damage|p2a: Mew|0 fnt
|faint|p2a: Mew
|
|upkeep
|
|t:|1781108825
|switch|p2a: Tinkaton|Tinkaton, F|100/100
|-ability|p2a: Tinkaton|Mold Breaker
|turn|8
|
|t:|1781108829
|switch|p1a: Volcanion|Volcanion|100/100
|move|p2a: Tinkaton|Thunder Wave|p1a: Volcanion
|-status|p1a: Volcanion|par
|
|upkeep
|turn|9
|
|t:|1781108836
|switch|p2a: Grimmsnarl|Grimmsnarl, M|100/100
|cant|p1a: Volcanion|par
|
|upkeep
|turn|10
|
|t:|1781108841
|move|p2a: Grimmsnarl|Reflect|p2a: Grimmsnarl
|-sidestart|p2: uniandes5|Reflect
|move|p1a: Volcanion|Sludge Bomb|p2a: Grimmsnarl
|-supereffective|p2a: Grimmsnarl
|-damage|p2a: Grimmsnarl|46/100
|
|upkeep
|turn|11
|
|t:|1781108847
|move|p2a: Grimmsnarl|Light Screen|p2a: Grimmsnarl
|-sidestart|p2: uniandes5|move: Light Screen
|cant|p1a: Volcanion|par
|
|upkeep
|turn|12
|
|t:|1781108852
|switch|p2a: Latias|Latias, F|100/100
|cant|p1a: Volcanion|par
|
|upkeep
|turn|13
|
|t:|1781108860
|move|p2a: Latias|Calm Mind|p2a: Latias
|-boost|p2a: Latias|spa|1
|-boost|p2a: Latias|spd|1
|move|p1a: Volcanion|Sludge Bomb|p2a: Latias
|-damage|p2a: Latias|93/100
|
|upkeep
|turn|14
|
|t:|1781108869
|move|p2a: Latias|Calm Mind|p2a: Latias
|-boost|p2a: Latias|spa|1
|-boost|p2a: Latias|spd|1
|move|p1a: Volcanion|Sludge Bomb|p2a: Latias
|-damage|p2a: Latias|86/100
|-status|p2a: Latias|psn
|-enditem|p2a: Latias|Lum Berry|[eat]
|-curestatus|p2a: Latias|psn|[msg]
|
|upkeep
|turn|15
|
|t:|1781108878
|move|p2a: Latias|Stored Power|p1a: Volcanion
|-damage|p1a: Volcanion|54/100 par
|move|p1a: Volcanion|Sludge Bomb|p2a: Latias
|-damage|p2a: Latias|79/100
|-status|p2a: Latias|psn
|
|-damage|p2a: Latias|67/100 psn|[from] psn
|upkeep
|turn|16
|
|t:|1781108892
|switch|p1a: Scizor|Scizor, M|100/100
|move|p2a: Latias|Stored Power|p1a: Scizor
|-resisted|p1a: Scizor
|-damage|p1a: Scizor|55/100
|
|-damage|p2a: Latias|54/100 psn|[from] psn
|upkeep
|turn|17
|
|t:|1781108908
|move|p1a: Scizor|Bullet Punch|p2a: Latias
|-damage|p2a: Latias|35/100 psn
|move|p2a: Latias|Recover|p2a: Latias
|-heal|p2a: Latias|85/100 psn
|
|-damage|p2a: Latias|72/100 psn|[from] psn
|-sideend|p2: uniandes5|Reflect
|upkeep
|turn|18
|
|t:|1781108918
|-terastallize|p1a: Scizor|Steel
|move|p1a: Scizor|Bullet Punch|p2a: Latias
|-damage|p2a: Latias|18/100 psn
|move|p2a: Latias|Stored Power|p1a: Scizor
|-resisted|p1a: Scizor
|-damage|p1a: Scizor|9/100
|
|-damage|p2a: Latias|5/100 psn|[from] psn
|-sideend|p2: uniandes5|move: Light Screen
|upkeep
|turn|19
|-message|uniandes5 forfeited.
|
|win|Luisowbro
|raw|Luisowbro's rating: 1548 &rarr; <strong>1569</strong><br />(+21 for winning)
|raw|uniandes5's rating: 1563 &rarr; <strong>1542</strong><br />(-21 for losing)
|l|☆uniandes5
|player|p2|
|l|☆Luisowbro
|player|p1|
