|j|☆LoseToRU?
|j|☆jus4funsies
|t:|1781326136
|gametype|singles
|player|p1|LoseToRU?|giovanni-gen1|1626
|player|p2|jus4funsies|teamrocket|1578
|gen|9
|tier|[Gen 9] OU
|rated|
|rule|HP Percentage Mod: HP is shown in percentages
|rule|Endless Battle Clause: Forcing endless battles is banned
|rule|Species Clause: Limit one of each Pokémon
|rule|OHKO Clause: OHKO moves are banned
|rule|Evasion Items Clause: Evasion items are banned
|rule|Evasion Moves Clause: Evasion moves are banned
|rule|Evasion Abilities Clause: Evasion abilities are banned
|rule|Sleep Moves Clause: Sleep-inducing moves are banned
|clearpoke
|poke|p1|Iron Jugulis|
|poke|p1|Thundurus, M|
|poke|p1|Azumarill, F|
|poke|p1|Zamazenta-*|
|poke|p1|Cloyster, M|
|poke|p1|Iron Valiant|
|poke|p2|Samurott-Hisui, F|
|poke|p2|Gholdengo|
|poke|p2|Great Tusk|
|poke|p2|Dragonite, M|
|poke|p2|Raging Bolt|
|poke|p2|Kingambit, M|
|teampreview
|
|t:|1781326143
|teamsize|p1|6
|teamsize|p2|6
|start
|switch|p1a: Iron Valiant|Iron Valiant|100/100
|switch|p2a: Shamiqua|Samurott-Hisui, F|100/100
|-enditem|p1a: Iron Valiant|Booster Energy
|-activate|p1a: Iron Valiant|ability: Quark Drive|[fromitem]
|-start|p1a: Iron Valiant|quarkdrivespe
|turn|1
|
|t:|1781326157
|move|p1a: Iron Valiant|Moonblast|p2a: Shamiqua
|-supereffective|p2a: Shamiqua
|-enditem|p2a: Shamiqua|Focus Sash
|-damage|p2a: Shamiqua|1/100
|move|p2a: Shamiqua|Ceaseless Edge|p1a: Iron Valiant
|-resisted|p1a: Iron Valiant
|-damage|p1a: Iron Valiant|86/100
|-sidestart|p1: LoseToRU?|Spikes
|
|upkeep
|turn|2
|
|t:|1781326178
|move|p1a: Iron Valiant|Moonblast|p2a: Shamiqua
|-supereffective|p2a: Shamiqua
|-damage|p2a: Shamiqua|0 fnt
|faint|p2a: Shamiqua
|
|upkeep
|
|t:|1781326181
|switch|p2a: Cinna-Mon|Gholdengo|100/100
|-item|p2a: Cinna-Mon|Air Balloon
|turn|3
|
|t:|1781326226
|move|p1a: Iron Valiant|Destiny Bond|p1a: Iron Valiant
|-singlemove|p1a: Iron Valiant|Destiny Bond
|move|p2a: Cinna-Mon|Make It Rain|p1a: Iron Valiant
|-supereffective|p1a: Iron Valiant
|-damage|p1a: Iron Valiant|0 fnt
|-unboost|p2a: Cinna-Mon|spa|1
|faint|p1a: Iron Valiant
|-activate|p1a: Iron Valiant|move: Destiny Bond
|-end|p1a: Iron Valiant|Quark Drive|[silent]
|faint|p2a: Cinna-Mon
|
|upkeep
|
|t:|1781326269
|switch|p1a: Iron Jugulis|Iron Jugulis|100/100
|switch|p2a: Tyrone|Great Tusk|100/100
|-enditem|p1a: Iron Jugulis|Booster Energy
|-activate|p1a: Iron Jugulis|ability: Quark Drive|[fromitem]
|-start|p1a: Iron Jugulis|quarkdrivespe
|turn|4
|
|t:|1781326272
|-end|p2a: Tyrone|Protosynthesis|[silent]
|switch|p2a: Daddy long neck|Raging Bolt|100/100
|-enditem|p2a: Daddy long neck|Booster Energy
|-activate|p2a: Daddy long neck|ability: Protosynthesis|[fromitem]
|-start|p2a: Daddy long neck|protosynthesisspa
|move|p1a: Iron Jugulis|Hurricane|p2a: Daddy long neck
|-resisted|p2a: Daddy long neck
|-damage|p2a: Daddy long neck|76/100
|
|upkeep
|turn|5
|
|t:|1781326282
|-terastallize|p1a: Iron Jugulis|Ground
|move|p1a: Iron Jugulis|Earth Power|p2a: Daddy long neck
|-supereffective|p2a: Daddy long neck
|-damage|p2a: Daddy long neck|0 fnt
|faint|p2a: Daddy long neck
|-end|p2a: Daddy long neck|Protosynthesis|[silent]
|
|upkeep
|
|t:|1781326287
|switch|p2a: Tyrone|Great Tusk|100/100
|turn|6
|
|t:|1781326293
|move|p1a: Iron Jugulis|Earth Power|p2a: Tyrone
|-damage|p2a: Tyrone|27/100
|-unboost|p2a: Tyrone|spd|1
|move|p2a: Tyrone|Rapid Spin|p1a: Iron Jugulis
|-damage|p1a: Iron Jugulis|81/100
|-boost|p2a: Tyrone|spe|1
|
|upkeep
|turn|7
|
|t:|1781326296
|move|p1a: Iron Jugulis|Earth Power|p2a: Tyrone
|-damage|p2a: Tyrone|0 fnt
|faint|p2a: Tyrone
|-end|p2a: Tyrone|Protosynthesis|[silent]
|
|upkeep
|-message|jus4funsies forfeited.
|
|win|LoseToRU?
|raw|LoseToRU?'s rating: 1626 &rarr; <strong>1643</strong><br />(+17 for winning)
|raw|jus4funsies's rating: 1578 &rarr; <strong>1561</strong><br />(-17 for losing)
|l|☆jus4funsies
|player|p2|
|j|☆jus4funsies
|player|p2|jus4funsies|teamrocket|
|l|☆jus4funsies
|player|p2|
|n| ChiefGreenLeaf3|losetoru
|l| ChiefGreenLeaf3
