|j|☆my2005
|j|☆StormIsNotOmega
|t:|1781162907
|gametype|singles
|player|p1|my2005|101|1575
|player|p2|StormIsNotOmega|psychic-gen4|1557
|gen|9
|tier|[Gen 9] OU
|rated|
|rule|HP Percentage Mod: HP is shown in percentages
|rule|Endless Battle Clause: Forcing endless battles is banned
|rule|Species Clause: Limit one of each Pokémon
|rule|OHKO Clause: OHKO moves are banned
|rule|Evasion Items Clause: Evasion items are banned
|rule|Evasion Moves Clause: Evasion moves are banned
|rule|Evasion Abilities Clause: Evasion abilities are banned
|rule|Sleep Moves Clause: Sleep-inducing moves are banned
|clearpoke
|poke|p1|Kyurem|
|poke|p1|Cinderace, F|
|poke|p1|Hoopa-Unbound|
|poke|p1|Gliscor, F|
|poke|p1|Raging Bolt|
|poke|p1|Slowking-Galar, M|
|poke|p2|Moltres|
|poke|p2|Clodsire, M|
|poke|p2|Gliscor, F|
|poke|p2|Ting-Lu|
|poke|p2|Dondozo, F|
|poke|p2|Weezing-Galar, M|
|teampreview
|
|t:|1781162914
|teamsize|p1|6
|teamsize|p2|6
|start
|switch|p1a: Kyurem|Kyurem|100/100
|switch|p2a: Gliscor|Gliscor, F|100/100
|-ability|p1a: Kyurem|Pressure
|turn|1
|inactive|Battle timer is ON: inactive players will automatically lose when time's up. (requested by StormIsNotOmega)
|
|t:|1781162921
|-terastallize|p2a: Gliscor|Normal
|move|p1a: Kyurem|Substitute|p1a: Kyurem
|-start|p1a: Kyurem|Substitute
|-damage|p1a: Kyurem|76/100
|move|p2a: Gliscor|Knock Off|p1a: Kyurem
|-activate|p1a: Kyurem|move: Substitute|[damage]
|
|-heal|p1a: Kyurem|82/100|[from] item: Leftovers
|-status|p2a: Gliscor|tox|[from] item: Toxic Orb
|upkeep
|turn|2
|
|t:|1781162930
|move|p1a: Kyurem|Freeze-Dry|p2a: Gliscor
|-damage|p2a: Gliscor|70/100 tox
|move|p2a: Gliscor|Swords Dance|p2a: Gliscor
|-boost|p2a: Gliscor|atk|2
|
|-heal|p1a: Kyurem|88/100|[from] item: Leftovers
|-heal|p2a: Gliscor|82/100 tox|[from] ability: Poison Heal
|upkeep
|turn|3
|
|t:|1781162954
|switch|p1a: Raging Bolt|Raging Bolt|100/100
|-enditem|p1a: Raging Bolt|Booster Energy
|-activate|p1a: Raging Bolt|ability: Protosynthesis|[fromitem]
|-start|p1a: Raging Bolt|protosynthesisspa
|move|p2a: Gliscor|Knock Off|p1a: Raging Bolt
|-damage|p1a: Raging Bolt|76/100
|
|-heal|p2a: Gliscor|95/100 tox|[from] ability: Poison Heal
|upkeep
|turn|4
|
|t:|1781162972
|move|p2a: Gliscor|Facade|p1a: Raging Bolt
|-crit|p1a: Raging Bolt
|-damage|p1a: Raging Bolt|0 fnt
|faint|p1a: Raging Bolt
|-end|p1a: Raging Bolt|Protosynthesis|[silent]
|
|-heal|p2a: Gliscor|100/100 tox|[from] ability: Poison Heal
|upkeep
|inactive|my2005 has 120 seconds left.
|
|t:|1781162985
|switch|p1a: Slowking|Slowking-Galar, M|100/100
|turn|5
|
|t:|1781162988
|-terastallize|p1a: Slowking|Grass
|move|p2a: Gliscor|Knock Off|p1a: Slowking
|-damage|p1a: Slowking|58/100
|-enditem|p1a: Slowking|Life Orb|[from] move: Knock Off|[of] p2a: Gliscor
|move|p1a: Slowking|Trick Room|p1a: Slowking
|-fieldstart|move: Trick Room|[of] p1a: Slowking
|
|upkeep
|turn|6
|
|t:|1781162994
|move|p1a: Slowking|Sludge Wave|p2a: Gliscor
|-damage|p2a: Gliscor|55/100 tox
|move|p2a: Gliscor|Swords Dance|p2a: Gliscor
|-boost|p2a: Gliscor|atk|2
|
|-heal|p2a: Gliscor|68/100 tox|[from] ability: Poison Heal
|upkeep
|turn|7
|
|t:|1781163001
|move|p2a: Gliscor|Protect|p2a: Gliscor
|-singleturn|p2a: Gliscor|Protect
|move|p1a: Slowking|Sludge Wave|p2a: Gliscor
|-activate|p2a: Gliscor|move: Protect
|
|-heal|p2a: Gliscor|80/100 tox|[from] ability: Poison Heal
|upkeep
|turn|8
|
|t:|1781163008
|move|p1a: Slowking|Sludge Wave|p2a: Gliscor
|-damage|p2a: Gliscor|38/100 tox
|move|p2a: Gliscor|Facade|p1a: Slowking
|-damage|p1a: Slowking|0 fnt
|faint|p1a: Slowking
|
|-heal|p2a: Gliscor|50/100 tox|[from] ability: Poison Heal
|upkeep
|
|t:|1781163011
|switch|p1a: Hoopa|Hoopa-Unbound|100/100
|turn|9
|
|t:|1781163018
|switch|p2a: Ting-Lu|Ting-Lu|100/100
|-ability|p2a: Ting-Lu|Vessel of Ruin
|move|p1a: Hoopa|Hyperspace Fury|p2a: Ting-Lu
|-resisted|p2a: Ting-Lu
|-damage|p2a: Ting-Lu|72/100
|-unboost|p1a: Hoopa|def|1
|
|-heal|p2a: Ting-Lu|78/100|[from] item: Leftovers
|-fieldend|move: Trick Room
|upkeep
|turn|10
|
|t:|1781163029
|switch|p1a: Cinderace|Cinderace, F|100/100
|move|p2a: Ting-Lu|Ruination|p1a: Cinderace
|-damage|p1a: Cinderace|50/100
|
|-heal|p2a: Ting-Lu|84/100|[from] item: Leftovers
|upkeep
|turn|11
|
|t:|1781163047
|switch|p2a: Moltres|Moltres|100/100
|move|p1a: Cinderace|U-turn|p2a: Moltres
|-start|p1a: Cinderace|typechange|Bug|[from] ability: Libero
|-resisted|p2a: Moltres
|-damage|p2a: Moltres|95/100
|
|t:|1781163059
|switch|p1a: Gliscor|Gliscor, F|100/100|[from] U-turn
|
|-status|p1a: Gliscor|tox|[from] item: Toxic Orb
|upkeep
|turn|12
|
|t:|1781163071
|switch|p2a: Gliscor|Gliscor, F, tera:Normal|50/100 tox
|move|p1a: Gliscor|Swords Dance|p1a: Gliscor
|-boost|p1a: Gliscor|atk|2
|
|-heal|p2a: Gliscor|63/100 tox|[from] ability: Poison Heal
|upkeep
|turn|13
|
|t:|1781163079
|move|p2a: Gliscor|Protect|p2a: Gliscor
|-singleturn|p2a: Gliscor|Protect
|move|p1a: Gliscor|Facade|p2a: Gliscor
|-activate|p2a: Gliscor|move: Protect
|
|-heal|p2a: Gliscor|75/100 tox|[from] ability: Poison Heal
|upkeep
|turn|14
|
|t:|1781163089
|switch|p2a: Dondozo|Dondozo, F|100/100
|move|p1a: Gliscor|Facade|p2a: Dondozo
|-damage|p2a: Dondozo|80/100
|
|-heal|p2a: Dondozo|86/100|[from] item: Leftovers
|upkeep
|turn|15
|
|t:|1781163103
|switch|p1a: Hoopa|Hoopa-Unbound|100/100
|move|p2a: Dondozo|Body Press|p1a: Hoopa
|-crit|p1a: Hoopa
|-damage|p1a: Hoopa|47/100
|
|-heal|p2a: Dondozo|92/100|[from] item: Leftovers
|upkeep
|turn|16
|
|t:|1781163111
|switch|p2a: Ting-Lu|Ting-Lu|84/100
|-ability|p2a: Ting-Lu|Vessel of Ruin
|move|p1a: Hoopa|Knock Off|p2a: Ting-Lu
|-resisted|p2a: Ting-Lu
|-damage|p2a: Ting-Lu|57/100
|-enditem|p2a: Ting-Lu|Leftovers|[from] move: Knock Off|[of] p1a: Hoopa
|
|upkeep
|turn|17
|
|t:|1781163119
|switch|p1a: Gliscor|Gliscor, F|100/100 tox
|switch|p2a: Gliscor|Gliscor, F, tera:Normal|75/100 tox
|
|-heal|p2a: Gliscor|88/100 tox|[from] ability: Poison Heal
|upkeep
|turn|18
|
|t:|1781163126
|move|p1a: Gliscor|Swords Dance|p1a: Gliscor
|-boost|p1a: Gliscor|atk|2
|move|p2a: Gliscor|Swords Dance|p2a: Gliscor
|-boost|p2a: Gliscor|atk|2
|
|-heal|p2a: Gliscor|99/100 tox|[from] ability: Poison Heal
|upkeep
|turn|19
|
|t:|1781163133
|switch|p2a: Dondozo|Dondozo, F|92/100
|move|p1a: Gliscor|Earthquake|p2a: Dondozo
|-damage|p2a: Dondozo|71/100
|
|-heal|p2a: Dondozo|77/100|[from] item: Leftovers
|upkeep
|turn|20
|
|t:|1781163140
|move|p1a: Gliscor|Earthquake|p2a: Dondozo
|-damage|p2a: Dondozo|56/100
|move|p2a: Dondozo|Liquidation|p1a: Gliscor
|-supereffective|p1a: Gliscor
|-damage|p1a: Gliscor|49/100 tox
|
|-heal|p2a: Dondozo|62/100|[from] item: Leftovers
|-heal|p1a: Gliscor|62/100 tox|[from] ability: Poison Heal
|upkeep
|turn|21
|
|t:|1781163149
|move|p1a: Gliscor|Earthquake|p2a: Dondozo
|-damage|p2a: Dondozo|42/100
|move|p2a: Dondozo|Liquidation|p1a: Gliscor
|-supereffective|p1a: Gliscor
|-damage|p1a: Gliscor|17/100 tox
|-unboost|p1a: Gliscor|def|1
|
|-heal|p2a: Dondozo|48/100|[from] item: Leftovers
|-heal|p1a: Gliscor|30/100 tox|[from] ability: Poison Heal
|upkeep
|turn|22
|
|t:|1781163159
|switch|p1a: Kyurem|Kyurem|88/100
|-ability|p1a: Kyurem|Pressure
|move|p2a: Dondozo|Liquidation|p1a: Kyurem
|-resisted|p1a: Kyurem
|-damage|p1a: Kyurem|75/100
|-unboost|p1a: Kyurem|def|1
|
|-heal|p1a: Kyurem|81/100|[from] item: Leftovers
|-heal|p2a: Dondozo|54/100|[from] item: Leftovers
|upkeep
|turn|23
|
|t:|1781163169
|switch|p2a: Gliscor|Gliscor, F, tera:Normal|99/100 tox
|move|p1a: Kyurem|Freeze-Dry|p2a: Gliscor
|-damage|p2a: Gliscor|70/100 tox
|
|-heal|p1a: Kyurem|87/100|[from] item: Leftovers
|-heal|p2a: Gliscor|82/100 tox|[from] ability: Poison Heal
|upkeep
|turn|24
|
|t:|1781163181
|move|p1a: Kyurem|Freeze-Dry|p2a: Gliscor
|-crit|p2a: Gliscor
|-damage|p2a: Gliscor|32/100 tox
|move|p2a: Gliscor|Facade|p1a: Kyurem
|-damage|p1a: Kyurem|21/100
|
|-heal|p1a: Kyurem|27/100|[from] item: Leftovers
|-heal|p2a: Gliscor|45/100 tox|[from] ability: Poison Heal
|upkeep
|turn|25
|
|t:|1781163199
|move|p2a: Gliscor|Protect|p2a: Gliscor
|-singleturn|p2a: Gliscor|Protect
|move|p1a: Kyurem|Freeze-Dry|p2a: Gliscor
|-activate|p2a: Gliscor|move: Protect
|
|-heal|p1a: Kyurem|33/100|[from] item: Leftovers
|-heal|p2a: Gliscor|57/100 tox|[from] ability: Poison Heal
|upkeep
|turn|26
|
|t:|1781163207
|move|p1a: Kyurem|Freeze-Dry|p2a: Gliscor
|-damage|p2a: Gliscor|26/100 tox
|move|p2a: Gliscor|Facade|p1a: Kyurem
|-damage|p1a: Kyurem|0 fnt
|faint|p1a: Kyurem
|
|-heal|p2a: Gliscor|38/100 tox|[from] ability: Poison Heal
|upkeep
|
|t:|1781163214
|switch|p1a: Cinderace|Cinderace, F|50/100
|turn|27
|
|t:|1781163219
|move|p2a: Gliscor|Protect|p2a: Gliscor
|-singleturn|p2a: Gliscor|Protect
|move|p1a: Cinderace|Pyro Ball|p2a: Gliscor
|-activate|p2a: Gliscor|move: Protect
|
|-heal|p2a: Gliscor|51/100 tox|[from] ability: Poison Heal
|upkeep
|turn|28
|
|t:|1781163226
|switch|p2a: Moltres|Moltres|95/100
|move|p1a: Cinderace|U-turn|p2a: Moltres
|-start|p1a: Cinderace|typechange|Bug|[from] ability: Libero
|-resisted|p2a: Moltres
|-damage|p2a: Moltres|89/100
|
|t:|1781163231
|switch|p1a: Gliscor|Gliscor, F|30/100 tox|[from] U-turn
|
|-heal|p1a: Gliscor|42/100 tox|[from] ability: Poison Heal
|upkeep
|turn|29
|
|t:|1781163236
|move|p1a: Gliscor|Swords Dance|p1a: Gliscor
|-boost|p1a: Gliscor|atk|2
|move|p2a: Moltres|Flamethrower|p1a: Gliscor
|-damage|p1a: Gliscor|0 fnt
|faint|p1a: Gliscor
|
|upkeep
|-message|my2005 forfeited.
|
|win|StormIsNotOmega
|raw|my2005's rating: 1575 &rarr; <strong>1554</strong><br />(-21 for losing)
|raw|StormIsNotOmega's rating: 1557 &rarr; <strong>1578</strong><br />(+21 for winning)
|l|☆my2005
|player|p1|
