|j|☆tuanquewang
|j|☆kadu99
|t:|1780980870
|gametype|singles
|player|p1|tuanquewang|backersf|1652
|player|p2|kadu99|policeman-gen4|1755
|gen|9
|tier|[Gen 9] OU
|rated|
|rule|HP Percentage Mod: HP is shown in percentages
|rule|Endless Battle Clause: Forcing endless battles is banned
|rule|Species Clause: Limit one of each Pokémon
|rule|OHKO Clause: OHKO moves are banned
|rule|Evasion Items Clause: Evasion items are banned
|rule|Evasion Moves Clause: Evasion moves are banned
|rule|Evasion Abilities Clause: Evasion abilities are banned
|rule|Sleep Moves Clause: Sleep-inducing moves are banned
|clearpoke
|poke|p1|Slowking-Galar, M|
|poke|p1|Hydrapple, F|
|poke|p1|Cinderace, M|
|poke|p1|Alomomola, F|
|poke|p1|Mamoswine, M|
|poke|p1|Gholdengo|
|poke|p2|Volcanion|
|poke|p2|Corviknight, F|
|poke|p2|Zamazenta-*|
|poke|p2|Rillaboom, F|
|poke|p2|Gliscor, M|
|poke|p2|Slowking-Galar, M|
|teampreview
|inactive|Battle timer is ON: inactive players will automatically lose when time's up. (requested by tuanquewang)
|inactive|kadu99 has 120 seconds left.
|
|t:|1780980905
|teamsize|p1|6
|teamsize|p2|6
|start
|switch|p1a: Mamoswine|Mamoswine, M|100/100
|switch|p2a: Rillaboom|Rillaboom, F|100/100
|-fieldstart|move: Grassy Terrain|[from] ability: Grassy Surge|[of] p2a: Rillaboom
|turn|1
|
|t:|1780980918
|switch|p1a: Hydrapple|Hydrapple, F, shiny|100/100
|move|p2a: Rillaboom|Wood Hammer|p1a: Hydrapple
|-resisted|p1a: Hydrapple
|-damage|p1a: Hydrapple|78/100
|-damage|p2a: Rillaboom|91/100|[from] Recoil
|-damage|p2a: Rillaboom|81/100|[from] item: Life Orb
|
|-heal|p2a: Rillaboom|88/100|[from] Grassy Terrain
|-heal|p1a: Hydrapple|84/100|[from] Grassy Terrain
|upkeep
|turn|2
|
|t:|1780980927
|switch|p2a: Slowking|Slowking-Galar, M|100/100
|move|p1a: Hydrapple|Earth Power|p2a: Slowking
|-supereffective|p2a: Slowking
|-damage|p2a: Slowking|52/100
|
|-heal|p2a: Slowking|58/100|[from] Grassy Terrain
|-heal|p1a: Hydrapple|90/100|[from] Grassy Terrain
|upkeep
|turn|3
|
|t:|1780980934
|switch|p1a: Mamoswine|Mamoswine, M|100/100
|move|p2a: Slowking|Ice Beam|p1a: Mamoswine
|-damage|p1a: Mamoswine|81/100
|
|-heal|p1a: Mamoswine|87/100|[from] Grassy Terrain
|-heal|p2a: Slowking|64/100|[from] Grassy Terrain
|upkeep
|turn|4
|
|t:|1780980940
|switch|p2a: Corviknight|Corviknight, F|100/100
|-ability|p2a: Corviknight|Pressure
|move|p1a: Mamoswine|Icicle Crash|p2a: Corviknight
|-damage|p2a: Corviknight|60/100
|
|-heal|p1a: Mamoswine|94/100|[from] Grassy Terrain
|upkeep
|turn|5
|
|t:|1780980944
|switch|p1a: Slowking|Slowking-Galar, M|100/100
|move|p2a: Corviknight|U-turn|p1a: Slowking
|-damage|p1a: Slowking|87/100
|
|t:|1780980957
|switch|p2a: Rillaboom|Rillaboom, F|88/100|[from] U-turn
|
|-heal|p2a: Rillaboom|94/100|[from] Grassy Terrain
|-heal|p1a: Slowking|93/100|[from] Grassy Terrain
|-heal|p1a: Slowking|99/100|[from] item: Black Sludge
|-fieldend|move: Grassy Terrain
|upkeep
|turn|6
|
|t:|1780980961
|switch|p1a: Alomomola|Alomomola, F|100/100
|move|p2a: Rillaboom|Knock Off|p1a: Alomomola
|-damage|p1a: Alomomola|74/100
|-enditem|p1a: Alomomola|Leftovers|[from] move: Knock Off|[of] p2a: Rillaboom
|-damage|p2a: Rillaboom|84/100|[from] item: Life Orb
|
|upkeep
|turn|7
|
|t:|1780980968
|switch|p1a: Hydrapple|Hydrapple, F, shiny|100/100
|move|p2a: Rillaboom|Knock Off|p1a: Hydrapple
|-damage|p1a: Hydrapple|65/100
|-enditem|p1a: Hydrapple|Choice Specs|[from] move: Knock Off|[of] p2a: Rillaboom
|-damage|p2a: Rillaboom|74/100|[from] item: Life Orb
|
|upkeep
|turn|8
|
|t:|1780980974
|switch|p2a: Slowking|Slowking-Galar, M|98/100
|switch|p1a: Mamoswine|Mamoswine, M|94/100
|
|upkeep
|turn|9
|
|t:|1780980981
|switch|p2a: Zamazenta|Zamazenta|100/100
|-ability|p2a: Zamazenta|Dauntless Shield|boost
|-boost|p2a: Zamazenta|def|1
|move|p1a: Mamoswine|Icicle Crash|p2a: Zamazenta
|-damage|p2a: Zamazenta|64/100
|
|-heal|p2a: Zamazenta|70/100|[from] item: Leftovers
|upkeep
|turn|10
|
|t:|1780980986
|switch|p1a: Slowking|Slowking-Galar, M|100/100
|move|p2a: Zamazenta|Iron Defense|p2a: Zamazenta
|-boost|p2a: Zamazenta|def|2
|
|-heal|p2a: Zamazenta|76/100|[from] item: Leftovers
|upkeep
|turn|11
|
|t:|1780980992
|move|p2a: Zamazenta|Crunch|p1a: Slowking
|-supereffective|p1a: Slowking
|-damage|p1a: Slowking|56/100
|move|p1a: Slowking|Toxic|p2a: Zamazenta
|-status|p2a: Zamazenta|tox
|
|-heal|p2a: Zamazenta|82/100 tox|[from] item: Leftovers
|-heal|p1a: Slowking|62/100|[from] item: Black Sludge
|-damage|p2a: Zamazenta|76/100 tox|[from] psn
|upkeep
|turn|12
|
|t:|1780980998
|switch|p1a: Alomomola|Alomomola, F|100/100
|move|p2a: Zamazenta|Crunch|p1a: Alomomola
|-damage|p1a: Alomomola|89/100
|
|-heal|p2a: Zamazenta|82/100 tox|[from] item: Leftovers
|-damage|p2a: Zamazenta|70/100 tox|[from] psn
|upkeep
|turn|13
|
|t:|1780981001
|switch|p2a: Volcanion|Volcanion|100/100
|move|p1a: Alomomola|Flip Turn|p2a: Volcanion
|-immune|p2a: Volcanion|[from] ability: Water Absorb
|
|upkeep
|turn|14
|
|t:|1780981006
|switch|p1a: Slowking|Slowking-Galar, M|96/100
|move|p2a: Volcanion|Steam Eruption|p1a: Slowking
|-damage|p1a: Slowking|42/100
|
|-heal|p1a: Slowking|48/100|[from] item: Black Sludge
|upkeep
|turn|15
|
|t:|1780981011
|switch|p1a: Hydrapple|Hydrapple, F, shiny|98/100
|move|p2a: Volcanion|Steam Eruption|p1a: Hydrapple
|-resisted|p1a: Hydrapple
|-damage|p1a: Hydrapple|74/100
|
|upkeep
|turn|16
|
|t:|1780981015
|switch|p2a: Slowking|Slowking-Galar, M|100/100
|move|p1a: Hydrapple|Earth Power|p2a: Slowking
|-supereffective|p2a: Slowking
|-damage|p2a: Slowking|68/100
|
|upkeep
|turn|17
|
|t:|1780981020
|switch|p1a: Slowking|Slowking-Galar, M|82/100
|move|p2a: Slowking|Sludge Bomb|p1a: Slowking
|-resisted|p1a: Slowking
|-damage|p1a: Slowking|69/100
|
|-heal|p1a: Slowking|75/100|[from] item: Black Sludge
|upkeep
|turn|18
|
|t:|1780981027
|move|p2a: Slowking|Psychic Noise|p1a: Slowking
|-damage|p1a: Slowking|52/100
|-start|p1a: Slowking|move: Heal Block
|-prepare|p1a: Slowking|Chilly Reception|[premajor]
|move|p1a: Slowking|Chilly Reception|p1a: Slowking
|-weather|Snowscape
|
|t:|1780981034
|switch|p1a: Mamoswine|Mamoswine, M|94/100|[from] Chilly Reception
|
|-weather|Snowscape|[upkeep]
|upkeep
|turn|19
|
|t:|1780981053
|switch|p2a: Volcanion|Volcanion|100/100
|move|p1a: Mamoswine|Icicle Crash|p2a: Volcanion
|-resisted|p2a: Volcanion
|-damage|p2a: Volcanion|82/100
|
|-weather|Snowscape|[upkeep]
|upkeep
|turn|20
|
|t:|1780981062
|switch|p1a: Slowking|Slowking-Galar, M|85/100
|move|p2a: Volcanion|Flamethrower|p1a: Slowking
|-damage|p1a: Slowking|37/100
|
|-weather|Snowscape|[upkeep]
|-heal|p1a: Slowking|43/100|[from] item: Black Sludge
|upkeep
|turn|21
|
|t:|1780981068
|switch|p1a: Alomomola|Alomomola, F|100/100
|move|p2a: Volcanion|Flamethrower|p1a: Alomomola
|-resisted|p1a: Alomomola
|-damage|p1a: Alomomola|56/100
|
|-weather|Snowscape|[upkeep]
|upkeep
|turn|22
|
|t:|1780981072
|move|p2a: Volcanion|Flamethrower|p1a: Alomomola
|-resisted|p1a: Alomomola
|-damage|p1a: Alomomola|8/100
|move|p1a: Alomomola|Mirror Coat|p2a: Volcanion
|-damage|p2a: Volcanion|0 fnt
|faint|p2a: Volcanion
|
|-weather|none
|upkeep
|
|t:|1780981078
|switch|p2a: Rillaboom|Rillaboom, F|74/100
|-fieldstart|move: Grassy Terrain|[from] ability: Grassy Surge|[of] p2a: Rillaboom
|turn|23
|
|t:|1780981080
|switch|p1a: Hydrapple|Hydrapple, F, shiny|100/100
|move|p2a: Rillaboom|Swords Dance|p2a: Rillaboom
|-boost|p2a: Rillaboom|atk|2
|
|-heal|p2a: Rillaboom|80/100|[from] Grassy Terrain
|upkeep
|turn|24
|
|t:|1780981086
|move|p2a: Rillaboom|Swords Dance|p2a: Rillaboom
|-boost|p2a: Rillaboom|atk|2
|move|p1a: Hydrapple|Earth Power|p2a: Rillaboom
|-resisted|p2a: Rillaboom
|-damage|p2a: Rillaboom|57/100
|
|-heal|p2a: Rillaboom|64/100|[from] Grassy Terrain
|upkeep
|turn|25
|
|t:|1780981092
|move|p2a: Rillaboom|Knock Off|p1a: Hydrapple
|-damage|p1a: Hydrapple|32/100
|-damage|p2a: Rillaboom|54/100|[from] item: Life Orb
|move|p1a: Hydrapple|Draco Meteor|p2a: Rillaboom
|-damage|p2a: Rillaboom|0 fnt
|-unboost|p1a: Hydrapple|spa|2
|faint|p2a: Rillaboom
|
|-heal|p1a: Hydrapple|38/100|[from] Grassy Terrain
|upkeep
|j| Dionysos le retour
|l| Dionysos le retour
|
|t:|1780981100
|switch|p2a: Gliscor|Gliscor, M|100/100
|turn|26
|
|t:|1780981105
|switch|p1a: Alomomola|Alomomola, F|41/100
|move|p2a: Gliscor|Stealth Rock|p1a: Alomomola
|-sidestart|p1: tuanquewang|move: Stealth Rock
|
|-heal|p1a: Alomomola|47/100|[from] Grassy Terrain
|-status|p2a: Gliscor|tox|[from] item: Toxic Orb
|upkeep
|turn|27
|
|t:|1780981107
|move|p2a: Gliscor|Toxic|p1a: Alomomola
|-status|p1a: Alomomola|tox
|move|p1a: Alomomola|Flip Turn|p2a: Gliscor
|-supereffective|p2a: Gliscor
|-damage|p2a: Gliscor|73/100 tox
|
|t:|1780981114
|switch|p1a: Mamoswine|Mamoswine, M|94/100|[from] Flip Turn
|-damage|p1a: Mamoswine|81/100|[from] Stealth Rock
|
|-heal|p1a: Mamoswine|87/100|[from] Grassy Terrain
|-heal|p2a: Gliscor|86/100 tox|[from] ability: Poison Heal
|-fieldend|move: Grassy Terrain
|upkeep
|turn|28
|
|t:|1780981117
|-terastallize|p2a: Gliscor|Fairy
|move|p2a: Gliscor|Toxic|p1a: Mamoswine
|-status|p1a: Mamoswine|tox
|move|p1a: Mamoswine|Icicle Crash|p2a: Gliscor
|-damage|p2a: Gliscor|33/100 tox
|
|-heal|p2a: Gliscor|45/100 tox|[from] ability: Poison Heal
|-damage|p1a: Mamoswine|81/100 tox|[from] psn
|upkeep
|turn|29
|
|t:|1780981125
|switch|p1a: Alomomola|Alomomola, F|80/100 tox
|-damage|p1a: Alomomola|68/100 tox|[from] Stealth Rock
|move|p2a: Gliscor|Protect||[still]
|-fail|p2a: Gliscor
|
|-heal|p2a: Gliscor|58/100 tox|[from] ability: Poison Heal
|-damage|p1a: Alomomola|62/100 tox|[from] psn
|upkeep
|turn|30
|
|t:|1780981128
|move|p2a: Gliscor|Knock Off|p1a: Alomomola
|-damage|p1a: Alomomola|54/100 tox
|move|p1a: Alomomola|Flip Turn|p2a: Gliscor
|-damage|p2a: Gliscor|46/100 tox
|
|t:|1780981131
|switch|p1a: Cinderace|Cinderace, M|100/100|[from] Flip Turn
|
|-heal|p2a: Gliscor|58/100 tox|[from] ability: Poison Heal
|upkeep
|turn|31
|
|t:|1780981135
|move|p2a: Gliscor|Protect|p2a: Gliscor
|-singleturn|p2a: Gliscor|Protect
|move|p1a: Cinderace|Pyro Ball|p2a: Gliscor
|-activate|p2a: Gliscor|move: Protect
|
|-heal|p2a: Gliscor|71/100 tox|[from] ability: Poison Heal
|upkeep
|turn|32
|
|t:|1780981138
|move|p1a: Cinderace|Pyro Ball|p2a: Gliscor
|-damage|p2a: Gliscor|24/100 tox
|move|p2a: Gliscor|Toxic|p1a: Cinderace
|-status|p1a: Cinderace|tox
|
|-damage|p1a: Cinderace|95/100 tox|[from] psn
|-heal|p2a: Gliscor|37/100 tox|[from] ability: Poison Heal
|upkeep
|turn|33
|
|t:|1780981142
|move|p2a: Gliscor|Protect|p2a: Gliscor
|-singleturn|p2a: Gliscor|Protect
|move|p1a: Cinderace|Court Change|p1a: Cinderace
|-start|p1a: Cinderace|typechange|Normal|[from] ability: Libero
|-swapsideconditions
|-activate|p1a: Cinderace|move: Court Change
|
|-damage|p1a: Cinderace|83/100 tox|[from] psn
|-heal|p2a: Gliscor|49/100 tox|[from] ability: Poison Heal
|upkeep
|turn|34
|
|t:|1780981144
|move|p1a: Cinderace|U-turn|p2a: Gliscor
|-resisted|p2a: Gliscor
|-damage|p2a: Gliscor|41/100 tox
|
|t:|1780981148
|switch|p1a: Hydrapple|Hydrapple, F, shiny|72/100|[from] U-turn
|move|p2a: Gliscor|Stealth Rock|p1a: Hydrapple
|-sidestart|p1: tuanquewang|move: Stealth Rock
|
|-heal|p2a: Gliscor|53/100 tox|[from] ability: Poison Heal
|upkeep
|turn|35
|
|t:|1780981150
|move|p2a: Gliscor|Toxic|p1a: Hydrapple
|-status|p1a: Hydrapple|tox
|move|p1a: Hydrapple|Leaf Storm|p2a: Gliscor
|-damage|p2a: Gliscor|0 fnt
|-unboost|p1a: Hydrapple|spa|2
|faint|p2a: Gliscor
|
|-damage|p1a: Hydrapple|66/100 tox|[from] psn
|upkeep
|
|t:|1780981153
|switch|p2a: Slowking|Slowking-Galar, M|100/100
|-damage|p2a: Slowking|88/100|[from] Stealth Rock
|turn|36
|
|t:|1780981158
|switch|p1a: Slowking|Slowking-Galar, M|77/100
|-damage|p1a: Slowking|64/100|[from] Stealth Rock
|move|p2a: Slowking|Sludge Bomb|p1a: Slowking
|-resisted|p1a: Slowking
|-damage|p1a: Slowking|52/100
|
|-heal|p1a: Slowking|58/100|[from] item: Black Sludge
|upkeep
|turn|37
|
|t:|1780981161
|move|p2a: Slowking|Psychic Noise|p1a: Slowking
|-damage|p1a: Slowking|35/100
|-start|p1a: Slowking|move: Heal Block
|-prepare|p1a: Slowking|Chilly Reception|[premajor]
|move|p1a: Slowking|Chilly Reception|p1a: Slowking
|-weather|Snowscape
|
|t:|1780981166
|switch|p1a: Mamoswine|Mamoswine, M|81/100 tox|[from] Chilly Reception
|-damage|p1a: Mamoswine|69/100 tox|[from] Stealth Rock
|
|-weather|Snowscape|[upkeep]
|-damage|p1a: Mamoswine|63/100 tox|[from] psn
|upkeep
|turn|38
|
|t:|1780981173
|switch|p2a: Corviknight|Corviknight, F|60/100
|-damage|p2a: Corviknight|48/100|[from] Stealth Rock
|-ability|p2a: Corviknight|Pressure
|move|p1a: Mamoswine|Icicle Crash|p2a: Corviknight
|-damage|p2a: Corviknight|3/100
|
|-weather|Snowscape|[upkeep]
|-damage|p1a: Mamoswine|50/100 tox|[from] psn
|upkeep
|turn|39
|
|t:|1780981176
|move|p1a: Mamoswine|Icicle Crash|p2a: Corviknight
|-damage|p2a: Corviknight|0 fnt
|faint|p2a: Corviknight
|
|-weather|Snowscape|[upkeep]
|-damage|p1a: Mamoswine|32/100 tox|[from] psn
|upkeep
|
|t:|1780981179
|switch|p2a: Zamazenta|Zamazenta|70/100 tox
|-damage|p2a: Zamazenta|64/100 tox|[from] Stealth Rock
|turn|40
|
|t:|1780981182
|switch|p1a: Alomomola|Alomomola, F|88/100 tox
|-damage|p1a: Alomomola|75/100 tox|[from] Stealth Rock
|move|p2a: Zamazenta|Roar|p1a: Alomomola
|drag|p1a: Gholdengo|Gholdengo, shiny|100/100
|-damage|p1a: Gholdengo|94/100|[from] Stealth Rock
|
|-weather|Snowscape|[upkeep]
|-heal|p2a: Zamazenta|70/100 tox|[from] item: Leftovers
|-damage|p2a: Zamazenta|64/100 tox|[from] psn
|upkeep
|turn|41
|
|t:|1780981190
|switch|p1a: Alomomola|Alomomola, F|100/100 tox
|-damage|p1a: Alomomola|88/100 tox|[from] Stealth Rock
|switch|p2a: Slowking|Slowking-Galar, M|100/100
|-damage|p2a: Slowking|88/100|[from] Stealth Rock
|
|-weather|none
|-damage|p1a: Alomomola|82/100 tox|[from] psn
|upkeep
|turn|42
|
|t:|1780981200
|move|p1a: Alomomola|Flip Turn|p2a: Slowking
|-damage|p2a: Slowking|72/100
|-message|kadu99 forfeited.
|
|win|tuanquewang
|raw|tuanquewang's rating: 1652 &rarr; <strong>1678</strong><br />(+26 for winning)
|raw|kadu99's rating: 1755 &rarr; <strong>1729</strong><br />(-26 for losing)
|l|☆kadu99
|player|p2|
|l|☆tuanquewang
|player|p1|
