|j|☆bigtestsofbig
|j|☆uniandes5
|t:|1781311217
|gametype|singles
|player|p1|bigtestsofbig|266|1622
|player|p2|uniandes5|169|1578
|gen|9
|tier|[Gen 9] OU
|rated|
|rule|HP Percentage Mod: HP is shown in percentages
|rule|Endless Battle Clause: Forcing endless battles is banned
|rule|Species Clause: Limit one of each Pokémon
|rule|OHKO Clause: OHKO moves are banned
|rule|Evasion Items Clause: Evasion items are banned
|rule|Evasion Moves Clause: Evasion moves are banned
|rule|Evasion Abilities Clause: Evasion abilities are banned
|rule|Sleep Moves Clause: Sleep-inducing moves are banned
|clearpoke
|poke|p1|Armarouge, M|
|poke|p1|Slither Wing|
|poke|p1|Enamorus, F|
|poke|p1|Iron Treads|
|poke|p1|Dragonite, M|
|poke|p1|Kingambit, M|
|poke|p2|Grimmsnarl, M|
|poke|p2|Latias, F|
|poke|p2|Tinkaton, F|
|poke|p2|Volcanion|
|poke|p2|Mew|
|poke|p2|Dragapult, F|
|teampreview
|inactive|Battle timer is ON: inactive players will automatically lose when time's up. (requested by bigtestsofbig)
|
|t:|1781311233
|teamsize|p1|6
|teamsize|p2|6
|start
|switch|p1a: Slither Wing|Slither Wing|100/100
|switch|p2a: Grimmsnarl|Grimmsnarl, M|100/100
|turn|1
|
|t:|1781311243
|move|p2a: Grimmsnarl|Reflect|p2a: Grimmsnarl
|-sidestart|p2: uniandes5|Reflect
|move|p1a: Slither Wing|Close Combat|p2a: Grimmsnarl
|-damage|p2a: Grimmsnarl|50/100
|-unboost|p1a: Slither Wing|def|1
|-unboost|p1a: Slither Wing|spd|1
|
|upkeep
|turn|2
|
|t:|1781311255
|move|p2a: Grimmsnarl|Light Screen|p2a: Grimmsnarl
|-sidestart|p2: uniandes5|move: Light Screen
|move|p1a: Slither Wing|Close Combat|p2a: Grimmsnarl
|-damage|p2a: Grimmsnarl|1/100
|-unboost|p1a: Slither Wing|def|1
|-unboost|p1a: Slither Wing|spd|1
|
|upkeep
|turn|3
|
|t:|1781311267
|-end|p1a: Slither Wing|Protosynthesis|[silent]
|switch|p1a: Enamorus|Enamorus, F|100/100
|switch|p2a: Mew|Mew|100/100
|
|upkeep
|turn|4
|
|t:|1781311273
|switch|p1a: Armarouge|Armarouge, M|100/100
|move|p2a: Mew|Dragon Dance|p2a: Mew
|-boost|p2a: Mew|atk|1
|-boost|p2a: Mew|spe|1
|
|upkeep
|turn|5
|
|t:|1781311277
|move|p2a: Mew|Dragon Dance|p2a: Mew
|-boost|p2a: Mew|atk|1
|-boost|p2a: Mew|spe|1
|move|p1a: Armarouge|Trick|p2a: Mew
|-activate|p1a: Armarouge|move: Trick|[of] p2a: Mew
|-item|p2a: Mew|Choice Specs|[from] move: Trick
|-item|p1a: Armarouge|Weakness Policy|[from] move: Trick
|
|upkeep
|turn|6
|
|t:|1781311284
|switch|p2a: Dragapult|Dragapult, F|100/100
|move|p1a: Armarouge|Armor Cannon|p2a: Dragapult
|-resisted|p2a: Dragapult
|-damage|p2a: Dragapult|76/100
|-unboost|p1a: Armarouge|def|1
|-unboost|p1a: Armarouge|spd|1
|
|upkeep
|turn|7
|
|t:|1781311288
|move|p2a: Dragapult|Thunder Wave|p1a: Armarouge
|-status|p1a: Armarouge|par
|cant|p1a: Armarouge|par
|
|upkeep
|turn|8
|
|t:|1781311293
|switch|p1a: Kingambit|Kingambit, M|100/100
|move|p2a: Dragapult|Hex|p1a: Kingambit
|-resisted|p1a: Kingambit
|-damage|p1a: Kingambit|86/100
|
|-heal|p1a: Kingambit|92/100|[from] item: Leftovers
|-sideend|p2: uniandes5|Reflect
|upkeep
|turn|9
|
|t:|1781311297
|move|p2a: Dragapult|Thunder Wave|p1a: Kingambit
|-status|p1a: Kingambit|par
|move|p1a: Kingambit|Kowtow Cleave|p2a: Dragapult
|-supereffective|p2a: Dragapult
|-damage|p2a: Dragapult|0 fnt
|faint|p2a: Dragapult
|
|-heal|p1a: Kingambit|98/100 par|[from] item: Leftovers
|-sideend|p2: uniandes5|move: Light Screen
|upkeep
|
|t:|1781311301
|switch|p2a: Volcanion|Volcanion|100/100
|turn|10
|
|t:|1781311310
|move|p2a: Volcanion|Steam Eruption|p1a: Kingambit
|-damage|p1a: Kingambit|42/100 par
|move|p1a: Kingambit|Kowtow Cleave|p2a: Volcanion
|-damage|p2a: Volcanion|65/100
|
|-heal|p1a: Kingambit|48/100 par|[from] item: Leftovers
|upkeep
|turn|11
|
|t:|1781311315
|move|p1a: Kingambit|Sucker Punch|p2a: Volcanion
|-damage|p2a: Volcanion|36/100
|move|p2a: Volcanion|Steam Eruption|p1a: Kingambit
|-damage|p1a: Kingambit|0 fnt
|faint|p1a: Kingambit
|-end|p1a: Kingambit|fallenundefined|[silent]
|
|upkeep
|
|t:|1781311319
|switch|p1a: Slither Wing|Slither Wing|100/100
|turn|12
|
|t:|1781311325
|switch|p2a: Mew|Mew|100/100
|move|p1a: Slither Wing|Close Combat|p2a: Mew
|-resisted|p2a: Mew
|-damage|p2a: Mew|68/100
|-unboost|p1a: Slither Wing|def|1
|-unboost|p1a: Slither Wing|spd|1
|
|upkeep
|turn|13
|
|t:|1781311333
|-end|p1a: Slither Wing|Protosynthesis|[silent]
|switch|p1a: Armarouge|Armarouge, M|100/100 par
|move|p2a: Mew|Ice Punch|p1a: Armarouge
|-resisted|p1a: Armarouge
|-damage|p1a: Armarouge|90/100 par
|-ability|p1a: Armarouge|Weak Armor|boost
|-unboost|p1a: Armarouge|def|1
|-boost|p1a: Armarouge|spe|2
|
|upkeep
|turn|14
|
|t:|1781311344
|switch|p2a: Volcanion|Volcanion|36/100
|move|p1a: Armarouge|Psyshock|p2a: Volcanion
|-crit|p2a: Volcanion
|-damage|p2a: Volcanion|0 fnt
|faint|p2a: Volcanion
|
|upkeep
|
|t:|1781311350
|switch|p2a: Grimmsnarl|Grimmsnarl, M|1/100
|turn|15
|
|t:|1781311353
|move|p2a: Grimmsnarl|Reflect|p2a: Grimmsnarl
|-sidestart|p2: uniandes5|Reflect
|cant|p1a: Armarouge|par
|
|upkeep
|turn|16
|
|t:|1781311357
|move|p2a: Grimmsnarl|Light Screen|p2a: Grimmsnarl
|-sidestart|p2: uniandes5|move: Light Screen
|move|p1a: Armarouge|Energy Ball|p2a: Grimmsnarl
|-damage|p2a: Grimmsnarl|0 fnt
|faint|p2a: Grimmsnarl
|
|upkeep
|
|t:|1781311360
|switch|p2a: Latias|Latias, F|100/100
|turn|17
|inactive|bigtestsofbig has 120 seconds left.
|
|t:|1781311403
|switch|p1a: Slither Wing|Slither Wing|100/100
|move|p2a: Latias|Calm Mind|p2a: Latias
|-boost|p2a: Latias|spa|1
|-boost|p2a: Latias|spd|1
|
|upkeep
|turn|18
|
|t:|1781311413
|-terastallize|p1a: Slither Wing|Bug
|move|p1a: Slither Wing|U-turn|p2a: Latias
|-supereffective|p2a: Latias
|-damage|p2a: Latias|48/100
|inactive|bigtestsofbig has 120 seconds left.
|
|t:|1781311419
|-end|p1a: Slither Wing|Protosynthesis|[silent]
|switch|p1a: Iron Treads|Iron Treads|100/100|[from] U-turn
|move|p2a: Latias|Calm Mind|p2a: Latias
|-boost|p2a: Latias|spa|1
|-boost|p2a: Latias|spd|1
|
|upkeep
|turn|19
|
|t:|1781311425
|move|p1a: Iron Treads|Rapid Spin|p2a: Latias
|-damage|p2a: Latias|43/100
|-boost|p1a: Iron Treads|spe|1
|move|p2a: Latias|Recover|p2a: Latias
|-heal|p2a: Latias|93/100
|
|upkeep
|turn|20
|
|t:|1781311428
|move|p1a: Iron Treads|Ice Spinner|p2a: Latias
|-supereffective|p2a: Latias
|-damage|p2a: Latias|73/100
|move|p2a: Latias|Aura Sphere|p1a: Iron Treads
|-supereffective|p1a: Iron Treads
|-damage|p1a: Iron Treads|0 fnt
|faint|p1a: Iron Treads
|-end|p1a: Iron Treads|Quark Drive|[silent]
|
|upkeep
|
|t:|1781311438
|switch|p1a: Dragonite|Dragonite, M|100/100
|turn|21
|
|t:|1781311441
|-terastallize|p2a: Latias|Poison
|move|p2a: Latias|Stored Power|p1a: Dragonite
|-damage|p1a: Dragonite|66/100
|move|p1a: Dragonite|Dragon Tail|p2a: Latias
|-damage|p2a: Latias|61/100
|drag|p2a: Tinkaton|Tinkaton, F|100/100
|-ability|p2a: Tinkaton|Mold Breaker
|
|upkeep
|turn|22
|
|t:|1781311454
|switch|p1a: Armarouge|Armarouge, M|90/100 par
|move|p2a: Tinkaton|Thunder Wave|p1a: Armarouge
|-fail|p1a: Armarouge|par
|
|-sideend|p2: uniandes5|Reflect
|upkeep
|turn|23
|
|t:|1781311459
|move|p2a: Tinkaton|Knock Off|p1a: Armarouge
|-supereffective|p1a: Armarouge
|-damage|p1a: Armarouge|37/100 par
|-ability|p1a: Armarouge|Weak Armor|boost
|-unboost|p1a: Armarouge|def|1
|-boost|p1a: Armarouge|spe|2
|-enditem|p1a: Armarouge|Weakness Policy
|-boost|p1a: Armarouge|atk|2|[from] item: Weakness Policy
|-boost|p1a: Armarouge|spa|2|[from] item: Weakness Policy
|move|p1a: Armarouge|Armor Cannon|p2a: Tinkaton
|-supereffective|p2a: Tinkaton
|-crit|p2a: Tinkaton
|-damage|p2a: Tinkaton|0 fnt
|-unboost|p1a: Armarouge|def|1
|-unboost|p1a: Armarouge|spd|1
|faint|p2a: Tinkaton
|
|-sideend|p2: uniandes5|move: Light Screen
|upkeep
|
|t:|1781311470
|switch|p2a: Mew|Mew|68/100
|turn|24
|
|t:|1781311474
|move|p1a: Armarouge|Armor Cannon|p2a: Mew
|-damage|p2a: Mew|0 fnt
|-unboost|p1a: Armarouge|def|1
|-unboost|p1a: Armarouge|spd|1
|faint|p2a: Mew
|
|upkeep
|
|t:|1781311477
|switch|p2a: Latias|Latias, F, tera:Poison|61/100
|turn|25
|
|t:|1781311480
|move|p2a: Latias|Calm Mind|p2a: Latias
|-boost|p2a: Latias|spa|1
|-boost|p2a: Latias|spd|1
|move|p1a: Armarouge|Psyshock|p2a: Latias
|-supereffective|p2a: Latias
|-damage|p2a: Latias|0 fnt
|faint|p2a: Latias
|
|win|bigtestsofbig
|raw|bigtestsofbig's rating: 1622 &rarr; <strong>1639</strong><br />(+17 for winning)
|raw|uniandes5's rating: 1578 &rarr; <strong>1561</strong><br />(-17 for losing)
|l|☆uniandes5
|player|p2|
|l|☆bigtestsofbig
|player|p1|
