|j|☆Superhjkdetective
|j|☆Kloakri
|t:|1780993973
|gametype|singles
|player|p1|Superhjkdetective|170|1580
|player|p2|Kloakri|170|1640
|gen|9
|tier|[Gen 9] OU
|rated|
|rule|HP Percentage Mod: HP is shown in percentages
|rule|Endless Battle Clause: Forcing endless battles is banned
|rule|Species Clause: Limit one of each Pokémon
|rule|OHKO Clause: OHKO moves are banned
|rule|Evasion Items Clause: Evasion items are banned
|rule|Evasion Moves Clause: Evasion moves are banned
|rule|Evasion Abilities Clause: Evasion abilities are banned
|rule|Sleep Moves Clause: Sleep-inducing moves are banned
|clearpoke
|poke|p1|Iron Crown|
|poke|p1|Lokix, F|
|poke|p1|Dragonite, M|
|poke|p1|Great Tusk|
|poke|p1|Pecharunt|
|poke|p1|Garganacl, M|
|poke|p2|Ribombee, M|
|poke|p2|Gholdengo|
|poke|p2|Great Tusk|
|poke|p2|Raging Bolt|
|poke|p2|Ogerpon-Cornerstone, F|
|poke|p2|Ceruledge, M|
|teampreview
|inactive|Battle timer is ON: inactive players will automatically lose when time's up. (requested by Superhjkdetective)
|
|t:|1780993979
|teamsize|p1|6
|teamsize|p2|6
|start
|switch|p1a: Iron Crown|Iron Crown|100/100
|switch|p2a: TORE UP|Ceruledge, M, shiny|100/100
|turn|1
|
|t:|1780993984
|move|p1a: Iron Crown|Volt Switch|p2a: TORE UP
|-damage|p2a: TORE UP|58/100
|
|t:|1780993989
|-end|p1a: Iron Crown|Quark Drive|[silent]
|switch|p1a: Garganacl|Garganacl, M|100/100|[from] Volt Switch
|move|p2a: TORE UP|Bitter Blade|p1a: Garganacl
|-resisted|p1a: Garganacl
|-damage|p1a: Garganacl|84/100
|-heal|p2a: TORE UP|69/100|[from] drain|[of] p1a: Garganacl
|
|-heal|p1a: Garganacl|90/100|[from] item: Leftovers
|upkeep
|turn|2
|inactive|Kloakri has 120 seconds left.
|
|t:|1780994022
|switch|p1a: Iron Crown|Iron Crown|100/100
|move|p2a: TORE UP|Close Combat|p1a: Iron Crown
|-damage|p1a: Iron Crown|54/100
|-unboost|p2a: TORE UP|def|1
|-unboost|p2a: TORE UP|spd|1
|
|upkeep
|turn|3
|
|t:|1780994041
|move|p2a: TORE UP|Shadow Sneak|p1a: Iron Crown
|-supereffective|p1a: Iron Crown
|-damage|p1a: Iron Crown|4/100
|move|p1a: Iron Crown|Psyshock|p2a: TORE UP
|-damage|p2a: TORE UP|0 fnt
|faint|p2a: TORE UP
|
|upkeep
|
|t:|1780994049
|switch|p2a: NEW DROP|Ribombee, M, shiny|100/100
|turn|4
|j| lord shiddenfards
|
|t:|1780994060
|-end|p1a: Iron Crown|Quark Drive|[silent]
|switch|p1a: Garganacl|Garganacl, M|90/100
|move|p2a: NEW DROP|Sticky Web|p1a: Garganacl
|-sidestart|p1: Superhjkdetective|move: Sticky Web
|
|-heal|p1a: Garganacl|96/100|[from] item: Leftovers
|upkeep
|turn|5
|
|t:|1780994066
|move|p2a: NEW DROP|Psychic Noise|p1a: Garganacl
|-damage|p1a: Garganacl|83/100
|-start|p1a: Garganacl|move: Heal Block
|move|p1a: Garganacl|Salt Cure|p2a: NEW DROP
|-supereffective|p2a: NEW DROP
|-damage|p2a: NEW DROP|41/100
|
|upkeep
|turn|6
|
|t:|1780994070
|move|p2a: NEW DROP|Moonblast|p1a: Garganacl
|-damage|p1a: Garganacl|55/100
|-unboost|p1a: Garganacl|spa|1
|move|p1a: Garganacl|Salt Cure|p2a: NEW DROP
|-supereffective|p2a: NEW DROP
|-damage|p2a: NEW DROP|0 fnt
|faint|p2a: NEW DROP
|
|-end|p1a: Garganacl|move: Heal Block
|upkeep
|
|t:|1780994075
|switch|p2a: BROTHER STONE|Ogerpon-Cornerstone, F|100/100
|turn|7
|
|t:|1780994084
|move|p2a: BROTHER STONE|Low Kick|p1a: Garganacl
|-supereffective|p1a: Garganacl
|-damage|p1a: Garganacl|0 fnt
|faint|p1a: Garganacl
|
|upkeep
|
|t:|1780994098
|switch|p1a: Great Tusk|Great Tusk|100/100
|-activate|p1a: Great Tusk|move: Sticky Web
|-unboost|p1a: Great Tusk|spe|1
|turn|8
|
|t:|1780994102
|switch|p2a: KRYPTONITE|Gholdengo, shiny|100/100
|-item|p2a: KRYPTONITE|Air Balloon
|move|p1a: Great Tusk|Rapid Spin|p2a: KRYPTONITE
|-immune|p2a: KRYPTONITE
|
|upkeep
|turn|9
|
|t:|1780994107
|move|p2a: KRYPTONITE|Nasty Plot|p2a: KRYPTONITE
|-boost|p2a: KRYPTONITE|spa|2
|move|p1a: Great Tusk|Ice Spinner|p2a: KRYPTONITE
|-resisted|p2a: KRYPTONITE
|-damage|p2a: KRYPTONITE|87/100
|-enditem|p2a: KRYPTONITE|Air Balloon
|
|upkeep
|turn|10
|j| testingrainteam1
|
|t:|1780994127
|-end|p1a: Great Tusk|Protosynthesis|[silent]
|switch|p1a: Iron Crown|Iron Crown|4/100
|-activate|p1a: Iron Crown|move: Sticky Web
|-unboost|p1a: Iron Crown|spe|1
|move|p2a: KRYPTONITE|Shadow Ball|p1a: Iron Crown
|-supereffective|p1a: Iron Crown
|-damage|p1a: Iron Crown|0 fnt
|faint|p1a: Iron Crown
|-end|p1a: Iron Crown|Quark Drive|[silent]
|
|upkeep
|
|t:|1780994129
|switch|p1a: Dragonite|Dragonite, M|100/100
|turn|11
|
|t:|1780994139
|move|p2a: KRYPTONITE|Shadow Ball|p1a: Dragonite
|-damage|p1a: Dragonite|51/100
|-unboost|p1a: Dragonite|spd|1
|move|p1a: Dragonite|Dragon Dance|p1a: Dragonite
|-boost|p1a: Dragonite|atk|1
|-boost|p1a: Dragonite|spe|1
|
|upkeep
|turn|12
|
|t:|1780994145
|-terastallize|p2a: KRYPTONITE|Fighting
|move|p1a: Dragonite|Earthquake|p2a: KRYPTONITE
|-damage|p2a: KRYPTONITE|24/100
|move|p2a: KRYPTONITE|Shadow Ball|p1a: Dragonite
|-damage|p1a: Dragonite|0 fnt
|faint|p1a: Dragonite
|
|upkeep
|
|t:|1780994150
|switch|p1a: Lokix|Lokix, F|100/100
|-activate|p1a: Lokix|move: Sticky Web
|-unboost|p1a: Lokix|spe|1
|turn|13
|
|t:|1780994154
|move|p1a: Lokix|First Impression|p2a: KRYPTONITE
|-resisted|p2a: KRYPTONITE
|-damage|p2a: KRYPTONITE|0 fnt
|faint|p2a: KRYPTONITE
|
|upkeep
|
|t:|1780994164
|switch|p2a: GREAT NECK|Raging Bolt|100/100
|-enditem|p2a: GREAT NECK|Booster Energy
|-activate|p2a: GREAT NECK|ability: Protosynthesis|[fromitem]
|-start|p2a: GREAT NECK|protosynthesisspa
|turn|14
|
|t:|1780994167
|switch|p1a: Pecharunt|Pecharunt|100/100
|move|p2a: GREAT NECK|Dragon Pulse|p1a: Pecharunt
|-damage|p1a: Pecharunt|32/100
|
|upkeep
|turn|15
|
|t:|1780994171
|move|p2a: GREAT NECK|Dragon Pulse|p1a: Pecharunt
|-damage|p1a: Pecharunt|0 fnt
|faint|p1a: Pecharunt
|
|upkeep
|
|t:|1780994172
|switch|p1a: Great Tusk|Great Tusk|100/100
|-activate|p1a: Great Tusk|move: Sticky Web
|-unboost|p1a: Great Tusk|spe|1
|turn|16
|
|t:|1780994177
|move|p2a: GREAT NECK|Dragon Pulse|p1a: Great Tusk
|-damage|p1a: Great Tusk|21/100
|move|p1a: Great Tusk|Headlong Rush|p2a: GREAT NECK
|-supereffective|p2a: GREAT NECK
|-damage|p2a: GREAT NECK|9/100
|-unboost|p1a: Great Tusk|def|1
|-unboost|p1a: Great Tusk|spd|1
|
|-heal|p1a: Great Tusk|28/100|[from] item: Leftovers
|upkeep
|turn|17
|
|t:|1780994181
|move|p2a: GREAT NECK|Dragon Pulse|p1a: Great Tusk
|-damage|p1a: Great Tusk|0 fnt
|faint|p1a: Great Tusk
|-end|p1a: Great Tusk|Protosynthesis|[silent]
|
|upkeep
|
|t:|1780994182
|switch|p1a: Lokix|Lokix, F|100/100
|-activate|p1a: Lokix|move: Sticky Web
|-unboost|p1a: Lokix|spe|1
|turn|18
|
|t:|1780994185
|move|p2a: GREAT NECK|Thunderclap|p1a: Lokix
|-damage|p1a: Lokix|0 fnt
|faint|p1a: Lokix
|
|win|Kloakri
|raw|Superhjkdetective's rating: 1580 &rarr; <strong>1563</strong><br />(-17 for losing)
|raw|Kloakri's rating: 1640 &rarr; <strong>1657</strong><br />(+17 for winning)
|l|☆Superhjkdetective
|player|p1|
|l|☆Kloakri
|player|p2|
