|j|☆jd2sleepy
|j|☆Topclass-A
|t:|1781332474
|gametype|singles
|player|p1|jd2sleepy|blackbelt-gen4dp|1527
|player|p2|Topclass-A|bellelba|1558
|gen|9
|tier|[Gen 9] OU
|rated|
|rule|HP Percentage Mod: HP is shown in percentages
|rule|Endless Battle Clause: Forcing endless battles is banned
|rule|Species Clause: Limit one of each Pokémon
|rule|OHKO Clause: OHKO moves are banned
|rule|Evasion Items Clause: Evasion items are banned
|rule|Evasion Moves Clause: Evasion moves are banned
|rule|Evasion Abilities Clause: Evasion abilities are banned
|rule|Sleep Moves Clause: Sleep-inducing moves are banned
|clearpoke
|poke|p1|Toxicroak, M|
|poke|p1|Pelipper, F|
|poke|p1|Floatzel, F|
|poke|p1|Iron Treads|
|poke|p1|Hatterene, F|
|poke|p1|Hoopa-Unbound|
|poke|p2|Pecharunt|
|poke|p2|Landorus-Therian, M|
|poke|p2|Cinderace, M|
|poke|p2|Iron Valiant|
|poke|p2|Primarina, M|
|poke|p2|Ogerpon-Wellspring, F|
|teampreview
|inactive|Battle timer is ON: inactive players will automatically lose when time's up. (requested by Topclass-A)
|
|t:|1781332481
|teamsize|p1|6
|teamsize|p2|6
|start
|switch|p1a: Drizzy|Pelipper, F, shiny|100/100
|switch|p2a: Primarina|Primarina, M|100/100
|-weather|RainDance|[from] ability: Drizzle|[of] p1a: Drizzy
|turn|1
|
|t:|1781332485
|move|p2a: Primarina|Moonblast|p1a: Drizzy
|-damage|p1a: Drizzy|52/100
|move|p1a: Drizzy|U-turn|p2a: Primarina
|-resisted|p2a: Primarina
|-damage|p2a: Primarina|94/100
|
|t:|1781332487
|switch|p1a: Teach|Toxicroak, M, shiny|100/100|[from] U-turn
|
|-weather|RainDance|[upkeep]
|upkeep
|turn|2
|
|t:|1781332489
|move|p1a: Teach|Gunk Shot|p2a: Primarina
|-supereffective|p2a: Primarina
|-damage|p2a: Primarina|0 fnt
|faint|p2a: Primarina
|
|-weather|RainDance|[upkeep]
|upkeep
|
|t:|1781332491
|switch|p2a: Enten|Landorus-Therian, M, shiny|100/100
|-ability|p2a: Enten|Intimidate|boost
|-unboost|p1a: Teach|atk|1
|turn|3
|
|t:|1781332494
|switch|p1a: Nene|Hatterene, F, shiny|100/100
|move|p2a: Enten|Stone Edge|p1a: Nene
|-damage|p1a: Nene|64/100
|-enditem|p1a: Nene|Eject Button
|
|t:|1781332496
|switch|p1a: Law|Floatzel, F, shiny|100/100
|
|-weather|RainDance|[upkeep]
|upkeep
|turn|4
|
|t:|1781332498
|switch|p2a: Overseer|Pecharunt|100/100
|move|p1a: Law|Flip Turn|p2a: Overseer
|-damage|p2a: Overseer|81/100
|-damage|p1a: Law|84/100|[from] item: Rocky Helmet|[of] p2a: Overseer
|
|t:|1781332501
|switch|p1a: Jotaro Kujo|Hoopa-Unbound|100/100|[from] Flip Turn
|
|-weather|RainDance|[upkeep]
|upkeep
|turn|5
|
|t:|1781332511
|switch|p2a: Liberacy|Cinderace, M, shiny|100/100
|move|p1a: Jotaro Kujo|Dark Pulse|p2a: Liberacy
|-damage|p2a: Liberacy|0 fnt
|faint|p2a: Liberacy
|
|-weather|RainDance|[upkeep]
|upkeep
|
|t:|1781332514
|switch|p2a: Calamity|Iron Valiant, shiny|100/100
|turn|6
|
|t:|1781332518
|switch|p1a: Tready Way|Iron Treads, shiny|100/100
|move|p2a: Calamity|Moonblast|p1a: Tready Way
|-resisted|p1a: Tready Way
|-damage|p1a: Tready Way|78/100
|-damage|p2a: Calamity|90/100|[from] item: Life Orb
|
|-weather|RainDance|[upkeep]
|-heal|p1a: Tready Way|84/100|[from] item: Leftovers
|upkeep
|turn|7
|
|t:|1781332521
|-end|p1a: Tready Way|Quark Drive|[silent]
|switch|p1a: Nene|Hatterene, F, shiny|64/100
|move|p2a: Calamity|Vacuum Wave|p1a: Nene
|-resisted|p1a: Nene
|-damage|p1a: Nene|57/100
|-damage|p2a: Calamity|80/100|[from] item: Life Orb
|
|-weather|RainDance|[upkeep]
|upkeep
|turn|8
|
|t:|1781332526
|move|p2a: Calamity|Shadow Ball|p1a: Nene
|-supereffective|p1a: Nene
|-damage|p1a: Nene|0 fnt
|faint|p1a: Nene
|-damage|p2a: Calamity|70/100|[from] item: Life Orb
|
|-weather|none
|upkeep
|
|t:|1781332528
|switch|p1a: Drizzy|Pelipper, F, shiny|52/100
|-weather|RainDance|[from] ability: Drizzle|[of] p1a: Drizzy
|turn|9
|
|t:|1781332545
|switch|p1a: Tready Way|Iron Treads, shiny|84/100
|move|p2a: Calamity|Thunderbolt|p1a: Tready Way
|-immune|p1a: Tready Way
|
|-weather|RainDance|[upkeep]
|-heal|p1a: Tready Way|90/100|[from] item: Leftovers
|upkeep
|turn|10
|
|t:|1781332547
|move|p2a: Calamity|Vacuum Wave|p1a: Tready Way
|-supereffective|p1a: Tready Way
|-damage|p1a: Tready Way|46/100
|-damage|p2a: Calamity|60/100|[from] item: Life Orb
|move|p1a: Tready Way|Stealth Rock|p2a: Calamity
|-sidestart|p2: Topclass-A|move: Stealth Rock
|
|-weather|RainDance|[upkeep]
|-heal|p1a: Tready Way|52/100|[from] item: Leftovers
|upkeep
|turn|11
|
|t:|1781332550
|move|p2a: Calamity|Vacuum Wave|p1a: Tready Way
|-supereffective|p1a: Tready Way
|-damage|p1a: Tready Way|7/100
|-damage|p2a: Calamity|50/100|[from] item: Life Orb
|move|p1a: Tready Way|Earthquake|p2a: Calamity
|-damage|p2a: Calamity|4/100
|
|-weather|RainDance|[upkeep]
|-heal|p1a: Tready Way|13/100|[from] item: Leftovers
|upkeep
|turn|12
|
|t:|1781332552
|move|p2a: Calamity|Vacuum Wave|p1a: Tready Way
|-supereffective|p1a: Tready Way
|-damage|p1a: Tready Way|0 fnt
|faint|p1a: Tready Way
|-end|p1a: Tready Way|Quark Drive|[silent]
|-damage|p2a: Calamity|0 fnt|[from] item: Life Orb
|faint|p2a: Calamity
|-end|p2a: Calamity|Quark Drive|[silent]
|
|-weather|RainDance|[upkeep]
|upkeep
|
|t:|1781332555
|switch|p2a: Enten|Landorus-Therian, M, shiny|100/100
|switch|p1a: Law|Floatzel, F, shiny|84/100
|-damage|p2a: Enten|88/100|[from] Stealth Rock
|-ability|p2a: Enten|Intimidate|boost
|-unboost|p1a: Law|atk|1
|turn|13
|
|t:|1781332561
|switch|p2a: Ogerpon|Ogerpon-Wellspring, F|100/100
|-damage|p2a: Ogerpon|88/100|[from] Stealth Rock
|move|p1a: Law|Wave Crash|p2a: Ogerpon
|-heal|p2a: Ogerpon|100/100|[from] ability: Water Absorb|[of] p1a: Law
|
|-weather|RainDance|[upkeep]
|upkeep
|turn|14
|
|t:|1781332563
|switch|p1a: Teach|Toxicroak, M, shiny|100/100
|move|p2a: Ogerpon|Power Whip|p1a: Teach
|-resisted|p1a: Teach
|-damage|p1a: Teach|67/100
|-damage|p2a: Ogerpon|84/100|[from] item: Rocky Helmet|[of] p1a: Teach
|
|-weather|RainDance|[upkeep]
|-heal|p1a: Teach|80/100|[from] ability: Dry Skin
|upkeep
|turn|15
|
|t:|1781332574
|switch|p2a: Overseer|Pecharunt|81/100
|-damage|p2a: Overseer|69/100|[from] Stealth Rock
|move|p1a: Teach|Gunk Shot|p2a: Overseer
|-resisted|p2a: Overseer
|-damage|p2a: Overseer|64/100
|
|-weather|RainDance|[upkeep]
|-heal|p1a: Teach|92/100|[from] ability: Dry Skin
|upkeep
|turn|16
|
|t:|1781332580
|switch|p1a: Jotaro Kujo|Hoopa-Unbound|100/100
|move|p2a: Overseer|Parting Shot|p1a: Jotaro Kujo
|-unboost|p1a: Jotaro Kujo|atk|1
|-unboost|p1a: Jotaro Kujo|spa|1
|
|t:|1781332582
|switch|p2a: Enten|Landorus-Therian, M, shiny|88/100|[from] Parting Shot
|-damage|p2a: Enten|76/100|[from] Stealth Rock
|-ability|p2a: Enten|Intimidate|boost
|-unboost|p1a: Jotaro Kujo|atk|1
|
|-weather|none
|upkeep
|turn|17
|
|t:|1781332584
|switch|p1a: Drizzy|Pelipper, F, shiny|52/100
|-weather|RainDance|[from] ability: Drizzle|[of] p1a: Drizzy
|move|p2a: Enten|U-turn|p1a: Drizzy
|-resisted|p1a: Drizzy
|-damage|p1a: Drizzy|37/100
|
|t:|1781332587
|switch|p2a: Ogerpon|Ogerpon-Wellspring, F|84/100|[from] U-turn
|-damage|p2a: Ogerpon|72/100|[from] Stealth Rock
|
|-weather|RainDance|[upkeep]
|upkeep
|turn|18
|
|t:|1781332589
|switch|p1a: Teach|Toxicroak, M, shiny|92/100
|move|p2a: Ogerpon|Power Whip|p1a: Teach
|-resisted|p1a: Teach
|-crit|p1a: Teach
|-damage|p1a: Teach|46/100
|-damage|p2a: Ogerpon|55/100|[from] item: Rocky Helmet|[of] p1a: Teach
|
|-weather|RainDance|[upkeep]
|-heal|p1a: Teach|59/100|[from] ability: Dry Skin
|upkeep
|turn|19
|
|t:|1781332593
|switch|p2a: Overseer|Pecharunt|64/100
|-damage|p2a: Overseer|52/100|[from] Stealth Rock
|switch|p1a: Jotaro Kujo|Hoopa-Unbound|100/100
|
|-weather|RainDance|[upkeep]
|upkeep
|turn|20
|
|t:|1781332597
|-terastallize|p2a: Overseer|Dark
|move|p1a: Jotaro Kujo|Dark Pulse|p2a: Overseer
|-resisted|p2a: Overseer
|-crit|p2a: Overseer
|-damage|p2a: Overseer|0 fnt
|faint|p2a: Overseer
|
|-weather|RainDance|[upkeep]
|upkeep
|
|t:|1781332600
|switch|p2a: Enten|Landorus-Therian, M, shiny|76/100
|-damage|p2a: Enten|64/100|[from] Stealth Rock
|-ability|p2a: Enten|Intimidate|boost
|-unboost|p1a: Jotaro Kujo|atk|1
|turn|21
|
|t:|1781332606
|move|p2a: Enten|Stone Edge|p1a: Jotaro Kujo
|-damage|p1a: Jotaro Kujo|40/100
|move|p1a: Jotaro Kujo|Dark Pulse|p2a: Enten
|-damage|p2a: Enten|0 fnt
|faint|p2a: Enten
|
|-weather|RainDance|[upkeep]
|upkeep
|-message|Topclass-A forfeited.
|
|win|jd2sleepy
|raw|jd2sleepy's rating: 1527 &rarr; <strong>1549</strong><br />(+22 for winning)
|raw|Topclass-A's rating: 1558 &rarr; <strong>1536</strong><br />(-22 for losing)
|l|☆Topclass-A
|player|p2|
|l|☆jd2sleepy
|player|p1|
