|j|☆runningdan
|j|☆funnygames(1997)
|t:|1781376786
|gametype|singles
|player|p1|runningdan|101|1577
|player|p2|funnygames(1997)|170|1527
|gen|9
|tier|[Gen 9] OU
|rated|
|rule|HP Percentage Mod: HP is shown in percentages
|rule|Endless Battle Clause: Forcing endless battles is banned
|rule|Species Clause: Limit one of each Pokémon
|rule|OHKO Clause: OHKO moves are banned
|rule|Evasion Items Clause: Evasion items are banned
|rule|Evasion Moves Clause: Evasion moves are banned
|rule|Evasion Abilities Clause: Evasion abilities are banned
|rule|Sleep Moves Clause: Sleep-inducing moves are banned
|clearpoke
|poke|p1|Great Tusk|
|poke|p1|Ninetales-Alola, M|
|poke|p1|Darkrai|
|poke|p1|Slowking-Galar, M|
|poke|p1|Dragapult, M|
|poke|p1|Gliscor, F|
|poke|p2|Arcanine-Hisui, F|
|poke|p2|Darkrai|
|poke|p2|Great Tusk|
|poke|p2|Hatterene, F|
|poke|p2|Ogerpon-Wellspring, F|
|poke|p2|Zapdos|
|teampreview
|inactive|Battle timer is ON: inactive players will automatically lose when time's up. (requested by runningdan)
|inactive|funnygames(1997) has 120 seconds left.
|inactive|funnygames(1997) has 90 seconds left.
|
|t:|1781376850
|teamsize|p1|6
|teamsize|p2|6
|start
|switch|p1a: Gliscor|Gliscor, F|100/100
|switch|p2a: Arcanine|Arcanine-Hisui, F|100/100
|turn|1
|
|t:|1781376872
|switch|p2a: Great Tusk|Great Tusk|100/100
|move|p1a: Gliscor|Protect||[still]
|-fail|p1a: Gliscor
|
|-status|p1a: Gliscor|tox|[from] item: Toxic Orb
|upkeep
|turn|2
|
|t:|1781376879
|switch|p1a: Ninetales|Ninetales-Alola, M|100/100
|-weather|Snowscape|[from] ability: Snow Warning|[of] p1a: Ninetales
|move|p2a: Great Tusk|Stealth Rock|p1a: Ninetales
|-sidestart|p1: runningdan|move: Stealth Rock
|
|-weather|Snowscape|[upkeep]
|upkeep
|turn|3
|
|t:|1781376885
|-end|p2a: Great Tusk|Protosynthesis|[silent]
|switch|p2a: Arcanine|Arcanine-Hisui, F|100/100
|move|p1a: Ninetales|Aurora Veil|p1a: Ninetales
|-sidestart|p1: runningdan|move: Aurora Veil
|
|-weather|Snowscape|[upkeep]
|upkeep
|turn|4
|
|t:|1781376904
|switch|p1a: Great Tusk|Great Tusk|100/100
|-damage|p1a: Great Tusk|98/100|[from] Stealth Rock
|switch|p2a: Ogerpon|Ogerpon-Wellspring, F|100/100
|
|-weather|Snowscape|[upkeep]
|-heal|p1a: Great Tusk|100/100|[from] item: Leftovers
|upkeep
|turn|5
|
|t:|1781376914
|move|p2a: Ogerpon|Ivy Cudgel|p1a: Great Tusk|[anim] Ivy Cudgel Water
|-supereffective|p1a: Great Tusk
|-damage|p1a: Great Tusk|72/100
|move|p1a: Great Tusk|Rapid Spin|p2a: Ogerpon
|-damage|p2a: Ogerpon|81/100
|-boost|p1a: Great Tusk|spe|1
|-sideend|p1: runningdan|Stealth Rock|[from] move: Rapid Spin|[of] p1a: Great Tusk
|
|-weather|Snowscape|[upkeep]
|-heal|p1a: Great Tusk|78/100|[from] item: Leftovers
|upkeep
|turn|6
|
|t:|1781376920
|-end|p1a: Great Tusk|Protosynthesis|[silent]
|switch|p1a: Dragapult|Dragapult, M|100/100
|move|p2a: Ogerpon|Horn Leech|p1a: Dragapult
|-resisted|p1a: Dragapult
|-damage|p1a: Dragapult|87/100
|-heal|p2a: Ogerpon|88/100|[from] drain|[of] p1a: Dragapult
|
|-weather|none
|upkeep
|turn|7
|
|t:|1781376925
|switch|p2a: Hatterene|Hatterene, F|100/100
|move|p1a: Dragapult|Shadow Ball|p2a: Hatterene
|-supereffective|p2a: Hatterene
|-damage|p2a: Hatterene|36/100
|
|upkeep
|turn|8
|
|t:|1781376934
|switch|p2a: Darkrai|Darkrai|100/100
|move|p1a: Dragapult|Shadow Ball|p2a: Darkrai
|-resisted|p2a: Darkrai
|-damage|p2a: Darkrai|67/100
|
|upkeep
|turn|9
|
|t:|1781376943
|switch|p1a: Gliscor|Gliscor, F|100/100 tox
|move|p2a: Darkrai|Dark Pulse|p1a: Gliscor
|-damage|p1a: Gliscor|75/100 tox
|
|-heal|p1a: Gliscor|88/100 tox|[from] ability: Poison Heal
|upkeep
|turn|10
|
|t:|1781376947
|switch|p2a: Ogerpon|Ogerpon-Wellspring, F|88/100
|move|p1a: Gliscor|Stealth Rock|p2a: Ogerpon
|-sidestart|p2: funnygames(1997)|move: Stealth Rock
|
|-heal|p1a: Gliscor|99/100 tox|[from] ability: Poison Heal
|-sideend|p1: runningdan|move: Aurora Veil
|upkeep
|turn|11
|
|t:|1781376956
|switch|p1a: Dragapult|Dragapult, M|87/100
|move|p2a: Ogerpon|Encore||[still]
|-fail|p2a: Ogerpon
|
|upkeep
|turn|12
|
|t:|1781376961
|switch|p2a: Hatterene|Hatterene, F|36/100
|-damage|p2a: Hatterene|23/100|[from] Stealth Rock
|move|p1a: Dragapult|U-turn|p2a: Hatterene
|-damage|p2a: Hatterene|2/100
|
|t:|1781376974
|switch|p1a: Great Tusk|Great Tusk|78/100|[from] U-turn
|
|-heal|p1a: Great Tusk|84/100|[from] item: Leftovers
|upkeep
|turn|13
|
|t:|1781376979
|move|p1a: Great Tusk|Earthquake|p2a: Hatterene
|-crit|p2a: Hatterene
|-damage|p2a: Hatterene|0 fnt
|faint|p2a: Hatterene
|
|-heal|p1a: Great Tusk|90/100|[from] item: Leftovers
|upkeep
|
|t:|1781376984
|switch|p2a: Zapdos|Zapdos|100/100
|turn|14
|
|t:|1781376989
|-end|p1a: Great Tusk|Protosynthesis|[silent]
|switch|p1a: Gliscor|Gliscor, F|99/100 tox
|move|p2a: Zapdos|Volt Switch|p1a: Gliscor
|-immune|p1a: Gliscor
|
|-heal|p1a: Gliscor|100/100 tox|[from] ability: Poison Heal
|upkeep
|turn|15
|
|t:|1781376992
|switch|p2a: Darkrai|Darkrai|67/100
|-damage|p2a: Darkrai|55/100|[from] Stealth Rock
|move|p1a: Gliscor|Knock Off|p2a: Darkrai
|-resisted|p2a: Darkrai
|-damage|p2a: Darkrai|42/100
|-enditem|p2a: Darkrai|Choice Scarf|[from] move: Knock Off|[of] p1a: Gliscor
|
|upkeep
|turn|16
|
|t:|1781377005
|switch|p1a: Ninetales|Ninetales-Alola, M|100/100
|-weather|Snowscape|[from] ability: Snow Warning|[of] p1a: Ninetales
|move|p2a: Darkrai|Ice Beam|p1a: Ninetales
|-resisted|p1a: Ninetales
|-damage|p1a: Ninetales|84/100
|
|-weather|Snowscape|[upkeep]
|upkeep
|turn|17
|
|t:|1781377013
|move|p2a: Darkrai|Sludge Bomb|p1a: Ninetales
|-supereffective|p1a: Ninetales
|-damage|p1a: Ninetales|19/100
|-status|p1a: Ninetales|psn
|move|p1a: Ninetales|Aurora Veil|p1a: Ninetales
|-sidestart|p1: runningdan|move: Aurora Veil
|
|-weather|Snowscape|[upkeep]
|-damage|p1a: Ninetales|7/100 psn|[from] psn
|upkeep
|turn|18
|
|t:|1781377028
|switch|p1a: Darkrai|Darkrai|100/100
|move|p2a: Darkrai|Ice Beam|p1a: Darkrai
|-damage|p1a: Darkrai|80/100
|
|-weather|Snowscape|[upkeep]
|-heal|p1a: Darkrai|86/100|[from] item: Leftovers
|upkeep
|turn|19
|
|t:|1781377045
|move|p2a: Darkrai|Trick|p1a: Darkrai
|-activate|p2a: Darkrai|move: Trick|[of] p1a: Darkrai
|-enditem|p1a: Darkrai|Leftovers|[silent]|[from] move: Trick
|-item|p2a: Darkrai|Leftovers|[from] move: Trick
|move|p1a: Darkrai|Nasty Plot|p1a: Darkrai
|-boost|p1a: Darkrai|spa|2
|
|-weather|Snowscape|[upkeep]
|-heal|p2a: Darkrai|48/100|[from] item: Leftovers
|upkeep
|turn|20
|
|t:|1781377070
|move|p1a: Darkrai|Dark Pulse|p2a: Darkrai
|-resisted|p2a: Darkrai
|-damage|p2a: Darkrai|0 fnt
|faint|p2a: Darkrai
|
|-weather|none
|upkeep
|
|t:|1781377078
|switch|p2a: Zapdos|Zapdos|100/100
|turn|21
|
|t:|1781377083
|-terastallize|p2a: Zapdos|Steel
|move|p1a: Darkrai|Dark Pulse|p2a: Zapdos
|-damage|p2a: Zapdos|24/100
|move|p2a: Zapdos|Thunder Wave|p1a: Darkrai
|-status|p1a: Darkrai|par
|
|upkeep
|turn|22
|
|t:|1781377090
|move|p2a: Zapdos|Roost|p2a: Zapdos
|-heal|p2a: Zapdos|74/100
|move|p1a: Darkrai|Focus Blast|p2a: Zapdos
|-supereffective|p2a: Zapdos
|-damage|p2a: Zapdos|0 fnt
|faint|p2a: Zapdos
|
|upkeep
|
|t:|1781377094
|switch|p2a: Ogerpon|Ogerpon-Wellspring, F|88/100
|-damage|p2a: Ogerpon|76/100|[from] Stealth Rock
|turn|23
|
|t:|1781377103
|move|p2a: Ogerpon|Swords Dance|p2a: Ogerpon
|-boost|p2a: Ogerpon|atk|2
|move|p1a: Darkrai|Dark Pulse|p2a: Ogerpon
|-damage|p2a: Ogerpon|0 fnt
|faint|p2a: Ogerpon
|
|upkeep
|-message|funnygames(1997) forfeited.
|
|win|runningdan
|raw|runningdan's rating: 1577 &rarr; <strong>1594</strong><br />(+17 for winning)
|raw|funnygames(1997)'s rating: 1527 &rarr; <strong>1510</strong><br />(-17 for losing)
|l|☆funnygames(1997)
|player|p2|
|l|☆runningdan
|player|p1|
