|j|☆EtnaArmpits
|j|☆juli<33
|t:|1780931016
|gametype|singles
|player|p1|EtnaArmpits|169|1610
|player|p2|juli<33|caitlin-masters|1681
|gen|9
|tier|[Gen 9] OU
|rated|
|rule|HP Percentage Mod: HP is shown in percentages
|rule|Endless Battle Clause: Forcing endless battles is banned
|rule|Species Clause: Limit one of each Pokémon
|rule|OHKO Clause: OHKO moves are banned
|rule|Evasion Items Clause: Evasion items are banned
|rule|Evasion Moves Clause: Evasion moves are banned
|rule|Evasion Abilities Clause: Evasion abilities are banned
|rule|Sleep Moves Clause: Sleep-inducing moves are banned
|clearpoke
|poke|p1|Kyurem|
|poke|p1|Deoxys-Speed|
|poke|p1|Iron Valiant|
|poke|p1|Dragonite, F|
|poke|p1|Darkrai|
|poke|p1|Iron Treads|
|poke|p2|Great Tusk|
|poke|p2|Slowking-Galar, M|
|poke|p2|Corviknight, F|
|poke|p2|Clefable, F|
|poke|p2|Samurott-Hisui, M|
|poke|p2|Dragapult, F|
|teampreview
|inactive|Battle timer is ON: inactive players will automatically lose when time's up. (requested by juli<33)
|inactive|EtnaArmpits also wants the timer to be on.
|c|☆juli<33|W name bro
|c|☆juli<33|respect
|c|☆EtnaArmpits|ty
|
|t:|1780931033
|teamsize|p1|6
|teamsize|p2|6
|start
|switch|p1a: Iron Treads|Iron Treads|100/100
|switch|p2a: P!nk|Clefable, F|100/100
|-enditem|p1a: Iron Treads|Booster Energy
|-activate|p1a: Iron Treads|ability: Quark Drive|[fromitem]
|-start|p1a: Iron Treads|quarkdrivespe
|turn|1
|
|t:|1780931040
|move|p1a: Iron Treads|Steel Beam|p2a: P!nk
|-supereffective|p2a: P!nk
|-damage|p2a: P!nk|3/100
|-damage|p1a: Iron Treads|50/100|[from] steelbeam
|move|p2a: P!nk|Moonblast|p1a: Iron Treads
|-resisted|p1a: Iron Treads
|-damage|p1a: Iron Treads|29/100
|
|-heal|p2a: P!nk|9/100|[from] item: Leftovers
|upkeep
|turn|2
|
|t:|1780931044
|move|p1a: Iron Treads|Rapid Spin|p2a: P!nk
|-damage|p2a: P!nk|0 fnt
|-boost|p1a: Iron Treads|spe|1
|faint|p2a: P!nk
|
|upkeep
|
|t:|1780931048
|switch|p2a: Jack|Samurott-Hisui, M, shiny|100/100
|turn|3
|
|t:|1780931051
|move|p2a: Jack|Aqua Jet|p1a: Iron Treads
|-supereffective|p1a: Iron Treads
|-damage|p1a: Iron Treads|0 fnt
|faint|p1a: Iron Treads
|-end|p1a: Iron Treads|Quark Drive|[silent]
|
|upkeep
|
|t:|1780931054
|switch|p1a: Kyurem|Kyurem|100/100
|-ability|p1a: Kyurem|Pressure
|turn|4
|
|t:|1780931061
|switch|p2a: Alchemist|Slowking-Galar, M|100/100
|move|p1a: Kyurem|Dragon Dance|p1a: Kyurem
|-boost|p1a: Kyurem|atk|1
|-boost|p1a: Kyurem|spe|1
|
|upkeep
|turn|5
|
|t:|1780931075
|move|p1a: Kyurem|Dragon Dance|p1a: Kyurem
|-boost|p1a: Kyurem|atk|1
|-boost|p1a: Kyurem|spe|1
|move|p2a: Alchemist|Sludge Bomb|p1a: Kyurem
|-damage|p1a: Kyurem|59/100
|-status|p1a: Kyurem|psn
|
|-damage|p1a: Kyurem|47/100 psn|[from] psn
|upkeep
|turn|6
|
|t:|1780931092
|switch|p2a: Jack|Samurott-Hisui, M, shiny|100/100
|move|p1a: Kyurem|Icicle Spear|p2a: Jack
|-resisted|p2a: Jack
|-damage|p2a: Jack|83/100
|-resisted|p2a: Jack
|-damage|p2a: Jack|66/100
|-hitcount|p2a: Jack|2
|
|-damage|p1a: Kyurem|34/100 psn|[from] psn
|upkeep
|turn|7
|
|t:|1780931100
|switch|p2a: Voyageur|Corviknight, F|100/100
|-ability|p2a: Voyageur|Pressure
|move|p1a: Kyurem|Freeze-Dry|p2a: Voyageur
|-damage|p2a: Voyageur|65/100
|
|-damage|p1a: Kyurem|22/100 psn|[from] psn
|upkeep
|turn|8
|
|t:|1780931113
|switch|p2a: Jack|Samurott-Hisui, M, shiny|66/100
|move|p1a: Kyurem|Icicle Spear|p2a: Jack
|-resisted|p2a: Jack
|-damage|p2a: Jack|51/100
|-resisted|p2a: Jack
|-damage|p2a: Jack|34/100
|-resisted|p2a: Jack
|-damage|p2a: Jack|17/100
|-hitcount|p2a: Jack|3
|
|-damage|p1a: Kyurem|10/100 psn|[from] psn
|upkeep
|turn|9
|
|t:|1780931119
|move|p2a: Jack|Aqua Jet|p1a: Kyurem
|-resisted|p1a: Kyurem
|-damage|p1a: Kyurem|0 fnt
|faint|p1a: Kyurem
|
|upkeep
|
|t:|1780931124
|switch|p1a: Iron Valiant|Iron Valiant|100/100
|-enditem|p1a: Iron Valiant|Booster Energy
|-activate|p1a: Iron Valiant|ability: Quark Drive|[fromitem]
|-start|p1a: Iron Valiant|quarkdrivespe
|turn|10
|
|t:|1780931126
|move|p1a: Iron Valiant|Knock Off|p2a: Jack
|-resisted|p2a: Jack
|-damage|p2a: Jack|0 fnt
|-enditem|p2a: Jack|Heavy-Duty Boots|[from] move: Knock Off|[of] p1a: Iron Valiant
|faint|p2a: Jack
|
|upkeep
|
|t:|1780931130
|switch|p2a: Alchemist|Slowking-Galar, M|100/100
|turn|11
|
|t:|1780931133
|-terastallize|p1a: Iron Valiant|Dark
|move|p1a: Iron Valiant|Knock Off|p2a: Alchemist
|-supereffective|p2a: Alchemist
|-damage|p2a: Alchemist|2/100
|-enditem|p2a: Alchemist|Assault Vest|[from] move: Knock Off|[of] p1a: Iron Valiant
|move|p2a: Alchemist|Sludge Bomb|p1a: Iron Valiant
|-damage|p1a: Iron Valiant|29/100
|
|upkeep
|turn|12
|
|t:|1780931144
|move|p1a: Iron Valiant|Ice Punch|p2a: Alchemist
|-damage|p2a: Alchemist|0 fnt
|faint|p2a: Alchemist
|
|upkeep
|
|t:|1780931154
|switch|p2a: Loxodonta|Great Tusk|100/100
|turn|13
|
|t:|1780931158
|move|p1a: Iron Valiant|Ice Punch|p2a: Loxodonta
|-supereffective|p2a: Loxodonta
|-damage|p2a: Loxodonta|61/100
|move|p2a: Loxodonta|Headlong Rush|p1a: Iron Valiant
|-damage|p1a: Iron Valiant|0 fnt
|-unboost|p2a: Loxodonta|def|1
|-unboost|p2a: Loxodonta|spd|1
|faint|p1a: Iron Valiant
|-end|p1a: Iron Valiant|Quark Drive|[silent]
|
|-heal|p2a: Loxodonta|67/100|[from] item: Leftovers
|upkeep
|
|t:|1780931165
|switch|p1a: Darkrai|Darkrai|100/100
|turn|14
|
|t:|1780931173
|-end|p2a: Loxodonta|Protosynthesis|[silent]
|switch|p2a: Voyageur|Corviknight, F|65/100
|-ability|p2a: Voyageur|Pressure
|move|p1a: Darkrai|Ice Beam|p2a: Voyageur
|-damage|p2a: Voyageur|36/100
|
|upkeep
|turn|15
|
|t:|1780931178
|move|p1a: Darkrai|Nasty Plot|p1a: Darkrai
|-boost|p1a: Darkrai|spa|2
|move|p2a: Voyageur|Roost|p2a: Voyageur
|-heal|p2a: Voyageur|86/100
|-singleturn|p2a: Voyageur|move: Roost
|
|upkeep
|turn|16
|
|t:|1780931181
|move|p1a: Darkrai|Dark Pulse|p2a: Voyageur
|-damage|p2a: Voyageur|0 fnt
|faint|p2a: Voyageur
|
|upkeep
|
|t:|1780931184
|switch|p2a: Bull's-eye|Dragapult, F, shiny|100/100
|turn|17
|
|t:|1780931187
|move|p2a: Bull's-eye|Draco Meteor|p1a: Darkrai
|-damage|p1a: Darkrai|0 fnt
|-unboost|p2a: Bull's-eye|spa|2
|faint|p1a: Darkrai
|
|upkeep
|
|t:|1780931191
|switch|p1a: Deoxys|Deoxys-Speed|100/100
|-ability|p1a: Deoxys|Pressure
|turn|18
|
|t:|1780931195
|move|p1a: Deoxys|Ice Beam|p2a: Bull's-eye
|-supereffective|p2a: Bull's-eye
|-damage|p2a: Bull's-eye|0 fnt
|faint|p2a: Bull's-eye
|-damage|p1a: Deoxys|91/100|[from] item: Life Orb
|
|upkeep
|
|t:|1780931198
|switch|p2a: Loxodonta|Great Tusk|67/100
|turn|19
|
|t:|1780931202
|-terastallize|p2a: Loxodonta|Steel
|move|p1a: Deoxys|Ice Beam|p2a: Loxodonta
|-resisted|p2a: Loxodonta
|-damage|p2a: Loxodonta|41/100
|-damage|p1a: Deoxys|81/100|[from] item: Life Orb
|move|p2a: Loxodonta|Headlong Rush|p1a: Deoxys
|-damage|p1a: Deoxys|0 fnt
|-unboost|p2a: Loxodonta|def|1
|-unboost|p2a: Loxodonta|spd|1
|faint|p1a: Deoxys
|
|-heal|p2a: Loxodonta|47/100|[from] item: Leftovers
|upkeep
|
|t:|1780931204
|switch|p1a: Dragonite|Dragonite, F|100/100
|turn|20
|
|t:|1780931207
|move|p2a: Loxodonta|Rapid Spin|p1a: Dragonite
|-damage|p1a: Dragonite|91/100
|-boost|p2a: Loxodonta|spe|1
|move|p1a: Dragonite|Earthquake|p2a: Loxodonta
|-supereffective|p2a: Loxodonta
|-damage|p2a: Loxodonta|0 fnt
|faint|p2a: Loxodonta
|-end|p2a: Loxodonta|Protosynthesis|[silent]
|
|win|EtnaArmpits
|raw|EtnaArmpits's rating: 1610 &rarr; <strong>1634</strong><br />(+24 for winning)
|raw|juli&lt;33's rating: 1681 &rarr; <strong>1657</strong><br />(-24 for losing)
|c|☆EtnaArmpits|gg
|l|☆juli<33
|player|p2|
|l|☆EtnaArmpits
|player|p1|
