|j|☆hat_fm
|j|☆anamchara
|t:|1781217369
|gametype|singles
|player|p1|hat_fm|pilot|1493
|player|p2|anamchara|265|1561
|gen|9
|tier|[Gen 9] OU
|rated|
|rule|HP Percentage Mod: HP is shown in percentages
|rule|Endless Battle Clause: Forcing endless battles is banned
|rule|Species Clause: Limit one of each Pokémon
|rule|OHKO Clause: OHKO moves are banned
|rule|Evasion Items Clause: Evasion items are banned
|rule|Evasion Moves Clause: Evasion moves are banned
|rule|Evasion Abilities Clause: Evasion abilities are banned
|rule|Sleep Moves Clause: Sleep-inducing moves are banned
|clearpoke
|poke|p1|Zamazenta-*|
|poke|p1|Ceruledge, M|
|poke|p1|Scizor, M|
|poke|p1|Donphan, F|
|poke|p1|Lycanroc-Dusk, M|
|poke|p1|Florges, F|
|poke|p2|Slowking-Galar, M|
|poke|p2|Meowscarada, M|
|poke|p2|Iron Valiant|
|poke|p2|Ogerpon-Wellspring, F|
|poke|p2|Glimmora, F|
|poke|p2|Dragapult, M|
|teampreview
|
|t:|1781217379
|teamsize|p1|6
|teamsize|p2|6
|start
|switch|p1a: Donphan|Donphan, F|100/100
|switch|p2a: Meowscarada|Meowscarada, M|100/100
|turn|1
|
|t:|1781217385
|move|p2a: Meowscarada|U-turn|p1a: Donphan
|-start|p2a: Meowscarada|typechange|Bug|[from] ability: Protean
|-damage|p1a: Donphan|83/100
|-damage|p2a: Meowscarada|84/100|[from] item: Rocky Helmet|[of] p1a: Donphan
|
|t:|1781217387
|switch|p2a: Ogerpon|Ogerpon-Wellspring, F|100/100|[from] U-turn
|move|p1a: Donphan|Stealth Rock|p2a: Ogerpon
|-sidestart|p2: anamchara|move: Stealth Rock
|
|upkeep
|turn|2
|
|t:|1781217394
|move|p2a: Ogerpon|Trailblaze|p1a: Donphan
|-supereffective|p1a: Donphan
|-damage|p1a: Donphan|46/100
|-boost|p2a: Ogerpon|spe|1
|-damage|p2a: Ogerpon|84/100|[from] item: Rocky Helmet|[of] p1a: Donphan
|move|p1a: Donphan|Earthquake|p2a: Ogerpon
|-resisted|p2a: Ogerpon
|-damage|p2a: Ogerpon|57/100
|
|upkeep
|turn|3
|inactive|Battle timer is ON: inactive players will automatically lose when time's up. (requested by anamchara)
|
|t:|1781217403
|move|p2a: Ogerpon|Horn Leech|p1a: Donphan
|-supereffective|p1a: Donphan
|-damage|p1a: Donphan|0 fnt
|-heal|p2a: Ogerpon|86/100|[from] drain|[of] p1a: Donphan
|-damage|p2a: Ogerpon|69/100|[from] item: Rocky Helmet|[of] p1a: Donphan
|faint|p1a: Donphan
|
|upkeep
|
|t:|1781217408
|switch|p1a: Ceruledge|Ceruledge, M|100/100
|turn|4
|
|t:|1781217413
|move|p2a: Ogerpon|Trailblaze|p1a: Ceruledge
|-resisted|p1a: Ceruledge
|-damage|p1a: Ceruledge|76/100
|-boost|p2a: Ogerpon|spe|1
|-ability|p1a: Ceruledge|Weak Armor|boost
|-unboost|p1a: Ceruledge|def|1
|-boost|p1a: Ceruledge|spe|2
|move|p1a: Ceruledge|Swords Dance|p1a: Ceruledge
|-boost|p1a: Ceruledge|atk|2
|
|upkeep
|turn|5
|
|t:|1781217431
|-terastallize|p1a: Ceruledge|Ghost
|move|p1a: Ceruledge|Shadow Sneak|p2a: Ogerpon
|-damage|p2a: Ogerpon|0 fnt
|faint|p2a: Ogerpon
|
|upkeep
|
|t:|1781217437
|switch|p2a: Meowscarada|Meowscarada, M|84/100
|-damage|p2a: Meowscarada|72/100|[from] Stealth Rock
|turn|6
|
|t:|1781217447
|move|p1a: Ceruledge|Shadow Sneak|p2a: Meowscarada
|-resisted|p2a: Meowscarada
|-damage|p2a: Meowscarada|30/100
|move|p2a: Meowscarada|Knock Off|p1a: Ceruledge
|-start|p2a: Meowscarada|typechange|Dark|[from] ability: Protean
|-supereffective|p1a: Ceruledge
|-damage|p1a: Ceruledge|0 fnt
|-enditem|p1a: Ceruledge|Focus Sash|[from] move: Knock Off|[of] p2a: Meowscarada
|faint|p1a: Ceruledge
|
|upkeep
|
|t:|1781217467
|switch|p1a: Scizor|Scizor, M|100/100
|turn|7
|
|t:|1781217476
|switch|p2a: Glimmora|Glimmora, F|100/100
|-damage|p2a: Glimmora|88/100|[from] Stealth Rock
|move|p1a: Scizor|Swords Dance|p1a: Scizor
|-boost|p1a: Scizor|atk|2
|
|upkeep
|turn|8
|
|t:|1781217487
|-terastallize|p2a: Glimmora|Grass
|move|p1a: Scizor|Bullet Punch|p2a: Glimmora
|-damage|p2a: Glimmora|0 fnt
|-activate|p2a: Glimmora|ability: Toxic Debris
|-sidestart|p1: hat_fm|move: Toxic Spikes
|faint|p2a: Glimmora
|-damage|p1a: Scizor|91/100|[from] item: Life Orb
|
|upkeep
|
|t:|1781217496
|switch|p2a: Dragapult|Dragapult, M|100/100
|-damage|p2a: Dragapult|88/100|[from] Stealth Rock
|turn|9
|
|t:|1781217501
|move|p1a: Scizor|Bullet Punch|p2a: Dragapult
|-damage|p2a: Dragapult|0 fnt
|faint|p2a: Dragapult
|-damage|p1a: Scizor|81/100|[from] item: Life Orb
|
|upkeep
|-message|anamchara forfeited.
|
|win|hat_fm
|raw|hat_fm's rating: 1493 &rarr; <strong>1518</strong><br />(+25 for winning)
|raw|anamchara's rating: 1575 &rarr; <strong>1550</strong><br />(-25 for losing)
|l|☆anamchara
|player|p2|
|l|☆hat_fm
|player|p1|
