|j|☆lunachili
|j|☆juli<33
|t:|1780936302
|gametype|singles
|player|p1|lunachili|clown|1661
|player|p2|juli<33|caitlin-masters|1727
|gen|9
|tier|[Gen 9] OU
|rated|
|rule|HP Percentage Mod: HP is shown in percentages
|rule|Endless Battle Clause: Forcing endless battles is banned
|rule|Species Clause: Limit one of each Pokémon
|rule|OHKO Clause: OHKO moves are banned
|rule|Evasion Items Clause: Evasion items are banned
|rule|Evasion Moves Clause: Evasion moves are banned
|rule|Evasion Abilities Clause: Evasion abilities are banned
|rule|Sleep Moves Clause: Sleep-inducing moves are banned
|clearpoke
|poke|p1|Alomomola, F|
|poke|p1|Slowking-Galar, F|
|poke|p1|Kingambit, F|
|poke|p1|Great Tusk|
|poke|p1|Cinderace, F|
|poke|p1|Raging Bolt|
|poke|p2|Great Tusk|
|poke|p2|Slowking-Galar, M|
|poke|p2|Corviknight, F|
|poke|p2|Clefable, F|
|poke|p2|Samurott-Hisui, M|
|poke|p2|Dragapult, F|
|teampreview
|inactive|Battle timer is ON: inactive players will automatically lose when time's up. (requested by juli<33)
|inactive|lunachili also wants the timer to be on.
|j| SilverDE
|
|t:|1780936316
|teamsize|p1|6
|teamsize|p2|6
|start
|switch|p1a: Cinderace|Cinderace, F|100/100
|switch|p2a: Bull's-eye|Dragapult, F, shiny|100/100
|turn|1
|
|t:|1780936324
|switch|p2a: P!nk|Clefable, F|100/100
|move|p1a: Cinderace|Will-O-Wisp|p2a: P!nk
|-status|p2a: P!nk|brn
|
|upkeep
|turn|2
|
|t:|1780936335
|move|p1a: Cinderace|Pyro Ball|p2a: P!nk
|-damage|p2a: P!nk|59/100 brn
|move|p2a: P!nk|Knock Off|p1a: Cinderace
|-damage|p1a: Cinderace|90/100
|-enditem|p1a: Cinderace|Heavy-Duty Boots|[from] move: Knock Off|[of] p2a: P!nk
|
|-heal|p2a: P!nk|65/100 brn|[from] item: Leftovers
|upkeep
|turn|3
|l| SilverDE
|
|t:|1780936344
|move|p1a: Cinderace|U-turn|p2a: P!nk
|-start|p1a: Cinderace|typechange|Bug|[from] ability: Libero
|-resisted|p2a: P!nk
|-damage|p2a: P!nk|53/100 brn
|
|t:|1780936349
|switch|p1a: Slowking|Slowking-Galar, F|100/100|[from] U-turn
|move|p2a: P!nk|Moonlight|p2a: P!nk
|-heal|p2a: P!nk|100/100 brn
|
|upkeep
|turn|4
|
|t:|1780936359
|switch|p2a: Jack|Samurott-Hisui, M, shiny|100/100
|move|p1a: Slowking|Thunder Wave|p2a: Jack
|-status|p2a: Jack|par
|
|upkeep
|turn|5
|
|t:|1780936374
|switch|p1a: Cinderace|Cinderace, F|90/100
|move|p2a: Jack|Knock Off|p1a: Cinderace
|-damage|p1a: Cinderace|45/100
|
|upkeep
|turn|6
|
|t:|1780936385
|move|p2a: Jack|Aqua Jet|p1a: Cinderace
|-supereffective|p1a: Cinderace
|-damage|p1a: Cinderace|0 fnt
|faint|p1a: Cinderace
|
|upkeep
|
|t:|1780936389
|switch|p1a: Raging Bolt|Raging Bolt|100/100
|turn|7
|
|t:|1780936393
|switch|p2a: Alchemist|Slowking-Galar, M|100/100
|move|p1a: Raging Bolt|Thunderbolt|p2a: Alchemist
|-damage|p2a: Alchemist|74/100
|
|upkeep
|turn|8
|
|t:|1780936405
|move|p1a: Raging Bolt|Calm Mind|p1a: Raging Bolt
|-boost|p1a: Raging Bolt|spa|1
|-boost|p1a: Raging Bolt|spd|1
|move|p2a: Alchemist|Flamethrower|p1a: Raging Bolt
|-resisted|p1a: Raging Bolt
|-damage|p1a: Raging Bolt|93/100
|
|-heal|p1a: Raging Bolt|99/100|[from] item: Leftovers
|upkeep
|turn|9
|
|t:|1780936415
|move|p1a: Raging Bolt|Thunderbolt|p2a: Alchemist
|-crit|p2a: Alchemist
|-damage|p2a: Alchemist|14/100
|move|p2a: Alchemist|Sludge Bomb|p1a: Raging Bolt
|-damage|p1a: Raging Bolt|76/100
|
|-heal|p1a: Raging Bolt|82/100|[from] item: Leftovers
|upkeep
|turn|10
|
|t:|1780936426
|switch|p2a: P!nk|Clefable, F|100/100 brn
|move|p1a: Raging Bolt|Draco Meteor|p2a: P!nk
|-immune|p2a: P!nk
|
|-heal|p1a: Raging Bolt|89/100|[from] item: Leftovers
|upkeep
|turn|11
|
|t:|1780936433
|switch|p2a: Loxodonta|Great Tusk|100/100
|move|p1a: Raging Bolt|Calm Mind|p1a: Raging Bolt
|-boost|p1a: Raging Bolt|spa|1
|-boost|p1a: Raging Bolt|spd|1
|
|-heal|p1a: Raging Bolt|95/100|[from] item: Leftovers
|upkeep
|turn|12
|
|t:|1780936441
|-terastallize|p1a: Raging Bolt|Bug
|move|p2a: Loxodonta|Headlong Rush|p1a: Raging Bolt
|-resisted|p1a: Raging Bolt
|-damage|p1a: Raging Bolt|69/100
|-unboost|p2a: Loxodonta|def|1
|-unboost|p2a: Loxodonta|spd|1
|move|p1a: Raging Bolt|Draco Meteor|p2a: Loxodonta
|-damage|p2a: Loxodonta|0 fnt
|-unboost|p1a: Raging Bolt|spa|2
|faint|p2a: Loxodonta
|-end|p2a: Loxodonta|Protosynthesis|[silent]
|
|-heal|p1a: Raging Bolt|76/100|[from] item: Leftovers
|upkeep
|
|t:|1780936449
|switch|p2a: Bull's-eye|Dragapult, F, shiny|100/100
|turn|13
|
|t:|1780936454
|-terastallize|p2a: Bull's-eye|Ghost
|move|p2a: Bull's-eye|Shadow Ball|p1a: Raging Bolt
|-damage|p1a: Raging Bolt|45/100
|move|p1a: Raging Bolt|Draco Meteor|p2a: Bull's-eye
|-damage|p2a: Bull's-eye|3/100
|-unboost|p1a: Raging Bolt|spa|2
|
|-heal|p1a: Raging Bolt|51/100|[from] item: Leftovers
|upkeep
|turn|14
|
|t:|1780936470
|switch|p2a: P!nk|Clefable, F|100/100 brn
|move|p1a: Raging Bolt|Thunderclap||[still]
|-fail|p1a: Raging Bolt
|
|-heal|p1a: Raging Bolt|58/100|[from] item: Leftovers
|upkeep
|turn|15
|
|t:|1780936477
|move|p1a: Raging Bolt|Calm Mind|p1a: Raging Bolt
|-boost|p1a: Raging Bolt|spa|1
|-boost|p1a: Raging Bolt|spd|1
|move|p2a: P!nk|Knock Off|p1a: Raging Bolt
|-damage|p1a: Raging Bolt|51/100
|-enditem|p1a: Raging Bolt|Leftovers|[from] move: Knock Off|[of] p2a: P!nk
|
|upkeep
|turn|16
|
|t:|1780936484
|move|p1a: Raging Bolt|Calm Mind|p1a: Raging Bolt
|-boost|p1a: Raging Bolt|spa|1
|-boost|p1a: Raging Bolt|spd|1
|move|p2a: P!nk|Moonblast|p1a: Raging Bolt
|-damage|p1a: Raging Bolt|43/100
|
|upkeep
|turn|17
|
|t:|1780936490
|move|p1a: Raging Bolt|Thunderbolt|p2a: P!nk
|-damage|p2a: P!nk|46/100 brn
|move|p2a: P!nk|Moonblast|p1a: Raging Bolt
|-damage|p1a: Raging Bolt|34/100
|-unboost|p1a: Raging Bolt|spa|1
|
|-heal|p2a: P!nk|53/100 brn|[from] item: Leftovers
|upkeep
|turn|18
|
|t:|1780936498
|move|p1a: Raging Bolt|Calm Mind|p1a: Raging Bolt
|-boost|p1a: Raging Bolt|spa|1
|-boost|p1a: Raging Bolt|spd|1
|move|p2a: P!nk|Moonblast|p1a: Raging Bolt
|-crit|p1a: Raging Bolt
|-damage|p1a: Raging Bolt|0 fnt
|faint|p1a: Raging Bolt
|-end|p1a: Raging Bolt|Protosynthesis|[silent]
|
|-heal|p2a: P!nk|59/100 brn|[from] item: Leftovers
|upkeep
|
|t:|1780936511
|switch|p1a: Slowking|Slowking-Galar, F|100/100
|turn|19
|
|t:|1780936516
|switch|p2a: Jack|Samurott-Hisui, M, shiny|100/100 par
|move|p1a: Slowking|Sludge Bomb|p2a: Jack
|-damage|p2a: Jack|54/100 par
|
|upkeep
|turn|20
|
|t:|1780936522
|switch|p1a: Great Tusk|Great Tusk|100/100
|move|p2a: Jack|Ceaseless Edge|p1a: Great Tusk
|-resisted|p1a: Great Tusk
|-damage|p1a: Great Tusk|85/100
|-damage|p2a: Jack|38/100 par|[from] item: Rocky Helmet|[of] p1a: Great Tusk
|-sidestart|p1: lunachili|Spikes
|
|upkeep
|turn|21
|
|t:|1780936534
|move|p1a: Great Tusk|Stealth Rock|p2a: Jack
|-sidestart|p2: juli<33|move: Stealth Rock
|move|p2a: Jack|Aqua Cutter|p1a: Great Tusk
|-supereffective|p1a: Great Tusk
|-damage|p1a: Great Tusk|11/100
|
|upkeep
|turn|22
|
|t:|1780936540
|move|p2a: Jack|Aqua Jet|p1a: Great Tusk
|-supereffective|p1a: Great Tusk
|-damage|p1a: Great Tusk|0 fnt
|-damage|p2a: Jack|22/100 par|[from] item: Rocky Helmet|[of] p1a: Great Tusk
|faint|p1a: Great Tusk
|-end|p1a: Great Tusk|Protosynthesis|[silent]
|
|upkeep
|
|t:|1780936548
|switch|p1a: Kingambit|Kingambit, F|100/100
|-damage|p1a: Kingambit|88/100|[from] Spikes
|-activate|p1a: Kingambit|ability: Supreme Overlord
|-start|p1a: Kingambit|fallen3|[silent]
|turn|23
|
|t:|1780936555
|move|p1a: Kingambit|Swords Dance|p1a: Kingambit
|-boost|p1a: Kingambit|atk|2
|move|p2a: Jack|Knock Off|p1a: Kingambit
|-resisted|p1a: Kingambit
|-damage|p1a: Kingambit|73/100
|-enditem|p1a: Kingambit|Leftovers|[from] move: Knock Off|[of] p2a: Jack
|
|upkeep
|turn|24
|
|t:|1780936561
|move|p1a: Kingambit|Swords Dance|p1a: Kingambit
|-boost|p1a: Kingambit|atk|2
|move|p2a: Jack|Aqua Cutter|p1a: Kingambit
|-damage|p1a: Kingambit|40/100
|
|upkeep
|turn|25
|
|t:|1780936568
|move|p2a: Jack|Aqua Jet|p1a: Kingambit
|-damage|p1a: Kingambit|28/100
|move|p1a: Kingambit|Kowtow Cleave|p2a: Jack
|-resisted|p2a: Jack
|-damage|p2a: Jack|0 fnt
|faint|p2a: Jack
|
|upkeep
|
|t:|1780936575
|switch|p2a: Voyageur|Corviknight, F|100/100
|-damage|p2a: Voyageur|88/100|[from] Stealth Rock
|-ability|p2a: Voyageur|Pressure
|turn|26
|
|t:|1780936582
|move|p1a: Kingambit|Kowtow Cleave|p2a: Voyageur
|-crit|p2a: Voyageur
|-damage|p2a: Voyageur|0 fnt
|-damage|p1a: Kingambit|12/100|[from] item: Rocky Helmet|[of] p2a: Voyageur
|faint|p2a: Voyageur
|
|upkeep
|
|t:|1780936586
|switch|p2a: P!nk|Clefable, F|59/100 brn
|turn|27
|
|t:|1780936592
|move|p1a: Kingambit|Sucker Punch|p2a: P!nk
|-resisted|p2a: P!nk
|-damage|p2a: P!nk|0 fnt
|faint|p2a: P!nk
|
|upkeep
|-message|juli<33 forfeited.
|
|win|lunachili
|raw|lunachili's rating: 1661 &rarr; <strong>1685</strong><br />(+24 for winning)
|raw|juli&lt;33's rating: 1727 &rarr; <strong>1703</strong><br />(-24 for losing)
|l|☆juli<33
|player|p2|
|l|☆lunachili
|player|p1|
