|j|☆razerblake
|j|☆Roseofrosarade
|t:|1781411536
|gametype|singles
|player|p1|razerblake|tuberf|1489
|player|p2|Roseofrosarade|266|1665
|gen|9
|tier|[Gen 9] OU
|rated|
|rule|HP Percentage Mod: HP is shown in percentages
|rule|Endless Battle Clause: Forcing endless battles is banned
|rule|Species Clause: Limit one of each Pokémon
|rule|OHKO Clause: OHKO moves are banned
|rule|Evasion Items Clause: Evasion items are banned
|rule|Evasion Moves Clause: Evasion moves are banned
|rule|Evasion Abilities Clause: Evasion abilities are banned
|rule|Sleep Moves Clause: Sleep-inducing moves are banned
|clearpoke
|poke|p1|Hawlucha, F|
|poke|p1|Samurott-Hisui, F|
|poke|p1|Rillaboom, F|
|poke|p1|Gholdengo|
|poke|p1|Kyurem|
|poke|p1|Landorus-Therian, M|
|poke|p2|Umbreon, F|
|poke|p2|Sinistcha|
|poke|p2|Iron Treads|
|poke|p2|Slowking, M|
|poke|p2|Tornadus-Therian, M|
|poke|p2|Zamazenta-*|
|teampreview
|inactive|Battle timer is ON: inactive players will automatically lose when time's up. (requested by razerblake)
|
|t:|1781411561
|teamsize|p1|6
|teamsize|p2|6
|start
|switch|p1a: Gholdengo|Gholdengo|100/100
|switch|p2a: Tornadus|Tornadus-Therian, M|100/100
|turn|1
|
|t:|1781411580
|move|p1a: Gholdengo|Trick|p2a: Tornadus
|-activate|p1a: Gholdengo|move: Trick|[of] p2a: Tornadus
|-item|p2a: Tornadus|Choice Scarf|[from] move: Trick
|-item|p1a: Gholdengo|Choice Specs|[from] move: Trick
|move|p2a: Tornadus|Heat Wave|p1a: Gholdengo
|-supereffective|p1a: Gholdengo
|-damage|p1a: Gholdengo|33/100
|
|upkeep
|turn|2
|
|t:|1781411588
|switch|p1a: Samurott|Samurott-Hisui, F|100/100
|move|p2a: Tornadus|Heat Wave|p1a: Samurott
|-resisted|p1a: Samurott
|-damage|p1a: Samurott|91/100
|
|upkeep
|turn|3
|
|t:|1781411592
|switch|p2a: Umbreon|Umbreon, F|100/100
|move|p1a: Samurott|Ceaseless Edge|p2a: Umbreon
|-resisted|p2a: Umbreon
|-crit|p2a: Umbreon
|-damage|p2a: Umbreon|84/100
|-sidestart|p2: Roseofrosarade|Spikes
|
|-heal|p2a: Umbreon|90/100|[from] item: Leftovers
|upkeep
|turn|4
|
|t:|1781411597
|switch|p1a: Gholdengo|Gholdengo|33/100
|move|p2a: Umbreon|Toxic|p1a: Gholdengo
|-immune|p1a: Gholdengo|[from] ability: Good as Gold
|
|-heal|p2a: Umbreon|96/100|[from] item: Leftovers
|upkeep
|turn|5
|
|t:|1781411599
|move|p2a: Umbreon|Protect|p2a: Umbreon
|-singleturn|p2a: Umbreon|Protect
|move|p1a: Gholdengo|Trick|p2a: Umbreon
|-activate|p2a: Umbreon|move: Protect
|
|-heal|p2a: Umbreon|100/100|[from] item: Leftovers
|upkeep
|turn|6
|
|t:|1781411605
|switch|p1a: Samurott|Samurott-Hisui, F|91/100
|switch|p2a: Tornadus|Tornadus-Therian, M|100/100
|
|upkeep
|turn|7
|
|t:|1781411609
|move|p2a: Tornadus|Focus Blast|p1a: Samurott
|-supereffective|p1a: Samurott
|-damage|p1a: Samurott|42/100
|move|p1a: Samurott|Ceaseless Edge|p2a: Tornadus
|-damage|p2a: Tornadus|49/100
|-sidestart|p2: Roseofrosarade|Spikes
|
|upkeep
|turn|8
|
|t:|1781411615
|switch|p2a: Umbreon|Umbreon, F|100/100
|-damage|p2a: Umbreon|84/100|[from] Spikes
|switch|p1a: Gholdengo|Gholdengo|33/100
|
|-heal|p2a: Umbreon|90/100|[from] item: Leftovers
|upkeep
|turn|9
|
|t:|1781411618
|move|p1a: Gholdengo|Recover|p1a: Gholdengo
|-heal|p1a: Gholdengo|83/100
|move|p2a: Umbreon|Foul Play|p1a: Gholdengo
|-supereffective|p1a: Gholdengo
|-damage|p1a: Gholdengo|49/100
|
|-heal|p2a: Umbreon|96/100|[from] item: Leftovers
|upkeep
|turn|10
|
|t:|1781411622
|switch|p1a: Samurott|Samurott-Hisui, F|42/100
|move|p2a: Umbreon|Foul Play|p1a: Samurott
|-resisted|p1a: Samurott
|-damage|p1a: Samurott|17/100
|
|-heal|p2a: Umbreon|100/100|[from] item: Leftovers
|upkeep
|turn|11
|
|t:|1781411626
|move|p1a: Samurott|Ceaseless Edge|p2a: Umbreon
|-resisted|p2a: Umbreon
|-damage|p2a: Umbreon|88/100
|-sidestart|p2: Roseofrosarade|Spikes
|move|p2a: Umbreon|Foul Play|p1a: Samurott
|-resisted|p1a: Samurott
|-damage|p1a: Samurott|0 fnt
|faint|p1a: Samurott
|
|-heal|p2a: Umbreon|94/100|[from] item: Leftovers
|upkeep
|
|t:|1781411631
|switch|p1a: Landorus|Landorus-Therian, M|100/100
|-ability|p1a: Landorus|Intimidate|boost
|-fail|p2a: Umbreon|unboost|Attack|[from] ability: Inner Focus|[of] p2a: Umbreon
|turn|12
|
|t:|1781411636
|move|p1a: Landorus|Taunt|p2a: Umbreon
|-start|p2a: Umbreon|move: Taunt
|move|p2a: Umbreon|Foul Play|p1a: Landorus
|-damage|p1a: Landorus|62/100
|-damage|p2a: Umbreon|78/100|[from] item: Rocky Helmet|[of] p1a: Landorus
|
|-heal|p2a: Umbreon|84/100|[from] item: Leftovers
|upkeep
|turn|13
|
|t:|1781411644
|switch|p1a: Kyurem|Kyurem|100/100
|-ability|p1a: Kyurem|Pressure
|move|p2a: Umbreon|Foul Play|p1a: Kyurem
|-damage|p1a: Kyurem|68/100
|
|-heal|p2a: Umbreon|90/100|[from] item: Leftovers
|upkeep
|turn|14
|
|t:|1781411648
|move|p1a: Kyurem|Ice Beam|p2a: Umbreon
|-damage|p2a: Umbreon|55/100
|move|p2a: Umbreon|Foul Play|p1a: Kyurem
|-damage|p1a: Kyurem|36/100
|
|-heal|p2a: Umbreon|61/100|[from] item: Leftovers
|-end|p2a: Umbreon|move: Taunt
|upkeep
|turn|15
|
|t:|1781411654
|move|p1a: Kyurem|Ice Beam|p2a: Umbreon
|-damage|p2a: Umbreon|28/100
|move|p2a: Umbreon|Wish|p2a: Umbreon
|
|-heal|p2a: Umbreon|34/100|[from] item: Leftovers
|upkeep
|turn|16
|
|t:|1781411657
|move|p2a: Umbreon|Protect|p2a: Umbreon
|-singleturn|p2a: Umbreon|Protect
|move|p1a: Kyurem|Focus Blast|p2a: Umbreon
|-activate|p2a: Umbreon|move: Protect
|
|-heal|p2a: Umbreon|84/100|[from] move: Wish|[wisher] Umbreon
|-heal|p2a: Umbreon|90/100|[from] item: Leftovers
|upkeep
|turn|17
|
|t:|1781411661
|move|p1a: Kyurem|Focus Blast|p2a: Umbreon
|-supereffective|p2a: Umbreon
|-damage|p2a: Umbreon|34/100
|move|p2a: Umbreon|Foul Play|p1a: Kyurem
|-damage|p1a: Kyurem|4/100
|
|-heal|p2a: Umbreon|40/100|[from] item: Leftovers
|upkeep
|turn|18
|
|t:|1781411666
|move|p2a: Umbreon|Protect|p2a: Umbreon
|-singleturn|p2a: Umbreon|Protect
|move|p1a: Kyurem|Focus Blast|p2a: Umbreon
|-activate|p2a: Umbreon|move: Protect
|
|-heal|p2a: Umbreon|46/100|[from] item: Leftovers
|upkeep
|turn|19
|
|t:|1781411669
|move|p1a: Kyurem|Focus Blast|p2a: Umbreon
|-supereffective|p2a: Umbreon
|-damage|p2a: Umbreon|0 fnt
|faint|p2a: Umbreon
|
|upkeep
|
|t:|1781411673
|switch|p2a: Tornadus|Tornadus-Therian, M|83/100
|turn|20
|
|t:|1781411677
|move|p2a: Tornadus|Heat Wave|p1a: Kyurem
|-damage|p1a: Kyurem|0 fnt
|faint|p1a: Kyurem
|
|upkeep
|
|t:|1781411678
|switch|p1a: Landorus|Landorus-Therian, M|62/100
|-ability|p1a: Landorus|Intimidate|boost
|-unboost|p2a: Tornadus|atk|1
|turn|21
|
|t:|1781411683
|move|p2a: Tornadus|Heat Wave|p1a: Landorus
|-damage|p1a: Landorus|33/100
|move|p1a: Landorus|Stealth Rock|p2a: Tornadus
|-sidestart|p2: Roseofrosarade|move: Stealth Rock
|
|upkeep
|turn|22
|
|t:|1781411693
|switch|p2a: Sinistcha|Sinistcha|100/100
|move|p1a: Landorus|U-turn|p2a: Sinistcha
|-damage|p2a: Sinistcha|86/100
|
|t:|1781411697
|switch|p1a: Gholdengo|Gholdengo|49/100|[from] U-turn
|
|upkeep
|turn|23
|
|t:|1781411703
|switch|p2a: Iron Treads|Iron Treads|100/100
|-damage|p2a: Iron Treads|75/100|[from] Spikes
|-damage|p2a: Iron Treads|72/100|[from] Stealth Rock
|move|p1a: Gholdengo|Trick|p2a: Iron Treads
|-activate|p1a: Gholdengo|move: Trick|[of] p2a: Iron Treads
|-item|p2a: Iron Treads|Choice Specs|[from] move: Trick
|-item|p1a: Gholdengo|Leftovers|[from] move: Trick
|
|-heal|p1a: Gholdengo|55/100|[from] item: Leftovers
|upkeep
|turn|24
|
|t:|1781411713
|switch|p1a: Landorus|Landorus-Therian, M|33/100
|-ability|p1a: Landorus|Intimidate|boost
|-unboost|p2a: Iron Treads|atk|1
|move|p2a: Iron Treads|Knock Off|p1a: Landorus
|-damage|p1a: Landorus|13/100
|-damage|p2a: Iron Treads|56/100|[from] item: Rocky Helmet|[of] p1a: Landorus
|-enditem|p1a: Landorus|Rocky Helmet|[from] move: Knock Off|[of] p2a: Iron Treads
|
|upkeep
|turn|25
|
|t:|1781411717
|move|p1a: Landorus|Earth Power|p2a: Iron Treads
|-supereffective|p2a: Iron Treads
|-damage|p2a: Iron Treads|0 fnt
|faint|p2a: Iron Treads
|-end|p2a: Iron Treads|Quark Drive|[silent]
|
|upkeep
|
|t:|1781411721
|switch|p2a: Sinistcha|Sinistcha|86/100
|turn|26
|
|t:|1781411742
|move|p1a: Landorus|Taunt|p2a: Sinistcha
|-start|p2a: Sinistcha|move: Taunt
|move|p2a: Sinistcha|Shadow Ball|p1a: Landorus
|-damage|p1a: Landorus|0 fnt
|faint|p1a: Landorus
|
|upkeep
|
|t:|1781411745
|switch|p1a: Gholdengo|Gholdengo|55/100
|turn|27
|
|t:|1781411750
|move|p1a: Gholdengo|Shadow Ball|p2a: Sinistcha
|-supereffective|p2a: Sinistcha
|-damage|p2a: Sinistcha|0 fnt
|faint|p2a: Sinistcha
|
|-heal|p1a: Gholdengo|61/100|[from] item: Leftovers
|upkeep
|
|t:|1781411755
|switch|p2a: Tornadus|Tornadus-Therian, M|100/100
|-damage|p2a: Tornadus|75/100|[from] Stealth Rock
|turn|28
|
|t:|1781411761
|move|p2a: Tornadus|Heat Wave|p1a: Gholdengo
|-supereffective|p1a: Gholdengo
|-damage|p1a: Gholdengo|0 fnt
|faint|p1a: Gholdengo
|
|upkeep
|
|t:|1781411763
|switch|p1a: Rillaboom|Rillaboom, F|100/100
|-fieldstart|move: Grassy Terrain|[from] ability: Grassy Surge|[of] p1a: Rillaboom
|turn|29
|
|t:|1781411765
|move|p2a: Tornadus|Heat Wave|p1a: Rillaboom|[miss]
|-miss|p2a: Tornadus|p1a: Rillaboom
|move|p1a: Rillaboom|Swords Dance|p1a: Rillaboom
|-boost|p1a: Rillaboom|atk|2
|
|upkeep
|turn|30
|
|t:|1781411767
|move|p2a: Tornadus|Heat Wave|p1a: Rillaboom|[miss]
|-miss|p2a: Tornadus|p1a: Rillaboom
|move|p1a: Rillaboom|Knock Off|p2a: Tornadus
|-damage|p2a: Tornadus|0 fnt
|-enditem|p2a: Tornadus|Choice Scarf|[from] move: Knock Off|[of] p1a: Rillaboom
|faint|p2a: Tornadus
|
|upkeep
|
|t:|1781411771
|switch|p2a: Zamazenta|Zamazenta|100/100
|-damage|p2a: Zamazenta|76/100|[from] Spikes
|-damage|p2a: Zamazenta|69/100|[from] Stealth Rock
|-ability|p2a: Zamazenta|Dauntless Shield|boost
|-boost|p2a: Zamazenta|def|1
|turn|31
|
|t:|1781411774
|move|p2a: Zamazenta|Close Combat|p1a: Rillaboom
|-damage|p1a: Rillaboom|12/100
|-unboost|p2a: Zamazenta|def|1
|-unboost|p2a: Zamazenta|spd|1
|move|p1a: Rillaboom|Wood Hammer|p2a: Zamazenta
|-damage|p2a: Zamazenta|0 fnt
|faint|p2a: Zamazenta
|-damage|p1a: Rillaboom|0 fnt|[from] Recoil
|faint|p1a: Rillaboom
|
|upkeep
|
|t:|1781411777
|switch|p2a: Slowking|Slowking, M|100/100
|switch|p1a: Hawlucha|Hawlucha, F|100/100
|-damage|p2a: Slowking|76/100|[from] Spikes
|-damage|p2a: Slowking|63/100|[from] Stealth Rock
|-enditem|p1a: Hawlucha|Grassy Seed
|-boost|p1a: Hawlucha|def|1|[from] item: Grassy Seed
|turn|32
|
|t:|1781411782
|-terastallize|p1a: Hawlucha|Steel
|move|p1a: Hawlucha|Swords Dance|p1a: Hawlucha
|-boost|p1a: Hawlucha|atk|2
|move|p2a: Slowking|Psychic Noise|p1a: Hawlucha
|-resisted|p1a: Hawlucha
|-damage|p1a: Hawlucha|82/100
|-start|p1a: Hawlucha|move: Heal Block
|
|-heal|p2a: Slowking|69/100|[from] Grassy Terrain
|upkeep
|turn|33
|
|t:|1781411791
|-terastallize|p2a: Slowking|Fairy
|move|p1a: Hawlucha|Acrobatics|p2a: Slowking
|-damage|p2a: Slowking|0 fnt
|faint|p2a: Slowking
|
|win|razerblake
|raw|razerblake's rating: 1489 &rarr; <strong>1518</strong><br />(+29 for winning)
|raw|Roseofrosarade's rating: 1665 &rarr; <strong>1636</strong><br />(-29 for losing)
|l|☆razerblake
|player|p1|
|l|☆Roseofrosarade
|player|p2|
