|j|☆Liaoa
|j|☆chudsama
|t:|1781215405
|gametype|singles
|player|p1|Liaoa|bellelba|1542
|player|p2|chudsama|roxie-masters|1504
|gen|9
|tier|[Gen 9] OU
|rated|
|rule|HP Percentage Mod: HP is shown in percentages
|rule|Endless Battle Clause: Forcing endless battles is banned
|rule|Species Clause: Limit one of each Pokémon
|rule|OHKO Clause: OHKO moves are banned
|rule|Evasion Items Clause: Evasion items are banned
|rule|Evasion Moves Clause: Evasion moves are banned
|rule|Evasion Abilities Clause: Evasion abilities are banned
|rule|Sleep Moves Clause: Sleep-inducing moves are banned
|clearpoke
|poke|p1|Hatterene, F|
|poke|p1|Cinderace, F|
|poke|p1|Landorus-Therian, M|
|poke|p1|Dragapult, M|
|poke|p1|Zapdos|
|poke|p1|Iron Moth|
|poke|p2|Hatterene, F|
|poke|p2|Ursaluna, M|
|poke|p2|Porygon2|
|poke|p2|Cresselia, F|
|poke|p2|Iron Hands|
|poke|p2|Volcanion|
|teampreview
|inactive|Battle timer is ON: inactive players will automatically lose when time's up. (requested by chudsama)
|
|t:|1781215427
|teamsize|p1|6
|teamsize|p2|6
|start
|switch|p1a: Hatterene|Hatterene, F|100/100
|switch|p2a: Ursaluna|Ursaluna, M|100/100
|turn|1
|
|t:|1781215431
|switch|p1a: Landorus|Landorus-Therian, M|100/100
|-ability|p1a: Landorus|Intimidate|boost
|-unboost|p2a: Ursaluna|atk|1
|move|p2a: Ursaluna|Protect||[still]
|-fail|p2a: Ursaluna
|
|-status|p2a: Ursaluna|brn|[from] item: Flame Orb
|upkeep
|turn|2
|
|t:|1781215436
|switch|p2a: Hatterene|Hatterene, F, shiny|100/100
|move|p1a: Landorus|Stealth Rock|p2a: Hatterene
|move|p2a: Hatterene|Stealth Rock|p1a: Landorus|[from] ability: Magic Bounce
|-sidestart|p1: Liaoa|move: Stealth Rock
|
|upkeep
|turn|3
|
|t:|1781215441
|switch|p1a: Cinderace|Cinderace, F|100/100
|move|p2a: Hatterene|Trick Room|p2a: Hatterene
|-fieldstart|move: Trick Room|[of] p2a: Hatterene
|
|upkeep
|turn|4
|
|t:|1781215446
|move|p2a: Hatterene|Healing Wish|p2a: Hatterene
|faint|p2a: Hatterene
|move|p1a: Cinderace|Court Change|p1a: Cinderace
|-swapsideconditions
|-activate|p1a: Cinderace|move: Court Change
|
|upkeep
|
|t:|1781215449
|switch|p2a: Volcanion|Volcanion|100/100
|-damage|p2a: Volcanion|76/100|[from] Stealth Rock
|turn|5
|
|t:|1781215454
|move|p2a: Volcanion|Steam Eruption|p1a: Cinderace
|-supereffective|p1a: Cinderace
|-damage|p1a: Cinderace|0 fnt
|faint|p1a: Cinderace
|
|upkeep
|
|t:|1781215460
|switch|p1a: Zapdos|Zapdos|100/100
|turn|6
|
|t:|1781215461
|move|p2a: Volcanion|Steam Eruption|p1a: Zapdos
|-damage|p1a: Zapdos|12/100
|move|p1a: Zapdos|Discharge|p2a: Volcanion
|-supereffective|p2a: Volcanion
|-damage|p2a: Volcanion|8/100
|
|upkeep
|turn|7
|
|t:|1781215467
|switch|p1a: Dragapult|Dragapult, M|100/100
|move|p2a: Volcanion|Steam Eruption|p1a: Dragapult
|-resisted|p1a: Dragapult
|-damage|p1a: Dragapult|32/100
|
|-fieldend|move: Trick Room
|upkeep
|turn|8
|
|t:|1781215471
|move|p1a: Dragapult|U-turn|p2a: Volcanion
|-resisted|p2a: Volcanion
|-damage|p2a: Volcanion|1/100
|
|t:|1781215474
|switch|p1a: Zapdos|Zapdos|12/100|[from] U-turn
|move|p2a: Volcanion|Steam Eruption|p1a: Zapdos
|-damage|p1a: Zapdos|0 fnt
|faint|p1a: Zapdos
|
|upkeep
|
|t:|1781215476
|switch|p1a: Landorus|Landorus-Therian, M|100/100
|-ability|p1a: Landorus|Intimidate|boost
|-unboost|p2a: Volcanion|atk|1
|turn|9
|
|t:|1781215479
|move|p1a: Landorus|U-turn|p2a: Volcanion
|-resisted|p2a: Volcanion
|-damage|p2a: Volcanion|0 fnt
|faint|p2a: Volcanion
|
|t:|1781215483
|switch|p1a: Dragapult|Dragapult, M|32/100|[from] U-turn
|
|upkeep
|
|t:|1781215488
|switch|p2a: Cresselia|Cresselia, F, shiny|100/100
|-damage|p2a: Cresselia|88/100|[from] Stealth Rock
|turn|10
|
|t:|1781215491
|move|p1a: Dragapult|Thunder Wave|p2a: Cresselia
|-status|p2a: Cresselia|par
|move|p2a: Cresselia|Trick Room|p2a: Cresselia
|-fieldstart|move: Trick Room|[of] p2a: Cresselia
|
|upkeep
|turn|11
|
|t:|1781215494
|move|p2a: Cresselia|Lunar Dance|p2a: Cresselia
|faint|p2a: Cresselia
|move|p1a: Dragapult|U-turn|p2: Cresselia|[notarget]
|-fail|p1a: Dragapult
|
|upkeep
|
|t:|1781215504
|switch|p2a: Ursaluna|Ursaluna, M|100/100 brn
|-heal|p2a: Ursaluna|100/100|[from] move: Healing Wish
|-heal|p2a: Ursaluna|100/100|[from] move: Lunar Dance
|-damage|p2a: Ursaluna|94/100|[from] Stealth Rock
|turn|12
|
|t:|1781215508
|move|p2a: Ursaluna|Headlong Rush|p1a: Dragapult
|-damage|p1a: Dragapult|0 fnt
|-unboost|p2a: Ursaluna|def|1
|-unboost|p2a: Ursaluna|spd|1
|faint|p1a: Dragapult
|
|-status|p2a: Ursaluna|brn|[from] item: Flame Orb
|upkeep
|
|t:|1781215510
|switch|p1a: Landorus|Landorus-Therian, M|100/100
|-ability|p1a: Landorus|Intimidate|boost
|-unboost|p2a: Ursaluna|atk|1
|turn|13
|
|t:|1781215515
|switch|p1a: Iron Moth|Iron Moth|100/100
|-enditem|p1a: Iron Moth|Booster Energy
|-activate|p1a: Iron Moth|ability: Quark Drive|[fromitem]
|-start|p1a: Iron Moth|quarkdrivespa
|-terastallize|p2a: Ursaluna|Normal
|move|p2a: Ursaluna|Facade|p1a: Iron Moth
|-damage|p1a: Iron Moth|0 fnt
|faint|p1a: Iron Moth
|-end|p1a: Iron Moth|Quark Drive|[silent]
|
|-damage|p2a: Ursaluna|88/100 brn|[from] brn
|upkeep
|
|t:|1781215518
|switch|p1a: Landorus|Landorus-Therian, M|100/100
|-ability|p1a: Landorus|Intimidate|boost
|-unboost|p2a: Ursaluna|atk|1
|turn|14
|
|t:|1781215521
|move|p2a: Ursaluna|Facade|p1a: Landorus
|-damage|p1a: Landorus|2/100
|move|p1a: Landorus|Earthquake|p2a: Ursaluna
|-damage|p2a: Ursaluna|32/100 brn
|
|-damage|p2a: Ursaluna|26/100 brn|[from] brn
|-fieldend|move: Trick Room
|upkeep
|turn|15
|
|t:|1781215528
|move|p1a: Landorus|Earthquake|p2a: Ursaluna
|-damage|p2a: Ursaluna|0 fnt
|faint|p2a: Ursaluna
|
|upkeep
|
|t:|1781215529
|switch|p2a: Porygon2|Porygon2|100/100
|-damage|p2a: Porygon2|88/100|[from] Stealth Rock
|-ability|p2a: Porygon2|Download|boost
|-boost|p2a: Porygon2|spa|1
|turn|16
|
|t:|1781215532
|switch|p1a: Hatterene|Hatterene, F|100/100
|move|p2a: Porygon2|Trick Room|p2a: Porygon2
|-fieldstart|move: Trick Room|[of] p2a: Porygon2
|
|upkeep
|turn|17
|
|t:|1781215536
|move|p1a: Hatterene|Calm Mind|p1a: Hatterene
|-boost|p1a: Hatterene|spa|1
|-boost|p1a: Hatterene|spd|1
|move|p2a: Porygon2|Tri Attack|p1a: Hatterene
|-damage|p1a: Hatterene|63/100
|-status|p1a: Hatterene|par
|
|-heal|p1a: Hatterene|69/100 par|[from] item: Leftovers
|upkeep
|turn|18
|
|t:|1781215542
|switch|p2a: Iron Hands|Iron Hands|100/100
|-damage|p2a: Iron Hands|94/100|[from] Stealth Rock
|-enditem|p2a: Iron Hands|Booster Energy
|-activate|p2a: Iron Hands|ability: Quark Drive|[fromitem]
|-start|p2a: Iron Hands|quarkdriveatk
|move|p1a: Hatterene|Substitute|p1a: Hatterene
|-start|p1a: Hatterene|Substitute
|-damage|p1a: Hatterene|45/100 par
|
|-heal|p1a: Hatterene|50/100 par|[from] item: Leftovers
|upkeep
|turn|19
|
|t:|1781215551
|cant|p1a: Hatterene|par
|move|p2a: Iron Hands|Wild Charge|p1a: Hatterene
|-end|p1a: Hatterene|Substitute
|-damage|p2a: Iron Hands|91/100|[from] Recoil|[of] p1a: Hatterene
|
|-heal|p1a: Hatterene|56/100 par|[from] item: Leftovers
|upkeep
|turn|20
|
|t:|1781215553
|move|p1a: Hatterene|Draining Kiss|p2a: Iron Hands
|-supereffective|p2a: Iron Hands
|-damage|p2a: Iron Hands|21/100
|-heal|p1a: Hatterene|100/100 par|[from] drain|[of] p2a: Iron Hands
|move|p2a: Iron Hands|Wild Charge|p1a: Hatterene
|-damage|p1a: Hatterene|36/100 par
|-damage|p2a: Iron Hands|11/100|[from] Recoil
|
|-heal|p1a: Hatterene|42/100 par|[from] item: Leftovers
|-fieldend|move: Trick Room
|upkeep
|turn|21
|
|t:|1781215558
|switch|p1a: Landorus|Landorus-Therian, M|2/100
|-ability|p1a: Landorus|Intimidate|boost
|-unboost|p2a: Iron Hands|atk|1
|move|p2a: Iron Hands|Wild Charge|p1a: Landorus
|-immune|p1a: Landorus
|
|upkeep
|turn|22
|
|t:|1781215562
|move|p1a: Landorus|U-turn|p2a: Iron Hands
|-resisted|p2a: Iron Hands
|-damage|p2a: Iron Hands|3/100
|
|t:|1781215564
|switch|p1a: Hatterene|Hatterene, F|42/100 par|[from] U-turn
|move|p2a: Iron Hands|Ice Punch|p1a: Hatterene
|-damage|p1a: Hatterene|17/100 par
|
|-heal|p1a: Hatterene|23/100 par|[from] item: Leftovers
|upkeep
|turn|23
|
|t:|1781215570
|switch|p1a: Landorus|Landorus-Therian, M|2/100
|-ability|p1a: Landorus|Intimidate|boost
|-unboost|p2a: Iron Hands|atk|1
|move|p2a: Iron Hands|Ice Punch|p1a: Landorus
|-supereffective|p1a: Landorus
|-damage|p1a: Landorus|0 fnt
|faint|p1a: Landorus
|
|upkeep
|
|t:|1781215572
|switch|p1a: Hatterene|Hatterene, F|23/100 par
|turn|24
|
|t:|1781215575
|move|p2a: Iron Hands|Wild Charge|p1a: Hatterene
|-crit|p1a: Hatterene
|-damage|p1a: Hatterene|0 fnt
|faint|p1a: Hatterene
|-damage|p2a: Iron Hands|0 fnt|[from] Recoil
|faint|p2a: Iron Hands
|-end|p2a: Iron Hands|Quark Drive|[silent]
|
|win|chudsama
|raw|Liaoa's rating: 1542 &rarr; <strong>1520</strong><br />(-22 for losing)
|raw|chudsama's rating: 1504 &rarr; <strong>1526</strong><br />(+22 for winning)
|l|☆Liaoa
|player|p1|
|l|☆chudsama
|player|p2|
