|j|☆KurisuChestnutLab
|j|☆cumtd
|t:|1781179858
|gametype|singles
|player|p1|KurisuChestnutLab|may-contest|1533
|player|p2|cumtd|blue|1492
|gen|9
|tier|[Gen 9] OU
|rated|
|rule|HP Percentage Mod: HP is shown in percentages
|rule|Endless Battle Clause: Forcing endless battles is banned
|rule|Species Clause: Limit one of each Pokémon
|rule|OHKO Clause: OHKO moves are banned
|rule|Evasion Items Clause: Evasion items are banned
|rule|Evasion Moves Clause: Evasion moves are banned
|rule|Evasion Abilities Clause: Evasion abilities are banned
|rule|Sleep Moves Clause: Sleep-inducing moves are banned
|clearpoke
|poke|p1|Primarina, M|
|poke|p1|Hippowdon, F|
|poke|p1|Skarmory, M|
|poke|p1|Zapdos|
|poke|p1|Dragonite, M|
|poke|p1|Slowking, M|
|poke|p2|Weezing-Galar, F|
|poke|p2|Gliscor, M|
|poke|p2|Blissey, F|
|poke|p2|Corviknight, F|
|poke|p2|Dondozo, F|
|poke|p2|Toxapex, F|
|teampreview
|inactive|Battle timer is ON: inactive players will automatically lose when time's up. (requested by KurisuChestnutLab)
|
|t:|1781179866
|teamsize|p1|6
|teamsize|p2|6
|start
|switch|p1a: Hippowdon|Hippowdon, F|100/100
|switch|p2a: Gliscor|Gliscor, M|100/100
|-weather|Sandstorm|[from] ability: Sand Stream|[of] p1a: Hippowdon
|turn|1
|
|t:|1781179876
|move|p2a: Gliscor|Knock Off|p1a: Hippowdon
|-damage|p1a: Hippowdon|89/100
|-enditem|p1a: Hippowdon|Leftovers|[from] move: Knock Off|[of] p2a: Gliscor
|move|p1a: Hippowdon|Stealth Rock|p2a: Gliscor
|-sidestart|p2: cumtd|move: Stealth Rock
|
|-weather|Sandstorm|[upkeep]
|-status|p2a: Gliscor|tox|[from] item: Toxic Orb
|upkeep
|turn|2
|
|t:|1781179885
|switch|p1a: Dragonite|Dragonite, M|100/100
|move|p2a: Gliscor|Swords Dance|p2a: Gliscor
|-boost|p2a: Gliscor|atk|2
|
|-weather|Sandstorm|[upkeep]
|-damage|p1a: Dragonite|94/100|[from] Sandstorm
|upkeep
|turn|3
|
|t:|1781179889
|switch|p1a: Hippowdon|Hippowdon, F|89/100
|move|p2a: Gliscor|Protect||[still]
|-fail|p2a: Gliscor
|
|-weather|Sandstorm|[upkeep]
|upkeep
|turn|4
|
|t:|1781179892
|move|p2a: Gliscor|Knock Off|p1a: Hippowdon
|-damage|p1a: Hippowdon|73/100
|move|p1a: Hippowdon|Whirlwind|p2a: Gliscor
|drag|p2a: Blissey|Blissey, F|100/100
|-damage|p2a: Blissey|88/100|[from] Stealth Rock
|
|-weather|Sandstorm|[upkeep]
|-damage|p2a: Blissey|82/100|[from] Sandstorm
|-heal|p2a: Blissey|88/100|[from] item: Leftovers
|upkeep
|turn|5
|
|t:|1781179896
|move|p2a: Blissey|Stealth Rock|p1a: Hippowdon
|-sidestart|p1: KurisuChestnutLab|move: Stealth Rock
|move|p1a: Hippowdon|Earthquake|p2a: Blissey
|-damage|p2a: Blissey|47/100
|
|-weather|none
|-heal|p2a: Blissey|53/100|[from] item: Leftovers
|upkeep
|turn|6
|
|t:|1781179902
|move|p2a: Blissey|Soft-Boiled|p2a: Blissey
|-heal|p2a: Blissey|100/100
|move|p1a: Hippowdon|Earthquake|p2a: Blissey
|-damage|p2a: Blissey|63/100
|
|-heal|p2a: Blissey|69/100|[from] item: Leftovers
|upkeep
|turn|7
|
|t:|1781179908
|switch|p2a: Gliscor|Gliscor, M|100/100 tox
|-damage|p2a: Gliscor|88/100 tox|[from] Stealth Rock
|move|p1a: Hippowdon|Slack Off|p1a: Hippowdon
|-heal|p1a: Hippowdon|100/100
|
|-heal|p2a: Gliscor|100/100 tox|[from] ability: Poison Heal
|upkeep
|turn|8
|
|t:|1781179918
|move|p2a: Gliscor|Earthquake|p1a: Hippowdon
|-damage|p1a: Hippowdon|82/100
|move|p1a: Hippowdon|Whirlwind|p2a: Gliscor
|drag|p2a: Blissey|Blissey, F|69/100
|-damage|p2a: Blissey|57/100|[from] Stealth Rock
|
|-heal|p2a: Blissey|63/100|[from] item: Leftovers
|upkeep
|turn|9
|
|t:|1781179924
|switch|p2a: Corviknight|Corviknight, F|100/100
|-damage|p2a: Corviknight|88/100|[from] Stealth Rock
|-ability|p2a: Corviknight|Pressure
|move|p1a: Hippowdon|Earthquake|p2a: Corviknight
|-immune|p2a: Corviknight
|
|-heal|p2a: Corviknight|94/100|[from] item: Leftovers
|upkeep
|turn|10
|
|t:|1781179930
|move|p2a: Corviknight|Defog|p1a: Hippowdon
|-unboost|p1a: Hippowdon|evasion|1
|-sideend|p1: KurisuChestnutLab|Stealth Rock|[from] move: Defog|[of] p2a: Corviknight
|-sideend|p2: cumtd|Stealth Rock|[from] move: Defog|[of] p2a: Corviknight
|move|p1a: Hippowdon|Slack Off|p1a: Hippowdon
|-heal|p1a: Hippowdon|100/100
|
|-heal|p2a: Corviknight|100/100|[from] item: Leftovers
|upkeep
|turn|11
|
|t:|1781179938
|move|p2a: Corviknight|Iron Defense|p2a: Corviknight
|-boost|p2a: Corviknight|def|2
|move|p1a: Hippowdon|Stealth Rock|p2a: Corviknight
|-sidestart|p2: cumtd|move: Stealth Rock
|
|upkeep
|turn|12
|
|t:|1781179942
|move|p2a: Corviknight|Defog|p1a: Hippowdon
|-unboost|p1a: Hippowdon|evasion|1
|-sideend|p2: cumtd|Stealth Rock|[from] move: Defog|[of] p2a: Corviknight
|move|p1a: Hippowdon|Whirlwind|p2a: Corviknight
|drag|p2a: Gliscor|Gliscor, M|100/100 tox
|
|upkeep
|turn|13
|
|t:|1781179948
|switch|p2a: Corviknight|Corviknight, F|100/100
|-ability|p2a: Corviknight|Pressure
|move|p1a: Hippowdon|Stealth Rock|p2a: Corviknight
|-sidestart|p2: cumtd|move: Stealth Rock
|
|upkeep
|turn|14
|
|t:|1781179954
|move|p2a: Corviknight|Defog|p1a: Hippowdon
|-unboost|p1a: Hippowdon|evasion|1
|-sideend|p2: cumtd|Stealth Rock|[from] move: Defog|[of] p2a: Corviknight
|move|p1a: Hippowdon|Stealth Rock|p2a: Corviknight
|-sidestart|p2: cumtd|move: Stealth Rock
|
|upkeep
|turn|15
|
|t:|1781179960
|move|p2a: Corviknight|Defog|p1a: Hippowdon
|-unboost|p1a: Hippowdon|evasion|1
|-sideend|p2: cumtd|Stealth Rock|[from] move: Defog|[of] p2a: Corviknight
|move|p1a: Hippowdon|Stealth Rock|p2a: Corviknight
|-sidestart|p2: cumtd|move: Stealth Rock
|
|upkeep
|turn|16
|
|t:|1781179965
|move|p2a: Corviknight|Defog|p1a: Hippowdon
|-unboost|p1a: Hippowdon|evasion|1
|-sideend|p2: cumtd|Stealth Rock|[from] move: Defog|[of] p2a: Corviknight
|move|p1a: Hippowdon|Stealth Rock|p2a: Corviknight
|-sidestart|p2: cumtd|move: Stealth Rock
|
|upkeep
|turn|17
|
|t:|1781179969
|move|p2a: Corviknight|Defog|p1a: Hippowdon
|-unboost|p1a: Hippowdon|evasion|1
|-sideend|p2: cumtd|Stealth Rock|[from] move: Defog|[of] p2a: Corviknight
|move|p1a: Hippowdon|Stealth Rock|p2a: Corviknight
|-sidestart|p2: cumtd|move: Stealth Rock
|
|upkeep
|turn|18
|
|t:|1781179973
|move|p2a: Corviknight|Defog|p1a: Hippowdon
|-unboost|p1a: Hippowdon|evasion|0
|-sideend|p2: cumtd|Stealth Rock|[from] move: Defog|[of] p2a: Corviknight
|move|p1a: Hippowdon|Stealth Rock|p2a: Corviknight
|-sidestart|p2: cumtd|move: Stealth Rock
|
|upkeep
|turn|19
|
|t:|1781179980
|move|p2a: Corviknight|Defog|p1a: Hippowdon
|-unboost|p1a: Hippowdon|evasion|0
|-sideend|p2: cumtd|Stealth Rock|[from] move: Defog|[of] p2a: Corviknight
|move|p1a: Hippowdon|Stealth Rock|p2a: Corviknight
|-sidestart|p2: cumtd|move: Stealth Rock
|
|upkeep
|turn|20
|
|t:|1781179988
|move|p2a: Corviknight|Defog|p1a: Hippowdon
|-unboost|p1a: Hippowdon|evasion|0
|-sideend|p2: cumtd|Stealth Rock|[from] move: Defog|[of] p2a: Corviknight
|move|p1a: Hippowdon|Stealth Rock|p2a: Corviknight
|-sidestart|p2: cumtd|move: Stealth Rock
|
|upkeep
|turn|21
|
|t:|1781179991
|move|p2a: Corviknight|Defog|p1a: Hippowdon
|-unboost|p1a: Hippowdon|evasion|0
|-sideend|p2: cumtd|Stealth Rock|[from] move: Defog|[of] p2a: Corviknight
|move|p1a: Hippowdon|Stealth Rock|p2a: Corviknight
|-sidestart|p2: cumtd|move: Stealth Rock
|
|upkeep
|turn|22
|
|t:|1781179998
|move|p2a: Corviknight|Defog|p1a: Hippowdon
|-unboost|p1a: Hippowdon|evasion|0
|-sideend|p2: cumtd|Stealth Rock|[from] move: Defog|[of] p2a: Corviknight
|move|p1a: Hippowdon|Stealth Rock|p2a: Corviknight
|-sidestart|p2: cumtd|move: Stealth Rock
|
|upkeep
|turn|23
|
|t:|1781180002
|move|p2a: Corviknight|Defog|p1a: Hippowdon
|-unboost|p1a: Hippowdon|evasion|0
|-sideend|p2: cumtd|Stealth Rock|[from] move: Defog|[of] p2a: Corviknight
|move|p1a: Hippowdon|Stealth Rock|p2a: Corviknight
|-sidestart|p2: cumtd|move: Stealth Rock
|
|upkeep
|turn|24
|
|t:|1781180006
|move|p2a: Corviknight|Defog|p1a: Hippowdon
|-unboost|p1a: Hippowdon|evasion|0
|-sideend|p2: cumtd|Stealth Rock|[from] move: Defog|[of] p2a: Corviknight
|move|p1a: Hippowdon|Stealth Rock|p2a: Corviknight
|-sidestart|p2: cumtd|move: Stealth Rock
|
|upkeep
|turn|25
|
|t:|1781180013
|move|p2a: Corviknight|Defog|p1a: Hippowdon
|-unboost|p1a: Hippowdon|evasion|0
|-sideend|p2: cumtd|Stealth Rock|[from] move: Defog|[of] p2a: Corviknight
|move|p1a: Hippowdon|Stealth Rock|p2a: Corviknight
|-sidestart|p2: cumtd|move: Stealth Rock
|
|upkeep
|turn|26
|
|t:|1781180020
|move|p2a: Corviknight|Defog|p1a: Hippowdon
|-unboost|p1a: Hippowdon|evasion|0
|-sideend|p2: cumtd|Stealth Rock|[from] move: Defog|[of] p2a: Corviknight
|move|p1a: Hippowdon|Slack Off||[still]
|-fail|p1a: Hippowdon|heal
|
|upkeep
|turn|27
|
|t:|1781180025
|move|p2a: Corviknight|Defog||[still]
|-unboost|p1a: Hippowdon|evasion|0
|-fail|p2a: Corviknight
|move|p1a: Hippowdon|Stealth Rock|p2a: Corviknight
|-sidestart|p2: cumtd|move: Stealth Rock
|
|upkeep
|turn|28
|
|t:|1781180031
|switch|p1a: Dragonite|Dragonite, M|94/100
|move|p2a: Corviknight|Defog|p1a: Dragonite
|-unboost|p1a: Dragonite|evasion|1
|-sideend|p2: cumtd|Stealth Rock|[from] move: Defog|[of] p2a: Corviknight
|
|upkeep
|turn|29
|
|t:|1781180038
|switch|p2a: Toxapex|Toxapex, F|100/100
|move|p1a: Dragonite|Dragon Dance|p1a: Dragonite
|-boost|p1a: Dragonite|atk|1
|-boost|p1a: Dragonite|spe|1
|
|upkeep
|turn|30
|
|t:|1781180045
|move|p1a: Dragonite|Dragon Dance|p1a: Dragonite
|-boost|p1a: Dragonite|atk|1
|-boost|p1a: Dragonite|spe|1
|move|p2a: Toxapex|Toxic|p1a: Dragonite
|-status|p1a: Dragonite|tox
|
|-damage|p1a: Dragonite|88/100 tox|[from] psn
|upkeep
|turn|31
|
|t:|1781180051
|switch|p1a: Hippowdon|Hippowdon, F|100/100
|-weather|Sandstorm|[from] ability: Sand Stream|[of] p1a: Hippowdon
|switch|p2a: Dondozo|Dondozo, F|100/100
|
|-weather|Sandstorm|[upkeep]
|-damage|p2a: Dondozo|94/100|[from] Sandstorm
|-heal|p2a: Dondozo|100/100|[from] item: Leftovers
|upkeep
|turn|32
|
|t:|1781180057
|move|p2a: Dondozo|Waterfall|p1a: Hippowdon
|-supereffective|p1a: Hippowdon
|-damage|p1a: Hippowdon|69/100
|move|p1a: Hippowdon|Whirlwind|p2a: Dondozo
|drag|p2a: Toxapex|Toxapex, F|100/100
|
|-weather|Sandstorm|[upkeep]
|-damage|p2a: Toxapex|95/100|[from] Sandstorm
|upkeep
|turn|33
|
|t:|1781180064
|switch|p2a: Corviknight|Corviknight, F|100/100
|-ability|p2a: Corviknight|Pressure
|move|p1a: Hippowdon|Stealth Rock|p2a: Corviknight
|-sidestart|p2: cumtd|move: Stealth Rock
|
|-weather|Sandstorm|[upkeep]
|upkeep
|turn|34
|
|t:|1781180069
|move|p2a: Corviknight|Defog|p1a: Hippowdon
|-unboost|p1a: Hippowdon|evasion|1
|-sideend|p2: cumtd|Stealth Rock|[from] move: Defog|[of] p2a: Corviknight
|move|p1a: Hippowdon|Slack Off|p1a: Hippowdon
|-heal|p1a: Hippowdon|100/100
|
|-weather|Sandstorm|[upkeep]
|upkeep
|turn|35
|
|t:|1781180074
|switch|p1a: Skarmory|Skarmory, M|100/100
|move|p2a: Corviknight|Iron Defense|p2a: Corviknight
|-boost|p2a: Corviknight|def|2
|
|-weather|none
|upkeep
|turn|36
|
|t:|1781180079
|move|p2a: Corviknight|Body Press|p1a: Skarmory
|-damage|p1a: Skarmory|71/100
|move|p1a: Skarmory|Spikes|p2a: Corviknight
|-sidestart|p2: cumtd|Spikes
|
|-heal|p1a: Skarmory|77/100|[from] item: Leftovers
|upkeep
|turn|37
|
|t:|1781180084
|move|p2a: Corviknight|Iron Defense|p2a: Corviknight
|-boost|p2a: Corviknight|def|2
|move|p1a: Skarmory|Roost|p1a: Skarmory
|-heal|p1a: Skarmory|100/100
|-singleturn|p1a: Skarmory|move: Roost
|
|upkeep
|turn|38
|
|t:|1781180091
|switch|p1a: Zapdos|Zapdos|100/100
|move|p2a: Corviknight|Body Press|p1a: Zapdos
|-resisted|p1a: Zapdos
|-damage|p1a: Zapdos|72/100
|
|upkeep
|turn|39
|
|t:|1781180096
|switch|p2a: Gliscor|Gliscor, M|100/100 tox
|move|p1a: Zapdos|Volt Switch|p2a: Gliscor
|-immune|p2a: Gliscor
|
|upkeep
|turn|40
|
|t:|1781180102
|move|p1a: Zapdos|Hurricane|p2a: Gliscor|[miss]
|-miss|p1a: Zapdos|p2a: Gliscor
|move|p2a: Gliscor|Knock Off|p1a: Zapdos
|-damage|p1a: Zapdos|57/100
|-enditem|p1a: Zapdos|Heavy-Duty Boots|[from] move: Knock Off|[of] p2a: Gliscor
|
|upkeep
|turn|41
|
|t:|1781180110
|switch|p2a: Blissey|Blissey, F|63/100
|-damage|p2a: Blissey|50/100|[from] Spikes
|move|p1a: Zapdos|Roost|p1a: Zapdos
|-heal|p1a: Zapdos|100/100
|-singleturn|p1a: Zapdos|move: Roost
|
|-heal|p2a: Blissey|57/100|[from] item: Leftovers
|upkeep
|turn|42
|
|t:|1781180118
|switch|p1a: Skarmory|Skarmory, M|100/100
|move|p2a: Blissey|Soft-Boiled|p2a: Blissey
|-heal|p2a: Blissey|100/100
|
|upkeep
|turn|43
|
|t:|1781180125
|switch|p2a: Corviknight|Corviknight, F|100/100
|-ability|p2a: Corviknight|Pressure
|move|p1a: Skarmory|Body Press|p2a: Corviknight
|-damage|p2a: Corviknight|79/100
|
|-heal|p2a: Corviknight|86/100|[from] item: Leftovers
|upkeep
|turn|44
|
|t:|1781180135
|move|p2a: Corviknight|Defog|p1a: Skarmory
|-unboost|p1a: Skarmory|evasion|1
|-sideend|p2: cumtd|Spikes|[from] move: Defog|[of] p2a: Corviknight
|move|p1a: Skarmory|Body Press|p2a: Corviknight
|-damage|p2a: Corviknight|64/100
|
|-heal|p2a: Corviknight|70/100|[from] item: Leftovers
|upkeep
|turn|45
|
|t:|1781180140
|move|p2a: Corviknight|Iron Defense|p2a: Corviknight
|-boost|p2a: Corviknight|def|2
|move|p1a: Skarmory|Spikes|p2a: Corviknight
|-sidestart|p2: cumtd|Spikes
|
|-heal|p2a: Corviknight|76/100|[from] item: Leftovers
|upkeep
|turn|46
|
|t:|1781180146
|switch|p1a: Zapdos|Zapdos|100/100
|move|p2a: Corviknight|Defog|p1a: Zapdos
|-unboost|p1a: Zapdos|evasion|1
|-sideend|p2: cumtd|Spikes|[from] move: Defog|[of] p2a: Corviknight
|
|-heal|p2a: Corviknight|82/100|[from] item: Leftovers
|upkeep
|turn|47
|
|t:|1781180151
|switch|p2a: Gliscor|Gliscor, M|100/100 tox
|move|p1a: Zapdos|Volt Switch|p2a: Gliscor
|-immune|p2a: Gliscor
|
|upkeep
|turn|48
|
|t:|1781180158
|move|p1a: Zapdos|Hurricane|p2a: Gliscor
|-damage|p2a: Gliscor|59/100 tox
|-start|p2a: Gliscor|confusion
|-activate|p2a: Gliscor|confusion
|move|p2a: Gliscor|Swords Dance|p2a: Gliscor
|-boost|p2a: Gliscor|atk|2
|
|-heal|p2a: Gliscor|72/100 tox|[from] ability: Poison Heal
|upkeep
|turn|49
|
|t:|1781180162
|switch|p2a: Blissey|Blissey, F|100/100
|move|p1a: Zapdos|Hurricane|p2a: Blissey|[miss]
|-miss|p1a: Zapdos|p2a: Blissey
|
|upkeep
|turn|50
|
|t:|1781180168
|switch|p2a: Gliscor|Gliscor, M|72/100 tox
|move|p1a: Zapdos|Hurricane|p2a: Gliscor
|-damage|p2a: Gliscor|30/100 tox
|-start|p2a: Gliscor|confusion
|
|-heal|p2a: Gliscor|42/100 tox|[from] ability: Poison Heal
|upkeep
|turn|51
|
|t:|1781180174
|switch|p2a: Blissey|Blissey, F|100/100
|move|p1a: Zapdos|Hurricane|p2a: Blissey
|-damage|p2a: Blissey|87/100
|-start|p2a: Blissey|confusion
|
|-heal|p2a: Blissey|93/100|[from] item: Leftovers
|upkeep
|turn|52
|
|t:|1781180180
|switch|p1a: Primarina|Primarina, M|100/100
|-activate|p2a: Blissey|confusion
|-damage|p2a: Blissey|92/100|[from] confusion
|
|-heal|p2a: Blissey|99/100|[from] item: Leftovers
|upkeep
|turn|53
|
|t:|1781180190
|switch|p2a: Toxapex|Toxapex, F|100/100
|move|p1a: Primarina|Moonblast|p2a: Toxapex
|-resisted|p2a: Toxapex
|-crit|p2a: Toxapex
|-damage|p2a: Toxapex|68/100
|
|upkeep
|turn|54
|
|t:|1781180197
|switch|p1a: Skarmory|Skarmory, M|100/100
|move|p2a: Toxapex|Toxic|p1a: Skarmory
|-immune|p1a: Skarmory
|
|upkeep
|turn|55
|
|t:|1781180201
|switch|p2a: Gliscor|Gliscor, M|42/100 tox
|move|p1a: Skarmory|Spikes|p2a: Gliscor
|-sidestart|p2: cumtd|Spikes
|
|-heal|p2a: Gliscor|55/100 tox|[from] ability: Poison Heal
|upkeep
|turn|56
|
|t:|1781180208
|move|p2a: Gliscor|Knock Off|p1a: Skarmory
|-damage|p1a: Skarmory|88/100
|-enditem|p1a: Skarmory|Leftovers|[from] move: Knock Off|[of] p2a: Gliscor
|move|p1a: Skarmory|Spikes|p2a: Gliscor
|-sidestart|p2: cumtd|Spikes
|
|-heal|p2a: Gliscor|67/100 tox|[from] ability: Poison Heal
|upkeep
|turn|57
|
|t:|1781180215
|switch|p2a: Corviknight|Corviknight, F|82/100
|-ability|p2a: Corviknight|Pressure
|switch|p1a: Zapdos|Zapdos|100/100
|
|-heal|p2a: Corviknight|88/100|[from] item: Leftovers
|upkeep
|turn|58
|
|t:|1781180218
|switch|p2a: Blissey|Blissey, F|99/100
|-damage|p2a: Blissey|82/100|[from] Spikes
|move|p1a: Zapdos|Heat Wave|p2a: Blissey
|-damage|p2a: Blissey|73/100
|-status|p2a: Blissey|brn
|
|-heal|p2a: Blissey|79/100 brn|[from] item: Leftovers
|-damage|p2a: Blissey|73/100 brn|[from] brn
|upkeep
|turn|59
|
|t:|1781180222
|move|p1a: Zapdos|Volt Switch|p2a: Blissey
|-damage|p2a: Blissey|65/100 brn
|
|t:|1781180227
|switch|p1a: Skarmory|Skarmory, M|88/100|[from] Volt Switch
|move|p2a: Blissey|Stealth Rock|p1a: Skarmory
|-sidestart|p1: KurisuChestnutLab|move: Stealth Rock
|
|-heal|p2a: Blissey|71/100 brn|[from] item: Leftovers
|-damage|p2a: Blissey|65/100 brn|[from] brn
|upkeep
|turn|60
|
|t:|1781180234
|switch|p1a: Primarina|Primarina, M|100/100
|-damage|p1a: Primarina|88/100|[from] Stealth Rock
|-curestatus|p2a: Blissey|brn|[from] ability: Natural Cure|[silent]
|switch|p2a: Corviknight|Corviknight, F|88/100
|-ability|p2a: Corviknight|Pressure
|
|-heal|p2a: Corviknight|95/100|[from] item: Leftovers
|upkeep
|turn|61
|
|t:|1781180240
|switch|p2a: Blissey|Blissey, F|65/100
|-damage|p2a: Blissey|48/100|[from] Spikes
|move|p1a: Primarina|Flip Turn|p2a: Blissey
|-damage|p2a: Blissey|35/100
|
|t:|1781180252
|switch|p1a: Skarmory|Skarmory, M|88/100|[from] Flip Turn
|-damage|p1a: Skarmory|76/100|[from] Stealth Rock
|
|-heal|p2a: Blissey|42/100|[from] item: Leftovers
|upkeep
|turn|62
|
|t:|1781180261
|switch|p2a: Weezing|Weezing-Galar, F|100/100
|-ability|p2a: Weezing|Neutralizing Gas
|move|p1a: Skarmory|Body Press|p2a: Weezing
|-resisted|p2a: Weezing
|-damage|p2a: Weezing|95/100
|
|upkeep
|turn|63
|
|t:|1781180269
|move|p1a: Skarmory|Spikes|p2a: Weezing
|-sidestart|p2: cumtd|Spikes
|move|p2a: Weezing|Toxic Spikes|p1a: Skarmory
|-sidestart|p1: KurisuChestnutLab|move: Toxic Spikes
|
|upkeep
|turn|64
|
|t:|1781180276
|move|p1a: Skarmory|Iron Head|p2a: Weezing
|-supereffective|p2a: Weezing
|-damage|p2a: Weezing|65/100
|move|p2a: Weezing|Toxic Spikes|p1a: Skarmory
|-sidestart|p1: KurisuChestnutLab|move: Toxic Spikes
|
|upkeep
|turn|65
|
|t:|1781180283
|move|p1a: Skarmory|Iron Head|p2a: Weezing
|-supereffective|p2a: Weezing
|-damage|p2a: Weezing|35/100
|move|p2a: Weezing|Will-O-Wisp|p1a: Skarmory
|-status|p1a: Skarmory|brn
|
|-damage|p1a: Skarmory|70/100 brn|[from] brn
|upkeep
|turn|66
|
|t:|1781180288
|switch|p1a: Zapdos|Zapdos|100/100
|-damage|p1a: Zapdos|76/100|[from] Stealth Rock
|move|p2a: Weezing|Pain Split|p1a: Zapdos
|-sethp|p1a: Zapdos|53/100|[from] move: Pain Split|[silent]
|-sethp|p2a: Weezing|61/100|[from] move: Pain Split
|
|upkeep
|turn|67
|
|t:|1781180294
|-end|p2a: Weezing|ability: Neutralizing Gas
|switch|p2a: Gliscor|Gliscor, M|67/100 tox
|move|p1a: Zapdos|Hurricane|p2a: Gliscor|[miss]
|-miss|p1a: Zapdos|p2a: Gliscor
|
|-heal|p2a: Gliscor|80/100 tox|[from] ability: Poison Heal
|upkeep
|turn|68
|
|t:|1781180299
|move|p2a: Gliscor|Protect|p2a: Gliscor
|-singleturn|p2a: Gliscor|Protect
|move|p1a: Zapdos|Hurricane|p2a: Gliscor
|-activate|p2a: Gliscor|move: Protect
|
|-heal|p2a: Gliscor|92/100 tox|[from] ability: Poison Heal
|upkeep
|turn|69
|
|t:|1781180304
|move|p1a: Zapdos|Roost|p1a: Zapdos
|-heal|p1a: Zapdos|100/100
|-singleturn|p1a: Zapdos|move: Roost
|move|p2a: Gliscor|Knock Off|p1a: Zapdos
|-damage|p1a: Zapdos|91/100
|
|-heal|p2a: Gliscor|100/100 tox|[from] ability: Poison Heal
|upkeep
|turn|70
|
|t:|1781180311
|move|p1a: Zapdos|Hurricane|p2a: Gliscor|[miss]
|-miss|p1a: Zapdos|p2a: Gliscor
|move|p2a: Gliscor|Swords Dance|p2a: Gliscor
|-boost|p2a: Gliscor|atk|2
|
|upkeep
|turn|71
|
|t:|1781180316
|move|p1a: Zapdos|Hurricane|p2a: Gliscor
|-damage|p2a: Gliscor|59/100 tox
|move|p2a: Gliscor|Knock Off|p1a: Zapdos
|-damage|p1a: Zapdos|71/100
|
|-heal|p2a: Gliscor|71/100 tox|[from] ability: Poison Heal
|upkeep
|turn|72
|
|t:|1781180320
|move|p1a: Zapdos|Hurricane|p2a: Gliscor
|-damage|p2a: Gliscor|34/100 tox
|move|p2a: Gliscor|Knock Off|p1a: Zapdos
|-damage|p1a: Zapdos|52/100
|
|-heal|p2a: Gliscor|46/100 tox|[from] ability: Poison Heal
|upkeep
|turn|73
|
|t:|1781180327
|move|p2a: Gliscor|Protect|p2a: Gliscor
|-singleturn|p2a: Gliscor|Protect
|move|p1a: Zapdos|Hurricane|p2a: Gliscor
|-activate|p2a: Gliscor|move: Protect
|
|-heal|p2a: Gliscor|59/100 tox|[from] ability: Poison Heal
|upkeep
|turn|74
|
|t:|1781180332
|move|p1a: Zapdos|Hurricane|p2a: Gliscor|[miss]
|-miss|p1a: Zapdos|p2a: Gliscor
|move|p2a: Gliscor|Earthquake|p1a: Zapdos
|-immune|p1a: Zapdos
|
|-heal|p2a: Gliscor|71/100 tox|[from] ability: Poison Heal
|upkeep
|turn|75
|
|t:|1781180340
|move|p2a: Gliscor|Protect|p2a: Gliscor
|-singleturn|p2a: Gliscor|Protect
|move|p1a: Zapdos|Hurricane|p2a: Gliscor
|-activate|p2a: Gliscor|move: Protect
|
|-heal|p2a: Gliscor|84/100 tox|[from] ability: Poison Heal
|upkeep
|turn|76
|
|t:|1781180346
|move|p1a: Zapdos|Hurricane|p2a: Gliscor|[miss]
|-miss|p1a: Zapdos|p2a: Gliscor
|move|p2a: Gliscor|Earthquake|p1a: Zapdos
|-immune|p1a: Zapdos
|
|-heal|p2a: Gliscor|96/100 tox|[from] ability: Poison Heal
|upkeep
|turn|77
|
|t:|1781180349
|move|p1a: Zapdos|Hurricane|p2a: Gliscor
|-damage|p2a: Gliscor|56/100 tox
|-start|p2a: Gliscor|confusion
|-activate|p2a: Gliscor|confusion
|move|p2a: Gliscor|Knock Off|p1a: Zapdos
|-damage|p1a: Zapdos|32/100
|
|-heal|p2a: Gliscor|68/100 tox|[from] ability: Poison Heal
|upkeep
|turn|78
|
|t:|1781180352
|-activate|p2a: Gliscor|confusion
|move|p2a: Gliscor|Protect|p2a: Gliscor
|-singleturn|p2a: Gliscor|Protect
|move|p1a: Zapdos|Hurricane|p2a: Gliscor
|-activate|p2a: Gliscor|move: Protect
|
|-heal|p2a: Gliscor|81/100 tox|[from] ability: Poison Heal
|upkeep
|turn|79
|
|t:|1781180358
|move|p1a: Zapdos|Heat Wave|p2a: Gliscor
|-damage|p2a: Gliscor|59/100 tox
|-activate|p2a: Gliscor|confusion
|move|p2a: Gliscor|Earthquake|p1a: Zapdos
|-immune|p1a: Zapdos
|
|-heal|p2a: Gliscor|72/100 tox|[from] ability: Poison Heal
|upkeep
|turn|80
|
|t:|1781180365
|move|p1a: Zapdos|Heat Wave|p2a: Gliscor
|-damage|p2a: Gliscor|50/100 tox
|-end|p2a: Gliscor|confusion
|move|p2a: Gliscor|Knock Off|p1a: Zapdos
|-damage|p1a: Zapdos|11/100
|
|-heal|p2a: Gliscor|63/100 tox|[from] ability: Poison Heal
|upkeep
|turn|81
|
|t:|1781180368
|move|p1a: Zapdos|Heat Wave|p2a: Gliscor|[miss]
|-miss|p1a: Zapdos|p2a: Gliscor
|move|p2a: Gliscor|Earthquake|p1a: Zapdos
|-immune|p1a: Zapdos
|
|-heal|p2a: Gliscor|75/100 tox|[from] ability: Poison Heal
|upkeep
|turn|82
|
|t:|1781180375
|move|p1a: Zapdos|Heat Wave|p2a: Gliscor|[miss]
|-miss|p1a: Zapdos|p2a: Gliscor
|move|p2a: Gliscor|Earthquake|p1a: Zapdos
|-immune|p1a: Zapdos
|
|-heal|p2a: Gliscor|88/100 tox|[from] ability: Poison Heal
|upkeep
|turn|83
|
|t:|1781180382
|move|p1a: Zapdos|Heat Wave|p2a: Gliscor
|-damage|p2a: Gliscor|67/100 tox
|move|p2a: Gliscor|Knock Off|p1a: Zapdos
|-crit|p1a: Zapdos
|-damage|p1a: Zapdos|0 fnt
|faint|p1a: Zapdos
|
|-heal|p2a: Gliscor|79/100 tox|[from] ability: Poison Heal
|upkeep
|
|t:|1781180387
|switch|p1a: Hippowdon|Hippowdon, F|100/100
|-damage|p1a: Hippowdon|94/100|[from] Stealth Rock
|-status|p1a: Hippowdon|tox
|-weather|Sandstorm|[from] ability: Sand Stream|[of] p1a: Hippowdon
|turn|84
|
|t:|1781180397
|move|p2a: Gliscor|Earthquake|p1a: Hippowdon
|-damage|p1a: Hippowdon|60/100 tox
|move|p1a: Hippowdon|Whirlwind|p2a: Gliscor
|drag|p2a: Dondozo|Dondozo, F|100/100
|-damage|p2a: Dondozo|76/100|[from] Spikes
|
|-weather|Sandstorm|[upkeep]
|-damage|p2a: Dondozo|69/100|[from] Sandstorm
|-heal|p2a: Dondozo|76/100|[from] item: Leftovers
|-damage|p1a: Hippowdon|54/100 tox|[from] psn
|upkeep
|turn|85
|
|t:|1781180403
|move|p1a: Hippowdon|Slack Off|p1a: Hippowdon
|-heal|p1a: Hippowdon|100/100 tox
|move|p2a: Dondozo|Waterfall|p1a: Hippowdon
|-supereffective|p1a: Hippowdon
|-damage|p1a: Hippowdon|71/100 tox
|
|-weather|Sandstorm|[upkeep]
|-damage|p2a: Dondozo|69/100|[from] Sandstorm
|-heal|p2a: Dondozo|76/100|[from] item: Leftovers
|-damage|p1a: Hippowdon|59/100 tox|[from] psn
|upkeep
|turn|86
|
|t:|1781180407
|move|p2a: Dondozo|Waterfall|p1a: Hippowdon
|-supereffective|p1a: Hippowdon
|-damage|p1a: Hippowdon|31/100 tox
|move|p1a: Hippowdon|Whirlwind|p2a: Dondozo
|drag|p2a: Corviknight|Corviknight, F|95/100
|-ability|p2a: Corviknight|Pressure
|
|-weather|Sandstorm|[upkeep]
|-heal|p2a: Corviknight|100/100|[from] item: Leftovers
|-damage|p1a: Hippowdon|13/100 tox|[from] psn
|upkeep
|turn|87
|
|t:|1781180413
|switch|p2a: Gliscor|Gliscor, M|79/100 tox
|move|p1a: Hippowdon|Whirlwind|p2a: Gliscor
|drag|p2a: Blissey|Blissey, F|42/100
|-damage|p2a: Blissey|17/100|[from] Spikes
|
|-weather|Sandstorm|[upkeep]
|-damage|p2a: Blissey|10/100|[from] Sandstorm
|-heal|p2a: Blissey|17/100|[from] item: Leftovers
|-damage|p1a: Hippowdon|0 fnt|[from] psn
|faint|p1a: Hippowdon
|upkeep
|
|t:|1781180417
|switch|p1a: Dragonite|Dragonite, M|88/100 tox
|turn|88
|
|t:|1781180427
|switch|p2a: Corviknight|Corviknight, F|100/100
|-ability|p2a: Corviknight|Pressure
|move|p1a: Dragonite|Dragon Dance|p1a: Dragonite
|-boost|p1a: Dragonite|atk|1
|-boost|p1a: Dragonite|spe|1
|
|-weather|none
|-damage|p1a: Dragonite|82/100 tox|[from] psn
|upkeep
|turn|89
|
|t:|1781180431
|move|p1a: Dragonite|Dragon Dance|p1a: Dragonite
|-boost|p1a: Dragonite|atk|1
|-boost|p1a: Dragonite|spe|1
|move|p2a: Corviknight|Iron Defense|p2a: Corviknight
|-boost|p2a: Corviknight|def|2
|
|-damage|p1a: Dragonite|70/100 tox|[from] psn
|upkeep
|turn|90
|
|t:|1781180440
|move|p1a: Dragonite|Roost|p1a: Dragonite
|-heal|p1a: Dragonite|100/100 tox
|-singleturn|p1a: Dragonite|move: Roost
|move|p2a: Corviknight|Body Press|p1a: Dragonite
|-damage|p1a: Dragonite|69/100 tox
|
|-damage|p1a: Dragonite|51/100 tox|[from] psn
|upkeep
|turn|91
|
|t:|1781180449
|move|p1a: Dragonite|Roost|p1a: Dragonite
|-heal|p1a: Dragonite|100/100 tox
|-singleturn|p1a: Dragonite|move: Roost
|move|p2a: Corviknight|Body Press|p1a: Dragonite
|-damage|p1a: Dragonite|70/100 tox
|
|-damage|p1a: Dragonite|45/100 tox|[from] psn
|upkeep
|turn|92
|
|t:|1781180453
|move|p1a: Dragonite|Roost|p1a: Dragonite
|-heal|p1a: Dragonite|95/100 tox
|-singleturn|p1a: Dragonite|move: Roost
|move|p2a: Corviknight|Body Press|p1a: Dragonite
|-damage|p1a: Dragonite|33/100 tox
|
|-damage|p1a: Dragonite|2/100 tox|[from] psn
|upkeep
|turn|93
|
|t:|1781180462
|switch|p1a: Skarmory|Skarmory, M|70/100 brn
|-damage|p1a: Skarmory|58/100 brn|[from] Stealth Rock
|move|p2a: Corviknight|Body Press|p1a: Skarmory
|-damage|p1a: Skarmory|27/100 brn
|
|-damage|p1a: Skarmory|21/100 brn|[from] brn
|upkeep
|turn|94
|
|t:|1781180467
|move|p2a: Corviknight|Body Press|p1a: Skarmory
|-crit|p1a: Skarmory
|-damage|p1a: Skarmory|0 fnt
|faint|p1a: Skarmory
|
|upkeep
|
|t:|1781180472
|switch|p1a: Slowking|Slowking, M|100/100
|turn|95
|
|t:|1781180483
|move|p2a: Corviknight|Defog|p1a: Slowking
|-unboost|p1a: Slowking|evasion|1
|-sideend|p1: KurisuChestnutLab|Toxic Spikes|[from] move: Defog|[of] p2a: Corviknight
|-sideend|p1: KurisuChestnutLab|Stealth Rock|[from] move: Defog|[of] p2a: Corviknight
|-sideend|p2: cumtd|Spikes|[from] move: Defog|[of] p2a: Corviknight
|move|p1a: Slowking|Scald|p2a: Corviknight
|-damage|p2a: Corviknight|69/100
|
|-heal|p2a: Corviknight|75/100|[from] item: Leftovers
|upkeep
|turn|96
|
|t:|1781180488
|switch|p2a: Toxapex|Toxapex, F|100/100
|switch|p1a: Primarina|Primarina, M|88/100
|
|upkeep
|turn|97
|
|t:|1781180498
|-terastallize|p1a: Primarina|Poison
|move|p1a: Primarina|Psychic|p2a: Toxapex
|-supereffective|p2a: Toxapex
|-damage|p2a: Toxapex|44/100
|move|p2a: Toxapex|Poison Jab|p1a: Primarina
|-resisted|p1a: Primarina
|-damage|p1a: Primarina|76/100
|
|upkeep
|turn|98
|
|t:|1781180520
|switch|p2a: Dondozo|Dondozo, F|76/100
|move|p1a: Primarina|Surf|p2a: Dondozo
|-resisted|p2a: Dondozo
|-damage|p2a: Dondozo|51/100
|
|-heal|p2a: Dondozo|57/100|[from] item: Leftovers
|upkeep
|turn|99
|
|t:|1781180525
|move|p1a: Primarina|Surf|p2a: Dondozo
|-resisted|p2a: Dondozo
|-damage|p2a: Dondozo|32/100
|move|p2a: Dondozo|Rest|p2a: Dondozo
|-status|p2a: Dondozo|slp|[from] move: Rest
|-heal|p2a: Dondozo|100/100 slp|[silent]
|
|upkeep
|turn|100
|
|t:|1781180534
|move|p1a: Primarina|Surf|p2a: Dondozo
|-resisted|p2a: Dondozo
|-damage|p2a: Dondozo|77/100 slp
|cant|p2a: Dondozo|slp
|move|p2a: Dondozo|Sleep Talk|p2a: Dondozo
|move|p2a: Dondozo|Waterfall|p1a: Primarina|[from] move: Sleep Talk
|-damage|p1a: Primarina|41/100
|
|-heal|p2a: Dondozo|84/100 slp|[from] item: Leftovers
|upkeep
|turn|101
|
|t:|1781180540
|move|p1a: Primarina|Moonblast|p2a: Dondozo
|-damage|p2a: Dondozo|32/100 slp
|cant|p2a: Dondozo|slp
|move|p2a: Dondozo|Sleep Talk|p2a: Dondozo
|move|p2a: Dondozo|Curse|p2a: Dondozo|[from] move: Sleep Talk
|-unboost|p2a: Dondozo|spe|1
|-boost|p2a: Dondozo|atk|1
|-boost|p2a: Dondozo|def|1
|
|-heal|p2a: Dondozo|38/100 slp|[from] item: Leftovers
|upkeep
|turn|102
|
|t:|1781180546
|switch|p2a: Toxapex|Toxapex, F|78/100
|move|p1a: Primarina|Moonblast|p2a: Toxapex
|-resisted|p2a: Toxapex
|-damage|p2a: Toxapex|58/100
|
|upkeep
|turn|103
|
|t:|1781180555
|move|p1a: Primarina|Surf|p2a: Toxapex
|-resisted|p2a: Toxapex
|-damage|p2a: Toxapex|40/100
|move|p2a: Toxapex|Recover|p2a: Toxapex
|-heal|p2a: Toxapex|90/100
|
|upkeep
|turn|104
|
|t:|1781180562
|switch|p2a: Dondozo|Dondozo, F|38/100 slp
|move|p1a: Primarina|Surf|p2a: Dondozo
|-resisted|p2a: Dondozo
|-damage|p2a: Dondozo|13/100 slp
|
|-heal|p2a: Dondozo|20/100 slp|[from] item: Leftovers
|upkeep
|turn|105
|
|t:|1781180569
|switch|p1a: Dragonite|Dragonite, M|2/100 tox
|switch|p2a: Corviknight|Corviknight, F|75/100
|-ability|p2a: Corviknight|Pressure
|
|-heal|p2a: Corviknight|81/100|[from] item: Leftovers
|-damage|p1a: Dragonite|0 fnt|[from] psn
|faint|p1a: Dragonite
|upkeep
|
|t:|1781180575
|switch|p1a: Primarina|Primarina, M, tera:Poison|41/100
|turn|106
|
|t:|1781180589
|move|p2a: Corviknight|Body Press|p1a: Primarina
|-resisted|p1a: Primarina
|-damage|p1a: Primarina|25/100
|move|p1a: Primarina|Flip Turn|p2a: Corviknight
|-damage|p2a: Corviknight|70/100
|
|t:|1781180596
|switch|p1a: Slowking|Slowking, M|100/100|[from] Flip Turn
|
|-heal|p2a: Corviknight|76/100|[from] item: Leftovers
|upkeep
|turn|107
|
|t:|1781180600
|move|p2a: Corviknight|Body Press|p1a: Slowking
|-resisted|p1a: Slowking
|-damage|p1a: Slowking|88/100
|move|p1a: Slowking|Scald|p2a: Corviknight
|-damage|p2a: Corviknight|48/100
|
|-heal|p2a: Corviknight|54/100|[from] item: Leftovers
|upkeep
|turn|108
|
|t:|1781180605
|move|p2a: Corviknight|Body Press|p1a: Slowking
|-resisted|p1a: Slowking
|-damage|p1a: Slowking|73/100
|move|p1a: Slowking|Scald|p2a: Corviknight
|-damage|p2a: Corviknight|25/100
|
|-heal|p2a: Corviknight|31/100|[from] item: Leftovers
|upkeep
|turn|109
|
|t:|1781180612
|move|p2a: Corviknight|Body Press|p1a: Slowking
|-resisted|p1a: Slowking
|-damage|p1a: Slowking|60/100
|move|p1a: Slowking|Scald|p2a: Corviknight
|-damage|p2a: Corviknight|0 fnt
|faint|p2a: Corviknight
|
|upkeep
|
|t:|1781180614
|switch|p2a: Blissey|Blissey, F|17/100
|turn|110
|
|t:|1781180620
|move|p2a: Blissey|Soft-Boiled|p2a: Blissey
|-heal|p2a: Blissey|67/100
|move|p1a: Slowking|Slack Off|p1a: Slowking
|-heal|p1a: Slowking|100/100
|
|-heal|p2a: Blissey|73/100|[from] item: Leftovers
|upkeep
|turn|111
|
|t:|1781180624
|move|p2a: Blissey|Stealth Rock|p1a: Slowking
|-sidestart|p1: KurisuChestnutLab|move: Stealth Rock
|move|p1a: Slowking|Scald|p2a: Blissey
|-damage|p2a: Blissey|65/100
|-status|p2a: Blissey|brn
|
|-heal|p2a: Blissey|71/100 brn|[from] item: Leftovers
|-damage|p2a: Blissey|65/100 brn|[from] brn
|upkeep
|turn|112
|
|t:|1781180629
|-curestatus|p2a: Blissey|brn|[from] ability: Natural Cure|[silent]
|switch|p2a: Gliscor|Gliscor, M|79/100 tox
|move|p1a: Slowking|Scald|p2a: Gliscor
|-supereffective|p2a: Gliscor
|-damage|p2a: Gliscor|33/100 tox
|
|-heal|p2a: Gliscor|46/100 tox|[from] ability: Poison Heal
|upkeep
|turn|113
|
|t:|1781180632
|move|p2a: Gliscor|Knock Off|p1a: Slowking
|-supereffective|p1a: Slowking
|-crit|p1a: Slowking
|-damage|p1a: Slowking|31/100
|-enditem|p1a: Slowking|Heavy-Duty Boots|[from] move: Knock Off|[of] p2a: Gliscor
|-prepare|p1a: Slowking|Chilly Reception|[premajor]
|move|p1a: Slowking|Chilly Reception|p1a: Slowking
|-weather|Snowscape
|
|t:|1781180636
|switch|p1a: Primarina|Primarina, M, tera:Poison|25/100|[from] Chilly Reception
|-damage|p1a: Primarina|13/100|[from] Stealth Rock
|
|-weather|Snowscape|[upkeep]
|-heal|p2a: Gliscor|58/100 tox|[from] ability: Poison Heal
|upkeep
|turn|114
|
|t:|1781180641
|switch|p1a: Slowking|Slowking, M|64/100
|-damage|p1a: Slowking|52/100|[from] Stealth Rock
|move|p2a: Gliscor|Protect||[still]
|-fail|p2a: Gliscor
|
|-weather|Snowscape|[upkeep]
|-heal|p2a: Gliscor|71/100 tox|[from] ability: Poison Heal
|upkeep
|turn|115
|
|t:|1781180644
|move|p2a: Gliscor|Knock Off|p1a: Slowking
|-supereffective|p1a: Slowking
|-damage|p1a: Slowking|19/100
|move|p1a: Slowking|Slack Off|p1a: Slowking
|-heal|p1a: Slowking|69/100
|
|-weather|Snowscape|[upkeep]
|-heal|p2a: Gliscor|83/100 tox|[from] ability: Poison Heal
|upkeep
|turn|116
|
|t:|1781180649
|move|p2a: Gliscor|Knock Off|p1a: Slowking
|-supereffective|p1a: Slowking
|-damage|p1a: Slowking|38/100
|move|p1a: Slowking|Scald|p2a: Gliscor
|-supereffective|p2a: Gliscor
|-damage|p2a: Gliscor|37/100 tox
|
|-weather|Snowscape|[upkeep]
|-heal|p2a: Gliscor|49/100 tox|[from] ability: Poison Heal
|upkeep
|turn|117
|
|t:|1781180654
|-terastallize|p2a: Gliscor|Dark
|move|p2a: Gliscor|Knock Off|p1a: Slowking
|-supereffective|p1a: Slowking
|-damage|p1a: Slowking|0 fnt
|faint|p1a: Slowking
|
|-weather|none
|-heal|p2a: Gliscor|62/100 tox|[from] ability: Poison Heal
|upkeep
|
|t:|1781180658
|switch|p1a: Primarina|Primarina, M, tera:Poison|13/100
|-damage|p1a: Primarina|1/100|[from] Stealth Rock
|turn|118
|
|t:|1781180662
|move|p2a: Gliscor|Protect|p2a: Gliscor
|-singleturn|p2a: Gliscor|Protect
|move|p1a: Primarina|Surf|p2a: Gliscor
|-activate|p2a: Gliscor|move: Protect
|
|-heal|p2a: Gliscor|74/100 tox|[from] ability: Poison Heal
|upkeep
|turn|119
|
|t:|1781180667
|move|p2a: Gliscor|Earthquake|p1a: Primarina
|-supereffective|p1a: Primarina
|-damage|p1a: Primarina|0 fnt
|faint|p1a: Primarina
|
|win|cumtd
|raw|KurisuChestnutLab's rating: 1551 &rarr; <strong>1528</strong><br />(-23 for losing)
|raw|cumtd's rating: 1492 &rarr; <strong>1515</strong><br />(+23 for winning)
