|j|☆KnuckleTesting
|j|☆dnites
|t:|1781280713
|gametype|singles
|player|p1|KnuckleTesting|101|1581
|player|p2|dnites|1|1545
|gen|9
|tier|[Gen 9] OU
|rated|
|rule|HP Percentage Mod: HP is shown in percentages
|rule|Endless Battle Clause: Forcing endless battles is banned
|rule|Species Clause: Limit one of each Pokémon
|rule|OHKO Clause: OHKO moves are banned
|rule|Evasion Items Clause: Evasion items are banned
|rule|Evasion Moves Clause: Evasion moves are banned
|rule|Evasion Abilities Clause: Evasion abilities are banned
|rule|Sleep Moves Clause: Sleep-inducing moves are banned
|clearpoke
|poke|p1|Regieleki|
|poke|p1|Zamazenta-*|
|poke|p1|Corviknight, M|
|poke|p1|Grafaiai, F|
|poke|p1|Alomomola, M|
|poke|p1|Gliscor, F|
|poke|p2|Pincurchin, M|
|poke|p2|Hawlucha, F|
|poke|p2|Iron Valiant|
|poke|p2|Latias, F|
|poke|p2|Raichu-Alola, F|
|poke|p2|Iron Moth|
|teampreview
|inactive|Battle timer is ON: inactive players will automatically lose when time's up. (requested by KnuckleTesting)
|
|t:|1781280728
|teamsize|p1|6
|teamsize|p2|6
|start
|switch|p1a: Regieleki|Regieleki|100/100
|switch|p2a: Pincurchin|Pincurchin, M|100/100
|-fieldstart|move: Electric Terrain|[from] ability: Electric Surge|[of] p2a: Pincurchin
|turn|1
|
|t:|1781280735
|move|p1a: Regieleki|Thunderbolt|p2a: Pincurchin
|-resisted|p2a: Pincurchin
|-damage|p2a: Pincurchin|33/100
|move|p2a: Pincurchin|Spikes|p1a: Regieleki
|-sidestart|p1: KnuckleTesting|Spikes
|
|upkeep
|turn|2
|
|t:|1781280740
|switch|p2a: Raichu|Raichu-Alola, F|100/100
|move|p1a: Regieleki|Thunderbolt|p2a: Raichu
|-resisted|p2a: Raichu
|-damage|p2a: Raichu|21/100
|
|upkeep
|turn|3
|
|t:|1781280746
|switch|p1a: Gliscor|Gliscor, F|100/100
|move|p2a: Raichu|Psyshock|p1a: Gliscor
|-damage|p1a: Gliscor|56/100
|
|-status|p1a: Gliscor|tox|[from] item: Toxic Orb
|upkeep
|turn|4
|
|t:|1781280753
|move|p1a: Gliscor|Protect|p1a: Gliscor
|-singleturn|p1a: Gliscor|Protect
|move|p2a: Raichu|Psyshock|p1a: Gliscor
|-activate|p1a: Gliscor|move: Protect
|
|-heal|p1a: Gliscor|68/100 tox|[from] ability: Poison Heal
|upkeep
|turn|5
|
|t:|1781280768
|switch|p2a: Hawlucha|Hawlucha, F|100/100
|-enditem|p2a: Hawlucha|Electric Seed
|-boost|p2a: Hawlucha|def|1|[from] item: Electric Seed
|move|p1a: Gliscor|Knock Off|p2a: Hawlucha
|-resisted|p2a: Hawlucha
|-damage|p2a: Hawlucha|94/100
|
|-heal|p1a: Gliscor|81/100 tox|[from] ability: Poison Heal
|upkeep
|turn|6
|
|t:|1781280780
|switch|p1a: Corviknight|Corviknight, M|100/100
|-ability|p1a: Corviknight|Pressure
|move|p2a: Hawlucha|Encore||[still]
|-fail|p2a: Hawlucha
|
|upkeep
|turn|7
|
|t:|1781280784
|move|p2a: Hawlucha|Swords Dance|p2a: Hawlucha
|-boost|p2a: Hawlucha|atk|2
|move|p1a: Corviknight|Brave Bird|p2a: Hawlucha
|-supereffective|p2a: Hawlucha
|-damage|p2a: Hawlucha|38/100
|-damage|p1a: Corviknight|84/100|[from] Recoil
|
|upkeep
|turn|8
|
|t:|1781280790
|move|p2a: Hawlucha|Drain Punch|p1a: Corviknight
|-damage|p1a: Corviknight|44/100
|-heal|p2a: Hawlucha|61/100|[from] drain|[of] p1a: Corviknight
|-damage|p2a: Hawlucha|44/100|[from] item: Rocky Helmet|[of] p1a: Corviknight
|move|p1a: Corviknight|Brave Bird|p2a: Hawlucha
|-supereffective|p2a: Hawlucha
|-damage|p2a: Hawlucha|0 fnt
|faint|p2a: Hawlucha
|-damage|p1a: Corviknight|32/100|[from] Recoil
|
|-fieldend|move: Electric Terrain
|upkeep
|
|t:|1781280795
|switch|p2a: Pincurchin|Pincurchin, M|33/100
|-fieldstart|move: Electric Terrain|[from] ability: Electric Surge|[of] p2a: Pincurchin
|turn|9
|
|t:|1781280804
|switch|p2a: Iron Moth|Iron Moth|100/100
|-activate|p2a: Iron Moth|ability: Quark Drive
|-start|p2a: Iron Moth|quarkdrivespa
|move|p1a: Corviknight|Roost|p1a: Corviknight
|-heal|p1a: Corviknight|82/100
|-singleturn|p1a: Corviknight|move: Roost
|
|upkeep
|turn|10
|
|t:|1781280810
|switch|p1a: Alomomola|Alomomola, M|100/100
|-damage|p1a: Alomomola|88/100|[from] Spikes
|move|p2a: Iron Moth|Fiery Dance|p1a: Alomomola
|-resisted|p1a: Alomomola
|-damage|p1a: Alomomola|74/100
|
|upkeep
|turn|11
|
|t:|1781280813
|move|p2a: Iron Moth|Fiery Dance|p1a: Alomomola
|-resisted|p1a: Alomomola
|-damage|p1a: Alomomola|59/100
|-boost|p2a: Iron Moth|spa|1
|move|p1a: Alomomola|Mirror Coat|p2a: Iron Moth
|-damage|p2a: Iron Moth|47/100
|
|upkeep
|turn|12
|
|t:|1781280825
|move|p2a: Iron Moth|Discharge|p1a: Alomomola
|-supereffective|p1a: Alomomola
|-damage|p1a: Alomomola|0 fnt
|faint|p1a: Alomomola
|
|upkeep
|
|t:|1781280831
|switch|p1a: Regieleki|Regieleki|100/100
|-damage|p1a: Regieleki|88/100|[from] Spikes
|turn|13
|
|t:|1781280846
|move|p1a: Regieleki|Thunderbolt|p2a: Iron Moth
|-damage|p2a: Iron Moth|0 fnt
|faint|p2a: Iron Moth
|-end|p2a: Iron Moth|Quark Drive|[silent]
|
|upkeep
|
|t:|1781280852
|switch|p2a: Latias|Latias, F|100/100
|-enditem|p2a: Latias|Electric Seed
|-boost|p2a: Latias|def|1|[from] item: Electric Seed
|turn|14
|
|t:|1781280857
|-terastallize|p1a: Regieleki|Electric
|move|p1a: Regieleki|Thunderbolt|p2a: Latias
|-resisted|p2a: Latias
|-damage|p2a: Latias|47/100
|move|p2a: Latias|Calm Mind|p2a: Latias
|-boost|p2a: Latias|spa|1
|-boost|p2a: Latias|spd|1
|
|upkeep
|turn|15
|
|t:|1781280866
|move|p1a: Regieleki|Thunderbolt|p2a: Latias
|-resisted|p2a: Latias
|-damage|p2a: Latias|13/100
|move|p2a: Latias|Recover|p2a: Latias
|-heal|p2a: Latias|63/100
|
|upkeep
|turn|16
|
|t:|1781280873
|switch|p1a: Zamazenta|Zamazenta|100/100
|-damage|p1a: Zamazenta|88/100|[from] Spikes
|-ability|p1a: Zamazenta|Dauntless Shield|boost
|-boost|p1a: Zamazenta|def|1
|move|p2a: Latias|Recover|p2a: Latias
|-heal|p2a: Latias|100/100
|
|-fieldend|move: Electric Terrain
|upkeep
|turn|17
|
|t:|1781280877
|move|p1a: Zamazenta|Crunch|p2a: Latias
|-supereffective|p2a: Latias
|-damage|p2a: Latias|61/100
|move|p2a: Latias|Stored Power|p1a: Zamazenta
|-supereffective|p1a: Zamazenta
|-damage|p1a: Zamazenta|11/100
|
|upkeep
|turn|18
|
|t:|1781280887
|-terastallize|p2a: Latias|Poison
|move|p1a: Zamazenta|Crunch|p2a: Latias
|-damage|p2a: Latias|41/100
|move|p2a: Latias|Recover|p2a: Latias
|-heal|p2a: Latias|91/100
|
|upkeep
|turn|19
|
|t:|1781280891
|move|p1a: Zamazenta|Crunch|p2a: Latias
|-damage|p2a: Latias|72/100
|move|p2a: Latias|Stored Power|p1a: Zamazenta
|-supereffective|p1a: Zamazenta
|-damage|p1a: Zamazenta|0 fnt
|faint|p1a: Zamazenta
|
|upkeep
|
|t:|1781280899
|switch|p1a: Grafaiai|Grafaiai, F|100/100
|-damage|p1a: Grafaiai|88/100|[from] Spikes
|turn|20
|
|t:|1781280905
|move|p1a: Grafaiai|Encore|p2a: Latias
|-start|p2a: Latias|Encore
|move|p2a: Latias|Stored Power|p1a: Grafaiai
|-supereffective|p1a: Grafaiai
|-damage|p1a: Grafaiai|0 fnt
|faint|p1a: Grafaiai
|
|upkeep
|
|t:|1781280912
|switch|p1a: Regieleki|Regieleki, tera:Electric|88/100
|-damage|p1a: Regieleki|76/100|[from] Spikes
|turn|21
|
|t:|1781280914
|move|p1a: Regieleki|Thunderbolt|p2a: Latias
|-damage|p2a: Latias|14/100
|move|p2a: Latias|Stored Power|p1a: Regieleki
|-damage|p1a: Regieleki|0 fnt
|faint|p1a: Regieleki
|
|upkeep
|
|t:|1781280917
|switch|p1a: Gliscor|Gliscor, F|81/100 tox
|turn|22
|
|t:|1781280919
|move|p2a: Latias|Stored Power|p1a: Gliscor
|-damage|p1a: Gliscor|39/100 tox
|move|p1a: Gliscor|Knock Off|p2a: Latias
|-damage|p2a: Latias|7/100
|
|-heal|p1a: Gliscor|51/100 tox|[from] ability: Poison Heal
|-end|p2a: Latias|Encore
|upkeep
|turn|23
|
|t:|1781280923
|move|p2a: Latias|Recover|p2a: Latias
|-heal|p2a: Latias|57/100
|move|p1a: Gliscor|Knock Off|p2a: Latias
|-damage|p2a: Latias|49/100
|
|-heal|p1a: Gliscor|64/100 tox|[from] ability: Poison Heal
|upkeep
|turn|24
|-message|KnuckleTesting forfeited.
|
|win|dnites
|raw|KnuckleTesting's rating: 1581 &rarr; <strong>1559</strong><br />(-22 for losing)
|raw|dnites's rating: 1545 &rarr; <strong>1567</strong><br />(+22 for winning)
|l|☆KnuckleTesting
|player|p1|
|l|☆dnites
|player|p2|
