|j|☆MAMELUCO DE ELITE
|j|☆tauros3
|t:|1781378727
|gametype|singles
|player|p1|MAMELUCO DE ELITE|101|1608
|player|p2|tauros3|swimmer-gen4dp|1708
|gen|9
|tier|[Gen 9] OU
|rated|
|rule|HP Percentage Mod: HP is shown in percentages
|rule|Endless Battle Clause: Forcing endless battles is banned
|rule|Species Clause: Limit one of each Pokémon
|rule|OHKO Clause: OHKO moves are banned
|rule|Evasion Items Clause: Evasion items are banned
|rule|Evasion Moves Clause: Evasion moves are banned
|rule|Evasion Abilities Clause: Evasion abilities are banned
|rule|Sleep Moves Clause: Sleep-inducing moves are banned
|clearpoke
|poke|p1|Pelipper, F|
|poke|p1|Hatterene, F|
|poke|p1|Iron Treads|
|poke|p1|Toxicroak, F|
|poke|p1|Barraskewda, F|
|poke|p1|Zapdos|
|poke|p2|Ninetales-Alola, F|
|poke|p2|Kyurem|
|poke|p2|Moltres-Galar|
|poke|p2|Ursaluna, M|
|poke|p2|Diancie|
|poke|p2|Hatterene, F|
|teampreview
|inactive|Battle timer is ON: inactive players will automatically lose when time's up. (requested by tauros3)
|inactive|MAMELUCO DE ELITE has 120 seconds left.
|inactive|tauros3 has 120 seconds left.
|
|t:|1781378769
|teamsize|p1|6
|teamsize|p2|6
|start
|switch|p1a: Barraskewda|Barraskewda, F|100/100
|switch|p2a: The Good Life|Ninetales-Alola, F|100/100
|-weather|Snowscape|[from] ability: Snow Warning|[of] p2a: The Good Life
|turn|1
|
|t:|1781378777
|move|p1a: Barraskewda|Flip Turn|p2a: The Good Life
|-damage|p2a: The Good Life|62/100
|
|t:|1781378780
|switch|p1a: Pelipper|Pelipper, F, shiny|100/100|[from] Flip Turn
|-weather|RainDance|[from] ability: Drizzle|[of] p1a: Pelipper
|move|p2a: The Good Life|Freeze-Dry|p1a: Pelipper
|-supereffective|p1a: Pelipper
|-damage|p1a: Pelipper|26/100
|
|-weather|RainDance|[upkeep]
|upkeep
|turn|2
|
|t:|1781378790
|switch|p1a: Hatterene|Hatterene, F, shiny|100/100
|move|p2a: The Good Life|Snowscape|p2a: The Good Life
|-weather|Snowscape
|
|-weather|Snowscape|[upkeep]
|upkeep
|turn|3
|
|t:|1781378795
|move|p2a: The Good Life|Aurora Veil|p2a: The Good Life
|-sidestart|p2: tauros3|move: Aurora Veil
|move|p1a: Hatterene|Nuzzle|p2a: The Good Life
|-damage|p2a: The Good Life|60/100
|-status|p2a: The Good Life|par
|
|-weather|Snowscape|[upkeep]
|upkeep
|turn|4
|
|t:|1781378799
|move|p2a: The Good Life|Freeze-Dry|p1a: Hatterene
|-damage|p1a: Hatterene|78/100
|-enditem|p1a: Hatterene|Eject Button
|
|t:|1781378802
|switch|p1a: Pelipper|Pelipper, F, shiny|26/100
|-weather|RainDance|[from] ability: Drizzle|[of] p1a: Pelipper
|
|-weather|RainDance|[upkeep]
|upkeep
|turn|5
|
|t:|1781378808
|switch|p1a: Hatterene|Hatterene, F, shiny|78/100
|cant|p2a: The Good Life|par
|
|-weather|RainDance|[upkeep]
|upkeep
|turn|6
|
|t:|1781378813
|switch|p2a: El Scorcho|Ursaluna, M|100/100
|move|p1a: Hatterene|Psychic Noise|p2a: El Scorcho
|-damage|p2a: El Scorcho|87/100
|-start|p2a: El Scorcho|move: Heal Block
|
|-weather|RainDance|[upkeep]
|-status|p2a: El Scorcho|brn|[from] item: Flame Orb
|upkeep
|turn|7
|
|t:|1781378826
|move|p2a: El Scorcho|Facade|p1a: Hatterene
|-damage|p1a: Hatterene|0 fnt
|faint|p1a: Hatterene
|
|-weather|RainDance|[upkeep]
|-damage|p2a: El Scorcho|81/100 brn|[from] brn
|-end|p2a: El Scorcho|move: Heal Block
|upkeep
|
|t:|1781378831
|switch|p1a: Barraskewda|Barraskewda, F|100/100
|turn|8
|
|t:|1781378857
|switch|p2a: Getchoo|Kyurem|100/100
|-ability|p2a: Getchoo|Pressure
|-terastallize|p1a: Barraskewda|Water
|move|p1a: Barraskewda|Liquidation|p2a: Getchoo
|-resisted|p2a: Getchoo
|-damage|p2a: Getchoo|65/100
|
|-weather|RainDance|[upkeep]
|upkeep
|turn|9
|
|t:|1781378867
|move|p1a: Barraskewda|Liquidation|p2a: Getchoo
|-resisted|p2a: Getchoo
|-damage|p2a: Getchoo|29/100
|move|p2a: Getchoo|Dragon Dance|p2a: Getchoo
|-boost|p2a: Getchoo|atk|1
|-boost|p2a: Getchoo|spe|1
|
|-weather|RainDance|[upkeep]
|upkeep
|turn|10
|
|t:|1781378875
|move|p1a: Barraskewda|Liquidation|p2a: Getchoo
|-resisted|p2a: Getchoo
|-damage|p2a: Getchoo|0 fnt
|faint|p2a: Getchoo
|
|-weather|RainDance|[upkeep]
|-sideend|p2: tauros3|move: Aurora Veil
|upkeep
|
|t:|1781378878
|switch|p2a: Pink Triangle|Hatterene, F|100/100
|turn|11
|
|t:|1781378883
|move|p1a: Barraskewda|Liquidation|p2a: Pink Triangle
|-enditem|p2a: Pink Triangle|Focus Sash
|-damage|p2a: Pink Triangle|1/100
|-unboost|p2a: Pink Triangle|def|1
|move|p2a: Pink Triangle|Trick Room|p2a: Pink Triangle
|-fieldstart|move: Trick Room|[of] p2a: Pink Triangle
|
|-weather|none
|upkeep
|turn|12
|
|t:|1781378898
|switch|p1a: Pelipper|Pelipper, F, shiny|26/100
|-weather|RainDance|[from] ability: Drizzle|[of] p1a: Pelipper
|move|p2a: Pink Triangle|Healing Wish|p2a: Pink Triangle
|faint|p2a: Pink Triangle
|
|-weather|RainDance|[upkeep]
|upkeep
|
|t:|1781378908
|switch|p2a: No Other One|Diancie|100/100
|turn|13
|
|t:|1781378929
|switch|p1a: Toxicroak|Toxicroak, F, shiny|100/100
|move|p2a: No Other One|Meteor Beam||[still]
|-prepare|p2a: No Other One|Meteor Beam
|-boost|p2a: No Other One|spa|1
|-enditem|p2a: No Other One|Power Herb
|-anim|p2a: No Other One|Meteor Beam|p1a: Toxicroak
|-resisted|p1a: Toxicroak
|-damage|p1a: Toxicroak|41/100
|
|-weather|RainDance|[upkeep]
|-heal|p1a: Toxicroak|54/100|[from] ability: Dry Skin
|upkeep
|turn|14
|
|t:|1781378942
|move|p2a: No Other One|Moonblast|p1a: Toxicroak
|-damage|p1a: Toxicroak|0 fnt
|faint|p1a: Toxicroak
|
|-weather|RainDance|[upkeep]
|upkeep
|inactive|MAMELUCO DE ELITE has 120 seconds left.
|
|t:|1781378957
|switch|p1a: Iron Treads|Iron Treads|100/100
|turn|15
|
|t:|1781378960
|move|p2a: No Other One|Earth Power|p1a: Iron Treads
|-supereffective|p1a: Iron Treads
|-damage|p1a: Iron Treads|34/100
|move|p1a: Iron Treads|Volt Switch|p2a: No Other One
|-damage|p2a: No Other One|92/100
|
|t:|1781378963
|-end|p1a: Iron Treads|Quark Drive|[silent]
|switch|p1a: Barraskewda|Barraskewda, F, tera:Water|100/100|[from] Volt Switch
|
|-weather|RainDance|[upkeep]
|-fieldend|move: Trick Room
|upkeep
|turn|16
|
|t:|1781378969
|switch|p2a: The Good Life|Ninetales-Alola, F|60/100 par
|-heal|p2a: The Good Life|100/100|[from] move: Healing Wish
|-weather|Snowscape|[from] ability: Snow Warning|[of] p2a: The Good Life
|move|p1a: Barraskewda|Liquidation|p2a: The Good Life
|-damage|p2a: The Good Life|17/100
|-unboost|p2a: The Good Life|def|1
|
|-weather|Snowscape|[upkeep]
|upkeep
|turn|17
|
|t:|1781378985
|move|p1a: Barraskewda|Liquidation|p2a: The Good Life
|-damage|p2a: The Good Life|0 fnt
|faint|p2a: The Good Life
|
|-weather|Snowscape|[upkeep]
|upkeep
|
|t:|1781378990
|switch|p2a: Butterfly|Moltres-Galar|100/100
|turn|18
|
|t:|1781378995
|move|p1a: Barraskewda|Liquidation|p2a: Butterfly
|-damage|p2a: Butterfly|0 fnt
|faint|p2a: Butterfly
|
|-weather|Snowscape|[upkeep]
|upkeep
|
|t:|1781379002
|switch|p2a: El Scorcho|Ursaluna, M|81/100 brn
|turn|19
|
|t:|1781379005
|-terastallize|p2a: El Scorcho|Normal
|move|p1a: Barraskewda|Liquidation|p2a: El Scorcho
|-damage|p2a: El Scorcho|18/100 brn
|-unboost|p2a: El Scorcho|def|1
|move|p2a: El Scorcho|Facade|p1a: Barraskewda
|-damage|p1a: Barraskewda|0 fnt
|faint|p1a: Barraskewda
|
|-weather|Snowscape|[upkeep]
|-damage|p2a: El Scorcho|12/100 brn|[from] brn
|upkeep
|inactive|MAMELUCO DE ELITE has 120 seconds left.
|
|t:|1781379050
|switch|p1a: Pelipper|Pelipper, F, shiny|26/100
|-weather|RainDance|[from] ability: Drizzle|[of] p1a: Pelipper
|turn|20
|
|t:|1781379054
|move|p2a: El Scorcho|Facade|p1a: Pelipper
|-damage|p1a: Pelipper|0 fnt
|faint|p1a: Pelipper
|
|-weather|RainDance|[upkeep]
|-damage|p2a: El Scorcho|6/100 brn|[from] brn
|upkeep
|
|t:|1781379056
|switch|p1a: Zapdos|Zapdos, shiny|100/100
|turn|21
|
|t:|1781379059
|move|p1a: Zapdos|Weather Ball|p2a: El Scorcho
|-damage|p2a: El Scorcho|0 fnt
|faint|p2a: El Scorcho
|
|-weather|RainDance|[upkeep]
|upkeep
|
|t:|1781379061
|switch|p2a: No Other One|Diancie|92/100
|turn|22
|
|t:|1781379062
|move|p1a: Zapdos|Weather Ball|p2a: No Other One
|-supereffective|p2a: No Other One
|-damage|p2a: No Other One|0 fnt
|faint|p2a: No Other One
|
|win|MAMELUCO DE ELITE
|raw|MAMELUCO DE ELITE's rating: 1608 &rarr; <strong>1634</strong><br />(+26 for winning)
|raw|tauros3's rating: 1708 &rarr; <strong>1682</strong><br />(-26 for losing)
|l|☆tauros3
|player|p2|
