|j|☆pepitodu14
|j|☆LUPIIT
|t:|1781025851
|gametype|singles
|player|p1|pepitodu14|cheren-gen5bw2|1527
|player|p2|LUPIIT|lucas|1517
|gen|9
|tier|[Gen 9] OU
|rated|
|rule|HP Percentage Mod: HP is shown in percentages
|rule|Endless Battle Clause: Forcing endless battles is banned
|rule|Species Clause: Limit one of each Pokémon
|rule|OHKO Clause: OHKO moves are banned
|rule|Evasion Items Clause: Evasion items are banned
|rule|Evasion Moves Clause: Evasion moves are banned
|rule|Evasion Abilities Clause: Evasion abilities are banned
|rule|Sleep Moves Clause: Sleep-inducing moves are banned
|clearpoke
|poke|p1|Hatterene, F|
|poke|p1|Great Tusk|
|poke|p1|Kyurem|
|poke|p1|Pecharunt|
|poke|p1|Cinderace, F|
|poke|p1|Tornadus-Therian, M|
|poke|p2|Comfey, M|
|poke|p2|Smeargle, F|
|poke|p2|Zapdos|
|poke|p2|Garganacl, F|
|poke|p2|Scizor, F|
|poke|p2|Tinkaton, F|
|teampreview
|inactive|Battle timer is ON: inactive players will automatically lose when time's up. (requested by LUPIIT)
|j| Trickford
|l| Trickford
|
|t:|1781025867
|teamsize|p1|6
|teamsize|p2|6
|start
|switch|p1a: Cinderace|Cinderace, F|100/100
|switch|p2a: Smeargle|Smeargle, F|100/100
|turn|1
|
|t:|1781025871
|move|p2a: Smeargle|Burning Bulwark|p2a: Smeargle
|-singleturn|p2a: Smeargle|move: Protect
|move|p1a: Cinderace|Pyro Ball|p2a: Smeargle
|-activate|p2a: Smeargle|move: Protect
|
|upkeep
|turn|2
|
|t:|1781025874
|switch|p2a: Garganacl|Garganacl, F|100/100
|move|p1a: Cinderace|Pyro Ball|p2a: Garganacl
|-resisted|p2a: Garganacl
|-damage|p2a: Garganacl|71/100
|
|-heal|p2a: Garganacl|77/100|[from] item: Leftovers
|upkeep
|turn|3
|
|t:|1781025879
|switch|p1a: Pecharunt|Pecharunt|100/100
|move|p2a: Garganacl|Salt Cure|p1a: Pecharunt
|-damage|p1a: Pecharunt|94/100
|-start|p1a: Pecharunt|Salt Cure
|
|-heal|p2a: Garganacl|83/100|[from] item: Leftovers
|-damage|p1a: Pecharunt|82/100|[from] Salt Cure
|upkeep
|turn|4
|
|t:|1781025882
|move|p1a: Pecharunt|Parting Shot|p2a: Garganacl
|-unboost|p2a: Garganacl|atk|1
|-unboost|p2a: Garganacl|spa|1
|
|t:|1781025884
|switch|p1a: Hatterene|Hatterene, F|100/100|[from] Parting Shot
|move|p2a: Garganacl|Stealth Rock|p1a: Hatterene
|move|p1a: Hatterene|Stealth Rock|p2a: Garganacl|[from] ability: Magic Bounce
|-sidestart|p2: LUPIIT|move: Stealth Rock
|
|-heal|p2a: Garganacl|89/100|[from] item: Leftovers
|upkeep
|turn|5
|
|t:|1781025891
|move|p1a: Hatterene|Psychic Noise|p2a: Garganacl
|-damage|p2a: Garganacl|63/100
|-start|p2a: Garganacl|move: Heal Block
|move|p2a: Garganacl|Salt Cure|p1a: Hatterene
|-damage|p1a: Hatterene|92/100
|-start|p1a: Hatterene|Salt Cure
|
|-damage|p1a: Hatterene|80/100|[from] Salt Cure
|upkeep
|turn|6
|
|t:|1781025905
|switch|p1a: Pecharunt|Pecharunt|82/100
|move|p2a: Garganacl|Stealth Rock|p1a: Pecharunt
|-sidestart|p1: pepitodu14|move: Stealth Rock
|
|-end|p2a: Garganacl|move: Heal Block
|upkeep
|turn|7
|
|t:|1781025913
|move|p1a: Pecharunt|Malignant Chain|p2a: Garganacl
|-resisted|p2a: Garganacl
|-damage|p2a: Garganacl|52/100
|move|p2a: Garganacl|Salt Cure|p1a: Pecharunt
|-damage|p1a: Pecharunt|77/100
|-start|p1a: Pecharunt|Salt Cure
|
|-heal|p2a: Garganacl|59/100|[from] item: Leftovers
|-damage|p1a: Pecharunt|64/100|[from] Salt Cure
|upkeep
|turn|8
|
|t:|1781025918
|move|p1a: Pecharunt|Malignant Chain|p2a: Garganacl
|-resisted|p2a: Garganacl
|-damage|p2a: Garganacl|47/100
|move|p2a: Garganacl|Recover|p2a: Garganacl
|-heal|p2a: Garganacl|97/100
|
|-heal|p2a: Garganacl|100/100|[from] item: Leftovers
|-damage|p1a: Pecharunt|52/100|[from] Salt Cure
|upkeep
|turn|9
|
|t:|1781025921
|move|p1a: Pecharunt|Malignant Chain|p2a: Garganacl
|-resisted|p2a: Garganacl
|-damage|p2a: Garganacl|89/100
|move|p2a: Garganacl|Salt Cure|p1a: Pecharunt
|-damage|p1a: Pecharunt|48/100
|
|-heal|p2a: Garganacl|95/100|[from] item: Leftovers
|-damage|p1a: Pecharunt|35/100|[from] Salt Cure
|upkeep
|turn|10
|
|t:|1781025930
|switch|p2a: Zapdos|Zapdos|100/100
|move|p1a: Pecharunt|Recover|p1a: Pecharunt
|-heal|p1a: Pecharunt|85/100
|
|-damage|p1a: Pecharunt|73/100|[from] Salt Cure
|upkeep
|turn|11
|
|t:|1781025934
|move|p2a: Zapdos|Discharge|p1a: Pecharunt
|-damage|p1a: Pecharunt|40/100
|move|p1a: Pecharunt|Parting Shot|p2a: Zapdos
|-unboost|p2a: Zapdos|atk|1
|-unboost|p2a: Zapdos|spa|1
|
|t:|1781025939
|switch|p1a: Kyurem|Kyurem|100/100|[from] Parting Shot
|-damage|p1a: Kyurem|76/100|[from] Stealth Rock
|-ability|p1a: Kyurem|Pressure
|
|upkeep
|turn|12
|
|t:|1781025944
|switch|p2a: Garganacl|Garganacl, F|95/100
|-damage|p2a: Garganacl|83/100|[from] Stealth Rock
|move|p1a: Kyurem|Ice Beam|p2a: Garganacl
|-damage|p2a: Garganacl|32/100
|
|-heal|p2a: Garganacl|38/100|[from] item: Leftovers
|upkeep
|turn|13
|
|t:|1781025949
|move|p2a: Garganacl|Protect|p2a: Garganacl
|-singleturn|p2a: Garganacl|Protect
|move|p1a: Kyurem|Ice Beam|p2a: Garganacl
|-activate|p2a: Garganacl|move: Protect
|
|-heal|p2a: Garganacl|44/100|[from] item: Leftovers
|upkeep
|turn|14
|
|t:|1781025963
|switch|p2a: Scizor|Scizor, F|100/100
|move|p1a: Kyurem|Ice Beam|p2a: Scizor
|-resisted|p2a: Scizor
|-damage|p2a: Scizor|64/100
|
|upkeep
|turn|15
|
|t:|1781025969
|switch|p1a: Cinderace|Cinderace, F|100/100
|-damage|p1a: Cinderace|76/100|[from] Stealth Rock
|move|p2a: Scizor|U-turn|p1a: Cinderace
|-resisted|p1a: Cinderace
|-damage|p1a: Cinderace|47/100
|
|t:|1781025978
|switch|p2a: Smeargle|Smeargle, F|100/100|[from] U-turn
|-damage|p2a: Smeargle|88/100|[from] Stealth Rock
|
|upkeep
|turn|16
|
|t:|1781025982
|move|p2a: Smeargle|Trick|p1a: Cinderace
|-activate|p2a: Smeargle|move: Trick|[of] p1a: Cinderace
|-item|p1a: Cinderace|Choice Scarf|[from] move: Trick
|-item|p2a: Smeargle|Choice Band|[from] move: Trick
|move|p1a: Cinderace|Pyro Ball|p2a: Smeargle
|-damage|p2a: Smeargle|0 fnt
|faint|p2a: Smeargle
|
|upkeep
|
|t:|1781025988
|switch|p2a: Garganacl|Garganacl, F|44/100
|-damage|p2a: Garganacl|32/100|[from] Stealth Rock
|turn|17
|
|t:|1781026006
|switch|p1a: Hatterene|Hatterene, F|80/100
|move|p2a: Garganacl|Recover|p2a: Garganacl
|-heal|p2a: Garganacl|82/100
|
|-heal|p2a: Garganacl|88/100|[from] item: Leftovers
|upkeep
|turn|18
|
|t:|1781026010
|move|p1a: Hatterene|Psychic Noise|p2a: Garganacl
|-damage|p2a: Garganacl|65/100
|-start|p2a: Garganacl|move: Heal Block
|move|p2a: Garganacl|Salt Cure|p1a: Hatterene
|-damage|p1a: Hatterene|68/100
|-start|p1a: Hatterene|Salt Cure
|
|-damage|p1a: Hatterene|56/100|[from] Salt Cure
|upkeep
|turn|19
|
|t:|1781026017
|switch|p2a: Scizor|Scizor, F|64/100
|move|p1a: Hatterene|Pain Split|p2a: Scizor
|-sethp|p2a: Scizor|63/100|[from] move: Pain Split|[silent]
|-sethp|p1a: Hatterene|56/100|[from] move: Pain Split
|
|-damage|p1a: Hatterene|44/100|[from] Salt Cure
|upkeep
|turn|20
|
|t:|1781026026
|switch|p1a: Pecharunt|Pecharunt|40/100
|-damage|p1a: Pecharunt|28/100|[from] Stealth Rock
|move|p2a: Scizor|U-turn|p1a: Pecharunt
|-resisted|p1a: Pecharunt
|-damage|p1a: Pecharunt|23/100
|-damage|p2a: Scizor|47/100|[from] item: Rocky Helmet|[of] p1a: Pecharunt
|
|t:|1781026032
|switch|p2a: Comfey|Comfey, M|100/100|[from] U-turn
|-damage|p2a: Comfey|88/100|[from] Stealth Rock
|
|upkeep
|turn|21
|
|t:|1781026036
|-terastallize|p2a: Comfey|Steel
|move|p2a: Comfey|Substitute|p2a: Comfey
|-start|p2a: Comfey|Substitute
|-damage|p2a: Comfey|63/100
|move|p1a: Pecharunt|Recover|p1a: Pecharunt
|-heal|p1a: Pecharunt|73/100
|
|upkeep
|turn|22
|
|t:|1781026040
|move|p2a: Comfey|Calm Mind|p2a: Comfey
|-boost|p2a: Comfey|spa|1
|-boost|p2a: Comfey|spd|1
|move|p1a: Pecharunt|Parting Shot|p2a: Comfey
|-unboost|p2a: Comfey|atk|1
|-unboost|p2a: Comfey|spa|1
|
|t:|1781026057
|switch|p1a: Tornadus|Tornadus-Therian, M|100/100|[from] Parting Shot
|-damage|p1a: Tornadus|76/100|[from] Stealth Rock
|
|upkeep
|turn|23
|
|t:|1781026060
|move|p1a: Tornadus|U-turn|p2a: Comfey
|-resisted|p2a: Comfey
|-activate|p2a: Comfey|move: Substitute|[damage]
|
|t:|1781026062
|switch|p1a: Pecharunt|Pecharunt|73/100|[from] U-turn
|-damage|p1a: Pecharunt|60/100|[from] Stealth Rock
|move|p2a: Comfey|Calm Mind|p2a: Comfey
|-boost|p2a: Comfey|spa|1
|-boost|p2a: Comfey|spd|1
|
|upkeep
|turn|24
|
|t:|1781026064
|move|p2a: Comfey|Calm Mind|p2a: Comfey
|-boost|p2a: Comfey|spa|1
|-boost|p2a: Comfey|spd|1
|move|p1a: Pecharunt|Parting Shot|p2a: Comfey
|-unboost|p2a: Comfey|atk|1
|-unboost|p2a: Comfey|spa|1
|
|t:|1781026066
|switch|p1a: Tornadus|Tornadus-Therian, M|100/100|[from] Parting Shot
|-damage|p1a: Tornadus|76/100|[from] Stealth Rock
|
|upkeep
|turn|25
|
|t:|1781026068
|move|p1a: Tornadus|U-turn|p2a: Comfey
|-resisted|p2a: Comfey
|-activate|p2a: Comfey|move: Substitute|[damage]
|
|t:|1781026070
|switch|p1a: Pecharunt|Pecharunt|60/100|[from] U-turn
|-damage|p1a: Pecharunt|48/100|[from] Stealth Rock
|move|p2a: Comfey|Calm Mind|p2a: Comfey
|-boost|p2a: Comfey|spa|1
|-boost|p2a: Comfey|spd|1
|
|upkeep
|turn|26
|
|t:|1781026072
|move|p2a: Comfey|Calm Mind|p2a: Comfey
|-boost|p2a: Comfey|spa|1
|-boost|p2a: Comfey|spd|1
|move|p1a: Pecharunt|Parting Shot|p2a: Comfey
|-unboost|p2a: Comfey|atk|1
|-unboost|p2a: Comfey|spa|1
|
|t:|1781026074
|switch|p1a: Tornadus|Tornadus-Therian, M|100/100|[from] Parting Shot
|-damage|p1a: Tornadus|76/100|[from] Stealth Rock
|
|upkeep
|turn|27
|
|t:|1781026076
|move|p1a: Tornadus|U-turn|p2a: Comfey
|-resisted|p2a: Comfey
|-end|p2a: Comfey|Substitute
|
|t:|1781026078
|switch|p1a: Pecharunt|Pecharunt|48/100|[from] U-turn
|-damage|p1a: Pecharunt|35/100|[from] Stealth Rock
|move|p2a: Comfey|Substitute|p2a: Comfey
|-start|p2a: Comfey|Substitute
|-damage|p2a: Comfey|38/100
|
|upkeep
|turn|28
|
|t:|1781026082
|move|p2a: Comfey|Calm Mind|p2a: Comfey
|-boost|p2a: Comfey|spa|1
|-boost|p2a: Comfey|spd|1
|move|p1a: Pecharunt|Parting Shot|p2a: Comfey
|-unboost|p2a: Comfey|atk|1
|-unboost|p2a: Comfey|spa|1
|
|t:|1781026084
|switch|p1a: Tornadus|Tornadus-Therian, M|100/100|[from] Parting Shot
|-damage|p1a: Tornadus|76/100|[from] Stealth Rock
|
|upkeep
|turn|29
|
|t:|1781026086
|move|p2a: Comfey|Draining Kiss|p1a: Tornadus
|-damage|p1a: Tornadus|47/100
|-heal|p2a: Comfey|64/100|[from] drain|[of] p1a: Tornadus
|move|p1a: Tornadus|Knock Off|p2a: Comfey
|-end|p2a: Comfey|Substitute
|
|upkeep
|turn|30
|
|t:|1781026091
|move|p2a: Comfey|Draining Kiss|p1a: Tornadus
|-damage|p1a: Tornadus|13/100
|-heal|p2a: Comfey|94/100|[from] drain|[of] p1a: Tornadus
|move|p1a: Tornadus|Knock Off|p2a: Comfey
|-damage|p2a: Comfey|68/100
|-enditem|p2a: Comfey|Metronome|[from] move: Knock Off|[of] p1a: Tornadus
|
|upkeep
|turn|31
|
|t:|1781026097
|move|p1a: Tornadus|Heat Wave|p2a: Comfey
|-supereffective|p2a: Comfey
|-damage|p2a: Comfey|55/100
|move|p2a: Comfey|Substitute|p2a: Comfey
|-start|p2a: Comfey|Substitute
|-damage|p2a: Comfey|30/100
|
|upkeep
|turn|32
|
|t:|1781026100
|move|p2a: Comfey|Draining Kiss|p1a: Tornadus
|-damage|p1a: Tornadus|0 fnt
|-heal|p2a: Comfey|41/100|[from] drain|[of] p1a: Tornadus
|faint|p1a: Tornadus
|
|upkeep
|
|t:|1781026105
|switch|p1a: Pecharunt|Pecharunt|35/100
|-damage|p1a: Pecharunt|23/100|[from] Stealth Rock
|turn|33
|
|t:|1781026107
|move|p2a: Comfey|Draining Kiss|p1a: Pecharunt
|-resisted|p1a: Pecharunt
|-damage|p1a: Pecharunt|1/100
|-heal|p2a: Comfey|62/100|[from] drain|[of] p1a: Pecharunt
|-damage|p2a: Comfey|45/100|[from] item: Rocky Helmet|[of] p1a: Pecharunt
|move|p1a: Pecharunt|Recover|p1a: Pecharunt
|-heal|p1a: Pecharunt|51/100
|
|upkeep
|turn|34
|
|t:|1781026112
|move|p2a: Comfey|Leech Seed|p1a: Pecharunt
|-start|p1a: Pecharunt|move: Leech Seed
|move|p1a: Pecharunt|Parting Shot|p2a: Comfey
|-unboost|p2a: Comfey|atk|1
|-unboost|p2a: Comfey|spa|1
|
|t:|1781026118
|switch|p1a: Cinderace|Cinderace, F|47/100|[from] Parting Shot
|-damage|p1a: Cinderace|22/100|[from] Stealth Rock
|
|upkeep
|turn|35
|
|t:|1781026125
|move|p2a: Comfey|Draining Kiss|p1a: Cinderace
|-resisted|p1a: Cinderace
|-damage|p1a: Cinderace|0 fnt
|-heal|p2a: Comfey|61/100|[from] drain|[of] p1a: Cinderace
|faint|p1a: Cinderace
|
|upkeep
|
|t:|1781026137
|switch|p1a: Kyurem|Kyurem|76/100
|-damage|p1a: Kyurem|51/100|[from] Stealth Rock
|-ability|p1a: Kyurem|Pressure
|turn|36
|
|t:|1781026140
|-terastallize|p1a: Kyurem|Ice
|move|p2a: Comfey|Draining Kiss|p1a: Kyurem
|-damage|p1a: Kyurem|21/100
|-heal|p2a: Comfey|90/100|[from] drain|[of] p1a: Kyurem
|move|p1a: Kyurem|Earth Power|p2a: Comfey
|-supereffective|p2a: Comfey
|-activate|p2a: Comfey|move: Substitute|[damage]
|
|upkeep
|turn|37
|
|t:|1781026143
|move|p2a: Comfey|Draining Kiss|p1a: Kyurem
|-damage|p1a: Kyurem|0 fnt
|-heal|p2a: Comfey|100/100|[from] drain|[of] p1a: Kyurem
|faint|p1a: Kyurem
|
|upkeep
|-message|pepitodu14 forfeited.
|
|win|LUPIIT
|raw|pepitodu14's rating: 1527 &rarr; <strong>1506</strong><br />(-21 for losing)
|raw|LUPIIT's rating: 1517 &rarr; <strong>1538</strong><br />(+21 for winning)
|l|☆pepitodu14
|player|p1|
|l|☆LUPIIT
|player|p2|
