|j|☆testingyup
|j|☆rekjllj
|t:|1781269050
|gametype|singles
|player|p1|testingyup|marlon|1573
|player|p2|rekjllj|169|1639
|gen|9
|tier|[Gen 9] OU
|rated|
|rule|HP Percentage Mod: HP is shown in percentages
|rule|Endless Battle Clause: Forcing endless battles is banned
|rule|Species Clause: Limit one of each Pokémon
|rule|OHKO Clause: OHKO moves are banned
|rule|Evasion Items Clause: Evasion items are banned
|rule|Evasion Moves Clause: Evasion moves are banned
|rule|Evasion Abilities Clause: Evasion abilities are banned
|rule|Sleep Moves Clause: Sleep-inducing moves are banned
|clearpoke
|poke|p1|Skeledirge, F|
|poke|p1|Kyurem|
|poke|p1|Cinderace, F|
|poke|p1|Ogerpon-Wellspring, F|
|poke|p1|Pecharunt|
|poke|p1|Tornadus-Therian, M|
|poke|p2|Walking Wake|
|poke|p2|Great Tusk|
|poke|p2|Ninetales, F|
|poke|p2|Cresselia, F|
|poke|p2|Zarude|
|poke|p2|Ceruledge, F|
|teampreview
|inactive|Battle timer is ON: inactive players will automatically lose when time's up. (requested by testingyup)
|c|☆rekjllj|hf
|inactive|rekjllj also wants the timer to be on.
|
|t:|1781269066
|teamsize|p1|6
|teamsize|p2|6
|start
|switch|p1a: Skeledirge|Skeledirge, F|100/100
|switch|p2a: Ceruledge|Ceruledge, F|100/100
|turn|1
|
|t:|1781269073
|switch|p1a: Tornadus|Tornadus-Therian, M|100/100
|move|p2a: Ceruledge|Poltergeist|p1a: Tornadus
|-activate|p1a: Tornadus|move: Poltergeist|Assault Vest
|-damage|p1a: Tornadus|40/100
|
|upkeep
|turn|2
|
|t:|1781269081
|move|p1a: Tornadus|U-turn|p2a: Ceruledge
|-resisted|p2a: Ceruledge
|-damage|p2a: Ceruledge|96/100
|-ability|p2a: Ceruledge|Weak Armor|boost
|-unboost|p2a: Ceruledge|def|1
|-boost|p2a: Ceruledge|spe|2
|
|t:|1781269090
|switch|p1a: Cinderace|Cinderace, F|100/100|[from] U-turn
|move|p2a: Ceruledge|Swords Dance|p2a: Ceruledge
|-boost|p2a: Ceruledge|atk|2
|
|upkeep
|turn|3
|
|t:|1781269095
|move|p1a: Cinderace|Sucker Punch|p2a: Ceruledge
|-start|p1a: Cinderace|typechange|Dark|[from] ability: Libero
|-supereffective|p2a: Ceruledge
|-damage|p2a: Ceruledge|0 fnt
|faint|p2a: Ceruledge
|
|upkeep
|
|t:|1781269102
|switch|p2a: Great Tusk|Great Tusk|100/100
|turn|4
|
|t:|1781269108
|switch|p1a: Tornadus|Tornadus-Therian, M|73/100
|move|p2a: Great Tusk|Ice Spinner|p1a: Tornadus
|-supereffective|p1a: Tornadus
|-damage|p1a: Tornadus|10/100
|
|upkeep
|turn|5
|
|t:|1781269114
|move|p1a: Tornadus|U-turn|p2a: Great Tusk
|-resisted|p2a: Great Tusk
|-damage|p2a: Great Tusk|95/100
|
|t:|1781269120
|switch|p1a: Pecharunt|Pecharunt|100/100|[from] U-turn
|move|p2a: Great Tusk|Headlong Rush|p1a: Pecharunt
|-supereffective|p1a: Pecharunt
|-damage|p1a: Pecharunt|0 fnt
|-unboost|p2a: Great Tusk|def|1
|-unboost|p2a: Great Tusk|spd|1
|faint|p1a: Pecharunt
|
|upkeep
|
|t:|1781269129
|switch|p1a: Ogerpon|Ogerpon-Wellspring, F|100/100
|turn|6
|
|t:|1781269135
|-terastallize|p2a: Great Tusk|Steel
|move|p1a: Ogerpon|Swords Dance|p1a: Ogerpon
|-boost|p1a: Ogerpon|atk|2
|move|p2a: Great Tusk|Rapid Spin|p1a: Ogerpon
|-damage|p1a: Ogerpon|76/100
|-boost|p2a: Great Tusk|spe|1
|
|upkeep
|turn|7
|
|t:|1781269141
|move|p2a: Great Tusk|Close Combat|p1a: Ogerpon
|-damage|p1a: Ogerpon|0 fnt
|-unboost|p2a: Great Tusk|def|1
|-unboost|p2a: Great Tusk|spd|1
|faint|p1a: Ogerpon
|
|upkeep
|
|t:|1781269163
|switch|p1a: Tornadus|Tornadus-Therian, M|43/100
|turn|8
|
|t:|1781269169
|-terastallize|p1a: Tornadus|Steel
|move|p2a: Great Tusk|Ice Spinner|p1a: Tornadus
|-resisted|p1a: Tornadus
|-damage|p1a: Tornadus|28/100
|move|p1a: Tornadus|Bleakwind Storm|p2a: Great Tusk
|-resisted|p2a: Great Tusk
|-damage|p2a: Great Tusk|59/100
|
|upkeep
|turn|9
|-message|testingyup forfeited.
|
|win|rekjllj
|raw|testingyup's rating: 1573 &rarr; <strong>1557</strong><br />(-16 for losing)
|raw|rekjllj's rating: 1639 &rarr; <strong>1655</strong><br />(+16 for winning)
|c|☆rekjllj|gg
|l|☆testingyup
|player|p1|
