|j|☆DON family
|j|☆n5v
|t:|1781473602
|gametype|singles
|player|p1|DON family|pokemonranger|1654
|player|p2|n5v|leon-masters|1651
|gen|9
|tier|[Gen 9] OU
|rated|
|rule|HP Percentage Mod: HP is shown in percentages
|rule|Endless Battle Clause: Forcing endless battles is banned
|rule|Species Clause: Limit one of each Pokémon
|rule|OHKO Clause: OHKO moves are banned
|rule|Evasion Items Clause: Evasion items are banned
|rule|Evasion Moves Clause: Evasion moves are banned
|rule|Evasion Abilities Clause: Evasion abilities are banned
|rule|Sleep Moves Clause: Sleep-inducing moves are banned
|clearpoke
|poke|p1|Araquanid, M|
|poke|p1|Haxorus, F|
|poke|p1|Latias, F|
|poke|p1|Iron Moth|
|poke|p1|Gholdengo|
|poke|p1|Iron Valiant|
|poke|p2|Raging Bolt|
|poke|p2|Enamorus, F|
|poke|p2|Rillaboom, M|
|poke|p2|Kingambit, F|
|poke|p2|Great Tusk|
|poke|p2|Slowking-Galar, M|
|teampreview
|c|☆n5v|glhf
|inactive|Battle timer is ON: inactive players will automatically lose when time's up. (requested by n5v)
|c|☆DON family|hf
|
|t:|1781473613
|teamsize|p1|6
|teamsize|p2|6
|start
|switch|p1a: Araquanid|Araquanid, M|100/100
|switch|p2a: goobing bolt|Raging Bolt|100/100
|turn|1
|
|t:|1781473618
|move|p1a: Araquanid|Endure|p1a: Araquanid
|-singleturn|p1a: Araquanid|move: Endure
|move|p2a: goobing bolt|Thunderbolt|p1a: Araquanid
|-supereffective|p1a: Araquanid
|-activate|p1a: Araquanid|move: Endure
|-damage|p1a: Araquanid|1/100
|
|upkeep
|turn|2
|-enditem|p1a: Araquanid|Custap Berry|[eat]
|-activate|p1a: Araquanid|item: Custap Berry|[consumed]
|
|t:|1781473624
|-end|p2a: goobing bolt|Protosynthesis|[silent]
|switch|p2a: cheap tusk|Great Tusk, shiny|100/100
|move|p1a: Araquanid|Sticky Web|p2a: cheap tusk
|-sidestart|p2: n5v|move: Sticky Web
|
|upkeep
|turn|3
|
|t:|1781473630
|switch|p1a: Gholdengo|Gholdengo|100/100
|-item|p1a: Gholdengo|Air Balloon
|move|p2a: cheap tusk|Headlong Rush|p1a: Gholdengo
|-immune|p1a: Gholdengo
|
|upkeep
|turn|4
|
|t:|1781473638
|switch|p1a: Araquanid|Araquanid, M|1/100
|move|p2a: cheap tusk|Ice Spinner|p1a: Araquanid
|-resisted|p1a: Araquanid
|-damage|p1a: Araquanid|0 fnt
|faint|p1a: Araquanid
|
|upkeep
|
|t:|1781473642
|switch|p1a: Latias|Latias, F, shiny|100/100
|turn|5
|
|t:|1781473647
|move|p2a: cheap tusk|Ice Spinner|p1a: Latias
|-supereffective|p1a: Latias
|-damage|p1a: Latias|65/100
|-enditem|p1a: Latias|Weakness Policy
|-boost|p1a: Latias|atk|2|[from] item: Weakness Policy
|-boost|p1a: Latias|spa|2|[from] item: Weakness Policy
|move|p1a: Latias|Agility|p1a: Latias
|-boost|p1a: Latias|spe|2
|
|upkeep
|turn|6
|
|t:|1781473653
|-end|p2a: cheap tusk|Protosynthesis|[silent]
|switch|p2a: neededaghostresist|Kingambit, F, shiny|100/100
|-activate|p2a: neededaghostresist|move: Sticky Web
|-unboost|p2a: neededaghostresist|spe|1
|move|p1a: Latias|Calm Mind|p1a: Latias
|-boost|p1a: Latias|spa|1
|-boost|p1a: Latias|spd|1
|
|upkeep
|turn|7
|
|t:|1781473659
|-terastallize|p1a: Latias|Fairy
|move|p2a: neededaghostresist|Sucker Punch|p1a: Latias
|-resisted|p1a: Latias
|-damage|p1a: Latias|49/100
|move|p1a: Latias|Draining Kiss|p2a: neededaghostresist
|-damage|p2a: neededaghostresist|38/100
|-heal|p1a: Latias|93/100|[from] drain|[of] p2a: neededaghostresist
|
|-heal|p2a: neededaghostresist|44/100|[from] item: Leftovers
|upkeep
|turn|8
|
|t:|1781473667
|move|p1a: Latias|Draining Kiss|p2a: neededaghostresist
|-damage|p2a: neededaghostresist|0 fnt
|-heal|p1a: Latias|100/100|[from] drain|[of] p2a: neededaghostresist
|faint|p2a: neededaghostresist
|-end|p2a: neededaghostresist|fallenundefined|[silent]
|
|upkeep
|
|t:|1781473675
|switch|p2a: wake not walking|Slowking-Galar, M, shiny|100/100
|-activate|p2a: wake not walking|move: Sticky Web
|-unboost|p2a: wake not walking|spe|1
|turn|9
|
|t:|1781473678
|-terastallize|p2a: wake not walking|Steel
|move|p1a: Latias|Calm Mind|p1a: Latias
|-boost|p1a: Latias|spa|1
|-boost|p1a: Latias|spd|1
|move|p2a: wake not walking|Psyshock|p1a: Latias
|-damage|p1a: Latias|72/100
|
|upkeep
|turn|10
|
|t:|1781473682
|move|p1a: Latias|Draining Kiss|p2a: wake not walking
|-resisted|p2a: wake not walking
|-damage|p2a: wake not walking|84/100
|-heal|p1a: Latias|85/100|[from] drain|[of] p2a: wake not walking
|move|p2a: wake not walking|Psyshock|p1a: Latias
|-damage|p1a: Latias|56/100
|
|upkeep
|turn|11
|
|t:|1781473684
|move|p1a: Latias|Stored Power|p2a: wake not walking
|-resisted|p2a: wake not walking
|-damage|p2a: wake not walking|25/100
|move|p2a: wake not walking|Psyshock|p1a: Latias
|-damage|p1a: Latias|29/100
|
|upkeep
|turn|12
|
|t:|1781473700
|switch|p2a: gay alladin|Enamorus, F|100/100
|move|p1a: Latias|Stored Power|p2a: gay alladin
|-damage|p2a: gay alladin|0 fnt
|faint|p2a: gay alladin
|
|upkeep
|
|t:|1781473702
|switch|p2a: wake not walking|Slowking-Galar, M, shiny, tera:Steel|58/100
|-activate|p2a: wake not walking|move: Sticky Web
|-unboost|p2a: wake not walking|spe|1
|turn|13
|
|t:|1781473708
|move|p1a: Latias|Stored Power|p2a: wake not walking
|-resisted|p2a: wake not walking
|-damage|p2a: wake not walking|0 fnt
|faint|p2a: wake not walking
|
|upkeep
|
|t:|1781473711
|switch|p2a: diddy kong|Rillaboom, M, shiny|100/100
|-activate|p2a: diddy kong|move: Sticky Web
|-unboost|p2a: diddy kong|spe|1
|-fieldstart|move: Grassy Terrain|[from] ability: Grassy Surge|[of] p2a: diddy kong
|turn|14
|
|t:|1781473714
|move|p2a: diddy kong|Grassy Glide|p1a: Latias
|-damage|p1a: Latias|0 fnt
|faint|p1a: Latias
|
|upkeep
|
|t:|1781473717
|switch|p1a: Iron Moth|Iron Moth|100/100
|-enditem|p1a: Iron Moth|Booster Energy
|-activate|p1a: Iron Moth|ability: Quark Drive|[fromitem]
|-start|p1a: Iron Moth|quarkdrivespe
|turn|15
|
|t:|1781473722
|switch|p2a: goobing bolt|Raging Bolt|100/100
|-activate|p2a: goobing bolt|move: Sticky Web
|-unboost|p2a: goobing bolt|spe|1
|move|p1a: Iron Moth|Fiery Dance|p2a: goobing bolt
|-resisted|p2a: goobing bolt
|-damage|p2a: goobing bolt|80/100
|-boost|p1a: Iron Moth|spa|1
|
|-heal|p2a: goobing bolt|87/100|[from] Grassy Terrain
|upkeep
|turn|16
|
|t:|1781473729
|move|p1a: Iron Moth|Dazzling Gleam|p2a: goobing bolt
|-supereffective|p2a: goobing bolt
|-damage|p2a: goobing bolt|9/100
|move|p2a: goobing bolt|Volt Switch|p1a: Iron Moth
|-damage|p1a: Iron Moth|44/100
|
|t:|1781473732
|-end|p2a: goobing bolt|Protosynthesis|[silent]
|switch|p2a: cheap tusk|Great Tusk, shiny|100/100|[from] Volt Switch
|
|-heal|p1a: Iron Moth|50/100|[from] Grassy Terrain
|upkeep
|turn|17
|c|☆n5v|gg
|-message|n5v forfeited.
|
|win|DON family
|raw|DON family's rating: 1654 &rarr; <strong>1674</strong><br />(+20 for winning)
|raw|n5v's rating: 1651 &rarr; <strong>1631</strong><br />(-20 for losing)
|l|☆n5v
|player|p2|
|c|☆DON family|gg
|l|☆DON family
|player|p1|
