|j|☆sumofsquares
|j|☆fivetomatoes
|t:|1781042310
|gametype|singles
|player|p1|sumofsquares|steven|1703
|player|p2|fivetomatoes|101|1596
|gen|9
|tier|[Gen 9] OU
|rated|
|rule|HP Percentage Mod: HP is shown in percentages
|rule|Endless Battle Clause: Forcing endless battles is banned
|rule|Species Clause: Limit one of each Pokémon
|rule|OHKO Clause: OHKO moves are banned
|rule|Evasion Items Clause: Evasion items are banned
|rule|Evasion Moves Clause: Evasion moves are banned
|rule|Evasion Abilities Clause: Evasion abilities are banned
|rule|Sleep Moves Clause: Sleep-inducing moves are banned
|clearpoke
|poke|p1|Garchomp, M|
|poke|p1|Ninetales-Alola, F|
|poke|p1|Iron Crown|
|poke|p1|Great Tusk|
|poke|p1|Iron Valiant|
|poke|p1|Zapdos|
|poke|p2|Rotom-Wash|
|poke|p2|Rillaboom, M|
|poke|p2|Glimmora, M|
|poke|p2|Garganacl, F|
|poke|p2|Dragapult, M|
|poke|p2|Gholdengo|
|teampreview
|inactive|Battle timer is ON: inactive players will automatically lose when time's up. (requested by fivetomatoes)
|
|t:|1781042318
|teamsize|p1|6
|teamsize|p2|6
|start
|switch|p1a: Iron Crown|Iron Crown|100/100
|switch|p2a: Dragapult|Dragapult, M|100/100
|turn|1
|
|t:|1781042321
|-end|p1a: Iron Crown|Quark Drive|[silent]
|switch|p1a: Zapdos|Zapdos|100/100
|move|p2a: Dragapult|Thunder Wave|p1a: Zapdos
|-immune|p1a: Zapdos
|
|upkeep
|turn|2
|
|t:|1781042326
|switch|p1a: Iron Crown|Iron Crown|100/100
|move|p2a: Dragapult|Substitute|p2a: Dragapult
|-start|p2a: Dragapult|Substitute
|-damage|p2a: Dragapult|76/100
|
|-heal|p2a: Dragapult|82/100|[from] item: Leftovers
|upkeep
|turn|3
|
|t:|1781042331
|-end|p1a: Iron Crown|Quark Drive|[silent]
|switch|p1a: Zapdos|Zapdos|100/100
|move|p2a: Dragapult|Thunder Wave|p1a: Zapdos
|-immune|p1a: Zapdos
|
|-heal|p2a: Dragapult|88/100|[from] item: Leftovers
|upkeep
|turn|4
|
|t:|1781042336
|move|p2a: Dragapult|Dragon Darts|p1a: Zapdos
|-damage|p1a: Zapdos|81/100
|-anim|p2a: Dragapult|Dragon Darts|p1a: Zapdos
|-damage|p1a: Zapdos|59/100
|move|p1a: Zapdos|Hurricane|p2a: Dragapult|[miss]
|-miss|p1a: Zapdos|p2a: Dragapult
|
|-heal|p2a: Dragapult|94/100|[from] item: Leftovers
|upkeep
|turn|5
|
|t:|1781042343
|move|p2a: Dragapult|Dragon Darts|p1a: Zapdos
|-damage|p1a: Zapdos|37/100
|-anim|p2a: Dragapult|Dragon Darts|p1a: Zapdos
|-damage|p1a: Zapdos|15/100
|move|p1a: Zapdos|Roost|p1a: Zapdos
|-heal|p1a: Zapdos|65/100
|-singleturn|p1a: Zapdos|move: Roost
|
|-heal|p2a: Dragapult|99/100|[from] item: Leftovers
|upkeep
|turn|6
|
|t:|1781042348
|move|p2a: Dragapult|Dragon Darts|p1a: Zapdos
|-damage|p1a: Zapdos|43/100
|-anim|p2a: Dragapult|Dragon Darts|p1a: Zapdos
|-damage|p1a: Zapdos|23/100
|move|p1a: Zapdos|Roost|p1a: Zapdos
|-heal|p1a: Zapdos|74/100
|-singleturn|p1a: Zapdos|move: Roost
|
|-heal|p2a: Dragapult|100/100|[from] item: Leftovers
|upkeep
|turn|7
|
|t:|1781042352
|move|p2a: Dragapult|Dragon Darts|p1a: Zapdos
|-crit|p1a: Zapdos
|-damage|p1a: Zapdos|45/100
|-anim|p2a: Dragapult|Dragon Darts|p1a: Zapdos
|-damage|p1a: Zapdos|24/100
|move|p1a: Zapdos|Roost|p1a: Zapdos
|-heal|p1a: Zapdos|74/100
|-singleturn|p1a: Zapdos|move: Roost
|
|upkeep
|turn|8
|
|t:|1781042359
|move|p2a: Dragapult|Dragon Darts|p1a: Zapdos
|-damage|p1a: Zapdos|55/100
|-anim|p2a: Dragapult|Dragon Darts|p1a: Zapdos
|-damage|p1a: Zapdos|35/100
|move|p1a: Zapdos|Roost|p1a: Zapdos
|-heal|p1a: Zapdos|86/100
|-singleturn|p1a: Zapdos|move: Roost
|
|upkeep
|turn|9
|
|t:|1781042364
|move|p2a: Dragapult|Dragon Darts|p1a: Zapdos
|-damage|p1a: Zapdos|63/100
|-anim|p2a: Dragapult|Dragon Darts|p1a: Zapdos
|-damage|p1a: Zapdos|43/100
|move|p1a: Zapdos|Thunderbolt|p2a: Dragapult
|-resisted|p2a: Dragapult
|-activate|p2a: Dragapult|move: Substitute|[damage]
|
|upkeep
|turn|10
|
|t:|1781042373
|move|p2a: Dragapult|Thunder Wave|p1a: Zapdos
|-immune|p1a: Zapdos
|move|p1a: Zapdos|Roost|p1a: Zapdos
|-heal|p1a: Zapdos|93/100
|-singleturn|p1a: Zapdos|move: Roost
|
|upkeep
|turn|11
|
|t:|1781042380
|move|p2a: Dragapult|Dragon Darts|p1a: Zapdos
|-damage|p1a: Zapdos|71/100
|-anim|p2a: Dragapult|Dragon Darts|p1a: Zapdos
|-damage|p1a: Zapdos|50/100
|move|p1a: Zapdos|Thunderbolt|p2a: Dragapult
|-resisted|p2a: Dragapult
|-end|p2a: Dragapult|Substitute
|
|upkeep
|turn|12
|
|t:|1781042389
|move|p2a: Dragapult|Dragon Darts|p1a: Zapdos
|-damage|p1a: Zapdos|28/100
|-anim|p2a: Dragapult|Dragon Darts|p1a: Zapdos
|-damage|p1a: Zapdos|8/100
|move|p1a: Zapdos|Hurricane|p2a: Dragapult
|-damage|p2a: Dragapult|48/100
|-start|p2a: Dragapult|confusion
|
|-heal|p2a: Dragapult|54/100|[from] item: Leftovers
|upkeep
|turn|13
|
|t:|1781042394
|-activate|p2a: Dragapult|confusion
|move|p2a: Dragapult|Dragon Darts|p1a: Zapdos
|-damage|p1a: Zapdos|0 fnt
|faint|p1a: Zapdos
|
|-heal|p2a: Dragapult|60/100|[from] item: Leftovers
|upkeep
|
|t:|1781042401
|switch|p1a: Great Tusk|Great Tusk|100/100
|turn|14
|
|t:|1781042406
|switch|p2a: Rillaboom|Rillaboom, M|100/100
|-fieldstart|move: Grassy Terrain|[from] ability: Grassy Surge|[of] p2a: Rillaboom
|move|p1a: Great Tusk|Bulk Up|p1a: Great Tusk
|-boost|p1a: Great Tusk|atk|1
|-boost|p1a: Great Tusk|def|1
|
|upkeep
|turn|15
|
|t:|1781042418
|move|p1a: Great Tusk|Ice Spinner|p2a: Rillaboom
|-supereffective|p2a: Rillaboom
|-damage|p2a: Rillaboom|20/100
|-fieldend|move: Grassy Terrain
|move|p2a: Rillaboom|Wood Hammer|p1a: Great Tusk
|-supereffective|p1a: Great Tusk
|-damage|p1a: Great Tusk|18/100
|-damage|p2a: Rillaboom|0 fnt|[from] Recoil
|faint|p2a: Rillaboom
|
|-heal|p1a: Great Tusk|24/100|[from] item: Leftovers
|upkeep
|
|t:|1781042423
|switch|p2a: Dragapult|Dragapult, M|60/100
|turn|16
|
|t:|1781042426
|move|p2a: Dragapult|Hex|p1a: Great Tusk
|-damage|p1a: Great Tusk|0 fnt
|faint|p1a: Great Tusk
|-end|p1a: Great Tusk|Protosynthesis|[silent]
|
|-heal|p2a: Dragapult|66/100|[from] item: Leftovers
|upkeep
|
|t:|1781042431
|switch|p1a: Ninetales|Ninetales-Alola, F|100/100
|-weather|Snowscape|[from] ability: Snow Warning|[of] p1a: Ninetales
|turn|17
|
|t:|1781042435
|move|p2a: Dragapult|Substitute|p2a: Dragapult
|-start|p2a: Dragapult|Substitute
|-damage|p2a: Dragapult|41/100
|move|p1a: Ninetales|Moonblast|p2a: Dragapult
|-supereffective|p2a: Dragapult
|-end|p2a: Dragapult|Substitute
|
|-weather|Snowscape|[upkeep]
|-heal|p2a: Dragapult|47/100|[from] item: Leftovers
|upkeep
|turn|18
|
|t:|1781042439
|switch|p2a: Glimmora|Glimmora, M|100/100
|move|p1a: Ninetales|Moonblast|p2a: Glimmora
|-resisted|p2a: Glimmora
|-damage|p2a: Glimmora|80/100
|
|-weather|Snowscape|[upkeep]
|upkeep
|turn|19
|
|t:|1781042444
|move|p1a: Ninetales|Aurora Veil|p1a: Ninetales
|-sidestart|p1: sumofsquares|move: Aurora Veil
|move|p2a: Glimmora|Mortal Spin|p1a: Ninetales
|-supereffective|p1a: Ninetales
|-damage|p1a: Ninetales|94/100
|-status|p1a: Ninetales|psn
|
|-weather|Snowscape|[upkeep]
|-damage|p1a: Ninetales|82/100 psn|[from] psn
|upkeep
|turn|20
|
|t:|1781042447
|switch|p1a: Iron Crown|Iron Crown|100/100
|move|p2a: Glimmora|Mortal Spin|p1a: Iron Crown
|-immune|p1a: Iron Crown
|
|-weather|Snowscape|[upkeep]
|upkeep
|turn|21
|
|t:|1781042451
|switch|p2a: Rotom|Rotom-Wash|100/100
|move|p1a: Iron Crown|Agility|p1a: Iron Crown
|-boost|p1a: Iron Crown|spe|2
|
|-weather|none
|upkeep
|turn|22
|
|t:|1781042453
|move|p1a: Iron Crown|Calm Mind|p1a: Iron Crown
|-boost|p1a: Iron Crown|spa|1
|-boost|p1a: Iron Crown|spd|1
|move|p2a: Rotom|Trick|p1a: Iron Crown
|-activate|p2a: Rotom|move: Trick|[of] p1a: Iron Crown
|-item|p1a: Iron Crown|Choice Scarf|[from] move: Trick
|-item|p2a: Rotom|Weakness Policy|[from] move: Trick
|
|upkeep
|turn|23
|
|t:|1781042460
|move|p1a: Iron Crown|Stored Power|p2a: Rotom
|-damage|p2a: Rotom|22/100
|move|p2a: Rotom|Volt Switch|p1a: Iron Crown
|-damage|p1a: Iron Crown|91/100
|
|t:|1781042463
|switch|p2a: Garganacl|Garganacl, F|100/100|[from] Volt Switch
|
|upkeep
|turn|24
|
|t:|1781042466
|-terastallize|p2a: Garganacl|Dark
|move|p1a: Iron Crown|Stored Power|p2a: Garganacl
|-immune|p2a: Garganacl
|move|p2a: Garganacl|Salt Cure|p1a: Iron Crown
|-resisted|p1a: Iron Crown
|-damage|p1a: Iron Crown|88/100
|-start|p1a: Iron Crown|Salt Cure
|
|-damage|p1a: Iron Crown|63/100|[from] Salt Cure
|upkeep
|turn|25
|
|t:|1781042469
|-end|p1a: Iron Crown|Quark Drive|[silent]
|switch|p1a: Ninetales|Ninetales-Alola, F|82/100 psn
|-weather|Snowscape|[from] ability: Snow Warning|[of] p1a: Ninetales
|move|p2a: Garganacl|Salt Cure|p1a: Ninetales
|-supereffective|p1a: Ninetales
|-damage|p1a: Ninetales|67/100 psn
|-start|p1a: Ninetales|Salt Cure
|
|-weather|Snowscape|[upkeep]
|-damage|p1a: Ninetales|55/100 psn|[from] psn
|-damage|p1a: Ninetales|43/100 psn|[from] Salt Cure
|upkeep
|turn|26
|
|t:|1781042474
|move|p2a: Garganacl|Protect|p2a: Garganacl
|-singleturn|p2a: Garganacl|Protect
|move|p1a: Ninetales|Moonblast|p2a: Garganacl
|-activate|p2a: Garganacl|move: Protect
|
|-weather|Snowscape|[upkeep]
|-damage|p1a: Ninetales|31/100 psn|[from] psn
|-damage|p1a: Ninetales|19/100 psn|[from] Salt Cure
|-sideend|p1: sumofsquares|move: Aurora Veil
|upkeep
|turn|27
|
|t:|1781042478
|switch|p2a: Rotom|Rotom-Wash|22/100
|move|p1a: Ninetales|Aurora Veil|p1a: Ninetales
|-sidestart|p1: sumofsquares|move: Aurora Veil
|
|-weather|Snowscape|[upkeep]
|-damage|p1a: Ninetales|6/100 psn|[from] psn
|-damage|p1a: Ninetales|0 fnt|[from] Salt Cure
|faint|p1a: Ninetales
|upkeep
|
|t:|1781042483
|switch|p1a: Garchomp|Garchomp, M|100/100
|turn|28
|
|t:|1781042487
|move|p1a: Garchomp|Scale Shot|p2a: Rotom
|-damage|p2a: Rotom|5/100
|-damage|p2a: Rotom|0 fnt
|faint|p2a: Rotom
|-hitcount|p2: Rotom|2
|-unboost|p1a: Garchomp|def|1
|-boost|p1a: Garchomp|spe|1
|
|-weather|Snowscape|[upkeep]
|upkeep
|
|t:|1781042493
|switch|p2a: Garganacl|Garganacl, F, tera:Dark|100/100
|turn|29
|
|t:|1781042497
|move|p1a: Garchomp|Swords Dance|p1a: Garchomp
|-boost|p1a: Garchomp|atk|2
|move|p2a: Garganacl|Curse|p2a: Garganacl
|-unboost|p2a: Garganacl|spe|1
|-boost|p2a: Garganacl|atk|1
|-boost|p2a: Garganacl|def|1
|
|-weather|none
|upkeep
|turn|30
|
|t:|1781042500
|move|p1a: Garchomp|Earthquake|p2a: Garganacl
|-damage|p2a: Garganacl|64/100
|move|p2a: Garganacl|Curse|p2a: Garganacl
|-unboost|p2a: Garganacl|spe|1
|-boost|p2a: Garganacl|atk|1
|-boost|p2a: Garganacl|def|1
|
|-heal|p2a: Garganacl|70/100|[from] item: Leftovers
|upkeep
|turn|31
|
|t:|1781042503
|move|p1a: Garchomp|Earthquake|p2a: Garganacl
|-crit|p2a: Garganacl
|-damage|p2a: Garganacl|0 fnt
|faint|p2a: Garganacl
|
|upkeep
|-message|fivetomatoes forfeited.
|
|win|sumofsquares
|raw|sumofsquares's rating: 1703 &rarr; <strong>1717</strong><br />(+14 for winning)
|raw|fivetomatoes's rating: 1596 &rarr; <strong>1582</strong><br />(-14 for losing)
|l|☆fivetomatoes
|player|p2|
|l|☆sumofsquares
|player|p1|
