|j|☆smokesniper3
|j|☆KurisuChestnutOU
|t:|1781138081
|gametype|singles
|player|p1|smokesniper3|veteran|1561
|player|p2|KurisuChestnutOU|may-contest|1575
|gen|9
|tier|[Gen 9] OU
|rated|
|rule|HP Percentage Mod: HP is shown in percentages
|rule|Endless Battle Clause: Forcing endless battles is banned
|rule|Species Clause: Limit one of each Pokémon
|rule|OHKO Clause: OHKO moves are banned
|rule|Evasion Items Clause: Evasion items are banned
|rule|Evasion Moves Clause: Evasion moves are banned
|rule|Evasion Abilities Clause: Evasion abilities are banned
|rule|Sleep Moves Clause: Sleep-inducing moves are banned
|clearpoke
|poke|p1|Zamazenta-*|
|poke|p1|Gholdengo|
|poke|p1|Dragonite, M|
|poke|p1|Iron Valiant|
|poke|p1|Ting-Lu|
|poke|p1|Ogerpon-Wellspring, F|
|poke|p2|Ting-Lu|
|poke|p2|Corviknight, F|
|poke|p2|Clodsire, F|
|poke|p2|Moltres|
|poke|p2|Dragapult, M|
|poke|p2|Garganacl, M|
|teampreview
|inactive|Battle timer is ON: inactive players will automatically lose when time's up. (requested by KurisuChestnutOU)
|
|t:|1781138104
|teamsize|p1|6
|teamsize|p2|6
|start
|switch|p1a: Ting-Lu|Ting-Lu|100/100
|switch|p2a: Corviknight|Corviknight, F|100/100
|-ability|p2a: Corviknight|Pressure
|-ability|p1a: Ting-Lu|Vessel of Ruin
|turn|1
|
|t:|1781138108
|switch|p2a: Ting-Lu|Ting-Lu|100/100
|-ability|p2a: Ting-Lu|Vessel of Ruin
|move|p1a: Ting-Lu|Stealth Rock|p2a: Ting-Lu
|-sidestart|p2: KurisuChestnutOU|move: Stealth Rock
|
|upkeep
|turn|2
|
|t:|1781138115
|switch|p1a: Ogerpon|Ogerpon-Wellspring, F|100/100
|move|p2a: Ting-Lu|Stealth Rock|p1a: Ogerpon
|-sidestart|p1: smokesniper3|move: Stealth Rock
|
|upkeep
|turn|3
|
|t:|1781138123
|-terastallize|p2a: Ting-Lu|Poison
|move|p1a: Ogerpon|Swords Dance|p1a: Ogerpon
|-boost|p1a: Ogerpon|atk|2
|move|p2a: Ting-Lu|Ruination|p1a: Ogerpon
|-damage|p1a: Ogerpon|50/100
|
|upkeep
|turn|4
|
|t:|1781138129
|move|p1a: Ogerpon|Ivy Cudgel|p2a: Ting-Lu|[anim] Ivy Cudgel Water
|-damage|p2a: Ting-Lu|30/100
|move|p2a: Ting-Lu|Whirlwind|p1a: Ogerpon
|drag|p1a: Ting-Lu|Ting-Lu|100/100
|-damage|p1a: Ting-Lu|94/100|[from] Stealth Rock
|-ability|p1a: Ting-Lu|Vessel of Ruin
|
|-heal|p2a: Ting-Lu|37/100|[from] item: Leftovers
|upkeep
|turn|5
|
|t:|1781138136
|switch|p2a: Moltres|Moltres|100/100
|move|p1a: Ting-Lu|Earthquake|p2a: Moltres
|-immune|p2a: Moltres
|
|upkeep
|turn|6
|
|t:|1781138141
|move|p2a: Moltres|Hurricane|p1a: Ting-Lu
|-damage|p1a: Ting-Lu|74/100
|-enditem|p1a: Ting-Lu|Red Card|[of] p2a: Moltres
|drag|p2a: Corviknight|Corviknight, F|100/100
|-damage|p2a: Corviknight|88/100|[from] Stealth Rock
|-ability|p2a: Corviknight|Pressure
|move|p1a: Ting-Lu|Ruination|p2a: Corviknight
|-damage|p2a: Corviknight|44/100
|
|-heal|p2a: Corviknight|50/100|[from] item: Leftovers
|upkeep
|turn|7
|
|t:|1781138148
|switch|p1a: Gholdengo|Gholdengo|100/100
|-damage|p1a: Gholdengo|94/100|[from] Stealth Rock
|-item|p1a: Gholdengo|Air Balloon
|move|p2a: Corviknight|Roost|p2a: Corviknight
|-heal|p2a: Corviknight|100/100
|-singleturn|p2a: Corviknight|move: Roost
|
|upkeep
|turn|8
|
|t:|1781138163
|move|p1a: Gholdengo|Nasty Plot|p1a: Gholdengo
|-boost|p1a: Gholdengo|spa|2
|move|p2a: Corviknight|Brave Bird|p1a: Gholdengo
|-resisted|p1a: Gholdengo
|-damage|p1a: Gholdengo|75/100
|-enditem|p1a: Gholdengo|Air Balloon
|-damage|p2a: Corviknight|95/100|[from] Recoil
|
|-heal|p2a: Corviknight|100/100|[from] item: Leftovers
|upkeep
|turn|9
|
|t:|1781138178
|switch|p2a: Clodsire|Clodsire, F|100/100
|-damage|p2a: Clodsire|94/100|[from] Stealth Rock
|move|p1a: Gholdengo|Shadow Ball|p2a: Clodsire
|-damage|p2a: Clodsire|70/100
|-unboost|p2a: Clodsire|spd|1
|
|-heal|p2a: Clodsire|76/100|[from] item: Leftovers
|upkeep
|turn|10
|
|t:|1781138188
|move|p1a: Gholdengo|Make It Rain|p2a: Clodsire
|-damage|p2a: Clodsire|23/100
|-unboost|p1a: Gholdengo|spa|1
|move|p2a: Clodsire|Recover|p2a: Clodsire
|-heal|p2a: Clodsire|73/100
|
|-heal|p2a: Clodsire|79/100|[from] item: Leftovers
|upkeep
|turn|11
|
|t:|1781138201
|move|p1a: Gholdengo|Make It Rain|p2a: Clodsire
|-damage|p2a: Clodsire|28/100
|-unboost|p1a: Gholdengo|spa|1
|move|p2a: Clodsire|Recover|p2a: Clodsire
|-heal|p2a: Clodsire|78/100
|
|-heal|p2a: Clodsire|84/100|[from] item: Leftovers
|upkeep
|turn|12
|
|t:|1781138208
|move|p1a: Gholdengo|Make It Rain|p2a: Clodsire
|-damage|p2a: Clodsire|34/100
|-unboost|p1a: Gholdengo|spa|1
|move|p2a: Clodsire|Earthquake|p1a: Gholdengo
|-supereffective|p1a: Gholdengo
|-damage|p1a: Gholdengo|11/100
|
|-heal|p2a: Clodsire|41/100|[from] item: Leftovers
|upkeep
|turn|13
|
|t:|1781138217
|switch|p2a: Moltres|Moltres|100/100
|move|p1a: Gholdengo|Make It Rain|p2a: Moltres
|-resisted|p2a: Moltres
|-damage|p2a: Moltres|80/100
|-unboost|p1a: Gholdengo|spa|1
|
|upkeep
|turn|14
|
|t:|1781138226
|-terastallize|p1a: Gholdengo|Fairy
|move|p1a: Gholdengo|Recover|p1a: Gholdengo
|-heal|p1a: Gholdengo|61/100
|move|p2a: Moltres|Roost|p2a: Moltres
|-heal|p2a: Moltres|100/100
|-singleturn|p2a: Moltres|move: Roost
|
|upkeep
|turn|15
|
|t:|1781138235
|move|p1a: Gholdengo|Recover|p1a: Gholdengo
|-heal|p1a: Gholdengo|100/100
|move|p2a: Moltres|Flamethrower|p1a: Gholdengo
|-damage|p1a: Gholdengo|54/100
|
|upkeep
|turn|16
|
|t:|1781138241
|switch|p1a: Ting-Lu|Ting-Lu|74/100
|-damage|p1a: Ting-Lu|68/100|[from] Stealth Rock
|-ability|p1a: Ting-Lu|Vessel of Ruin
|move|p2a: Moltres|Flamethrower|p1a: Ting-Lu
|-damage|p1a: Ting-Lu|52/100
|
|upkeep
|turn|17
|
|t:|1781138253
|move|p2a: Moltres|Hurricane|p1a: Ting-Lu
|-damage|p1a: Ting-Lu|33/100
|move|p1a: Ting-Lu|Ruination|p2a: Moltres|[miss]
|-miss|p1a: Ting-Lu|p2a: Moltres
|
|upkeep
|turn|18
|
|t:|1781138258
|move|p2a: Moltres|Hurricane|p1a: Ting-Lu|[miss]
|-miss|p2a: Moltres|p1a: Ting-Lu
|move|p1a: Ting-Lu|Ruination|p2a: Moltres
|-damage|p2a: Moltres|51/100
|
|upkeep
|turn|19
|
|t:|1781138266
|move|p2a: Moltres|U-turn|p1a: Ting-Lu
|-supereffective|p1a: Ting-Lu
|-damage|p1a: Ting-Lu|19/100
|
|t:|1781138274
|switch|p2a: Corviknight|Corviknight, F|100/100|[from] U-turn
|-damage|p2a: Corviknight|88/100|[from] Stealth Rock
|-ability|p2a: Corviknight|Pressure
|move|p1a: Ting-Lu|Spikes|p2a: Corviknight
|-sidestart|p2: KurisuChestnutOU|Spikes
|
|-heal|p2a: Corviknight|94/100|[from] item: Leftovers
|upkeep
|turn|20
|
|t:|1781138295
|switch|p2a: Moltres|Moltres|51/100
|move|p1a: Ting-Lu|Ruination|p2a: Moltres
|-damage|p2a: Moltres|26/100
|
|upkeep
|turn|21
|
|t:|1781138308
|move|p2a: Moltres|Roost|p2a: Moltres
|-heal|p2a: Moltres|76/100
|-singleturn|p2a: Moltres|move: Roost
|move|p1a: Ting-Lu|Earthquake|p2a: Moltres
|-supereffective|p2a: Moltres
|-crit|p2a: Moltres
|-damage|p2a: Moltres|0 fnt
|faint|p2a: Moltres
|
|upkeep
|
|t:|1781138313
|switch|p2a: Corviknight|Corviknight, F|94/100
|-damage|p2a: Corviknight|82/100|[from] Stealth Rock
|-ability|p2a: Corviknight|Pressure
|turn|22
|
|t:|1781138322
|switch|p1a: Gholdengo|Gholdengo, tera:Fairy|54/100
|-damage|p1a: Gholdengo|42/100|[from] Stealth Rock
|move|p2a: Corviknight|Defog|p1a: Gholdengo
|-immune|p1a: Gholdengo|[from] ability: Good as Gold
|
|-heal|p2a: Corviknight|88/100|[from] item: Leftovers
|upkeep
|turn|23
|
|t:|1781138327
|move|p1a: Gholdengo|Recover|p1a: Gholdengo
|-heal|p1a: Gholdengo|92/100
|move|p2a: Corviknight|Brave Bird|p1a: Gholdengo
|-damage|p1a: Gholdengo|51/100
|-damage|p2a: Corviknight|77/100|[from] Recoil
|
|-heal|p2a: Corviknight|83/100|[from] item: Leftovers
|upkeep
|turn|24
|
|t:|1781138333
|move|p1a: Gholdengo|Recover|p1a: Gholdengo
|-heal|p1a: Gholdengo|100/100
|move|p2a: Corviknight|Brave Bird|p1a: Gholdengo
|-damage|p1a: Gholdengo|55/100
|-damage|p2a: Corviknight|72/100|[from] Recoil
|
|-heal|p2a: Corviknight|78/100|[from] item: Leftovers
|upkeep
|turn|25
|
|t:|1781138340
|move|p1a: Gholdengo|Recover|p1a: Gholdengo
|-heal|p1a: Gholdengo|100/100
|move|p2a: Corviknight|Brave Bird|p1a: Gholdengo
|-crit|p1a: Gholdengo
|-damage|p1a: Gholdengo|38/100
|-damage|p2a: Corviknight|62/100|[from] Recoil
|
|-heal|p2a: Corviknight|68/100|[from] item: Leftovers
|upkeep
|turn|26
|
|t:|1781138345
|move|p1a: Gholdengo|Recover|p1a: Gholdengo
|-heal|p1a: Gholdengo|88/100
|move|p2a: Corviknight|Roost|p2a: Corviknight
|-heal|p2a: Corviknight|100/100
|-singleturn|p2a: Corviknight|move: Roost
|
|upkeep
|turn|27
|
|t:|1781138356
|move|p1a: Gholdengo|Nasty Plot|p1a: Gholdengo
|-boost|p1a: Gholdengo|spa|2
|move|p2a: Corviknight|Brave Bird|p1a: Gholdengo
|-damage|p1a: Gholdengo|46/100
|-damage|p2a: Corviknight|89/100|[from] Recoil
|
|-heal|p2a: Corviknight|96/100|[from] item: Leftovers
|upkeep
|turn|28
|
|t:|1781138362
|move|p1a: Gholdengo|Recover|p1a: Gholdengo
|-heal|p1a: Gholdengo|96/100
|move|p2a: Corviknight|Brave Bird|p1a: Gholdengo
|-damage|p1a: Gholdengo|53/100
|-damage|p2a: Corviknight|84/100|[from] Recoil
|
|-heal|p2a: Corviknight|91/100|[from] item: Leftovers
|upkeep
|turn|29
|
|t:|1781138371
|move|p1a: Gholdengo|Recover|p1a: Gholdengo
|-heal|p1a: Gholdengo|100/100
|move|p2a: Corviknight|Brave Bird|p1a: Gholdengo
|-damage|p1a: Gholdengo|59/100
|-damage|p2a: Corviknight|80/100|[from] Recoil
|
|-heal|p2a: Corviknight|86/100|[from] item: Leftovers
|upkeep
|turn|30
|
|t:|1781138375
|move|p1a: Gholdengo|Shadow Ball|p2a: Corviknight
|-damage|p2a: Corviknight|14/100
|move|p2a: Corviknight|Brave Bird|p1a: Gholdengo
|-damage|p1a: Gholdengo|19/100
|-damage|p2a: Corviknight|3/100|[from] Recoil
|
|-heal|p2a: Corviknight|10/100|[from] item: Leftovers
|upkeep
|turn|31
|
|t:|1781138384
|move|p1a: Gholdengo|Make It Rain|p2a: Corviknight
|-resisted|p2a: Corviknight
|-damage|p2a: Corviknight|0 fnt
|-unboost|p1a: Gholdengo|spa|1
|faint|p2a: Corviknight
|
|upkeep
|
|t:|1781138387
|switch|p2a: Dragapult|Dragapult, M|100/100
|turn|32
|
|t:|1781138393
|move|p2a: Dragapult|Shadow Ball|p1a: Gholdengo
|-damage|p1a: Gholdengo|0 fnt
|faint|p1a: Gholdengo
|
|upkeep
|
|t:|1781138417
|switch|p1a: Ting-Lu|Ting-Lu|19/100
|-damage|p1a: Ting-Lu|13/100|[from] Stealth Rock
|-ability|p1a: Ting-Lu|Vessel of Ruin
|turn|33
|
|t:|1781138423
|move|p2a: Dragapult|U-turn|p1a: Ting-Lu
|-supereffective|p1a: Ting-Lu
|-damage|p1a: Ting-Lu|0 fnt
|faint|p1a: Ting-Lu
|
|t:|1781138426
|switch|p2a: Garganacl|Garganacl, M|100/100|[from] U-turn
|-damage|p2a: Garganacl|88/100|[from] Stealth Rock
|-damage|p2a: Garganacl|76/100|[from] Spikes
|
|-heal|p2a: Garganacl|82/100|[from] item: Leftovers
|upkeep
|
|t:|1781138434
|switch|p1a: Zamazenta|Zamazenta|100/100
|-damage|p1a: Zamazenta|94/100|[from] Stealth Rock
|-ability|p1a: Zamazenta|Dauntless Shield|boost
|-boost|p1a: Zamazenta|def|1
|turn|34
|
|t:|1781138438
|move|p2a: Garganacl|Protect|p2a: Garganacl
|-singleturn|p2a: Garganacl|Protect
|move|p1a: Zamazenta|Substitute|p1a: Zamazenta
|-start|p1a: Zamazenta|Substitute
|-damage|p1a: Zamazenta|69/100
|
|-heal|p1a: Zamazenta|75/100|[from] item: Leftovers
|-heal|p2a: Garganacl|88/100|[from] item: Leftovers
|upkeep
|turn|35
|
|t:|1781138443
|move|p1a: Zamazenta|Iron Defense|p1a: Zamazenta
|-boost|p1a: Zamazenta|def|2
|move|p2a: Garganacl|Salt Cure|p1a: Zamazenta
|-resisted|p1a: Zamazenta
|-activate|p1a: Zamazenta|move: Substitute|[damage]
|
|-heal|p1a: Zamazenta|82/100|[from] item: Leftovers
|-heal|p2a: Garganacl|94/100|[from] item: Leftovers
|upkeep
|turn|36
|
|t:|1781138447
|switch|p2a: Dragapult|Dragapult, M|100/100
|move|p1a: Zamazenta|Iron Defense|p1a: Zamazenta
|-boost|p1a: Zamazenta|def|2
|
|-heal|p1a: Zamazenta|88/100|[from] item: Leftovers
|upkeep
|turn|37
|
|t:|1781138451
|move|p2a: Dragapult|U-turn|p1a: Zamazenta
|-resisted|p1a: Zamazenta
|-damage|p1a: Zamazenta|86/100
|
|t:|1781138459
|switch|p2a: Clodsire|Clodsire, F|41/100|[from] U-turn
|-damage|p2a: Clodsire|34/100|[from] Stealth Rock
|-damage|p2a: Clodsire|22/100|[from] Spikes
|move|p1a: Zamazenta|Crunch|p2a: Clodsire
|-damage|p2a: Clodsire|0 fnt
|faint|p2a: Clodsire
|
|-heal|p1a: Zamazenta|93/100|[from] item: Leftovers
|upkeep
|
|t:|1781138462
|switch|p2a: Dragapult|Dragapult, M|100/100
|turn|38
|
|t:|1781138467
|move|p2a: Dragapult|U-turn|p1a: Zamazenta
|-resisted|p1a: Zamazenta
|-damage|p1a: Zamazenta|91/100
|
|t:|1781138471
|switch|p2a: Ting-Lu|Ting-Lu, tera:Poison|37/100|[from] U-turn
|-damage|p2a: Ting-Lu|24/100|[from] Stealth Rock
|-damage|p2a: Ting-Lu|12/100|[from] Spikes
|-ability|p2a: Ting-Lu|Vessel of Ruin
|move|p1a: Zamazenta|Crunch|p2a: Ting-Lu
|-damage|p2a: Ting-Lu|0 fnt
|faint|p2a: Ting-Lu
|
|-heal|p1a: Zamazenta|97/100|[from] item: Leftovers
|upkeep
|
|t:|1781138477
|switch|p2a: Dragapult|Dragapult, M|100/100
|turn|39
|
|t:|1781138482
|move|p2a: Dragapult|U-turn|p1a: Zamazenta
|-resisted|p1a: Zamazenta
|-damage|p1a: Zamazenta|96/100
|
|t:|1781138490
|switch|p2a: Garganacl|Garganacl, M|94/100|[from] U-turn
|-damage|p2a: Garganacl|82/100|[from] Stealth Rock
|-damage|p2a: Garganacl|70/100|[from] Spikes
|move|p1a: Zamazenta|Body Press|p2a: Garganacl
|-supereffective|p2a: Garganacl
|-damage|p2a: Garganacl|0 fnt
|faint|p2a: Garganacl
|
|-heal|p1a: Zamazenta|100/100|[from] item: Leftovers
|upkeep
|
|t:|1781138494
|switch|p2a: Dragapult|Dragapult, M|100/100
|turn|40
|
|t:|1781138500
|move|p2a: Dragapult|Draco Meteor|p1a: Zamazenta
|-damage|p1a: Zamazenta|53/100
|-unboost|p2a: Dragapult|spa|2
|move|p1a: Zamazenta|Crunch|p2a: Dragapult
|-supereffective|p2a: Dragapult
|-damage|p2a: Dragapult|37/100
|
|-heal|p1a: Zamazenta|59/100|[from] item: Leftovers
|upkeep
|turn|41
|
|t:|1781138504
|move|p2a: Dragapult|Draco Meteor|p1a: Zamazenta
|-damage|p1a: Zamazenta|38/100
|-unboost|p2a: Dragapult|spa|2
|move|p1a: Zamazenta|Crunch|p2a: Dragapult
|-supereffective|p2a: Dragapult
|-damage|p2a: Dragapult|0 fnt
|faint|p2a: Dragapult
|
|win|smokesniper3
|raw|smokesniper3's rating: 1561 &rarr; <strong>1581</strong><br />(+20 for winning)
|raw|KurisuChestnutOU's rating: 1564 &rarr; <strong>1544</strong><br />(-20 for losing)
