|j|☆ur doggo
|j|☆Roseofrosarade
|t:|1781410376
|gametype|singles
|player|p1|ur doggo|2|1619
|player|p2|Roseofrosarade|266|1669
|gen|9
|tier|[Gen 9] OU
|rated|
|rule|HP Percentage Mod: HP is shown in percentages
|rule|Endless Battle Clause: Forcing endless battles is banned
|rule|Species Clause: Limit one of each Pokémon
|rule|OHKO Clause: OHKO moves are banned
|rule|Evasion Items Clause: Evasion items are banned
|rule|Evasion Moves Clause: Evasion moves are banned
|rule|Evasion Abilities Clause: Evasion abilities are banned
|rule|Sleep Moves Clause: Sleep-inducing moves are banned
|clearpoke
|poke|p1|Latios, M|
|poke|p1|Darkrai|
|poke|p1|Pecharunt|
|poke|p1|Ting-Lu|
|poke|p1|Corviknight, F|
|poke|p1|Dragonite, F|
|poke|p2|Umbreon, M|
|poke|p2|Sinistcha|
|poke|p2|Iron Treads|
|poke|p2|Slowking, F|
|poke|p2|Tornadus-Therian, M|
|poke|p2|Zamazenta-*|
|teampreview
|
|t:|1781410390
|teamsize|p1|6
|teamsize|p2|6
|start
|switch|p1a: Ting-Lu|Ting-Lu|100/100
|switch|p2a: Tornadus|Tornadus-Therian, M|100/100
|-ability|p1a: Ting-Lu|Vessel of Ruin
|turn|1
|
|t:|1781410395
|move|p2a: Tornadus|Focus Blast|p1a: Ting-Lu
|-supereffective|p1a: Ting-Lu
|-damage|p1a: Ting-Lu|55/100
|move|p1a: Ting-Lu|Stealth Rock|p2a: Tornadus
|-sidestart|p2: Roseofrosarade|move: Stealth Rock
|
|-heal|p1a: Ting-Lu|62/100|[from] item: Leftovers
|upkeep
|turn|2
|
|t:|1781410415
|switch|p1a: Pecharunt|Pecharunt|100/100
|move|p2a: Tornadus|Focus Blast|p1a: Pecharunt
|-immune|p1a: Pecharunt
|
|upkeep
|turn|3
|
|t:|1781410419
|switch|p2a: Iron Treads|Iron Treads|100/100
|-damage|p2a: Iron Treads|97/100|[from] Stealth Rock
|move|p1a: Pecharunt|Nasty Plot|p1a: Pecharunt
|-boost|p1a: Pecharunt|spa|2
|
|-heal|p2a: Iron Treads|100/100|[from] item: Leftovers
|upkeep
|turn|4
|
|t:|1781410424
|move|p1a: Pecharunt|Shadow Ball|p2a: Iron Treads
|-damage|p2a: Iron Treads|48/100
|move|p2a: Iron Treads|Earthquake|p1a: Pecharunt
|-supereffective|p1a: Pecharunt
|-damage|p1a: Pecharunt|51/100
|
|-heal|p2a: Iron Treads|54/100|[from] item: Leftovers
|upkeep
|turn|5
|
|t:|1781410438
|move|p1a: Pecharunt|Recover|p1a: Pecharunt
|-heal|p1a: Pecharunt|100/100
|move|p2a: Iron Treads|Knock Off|p1a: Pecharunt
|-supereffective|p1a: Pecharunt
|-damage|p1a: Pecharunt|67/100
|-enditem|p1a: Pecharunt|Heavy-Duty Boots|[from] move: Knock Off|[of] p2a: Iron Treads
|
|-heal|p2a: Iron Treads|61/100|[from] item: Leftovers
|upkeep
|turn|6
|
|t:|1781410445
|move|p1a: Pecharunt|Recover|p1a: Pecharunt
|-heal|p1a: Pecharunt|100/100
|move|p2a: Iron Treads|Earthquake|p1a: Pecharunt
|-supereffective|p1a: Pecharunt
|-damage|p1a: Pecharunt|45/100
|
|-heal|p2a: Iron Treads|67/100|[from] item: Leftovers
|upkeep
|turn|7
|
|t:|1781410450
|switch|p1a: Latios|Latios, M|100/100
|move|p2a: Iron Treads|Earthquake|p1a: Latios
|-immune|p1a: Latios|[from] ability: Levitate
|
|-heal|p2a: Iron Treads|73/100|[from] item: Leftovers
|upkeep
|turn|8
|
|t:|1781410455
|move|p1a: Latios|Aura Sphere|p2a: Iron Treads
|-supereffective|p2a: Iron Treads
|-damage|p2a: Iron Treads|15/100
|move|p2a: Iron Treads|Knock Off|p1a: Latios
|-supereffective|p1a: Latios
|-damage|p1a: Latios|22/100
|-enditem|p1a: Latios|Covert Cloak|[from] move: Knock Off|[of] p2a: Iron Treads
|
|-heal|p2a: Iron Treads|21/100|[from] item: Leftovers
|upkeep
|turn|9
|
|t:|1781410464
|-end|p2a: Iron Treads|Quark Drive|[silent]
|switch|p2a: Tornadus|Tornadus-Therian, M|100/100
|-damage|p2a: Tornadus|75/100|[from] Stealth Rock
|move|p1a: Latios|Aura Sphere|p2a: Tornadus
|-resisted|p2a: Tornadus
|-damage|p2a: Tornadus|58/100
|
|upkeep
|turn|10
|
|t:|1781410471
|switch|p1a: Ting-Lu|Ting-Lu|62/100
|-ability|p1a: Ting-Lu|Vessel of Ruin
|move|p2a: Tornadus|Heat Wave|p1a: Ting-Lu
|-damage|p1a: Ting-Lu|43/100
|
|-heal|p1a: Ting-Lu|49/100|[from] item: Leftovers
|upkeep
|turn|11
|
|t:|1781410475
|switch|p2a: Sinistcha|Sinistcha|100/100
|move|p1a: Ting-Lu|Spikes|p2a: Sinistcha
|-sidestart|p2: Roseofrosarade|Spikes
|
|-heal|p1a: Ting-Lu|55/100|[from] item: Leftovers
|upkeep
|turn|12
|
|t:|1781410490
|switch|p1a: Dragonite|Dragonite, F|100/100
|move|p2a: Sinistcha|Calm Mind|p2a: Sinistcha
|-boost|p2a: Sinistcha|spa|1
|-boost|p2a: Sinistcha|spd|1
|
|upkeep
|turn|13
|
|t:|1781410494
|move|p2a: Sinistcha|Matcha Gotcha|p1a: Dragonite
|-resisted|p1a: Dragonite
|-damage|p1a: Dragonite|95/100
|move|p1a: Dragonite|Dragon Tail|p2a: Sinistcha
|-damage|p2a: Sinistcha|79/100
|drag|p2a: Iron Treads|Iron Treads|21/100
|-damage|p2a: Iron Treads|18/100|[from] Stealth Rock
|-damage|p2a: Iron Treads|5/100|[from] Spikes
|
|-heal|p2a: Iron Treads|12/100|[from] item: Leftovers
|upkeep
|turn|14
|
|t:|1781410504
|move|p1a: Dragonite|Extreme Speed|p2a: Iron Treads
|-resisted|p2a: Iron Treads
|-damage|p2a: Iron Treads|0 fnt
|faint|p2a: Iron Treads
|-end|p2a: Iron Treads|Quark Drive|[silent]
|
|upkeep
|
|t:|1781410511
|switch|p2a: Sinistcha|Sinistcha|79/100
|turn|15
|
|t:|1781410514
|move|p2a: Sinistcha|Matcha Gotcha|p1a: Dragonite
|-resisted|p1a: Dragonite
|-damage|p1a: Dragonite|87/100
|-heal|p2a: Sinistcha|83/100|[from] drain|[of] p1a: Dragonite
|move|p1a: Dragonite|Dragon Tail|p2a: Sinistcha
|-damage|p2a: Sinistcha|59/100
|drag|p2a: Slowking|Slowking, F|100/100
|-damage|p2a: Slowking|88/100|[from] Stealth Rock
|-damage|p2a: Slowking|76/100|[from] Spikes
|
|upkeep
|turn|16
|
|t:|1781410528
|switch|p1a: Corviknight|Corviknight, F|100/100
|-ability|p1a: Corviknight|Pressure
|move|p2a: Slowking|Scald|p1a: Corviknight
|-damage|p1a: Corviknight|81/100
|-status|p1a: Corviknight|brn
|
|-heal|p1a: Corviknight|87/100 brn|[from] item: Leftovers
|-damage|p1a: Corviknight|81/100 brn|[from] brn
|upkeep
|turn|17
|
|t:|1781410540
|move|p1a: Corviknight|U-turn|p2a: Slowking
|-supereffective|p2a: Slowking
|-crit|p2a: Slowking
|-damage|p2a: Slowking|57/100
|
|t:|1781410544
|switch|p1a: Ting-Lu|Ting-Lu|55/100|[from] U-turn
|-ability|p1a: Ting-Lu|Vessel of Ruin
|move|p2a: Slowking|Flamethrower|p1a: Ting-Lu
|-damage|p1a: Ting-Lu|45/100
|
|-heal|p1a: Ting-Lu|52/100|[from] item: Leftovers
|upkeep
|turn|18
|
|t:|1781410547
|move|p1a: Ting-Lu|Spikes|p2a: Slowking
|-sidestart|p2: Roseofrosarade|Spikes
|move|p2a: Slowking|Scald|p1a: Ting-Lu
|-supereffective|p1a: Ting-Lu
|-damage|p1a: Ting-Lu|27/100
|
|-heal|p1a: Ting-Lu|33/100|[from] item: Leftovers
|upkeep
|turn|19
|
|t:|1781410551
|move|p1a: Ting-Lu|Spikes|p2a: Slowking
|-sidestart|p2: Roseofrosarade|Spikes
|move|p2a: Slowking|Scald|p1a: Ting-Lu
|-supereffective|p1a: Ting-Lu
|-damage|p1a: Ting-Lu|8/100
|
|-heal|p1a: Ting-Lu|15/100|[from] item: Leftovers
|upkeep
|turn|20
|
|t:|1781410556
|move|p1a: Ting-Lu|Ruination|p2a: Slowking
|-damage|p2a: Slowking|29/100
|move|p2a: Slowking|Scald|p1a: Ting-Lu
|-supereffective|p1a: Ting-Lu
|-damage|p1a: Ting-Lu|0 fnt
|faint|p1a: Ting-Lu
|
|upkeep
|
|t:|1781410564
|switch|p1a: Darkrai|Darkrai|100/100
|turn|21
|
|t:|1781410568
|switch|p2a: Umbreon|Umbreon, M|100/100
|-damage|p2a: Umbreon|88/100|[from] Stealth Rock
|-damage|p2a: Umbreon|63/100|[from] Spikes
|move|p1a: Darkrai|Knock Off|p2a: Umbreon
|-resisted|p2a: Umbreon
|-damage|p2a: Umbreon|54/100
|-enditem|p2a: Umbreon|Leftovers|[from] move: Knock Off|[of] p1a: Darkrai
|
|upkeep
|turn|22
|
|t:|1781410580
|switch|p1a: Corviknight|Corviknight, F|81/100 brn
|-ability|p1a: Corviknight|Pressure
|move|p2a: Umbreon|Wish|p2a: Umbreon
|
|-heal|p1a: Corviknight|87/100 brn|[from] item: Leftovers
|-damage|p1a: Corviknight|81/100 brn|[from] brn
|upkeep
|turn|23
|
|t:|1781410585
|move|p2a: Umbreon|Protect|p2a: Umbreon
|-singleturn|p2a: Umbreon|Protect
|move|p1a: Corviknight|U-turn|p2a: Umbreon
|-activate|p2a: Umbreon|move: Protect
|
|-heal|p2a: Umbreon|100/100|[from] move: Wish|[wisher] Umbreon
|-heal|p1a: Corviknight|87/100 brn|[from] item: Leftovers
|-damage|p1a: Corviknight|81/100 brn|[from] brn
|upkeep
|turn|24
|
|t:|1781410592
|move|p1a: Corviknight|U-turn|p2a: Umbreon
|-supereffective|p2a: Umbreon
|-damage|p2a: Umbreon|92/100
|
|t:|1781410613
|switch|p1a: Pecharunt|Pecharunt|45/100|[from] U-turn
|move|p2a: Umbreon|Wish|p2a: Umbreon
|
|upkeep
|turn|25
|
|t:|1781410618
|switch|p2a: Tornadus|Tornadus-Therian, M|91/100
|-damage|p2a: Tornadus|66/100|[from] Stealth Rock
|move|p1a: Pecharunt|Recover|p1a: Pecharunt
|-heal|p1a: Pecharunt|95/100
|
|-heal|p2a: Tornadus|100/100|[from] move: Wish|[wisher] Umbreon
|upkeep
|turn|26
|
|t:|1781410631
|switch|p1a: Corviknight|Corviknight, F|81/100 brn
|-ability|p1a: Corviknight|Pressure
|move|p2a: Tornadus|Bleakwind Storm|p1a: Corviknight|[miss]
|-miss|p2a: Tornadus|p1a: Corviknight
|
|-heal|p1a: Corviknight|87/100 brn|[from] item: Leftovers
|-damage|p1a: Corviknight|81/100 brn|[from] brn
|upkeep
|turn|27
|
|t:|1781410639
|move|p2a: Tornadus|Bleakwind Storm|p1a: Corviknight
|-resisted|p1a: Corviknight
|-damage|p1a: Corviknight|55/100 brn
|-unboost|p1a: Corviknight|spe|1
|move|p1a: Corviknight|U-turn|p2a: Tornadus
|-resisted|p2a: Tornadus
|-damage|p2a: Tornadus|95/100
|
|t:|1781410657
|switch|p1a: Darkrai|Darkrai|100/100|[from] U-turn
|
|upkeep
|turn|28
|
|t:|1781410659
|switch|p1a: Corviknight|Corviknight, F|55/100 brn
|-ability|p1a: Corviknight|Pressure
|move|p2a: Tornadus|Bleakwind Storm|p1a: Corviknight
|-resisted|p1a: Corviknight
|-damage|p1a: Corviknight|31/100 brn
|
|-heal|p1a: Corviknight|37/100 brn|[from] item: Leftovers
|-damage|p1a: Corviknight|31/100 brn|[from] brn
|upkeep
|turn|29
|
|t:|1781410673
|switch|p2a: Sinistcha|Sinistcha|59/100
|move|p1a: Corviknight|Roost|p1a: Corviknight
|-heal|p1a: Corviknight|81/100 brn
|-singleturn|p1a: Corviknight|move: Roost
|
|-heal|p1a: Corviknight|87/100 brn|[from] item: Leftovers
|-damage|p1a: Corviknight|81/100 brn|[from] brn
|upkeep
|turn|30
|
|t:|1781410679
|move|p2a: Sinistcha|Strength Sap|p1a: Corviknight
|-unboost|p1a: Corviknight|atk|1
|-heal|p2a: Sinistcha|100/100
|move|p1a: Corviknight|U-turn|p2a: Sinistcha
|-damage|p2a: Sinistcha|97/100
|
|t:|1781410685
|switch|p1a: Darkrai|Darkrai|100/100|[from] U-turn
|
|upkeep
|turn|31
|
|t:|1781410694
|-terastallize|p2a: Sinistcha|Poison
|move|p1a: Darkrai|Dark Pulse|p2a: Sinistcha
|-damage|p2a: Sinistcha|43/100
|move|p2a: Sinistcha|Matcha Gotcha|p1a: Darkrai|[miss]
|-miss|p2a: Sinistcha|p1a: Darkrai
|
|upkeep
|turn|32
|j| heheheha07
|
|t:|1781410705
|move|p1a: Darkrai|Dark Pulse|p2a: Sinistcha
|-damage|p2a: Sinistcha|0 fnt
|faint|p2a: Sinistcha
|
|upkeep
|
|t:|1781410713
|switch|p2a: Tornadus|Tornadus-Therian, M|100/100
|-damage|p2a: Tornadus|75/100|[from] Stealth Rock
|turn|33
|
|t:|1781410720
|switch|p1a: Corviknight|Corviknight, F|81/100 brn
|-ability|p1a: Corviknight|Pressure
|move|p2a: Tornadus|Heat Wave|p1a: Corviknight
|-supereffective|p1a: Corviknight
|-damage|p1a: Corviknight|23/100 brn
|
|-heal|p1a: Corviknight|29/100 brn|[from] item: Leftovers
|-damage|p1a: Corviknight|23/100 brn|[from] brn
|upkeep
|turn|34
|
|t:|1781410738
|switch|p1a: Dragonite|Dragonite, F|87/100
|move|p2a: Tornadus|Heat Wave|p1a: Dragonite
|-resisted|p1a: Dragonite
|-damage|p1a: Dragonite|66/100
|
|upkeep
|turn|35
|
|t:|1781410744
|switch|p2a: Umbreon|Umbreon, M|92/100
|-damage|p2a: Umbreon|80/100|[from] Stealth Rock
|-damage|p2a: Umbreon|55/100|[from] Spikes
|move|p1a: Dragonite|Dragon Tail|p2a: Umbreon
|-crit|p2a: Umbreon
|-damage|p2a: Umbreon|27/100
|drag|p2a: Zamazenta|Zamazenta|100/100
|-damage|p2a: Zamazenta|94/100|[from] Stealth Rock
|-damage|p2a: Zamazenta|69/100|[from] Spikes
|-ability|p2a: Zamazenta|Dauntless Shield|boost
|-boost|p2a: Zamazenta|def|1
|
|upkeep
|turn|36
|
|t:|1781410757
|switch|p1a: Pecharunt|Pecharunt|95/100
|move|p2a: Zamazenta|Crunch|p1a: Pecharunt
|-supereffective|p1a: Pecharunt
|-damage|p1a: Pecharunt|47/100
|
|upkeep
|turn|37
|
|t:|1781410787
|-terastallize|p1a: Pecharunt|Water
|move|p2a: Zamazenta|Crunch|p1a: Pecharunt
|-damage|p1a: Pecharunt|25/100
|-unboost|p1a: Pecharunt|def|1
|move|p1a: Pecharunt|Malignant Chain|p2a: Zamazenta
|-damage|p2a: Zamazenta|39/100
|
|upkeep
|turn|38
|
|t:|1781410800
|switch|p1a: Latios|Latios, M|22/100
|move|p2a: Zamazenta|Crunch|p1a: Latios
|-supereffective|p1a: Latios
|-damage|p1a: Latios|0 fnt
|faint|p1a: Latios
|
|upkeep
|
|t:|1781410802
|switch|p1a: Pecharunt|Pecharunt, tera:Water|25/100
|turn|39
|
|t:|1781410807
|move|p2a: Zamazenta|Crunch|p1a: Pecharunt
|-damage|p1a: Pecharunt|2/100
|move|p1a: Pecharunt|Recover|p1a: Pecharunt
|-heal|p1a: Pecharunt|52/100
|
|upkeep
|turn|40
|
|t:|1781410812
|move|p2a: Zamazenta|Crunch|p1a: Pecharunt
|-damage|p1a: Pecharunt|29/100
|move|p1a: Pecharunt|Recover|p1a: Pecharunt
|-heal|p1a: Pecharunt|79/100
|
|upkeep
|turn|41
|
|t:|1781410815
|move|p2a: Zamazenta|Crunch|p1a: Pecharunt
|-damage|p1a: Pecharunt|54/100
|move|p1a: Pecharunt|Malignant Chain|p2a: Zamazenta
|-damage|p2a: Zamazenta|12/100
|
|upkeep
|turn|42
|
|t:|1781410819
|move|p2a: Zamazenta|Crunch|p1a: Pecharunt
|-damage|p1a: Pecharunt|31/100
|move|p1a: Pecharunt|Malignant Chain|p2a: Zamazenta
|-damage|p2a: Zamazenta|0 fnt
|faint|p2a: Zamazenta
|
|upkeep
|
|t:|1781410821
|switch|p2a: Tornadus|Tornadus-Therian, M|100/100
|-damage|p2a: Tornadus|75/100|[from] Stealth Rock
|turn|43
|
|t:|1781410829
|move|p2a: Tornadus|Bleakwind Storm|p1a: Pecharunt
|-damage|p1a: Pecharunt|0 fnt
|faint|p1a: Pecharunt
|
|upkeep
|
|t:|1781410834
|switch|p1a: Dragonite|Dragonite, F|66/100
|turn|44
|
|t:|1781410836
|move|p1a: Dragonite|Extreme Speed|p2a: Tornadus
|-damage|p2a: Tornadus|31/100
|move|p2a: Tornadus|Bleakwind Storm|p1a: Dragonite
|-damage|p1a: Dragonite|1/100
|
|upkeep
|turn|45
|
|t:|1781410850
|move|p1a: Dragonite|Extreme Speed|p2a: Tornadus
|-damage|p2a: Tornadus|0 fnt
|faint|p2a: Tornadus
|
|upkeep
|
|t:|1781410852
|switch|p2a: Slowking|Slowking, F|62/100
|-damage|p2a: Slowking|50/100|[from] Stealth Rock
|-damage|p2a: Slowking|25/100|[from] Spikes
|turn|46
|
|t:|1781410858
|move|p1a: Dragonite|Extreme Speed|p2a: Slowking
|-damage|p2a: Slowking|0 fnt
|faint|p2a: Slowking
|
|upkeep
|
|t:|1781410860
|switch|p2a: Umbreon|Umbreon, M|27/100
|-damage|p2a: Umbreon|15/100|[from] Stealth Rock
|-damage|p2a: Umbreon|0 fnt|[from] Spikes
|faint|p2a: Umbreon
|
|win|ur doggo
|raw|ur doggo's rating: 1619 &rarr; <strong>1642</strong><br />(+23 for winning)
|raw|Roseofrosarade's rating: 1669 &rarr; <strong>1646</strong><br />(-23 for losing)
|l|☆ur doggo
|player|p1|
|l|☆Roseofrosarade
|player|p2|
