|j|☆Dat boii fam
|j|☆juli<33
|t:|1780934485
|gametype|singles
|player|p1|Dat boii fam|li|1739
|player|p2|juli<33|caitlin-masters|1702
|gen|9
|tier|[Gen 9] OU
|rated|
|rule|HP Percentage Mod: HP is shown in percentages
|rule|Endless Battle Clause: Forcing endless battles is banned
|rule|Species Clause: Limit one of each Pokémon
|rule|OHKO Clause: OHKO moves are banned
|rule|Evasion Items Clause: Evasion items are banned
|rule|Evasion Moves Clause: Evasion moves are banned
|rule|Evasion Abilities Clause: Evasion abilities are banned
|rule|Sleep Moves Clause: Sleep-inducing moves are banned
|clearpoke
|poke|p1|Alomomola, F|
|poke|p1|Landorus-Therian, M|
|poke|p1|Zapdos|
|poke|p1|Tornadus-Therian, M|
|poke|p1|Scizor, F|
|poke|p1|Amoonguss, F|
|poke|p2|Great Tusk|
|poke|p2|Slowking-Galar, M|
|poke|p2|Corviknight, F|
|poke|p2|Clefable, F|
|poke|p2|Samurott-Hisui, F|
|poke|p2|Dragapult, F|
|teampreview
|inactive|Battle timer is ON: inactive players will automatically lose when time's up. (requested by juli<33)
|
|t:|1780934492
|teamsize|p1|6
|teamsize|p2|6
|start
|switch|p1a: Landorus|Landorus-Therian, M|100/100
|switch|p2a: Bull's-eye|Dragapult, F, shiny|100/100
|-ability|p1a: Landorus|Intimidate|boost
|-fail|p2a: Bull's-eye|unboost|[from] ability: Clear Body|[of] p2a: Bull's-eye
|turn|1
|
|t:|1780934516
|switch|p1a: Amoonguss|Amoonguss, F|100/100
|move|p2a: Bull's-eye|Draco Meteor|p1a: Amoonguss
|-damage|p1a: Amoonguss|26/100
|-unboost|p2a: Bull's-eye|spa|2
|
|upkeep
|turn|2
|
|t:|1780934531
|switch|p2a: P!nk|Clefable, F|100/100
|switch|p1a: Alomomola|Alomomola, F|100/100
|
|upkeep
|turn|3
|
|t:|1780934538
|move|p2a: P!nk|Stealth Rock|p1a: Alomomola
|-sidestart|p1: Dat boii fam|move: Stealth Rock
|move|p1a: Alomomola|Flip Turn|p2a: P!nk
|-damage|p2a: P!nk|88/100
|j| have we gone
|
|t:|1780934548
|switch|p1a: Scizor|Scizor, F|100/100|[from] Flip Turn
|
|-heal|p2a: P!nk|94/100|[from] item: Leftovers
|upkeep
|turn|4
|
|t:|1780934554
|move|p1a: Scizor|Knock Off|p2a: P!nk
|-resisted|p2a: P!nk
|-damage|p2a: P!nk|83/100
|-enditem|p2a: P!nk|Leftovers|[from] move: Knock Off|[of] p1a: Scizor
|move|p2a: P!nk|Knock Off|p1a: Scizor
|-damage|p1a: Scizor|84/100
|-enditem|p1a: Scizor|Heavy-Duty Boots|[from] move: Knock Off|[of] p2a: P!nk
|
|upkeep
|turn|5
|
|t:|1780934561
|switch|p2a: Voyageur|Corviknight, F|100/100
|-ability|p2a: Voyageur|Pressure
|move|p1a: Scizor|Bullet Punch|p2a: Voyageur
|-resisted|p2a: Voyageur
|-damage|p2a: Voyageur|92/100
|-damage|p1a: Scizor|68/100|[from] item: Rocky Helmet|[of] p2a: Voyageur
|
|upkeep
|turn|6
|
|t:|1780934569
|move|p1a: Scizor|Defog|p2a: Voyageur
|-unboost|p2a: Voyageur|evasion|1
|-sideend|p1: Dat boii fam|Stealth Rock|[from] move: Defog|[of] p1a: Scizor
|move|p2a: Voyageur|U-turn|p1a: Scizor
|-resisted|p1a: Scizor
|-damage|p1a: Scizor|60/100
|
|t:|1780934572
|switch|p2a: Bull's-eye|Dragapult, F, shiny|100/100|[from] U-turn
|
|upkeep
|turn|7
|
|t:|1780934577
|-terastallize|p2a: Bull's-eye|Ghost
|move|p2a: Bull's-eye|Shadow Ball|p1a: Scizor
|-damage|p1a: Scizor|0 fnt
|faint|p1a: Scizor
|
|upkeep
|j| SUBMACHINEGOTH
|
|t:|1780934591
|switch|p1a: Zapdos|Zapdos|100/100
|turn|8
|
|t:|1780934594
|switch|p2a: Alchemist|Slowking-Galar, M|100/100
|move|p1a: Zapdos|Discharge|p2a: Alchemist
|-damage|p2a: Alchemist|78/100
|-status|p2a: Alchemist|par
|
|upkeep
|turn|9
|
|t:|1780934601
|move|p1a: Zapdos|Hurricane|p2a: Alchemist
|-damage|p2a: Alchemist|48/100 par
|move|p2a: Alchemist|Ice Beam|p1a: Zapdos
|-supereffective|p1a: Zapdos
|-damage|p1a: Zapdos|48/100
|
|upkeep
|turn|10
|
|t:|1780934607
|move|p1a: Zapdos|Roost|p1a: Zapdos
|-heal|p1a: Zapdos|98/100
|-singleturn|p1a: Zapdos|move: Roost
|move|p2a: Alchemist|Ice Beam|p1a: Zapdos
|-damage|p1a: Zapdos|71/100
|
|upkeep
|turn|11
|j| feeyjvdet
|
|t:|1780934618
|move|p1a: Zapdos|Hurricane|p2a: Alchemist
|-damage|p2a: Alchemist|18/100 par
|move|p2a: Alchemist|Ice Beam|p1a: Zapdos
|-supereffective|p1a: Zapdos
|-damage|p1a: Zapdos|20/100
|
|upkeep
|turn|12
|
|t:|1780934625
|switch|p2a: Bull's-eye|Dragapult, F, shiny, tera:Ghost|100/100
|move|p1a: Zapdos|Hurricane|p2a: Bull's-eye
|-damage|p2a: Bull's-eye|24/100
|
|upkeep
|turn|13
|l| have we gone
|
|t:|1780934648
|switch|p1a: Landorus|Landorus-Therian, M|100/100
|-ability|p1a: Landorus|Intimidate|boost
|-fail|p2a: Bull's-eye|unboost|[from] ability: Clear Body|[of] p2a: Bull's-eye
|move|p2a: Bull's-eye|Shadow Ball|p1a: Landorus
|-damage|p1a: Landorus|17/100
|
|upkeep
|turn|14
|
|t:|1780934656
|switch|p2a: Voyageur|Corviknight, F|92/100
|-ability|p2a: Voyageur|Pressure
|move|p1a: Landorus|Earthquake|p2a: Voyageur
|-immune|p2a: Voyageur
|
|upkeep
|turn|15
|
|t:|1780934665
|switch|p1a: Alomomola|Alomomola, F|100/100
|move|p2a: Voyageur|U-turn|p1a: Alomomola
|-damage|p1a: Alomomola|91/100
|
|t:|1780934669
|switch|p2a: P!nk|Clefable, F|83/100|[from] U-turn
|
|upkeep
|turn|16
|
|t:|1780934672
|move|p2a: P!nk|Stealth Rock|p1a: Alomomola
|-sidestart|p1: Dat boii fam|move: Stealth Rock
|move|p1a: Alomomola|Wish|p1a: Alomomola
|
|upkeep
|turn|17
|
|t:|1780934679
|move|p2a: P!nk|Knock Off|p1a: Alomomola
|-damage|p1a: Alomomola|83/100
|-enditem|p1a: Alomomola|Heavy-Duty Boots|[from] move: Knock Off|[of] p2a: P!nk
|move|p1a: Alomomola|Flip Turn|p2a: P!nk
|-damage|p2a: P!nk|70/100
|j| SilverDE
|
|t:|1780934688
|switch|p1a: Landorus|Landorus-Therian, M|17/100|[from] Flip Turn
|-damage|p1a: Landorus|4/100|[from] Stealth Rock
|-ability|p1a: Landorus|Intimidate|boost
|-unboost|p2a: P!nk|atk|1
|
|-heal|p1a: Landorus|88/100|[from] move: Wish|[wisher] Alomomola
|upkeep
|turn|18
|
|t:|1780934696
|move|p1a: Landorus|U-turn|p2a: P!nk
|-resisted|p2a: P!nk
|-damage|p2a: P!nk|59/100
|
|t:|1780934699
|switch|p1a: Alomomola|Alomomola, F|100/100|[from] U-turn
|-damage|p1a: Alomomola|88/100|[from] Stealth Rock
|move|p2a: P!nk|Moonblast|p1a: Alomomola
|-damage|p1a: Alomomola|54/100
|
|upkeep
|turn|19
|
|t:|1780934706
|move|p2a: P!nk|Moonlight|p2a: P!nk
|-heal|p2a: P!nk|100/100
|move|p1a: Alomomola|Wish|p1a: Alomomola
|
|upkeep
|turn|20
|
|t:|1780934711
|move|p2a: P!nk|Moonblast|p1a: Alomomola
|-damage|p1a: Alomomola|21/100
|-unboost|p1a: Alomomola|spa|1
|move|p1a: Alomomola|Flip Turn|p2a: P!nk
|-damage|p2a: P!nk|88/100
|l| feeyjvdet
|
|t:|1780934718
|switch|p1a: Zapdos|Zapdos|20/100|[from] Flip Turn
|
|-heal|p1a: Zapdos|90/100|[from] move: Wish|[wisher] Alomomola
|upkeep
|turn|21
|
|t:|1780934723
|move|p1a: Zapdos|Hurricane|p2a: P!nk
|-damage|p2a: P!nk|29/100
|move|p2a: P!nk|Moonblast|p1a: Zapdos
|-damage|p1a: Zapdos|62/100
|
|upkeep
|turn|22
|
|t:|1780934730
|move|p1a: Zapdos|Hurricane|p2a: P!nk|[miss]
|-miss|p1a: Zapdos|p2a: P!nk
|move|p2a: P!nk|Knock Off|p1a: Zapdos
|-damage|p1a: Zapdos|52/100
|-enditem|p1a: Zapdos|Heavy-Duty Boots|[from] move: Knock Off|[of] p2a: P!nk
|
|upkeep
|turn|23
|
|t:|1780934738
|switch|p2a: Alchemist|Slowking-Galar, M|51/100 par
|move|p1a: Zapdos|Discharge|p2a: Alchemist
|-damage|p2a: Alchemist|30/100 par
|
|upkeep
|turn|24
|j| feeyjvdet
|
|t:|1780934743
|move|p1a: Zapdos|Hurricane|p2a: Alchemist|[miss]
|-miss|p1a: Zapdos|p2a: Alchemist
|move|p2a: Alchemist|Sludge Bomb|p1a: Zapdos
|-damage|p1a: Zapdos|14/100
|-status|p1a: Zapdos|psn
|
|-damage|p1a: Zapdos|1/100 psn|[from] psn
|upkeep
|turn|25
|
|t:|1780934751
|move|p1a: Zapdos|Hurricane|p2a: Alchemist
|-damage|p2a: Alchemist|3/100 par
|cant|p2a: Alchemist|par
|
|-damage|p1a: Zapdos|0 fnt|[from] psn
|faint|p1a: Zapdos
|upkeep
|
|t:|1780934767
|switch|p1a: Tornadus|Tornadus-Therian, M|100/100
|turn|26
|
|t:|1780934774
|switch|p2a: P!nk|Clefable, F|29/100
|move|p1a: Tornadus|Bleakwind Storm|p2a: P!nk
|-damage|p2a: P!nk|0 fnt
|faint|p2a: P!nk
|
|upkeep
|
|t:|1780934782
|switch|p2a: Jack|Samurott-Hisui, F, shiny|100/100
|turn|27
|
|t:|1780934787
|switch|p1a: Amoonguss|Amoonguss, F|60/100
|-damage|p1a: Amoonguss|47/100|[from] Stealth Rock
|move|p2a: Jack|Ceaseless Edge|p1a: Amoonguss
|-damage|p1a: Amoonguss|17/100
|-damage|p2a: Jack|84/100|[from] item: Rocky Helmet|[of] p1a: Amoonguss
|-sidestart|p1: Dat boii fam|Spikes
|
|upkeep
|turn|28
|j| have we gone
|
|t:|1780934796
|move|p2a: Jack|Knock Off|p1a: Amoonguss
|-damage|p1a: Amoonguss|0 fnt
|-damage|p2a: Jack|68/100|[from] item: Rocky Helmet|[of] p1a: Amoonguss
|-enditem|p1a: Amoonguss|Rocky Helmet|[from] move: Knock Off|[of] p2a: Jack
|faint|p1a: Amoonguss
|
|upkeep
|
|t:|1780934805
|switch|p1a: Landorus|Landorus-Therian, M|88/100
|-damage|p1a: Landorus|75/100|[from] Stealth Rock
|-ability|p1a: Landorus|Intimidate|boost
|-unboost|p2a: Jack|atk|1
|turn|29
|
|t:|1780934810
|switch|p2a: Voyageur|Corviknight, F|92/100
|-ability|p2a: Voyageur|Pressure
|move|p1a: Landorus|U-turn|p2a: Voyageur
|-resisted|p2a: Voyageur
|-damage|p2a: Voyageur|88/100
|-damage|p1a: Landorus|59/100|[from] item: Rocky Helmet|[of] p2a: Voyageur
|
|t:|1780934817
|switch|p1a: Tornadus|Tornadus-Therian, M|100/100|[from] U-turn
|
|upkeep
|turn|30
|
|t:|1780934824
|switch|p2a: Alchemist|Slowking-Galar, M|36/100 par
|move|p1a: Tornadus|Dark Pulse|p2a: Alchemist
|-supereffective|p2a: Alchemist
|-damage|p2a: Alchemist|12/100 par
|
|upkeep
|turn|31
|
|t:|1780934837
|switch|p2a: Loxodonta|Great Tusk|100/100
|move|p1a: Tornadus|Nasty Plot|p1a: Tornadus
|-boost|p1a: Tornadus|spa|2
|
|upkeep
|turn|32
|j| Cotowol
|
|t:|1780934843
|move|p1a: Tornadus|Bleakwind Storm|p2a: Loxodonta
|-supereffective|p2a: Loxodonta
|-damage|p2a: Loxodonta|0 fnt
|faint|p2a: Loxodonta
|-end|p2a: Loxodonta|Protosynthesis|[silent]
|
|upkeep
|
|t:|1780934845
|switch|p2a: Bull's-eye|Dragapult, F, shiny, tera:Ghost|24/100
|turn|33
|
|t:|1780934852
|move|p2a: Bull's-eye|Thunderbolt|p1a: Tornadus
|-supereffective|p1a: Tornadus
|-damage|p1a: Tornadus|2/100
|move|p1a: Tornadus|Dark Pulse|p2a: Bull's-eye
|-supereffective|p2a: Bull's-eye
|-damage|p2a: Bull's-eye|0 fnt
|faint|p2a: Bull's-eye
|
|upkeep
|
|t:|1780934857
|switch|p2a: Jack|Samurott-Hisui, F, shiny|68/100
|turn|34
|
|t:|1780934871
|switch|p1a: Landorus|Landorus-Therian, M|59/100
|-damage|p1a: Landorus|46/100|[from] Stealth Rock
|-ability|p1a: Landorus|Intimidate|boost
|-unboost|p2a: Jack|atk|1
|move|p2a: Jack|Aqua Jet|p1a: Landorus
|-supereffective|p1a: Landorus
|-crit|p1a: Landorus
|-damage|p1a: Landorus|0 fnt
|faint|p1a: Landorus
|
|upkeep
|
|t:|1780934880
|switch|p1a: Alomomola|Alomomola, F|54/100
|-damage|p1a: Alomomola|42/100|[from] Stealth Rock
|-damage|p1a: Alomomola|30/100|[from] Spikes
|turn|35
|
|t:|1780934885
|switch|p2a: Alchemist|Slowking-Galar, M|45/100 par
|move|p1a: Alomomola|Wish|p1a: Alomomola
|
|upkeep
|turn|36
|
|t:|1780934891
|move|p1a: Alomomola|Protect|p1a: Alomomola
|-singleturn|p1a: Alomomola|Protect
|move|p2a: Alchemist|Ice Beam|p1a: Alomomola
|-activate|p1a: Alomomola|move: Protect
|
|-heal|p1a: Alomomola|80/100|[from] move: Wish|[wisher] Alomomola
|upkeep
|turn|37
|
|t:|1780934901
|move|p1a: Alomomola|Wish|p1a: Alomomola
|move|p2a: Alchemist|Sludge Bomb|p1a: Alomomola
|-damage|p1a: Alomomola|40/100
|
|upkeep
|turn|38
|
|t:|1780934906
|move|p1a: Alomomola|Protect|p1a: Alomomola
|-singleturn|p1a: Alomomola|Protect
|move|p2a: Alchemist|Sludge Bomb|p1a: Alomomola
|-activate|p1a: Alomomola|move: Protect
|
|-heal|p1a: Alomomola|90/100|[from] move: Wish|[wisher] Alomomola
|upkeep
|turn|39
|
|t:|1780934914
|switch|p1a: Tornadus|Tornadus-Therian, M|36/100
|move|p2a: Alchemist|Sludge Bomb|p1a: Tornadus
|-damage|p1a: Tornadus|0 fnt
|faint|p1a: Tornadus
|
|upkeep
|c|☆Dat boii fam|gg
|-message|Dat boii fam forfeited.
|
|win|juli<33
|raw|Dat boii fam's rating: 1739 &rarr; <strong>1717</strong><br />(-22 for losing)
|raw|juli&lt;33's rating: 1702 &rarr; <strong>1724</strong><br />(+22 for winning)
|l|☆Dat boii fam
|player|p1|
|c|☆juli<33|gg
|l|☆juli<33
|player|p2|
|l| feeyjvdet
|l| SUBMACHINEGOTH
|l| SilverDE
|l| have we gone
