|j|☆MewEnRage
|j|☆MSD GARCHOMP
|t:|1781015640
|gametype|singles
|player|p1|MewEnRage|hooligans|1535
|player|p2|MSD GARCHOMP|cilan|1537
|gen|9
|tier|[Gen 9] OU
|rated|
|rule|HP Percentage Mod: HP is shown in percentages
|rule|Endless Battle Clause: Forcing endless battles is banned
|rule|Species Clause: Limit one of each Pokémon
|rule|OHKO Clause: OHKO moves are banned
|rule|Evasion Items Clause: Evasion items are banned
|rule|Evasion Moves Clause: Evasion moves are banned
|rule|Evasion Abilities Clause: Evasion abilities are banned
|rule|Sleep Moves Clause: Sleep-inducing moves are banned
|clearpoke
|poke|p1|Slowking-Galar, M|
|poke|p1|Glastrier|
|poke|p1|Tornadus-Therian, M|
|poke|p1|Cinderace, M|
|poke|p1|Sandslash-Alola, M|
|poke|p1|Espeon, M|
|poke|p2|Kyurem|
|poke|p2|Great Tusk|
|poke|p2|Gholdengo|
|poke|p2|Hatterene, F|
|poke|p2|Cinderace, F|
|poke|p2|Kingambit, M|
|teampreview
|inactive|Battle timer is ON: inactive players will automatically lose when time's up. (requested by MewEnRage)
|inactive|MSD GARCHOMP has 120 seconds left.
|inactive|MSD GARCHOMP has 90 seconds left.
|inactive|MSD GARCHOMP has 60 seconds left.
|
|t:|1781015742
|teamsize|p1|6
|teamsize|p2|6
|start
|switch|p1a: Cinderace|Cinderace, M|100/100
|switch|p2a: Kyurem|Kyurem, shiny|100/100
|-ability|p2a: Kyurem|Pressure
|turn|1
|
|t:|1781015753
|move|p1a: Cinderace|Iron Head|p2a: Kyurem
|-start|p1a: Cinderace|typechange|Steel|[from] ability: Libero
|-supereffective|p2a: Kyurem
|-damage|p2a: Kyurem|32/100
|move|p2a: Kyurem|Earth Power|p1a: Cinderace
|-supereffective|p1a: Cinderace
|-damage|p1a: Cinderace|21/100
|
|upkeep
|turn|2
|
|t:|1781015766
|switch|p2a: Cinderace|Cinderace, F|100/100
|move|p1a: Cinderace|Iron Head|p2a: Cinderace
|-resisted|p2a: Cinderace
|-damage|p2a: Cinderace|56/100
|
|upkeep
|turn|3
|c|☆MewEnRage|full def kyurem omg
|
|t:|1781015785
|switch|p1a: Espeon|Espeon, M|100/100
|move|p2a: Cinderace|Pyro Ball|p1a: Espeon
|-enditem|p1a: Espeon|Focus Sash
|-damage|p1a: Espeon|1/100
|
|upkeep
|turn|4
|c|☆MSD GARCHOMP|mhm
|
|t:|1781015800
|move|p2a: Cinderace|Sucker Punch|p1a: Espeon
|-start|p2a: Cinderace|typechange|Dark|[from] ability: Libero
|-supereffective|p1a: Espeon
|-damage|p1a: Espeon|0 fnt
|faint|p1a: Espeon
|
|upkeep
|
|t:|1781015805
|switch|p1a: Tornadus|Tornadus-Therian, M|100/100
|turn|5
|
|t:|1781015816
|switch|p2a: Hatterene|Hatterene, F|100/100
|move|p1a: Tornadus|U-turn|p2a: Hatterene
|-damage|p2a: Hatterene|84/100
|-damage|p1a: Tornadus|84/100|[from] item: Rocky Helmet|[of] p2a: Hatterene
|-damage|p1a: Tornadus|74/100|[from] item: Life Orb
|
|t:|1781015820
|switch|p1a: Slowking|Slowking-Galar, M|100/100|[from] U-turn
|
|upkeep
|turn|6
|
|t:|1781015828
|move|p2a: Hatterene|Nuzzle|p1a: Slowking
|-damage|p1a: Slowking|96/100
|-status|p1a: Slowking|par
|move|p1a: Slowking|Sludge Bomb|p2a: Hatterene
|-supereffective|p2a: Hatterene
|-damage|p2a: Hatterene|16/100
|
|upkeep
|turn|7
|
|t:|1781015835
|move|p2a: Hatterene|Pain Split|p1a: Slowking
|-sethp|p1a: Slowking|55/100 par|[from] move: Pain Split|[silent]
|-sethp|p2a: Hatterene|67/100|[from] move: Pain Split
|move|p1a: Slowking|Trick Room|p1a: Slowking
|-fieldstart|move: Trick Room|[of] p1a: Slowking
|
|upkeep
|turn|8
|
|t:|1781015849
|switch|p2a: Kingambit|Kingambit, M|100/100
|-item|p2a: Kingambit|Air Balloon
|move|p1a: Slowking|Sludge Bomb|p2a: Kingambit
|-immune|p2a: Kingambit
|
|upkeep
|turn|9
|
|t:|1781015855
|-prepare|p1a: Slowking|Chilly Reception|[premajor]
|cant|p1a: Slowking|par
|move|p2a: Kingambit|Iron Head|p1a: Slowking
|-damage|p1a: Slowking|9/100 par
|
|upkeep
|turn|10
|
|t:|1781015863
|move|p2a: Kingambit|Sucker Punch||[still]
|-fail|p2a: Kingambit
|-prepare|p1a: Slowking|Chilly Reception|[premajor]
|move|p1a: Slowking|Chilly Reception|p1a: Slowking
|-weather|Snowscape
|
|t:|1781015866
|switch|p1a: Glastrier|Glastrier|100/100|[from] Chilly Reception
|
|-weather|Snowscape|[upkeep]
|upkeep
|turn|11
|
|t:|1781015874
|move|p1a: Glastrier|Body Press|p2a: Kingambit
|-supereffective|p2a: Kingambit
|-damage|p2a: Kingambit|0 fnt
|-enditem|p2a: Kingambit|Air Balloon
|faint|p2a: Kingambit
|-end|p2a: Kingambit|fallenundefined|[silent]
|-ability|p1a: Glastrier|Chilling Neigh|boost
|-boost|p1a: Glastrier|atk|1
|
|-weather|Snowscape|[upkeep]
|-fieldend|move: Trick Room
|upkeep
|
|t:|1781015883
|switch|p2a: Gholdengo|Gholdengo|100/100
|turn|12
|
|t:|1781015887
|-terastallize|p1a: Glastrier|Fighting
|move|p2a: Gholdengo|Make It Rain|p1a: Glastrier
|-damage|p1a: Glastrier|67/100
|-unboost|p2a: Gholdengo|spa|1
|move|p1a: Glastrier|High Horsepower|p2a: Gholdengo
|-supereffective|p2a: Gholdengo
|-enditem|p2a: Gholdengo|Shuca Berry|[eat]
|-enditem|p2a: Gholdengo|Shuca Berry|[weaken]
|-damage|p2a: Gholdengo|55/100
|
|-weather|Snowscape|[upkeep]
|upkeep
|turn|13
|
|t:|1781015902
|switch|p2a: Hatterene|Hatterene, F|67/100
|move|p1a: Glastrier|High Horsepower|p2a: Hatterene|[miss]
|-miss|p1a: Glastrier|p2a: Hatterene
|
|-weather|Snowscape|[upkeep]
|upkeep
|turn|14
|
|t:|1781015906
|move|p1a: Glastrier|Icicle Crash|p2a: Hatterene
|-crit|p2a: Hatterene
|-damage|p2a: Hatterene|0 fnt
|faint|p2a: Hatterene
|-ability|p1a: Glastrier|Chilling Neigh|boost
|-boost|p1a: Glastrier|atk|1
|
|-weather|Snowscape|[upkeep]
|upkeep
|inactive|MSD GARCHOMP has 120 seconds left.
|
|t:|1781015959
|switch|p2a: Gholdengo|Gholdengo|55/100
|turn|15
|
|t:|1781015978
|-terastallize|p2a: Gholdengo|Flying
|move|p2a: Gholdengo|Nasty Plot|p2a: Gholdengo
|-boost|p2a: Gholdengo|spa|2
|move|p1a: Glastrier|High Horsepower|p2a: Gholdengo
|-immune|p2a: Gholdengo
|
|-weather|Snowscape|[upkeep]
|upkeep
|turn|16
|
|t:|1781015986
|switch|p1a: Slowking|Slowking-Galar, M|42/100 par
|move|p2a: Gholdengo|Make It Rain|p1a: Slowking
|-damage|p1a: Slowking|0 fnt
|-unboost|p2a: Gholdengo|spa|1
|faint|p1a: Slowking
|
|-weather|Snowscape|[upkeep]
|upkeep
|
|t:|1781015988
|switch|p1a: Glastrier|Glastrier, tera:Fighting|67/100
|turn|17
|
|t:|1781015992
|move|p2a: Gholdengo|Make It Rain|p1a: Glastrier
|-crit|p1a: Glastrier
|-damage|p1a: Glastrier|0 fnt
|-unboost|p2a: Gholdengo|spa|1
|faint|p1a: Glastrier
|
|-weather|none
|upkeep
|c|☆MSD GARCHOMP|wow
|
|t:|1781015997
|switch|p1a: Cinderace|Cinderace, M|21/100
|turn|18
|c|☆MSD GARCHOMP|lucky
|c|☆MewEnRage|Noooooo
|
|t:|1781016005
|switch|p2a: Great Tusk|Great Tusk|100/100
|move|p1a: Cinderace|Pyro Ball|p2a: Great Tusk
|-damage|p2a: Great Tusk|39/100
|
|upkeep
|turn|19
|c|☆MSD GARCHOMP|is that banded
|
|t:|1781016023
|move|p2a: Great Tusk|Ice Spinner|p1a: Cinderace
|-resisted|p1a: Cinderace
|-damage|p1a: Cinderace|0 fnt
|faint|p1a: Cinderace
|
|upkeep
|c|☆MewEnRage|yup
|
|t:|1781016029
|switch|p1a: Sandslash|Sandslash-Alola, M|100/100
|turn|20
|
|t:|1781016035
|-end|p2a: Great Tusk|Protosynthesis|[silent]
|switch|p2a: Kyurem|Kyurem, shiny|32/100
|-ability|p2a: Kyurem|Pressure
|move|p1a: Sandslash|Rapid Spin|p2a: Kyurem
|-damage|p2a: Kyurem|22/100
|-boost|p1a: Sandslash|spe|1
|
|upkeep
|turn|21
|
|t:|1781016041
|move|p1a: Sandslash|Rapid Spin|p2a: Kyurem
|-damage|p2a: Kyurem|11/100
|-boost|p1a: Sandslash|spe|1
|move|p2a: Kyurem|Body Press|p1a: Sandslash
|-supereffective|p1a: Sandslash
|-damage|p1a: Sandslash|14/100
|
|upkeep
|turn|22
|
|t:|1781016046
|move|p1a: Sandslash|Rapid Spin|p2a: Kyurem
|-damage|p2a: Kyurem|1/100
|-boost|p1a: Sandslash|spe|1
|move|p2a: Kyurem|Ice Beam|p1a: Sandslash
|-resisted|p1a: Sandslash
|-damage|p1a: Sandslash|0 fnt
|faint|p1a: Sandslash
|
|upkeep
|c|☆MewEnRage|oupsi
|
|t:|1781016052
|switch|p1a: Tornadus|Tornadus-Therian, M|100/100
|turn|23
|
|t:|1781016057
|move|p1a: Tornadus|U-turn|p2a: Kyurem
|-damage|p2a: Kyurem|0 fnt
|faint|p2a: Kyurem
|-damage|p1a: Tornadus|91/100|[from] item: Life Orb
|
|upkeep
|
|t:|1781016067
|switch|p2a: Great Tusk|Great Tusk|39/100
|turn|24
|
|t:|1781016071
|move|p2a: Great Tusk|Ice Spinner|p1a: Tornadus
|-supereffective|p1a: Tornadus
|-crit|p1a: Tornadus
|-damage|p1a: Tornadus|0 fnt
|faint|p1a: Tornadus
|
|win|MSD GARCHOMP
|raw|MewEnRage's rating: 1535 &rarr; <strong>1515</strong><br />(-20 for losing)
|raw|MSD GARCHOMP's rating: 1537 &rarr; <strong>1557</strong><br />(+20 for winning)
|l|☆MewEnRage
|player|p1|
|c|☆MSD GARCHOMP|gg
|l|☆MSD GARCHOMP
|player|p2|
