|j|☆vartholomeus
|j|☆iamverykarpy
|t:|1781184623
|gametype|singles
|player|p1|vartholomeus|gambler|1527
|player|p2|iamverykarpy|colress|1619
|gen|9
|tier|[Gen 9] OU
|rated|
|rule|HP Percentage Mod: HP is shown in percentages
|rule|Endless Battle Clause: Forcing endless battles is banned
|rule|Species Clause: Limit one of each Pokémon
|rule|OHKO Clause: OHKO moves are banned
|rule|Evasion Items Clause: Evasion items are banned
|rule|Evasion Moves Clause: Evasion moves are banned
|rule|Evasion Abilities Clause: Evasion abilities are banned
|rule|Sleep Moves Clause: Sleep-inducing moves are banned
|clearpoke
|poke|p1|Moltres|
|poke|p1|Kleavor, F|
|poke|p1|Greninja-*, M|
|poke|p1|Ting-Lu|
|poke|p1|Iron Valiant|
|poke|p1|Gholdengo|
|poke|p2|Cetitan, F|
|poke|p2|Slowking-Galar, M|
|poke|p2|Kyurem|
|poke|p2|Rillaboom, F|
|poke|p2|Alomomola, F|
|poke|p2|Great Tusk|
|teampreview
|inactive|Battle timer is ON: inactive players will automatically lose when time's up. (requested by iamverykarpy)
|inactive|vartholomeus also wants the timer to be on.
|
|t:|1781184635
|teamsize|p1|6
|teamsize|p2|6
|start
|switch|p1a: Klingk|Kleavor, F|100/100
|switch|p2a: Alomomola|Alomomola, F|100/100
|turn|1
|inactive|vartholomeus has 120 seconds left.
|inactive|vartholomeus has 90 seconds left.
|
|t:|1781184720
|move|p1a: Klingk|Stone Axe|p2a: Alomomola
|-damage|p2a: Alomomola|71/100
|-damage|p1a: Klingk|84/100|[from] item: Rocky Helmet|[of] p2a: Alomomola
|-sidestart|p2: iamverykarpy|move: Stealth Rock
|move|p2a: Alomomola|Flip Turn|p1a: Klingk
|-supereffective|p1a: Klingk
|-crit|p1a: Klingk
|-damage|p1a: Klingk|24/100
|
|t:|1781184726
|switch|p2a: Great Tusk|Great Tusk|100/100|[from] Flip Turn
|-damage|p2a: Great Tusk|97/100|[from] Stealth Rock
|
|-heal|p2a: Great Tusk|100/100|[from] item: Leftovers
|upkeep
|turn|2
|
|t:|1781184730
|switch|p1a: Mantequillo|Gholdengo|100/100
|move|p2a: Great Tusk|Knock Off|p1a: Mantequillo
|-supereffective|p1a: Mantequillo
|-damage|p1a: Mantequillo|34/100
|-enditem|p1a: Mantequillo|Choice Scarf|[from] move: Knock Off|[of] p2a: Great Tusk
|
|upkeep
|turn|3
|inactive|vartholomeus has 90 seconds left.
|
|t:|1781184735
|switch|p1a: Maltro|Moltres|100/100
|move|p2a: Great Tusk|Knock Off|p1a: Maltro
|-damage|p1a: Maltro|78/100
|-status|p2a: Great Tusk|brn|[from] ability: Flame Body|[of] p1a: Maltro
|-enditem|p1a: Maltro|Heavy-Duty Boots|[from] move: Knock Off|[of] p2a: Great Tusk
|
|-damage|p2a: Great Tusk|94/100 brn|[from] brn
|upkeep
|turn|4
|
|t:|1781184740
|switch|p1a: Mantequillo|Gholdengo|34/100
|move|p2a: Great Tusk|Rapid Spin|p1a: Mantequillo
|-immune|p1a: Mantequillo
|
|-heal|p2a: Great Tusk|100/100 brn|[from] item: Leftovers
|-damage|p2a: Great Tusk|94/100 brn|[from] brn
|upkeep
|turn|5
|
|t:|1781184742
|move|p2a: Great Tusk|Headlong Rush|p1a: Mantequillo
|-supereffective|p1a: Mantequillo
|-damage|p1a: Mantequillo|0 fnt
|-unboost|p2a: Great Tusk|def|1
|-unboost|p2a: Great Tusk|spd|1
|faint|p1a: Mantequillo
|
|-heal|p2a: Great Tusk|100/100 brn|[from] item: Leftovers
|-damage|p2a: Great Tusk|94/100 brn|[from] brn
|upkeep
|
|t:|1781184746
|switch|p1a: Suke|Greninja, M|100/100
|turn|6
|
|t:|1781184749
|-end|p2a: Great Tusk|Protosynthesis|[silent]
|switch|p2a: Slowking|Slowking-Galar, M, shiny|100/100
|-damage|p2a: Slowking|88/100|[from] Stealth Rock
|move|p1a: Suke|Dark Pulse|p2a: Slowking
|-supereffective|p2a: Slowking
|-enditem|p2a: Slowking|Colbur Berry|[eat]
|-enditem|p2a: Slowking|Colbur Berry|[weaken]
|-damage|p2a: Slowking|61/100
|-damage|p1a: Suke|91/100|[from] item: Life Orb
|
|upkeep
|turn|7
|
|t:|1781184755
|move|p1a: Suke|Dark Pulse|p2a: Slowking
|-supereffective|p2a: Slowking
|-damage|p2a: Slowking|6/100
|-damage|p1a: Suke|81/100|[from] item: Life Orb
|-prepare|p2a: Slowking|Chilly Reception|[premajor]
|move|p2a: Slowking|Chilly Reception|p2a: Slowking
|-weather|Snowscape
|
|t:|1781184761
|switch|p2a: Kyurem|Kyurem, shiny|100/100|[from] Chilly Reception
|-damage|p2a: Kyurem|75/100|[from] Stealth Rock
|-ability|p2a: Kyurem|Pressure
|
|-weather|Snowscape|[upkeep]
|upkeep
|turn|8
|
|t:|1781184767
|switch|p1a: Klingk|Kleavor, F|24/100
|move|p2a: Kyurem|Freeze-Dry|p1a: Klingk
|-damage|p1a: Klingk|0 fnt
|faint|p1a: Klingk
|
|-weather|Snowscape|[upkeep]
|upkeep
|
|t:|1781184770
|switch|p1a: Irohak|Iron Valiant|100/100
|-enditem|p1a: Irohak|Booster Energy
|-activate|p1a: Irohak|ability: Quark Drive|[fromitem]
|-start|p1a: Irohak|quarkdrivespe
|turn|9
|
|t:|1781184777
|switch|p2a: Rillaboom|Rillaboom, F|100/100
|-damage|p2a: Rillaboom|88/100|[from] Stealth Rock
|-fieldstart|move: Grassy Terrain|[from] ability: Grassy Surge|[of] p2a: Rillaboom
|move|p1a: Irohak|Calm Mind|p1a: Irohak
|-boost|p1a: Irohak|spa|1
|-boost|p1a: Irohak|spd|1
|
|-weather|Snowscape|[upkeep]
|-heal|p2a: Rillaboom|94/100|[from] Grassy Terrain
|upkeep
|turn|10
|
|t:|1781184782
|move|p2a: Rillaboom|Grassy Glide|p1a: Irohak
|-damage|p1a: Irohak|23/100
|move|p1a: Irohak|Moonblast|p2a: Rillaboom
|-damage|p2a: Rillaboom|1/100
|
|-weather|Snowscape|[upkeep]
|-heal|p1a: Irohak|29/100|[from] Grassy Terrain
|-heal|p2a: Rillaboom|7/100|[from] Grassy Terrain
|upkeep
|turn|11
|
|t:|1781184787
|-end|p1a: Irohak|Quark Drive|[silent]
|switch|p1a: Maltro|Moltres|78/100
|move|p2a: Rillaboom|Grassy Glide|p1a: Maltro
|-resisted|p1a: Maltro
|-damage|p1a: Maltro|68/100
|
|-weather|none
|-heal|p2a: Rillaboom|13/100|[from] Grassy Terrain
|upkeep
|turn|12
|
|t:|1781184792
|switch|p2a: Alomomola|Alomomola, F|100/100
|-damage|p2a: Alomomola|88/100|[from] Stealth Rock
|move|p1a: Maltro|Flamethrower|p2a: Alomomola
|-resisted|p2a: Alomomola
|-damage|p2a: Alomomola|64/100
|
|-heal|p2a: Alomomola|70/100|[from] Grassy Terrain
|upkeep
|turn|13
|
|t:|1781184795
|move|p2a: Alomomola|Wish|p2a: Alomomola
|move|p1a: Maltro|Roar|p2a: Alomomola
|drag|p2a: Cetitan|Cetitan, F, shiny|100/100
|-damage|p2a: Cetitan|76/100|[from] Stealth Rock
|
|-heal|p2a: Cetitan|82/100|[from] Grassy Terrain
|-fieldend|move: Grassy Terrain
|upkeep
|turn|14
|
|t:|1781184802
|switch|p2a: Slowking|Slowking-Galar, M, shiny|39/100
|-damage|p2a: Slowking|26/100|[from] Stealth Rock
|move|p1a: Maltro|Roar|p2a: Slowking
|drag|p2a: Great Tusk|Great Tusk|94/100 brn
|-damage|p2a: Great Tusk|91/100 brn|[from] Stealth Rock
|
|-heal|p2a: Great Tusk|100/100 brn|[from] move: Wish|[wisher] Alomomola
|-damage|p2a: Great Tusk|94/100 brn|[from] brn
|upkeep
|turn|15
|
|t:|1781184807
|move|p2a: Great Tusk|Rapid Spin|p1a: Maltro
|-damage|p1a: Maltro|62/100
|-boost|p2a: Great Tusk|spe|1
|-sideend|p2: iamverykarpy|Stealth Rock|[from] move: Rapid Spin|[of] p2a: Great Tusk
|move|p1a: Maltro|Flamethrower|p2a: Great Tusk
|-damage|p2a: Great Tusk|45/100 brn
|
|-heal|p2a: Great Tusk|51/100 brn|[from] item: Leftovers
|-damage|p2a: Great Tusk|45/100 brn|[from] brn
|upkeep
|turn|16
|
|t:|1781184813
|move|p2a: Great Tusk|Stealth Rock|p1a: Maltro
|-sidestart|p1: vartholomeus|move: Stealth Rock
|move|p1a: Maltro|Roost|p1a: Maltro
|-heal|p1a: Maltro|100/100
|-singleturn|p1a: Maltro|move: Roost
|
|-heal|p2a: Great Tusk|51/100 brn|[from] item: Leftovers
|-damage|p2a: Great Tusk|45/100 brn|[from] brn
|upkeep
|turn|17
|
|t:|1781184820
|move|p2a: Great Tusk|Knock Off|p1a: Maltro
|-damage|p1a: Maltro|93/100
|move|p1a: Maltro|Flamethrower|p2a: Great Tusk
|-damage|p2a: Great Tusk|0 fnt
|faint|p2a: Great Tusk
|-end|p2a: Great Tusk|Protosynthesis|[silent]
|
|upkeep
|
|t:|1781184825
|switch|p2a: Slowking|Slowking-Galar, M, shiny|60/100
|turn|18
|
|t:|1781184827
|move|p2a: Slowking|Sludge Bomb|p1a: Maltro
|-crit|p1a: Maltro
|-damage|p1a: Maltro|45/100
|move|p1a: Maltro|Roar|p2a: Slowking
|drag|p2a: Kyurem|Kyurem, shiny|75/100
|-ability|p2a: Kyurem|Pressure
|
|upkeep
|turn|19
|
|t:|1781184832
|move|p2a: Kyurem|Ice Beam|p1a: Maltro
|-damage|p1a: Maltro|0 fnt
|faint|p1a: Maltro
|
|upkeep
|
|t:|1781184836
|switch|p1a: Irohak|Iron Valiant|29/100
|-damage|p1a: Irohak|23/100|[from] Stealth Rock
|turn|20
|
|t:|1781184839
|switch|p2a: Slowking|Slowking-Galar, M, shiny|93/100
|move|p1a: Irohak|Calm Mind|p1a: Irohak
|-boost|p1a: Irohak|spa|1
|-boost|p1a: Irohak|spd|1
|
|upkeep
|turn|21
|
|t:|1781184842
|-terastallize|p1a: Irohak|Ghost
|move|p1a: Irohak|Shadow Ball|p2a: Slowking
|-supereffective|p2a: Slowking
|-damage|p2a: Slowking|18/100
|move|p2a: Slowking|Flamethrower|p1a: Irohak
|-damage|p1a: Irohak|0 fnt
|faint|p1a: Irohak
|-end|p1a: Irohak|Quark Drive|[silent]
|
|upkeep
|
|t:|1781184848
|switch|p1a: Suke|Greninja, M|81/100
|-damage|p1a: Suke|69/100|[from] Stealth Rock
|turn|22
|
|t:|1781184852
|move|p1a: Suke|Dark Pulse|p2a: Slowking
|-supereffective|p2a: Slowking
|-damage|p2a: Slowking|0 fnt
|faint|p2a: Slowking
|-ability|p1a: Suke|Battle Bond|boost
|-boost|p1a: Suke|atk|1
|-boost|p1a: Suke|spa|1
|-boost|p1a: Suke|spe|1
|-activate|p1a: Suke|ability: Battle Bond
|-damage|p1a: Suke|59/100|[from] item: Life Orb
|
|upkeep
|
|t:|1781184855
|switch|p2a: Rillaboom|Rillaboom, F|13/100
|-fieldstart|move: Grassy Terrain|[from] ability: Grassy Surge|[of] p2a: Rillaboom
|turn|23
|
|t:|1781184857
|move|p1a: Suke|Water Shuriken|p2a: Rillaboom
|-resisted|p2a: Rillaboom
|-damage|p2a: Rillaboom|5/100
|-resisted|p2a: Rillaboom
|-damage|p2a: Rillaboom|0 fnt
|faint|p2a: Rillaboom
|-hitcount|p2: Rillaboom|2
|-damage|p1a: Suke|49/100|[from] item: Life Orb
|
|-heal|p1a: Suke|55/100|[from] Grassy Terrain
|upkeep
|
|t:|1781184874
|switch|p2a: Cetitan|Cetitan, F, shiny|82/100
|turn|24
|
|t:|1781184880
|-terastallize|p2a: Cetitan|Ice
|move|p1a: Suke|Dark Pulse|p2a: Cetitan
|-damage|p2a: Cetitan|11/100
|-enditem|p2a: Cetitan|Sitrus Berry|[eat]
|-heal|p2a: Cetitan|36/100|[from] item: Sitrus Berry
|-damage|p1a: Suke|45/100|[from] item: Life Orb
|cant|p2a: Cetitan|flinch
|
|-heal|p1a: Suke|51/100|[from] Grassy Terrain
|-heal|p2a: Cetitan|42/100|[from] Grassy Terrain
|upkeep
|turn|25
|
|t:|1781184884
|move|p2a: Cetitan|Ice Shard|p1a: Suke
|-resisted|p1a: Suke
|-damage|p1a: Suke|26/100
|move|p1a: Suke|Dark Pulse|p2a: Cetitan
|-damage|p2a: Cetitan|0 fnt
|faint|p2a: Cetitan
|-damage|p1a: Suke|16/100|[from] item: Life Orb
|
|-heal|p1a: Suke|22/100|[from] Grassy Terrain
|upkeep
|
|t:|1781184892
|switch|p2a: Kyurem|Kyurem, shiny|75/100
|-ability|p2a: Kyurem|Pressure
|turn|26
|
|t:|1781184895
|move|p1a: Suke|Dark Pulse|p2a: Kyurem
|-damage|p2a: Kyurem|11/100
|-damage|p1a: Suke|12/100|[from] item: Life Orb
|cant|p2a: Kyurem|flinch
|
|-heal|p1a: Suke|18/100|[from] Grassy Terrain
|-heal|p2a: Kyurem|18/100|[from] Grassy Terrain
|upkeep
|turn|27
|c|☆iamverykarpy|fucking bullshit
|
|t:|1781184902
|switch|p2a: Alomomola|Alomomola, F|100/100
|move|p1a: Suke|Dark Pulse|p2a: Alomomola
|-damage|p2a: Alomomola|13/100
|-damage|p1a: Suke|9/100|[from] item: Life Orb
|
|-heal|p1a: Suke|15/100|[from] Grassy Terrain
|-heal|p2a: Alomomola|19/100|[from] Grassy Terrain
|-fieldend|move: Grassy Terrain
|upkeep
|turn|28
|
|t:|1781184906
|move|p1a: Suke|Dark Pulse|p2a: Alomomola
|-damage|p2a: Alomomola|0 fnt
|faint|p2a: Alomomola
|-damage|p1a: Suke|5/100|[from] item: Life Orb
|
|upkeep
|
|t:|1781184908
|switch|p2a: Kyurem|Kyurem, shiny|18/100
|-ability|p2a: Kyurem|Pressure
|turn|29
|
|t:|1781184911
|move|p1a: Suke|Dark Pulse|p2a: Kyurem
|-damage|p2a: Kyurem|0 fnt
|faint|p2a: Kyurem
|-damage|p1a: Suke|0 fnt|[from] item: Life Orb
|faint|p1a: Suke
|
|win|vartholomeus
|raw|vartholomeus's rating: 1527 &rarr; <strong>1552</strong><br />(+25 for winning)
|raw|iamverykarpy's rating: 1619 &rarr; <strong>1594</strong><br />(-25 for losing)
|l|☆iamverykarpy
|player|p2|
|l|☆vartholomeus
|player|p1|
