|j|☆LowEL0God
|j|☆Mkap
|t:|1781450391
|gametype|singles
|player|p1|LowEL0God|265|1617
|player|p2|Mkap|265|1556
|gen|9
|tier|[Gen 9] OU
|rated|
|rule|HP Percentage Mod: HP is shown in percentages
|rule|Endless Battle Clause: Forcing endless battles is banned
|rule|Species Clause: Limit one of each Pokémon
|rule|OHKO Clause: OHKO moves are banned
|rule|Evasion Items Clause: Evasion items are banned
|rule|Evasion Moves Clause: Evasion moves are banned
|rule|Evasion Abilities Clause: Evasion abilities are banned
|rule|Sleep Moves Clause: Sleep-inducing moves are banned
|clearpoke
|poke|p1|Pelipper, F|
|poke|p1|Raging Bolt|
|poke|p1|Overqwil, M|
|poke|p1|Barraskewda, M|
|poke|p1|Iron Treads|
|poke|p1|Kingambit, F|
|poke|p2|Chesnaught, F|
|poke|p2|Iron Treads|
|poke|p2|Raging Bolt|
|poke|p2|Enamorus, F|
|poke|p2|Manaphy|
|poke|p2|Zamazenta-*|
|teampreview
|c|☆LowEL0God|hf
|inactive|Battle timer is ON: inactive players will automatically lose when time's up. (requested by LowEL0God)
|inactive|Mkap has 120 seconds left.
|
|t:|1781450438
|teamsize|p1|6
|teamsize|p2|6
|start
|switch|p1a: Raging Bolt|Raging Bolt|100/100
|switch|p2a: Manaphy|Manaphy|100/100
|-enditem|p1a: Raging Bolt|Booster Energy
|-activate|p1a: Raging Bolt|ability: Protosynthesis|[fromitem]
|-start|p1a: Raging Bolt|protosynthesisspa
|turn|1
|
|t:|1781450441
|switch|p2a: Iron Treads|Iron Treads|100/100
|-enditem|p2a: Iron Treads|Booster Energy
|-activate|p2a: Iron Treads|ability: Quark Drive|[fromitem]
|-start|p2a: Iron Treads|quarkdrivespe
|move|p1a: Raging Bolt|Thunder|p2a: Iron Treads
|-immune|p2a: Iron Treads
|
|upkeep
|turn|2
|
|t:|1781450445
|-end|p1a: Raging Bolt|Protosynthesis|[silent]
|switch|p1a: Pelipper|Pelipper, F|100/100
|-weather|RainDance|[from] ability: Drizzle|[of] p1a: Pelipper
|move|p2a: Iron Treads|Stealth Rock|p1a: Pelipper
|-sidestart|p1: LowEL0God|move: Stealth Rock
|
|-weather|RainDance|[upkeep]
|upkeep
|turn|3
|
|t:|1781450452
|-end|p2a: Iron Treads|Quark Drive|[silent]
|switch|p2a: Zamazenta|Zamazenta|100/100
|-ability|p2a: Zamazenta|Dauntless Shield|boost
|-boost|p2a: Zamazenta|def|1
|move|p1a: Pelipper|Hurricane|p2a: Zamazenta
|-supereffective|p2a: Zamazenta
|-damage|p2a: Zamazenta|40/100
|
|-weather|RainDance|[upkeep]
|upkeep
|turn|4
|
|t:|1781450454
|move|p2a: Zamazenta|Light Screen|p2a: Zamazenta
|-sidestart|p2: Mkap|move: Light Screen
|move|p1a: Pelipper|Hurricane|p2a: Zamazenta
|-supereffective|p2a: Zamazenta
|-damage|p2a: Zamazenta|13/100
|-start|p2a: Zamazenta|confusion
|
|-weather|RainDance|[upkeep]
|upkeep
|turn|5
|
|t:|1781450456
|-activate|p2a: Zamazenta|confusion
|move|p2a: Zamazenta|Reflect|p2a: Zamazenta
|-sidestart|p2: Mkap|Reflect
|move|p1a: Pelipper|Hurricane|p2a: Zamazenta
|-supereffective|p2a: Zamazenta
|-damage|p2a: Zamazenta|0 fnt
|faint|p2a: Zamazenta
|
|-weather|RainDance|[upkeep]
|upkeep
|
|t:|1781450461
|switch|p2a: Manaphy|Manaphy|100/100
|turn|6
|
|t:|1781450463
|move|p2a: Manaphy|Tail Glow|p2a: Manaphy
|-boost|p2a: Manaphy|spa|3
|move|p1a: Pelipper|Hurricane|p2a: Manaphy
|-damage|p2a: Manaphy|81/100
|
|-weather|RainDance|[upkeep]
|-heal|p2a: Manaphy|88/100|[from] item: Leftovers
|upkeep
|turn|7
|
|t:|1781450467
|switch|p1a: Raging Bolt|Raging Bolt|100/100
|-damage|p1a: Raging Bolt|88/100|[from] Stealth Rock
|move|p2a: Manaphy|Tail Glow|p2a: Manaphy
|-boost|p2a: Manaphy|spa|3
|
|-weather|RainDance|[upkeep]
|-heal|p2a: Manaphy|94/100|[from] item: Leftovers
|upkeep
|turn|8
|
|t:|1781450469
|-terastallize|p2a: Manaphy|Fairy
|move|p1a: Raging Bolt|Thunderclap|p2a: Manaphy
|-damage|p2a: Manaphy|72/100
|move|p2a: Manaphy|Alluring Voice|p1a: Raging Bolt
|-supereffective|p1a: Raging Bolt
|-damage|p1a: Raging Bolt|0 fnt
|faint|p1a: Raging Bolt
|-end|p1a: Raging Bolt|Protosynthesis|[silent]
|
|-weather|RainDance|[upkeep]
|-heal|p2a: Manaphy|78/100|[from] item: Leftovers
|upkeep
|
|t:|1781450470
|switch|p1a: Overqwil|Overqwil, M|100/100
|-damage|p1a: Overqwil|88/100|[from] Stealth Rock
|turn|9
|
|t:|1781450475
|move|p1a: Overqwil|Gunk Shot|p2a: Manaphy|[miss]
|-miss|p1a: Overqwil|p2a: Manaphy
|move|p2a: Manaphy|Surf|p1a: Overqwil
|-damage|p1a: Overqwil|0 fnt
|faint|p1a: Overqwil
|
|-weather|none
|-heal|p2a: Manaphy|84/100|[from] item: Leftovers
|upkeep
|
|t:|1781450476
|switch|p1a: Barraskewda|Barraskewda, M|100/100
|-damage|p1a: Barraskewda|88/100|[from] Stealth Rock
|turn|10
|
|t:|1781450478
|-terastallize|p1a: Barraskewda|Water
|move|p1a: Barraskewda|Flip Turn|p2a: Manaphy
|-damage|p2a: Manaphy|52/100
|
|t:|1781450479
|switch|p1a: Pelipper|Pelipper, F|100/100|[from] Flip Turn
|-damage|p1a: Pelipper|76/100|[from] Stealth Rock
|-weather|RainDance|[from] ability: Drizzle|[of] p1a: Pelipper
|move|p2a: Manaphy|Alluring Voice|p1a: Pelipper
|-damage|p1a: Pelipper|0 fnt
|faint|p1a: Pelipper
|
|-weather|RainDance|[upkeep]
|-heal|p2a: Manaphy|58/100|[from] item: Leftovers
|upkeep
|
|t:|1781450479
|switch|p1a: Barraskewda|Barraskewda, M, tera:Water|88/100
|-damage|p1a: Barraskewda|75/100|[from] Stealth Rock
|turn|11
|
|t:|1781450482
|move|p1a: Barraskewda|Liquidation|p2a: Manaphy
|-damage|p2a: Manaphy|0 fnt
|faint|p2a: Manaphy
|
|-weather|RainDance|[upkeep]
|-sideend|p2: Mkap|move: Light Screen
|upkeep
|
|t:|1781450485
|switch|p2a: Chesnaught|Chesnaught, F|100/100
|turn|12
|
|t:|1781450488
|switch|p1a: Iron Treads|Iron Treads|100/100
|-damage|p1a: Iron Treads|97/100|[from] Stealth Rock
|-enditem|p1a: Iron Treads|Booster Energy
|-activate|p1a: Iron Treads|ability: Quark Drive|[fromitem]
|-start|p1a: Iron Treads|quarkdrivespe
|move|p2a: Chesnaught|Wood Hammer|p1a: Iron Treads
|-damage|p1a: Iron Treads|38/100
|-damage|p2a: Chesnaught|81/100|[from] Recoil
|
|-weather|RainDance|[upkeep]
|-sideend|p2: Mkap|Reflect
|upkeep
|turn|13
|
|t:|1781450493
|switch|p2a: Iron Treads|Iron Treads|100/100
|move|p1a: Iron Treads|Steel Beam|p2a: Iron Treads
|-resisted|p2a: Iron Treads
|-damage|p2a: Iron Treads|60/100
|-damage|p1a: Iron Treads|0 fnt|[from] steelbeam
|faint|p1a: Iron Treads
|-end|p1a: Iron Treads|Quark Drive|[silent]
|
|-weather|RainDance|[upkeep]
|upkeep
|
|t:|1781450494
|switch|p1a: Barraskewda|Barraskewda, M, tera:Water|75/100
|-damage|p1a: Barraskewda|63/100|[from] Stealth Rock
|turn|14
|
|t:|1781450498
|move|p1a: Barraskewda|Liquidation|p2a: Iron Treads
|-supereffective|p2a: Iron Treads
|-damage|p2a: Iron Treads|0 fnt
|faint|p2a: Iron Treads
|-end|p2a: Iron Treads|Quark Drive|[silent]
|
|-weather|RainDance|[upkeep]
|upkeep
|
|t:|1781450500
|switch|p2a: Raging Bolt|Raging Bolt|100/100
|turn|15
|
|t:|1781450502
|move|p1a: Barraskewda|Liquidation|p2a: Raging Bolt
|-resisted|p2a: Raging Bolt
|-damage|p2a: Raging Bolt|42/100
|move|p2a: Raging Bolt|Thunderbolt|p1a: Barraskewda
|-supereffective|p1a: Barraskewda
|-damage|p1a: Barraskewda|0 fnt
|faint|p1a: Barraskewda
|
|-weather|RainDance|[upkeep]
|-heal|p2a: Raging Bolt|48/100|[from] item: Leftovers
|upkeep
|
|t:|1781450504
|switch|p1a: Kingambit|Kingambit, F|100/100
|-damage|p1a: Kingambit|94/100|[from] Stealth Rock
|-activate|p1a: Kingambit|ability: Supreme Overlord
|-start|p1a: Kingambit|fallen5|[silent]
|turn|16
|
|t:|1781450505
|move|p2a: Raging Bolt|Thunderbolt|p1a: Kingambit
|-crit|p1a: Kingambit
|-damage|p1a: Kingambit|22/100
|move|p1a: Kingambit|Swords Dance|p1a: Kingambit
|-boost|p1a: Kingambit|atk|2
|
|-weather|RainDance|[upkeep]
|-heal|p2a: Raging Bolt|55/100|[from] item: Leftovers
|-heal|p1a: Kingambit|28/100|[from] item: Leftovers
|upkeep
|turn|17
|
|t:|1781450511
|move|p2a: Raging Bolt|Thunderclap||[still]
|-fail|p2a: Raging Bolt
|move|p1a: Kingambit|Swords Dance|p1a: Kingambit
|-boost|p1a: Kingambit|atk|2
|
|-weather|none
|-heal|p2a: Raging Bolt|61/100|[from] item: Leftovers
|-heal|p1a: Kingambit|35/100|[from] item: Leftovers
|upkeep
|turn|18
|
|t:|1781450513
|move|p2a: Raging Bolt|Thunderclap|p1a: Kingambit
|-damage|p1a: Kingambit|0 fnt
|faint|p1a: Kingambit
|-end|p1a: Kingambit|fallen5|[silent]
|
|win|Mkap
|raw|LowEL0God's rating: 1617 &rarr; <strong>1594</strong><br />(-23 for losing)
|raw|Mkap's rating: 1556 &rarr; <strong>1579</strong><br />(+23 for winning)
|l|☆Mkap
|player|p2|
|c|☆LowEL0God|gg
|l|☆LowEL0God
|player|p1|
