|j|☆SquilliamTg
|j|☆volcanionisgrand
|t:|1781218075
|gametype|singles
|player|p1|SquilliamTg|170|1576
|player|p2|volcanionisgrand|burglar-gen1|1631
|gen|9
|tier|[Gen 9] OU
|rated|
|rule|HP Percentage Mod: HP is shown in percentages
|rule|Endless Battle Clause: Forcing endless battles is banned
|rule|Species Clause: Limit one of each Pokémon
|rule|OHKO Clause: OHKO moves are banned
|rule|Evasion Items Clause: Evasion items are banned
|rule|Evasion Moves Clause: Evasion moves are banned
|rule|Evasion Abilities Clause: Evasion abilities are banned
|rule|Sleep Moves Clause: Sleep-inducing moves are banned
|clearpoke
|poke|p1|Suicune|
|poke|p1|Kyurem|
|poke|p1|Corviknight, F|
|poke|p1|Blissey, F|
|poke|p1|Dondozo, M|
|poke|p1|Gliscor, F|
|poke|p2|Gholdengo|
|poke|p2|Corviknight, M|
|poke|p2|Pecharunt|
|poke|p2|Ting-Lu|
|poke|p2|Samurott-Hisui, M|
|poke|p2|Kingambit, M|
|teampreview
|inactive|Battle timer is ON: inactive players will automatically lose when time's up. (requested by SquilliamTg)
|
|t:|1781218095
|teamsize|p1|6
|teamsize|p2|6
|start
|switch|p1a: Gliscor|Gliscor, F|100/100
|switch|p2a: Gholdengo|Gholdengo|100/100
|turn|1
|
|t:|1781218101
|move|p1a: Gliscor|Protect|p1a: Gliscor
|-singleturn|p1a: Gliscor|Protect
|move|p2a: Gholdengo|Nasty Plot|p2a: Gholdengo
|-boost|p2a: Gholdengo|spa|2
|
|-status|p1a: Gliscor|tox|[from] item: Toxic Orb
|upkeep
|turn|2
|
|t:|1781218110
|switch|p1a: Suicune|Suicune|100/100
|-ability|p1a: Suicune|Pressure
|move|p2a: Gholdengo|Make It Rain|p1a: Suicune
|-resisted|p1a: Suicune
|-damage|p1a: Suicune|41/100
|-unboost|p2a: Gholdengo|spa|1
|
|-heal|p1a: Suicune|47/100|[from] item: Leftovers
|upkeep
|turn|3
|
|t:|1781218122
|move|p1a: Suicune|Protect|p1a: Suicune
|-singleturn|p1a: Suicune|Protect
|move|p2a: Gholdengo|Shadow Ball|p1a: Suicune
|-activate|p1a: Suicune|move: Protect
|
|-heal|p1a: Suicune|53/100|[from] item: Leftovers
|upkeep
|turn|4
|
|t:|1781218131
|switch|p1a: Blissey|Blissey, F|100/100
|move|p2a: Gholdengo|Shadow Ball|p1a: Blissey
|-immune|p1a: Blissey
|
|upkeep
|turn|5
|
|t:|1781218154
|switch|p2a: Samurott|Samurott-Hisui, M|100/100
|move|p1a: Blissey|Stealth Rock|p2a: Samurott
|-sidestart|p2: volcanionisgrand|move: Stealth Rock
|
|upkeep
|turn|6
|
|t:|1781218160
|switch|p1a: Corviknight|Corviknight, F|100/100
|-ability|p1a: Corviknight|Pressure
|move|p2a: Samurott|Knock Off|p1a: Corviknight
|-damage|p1a: Corviknight|73/100
|-damage|p2a: Samurott|84/100|[from] item: Rocky Helmet|[of] p1a: Corviknight
|-enditem|p1a: Corviknight|Rocky Helmet|[from] move: Knock Off|[of] p2a: Samurott
|
|upkeep
|turn|7
|
|t:|1781218170
|switch|p2a: Ting-Lu|Ting-Lu|100/100
|-damage|p2a: Ting-Lu|94/100|[from] Stealth Rock
|-ability|p2a: Ting-Lu|Vessel of Ruin
|move|p1a: Corviknight|Body Press|p2a: Ting-Lu
|-supereffective|p2a: Ting-Lu
|-damage|p2a: Ting-Lu|68/100
|
|-heal|p2a: Ting-Lu|74/100|[from] item: Leftovers
|upkeep
|turn|8
|j| Iggy Sent Me
|
|t:|1781218181
|switch|p1a: Gliscor|Gliscor, F|100/100 tox
|move|p2a: Ting-Lu|Stealth Rock|p1a: Gliscor
|-sidestart|p1: SquilliamTg|move: Stealth Rock
|
|-heal|p2a: Ting-Lu|80/100|[from] item: Leftovers
|upkeep
|turn|9
|
|t:|1781218198
|move|p1a: Gliscor|Spikes|p2a: Ting-Lu
|-sidestart|p2: volcanionisgrand|Spikes
|move|p2a: Ting-Lu|Ruination|p1a: Gliscor
|-damage|p1a: Gliscor|50/100 tox
|
|-heal|p2a: Ting-Lu|86/100|[from] item: Leftovers
|-heal|p1a: Gliscor|63/100 tox|[from] ability: Poison Heal
|upkeep
|turn|10
|
|t:|1781218207
|move|p1a: Gliscor|Knock Off|p2a: Ting-Lu
|-resisted|p2a: Ting-Lu
|-damage|p2a: Ting-Lu|81/100
|-enditem|p2a: Ting-Lu|Leftovers|[from] move: Knock Off|[of] p1a: Gliscor
|move|p2a: Ting-Lu|Whirlwind|p1a: Gliscor
|drag|p1a: Suicune|Suicune|53/100
|-damage|p1a: Suicune|41/100|[from] Stealth Rock
|-ability|p1a: Suicune|Pressure
|
|-heal|p1a: Suicune|47/100|[from] item: Leftovers
|upkeep
|turn|11
|
|t:|1781218219
|move|p1a: Suicune|Scald|p2a: Ting-Lu
|-supereffective|p2a: Ting-Lu
|-damage|p2a: Ting-Lu|60/100
|move|p2a: Ting-Lu|Whirlwind|p1a: Suicune
|drag|p1a: Blissey|Blissey, F|100/100
|
|upkeep
|turn|12
|
|t:|1781218228
|switch|p1a: Corviknight|Corviknight, F|73/100
|-damage|p1a: Corviknight|61/100|[from] Stealth Rock
|-ability|p1a: Corviknight|Pressure
|move|p2a: Ting-Lu|Ruination|p1a: Corviknight
|-damage|p1a: Corviknight|31/100
|
|upkeep
|turn|13
|
|t:|1781218243
|switch|p2a: Gholdengo|Gholdengo|100/100
|-damage|p2a: Gholdengo|94/100|[from] Stealth Rock
|-damage|p2a: Gholdengo|82/100|[from] Spikes
|move|p1a: Corviknight|Roost|p1a: Corviknight
|-heal|p1a: Corviknight|81/100
|-singleturn|p1a: Corviknight|move: Roost
|
|upkeep
|turn|14
|
|t:|1781218252
|switch|p1a: Kyurem|Kyurem|100/100
|-damage|p1a: Kyurem|76/100|[from] Stealth Rock
|-ability|p1a: Kyurem|Pressure
|move|p2a: Gholdengo|Nasty Plot|p2a: Gholdengo
|-boost|p2a: Gholdengo|spa|2
|
|-heal|p1a: Kyurem|82/100|[from] item: Leftovers
|upkeep
|turn|15
|
|t:|1781218263
|-terastallize|p1a: Kyurem|Ground
|move|p1a: Kyurem|Earth Power|p2a: Gholdengo
|-supereffective|p2a: Gholdengo
|-damage|p2a: Gholdengo|0 fnt
|faint|p2a: Gholdengo
|
|-heal|p1a: Kyurem|88/100|[from] item: Leftovers
|upkeep
|
|t:|1781218266
|switch|p2a: Samurott|Samurott-Hisui, M|84/100
|-damage|p2a: Samurott|72/100|[from] Stealth Rock
|-damage|p2a: Samurott|59/100|[from] Spikes
|turn|16
|
|t:|1781218276
|move|p1a: Kyurem|Protect|p1a: Kyurem
|-singleturn|p1a: Kyurem|Protect
|move|p2a: Samurott|Razor Shell|p1a: Kyurem
|-activate|p1a: Kyurem|move: Protect
|
|-heal|p1a: Kyurem|94/100|[from] item: Leftovers
|upkeep
|turn|17
|
|t:|1781218285
|switch|p1a: dozo|Dondozo, M|100/100
|move|p2a: Samurott|Razor Shell|p1a: dozo
|-resisted|p1a: dozo
|-damage|p1a: dozo|88/100
|
|upkeep
|turn|18
|
|t:|1781218293
|switch|p2a: Pecharunt|Pecharunt|100/100
|switch|p1a: Kyurem|Kyurem, tera:Ground|94/100
|-damage|p1a: Kyurem|88/100|[from] Stealth Rock
|-ability|p1a: Kyurem|Pressure
|
|-heal|p1a: Kyurem|94/100|[from] item: Leftovers
|upkeep
|turn|19
|
|t:|1781218303
|switch|p2a: Corviknight|Corviknight, M|100/100
|-damage|p2a: Corviknight|88/100|[from] Stealth Rock
|-ability|p2a: Corviknight|Pressure
|move|p1a: Kyurem|Freeze-Dry|p2a: Corviknight
|-damage|p2a: Corviknight|57/100
|
|-heal|p1a: Kyurem|99/100|[from] item: Leftovers
|upkeep
|turn|20
|-message|volcanionisgrand forfeited.
|
|win|SquilliamTg
|raw|SquilliamTg's rating: 1576 &rarr; <strong>1599</strong><br />(+23 for winning)
|raw|volcanionisgrand's rating: 1631 &rarr; <strong>1608</strong><br />(-23 for losing)
|l|☆volcanionisgrand
|player|p2|
