|j|☆mastersannin
|j|☆gabboh
|t:|1781529747
|gametype|singles
|player|p1|mastersannin|265|1522
|player|p2|gabboh|266|1488
|gen|9
|tier|[Gen 9] OU
|rated|
|rule|HP Percentage Mod: HP is shown in percentages
|rule|Endless Battle Clause: Forcing endless battles is banned
|rule|Species Clause: Limit one of each Pokémon
|rule|OHKO Clause: OHKO moves are banned
|rule|Evasion Items Clause: Evasion items are banned
|rule|Evasion Moves Clause: Evasion moves are banned
|rule|Evasion Abilities Clause: Evasion abilities are banned
|rule|Sleep Moves Clause: Sleep-inducing moves are banned
|clearpoke
|poke|p1|Pelipper, F|
|poke|p1|Raging Bolt|
|poke|p1|Overqwil, F|
|poke|p1|Barraskewda, M|
|poke|p1|Iron Treads|
|poke|p1|Kingambit, F|
|poke|p2|Comfey, F|
|poke|p2|Walking Wake|
|poke|p2|Great Tusk|
|poke|p2|Ninetales, F|
|poke|p2|Whimsicott, F|
|poke|p2|Iron Moth|
|teampreview
|inactive|Battle timer is ON: inactive players will automatically lose when time's up. (requested by mastersannin)
|
|t:|1781529762
|teamsize|p1|6
|teamsize|p2|6
|start
|switch|p1a: Iron Treads|Iron Treads|100/100
|switch|p2a: Walking Wake|Walking Wake|100/100
|-enditem|p1a: Iron Treads|Booster Energy
|-activate|p1a: Iron Treads|ability: Quark Drive|[fromitem]
|-start|p1a: Iron Treads|quarkdrivespe
|turn|1
|
|t:|1781529770
|-terastallize|p1a: Iron Treads|Ghost
|move|p1a: Iron Treads|Stealth Rock|p2a: Walking Wake
|-sidestart|p2: gabboh|move: Stealth Rock
|move|p2a: Walking Wake|Hydro Steam|p1a: Iron Treads
|-damage|p1a: Iron Treads|44/100
|
|upkeep
|turn|2
|
|t:|1781529784
|move|p1a: Iron Treads|Earth Power|p2a: Walking Wake
|-damage|p2a: Walking Wake|79/100
|move|p2a: Walking Wake|Hydro Steam|p1a: Iron Treads
|-damage|p1a: Iron Treads|0 fnt
|faint|p1a: Iron Treads
|-end|p1a: Iron Treads|Quark Drive|[silent]
|
|upkeep
|
|t:|1781529797
|switch|p1a: Raging Bolt|Raging Bolt|100/100
|-enditem|p1a: Raging Bolt|Booster Energy
|-activate|p1a: Raging Bolt|ability: Protosynthesis|[fromitem]
|-start|p1a: Raging Bolt|protosynthesisspa
|turn|3
|
|t:|1781529805
|move|p2a: Walking Wake|Draco Meteor|p1a: Raging Bolt
|-supereffective|p1a: Raging Bolt
|-damage|p1a: Raging Bolt|0 fnt
|-unboost|p2a: Walking Wake|spa|2
|faint|p1a: Raging Bolt
|-end|p1a: Raging Bolt|Protosynthesis|[silent]
|
|upkeep
|
|t:|1781529811
|switch|p1a: Pelipper|Pelipper, F|100/100
|-weather|RainDance|[from] ability: Drizzle|[of] p1a: Pelipper
|turn|4
|
|t:|1781529819
|move|p2a: Walking Wake|Flip Turn|p1a: Pelipper
|-resisted|p1a: Pelipper
|-damage|p1a: Pelipper|92/100
|
|t:|1781529823
|-end|p2a: Walking Wake|Protosynthesis|[silent]
|switch|p2a: Ninetales|Ninetales, F, shiny|100/100|[from] Flip Turn
|-damage|p2a: Ninetales|76/100|[from] Stealth Rock
|-weather|SunnyDay|[from] ability: Drought|[of] p2a: Ninetales
|move|p1a: Pelipper|U-turn|p2a: Ninetales
|-resisted|p2a: Ninetales
|-damage|p2a: Ninetales|70/100
|
|t:|1781529827
|switch|p1a: Barraskewda|Barraskewda, M|100/100|[from] U-turn
|
|-weather|SunnyDay|[upkeep]
|upkeep
|turn|5
|
|t:|1781529834
|switch|p2a: Walking Wake|Walking Wake|79/100
|-damage|p2a: Walking Wake|66/100|[from] Stealth Rock
|-activate|p2a: Walking Wake|ability: Protosynthesis
|-start|p2a: Walking Wake|protosynthesisspe
|move|p1a: Barraskewda|Flip Turn|p2a: Walking Wake
|-resisted|p2a: Walking Wake
|-damage|p2a: Walking Wake|61/100
|
|t:|1781529839
|switch|p1a: Pelipper|Pelipper, F|92/100|[from] Flip Turn
|-weather|RainDance|[from] ability: Drizzle|[of] p1a: Pelipper
|-end|p2a: Walking Wake|Protosynthesis
|
|-weather|RainDance|[upkeep]
|upkeep
|turn|6
|
|t:|1781529847
|move|p2a: Walking Wake|Hydro Steam|p1a: Pelipper
|-resisted|p1a: Pelipper
|-damage|p1a: Pelipper|54/100
|move|p1a: Pelipper|Hurricane|p2a: Walking Wake
|-damage|p2a: Walking Wake|36/100
|
|-weather|RainDance|[upkeep]
|upkeep
|turn|7
|
|t:|1781529855
|move|p2a: Walking Wake|Draco Meteor|p1a: Pelipper
|-damage|p1a: Pelipper|0 fnt
|-unboost|p2a: Walking Wake|spa|2
|faint|p1a: Pelipper
|
|-weather|RainDance|[upkeep]
|upkeep
|
|t:|1781529863
|switch|p1a: Overqwil|Overqwil, F|100/100
|turn|8
|
|t:|1781529867
|move|p1a: Overqwil|Crunch|p2a: Walking Wake
|-damage|p2a: Walking Wake|0 fnt
|faint|p2a: Walking Wake
|-end|p2a: Walking Wake|Protosynthesis|[silent]
|-damage|p1a: Overqwil|91/100|[from] item: Life Orb
|
|-weather|RainDance|[upkeep]
|upkeep
|
|t:|1781529873
|switch|p2a: Great Tusk|Great Tusk|100/100
|-damage|p2a: Great Tusk|98/100|[from] Stealth Rock
|turn|9
|
|t:|1781529877
|move|p1a: Overqwil|Liquidation|p2a: Great Tusk
|-supereffective|p2a: Great Tusk
|-damage|p2a: Great Tusk|29/100
|-damage|p1a: Overqwil|74/100|[from] item: Rocky Helmet|[of] p2a: Great Tusk
|-damage|p1a: Overqwil|64/100|[from] item: Life Orb
|move|p2a: Great Tusk|Rapid Spin|p1a: Overqwil
|-damage|p1a: Overqwil|47/100
|-boost|p2a: Great Tusk|spe|1
|-sideend|p2: gabboh|Stealth Rock|[from] move: Rapid Spin|[of] p2a: Great Tusk
|
|-weather|RainDance|[upkeep]
|upkeep
|turn|10
|
|t:|1781529890
|move|p1a: Overqwil|Liquidation|p2a: Great Tusk
|-supereffective|p2a: Great Tusk
|-damage|p2a: Great Tusk|0 fnt
|-damage|p1a: Overqwil|30/100|[from] item: Rocky Helmet|[of] p2a: Great Tusk
|faint|p2a: Great Tusk
|-end|p2a: Great Tusk|Protosynthesis|[silent]
|-damage|p1a: Overqwil|21/100|[from] item: Life Orb
|
|-weather|RainDance|[upkeep]
|upkeep
|
|t:|1781529897
|switch|p2a: Ninetales|Ninetales, F, shiny|70/100
|-weather|SunnyDay|[from] ability: Drought|[of] p2a: Ninetales
|turn|11
|
|t:|1781529903
|move|p2a: Ninetales|Weather Ball|p1a: Overqwil
|-damage|p1a: Overqwil|0 fnt
|faint|p1a: Overqwil
|
|-weather|SunnyDay|[upkeep]
|upkeep
|
|t:|1781529909
|switch|p1a: Barraskewda|Barraskewda, M|100/100
|turn|12
|
|t:|1781529914
|move|p1a: Barraskewda|Liquidation|p2a: Ninetales
|-supereffective|p2a: Ninetales
|-damage|p2a: Ninetales|0 fnt
|faint|p2a: Ninetales
|
|-weather|SunnyDay|[upkeep]
|upkeep
|
|t:|1781529928
|switch|p2a: Whimsicott|Whimsicott, F|100/100
|turn|13
|
|t:|1781529937
|move|p2a: Whimsicott|Growth|p2a: Whimsicott
|-boost|p2a: Whimsicott|atk|2
|-boost|p2a: Whimsicott|spa|2
|move|p1a: Barraskewda|Liquidation|p2a: Whimsicott
|-resisted|p2a: Whimsicott
|-damage|p2a: Whimsicott|78/100
|
|-weather|SunnyDay|[upkeep]
|upkeep
|turn|14
|
|t:|1781529946
|switch|p1a: Kingambit|Kingambit, F|100/100
|-activate|p1a: Kingambit|ability: Supreme Overlord
|-start|p1a: Kingambit|fallen4|[silent]
|move|p2a: Whimsicott|Giga Drain|p1a: Kingambit
|-resisted|p1a: Kingambit
|-damage|p1a: Kingambit|61/100
|-heal|p2a: Whimsicott|100/100|[from] drain|[of] p1a: Kingambit
|-damage|p2a: Whimsicott|91/100|[from] item: Life Orb
|
|-weather|SunnyDay|[upkeep]
|-heal|p1a: Kingambit|67/100|[from] item: Leftovers
|upkeep
|turn|15
|
|t:|1781529957
|move|p2a: Whimsicott|Moonblast|p1a: Kingambit
|-damage|p1a: Kingambit|0 fnt
|faint|p1a: Kingambit
|-end|p1a: Kingambit|fallen4|[silent]
|-damage|p2a: Whimsicott|81/100|[from] item: Life Orb
|
|-weather|SunnyDay|[upkeep]
|upkeep
|-message|mastersannin forfeited.
|
|win|gabboh
|raw|mastersannin's rating: 1522 &rarr; <strong>1500</strong><br />(-22 for losing)
|raw|gabboh's rating: 1488 &rarr; <strong>1510</strong><br />(+22 for winning)
|l|☆mastersannin
|player|p1|
|l|☆gabboh
|player|p2|
