|badge|p2|bronze|gen9ou|100-9
|uhtml|medal-msg|<div class="broadcast-blue">Curious what those medals under the avatar are? PS now has Ladder Seasons! For more information, check out the <a href="https://www.smogon.com/forums/threads/3740067/">thread on Smogon.</a></div>
|j|☆proplayer02
|j|☆phreshoatmeal
|t:|1781573078
|gametype|singles
|player|p1|proplayer02|lass-gen4dp|1692
|player|p2|phreshoatmeal|266|1871
|gen|9
|tier|[Gen 9] OU
|rated|
|rule|HP Percentage Mod: HP is shown in percentages
|rule|Endless Battle Clause: Forcing endless battles is banned
|rule|Species Clause: Limit one of each Pokémon
|rule|OHKO Clause: OHKO moves are banned
|rule|Evasion Items Clause: Evasion items are banned
|rule|Evasion Moves Clause: Evasion moves are banned
|rule|Evasion Abilities Clause: Evasion abilities are banned
|rule|Sleep Moves Clause: Sleep-inducing moves are banned
|clearpoke
|poke|p1|Iron Crown|
|poke|p1|Meowscarada, M|
|poke|p1|Dragonite, F|
|poke|p1|Samurott-Hisui, M|
|poke|p1|Pecharunt|
|poke|p1|Great Tusk|
|poke|p2|Tyranitar, M|
|poke|p2|Excadrill, M|
|poke|p2|Hatterene, F|
|poke|p2|Iron Valiant|
|poke|p2|Amoonguss, M|
|poke|p2|Alomomola, F|
|teampreview
|
|t:|1781573100
|teamsize|p1|6
|teamsize|p2|6
|start
|switch|p1a: Meowscarada|Meowscarada, M|100/100
|switch|p2a: Tyranitar|Tyranitar, M|100/100
|-weather|Sandstorm|[from] ability: Sand Stream|[of] p2a: Tyranitar
|turn|1
|
|t:|1781573111
|switch|p2a: Amoonguss|Amoonguss, M|100/100
|move|p1a: Meowscarada|U-turn|p2a: Amoonguss
|-start|p1a: Meowscarada|typechange|Bug|[from] ability: Protean
|-damage|p2a: Amoonguss|79/100
|-enditem|p2a: Amoonguss|Eject Button
|
|t:|1781573132
|switch|p2a: Excadrill|Excadrill, M|100/100
|
|-weather|Sandstorm|[upkeep]
|-damage|p1a: Meowscarada|94/100|[from] Sandstorm
|upkeep
|turn|2
|
|t:|1781573138
|move|p1a: Meowscarada|U-turn|p2a: Excadrill
|-resisted|p2a: Excadrill
|-damage|p2a: Excadrill|76/100
|
|t:|1781573142
|switch|p1a: Great Tusk|Great Tusk|100/100|[from] U-turn
|move|p2a: Excadrill|Iron Head|p1a: Great Tusk
|-damage|p1a: Great Tusk|53/100
|-damage|p2a: Excadrill|60/100|[from] item: Rocky Helmet|[of] p1a: Great Tusk
|
|-weather|Sandstorm|[upkeep]
|upkeep
|turn|3
|
|t:|1781573148
|switch|p2a: Hatterene|Hatterene, F|100/100
|move|p1a: Great Tusk|Stealth Rock|p2a: Hatterene
|move|p2a: Hatterene|Stealth Rock|p1a: Great Tusk|[from] ability: Magic Bounce
|-sidestart|p1: proplayer02|move: Stealth Rock
|
|-weather|Sandstorm|[upkeep]
|-damage|p2a: Hatterene|95/100|[from] Sandstorm
|-heal|p2a: Hatterene|100/100|[from] item: Leftovers
|upkeep
|turn|4
|
|t:|1781573156
|-end|p1a: Great Tusk|Protosynthesis|[silent]
|switch|p1a: Iron Crown|Iron Crown|100/100
|-damage|p1a: Iron Crown|94/100|[from] Stealth Rock
|move|p2a: Hatterene|Draining Kiss|p1a: Iron Crown
|-resisted|p1a: Iron Crown
|-damage|p1a: Iron Crown|83/100
|
|-weather|Sandstorm|[upkeep]
|-damage|p2a: Hatterene|95/100|[from] Sandstorm
|-heal|p2a: Hatterene|100/100|[from] item: Leftovers
|upkeep
|turn|5
|
|t:|1781573167
|switch|p2a: Alomomola|Alomomola, F|100/100
|move|p1a: Iron Crown|Volt Switch|p2a: Alomomola
|-supereffective|p2a: Alomomola
|-damage|p2a: Alomomola|42/100
|-enditem|p2a: Alomomola|Eject Button
|
|t:|1781573184
|switch|p2a: Iron Valiant|Iron Valiant|100/100
|
|-weather|Sandstorm|[upkeep]
|-damage|p2a: Iron Valiant|94/100|[from] Sandstorm
|upkeep
|turn|6
|
|t:|1781573200
|-end|p1a: Iron Crown|Quark Drive|[silent]
|switch|p1a: Pecharunt|Pecharunt|100/100
|move|p2a: Iron Valiant|Knock Off|p1a: Pecharunt
|-supereffective|p1a: Pecharunt
|-damage|p1a: Pecharunt|62/100
|-enditem|p1a: Pecharunt|Heavy-Duty Boots|[from] move: Knock Off|[of] p2a: Iron Valiant
|-damage|p2a: Iron Valiant|85/100|[from] item: Life Orb
|
|-weather|Sandstorm|[upkeep]
|-damage|p2a: Iron Valiant|78/100|[from] Sandstorm
|-damage|p1a: Pecharunt|55/100|[from] Sandstorm
|upkeep
|turn|7
|
|t:|1781573219
|-end|p2a: Iron Valiant|Quark Drive|[silent]
|switch|p2a: Excadrill|Excadrill, M|60/100
|move|p1a: Pecharunt|Recover|p1a: Pecharunt
|-heal|p1a: Pecharunt|100/100
|
|-weather|Sandstorm|[upkeep]
|-damage|p1a: Pecharunt|94/100|[from] Sandstorm
|upkeep
|turn|8
|
|t:|1781573230
|switch|p1a: Dragonite|Dragonite, F|100/100
|move|p2a: Excadrill|Iron Head|p1a: Dragonite
|-damage|p1a: Dragonite|64/100
|
|-weather|none
|upkeep
|turn|9
|
|t:|1781573262
|switch|p1a: Great Tusk|Great Tusk|53/100
|-damage|p1a: Great Tusk|50/100|[from] Stealth Rock
|move|p2a: Excadrill|Iron Head|p1a: Great Tusk
|-damage|p1a: Great Tusk|7/100
|-damage|p2a: Excadrill|43/100|[from] item: Rocky Helmet|[of] p1a: Great Tusk
|
|upkeep
|turn|10
|
|t:|1781573280
|move|p1a: Great Tusk|Rapid Spin|p2a: Excadrill
|-resisted|p2a: Excadrill
|-damage|p2a: Excadrill|32/100
|-boost|p1a: Great Tusk|spe|1
|-sideend|p1: proplayer02|Stealth Rock|[from] move: Rapid Spin|[of] p1a: Great Tusk
|move|p2a: Excadrill|Iron Head|p1a: Great Tusk
|-damage|p1a: Great Tusk|0 fnt
|-damage|p2a: Excadrill|15/100|[from] item: Rocky Helmet|[of] p1a: Great Tusk
|faint|p1a: Great Tusk
|-end|p1a: Great Tusk|Protosynthesis|[silent]
|
|upkeep
|
|t:|1781573287
|switch|p1a: Samurott|Samurott-Hisui, M|100/100
|turn|11
|
|t:|1781573294
|switch|p2a: Iron Valiant|Iron Valiant|78/100
|move|p1a: Samurott|Ceaseless Edge|p2a: Iron Valiant
|-resisted|p2a: Iron Valiant
|-damage|p2a: Iron Valiant|66/100
|-sidestart|p2: phreshoatmeal|Spikes
|
|upkeep
|turn|12
|
|t:|1781573302
|switch|p1a: Pecharunt|Pecharunt|94/100
|move|p2a: Iron Valiant|Drain Punch|p1a: Pecharunt
|-immune|p1a: Pecharunt
|
|upkeep
|turn|13
|
|t:|1781573312
|-end|p2a: Iron Valiant|Quark Drive|[silent]
|switch|p2a: Hatterene|Hatterene, F|100/100
|-damage|p2a: Hatterene|88/100|[from] Spikes
|move|p1a: Pecharunt|Parting Shot|p2a: Hatterene
|move|p2a: Hatterene|Parting Shot|p1a: Pecharunt|[from] ability: Magic Bounce
|-unboost|p1a: Pecharunt|atk|1
|-unboost|p1a: Pecharunt|spa|1
|
|t:|1781573332
|switch|p2a: Tyranitar|Tyranitar, M|100/100|[from] Parting Shot
|-damage|p2a: Tyranitar|88/100|[from] Spikes
|-weather|Sandstorm|[from] ability: Sand Stream|[of] p2a: Tyranitar
|
|-weather|Sandstorm|[upkeep]
|-damage|p1a: Pecharunt|88/100|[from] Sandstorm
|upkeep
|turn|14
|
|t:|1781573343
|switch|p2a: Iron Valiant|Iron Valiant|66/100
|-damage|p2a: Iron Valiant|53/100|[from] Spikes
|move|p1a: Pecharunt|Parting Shot|p2a: Iron Valiant
|-unboost|p2a: Iron Valiant|atk|1
|-unboost|p2a: Iron Valiant|spa|1
|
|t:|1781573348
|switch|p1a: Meowscarada|Meowscarada, M|94/100|[from] Parting Shot
|
|-weather|Sandstorm|[upkeep]
|-damage|p1a: Meowscarada|88/100|[from] Sandstorm
|-damage|p2a: Iron Valiant|47/100|[from] Sandstorm
|upkeep
|turn|15
|
|t:|1781573359
|-end|p2a: Iron Valiant|Quark Drive|[silent]
|switch|p2a: Alomomola|Alomomola, F|75/100
|-damage|p2a: Alomomola|63/100|[from] Spikes
|move|p1a: Meowscarada|U-turn|p2a: Alomomola
|-start|p1a: Meowscarada|typechange|Bug|[from] ability: Protean
|-damage|p2a: Alomomola|43/100
|
|t:|1781573365
|switch|p1a: Iron Crown|Iron Crown|83/100|[from] U-turn
|
|-weather|Sandstorm|[upkeep]
|-damage|p2a: Alomomola|37/100|[from] Sandstorm
|upkeep
|turn|16
|
|t:|1781573373
|switch|p2a: Excadrill|Excadrill, M|15/100
|-damage|p2a: Excadrill|3/100|[from] Spikes
|move|p1a: Iron Crown|Tachyon Cutter|p2a: Excadrill
|-resisted|p2a: Excadrill
|-damage|p2a: Excadrill|0 fnt
|faint|p2a: Excadrill
|-hitcount|p2: Excadrill|1
|
|-weather|Sandstorm|[upkeep]
|upkeep
|
|t:|1781573379
|switch|p2a: Iron Valiant|Iron Valiant|47/100
|-damage|p2a: Iron Valiant|34/100|[from] Spikes
|turn|17
|
|t:|1781573386
|-end|p1a: Iron Crown|Quark Drive|[silent]
|switch|p1a: Pecharunt|Pecharunt|88/100
|-terastallize|p2a: Iron Valiant|Stellar
|move|p2a: Iron Valiant|Knock Off|p1a: Pecharunt
|-supereffective|p1a: Pecharunt
|-damage|p1a: Pecharunt|55/100
|-damage|p2a: Iron Valiant|25/100|[from] item: Life Orb
|
|-weather|Sandstorm|[upkeep]
|-damage|p2a: Iron Valiant|18/100|[from] Sandstorm
|-damage|p1a: Pecharunt|49/100|[from] Sandstorm
|upkeep
|turn|18
|
|t:|1781573391
|move|p2a: Iron Valiant|Thunderbolt|p1a: Pecharunt
|-damage|p1a: Pecharunt|2/100
|-damage|p2a: Iron Valiant|9/100|[from] item: Life Orb
|move|p1a: Pecharunt|Recover|p1a: Pecharunt
|-heal|p1a: Pecharunt|52/100
|
|-weather|Sandstorm|[upkeep]
|-damage|p2a: Iron Valiant|3/100|[from] Sandstorm
|-damage|p1a: Pecharunt|46/100|[from] Sandstorm
|upkeep
|turn|19
|j| brayyanxz
|
|t:|1781573397
|move|p2a: Iron Valiant|Drain Punch|p1a: Pecharunt
|-immune|p1a: Pecharunt
|move|p1a: Pecharunt|Recover|p1a: Pecharunt
|-heal|p1a: Pecharunt|96/100
|
|-weather|Sandstorm|[upkeep]
|-damage|p2a: Iron Valiant|0 fnt|[from] Sandstorm
|-damage|p1a: Pecharunt|90/100|[from] Sandstorm
|faint|p2a: Iron Valiant
|-end|p2a: Iron Valiant|Quark Drive|[silent]
|upkeep
|-message|phreshoatmeal forfeited.
|
|win|proplayer02
|raw|proplayer02's rating: 1692 &rarr; <strong>1721</strong><br />(+29 for winning)
|raw|phreshoatmeal's rating: 1871 &rarr; <strong>1842</strong><br />(-29 for losing)
|l|☆phreshoatmeal
|player|p2|
|l|☆proplayer02
|player|p1|
