|j|☆jus4funsies
|j|☆bongzongweedluvr
|t:|1781325348
|gametype|singles
|player|p1|jus4funsies|teamrocket|1597
|player|p2|bongzongweedluvr|102|1661
|gen|9
|tier|[Gen 9] OU
|rated|
|rule|HP Percentage Mod: HP is shown in percentages
|rule|Endless Battle Clause: Forcing endless battles is banned
|rule|Species Clause: Limit one of each Pokémon
|rule|OHKO Clause: OHKO moves are banned
|rule|Evasion Items Clause: Evasion items are banned
|rule|Evasion Moves Clause: Evasion moves are banned
|rule|Evasion Abilities Clause: Evasion abilities are banned
|rule|Sleep Moves Clause: Sleep-inducing moves are banned
|clearpoke
|poke|p1|Samurott-Hisui, F|
|poke|p1|Gholdengo|
|poke|p1|Great Tusk|
|poke|p1|Dragonite, M|
|poke|p1|Raging Bolt|
|poke|p1|Kingambit, M|
|poke|p2|Greninja-*, M|
|poke|p2|Glimmora, F|
|poke|p2|Garchomp, F|
|poke|p2|Iron Valiant|
|poke|p2|Ceruledge, F|
|poke|p2|Kingambit, M|
|teampreview
|inactive|Battle timer is ON: inactive players will automatically lose when time's up. (requested by bongzongweedluvr)
|
|t:|1781325364
|teamsize|p1|6
|teamsize|p2|6
|start
|switch|p1a: Shamiqua|Samurott-Hisui, F|100/100
|switch|p2a: Glimmora|Glimmora, F|100/100
|turn|1
|
|t:|1781325367
|move|p2a: Glimmora|Meteor Beam||[still]
|-prepare|p2a: Glimmora|Meteor Beam
|-boost|p2a: Glimmora|spa|1
|-enditem|p2a: Glimmora|Power Herb
|-anim|p2a: Glimmora|Meteor Beam|p1a: Shamiqua
|-enditem|p1a: Shamiqua|Focus Sash
|-damage|p1a: Shamiqua|1/100
|move|p1a: Shamiqua|Ceaseless Edge|p2a: Glimmora|[miss]
|-miss|p1a: Shamiqua|p2a: Glimmora
|
|upkeep
|turn|2
|
|t:|1781325375
|move|p2a: Glimmora|Mortal Spin|p1a: Shamiqua
|-damage|p1a: Shamiqua|0 fnt
|faint|p1a: Shamiqua
|
|upkeep
|
|t:|1781325377
|switch|p1a: Cinna-Mon|Gholdengo|100/100
|-item|p1a: Cinna-Mon|Air Balloon
|turn|3
|
|t:|1781325380
|move|p2a: Glimmora|Stealth Rock|p1a: Cinna-Mon
|-sidestart|p1: jus4funsies|move: Stealth Rock
|move|p1a: Cinna-Mon|Make It Rain|p2a: Glimmora
|-supereffective|p2a: Glimmora
|-damage|p2a: Glimmora|0 fnt
|-unboost|p1a: Cinna-Mon|spa|1
|faint|p2a: Glimmora
|
|upkeep
|
|t:|1781325385
|switch|p2a: Greninja|Greninja, M|100/100
|turn|4
|
|t:|1781325397
|switch|p1a: Daddy long neck|Raging Bolt|100/100
|-damage|p1a: Daddy long neck|88/100|[from] Stealth Rock
|-enditem|p1a: Daddy long neck|Booster Energy
|-activate|p1a: Daddy long neck|ability: Protosynthesis|[fromitem]
|-start|p1a: Daddy long neck|protosynthesisspa
|move|p2a: Greninja|Ice Beam|p1a: Daddy long neck
|-supereffective|p1a: Daddy long neck
|-damage|p1a: Daddy long neck|38/100
|
|upkeep
|turn|5
|
|t:|1781325405
|move|p2a: Greninja|Water Shuriken|p1a: Daddy long neck
|-resisted|p1a: Daddy long neck
|-damage|p1a: Daddy long neck|34/100
|-resisted|p1a: Daddy long neck
|-damage|p1a: Daddy long neck|30/100
|-resisted|p1a: Daddy long neck
|-damage|p1a: Daddy long neck|26/100
|-resisted|p1a: Daddy long neck
|-damage|p1a: Daddy long neck|22/100
|-hitcount|p1a: Daddy long neck|4
|move|p1a: Daddy long neck|Thunderclap||[still]
|-fail|p1a: Daddy long neck
|
|upkeep
|turn|6
|
|t:|1781325413
|move|p1a: Daddy long neck|Thunderclap|p2a: Greninja
|-supereffective|p2a: Greninja
|-damage|p2a: Greninja|0 fnt
|faint|p2a: Greninja
|
|upkeep
|
|t:|1781325416
|switch|p2a: Garchomp|Garchomp, F|100/100
|turn|7
|
|t:|1781325420
|-end|p1a: Daddy long neck|Protosynthesis|[silent]
|switch|p1a: Tyrone|Great Tusk|100/100
|move|p2a: Garchomp|Earthquake|p1a: Tyrone
|-damage|p1a: Tyrone|55/100
|
|upkeep
|turn|8
|
|t:|1781325426
|switch|p2a: Ceruledge|Ceruledge, F|100/100
|-item|p2a: Ceruledge|Air Balloon
|move|p1a: Tyrone|Ice Spinner|p2a: Ceruledge
|-resisted|p2a: Ceruledge
|-damage|p2a: Ceruledge|80/100
|-ability|p2a: Ceruledge|Weak Armor|boost
|-unboost|p2a: Ceruledge|def|1
|-boost|p2a: Ceruledge|spe|2
|-enditem|p2a: Ceruledge|Air Balloon
|
|upkeep
|turn|9
|
|t:|1781325430
|move|p2a: Ceruledge|Poltergeist|p1a: Tyrone|[miss]
|-miss|p2a: Ceruledge|p1a: Tyrone
|move|p1a: Tyrone|Headlong Rush|p2a: Ceruledge
|-supereffective|p2a: Ceruledge
|-damage|p2a: Ceruledge|0 fnt
|-unboost|p1a: Tyrone|def|1
|-unboost|p1a: Tyrone|spd|1
|faint|p2a: Ceruledge
|
|upkeep
|
|t:|1781325434
|switch|p2a: Garchomp|Garchomp, F|100/100
|turn|10
|
|t:|1781325443
|-end|p1a: Tyrone|Protosynthesis|[silent]
|switch|p1a: Daddy long neck|Raging Bolt|22/100
|-damage|p1a: Daddy long neck|9/100|[from] Stealth Rock
|move|p2a: Garchomp|Scale Shot|p1a: Daddy long neck
|-supereffective|p1a: Daddy long neck
|-damage|p1a: Daddy long neck|0 fnt
|faint|p1a: Daddy long neck
|-end|p1a: Daddy long neck|Protosynthesis|[silent]
|-hitcount|p1: Daddy long neck|1
|-unboost|p2a: Garchomp|def|1
|-boost|p2a: Garchomp|spe|1
|
|upkeep
|
|t:|1781325446
|switch|p1a: Tyrone|Great Tusk|55/100
|turn|11
|
|t:|1781325449
|switch|p2a: Iron Valiant|Iron Valiant|100/100
|-enditem|p2a: Iron Valiant|Booster Energy
|-activate|p2a: Iron Valiant|ability: Quark Drive|[fromitem]
|-start|p2a: Iron Valiant|quarkdrivespe
|move|p1a: Tyrone|Ice Spinner|p2a: Iron Valiant
|-damage|p2a: Iron Valiant|67/100
|
|upkeep
|turn|12
|
|t:|1781325460
|-end|p1a: Tyrone|Protosynthesis|[silent]
|switch|p1a: Cinna-Mon|Gholdengo|100/100
|-damage|p1a: Cinna-Mon|95/100|[from] Stealth Rock
|-item|p1a: Cinna-Mon|Air Balloon
|move|p2a: Iron Valiant|Moonblast|p1a: Cinna-Mon
|-resisted|p1a: Cinna-Mon
|-damage|p1a: Cinna-Mon|66/100
|-enditem|p1a: Cinna-Mon|Air Balloon
|
|upkeep
|turn|13
|
|t:|1781325465
|move|p2a: Iron Valiant|Shadow Ball|p1a: Cinna-Mon
|-supereffective|p1a: Cinna-Mon
|-crit|p1a: Cinna-Mon
|-damage|p1a: Cinna-Mon|0 fnt
|faint|p1a: Cinna-Mon
|
|upkeep
|
|t:|1781325468
|switch|p1a: DragoniGG|Dragonite, M|100/100
|turn|14
|
|t:|1781325480
|-terastallize|p1a: DragoniGG|Normal
|move|p2a: Iron Valiant|Moonblast|p1a: DragoniGG
|-damage|p1a: DragoniGG|76/100
|move|p1a: DragoniGG|Dragon Dance|p1a: DragoniGG
|-boost|p1a: DragoniGG|atk|1
|-boost|p1a: DragoniGG|spe|1
|
|upkeep
|turn|15
|
|t:|1781325489
|-terastallize|p2a: Iron Valiant|Ghost
|move|p1a: DragoniGG|Extreme Speed|p2a: Iron Valiant
|-immune|p2a: Iron Valiant
|move|p2a: Iron Valiant|Encore|p1a: DragoniGG
|-start|p1a: DragoniGG|Encore
|
|upkeep
|turn|16
|c|☆jus4funsies|gg
|
|t:|1781325495
|switch|p1a: WE WUZ|Kingambit, M, shiny|100/100
|-damage|p1a: WE WUZ|94/100|[from] Stealth Rock
|-activate|p1a: WE WUZ|ability: Supreme Overlord
|-start|p1a: WE WUZ|fallen3|[silent]
|move|p2a: Iron Valiant|Calm Mind|p2a: Iron Valiant
|-boost|p2a: Iron Valiant|spa|1
|-boost|p2a: Iron Valiant|spd|1
|
|upkeep
|turn|17
|
|t:|1781325501
|move|p2a: Iron Valiant|Encore||[still]
|-fail|p2a: Iron Valiant
|move|p1a: WE WUZ|Kowtow Cleave|p2a: Iron Valiant
|-supereffective|p2a: Iron Valiant
|-damage|p2a: Iron Valiant|0 fnt
|faint|p2a: Iron Valiant
|-end|p2a: Iron Valiant|Quark Drive|[silent]
|
|upkeep
|
|t:|1781325505
|switch|p2a: Garchomp|Garchomp, F|100/100
|turn|18
|c|☆jus4funsies|:^)
|
|t:|1781325509
|move|p2a: Garchomp|Earthquake|p1a: WE WUZ
|-supereffective|p1a: WE WUZ
|-damage|p1a: WE WUZ|0 fnt
|faint|p1a: WE WUZ
|-end|p1a: WE WUZ|fallen3|[silent]
|
|upkeep
|
|t:|1781325512
|switch|p1a: Tyrone|Great Tusk|55/100
|turn|19
|
|t:|1781325516
|move|p2a: Garchomp|Scale Shot|p1a: Tyrone
|-damage|p1a: Tyrone|44/100
|-crit|p1a: Tyrone
|-damage|p1a: Tyrone|29/100
|-damage|p1a: Tyrone|17/100
|-damage|p1a: Tyrone|6/100
|-damage|p1a: Tyrone|0 fnt
|faint|p1a: Tyrone
|-end|p1a: Tyrone|Protosynthesis|[silent]
|-hitcount|p1: Tyrone|5
|-unboost|p2a: Garchomp|def|1
|-boost|p2a: Garchomp|spe|1
|
|upkeep
|c|☆jus4funsies|??????????/
|
|t:|1781325522
|switch|p1a: DragoniGG|Dragonite, M, tera:Normal|76/100
|turn|20
|
|t:|1781325527
|move|p2a: Garchomp|Earthquake|p1a: DragoniGG
|-crit|p1a: DragoniGG
|-damage|p1a: DragoniGG|0 fnt
|faint|p1a: DragoniGG
|
|win|bongzongweedluvr
|raw|jus4funsies's rating: 1597 &rarr; <strong>1581</strong><br />(-16 for losing)
|raw|bongzongweedluvr's rating: 1661 &rarr; <strong>1677</strong><br />(+16 for winning)
|c|☆jus4funsies|ok
|c|☆bongzongweedluvr|zamn
|c|☆jus4funsies|zam
|c|☆jus4funsies|indeed
|c|☆jus4funsies|gg
|c|☆bongzongweedluvr|gg
|j| Kronos_369NT
|l|☆jus4funsies
|player|p1|
|l|☆bongzongweedluvr
|player|p2|
