|j|☆Mrweston
|j|☆Loums
|t:|1781546573
|gametype|singles
|player|p1|Mrweston|ghetsis-gen5bw|1482
|player|p2|Loums|nate|1536
|gen|9
|tier|[Gen 9] OU
|rated|
|rule|HP Percentage Mod: HP is shown in percentages
|rule|Endless Battle Clause: Forcing endless battles is banned
|rule|Species Clause: Limit one of each Pokémon
|rule|OHKO Clause: OHKO moves are banned
|rule|Evasion Items Clause: Evasion items are banned
|rule|Evasion Moves Clause: Evasion moves are banned
|rule|Evasion Abilities Clause: Evasion abilities are banned
|rule|Sleep Moves Clause: Sleep-inducing moves are banned
|clearpoke
|poke|p1|Hawlucha, F|
|poke|p1|Blaziken, M|
|poke|p1|Magnezone|
|poke|p1|Haunter, F|
|poke|p1|Donphan, M|
|poke|p1|Latios, M|
|poke|p2|Tyranitar, M|
|poke|p2|Excadrill, M|
|poke|p2|Ogerpon-Cornerstone, F|
|poke|p2|Dragapult, M|
|poke|p2|Moltres|
|poke|p2|Great Tusk|
|teampreview
|inactive|Battle timer is ON: inactive players will automatically lose when time's up. (requested by Mrweston)
|
|t:|1781546592
|teamsize|p1|6
|teamsize|p2|6
|start
|switch|p1a: Magnezone|Magnezone, shiny|100/100
|switch|p2a: Tyranitar|Tyranitar, M|100/100
|-weather|Sandstorm|[from] ability: Sand Stream|[of] p2a: Tyranitar
|turn|1
|
|t:|1781546599
|switch|p2a: Great Tusk|Great Tusk|100/100
|-enditem|p2a: Great Tusk|Booster Energy
|-activate|p2a: Great Tusk|ability: Protosynthesis|[fromitem]
|-start|p2a: Great Tusk|protosynthesisatk
|move|p1a: Magnezone|Body Press|p2a: Great Tusk
|-damage|p2a: Great Tusk|80/100
|
|-weather|Sandstorm|[upkeep]
|upkeep
|turn|2
|
|t:|1781546608
|move|p2a: Great Tusk|Rapid Spin|p1a: Magnezone
|-resisted|p1a: Magnezone
|-damage|p1a: Magnezone|92/100
|-boost|p2a: Great Tusk|spe|1
|move|p1a: Magnezone|Flash Cannon|p2a: Great Tusk
|-damage|p2a: Great Tusk|31/100
|
|-weather|Sandstorm|[upkeep]
|upkeep
|turn|3
|
|t:|1781546617
|switch|p1a: Hawlucha|Hawlucha, F, shiny|100/100
|-ability|p1a: Hawlucha|Mold Breaker
|move|p2a: Great Tusk|Headlong Rush|p1a: Hawlucha
|-immune|p1a: Hawlucha
|
|-weather|Sandstorm|[upkeep]
|-damage|p1a: Hawlucha|94/100|[from] Sandstorm
|upkeep
|turn|4
|
|t:|1781546626
|move|p1a: Hawlucha|Brave Bird|p2a: Great Tusk
|-supereffective|p2a: Great Tusk
|-damage|p2a: Great Tusk|0 fnt
|faint|p2a: Great Tusk
|-end|p2a: Great Tusk|Protosynthesis|[silent]
|-damage|p1a: Hawlucha|82/100|[from] Recoil
|
|-weather|Sandstorm|[upkeep]
|-damage|p1a: Hawlucha|76/100|[from] Sandstorm
|upkeep
|
|t:|1781546634
|switch|p2a: Moltres|Moltres|100/100
|turn|5
|
|t:|1781546637
|switch|p1a: Magnezone|Magnezone, shiny|92/100
|move|p2a: Moltres|U-turn|p1a: Magnezone
|-resisted|p1a: Magnezone
|-damage|p1a: Magnezone|87/100
|
|t:|1781546642
|switch|p2a: Excadrill|Excadrill, M|100/100|[from] U-turn
|
|-weather|Sandstorm|[upkeep]
|upkeep
|turn|6
|
|t:|1781546647
|-terastallize|p1a: Magnezone|Fighting
|move|p2a: Excadrill|Earthquake|p1a: Magnezone
|-damage|p1a: Magnezone|35/100
|-damage|p2a: Excadrill|91/100|[from] item: Life Orb
|move|p1a: Magnezone|Body Press|p2a: Excadrill
|-supereffective|p2a: Excadrill
|-damage|p2a: Excadrill|0 fnt
|faint|p2a: Excadrill
|
|-weather|Sandstorm|[upkeep]
|-damage|p1a: Magnezone|29/100|[from] Sandstorm
|upkeep
|
|t:|1781546657
|switch|p2a: Moltres|Moltres|100/100
|turn|7
|
|t:|1781546671
|move|p2a: Moltres|Flamethrower|p1a: Magnezone
|-damage|p1a: Magnezone|0 fnt
|faint|p1a: Magnezone
|
|-weather|Sandstorm|[upkeep]
|-damage|p2a: Moltres|94/100|[from] Sandstorm
|upkeep
|
|t:|1781546677
|switch|p1a: Latios|Latios, M, shiny|100/100
|turn|8
|
|t:|1781546680
|move|p1a: Latios|Luster Purge|p2a: Moltres
|-damage|p2a: Moltres|35/100
|-unboost|p2a: Moltres|spd|1
|move|p2a: Moltres|U-turn|p1a: Latios
|-supereffective|p1a: Latios
|-damage|p1a: Latios|63/100
|
|t:|1781546688
|switch|p2a: Dragapult|Dragapult, M|100/100|[from] U-turn
|
|-weather|none
|upkeep
|turn|9
|inactive|Mrweston has 120 seconds left.
|inactive|Mrweston has 90 seconds left.
|
|t:|1781546764
|move|p2a: Dragapult|Shadow Ball|p1a: Latios
|-supereffective|p1a: Latios
|-damage|p1a: Latios|0 fnt
|faint|p1a: Latios
|
|upkeep
|
|t:|1781546770
|switch|p1a: Donphan|Donphan, M|100/100
|turn|10
|
|t:|1781546777
|switch|p2a: Moltres|Moltres|35/100
|move|p1a: Donphan|Knock Off|p2a: Moltres
|-damage|p2a: Moltres|13/100
|-enditem|p2a: Moltres|Heavy-Duty Boots|[from] move: Knock Off|[of] p1a: Donphan
|
|upkeep
|turn|11
|
|t:|1781546784
|move|p2a: Moltres|Roost|p2a: Moltres
|-heal|p2a: Moltres|63/100
|-singleturn|p2a: Moltres|move: Roost
|move|p1a: Donphan|Earthquake|p2a: Moltres
|-supereffective|p2a: Moltres
|-damage|p2a: Moltres|0 fnt
|faint|p2a: Moltres
|
|upkeep
|
|t:|1781546792
|switch|p2a: Ogerpon|Ogerpon-Cornerstone, F|100/100
|turn|12
|inactive|Mrweston has 90 seconds left.
|
|t:|1781546814
|move|p2a: Ogerpon|Power Whip|p1a: Donphan
|-supereffective|p1a: Donphan
|-ability|p1a: Donphan|Sturdy
|-damage|p1a: Donphan|1/100
|move|p1a: Donphan|Earthquake|p2a: Ogerpon
|-damage|p2a: Ogerpon|23/100
|
|upkeep
|turn|13
|
|t:|1781546822
|move|p1a: Donphan|Ice Shard|p2a: Ogerpon
|-supereffective|p2a: Ogerpon
|-damage|p2a: Ogerpon|0 fnt
|faint|p2a: Ogerpon
|
|upkeep
|c|☆Mrweston|donphan > great tusk
|
|t:|1781546839
|switch|p2a: Tyranitar|Tyranitar, M|100/100
|-weather|Sandstorm|[from] ability: Sand Stream|[of] p2a: Tyranitar
|turn|14
|
|t:|1781546845
|move|p1a: Donphan|Earthquake|p2a: Tyranitar
|-supereffective|p2a: Tyranitar
|-damage|p2a: Tyranitar|23/100
|move|p2a: Tyranitar|Knock Off|p1a: Donphan
|-damage|p1a: Donphan|0 fnt
|-enditem|p1a: Donphan|Heavy-Duty Boots|[from] move: Knock Off|[of] p2a: Tyranitar
|faint|p1a: Donphan
|
|-weather|Sandstorm|[upkeep]
|upkeep
|
|t:|1781546850
|switch|p1a: Blaziken|Blaziken, M|100/100
|turn|15
|
|t:|1781546854
|move|p1a: Blaziken|Close Combat|p2a: Tyranitar
|-supereffective|p2a: Tyranitar
|-damage|p2a: Tyranitar|0 fnt
|-unboost|p1a: Blaziken|def|1
|-unboost|p1a: Blaziken|spd|1
|faint|p2a: Tyranitar
|
|-weather|Sandstorm|[upkeep]
|-damage|p1a: Blaziken|95/100|[from] Sandstorm
|-ability|p1a: Blaziken|Speed Boost|boost
|-boost|p1a: Blaziken|spe|1
|upkeep
|
|t:|1781546864
|switch|p2a: Dragapult|Dragapult, M|100/100
|turn|16
|c|☆Mrweston|gg
|
|t:|1781546868
|move|p2a: Dragapult|Shadow Ball|p1a: Blaziken
|-damage|p1a: Blaziken|0 fnt
|faint|p1a: Blaziken
|
|-weather|Sandstorm|[upkeep]
|-damage|p2a: Dragapult|95/100|[from] Sandstorm
|upkeep
|
|t:|1781546875
|switch|p1a: Haunter|Haunter, F|100/100
|turn|17
|
|t:|1781546877
|move|p2a: Dragapult|Shadow Ball|p1a: Haunter
|-supereffective|p1a: Haunter
|-enditem|p1a: Haunter|Focus Sash
|-damage|p1a: Haunter|1/100
|move|p1a: Haunter|Hex|p2a: Dragapult
|-supereffective|p2a: Dragapult
|-damage|p2a: Dragapult|7/100
|
|-weather|Sandstorm|[upkeep]
|-damage|p2a: Dragapult|1/100|[from] Sandstorm
|-damage|p1a: Haunter|0 fnt|[from] Sandstorm
|faint|p1a: Haunter
|upkeep
|
|t:|1781546879
|switch|p1a: Hawlucha|Hawlucha, F, shiny|76/100
|-ability|p1a: Hawlucha|Mold Breaker
|turn|18
|c|☆Mrweston|well
|c|☆Mrweston|guess its good im faster
|
|t:|1781546894
|move|p1a: Hawlucha|Brave Bird|p2a: Dragapult
|-damage|p2a: Dragapult|0 fnt
|faint|p2a: Dragapult
|-damage|p1a: Hawlucha|75/100|[from] Recoil
|
|win|Mrweston
|raw|Mrweston's rating: 1482 &rarr; <strong>1505</strong><br />(+23 for winning)
|raw|Loums's rating: 1536 &rarr; <strong>1513</strong><br />(-23 for losing)
|l|☆Loums
|player|p2|
|l|☆Mrweston
|player|p1|
