|j|☆Sashannarcy
|j|☆KurisuChestnutLab
|t:|1781153970
|gametype|singles
|player|p1|Sashannarcy|unknownf|1509
|player|p2|KurisuChestnutLab|may-contest|1588
|gen|9
|tier|[Gen 9] OU
|rated|
|rule|HP Percentage Mod: HP is shown in percentages
|rule|Endless Battle Clause: Forcing endless battles is banned
|rule|Species Clause: Limit one of each Pokémon
|rule|OHKO Clause: OHKO moves are banned
|rule|Evasion Items Clause: Evasion items are banned
|rule|Evasion Moves Clause: Evasion moves are banned
|rule|Evasion Abilities Clause: Evasion abilities are banned
|rule|Sleep Moves Clause: Sleep-inducing moves are banned
|clearpoke
|poke|p1|Komala, F|
|poke|p1|Blissey, F|
|poke|p1|Dondozo, M|
|poke|p1|Gliscor, M|
|poke|p1|Clefable, F|
|poke|p1|Toxapex, M|
|poke|p2|Primarina, F|
|poke|p2|Hippowdon, M|
|poke|p2|Skarmory, F|
|poke|p2|Zapdos|
|poke|p2|Dragonite, F|
|poke|p2|Slowking, F|
|teampreview
|inactive|Battle timer is ON: inactive players will automatically lose when time's up. (requested by Sashannarcy)
|
|t:|1781153974
|teamsize|p1|6
|teamsize|p2|6
|start
|switch|p1a: Gliscor|Gliscor, M|100/100
|switch|p2a: Primarina|Primarina, F|100/100
|turn|1
|inactive|KurisuChestnutLab also wants the timer to be on.
|
|t:|1781153987
|move|p1a: Gliscor|Protect|p1a: Gliscor
|-singleturn|p1a: Gliscor|Protect
|move|p2a: Primarina|Surf|p1a: Gliscor
|-activate|p1a: Gliscor|move: Protect
|
|-status|p1a: Gliscor|tox|[from] item: Toxic Orb
|upkeep
|turn|2
|
|t:|1781153990
|switch|p1a: Toxapex|Toxapex, M|100/100
|move|p2a: Primarina|Surf|p1a: Toxapex
|-resisted|p1a: Toxapex
|-damage|p1a: Toxapex|82/100
|
|upkeep
|turn|3
|
|t:|1781154011
|switch|p2a: Dragonite|Dragonite, F|100/100
|move|p1a: Toxapex|Baneful Bunker||[still]
|-fail|p1a: Toxapex
|
|upkeep
|turn|4
|
|t:|1781154015
|switch|p2a: Skarmory|Skarmory, F|100/100
|move|p1a: Toxapex|Toxic|p2a: Skarmory
|-immune|p2a: Skarmory
|
|upkeep
|turn|5
|
|t:|1781154019
|switch|p1a: Gliscor|Gliscor, M|100/100 tox
|move|p2a: Skarmory|Iron Head|p1a: Gliscor
|-damage|p1a: Gliscor|85/100 tox
|
|-heal|p1a: Gliscor|98/100 tox|[from] ability: Poison Heal
|upkeep
|turn|6
|
|t:|1781154022
|switch|p2a: Hippowdon|Hippowdon, M|100/100
|-weather|Sandstorm|[from] ability: Sand Stream|[of] p2a: Hippowdon
|move|p1a: Gliscor|Spikes|p2a: Hippowdon
|-sidestart|p2: KurisuChestnutLab|Spikes
|
|-weather|Sandstorm|[upkeep]
|-heal|p1a: Gliscor|100/100 tox|[from] ability: Poison Heal
|upkeep
|turn|7
|
|t:|1781154037
|switch|p2a: Skarmory|Skarmory, F|100/100
|move|p1a: Gliscor|Spikes|p2a: Skarmory
|-sidestart|p2: KurisuChestnutLab|Spikes
|
|-weather|Sandstorm|[upkeep]
|upkeep
|turn|8
|
|t:|1781154042
|move|p1a: Gliscor|Spikes|p2a: Skarmory
|-sidestart|p2: KurisuChestnutLab|Spikes
|move|p2a: Skarmory|Spikes|p1a: Gliscor
|-sidestart|p1: Sashannarcy|Spikes
|
|-weather|Sandstorm|[upkeep]
|upkeep
|turn|9
|
|t:|1781154051
|move|p1a: Gliscor|Knock Off|p2a: Skarmory
|-damage|p2a: Skarmory|87/100
|-enditem|p2a: Skarmory|Leftovers|[from] move: Knock Off|[of] p1a: Gliscor
|move|p2a: Skarmory|Spikes|p1a: Gliscor
|-sidestart|p1: Sashannarcy|Spikes
|
|-weather|Sandstorm|[upkeep]
|upkeep
|turn|10
|
|t:|1781154057
|switch|p1a: Clefable|Clefable, F|100/100
|switch|p2a: Zapdos|Zapdos|100/100
|
|-weather|none
|upkeep
|turn|11
|
|t:|1781154066
|move|p2a: Zapdos|Volt Switch|p1a: Clefable
|-damage|p1a: Clefable|73/100
|
|t:|1781154070
|switch|p2a: Skarmory|Skarmory, F|87/100|[from] Volt Switch
|move|p1a: Clefable|Stealth Rock|p2a: Skarmory
|-sidestart|p2: KurisuChestnutLab|move: Stealth Rock
|
|upkeep
|turn|12
|
|t:|1781154079
|move|p2a: Skarmory|Iron Head|p1a: Clefable
|-supereffective|p1a: Clefable
|-damage|p1a: Clefable|39/100
|cant|p1a: Clefable|flinch
|
|-damage|p2a: Skarmory|75/100|[from] item: Sticky Barb
|upkeep
|turn|13
|
|t:|1781154085
|move|p2a: Skarmory|Iron Head|p1a: Clefable
|-supereffective|p1a: Clefable
|-damage|p1a: Clefable|4/100
|move|p1a: Clefable|Wish|p1a: Clefable
|
|-damage|p2a: Skarmory|63/100|[from] item: Sticky Barb
|upkeep
|turn|14
|
|t:|1781154092
|move|p1a: Clefable|Protect|p1a: Clefable
|-singleturn|p1a: Clefable|Protect
|move|p2a: Skarmory|Roost|p2a: Skarmory
|-heal|p2a: Skarmory|100/100
|-singleturn|p2a: Skarmory|move: Roost
|
|-heal|p1a: Clefable|54/100|[from] move: Wish|[wisher] Clefable
|-damage|p2a: Skarmory|88/100|[from] item: Sticky Barb
|upkeep
|turn|15
|
|t:|1781154100
|switch|p2a: Zapdos|Zapdos|100/100
|move|p1a: Clefable|Wish|p1a: Clefable
|
|upkeep
|turn|16
|
|t:|1781154104
|move|p1a: Clefable|Protect|p1a: Clefable
|-singleturn|p1a: Clefable|Protect
|move|p2a: Zapdos|Hurricane|p1a: Clefable
|-activate|p1a: Clefable|move: Protect
|
|-heal|p1a: Clefable|100/100|[from] move: Wish|[wisher] Clefable
|upkeep
|turn|17
|
|t:|1781154110
|switch|p1a: Komala|Komala, F|100/100
|-ability|p1a: Komala|Comatose
|move|p2a: Zapdos|Hurricane|p1a: Komala
|-damage|p1a: Komala|55/100
|-start|p1a: Komala|confusion
|
|upkeep
|turn|18
|
|t:|1781154114
|move|p2a: Zapdos|Hurricane|p1a: Komala
|-damage|p1a: Komala|8/100
|-activate|p1a: Komala|confusion
|move|p1a: Komala|Wish|p1a: Komala
|
|upkeep
|turn|19
|
|t:|1781154119
|-activate|p1a: Komala|confusion
|move|p1a: Komala|Protect|p1a: Komala
|-singleturn|p1a: Komala|Protect
|move|p2a: Zapdos|Hurricane|p1a: Komala
|-activate|p1a: Komala|move: Protect
|
|-heal|p1a: Komala|58/100|[from] move: Wish|[wisher] Komala
|upkeep
|turn|20
|
|t:|1781154123
|move|p2a: Zapdos|Hurricane|p1a: Komala
|-damage|p1a: Komala|11/100
|-end|p1a: Komala|confusion
|move|p1a: Komala|Wish|p1a: Komala
|
|upkeep
|turn|21
|
|t:|1781154128
|move|p1a: Komala|Protect|p1a: Komala
|-singleturn|p1a: Komala|Protect
|move|p2a: Zapdos|Volt Switch|p1a: Komala
|-activate|p1a: Komala|move: Protect
|
|-heal|p1a: Komala|61/100|[from] move: Wish|[wisher] Komala
|upkeep
|turn|22
|
|t:|1781154146
|move|p2a: Zapdos|Volt Switch|p1a: Komala
|-damage|p1a: Komala|33/100
|
|t:|1781154151
|switch|p2a: Dragonite|Dragonite, F|100/100|[from] Volt Switch
|move|p1a: Komala|Wish|p1a: Komala
|
|upkeep
|turn|23
|
|t:|1781154157
|move|p1a: Komala|Protect|p1a: Komala
|-singleturn|p1a: Komala|Protect
|move|p2a: Dragonite|Dragon Dance|p2a: Dragonite
|-boost|p2a: Dragonite|atk|1
|-boost|p2a: Dragonite|spe|1
|
|-heal|p1a: Komala|83/100|[from] move: Wish|[wisher] Komala
|upkeep
|turn|24
|
|t:|1781154172
|switch|p1a: Dondozo|Dondozo, M|100/100
|move|p2a: Dragonite|Dragon Dance|p2a: Dragonite
|-boost|p2a: Dragonite|atk|1
|-boost|p2a: Dragonite|spe|1
|
|upkeep
|turn|25
|
|t:|1781154179
|move|p2a: Dragonite|Dragon Dance|p2a: Dragonite
|-boost|p2a: Dragonite|atk|1
|-boost|p2a: Dragonite|spe|1
|move|p1a: Dondozo|Curse|p1a: Dondozo
|-unboost|p1a: Dondozo|spe|1
|-boost|p1a: Dondozo|atk|1
|-boost|p1a: Dondozo|def|1
|
|upkeep
|turn|26
|
|t:|1781154188
|move|p2a: Dragonite|Dragon Dance|p2a: Dragonite
|-boost|p2a: Dragonite|atk|1
|-boost|p2a: Dragonite|spe|1
|move|p1a: Dondozo|Curse|p1a: Dondozo
|-unboost|p1a: Dondozo|spe|1
|-boost|p1a: Dondozo|atk|1
|-boost|p1a: Dondozo|def|1
|
|upkeep
|turn|27
|
|t:|1781154192
|move|p2a: Dragonite|Earthquake|p1a: Dondozo
|-damage|p1a: Dondozo|92/100
|move|p1a: Dondozo|Curse|p1a: Dondozo
|-unboost|p1a: Dondozo|spe|1
|-boost|p1a: Dondozo|atk|1
|-boost|p1a: Dondozo|def|1
|
|upkeep
|turn|28
|
|t:|1781154199
|move|p2a: Dragonite|Earthquake|p1a: Dondozo
|-damage|p1a: Dondozo|85/100
|move|p1a: Dondozo|Body Press|p2a: Dragonite
|-resisted|p2a: Dragonite
|-damage|p2a: Dragonite|80/100
|
|upkeep
|turn|29
|
|t:|1781154208
|move|p2a: Dragonite|Roost|p2a: Dragonite
|-heal|p2a: Dragonite|100/100
|-singleturn|p2a: Dragonite|move: Roost
|move|p1a: Dondozo|Body Press|p2a: Dragonite
|-damage|p2a: Dragonite|63/100
|
|upkeep
|turn|30
|
|t:|1781154214
|move|p2a: Dragonite|Roost|p2a: Dragonite
|-heal|p2a: Dragonite|100/100
|-singleturn|p2a: Dragonite|move: Roost
|move|p1a: Dondozo|Body Press|p2a: Dragonite
|-damage|p2a: Dragonite|65/100
|
|upkeep
|turn|31
|
|t:|1781154217
|move|p2a: Dragonite|Roost|p2a: Dragonite
|-heal|p2a: Dragonite|100/100
|-singleturn|p2a: Dragonite|move: Roost
|move|p1a: Dondozo|Curse|p1a: Dondozo
|-unboost|p1a: Dondozo|spe|1
|-boost|p1a: Dondozo|atk|1
|-boost|p1a: Dondozo|def|1
|
|upkeep
|turn|32
|
|t:|1781154233
|switch|p2a: Zapdos|Zapdos|100/100
|move|p1a: Dondozo|Curse|p1a: Dondozo
|-unboost|p1a: Dondozo|spe|1
|-boost|p1a: Dondozo|atk|1
|-boost|p1a: Dondozo|def|1
|
|upkeep
|turn|33
|
|t:|1781154239
|switch|p1a: Blissey|Blissey, F|100/100
|move|p2a: Zapdos|Volt Switch|p1a: Blissey
|-damage|p1a: Blissey|92/100
|
|t:|1781154245
|switch|p2a: Dragonite|Dragonite, F|100/100|[from] Volt Switch
|
|upkeep
|turn|34
|
|t:|1781154252
|switch|p1a: Toxapex|Toxapex, M|100/100
|move|p2a: Dragonite|Dragon Dance|p2a: Dragonite
|-boost|p2a: Dragonite|atk|1
|-boost|p2a: Dragonite|spe|1
|
|upkeep
|turn|35
|
|t:|1781154260
|move|p2a: Dragonite|Earthquake|p1a: Toxapex
|-supereffective|p1a: Toxapex
|-damage|p1a: Toxapex|30/100
|move|p1a: Toxapex|Toxic|p2a: Dragonite
|-status|p2a: Dragonite|tox
|
|-damage|p2a: Dragonite|94/100 tox|[from] psn
|upkeep
|turn|36
|
|t:|1781154277
|move|p1a: Toxapex|Baneful Bunker|p1a: Toxapex
|-singleturn|p1a: Toxapex|move: Protect
|move|p2a: Dragonite|Dragon Dance|p2a: Dragonite
|-boost|p2a: Dragonite|atk|1
|-boost|p2a: Dragonite|spe|1
|
|-damage|p2a: Dragonite|82/100 tox|[from] psn
|upkeep
|turn|37
|
|t:|1781154283
|switch|p1a: Dondozo|Dondozo, M|85/100
|move|p2a: Dragonite|Earthquake|p1a: Dondozo
|-damage|p1a: Dondozo|69/100
|
|-damage|p2a: Dragonite|63/100 tox|[from] psn
|upkeep
|turn|38
|
|t:|1781154307
|switch|p2a: Zapdos|Zapdos|100/100
|move|p1a: Dondozo|Curse|p1a: Dondozo
|-unboost|p1a: Dondozo|spe|1
|-boost|p1a: Dondozo|atk|1
|-boost|p1a: Dondozo|def|1
|
|upkeep
|turn|39
|
|t:|1781154312
|switch|p1a: Blissey|Blissey, F|92/100
|move|p2a: Zapdos|Hurricane|p1a: Blissey
|-damage|p1a: Blissey|77/100
|
|upkeep
|turn|40
|
|t:|1781154318
|move|p2a: Zapdos|Hurricane|p1a: Blissey|[miss]
|-miss|p2a: Zapdos|p1a: Blissey
|move|p1a: Blissey|Seismic Toss|p2a: Zapdos
|-damage|p2a: Zapdos|74/100
|-status|p1a: Blissey|par|[from] ability: Static|[of] p2a: Zapdos
|
|upkeep
|turn|41
|
|t:|1781154323
|move|p2a: Zapdos|Roost|p2a: Zapdos
|-heal|p2a: Zapdos|100/100
|-singleturn|p2a: Zapdos|move: Roost
|move|p1a: Blissey|Seismic Toss|p2a: Zapdos
|-damage|p2a: Zapdos|74/100
|
|upkeep
|turn|42
|
|t:|1781154337
|move|p2a: Zapdos|Roost|p2a: Zapdos
|-heal|p2a: Zapdos|100/100
|-singleturn|p2a: Zapdos|move: Roost
|move|p1a: Blissey|Seismic Toss|p2a: Zapdos
|-damage|p2a: Zapdos|74/100
|
|upkeep
|turn|43
|
|t:|1781154343
|move|p2a: Zapdos|Roost|p2a: Zapdos
|-heal|p2a: Zapdos|100/100
|-singleturn|p2a: Zapdos|move: Roost
|cant|p1a: Blissey|par
|
|upkeep
|turn|44
|
|t:|1781154354
|move|p2a: Zapdos|Hurricane|p1a: Blissey
|-damage|p1a: Blissey|64/100 par
|cant|p1a: Blissey|par
|
|upkeep
|turn|45
|
|t:|1781154361
|move|p2a: Zapdos|Hurricane|p1a: Blissey
|-damage|p1a: Blissey|50/100 par
|move|p1a: Blissey|Soft-Boiled|p1a: Blissey
|-heal|p1a: Blissey|99/100 par
|
|upkeep
|turn|46
|
|t:|1781154367
|move|p2a: Zapdos|Hurricane|p1a: Blissey
|-damage|p1a: Blissey|87/100 par
|cant|p1a: Blissey|par
|
|upkeep
|turn|47
|
|t:|1781154373
|move|p2a: Zapdos|Hurricane|p1a: Blissey
|-damage|p1a: Blissey|75/100 par
|move|p1a: Blissey|Seismic Toss|p2a: Zapdos
|-damage|p2a: Zapdos|74/100
|
|upkeep
|turn|48
|
|t:|1781154377
|move|p2a: Zapdos|Hurricane|p1a: Blissey
|-damage|p1a: Blissey|62/100 par
|move|p1a: Blissey|Seismic Toss|p2a: Zapdos
|-damage|p2a: Zapdos|48/100
|
|upkeep
|turn|49
|
|t:|1781154382
|move|p2a: Zapdos|Roost|p2a: Zapdos
|-heal|p2a: Zapdos|98/100
|-singleturn|p2a: Zapdos|move: Roost
|cant|p1a: Blissey|par
|
|upkeep
|turn|50
|
|t:|1781154385
|move|p2a: Zapdos|Hurricane|p1a: Blissey
|-damage|p1a: Blissey|49/100 par
|-start|p1a: Blissey|confusion
|-activate|p1a: Blissey|confusion
|move|p1a: Blissey|Seismic Toss|p2a: Zapdos
|-damage|p2a: Zapdos|72/100
|
|upkeep
|turn|51
|
|t:|1781154394
|move|p2a: Zapdos|Hurricane|p1a: Blissey
|-damage|p1a: Blissey|35/100 par
|-activate|p1a: Blissey|confusion
|move|p1a: Blissey|Soft-Boiled|p1a: Blissey
|-heal|p1a: Blissey|85/100 par
|
|upkeep
|turn|52
|
|t:|1781154405
|move|p2a: Zapdos|Hurricane|p1a: Blissey
|-damage|p1a: Blissey|73/100 par
|-activate|p1a: Blissey|confusion
|-damage|p1a: Blissey|72/100 par|[from] confusion
|
|upkeep
|turn|53
|
|t:|1781154411
|-curestatus|p1a: Blissey|par|[from] ability: Natural Cure|[silent]
|switch|p1a: Gliscor|Gliscor, M|100/100 tox
|move|p2a: Zapdos|Hurricane|p1a: Gliscor
|-damage|p1a: Gliscor|41/100 tox
|
|-heal|p1a: Gliscor|54/100 tox|[from] ability: Poison Heal
|upkeep
|turn|54
|
|t:|1781154420
|switch|p2a: Skarmory|Skarmory, F|88/100
|-damage|p2a: Skarmory|76/100|[from] Stealth Rock
|move|p1a: Gliscor|Spikes||[still]
|-fail|p1a: Gliscor
|
|-heal|p1a: Gliscor|66/100 tox|[from] ability: Poison Heal
|-damage|p2a: Skarmory|64/100|[from] item: Sticky Barb
|upkeep
|turn|55
|
|t:|1781154424
|switch|p1a: Toxapex|Toxapex, M|63/100
|move|p2a: Skarmory|Roost|p2a: Skarmory
|-heal|p2a: Skarmory|100/100
|-singleturn|p2a: Skarmory|move: Roost
|
|-damage|p2a: Skarmory|88/100|[from] item: Sticky Barb
|upkeep
|turn|56
|
|t:|1781154428
|switch|p1a: Gliscor|Gliscor, M|66/100 tox
|move|p2a: Skarmory|Iron Head|p1a: Gliscor
|-damage|p1a: Gliscor|53/100 tox
|
|-heal|p1a: Gliscor|66/100 tox|[from] ability: Poison Heal
|-damage|p2a: Skarmory|76/100|[from] item: Sticky Barb
|upkeep
|turn|57
|
|t:|1781154442
|switch|p1a: Toxapex|Toxapex, M|97/100
|move|p2a: Skarmory|Roost|p2a: Skarmory
|-heal|p2a: Skarmory|100/100
|-singleturn|p2a: Skarmory|move: Roost
|
|-damage|p2a: Skarmory|88/100|[from] item: Sticky Barb
|upkeep
|turn|58
|
|t:|1781154447
|switch|p1a: Gliscor|Gliscor, M|66/100 tox
|move|p2a: Skarmory|Iron Head|p1a: Gliscor
|-damage|p1a: Gliscor|52/100 tox
|
|-heal|p1a: Gliscor|65/100 tox|[from] ability: Poison Heal
|-damage|p2a: Skarmory|76/100|[from] item: Sticky Barb
|upkeep
|turn|59
|
|t:|1781154450
|switch|p1a: Toxapex|Toxapex, M|100/100
|move|p2a: Skarmory|Roost|p2a: Skarmory
|-heal|p2a: Skarmory|100/100
|-singleturn|p2a: Skarmory|move: Roost
|
|-damage|p2a: Skarmory|88/100|[from] item: Sticky Barb
|upkeep
|turn|60
|
|t:|1781154467
|switch|p1a: Gliscor|Gliscor, M|65/100 tox
|move|p2a: Skarmory|Iron Head|p1a: Gliscor
|-damage|p1a: Gliscor|51/100 tox
|
|-heal|p1a: Gliscor|63/100 tox|[from] ability: Poison Heal
|-damage|p2a: Skarmory|76/100|[from] item: Sticky Barb
|upkeep
|turn|61
|
|t:|1781154473
|switch|p1a: Toxapex|Toxapex, M|100/100
|move|p2a: Skarmory|Roost|p2a: Skarmory
|-heal|p2a: Skarmory|100/100
|-singleturn|p2a: Skarmory|move: Roost
|
|-damage|p2a: Skarmory|88/100|[from] item: Sticky Barb
|upkeep
|turn|62
|
|t:|1781154477
|switch|p1a: Gliscor|Gliscor, M|63/100 tox
|move|p2a: Skarmory|Iron Head|p1a: Gliscor
|-damage|p1a: Gliscor|49/100 tox
|
|-heal|p1a: Gliscor|61/100 tox|[from] ability: Poison Heal
|-damage|p2a: Skarmory|76/100|[from] item: Sticky Barb
|upkeep
|turn|63
|
|t:|1781154484
|switch|p1a: Toxapex|Toxapex, M|100/100
|move|p2a: Skarmory|Roost|p2a: Skarmory
|-heal|p2a: Skarmory|100/100
|-singleturn|p2a: Skarmory|move: Roost
|
|-damage|p2a: Skarmory|88/100|[from] item: Sticky Barb
|upkeep
|turn|64
|
|t:|1781154488
|switch|p1a: Gliscor|Gliscor, M|61/100 tox
|move|p2a: Skarmory|Iron Head|p1a: Gliscor
|-damage|p1a: Gliscor|48/100 tox
|
|-heal|p1a: Gliscor|60/100 tox|[from] ability: Poison Heal
|-damage|p2a: Skarmory|76/100|[from] item: Sticky Barb
|upkeep
|turn|65
|
|t:|1781154491
|switch|p1a: Toxapex|Toxapex, M|100/100
|move|p2a: Skarmory|Roost|p2a: Skarmory
|-heal|p2a: Skarmory|100/100
|-singleturn|p2a: Skarmory|move: Roost
|
|-damage|p2a: Skarmory|88/100|[from] item: Sticky Barb
|upkeep
|turn|66
|
|t:|1781154495
|switch|p1a: Gliscor|Gliscor, M|60/100 tox
|move|p2a: Skarmory|Iron Head|p1a: Gliscor
|-damage|p1a: Gliscor|47/100 tox
|
|-heal|p1a: Gliscor|60/100 tox|[from] ability: Poison Heal
|-damage|p2a: Skarmory|76/100|[from] item: Sticky Barb
|upkeep
|turn|67
|
|t:|1781154499
|switch|p1a: Toxapex|Toxapex, M|100/100
|move|p2a: Skarmory|Roost|p2a: Skarmory
|-heal|p2a: Skarmory|100/100
|-singleturn|p2a: Skarmory|move: Roost
|
|-damage|p2a: Skarmory|88/100|[from] item: Sticky Barb
|upkeep
|turn|68
|
|t:|1781154512
|switch|p1a: Gliscor|Gliscor, M|60/100 tox
|move|p2a: Skarmory|Iron Head|p1a: Gliscor
|-damage|p1a: Gliscor|45/100 tox
|
|-heal|p1a: Gliscor|58/100 tox|[from] ability: Poison Heal
|-damage|p2a: Skarmory|76/100|[from] item: Sticky Barb
|upkeep
|turn|69
|
|t:|1781154516
|switch|p1a: Toxapex|Toxapex, M|100/100
|move|p2a: Skarmory|Iron Head|p1a: Toxapex
|-resisted|p1a: Toxapex
|-damage|p1a: Toxapex|93/100
|
|-damage|p2a: Skarmory|64/100|[from] item: Sticky Barb
|upkeep
|turn|70
|
|t:|1781154520
|switch|p1a: Gliscor|Gliscor, M|58/100 tox
|move|p2a: Skarmory|Iron Head|p1a: Gliscor
|-damage|p1a: Gliscor|45/100 tox
|
|-heal|p1a: Gliscor|58/100 tox|[from] ability: Poison Heal
|-damage|p2a: Skarmory|51/100|[from] item: Sticky Barb
|upkeep
|turn|71
|
|t:|1781154528
|switch|p1a: Toxapex|Toxapex, M|100/100
|move|p2a: Skarmory|Iron Head|p1a: Toxapex
|-resisted|p1a: Toxapex
|-damage|p1a: Toxapex|93/100
|
|-damage|p2a: Skarmory|39/100|[from] item: Sticky Barb
|upkeep
|turn|72
|
|t:|1781154531
|switch|p1a: Gliscor|Gliscor, M|58/100 tox
|move|p2a: Skarmory|Iron Head|p1a: Gliscor
|-damage|p1a: Gliscor|43/100 tox
|
|-heal|p1a: Gliscor|55/100 tox|[from] ability: Poison Heal
|-damage|p2a: Skarmory|27/100|[from] item: Sticky Barb
|upkeep
|turn|73
|
|t:|1781154537
|switch|p1a: Toxapex|Toxapex, M|100/100
|move|p2a: Skarmory|Iron Head|p1a: Toxapex
|-resisted|p1a: Toxapex
|-damage|p1a: Toxapex|94/100
|
|-damage|p2a: Skarmory|15/100|[from] item: Sticky Barb
|upkeep
|turn|74
|
|t:|1781154541
|switch|p1a: Gliscor|Gliscor, M|55/100 tox
|move|p2a: Skarmory|Iron Head|p1a: Gliscor
|-damage|p1a: Gliscor|42/100 tox
|
|-heal|p1a: Gliscor|54/100 tox|[from] ability: Poison Heal
|-damage|p2a: Skarmory|2/100|[from] item: Sticky Barb
|upkeep
|turn|75
|
|t:|1781154546
|move|p1a: Gliscor|Protect|p1a: Gliscor
|-singleturn|p1a: Gliscor|Protect
|move|p2a: Skarmory|Body Press|p1a: Gliscor
|-activate|p1a: Gliscor|move: Protect
|
|-heal|p1a: Gliscor|67/100 tox|[from] ability: Poison Heal
|-damage|p2a: Skarmory|0 fnt|[from] item: Sticky Barb
|faint|p2a: Skarmory
|upkeep
|
|t:|1781154552
|switch|p2a: Slowking|Slowking, F|100/100
|turn|76
|
|t:|1781154562
|switch|p1a: Komala|Komala, F|83/100
|-ability|p1a: Komala|Comatose
|move|p2a: Slowking|Scald|p1a: Komala
|-damage|p1a: Komala|57/100
|
|upkeep
|turn|77
|
|t:|1781154568
|switch|p2a: Hippowdon|Hippowdon, M|100/100
|-damage|p2a: Hippowdon|75/100|[from] Spikes
|-damage|p2a: Hippowdon|69/100|[from] Stealth Rock
|-weather|Sandstorm|[from] ability: Sand Stream|[of] p2a: Hippowdon
|move|p1a: Komala|Wish|p1a: Komala
|
|-weather|Sandstorm|[upkeep]
|-damage|p1a: Komala|51/100|[from] Sandstorm
|-heal|p2a: Hippowdon|75/100|[from] item: Leftovers
|upkeep
|turn|78
|
|t:|1781154586
|move|p1a: Komala|Protect|p1a: Komala
|-singleturn|p1a: Komala|Protect
|move|p2a: Hippowdon|Whirlwind|p1a: Komala
|drag|p1a: Blissey|Blissey, F|72/100
|
|-weather|Sandstorm|[upkeep]
|-damage|p1a: Blissey|66/100|[from] Sandstorm
|-heal|p1a: Blissey|90/100|[from] move: Wish|[wisher] Komala
|-heal|p2a: Hippowdon|82/100|[from] item: Leftovers
|upkeep
|turn|79
|
|t:|1781154593
|switch|p1a: Gliscor|Gliscor, M|67/100 tox
|move|p2a: Hippowdon|Whirlwind|p1a: Gliscor
|drag|p1a: Blissey|Blissey, F|90/100
|
|-weather|Sandstorm|[upkeep]
|-damage|p1a: Blissey|84/100|[from] Sandstorm
|-heal|p2a: Hippowdon|88/100|[from] item: Leftovers
|upkeep
|turn|80
|
|t:|1781154596
|switch|p1a: Gliscor|Gliscor, M|67/100 tox
|move|p2a: Hippowdon|Whirlwind|p1a: Gliscor
|drag|p1a: Dondozo|Dondozo, M|69/100
|
|-weather|Sandstorm|[upkeep]
|-damage|p1a: Dondozo|63/100|[from] Sandstorm
|-heal|p2a: Hippowdon|94/100|[from] item: Leftovers
|upkeep
|turn|81
|
|t:|1781154610
|switch|p1a: Gliscor|Gliscor, M|67/100 tox
|move|p2a: Hippowdon|Whirlwind|p1a: Gliscor
|drag|p1a: Komala|Komala, F|51/100
|-ability|p1a: Komala|Comatose
|
|-weather|none
|-heal|p2a: Hippowdon|99/100|[from] item: Leftovers
|upkeep
|turn|82
|
|t:|1781154615
|switch|p1a: Gliscor|Gliscor, M|67/100 tox
|move|p2a: Hippowdon|Whirlwind|p1a: Gliscor
|drag|p1a: Blissey|Blissey, F|84/100
|
|-heal|p2a: Hippowdon|100/100|[from] item: Leftovers
|upkeep
|turn|83
|j| Little Cuack
|
|t:|1781154626
|switch|p1a: Gliscor|Gliscor, M|67/100 tox
|move|p2a: Hippowdon|Whirlwind|p1a: Gliscor
|drag|p1a: Blissey|Blissey, F|84/100
|
|upkeep
|turn|84
|
|t:|1781154633
|switch|p1a: Gliscor|Gliscor, M|67/100 tox
|move|p2a: Hippowdon|Whirlwind|p1a: Gliscor
|drag|p1a: Blissey|Blissey, F|84/100
|
|upkeep
|turn|85
|
|t:|1781154645
|switch|p1a: Gliscor|Gliscor, M|67/100 tox
|move|p2a: Hippowdon|Whirlwind|p1a: Gliscor
|drag|p1a: Blissey|Blissey, F|84/100
|
|upkeep
|turn|86
|
|t:|1781154652
|switch|p1a: Gliscor|Gliscor, M|67/100 tox
|move|p2a: Hippowdon|Whirlwind|p1a: Gliscor
|drag|p1a: Blissey|Blissey, F|84/100
|
|upkeep
|turn|87
|
|t:|1781154666
|switch|p1a: Gliscor|Gliscor, M|67/100 tox
|move|p2a: Hippowdon|Whirlwind|p1a: Gliscor
|drag|p1a: Toxapex|Toxapex, M|100/100
|
|upkeep
|turn|88
|
|t:|1781154670
|switch|p1a: Gliscor|Gliscor, M|67/100 tox
|-terastallize|p2a: Hippowdon|Steel
|move|p2a: Hippowdon|Stealth Rock|p1a: Gliscor
|-sidestart|p1: Sashannarcy|move: Stealth Rock
|
|-heal|p1a: Gliscor|79/100 tox|[from] ability: Poison Heal
|upkeep
|turn|89
|
|t:|1781154677
|move|p1a: Gliscor|Knock Off|p2a: Hippowdon
|-damage|p2a: Hippowdon|89/100
|-enditem|p2a: Hippowdon|Leftovers|[from] move: Knock Off|[of] p1a: Gliscor
|move|p2a: Hippowdon|Whirlwind|p1a: Gliscor
|drag|p1a: Komala|Komala, F|51/100
|-ability|p1a: Komala|Comatose
|
|upkeep
|turn|90
|
|t:|1781154692
|move|p1a: Komala|Rapid Spin|p2a: Hippowdon
|-resisted|p2a: Hippowdon
|-damage|p2a: Hippowdon|84/100
|-boost|p1a: Komala|spe|1
|-sideend|p1: Sashannarcy|Spikes|[from] move: Rapid Spin|[of] p1a: Komala
|-sideend|p1: Sashannarcy|Stealth Rock|[from] move: Rapid Spin|[of] p1a: Komala
|move|p2a: Hippowdon|Earthquake|p1a: Komala
|-damage|p1a: Komala|11/100
|
|upkeep
|turn|91
|
|t:|1781154703
|switch|p1a: Gliscor|Gliscor, M|79/100 tox
|move|p2a: Hippowdon|Earthquake|p1a: Gliscor
|-immune|p1a: Gliscor
|
|-heal|p1a: Gliscor|92/100 tox|[from] ability: Poison Heal
|upkeep
|turn|92
|
|t:|1781154708
|move|p1a: Gliscor|Knock Off|p2a: Hippowdon
|-damage|p2a: Hippowdon|76/100
|move|p2a: Hippowdon|Slack Off|p2a: Hippowdon
|-heal|p2a: Hippowdon|100/100
|
|-heal|p1a: Gliscor|100/100 tox|[from] ability: Poison Heal
|upkeep
|turn|93
|
|t:|1781154734
|move|p1a: Gliscor|Knock Off|p2a: Hippowdon
|-damage|p2a: Hippowdon|92/100
|move|p2a: Hippowdon|Stealth Rock|p1a: Gliscor
|-sidestart|p1: Sashannarcy|move: Stealth Rock
|
|upkeep
|turn|94
|
|t:|1781154738
|move|p1a: Gliscor|Knock Off|p2a: Hippowdon
|-damage|p2a: Hippowdon|85/100
|move|p2a: Hippowdon|Slack Off|p2a: Hippowdon
|-heal|p2a: Hippowdon|100/100
|
|upkeep
|turn|95
|
|t:|1781154745
|move|p1a: Gliscor|Knock Off|p2a: Hippowdon
|-damage|p2a: Hippowdon|93/100
|move|p2a: Hippowdon|Slack Off|p2a: Hippowdon
|-heal|p2a: Hippowdon|100/100
|
|upkeep
|turn|96
|
|t:|1781154757
|move|p1a: Gliscor|Knock Off|p2a: Hippowdon
|-damage|p2a: Hippowdon|93/100
|move|p2a: Hippowdon|Slack Off|p2a: Hippowdon
|-heal|p2a: Hippowdon|100/100
|
|upkeep
|turn|97
|
|t:|1781154760
|move|p1a: Gliscor|Toxic|p2a: Hippowdon|[miss]
|-miss|p1a: Gliscor|p2a: Hippowdon
|move|p2a: Hippowdon|Slack Off||[still]
|-fail|p2a: Hippowdon|heal
|
|upkeep
|turn|98
|
|t:|1781154766
|move|p1a: Gliscor|Toxic|p2a: Hippowdon
|-immune|p2a: Hippowdon
|move|p2a: Hippowdon|Slack Off||[still]
|-fail|p2a: Hippowdon|heal
|
|upkeep
|turn|99
|
|t:|1781154777
|move|p1a: Gliscor|Knock Off|p2a: Hippowdon
|-damage|p2a: Hippowdon|93/100
|move|p2a: Hippowdon|Slack Off|p2a: Hippowdon
|-heal|p2a: Hippowdon|100/100
|
|upkeep
|turn|100
|
|t:|1781154782
|move|p1a: Gliscor|Knock Off|p2a: Hippowdon
|-damage|p2a: Hippowdon|93/100
|move|p2a: Hippowdon|Whirlwind|p1a: Gliscor
|drag|p1a: Clefable|Clefable, F|100/100
|
|upkeep
|turn|101
|
|t:|1781154788
|switch|p1a: Gliscor|Gliscor, M|100/100 tox
|-damage|p1a: Gliscor|88/100 tox|[from] Stealth Rock
|move|p2a: Hippowdon|Earthquake|p1a: Gliscor
|-immune|p1a: Gliscor
|
|-heal|p1a: Gliscor|100/100 tox|[from] ability: Poison Heal
|upkeep
|turn|102
|
|t:|1781154791
|move|p1a: Gliscor|Knock Off|p2a: Hippowdon
|-damage|p2a: Hippowdon|85/100
|move|p2a: Hippowdon|Slack Off|p2a: Hippowdon
|-heal|p2a: Hippowdon|100/100
|
|upkeep
|turn|103
|
|t:|1781154803
|move|p1a: Gliscor|Knock Off|p2a: Hippowdon
|-damage|p2a: Hippowdon|93/100
|move|p2a: Hippowdon|Whirlwind|p1a: Gliscor
|drag|p1a: Clefable|Clefable, F|100/100
|
|upkeep
|turn|104
|
|t:|1781154811
|move|p1a: Clefable|Moonblast|p2a: Hippowdon
|-resisted|p2a: Hippowdon
|-damage|p2a: Hippowdon|77/100
|move|p2a: Hippowdon|Earthquake|p1a: Clefable
|-damage|p1a: Clefable|71/100
|
|upkeep
|turn|105
|
|t:|1781154818
|switch|p1a: Gliscor|Gliscor, M|100/100 tox
|-damage|p1a: Gliscor|88/100 tox|[from] Stealth Rock
|move|p2a: Hippowdon|Earthquake|p1a: Gliscor
|-immune|p1a: Gliscor
|
|-heal|p1a: Gliscor|100/100 tox|[from] ability: Poison Heal
|upkeep
|turn|106
|
|t:|1781154821
|move|p1a: Gliscor|Knock Off|p2a: Hippowdon
|-damage|p2a: Hippowdon|70/100
|move|p2a: Hippowdon|Whirlwind|p1a: Gliscor
|drag|p1a: Toxapex|Toxapex, M|100/100
|
|upkeep
|turn|107
|
|t:|1781154826
|switch|p1a: Gliscor|Gliscor, M|100/100 tox
|-damage|p1a: Gliscor|88/100 tox|[from] Stealth Rock
|move|p2a: Hippowdon|Earthquake|p1a: Gliscor
|-immune|p1a: Gliscor
|
|-heal|p1a: Gliscor|100/100 tox|[from] ability: Poison Heal
|upkeep
|turn|108
|l| Little Cuack
|
|t:|1781154830
|move|p1a: Gliscor|Knock Off|p2a: Hippowdon
|-damage|p2a: Hippowdon|62/100
|move|p2a: Hippowdon|Whirlwind|p1a: Gliscor
|drag|p1a: Dondozo|Dondozo, M|63/100
|
|upkeep
|turn|109
|
|t:|1781154837
|switch|p2a: Zapdos|Zapdos|72/100
|move|p1a: Dondozo|Body Press|p2a: Zapdos
|-resisted|p2a: Zapdos
|-damage|p2a: Zapdos|61/100
|
|upkeep
|turn|110
|
|t:|1781154842
|switch|p1a: Gliscor|Gliscor, M|100/100 tox
|-damage|p1a: Gliscor|88/100 tox|[from] Stealth Rock
|move|p2a: Zapdos|Roost|p2a: Zapdos
|-heal|p2a: Zapdos|100/100
|-singleturn|p2a: Zapdos|move: Roost
|
|-heal|p1a: Gliscor|100/100 tox|[from] ability: Poison Heal
|upkeep
|turn|111
|
|t:|1781154859
|switch|p2a: Dragonite|Dragonite, F|63/100 tox
|move|p1a: Gliscor|Knock Off|p2a: Dragonite
|-damage|p2a: Dragonite|39/100 tox
|-enditem|p2a: Dragonite|Heavy-Duty Boots|[from] move: Knock Off|[of] p1a: Gliscor
|
|-damage|p2a: Dragonite|33/100 tox|[from] psn
|upkeep
|turn|112
|
|t:|1781154863
|move|p2a: Dragonite|Roost|p2a: Dragonite
|-heal|p2a: Dragonite|83/100 tox
|-singleturn|p2a: Dragonite|move: Roost
|move|p1a: Gliscor|Knock Off|p2a: Dragonite
|-damage|p2a: Dragonite|68/100 tox
|
|-damage|p2a: Dragonite|56/100 tox|[from] psn
|upkeep
|turn|113
|
|t:|1781154870
|move|p2a: Dragonite|Roost|p2a: Dragonite
|-heal|p2a: Dragonite|100/100 tox
|-singleturn|p2a: Dragonite|move: Roost
|move|p1a: Gliscor|Knock Off|p2a: Dragonite
|-damage|p2a: Dragonite|93/100 tox
|
|-damage|p2a: Dragonite|75/100 tox|[from] psn
|upkeep
|turn|114
|
|t:|1781154886
|move|p2a: Dragonite|Roost|p2a: Dragonite
|-heal|p2a: Dragonite|100/100 tox
|-singleturn|p2a: Dragonite|move: Roost
|move|p1a: Gliscor|Knock Off|p2a: Dragonite
|-damage|p2a: Dragonite|92/100 tox
|
|-damage|p2a: Dragonite|67/100 tox|[from] psn
|upkeep
|turn|115
|
|t:|1781154890
|move|p2a: Dragonite|Roost|p2a: Dragonite
|-heal|p2a: Dragonite|100/100 tox
|-singleturn|p2a: Dragonite|move: Roost
|move|p1a: Gliscor|Knock Off|p2a: Dragonite
|-damage|p2a: Dragonite|92/100 tox
|
|-damage|p2a: Dragonite|61/100 tox|[from] psn
|upkeep
|turn|116
|
|t:|1781154914
|move|p2a: Dragonite|Roost|p2a: Dragonite
|-heal|p2a: Dragonite|100/100 tox
|-singleturn|p2a: Dragonite|move: Roost
|move|p1a: Gliscor|Knock Off|p2a: Dragonite
|-damage|p2a: Dragonite|93/100 tox
|
|-damage|p2a: Dragonite|56/100 tox|[from] psn
|upkeep
|turn|117
|
|t:|1781154919
|move|p2a: Dragonite|Extreme Speed|p1a: Gliscor
|-damage|p1a: Gliscor|83/100 tox
|move|p1a: Gliscor|Knock Off|p2a: Dragonite
|-damage|p2a: Dragonite|41/100 tox
|
|-damage|p2a: Dragonite|0 fnt|[from] psn
|faint|p2a: Dragonite
|-heal|p1a: Gliscor|95/100 tox|[from] ability: Poison Heal
|upkeep
|
|t:|1781154927
|switch|p2a: Primarina|Primarina, F|100/100
|-damage|p2a: Primarina|75/100|[from] Spikes
|-damage|p2a: Primarina|63/100|[from] Stealth Rock
|turn|118
|
|t:|1781154931
|move|p1a: Gliscor|Protect|p1a: Gliscor
|-singleturn|p1a: Gliscor|Protect
|move|p2a: Primarina|Moonblast|p1a: Gliscor
|-activate|p1a: Gliscor|move: Protect
|
|-heal|p1a: Gliscor|100/100 tox|[from] ability: Poison Heal
|upkeep
|turn|119
|
|t:|1781154936
|switch|p1a: Toxapex|Toxapex, M|100/100
|move|p2a: Primarina|Moonblast|p1a: Toxapex
|-resisted|p1a: Toxapex
|-damage|p1a: Toxapex|81/100
|
|upkeep
|turn|120
|
|t:|1781154942
|move|p2a: Primarina|Psychic|p1a: Toxapex
|-supereffective|p1a: Toxapex
|-damage|p1a: Toxapex|27/100
|-unboost|p1a: Toxapex|spd|1
|move|p1a: Toxapex|Toxic|p2a: Primarina
|-status|p2a: Primarina|tox
|
|-damage|p2a: Primarina|57/100 tox|[from] psn
|upkeep
|turn|121
|
|t:|1781154952
|switch|p1a: Blissey|Blissey, F|84/100
|move|p2a: Primarina|Moonblast|p1a: Blissey
|-damage|p1a: Blissey|67/100
|
|-damage|p2a: Primarina|45/100 tox|[from] psn
|upkeep
|turn|122
|
|t:|1781154959
|move|p2a: Primarina|Moonblast|p1a: Blissey
|-damage|p1a: Blissey|51/100
|-unboost|p1a: Blissey|spa|1
|move|p1a: Blissey|Seismic Toss|p2a: Primarina
|-damage|p2a: Primarina|18/100 tox
|
|-damage|p2a: Primarina|0 fnt|[from] psn
|faint|p2a: Primarina
|upkeep
|
|t:|1781154964
|switch|p2a: Hippowdon|Hippowdon, M, tera:Steel|62/100
|-damage|p2a: Hippowdon|37/100|[from] Spikes
|-damage|p2a: Hippowdon|30/100|[from] Stealth Rock
|-weather|Sandstorm|[from] ability: Sand Stream|[of] p2a: Hippowdon
|turn|123
|
|t:|1781154982
|switch|p1a: Gliscor|Gliscor, M|100/100 tox
|-damage|p1a: Gliscor|88/100 tox|[from] Stealth Rock
|move|p2a: Hippowdon|Earthquake|p1a: Gliscor
|-immune|p1a: Gliscor
|
|-weather|Sandstorm|[upkeep]
|-heal|p1a: Gliscor|100/100 tox|[from] ability: Poison Heal
|upkeep
|turn|124
|
|t:|1781154988
|move|p1a: Gliscor|Knock Off|p2a: Hippowdon
|-damage|p2a: Hippowdon|22/100
|move|p2a: Hippowdon|Whirlwind|p1a: Gliscor
|drag|p1a: Toxapex|Toxapex, M|60/100
|
|-weather|Sandstorm|[upkeep]
|-damage|p1a: Toxapex|54/100|[from] Sandstorm
|upkeep
|turn|125
|
|t:|1781155001
|switch|p1a: Komala|Komala, F|11/100
|-ability|p1a: Komala|Comatose
|move|p2a: Hippowdon|Whirlwind|p1a: Komala
|drag|p1a: Clefable|Clefable, F|71/100
|
|-weather|Sandstorm|[upkeep]
|upkeep
|turn|126
|
|t:|1781155006
|move|p1a: Clefable|Moonblast|p2a: Hippowdon
|-resisted|p2a: Hippowdon
|-damage|p2a: Hippowdon|5/100
|move|p2a: Hippowdon|Earthquake|p1a: Clefable
|-damage|p1a: Clefable|43/100
|
|-weather|Sandstorm|[upkeep]
|upkeep
|turn|127
|
|t:|1781155014
|move|p1a: Clefable|Moonblast|p2a: Hippowdon
|-resisted|p2a: Hippowdon
|-damage|p2a: Hippowdon|0 fnt
|faint|p2a: Hippowdon
|
|-weather|none
|upkeep
|
|t:|1781155020
|switch|p2a: Slowking|Slowking, F|100/100
|turn|128
|
|t:|1781155025
|move|p1a: Clefable|Wish|p1a: Clefable
|move|p2a: Slowking|Scald|p1a: Clefable
|-damage|p1a: Clefable|18/100
|
|upkeep
|turn|129
|
|t:|1781155039
|move|p1a: Clefable|Protect|p1a: Clefable
|-singleturn|p1a: Clefable|Protect
|move|p2a: Slowking|Scald|p1a: Clefable
|-activate|p1a: Clefable|move: Protect
|
|-heal|p1a: Clefable|68/100|[from] move: Wish|[wisher] Clefable
|upkeep
|turn|130
|
|t:|1781155041
|move|p1a: Clefable|Wish|p1a: Clefable
|move|p2a: Slowking|Scald|p1a: Clefable
|-crit|p1a: Clefable
|-damage|p1a: Clefable|31/100
|
|upkeep
|turn|131
|
|t:|1781155048
|move|p1a: Clefable|Protect|p1a: Clefable
|-singleturn|p1a: Clefable|Protect
|move|p2a: Slowking|Scald|p1a: Clefable
|-activate|p1a: Clefable|move: Protect
|
|-heal|p1a: Clefable|81/100|[from] move: Wish|[wisher] Clefable
|upkeep
|turn|132
|
|t:|1781155058
|move|p1a: Clefable|Wish|p1a: Clefable
|move|p2a: Slowking|Future Sight|p1a: Clefable
|-start|p2a: Slowking|move: Future Sight
|
|upkeep
|turn|133
|
|t:|1781155065
|-terastallize|p1a: Clefable|Dark
|move|p1a: Clefable|Moonblast|p2a: Slowking
|-damage|p2a: Slowking|82/100
|move|p2a: Slowking|Scald|p1a: Clefable
|-damage|p1a: Clefable|57/100
|-status|p1a: Clefable|brn
|
|-heal|p1a: Clefable|100/100 brn|[from] move: Wish|[wisher] Clefable
|upkeep
|turn|134
|
|t:|1781155076
|move|p1a: Clefable|Moonblast|p2a: Slowking
|-crit|p2a: Slowking
|-damage|p2a: Slowking|52/100
|move|p2a: Slowking|Scald|p1a: Clefable
|-damage|p1a: Clefable|75/100 brn
|
|-end|p1a: Clefable|move: Future Sight
|-immune|p1a: Clefable
|upkeep
|turn|135
|
|t:|1781155083
|move|p1a: Clefable|Moonblast|p2a: Slowking
|-damage|p2a: Slowking|33/100
|-unboost|p2a: Slowking|spa|1
|move|p2a: Slowking|Future Sight|p1a: Clefable
|-start|p2a: Slowking|move: Future Sight
|
|upkeep
|turn|136
|
|t:|1781155094
|move|p1a: Clefable|Moonblast|p2a: Slowking
|-damage|p2a: Slowking|14/100
|move|p2a: Slowking|Slack Off|p2a: Slowking
|-heal|p2a: Slowking|64/100
|
|upkeep
|turn|137
|
|t:|1781155104
|move|p1a: Clefable|Moonblast|p2a: Slowking
|-damage|p2a: Slowking|45/100
|-prepare|p2a: Slowking|Chilly Reception|[premajor]
|move|p2a: Slowking|Chilly Reception|p2a: Slowking
|-weather|Snowscape
|
|t:|1781155111
|switch|p2a: Zapdos|Zapdos|100/100|[from] Chilly Reception
|
|-weather|Snowscape|[upkeep]
|-end|p1a: Clefable|move: Future Sight
|-immune|p1a: Clefable
|upkeep
|turn|138
|
|t:|1781155118
|switch|p2a: Slowking|Slowking, F|79/100
|switch|p1a: Gliscor|Gliscor, M|100/100 tox
|-damage|p1a: Gliscor|88/100 tox|[from] Stealth Rock
|
|-weather|Snowscape|[upkeep]
|-heal|p1a: Gliscor|100/100 tox|[from] ability: Poison Heal
|upkeep
|turn|139
|
|t:|1781155131
|move|p1a: Gliscor|Toxic|p2a: Slowking
|-status|p2a: Slowking|tox
|move|p2a: Slowking|Scald|p1a: Gliscor
|-supereffective|p1a: Gliscor
|-damage|p1a: Gliscor|33/100 tox
|
|-weather|Snowscape|[upkeep]
|-heal|p1a: Gliscor|46/100 tox|[from] ability: Poison Heal
|-damage|p2a: Slowking|73/100 tox|[from] psn
|upkeep
|turn|140
|
|t:|1781155138
|move|p1a: Gliscor|Protect|p1a: Gliscor
|-singleturn|p1a: Gliscor|Protect
|move|p2a: Slowking|Scald|p1a: Gliscor
|-activate|p1a: Gliscor|move: Protect
|
|-weather|Snowscape|[upkeep]
|-heal|p1a: Gliscor|58/100 tox|[from] ability: Poison Heal
|-damage|p2a: Slowking|60/100 tox|[from] psn
|upkeep
|turn|141
|
|t:|1781155142
|switch|p1a: Clefable|Clefable, F, tera:Dark|75/100 brn
|switch|p2a: Zapdos|Zapdos|100/100
|
|-weather|none
|upkeep
|turn|142
|
|t:|1781155152
|switch|p1a: Gliscor|Gliscor, M|58/100 tox
|-damage|p1a: Gliscor|46/100 tox|[from] Stealth Rock
|move|p2a: Zapdos|Heat Wave|p1a: Gliscor
|-damage|p1a: Gliscor|12/100 tox
|
|-heal|p1a: Gliscor|25/100 tox|[from] ability: Poison Heal
|upkeep
|turn|143
|
|t:|1781155157
|move|p1a: Gliscor|Protect|p1a: Gliscor
|-singleturn|p1a: Gliscor|Protect
|move|p2a: Zapdos|Heat Wave|p1a: Gliscor
|-activate|p1a: Gliscor|move: Protect
|
|-heal|p1a: Gliscor|37/100 tox|[from] ability: Poison Heal
|upkeep
|turn|144
|
|t:|1781155163
|switch|p1a: Blissey|Blissey, F|51/100
|move|p2a: Zapdos|Heat Wave|p1a: Blissey
|-damage|p1a: Blissey|44/100
|
|upkeep
|turn|145
|
|t:|1781155167
|move|p2a: Zapdos|Heat Wave|p1a: Blissey
|-damage|p1a: Blissey|37/100
|move|p1a: Blissey|Soft-Boiled|p1a: Blissey
|-heal|p1a: Blissey|87/100
|
|upkeep
|turn|146
|
|t:|1781155177
|move|p2a: Zapdos|Heat Wave|p1a: Blissey
|-damage|p1a: Blissey|78/100
|move|p1a: Blissey|Calm Mind|p1a: Blissey
|-boost|p1a: Blissey|spa|1
|-boost|p1a: Blissey|spd|1
|
|upkeep
|turn|147
|
|t:|1781155183
|move|p2a: Zapdos|Heat Wave|p1a: Blissey|[miss]
|-miss|p2a: Zapdos|p1a: Blissey
|move|p1a: Blissey|Calm Mind|p1a: Blissey
|-boost|p1a: Blissey|spa|1
|-boost|p1a: Blissey|spd|1
|
|upkeep
|turn|148
|
|t:|1781155201
|move|p2a: Zapdos|Volt Switch|p1a: Blissey
|-damage|p1a: Blissey|74/100
|
|t:|1781155206
|switch|p2a: Slowking|Slowking, F|94/100 tox|[from] Volt Switch
|move|p1a: Blissey|Calm Mind|p1a: Blissey
|-boost|p1a: Blissey|spa|1
|-boost|p1a: Blissey|spd|1
|
|-damage|p2a: Slowking|88/100 tox|[from] psn
|upkeep
|turn|149
|
|t:|1781155216
|move|p1a: Blissey|Calm Mind|p1a: Blissey
|-boost|p1a: Blissey|spa|1
|-boost|p1a: Blissey|spd|1
|move|p2a: Slowking|Scald|p1a: Blissey
|-damage|p1a: Blissey|72/100
|
|-damage|p2a: Slowking|75/100 tox|[from] psn
|upkeep
|turn|150
|
|t:|1781155221
|move|p1a: Blissey|Calm Mind|p1a: Blissey
|-boost|p1a: Blissey|spa|1
|-boost|p1a: Blissey|spd|1
|-prepare|p2a: Slowking|Chilly Reception|[premajor]
|move|p2a: Slowking|Chilly Reception|p2a: Slowking
|-weather|Snowscape
|
|t:|1781155224
|switch|p2a: Zapdos|Zapdos|100/100|[from] Chilly Reception
|
|-weather|Snowscape|[upkeep]
|upkeep
|turn|151
|
|t:|1781155232
|move|p2a: Zapdos|Heat Wave|p1a: Blissey
|-damage|p1a: Blissey|69/100
|move|p1a: Blissey|Calm Mind|p1a: Blissey
|-boost|p1a: Blissey|spa|1
|-boost|p1a: Blissey|spd|1
|
|-weather|Snowscape|[upkeep]
|upkeep
|turn|152
|
|t:|1781155238
|move|p2a: Zapdos|Heat Wave|p1a: Blissey
|-damage|p1a: Blissey|67/100
|move|p1a: Blissey|Shadow Ball|p2a: Zapdos
|-damage|p2a: Zapdos|48/100
|
|-weather|Snowscape|[upkeep]
|upkeep
|turn|153
|
|t:|1781155243
|move|p2a: Zapdos|Roost|p2a: Zapdos
|-heal|p2a: Zapdos|98/100
|-singleturn|p2a: Zapdos|move: Roost
|move|p1a: Blissey|Shadow Ball|p2a: Zapdos
|-damage|p2a: Zapdos|42/100
|
|-weather|Snowscape|[upkeep]
|upkeep
|turn|154
|
|t:|1781155246
|move|p2a: Zapdos|Roost|p2a: Zapdos
|-heal|p2a: Zapdos|92/100
|-singleturn|p2a: Zapdos|move: Roost
|move|p1a: Blissey|Shadow Ball|p2a: Zapdos
|-damage|p2a: Zapdos|36/100
|
|-weather|none
|upkeep
|turn|155
|
|t:|1781155263
|move|p2a: Zapdos|Roost|p2a: Zapdos
|-heal|p2a: Zapdos|86/100
|-singleturn|p2a: Zapdos|move: Roost
|move|p1a: Blissey|Shadow Ball|p2a: Zapdos
|-damage|p2a: Zapdos|28/100
|
|upkeep
|turn|156
|
|t:|1781155267
|move|p2a: Zapdos|Heat Wave|p1a: Blissey
|-damage|p1a: Blissey|65/100
|move|p1a: Blissey|Shadow Ball|p2a: Zapdos
|-damage|p2a: Zapdos|0 fnt
|faint|p2a: Zapdos
|
|upkeep
|
|t:|1781155274
|switch|p2a: Slowking|Slowking, F|100/100 tox
|turn|157
|
|t:|1781155289
|move|p1a: Blissey|Shadow Ball|p2a: Slowking
|-supereffective|p2a: Slowking
|-damage|p2a: Slowking|36/100 tox
|-unboost|p2a: Slowking|spd|1
|move|p2a: Slowking|Scald|p1a: Blissey
|-damage|p1a: Blissey|63/100
|
|-damage|p2a: Slowking|29/100 tox|[from] psn
|upkeep
|turn|158
|
|t:|1781155293
|move|p1a: Blissey|Shadow Ball|p2a: Slowking
|-supereffective|p2a: Slowking
|-damage|p2a: Slowking|0 fnt
|faint|p2a: Slowking
|
|win|Sashannarcy
|raw|Sashannarcy's rating: 1509 &rarr; <strong>1535</strong><br />(+26 for winning)
|raw|KurisuChestnutLab's rating: 1613 &rarr; <strong>1587</strong><br />(-26 for losing)
