|j|☆looniertunes
|j|‽Leap Call
|t:|1781480832
|gametype|singles
|player|p1|looniertunes|cynthia|1559
|player|p2|Leap Call|265|1521
|gen|9
|tier|[Gen 9] OU
|rated|
|rule|HP Percentage Mod: HP is shown in percentages
|rule|Endless Battle Clause: Forcing endless battles is banned
|rule|Species Clause: Limit one of each Pokémon
|rule|OHKO Clause: OHKO moves are banned
|rule|Evasion Items Clause: Evasion items are banned
|rule|Evasion Moves Clause: Evasion moves are banned
|rule|Evasion Abilities Clause: Evasion abilities are banned
|rule|Sleep Moves Clause: Sleep-inducing moves are banned
|clearpoke
|poke|p1|Iron Valiant|
|poke|p1|Landorus-Therian, M|
|poke|p1|Heatran, M|
|poke|p1|Primarina, M|
|poke|p1|Sinistcha|
|poke|p1|Corviknight, F|
|poke|p2|Iron Crown|
|poke|p2|Lokix, F|
|poke|p2|Slowking-Galar, M|
|poke|p2|Corviknight, F|
|poke|p2|Raging Bolt|
|poke|p2|Great Tusk|
|teampreview
|inactive|Battle timer is ON: inactive players will automatically lose when time's up. (requested by looniertunes)
|
|t:|1781480852
|teamsize|p1|6
|teamsize|p2|6
|start
|switch|p1a: Heatran|Heatran, M|100/100
|switch|p2a: Great Tusk|Great Tusk|100/100
|turn|1
|
|t:|1781480862
|switch|p1a: Corviknight|Corviknight, F|100/100
|-ability|p1a: Corviknight|Pressure
|move|p2a: Great Tusk|Headlong Rush|p1a: Corviknight
|-immune|p1a: Corviknight
|
|upkeep
|turn|2
|
|t:|1781480887
|-end|p2a: Great Tusk|Protosynthesis|[silent]
|switch|p2a: Raging Bolt|Raging Bolt|100/100
|move|p1a: Corviknight|U-turn|p2a: Raging Bolt
|-damage|p2a: Raging Bolt|87/100
|
|t:|1781480893
|switch|p1a: Heatran|Heatran, M|100/100|[from] U-turn
|
|upkeep
|turn|3
|
|t:|1781480901
|move|p2a: Raging Bolt|Volt Switch|p1a: Heatran
|-damage|p1a: Heatran|57/100
|
|t:|1781480904
|-end|p2a: Raging Bolt|Protosynthesis|[silent]
|switch|p2a: Slowking|Slowking-Galar, M, shiny|100/100|[from] Volt Switch
|move|p1a: Heatran|Magma Storm|p2a: Slowking
|-damage|p2a: Slowking|76/100
|-activate|p2a: Slowking|move: Magma Storm|[of] p1a: Heatran
|
|-heal|p1a: Heatran|64/100|[from] item: Leftovers
|-damage|p2a: Slowking|63/100|[from] move: Magma Storm|[partiallytrapped]
|upkeep
|turn|4
|
|t:|1781480930
|move|p1a: Heatran|Taunt|p2a: Slowking
|-start|p2a: Slowking|move: Taunt
|move|p2a: Slowking|Earthquake|p1a: Heatran
|-supereffective|p1a: Heatran
|-crit|p1a: Heatran
|-damage|p1a: Heatran|0 fnt
|faint|p1a: Heatran
|
|-end|p2a: Slowking|Magma Storm|[partiallytrapped]|[silent]
|upkeep
|c|☆looniertunes|LMAO
|c|☆looniertunes|no way
|inactive|looniertunes has 120 seconds left.
|c|☆looniertunes|had no idea this mf had this
|
|t:|1781480948
|switch|p1a: Landorus|Landorus-Therian, M|100/100
|-ability|p1a: Landorus|Intimidate|boost
|-unboost|p2a: Slowking|atk|1
|turn|5
|
|t:|1781480963
|switch|p2a: Corviknight|Corviknight, F|100/100
|-ability|p2a: Corviknight|Pressure
|move|p1a: Landorus|Stealth Rock|p2a: Corviknight
|-sidestart|p2: Leap Call|move: Stealth Rock
|
|upkeep
|turn|6
|inactive|looniertunes has 120 seconds left.
|
|t:|1781480989
|switch|p1a: Primarina|Primarina, M|100/100
|move|p2a: Corviknight|Defog|p1a: Primarina
|-unboost|p1a: Primarina|evasion|1
|-sideend|p2: Leap Call|Stealth Rock|[from] move: Defog|[of] p2a: Corviknight
|
|upkeep
|turn|7
|
|t:|1781480998
|move|p1a: Primarina|Surf|p2a: Corviknight
|-damage|p2a: Corviknight|32/100
|move|p2a: Corviknight|U-turn|p1a: Primarina
|-resisted|p1a: Primarina
|-damage|p1a: Primarina|90/100
|
|t:|1781481012
|switch|p2a: Lokix|Lokix, F, shiny|100/100|[from] U-turn
|
|upkeep
|turn|8
|inactive|looniertunes has 120 seconds left.
|
|t:|1781481037
|move|p2a: Lokix|U-turn|p1a: Primarina
|-resisted|p1a: Primarina
|-damage|p1a: Primarina|19/100
|
|t:|1781481040
|switch|p2a: Slowking|Slowking-Galar, M, shiny|97/100|[from] U-turn
|move|p1a: Primarina|Surf|p2a: Slowking
|-damage|p2a: Slowking|43/100
|
|upkeep
|turn|9
|inactive|Leap Call has 120 seconds left.
|inactive|Leap Call has 90 seconds left.
|
|t:|1781481104
|-terastallize|p2a: Slowking|Water
|move|p1a: Primarina|Surf|p2a: Slowking
|-resisted|p2a: Slowking
|-damage|p2a: Slowking|19/100
|move|p2a: Slowking|Sludge Bomb|p1a: Primarina
|-supereffective|p1a: Primarina
|-damage|p1a: Primarina|0 fnt
|faint|p1a: Primarina
|
|upkeep
|inactive|looniertunes has 120 seconds left.
|
|t:|1781481125
|switch|p1a: Landorus|Landorus-Therian, M|100/100
|-ability|p1a: Landorus|Intimidate|boost
|-unboost|p2a: Slowking|atk|1
|turn|10
|
|t:|1781481130
|switch|p2a: Corviknight|Corviknight, F|32/100
|-ability|p2a: Corviknight|Pressure
|move|p1a: Landorus|Stone Edge|p2a: Corviknight
|-damage|p2a: Corviknight|8/100
|
|upkeep
|turn|11
|
|t:|1781481134
|move|p1a: Landorus|Stone Edge|p2a: Corviknight
|-damage|p2a: Corviknight|0 fnt
|faint|p2a: Corviknight
|
|upkeep
|
|t:|1781481146
|switch|p2a: Iron Crown|Iron Crown|100/100
|turn|12
|
|t:|1781481148
|move|p2a: Iron Crown|Tachyon Cutter|p1a: Landorus
|-damage|p1a: Landorus|54/100
|-damage|p1a: Landorus|6/100
|-hitcount|p1a: Landorus|2
|move|p1a: Landorus|Earthquake|p2a: Iron Crown
|-supereffective|p2a: Iron Crown
|-crit|p2a: Iron Crown
|-damage|p2a: Iron Crown|0 fnt
|faint|p2a: Iron Crown
|-end|p2a: Iron Crown|Quark Drive|[silent]
|
|upkeep
|inactive|Leap Call has 120 seconds left.
|
|t:|1781481156
|switch|p2a: Lokix|Lokix, F, shiny|100/100
|turn|13
|
|t:|1781481160
|switch|p1a: Corviknight|Corviknight, F|100/100
|-ability|p1a: Corviknight|Pressure
|move|p2a: Lokix|First Impression|p1a: Corviknight
|-resisted|p1a: Corviknight
|-damage|p1a: Corviknight|82/100
|-damage|p2a: Lokix|84/100|[from] item: Rocky Helmet|[of] p1a: Corviknight
|
|upkeep
|turn|14
|
|t:|1781481164
|switch|p2a: Raging Bolt|Raging Bolt|87/100
|move|p1a: Corviknight|U-turn|p2a: Raging Bolt
|-damage|p2a: Raging Bolt|73/100
|
|t:|1781481167
|switch|p1a: Landorus|Landorus-Therian, M|6/100|[from] U-turn
|-ability|p1a: Landorus|Intimidate|boost
|-unboost|p2a: Raging Bolt|atk|1
|
|upkeep
|turn|15
|
|t:|1781481170
|move|p2a: Raging Bolt|Draco Meteor|p1a: Landorus
|-damage|p1a: Landorus|0 fnt
|-unboost|p2a: Raging Bolt|spa|2
|faint|p1a: Landorus
|
|upkeep
|
|t:|1781481174
|switch|p1a: Iron Valiant|Iron Valiant|100/100
|-enditem|p1a: Iron Valiant|Booster Energy
|-activate|p1a: Iron Valiant|ability: Quark Drive|[fromitem]
|-start|p1a: Iron Valiant|quarkdrivespe
|turn|16
|
|t:|1781481177
|-end|p2a: Raging Bolt|Protosynthesis|[silent]
|switch|p2a: Slowking|Slowking-Galar, M, shiny, tera:Water|52/100
|move|p1a: Iron Valiant|Calm Mind|p1a: Iron Valiant
|-boost|p1a: Iron Valiant|spa|1
|-boost|p1a: Iron Valiant|spd|1
|
|upkeep
|turn|17
|
|t:|1781481204
|move|p1a: Iron Valiant|Moonblast|p2a: Slowking
|-damage|p2a: Slowking|17/100
|-unboost|p2a: Slowking|spa|1
|move|p2a: Slowking|Psychic Noise|p1a: Iron Valiant
|-supereffective|p1a: Iron Valiant
|-damage|p1a: Iron Valiant|43/100
|-start|p1a: Iron Valiant|move: Heal Block
|
|upkeep
|turn|18
|
|t:|1781481223
|switch|p2a: Great Tusk|Great Tusk|100/100
|move|p1a: Iron Valiant|Moonblast|p2a: Great Tusk
|-supereffective|p2a: Great Tusk
|-damage|p2a: Great Tusk|0 fnt
|faint|p2a: Great Tusk
|-end|p2a: Great Tusk|Protosynthesis|[silent]
|
|-end|p1a: Iron Valiant|move: Heal Block
|upkeep
|
|t:|1781481227
|switch|p2a: Lokix|Lokix, F, shiny|84/100
|turn|19
|inactive|looniertunes has 120 seconds left.
|
|t:|1781481267
|move|p2a: Lokix|First Impression|p1a: Iron Valiant
|-resisted|p1a: Iron Valiant
|-damage|p1a: Iron Valiant|0 fnt
|faint|p1a: Iron Valiant
|-end|p1a: Iron Valiant|Quark Drive|[silent]
|
|upkeep
|
|t:|1781481270
|switch|p1a: Corviknight|Corviknight, F|82/100
|-ability|p1a: Corviknight|Pressure
|turn|20
|
|t:|1781481276
|switch|p2a: Raging Bolt|Raging Bolt|73/100
|move|p1a: Corviknight|Brave Bird|p2a: Raging Bolt
|-resisted|p2a: Raging Bolt
|-damage|p2a: Raging Bolt|55/100
|-damage|p1a: Corviknight|76/100|[from] Recoil
|
|upkeep
|turn|21
|inactive|looniertunes has 120 seconds left.
|
|t:|1781481320
|move|p2a: Raging Bolt|Volt Switch|p1a: Corviknight
|-supereffective|p1a: Corviknight
|-damage|p1a: Corviknight|0 fnt
|faint|p1a: Corviknight
|inactive|Leap Call has 120 seconds left.
|
|t:|1781481341
|-end|p2a: Raging Bolt|Protosynthesis|[silent]
|switch|p2a: Lokix|Lokix, F, shiny|84/100|[from] Volt Switch
|
|upkeep
|
|t:|1781481344
|switch|p1a: Sinistcha|Sinistcha|100/100
|turn|22
|
|t:|1781481347
|-terastallize|p1a: Sinistcha|Fairy
|move|p2a: Lokix|U-turn|p1a: Sinistcha
|-resisted|p1a: Sinistcha
|-damage|p1a: Sinistcha|66/100
|
|t:|1781481355
|switch|p2a: Slowking|Slowking-Galar, M, shiny, tera:Water|50/100|[from] U-turn
|move|p1a: Sinistcha|Strength Sap|p2a: Slowking
|-unboost|p2a: Slowking|atk|1
|-heal|p1a: Sinistcha|100/100
|
|upkeep
|turn|23
|inactive|looniertunes has 120 seconds left.
|
|t:|1781481372
|move|p1a: Sinistcha|Matcha Gotcha|p2a: Slowking
|-supereffective|p2a: Slowking
|-damage|p2a: Slowking|16/100
|move|p2a: Slowking|Psychic Noise|p1a: Sinistcha
|-damage|p1a: Sinistcha|61/100
|-start|p1a: Sinistcha|move: Heal Block
|
|upkeep
|turn|24
|inactive|looniertunes has 120 seconds left.
|
|t:|1781481381
|switch|p2a: Raging Bolt|Raging Bolt|55/100
|move|p1a: Sinistcha|Shadow Ball|p2a: Raging Bolt
|-damage|p2a: Raging Bolt|24/100
|
|-end|p1a: Sinistcha|move: Heal Block
|upkeep
|turn|25
|inactive|looniertunes has 120 seconds left.
|inactive|looniertunes has 90 seconds left.
|
|t:|1781481437
|move|p2a: Raging Bolt|Volt Switch|p1a: Sinistcha
|-damage|p1a: Sinistcha|12/100
|
|t:|1781481441
|-end|p2a: Raging Bolt|Protosynthesis|[silent]
|switch|p2a: Lokix|Lokix, F, shiny|84/100|[from] Volt Switch
|move|p1a: Sinistcha|Shadow Ball|p2a: Lokix
|-resisted|p2a: Lokix
|-damage|p2a: Lokix|51/100
|
|upkeep
|turn|26
|inactive|looniertunes has 60 seconds left.
|inactive|looniertunes has 30 seconds left.
|
|t:|1781481510
|move|p2a: Lokix|First Impression|p1a: Sinistcha
|-resisted|p1a: Sinistcha
|-damage|p1a: Sinistcha|0 fnt
|faint|p1a: Sinistcha
|
|win|Leap Call
|raw|looniertunes's rating: 1559 &rarr; <strong>1537</strong><br />(-22 for losing)
|raw|Leap Call's rating: 1521 &rarr; <strong>1543</strong><br />(+22 for winning)
|l|☆looniertunes
|player|p1|
