|j|☆InfinityPokeRang3r
|j|☆Alfblu3
|t:|1781479624
|gametype|singles
|player|p1|InfinityPokeRang3r|ingo|1487
|player|p2|Alfblu3|fisherman-gen4|1560
|gen|9
|tier|[Gen 9] OU
|rated|
|rule|HP Percentage Mod: HP is shown in percentages
|rule|Endless Battle Clause: Forcing endless battles is banned
|rule|Species Clause: Limit one of each Pokémon
|rule|OHKO Clause: OHKO moves are banned
|rule|Evasion Items Clause: Evasion items are banned
|rule|Evasion Moves Clause: Evasion moves are banned
|rule|Evasion Abilities Clause: Evasion abilities are banned
|rule|Sleep Moves Clause: Sleep-inducing moves are banned
|clearpoke
|poke|p1|Araquanid, F|
|poke|p1|Ogerpon-Cornerstone, F|
|poke|p1|Iron Treads|
|poke|p1|Pecharunt|
|poke|p1|Latios, M|
|poke|p1|Alcremie, F|
|poke|p2|Weezing-Galar, F|
|poke|p2|Alomomola, M|
|poke|p2|Iron Treads|
|poke|p2|Tornadus-Therian, M|
|poke|p2|Zamazenta-*|
|poke|p2|Lokix, M|
|teampreview
|inactive|Battle timer is ON: inactive players will automatically lose when time's up. (requested by Alfblu3)
|
|t:|1781479639
|teamsize|p1|6
|teamsize|p2|6
|start
|switch|p1a: Pecharunt|Pecharunt|100/100
|switch|p2a: Lokix|Lokix, M|100/100
|turn|1
|
|t:|1781479650
|move|p2a: Lokix|Knock Off|p1a: Pecharunt
|-supereffective|p1a: Pecharunt
|-damage|p1a: Pecharunt|12/100
|-damage|p2a: Lokix|84/100|[from] item: Rocky Helmet|[of] p1a: Pecharunt
|-enditem|p1a: Pecharunt|Rocky Helmet|[from] move: Knock Off|[of] p2a: Lokix
|move|p1a: Pecharunt|Recover|p1a: Pecharunt
|-heal|p1a: Pecharunt|62/100
|
|upkeep
|turn|2
|
|t:|1781479661
|switch|p1a: Iron Treads|Iron Treads|100/100
|move|p2a: Lokix|Knock Off|p1a: Iron Treads
|-damage|p1a: Iron Treads|35/100
|-enditem|p1a: Iron Treads|Assault Vest|[from] move: Knock Off|[of] p2a: Lokix
|
|upkeep
|turn|3
|
|t:|1781479678
|move|p1a: Iron Treads|Iron Head|p2a: Lokix
|-damage|p2a: Lokix|19/100
|move|p2a: Lokix|Knock Off|p1a: Iron Treads
|-damage|p1a: Iron Treads|0 fnt
|faint|p1a: Iron Treads
|-end|p1a: Iron Treads|Quark Drive|[silent]
|
|upkeep
|
|t:|1781479693
|switch|p1a: Ogerpon|Ogerpon-Cornerstone, F|100/100
|turn|4
|
|t:|1781479698
|switch|p2a: Weezing|Weezing-Galar, F|100/100
|-ability|p2a: Weezing|Neutralizing Gas
|move|p1a: Ogerpon|Swords Dance|p1a: Ogerpon
|-boost|p1a: Ogerpon|atk|2
|
|upkeep
|turn|5
|
|t:|1781479704
|move|p1a: Ogerpon|Ivy Cudgel|p2a: Weezing|[anim] Ivy Cudgel Rock
|-damage|p2a: Weezing|18/100
|move|p2a: Weezing|Will-O-Wisp|p1a: Ogerpon
|-status|p1a: Ogerpon|brn
|
|-heal|p2a: Weezing|24/100|[from] item: Leftovers
|-damage|p1a: Ogerpon|95/100 brn|[from] brn
|upkeep
|turn|6
|
|t:|1781479725
|move|p2a: Weezing|Protect|p2a: Weezing
|-singleturn|p2a: Weezing|Protect
|move|p1a: Ogerpon|Ivy Cudgel|p2a: Weezing|[anim] Ivy Cudgel Rock
|-activate|p2a: Weezing|move: Protect
|
|-heal|p2a: Weezing|30/100|[from] item: Leftovers
|-damage|p1a: Ogerpon|89/100 brn|[from] brn
|upkeep
|turn|7
|
|t:|1781479730
|move|p1a: Ogerpon|Horn Leech|p2a: Weezing
|-resisted|p2a: Weezing
|-damage|p2a: Weezing|16/100
|-heal|p1a: Ogerpon|97/100 brn|[from] drain|[of] p2a: Weezing
|move|p2a: Weezing|Will-O-Wisp|p1a: Ogerpon|[miss]
|-miss|p2a: Weezing|p1a: Ogerpon
|
|-heal|p2a: Weezing|22/100|[from] item: Leftovers
|-damage|p1a: Ogerpon|91/100 brn|[from] brn
|upkeep
|turn|8
|
|t:|1781479740
|move|p2a: Weezing|Protect|p2a: Weezing
|-singleturn|p2a: Weezing|Protect
|move|p1a: Ogerpon|Ivy Cudgel|p2a: Weezing|[anim] Ivy Cudgel Rock
|-activate|p2a: Weezing|move: Protect
|
|-heal|p2a: Weezing|28/100|[from] item: Leftovers
|-damage|p1a: Ogerpon|85/100 brn|[from] brn
|upkeep
|turn|9
|
|t:|1781479751
|move|p2a: Weezing|Protect||[still]
|-fail|p2a: Weezing
|move|p1a: Ogerpon|Knock Off|p2a: Weezing
|-resisted|p2a: Weezing
|-damage|p2a: Weezing|15/100
|-enditem|p2a: Weezing|Leftovers|[from] move: Knock Off|[of] p1a: Ogerpon
|
|-damage|p1a: Ogerpon|79/100 brn|[from] brn
|upkeep
|turn|10
|
|t:|1781479755
|move|p1a: Ogerpon|Swords Dance|p1a: Ogerpon
|-boost|p1a: Ogerpon|atk|2
|move|p2a: Weezing|Defog|p1a: Ogerpon
|-unboost|p1a: Ogerpon|evasion|1
|
|-damage|p1a: Ogerpon|73/100 brn|[from] brn
|upkeep
|turn|11
|
|t:|1781479760
|move|p2a: Weezing|Protect|p2a: Weezing
|-singleturn|p2a: Weezing|Protect
|move|p1a: Ogerpon|Ivy Cudgel|p2a: Weezing|[anim] Ivy Cudgel Rock
|-activate|p2a: Weezing|move: Protect
|
|-damage|p1a: Ogerpon|67/100 brn|[from] brn
|upkeep
|turn|12
|
|t:|1781479772
|move|p1a: Ogerpon|Ivy Cudgel|p2a: Weezing|[anim] Ivy Cudgel Rock
|-damage|p2a: Weezing|0 fnt
|faint|p2a: Weezing
|-end|p2a: Weezing|ability: Neutralizing Gas
|
|-damage|p1a: Ogerpon|61/100 brn|[from] brn
|upkeep
|
|t:|1781479774
|switch|p2a: Zamazenta|Zamazenta|100/100
|-ability|p2a: Zamazenta|Dauntless Shield|boost
|-boost|p2a: Zamazenta|def|1
|turn|13
|
|t:|1781479780
|move|p2a: Zamazenta|Close Combat|p1a: Ogerpon
|-supereffective|p1a: Ogerpon
|-damage|p1a: Ogerpon|0 fnt
|-unboost|p2a: Zamazenta|def|1
|-unboost|p2a: Zamazenta|spd|1
|faint|p1a: Ogerpon
|
|upkeep
|
|t:|1781479783
|switch|p1a: Pecharunt|Pecharunt|62/100
|turn|14
|
|t:|1781479789
|switch|p2a: Iron Treads|Iron Treads|100/100
|move|p1a: Pecharunt|Parting Shot|p2a: Iron Treads
|-unboost|p2a: Iron Treads|atk|1
|-unboost|p2a: Iron Treads|spa|1
|
|t:|1781479794
|switch|p1a: Araquanid|Araquanid, F|100/100|[from] Parting Shot
|
|upkeep
|turn|15
|
|t:|1781479800
|move|p2a: Iron Treads|Stealth Rock|p1a: Araquanid
|-sidestart|p1: InfinityPokeRang3r|move: Stealth Rock
|move|p1a: Araquanid|Liquidation|p2a: Iron Treads
|-supereffective|p2a: Iron Treads
|-damage|p2a: Iron Treads|0 fnt
|faint|p2a: Iron Treads
|-end|p2a: Iron Treads|Quark Drive|[silent]
|
|upkeep
|
|t:|1781479803
|switch|p2a: Zamazenta|Zamazenta|100/100
|turn|16
|-activate|p1a: Araquanid|item: Quick Claw
|
|t:|1781479807
|move|p1a: Araquanid|Lunge|p2a: Zamazenta
|-resisted|p2a: Zamazenta
|-damage|p2a: Zamazenta|85/100
|-unboost|p2a: Zamazenta|atk|1
|move|p2a: Zamazenta|Stone Edge|p1a: Araquanid
|-supereffective|p1a: Araquanid
|-crit|p1a: Araquanid
|-damage|p1a: Araquanid|0 fnt
|faint|p1a: Araquanid
|
|upkeep
|
|t:|1781479817
|switch|p1a: Alcremie|Alcremie, F|100/100
|-damage|p1a: Alcremie|88/100|[from] Stealth Rock
|turn|17
|
|t:|1781479827
|switch|p2a: Alomomola|Alomomola, M|100/100
|move|p1a: Alcremie|Acid Armor|p1a: Alcremie
|-boost|p1a: Alcremie|def|2
|
|upkeep
|turn|18
|
|t:|1781479830
|move|p1a: Alcremie|Calm Mind|p1a: Alcremie
|-boost|p1a: Alcremie|spa|1
|-boost|p1a: Alcremie|spd|1
|move|p2a: Alomomola|Tickle|p1a: Alcremie
|-unboost|p1a: Alcremie|atk|1
|-unboost|p1a: Alcremie|def|1
|
|upkeep
|turn|19
|
|t:|1781479838
|move|p1a: Alcremie|Acid Armor|p1a: Alcremie
|-boost|p1a: Alcremie|def|2
|move|p2a: Alomomola|Tickle|p1a: Alcremie
|-unboost|p1a: Alcremie|atk|1
|-unboost|p1a: Alcremie|def|1
|
|upkeep
|turn|20
|
|t:|1781479846
|move|p1a: Alcremie|Acid Armor|p1a: Alcremie
|-boost|p1a: Alcremie|def|2
|move|p2a: Alomomola|Tickle|p1a: Alcremie
|-unboost|p1a: Alcremie|atk|1
|-unboost|p1a: Alcremie|def|1
|
|upkeep
|turn|21
|
|t:|1781479849
|move|p1a: Alcremie|Acid Armor|p1a: Alcremie
|-boost|p1a: Alcremie|def|2
|move|p2a: Alomomola|Flip Turn|p1a: Alcremie
|-damage|p1a: Alcremie|83/100
|
|t:|1781479851
|switch|p2a: Tornadus|Tornadus-Therian, M|100/100|[from] Flip Turn
|
|upkeep
|turn|22
|
|t:|1781479856
|move|p2a: Tornadus|Bleakwind Storm|p1a: Alcremie|[miss]
|-miss|p2a: Tornadus|p1a: Alcremie
|move|p1a: Alcremie|Stored Power|p2a: Tornadus
|-damage|p2a: Tornadus|54/100
|
|upkeep
|turn|23
|
|t:|1781479859
|move|p2a: Tornadus|Knock Off|p1a: Alcremie
|-resisted|p1a: Alcremie
|-damage|p1a: Alcremie|80/100
|-enditem|p1a: Alcremie|Weakness Policy|[from] move: Knock Off|[of] p2a: Tornadus
|move|p1a: Alcremie|Draining Kiss|p2a: Tornadus
|-damage|p2a: Tornadus|34/100
|-heal|p1a: Alcremie|96/100|[from] drain|[of] p2a: Tornadus
|
|upkeep
|turn|24
|-message|Alfblu3 forfeited.
|
|win|InfinityPokeRang3r
|raw|InfinityPokeRang3r's rating: 1487 &rarr; <strong>1511</strong><br />(+24 for winning)
|raw|Alfblu3's rating: 1560 &rarr; <strong>1536</strong><br />(-24 for losing)
|l|☆Alfblu3
|player|p2|
|l|☆InfinityPokeRang3r
|player|p1|
