|j|☆tuanquewang
|j|☆Kloakris
|t:|1780912878
|gametype|singles
|player|p1|tuanquewang|backersf|1643
|player|p2|Kloakris|102|1606
|gen|9
|tier|[Gen 9] OU
|rated|
|rule|HP Percentage Mod: HP is shown in percentages
|rule|Endless Battle Clause: Forcing endless battles is banned
|rule|Species Clause: Limit one of each Pokémon
|rule|OHKO Clause: OHKO moves are banned
|rule|Evasion Items Clause: Evasion items are banned
|rule|Evasion Moves Clause: Evasion moves are banned
|rule|Evasion Abilities Clause: Evasion abilities are banned
|rule|Sleep Moves Clause: Sleep-inducing moves are banned
|clearpoke
|poke|p1|Slowking-Galar, M|
|poke|p1|Hydrapple, F|
|poke|p1|Cinderace, M|
|poke|p1|Alomomola, F|
|poke|p1|Mamoswine, M|
|poke|p1|Iron Crown|
|poke|p2|Ribombee, M|
|poke|p2|Gholdengo|
|poke|p2|Great Tusk|
|poke|p2|Raging Bolt|
|poke|p2|Ogerpon-Cornerstone, F|
|poke|p2|Ceruledge, M|
|teampreview
|inactive|Battle timer is ON: inactive players will automatically lose when time's up. (requested by tuanquewang)
|
|t:|1780912881
|teamsize|p1|6
|teamsize|p2|6
|start
|switch|p1a: Iron Crown|Iron Crown|100/100
|switch|p2a: TORE UP|Ceruledge, M, shiny|100/100
|turn|1
|
|t:|1780912886
|move|p1a: Iron Crown|Volt Switch|p2a: TORE UP
|-damage|p2a: TORE UP|68/100
|
|t:|1780912888
|-end|p1a: Iron Crown|Quark Drive|[silent]
|switch|p1a: Hydrapple|Hydrapple, F, shiny|100/100|[from] Volt Switch
|move|p2a: TORE UP|Bitter Blade|p1a: Hydrapple
|-damage|p1a: Hydrapple|59/100
|-heal|p2a: TORE UP|98/100|[from] drain|[of] p1a: Hydrapple
|
|upkeep
|turn|2
|
|t:|1780912897
|switch|p1a: Alomomola|Alomomola, F|100/100
|move|p2a: TORE UP|Bitter Blade|p1a: Alomomola
|-resisted|p1a: Alomomola
|-damage|p1a: Alomomola|87/100
|-heal|p2a: TORE UP|100/100|[from] drain|[of] p1a: Alomomola
|
|-heal|p1a: Alomomola|93/100|[from] item: Leftovers
|upkeep
|turn|3
|
|t:|1780912905
|move|p2a: TORE UP|Swords Dance|p2a: TORE UP
|-boost|p2a: TORE UP|atk|2
|move|p1a: Alomomola|Flip Turn|p2a: TORE UP
|-supereffective|p2a: TORE UP
|-damage|p2a: TORE UP|51/100
|-ability|p2a: TORE UP|Weak Armor|boost
|-unboost|p2a: TORE UP|def|1
|-boost|p2a: TORE UP|spe|2
|
|t:|1780912912
|switch|p1a: Cinderace|Cinderace, M|100/100|[from] Flip Turn
|
|upkeep
|turn|4
|
|t:|1780912934
|-terastallize|p2a: TORE UP|Fighting
|move|p2a: TORE UP|Close Combat|p1a: Cinderace
|-damage|p1a: Cinderace|0 fnt
|-unboost|p2a: TORE UP|def|1
|-unboost|p2a: TORE UP|spd|1
|faint|p1a: Cinderace
|
|upkeep
|
|t:|1780912940
|switch|p1a: Mamoswine|Mamoswine, M|100/100
|turn|5
|
|t:|1780912942
|move|p1a: Mamoswine|Ice Shard|p2a: TORE UP
|-damage|p2a: TORE UP|0 fnt
|faint|p2a: TORE UP
|
|upkeep
|j| hasumireia
|l| hasumireia
|j| Puyu paz
|inactive|Kloakris has 120 seconds left.
|
|t:|1780912983
|switch|p2a: KRYPTONITE|Gholdengo, shiny|100/100
|-item|p2a: KRYPTONITE|Air Balloon
|turn|6
|
|t:|1780912992
|switch|p1a: Slowking|Slowking-Galar, M|100/100
|move|p2a: KRYPTONITE|Nasty Plot|p2a: KRYPTONITE
|-boost|p2a: KRYPTONITE|spa|2
|
|upkeep
|turn|7
|
|t:|1780912997
|move|p2a: KRYPTONITE|Shadow Ball|p1a: Slowking
|-supereffective|p1a: Slowking
|-damage|p1a: Slowking|0 fnt
|faint|p1a: Slowking
|
|upkeep
|
|t:|1780913002
|switch|p1a: Iron Crown|Iron Crown|100/100
|turn|8
|
|t:|1780913005
|move|p1a: Iron Crown|Volt Switch|p2a: KRYPTONITE
|-damage|p2a: KRYPTONITE|71/100
|-enditem|p2a: KRYPTONITE|Air Balloon
|
|t:|1780913006
|-end|p1a: Iron Crown|Quark Drive|[silent]
|switch|p1a: Alomomola|Alomomola, F|100/100|[from] Volt Switch
|move|p2a: KRYPTONITE|Shadow Ball|p1a: Alomomola
|-damage|p1a: Alomomola|0 fnt
|faint|p1a: Alomomola
|
|upkeep
|
|t:|1780913011
|switch|p1a: Hydrapple|Hydrapple, F, shiny|93/100
|turn|9
|
|t:|1780913017
|move|p2a: KRYPTONITE|Shadow Ball|p1a: Hydrapple
|-damage|p1a: Hydrapple|0 fnt
|faint|p1a: Hydrapple
|
|upkeep
|
|t:|1780913019
|switch|p1a: Iron Crown|Iron Crown|100/100
|turn|10
|
|t:|1780913024
|-terastallize|p1a: Iron Crown|Steel
|move|p1a: Iron Crown|Tachyon Cutter|p2a: KRYPTONITE
|-resisted|p2a: KRYPTONITE
|-damage|p2a: KRYPTONITE|52/100
|-resisted|p2a: KRYPTONITE
|-damage|p2a: KRYPTONITE|31/100
|-hitcount|p2a: KRYPTONITE|2
|move|p2a: KRYPTONITE|Shadow Ball|p1a: Iron Crown
|-damage|p1a: Iron Crown|6/100
|
|upkeep
|turn|11
|
|t:|1780913028
|move|p1a: Iron Crown|Tachyon Cutter|p2a: KRYPTONITE
|-resisted|p2a: KRYPTONITE
|-damage|p2a: KRYPTONITE|11/100
|-resisted|p2a: KRYPTONITE
|-damage|p2a: KRYPTONITE|0 fnt
|faint|p2a: KRYPTONITE
|-hitcount|p2: KRYPTONITE|2
|
|upkeep
|-message|tuanquewang forfeited.
|
|win|Kloakris
|raw|tuanquewang's rating: 1643 &rarr; <strong>1621</strong><br />(-22 for losing)
|raw|Kloakris's rating: 1606 &rarr; <strong>1628</strong><br />(+22 for winning)
|l|☆tuanquewang
|player|p1|
|l| Puyu paz
|l|☆Kloakris
|player|p2|
