|j|☆funnygames(1997)
|j|☆levijoseph
|t:|1781276920
|gametype|singles
|player|p1|funnygames(1997)|266|1494
|player|p2|levijoseph|101|1538
|gen|9
|tier|[Gen 9] OU
|rated|
|rule|HP Percentage Mod: HP is shown in percentages
|rule|Endless Battle Clause: Forcing endless battles is banned
|rule|Species Clause: Limit one of each Pokémon
|rule|OHKO Clause: OHKO moves are banned
|rule|Evasion Items Clause: Evasion items are banned
|rule|Evasion Moves Clause: Evasion moves are banned
|rule|Evasion Abilities Clause: Evasion abilities are banned
|rule|Sleep Moves Clause: Sleep-inducing moves are banned
|clearpoke
|poke|p1|Arcanine-Hisui, M|
|poke|p1|Darkrai|
|poke|p1|Great Tusk|
|poke|p1|Hatterene, F|
|poke|p1|Ogerpon-Wellspring, F|
|poke|p1|Zapdos|
|poke|p2|Sableye, F|
|poke|p2|Serperior, M|
|poke|p2|Suicune|
|poke|p2|Smeargle, F|
|poke|p2|Clefable, M|
|poke|p2|Quaquaval, F|
|teampreview
|inactive|Battle timer is ON: inactive players will automatically lose when time's up. (requested by levijoseph)
|
|t:|1781276935
|teamsize|p1|6
|teamsize|p2|6
|start
|switch|p1a: Great Tusk|Great Tusk|100/100
|switch|p2a: Smeargle|Smeargle, F|100/100
|turn|1
|
|t:|1781276938
|move|p1a: Great Tusk|Rapid Spin|p2a: Smeargle
|-damage|p2a: Smeargle|60/100
|-boost|p1a: Great Tusk|spe|1
|move|p2a: Smeargle|Stealth Rock|p1a: Great Tusk
|-sidestart|p1: funnygames(1997)|move: Stealth Rock
|
|upkeep
|turn|2
|
|t:|1781276943
|move|p2a: Smeargle|Burning Bulwark|p2a: Smeargle
|-singleturn|p2a: Smeargle|move: Protect
|move|p1a: Great Tusk|Rapid Spin|p2a: Smeargle
|-activate|p2a: Smeargle|move: Protect
|-status|p1a: Great Tusk|brn
|
|-damage|p1a: Great Tusk|94/100 brn|[from] brn
|upkeep
|turn|3
|
|t:|1781276946
|switch|p2a: Sableye|Sableye, F|100/100
|move|p1a: Great Tusk|Stealth Rock|p2a: Sableye
|-sidestart|p2: levijoseph|move: Stealth Rock
|
|-damage|p1a: Great Tusk|88/100 brn|[from] brn
|upkeep
|turn|4
|
|t:|1781276951
|-end|p1a: Great Tusk|Protosynthesis|[silent]
|switch|p1a: Hatterene|Hatterene, F|100/100
|-damage|p1a: Hatterene|88/100|[from] Stealth Rock
|move|p2a: Sableye|Encore|p1a: Hatterene
|move|p1a: Hatterene|Encore||[from] ability: Magic Bounce|[still]
|-fail|p1a: Hatterene
|
|upkeep
|turn|5
|
|t:|1781276958
|switch|p2a: Smeargle|Smeargle, F|60/100
|-damage|p2a: Smeargle|48/100|[from] Stealth Rock
|move|p1a: Hatterene|Nuzzle|p2a: Smeargle
|-damage|p2a: Smeargle|39/100
|-status|p2a: Smeargle|par
|
|upkeep
|turn|6
|
|t:|1781276961
|switch|p1a: Great Tusk|Great Tusk|88/100 brn
|-damage|p1a: Great Tusk|85/100 brn|[from] Stealth Rock
|move|p2a: Smeargle|Rapid Spin|p1a: Great Tusk
|-damage|p1a: Great Tusk|79/100 brn
|-boost|p2a: Smeargle|spe|1
|-damage|p2a: Smeargle|22/100 par|[from] item: Rocky Helmet|[of] p1a: Great Tusk
|-sideend|p2: levijoseph|Stealth Rock|[from] move: Rapid Spin|[of] p2a: Smeargle
|
|-damage|p1a: Great Tusk|72/100 brn|[from] brn
|upkeep
|turn|7
|
|t:|1781276969
|switch|p2a: Sableye|Sableye, F|100/100
|move|p1a: Great Tusk|Stealth Rock|p2a: Sableye
|-sidestart|p2: levijoseph|move: Stealth Rock
|
|-damage|p1a: Great Tusk|66/100 brn|[from] brn
|upkeep
|turn|8
|
|t:|1781276971
|-end|p1a: Great Tusk|Protosynthesis|[silent]
|switch|p1a: Hatterene|Hatterene, F|88/100
|-damage|p1a: Hatterene|76/100|[from] Stealth Rock
|move|p2a: Sableye|Knock Off|p1a: Hatterene
|-damage|p1a: Hatterene|48/100
|-enditem|p1a: Hatterene|Assault Vest|[from] move: Knock Off|[of] p2a: Sableye
|
|upkeep
|turn|9
|
|t:|1781276979
|switch|p2a: Smeargle|Smeargle, F|22/100 par
|-damage|p2a: Smeargle|10/100 par|[from] Stealth Rock
|move|p1a: Hatterene|Draining Kiss|p2a: Smeargle
|-damage|p2a: Smeargle|0 fnt
|-heal|p1a: Hatterene|56/100|[from] drain|[of] p2a: Smeargle
|faint|p2a: Smeargle
|
|upkeep
|
|t:|1781276983
|switch|p2a: Suicune|Suicune|100/100
|-damage|p2a: Suicune|88/100|[from] Stealth Rock
|-ability|p2a: Suicune|Pressure
|turn|10
|
|t:|1781276987
|move|p2a: Suicune|Substitute|p2a: Suicune
|-start|p2a: Suicune|Substitute
|-damage|p2a: Suicune|63/100
|move|p1a: Hatterene|Draining Kiss|p2a: Suicune
|-activate|p2a: Suicune|move: Substitute|[damage]
|-heal|p1a: Hatterene|73/100|[from] drain|[of] p2a: Suicune
|
|-heal|p2a: Suicune|69/100|[from] item: Leftovers
|upkeep
|turn|11
|
|t:|1781276990
|move|p2a: Suicune|Calm Mind|p2a: Suicune
|-boost|p2a: Suicune|spa|1
|-boost|p2a: Suicune|spd|1
|move|p1a: Hatterene|Draining Kiss|p2a: Suicune
|-end|p2a: Suicune|Substitute
|-heal|p1a: Hatterene|79/100|[from] drain|[of] p2a: Suicune
|
|-heal|p2a: Suicune|75/100|[from] item: Leftovers
|upkeep
|turn|12
|
|t:|1781276994
|move|p2a: Suicune|Scald|p1a: Hatterene
|-damage|p1a: Hatterene|45/100
|-status|p1a: Hatterene|brn
|move|p1a: Hatterene|Psyshock|p2a: Suicune
|-damage|p2a: Suicune|50/100
|
|-heal|p2a: Suicune|56/100|[from] item: Leftovers
|-damage|p1a: Hatterene|39/100 brn|[from] brn
|upkeep
|turn|13
|
|t:|1781276998
|move|p2a: Suicune|Protect|p2a: Suicune
|-singleturn|p2a: Suicune|Protect
|move|p1a: Hatterene|Draining Kiss|p2a: Suicune
|-activate|p2a: Suicune|move: Protect
|
|-heal|p2a: Suicune|62/100|[from] item: Leftovers
|-damage|p1a: Hatterene|33/100 brn|[from] brn
|upkeep
|turn|14
|
|t:|1781277002
|move|p2a: Suicune|Scald|p1a: Hatterene
|-damage|p1a: Hatterene|0 fnt
|faint|p1a: Hatterene
|
|-heal|p2a: Suicune|68/100|[from] item: Leftovers
|upkeep
|
|t:|1781277009
|switch|p1a: Ogerpon|Ogerpon-Wellspring, F|100/100
|-damage|p1a: Ogerpon|88/100|[from] Stealth Rock
|turn|15
|
|t:|1781277020
|switch|p1a: Zapdos|Zapdos|100/100
|move|p2a: Suicune|Protect||[still]
|-fail|p2a: Suicune
|
|-heal|p2a: Suicune|74/100|[from] item: Leftovers
|upkeep
|turn|16
|
|t:|1781277028
|move|p2a: Suicune|Protect|p2a: Suicune
|-singleturn|p2a: Suicune|Protect
|move|p1a: Zapdos|Volt Switch|p2a: Suicune
|-activate|p2a: Suicune|move: Protect
|
|-heal|p2a: Suicune|80/100|[from] item: Leftovers
|upkeep
|turn|17
|
|t:|1781277032
|switch|p2a: Serperior|Serperior, M|100/100
|-damage|p2a: Serperior|88/100|[from] Stealth Rock
|move|p1a: Zapdos|Volt Switch|p2a: Serperior
|-resisted|p2a: Serperior
|-damage|p2a: Serperior|75/100
|
|t:|1781277046
|switch|p1a: Darkrai|Darkrai|100/100|[from] Volt Switch
|-damage|p1a: Darkrai|88/100|[from] Stealth Rock
|
|-heal|p2a: Serperior|81/100|[from] item: Leftovers
|upkeep
|turn|18
|
|t:|1781277049
|move|p1a: Darkrai|Sludge Bomb|p2a: Serperior
|-supereffective|p2a: Serperior
|-damage|p2a: Serperior|14/100
|-status|p2a: Serperior|psn
|move|p2a: Serperior|Glare|p1a: Darkrai
|-status|p1a: Darkrai|par
|
|-heal|p2a: Serperior|20/100 psn|[from] item: Leftovers
|-damage|p2a: Serperior|8/100 psn|[from] psn
|upkeep
|turn|19
|
|t:|1781277055
|switch|p1a: Zapdos|Zapdos|100/100
|move|p2a: Serperior|Leech Seed|p1a: Zapdos
|-start|p1a: Zapdos|move: Leech Seed
|
|-heal|p2a: Serperior|14/100 psn|[from] item: Leftovers
|-damage|p1a: Zapdos|88/100|[from] Leech Seed|[of] p2a: Serperior
|-heal|p2a: Serperior|27/100 psn|[silent]
|-damage|p2a: Serperior|15/100 psn|[from] psn
|upkeep
|turn|20
|
|t:|1781277060
|switch|p1a: Darkrai|Darkrai|88/100 par
|-damage|p1a: Darkrai|76/100 par|[from] Stealth Rock
|move|p2a: Serperior|Leaf Storm|p1a: Darkrai
|-damage|p1a: Darkrai|25/100 par
|-boost|p2a: Serperior|spa|2
|
|-heal|p2a: Serperior|21/100 psn|[from] item: Leftovers
|-damage|p2a: Serperior|9/100 psn|[from] psn
|upkeep
|turn|21
|
|t:|1781277063
|move|p2a: Serperior|Leaf Storm|p1a: Darkrai|[miss]
|-miss|p2a: Serperior|p1a: Darkrai
|move|p1a: Darkrai|Sludge Bomb|p2a: Serperior
|-supereffective|p2a: Serperior
|-damage|p2a: Serperior|0 fnt
|faint|p2a: Serperior
|
|upkeep
|
|t:|1781277065
|switch|p2a: Quaquaval|Quaquaval, F|100/100
|-damage|p2a: Quaquaval|94/100|[from] Stealth Rock
|turn|22
|
|t:|1781277070
|switch|p1a: Ogerpon|Ogerpon-Wellspring, F|88/100
|-damage|p1a: Ogerpon|76/100|[from] Stealth Rock
|move|p2a: Quaquaval|Aqua Step|p1a: Ogerpon
|-heal|p1a: Ogerpon|100/100|[from] ability: Water Absorb|[of] p2a: Quaquaval
|
|-heal|p2a: Quaquaval|100/100|[from] item: Leftovers
|upkeep
|turn|23
|
|t:|1781277074
|move|p1a: Ogerpon|Encore|p2a: Quaquaval
|-start|p2a: Quaquaval|Encore
|move|p2a: Quaquaval|Aqua Step|p1a: Ogerpon
|-immune|p1a: Ogerpon|[from] ability: Water Absorb
|
|upkeep
|turn|24
|
|t:|1781277077
|switch|p2a: Sableye|Sableye, F|100/100
|-damage|p2a: Sableye|88/100|[from] Stealth Rock
|move|p1a: Ogerpon|Swords Dance|p1a: Ogerpon
|-boost|p1a: Ogerpon|atk|2
|
|-heal|p2a: Sableye|94/100|[from] item: Leftovers
|upkeep
|turn|25
|
|t:|1781277079
|move|p2a: Sableye|Encore|p1a: Ogerpon
|-start|p1a: Ogerpon|Encore
|move|p1a: Ogerpon|Swords Dance|p1a: Ogerpon
|-boost|p1a: Ogerpon|atk|2
|
|-heal|p2a: Sableye|100/100|[from] item: Leftovers
|upkeep
|turn|26
|
|t:|1781277086
|switch|p1a: Arcanine|Arcanine-Hisui, M|100/100
|-damage|p1a: Arcanine|76/100|[from] Stealth Rock
|move|p2a: Sableye|Knock Off|p1a: Arcanine
|-damage|p1a: Arcanine|41/100
|-enditem|p1a: Arcanine|Choice Band|[from] move: Knock Off|[of] p2a: Sableye
|
|upkeep
|turn|27
|
|t:|1781277093
|move|p1a: Arcanine|Head Smash|p2a: Sableye
|-damage|p2a: Sableye|0 fnt
|faint|p2a: Sableye
|
|upkeep
|
|t:|1781277096
|switch|p2a: Quaquaval|Quaquaval, F|100/100
|-damage|p2a: Quaquaval|94/100|[from] Stealth Rock
|turn|28
|
|t:|1781277103
|switch|p1a: Great Tusk|Great Tusk|66/100 brn
|-damage|p1a: Great Tusk|63/100 brn|[from] Stealth Rock
|move|p2a: Quaquaval|Close Combat|p1a: Great Tusk
|-damage|p1a: Great Tusk|19/100 brn
|-unboost|p2a: Quaquaval|def|1
|-unboost|p2a: Quaquaval|spd|1
|-damage|p2a: Quaquaval|78/100|[from] item: Rocky Helmet|[of] p1a: Great Tusk
|
|-heal|p2a: Quaquaval|84/100|[from] item: Leftovers
|-damage|p1a: Great Tusk|12/100 brn|[from] brn
|upkeep
|turn|29
|
|t:|1781277113
|move|p1a: Great Tusk|Headlong Rush|p2a: Quaquaval
|-damage|p2a: Quaquaval|19/100
|-unboost|p1a: Great Tusk|def|1
|-unboost|p1a: Great Tusk|spd|1
|move|p2a: Quaquaval|Aqua Step|p1a: Great Tusk
|-supereffective|p1a: Great Tusk
|-damage|p1a: Great Tusk|0 fnt
|-boost|p2a: Quaquaval|spe|1
|-damage|p2a: Quaquaval|2/100|[from] item: Rocky Helmet|[of] p1a: Great Tusk
|faint|p1a: Great Tusk
|-end|p1a: Great Tusk|Protosynthesis|[silent]
|-ability|p2a: Quaquaval|Moxie|boost
|-boost|p2a: Quaquaval|atk|1
|
|-heal|p2a: Quaquaval|8/100|[from] item: Leftovers
|upkeep
|
|t:|1781277116
|switch|p1a: Arcanine|Arcanine-Hisui, M|41/100
|-damage|p1a: Arcanine|16/100|[from] Stealth Rock
|turn|30
|
|t:|1781277118
|move|p1a: Arcanine|Extreme Speed|p2a: Quaquaval
|-damage|p2a: Quaquaval|0 fnt
|faint|p2a: Quaquaval
|
|upkeep
|
|t:|1781277120
|switch|p2a: Clefable|Clefable, M|100/100
|-damage|p2a: Clefable|88/100|[from] Stealth Rock
|turn|31
|
|t:|1781277124
|switch|p1a: Ogerpon|Ogerpon-Wellspring, F|100/100
|-damage|p1a: Ogerpon|88/100|[from] Stealth Rock
|move|p2a: Clefable|Cosmic Power|p2a: Clefable
|-boost|p2a: Clefable|def|1
|-boost|p2a: Clefable|spd|1
|
|-heal|p2a: Clefable|94/100|[from] item: Leftovers
|upkeep
|turn|32
|
|t:|1781277126
|move|p1a: Ogerpon|Encore|p2a: Clefable
|-start|p2a: Clefable|Encore
|move|p2a: Clefable|Cosmic Power|p2a: Clefable
|-boost|p2a: Clefable|def|1
|-boost|p2a: Clefable|spd|1
|
|-heal|p2a: Clefable|99/100|[from] item: Leftovers
|upkeep
|turn|33
|
|t:|1781277129
|move|p1a: Ogerpon|Swords Dance|p1a: Ogerpon
|-boost|p1a: Ogerpon|atk|2
|move|p2a: Clefable|Cosmic Power|p2a: Clefable
|-boost|p2a: Clefable|def|1
|-boost|p2a: Clefable|spd|1
|
|-heal|p2a: Clefable|100/100|[from] item: Leftovers
|upkeep
|turn|34
|
|t:|1781277130
|move|p1a: Ogerpon|Swords Dance|p1a: Ogerpon
|-boost|p1a: Ogerpon|atk|2
|move|p2a: Clefable|Cosmic Power|p2a: Clefable
|-boost|p2a: Clefable|def|1
|-boost|p2a: Clefable|spd|1
|
|-end|p2a: Clefable|Encore
|upkeep
|turn|35
|
|t:|1781277132
|move|p1a: Ogerpon|Encore|p2a: Clefable
|-start|p2a: Clefable|Encore
|move|p2a: Clefable|Cosmic Power|p2a: Clefable
|-boost|p2a: Clefable|def|1
|-boost|p2a: Clefable|spd|1
|
|upkeep
|turn|36
|
|t:|1781277134
|move|p1a: Ogerpon|Swords Dance|p1a: Ogerpon
|-boost|p1a: Ogerpon|atk|2
|move|p2a: Clefable|Cosmic Power|p2a: Clefable
|-boost|p2a: Clefable|def|1
|-boost|p2a: Clefable|spd|1
|
|upkeep
|turn|37
|
|t:|1781277137
|-terastallize|p1a: Ogerpon|Water
|detailschange|p1a: Ogerpon|Ogerpon-Wellspring-Tera, F, tera:Water
|-ability|p1a: Ogerpon|Embody Aspect (Wellspring)|boost
|-boost|p1a: Ogerpon|spd|1
|move|p1a: Ogerpon|Ivy Cudgel|p2a: Clefable|[anim] Ivy Cudgel Water
|-damage|p2a: Clefable|80/100
|move|p2a: Clefable|Cosmic Power|p2a: Clefable
|-boost|p2a: Clefable|def|0
|-boost|p2a: Clefable|spd|0
|
|-heal|p2a: Clefable|86/100|[from] item: Leftovers
|-end|p2a: Clefable|Encore
|upkeep
|turn|38
|
|t:|1781277143
|move|p1a: Ogerpon|Encore|p2a: Clefable
|-start|p2a: Clefable|Encore
|move|p2a: Clefable|Cosmic Power|p2a: Clefable
|-boost|p2a: Clefable|def|0
|-boost|p2a: Clefable|spd|0
|
|-heal|p2a: Clefable|92/100|[from] item: Leftovers
|upkeep
|turn|39
|
|t:|1781277145
|move|p1a: Ogerpon|Ivy Cudgel|p2a: Clefable|[anim] Ivy Cudgel Water
|-crit|p2a: Clefable
|-damage|p2a: Clefable|0 fnt
|faint|p2a: Clefable
|
|upkeep
|
|t:|1781277146
|switch|p2a: Suicune|Suicune|80/100
|-damage|p2a: Suicune|68/100|[from] Stealth Rock
|-ability|p2a: Suicune|Pressure
|turn|40
|
|t:|1781277148
|move|p2a: Suicune|Protect|p2a: Suicune
|-singleturn|p2a: Suicune|Protect
|move|p1a: Ogerpon|Horn Leech|p2a: Suicune
|-activate|p2a: Suicune|move: Protect
|
|-heal|p2a: Suicune|74/100|[from] item: Leftovers
|upkeep
|turn|41
|
|t:|1781277151
|move|p1a: Ogerpon|Horn Leech|p2a: Suicune
|-supereffective|p2a: Suicune
|-damage|p2a: Suicune|0 fnt
|-heal|p1a: Ogerpon|100/100|[from] drain|[of] p2a: Suicune
|faint|p2a: Suicune
|
|win|funnygames(1997)
|raw|funnygames(1997)'s rating: 1494 &rarr; <strong>1517</strong><br />(+23 for winning)
|raw|levijoseph's rating: 1538 &rarr; <strong>1515</strong><br />(-23 for losing)
|l|☆levijoseph
|player|p2|
|l|☆funnygames(1997)
|player|p1|
