|j|☆tiftif
|j|☆KurisuChestnutLab
|t:|1781131458
|gametype|singles
|player|p1|tiftif|266|1627
|player|p2|KurisuChestnutLab|may-contest|1681
|gen|9
|tier|[Gen 9] OU
|rated|
|rule|HP Percentage Mod: HP is shown in percentages
|rule|Endless Battle Clause: Forcing endless battles is banned
|rule|Species Clause: Limit one of each Pokémon
|rule|OHKO Clause: OHKO moves are banned
|rule|Evasion Items Clause: Evasion items are banned
|rule|Evasion Moves Clause: Evasion moves are banned
|rule|Evasion Abilities Clause: Evasion abilities are banned
|rule|Sleep Moves Clause: Sleep-inducing moves are banned
|clearpoke
|poke|p1|Pelipper, M|
|poke|p1|Iron Treads|
|poke|p1|Barraskewda, F|
|poke|p1|Raging Bolt|
|poke|p1|Talonflame, M|
|poke|p1|Keldeo-Resolute|
|poke|p2|Primarina, F|
|poke|p2|Hippowdon, M|
|poke|p2|Skarmory, F|
|poke|p2|Zapdos|
|poke|p2|Dragonite, F|
|poke|p2|Slowking, F|
|teampreview
|inactive|Battle timer is ON: inactive players will automatically lose when time's up. (requested by KurisuChestnutLab)
|inactive|tiftif has 120 seconds left.
|inactive|tiftif has 90 seconds left.
|
|t:|1781131529
|teamsize|p1|6
|teamsize|p2|6
|start
|switch|p1a: Bec qui pend|Pelipper, M|100/100
|switch|p2a: Primarina|Primarina, F|100/100
|-weather|RainDance|[from] ability: Drizzle|[of] p1a: Bec qui pend
|turn|1
|
|t:|1781131536
|switch|p1a: Sophie|Raging Bolt|100/100
|-enditem|p1a: Sophie|Booster Energy
|-activate|p1a: Sophie|ability: Protosynthesis|[fromitem]
|-start|p1a: Sophie|protosynthesisspa
|move|p2a: Primarina|Moonblast|p1a: Sophie
|-supereffective|p1a: Sophie
|-damage|p1a: Sophie|5/100
|
|-weather|RainDance|[upkeep]
|upkeep
|turn|2
|
|t:|1781131543
|switch|p2a: Hippowdon|Hippowdon, M|100/100
|-weather|Sandstorm|[from] ability: Sand Stream|[of] p2a: Hippowdon
|move|p1a: Sophie|Thunder|p2a: Hippowdon
|-immune|p2a: Hippowdon
|
|-weather|Sandstorm|[upkeep]
|-damage|p1a: Sophie|0 fnt|[from] Sandstorm
|faint|p1a: Sophie
|-end|p1a: Sophie|Protosynthesis|[silent]
|upkeep
|
|t:|1781131547
|switch|p1a: Bec qui pend|Pelipper, M|100/100
|-weather|RainDance|[from] ability: Drizzle|[of] p1a: Bec qui pend
|turn|3
|
|t:|1781131552
|switch|p2a: Primarina|Primarina, F|100/100
|move|p1a: Bec qui pend|U-turn|p2a: Primarina
|-resisted|p2a: Primarina
|-damage|p2a: Primarina|95/100
|j| Puyu paz
|
|t:|1781131575
|switch|p1a: Great Tusk Wish|Iron Treads|100/100|[from] U-turn
|-enditem|p1a: Great Tusk Wish|Booster Energy
|-activate|p1a: Great Tusk Wish|ability: Quark Drive|[fromitem]
|-start|p1a: Great Tusk Wish|quarkdrivespe
|
|-weather|RainDance|[upkeep]
|upkeep
|turn|4
|
|t:|1781131583
|move|p1a: Great Tusk Wish|Stealth Rock|p2a: Primarina
|-sidestart|p2: KurisuChestnutLab|move: Stealth Rock
|move|p2a: Primarina|Surf|p1a: Great Tusk Wish
|-supereffective|p1a: Great Tusk Wish
|-damage|p1a: Great Tusk Wish|0 fnt
|faint|p1a: Great Tusk Wish
|-end|p1a: Great Tusk Wish|Quark Drive|[silent]
|
|-weather|RainDance|[upkeep]
|upkeep
|
|t:|1781131596
|switch|p1a: Le Talon Ducul|Talonflame, M|100/100
|turn|5
|
|t:|1781131600
|move|p1a: Le Talon Ducul|Hurricane|p2a: Primarina
|-damage|p2a: Primarina|59/100
|-start|p2a: Primarina|confusion
|-activate|p2a: Primarina|confusion
|move|p2a: Primarina|Moonblast|p1a: Le Talon Ducul
|-resisted|p1a: Le Talon Ducul
|-damage|p1a: Le Talon Ducul|62/100
|-unboost|p1a: Le Talon Ducul|spa|1
|
|-weather|RainDance|[upkeep]
|upkeep
|turn|6
|inactive|tiftif has 120 seconds left.
|
|t:|1781131651
|move|p1a: Le Talon Ducul|Hurricane|p2a: Primarina
|-damage|p2a: Primarina|34/100
|-activate|p2a: Primarina|confusion
|move|p2a: Primarina|Surf|p1a: Le Talon Ducul
|-supereffective|p1a: Le Talon Ducul
|-damage|p1a: Le Talon Ducul|0 fnt
|faint|p1a: Le Talon Ducul
|
|-weather|RainDance|[upkeep]
|upkeep
|
|t:|1781131658
|switch|p1a: Haskwakoubeh|Barraskewda, F|100/100
|turn|7
|
|t:|1781131662
|move|p1a: Haskwakoubeh|Liquidation|p2a: Primarina
|-resisted|p2a: Primarina
|-damage|p2a: Primarina|0 fnt
|faint|p2a: Primarina
|
|-weather|RainDance|[upkeep]
|upkeep
|
|t:|1781131666
|switch|p2a: Dragonite|Dragonite, F|100/100
|turn|8
|
|t:|1781131671
|move|p2a: Dragonite|Extreme Speed|p1a: Haskwakoubeh
|-damage|p1a: Haskwakoubeh|39/100
|move|p1a: Haskwakoubeh|Liquidation|p2a: Dragonite
|-resisted|p2a: Dragonite
|-damage|p2a: Dragonite|72/100
|
|-weather|RainDance|[upkeep]
|upkeep
|turn|9
|
|t:|1781131680
|move|p2a: Dragonite|Extreme Speed|p1a: Haskwakoubeh
|-damage|p1a: Haskwakoubeh|0 fnt
|faint|p1a: Haskwakoubeh
|
|-weather|RainDance|[upkeep]
|upkeep
|-message|tiftif forfeited.
|
|win|KurisuChestnutLab
|raw|tiftif's rating: 1627 &rarr; <strong>1609</strong><br />(-18 for losing)
|raw|KurisuChestnutLab's rating: 1659 &rarr; <strong>1677</strong><br />(+18 for winning)
|l|☆tiftif
|player|p1|
|l|☆KurisuChestnutLab
|player|p2|
|l| Puyu paz
