|j|☆edollas
|j|‽n3684q
|t:|1781536633
|gametype|singles
|player|p1|edollas|169|1601
|player|p2|n3684q|giovanni|1565
|gen|9
|tier|[Gen 9] OU
|rated|
|rule|HP Percentage Mod: HP is shown in percentages
|rule|Endless Battle Clause: Forcing endless battles is banned
|rule|Species Clause: Limit one of each Pokémon
|rule|OHKO Clause: OHKO moves are banned
|rule|Evasion Items Clause: Evasion items are banned
|rule|Evasion Moves Clause: Evasion moves are banned
|rule|Evasion Abilities Clause: Evasion abilities are banned
|rule|Sleep Moves Clause: Sleep-inducing moves are banned
|clearpoke
|poke|p1|Corviknight, M|
|poke|p1|Clodsire, F|
|poke|p1|Great Tusk|
|poke|p1|Tyranitar, F|
|poke|p1|Kingambit, F|
|poke|p1|Heatran, F|
|poke|p2|Gliscor, F|
|poke|p2|Heatran, F|
|poke|p2|Sinistcha|
|poke|p2|Corviknight, F|
|poke|p2|Tentacruel, M|
|poke|p2|Darkrai|
|teampreview
|inactive|Battle timer is ON: inactive players will automatically lose when time's up. (requested by n3684q)
|
|t:|1781536644
|teamsize|p1|6
|teamsize|p2|6
|start
|switch|p1a: Tyranitar|Tyranitar, F|100/100
|switch|p2a: Gliscor|Gliscor, F|100/100
|-weather|Sandstorm|[from] ability: Sand Stream|[of] p1a: Tyranitar
|turn|1
|
|t:|1781536653
|move|p2a: Gliscor|Protect|p2a: Gliscor
|-singleturn|p2a: Gliscor|Protect
|move|p1a: Tyranitar|Ice Punch|p2a: Gliscor
|-activate|p2a: Gliscor|move: Protect
|
|-weather|Sandstorm|[upkeep]
|-status|p2a: Gliscor|tox|[from] item: Toxic Orb
|upkeep
|turn|2
|
|t:|1781536667
|switch|p1a: Corviknight|Corviknight, M|100/100
|-ability|p1a: Corviknight|Pressure
|move|p2a: Gliscor|Spikes|p1a: Corviknight
|-sidestart|p1: edollas|Spikes
|
|-weather|Sandstorm|[upkeep]
|upkeep
|turn|3
|
|t:|1781536673
|move|p2a: Gliscor|Knock Off|p1a: Corviknight
|-damage|p1a: Corviknight|87/100
|-damage|p2a: Gliscor|84/100 tox|[from] item: Rocky Helmet|[of] p1a: Corviknight
|-enditem|p1a: Corviknight|Rocky Helmet|[from] move: Knock Off|[of] p2a: Gliscor
|move|p1a: Corviknight|Defog|p2a: Gliscor
|-unboost|p2a: Gliscor|evasion|1
|-sideend|p1: edollas|Spikes|[from] move: Defog|[of] p1a: Corviknight
|
|-weather|Sandstorm|[upkeep]
|-heal|p2a: Gliscor|97/100 tox|[from] ability: Poison Heal
|upkeep
|turn|4
|
|t:|1781536680
|switch|p1a: Tyranitar|Tyranitar, F|100/100
|move|p2a: Gliscor|Spikes|p1a: Tyranitar
|-sidestart|p1: edollas|Spikes
|
|-weather|Sandstorm|[upkeep]
|-heal|p2a: Gliscor|100/100 tox|[from] ability: Poison Heal
|upkeep
|turn|5
|
|t:|1781536685
|switch|p2a: Corviknight|Corviknight, F|100/100
|-ability|p2a: Corviknight|Pressure
|move|p1a: Tyranitar|Ice Punch|p2a: Corviknight
|-damage|p2a: Corviknight|71/100
|-damage|p1a: Tyranitar|84/100|[from] item: Rocky Helmet|[of] p2a: Corviknight
|
|-weather|none
|upkeep
|turn|6
|
|t:|1781536691
|switch|p1a: Corviknight|Corviknight, M|87/100
|-ability|p1a: Corviknight|Pressure
|move|p2a: Corviknight|U-turn|p1a: Corviknight
|-resisted|p1a: Corviknight
|-damage|p1a: Corviknight|85/100
|
|t:|1781536694
|switch|p2a: Heatran|Heatran, F|100/100|[from] U-turn
|
|upkeep
|turn|7
|
|t:|1781536702
|switch|p1a: Heatran|Heatran, F|100/100
|-item|p1a: Heatran|Air Balloon
|move|p2a: Heatran|Stealth Rock|p1a: Heatran
|-sidestart|p1: edollas|move: Stealth Rock
|
|upkeep
|turn|8
|
|t:|1781536711
|switch|p2a: Tentacruel|Tentacruel, M, shiny|100/100
|move|p1a: Heatran|Magma Storm|p2a: Tentacruel
|-resisted|p2a: Tentacruel
|-damage|p2a: Tentacruel|78/100
|-activate|p2a: Tentacruel|move: Magma Storm|[of] p1a: Heatran
|
|-damage|p2a: Tentacruel|65/100|[from] move: Magma Storm|[partiallytrapped]
|upkeep
|turn|9
|
|t:|1781536719
|switch|p1a: Clodsire|Clodsire, F|100/100
|-damage|p1a: Clodsire|88/100|[from] Spikes
|-damage|p1a: Clodsire|82/100|[from] Stealth Rock
|move|p2a: Tentacruel|Surf|p1a: Clodsire
|-heal|p1a: Clodsire|100/100|[from] ability: Water Absorb|[of] p2a: Tentacruel
|
|-end|p2a: Tentacruel|Magma Storm|[partiallytrapped]|[silent]
|upkeep
|turn|10
|
|t:|1781536727
|switch|p2a: Gliscor|Gliscor, F|100/100 tox
|move|p1a: Clodsire|Stealth Rock|p2a: Gliscor
|-sidestart|p2: n3684q|move: Stealth Rock
|
|upkeep
|turn|11
|
|t:|1781536738
|switch|p2a: Heatran|Heatran, F|100/100
|-damage|p2a: Heatran|88/100|[from] Stealth Rock
|switch|p1a: Corviknight|Corviknight, M|85/100
|-damage|p1a: Corviknight|73/100|[from] Stealth Rock
|-ability|p1a: Corviknight|Pressure
|
|-heal|p2a: Heatran|94/100|[from] item: Leftovers
|upkeep
|turn|12
|
|t:|1781536748
|switch|p2a: Tentacruel|Tentacruel, M, shiny|65/100
|switch|p1a: Heatran|Heatran, F|100/100
|-damage|p1a: Heatran|88/100|[from] Stealth Rock
|-item|p1a: Heatran|Air Balloon
|
|upkeep
|turn|13
|
|t:|1781536755
|switch|p1a: Clodsire|Clodsire, F|100/100
|-damage|p1a: Clodsire|88/100|[from] Spikes
|-damage|p1a: Clodsire|82/100|[from] Stealth Rock
|move|p2a: Tentacruel|Knock Off|p1a: Clodsire
|-damage|p1a: Clodsire|64/100
|-enditem|p1a: Clodsire|Black Sludge|[from] move: Knock Off|[of] p2a: Tentacruel
|
|upkeep
|turn|14
|
|t:|1781536763
|move|p2a: Tentacruel|Rapid Spin|p1a: Clodsire
|-damage|p1a: Clodsire|55/100
|-boost|p2a: Tentacruel|spe|1
|-sideend|p2: n3684q|Stealth Rock|[from] move: Rapid Spin|[of] p2a: Tentacruel
|move|p1a: Clodsire|Recover|p1a: Clodsire
|-heal|p1a: Clodsire|100/100
|
|upkeep
|turn|15
|
|t:|1781536777
|switch|p2a: Gliscor|Gliscor, F|100/100 tox
|move|p1a: Clodsire|Stealth Rock|p2a: Gliscor
|-sidestart|p2: n3684q|move: Stealth Rock
|
|upkeep
|turn|16
|
|t:|1781536786
|switch|p2a: Darkrai|Darkrai|100/100
|-damage|p2a: Darkrai|88/100|[from] Stealth Rock
|switch|p1a: Corviknight|Corviknight, M|73/100
|-damage|p1a: Corviknight|61/100|[from] Stealth Rock
|-ability|p1a: Corviknight|Pressure
|
|upkeep
|turn|17
|
|t:|1781536791
|switch|p1a: Clodsire|Clodsire, F|100/100
|-damage|p1a: Clodsire|88/100|[from] Spikes
|-damage|p1a: Clodsire|82/100|[from] Stealth Rock
|move|p2a: Darkrai|Dark Pulse|p1a: Clodsire
|-damage|p1a: Clodsire|55/100
|
|upkeep
|turn|18
|
|t:|1781536799
|move|p2a: Darkrai|Ice Beam|p1a: Clodsire
|-supereffective|p1a: Clodsire
|-damage|p1a: Clodsire|23/100
|move|p1a: Clodsire|Recover|p1a: Clodsire
|-heal|p1a: Clodsire|73/100
|
|upkeep
|turn|19
|
|t:|1781536807
|move|p2a: Darkrai|Ice Beam|p1a: Clodsire
|-supereffective|p1a: Clodsire
|-damage|p1a: Clodsire|38/100
|-status|p1a: Clodsire|frz
|cant|p1a: Clodsire|frz
|
|upkeep
|turn|20
|
|t:|1781536812
|move|p2a: Darkrai|Ice Beam|p1a: Clodsire
|-supereffective|p1a: Clodsire
|-damage|p1a: Clodsire|1/100 frz
|cant|p1a: Clodsire|frz
|
|upkeep
|turn|21
|
|t:|1781536817
|move|p2a: Darkrai|Ice Beam|p1a: Clodsire
|-supereffective|p1a: Clodsire
|-damage|p1a: Clodsire|0 fnt
|faint|p1a: Clodsire
|
|upkeep
|
|t:|1781536823
|switch|p1a: Tyranitar|Tyranitar, F|84/100
|-damage|p1a: Tyranitar|72/100|[from] Spikes
|-damage|p1a: Tyranitar|59/100|[from] Stealth Rock
|-weather|Sandstorm|[from] ability: Sand Stream|[of] p1a: Tyranitar
|turn|22
|
|t:|1781536828
|switch|p2a: Corviknight|Corviknight, F|71/100
|-damage|p2a: Corviknight|59/100|[from] Stealth Rock
|-ability|p2a: Corviknight|Pressure
|move|p1a: Tyranitar|Stone Edge|p2a: Corviknight
|-damage|p2a: Corviknight|3/100
|
|-weather|Sandstorm|[upkeep]
|upkeep
|turn|23
|
|t:|1781536836
|move|p2a: Corviknight|Roost|p2a: Corviknight
|-heal|p2a: Corviknight|53/100
|-singleturn|p2a: Corviknight|move: Roost
|move|p1a: Tyranitar|Stone Edge|p2a: Corviknight
|-resisted|p2a: Corviknight
|-damage|p2a: Corviknight|24/100
|
|-weather|Sandstorm|[upkeep]
|upkeep
|turn|24
|
|t:|1781536846
|move|p2a: Corviknight|U-turn|p1a: Tyranitar
|-supereffective|p1a: Tyranitar
|-damage|p1a: Tyranitar|37/100
|
|t:|1781536858
|switch|p2a: Heatran|Heatran, F|94/100|[from] U-turn
|-damage|p2a: Heatran|82/100|[from] Stealth Rock
|move|p1a: Tyranitar|Stone Edge|p2a: Heatran
|-damage|p2a: Heatran|9/100
|
|-weather|Sandstorm|[upkeep]
|-heal|p2a: Heatran|15/100|[from] item: Leftovers
|upkeep
|turn|25
|
|t:|1781536869
|move|p2a: Heatran|Earth Power|p1a: Tyranitar
|-supereffective|p1a: Tyranitar
|-damage|p1a: Tyranitar|7/100
|move|p1a: Tyranitar|Stone Edge|p2a: Heatran
|-crit|p2a: Heatran
|-damage|p2a: Heatran|0 fnt
|faint|p2a: Heatran
|
|-weather|Sandstorm|[upkeep]
|upkeep
|
|t:|1781536880
|switch|p2a: Tentacruel|Tentacruel, M, shiny|65/100
|turn|26
|
|t:|1781536886
|move|p2a: Tentacruel|Surf|p1a: Tyranitar
|-supereffective|p1a: Tyranitar
|-damage|p1a: Tyranitar|0 fnt
|faint|p1a: Tyranitar
|
|-weather|none
|upkeep
|
|t:|1781536894
|switch|p1a: Corviknight|Corviknight, M|61/100
|-damage|p1a: Corviknight|48/100|[from] Stealth Rock
|-ability|p1a: Corviknight|Pressure
|turn|27
|
|t:|1781536898
|move|p2a: Tentacruel|Surf|p1a: Corviknight
|-damage|p1a: Corviknight|16/100
|move|p1a: Corviknight|Roost|p1a: Corviknight
|-heal|p1a: Corviknight|66/100
|-singleturn|p1a: Corviknight|move: Roost
|
|upkeep
|turn|28
|
|t:|1781536908
|move|p2a: Tentacruel|Surf|p1a: Corviknight
|-damage|p1a: Corviknight|32/100
|move|p1a: Corviknight|Defog|p2a: Tentacruel
|-unboost|p2a: Tentacruel|evasion|1
|-sideend|p2: n3684q|Stealth Rock|[from] move: Defog|[of] p1a: Corviknight
|-sideend|p1: edollas|Spikes|[from] move: Defog|[of] p1a: Corviknight
|-sideend|p1: edollas|Stealth Rock|[from] move: Defog|[of] p1a: Corviknight
|
|upkeep
|turn|29
|
|t:|1781536912
|move|p2a: Tentacruel|Surf|p1a: Corviknight
|-damage|p1a: Corviknight|0 fnt
|faint|p1a: Corviknight
|
|upkeep
|
|t:|1781536920
|switch|p1a: Kingambit|Kingambit, F|100/100
|turn|30
|
|t:|1781536931
|move|p2a: Tentacruel|Knock Off|p1a: Kingambit
|-resisted|p1a: Kingambit
|-damage|p1a: Kingambit|95/100
|-enditem|p1a: Kingambit|Muscle Band|[from] move: Knock Off|[of] p2a: Tentacruel
|move|p1a: Kingambit|Swords Dance|p1a: Kingambit
|-boost|p1a: Kingambit|atk|2
|
|upkeep
|turn|31
|
|t:|1781536938
|switch|p2a: Gliscor|Gliscor, F|100/100 tox
|move|p1a: Kingambit|Swords Dance|p1a: Kingambit
|-boost|p1a: Kingambit|atk|2
|
|upkeep
|turn|32
|
|t:|1781536954
|-terastallize|p2a: Gliscor|Dark
|move|p2a: Gliscor|Earthquake|p1a: Kingambit
|-supereffective|p1a: Kingambit
|-damage|p1a: Kingambit|50/100
|move|p1a: Kingambit|Iron Head|p2a: Gliscor
|-damage|p2a: Gliscor|0 fnt
|faint|p2a: Gliscor
|
|upkeep
|
|t:|1781536961
|switch|p2a: Corviknight|Corviknight, F|24/100
|-ability|p2a: Corviknight|Pressure
|turn|33
|
|t:|1781536970
|move|p2a: Corviknight|Roost|p2a: Corviknight
|-heal|p2a: Corviknight|74/100
|-singleturn|p2a: Corviknight|move: Roost
|move|p1a: Kingambit|Low Kick|p2a: Corviknight
|-supereffective|p2a: Corviknight
|-damage|p2a: Corviknight|0 fnt
|-damage|p1a: Kingambit|34/100|[from] item: Rocky Helmet|[of] p2a: Corviknight
|faint|p2a: Corviknight
|
|upkeep
|
|t:|1781536979
|switch|p2a: Tentacruel|Tentacruel, M, shiny|65/100
|turn|34
|
|t:|1781536982
|move|p1a: Kingambit|Sucker Punch|p2a: Tentacruel
|-crit|p2a: Tentacruel
|-damage|p2a: Tentacruel|0 fnt
|faint|p2a: Tentacruel
|
|upkeep
|
|t:|1781536985
|switch|p2a: Darkrai|Darkrai|88/100
|turn|35
|
|t:|1781536994
|move|p2a: Darkrai|Sucker Punch|p1a: Kingambit
|-resisted|p1a: Kingambit
|-damage|p1a: Kingambit|24/100
|move|p1a: Kingambit|Sucker Punch||[still]
|-fail|p1a: Kingambit
|
|upkeep
|turn|36
|
|t:|1781536999
|move|p2a: Darkrai|Dark Pulse|p1a: Kingambit
|-resisted|p1a: Kingambit
|-damage|p1a: Kingambit|0 fnt
|faint|p1a: Kingambit
|
|upkeep
|
|t:|1781537014
|switch|p1a: Great Tusk|Great Tusk|100/100
|-enditem|p1a: Great Tusk|Booster Energy
|-activate|p1a: Great Tusk|ability: Protosynthesis|[fromitem]
|-start|p1a: Great Tusk|protosynthesisspe
|turn|37
|
|t:|1781537023
|-terastallize|p1a: Great Tusk|Ice
|move|p1a: Great Tusk|Bulk Up|p1a: Great Tusk
|-boost|p1a: Great Tusk|atk|1
|-boost|p1a: Great Tusk|def|1
|move|p2a: Darkrai|Ice Beam|p1a: Great Tusk
|-resisted|p1a: Great Tusk
|-damage|p1a: Great Tusk|79/100
|
|upkeep
|turn|38
|
|t:|1781537031
|move|p1a: Great Tusk|Headlong Rush|p2a: Darkrai
|-crit|p2a: Darkrai
|-damage|p2a: Darkrai|0 fnt
|-unboost|p1a: Great Tusk|def|1
|-unboost|p1a: Great Tusk|spd|1
|faint|p2a: Darkrai
|
|upkeep
|
|t:|1781537034
|switch|p2a: Sinistcha|Sinistcha|100/100
|turn|39
|
|t:|1781537042
|move|p1a: Great Tusk|Ice Spinner|p2a: Sinistcha
|-supereffective|p2a: Sinistcha
|-damage|p2a: Sinistcha|18/100
|move|p2a: Sinistcha|Strength Sap|p1a: Great Tusk
|-unboost|p1a: Great Tusk|atk|1
|-heal|p2a: Sinistcha|100/100
|
|upkeep
|turn|40
|
|t:|1781537049
|-end|p1a: Great Tusk|Protosynthesis|[silent]
|switch|p1a: Heatran|Heatran, F|88/100
|-item|p1a: Heatran|Air Balloon
|move|p2a: Sinistcha|Strength Sap|p1a: Heatran
|-unboost|p1a: Heatran|atk|1
|
|upkeep
|turn|41
|
|t:|1781537057
|move|p2a: Sinistcha|Calm Mind|p2a: Sinistcha
|-boost|p2a: Sinistcha|spa|1
|-boost|p2a: Sinistcha|spd|1
|move|p1a: Heatran|Magma Storm|p2a: Sinistcha
|-supereffective|p2a: Sinistcha
|-damage|p2a: Sinistcha|65/100
|-activate|p2a: Sinistcha|move: Magma Storm|[of] p1a: Heatran
|
|-damage|p2a: Sinistcha|53/100|[from] move: Magma Storm|[partiallytrapped]
|upkeep
|turn|42
|
|t:|1781537063
|move|p2a: Sinistcha|Shadow Ball|p1a: Heatran
|-damage|p1a: Heatran|58/100
|-enditem|p1a: Heatran|Air Balloon
|move|p1a: Heatran|Taunt|p2a: Sinistcha
|-start|p2a: Sinistcha|move: Taunt
|
|-damage|p2a: Sinistcha|40/100|[from] move: Magma Storm|[partiallytrapped]
|upkeep
|turn|43
|
|t:|1781537068
|move|p2a: Sinistcha|Shadow Ball|p1a: Heatran
|-damage|p1a: Heatran|26/100
|move|p1a: Heatran|Magma Storm|p2a: Sinistcha
|-supereffective|p2a: Sinistcha
|-damage|p2a: Sinistcha|9/100
|
|-damage|p2a: Sinistcha|0 fnt|[from] move: Magma Storm|[partiallytrapped]
|faint|p2a: Sinistcha
|
|win|edollas
|raw|edollas's rating: 1601 &rarr; <strong>1619</strong><br />(+18 for winning)
|raw|n3684q's rating: 1565 &rarr; <strong>1547</strong><br />(-18 for losing)
|l|‽n3684q
|player|p2|
|l|☆edollas
|player|p1|
