|j|☆dracovishsfan
|j|☆201187abc
|t:|1781255393
|gametype|singles
|player|p1|dracovishsfan|n|1706
|player|p2|201187abc|101|1591
|gen|9
|tier|[Gen 9] OU
|rated|
|rule|HP Percentage Mod: HP is shown in percentages
|rule|Endless Battle Clause: Forcing endless battles is banned
|rule|Species Clause: Limit one of each Pokémon
|rule|OHKO Clause: OHKO moves are banned
|rule|Evasion Items Clause: Evasion items are banned
|rule|Evasion Moves Clause: Evasion moves are banned
|rule|Evasion Abilities Clause: Evasion abilities are banned
|rule|Sleep Moves Clause: Sleep-inducing moves are banned
|clearpoke
|poke|p1|Gholdengo|
|poke|p1|Dragonite, F|
|poke|p1|Raging Bolt|
|poke|p1|Great Tusk|
|poke|p1|Iron Valiant|
|poke|p1|Ting-Lu|
|poke|p2|Alomomola, M|
|poke|p2|Dragapult, M|
|poke|p2|Lokix, M|
|poke|p2|Great Tusk|
|poke|p2|Enamorus, F|
|poke|p2|Iron Crown|
|teampreview
|inactive|Battle timer is ON: inactive players will automatically lose when time's up. (requested by dracovishsfan)
|
|t:|1781255402
|teamsize|p1|6
|teamsize|p2|6
|start
|switch|p1a: Great Tusk|Great Tusk|100/100
|switch|p2a: Dragapult|Dragapult, M|100/100
|turn|1
|
|t:|1781255408
|move|p2a: Dragapult|U-turn|p1a: Great Tusk
|-resisted|p1a: Great Tusk
|-damage|p1a: Great Tusk|89/100
|j| yuureisuisei
|inactive|201187abc has 120 seconds left.
|
|t:|1781255440
|switch|p2a: Alomomola|Alomomola, M|100/100|[from] U-turn
|move|p1a: Great Tusk|Ice Spinner|p2a: Alomomola
|-resisted|p2a: Alomomola
|-damage|p2a: Alomomola|89/100
|
|upkeep
|turn|2
|
|t:|1781255446
|-end|p1a: Great Tusk|Protosynthesis|[silent]
|switch|p1a: Great Neck|Raging Bolt|100/100
|move|p2a: Alomomola|Flip Turn|p1a: Great Neck
|-resisted|p1a: Great Neck
|-damage|p1a: Great Neck|94/100
|
|t:|1781255454
|switch|p2a: Great Tusk|Great Tusk|100/100|[from] Flip Turn
|
|upkeep
|turn|3
|
|t:|1781255461
|move|p2a: Great Tusk|Stealth Rock|p1a: Great Neck
|-sidestart|p1: dracovishsfan|move: Stealth Rock
|move|p1a: Great Neck|Draco Meteor|p2a: Great Tusk
|-damage|p2a: Great Tusk|0 fnt
|-unboost|p1a: Great Neck|spa|2
|faint|p2a: Great Tusk
|-end|p2a: Great Tusk|Protosynthesis|[silent]
|
|upkeep
|
|t:|1781255475
|switch|p2a: Lokix|Lokix, M|100/100
|turn|4
|
|t:|1781255482
|-end|p1a: Great Neck|Protosynthesis|[silent]
|switch|p1a: Great Tusk|Great Tusk|89/100
|-damage|p1a: Great Tusk|86/100|[from] Stealth Rock
|move|p2a: Lokix|U-turn|p1a: Great Tusk
|-resisted|p1a: Great Tusk
|-damage|p1a: Great Tusk|56/100
|
|t:|1781255492
|switch|p2a: Enamorus|Enamorus, F|100/100|[from] U-turn
|
|upkeep
|turn|5
|
|t:|1781255497
|-terastallize|p1a: Great Tusk|Ice
|move|p2a: Enamorus|Moonblast|p1a: Great Tusk
|-damage|p1a: Great Tusk|9/100
|move|p1a: Great Tusk|Ice Spinner|p2a: Enamorus
|-supereffective|p2a: Enamorus
|-damage|p2a: Enamorus|0 fnt
|faint|p2a: Enamorus
|
|upkeep
|
|t:|1781255510
|switch|p2a: Alomomola|Alomomola, M|100/100
|turn|6
|
|t:|1781255512
|move|p1a: Great Tusk|Rapid Spin|p2a: Alomomola
|-damage|p2a: Alomomola|84/100
|-boost|p1a: Great Tusk|spe|1
|-sideend|p1: dracovishsfan|Stealth Rock|[from] move: Rapid Spin|[of] p1a: Great Tusk
|move|p2a: Alomomola|Flip Turn|p1a: Great Tusk
|-damage|p1a: Great Tusk|0 fnt
|faint|p1a: Great Tusk
|-end|p1a: Great Tusk|Protosynthesis|[silent]
|
|t:|1781255519
|switch|p2a: Lokix|Lokix, M|100/100|[from] Flip Turn
|
|upkeep
|
|t:|1781255523
|switch|p1a: Great Neck|Raging Bolt|94/100
|turn|7
|
|t:|1781255536
|move|p2a: Lokix|U-turn|p1a: Great Neck
|-damage|p1a: Great Neck|53/100
|
|t:|1781255539
|switch|p2a: Alomomola|Alomomola, M|100/100|[from] U-turn
|move|p1a: Great Neck|Volt Switch|p2a: Alomomola
|-supereffective|p2a: Alomomola
|-damage|p2a: Alomomola|41/100
|
|t:|1781255542
|-end|p1a: Great Neck|Protosynthesis|[silent]
|switch|p1a: Ting-Lu|Ting-Lu|100/100|[from] Volt Switch
|-ability|p1a: Ting-Lu|Vessel of Ruin
|
|upkeep
|turn|8
|
|t:|1781255545
|move|p1a: Ting-Lu|Stealth Rock|p2a: Alomomola
|-sidestart|p2: 201187abc|move: Stealth Rock
|move|p2a: Alomomola|Flip Turn|p1a: Ting-Lu
|-supereffective|p1a: Ting-Lu
|-damage|p1a: Ting-Lu|84/100
|
|t:|1781255549
|switch|p2a: Lokix|Lokix, M|100/100|[from] Flip Turn
|-damage|p2a: Lokix|76/100|[from] Stealth Rock
|
|-heal|p1a: Ting-Lu|90/100|[from] item: Leftovers
|upkeep
|turn|9
|
|t:|1781255559
|switch|p1a: Gholdengo|Gholdengo|100/100
|move|p2a: Lokix|Leech Life|p1a: Gholdengo
|-resisted|p1a: Gholdengo
|-damage|p1a: Gholdengo|70/100
|-heal|p2a: Lokix|93/100|[from] drain|[of] p1a: Gholdengo
|
|upkeep
|turn|10
|
|t:|1781255568
|switch|p2a: Alomomola|Alomomola, M|74/100
|-damage|p2a: Alomomola|62/100|[from] Stealth Rock
|move|p1a: Gholdengo|Shadow Ball|p2a: Alomomola
|-crit|p2a: Alomomola
|-damage|p2a: Alomomola|13/100
|
|upkeep
|turn|11
|
|t:|1781255576
|-terastallize|p2a: Alomomola|Normal
|move|p1a: Gholdengo|Shadow Ball|p2a: Alomomola
|-immune|p2a: Alomomola
|move|p2a: Alomomola|Flip Turn|p1a: Gholdengo
|-damage|p1a: Gholdengo|52/100
|
|t:|1781255585
|switch|p2a: Iron Crown|Iron Crown|100/100|[from] Flip Turn
|-damage|p2a: Iron Crown|94/100|[from] Stealth Rock
|
|upkeep
|turn|12
|
|t:|1781255589
|-end|p2a: Iron Crown|Quark Drive|[silent]
|switch|p2a: Alomomola|Alomomola, M, tera:Normal|46/100
|-damage|p2a: Alomomola|34/100|[from] Stealth Rock
|switch|p1a: Ting-Lu|Ting-Lu|90/100
|-ability|p1a: Ting-Lu|Vessel of Ruin
|
|-heal|p1a: Ting-Lu|97/100|[from] item: Leftovers
|upkeep
|turn|13
|
|t:|1781255593
|move|p1a: Ting-Lu|Earthquake|p2a: Alomomola
|-damage|p2a: Alomomola|5/100
|move|p2a: Alomomola|Flip Turn|p1a: Ting-Lu
|-supereffective|p1a: Ting-Lu
|-damage|p1a: Ting-Lu|81/100
|
|t:|1781255597
|switch|p2a: Lokix|Lokix, M|93/100|[from] Flip Turn
|-damage|p2a: Lokix|68/100|[from] Stealth Rock
|
|-heal|p1a: Ting-Lu|88/100|[from] item: Leftovers
|upkeep
|turn|14
|l| yuureisuisei
|
|t:|1781255608
|switch|p1a: Iron Valiant|Iron Valiant|100/100
|-enditem|p1a: Iron Valiant|Booster Energy
|-activate|p1a: Iron Valiant|ability: Quark Drive|[fromitem]
|-start|p1a: Iron Valiant|quarkdrivespe
|move|p2a: Lokix|Leech Life|p1a: Iron Valiant
|-resisted|p1a: Iron Valiant
|-damage|p1a: Iron Valiant|60/100
|-heal|p2a: Lokix|88/100|[from] drain|[of] p1a: Iron Valiant
|
|upkeep
|turn|15
|
|t:|1781255615
|switch|p2a: Iron Crown|Iron Crown|94/100
|-damage|p2a: Iron Crown|88/100|[from] Stealth Rock
|move|p1a: Iron Valiant|Shadow Ball|p2a: Iron Crown
|-supereffective|p2a: Iron Crown
|-damage|p2a: Iron Crown|39/100
|
|upkeep
|turn|16
|
|t:|1781255627
|-end|p2a: Iron Crown|Quark Drive|[silent]
|switch|p2a: Alomomola|Alomomola, M, tera:Normal|39/100
|-damage|p2a: Alomomola|26/100|[from] Stealth Rock
|move|p1a: Iron Valiant|Close Combat|p2a: Alomomola
|-supereffective|p2a: Alomomola
|-damage|p2a: Alomomola|0 fnt
|-unboost|p1a: Iron Valiant|def|1
|-unboost|p1a: Iron Valiant|spd|1
|faint|p2a: Alomomola
|
|upkeep
|
|t:|1781255634
|switch|p2a: Lokix|Lokix, M|88/100
|-damage|p2a: Lokix|64/100|[from] Stealth Rock
|turn|17
|
|t:|1781255645
|move|p1a: Iron Valiant|Moonblast|p2a: Lokix
|-supereffective|p2a: Lokix
|-damage|p2a: Lokix|0 fnt
|faint|p2a: Lokix
|
|upkeep
|-message|201187abc forfeited.
|
|win|dracovishsfan
|raw|dracovishsfan's rating: 1706 &rarr; <strong>1720</strong><br />(+14 for winning)
|raw|201187abc's rating: 1591 &rarr; <strong>1577</strong><br />(-14 for losing)
|l|☆201187abc
|player|p2|
|l|☆dracovishsfan
|player|p1|
