|j|☆oblizzy
|j|☆Mawile442
|t:|1781373668
|gametype|singles
|player|p1|oblizzy|skierf|1528
|player|p2|Mawile442|170|1608
|gen|9
|tier|[Gen 9] OU
|rated|
|rule|HP Percentage Mod: HP is shown in percentages
|rule|Endless Battle Clause: Forcing endless battles is banned
|rule|Species Clause: Limit one of each Pokémon
|rule|OHKO Clause: OHKO moves are banned
|rule|Evasion Items Clause: Evasion items are banned
|rule|Evasion Moves Clause: Evasion moves are banned
|rule|Evasion Abilities Clause: Evasion abilities are banned
|rule|Sleep Moves Clause: Sleep-inducing moves are banned
|clearpoke
|poke|p1|Tentacruel, F|
|poke|p1|Bronzong|
|poke|p1|Rillaboom, F|
|poke|p1|Gliscor, F|
|poke|p1|Garganacl, F|
|poke|p1|Zamazenta-*|
|poke|p2|Tyranitar, F|
|poke|p2|Excadrill, F|
|poke|p2|Ogerpon-Wellspring, F|
|poke|p2|Zamazenta-*|
|poke|p2|Garganacl, F|
|poke|p2|Moltres|
|teampreview
|inactive|Battle timer is ON: inactive players will automatically lose when time's up. (requested by Mawile442)
|
|t:|1781373679
|teamsize|p1|6
|teamsize|p2|6
|start
|switch|p1a: Rillaboom|Rillaboom, F|100/100
|switch|p2a: Tyranitar|Tyranitar, F, shiny|100/100
|-fieldstart|move: Grassy Terrain|[from] ability: Grassy Surge|[of] p1a: Rillaboom
|-weather|Sandstorm|[from] ability: Sand Stream|[of] p2a: Tyranitar
|turn|1
|
|t:|1781373689
|move|p1a: Rillaboom|Knock Off|p2a: Tyranitar
|-resisted|p2a: Tyranitar
|-damage|p2a: Tyranitar|77/100
|-enditem|p2a: Tyranitar|Choice Band|[from] move: Knock Off|[of] p1a: Rillaboom
|move|p2a: Tyranitar|Ice Punch|p1a: Rillaboom
|-supereffective|p1a: Rillaboom
|-damage|p1a: Rillaboom|37/100
|
|-weather|Sandstorm|[upkeep]
|-damage|p1a: Rillaboom|30/100|[from] Sandstorm
|-heal|p1a: Rillaboom|37/100|[from] Grassy Terrain
|-heal|p2a: Tyranitar|83/100|[from] Grassy Terrain
|upkeep
|turn|2
|
|t:|1781373707
|switch|p1a: Tentacruel|Tentacruel, F|100/100
|switch|p2a: Moltres|Moltres, shiny|100/100
|
|-weather|Sandstorm|[upkeep]
|-damage|p1a: Tentacruel|95/100|[from] Sandstorm
|-damage|p2a: Moltres|94/100|[from] Sandstorm
|-heal|p1a: Tentacruel|100/100|[from] Grassy Terrain
|upkeep
|turn|3
|
|t:|1781373717
|move|p1a: Tentacruel|Knock Off|p2a: Moltres
|-damage|p2a: Moltres|85/100
|-enditem|p2a: Moltres|Heavy-Duty Boots|[from] move: Knock Off|[of] p1a: Tentacruel
|move|p2a: Moltres|U-turn|p1a: Tentacruel
|-resisted|p1a: Tentacruel
|-damage|p1a: Tentacruel|88/100
|
|t:|1781373720
|switch|p2a: Excadrill|Excadrill, F, shiny|100/100|[from] U-turn
|
|-weather|Sandstorm|[upkeep]
|-damage|p1a: Tentacruel|82/100|[from] Sandstorm
|-heal|p1a: Tentacruel|88/100|[from] Grassy Terrain
|upkeep
|turn|4
|
|t:|1781373724
|switch|p1a: Bronzong|Bronzong|100/100
|move|p2a: Excadrill|Swords Dance|p2a: Excadrill
|-boost|p2a: Excadrill|atk|2
|
|-weather|Sandstorm|[upkeep]
|upkeep
|turn|5
|
|t:|1781373736
|move|p2a: Excadrill|Iron Head|p1a: Bronzong
|-resisted|p1a: Bronzong
|-damage|p1a: Bronzong|69/100
|cant|p1a: Bronzong|flinch
|
|-weather|none
|-heal|p1a: Bronzong|76/100|[from] item: Leftovers
|-fieldend|move: Grassy Terrain
|upkeep
|turn|6
|
|t:|1781373740
|move|p2a: Excadrill|Iron Head|p1a: Bronzong
|-resisted|p1a: Bronzong
|-damage|p1a: Bronzong|48/100
|move|p1a: Bronzong|Body Press|p2a: Excadrill
|-supereffective|p2a: Excadrill
|-damage|p2a: Excadrill|21/100
|
|-heal|p2a: Excadrill|27/100|[from] item: Leftovers
|-heal|p1a: Bronzong|54/100|[from] item: Leftovers
|upkeep
|turn|7
|
|t:|1781373745
|move|p2a: Excadrill|Iron Head|p1a: Bronzong
|-resisted|p1a: Bronzong
|-damage|p1a: Bronzong|23/100
|cant|p1a: Bronzong|flinch
|
|-heal|p2a: Excadrill|33/100|[from] item: Leftovers
|-heal|p1a: Bronzong|29/100|[from] item: Leftovers
|upkeep
|turn|8
|
|t:|1781373754
|switch|p1a: Zamazenta|Zamazenta|100/100
|-ability|p1a: Zamazenta|Dauntless Shield|boost
|-boost|p1a: Zamazenta|def|1
|move|p2a: Excadrill|Iron Head|p1a: Zamazenta
|-damage|p1a: Zamazenta|42/100
|
|-heal|p2a: Excadrill|40/100|[from] item: Leftovers
|upkeep
|turn|9
|
|t:|1781373767
|switch|p2a: Moltres|Moltres, shiny|85/100
|move|p1a: Zamazenta|Stone Edge|p2a: Moltres
|-supereffective|p2a: Moltres
|-damage|p2a: Moltres|0 fnt
|faint|p2a: Moltres
|-damage|p1a: Zamazenta|32/100|[from] item: Life Orb
|
|upkeep
|
|t:|1781373776
|switch|p2a: Zamazenta|Zamazenta, shiny|100/100
|-ability|p2a: Zamazenta|Dauntless Shield|boost
|-boost|p2a: Zamazenta|def|1
|turn|10
|
|t:|1781373782
|switch|p1a: Gliscor|Gliscor, F|100/100
|move|p2a: Zamazenta|Close Combat|p1a: Gliscor
|-resisted|p1a: Gliscor
|-damage|p1a: Gliscor|76/100
|-unboost|p2a: Zamazenta|def|1
|-unboost|p2a: Zamazenta|spd|1
|
|-status|p1a: Gliscor|tox|[from] item: Toxic Orb
|upkeep
|turn|11
|
|t:|1781373790
|-terastallize|p2a: Zamazenta|Ice
|move|p2a: Zamazenta|Ice Fang|p1a: Gliscor
|-supereffective|p1a: Gliscor
|-damage|p1a: Gliscor|0 fnt
|faint|p1a: Gliscor
|
|upkeep
|
|t:|1781373803
|switch|p1a: Tentacruel|Tentacruel, F|88/100
|turn|12
|
|t:|1781373807
|switch|p2a: Ogerpon|Ogerpon-Wellspring, F|100/100
|move|p1a: Tentacruel|Surf|p2a: Ogerpon
|-immune|p2a: Ogerpon|[from] ability: Water Absorb
|
|upkeep
|turn|13
|
|t:|1781373814
|move|p2a: Ogerpon|Encore|p1a: Tentacruel
|-start|p1a: Tentacruel|Encore
|move|p1a: Tentacruel|Surf|p2a: Ogerpon
|-immune|p2a: Ogerpon|[from] ability: Water Absorb
|
|upkeep
|turn|14
|
|t:|1781373820
|switch|p1a: Bronzong|Bronzong|29/100
|move|p2a: Ogerpon|Ivy Cudgel|p1a: Bronzong|[anim] Ivy Cudgel Water
|-damage|p1a: Bronzong|0 fnt
|faint|p1a: Bronzong
|
|upkeep
|
|t:|1781373822
|switch|p1a: Zamazenta|Zamazenta|32/100
|turn|15
|
|t:|1781373827
|switch|p2a: Zamazenta|Zamazenta, shiny, tera:Ice|100/100
|move|p1a: Zamazenta|Close Combat|p2a: Zamazenta
|-supereffective|p2a: Zamazenta
|-damage|p2a: Zamazenta|0 fnt
|-unboost|p1a: Zamazenta|def|1
|-unboost|p1a: Zamazenta|spd|1
|faint|p2a: Zamazenta
|-damage|p1a: Zamazenta|23/100|[from] item: Life Orb
|
|upkeep
|j| KangkongNation
|
|t:|1781373836
|switch|p2a: Ogerpon|Ogerpon-Wellspring, F|100/100
|turn|16
|
|t:|1781373842
|move|p1a: Zamazenta|Close Combat|p2a: Ogerpon
|-damage|p2a: Ogerpon|0 fnt
|-unboost|p1a: Zamazenta|def|1
|-unboost|p1a: Zamazenta|spd|1
|faint|p2a: Ogerpon
|-damage|p1a: Zamazenta|13/100|[from] item: Life Orb
|
|upkeep
|-message|Mawile442 forfeited.
|
|win|oblizzy
|raw|oblizzy's rating: 1528 &rarr; <strong>1553</strong><br />(+25 for winning)
|raw|Mawile442's rating: 1608 &rarr; <strong>1583</strong><br />(-25 for losing)
|l|☆Mawile442
|player|p2|
|l|☆oblizzy
|player|p1|
|l| KangkongNation
