|j|☆kadu99
|j|☆Nxp Nxp
|t:|1781075531
|gametype|singles
|player|p1|kadu99|policeman-gen4|1610
|player|p2|Nxp Nxp|roxie-masters|1529
|gen|9
|tier|[Gen 9] OU
|rated|
|rule|HP Percentage Mod: HP is shown in percentages
|rule|Endless Battle Clause: Forcing endless battles is banned
|rule|Species Clause: Limit one of each Pokémon
|rule|OHKO Clause: OHKO moves are banned
|rule|Evasion Items Clause: Evasion items are banned
|rule|Evasion Moves Clause: Evasion moves are banned
|rule|Evasion Abilities Clause: Evasion abilities are banned
|rule|Sleep Moves Clause: Sleep-inducing moves are banned
|clearpoke
|poke|p1|Iron Valiant|
|poke|p1|Ogerpon-Wellspring, F|
|poke|p1|Ting-Lu|
|poke|p1|Pecharunt|
|poke|p1|Cinderace, F|
|poke|p1|Dragonite, F|
|poke|p2|Gholdengo|
|poke|p2|Iron Valiant|
|poke|p2|Ogerpon-Wellspring, F|
|poke|p2|Dragonite, F|
|poke|p2|Great Tusk|
|poke|p2|Deoxys-Speed|
|teampreview
|inactive|Battle timer is ON: inactive players will automatically lose when time's up. (requested by Nxp Nxp)
|j| MaysAce
|
|t:|1781075548
|teamsize|p1|6
|teamsize|p2|6
|start
|switch|p1a: Ting-Lu|Ting-Lu|100/100
|switch|p2a: Alexander|Great Tusk|100/100
|-ability|p1a: Ting-Lu|Vessel of Ruin
|turn|1
|
|t:|1781075550
|move|p2a: Alexander|Stealth Rock|p1a: Ting-Lu
|-sidestart|p1: kadu99|move: Stealth Rock
|move|p1a: Ting-Lu|Ruination|p2a: Alexander
|-damage|p2a: Alexander|50/100
|
|upkeep
|turn|2
|
|t:|1781075554
|move|p2a: Alexander|Ice Spinner|p1a: Ting-Lu
|-supereffective|p1a: Ting-Lu
|-damage|p1a: Ting-Lu|74/100
|move|p1a: Ting-Lu|Stealth Rock|p2a: Alexander
|-sidestart|p2: Nxp Nxp|move: Stealth Rock
|
|-heal|p1a: Ting-Lu|80/100|[from] item: Leftovers
|upkeep
|turn|3
|
|t:|1781075557
|move|p2a: Alexander|Ice Spinner|p1a: Ting-Lu
|-supereffective|p1a: Ting-Lu
|-damage|p1a: Ting-Lu|53/100
|move|p1a: Ting-Lu|Earthquake|p2a: Alexander
|-damage|p2a: Alexander|27/100
|
|-heal|p1a: Ting-Lu|59/100|[from] item: Leftovers
|upkeep
|turn|4
|
|t:|1781075561
|move|p2a: Alexander|Rapid Spin|p1a: Ting-Lu
|-damage|p1a: Ting-Lu|51/100
|-boost|p2a: Alexander|spe|1
|-sideend|p2: Nxp Nxp|Stealth Rock|[from] move: Rapid Spin|[of] p2a: Alexander
|move|p1a: Ting-Lu|Earthquake|p2a: Alexander
|-damage|p2a: Alexander|2/100
|
|-heal|p1a: Ting-Lu|57/100|[from] item: Leftovers
|upkeep
|turn|5
|
|t:|1781075569
|move|p2a: Alexander|Ice Spinner|p1a: Ting-Lu
|-supereffective|p1a: Ting-Lu
|-damage|p1a: Ting-Lu|31/100
|move|p1a: Ting-Lu|Earthquake|p2a: Alexander
|-damage|p2a: Alexander|0 fnt
|faint|p2a: Alexander
|-end|p2a: Alexander|Protosynthesis|[silent]
|
|-heal|p1a: Ting-Lu|37/100|[from] item: Leftovers
|upkeep
|
|t:|1781075577
|switch|p2a: She hulk|Ogerpon-Wellspring, F|100/100
|turn|6
|
|t:|1781075581
|switch|p1a: Dragonite|Dragonite, F|100/100
|move|p2a: She hulk|Swords Dance|p2a: She hulk
|-boost|p2a: She hulk|atk|2
|
|upkeep
|turn|7
|
|t:|1781075586
|move|p2a: She hulk|Knock Off|p1a: Dragonite
|-damage|p1a: Dragonite|68/100
|-enditem|p1a: Dragonite|Heavy-Duty Boots|[from] move: Knock Off|[of] p2a: She hulk
|move|p1a: Dragonite|Dragon Tail|p2a: She hulk
|-damage|p2a: She hulk|58/100
|drag|p2a: Gholden Ghoose|Gholdengo|100/100
|
|upkeep
|turn|8
|
|t:|1781075596
|switch|p2a: Crescent|Iron Valiant|100/100
|-enditem|p2a: Crescent|Booster Energy
|-activate|p2a: Crescent|ability: Quark Drive|[fromitem]
|-start|p2a: Crescent|quarkdrivespe
|move|p1a: Dragonite|Earthquake|p2a: Crescent
|-damage|p2a: Crescent|51/100
|
|upkeep
|turn|9
|
|t:|1781075601
|-terastallize|p1a: Dragonite|Normal
|move|p1a: Dragonite|Extreme Speed|p2a: Crescent
|-damage|p2a: Crescent|0 fnt
|faint|p2a: Crescent
|-end|p2a: Crescent|Quark Drive|[silent]
|
|upkeep
|
|t:|1781075610
|switch|p2a: Ozempic maxer|Deoxys-Speed|100/100
|-ability|p2a: Ozempic maxer|Pressure
|turn|10
|
|t:|1781075613
|move|p2a: Ozempic maxer|Superpower|p1a: Dragonite
|-supereffective|p1a: Dragonite
|-damage|p1a: Dragonite|8/100
|-unboost|p2a: Ozempic maxer|atk|1
|-unboost|p2a: Ozempic maxer|def|1
|-enditem|p2a: Ozempic maxer|Eject Pack
|
|t:|1781075618
|switch|p2a: Dragoon|Dragonite, F|100/100
|move|p1a: Dragonite|Roost|p1a: Dragonite
|-heal|p1a: Dragonite|58/100
|
|upkeep
|turn|11
|
|t:|1781075624
|move|p1a: Dragonite|Roost|p1a: Dragonite
|-heal|p1a: Dragonite|100/100
|move|p2a: Dragoon|Dragon Tail|p1a: Dragonite
|-damage|p1a: Dragonite|83/100
|drag|p1a: Cinderace|Cinderace, F|100/100
|
|upkeep
|turn|12
|
|t:|1781075629
|move|p1a: Cinderace|Court Change|p1a: Cinderace
|-start|p1a: Cinderace|typechange|Normal|[from] ability: Libero
|-swapsideconditions
|-activate|p1a: Cinderace|move: Court Change
|move|p2a: Dragoon|Earthquake|p1a: Cinderace
|-damage|p1a: Cinderace|44/100
|
|upkeep
|turn|13
|
|t:|1781075641
|switch|p1a: Ting-Lu|Ting-Lu|37/100
|-ability|p1a: Ting-Lu|Vessel of Ruin
|move|p2a: Dragoon|Dragon Tail|p1a: Ting-Lu
|-damage|p1a: Ting-Lu|19/100
|drag|p1a: Cinderace|Cinderace, F|44/100
|
|upkeep
|turn|14
|
|t:|1781075646
|move|p2a: Dragoon|Extreme Speed|p1a: Cinderace
|-damage|p1a: Cinderace|0 fnt
|faint|p1a: Cinderace
|
|upkeep
|
|t:|1781075652
|switch|p1a: Pecharunt|Pecharunt|100/100
|turn|15
|
|t:|1781075657
|switch|p2a: She hulk|Ogerpon-Wellspring, F|58/100
|-damage|p2a: She hulk|46/100|[from] Stealth Rock
|move|p1a: Pecharunt|Malignant Chain|p2a: She hulk
|-supereffective|p2a: She hulk
|-damage|p2a: She hulk|0 fnt
|faint|p2a: She hulk
|
|upkeep
|
|t:|1781075659
|switch|p2a: Ozempic maxer|Deoxys-Speed|100/100
|-damage|p2a: Ozempic maxer|88/100|[from] Stealth Rock
|-ability|p2a: Ozempic maxer|Pressure
|turn|16
|
|t:|1781075662
|switch|p1a: Ting-Lu|Ting-Lu|19/100
|-ability|p1a: Ting-Lu|Vessel of Ruin
|move|p2a: Ozempic maxer|Spikes|p1a: Ting-Lu
|-sidestart|p1: kadu99|Spikes
|
|-heal|p1a: Ting-Lu|26/100|[from] item: Leftovers
|upkeep
|turn|17
|
|t:|1781075665
|move|p2a: Ozempic maxer|Ice Beam|p1a: Ting-Lu
|-supereffective|p1a: Ting-Lu
|-damage|p1a: Ting-Lu|3/100
|move|p1a: Ting-Lu|Earthquake|p2a: Ozempic maxer
|-damage|p2a: Ozempic maxer|33/100
|
|-heal|p1a: Ting-Lu|9/100|[from] item: Leftovers
|upkeep
|turn|18
|
|t:|1781075668
|move|p2a: Ozempic maxer|Ice Beam|p1a: Ting-Lu
|-supereffective|p1a: Ting-Lu
|-damage|p1a: Ting-Lu|0 fnt
|faint|p1a: Ting-Lu
|
|upkeep
|
|t:|1781075674
|switch|p1a: Dragonite|Dragonite, F, tera:Normal|83/100
|-damage|p1a: Dragonite|71/100|[from] Spikes
|turn|19
|
|t:|1781075681
|switch|p2a: Gholden Ghoose|Gholdengo|100/100
|-damage|p2a: Gholden Ghoose|94/100|[from] Stealth Rock
|move|p1a: Dragonite|Roost|p1a: Dragonite
|-heal|p1a: Dragonite|100/100
|
|upkeep
|turn|20
|
|t:|1781075684
|move|p2a: Gholden Ghoose|Trick|p1a: Dragonite
|-activate|p2a: Gholden Ghoose|move: Trick|[of] p1a: Dragonite
|-item|p1a: Dragonite|Choice Scarf|[from] move: Trick
|-enditem|p2a: Gholden Ghoose|Choice Scarf|[silent]|[from] move: Trick
|move|p1a: Dragonite|Earthquake|p2a: Gholden Ghoose
|-supereffective|p2a: Gholden Ghoose
|-damage|p2a: Gholden Ghoose|0 fnt
|faint|p2a: Gholden Ghoose
|
|upkeep
|
|t:|1781075689
|switch|p2a: Dragoon|Dragonite, F|100/100
|turn|21
|
|t:|1781075695
|switch|p1a: Pecharunt|Pecharunt|100/100
|switch|p2a: Ozempic maxer|Deoxys-Speed|33/100
|-damage|p2a: Ozempic maxer|21/100|[from] Stealth Rock
|-ability|p2a: Ozempic maxer|Pressure
|
|upkeep
|turn|22
|
|t:|1781075701
|switch|p1a: Dragonite|Dragonite, F, tera:Normal|100/100
|-damage|p1a: Dragonite|88/100|[from] Spikes
|move|p2a: Ozempic maxer|Psycho Boost|p1a: Dragonite
|-damage|p1a: Dragonite|36/100
|-unboost|p2a: Ozempic maxer|spa|2
|
|upkeep
|turn|23
|
|t:|1781075712
|switch|p2a: Dragoon|Dragonite, F|100/100
|move|p1a: Dragonite|Dragon Tail|p2a: Dragoon
|-supereffective|p2a: Dragoon
|-damage|p2a: Dragoon|68/100
|drag|p2a: Ozempic maxer|Deoxys-Speed|21/100
|-damage|p2a: Ozempic maxer|8/100|[from] Stealth Rock
|-ability|p2a: Ozempic maxer|Pressure
|
|upkeep
|turn|24
|
|t:|1781075716
|move|p2a: Ozempic maxer|Superpower|p1a: Dragonite
|-supereffective|p1a: Dragonite
|-damage|p1a: Dragonite|0 fnt
|-unboost|p2a: Ozempic maxer|atk|1
|-unboost|p2a: Ozempic maxer|def|1
|faint|p1a: Dragonite
|
|upkeep
|
|t:|1781075728
|switch|p1a: Iron Valiant|Iron Valiant|100/100
|-damage|p1a: Iron Valiant|88/100|[from] Spikes
|turn|25
|
|t:|1781075732
|switch|p2a: Dragoon|Dragonite, F|68/100
|move|p1a: Iron Valiant|Endure||[still]
|-fail|p1a: Iron Valiant
|
|upkeep
|turn|26
|
|t:|1781075738
|-terastallize|p2a: Dragoon|Normal
|move|p1a: Iron Valiant|Moonblast|p2a: Dragoon
|-damage|p2a: Dragoon|30/100
|move|p2a: Dragoon|Roost|p2a: Dragoon
|-heal|p2a: Dragoon|80/100
|
|upkeep
|turn|27
|
|t:|1781075745
|move|p2a: Dragoon|Extreme Speed|p1a: Iron Valiant
|-damage|p1a: Iron Valiant|25/100
|move|p1a: Iron Valiant|Close Combat|p2a: Dragoon
|-supereffective|p2a: Dragoon
|-damage|p2a: Dragoon|0 fnt
|-unboost|p1a: Iron Valiant|def|1
|-unboost|p1a: Iron Valiant|spd|1
|faint|p2a: Dragoon
|
|upkeep
|-message|Nxp Nxp forfeited.
|
|win|kadu99
|raw|kadu99's rating: 1610 &rarr; <strong>1625</strong><br />(+15 for winning)
|raw|Nxp Nxp's rating: 1529 &rarr; <strong>1514</strong><br />(-15 for losing)
|l|☆Nxp Nxp
|player|p2|
