|j|☆jd2sleepy
|j|☆bigballs01
|t:|1781477885
|gametype|singles
|player|p1|jd2sleepy|blackbelt-gen4dp|1697
|player|p2|bigballs01|swimmer-gen4dp|1675
|gen|9
|tier|[Gen 9] OU
|rated|
|rule|HP Percentage Mod: HP is shown in percentages
|rule|Endless Battle Clause: Forcing endless battles is banned
|rule|Species Clause: Limit one of each Pokémon
|rule|OHKO Clause: OHKO moves are banned
|rule|Evasion Items Clause: Evasion items are banned
|rule|Evasion Moves Clause: Evasion moves are banned
|rule|Evasion Abilities Clause: Evasion abilities are banned
|rule|Sleep Moves Clause: Sleep-inducing moves are banned
|clearpoke
|poke|p1|Iron Treads|
|poke|p1|Pelipper, M|
|poke|p1|Volcanion|
|poke|p1|Lokix, F|
|poke|p1|Iron Valiant|
|poke|p1|Dragapult, M|
|poke|p2|Hatterene, F|
|poke|p2|Great Tusk|
|poke|p2|Tornadus-Therian, M|
|poke|p2|Kyurem|
|poke|p2|Slowking-Galar, M|
|poke|p2|Kingambit, M|
|teampreview
|inactive|Battle timer is ON: inactive players will automatically lose when time's up. (requested by bigballs01)
|j| samurajen
|inactive|jd2sleepy has 120 seconds left.
|inactive|bigballs01 has 120 seconds left.
|
|t:|1781477931
|teamsize|p1|6
|teamsize|p2|6
|start
|switch|p1a: Valiant Effort|Iron Valiant|100/100
|switch|p2a: Slowking|Slowking-Galar, M|100/100
|turn|1
|
|t:|1781477938
|-end|p1a: Valiant Effort|Quark Drive|[silent]
|switch|p1a: Tready Way|Iron Treads, shiny|100/100
|-enditem|p1a: Tready Way|Booster Energy
|-activate|p1a: Tready Way|ability: Quark Drive|[fromitem]
|-start|p1a: Tready Way|quarkdrivespe
|move|p2a: Slowking|Sludge Bomb|p1a: Tready Way
|-immune|p1a: Tready Way
|
|upkeep
|turn|2
|
|t:|1781477942
|switch|p2a: Tornadus|Tornadus-Therian, M|100/100
|move|p1a: Tready Way|Stealth Rock|p2a: Tornadus
|-sidestart|p2: bigballs01|move: Stealth Rock
|
|upkeep
|turn|3
|
|t:|1781477945
|move|p1a: Tready Way|Thunder|p2a: Tornadus
|-supereffective|p2a: Tornadus
|-damage|p2a: Tornadus|67/100
|move|p2a: Tornadus|Heat Wave|p1a: Tready Way|[miss]
|-miss|p2a: Tornadus|p1a: Tready Way
|
|upkeep
|turn|4
|
|t:|1781477953
|move|p1a: Tready Way|Thunder|p2a: Tornadus
|-supereffective|p2a: Tornadus
|-damage|p2a: Tornadus|33/100
|move|p2a: Tornadus|U-turn|p1a: Tready Way
|-resisted|p1a: Tready Way
|-damage|p1a: Tready Way|94/100
|
|t:|1781477956
|switch|p2a: Great Tusk|Great Tusk|100/100|[from] U-turn
|-damage|p2a: Great Tusk|98/100|[from] Stealth Rock
|
|upkeep
|turn|5
|
|t:|1781477962
|move|p1a: Tready Way|Earth Power|p2a: Great Tusk
|-damage|p2a: Great Tusk|47/100
|move|p2a: Great Tusk|Ice Spinner|p1a: Tready Way
|-crit|p1a: Tready Way
|-damage|p1a: Tready Way|54/100
|
|upkeep
|turn|6
|
|t:|1781477965
|move|p1a: Tready Way|Earth Power|p2a: Great Tusk
|-damage|p2a: Great Tusk|0 fnt
|faint|p2a: Great Tusk
|-end|p2a: Great Tusk|Protosynthesis|[silent]
|
|upkeep
|c|☆bigballs01|im so shit
|
|t:|1781477983
|switch|p2a: Kyurem|Kyurem|100/100
|-damage|p2a: Kyurem|76/100|[from] Stealth Rock
|-ability|p2a: Kyurem|Pressure
|turn|7
|c|☆jd2sleepy|Nah bro just unlucky
|
|t:|1781477987
|move|p1a: Tready Way|Earth Power|p2a: Kyurem
|-damage|p2a: Kyurem|47/100
|move|p2a: Kyurem|Ice Beam|p1a: Tready Way
|-damage|p1a: Tready Way|0 fnt
|faint|p1a: Tready Way
|-end|p1a: Tready Way|Quark Drive|[silent]
|
|upkeep
|
|t:|1781477990
|switch|p1a: GotOneShot|Dragapult, M|100/100
|turn|8
|
|t:|1781477995
|move|p1a: GotOneShot|Dragon Darts|p2a: Kyurem
|-supereffective|p2a: Kyurem
|-damage|p2a: Kyurem|0 fnt
|faint|p2a: Kyurem
|-damage|p1a: GotOneShot|91/100|[from] item: Life Orb
|
|upkeep
|
|t:|1781477998
|switch|p2a: Hatterene|Hatterene, F|100/100
|-damage|p2a: Hatterene|88/100|[from] Stealth Rock
|turn|9
|
|t:|1781478003
|move|p1a: GotOneShot|Shadow Ball|p2a: Hatterene
|-supereffective|p2a: Hatterene
|-damage|p2a: Hatterene|0 fnt
|faint|p2a: Hatterene
|-damage|p1a: GotOneShot|81/100|[from] item: Life Orb
|
|upkeep
|
|t:|1781478006
|switch|p2a: Kingambit|Kingambit, M|100/100
|-damage|p2a: Kingambit|94/100|[from] Stealth Rock
|-activate|p2a: Kingambit|ability: Supreme Overlord
|-start|p2a: Kingambit|fallen3|[silent]
|turn|10
|
|t:|1781478014
|move|p1a: GotOneShot|Hydro Pump|p2a: Kingambit
|-damage|p2a: Kingambit|51/100
|-damage|p1a: GotOneShot|71/100|[from] item: Life Orb
|move|p2a: Kingambit|Kowtow Cleave|p1a: GotOneShot
|-supereffective|p1a: GotOneShot
|-damage|p1a: GotOneShot|0 fnt
|faint|p1a: GotOneShot
|
|-heal|p2a: Kingambit|57/100|[from] item: Leftovers
|upkeep
|
|t:|1781478027
|switch|p1a: カラマツ|Volcanion|100/100
|turn|11
|
|t:|1781478030
|-end|p2a: Kingambit|fallen3|[silent]
|switch|p2a: Slowking|Slowking-Galar, M|100/100
|-damage|p2a: Slowking|88/100|[from] Stealth Rock
|move|p1a: カラマツ|Steam Eruption|p2a: Slowking
|-damage|p2a: Slowking|11/100
|-status|p2a: Slowking|brn
|
|-heal|p2a: Slowking|17/100 brn|[from] item: Black Sludge
|-damage|p2a: Slowking|11/100 brn|[from] brn
|upkeep
|turn|12
|
|t:|1781478034
|move|p1a: カラマツ|Steam Eruption|p2a: Slowking
|-damage|p2a: Slowking|0 fnt
|faint|p2a: Slowking
|
|upkeep
|
|t:|1781478036
|switch|p2a: Tornadus|Tornadus-Therian, M|66/100
|-damage|p2a: Tornadus|41/100|[from] Stealth Rock
|turn|13
|
|t:|1781478040
|move|p2a: Tornadus|Knock Off|p1a: カラマツ
|-damage|p1a: カラマツ|80/100
|-enditem|p1a: カラマツ|Choice Specs|[from] move: Knock Off|[of] p2a: Tornadus
|move|p1a: カラマツ|Steam Eruption|p2a: Tornadus|[miss]
|-miss|p1a: カラマツ|p2a: Tornadus
|
|upkeep
|turn|14
|
|t:|1781478043
|move|p2a: Tornadus|Bleakwind Storm|p1a: カラマツ
|-damage|p1a: カラマツ|37/100
|move|p1a: カラマツ|Steam Eruption|p2a: Tornadus
|-damage|p2a: Tornadus|3/100
|
|upkeep
|turn|15
|
|t:|1781478048
|move|p2a: Tornadus|Bleakwind Storm|p1a: カラマツ
|-damage|p1a: カラマツ|0 fnt
|faint|p1a: カラマツ
|
|upkeep
|
|t:|1781478053
|switch|p1a: Valiant Effort|Iron Valiant|100/100
|turn|16
|
|t:|1781478056
|move|p1a: Valiant Effort|Vacuum Wave|p2a: Tornadus
|-resisted|p2a: Tornadus
|-damage|p2a: Tornadus|0 fnt
|faint|p2a: Tornadus
|
|upkeep
|
|t:|1781478058
|switch|p2a: Kingambit|Kingambit, M|57/100
|-damage|p2a: Kingambit|51/100|[from] Stealth Rock
|-activate|p2a: Kingambit|ability: Supreme Overlord
|-start|p2a: Kingambit|fallen5|[silent]
|turn|17
|
|t:|1781478068
|-end|p1a: Valiant Effort|Quark Drive|[silent]
|switch|p1a: Drizzy|Pelipper, M|100/100
|-weather|RainDance|[from] ability: Drizzle|[of] p1a: Drizzy
|-terastallize|p2a: Kingambit|Ghost
|move|p2a: Kingambit|Iron Head|p1a: Drizzy
|-resisted|p1a: Drizzy
|-damage|p1a: Drizzy|65/100
|
|-weather|RainDance|[upkeep]
|-heal|p2a: Kingambit|57/100|[from] item: Leftovers
|upkeep
|turn|18
|
|t:|1781478073
|move|p2a: Kingambit|Swords Dance|p2a: Kingambit
|-boost|p2a: Kingambit|atk|2
|move|p1a: Drizzy|Knock Off|p2a: Kingambit
|-supereffective|p2a: Kingambit
|-damage|p2a: Kingambit|40/100
|-enditem|p2a: Kingambit|Leftovers|[from] move: Knock Off|[of] p1a: Drizzy
|
|-weather|RainDance|[upkeep]
|upkeep
|turn|19
|
|t:|1781478079
|move|p2a: Kingambit|Sucker Punch|p1a: Drizzy
|-damage|p1a: Drizzy|0 fnt
|faint|p1a: Drizzy
|
|-weather|RainDance|[upkeep]
|upkeep
|
|t:|1781478081
|switch|p1a: Valiant Effort|Iron Valiant|100/100
|turn|20
|
|t:|1781478086
|move|p1a: Valiant Effort|Moonblast|p2a: Kingambit
|-damage|p2a: Kingambit|0 fnt
|faint|p2a: Kingambit
|-end|p2a: Kingambit|fallen5|[silent]
|
|win|jd2sleepy
|raw|jd2sleepy's rating: 1697 &rarr; <strong>1716</strong><br />(+19 for winning)
|raw|bigballs01's rating: 1675 &rarr; <strong>1656</strong><br />(-19 for losing)
|l|☆bigballs01
|player|p2|
|l|☆jd2sleepy
|player|p1|
