|j|☆crck like alakazam
|j|☆bigguy916
|t:|1781296125
|gametype|singles
|player|p1|crck like alakazam|psychicf-gen4|1630
|player|p2|bigguy916|unknownf|1701
|gen|9
|tier|[Gen 9] OU
|rated|
|rule|HP Percentage Mod: HP is shown in percentages
|rule|Endless Battle Clause: Forcing endless battles is banned
|rule|Species Clause: Limit one of each Pokémon
|rule|OHKO Clause: OHKO moves are banned
|rule|Evasion Items Clause: Evasion items are banned
|rule|Evasion Moves Clause: Evasion moves are banned
|rule|Evasion Abilities Clause: Evasion abilities are banned
|rule|Sleep Moves Clause: Sleep-inducing moves are banned
|clearpoke
|poke|p1|Iron Treads|
|poke|p1|Pelipper, M|
|poke|p1|Dondozo, M|
|poke|p1|Overqwil, F|
|poke|p1|Enamorus, F|
|poke|p1|Raging Bolt|
|poke|p2|Iron Hands|
|poke|p2|Kingambit, F|
|poke|p2|Hatterene, F|
|poke|p2|Landorus-Therian, M|
|poke|p2|Dragapult, M|
|poke|p2|Walking Wake|
|teampreview
|inactive|Battle timer is ON: inactive players will automatically lose when time's up. (requested by bigguy916)
|inactive|crck like alakazam also wants the timer to be on.
|inactive|crck like alakazam has 120 seconds left.
|
|t:|1781296157
|teamsize|p1|6
|teamsize|p2|6
|start
|switch|p1a: WishABozoWould|Dondozo, M|100/100
|switch|p2a: Iron Hands|Iron Hands|100/100
|turn|1
|inactive|crck like alakazam has 120 seconds left.
|
|t:|1781296198
|switch|p1a: C.T.E.Spins|Iron Treads|100/100
|-enditem|p1a: C.T.E.Spins|Booster Energy
|-activate|p1a: C.T.E.Spins|ability: Quark Drive|[fromitem]
|-start|p1a: C.T.E.Spins|quarkdrivespe
|move|p2a: Iron Hands|Thunder Punch|p1a: C.T.E.Spins
|-immune|p1a: C.T.E.Spins
|
|upkeep
|turn|2
|inactive|bigguy916 has 120 seconds left.
|
|t:|1781296228
|move|p1a: C.T.E.Spins|Volt Switch|p2a: Iron Hands
|-resisted|p2a: Iron Hands
|-damage|p2a: Iron Hands|95/100
|
|t:|1781296237
|-end|p1a: C.T.E.Spins|Quark Drive|[silent]
|switch|p1a: GangStarrFromAbove|Enamorus, F|100/100|[from] Volt Switch
|move|p2a: Iron Hands|Drain Punch|p1a: GangStarrFromAbove
|-resisted|p1a: GangStarrFromAbove
|-damage|p1a: GangStarrFromAbove|83/100
|-heal|p2a: Iron Hands|100/100|[from] drain|[of] p1a: GangStarrFromAbove
|
|upkeep
|turn|3
|inactive|crck like alakazam has 120 seconds left.
|
|t:|1781296250
|move|p1a: GangStarrFromAbove|Moonblast|p2a: Iron Hands
|-supereffective|p2a: Iron Hands
|-damage|p2a: Iron Hands|4/100
|move|p2a: Iron Hands|Thunder Punch|p1a: GangStarrFromAbove
|-supereffective|p1a: GangStarrFromAbove
|-damage|p1a: GangStarrFromAbove|0 fnt
|faint|p1a: GangStarrFromAbove
|
|upkeep
|inactive|crck like alakazam has 120 seconds left.
|
|t:|1781296258
|switch|p1a: C.T.E.Spins|Iron Treads|100/100
|turn|4
|
|t:|1781296268
|-end|p2a: Iron Hands|Quark Drive|[silent]
|switch|p2a: Landorus|Landorus-Therian, M|100/100
|-ability|p2a: Landorus|Intimidate|boost
|-unboost|p1a: C.T.E.Spins|atk|1
|move|p1a: C.T.E.Spins|Earthquake|p2a: Landorus
|-immune|p2a: Landorus
|
|upkeep
|turn|5
|
|t:|1781296271
|move|p1a: C.T.E.Spins|Earthquake|p2a: Landorus
|-immune|p2a: Landorus
|move|p2a: Landorus|Earth Power|p1a: C.T.E.Spins
|-supereffective|p1a: C.T.E.Spins
|-damage|p1a: C.T.E.Spins|19/100
|
|upkeep
|turn|6
|
|t:|1781296277
|-end|p1a: C.T.E.Spins|Quark Drive|[silent]
|switch|p1a: 4Pc Peliac Combo|Pelipper, M|100/100
|-weather|RainDance|[from] ability: Drizzle|[of] p1a: 4Pc Peliac Combo
|move|p2a: Landorus|Earth Power|p1a: 4Pc Peliac Combo
|-immune|p1a: 4Pc Peliac Combo
|
|-weather|RainDance|[upkeep]
|upkeep
|turn|7
|
|t:|1781296285
|move|p2a: Landorus|U-turn|p1a: 4Pc Peliac Combo
|-resisted|p1a: 4Pc Peliac Combo
|-damage|p1a: 4Pc Peliac Combo|94/100
|
|t:|1781296286
|switch|p2a: Iron Hands|Iron Hands|4/100|[from] U-turn
|move|p1a: 4Pc Peliac Combo|U-turn|p2a: Iron Hands
|-resisted|p2a: Iron Hands
|-damage|p2a: Iron Hands|1/100
|
|t:|1781296293
|switch|p1a: PurpleRain|Overqwil, F, shiny|100/100|[from] U-turn
|
|-weather|RainDance|[upkeep]
|upkeep
|turn|8
|
|t:|1781296299
|move|p1a: PurpleRain|Waterfall|p2a: Iron Hands
|-damage|p2a: Iron Hands|0 fnt
|faint|p2a: Iron Hands
|-end|p2a: Iron Hands|Quark Drive|[silent]
|-damage|p1a: PurpleRain|91/100|[from] item: Life Orb
|
|-weather|RainDance|[upkeep]
|upkeep
|
|t:|1781296305
|switch|p2a: Kingambit|Kingambit, F|100/100
|-activate|p2a: Kingambit|ability: Supreme Overlord
|-start|p2a: Kingambit|fallen1|[silent]
|turn|9
|
|t:|1781296321
|-terastallize|p1a: PurpleRain|Water
|move|p1a: PurpleRain|Swords Dance|p1a: PurpleRain
|-boost|p1a: PurpleRain|atk|2
|move|p2a: Kingambit|Iron Head|p1a: PurpleRain
|-resisted|p1a: PurpleRain
|-crit|p1a: PurpleRain
|-damage|p1a: PurpleRain|45/100
|
|-weather|RainDance|[upkeep]
|upkeep
|turn|10
|
|t:|1781296327
|switch|p1a: WishABozoWould|Dondozo, M|100/100
|move|p2a: Kingambit|Sucker Punch||[still]
|-fail|p2a: Kingambit
|
|-weather|RainDance|[upkeep]
|upkeep
|turn|11
|
|t:|1781296333
|-end|p2a: Kingambit|fallen1|[silent]
|switch|p2a: Dragapult|Dragapult, M|100/100
|move|p1a: WishABozoWould|Wave Crash|p2a: Dragapult
|-resisted|p2a: Dragapult
|-damage|p2a: Dragapult|20/100
|-damage|p1a: WishABozoWould|83/100|[from] Recoil
|
|-weather|RainDance|[upkeep]
|upkeep
|turn|12
|
|t:|1781296346
|switch|p2a: Hatterene|Hatterene, F|100/100
|switch|p1a: C.T.E.Spins|Iron Treads|19/100
|
|-weather|RainDance|[upkeep]
|upkeep
|turn|13
|
|t:|1781296352
|move|p1a: C.T.E.Spins|Earthquake|p2a: Hatterene
|-damage|p2a: Hatterene|68/100
|move|p2a: Hatterene|Psychic Noise|p1a: C.T.E.Spins
|-resisted|p1a: C.T.E.Spins
|-damage|p1a: C.T.E.Spins|0 fnt
|faint|p1a: C.T.E.Spins
|-end|p1a: C.T.E.Spins|Quark Drive|[silent]
|
|-weather|none
|upkeep
|
|t:|1781296366
|switch|p1a: PurpleRain|Overqwil, F, shiny, tera:Water|45/100
|turn|14
|
|t:|1781296370
|switch|p2a: Landorus|Landorus-Therian, M|100/100
|-ability|p2a: Landorus|Intimidate|boost
|-unboost|p1a: PurpleRain|atk|1
|move|p1a: PurpleRain|Gunk Shot|p2a: Landorus
|-resisted|p2a: Landorus
|-damage|p2a: Landorus|74/100
|-status|p2a: Landorus|psn
|-damage|p1a: PurpleRain|35/100|[from] item: Life Orb
|
|-damage|p2a: Landorus|62/100 psn|[from] psn
|upkeep
|turn|15
|
|t:|1781296378
|switch|p1a: 4Pc Peliac Combo|Pelipper, M|94/100
|-weather|RainDance|[from] ability: Drizzle|[of] p1a: 4Pc Peliac Combo
|move|p2a: Landorus|Stealth Rock|p1a: 4Pc Peliac Combo
|-sidestart|p1: crck like alakazam|move: Stealth Rock
|
|-weather|RainDance|[upkeep]
|-damage|p2a: Landorus|49/100 psn|[from] psn
|upkeep
|turn|16
|
|t:|1781296389
|switch|p2a: Hatterene|Hatterene, F|68/100
|move|p1a: 4Pc Peliac Combo|Hurricane|p2a: Hatterene
|-damage|p2a: Hatterene|31/100
|-start|p2a: Hatterene|confusion
|
|-weather|RainDance|[upkeep]
|upkeep
|turn|17
|
|t:|1781296407
|move|p1a: 4Pc Peliac Combo|Hurricane|p2a: Hatterene
|-damage|p2a: Hatterene|0 fnt
|faint|p2a: Hatterene
|
|-weather|RainDance|[upkeep]
|upkeep
|
|t:|1781296422
|switch|p2a: Kingambit|Kingambit, F|100/100
|-activate|p2a: Kingambit|ability: Supreme Overlord
|-start|p2a: Kingambit|fallen2|[silent]
|turn|18
|
|t:|1781296433
|move|p2a: Kingambit|Kowtow Cleave|p1a: 4Pc Peliac Combo
|-damage|p1a: 4Pc Peliac Combo|36/100
|move|p1a: 4Pc Peliac Combo|Weather Ball|p2a: Kingambit
|-damage|p2a: Kingambit|39/100
|
|-weather|RainDance|[upkeep]
|upkeep
|turn|19
|
|t:|1781296438
|move|p2a: Kingambit|Kowtow Cleave|p1a: 4Pc Peliac Combo
|-crit|p1a: 4Pc Peliac Combo
|-damage|p1a: 4Pc Peliac Combo|0 fnt
|faint|p1a: 4Pc Peliac Combo
|
|-weather|RainDance|[upkeep]
|upkeep
|
|t:|1781296442
|switch|p1a: Ol'DirtyBolt|Raging Bolt|100/100
|-damage|p1a: Ol'DirtyBolt|88/100|[from] Stealth Rock
|-enditem|p1a: Ol'DirtyBolt|Booster Energy
|-activate|p1a: Ol'DirtyBolt|ability: Protosynthesis|[fromitem]
|-start|p1a: Ol'DirtyBolt|protosynthesisspa
|turn|20
|
|t:|1781296449
|move|p1a: Ol'DirtyBolt|Weather Ball|p2a: Kingambit
|-damage|p2a: Kingambit|0 fnt
|faint|p2a: Kingambit
|-end|p2a: Kingambit|fallen2|[silent]
|
|-weather|RainDance|[upkeep]
|upkeep
|
|t:|1781296452
|switch|p2a: Dragapult|Dragapult, M|20/100
|turn|21
|
|t:|1781296469
|move|p2a: Dragapult|Will-O-Wisp|p1a: Ol'DirtyBolt
|-status|p1a: Ol'DirtyBolt|brn
|move|p1a: Ol'DirtyBolt|Dragon Pulse|p2a: Dragapult
|-supereffective|p2a: Dragapult
|-damage|p2a: Dragapult|0 fnt
|faint|p2a: Dragapult
|
|-weather|RainDance|[upkeep]
|-damage|p1a: Ol'DirtyBolt|82/100 brn|[from] brn
|upkeep
|
|t:|1781296472
|switch|p2a: Landorus|Landorus-Therian, M|49/100 psn
|-ability|p2a: Landorus|Intimidate|boost
|-unboost|p1a: Ol'DirtyBolt|atk|1
|turn|22
|
|t:|1781296499
|move|p2a: Landorus|Earth Power|p1a: Ol'DirtyBolt
|-supereffective|p1a: Ol'DirtyBolt
|-damage|p1a: Ol'DirtyBolt|18/100 brn
|move|p1a: Ol'DirtyBolt|Dragon Pulse|p2a: Landorus
|-damage|p2a: Landorus|0 fnt
|faint|p2a: Landorus
|
|-weather|none
|-damage|p1a: Ol'DirtyBolt|11/100 brn|[from] brn
|upkeep
|
|t:|1781296503
|switch|p2a: Walking Wake|Walking Wake|100/100
|-enditem|p2a: Walking Wake|Booster Energy
|-activate|p2a: Walking Wake|ability: Protosynthesis|[fromitem]
|-start|p2a: Walking Wake|protosynthesisspa
|turn|23
|
|t:|1781296513
|move|p1a: Ol'DirtyBolt|Thunderclap||[still]
|-fail|p1a: Ol'DirtyBolt
|move|p2a: Walking Wake|Substitute|p2a: Walking Wake
|-start|p2a: Walking Wake|Substitute
|-damage|p2a: Walking Wake|76/100
|
|-damage|p1a: Ol'DirtyBolt|5/100 brn|[from] brn
|upkeep
|turn|24
|
|t:|1781296521
|move|p2a: Walking Wake|Substitute|p2a: Walking Wake
|-fail|p2a: Walking Wake|move: Substitute
|move|p1a: Ol'DirtyBolt|Dragon Pulse|p2a: Walking Wake
|-supereffective|p2a: Walking Wake
|-end|p2a: Walking Wake|Substitute
|
|-damage|p1a: Ol'DirtyBolt|0 fnt|[from] brn
|faint|p1a: Ol'DirtyBolt
|-end|p1a: Ol'DirtyBolt|Protosynthesis|[silent]
|upkeep
|
|t:|1781296526
|switch|p1a: WishABozoWould|Dondozo, M|83/100
|-damage|p1a: WishABozoWould|70/100|[from] Stealth Rock
|turn|25
|
|t:|1781296530
|move|p2a: Walking Wake|Dragon Pulse|p1a: WishABozoWould
|-damage|p1a: WishABozoWould|11/100
|move|p1a: WishABozoWould|Outrage|p2a: Walking Wake
|-supereffective|p2a: Walking Wake
|-damage|p2a: Walking Wake|0 fnt
|faint|p2a: Walking Wake
|-end|p2a: Walking Wake|Protosynthesis|[silent]
|
|win|crck like alakazam
|raw|crck like alakazam's rating: 1630 &rarr; <strong>1654</strong><br />(+24 for winning)
|raw|bigguy916's rating: 1701 &rarr; <strong>1677</strong><br />(-24 for losing)
