|j|☆gyhe
|j|☆suprya
|t:|1781032807
|gametype|singles
|player|p1|gyhe|170|1634
|player|p2|suprya|clown|1651
|gen|9
|tier|[Gen 9] OU
|rated|
|rule|HP Percentage Mod: HP is shown in percentages
|rule|Endless Battle Clause: Forcing endless battles is banned
|rule|Species Clause: Limit one of each Pokémon
|rule|OHKO Clause: OHKO moves are banned
|rule|Evasion Items Clause: Evasion items are banned
|rule|Evasion Moves Clause: Evasion moves are banned
|rule|Evasion Abilities Clause: Evasion abilities are banned
|rule|Sleep Moves Clause: Sleep-inducing moves are banned
|clearpoke
|poke|p1|Lokix, F|
|poke|p1|Pecharunt|
|poke|p1|Zamazenta-*|
|poke|p1|Ting-Lu|
|poke|p1|Latios, M|
|poke|p1|Gliscor, F|
|poke|p2|Ursaluna, M|
|poke|p2|Alomomola, F|
|poke|p2|Sinistcha|
|poke|p2|Iron Treads|
|poke|p2|Iron Valiant|
|poke|p2|Hydreigon, M|
|teampreview
|inactive|Battle timer is ON: inactive players will automatically lose when time's up. (requested by suprya)
|
|t:|1781032837
|teamsize|p1|6
|teamsize|p2|6
|start
|switch|p1a: Latios|Latios, M|100/100
|switch|p2a: Iron Valiant|Iron Valiant|100/100
|turn|1
|
|t:|1781032848
|-end|p2a: Iron Valiant|Quark Drive|[silent]
|switch|p2a: Iron Treads|Iron Treads|100/100
|switch|p1a: Pecharunt|Pecharunt|100/100
|
|upkeep
|turn|2
|
|t:|1781032864
|switch|p1a: Ting-Lu|Ting-Lu|100/100
|-ability|p1a: Ting-Lu|Vessel of Ruin
|move|p2a: Iron Treads|Stealth Rock|p1a: Ting-Lu
|-sidestart|p1: gyhe|move: Stealth Rock
|
|upkeep
|turn|3
|
|t:|1781032872
|-end|p2a: Iron Treads|Quark Drive|[silent]
|switch|p2a: Ursaluna|Ursaluna, M|100/100
|move|p1a: Ting-Lu|Stealth Rock|p2a: Ursaluna
|-sidestart|p2: suprya|move: Stealth Rock
|
|-status|p2a: Ursaluna|brn|[from] item: Flame Orb
|upkeep
|turn|4
|
|t:|1781032878
|move|p2a: Ursaluna|Swords Dance|p2a: Ursaluna
|-boost|p2a: Ursaluna|atk|2
|move|p1a: Ting-Lu|Ruination|p2a: Ursaluna
|-damage|p2a: Ursaluna|51/100 brn
|
|-damage|p2a: Ursaluna|45/100 brn|[from] brn
|upkeep
|turn|5
|
|t:|1781032887
|switch|p1a: Gliscor|Gliscor, F|100/100
|-damage|p1a: Gliscor|88/100|[from] Stealth Rock
|move|p2a: Ursaluna|Facade|p1a: Gliscor
|-damage|p1a: Gliscor|0 fnt
|faint|p1a: Gliscor
|
|-damage|p2a: Ursaluna|38/100 brn|[from] brn
|upkeep
|
|t:|1781032897
|switch|p1a: Latios|Latios, M|100/100
|-damage|p1a: Latios|88/100|[from] Stealth Rock
|turn|6
|
|t:|1781032904
|switch|p2a: Iron Treads|Iron Treads|100/100
|-damage|p2a: Iron Treads|98/100|[from] Stealth Rock
|move|p1a: Latios|Psychic Noise|p2a: Iron Treads
|-resisted|p2a: Iron Treads
|-damage|p2a: Iron Treads|78/100
|-start|p2a: Iron Treads|move: Heal Block
|
|upkeep
|turn|7
|
|t:|1781032910
|move|p1a: Latios|Psychic Noise|p2a: Iron Treads
|-resisted|p2a: Iron Treads
|-damage|p2a: Iron Treads|59/100
|move|p2a: Iron Treads|Knock Off|p1a: Latios
|-supereffective|p1a: Latios
|-damage|p1a: Latios|25/100
|-enditem|p1a: Latios|Soul Dew|[from] move: Knock Off|[of] p2a: Iron Treads
|
|-end|p2a: Iron Treads|move: Heal Block
|upkeep
|turn|8
|
|t:|1781032931
|move|p1a: Latios|Flip Turn|p2a: Iron Treads
|-supereffective|p2a: Iron Treads
|-damage|p2a: Iron Treads|41/100
|
|t:|1781032933
|switch|p1a: Pecharunt|Pecharunt|100/100|[from] Flip Turn
|move|p2a: Iron Treads|Rapid Spin|p1a: Pecharunt
|-immune|p1a: Pecharunt
|
|-heal|p2a: Iron Treads|47/100|[from] item: Leftovers
|upkeep
|turn|9
|
|t:|1781032937
|move|p2a: Iron Treads|Knock Off|p1a: Pecharunt
|-supereffective|p1a: Pecharunt
|-damage|p1a: Pecharunt|78/100
|-enditem|p1a: Pecharunt|Heavy-Duty Boots|[from] move: Knock Off|[of] p2a: Iron Treads
|move|p1a: Pecharunt|Parting Shot|p2a: Iron Treads
|-unboost|p2a: Iron Treads|atk|1
|-unboost|p2a: Iron Treads|spa|1
|
|t:|1781032941
|switch|p1a: Zamazenta|Zamazenta|100/100|[from] Parting Shot
|-ability|p1a: Zamazenta|Dauntless Shield|boost
|-boost|p1a: Zamazenta|def|1
|
|-heal|p2a: Iron Treads|53/100|[from] item: Leftovers
|upkeep
|turn|10
|inactive|suprya has 120 seconds left.
|
|t:|1781032989
|switch|p1a: Pecharunt|Pecharunt|78/100
|-damage|p1a: Pecharunt|65/100|[from] Stealth Rock
|-end|p2a: Iron Treads|Quark Drive|[silent]
|switch|p2a: Sinistcha|Sinistcha|100/100
|
|upkeep
|turn|11
|
|t:|1781033001
|switch|p2a: Alomomola|Alomomola, F|100/100
|-damage|p2a: Alomomola|88/100|[from] Stealth Rock
|move|p1a: Pecharunt|Recover|p1a: Pecharunt
|-heal|p1a: Pecharunt|100/100
|
|upkeep
|turn|12
|
|t:|1781033006
|move|p1a: Pecharunt|Malignant Chain|p2a: Alomomola
|-damage|p2a: Alomomola|59/100
|move|p2a: Alomomola|Flip Turn|p1a: Pecharunt
|-damage|p1a: Pecharunt|92/100
|
|t:|1781033014
|switch|p2a: Iron Treads|Iron Treads|53/100|[from] Flip Turn
|-damage|p2a: Iron Treads|50/100|[from] Stealth Rock
|
|-heal|p2a: Iron Treads|56/100|[from] item: Leftovers
|upkeep
|turn|13
|
|t:|1781033017
|move|p2a: Iron Treads|Earthquake|p1a: Pecharunt
|-supereffective|p1a: Pecharunt
|-damage|p1a: Pecharunt|56/100
|move|p1a: Pecharunt|Parting Shot|p2a: Iron Treads
|-unboost|p2a: Iron Treads|atk|1
|-unboost|p2a: Iron Treads|spa|1
|
|t:|1781033027
|switch|p1a: Lokix|Lokix, F|100/100|[from] Parting Shot
|
|-heal|p2a: Iron Treads|62/100|[from] item: Leftovers
|upkeep
|turn|14
|inactive|suprya has 120 seconds left.
|
|t:|1781033047
|-end|p2a: Iron Treads|Quark Drive|[silent]
|switch|p2a: Alomomola|Alomomola, F|92/100
|-damage|p2a: Alomomola|79/100|[from] Stealth Rock
|move|p1a: Lokix|Knock Off|p2a: Alomomola
|-damage|p2a: Alomomola|52/100
|-damage|p1a: Lokix|84/100|[from] item: Rocky Helmet|[of] p2a: Alomomola
|-enditem|p2a: Alomomola|Rocky Helmet|[from] move: Knock Off|[of] p1a: Lokix
|
|upkeep
|turn|15
|
|t:|1781033054
|move|p1a: Lokix|U-turn|p2a: Alomomola
|-damage|p2a: Alomomola|31/100
|
|t:|1781033060
|switch|p1a: Ting-Lu|Ting-Lu|100/100|[from] U-turn
|-damage|p1a: Ting-Lu|94/100|[from] Stealth Rock
|-ability|p1a: Ting-Lu|Vessel of Ruin
|move|p2a: Alomomola|Flip Turn|p1a: Ting-Lu
|-supereffective|p1a: Ting-Lu
|-damage|p1a: Ting-Lu|75/100
|
|t:|1781033077
|switch|p2a: Ursaluna|Ursaluna, M|38/100 brn|[from] Flip Turn
|-damage|p2a: Ursaluna|32/100 brn|[from] Stealth Rock
|
|-heal|p1a: Ting-Lu|81/100|[from] item: Leftovers
|-damage|p2a: Ursaluna|26/100 brn|[from] brn
|upkeep
|turn|16
|
|t:|1781033081
|move|p2a: Ursaluna|Headlong Rush|p1a: Ting-Lu
|-damage|p1a: Ting-Lu|21/100
|-unboost|p2a: Ursaluna|def|1
|-unboost|p2a: Ursaluna|spd|1
|move|p1a: Ting-Lu|Earthquake|p2a: Ursaluna
|-damage|p2a: Ursaluna|0 fnt
|faint|p2a: Ursaluna
|
|-heal|p1a: Ting-Lu|27/100|[from] item: Leftovers
|upkeep
|
|t:|1781033087
|switch|p2a: Iron Valiant|Iron Valiant|100/100
|-damage|p2a: Iron Valiant|94/100|[from] Stealth Rock
|turn|17
|
|t:|1781033106
|move|p2a: Iron Valiant|Moonblast|p1a: Ting-Lu
|-supereffective|p1a: Ting-Lu
|-damage|p1a: Ting-Lu|0 fnt
|faint|p1a: Ting-Lu
|
|upkeep
|
|t:|1781033119
|switch|p1a: Zamazenta|Zamazenta|100/100
|turn|18
|
|t:|1781033125
|switch|p1a: Latios|Latios, M|25/100
|-damage|p1a: Latios|13/100|[from] Stealth Rock
|-end|p2a: Iron Valiant|Quark Drive|[silent]
|switch|p2a: Sinistcha|Sinistcha|100/100
|
|upkeep
|turn|19
|
|t:|1781033134
|switch|p2a: Iron Treads|Iron Treads|62/100
|-damage|p2a: Iron Treads|59/100|[from] Stealth Rock
|move|p1a: Latios|Draco Meteor|p2a: Iron Treads
|-resisted|p2a: Iron Treads
|-damage|p2a: Iron Treads|32/100
|-unboost|p1a: Latios|spa|2
|
|-heal|p2a: Iron Treads|38/100|[from] item: Leftovers
|upkeep
|turn|20
|
|t:|1781033142
|move|p1a: Latios|Recover|p1a: Latios
|-heal|p1a: Latios|63/100
|move|p2a: Iron Treads|Knock Off|p1a: Latios
|-supereffective|p1a: Latios
|-damage|p1a: Latios|15/100
|
|-heal|p2a: Iron Treads|44/100|[from] item: Leftovers
|upkeep
|turn|21
|
|t:|1781033147
|move|p1a: Latios|Flip Turn|p2a: Iron Treads
|-supereffective|p2a: Iron Treads
|-damage|p2a: Iron Treads|27/100
|
|t:|1781033149
|switch|p1a: Pecharunt|Pecharunt|56/100|[from] Flip Turn
|-damage|p1a: Pecharunt|44/100|[from] Stealth Rock
|move|p2a: Iron Treads|Knock Off|p1a: Pecharunt
|-supereffective|p1a: Pecharunt
|-damage|p1a: Pecharunt|27/100
|
|-heal|p2a: Iron Treads|33/100|[from] item: Leftovers
|upkeep
|turn|22
|
|t:|1781033154
|switch|p1a: Zamazenta|Zamazenta|100/100
|move|p2a: Iron Treads|Earthquake|p1a: Zamazenta
|-damage|p1a: Zamazenta|64/100
|
|-heal|p2a: Iron Treads|39/100|[from] item: Leftovers
|upkeep
|turn|23
|
|t:|1781033161
|switch|p1a: Latios|Latios, M|15/100
|-damage|p1a: Latios|3/100|[from] Stealth Rock
|-end|p2a: Iron Treads|Quark Drive|[silent]
|switch|p2a: Sinistcha|Sinistcha|100/100
|
|upkeep
|turn|24
|
|t:|1781033180
|switch|p2a: Iron Treads|Iron Treads|39/100
|-damage|p2a: Iron Treads|36/100|[from] Stealth Rock
|move|p1a: Latios|Recover|p1a: Latios
|-heal|p1a: Latios|53/100
|
|-heal|p2a: Iron Treads|42/100|[from] item: Leftovers
|upkeep
|turn|25
|
|t:|1781033190
|move|p1a: Latios|Flip Turn|p2a: Iron Treads
|-supereffective|p2a: Iron Treads
|-damage|p2a: Iron Treads|24/100
|
|t:|1781033192
|switch|p1a: Pecharunt|Pecharunt|27/100|[from] Flip Turn
|-damage|p1a: Pecharunt|15/100|[from] Stealth Rock
|move|p2a: Iron Treads|Knock Off|p1a: Pecharunt
|-supereffective|p1a: Pecharunt
|-damage|p1a: Pecharunt|0 fnt
|faint|p1a: Pecharunt
|
|-heal|p2a: Iron Treads|30/100|[from] item: Leftovers
|upkeep
|
|t:|1781033199
|switch|p1a: Lokix|Lokix, F|84/100
|turn|26
|
|t:|1781033212
|move|p1a: Lokix|First Impression|p2a: Iron Treads
|-resisted|p2a: Iron Treads
|-damage|p2a: Iron Treads|0 fnt
|faint|p2a: Iron Treads
|-end|p2a: Iron Treads|Quark Drive|[silent]
|
|upkeep
|
|t:|1781033215
|switch|p2a: Iron Valiant|Iron Valiant|94/100
|-damage|p2a: Iron Valiant|88/100|[from] Stealth Rock
|turn|27
|
|t:|1781033220
|move|p1a: Lokix|Sucker Punch|p2a: Iron Valiant
|-resisted|p2a: Iron Valiant
|-damage|p2a: Iron Valiant|68/100
|move|p2a: Iron Valiant|Moonblast|p1a: Lokix
|-supereffective|p1a: Lokix
|-damage|p1a: Lokix|0 fnt
|faint|p1a: Lokix
|
|upkeep
|
|t:|1781033222
|switch|p1a: Zamazenta|Zamazenta|64/100
|turn|28
|
|t:|1781033227
|switch|p1a: Latios|Latios, M|53/100
|-damage|p1a: Latios|41/100|[from] Stealth Rock
|move|p2a: Iron Valiant|Moonblast|p1a: Latios
|-supereffective|p1a: Latios
|-damage|p1a: Latios|0 fnt
|faint|p1a: Latios
|
|upkeep
|
|t:|1781033230
|switch|p1a: Zamazenta|Zamazenta|64/100
|turn|29
|
|t:|1781033233
|move|p1a: Zamazenta|Crunch|p2a: Iron Valiant
|-resisted|p2a: Iron Valiant
|-damage|p2a: Iron Valiant|59/100
|move|p2a: Iron Valiant|Moonblast|p1a: Zamazenta
|-supereffective|p1a: Zamazenta
|-damage|p1a: Zamazenta|0 fnt
|faint|p1a: Zamazenta
|
|win|suprya
|raw|gyhe's rating: 1634 &rarr; <strong>1616</strong><br />(-18 for losing)
|raw|suprya's rating: 1669 &rarr; <strong>1687</strong><br />(+18 for winning)
|l|☆suprya
|player|p2|
