|badge|p2|silver|gen9ou|30-9
|uhtml|medal-msg|<div class="broadcast-blue">Curious what those medals under the avatar are? PS now has Ladder Seasons! For more information, check out the <a href="https://www.smogon.com/forums/threads/3740067/">thread on Smogon.</a></div>
|j|☆ScribbleScribble
|j|☆crck like alakazam
|t:|1781574238
|gametype|singles
|player|p1|ScribbleScribble|mina-lgpe|1767
|player|p2|crck like alakazam|psychic-gen4|1924
|gen|9
|tier|[Gen 9] OU
|rated|
|rule|HP Percentage Mod: HP is shown in percentages
|rule|Endless Battle Clause: Forcing endless battles is banned
|rule|Species Clause: Limit one of each Pokémon
|rule|OHKO Clause: OHKO moves are banned
|rule|Evasion Items Clause: Evasion items are banned
|rule|Evasion Moves Clause: Evasion moves are banned
|rule|Evasion Abilities Clause: Evasion abilities are banned
|rule|Sleep Moves Clause: Sleep-inducing moves are banned
|clearpoke
|poke|p1|Raging Bolt|
|poke|p1|Lokix, M|
|poke|p1|Hatterene, F|
|poke|p1|Great Tusk|
|poke|p1|Alomomola, F|
|poke|p1|Kyurem|
|poke|p2|Iron Treads|
|poke|p2|Pelipper, M|
|poke|p2|Dondozo, F|
|poke|p2|Overqwil, F|
|poke|p2|Enamorus, F|
|poke|p2|Raging Bolt|
|teampreview
|inactive|Battle timer is ON: inactive players will automatically lose when time's up. (requested by ScribbleScribble)
|inactive|crck like alakazam also wants the timer to be on.
|
|t:|1781574260
|teamsize|p1|6
|teamsize|p2|6
|start
|switch|p1a: IServeTheBaseForm|Kyurem|100/100
|switch|p2a: PurpleRain|Overqwil, F, shiny|100/100
|-ability|p1a: IServeTheBaseForm|Pressure
|turn|1
|
|t:|1781574272
|switch|p2a: C.T.E.Spins|Iron Treads|100/100
|-enditem|p2a: C.T.E.Spins|Booster Energy
|-activate|p2a: C.T.E.Spins|ability: Quark Drive|[fromitem]
|-start|p2a: C.T.E.Spins|quarkdrivespe
|move|p1a: IServeTheBaseForm|Earth Power|p2a: C.T.E.Spins
|-supereffective|p2a: C.T.E.Spins
|-damage|p2a: C.T.E.Spins|38/100
|
|upkeep
|turn|2
|
|t:|1781574285
|switch|p1a: Brim Reaper|Hatterene, F|100/100
|move|p2a: C.T.E.Spins|Earthquake|p1a: Brim Reaper
|-damage|p1a: Brim Reaper|72/100
|
|upkeep
|turn|3
|
|t:|1781574297
|move|p2a: C.T.E.Spins|Volt Switch|p1a: Brim Reaper
|-damage|p1a: Brim Reaper|61/100
|
|t:|1781574303
|-end|p2a: C.T.E.Spins|Quark Drive|[silent]
|switch|p2a: PurpleRain|Overqwil, F, shiny|100/100|[from] Volt Switch
|move|p1a: Brim Reaper|Mystical Fire|p2a: PurpleRain
|-damage|p2a: PurpleRain|66/100
|-unboost|p2a: PurpleRain|spa|1
|
|upkeep
|turn|4
|
|t:|1781574310
|switch|p1a: Spin the Block|Great Tusk|100/100
|move|p2a: PurpleRain|Gunk Shot|p1a: Spin the Block
|-resisted|p1a: Spin the Block
|-damage|p1a: Spin the Block|75/100
|-damage|p2a: PurpleRain|56/100|[from] item: Life Orb
|
|upkeep
|turn|5
|
|t:|1781574316
|switch|p2a: 4Pc Peliac Combo|Pelipper, M|100/100
|-weather|RainDance|[from] ability: Drizzle|[of] p2a: 4Pc Peliac Combo
|move|p1a: Spin the Block|Stealth Rock|p2a: 4Pc Peliac Combo
|-sidestart|p2: crck like alakazam|move: Stealth Rock
|
|-weather|RainDance|[upkeep]
|upkeep
|turn|6
|
|t:|1781574321
|-end|p1a: Spin the Block|Protosynthesis|[silent]
|switch|p1a: Pack Flipper|Alomomola, F|100/100
|move|p2a: 4Pc Peliac Combo|U-turn|p1a: Pack Flipper
|-damage|p1a: Pack Flipper|93/100
|
|t:|1781574335
|switch|p2a: Ol'DirtyBolt|Raging Bolt|100/100|[from] U-turn
|-damage|p2a: Ol'DirtyBolt|88/100|[from] Stealth Rock
|-enditem|p2a: Ol'DirtyBolt|Booster Energy
|-activate|p2a: Ol'DirtyBolt|ability: Protosynthesis|[fromitem]
|-start|p2a: Ol'DirtyBolt|protosynthesisspa
|
|-weather|RainDance|[upkeep]
|upkeep
|turn|7
|
|t:|1781574340
|move|p2a: Ol'DirtyBolt|Thunder|p1a: Pack Flipper
|-supereffective|p1a: Pack Flipper
|-damage|p1a: Pack Flipper|11/100
|move|p1a: Pack Flipper|Mirror Coat|p2a: Ol'DirtyBolt
|-damage|p2a: Ol'DirtyBolt|0 fnt
|faint|p2a: Ol'DirtyBolt
|-end|p2a: Ol'DirtyBolt|Protosynthesis|[silent]
|
|-weather|RainDance|[upkeep]
|upkeep
|
|t:|1781574349
|switch|p2a: GangStarrFromAbove|Enamorus, F|100/100
|-damage|p2a: GangStarrFromAbove|76/100|[from] Stealth Rock
|turn|8
|
|t:|1781574357
|move|p1a: Pack Flipper|Aqua Jet|p2a: GangStarrFromAbove
|-damage|p2a: GangStarrFromAbove|49/100
|move|p2a: GangStarrFromAbove|Moonblast|p1a: Pack Flipper
|-damage|p1a: Pack Flipper|0 fnt
|faint|p1a: Pack Flipper
|
|-weather|RainDance|[upkeep]
|upkeep
|
|t:|1781574366
|switch|p1a: Nikola Jokix|Lokix, M, shiny|100/100
|turn|9
|
|t:|1781574374
|switch|p2a: WishABozoWould|Dondozo, F|100/100
|-damage|p2a: WishABozoWould|88/100|[from] Stealth Rock
|-terastallize|p1a: Nikola Jokix|Bug
|move|p1a: Nikola Jokix|U-turn|p2a: WishABozoWould
|-damage|p2a: WishABozoWould|44/100
|
|t:|1781574379
|switch|p1a: IServeTheBaseForm|Kyurem|100/100|[from] U-turn
|-ability|p1a: IServeTheBaseForm|Pressure
|
|-weather|RainDance|[upkeep]
|upkeep
|turn|10
|
|t:|1781574381
|move|p1a: IServeTheBaseForm|Freeze-Dry|p2a: WishABozoWould
|-supereffective|p2a: WishABozoWould
|-damage|p2a: WishABozoWould|0 fnt
|faint|p2a: WishABozoWould
|
|-weather|RainDance|[upkeep]
|upkeep
|
|t:|1781574388
|switch|p2a: PurpleRain|Overqwil, F, shiny|56/100
|-damage|p2a: PurpleRain|44/100|[from] Stealth Rock
|turn|11
|
|t:|1781574392
|move|p2a: PurpleRain|Destiny Bond|p2a: PurpleRain
|-singlemove|p2a: PurpleRain|Destiny Bond
|move|p1a: IServeTheBaseForm|Earth Power|p2a: PurpleRain
|-supereffective|p2a: PurpleRain
|-damage|p2a: PurpleRain|0 fnt
|faint|p2a: PurpleRain
|-activate|p2a: PurpleRain|move: Destiny Bond
|faint|p1a: IServeTheBaseForm
|
|-weather|RainDance|[upkeep]
|upkeep
|
|t:|1781574399
|switch|p1a: Nikola Jokix|Lokix, M, shiny, tera:Bug|100/100
|switch|p2a: C.T.E.Spins|Iron Treads|38/100
|-damage|p2a: C.T.E.Spins|35/100|[from] Stealth Rock
|turn|12
|
|t:|1781574410
|move|p1a: Nikola Jokix|First Impression|p2a: C.T.E.Spins
|-resisted|p2a: C.T.E.Spins
|-damage|p2a: C.T.E.Spins|0 fnt
|faint|p2a: C.T.E.Spins
|-end|p2a: C.T.E.Spins|Quark Drive|[silent]
|
|-weather|none
|upkeep
|
|t:|1781574411
|switch|p2a: GangStarrFromAbove|Enamorus, F|49/100
|-damage|p2a: GangStarrFromAbove|24/100|[from] Stealth Rock
|turn|13
|
|t:|1781574414
|switch|p1a: Brim Reaper|Hatterene, F|61/100
|move|p2a: GangStarrFromAbove|Moonblast|p1a: Brim Reaper
|-damage|p1a: Brim Reaper|2/100
|
|upkeep
|turn|14
|
|t:|1781574416
|move|p2a: GangStarrFromAbove|Moonblast|p1a: Brim Reaper
|-damage|p1a: Brim Reaper|0 fnt
|faint|p1a: Brim Reaper
|
|upkeep
|
|t:|1781574417
|switch|p1a: Nikola Jokix|Lokix, M, shiny, tera:Bug|100/100
|turn|15
|-message|crck like alakazam forfeited.
|
|win|ScribbleScribble
|raw|ScribbleScribble's rating: 1767 &rarr; <strong>1795</strong><br />(+28 for winning)
|raw|crck like alakazam's rating: 1924 &rarr; <strong>1896</strong><br />(-28 for losing)
|c|☆ScribbleScribble|gg
|l|☆ScribbleScribble
|player|p1|
