|j|‽zippitytippity
|j|☆Mca Player 11
|t:|1781084339
|gametype|singles
|player|p1|zippitytippity|cynthia-masters4|1564
|player|p2|Mca Player 11|skierf|1598
|gen|9
|tier|[Gen 9] OU
|rated|
|rule|HP Percentage Mod: HP is shown in percentages
|rule|Endless Battle Clause: Forcing endless battles is banned
|rule|Species Clause: Limit one of each Pokémon
|rule|OHKO Clause: OHKO moves are banned
|rule|Evasion Items Clause: Evasion items are banned
|rule|Evasion Moves Clause: Evasion moves are banned
|rule|Evasion Abilities Clause: Evasion abilities are banned
|rule|Sleep Moves Clause: Sleep-inducing moves are banned
|clearpoke
|poke|p1|Ursaluna, M|
|poke|p1|Cresselia, F|
|poke|p1|Iron Valiant|
|poke|p1|Hatterene, F|
|poke|p1|Keldeo-Resolute|
|poke|p1|Ogerpon, F|
|poke|p2|Deoxys-Speed|
|poke|p2|Iron Moth|
|poke|p2|Zamazenta-*|
|poke|p2|Gholdengo|
|poke|p2|Rillaboom, M|
|poke|p2|Iron Jugulis|
|teampreview
|j| lord shiddenfards
|inactive|Battle timer is ON: inactive players will automatically lose when time's up. (requested by Mca Player 11)
|
|t:|1781084426
|teamsize|p1|6
|teamsize|p2|6
|start
|switch|p1a: Ogerpon|Ogerpon, F|100/100
|switch|p2a: Iron Moth|Iron Moth, shiny|100/100
|-enditem|p2a: Iron Moth|Booster Energy
|-activate|p2a: Iron Moth|ability: Quark Drive|[fromitem]
|-start|p2a: Iron Moth|quarkdrivespe
|turn|1
|
|t:|1781084431
|switch|p1a: Cresselia|Cresselia, F, shiny|100/100
|move|p2a: Iron Moth|Sludge Wave|p1a: Cresselia
|-damage|p1a: Cresselia|72/100
|
|upkeep
|turn|2
|
|t:|1781084436
|move|p2a: Iron Moth|Sludge Wave|p1a: Cresselia
|-damage|p1a: Cresselia|41/100
|move|p1a: Cresselia|Trick Room|p1a: Cresselia
|-fieldstart|move: Trick Room|[of] p1a: Cresselia
|
|upkeep
|turn|3
|
|t:|1781084440
|move|p1a: Cresselia|Psychic|p2a: Iron Moth
|-supereffective|p2a: Iron Moth
|-damage|p2a: Iron Moth|49/100
|move|p2a: Iron Moth|Toxic Spikes|p1a: Cresselia
|-sidestart|p1: zippitytippity|move: Toxic Spikes
|
|upkeep
|turn|4
|
|t:|1781084445
|-end|p2a: Iron Moth|Quark Drive|[silent]
|switch|p2a: Iron Jugulis|Iron Jugulis, shiny|100/100
|-enditem|p2a: Iron Jugulis|Booster Energy
|-activate|p2a: Iron Jugulis|ability: Quark Drive|[fromitem]
|-start|p2a: Iron Jugulis|quarkdrivespe
|move|p1a: Cresselia|Ice Beam|p2a: Iron Jugulis
|-supereffective|p2a: Iron Jugulis
|-damage|p2a: Iron Jugulis|58/100
|
|upkeep
|turn|5
|
|t:|1781084452
|move|p1a: Cresselia|Lunar Dance|p1a: Cresselia
|faint|p1a: Cresselia
|move|p2a: Iron Jugulis|Knock Off|p1: Cresselia|[notarget]
|-fail|p2a: Iron Jugulis
|
|upkeep
|
|t:|1781084454
|switch|p1a: Ursaluna|Ursaluna, M, shiny|100/100
|-status|p1a: Ursaluna|psn
|turn|6
|
|t:|1781084459
|move|p1a: Ursaluna|Fire Punch|p2a: Iron Jugulis
|-damage|p2a: Iron Jugulis|5/100
|-status|p2a: Iron Jugulis|brn
|move|p2a: Iron Jugulis|Hurricane|p1a: Ursaluna
|-damage|p1a: Ursaluna|55/100 psn
|-start|p1a: Ursaluna|confusion
|
|-damage|p1a: Ursaluna|43/100 psn|[from] psn
|-damage|p2a: Iron Jugulis|0 fnt|[from] brn
|faint|p2a: Iron Jugulis
|-end|p2a: Iron Jugulis|Quark Drive|[silent]
|-fieldend|move: Trick Room
|upkeep
|
|t:|1781084466
|switch|p2a: Rillaboom|Rillaboom, M, shiny|100/100
|-fieldstart|move: Grassy Terrain|[from] ability: Grassy Surge|[of] p2a: Rillaboom
|turn|7
|
|t:|1781084470
|switch|p1a: Ogerpon|Ogerpon, F|100/100
|-status|p1a: Ogerpon|psn
|move|p2a: Rillaboom|Grassy Glide|p1a: Ogerpon
|-resisted|p1a: Ogerpon
|-damage|p1a: Ogerpon|66/100 psn
|-damage|p2a: Rillaboom|91/100|[from] item: Life Orb
|
|-heal|p1a: Ogerpon|72/100 psn|[from] Grassy Terrain
|-heal|p2a: Rillaboom|97/100|[from] Grassy Terrain
|-damage|p1a: Ogerpon|60/100 psn|[from] psn
|upkeep
|turn|8
|
|t:|1781084475
|switch|p2a: Iron Moth|Iron Moth, shiny|49/100
|move|p1a: Ogerpon|U-turn|p2a: Iron Moth
|-resisted|p2a: Iron Moth
|-damage|p2a: Iron Moth|35/100
|
|t:|1781084481
|switch|p1a: Keldeo|Keldeo-Resolute|100/100|[from] U-turn
|-status|p1a: Keldeo|psn
|
|-heal|p2a: Iron Moth|41/100|[from] Grassy Terrain
|-damage|p1a: Keldeo|88/100 psn|[from] psn
|upkeep
|turn|9
|
|t:|1781084484
|move|p2a: Iron Moth|Sludge Wave|p1a: Keldeo
|-damage|p1a: Keldeo|35/100 psn
|move|p1a: Keldeo|Surf|p2a: Iron Moth
|-supereffective|p2a: Iron Moth
|-damage|p2a: Iron Moth|0 fnt
|faint|p2a: Iron Moth
|-end|p2a: Iron Moth|Quark Drive|[silent]
|
|-heal|p1a: Keldeo|41/100 psn|[from] Grassy Terrain
|-damage|p1a: Keldeo|29/100 psn|[from] psn
|upkeep
|
|t:|1781084486
|switch|p2a: Rillaboom|Rillaboom, M, shiny|97/100
|turn|10
|
|t:|1781084488
|move|p2a: Rillaboom|Grassy Glide|p1a: Keldeo
|-supereffective|p1a: Keldeo
|-damage|p1a: Keldeo|0 fnt
|faint|p1a: Keldeo
|-damage|p2a: Rillaboom|87/100|[from] item: Life Orb
|
|-heal|p2a: Rillaboom|93/100|[from] Grassy Terrain
|upkeep
|
|t:|1781084490
|switch|p1a: Ogerpon|Ogerpon, F|60/100 psn
|-heal|p1a: Ogerpon|100/100|[from] move: Lunar Dance
|-status|p1a: Ogerpon|psn
|turn|11
|
|t:|1781084492
|move|p1a: Ogerpon|U-turn|p2a: Rillaboom
|-supereffective|p2a: Rillaboom
|-damage|p2a: Rillaboom|15/100
|
|t:|1781084496
|switch|p1a: Hatterene|Hatterene, F, shiny|100/100|[from] U-turn
|-status|p1a: Hatterene|psn
|move|p2a: Rillaboom|Knock Off|p1a: Hatterene
|-damage|p1a: Hatterene|49/100 psn
|-enditem|p1a: Hatterene|Focus Sash|[from] move: Knock Off|[of] p2a: Rillaboom
|-damage|p2a: Rillaboom|5/100|[from] item: Life Orb
|
|-heal|p2a: Rillaboom|11/100|[from] Grassy Terrain
|-heal|p1a: Hatterene|55/100 psn|[from] Grassy Terrain
|-damage|p1a: Hatterene|42/100 psn|[from] psn
|-fieldend|move: Grassy Terrain
|upkeep
|turn|12
|
|t:|1781084506
|switch|p2a: Deoxys|Deoxys-Speed|100/100
|-ability|p2a: Deoxys|Pressure
|move|p1a: Hatterene|Trick Room|p1a: Hatterene
|-fieldstart|move: Trick Room|[of] p1a: Hatterene
|
|-damage|p1a: Hatterene|30/100 psn|[from] psn
|upkeep
|turn|13
|
|t:|1781084511
|switch|p2a: Gholdengo|Gholdengo, shiny|100/100
|move|p1a: Hatterene|Dazzling Gleam|p2a: Gholdengo
|-resisted|p2a: Gholdengo
|-damage|p2a: Gholdengo|85/100
|
|-damage|p1a: Hatterene|18/100 psn|[from] psn
|upkeep
|turn|14
|
|t:|1781084515
|move|p1a: Hatterene|Healing Wish|p1a: Hatterene
|faint|p1a: Hatterene
|move|p2a: Gholdengo|Recover|p2a: Gholdengo
|-heal|p2a: Gholdengo|100/100
|
|upkeep
|
|t:|1781084517
|switch|p1a: Ursaluna|Ursaluna, M, shiny|43/100 psn
|-heal|p1a: Ursaluna|100/100|[from] move: Healing Wish
|-status|p1a: Ursaluna|psn
|turn|15
|
|t:|1781084519
|switch|p2a: Deoxys|Deoxys-Speed|100/100
|-ability|p2a: Deoxys|Pressure
|move|p1a: Ursaluna|Fire Punch|p2a: Deoxys
|-damage|p2a: Deoxys|40/100
|-damage|p1a: Ursaluna|84/100 psn|[from] item: Rocky Helmet|[of] p2a: Deoxys
|
|-damage|p1a: Ursaluna|72/100 psn|[from] psn
|upkeep
|turn|16
|
|t:|1781084523
|move|p1a: Ursaluna|Fire Punch|p2a: Deoxys
|-damage|p2a: Deoxys|0 fnt
|-damage|p1a: Ursaluna|55/100 psn|[from] item: Rocky Helmet|[of] p2a: Deoxys
|faint|p2a: Deoxys
|
|-damage|p1a: Ursaluna|43/100 psn|[from] psn
|-fieldend|move: Trick Room
|upkeep
|
|t:|1781084525
|switch|p2a: Rillaboom|Rillaboom, M, shiny|11/100
|-fieldstart|move: Grassy Terrain|[from] ability: Grassy Surge|[of] p2a: Rillaboom
|turn|17
|
|t:|1781084527
|move|p2a: Rillaboom|Grassy Glide|p1a: Ursaluna
|-supereffective|p1a: Ursaluna
|-damage|p1a: Ursaluna|0 fnt
|faint|p1a: Ursaluna
|-damage|p2a: Rillaboom|1/100|[from] item: Life Orb
|
|-heal|p2a: Rillaboom|7/100|[from] Grassy Terrain
|upkeep
|
|t:|1781084528
|switch|p1a: Ogerpon|Ogerpon, F|100/100 psn
|turn|18
|
|t:|1781084532
|switch|p2a: Gholdengo|Gholdengo, shiny|100/100
|-enditem|p2a: Gholdengo|Grassy Seed
|-boost|p2a: Gholdengo|def|1|[from] item: Grassy Seed
|move|p1a: Ogerpon|U-turn|p2a: Gholdengo
|-resisted|p2a: Gholdengo
|-damage|p2a: Gholdengo|95/100
|
|t:|1781084534
|switch|p1a: Iron Valiant|Iron Valiant|100/100|[from] U-turn
|-status|p1a: Iron Valiant|psn
|-enditem|p1a: Iron Valiant|Booster Energy
|-activate|p1a: Iron Valiant|ability: Quark Drive|[fromitem]
|-start|p1a: Iron Valiant|quarkdrivespe
|
|-heal|p2a: Gholdengo|100/100|[from] Grassy Terrain
|-damage|p1a: Iron Valiant|88/100 psn|[from] psn
|upkeep
|turn|19
|
|t:|1781084537
|-end|p1a: Iron Valiant|Quark Drive|[silent]
|switch|p1a: Ogerpon|Ogerpon, F|100/100 psn
|move|p2a: Gholdengo|Make It Rain|p1a: Ogerpon
|-damage|p1a: Ogerpon|40/100 psn
|-unboost|p2a: Gholdengo|spa|1
|
|-heal|p1a: Ogerpon|46/100 psn|[from] Grassy Terrain
|-damage|p1a: Ogerpon|34/100 psn|[from] psn
|upkeep
|turn|20
|
|t:|1781084540
|move|p1a: Ogerpon|Knock Off|p2a: Gholdengo
|-supereffective|p2a: Gholdengo
|-damage|p2a: Gholdengo|63/100
|move|p2a: Gholdengo|Nasty Plot|p2a: Gholdengo
|-boost|p2a: Gholdengo|spa|2
|
|-heal|p1a: Ogerpon|40/100 psn|[from] Grassy Terrain
|-heal|p2a: Gholdengo|69/100|[from] Grassy Terrain
|-damage|p1a: Ogerpon|28/100 psn|[from] psn
|upkeep
|turn|21
|
|t:|1781084543
|move|p1a: Ogerpon|Knock Off|p2a: Gholdengo
|-supereffective|p2a: Gholdengo
|-damage|p2a: Gholdengo|29/100
|move|p2a: Gholdengo|Recover|p2a: Gholdengo
|-heal|p2a: Gholdengo|79/100
|
|-heal|p1a: Ogerpon|34/100 psn|[from] Grassy Terrain
|-heal|p2a: Gholdengo|85/100|[from] Grassy Terrain
|-damage|p1a: Ogerpon|21/100 psn|[from] psn
|-fieldend|move: Grassy Terrain
|upkeep
|turn|22
|
|t:|1781084546
|move|p1a: Ogerpon|Knock Off|p2a: Gholdengo
|-supereffective|p2a: Gholdengo
|-damage|p2a: Gholdengo|48/100
|move|p2a: Gholdengo|Recover|p2a: Gholdengo
|-heal|p2a: Gholdengo|98/100
|
|-damage|p1a: Ogerpon|9/100 psn|[from] psn
|upkeep
|turn|23
|
|t:|1781084548
|move|p1a: Ogerpon|Knock Off|p2a: Gholdengo
|-supereffective|p2a: Gholdengo
|-damage|p2a: Gholdengo|55/100
|move|p2a: Gholdengo|Recover|p2a: Gholdengo
|-heal|p2a: Gholdengo|100/100
|
|-damage|p1a: Ogerpon|0 fnt|[from] psn
|faint|p1a: Ogerpon
|upkeep
|
|t:|1781084550
|switch|p1a: Iron Valiant|Iron Valiant|88/100 psn
|turn|24
|
|t:|1781084552
|move|p1a: Iron Valiant|Destiny Bond|p1a: Iron Valiant
|-singlemove|p1a: Iron Valiant|Destiny Bond
|move|p2a: Gholdengo|Make It Rain|p1a: Iron Valiant
|-supereffective|p1a: Iron Valiant
|-damage|p1a: Iron Valiant|0 fnt
|-unboost|p2a: Gholdengo|spa|1
|faint|p1a: Iron Valiant
|-activate|p1a: Iron Valiant|move: Destiny Bond
|-end|p1a: Iron Valiant|Quark Drive|[silent]
|faint|p2a: Gholdengo
|
|win|Mca Player 11
|raw|zippitytippity's rating: 1564 &rarr; <strong>1546</strong><br />(-18 for losing)
|raw|Mca Player 11's rating: 1598 &rarr; <strong>1616</strong><br />(+18 for winning)
|l|‽zippitytippity
|player|p1|
|c|☆Mca Player 11|gg
|l|☆Mca Player 11
|player|p2|
|l| lord shiddenfards
