|j|☆lanadelray13
|j|☆funnygames(1997)
|t:|1781535381
|gametype|singles
|player|p1|lanadelray13|unknown|1584
|player|p2|funnygames(1997)|2|1623
|gen|9
|tier|[Gen 9] OU
|rated|
|rule|HP Percentage Mod: HP is shown in percentages
|rule|Endless Battle Clause: Forcing endless battles is banned
|rule|Species Clause: Limit one of each Pokémon
|rule|OHKO Clause: OHKO moves are banned
|rule|Evasion Items Clause: Evasion items are banned
|rule|Evasion Moves Clause: Evasion moves are banned
|rule|Evasion Abilities Clause: Evasion abilities are banned
|rule|Sleep Moves Clause: Sleep-inducing moves are banned
|clearpoke
|poke|p1|Zapdos|
|poke|p1|Mamoswine, F|
|poke|p1|Cinderace, M|
|poke|p1|Landorus-Therian, M|
|poke|p1|Alomomola, F|
|poke|p1|Pecharunt|
|poke|p2|Arcanine-Hisui, M|
|poke|p2|Darkrai|
|poke|p2|Great Tusk|
|poke|p2|Hatterene, F|
|poke|p2|Ogerpon-Wellspring, F|
|poke|p2|Zapdos|
|teampreview
|inactive|Battle timer is ON: inactive players will automatically lose when time's up. (requested by lanadelray13)
|
|t:|1781535399
|teamsize|p1|6
|teamsize|p2|6
|start
|switch|p1a: Zapdos|Zapdos|100/100
|switch|p2a: Zapdos|Zapdos|100/100
|turn|1
|j| peeekapeee
|
|t:|1781535404
|move|p1a: Zapdos|Volt Switch|p2a: Zapdos
|-damage|p2a: Zapdos|68/100
|
|t:|1781535425
|switch|p1a: Landorus|Landorus-Therian, M|100/100|[from] Volt Switch
|-ability|p1a: Landorus|Intimidate|boost
|-unboost|p2a: Zapdos|atk|1
|move|p2a: Zapdos|Volt Switch|p1a: Landorus
|-immune|p1a: Landorus
|
|upkeep
|turn|2
|
|t:|1781535442
|switch|p1a: Zapdos|Zapdos|100/100
|switch|p2a: Hatterene|Hatterene, F|100/100
|
|upkeep
|turn|3
|
|t:|1781535447
|move|p1a: Zapdos|Volt Switch|p2a: Hatterene
|-damage|p2a: Hatterene|78/100
|
|t:|1781535450
|switch|p1a: fih|Alomomola, F, shiny|100/100|[from] Volt Switch
|move|p2a: Hatterene|Mystical Fire|p1a: fih
|-resisted|p1a: fih
|-damage|p1a: fih|93/100
|-unboost|p1a: fih|spa|1
|
|upkeep
|turn|4
|
|t:|1781535461
|move|p1a: fih|Flip Turn|p2a: Hatterene
|-damage|p2a: Hatterene|58/100
|
|t:|1781535465
|switch|p1a: Zapdos|Zapdos|100/100|[from] Flip Turn
|move|p2a: Hatterene|Draining Kiss|p1a: Zapdos
|-damage|p1a: Zapdos|67/100
|-heal|p2a: Hatterene|84/100|[from] drain|[of] p1a: Zapdos
|
|upkeep
|turn|5
|
|t:|1781535473
|move|p1a: Zapdos|Hurricane|p2a: Hatterene
|-damage|p2a: Hatterene|45/100
|-start|p2a: Hatterene|confusion
|-activate|p2a: Hatterene|confusion
|move|p2a: Hatterene|Draining Kiss|p1a: Zapdos
|-damage|p1a: Zapdos|37/100
|-heal|p2a: Hatterene|68/100|[from] drain|[of] p1a: Zapdos
|
|upkeep
|turn|6
|l| peeekapeee
|
|t:|1781535480
|switch|p2a: Arcanine|Arcanine-Hisui, M|100/100
|move|p1a: Zapdos|Roost|p1a: Zapdos
|-heal|p1a: Zapdos|87/100
|-singleturn|p1a: Zapdos|move: Roost
|
|upkeep
|turn|7
|
|t:|1781535486
|switch|p1a: Landorus|Landorus-Therian, M|100/100
|-ability|p1a: Landorus|Intimidate|boost
|-unboost|p2a: Arcanine|atk|1
|move|p2a: Arcanine|Head Smash|p1a: Landorus|[miss]
|-miss|p2a: Arcanine|p1a: Landorus
|
|upkeep
|turn|8
|
|t:|1781535492
|switch|p2a: Ogerpon|Ogerpon-Wellspring, F|100/100
|move|p1a: Landorus|Stealth Rock|p2a: Ogerpon
|-sidestart|p2: funnygames(1997)|move: Stealth Rock
|
|upkeep
|turn|9
|
|t:|1781535499
|-terastallize|p1a: Landorus|Grass
|move|p2a: Ogerpon|Ivy Cudgel|p1a: Landorus|[anim] Ivy Cudgel Water
|-resisted|p1a: Landorus
|-damage|p1a: Landorus|70/100
|move|p1a: Landorus|U-turn|p2a: Ogerpon
|-supereffective|p2a: Ogerpon
|-damage|p2a: Ogerpon|45/100
|
|t:|1781535506
|switch|p1a: yamine lamal|Cinderace, M|100/100|[from] U-turn
|
|upkeep
|turn|10
|
|t:|1781535519
|switch|p2a: Great Tusk|Great Tusk|100/100
|-damage|p2a: Great Tusk|98/100|[from] Stealth Rock
|move|p1a: yamine lamal|Will-O-Wisp|p2a: Great Tusk|[miss]
|-miss|p1a: yamine lamal|p2a: Great Tusk
|
|upkeep
|turn|11
|
|t:|1781535525
|switch|p1a: Zapdos|Zapdos|87/100
|move|p2a: Great Tusk|Stealth Rock|p1a: Zapdos
|-sidestart|p1: lanadelray13|move: Stealth Rock
|
|upkeep
|turn|12
|
|t:|1781535549
|-end|p2a: Great Tusk|Protosynthesis|[silent]
|switch|p2a: Hatterene|Hatterene, F|68/100
|-damage|p2a: Hatterene|56/100|[from] Stealth Rock
|move|p1a: Zapdos|Hurricane|p2a: Hatterene|[miss]
|-miss|p1a: Zapdos|p2a: Hatterene
|
|upkeep
|turn|13
|
|t:|1781535556
|move|p1a: Zapdos|Hurricane|p2a: Hatterene
|-damage|p2a: Hatterene|23/100
|move|p2a: Hatterene|Draining Kiss|p1a: Zapdos
|-damage|p1a: Zapdos|57/100
|-heal|p2a: Hatterene|46/100|[from] drain|[of] p1a: Zapdos
|
|upkeep
|turn|14
|
|t:|1781535567
|move|p1a: Zapdos|Hurricane|p2a: Hatterene|[miss]
|-miss|p1a: Zapdos|p2a: Hatterene
|move|p2a: Hatterene|Draining Kiss|p1a: Zapdos
|-damage|p1a: Zapdos|25/100
|-heal|p2a: Hatterene|70/100|[from] drain|[of] p1a: Zapdos
|
|upkeep
|turn|15
|
|t:|1781535569
|move|p1a: Zapdos|Roost|p1a: Zapdos
|-heal|p1a: Zapdos|76/100
|-singleturn|p1a: Zapdos|move: Roost
|move|p2a: Hatterene|Mystical Fire|p1a: Zapdos
|-damage|p1a: Zapdos|46/100
|-unboost|p1a: Zapdos|spa|1
|
|upkeep
|turn|16
|
|t:|1781535572
|move|p1a: Zapdos|Roost|p1a: Zapdos
|-heal|p1a: Zapdos|96/100
|-singleturn|p1a: Zapdos|move: Roost
|move|p2a: Hatterene|Draining Kiss|p1a: Zapdos
|-damage|p1a: Zapdos|66/100
|-heal|p2a: Hatterene|93/100|[from] drain|[of] p1a: Zapdos
|
|upkeep
|turn|17
|
|t:|1781535577
|move|p1a: Zapdos|Volt Switch|p2a: Hatterene
|-damage|p2a: Hatterene|77/100
|
|t:|1781535583
|switch|p1a: fih|Alomomola, F, shiny|100/100|[from] Volt Switch
|-damage|p1a: fih|88/100|[from] Stealth Rock
|move|p2a: Hatterene|Mystical Fire|p1a: fih
|-resisted|p1a: fih
|-damage|p1a: fih|81/100
|-unboost|p1a: fih|spa|1
|
|upkeep
|turn|18
|
|t:|1781535586
|move|p2a: Hatterene|Draining Kiss|p1a: fih
|-damage|p1a: fih|69/100
|-heal|p2a: Hatterene|93/100|[from] drain|[of] p1a: fih
|move|p1a: fih|Mirror Coat|p2a: Hatterene
|-damage|p2a: Hatterene|51/100
|
|upkeep
|turn|19
|
|t:|1781535589
|move|p1a: fih|Flip Turn|p2a: Hatterene
|-damage|p2a: Hatterene|31/100
|
|t:|1781535594
|switch|p1a: Zapdos|Zapdos|66/100|[from] Flip Turn
|move|p2a: Hatterene|Nuzzle|p1a: Zapdos
|-damage|p1a: Zapdos|61/100
|-status|p2a: Hatterene|par|[from] ability: Static|[of] p1a: Zapdos
|
|upkeep
|turn|20
|
|t:|1781535598
|move|p1a: Zapdos|Hurricane|p2a: Hatterene|[miss]
|-miss|p1a: Zapdos|p2a: Hatterene
|move|p2a: Hatterene|Draining Kiss|p1a: Zapdos
|-damage|p1a: Zapdos|30/100
|-heal|p2a: Hatterene|54/100 par|[from] drain|[of] p1a: Zapdos
|
|upkeep
|turn|21
|
|t:|1781535601
|move|p1a: Zapdos|Roost|p1a: Zapdos
|-heal|p1a: Zapdos|81/100
|-singleturn|p1a: Zapdos|move: Roost
|move|p2a: Hatterene|Mystical Fire|p1a: Zapdos
|-damage|p1a: Zapdos|51/100
|-unboost|p1a: Zapdos|spa|1
|
|upkeep
|turn|22
|
|t:|1781535609
|move|p1a: Zapdos|Hurricane|p2a: Hatterene
|-damage|p2a: Hatterene|32/100 par
|move|p2a: Hatterene|Draining Kiss|p1a: Zapdos
|-damage|p1a: Zapdos|21/100
|-heal|p2a: Hatterene|54/100 par|[from] drain|[of] p1a: Zapdos
|
|upkeep
|turn|23
|
|t:|1781535615
|move|p1a: Zapdos|Roost|p1a: Zapdos
|-heal|p1a: Zapdos|72/100
|-singleturn|p1a: Zapdos|move: Roost
|move|p2a: Hatterene|Draining Kiss|p1a: Zapdos
|-damage|p1a: Zapdos|42/100
|-heal|p2a: Hatterene|77/100 par|[from] drain|[of] p1a: Zapdos
|
|upkeep
|turn|24
|
|t:|1781535617
|move|p1a: Zapdos|Roost|p1a: Zapdos
|-heal|p1a: Zapdos|92/100
|-singleturn|p1a: Zapdos|move: Roost
|move|p2a: Hatterene|Draining Kiss|p1a: Zapdos
|-damage|p1a: Zapdos|59/100
|-heal|p2a: Hatterene|100/100 par|[from] drain|[of] p1a: Zapdos
|
|upkeep
|turn|25
|
|t:|1781535622
|move|p1a: Zapdos|Volt Switch|p2a: Hatterene
|-damage|p2a: Hatterene|86/100 par
|
|t:|1781535626
|switch|p1a: fih|Alomomola, F, shiny|100/100|[from] Volt Switch
|-damage|p1a: fih|88/100|[from] Stealth Rock
|move|p2a: Hatterene|Mystical Fire|p1a: fih
|-resisted|p1a: fih
|-damage|p1a: fih|81/100
|-unboost|p1a: fih|spa|1
|
|upkeep
|turn|26
|
|t:|1781535629
|move|p1a: fih|Scald|p2a: Hatterene
|-damage|p2a: Hatterene|80/100 par
|move|p2a: Hatterene|Nuzzle|p1a: fih
|-supereffective|p1a: fih
|-damage|p1a: fih|75/100
|-status|p1a: fih|par
|
|upkeep
|turn|27
|
|t:|1781535638
|switch|p2a: Ogerpon|Ogerpon-Wellspring, F|45/100
|-damage|p2a: Ogerpon|33/100|[from] Stealth Rock
|move|p1a: fih|Mirror Coat||[still]
|-fail|p1a: fih
|
|upkeep
|turn|28
|
|t:|1781535649
|switch|p1a: Landorus|Landorus-Therian, M, tera:Grass|70/100
|-damage|p1a: Landorus|57/100|[from] Stealth Rock
|-ability|p1a: Landorus|Intimidate|boost
|-unboost|p2a: Ogerpon|atk|1
|move|p2a: Ogerpon|Ivy Cudgel|p1a: Landorus|[anim] Ivy Cudgel Water
|-resisted|p1a: Landorus
|-damage|p1a: Landorus|39/100
|
|upkeep
|turn|29
|
|t:|1781535658
|switch|p2a: Zapdos|Zapdos|68/100
|move|p1a: Landorus|U-turn|p2a: Zapdos
|-resisted|p2a: Zapdos
|-damage|p2a: Zapdos|59/100
|
|t:|1781535664
|switch|p1a: yamine lamal|Cinderace, M|100/100|[from] U-turn
|
|upkeep
|turn|30
|
|t:|1781535669
|move|p1a: yamine lamal|Will-O-Wisp|p2a: Zapdos
|-status|p2a: Zapdos|brn
|move|p2a: Zapdos|Thunder Wave|p1a: yamine lamal
|-status|p1a: yamine lamal|par
|
|-damage|p2a: Zapdos|53/100 brn|[from] brn
|upkeep
|turn|31
|
|t:|1781535673
|move|p2a: Zapdos|Roost|p2a: Zapdos
|-heal|p2a: Zapdos|100/100 brn
|-singleturn|p2a: Zapdos|move: Roost
|move|p1a: yamine lamal|Pyro Ball|p2a: Zapdos
|-damage|p2a: Zapdos|65/100 brn
|
|-damage|p2a: Zapdos|59/100 brn|[from] brn
|upkeep
|turn|32
|
|t:|1781535684
|move|p2a: Zapdos|Hurricane|p1a: yamine lamal
|-damage|p1a: yamine lamal|37/100 par
|-start|p1a: yamine lamal|confusion
|-activate|p1a: yamine lamal|confusion
|-damage|p1a: yamine lamal|21/100 par|[from] confusion
|
|-damage|p2a: Zapdos|53/100 brn|[from] brn
|upkeep
|turn|33
|
|t:|1781535693
|move|p2a: Zapdos|Roost|p2a: Zapdos
|-heal|p2a: Zapdos|100/100 brn
|-singleturn|p2a: Zapdos|move: Roost
|-activate|p1a: yamine lamal|confusion
|cant|p1a: yamine lamal|par
|
|-damage|p2a: Zapdos|94/100 brn|[from] brn
|upkeep
|turn|34
|
|t:|1781535695
|move|p2a: Zapdos|Volt Switch|p1a: yamine lamal
|-damage|p1a: yamine lamal|0 fnt
|faint|p1a: yamine lamal
|
|t:|1781535702
|switch|p2a: Ogerpon|Ogerpon-Wellspring, F|33/100|[from] Volt Switch
|-damage|p2a: Ogerpon|21/100|[from] Stealth Rock
|
|upkeep
|
|t:|1781535706
|switch|p1a: Decent Tusk|Mamoswine, F|100/100
|-damage|p1a: Decent Tusk|88/100|[from] Stealth Rock
|turn|35
|
|t:|1781535715
|switch|p2a: Arcanine|Arcanine-Hisui, M|100/100
|-damage|p2a: Arcanine|76/100|[from] Stealth Rock
|move|p1a: Decent Tusk|Ice Shard|p2a: Arcanine
|-resisted|p2a: Arcanine
|-damage|p2a: Arcanine|58/100
|
|upkeep
|turn|36
|
|t:|1781535719
|switch|p1a: Landorus|Landorus-Therian, M, tera:Grass|39/100
|-damage|p1a: Landorus|27/100|[from] Stealth Rock
|-ability|p1a: Landorus|Intimidate|boost
|-unboost|p2a: Arcanine|atk|1
|move|p2a: Arcanine|Flare Blitz|p1a: Landorus
|-supereffective|p1a: Landorus
|-damage|p1a: Landorus|0 fnt
|-damage|p2a: Arcanine|41/100|[from] item: Rocky Helmet|[of] p1a: Landorus
|faint|p1a: Landorus
|
|upkeep
|
|t:|1781535723
|switch|p1a: fih|Alomomola, F, shiny|100/100 par
|-damage|p1a: fih|88/100 par|[from] Stealth Rock
|turn|37
|
|t:|1781535735
|switch|p2a: Ogerpon|Ogerpon-Wellspring, F|21/100
|-damage|p2a: Ogerpon|8/100|[from] Stealth Rock
|switch|p1a: Pecharunt|Pecharunt|100/100
|
|upkeep
|turn|38
|
|t:|1781535739
|move|p2a: Ogerpon|Ivy Cudgel|p1a: Pecharunt|[anim] Ivy Cudgel Water
|-damage|p1a: Pecharunt|58/100
|move|p1a: Pecharunt|Malignant Chain|p2a: Ogerpon
|-supereffective|p2a: Ogerpon
|-damage|p2a: Ogerpon|0 fnt
|faint|p2a: Ogerpon
|
|upkeep
|
|t:|1781535742
|switch|p2a: Darkrai|Darkrai|100/100
|-damage|p2a: Darkrai|88/100|[from] Stealth Rock
|turn|39
|
|t:|1781535748
|switch|p1a: fih|Alomomola, F, shiny|100/100 par
|-damage|p1a: fih|88/100 par|[from] Stealth Rock
|move|p2a: Darkrai|Dark Pulse|p1a: fih
|-damage|p1a: fih|69/100 par
|
|upkeep
|turn|40
|
|t:|1781535776
|move|p2a: Darkrai|Dark Pulse|p1a: fih
|-damage|p1a: fih|50/100 par
|cant|p1a: fih|par
|
|upkeep
|turn|41
|
|t:|1781535787
|move|p2a: Darkrai|Dark Pulse|p1a: fih
|-damage|p1a: fih|27/100 par
|cant|p1a: fih|par
|
|upkeep
|turn|42
|
|t:|1781535793
|move|p2a: Darkrai|Dark Pulse|p1a: fih
|-damage|p1a: fih|7/100 par
|cant|p1a: fih|flinch
|
|upkeep
|turn|43
|
|t:|1781535797
|cant|p1a: fih|par
|move|p2a: Darkrai|Dark Pulse|p1a: fih
|-damage|p1a: fih|0 fnt
|faint|p1a: fih
|
|upkeep
|c|☆lanadelray13|okay
|c|☆lanadelray13|lol
|
|t:|1781535805
|switch|p1a: Decent Tusk|Mamoswine, F|88/100
|-damage|p1a: Decent Tusk|76/100|[from] Stealth Rock
|turn|44
|
|t:|1781535814
|switch|p2a: Zapdos|Zapdos|94/100 brn
|move|p1a: Decent Tusk|Icicle Crash|p2a: Zapdos
|-supereffective|p2a: Zapdos
|-damage|p2a: Zapdos|11/100 brn
|
|-damage|p2a: Zapdos|5/100 brn|[from] brn
|upkeep
|turn|45
|
|t:|1781535817
|move|p1a: Decent Tusk|Ice Shard|p2a: Zapdos
|-supereffective|p2a: Zapdos
|-damage|p2a: Zapdos|0 fnt
|faint|p2a: Zapdos
|
|upkeep
|
|t:|1781535828
|switch|p2a: Great Tusk|Great Tusk|98/100
|-damage|p2a: Great Tusk|95/100|[from] Stealth Rock
|turn|46
|
|t:|1781535840
|switch|p1a: Pecharunt|Pecharunt|58/100
|move|p2a: Great Tusk|Headlong Rush|p1a: Pecharunt
|-supereffective|p1a: Pecharunt
|-damage|p1a: Pecharunt|0 fnt
|-unboost|p2a: Great Tusk|def|1
|-unboost|p2a: Great Tusk|spd|1
|faint|p1a: Pecharunt
|
|upkeep
|
|t:|1781535844
|switch|p1a: Zapdos|Zapdos|59/100
|turn|47
|
|t:|1781535851
|move|p1a: Zapdos|Hurricane|p2a: Great Tusk
|-supereffective|p2a: Great Tusk
|-damage|p2a: Great Tusk|0 fnt
|faint|p2a: Great Tusk
|-end|p2a: Great Tusk|Protosynthesis|[silent]
|
|upkeep
|
|t:|1781535858
|switch|p2a: Hatterene|Hatterene, F|80/100 par
|-damage|p2a: Hatterene|68/100 par|[from] Stealth Rock
|turn|48
|
|t:|1781535862
|move|p1a: Zapdos|Hurricane|p2a: Hatterene
|-crit|p2a: Hatterene
|-damage|p2a: Hatterene|10/100 par
|move|p2a: Hatterene|Draining Kiss|p1a: Zapdos
|-damage|p1a: Zapdos|26/100
|-heal|p2a: Hatterene|35/100 par|[from] drain|[of] p1a: Zapdos
|
|upkeep
|turn|49
|
|t:|1781535865
|move|p1a: Zapdos|Hurricane|p2a: Hatterene|[miss]
|-miss|p1a: Zapdos|p2a: Hatterene
|cant|p2a: Hatterene|par
|
|upkeep
|turn|50
|
|t:|1781535867
|move|p1a: Zapdos|Hurricane|p2a: Hatterene
|-damage|p2a: Hatterene|2/100 par
|move|p2a: Hatterene|Draining Kiss|p1a: Zapdos
|-damage|p1a: Zapdos|0 fnt
|-heal|p2a: Hatterene|22/100 par|[from] drain|[of] p1a: Zapdos
|faint|p1a: Zapdos
|
|upkeep
|
|t:|1781535871
|switch|p1a: Decent Tusk|Mamoswine, F|76/100
|-damage|p1a: Decent Tusk|63/100|[from] Stealth Rock
|turn|51
|
|t:|1781535875
|move|p1a: Decent Tusk|Earthquake|p2a: Hatterene
|-damage|p2a: Hatterene|0 fnt
|faint|p2a: Hatterene
|
|upkeep
|
|t:|1781535877
|switch|p2a: Darkrai|Darkrai|88/100
|-damage|p2a: Darkrai|76/100|[from] Stealth Rock
|turn|52
|
|t:|1781535882
|move|p2a: Darkrai|Dark Pulse|p1a: Decent Tusk
|-damage|p1a: Decent Tusk|5/100
|move|p1a: Decent Tusk|Icicle Crash|p2a: Darkrai
|-damage|p2a: Darkrai|0 fnt
|faint|p2a: Darkrai
|
|upkeep
|
|t:|1781535885
|switch|p2a: Arcanine|Arcanine-Hisui, M|41/100
|-damage|p2a: Arcanine|17/100|[from] Stealth Rock
|turn|53
|
|t:|1781535887
|-terastallize|p2a: Arcanine|Normal
|move|p2a: Arcanine|Extreme Speed|p1a: Decent Tusk
|-crit|p1a: Decent Tusk
|-damage|p1a: Decent Tusk|0 fnt
|faint|p1a: Decent Tusk
|
|win|funnygames(1997)
|raw|lanadelray13's rating: 1584 &rarr; <strong>1566</strong><br />(-18 for losing)
|raw|funnygames(1997)'s rating: 1623 &rarr; <strong>1641</strong><br />(+18 for winning)
|l|☆funnygames(1997)
|player|p2|
|c|☆lanadelray13|gg
|l|☆lanadelray13
|player|p1|
