|j|☆MAMELUCO DE ELITE
|j|☆lolixiu
|t:|1781375872
|gametype|singles
|player|p1|MAMELUCO DE ELITE|101|1612
|player|p2|lolixiu|picnicker|1605
|gen|9
|tier|[Gen 9] OU
|rated|
|rule|HP Percentage Mod: HP is shown in percentages
|rule|Endless Battle Clause: Forcing endless battles is banned
|rule|Species Clause: Limit one of each Pokémon
|rule|OHKO Clause: OHKO moves are banned
|rule|Evasion Items Clause: Evasion items are banned
|rule|Evasion Moves Clause: Evasion moves are banned
|rule|Evasion Abilities Clause: Evasion abilities are banned
|rule|Sleep Moves Clause: Sleep-inducing moves are banned
|clearpoke
|poke|p1|Pelipper, F|
|poke|p1|Hatterene, F|
|poke|p1|Iron Treads|
|poke|p1|Toxicroak, F|
|poke|p1|Barraskewda, F|
|poke|p1|Zapdos|
|poke|p2|Corviknight, M|
|poke|p2|Clodsire, M|
|poke|p2|Skeledirge, M|
|poke|p2|Alomomola, F|
|poke|p2|Chansey, F|
|poke|p2|Ditto|
|teampreview
|j| Gina sim
|
|t:|1781375880
|teamsize|p1|6
|teamsize|p2|6
|start
|switch|p1a: Pelipper|Pelipper, F, shiny|100/100
|switch|p2a: Ditto|Ditto|100/100
|-transform|p2a: Ditto|p1a: Pelipper|[from] ability: Imposter
|-weather|RainDance|[from] ability: Drizzle|[of] p2a: Ditto
|turn|1
|inactive|Battle timer is ON: inactive players will automatically lose when time's up. (requested by MAMELUCO DE ELITE)
|c| Gina sim|damn
|
|t:|1781375893
|move|p2a: Ditto|Hurricane|p1a: Pelipper
|-damage|p1a: Pelipper|67/100
|move|p1a: Pelipper|U-turn|p2a: Ditto
|-resisted|p2a: Ditto
|-damage|p2a: Ditto|95/100
|c| Gina sim|this fight looks juicy
|c| Gina sim|sweet
|c| Gina sim|Why are we u turning
|
|t:|1781375916
|switch|p1a: Zapdos|Zapdos, shiny|100/100|[from] U-turn
|
|-weather|RainDance|[upkeep]
|upkeep
|turn|2
|
|t:|1781375925
|switch|p2a: Chansey|Chansey, F|100/100
|move|p1a: Zapdos|Weather Ball|p2a: Chansey
|-damage|p2a: Chansey|82/100
|
|-weather|RainDance|[upkeep]
|upkeep
|turn|3
|
|t:|1781375933
|switch|p1a: Hatterene|Hatterene, F, shiny|100/100
|move|p2a: Chansey|Seismic Toss|p1a: Hatterene
|-damage|p1a: Hatterene|69/100
|-enditem|p1a: Hatterene|Eject Button
|
|t:|1781375939
|switch|p1a: Iron Treads|Iron Treads|100/100
|
|-weather|RainDance|[upkeep]
|upkeep
|turn|4
|
|t:|1781375944
|switch|p2a: Alomomola|Alomomola, F|100/100
|move|p1a: Iron Treads|Stealth Rock|p2a: Alomomola
|-sidestart|p2: lolixiu|move: Stealth Rock
|
|-weather|RainDance|[upkeep]
|upkeep
|turn|5
|
|t:|1781375956
|move|p1a: Iron Treads|Volt Switch|p2a: Alomomola
|-supereffective|p2a: Alomomola
|-damage|p2a: Alomomola|70/100
|
|t:|1781375959
|-end|p1a: Iron Treads|Quark Drive|[silent]
|switch|p1a: Toxicroak|Toxicroak, F, shiny|100/100|[from] Volt Switch
|move|p2a: Alomomola|Wish|p2a: Alomomola
|
|-weather|none
|upkeep
|turn|6
|
|t:|1781375968
|switch|p2a: Clodsire|Clodsire, M|100/100
|-damage|p2a: Clodsire|94/100|[from] Stealth Rock
|move|p1a: Toxicroak|Knock Off|p2a: Clodsire
|-damage|p2a: Clodsire|69/100
|-enditem|p2a: Clodsire|Leftovers|[from] move: Knock Off|[of] p1a: Toxicroak
|
|-heal|p2a: Clodsire|100/100|[from] move: Wish|[wisher] Alomomola
|upkeep
|turn|7
|
|t:|1781375987
|switch|p1a: Hatterene|Hatterene, F, shiny|69/100
|move|p2a: Clodsire|Earthquake|p1a: Hatterene
|-damage|p1a: Hatterene|49/100
|
|upkeep
|turn|8
|
|t:|1781375999
|switch|p2a: Chansey|Chansey, F|82/100
|-damage|p2a: Chansey|69/100|[from] Stealth Rock
|move|p1a: Hatterene|Psychic Noise|p2a: Chansey
|-damage|p2a: Chansey|61/100
|-start|p2a: Chansey|move: Heal Block
|
|upkeep
|turn|9
|
|t:|1781376007
|move|p2a: Chansey|Stealth Rock|p1a: Hatterene
|move|p1a: Hatterene|Stealth Rock||[from] ability: Magic Bounce|[still]
|-fail|p1a: Hatterene
|move|p1a: Hatterene|Pain Split|p2a: Chansey
|-sethp|p2a: Chansey|42/100|[from] move: Pain Split|[silent]
|-sethp|p1a: Hatterene|89/100|[from] move: Pain Split
|
|-end|p2a: Chansey|move: Heal Block
|upkeep
|turn|10
|
|t:|1781376017
|switch|p1a: Toxicroak|Toxicroak, F, shiny|100/100
|move|p2a: Chansey|Soft-Boiled|p2a: Chansey
|-heal|p2a: Chansey|92/100
|
|upkeep
|turn|11
|
|t:|1781376025
|switch|p2a: Clodsire|Clodsire, M|100/100
|-damage|p2a: Clodsire|94/100|[from] Stealth Rock
|move|p1a: Toxicroak|Knock Off|p2a: Clodsire
|-damage|p2a: Clodsire|78/100
|
|upkeep
|turn|12
|
|t:|1781376031
|switch|p1a: Pelipper|Pelipper, F, shiny|67/100
|-weather|RainDance|[from] ability: Drizzle|[of] p1a: Pelipper
|move|p2a: Clodsire|Earthquake|p1a: Pelipper
|-immune|p1a: Pelipper
|
|-weather|RainDance|[upkeep]
|upkeep
|turn|13
|
|t:|1781376043
|switch|p2a: Alomomola|Alomomola, F|100/100
|-damage|p2a: Alomomola|88/100|[from] Stealth Rock
|move|p1a: Pelipper|U-turn|p2a: Alomomola
|-damage|p2a: Alomomola|83/100
|-damage|p1a: Pelipper|51/100|[from] item: Rocky Helmet|[of] p2a: Alomomola
|
|t:|1781376060
|switch|p1a: Zapdos|Zapdos, shiny|100/100|[from] U-turn
|
|-weather|RainDance|[upkeep]
|upkeep
|turn|14
|
|t:|1781376064
|move|p2a: Alomomola|Protect|p2a: Alomomola
|-singleturn|p2a: Alomomola|Protect
|move|p1a: Zapdos|Volt Switch|p2a: Alomomola
|-activate|p2a: Alomomola|move: Protect
|
|-weather|RainDance|[upkeep]
|upkeep
|turn|15
|j| mak7xr
|
|t:|1781376070
|switch|p1a: Barraskewda|Barraskewda, F|100/100
|switch|p2a: Clodsire|Clodsire, M|78/100
|-damage|p2a: Clodsire|71/100|[from] Stealth Rock
|
|-weather|RainDance|[upkeep]
|upkeep
|turn|16
|
|t:|1781376077
|switch|p2a: Alomomola|Alomomola, F|100/100
|-damage|p2a: Alomomola|88/100|[from] Stealth Rock
|move|p1a: Barraskewda|Flip Turn|p2a: Alomomola
|-resisted|p2a: Alomomola
|-damage|p2a: Alomomola|70/100
|-damage|p1a: Barraskewda|84/100|[from] item: Rocky Helmet|[of] p2a: Alomomola
|l| Gina sim
|
|t:|1781376106
|switch|p1a: Zapdos|Zapdos, shiny|100/100|[from] Flip Turn
|
|-weather|RainDance|[upkeep]
|upkeep
|turn|17
|
|t:|1781376110
|move|p2a: Alomomola|Protect|p2a: Alomomola
|-singleturn|p2a: Alomomola|Protect
|move|p1a: Zapdos|Volt Switch|p2a: Alomomola
|-activate|p2a: Alomomola|move: Protect
|
|-weather|RainDance|[upkeep]
|upkeep
|turn|18
|
|t:|1781376118
|switch|p1a: Toxicroak|Toxicroak, F, shiny|100/100
|move|p2a: Alomomola|Wish|p2a: Alomomola
|
|-weather|RainDance|[upkeep]
|upkeep
|turn|19
|
|t:|1781376127
|switch|p2a: Clodsire|Clodsire, M|71/100
|-damage|p2a: Clodsire|65/100|[from] Stealth Rock
|move|p1a: Toxicroak|Knock Off|p2a: Clodsire
|-damage|p2a: Clodsire|47/100
|
|-weather|none
|-heal|p2a: Clodsire|100/100|[from] move: Wish|[wisher] Alomomola
|upkeep
|turn|20
|
|t:|1781376135
|switch|p1a: Iron Treads|Iron Treads|100/100
|move|p2a: Clodsire|Earthquake|p1a: Iron Treads
|-supereffective|p1a: Iron Treads
|-damage|p1a: Iron Treads|55/100
|
|-heal|p1a: Iron Treads|61/100|[from] item: Leftovers
|upkeep
|turn|21
|
|t:|1781376144
|switch|p2a: Corviknight|Corviknight, M|100/100
|-damage|p2a: Corviknight|88/100|[from] Stealth Rock
|-ability|p2a: Corviknight|Pressure
|move|p1a: Iron Treads|Earthquake|p2a: Corviknight
|-immune|p2a: Corviknight
|
|-heal|p1a: Iron Treads|67/100|[from] item: Leftovers
|upkeep
|turn|22
|
|t:|1781376155
|move|p1a: Iron Treads|Volt Switch|p2a: Corviknight
|-supereffective|p2a: Corviknight
|-damage|p2a: Corviknight|65/100
|
|t:|1781376172
|-end|p1a: Iron Treads|Quark Drive|[silent]
|switch|p1a: Zapdos|Zapdos, shiny|100/100|[from] Volt Switch
|move|p2a: Corviknight|Defog|p1a: Zapdos
|-unboost|p1a: Zapdos|evasion|1
|-sideend|p2: lolixiu|Stealth Rock|[from] move: Defog|[of] p2a: Corviknight
|
|upkeep
|turn|23
|j| ShimAAzu
|
|t:|1781376179
|switch|p2a: Ditto|Ditto|95/100
|-transform|p2a: Ditto|p1a: Zapdos|[from] ability: Imposter
|move|p1a: Zapdos|Volt Switch|p2a: Ditto
|-damage|p2a: Ditto|26/100
|
|t:|1781376190
|switch|p1a: Iron Treads|Iron Treads|67/100|[from] Volt Switch
|
|-heal|p1a: Iron Treads|73/100|[from] item: Leftovers
|upkeep
|turn|24
|
|t:|1781376206
|switch|p2a: Corviknight|Corviknight, M|65/100
|-ability|p2a: Corviknight|Pressure
|move|p1a: Iron Treads|Stealth Rock|p2a: Corviknight
|-sidestart|p2: lolixiu|move: Stealth Rock
|
|-heal|p1a: Iron Treads|79/100|[from] item: Leftovers
|upkeep
|turn|25
|
|t:|1781376216
|move|p1a: Iron Treads|Volt Switch|p2a: Corviknight
|-supereffective|p2a: Corviknight
|-damage|p2a: Corviknight|42/100
|
|t:|1781376219
|-end|p1a: Iron Treads|Quark Drive|[silent]
|switch|p1a: Zapdos|Zapdos, shiny|100/100|[from] Volt Switch
|move|p2a: Corviknight|Roost|p2a: Corviknight
|-heal|p2a: Corviknight|92/100
|-singleturn|p2a: Corviknight|move: Roost
|
|upkeep
|turn|26
|j| zxShankxz
|
|t:|1781376228
|switch|p2a: Clodsire|Clodsire, M|100/100
|-damage|p2a: Clodsire|94/100|[from] Stealth Rock
|-terastallize|p1a: Zapdos|Flying
|move|p1a: Zapdos|Hurricane|p2a: Clodsire
|-damage|p2a: Clodsire|32/100
|
|upkeep
|turn|27
|
|t:|1781376237
|switch|p2a: Chansey|Chansey, F|92/100
|-damage|p2a: Chansey|80/100|[from] Stealth Rock
|move|p1a: Zapdos|Hurricane|p2a: Chansey
|-damage|p2a: Chansey|54/100
|
|upkeep
|turn|28
|
|t:|1781376252
|switch|p1a: Pelipper|Pelipper, F, shiny|51/100
|-weather|RainDance|[from] ability: Drizzle|[of] p1a: Pelipper
|move|p2a: Chansey|Soft-Boiled|p2a: Chansey
|-heal|p2a: Chansey|100/100
|
|-weather|RainDance|[upkeep]
|upkeep
|turn|29
|
|t:|1781376260
|switch|p2a: Alomomola|Alomomola, F|100/100
|-damage|p2a: Alomomola|88/100|[from] Stealth Rock
|move|p1a: Pelipper|U-turn|p2a: Alomomola
|-crit|p2a: Alomomola
|-damage|p2a: Alomomola|80/100
|-damage|p1a: Pelipper|34/100|[from] item: Rocky Helmet|[of] p2a: Alomomola
|
|t:|1781376265
|switch|p1a: Zapdos|Zapdos, shiny, tera:Flying|100/100|[from] U-turn
|
|-weather|RainDance|[upkeep]
|upkeep
|turn|30
|
|t:|1781376279
|move|p2a: Alomomola|Protect|p2a: Alomomola
|-singleturn|p2a: Alomomola|Protect
|move|p1a: Zapdos|Volt Switch|p2a: Alomomola
|-activate|p2a: Alomomola|move: Protect
|
|-weather|RainDance|[upkeep]
|upkeep
|turn|31
|
|t:|1781376298
|switch|p1a: Barraskewda|Barraskewda, F|84/100
|switch|p2a: Corviknight|Corviknight, M|92/100
|-damage|p2a: Corviknight|79/100|[from] Stealth Rock
|-ability|p2a: Corviknight|Pressure
|
|-weather|RainDance|[upkeep]
|upkeep
|turn|32
|
|t:|1781376308
|switch|p2a: Alomomola|Alomomola, F|100/100
|-damage|p2a: Alomomola|88/100|[from] Stealth Rock
|move|p1a: Barraskewda|Flip Turn|p2a: Alomomola
|-resisted|p2a: Alomomola
|-damage|p2a: Alomomola|69/100
|-damage|p1a: Barraskewda|68/100|[from] item: Rocky Helmet|[of] p2a: Alomomola
|
|t:|1781376313
|switch|p1a: Toxicroak|Toxicroak, F, shiny|100/100|[from] Flip Turn
|
|-weather|RainDance|[upkeep]
|upkeep
|turn|33
|
|t:|1781376322
|switch|p2a: Corviknight|Corviknight, M|79/100
|-damage|p2a: Corviknight|67/100|[from] Stealth Rock
|-ability|p2a: Corviknight|Pressure
|move|p1a: Toxicroak|Knock Off|p2a: Corviknight
|-damage|p2a: Corviknight|53/100
|-damage|p1a: Toxicroak|84/100|[from] item: Rocky Helmet|[of] p2a: Corviknight
|-enditem|p2a: Corviknight|Rocky Helmet|[from] move: Knock Off|[of] p1a: Toxicroak
|
|-weather|RainDance|[upkeep]
|-heal|p1a: Toxicroak|96/100|[from] ability: Dry Skin
|upkeep
|turn|34
|
|t:|1781376334
|switch|p1a: Zapdos|Zapdos, shiny, tera:Flying|100/100
|move|p2a: Corviknight|Defog|p1a: Zapdos
|-unboost|p1a: Zapdos|evasion|1
|-sideend|p2: lolixiu|Stealth Rock|[from] move: Defog|[of] p2a: Corviknight
|
|-weather|RainDance|[upkeep]
|upkeep
|turn|35
|
|t:|1781376342
|switch|p2a: Chansey|Chansey, F|100/100
|move|p1a: Zapdos|Volt Switch|p2a: Chansey
|-damage|p2a: Chansey|89/100
|
|t:|1781376353
|switch|p1a: Toxicroak|Toxicroak, F, shiny|96/100|[from] Volt Switch
|
|-weather|none
|upkeep
|turn|36
|
|t:|1781376358
|switch|p1a: Pelipper|Pelipper, F, shiny|34/100
|-weather|RainDance|[from] ability: Drizzle|[of] p1a: Pelipper
|switch|p2a: Corviknight|Corviknight, M|53/100
|-ability|p2a: Corviknight|Pressure
|
|-weather|RainDance|[upkeep]
|upkeep
|turn|37
|
|t:|1781376372
|switch|p2a: Alomomola|Alomomola, F|100/100
|move|p1a: Pelipper|Roost|p1a: Pelipper
|-heal|p1a: Pelipper|84/100
|-singleturn|p1a: Pelipper|move: Roost
|
|-weather|RainDance|[upkeep]
|upkeep
|turn|38
|
|t:|1781376379
|switch|p1a: Zapdos|Zapdos, shiny, tera:Flying|100/100
|move|p2a: Alomomola|Wish|p2a: Alomomola
|
|-weather|RainDance|[upkeep]
|upkeep
|turn|39
|
|t:|1781376386
|move|p2a: Alomomola|Protect|p2a: Alomomola
|-singleturn|p2a: Alomomola|Protect
|move|p1a: Zapdos|Hurricane|p2a: Alomomola
|-activate|p2a: Alomomola|move: Protect
|
|-weather|RainDance|[upkeep]
|upkeep
|turn|40
|
|t:|1781376395
|move|p1a: Zapdos|Hurricane|p2a: Alomomola
|-damage|p2a: Alomomola|0 fnt
|faint|p2a: Alomomola
|
|-weather|RainDance|[upkeep]
|upkeep
|-message|lolixiu forfeited.
|
|win|MAMELUCO DE ELITE
|raw|MAMELUCO DE ELITE's rating: 1612 &rarr; <strong>1632</strong><br />(+20 for winning)
|raw|lolixiu's rating: 1605 &rarr; <strong>1585</strong><br />(-20 for losing)
|l|☆lolixiu
|player|p2|
|l| ShimAAzu
|l|☆MAMELUCO DE ELITE
|player|p1|
|l| mak7xr
