|j|☆topclass-a
|j|☆qingyunxian
|t:|1781347318
|gametype|singles
|player|p1|topclass-a|bellelba|1513
|player|p2|qingyunxian|2|1597
|gen|9
|tier|[Gen 9] OU
|rated|
|rule|HP Percentage Mod: HP is shown in percentages
|rule|Endless Battle Clause: Forcing endless battles is banned
|rule|Species Clause: Limit one of each Pokémon
|rule|OHKO Clause: OHKO moves are banned
|rule|Evasion Items Clause: Evasion items are banned
|rule|Evasion Moves Clause: Evasion moves are banned
|rule|Evasion Abilities Clause: Evasion abilities are banned
|rule|Sleep Moves Clause: Sleep-inducing moves are banned
|clearpoke
|poke|p1|Pecharunt|
|poke|p1|Landorus-Therian, M|
|poke|p1|Cinderace, M|
|poke|p1|Iron Valiant|
|poke|p1|Primarina, M|
|poke|p1|Ogerpon-Wellspring, F|
|poke|p2|Ceruledge, F|
|poke|p2|Glimmora, F|
|poke|p2|Iron Valiant|
|poke|p2|Ogerpon-Wellspring, F|
|poke|p2|Iron Crown|
|poke|p2|Minior|
|teampreview
|inactive|Battle timer is ON: inactive players will automatically lose when time's up. (requested by topclass-a)
|
|t:|1781347331
|teamsize|p1|6
|teamsize|p2|6
|start
|switch|p1a: Enten|Landorus-Therian, M, shiny|100/100
|switch|p2a: Glimmora|Glimmora, F|100/100
|-ability|p1a: Enten|Intimidate|boost
|-unboost|p2a: Glimmora|atk|1
|turn|1
|j| dragasoul
|
|t:|1781347346
|move|p1a: Enten|Earthquake|p2a: Glimmora
|-supereffective|p2a: Glimmora
|-enditem|p2a: Glimmora|Focus Sash
|-damage|p2a: Glimmora|1/100
|-activate|p2a: Glimmora|ability: Toxic Debris
|-sidestart|p1: topclass-a|move: Toxic Spikes
|move|p2a: Glimmora|Stealth Rock|p1a: Enten
|-sidestart|p1: topclass-a|move: Stealth Rock
|
|upkeep
|turn|2
|
|t:|1781347359
|move|p1a: Enten|Earthquake|p2a: Glimmora
|-supereffective|p2a: Glimmora
|-damage|p2a: Glimmora|0 fnt
|-activate|p2a: Glimmora|ability: Toxic Debris
|-sidestart|p1: topclass-a|move: Toxic Spikes
|faint|p2a: Glimmora
|
|upkeep
|
|t:|1781347373
|switch|p2a: Ogerpon|Ogerpon-Wellspring, F|100/100
|turn|3
|
|t:|1781347396
|switch|p1a: Liberacy|Cinderace, M, shiny|100/100
|move|p2a: Ogerpon|Swords Dance|p2a: Ogerpon
|-boost|p2a: Ogerpon|atk|2
|
|upkeep
|turn|4
|
|t:|1781347400
|move|p1a: Liberacy|Court Change|p1a: Liberacy
|-start|p1a: Liberacy|typechange|Normal|[from] ability: Libero
|-swapsideconditions
|-activate|p1a: Liberacy|move: Court Change
|move|p2a: Ogerpon|Ivy Cudgel|p1a: Liberacy|[anim] Ivy Cudgel Water
|-crit|p1a: Liberacy
|-damage|p1a: Liberacy|0 fnt
|faint|p1a: Liberacy
|
|upkeep
|
|t:|1781347403
|switch|p1a: Overseer|Pecharunt|100/100
|turn|5
|
|t:|1781347410
|-terastallize|p2a: Ogerpon|Water
|detailschange|p2a: Ogerpon|Ogerpon-Wellspring-Tera, F, tera:Water
|-ability|p2a: Ogerpon|Embody Aspect (Wellspring)|boost
|-boost|p2a: Ogerpon|spd|1
|move|p2a: Ogerpon|Ivy Cudgel|p1a: Overseer|[anim] Ivy Cudgel Water
|-damage|p1a: Overseer|28/100
|move|p1a: Overseer|Malignant Chain|p2a: Ogerpon
|-damage|p2a: Ogerpon|76/100
|-status|p2a: Ogerpon|tox
|-start|p2a: Ogerpon|confusion|[from] ability: Poison Puppeteer|[of] p1a: Overseer
|
|-damage|p2a: Ogerpon|70/100 tox|[from] psn
|upkeep
|turn|6
|
|t:|1781347416
|-activate|p2a: Ogerpon|confusion
|move|p2a: Ogerpon|Ivy Cudgel|p1a: Overseer|[anim] Ivy Cudgel Water
|-damage|p1a: Overseer|0 fnt
|faint|p1a: Overseer
|
|-damage|p2a: Ogerpon|58/100 tox|[from] psn
|upkeep
|
|t:|1781347420
|switch|p1a: Enten|Landorus-Therian, M, shiny|100/100
|-ability|p1a: Enten|Intimidate|boost
|-unboost|p2a: Ogerpon|atk|1
|turn|7
|
|t:|1781347425
|move|p1a: Enten|Earthquake|p2a: Ogerpon
|-damage|p2a: Ogerpon|0 fnt
|faint|p2a: Ogerpon
|detailschange|p2: Ogerpon|Ogerpon-Wellspring, F|[silent]
|
|upkeep
|
|t:|1781347440
|switch|p2a: Minior|Minior|100/100
|-damage|p2a: Minior|76/100|[from] Stealth Rock
|-formechange|p2a: Minior|Minior-Meteor||[from] ability: Shields Down
|turn|8
|
|t:|1781347452
|switch|p1a: Primarina|Primarina, M|100/100
|move|p2a: Minior|Shell Smash|p2a: Minior
|-unboost|p2a: Minior|def|1
|-unboost|p2a: Minior|spd|1
|-boost|p2a: Minior|atk|2
|-boost|p2a: Minior|spa|2
|-boost|p2a: Minior|spe|2
|
|upkeep
|turn|9
|
|t:|1781347462
|-terastallize|p1a: Primarina|Steel
|move|p2a: Minior|Meteor Beam||[still]
|-prepare|p2a: Minior|Meteor Beam
|-boost|p2a: Minior|spa|1
|-enditem|p2a: Minior|Power Herb
|-anim|p2a: Minior|Meteor Beam|p1a: Primarina
|-resisted|p1a: Primarina
|-damage|p1a: Primarina|67/100
|move|p1a: Primarina|Surf|p2a: Minior
|-supereffective|p2a: Minior
|-damage|p2a: Minior|0 fnt
|faint|p2a: Minior
|
|upkeep
|inactive|qingyunxian has 120 seconds left.
|
|t:|1781347500
|switch|p2a: Iron Crown|Iron Crown|100/100
|-damage|p2a: Iron Crown|94/100|[from] Stealth Rock
|-enditem|p2a: Iron Crown|Booster Energy
|-activate|p2a: Iron Crown|ability: Quark Drive|[fromitem]
|-start|p2a: Iron Crown|quarkdrivespe
|turn|10
|
|t:|1781347507
|move|p2a: Iron Crown|Calm Mind|p2a: Iron Crown
|-boost|p2a: Iron Crown|spa|1
|-boost|p2a: Iron Crown|spd|1
|move|p1a: Primarina|Surf|p2a: Iron Crown
|-damage|p2a: Iron Crown|64/100
|
|upkeep
|turn|11
|
|t:|1781347510
|move|p2a: Iron Crown|Focus Blast|p1a: Primarina|[miss]
|-miss|p2a: Iron Crown|p1a: Primarina
|move|p1a: Primarina|Surf|p2a: Iron Crown
|-damage|p2a: Iron Crown|33/100
|
|upkeep
|turn|12
|
|t:|1781347513
|move|p2a: Iron Crown|Focus Blast|p1a: Primarina
|-supereffective|p1a: Primarina
|-damage|p1a: Primarina|0 fnt
|faint|p1a: Primarina
|
|upkeep
|
|t:|1781347523
|switch|p1a: Enten|Landorus-Therian, M, shiny|100/100
|-ability|p1a: Enten|Intimidate|boost
|-unboost|p2a: Iron Crown|atk|1
|turn|13
|
|t:|1781347526
|move|p2a: Iron Crown|Tachyon Cutter|p1a: Enten
|-damage|p1a: Enten|53/100
|-damage|p1a: Enten|2/100
|-hitcount|p1a: Enten|2
|move|p1a: Enten|Earthquake|p2a: Iron Crown
|-supereffective|p2a: Iron Crown
|-damage|p2a: Iron Crown|0 fnt
|faint|p2a: Iron Crown
|-end|p2a: Iron Crown|Quark Drive|[silent]
|
|upkeep
|
|t:|1781347536
|switch|p2a: Ceruledge|Ceruledge, F|100/100
|-status|p2a: Ceruledge|tox
|-damage|p2a: Ceruledge|76/100 tox|[from] Stealth Rock
|turn|14
|
|t:|1781347540
|move|p2a: Ceruledge|Shadow Sneak|p1a: Enten
|-damage|p1a: Enten|0 fnt
|faint|p1a: Enten
|
|-damage|p2a: Ceruledge|70/100 tox|[from] psn
|upkeep
|
|t:|1781347543
|switch|p1a: Ogerpon|Ogerpon-Wellspring, F|100/100
|turn|15
|
|t:|1781347546
|move|p2a: Ceruledge|Shadow Sneak|p1a: Ogerpon
|-damage|p1a: Ogerpon|68/100
|move|p1a: Ogerpon|Ivy Cudgel|p2a: Ceruledge|[anim] Ivy Cudgel Water
|-supereffective|p2a: Ceruledge
|-damage|p2a: Ceruledge|0 fnt
|faint|p2a: Ceruledge
|
|upkeep
|
|t:|1781347550
|switch|p2a: Iron Valiant|Iron Valiant|100/100
|-status|p2a: Iron Valiant|tox
|-damage|p2a: Iron Valiant|94/100 tox|[from] Stealth Rock
|-enditem|p2a: Iron Valiant|Booster Energy
|-activate|p2a: Iron Valiant|ability: Quark Drive|[fromitem]
|-start|p2a: Iron Valiant|quarkdrivespe
|turn|16
|
|t:|1781347555
|move|p2a: Iron Valiant|Moonblast|p1a: Ogerpon
|-damage|p1a: Ogerpon|10/100
|-unboost|p1a: Ogerpon|spa|1
|move|p1a: Ogerpon|Ivy Cudgel|p2a: Iron Valiant|[anim] Ivy Cudgel Water
|-damage|p2a: Iron Valiant|20/100 tox
|
|-damage|p2a: Iron Valiant|14/100 tox|[from] psn
|upkeep
|turn|17
|
|t:|1781347559
|move|p2a: Iron Valiant|Moonblast|p1a: Ogerpon
|-damage|p1a: Ogerpon|0 fnt
|faint|p1a: Ogerpon
|
|-damage|p2a: Iron Valiant|2/100 tox|[from] psn
|upkeep
|
|t:|1781347560
|switch|p1a: Calamity|Iron Valiant, shiny|100/100
|turn|18
|
|t:|1781347563
|move|p1a: Calamity|Vacuum Wave|p2a: Iron Valiant
|-resisted|p2a: Iron Valiant
|-damage|p2a: Iron Valiant|0 fnt
|faint|p2a: Iron Valiant
|-end|p2a: Iron Valiant|Quark Drive|[silent]
|-damage|p1a: Calamity|90/100|[from] item: Life Orb
|
|win|topclass-a
|raw|topclass-a's rating: 1513 &rarr; <strong>1538</strong><br />(+25 for winning)
|raw|qingyunxian's rating: 1597 &rarr; <strong>1572</strong><br />(-25 for losing)
|l|☆topclass-a
|player|p1|
|l|☆qingyunxian
|player|p2|
|l| dragasoul
