|j|☆gatorskk
|j|☆ign27
|t:|1781536643
|gametype|singles
|player|p1|gatorskk|169|1565
|player|p2|ign27|palmer|1602
|gen|9
|tier|[Gen 9] OU
|rated|
|rule|HP Percentage Mod: HP is shown in percentages
|rule|Endless Battle Clause: Forcing endless battles is banned
|rule|Species Clause: Limit one of each Pokémon
|rule|OHKO Clause: OHKO moves are banned
|rule|Evasion Items Clause: Evasion items are banned
|rule|Evasion Moves Clause: Evasion moves are banned
|rule|Evasion Abilities Clause: Evasion abilities are banned
|rule|Sleep Moves Clause: Sleep-inducing moves are banned
|clearpoke
|poke|p1|Darkrai|
|poke|p1|Garchomp, M|
|poke|p1|Alomomola, F|
|poke|p1|Corviknight, M|
|poke|p1|Weezing-Galar, F|
|poke|p1|Ogerpon, F|
|poke|p2|Great Tusk|
|poke|p2|Darkrai|
|poke|p2|Kyurem|
|poke|p2|Iron Valiant|
|poke|p2|Dragonite, F|
|poke|p2|Gholdengo|
|teampreview
|inactive|Battle timer is ON: inactive players will automatically lose when time's up. (requested by ign27)
|inactive|gatorskk also wants the timer to be on.
|
|t:|1781536671
|teamsize|p1|6
|teamsize|p2|6
|start
|switch|p1a: Darkrai|Darkrai|100/100
|switch|p2a: Kyurem|Kyurem, shiny|100/100
|-ability|p2a: Kyurem|Pressure
|turn|1
|
|t:|1781536674
|move|p1a: Darkrai|Focus Blast|p2a: Kyurem
|-supereffective|p2a: Kyurem
|-damage|p2a: Kyurem|22/100
|move|p2a: Kyurem|Ice Beam|p1a: Darkrai
|-damage|p1a: Darkrai|34/100
|
|upkeep
|turn|2
|
|t:|1781536687
|switch|p1a: Alomomola|Alomomola, F|100/100
|switch|p2a: Iron Valiant|Iron Valiant|100/100
|-enditem|p2a: Iron Valiant|Booster Energy
|-activate|p2a: Iron Valiant|ability: Quark Drive|[fromitem]
|-start|p2a: Iron Valiant|quarkdrivespe
|
|upkeep
|turn|3
|
|t:|1781536697
|switch|p1a: Weezing|Weezing-Galar, F|100/100
|-ability|p1a: Weezing|Neutralizing Gas
|move|p2a: Iron Valiant|Swords Dance|p2a: Iron Valiant
|-boost|p2a: Iron Valiant|atk|2
|
|upkeep
|turn|4
|
|t:|1781536704
|move|p2a: Iron Valiant|Knock Off|p1a: Weezing
|-resisted|p1a: Weezing
|-damage|p1a: Weezing|80/100
|-enditem|p1a: Weezing|Leftovers|[from] move: Knock Off|[of] p2a: Iron Valiant
|move|p1a: Weezing|Sludge Bomb|p2a: Iron Valiant
|-supereffective|p2a: Iron Valiant
|-damage|p2a: Iron Valiant|5/100
|
|upkeep
|turn|5
|
|t:|1781536713
|move|p2a: Iron Valiant|Ice Punch|p1a: Weezing
|-damage|p1a: Weezing|43/100
|move|p1a: Weezing|Sludge Bomb|p2a: Iron Valiant
|-supereffective|p2a: Iron Valiant
|-damage|p2a: Iron Valiant|0 fnt
|faint|p2a: Iron Valiant
|-end|p2a: Iron Valiant|Quark Drive|[silent]
|
|upkeep
|j| CCLLSS
|
|t:|1781536742
|switch|p2a: Great Tusk|Great Tusk|100/100
|turn|6
|
|t:|1781536768
|-end|p1a: Weezing|ability: Neutralizing Gas
|switch|p1a: Corviknight|Corviknight, M|100/100
|-ability|p1a: Corviknight|Pressure
|move|p2a: Great Tusk|Stealth Rock|p1a: Corviknight
|-sidestart|p1: gatorskk|move: Stealth Rock
|
|upkeep
|turn|7
|
|t:|1781536773
|-end|p2a: Great Tusk|Protosynthesis|[silent]
|switch|p2a: Ghold Experience|Gholdengo|100/100
|-item|p2a: Ghold Experience|Air Balloon
|move|p1a: Corviknight|U-turn|p2a: Ghold Experience
|-resisted|p2a: Ghold Experience
|-damage|p2a: Ghold Experience|98/100
|-enditem|p2a: Ghold Experience|Air Balloon
|
|t:|1781536783
|switch|p1a: Garchomp|Garchomp, M|100/100|[from] U-turn
|-damage|p1a: Garchomp|94/100|[from] Stealth Rock
|
|upkeep
|turn|8
|
|t:|1781536789
|switch|p2a: Great Tusk|Great Tusk|100/100
|move|p1a: Garchomp|Stealth Rock|p2a: Great Tusk
|-sidestart|p2: ign27|move: Stealth Rock
|
|upkeep
|turn|9
|
|t:|1781536799
|move|p2a: Great Tusk|Rapid Spin|p1a: Garchomp
|-damage|p1a: Garchomp|84/100
|-boost|p2a: Great Tusk|spe|1
|-damage|p2a: Great Tusk|88/100|[from] ability: Rough Skin|[of] p1a: Garchomp
|-damage|p2a: Great Tusk|72/100|[from] item: Rocky Helmet|[of] p1a: Garchomp
|-sideend|p2: ign27|Stealth Rock|[from] move: Rapid Spin|[of] p2a: Great Tusk
|move|p1a: Garchomp|Earthquake|p2a: Great Tusk
|-damage|p2a: Great Tusk|39/100
|
|upkeep
|turn|10
|
|t:|1781536818
|switch|p1a: Corviknight|Corviknight, M|100/100
|-damage|p1a: Corviknight|88/100|[from] Stealth Rock
|-ability|p1a: Corviknight|Pressure
|move|p2a: Great Tusk|Ice Spinner|p1a: Corviknight
|-damage|p1a: Corviknight|64/100
|
|-heal|p1a: Corviknight|70/100|[from] item: Leftovers
|upkeep
|turn|11
|
|t:|1781536826
|move|p2a: Great Tusk|Ice Spinner|p1a: Corviknight
|-damage|p1a: Corviknight|47/100
|move|p1a: Corviknight|U-turn|p2a: Great Tusk
|-resisted|p2a: Great Tusk
|-damage|p2a: Great Tusk|34/100
|
|t:|1781536832
|switch|p1a: Alomomola|Alomomola, F|100/100|[from] U-turn
|-damage|p1a: Alomomola|88/100|[from] Stealth Rock
|
|upkeep
|turn|12
|
|t:|1781536843
|-end|p2a: Great Tusk|Protosynthesis|[silent]
|switch|p2a: Kyurem|Kyurem, shiny|22/100
|-ability|p2a: Kyurem|Pressure
|move|p1a: Alomomola|Aqua Jet|p2a: Kyurem
|-resisted|p2a: Kyurem
|-damage|p2a: Kyurem|17/100
|
|upkeep
|turn|13
|inactive|gatorskk has 120 seconds left.
|
|t:|1781536875
|move|p2a: Kyurem|Freeze-Dry|p1a: Alomomola
|-supereffective|p1a: Alomomola
|-damage|p1a: Alomomola|46/100
|move|p1a: Alomomola|Mirror Coat|p2a: Kyurem
|-damage|p2a: Kyurem|0 fnt
|faint|p2a: Kyurem
|
|upkeep
|
|t:|1781536883
|switch|p2a: Dragonite|Dragonite, F|100/100
|turn|14
|
|t:|1781536888
|switch|p2a: Darkrai|Darkrai|100/100
|move|p1a: Alomomola|Flip Turn|p2a: Darkrai
|-damage|p2a: Darkrai|80/100
|inactive|gatorskk has 120 seconds left.
|
|t:|1781536913
|switch|p1a: Garchomp|Garchomp, M|84/100|[from] Flip Turn
|-damage|p1a: Garchomp|78/100|[from] Stealth Rock
|
|upkeep
|turn|15
|
|t:|1781536916
|switch|p1a: Alomomola|Alomomola, F|79/100
|-damage|p1a: Alomomola|67/100|[from] Stealth Rock
|move|p2a: Darkrai|Ice Beam|p1a: Alomomola
|-resisted|p1a: Alomomola
|-damage|p1a: Alomomola|57/100
|-damage|p2a: Darkrai|70/100|[from] item: Life Orb
|
|upkeep
|turn|16
|
|t:|1781536927
|move|p2a: Darkrai|Dark Pulse|p1a: Alomomola
|-damage|p1a: Alomomola|32/100
|-damage|p2a: Darkrai|60/100|[from] item: Life Orb
|move|p1a: Alomomola|Mirror Coat|p2a: Darkrai
|-immune|p2a: Darkrai
|
|upkeep
|turn|17
|
|t:|1781536935
|move|p2a: Darkrai|Dark Pulse|p1a: Alomomola
|-damage|p1a: Alomomola|6/100
|-damage|p2a: Darkrai|50/100|[from] item: Life Orb
|move|p1a: Alomomola|Flip Turn|p2a: Darkrai
|-damage|p2a: Darkrai|30/100
|inactive|gatorskk has 120 seconds left.
|inactive|gatorskk has 90 seconds left.
|
|t:|1781536995
|switch|p1a: Weezing|Weezing-Galar, F|43/100|[from] Flip Turn
|-ability|p1a: Weezing|Neutralizing Gas
|-damage|p1a: Weezing|31/100|[from] Stealth Rock
|
|upkeep
|turn|18
|
|t:|1781537008
|move|p2a: Darkrai|Sludge Bomb|p1a: Weezing
|-damage|p1a: Weezing|0 fnt
|faint|p1a: Weezing
|-end|p1a: Weezing|ability: Neutralizing Gas
|-damage|p2a: Darkrai|20/100|[from] item: Life Orb
|
|upkeep
|
|t:|1781537013
|switch|p1a: Alomomola|Alomomola, F|39/100
|-damage|p1a: Alomomola|27/100|[from] Stealth Rock
|turn|19
|
|t:|1781537020
|switch|p2a: Great Tusk|Great Tusk|34/100
|move|p1a: Alomomola|Aqua Jet|p2a: Great Tusk
|-supereffective|p2a: Great Tusk
|-damage|p2a: Great Tusk|17/100
|
|upkeep
|turn|20
|
|t:|1781537023
|move|p1a: Alomomola|Aqua Jet|p2a: Great Tusk
|-supereffective|p2a: Great Tusk
|-damage|p2a: Great Tusk|1/100
|move|p2a: Great Tusk|Headlong Rush|p1a: Alomomola
|-damage|p1a: Alomomola|0 fnt
|-unboost|p2a: Great Tusk|def|1
|-unboost|p2a: Great Tusk|spd|1
|faint|p1a: Alomomola
|
|upkeep
|inactive|gatorskk has 90 seconds left.
|inactive|gatorskk has 60 seconds left.
|
|t:|1781537086
|switch|p1a: Corviknight|Corviknight, M|47/100
|-damage|p1a: Corviknight|35/100|[from] Stealth Rock
|-ability|p1a: Corviknight|Pressure
|turn|21
|
|t:|1781537091
|-end|p2a: Great Tusk|Protosynthesis|[silent]
|switch|p2a: Ghold Experience|Gholdengo|98/100
|move|p1a: Corviknight|Roost|p1a: Corviknight
|-heal|p1a: Corviknight|85/100
|-singleturn|p1a: Corviknight|move: Roost
|
|-heal|p1a: Corviknight|91/100|[from] item: Leftovers
|upkeep
|turn|22
|
|t:|1781537097
|move|p2a: Ghold Experience|Thunder Wave|p1a: Corviknight
|-status|p1a: Corviknight|par
|cant|p1a: Corviknight|par
|
|-heal|p1a: Corviknight|97/100 par|[from] item: Leftovers
|upkeep
|turn|23
|
|t:|1781537101
|move|p2a: Ghold Experience|Hex|p1a: Corviknight
|-damage|p1a: Corviknight|60/100 par
|move|p1a: Corviknight|U-turn|p2a: Ghold Experience
|-resisted|p2a: Ghold Experience
|-damage|p2a: Ghold Experience|96/100
|
|t:|1781537108
|switch|p1a: Darkrai|Darkrai|34/100|[from] U-turn
|-damage|p1a: Darkrai|21/100|[from] Stealth Rock
|
|upkeep
|turn|24
|
|t:|1781537111
|switch|p2a: Great Tusk|Great Tusk|1/100
|move|p1a: Darkrai|Dark Pulse|p2a: Great Tusk
|-resisted|p2a: Great Tusk
|-damage|p2a: Great Tusk|0 fnt
|faint|p2a: Great Tusk
|-end|p2a: Great Tusk|Protosynthesis|[silent]
|
|upkeep
|
|t:|1781537114
|switch|p2a: Dragonite|Dragonite, F|100/100
|turn|25
|
|t:|1781537136
|switch|p2a: Ghold Experience|Gholdengo|96/100
|move|p1a: Darkrai|Dark Pulse|p2a: Ghold Experience
|-supereffective|p2a: Ghold Experience
|-damage|p2a: Ghold Experience|0 fnt
|faint|p2a: Ghold Experience
|
|upkeep
|
|t:|1781537139
|switch|p2a: Dragonite|Dragonite, F|100/100
|turn|26
|
|t:|1781537160
|move|p2a: Dragonite|Extreme Speed|p1a: Darkrai
|-damage|p1a: Darkrai|0 fnt
|faint|p1a: Darkrai
|
|upkeep
|inactive|gatorskk has 60 seconds left.
|
|t:|1781537175
|switch|p1a: Garchomp|Garchomp, M|78/100
|-damage|p1a: Garchomp|71/100|[from] Stealth Rock
|turn|27
|
|t:|1781537187
|-terastallize|p2a: Dragonite|Normal
|move|p2a: Dragonite|Dragon Dance|p2a: Dragonite
|-boost|p2a: Dragonite|atk|1
|-boost|p2a: Dragonite|spe|1
|move|p1a: Garchomp|Dragon Tail|p2a: Dragonite
|-damage|p2a: Dragonite|87/100
|drag|p2a: Darkrai|Darkrai|20/100
|
|upkeep
|turn|28
|inactive|gatorskk has 60 seconds left.
|
|t:|1781537207
|switch|p1a: Corviknight|Corviknight, M|60/100 par
|-damage|p1a: Corviknight|47/100 par|[from] Stealth Rock
|-ability|p1a: Corviknight|Pressure
|move|p2a: Darkrai|Ice Beam|p1a: Corviknight
|-damage|p1a: Corviknight|17/100 par
|-damage|p2a: Darkrai|10/100|[from] item: Life Orb
|
|-heal|p1a: Corviknight|23/100 par|[from] item: Leftovers
|upkeep
|turn|29
|
|t:|1781537215
|move|p2a: Darkrai|Ice Beam|p1a: Corviknight
|-damage|p1a: Corviknight|0 fnt
|faint|p1a: Corviknight
|-damage|p2a: Darkrai|0 fnt|[from] item: Life Orb
|faint|p2a: Darkrai
|
|upkeep
|
|t:|1781537219
|switch|p2a: Dragonite|Dragonite, F, tera:Normal|87/100
|switch|p1a: Ogerpon|Ogerpon, F|100/100
|-damage|p1a: Ogerpon|88/100|[from] Stealth Rock
|turn|30
|j| nesnot
|
|t:|1781537236
|-terastallize|p1a: Ogerpon|Grass
|detailschange|p1a: Ogerpon|Ogerpon-Teal-Tera, F, tera:Grass
|-ability|p1a: Ogerpon|Embody Aspect (Teal)|boost
|-boost|p1a: Ogerpon|spe|1
|move|p1a: Ogerpon|Ivy Cudgel|p2a: Dragonite
|-crit|p2a: Dragonite
|-damage|p2a: Dragonite|0 fnt
|faint|p2a: Dragonite
|
|win|gatorskk
|raw|gatorskk's rating: 1565 &rarr; <strong>1587</strong><br />(+22 for winning)
|raw|ign27's rating: 1602 &rarr; <strong>1580</strong><br />(-22 for losing)
|l|☆gatorskk
|player|p1|
|l|☆ign27
|player|p2|
|l| nesnot
