|j|☆Dillnchill
|j|☆ur doggo
|t:|1781411353
|gametype|singles
|player|p1|Dillnchill|roxie|1597
|player|p2|ur doggo|2|1635
|gen|9
|tier|[Gen 9] OU
|rated|
|rule|HP Percentage Mod: HP is shown in percentages
|rule|Endless Battle Clause: Forcing endless battles is banned
|rule|Species Clause: Limit one of each Pokémon
|rule|OHKO Clause: OHKO moves are banned
|rule|Evasion Items Clause: Evasion items are banned
|rule|Evasion Moves Clause: Evasion moves are banned
|rule|Evasion Abilities Clause: Evasion abilities are banned
|rule|Sleep Moves Clause: Sleep-inducing moves are banned
|clearpoke
|poke|p1|Great Tusk|
|poke|p1|Corviknight, M|
|poke|p1|Clefable, F|
|poke|p1|Dragapult, M|
|poke|p1|Samurott-Hisui, F|
|poke|p1|Slowking-Galar, F|
|poke|p2|Latios, M|
|poke|p2|Darkrai|
|poke|p2|Pecharunt|
|poke|p2|Ting-Lu|
|poke|p2|Corviknight, M|
|poke|p2|Dragonite, F|
|teampreview
|inactive|Battle timer is ON: inactive players will automatically lose when time's up. (requested by Dillnchill)
|
|t:|1781411366
|teamsize|p1|6
|teamsize|p2|6
|start
|switch|p1a: Samurott|Samurott-Hisui, F|100/100
|switch|p2a: Darkrai|Darkrai|100/100
|turn|1
|
|t:|1781411369
|move|p1a: Samurott|Sacred Sword|p2a: Darkrai
|-supereffective|p2a: Darkrai
|-damage|p2a: Darkrai|0 fnt
|faint|p2a: Darkrai
|
|upkeep
|
|t:|1781411375
|switch|p2a: Pecharunt|Pecharunt|100/100
|turn|2
|
|t:|1781411379
|switch|p1a: Slowking|Slowking-Galar, F|100/100
|move|p2a: Pecharunt|Nasty Plot|p2a: Pecharunt
|-boost|p2a: Pecharunt|spa|2
|
|upkeep
|turn|3
|
|t:|1781411383
|move|p2a: Pecharunt|Shadow Ball|p1a: Slowking
|-supereffective|p1a: Slowking
|-damage|p1a: Slowking|44/100
|move|p1a: Slowking|Psyshock|p2a: Pecharunt
|-supereffective|p2a: Pecharunt
|-damage|p2a: Pecharunt|50/100
|
|upkeep
|turn|4
|
|t:|1781411393
|switch|p1a: Samurott|Samurott-Hisui, F|100/100
|move|p2a: Pecharunt|Recover|p2a: Pecharunt
|-heal|p2a: Pecharunt|99/100
|
|upkeep
|turn|5
|
|t:|1781411401
|move|p1a: Samurott|Ceaseless Edge|p2a: Pecharunt
|-supereffective|p2a: Pecharunt
|-damage|p2a: Pecharunt|48/100
|-sidestart|p2: ur doggo|Spikes
|move|p2a: Pecharunt|Malignant Chain|p1a: Samurott
|-damage|p1a: Samurott|0 fnt
|faint|p1a: Samurott
|
|upkeep
|
|t:|1781411405
|switch|p1a: Dragapult|Dragapult, M, shiny|100/100
|turn|6
|
|t:|1781411410
|switch|p2a: Ting-Lu|Ting-Lu|100/100
|-damage|p2a: Ting-Lu|88/100|[from] Spikes
|-ability|p2a: Ting-Lu|Vessel of Ruin
|move|p1a: Dragapult|Shadow Ball|p2a: Ting-Lu
|-resisted|p2a: Ting-Lu
|-damage|p2a: Ting-Lu|77/100
|
|-heal|p2a: Ting-Lu|83/100|[from] item: Leftovers
|upkeep
|turn|7
|
|t:|1781411422
|switch|p1a: Clefable|Clefable, F|100/100
|move|p2a: Ting-Lu|Stealth Rock|p1a: Clefable
|-sidestart|p1: Dillnchill|move: Stealth Rock
|
|-heal|p2a: Ting-Lu|89/100|[from] item: Leftovers
|upkeep
|turn|8
|
|t:|1781411437
|switch|p2a: Corviknight|Corviknight, M|100/100
|-ability|p2a: Corviknight|Pressure
|move|p1a: Clefable|Knock Off|p2a: Corviknight
|-damage|p2a: Corviknight|88/100
|-enditem|p2a: Corviknight|Leftovers|[from] move: Knock Off|[of] p1a: Clefable
|
|upkeep
|turn|9
|
|t:|1781411440
|move|p2a: Corviknight|Brave Bird|p1a: Clefable
|-damage|p1a: Clefable|70/100
|-damage|p2a: Corviknight|78/100|[from] Recoil
|move|p1a: Clefable|Stealth Rock|p2a: Corviknight
|-sidestart|p2: ur doggo|move: Stealth Rock
|
|-heal|p1a: Clefable|76/100|[from] item: Leftovers
|upkeep
|turn|10
|
|t:|1781411449
|switch|p1a: Slowking|Slowking-Galar, F|77/100
|-damage|p1a: Slowking|64/100|[from] Stealth Rock
|move|p2a: Corviknight|Bulk Up|p2a: Corviknight
|-boost|p2a: Corviknight|atk|1
|-boost|p2a: Corviknight|def|1
|
|upkeep
|turn|11
|
|t:|1781411459
|move|p2a: Corviknight|U-turn|p1a: Slowking
|-damage|p1a: Slowking|42/100
|
|t:|1781411462
|switch|p2a: Ting-Lu|Ting-Lu|89/100|[from] U-turn
|-damage|p2a: Ting-Lu|77/100|[from] Spikes
|-damage|p2a: Ting-Lu|71/100|[from] Stealth Rock
|-ability|p2a: Ting-Lu|Vessel of Ruin
|move|p1a: Slowking|Flamethrower|p2a: Ting-Lu
|-damage|p2a: Ting-Lu|58/100
|
|-heal|p2a: Ting-Lu|64/100|[from] item: Leftovers
|upkeep
|turn|12
|
|t:|1781411470
|move|p2a: Ting-Lu|Earthquake|p1a: Slowking
|-supereffective|p1a: Slowking
|-damage|p1a: Slowking|0 fnt
|faint|p1a: Slowking
|
|-heal|p2a: Ting-Lu|71/100|[from] item: Leftovers
|upkeep
|
|t:|1781411473
|switch|p1a: Great Tusk|Great Tusk|100/100
|-damage|p1a: Great Tusk|98/100|[from] Stealth Rock
|turn|13
|
|t:|1781411479
|move|p1a: Great Tusk|Headlong Rush|p2a: Ting-Lu
|-damage|p2a: Ting-Lu|38/100
|-unboost|p1a: Great Tusk|def|1
|-unboost|p1a: Great Tusk|spd|1
|move|p2a: Ting-Lu|Ruination|p1a: Great Tusk
|-damage|p1a: Great Tusk|49/100
|
|-heal|p1a: Great Tusk|55/100|[from] item: Leftovers
|-heal|p2a: Ting-Lu|45/100|[from] item: Leftovers
|upkeep
|turn|14
|
|t:|1781411482
|switch|p2a: Corviknight|Corviknight, M|78/100
|-damage|p2a: Corviknight|66/100|[from] Stealth Rock
|-ability|p2a: Corviknight|Pressure
|move|p1a: Great Tusk|Close Combat|p2a: Corviknight
|-damage|p2a: Corviknight|11/100
|-unboost|p1a: Great Tusk|def|1
|-unboost|p1a: Great Tusk|spd|1
|
|-heal|p1a: Great Tusk|61/100|[from] item: Leftovers
|upkeep
|turn|15
|
|t:|1781411492
|switch|p2a: Pecharunt|Pecharunt|48/100
|move|p1a: Great Tusk|Headlong Rush|p2a: Pecharunt
|-supereffective|p2a: Pecharunt
|-damage|p2a: Pecharunt|0 fnt
|-unboost|p1a: Great Tusk|def|1
|-unboost|p1a: Great Tusk|spd|1
|faint|p2a: Pecharunt
|
|-heal|p1a: Great Tusk|68/100|[from] item: Leftovers
|upkeep
|j| chet homogren
|
|t:|1781411501
|switch|p2a: Latios|Latios, M|100/100
|-damage|p2a: Latios|88/100|[from] Stealth Rock
|turn|16
|
|t:|1781411509
|-end|p1a: Great Tusk|Protosynthesis|[silent]
|switch|p1a: Clefable|Clefable, F|76/100
|move|p2a: Latios|Psychic Noise|p1a: Clefable
|-damage|p1a: Clefable|40/100
|-start|p1a: Clefable|move: Heal Block
|
|upkeep
|turn|17
|
|t:|1781411522
|move|p2a: Latios|Psychic Noise|p1a: Clefable
|-damage|p1a: Clefable|5/100
|move|p1a: Clefable|Moonblast|p2a: Latios
|-supereffective|p2a: Latios
|-damage|p2a: Latios|18/100
|
|-end|p1a: Clefable|move: Heal Block
|upkeep
|turn|18
|
|t:|1781411529
|move|p2a: Latios|Psychic Noise|p1a: Clefable
|-damage|p1a: Clefable|0 fnt
|faint|p1a: Clefable
|
|upkeep
|
|t:|1781411531
|switch|p1a: Dragapult|Dragapult, M, shiny|100/100
|-damage|p1a: Dragapult|88/100|[from] Stealth Rock
|turn|19
|
|t:|1781411542
|move|p1a: Dragapult|U-turn|p2a: Latios
|-supereffective|p2a: Latios
|-damage|p2a: Latios|0 fnt
|faint|p2a: Latios
|
|t:|1781411550
|switch|p1a: Great Tusk|Great Tusk|68/100|[from] U-turn
|-damage|p1a: Great Tusk|65/100|[from] Stealth Rock
|
|-heal|p1a: Great Tusk|71/100|[from] item: Leftovers
|upkeep
|-message|ur doggo forfeited.
|
|win|Dillnchill
|raw|Dillnchill's rating: 1597 &rarr; <strong>1619</strong><br />(+22 for winning)
|raw|ur doggo's rating: 1635 &rarr; <strong>1613</strong><br />(-22 for losing)
|l|☆ur doggo
|player|p2|
|l|☆Dillnchill
|player|p1|
|l| chet homogren
