|badge|p2|bronze|gen9ou|100-9
|uhtml|medal-msg|<div class="broadcast-blue">Curious what those medals under the avatar are? PS now has Ladder Seasons! For more information, check out the <a href="https://www.smogon.com/forums/threads/3740067/">thread on Smogon.</a></div>
|j|☆adil
|j|‽moth ily
|t:|1781137920
|gametype|singles
|player|p1|adil|266|1715
|player|p2|moth ily|iono-masters|1845
|gen|9
|tier|[Gen 9] OU
|rated|
|rule|HP Percentage Mod: HP is shown in percentages
|rule|Endless Battle Clause: Forcing endless battles is banned
|rule|Species Clause: Limit one of each Pokémon
|rule|OHKO Clause: OHKO moves are banned
|rule|Evasion Items Clause: Evasion items are banned
|rule|Evasion Moves Clause: Evasion moves are banned
|rule|Evasion Abilities Clause: Evasion abilities are banned
|rule|Sleep Moves Clause: Sleep-inducing moves are banned
|clearpoke
|poke|p1|Kyurem|
|poke|p1|Corviknight, F|
|poke|p1|Ting-Lu|
|poke|p1|Slowking-Galar, M|
|poke|p1|Pecharunt|
|poke|p1|Cinderace, M|
|poke|p2|Slither Wing|
|poke|p2|Ninetales, F|
|poke|p2|Ceruledge, F|
|poke|p2|Great Tusk|
|poke|p2|Walking Wake|
|poke|p2|Venusaur, M|
|teampreview
|j| Puyu paz
|
|t:|1781137932
|teamsize|p1|6
|teamsize|p2|6
|start
|switch|p1a: Pecharunt|Pecharunt|100/100
|switch|p2a: Ceruledge|Ceruledge, F|100/100
|-item|p2a: Ceruledge|Air Balloon
|turn|1
|
|t:|1781137940
|move|p2a: Ceruledge|Swords Dance|p2a: Ceruledge
|-boost|p2a: Ceruledge|atk|2
|move|p1a: Pecharunt|Parting Shot|p2a: Ceruledge
|-unboost|p2a: Ceruledge|atk|1
|-unboost|p2a: Ceruledge|spa|1
|
|t:|1781137948
|switch|p1a: Ting-Lu|Ting-Lu|100/100|[from] Parting Shot
|-ability|p1a: Ting-Lu|Vessel of Ruin
|
|upkeep
|turn|2
|
|t:|1781137955
|move|p2a: Ceruledge|Bitter Blade|p1a: Ting-Lu
|-damage|p1a: Ting-Lu|61/100
|move|p1a: Ting-Lu|Payback|p2a: Ceruledge
|-supereffective|p2a: Ceruledge
|-damage|p2a: Ceruledge|8/100
|-ability|p2a: Ceruledge|Weak Armor|boost
|-unboost|p2a: Ceruledge|def|1
|-boost|p2a: Ceruledge|spe|2
|-enditem|p2a: Ceruledge|Air Balloon
|
|-heal|p1a: Ting-Lu|67/100|[from] item: Leftovers
|upkeep
|turn|3
|
|t:|1781137963
|move|p2a: Ceruledge|Bitter Blade|p1a: Ting-Lu
|-damage|p1a: Ting-Lu|29/100
|-heal|p2a: Ceruledge|39/100|[from] drain|[of] p1a: Ting-Lu
|move|p1a: Ting-Lu|Earthquake|p2a: Ceruledge
|-supereffective|p2a: Ceruledge
|-damage|p2a: Ceruledge|0 fnt
|faint|p2a: Ceruledge
|
|-heal|p1a: Ting-Lu|35/100|[from] item: Leftovers
|upkeep
|
|t:|1781137966
|switch|p2a: Slither Wing|Slither Wing|100/100
|turn|4
|
|t:|1781137974
|switch|p1a: Pecharunt|Pecharunt|100/100
|move|p2a: Slither Wing|U-turn|p1a: Pecharunt
|-resisted|p1a: Pecharunt
|-damage|p1a: Pecharunt|96/100
|
|t:|1781137976
|-end|p2a: Slither Wing|Protosynthesis|[silent]
|switch|p2a: Ninetales|Ninetales, F|100/100|[from] U-turn
|-weather|SunnyDay|[from] ability: Drought|[of] p2a: Ninetales
|
|-weather|SunnyDay|[upkeep]
|upkeep
|turn|5
|
|t:|1781137984
|move|p2a: Ninetales|Overheat|p1a: Pecharunt
|-damage|p1a: Pecharunt|18/100
|-unboost|p2a: Ninetales|spa|2
|move|p1a: Pecharunt|Parting Shot|p2a: Ninetales
|-unboost|p2a: Ninetales|atk|1
|-unboost|p2a: Ninetales|spa|1
|
|t:|1781137988
|switch|p1a: Slowking|Slowking-Galar, M|100/100|[from] Parting Shot
|
|-weather|SunnyDay|[upkeep]
|upkeep
|turn|6
|
|t:|1781137995
|switch|p2a: Slither Wing|Slither Wing|100/100
|-activate|p2a: Slither Wing|ability: Protosynthesis
|-start|p2a: Slither Wing|protosynthesisatk
|move|p1a: Slowking|Psychic Noise|p2a: Slither Wing
|-supereffective|p2a: Slither Wing
|-damage|p2a: Slither Wing|68/100
|-start|p2a: Slither Wing|move: Heal Block
|
|-weather|SunnyDay|[upkeep]
|upkeep
|turn|7
|
|t:|1781137999
|move|p2a: Slither Wing|Flare Blitz|p1a: Slowking
|-damage|p1a: Slowking|0 fnt
|faint|p1a: Slowking
|-damage|p2a: Slither Wing|33/100|[from] Recoil
|
|-weather|SunnyDay|[upkeep]
|-end|p2a: Slither Wing|move: Heal Block
|upkeep
|
|t:|1781138005
|switch|p1a: Kyurem|Kyurem|100/100
|-ability|p1a: Kyurem|Pressure
|turn|8
|
|t:|1781138009
|move|p1a: Kyurem|Substitute|p1a: Kyurem
|-start|p1a: Kyurem|Substitute
|-damage|p1a: Kyurem|75/100
|move|p2a: Slither Wing|Close Combat|p1a: Kyurem
|-supereffective|p1a: Kyurem
|-end|p1a: Kyurem|Substitute
|-unboost|p2a: Slither Wing|def|1
|-unboost|p2a: Slither Wing|spd|1
|
|-weather|SunnyDay|[upkeep]
|-heal|p1a: Kyurem|82/100|[from] item: Leftovers
|upkeep
|turn|9
|
|t:|1781138016
|move|p1a: Kyurem|Substitute|p1a: Kyurem
|-start|p1a: Kyurem|Substitute
|-damage|p1a: Kyurem|57/100
|move|p2a: Slither Wing|Close Combat|p1a: Kyurem
|-supereffective|p1a: Kyurem
|-end|p1a: Kyurem|Substitute
|-unboost|p2a: Slither Wing|def|1
|-unboost|p2a: Slither Wing|spd|1
|
|-weather|SunnyDay|[upkeep]
|-heal|p1a: Kyurem|63/100|[from] item: Leftovers
|upkeep
|turn|10
|
|t:|1781138020
|-end|p2a: Slither Wing|Protosynthesis|[silent]
|switch|p2a: Ninetales|Ninetales, F|100/100
|move|p1a: Kyurem|Protect||[still]
|-fail|p1a: Kyurem
|
|-weather|SunnyDay|[upkeep]
|-heal|p1a: Kyurem|69/100|[from] item: Leftovers
|upkeep
|turn|11
|
|t:|1781138024
|move|p1a: Kyurem|Protect|p1a: Kyurem
|-singleturn|p1a: Kyurem|Protect
|move|p2a: Ninetales|Encore|p1a: Kyurem
|-activate|p1a: Kyurem|move: Protect
|
|-weather|none
|-heal|p1a: Kyurem|75/100|[from] item: Leftovers
|upkeep
|turn|12
|
|t:|1781138030
|switch|p1a: Ting-Lu|Ting-Lu|35/100
|-ability|p1a: Ting-Lu|Vessel of Ruin
|move|p2a: Ninetales|Encore||[still]
|-fail|p2a: Ninetales
|
|-heal|p1a: Ting-Lu|41/100|[from] item: Leftovers
|upkeep
|turn|13
|
|t:|1781138036
|switch|p2a: Great Tusk|Great Tusk|100/100
|move|p1a: Ting-Lu|Earthquake|p2a: Great Tusk
|-damage|p2a: Great Tusk|73/100
|
|-heal|p1a: Ting-Lu|48/100|[from] item: Leftovers
|upkeep
|turn|14
|
|t:|1781138046
|move|p2a: Great Tusk|Stealth Rock|p1a: Ting-Lu
|-sidestart|p1: adil|move: Stealth Rock
|move|p1a: Ting-Lu|Earthquake|p2a: Great Tusk
|-damage|p2a: Great Tusk|46/100
|
|-heal|p1a: Ting-Lu|54/100|[from] item: Leftovers
|upkeep
|turn|15
|j| Arvayne
|
|t:|1781138055
|switch|p1a: Corviknight|Corviknight, F|100/100
|-damage|p1a: Corviknight|88/100|[from] Stealth Rock
|-ability|p1a: Corviknight|Pressure
|move|p2a: Great Tusk|Headlong Rush|p1a: Corviknight
|-immune|p1a: Corviknight
|
|-heal|p1a: Corviknight|94/100|[from] item: Leftovers
|upkeep
|turn|16
|
|t:|1781138060
|-end|p2a: Great Tusk|Protosynthesis|[silent]
|switch|p2a: Ninetales|Ninetales, F|100/100
|-weather|SunnyDay|[from] ability: Drought|[of] p2a: Ninetales
|move|p1a: Corviknight|U-turn|p2a: Ninetales
|-resisted|p2a: Ninetales
|-damage|p2a: Ninetales|90/100
|
|t:|1781138063
|switch|p1a: Cinderace|Cinderace, M|100/100|[from] U-turn
|
|-weather|SunnyDay|[upkeep]
|upkeep
|turn|17
|c| Arvayne|vamos moth ily
|
|t:|1781138068
|switch|p2a: Walking Wake|Walking Wake|100/100
|-activate|p2a: Walking Wake|ability: Protosynthesis
|-start|p2a: Walking Wake|protosynthesisspe
|move|p1a: Cinderace|Court Change|p1a: Cinderace
|-swapsideconditions
|-activate|p1a: Cinderace|move: Court Change
|
|-weather|SunnyDay|[upkeep]
|upkeep
|turn|18
|
|t:|1781138072
|move|p2a: Walking Wake|Hydro Steam|p1a: Cinderace
|-supereffective|p1a: Cinderace
|-damage|p1a: Cinderace|0 fnt
|faint|p1a: Cinderace
|
|-weather|SunnyDay|[upkeep]
|upkeep
|
|t:|1781138074
|switch|p1a: Kyurem|Kyurem|75/100
|-ability|p1a: Kyurem|Pressure
|turn|19
|
|t:|1781138080
|move|p2a: Walking Wake|Hydro Steam|p1a: Kyurem
|-resisted|p1a: Kyurem
|-damage|p1a: Kyurem|47/100
|move|p1a: Kyurem|Substitute|p1a: Kyurem
|-start|p1a: Kyurem|Substitute
|-damage|p1a: Kyurem|22/100
|
|-weather|SunnyDay|[upkeep]
|-heal|p1a: Kyurem|28/100|[from] item: Leftovers
|upkeep
|turn|20
|
|t:|1781138087
|move|p2a: Walking Wake|Hydro Steam|p1a: Kyurem
|-resisted|p1a: Kyurem
|-end|p1a: Kyurem|Substitute
|move|p1a: Kyurem|Freeze-Dry|p2a: Walking Wake
|-supereffective|p2a: Walking Wake
|-damage|p2a: Walking Wake|0 fnt
|faint|p2a: Walking Wake
|-end|p2a: Walking Wake|Protosynthesis|[silent]
|
|-weather|SunnyDay|[upkeep]
|-heal|p1a: Kyurem|34/100|[from] item: Leftovers
|upkeep
|
|t:|1781138090
|switch|p2a: Venusaur|Venusaur, M|100/100
|-damage|p2a: Venusaur|88/100|[from] Stealth Rock
|turn|21
|
|t:|1781138093
|move|p1a: Kyurem|Protect|p1a: Kyurem
|-singleturn|p1a: Kyurem|Protect
|move|p2a: Venusaur|Weather Ball|p1a: Kyurem
|-activate|p1a: Kyurem|move: Protect
|
|-weather|SunnyDay|[upkeep]
|-heal|p1a: Kyurem|40/100|[from] item: Leftovers
|upkeep
|turn|22
|
|t:|1781138099
|switch|p1a: Pecharunt|Pecharunt|18/100
|move|p2a: Venusaur|Weather Ball|p1a: Pecharunt
|-damage|p1a: Pecharunt|0 fnt
|faint|p1a: Pecharunt
|-damage|p2a: Venusaur|78/100|[from] item: Life Orb
|
|-weather|SunnyDay|[upkeep]
|upkeep
|
|t:|1781138101
|switch|p1a: Kyurem|Kyurem|40/100
|-ability|p1a: Kyurem|Pressure
|turn|23
|
|t:|1781138104
|switch|p2a: Ninetales|Ninetales, F|90/100
|-damage|p2a: Ninetales|66/100|[from] Stealth Rock
|move|p1a: Kyurem|Protect||[still]
|-fail|p1a: Kyurem
|
|-weather|none
|-heal|p1a: Kyurem|47/100|[from] item: Leftovers
|upkeep
|turn|24
|
|t:|1781138112
|switch|p1a: Ting-Lu|Ting-Lu|54/100
|-ability|p1a: Ting-Lu|Vessel of Ruin
|move|p2a: Ninetales|Overheat|p1a: Ting-Lu
|-damage|p1a: Ting-Lu|32/100
|-unboost|p2a: Ninetales|spa|2
|
|-heal|p1a: Ting-Lu|38/100|[from] item: Leftovers
|upkeep
|turn|25
|
|t:|1781138127
|switch|p2a: Great Tusk|Great Tusk|46/100
|-damage|p2a: Great Tusk|43/100|[from] Stealth Rock
|switch|p1a: Kyurem|Kyurem|47/100
|-ability|p1a: Kyurem|Pressure
|
|-heal|p1a: Kyurem|53/100|[from] item: Leftovers
|upkeep
|turn|26
|
|t:|1781138149
|move|p1a: Kyurem|Earth Power|p2a: Great Tusk
|-damage|p2a: Great Tusk|8/100
|move|p2a: Great Tusk|Rapid Spin|p1a: Kyurem
|-damage|p1a: Kyurem|39/100
|-boost|p2a: Great Tusk|spe|1
|-sideend|p2: moth ily|Stealth Rock|[from] move: Rapid Spin|[of] p2a: Great Tusk
|
|-heal|p1a: Kyurem|45/100|[from] item: Leftovers
|upkeep
|turn|27
|
|t:|1781138154
|move|p1a: Kyurem|Protect|p1a: Kyurem
|-singleturn|p1a: Kyurem|Protect
|move|p2a: Great Tusk|Stealth Rock|p1a: Kyurem
|-sidestart|p1: adil|move: Stealth Rock
|
|-heal|p1a: Kyurem|51/100|[from] item: Leftovers
|upkeep
|turn|28
|
|t:|1781138160
|switch|p1a: Corviknight|Corviknight, F|94/100
|-damage|p1a: Corviknight|82/100|[from] Stealth Rock
|-ability|p1a: Corviknight|Pressure
|move|p2a: Great Tusk|Headlong Rush|p1a: Corviknight
|-immune|p1a: Corviknight
|
|-heal|p1a: Corviknight|88/100|[from] item: Leftovers
|upkeep
|turn|29
|
|t:|1781138164
|-end|p2a: Great Tusk|Protosynthesis|[silent]
|switch|p2a: Ninetales|Ninetales, F|66/100
|-weather|SunnyDay|[from] ability: Drought|[of] p2a: Ninetales
|move|p1a: Corviknight|Defog|p2a: Ninetales
|-unboost|p2a: Ninetales|evasion|1
|-sideend|p1: adil|Stealth Rock|[from] move: Defog|[of] p1a: Corviknight
|
|-weather|SunnyDay|[upkeep]
|-heal|p1a: Corviknight|94/100|[from] item: Leftovers
|upkeep
|turn|30
|
|t:|1781138175
|-terastallize|p1a: Corviknight|Dragon
|move|p2a: Ninetales|Overheat|p1a: Corviknight
|-resisted|p1a: Corviknight
|-damage|p1a: Corviknight|56/100
|-unboost|p2a: Ninetales|spa|2
|move|p1a: Corviknight|U-turn|p2a: Ninetales
|-resisted|p2a: Ninetales
|-damage|p2a: Ninetales|56/100
|
|t:|1781138180
|switch|p1a: Ting-Lu|Ting-Lu|38/100|[from] U-turn
|-ability|p1a: Ting-Lu|Vessel of Ruin
|
|-weather|SunnyDay|[upkeep]
|-heal|p1a: Ting-Lu|44/100|[from] item: Leftovers
|upkeep
|turn|31
|
|t:|1781138193
|switch|p1a: Kyurem|Kyurem|51/100
|-ability|p1a: Kyurem|Pressure
|move|p2a: Ninetales|Healing Wish|p2a: Ninetales
|faint|p2a: Ninetales
|
|-weather|SunnyDay|[upkeep]
|-heal|p1a: Kyurem|57/100|[from] item: Leftovers
|upkeep
|
|t:|1781138195
|switch|p2a: Slither Wing|Slither Wing|33/100
|-heal|p2a: Slither Wing|100/100|[from] move: Healing Wish
|-activate|p2a: Slither Wing|ability: Protosynthesis
|-start|p2a: Slither Wing|protosynthesisatk
|turn|32
|
|t:|1781138199
|move|p1a: Kyurem|Protect|p1a: Kyurem
|-singleturn|p1a: Kyurem|Protect
|move|p2a: Slither Wing|First Impression|p1a: Kyurem
|-activate|p1a: Kyurem|move: Protect
|
|-weather|SunnyDay|[upkeep]
|-heal|p1a: Kyurem|64/100|[from] item: Leftovers
|upkeep
|turn|33
|
|t:|1781138207
|move|p1a: Kyurem|Substitute|p1a: Kyurem
|-start|p1a: Kyurem|Substitute
|-damage|p1a: Kyurem|39/100
|move|p2a: Slither Wing|U-turn|p1a: Kyurem
|-end|p1a: Kyurem|Substitute
|
|t:|1781138209
|-end|p2a: Slither Wing|Protosynthesis|[silent]
|switch|p2a: Venusaur|Venusaur, M|78/100|[from] U-turn
|
|-weather|SunnyDay|[upkeep]
|-heal|p1a: Kyurem|45/100|[from] item: Leftovers
|upkeep
|turn|34
|
|t:|1781138212
|move|p1a: Kyurem|Protect|p1a: Kyurem
|-singleturn|p1a: Kyurem|Protect
|move|p2a: Venusaur|Weather Ball|p1a: Kyurem
|-activate|p1a: Kyurem|move: Protect
|
|-weather|SunnyDay|[upkeep]
|-heal|p1a: Kyurem|51/100|[from] item: Leftovers
|upkeep
|turn|35
|
|t:|1781138231
|switch|p1a: Ting-Lu|Ting-Lu|44/100
|-ability|p1a: Ting-Lu|Vessel of Ruin
|move|p2a: Venusaur|Weather Ball|p1a: Ting-Lu
|-damage|p1a: Ting-Lu|19/100
|-damage|p2a: Venusaur|69/100|[from] item: Life Orb
|
|-weather|SunnyDay|[upkeep]
|-heal|p1a: Ting-Lu|25/100|[from] item: Leftovers
|upkeep
|turn|36
|
|t:|1781138241
|move|p2a: Venusaur|Growth|p2a: Venusaur
|-boost|p2a: Venusaur|atk|2
|-boost|p2a: Venusaur|spa|2
|move|p1a: Ting-Lu|Earthquake|p2a: Venusaur
|-damage|p2a: Venusaur|17/100
|
|-weather|none
|-heal|p1a: Ting-Lu|31/100|[from] item: Leftovers
|upkeep
|turn|37
|
|t:|1781138244
|move|p2a: Venusaur|Giga Drain|p1a: Ting-Lu
|-supereffective|p1a: Ting-Lu
|-damage|p1a: Ting-Lu|0 fnt
|-heal|p2a: Venusaur|43/100|[from] drain|[of] p1a: Ting-Lu
|faint|p1a: Ting-Lu
|-damage|p2a: Venusaur|33/100|[from] item: Life Orb
|
|upkeep
|
|t:|1781138245
|switch|p1a: Kyurem|Kyurem|51/100
|-ability|p1a: Kyurem|Pressure
|turn|38
|
|t:|1781138267
|move|p1a: Kyurem|Earth Power|p2a: Venusaur
|-damage|p2a: Venusaur|0 fnt
|faint|p2a: Venusaur
|
|-heal|p1a: Kyurem|57/100|[from] item: Leftovers
|upkeep
|
|t:|1781138278
|switch|p2a: Slither Wing|Slither Wing|100/100
|turn|39
|
|t:|1781138282
|move|p1a: Kyurem|Protect|p1a: Kyurem
|-singleturn|p1a: Kyurem|Protect
|move|p2a: Slither Wing|First Impression|p1a: Kyurem
|-activate|p1a: Kyurem|move: Protect
|
|-heal|p1a: Kyurem|63/100|[from] item: Leftovers
|upkeep
|turn|40
|
|t:|1781138289
|move|p1a: Kyurem|Substitute|p1a: Kyurem
|-start|p1a: Kyurem|Substitute
|-damage|p1a: Kyurem|38/100
|move|p2a: Slither Wing|Flare Blitz|p1a: Kyurem
|-end|p1a: Kyurem|Substitute
|-damage|p2a: Slither Wing|92/100|[from] Recoil|[of] p1a: Kyurem
|
|-heal|p1a: Kyurem|45/100|[from] item: Leftovers
|upkeep
|turn|41
|
|t:|1781138295
|move|p1a: Kyurem|Protect|p1a: Kyurem
|-singleturn|p1a: Kyurem|Protect
|move|p2a: Slither Wing|Flare Blitz|p1a: Kyurem
|-activate|p1a: Kyurem|move: Protect
|
|-heal|p1a: Kyurem|51/100|[from] item: Leftovers
|upkeep
|turn|42
|
|t:|1781138299
|switch|p1a: Corviknight|Corviknight, F, tera:Dragon|56/100
|-ability|p1a: Corviknight|Pressure
|move|p2a: Slither Wing|Close Combat|p1a: Corviknight
|-damage|p1a: Corviknight|14/100
|-unboost|p2a: Slither Wing|def|1
|-unboost|p2a: Slither Wing|spd|1
|
|-heal|p1a: Corviknight|20/100|[from] item: Leftovers
|upkeep
|turn|43
|
|t:|1781138315
|switch|p1a: Kyurem|Kyurem|51/100
|-ability|p1a: Kyurem|Pressure
|move|p2a: Slither Wing|U-turn|p1a: Kyurem
|-damage|p1a: Kyurem|15/100
|
|t:|1781138317
|-end|p2a: Slither Wing|Protosynthesis|[silent]
|switch|p2a: Great Tusk|Great Tusk|8/100|[from] U-turn
|
|-heal|p1a: Kyurem|21/100|[from] item: Leftovers
|upkeep
|turn|44
|
|t:|1781138321
|move|p1a: Kyurem|Freeze-Dry|p2a: Great Tusk
|-supereffective|p2a: Great Tusk
|-damage|p2a: Great Tusk|0 fnt
|faint|p2a: Great Tusk
|-end|p2a: Great Tusk|Protosynthesis|[silent]
|
|-heal|p1a: Kyurem|27/100|[from] item: Leftovers
|upkeep
|
|t:|1781138324
|switch|p2a: Slither Wing|Slither Wing|92/100
|turn|45
|
|t:|1781138328
|move|p1a: Kyurem|Protect|p1a: Kyurem
|-singleturn|p1a: Kyurem|Protect
|move|p2a: Slither Wing|First Impression|p1a: Kyurem
|-activate|p1a: Kyurem|move: Protect
|
|-heal|p1a: Kyurem|34/100|[from] item: Leftovers
|upkeep
|turn|46
|
|t:|1781138344
|switch|p1a: Corviknight|Corviknight, F, tera:Dragon|20/100
|-ability|p1a: Corviknight|Pressure
|move|p2a: Slither Wing|U-turn|p1a: Corviknight
|-damage|p1a: Corviknight|0 fnt
|faint|p1a: Corviknight
|
|upkeep
|
|t:|1781138348
|switch|p1a: Kyurem|Kyurem|34/100
|-ability|p1a: Kyurem|Pressure
|turn|47
|
|t:|1781138351
|move|p1a: Kyurem|Protect|p1a: Kyurem
|-singleturn|p1a: Kyurem|Protect
|move|p2a: Slither Wing|Flare Blitz|p1a: Kyurem
|-activate|p1a: Kyurem|move: Protect
|
|-heal|p1a: Kyurem|40/100|[from] item: Leftovers
|upkeep
|turn|48
|
|t:|1781138365
|move|p1a: Kyurem|Substitute|p1a: Kyurem
|-start|p1a: Kyurem|Substitute
|-damage|p1a: Kyurem|15/100
|move|p2a: Slither Wing|Flare Blitz|p1a: Kyurem
|-end|p1a: Kyurem|Substitute
|-damage|p2a: Slither Wing|83/100|[from] Recoil|[of] p1a: Kyurem
|
|-heal|p1a: Kyurem|21/100|[from] item: Leftovers
|upkeep
|turn|49
|
|t:|1781138369
|-terastallize|p2a: Slither Wing|Fire
|move|p1a: Kyurem|Protect|p1a: Kyurem
|-singleturn|p1a: Kyurem|Protect
|move|p2a: Slither Wing|Flare Blitz|p1a: Kyurem
|-activate|p1a: Kyurem|move: Protect
|
|-heal|p1a: Kyurem|27/100|[from] item: Leftovers
|upkeep
|turn|50
|
|t:|1781138378
|move|p1a: Kyurem|Substitute|p1a: Kyurem
|-start|p1a: Kyurem|Substitute
|-damage|p1a: Kyurem|2/100
|move|p2a: Slither Wing|Flare Blitz|p1a: Kyurem
|-end|p1a: Kyurem|Substitute
|-damage|p2a: Slither Wing|74/100|[from] Recoil|[of] p1a: Kyurem
|
|-heal|p1a: Kyurem|8/100|[from] item: Leftovers
|upkeep
|turn|51
|
|t:|1781138385
|move|p1a: Kyurem|Protect|p1a: Kyurem
|-singleturn|p1a: Kyurem|Protect
|move|p2a: Slither Wing|Flare Blitz|p1a: Kyurem
|-activate|p1a: Kyurem|move: Protect
|
|-heal|p1a: Kyurem|15/100|[from] item: Leftovers
|upkeep
|turn|52
|
|t:|1781138389
|move|p1a: Kyurem|Earth Power|p2a: Slither Wing
|-supereffective|p2a: Slither Wing
|-damage|p2a: Slither Wing|36/100
|move|p2a: Slither Wing|Flare Blitz|p1a: Kyurem
|-damage|p1a: Kyurem|0 fnt
|faint|p1a: Kyurem
|-damage|p2a: Slither Wing|31/100|[from] Recoil
|
|win|moth ily
|raw|adil's rating: 1715 &rarr; <strong>1702</strong><br />(-13 for losing)
|raw|moth ily's rating: 1845 &rarr; <strong>1858</strong><br />(+13 for winning)
|l|☆adil
|player|p1|
|l|‽moth ily
|player|p2|
|l| Puyu paz
