|j|☆KurisuChestnutLab
|j|☆bobrumba
|t:|1781131468
|gametype|singles
|player|p1|KurisuChestnutLab|may-contest|1681
|player|p2|bobrumba|cynthia-gen4|1626
|gen|9
|tier|[Gen 9] OU
|rated|
|rule|HP Percentage Mod: HP is shown in percentages
|rule|Endless Battle Clause: Forcing endless battles is banned
|rule|Species Clause: Limit one of each Pokémon
|rule|OHKO Clause: OHKO moves are banned
|rule|Evasion Items Clause: Evasion items are banned
|rule|Evasion Moves Clause: Evasion moves are banned
|rule|Evasion Abilities Clause: Evasion abilities are banned
|rule|Sleep Moves Clause: Sleep-inducing moves are banned
|clearpoke
|poke|p1|Primarina, M|
|poke|p1|Hippowdon, M|
|poke|p1|Skarmory, M|
|poke|p1|Zapdos|
|poke|p1|Dragonite, F|
|poke|p1|Slowking, M|
|poke|p2|Dondozo, F|
|poke|p2|Blissey, F|
|poke|p2|Corviknight, M|
|poke|p2|Weezing-Galar, M|
|poke|p2|Gliscor, F|
|poke|p2|Toxapex, F|
|teampreview
|inactive|Battle timer is ON: inactive players will automatically lose when time's up. (requested by bobrumba)
|inactive|KurisuChestnutLab also wants the timer to be on.
|
|t:|1781131483
|teamsize|p1|6
|teamsize|p2|6
|start
|switch|p1a: Hippowdon|Hippowdon, M|100/100
|switch|p2a: Gliscor|Gliscor, F|100/100
|-weather|Sandstorm|[from] ability: Sand Stream|[of] p1a: Hippowdon
|turn|1
|
|t:|1781131491
|move|p2a: Gliscor|Knock Off|p1a: Hippowdon
|-damage|p1a: Hippowdon|90/100
|-enditem|p1a: Hippowdon|Leftovers|[from] move: Knock Off|[of] p2a: Gliscor
|move|p1a: Hippowdon|Stealth Rock|p2a: Gliscor
|-sidestart|p2: bobrumba|move: Stealth Rock
|
|-weather|Sandstorm|[upkeep]
|-status|p2a: Gliscor|tox|[from] item: Toxic Orb
|upkeep
|turn|2
|inactive|KurisuChestnutLab has 120 seconds left.
|
|t:|1781131522
|move|p2a: Gliscor|Knock Off|p1a: Hippowdon
|-damage|p1a: Hippowdon|82/100
|move|p1a: Hippowdon|Whirlwind|p2a: Gliscor
|drag|p2a: Blissey|Blissey, F|100/100
|-damage|p2a: Blissey|88/100|[from] Stealth Rock
|
|-weather|Sandstorm|[upkeep]
|-damage|p2a: Blissey|82/100|[from] Sandstorm
|-heal|p2a: Blissey|88/100|[from] item: Leftovers
|upkeep
|turn|3
|
|t:|1781131527
|switch|p2a: Corviknight|Corviknight, M|100/100
|-damage|p2a: Corviknight|88/100|[from] Stealth Rock
|-ability|p2a: Corviknight|Pressure
|move|p1a: Hippowdon|Earthquake|p2a: Corviknight
|-immune|p2a: Corviknight
|
|-weather|Sandstorm|[upkeep]
|-heal|p2a: Corviknight|94/100|[from] item: Leftovers
|upkeep
|turn|4
|
|t:|1781131531
|move|p2a: Corviknight|Defog|p1a: Hippowdon
|-unboost|p1a: Hippowdon|evasion|1
|-sideend|p2: bobrumba|Stealth Rock|[from] move: Defog|[of] p2a: Corviknight
|move|p1a: Hippowdon|Slack Off|p1a: Hippowdon
|-heal|p1a: Hippowdon|100/100
|
|-weather|Sandstorm|[upkeep]
|-heal|p2a: Corviknight|100/100|[from] item: Leftovers
|upkeep
|turn|5
|
|t:|1781131542
|switch|p2a: Blissey|Blissey, F|88/100
|move|p1a: Hippowdon|Stealth Rock|p2a: Blissey
|-sidestart|p2: bobrumba|move: Stealth Rock
|
|-weather|none
|-heal|p2a: Blissey|94/100|[from] item: Leftovers
|upkeep
|turn|6
|
|t:|1781131547
|switch|p2a: Corviknight|Corviknight, M|100/100
|-damage|p2a: Corviknight|88/100|[from] Stealth Rock
|-ability|p2a: Corviknight|Pressure
|switch|p1a: Dragonite|Dragonite, F|100/100
|
|-heal|p2a: Corviknight|94/100|[from] item: Leftovers
|upkeep
|turn|7
|
|t:|1781131551
|move|p1a: Dragonite|Dragon Dance|p1a: Dragonite
|-boost|p1a: Dragonite|atk|1
|-boost|p1a: Dragonite|spe|1
|move|p2a: Corviknight|Defog|p1a: Dragonite
|-unboost|p1a: Dragonite|evasion|1
|-sideend|p2: bobrumba|Stealth Rock|[from] move: Defog|[of] p2a: Corviknight
|
|-heal|p2a: Corviknight|100/100|[from] item: Leftovers
|upkeep
|turn|8
|
|t:|1781131557
|switch|p2a: Dondozo|Dondozo, F|100/100
|move|p1a: Dragonite|Dragon Dance|p1a: Dragonite
|-boost|p1a: Dragonite|atk|1
|-boost|p1a: Dragonite|spe|1
|
|upkeep
|turn|9
|
|t:|1781131562
|move|p1a: Dragonite|Dragon Dance|p1a: Dragonite
|-boost|p1a: Dragonite|atk|1
|-boost|p1a: Dragonite|spe|1
|move|p2a: Dondozo|Body Press|p1a: Dragonite
|-resisted|p1a: Dragonite
|-damage|p1a: Dragonite|93/100
|
|upkeep
|turn|10
|
|t:|1781131574
|move|p1a: Dragonite|Dragon Dance|p1a: Dragonite
|-boost|p1a: Dragonite|atk|1
|-boost|p1a: Dragonite|spe|1
|move|p2a: Dondozo|Avalanche|p1a: Dragonite
|-supereffective|p1a: Dragonite
|-damage|p1a: Dragonite|34/100
|
|upkeep
|turn|11
|
|t:|1781131583
|move|p1a: Dragonite|Roost|p1a: Dragonite
|-heal|p1a: Dragonite|84/100
|-singleturn|p1a: Dragonite|move: Roost
|move|p2a: Dondozo|Avalanche|p1a: Dragonite
|-supereffective|p1a: Dragonite
|-damage|p1a: Dragonite|52/100
|
|upkeep
|turn|12
|
|t:|1781131588
|move|p1a: Dragonite|Roost|p1a: Dragonite
|-heal|p1a: Dragonite|100/100
|-singleturn|p1a: Dragonite|move: Roost
|move|p2a: Dondozo|Body Press|p1a: Dragonite
|-damage|p1a: Dragonite|86/100
|
|upkeep
|turn|13
|
|t:|1781131596
|move|p1a: Dragonite|Roost|p1a: Dragonite
|-heal|p1a: Dragonite|100/100
|-singleturn|p1a: Dragonite|move: Roost
|move|p2a: Dondozo|Body Press|p1a: Dragonite
|-damage|p1a: Dragonite|86/100
|
|upkeep
|turn|14
|
|t:|1781131602
|move|p1a: Dragonite|Roost|p1a: Dragonite
|-heal|p1a: Dragonite|100/100
|-singleturn|p1a: Dragonite|move: Roost
|move|p2a: Dondozo|Avalanche|p1a: Dragonite
|-supereffective|p1a: Dragonite
|-damage|p1a: Dragonite|85/100
|
|upkeep
|turn|15
|
|t:|1781131611
|move|p1a: Dragonite|Dragon Dance|p1a: Dragonite
|-boost|p1a: Dragonite|atk|1
|-boost|p1a: Dragonite|spe|1
|move|p2a: Dondozo|Body Press|p1a: Dragonite
|-resisted|p1a: Dragonite
|-damage|p1a: Dragonite|69/100
|
|upkeep
|turn|16
|
|t:|1781131615
|move|p1a: Dragonite|Roost|p1a: Dragonite
|-heal|p1a: Dragonite|100/100
|-singleturn|p1a: Dragonite|move: Roost
|move|p2a: Dondozo|Avalanche|p1a: Dragonite
|-supereffective|p1a: Dragonite
|-damage|p1a: Dragonite|84/100
|
|upkeep
|turn|17
|
|t:|1781131619
|move|p1a: Dragonite|Roost|p1a: Dragonite
|-heal|p1a: Dragonite|100/100
|-singleturn|p1a: Dragonite|move: Roost
|move|p2a: Dondozo|Body Press|p1a: Dragonite
|-damage|p1a: Dragonite|84/100
|
|upkeep
|turn|18
|
|t:|1781131623
|move|p1a: Dragonite|Roost|p1a: Dragonite
|-heal|p1a: Dragonite|100/100
|-singleturn|p1a: Dragonite|move: Roost
|move|p2a: Dondozo|Avalanche|p1a: Dragonite
|-supereffective|p1a: Dragonite
|-damage|p1a: Dragonite|85/100
|
|upkeep
|turn|19
|
|t:|1781131629
|move|p1a: Dragonite|Roost|p1a: Dragonite
|-heal|p1a: Dragonite|100/100
|-singleturn|p1a: Dragonite|move: Roost
|move|p2a: Dondozo|Avalanche|p1a: Dragonite
|-supereffective|p1a: Dragonite
|-damage|p1a: Dragonite|85/100
|
|upkeep
|turn|20
|
|t:|1781131633
|-terastallize|p1a: Dragonite|Normal
|move|p1a: Dragonite|Dragon Dance|p1a: Dragonite
|-boost|p1a: Dragonite|atk|1
|-boost|p1a: Dragonite|spe|1
|move|p2a: Dondozo|Avalanche|p1a: Dragonite
|-damage|p1a: Dragonite|69/100
|
|upkeep
|turn|21
|
|t:|1781131639
|switch|p1a: Hippowdon|Hippowdon, M|100/100
|-weather|Sandstorm|[from] ability: Sand Stream|[of] p1a: Hippowdon
|move|p2a: Dondozo|Body Press|p1a: Hippowdon
|-damage|p1a: Hippowdon|85/100
|
|-weather|Sandstorm|[upkeep]
|-damage|p2a: Dondozo|94/100|[from] Sandstorm
|-heal|p2a: Dondozo|100/100|[from] item: Leftovers
|upkeep
|turn|22
|c|☆bobrumba|what
|
|t:|1781131653
|switch|p2a: Corviknight|Corviknight, M|100/100
|-ability|p2a: Corviknight|Pressure
|move|p1a: Hippowdon|Stealth Rock|p2a: Corviknight
|-sidestart|p2: bobrumba|move: Stealth Rock
|
|-weather|Sandstorm|[upkeep]
|upkeep
|turn|23
|
|t:|1781131657
|move|p2a: Corviknight|Defog|p1a: Hippowdon
|-unboost|p1a: Hippowdon|evasion|1
|-sideend|p2: bobrumba|Stealth Rock|[from] move: Defog|[of] p2a: Corviknight
|move|p1a: Hippowdon|Slack Off|p1a: Hippowdon
|-heal|p1a: Hippowdon|100/100
|
|-weather|Sandstorm|[upkeep]
|upkeep
|turn|24
|
|t:|1781131664
|move|p2a: Corviknight|Body Press|p1a: Hippowdon
|-damage|p1a: Hippowdon|88/100
|move|p1a: Hippowdon|Stealth Rock|p2a: Corviknight
|-sidestart|p2: bobrumba|move: Stealth Rock
|
|-weather|Sandstorm|[upkeep]
|upkeep
|turn|25
|
|t:|1781131673
|move|p2a: Corviknight|Defog|p1a: Hippowdon
|-unboost|p1a: Hippowdon|evasion|1
|-sideend|p2: bobrumba|Stealth Rock|[from] move: Defog|[of] p2a: Corviknight
|move|p1a: Hippowdon|Slack Off|p1a: Hippowdon
|-heal|p1a: Hippowdon|100/100
|
|-weather|none
|upkeep
|turn|26
|
|t:|1781131680
|move|p2a: Corviknight|Body Press|p1a: Hippowdon
|-damage|p1a: Hippowdon|87/100
|move|p1a: Hippowdon|Stealth Rock|p2a: Corviknight
|-sidestart|p2: bobrumba|move: Stealth Rock
|
|upkeep
|turn|27
|
|t:|1781131685
|move|p2a: Corviknight|Defog|p1a: Hippowdon
|-unboost|p1a: Hippowdon|evasion|1
|-sideend|p2: bobrumba|Stealth Rock|[from] move: Defog|[of] p2a: Corviknight
|move|p1a: Hippowdon|Slack Off|p1a: Hippowdon
|-heal|p1a: Hippowdon|100/100
|
|upkeep
|turn|28
|
|t:|1781131690
|move|p2a: Corviknight|Body Press|p1a: Hippowdon
|-damage|p1a: Hippowdon|86/100
|move|p1a: Hippowdon|Stealth Rock|p2a: Corviknight
|-sidestart|p2: bobrumba|move: Stealth Rock
|
|upkeep
|turn|29
|
|t:|1781131696
|move|p2a: Corviknight|Defog|p1a: Hippowdon
|-unboost|p1a: Hippowdon|evasion|1
|-sideend|p2: bobrumba|Stealth Rock|[from] move: Defog|[of] p2a: Corviknight
|move|p1a: Hippowdon|Slack Off|p1a: Hippowdon
|-heal|p1a: Hippowdon|100/100
|
|upkeep
|turn|30
|
|t:|1781131700
|move|p2a: Corviknight|Iron Defense|p2a: Corviknight
|-boost|p2a: Corviknight|def|2
|move|p1a: Hippowdon|Stealth Rock|p2a: Corviknight
|-sidestart|p2: bobrumba|move: Stealth Rock
|
|upkeep
|turn|31
|
|t:|1781131706
|move|p2a: Corviknight|Defog|p1a: Hippowdon
|-unboost|p1a: Hippowdon|evasion|1
|-sideend|p2: bobrumba|Stealth Rock|[from] move: Defog|[of] p2a: Corviknight
|move|p1a: Hippowdon|Whirlwind|p2a: Corviknight
|drag|p2a: Dondozo|Dondozo, F|100/100
|
|upkeep
|turn|32
|
|t:|1781131711
|switch|p2a: Corviknight|Corviknight, M|100/100
|-ability|p2a: Corviknight|Pressure
|move|p1a: Hippowdon|Stealth Rock|p2a: Corviknight
|-sidestart|p2: bobrumba|move: Stealth Rock
|
|upkeep
|turn|33
|
|t:|1781131716
|move|p2a: Corviknight|Defog|p1a: Hippowdon
|-unboost|p1a: Hippowdon|evasion|1
|-sideend|p2: bobrumba|Stealth Rock|[from] move: Defog|[of] p2a: Corviknight
|move|p1a: Hippowdon|Stealth Rock|p2a: Corviknight
|-sidestart|p2: bobrumba|move: Stealth Rock
|
|upkeep
|turn|34
|
|t:|1781131721
|move|p2a: Corviknight|Defog|p1a: Hippowdon
|-unboost|p1a: Hippowdon|evasion|0
|-sideend|p2: bobrumba|Stealth Rock|[from] move: Defog|[of] p2a: Corviknight
|move|p1a: Hippowdon|Stealth Rock|p2a: Corviknight
|-sidestart|p2: bobrumba|move: Stealth Rock
|
|upkeep
|turn|35
|
|t:|1781131725
|move|p2a: Corviknight|Defog|p1a: Hippowdon
|-unboost|p1a: Hippowdon|evasion|0
|-sideend|p2: bobrumba|Stealth Rock|[from] move: Defog|[of] p2a: Corviknight
|move|p1a: Hippowdon|Stealth Rock|p2a: Corviknight
|-sidestart|p2: bobrumba|move: Stealth Rock
|
|upkeep
|turn|36
|j| BiscoitoXDBr
|
|t:|1781131729
|move|p2a: Corviknight|Defog|p1a: Hippowdon
|-unboost|p1a: Hippowdon|evasion|0
|-sideend|p2: bobrumba|Stealth Rock|[from] move: Defog|[of] p2a: Corviknight
|move|p1a: Hippowdon|Whirlwind|p2a: Corviknight
|drag|p2a: Dondozo|Dondozo, F|100/100
|
|upkeep
|turn|37
|c|☆bobrumba|what are you doing
|c|☆bobrumba|im so confused
|
|t:|1781131736
|switch|p2a: Corviknight|Corviknight, M|100/100
|-ability|p2a: Corviknight|Pressure
|move|p1a: Hippowdon|Stealth Rock|p2a: Corviknight
|-sidestart|p2: bobrumba|move: Stealth Rock
|
|upkeep
|turn|38
|
|t:|1781131741
|move|p2a: Corviknight|Defog|p1a: Hippowdon
|-unboost|p1a: Hippowdon|evasion|0
|-sideend|p2: bobrumba|Stealth Rock|[from] move: Defog|[of] p2a: Corviknight
|move|p1a: Hippowdon|Stealth Rock|p2a: Corviknight
|-sidestart|p2: bobrumba|move: Stealth Rock
|
|upkeep
|turn|39
|
|t:|1781131748
|move|p2a: Corviknight|Defog|p1a: Hippowdon
|-unboost|p1a: Hippowdon|evasion|0
|-sideend|p2: bobrumba|Stealth Rock|[from] move: Defog|[of] p2a: Corviknight
|move|p1a: Hippowdon|Stealth Rock|p2a: Corviknight
|-sidestart|p2: bobrumba|move: Stealth Rock
|
|upkeep
|turn|40
|
|t:|1781131755
|move|p2a: Corviknight|Defog|p1a: Hippowdon
|-unboost|p1a: Hippowdon|evasion|0
|-sideend|p2: bobrumba|Stealth Rock|[from] move: Defog|[of] p2a: Corviknight
|move|p1a: Hippowdon|Stealth Rock|p2a: Corviknight
|-sidestart|p2: bobrumba|move: Stealth Rock
|
|upkeep
|turn|41
|
|t:|1781131760
|move|p2a: Corviknight|Defog|p1a: Hippowdon
|-unboost|p1a: Hippowdon|evasion|0
|-sideend|p2: bobrumba|Stealth Rock|[from] move: Defog|[of] p2a: Corviknight
|move|p1a: Hippowdon|Stealth Rock|p2a: Corviknight
|-sidestart|p2: bobrumba|move: Stealth Rock
|
|upkeep
|turn|42
|
|t:|1781131764
|switch|p1a: Primarina|Primarina, M|100/100
|move|p2a: Corviknight|Defog|p1a: Primarina
|-unboost|p1a: Primarina|evasion|1
|-sideend|p2: bobrumba|Stealth Rock|[from] move: Defog|[of] p2a: Corviknight
|
|upkeep
|turn|43
|
|t:|1781131769
|switch|p2a: Toxapex|Toxapex, F|100/100
|move|p1a: Primarina|Surf|p2a: Toxapex
|-resisted|p2a: Toxapex
|-damage|p2a: Toxapex|85/100
|
|-heal|p2a: Toxapex|91/100|[from] item: Black Sludge
|upkeep
|turn|44
|
|t:|1781131773
|switch|p1a: Skarmory|Skarmory, M|100/100
|move|p2a: Toxapex|Toxic|p1a: Skarmory
|-immune|p1a: Skarmory
|
|-heal|p2a: Toxapex|98/100|[from] item: Black Sludge
|upkeep
|turn|45
|
|t:|1781131778
|switch|p2a: Weezing|Weezing-Galar, M|100/100
|-ability|p2a: Weezing|Neutralizing Gas
|move|p1a: Skarmory|Spikes|p2a: Weezing
|-sidestart|p2: bobrumba|Spikes
|
|upkeep
|turn|46
|
|t:|1781131782
|move|p1a: Skarmory|Iron Head|p2a: Weezing
|-supereffective|p2a: Weezing
|-damage|p2a: Weezing|69/100
|move|p2a: Weezing|Will-O-Wisp|p1a: Skarmory
|-status|p1a: Skarmory|brn
|
|-damage|p1a: Skarmory|95/100 brn|[from] brn
|upkeep
|turn|47
|
|t:|1781131790
|move|p1a: Skarmory|Iron Head|p2a: Weezing
|-supereffective|p2a: Weezing
|-damage|p2a: Weezing|54/100
|move|p2a: Weezing|Pain Split|p1a: Skarmory
|-sethp|p1a: Skarmory|74/100 brn|[from] move: Pain Split|[silent]
|-sethp|p2a: Weezing|74/100|[from] move: Pain Split
|
|-heal|p1a: Skarmory|80/100 brn|[from] item: Leftovers
|-damage|p1a: Skarmory|74/100 brn|[from] brn
|upkeep
|turn|48
|
|t:|1781131806
|move|p1a: Skarmory|Roost|p1a: Skarmory
|-heal|p1a: Skarmory|100/100 brn
|-singleturn|p1a: Skarmory|move: Roost
|move|p2a: Weezing|Defog|p1a: Skarmory
|-unboost|p1a: Skarmory|evasion|1
|-sideend|p2: bobrumba|Spikes|[from] move: Defog|[of] p2a: Weezing
|
|-damage|p1a: Skarmory|95/100 brn|[from] brn
|upkeep
|turn|49
|
|t:|1781131811
|-end|p2a: Weezing|ability: Neutralizing Gas
|switch|p2a: Corviknight|Corviknight, M|100/100
|-ability|p2a: Corviknight|Pressure
|move|p1a: Skarmory|Spikes|p2a: Corviknight
|-sidestart|p2: bobrumba|Spikes
|
|-heal|p1a: Skarmory|100/100 brn|[from] item: Leftovers
|-damage|p1a: Skarmory|95/100 brn|[from] brn
|upkeep
|turn|50
|
|t:|1781131817
|switch|p1a: Primarina|Primarina, M|100/100
|switch|p2a: Weezing|Weezing-Galar, M|74/100
|-ability|p2a: Weezing|Neutralizing Gas
|
|upkeep
|turn|51
|
|t:|1781131824
|-end|p2a: Weezing|ability: Neutralizing Gas
|switch|p2a: Toxapex|Toxapex, F|100/100
|-damage|p2a: Toxapex|88/100|[from] Spikes
|move|p1a: Primarina|Psychic|p2a: Toxapex
|-supereffective|p2a: Toxapex
|-damage|p2a: Toxapex|48/100
|
|-heal|p2a: Toxapex|54/100|[from] item: Black Sludge
|upkeep
|turn|52
|
|t:|1781131832
|move|p1a: Primarina|Psychic|p2a: Toxapex
|-supereffective|p2a: Toxapex
|-damage|p2a: Toxapex|13/100
|move|p2a: Toxapex|Toxic|p1a: Primarina
|-status|p1a: Primarina|tox
|
|-heal|p2a: Toxapex|19/100|[from] item: Black Sludge
|-damage|p1a: Primarina|94/100 tox|[from] psn
|upkeep
|turn|53
|
|t:|1781131836
|switch|p2a: Blissey|Blissey, F|94/100
|-damage|p2a: Blissey|82/100|[from] Spikes
|move|p1a: Primarina|Psychic|p2a: Blissey
|-damage|p2a: Blissey|72/100
|
|-heal|p2a: Blissey|78/100|[from] item: Leftovers
|-damage|p1a: Primarina|82/100 tox|[from] psn
|upkeep
|turn|54
|
|t:|1781131844
|switch|p1a: Hippowdon|Hippowdon, M|100/100
|-weather|Sandstorm|[from] ability: Sand Stream|[of] p1a: Hippowdon
|move|p2a: Blissey|Seismic Toss|p1a: Hippowdon
|-damage|p1a: Hippowdon|77/100
|
|-weather|Sandstorm|[upkeep]
|-damage|p2a: Blissey|72/100|[from] Sandstorm
|-heal|p2a: Blissey|78/100|[from] item: Leftovers
|upkeep
|turn|55
|
|t:|1781131849
|switch|p2a: Corviknight|Corviknight, M|100/100
|-ability|p2a: Corviknight|Pressure
|move|p1a: Hippowdon|Slack Off|p1a: Hippowdon
|-heal|p1a: Hippowdon|100/100
|
|-weather|Sandstorm|[upkeep]
|upkeep
|turn|56
|
|t:|1781131855
|switch|p2a: Weezing|Weezing-Galar, M|74/100
|-ability|p2a: Weezing|Neutralizing Gas
|move|p1a: Hippowdon|Whirlwind|p2a: Weezing
|-end|p2a: Weezing|ability: Neutralizing Gas
|drag|p2a: Gliscor|Gliscor, F|100/100 tox
|
|-weather|Sandstorm|[upkeep]
|upkeep
|turn|57
|
|t:|1781131864
|switch|p2a: Toxapex|Toxapex, F|52/100
|-damage|p2a: Toxapex|40/100|[from] Spikes
|move|p1a: Hippowdon|Stealth Rock|p2a: Toxapex
|-sidestart|p2: bobrumba|move: Stealth Rock
|
|-weather|Sandstorm|[upkeep]
|-damage|p2a: Toxapex|33/100|[from] Sandstorm
|-heal|p2a: Toxapex|40/100|[from] item: Black Sludge
|upkeep
|turn|58
|
|t:|1781131871
|switch|p2a: Corviknight|Corviknight, M|100/100
|-damage|p2a: Corviknight|88/100|[from] Stealth Rock
|-ability|p2a: Corviknight|Pressure
|move|p1a: Hippowdon|Whirlwind|p2a: Corviknight
|drag|p2a: Dondozo|Dondozo, F|100/100
|-damage|p2a: Dondozo|88/100|[from] Spikes
|-damage|p2a: Dondozo|76/100|[from] Stealth Rock
|
|-weather|none
|-heal|p2a: Dondozo|82/100|[from] item: Leftovers
|upkeep
|turn|59
|
|t:|1781131877
|switch|p1a: Zapdos|Zapdos|100/100
|move|p2a: Dondozo|Body Press|p1a: Zapdos
|-resisted|p1a: Zapdos
|-damage|p1a: Zapdos|91/100
|
|-heal|p2a: Dondozo|88/100|[from] item: Leftovers
|upkeep
|turn|60
|
|t:|1781131884
|switch|p2a: Gliscor|Gliscor, F|100/100 tox
|-damage|p2a: Gliscor|88/100 tox|[from] Stealth Rock
|move|p1a: Zapdos|Volt Switch|p2a: Gliscor
|-immune|p2a: Gliscor
|
|-heal|p2a: Gliscor|100/100 tox|[from] ability: Poison Heal
|upkeep
|turn|61
|
|t:|1781131889
|move|p1a: Zapdos|Hurricane|p2a: Gliscor
|-damage|p2a: Gliscor|60/100 tox
|move|p2a: Gliscor|Knock Off|p1a: Zapdos
|-damage|p1a: Zapdos|75/100
|-enditem|p1a: Zapdos|Heavy-Duty Boots|[from] move: Knock Off|[of] p2a: Gliscor
|
|-heal|p2a: Gliscor|73/100 tox|[from] ability: Poison Heal
|upkeep
|turn|62
|
|t:|1781131901
|move|p1a: Zapdos|Hurricane|p2a: Gliscor|[miss]
|-miss|p1a: Zapdos|p2a: Gliscor
|move|p2a: Gliscor|Knock Off|p1a: Zapdos
|-damage|p1a: Zapdos|64/100
|
|-heal|p2a: Gliscor|85/100 tox|[from] ability: Poison Heal
|upkeep
|turn|63
|
|t:|1781131904
|move|p1a: Zapdos|Hurricane|p2a: Gliscor
|-damage|p2a: Gliscor|47/100 tox
|move|p2a: Gliscor|Knock Off|p1a: Zapdos
|-damage|p1a: Zapdos|53/100
|
|-heal|p2a: Gliscor|59/100 tox|[from] ability: Poison Heal
|upkeep
|turn|64
|
|t:|1781131910
|move|p1a: Zapdos|Hurricane|p2a: Gliscor|[miss]
|-miss|p1a: Zapdos|p2a: Gliscor
|move|p2a: Gliscor|Knock Off|p1a: Zapdos
|-damage|p1a: Zapdos|43/100
|
|-heal|p2a: Gliscor|72/100 tox|[from] ability: Poison Heal
|upkeep
|turn|65
|
|t:|1781131915
|move|p1a: Zapdos|Roost|p1a: Zapdos
|-heal|p1a: Zapdos|93/100
|-singleturn|p1a: Zapdos|move: Roost
|move|p2a: Gliscor|Earthquake|p1a: Zapdos
|-supereffective|p1a: Zapdos
|-damage|p1a: Zapdos|43/100
|
|-heal|p2a: Gliscor|84/100 tox|[from] ability: Poison Heal
|upkeep
|turn|66
|
|t:|1781131926
|move|p1a: Zapdos|Roost|p1a: Zapdos
|-heal|p1a: Zapdos|93/100
|-singleturn|p1a: Zapdos|move: Roost
|move|p2a: Gliscor|Earthquake|p1a: Zapdos
|-supereffective|p1a: Zapdos
|-damage|p1a: Zapdos|43/100
|
|-heal|p2a: Gliscor|97/100 tox|[from] ability: Poison Heal
|upkeep
|turn|67
|
|t:|1781131934
|move|p1a: Zapdos|Roost|p1a: Zapdos
|-heal|p1a: Zapdos|93/100
|-singleturn|p1a: Zapdos|move: Roost
|move|p2a: Gliscor|Knock Off|p1a: Zapdos
|-damage|p1a: Zapdos|82/100
|
|-heal|p2a: Gliscor|100/100 tox|[from] ability: Poison Heal
|upkeep
|turn|68
|
|t:|1781131939
|move|p1a: Zapdos|Hurricane|p2a: Gliscor
|-damage|p2a: Gliscor|59/100 tox
|move|p2a: Gliscor|Spikes|p1a: Zapdos
|-sidestart|p1: KurisuChestnutLab|Spikes
|
|-heal|p2a: Gliscor|72/100 tox|[from] ability: Poison Heal
|upkeep
|turn|69
|
|t:|1781131949
|move|p1a: Zapdos|Hurricane|p2a: Gliscor
|-damage|p2a: Gliscor|35/100 tox
|move|p2a: Gliscor|Spikes|p1a: Zapdos
|-sidestart|p1: KurisuChestnutLab|Spikes
|
|-heal|p2a: Gliscor|47/100 tox|[from] ability: Poison Heal
|upkeep
|turn|70
|
|t:|1781131954
|move|p2a: Gliscor|Protect|p2a: Gliscor
|-singleturn|p2a: Gliscor|Protect
|move|p1a: Zapdos|Hurricane|p2a: Gliscor
|-activate|p2a: Gliscor|move: Protect
|
|-heal|p2a: Gliscor|60/100 tox|[from] ability: Poison Heal
|upkeep
|turn|71
|
|t:|1781131960
|move|p1a: Zapdos|Hurricane|p2a: Gliscor|[miss]
|-miss|p1a: Zapdos|p2a: Gliscor
|move|p2a: Gliscor|Spikes|p1a: Zapdos
|-sidestart|p1: KurisuChestnutLab|Spikes
|
|-heal|p2a: Gliscor|72/100 tox|[from] ability: Poison Heal
|upkeep
|turn|72
|
|t:|1781131967
|move|p2a: Gliscor|Protect|p2a: Gliscor
|-singleturn|p2a: Gliscor|Protect
|move|p1a: Zapdos|Hurricane|p2a: Gliscor
|-activate|p2a: Gliscor|move: Protect
|
|-heal|p2a: Gliscor|85/100 tox|[from] ability: Poison Heal
|upkeep
|turn|73
|
|t:|1781131971
|move|p1a: Zapdos|Hurricane|p2a: Gliscor
|-damage|p2a: Gliscor|49/100 tox
|-start|p2a: Gliscor|confusion
|-activate|p2a: Gliscor|confusion
|move|p2a: Gliscor|Spikes||[still]
|-fail|p2a: Gliscor
|
|-heal|p2a: Gliscor|62/100 tox|[from] ability: Poison Heal
|upkeep
|turn|74
|
|t:|1781131982
|-activate|p2a: Gliscor|confusion
|move|p2a: Gliscor|Protect|p2a: Gliscor
|-singleturn|p2a: Gliscor|Protect
|move|p1a: Zapdos|Hurricane|p2a: Gliscor
|-activate|p2a: Gliscor|move: Protect
|
|-heal|p2a: Gliscor|74/100 tox|[from] ability: Poison Heal
|upkeep
|turn|75
|
|t:|1781131997
|move|p1a: Zapdos|Hurricane|p2a: Gliscor
|-damage|p2a: Gliscor|35/100 tox
|-activate|p2a: Gliscor|confusion
|move|p2a: Gliscor|Knock Off|p1a: Zapdos
|-damage|p1a: Zapdos|71/100
|
|-heal|p2a: Gliscor|47/100 tox|[from] ability: Poison Heal
|upkeep
|turn|76
|
|t:|1781132006
|-activate|p2a: Gliscor|confusion
|move|p2a: Gliscor|Protect|p2a: Gliscor
|-singleturn|p2a: Gliscor|Protect
|move|p1a: Zapdos|Hurricane|p2a: Gliscor
|-activate|p2a: Gliscor|move: Protect
|
|-heal|p2a: Gliscor|60/100 tox|[from] ability: Poison Heal
|upkeep
|turn|77
|
|t:|1781132033
|switch|p2a: Corviknight|Corviknight, M|88/100
|-damage|p2a: Corviknight|75/100|[from] Stealth Rock
|-ability|p2a: Corviknight|Pressure
|move|p1a: Zapdos|Hurricane|p2a: Corviknight
|-resisted|p2a: Corviknight
|-damage|p2a: Corviknight|52/100
|
|-heal|p2a: Corviknight|58/100|[from] item: Leftovers
|upkeep
|turn|78
|
|t:|1781132038
|switch|p2a: Gliscor|Gliscor, F|60/100 tox
|-damage|p2a: Gliscor|47/100 tox|[from] Stealth Rock
|move|p1a: Zapdos|Volt Switch|p2a: Gliscor
|-immune|p2a: Gliscor
|
|-heal|p2a: Gliscor|60/100 tox|[from] ability: Poison Heal
|upkeep
|turn|79
|
|t:|1781132048
|move|p1a: Zapdos|Roost|p1a: Zapdos
|-heal|p1a: Zapdos|100/100
|-singleturn|p1a: Zapdos|move: Roost
|move|p2a: Gliscor|Knock Off|p1a: Zapdos
|-damage|p1a: Zapdos|91/100
|
|-heal|p2a: Gliscor|72/100 tox|[from] ability: Poison Heal
|upkeep
|turn|80
|
|t:|1781132053
|move|p1a: Zapdos|Heat Wave|p2a: Gliscor
|-damage|p2a: Gliscor|49/100 tox
|move|p2a: Gliscor|Knock Off|p1a: Zapdos
|-damage|p1a: Zapdos|81/100
|
|-heal|p2a: Gliscor|62/100 tox|[from] ability: Poison Heal
|upkeep
|turn|81
|
|t:|1781132067
|move|p1a: Zapdos|Heat Wave|p2a: Gliscor
|-damage|p2a: Gliscor|41/100 tox
|move|p2a: Gliscor|Knock Off|p1a: Zapdos
|-damage|p1a: Zapdos|70/100
|
|-heal|p2a: Gliscor|53/100 tox|[from] ability: Poison Heal
|upkeep
|turn|82
|
|t:|1781132073
|switch|p2a: Toxapex|Toxapex, F|73/100
|-damage|p2a: Toxapex|60/100|[from] Spikes
|-damage|p2a: Toxapex|48/100|[from] Stealth Rock
|move|p1a: Zapdos|Heat Wave|p2a: Toxapex
|-resisted|p2a: Toxapex
|-damage|p2a: Toxapex|39/100
|
|-heal|p2a: Toxapex|45/100|[from] item: Black Sludge
|upkeep
|turn|83
|
|t:|1781132082
|switch|p2a: Gliscor|Gliscor, F|53/100 tox
|-damage|p2a: Gliscor|41/100 tox|[from] Stealth Rock
|move|p1a: Zapdos|Volt Switch|p2a: Gliscor
|-immune|p2a: Gliscor
|
|-heal|p2a: Gliscor|53/100 tox|[from] ability: Poison Heal
|upkeep
|turn|84
|j| fdghjhjgj
|
|t:|1781132092
|move|p1a: Zapdos|Roost|p1a: Zapdos
|-heal|p1a: Zapdos|100/100
|-singleturn|p1a: Zapdos|move: Roost
|move|p2a: Gliscor|Knock Off|p1a: Zapdos
|-damage|p1a: Zapdos|90/100
|
|-heal|p2a: Gliscor|66/100 tox|[from] ability: Poison Heal
|upkeep
|turn|85
|
|t:|1781132095
|move|p1a: Zapdos|Heat Wave|p2a: Gliscor
|-damage|p2a: Gliscor|45/100 tox
|move|p2a: Gliscor|Knock Off|p1a: Zapdos
|-damage|p1a: Zapdos|79/100
|
|-heal|p2a: Gliscor|58/100 tox|[from] ability: Poison Heal
|upkeep
|turn|86
|
|t:|1781132099
|move|p1a: Zapdos|Heat Wave|p2a: Gliscor
|-damage|p2a: Gliscor|34/100 tox
|move|p2a: Gliscor|Knock Off|p1a: Zapdos
|-damage|p1a: Zapdos|68/100
|
|-heal|p2a: Gliscor|46/100 tox|[from] ability: Poison Heal
|upkeep
|turn|87
|
|t:|1781132104
|move|p2a: Gliscor|Protect|p2a: Gliscor
|-singleturn|p2a: Gliscor|Protect
|move|p1a: Zapdos|Roost|p1a: Zapdos
|-heal|p1a: Zapdos|100/100
|-singleturn|p1a: Zapdos|move: Roost
|
|-heal|p2a: Gliscor|59/100 tox|[from] ability: Poison Heal
|upkeep
|turn|88
|l| fdghjhjgj
|
|t:|1781132110
|move|p1a: Zapdos|Hurricane|p2a: Gliscor
|-damage|p2a: Gliscor|21/100 tox
|move|p2a: Gliscor|Knock Off|p1a: Zapdos
|-damage|p1a: Zapdos|90/100
|
|-heal|p2a: Gliscor|34/100 tox|[from] ability: Poison Heal
|upkeep
|turn|89
|
|t:|1781132123
|move|p2a: Gliscor|Protect|p2a: Gliscor
|-singleturn|p2a: Gliscor|Protect
|move|p1a: Zapdos|Heat Wave|p2a: Gliscor
|-activate|p2a: Gliscor|move: Protect
|
|-heal|p2a: Gliscor|46/100 tox|[from] ability: Poison Heal
|upkeep
|turn|90
|
|t:|1781132126
|switch|p2a: Dondozo|Dondozo, F|88/100
|-damage|p2a: Dondozo|76/100|[from] Spikes
|-damage|p2a: Dondozo|64/100|[from] Stealth Rock
|move|p1a: Zapdos|Heat Wave|p2a: Dondozo
|-resisted|p2a: Dondozo
|-damage|p2a: Dondozo|51/100
|
|-heal|p2a: Dondozo|57/100|[from] item: Leftovers
|upkeep
|turn|91
|
|t:|1781132133
|switch|p2a: Gliscor|Gliscor, F|46/100 tox
|-damage|p2a: Gliscor|34/100 tox|[from] Stealth Rock
|move|p1a: Zapdos|Volt Switch|p2a: Gliscor
|-immune|p2a: Gliscor
|
|-heal|p2a: Gliscor|46/100 tox|[from] ability: Poison Heal
|upkeep
|turn|92
|
|t:|1781132140
|move|p2a: Gliscor|Protect|p2a: Gliscor
|-singleturn|p2a: Gliscor|Protect
|move|p1a: Zapdos|Heat Wave|p2a: Gliscor
|-activate|p2a: Gliscor|move: Protect
|
|-heal|p2a: Gliscor|59/100 tox|[from] ability: Poison Heal
|upkeep
|turn|93
|
|t:|1781132143
|move|p1a: Zapdos|Heat Wave|p2a: Gliscor
|-damage|p2a: Gliscor|36/100 tox
|move|p2a: Gliscor|Knock Off|p1a: Zapdos
|-damage|p1a: Zapdos|80/100
|
|-heal|p2a: Gliscor|49/100 tox|[from] ability: Poison Heal
|upkeep
|turn|94
|
|t:|1781132150
|move|p2a: Gliscor|Protect|p2a: Gliscor
|-singleturn|p2a: Gliscor|Protect
|move|p1a: Zapdos|Heat Wave|p2a: Gliscor
|-activate|p2a: Gliscor|move: Protect
|
|-heal|p2a: Gliscor|61/100 tox|[from] ability: Poison Heal
|upkeep
|turn|95
|
|t:|1781132153
|move|p1a: Zapdos|Heat Wave|p2a: Gliscor
|-damage|p2a: Gliscor|41/100 tox
|move|p2a: Gliscor|Knock Off|p1a: Zapdos
|-damage|p1a: Zapdos|69/100
|
|-heal|p2a: Gliscor|53/100 tox|[from] ability: Poison Heal
|upkeep
|turn|96
|
|t:|1781132158
|move|p2a: Gliscor|Protect|p2a: Gliscor
|-singleturn|p2a: Gliscor|Protect
|move|p1a: Zapdos|Heat Wave|p2a: Gliscor
|-activate|p2a: Gliscor|move: Protect
|
|-heal|p2a: Gliscor|66/100 tox|[from] ability: Poison Heal
|upkeep
|turn|97
|
|t:|1781132162
|switch|p2a: Toxapex|Toxapex, F|78/100
|-damage|p2a: Toxapex|66/100|[from] Spikes
|-damage|p2a: Toxapex|53/100|[from] Stealth Rock
|move|p1a: Zapdos|Heat Wave|p2a: Toxapex
|-resisted|p2a: Toxapex
|-damage|p2a: Toxapex|46/100
|
|-heal|p2a: Toxapex|52/100|[from] item: Black Sludge
|upkeep
|turn|98
|l| BiscoitoXDBr
|
|t:|1781132168
|switch|p2a: Gliscor|Gliscor, F|66/100 tox
|-damage|p2a: Gliscor|53/100 tox|[from] Stealth Rock
|move|p1a: Zapdos|Volt Switch|p2a: Gliscor
|-immune|p2a: Gliscor
|
|-heal|p2a: Gliscor|66/100 tox|[from] ability: Poison Heal
|upkeep
|turn|99
|
|t:|1781132180
|move|p1a: Zapdos|Heat Wave|p2a: Gliscor
|-damage|p2a: Gliscor|43/100 tox
|move|p2a: Gliscor|Knock Off|p1a: Zapdos
|-damage|p1a: Zapdos|59/100
|
|-heal|p2a: Gliscor|56/100 tox|[from] ability: Poison Heal
|upkeep
|turn|100
|
|t:|1781132186
|move|p1a: Zapdos|Heat Wave|p2a: Gliscor
|-damage|p2a: Gliscor|34/100 tox
|move|p2a: Gliscor|Knock Off|p1a: Zapdos
|-damage|p1a: Zapdos|48/100
|
|-heal|p2a: Gliscor|46/100 tox|[from] ability: Poison Heal
|upkeep
|turn|101
|
|t:|1781132192
|move|p1a: Zapdos|Heat Wave|p2a: Gliscor
|-damage|p2a: Gliscor|24/100 tox
|move|p2a: Gliscor|Earthquake|p1a: Zapdos
|-immune|p1a: Zapdos
|
|-heal|p2a: Gliscor|37/100 tox|[from] ability: Poison Heal
|upkeep
|turn|102
|
|t:|1781132197
|move|p1a: Zapdos|Roost|p1a: Zapdos
|-heal|p1a: Zapdos|98/100
|-singleturn|p1a: Zapdos|move: Roost
|move|p2a: Gliscor|Earthquake|p1a: Zapdos
|-supereffective|p1a: Zapdos
|-damage|p1a: Zapdos|50/100
|
|-heal|p2a: Gliscor|49/100 tox|[from] ability: Poison Heal
|upkeep
|turn|103
|
|t:|1781132200
|switch|p1a: Skarmory|Skarmory, M|95/100 brn
|move|p2a: Gliscor|Earthquake|p1a: Skarmory
|-immune|p1a: Skarmory
|
|-heal|p1a: Skarmory|100/100 brn|[from] item: Leftovers
|-heal|p2a: Gliscor|62/100 tox|[from] ability: Poison Heal
|-damage|p1a: Skarmory|95/100 brn|[from] brn
|upkeep
|turn|104
|
|t:|1781132204
|move|p2a: Gliscor|Knock Off|p1a: Skarmory
|-damage|p1a: Skarmory|81/100 brn
|-enditem|p1a: Skarmory|Leftovers|[from] move: Knock Off|[of] p2a: Gliscor
|move|p1a: Skarmory|Spikes|p2a: Gliscor
|-sidestart|p2: bobrumba|Spikes
|
|-heal|p2a: Gliscor|74/100 tox|[from] ability: Poison Heal
|-damage|p1a: Skarmory|75/100 brn|[from] brn
|upkeep
|turn|105
|
|t:|1781132209
|switch|p2a: Corviknight|Corviknight, M|58/100
|-damage|p2a: Corviknight|45/100|[from] Stealth Rock
|-ability|p2a: Corviknight|Pressure
|switch|p1a: Zapdos|Zapdos|50/100
|
|-heal|p2a: Corviknight|52/100|[from] item: Leftovers
|upkeep
|turn|106
|
|t:|1781132216
|switch|p2a: Gliscor|Gliscor, F|74/100 tox
|-damage|p2a: Gliscor|62/100 tox|[from] Stealth Rock
|move|p1a: Zapdos|Roost|p1a: Zapdos
|-heal|p1a: Zapdos|99/100
|-singleturn|p1a: Zapdos|move: Roost
|
|-heal|p2a: Gliscor|74/100 tox|[from] ability: Poison Heal
|upkeep
|turn|107
|
|t:|1781132222
|switch|p1a: Skarmory|Skarmory, M|75/100 brn
|move|p2a: Gliscor|Knock Off|p1a: Skarmory
|-damage|p1a: Skarmory|67/100 brn
|
|-heal|p2a: Gliscor|87/100 tox|[from] ability: Poison Heal
|-damage|p1a: Skarmory|61/100 brn|[from] brn
|upkeep
|turn|108
|
|t:|1781132229
|switch|p2a: Weezing|Weezing-Galar, M|74/100
|-ability|p2a: Weezing|Neutralizing Gas
|switch|p1a: Zapdos|Zapdos|99/100
|
|upkeep
|turn|109
|
|t:|1781132235
|-end|p2a: Weezing|ability: Neutralizing Gas
|switch|p2a: Gliscor|Gliscor, F|87/100 tox
|-damage|p2a: Gliscor|74/100 tox|[from] Stealth Rock
|move|p1a: Zapdos|Volt Switch|p2a: Gliscor
|-immune|p2a: Gliscor
|
|-heal|p2a: Gliscor|87/100 tox|[from] ability: Poison Heal
|upkeep
|turn|110
|
|t:|1781132244
|switch|p1a: Skarmory|Skarmory, M|61/100 brn
|move|p2a: Gliscor|Knock Off|p1a: Skarmory
|-damage|p1a: Skarmory|52/100 brn
|
|-heal|p2a: Gliscor|99/100 tox|[from] ability: Poison Heal
|-damage|p1a: Skarmory|46/100 brn|[from] brn
|upkeep
|turn|111
|
|t:|1781132250
|switch|p2a: Weezing|Weezing-Galar, M|74/100
|-ability|p2a: Weezing|Neutralizing Gas
|switch|p1a: Zapdos|Zapdos|99/100
|
|upkeep
|turn|112
|
|t:|1781132253
|-end|p2a: Weezing|ability: Neutralizing Gas
|switch|p2a: Gliscor|Gliscor, F|99/100 tox
|-damage|p2a: Gliscor|87/100 tox|[from] Stealth Rock
|move|p1a: Zapdos|Volt Switch|p2a: Gliscor
|-immune|p2a: Gliscor
|
|-heal|p2a: Gliscor|99/100 tox|[from] ability: Poison Heal
|upkeep
|turn|113
|
|t:|1781132261
|switch|p1a: Skarmory|Skarmory, M|46/100 brn
|move|p2a: Gliscor|Knock Off|p1a: Skarmory
|-damage|p1a: Skarmory|37/100 brn
|
|-heal|p2a: Gliscor|100/100 tox|[from] ability: Poison Heal
|-damage|p1a: Skarmory|31/100 brn|[from] brn
|upkeep
|turn|114
|
|t:|1781132268
|switch|p2a: Weezing|Weezing-Galar, M|74/100
|-ability|p2a: Weezing|Neutralizing Gas
|switch|p1a: Zapdos|Zapdos|99/100
|
|upkeep
|turn|115
|
|t:|1781132271
|-end|p2a: Weezing|ability: Neutralizing Gas
|switch|p2a: Gliscor|Gliscor, F|100/100 tox
|-damage|p2a: Gliscor|88/100 tox|[from] Stealth Rock
|move|p1a: Zapdos|Volt Switch|p2a: Gliscor
|-immune|p2a: Gliscor
|
|-heal|p2a: Gliscor|100/100 tox|[from] ability: Poison Heal
|upkeep
|turn|116
|
|t:|1781132282
|switch|p1a: Skarmory|Skarmory, M|31/100 brn
|move|p2a: Gliscor|Knock Off|p1a: Skarmory
|-damage|p1a: Skarmory|23/100 brn
|
|-damage|p1a: Skarmory|17/100 brn|[from] brn
|upkeep
|turn|117
|
|t:|1781132289
|switch|p1a: Zapdos|Zapdos|99/100
|move|p2a: Gliscor|Earthquake|p1a: Zapdos
|-immune|p1a: Zapdos
|
|upkeep
|turn|118
|
|t:|1781132295
|switch|p1a: Skarmory|Skarmory, M|17/100 brn
|move|p2a: Gliscor|Knock Off|p1a: Skarmory
|-damage|p1a: Skarmory|9/100 brn
|
|-damage|p1a: Skarmory|3/100 brn|[from] brn
|upkeep
|turn|119
|
|t:|1781132299
|switch|p1a: Zapdos|Zapdos|99/100
|move|p2a: Gliscor|Knock Off|p1a: Zapdos
|-damage|p1a: Zapdos|90/100
|
|upkeep
|turn|120
|
|t:|1781132310
|switch|p1a: Skarmory|Skarmory, M|3/100 brn
|move|p2a: Gliscor|Knock Off|p1a: Skarmory
|-damage|p1a: Skarmory|0 fnt
|faint|p1a: Skarmory
|
|upkeep
|
|t:|1781132314
|switch|p1a: Slowking|Slowking, M|100/100
|turn|121
|
|t:|1781132319
|move|p2a: Gliscor|Protect|p2a: Gliscor
|-singleturn|p2a: Gliscor|Protect
|move|p1a: Slowking|Scald|p2a: Gliscor
|-activate|p2a: Gliscor|move: Protect
|
|upkeep
|turn|122
|
|t:|1781132322
|move|p2a: Gliscor|Knock Off|p1a: Slowking
|-supereffective|p1a: Slowking
|-damage|p1a: Slowking|56/100
|-enditem|p1a: Slowking|Heavy-Duty Boots|[from] move: Knock Off|[of] p2a: Gliscor
|move|p1a: Slowking|Future Sight|p2a: Gliscor
|-start|p1a: Slowking|move: Future Sight
|
|upkeep
|turn|123
|
|t:|1781132330
|move|p2a: Gliscor|Knock Off|p1a: Slowking
|-supereffective|p1a: Slowking
|-damage|p1a: Slowking|25/100
|move|p1a: Slowking|Slack Off|p1a: Slowking
|-heal|p1a: Slowking|75/100
|
|upkeep
|turn|124
|
|t:|1781132346
|switch|p2a: Blissey|Blissey, F|78/100
|-damage|p2a: Blissey|61/100|[from] Spikes
|-damage|p2a: Blissey|49/100|[from] Stealth Rock
|move|p1a: Slowking|Slack Off|p1a: Slowking
|-heal|p1a: Slowking|100/100
|
|-end|p2a: Blissey|move: Future Sight
|-damage|p2a: Blissey|36/100
|-heal|p2a: Blissey|42/100|[from] item: Leftovers
|upkeep
|turn|125
|
|t:|1781132350
|switch|p1a: Dragonite|Dragonite, F, tera:Normal|69/100
|move|p2a: Blissey|Soft-Boiled|p2a: Blissey
|-heal|p2a: Blissey|92/100
|
|-heal|p2a: Blissey|98/100|[from] item: Leftovers
|upkeep
|turn|126
|
|t:|1781132360
|switch|p1a: Zapdos|Zapdos|90/100
|switch|p2a: Weezing|Weezing-Galar, M|74/100
|-ability|p2a: Weezing|Neutralizing Gas
|
|upkeep
|turn|127
|
|t:|1781132367
|move|p1a: Zapdos|Volt Switch|p2a: Weezing
|-damage|p2a: Weezing|35/100
|
|t:|1781132372
|switch|p1a: Dragonite|Dragonite, F, tera:Normal|69/100|[from] Volt Switch
|move|p2a: Weezing|Defog|p1a: Dragonite
|-unboost|p1a: Dragonite|evasion|1
|-sideend|p1: KurisuChestnutLab|Spikes|[from] move: Defog|[of] p2a: Weezing
|-sideend|p2: bobrumba|Spikes|[from] move: Defog|[of] p2a: Weezing
|-sideend|p2: bobrumba|Stealth Rock|[from] move: Defog|[of] p2a: Weezing
|
|upkeep
|turn|128
|
|t:|1781132385
|switch|p1a: Zapdos|Zapdos|90/100
|-end|p2a: Weezing|ability: Neutralizing Gas
|switch|p2a: Dondozo|Dondozo, F|57/100
|
|-heal|p2a: Dondozo|63/100|[from] item: Leftovers
|upkeep
|turn|129
|
|t:|1781132388
|switch|p2a: Gliscor|Gliscor, F|100/100 tox
|move|p1a: Zapdos|Volt Switch|p2a: Gliscor
|-immune|p2a: Gliscor
|
|upkeep
|turn|130
|
|t:|1781132395
|switch|p1a: Hippowdon|Hippowdon, M|100/100
|-weather|Sandstorm|[from] ability: Sand Stream|[of] p1a: Hippowdon
|move|p2a: Gliscor|Spikes|p1a: Hippowdon
|-sidestart|p1: KurisuChestnutLab|Spikes
|
|-weather|Sandstorm|[upkeep]
|upkeep
|turn|131
|
|t:|1781132398
|switch|p2a: Corviknight|Corviknight, M|52/100
|-ability|p2a: Corviknight|Pressure
|move|p1a: Hippowdon|Stealth Rock|p2a: Corviknight
|-sidestart|p2: bobrumba|move: Stealth Rock
|
|-weather|Sandstorm|[upkeep]
|-heal|p2a: Corviknight|58/100|[from] item: Leftovers
|upkeep
|turn|132
|
|t:|1781132403
|move|p2a: Corviknight|Defog|p1a: Hippowdon
|-unboost|p1a: Hippowdon|evasion|1
|-sideend|p1: KurisuChestnutLab|Spikes|[from] move: Defog|[of] p2a: Corviknight
|-sideend|p2: bobrumba|Stealth Rock|[from] move: Defog|[of] p2a: Corviknight
|move|p1a: Hippowdon|Whirlwind|p2a: Corviknight
|drag|p2a: Toxapex|Toxapex, F|85/100
|
|-weather|Sandstorm|[upkeep]
|-damage|p2a: Toxapex|79/100|[from] Sandstorm
|-heal|p2a: Toxapex|85/100|[from] item: Black Sludge
|upkeep
|turn|133
|
|t:|1781132408
|move|p1a: Hippowdon|Earthquake|p2a: Toxapex
|-supereffective|p2a: Toxapex
|-damage|p2a: Toxapex|28/100
|move|p2a: Toxapex|Toxic|p1a: Hippowdon
|-status|p1a: Hippowdon|tox
|
|-weather|Sandstorm|[upkeep]
|-damage|p2a: Toxapex|22/100|[from] Sandstorm
|-heal|p2a: Toxapex|28/100|[from] item: Black Sludge
|-damage|p1a: Hippowdon|94/100 tox|[from] psn
|upkeep
|turn|134
|
|t:|1781132413
|switch|p1a: Zapdos|Zapdos|90/100
|switch|p2a: Gliscor|Gliscor, F|100/100 tox
|
|-weather|none
|upkeep
|turn|135
|c|☆bobrumba|when we surrendering bro
|
|t:|1781132421
|switch|p1a: Slowking|Slowking, M|100/100
|move|p2a: Gliscor|Spikes|p1a: Slowking
|-sidestart|p1: KurisuChestnutLab|Spikes
|
|upkeep
|turn|136
|
|t:|1781132424
|move|p2a: Gliscor|Spikes|p1a: Slowking
|-sidestart|p1: KurisuChestnutLab|Spikes
|move|p1a: Slowking|Scald|p2a: Gliscor
|-supereffective|p2a: Gliscor
|-damage|p2a: Gliscor|50/100 tox
|
|-heal|p2a: Gliscor|63/100 tox|[from] ability: Poison Heal
|upkeep
|turn|137
|
|t:|1781132429
|switch|p2a: Toxapex|Toxapex, F|61/100
|move|p1a: Slowking|Scald|p2a: Toxapex
|-resisted|p2a: Toxapex
|-damage|p2a: Toxapex|52/100
|-status|p2a: Toxapex|brn
|
|-heal|p2a: Toxapex|58/100 brn|[from] item: Black Sludge
|-damage|p2a: Toxapex|52/100 brn|[from] brn
|upkeep
|turn|138
|
|t:|1781132433
|switch|p2a: Blissey|Blissey, F|98/100
|move|p1a: Slowking|Future Sight|p2a: Blissey
|-start|p1a: Slowking|move: Future Sight
|
|-heal|p2a: Blissey|100/100|[from] item: Leftovers
|upkeep
|turn|139
|
|t:|1781132440
|move|p2a: Blissey|Stealth Rock|p1a: Slowking
|-sidestart|p1: KurisuChestnutLab|move: Stealth Rock
|-prepare|p1a: Slowking|Chilly Reception|[premajor]
|move|p1a: Slowking|Chilly Reception|p1a: Slowking
|-weather|Snowscape
|
|t:|1781132445
|switch|p1a: Dragonite|Dragonite, F, tera:Normal|69/100|[from] Chilly Reception
|
|-weather|Snowscape|[upkeep]
|upkeep
|turn|140
|
|t:|1781132449
|switch|p1a: Slowking|Slowking, M|100/100
|-damage|p1a: Slowking|84/100|[from] Spikes
|-damage|p1a: Slowking|72/100|[from] Stealth Rock
|switch|p2a: Corviknight|Corviknight, M|58/100
|-ability|p2a: Corviknight|Pressure
|
|-weather|Snowscape|[upkeep]
|-end|p2a: Corviknight|move: Future Sight
|-resisted|p2a: Corviknight
|-damage|p2a: Corviknight|36/100
|-heal|p2a: Corviknight|42/100|[from] item: Leftovers
|upkeep
|turn|141
|
|t:|1781132455
|move|p2a: Corviknight|Roost|p2a: Corviknight
|-heal|p2a: Corviknight|92/100
|-singleturn|p2a: Corviknight|move: Roost
|move|p1a: Slowking|Future Sight|p2a: Corviknight
|-start|p1a: Slowking|move: Future Sight
|
|-weather|Snowscape|[upkeep]
|-heal|p2a: Corviknight|99/100|[from] item: Leftovers
|upkeep
|turn|142
|
|t:|1781132464
|switch|p2a: Toxapex|Toxapex, F|85/100 brn
|move|p1a: Slowking|Scald|p2a: Toxapex
|-resisted|p2a: Toxapex
|-damage|p2a: Toxapex|76/100 brn
|
|-weather|Snowscape|[upkeep]
|-heal|p2a: Toxapex|83/100 brn|[from] item: Black Sludge
|-damage|p2a: Toxapex|76/100 brn|[from] brn
|upkeep
|turn|143
|
|t:|1781132473
|switch|p2a: Blissey|Blissey, F|100/100
|move|p1a: Slowking|Scald|p2a: Blissey
|-damage|p2a: Blissey|92/100
|
|-weather|none
|-end|p2a: Blissey|move: Future Sight
|-damage|p2a: Blissey|78/100
|-heal|p2a: Blissey|85/100|[from] item: Leftovers
|upkeep
|turn|144
|
|t:|1781132478
|switch|p1a: Dragonite|Dragonite, F, tera:Normal|69/100
|move|p2a: Blissey|Seismic Toss|p1a: Dragonite
|-damage|p1a: Dragonite|38/100
|
|-heal|p2a: Blissey|91/100|[from] item: Leftovers
|upkeep
|turn|145
|
|t:|1781132484
|switch|p2a: Corviknight|Corviknight, M|99/100
|-ability|p2a: Corviknight|Pressure
|move|p1a: Dragonite|Extreme Speed|p2a: Corviknight
|-resisted|p2a: Corviknight
|-damage|p2a: Corviknight|85/100
|
|-heal|p2a: Corviknight|91/100|[from] item: Leftovers
|upkeep
|turn|146
|
|t:|1781132492
|switch|p1a: Slowking|Slowking, M|100/100
|-damage|p1a: Slowking|84/100|[from] Spikes
|-damage|p1a: Slowking|72/100|[from] Stealth Rock
|move|p2a: Corviknight|Body Press|p1a: Slowking
|-resisted|p1a: Slowking
|-damage|p1a: Slowking|59/100
|
|-heal|p2a: Corviknight|98/100|[from] item: Leftovers
|upkeep
|turn|147
|
|t:|1781132498
|switch|p2a: Toxapex|Toxapex, F|100/100 brn
|move|p1a: Slowking|Slack Off|p1a: Slowking
|-heal|p1a: Slowking|100/100
|
|-damage|p2a: Toxapex|94/100 brn|[from] brn
|upkeep
|turn|148
|
|t:|1781132501
|move|p2a: Toxapex|Toxic|p1a: Slowking
|-status|p1a: Slowking|tox
|move|p1a: Slowking|Future Sight|p2a: Toxapex
|-start|p1a: Slowking|move: Future Sight
|
|-heal|p2a: Toxapex|100/100 brn|[from] item: Black Sludge
|-damage|p1a: Slowking|94/100 tox|[from] psn
|-damage|p2a: Toxapex|94/100 brn|[from] brn
|upkeep
|turn|149
|
|t:|1781132507
|move|p2a: Toxapex|Toxic|p1a: Slowking
|-fail|p1a: Slowking|tox
|move|p1a: Slowking|Scald|p2a: Toxapex
|-resisted|p2a: Toxapex
|-damage|p2a: Toxapex|85/100 brn
|
|-heal|p2a: Toxapex|91/100 brn|[from] item: Black Sludge
|-damage|p1a: Slowking|82/100 tox|[from] psn
|-damage|p2a: Toxapex|85/100 brn|[from] brn
|upkeep
|turn|150
|
|t:|1781132512
|switch|p2a: Blissey|Blissey, F|91/100
|move|p1a: Slowking|Scald|p2a: Blissey
|-damage|p2a: Blissey|83/100
|
|-end|p2a: Blissey|move: Future Sight
|-damage|p2a: Blissey|69/100
|-heal|p2a: Blissey|75/100|[from] item: Leftovers
|-damage|p1a: Slowking|64/100 tox|[from] psn
|upkeep
|turn|151
|
|t:|1781132517
|move|p2a: Blissey|Seismic Toss|p1a: Slowking
|-damage|p1a: Slowking|39/100 tox
|move|p1a: Slowking|Slack Off|p1a: Slowking
|-heal|p1a: Slowking|89/100 tox
|
|-heal|p2a: Blissey|81/100|[from] item: Leftovers
|-damage|p1a: Slowking|64/100 tox|[from] psn
|upkeep
|turn|152
|
|t:|1781132523
|switch|p2a: Gliscor|Gliscor, F|63/100 tox
|move|p1a: Slowking|Scald|p2a: Gliscor
|-supereffective|p2a: Gliscor
|-damage|p2a: Gliscor|11/100 tox
|
|-heal|p2a: Gliscor|24/100 tox|[from] ability: Poison Heal
|-damage|p1a: Slowking|34/100 tox|[from] psn
|upkeep
|turn|153
|
|t:|1781132530
|move|p2a: Gliscor|Protect|p2a: Gliscor
|-singleturn|p2a: Gliscor|Protect
|move|p1a: Slowking|Scald|p2a: Gliscor
|-activate|p2a: Gliscor|move: Protect
|
|-heal|p2a: Gliscor|36/100 tox|[from] ability: Poison Heal
|-damage|p1a: Slowking|0 fnt|[from] psn
|faint|p1a: Slowking
|upkeep
|
|t:|1781132533
|switch|p1a: Dragonite|Dragonite, F, tera:Normal|38/100
|turn|154
|
|t:|1781132539
|switch|p2a: Corviknight|Corviknight, M|98/100
|-ability|p2a: Corviknight|Pressure
|move|p1a: Dragonite|Extreme Speed|p2a: Corviknight
|-resisted|p2a: Corviknight
|-damage|p2a: Corviknight|83/100
|
|-heal|p2a: Corviknight|89/100|[from] item: Leftovers
|upkeep
|turn|155
|
|t:|1781132544
|switch|p1a: Primarina|Primarina, M|82/100 tox
|-damage|p1a: Primarina|66/100 tox|[from] Spikes
|-damage|p1a: Primarina|54/100 tox|[from] Stealth Rock
|move|p2a: Corviknight|Body Press|p1a: Primarina
|-resisted|p1a: Primarina
|-damage|p1a: Primarina|38/100 tox
|
|-heal|p2a: Corviknight|95/100|[from] item: Leftovers
|-damage|p1a: Primarina|32/100 tox|[from] psn
|upkeep
|turn|156
|
|t:|1781132551
|switch|p2a: Blissey|Blissey, F|81/100
|move|p1a: Primarina|Surf|p2a: Blissey
|-damage|p2a: Blissey|58/100
|
|-heal|p2a: Blissey|65/100|[from] item: Leftovers
|-damage|p1a: Primarina|20/100 tox|[from] psn
|upkeep
|turn|157
|
|t:|1781132554
|move|p1a: Primarina|Moonblast|p2a: Blissey
|-crit|p2a: Blissey
|-damage|p2a: Blissey|38/100
|move|p2a: Blissey|Soft-Boiled|p2a: Blissey
|-heal|p2a: Blissey|88/100
|
|-heal|p2a: Blissey|95/100|[from] item: Leftovers
|-damage|p1a: Primarina|2/100 tox|[from] psn
|upkeep
|turn|158
|
|t:|1781132559
|switch|p2a: Toxapex|Toxapex, F|100/100 brn
|move|p1a: Primarina|Surf|p2a: Toxapex
|-resisted|p2a: Toxapex
|-damage|p2a: Toxapex|76/100 brn
|
|-heal|p2a: Toxapex|82/100 brn|[from] item: Black Sludge
|-damage|p1a: Primarina|0 fnt|[from] psn
|faint|p1a: Primarina
|-damage|p2a: Toxapex|76/100 brn|[from] brn
|upkeep
|c|☆bobrumba|close one
|
|t:|1781132564
|switch|p1a: Dragonite|Dragonite, F, tera:Normal|38/100
|turn|159
|
|t:|1781132570
|move|p1a: Dragonite|Extreme Speed|p2a: Toxapex
|-crit|p2a: Toxapex
|-damage|p2a: Toxapex|22/100 brn
|move|p2a: Toxapex|Toxic|p1a: Dragonite
|-status|p1a: Dragonite|tox
|
|-heal|p2a: Toxapex|28/100 brn|[from] item: Black Sludge
|-damage|p1a: Dragonite|32/100 tox|[from] psn
|-damage|p2a: Toxapex|22/100 brn|[from] brn
|upkeep
|turn|160
|
|t:|1781132573
|switch|p2a: Corviknight|Corviknight, M|95/100
|-ability|p2a: Corviknight|Pressure
|move|p1a: Dragonite|Extreme Speed|p2a: Corviknight
|-resisted|p2a: Corviknight
|-damage|p2a: Corviknight|82/100
|
|-heal|p2a: Corviknight|89/100|[from] item: Leftovers
|-damage|p1a: Dragonite|19/100 tox|[from] psn
|upkeep
|turn|161
|
|t:|1781132581
|switch|p1a: Zapdos|Zapdos|90/100
|-damage|p1a: Zapdos|65/100|[from] Stealth Rock
|move|p2a: Corviknight|Roost|p2a: Corviknight
|-heal|p2a: Corviknight|100/100
|-singleturn|p2a: Corviknight|move: Roost
|
|upkeep
|turn|162
|
|t:|1781132587
|switch|p2a: Gliscor|Gliscor, F|36/100 tox
|move|p1a: Zapdos|Volt Switch|p2a: Gliscor
|-immune|p2a: Gliscor
|
|-heal|p2a: Gliscor|49/100 tox|[from] ability: Poison Heal
|upkeep
|turn|163
|
|t:|1781132590
|switch|p1a: Hippowdon|Hippowdon, M|94/100 tox
|-damage|p1a: Hippowdon|78/100 tox|[from] Spikes
|-damage|p1a: Hippowdon|71/100 tox|[from] Stealth Rock
|-weather|Sandstorm|[from] ability: Sand Stream|[of] p1a: Hippowdon
|move|p2a: Gliscor|Spikes|p1a: Hippowdon
|-sidestart|p1: KurisuChestnutLab|Spikes
|
|-weather|Sandstorm|[upkeep]
|-heal|p2a: Gliscor|61/100 tox|[from] ability: Poison Heal
|-damage|p1a: Hippowdon|65/100 tox|[from] psn
|upkeep
|turn|164
|
|t:|1781132594
|move|p2a: Gliscor|Earthquake|p1a: Hippowdon
|-damage|p1a: Hippowdon|48/100 tox
|move|p1a: Hippowdon|Whirlwind|p2a: Gliscor
|drag|p2a: Weezing|Weezing-Galar, M|35/100
|-ability|p2a: Weezing|Neutralizing Gas
|
|-weather|Sandstorm|[upkeep]
|-damage|p2a: Weezing|29/100|[from] Sandstorm
|-damage|p1a: Hippowdon|35/100 tox|[from] psn
|upkeep
|turn|165
|
|t:|1781132601
|-end|p2a: Weezing|ability: Neutralizing Gas
|switch|p2a: Gliscor|Gliscor, F|61/100 tox
|move|p1a: Hippowdon|Whirlwind|p2a: Gliscor
|drag|p2a: Blissey|Blissey, F|95/100
|
|-weather|Sandstorm|[upkeep]
|-damage|p2a: Blissey|88/100|[from] Sandstorm
|-heal|p2a: Blissey|95/100|[from] item: Leftovers
|-damage|p1a: Hippowdon|17/100 tox|[from] psn
|upkeep
|turn|166
|
|t:|1781132608
|switch|p2a: Gliscor|Gliscor, F|61/100 tox
|move|p1a: Hippowdon|Earthquake|p2a: Gliscor
|-immune|p2a: Gliscor
|
|-weather|Sandstorm|[upkeep]
|-heal|p2a: Gliscor|74/100 tox|[from] ability: Poison Heal
|-damage|p1a: Hippowdon|0 fnt|[from] psn
|faint|p1a: Hippowdon
|upkeep
|
|t:|1781132614
|switch|p1a: Dragonite|Dragonite, F, tera:Normal|19/100 tox
|turn|167
|
|t:|1781132617
|move|p1a: Dragonite|Extreme Speed|p2a: Gliscor
|-damage|p2a: Gliscor|34/100 tox
|move|p2a: Gliscor|Knock Off|p1a: Dragonite
|-damage|p1a: Dragonite|0 fnt
|-enditem|p1a: Dragonite|Heavy-Duty Boots|[from] move: Knock Off|[of] p2a: Gliscor
|faint|p1a: Dragonite
|
|-weather|none
|-heal|p2a: Gliscor|47/100 tox|[from] ability: Poison Heal
|upkeep
|
|t:|1781132623
|switch|p1a: Zapdos|Zapdos|65/100
|-damage|p1a: Zapdos|40/100|[from] Stealth Rock
|turn|168
|
|t:|1781132628
|-terastallize|p2a: Gliscor|Water
|move|p1a: Zapdos|Volt Switch|p2a: Gliscor
|-supereffective|p2a: Gliscor
|-damage|p2a: Gliscor|2/100 tox
|move|p2a: Gliscor|Knock Off|p1a: Zapdos
|-damage|p1a: Zapdos|31/100
|
|-heal|p2a: Gliscor|14/100 tox|[from] ability: Poison Heal
|upkeep
|turn|169
|
|t:|1781132636
|switch|p2a: Blissey|Blissey, F|95/100
|move|p1a: Zapdos|Volt Switch|p2a: Blissey
|-damage|p2a: Blissey|85/100
|
|-heal|p2a: Blissey|91/100|[from] item: Leftovers
|upkeep
|turn|170
|
|t:|1781132641
|move|p1a: Zapdos|Volt Switch|p2a: Blissey
|-crit|p2a: Blissey
|-damage|p2a: Blissey|78/100
|move|p2a: Blissey|Calm Mind|p2a: Blissey
|-boost|p2a: Blissey|spa|1
|-boost|p2a: Blissey|spd|1
|
|-heal|p2a: Blissey|84/100|[from] item: Leftovers
|upkeep
|turn|171
|
|t:|1781132645
|move|p1a: Zapdos|Volt Switch|p2a: Blissey
|-damage|p2a: Blissey|79/100
|move|p2a: Blissey|Calm Mind|p2a: Blissey
|-boost|p2a: Blissey|spa|1
|-boost|p2a: Blissey|spd|1
|
|-heal|p2a: Blissey|85/100|[from] item: Leftovers
|upkeep
|turn|172
|
|t:|1781132650
|move|p1a: Zapdos|Volt Switch|p2a: Blissey
|-damage|p2a: Blissey|80/100
|move|p2a: Blissey|Calm Mind|p2a: Blissey
|-boost|p2a: Blissey|spa|1
|-boost|p2a: Blissey|spd|1
|
|-heal|p2a: Blissey|86/100|[from] item: Leftovers
|upkeep
|turn|173
|
|t:|1781132654
|move|p1a: Zapdos|Volt Switch|p2a: Blissey
|-crit|p2a: Blissey
|-damage|p2a: Blissey|74/100
|move|p2a: Blissey|Calm Mind|p2a: Blissey
|-boost|p2a: Blissey|spa|1
|-boost|p2a: Blissey|spd|1
|
|-heal|p2a: Blissey|80/100|[from] item: Leftovers
|upkeep
|turn|174
|
|t:|1781132660
|move|p1a: Zapdos|Volt Switch|p2a: Blissey
|-damage|p2a: Blissey|77/100
|move|p2a: Blissey|Calm Mind|p2a: Blissey
|-boost|p2a: Blissey|spa|1
|-boost|p2a: Blissey|spd|1
|
|-heal|p2a: Blissey|83/100|[from] item: Leftovers
|upkeep
|turn|175
|
|t:|1781132667
|move|p1a: Zapdos|Volt Switch|p2a: Blissey
|-damage|p2a: Blissey|81/100
|move|p2a: Blissey|Calm Mind|p2a: Blissey
|-boost|p2a: Blissey|spa|1
|-boost|p2a: Blissey|spd|1
|
|-heal|p2a: Blissey|87/100|[from] item: Leftovers
|upkeep
|turn|176
|
|t:|1781132674
|move|p1a: Zapdos|Volt Switch|p2a: Blissey
|-damage|p2a: Blissey|84/100
|move|p2a: Blissey|Calm Mind|p2a: Blissey
|-boost|p2a: Blissey|spa|0
|-boost|p2a: Blissey|spd|0
|
|-heal|p2a: Blissey|91/100|[from] item: Leftovers
|upkeep
|turn|177
|j| 0us
|
|t:|1781132681
|move|p1a: Zapdos|Volt Switch|p2a: Blissey
|-damage|p2a: Blissey|88/100
|move|p2a: Blissey|Calm Mind|p2a: Blissey
|-boost|p2a: Blissey|spa|0
|-boost|p2a: Blissey|spd|0
|
|-heal|p2a: Blissey|95/100|[from] item: Leftovers
|upkeep
|turn|178
|
|t:|1781132686
|move|p1a: Zapdos|Volt Switch|p2a: Blissey
|-damage|p2a: Blissey|92/100
|move|p2a: Blissey|Calm Mind|p2a: Blissey
|-boost|p2a: Blissey|spa|0
|-boost|p2a: Blissey|spd|0
|
|-heal|p2a: Blissey|98/100|[from] item: Leftovers
|upkeep
|turn|179
|
|t:|1781132690
|move|p1a: Zapdos|Volt Switch|p2a: Blissey
|-damage|p2a: Blissey|96/100
|move|p2a: Blissey|Calm Mind|p2a: Blissey
|-boost|p2a: Blissey|spa|0
|-boost|p2a: Blissey|spd|0
|
|-heal|p2a: Blissey|100/100|[from] item: Leftovers
|upkeep
|turn|180
|
|t:|1781132699
|move|p1a: Zapdos|Volt Switch|p2a: Blissey
|-damage|p2a: Blissey|98/100
|move|p2a: Blissey|Calm Mind|p2a: Blissey
|-boost|p2a: Blissey|spa|0
|-boost|p2a: Blissey|spd|0
|
|-heal|p2a: Blissey|100/100|[from] item: Leftovers
|upkeep
|turn|181
|
|t:|1781132706
|move|p1a: Zapdos|Volt Switch|p2a: Blissey
|-damage|p2a: Blissey|98/100
|move|p2a: Blissey|Calm Mind|p2a: Blissey
|-boost|p2a: Blissey|spa|0
|-boost|p2a: Blissey|spd|0
|
|-heal|p2a: Blissey|100/100|[from] item: Leftovers
|upkeep
|turn|182
|
|t:|1781132711
|move|p1a: Zapdos|Volt Switch|p2a: Blissey
|-damage|p2a: Blissey|98/100
|move|p2a: Blissey|Calm Mind|p2a: Blissey
|-boost|p2a: Blissey|spa|0
|-boost|p2a: Blissey|spd|0
|
|-heal|p2a: Blissey|100/100|[from] item: Leftovers
|upkeep
|turn|183
|
|t:|1781132718
|move|p1a: Zapdos|Volt Switch|p2a: Blissey
|-damage|p2a: Blissey|98/100
|move|p2a: Blissey|Calm Mind|p2a: Blissey
|-boost|p2a: Blissey|spa|0
|-boost|p2a: Blissey|spd|0
|
|-heal|p2a: Blissey|100/100|[from] item: Leftovers
|upkeep
|turn|184
|
|t:|1781132722
|move|p1a: Zapdos|Volt Switch|p2a: Blissey
|-damage|p2a: Blissey|98/100
|move|p2a: Blissey|Calm Mind|p2a: Blissey
|-boost|p2a: Blissey|spa|0
|-boost|p2a: Blissey|spd|0
|
|-heal|p2a: Blissey|100/100|[from] item: Leftovers
|upkeep
|turn|185
|
|t:|1781132729
|move|p1a: Zapdos|Volt Switch|p2a: Blissey
|-damage|p2a: Blissey|98/100
|move|p2a: Blissey|Calm Mind|p2a: Blissey
|-boost|p2a: Blissey|spa|0
|-boost|p2a: Blissey|spd|0
|
|-heal|p2a: Blissey|100/100|[from] item: Leftovers
|upkeep
|turn|186
|
|t:|1781132733
|move|p1a: Zapdos|Volt Switch|p2a: Blissey
|-damage|p2a: Blissey|98/100
|move|p2a: Blissey|Calm Mind|p2a: Blissey
|-boost|p2a: Blissey|spa|0
|-boost|p2a: Blissey|spd|0
|
|-heal|p2a: Blissey|100/100|[from] item: Leftovers
|upkeep
|turn|187
|
|t:|1781132742
|move|p1a: Zapdos|Volt Switch|p2a: Blissey
|-damage|p2a: Blissey|98/100
|move|p2a: Blissey|Calm Mind|p2a: Blissey
|-boost|p2a: Blissey|spa|0
|-boost|p2a: Blissey|spd|0
|
|-heal|p2a: Blissey|100/100|[from] item: Leftovers
|upkeep
|turn|188
|
|t:|1781132745
|move|p1a: Zapdos|Volt Switch|p2a: Blissey
|-damage|p2a: Blissey|98/100
|move|p2a: Blissey|Calm Mind|p2a: Blissey
|-boost|p2a: Blissey|spa|0
|-boost|p2a: Blissey|spd|0
|
|-heal|p2a: Blissey|100/100|[from] item: Leftovers
|upkeep
|turn|189
|
|t:|1781132750
|-activate|p1a: Zapdos|move: Struggle
|move|p1a: Zapdos|Struggle|p2a: Blissey
|-damage|p2a: Blissey|93/100
|-damage|p1a: Zapdos|5/100|[from] recoil
|move|p2a: Blissey|Soft-Boiled|p2a: Blissey
|-heal|p2a: Blissey|100/100
|
|upkeep
|turn|190
|inactive|bobrumba has 120 seconds left.
|inactive|bobrumba has 90 seconds left.
|
|t:|1781132826
|-activate|p1a: Zapdos|move: Struggle
|move|p1a: Zapdos|Struggle|p2a: Blissey
|-damage|p2a: Blissey|93/100
|-damage|p1a: Zapdos|0 fnt|[from] recoil
|faint|p1a: Zapdos
|
|win|bobrumba
|raw|KurisuChestnutLab's rating: 1636 &rarr; <strong>1615</strong><br />(-21 for losing)
|raw|bobrumba's rating: 1626 &rarr; <strong>1647</strong><br />(+21 for winning)
