|j|☆kooopooolooo
|j|☆Always bet on red
|t:|1781275361
|gametype|singles
|player|p1|kooopooolooo|169|1528
|player|p2|Always bet on red|102|1569
|gen|9
|tier|[Gen 9] OU
|rated|
|rule|HP Percentage Mod: HP is shown in percentages
|rule|Endless Battle Clause: Forcing endless battles is banned
|rule|Species Clause: Limit one of each Pokémon
|rule|OHKO Clause: OHKO moves are banned
|rule|Evasion Items Clause: Evasion items are banned
|rule|Evasion Moves Clause: Evasion moves are banned
|rule|Evasion Abilities Clause: Evasion abilities are banned
|rule|Sleep Moves Clause: Sleep-inducing moves are banned
|clearpoke
|poke|p1|Lokix, F|
|poke|p1|Hatterene, F|
|poke|p1|Excadrill, M|
|poke|p1|Tyranitar, M|
|poke|p1|Dragapult, M|
|poke|p1|Zapdos|
|poke|p2|Torkoal, F|
|poke|p2|Slither Wing|
|poke|p2|Venusaur, M|
|poke|p2|Walking Wake|
|poke|p2|Corviknight, M|
|poke|p2|Primarina, M|
|teampreview
|
|t:|1781275383
|teamsize|p1|6
|teamsize|p2|6
|start
|switch|p1a: Dragapult|Dragapult, M|100/100
|switch|p2a: Walking Wake|Walking Wake|100/100
|turn|1
|
|t:|1781275393
|-terastallize|p2a: Walking Wake|Water
|move|p1a: Dragapult|Draco Meteor|p2a: Walking Wake
|-damage|p2a: Walking Wake|5/100
|-unboost|p1a: Dragapult|spa|2
|move|p2a: Walking Wake|Draco Meteor|p1a: Dragapult
|-supereffective|p1a: Dragapult
|-damage|p1a: Dragapult|0 fnt
|-unboost|p2a: Walking Wake|spa|2
|faint|p1a: Dragapult
|
|upkeep
|
|t:|1781275401
|switch|p1a: Lokix|Lokix, F|100/100
|turn|2
|
|t:|1781275411
|-end|p2a: Walking Wake|Protosynthesis|[silent]
|switch|p2a: Slither Wing|Slither Wing|100/100
|switch|p1a: Zapdos|Zapdos|100/100
|
|upkeep
|turn|3
|
|t:|1781275444
|move|p1a: Zapdos|U-turn|p2a: Slither Wing
|-resisted|p2a: Slither Wing
|-damage|p2a: Slither Wing|91/100
|
|t:|1781275445
|switch|p1a: Hatterene|Hatterene, F|100/100|[from] U-turn
|move|p2a: Slither Wing|U-turn|p1a: Hatterene
|-damage|p1a: Hatterene|50/100
|-damage|p2a: Slither Wing|75/100|[from] item: Rocky Helmet|[of] p1a: Hatterene
|
|t:|1781275453
|-end|p2a: Slither Wing|Protosynthesis|[silent]
|switch|p2a: Torkoal|Torkoal, F|100/100|[from] U-turn
|-weather|SunnyDay|[from] ability: Drought|[of] p2a: Torkoal
|
|-weather|SunnyDay|[upkeep]
|upkeep
|turn|4
|
|t:|1781275506
|move|p1a: Hatterene|Pain Split|p2a: Torkoal
|-sethp|p2a: Torkoal|73/100|[from] move: Pain Split|[silent]
|-sethp|p1a: Hatterene|79/100|[from] move: Pain Split
|move|p2a: Torkoal|Lava Plume|p1a: Hatterene
|-damage|p1a: Hatterene|42/100
|-status|p1a: Hatterene|brn
|
|-weather|SunnyDay|[upkeep]
|-damage|p1a: Hatterene|36/100 brn|[from] brn
|upkeep
|turn|5
|
|t:|1781275547
|switch|p2a: Corviknight|Corviknight, M|100/100
|move|p1a: Hatterene|Pain Split|p2a: Corviknight
|-sethp|p2a: Corviknight|65/100|[from] move: Pain Split|[silent]
|-sethp|p1a: Hatterene|81/100 brn|[from] move: Pain Split
|
|-weather|SunnyDay|[upkeep]
|-heal|p2a: Corviknight|71/100|[from] item: Leftovers
|-damage|p1a: Hatterene|75/100 brn|[from] brn
|upkeep
|turn|6
|
|t:|1781275571
|move|p2a: Corviknight|Brave Bird|p1a: Hatterene
|-damage|p1a: Hatterene|42/100 brn
|-damage|p2a: Corviknight|54/100|[from] item: Rocky Helmet|[of] p1a: Hatterene
|-damage|p2a: Corviknight|45/100|[from] Recoil
|move|p1a: Hatterene|Nuzzle|p2a: Corviknight
|-supereffective|p2a: Corviknight
|-damage|p2a: Corviknight|42/100
|-status|p2a: Corviknight|par
|
|-weather|SunnyDay|[upkeep]
|-heal|p2a: Corviknight|48/100 par|[from] item: Leftovers
|-damage|p1a: Hatterene|36/100 brn|[from] brn
|upkeep
|turn|7
|
|t:|1781275579
|move|p2a: Corviknight|U-turn|p1a: Hatterene
|-damage|p1a: Hatterene|25/100 brn
|-damage|p2a: Corviknight|31/100 par|[from] item: Rocky Helmet|[of] p1a: Hatterene
|
|t:|1781275599
|switch|p2a: Slither Wing|Slither Wing|75/100|[from] U-turn
|-activate|p2a: Slither Wing|ability: Protosynthesis
|-start|p2a: Slither Wing|protosynthesisatk
|move|p1a: Hatterene|Pain Split|p2a: Slither Wing
|-sethp|p2a: Slither Wing|50/100|[from] move: Pain Split|[silent]
|-sethp|p1a: Hatterene|49/100 brn|[from] move: Pain Split
|
|-weather|SunnyDay|[upkeep]
|-damage|p1a: Hatterene|43/100 brn|[from] brn
|upkeep
|turn|8
|
|t:|1781275607
|move|p2a: Slither Wing|U-turn|p1a: Hatterene
|-damage|p1a: Hatterene|0 fnt
|-damage|p2a: Slither Wing|34/100|[from] item: Rocky Helmet|[of] p1a: Hatterene
|faint|p1a: Hatterene
|
|t:|1781275616
|-end|p2a: Slither Wing|Protosynthesis|[silent]
|switch|p2a: Walking Wake|Walking Wake, tera:Water|5/100|[from] U-turn
|-activate|p2a: Walking Wake|ability: Protosynthesis
|-start|p2a: Walking Wake|protosynthesisspe
|
|-weather|SunnyDay|[upkeep]
|upkeep
|
|t:|1781275636
|switch|p1a: Lokix|Lokix, F|100/100
|turn|9
|
|t:|1781275647
|-end|p2a: Walking Wake|Protosynthesis|[silent]
|switch|p2a: Corviknight|Corviknight, M|31/100 par
|move|p1a: Lokix|First Impression|p2a: Corviknight
|-resisted|p2a: Corviknight
|-damage|p2a: Corviknight|11/100 par
|
|-weather|SunnyDay|[upkeep]
|-heal|p2a: Corviknight|17/100 par|[from] item: Leftovers
|upkeep
|turn|10
|
|t:|1781275679
|move|p1a: Lokix|Knock Off|p2a: Corviknight
|-damage|p2a: Corviknight|0 fnt
|-enditem|p2a: Corviknight|Leftovers|[from] move: Knock Off|[of] p1a: Lokix
|faint|p2a: Corviknight
|
|-weather|none
|upkeep
|
|t:|1781275687
|switch|p2a: Slither Wing|Slither Wing|34/100
|turn|11
|
|t:|1781275705
|switch|p1a: Zapdos|Zapdos|100/100
|move|p2a: Slither Wing|First Impression|p1a: Zapdos
|-resisted|p1a: Zapdos
|-damage|p1a: Zapdos|66/100
|
|upkeep
|turn|12
|
|t:|1781275725
|-end|p2a: Slither Wing|Protosynthesis|[silent]
|switch|p2a: Torkoal|Torkoal, F|73/100
|-weather|SunnyDay|[from] ability: Drought|[of] p2a: Torkoal
|move|p1a: Zapdos|Thunderbolt|p2a: Torkoal
|-crit|p2a: Torkoal
|-damage|p2a: Torkoal|8/100
|
|-weather|SunnyDay|[upkeep]
|upkeep
|turn|13
|
|t:|1781275745
|switch|p2a: Venusaur|Venusaur, M|100/100
|move|p1a: Zapdos|Thunderbolt|p2a: Venusaur
|-resisted|p2a: Venusaur
|-damage|p2a: Venusaur|78/100
|
|-weather|SunnyDay|[upkeep]
|upkeep
|turn|14
|
|t:|1781275755
|move|p2a: Venusaur|Sludge Bomb|p1a: Zapdos
|-damage|p1a: Zapdos|20/100
|-damage|p2a: Venusaur|68/100|[from] item: Life Orb
|move|p1a: Zapdos|Heat Wave|p2a: Venusaur
|-supereffective|p2a: Venusaur
|-damage|p2a: Venusaur|0 fnt
|faint|p2a: Venusaur
|
|-weather|SunnyDay|[upkeep]
|upkeep
|
|t:|1781275757
|switch|p2a: Walking Wake|Walking Wake, tera:Water|5/100
|-activate|p2a: Walking Wake|ability: Protosynthesis
|-start|p2a: Walking Wake|protosynthesisspe
|turn|15
|
|t:|1781275761
|move|p2a: Walking Wake|Hydro Steam|p1a: Zapdos
|-damage|p1a: Zapdos|0 fnt
|faint|p1a: Zapdos
|
|-weather|SunnyDay|[upkeep]
|upkeep
|
|t:|1781275763
|switch|p1a: Lokix|Lokix, F|100/100
|turn|16
|
|t:|1781275778
|-end|p2a: Walking Wake|Protosynthesis|[silent]
|switch|p2a: Primarina|Primarina, M|100/100
|move|p1a: Lokix|First Impression|p2a: Primarina
|-resisted|p2a: Primarina
|-damage|p2a: Primarina|43/100
|
|-weather|SunnyDay|[upkeep]
|-heal|p2a: Primarina|49/100|[from] item: Leftovers
|upkeep
|turn|17
|
|t:|1781275791
|move|p1a: Lokix|Knock Off|p2a: Primarina
|-resisted|p2a: Primarina
|-damage|p2a: Primarina|0 fnt
|-enditem|p2a: Primarina|Leftovers|[from] move: Knock Off|[of] p1a: Lokix
|faint|p2a: Primarina
|
|-weather|SunnyDay|[upkeep]
|upkeep
|inactive|Battle timer is ON: inactive players will automatically lose when time's up. (requested by kooopooolooo)
|
|t:|1781275802
|switch|p2a: Slither Wing|Slither Wing|34/100
|-activate|p2a: Slither Wing|ability: Protosynthesis
|-start|p2a: Slither Wing|protosynthesisatk
|turn|18
|
|t:|1781275811
|switch|p1a: Excadrill|Excadrill, M|100/100
|move|p2a: Slither Wing|Close Combat|p1a: Excadrill
|-supereffective|p1a: Excadrill
|-damage|p1a: Excadrill|0 fnt
|-unboost|p2a: Slither Wing|def|1
|-unboost|p2a: Slither Wing|spd|1
|faint|p1a: Excadrill
|
|-weather|SunnyDay|[upkeep]
|upkeep
|
|t:|1781275827
|switch|p1a: Lokix|Lokix, F|100/100
|turn|19
|inactive|Always bet on red has 120 seconds left.
|
|t:|1781275863
|-end|p2a: Slither Wing|Protosynthesis|[silent]
|switch|p2a: Walking Wake|Walking Wake, tera:Water|5/100
|-activate|p2a: Walking Wake|ability: Protosynthesis
|-start|p2a: Walking Wake|protosynthesisspe
|move|p1a: Lokix|U-turn|p2a: Walking Wake
|-damage|p2a: Walking Wake|0 fnt
|faint|p2a: Walking Wake
|-end|p2a: Walking Wake|Protosynthesis|[silent]
|
|t:|1781275869
|switch|p1a: Tyranitar|Tyranitar, M|100/100|[from] U-turn
|-weather|Sandstorm|[from] ability: Sand Stream|[of] p1a: Tyranitar
|
|-weather|Sandstorm|[upkeep]
|upkeep
|
|t:|1781275871
|switch|p2a: Slither Wing|Slither Wing|34/100
|turn|20
|
|t:|1781275873
|move|p2a: Slither Wing|First Impression|p1a: Tyranitar
|-supereffective|p1a: Tyranitar
|-damage|p1a: Tyranitar|0 fnt
|faint|p1a: Tyranitar
|
|-weather|Sandstorm|[upkeep]
|-damage|p2a: Slither Wing|28/100|[from] Sandstorm
|upkeep
|
|t:|1781275875
|switch|p1a: Lokix|Lokix, F|100/100
|turn|21
|
|t:|1781275880
|-end|p2a: Slither Wing|Protosynthesis|[silent]
|switch|p2a: Torkoal|Torkoal, F|8/100
|-weather|SunnyDay|[from] ability: Drought|[of] p2a: Torkoal
|move|p1a: Lokix|First Impression|p2a: Torkoal
|-resisted|p2a: Torkoal
|-damage|p2a: Torkoal|0 fnt
|faint|p2a: Torkoal
|
|-weather|SunnyDay|[upkeep]
|upkeep
|
|t:|1781275881
|switch|p2a: Slither Wing|Slither Wing|28/100
|-activate|p2a: Slither Wing|ability: Protosynthesis
|-start|p2a: Slither Wing|protosynthesisatk
|turn|22
|
|t:|1781275888
|-terastallize|p1a: Lokix|Bug
|move|p2a: Slither Wing|First Impression|p1a: Lokix
|-damage|p1a: Lokix|0 fnt
|faint|p1a: Lokix
|
|win|Always bet on red
|raw|kooopooolooo's rating: 1528 &rarr; <strong>1510</strong><br />(-18 for losing)
|raw|Always bet on red's rating: 1569 &rarr; <strong>1587</strong><br />(+18 for winning)
|l|☆kooopooolooo
|player|p1|
|j|☆kooopooolooo
|player|p1|kooopooolooo|169|
|l|☆Always bet on red
|player|p2|
