|j|☆biryanilover
|j|☆crck like alakazam
|t:|1781239267
|gametype|singles
|player|p1|biryanilover|2|1511
|player|p2|crck like alakazam|psychicf-gen4|1569
|gen|9
|tier|[Gen 9] OU
|rated|
|rule|HP Percentage Mod: HP is shown in percentages
|rule|Endless Battle Clause: Forcing endless battles is banned
|rule|Species Clause: Limit one of each Pokémon
|rule|OHKO Clause: OHKO moves are banned
|rule|Evasion Items Clause: Evasion items are banned
|rule|Evasion Moves Clause: Evasion moves are banned
|rule|Evasion Abilities Clause: Evasion abilities are banned
|rule|Sleep Moves Clause: Sleep-inducing moves are banned
|clearpoke
|poke|p1|Rillaboom, F|
|poke|p1|Heatran, M|
|poke|p1|Walking Wake|
|poke|p1|Landorus-Therian, M|
|poke|p1|Zamazenta-*|
|poke|p1|Weezing-Galar, F|
|poke|p2|Iron Treads|
|poke|p2|Pelipper, F|
|poke|p2|Dondozo, F|
|poke|p2|Overqwil, F|
|poke|p2|Enamorus, F|
|poke|p2|Raging Bolt|
|teampreview
|inactive|Battle timer is ON: inactive players will automatically lose when time's up. (requested by crck like alakazam)
|inactive|biryanilover also wants the timer to be on.
|
|t:|1781239280
|teamsize|p1|6
|teamsize|p2|6
|start
|switch|p1a: Walking Wake|Walking Wake|100/100
|switch|p2a: 4Pc Peliac Combo|Pelipper, F|100/100
|-weather|RainDance|[from] ability: Drizzle|[of] p2a: 4Pc Peliac Combo
|turn|1
|
|t:|1781239283
|switch|p2a: GangStarrFromAbove|Enamorus, F|100/100
|move|p1a: Walking Wake|Scald|p2a: GangStarrFromAbove
|-damage|p2a: GangStarrFromAbove|10/100
|-status|p2a: GangStarrFromAbove|brn
|
|-weather|RainDance|[upkeep]
|-damage|p2a: GangStarrFromAbove|4/100 brn|[from] brn
|upkeep
|turn|2
|
|t:|1781239307
|switch|p2a: WishABozoWould|Dondozo, F|100/100
|-end|p1a: Walking Wake|Protosynthesis|[silent]
|switch|p1a: Heatran|Heatran, M|100/100
|
|-weather|RainDance|[upkeep]
|upkeep
|turn|3
|
|t:|1781239310
|move|p1a: Heatran|Stealth Rock|p2a: WishABozoWould
|-sidestart|p2: crck like alakazam|move: Stealth Rock
|move|p2a: WishABozoWould|Wave Crash|p1a: Heatran
|-supereffective|p1a: Heatran
|-damage|p1a: Heatran|0 fnt
|faint|p1a: Heatran
|-damage|p2a: WishABozoWould|74/100|[from] Recoil
|
|-weather|RainDance|[upkeep]
|upkeep
|
|t:|1781239314
|switch|p1a: Walking Wake|Walking Wake|100/100
|turn|4
|
|t:|1781239318
|switch|p2a: C.T.E.Spins|Iron Treads|100/100
|-damage|p2a: C.T.E.Spins|97/100|[from] Stealth Rock
|-enditem|p2a: C.T.E.Spins|Booster Energy
|-activate|p2a: C.T.E.Spins|ability: Quark Drive|[fromitem]
|-start|p2a: C.T.E.Spins|quarkdrivespe
|move|p1a: Walking Wake|Dragon Pulse|p2a: C.T.E.Spins
|-resisted|p2a: C.T.E.Spins
|-damage|p2a: C.T.E.Spins|72/100
|
|-weather|RainDance|[upkeep]
|upkeep
|turn|5
|
|t:|1781239324
|move|p2a: C.T.E.Spins|Volt Switch|p1a: Walking Wake
|-damage|p1a: Walking Wake|86/100
|
|t:|1781239325
|-end|p2a: C.T.E.Spins|Quark Drive|[silent]
|switch|p2a: Ol'DirtyBolt|Raging Bolt|100/100|[from] Volt Switch
|-damage|p2a: Ol'DirtyBolt|88/100|[from] Stealth Rock
|-enditem|p2a: Ol'DirtyBolt|Booster Energy
|-activate|p2a: Ol'DirtyBolt|ability: Protosynthesis|[fromitem]
|-start|p2a: Ol'DirtyBolt|protosynthesisspa
|move|p1a: Walking Wake|Scald|p2a: Ol'DirtyBolt
|-resisted|p2a: Ol'DirtyBolt
|-damage|p2a: Ol'DirtyBolt|61/100
|
|-weather|RainDance|[upkeep]
|-heal|p1a: Walking Wake|93/100|[from] item: Leftovers
|upkeep
|turn|6
|
|t:|1781239337
|-terastallize|p2a: Ol'DirtyBolt|Fairy
|move|p1a: Walking Wake|Substitute|p1a: Walking Wake
|-start|p1a: Walking Wake|Substitute
|-damage|p1a: Walking Wake|68/100
|move|p2a: Ol'DirtyBolt|Dragon Pulse|p1a: Walking Wake
|-supereffective|p1a: Walking Wake
|-end|p1a: Walking Wake|Substitute
|
|-weather|RainDance|[upkeep]
|-heal|p1a: Walking Wake|74/100|[from] item: Leftovers
|upkeep
|turn|7
|
|t:|1781239343
|move|p1a: Walking Wake|Scald|p2a: Ol'DirtyBolt
|-crit|p2a: Ol'DirtyBolt
|-damage|p2a: Ol'DirtyBolt|0 fnt
|faint|p2a: Ol'DirtyBolt
|-end|p2a: Ol'DirtyBolt|Protosynthesis|[silent]
|
|-weather|RainDance|[upkeep]
|-heal|p1a: Walking Wake|80/100|[from] item: Leftovers
|upkeep
|
|t:|1781239358
|switch|p2a: PurpleRain|Overqwil, F, shiny|100/100
|-damage|p2a: PurpleRain|88/100|[from] Stealth Rock
|turn|8
|
|t:|1781239361
|-end|p1a: Walking Wake|Protosynthesis|[silent]
|switch|p1a: Landorus|Landorus-Therian, M|100/100
|-ability|p1a: Landorus|Intimidate|boost
|-unboost|p2a: PurpleRain|atk|1
|move|p2a: PurpleRain|Gunk Shot|p1a: Landorus
|-resisted|p1a: Landorus
|-damage|p1a: Landorus|73/100
|-damage|p2a: PurpleRain|78/100|[from] item: Life Orb
|
|-weather|none
|upkeep
|turn|9
|
|t:|1781239370
|switch|p2a: 4Pc Peliac Combo|Pelipper, F|100/100
|-damage|p2a: 4Pc Peliac Combo|76/100|[from] Stealth Rock
|-weather|RainDance|[from] ability: Drizzle|[of] p2a: 4Pc Peliac Combo
|move|p1a: Landorus|U-turn|p2a: 4Pc Peliac Combo
|-resisted|p2a: 4Pc Peliac Combo
|-damage|p2a: 4Pc Peliac Combo|68/100
|
|t:|1781239373
|switch|p1a: Walking Wake|Walking Wake|80/100|[from] U-turn
|
|-weather|RainDance|[upkeep]
|-heal|p1a: Walking Wake|86/100|[from] item: Leftovers
|upkeep
|turn|10
|
|t:|1781239377
|move|p1a: Walking Wake|Dragon Pulse|p2a: 4Pc Peliac Combo
|-damage|p2a: 4Pc Peliac Combo|8/100
|move|p2a: 4Pc Peliac Combo|Hurricane|p1a: Walking Wake
|-damage|p1a: Walking Wake|41/100
|
|-weather|RainDance|[upkeep]
|-heal|p1a: Walking Wake|47/100|[from] item: Leftovers
|upkeep
|turn|11
|
|t:|1781239382
|move|p1a: Walking Wake|Scald|p2a: 4Pc Peliac Combo
|-resisted|p2a: 4Pc Peliac Combo
|-crit|p2a: 4Pc Peliac Combo
|-damage|p2a: 4Pc Peliac Combo|0 fnt
|faint|p2a: 4Pc Peliac Combo
|
|-weather|RainDance|[upkeep]
|-heal|p1a: Walking Wake|54/100|[from] item: Leftovers
|upkeep
|
|t:|1781239384
|switch|p2a: PurpleRain|Overqwil, F, shiny|78/100
|-damage|p2a: PurpleRain|66/100|[from] Stealth Rock
|turn|12
|
|t:|1781239387
|move|p2a: PurpleRain|Swords Dance|p2a: PurpleRain
|-boost|p2a: PurpleRain|atk|2
|move|p1a: Walking Wake|Scald|p2a: PurpleRain
|-damage|p2a: PurpleRain|0 fnt
|faint|p2a: PurpleRain
|
|-weather|RainDance|[upkeep]
|-heal|p1a: Walking Wake|60/100|[from] item: Leftovers
|upkeep
|-message|crck like alakazam forfeited.
|
|win|biryanilover
|raw|biryanilover's rating: 1511 &rarr; <strong>1534</strong><br />(+23 for winning)
|raw|crck like alakazam's rating: 1569 &rarr; <strong>1546</strong><br />(-23 for losing)
|l|☆crck like alakazam
|player|p2|
