|j|☆FP.//06
|j|☆Floundso
|t:|1780999026
|gametype|singles
|player|p1|FP.//06|hilda-masters3|1570
|player|p2|Floundso|giovanni|1573
|gen|9
|tier|[Gen 9] OU
|rated|
|rule|HP Percentage Mod: HP is shown in percentages
|rule|Endless Battle Clause: Forcing endless battles is banned
|rule|Species Clause: Limit one of each Pokémon
|rule|OHKO Clause: OHKO moves are banned
|rule|Evasion Items Clause: Evasion items are banned
|rule|Evasion Moves Clause: Evasion moves are banned
|rule|Evasion Abilities Clause: Evasion abilities are banned
|rule|Sleep Moves Clause: Sleep-inducing moves are banned
|clearpoke
|poke|p1|Ogerpon, F|
|poke|p1|Samurott-Hisui, M|
|poke|p1|Blissey, F|
|poke|p1|Gliscor, M|
|poke|p1|Skarmory, F|
|poke|p1|Pecharunt|
|poke|p2|Raging Bolt|
|poke|p2|Ribombee, M|
|poke|p2|Gholdengo|
|poke|p2|Great Tusk|
|poke|p2|Ogerpon-Cornerstone, F|
|poke|p2|Ceruledge, M|
|teampreview
|inactive|Battle timer is ON: inactive players will automatically lose when time's up. (requested by FP.//06)
|
|t:|1780999051
|teamsize|p1|6
|teamsize|p2|6
|start
|switch|p1a: Gliscor|Gliscor, M|100/100
|switch|p2a: Great Tusk|Great Tusk, shiny|100/100
|-enditem|p2a: Great Tusk|Booster Energy
|-activate|p2a: Great Tusk|ability: Protosynthesis|[fromitem]
|-start|p2a: Great Tusk|protosynthesisatk
|turn|1
|
|t:|1780999058
|move|p1a: Gliscor|Protect|p1a: Gliscor
|-singleturn|p1a: Gliscor|Protect
|move|p2a: Great Tusk|Ice Spinner|p1a: Gliscor
|-activate|p1a: Gliscor|move: Protect
|
|-status|p1a: Gliscor|tox|[from] item: Toxic Orb
|upkeep
|turn|2
|
|t:|1780999060
|switch|p1a: Skarmory|Skarmory, F|100/100
|move|p2a: Great Tusk|Close Combat|p1a: Skarmory
|-crit|p1a: Skarmory
|-damage|p1a: Skarmory|19/100
|-unboost|p2a: Great Tusk|def|1
|-unboost|p2a: Great Tusk|spd|1
|-damage|p2a: Great Tusk|84/100|[from] item: Rocky Helmet|[of] p1a: Skarmory
|
|upkeep
|turn|3
|j| Mak7XZ
|c|☆FP.//06|ok
|
|t:|1780999073
|switch|p1a: Pecharunt|Pecharunt|100/100
|move|p2a: Great Tusk|Ice Spinner|p1a: Pecharunt
|-damage|p1a: Pecharunt|84/100
|
|upkeep
|turn|4
|
|t:|1780999084
|-terastallize|p1a: Pecharunt|Ghost
|move|p2a: Great Tusk|Headlong Rush|p1a: Pecharunt
|-damage|p1a: Pecharunt|43/100
|-unboost|p2a: Great Tusk|def|1
|-unboost|p2a: Great Tusk|spd|1
|move|p1a: Pecharunt|Toxic|p2a: Great Tusk
|-status|p2a: Great Tusk|tox
|-start|p2a: Great Tusk|confusion|[from] ability: Poison Puppeteer|[of] p1a: Pecharunt
|
|-damage|p2a: Great Tusk|78/100 tox|[from] psn
|upkeep
|turn|5
|
|t:|1780999097
|-end|p2a: Great Tusk|Protosynthesis|[silent]
|switch|p2a: Gholdengo|Gholdengo, shiny|100/100
|-item|p2a: Gholdengo|Air Balloon
|move|p1a: Pecharunt|Recover|p1a: Pecharunt
|-heal|p1a: Pecharunt|93/100
|
|upkeep
|turn|6
|
|t:|1780999107
|move|p2a: Gholdengo|Dazzling Gleam|p1a: Pecharunt
|-damage|p1a: Pecharunt|60/100
|move|p1a: Pecharunt|Shadow Ball|p2a: Gholdengo
|-supereffective|p2a: Gholdengo
|-damage|p2a: Gholdengo|28/100
|-enditem|p2a: Gholdengo|Air Balloon
|
|upkeep
|turn|7
|
|t:|1780999110
|switch|p1a: Samurott|Samurott-Hisui, M|100/100
|move|p2a: Gholdengo|Shadow Ball|p1a: Samurott
|-resisted|p1a: Samurott
|-damage|p1a: Samurott|67/100
|
|upkeep
|turn|8
|
|t:|1780999115
|switch|p2a: Great Tusk|Great Tusk, shiny|78/100 tox
|move|p1a: Samurott|Ceaseless Edge|p2a: Great Tusk
|-resisted|p2a: Great Tusk
|-damage|p2a: Great Tusk|61/100 tox
|-sidestart|p2: Floundso|Spikes
|
|-damage|p2a: Great Tusk|55/100 tox|[from] psn
|upkeep
|turn|9
|
|t:|1780999122
|switch|p1a: Skarmory|Skarmory, F|19/100
|move|p2a: Great Tusk|Headlong Rush|p1a: Skarmory
|-immune|p1a: Skarmory
|
|-damage|p2a: Great Tusk|42/100 tox|[from] psn
|upkeep
|turn|10
|
|t:|1780999127
|switch|p1a: Pecharunt|Pecharunt, tera:Ghost|60/100
|move|p2a: Great Tusk|Close Combat|p1a: Pecharunt
|-immune|p1a: Pecharunt
|
|-damage|p2a: Great Tusk|24/100 tox|[from] psn
|upkeep
|turn|11
|
|t:|1780999132
|-end|p2a: Great Tusk|Protosynthesis|[silent]
|switch|p2a: Gholdengo|Gholdengo, shiny|28/100
|-damage|p2a: Gholdengo|16/100|[from] Spikes
|move|p1a: Pecharunt|Recover|p1a: Pecharunt
|-heal|p1a: Pecharunt|100/100
|
|upkeep
|turn|12
|
|t:|1780999136
|switch|p1a: Gliscor|Gliscor, M|100/100 tox
|move|p2a: Gholdengo|Shadow Ball|p1a: Gliscor
|-damage|p1a: Gliscor|62/100 tox
|
|-heal|p1a: Gliscor|75/100 tox|[from] ability: Poison Heal
|upkeep
|turn|13
|
|t:|1780999146
|move|p2a: Gholdengo|Nasty Plot|p2a: Gholdengo
|-boost|p2a: Gholdengo|spa|2
|move|p1a: Gliscor|Earthquake|p2a: Gholdengo
|-supereffective|p2a: Gholdengo
|-damage|p2a: Gholdengo|0 fnt
|faint|p2a: Gholdengo
|
|-heal|p1a: Gliscor|87/100 tox|[from] ability: Poison Heal
|upkeep
|
|t:|1780999148
|switch|p2a: Ribombee|Ribombee, M, shiny|100/100
|-damage|p2a: Ribombee|88/100|[from] Spikes
|turn|14
|l| Mak7XZ
|
|t:|1780999151
|move|p2a: Ribombee|Skill Swap|p1a: Gliscor
|-activate|p2a: Ribombee|Skill Swap|Poison Heal|Shield Dust|[of] p1a: Gliscor
|move|p1a: Gliscor|Toxic|p2a: Ribombee
|-status|p2a: Ribombee|tox
|
|-heal|p2a: Ribombee|100/100 tox|[from] ability: Poison Heal
|-damage|p1a: Gliscor|68/100 tox|[from] psn
|upkeep
|turn|15
|
|t:|1780999162
|move|p2a: Ribombee|Sticky Web|p1a: Gliscor
|-sidestart|p1: FP.//06|move: Sticky Web
|move|p1a: Gliscor|U-turn|p2a: Ribombee
|-resisted|p2a: Ribombee
|-damage|p2a: Ribombee|86/100 tox
|
|t:|1780999167
|switch|p1a: Blissey|Blissey, F|100/100|[from] U-turn
|
|-heal|p2a: Ribombee|99/100 tox|[from] ability: Poison Heal
|upkeep
|turn|16
|
|t:|1780999171
|move|p2a: Ribombee|Moonblast|p1a: Blissey
|-crit|p1a: Blissey
|-damage|p1a: Blissey|83/100
|move|p1a: Blissey|Calm Mind|p1a: Blissey
|-boost|p1a: Blissey|spa|1
|-boost|p1a: Blissey|spd|1
|
|-heal|p2a: Ribombee|100/100 tox|[from] ability: Poison Heal
|upkeep
|turn|17
|
|t:|1780999174
|switch|p2a: Ceruledge|Ceruledge, M, shiny|100/100
|-damage|p2a: Ceruledge|88/100|[from] Spikes
|move|p1a: Blissey|Calm Mind|p1a: Blissey
|-boost|p1a: Blissey|spa|1
|-boost|p1a: Blissey|spd|1
|
|upkeep
|turn|18
|
|t:|1780999179
|switch|p1a: Samurott|Samurott-Hisui, M|67/100
|move|p2a: Ceruledge|Swords Dance|p2a: Ceruledge
|-boost|p2a: Ceruledge|atk|2
|
|upkeep
|turn|19
|
|t:|1780999188
|-terastallize|p2a: Ceruledge|Fighting
|move|p1a: Samurott|Encore|p2a: Ceruledge
|-start|p2a: Ceruledge|Encore
|move|p2a: Ceruledge|Swords Dance|p2a: Ceruledge
|-boost|p2a: Ceruledge|atk|2
|
|upkeep
|turn|20
|
|t:|1780999194
|move|p1a: Samurott|Razor Shell|p2a: Ceruledge
|-damage|p2a: Ceruledge|15/100
|-unboost|p2a: Ceruledge|def|1
|-ability|p2a: Ceruledge|Weak Armor|boost
|-unboost|p2a: Ceruledge|def|1
|-boost|p2a: Ceruledge|spe|2
|move|p2a: Ceruledge|Swords Dance|p2a: Ceruledge
|-boost|p2a: Ceruledge|atk|2
|
|upkeep
|turn|21
|
|t:|1780999197
|move|p2a: Ceruledge|Swords Dance|p2a: Ceruledge
|-boost|p2a: Ceruledge|atk|0
|move|p1a: Samurott|Razor Shell|p2a: Ceruledge
|-damage|p2a: Ceruledge|0 fnt
|faint|p2a: Ceruledge
|
|upkeep
|
|t:|1780999201
|switch|p2a: Ogerpon|Ogerpon-Cornerstone, F|100/100
|-damage|p2a: Ogerpon|88/100|[from] Spikes
|turn|22
|
|t:|1780999207
|switch|p1a: Skarmory|Skarmory, F|19/100
|move|p2a: Ogerpon|Ivy Cudgel|p1a: Skarmory|[anim] Ivy Cudgel Rock
|-damage|p1a: Skarmory|0 fnt
|faint|p1a: Skarmory
|
|upkeep
|
|t:|1780999213
|switch|p1a: Ogerpon|Ogerpon, F|100/100
|turn|23
|
|t:|1780999216
|move|p1a: Ogerpon|Ivy Cudgel|p2a: Ogerpon
|-crit|p2a: Ogerpon
|-damage|p2a: Ogerpon|0 fnt
|faint|p2a: Ogerpon
|
|upkeep
|-message|Floundso forfeited.
|
|win|FP.//06
|raw|FP.&#x2f;&#x2f;06's rating: 1570 &rarr; <strong>1590</strong><br />(+20 for winning)
|raw|Floundso's rating: 1573 &rarr; <strong>1553</strong><br />(-20 for losing)
|l|☆Floundso
|player|p2|
|l|☆FP.//06
|player|p1|
