|j|☆Mca Player 11
|j|☆mieldrain
|t:|1780990313
|gametype|singles
|player|p1|Mca Player 11|skierf|1566
|player|p2|mieldrain|lady-gen4|1508
|gen|9
|tier|[Gen 9] OU
|rated|
|rule|HP Percentage Mod: HP is shown in percentages
|rule|Endless Battle Clause: Forcing endless battles is banned
|rule|Species Clause: Limit one of each Pokémon
|rule|OHKO Clause: OHKO moves are banned
|rule|Evasion Items Clause: Evasion items are banned
|rule|Evasion Moves Clause: Evasion moves are banned
|rule|Evasion Abilities Clause: Evasion abilities are banned
|rule|Sleep Moves Clause: Sleep-inducing moves are banned
|clearpoke
|poke|p1|Deoxys-Speed|
|poke|p1|Iron Moth|
|poke|p1|Zamazenta-*|
|poke|p1|Gholdengo|
|poke|p1|Rillaboom, M|
|poke|p1|Iron Jugulis|
|poke|p2|Dragapult, F|
|poke|p2|Ting-Lu|
|poke|p2|Corviknight, F|
|poke|p2|Primarina, M|
|poke|p2|Raging Bolt|
|poke|p2|Gholdengo|
|teampreview
|inactive|Battle timer is ON: inactive players will automatically lose when time's up. (requested by mieldrain)
|j| Kisaragi Station
|j| wangtianlangshabi
|
|t:|1780990331
|teamsize|p1|6
|teamsize|p2|6
|start
|switch|p1a: Iron Jugulis|Iron Jugulis, shiny|100/100
|switch|p2a: Godrick|Gholdengo|100/100
|-enditem|p1a: Iron Jugulis|Booster Energy
|-activate|p1a: Iron Jugulis|ability: Quark Drive|[fromitem]
|-start|p1a: Iron Jugulis|quarkdrivespe
|turn|1
|
|t:|1780990339
|move|p1a: Iron Jugulis|Knock Off|p2a: Godrick
|-supereffective|p2a: Godrick
|-damage|p2a: Godrick|41/100
|-enditem|p2a: Godrick|Choice Scarf|[from] move: Knock Off|[of] p1a: Iron Jugulis
|move|p2a: Godrick|Make It Rain|p1a: Iron Jugulis
|-damage|p1a: Iron Jugulis|12/100
|-unboost|p2a: Godrick|spa|1
|
|upkeep
|turn|2
|
|t:|1780990346
|switch|p2a: Rellana|Primarina, M, shiny|100/100
|move|p1a: Iron Jugulis|Knock Off|p2a: Rellana
|-resisted|p2a: Rellana
|-damage|p2a: Rellana|81/100
|-enditem|p2a: Rellana|Custap Berry|[from] move: Knock Off|[of] p1a: Iron Jugulis
|
|upkeep
|turn|3
|
|t:|1780990352
|-end|p1a: Iron Jugulis|Quark Drive|[silent]
|switch|p1a: Gholdengo|Gholdengo, shiny|100/100
|move|p2a: Rellana|Surf|p1a: Gholdengo
|-damage|p1a: Gholdengo|66/100
|
|upkeep
|turn|4
|l| wangtianlangshabi
|
|t:|1780990358
|switch|p1a: Iron Jugulis|Iron Jugulis, shiny|12/100
|switch|p2a: Mohg|Ting-Lu|100/100
|-ability|p2a: Mohg|Vessel of Ruin
|
|upkeep
|turn|5
|
|t:|1780990362
|move|p1a: Iron Jugulis|Taunt|p2a: Mohg
|-start|p2a: Mohg|move: Taunt
|cant|p2a: Mohg|move: Taunt|Stealth Rock
|
|upkeep
|turn|6
|
|t:|1780990367
|switch|p2a: Rellana|Primarina, M, shiny|81/100
|move|p1a: Iron Jugulis|Knock Off|p2a: Rellana
|-resisted|p2a: Rellana
|-damage|p2a: Rellana|69/100
|
|upkeep
|turn|7
|
|t:|1780990370
|-end|p1a: Iron Jugulis|Quark Drive|[silent]
|switch|p1a: Gholdengo|Gholdengo, shiny|66/100
|move|p2a: Rellana|Calm Mind|p2a: Rellana
|-boost|p2a: Rellana|spa|1
|-boost|p2a: Rellana|spd|1
|
|upkeep
|turn|8
|
|t:|1780990372
|move|p1a: Gholdengo|Recover|p1a: Gholdengo
|-heal|p1a: Gholdengo|100/100
|move|p2a: Rellana|Surf|p1a: Gholdengo
|-crit|p1a: Gholdengo
|-damage|p1a: Gholdengo|15/100
|
|upkeep
|turn|9
|
|t:|1780990374
|move|p1a: Gholdengo|Recover|p1a: Gholdengo
|-heal|p1a: Gholdengo|65/100
|move|p2a: Rellana|Surf|p1a: Gholdengo
|-damage|p1a: Gholdengo|15/100
|
|upkeep
|turn|10
|
|t:|1780990377
|move|p1a: Gholdengo|Recover|p1a: Gholdengo
|-heal|p1a: Gholdengo|65/100
|move|p2a: Rellana|Calm Mind|p2a: Rellana
|-boost|p2a: Rellana|spa|1
|-boost|p2a: Rellana|spd|1
|
|upkeep
|turn|11
|
|t:|1780990379
|switch|p1a: Rillaboom|Rillaboom, M, shiny|100/100
|-fieldstart|move: Grassy Terrain|[from] ability: Grassy Surge|[of] p1a: Rillaboom
|move|p2a: Rellana|Moonblast|p1a: Rillaboom
|-damage|p1a: Rillaboom|0 fnt
|faint|p1a: Rillaboom
|
|-heal|p2a: Rellana|75/100|[from] Grassy Terrain
|upkeep
|
|t:|1780990385
|switch|p1a: Zamazenta|Zamazenta, shiny|100/100
|-ability|p1a: Zamazenta|Dauntless Shield|boost
|-boost|p1a: Zamazenta|def|1
|turn|12
|
|t:|1780990389
|-terastallize|p1a: Zamazenta|Rock
|move|p1a: Zamazenta|Stone Edge|p2a: Rellana
|-damage|p2a: Rellana|0 fnt
|faint|p2a: Rellana
|
|upkeep
|
|t:|1780990393
|switch|p2a: Mohg|Ting-Lu|100/100
|-ability|p2a: Mohg|Vessel of Ruin
|turn|13
|
|t:|1780990395
|switch|p1a: Deoxys|Deoxys-Speed|100/100
|-ability|p1a: Deoxys|Pressure
|move|p2a: Mohg|Stealth Rock|p1a: Deoxys
|-sidestart|p1: Mca Player 11|move: Stealth Rock
|
|upkeep
|turn|14
|
|t:|1780990398
|move|p1a: Deoxys|Stealth Rock|p2a: Mohg
|-sidestart|p2: mieldrain|move: Stealth Rock
|move|p2a: Mohg|Ruination|p1a: Deoxys
|-damage|p1a: Deoxys|51/100
|
|-heal|p1a: Deoxys|57/100|[from] Grassy Terrain
|upkeep
|turn|15
|
|t:|1780990400
|move|p1a: Deoxys|Spikes|p2a: Mohg
|-sidestart|p2: mieldrain|Spikes
|move|p2a: Mohg|Whirlwind|p1a: Deoxys
|drag|p1a: Gholdengo|Gholdengo, shiny|65/100
|-damage|p1a: Gholdengo|59/100|[from] Stealth Rock
|-enditem|p1a: Gholdengo|Grassy Seed
|-boost|p1a: Gholdengo|def|1|[from] item: Grassy Seed
|
|-heal|p1a: Gholdengo|65/100|[from] Grassy Terrain
|-fieldend|move: Grassy Terrain
|upkeep
|turn|16
|
|t:|1780990404
|switch|p1a: Deoxys|Deoxys-Speed|57/100
|-damage|p1a: Deoxys|44/100|[from] Stealth Rock
|-ability|p1a: Deoxys|Pressure
|move|p2a: Mohg|Earthquake|p1a: Deoxys
|-damage|p1a: Deoxys|0 fnt
|faint|p1a: Deoxys
|
|upkeep
|
|t:|1780990406
|switch|p1a: Zamazenta|Zamazenta, shiny, tera:Rock|100/100
|-damage|p1a: Zamazenta|88/100|[from] Stealth Rock
|turn|17
|
|t:|1780990412
|switch|p2a: Godrick|Gholdengo|41/100
|-damage|p2a: Godrick|35/100|[from] Stealth Rock
|-damage|p2a: Godrick|23/100|[from] Spikes
|move|p1a: Zamazenta|Stone Edge|p2a: Godrick
|-resisted|p2a: Godrick
|-crit|p2a: Godrick
|-damage|p2a: Godrick|0 fnt
|faint|p2a: Godrick
|
|upkeep
|
|t:|1780990417
|switch|p2a: Mohg|Ting-Lu|100/100
|-damage|p2a: Mohg|94/100|[from] Stealth Rock
|-damage|p2a: Mohg|82/100|[from] Spikes
|-ability|p2a: Mohg|Vessel of Ruin
|turn|18
|
|t:|1780990422
|switch|p1a: Iron Jugulis|Iron Jugulis, shiny|12/100
|-damage|p1a: Iron Jugulis|0 fnt|[from] Stealth Rock
|faint|p1a: Iron Jugulis
|-end|p1a: Iron Jugulis|Quark Drive|[silent]
|move|p2a: Mohg|Earthquake|p1: Iron Jugulis|[notarget]
|-fail|p2a: Mohg
|
|-heal|p2a: Mohg|88/100|[from] item: Leftovers
|upkeep
|
|t:|1780990424
|switch|p1a: Zamazenta|Zamazenta, shiny, tera:Rock|88/100
|-damage|p1a: Zamazenta|76/100|[from] Stealth Rock
|turn|19
|
|t:|1780990433
|switch|p2a: Maliketh|Corviknight, F|100/100
|-damage|p2a: Maliketh|88/100|[from] Stealth Rock
|-ability|p2a: Maliketh|Pressure
|move|p1a: Zamazenta|Ice Fang|p2a: Maliketh
|-damage|p2a: Maliketh|67/100
|-damage|p1a: Zamazenta|59/100|[from] item: Rocky Helmet|[of] p2a: Maliketh
|
|upkeep
|turn|20
|
|t:|1780990441
|switch|p1a: Gholdengo|Gholdengo, shiny|65/100
|-damage|p1a: Gholdengo|59/100|[from] Stealth Rock
|switch|p2a: Mohg|Ting-Lu|88/100
|-damage|p2a: Mohg|82/100|[from] Stealth Rock
|-damage|p2a: Mohg|69/100|[from] Spikes
|-ability|p2a: Mohg|Vessel of Ruin
|
|-heal|p2a: Mohg|76/100|[from] item: Leftovers
|upkeep
|turn|21
|
|t:|1780990445
|move|p1a: Gholdengo|Recover|p1a: Gholdengo
|-heal|p1a: Gholdengo|100/100
|move|p2a: Mohg|Earthquake|p1a: Gholdengo
|-supereffective|p1a: Gholdengo
|-damage|p1a: Gholdengo|32/100
|
|-heal|p2a: Mohg|82/100|[from] item: Leftovers
|upkeep
|turn|22
|
|t:|1780990447
|move|p1a: Gholdengo|Recover|p1a: Gholdengo
|-heal|p1a: Gholdengo|82/100
|move|p2a: Mohg|Earthquake|p1a: Gholdengo
|-supereffective|p1a: Gholdengo
|-damage|p1a: Gholdengo|13/100
|
|-heal|p2a: Mohg|88/100|[from] item: Leftovers
|upkeep
|turn|23
|
|t:|1780990451
|move|p1a: Gholdengo|Make It Rain|p2a: Mohg
|-damage|p2a: Mohg|65/100
|-unboost|p1a: Gholdengo|spa|1
|move|p2a: Mohg|Earthquake|p1a: Gholdengo
|-supereffective|p1a: Gholdengo
|-damage|p1a: Gholdengo|0 fnt
|faint|p1a: Gholdengo
|
|-heal|p2a: Mohg|71/100|[from] item: Leftovers
|upkeep
|
|t:|1780990453
|switch|p1a: Zamazenta|Zamazenta, shiny, tera:Rock|59/100
|-damage|p1a: Zamazenta|47/100|[from] Stealth Rock
|turn|24
|
|t:|1780990455
|switch|p2a: Maliketh|Corviknight, F|67/100
|-damage|p2a: Maliketh|55/100|[from] Stealth Rock
|-ability|p2a: Maliketh|Pressure
|move|p1a: Zamazenta|Close Combat|p2a: Maliketh
|-damage|p2a: Maliketh|0 fnt
|-unboost|p1a: Zamazenta|def|1
|-unboost|p1a: Zamazenta|spd|1
|-damage|p1a: Zamazenta|30/100|[from] item: Rocky Helmet|[of] p2a: Maliketh
|faint|p2a: Maliketh
|
|upkeep
|
|t:|1780990458
|switch|p2a: Placidusax|Dragapult, F|100/100
|-damage|p2a: Placidusax|88/100|[from] Stealth Rock
|-damage|p2a: Placidusax|76/100|[from] Spikes
|turn|25
|
|t:|1780990462
|move|p2a: Placidusax|Dragon Darts|p1a: Zamazenta
|-damage|p1a: Zamazenta|0 fnt
|faint|p1a: Zamazenta
|
|upkeep
|
|t:|1780990463
|switch|p1a: Iron Moth|Iron Moth, shiny|100/100
|-damage|p1a: Iron Moth|76/100|[from] Stealth Rock
|-enditem|p1a: Iron Moth|Booster Energy
|-activate|p1a: Iron Moth|ability: Quark Drive|[fromitem]
|-start|p1a: Iron Moth|quarkdrivespe
|turn|26
|
|t:|1780990467
|move|p1a: Iron Moth|Fiery Dance|p2a: Placidusax
|-resisted|p2a: Placidusax
|-damage|p2a: Placidusax|49/100
|move|p2a: Placidusax|Dragon Darts|p1a: Iron Moth
|-damage|p1a: Iron Moth|19/100
|-anim|p2a: Placidusax|Dragon Darts|p1a: Iron Moth
|-damage|p1a: Iron Moth|0 fnt
|faint|p1a: Iron Moth
|-end|p1a: Iron Moth|Quark Drive|[silent]
|
|win|mieldrain
|raw|Mca Player 11's rating: 1566 &rarr; <strong>1543</strong><br />(-23 for losing)
|raw|mieldrain's rating: 1508 &rarr; <strong>1531</strong><br />(+23 for winning)
|l|☆Mca Player 11
|player|p1|
|l|☆mieldrain
|player|p2|
|l| Kisaragi Station
