|j|☆unamedturd
|j|☆sanos
|t:|1781461644
|gametype|singles
|player|p1|unamedturd|li|1563
|player|p2|sanos|nate|1523
|gen|9
|tier|[Gen 9] OU
|rated|
|rule|HP Percentage Mod: HP is shown in percentages
|rule|Endless Battle Clause: Forcing endless battles is banned
|rule|Species Clause: Limit one of each Pokémon
|rule|OHKO Clause: OHKO moves are banned
|rule|Evasion Items Clause: Evasion items are banned
|rule|Evasion Moves Clause: Evasion moves are banned
|rule|Evasion Abilities Clause: Evasion abilities are banned
|rule|Sleep Moves Clause: Sleep-inducing moves are banned
|clearpoke
|poke|p1|Zamazenta-*|
|poke|p1|Sinistcha-Masterpiece|
|poke|p1|Kleavor, M|
|poke|p1|Kingambit, M|
|poke|p1|Dragapult, F|
|poke|p1|Glimmora, F|
|poke|p2|Raging Bolt|
|poke|p2|Darkrai|
|poke|p2|Ogerpon-Wellspring, F|
|poke|p2|Great Tusk|
|poke|p2|Gholdengo|
|poke|p2|Corviknight, M|
|teampreview
|inactive|Battle timer is ON: inactive players will automatically lose when time's up. (requested by unamedturd)
|j| TheSacredJackal⨕
|
|t:|1781461670
|teamsize|p1|6
|teamsize|p2|6
|start
|switch|p1a: Sinistcha|Sinistcha-Masterpiece|100/100
|switch|p2a: Ogerpon|Ogerpon-Wellspring, F|100/100
|turn|1
|
|t:|1781461679
|switch|p2a: Raging Bolt|Raging Bolt|100/100
|move|p1a: Sinistcha|Matcha Gotcha|p2a: Raging Bolt
|-resisted|p2a: Raging Bolt
|-damage|p2a: Raging Bolt|84/100
|
|upkeep
|turn|2
|
|t:|1781461690
|switch|p1a: Glimmora|Glimmora, F|100/100
|move|p2a: Raging Bolt|Draco Meteor|p1a: Glimmora
|-damage|p1a: Glimmora|10/100
|-unboost|p2a: Raging Bolt|spa|2
|
|-heal|p1a: Glimmora|16/100|[from] item: Leftovers
|upkeep
|turn|3
|
|t:|1781461702
|-end|p2a: Raging Bolt|Protosynthesis|[silent]
|switch|p2a: Great Tusk|Great Tusk|100/100
|move|p1a: Glimmora|Earth Power|p2a: Great Tusk
|-damage|p2a: Great Tusk|64/100
|
|-heal|p1a: Glimmora|22/100|[from] item: Leftovers
|upkeep
|turn|4
|
|t:|1781461710
|move|p2a: Great Tusk|Stealth Rock|p1a: Glimmora
|-sidestart|p1: unamedturd|move: Stealth Rock
|move|p1a: Glimmora|Earth Power|p2a: Great Tusk
|-damage|p2a: Great Tusk|28/100
|
|-heal|p1a: Glimmora|28/100|[from] item: Leftovers
|upkeep
|turn|5
|
|t:|1781461725
|move|p2a: Great Tusk|Headlong Rush|p1a: Glimmora
|-supereffective|p1a: Glimmora
|-damage|p1a: Glimmora|0 fnt
|-unboost|p2a: Great Tusk|def|1
|-unboost|p2a: Great Tusk|spd|1
|-activate|p1a: Glimmora|ability: Toxic Debris
|-sidestart|p2: sanos|move: Toxic Spikes
|faint|p1a: Glimmora
|
|upkeep
|
|t:|1781461735
|switch|p1a: Sinistcha|Sinistcha-Masterpiece|100/100
|-damage|p1a: Sinistcha|88/100|[from] Stealth Rock
|turn|6
|
|t:|1781461739
|-end|p2a: Great Tusk|Protosynthesis|[silent]
|switch|p2a: Raging Bolt|Raging Bolt|84/100
|-status|p2a: Raging Bolt|psn
|move|p1a: Sinistcha|Strength Sap|p2a: Raging Bolt
|-unboost|p2a: Raging Bolt|atk|1
|-heal|p1a: Sinistcha|100/100
|
|-damage|p2a: Raging Bolt|71/100 psn|[from] psn
|upkeep
|turn|7
|
|t:|1781461750
|switch|p1a: Kingambit|Kingambit, M|100/100
|-damage|p1a: Kingambit|94/100|[from] Stealth Rock
|-activate|p1a: Kingambit|ability: Supreme Overlord
|-start|p1a: Kingambit|fallen1|[silent]
|move|p2a: Raging Bolt|Draco Meteor|p1a: Kingambit
|-resisted|p1a: Kingambit
|-damage|p1a: Kingambit|24/100
|-unboost|p2a: Raging Bolt|spa|2
|
|-heal|p1a: Kingambit|30/100|[from] item: Leftovers
|-damage|p2a: Raging Bolt|59/100 psn|[from] psn
|upkeep
|turn|8
|
|t:|1781461764
|-end|p2a: Raging Bolt|Protosynthesis|[silent]
|switch|p2a: Corviknight|Corviknight, M|100/100
|-ability|p2a: Corviknight|Pressure
|move|p1a: Kingambit|Iron Head|p2a: Corviknight
|-resisted|p2a: Corviknight
|-damage|p2a: Corviknight|85/100
|-damage|p1a: Kingambit|14/100|[from] item: Rocky Helmet|[of] p2a: Corviknight
|
|-heal|p1a: Kingambit|20/100|[from] item: Leftovers
|upkeep
|turn|9
|
|t:|1781461783
|move|p1a: Kingambit|Swords Dance|p1a: Kingambit
|-boost|p1a: Kingambit|atk|2
|move|p2a: Corviknight|Body Press|p1a: Kingambit
|-supereffective|p1a: Kingambit
|-damage|p1a: Kingambit|0 fnt
|faint|p1a: Kingambit
|-end|p1a: Kingambit|fallen1|[silent]
|
|upkeep
|
|t:|1781461791
|switch|p1a: Sinistcha|Sinistcha-Masterpiece|100/100
|-damage|p1a: Sinistcha|88/100|[from] Stealth Rock
|turn|10
|
|t:|1781461805
|switch|p2a: Raging Bolt|Raging Bolt|59/100 psn
|move|p1a: Sinistcha|Calm Mind|p1a: Sinistcha
|-boost|p1a: Sinistcha|spa|1
|-boost|p1a: Sinistcha|spd|1
|
|-heal|p1a: Sinistcha|94/100|[from] item: Leftovers
|-damage|p2a: Raging Bolt|47/100 psn|[from] psn
|upkeep
|turn|11
|
|t:|1781461814
|move|p2a: Raging Bolt|Draco Meteor|p1a: Sinistcha
|-damage|p1a: Sinistcha|3/100
|-unboost|p2a: Raging Bolt|spa|2
|move|p1a: Sinistcha|Strength Sap|p2a: Raging Bolt
|-unboost|p2a: Raging Bolt|atk|1
|-heal|p1a: Sinistcha|48/100
|
|-heal|p1a: Sinistcha|54/100|[from] item: Leftovers
|-damage|p2a: Raging Bolt|35/100 psn|[from] psn
|upkeep
|turn|12
|
|t:|1781461829
|-end|p2a: Raging Bolt|Protosynthesis|[silent]
|switch|p2a: Darkrai|Darkrai|100/100
|move|p1a: Sinistcha|Strength Sap|p2a: Darkrai
|-unboost|p2a: Darkrai|atk|1
|-heal|p1a: Sinistcha|100/100
|
|upkeep
|turn|13
|
|t:|1781461846
|-terastallize|p1a: Sinistcha|Poison
|move|p2a: Darkrai|Dark Pulse|p1a: Sinistcha
|-damage|p1a: Sinistcha|64/100
|move|p1a: Sinistcha|Matcha Gotcha|p2a: Darkrai
|-damage|p2a: Darkrai|30/100
|-heal|p1a: Sinistcha|93/100|[from] drain|[of] p2a: Darkrai
|
|-heal|p1a: Sinistcha|99/100|[from] item: Leftovers
|upkeep
|turn|14
|
|t:|1781461859
|move|p2a: Darkrai|Knock Off|p1a: Sinistcha
|-damage|p1a: Sinistcha|86/100
|-enditem|p1a: Sinistcha|Leftovers|[from] move: Knock Off|[of] p2a: Darkrai
|move|p1a: Sinistcha|Shadow Ball|p2a: Darkrai
|-resisted|p2a: Darkrai
|-damage|p2a: Darkrai|0 fnt
|faint|p2a: Darkrai
|
|upkeep
|
|t:|1781461862
|switch|p2a: Great Tusk|Great Tusk|28/100
|-status|p2a: Great Tusk|psn
|turn|15
|
|t:|1781461871
|switch|p1a: Dragapult|Dragapult, F|100/100
|-damage|p1a: Dragapult|88/100|[from] Stealth Rock
|move|p2a: Great Tusk|Headlong Rush|p1a: Dragapult
|-damage|p1a: Dragapult|16/100
|-unboost|p2a: Great Tusk|def|1
|-unboost|p2a: Great Tusk|spd|1
|
|-damage|p2a: Great Tusk|15/100 psn|[from] psn
|upkeep
|turn|16
|
|t:|1781461882
|-end|p2a: Great Tusk|Protosynthesis|[silent]
|switch|p2a: Raging Bolt|Raging Bolt|35/100 psn
|move|p1a: Dragapult|Shadow Ball|p2a: Raging Bolt
|-damage|p2a: Raging Bolt|0 fnt
|faint|p2a: Raging Bolt
|-end|p2a: Raging Bolt|Protosynthesis|[silent]
|
|upkeep
|
|t:|1781461888
|switch|p2a: Gholdengo|Gholdengo|100/100
|turn|17
|
|t:|1781461892
|move|p1a: Dragapult|Shadow Ball|p2a: Gholdengo
|-supereffective|p2a: Gholdengo
|-damage|p2a: Gholdengo|16/100
|-unboost|p2a: Gholdengo|spd|1
|move|p2a: Gholdengo|Shadow Ball|p1a: Dragapult
|-supereffective|p1a: Dragapult
|-damage|p1a: Dragapult|0 fnt
|faint|p1a: Dragapult
|
|upkeep
|c|☆sanos|what can that possibly be for
|
|t:|1781461906
|switch|p1a: Kleavor|Kleavor, M|100/100
|-damage|p1a: Kleavor|76/100|[from] Stealth Rock
|turn|18
|
|t:|1781461915
|-terastallize|p2a: Gholdengo|Ghost
|move|p1a: Kleavor|Stone Axe|p2a: Gholdengo
|-damage|p2a: Gholdengo|0 fnt
|-sidestart|p2: sanos|move: Stealth Rock
|faint|p2a: Gholdengo
|
|upkeep
|
|t:|1781461918
|switch|p2a: Great Tusk|Great Tusk|15/100 psn
|-damage|p2a: Great Tusk|12/100 psn|[from] Stealth Rock
|turn|19
|
|t:|1781461926
|move|p1a: Kleavor|Stone Axe|p2a: Great Tusk
|-resisted|p2a: Great Tusk
|-damage|p2a: Great Tusk|5/100 psn
|-damage|p1a: Kleavor|59/100|[from] item: Rocky Helmet|[of] p2a: Great Tusk
|move|p2a: Great Tusk|Rapid Spin|p1a: Kleavor
|-resisted|p1a: Kleavor
|-damage|p1a: Kleavor|49/100
|-boost|p2a: Great Tusk|spe|1
|-sideend|p2: sanos|Toxic Spikes|[from] move: Rapid Spin|[of] p2a: Great Tusk
|-sideend|p2: sanos|Stealth Rock|[from] move: Rapid Spin|[of] p2a: Great Tusk
|
|-damage|p2a: Great Tusk|0 fnt|[from] psn
|faint|p2a: Great Tusk
|-end|p2a: Great Tusk|Protosynthesis|[silent]
|upkeep
|
|t:|1781461930
|switch|p2a: Corviknight|Corviknight, M|85/100
|-ability|p2a: Corviknight|Pressure
|turn|20
|
|t:|1781461942
|move|p1a: Kleavor|Stone Axe|p2a: Corviknight
|-crit|p2a: Corviknight
|-damage|p2a: Corviknight|38/100
|-damage|p1a: Kleavor|33/100|[from] item: Rocky Helmet|[of] p2a: Corviknight
|-sidestart|p2: sanos|move: Stealth Rock
|move|p2a: Corviknight|Roost|p2a: Corviknight
|-heal|p2a: Corviknight|88/100
|-singleturn|p2a: Corviknight|move: Roost
|
|upkeep
|turn|21
|
|t:|1781461952
|move|p1a: Kleavor|Stone Axe|p2a: Corviknight
|-damage|p2a: Corviknight|57/100
|-damage|p1a: Kleavor|17/100|[from] item: Rocky Helmet|[of] p2a: Corviknight
|move|p2a: Corviknight|Roost|p2a: Corviknight
|-heal|p2a: Corviknight|100/100
|-singleturn|p2a: Corviknight|move: Roost
|
|upkeep
|turn|22
|
|t:|1781461960
|move|p1a: Kleavor|Stone Axe|p2a: Corviknight
|-damage|p2a: Corviknight|71/100
|-damage|p1a: Kleavor|0 fnt|[from] item: Rocky Helmet|[of] p2a: Corviknight
|faint|p1a: Kleavor
|move|p2a: Corviknight|Brave Bird|p1: Kleavor|[notarget]
|-fail|p2a: Corviknight
|
|upkeep
|
|t:|1781461968
|switch|p1a: Zamazenta|Zamazenta|100/100
|-damage|p1a: Zamazenta|95/100|[from] Stealth Rock
|-ability|p1a: Zamazenta|Dauntless Shield|boost
|-boost|p1a: Zamazenta|def|1
|turn|23
|
|t:|1781461973
|move|p1a: Zamazenta|Iron Defense|p1a: Zamazenta
|-boost|p1a: Zamazenta|def|2
|move|p2a: Corviknight|Brave Bird|p1a: Zamazenta
|-supereffective|p1a: Zamazenta
|-damage|p1a: Zamazenta|74/100
|-damage|p2a: Corviknight|65/100|[from] Recoil
|
|-heal|p1a: Zamazenta|80/100|[from] item: Leftovers
|upkeep
|turn|24
|
|t:|1781461982
|move|p1a: Zamazenta|Iron Defense|p1a: Zamazenta
|-boost|p1a: Zamazenta|def|2
|move|p2a: Corviknight|Brave Bird|p1a: Zamazenta
|-supereffective|p1a: Zamazenta
|-damage|p1a: Zamazenta|64/100
|-damage|p2a: Corviknight|60/100|[from] Recoil
|
|-heal|p1a: Zamazenta|70/100|[from] item: Leftovers
|upkeep
|turn|25
|
|t:|1781461994
|move|p1a: Zamazenta|Body Press|p2a: Corviknight
|-damage|p2a: Corviknight|0 fnt
|-damage|p1a: Zamazenta|53/100|[from] item: Rocky Helmet|[of] p2a: Corviknight
|faint|p2a: Corviknight
|
|-heal|p1a: Zamazenta|59/100|[from] item: Leftovers
|upkeep
|
|t:|1781461997
|switch|p2a: Ogerpon|Ogerpon-Wellspring, F|100/100
|-damage|p2a: Ogerpon|88/100|[from] Stealth Rock
|turn|26
|-message|sanos forfeited.
|
|win|unamedturd
|raw|unamedturd's rating: 1563 &rarr; <strong>1581</strong><br />(+18 for winning)
|raw|sanos's rating: 1523 &rarr; <strong>1505</strong><br />(-18 for losing)
|l|☆sanos
|player|p2|
|l|☆unamedturd
|player|p1|
|l| TheSacredJackal⨕
