|j|☆dilf huntr
|j|☆StarDio
|t:|1781600014
|gametype|singles
|player|p1|dilf huntr|1|1695
|player|p2|StarDio|1|1759
|gen|9
|tier|[Gen 9] OU
|rated|
|rule|HP Percentage Mod: HP is shown in percentages
|rule|Endless Battle Clause: Forcing endless battles is banned
|rule|Species Clause: Limit one of each Pokémon
|rule|OHKO Clause: OHKO moves are banned
|rule|Evasion Items Clause: Evasion items are banned
|rule|Evasion Moves Clause: Evasion moves are banned
|rule|Evasion Abilities Clause: Evasion abilities are banned
|rule|Sleep Moves Clause: Sleep-inducing moves are banned
|clearpoke
|poke|p1|Araquanid, F|
|poke|p1|Iron Valiant|
|poke|p1|Ceruledge, F|
|poke|p1|Deoxys-Speed|
|poke|p1|Gholdengo|
|poke|p1|Raging Bolt|
|poke|p2|Hoopa-Unbound|
|poke|p2|Landorus-Therian, M|
|poke|p2|Cinderace, M|
|poke|p2|Weezing-Galar, M|
|poke|p2|Rotom-Wash|
|poke|p2|Zamazenta-*|
|teampreview
|inactive|Battle timer is ON: inactive players will automatically lose when time's up. (requested by StarDio)
|inactive|dilf huntr also wants the timer to be on.
|
|t:|1781600033
|teamsize|p1|6
|teamsize|p2|6
|start
|switch|p1a: Araquanid|Araquanid, F|100/100
|switch|p2a: Rotom|Rotom-Wash|100/100
|turn|1
|
|t:|1781600036
|move|p2a: Rotom|Thunder Wave|p1a: Araquanid
|-status|p1a: Araquanid|par
|cant|p1a: Araquanid|par
|
|upkeep
|turn|2
|
|t:|1781600040
|move|p2a: Rotom|Volt Switch|p1a: Araquanid
|-supereffective|p1a: Araquanid
|-damage|p1a: Araquanid|70/100 par
|j| g4rewfewfdwed
|l| g4rewfewfdwed
|
|t:|1781600052
|switch|p2a: Landorus|Landorus-Therian, M|100/100|[from] Volt Switch
|-ability|p2a: Landorus|Intimidate|boost
|-unboost|p1a: Araquanid|atk|1
|move|p1a: Araquanid|Mirror Coat|p2a: Landorus
|-damage|p2a: Landorus|37/100
|
|upkeep
|turn|3
|
|t:|1781600061
|move|p2a: Landorus|Stone Edge|p1a: Araquanid|[miss]
|-miss|p2a: Landorus|p1a: Araquanid
|move|p1a: Araquanid|Surf|p2a: Landorus
|-supereffective|p2a: Landorus
|-damage|p2a: Landorus|0 fnt
|faint|p2a: Landorus
|
|upkeep
|
|t:|1781600065
|switch|p2a: Hoopa|Hoopa-Unbound|100/100
|turn|4
|
|t:|1781600073
|move|p2a: Hoopa|Knock Off|p1a: Araquanid
|-damage|p1a: Araquanid|11/100 par
|-enditem|p1a: Araquanid|Custap Berry|[from] move: Knock Off|[of] p2a: Hoopa
|move|p1a: Araquanid|Surf|p2a: Hoopa
|-damage|p2a: Hoopa|82/100
|
|upkeep
|turn|5
|
|t:|1781600078
|move|p2a: Hoopa|Knock Off|p1a: Araquanid
|-damage|p1a: Araquanid|0 fnt
|faint|p1a: Araquanid
|
|upkeep
|
|t:|1781600094
|switch|p1a: Iron Valiant|Iron Valiant|100/100
|-enditem|p1a: Iron Valiant|Booster Energy
|-activate|p1a: Iron Valiant|ability: Quark Drive|[fromitem]
|-start|p1a: Iron Valiant|quarkdrivespa
|turn|6
|
|t:|1781600096
|move|p1a: Iron Valiant|Moonblast|p2a: Hoopa
|-supereffective|p2a: Hoopa
|-damage|p2a: Hoopa|16/100
|move|p2a: Hoopa|Psychic Noise|p1a: Iron Valiant
|-supereffective|p1a: Iron Valiant
|-damage|p1a: Iron Valiant|0 fnt
|faint|p1a: Iron Valiant
|-end|p1a: Iron Valiant|Quark Drive|[silent]
|
|upkeep
|
|t:|1781600122
|switch|p1a: Ceruledge|Ceruledge, F|100/100
|turn|7
|
|t:|1781600127
|switch|p2a: Rotom|Rotom-Wash|100/100
|move|p1a: Ceruledge|Swords Dance|p1a: Ceruledge
|-boost|p1a: Ceruledge|atk|2
|
|upkeep
|turn|8
|
|t:|1781600133
|move|p1a: Ceruledge|Poltergeist|p2a: Rotom|[miss]
|-miss|p1a: Ceruledge|p2a: Rotom
|move|p2a: Rotom|Thunder Wave|p1a: Ceruledge
|-status|p1a: Ceruledge|par
|
|upkeep
|turn|9
|
|t:|1781600136
|move|p2a: Rotom|Volt Switch|p1a: Ceruledge
|-damage|p1a: Ceruledge|72/100 par
|
|t:|1781600137
|switch|p2a: Zamazenta|Zamazenta|100/100|[from] Volt Switch
|-ability|p2a: Zamazenta|Dauntless Shield|boost
|-boost|p2a: Zamazenta|def|1
|cant|p1a: Ceruledge|par
|
|upkeep
|turn|10
|
|t:|1781600141
|cant|p1a: Ceruledge|par
|move|p2a: Zamazenta|Roar|p1a: Ceruledge
|drag|p1a: Deoxys|Deoxys-Speed|100/100
|-ability|p1a: Deoxys|Pressure
|
|upkeep
|turn|11
|
|t:|1781600148
|switch|p2a: Hoopa|Hoopa-Unbound|16/100
|move|p1a: Deoxys|Psycho Boost|p2a: Hoopa
|-immune|p2a: Hoopa
|
|upkeep
|turn|12
|
|t:|1781600152
|switch|p2a: Rotom|Rotom-Wash|100/100
|move|p1a: Deoxys|Ice Beam|p2a: Rotom
|-resisted|p2a: Rotom
|-damage|p2a: Rotom|82/100
|-damage|p1a: Deoxys|91/100|[from] item: Life Orb
|
|-heal|p2a: Rotom|89/100|[from] item: Leftovers
|upkeep
|turn|13
|
|t:|1781600158
|move|p1a: Deoxys|Psycho Boost|p2a: Rotom
|-damage|p2a: Rotom|0 fnt
|-unboost|p1a: Deoxys|spa|2
|faint|p2a: Rotom
|-damage|p1a: Deoxys|81/100|[from] item: Life Orb
|
|upkeep
|
|t:|1781600162
|switch|p2a: Cinderace|Cinderace, M|100/100
|turn|14
|
|t:|1781600166
|switch|p1a: Ceruledge|Ceruledge, F|72/100 par
|move|p2a: Cinderace|U-turn|p1a: Ceruledge
|-start|p2a: Cinderace|typechange|Bug|[from] ability: Libero
|-resisted|p1a: Ceruledge
|-damage|p1a: Ceruledge|61/100 par
|-ability|p1a: Ceruledge|Weak Armor|boost
|-unboost|p1a: Ceruledge|def|1
|-boost|p1a: Ceruledge|spe|2
|
|t:|1781600169
|switch|p2a: Zamazenta|Zamazenta|100/100|[from] U-turn
|
|upkeep
|turn|15
|
|t:|1781600172
|move|p2a: Zamazenta|Crunch|p1a: Ceruledge
|-supereffective|p1a: Ceruledge
|-damage|p1a: Ceruledge|0 fnt
|faint|p1a: Ceruledge
|
|upkeep
|
|t:|1781600174
|switch|p1a: Deoxys|Deoxys-Speed|81/100
|-ability|p1a: Deoxys|Pressure
|turn|16
|
|t:|1781600180
|switch|p2a: Hoopa|Hoopa-Unbound|16/100
|move|p1a: Deoxys|Psycho Boost|p2a: Hoopa
|-immune|p2a: Hoopa
|
|upkeep
|turn|17
|
|t:|1781600183
|move|p1a: Deoxys|Ice Beam|p2a: Hoopa
|-damage|p2a: Hoopa|0 fnt
|faint|p2a: Hoopa
|-damage|p1a: Deoxys|71/100|[from] item: Life Orb
|
|upkeep
|
|t:|1781600184
|switch|p2a: Cinderace|Cinderace, M|100/100
|turn|18
|
|t:|1781600190
|move|p2a: Cinderace|Sucker Punch|p1a: Deoxys
|-start|p2a: Cinderace|typechange|Dark|[from] ability: Libero
|-supereffective|p1a: Deoxys
|-damage|p1a: Deoxys|0 fnt
|faint|p1a: Deoxys
|
|upkeep
|
|t:|1781600201
|switch|p1a: Raging Bolt|Raging Bolt|100/100
|-enditem|p1a: Raging Bolt|Booster Energy
|-activate|p1a: Raging Bolt|ability: Protosynthesis|[fromitem]
|-start|p1a: Raging Bolt|protosynthesisspa
|turn|19
|
|t:|1781600204
|move|p2a: Cinderace|U-turn|p1a: Raging Bolt
|-damage|p1a: Raging Bolt|80/100
|
|t:|1781600205
|switch|p2a: Weezing|Weezing-Galar, M|100/100|[from] U-turn
|-ability|p2a: Weezing|Neutralizing Gas
|move|p1a: Raging Bolt|Calm Mind|p1a: Raging Bolt
|-boost|p1a: Raging Bolt|spa|1
|-boost|p1a: Raging Bolt|spd|1
|
|upkeep
|turn|20
|
|t:|1781600209
|move|p1a: Raging Bolt|Thunderbolt|p2a: Weezing
|-damage|p2a: Weezing|0 fnt
|faint|p2a: Weezing
|-end|p2a: Weezing|ability: Neutralizing Gas
|
|upkeep
|
|t:|1781600211
|switch|p2a: Zamazenta|Zamazenta|100/100
|turn|21
|
|t:|1781600214
|move|p1a: Raging Bolt|Draco Meteor|p2a: Zamazenta
|-damage|p2a: Zamazenta|0 fnt
|-unboost|p1a: Raging Bolt|spa|2
|faint|p2a: Zamazenta
|
|upkeep
|
|t:|1781600217
|switch|p2a: Cinderace|Cinderace, M|100/100
|turn|22
|
|t:|1781600220
|-terastallize|p2a: Cinderace|Fire
|move|p2a: Cinderace|Pyro Ball|p1a: Raging Bolt
|-resisted|p1a: Raging Bolt
|-damage|p1a: Raging Bolt|45/100
|move|p1a: Raging Bolt|Draco Meteor|p2a: Cinderace
|-damage|p2a: Cinderace|10/100
|-unboost|p1a: Raging Bolt|spa|2
|
|upkeep
|turn|23
|
|t:|1781600229
|move|p2a: Cinderace|Sucker Punch|p1a: Raging Bolt
|-damage|p1a: Raging Bolt|27/100
|move|p1a: Raging Bolt|Thunderbolt|p2a: Cinderace
|-crit|p2a: Cinderace
|-damage|p2a: Cinderace|0 fnt
|faint|p2a: Cinderace
|
|win|dilf huntr
|raw|dilf huntr's rating: 1695 &rarr; <strong>1719</strong><br />(+24 for winning)
|raw|StarDio's rating: 1759 &rarr; <strong>1735</strong><br />(-24 for losing)
|l|☆StarDio
|player|p2|
|l|☆dilf huntr
|player|p1|
