|j|☆abGodc
|j|☆Veryverymoist
|t:|1781062744
|gametype|singles
|player|p1|abGodc|iris-gen5bw2|1711
|player|p2|Veryverymoist|youngster-gen4dp|1646
|gen|9
|tier|[Gen 9] OU
|rated|
|rule|HP Percentage Mod: HP is shown in percentages
|rule|Endless Battle Clause: Forcing endless battles is banned
|rule|Species Clause: Limit one of each Pokémon
|rule|OHKO Clause: OHKO moves are banned
|rule|Evasion Items Clause: Evasion items are banned
|rule|Evasion Moves Clause: Evasion moves are banned
|rule|Evasion Abilities Clause: Evasion abilities are banned
|rule|Sleep Moves Clause: Sleep-inducing moves are banned
|clearpoke
|poke|p1|Ting-Lu|
|poke|p1|Slowking-Galar, M|
|poke|p1|Corviknight, M|
|poke|p1|Cinderace, M|
|poke|p1|Ogerpon-Wellspring, F|
|poke|p1|Raging Bolt|
|poke|p2|Cloyster, F|
|poke|p2|Polteageist|
|poke|p2|Maushold|
|poke|p2|Dragonite, F|
|poke|p2|Kommo-o, F|
|poke|p2|Tornadus-Therian, M|
|teampreview
|inactive|Battle timer is ON: inactive players will automatically lose when time's up. (requested by abGodc)
|
|t:|1781062761
|teamsize|p1|6
|teamsize|p2|6
|start
|switch|p1a: Raging Bolt|Raging Bolt|100/100
|switch|p2a: Polteageist|Polteageist|100/100
|turn|1
|
|t:|1781062769
|move|p2a: Polteageist|Shell Smash|p2a: Polteageist
|-unboost|p2a: Polteageist|def|1
|-unboost|p2a: Polteageist|spd|1
|-boost|p2a: Polteageist|atk|2
|-boost|p2a: Polteageist|spa|2
|-boost|p2a: Polteageist|spe|2
|move|p1a: Raging Bolt|Volt Switch|p2a: Polteageist
|-enditem|p2a: Polteageist|Focus Sash
|-damage|p2a: Polteageist|1/100
|
|t:|1781062771
|-end|p1a: Raging Bolt|Protosynthesis|[silent]
|switch|p1a: Cinderace|Cinderace, M|100/100|[from] Volt Switch
|
|upkeep
|turn|2
|
|t:|1781062774
|move|p2a: Polteageist|Will-O-Wisp|p1a: Cinderace
|-immune|p1a: Cinderace
|move|p1a: Cinderace|U-turn|p2a: Polteageist
|-start|p1a: Cinderace|typechange|Bug|[from] ability: Libero
|-resisted|p2a: Polteageist
|-damage|p2a: Polteageist|0 fnt
|faint|p2a: Polteageist
|
|t:|1781062778
|switch|p1a: Raging Bolt|Raging Bolt|100/100|[from] U-turn
|
|upkeep
|
|t:|1781062783
|switch|p2a: Maushold|Maushold|100/100
|turn|3
|
|t:|1781062785
|move|p2a: Maushold|Tidy Up|p2a: Maushold
|-boost|p2a: Maushold|atk|1
|-boost|p2a: Maushold|spe|1
|move|p1a: Raging Bolt|Volt Switch|p2a: Maushold
|-damage|p2a: Maushold|13/100
|
|t:|1781062788
|-end|p1a: Raging Bolt|Protosynthesis|[silent]
|switch|p1a: Corviknight|Corviknight, M|100/100|[from] Volt Switch
|-ability|p1a: Corviknight|Pressure
|
|upkeep
|turn|4
|
|t:|1781062790
|move|p2a: Maushold|Population Bomb|p1a: Corviknight
|-resisted|p1a: Corviknight
|-damage|p1a: Corviknight|95/100
|-damage|p2a: Maushold|0 fnt|[from] item: Rocky Helmet|[of] p1a: Corviknight
|faint|p2a: Maushold
|-hitcount|p1a: Corviknight|1
|move|p1a: Corviknight|Roost|p1a: Corviknight
|-heal|p1a: Corviknight|100/100
|-singleturn|p1a: Corviknight|move: Roost
|
|upkeep
|
|t:|1781062796
|switch|p2a: Dragonite|Dragonite, F|100/100
|turn|5
|
|t:|1781062798
|move|p2a: Dragonite|Dragon Dance|p2a: Dragonite
|-boost|p2a: Dragonite|atk|1
|-boost|p2a: Dragonite|spe|1
|move|p1a: Corviknight|U-turn|p2a: Dragonite
|-resisted|p2a: Dragonite
|-damage|p2a: Dragonite|96/100
|
|t:|1781062800
|switch|p1a: Slowking|Slowking-Galar, M|100/100|[from] U-turn
|
|upkeep
|turn|6
|
|t:|1781062804
|move|p2a: Dragonite|Scale Shot|p1a: Slowking
|-damage|p1a: Slowking|83/100
|-damage|p1a: Slowking|69/100
|-damage|p1a: Slowking|54/100
|-damage|p1a: Slowking|37/100
|-hitcount|p1a: Slowking|4
|-unboost|p2a: Dragonite|def|1
|-boost|p2a: Dragonite|spe|1
|move|p1a: Slowking|Ice Beam|p2a: Dragonite
|-supereffective|p2a: Dragonite
|-damage|p2a: Dragonite|4/100
|
|upkeep
|turn|7
|
|t:|1781062808
|switch|p1a: Corviknight|Corviknight, M|100/100
|-ability|p1a: Corviknight|Pressure
|move|p2a: Dragonite|Scale Shot|p1a: Corviknight
|-resisted|p1a: Corviknight
|-damage|p1a: Corviknight|94/100
|-resisted|p1a: Corviknight
|-damage|p1a: Corviknight|88/100
|-resisted|p1a: Corviknight
|-damage|p1a: Corviknight|82/100
|-resisted|p1a: Corviknight
|-damage|p1a: Corviknight|75/100
|-hitcount|p1a: Corviknight|4
|-unboost|p2a: Dragonite|def|1
|-boost|p2a: Dragonite|spe|1
|
|upkeep
|turn|8
|
|t:|1781062811
|move|p2a: Dragonite|Scale Shot|p1a: Corviknight
|-resisted|p1a: Corviknight
|-crit|p1a: Corviknight
|-damage|p1a: Corviknight|65/100
|-resisted|p1a: Corviknight
|-damage|p1a: Corviknight|59/100
|-resisted|p1a: Corviknight
|-damage|p1a: Corviknight|53/100
|-resisted|p1a: Corviknight
|-damage|p1a: Corviknight|46/100
|-hitcount|p1a: Corviknight|4
|-unboost|p2a: Dragonite|def|1
|-boost|p2a: Dragonite|spe|1
|move|p1a: Corviknight|U-turn|p2a: Dragonite
|-resisted|p2a: Dragonite
|-damage|p2a: Dragonite|0 fnt
|faint|p2a: Dragonite
|
|t:|1781062816
|switch|p1a: Raging Bolt|Raging Bolt|100/100|[from] U-turn
|
|upkeep
|
|t:|1781062830
|switch|p2a: Cloyster|Cloyster, F|100/100
|turn|9
|
|t:|1781062833
|-terastallize|p2a: Cloyster|Ground
|move|p2a: Cloyster|Shell Smash|p2a: Cloyster
|-unboost|p2a: Cloyster|def|1
|-unboost|p2a: Cloyster|spd|1
|-boost|p2a: Cloyster|atk|2
|-boost|p2a: Cloyster|spa|2
|-boost|p2a: Cloyster|spe|2
|move|p1a: Raging Bolt|Volt Switch|p2a: Cloyster
|-immune|p2a: Cloyster
|
|upkeep
|turn|10
|
|t:|1781062836
|-end|p1a: Raging Bolt|Protosynthesis|[silent]
|switch|p1a: Corviknight|Corviknight, M|46/100
|-ability|p1a: Corviknight|Pressure
|move|p2a: Cloyster|Shell Smash|p2a: Cloyster
|-unboost|p2a: Cloyster|def|1
|-unboost|p2a: Cloyster|spd|1
|-boost|p2a: Cloyster|atk|2
|-boost|p2a: Cloyster|spa|2
|-boost|p2a: Cloyster|spe|2
|
|upkeep
|turn|11
|
|t:|1781062839
|move|p2a: Cloyster|Icicle Spear|p1a: Corviknight
|-damage|p1a: Corviknight|25/100
|-damage|p1a: Corviknight|2/100
|-damage|p1a: Corviknight|0 fnt
|faint|p1a: Corviknight
|-hitcount|p1: Corviknight|3
|
|upkeep
|
|t:|1781062844
|switch|p1a: Cinderace|Cinderace, M|100/100
|turn|12
|
|t:|1781062845
|move|p1a: Cinderace|Sucker Punch|p2a: Cloyster
|-start|p1a: Cinderace|typechange|Dark|[from] ability: Libero
|-damage|p2a: Cloyster|41/100
|move|p2a: Cloyster|Icicle Spear|p1a: Cinderace
|-damage|p1a: Cinderace|52/100
|-damage|p1a: Cinderace|0 fnt
|faint|p1a: Cinderace
|-hitcount|p1: Cinderace|2
|
|upkeep
|
|t:|1781062849
|switch|p1a: Ting-Lu|Ting-Lu|100/100
|-ability|p1a: Ting-Lu|Vessel of Ruin
|turn|13
|
|t:|1781062850
|-terastallize|p1a: Ting-Lu|Fairy
|move|p2a: Cloyster|Icicle Spear|p1a: Ting-Lu
|-crit|p1a: Ting-Lu
|-damage|p1a: Ting-Lu|74/100
|-damage|p1a: Ting-Lu|55/100
|-damage|p1a: Ting-Lu|38/100
|-damage|p1a: Ting-Lu|19/100
|-damage|p1a: Ting-Lu|0 fnt
|faint|p1a: Ting-Lu
|-hitcount|p1: Ting-Lu|5
|
|upkeep
|c|☆Veryverymoist|Wrecked
|c|☆abGodc|Bruh
|c|☆Veryverymoist|ez
|c|☆abGodc|me when I crit
|
|t:|1781062870
|switch|p1a: Ogerpon|Ogerpon-Wellspring, F|100/100
|turn|14
|-message|abGodc forfeited.
|
|win|Veryverymoist
|raw|abGodc's rating: 1711 &rarr; <strong>1687</strong><br />(-24 for losing)
|raw|Veryverymoist's rating: 1646 &rarr; <strong>1670</strong><br />(+24 for winning)
|l|☆abGodc
|player|p1|
|j|☆abGodc
|player|p1|abGodc|iris-gen5bw2|
