|j|☆KurisuChestnutOU
|j|☆mastersannin
|t:|1781177031
|gametype|singles
|player|p1|KurisuChestnutOU|may-contest|1523
|player|p2|mastersannin|2|1515
|gen|9
|tier|[Gen 9] OU
|rated|
|rule|HP Percentage Mod: HP is shown in percentages
|rule|Endless Battle Clause: Forcing endless battles is banned
|rule|Species Clause: Limit one of each Pokémon
|rule|OHKO Clause: OHKO moves are banned
|rule|Evasion Items Clause: Evasion items are banned
|rule|Evasion Moves Clause: Evasion moves are banned
|rule|Evasion Abilities Clause: Evasion abilities are banned
|rule|Sleep Moves Clause: Sleep-inducing moves are banned
|clearpoke
|poke|p1|Hawlucha, F|
|poke|p1|Samurott-Hisui, F|
|poke|p1|Rillaboom, F|
|poke|p1|Gholdengo|
|poke|p1|Kyurem|
|poke|p1|Landorus-Therian, M|
|poke|p2|Samurott-Hisui, F|
|poke|p2|Zapdos|
|poke|p2|Iron Treads|
|poke|p2|Ceruledge, M|
|poke|p2|Gholdengo|
|poke|p2|Kingambit, M|
|teampreview
|inactive|Battle timer is ON: inactive players will automatically lose when time's up. (requested by mastersannin)
|inactive|KurisuChestnutOU also wants the timer to be on.
|
|t:|1781177051
|teamsize|p1|6
|teamsize|p2|6
|start
|switch|p1a: Landorus|Landorus-Therian, M|100/100
|switch|p2a: Zapdos|Zapdos|100/100
|-ability|p1a: Landorus|Intimidate|boost
|-unboost|p2a: Zapdos|atk|1
|turn|1
|
|t:|1781177057
|move|p1a: Landorus|Stealth Rock|p2a: Zapdos
|-sidestart|p2: mastersannin|move: Stealth Rock
|move|p2a: Zapdos|Hurricane|p1a: Landorus
|-damage|p1a: Landorus|54/100
|-start|p1a: Landorus|confusion
|
|upkeep
|turn|2
|
|t:|1781177069
|switch|p1a: Kyurem|Kyurem|100/100
|-ability|p1a: Kyurem|Pressure
|move|p2a: Zapdos|Thunder Wave|p1a: Kyurem
|-status|p1a: Kyurem|par
|
|upkeep
|turn|3
|
|t:|1781177080
|move|p2a: Zapdos|Volt Switch|p1a: Kyurem
|-resisted|p1a: Kyurem
|-damage|p1a: Kyurem|92/100 par
|
|t:|1781177083
|switch|p2a: Samurott|Samurott-Hisui, F|100/100|[from] Volt Switch
|-damage|p2a: Samurott|88/100|[from] Stealth Rock
|move|p1a: Kyurem|Ice Beam|p2a: Samurott
|-resisted|p2a: Samurott
|-damage|p2a: Samurott|70/100
|
|upkeep
|turn|4
|
|t:|1781177092
|switch|p1a: Landorus|Landorus-Therian, M|54/100
|-ability|p1a: Landorus|Intimidate|boost
|-unboost|p2a: Samurott|atk|1
|move|p2a: Samurott|Ceaseless Edge|p1a: Landorus
|-damage|p1a: Landorus|27/100
|-damage|p2a: Samurott|54/100|[from] item: Rocky Helmet|[of] p1a: Landorus
|-sidestart|p1: KurisuChestnutOU|Spikes
|
|upkeep
|turn|5
|
|t:|1781177107
|move|p1a: Landorus|U-turn|p2a: Samurott
|-supereffective|p2a: Samurott
|-damage|p2a: Samurott|12/100
|
|t:|1781177113
|switch|p1a: Rillaboom|Rillaboom, F|100/100|[from] U-turn
|-damage|p1a: Rillaboom|88/100|[from] Spikes
|-fieldstart|move: Grassy Terrain|[from] ability: Grassy Surge|[of] p1a: Rillaboom
|move|p2a: Samurott|Ceaseless Edge|p1a: Rillaboom
|-damage|p1a: Rillaboom|61/100
|-sidestart|p1: KurisuChestnutOU|Spikes
|
|-heal|p1a: Rillaboom|67/100|[from] Grassy Terrain
|-heal|p2a: Samurott|18/100|[from] Grassy Terrain
|upkeep
|turn|6
|j| yuureisuisei
|
|t:|1781177129
|move|p2a: Samurott|Sucker Punch||[still]
|-fail|p2a: Samurott
|move|p1a: Rillaboom|Swords Dance|p1a: Rillaboom
|-boost|p1a: Rillaboom|atk|2
|
|-heal|p1a: Rillaboom|74/100|[from] Grassy Terrain
|-heal|p2a: Samurott|24/100|[from] Grassy Terrain
|upkeep
|turn|7
|
|t:|1781177136
|move|p1a: Rillaboom|Swords Dance|p1a: Rillaboom
|-boost|p1a: Rillaboom|atk|2
|move|p2a: Samurott|Ceaseless Edge|p1a: Rillaboom
|-damage|p1a: Rillaboom|45/100
|-sidestart|p1: KurisuChestnutOU|Spikes
|
|-heal|p1a: Rillaboom|51/100|[from] Grassy Terrain
|-heal|p2a: Samurott|30/100|[from] Grassy Terrain
|upkeep
|turn|8
|
|t:|1781177146
|move|p1a: Rillaboom|Grassy Glide|p2a: Samurott
|-supereffective|p2a: Samurott
|-damage|p2a: Samurott|0 fnt
|faint|p2a: Samurott
|
|-heal|p1a: Rillaboom|57/100|[from] Grassy Terrain
|upkeep
|
|t:|1781177153
|switch|p2a: Zapdos|Zapdos|100/100
|turn|9
|
|t:|1781177156
|move|p1a: Rillaboom|Knock Off|p2a: Zapdos
|-damage|p2a: Zapdos|26/100
|-enditem|p2a: Zapdos|Heavy-Duty Boots|[from] move: Knock Off|[of] p1a: Rillaboom
|move|p2a: Zapdos|Hurricane|p1a: Rillaboom|[miss]
|-miss|p2a: Zapdos|p1a: Rillaboom
|
|-heal|p1a: Rillaboom|64/100|[from] Grassy Terrain
|-fieldend|move: Grassy Terrain
|upkeep
|turn|10
|
|t:|1781177164
|move|p1a: Rillaboom|Knock Off|p2a: Zapdos
|-damage|p2a: Zapdos|0 fnt
|-status|p1a: Rillaboom|par|[from] ability: Static|[of] p2a: Zapdos
|-enditem|p1a: Rillaboom|Lum Berry|[eat]
|-curestatus|p1a: Rillaboom|par|[msg]
|faint|p2a: Zapdos
|
|upkeep
|
|t:|1781177170
|switch|p2a: Kingambit|Kingambit, M|100/100
|-damage|p2a: Kingambit|94/100|[from] Stealth Rock
|-activate|p2a: Kingambit|ability: Supreme Overlord
|-start|p2a: Kingambit|fallen2|[silent]
|turn|11
|
|t:|1781177177
|move|p1a: Rillaboom|Wood Hammer|p2a: Kingambit
|-resisted|p2a: Kingambit
|-damage|p2a: Kingambit|16/100
|-damage|p1a: Rillaboom|40/100|[from] Recoil
|move|p2a: Kingambit|Iron Head|p1a: Rillaboom
|-damage|p1a: Rillaboom|0 fnt
|faint|p1a: Rillaboom
|
|-heal|p2a: Kingambit|22/100|[from] item: Leftovers
|upkeep
|
|t:|1781177181
|switch|p1a: Samurott|Samurott-Hisui, F|100/100
|-damage|p1a: Samurott|76/100|[from] Spikes
|turn|12
|
|t:|1781177186
|move|p1a: Samurott|Ceaseless Edge|p2a: Kingambit
|-resisted|p2a: Kingambit
|-damage|p2a: Kingambit|4/100
|-sidestart|p2: mastersannin|Spikes
|move|p2a: Kingambit|Low Kick|p1a: Samurott
|-supereffective|p1a: Samurott
|-damage|p1a: Samurott|0 fnt
|faint|p1a: Samurott
|
|-heal|p2a: Kingambit|10/100|[from] item: Leftovers
|upkeep
|
|t:|1781177191
|switch|p1a: Landorus|Landorus-Therian, M|27/100
|-ability|p1a: Landorus|Intimidate|boost
|-unboost|p2a: Kingambit|atk|1
|turn|13
|
|t:|1781177195
|move|p2a: Kingambit|Sucker Punch|p1a: Landorus
|-damage|p1a: Landorus|0 fnt
|-damage|p2a: Kingambit|0 fnt|[from] item: Rocky Helmet|[of] p1a: Landorus
|faint|p1a: Landorus
|faint|p2a: Kingambit
|-end|p2a: Kingambit|fallen2|[silent]
|
|upkeep
|
|t:|1781177202
|switch|p1a: Kyurem|Kyurem|92/100 par
|switch|p2a: Iron Treads|Iron Treads|100/100
|-damage|p2a: Iron Treads|97/100|[from] Stealth Rock
|-damage|p2a: Iron Treads|85/100|[from] Spikes
|-damage|p1a: Kyurem|67/100 par|[from] Spikes
|-ability|p1a: Kyurem|Pressure
|turn|14
|
|t:|1781177207
|move|p2a: Iron Treads|Rapid Spin|p1a: Kyurem
|-damage|p1a: Kyurem|52/100 par
|-boost|p2a: Iron Treads|spe|1
|-sideend|p2: mastersannin|Spikes|[from] move: Rapid Spin|[of] p2a: Iron Treads
|-sideend|p2: mastersannin|Stealth Rock|[from] move: Rapid Spin|[of] p2a: Iron Treads
|move|p1a: Kyurem|Earth Power|p2a: Iron Treads
|-supereffective|p2a: Iron Treads
|-damage|p2a: Iron Treads|0 fnt
|faint|p2a: Iron Treads
|-end|p2a: Iron Treads|Quark Drive|[silent]
|
|upkeep
|
|t:|1781177213
|switch|p2a: Gholdengo|Gholdengo|100/100
|-item|p2a: Gholdengo|Air Balloon
|turn|15
|
|t:|1781177218
|move|p2a: Gholdengo|Hex|p1a: Kyurem
|-damage|p1a: Kyurem|18/100 par
|move|p1a: Kyurem|Ice Beam|p2a: Gholdengo
|-resisted|p2a: Gholdengo
|-damage|p2a: Gholdengo|79/100
|-enditem|p2a: Gholdengo|Air Balloon
|
|upkeep
|turn|16
|
|t:|1781177224
|move|p2a: Gholdengo|Hex|p1a: Kyurem
|-damage|p1a: Kyurem|0 fnt
|faint|p1a: Kyurem
|
|upkeep
|
|t:|1781177230
|switch|p1a: Gholdengo|Gholdengo|100/100
|-damage|p1a: Gholdengo|76/100|[from] Spikes
|turn|17
|
|t:|1781177237
|-terastallize|p1a: Gholdengo|Steel
|move|p1a: Gholdengo|Make It Rain|p2a: Gholdengo
|-resisted|p2a: Gholdengo
|-damage|p2a: Gholdengo|37/100
|-unboost|p1a: Gholdengo|spa|1
|move|p2a: Gholdengo|Hex|p1a: Gholdengo
|-damage|p1a: Gholdengo|44/100
|
|upkeep
|turn|18
|
|t:|1781177243
|switch|p1a: Hawlucha|Hawlucha, F|100/100
|move|p2a: Gholdengo|Recover|p2a: Gholdengo
|-heal|p2a: Gholdengo|87/100
|
|upkeep
|turn|19
|
|t:|1781177247
|move|p1a: Hawlucha|Acrobatics|p2a: Gholdengo
|-resisted|p2a: Gholdengo
|-damage|p2a: Gholdengo|79/100
|move|p2a: Gholdengo|Thunder Wave|p1a: Hawlucha|[miss]
|-miss|p2a: Gholdengo|p1a: Hawlucha
|
|upkeep
|turn|20
|
|t:|1781177255
|move|p1a: Hawlucha|Swords Dance|p1a: Hawlucha
|-boost|p1a: Hawlucha|atk|2
|move|p2a: Gholdengo|Hex|p1a: Hawlucha
|-damage|p1a: Hawlucha|62/100
|
|upkeep
|turn|21
|
|t:|1781177258
|move|p1a: Hawlucha|Roost|p1a: Hawlucha
|-heal|p1a: Hawlucha|100/100
|-singleturn|p1a: Hawlucha|move: Roost
|move|p2a: Gholdengo|Thunder Wave|p1a: Hawlucha
|-status|p1a: Hawlucha|par
|
|upkeep
|turn|22
|
|t:|1781177263
|move|p2a: Gholdengo|Hex|p1a: Hawlucha
|-damage|p1a: Hawlucha|12/100 par
|move|p1a: Hawlucha|Acrobatics|p2a: Gholdengo
|-resisted|p2a: Gholdengo
|-damage|p2a: Gholdengo|62/100
|
|upkeep
|turn|23
|
|t:|1781177271
|move|p2a: Gholdengo|Hex|p1a: Hawlucha
|-damage|p1a: Hawlucha|0 fnt
|faint|p1a: Hawlucha
|
|upkeep
|
|t:|1781177274
|switch|p1a: Gholdengo|Gholdengo, tera:Steel|44/100
|-damage|p1a: Gholdengo|20/100|[from] Spikes
|turn|24
|
|t:|1781177278
|move|p1a: Gholdengo|Recover|p1a: Gholdengo
|-heal|p1a: Gholdengo|70/100
|move|p2a: Gholdengo|Hex|p1a: Gholdengo
|-damage|p1a: Gholdengo|38/100
|
|upkeep
|turn|25
|
|t:|1781177283
|move|p1a: Gholdengo|Recover|p1a: Gholdengo
|-heal|p1a: Gholdengo|88/100
|move|p2a: Gholdengo|Recover|p2a: Gholdengo
|-heal|p2a: Gholdengo|100/100
|
|upkeep
|turn|26
|
|t:|1781177288
|move|p1a: Gholdengo|Recover|p1a: Gholdengo
|-heal|p1a: Gholdengo|100/100
|move|p2a: Gholdengo|Focus Blast|p1a: Gholdengo
|-supereffective|p1a: Gholdengo
|-damage|p1a: Gholdengo|25/100
|
|upkeep
|turn|27
|
|t:|1781177295
|move|p1a: Gholdengo|Recover|p1a: Gholdengo
|-heal|p1a: Gholdengo|75/100
|move|p2a: Gholdengo|Focus Blast|p1a: Gholdengo
|-supereffective|p1a: Gholdengo
|-damage|p1a: Gholdengo|0 fnt
|faint|p1a: Gholdengo
|
|win|mastersannin
|raw|KurisuChestnutOU's rating: 1560 &rarr; <strong>1537</strong><br />(-23 for losing)
|raw|mastersannin's rating: 1515 &rarr; <strong>1538</strong><br />(+23 for winning)
