|j|☆azerbatts
|j|☆qingshou
|t:|1781514454
|gametype|singles
|player|p1|azerbatts|2|1535
|player|p2|qingshou|hilbert|1502
|gen|9
|tier|[Gen 9] OU
|rated|
|rule|HP Percentage Mod: HP is shown in percentages
|rule|Endless Battle Clause: Forcing endless battles is banned
|rule|Species Clause: Limit one of each Pokémon
|rule|OHKO Clause: OHKO moves are banned
|rule|Evasion Items Clause: Evasion items are banned
|rule|Evasion Moves Clause: Evasion moves are banned
|rule|Evasion Abilities Clause: Evasion abilities are banned
|rule|Sleep Moves Clause: Sleep-inducing moves are banned
|clearpoke
|poke|p1|Latios, M|
|poke|p1|Weavile, F|
|poke|p1|Cinderace, F|
|poke|p1|Slowking-Galar, M|
|poke|p1|Zapdos|
|poke|p1|Great Tusk|
|poke|p2|Samurott-Hisui, F|
|poke|p2|Dragapult, F|
|poke|p2|Slowking-Galar, F|
|poke|p2|Ogerpon-Wellspring, F|
|poke|p2|Iron Treads|
|poke|p2|Moltres|
|teampreview
|inactive|Battle timer is ON: inactive players will automatically lose when time's up. (requested by qingshou)
|
|t:|1781514480
|teamsize|p1|6
|teamsize|p2|6
|start
|switch|p1a: Weavile|Weavile, F|100/100
|switch|p2a: Dragapult|Dragapult, F|100/100
|turn|1
|
|t:|1781514485
|move|p2a: Dragapult|U-turn|p1a: Weavile
|-supereffective|p1a: Weavile
|-damage|p1a: Weavile|44/100
|
|t:|1781514487
|switch|p2a: Moltres|Moltres|100/100|[from] U-turn
|move|p1a: Weavile|Knock Off|p2a: Moltres
|-damage|p2a: Moltres|67/100
|-enditem|p2a: Moltres|Heavy-Duty Boots|[from] move: Knock Off|[of] p1a: Weavile
|
|upkeep
|turn|2
|
|t:|1781514492
|switch|p1a: Slowking|Slowking-Galar, M|100/100
|move|p2a: Moltres|Roost|p2a: Moltres
|-heal|p2a: Moltres|100/100
|-singleturn|p2a: Moltres|move: Roost
|
|upkeep
|turn|3
|
|t:|1781514498
|move|p2a: Moltres|U-turn|p1a: Slowking
|-damage|p1a: Slowking|86/100
|
|t:|1781514500
|switch|p2a: Iron Treads|Iron Treads|100/100|[from] U-turn
|move|p1a: Slowking|Flamethrower|p2a: Iron Treads
|-supereffective|p2a: Iron Treads
|-damage|p2a: Iron Treads|57/100
|
|-heal|p2a: Iron Treads|64/100|[from] item: Leftovers
|upkeep
|turn|4
|
|t:|1781514504
|switch|p1a: Zapdos|Zapdos|100/100
|move|p2a: Iron Treads|Stealth Rock|p1a: Zapdos
|-sidestart|p1: azerbatts|move: Stealth Rock
|
|-heal|p2a: Iron Treads|70/100|[from] item: Leftovers
|upkeep
|turn|5
|
|t:|1781514507
|-end|p2a: Iron Treads|Quark Drive|[silent]
|switch|p2a: 叹息之墙|Slowking-Galar, F|100/100
|move|p1a: Zapdos|U-turn|p2a: 叹息之墙
|-damage|p2a: 叹息之墙|86/100
|
|t:|1781514511
|switch|p1a: Great Tusk|Great Tusk|100/100|[from] U-turn
|
|upkeep
|turn|6
|
|t:|1781514514
|switch|p2a: Moltres|Moltres|100/100
|move|p1a: Great Tusk|Stealth Rock|p2a: Moltres
|-sidestart|p2: qingshou|move: Stealth Rock
|
|upkeep
|turn|7
|
|t:|1781514519
|-end|p1a: Great Tusk|Protosynthesis|[silent]
|switch|p1a: Slowking|Slowking-Galar, M|100/100
|-damage|p1a: Slowking|88/100|[from] Stealth Rock
|move|p2a: Moltres|Hurricane|p1a: Slowking|[miss]
|-miss|p2a: Moltres|p1a: Slowking
|
|upkeep
|turn|8
|
|t:|1781514525
|move|p2a: Moltres|U-turn|p1a: Slowking
|-damage|p1a: Slowking|72/100
|
|t:|1781514527
|switch|p2a: Iron Treads|Iron Treads|70/100|[from] U-turn
|-damage|p2a: Iron Treads|67/100|[from] Stealth Rock
|move|p1a: Slowking|Flamethrower|p2a: Iron Treads
|-supereffective|p2a: Iron Treads
|-damage|p2a: Iron Treads|27/100
|
|-heal|p2a: Iron Treads|33/100|[from] item: Leftovers
|upkeep
|turn|9
|
|t:|1781514530
|switch|p1a: Zapdos|Zapdos|100/100
|move|p2a: Iron Treads|Rapid Spin|p1a: Zapdos
|-damage|p1a: Zapdos|91/100
|-boost|p2a: Iron Treads|spe|1
|-sideend|p2: qingshou|Stealth Rock|[from] move: Rapid Spin|[of] p2a: Iron Treads
|
|-heal|p2a: Iron Treads|39/100|[from] item: Leftovers
|upkeep
|turn|10
|
|t:|1781514534
|-end|p2a: Iron Treads|Quark Drive|[silent]
|switch|p2a: 叹息之墙|Slowking-Galar, F|100/100
|move|p1a: Zapdos|Heat Wave|p2a: 叹息之墙|[miss]
|-miss|p1a: Zapdos|p2a: 叹息之墙
|
|upkeep
|turn|11
|
|t:|1781514537
|move|p1a: Zapdos|U-turn|p2a: 叹息之墙
|-crit|p2a: 叹息之墙
|-damage|p2a: 叹息之墙|81/100
|
|t:|1781514538
|switch|p1a: Great Tusk|Great Tusk|100/100|[from] U-turn
|-prepare|p2a: 叹息之墙|Chilly Reception|[premajor]
|move|p2a: 叹息之墙|Chilly Reception|p2a: 叹息之墙
|-weather|Snowscape
|
|t:|1781514541
|switch|p2a: Ogerpon|Ogerpon-Wellspring, F|100/100|[from] Chilly Reception
|
|-weather|Snowscape|[upkeep]
|upkeep
|turn|12
|
|t:|1781514556
|-terastallize|p1a: Great Tusk|Poison
|move|p2a: Ogerpon|Ivy Cudgel|p1a: Great Tusk|[anim] Ivy Cudgel Water
|-damage|p1a: Great Tusk|54/100
|move|p1a: Great Tusk|Rapid Spin|p2a: Ogerpon
|-damage|p2a: Ogerpon|78/100
|-boost|p1a: Great Tusk|spe|1
|-sideend|p1: azerbatts|Stealth Rock|[from] move: Rapid Spin|[of] p1a: Great Tusk
|
|-weather|Snowscape|[upkeep]
|upkeep
|turn|13
|
|t:|1781514568
|move|p1a: Great Tusk|Close Combat|p2a: Ogerpon
|-damage|p2a: Ogerpon|0 fnt
|-unboost|p1a: Great Tusk|def|1
|-unboost|p1a: Great Tusk|spd|1
|faint|p2a: Ogerpon
|
|-weather|Snowscape|[upkeep]
|upkeep
|
|t:|1781514573
|switch|p2a: Moltres|Moltres|100/100
|turn|14
|
|t:|1781514579
|-end|p1a: Great Tusk|Protosynthesis|[silent]
|switch|p1a: Slowking|Slowking-Galar, M|100/100
|move|p2a: Moltres|Flamethrower|p1a: Slowking
|-damage|p1a: Slowking|86/100
|
|-weather|Snowscape|[upkeep]
|upkeep
|turn|15
|
|t:|1781514581
|move|p2a: Moltres|U-turn|p1a: Slowking
|-damage|p1a: Slowking|70/100
|
|t:|1781514583
|switch|p2a: 叹息之墙|Slowking-Galar, F|100/100|[from] U-turn
|move|p1a: Slowking|Future Sight|p2a: 叹息之墙
|-start|p1a: Slowking|move: Future Sight
|
|-weather|none
|upkeep
|turn|16
|
|t:|1781514587
|move|p1a: Slowking|Sludge Bomb|p2a: 叹息之墙
|-resisted|p2a: 叹息之墙
|-damage|p2a: 叹息之墙|90/100
|-prepare|p2a: 叹息之墙|Chilly Reception|[premajor]
|move|p2a: 叹息之墙|Chilly Reception|p2a: 叹息之墙
|-weather|Snowscape
|
|t:|1781514589
|switch|p2a: 一剑，足矣|Samurott-Hisui, F, shiny|100/100|[from] Chilly Reception
|
|-weather|Snowscape|[upkeep]
|upkeep
|turn|17
|
|t:|1781514595
|switch|p1a: Zapdos|Zapdos|91/100
|move|p2a: 一剑，足矣|Aqua Cutter|p1a: Zapdos
|-damage|p1a: Zapdos|37/100
|
|-weather|Snowscape|[upkeep]
|-end|p2a: 一剑，足矣|move: Future Sight
|-immune|p2a: 一剑，足矣
|upkeep
|turn|18
|
|t:|1781514603
|move|p2a: 一剑，足矣|Aqua Cutter|p1a: Zapdos
|-damage|p1a: Zapdos|0 fnt
|faint|p1a: Zapdos
|
|-weather|Snowscape|[upkeep]
|upkeep
|
|t:|1781514607
|switch|p1a: Cinderace|Cinderace, F|100/100
|turn|19
|
|t:|1781514610
|switch|p2a: Moltres|Moltres|100/100
|move|p1a: Cinderace|U-turn|p2a: Moltres
|-resisted|p2a: Moltres
|-damage|p2a: Moltres|97/100
|
|t:|1781514613
|switch|p1a: Great Tusk|Great Tusk, tera:Poison|54/100|[from] U-turn
|
|-weather|Snowscape|[upkeep]
|upkeep
|turn|20
|
|t:|1781514616
|move|p1a: Great Tusk|Stealth Rock|p2a: Moltres
|-sidestart|p2: qingshou|move: Stealth Rock
|move|p2a: Moltres|Hurricane|p1a: Great Tusk
|-damage|p1a: Great Tusk|0 fnt
|faint|p1a: Great Tusk
|-end|p1a: Great Tusk|Protosynthesis|[silent]
|
|-weather|none
|upkeep
|
|t:|1781514625
|switch|p1a: Latios|Latios, M|100/100
|turn|21
|
|t:|1781514629
|move|p1a: Latios|Luster Purge|p2a: Moltres
|-damage|p2a: Moltres|48/100
|move|p2a: Moltres|U-turn|p1a: Latios
|-supereffective|p1a: Latios
|-damage|p1a: Latios|63/100
|
|t:|1781514631
|switch|p2a: Iron Treads|Iron Treads|39/100|[from] U-turn
|-damage|p2a: Iron Treads|36/100|[from] Stealth Rock
|
|-heal|p2a: Iron Treads|42/100|[from] item: Leftovers
|upkeep
|turn|22
|
|t:|1781514637
|-terastallize|p2a: Iron Treads|Flying
|move|p1a: Latios|Luster Purge|p2a: Iron Treads
|-damage|p2a: Iron Treads|0 fnt
|faint|p2a: Iron Treads
|-end|p2a: Iron Treads|Quark Drive|[silent]
|
|upkeep
|
|t:|1781514642
|switch|p2a: Dragapult|Dragapult, F|100/100
|-damage|p2a: Dragapult|88/100|[from] Stealth Rock
|turn|23
|
|t:|1781514656
|switch|p1a: Slowking|Slowking-Galar, M|100/100
|move|p2a: Dragapult|Shadow Ball|p1a: Slowking
|-supereffective|p1a: Slowking
|-damage|p1a: Slowking|61/100
|
|upkeep
|turn|24
|
|t:|1781514661
|switch|p2a: 一剑，足矣|Samurott-Hisui, F, shiny|100/100
|-damage|p2a: 一剑，足矣|88/100|[from] Stealth Rock
|move|p1a: Slowking|Ice Beam|p2a: 一剑，足矣
|-resisted|p2a: 一剑，足矣
|-damage|p2a: 一剑，足矣|71/100
|
|upkeep
|turn|25
|
|t:|1781514667
|switch|p1a: Weavile|Weavile, F|44/100
|move|p2a: 一剑，足矣|Ceaseless Edge|p1a: Weavile
|-resisted|p1a: Weavile
|-damage|p1a: Weavile|0 fnt
|-sidestart|p1: azerbatts|Spikes
|faint|p1a: Weavile
|
|upkeep
|
|t:|1781514670
|switch|p1a: Latios|Latios, M|63/100
|turn|26
|
|t:|1781514672
|switch|p2a: Moltres|Moltres|48/100
|-damage|p2a: Moltres|0 fnt|[from] Stealth Rock
|faint|p2a: Moltres
|move|p1a: Latios|Draco Meteor|p2: Moltres|[notarget]
|-fail|p1a: Latios
|
|upkeep
|
|t:|1781514675
|switch|p2a: 叹息之墙|Slowking-Galar, F|100/100
|-damage|p2a: 叹息之墙|88/100|[from] Stealth Rock
|turn|27
|
|t:|1781514677
|switch|p1a: Slowking|Slowking-Galar, M|94/100
|-damage|p1a: Slowking|82/100|[from] Spikes
|-prepare|p2a: 叹息之墙|Chilly Reception|[premajor]
|move|p2a: 叹息之墙|Chilly Reception|p2a: 叹息之墙
|-weather|Snowscape
|
|t:|1781514678
|switch|p2a: 一剑，足矣|Samurott-Hisui, F, shiny|71/100|[from] Chilly Reception
|-damage|p2a: 一剑，足矣|59/100|[from] Stealth Rock
|
|-weather|Snowscape|[upkeep]
|upkeep
|turn|28
|
|t:|1781514681
|move|p2a: 一剑，足矣|Ceaseless Edge|p1a: Slowking
|-supereffective|p1a: Slowking
|-damage|p1a: Slowking|0 fnt
|-sidestart|p1: azerbatts|Spikes
|faint|p1a: Slowking
|
|-weather|Snowscape|[upkeep]
|upkeep
|
|t:|1781514685
|switch|p1a: Cinderace|Cinderace, F|100/100
|turn|29
|
|t:|1781514688
|move|p1a: Cinderace|U-turn|p2a: 一剑，足矣
|-supereffective|p2a: 一剑，足矣
|-damage|p2a: 一剑，足矣|3/100
|
|t:|1781514691
|switch|p1a: Latios|Latios, M|63/100|[from] U-turn
|move|p2a: 一剑，足矣|Ceaseless Edge|p1a: Latios
|-supereffective|p1a: Latios
|-damage|p1a: Latios|0 fnt
|-sidestart|p1: azerbatts|Spikes
|faint|p1a: Latios
|
|-weather|Snowscape|[upkeep]
|upkeep
|
|t:|1781514692
|switch|p1a: Cinderace|Cinderace, F|100/100
|turn|30
|
|t:|1781514694
|move|p1a: Cinderace|Pyro Ball|p2a: 一剑，足矣
|-resisted|p2a: 一剑，足矣
|-damage|p2a: 一剑，足矣|0 fnt
|faint|p2a: 一剑，足矣
|
|-weather|Snowscape|[upkeep]
|upkeep
|
|t:|1781514696
|switch|p2a: Dragapult|Dragapult, F|88/100
|-damage|p2a: Dragapult|76/100|[from] Stealth Rock
|turn|31
|
|t:|1781514698
|move|p1a: Cinderace|Sucker Punch|p2a: Dragapult
|-supereffective|p2a: Dragapult
|-damage|p2a: Dragapult|10/100
|move|p2a: Dragapult|Draco Meteor|p1a: Cinderace
|-damage|p1a: Cinderace|0 fnt
|-unboost|p2a: Dragapult|spa|2
|faint|p1a: Cinderace
|
|win|qingshou
|raw|azerbatts's rating: 1535 &rarr; <strong>1513</strong><br />(-22 for losing)
|raw|qingshou's rating: 1502 &rarr; <strong>1524</strong><br />(+22 for winning)
|l|☆qingshou
|player|p2|
|l|☆azerbatts
|player|p1|
