|j|☆getreyal
|j|☆151htyrneh
|t:|1781421739
|gametype|singles
|player|p1|getreyal|pokemaniac-gen6|1683
|player|p2|151htyrneh|skyla|1648
|gen|9
|tier|[Gen 9] OU
|rated|
|rule|HP Percentage Mod: HP is shown in percentages
|rule|Endless Battle Clause: Forcing endless battles is banned
|rule|Species Clause: Limit one of each Pokémon
|rule|OHKO Clause: OHKO moves are banned
|rule|Evasion Items Clause: Evasion items are banned
|rule|Evasion Moves Clause: Evasion moves are banned
|rule|Evasion Abilities Clause: Evasion abilities are banned
|rule|Sleep Moves Clause: Sleep-inducing moves are banned
|clearpoke
|poke|p1|Kingambit, M|
|poke|p1|Ursaluna, F|
|poke|p1|Iron Hands|
|poke|p1|Cresselia, F|
|poke|p1|Diancie|
|poke|p1|Hatterene, F|
|poke|p2|Ninetales, F|
|poke|p2|Hatterene, F|
|poke|p2|Great Tusk|
|poke|p2|Walking Wake|
|poke|p2|Raging Bolt|
|poke|p2|Kingambit, F|
|teampreview
|inactive|Battle timer is ON: inactive players will automatically lose when time's up. (requested by 151htyrneh)
|inactive|151htyrneh has 120 seconds left.
|inactive|151htyrneh has 90 seconds left.
|inactive|151htyrneh has 60 seconds left.
|
|t:|1781421830
|teamsize|p1|6
|teamsize|p2|6
|start
|switch|p1a: Cresselia|Cresselia, F|100/100
|switch|p2a: Walking Wake|Walking Wake|100/100
|turn|1
|
|t:|1781421836
|move|p2a: Walking Wake|Hydro Steam|p1a: Cresselia
|-damage|p1a: Cresselia|67/100
|-damage|p2a: Walking Wake|91/100|[from] item: Life Orb
|move|p1a: Cresselia|Trick Room|p1a: Cresselia
|-fieldstart|move: Trick Room|[of] p1a: Cresselia
|
|upkeep
|turn|2
|
|t:|1781421841
|-end|p2a: Walking Wake|Protosynthesis|[silent]
|switch|p2a: Ninetales|Ninetales, F|100/100
|-weather|SunnyDay|[from] ability: Drought|[of] p2a: Ninetales
|move|p1a: Cresselia|Moonlight|p1a: Cresselia
|-heal|p1a: Cresselia|100/100
|
|-weather|SunnyDay|[upkeep]
|upkeep
|turn|3
|
|t:|1781421846
|switch|p1a: Diancie|Diancie|100/100
|switch|p2a: Hatterene|Hatterene, F|100/100
|
|-weather|SunnyDay|[upkeep]
|upkeep
|turn|4
|
|t:|1781421852
|switch|p2a: Great Tusk|Great Tusk|100/100
|-activate|p2a: Great Tusk|ability: Protosynthesis
|-start|p2a: Great Tusk|protosynthesisspe
|move|p1a: Diancie|Meteor Beam||[still]
|-prepare|p1a: Diancie|Meteor Beam
|-boost|p1a: Diancie|spa|1
|-enditem|p1a: Diancie|Power Herb
|-anim|p1a: Diancie|Meteor Beam|p2a: Great Tusk
|-resisted|p2a: Great Tusk
|-damage|p2a: Great Tusk|72/100
|
|-weather|SunnyDay|[upkeep]
|upkeep
|turn|5
|
|t:|1781421856
|-end|p2a: Great Tusk|Protosynthesis|[silent]
|switch|p2a: Kingambit|Kingambit, F|100/100
|move|p1a: Diancie|Moonblast|p2a: Kingambit
|-damage|p2a: Kingambit|36/100
|
|-weather|SunnyDay|[upkeep]
|-heal|p2a: Kingambit|42/100|[from] item: Leftovers
|-fieldend|move: Trick Room
|upkeep
|turn|6
|
|t:|1781421861
|-end|p2a: Kingambit|fallenundefined|[silent]
|switch|p2a: Raging Bolt|Raging Bolt|100/100
|-activate|p2a: Raging Bolt|ability: Protosynthesis
|-start|p2a: Raging Bolt|protosynthesisspa
|move|p1a: Diancie|Trick Room|p1a: Diancie
|-fieldstart|move: Trick Room|[of] p1a: Diancie
|
|-weather|SunnyDay|[upkeep]
|upkeep
|turn|7
|
|t:|1781421870
|-terastallize|p2a: Raging Bolt|Flying
|move|p2a: Raging Bolt|Thunderclap|p1a: Diancie
|-damage|p1a: Diancie|34/100
|move|p1a: Diancie|Moonblast|p2a: Raging Bolt
|-damage|p2a: Raging Bolt|38/100
|-unboost|p2a: Raging Bolt|spa|1
|
|-weather|SunnyDay|[upkeep]
|upkeep
|turn|8
|
|t:|1781421880
|-end|p2a: Raging Bolt|Protosynthesis|[silent]
|switch|p2a: Great Tusk|Great Tusk|72/100
|-activate|p2a: Great Tusk|ability: Protosynthesis
|-start|p2a: Great Tusk|protosynthesisspe
|-terastallize|p1a: Diancie|Ground
|move|p1a: Diancie|Moonblast|p2a: Great Tusk
|-supereffective|p2a: Great Tusk
|-damage|p2a: Great Tusk|0 fnt
|faint|p2a: Great Tusk
|-end|p2a: Great Tusk|Protosynthesis|[silent]
|
|-weather|SunnyDay|[upkeep]
|upkeep
|
|t:|1781421882
|switch|p2a: Kingambit|Kingambit, F|42/100
|-activate|p2a: Kingambit|ability: Supreme Overlord
|-start|p2a: Kingambit|fallen1|[silent]
|turn|9
|
|t:|1781421890
|switch|p1a: Iron Hands|Iron Hands|100/100
|-enditem|p1a: Iron Hands|Booster Energy
|-activate|p1a: Iron Hands|ability: Quark Drive|[fromitem]
|-start|p1a: Iron Hands|quarkdriveatk
|move|p2a: Kingambit|Low Kick|p1a: Iron Hands
|-damage|p1a: Iron Hands|64/100
|
|-weather|none
|-heal|p2a: Kingambit|48/100|[from] item: Leftovers
|upkeep
|turn|10
|
|t:|1781421915
|-end|p2a: Kingambit|fallen1|[silent]
|switch|p2a: Hatterene|Hatterene, F|100/100
|move|p1a: Iron Hands|Thunder Punch|p2a: Hatterene
|-damage|p2a: Hatterene|22/100
|-enditem|p2a: Hatterene|Eject Button
|
|t:|1781421921
|switch|p2a: Raging Bolt|Raging Bolt, tera:Flying|38/100
|
|-fieldend|move: Trick Room
|upkeep
|turn|11
|
|t:|1781421924
|move|p2a: Raging Bolt|Volt Switch|p1a: Iron Hands
|-resisted|p1a: Iron Hands
|-damage|p1a: Iron Hands|38/100
|
|t:|1781421928
|-end|p2a: Raging Bolt|Protosynthesis|[silent]
|switch|p2a: Hatterene|Hatterene, F|22/100|[from] Volt Switch
|move|p1a: Iron Hands|Thunder Punch|p2a: Hatterene
|-damage|p2a: Hatterene|0 fnt
|faint|p2a: Hatterene
|
|upkeep
|
|t:|1781421930
|switch|p2a: Walking Wake|Walking Wake|91/100
|turn|12
|
|t:|1781421932
|move|p2a: Walking Wake|Hydro Steam|p1a: Iron Hands
|-damage|p1a: Iron Hands|0 fnt
|faint|p1a: Iron Hands
|-end|p1a: Iron Hands|Quark Drive|[silent]
|-damage|p2a: Walking Wake|81/100|[from] item: Life Orb
|
|upkeep
|
|t:|1781421950
|switch|p1a: Cresselia|Cresselia, F|100/100
|turn|13
|
|t:|1781421953
|-end|p2a: Walking Wake|Protosynthesis|[silent]
|switch|p2a: Ninetales|Ninetales, F|100/100
|-weather|SunnyDay|[from] ability: Drought|[of] p2a: Ninetales
|move|p1a: Cresselia|Trick Room|p1a: Cresselia
|-fieldstart|move: Trick Room|[of] p1a: Cresselia
|
|-weather|SunnyDay|[upkeep]
|upkeep
|turn|14
|
|t:|1781421957
|move|p1a: Cresselia|Lunar Dance|p1a: Cresselia
|faint|p1a: Cresselia
|move|p2a: Ninetales|Overheat|p1: Cresselia|[notarget]
|-fail|p2a: Ninetales
|
|-weather|SunnyDay|[upkeep]
|upkeep
|
|t:|1781421959
|switch|p1a: Ursaluna|Ursaluna, F|100/100
|turn|15
|
|t:|1781421963
|switch|p2a: Raging Bolt|Raging Bolt, tera:Flying|38/100
|-activate|p2a: Raging Bolt|ability: Protosynthesis
|-start|p2a: Raging Bolt|protosynthesisspa
|move|p1a: Ursaluna|Headlong Rush|p2a: Raging Bolt
|-immune|p2a: Raging Bolt
|
|-weather|SunnyDay|[upkeep]
|-status|p1a: Ursaluna|brn|[from] item: Flame Orb
|upkeep
|turn|16
|
|t:|1781421979
|move|p2a: Raging Bolt|Thunderclap|p1a: Ursaluna
|-immune|p1a: Ursaluna
|move|p1a: Ursaluna|Facade|p2a: Raging Bolt
|-damage|p2a: Raging Bolt|0 fnt
|faint|p2a: Raging Bolt
|-end|p2a: Raging Bolt|Protosynthesis|[silent]
|
|-weather|SunnyDay|[upkeep]
|-damage|p1a: Ursaluna|94/100 brn|[from] brn
|upkeep
|
|t:|1781421982
|switch|p2a: Kingambit|Kingambit, F|48/100
|-activate|p2a: Kingambit|ability: Supreme Overlord
|-start|p2a: Kingambit|fallen3|[silent]
|turn|17
|
|t:|1781421984
|move|p2a: Kingambit|Sucker Punch|p1a: Ursaluna
|-damage|p1a: Ursaluna|55/100 brn
|move|p1a: Ursaluna|Fire Punch|p2a: Kingambit
|-supereffective|p2a: Kingambit
|-damage|p2a: Kingambit|0 fnt
|faint|p2a: Kingambit
|-end|p2a: Kingambit|fallen3|[silent]
|
|-weather|SunnyDay|[upkeep]
|-damage|p1a: Ursaluna|49/100 brn|[from] brn
|-fieldend|move: Trick Room
|upkeep
|
|t:|1781421987
|switch|p2a: Walking Wake|Walking Wake|81/100
|-activate|p2a: Walking Wake|ability: Protosynthesis
|-start|p2a: Walking Wake|protosynthesisspe
|turn|18
|
|t:|1781421992
|move|p2a: Walking Wake|Hydro Steam|p1a: Ursaluna
|-supereffective|p1a: Ursaluna
|-damage|p1a: Ursaluna|0 fnt
|faint|p1a: Ursaluna
|-damage|p2a: Walking Wake|71/100|[from] item: Life Orb
|
|-weather|SunnyDay|[upkeep]
|upkeep
|
|t:|1781421993
|switch|p1a: Hatterene|Hatterene, F|100/100
|turn|19
|
|t:|1781421995
|move|p2a: Walking Wake|Hydro Steam|p1a: Hatterene
|-damage|p1a: Hatterene|23/100
|-damage|p2a: Walking Wake|62/100|[from] item: Life Orb
|move|p1a: Hatterene|Trick Room|p1a: Hatterene
|-fieldstart|move: Trick Room|[of] p1a: Hatterene
|
|-weather|SunnyDay|[upkeep]
|upkeep
|turn|20
|
|t:|1781422002
|-end|p2a: Walking Wake|Protosynthesis|[silent]
|switch|p2a: Ninetales|Ninetales, F|100/100
|move|p1a: Hatterene|Psychic Noise|p2a: Ninetales
|-damage|p2a: Ninetales|52/100
|-start|p2a: Ninetales|move: Heal Block
|
|-weather|none
|upkeep
|turn|21
|
|t:|1781422010
|switch|p2a: Walking Wake|Walking Wake|62/100
|move|p1a: Hatterene|Dazzling Gleam|p2a: Walking Wake
|-supereffective|p2a: Walking Wake
|-damage|p2a: Walking Wake|0 fnt
|faint|p2a: Walking Wake
|-end|p2a: Walking Wake|Protosynthesis|[silent]
|
|upkeep
|
|t:|1781422018
|switch|p2a: Ninetales|Ninetales, F|52/100
|-weather|SunnyDay|[from] ability: Drought|[of] p2a: Ninetales
|turn|22
|
|t:|1781422024
|move|p1a: Hatterene|Healing Wish|p1a: Hatterene
|faint|p1a: Hatterene
|move|p2a: Ninetales|Encore|p1: Hatterene|[notarget]
|-fail|p2a: Ninetales
|
|-weather|SunnyDay|[upkeep]
|upkeep
|
|t:|1781422026
|switch|p1a: Diancie|Diancie, tera:Ground|34/100
|-heal|p1a: Diancie|100/100|[from] move: Lunar Dance
|turn|23
|
|t:|1781422027
|move|p1a: Diancie|Earth Power|p2a: Ninetales
|-supereffective|p2a: Ninetales
|-damage|p2a: Ninetales|0 fnt
|faint|p2a: Ninetales
|
|win|getreyal
|raw|getreyal's rating: 1705 &rarr; <strong>1721</strong><br />(+16 for winning)
|raw|151htyrneh's rating: 1630 &rarr; <strong>1614</strong><br />(-16 for losing)
|l|☆getreyal
|player|p1|
|j| Finkachu
|l| Finkachu
|l|☆151htyrneh
|player|p2|
