|j|☆Sashannarcy
|j|☆Ausar489
|t:|1781070196
|gametype|singles
|player|p1|Sashannarcy|unknownf|1583
|player|p2|Ausar489|lucas-gen4pt|1637
|gen|9
|tier|[Gen 9] OU
|rated|
|rule|HP Percentage Mod: HP is shown in percentages
|rule|Endless Battle Clause: Forcing endless battles is banned
|rule|Species Clause: Limit one of each Pokémon
|rule|OHKO Clause: OHKO moves are banned
|rule|Evasion Items Clause: Evasion items are banned
|rule|Evasion Moves Clause: Evasion moves are banned
|rule|Evasion Abilities Clause: Evasion abilities are banned
|rule|Sleep Moves Clause: Sleep-inducing moves are banned
|clearpoke
|poke|p1|Komala, M|
|poke|p1|Blissey, F|
|poke|p1|Dondozo, F|
|poke|p1|Gliscor, F|
|poke|p1|Clefable, F|
|poke|p1|Toxapex, M|
|poke|p2|Weezing-Galar, F|
|poke|p2|Alomomola, M|
|poke|p2|Iron Treads|
|poke|p2|Tornadus-Therian, M|
|poke|p2|Zamazenta-*|
|poke|p2|Lokix, M|
|teampreview
|inactive|Battle timer is ON: inactive players will automatically lose when time's up. (requested by Ausar489)
|
|t:|1781070205
|teamsize|p1|6
|teamsize|p2|6
|start
|switch|p1a: Gliscor|Gliscor, F|100/100
|switch|p2a: Lokix|Lokix, M|100/100
|turn|1
|
|t:|1781070211
|move|p1a: Gliscor|Protect|p1a: Gliscor
|-singleturn|p1a: Gliscor|Protect
|move|p2a: Lokix|U-turn|p1a: Gliscor
|-activate|p1a: Gliscor|move: Protect
|
|-status|p1a: Gliscor|tox|[from] item: Toxic Orb
|upkeep
|turn|2
|
|t:|1781070218
|move|p2a: Lokix|U-turn|p1a: Gliscor
|-resisted|p1a: Gliscor
|-damage|p1a: Gliscor|72/100 tox
|
|t:|1781070222
|switch|p2a: Alomomola|Alomomola, M|100/100|[from] U-turn
|move|p1a: Gliscor|Knock Off|p2a: Alomomola
|-damage|p2a: Alomomola|87/100
|-damage|p1a: Gliscor|56/100 tox|[from] item: Rocky Helmet|[of] p2a: Alomomola
|-enditem|p2a: Alomomola|Rocky Helmet|[from] move: Knock Off|[of] p1a: Gliscor
|
|-heal|p1a: Gliscor|68/100 tox|[from] ability: Poison Heal
|upkeep
|turn|3
|
|t:|1781070229
|move|p1a: Gliscor|Protect|p1a: Gliscor
|-singleturn|p1a: Gliscor|Protect
|move|p2a: Alomomola|Flip Turn|p1a: Gliscor
|-activate|p1a: Gliscor|move: Protect
|
|-heal|p1a: Gliscor|81/100 tox|[from] ability: Poison Heal
|upkeep
|turn|4
|
|t:|1781070234
|switch|p1a: Toxapex|Toxapex, M|100/100
|move|p2a: Alomomola|Flip Turn|p1a: Toxapex
|-resisted|p1a: Toxapex
|-damage|p1a: Toxapex|96/100
|
|t:|1781070245
|switch|p2a: Lokix|Lokix, M|100/100|[from] Flip Turn
|
|upkeep
|turn|5
|
|t:|1781070254
|move|p1a: Toxapex|Baneful Bunker|p1a: Toxapex
|-singleturn|p1a: Toxapex|move: Protect
|move|p2a: Lokix|Knock Off|p1a: Toxapex
|-activate|p1a: Toxapex|move: Protect
|-status|p2a: Lokix|psn
|
|-damage|p2a: Lokix|88/100 psn|[from] psn
|upkeep
|turn|6
|
|t:|1781070267
|switch|p1a: Dondozo|Dondozo, F|100/100
|move|p2a: Lokix|Knock Off|p1a: Dondozo
|-damage|p1a: Dondozo|71/100
|-enditem|p1a: Dondozo|Heavy-Duty Boots|[from] move: Knock Off|[of] p2a: Lokix
|
|-damage|p2a: Lokix|76/100 psn|[from] psn
|upkeep
|turn|7
|
|t:|1781070276
|switch|p2a: Tornadus|Tornadus-Therian, M|100/100
|switch|p1a: Gliscor|Gliscor, F|81/100 tox
|
|-heal|p1a: Gliscor|93/100 tox|[from] ability: Poison Heal
|upkeep
|turn|8
|
|t:|1781070281
|move|p2a: Tornadus|Bleakwind Storm|p1a: Gliscor|[miss]
|-miss|p2a: Tornadus|p1a: Gliscor
|move|p1a: Gliscor|Toxic|p2a: Tornadus|[miss]
|-miss|p1a: Gliscor|p2a: Tornadus
|
|-heal|p1a: Gliscor|100/100 tox|[from] ability: Poison Heal
|upkeep
|turn|9
|
|t:|1781070284
|move|p2a: Tornadus|Bleakwind Storm|p1a: Gliscor
|-damage|p1a: Gliscor|54/100 tox
|-unboost|p1a: Gliscor|spe|1
|move|p1a: Gliscor|Toxic|p2a: Tornadus
|-status|p2a: Tornadus|tox
|
|-damage|p2a: Tornadus|94/100 tox|[from] psn
|-heal|p1a: Gliscor|67/100 tox|[from] ability: Poison Heal
|upkeep
|turn|10
|
|t:|1781070293
|switch|p1a: Toxapex|Toxapex, M|100/100
|move|p2a: Tornadus|Bleakwind Storm|p1a: Toxapex
|-damage|p1a: Toxapex|70/100
|
|-damage|p2a: Tornadus|82/100 tox|[from] psn
|upkeep
|turn|11
|
|t:|1781070300
|move|p2a: Tornadus|Knock Off|p1a: Toxapex
|-damage|p1a: Toxapex|57/100
|-enditem|p1a: Toxapex|Heavy-Duty Boots|[from] move: Knock Off|[of] p2a: Tornadus
|move|p1a: Toxapex|Recover|p1a: Toxapex
|-heal|p1a: Toxapex|100/100
|
|-damage|p2a: Tornadus|64/100 tox|[from] psn
|upkeep
|turn|12
|
|t:|1781070307
|move|p1a: Toxapex|Baneful Bunker|p1a: Toxapex
|-singleturn|p1a: Toxapex|move: Protect
|move|p2a: Tornadus|U-turn|p1a: Toxapex
|-activate|p1a: Toxapex|move: Protect
|
|-damage|p2a: Tornadus|40/100 tox|[from] psn
|upkeep
|turn|13
|
|t:|1781070314
|move|p2a: Tornadus|U-turn|p1a: Toxapex
|-resisted|p1a: Toxapex
|-damage|p1a: Toxapex|96/100
|
|t:|1781070316
|switch|p2a: Iron Treads|Iron Treads|100/100|[from] U-turn
|move|p1a: Toxapex|Toxic|p2a: Iron Treads
|-immune|p2a: Iron Treads
|
|upkeep
|turn|14
|
|t:|1781070322
|switch|p1a: Clefable|Clefable, F|100/100
|move|p2a: Iron Treads|Stealth Rock|p1a: Clefable
|-sidestart|p1: Sashannarcy|move: Stealth Rock
|
|upkeep
|turn|15
|
|t:|1781070328
|move|p2a: Iron Treads|Earthquake|p1a: Clefable
|-damage|p1a: Clefable|71/100
|move|p1a: Clefable|Stealth Rock|p2a: Iron Treads
|-sidestart|p2: Ausar489|move: Stealth Rock
|
|upkeep
|turn|16
|
|t:|1781070333
|move|p2a: Iron Treads|Rapid Spin|p1a: Clefable
|-damage|p1a: Clefable|60/100
|-boost|p2a: Iron Treads|spe|1
|-sideend|p2: Ausar489|Stealth Rock|[from] move: Rapid Spin|[of] p2a: Iron Treads
|move|p1a: Clefable|Wish|p1a: Clefable
|
|upkeep
|turn|17
|
|t:|1781070339
|move|p2a: Iron Treads|Earthquake|p1a: Clefable
|-damage|p1a: Clefable|28/100
|move|p1a: Clefable|Moonblast|p2a: Iron Treads
|-resisted|p2a: Iron Treads
|-damage|p2a: Iron Treads|83/100
|
|-heal|p1a: Clefable|78/100|[from] move: Wish|[wisher] Clefable
|-heal|p2a: Iron Treads|89/100|[from] item: Leftovers
|upkeep
|turn|18
|
|t:|1781070346
|move|p2a: Iron Treads|Earthquake|p1a: Clefable
|-damage|p1a: Clefable|49/100
|move|p1a: Clefable|Wish|p1a: Clefable
|
|-heal|p2a: Iron Treads|95/100|[from] item: Leftovers
|upkeep
|turn|19
|
|t:|1781070350
|move|p1a: Clefable|Protect|p1a: Clefable
|-singleturn|p1a: Clefable|Protect
|move|p2a: Iron Treads|Earthquake|p1a: Clefable
|-activate|p1a: Clefable|move: Protect
|
|-heal|p1a: Clefable|99/100|[from] move: Wish|[wisher] Clefable
|-heal|p2a: Iron Treads|100/100|[from] item: Leftovers
|upkeep
|turn|20
|
|t:|1781070355
|-end|p2a: Iron Treads|Quark Drive|[silent]
|switch|p2a: Tornadus|Tornadus-Therian, M|73/100 tox
|move|p1a: Clefable|Stealth Rock|p2a: Tornadus
|-sidestart|p2: Ausar489|move: Stealth Rock
|
|-damage|p2a: Tornadus|67/100 tox|[from] psn
|upkeep
|turn|21
|
|t:|1781070363
|switch|p1a: Toxapex|Toxapex, M|100/100
|-damage|p1a: Toxapex|88/100|[from] Stealth Rock
|move|p2a: Tornadus|Knock Off|p1a: Toxapex
|-damage|p1a: Toxapex|78/100
|
|-damage|p2a: Tornadus|55/100 tox|[from] psn
|upkeep
|turn|22
|
|t:|1781070369
|switch|p1a: Komala|Komala, M|100/100
|-ability|p1a: Komala|Comatose
|move|p2a: Tornadus|U-turn|p1a: Komala
|-damage|p1a: Komala|86/100
|
|t:|1781070389
|switch|p2a: Zamazenta|Zamazenta|100/100|[from] U-turn
|-damage|p2a: Zamazenta|94/100|[from] Stealth Rock
|-ability|p2a: Zamazenta|Dauntless Shield|boost
|-boost|p2a: Zamazenta|def|1
|
|upkeep
|turn|23
|
|t:|1781070395
|switch|p1a: Toxapex|Toxapex, M|100/100
|-damage|p1a: Toxapex|88/100|[from] Stealth Rock
|move|p2a: Zamazenta|Close Combat|p1a: Toxapex
|-resisted|p1a: Toxapex
|-damage|p1a: Toxapex|54/100
|-unboost|p2a: Zamazenta|def|1
|-unboost|p2a: Zamazenta|spd|1
|
|upkeep
|turn|24
|
|t:|1781070404
|switch|p2a: Iron Treads|Iron Treads|100/100
|-damage|p2a: Iron Treads|97/100|[from] Stealth Rock
|move|p1a: Toxapex|Baneful Bunker||[still]
|-fail|p1a: Toxapex
|
|-heal|p2a: Iron Treads|100/100|[from] item: Leftovers
|upkeep
|turn|25
|
|t:|1781070415
|switch|p1a: Gliscor|Gliscor, F|67/100 tox
|-damage|p1a: Gliscor|54/100 tox|[from] Stealth Rock
|move|p2a: Iron Treads|Rapid Spin|p1a: Gliscor
|-damage|p1a: Gliscor|47/100 tox
|-boost|p2a: Iron Treads|spe|1
|-sideend|p2: Ausar489|Stealth Rock|[from] move: Rapid Spin|[of] p2a: Iron Treads
|
|-heal|p1a: Gliscor|59/100 tox|[from] ability: Poison Heal
|upkeep
|turn|26
|
|t:|1781070423
|move|p2a: Iron Treads|Ice Spinner|p1a: Gliscor
|-supereffective|p1a: Gliscor
|-damage|p1a: Gliscor|4/100 tox
|move|p1a: Gliscor|Knock Off|p2a: Iron Treads
|-damage|p2a: Iron Treads|82/100
|-enditem|p2a: Iron Treads|Leftovers|[from] move: Knock Off|[of] p1a: Gliscor
|
|-heal|p1a: Gliscor|17/100 tox|[from] ability: Poison Heal
|upkeep
|turn|27
|
|t:|1781070429
|switch|p1a: Clefable|Clefable, F|99/100
|move|p2a: Iron Treads|Ice Spinner|p1a: Clefable
|-damage|p1a: Clefable|83/100
|
|-damage|p2a: Iron Treads|70/100|[from] item: Sticky Barb
|upkeep
|turn|28
|
|t:|1781070442
|-end|p2a: Iron Treads|Quark Drive|[silent]
|switch|p2a: Tornadus|Tornadus-Therian, M|88/100 tox
|move|p1a: Clefable|Wish|p1a: Clefable
|
|-damage|p2a: Tornadus|82/100 tox|[from] psn
|upkeep
|turn|29
|
|t:|1781070454
|switch|p1a: Komala|Komala, M|86/100
|-ability|p1a: Komala|Comatose
|move|p2a: Tornadus|Bleakwind Storm|p1a: Komala|[miss]
|-miss|p2a: Tornadus|p1a: Komala
|
|-heal|p1a: Komala|100/100|[from] move: Wish|[wisher] Clefable
|-damage|p2a: Tornadus|69/100 tox|[from] psn
|upkeep
|turn|30
|
|t:|1781070461
|move|p2a: Tornadus|U-turn|p1a: Komala
|-damage|p1a: Komala|86/100
|
|t:|1781070465
|switch|p2a: Alomomola|Alomomola, M|100/100|[from] U-turn
|move|p1a: Komala|Rapid Spin|p2a: Alomomola
|-damage|p2a: Alomomola|88/100
|-boost|p1a: Komala|spe|1
|-sideend|p1: Sashannarcy|Stealth Rock|[from] move: Rapid Spin|[of] p1a: Komala
|
|upkeep
|turn|31
|
|t:|1781070479
|switch|p1a: Clefable|Clefable, F|83/100
|move|p2a: Alomomola|Tickle|p1a: Clefable
|-unboost|p1a: Clefable|atk|1
|-unboost|p1a: Clefable|def|1
|
|upkeep
|turn|32
|
|t:|1781070485
|move|p1a: Clefable|Stealth Rock|p2a: Alomomola
|-sidestart|p2: Ausar489|move: Stealth Rock
|move|p2a: Alomomola|Flip Turn|p1a: Clefable
|-damage|p1a: Clefable|65/100
|
|t:|1781070503
|switch|p2a: Lokix|Lokix, M|76/100 psn|[from] Flip Turn
|-damage|p2a: Lokix|51/100 psn|[from] Stealth Rock
|
|-damage|p2a: Lokix|39/100 psn|[from] psn
|upkeep
|turn|33
|
|t:|1781070506
|move|p1a: Clefable|Protect|p1a: Clefable
|-singleturn|p1a: Clefable|Protect
|move|p2a: Lokix|U-turn|p1a: Clefable
|-activate|p1a: Clefable|move: Protect
|
|-damage|p2a: Lokix|26/100 psn|[from] psn
|upkeep
|turn|34
|
|t:|1781070513
|-terastallize|p2a: Lokix|Bug
|move|p2a: Lokix|U-turn|p1a: Clefable
|-resisted|p1a: Clefable
|-damage|p1a: Clefable|0 fnt
|faint|p1a: Clefable
|
|t:|1781070520
|switch|p2a: Alomomola|Alomomola, M|100/100|[from] U-turn
|-damage|p2a: Alomomola|88/100|[from] Stealth Rock
|
|upkeep
|
|t:|1781070525
|switch|p1a: Toxapex|Toxapex, M|88/100
|turn|35
|
|t:|1781070535
|move|p2a: Alomomola|Flip Turn|p1a: Toxapex
|-resisted|p1a: Toxapex
|-damage|p1a: Toxapex|82/100
|
|t:|1781070538
|switch|p2a: Iron Treads|Iron Treads|70/100|[from] Flip Turn
|-damage|p2a: Iron Treads|67/100|[from] Stealth Rock
|move|p1a: Toxapex|Toxic|p2a: Iron Treads
|-immune|p2a: Iron Treads
|
|-damage|p2a: Iron Treads|54/100|[from] item: Sticky Barb
|upkeep
|turn|36
|
|t:|1781070543
|-terastallize|p1a: Toxapex|Ghost
|move|p2a: Iron Treads|Rapid Spin|p1a: Toxapex
|-immune|p1a: Toxapex
|move|p1a: Toxapex|Haze|p1a: Toxapex
|-clearallboost
|
|-damage|p2a: Iron Treads|42/100|[from] item: Sticky Barb
|upkeep
|turn|37
|
|t:|1781070547
|move|p2a: Iron Treads|Stealth Rock|p1a: Toxapex
|-sidestart|p1: Sashannarcy|move: Stealth Rock
|move|p1a: Toxapex|Haze|p1a: Toxapex
|-clearallboost
|
|-damage|p2a: Iron Treads|29/100|[from] item: Sticky Barb
|upkeep
|turn|38
|
|t:|1781070556
|-end|p2a: Iron Treads|Quark Drive|[silent]
|switch|p2a: Alomomola|Alomomola, M|100/100
|-damage|p2a: Alomomola|88/100|[from] Stealth Rock
|move|p1a: Toxapex|Toxic|p2a: Alomomola
|-status|p2a: Alomomola|tox
|
|-damage|p2a: Alomomola|82/100 tox|[from] psn
|upkeep
|turn|39
|
|t:|1781070561
|switch|p1a: Komala|Komala, M|86/100
|-ability|p1a: Komala|Comatose
|move|p2a: Alomomola|Wish|p2a: Alomomola
|
|-damage|p2a: Alomomola|70/100 tox|[from] psn
|upkeep
|turn|40
|
|t:|1781070571
|switch|p2a: Iron Treads|Iron Treads|29/100
|-damage|p2a: Iron Treads|26/100|[from] Stealth Rock
|move|p1a: Komala|Protect||[still]
|-fail|p1a: Komala
|
|-heal|p2a: Iron Treads|92/100|[from] move: Wish|[wisher] Alomomola
|-damage|p2a: Iron Treads|80/100|[from] item: Sticky Barb
|upkeep
|turn|41
|
|t:|1781070580
|switch|p1a: Toxapex|Toxapex, M, tera:Ghost|100/100
|-damage|p1a: Toxapex|88/100|[from] Stealth Rock
|move|p2a: Iron Treads|Earthquake|p1a: Toxapex
|-damage|p1a: Toxapex|60/100
|
|-damage|p2a: Iron Treads|67/100|[from] item: Sticky Barb
|upkeep
|turn|42
|
|t:|1781070591
|-end|p2a: Iron Treads|Quark Drive|[silent]
|switch|p2a: Alomomola|Alomomola, M|100/100 tox
|-damage|p2a: Alomomola|88/100 tox|[from] Stealth Rock
|move|p1a: Toxapex|Baneful Bunker||[still]
|-fail|p1a: Toxapex
|
|-damage|p2a: Alomomola|82/100 tox|[from] psn
|upkeep
|turn|43
|
|t:|1781070600
|switch|p1a: Komala|Komala, M|86/100
|-ability|p1a: Komala|Comatose
|move|p2a: Alomomola|Wish|p2a: Alomomola
|
|-damage|p2a: Alomomola|70/100 tox|[from] psn
|upkeep
|turn|44
|
|t:|1781070605
|move|p1a: Komala|Rapid Spin|p2a: Alomomola
|-damage|p2a: Alomomola|58/100 tox
|-boost|p1a: Komala|spe|1
|-sideend|p1: Sashannarcy|Stealth Rock|[from] move: Rapid Spin|[of] p1a: Komala
|move|p2a: Alomomola|Flip Turn|p1a: Komala
|-damage|p1a: Komala|67/100
|
|t:|1781070631
|switch|p2a: Lokix|Lokix, M, tera:Bug|26/100 psn|[from] Flip Turn
|-damage|p2a: Lokix|2/100 psn|[from] Stealth Rock
|
|-heal|p2a: Lokix|85/100 psn|[from] move: Wish|[wisher] Alomomola
|-damage|p2a: Lokix|73/100 psn|[from] psn
|upkeep
|turn|45
|
|t:|1781070639
|move|p1a: Komala|Protect|p1a: Komala
|-singleturn|p1a: Komala|Protect
|move|p2a: Lokix|U-turn|p1a: Komala
|-activate|p1a: Komala|move: Protect
|
|-damage|p2a: Lokix|61/100 psn|[from] psn
|upkeep
|turn|46
|
|t:|1781070659
|switch|p1a: Blissey|Blissey, F|100/100
|move|p2a: Lokix|U-turn|p1a: Blissey
|-damage|p1a: Blissey|15/100
|
|t:|1781070684
|switch|p2a: Zamazenta|Zamazenta|94/100|[from] U-turn
|-damage|p2a: Zamazenta|88/100|[from] Stealth Rock
|
|upkeep
|turn|47
|
|t:|1781070689
|switch|p1a: Toxapex|Toxapex, M, tera:Ghost|93/100
|move|p2a: Zamazenta|Crunch|p1a: Toxapex
|-supereffective|p1a: Toxapex
|-damage|p1a: Toxapex|33/100
|
|upkeep
|turn|48
|
|t:|1781070695
|move|p1a: Toxapex|Baneful Bunker|p1a: Toxapex
|-singleturn|p1a: Toxapex|move: Protect
|move|p2a: Zamazenta|Crunch|p1a: Toxapex
|-activate|p1a: Toxapex|move: Protect
|-status|p2a: Zamazenta|psn
|
|-damage|p2a: Zamazenta|76/100 psn|[from] psn
|upkeep
|turn|49
|
|t:|1781070699
|switch|p1a: Dondozo|Dondozo, F|71/100
|move|p2a: Zamazenta|Crunch|p1a: Dondozo
|-damage|p1a: Dondozo|50/100
|
|-damage|p2a: Zamazenta|64/100 psn|[from] psn
|upkeep
|turn|50
|
|t:|1781070705
|switch|p2a: Iron Treads|Iron Treads|67/100
|-damage|p2a: Iron Treads|64/100|[from] Stealth Rock
|move|p1a: Dondozo|Body Press|p2a: Iron Treads
|-supereffective|p2a: Iron Treads
|-damage|p2a: Iron Treads|16/100
|
|-damage|p1a: Dondozo|38/100|[from] item: Sticky Barb
|upkeep
|turn|51
|
|t:|1781070713
|switch|p1a: Toxapex|Toxapex, M, tera:Ghost|66/100
|move|p2a: Iron Treads|Rapid Spin|p1a: Toxapex
|-immune|p1a: Toxapex
|
|upkeep
|turn|52
|
|t:|1781070718
|switch|p1a: Dondozo|Dondozo, F|38/100
|move|p2a: Iron Treads|Earthquake|p1a: Dondozo
|-damage|p1a: Dondozo|20/100
|
|-damage|p1a: Dondozo|7/100|[from] item: Sticky Barb
|upkeep
|turn|53
|
|t:|1781070731
|move|p2a: Iron Treads|Earthquake|p1a: Dondozo
|-damage|p1a: Dondozo|0 fnt
|faint|p1a: Dondozo
|
|upkeep
|
|t:|1781070735
|switch|p1a: Gliscor|Gliscor, F|17/100 tox
|turn|54
|-message|Sashannarcy forfeited.
|
|win|Ausar489
|raw|Sashannarcy's rating: 1598 &rarr; <strong>1580</strong><br />(-18 for losing)
|raw|Ausar489's rating: 1637 &rarr; <strong>1655</strong><br />(+18 for winning)
|j| oatmealrazen
|l|☆Sashannarcy
|player|p1|
|l| oatmealrazen
