|j|☆Enigmatic Gale
|j|☆PepeNike
|t:|1781073107
|gametype|singles
|player|p1|Enigmatic Gale|juggler|1494
|player|p2|PepeNike|266|1604
|gen|9
|tier|[Gen 9] OU
|rated|
|rule|HP Percentage Mod: HP is shown in percentages
|rule|Endless Battle Clause: Forcing endless battles is banned
|rule|Species Clause: Limit one of each Pokémon
|rule|OHKO Clause: OHKO moves are banned
|rule|Evasion Items Clause: Evasion items are banned
|rule|Evasion Moves Clause: Evasion moves are banned
|rule|Evasion Abilities Clause: Evasion abilities are banned
|rule|Sleep Moves Clause: Sleep-inducing moves are banned
|clearpoke
|poke|p1|Dragonite, F|
|poke|p1|Samurott-Hisui, F|
|poke|p1|Gholdengo|
|poke|p1|Pecharunt|
|poke|p1|Walking Wake|
|poke|p1|Ting-Lu|
|poke|p2|Kleavor, F|
|poke|p2|Samurott-Hisui, M|
|poke|p2|Gholdengo|
|poke|p2|Ceruledge, M|
|poke|p2|Greninja-*, M|
|poke|p2|Dragapult, F|
|teampreview
|inactive|Battle timer is ON: inactive players will automatically lose when time's up. (requested by PepeNike)
|inactive|Enigmatic Gale has 120 seconds left.
|
|t:|1781073159
|teamsize|p1|6
|teamsize|p2|6
|start
|switch|p1a: Pecharunt|Pecharunt|100/100
|switch|p2a: Kleavor|Kleavor, F|100/100
|turn|1
|
|t:|1781073167
|move|p1a: Pecharunt|Malignant Chain|p2a: Kleavor
|-resisted|p2a: Kleavor
|-damage|p2a: Kleavor|77/100
|-status|p2a: Kleavor|tox
|-start|p2a: Kleavor|confusion|[from] ability: Poison Puppeteer|[of] p1a: Pecharunt
|-activate|p2a: Kleavor|confusion
|move|p2a: Kleavor|Stone Axe|p1a: Pecharunt
|-damage|p1a: Pecharunt|65/100
|-sidestart|p1: Enigmatic Gale|move: Stealth Rock
|
|-damage|p2a: Kleavor|71/100 tox|[from] psn
|upkeep
|turn|2
|
|t:|1781073187
|move|p1a: Pecharunt|Shadow Ball|p2a: Kleavor
|-damage|p2a: Kleavor|29/100 tox
|-unboost|p2a: Kleavor|spd|1
|-activate|p2a: Kleavor|confusion
|-damage|p2a: Kleavor|10/100 tox|[from] confusion
|
|-damage|p2a: Kleavor|0 fnt|[from] psn
|faint|p2a: Kleavor
|upkeep
|
|t:|1781073190
|switch|p2a: Samurott|Samurott-Hisui, M|100/100
|turn|3
|inactive|Enigmatic Gale has 120 seconds left.
|
|t:|1781073229
|switch|p1a: Samurott|Samurott-Hisui, F|100/100
|-damage|p1a: Samurott|88/100|[from] Stealth Rock
|move|p2a: Samurott|Ceaseless Edge|p1a: Samurott
|-resisted|p1a: Samurott
|-damage|p1a: Samurott|56/100
|-sidestart|p1: Enigmatic Gale|Spikes
|
|upkeep
|turn|4
|
|t:|1781073238
|move|p1a: Samurott|Ceaseless Edge|p2a: Samurott
|-resisted|p2a: Samurott
|-damage|p2a: Samurott|79/100
|-sidestart|p2: PepeNike|Spikes
|move|p2a: Samurott|Ceaseless Edge|p1a: Samurott
|-resisted|p1a: Samurott
|-damage|p1a: Samurott|24/100
|-sidestart|p1: Enigmatic Gale|Spikes
|
|upkeep
|turn|5
|inactive|Enigmatic Gale has 120 seconds left.
|
|t:|1781073245
|move|p1a: Samurott|Ceaseless Edge|p2a: Samurott
|-resisted|p2a: Samurott
|-damage|p2a: Samurott|56/100
|-sidestart|p2: PepeNike|Spikes
|move|p2a: Samurott|Ceaseless Edge|p1a: Samurott
|-resisted|p1a: Samurott
|-damage|p1a: Samurott|0 fnt
|-sidestart|p1: Enigmatic Gale|Spikes
|faint|p1a: Samurott
|
|upkeep
|inactive|Enigmatic Gale has 120 seconds left.
|
|t:|1781073258
|switch|p1a: Walking Wake|Walking Wake|100/100
|turn|6
|inactive|Enigmatic Gale has 120 seconds left.
|
|t:|1781073265
|move|p1a: Walking Wake|Draco Meteor|p2a: Samurott
|-damage|p2a: Samurott|0 fnt
|-unboost|p1a: Walking Wake|spa|2
|faint|p2a: Samurott
|
|upkeep
|
|t:|1781073268
|switch|p2a: Dragapult|Dragapult, F|100/100
|-damage|p2a: Dragapult|84/100|[from] Spikes
|turn|7
|inactive|Enigmatic Gale has 120 seconds left.
|
|t:|1781073296
|-end|p1a: Walking Wake|Protosynthesis|[silent]
|switch|p1a: Ting-Lu|Ting-Lu|100/100
|-damage|p1a: Ting-Lu|94/100|[from] Stealth Rock
|-damage|p1a: Ting-Lu|69/100|[from] Spikes
|-ability|p1a: Ting-Lu|Vessel of Ruin
|move|p2a: Dragapult|Dragon Darts|p1a: Ting-Lu
|-damage|p1a: Ting-Lu|47/100
|-anim|p2a: Dragapult|Dragon Darts|p1a: Ting-Lu
|-crit|p1a: Ting-Lu
|-damage|p1a: Ting-Lu|11/100
|
|-heal|p1a: Ting-Lu|17/100|[from] item: Leftovers
|upkeep
|turn|8
|
|t:|1781073316
|move|p2a: Dragapult|Dragon Darts|p1a: Ting-Lu
|-damage|p1a: Ting-Lu|0 fnt
|faint|p1a: Ting-Lu
|
|upkeep
|inactive|Enigmatic Gale has 90 seconds left.
|
|t:|1781073345
|switch|p1a: Walking Wake|Walking Wake|100/100
|turn|9
|
|t:|1781073367
|switch|p2a: Gholdengo|Gholdengo|100/100
|-item|p2a: Gholdengo|Air Balloon
|-terastallize|p1a: Walking Wake|Fairy
|move|p1a: Walking Wake|Surf|p2a: Gholdengo
|-damage|p2a: Gholdengo|53/100
|-enditem|p2a: Gholdengo|Air Balloon
|
|upkeep
|turn|10
|
|t:|1781073378
|move|p1a: Walking Wake|Flip Turn|p2a: Gholdengo
|-crit|p2a: Gholdengo
|-damage|p2a: Gholdengo|36/100
|
|t:|1781073383
|-end|p1a: Walking Wake|Protosynthesis|[silent]
|switch|p1a: Gholdengo|Gholdengo|100/100|[from] Flip Turn
|-damage|p1a: Gholdengo|94/100|[from] Stealth Rock
|-damage|p1a: Gholdengo|70/100|[from] Spikes
|move|p2a: Gholdengo|Thunder Wave|p1a: Gholdengo
|-immune|p1a: Gholdengo|[from] ability: Good as Gold
|
|upkeep
|turn|11
|
|t:|1781073393
|switch|p2a: Greninja|Greninja, M|100/100
|-damage|p2a: Greninja|84/100|[from] Spikes
|move|p1a: Gholdengo|Shadow Ball|p2a: Greninja
|-resisted|p2a: Greninja
|-damage|p2a: Greninja|48/100
|
|upkeep
|turn|12
|inactive|Enigmatic Gale has 90 seconds left.
|inactive|PepeNike has 120 seconds left.
|
|t:|1781073432
|switch|p1a: Dragonite|Dragonite, F|100/100
|move|p2a: Greninja|Dark Pulse|p1a: Dragonite
|-damage|p1a: Dragonite|77/100
|-damage|p2a: Greninja|38/100|[from] item: Life Orb
|
|upkeep
|turn|13
|inactive|PepeNike has 120 seconds left.
|
|t:|1781073447
|switch|p2a: Dragapult|Dragapult, F|84/100
|-damage|p2a: Dragapult|68/100|[from] Spikes
|move|p1a: Dragonite|Extreme Speed|p2a: Dragapult
|-immune|p2a: Dragapult
|
|upkeep
|turn|14
|inactive|PepeNike has 120 seconds left.
|inactive|Enigmatic Gale has 60 seconds left.
|
|t:|1781073473
|switch|p1a: Pecharunt|Pecharunt|65/100
|move|p2a: Dragapult|Phantom Force||[still]
|-prepare|p2a: Dragapult|Phantom Force
|
|upkeep
|turn|15
|
|t:|1781073483
|move|p2a: Dragapult|Phantom Force|p1a: Pecharunt|[from] lockedmove
|-supereffective|p1a: Pecharunt
|-damage|p1a: Pecharunt|0 fnt
|faint|p1a: Pecharunt
|
|upkeep
|
|t:|1781073490
|switch|p1a: Gholdengo|Gholdengo|70/100
|-damage|p1a: Gholdengo|64/100|[from] Stealth Rock
|-damage|p1a: Gholdengo|39/100|[from] Spikes
|turn|16
|
|t:|1781073496
|switch|p2a: Gholdengo|Gholdengo|36/100
|-damage|p2a: Gholdengo|19/100|[from] Spikes
|move|p1a: Gholdengo|Shadow Ball|p2a: Gholdengo
|-supereffective|p2a: Gholdengo
|-damage|p2a: Gholdengo|0 fnt
|faint|p2a: Gholdengo
|
|upkeep
|
|t:|1781073500
|switch|p2a: Greninja|Greninja, M|38/100
|-damage|p2a: Greninja|21/100|[from] Spikes
|turn|17
|inactive|Enigmatic Gale has 60 seconds left.
|
|t:|1781073531
|move|p2a: Greninja|Water Shuriken|p1a: Gholdengo
|-damage|p1a: Gholdengo|28/100
|-damage|p1a: Gholdengo|15/100
|-hitcount|p1a: Gholdengo|2
|-damage|p2a: Greninja|11/100|[from] item: Life Orb
|move|p1a: Gholdengo|Shadow Ball|p2a: Greninja
|-resisted|p2a: Greninja
|-damage|p2a: Greninja|0 fnt
|faint|p2a: Greninja
|
|upkeep
|
|t:|1781073538
|switch|p2a: Ceruledge|Ceruledge, M|100/100
|-damage|p2a: Ceruledge|84/100|[from] Spikes
|turn|18
|inactive|Enigmatic Gale has 60 seconds left.
|
|t:|1781073554
|move|p2a: Ceruledge|Shadow Sneak|p1a: Gholdengo
|-supereffective|p1a: Gholdengo
|-damage|p1a: Gholdengo|0 fnt
|faint|p1a: Gholdengo
|
|upkeep
|
|t:|1781073558
|switch|p1a: Walking Wake|Walking Wake, tera:Fairy|100/100
|turn|19
|
|t:|1781073572
|-terastallize|p2a: Ceruledge|Flying
|move|p1a: Walking Wake|Surf|p2a: Ceruledge
|-damage|p2a: Ceruledge|30/100
|move|p2a: Ceruledge|Bitter Blade|p1a: Walking Wake
|-damage|p1a: Walking Wake|42/100
|-heal|p2a: Ceruledge|64/100|[from] drain|[of] p1a: Walking Wake
|
|upkeep
|turn|20
|
|t:|1781073584
|move|p1a: Walking Wake|Draco Meteor|p2a: Ceruledge
|-damage|p2a: Ceruledge|0 fnt
|-unboost|p1a: Walking Wake|spa|2
|faint|p2a: Ceruledge
|
|upkeep
|
|t:|1781073586
|switch|p2a: Dragapult|Dragapult, F|68/100
|-damage|p2a: Dragapult|51/100|[from] Spikes
|turn|21
|
|t:|1781073596
|move|p2a: Dragapult|Phantom Force||[still]
|-prepare|p2a: Dragapult|Phantom Force
|move|p1a: Walking Wake|Draco Meteor|p2a: Dragapult|[miss]
|-miss|p1a: Walking Wake|p2a: Dragapult
|
|upkeep
|turn|22
|
|t:|1781073603
|move|p2a: Dragapult|Phantom Force|p1a: Walking Wake|[from] lockedmove
|-damage|p1a: Walking Wake|0 fnt
|faint|p1a: Walking Wake
|-end|p1a: Walking Wake|Protosynthesis|[silent]
|
|upkeep
|
|t:|1781073607
|switch|p1a: Dragonite|Dragonite, F|77/100
|turn|23
|inactive|Enigmatic Gale has 90 seconds left.
|
|t:|1781073612
|move|p2a: Dragapult|Phantom Force||[still]
|-prepare|p2a: Dragapult|Phantom Force
|move|p1a: Dragonite|Roost|p1a: Dragonite
|-heal|p1a: Dragonite|100/100
|-singleturn|p1a: Dragonite|move: Roost
|
|upkeep
|turn|24
|
|t:|1781073617
|move|p2a: Dragapult|Phantom Force|p1a: Dragonite|[from] lockedmove
|-damage|p1a: Dragonite|66/100
|move|p1a: Dragonite|Dragon Tail|p2a: Dragapult
|-supereffective|p2a: Dragapult
|-damage|p2a: Dragapult|0 fnt
|faint|p2a: Dragapult
|
|win|Enigmatic Gale
|raw|Enigmatic Gale's rating: 1494 &rarr; <strong>1520</strong><br />(+26 for winning)
|raw|PepeNike's rating: 1604 &rarr; <strong>1578</strong><br />(-26 for losing)
|l|☆PepeNike
|player|p2|
|l|☆Enigmatic Gale
|player|p1|
