|j|☆jonuz
|j|☆amiruae
|t:|1781162164
|gametype|singles
|player|p1|jonuz|170|1587
|player|p2|amiruae|palmer|1531
|gen|9
|tier|[Gen 9] OU
|rated|
|rule|HP Percentage Mod: HP is shown in percentages
|rule|Endless Battle Clause: Forcing endless battles is banned
|rule|Species Clause: Limit one of each Pokémon
|rule|OHKO Clause: OHKO moves are banned
|rule|Evasion Items Clause: Evasion items are banned
|rule|Evasion Moves Clause: Evasion moves are banned
|rule|Evasion Abilities Clause: Evasion abilities are banned
|rule|Sleep Moves Clause: Sleep-inducing moves are banned
|clearpoke
|poke|p1|Sinistcha|
|poke|p1|Samurott-Hisui, M|
|poke|p1|Clefable, F|
|poke|p1|Moltres|
|poke|p1|Ting-Lu|
|poke|p1|Kommo-o, F|
|poke|p2|Dragonite, M|
|poke|p2|Moltres|
|poke|p2|Iron Moth|
|poke|p2|Iron Boulder|
|poke|p2|Zapdos-Galar|
|poke|p2|Rotom-Wash|
|teampreview
|inactive|Battle timer is ON: inactive players will automatically lose when time's up. (requested by amiruae)
|
|t:|1781162181
|teamsize|p1|6
|teamsize|p2|6
|start
|switch|p1a: Clefable|Clefable, F|100/100
|switch|p2a: Rotom|Rotom-Wash|100/100
|turn|1
|
|t:|1781162186
|move|p2a: Rotom|Hydro Pump|p1a: Clefable
|-damage|p1a: Clefable|48/100
|move|p1a: Clefable|Stealth Rock|p2a: Rotom
|-sidestart|p2: amiruae|move: Stealth Rock
|
|-heal|p1a: Clefable|55/100|[from] item: Leftovers
|upkeep
|turn|2
|
|t:|1781162198
|move|p2a: Rotom|Hydro Pump|p1a: Clefable
|-damage|p1a: Clefable|1/100
|move|p1a: Clefable|Moonlight|p1a: Clefable
|-heal|p1a: Clefable|51/100
|
|-heal|p1a: Clefable|57/100|[from] item: Leftovers
|upkeep
|turn|3
|
|t:|1781162210
|switch|p2a: Iron Moth|Iron Moth|100/100
|-damage|p2a: Iron Moth|75/100|[from] Stealth Rock
|-enditem|p2a: Iron Moth|Booster Energy
|-activate|p2a: Iron Moth|ability: Quark Drive|[fromitem]
|-start|p2a: Iron Moth|quarkdrivespe
|move|p1a: Clefable|Moonlight|p1a: Clefable
|-heal|p1a: Clefable|100/100
|
|upkeep
|turn|4
|
|t:|1781162220
|switch|p1a: Ting-Lu|Ting-Lu|100/100
|-ability|p1a: Ting-Lu|Vessel of Ruin
|move|p2a: Iron Moth|Fiery Dance|p1a: Ting-Lu
|-damage|p1a: Ting-Lu|85/100
|-boost|p2a: Iron Moth|spa|1
|
|-heal|p1a: Ting-Lu|91/100|[from] item: Leftovers
|upkeep
|turn|5
|
|t:|1781162229
|-terastallize|p2a: Iron Moth|Grass
|move|p2a: Iron Moth|Fiery Dance|p1a: Ting-Lu
|-crit|p1a: Ting-Lu
|-damage|p1a: Ting-Lu|53/100
|move|p1a: Ting-Lu|Ruination|p2a: Iron Moth
|-damage|p2a: Iron Moth|38/100
|
|-heal|p1a: Ting-Lu|60/100|[from] item: Leftovers
|upkeep
|turn|6
|
|t:|1781162240
|move|p2a: Iron Moth|Energy Ball|p1a: Ting-Lu
|-supereffective|p1a: Ting-Lu
|-damage|p1a: Ting-Lu|0 fnt
|faint|p1a: Ting-Lu
|
|upkeep
|inactive|jonuz has 120 seconds left.
|
|t:|1781162269
|switch|p1a: Kommo-o|Kommo-o, F|100/100
|turn|7
|
|t:|1781162272
|move|p2a: Iron Moth|Dazzling Gleam|p1a: Kommo-o
|-supereffective|p1a: Kommo-o
|-damage|p1a: Kommo-o|0 fnt
|faint|p1a: Kommo-o
|
|upkeep
|
|t:|1781162274
|switch|p1a: Moltres|Moltres|100/100
|turn|8
|
|t:|1781162279
|move|p2a: Iron Moth|Sludge Wave|p1a: Moltres
|-damage|p1a: Moltres|26/100
|-status|p1a: Moltres|psn
|move|p1a: Moltres|Hurricane|p2a: Iron Moth
|-supereffective|p2a: Iron Moth
|-damage|p2a: Iron Moth|0 fnt
|faint|p2a: Iron Moth
|-end|p2a: Iron Moth|Quark Drive|[silent]
|
|-damage|p1a: Moltres|14/100 psn|[from] psn
|upkeep
|
|t:|1781162298
|switch|p2a: Iron Boulder|Iron Boulder|100/100
|-damage|p2a: Iron Boulder|88/100|[from] Stealth Rock
|-enditem|p2a: Iron Boulder|Booster Energy
|-activate|p2a: Iron Boulder|ability: Quark Drive|[fromitem]
|-start|p2a: Iron Boulder|quarkdrivespe
|turn|9
|
|t:|1781162301
|move|p2a: Iron Boulder|Mighty Cleave|p1a: Moltres
|-supereffective|p1a: Moltres
|-damage|p1a: Moltres|0 fnt
|-status|p2a: Iron Boulder|brn|[from] ability: Flame Body|[of] p1a: Moltres
|faint|p1a: Moltres
|
|-damage|p2a: Iron Boulder|82/100 brn|[from] brn
|upkeep
|
|t:|1781162306
|switch|p1a: Samurott|Samurott-Hisui, M|100/100
|turn|10
|
|t:|1781162313
|move|p2a: Iron Boulder|Brick Break|p1a: Samurott
|-supereffective|p1a: Samurott
|-damage|p1a: Samurott|67/100
|move|p1a: Samurott|Flip Turn|p2a: Iron Boulder
|-supereffective|p2a: Iron Boulder
|-damage|p2a: Iron Boulder|10/100 brn
|
|t:|1781162319
|switch|p1a: Sinistcha|Sinistcha|100/100|[from] Flip Turn
|
|-damage|p2a: Iron Boulder|4/100 brn|[from] brn
|upkeep
|turn|11
|
|t:|1781162324
|move|p2a: Iron Boulder|Mighty Cleave|p1a: Sinistcha
|-damage|p1a: Sinistcha|83/100
|move|p1a: Sinistcha|Calm Mind|p1a: Sinistcha
|-boost|p1a: Sinistcha|spa|1
|-boost|p1a: Sinistcha|spd|1
|
|-damage|p2a: Iron Boulder|0 fnt|[from] brn
|faint|p2a: Iron Boulder
|-end|p2a: Iron Boulder|Quark Drive|[silent]
|upkeep
|
|t:|1781162333
|switch|p2a: Zapdos|Zapdos-Galar|100/100
|-damage|p2a: Zapdos|88/100|[from] Stealth Rock
|turn|12
|
|t:|1781162345
|switch|p1a: Clefable|Clefable, F|100/100
|move|p2a: Zapdos|Brave Bird|p1a: Clefable
|-damage|p1a: Clefable|47/100
|-damage|p2a: Zapdos|68/100|[from] Recoil
|
|-heal|p1a: Clefable|53/100|[from] item: Leftovers
|upkeep
|turn|13
|
|t:|1781162352
|move|p2a: Zapdos|Brave Bird|p1a: Clefable
|-damage|p1a: Clefable|0 fnt
|faint|p1a: Clefable
|-damage|p2a: Zapdos|47/100|[from] Recoil
|
|upkeep
|
|t:|1781162355
|switch|p1a: Samurott|Samurott-Hisui, M|67/100
|turn|14
|
|t:|1781162362
|move|p1a: Samurott|Razor Shell|p2a: Zapdos
|-damage|p2a: Zapdos|0 fnt
|faint|p2a: Zapdos
|
|upkeep
|
|t:|1781162369
|switch|p2a: Rotom|Rotom-Wash|100/100
|-damage|p2a: Rotom|88/100|[from] Stealth Rock
|turn|15
|
|t:|1781162372
|switch|p1a: Sinistcha|Sinistcha|83/100
|move|p2a: Rotom|Thunderbolt|p1a: Sinistcha
|-resisted|p1a: Sinistcha
|-damage|p1a: Sinistcha|57/100
|
|-heal|p2a: Rotom|94/100|[from] item: Leftovers
|upkeep
|turn|16
|
|t:|1781162377
|move|p2a: Rotom|Nasty Plot|p2a: Rotom
|-boost|p2a: Rotom|spa|2
|move|p1a: Sinistcha|Strength Sap|p2a: Rotom
|-unboost|p2a: Rotom|atk|1
|-heal|p1a: Sinistcha|92/100
|
|-heal|p2a: Rotom|99/100|[from] item: Leftovers
|upkeep
|turn|17
|
|t:|1781162383
|move|p2a: Rotom|Hydro Pump|p1a: Sinistcha
|-resisted|p1a: Sinistcha
|-damage|p1a: Sinistcha|25/100
|move|p1a: Sinistcha|Calm Mind|p1a: Sinistcha
|-boost|p1a: Sinistcha|spa|1
|-boost|p1a: Sinistcha|spd|1
|
|-heal|p2a: Rotom|100/100|[from] item: Leftovers
|upkeep
|turn|18
|
|t:|1781162388
|move|p2a: Rotom|Thunderbolt|p1a: Sinistcha
|-resisted|p1a: Sinistcha
|-damage|p1a: Sinistcha|0 fnt
|faint|p1a: Sinistcha
|
|upkeep
|-message|jonuz forfeited.
|
|win|amiruae
|raw|jonuz's rating: 1587 &rarr; <strong>1564</strong><br />(-23 for losing)
|raw|amiruae's rating: 1531 &rarr; <strong>1554</strong><br />(+23 for winning)
|l|☆jonuz
|player|p1|
|l|☆amiruae
|player|p2|
