|j|☆TwinkleLittleStars
|j|☆bahnmiking
|t:|1781515955
|gametype|singles
|player|p1|TwinkleLittleStars|alec-anime|1538
|player|p2|bahnmiking|266|1561
|gen|9
|tier|[Gen 9] OU
|rated|
|rule|HP Percentage Mod: HP is shown in percentages
|rule|Endless Battle Clause: Forcing endless battles is banned
|rule|Species Clause: Limit one of each Pokémon
|rule|OHKO Clause: OHKO moves are banned
|rule|Evasion Items Clause: Evasion items are banned
|rule|Evasion Moves Clause: Evasion moves are banned
|rule|Evasion Abilities Clause: Evasion abilities are banned
|rule|Sleep Moves Clause: Sleep-inducing moves are banned
|clearpoke
|poke|p1|Zapdos|
|poke|p1|Slowking-Galar, F|
|poke|p1|Great Tusk|
|poke|p1|Clefable, F|
|poke|p1|Darkrai|
|poke|p1|Samurott-Hisui, M|
|poke|p2|Clodsire, F|
|poke|p2|Toxapex, M|
|poke|p2|Corviknight, M|
|poke|p2|Dondozo, F|
|poke|p2|Clefable, F|
|poke|p2|Gliscor, M|
|teampreview
|
|t:|1781515964
|teamsize|p1|6
|teamsize|p2|6
|start
|switch|p1a: Slowking|Slowking-Galar, F|100/100
|switch|p2a: love this for you|Clefable, F|100/100
|turn|1
|
|t:|1781515972
|move|p2a: love this for you|Stealth Rock|p1a: Slowking
|-sidestart|p1: TwinkleLittleStars|move: Stealth Rock
|move|p1a: Slowking|Future Sight|p2a: love this for you
|-start|p1a: Slowking|move: Future Sight
|
|upkeep
|turn|2
|
|t:|1781515989
|switch|p2a: nothing new there|Gliscor, M|100/100
|move|p1a: Slowking|Sludge Bomb|p2a: nothing new there
|-resisted|p2a: nothing new there
|-damage|p2a: nothing new there|72/100
|
|-status|p2a: nothing new there|tox|[from] item: Toxic Orb
|upkeep
|turn|3
|
|t:|1781515997
|switch|p2a: per my last turn|Corviknight, M|100/100
|-ability|p2a: per my last turn|Pressure
|switch|p1a: Great Tusk|Great Tusk|100/100
|
|-end|p2a: per my last turn|move: Future Sight
|-resisted|p2a: per my last turn
|-damage|p2a: per my last turn|78/100
|-heal|p2a: per my last turn|85/100|[from] item: Leftovers
|upkeep
|turn|4
|
|t:|1781516006
|move|p1a: Great Tusk|Knock Off|p2a: per my last turn
|-damage|p2a: per my last turn|62/100
|-enditem|p2a: per my last turn|Leftovers|[from] move: Knock Off|[of] p1a: Great Tusk
|move|p2a: per my last turn|Brave Bird|p1a: Great Tusk
|-supereffective|p1a: Great Tusk
|-damage|p1a: Great Tusk|63/100
|-damage|p2a: per my last turn|48/100|[from] Recoil
|
|upkeep
|turn|5
|
|t:|1781516013
|move|p1a: Great Tusk|Rapid Spin|p2a: per my last turn
|-resisted|p2a: per my last turn
|-damage|p2a: per my last turn|42/100
|-boost|p1a: Great Tusk|spe|1
|-sideend|p1: TwinkleLittleStars|Stealth Rock|[from] move: Rapid Spin|[of] p1a: Great Tusk
|move|p2a: per my last turn|Roost|p2a: per my last turn
|-heal|p2a: per my last turn|92/100
|-singleturn|p2a: per my last turn|move: Roost
|
|upkeep
|turn|6
|
|t:|1781516024
|-end|p1a: Great Tusk|Protosynthesis|[silent]
|switch|p1a: Zapdos|Zapdos|100/100
|switch|p2a: did you calc that?|Clodsire, F|100/100
|
|upkeep
|turn|7
|
|t:|1781516030
|-terastallize|p1a: Zapdos|Flying
|move|p1a: Zapdos|Hurricane|p2a: did you calc that?
|-damage|p2a: did you calc that?|40/100
|move|p2a: did you calc that?|Spikes|p1a: Zapdos
|-sidestart|p1: TwinkleLittleStars|Spikes
|
|upkeep
|turn|8
|
|t:|1781516042
|switch|p2a: per my last turn|Corviknight, M|92/100
|-ability|p2a: per my last turn|Pressure
|move|p1a: Zapdos|Hurricane|p2a: per my last turn
|-resisted|p2a: per my last turn
|-crit|p2a: per my last turn
|-damage|p2a: per my last turn|32/100
|-start|p2a: per my last turn|confusion
|
|upkeep
|turn|9
|
|t:|1781516053
|-activate|p2a: per my last turn|confusion
|move|p2a: per my last turn|Protect|p2a: per my last turn
|-singleturn|p2a: per my last turn|Protect
|move|p1a: Zapdos|Hurricane|p2a: per my last turn
|-activate|p2a: per my last turn|move: Protect
|
|upkeep
|turn|10
|
|t:|1781516068
|move|p1a: Zapdos|Hurricane|p2a: per my last turn
|-resisted|p2a: per my last turn
|-damage|p2a: per my last turn|0 fnt
|faint|p2a: per my last turn
|
|upkeep
|c|☆bahnmiking|70% accurate move crits and gets confusion
|c|☆bahnmiking|Turn one f*** my life
|c|☆TwinkleLittleStars|stall moment icl
|c|☆bahnmiking|Not even LMFAO
|c|☆bahnmiking|Maybe if I switched it in like 10 times
|c|☆bahnmiking|But on the literal first switch
|c|☆TwinkleLittleStars|longer games on average lead to more likely hax
|
|t:|1781516112
|switch|p2a: did you calc that?|Clodsire, F|40/100
|turn|11
|
|t:|1781516117
|-terastallize|p2a: did you calc that?|Steel
|move|p1a: Zapdos|Hurricane|p2a: did you calc that?
|-resisted|p2a: did you calc that?
|-damage|p2a: did you calc that?|13/100
|move|p2a: did you calc that?|Recover|p2a: did you calc that?
|-heal|p2a: did you calc that?|63/100
|
|upkeep
|turn|12
|
|t:|1781516126
|switch|p1a: Great Tusk|Great Tusk|63/100
|move|p2a: did you calc that?|Poison Jab|p1a: Great Tusk
|-resisted|p1a: Great Tusk
|-damage|p1a: Great Tusk|57/100
|
|upkeep
|turn|13
|
|t:|1781516132
|switch|p2a: love this for you|Clefable, F|100/100
|move|p1a: Great Tusk|Rapid Spin|p2a: love this for you
|-damage|p2a: love this for you|88/100
|-boost|p1a: Great Tusk|spe|1
|-sideend|p1: TwinkleLittleStars|Spikes|[from] move: Rapid Spin|[of] p1a: Great Tusk
|
|upkeep
|turn|14
|
|t:|1781516137
|-end|p1a: Great Tusk|Protosynthesis|[silent]
|switch|p1a: Slowking|Slowking-Galar, F|100/100
|move|p2a: love this for you|Stealth Rock|p1a: Slowking
|-sidestart|p1: TwinkleLittleStars|move: Stealth Rock
|
|upkeep
|turn|15
|
|t:|1781516140
|move|p2a: love this for you|Knock Off|p1a: Slowking
|-supereffective|p1a: Slowking
|-damage|p1a: Slowking|69/100
|-enditem|p1a: Slowking|Assault Vest|[from] move: Knock Off|[of] p2a: love this for you
|move|p1a: Slowking|Future Sight|p2a: love this for you
|-start|p1a: Slowking|move: Future Sight
|
|upkeep
|turn|16
|
|t:|1781516145
|switch|p2a: did you calc that?|Clodsire, F, tera:Steel|63/100
|switch|p1a: Samurott|Samurott-Hisui, M|100/100
|-damage|p1a: Samurott|88/100|[from] Stealth Rock
|
|upkeep
|turn|17
|
|t:|1781516152
|move|p1a: Samurott|Ceaseless Edge|p2a: did you calc that?
|-damage|p2a: did you calc that?|13/100
|-sidestart|p2: bahnmiking|Spikes
|move|p2a: did you calc that?|Poison Jab|p1a: Samurott
|-damage|p1a: Samurott|61/100
|
|-end|p2a: did you calc that?|move: Future Sight
|-resisted|p2a: did you calc that?
|-damage|p2a: did you calc that?|0 fnt
|faint|p2a: did you calc that?
|upkeep
|c|☆bahnmiking|Where's my first turn poison? This game f****** sucks
|l|☆bahnmiking
|player|p2|
|c|☆TwinkleLittleStars|dunno probably when it happens
|inactive|Battle timer is ON: inactive players will automatically lose when time's up. (requested by TwinkleLittleStars)
|inactive|bahnmiking has 30 seconds to reconnect!
|inactive|bahnmiking has 20 seconds to reconnect!
|inactive|bahnmiking has 15 seconds to reconnect!
|inactive|bahnmiking has 10 seconds to reconnect!
|inactive|bahnmiking has 5 seconds to reconnect!
|-message|bahnmiking lost due to inactivity.
|
|win|TwinkleLittleStars
|raw|TwinkleLittleStars's rating: 1538 &rarr; <strong>1559</strong><br />(+21 for winning)
|raw|bahnmiking's rating: 1561 &rarr; <strong>1540</strong><br />(-21 for losing)
|l|☆TwinkleLittleStars
|player|p1|
