|j|☆K-OnCrayonNibbler
|j|☆ja hoi
|t:|1780992786
|gametype|singles
|player|p1|K-OnCrayonNibbler|camper|1515
|player|p2|ja hoi|170|1640
|gen|9
|tier|[Gen 9] OU
|rated|
|rule|HP Percentage Mod: HP is shown in percentages
|rule|Endless Battle Clause: Forcing endless battles is banned
|rule|Species Clause: Limit one of each Pokémon
|rule|OHKO Clause: OHKO moves are banned
|rule|Evasion Items Clause: Evasion items are banned
|rule|Evasion Moves Clause: Evasion moves are banned
|rule|Evasion Abilities Clause: Evasion abilities are banned
|rule|Sleep Moves Clause: Sleep-inducing moves are banned
|clearpoke
|poke|p1|Kingambit, F|
|poke|p1|Cinderace, F|
|poke|p1|Landorus-Therian, M|
|poke|p1|Iron Valiant|
|poke|p1|Kyurem|
|poke|p1|Slowking-Galar, M|
|poke|p2|Quaquaval, F|
|poke|p2|Zamazenta-*|
|poke|p2|Dragapult, F|
|poke|p2|Garganacl, F|
|poke|p2|Grimmsnarl, M|
|poke|p2|Iron Moth|
|teampreview
|inactive|Battle timer is ON: inactive players will automatically lose when time's up. (requested by ja hoi)
|
|t:|1780992797
|teamsize|p1|6
|teamsize|p2|6
|start
|switch|p1a: Landorus|Landorus-Therian, M, shiny|100/100
|switch|p2a: Grimmsnarl|Grimmsnarl, M|100/100
|-ability|p1a: Landorus|Intimidate|boost
|-unboost|p2a: Grimmsnarl|atk|1
|turn|1
|
|t:|1780992808
|move|p2a: Grimmsnarl|Taunt|p1a: Landorus
|-start|p1a: Landorus|move: Taunt
|move|p1a: Landorus|Rock Tomb|p2a: Grimmsnarl
|-damage|p2a: Grimmsnarl|77/100
|-unboost|p2a: Grimmsnarl|spe|1
|
|upkeep
|turn|2
|
|t:|1780992816
|move|p2a: Grimmsnarl|Reflect|p2a: Grimmsnarl
|-sidestart|p2: ja hoi|Reflect
|move|p1a: Landorus|Earthquake|p2a: Grimmsnarl
|-damage|p2a: Grimmsnarl|49/100
|
|upkeep
|turn|3
|
|t:|1780992838
|move|p2a: Grimmsnarl|Light Screen|p2a: Grimmsnarl
|-sidestart|p2: ja hoi|move: Light Screen
|move|p1a: Landorus|Earthquake|p2a: Grimmsnarl
|-damage|p2a: Grimmsnarl|23/100
|
|-end|p1a: Landorus|move: Taunt
|upkeep
|turn|4
|
|t:|1780992845
|move|p2a: Grimmsnarl|Taunt|p1a: Landorus
|-start|p1a: Landorus|move: Taunt
|move|p1a: Landorus|Earthquake|p2a: Grimmsnarl
|-damage|p2a: Grimmsnarl|0 fnt
|faint|p2a: Grimmsnarl
|
|upkeep
|
|t:|1780992854
|switch|p2a: Quaquaval|Quaquaval, F|100/100
|turn|5
|
|t:|1780992860
|-terastallize|p2a: Quaquaval|Water
|move|p1a: Landorus|U-turn|p2a: Quaquaval
|-damage|p2a: Quaquaval|87/100
|
|t:|1780992865
|switch|p1a: Kyurem|Kyurem, shiny|100/100|[from] U-turn
|-ability|p1a: Kyurem|Pressure
|move|p2a: Quaquaval|Aqua Step|p1a: Kyurem
|-resisted|p1a: Kyurem
|-damage|p1a: Kyurem|70/100
|-boost|p2a: Quaquaval|spe|1
|
|-heal|p1a: Kyurem|76/100|[from] item: Leftovers
|upkeep
|turn|6
|
|t:|1780992875
|switch|p1a: Landorus|Landorus-Therian, M, shiny|100/100
|-ability|p1a: Landorus|Intimidate|boost
|-unboost|p2a: Quaquaval|atk|1
|move|p2a: Quaquaval|Aqua Step|p1a: Landorus
|-supereffective|p1a: Landorus
|-damage|p1a: Landorus|28/100
|-boost|p2a: Quaquaval|spe|1
|-damage|p2a: Quaquaval|71/100|[from] item: Rocky Helmet|[of] p1a: Landorus
|
|upkeep
|turn|7
|
|t:|1780992885
|switch|p1a: Slowking|Slowking-Galar, M, shiny|100/100
|move|p2a: Quaquaval|Aqua Step|p1a: Slowking
|-damage|p1a: Slowking|60/100
|-boost|p2a: Quaquaval|spe|1
|
|upkeep
|turn|8
|
|t:|1780992891
|move|p2a: Quaquaval|Aqua Step|p1a: Slowking
|-damage|p1a: Slowking|15/100
|-boost|p2a: Quaquaval|spe|1
|move|p1a: Slowking|Psychic Noise|p2a: Quaquaval
|-damage|p2a: Quaquaval|52/100
|-start|p2a: Quaquaval|move: Heal Block
|
|upkeep
|turn|9
|
|t:|1780992902
|switch|p1a: Kyurem|Kyurem, shiny|76/100
|-ability|p1a: Kyurem|Pressure
|move|p2a: Quaquaval|Aqua Step|p1a: Kyurem
|-resisted|p1a: Kyurem
|-damage|p1a: Kyurem|56/100
|-boost|p2a: Quaquaval|spe|1
|
|-heal|p1a: Kyurem|62/100|[from] item: Leftovers
|-end|p2a: Quaquaval|move: Heal Block
|-sideend|p2: ja hoi|Reflect
|upkeep
|turn|10
|
|t:|1780992915
|move|p1a: Kyurem|Protect|p1a: Kyurem
|-singleturn|p1a: Kyurem|Protect
|move|p2a: Quaquaval|Close Combat|p1a: Kyurem
|-activate|p1a: Kyurem|move: Protect
|
|-heal|p1a: Kyurem|68/100|[from] item: Leftovers
|-sideend|p2: ja hoi|move: Light Screen
|upkeep
|turn|11
|
|t:|1780992926
|switch|p1a: Slowking|Slowking-Galar, M, shiny|48/100
|move|p2a: Quaquaval|Aqua Step|p1a: Slowking
|-damage|p1a: Slowking|6/100
|-boost|p2a: Quaquaval|spe|1
|
|upkeep
|turn|12
|
|t:|1780992935
|switch|p1a: Landorus|Landorus-Therian, M, shiny|28/100
|-ability|p1a: Landorus|Intimidate|boost
|-unboost|p2a: Quaquaval|atk|1
|move|p2a: Quaquaval|Aqua Step|p1a: Landorus
|-supereffective|p1a: Landorus
|-damage|p1a: Landorus|0 fnt
|-damage|p2a: Quaquaval|36/100|[from] item: Rocky Helmet|[of] p1a: Landorus
|faint|p1a: Landorus
|-ability|p2a: Quaquaval|Moxie|boost
|-boost|p2a: Quaquaval|atk|1
|
|upkeep
|
|t:|1780992948
|switch|p1a: Kingambit|Kingambit, F|100/100
|-activate|p1a: Kingambit|ability: Supreme Overlord
|-start|p1a: Kingambit|fallen1|[silent]
|turn|13
|
|t:|1780992952
|move|p2a: Quaquaval|Aqua Jet|p1a: Kingambit
|-damage|p1a: Kingambit|82/100
|move|p1a: Kingambit|Sucker Punch||[still]
|-fail|p1a: Kingambit
|
|-heal|p1a: Kingambit|88/100|[from] item: Leftovers
|upkeep
|turn|14
|
|t:|1780992959
|switch|p2a: Zamazenta|Zamazenta|100/100
|-ability|p2a: Zamazenta|Dauntless Shield|boost
|-boost|p2a: Zamazenta|def|1
|move|p1a: Kingambit|Sucker Punch||[still]
|-fail|p1a: Kingambit
|
|-heal|p1a: Kingambit|94/100|[from] item: Leftovers
|upkeep
|turn|15
|
|t:|1780992969
|-end|p1a: Kingambit|fallen1|[silent]
|switch|p1a: Cinderace|Cinderace, F, shiny|100/100
|move|p2a: Zamazenta|Body Press|p1a: Cinderace
|-damage|p1a: Cinderace|42/100
|
|upkeep
|turn|16
|
|t:|1780992976
|switch|p1a: Slowking|Slowking-Galar, M, shiny|39/100
|move|p2a: Zamazenta|Body Press|p1a: Slowking
|-resisted|p1a: Slowking
|-damage|p1a: Slowking|27/100
|
|upkeep
|turn|17
|
|t:|1780992982
|switch|p1a: Kingambit|Kingambit, F|94/100
|-activate|p1a: Kingambit|ability: Supreme Overlord
|-start|p1a: Kingambit|fallen1|[silent]
|move|p2a: Zamazenta|Crunch|p1a: Kingambit
|-resisted|p1a: Kingambit
|-damage|p1a: Kingambit|85/100
|
|-heal|p1a: Kingambit|91/100|[from] item: Leftovers
|upkeep
|turn|18
|
|t:|1780992991
|-end|p1a: Kingambit|fallen1|[silent]
|switch|p1a: Slowking|Slowking-Galar, M, shiny|60/100
|move|p2a: Zamazenta|Crunch|p1a: Slowking
|-supereffective|p1a: Slowking
|-damage|p1a: Slowking|16/100
|
|upkeep
|turn|19
|
|t:|1780992999
|move|p2a: Zamazenta|Crunch|p1a: Slowking
|-supereffective|p1a: Slowking
|-damage|p1a: Slowking|0 fnt
|faint|p1a: Slowking
|
|upkeep
|
|t:|1780993002
|switch|p1a: Iron Valiant|Iron Valiant|100/100
|-enditem|p1a: Iron Valiant|Booster Energy
|-activate|p1a: Iron Valiant|ability: Quark Drive|[fromitem]
|-start|p1a: Iron Valiant|quarkdrivespe
|turn|20
|
|t:|1780993010
|switch|p2a: Garganacl|Garganacl, F|100/100
|move|p1a: Iron Valiant|Calm Mind|p1a: Iron Valiant
|-boost|p1a: Iron Valiant|spa|1
|-boost|p1a: Iron Valiant|spd|1
|
|upkeep
|turn|21
|
|t:|1780993020
|move|p1a: Iron Valiant|Moonblast|p2a: Garganacl
|-damage|p2a: Garganacl|51/100
|move|p2a: Garganacl|Salt Cure|p1a: Iron Valiant
|-resisted|p1a: Iron Valiant
|-damage|p1a: Iron Valiant|92/100
|-start|p1a: Iron Valiant|Salt Cure
|
|-heal|p2a: Garganacl|58/100|[from] item: Leftovers
|-damage|p1a: Iron Valiant|80/100|[from] Salt Cure
|upkeep
|turn|22
|
|t:|1780993028
|move|p1a: Iron Valiant|Calm Mind|p1a: Iron Valiant
|-boost|p1a: Iron Valiant|spa|1
|-boost|p1a: Iron Valiant|spd|1
|move|p2a: Garganacl|Salt Cure|p1a: Iron Valiant
|-resisted|p1a: Iron Valiant
|-damage|p1a: Iron Valiant|71/100
|
|-heal|p2a: Garganacl|64/100|[from] item: Leftovers
|-damage|p1a: Iron Valiant|59/100|[from] Salt Cure
|upkeep
|turn|23
|
|t:|1780993037
|move|p1a: Iron Valiant|Moonblast|p2a: Garganacl
|-damage|p2a: Garganacl|0 fnt
|faint|p2a: Garganacl
|
|-damage|p1a: Iron Valiant|46/100|[from] Salt Cure
|upkeep
|
|t:|1780993045
|switch|p2a: Quaquaval|Quaquaval, F, tera:Water|36/100
|turn|24
|
|t:|1780993048
|move|p2a: Quaquaval|Aqua Jet|p1a: Iron Valiant
|-damage|p1a: Iron Valiant|2/100
|move|p1a: Iron Valiant|Moonblast|p2a: Quaquaval
|-damage|p2a: Quaquaval|0 fnt
|faint|p2a: Quaquaval
|
|-damage|p1a: Iron Valiant|0 fnt|[from] Salt Cure
|faint|p1a: Iron Valiant
|-end|p1a: Iron Valiant|Quark Drive|[silent]
|upkeep
|
|t:|1780993058
|switch|p1a: Kingambit|Kingambit, F|91/100
|switch|p2a: Zamazenta|Zamazenta|100/100
|-activate|p1a: Kingambit|ability: Supreme Overlord
|-start|p1a: Kingambit|fallen3|[silent]
|turn|25
|
|t:|1780993065
|-terastallize|p1a: Kingambit|Flying
|move|p2a: Zamazenta|Iron Defense|p2a: Zamazenta
|-boost|p2a: Zamazenta|def|2
|move|p1a: Kingambit|Swords Dance|p1a: Kingambit
|-boost|p1a: Kingambit|atk|2
|
|-heal|p1a: Kingambit|98/100|[from] item: Leftovers
|upkeep
|turn|26
|
|t:|1780993073
|move|p2a: Zamazenta|Crunch|p1a: Kingambit
|-crit|p1a: Kingambit
|-damage|p1a: Kingambit|71/100
|move|p1a: Kingambit|Iron Head|p2a: Zamazenta
|-damage|p2a: Zamazenta|56/100
|
|-heal|p2a: Zamazenta|63/100|[from] item: Leftovers
|-heal|p1a: Kingambit|77/100|[from] item: Leftovers
|upkeep
|turn|27
|
|t:|1780993081
|move|p2a: Zamazenta|Iron Defense|p2a: Zamazenta
|-boost|p2a: Zamazenta|def|2
|move|p1a: Kingambit|Iron Head|p2a: Zamazenta
|-damage|p2a: Zamazenta|30/100
|
|-heal|p2a: Zamazenta|36/100|[from] item: Leftovers
|-heal|p1a: Kingambit|83/100|[from] item: Leftovers
|upkeep
|turn|28
|
|t:|1780993090
|move|p2a: Zamazenta|Body Press|p1a: Kingambit
|-resisted|p1a: Kingambit
|-damage|p1a: Kingambit|47/100
|move|p1a: Kingambit|Iron Head|p2a: Zamazenta
|-damage|p2a: Zamazenta|5/100
|
|-heal|p2a: Zamazenta|12/100|[from] item: Leftovers
|-heal|p1a: Kingambit|53/100|[from] item: Leftovers
|upkeep
|turn|29
|
|t:|1780993099
|move|p2a: Zamazenta|Iron Defense|p2a: Zamazenta
|-boost|p2a: Zamazenta|def|2
|move|p1a: Kingambit|Swords Dance|p1a: Kingambit
|-boost|p1a: Kingambit|atk|2
|
|-heal|p2a: Zamazenta|18/100|[from] item: Leftovers
|-heal|p1a: Kingambit|60/100|[from] item: Leftovers
|upkeep
|turn|30
|c|☆ja hoi|fuck
|
|t:|1780993107
|move|p2a: Zamazenta|Iron Defense|p2a: Zamazenta
|-boost|p2a: Zamazenta|def|0
|move|p1a: Kingambit|Iron Head|p2a: Zamazenta
|-damage|p2a: Zamazenta|0 fnt
|faint|p2a: Zamazenta
|
|-heal|p1a: Kingambit|66/100|[from] item: Leftovers
|upkeep
|c|☆ja hoi|NO
|
|t:|1780993114
|switch|p2a: Dragapult|Dragapult, F|100/100
|turn|31
|
|t:|1780993121
|move|p2a: Dragapult|Sucker Punch|p1a: Kingambit
|-damage|p1a: Kingambit|46/100
|move|p1a: Kingambit|Sucker Punch||[still]
|-fail|p1a: Kingambit
|
|-heal|p1a: Kingambit|53/100|[from] item: Leftovers
|upkeep
|turn|32
|
|t:|1780993127
|move|p2a: Dragapult|Sucker Punch|p1a: Kingambit
|-damage|p1a: Kingambit|31/100
|move|p1a: Kingambit|Sucker Punch||[still]
|-fail|p1a: Kingambit
|
|-heal|p1a: Kingambit|38/100|[from] item: Leftovers
|upkeep
|turn|33
|
|t:|1780993133
|move|p2a: Dragapult|Dragon Darts|p1a: Kingambit
|-damage|p1a: Kingambit|18/100
|-anim|p2a: Dragapult|Dragon Darts|p1a: Kingambit
|-damage|p1a: Kingambit|0 fnt
|faint|p1a: Kingambit
|-end|p1a: Kingambit|fallen3|[silent]
|
|upkeep
|
|t:|1780993136
|switch|p1a: Cinderace|Cinderace, F, shiny|42/100
|turn|34
|c|☆ja hoi|jesus
|c|☆ja hoi|that was close
|
|t:|1780993142
|move|p2a: Dragapult|Dragon Dance|p2a: Dragapult
|-boost|p2a: Dragapult|atk|1
|-boost|p2a: Dragapult|spe|1
|move|p1a: Cinderace|Will-O-Wisp|p2a: Dragapult
|-status|p2a: Dragapult|brn
|
|-damage|p2a: Dragapult|95/100 brn|[from] brn
|upkeep
|turn|35
|
|t:|1780993150
|move|p2a: Dragapult|Dragon Dance|p2a: Dragapult
|-boost|p2a: Dragapult|atk|1
|-boost|p2a: Dragapult|spe|1
|move|p1a: Cinderace|Pyro Ball|p2a: Dragapult
|-resisted|p2a: Dragapult
|-damage|p2a: Dragapult|56/100 brn
|
|-heal|p2a: Dragapult|62/100 brn|[from] item: Leftovers
|-damage|p2a: Dragapult|56/100 brn|[from] brn
|upkeep
|turn|36
|
|t:|1780993158
|move|p2a: Dragapult|Sucker Punch|p1a: Cinderace
|-damage|p1a: Cinderace|14/100
|move|p1a: Cinderace|Pyro Ball|p2a: Dragapult
|-resisted|p2a: Dragapult
|-damage|p2a: Dragapult|0 fnt
|faint|p2a: Dragapult
|
|upkeep
|c|☆ja hoi|what
|c|☆ja hoi|what happened there
|c|☆ja hoi|oh
|c|☆ja hoi|blaze
|c|☆ja hoi|not libero
|
|t:|1780993173
|switch|p2a: Iron Moth|Iron Moth|100/100
|-enditem|p2a: Iron Moth|Booster Energy
|-activate|p2a: Iron Moth|ability: Quark Drive|[fromitem]
|-start|p2a: Iron Moth|quarkdrivespa
|turn|37
|
|t:|1780993181
|move|p1a: Cinderace|Pyro Ball|p2a: Iron Moth
|-resisted|p2a: Iron Moth
|-damage|p2a: Iron Moth|41/100
|move|p2a: Iron Moth|Agility|p2a: Iron Moth
|-boost|p2a: Iron Moth|spe|2
|
|upkeep
|turn|38
|
|t:|1780993187
|move|p2a: Iron Moth|Fiery Dance|p1a: Cinderace
|-resisted|p1a: Cinderace
|-damage|p1a: Cinderace|0 fnt
|faint|p1a: Cinderace
|
|upkeep
|
|t:|1780993189
|switch|p1a: Kyurem|Kyurem, shiny|68/100
|-ability|p1a: Kyurem|Pressure
|turn|39
|c|☆ja hoi|oh no
|
|t:|1780993194
|move|p2a: Iron Moth|Sludge Wave|p1a: Kyurem
|-damage|p1a: Kyurem|4/100
|move|p1a: Kyurem|Earth Power|p2a: Iron Moth
|-supereffective|p2a: Iron Moth
|-damage|p2a: Iron Moth|0 fnt
|faint|p2a: Iron Moth
|-end|p2a: Iron Moth|Quark Drive|[silent]
|
|win|K-OnCrayonNibbler
|raw|K-OnCrayonNibbler's rating: 1515 &rarr; <strong>1542</strong><br />(+27 for winning)
|raw|ja hoi's rating: 1640 &rarr; <strong>1613</strong><br />(-27 for losing)
|c|☆ja hoi|ffs
|c|☆ja hoi|what a waste
|c|☆ja hoi|gg
|l|☆ja hoi
|player|p2|
|c|☆K-OnCrayonNibbler|gg
