|j|☆lucy cobblestone
|j|☆waha8
|t:|1780958183
|gametype|singles
|player|p1|lucy cobblestone|guitarist|1625
|player|p2|waha8|101|1686
|gen|9
|tier|[Gen 9] OU
|rated|
|rule|HP Percentage Mod: HP is shown in percentages
|rule|Endless Battle Clause: Forcing endless battles is banned
|rule|Species Clause: Limit one of each Pokémon
|rule|OHKO Clause: OHKO moves are banned
|rule|Evasion Items Clause: Evasion items are banned
|rule|Evasion Moves Clause: Evasion moves are banned
|rule|Evasion Abilities Clause: Evasion abilities are banned
|rule|Sleep Moves Clause: Sleep-inducing moves are banned
|clearpoke
|poke|p1|Iron Moth|
|poke|p1|Gliscor, F|
|poke|p1|Hatterene, F|
|poke|p1|Ogerpon-Wellspring, F|
|poke|p1|Raging Bolt|
|poke|p1|Zamazenta-*|
|poke|p2|Slowking-Galar, M|
|poke|p2|Indeedee, M|
|poke|p2|Cinderace, F|
|poke|p2|Ninetales-Alola, F|
|poke|p2|Cetitan, M|
|poke|p2|Kyurem|
|teampreview
|inactive|Battle timer is ON: inactive players will automatically lose when time's up. (requested by waha8)
|
|t:|1780958225
|teamsize|p1|6
|teamsize|p2|6
|start
|switch|p1a: Zamazenta|Zamazenta|100/100
|switch|p2a: DeeDee|Indeedee, M|100/100
|-ability|p1a: Zamazenta|Dauntless Shield|boost
|-boost|p1a: Zamazenta|def|1
|-fieldstart|move: Psychic Terrain|[from] ability: Psychic Surge|[of] p2a: DeeDee
|turn|1
|
|t:|1780958234
|switch|p2a: Mavis|Ninetales-Alola, F|100/100
|-weather|Snowscape|[from] ability: Snow Warning|[of] p2a: Mavis
|move|p1a: Zamazenta|Light Screen|p1a: Zamazenta
|-sidestart|p1: lucy cobblestone|move: Light Screen
|
|-weather|Snowscape|[upkeep]
|upkeep
|turn|2
|inactive|lucy cobblestone has 120 seconds left.
|
|t:|1780958275
|move|p1a: Zamazenta|Reflect|p1a: Zamazenta
|-sidestart|p1: lucy cobblestone|Reflect
|move|p2a: Mavis|Aurora Veil|p2a: Mavis
|-sidestart|p2: waha8|move: Aurora Veil
|
|-weather|Snowscape|[upkeep]
|upkeep
|turn|3
|
|t:|1780958280
|switch|p1a: Iron Moth|Iron Moth|100/100
|-enditem|p1a: Iron Moth|Booster Energy
|-activate|p1a: Iron Moth|ability: Quark Drive|[fromitem]
|-start|p1a: Iron Moth|quarkdrivespe
|switch|p2a: SageOfSixPaths|Slowking-Galar, M|100/100
|
|-weather|Snowscape|[upkeep]
|upkeep
|turn|4
|
|t:|1780958287
|move|p1a: Iron Moth|Fiery Dance|p2a: SageOfSixPaths
|-damage|p2a: SageOfSixPaths|83/100
|move|p2a: SageOfSixPaths|Trick Room|p2a: SageOfSixPaths
|-fieldstart|move: Trick Room|[of] p2a: SageOfSixPaths
|
|-weather|Snowscape|[upkeep]
|upkeep
|turn|5
|inactive|lucy cobblestone has 120 seconds left.
|
|t:|1780958328
|move|p2a: SageOfSixPaths|Expanding Force|p1a: Iron Moth
|-supereffective|p1a: Iron Moth
|-damage|p1a: Iron Moth|4/100
|-damage|p2a: SageOfSixPaths|73/100|[from] item: Life Orb
|move|p1a: Iron Moth|Fiery Dance|p2a: SageOfSixPaths
|-crit|p2a: SageOfSixPaths
|-damage|p2a: SageOfSixPaths|23/100
|
|-weather|Snowscape|[upkeep]
|upkeep
|turn|6
|
|t:|1780958337
|move|p2a: SageOfSixPaths|Sludge Wave|p1a: Iron Moth
|-resisted|p1a: Iron Moth
|-damage|p1a: Iron Moth|0 fnt
|faint|p1a: Iron Moth
|-end|p1a: Iron Moth|Quark Drive|[silent]
|-damage|p2a: SageOfSixPaths|13/100|[from] item: Life Orb
|
|-weather|Snowscape|[upkeep]
|-sideend|p2: waha8|move: Aurora Veil
|upkeep
|inactive|lucy cobblestone has 90 seconds left.
|inactive|lucy cobblestone has 60 seconds left.
|
|t:|1780958398
|switch|p1a: Raging Bolt|Raging Bolt|100/100
|-enditem|p1a: Raging Bolt|Booster Energy
|-activate|p1a: Raging Bolt|ability: Protosynthesis|[fromitem]
|-start|p1a: Raging Bolt|protosynthesisspa
|turn|7
|
|t:|1780958410
|switch|p2a: ReverseUNO|Cinderace, F|100/100
|move|p1a: Raging Bolt|Thunderclap||[still]
|-fail|p1a: Raging Bolt
|
|-weather|Snowscape|[upkeep]
|upkeep
|turn|8
|inactive|lucy cobblestone has 60 seconds left.
|
|t:|1780958425
|move|p1a: Raging Bolt|Calm Mind|p1a: Raging Bolt
|-boost|p1a: Raging Bolt|spa|1
|-boost|p1a: Raging Bolt|spd|1
|move|p2a: ReverseUNO|Gunk Shot|p1a: Raging Bolt
|-start|p2a: ReverseUNO|typechange|Poison|[from] ability: Libero
|-damage|p1a: Raging Bolt|75/100
|-status|p1a: Raging Bolt|psn
|
|-weather|none
|-damage|p1a: Raging Bolt|63/100 psn|[from] psn
|-sideend|p1: lucy cobblestone|move: Light Screen
|-fieldend|move: Trick Room
|-fieldend|move: Psychic Terrain
|upkeep
|turn|9
|
|t:|1780958436
|switch|p2a: DeeDee|Indeedee, M|100/100
|-fieldstart|move: Psychic Terrain|[from] ability: Psychic Surge|[of] p2a: DeeDee
|move|p1a: Raging Bolt|Thunderbolt|p2a: DeeDee
|-damage|p2a: DeeDee|0 fnt
|faint|p2a: DeeDee
|
|-damage|p1a: Raging Bolt|51/100 psn|[from] psn
|-sideend|p1: lucy cobblestone|Reflect
|upkeep
|
|t:|1780958451
|switch|p2a: Mavis|Ninetales-Alola, F|100/100
|-weather|Snowscape|[from] ability: Snow Warning|[of] p2a: Mavis
|turn|10
|inactive|lucy cobblestone has 60 seconds left.
|inactive|lucy cobblestone has 30 seconds left.
|inactive|lucy cobblestone has 20 seconds left.
|
|t:|1780958516
|move|p2a: Mavis|Aurora Veil|p2a: Mavis
|-sidestart|p2: waha8|move: Aurora Veil
|move|p1a: Raging Bolt|Thunderbolt|p2a: Mavis
|-damage|p2a: Mavis|43/100
|
|-weather|Snowscape|[upkeep]
|-damage|p1a: Raging Bolt|39/100 psn|[from] psn
|upkeep
|turn|11
|inactive|lucy cobblestone has 30 seconds left this turn.
|
|t:|1780958528
|move|p2a: Mavis|Encore|p1a: Raging Bolt
|-start|p1a: Raging Bolt|Encore
|move|p1a: Raging Bolt|Thunderbolt|p2a: Mavis
|-damage|p2a: Mavis|0 fnt
|faint|p2a: Mavis
|
|-weather|Snowscape|[upkeep]
|-damage|p1a: Raging Bolt|26/100 psn|[from] psn
|upkeep
|
|t:|1780958535
|switch|p2a: Thing|Cetitan, M|100/100
|turn|12
|
|t:|1780958545
|-terastallize|p2a: Thing|Ground
|move|p2a: Thing|Belly Drum|p2a: Thing
|-damage|p2a: Thing|50/100
|-setboost|p2a: Thing|atk|6|[from] move: Belly Drum
|-enditem|p2a: Thing|Sitrus Berry|[eat]
|-heal|p2a: Thing|75/100|[from] item: Sitrus Berry
|move|p1a: Raging Bolt|Thunderbolt|p2a: Thing
|-immune|p2a: Thing
|
|-weather|Snowscape|[upkeep]
|-damage|p1a: Raging Bolt|14/100 psn|[from] psn
|upkeep
|turn|13
|
|t:|1780958558
|move|p2a: Thing|Icicle Spear|p1a: Raging Bolt
|-supereffective|p1a: Raging Bolt
|-damage|p1a: Raging Bolt|0 fnt
|faint|p1a: Raging Bolt
|-end|p1a: Raging Bolt|Protosynthesis|[silent]
|-hitcount|p1: Raging Bolt|1
|
|-weather|Snowscape|[upkeep]
|upkeep
|inactive|lucy cobblestone has 30 seconds left.
|
|t:|1780958576
|switch|p1a: Ogerpon|Ogerpon-Wellspring, F|100/100
|turn|14
|
|t:|1780958579
|-terastallize|p1a: Ogerpon|Water
|detailschange|p1a: Ogerpon|Ogerpon-Wellspring-Tera, F, tera:Water
|-ability|p1a: Ogerpon|Embody Aspect (Wellspring)|boost
|-boost|p1a: Ogerpon|spd|1
|move|p2a: Thing|Earthquake|p1a: Ogerpon
|-damage|p1a: Ogerpon|0 fnt
|faint|p1a: Ogerpon
|detailschange|p1: Ogerpon|Ogerpon-Wellspring, F|[silent]
|
|-weather|Snowscape|[upkeep]
|-sideend|p2: waha8|move: Aurora Veil
|upkeep
|
|t:|1780958585
|switch|p1a: Zamazenta|Zamazenta|100/100
|turn|15
|
|t:|1780958590
|move|p2a: Thing|Earthquake|p1a: Zamazenta
|-damage|p1a: Zamazenta|0 fnt
|faint|p1a: Zamazenta
|
|-weather|Snowscape|[upkeep]
|upkeep
|
|t:|1780958592
|switch|p1a: Hatterene|Hatterene, F|100/100
|turn|16
|
|t:|1780958595
|move|p2a: Thing|Earthquake|p1a: Hatterene
|-damage|p1a: Hatterene|0 fnt
|faint|p1a: Hatterene
|
|-weather|Snowscape|[upkeep]
|-fieldend|move: Psychic Terrain
|upkeep
|inactive|lucy cobblestone has 60 seconds left.
|
|t:|1780958608
|switch|p1a: Gliscor|Gliscor, F|100/100
|turn|17
|-message|lucy cobblestone forfeited.
|
|win|waha8
|raw|lucy cobblestone's rating: 1598 &rarr; <strong>1583</strong><br />(-15 for losing)
|raw|waha8's rating: 1686 &rarr; <strong>1701</strong><br />(+15 for winning)
|l|☆lucy cobblestone
|player|p1|
