|j|☆KurisuChestnutLab
|j|☆Rextrox
|t:|1781163020
|gametype|singles
|player|p1|KurisuChestnutLab|may-contest|1538
|player|p2|Rextrox|birdkeeper-gen4dp|1482
|gen|9
|tier|[Gen 9] OU
|rated|
|rule|HP Percentage Mod: HP is shown in percentages
|rule|Endless Battle Clause: Forcing endless battles is banned
|rule|Species Clause: Limit one of each Pokémon
|rule|OHKO Clause: OHKO moves are banned
|rule|Evasion Items Clause: Evasion items are banned
|rule|Evasion Moves Clause: Evasion moves are banned
|rule|Evasion Abilities Clause: Evasion abilities are banned
|rule|Sleep Moves Clause: Sleep-inducing moves are banned
|clearpoke
|poke|p1|Zamazenta-*|
|poke|p1|Zapdos|
|poke|p1|Garganacl, M|
|poke|p1|Clefable, F|
|poke|p1|Samurott-Hisui, F|
|poke|p1|Gholdengo|
|poke|p2|Deoxys-Speed|
|poke|p2|Gholdengo|
|poke|p2|Iron Treads|
|poke|p2|Dragonite, M|
|poke|p2|Iron Moth|
|poke|p2|Samurott-Hisui, M|
|teampreview
|inactive|Battle timer is ON: inactive players will automatically lose when time's up. (requested by KurisuChestnutLab)
|
|t:|1781163032
|teamsize|p1|6
|teamsize|p2|6
|start
|switch|p1a: Samurott|Samurott-Hisui, F|100/100
|switch|p2a: Iron Treads|Iron Treads|100/100
|-enditem|p2a: Iron Treads|Booster Energy
|-activate|p2a: Iron Treads|ability: Quark Drive|[fromitem]
|-start|p2a: Iron Treads|quarkdrivespe
|turn|1
|
|t:|1781163040
|move|p2a: Iron Treads|Stealth Rock|p1a: Samurott
|-sidestart|p1: KurisuChestnutLab|move: Stealth Rock
|move|p1a: Samurott|Ceaseless Edge|p2a: Iron Treads
|-damage|p2a: Iron Treads|65/100
|-sidestart|p2: Rextrox|Spikes
|
|upkeep
|turn|2
|
|t:|1781163047
|move|p2a: Iron Treads|Rapid Spin|p1a: Samurott
|-damage|p1a: Samurott|85/100
|-boost|p2a: Iron Treads|spe|1
|-sideend|p2: Rextrox|Spikes|[from] move: Rapid Spin|[of] p2a: Iron Treads
|move|p1a: Samurott|Ceaseless Edge|p2a: Iron Treads
|-damage|p2a: Iron Treads|31/100
|-sidestart|p2: Rextrox|Spikes
|
|upkeep
|turn|3
|
|t:|1781163054
|move|p2a: Iron Treads|Rapid Spin|p1a: Samurott
|-damage|p1a: Samurott|70/100
|-boost|p2a: Iron Treads|spe|1
|-sideend|p2: Rextrox|Spikes|[from] move: Rapid Spin|[of] p2a: Iron Treads
|move|p1a: Samurott|Ceaseless Edge|p2a: Iron Treads
|-damage|p2a: Iron Treads|0 fnt
|-sidestart|p2: Rextrox|Spikes
|faint|p2a: Iron Treads
|-end|p2a: Iron Treads|Quark Drive|[silent]
|
|upkeep
|
|t:|1781163063
|switch|p2a: Samurott|Samurott-Hisui, M|100/100
|-damage|p2a: Samurott|88/100|[from] Spikes
|turn|4
|
|t:|1781163067
|move|p1a: Samurott|Ceaseless Edge|p2a: Samurott
|-resisted|p2a: Samurott
|-damage|p2a: Samurott|61/100
|-sidestart|p2: Rextrox|Spikes
|move|p2a: Samurott|Ceaseless Edge|p1a: Samurott
|-resisted|p1a: Samurott
|-damage|p1a: Samurott|43/100
|-sidestart|p1: KurisuChestnutLab|Spikes
|
|upkeep
|turn|5
|
|t:|1781163072
|switch|p1a: Zamazenta|Zamazenta|100/100
|-damage|p1a: Zamazenta|94/100|[from] Stealth Rock
|-damage|p1a: Zamazenta|82/100|[from] Spikes
|-ability|p1a: Zamazenta|Dauntless Shield|boost
|-boost|p1a: Zamazenta|def|1
|move|p2a: Samurott|Ceaseless Edge|p1a: Zamazenta
|-resisted|p1a: Zamazenta
|-damage|p1a: Zamazenta|71/100
|-sidestart|p1: KurisuChestnutLab|Spikes
|
|-heal|p1a: Zamazenta|77/100|[from] item: Leftovers
|upkeep
|turn|6
|
|t:|1781163083
|move|p1a: Zamazenta|Crunch|p2a: Samurott
|-resisted|p2a: Samurott
|-damage|p2a: Samurott|48/100
|move|p2a: Samurott|Ceaseless Edge|p1a: Zamazenta|[miss]
|-miss|p2a: Samurott|p1a: Zamazenta
|
|-heal|p1a: Zamazenta|83/100|[from] item: Leftovers
|upkeep
|turn|7
|
|t:|1781163090
|switch|p2a: Gholdengo|Gholdengo|100/100
|-item|p2a: Gholdengo|Air Balloon
|move|p1a: Zamazenta|Body Press|p2a: Gholdengo
|-immune|p2a: Gholdengo
|
|-heal|p1a: Zamazenta|89/100|[from] item: Leftovers
|upkeep
|turn|8
|
|t:|1781163100
|move|p1a: Zamazenta|Crunch|p2a: Gholdengo
|-supereffective|p2a: Gholdengo
|-damage|p2a: Gholdengo|74/100
|-enditem|p2a: Gholdengo|Air Balloon
|move|p2a: Gholdengo|Make It Rain|p1a: Zamazenta
|-damage|p1a: Zamazenta|49/100
|-unboost|p2a: Gholdengo|spa|1
|
|-heal|p1a: Zamazenta|55/100|[from] item: Leftovers
|upkeep
|turn|9
|
|t:|1781163106
|move|p1a: Zamazenta|Crunch|p2a: Gholdengo
|-supereffective|p2a: Gholdengo
|-crit|p2a: Gholdengo
|-damage|p2a: Gholdengo|33/100
|move|p2a: Gholdengo|Recover|p2a: Gholdengo
|-heal|p2a: Gholdengo|83/100
|
|-heal|p1a: Zamazenta|62/100|[from] item: Leftovers
|upkeep
|turn|10
|
|t:|1781163111
|move|p1a: Zamazenta|Crunch|p2a: Gholdengo
|-supereffective|p2a: Gholdengo
|-damage|p2a: Gholdengo|53/100
|move|p2a: Gholdengo|Recover|p2a: Gholdengo
|-heal|p2a: Gholdengo|100/100
|
|-heal|p1a: Zamazenta|68/100|[from] item: Leftovers
|upkeep
|turn|11
|
|t:|1781163115
|move|p1a: Zamazenta|Crunch|p2a: Gholdengo
|-supereffective|p2a: Gholdengo
|-damage|p2a: Gholdengo|72/100
|-unboost|p2a: Gholdengo|def|1
|move|p2a: Gholdengo|Nasty Plot|p2a: Gholdengo
|-boost|p2a: Gholdengo|spa|2
|
|-heal|p1a: Zamazenta|74/100|[from] item: Leftovers
|upkeep
|turn|12
|
|t:|1781163120
|move|p1a: Zamazenta|Crunch|p2a: Gholdengo
|-supereffective|p2a: Gholdengo
|-damage|p2a: Gholdengo|31/100
|move|p2a: Gholdengo|Make It Rain|p1a: Zamazenta
|-damage|p1a: Zamazenta|15/100
|-unboost|p2a: Gholdengo|spa|1
|
|-heal|p1a: Zamazenta|21/100|[from] item: Leftovers
|upkeep
|turn|13
|
|t:|1781163126
|switch|p2a: Samurott|Samurott-Hisui, M|48/100
|-damage|p2a: Samurott|32/100|[from] Spikes
|move|p1a: Zamazenta|Crunch|p2a: Samurott
|-resisted|p2a: Samurott
|-damage|p2a: Samurott|19/100
|
|-heal|p1a: Zamazenta|27/100|[from] item: Leftovers
|upkeep
|turn|14
|
|t:|1781163133
|move|p1a: Zamazenta|Body Press|p2a: Samurott
|-supereffective|p2a: Samurott
|-damage|p2a: Samurott|0 fnt
|faint|p2a: Samurott
|
|-heal|p1a: Zamazenta|33/100|[from] item: Leftovers
|upkeep
|
|t:|1781163136
|switch|p2a: Deoxys|Deoxys-Speed|100/100
|-damage|p2a: Deoxys|84/100|[from] Spikes
|-ability|p2a: Deoxys|Pressure
|turn|15
|
|t:|1781163142
|move|p2a: Deoxys|Psycho Boost|p1a: Zamazenta
|-supereffective|p1a: Zamazenta
|-damage|p1a: Zamazenta|0 fnt
|-unboost|p2a: Deoxys|spa|2
|faint|p1a: Zamazenta
|-damage|p2a: Deoxys|74/100|[from] item: Life Orb
|
|upkeep
|
|t:|1781163149
|switch|p1a: Samurott|Samurott-Hisui, F|43/100
|-damage|p1a: Samurott|30/100|[from] Stealth Rock
|-damage|p1a: Samurott|14/100|[from] Spikes
|turn|16
|
|t:|1781163156
|move|p2a: Deoxys|Knock Off|p1a: Samurott
|-resisted|p1a: Samurott
|-damage|p1a: Samurott|0 fnt
|-enditem|p1a: Samurott|Choice Scarf|[from] move: Knock Off|[of] p2a: Deoxys
|faint|p1a: Samurott
|-damage|p2a: Deoxys|64/100|[from] item: Life Orb
|
|upkeep
|
|t:|1781163160
|switch|p1a: Garganacl|Garganacl, M|100/100
|-damage|p1a: Garganacl|88/100|[from] Stealth Rock
|-damage|p1a: Garganacl|72/100|[from] Spikes
|turn|17
|
|t:|1781163172
|move|p2a: Deoxys|Superpower|p1a: Garganacl
|-supereffective|p1a: Garganacl
|-damage|p1a: Garganacl|21/100
|-unboost|p2a: Deoxys|atk|1
|-unboost|p2a: Deoxys|def|1
|-damage|p2a: Deoxys|54/100|[from] item: Life Orb
|move|p1a: Garganacl|Stealth Rock|p2a: Deoxys
|-sidestart|p2: Rextrox|move: Stealth Rock
|
|-heal|p1a: Garganacl|27/100|[from] item: Leftovers
|upkeep
|turn|18
|
|t:|1781163180
|-terastallize|p1a: Garganacl|Water
|move|p2a: Deoxys|Superpower|p1a: Garganacl
|-damage|p1a: Garganacl|12/100
|-unboost|p2a: Deoxys|atk|1
|-unboost|p2a: Deoxys|def|1
|-damage|p2a: Deoxys|44/100|[from] item: Life Orb
|move|p1a: Garganacl|Recover|p1a: Garganacl
|-heal|p1a: Garganacl|62/100
|
|-heal|p1a: Garganacl|68/100|[from] item: Leftovers
|upkeep
|turn|19
|
|t:|1781163183
|move|p2a: Deoxys|Knock Off|p1a: Garganacl
|-damage|p1a: Garganacl|59/100
|-enditem|p1a: Garganacl|Leftovers|[from] move: Knock Off|[of] p2a: Deoxys
|-damage|p2a: Deoxys|34/100|[from] item: Life Orb
|move|p1a: Garganacl|Salt Cure|p2a: Deoxys
|-damage|p2a: Deoxys|0 fnt
|faint|p2a: Deoxys
|
|upkeep
|
|t:|1781163189
|switch|p2a: Gholdengo|Gholdengo|31/100
|-damage|p2a: Gholdengo|14/100|[from] Spikes
|-damage|p2a: Gholdengo|8/100|[from] Stealth Rock
|turn|20
|
|t:|1781163193
|move|p2a: Gholdengo|Recover|p2a: Gholdengo
|-heal|p2a: Gholdengo|58/100
|move|p1a: Garganacl|Salt Cure|p2a: Gholdengo
|-resisted|p2a: Gholdengo
|-damage|p2a: Gholdengo|53/100
|-start|p2a: Gholdengo|Salt Cure
|
|-damage|p2a: Gholdengo|28/100|[from] Salt Cure
|upkeep
|turn|21
|
|t:|1781163196
|move|p2a: Gholdengo|Recover|p2a: Gholdengo
|-heal|p2a: Gholdengo|78/100
|move|p1a: Garganacl|Recover|p1a: Garganacl
|-heal|p1a: Garganacl|100/100
|
|-damage|p2a: Gholdengo|53/100|[from] Salt Cure
|upkeep
|turn|22
|
|t:|1781163207
|switch|p1a: Zapdos|Zapdos|100/100
|move|p2a: Gholdengo|Recover|p2a: Gholdengo
|-heal|p2a: Gholdengo|100/100
|
|-damage|p2a: Gholdengo|76/100|[from] Salt Cure
|upkeep
|turn|23
|
|t:|1781163213
|move|p1a: Zapdos|Discharge|p2a: Gholdengo
|-damage|p2a: Gholdengo|41/100
|move|p2a: Gholdengo|Shadow Ball|p1a: Zapdos
|-damage|p1a: Zapdos|66/100
|
|-damage|p2a: Gholdengo|16/100|[from] Salt Cure
|upkeep
|turn|24
|
|t:|1781163217
|move|p1a: Zapdos|Volt Switch|p2a: Gholdengo
|-crit|p2a: Gholdengo
|-damage|p2a: Gholdengo|0 fnt
|faint|p2a: Gholdengo
|
|t:|1781163222
|switch|p1a: Garganacl|Garganacl, M, tera:Water|100/100|[from] Volt Switch
|-damage|p1a: Garganacl|88/100|[from] Stealth Rock
|-damage|p1a: Garganacl|72/100|[from] Spikes
|
|upkeep
|
|t:|1781163231
|switch|p2a: Dragonite|Dragonite, M|100/100
|turn|25
|
|t:|1781163238
|move|p2a: Dragonite|Dragon Dance|p2a: Dragonite
|-boost|p2a: Dragonite|atk|1
|-boost|p2a: Dragonite|spe|1
|move|p1a: Garganacl|Salt Cure|p2a: Dragonite
|-supereffective|p2a: Dragonite
|-damage|p2a: Dragonite|84/100
|-start|p2a: Dragonite|Salt Cure
|
|-damage|p2a: Dragonite|71/100|[from] Salt Cure
|upkeep
|turn|26
|
|t:|1781163247
|move|p2a: Dragonite|Earthquake|p1a: Garganacl
|-damage|p1a: Garganacl|38/100
|move|p1a: Garganacl|Salt Cure|p2a: Dragonite
|-supereffective|p2a: Dragonite
|-damage|p2a: Dragonite|42/100
|
|-damage|p2a: Dragonite|29/100|[from] Salt Cure
|upkeep
|turn|27
|
|t:|1781163254
|move|p2a: Dragonite|Earthquake|p1a: Garganacl
|-damage|p1a: Garganacl|0 fnt
|faint|p1a: Garganacl
|
|-damage|p2a: Dragonite|17/100|[from] Salt Cure
|upkeep
|
|t:|1781163259
|switch|p1a: Zapdos|Zapdos|66/100
|turn|28
|
|t:|1781163268
|move|p2a: Dragonite|Extreme Speed|p1a: Zapdos
|-damage|p1a: Zapdos|38/100
|move|p1a: Zapdos|Hurricane|p2a: Dragonite|[miss]
|-miss|p1a: Zapdos|p2a: Dragonite
|
|-damage|p2a: Dragonite|5/100|[from] Salt Cure
|upkeep
|turn|29
|
|t:|1781163272
|switch|p1a: Clefable|Clefable, F|100/100
|move|p2a: Dragonite|Extreme Speed|p1a: Clefable
|-damage|p1a: Clefable|80/100
|
|-damage|p2a: Dragonite|0 fnt|[from] Salt Cure
|faint|p2a: Dragonite
|upkeep
|
|t:|1781163276
|switch|p2a: Iron Moth|Iron Moth|100/100
|-damage|p2a: Iron Moth|84/100|[from] Spikes
|-damage|p2a: Iron Moth|59/100|[from] Stealth Rock
|-enditem|p2a: Iron Moth|Booster Energy
|-activate|p2a: Iron Moth|ability: Quark Drive|[fromitem]
|-start|p2a: Iron Moth|quarkdrivespe
|turn|30
|
|t:|1781163280
|switch|p1a: Gholdengo|Gholdengo|100/100
|-damage|p1a: Gholdengo|94/100|[from] Stealth Rock
|-damage|p1a: Gholdengo|78/100|[from] Spikes
|move|p2a: Iron Moth|Substitute|p2a: Iron Moth
|-start|p2a: Iron Moth|Substitute
|-damage|p2a: Iron Moth|34/100
|
|upkeep
|turn|31
|
|t:|1781163285
|move|p2a: Iron Moth|Fiery Dance|p1a: Gholdengo
|-supereffective|p1a: Gholdengo
|-damage|p1a: Gholdengo|0 fnt
|-boost|p2a: Iron Moth|spa|1
|faint|p1a: Gholdengo
|
|upkeep
|
|t:|1781163290
|switch|p1a: Clefable|Clefable, F|80/100
|turn|32
|
|t:|1781163298
|move|p2a: Iron Moth|Sludge Wave|p1a: Clefable
|-supereffective|p1a: Clefable
|-damage|p1a: Clefable|0 fnt
|faint|p1a: Clefable
|
|upkeep
|
|t:|1781163306
|switch|p1a: Zapdos|Zapdos|38/100
|turn|33
|c|☆Rextrox|changing team op
|
|t:|1781163313
|move|p2a: Iron Moth|Fiery Dance|p1a: Zapdos
|-damage|p1a: Zapdos|0 fnt
|faint|p1a: Zapdos
|
|win|Rextrox
|raw|KurisuChestnutLab's rating: 1538 &rarr; <strong>1515</strong><br />(-23 for losing)
|raw|Rextrox's rating: 1482 &rarr; <strong>1505</strong><br />(+23 for winning)
