|j|☆KurisuChestnutOU
|j|☆jonuz
|t:|1781169951
|gametype|singles
|player|p1|KurisuChestnutOU|may-contest|1528
|player|p2|jonuz|266|1548
|gen|9
|tier|[Gen 9] OU
|rated|
|rule|HP Percentage Mod: HP is shown in percentages
|rule|Endless Battle Clause: Forcing endless battles is banned
|rule|Species Clause: Limit one of each Pokémon
|rule|OHKO Clause: OHKO moves are banned
|rule|Evasion Items Clause: Evasion items are banned
|rule|Evasion Moves Clause: Evasion moves are banned
|rule|Evasion Abilities Clause: Evasion abilities are banned
|rule|Sleep Moves Clause: Sleep-inducing moves are banned
|clearpoke
|poke|p1|Gliscor, M|
|poke|p1|Dondozo, F|
|poke|p1|Slowking-Galar, M|
|poke|p1|Gholdengo|
|poke|p1|Great Tusk|
|poke|p1|Kingambit, M|
|poke|p2|Sinistcha|
|poke|p2|Samurott-Hisui, F|
|poke|p2|Clefable, F|
|poke|p2|Moltres|
|poke|p2|Ting-Lu|
|poke|p2|Kommo-o, M|
|teampreview
|inactive|Battle timer is ON: inactive players will automatically lose when time's up. (requested by KurisuChestnutOU)
|
|t:|1781169958
|teamsize|p1|6
|teamsize|p2|6
|start
|switch|p1a: Slowking|Slowking-Galar, M|100/100
|switch|p2a: Clefable|Clefable, F|100/100
|turn|1
|
|t:|1781169965
|switch|p2a: Ting-Lu|Ting-Lu|100/100
|-ability|p2a: Ting-Lu|Vessel of Ruin
|move|p1a: Slowking|Sludge Bomb|p2a: Ting-Lu
|-resisted|p2a: Ting-Lu
|-damage|p2a: Ting-Lu|93/100
|
|-heal|p2a: Ting-Lu|99/100|[from] item: Leftovers
|upkeep
|turn|2
|
|t:|1781169968
|switch|p1a: Gliscor|Gliscor, M|100/100
|move|p2a: Ting-Lu|Ruination|p1a: Gliscor
|-damage|p1a: Gliscor|50/100
|
|-heal|p2a: Ting-Lu|100/100|[from] item: Leftovers
|-status|p1a: Gliscor|tox|[from] item: Toxic Orb
|upkeep
|turn|3
|
|t:|1781169973
|switch|p2a: Clefable|Clefable, F|100/100
|move|p1a: Gliscor|Spikes|p2a: Clefable
|-sidestart|p2: jonuz|Spikes
|
|-heal|p1a: Gliscor|63/100 tox|[from] ability: Poison Heal
|upkeep
|turn|4
|
|t:|1781169979
|move|p1a: Gliscor|Spikes|p2a: Clefable
|-sidestart|p2: jonuz|Spikes
|move|p2a: Clefable|Stealth Rock|p1a: Gliscor
|-sidestart|p1: KurisuChestnutOU|move: Stealth Rock
|
|-heal|p1a: Gliscor|75/100 tox|[from] ability: Poison Heal
|upkeep
|turn|5
|
|t:|1781169984
|switch|p2a: Moltres|Moltres|100/100
|move|p1a: Gliscor|Knock Off|p2a: Moltres
|-damage|p2a: Moltres|81/100
|-enditem|p2a: Moltres|Heavy-Duty Boots|[from] move: Knock Off|[of] p1a: Gliscor
|
|-heal|p1a: Gliscor|88/100 tox|[from] ability: Poison Heal
|upkeep
|turn|6
|
|t:|1781169989
|move|p1a: Gliscor|Protect|p1a: Gliscor
|-singleturn|p1a: Gliscor|Protect
|move|p2a: Moltres|Hurricane|p1a: Gliscor
|-activate|p1a: Gliscor|move: Protect
|
|-heal|p1a: Gliscor|100/100 tox|[from] ability: Poison Heal
|upkeep
|turn|7
|
|t:|1781169994
|move|p1a: Gliscor|Spikes|p2a: Moltres
|-sidestart|p2: jonuz|Spikes
|move|p2a: Moltres|Hurricane|p1a: Gliscor
|-damage|p1a: Gliscor|20/100 tox
|-start|p1a: Gliscor|confusion
|
|-heal|p1a: Gliscor|33/100 tox|[from] ability: Poison Heal
|upkeep
|turn|8
|inactive|KurisuChestnutOU has 120 seconds left.
|inactive|KurisuChestnutOU has 90 seconds left.
|inactive|KurisuChestnutOU has 60 seconds left.
|inactive|KurisuChestnutOU has 30 seconds left.
|inactive|KurisuChestnutOU has 20 seconds left.
|inactive|KurisuChestnutOU has 15 seconds left.
|inactive|KurisuChestnutOU has 10 seconds left.
|inactive|KurisuChestnutOU has 5 seconds left.
|-message|KurisuChestnutOU lost due to inactivity.
|
|win|jonuz
|raw|KurisuChestnutOU's rating: 1519 &rarr; <strong>1501</strong><br />(-18 for losing)
|raw|jonuz's rating: 1548 &rarr; <strong>1566</strong><br />(+18 for winning)
