|badge|p2|bronze|gen9randombattle|100-9
|badge|p2|bronze|gen9ubers|100-9
|uhtml|medal-msg|<div class="broadcast-blue">Curious what those medals under the avatar are? PS now has Ladder Seasons! For more information, check out the <a href="https://www.smogon.com/forums/threads/3740067/">thread on Smogon.</a></div>
|j|☆Weirdo to top
|j|☆oddishlover4
|t:|1780985665
|gametype|singles
|player|p1|Weirdo to top|drayden|1562
|player|p2|oddishlover4|acetrainerf|1584
|gen|9
|tier|[Gen 9] OU
|rated|
|rule|HP Percentage Mod: HP is shown in percentages
|rule|Endless Battle Clause: Forcing endless battles is banned
|rule|Species Clause: Limit one of each Pokémon
|rule|OHKO Clause: OHKO moves are banned
|rule|Evasion Items Clause: Evasion items are banned
|rule|Evasion Moves Clause: Evasion moves are banned
|rule|Evasion Abilities Clause: Evasion abilities are banned
|rule|Sleep Moves Clause: Sleep-inducing moves are banned
|clearpoke
|poke|p1|Cinderace, F|
|poke|p1|Clefable, M|
|poke|p1|Kyurem|
|poke|p1|Slowking-Galar, M|
|poke|p1|Great Tusk|
|poke|p1|Kingambit, M|
|poke|p2|Iron Valiant|
|poke|p2|Ogerpon-Wellspring, F|
|poke|p2|Great Tusk|
|poke|p2|Dragonite, F|
|poke|p2|Gholdengo|
|poke|p2|Zamazenta-*|
|teampreview
|inactive|Battle timer is ON: inactive players will automatically lose when time's up. (requested by Weirdo to top)
|c|☆oddishlover4|gl/hf!
|inactive|oddishlover4 also wants the timer to be on.
|inactive|Weirdo to top has 120 seconds left.
|c|☆Weirdo to top|U2
|
|t:|1780985718
|teamsize|p1|6
|teamsize|p2|6
|start
|switch|p1a: Cinderace|Cinderace, F|100/100
|switch|p2a: Gholdengo|Gholdengo|100/100
|-item|p2a: Gholdengo|Air Balloon
|turn|1
|
|t:|1780985736
|switch|p2a: Dragonite|Dragonite, F|100/100
|move|p1a: Cinderace|Will-O-Wisp|p2a: Dragonite
|-status|p2a: Dragonite|brn
|
|-damage|p2a: Dragonite|94/100 brn|[from] brn
|upkeep
|turn|2
|
|t:|1780985754
|switch|p2a: Great Tusk|Great Tusk|100/100
|move|p1a: Cinderace|U-turn|p2a: Great Tusk
|-start|p1a: Cinderace|typechange|Bug|[from] ability: Libero
|-resisted|p2a: Great Tusk
|-damage|p2a: Great Tusk|92/100
|-damage|p1a: Cinderace|84/100|[from] item: Rocky Helmet|[of] p2a: Great Tusk
|
|t:|1780985768
|switch|p1a: Kyurem|Kyurem, shiny|100/100|[from] U-turn
|-ability|p1a: Kyurem|Pressure
|
|upkeep
|turn|3
|
|t:|1780985786
|-end|p2a: Great Tusk|Protosynthesis|[silent]
|switch|p2a: Gholdengo|Gholdengo|100/100
|-item|p2a: Gholdengo|Air Balloon
|move|p1a: Kyurem|Substitute|p1a: Kyurem
|-start|p1a: Kyurem|Substitute
|-damage|p1a: Kyurem|76/100
|
|-heal|p1a: Kyurem|82/100|[from] item: Leftovers
|upkeep
|turn|4
|
|t:|1780985803
|move|p1a: Kyurem|Freeze-Dry|p2a: Gholdengo
|-resisted|p2a: Gholdengo
|-damage|p2a: Gholdengo|85/100
|-enditem|p2a: Gholdengo|Air Balloon
|move|p2a: Gholdengo|Hex|p1a: Kyurem
|-end|p1a: Kyurem|Substitute
|
|-heal|p1a: Kyurem|88/100|[from] item: Leftovers
|upkeep
|turn|5
|inactive|oddishlover4 has 120 seconds left.
|
|t:|1780985822
|move|p1a: Kyurem|Substitute|p1a: Kyurem
|-start|p1a: Kyurem|Substitute
|-damage|p1a: Kyurem|63/100
|move|p2a: Gholdengo|Make It Rain|p1a: Kyurem
|-supereffective|p1a: Kyurem
|-end|p1a: Kyurem|Substitute
|-unboost|p2a: Gholdengo|spa|1
|
|-heal|p1a: Kyurem|69/100|[from] item: Leftovers
|upkeep
|turn|6
|inactive|oddishlover4 has 120 seconds left.
|
|t:|1780985841
|move|p1a: Kyurem|Earth Power|p2a: Gholdengo
|-supereffective|p2a: Gholdengo
|-damage|p2a: Gholdengo|25/100
|move|p2a: Gholdengo|Make It Rain|p1a: Kyurem
|-supereffective|p1a: Kyurem
|-damage|p1a: Kyurem|0 fnt
|-unboost|p2a: Gholdengo|spa|1
|faint|p1a: Kyurem
|
|upkeep
|inactive|Weirdo to top has 120 seconds left.
|
|t:|1780985867
|switch|p1a: Cinderace|Cinderace, F|84/100
|turn|7
|inactive|oddishlover4 has 120 seconds left.
|
|t:|1780985884
|switch|p2a: Dragonite|Dragonite, F|94/100 brn
|move|p1a: Cinderace|Pyro Ball|p2a: Dragonite
|-resisted|p2a: Dragonite
|-damage|p2a: Dragonite|73/100 brn
|
|-damage|p2a: Dragonite|67/100 brn|[from] brn
|upkeep
|turn|8
|inactive|oddishlover4 has 120 seconds left.
|
|t:|1780985894
|move|p1a: Cinderace|U-turn|p2a: Dragonite
|-start|p1a: Cinderace|typechange|Bug|[from] ability: Libero
|-resisted|p2a: Dragonite
|-damage|p2a: Dragonite|54/100 brn
|
|t:|1780985897
|switch|p1a: Clefable|Clefable, M, shiny|100/100|[from] U-turn
|move|p2a: Dragonite|Roost|p2a: Dragonite
|-heal|p2a: Dragonite|100/100 brn
|-singleturn|p2a: Dragonite|move: Roost
|
|-damage|p2a: Dragonite|94/100 brn|[from] brn
|upkeep
|turn|9
|inactive|oddishlover4 has 120 seconds left.
|
|t:|1780985915
|switch|p2a: Gholdengo|Gholdengo|25/100
|move|p1a: Clefable|Cosmic Power|p1a: Clefable
|-boost|p1a: Clefable|def|1
|-boost|p1a: Clefable|spd|1
|
|upkeep
|turn|10
|inactive|oddishlover4 has 120 seconds left.
|
|t:|1780985934
|-terastallize|p1a: Clefable|Steel
|move|p2a: Gholdengo|Recover|p2a: Gholdengo
|-heal|p2a: Gholdengo|75/100
|move|p1a: Clefable|Cosmic Power|p1a: Clefable
|-boost|p1a: Clefable|def|1
|-boost|p1a: Clefable|spd|1
|
|upkeep
|turn|11
|inactive|oddishlover4 has 120 seconds left.
|
|t:|1780985952
|move|p2a: Gholdengo|Thunder Wave|p1a: Clefable
|-status|p1a: Clefable|par
|move|p1a: Clefable|Cosmic Power|p1a: Clefable
|-boost|p1a: Clefable|def|1
|-boost|p1a: Clefable|spd|1
|
|upkeep
|turn|12
|
|t:|1780985971
|move|p2a: Gholdengo|Recover|p2a: Gholdengo
|-heal|p2a: Gholdengo|100/100
|cant|p1a: Clefable|par
|
|upkeep
|turn|13
|
|t:|1780985990
|move|p2a: Gholdengo|Hex|p1a: Clefable
|-damage|p1a: Clefable|78/100 par
|move|p1a: Clefable|Cosmic Power|p1a: Clefable
|-boost|p1a: Clefable|def|1
|-boost|p1a: Clefable|spd|1
|
|-heal|p1a: Clefable|84/100 par|[from] item: Leftovers
|upkeep
|turn|14
|
|t:|1780986009
|move|p2a: Gholdengo|Hex|p1a: Clefable
|-damage|p1a: Clefable|65/100 par
|move|p1a: Clefable|Moonlight|p1a: Clefable
|-heal|p1a: Clefable|100/100 par
|
|upkeep
|turn|15
|inactive|oddishlover4 has 90 seconds left.
|
|t:|1780986028
|move|p2a: Gholdengo|Hex|p1a: Clefable
|-damage|p1a: Clefable|81/100 par
|cant|p1a: Clefable|par
|
|-heal|p1a: Clefable|87/100 par|[from] item: Leftovers
|upkeep
|turn|16
|inactive|oddishlover4 has 90 seconds left.
|inactive|Weirdo to top has 120 seconds left.
|inactive|Weirdo to top has 90 seconds left.
|l|☆Weirdo to top
|inactive|Weirdo to top disconnected and has a minute to reconnect!
|player|p1|
|inactive|Weirdo to top has 30 seconds to reconnect!
|inactive|Weirdo to top has 20 seconds to reconnect!
|inactive|Weirdo to top has 15 seconds to reconnect!
|inactive|Weirdo to top has 10 seconds to reconnect!
|inactive|Weirdo to top has 5 seconds to reconnect!
|-message|Weirdo to top lost due to inactivity.
|
|win|oddishlover4
|raw|Weirdo to top's rating: 1562 &rarr; <strong>1543</strong><br />(-19 for losing)
|raw|oddishlover4's rating: 1584 &rarr; <strong>1603</strong><br />(+19 for winning)
|c|☆oddishlover4|GG!
