|j|☆huilaoshi1111
|j|☆anamchara
|t:|1781263919
|gametype|singles
|player|p1|huilaoshi1111|1|1594
|player|p2|anamchara|169|1626
|gen|9
|tier|[Gen 9] OU
|rated|
|rule|HP Percentage Mod: HP is shown in percentages
|rule|Endless Battle Clause: Forcing endless battles is banned
|rule|Species Clause: Limit one of each Pokémon
|rule|OHKO Clause: OHKO moves are banned
|rule|Evasion Items Clause: Evasion items are banned
|rule|Evasion Moves Clause: Evasion moves are banned
|rule|Evasion Abilities Clause: Evasion abilities are banned
|rule|Sleep Moves Clause: Sleep-inducing moves are banned
|clearpoke
|poke|p1|Mienshao, M|
|poke|p1|Blissey, F|
|poke|p1|Slowbro, F|
|poke|p1|Krookodile, F|
|poke|p1|Talonflame, F|
|poke|p1|Zoroark-Hisui, F|
|poke|p2|Slowking-Galar, F|
|poke|p2|Meowscarada, M|
|poke|p2|Iron Valiant|
|poke|p2|Ogerpon-Wellspring, F|
|poke|p2|Glimmora, F|
|poke|p2|Dragapult, M|
|teampreview
|
|t:|1781263947
|teamsize|p1|6
|teamsize|p2|6
|start
|switch|p1a: Mienshao|Mienshao, M|100/100
|switch|p2a: Meowscarada|Meowscarada, M|100/100
|turn|1
|
|t:|1781263954
|move|p2a: Meowscarada|U-turn|p1a: Mienshao
|-start|p2a: Meowscarada|typechange|Bug|[from] ability: Protean
|-resisted|p1a: Mienshao
|-damage|p1a: Mienshao|70/100
|
|t:|1781263956
|switch|p2a: Glimmora|Glimmora, F|100/100|[from] U-turn
|move|p1a: Mienshao|U-turn|p2a: Glimmora
|-resisted|p2a: Glimmora
|-damage|p2a: Glimmora|84/100
|-activate|p2a: Glimmora|ability: Toxic Debris
|-sidestart|p1: huilaoshi1111|move: Toxic Spikes
|
|t:|1781263968
|switch|p1a: Krookodile|Krookodile, F|100/100|[from] U-turn
|-status|p1a: Krookodile|psn
|-ability|p1a: Krookodile|Intimidate|boost
|-unboost|p2a: Glimmora|atk|1
|
|-damage|p1a: Krookodile|88/100 psn|[from] psn
|upkeep
|turn|2
|inactive|Battle timer is ON: inactive players will automatically lose when time's up. (requested by huilaoshi1111)
|
|t:|1781263995
|-terastallize|p2a: Glimmora|Grass
|move|p2a: Glimmora|Stealth Rock|p1a: Krookodile
|-sidestart|p1: huilaoshi1111|move: Stealth Rock
|move|p1a: Krookodile|Earthquake|p2a: Glimmora
|-resisted|p2a: Glimmora
|-damage|p2a: Glimmora|34/100
|-activate|p2a: Glimmora|ability: Toxic Debris
|-sidestart|p1: huilaoshi1111|move: Toxic Spikes
|
|-damage|p1a: Krookodile|76/100 psn|[from] psn
|upkeep
|turn|3
|
|t:|1781264003
|switch|p2a: Ogerpon|Ogerpon-Wellspring, F|100/100
|move|p1a: Krookodile|Earthquake|p2a: Ogerpon
|-resisted|p2a: Ogerpon
|-damage|p2a: Ogerpon|49/100
|
|-damage|p1a: Krookodile|64/100 psn|[from] psn
|upkeep
|turn|4
|
|t:|1781264024
|move|p2a: Ogerpon|Trailblaze|p1a: Krookodile
|-supereffective|p1a: Krookodile
|-damage|p1a: Krookodile|0 fnt
|-boost|p2a: Ogerpon|spe|1
|faint|p1a: Krookodile
|
|upkeep
|
|t:|1781264039
|switch|p1a: Talonflame|Talonflame, F|100/100
|turn|5
|
|t:|1781264044
|switch|p2a: Slowking|Slowking-Galar, F|100/100
|-terastallize|p1a: Talonflame|Grass
|move|p1a: Talonflame|Defog|p2a: Slowking
|-unboost|p2a: Slowking|evasion|1
|-sideend|p1: huilaoshi1111|Toxic Spikes|[from] move: Defog|[of] p1a: Talonflame
|-sideend|p1: huilaoshi1111|Stealth Rock|[from] move: Defog|[of] p1a: Talonflame
|
|upkeep
|turn|6
|
|t:|1781264048
|move|p1a: Talonflame|U-turn|p2a: Slowking
|-damage|p2a: Slowking|90/100
|
|t:|1781264051
|switch|p1a: Slowbro|Slowbro, F|100/100|[from] U-turn
|move|p2a: Slowking|Sludge Bomb|p1a: Slowbro
|-resisted|p1a: Slowbro
|-damage|p1a: Slowbro|57/100
|replace|p1a: Zoroark|Zoroark-Hisui, F
|-end|p1a: Zoroark|Illusion
|
|upkeep
|turn|7
|
|t:|1781264068
|switch|p2a: Glimmora|Glimmora, F, tera:Grass|34/100
|move|p1a: Zoroark|Bitter Malice|p2a: Glimmora
|-damage|p2a: Glimmora|0 fnt
|faint|p2a: Glimmora
|
|upkeep
|
|t:|1781264076
|switch|p2a: Iron Valiant|Iron Valiant|100/100
|-enditem|p2a: Iron Valiant|Booster Energy
|-activate|p2a: Iron Valiant|ability: Quark Drive|[fromitem]
|-start|p2a: Iron Valiant|quarkdrivespe
|turn|8
|
|t:|1781264082
|switch|p1a: Talonflame|Talonflame, F, tera:Grass|100/100
|move|p2a: Iron Valiant|Knock Off|p1a: Talonflame
|-damage|p1a: Talonflame|65/100
|-enditem|p1a: Talonflame|Heavy-Duty Boots|[from] move: Knock Off|[of] p2a: Iron Valiant
|
|upkeep
|turn|9
|
|t:|1781264090
|move|p2a: Iron Valiant|Close Combat|p1a: Talonflame
|-damage|p1a: Talonflame|0 fnt
|-unboost|p2a: Iron Valiant|def|1
|-unboost|p2a: Iron Valiant|spd|1
|faint|p1a: Talonflame
|
|upkeep
|
|t:|1781264102
|switch|p1a: Slowbro|Slowbro, F|100/100
|turn|10
|
|t:|1781264105
|move|p2a: Iron Valiant|Swords Dance|p2a: Iron Valiant
|-boost|p2a: Iron Valiant|atk|2
|move|p1a: Slowbro|Scald|p2a: Iron Valiant
|-damage|p2a: Iron Valiant|26/100
|
|upkeep
|turn|11
|
|t:|1781264112
|move|p2a: Iron Valiant|Knock Off|p1a: Slowbro
|-supereffective|p1a: Slowbro
|-enditem|p1a: Slowbro|Colbur Berry|[eat]
|-enditem|p1a: Slowbro|Colbur Berry|[weaken]
|-damage|p1a: Slowbro|60/100
|move|p1a: Slowbro|Scald|p2a: Iron Valiant
|-damage|p2a: Iron Valiant|0 fnt
|faint|p2a: Iron Valiant
|-end|p2a: Iron Valiant|Quark Drive|[silent]
|
|upkeep
|
|t:|1781264115
|switch|p2a: Ogerpon|Ogerpon-Wellspring, F|49/100
|turn|12
|
|t:|1781264127
|move|p2a: Ogerpon|Horn Leech|p1a: Slowbro
|-supereffective|p1a: Slowbro
|-damage|p1a: Slowbro|8/100
|-heal|p2a: Ogerpon|83/100|[from] drain|[of] p1a: Slowbro
|move|p1a: Slowbro|Body Press|p2a: Ogerpon
|-damage|p2a: Ogerpon|48/100
|
|upkeep
|turn|13
|
|t:|1781264136
|switch|p1a: Mienshao|Mienshao, M|100/100
|move|p2a: Ogerpon|Trailblaze|p1a: Mienshao
|-damage|p1a: Mienshao|37/100
|-boost|p2a: Ogerpon|spe|1
|
|upkeep
|turn|14
|
|t:|1781264142
|move|p2a: Ogerpon|Horn Leech|p1a: Mienshao
|-damage|p1a: Mienshao|0 fnt
|-heal|p2a: Ogerpon|65/100|[from] drain|[of] p1a: Mienshao
|faint|p1a: Mienshao
|
|upkeep
|inactive|huilaoshi1111 has 120 seconds left.
|l|☆huilaoshi1111
|inactive|huilaoshi1111 disconnected and has a minute to reconnect!
|player|p1|
|inactive|huilaoshi1111 has 30 seconds to reconnect!
|inactive|huilaoshi1111 has 20 seconds to reconnect!
|inactive|huilaoshi1111 has 15 seconds to reconnect!
|inactive|huilaoshi1111 has 10 seconds to reconnect!
|inactive|huilaoshi1111 has 5 seconds to reconnect!
|-message|huilaoshi1111 lost due to inactivity.
|
|win|anamchara
|raw|huilaoshi1111's rating: 1594 &rarr; <strong>1576</strong><br />(-18 for losing)
|raw|anamchara's rating: 1626 &rarr; <strong>1644</strong><br />(+18 for winning)
|l|☆anamchara
|player|p2|
