|badge|p1|bronze|gen9ubers|100-9
|uhtml|medal-msg|<div class="broadcast-blue">Curious what those medals under the avatar are? PS now has Ladder Seasons! For more information, check out the <a href="https://www.smogon.com/forums/threads/3740067/">thread on Smogon.</a></div>
|j|☆goodnightnite
|j|☆BlackStar150520
|t:|1780897010
|gametype|singles
|player|p1|goodnightnite|miku-water|1634
|player|p2|BlackStar150520|unknown|1551
|gen|9
|tier|[Gen 9] OU
|rated|
|rule|HP Percentage Mod: HP is shown in percentages
|rule|Endless Battle Clause: Forcing endless battles is banned
|rule|Species Clause: Limit one of each Pokémon
|rule|OHKO Clause: OHKO moves are banned
|rule|Evasion Items Clause: Evasion items are banned
|rule|Evasion Moves Clause: Evasion moves are banned
|rule|Evasion Abilities Clause: Evasion abilities are banned
|rule|Sleep Moves Clause: Sleep-inducing moves are banned
|clearpoke
|poke|p1|Primarina, M|
|poke|p1|Zamazenta-*|
|poke|p1|Gholdengo|
|poke|p1|Rillaboom, M|
|poke|p1|Glimmora, M|
|poke|p1|Hydreigon, M|
|poke|p2|Raging Bolt|
|poke|p2|Great Tusk|
|poke|p2|Kyurem|
|poke|p2|Ogerpon-Wellspring, F|
|poke|p2|Kingambit, M|
|poke|p2|Deoxys-Defense|
|teampreview
|inactive|Battle timer is ON: inactive players will automatically lose when time's up. (requested by BlackStar150520)
|inactive|goodnightnite also wants the timer to be on.
|inactive|goodnightnite has 120 seconds left.
|
|t:|1780897044
|teamsize|p1|6
|teamsize|p2|6
|start
|switch|p1a: Celestine|Primarina, M, shiny|100/100
|switch|p2a: Kyurem|Kyurem, shiny|100/100
|-ability|p2a: Kyurem|Pressure
|turn|1
|
|t:|1780897052
|switch|p2a: Deoxys|Deoxys-Defense, shiny|100/100
|-ability|p2a: Deoxys|Pressure
|move|p1a: Celestine|Moonblast|p2a: Deoxys
|-damage|p2a: Deoxys|60/100
|
|-heal|p2a: Deoxys|66/100|[from] item: Leftovers
|upkeep
|turn|2
|
|t:|1780897072
|move|p2a: Deoxys|Night Shade|p1a: Celestine
|-damage|p1a: Celestine|73/100
|move|p1a: Celestine|Psychic Noise|p2a: Deoxys
|-damage|p2a: Deoxys|37/100
|-start|p2a: Deoxys|move: Heal Block
|
|upkeep
|turn|3
|
|t:|1780897081
|move|p2a: Deoxys|Protect|p2a: Deoxys
|-singleturn|p2a: Deoxys|Protect
|move|p1a: Celestine|Moonblast|p2a: Deoxys
|-activate|p2a: Deoxys|move: Protect
|
|-end|p2a: Deoxys|move: Heal Block
|upkeep
|turn|4
|
|t:|1780897084
|move|p2a: Deoxys|Recover|p2a: Deoxys
|-heal|p2a: Deoxys|87/100
|move|p1a: Celestine|Flip Turn|p2a: Deoxys
|-damage|p2a: Deoxys|75/100
|
|t:|1780897087
|switch|p1a: Hybrid|Hydreigon, M, shiny|100/100|[from] Flip Turn
|
|-heal|p2a: Deoxys|81/100|[from] item: Leftovers
|upkeep
|turn|5
|
|t:|1780897096
|switch|p2a: 🎭|Ogerpon-Wellspring, F|100/100
|move|p1a: Hybrid|Earth Power|p2a: 🎭
|-resisted|p2a: 🎭
|-damage|p2a: 🎭|75/100
|
|upkeep
|turn|6
|
|t:|1780897102
|switch|p1a: Bullet|Glimmora, M, shiny|100/100
|move|p2a: 🎭|U-turn|p1a: Bullet
|-resisted|p1a: Bullet
|-damage|p1a: Bullet|91/100
|-activate|p1a: Bullet|ability: Toxic Debris
|-sidestart|p2: BlackStar150520|move: Toxic Spikes
|-enditem|p1a: Bullet|Red Card|[of] p2a: 🎭
|drag|p2a: Kyurem|Kyurem, shiny|100/100
|-status|p2a: Kyurem|psn
|-ability|p2a: Kyurem|Pressure
|
|-damage|p2a: Kyurem|88/100 psn|[from] psn
|upkeep
|turn|7
|
|t:|1780897114
|switch|p1a: Hybrid|Hydreigon, M, shiny|100/100
|move|p2a: Kyurem|Freeze-Dry|p1a: Hybrid
|-supereffective|p1a: Hybrid
|-damage|p1a: Hybrid|14/100
|
|-heal|p2a: Kyurem|94/100 psn|[from] item: Leftovers
|-damage|p2a: Kyurem|82/100 psn|[from] psn
|upkeep
|turn|8
|
|t:|1780897120
|move|p1a: Hybrid|Draco Meteor|p2a: Kyurem
|-supereffective|p2a: Kyurem
|-crit|p2a: Kyurem
|-damage|p2a: Kyurem|0 fnt
|-unboost|p1a: Hybrid|spa|2
|faint|p2a: Kyurem
|
|upkeep
|
|t:|1780897122
|switch|p2a: Mega Donphan|Great Tusk|100/100
|turn|9
|
|t:|1780897125
|switch|p1a: Spirit Rush|Gholdengo, shiny|100/100
|move|p2a: Mega Donphan|Ice Spinner|p1a: Spirit Rush
|-resisted|p1a: Spirit Rush
|-damage|p1a: Spirit Rush|87/100
|
|upkeep
|turn|10
|
|t:|1780897133
|-end|p2a: Mega Donphan|Protosynthesis|[silent]
|switch|p2a: Aizen🗡️|Kingambit, M, shiny|100/100
|-activate|p2a: Aizen🗡️|ability: Supreme Overlord
|-start|p2a: Aizen🗡️|fallen1|[silent]
|switch|p1a: Bullet|Glimmora, M, shiny|91/100
|
|upkeep
|turn|11
|
|t:|1780897141
|-end|p2a: Aizen🗡️|fallen1|[silent]
|switch|p2a: Mega Donphan|Great Tusk|100/100
|move|p1a: Bullet|Earth Power|p2a: Mega Donphan
|-damage|p2a: Mega Donphan|58/100
|
|upkeep
|turn|12
|
|t:|1780897147
|switch|p1a: Spirit Rush|Gholdengo, shiny|87/100
|move|p2a: Mega Donphan|Rapid Spin|p1a: Spirit Rush
|-immune|p1a: Spirit Rush
|
|upkeep
|turn|13
|
|t:|1780897153
|switch|p1a: Hybrid|Hydreigon, M, shiny|14/100
|move|p2a: Mega Donphan|Headlong Rush|p1a: Hybrid
|-immune|p1a: Hybrid|[from] ability: Levitate
|
|upkeep
|turn|14
|
|t:|1780897160
|move|p1a: Hybrid|Earth Power|p2a: Mega Donphan
|-damage|p2a: Mega Donphan|0 fnt
|faint|p2a: Mega Donphan
|-end|p2a: Mega Donphan|Protosynthesis|[silent]
|
|upkeep
|j| Easontom
|
|t:|1780897166
|switch|p2a: Aizen🗡️|Kingambit, M, shiny|100/100
|-activate|p2a: Aizen🗡️|ability: Supreme Overlord
|-start|p2a: Aizen🗡️|fallen2|[silent]
|turn|15
|
|t:|1780897169
|switch|p1a: Bullet|Glimmora, M, shiny|91/100
|move|p2a: Aizen🗡️|Sucker Punch||[still]
|-fail|p2a: Aizen🗡️
|
|upkeep
|turn|16
|
|t:|1780897175
|-end|p2a: Aizen🗡️|fallen2|[silent]
|switch|p2a: 🎭|Ogerpon-Wellspring, F|75/100
|-status|p2a: 🎭|psn
|move|p1a: Bullet|Stealth Rock|p2a: 🎭
|-sidestart|p2: BlackStar150520|move: Stealth Rock
|
|-damage|p2a: 🎭|63/100 psn|[from] psn
|upkeep
|turn|17
|
|t:|1780897182
|switch|p1a: Kong|Rillaboom, M, shiny|100/100
|-fieldstart|move: Grassy Terrain|[from] ability: Grassy Surge|[of] p1a: Kong
|move|p2a: 🎭|Ivy Cudgel|p1a: Kong|[anim] Ivy Cudgel Water
|-resisted|p1a: Kong
|-damage|p1a: Kong|71/100
|
|-heal|p2a: 🎭|69/100 psn|[from] Grassy Terrain
|-heal|p1a: Kong|77/100|[from] Grassy Terrain
|-damage|p2a: 🎭|56/100 psn|[from] psn
|upkeep
|turn|18
|
|t:|1780897189
|move|p2a: 🎭|U-turn|p1a: Kong
|-supereffective|p1a: Kong
|-damage|p1a: Kong|13/100
|
|t:|1780897193
|switch|p2a: Deoxys|Deoxys-Defense, shiny|81/100|[from] U-turn
|-status|p2a: Deoxys|psn
|-damage|p2a: Deoxys|69/100 psn|[from] Stealth Rock
|-ability|p2a: Deoxys|Pressure
|move|p1a: Kong|Swords Dance|p1a: Kong
|-boost|p1a: Kong|atk|2
|
|-heal|p2a: Deoxys|75/100 psn|[from] Grassy Terrain
|-heal|p2a: Deoxys|81/100 psn|[from] item: Leftovers
|-heal|p1a: Kong|20/100|[from] Grassy Terrain
|-damage|p2a: Deoxys|69/100 psn|[from] psn
|upkeep
|turn|19
|
|t:|1780897196
|move|p2a: Deoxys|Night Shade|p1a: Kong
|-damage|p1a: Kong|0 fnt
|faint|p1a: Kong
|
|-heal|p2a: Deoxys|75/100 psn|[from] Grassy Terrain
|-heal|p2a: Deoxys|81/100 psn|[from] item: Leftovers
|-damage|p2a: Deoxys|69/100 psn|[from] psn
|upkeep
|
|t:|1780897203
|switch|p1a: Hybrid|Hydreigon, M, shiny|14/100
|turn|20
|
|t:|1780897208
|move|p1a: Hybrid|Earth Power|p2a: Deoxys
|-crit|p2a: Deoxys
|-damage|p2a: Deoxys|14/100 psn
|move|p2a: Deoxys|Night Shade|p1a: Hybrid
|-damage|p1a: Hybrid|0 fnt
|faint|p1a: Hybrid
|
|-heal|p2a: Deoxys|20/100 psn|[from] Grassy Terrain
|-heal|p2a: Deoxys|26/100 psn|[from] item: Leftovers
|-damage|p2a: Deoxys|14/100 psn|[from] psn
|upkeep
|
|t:|1780897218
|switch|p1a: Trojan|Zamazenta, shiny|100/100
|-ability|p1a: Trojan|Dauntless Shield|boost
|-boost|p1a: Trojan|def|1
|turn|21
|
|t:|1780897223
|move|p1a: Trojan|Crunch|p2a: Deoxys
|-supereffective|p2a: Deoxys
|-damage|p2a: Deoxys|0 fnt
|faint|p2a: Deoxys
|
|-fieldend|move: Grassy Terrain
|upkeep
|
|t:|1780897228
|switch|p2a: ⚡️|Raging Bolt|100/100
|-status|p2a: ⚡️|psn
|-damage|p2a: ⚡️|88/100 psn|[from] Stealth Rock
|turn|22
|
|t:|1780897231
|move|p1a: Trojan|Substitute|p1a: Trojan
|-start|p1a: Trojan|Substitute
|-damage|p1a: Trojan|76/100
|move|p2a: ⚡️|Thunderbolt|p1a: Trojan
|-crit|p1a: Trojan
|-end|p1a: Trojan|Substitute
|
|-heal|p1a: Trojan|82/100|[from] item: Leftovers
|-heal|p2a: ⚡️|94/100 psn|[from] item: Leftovers
|-damage|p2a: ⚡️|82/100 psn|[from] psn
|upkeep
|turn|23
|
|t:|1780897238
|-terastallize|p1a: Trojan|Electric
|move|p1a: Trojan|Iron Defense|p1a: Trojan
|-boost|p1a: Trojan|def|2
|move|p2a: ⚡️|Thunderbolt|p1a: Trojan
|-resisted|p1a: Trojan
|-damage|p1a: Trojan|63/100
|
|-heal|p1a: Trojan|69/100|[from] item: Leftovers
|-heal|p2a: ⚡️|88/100 psn|[from] item: Leftovers
|-damage|p2a: ⚡️|75/100 psn|[from] psn
|upkeep
|turn|24
|
|t:|1780897246
|move|p1a: Trojan|Substitute|p1a: Trojan
|-start|p1a: Trojan|Substitute
|-damage|p1a: Trojan|44/100
|move|p2a: ⚡️|Dragon Pulse|p1a: Trojan
|-end|p1a: Trojan|Substitute
|
|-heal|p1a: Trojan|51/100|[from] item: Leftovers
|-heal|p2a: ⚡️|81/100 psn|[from] item: Leftovers
|-damage|p2a: ⚡️|69/100 psn|[from] psn
|upkeep
|turn|25
|
|t:|1780897252
|move|p1a: Trojan|Body Press|p2a: ⚡️
|-damage|p2a: ⚡️|0 fnt
|faint|p2a: ⚡️
|-end|p2a: ⚡️|Protosynthesis|[silent]
|
|-heal|p1a: Trojan|57/100|[from] item: Leftovers
|upkeep
|
|t:|1780897259
|switch|p2a: Aizen🗡️|Kingambit, M, shiny|100/100
|-damage|p2a: Aizen🗡️|94/100|[from] Stealth Rock
|-activate|p2a: Aizen🗡️|ability: Supreme Overlord
|-start|p2a: Aizen🗡️|fallen4|[silent]
|turn|26
|
|t:|1780897262
|-terastallize|p2a: Aizen🗡️|Ghost
|move|p1a: Trojan|Iron Defense|p1a: Trojan
|-boost|p1a: Trojan|def|2
|move|p2a: Aizen🗡️|Swords Dance|p2a: Aizen🗡️
|-boost|p2a: Aizen🗡️|atk|2
|
|-heal|p1a: Trojan|63/100|[from] item: Leftovers
|-heal|p2a: Aizen🗡️|100/100|[from] item: Leftovers
|upkeep
|turn|27
|j| Brucie92
|
|t:|1780897268
|move|p1a: Trojan|Crunch|p2a: Aizen🗡️
|-supereffective|p2a: Aizen🗡️
|-damage|p2a: Aizen🗡️|69/100
|-unboost|p2a: Aizen🗡️|def|1
|move|p2a: Aizen🗡️|Swords Dance|p2a: Aizen🗡️
|-boost|p2a: Aizen🗡️|atk|2
|
|-heal|p1a: Trojan|69/100|[from] item: Leftovers
|-heal|p2a: Aizen🗡️|75/100|[from] item: Leftovers
|upkeep
|turn|28
|
|t:|1780897275
|move|p2a: Aizen🗡️|Sucker Punch|p1a: Trojan
|-damage|p1a: Trojan|28/100
|move|p1a: Trojan|Crunch|p2a: Aizen🗡️
|-supereffective|p2a: Aizen🗡️
|-damage|p2a: Aizen🗡️|25/100
|
|-heal|p1a: Trojan|34/100|[from] item: Leftovers
|-heal|p2a: Aizen🗡️|31/100|[from] item: Leftovers
|upkeep
|turn|29
|
|t:|1780897282
|move|p1a: Trojan|Crunch|p2a: Aizen🗡️
|-supereffective|p2a: Aizen🗡️
|-damage|p2a: Aizen🗡️|0 fnt
|faint|p2a: Aizen🗡️
|-end|p2a: Aizen🗡️|fallen4|[silent]
|
|-heal|p1a: Trojan|40/100|[from] item: Leftovers
|upkeep
|-message|BlackStar150520 forfeited.
|
|win|goodnightnite
|raw|goodnightnite's rating: 1634 &rarr; <strong>1649</strong><br />(+15 for winning)
|raw|BlackStar150520's rating: 1551 &rarr; <strong>1536</strong><br />(-15 for losing)
|l|☆BlackStar150520
|player|p2|
|l|☆goodnightnite
|player|p1|
