|j|☆CDPGuillaume
|j|☆Noamm
|t:|1781533887
|gametype|singles
|player|p1|CDPGuillaume|170|1668
|player|p2|Noamm|gambler|1759
|gen|9
|tier|[Gen 9] OU
|rated|
|rule|HP Percentage Mod: HP is shown in percentages
|rule|Endless Battle Clause: Forcing endless battles is banned
|rule|Species Clause: Limit one of each Pokémon
|rule|OHKO Clause: OHKO moves are banned
|rule|Evasion Items Clause: Evasion items are banned
|rule|Evasion Moves Clause: Evasion moves are banned
|rule|Evasion Abilities Clause: Evasion abilities are banned
|rule|Sleep Moves Clause: Sleep-inducing moves are banned
|clearpoke
|poke|p1|Iron Hands|
|poke|p1|Pecharunt|
|poke|p1|Kingambit, F|
|poke|p1|Rillaboom, F|
|poke|p1|Kyurem|
|poke|p1|Cinderace, F|
|poke|p2|Lokix, M|
|poke|p2|Gholdengo|
|poke|p2|Slowking-Galar, M|
|poke|p2|Great Tusk|
|poke|p2|Zamazenta-*|
|poke|p2|Hydreigon, F|
|teampreview
|inactive|Battle timer is ON: inactive players will automatically lose when time's up. (requested by Noamm)
|
|t:|1781533900
|teamsize|p1|6
|teamsize|p2|6
|start
|switch|p1a: Kyurem|Kyurem|100/100
|switch|p2a: Lokix|Lokix, M|100/100
|-ability|p1a: Kyurem|Pressure
|turn|1
|
|t:|1781533903
|switch|p2a: Slowking|Slowking-Galar, M|100/100
|move|p1a: Kyurem|Ice Beam|p2a: Slowking
|-damage|p2a: Slowking|64/100
|
|upkeep
|turn|2
|j| choispecs ironmoth
|
|t:|1781533908
|move|p1a: Kyurem|Ice Beam|p2a: Slowking
|-damage|p2a: Slowking|29/100
|move|p2a: Slowking|Flamethrower|p1a: Kyurem
|-damage|p1a: Kyurem|75/100
|
|upkeep
|turn|3
|
|t:|1781533912
|switch|p2a: Gholdengo|Gholdengo|100/100
|move|p1a: Kyurem|Ice Beam|p2a: Gholdengo
|-resisted|p2a: Gholdengo
|-damage|p2a: Gholdengo|60/100
|
|upkeep
|turn|4
|
|t:|1781533915
|switch|p1a: Iron Hands|Iron Hands|100/100
|move|p2a: Gholdengo|Recover|p2a: Gholdengo
|-heal|p2a: Gholdengo|100/100
|
|upkeep
|turn|5
|
|t:|1781533924
|switch|p2a: Great Tusk|Great Tusk|100/100
|move|p1a: Iron Hands|Ice Punch|p2a: Great Tusk
|-supereffective|p2a: Great Tusk
|-damage|p2a: Great Tusk|56/100
|
|upkeep
|turn|6
|
|t:|1781533928
|-end|p1a: Iron Hands|Quark Drive|[silent]
|switch|p1a: Pecharunt|Pecharunt|100/100
|move|p2a: Great Tusk|Stealth Rock|p1a: Pecharunt
|-sidestart|p1: CDPGuillaume|move: Stealth Rock
|
|upkeep
|turn|7
|
|t:|1781533936
|-end|p2a: Great Tusk|Protosynthesis|[silent]
|switch|p2a: Gholdengo|Gholdengo|100/100
|move|p1a: Pecharunt|Malignant Chain|p2a: Gholdengo
|-immune|p2a: Gholdengo
|
|upkeep
|turn|8
|
|t:|1781533939
|move|p1a: Pecharunt|Shadow Ball|p2a: Gholdengo
|-supereffective|p2a: Gholdengo
|-damage|p2a: Gholdengo|40/100
|move|p2a: Gholdengo|Make It Rain|p1a: Pecharunt
|-damage|p1a: Pecharunt|6/100
|-unboost|p2a: Gholdengo|spa|1
|
|upkeep
|turn|9
|l| choispecs ironmoth
|
|t:|1781533950
|move|p1a: Pecharunt|Recover|p1a: Pecharunt
|-heal|p1a: Pecharunt|56/100
|move|p2a: Gholdengo|Make It Rain|p1a: Pecharunt
|-damage|p1a: Pecharunt|0 fnt
|-unboost|p2a: Gholdengo|spa|1
|faint|p1a: Pecharunt
|
|upkeep
|
|t:|1781533972
|switch|p1a: Kingambit|Kingambit, F|100/100
|-damage|p1a: Kingambit|94/100|[from] Stealth Rock
|-activate|p1a: Kingambit|ability: Supreme Overlord
|-start|p1a: Kingambit|fallen1|[silent]
|turn|10
|
|t:|1781533978
|move|p2a: Gholdengo|Recover|p2a: Gholdengo
|-heal|p2a: Gholdengo|90/100
|move|p1a: Kingambit|Swords Dance|p1a: Kingambit
|-boost|p1a: Kingambit|atk|2
|
|-heal|p1a: Kingambit|100/100|[from] item: Leftovers
|upkeep
|turn|11
|
|t:|1781533980
|move|p2a: Gholdengo|Make It Rain|p1a: Kingambit
|-resisted|p1a: Kingambit
|-damage|p1a: Kingambit|76/100
|-unboost|p2a: Gholdengo|spa|1
|move|p1a: Kingambit|Swords Dance|p1a: Kingambit
|-boost|p1a: Kingambit|atk|2
|
|-heal|p1a: Kingambit|82/100|[from] item: Leftovers
|upkeep
|turn|12
|
|t:|1781533995
|move|p1a: Kingambit|Sucker Punch|p2a: Gholdengo
|-supereffective|p2a: Gholdengo
|-damage|p2a: Gholdengo|0 fnt
|faint|p2a: Gholdengo
|
|-heal|p1a: Kingambit|88/100|[from] item: Leftovers
|upkeep
|
|t:|1781533998
|switch|p2a: Zamazenta|Zamazenta|100/100
|-ability|p2a: Zamazenta|Dauntless Shield|boost
|-boost|p2a: Zamazenta|def|1
|turn|13
|
|t:|1781534003
|-terastallize|p1a: Kingambit|Bug
|move|p2a: Zamazenta|Iron Defense|p2a: Zamazenta
|-boost|p2a: Zamazenta|def|2
|move|p1a: Kingambit|Iron Head|p2a: Zamazenta
|-damage|p2a: Zamazenta|57/100
|
|-heal|p2a: Zamazenta|63/100|[from] item: Leftovers
|-heal|p1a: Kingambit|94/100|[from] item: Leftovers
|upkeep
|turn|14
|
|t:|1781534012
|move|p1a: Kingambit|Iron Head|p2a: Zamazenta
|-crit|p2a: Zamazenta
|-damage|p2a: Zamazenta|0 fnt
|faint|p2a: Zamazenta
|
|-heal|p1a: Kingambit|99/100|[from] item: Leftovers
|upkeep
|
|t:|1781534019
|switch|p2a: Lokix|Lokix, M|100/100
|turn|15
|
|t:|1781534024
|move|p2a: Lokix|U-turn|p1a: Kingambit
|-crit|p1a: Kingambit
|-damage|p1a: Kingambit|47/100
|j| choispecs ironmoth
|
|t:|1781534032
|switch|p2a: Slowking|Slowking-Galar, M|62/100|[from] U-turn
|move|p1a: Kingambit|Iron Head|p2a: Slowking
|-damage|p2a: Slowking|0 fnt
|faint|p2a: Slowking
|
|-heal|p1a: Kingambit|53/100|[from] item: Leftovers
|upkeep
|
|t:|1781534037
|switch|p2a: Lokix|Lokix, M|100/100
|turn|16
|
|t:|1781534042
|-terastallize|p2a: Lokix|Bug
|move|p2a: Lokix|First Impression|p1a: Kingambit
|-crit|p1a: Kingambit
|-damage|p1a: Kingambit|0 fnt
|faint|p1a: Kingambit
|-end|p1a: Kingambit|fallen1|[silent]
|
|upkeep
|
|t:|1781534053
|switch|p1a: Kyurem|Kyurem|75/100
|-damage|p1a: Kyurem|51/100|[from] Stealth Rock
|-ability|p1a: Kyurem|Pressure
|turn|17
|
|t:|1781534058
|switch|p2a: Great Tusk|Great Tusk|56/100
|move|p1a: Kyurem|Ice Beam|p2a: Great Tusk
|-supereffective|p2a: Great Tusk
|-damage|p2a: Great Tusk|0 fnt
|faint|p2a: Great Tusk
|-end|p2a: Great Tusk|Protosynthesis|[silent]
|
|upkeep
|
|t:|1781534061
|switch|p2a: Hydreigon|Hydreigon, F|100/100
|turn|18
|
|t:|1781534069
|move|p2a: Hydreigon|Dark Pulse|p1a: Kyurem
|-damage|p1a: Kyurem|0 fnt
|faint|p1a: Kyurem
|
|upkeep
|inactive|CDPGuillaume has 120 seconds left.
|
|t:|1781534127
|switch|p1a: Iron Hands|Iron Hands|100/100
|-damage|p1a: Iron Hands|94/100|[from] Stealth Rock
|turn|19
|
|t:|1781534131
|switch|p2a: Lokix|Lokix, M, tera:Bug|100/100
|move|p1a: Iron Hands|Drain Punch|p2a: Lokix
|-resisted|p2a: Lokix
|-damage|p2a: Lokix|70/100
|-heal|p1a: Iron Hands|100/100|[from] drain|[of] p2a: Lokix
|
|upkeep
|turn|20
|
|t:|1781534135
|move|p2a: Lokix|Leech Life|p1a: Iron Hands
|-resisted|p1a: Iron Hands
|-damage|p1a: Iron Hands|50/100
|-heal|p2a: Lokix|100/100|[from] drain|[of] p1a: Iron Hands
|move|p1a: Iron Hands|Drain Punch|p2a: Lokix
|-resisted|p2a: Lokix
|-damage|p2a: Lokix|69/100
|-heal|p1a: Iron Hands|59/100|[from] drain|[of] p2a: Lokix
|
|upkeep
|turn|21
|
|t:|1781534138
|move|p2a: Lokix|Leech Life|p1a: Iron Hands
|-resisted|p1a: Iron Hands
|-damage|p1a: Iron Hands|6/100
|-heal|p2a: Lokix|100/100|[from] drain|[of] p1a: Iron Hands
|move|p1a: Iron Hands|Supercell Slam|p2a: Lokix
|-damage|p2a: Lokix|16/100
|
|upkeep
|turn|22
|
|t:|1781534141
|move|p2a: Lokix|Leech Life|p1a: Iron Hands
|-resisted|p1a: Iron Hands
|-damage|p1a: Iron Hands|0 fnt
|-heal|p2a: Lokix|21/100|[from] drain|[of] p1a: Iron Hands
|faint|p1a: Iron Hands
|-end|p1a: Iron Hands|Quark Drive|[silent]
|
|upkeep
|
|t:|1781534146
|switch|p1a: Cinderace|Cinderace, F|100/100
|turn|23
|
|t:|1781534150
|move|p1a: Cinderace|U-turn|p2a: Lokix
|-start|p1a: Cinderace|typechange|Bug|[from] ability: Libero
|-damage|p2a: Lokix|0 fnt
|faint|p2a: Lokix
|
|t:|1781534152
|switch|p1a: Rillaboom|Rillaboom, F|100/100|[from] U-turn
|-damage|p1a: Rillaboom|88/100|[from] Stealth Rock
|-fieldstart|move: Grassy Terrain|[from] ability: Grassy Surge|[of] p1a: Rillaboom
|
|-heal|p1a: Rillaboom|94/100|[from] Grassy Terrain
|upkeep
|
|t:|1781534155
|switch|p2a: Hydreigon|Hydreigon, F|100/100
|turn|24
|j| newhere1310
|
|t:|1781534178
|move|p2a: Hydreigon|Draco Meteor|p1a: Rillaboom
|-damage|p1a: Rillaboom|0 fnt
|-unboost|p2a: Hydreigon|spa|2
|faint|p1a: Rillaboom
|
|upkeep
|
|t:|1781534181
|switch|p1a: Cinderace|Cinderace, F|100/100
|turn|25
|
|t:|1781534184
|move|p1a: Cinderace|U-turn|p2a: Hydreigon
|-start|p1a: Cinderace|typechange|Bug|[from] ability: Libero
|-supereffective|p2a: Hydreigon
|-damage|p2a: Hydreigon|19/100
|move|p2a: Hydreigon|Draco Meteor|p1a: Cinderace
|-damage|p1a: Cinderace|33/100
|-unboost|p2a: Hydreigon|spa|2
|
|-heal|p1a: Cinderace|39/100|[from] Grassy Terrain
|upkeep
|turn|26
|
|t:|1781534191
|move|p1a: Cinderace|U-turn|p2a: Hydreigon
|-supereffective|p2a: Hydreigon
|-damage|p2a: Hydreigon|0 fnt
|faint|p2a: Hydreigon
|
|win|CDPGuillaume
|raw|CDPGuillaume's rating: 1668 &rarr; <strong>1693</strong><br />(+25 for winning)
|raw|Noamm's rating: 1759 &rarr; <strong>1734</strong><br />(-25 for losing)
|c|☆Noamm|Gg
|l| newhere1310
|l|☆CDPGuillaume
|player|p1|
|l|☆Noamm
|player|p2|
|l| choispecs ironmoth
|j| choispecs ironmoth
