|j|☆yash_hellboy
|j|☆Kazuelasnt
|t:|1781283810
|gametype|singles
|player|p1|yash_hellboy|hooligans|1545
|player|p2|Kazuelasnt|cress|1591
|gen|9
|tier|[Gen 9] OU
|rated|
|rule|HP Percentage Mod: HP is shown in percentages
|rule|Endless Battle Clause: Forcing endless battles is banned
|rule|Species Clause: Limit one of each Pokémon
|rule|OHKO Clause: OHKO moves are banned
|rule|Evasion Items Clause: Evasion items are banned
|rule|Evasion Moves Clause: Evasion moves are banned
|rule|Evasion Abilities Clause: Evasion abilities are banned
|rule|Sleep Moves Clause: Sleep-inducing moves are banned
|clearpoke
|poke|p1|Torkoal, F|
|poke|p1|Great Tusk|
|poke|p1|Slither Wing|
|poke|p1|Venusaur, M|
|poke|p1|Walking Wake|
|poke|p1|Heatran, F|
|poke|p2|Araquanid, M|
|poke|p2|Gholdengo|
|poke|p2|Typhlosion-Hisui, M|
|poke|p2|Zamazenta-*|
|poke|p2|Raging Bolt|
|poke|p2|Dragonite, F|
|teampreview
|
|t:|1781283828
|teamsize|p1|6
|teamsize|p2|6
|start
|switch|p1a: Naruto|Torkoal, F|100/100
|switch|p2a: Nosk|Araquanid, M, shiny|100/100
|-weather|SunnyDay|[from] ability: Drought|[of] p1a: Naruto
|turn|1
|
|t:|1781283834
|switch|p1a: Ghost|Venusaur, M|100/100
|move|p2a: Nosk|Sticky Web|p1a: Ghost
|-sidestart|p1: yash_hellboy|move: Sticky Web
|
|-weather|SunnyDay|[upkeep]
|upkeep
|turn|2
|
|t:|1781283840
|move|p1a: Ghost|Growth|p1a: Ghost
|-boost|p1a: Ghost|atk|2
|-boost|p1a: Ghost|spa|2
|move|p2a: Nosk|Lunge|p1a: Ghost
|-damage|p1a: Ghost|71/100
|-unboost|p1a: Ghost|atk|1
|
|-weather|SunnyDay|[upkeep]
|upkeep
|turn|3
|
|t:|1781283848
|move|p1a: Ghost|Giga Drain|p2a: Nosk
|-damage|p2a: Nosk|40/100
|-heal|p1a: Ghost|100/100|[from] drain|[of] p2a: Nosk
|-damage|p1a: Ghost|91/100|[from] item: Life Orb
|move|p2a: Nosk|Endeavor|p1a: Ghost
|-damage|p1a: Ghost|45/100
|
|-weather|SunnyDay|[upkeep]
|upkeep
|turn|4
|c|☆Kazuelasnt|Why more hp when you just got endeavored?
|
|t:|1781283878
|switch|p2a: Electrofuria|Raging Bolt|100/100
|-activate|p2a: Electrofuria|ability: Protosynthesis
|-start|p2a: Electrofuria|protosynthesisspa
|move|p1a: Ghost|Giga Drain|p2a: Electrofuria
|-resisted|p2a: Electrofuria
|-damage|p2a: Electrofuria|61/100
|-heal|p1a: Ghost|71/100|[from] drain|[of] p2a: Electrofuria
|-damage|p1a: Ghost|61/100|[from] item: Life Orb
|
|-weather|SunnyDay|[upkeep]
|upkeep
|turn|5
|c|☆yash_hellboy|because your hp was more and my hp was less
|c|☆yash_hellboy|you are hp invested
|c|☆yash_hellboy|and i am not
|
|t:|1781283921
|move|p1a: Ghost|Sludge Bomb|p2a: Electrofuria
|-damage|p2a: Electrofuria|0 fnt
|faint|p2a: Electrofuria
|-end|p2a: Electrofuria|Protosynthesis|[silent]
|-damage|p1a: Ghost|52/100|[from] item: Life Orb
|
|-weather|SunnyDay|[upkeep]
|upkeep
|c|☆Kazuelasnt|Oh eye c
|
|t:|1781283943
|switch|p2a: Allegations|Typhlosion-Hisui, M, shiny|100/100
|-item|p1a: Ghost|Life Orb|[from] ability: Frisk|[of] p2a: Allegations
|turn|6
|
|t:|1781283952
|switch|p1a: Hazy|Heatran, F|100/100
|-item|p1a: Hazy|Air Balloon
|move|p2a: Allegations|Fire Blast|p1a: Hazy
|-start|p1a: Hazy|ability: Flash Fire
|
|-weather|SunnyDay|[upkeep]
|upkeep
|turn|7
|
|t:|1781283959
|switch|p2a: Nosk|Araquanid, M, shiny|40/100
|move|p1a: Hazy|Magma Storm|p2a: Nosk
|-crit|p2a: Nosk
|-damage|p2a: Nosk|0 fnt
|faint|p2a: Nosk
|
|-weather|SunnyDay|[upkeep]
|upkeep
|
|t:|1781283964
|switch|p2a: Elliot|Zamazenta|100/100
|-ability|p2a: Elliot|Dauntless Shield|boost
|-boost|p2a: Elliot|def|1
|turn|8
|
|t:|1781283971
|move|p2a: Elliot|Crunch|p1a: Hazy
|-damage|p1a: Hazy|73/100
|-enditem|p1a: Hazy|Air Balloon
|-damage|p2a: Elliot|90/100|[from] item: Life Orb
|move|p1a: Hazy|Magma Storm|p2a: Elliot
|-damage|p2a: Elliot|0 fnt
|faint|p2a: Elliot
|
|-weather|none
|upkeep
|
|t:|1781283977
|switch|p2a: Alba|Dragonite, F|100/100
|turn|9
|
|t:|1781284015
|-end|p1a: Hazy|ability: Flash Fire|[silent]
|switch|p1a: Supe|Great Tusk|100/100
|-activate|p1a: Supe|move: Sticky Web
|-unboost|p1a: Supe|spe|1
|move|p2a: Alba|Dragon Dance|p2a: Alba
|-boost|p2a: Alba|atk|1
|-boost|p2a: Alba|spe|1
|
|upkeep
|turn|10
|
|t:|1781284047
|move|p2a: Alba|Earthquake|p1a: Supe
|-damage|p1a: Supe|65/100
|move|p1a: Supe|Rapid Spin|p2a: Alba
|-damage|p2a: Alba|92/100
|-boost|p1a: Supe|spe|1
|-sideend|p1: yash_hellboy|Sticky Web|[from] move: Rapid Spin|[of] p1a: Supe
|
|upkeep
|turn|11
|
|t:|1781284067
|switch|p2a: Allegations|Typhlosion-Hisui, M, shiny|100/100
|-item|p1a: Supe|Covert Cloak|[from] ability: Frisk|[of] p2a: Allegations
|move|p1a: Supe|Ice Spinner|p2a: Allegations
|-resisted|p2a: Allegations
|-damage|p2a: Allegations|85/100
|
|upkeep
|turn|12
|
|t:|1781284104
|-end|p1a: Supe|Protosynthesis|[silent]
|switch|p1a: Naruto|Torkoal, F|100/100
|-weather|SunnyDay|[from] ability: Drought|[of] p1a: Naruto
|move|p2a: Allegations|Shadow Ball|p1a: Naruto
|-damage|p1a: Naruto|33/100
|
|-weather|SunnyDay|[upkeep]
|upkeep
|turn|13
|
|t:|1781284108
|switch|p1a: Slither Wing|Slither Wing|100/100
|-activate|p1a: Slither Wing|ability: Protosynthesis
|-start|p1a: Slither Wing|protosynthesisatk
|move|p2a: Allegations|Shadow Ball|p1a: Slither Wing
|-damage|p1a: Slither Wing|74/100
|
|-weather|SunnyDay|[upkeep]
|upkeep
|turn|14
|c|☆Kazuelasnt|Is it AV Slither?
|
|t:|1781284131
|move|p2a: Allegations|Shadow Ball|p1a: Slither Wing
|-damage|p1a: Slither Wing|48/100
|move|p1a: Slither Wing|U-turn|p2a: Allegations
|-resisted|p2a: Allegations
|-damage|p2a: Allegations|69/100
|c|☆yash_hellboy|yes
|
|t:|1781284137
|-end|p1a: Slither Wing|Protosynthesis|[silent]
|switch|p1a: Andy|Walking Wake|100/100|[from] U-turn
|-activate|p1a: Andy|ability: Protosynthesis
|-start|p1a: Andy|protosynthesisspe
|
|-weather|SunnyDay|[upkeep]
|upkeep
|turn|15
|c|☆Kazuelasnt|Cool set
|
|t:|1781284143
|move|p1a: Andy|Hydro Steam|p2a: Allegations
|-supereffective|p2a: Allegations
|-damage|p2a: Allegations|0 fnt
|faint|p2a: Allegations
|
|-weather|SunnyDay|[upkeep]
|upkeep
|
|t:|1781284148
|switch|p2a: Alba|Dragonite, F|92/100
|turn|16
|
|t:|1781284158
|-end|p1a: Andy|Protosynthesis|[silent]
|switch|p1a: Supe|Great Tusk|65/100
|-activate|p1a: Supe|ability: Protosynthesis
|-start|p1a: Supe|protosynthesisspe
|move|p2a: Alba|Dragon Dance|p2a: Alba
|-boost|p2a: Alba|atk|1
|-boost|p2a: Alba|spe|1
|
|-weather|SunnyDay|[upkeep]
|upkeep
|turn|17
|
|t:|1781284168
|-terastallize|p2a: Alba|Fire
|move|p1a: Supe|Ice Spinner|p2a: Alba
|-resisted|p2a: Alba
|-damage|p2a: Alba|79/100
|move|p2a: Alba|Dragon Dance|p2a: Alba
|-boost|p2a: Alba|atk|1
|-boost|p2a: Alba|spe|1
|
|-weather|SunnyDay|[upkeep]
|upkeep
|turn|18
|
|t:|1781284178
|-terastallize|p1a: Supe|Steel
|move|p2a: Alba|Encore|p1a: Supe
|-start|p1a: Supe|Encore
|move|p1a: Supe|Ice Spinner|p2a: Alba
|-resisted|p2a: Alba
|-damage|p2a: Alba|66/100
|
|-weather|SunnyDay|[upkeep]
|upkeep
|turn|19
|
|t:|1781284183
|-end|p1a: Supe|Protosynthesis|[silent]
|switch|p1a: Andy|Walking Wake|100/100
|-activate|p1a: Andy|ability: Protosynthesis
|-start|p1a: Andy|protosynthesisspe
|move|p2a: Alba|Earthquake|p1a: Andy
|-damage|p1a: Andy|25/100
|
|-weather|none
|-end|p1a: Andy|Protosynthesis
|upkeep
|turn|20
|
|t:|1781284190
|-end|p1a: Andy|Protosynthesis|[silent]
|switch|p1a: Naruto|Torkoal, F|33/100
|-weather|SunnyDay|[from] ability: Drought|[of] p1a: Naruto
|move|p2a: Alba|Earthquake|p1a: Naruto
|-supereffective|p1a: Naruto
|-damage|p1a: Naruto|0 fnt
|faint|p1a: Naruto
|
|-weather|SunnyDay|[upkeep]
|upkeep
|
|t:|1781284193
|switch|p1a: Andy|Walking Wake|25/100
|-activate|p1a: Andy|ability: Protosynthesis
|-start|p1a: Andy|protosynthesisspe
|turn|21
|
|t:|1781284199
|move|p2a: Alba|Extreme Speed|p1a: Andy
|-damage|p1a: Andy|0 fnt
|faint|p1a: Andy
|-end|p1a: Andy|Protosynthesis|[silent]
|
|-weather|SunnyDay|[upkeep]
|upkeep
|
|t:|1781284205
|switch|p1a: Supe|Great Tusk, tera:Steel|65/100
|-activate|p1a: Supe|ability: Protosynthesis
|-start|p1a: Supe|protosynthesisspe
|turn|22
|
|t:|1781284209
|move|p2a: Alba|Earthquake|p1a: Supe
|-supereffective|p1a: Supe
|-damage|p1a: Supe|0 fnt
|faint|p1a: Supe
|-end|p1a: Supe|Protosynthesis|[silent]
|
|-weather|SunnyDay|[upkeep]
|upkeep
|
|t:|1781284214
|switch|p1a: Ghost|Venusaur, M|52/100
|turn|23
|
|t:|1781284218
|move|p2a: Alba|Extreme Speed|p1a: Ghost
|-damage|p1a: Ghost|0 fnt
|faint|p1a: Ghost
|
|-weather|SunnyDay|[upkeep]
|upkeep
|
|t:|1781284221
|switch|p1a: Slither Wing|Slither Wing|48/100
|-activate|p1a: Slither Wing|ability: Protosynthesis
|-start|p1a: Slither Wing|protosynthesisatk
|turn|24
|c|☆yash_hellboy|welp
|c|☆yash_hellboy|gg
|c|☆Kazuelasnt|Does this kill tho?
|
|t:|1781284244
|move|p2a: Alba|Extreme Speed|p1a: Slither Wing
|-damage|p1a: Slither Wing|0 fnt
|faint|p1a: Slither Wing
|-end|p1a: Slither Wing|Protosynthesis|[silent]
|
|-weather|SunnyDay|[upkeep]
|upkeep
|c|☆yash_hellboy|yes
|c|☆Kazuelasnt|Oh
|
|t:|1781284249
|switch|p1a: Hazy|Heatran, F|73/100
|turn|25
|c|☆Kazuelasnt|Well gg, cool sun team
|
|t:|1781284258
|move|p2a: Alba|Earthquake|p1a: Hazy
|-supereffective|p1a: Hazy
|-damage|p1a: Hazy|0 fnt
|faint|p1a: Hazy
|
|win|Kazuelasnt
|raw|yash_hellboy's rating: 1545 &rarr; <strong>1528</strong><br />(-17 for losing)
|raw|Kazuelasnt's rating: 1591 &rarr; <strong>1608</strong><br />(+17 for winning)
|l|☆yash_hellboy
|player|p1|
|l|☆Kazuelasnt
|player|p2|
