|j|☆kadu99
|j|☆ChiefGreenLeaf3
|t:|1781168331
|gametype|singles
|player|p1|kadu99|policeman-gen4|1551
|player|p2|ChiefGreenLeaf3|giovanni-gen1|1639
|gen|9
|tier|[Gen 9] OU
|rated|
|rule|HP Percentage Mod: HP is shown in percentages
|rule|Endless Battle Clause: Forcing endless battles is banned
|rule|Species Clause: Limit one of each Pokémon
|rule|OHKO Clause: OHKO moves are banned
|rule|Evasion Items Clause: Evasion items are banned
|rule|Evasion Moves Clause: Evasion moves are banned
|rule|Evasion Abilities Clause: Evasion abilities are banned
|rule|Sleep Moves Clause: Sleep-inducing moves are banned
|clearpoke
|poke|p1|Zarude|
|poke|p1|Gliscor, F|
|poke|p1|Blissey, F|
|poke|p1|Skarmory, F|
|poke|p1|Keldeo|
|poke|p1|Pecharunt|
|poke|p2|Darkrai|
|poke|p2|Iron Jugulis|
|poke|p2|Kingambit, F|
|poke|p2|Moltres-Galar|
|poke|p2|Weavile, F|
|poke|p2|Meowscarada, F|
|teampreview
|inactive|Battle timer is ON: inactive players will automatically lose when time's up. (requested by kadu99)
|inactive|ChiefGreenLeaf3 has 120 seconds left.
|j| Vitriso
|
|t:|1781168374
|teamsize|p1|6
|teamsize|p2|6
|start
|switch|p1a: Gliscor|Gliscor, F|100/100
|switch|p2a: Weavile|Weavile, F|100/100
|-ability|p2a: Weavile|Pressure
|turn|1
|
|t:|1781168384
|move|p1a: Gliscor|Protect|p1a: Gliscor
|-singleturn|p1a: Gliscor|Protect
|move|p2a: Weavile|Swords Dance|p2a: Weavile
|-boost|p2a: Weavile|atk|2
|
|-status|p1a: Gliscor|tox|[from] item: Toxic Orb
|upkeep
|turn|2
|
|t:|1781168395
|switch|p1a: Skarmory|Skarmory, F|100/100
|move|p2a: Weavile|Triple Axel|p1a: Skarmory
|-damage|p1a: Skarmory|88/100
|-damage|p2a: Weavile|84/100|[from] item: Rocky Helmet|[of] p1a: Skarmory
|-damage|p1a: Skarmory|66/100
|-damage|p2a: Weavile|67/100|[from] item: Rocky Helmet|[of] p1a: Skarmory
|-damage|p1a: Skarmory|34/100
|-damage|p2a: Weavile|50/100|[from] item: Rocky Helmet|[of] p1a: Skarmory
|-hitcount|p1a: Skarmory|3
|
|upkeep
|turn|3
|inactive|ChiefGreenLeaf3 has 120 seconds left.
|
|t:|1781168427
|move|p2a: Weavile|Triple Axel|p1a: Skarmory|[miss]
|-miss|p2a: Weavile|p1a: Skarmory
|move|p1a: Skarmory|Roost|p1a: Skarmory
|-heal|p1a: Skarmory|84/100
|-singleturn|p1a: Skarmory|move: Roost
|
|upkeep
|turn|4
|
|t:|1781168433
|move|p2a: Weavile|Triple Axel|p1a: Skarmory
|-damage|p1a: Skarmory|71/100
|-damage|p2a: Weavile|34/100|[from] item: Rocky Helmet|[of] p1a: Skarmory
|-hitcount|p1a: Skarmory|1
|move|p1a: Skarmory|Roost|p1a: Skarmory
|-heal|p1a: Skarmory|100/100
|-singleturn|p1a: Skarmory|move: Roost
|
|upkeep
|turn|5
|
|t:|1781168437
|move|p2a: Weavile|Swords Dance|p2a: Weavile
|-boost|p2a: Weavile|atk|2
|move|p1a: Skarmory|Roost||[still]
|-fail|p1a: Skarmory|heal
|
|upkeep
|turn|6
|
|t:|1781168440
|move|p2a: Weavile|Triple Axel|p1a: Skarmory|[miss]
|-miss|p2a: Weavile|p1a: Skarmory
|move|p1a: Skarmory|Roost||[still]
|-fail|p1a: Skarmory|heal
|
|upkeep
|turn|7
|
|t:|1781168442
|move|p2a: Weavile|Swords Dance|p2a: Weavile
|-boost|p2a: Weavile|atk|2
|move|p1a: Skarmory|Roost||[still]
|-fail|p1a: Skarmory|heal
|
|upkeep
|turn|8
|
|t:|1781168445
|move|p2a: Weavile|Triple Axel|p1a: Skarmory
|-damage|p1a: Skarmory|77/100
|-damage|p2a: Weavile|17/100|[from] item: Rocky Helmet|[of] p1a: Skarmory
|-damage|p1a: Skarmory|31/100
|-damage|p2a: Weavile|0 fnt|[from] item: Rocky Helmet|[of] p1a: Skarmory
|faint|p2a: Weavile
|-hitcount|p1a: Skarmory|2
|move|p1a: Skarmory|Roost|p1a: Skarmory
|-heal|p1a: Skarmory|81/100
|-singleturn|p1a: Skarmory|move: Roost
|
|upkeep
|
|t:|1781168451
|switch|p2a: Darkrai|Darkrai|100/100
|turn|9
|
|t:|1781168454
|switch|p1a: Blissey|Blissey, F|100/100
|move|p2a: Darkrai|Trick|p1a: Blissey
|-activate|p2a: Darkrai|move: Trick|[of] p1a: Blissey
|-item|p1a: Blissey|Choice Scarf|[from] move: Trick
|-item|p2a: Darkrai|Heavy-Duty Boots|[from] move: Trick
|
|upkeep
|turn|10
|
|t:|1781168458
|switch|p2a: Meowscarada|Meowscarada, F|100/100
|move|p1a: Blissey|Stealth Rock|p2a: Meowscarada
|-sidestart|p2: ChiefGreenLeaf3|move: Stealth Rock
|
|upkeep
|turn|11
|
|t:|1781168460
|switch|p1a: Skarmory|Skarmory, F|81/100
|move|p2a: Meowscarada|Spikes|p1a: Skarmory
|-start|p2a: Meowscarada|typechange|Ground|[from] ability: Protean
|-sidestart|p1: kadu99|Spikes
|
|upkeep
|turn|12
|
|t:|1781168463
|move|p2a: Meowscarada|Spikes|p1a: Skarmory
|-sidestart|p1: kadu99|Spikes
|move|p1a: Skarmory|Spikes|p2a: Meowscarada
|-sidestart|p2: ChiefGreenLeaf3|Spikes
|
|upkeep
|turn|13
|
|t:|1781168466
|move|p2a: Meowscarada|Spikes|p1a: Skarmory
|-sidestart|p1: kadu99|Spikes
|move|p1a: Skarmory|Spikes|p2a: Meowscarada
|-sidestart|p2: ChiefGreenLeaf3|Spikes
|
|upkeep
|turn|14
|
|t:|1781168473
|switch|p2a: Darkrai|Darkrai|100/100
|move|p1a: Skarmory|Spikes|p2a: Darkrai
|-sidestart|p2: ChiefGreenLeaf3|Spikes
|
|upkeep
|turn|15
|
|t:|1781168480
|switch|p1a: Blissey|Blissey, F|100/100
|-damage|p1a: Blissey|75/100|[from] Spikes
|move|p2a: Darkrai|Taunt|p1a: Blissey
|-start|p1a: Blissey|move: Taunt
|
|upkeep
|turn|16
|
|t:|1781168497
|switch|p2a: Meowscarada|Meowscarada, F|100/100
|-damage|p2a: Meowscarada|88/100|[from] Stealth Rock
|-damage|p2a: Meowscarada|63/100|[from] Spikes
|move|p1a: Blissey|Seismic Toss|p2a: Meowscarada
|-damage|p2a: Meowscarada|29/100
|
|upkeep
|turn|17
|
|t:|1781168514
|switch|p1a: Skarmory|Skarmory, F|81/100
|move|p2a: Meowscarada|Knock Off|p1a: Skarmory
|-start|p2a: Meowscarada|typechange|Dark|[from] ability: Protean
|-damage|p1a: Skarmory|45/100
|-damage|p2a: Meowscarada|13/100|[from] item: Rocky Helmet|[of] p1a: Skarmory
|-enditem|p1a: Skarmory|Rocky Helmet|[from] move: Knock Off|[of] p2a: Meowscarada
|
|upkeep
|turn|18
|
|t:|1781168520
|move|p2a: Meowscarada|Knock Off|p1a: Skarmory
|-damage|p1a: Skarmory|20/100
|move|p1a: Skarmory|Roost|p1a: Skarmory
|-heal|p1a: Skarmory|70/100
|-singleturn|p1a: Skarmory|move: Roost
|
|upkeep
|turn|19
|
|t:|1781168524
|move|p2a: Meowscarada|Knock Off|p1a: Skarmory
|-damage|p1a: Skarmory|45/100
|move|p1a: Skarmory|Roost|p1a: Skarmory
|-heal|p1a: Skarmory|95/100
|-singleturn|p1a: Skarmory|move: Roost
|
|upkeep
|turn|20
|
|t:|1781168533
|move|p2a: Meowscarada|Knock Off|p1a: Skarmory
|-damage|p1a: Skarmory|67/100
|move|p1a: Skarmory|Whirlwind|p2a: Meowscarada
|drag|p2a: Kingambit|Kingambit, F|100/100
|-damage|p2a: Kingambit|94/100|[from] Stealth Rock
|-damage|p2a: Kingambit|69/100|[from] Spikes
|
|upkeep
|turn|21
|
|t:|1781168548
|move|p2a: Kingambit|Swords Dance|p2a: Kingambit
|-boost|p2a: Kingambit|atk|2
|move|p1a: Skarmory|Whirlwind|p2a: Kingambit
|drag|p2a: Meowscarada|Meowscarada, F|13/100
|-damage|p2a: Meowscarada|0 fnt|[from] Stealth Rock
|faint|p2a: Meowscarada
|
|upkeep
|
|t:|1781168568
|switch|p2a: Darkrai|Darkrai|100/100
|turn|22
|
|t:|1781168575
|switch|p1a: Blissey|Blissey, F|75/100
|-damage|p1a: Blissey|50/100|[from] Spikes
|move|p2a: Darkrai|Taunt|p1a: Blissey
|-start|p1a: Blissey|move: Taunt
|
|upkeep
|turn|23
|
|t:|1781168590
|move|p2a: Darkrai|Dark Pulse|p1a: Blissey
|-damage|p1a: Blissey|38/100
|cant|p1a: Blissey|flinch
|
|upkeep
|turn|24
|
|t:|1781168594
|move|p2a: Darkrai|Dark Pulse|p1a: Blissey
|-damage|p1a: Blissey|24/100
|move|p1a: Blissey|Seismic Toss|p2a: Darkrai
|-damage|p2a: Darkrai|65/100
|
|-end|p1a: Blissey|move: Taunt
|upkeep
|turn|25
|
|t:|1781168607
|switch|p2a: Kingambit|Kingambit, F|69/100
|-damage|p2a: Kingambit|63/100|[from] Stealth Rock
|-damage|p2a: Kingambit|38/100|[from] Spikes
|move|p1a: Blissey|Seismic Toss|p2a: Kingambit
|-damage|p2a: Kingambit|9/100
|
|upkeep
|turn|26
|
|t:|1781168614
|move|p1a: Blissey|Seismic Toss|p2a: Kingambit
|-damage|p2a: Kingambit|0 fnt
|faint|p2a: Kingambit
|
|upkeep
|
|t:|1781168616
|switch|p2a: Moltres|Moltres-Galar|100/100
|-damage|p2a: Moltres|76/100|[from] Stealth Rock
|turn|27
|
|t:|1781168631
|move|p2a: Moltres|Nasty Plot|p2a: Moltres
|-boost|p2a: Moltres|spa|2
|move|p1a: Blissey|Seismic Toss|p2a: Moltres
|-damage|p2a: Moltres|45/100
|-ability|p2a: Moltres|Berserk|boost
|-boost|p2a: Moltres|spa|1
|-enditem|p2a: Moltres|Sitrus Berry|[eat]
|-heal|p2a: Moltres|69/100|[from] item: Sitrus Berry
|
|upkeep
|turn|28
|
|t:|1781168634
|-terastallize|p2a: Moltres|Ghost
|move|p2a: Moltres|Agility|p2a: Moltres
|-boost|p2a: Moltres|spe|2
|move|p1a: Blissey|Seismic Toss|p2a: Moltres
|-immune|p2a: Moltres
|
|upkeep
|turn|29
|
|t:|1781168655
|switch|p1a: Skarmory|Skarmory, F|67/100
|move|p2a: Moltres|Nasty Plot|p2a: Moltres
|-boost|p2a: Moltres|spa|2
|
|upkeep
|turn|30
|
|t:|1781168658
|move|p2a: Moltres|Fiery Wrath|p1a: Skarmory
|-damage|p1a: Skarmory|0 fnt
|faint|p1a: Skarmory
|
|upkeep
|inactive|kadu99 has 120 seconds left.
|
|t:|1781168685
|switch|p1a: Keldeo|Keldeo|100/100
|turn|31
|
|t:|1781168691
|move|p2a: Moltres|Hurricane|p1a: Keldeo|[miss]
|-miss|p2a: Moltres|p1a: Keldeo
|move|p1a: Keldeo|Surf|p2a: Moltres
|-damage|p2a: Moltres|27/100
|-ability|p2a: Moltres|Berserk|boost
|-boost|p2a: Moltres|spa|1
|
|upkeep
|turn|32
|
|t:|1781168698
|switch|p1a: Blissey|Blissey, F|24/100
|-damage|p1a: Blissey|0 fnt|[from] Spikes
|faint|p1a: Blissey
|move|p2a: Moltres|Hurricane|p1: Blissey|[notarget]
|-fail|p2a: Moltres
|
|upkeep
|
|t:|1781168701
|switch|p1a: Keldeo|Keldeo|100/100
|turn|33
|
|t:|1781168703
|move|p2a: Moltres|Hurricane|p1a: Keldeo
|-supereffective|p1a: Keldeo
|-damage|p1a: Keldeo|0 fnt
|faint|p1a: Keldeo
|
|upkeep
|
|t:|1781168710
|switch|p1a: Gliscor|Gliscor, F|100/100 tox
|turn|34
|
|t:|1781168715
|move|p2a: Moltres|Fiery Wrath|p1a: Gliscor
|-damage|p1a: Gliscor|0 fnt
|faint|p1a: Gliscor
|
|upkeep
|
|t:|1781168716
|switch|p1a: Pecharunt|Pecharunt|100/100
|turn|35
|
|t:|1781168718
|move|p2a: Moltres|Fiery Wrath|p1a: Pecharunt
|-supereffective|p1a: Pecharunt
|-damage|p1a: Pecharunt|0 fnt
|faint|p1a: Pecharunt
|
|upkeep
|-message|kadu99 forfeited.
|
|win|ChiefGreenLeaf3
|raw|kadu99's rating: 1551 &rarr; <strong>1536</strong><br />(-15 for losing)
|raw|ChiefGreenLeaf3's rating: 1639 &rarr; <strong>1654</strong><br />(+15 for winning)
|l|☆kadu99
|player|p1|
|l|☆ChiefGreenLeaf3
|player|p2|
|l| Vitriso
