|j|☆moocowvin
|j|☆rrbrru
|t:|1781575833
|gametype|singles
|player|p1|moocowvin|riley|1651
|player|p2|rrbrru|101|1691
|gen|9
|tier|[Gen 9] OU
|rated|
|rule|HP Percentage Mod: HP is shown in percentages
|rule|Endless Battle Clause: Forcing endless battles is banned
|rule|Species Clause: Limit one of each Pokémon
|rule|OHKO Clause: OHKO moves are banned
|rule|Evasion Items Clause: Evasion items are banned
|rule|Evasion Moves Clause: Evasion moves are banned
|rule|Evasion Abilities Clause: Evasion abilities are banned
|rule|Sleep Moves Clause: Sleep-inducing moves are banned
|clearpoke
|poke|p1|Iron Moth|
|poke|p1|Greninja-*, M|
|poke|p1|Hatterene, F|
|poke|p1|Gliscor, M|
|poke|p1|Raging Bolt|
|poke|p1|Zamazenta-*|
|poke|p2|Tyranitar, M|
|poke|p2|Excadrill, M|
|poke|p2|Hydrapple, M|
|poke|p2|Tornadus-Therian, M|
|poke|p2|Alomomola, F|
|poke|p2|Houndstone, F|
|teampreview
|
|t:|1781575839
|teamsize|p1|6
|teamsize|p2|6
|start
|switch|p1a: Zamazenta|Zamazenta|100/100
|switch|p2a: Crocodile|Tyranitar, M|100/100
|-ability|p1a: Zamazenta|Dauntless Shield|boost
|-boost|p1a: Zamazenta|def|1
|-weather|Sandstorm|[from] ability: Sand Stream|[of] p2a: Crocodile
|turn|1
|
|t:|1781575845
|switch|p2a: Ryuma|Houndstone, F|100/100
|move|p1a: Zamazenta|Reflect|p1a: Zamazenta
|-sidestart|p1: moocowvin|Reflect
|
|-weather|Sandstorm|[upkeep]
|-damage|p1a: Zamazenta|94/100|[from] Sandstorm
|upkeep
|turn|2
|j| jfhdjdjdnfjdd
|
|t:|1781575848
|move|p2a: Ryuma|Trick|p1a: Zamazenta
|-activate|p2a: Ryuma|move: Trick|[of] p1a: Zamazenta
|-item|p1a: Zamazenta|Choice Band|[from] move: Trick
|-item|p2a: Ryuma|Light Clay|[from] move: Trick
|move|p1a: Zamazenta|Light Screen|p1a: Zamazenta
|-sidestart|p1: moocowvin|move: Light Screen
|
|-weather|Sandstorm|[upkeep]
|-damage|p1a: Zamazenta|88/100|[from] Sandstorm
|upkeep
|turn|3
|
|t:|1781575864
|switch|p1a: Greninja|Greninja, M|100/100
|move|p2a: Ryuma|Poltergeist|p1a: Greninja
|-activate|p1a: Greninja|move: Poltergeist|Leftovers
|-resisted|p1a: Greninja
|-damage|p1a: Greninja|81/100
|
|-weather|Sandstorm|[upkeep]
|-damage|p1a: Greninja|75/100|[from] Sandstorm
|-heal|p1a: Greninja|81/100|[from] item: Leftovers
|upkeep
|turn|4
|
|t:|1781575867
|move|p2a: Ryuma|Destiny Bond|p2a: Ryuma
|-singlemove|p2a: Ryuma|Destiny Bond
|move|p1a: Greninja|Swords Dance|p1a: Greninja
|-boost|p1a: Greninja|atk|2
|
|-weather|Sandstorm|[upkeep]
|-damage|p1a: Greninja|75/100|[from] Sandstorm
|-heal|p1a: Greninja|81/100|[from] item: Leftovers
|upkeep
|turn|5
|
|t:|1781575872
|move|p2a: Ryuma|Will-O-Wisp|p1a: Greninja|[miss]
|-miss|p2a: Ryuma|p1a: Greninja
|move|p1a: Greninja|Swords Dance|p1a: Greninja
|-boost|p1a: Greninja|atk|2
|
|-weather|none
|-heal|p1a: Greninja|87/100|[from] item: Leftovers
|upkeep
|turn|6
|
|t:|1781575877
|switch|p2a: Crocodile|Tyranitar, M|100/100
|-weather|Sandstorm|[from] ability: Sand Stream|[of] p2a: Crocodile
|move|p1a: Greninja|Night Slash|p2a: Crocodile
|-resisted|p2a: Crocodile
|-damage|p2a: Crocodile|63/100
|
|-weather|Sandstorm|[upkeep]
|-damage|p1a: Greninja|81/100|[from] Sandstorm
|-heal|p1a: Greninja|87/100|[from] item: Leftovers
|-heal|p2a: Crocodile|69/100|[from] item: Leftovers
|-sideend|p1: moocowvin|move: Light Screen
|upkeep
|turn|7
|
|t:|1781575881
|switch|p2a: Ryuma|Houndstone, F|100/100
|move|p1a: Greninja|Liquidation|p2a: Ryuma
|-damage|p2a: Ryuma|0 fnt
|faint|p2a: Ryuma
|-ability|p1a: Greninja|Battle Bond|boost
|-boost|p1a: Greninja|atk|1
|-boost|p1a: Greninja|spa|1
|-boost|p1a: Greninja|spe|1
|-activate|p1a: Greninja|ability: Battle Bond
|
|-weather|Sandstorm|[upkeep]
|-damage|p1a: Greninja|81/100|[from] Sandstorm
|-heal|p1a: Greninja|87/100|[from] item: Leftovers
|upkeep
|inactive|Battle timer is ON: inactive players will automatically lose when time's up. (requested by moocowvin)
|
|t:|1781575890
|switch|p2a: Big Mom|Alomomola, F|100/100
|turn|8
|
|t:|1781575892
|move|p1a: Greninja|Night Slash|p2a: Big Mom
|-damage|p2a: Big Mom|36/100
|move|p2a: Big Mom|Flip Turn|p1a: Greninja
|-resisted|p1a: Greninja
|-damage|p1a: Greninja|80/100
|
|t:|1781575898
|switch|p2a: Mr. 1|Excadrill, M|100/100|[from] Flip Turn
|
|-weather|Sandstorm|[upkeep]
|-damage|p1a: Greninja|74/100|[from] Sandstorm
|-heal|p1a: Greninja|80/100|[from] item: Leftovers
|-sideend|p1: moocowvin|Reflect
|upkeep
|turn|9
|
|t:|1781575904
|move|p1a: Greninja|Liquidation|p2a: Mr. 1
|-supereffective|p2a: Mr. 1
|-damage|p2a: Mr. 1|0 fnt
|faint|p2a: Mr. 1
|
|-weather|Sandstorm|[upkeep]
|-damage|p1a: Greninja|74/100|[from] Sandstorm
|-heal|p1a: Greninja|80/100|[from] item: Leftovers
|upkeep
|
|t:|1781575911
|switch|p2a: Queen|Hydrapple, M|100/100
|turn|10
|
|t:|1781575920
|-terastallize|p1a: Greninja|Fighting
|-terastallize|p2a: Queen|Steel
|move|p1a: Greninja|Night Slash|p2a: Queen
|-damage|p2a: Queen|34/100
|move|p2a: Queen|Giga Drain|p1a: Greninja
|-damage|p1a: Greninja|20/100
|-heal|p2a: Queen|54/100|[from] drain|[of] p1a: Greninja
|
|-weather|none
|-heal|p1a: Greninja|26/100|[from] item: Leftovers
|upkeep
|turn|11
|l| jfhdjdjdnfjdd
|
|t:|1781575933
|switch|p2a: Big Mom|Alomomola, F|70/100
|move|p1a: Greninja|Liquidation|p2a: Big Mom
|-resisted|p2a: Big Mom
|-damage|p2a: Big Mom|29/100
|
|-heal|p1a: Greninja|32/100|[from] item: Leftovers
|upkeep
|turn|12
|
|t:|1781575937
|switch|p2a: Crocodile|Tyranitar, M|69/100
|-weather|Sandstorm|[from] ability: Sand Stream|[of] p2a: Crocodile
|move|p1a: Greninja|Liquidation|p2a: Crocodile
|-supereffective|p2a: Crocodile
|-damage|p2a: Crocodile|0 fnt
|faint|p2a: Crocodile
|
|-weather|Sandstorm|[upkeep]
|-damage|p1a: Greninja|26/100|[from] Sandstorm
|-heal|p1a: Greninja|32/100|[from] item: Leftovers
|upkeep
|
|t:|1781575943
|switch|p2a: Queen|Hydrapple, M, tera:Steel|88/100
|turn|13
|
|t:|1781575946
|move|p1a: Greninja|Liquidation|p2a: Queen
|-damage|p2a: Queen|2/100
|move|p2a: Queen|Draco Meteor|p1a: Greninja
|-damage|p1a: Greninja|0 fnt
|-unboost|p2a: Queen|spa|2
|faint|p1a: Greninja
|-enditem|p2a: Queen|Eject Pack
|
|t:|1781575949
|switch|p2a: Marco|Tornadus-Therian, M|100/100
|
|-weather|Sandstorm|[upkeep]
|-damage|p2a: Marco|94/100|[from] Sandstorm
|upkeep
|
|t:|1781575958
|switch|p1a: Iron Moth|Iron Moth|100/100
|-enditem|p1a: Iron Moth|Booster Energy
|-activate|p1a: Iron Moth|ability: Quark Drive|[fromitem]
|-start|p1a: Iron Moth|quarkdrivespe
|turn|14
|
|t:|1781575962
|move|p1a: Iron Moth|Fiery Dance|p2a: Marco
|-damage|p2a: Marco|54/100
|move|p2a: Marco|Bleakwind Storm|p1a: Iron Moth
|-damage|p1a: Iron Moth|64/100
|
|-weather|Sandstorm|[upkeep]
|-damage|p1a: Iron Moth|58/100|[from] Sandstorm
|-damage|p2a: Marco|48/100|[from] Sandstorm
|upkeep
|turn|15
|
|t:|1781575970
|move|p1a: Iron Moth|Fiery Dance|p2a: Marco
|-damage|p2a: Marco|5/100
|-boost|p1a: Iron Moth|spa|1
|move|p2a: Marco|U-turn|p1a: Iron Moth
|-resisted|p1a: Iron Moth
|-damage|p1a: Iron Moth|52/100
|
|t:|1781575973
|switch|p2a: Big Mom|Alomomola, F|62/100|[from] U-turn
|
|-weather|Sandstorm|[upkeep]
|-damage|p1a: Iron Moth|46/100|[from] Sandstorm
|-damage|p2a: Big Mom|56/100|[from] Sandstorm
|upkeep
|turn|16
|
|t:|1781575975
|move|p1a: Iron Moth|Sludge Wave|p2a: Big Mom
|-damage|p2a: Big Mom|0 fnt
|faint|p2a: Big Mom
|
|-weather|none
|upkeep
|-message|rrbrru forfeited.
|
|win|moocowvin
|raw|moocowvin's rating: 1651 &rarr; <strong>1673</strong><br />(+22 for winning)
|raw|rrbrru's rating: 1691 &rarr; <strong>1669</strong><br />(-22 for losing)
|l|☆rrbrru
|player|p2|
