|j|☆LowEL0God
|j|☆StarDio
|t:|1781521790
|gametype|singles
|player|p1|LowEL0God|265|1686
|player|p2|StarDio|102|1675
|gen|9
|tier|[Gen 9] OU
|rated|
|rule|HP Percentage Mod: HP is shown in percentages
|rule|Endless Battle Clause: Forcing endless battles is banned
|rule|Species Clause: Limit one of each Pokémon
|rule|OHKO Clause: OHKO moves are banned
|rule|Evasion Items Clause: Evasion items are banned
|rule|Evasion Moves Clause: Evasion moves are banned
|rule|Evasion Abilities Clause: Evasion abilities are banned
|rule|Sleep Moves Clause: Sleep-inducing moves are banned
|clearpoke
|poke|p1|Pelipper, M|
|poke|p1|Raging Bolt|
|poke|p1|Overqwil, M|
|poke|p1|Barraskewda, F|
|poke|p1|Iron Treads|
|poke|p1|Kingambit, M|
|poke|p2|Hoopa-Unbound|
|poke|p2|Pecharunt|
|poke|p2|Landorus-Therian, M|
|poke|p2|Cinderace, M|
|poke|p2|Alomomola, M|
|poke|p2|Iron Valiant|
|teampreview
|inactive|Battle timer is ON: inactive players will automatically lose when time's up. (requested by StarDio)
|c|☆LowEL0God|hf
|inactive|LowEL0God also wants the timer to be on.
|
|t:|1781521794
|teamsize|p1|6
|teamsize|p2|6
|start
|switch|p1a: Pelipper|Pelipper, M|100/100
|switch|p2a: Khaos|Hoopa-Unbound|100/100
|-weather|RainDance|[from] ability: Drizzle|[of] p1a: Pelipper
|turn|1
|
|t:|1781521796
|switch|p1a: Overqwil|Overqwil, M|100/100
|move|p2a: Khaos|Knock Off|p1a: Overqwil
|-resisted|p1a: Overqwil
|-damage|p1a: Overqwil|46/100
|-enditem|p1a: Overqwil|Life Orb|[from] move: Knock Off|[of] p2a: Khaos
|
|-weather|RainDance|[upkeep]
|upkeep
|turn|2
|
|t:|1781521806
|switch|p2a: Pisces|Alomomola, M, shiny|100/100
|move|p1a: Overqwil|Swords Dance|p1a: Overqwil
|-boost|p1a: Overqwil|atk|2
|
|-weather|RainDance|[upkeep]
|upkeep
|turn|3
|
|t:|1781521811
|switch|p2a: Overseer|Pecharunt|100/100
|move|p1a: Overqwil|Gunk Shot|p2a: Overseer
|-resisted|p2a: Overseer
|-damage|p2a: Overseer|86/100
|
|-weather|RainDance|[upkeep]
|upkeep
|turn|4
|
|t:|1781521820
|move|p1a: Overqwil|Crunch|p2a: Overseer
|-supereffective|p2a: Overseer
|-damage|p2a: Overseer|7/100
|move|p2a: Overseer|Parting Shot|p1a: Overqwil
|-unboost|p1a: Overqwil|atk|1
|-unboost|p1a: Overqwil|spa|1
|
|t:|1781521826
|switch|p2a: Enten|Landorus-Therian, M, shiny|100/100|[from] Parting Shot
|-ability|p2a: Enten|Intimidate|boost
|-unboost|p1a: Overqwil|atk|1
|
|-weather|RainDance|[upkeep]
|upkeep
|turn|5
|
|t:|1781521831
|move|p1a: Overqwil|Liquidation|p2a: Enten
|-supereffective|p2a: Enten
|-damage|p2a: Enten|0 fnt
|faint|p2a: Enten
|
|-weather|RainDance|[upkeep]
|upkeep
|
|t:|1781521836
|switch|p2a: Pisces|Alomomola, M, shiny|100/100
|turn|6
|
|t:|1781521837
|move|p1a: Overqwil|Swords Dance|p1a: Overqwil
|-boost|p1a: Overqwil|atk|2
|move|p2a: Pisces|Flip Turn|p1a: Overqwil
|-damage|p1a: Overqwil|18/100
|
|t:|1781521840
|switch|p2a: Calamity|Iron Valiant, shiny|100/100|[from] Flip Turn
|
|-weather|RainDance|[upkeep]
|upkeep
|turn|7
|
|t:|1781521841
|move|p2a: Calamity|Vacuum Wave|p1a: Overqwil
|-damage|p1a: Overqwil|0 fnt
|faint|p1a: Overqwil
|
|-weather|RainDance|[upkeep]
|upkeep
|
|t:|1781521842
|switch|p1a: Barraskewda|Barraskewda, F|100/100
|turn|8
|
|t:|1781521845
|-end|p2a: Calamity|Quark Drive|[silent]
|switch|p2a: Pisces|Alomomola, M, shiny|100/100
|move|p1a: Barraskewda|Liquidation|p2a: Pisces
|-resisted|p2a: Pisces
|-damage|p2a: Pisces|66/100
|
|-weather|none
|upkeep
|turn|9
|
|t:|1781521848
|move|p1a: Barraskewda|Liquidation|p2a: Pisces
|-resisted|p2a: Pisces
|-damage|p2a: Pisces|43/100
|move|p2a: Pisces|Flip Turn|p1a: Barraskewda
|-resisted|p1a: Barraskewda
|-damage|p1a: Barraskewda|85/100
|
|t:|1781521850
|switch|p2a: Overseer|Pecharunt|7/100|[from] Flip Turn
|
|upkeep
|turn|10
|
|t:|1781521852
|switch|p2a: Pisces|Alomomola, M, shiny|76/100
|move|p1a: Barraskewda|Liquidation|p2a: Pisces
|-resisted|p2a: Pisces
|-damage|p2a: Pisces|52/100
|
|upkeep
|turn|11
|
|t:|1781521854
|move|p1a: Barraskewda|Liquidation|p2a: Pisces
|-resisted|p2a: Pisces
|-damage|p2a: Pisces|29/100
|move|p2a: Pisces|Flip Turn|p1a: Barraskewda
|-resisted|p1a: Barraskewda
|-damage|p1a: Barraskewda|68/100
|
|t:|1781521855
|switch|p2a: Overseer|Pecharunt|7/100|[from] Flip Turn
|
|upkeep
|turn|12
|
|t:|1781521857
|switch|p2a: Pisces|Alomomola, M, shiny|62/100
|move|p1a: Barraskewda|Liquidation|p2a: Pisces
|-resisted|p2a: Pisces
|-damage|p2a: Pisces|39/100
|
|upkeep
|turn|13
|
|t:|1781521863
|move|p1a: Barraskewda|Liquidation|p2a: Pisces
|-resisted|p2a: Pisces
|-damage|p2a: Pisces|13/100
|move|p2a: Pisces|Body Slam|p1a: Barraskewda
|-damage|p1a: Barraskewda|37/100
|
|upkeep
|turn|14
|
|t:|1781521865
|switch|p2a: Overseer|Pecharunt|7/100
|move|p1a: Barraskewda|Liquidation|p2a: Overseer
|-damage|p2a: Overseer|0 fnt
|faint|p2a: Overseer
|
|upkeep
|
|t:|1781521869
|switch|p2a: Liberacy|Cinderace, M, shiny|100/100
|turn|15
|
|t:|1781521870
|move|p2a: Liberacy|Sucker Punch|p1a: Barraskewda
|-start|p2a: Liberacy|typechange|Dark|[from] ability: Libero
|-damage|p1a: Barraskewda|0 fnt
|faint|p1a: Barraskewda
|
|upkeep
|
|t:|1781521872
|switch|p1a: Kingambit|Kingambit, M|100/100
|-activate|p1a: Kingambit|ability: Supreme Overlord
|-start|p1a: Kingambit|fallen2|[silent]
|turn|16
|
|t:|1781521874
|move|p2a: Liberacy|Pyro Ball|p1a: Kingambit
|-supereffective|p1a: Kingambit
|-damage|p1a: Kingambit|43/100
|move|p1a: Kingambit|Iron Head|p2a: Liberacy
|-damage|p2a: Liberacy|22/100
|
|-heal|p1a: Kingambit|49/100|[from] item: Leftovers
|upkeep
|turn|17
|
|t:|1781521882
|move|p1a: Kingambit|Sucker Punch|p2a: Liberacy
|-resisted|p2a: Liberacy
|-damage|p2a: Liberacy|0 fnt
|faint|p2a: Liberacy
|
|-heal|p1a: Kingambit|56/100|[from] item: Leftovers
|upkeep
|
|t:|1781521884
|switch|p2a: Calamity|Iron Valiant, shiny|100/100
|turn|18
|
|t:|1781521887
|move|p2a: Calamity|Moonblast|p1a: Kingambit
|-damage|p1a: Kingambit|0 fnt
|faint|p1a: Kingambit
|-end|p1a: Kingambit|fallen2|[silent]
|
|upkeep
|
|t:|1781521888
|switch|p1a: Iron Treads|Iron Treads|100/100
|-enditem|p1a: Iron Treads|Booster Energy
|-activate|p1a: Iron Treads|ability: Quark Drive|[fromitem]
|-start|p1a: Iron Treads|quarkdrivespe
|turn|19
|
|t:|1781521891
|-end|p2a: Calamity|Quark Drive|[silent]
|switch|p2a: Pisces|Alomomola, M, shiny|46/100
|move|p1a: Iron Treads|Steel Beam|p2a: Pisces
|-resisted|p2a: Pisces
|-crit|p2a: Pisces
|-damage|p2a: Pisces|25/100
|-damage|p1a: Iron Treads|50/100|[from] steelbeam
|
|upkeep
|turn|20
|
|t:|1781521896
|move|p1a: Iron Treads|Earth Power|p2a: Pisces
|-crit|p2a: Pisces
|-damage|p2a: Pisces|0 fnt
|faint|p2a: Pisces
|
|upkeep
|
|t:|1781521902
|switch|p2a: Khaos|Hoopa-Unbound|100/100
|turn|21
|
|t:|1781521906
|move|p1a: Iron Treads|Steel Beam|p2a: Khaos
|-damage|p2a: Khaos|57/100
|-damage|p1a: Iron Treads|0 fnt|[from] steelbeam
|faint|p1a: Iron Treads
|-end|p1a: Iron Treads|Quark Drive|[silent]
|move|p2a: Khaos|Hyperspace Fury|p1: Iron Treads|[notarget]
|-fail|p2a: Khaos
|
|upkeep
|
|t:|1781521907
|switch|p1a: Pelipper|Pelipper, M|100/100
|-weather|RainDance|[from] ability: Drizzle|[of] p1a: Pelipper
|turn|22
|
|t:|1781521909
|move|p2a: Khaos|Hyperspace Fury|p1a: Pelipper
|-damage|p1a: Pelipper|25/100
|-unboost|p2a: Khaos|def|1
|move|p1a: Pelipper|U-turn|p2a: Khaos
|-supereffective|p2a: Khaos
|-damage|p2a: Khaos|0 fnt
|faint|p2a: Khaos
|
|t:|1781521909
|switch|p1a: Raging Bolt|Raging Bolt|100/100|[from] U-turn
|-enditem|p1a: Raging Bolt|Booster Energy
|-activate|p1a: Raging Bolt|ability: Protosynthesis|[fromitem]
|-start|p1a: Raging Bolt|protosynthesisspa
|
|-weather|RainDance|[upkeep]
|upkeep
|
|t:|1781521912
|switch|p2a: Calamity|Iron Valiant, shiny|100/100
|turn|23
|
|t:|1781521914
|-terastallize|p2a: Calamity|Fairy
|-terastallize|p1a: Raging Bolt|Fairy
|move|p2a: Calamity|Moonblast|p1a: Raging Bolt
|-damage|p1a: Raging Bolt|19/100
|-unboost|p1a: Raging Bolt|spa|1
|move|p1a: Raging Bolt|Weather Ball|p2a: Calamity
|-damage|p2a: Calamity|8/100
|
|-weather|RainDance|[upkeep]
|upkeep
|turn|24
|
|t:|1781521920
|-end|p1a: Raging Bolt|Protosynthesis|[silent]
|switch|p1a: Pelipper|Pelipper, M|25/100
|move|p2a: Calamity|Moonblast|p1a: Pelipper
|-damage|p1a: Pelipper|0 fnt
|faint|p1a: Pelipper
|
|-weather|RainDance|[upkeep]
|upkeep
|
|t:|1781521920
|switch|p1a: Raging Bolt|Raging Bolt, tera:Fairy|19/100
|turn|25
|
|t:|1781521921
|move|p1a: Raging Bolt|Thunderclap|p2a: Calamity
|-damage|p2a: Calamity|0 fnt
|faint|p2a: Calamity
|-end|p2a: Calamity|Quark Drive|[silent]
|
|win|LowEL0God
|raw|LowEL0God's rating: 1686 &rarr; <strong>1705</strong><br />(+19 for winning)
|raw|StarDio's rating: 1675 &rarr; <strong>1656</strong><br />(-19 for losing)
|l|☆StarDio
|player|p2|
|c|☆LowEL0God|gg
|l|☆LowEL0God
|player|p1|
