|j|☆blackgokuking
|j|☆amiruae
|t:|1781116497
|gametype|singles
|player|p1|blackgokuking|101|1673
|player|p2|amiruae|palmer|1578
|gen|9
|tier|[Gen 9] OU
|rated|
|rule|HP Percentage Mod: HP is shown in percentages
|rule|Endless Battle Clause: Forcing endless battles is banned
|rule|Species Clause: Limit one of each Pokémon
|rule|OHKO Clause: OHKO moves are banned
|rule|Evasion Items Clause: Evasion items are banned
|rule|Evasion Moves Clause: Evasion moves are banned
|rule|Evasion Abilities Clause: Evasion abilities are banned
|rule|Sleep Moves Clause: Sleep-inducing moves are banned
|clearpoke
|poke|p1|Kingambit, F|
|poke|p1|Kommo-o, F|
|poke|p1|Iron Valiant|
|poke|p1|Kyurem|
|poke|p1|Iron Treads|
|poke|p1|Iron Crown|
|poke|p2|Dragonite, M|
|poke|p2|Moltres|
|poke|p2|Iron Moth|
|poke|p2|Iron Boulder|
|poke|p2|Zapdos-Galar|
|poke|p2|Rotom-Wash|
|teampreview
|inactive|Battle timer is ON: inactive players will automatically lose when time's up. (requested by amiruae)
|j| kxpowkedpowe
|
|t:|1781116519
|teamsize|p1|6
|teamsize|p2|6
|start
|switch|p1a: Iron Treads|Iron Treads|100/100
|switch|p2a: Zapdos|Zapdos-Galar|100/100
|-enditem|p1a: Iron Treads|Booster Energy
|-activate|p1a: Iron Treads|ability: Quark Drive|[fromitem]
|-start|p1a: Iron Treads|quarkdrivespe
|turn|1
|
|t:|1781116533
|move|p1a: Iron Treads|Stealth Rock|p2a: Zapdos
|-sidestart|p2: amiruae|move: Stealth Rock
|move|p2a: Zapdos|Thunderous Kick|p1a: Iron Treads
|-supereffective|p1a: Iron Treads
|-damage|p1a: Iron Treads|32/100
|-unboost|p1a: Iron Treads|def|1
|
|upkeep
|turn|2
|
|t:|1781116540
|move|p1a: Iron Treads|Endeavor|p2a: Zapdos
|-damage|p2a: Zapdos|36/100
|move|p2a: Zapdos|Trailblaze|p1a: Iron Treads
|-damage|p1a: Iron Treads|13/100
|-boost|p2a: Zapdos|spe|1
|
|upkeep
|turn|3
|
|t:|1781116549
|move|p1a: Iron Treads|Rapid Spin|p2a: Zapdos
|-damage|p2a: Zapdos|22/100
|-boost|p1a: Iron Treads|spe|1
|move|p2a: Zapdos|Trailblaze|p1a: Iron Treads
|-damage|p1a: Iron Treads|0 fnt
|-boost|p2a: Zapdos|spe|1
|faint|p1a: Iron Treads
|-end|p1a: Iron Treads|Quark Drive|[silent]
|
|upkeep
|
|t:|1781116556
|switch|p1a: Iron Crown|Iron Crown|100/100
|-enditem|p1a: Iron Crown|Booster Energy
|-activate|p1a: Iron Crown|ability: Quark Drive|[fromitem]
|-start|p1a: Iron Crown|quarkdrivespe
|turn|4
|inactive|amiruae has 120 seconds left.
|
|t:|1781116586
|move|p2a: Zapdos|Thunderous Kick|p1a: Iron Crown
|-damage|p1a: Iron Crown|54/100
|-unboost|p1a: Iron Crown|def|1
|move|p1a: Iron Crown|Tachyon Cutter|p2a: Zapdos
|-damage|p2a: Zapdos|6/100
|-damage|p2a: Zapdos|0 fnt
|faint|p2a: Zapdos
|-hitcount|p2: Zapdos|2
|
|upkeep
|inactive|amiruae has 120 seconds left.
|
|t:|1781116597
|switch|p2a: Iron Moth|Iron Moth|100/100
|-damage|p2a: Iron Moth|75/100|[from] Stealth Rock
|-enditem|p2a: Iron Moth|Booster Energy
|-activate|p2a: Iron Moth|ability: Quark Drive|[fromitem]
|-start|p2a: Iron Moth|quarkdrivespe
|turn|5
|
|t:|1781116605
|move|p2a: Iron Moth|Fiery Dance|p1a: Iron Crown
|-supereffective|p1a: Iron Crown
|-damage|p1a: Iron Crown|0 fnt
|faint|p1a: Iron Crown
|-end|p1a: Iron Crown|Quark Drive|[silent]
|
|upkeep
|
|t:|1781116609
|switch|p1a: Kyurem|Kyurem|100/100
|-ability|p1a: Kyurem|Pressure
|turn|6
|
|t:|1781116626
|move|p2a: Iron Moth|Dazzling Gleam|p1a: Kyurem
|-supereffective|p1a: Kyurem
|-damage|p1a: Kyurem|40/100
|move|p1a: Kyurem|Earth Power|p2a: Iron Moth
|-supereffective|p2a: Iron Moth
|-damage|p2a: Iron Moth|0 fnt
|faint|p2a: Iron Moth
|-end|p2a: Iron Moth|Quark Drive|[silent]
|
|upkeep
|
|t:|1781116630
|switch|p2a: Iron Boulder|Iron Boulder|100/100
|-damage|p2a: Iron Boulder|88/100|[from] Stealth Rock
|-enditem|p2a: Iron Boulder|Booster Energy
|-activate|p2a: Iron Boulder|ability: Quark Drive|[fromitem]
|-start|p2a: Iron Boulder|quarkdrivespe
|turn|7
|
|t:|1781116641
|-terastallize|p1a: Kyurem|Ground
|move|p2a: Iron Boulder|Mighty Cleave|p1a: Kyurem
|-resisted|p1a: Kyurem
|-damage|p1a: Kyurem|16/100
|move|p1a: Kyurem|Earth Power|p2a: Iron Boulder
|-supereffective|p2a: Iron Boulder
|-damage|p2a: Iron Boulder|15/100
|
|upkeep
|turn|8
|
|t:|1781116652
|move|p2a: Iron Boulder|Brick Break|p1a: Kyurem
|-damage|p1a: Kyurem|0 fnt
|faint|p1a: Kyurem
|
|upkeep
|j| NapoleonV
|
|t:|1781116681
|switch|p1a: Kingambit|Kingambit, F|100/100
|-activate|p1a: Kingambit|ability: Supreme Overlord
|-start|p1a: Kingambit|fallen3|[silent]
|turn|9
|
|t:|1781116685
|move|p1a: Kingambit|Sucker Punch|p2a: Iron Boulder
|-supereffective|p2a: Iron Boulder
|-damage|p2a: Iron Boulder|0 fnt
|faint|p2a: Iron Boulder
|-end|p2a: Iron Boulder|Quark Drive|[silent]
|
|upkeep
|
|t:|1781116689
|switch|p2a: Moltres|Moltres|100/100
|turn|10
|
|t:|1781116707
|move|p2a: Moltres|Flamethrower|p1a: Kingambit
|-supereffective|p1a: Kingambit
|-crit|p1a: Kingambit
|-damage|p1a: Kingambit|0 fnt
|faint|p1a: Kingambit
|-end|p1a: Kingambit|fallen3|[silent]
|
|upkeep
|
|t:|1781116711
|switch|p1a: Kommo-o|Kommo-o, F|100/100
|turn|11
|
|t:|1781116715
|move|p1a: Kommo-o|Substitute|p1a: Kommo-o
|-start|p1a: Kommo-o|Substitute
|-damage|p1a: Kommo-o|75/100
|move|p2a: Moltres|Hurricane|p1a: Kommo-o|[miss]
|-miss|p2a: Moltres|p1a: Kommo-o
|
|-heal|p1a: Kommo-o|82/100|[from] item: Leftovers
|upkeep
|turn|12
|
|t:|1781116723
|move|p1a: Kommo-o|Clangorous Soul|p1a: Kommo-o
|-boost|p1a: Kommo-o|atk|1
|-boost|p1a: Kommo-o|def|1
|-boost|p1a: Kommo-o|spa|1
|-boost|p1a: Kommo-o|spd|1
|-boost|p1a: Kommo-o|spe|1
|-damage|p1a: Kommo-o|49/100
|move|p2a: Moltres|Scorching Sands|p1a: Kommo-o
|-activate|p1a: Kommo-o|move: Substitute|[damage]
|
|-heal|p1a: Kommo-o|55/100|[from] item: Leftovers
|upkeep
|turn|13
|
|t:|1781116737
|move|p1a: Kommo-o|Shadow Claw|p2a: Moltres
|-damage|p2a: Moltres|77/100
|-status|p1a: Kommo-o|brn|[from] ability: Flame Body|[of] p2a: Moltres
|move|p2a: Moltres|Tailwind|p2a: Moltres
|-sidestart|p2: amiruae|move: Tailwind
|
|-heal|p1a: Kommo-o|61/100 brn|[from] item: Leftovers
|-damage|p1a: Kommo-o|55/100 brn|[from] brn
|upkeep
|turn|14
|
|t:|1781116743
|move|p1a: Kommo-o|Shadow Claw|p2a: Moltres
|-crit|p2a: Moltres
|-damage|p2a: Moltres|58/100
|move|p2a: Moltres|Hurricane|p1a: Kommo-o
|-supereffective|p1a: Kommo-o
|-end|p1a: Kommo-o|Substitute
|
|-heal|p1a: Kommo-o|61/100 brn|[from] item: Leftovers
|-damage|p1a: Kommo-o|55/100 brn|[from] brn
|upkeep
|turn|15
|
|t:|1781116750
|move|p1a: Kommo-o|Shadow Claw|p2a: Moltres
|-damage|p2a: Moltres|45/100
|move|p2a: Moltres|Hurricane|p1a: Kommo-o
|-supereffective|p1a: Kommo-o
|-damage|p1a: Kommo-o|0 fnt
|faint|p1a: Kommo-o
|
|upkeep
|
|t:|1781116753
|switch|p1a: Iron Valiant|Iron Valiant|100/100
|-enditem|p1a: Iron Valiant|Booster Energy
|-activate|p1a: Iron Valiant|ability: Quark Drive|[fromitem]
|-start|p1a: Iron Valiant|quarkdrivespe
|turn|16
|
|t:|1781116763
|move|p1a: Iron Valiant|Shadow Ball|p2a: Moltres
|-damage|p2a: Moltres|19/100
|move|p2a: Moltres|Flamethrower|p1a: Iron Valiant
|-crit|p1a: Iron Valiant
|-damage|p1a: Iron Valiant|0 fnt
|faint|p1a: Iron Valiant
|-end|p1a: Iron Valiant|Quark Drive|[silent]
|
|win|amiruae
|raw|blackgokuking's rating: 1673 &rarr; <strong>1648</strong><br />(-25 for losing)
|raw|amiruae's rating: 1578 &rarr; <strong>1603</strong><br />(+25 for winning)
|l|☆blackgokuking
|player|p1|
|l|☆amiruae
|player|p2|
|l| kxpowkedpowe
|l| NapoleonV
