|j|☆Igoodnamename
|j|☆waffledogefern
|t:|1781311333
|gametype|singles
|player|p1|Igoodnamename|winona|1740
|player|p2|waffledogefern|hero2-conquest|1657
|gen|9
|tier|[Gen 9] OU
|rated|
|rule|HP Percentage Mod: HP is shown in percentages
|rule|Endless Battle Clause: Forcing endless battles is banned
|rule|Species Clause: Limit one of each Pokémon
|rule|OHKO Clause: OHKO moves are banned
|rule|Evasion Items Clause: Evasion items are banned
|rule|Evasion Moves Clause: Evasion moves are banned
|rule|Evasion Abilities Clause: Evasion abilities are banned
|rule|Sleep Moves Clause: Sleep-inducing moves are banned
|clearpoke
|poke|p1|Raging Bolt|
|poke|p1|Rillaboom, F|
|poke|p1|Great Tusk|
|poke|p1|Ting-Lu|
|poke|p1|Skeledirge, F|
|poke|p1|Enamorus, F|
|poke|p2|Ribombee, F|
|poke|p2|Lokix, F|
|poke|p2|Great Tusk|
|poke|p2|Raging Bolt|
|poke|p2|Gholdengo|
|poke|p2|Iron Moth|
|teampreview
|j| Pulkatz
|c|☆waffledogefern|hf
|c|☆waffledogefern|Again
|c|☆Igoodnamename|u2
|
|t:|1781311356
|teamsize|p1|6
|teamsize|p2|6
|start
|switch|p1a: Ting-Lu|Ting-Lu|100/100
|switch|p2a: Ribombee|Ribombee, F|100/100
|-ability|p1a: Ting-Lu|Vessel of Ruin
|turn|1
|
|t:|1781311365
|move|p2a: Ribombee|Sticky Web|p1a: Ting-Lu
|-sidestart|p1: Igoodnamename|move: Sticky Web
|move|p1a: Ting-Lu|Stealth Rock|p2a: Ribombee
|-sidestart|p2: waffledogefern|move: Stealth Rock
|
|upkeep
|turn|2
|
|t:|1781311389
|switch|p2a: Lokix|Lokix, F|100/100
|-damage|p2a: Lokix|76/100|[from] Stealth Rock
|move|p1a: Ting-Lu|Ruination|p2a: Lokix
|-damage|p2a: Lokix|38/100
|
|upkeep
|turn|3
|
|t:|1781311422
|switch|p1a: Enamorus|Enamorus, F|100/100
|move|p2a: Lokix|Leech Life|p1a: Enamorus
|-resisted|p1a: Enamorus
|-damage|p1a: Enamorus|57/100
|-heal|p2a: Lokix|61/100|[from] drain|[of] p1a: Enamorus
|-damage|p2a: Lokix|51/100|[from] item: Life Orb
|
|upkeep
|turn|4
|l| Pulkatz
|
|t:|1781311435
|move|p2a: Lokix|Sucker Punch|p1a: Enamorus
|-resisted|p1a: Enamorus
|-damage|p1a: Enamorus|0 fnt
|faint|p1a: Enamorus
|-damage|p2a: Lokix|41/100|[from] item: Life Orb
|
|upkeep
|
|t:|1781311441
|switch|p1a: Great Tusk|Great Tusk|100/100
|turn|5
|
|t:|1781311449
|switch|p2a: Gholdengo|Gholdengo|100/100
|-damage|p2a: Gholdengo|94/100|[from] Stealth Rock
|-item|p2a: Gholdengo|Air Balloon
|move|p1a: Great Tusk|Ice Spinner|p2a: Gholdengo
|-resisted|p2a: Gholdengo
|-damage|p2a: Gholdengo|80/100
|-enditem|p2a: Gholdengo|Air Balloon
|
|upkeep
|turn|6
|j| Pulkatz
|
|t:|1781311456
|-terastallize|p2a: Gholdengo|Fairy
|move|p1a: Great Tusk|Headlong Rush|p2a: Gholdengo
|-damage|p2a: Gholdengo|13/100
|-unboost|p1a: Great Tusk|def|1
|-unboost|p1a: Great Tusk|spd|1
|move|p2a: Gholdengo|Dazzling Gleam|p1a: Great Tusk
|-supereffective|p1a: Great Tusk
|-damage|p1a: Great Tusk|0 fnt
|faint|p1a: Great Tusk
|-end|p1a: Great Tusk|Protosynthesis|[silent]
|
|upkeep
|
|t:|1781311486
|switch|p1a: Rillaboom|Rillaboom, F|100/100
|-activate|p1a: Rillaboom|move: Sticky Web
|-unboost|p1a: Rillaboom|spe|1
|-fieldstart|move: Grassy Terrain|[from] ability: Grassy Surge|[of] p1a: Rillaboom
|turn|7
|inactive|Battle timer is ON: inactive players will automatically lose when time's up. (requested by Igoodnamename)
|
|t:|1781311507
|move|p2a: Gholdengo|Dazzling Gleam|p1a: Rillaboom
|-damage|p1a: Rillaboom|45/100
|move|p1a: Rillaboom|U-turn|p2a: Gholdengo
|-resisted|p2a: Gholdengo
|-damage|p2a: Gholdengo|0 fnt
|faint|p2a: Gholdengo
|
|t:|1781311514
|switch|p1a: Raging Bolt|Raging Bolt|100/100|[from] U-turn
|-activate|p1a: Raging Bolt|move: Sticky Web
|-unboost|p1a: Raging Bolt|spe|1
|
|upkeep
|
|t:|1781311524
|switch|p2a: Raging Bolt|Raging Bolt|100/100
|-damage|p2a: Raging Bolt|88/100|[from] Stealth Rock
|-enditem|p2a: Raging Bolt|Booster Energy
|-activate|p2a: Raging Bolt|ability: Protosynthesis|[fromitem]
|-start|p2a: Raging Bolt|protosynthesisspa
|turn|8
|
|t:|1781311529
|-end|p1a: Raging Bolt|Protosynthesis|[silent]
|switch|p1a: Ting-Lu|Ting-Lu|100/100
|-activate|p1a: Ting-Lu|move: Sticky Web
|-unboost|p1a: Ting-Lu|spe|1
|-ability|p1a: Ting-Lu|Vessel of Ruin
|move|p2a: Raging Bolt|Dragon Pulse|p1a: Ting-Lu
|-damage|p1a: Ting-Lu|73/100
|
|-heal|p2a: Raging Bolt|94/100|[from] Grassy Terrain
|-heal|p1a: Ting-Lu|79/100|[from] Grassy Terrain
|-heal|p1a: Ting-Lu|85/100|[from] item: Leftovers
|upkeep
|turn|9
|
|t:|1781311550
|-end|p2a: Raging Bolt|Protosynthesis|[silent]
|switch|p2a: Great Tusk|Great Tusk|100/100
|-damage|p2a: Great Tusk|98/100|[from] Stealth Rock
|-enditem|p2a: Great Tusk|Booster Energy
|-activate|p2a: Great Tusk|ability: Protosynthesis|[fromitem]
|-start|p2a: Great Tusk|protosynthesisatk
|move|p1a: Ting-Lu|Ruination|p2a: Great Tusk
|-damage|p2a: Great Tusk|49/100
|
|-heal|p2a: Great Tusk|55/100|[from] Grassy Terrain
|-heal|p1a: Ting-Lu|92/100|[from] Grassy Terrain
|-heal|p1a: Ting-Lu|98/100|[from] item: Leftovers
|upkeep
|turn|10
|
|t:|1781311561
|move|p2a: Great Tusk|Rapid Spin|p1a: Ting-Lu
|-damage|p1a: Ting-Lu|85/100
|-boost|p2a: Great Tusk|spe|1
|-sideend|p2: waffledogefern|Stealth Rock|[from] move: Rapid Spin|[of] p2a: Great Tusk
|move|p1a: Ting-Lu|Whirlwind|p2a: Great Tusk
|-end|p2a: Great Tusk|Protosynthesis|[silent]
|drag|p2a: Raging Bolt|Raging Bolt|94/100
|
|-heal|p2a: Raging Bolt|100/100|[from] Grassy Terrain
|-heal|p1a: Ting-Lu|91/100|[from] Grassy Terrain
|-heal|p1a: Ting-Lu|98/100|[from] item: Leftovers
|upkeep
|turn|11
|
|t:|1781311569
|-end|p2a: Raging Bolt|Protosynthesis|[silent]
|switch|p2a: Lokix|Lokix, F|41/100
|move|p1a: Ting-Lu|Ruination|p2a: Lokix
|-damage|p2a: Lokix|21/100
|
|-heal|p2a: Lokix|27/100|[from] Grassy Terrain
|-heal|p1a: Ting-Lu|100/100|[from] Grassy Terrain
|-fieldend|move: Grassy Terrain
|upkeep
|turn|12
|
|t:|1781311573
|move|p2a: Lokix|Leech Life|p1a: Ting-Lu
|-supereffective|p1a: Ting-Lu
|-damage|p1a: Ting-Lu|47/100
|-heal|p2a: Lokix|75/100|[from] drain|[of] p1a: Ting-Lu
|-damage|p2a: Lokix|66/100|[from] item: Life Orb
|move|p1a: Ting-Lu|Heavy Slam|p2a: Lokix
|-damage|p2a: Lokix|23/100
|
|-heal|p1a: Ting-Lu|53/100|[from] item: Leftovers
|upkeep
|turn|13
|
|t:|1781311577
|switch|p1a: Skeledirge|Skeledirge, F|100/100
|move|p2a: Lokix|Leech Life|p1a: Skeledirge
|-resisted|p1a: Skeledirge
|-damage|p1a: Skeledirge|80/100
|-heal|p2a: Lokix|38/100|[from] drain|[of] p1a: Skeledirge
|-damage|p2a: Lokix|28/100|[from] item: Life Orb
|
|upkeep
|turn|14
|
|t:|1781311580
|move|p2a: Lokix|Knock Off|p1a: Skeledirge
|-supereffective|p1a: Skeledirge
|-damage|p1a: Skeledirge|0 fnt
|-enditem|p1a: Skeledirge|Heavy-Duty Boots|[from] move: Knock Off|[of] p2a: Lokix
|faint|p1a: Skeledirge
|-damage|p2a: Lokix|18/100|[from] item: Life Orb
|
|upkeep
|
|t:|1781311583
|switch|p1a: Rillaboom|Rillaboom, F|45/100
|-activate|p1a: Rillaboom|move: Sticky Web
|-unboost|p1a: Rillaboom|spe|1
|-fieldstart|move: Grassy Terrain|[from] ability: Grassy Surge|[of] p1a: Rillaboom
|turn|15
|
|t:|1781311590
|move|p2a: Lokix|Sucker Punch|p1a: Rillaboom
|-damage|p1a: Rillaboom|0 fnt
|faint|p1a: Rillaboom
|-damage|p2a: Lokix|8/100|[from] item: Life Orb
|
|-heal|p2a: Lokix|14/100|[from] Grassy Terrain
|upkeep
|c|☆Igoodnamename|ggs
|-message|Igoodnamename forfeited.
|
|win|waffledogefern
|raw|Igoodnamename's rating: 1740 &rarr; <strong>1715</strong><br />(-25 for losing)
|raw|waffledogefern's rating: 1657 &rarr; <strong>1682</strong><br />(+25 for winning)
|l|☆Igoodnamename
|player|p1|
|c|☆waffledogefern|gg
|l|☆waffledogefern
|player|p2|
|l| Pulkatz
