|j|☆team10thPlanett
|j|☆Sashannarcy
|t:|1781412953
|gametype|singles
|player|p1|team10thPlanett|veteran|1595
|player|p2|Sashannarcy|unknownf|1592
|gen|9
|tier|[Gen 9] OU
|rated|
|rule|HP Percentage Mod: HP is shown in percentages
|rule|Endless Battle Clause: Forcing endless battles is banned
|rule|Species Clause: Limit one of each Pokémon
|rule|OHKO Clause: OHKO moves are banned
|rule|Evasion Items Clause: Evasion items are banned
|rule|Evasion Moves Clause: Evasion moves are banned
|rule|Evasion Abilities Clause: Evasion abilities are banned
|rule|Sleep Moves Clause: Sleep-inducing moves are banned
|clearpoke
|poke|p1|Zamazenta-*|
|poke|p1|Dragonite, M|
|poke|p1|Araquanid, M|
|poke|p1|Iron Treads|
|poke|p1|Hoopa-Unbound|
|poke|p1|Gholdengo|
|poke|p2|Komala, M|
|poke|p2|Blissey, F|
|poke|p2|Dondozo, F|
|poke|p2|Gliscor, F|
|poke|p2|Clefable, F|
|poke|p2|Toxapex, M|
|teampreview
|inactive|Battle timer is ON: inactive players will automatically lose when time's up. (requested by Sashannarcy)
|
|t:|1781412958
|teamsize|p1|6
|teamsize|p2|6
|start
|switch|p1a: Gholdengo|Gholdengo|100/100
|switch|p2a: Gliscor|Gliscor, F|100/100
|turn|1
|
|t:|1781412964
|move|p2a: Gliscor|Protect|p2a: Gliscor
|-singleturn|p2a: Gliscor|Protect
|move|p1a: Gholdengo|Trick|p2a: Gliscor
|-activate|p2a: Gliscor|move: Protect
|
|-status|p2a: Gliscor|tox|[from] item: Toxic Orb
|upkeep
|turn|2
|
|t:|1781412978
|switch|p1a: Iron Treads|Iron Treads|100/100
|-enditem|p1a: Iron Treads|Booster Energy
|-activate|p1a: Iron Treads|ability: Quark Drive|[fromitem]
|-start|p1a: Iron Treads|quarkdrivespe
|switch|p2a: Komala|Komala, M|100/100
|-ability|p2a: Komala|Comatose
|
|upkeep
|turn|3
|
|t:|1781412987
|switch|p2a: Clefable|Clefable, F|100/100
|move|p1a: Iron Treads|Earthquake|p2a: Clefable
|-damage|p2a: Clefable|64/100
|
|upkeep
|turn|4
|
|t:|1781412994
|move|p1a: Iron Treads|Earthquake|p2a: Clefable
|-damage|p2a: Clefable|28/100
|move|p2a: Clefable|Wish|p2a: Clefable
|
|upkeep
|turn|5
|
|t:|1781413006
|move|p2a: Clefable|Protect|p2a: Clefable
|-singleturn|p2a: Clefable|Protect
|move|p1a: Iron Treads|Earthquake|p2a: Clefable
|-activate|p2a: Clefable|move: Protect
|
|-heal|p2a: Clefable|78/100|[from] move: Wish|[wisher] Clefable
|upkeep
|turn|6
|
|t:|1781413017
|move|p1a: Iron Treads|Earthquake|p2a: Clefable
|-damage|p2a: Clefable|41/100
|move|p2a: Clefable|Wish|p2a: Clefable
|
|upkeep
|turn|7
|
|t:|1781413022
|move|p1a: Iron Treads|Earthquake|p2a: Clefable
|-damage|p2a: Clefable|5/100
|move|p2a: Clefable|Stealth Rock|p1a: Iron Treads
|-sidestart|p1: team10thPlanett|move: Stealth Rock
|
|-heal|p2a: Clefable|55/100|[from] move: Wish|[wisher] Clefable
|upkeep
|turn|8
|
|t:|1781413031
|move|p1a: Iron Treads|Rapid Spin|p2a: Clefable
|-damage|p2a: Clefable|42/100
|-boost|p1a: Iron Treads|spe|1
|-sideend|p1: team10thPlanett|Stealth Rock|[from] move: Rapid Spin|[of] p1a: Iron Treads
|move|p2a: Clefable|Wish|p2a: Clefable
|
|-damage|p1a: Iron Treads|88/100|[from] item: Sticky Barb
|upkeep
|turn|9
|
|t:|1781413042
|move|p1a: Iron Treads|Earthquake|p2a: Clefable
|-damage|p2a: Clefable|7/100
|move|p2a: Clefable|Stealth Rock|p1a: Iron Treads
|-sidestart|p1: team10thPlanett|move: Stealth Rock
|
|-heal|p2a: Clefable|57/100|[from] move: Wish|[wisher] Clefable
|-damage|p1a: Iron Treads|76/100|[from] item: Sticky Barb
|upkeep
|turn|10
|
|t:|1781413052
|move|p1a: Iron Treads|Rapid Spin|p2a: Clefable
|-damage|p2a: Clefable|44/100
|-boost|p1a: Iron Treads|spe|1
|-sideend|p1: team10thPlanett|Stealth Rock|[from] move: Rapid Spin|[of] p1a: Iron Treads
|move|p2a: Clefable|Wish|p2a: Clefable
|
|-damage|p1a: Iron Treads|63/100|[from] item: Sticky Barb
|upkeep
|turn|11
|
|t:|1781413061
|move|p1a: Iron Treads|Earthquake|p2a: Clefable
|-damage|p2a: Clefable|10/100
|move|p2a: Clefable|Stealth Rock|p1a: Iron Treads
|-sidestart|p1: team10thPlanett|move: Stealth Rock
|
|-heal|p2a: Clefable|60/100|[from] move: Wish|[wisher] Clefable
|-damage|p1a: Iron Treads|51/100|[from] item: Sticky Barb
|upkeep
|turn|12
|
|t:|1781413071
|move|p1a: Iron Treads|Earthquake|p2a: Clefable
|-damage|p2a: Clefable|22/100
|move|p2a: Clefable|Wish|p2a: Clefable
|
|-damage|p1a: Iron Treads|38/100|[from] item: Sticky Barb
|upkeep
|turn|13
|
|t:|1781413079
|move|p2a: Clefable|Protect|p2a: Clefable
|-singleturn|p2a: Clefable|Protect
|move|p1a: Iron Treads|Rapid Spin|p2a: Clefable
|-activate|p2a: Clefable|move: Protect
|
|-heal|p2a: Clefable|72/100|[from] move: Wish|[wisher] Clefable
|-damage|p1a: Iron Treads|26/100|[from] item: Sticky Barb
|upkeep
|turn|14
|
|t:|1781413089
|move|p1a: Iron Treads|Rapid Spin|p2a: Clefable
|-damage|p2a: Clefable|60/100
|-boost|p1a: Iron Treads|spe|1
|-sideend|p1: team10thPlanett|Stealth Rock|[from] move: Rapid Spin|[of] p1a: Iron Treads
|move|p2a: Clefable|Wish|p2a: Clefable
|
|-damage|p1a: Iron Treads|13/100|[from] item: Sticky Barb
|upkeep
|turn|15
|
|t:|1781413099
|-end|p1a: Iron Treads|Quark Drive|[silent]
|switch|p1a: Gholdengo|Gholdengo|100/100
|move|p2a: Clefable|Stealth Rock|p1a: Gholdengo
|-sidestart|p1: team10thPlanett|move: Stealth Rock
|
|-heal|p2a: Clefable|100/100|[from] move: Wish|[wisher] Clefable
|upkeep
|turn|16
|
|t:|1781413114
|move|p2a: Clefable|Protect|p2a: Clefable
|-singleturn|p2a: Clefable|Protect
|move|p1a: Gholdengo|Trick|p2a: Clefable
|-activate|p2a: Clefable|move: Protect
|
|upkeep
|turn|17
|
|t:|1781413121
|switch|p2a: Komala|Komala, M|100/100
|-ability|p2a: Komala|Comatose
|move|p1a: Gholdengo|Trick|p2a: Komala
|-activate|p1a: Gholdengo|move: Trick|[of] p2a: Komala
|-item|p2a: Komala|Choice Scarf|[from] move: Trick
|-item|p1a: Gholdengo|Heavy-Duty Boots|[from] move: Trick
|
|upkeep
|turn|18
|
|t:|1781413132
|switch|p2a: Toxapex|Toxapex, M|100/100
|move|p1a: Gholdengo|Make It Rain|p2a: Toxapex
|-resisted|p2a: Toxapex
|-damage|p2a: Toxapex|77/100
|-unboost|p1a: Gholdengo|spa|1
|
|upkeep
|turn|19
|
|t:|1781413145
|move|p1a: Gholdengo|Trick|p2a: Toxapex
|-activate|p1a: Gholdengo|move: Trick|[of] p2a: Toxapex
|-item|p2a: Toxapex|Heavy-Duty Boots|[from] move: Trick
|-item|p1a: Gholdengo|Heavy-Duty Boots|[from] move: Trick
|move|p2a: Toxapex|Toxic|p1a: Gholdengo
|-immune|p1a: Gholdengo|[from] ability: Good as Gold
|
|upkeep
|turn|20
|
|t:|1781413154
|switch|p2a: Blissey|Blissey, F|100/100
|move|p1a: Gholdengo|Shadow Ball|p2a: Blissey
|-immune|p2a: Blissey
|
|upkeep
|turn|21
|
|t:|1781413161
|switch|p2a: Toxapex|Toxapex, M|100/100
|move|p1a: Gholdengo|Trick|p2a: Toxapex
|-activate|p1a: Gholdengo|move: Trick|[of] p2a: Toxapex
|-item|p2a: Toxapex|Heavy-Duty Boots|[from] move: Trick
|-item|p1a: Gholdengo|Heavy-Duty Boots|[from] move: Trick
|
|upkeep
|turn|22
|
|t:|1781413169
|switch|p1a: Iron Treads|Iron Treads|13/100
|-damage|p1a: Iron Treads|10/100|[from] Stealth Rock
|switch|p2a: Gliscor|Gliscor, F|100/100 tox
|
|-damage|p1a: Iron Treads|0 fnt|[from] item: Sticky Barb
|faint|p1a: Iron Treads
|-end|p1a: Iron Treads|Quark Drive|[silent]
|upkeep
|
|t:|1781413180
|switch|p1a: Zamazenta|Zamazenta|100/100
|-damage|p1a: Zamazenta|94/100|[from] Stealth Rock
|-ability|p1a: Zamazenta|Dauntless Shield|boost
|-boost|p1a: Zamazenta|def|1
|turn|23
|
|t:|1781413186
|move|p1a: Zamazenta|Crunch|p2a: Gliscor
|-damage|p2a: Gliscor|79/100 tox
|-damage|p1a: Zamazenta|85/100|[from] item: Life Orb
|move|p2a: Gliscor|Spikes|p1a: Zamazenta
|-sidestart|p1: team10thPlanett|Spikes
|
|-heal|p2a: Gliscor|91/100 tox|[from] ability: Poison Heal
|upkeep
|turn|24
|
|t:|1781413196
|move|p1a: Zamazenta|Ice Fang|p2a: Gliscor
|-supereffective|p2a: Gliscor
|-crit|p2a: Gliscor
|-damage|p2a: Gliscor|0 fnt
|faint|p2a: Gliscor
|-damage|p1a: Zamazenta|75/100|[from] item: Life Orb
|
|upkeep
|
|t:|1781413205
|switch|p2a: Toxapex|Toxapex, M|100/100
|turn|25
|
|t:|1781413222
|switch|p1a: Gholdengo|Gholdengo|100/100
|move|p2a: Toxapex|Toxic|p1a: Gholdengo
|-immune|p1a: Gholdengo|[from] ability: Good as Gold
|
|upkeep
|turn|26
|
|t:|1781413234
|switch|p2a: Blissey|Blissey, F|100/100
|move|p1a: Gholdengo|Shadow Ball|p2a: Blissey
|-immune|p2a: Blissey
|
|upkeep
|turn|27
|
|t:|1781413243
|switch|p1a: Hoopa|Hoopa-Unbound|100/100
|-damage|p1a: Hoopa|88/100|[from] Stealth Rock
|-damage|p1a: Hoopa|76/100|[from] Spikes
|switch|p2a: Toxapex|Toxapex, M|100/100
|
|upkeep
|turn|28
|
|t:|1781413252
|move|p1a: Hoopa|Psychic|p2a: Toxapex
|-supereffective|p2a: Toxapex
|-damage|p2a: Toxapex|15/100
|move|p2a: Toxapex|Toxic|p1a: Hoopa
|-status|p1a: Hoopa|tox
|
|-damage|p1a: Hoopa|70/100 tox|[from] psn
|upkeep
|turn|29
|
|t:|1781413261
|move|p2a: Toxapex|Baneful Bunker|p2a: Toxapex
|-singleturn|p2a: Toxapex|move: Protect
|move|p1a: Hoopa|Psychic|p2a: Toxapex
|-activate|p2a: Toxapex|move: Protect
|
|-damage|p1a: Hoopa|58/100 tox|[from] psn
|upkeep
|turn|30
|
|t:|1781413270
|switch|p2a: Komala|Komala, M|100/100
|-ability|p2a: Komala|Comatose
|move|p1a: Hoopa|Psychic|p2a: Komala
|-damage|p2a: Komala|42/100
|
|-damage|p1a: Hoopa|40/100 tox|[from] psn
|upkeep
|turn|31
|
|t:|1781413279
|move|p2a: Komala|Protect|p2a: Komala
|-singleturn|p2a: Komala|Protect
|move|p1a: Hoopa|Psychic|p2a: Komala
|-activate|p2a: Komala|move: Protect
|
|-damage|p1a: Hoopa|16/100 tox|[from] psn
|upkeep
|turn|32
|
|t:|1781413287
|move|p2a: Komala|Protect||[still]
|-fail|p2a: Komala
|move|p1a: Hoopa|Psychic|p2a: Komala
|-damage|p2a: Komala|0 fnt
|faint|p2a: Komala
|
|-damage|p1a: Hoopa|0 fnt|[from] psn
|faint|p1a: Hoopa
|upkeep
|
|t:|1781413304
|switch|p1a: Fat Boy|Dragonite, M, shiny|100/100
|switch|p2a: Toxapex|Toxapex, M|48/100
|-damage|p1a: Fat Boy|76/100|[from] Stealth Rock
|turn|33
|
|t:|1781413313
|switch|p2a: Dondozo|Dondozo, F|100/100
|move|p1a: Fat Boy|Earthquake|p2a: Dondozo
|-damage|p2a: Dondozo|73/100
|
|upkeep
|turn|34
|
|t:|1781413325
|switch|p1a: Zamazenta|Zamazenta|75/100
|-damage|p1a: Zamazenta|69/100|[from] Stealth Rock
|-damage|p1a: Zamazenta|56/100|[from] Spikes
|switch|p2a: Toxapex|Toxapex, M|81/100
|
|upkeep
|turn|35
|
|t:|1781413339
|-terastallize|p1a: Zamazenta|Steel
|move|p1a: Zamazenta|Crunch|p2a: Toxapex
|-damage|p2a: Toxapex|60/100
|-damage|p1a: Zamazenta|47/100|[from] item: Life Orb
|move|p2a: Toxapex|Toxic|p1a: Zamazenta
|-immune|p1a: Zamazenta
|
|upkeep
|turn|36
|
|t:|1781413352
|move|p1a: Zamazenta|Ice Fang|p2a: Toxapex
|-resisted|p2a: Toxapex
|-damage|p2a: Toxapex|50/100
|-damage|p1a: Zamazenta|37/100|[from] item: Life Orb
|move|p2a: Toxapex|Recover|p2a: Toxapex
|-heal|p2a: Toxapex|99/100
|
|upkeep
|turn|37
|
|t:|1781413360
|move|p1a: Zamazenta|Ice Fang|p2a: Toxapex
|-resisted|p2a: Toxapex
|-crit|p2a: Toxapex
|-damage|p2a: Toxapex|86/100
|-damage|p1a: Zamazenta|27/100|[from] item: Life Orb
|move|p2a: Toxapex|Haze|p2a: Toxapex
|-clearallboost
|
|upkeep
|turn|38
|
|t:|1781413369
|move|p1a: Zamazenta|Ice Fang|p2a: Toxapex
|-resisted|p2a: Toxapex
|-damage|p2a: Toxapex|77/100
|-damage|p1a: Zamazenta|17/100|[from] item: Life Orb
|move|p2a: Toxapex|Haze|p2a: Toxapex
|-clearallboost
|
|upkeep
|turn|39
|
|t:|1781413378
|move|p1a: Zamazenta|Ice Fang|p2a: Toxapex
|-resisted|p2a: Toxapex
|-damage|p2a: Toxapex|67/100
|-damage|p1a: Zamazenta|7/100|[from] item: Life Orb
|move|p2a: Toxapex|Haze|p2a: Toxapex
|-clearallboost
|
|upkeep
|turn|40
|
|t:|1781413391
|move|p1a: Zamazenta|Ice Fang|p2a: Toxapex
|-resisted|p2a: Toxapex
|-damage|p2a: Toxapex|59/100
|-damage|p1a: Zamazenta|0 fnt|[from] item: Life Orb
|faint|p1a: Zamazenta
|move|p2a: Toxapex|Recover|p2a: Toxapex
|-heal|p2a: Toxapex|100/100
|
|upkeep
|
|t:|1781413401
|switch|p1a: Fat Boy|Dragonite, M, shiny|76/100
|-damage|p1a: Fat Boy|51/100|[from] Stealth Rock
|turn|41
|
|t:|1781413406
|move|p2a: Toxapex|Baneful Bunker|p2a: Toxapex
|-singleturn|p2a: Toxapex|move: Protect
|move|p1a: Fat Boy|Outrage|p2a: Toxapex
|-activate|p2a: Toxapex|move: Protect
|-status|p1a: Fat Boy|psn
|
|-damage|p1a: Fat Boy|38/100 psn|[from] psn
|upkeep
|turn|42
|-message|team10thPlanett forfeited.
|
|win|Sashannarcy
|raw|team10thPlanett's rating: 1595 &rarr; <strong>1575</strong><br />(-20 for losing)
|raw|Sashannarcy's rating: 1592 &rarr; <strong>1612</strong><br />(+20 for winning)
|l|☆team10thPlanett
|player|p1|
|l|☆Sashannarcy
|player|p2|
