|j|☆GintamaXXOO
|j|☆interceptor_xwing
|t:|1780891392
|gametype|singles
|player|p1|GintamaXXOO|magmagruntf|1612
|player|p2|interceptor_xwing|2|1627
|gen|9
|tier|[Gen 9] OU
|rated|
|rule|HP Percentage Mod: HP is shown in percentages
|rule|Endless Battle Clause: Forcing endless battles is banned
|rule|Species Clause: Limit one of each Pokémon
|rule|OHKO Clause: OHKO moves are banned
|rule|Evasion Items Clause: Evasion items are banned
|rule|Evasion Moves Clause: Evasion moves are banned
|rule|Evasion Abilities Clause: Evasion abilities are banned
|rule|Sleep Moves Clause: Sleep-inducing moves are banned
|clearpoke
|poke|p1|Primarina, F|
|poke|p1|Dragonite, M|
|poke|p1|Ting-Lu|
|poke|p1|Pecharunt|
|poke|p1|Zamazenta-*|
|poke|p1|Corviknight, M|
|poke|p2|Ogerpon-Wellspring, F|
|poke|p2|Great Tusk|
|poke|p2|Dondozo, M|
|poke|p2|Tornadus-Therian, M|
|poke|p2|Hatterene, F|
|poke|p2|Heatran, M|
|teampreview
|inactive|Battle timer is ON: inactive players will automatically lose when time's up. (requested by GintamaXXOO)
|
|t:|1780891415
|teamsize|p1|6
|teamsize|p2|6
|start
|switch|p1a: DemonSaidToDie|Primarina, F, shiny|100/100
|switch|p2a: Heatran|Heatran, M|100/100
|turn|1
|
|t:|1780891420
|switch|p2a: Hatterene|Hatterene, F|100/100
|move|p1a: DemonSaidToDie|Whirlpool|p2a: Hatterene
|-damage|p2a: Hatterene|90/100
|-activate|p2a: Hatterene|move: Whirlpool|[of] p1a: DemonSaidToDie
|
|-damage|p2a: Hatterene|78/100|[from] move: Whirlpool|[partiallytrapped]
|upkeep
|turn|2
|
|t:|1780891430
|move|p1a: DemonSaidToDie|Protect|p1a: DemonSaidToDie
|-singleturn|p1a: DemonSaidToDie|Protect
|move|p2a: Hatterene|Future Sight|p1a: DemonSaidToDie
|-start|p2a: Hatterene|move: Future Sight
|
|-damage|p2a: Hatterene|66/100|[from] move: Whirlpool|[partiallytrapped]
|upkeep
|turn|3
|
|t:|1780891460
|switch|p1a: FightForBlocks|Ting-Lu|100/100
|-ability|p1a: FightForBlocks|Vessel of Ruin
|move|p2a: Hatterene|Draining Kiss|p1a: FightForBlocks
|-supereffective|p1a: FightForBlocks
|-damage|p1a: FightForBlocks|74/100
|-heal|p2a: Hatterene|98/100|[from] drain|[of] p1a: FightForBlocks
|
|-heal|p1a: FightForBlocks|80/100|[from] item: Leftovers
|-end|p2a: Hatterene|Whirlpool|[partiallytrapped]|[silent]
|upkeep
|turn|4
|j| mawaruru
|
|t:|1780891472
|switch|p2a: Ogerpon|Ogerpon-Wellspring, F|100/100
|move|p1a: FightForBlocks|Ruination|p2a: Ogerpon
|-damage|p2a: Ogerpon|51/100
|
|-end|p1a: FightForBlocks|move: Future Sight
|-immune|p1a: FightForBlocks
|-heal|p1a: FightForBlocks|86/100|[from] item: Leftovers
|upkeep
|turn|5
|
|t:|1780891486
|switch|p2a: Great Tusk|Great Tusk|100/100
|switch|p1a: EyeOnMe|Corviknight, M|100/100
|-ability|p1a: EyeOnMe|Pressure
|
|upkeep
|turn|6
|
|t:|1780891495
|move|p2a: Great Tusk|Stealth Rock|p1a: EyeOnMe
|-sidestart|p1: GintamaXXOO|move: Stealth Rock
|move|p1a: EyeOnMe|Brave Bird|p2a: Great Tusk
|-supereffective|p2a: Great Tusk
|-damage|p2a: Great Tusk|46/100
|-damage|p1a: EyeOnMe|84/100|[from] item: Rocky Helmet|[of] p2a: Great Tusk
|-damage|p1a: EyeOnMe|67/100|[from] Recoil
|
|upkeep
|turn|7
|j| Champion reko
|
|t:|1780891503
|move|p2a: Great Tusk|Ice Spinner|p1a: EyeOnMe
|-damage|p1a: EyeOnMe|50/100
|-damage|p2a: Great Tusk|29/100|[from] item: Rocky Helmet|[of] p1a: EyeOnMe
|move|p1a: EyeOnMe|Defog|p2a: Great Tusk
|-unboost|p2a: Great Tusk|evasion|1
|-sideend|p1: GintamaXXOO|Stealth Rock|[from] move: Defog|[of] p1a: EyeOnMe
|
|upkeep
|turn|8
|
|t:|1780891507
|move|p2a: Great Tusk|Stealth Rock|p1a: EyeOnMe
|-sidestart|p1: GintamaXXOO|move: Stealth Rock
|move|p1a: EyeOnMe|Roost|p1a: EyeOnMe
|-heal|p1a: EyeOnMe|100/100
|-singleturn|p1a: EyeOnMe|move: Roost
|
|upkeep
|turn|9
|
|t:|1780891515
|-end|p2a: Great Tusk|Protosynthesis|[silent]
|switch|p2a: Heatran|Heatran, M|100/100
|move|p1a: EyeOnMe|Defog|p2a: Heatran
|-unboost|p2a: Heatran|evasion|1
|-sideend|p1: GintamaXXOO|Stealth Rock|[from] move: Defog|[of] p1a: EyeOnMe
|
|upkeep
|turn|10
|
|t:|1780891523
|switch|p1a: DemonSaidToDie|Primarina, F, shiny|100/100
|move|p2a: Heatran|Magma Storm|p1a: DemonSaidToDie
|-resisted|p1a: DemonSaidToDie
|-damage|p1a: DemonSaidToDie|77/100
|-activate|p1a: DemonSaidToDie|move: Magma Storm|[of] p2a: Heatran
|
|-heal|p1a: DemonSaidToDie|83/100|[from] item: Leftovers
|-damage|p1a: DemonSaidToDie|70/100|[from] move: Magma Storm|[partiallytrapped]
|upkeep
|turn|11
|
|t:|1780891530
|move|p2a: Heatran|Flash Cannon|p1a: DemonSaidToDie
|-damage|p1a: DemonSaidToDie|35/100
|move|p1a: DemonSaidToDie|Whirlpool|p2a: Heatran
|-supereffective|p2a: Heatran
|-damage|p2a: Heatran|76/100
|-activate|p2a: Heatran|move: Whirlpool|[of] p1a: DemonSaidToDie
|
|-heal|p2a: Heatran|82/100|[from] item: Leftovers
|-heal|p1a: DemonSaidToDie|41/100|[from] item: Leftovers
|-damage|p2a: Heatran|69/100|[from] move: Whirlpool|[partiallytrapped]
|-damage|p1a: DemonSaidToDie|28/100|[from] move: Magma Storm|[partiallytrapped]
|upkeep
|turn|12
|
|t:|1780891539
|move|p1a: DemonSaidToDie|Protect|p1a: DemonSaidToDie
|-singleturn|p1a: DemonSaidToDie|Protect
|move|p2a: Heatran|Flash Cannon|p1a: DemonSaidToDie
|-activate|p1a: DemonSaidToDie|move: Protect
|
|-heal|p2a: Heatran|76/100|[from] item: Leftovers
|-heal|p1a: DemonSaidToDie|34/100|[from] item: Leftovers
|-damage|p2a: Heatran|63/100|[from] move: Whirlpool|[partiallytrapped]
|-damage|p1a: DemonSaidToDie|22/100|[from] move: Magma Storm|[partiallytrapped]
|upkeep
|turn|13
|
|t:|1780891544
|move|p2a: Heatran|Flash Cannon|p1a: DemonSaidToDie
|-damage|p1a: DemonSaidToDie|0 fnt
|faint|p1a: DemonSaidToDie
|
|-heal|p2a: Heatran|69/100|[from] item: Leftovers
|-end|p2a: Heatran|Whirlpool|[partiallytrapped]|[silent]
|upkeep
|
|t:|1780891564
|switch|p1a: FightForBlocks|Ting-Lu|86/100
|-ability|p1a: FightForBlocks|Vessel of Ruin
|turn|14
|
|t:|1780891573
|switch|p2a: Great Tusk|Great Tusk|29/100
|move|p1a: FightForBlocks|Stealth Rock|p2a: Great Tusk
|-sidestart|p2: interceptor_xwing|move: Stealth Rock
|
|-heal|p1a: FightForBlocks|92/100|[from] item: Leftovers
|upkeep
|turn|15
|
|t:|1780891576
|move|p2a: Great Tusk|Rapid Spin|p1a: FightForBlocks
|-damage|p1a: FightForBlocks|83/100
|-boost|p2a: Great Tusk|spe|1
|-sideend|p2: interceptor_xwing|Stealth Rock|[from] move: Rapid Spin|[of] p2a: Great Tusk
|move|p1a: FightForBlocks|Earthquake|p2a: Great Tusk
|-damage|p2a: Great Tusk|2/100
|
|-heal|p1a: FightForBlocks|89/100|[from] item: Leftovers
|upkeep
|turn|16
|
|t:|1780891580
|move|p2a: Great Tusk|Stealth Rock|p1a: FightForBlocks
|-sidestart|p1: GintamaXXOO|move: Stealth Rock
|move|p1a: FightForBlocks|Stealth Rock|p2a: Great Tusk
|-sidestart|p2: interceptor_xwing|move: Stealth Rock
|
|-heal|p1a: FightForBlocks|95/100|[from] item: Leftovers
|upkeep
|turn|17
|
|t:|1780891584
|switch|p1a: PossessedSoul|Pecharunt|100/100
|move|p2a: Great Tusk|Rapid Spin|p1a: PossessedSoul
|-immune|p1a: PossessedSoul
|
|upkeep
|turn|18
|
|t:|1780891589
|move|p2a: Great Tusk|Headlong Rush|p1a: PossessedSoul
|-supereffective|p1a: PossessedSoul
|-damage|p1a: PossessedSoul|26/100
|-unboost|p2a: Great Tusk|def|1
|-unboost|p2a: Great Tusk|spd|1
|move|p1a: PossessedSoul|Shadow Ball|p2a: Great Tusk
|-damage|p2a: Great Tusk|0 fnt
|faint|p2a: Great Tusk
|-end|p2a: Great Tusk|Protosynthesis|[silent]
|
|upkeep
|
|t:|1780891593
|switch|p2a: Ogerpon|Ogerpon-Wellspring, F|51/100
|-damage|p2a: Ogerpon|38/100|[from] Stealth Rock
|turn|19
|inactive|GintamaXXOO has 120 seconds left.
|
|t:|1780891628
|switch|p1a: EyeOnMe|Corviknight, M|100/100
|-damage|p1a: EyeOnMe|88/100|[from] Stealth Rock
|-ability|p1a: EyeOnMe|Pressure
|move|p2a: Ogerpon|Ivy Cudgel|p1a: EyeOnMe|[anim] Ivy Cudgel Water
|-damage|p1a: EyeOnMe|53/100
|
|upkeep
|turn|20
|
|t:|1780891643
|switch|p2a: Heatran|Heatran, M|69/100
|-damage|p2a: Heatran|57/100|[from] Stealth Rock
|move|p1a: EyeOnMe|U-turn|p2a: Heatran
|-resisted|p2a: Heatran
|-crit|p2a: Heatran
|-damage|p2a: Heatran|52/100
|inactive|GintamaXXOO has 120 seconds left.
|
|t:|1780891653
|switch|p1a: FightForBlocks|Ting-Lu|95/100|[from] U-turn
|-damage|p1a: FightForBlocks|89/100|[from] Stealth Rock
|-ability|p1a: FightForBlocks|Vessel of Ruin
|
|-heal|p2a: Heatran|59/100|[from] item: Leftovers
|-heal|p1a: FightForBlocks|95/100|[from] item: Leftovers
|upkeep
|turn|21
|
|t:|1780891665
|move|p2a: Heatran|Overheat|p1a: FightForBlocks|[miss]
|-miss|p2a: Heatran|p1a: FightForBlocks
|move|p1a: FightForBlocks|Earthquake|p2a: Heatran
|-supereffective|p2a: Heatran
|-damage|p2a: Heatran|0 fnt
|faint|p2a: Heatran
|
|-heal|p1a: FightForBlocks|100/100|[from] item: Leftovers
|upkeep
|
|t:|1780891668
|switch|p2a: Ogerpon|Ogerpon-Wellspring, F|38/100
|-damage|p2a: Ogerpon|26/100|[from] Stealth Rock
|turn|22
|inactive|GintamaXXOO has 120 seconds left.
|
|t:|1780891718
|switch|p1a: MindBody&Soul|Zamazenta|100/100
|-damage|p1a: MindBody&Soul|94/100|[from] Stealth Rock
|-ability|p1a: MindBody&Soul|Dauntless Shield|boost
|-boost|p1a: MindBody&Soul|def|1
|move|p2a: Ogerpon|Swords Dance|p2a: Ogerpon
|-boost|p2a: Ogerpon|atk|2
|
|upkeep
|turn|23
|
|t:|1780891725
|switch|p2a: Dondozo|Dondozo, M|100/100
|-damage|p2a: Dondozo|88/100|[from] Stealth Rock
|move|p1a: MindBody&Soul|Body Press|p2a: Dondozo
|-damage|p2a: Dondozo|66/100
|
|-heal|p2a: Dondozo|72/100|[from] item: Leftovers
|upkeep
|turn|24
|j| liechiteladihul
|inactive|GintamaXXOO has 90 seconds left.
|
|t:|1780891750
|switch|p1a: EyeOnMe|Corviknight, M|53/100
|-damage|p1a: EyeOnMe|41/100|[from] Stealth Rock
|-ability|p1a: EyeOnMe|Pressure
|move|p2a: Dondozo|Curse|p2a: Dondozo
|-unboost|p2a: Dondozo|spe|1
|-boost|p2a: Dondozo|atk|1
|-boost|p2a: Dondozo|def|1
|
|-heal|p2a: Dondozo|78/100|[from] item: Leftovers
|upkeep
|turn|25
|
|t:|1780891753
|move|p1a: EyeOnMe|Roost|p1a: EyeOnMe
|-heal|p1a: EyeOnMe|91/100
|-singleturn|p1a: EyeOnMe|move: Roost
|move|p2a: Dondozo|Wave Crash|p1a: EyeOnMe
|-damage|p1a: EyeOnMe|52/100
|-damage|p2a: Dondozo|62/100|[from] item: Rocky Helmet|[of] p1a: EyeOnMe
|-damage|p2a: Dondozo|51/100|[from] Recoil
|
|-heal|p2a: Dondozo|58/100|[from] item: Leftovers
|upkeep
|turn|26
|inactive|GintamaXXOO has 90 seconds left.
|
|t:|1780891783
|move|p1a: EyeOnMe|Roost|p1a: EyeOnMe
|-heal|p1a: EyeOnMe|100/100
|-singleturn|p1a: EyeOnMe|move: Roost
|move|p2a: Dondozo|Curse|p2a: Dondozo
|-unboost|p2a: Dondozo|spe|1
|-boost|p2a: Dondozo|atk|1
|-boost|p2a: Dondozo|def|1
|
|-heal|p2a: Dondozo|64/100|[from] item: Leftovers
|upkeep
|turn|27
|
|t:|1780891788
|move|p1a: EyeOnMe|U-turn|p2a: Dondozo
|-damage|p2a: Dondozo|59/100
|
|t:|1780891789
|switch|p1a: NineMilliDragon|Dragonite, M|100/100|[from] U-turn
|move|p2a: Dondozo|Wave Crash|p1a: NineMilliDragon
|-resisted|p1a: NineMilliDragon
|-damage|p1a: NineMilliDragon|79/100
|-damage|p2a: Dondozo|55/100|[from] Recoil
|
|-heal|p2a: Dondozo|61/100|[from] item: Leftovers
|upkeep
|turn|28
|
|t:|1780891797
|-terastallize|p2a: Dondozo|Fairy
|move|p1a: NineMilliDragon|Encore|p2a: Dondozo
|-start|p2a: Dondozo|Encore
|move|p2a: Dondozo|Wave Crash|p1a: NineMilliDragon
|-resisted|p1a: NineMilliDragon
|-damage|p1a: NineMilliDragon|36/100
|-damage|p2a: Dondozo|52/100|[from] Recoil
|
|-heal|p2a: Dondozo|58/100|[from] item: Leftovers
|upkeep
|turn|29
|
|t:|1780891801
|switch|p1a: EyeOnMe|Corviknight, M|100/100
|-damage|p1a: EyeOnMe|88/100|[from] Stealth Rock
|-ability|p1a: EyeOnMe|Pressure
|move|p2a: Dondozo|Wave Crash|p1a: EyeOnMe
|-damage|p1a: EyeOnMe|36/100
|-damage|p2a: Dondozo|41/100|[from] item: Rocky Helmet|[of] p1a: EyeOnMe
|-damage|p2a: Dondozo|27/100|[from] Recoil
|
|-heal|p2a: Dondozo|34/100|[from] item: Leftovers
|upkeep
|turn|30
|
|t:|1780891806
|move|p1a: EyeOnMe|U-turn|p2a: Dondozo
|-resisted|p2a: Dondozo
|-damage|p2a: Dondozo|31/100
|inactive|GintamaXXOO has 120 seconds left.
|
|t:|1780891821
|switch|p1a: NineMilliDragon|Dragonite, M|36/100|[from] U-turn
|move|p2a: Dondozo|Wave Crash|p1a: NineMilliDragon
|-resisted|p1a: NineMilliDragon
|-damage|p1a: NineMilliDragon|0 fnt
|faint|p1a: NineMilliDragon
|-damage|p2a: Dondozo|24/100|[from] Recoil
|
|-heal|p2a: Dondozo|30/100|[from] item: Leftovers
|-end|p2a: Dondozo|Encore
|upkeep
|
|t:|1780891822
|switch|p1a: EyeOnMe|Corviknight, M|36/100
|-damage|p1a: EyeOnMe|24/100|[from] Stealth Rock
|-ability|p1a: EyeOnMe|Pressure
|turn|31
|
|t:|1780891827
|move|p1a: EyeOnMe|Roost|p1a: EyeOnMe
|-heal|p1a: EyeOnMe|74/100
|-singleturn|p1a: EyeOnMe|move: Roost
|move|p2a: Dondozo|Rest|p2a: Dondozo
|-status|p2a: Dondozo|slp|[from] move: Rest
|-heal|p2a: Dondozo|100/100 slp|[silent]
|
|upkeep
|turn|32
|
|t:|1780891835
|move|p1a: EyeOnMe|U-turn|p2a: Dondozo
|-resisted|p2a: Dondozo
|-damage|p2a: Dondozo|99/100 slp
|
|t:|1780891837
|switch|p1a: FightForBlocks|Ting-Lu|100/100|[from] U-turn
|-damage|p1a: FightForBlocks|94/100|[from] Stealth Rock
|-ability|p1a: FightForBlocks|Vessel of Ruin
|cant|p2a: Dondozo|slp
|move|p2a: Dondozo|Sleep Talk|p2a: Dondozo
|move|p2a: Dondozo|Wave Crash|p1a: FightForBlocks|[from] move: Sleep Talk
|-supereffective|p1a: FightForBlocks
|-damage|p1a: FightForBlocks|12/100
|-damage|p2a: Dondozo|71/100 slp|[from] Recoil
|
|-heal|p1a: FightForBlocks|18/100|[from] item: Leftovers
|-heal|p2a: Dondozo|77/100 slp|[from] item: Leftovers
|upkeep
|turn|33
|
|t:|1780891841
|cant|p2a: Dondozo|slp
|move|p2a: Dondozo|Sleep Talk|p2a: Dondozo
|move|p2a: Dondozo|Wave Crash|p1a: FightForBlocks|[from] move: Sleep Talk
|-supereffective|p1a: FightForBlocks
|-damage|p1a: FightForBlocks|0 fnt
|faint|p1a: FightForBlocks
|-damage|p2a: Dondozo|71/100 slp|[from] Recoil
|
|-heal|p2a: Dondozo|77/100 slp|[from] item: Leftovers
|upkeep
|-message|GintamaXXOO forfeited.
|
|win|interceptor_xwing
|raw|GintamaXXOO's rating: 1612 &rarr; <strong>1593</strong><br />(-19 for losing)
|raw|interceptor_xwing's rating: 1627 &rarr; <strong>1646</strong><br />(+19 for winning)
|l|☆GintamaXXOO
|player|p1|
|l|☆interceptor_xwing
|player|p2|
|l| Champion reko
|l| liechiteladihul
