|j|☆bahnmiking
|j|☆Brassendaer
|t:|1781018328
|gametype|singles
|player|p1|bahnmiking|170|1495
|player|p2|Brassendaer|policeman-gen4|1594
|gen|9
|tier|[Gen 9] OU
|rated|
|rule|HP Percentage Mod: HP is shown in percentages
|rule|Endless Battle Clause: Forcing endless battles is banned
|rule|Species Clause: Limit one of each Pokémon
|rule|OHKO Clause: OHKO moves are banned
|rule|Evasion Items Clause: Evasion items are banned
|rule|Evasion Moves Clause: Evasion moves are banned
|rule|Evasion Abilities Clause: Evasion abilities are banned
|rule|Sleep Moves Clause: Sleep-inducing moves are banned
|clearpoke
|poke|p1|Thundurus, M|
|poke|p1|Great Tusk|
|poke|p1|Hatterene, F|
|poke|p1|Primarina, F|
|poke|p1|Kingambit, F|
|poke|p1|Slowking-Galar, F|
|poke|p2|Clefable, M|
|poke|p2|Mandibuzz, F|
|poke|p2|Tyranitar, M|
|poke|p2|Metagross|
|poke|p2|Greninja-*, M|
|poke|p2|Zamazenta-*|
|teampreview
|inactive|Battle timer is ON: inactive players will automatically lose when time's up. (requested by bahnmiking)
|
|t:|1781018360
|teamsize|p1|6
|teamsize|p2|6
|start
|switch|p1a: Great Tusk|Great Tusk|100/100
|switch|p2a: Greninja|Greninja, M|100/100
|turn|1
|
|t:|1781018369
|switch|p2a: Mandibuzz|Mandibuzz, F|100/100
|-end|p1a: Great Tusk|Protosynthesis|[silent]
|switch|p1a: Primarina|Primarina, F|100/100
|
|upkeep
|turn|2
|
|t:|1781018374
|switch|p2a: Metagross|Metagross|100/100
|move|p1a: Primarina|Moonblast|p2a: Metagross
|-resisted|p2a: Metagross
|-damage|p2a: Metagross|71/100
|
|upkeep
|turn|3
|
|t:|1781018387
|switch|p1a: Great Tusk|Great Tusk|100/100
|move|p2a: Metagross|Psychic Fangs|p1a: Great Tusk
|-supereffective|p1a: Great Tusk
|-damage|p1a: Great Tusk|38/100
|
|upkeep
|turn|4
|
|t:|1781018395
|switch|p2a: Mandibuzz|Mandibuzz, F|100/100
|move|p1a: Great Tusk|Stealth Rock|p2a: Mandibuzz
|-sidestart|p2: Brassendaer|move: Stealth Rock
|
|upkeep
|turn|5
|
|t:|1781018401
|-end|p1a: Great Tusk|Protosynthesis|[silent]
|switch|p1a: Thundurus|Thundurus, M|100/100
|move|p2a: Mandibuzz|Defog|p1a: Thundurus
|-unboost|p1a: Thundurus|evasion|1
|-ability|p1a: Thundurus|Defiant|boost
|-boost|p1a: Thundurus|atk|2
|-sideend|p2: Brassendaer|Stealth Rock|[from] move: Defog|[of] p2a: Mandibuzz
|
|upkeep
|turn|6
|
|t:|1781018411
|move|p1a: Thundurus|Supercell Slam|p2a: Mandibuzz
|-supereffective|p2a: Mandibuzz
|-damage|p2a: Mandibuzz|0 fnt
|faint|p2a: Mandibuzz
|
|upkeep
|
|t:|1781018415
|switch|p2a: Greninja|Greninja, M|100/100
|turn|7
|
|t:|1781018422
|switch|p1a: Primarina|Primarina, F|100/100
|move|p2a: Greninja|Ice Beam|p1a: Primarina
|-start|p2a: Greninja|typechange|Ice|[from] ability: Protean
|-resisted|p1a: Primarina
|-damage|p1a: Primarina|84/100
|-damage|p2a: Greninja|91/100|[from] item: Life Orb
|
|upkeep
|turn|8
|
|t:|1781018425
|move|p2a: Greninja|U-turn|p1a: Primarina
|-resisted|p1a: Primarina
|-crit|p1a: Primarina
|-damage|p1a: Primarina|64/100
|-damage|p2a: Greninja|81/100|[from] item: Life Orb
|
|t:|1781018427
|switch|p2a: Metagross|Metagross|71/100|[from] U-turn
|move|p1a: Primarina|Flip Turn|p2a: Metagross
|-damage|p2a: Metagross|60/100
|
|t:|1781018431
|switch|p1a: Great Tusk|Great Tusk|38/100|[from] Flip Turn
|
|upkeep
|turn|9
|
|t:|1781018437
|move|p1a: Great Tusk|Headlong Rush|p2a: Metagross
|-supereffective|p2a: Metagross
|-damage|p2a: Metagross|0 fnt
|-unboost|p1a: Great Tusk|def|1
|-unboost|p1a: Great Tusk|spd|1
|faint|p2a: Metagross
|
|upkeep
|
|t:|1781018444
|switch|p2a: Greninja|Greninja, M|81/100
|turn|10
|
|t:|1781018451
|-end|p1a: Great Tusk|Protosynthesis|[silent]
|switch|p1a: Slowking|Slowking-Galar, F|100/100
|move|p2a: Greninja|Extrasensory|p1a: Slowking
|-start|p2a: Greninja|typechange|Psychic|[from] ability: Protean
|-damage|p1a: Slowking|73/100
|-damage|p2a: Greninja|71/100|[from] item: Life Orb
|
|upkeep
|turn|11
|
|t:|1781018458
|switch|p2a: Tyranitar|Tyranitar, M|100/100
|-weather|Sandstorm|[from] ability: Sand Stream|[of] p2a: Tyranitar
|move|p1a: Slowking|Thunder Wave|p2a: Tyranitar|[miss]
|-miss|p1a: Slowking|p2a: Tyranitar
|
|-weather|Sandstorm|[upkeep]
|-damage|p1a: Slowking|67/100|[from] Sandstorm
|upkeep
|turn|12
|
|t:|1781018467
|switch|p1a: Hatterene|Hatterene, F|100/100
|move|p2a: Tyranitar|Ice Punch|p1a: Hatterene
|-damage|p1a: Hatterene|64/100
|-status|p1a: Hatterene|frz
|-damage|p2a: Tyranitar|84/100|[from] item: Rocky Helmet|[of] p1a: Hatterene
|
|-weather|Sandstorm|[upkeep]
|-damage|p1a: Hatterene|58/100 frz|[from] Sandstorm
|upkeep
|turn|13
|
|t:|1781018472
|move|p2a: Tyranitar|Ice Punch|p1a: Hatterene
|-damage|p1a: Hatterene|24/100 frz
|-damage|p2a: Tyranitar|68/100|[from] item: Rocky Helmet|[of] p1a: Hatterene
|cant|p1a: Hatterene|frz
|
|-weather|Sandstorm|[upkeep]
|-damage|p1a: Hatterene|18/100 frz|[from] Sandstorm
|upkeep
|turn|14
|
|t:|1781018478
|move|p2a: Tyranitar|Ice Punch|p1a: Hatterene
|-damage|p1a: Hatterene|0 fnt
|-damage|p2a: Tyranitar|51/100|[from] item: Rocky Helmet|[of] p1a: Hatterene
|faint|p1a: Hatterene
|
|-weather|Sandstorm|[upkeep]
|upkeep
|
|t:|1781018484
|switch|p1a: Great Tusk|Great Tusk|38/100
|turn|15
|
|t:|1781018488
|-terastallize|p2a: Tyranitar|Flying
|move|p1a: Great Tusk|Headlong Rush|p2a: Tyranitar
|-immune|p2a: Tyranitar
|move|p2a: Tyranitar|Ice Punch|p1a: Great Tusk
|-supereffective|p1a: Great Tusk
|-damage|p1a: Great Tusk|0 fnt
|faint|p1a: Great Tusk
|-end|p1a: Great Tusk|Protosynthesis|[silent]
|
|-weather|none
|upkeep
|
|t:|1781018493
|switch|p1a: Thundurus|Thundurus, M|100/100
|turn|16
|
|t:|1781018495
|move|p1a: Thundurus|Supercell Slam|p2a: Tyranitar
|-supereffective|p2a: Tyranitar
|-damage|p2a: Tyranitar|0 fnt
|faint|p2a: Tyranitar
|
|upkeep
|
|t:|1781018497
|switch|p2a: Greninja|Greninja, M|71/100
|turn|17
|
|t:|1781018503
|switch|p1a: Primarina|Primarina, F|64/100
|move|p2a: Greninja|Ice Beam|p1a: Primarina
|-start|p2a: Greninja|typechange|Ice|[from] ability: Protean
|-resisted|p1a: Primarina
|-damage|p1a: Primarina|48/100
|-damage|p2a: Greninja|61/100|[from] item: Life Orb
|
|upkeep
|turn|18
|
|t:|1781018517
|switch|p2a: Clefable|Clefable, M, shiny|100/100
|move|p1a: Primarina|Moonblast|p2a: Clefable
|-damage|p2a: Clefable|65/100
|-unboost|p2a: Clefable|spa|1
|
|-heal|p2a: Clefable|72/100|[from] item: Leftovers
|upkeep
|turn|19
|
|t:|1781018521
|switch|p1a: Slowking|Slowking-Galar, F|100/100
|move|p2a: Clefable|Thunder Wave|p1a: Slowking
|-status|p1a: Slowking|par
|
|-heal|p2a: Clefable|78/100|[from] item: Leftovers
|upkeep
|turn|20
|
|t:|1781018525
|move|p2a: Clefable|Wish|p2a: Clefable
|move|p1a: Slowking|Thunder Wave|p2a: Clefable
|-status|p2a: Clefable|par
|
|-heal|p2a: Clefable|84/100 par|[from] item: Leftovers
|upkeep
|turn|21
|
|t:|1781018536
|switch|p2a: Zamazenta|Zamazenta|100/100
|-ability|p2a: Zamazenta|Dauntless Shield|boost
|-boost|p2a: Zamazenta|def|1
|move|p1a: Slowking|Sludge Bomb|p2a: Zamazenta
|-damage|p2a: Zamazenta|73/100
|
|-heal|p2a: Zamazenta|100/100|[from] move: Wish|[wisher] Clefable
|upkeep
|turn|22
|
|t:|1781018542
|move|p2a: Zamazenta|Iron Defense|p2a: Zamazenta
|-boost|p2a: Zamazenta|def|2
|move|p1a: Slowking|Thunder Wave|p2a: Zamazenta|[miss]
|-miss|p1a: Slowking|p2a: Zamazenta
|
|upkeep
|turn|23
|
|t:|1781018546
|move|p2a: Zamazenta|Crunch|p1a: Slowking
|-supereffective|p1a: Slowking
|-damage|p1a: Slowking|52/100 par
|cant|p1a: Slowking|par
|
|upkeep
|turn|24
|
|t:|1781018552
|move|p2a: Zamazenta|Iron Defense|p2a: Zamazenta
|-boost|p2a: Zamazenta|def|2
|move|p1a: Slowking|Thunder Wave|p2a: Zamazenta
|-status|p2a: Zamazenta|par
|
|upkeep
|turn|25
|
|t:|1781018556
|move|p2a: Zamazenta|Crunch|p1a: Slowking
|-supereffective|p1a: Slowking
|-damage|p1a: Slowking|9/100 par
|-unboost|p1a: Slowking|def|1
|move|p1a: Slowking|Future Sight|p2a: Zamazenta
|-start|p1a: Slowking|move: Future Sight
|
|upkeep
|turn|26
|
|t:|1781018569
|switch|p1a: Thundurus|Thundurus, M|100/100
|cant|p2a: Zamazenta|par
|
|upkeep
|turn|27
|
|t:|1781018574
|switch|p2a: Clefable|Clefable, M, shiny|84/100 par
|move|p1a: Thundurus|Swagger|p2a: Clefable
|-boost|p2a: Clefable|atk|2
|-start|p2a: Clefable|confusion
|-enditem|p1a: Thundurus|Mirror Herb
|-boost|p1a: Thundurus|atk|2|[from] item: Mirror Herb
|
|-end|p2a: Clefable|move: Future Sight
|-damage|p2a: Clefable|55/100 par
|-heal|p2a: Clefable|61/100 par|[from] item: Leftovers
|upkeep
|turn|28
|
|t:|1781018584
|move|p1a: Thundurus|Acrobatics|p2a: Clefable
|-damage|p2a: Clefable|0 fnt
|faint|p2a: Clefable
|
|upkeep
|
|t:|1781018587
|switch|p2a: Greninja|Greninja, M|61/100
|turn|29
|
|t:|1781018604
|switch|p1a: Primarina|Primarina, F|48/100
|move|p2a: Greninja|Ice Beam|p1a: Primarina
|-start|p2a: Greninja|typechange|Ice|[from] ability: Protean
|-resisted|p1a: Primarina
|-damage|p1a: Primarina|32/100
|-damage|p2a: Greninja|51/100|[from] item: Life Orb
|
|upkeep
|turn|30
|
|t:|1781018618
|move|p2a: Greninja|Extrasensory|p1a: Primarina
|-damage|p1a: Primarina|13/100
|-damage|p2a: Greninja|42/100|[from] item: Life Orb
|move|p1a: Primarina|Flip Turn|p2a: Greninja
|-damage|p2a: Greninja|4/100
|
|t:|1781018629
|switch|p1a: Slowking|Slowking-Galar, F|42/100 par|[from] Flip Turn
|
|upkeep
|turn|31
|
|t:|1781018632
|switch|p1a: Primarina|Primarina, F|13/100
|move|p2a: Greninja|Ice Beam|p1a: Primarina
|-resisted|p1a: Primarina
|-damage|p1a: Primarina|0 fnt
|faint|p1a: Primarina
|-damage|p2a: Greninja|0 fnt|[from] item: Life Orb
|faint|p2a: Greninja
|
|upkeep
|
|t:|1781018637
|switch|p2a: Zamazenta|Zamazenta|100/100 par
|switch|p1a: Thundurus|Thundurus, M|100/100
|turn|32
|
|t:|1781018644
|-terastallize|p1a: Thundurus|Flying
|move|p1a: Thundurus|Acrobatics|p2a: Zamazenta
|-supereffective|p2a: Zamazenta
|-damage|p2a: Zamazenta|0 fnt
|faint|p2a: Zamazenta
|
|win|bahnmiking
|raw|bahnmiking's rating: 1495 &rarr; <strong>1521</strong><br />(+26 for winning)
|raw|Brassendaer's rating: 1594 &rarr; <strong>1568</strong><br />(-26 for losing)
|l|☆Brassendaer
|player|p2|
|l|☆bahnmiking
|player|p1|
