|j|☆Joltinjoe18
|j|☆thebambi1234
|t:|1781116200
|gametype|singles
|player|p1|Joltinjoe18|169|1798
|player|p2|thebambi1234|blackbelt-gen4dp|1711
|gen|9
|tier|[Gen 9] OU
|rated|
|rule|HP Percentage Mod: HP is shown in percentages
|rule|Endless Battle Clause: Forcing endless battles is banned
|rule|Species Clause: Limit one of each Pokémon
|rule|OHKO Clause: OHKO moves are banned
|rule|Evasion Items Clause: Evasion items are banned
|rule|Evasion Moves Clause: Evasion moves are banned
|rule|Evasion Abilities Clause: Evasion abilities are banned
|rule|Sleep Moves Clause: Sleep-inducing moves are banned
|clearpoke
|poke|p1|Barraskewda, F|
|poke|p1|Politoed, M|
|poke|p1|Iron Treads|
|poke|p1|Dragonite, F|
|poke|p1|Raging Bolt|
|poke|p1|Basculegion, M|
|poke|p2|Gliscor, M|
|poke|p2|Corviknight, F|
|poke|p2|Dondozo, F|
|poke|p2|Blissey, F|
|poke|p2|Weezing-Galar, F|
|poke|p2|Garganacl, F|
|teampreview
|inactive|Battle timer is ON: inactive players will automatically lose when time's up. (requested by thebambi1234)
|
|t:|1781116206
|teamsize|p1|6
|teamsize|p2|6
|start
|switch|p1a: Politoed|Politoed, M|100/100
|switch|p2a: Garganacl|Garganacl, F, shiny|100/100
|-weather|RainDance|[from] ability: Drizzle|[of] p1a: Politoed
|turn|1
|j| blackgokuking
|
|t:|1781116214
|-terastallize|p2a: Garganacl|Water
|move|p1a: Politoed|Surf|p2a: Garganacl
|-resisted|p2a: Garganacl
|-damage|p2a: Garganacl|87/100
|move|p2a: Garganacl|Stealth Rock|p1a: Politoed
|-sidestart|p1: Joltinjoe18|move: Stealth Rock
|
|-weather|RainDance|[upkeep]
|-heal|p2a: Garganacl|93/100|[from] item: Leftovers
|upkeep
|turn|2
|
|t:|1781116217
|move|p1a: Politoed|Encore|p2a: Garganacl
|-start|p2a: Garganacl|Encore
|move|p2a: Garganacl|Stealth Rock||[still]
|-fail|p2a: Garganacl
|
|-weather|RainDance|[upkeep]
|-heal|p2a: Garganacl|99/100|[from] item: Leftovers
|upkeep
|turn|3
|
|t:|1781116226
|switch|p1a: Iron Treads|Iron Treads|100/100
|-damage|p1a: Iron Treads|97/100|[from] Stealth Rock
|switch|p2a: Dondozo|Dondozo, F|100/100
|
|-weather|RainDance|[upkeep]
|-heal|p1a: Iron Treads|100/100|[from] item: Leftovers
|upkeep
|turn|4
|
|t:|1781116229
|move|p1a: Iron Treads|Rapid Spin|p2a: Dondozo
|-damage|p2a: Dondozo|95/100
|-boost|p1a: Iron Treads|spe|1
|-sideend|p1: Joltinjoe18|Stealth Rock|[from] move: Rapid Spin|[of] p1a: Iron Treads
|move|p2a: Dondozo|Waterfall|p1a: Iron Treads
|-supereffective|p1a: Iron Treads
|-damage|p1a: Iron Treads|36/100
|
|-weather|RainDance|[upkeep]
|-heal|p1a: Iron Treads|43/100|[from] item: Leftovers
|-heal|p2a: Dondozo|100/100|[from] item: Leftovers
|upkeep
|turn|5
|
|t:|1781116235
|move|p1a: Iron Treads|Stealth Rock|p2a: Dondozo
|-sidestart|p2: thebambi1234|move: Stealth Rock
|move|p2a: Dondozo|Body Press|p1a: Iron Treads
|-supereffective|p1a: Iron Treads
|-damage|p1a: Iron Treads|1/100
|
|-weather|RainDance|[upkeep]
|-heal|p1a: Iron Treads|7/100|[from] item: Leftovers
|upkeep
|turn|6
|
|t:|1781116240
|-end|p1a: Iron Treads|Quark Drive|[silent]
|switch|p1a: Raging Bolt|Raging Bolt|100/100
|move|p2a: Dondozo|Waterfall|p1a: Raging Bolt
|-resisted|p1a: Raging Bolt
|-damage|p1a: Raging Bolt|81/100
|
|-weather|RainDance|[upkeep]
|upkeep
|turn|7
|
|t:|1781116244
|switch|p2a: Blissey|Blissey, F|100/100
|-damage|p2a: Blissey|88/100|[from] Stealth Rock
|move|p1a: Raging Bolt|Weather Ball|p2a: Blissey
|-damage|p2a: Blissey|70/100
|
|-weather|RainDance|[upkeep]
|-heal|p2a: Blissey|76/100|[from] item: Leftovers
|upkeep
|turn|8
|
|t:|1781116250
|switch|p2a: Corviknight|Corviknight, F|100/100
|-damage|p2a: Corviknight|88/100|[from] Stealth Rock
|-ability|p2a: Corviknight|Pressure
|move|p1a: Raging Bolt|Volt Switch|p2a: Corviknight
|-supereffective|p2a: Corviknight
|-damage|p2a: Corviknight|13/100
|
|t:|1781116258
|-end|p1a: Raging Bolt|Protosynthesis|[silent]
|switch|p1a: Basculegion|Basculegion, M|100/100|[from] Volt Switch
|
|-weather|none
|upkeep
|turn|9
|
|t:|1781116263
|move|p1a: Basculegion|Flip Turn|p2a: Corviknight
|-damage|p2a: Corviknight|0 fnt
|-damage|p1a: Basculegion|84/100|[from] item: Rocky Helmet|[of] p2a: Corviknight
|faint|p2a: Corviknight
|inactive|Joltinjoe18 has 120 seconds left.
|inactive|Joltinjoe18 has 90 seconds left.
|
|t:|1781116335
|switch|p1a: Raging Bolt|Raging Bolt|81/100|[from] Flip Turn
|
|upkeep
|j| malicious M
|
|t:|1781116342
|switch|p2a: Weezing|Weezing-Galar, F|100/100
|-ability|p2a: Weezing|Neutralizing Gas
|turn|10
|
|t:|1781116347
|move|p1a: Raging Bolt|Volt Switch|p2a: Weezing
|-damage|p2a: Weezing|49/100
|inactive|Joltinjoe18 has 90 seconds left.
|
|t:|1781116362
|-end|p1a: Raging Bolt|Protosynthesis|[silent]
|switch|p1a: Iron Treads|Iron Treads|7/100|[from] Volt Switch
|move|p2a: Weezing|Defog|p1a: Iron Treads
|-unboost|p1a: Iron Treads|evasion|1
|-sideend|p2: thebambi1234|Stealth Rock|[from] move: Defog|[of] p2a: Weezing
|
|-heal|p1a: Iron Treads|14/100|[from] item: Leftovers
|upkeep
|turn|11
|
|t:|1781116368
|move|p1a: Iron Treads|Stealth Rock|p2a: Weezing
|-sidestart|p2: thebambi1234|move: Stealth Rock
|move|p2a: Weezing|Overheat|p1a: Iron Treads
|-supereffective|p1a: Iron Treads
|-damage|p1a: Iron Treads|0 fnt
|-unboost|p2a: Weezing|spa|2
|faint|p1a: Iron Treads
|-end|p1a: Iron Treads|Quark Drive|[silent]
|
|upkeep
|
|t:|1781116373
|switch|p1a: Raging Bolt|Raging Bolt|81/100
|turn|12
|
|t:|1781116377
|-end|p1a: Raging Bolt|Protosynthesis|[silent]
|switch|p1a: Politoed|Politoed, M|100/100
|move|p2a: Weezing|Defog|p1a: Politoed
|-unboost|p1a: Politoed|evasion|1
|-sideend|p2: thebambi1234|Stealth Rock|[from] move: Defog|[of] p2a: Weezing
|
|upkeep
|turn|13
|
|t:|1781116385
|-end|p2a: Weezing|ability: Neutralizing Gas
|-weather|RainDance|[from] ability: Drizzle|[of] p1a: Politoed
|switch|p2a: Garganacl|Garganacl, F, shiny, tera:Water|99/100
|move|p1a: Politoed|Surf|p2a: Garganacl
|-resisted|p2a: Garganacl
|-damage|p2a: Garganacl|85/100
|
|-weather|RainDance|[upkeep]
|-heal|p2a: Garganacl|92/100|[from] item: Leftovers
|upkeep
|turn|14
|
|t:|1781116390
|switch|p1a: Raging Bolt|Raging Bolt|81/100
|move|p2a: Garganacl|Stealth Rock|p1a: Raging Bolt
|-sidestart|p1: Joltinjoe18|move: Stealth Rock
|
|-weather|RainDance|[upkeep]
|-heal|p2a: Garganacl|98/100|[from] item: Leftovers
|upkeep
|turn|15
|
|t:|1781116393
|move|p2a: Garganacl|Protect|p2a: Garganacl
|-singleturn|p2a: Garganacl|Protect
|move|p1a: Raging Bolt|Weather Ball|p2a: Garganacl
|-activate|p2a: Garganacl|move: Protect
|
|-weather|RainDance|[upkeep]
|-heal|p2a: Garganacl|100/100|[from] item: Leftovers
|upkeep
|turn|16
|
|t:|1781116395
|switch|p2a: Blissey|Blissey, F|76/100
|move|p1a: Raging Bolt|Volt Switch|p2a: Blissey
|-damage|p2a: Blissey|65/100
|
|t:|1781116397
|-end|p1a: Raging Bolt|Protosynthesis|[silent]
|switch|p1a: Dragonite|Dragonite, F|100/100|[from] Volt Switch
|
|-weather|RainDance|[upkeep]
|-heal|p2a: Blissey|71/100|[from] item: Leftovers
|upkeep
|turn|17
|
|t:|1781116399
|switch|p2a: Garganacl|Garganacl, F, shiny, tera:Water|100/100
|move|p1a: Dragonite|Hurricane|p2a: Garganacl
|-damage|p2a: Garganacl|66/100
|
|-weather|RainDance|[upkeep]
|-heal|p2a: Garganacl|72/100|[from] item: Leftovers
|upkeep
|turn|18
|
|t:|1781116403
|move|p2a: Garganacl|Salt Cure|p1a: Dragonite
|-supereffective|p1a: Dragonite
|-damage|p1a: Dragonite|87/100
|-start|p1a: Dragonite|Salt Cure
|move|p1a: Dragonite|Dragon Tail|p2a: Garganacl
|-damage|p2a: Garganacl|53/100
|drag|p2a: Weezing|Weezing-Galar, F|49/100
|-ability|p2a: Weezing|Neutralizing Gas
|
|-weather|RainDance|[upkeep]
|-damage|p1a: Dragonite|75/100|[from] Salt Cure
|upkeep
|turn|19
|
|t:|1781116431
|move|p1a: Dragonite|Hurricane|p2a: Weezing
|-damage|p2a: Weezing|0 fnt
|faint|p2a: Weezing
|-end|p2a: Weezing|ability: Neutralizing Gas
|
|-weather|RainDance|[upkeep]
|-damage|p1a: Dragonite|63/100|[from] Salt Cure
|upkeep
|
|t:|1781116436
|switch|p2a: Garganacl|Garganacl, F, shiny, tera:Water|53/100
|turn|20
|
|t:|1781116437
|move|p1a: Dragonite|Roost|p1a: Dragonite
|-heal|p1a: Dragonite|100/100
|-singleturn|p1a: Dragonite|move: Roost
|move|p2a: Garganacl|Recover|p2a: Garganacl
|-heal|p2a: Garganacl|100/100
|
|-weather|none
|-damage|p1a: Dragonite|88/100|[from] Salt Cure
|upkeep
|turn|21
|
|t:|1781116440
|move|p2a: Garganacl|Salt Cure|p1a: Dragonite
|-supereffective|p1a: Dragonite
|-damage|p1a: Dragonite|62/100
|move|p1a: Dragonite|Dragon Tail|p2a: Garganacl
|-damage|p2a: Garganacl|82/100
|drag|p2a: Dondozo|Dondozo, F|100/100
|
|-damage|p1a: Dragonite|50/100|[from] Salt Cure
|upkeep
|turn|22
|
|t:|1781116443
|switch|p2a: Garganacl|Garganacl, F, shiny, tera:Water|82/100
|move|p1a: Dragonite|Roost|p1a: Dragonite
|-heal|p1a: Dragonite|99/100
|-singleturn|p1a: Dragonite|move: Roost
|
|-heal|p2a: Garganacl|88/100|[from] item: Leftovers
|-damage|p1a: Dragonite|87/100|[from] Salt Cure
|upkeep
|turn|23
|
|t:|1781116446
|move|p2a: Garganacl|Salt Cure|p1a: Dragonite
|-supereffective|p1a: Dragonite
|-damage|p1a: Dragonite|63/100
|move|p1a: Dragonite|Dragon Tail|p2a: Garganacl
|-damage|p2a: Garganacl|69/100
|drag|p2a: Gliscor|Gliscor, M, shiny|100/100
|
|-damage|p1a: Dragonite|50/100|[from] Salt Cure
|-status|p2a: Gliscor|tox|[from] item: Toxic Orb
|upkeep
|turn|24
|
|t:|1781116453
|switch|p2a: Garganacl|Garganacl, F, shiny, tera:Water|69/100
|switch|p1a: Politoed|Politoed, M|100/100
|-damage|p1a: Politoed|88/100|[from] Stealth Rock
|-weather|RainDance|[from] ability: Drizzle|[of] p1a: Politoed
|
|-weather|RainDance|[upkeep]
|-heal|p2a: Garganacl|75/100|[from] item: Leftovers
|upkeep
|turn|25
|
|t:|1781116460
|move|p1a: Politoed|Perish Song|p1a: Politoed
|-start|p1a: Politoed|perish3|[silent]
|-start|p2a: Garganacl|perish3|[silent]
|-fieldactivate|move: Perish Song
|move|p2a: Garganacl|Salt Cure|p1a: Politoed
|-damage|p1a: Politoed|77/100
|-start|p1a: Politoed|Salt Cure
|
|-weather|RainDance|[upkeep]
|-heal|p2a: Garganacl|82/100|[from] item: Leftovers
|-damage|p1a: Politoed|52/100|[from] Salt Cure
|-start|p1a: Politoed|perish3
|-start|p2a: Garganacl|perish3
|upkeep
|turn|26
|
|t:|1781116469
|switch|p1a: Barraskewda|Barraskewda, F|100/100
|-damage|p1a: Barraskewda|88/100|[from] Stealth Rock
|switch|p2a: Blissey|Blissey, F|71/100
|
|-weather|RainDance|[upkeep]
|-heal|p2a: Blissey|77/100|[from] item: Leftovers
|upkeep
|turn|27
|
|t:|1781116471
|switch|p2a: Dondozo|Dondozo, F|100/100
|move|p1a: Barraskewda|Flip Turn|p2a: Dondozo
|-resisted|p2a: Dondozo
|-damage|p2a: Dondozo|84/100
|
|t:|1781116473
|switch|p1a: Raging Bolt|Raging Bolt|81/100|[from] Flip Turn
|-damage|p1a: Raging Bolt|69/100|[from] Stealth Rock
|
|-weather|RainDance|[upkeep]
|-heal|p2a: Dondozo|90/100|[from] item: Leftovers
|upkeep
|turn|28
|
|t:|1781116476
|switch|p2a: Blissey|Blissey, F|77/100
|move|p1a: Raging Bolt|Volt Switch|p2a: Blissey
|-damage|p2a: Blissey|66/100
|
|t:|1781116480
|-end|p1a: Raging Bolt|Protosynthesis|[silent]
|switch|p1a: Basculegion|Basculegion, M|84/100|[from] Volt Switch
|-damage|p1a: Basculegion|72/100|[from] Stealth Rock
|
|-weather|RainDance|[upkeep]
|-heal|p2a: Blissey|72/100|[from] item: Leftovers
|upkeep
|turn|29
|l| blackgokuking
|
|t:|1781116494
|switch|p2a: Dondozo|Dondozo, F|90/100
|-terastallize|p1a: Basculegion|Water
|move|p1a: Basculegion|Flip Turn|p2a: Dondozo
|-resisted|p2a: Dondozo
|-damage|p2a: Dondozo|70/100
|
|t:|1781116496
|switch|p1a: Raging Bolt|Raging Bolt|69/100|[from] Flip Turn
|-damage|p1a: Raging Bolt|57/100|[from] Stealth Rock
|
|-weather|RainDance|[upkeep]
|-heal|p2a: Dondozo|76/100|[from] item: Leftovers
|upkeep
|turn|30
|
|t:|1781116500
|switch|p2a: Blissey|Blissey, F|72/100
|move|p1a: Raging Bolt|Volt Switch|p2a: Blissey
|-damage|p2a: Blissey|61/100
|
|t:|1781116501
|-end|p1a: Raging Bolt|Protosynthesis|[silent]
|switch|p1a: Basculegion|Basculegion, M, tera:Water|72/100|[from] Volt Switch
|-damage|p1a: Basculegion|59/100|[from] Stealth Rock
|
|-weather|RainDance|[upkeep]
|-heal|p2a: Blissey|67/100|[from] item: Leftovers
|upkeep
|turn|31
|
|t:|1781116505
|switch|p2a: Dondozo|Dondozo, F|76/100
|move|p1a: Basculegion|Flip Turn|p2a: Dondozo
|-resisted|p2a: Dondozo
|-damage|p2a: Dondozo|53/100
|
|t:|1781116506
|switch|p1a: Raging Bolt|Raging Bolt|57/100|[from] Flip Turn
|-damage|p1a: Raging Bolt|44/100|[from] Stealth Rock
|
|-weather|none
|-heal|p2a: Dondozo|60/100|[from] item: Leftovers
|upkeep
|turn|32
|
|t:|1781116511
|-end|p1a: Raging Bolt|Protosynthesis|[silent]
|switch|p1a: Politoed|Politoed, M|52/100
|-damage|p1a: Politoed|40/100|[from] Stealth Rock
|-weather|RainDance|[from] ability: Drizzle|[of] p1a: Politoed
|switch|p2a: Blissey|Blissey, F|67/100
|
|-weather|RainDance|[upkeep]
|-heal|p2a: Blissey|73/100|[from] item: Leftovers
|upkeep
|turn|33
|
|t:|1781116516
|switch|p1a: Basculegion|Basculegion, M, tera:Water|59/100
|-damage|p1a: Basculegion|47/100|[from] Stealth Rock
|switch|p2a: Garganacl|Garganacl, F, shiny, tera:Water|82/100
|
|-weather|RainDance|[upkeep]
|-heal|p2a: Garganacl|88/100|[from] item: Leftovers
|upkeep
|turn|34
|
|t:|1781116519
|move|p2a: Garganacl|Protect|p2a: Garganacl
|-singleturn|p2a: Garganacl|Protect
|move|p1a: Basculegion|Wave Crash|p2a: Garganacl
|-activate|p2a: Garganacl|move: Protect
|
|-weather|RainDance|[upkeep]
|-heal|p2a: Garganacl|94/100|[from] item: Leftovers
|upkeep
|turn|35
|
|t:|1781116524
|move|p1a: Basculegion|Wave Crash|p2a: Garganacl
|-resisted|p2a: Garganacl
|-damage|p2a: Garganacl|35/100
|-damage|p1a: Basculegion|26/100|[from] Recoil
|move|p2a: Garganacl|Salt Cure|p1a: Basculegion
|-damage|p1a: Basculegion|8/100
|-start|p1a: Basculegion|Salt Cure
|
|-weather|RainDance|[upkeep]
|-heal|p2a: Garganacl|41/100|[from] item: Leftovers
|-damage|p1a: Basculegion|0 fnt|[from] Salt Cure
|faint|p1a: Basculegion
|upkeep
|
|t:|1781116527
|switch|p1a: Raging Bolt|Raging Bolt|44/100
|-damage|p1a: Raging Bolt|32/100|[from] Stealth Rock
|turn|36
|
|t:|1781116530
|move|p2a: Garganacl|Protect|p2a: Garganacl
|-singleturn|p2a: Garganacl|Protect
|move|p1a: Raging Bolt|Volt Switch|p2a: Garganacl
|-activate|p2a: Garganacl|move: Protect
|
|-weather|RainDance|[upkeep]
|-heal|p2a: Garganacl|47/100|[from] item: Leftovers
|upkeep
|turn|37
|
|t:|1781116536
|switch|p2a: Blissey|Blissey, F|73/100
|move|p1a: Raging Bolt|Weather Ball|p2a: Blissey
|-damage|p2a: Blissey|56/100
|
|-weather|RainDance|[upkeep]
|-heal|p2a: Blissey|63/100|[from] item: Leftovers
|upkeep
|turn|38
|-message|Joltinjoe18 forfeited.
|
|win|thebambi1234
|raw|Joltinjoe18's rating: 1798 &rarr; <strong>1773</strong><br />(-25 for losing)
|raw|thebambi1234's rating: 1711 &rarr; <strong>1736</strong><br />(+25 for winning)
|l|☆thebambi1234
|player|p2|
|l| malicious M
