|j|☆Lockheed Shartin
|j|☆KurisuChestnutOU
|t:|1781127570
|gametype|singles
|player|p1|Lockheed Shartin|preschooler|1641
|player|p2|KurisuChestnutOU|may-contest|1534
|gen|9
|tier|[Gen 9] OU
|rated|
|rule|HP Percentage Mod: HP is shown in percentages
|rule|Endless Battle Clause: Forcing endless battles is banned
|rule|Species Clause: Limit one of each Pokémon
|rule|OHKO Clause: OHKO moves are banned
|rule|Evasion Items Clause: Evasion items are banned
|rule|Evasion Moves Clause: Evasion moves are banned
|rule|Evasion Abilities Clause: Evasion abilities are banned
|rule|Sleep Moves Clause: Sleep-inducing moves are banned
|clearpoke
|poke|p1|Ting-Lu|
|poke|p1|Gliscor, F|
|poke|p1|Sinistcha-Masterpiece|
|poke|p1|Keldeo|
|poke|p1|Tinkaton, F|
|poke|p1|Dragonite, M|
|poke|p2|Kingambit, F|
|poke|p2|Kommo-o, M|
|poke|p2|Iron Valiant|
|poke|p2|Kyurem|
|poke|p2|Iron Treads|
|poke|p2|Iron Crown|
|teampreview
|inactive|Battle timer is ON: inactive players will automatically lose when time's up. (requested by Lockheed Shartin)
|inactive|KurisuChestnutOU also wants the timer to be on.
|inactive|Lockheed Shartin has 120 seconds left.
|inactive|Lockheed Shartin has 90 seconds left.
|inactive|Lockheed Shartin has 60 seconds left.
|
|t:|1781127660
|teamsize|p1|6
|teamsize|p2|6
|start
|switch|p1a: My Little Pwny|Keldeo|100/100
|switch|p2a: Kyurem|Kyurem|100/100
|-ability|p2a: Kyurem|Pressure
|turn|1
|
|t:|1781127667
|-terastallize|p2a: Kyurem|Ground
|move|p1a: My Little Pwny|Aura Sphere|p2a: Kyurem
|-damage|p2a: Kyurem|54/100
|move|p2a: Kyurem|Scale Shot|p1a: My Little Pwny
|-damage|p1a: My Little Pwny|85/100
|-damage|p1a: My Little Pwny|71/100
|-damage|p1a: My Little Pwny|56/100
|-damage|p1a: My Little Pwny|42/100
|-damage|p1a: My Little Pwny|27/100
|-hitcount|p1a: My Little Pwny|5
|-unboost|p2a: Kyurem|def|1
|-boost|p2a: Kyurem|spe|1
|
|upkeep
|turn|2
|
|t:|1781127673
|switch|p1a: Tinkki Minaj|Tinkaton, F|100/100
|-ability|p1a: Tinkki Minaj|Mold Breaker
|-item|p1a: Tinkki Minaj|Air Balloon
|move|p2a: Kyurem|Icicle Spear|p1a: Tinkki Minaj
|-resisted|p1a: Tinkki Minaj
|-damage|p1a: Tinkki Minaj|93/100
|-enditem|p1a: Tinkki Minaj|Air Balloon
|-resisted|p1a: Tinkki Minaj
|-damage|p1a: Tinkki Minaj|87/100
|-resisted|p1a: Tinkki Minaj
|-damage|p1a: Tinkki Minaj|79/100
|-resisted|p1a: Tinkki Minaj
|-damage|p1a: Tinkki Minaj|72/100
|-resisted|p1a: Tinkki Minaj
|-damage|p1a: Tinkki Minaj|65/100
|-hitcount|p1a: Tinkki Minaj|5
|
|upkeep
|turn|3
|
|t:|1781127694
|switch|p1a: Tchavis Scott|Sinistcha-Masterpiece|100/100
|move|p2a: Kyurem|Icicle Spear|p1a: Tchavis Scott
|-supereffective|p1a: Tchavis Scott
|-damage|p1a: Tchavis Scott|81/100
|-supereffective|p1a: Tchavis Scott
|-damage|p1a: Tchavis Scott|62/100
|-supereffective|p1a: Tchavis Scott
|-damage|p1a: Tchavis Scott|44/100
|-supereffective|p1a: Tchavis Scott
|-damage|p1a: Tchavis Scott|26/100
|-supereffective|p1a: Tchavis Scott
|-damage|p1a: Tchavis Scott|9/100
|-hitcount|p1a: Tchavis Scott|5
|
|upkeep
|turn|4
|
|t:|1781127716
|move|p2a: Kyurem|Icicle Spear|p1a: Tchavis Scott
|-supereffective|p1a: Tchavis Scott
|-damage|p1a: Tchavis Scott|0 fnt
|faint|p1a: Tchavis Scott
|-hitcount|p1: Tchavis Scott|1
|
|upkeep
|
|t:|1781127727
|switch|p1a: Jarhead|Ting-Lu|100/100
|-ability|p1a: Jarhead|Vessel of Ruin
|turn|5
|
|t:|1781127730
|move|p2a: Kyurem|Icicle Spear|p1a: Jarhead
|-supereffective|p1a: Jarhead
|-damage|p1a: Jarhead|85/100
|-supereffective|p1a: Jarhead
|-damage|p1a: Jarhead|72/100
|-supereffective|p1a: Jarhead
|-damage|p1a: Jarhead|57/100
|-supereffective|p1a: Jarhead
|-damage|p1a: Jarhead|44/100
|-hitcount|p1a: Jarhead|4
|move|p1a: Jarhead|Earthquake|p2a: Kyurem
|-damage|p2a: Kyurem|4/100
|
|-heal|p1a: Jarhead|51/100|[from] item: Leftovers
|upkeep
|turn|6
|
|t:|1781127737
|switch|p1a: My Little Pwny|Keldeo|27/100
|move|p2a: Kyurem|Icicle Spear|p1a: My Little Pwny
|-resisted|p1a: My Little Pwny
|-damage|p1a: My Little Pwny|20/100
|-resisted|p1a: My Little Pwny
|-damage|p1a: My Little Pwny|13/100
|-resisted|p1a: My Little Pwny
|-damage|p1a: My Little Pwny|6/100
|-resisted|p1a: My Little Pwny
|-damage|p1a: My Little Pwny|0 fnt
|faint|p1a: My Little Pwny
|-hitcount|p1: My Little Pwny|4
|
|upkeep
|
|t:|1781127739
|switch|p1a: Secret Service|Dragonite, M|100/100
|turn|7
|
|t:|1781127744
|move|p1a: Secret Service|Extreme Speed|p2a: Kyurem
|-damage|p2a: Kyurem|0 fnt
|faint|p2a: Kyurem
|
|upkeep
|
|t:|1781127751
|switch|p2a: Iron Valiant|Iron Valiant|100/100
|-enditem|p2a: Iron Valiant|Booster Energy
|-activate|p2a: Iron Valiant|ability: Quark Drive|[fromitem]
|-start|p2a: Iron Valiant|quarkdrivespe
|turn|8
|
|t:|1781127761
|switch|p1a: Tinkki Minaj|Tinkaton, F|65/100
|-ability|p1a: Tinkki Minaj|Mold Breaker
|move|p2a: Iron Valiant|Moonblast|p1a: Tinkki Minaj
|-resisted|p1a: Tinkki Minaj
|-damage|p1a: Tinkki Minaj|44/100
|
|upkeep
|turn|9
|
|t:|1781127770
|switch|p1a: Dance Armstrong|Gliscor, F|100/100
|move|p2a: Iron Valiant|Focus Blast|p1a: Dance Armstrong
|-resisted|p1a: Dance Armstrong
|-damage|p1a: Dance Armstrong|63/100
|-unboost|p1a: Dance Armstrong|spd|1
|
|-status|p1a: Dance Armstrong|tox|[from] item: Toxic Orb
|upkeep
|turn|10
|
|t:|1781127779
|switch|p1a: Jarhead|Ting-Lu|51/100
|-ability|p1a: Jarhead|Vessel of Ruin
|move|p2a: Iron Valiant|Moonblast|p1a: Jarhead
|-supereffective|p1a: Jarhead
|-damage|p1a: Jarhead|14/100
|
|-heal|p1a: Jarhead|20/100|[from] item: Leftovers
|upkeep
|turn|11
|
|t:|1781127783
|move|p2a: Iron Valiant|Moonblast|p1a: Jarhead
|-supereffective|p1a: Jarhead
|-damage|p1a: Jarhead|0 fnt
|faint|p1a: Jarhead
|
|upkeep
|
|t:|1781127786
|switch|p1a: Secret Service|Dragonite, M|100/100
|turn|12
|-message|Lockheed Shartin forfeited.
|
|win|KurisuChestnutOU
|raw|Lockheed Shartin's rating: 1641 &rarr; <strong>1613</strong><br />(-28 for losing)
|raw|KurisuChestnutOU's rating: 1491 &rarr; <strong>1519</strong><br />(+28 for winning)
|l|☆Lockheed Shartin
|player|p1|
