|j|☆isaac_gam3r
|j|☆Steez Ibanez
|t:|1781097301
|gametype|singles
|player|p1|isaac_gam3r|acetrainer-gen4dp|1716
|player|p2|Steez Ibanez|willow-casual|1808
|gen|9
|tier|[Gen 9] OU
|rated|
|rule|HP Percentage Mod: HP is shown in percentages
|rule|Endless Battle Clause: Forcing endless battles is banned
|rule|Species Clause: Limit one of each Pokémon
|rule|OHKO Clause: OHKO moves are banned
|rule|Evasion Items Clause: Evasion items are banned
|rule|Evasion Moves Clause: Evasion moves are banned
|rule|Evasion Abilities Clause: Evasion abilities are banned
|rule|Sleep Moves Clause: Sleep-inducing moves are banned
|clearpoke
|poke|p1|Primarina, F|
|poke|p1|Raging Bolt|
|poke|p1|Heatran, M|
|poke|p1|Weezing-Galar, M|
|poke|p1|Garchomp, M|
|poke|p1|Weavile, F|
|poke|p2|Garganacl, M|
|poke|p2|Landorus-Therian, M|
|poke|p2|Weezing-Galar, M|
|poke|p2|Dragapult, M|
|poke|p2|Hoopa-Unbound|
|poke|p2|Scizor, M|
|teampreview
|inactive|Battle timer is ON: inactive players will automatically lose when time's up. (requested by isaac_gam3r)
|
|t:|1781097327
|teamsize|p1|6
|teamsize|p2|6
|start
|switch|p1a: Weavile|Weavile, F|100/100
|switch|p2a: Dragapult|Dragapult, M|100/100
|-ability|p1a: Weavile|Pressure
|turn|1
|
|t:|1781097331
|switch|p1a: Heatran|Heatran, M|100/100
|move|p2a: Dragapult|U-turn|p1a: Heatran
|-resisted|p1a: Heatran
|-damage|p1a: Heatran|97/100
|
|t:|1781097333
|switch|p2a: Landorus|Landorus-Therian, M|100/100|[from] U-turn
|-ability|p2a: Landorus|Intimidate|boost
|-unboost|p1a: Heatran|atk|1
|
|upkeep
|turn|2
|
|t:|1781097336
|switch|p1a: Weezing|Weezing-Galar, M, shiny|100/100
|move|p2a: Landorus|Earthquake|p1a: Weezing
|-immune|p1a: Weezing|[from] ability: Levitate
|
|upkeep
|turn|3
|
|t:|1781097341
|switch|p2a: Garganacl|Garganacl, M|100/100
|move|p1a: Weezing|Will-O-Wisp|p2a: Garganacl
|-immune|p2a: Garganacl|[from] ability: Purifying Salt
|
|upkeep
|turn|4
|
|t:|1781097343
|move|p1a: Weezing|Strange Steam|p2a: Garganacl
|-damage|p2a: Garganacl|80/100
|move|p2a: Garganacl|Stealth Rock|p1a: Weezing
|-sidestart|p1: isaac_gam3r|move: Stealth Rock
|
|-heal|p2a: Garganacl|86/100|[from] item: Leftovers
|upkeep
|turn|5
|
|t:|1781097354
|move|p1a: Weezing|Strange Steam|p2a: Garganacl
|-damage|p2a: Garganacl|65/100
|move|p2a: Garganacl|Salt Cure|p1a: Weezing
|-damage|p1a: Weezing|91/100
|-start|p1a: Weezing|Salt Cure
|
|-heal|p1a: Weezing|97/100|[from] item: Black Sludge
|-heal|p2a: Garganacl|71/100|[from] item: Leftovers
|-damage|p1a: Weezing|85/100|[from] Salt Cure
|upkeep
|turn|6
|
|t:|1781097358
|move|p1a: Weezing|Defog|p2a: Garganacl
|-unboost|p2a: Garganacl|evasion|1
|-sideend|p1: isaac_gam3r|Stealth Rock|[from] move: Defog|[of] p1a: Weezing
|move|p2a: Garganacl|Salt Cure|p1a: Weezing
|-damage|p1a: Weezing|76/100
|
|-heal|p1a: Weezing|82/100|[from] item: Black Sludge
|-heal|p2a: Garganacl|77/100|[from] item: Leftovers
|-damage|p1a: Weezing|69/100|[from] Salt Cure
|upkeep
|turn|7
|
|t:|1781097361
|move|p1a: Weezing|Strange Steam|p2a: Garganacl
|-damage|p2a: Garganacl|59/100
|move|p2a: Garganacl|Stealth Rock|p1a: Weezing
|-sidestart|p1: isaac_gam3r|move: Stealth Rock
|
|-heal|p1a: Weezing|75/100|[from] item: Black Sludge
|-heal|p2a: Garganacl|66/100|[from] item: Leftovers
|-damage|p1a: Weezing|63/100|[from] Salt Cure
|upkeep
|turn|8
|
|t:|1781097365
|move|p1a: Weezing|Strange Steam|p2a: Garganacl
|-damage|p2a: Garganacl|46/100
|move|p2a: Garganacl|Recover|p2a: Garganacl
|-heal|p2a: Garganacl|96/100
|
|-heal|p1a: Weezing|69/100|[from] item: Black Sludge
|-heal|p2a: Garganacl|100/100|[from] item: Leftovers
|-damage|p1a: Weezing|57/100|[from] Salt Cure
|upkeep
|turn|9
|j| 70to90gxe
|
|t:|1781097372
|switch|p2a: Scizor|Scizor, M|100/100
|move|p1a: Weezing|Defog|p2a: Scizor
|-unboost|p2a: Scizor|evasion|1
|-sideend|p1: isaac_gam3r|Stealth Rock|[from] move: Defog|[of] p1a: Weezing
|
|-heal|p1a: Weezing|63/100|[from] item: Black Sludge
|-damage|p1a: Weezing|50/100|[from] Salt Cure
|upkeep
|turn|10
|
|t:|1781097378
|switch|p1a: Garchomp|Garchomp, M|100/100
|move|p2a: Scizor|U-turn|p1a: Garchomp
|-damage|p1a: Garchomp|44/100
|-damage|p2a: Scizor|88/100|[from] ability: Rough Skin|[of] p1a: Garchomp
|
|t:|1781097382
|switch|p2a: Dragapult|Dragapult, M|100/100|[from] U-turn
|
|upkeep
|turn|11
|
|t:|1781097385
|move|p1a: Garchomp|Outrage|p2a: Dragapult
|-supereffective|p2a: Dragapult
|-damage|p2a: Dragapult|0 fnt
|faint|p2a: Dragapult
|
|upkeep
|j| yuureisuisei
|
|t:|1781097396
|switch|p2a: Landorus|Landorus-Therian, M|100/100
|-ability|p2a: Landorus|Intimidate|boost
|-unboost|p1a: Garchomp|atk|1
|turn|12
|
|t:|1781097398
|move|p1a: Garchomp|Outrage|p2a: Landorus|[from] lockedmove
|-damage|p2a: Landorus|50/100
|-start|p1a: Garchomp|confusion|[fatigue]
|move|p2a: Landorus|Earthquake|p1a: Garchomp
|-damage|p1a: Garchomp|0 fnt
|faint|p1a: Garchomp
|
|upkeep
|
|t:|1781097403
|switch|p1a: Weavile|Weavile, F|100/100
|-ability|p1a: Weavile|Pressure
|turn|13
|
|t:|1781097407
|switch|p2a: Weezing|Weezing-Galar, M|100/100
|-ability|p2a: Weezing|Neutralizing Gas
|move|p1a: Weavile|Ice Shard|p2a: Weezing
|-damage|p2a: Weezing|85/100
|
|upkeep
|turn|14
|
|t:|1781097412
|switch|p1a: Heatran|Heatran, M|97/100
|move|p2a: Weezing|Toxic Spikes|p1a: Heatran
|-sidestart|p1: isaac_gam3r|move: Toxic Spikes
|
|upkeep
|turn|15
|
|t:|1781097416
|-end|p2a: Weezing|ability: Neutralizing Gas
|switch|p2a: Garganacl|Garganacl, M|100/100
|move|p1a: Heatran|Lava Plume|p2a: Garganacl
|-resisted|p2a: Garganacl
|-damage|p2a: Garganacl|85/100
|
|-heal|p2a: Garganacl|92/100|[from] item: Leftovers
|upkeep
|turn|16
|
|t:|1781097419
|move|p1a: Heatran|Flash Cannon|p2a: Garganacl
|-supereffective|p2a: Garganacl
|-damage|p2a: Garganacl|28/100
|move|p2a: Garganacl|Salt Cure|p1a: Heatran
|-damage|p1a: Heatran|84/100
|-start|p1a: Heatran|Salt Cure
|
|-heal|p2a: Garganacl|34/100|[from] item: Leftovers
|-damage|p1a: Heatran|60/100|[from] Salt Cure
|upkeep
|turn|17
|
|t:|1781097422
|move|p2a: Garganacl|Protect|p2a: Garganacl
|-singleturn|p2a: Garganacl|Protect
|move|p1a: Heatran|Lava Plume|p2a: Garganacl
|-activate|p2a: Garganacl|move: Protect
|
|-heal|p2a: Garganacl|40/100|[from] item: Leftovers
|-damage|p1a: Heatran|35/100|[from] Salt Cure
|upkeep
|turn|18
|
|t:|1781097428
|-terastallize|p2a: Garganacl|Water
|move|p1a: Heatran|Flash Cannon|p2a: Garganacl
|-resisted|p2a: Garganacl
|-damage|p2a: Garganacl|24/100
|move|p2a: Garganacl|Recover|p2a: Garganacl
|-heal|p2a: Garganacl|74/100
|
|-heal|p2a: Garganacl|80/100|[from] item: Leftovers
|-damage|p1a: Heatran|10/100|[from] Salt Cure
|upkeep
|turn|19
|
|t:|1781097432
|switch|p1a: Weezing|Weezing-Galar, M, shiny|50/100
|move|p2a: Garganacl|Stealth Rock|p1a: Weezing
|-sidestart|p1: isaac_gam3r|move: Stealth Rock
|
|-heal|p1a: Weezing|56/100|[from] item: Black Sludge
|-heal|p2a: Garganacl|86/100|[from] item: Leftovers
|upkeep
|turn|20
|
|t:|1781097436
|move|p1a: Weezing|Defog|p2a: Garganacl
|-unboost|p2a: Garganacl|evasion|1
|-sideend|p1: isaac_gam3r|Toxic Spikes|[from] move: Defog|[of] p1a: Weezing
|-sideend|p1: isaac_gam3r|Stealth Rock|[from] move: Defog|[of] p1a: Weezing
|move|p2a: Garganacl|Salt Cure|p1a: Weezing
|-damage|p1a: Weezing|48/100
|-start|p1a: Weezing|Salt Cure
|
|-heal|p1a: Weezing|54/100|[from] item: Black Sludge
|-heal|p2a: Garganacl|93/100|[from] item: Leftovers
|-damage|p1a: Weezing|42/100|[from] Salt Cure
|upkeep
|turn|21
|
|t:|1781097440
|move|p1a: Weezing|Pain Split|p2a: Garganacl
|-sethp|p2a: Garganacl|64/100|[from] move: Pain Split|[silent]
|-sethp|p1a: Weezing|77/100|[from] move: Pain Split
|move|p2a: Garganacl|Stealth Rock|p1a: Weezing
|-sidestart|p1: isaac_gam3r|move: Stealth Rock
|
|-heal|p1a: Weezing|83/100|[from] item: Black Sludge
|-heal|p2a: Garganacl|70/100|[from] item: Leftovers
|-damage|p1a: Weezing|70/100|[from] Salt Cure
|upkeep
|turn|22
|
|t:|1781097444
|move|p2a: Garganacl|Protect|p2a: Garganacl
|-singleturn|p2a: Garganacl|Protect
|move|p1a: Weezing|Defog|p2a: Garganacl
|-activate|p2a: Garganacl|move: Protect
|
|-heal|p1a: Weezing|76/100|[from] item: Black Sludge
|-heal|p2a: Garganacl|76/100|[from] item: Leftovers
|-damage|p1a: Weezing|64/100|[from] Salt Cure
|upkeep
|turn|23
|
|t:|1781097448
|move|p1a: Weezing|Defog|p2a: Garganacl
|-unboost|p2a: Garganacl|evasion|1
|-sideend|p1: isaac_gam3r|Stealth Rock|[from] move: Defog|[of] p1a: Weezing
|move|p2a: Garganacl|Salt Cure|p1a: Weezing
|-damage|p1a: Weezing|54/100
|
|-heal|p1a: Weezing|60/100|[from] item: Black Sludge
|-heal|p2a: Garganacl|82/100|[from] item: Leftovers
|-damage|p1a: Weezing|48/100|[from] Salt Cure
|upkeep
|turn|24
|l| yuureisuisei
|l|☆isaac_gam3r
|inactive|isaac_gam3r disconnected and has a minute to reconnect!
|player|p1|
|inactive|isaac_gam3r has 30 seconds to reconnect!
|inactive|isaac_gam3r has 20 seconds to reconnect!
|inactive|isaac_gam3r has 15 seconds to reconnect!
|inactive|isaac_gam3r has 10 seconds to reconnect!
|j|☆isaac_gam3r
|inactive|isaac_gam3r reconnected and has 80 seconds left.
|player|p1|isaac_gam3r|acetrainer-gen4dp|
|
|t:|1781097524
|switch|p1a: Raging Bolt|Raging Bolt|100/100
|move|p2a: Garganacl|Protect||[still]
|-fail|p2a: Garganacl
|
|-heal|p2a: Garganacl|88/100|[from] item: Leftovers
|upkeep
|turn|25
|
|t:|1781097531
|move|p1a: Raging Bolt|Calm Mind|p1a: Raging Bolt
|-boost|p1a: Raging Bolt|spa|1
|-boost|p1a: Raging Bolt|spd|1
|move|p2a: Garganacl|Salt Cure|p1a: Raging Bolt
|-damage|p1a: Raging Bolt|90/100
|-start|p1a: Raging Bolt|Salt Cure
|
|-heal|p1a: Raging Bolt|96/100|[from] item: Leftovers
|-heal|p2a: Garganacl|95/100|[from] item: Leftovers
|-damage|p1a: Raging Bolt|84/100|[from] Salt Cure
|upkeep
|turn|26
|inactive|isaac_gam3r has 90 seconds left.
|
|t:|1781097542
|move|p2a: Garganacl|Protect|p2a: Garganacl
|-singleturn|p2a: Garganacl|Protect
|move|p1a: Raging Bolt|Dragon Pulse|p2a: Garganacl
|-activate|p2a: Garganacl|move: Protect
|
|-heal|p1a: Raging Bolt|90/100|[from] item: Leftovers
|-heal|p2a: Garganacl|100/100|[from] item: Leftovers
|-damage|p1a: Raging Bolt|78/100|[from] Salt Cure
|upkeep
|turn|27
|
|t:|1781097552
|move|p1a: Raging Bolt|Thunderbolt|p2a: Garganacl
|-supereffective|p2a: Garganacl
|-damage|p2a: Garganacl|0 fnt
|faint|p2a: Garganacl
|
|-heal|p1a: Raging Bolt|84/100|[from] item: Leftovers
|-damage|p1a: Raging Bolt|71/100|[from] Salt Cure
|upkeep
|
|t:|1781097554
|switch|p2a: Landorus|Landorus-Therian, M|50/100
|-ability|p2a: Landorus|Intimidate|boost
|-unboost|p1a: Raging Bolt|atk|1
|turn|28
|
|t:|1781097557
|-end|p1a: Raging Bolt|Protosynthesis|[silent]
|switch|p1a: Weezing|Weezing-Galar, M, shiny|48/100
|move|p2a: Landorus|U-turn|p1a: Weezing
|-resisted|p1a: Weezing
|-damage|p1a: Weezing|44/100
|
|t:|1781097563
|switch|p2a: Scizor|Scizor, M|88/100|[from] U-turn
|
|-heal|p1a: Weezing|50/100|[from] item: Black Sludge
|upkeep
|turn|29
|
|t:|1781097566
|move|p2a: Scizor|Bullet Punch|p1a: Weezing
|-supereffective|p1a: Weezing
|-damage|p1a: Weezing|0 fnt
|faint|p1a: Weezing
|
|upkeep
|
|t:|1781097570
|switch|p1a: Primarina|Primarina, F, shiny|100/100
|turn|30
|
|t:|1781097575
|move|p2a: Scizor|Bullet Punch|p1a: Primarina
|-damage|p1a: Primarina|36/100
|move|p1a: Primarina|Sparkling Aria|p2a: Scizor
|-damage|p2a: Scizor|12/100
|
|-heal|p1a: Primarina|42/100|[from] item: Leftovers
|upkeep
|turn|31
|
|t:|1781097577
|move|p1a: Primarina|Protect|p1a: Primarina
|-singleturn|p1a: Primarina|Protect
|move|p2a: Scizor|Bullet Punch|p1a: Primarina
|-activate|p1a: Primarina|move: Protect
|
|-heal|p1a: Primarina|48/100|[from] item: Leftovers
|upkeep
|turn|32
|
|t:|1781097579
|move|p2a: Scizor|Bullet Punch|p1a: Primarina
|-damage|p1a: Primarina|0 fnt
|faint|p1a: Primarina
|
|upkeep
|
|t:|1781097582
|switch|p1a: Weavile|Weavile, F|100/100
|-ability|p1a: Weavile|Pressure
|turn|33
|
|t:|1781097584
|move|p1a: Weavile|Ice Shard|p2a: Scizor
|-resisted|p2a: Scizor
|-damage|p2a: Scizor|0 fnt
|faint|p2a: Scizor
|
|upkeep
|
|t:|1781097586
|switch|p2a: Hoopa|Hoopa-Unbound|100/100
|turn|34
|
|t:|1781097589
|move|p1a: Weavile|Knock Off|p2a: Hoopa
|-crit|p2a: Hoopa
|-damage|p2a: Hoopa|0 fnt
|-enditem|p2a: Hoopa|Leftovers|[from] move: Knock Off|[of] p1a: Weavile
|faint|p2a: Hoopa
|
|upkeep
|
|t:|1781097592
|switch|p2a: Weezing|Weezing-Galar, M|85/100
|-ability|p2a: Weezing|Neutralizing Gas
|turn|35
|
|t:|1781097595
|switch|p1a: Heatran|Heatran, M|10/100
|-end|p2a: Weezing|ability: Neutralizing Gas
|switch|p2a: Landorus|Landorus-Therian, M|50/100
|-ability|p2a: Landorus|Intimidate|boost
|-unboost|p1a: Heatran|atk|1
|
|upkeep
|turn|36
|
|t:|1781097598
|-terastallize|p1a: Heatran|Flying
|move|p2a: Landorus|Earthquake|p1a: Heatran
|-immune|p1a: Heatran
|move|p1a: Heatran|Lava Plume|p2a: Landorus
|-damage|p2a: Landorus|0 fnt
|faint|p2a: Landorus
|
|upkeep
|-message|Steez Ibanez forfeited.
|
|win|isaac_gam3r
|raw|isaac_gam3r's rating: 1716 &rarr; <strong>1741</strong><br />(+25 for winning)
|raw|Steez Ibanez's rating: 1799 &rarr; <strong>1774</strong><br />(-25 for losing)
|l|☆Steez Ibanez
|player|p2|
|l|☆isaac_gam3r
|player|p1|
