|j|☆poke2002
|j|☆Garacade
|t:|1780915772
|gametype|singles
|player|p1|poke2002|lucas|1479
|player|p2|Garacade|1|1532
|gen|9
|tier|[Gen 9] OU
|rated|
|rule|HP Percentage Mod: HP is shown in percentages
|rule|Endless Battle Clause: Forcing endless battles is banned
|rule|Species Clause: Limit one of each Pokémon
|rule|OHKO Clause: OHKO moves are banned
|rule|Evasion Items Clause: Evasion items are banned
|rule|Evasion Moves Clause: Evasion moves are banned
|rule|Evasion Abilities Clause: Evasion abilities are banned
|rule|Sleep Moves Clause: Sleep-inducing moves are banned
|clearpoke
|poke|p1|Tinkaton, F|
|poke|p1|Darkrai|
|poke|p1|Moltres|
|poke|p1|Kyurem|
|poke|p1|Sinistcha|
|poke|p1|Glimmora, M|
|poke|p2|Hoopa-Unbound|
|poke|p2|Zapdos|
|poke|p2|Gholdengo|
|poke|p2|Great Tusk|
|poke|p2|Araquanid, F|
|poke|p2|Ogerpon, F|
|teampreview
|inactive|Battle timer is ON: inactive players will automatically lose when time's up. (requested by Garacade)
|inactive|poke2002 also wants the timer to be on.
|
|t:|1780915791
|teamsize|p1|6
|teamsize|p2|6
|start
|switch|p1a: Glimmora|Glimmora, M|100/100
|switch|p2a: Hoopa|Hoopa-Unbound|100/100
|turn|1
|
|t:|1780915796
|move|p2a: Hoopa|Dark Pulse|p1a: Glimmora
|-damage|p1a: Glimmora|27/100
|move|p1a: Glimmora|Spikes|p2a: Hoopa
|-sidestart|p2: Garacade|Spikes
|
|upkeep
|turn|2
|
|t:|1780915805
|switch|p1a: Darkrai|Darkrai|100/100
|move|p2a: Hoopa|Dark Pulse|p1a: Darkrai
|-resisted|p1a: Darkrai
|-damage|p1a: Darkrai|68/100
|
|upkeep
|turn|3
|
|t:|1780915814
|switch|p2a: Araquanid|Araquanid, F|100/100
|-damage|p2a: Araquanid|88/100|[from] Spikes
|move|p1a: Darkrai|Sludge Bomb|p2a: Araquanid
|-damage|p2a: Araquanid|61/100
|
|upkeep
|turn|4
|
|t:|1780915831
|switch|p1a: Glimmora|Glimmora, M|27/100
|move|p2a: Araquanid|Sticky Web|p1a: Glimmora
|-sidestart|p1: poke2002|move: Sticky Web
|
|upkeep
|turn|5
|
|t:|1780915837
|switch|p2a: Hoopa|Hoopa-Unbound|100/100
|-damage|p2a: Hoopa|88/100|[from] Spikes
|move|p1a: Glimmora|Power Gem|p2a: Hoopa
|-damage|p2a: Hoopa|52/100
|
|upkeep
|turn|6
|
|t:|1780915854
|switch|p1a: Darkrai|Darkrai|68/100
|move|p2a: Hoopa|Dark Pulse|p1a: Darkrai
|-resisted|p1a: Darkrai
|-damage|p1a: Darkrai|31/100
|
|upkeep
|turn|7
|
|t:|1780915871
|switch|p1a: Tinkaton|Tinkaton, F|100/100
|-item|p1a: Tinkaton|Air Balloon
|move|p2a: Hoopa|Dark Pulse|p1a: Tinkaton
|-resisted|p1a: Tinkaton
|-damage|p1a: Tinkaton|78/100
|-enditem|p1a: Tinkaton|Air Balloon
|
|upkeep
|turn|8
|
|t:|1780915878
|switch|p2a: Gholdengo|Gholdengo|100/100
|-damage|p2a: Gholdengo|88/100|[from] Spikes
|move|p1a: Tinkaton|Stealth Rock|p2a: Gholdengo
|-sidestart|p2: Garacade|move: Stealth Rock
|
|upkeep
|turn|9
|
|t:|1780915888
|switch|p1a: Moltres|Moltres|100/100
|move|p2a: Gholdengo|Shadow Ball|p1a: Moltres
|-damage|p1a: Moltres|53/100
|
|upkeep
|turn|10
|
|t:|1780915895
|switch|p2a: Araquanid|Araquanid, F|61/100
|-damage|p2a: Araquanid|48/100|[from] Spikes
|-damage|p2a: Araquanid|23/100|[from] Stealth Rock
|move|p1a: Moltres|Roost|p1a: Moltres
|-heal|p1a: Moltres|100/100
|-singleturn|p1a: Moltres|move: Roost
|
|upkeep
|turn|11
|-enditem|p2a: Araquanid|Custap Berry|[eat]
|-activate|p2a: Araquanid|item: Custap Berry|[consumed]
|
|t:|1780915903
|move|p2a: Araquanid|Surf|p1a: Moltres
|-supereffective|p1a: Moltres
|-damage|p1a: Moltres|17/100
|move|p1a: Moltres|Flamethrower|p2a: Araquanid
|-damage|p2a: Araquanid|8/100
|
|upkeep
|turn|12
|
|t:|1780915913
|move|p1a: Moltres|U-turn|p2a: Araquanid
|-damage|p2a: Araquanid|0 fnt
|faint|p2a: Araquanid
|
|t:|1780915923
|switch|p1a: Tinkaton|Tinkaton, F|78/100|[from] U-turn
|-activate|p1a: Tinkaton|move: Sticky Web
|-unboost|p1a: Tinkaton|spe|1
|
|upkeep
|
|t:|1780915930
|switch|p2a: Gholdengo|Gholdengo|88/100
|-damage|p2a: Gholdengo|76/100|[from] Spikes
|-damage|p2a: Gholdengo|70/100|[from] Stealth Rock
|turn|13
|
|t:|1780915949
|switch|p1a: Moltres|Moltres|17/100
|move|p2a: Gholdengo|Shadow Ball|p1a: Moltres
|-damage|p1a: Moltres|0 fnt
|faint|p1a: Moltres
|
|upkeep
|
|t:|1780915951
|switch|p1a: Darkrai|Darkrai|31/100
|turn|14
|
|t:|1780915957
|switch|p2a: Zapdos|Zapdos|100/100
|-damage|p2a: Zapdos|76/100|[from] Stealth Rock
|move|p1a: Darkrai|Dark Pulse|p2a: Zapdos
|-damage|p2a: Zapdos|31/100
|
|upkeep
|turn|15
|
|t:|1780915964
|move|p1a: Darkrai|Dark Pulse|p2a: Zapdos
|-damage|p2a: Zapdos|0 fnt
|faint|p2a: Zapdos
|
|upkeep
|
|t:|1780915966
|switch|p2a: Hoopa|Hoopa-Unbound|52/100
|-damage|p2a: Hoopa|40/100|[from] Spikes
|-damage|p2a: Hoopa|27/100|[from] Stealth Rock
|turn|16
|
|t:|1780915973
|switch|p1a: Tinkaton|Tinkaton, F|78/100
|-activate|p1a: Tinkaton|move: Sticky Web
|-unboost|p1a: Tinkaton|spe|1
|move|p2a: Hoopa|Dark Pulse|p1a: Tinkaton
|-resisted|p1a: Tinkaton
|-damage|p1a: Tinkaton|56/100
|
|upkeep
|turn|17
|
|t:|1780915986
|move|p2a: Hoopa|Dark Pulse|p1a: Tinkaton
|-resisted|p1a: Tinkaton
|-damage|p1a: Tinkaton|36/100
|move|p1a: Tinkaton|Gigaton Hammer|p2a: Hoopa
|-damage|p2a: Hoopa|0 fnt
|faint|p2a: Hoopa
|
|upkeep
|
|t:|1780916000
|switch|p2a: Gholdengo|Gholdengo|70/100
|-damage|p2a: Gholdengo|57/100|[from] Spikes
|-damage|p2a: Gholdengo|51/100|[from] Stealth Rock
|turn|18
|
|t:|1780916009
|switch|p1a: Darkrai|Darkrai|31/100
|move|p2a: Gholdengo|Shadow Ball|p1a: Darkrai
|-resisted|p1a: Darkrai
|-damage|p1a: Darkrai|0 fnt
|faint|p1a: Darkrai
|
|upkeep
|
|t:|1780916019
|switch|p1a: Kyurem|Kyurem|100/100
|-activate|p1a: Kyurem|move: Sticky Web
|-unboost|p1a: Kyurem|spe|1
|-ability|p1a: Kyurem|Pressure
|turn|19
|
|t:|1780916034
|switch|p2a: Great Tusk|Great Tusk|100/100
|-damage|p2a: Great Tusk|88/100|[from] Spikes
|-damage|p2a: Great Tusk|85/100|[from] Stealth Rock
|move|p1a: Kyurem|Earth Power|p2a: Great Tusk
|-damage|p2a: Great Tusk|46/100
|
|-heal|p2a: Great Tusk|52/100|[from] item: Leftovers
|upkeep
|turn|20
|
|t:|1780916042
|switch|p1a: Sinistcha|Sinistcha|100/100
|-activate|p1a: Sinistcha|move: Sticky Web
|-unboost|p1a: Sinistcha|spe|1
|move|p2a: Great Tusk|Body Press|p1a: Sinistcha
|-immune|p1a: Sinistcha
|
|-heal|p2a: Great Tusk|58/100|[from] item: Leftovers
|upkeep
|turn|21
|
|t:|1780916061
|-end|p2a: Great Tusk|Protosynthesis|[silent]
|switch|p2a: Ogerpon|Ogerpon, F|100/100
|-damage|p2a: Ogerpon|88/100|[from] Spikes
|-damage|p2a: Ogerpon|76/100|[from] Stealth Rock
|move|p1a: Sinistcha|Calm Mind|p1a: Sinistcha
|-boost|p1a: Sinistcha|spa|1
|-boost|p1a: Sinistcha|spd|1
|
|upkeep
|turn|22
|
|t:|1780916071
|move|p2a: Ogerpon|Ivy Cudgel|p1a: Sinistcha
|-resisted|p1a: Sinistcha
|-damage|p1a: Sinistcha|66/100
|move|p1a: Sinistcha|Shadow Ball|p2a: Ogerpon
|-damage|p2a: Ogerpon|1/100
|
|-heal|p1a: Sinistcha|72/100|[from] item: Leftovers
|upkeep
|turn|23
|
|t:|1780916083
|move|p2a: Ogerpon|Ivy Cudgel|p1a: Sinistcha
|-resisted|p1a: Sinistcha
|-damage|p1a: Sinistcha|35/100
|move|p1a: Sinistcha|Shadow Ball|p2a: Ogerpon
|-damage|p2a: Ogerpon|0 fnt
|faint|p2a: Ogerpon
|
|-heal|p1a: Sinistcha|41/100|[from] item: Leftovers
|upkeep
|
|t:|1780916089
|switch|p2a: Gholdengo|Gholdengo|51/100
|-damage|p2a: Gholdengo|39/100|[from] Spikes
|-damage|p2a: Gholdengo|33/100|[from] Stealth Rock
|turn|24
|inactive|poke2002 has 120 seconds left.
|
|t:|1780916130
|-terastallize|p1a: Sinistcha|Steel
|move|p2a: Gholdengo|Make It Rain|p1a: Sinistcha
|-resisted|p1a: Sinistcha
|-crit|p1a: Sinistcha
|-damage|p1a: Sinistcha|0 fnt
|-unboost|p2a: Gholdengo|spa|1
|faint|p1a: Sinistcha
|
|upkeep
|
|t:|1780916142
|switch|p1a: Kyurem|Kyurem|100/100
|-activate|p1a: Kyurem|move: Sticky Web
|-unboost|p1a: Kyurem|spe|1
|-ability|p1a: Kyurem|Pressure
|turn|25
|
|t:|1780916160
|switch|p2a: Great Tusk|Great Tusk|58/100
|-damage|p2a: Great Tusk|46/100|[from] Spikes
|-damage|p2a: Great Tusk|43/100|[from] Stealth Rock
|move|p1a: Kyurem|Ice Beam|p2a: Great Tusk
|-supereffective|p2a: Great Tusk
|-damage|p2a: Great Tusk|0 fnt
|faint|p2a: Great Tusk
|-end|p2a: Great Tusk|Protosynthesis|[silent]
|
|upkeep
|
|t:|1780916168
|switch|p2a: Gholdengo|Gholdengo|33/100
|-damage|p2a: Gholdengo|20/100|[from] Spikes
|-damage|p2a: Gholdengo|14/100|[from] Stealth Rock
|turn|26
|
|t:|1780916172
|move|p1a: Kyurem|Ice Beam|p2a: Gholdengo
|-resisted|p2a: Gholdengo
|-damage|p2a: Gholdengo|0 fnt
|faint|p2a: Gholdengo
|
|win|poke2002
|raw|poke2002's rating: 1479 &rarr; <strong>1502</strong><br />(+23 for winning)
|raw|Garacade's rating: 1532 &rarr; <strong>1509</strong><br />(-23 for losing)
|l|☆Garacade
|player|p2|
|l|☆poke2002
|player|p1|
