|j|☆The real kurt tay
|j|☆hawkins0
|t:|1781071387
|gametype|singles
|player|p1|The real kurt tay|265|1624
|player|p2|hawkins0|2|1797
|gen|9
|tier|[Gen 9] OU
|rated|
|rule|HP Percentage Mod: HP is shown in percentages
|rule|Endless Battle Clause: Forcing endless battles is banned
|rule|Species Clause: Limit one of each Pokémon
|rule|OHKO Clause: OHKO moves are banned
|rule|Evasion Items Clause: Evasion items are banned
|rule|Evasion Moves Clause: Evasion moves are banned
|rule|Evasion Abilities Clause: Evasion abilities are banned
|rule|Sleep Moves Clause: Sleep-inducing moves are banned
|clearpoke
|poke|p1|Kyurem|
|poke|p1|Cinderace, F|
|poke|p1|Tornadus-Therian, M|
|poke|p1|Hatterene, F|
|poke|p1|Great Tusk|
|poke|p1|Kingambit, F|
|poke|p2|Hoopa-Unbound|
|poke|p2|Pecharunt|
|poke|p2|Landorus-Therian, M|
|poke|p2|Cinderace, M|
|poke|p2|Alomomola, M|
|poke|p2|Iron Valiant|
|teampreview
|
|t:|1781071400
|teamsize|p1|6
|teamsize|p2|6
|start
|switch|p1a: Cinderace|Cinderace, F|100/100
|switch|p2a: Pisces|Alomomola, M, shiny|100/100
|turn|1
|
|t:|1781071406
|move|p1a: Cinderace|Will-O-Wisp|p2a: Pisces
|-status|p2a: Pisces|brn
|move|p2a: Pisces|Flip Turn|p1a: Cinderace
|-supereffective|p1a: Cinderace
|-crit|p1a: Cinderace
|-damage|p1a: Cinderace|64/100
|
|t:|1781071418
|switch|p2a: Overseer|Pecharunt|100/100|[from] Flip Turn
|
|upkeep
|turn|2
|
|t:|1781071444
|move|p1a: Cinderace|Will-O-Wisp|p2a: Overseer
|-status|p2a: Overseer|brn
|move|p2a: Overseer|Parting Shot|p1a: Cinderace
|-unboost|p1a: Cinderace|atk|1
|-unboost|p1a: Cinderace|spa|1
|
|t:|1781071446
|switch|p2a: Pisces|Alomomola, M, shiny|100/100 brn|[from] Parting Shot
|
|-damage|p2a: Pisces|94/100 brn|[from] brn
|upkeep
|turn|3
|
|t:|1781071450
|move|p1a: Cinderace|U-turn|p2a: Pisces
|-start|p1a: Cinderace|typechange|Bug|[from] ability: Libero
|-damage|p2a: Pisces|80/100 brn
|
|t:|1781071458
|switch|p1a: Great Tusk|Great Tusk|100/100|[from] U-turn
|move|p2a: Pisces|Flip Turn|p1a: Great Tusk
|-supereffective|p1a: Great Tusk
|-damage|p1a: Great Tusk|90/100
|-damage|p2a: Pisces|63/100 brn|[from] item: Rocky Helmet|[of] p1a: Great Tusk
|
|t:|1781071463
|switch|p2a: Calamity|Iron Valiant, shiny|100/100|[from] Flip Turn
|
|upkeep
|turn|4
|
|t:|1781071487
|-end|p1a: Great Tusk|Protosynthesis|[silent]
|switch|p1a: Hatterene|Hatterene, F|100/100
|move|p2a: Calamity|Thunderbolt|p1a: Hatterene
|-damage|p1a: Hatterene|54/100
|
|upkeep
|turn|5
|
|t:|1781071490
|-end|p2a: Calamity|Quark Drive|[silent]
|switch|p2a: Pisces|Alomomola, M, shiny|96/100 brn
|move|p1a: Hatterene|Nuzzle|p2a: Pisces
|-supereffective|p2a: Pisces
|-damage|p2a: Pisces|90/100 brn
|
|-damage|p2a: Pisces|84/100 brn|[from] brn
|upkeep
|turn|6
|
|t:|1781071493
|move|p2a: Pisces|Flip Turn|p1a: Hatterene
|-damage|p1a: Hatterene|47/100
|
|t:|1781071496
|switch|p2a: Overseer|Pecharunt|100/100 brn|[from] Flip Turn
|move|p1a: Hatterene|Pain Split|p2a: Overseer
|-sethp|p2a: Overseer|70/100 brn|[from] move: Pain Split|[silent]
|-sethp|p1a: Hatterene|83/100|[from] move: Pain Split
|
|-damage|p2a: Overseer|64/100 brn|[from] brn
|upkeep
|turn|7
|
|t:|1781071503
|move|p2a: Overseer|Malignant Chain|p1a: Hatterene
|-supereffective|p1a: Hatterene
|-damage|p1a: Hatterene|20/100
|move|p1a: Hatterene|Psychic Noise|p2a: Overseer
|-supereffective|p2a: Overseer
|-damage|p2a: Overseer|0 fnt
|faint|p2a: Overseer
|
|upkeep
|
|t:|1781071512
|switch|p2a: Calamity|Iron Valiant, shiny|100/100
|turn|8
|
|t:|1781071539
|move|p2a: Calamity|Moonblast|p1a: Hatterene
|-damage|p1a: Hatterene|0 fnt
|faint|p1a: Hatterene
|
|upkeep
|
|t:|1781071545
|switch|p1a: Tornadus|Tornadus-Therian, M|100/100
|turn|9
|
|t:|1781071547
|-end|p2a: Calamity|Quark Drive|[silent]
|switch|p2a: Pisces|Alomomola, M, shiny|100/100 brn
|move|p1a: Tornadus|Nasty Plot|p1a: Tornadus
|-boost|p1a: Tornadus|spa|2
|
|-damage|p2a: Pisces|94/100 brn|[from] brn
|upkeep
|turn|10
|
|t:|1781071550
|move|p1a: Tornadus|Nasty Plot|p1a: Tornadus
|-boost|p1a: Tornadus|spa|2
|move|p2a: Pisces|Mirror Coat||[still]
|-fail|p2a: Pisces
|
|-damage|p2a: Pisces|88/100 brn|[from] brn
|upkeep
|turn|11
|
|t:|1781071555
|move|p1a: Tornadus|Bleakwind Storm|p2a: Pisces
|-damage|p2a: Pisces|0 fnt
|faint|p2a: Pisces
|-damage|p1a: Tornadus|91/100|[from] item: Life Orb
|
|upkeep
|
|t:|1781071558
|switch|p2a: Enten|Landorus-Therian, M, shiny|100/100
|-ability|p2a: Enten|Intimidate|boost
|-unboost|p1a: Tornadus|atk|1
|turn|12
|
|t:|1781071566
|switch|p1a: Great Tusk|Great Tusk|90/100
|move|p2a: Enten|Stone Edge|p1a: Great Tusk
|-resisted|p1a: Great Tusk
|-damage|p1a: Great Tusk|84/100
|
|upkeep
|turn|13
|
|t:|1781071573
|switch|p2a: Calamity|Iron Valiant, shiny|100/100
|move|p1a: Great Tusk|Rapid Spin|p2a: Calamity
|-damage|p2a: Calamity|83/100
|-boost|p1a: Great Tusk|spe|1
|
|upkeep
|turn|14
|
|t:|1781071601
|-end|p1a: Great Tusk|Protosynthesis|[silent]
|switch|p1a: Cinderace|Cinderace, F|64/100
|-end|p2a: Calamity|Quark Drive|[silent]
|switch|p2a: Enten|Landorus-Therian, M, shiny|100/100
|-ability|p2a: Enten|Intimidate|boost
|-unboost|p1a: Cinderace|atk|1
|
|upkeep
|turn|15
|
|t:|1781071607
|move|p2a: Enten|Stone Edge|p1a: Cinderace
|-supereffective|p1a: Cinderace
|-damage|p1a: Cinderace|0 fnt
|faint|p1a: Cinderace
|
|upkeep
|
|t:|1781071609
|switch|p1a: Great Tusk|Great Tusk|84/100
|turn|16
|
|t:|1781071614
|switch|p2a: Calamity|Iron Valiant, shiny|83/100
|move|p1a: Great Tusk|Rapid Spin|p2a: Calamity
|-damage|p2a: Calamity|66/100
|-boost|p1a: Great Tusk|spe|1
|
|upkeep
|turn|17
|
|t:|1781071629
|-end|p2a: Calamity|Quark Drive|[silent]
|switch|p2a: Enten|Landorus-Therian, M, shiny|100/100
|-ability|p2a: Enten|Intimidate|boost
|-unboost|p1a: Great Tusk|atk|1
|move|p1a: Great Tusk|Headlong Rush|p2a: Enten
|-immune|p2a: Enten
|
|upkeep
|turn|18
|
|t:|1781071642
|move|p2a: Enten|Grass Knot|p1a: Great Tusk
|-supereffective|p1a: Great Tusk
|-damage|p1a: Great Tusk|4/100
|-damage|p2a: Enten|84/100|[from] item: Rocky Helmet|[of] p1a: Great Tusk
|move|p1a: Great Tusk|Stealth Rock|p2a: Enten
|-sidestart|p2: hawkins0|move: Stealth Rock
|
|upkeep
|turn|19
|
|t:|1781071653
|switch|p2a: Liberacy|Cinderace, M, shiny|100/100
|move|p1a: Great Tusk|Ice Spinner|p2a: Liberacy
|-resisted|p2a: Liberacy
|-damage|p2a: Liberacy|89/100
|
|upkeep
|turn|20
|
|t:|1781071670
|move|p2a: Liberacy|Sucker Punch|p1a: Great Tusk
|-start|p2a: Liberacy|typechange|Dark|[from] ability: Libero
|-resisted|p1a: Great Tusk
|-damage|p1a: Great Tusk|0 fnt
|-damage|p2a: Liberacy|73/100|[from] item: Rocky Helmet|[of] p1a: Great Tusk
|faint|p1a: Great Tusk
|-end|p1a: Great Tusk|Protosynthesis|[silent]
|
|upkeep
|
|t:|1781071675
|switch|p1a: Kyurem|Kyurem|100/100
|-ability|p1a: Kyurem|Pressure
|turn|21
|
|t:|1781071690
|move|p2a: Liberacy|Court Change|p2a: Liberacy
|-swapsideconditions
|-activate|p2a: Liberacy|move: Court Change
|move|p1a: Kyurem|Ice Beam|p2a: Liberacy
|-damage|p2a: Liberacy|0 fnt
|faint|p2a: Liberacy
|
|upkeep
|
|t:|1781071694
|switch|p2a: Calamity|Iron Valiant, shiny|66/100
|turn|22
|
|t:|1781071698
|-terastallize|p2a: Calamity|Fairy
|move|p2a: Calamity|Moonblast|p1a: Kyurem
|-supereffective|p1a: Kyurem
|-damage|p1a: Kyurem|0 fnt
|faint|p1a: Kyurem
|
|upkeep
|
|t:|1781071704
|switch|p1a: Tornadus|Tornadus-Therian, M|100/100
|-damage|p1a: Tornadus|76/100|[from] Stealth Rock
|turn|23
|
|t:|1781071712
|-end|p2a: Calamity|Quark Drive|[silent]
|switch|p2a: Enten|Landorus-Therian, M, shiny|84/100
|-ability|p2a: Enten|Intimidate|boost
|-unboost|p1a: Tornadus|atk|1
|move|p1a: Tornadus|Bleakwind Storm|p2a: Enten
|-damage|p2a: Enten|0 fnt
|faint|p2a: Enten
|-damage|p1a: Tornadus|66/100|[from] item: Life Orb
|
|upkeep
|
|t:|1781071714
|switch|p2a: Khaos|Hoopa-Unbound|100/100
|turn|24
|
|t:|1781071727
|move|p1a: Tornadus|Bleakwind Storm|p2a: Khaos
|-damage|p2a: Khaos|43/100
|-unboost|p2a: Khaos|spe|1
|-damage|p1a: Tornadus|56/100|[from] item: Life Orb
|move|p2a: Khaos|Drain Punch|p1a: Tornadus
|-resisted|p1a: Tornadus
|-damage|p1a: Tornadus|23/100
|-heal|p2a: Khaos|59/100|[from] drain|[of] p1a: Tornadus
|
|upkeep
|turn|25
|
|t:|1781071751
|move|p1a: Tornadus|Bleakwind Storm|p2a: Khaos
|-crit|p2a: Khaos
|-damage|p2a: Khaos|0 fnt
|faint|p2a: Khaos
|-damage|p1a: Tornadus|14/100|[from] item: Life Orb
|
|upkeep
|
|t:|1781071756
|switch|p2a: Calamity|Iron Valiant, shiny, tera:Fairy|66/100
|turn|26
|inactive|Battle timer is ON: inactive players will automatically lose when time's up. (requested by The real kurt tay)
|
|t:|1781071780
|move|p1a: Tornadus|Bleakwind Storm|p2a: Calamity
|-damage|p2a: Calamity|0 fnt
|faint|p2a: Calamity
|-end|p2a: Calamity|Quark Drive|[silent]
|-damage|p1a: Tornadus|4/100|[from] item: Life Orb
|
|win|The real kurt tay
|raw|The real kurt tay's rating: 1624 &rarr; <strong>1653</strong><br />(+29 for winning)
|raw|hawkins0's rating: 1797 &rarr; <strong>1768</strong><br />(-29 for losing)
|l|☆hawkins0
|player|p2|
|l|☆The real kurt tay
|player|p1|
