|j|☆electricdingdong
|j|☆The real kurt tay
|t:|1781095652
|gametype|singles
|player|p1|electricdingdong|pokekid|1590
|player|p2|The real kurt tay|2|1646
|gen|9
|tier|[Gen 9] OU
|rated|
|rule|HP Percentage Mod: HP is shown in percentages
|rule|Endless Battle Clause: Forcing endless battles is banned
|rule|Species Clause: Limit one of each Pokémon
|rule|OHKO Clause: OHKO moves are banned
|rule|Evasion Items Clause: Evasion items are banned
|rule|Evasion Moves Clause: Evasion moves are banned
|rule|Evasion Abilities Clause: Evasion abilities are banned
|rule|Sleep Moves Clause: Sleep-inducing moves are banned
|clearpoke
|poke|p1|Raikou|
|poke|p1|Iron Valiant|
|poke|p1|Pincurchin, F|
|poke|p1|Iron Moth|
|poke|p1|Cresselia, F|
|poke|p1|Hawlucha, M|
|poke|p2|Kyurem|
|poke|p2|Cinderace, F|
|poke|p2|Tornadus-Therian, M|
|poke|p2|Hatterene, F|
|poke|p2|Great Tusk|
|poke|p2|Kingambit, F|
|teampreview
|
|t:|1781095659
|teamsize|p1|6
|teamsize|p2|6
|start
|switch|p1a: Pincurchin|Pincurchin, F|100/100
|switch|p2a: Great Tusk|Great Tusk|100/100
|-fieldstart|move: Electric Terrain|[from] ability: Electric Surge|[of] p1a: Pincurchin
|turn|1
|
|t:|1781095662
|switch|p1a: Hawlucha|Hawlucha, M|100/100
|-enditem|p1a: Hawlucha|Electric Seed
|-boost|p1a: Hawlucha|def|1|[from] item: Electric Seed
|move|p2a: Great Tusk|Stealth Rock|p1a: Hawlucha
|-sidestart|p1: electricdingdong|move: Stealth Rock
|
|upkeep
|turn|2
|
|t:|1781095690
|-end|p2a: Great Tusk|Protosynthesis|[silent]
|switch|p2a: Kyurem|Kyurem|100/100
|-ability|p2a: Kyurem|Pressure
|move|p1a: Hawlucha|Swords Dance|p1a: Hawlucha
|-boost|p1a: Hawlucha|atk|2
|
|upkeep
|turn|3
|
|t:|1781095694
|-terastallize|p2a: Kyurem|Fairy
|move|p1a: Hawlucha|Close Combat|p2a: Kyurem
|-resisted|p2a: Kyurem
|-damage|p2a: Kyurem|48/100
|-unboost|p1a: Hawlucha|def|1
|-unboost|p1a: Hawlucha|spd|1
|move|p2a: Kyurem|Ice Beam|p1a: Hawlucha
|-supereffective|p1a: Hawlucha
|-damage|p1a: Hawlucha|0 fnt
|faint|p1a: Hawlucha
|
|upkeep
|inactive|Battle timer is ON: inactive players will automatically lose when time's up. (requested by The real kurt tay)
|
|t:|1781095723
|switch|p1a: Raikou|Raikou|100/100
|-damage|p1a: Raikou|88/100|[from] Stealth Rock
|-ability|p1a: Raikou|Pressure
|turn|4
|
|t:|1781095746
|move|p1a: Raikou|Calm Mind|p1a: Raikou
|-boost|p1a: Raikou|spa|1
|-boost|p1a: Raikou|spd|1
|move|p2a: Kyurem|Earth Power|p1a: Raikou
|-supereffective|p1a: Raikou
|-damage|p1a: Raikou|42/100
|
|upkeep
|turn|5
|
|t:|1781095753
|move|p1a: Raikou|Thunderbolt|p2a: Kyurem
|-damage|p2a: Kyurem|2/100
|move|p2a: Kyurem|Earth Power|p1a: Raikou
|-supereffective|p1a: Raikou
|-damage|p1a: Raikou|0 fnt
|faint|p1a: Raikou
|
|upkeep
|
|t:|1781095760
|switch|p1a: Iron Moth|Iron Moth|100/100
|-damage|p1a: Iron Moth|76/100|[from] Stealth Rock
|-activate|p1a: Iron Moth|ability: Quark Drive
|-start|p1a: Iron Moth|quarkdrivespe
|turn|6
|
|t:|1781095780
|move|p1a: Iron Moth|Fiery Dance|p2a: Kyurem
|-crit|p2a: Kyurem
|-damage|p2a: Kyurem|0 fnt
|-boost|p1a: Iron Moth|spa|1
|faint|p2a: Kyurem
|
|upkeep
|
|t:|1781095789
|switch|p2a: Great Tusk|Great Tusk|100/100
|turn|7
|
|t:|1781095792
|move|p1a: Iron Moth|Energy Ball|p2a: Great Tusk
|-supereffective|p2a: Great Tusk
|-damage|p2a: Great Tusk|0 fnt
|faint|p2a: Great Tusk
|-end|p2a: Great Tusk|Protosynthesis|[silent]
|
|upkeep
|l|☆The real kurt tay
|inactive|The real kurt tay disconnected and has a minute to reconnect!
|player|p2|
|j| have we gone
|inactive|The real kurt tay has 30 seconds to reconnect!
|inactive|The real kurt tay has 20 seconds to reconnect!
|inactive|The real kurt tay has 15 seconds to reconnect!
|inactive|The real kurt tay has 10 seconds to reconnect!
|inactive|The real kurt tay has 5 seconds to reconnect!
|-message|The real kurt tay lost due to inactivity.
|
|win|electricdingdong
|raw|electricdingdong's rating: 1590 &rarr; <strong>1613</strong><br />(+23 for winning)
|raw|The real kurt tay's rating: 1646 &rarr; <strong>1623</strong><br />(-23 for losing)
|l|☆electricdingdong
|player|p1|
