|j|‽Steelix is Glass
|j|☆Moistmakerjr
|t:|1781146959
|gametype|singles
|player|p1|Steelix is Glass|galacticgruntf|1685
|player|p2|Moistmakerjr|youngster-gen4dp|1654
|gen|9
|tier|[Gen 9] OU
|rated|
|rule|HP Percentage Mod: HP is shown in percentages
|rule|Endless Battle Clause: Forcing endless battles is banned
|rule|Species Clause: Limit one of each Pokémon
|rule|OHKO Clause: OHKO moves are banned
|rule|Evasion Items Clause: Evasion items are banned
|rule|Evasion Moves Clause: Evasion moves are banned
|rule|Evasion Abilities Clause: Evasion abilities are banned
|rule|Sleep Moves Clause: Sleep-inducing moves are banned
|clearpoke
|poke|p1|Ninetales-Alola, M|
|poke|p1|Klefki, M|
|poke|p1|Maushold-Four|
|poke|p1|Okidogi, M|
|poke|p1|Blaziken, F|
|poke|p1|Latias, F|
|poke|p2|Cloyster, F|
|poke|p2|Polteageist|
|poke|p2|Maushold|
|poke|p2|Dragonite, M|
|poke|p2|Kommo-o, F|
|poke|p2|Tornadus-Therian, M|
|teampreview
|inactive|Battle timer is ON: inactive players will automatically lose when time's up. (requested by Steelix is Glass)
|inactive|Moistmakerjr has 120 seconds left.
|inactive|Moistmakerjr has 90 seconds left.
|
|t:|1781147047
|teamsize|p1|6
|teamsize|p2|6
|start
|switch|p1a: Klefki|Klefki, M|100/100
|switch|p2a: Tornadus|Tornadus-Therian, M|100/100
|turn|1
|
|t:|1781147050
|move|p1a: Klefki|Thunder Wave|p2a: Tornadus
|-status|p2a: Tornadus|par
|cant|p2a: Tornadus|par
|
|upkeep
|turn|2
|
|t:|1781147055
|switch|p1a: Latias|Latias, F|100/100
|move|p2a: Tornadus|Knock Off|p1a: Latias
|-supereffective|p1a: Latias
|-damage|p1a: Latias|54/100
|-enditem|p1a: Latias|Weakness Policy
|-boost|p1a: Latias|atk|2|[from] item: Weakness Policy
|-boost|p1a: Latias|spa|2|[from] item: Weakness Policy
|-damage|p2a: Tornadus|91/100 par|[from] item: Life Orb
|
|upkeep
|turn|3
|
|t:|1781147067
|move|p1a: Latias|Stored Power|p2a: Tornadus
|-damage|p2a: Tornadus|0 fnt
|faint|p2a: Tornadus
|
|upkeep
|
|t:|1781147071
|switch|p2a: Polteageist|Polteageist|100/100
|turn|4
|
|t:|1781147074
|move|p1a: Latias|Stored Power|p2a: Polteageist
|-enditem|p2a: Polteageist|Focus Sash
|-damage|p2a: Polteageist|1/100
|move|p2a: Polteageist|Shell Smash|p2a: Polteageist
|-unboost|p2a: Polteageist|def|1
|-unboost|p2a: Polteageist|spd|1
|-boost|p2a: Polteageist|atk|2
|-boost|p2a: Polteageist|spa|2
|-boost|p2a: Polteageist|spe|2
|
|upkeep
|turn|5
|
|t:|1781147078
|move|p2a: Polteageist|Stored Power|p1a: Latias
|-resisted|p1a: Latias
|-damage|p1a: Latias|3/100
|move|p1a: Latias|Stored Power|p2a: Polteageist
|-damage|p2a: Polteageist|0 fnt
|faint|p2a: Polteageist
|
|upkeep
|
|t:|1781147083
|switch|p2a: Cloyster|Cloyster, F|100/100
|turn|6
|
|t:|1781147086
|move|p1a: Latias|Stored Power|p2a: Cloyster
|-enditem|p2a: Cloyster|Focus Sash
|-damage|p2a: Cloyster|1/100
|move|p2a: Cloyster|Shell Smash|p2a: Cloyster
|-unboost|p2a: Cloyster|def|1
|-unboost|p2a: Cloyster|spd|1
|-boost|p2a: Cloyster|atk|2
|-boost|p2a: Cloyster|spa|2
|-boost|p2a: Cloyster|spe|2
|
|upkeep
|turn|7
|
|t:|1781147088
|move|p2a: Cloyster|Icicle Spear|p1a: Latias
|-supereffective|p1a: Latias
|-damage|p1a: Latias|0 fnt
|faint|p1a: Latias
|-hitcount|p1: Latias|1
|
|upkeep
|
|t:|1781147089
|switch|p1a: Klefki|Klefki, M|100/100
|turn|8
|
|t:|1781147091
|move|p1a: Klefki|Reflect|p1a: Klefki
|-sidestart|p1: Steelix is Glass|Reflect
|move|p2a: Cloyster|Icicle Spear|p1a: Klefki
|-resisted|p1a: Klefki
|-damage|p1a: Klefki|95/100
|-resisted|p1a: Klefki
|-crit|p1a: Klefki
|-damage|p1a: Klefki|77/100
|-resisted|p1a: Klefki
|-damage|p1a: Klefki|71/100
|-resisted|p1a: Klefki
|-damage|p1a: Klefki|65/100
|-resisted|p1a: Klefki
|-damage|p1a: Klefki|59/100
|-hitcount|p1a: Klefki|5
|
|upkeep
|turn|9
|
|t:|1781147093
|move|p1a: Klefki|Thunder Wave|p2a: Cloyster
|-status|p2a: Cloyster|par
|move|p2a: Cloyster|Icicle Spear|p1a: Klefki
|-resisted|p1a: Klefki
|-damage|p1a: Klefki|52/100
|-resisted|p1a: Klefki
|-damage|p1a: Klefki|47/100
|-resisted|p1a: Klefki
|-damage|p1a: Klefki|41/100
|-resisted|p1a: Klefki
|-damage|p1a: Klefki|35/100
|-resisted|p1a: Klefki
|-damage|p1a: Klefki|29/100
|-hitcount|p1a: Klefki|5
|
|upkeep
|turn|10
|
|t:|1781147097
|switch|p1a: Ninetales|Ninetales-Alola, M|100/100
|-weather|Snowscape|[from] ability: Snow Warning|[of] p1a: Ninetales
|move|p2a: Cloyster|Icicle Spear|p1a: Ninetales
|-resisted|p1a: Ninetales
|-damage|p1a: Ninetales|96/100
|-resisted|p1a: Ninetales
|-damage|p1a: Ninetales|92/100
|-resisted|p1a: Ninetales
|-damage|p1a: Ninetales|88/100
|-resisted|p1a: Ninetales
|-damage|p1a: Ninetales|83/100
|-resisted|p1a: Ninetales
|-damage|p1a: Ninetales|79/100
|-hitcount|p1a: Ninetales|5
|
|-weather|Snowscape|[upkeep]
|upkeep
|turn|11
|
|t:|1781147099
|move|p1a: Ninetales|Freeze-Dry|p2a: Cloyster
|-damage|p2a: Cloyster|0 fnt
|faint|p2a: Cloyster
|
|-weather|Snowscape|[upkeep]
|upkeep
|
|t:|1781147105
|switch|p2a: Maushold|Maushold|100/100
|turn|12
|
|t:|1781147108
|move|p1a: Ninetales|Encore||[still]
|-fail|p1a: Ninetales
|move|p2a: Maushold|Tidy Up|p2a: Maushold
|-boost|p2a: Maushold|atk|1
|-boost|p2a: Maushold|spe|1
|
|-weather|Snowscape|[upkeep]
|upkeep
|turn|13
|
|t:|1781147113
|move|p2a: Maushold|Population Bomb|p1a: Ninetales
|-damage|p1a: Ninetales|72/100
|-damage|p1a: Ninetales|66/100
|-damage|p1a: Ninetales|59/100
|-damage|p1a: Ninetales|52/100
|-damage|p1a: Ninetales|45/100
|-damage|p1a: Ninetales|38/100
|-damage|p1a: Ninetales|31/100
|-damage|p1a: Ninetales|25/100
|-damage|p1a: Ninetales|18/100
|-damage|p1a: Ninetales|11/100
|-hitcount|p1a: Ninetales|10
|move|p1a: Ninetales|Freeze-Dry|p2a: Maushold
|-damage|p2a: Maushold|70/100
|
|-weather|Snowscape|[upkeep]
|upkeep
|turn|14
|j| EBT FOOD STAMPS
|
|t:|1781147118
|move|p2a: Maushold|Tidy Up|p2a: Maushold
|-boost|p2a: Maushold|atk|1
|-boost|p2a: Maushold|spe|1
|move|p1a: Ninetales|Freeze-Dry|p2a: Maushold
|-damage|p2a: Maushold|39/100
|
|-weather|none
|upkeep
|turn|15
|
|t:|1781147121
|move|p2a: Maushold|Population Bomb|p1a: Ninetales|[miss]
|-miss|p2a: Maushold|p1a: Ninetales
|move|p1a: Ninetales|Encore|p2a: Maushold
|-start|p2a: Maushold|Encore
|
|-sideend|p1: Steelix is Glass|Reflect
|upkeep
|turn|16
|
|t:|1781147125
|move|p2a: Maushold|Population Bomb|p1a: Ninetales
|-damage|p1a: Ninetales|0 fnt
|faint|p1a: Ninetales
|-hitcount|p1: Ninetales|1
|
|upkeep
|
|t:|1781147126
|switch|p1a: Klefki|Klefki, M|29/100
|turn|17
|
|t:|1781147128
|move|p1a: Klefki|Thunder Wave|p2a: Maushold
|-status|p2a: Maushold|par
|move|p2a: Maushold|Population Bomb|p1a: Klefki
|-resisted|p1a: Klefki
|-damage|p1a: Klefki|16/100
|-resisted|p1a: Klefki
|-damage|p1a: Klefki|5/100
|-resisted|p1a: Klefki
|-damage|p1a: Klefki|0 fnt
|faint|p1a: Klefki
|-hitcount|p1: Klefki|3
|
|upkeep
|
|t:|1781147130
|switch|p1a: Maushold|Maushold-Four|100/100
|turn|18
|
|t:|1781147132
|-terastallize|p1a: Maushold|Ghost
|cant|p2a: Maushold|par
|move|p1a: Maushold|Tidy Up|p1a: Maushold
|-boost|p1a: Maushold|atk|1
|-boost|p1a: Maushold|spe|1
|
|-end|p2a: Maushold|Encore
|upkeep
|turn|19
|
|t:|1781147137
|-terastallize|p2a: Maushold|Ghost
|move|p1a: Maushold|Encore|p2a: Maushold
|-start|p2a: Maushold|Encore
|move|p2a: Maushold|Population Bomb|p1a: Maushold
|-immune|p1a: Maushold
|
|upkeep
|turn|20
|-message|Moistmakerjr forfeited.
|
|win|Steelix is Glass
|raw|Steelix is Glass's rating: 1685 &rarr; <strong>1703</strong><br />(+18 for winning)
|raw|Moistmakerjr's rating: 1654 &rarr; <strong>1636</strong><br />(-18 for losing)
|l|☆Moistmakerjr
|player|p2|
|l|‽Steelix is Glass
|player|p1|
