|j|☆sonnald
|j|‽RadiantSol
|t:|1781345372
|gametype|singles
|player|p1|sonnald|steven|1639
|player|p2|RadiantSol|flint|1521
|gen|9
|tier|[Gen 9] OU
|rated|
|rule|HP Percentage Mod: HP is shown in percentages
|rule|Endless Battle Clause: Forcing endless battles is banned
|rule|Species Clause: Limit one of each Pokémon
|rule|OHKO Clause: OHKO moves are banned
|rule|Evasion Items Clause: Evasion items are banned
|rule|Evasion Moves Clause: Evasion moves are banned
|rule|Evasion Abilities Clause: Evasion abilities are banned
|rule|Sleep Moves Clause: Sleep-inducing moves are banned
|clearpoke
|poke|p1|Garchomp, M|
|poke|p1|Darkrai|
|poke|p1|Gholdengo|
|poke|p1|Ogerpon-Wellspring, F|
|poke|p1|Iron Valiant|
|poke|p1|Iron Treads|
|poke|p2|Espeon, F|
|poke|p2|Talonflame, F|
|poke|p2|Lapras, F|
|poke|p2|Ninetales-Alola, F|
|poke|p2|Muk-Alola, F|
|poke|p2|Quagsire, F|
|teampreview
|inactive|Battle timer is ON: inactive players will automatically lose when time's up. (requested by RadiantSol)
|
|t:|1781345396
|teamsize|p1|6
|teamsize|p2|6
|start
|switch|p1a: Gholdengo|Gholdengo|100/100
|switch|p2a: Ninetales|Ninetales-Alola, F, shiny|100/100
|-weather|Snowscape|[from] ability: Snow Warning|[of] p2a: Ninetales
|-item|p1a: Gholdengo|Air Balloon
|turn|1
|
|t:|1781345409
|switch|p2a: Muk|Muk-Alola, F, shiny|100/100
|move|p1a: Gholdengo|Make It Rain|p2a: Muk
|-damage|p2a: Muk|69/100
|-unboost|p1a: Gholdengo|spa|1
|
|-weather|Snowscape|[upkeep]
|-heal|p2a: Muk|75/100|[from] item: Black Sludge
|upkeep
|turn|2
|
|t:|1781345430
|switch|p1a: Garchomp|Garchomp, M|100/100
|move|p2a: Muk|Knock Off|p1a: Garchomp
|-damage|p1a: Garchomp|78/100
|-damage|p2a: Muk|63/100|[from] ability: Rough Skin|[of] p1a: Garchomp
|-damage|p2a: Muk|46/100|[from] item: Rocky Helmet|[of] p1a: Garchomp
|-enditem|p1a: Garchomp|Rocky Helmet|[from] move: Knock Off|[of] p2a: Muk
|
|-weather|Snowscape|[upkeep]
|-heal|p2a: Muk|52/100|[from] item: Black Sludge
|upkeep
|turn|3
|
|t:|1781345448
|switch|p1a: Darkrai|Darkrai|100/100
|switch|p2a: Quagsire|Quagsire, F, shiny|100/100
|
|-weather|Snowscape|[upkeep]
|upkeep
|turn|4
|
|t:|1781345455
|switch|p2a: Muk|Muk-Alola, F, shiny|52/100
|move|p1a: Darkrai|Dark Pulse|p2a: Muk
|-resisted|p2a: Muk
|-damage|p2a: Muk|40/100
|
|-weather|Snowscape|[upkeep]
|-heal|p2a: Muk|46/100|[from] item: Black Sludge
|upkeep
|turn|5
|
|t:|1781345464
|switch|p1a: Garchomp|Garchomp, M|78/100
|move|p2a: Muk|Knock Off|p1a: Garchomp
|-damage|p1a: Garchomp|63/100
|-damage|p2a: Muk|34/100|[from] ability: Rough Skin|[of] p1a: Garchomp
|
|-weather|none
|-heal|p2a: Muk|40/100|[from] item: Black Sludge
|upkeep
|turn|6
|
|t:|1781345470
|move|p2a: Muk|Protect|p2a: Muk
|-singleturn|p2a: Muk|Protect
|move|p1a: Garchomp|Earthquake|p2a: Muk
|-activate|p2a: Muk|move: Protect
|
|-heal|p2a: Muk|46/100|[from] item: Black Sludge
|upkeep
|turn|7
|
|t:|1781345476
|switch|p2a: Quagsire|Quagsire, F, shiny|100/100
|move|p1a: Garchomp|Earthquake|p2a: Quagsire
|-damage|p2a: Quagsire|71/100
|
|upkeep
|turn|8
|
|t:|1781345498
|switch|p1a: Ogerpon|Ogerpon-Wellspring, F|100/100
|move|p2a: Quagsire|Toxic Spikes|p1a: Ogerpon
|-sidestart|p1: sonnald|move: Toxic Spikes
|
|upkeep
|turn|9
|inactive|sonnald has 120 seconds left.
|
|t:|1781345519
|switch|p2a: Ninetales|Ninetales-Alola, F, shiny|100/100
|-weather|Snowscape|[from] ability: Snow Warning|[of] p2a: Ninetales
|move|p1a: Ogerpon|Swords Dance|p1a: Ogerpon
|-boost|p1a: Ogerpon|atk|2
|
|-weather|Snowscape|[upkeep]
|upkeep
|turn|10
|inactive|sonnald has 120 seconds left.
|
|t:|1781345533
|move|p1a: Ogerpon|Ivy Cudgel|p2a: Ninetales|[anim] Ivy Cudgel Water
|-damage|p2a: Ninetales|12/100
|move|p2a: Ninetales|Freeze-Dry|p1a: Ogerpon
|-supereffective|p1a: Ogerpon
|-damage|p1a: Ogerpon|18/100
|
|-weather|Snowscape|[upkeep]
|upkeep
|turn|11
|inactive|sonnald has 120 seconds left.
|
|t:|1781345553
|move|p1a: Ogerpon|Ivy Cudgel|p2a: Ninetales|[anim] Ivy Cudgel Water
|-damage|p2a: Ninetales|0 fnt
|faint|p2a: Ninetales
|
|-weather|Snowscape|[upkeep]
|upkeep
|
|t:|1781345559
|switch|p2a: Talonflame|Talonflame, F|100/100
|turn|12
|inactive|sonnald has 120 seconds left.
|
|t:|1781345571
|switch|p1a: Garchomp|Garchomp, M|63/100
|-status|p1a: Garchomp|psn
|move|p2a: Talonflame|Flamethrower|p1a: Garchomp
|-resisted|p1a: Garchomp
|-damage|p1a: Garchomp|52/100 psn
|
|-weather|Snowscape|[upkeep]
|-damage|p1a: Garchomp|40/100 psn|[from] psn
|upkeep
|turn|13
|inactive|sonnald has 120 seconds left.
|
|t:|1781345582
|move|p2a: Talonflame|Protect|p2a: Talonflame
|-singleturn|p2a: Talonflame|Protect
|move|p1a: Garchomp|Stealth Rock|p2a: Talonflame
|-sidestart|p2: RadiantSol|move: Stealth Rock
|
|-weather|none
|-damage|p1a: Garchomp|27/100 psn|[from] psn
|upkeep
|turn|14
|inactive|sonnald has 120 seconds left.
|
|t:|1781345594
|move|p2a: Talonflame|Defog|p1a: Garchomp
|-unboost|p1a: Garchomp|evasion|1
|-sideend|p1: sonnald|Toxic Spikes|[from] move: Defog|[of] p2a: Talonflame
|-sideend|p2: RadiantSol|Stealth Rock|[from] move: Defog|[of] p2a: Talonflame
|move|p1a: Garchomp|Dragon Tail|p2a: Talonflame
|-damage|p2a: Talonflame|72/100
|drag|p2a: Lapras|Lapras, F|100/100
|
|-damage|p1a: Garchomp|15/100 psn|[from] psn
|upkeep
|turn|15
|inactive|sonnald has 120 seconds left.
|
|t:|1781345611
|switch|p1a: Gholdengo|Gholdengo|100/100
|-item|p1a: Gholdengo|Air Balloon
|switch|p2a: Talonflame|Talonflame, F|72/100
|
|upkeep
|turn|16
|inactive|sonnald has 120 seconds left.
|
|t:|1781345635
|move|p2a: Talonflame|Flamethrower|p1a: Gholdengo
|-supereffective|p1a: Gholdengo
|-damage|p1a: Gholdengo|55/100
|-status|p1a: Gholdengo|brn
|-enditem|p1a: Gholdengo|Air Balloon
|move|p1a: Gholdengo|Thunder Wave|p2a: Talonflame
|-status|p2a: Talonflame|par
|
|-damage|p1a: Gholdengo|49/100 brn|[from] brn
|upkeep
|turn|17
|
|t:|1781345643
|move|p1a: Gholdengo|Recover|p1a: Gholdengo
|-heal|p1a: Gholdengo|99/100 brn
|move|p2a: Talonflame|Roost|p2a: Talonflame
|-heal|p2a: Talonflame|100/100 par
|-singleturn|p2a: Talonflame|move: Roost
|
|-damage|p1a: Gholdengo|93/100 brn|[from] brn
|upkeep
|turn|18
|
|t:|1781345657
|switch|p1a: Garchomp|Garchomp, M|15/100 psn
|switch|p2a: Muk|Muk-Alola, F, shiny|46/100
|
|-heal|p2a: Muk|52/100|[from] item: Black Sludge
|-damage|p1a: Garchomp|3/100 psn|[from] psn
|upkeep
|turn|19
|inactive|sonnald has 120 seconds left.
|
|t:|1781345663
|move|p2a: Muk|Shadow Sneak|p1a: Garchomp
|-damage|p1a: Garchomp|0 fnt
|-damage|p2a: Muk|39/100|[from] ability: Rough Skin|[of] p1a: Garchomp
|faint|p1a: Garchomp
|
|-heal|p2a: Muk|45/100|[from] item: Black Sludge
|upkeep
|inactive|sonnald has 120 seconds left.
|
|t:|1781345671
|switch|p1a: Iron Treads|Iron Treads|100/100
|turn|20
|
|t:|1781345677
|switch|p2a: Talonflame|Talonflame, F|100/100 par
|move|p1a: Iron Treads|Knock Off|p2a: Talonflame
|-damage|p2a: Talonflame|75/100 par
|-status|p1a: Iron Treads|brn|[from] ability: Flame Body|[of] p2a: Talonflame
|-enditem|p2a: Talonflame|Heavy-Duty Boots|[from] move: Knock Off|[of] p1a: Iron Treads
|
|-damage|p1a: Iron Treads|95/100 brn|[from] brn
|upkeep
|turn|21
|inactive|sonnald has 120 seconds left.
|
|t:|1781345709
|-end|p1a: Iron Treads|Quark Drive|[silent]
|switch|p1a: Gholdengo|Gholdengo|93/100 brn
|move|p2a: Talonflame|Flamethrower|p1a: Gholdengo
|-supereffective|p1a: Gholdengo
|-damage|p1a: Gholdengo|50/100 brn
|
|-damage|p1a: Gholdengo|44/100 brn|[from] brn
|upkeep
|turn|22
|
|t:|1781345729
|switch|p2a: Espeon|Espeon, F, shiny|100/100
|move|p1a: Gholdengo|Recover|p1a: Gholdengo
|-heal|p1a: Gholdengo|94/100 brn
|
|-damage|p1a: Gholdengo|88/100 brn|[from] brn
|upkeep
|turn|23
|inactive|sonnald has 120 seconds left.
|
|t:|1781345741
|switch|p1a: Iron Treads|Iron Treads|95/100 brn
|move|p2a: Espeon|Calm Mind|p2a: Espeon
|-boost|p2a: Espeon|spa|1
|-boost|p2a: Espeon|spd|1
|
|-heal|p1a: Iron Treads|100/100 brn|[from] item: Leftovers
|-damage|p1a: Iron Treads|95/100 brn|[from] brn
|upkeep
|turn|24
|inactive|sonnald has 120 seconds left.
|
|t:|1781345758
|switch|p2a: Quagsire|Quagsire, F, shiny|71/100
|-end|p1a: Iron Treads|Quark Drive|[silent]
|switch|p1a: Iron Valiant|Iron Valiant|100/100
|-enditem|p1a: Iron Valiant|Booster Energy
|-activate|p1a: Iron Valiant|ability: Quark Drive|[fromitem]
|-start|p1a: Iron Valiant|quarkdrivespe
|
|upkeep
|turn|25
|inactive|sonnald has 120 seconds left.
|
|t:|1781345791
|-end|p1a: Iron Valiant|Quark Drive|[silent]
|switch|p1a: Iron Treads|Iron Treads|95/100 brn
|switch|p2a: Muk|Muk-Alola, F, shiny|45/100
|
|-heal|p1a: Iron Treads|100/100 brn|[from] item: Leftovers
|-heal|p2a: Muk|51/100|[from] item: Black Sludge
|-damage|p1a: Iron Treads|95/100 brn|[from] brn
|upkeep
|turn|26
|
|t:|1781345802
|-end|p1a: Iron Treads|Quark Drive|[silent]
|switch|p1a: Ogerpon|Ogerpon-Wellspring, F|18/100
|move|p2a: Muk|Knock Off|p1a: Ogerpon
|-damage|p1a: Ogerpon|0 fnt
|faint|p1a: Ogerpon
|
|-heal|p2a: Muk|58/100|[from] item: Black Sludge
|upkeep
|inactive|sonnald has 90 seconds left.
|
|t:|1781345813
|switch|p1a: Iron Treads|Iron Treads|95/100 brn
|turn|27
|
|t:|1781345818
|move|p2a: Muk|Protect|p2a: Muk
|-singleturn|p2a: Muk|Protect
|move|p1a: Iron Treads|Earthquake|p2a: Muk
|-activate|p2a: Muk|move: Protect
|
|-heal|p1a: Iron Treads|100/100 brn|[from] item: Leftovers
|-heal|p2a: Muk|64/100|[from] item: Black Sludge
|-damage|p1a: Iron Treads|95/100 brn|[from] brn
|upkeep
|turn|28
|inactive|sonnald has 90 seconds left.
|
|t:|1781345847
|-end|p1a: Iron Treads|Quark Drive|[silent]
|switch|p1a: Gholdengo|Gholdengo|88/100 brn
|switch|p2a: Quagsire|Quagsire, F, shiny|71/100
|
|-damage|p1a: Gholdengo|82/100 brn|[from] brn
|upkeep
|turn|29
|inactive|sonnald has 90 seconds left.
|
|t:|1781345867
|move|p1a: Gholdengo|Hex|p2a: Quagsire
|-damage|p2a: Quagsire|35/100
|move|p2a: Quagsire|Toxic Spikes|p1a: Gholdengo
|-sidestart|p1: sonnald|move: Toxic Spikes
|
|-damage|p1a: Gholdengo|76/100 brn|[from] brn
|upkeep
|turn|30
|j| Lokoshin
|
|t:|1781345887
|switch|p2a: Lapras|Lapras, F|100/100
|move|p1a: Gholdengo|Hex|p2a: Lapras
|-damage|p2a: Lapras|71/100
|
|-damage|p1a: Gholdengo|69/100 brn|[from] brn
|upkeep
|turn|31
|
|t:|1781345896
|move|p2a: Lapras|Dragon Dance|p2a: Lapras
|-boost|p2a: Lapras|atk|1
|-boost|p2a: Lapras|spe|1
|move|p1a: Gholdengo|Thunder Wave|p2a: Lapras
|-status|p2a: Lapras|par
|-enditem|p2a: Lapras|Lum Berry|[eat]
|-curestatus|p2a: Lapras|par|[msg]
|
|-damage|p1a: Gholdengo|63/100 brn|[from] brn
|upkeep
|turn|32
|
|t:|1781345920
|-terastallize|p2a: Lapras|Ground
|move|p2a: Lapras|Earthquake|p1a: Gholdengo
|-supereffective|p1a: Gholdengo
|-damage|p1a: Gholdengo|0 fnt
|faint|p1a: Gholdengo
|
|upkeep
|inactive|sonnald has 60 seconds left.
|
|t:|1781345938
|switch|p1a: Darkrai|Darkrai|100/100
|turn|33
|inactive|sonnald has 60 seconds left.
|
|t:|1781345957
|move|p1a: Darkrai|Ice Beam|p2a: Lapras
|-supereffective|p2a: Lapras
|-damage|p2a: Lapras|12/100
|move|p2a: Lapras|Dragon Dance|p2a: Lapras
|-boost|p2a: Lapras|atk|1
|-boost|p2a: Lapras|spe|1
|
|upkeep
|turn|34
|inactive|sonnald has 60 seconds left.
|
|t:|1781345972
|move|p2a: Lapras|Earthquake|p1a: Darkrai
|-damage|p1a: Darkrai|0 fnt
|faint|p1a: Darkrai
|
|upkeep
|c|☆sonnald|12%
|c|☆sonnald|kek
|
|t:|1781345985
|switch|p1a: Iron Valiant|Iron Valiant|100/100
|-status|p1a: Iron Valiant|psn
|turn|35
|
|t:|1781345992
|move|p2a: Lapras|Earthquake|p1a: Iron Valiant
|-damage|p1a: Iron Valiant|0 fnt
|faint|p1a: Iron Valiant
|-end|p1a: Iron Valiant|Quark Drive|[silent]
|
|upkeep
|
|t:|1781345995
|switch|p1a: Iron Treads|Iron Treads|95/100 brn
|turn|36
|-message|sonnald forfeited.
|
|win|RadiantSol
|raw|sonnald's rating: 1639 &rarr; <strong>1612</strong><br />(-27 for losing)
|raw|RadiantSol's rating: 1521 &rarr; <strong>1548</strong><br />(+27 for winning)
|l|☆sonnald
|player|p1|
|l|‽RadiantSol
|player|p2|
|l| Lokoshin
