|j|☆lolcano46
|j|☆DuckyBro
|t:|1781046710
|gametype|singles
|player|p1|lolcano46|fisherman-gen4|1670
|player|p2|DuckyBro|dragontamer|1629
|gen|9
|tier|[Gen 9] OU
|rated|
|rule|HP Percentage Mod: HP is shown in percentages
|rule|Endless Battle Clause: Forcing endless battles is banned
|rule|Species Clause: Limit one of each Pokémon
|rule|OHKO Clause: OHKO moves are banned
|rule|Evasion Items Clause: Evasion items are banned
|rule|Evasion Moves Clause: Evasion moves are banned
|rule|Evasion Abilities Clause: Evasion abilities are banned
|rule|Sleep Moves Clause: Sleep-inducing moves are banned
|clearpoke
|poke|p1|Azelf|
|poke|p1|Ogerpon-Wellspring, F|
|poke|p1|Scizor, F|
|poke|p1|Gengar, M|
|poke|p1|Raging Bolt|
|poke|p1|Cinderace, F|
|poke|p2|Cinderace, F|
|poke|p2|Dondozo, M|
|poke|p2|Zapdos|
|poke|p2|Garchomp, F|
|poke|p2|Kyurem|
|poke|p2|Volcanion|
|teampreview
|inactive|Battle timer is ON: inactive players will automatically lose when time's up. (requested by lolcano46)
|
|t:|1781046724
|teamsize|p1|6
|teamsize|p2|6
|start
|switch|p1a: Gengar|Gengar, M|100/100
|switch|p2a: Garchomp|Garchomp, F|100/100
|turn|1
|
|t:|1781046730
|move|p1a: Gengar|Trick|p2a: Garchomp
|-activate|p1a: Gengar|move: Trick|[of] p2a: Garchomp
|-item|p2a: Garchomp|Choice Scarf|[from] move: Trick
|-item|p1a: Gengar|Loaded Dice|[from] move: Trick
|move|p2a: Garchomp|Earthquake|p1a: Gengar
|-supereffective|p1a: Gengar
|-damage|p1a: Gengar|0 fnt
|-start|p2a: Garchomp|Disable|Earthquake|[from] ability: Cursed Body|[of] p1a: Gengar
|faint|p1a: Gengar
|
|upkeep
|
|t:|1781046737
|switch|p1a: Raging Bolt|Raging Bolt|100/100
|-enditem|p1a: Raging Bolt|Booster Energy
|-activate|p1a: Raging Bolt|ability: Protosynthesis|[fromitem]
|-start|p1a: Raging Bolt|protosynthesisspa
|turn|2
|
|t:|1781046741
|switch|p2a: Volcanion|Volcanion|100/100
|move|p1a: Raging Bolt|Calm Mind|p1a: Raging Bolt
|-boost|p1a: Raging Bolt|spa|1
|-boost|p1a: Raging Bolt|spd|1
|
|upkeep
|turn|3
|
|t:|1781046752
|-terastallize|p2a: Volcanion|Ground
|move|p1a: Raging Bolt|Dragon Pulse|p2a: Volcanion
|-damage|p2a: Volcanion|29/100
|move|p2a: Volcanion|Scorching Sands|p1a: Raging Bolt
|-supereffective|p1a: Raging Bolt
|-damage|p1a: Raging Bolt|53/100
|
|upkeep
|turn|4
|
|t:|1781046756
|move|p1a: Raging Bolt|Dragon Pulse|p2a: Volcanion
|-damage|p2a: Volcanion|0 fnt
|faint|p2a: Volcanion
|
|upkeep
|
|t:|1781046758
|switch|p2a: Garchomp|Garchomp, F|100/100
|turn|5
|
|t:|1781046767
|-end|p1a: Raging Bolt|Protosynthesis|[silent]
|switch|p1a: Scizor|Scizor, F|100/100
|move|p2a: Garchomp|Earthquake|p1a: Scizor
|-damage|p1a: Scizor|36/100
|
|upkeep
|turn|6
|
|t:|1781046769
|switch|p1a: Azelf|Azelf|100/100
|move|p2a: Garchomp|Earthquake|p1a: Azelf
|-immune|p1a: Azelf|[from] ability: Levitate
|
|upkeep
|turn|7
|
|t:|1781046773
|switch|p2a: Zapdos|Zapdos|100/100
|move|p1a: Azelf|Mystical Power|p2a: Zapdos
|-damage|p2a: Zapdos|59/100
|-boost|p1a: Azelf|spa|1
|
|upkeep
|turn|8
|
|t:|1781046776
|move|p1a: Azelf|Mystical Power|p2a: Zapdos
|-damage|p2a: Zapdos|1/100
|-boost|p1a: Azelf|spa|1
|move|p2a: Zapdos|Hurricane|p1a: Azelf|[miss]
|-miss|p2a: Zapdos|p1a: Azelf
|
|upkeep
|turn|9
|
|t:|1781046783
|move|p1a: Azelf|Mystical Power|p2a: Zapdos
|-damage|p2a: Zapdos|0 fnt
|-boost|p1a: Azelf|spa|1
|faint|p2a: Zapdos
|
|upkeep
|
|t:|1781046787
|switch|p2a: Cinderace|Cinderace, F|100/100
|turn|10
|
|t:|1781046795
|-terastallize|p1a: Azelf|Fairy
|move|p2a: Cinderace|Sucker Punch|p1a: Azelf
|-start|p2a: Cinderace|typechange|Dark|[from] ability: Libero
|-resisted|p1a: Azelf
|-damage|p1a: Azelf|73/100
|move|p1a: Azelf|Dazzling Gleam|p2a: Cinderace
|-supereffective|p2a: Cinderace
|-damage|p2a: Cinderace|0 fnt
|faint|p2a: Cinderace
|
|upkeep
|
|t:|1781046798
|switch|p2a: Dondozo|Dondozo, M|100/100
|turn|11
|
|t:|1781046801
|move|p1a: Azelf|Thunderbolt|p2a: Dondozo
|-supereffective|p2a: Dondozo
|-damage|p2a: Dondozo|36/100
|move|p2a: Dondozo|Liquidation|p1a: Azelf
|-damage|p1a: Azelf|26/100
|-unboost|p1a: Azelf|def|1
|
|upkeep
|turn|12
|
|t:|1781046804
|move|p1a: Azelf|Thunderbolt|p2a: Dondozo
|-supereffective|p2a: Dondozo
|-damage|p2a: Dondozo|0 fnt
|faint|p2a: Dondozo
|
|upkeep
|
|t:|1781046806
|switch|p2a: Garchomp|Garchomp, F|100/100
|turn|13
|
|t:|1781046810
|move|p2a: Garchomp|Iron Head|p1a: Azelf
|-supereffective|p1a: Azelf
|-damage|p1a: Azelf|0 fnt
|faint|p1a: Azelf
|
|upkeep
|
|t:|1781046812
|switch|p1a: Ogerpon|Ogerpon-Wellspring, F|100/100
|turn|14
|
|t:|1781046816
|switch|p2a: Kyurem|Kyurem|100/100
|-ability|p2a: Kyurem|Pressure
|move|p1a: Ogerpon|Swords Dance|p1a: Ogerpon
|-boost|p1a: Ogerpon|atk|2
|
|upkeep
|turn|15
|
|t:|1781046818
|move|p1a: Ogerpon|Play Rough|p2a: Kyurem
|-supereffective|p2a: Kyurem
|-damage|p2a: Kyurem|0 fnt
|faint|p2a: Kyurem
|
|upkeep
|
|t:|1781046821
|switch|p2a: Garchomp|Garchomp, F|100/100
|turn|16
|
|t:|1781046831
|move|p2a: Garchomp|Scale Shot|p1a: Ogerpon
|-damage|p1a: Ogerpon|80/100
|-damage|p1a: Ogerpon|60/100
|-crit|p1a: Ogerpon
|-damage|p1a: Ogerpon|33/100
|-hitcount|p1a: Ogerpon|3
|-unboost|p2a: Garchomp|def|1
|-boost|p2a: Garchomp|spe|1
|move|p1a: Ogerpon|Ivy Cudgel|p2a: Garchomp|[anim] Ivy Cudgel Water
|-damage|p2a: Garchomp|0 fnt
|faint|p2a: Garchomp
|
|win|lolcano46
|raw|lolcano46's rating: 1670 &rarr; <strong>1688</strong><br />(+18 for winning)
|raw|DuckyBro's rating: 1629 &rarr; <strong>1611</strong><br />(-18 for losing)
|l|☆DuckyBro
|player|p2|
|l|☆lolcano46
|player|p1|
