|j|☆rubenpace
|j|☆Palm X
|t:|1780946800
|gametype|singles
|player|p1|rubenpace|n|1521
|player|p2|Palm X|caitlin|1665
|gen|9
|tier|[Gen 9] OU
|rated|
|rule|HP Percentage Mod: HP is shown in percentages
|rule|Endless Battle Clause: Forcing endless battles is banned
|rule|Species Clause: Limit one of each Pokémon
|rule|OHKO Clause: OHKO moves are banned
|rule|Evasion Items Clause: Evasion items are banned
|rule|Evasion Moves Clause: Evasion moves are banned
|rule|Evasion Abilities Clause: Evasion abilities are banned
|rule|Sleep Moves Clause: Sleep-inducing moves are banned
|clearpoke
|poke|p1|Garganacl, F|
|poke|p1|Dragapult, F|
|poke|p1|Ogerpon-Wellspring, F|
|poke|p1|Moltres|
|poke|p1|Zamazenta-*|
|poke|p1|Iron Treads|
|poke|p2|Dragapult, F|
|poke|p2|Zamazenta-*|
|poke|p2|Slowking-Galar, F|
|poke|p2|Moltres|
|poke|p2|Ting-Lu|
|poke|p2|Weezing-Galar, F|
|teampreview
|inactive|Battle timer is ON: inactive players will automatically lose when time's up. (requested by Palm X)
|
|t:|1780946811
|teamsize|p1|6
|teamsize|p2|6
|start
|switch|p1a: Garganacl|Garganacl, F|100/100
|switch|p2a: BoySlowDown😭😂✌️|Slowking-Galar, F, shiny|100/100
|turn|1
|
|t:|1780946814
|move|p1a: Garganacl|Iron Defense|p1a: Garganacl
|-boost|p1a: Garganacl|def|2
|move|p2a: BoySlowDown😭😂✌️|Future Sight|p1a: Garganacl
|-start|p2a: BoySlowDown😭😂✌️|move: Future Sight
|
|upkeep
|turn|2
|
|t:|1780946817
|move|p1a: Garganacl|Iron Defense|p1a: Garganacl
|-boost|p1a: Garganacl|def|2
|-prepare|p2a: BoySlowDown😭😂✌️|Chilly Reception|[premajor]
|move|p2a: BoySlowDown😭😂✌️|Chilly Reception|p2a: BoySlowDown😭😂✌️
|-weather|Snowscape
|
|t:|1780946820
|switch|p2a: Perc Nowitzki|Weezing-Galar, F|100/100|[from] Chilly Reception
|-ability|p2a: Perc Nowitzki|Neutralizing Gas
|
|-weather|Snowscape|[upkeep]
|upkeep
|turn|3
|j| Palladium1
|
|t:|1780946826
|switch|p1a: Moltres|Moltres|100/100
|move|p2a: Perc Nowitzki|Will-O-Wisp|p1a: Moltres
|-immune|p1a: Moltres
|
|-weather|Snowscape|[upkeep]
|-end|p1a: Moltres|move: Future Sight
|-damage|p1a: Moltres|65/100
|upkeep
|turn|4
|
|t:|1780946834
|-end|p2a: Perc Nowitzki|ability: Neutralizing Gas
|switch|p2a: BoySlowDown😭😂✌️|Slowking-Galar, F, shiny|100/100
|move|p1a: Moltres|Flamethrower|p2a: BoySlowDown😭😂✌️
|-damage|p2a: BoySlowDown😭😂✌️|79/100
|
|-weather|Snowscape|[upkeep]
|upkeep
|turn|5
|
|t:|1780946839
|move|p1a: Moltres|Will-O-Wisp|p2a: BoySlowDown😭😂✌️
|-status|p2a: BoySlowDown😭😂✌️|brn
|move|p2a: BoySlowDown😭😂✌️|Toxic|p1a: Moltres
|-status|p1a: Moltres|tox
|
|-weather|Snowscape|[upkeep]
|-damage|p1a: Moltres|59/100 tox|[from] psn
|-damage|p2a: BoySlowDown😭😂✌️|73/100 brn|[from] brn
|upkeep
|turn|6
|
|t:|1780946847
|switch|p1a: Dragapult|Dragapult, F|100/100
|move|p2a: BoySlowDown😭😂✌️|Future Sight|p1a: Dragapult
|-start|p2a: BoySlowDown😭😂✌️|move: Future Sight
|
|-weather|none
|-damage|p2a: BoySlowDown😭😂✌️|67/100 brn|[from] brn
|upkeep
|turn|7
|
|t:|1780946852
|switch|p2a: LuLu on dat BUTT|Ting-Lu|100/100
|-ability|p2a: LuLu on dat BUTT|Vessel of Ruin
|move|p1a: Dragapult|Hex|p2a: LuLu on dat BUTT
|-resisted|p2a: LuLu on dat BUTT
|-damage|p2a: LuLu on dat BUTT|94/100
|
|-heal|p2a: LuLu on dat BUTT|99/100|[from] item: Leftovers
|upkeep
|turn|8
|
|t:|1780946858
|move|p1a: Dragapult|U-turn|p2a: LuLu on dat BUTT
|-supereffective|p2a: LuLu on dat BUTT
|-damage|p2a: LuLu on dat BUTT|82/100
|l| Palladium1
|
|t:|1780946880
|switch|p1a: Ogerpon|Ogerpon-Wellspring, F|100/100|[from] U-turn
|move|p2a: LuLu on dat BUTT|Ruination|p1a: Ogerpon
|-damage|p1a: Ogerpon|51/100
|
|-end|p1a: Ogerpon|move: Future Sight
|-damage|p1a: Ogerpon|17/100
|-heal|p2a: LuLu on dat BUTT|88/100|[from] item: Leftovers
|upkeep
|turn|9
|
|t:|1780946889
|switch|p2a: Dragoonette|Dragapult, F, shiny|100/100
|move|p1a: Ogerpon|Synthesis|p1a: Ogerpon
|-heal|p1a: Ogerpon|67/100
|
|upkeep
|turn|10
|
|t:|1780946895
|switch|p1a: Garganacl|Garganacl, F|100/100
|move|p2a: Dragoonette|U-turn|p1a: Garganacl
|-damage|p1a: Garganacl|88/100
|
|t:|1780946897
|switch|p2a: Perc Nowitzki|Weezing-Galar, F|100/100|[from] U-turn
|-ability|p2a: Perc Nowitzki|Neutralizing Gas
|
|-heal|p1a: Garganacl|94/100|[from] item: Leftovers
|upkeep
|turn|11
|
|t:|1780946903
|move|p2a: Perc Nowitzki|Will-O-Wisp|p1a: Garganacl
|-status|p1a: Garganacl|brn
|move|p1a: Garganacl|Salt Cure|p2a: Perc Nowitzki
|-damage|p2a: Perc Nowitzki|96/100
|-start|p2a: Perc Nowitzki|Salt Cure
|
|-heal|p1a: Garganacl|99/100 brn|[from] item: Leftovers
|-damage|p1a: Garganacl|94/100 brn|[from] brn
|-damage|p2a: Perc Nowitzki|84/100|[from] Salt Cure
|upkeep
|turn|12
|
|t:|1780946905
|move|p2a: Perc Nowitzki|Strange Steam|p1a: Garganacl
|-damage|p1a: Garganacl|76/100 brn
|move|p1a: Garganacl|Iron Defense|p1a: Garganacl
|-boost|p1a: Garganacl|def|2
|
|-heal|p1a: Garganacl|82/100 brn|[from] item: Leftovers
|-damage|p1a: Garganacl|76/100 brn|[from] brn
|-damage|p2a: Perc Nowitzki|71/100|[from] Salt Cure
|upkeep
|turn|13
|
|t:|1780946909
|move|p2a: Perc Nowitzki|Strange Steam|p1a: Garganacl|[miss]
|-miss|p2a: Perc Nowitzki|p1a: Garganacl
|move|p1a: Garganacl|Iron Defense|p1a: Garganacl
|-boost|p1a: Garganacl|def|2
|
|-heal|p1a: Garganacl|82/100 brn|[from] item: Leftovers
|-damage|p1a: Garganacl|76/100 brn|[from] brn
|-damage|p2a: Perc Nowitzki|59/100|[from] Salt Cure
|upkeep
|turn|14
|
|t:|1780946913
|move|p2a: Perc Nowitzki|Pain Split|p1a: Garganacl
|-sethp|p1a: Garganacl|63/100 brn|[from] move: Pain Split|[silent]
|-sethp|p2a: Perc Nowitzki|75/100|[from] move: Pain Split
|move|p1a: Garganacl|Iron Defense|p1a: Garganacl
|-boost|p1a: Garganacl|def|2
|
|-heal|p1a: Garganacl|69/100 brn|[from] item: Leftovers
|-damage|p1a: Garganacl|63/100 brn|[from] brn
|-damage|p2a: Perc Nowitzki|63/100|[from] Salt Cure
|upkeep
|turn|15
|
|t:|1780946917
|move|p2a: Perc Nowitzki|Pain Split|p1a: Garganacl
|-sethp|p1a: Garganacl|57/100 brn|[from] move: Pain Split|[silent]
|-sethp|p2a: Perc Nowitzki|69/100|[from] move: Pain Split
|move|p1a: Garganacl|Recover|p1a: Garganacl
|-heal|p1a: Garganacl|100/100 brn
|
|-damage|p1a: Garganacl|94/100 brn|[from] brn
|-damage|p2a: Perc Nowitzki|57/100|[from] Salt Cure
|upkeep
|turn|16
|
|t:|1780946922
|-end|p2a: Perc Nowitzki|ability: Neutralizing Gas
|switch|p2a: BoySlowDown😭😂✌️|Slowking-Galar, F, shiny|99/100 brn
|move|p1a: Garganacl|Body Press|p2a: BoySlowDown😭😂✌️
|-resisted|p2a: BoySlowDown😭😂✌️
|-damage|p2a: BoySlowDown😭😂✌️|90/100 brn
|
|-heal|p1a: Garganacl|100/100 brn|[from] item: Leftovers
|-damage|p1a: Garganacl|94/100 brn|[from] brn
|-damage|p2a: BoySlowDown😭😂✌️|84/100 brn|[from] brn
|upkeep
|turn|17
|
|t:|1780946928
|move|p1a: Garganacl|Salt Cure|p2a: BoySlowDown😭😂✌️
|-damage|p2a: BoySlowDown😭😂✌️|77/100 brn
|-start|p2a: BoySlowDown😭😂✌️|Salt Cure
|move|p2a: BoySlowDown😭😂✌️|Future Sight|p1a: Garganacl
|-start|p2a: BoySlowDown😭😂✌️|move: Future Sight
|
|-heal|p1a: Garganacl|100/100 brn|[from] item: Leftovers
|-damage|p1a: Garganacl|94/100 brn|[from] brn
|-damage|p2a: BoySlowDown😭😂✌️|71/100 brn|[from] brn
|-damage|p2a: BoySlowDown😭😂✌️|58/100 brn|[from] Salt Cure
|upkeep
|turn|18
|
|t:|1780946940
|move|p1a: Garganacl|Body Press|p2a: BoySlowDown😭😂✌️
|-resisted|p2a: BoySlowDown😭😂✌️
|-damage|p2a: BoySlowDown😭😂✌️|47/100 brn
|-prepare|p2a: BoySlowDown😭😂✌️|Chilly Reception|[premajor]
|move|p2a: BoySlowDown😭😂✌️|Chilly Reception|p2a: BoySlowDown😭😂✌️
|-weather|Snowscape
|
|t:|1780946945
|switch|p2a: LuLu on dat BUTT|Ting-Lu|88/100|[from] Chilly Reception
|-ability|p2a: LuLu on dat BUTT|Vessel of Ruin
|
|-weather|Snowscape|[upkeep]
|-heal|p2a: LuLu on dat BUTT|94/100|[from] item: Leftovers
|-heal|p1a: Garganacl|100/100 brn|[from] item: Leftovers
|-damage|p1a: Garganacl|94/100 brn|[from] brn
|upkeep
|turn|19
|
|t:|1780946951
|move|p1a: Garganacl|Body Press|p2a: LuLu on dat BUTT
|-supereffective|p2a: LuLu on dat BUTT
|-damage|p2a: LuLu on dat BUTT|47/100
|move|p2a: LuLu on dat BUTT|Whirlwind|p1a: Garganacl
|drag|p1a: Iron Treads|Iron Treads|100/100
|
|-weather|Snowscape|[upkeep]
|-end|p1a: Iron Treads|move: Future Sight
|-resisted|p1a: Iron Treads
|-damage|p1a: Iron Treads|87/100
|-heal|p1a: Iron Treads|93/100|[from] item: Leftovers
|-heal|p2a: LuLu on dat BUTT|54/100|[from] item: Leftovers
|upkeep
|turn|20
|
|t:|1780946961
|move|p1a: Iron Treads|Stealth Rock|p2a: LuLu on dat BUTT
|-sidestart|p2: Palm X|move: Stealth Rock
|move|p2a: LuLu on dat BUTT|Earthquake|p1a: Iron Treads
|-supereffective|p1a: Iron Treads
|-damage|p1a: Iron Treads|38/100
|
|-weather|Snowscape|[upkeep]
|-heal|p1a: Iron Treads|45/100|[from] item: Leftovers
|-heal|p2a: LuLu on dat BUTT|60/100|[from] item: Leftovers
|upkeep
|turn|21
|
|t:|1780946967
|move|p1a: Iron Treads|Knock Off|p2a: LuLu on dat BUTT
|-resisted|p2a: LuLu on dat BUTT
|-damage|p2a: LuLu on dat BUTT|53/100
|-enditem|p2a: LuLu on dat BUTT|Leftovers|[from] move: Knock Off|[of] p1a: Iron Treads
|move|p2a: LuLu on dat BUTT|Earthquake|p1a: Iron Treads
|-supereffective|p1a: Iron Treads
|-damage|p1a: Iron Treads|0 fnt
|faint|p1a: Iron Treads
|-end|p1a: Iron Treads|Quark Drive|[silent]
|
|-weather|Snowscape|[upkeep]
|upkeep
|
|t:|1780946972
|switch|p1a: Ogerpon|Ogerpon-Wellspring, F|67/100
|turn|22
|
|t:|1780946982
|move|p1a: Ogerpon|Ivy Cudgel|p2a: LuLu on dat BUTT|[anim] Ivy Cudgel Water
|-supereffective|p2a: LuLu on dat BUTT
|-damage|p2a: LuLu on dat BUTT|0 fnt
|faint|p2a: LuLu on dat BUTT
|
|-weather|none
|upkeep
|
|t:|1780946984
|switch|p2a: Dragoonette|Dragapult, F, shiny|100/100
|turn|23
|
|t:|1780946991
|switch|p1a: Moltres|Moltres|59/100 tox
|move|p2a: Dragoonette|Thunder Wave||[still]
|-fail|p2a: Dragoonette
|
|-damage|p1a: Moltres|53/100 tox|[from] psn
|upkeep
|turn|24
|
|t:|1780946995
|move|p2a: Dragoonette|Hex|p1a: Moltres
|-damage|p1a: Moltres|3/100 tox
|move|p1a: Moltres|Roost|p1a: Moltres
|-heal|p1a: Moltres|53/100 tox
|-singleturn|p1a: Moltres|move: Roost
|
|-damage|p1a: Moltres|41/100 tox|[from] psn
|upkeep
|turn|25
|
|t:|1780947000
|move|p2a: Dragoonette|Hex|p1a: Moltres
|-damage|p1a: Moltres|0 fnt
|faint|p1a: Moltres
|
|upkeep
|
|t:|1780947002
|switch|p1a: Garganacl|Garganacl, F|94/100 brn
|turn|26
|
|t:|1780947004
|move|p2a: Dragoonette|U-turn|p1a: Garganacl
|-damage|p1a: Garganacl|80/100 brn
|
|t:|1780947006
|switch|p2a: Perc Nowitzki|Weezing-Galar, F|57/100|[from] U-turn
|-ability|p2a: Perc Nowitzki|Neutralizing Gas
|move|p1a: Garganacl|Salt Cure|p2a: Perc Nowitzki
|-damage|p2a: Perc Nowitzki|53/100
|-start|p2a: Perc Nowitzki|Salt Cure
|
|-heal|p1a: Garganacl|87/100 brn|[from] item: Leftovers
|-damage|p1a: Garganacl|80/100 brn|[from] brn
|-damage|p2a: Perc Nowitzki|40/100|[from] Salt Cure
|upkeep
|turn|27
|j| SilverDE
|
|t:|1780947016
|switch|p1a: Ogerpon|Ogerpon-Wellspring, F|67/100
|move|p2a: Perc Nowitzki|Pain Split|p1a: Ogerpon
|-sethp|p1a: Ogerpon|52/100|[from] move: Pain Split|[silent]
|-sethp|p2a: Perc Nowitzki|56/100|[from] move: Pain Split
|
|-damage|p2a: Perc Nowitzki|44/100|[from] Salt Cure
|upkeep
|turn|28
|
|t:|1780947022
|move|p1a: Ogerpon|Ivy Cudgel|p2a: Perc Nowitzki|[anim] Ivy Cudgel Water
|-damage|p2a: Perc Nowitzki|10/100
|move|p2a: Perc Nowitzki|Will-O-Wisp|p1a: Ogerpon
|-status|p1a: Ogerpon|brn
|
|-damage|p1a: Ogerpon|46/100 brn|[from] brn
|-damage|p2a: Perc Nowitzki|0 fnt|[from] Salt Cure
|faint|p2a: Perc Nowitzki
|-end|p2a: Perc Nowitzki|ability: Neutralizing Gas
|upkeep
|
|t:|1780947026
|switch|p2a: Dragoonette|Dragapult, F, shiny|100/100
|turn|29
|
|t:|1780947029
|move|p2a: Dragoonette|Dragon Darts|p1a: Ogerpon
|-damage|p1a: Ogerpon|22/100 brn
|-anim|p2a: Dragoonette|Dragon Darts|p1a: Ogerpon
|-damage|p1a: Ogerpon|0 fnt
|faint|p1a: Ogerpon
|
|upkeep
|
|t:|1780947031
|switch|p1a: Garganacl|Garganacl, F|80/100 brn
|turn|30
|
|t:|1780947034
|move|p2a: Dragoonette|Dragon Darts|p1a: Garganacl
|-damage|p1a: Garganacl|66/100 brn
|-anim|p2a: Dragoonette|Dragon Darts|p1a: Garganacl
|-damage|p1a: Garganacl|52/100 brn
|move|p1a: Garganacl|Salt Cure|p2a: Dragoonette
|-damage|p2a: Dragoonette|92/100
|-start|p2a: Dragoonette|Salt Cure
|
|-heal|p1a: Garganacl|58/100 brn|[from] item: Leftovers
|-damage|p1a: Garganacl|52/100 brn|[from] brn
|-damage|p2a: Dragoonette|80/100|[from] Salt Cure
|upkeep
|turn|31
|
|t:|1780947039
|move|p2a: Dragoonette|U-turn|p1a: Garganacl
|-damage|p1a: Garganacl|38/100 brn
|
|t:|1780947041
|switch|p2a: BillionsMustIDef|Zamazenta|100/100|[from] U-turn
|-damage|p2a: BillionsMustIDef|94/100|[from] Stealth Rock
|-ability|p2a: BillionsMustIDef|Dauntless Shield|boost
|-boost|p2a: BillionsMustIDef|def|1
|move|p1a: Garganacl|Salt Cure|p2a: BillionsMustIDef
|-resisted|p2a: BillionsMustIDef
|-damage|p2a: BillionsMustIDef|92/100
|-start|p2a: BillionsMustIDef|Salt Cure
|
|-heal|p2a: BillionsMustIDef|99/100|[from] item: Leftovers
|-heal|p1a: Garganacl|44/100 brn|[from] item: Leftovers
|-damage|p1a: Garganacl|38/100 brn|[from] brn
|-damage|p2a: BillionsMustIDef|86/100|[from] Salt Cure
|upkeep
|turn|32
|
|t:|1780947050
|switch|p1a: Dragapult|Dragapult, F|100/100
|move|p2a: BillionsMustIDef|Crunch|p1a: Dragapult
|-supereffective|p1a: Dragapult
|-damage|p1a: Dragapult|41/100
|
|-heal|p2a: BillionsMustIDef|92/100|[from] item: Leftovers
|-damage|p2a: BillionsMustIDef|80/100|[from] Salt Cure
|upkeep
|turn|33
|
|t:|1780947062
|switch|p2a: NoDominicanPapi|Moltres, shiny|100/100
|move|p1a: Dragapult|Will-O-Wisp|p2a: NoDominicanPapi
|-immune|p2a: NoDominicanPapi
|
|upkeep
|turn|34
|
|t:|1780947067
|move|p1a: Dragapult|U-turn|p2a: NoDominicanPapi
|-resisted|p2a: NoDominicanPapi
|-damage|p2a: NoDominicanPapi|98/100
|
|t:|1780947069
|switch|p1a: Garganacl|Garganacl, F|38/100 brn|[from] U-turn
|move|p2a: NoDominicanPapi|Hurricane|p1a: Garganacl
|-resisted|p1a: Garganacl
|-damage|p1a: Garganacl|24/100 brn
|-start|p1a: Garganacl|confusion
|
|-heal|p1a: Garganacl|30/100 brn|[from] item: Leftovers
|-damage|p1a: Garganacl|24/100 brn|[from] brn
|upkeep
|turn|35
|
|t:|1780947072
|switch|p2a: BoySlowDown😭😂✌️|Slowking-Galar, F, shiny|80/100 brn
|-activate|p1a: Garganacl|confusion
|-damage|p1a: Garganacl|18/100 brn|[from] confusion
|
|-heal|p1a: Garganacl|24/100 brn|[from] item: Leftovers
|-damage|p1a: Garganacl|18/100 brn|[from] brn
|-damage|p2a: BoySlowDown😭😂✌️|74/100 brn|[from] brn
|upkeep
|turn|36
|
|t:|1780947075
|-activate|p1a: Garganacl|confusion
|move|p1a: Garganacl|Recover|p1a: Garganacl
|-heal|p1a: Garganacl|68/100 brn
|move|p2a: BoySlowDown😭😂✌️|Future Sight|p1a: Garganacl
|-start|p2a: BoySlowDown😭😂✌️|move: Future Sight
|
|-heal|p1a: Garganacl|74/100 brn|[from] item: Leftovers
|-damage|p1a: Garganacl|68/100 brn|[from] brn
|-damage|p2a: BoySlowDown😭😂✌️|68/100 brn|[from] brn
|upkeep
|turn|37
|
|t:|1780947082
|switch|p1a: Dragapult|Dragapult, F|41/100
|move|p2a: BoySlowDown😭😂✌️|Sludge Bomb|p1a: Dragapult
|-resisted|p1a: Dragapult
|-damage|p1a: Dragapult|19/100
|
|-damage|p2a: BoySlowDown😭😂✌️|62/100 brn|[from] brn
|upkeep
|turn|38
|
|t:|1780947089
|move|p1a: Dragapult|Draco Meteor|p2a: BoySlowDown😭😂✌️
|-damage|p2a: BoySlowDown😭😂✌️|27/100 brn
|-unboost|p1a: Dragapult|spa|2
|-prepare|p2a: BoySlowDown😭😂✌️|Chilly Reception|[premajor]
|move|p2a: BoySlowDown😭😂✌️|Chilly Reception|p2a: BoySlowDown😭😂✌️
|-weather|Snowscape
|
|t:|1780947092
|switch|p2a: Dragoonette|Dragapult, F, shiny|80/100|[from] Chilly Reception
|
|-weather|Snowscape|[upkeep]
|-end|p1a: Dragapult|move: Future Sight
|-damage|p1a: Dragapult|0 fnt
|faint|p1a: Dragapult
|upkeep
|
|t:|1780947094
|switch|p1a: Garganacl|Garganacl, F|68/100 brn
|turn|39
|
|t:|1780947098
|move|p2a: Dragoonette|Dragon Darts|p1a: Garganacl
|-crit|p1a: Garganacl
|-damage|p1a: Garganacl|47/100 brn
|-anim|p2a: Dragoonette|Dragon Darts|p1a: Garganacl
|-damage|p1a: Garganacl|33/100 brn
|move|p1a: Garganacl|Salt Cure|p2a: Dragoonette
|-damage|p2a: Dragoonette|71/100
|-start|p2a: Dragoonette|Salt Cure
|
|-weather|Snowscape|[upkeep]
|-heal|p1a: Garganacl|39/100 brn|[from] item: Leftovers
|-damage|p1a: Garganacl|33/100 brn|[from] brn
|-damage|p2a: Dragoonette|59/100|[from] Salt Cure
|upkeep
|turn|40
|
|t:|1780947104
|switch|p1a: Zamazenta|Zamazenta|100/100
|-ability|p1a: Zamazenta|Dauntless Shield|boost
|-boost|p1a: Zamazenta|def|1
|move|p2a: Dragoonette|U-turn|p1a: Zamazenta
|-resisted|p1a: Zamazenta
|-damage|p1a: Zamazenta|94/100
|
|t:|1780947106
|switch|p2a: NoDominicanPapi|Moltres, shiny|98/100|[from] U-turn
|
|-weather|Snowscape|[upkeep]
|upkeep
|turn|41
|-message|rubenpace forfeited.
|
|win|Palm X
|raw|rubenpace's rating: 1521 &rarr; <strong>1509</strong><br />(-12 for losing)
|raw|Palm X's rating: 1665 &rarr; <strong>1677</strong><br />(+12 for winning)
|l|☆rubenpace
|player|p1|
|c|☆Palm X|gg
