|badge|p2|bronze|gen9randombattle|100-9
|badge|p2|bronze|gen9ubers|100-9
|uhtml|medal-msg|<div class="broadcast-blue">Curious what those medals under the avatar are? PS now has Ladder Seasons! For more information, check out the <a href="https://www.smogon.com/forums/threads/3740067/">thread on Smogon.</a></div>
|j|☆Rextrox
|j|☆oddishlover4
|t:|1780951730
|gametype|singles
|player|p1|Rextrox|birdkeeper-gen4dp|1473
|player|p2|oddishlover4|acetrainerf|1710
|gen|9
|tier|[Gen 9] OU
|rated|
|rule|HP Percentage Mod: HP is shown in percentages
|rule|Endless Battle Clause: Forcing endless battles is banned
|rule|Species Clause: Limit one of each Pokémon
|rule|OHKO Clause: OHKO moves are banned
|rule|Evasion Items Clause: Evasion items are banned
|rule|Evasion Moves Clause: Evasion moves are banned
|rule|Evasion Abilities Clause: Evasion abilities are banned
|rule|Sleep Moves Clause: Sleep-inducing moves are banned
|clearpoke
|poke|p1|Eelektross, F|
|poke|p1|Deoxys-Speed|
|poke|p1|Iron Valiant|
|poke|p1|Pecharunt|
|poke|p1|Dragonite, F|
|poke|p1|Kingambit, F|
|poke|p2|Kyurem|
|poke|p2|Hatterene, F|
|poke|p2|Darkrai|
|poke|p2|Great Tusk|
|poke|p2|Dragonite, F|
|poke|p2|Gholdengo|
|teampreview
|c|☆oddishlover4|gl/hf!
|inactive|Battle timer is ON: inactive players will automatically lose when time's up. (requested by oddishlover4)
|
|t:|1780951752
|teamsize|p1|6
|teamsize|p2|6
|start
|switch|p1a: Deoxys|Deoxys-Speed|100/100
|switch|p2a: Kyurem|Kyurem|100/100
|-ability|p1a: Deoxys|Pressure
|-ability|p2a: Kyurem|Pressure
|turn|1
|c|☆Rextrox|you too
|
|t:|1780951770
|move|p1a: Deoxys|Light Screen|p1a: Deoxys
|-sidestart|p1: Rextrox|move: Light Screen
|move|p2a: Kyurem|Ice Beam|p1a: Deoxys
|-damage|p1a: Deoxys|72/100
|
|upkeep
|turn|2
|
|t:|1780951788
|move|p1a: Deoxys|Taunt|p2a: Kyurem
|-start|p2a: Kyurem|move: Taunt
|move|p2a: Kyurem|Ice Beam|p1a: Deoxys
|-damage|p1a: Deoxys|42/100
|
|upkeep
|turn|3
|
|t:|1780951806
|move|p1a: Deoxys|Stealth Rock|p2a: Kyurem
|-sidestart|p2: oddishlover4|move: Stealth Rock
|move|p2a: Kyurem|Ice Beam|p1a: Deoxys
|-damage|p1a: Deoxys|14/100
|
|upkeep
|turn|4
|
|t:|1780951816
|move|p1a: Deoxys|Reflect|p1a: Deoxys
|-sidestart|p1: Rextrox|Reflect
|move|p2a: Kyurem|Ice Beam|p1a: Deoxys
|-damage|p1a: Deoxys|0 fnt
|faint|p1a: Deoxys
|
|-end|p2a: Kyurem|move: Taunt
|upkeep
|
|t:|1780951819
|switch|p1a: GG's|Eelektross, F|100/100
|turn|5
|
|t:|1780951837
|move|p2a: Kyurem|Ice Beam|p1a: GG's
|-damage|p1a: GG's|81/100
|move|p1a: GG's|Coil|p1a: GG's
|-boost|p1a: GG's|atk|1
|-boost|p1a: GG's|def|1
|-boost|p1a: GG's|accuracy|1
|
|-heal|p1a: GG's|87/100|[from] item: Leftovers
|upkeep
|turn|6
|
|t:|1780951855
|switch|p2a: Great Tusk|Great Tusk|100/100
|-damage|p2a: Great Tusk|97/100|[from] Stealth Rock
|move|p1a: GG's|Coil|p1a: GG's
|-boost|p1a: GG's|atk|1
|-boost|p1a: GG's|def|1
|-boost|p1a: GG's|accuracy|1
|
|-heal|p2a: Great Tusk|100/100|[from] item: Leftovers
|-heal|p1a: GG's|93/100|[from] item: Leftovers
|upkeep
|turn|7
|inactive|oddishlover4 has 120 seconds left.
|
|t:|1780951873
|move|p2a: Great Tusk|Rapid Spin|p1a: GG's
|-damage|p1a: GG's|89/100
|-boost|p2a: Great Tusk|spe|1
|-sideend|p2: oddishlover4|Stealth Rock|[from] move: Rapid Spin|[of] p2a: Great Tusk
|move|p1a: GG's|Drain Punch|p2a: Great Tusk
|-damage|p2a: Great Tusk|80/100
|-heal|p1a: GG's|100/100|[from] drain|[of] p2a: Great Tusk
|
|-heal|p2a: Great Tusk|86/100|[from] item: Leftovers
|upkeep
|turn|8
|inactive|oddishlover4 has 120 seconds left.
|
|t:|1780951891
|move|p2a: Great Tusk|Stealth Rock|p1a: GG's
|-sidestart|p1: Rextrox|move: Stealth Rock
|move|p1a: GG's|Coil|p1a: GG's
|-boost|p1a: GG's|atk|1
|-boost|p1a: GG's|def|1
|-boost|p1a: GG's|accuracy|1
|
|-heal|p2a: Great Tusk|92/100|[from] item: Leftovers
|-sideend|p1: Rextrox|move: Light Screen
|upkeep
|turn|9
|inactive|oddishlover4 has 120 seconds left.
|
|t:|1780951910
|move|p2a: Great Tusk|Rapid Spin|p1a: GG's
|-damage|p1a: GG's|98/100
|-boost|p2a: Great Tusk|spe|1
|move|p1a: GG's|Coil|p1a: GG's
|-boost|p1a: GG's|atk|1
|-boost|p1a: GG's|def|1
|-boost|p1a: GG's|accuracy|1
|
|-heal|p2a: Great Tusk|98/100|[from] item: Leftovers
|-heal|p1a: GG's|100/100|[from] item: Leftovers
|upkeep
|turn|10
|
|t:|1780951928
|move|p2a: Great Tusk|Rapid Spin|p1a: GG's
|-damage|p1a: GG's|98/100
|-boost|p2a: Great Tusk|spe|1
|move|p1a: GG's|Coil|p1a: GG's
|-boost|p1a: GG's|atk|1
|-boost|p1a: GG's|def|1
|-boost|p1a: GG's|accuracy|1
|
|-heal|p2a: Great Tusk|100/100|[from] item: Leftovers
|-heal|p1a: GG's|100/100|[from] item: Leftovers
|upkeep
|turn|11
|
|t:|1780951946
|move|p2a: Great Tusk|Rapid Spin|p1a: GG's
|-damage|p1a: GG's|98/100
|-boost|p2a: Great Tusk|spe|1
|move|p1a: GG's|Coil|p1a: GG's
|-boost|p1a: GG's|atk|1
|-boost|p1a: GG's|def|1
|-boost|p1a: GG's|accuracy|1
|
|-heal|p1a: GG's|100/100|[from] item: Leftovers
|-sideend|p1: Rextrox|Reflect
|upkeep
|turn|12
|
|t:|1780951965
|move|p2a: Great Tusk|Rapid Spin|p1a: GG's
|-damage|p1a: GG's|97/100
|-boost|p2a: Great Tusk|spe|1
|move|p1a: GG's|Drain Punch|p2a: Great Tusk
|-damage|p2a: Great Tusk|58/100
|-heal|p1a: GG's|100/100|[from] drain|[of] p2a: Great Tusk
|
|-heal|p2a: Great Tusk|64/100|[from] item: Leftovers
|upkeep
|turn|13
|inactive|oddishlover4 has 90 seconds left.
|
|t:|1780951984
|move|p2a: Great Tusk|Rapid Spin|p1a: GG's
|-damage|p1a: GG's|96/100
|-boost|p2a: Great Tusk|spe|1
|move|p1a: GG's|Drain Punch|p2a: Great Tusk
|-damage|p2a: Great Tusk|25/100
|-heal|p1a: GG's|100/100|[from] drain|[of] p2a: Great Tusk
|
|-heal|p2a: Great Tusk|31/100|[from] item: Leftovers
|upkeep
|turn|14
|inactive|oddishlover4 has 90 seconds left.
|
|t:|1780952002
|move|p2a: Great Tusk|Headlong Rush|p1a: GG's
|-immune|p1a: GG's|[from] ability: Levitate
|move|p1a: GG's|Drain Punch|p2a: Great Tusk
|-damage|p2a: Great Tusk|0 fnt
|faint|p2a: Great Tusk
|-end|p2a: Great Tusk|Protosynthesis|[silent]
|
|upkeep
|
|t:|1780952020
|switch|p2a: Darkrai|Darkrai|100/100
|turn|15
|
|t:|1780952038
|move|p2a: Darkrai|Trick|p1a: GG's
|-activate|p2a: Darkrai|move: Trick|[of] p1a: GG's
|-item|p1a: GG's|Choice Scarf|[from] move: Trick
|-item|p2a: Darkrai|Leftovers|[from] move: Trick
|move|p1a: GG's|Drain Punch|p2a: Darkrai
|-supereffective|p2a: Darkrai
|-damage|p2a: Darkrai|0 fnt
|faint|p2a: Darkrai
|
|upkeep
|
|t:|1780952044
|switch|p2a: Gholdengo|Gholdengo|100/100
|turn|16
|inactive|oddishlover4 has 60 seconds left.
|
|t:|1780952073
|switch|p1a: Dragonite|Dragonite, F|100/100
|move|p2a: Gholdengo|Nasty Plot|p2a: Gholdengo
|-boost|p2a: Gholdengo|spa|2
|
|upkeep
|turn|17
|inactive|oddishlover4 has 60 seconds left.
|
|t:|1780952091
|move|p1a: Dragonite|Earthquake|p2a: Gholdengo
|-supereffective|p2a: Gholdengo
|-enditem|p2a: Gholdengo|Shuca Berry|[eat]
|-enditem|p2a: Gholdengo|Shuca Berry|[weaken]
|-damage|p2a: Gholdengo|60/100
|move|p2a: Gholdengo|Nasty Plot|p2a: Gholdengo
|-boost|p2a: Gholdengo|spa|2
|
|upkeep
|turn|18
|
|t:|1780952109
|-terastallize|p2a: Gholdengo|Flying
|move|p1a: Dragonite|Earthquake|p2a: Gholdengo
|-immune|p2a: Gholdengo
|move|p2a: Gholdengo|Make It Rain|p1a: Dragonite
|-damage|p1a: Dragonite|0 fnt
|-unboost|p2a: Gholdengo|spa|1
|faint|p1a: Dragonite
|
|upkeep
|
|t:|1780952120
|switch|p1a: GG's|Eelektross, F|100/100
|-damage|p1a: GG's|88/100|[from] Stealth Rock
|turn|19
|
|t:|1780952129
|move|p2a: Gholdengo|Psyshock|p1a: GG's
|-damage|p1a: GG's|10/100
|move|p1a: GG's|Supercell Slam|p2a: Gholdengo
|-supereffective|p2a: Gholdengo
|-damage|p2a: Gholdengo|0 fnt
|faint|p2a: Gholdengo
|
|upkeep
|
|t:|1780952138
|switch|p2a: Dragonite|Dragonite, F|100/100
|turn|20
|inactive|oddishlover4 has 60 seconds left.
|
|t:|1780952150
|move|p1a: GG's|Supercell Slam|p2a: Dragonite
|-damage|p2a: Dragonite|82/100
|move|p2a: Dragonite|Dragon Dance|p2a: Dragonite
|-boost|p2a: Dragonite|atk|1
|-boost|p2a: Dragonite|spe|1
|
|upkeep
|turn|21
|
|t:|1780952159
|move|p2a: Dragonite|Roost|p2a: Dragonite
|-heal|p2a: Dragonite|100/100
|-singleturn|p2a: Dragonite|move: Roost
|move|p1a: GG's|Supercell Slam|p2a: Dragonite
|-resisted|p2a: Dragonite
|-damage|p2a: Dragonite|92/100
|
|upkeep
|turn|22
|
|t:|1780952168
|move|p2a: Dragonite|Dragon Dance|p2a: Dragonite
|-boost|p2a: Dragonite|atk|1
|-boost|p2a: Dragonite|spe|1
|move|p1a: GG's|Supercell Slam|p2a: Dragonite|[miss]
|-miss|p1a: GG's|p2a: Dragonite
|-damage|p1a: GG's|0 fnt|[from] supercellslam
|faint|p1a: GG's
|
|upkeep
|
|t:|1780952174
|switch|p1a: Iron Valiant|Iron Valiant|100/100
|-damage|p1a: Iron Valiant|94/100|[from] Stealth Rock
|-enditem|p1a: Iron Valiant|Booster Energy
|-activate|p1a: Iron Valiant|ability: Quark Drive|[fromitem]
|-start|p1a: Iron Valiant|quarkdrivespe
|turn|23
|
|t:|1780952191
|move|p1a: Iron Valiant|Moonblast|p2a: Dragonite
|-supereffective|p2a: Dragonite
|-damage|p2a: Dragonite|9/100
|-unboost|p2a: Dragonite|spa|1
|move|p2a: Dragonite|Dragon Dance|p2a: Dragonite
|-boost|p2a: Dragonite|atk|1
|-boost|p2a: Dragonite|spe|1
|
|upkeep
|turn|24
|
|t:|1780952209
|-terastallize|p1a: Iron Valiant|Ghost
|move|p2a: Dragonite|Earthquake|p1a: Iron Valiant
|-damage|p1a: Iron Valiant|0 fnt
|faint|p1a: Iron Valiant
|-end|p1a: Iron Valiant|Quark Drive|[silent]
|
|upkeep
|
|t:|1780952213
|switch|p1a: Kingambit|Kingambit, F|100/100
|-damage|p1a: Kingambit|94/100|[from] Stealth Rock
|-activate|p1a: Kingambit|ability: Supreme Overlord
|-start|p1a: Kingambit|fallen4|[silent]
|turn|25
|
|t:|1780952230
|move|p2a: Dragonite|Roost|p2a: Dragonite
|-heal|p2a: Dragonite|59/100
|-singleturn|p2a: Dragonite|move: Roost
|move|p1a: Kingambit|Kowtow Cleave|p2a: Dragonite
|-damage|p2a: Dragonite|0 fnt
|faint|p2a: Dragonite
|
|upkeep
|inactive|oddishlover4 has 60 seconds left.
|
|t:|1780952246
|switch|p2a: Kyurem|Kyurem|100/100
|-ability|p2a: Kyurem|Pressure
|turn|26
|inactive|oddishlover4 has 60 seconds left.
|
|t:|1780952261
|switch|p2a: Hatterene|Hatterene, F|100/100
|move|p1a: Kingambit|Iron Head|p2a: Hatterene
|-supereffective|p2a: Hatterene
|-damage|p2a: Hatterene|0 fnt
|-damage|p1a: Kingambit|78/100|[from] item: Rocky Helmet|[of] p2a: Hatterene
|faint|p2a: Hatterene
|
|upkeep
|
|t:|1780952276
|switch|p2a: Kyurem|Kyurem|100/100
|-ability|p2a: Kyurem|Pressure
|turn|27
|
|t:|1780952283
|move|p2a: Kyurem|Body Press|p1a: Kingambit
|-supereffective|p1a: Kingambit
|-damage|p1a: Kingambit|12/100
|move|p1a: Kingambit|Iron Head|p2a: Kyurem
|-supereffective|p2a: Kyurem
|-damage|p2a: Kyurem|0 fnt
|faint|p2a: Kyurem
|
|win|Rextrox
|raw|Rextrox's rating: 1473 &rarr; <strong>1505</strong><br />(+32 for winning)
|raw|oddishlover4's rating: 1710 &rarr; <strong>1678</strong><br />(-32 for losing)
|c|☆oddishlover4|GG!
|c|☆Rextrox|thx
|c|☆Rextrox|you played well
