|j|☆jarrodbennett
|j|☆Kizukato
|t:|1780921767
|gametype|singles
|player|p1|jarrodbennett|266|1539
|player|p2|Kizukato|cynthia|1598
|gen|9
|tier|[Gen 9] OU
|rated|
|rule|HP Percentage Mod: HP is shown in percentages
|rule|Endless Battle Clause: Forcing endless battles is banned
|rule|Species Clause: Limit one of each Pokémon
|rule|OHKO Clause: OHKO moves are banned
|rule|Evasion Items Clause: Evasion items are banned
|rule|Evasion Moves Clause: Evasion moves are banned
|rule|Evasion Abilities Clause: Evasion abilities are banned
|rule|Sleep Moves Clause: Sleep-inducing moves are banned
|clearpoke
|poke|p1|Ribombee, M|
|poke|p1|Cinderace, F|
|poke|p1|Serperior, M|
|poke|p1|Hitmonlee, M|
|poke|p1|Empoleon, F|
|poke|p1|Kingambit, M|
|poke|p2|Gholdengo|
|poke|p2|Rillaboom, M|
|poke|p2|Iron Treads|
|poke|p2|Raging Bolt|
|poke|p2|Iron Valiant|
|poke|p2|Ogerpon-Wellspring, F|
|teampreview
|inactive|Battle timer is ON: inactive players will automatically lose when time's up. (requested by Kizukato)
|
|t:|1780921781
|teamsize|p1|6
|teamsize|p2|6
|start
|switch|p1a: Ya Like Jazz?|Ribombee, M|100/100
|switch|p2a: Iron Treads|Iron Treads|100/100
|turn|1
|
|t:|1780921788
|-terastallize|p1a: Ya Like Jazz?|Ghost
|move|p1a: Ya Like Jazz?|Sticky Web|p2a: Iron Treads
|-sidestart|p2: Kizukato|move: Sticky Web
|move|p2a: Iron Treads|Rapid Spin|p1a: Ya Like Jazz?
|-immune|p1a: Ya Like Jazz?
|
|upkeep
|turn|2
|
|t:|1780921795
|move|p1a: Ya Like Jazz?|Charm|p2a: Iron Treads
|-unboost|p2a: Iron Treads|atk|2
|move|p2a: Iron Treads|Knock Off|p1a: Ya Like Jazz?
|-supereffective|p1a: Ya Like Jazz?
|-damage|p1a: Ya Like Jazz?|48/100
|-enditem|p1a: Ya Like Jazz?|Focus Sash|[from] move: Knock Off|[of] p2a: Iron Treads
|
|upkeep
|turn|3
|
|t:|1780921803
|move|p1a: Ya Like Jazz?|Moonblast|p2a: Iron Treads
|-resisted|p2a: Iron Treads
|-damage|p2a: Iron Treads|85/100
|move|p2a: Iron Treads|Knock Off|p1a: Ya Like Jazz?
|-supereffective|p1a: Ya Like Jazz?
|-damage|p1a: Ya Like Jazz?|18/100
|
|upkeep
|turn|4
|
|t:|1780921810
|move|p1a: Ya Like Jazz?|Moonblast|p2a: Iron Treads
|-resisted|p2a: Iron Treads
|-damage|p2a: Iron Treads|68/100
|-unboost|p2a: Iron Treads|spa|1
|move|p2a: Iron Treads|Volt Switch|p1a: Ya Like Jazz?
|-damage|p1a: Ya Like Jazz?|4/100
|
|t:|1780921815
|-end|p2a: Iron Treads|Quark Drive|[silent]
|switch|p2a: Rillaboom|Rillaboom, M|100/100|[from] Volt Switch
|-activate|p2a: Rillaboom|move: Sticky Web
|-unboost|p2a: Rillaboom|spe|1
|-fieldstart|move: Grassy Terrain|[from] ability: Grassy Surge|[of] p2a: Rillaboom
|
|-heal|p1a: Ya Like Jazz?|10/100|[from] Grassy Terrain
|upkeep
|turn|5
|
|t:|1780921825
|move|p2a: Rillaboom|Grassy Glide|p1a: Ya Like Jazz?
|-damage|p1a: Ya Like Jazz?|0 fnt
|faint|p1a: Ya Like Jazz?
|
|upkeep
|
|t:|1780921830
|switch|p1a: What's Up Doc?|Cinderace, F|100/100
|turn|6
|
|t:|1780921840
|switch|p2a: Raging Bolt|Raging Bolt|100/100
|-activate|p2a: Raging Bolt|move: Sticky Web
|-unboost|p2a: Raging Bolt|spe|1
|move|p1a: What's Up Doc?|Court Change|p1a: What's Up Doc?
|-start|p1a: What's Up Doc?|typechange|Normal|[from] ability: Libero
|-swapsideconditions
|-activate|p1a: What's Up Doc?|move: Court Change
|
|upkeep
|turn|7
|c|☆Kizukato|fuck
|c|☆jarrodbennett|Surprise!
|inactive|Kizukato has 120 seconds left.
|
|t:|1780921872
|move|p1a: What's Up Doc?|High Jump Kick|p2a: Raging Bolt
|-damage|p2a: Raging Bolt|75/100
|move|p2a: Raging Bolt|Calm Mind|p2a: Raging Bolt
|-boost|p2a: Raging Bolt|spa|1
|-boost|p2a: Raging Bolt|spd|1
|
|-heal|p2a: Raging Bolt|82/100|[from] Grassy Terrain
|-heal|p2a: Raging Bolt|88/100|[from] item: Leftovers
|upkeep
|turn|8
|
|t:|1780921882
|move|p1a: What's Up Doc?|Taunt|p2a: Raging Bolt
|-start|p2a: Raging Bolt|move: Taunt
|cant|p2a: Raging Bolt|move: Taunt|Calm Mind
|
|-heal|p2a: Raging Bolt|94/100|[from] Grassy Terrain
|-heal|p2a: Raging Bolt|99/100|[from] item: Leftovers
|upkeep
|turn|9
|
|t:|1780921890
|move|p1a: What's Up Doc?|High Jump Kick|p2a: Raging Bolt
|-damage|p2a: Raging Bolt|75/100
|move|p2a: Raging Bolt|Thunderbolt|p1a: What's Up Doc?
|-damage|p1a: What's Up Doc?|7/100
|
|-heal|p1a: What's Up Doc?|13/100|[from] Grassy Terrain
|-heal|p2a: Raging Bolt|81/100|[from] Grassy Terrain
|-heal|p2a: Raging Bolt|87/100|[from] item: Leftovers
|upkeep
|turn|10
|
|t:|1780921900
|move|p2a: Raging Bolt|Thunderclap|p1a: What's Up Doc?
|-damage|p1a: What's Up Doc?|0 fnt
|faint|p1a: What's Up Doc?
|
|-heal|p2a: Raging Bolt|93/100|[from] Grassy Terrain
|-heal|p2a: Raging Bolt|99/100|[from] item: Leftovers
|-end|p2a: Raging Bolt|move: Taunt
|upkeep
|
|t:|1780921909
|switch|p1a: Come At Me Bro|Kingambit, M|100/100
|-activate|p1a: Come At Me Bro|move: Sticky Web
|-unboost|p1a: Come At Me Bro|spe|1
|-ability|p1a: Come At Me Bro|Defiant|boost
|-boost|p1a: Come At Me Bro|atk|2
|turn|11
|
|t:|1780921914
|move|p2a: Raging Bolt|Thunderbolt|p1a: Come At Me Bro
|-damage|p1a: Come At Me Bro|28/100
|move|p1a: Come At Me Bro|Kowtow Cleave|p2a: Raging Bolt
|-damage|p2a: Raging Bolt|29/100
|
|-heal|p2a: Raging Bolt|35/100|[from] Grassy Terrain
|-heal|p2a: Raging Bolt|41/100|[from] item: Leftovers
|-heal|p1a: Come At Me Bro|34/100|[from] Grassy Terrain
|-fieldend|move: Grassy Terrain
|upkeep
|turn|12
|
|t:|1780921925
|move|p2a: Raging Bolt|Thunderclap|p1a: Come At Me Bro
|-damage|p1a: Come At Me Bro|0 fnt
|faint|p1a: Come At Me Bro
|
|-heal|p2a: Raging Bolt|47/100|[from] item: Leftovers
|upkeep
|
|t:|1780921932
|switch|p1a: Kickin' Nugget|Hitmonlee, M|100/100
|-activate|p1a: Kickin' Nugget|move: Sticky Web
|-unboost|p1a: Kickin' Nugget|spe|1
|-enditem|p1a: Kickin' Nugget|White Herb
|-clearnegativeboost|p1a: Kickin' Nugget|[silent]
|turn|13
|
|t:|1780921940
|move|p2a: Raging Bolt|Thunderclap|p1a: Kickin' Nugget
|-damage|p1a: Kickin' Nugget|14/100
|move|p1a: Kickin' Nugget|Close Combat|p2a: Raging Bolt
|-damage|p2a: Raging Bolt|0 fnt
|-unboost|p1a: Kickin' Nugget|def|1
|-unboost|p1a: Kickin' Nugget|spd|1
|faint|p2a: Raging Bolt
|-end|p2a: Raging Bolt|Protosynthesis|[silent]
|
|upkeep
|
|t:|1780921948
|switch|p2a: Rillaboom|Rillaboom, M|100/100
|-fieldstart|move: Grassy Terrain|[from] ability: Grassy Surge|[of] p2a: Rillaboom
|turn|14
|
|t:|1780921954
|move|p1a: Kickin' Nugget|Upper Hand||[still]
|-fail|p1a: Kickin' Nugget
|move|p2a: Rillaboom|U-turn|p1a: Kickin' Nugget
|-resisted|p1a: Kickin' Nugget
|-damage|p1a: Kickin' Nugget|0 fnt
|faint|p1a: Kickin' Nugget
|c|☆jarrodbennett|Dang. Good read.
|inactive|Kizukato has 120 seconds left.
|
|t:|1780921985
|switch|p2a: Iron Valiant|Iron Valiant|100/100|[from] U-turn
|-enditem|p2a: Iron Valiant|Booster Energy
|-activate|p2a: Iron Valiant|ability: Quark Drive|[fromitem]
|-start|p2a: Iron Valiant|quarkdrivespe
|
|upkeep
|
|t:|1780921991
|switch|p1a: Slytherin|Serperior, M|100/100
|-activate|p1a: Slytherin|move: Sticky Web
|-boost|p1a: Slytherin|spe|1
|turn|15
|
|t:|1780921996
|move|p2a: Iron Valiant|Close Combat|p1a: Slytherin
|-damage|p1a: Slytherin|26/100
|-unboost|p2a: Iron Valiant|def|1
|-unboost|p2a: Iron Valiant|spd|1
|move|p1a: Slytherin|Leaf Storm|p2a: Iron Valiant
|-damage|p2a: Iron Valiant|0 fnt
|-boost|p1a: Slytherin|spa|2
|faint|p2a: Iron Valiant
|-end|p2a: Iron Valiant|Quark Drive|[silent]
|
|-heal|p1a: Slytherin|32/100|[from] Grassy Terrain
|upkeep
|
|t:|1780922006
|switch|p2a: Gholdengo|Gholdengo|100/100
|turn|16
|
|t:|1780922014
|move|p1a: Slytherin|Leaf Storm|p2a: Gholdengo
|-resisted|p2a: Gholdengo
|-damage|p2a: Gholdengo|28/100
|-boost|p1a: Slytherin|spa|2
|move|p2a: Gholdengo|Make It Rain|p1a: Slytherin
|-damage|p1a: Slytherin|0 fnt
|-unboost|p2a: Gholdengo|spa|1
|faint|p1a: Slytherin
|
|-heal|p2a: Gholdengo|34/100|[from] Grassy Terrain
|upkeep
|
|t:|1780922026
|switch|p1a: Big Z|Empoleon, F|100/100
|-activate|p1a: Big Z|move: Sticky Web
|-unboost|p1a: Big Z|spe|1
|-ability|p1a: Big Z|Competitive|boost
|-boost|p1a: Big Z|spa|2
|turn|17
|
|t:|1780922036
|switch|p2a: Iron Treads|Iron Treads|68/100
|move|p1a: Big Z|Ice Beam|p2a: Iron Treads
|-damage|p2a: Iron Treads|22/100
|
|-heal|p2a: Iron Treads|28/100|[from] Grassy Terrain
|upkeep
|turn|18
|
|t:|1780922049
|move|p1a: Big Z|Vacuum Wave|p2a: Iron Treads
|-supereffective|p2a: Iron Treads
|-damage|p2a: Iron Treads|0 fnt
|faint|p2a: Iron Treads
|-end|p2a: Iron Treads|Quark Drive|[silent]
|
|upkeep
|
|t:|1780922056
|switch|p2a: Ogerpon|Ogerpon-Wellspring, F|100/100
|turn|19
|
|t:|1780922064
|move|p2a: Ogerpon|Encore|p1a: Big Z
|-start|p1a: Big Z|Encore
|move|p1a: Big Z|Vacuum Wave|p2a: Ogerpon
|-damage|p2a: Ogerpon|68/100
|
|-heal|p2a: Ogerpon|74/100|[from] Grassy Terrain
|upkeep
|turn|20
|
|t:|1780922072
|move|p1a: Big Z|Vacuum Wave|p2a: Ogerpon
|-damage|p2a: Ogerpon|42/100
|move|p2a: Ogerpon|Power Whip|p1a: Big Z
|-damage|p1a: Big Z|0 fnt
|faint|p1a: Big Z
|
|win|Kizukato
|raw|jarrodbennett's rating: 1539 &rarr; <strong>1522</strong><br />(-17 for losing)
|raw|Kizukato's rating: 1598 &rarr; <strong>1615</strong><br />(+17 for winning)
|c|☆jarrodbennett|Gg
|c|☆Kizukato|gg
|l|☆jarrodbennett
|player|p1|
|l|☆Kizukato
|player|p2|
