|j|☆KurisuChestnutLab
|j|☆cenotaphs
|t:|1781115052
|gametype|singles
|player|p1|KurisuChestnutLab|may-contest|1575
|player|p2|cenotaphs|lady|1504
|gen|9
|tier|[Gen 9] OU
|rated|
|rule|HP Percentage Mod: HP is shown in percentages
|rule|Endless Battle Clause: Forcing endless battles is banned
|rule|Species Clause: Limit one of each Pokémon
|rule|OHKO Clause: OHKO moves are banned
|rule|Evasion Items Clause: Evasion items are banned
|rule|Evasion Moves Clause: Evasion moves are banned
|rule|Evasion Abilities Clause: Evasion abilities are banned
|rule|Sleep Moves Clause: Sleep-inducing moves are banned
|clearpoke
|poke|p1|Primarina, M|
|poke|p1|Hippowdon, F|
|poke|p1|Skarmory, F|
|poke|p1|Zapdos|
|poke|p1|Dragonite, F|
|poke|p1|Slowking, F|
|poke|p2|Cresselia, F|
|poke|p2|Great Tusk|
|poke|p2|Gholdengo|
|poke|p2|Ting-Lu|
|poke|p2|Enamorus, F|
|poke|p2|Pecharunt|
|teampreview
|inactive|Battle timer is ON: inactive players will automatically lose when time's up. (requested by cenotaphs)
|inactive|KurisuChestnutLab also wants the timer to be on.
|inactive|cenotaphs has 120 seconds left.
|inactive|cenotaphs has 90 seconds left.
|
|t:|1781115128
|teamsize|p1|6
|teamsize|p2|6
|start
|switch|p1a: Primarina|Primarina, M|100/100
|switch|p2a: ☯☯⧲☯☯|Gholdengo, shiny|100/100
|turn|1
|
|t:|1781115135
|move|p2a: ☯☯⧲☯☯|Trick|p1a: Primarina
|-activate|p2a: ☯☯⧲☯☯|move: Trick|[of] p1a: Primarina
|-item|p1a: Primarina|Choice Scarf|[from] move: Trick
|-item|p2a: ☯☯⧲☯☯|Assault Vest|[from] move: Trick
|move|p1a: Primarina|Surf|p2a: ☯☯⧲☯☯
|-damage|p2a: ☯☯⧲☯☯|64/100
|
|upkeep
|turn|2
|
|t:|1781115146
|move|p2a: ☯☯⧲☯☯|Make It Rain|p1a: Primarina
|-damage|p1a: Primarina|47/100
|-unboost|p2a: ☯☯⧲☯☯|spa|1
|move|p1a: Primarina|Surf|p2a: ☯☯⧲☯☯
|-damage|p2a: ☯☯⧲☯☯|27/100
|
|upkeep
|turn|3
|
|t:|1781115149
|move|p2a: ☯☯⧲☯☯|Make It Rain|p1a: Primarina
|-damage|p1a: Primarina|9/100
|-unboost|p2a: ☯☯⧲☯☯|spa|1
|move|p1a: Primarina|Surf|p2a: ☯☯⧲☯☯
|-damage|p2a: ☯☯⧲☯☯|0 fnt
|faint|p2a: ☯☯⧲☯☯
|
|upkeep
|
|t:|1781115166
|switch|p2a: ㊊ Ξ愛愛愛|Enamorus, F|100/100
|turn|4
|
|t:|1781115169
|switch|p1a: Slowking|Slowking, F|100/100
|move|p2a: ㊊ Ξ愛愛愛|Moonblast|p1a: Slowking
|-damage|p1a: Slowking|68/100
|-unboost|p1a: Slowking|spa|1
|
|upkeep
|turn|5
|
|t:|1781115173
|move|p2a: ㊊ Ξ愛愛愛|Moonblast|p1a: Slowking
|-damage|p1a: Slowking|35/100
|move|p1a: Slowking|Slack Off|p1a: Slowking
|-heal|p1a: Slowking|85/100
|
|upkeep
|turn|6
|
|t:|1781115177
|switch|p2a: €€€€€€€€€€€€€|Ting-Lu, shiny|100/100
|-ability|p2a: €€€€€€€€€€€€€|Vessel of Ruin
|move|p1a: Slowking|Future Sight|p2a: €€€€€€€€€€€€€
|-start|p1a: Slowking|move: Future Sight
|
|upkeep
|turn|7
|
|t:|1781115184
|switch|p1a: Primarina|Primarina, M|9/100
|move|p2a: €€€€€€€€€€€€€|Stealth Rock|p1a: Primarina
|-sidestart|p1: KurisuChestnutLab|move: Stealth Rock
|
|upkeep
|turn|8
|
|t:|1781115189
|move|p1a: Primarina|Surf|p2a: €€€€€€€€€€€€€
|-supereffective|p2a: €€€€€€€€€€€€€
|-crit|p2a: €€€€€€€€€€€€€
|-damage|p2a: €€€€€€€€€€€€€|7/100
|move|p2a: €€€€€€€€€€€€€|Earthquake|p1a: Primarina
|-damage|p1a: Primarina|0 fnt
|faint|p1a: Primarina
|
|-end|p2a: €€€€€€€€€€€€€|move: Future Sight
|-immune|p2a: €€€€€€€€€€€€€
|-heal|p2a: €€€€€€€€€€€€€|13/100|[from] item: Leftovers
|upkeep
|
|t:|1781115193
|switch|p1a: Dragonite|Dragonite, F|100/100
|turn|9
|
|t:|1781115201
|switch|p2a: læstumくまのう|Pecharunt|100/100
|-item|p2a: læstumくまのう|Air Balloon
|move|p1a: Dragonite|Dragon Dance|p1a: Dragonite
|-boost|p1a: Dragonite|atk|1
|-boost|p1a: Dragonite|spe|1
|
|upkeep
|turn|10
|
|t:|1781115205
|switch|p1a: Skarmory|Skarmory, F|100/100
|-damage|p1a: Skarmory|88/100|[from] Stealth Rock
|move|p2a: læstumくまのう|Malignant Chain|p1a: Skarmory
|-immune|p1a: Skarmory
|
|-heal|p1a: Skarmory|94/100|[from] item: Leftovers
|upkeep
|turn|11
|
|t:|1781115209
|move|p2a: læstumくまのう|Parting Shot|p1a: Skarmory
|-unboost|p1a: Skarmory|atk|1
|-unboost|p1a: Skarmory|spa|1
|
|t:|1781115213
|switch|p2a: ㊊ Ξ愛愛愛|Enamorus, F|100/100|[from] Parting Shot
|move|p1a: Skarmory|Iron Head|p2a: ㊊ Ξ愛愛愛
|-supereffective|p2a: ㊊ Ξ愛愛愛
|-damage|p2a: ㊊ Ξ愛愛愛|49/100
|
|-heal|p1a: Skarmory|99/100|[from] item: Leftovers
|upkeep
|turn|12
|
|t:|1781115217
|move|p2a: ㊊ Ξ愛愛愛|Mystical Fire|p1a: Skarmory
|-supereffective|p1a: Skarmory
|-damage|p1a: Skarmory|18/100
|-unboost|p1a: Skarmory|spa|1
|move|p1a: Skarmory|Iron Head|p2a: ㊊ Ξ愛愛愛
|-supereffective|p2a: ㊊ Ξ愛愛愛
|-damage|p2a: ㊊ Ξ愛愛愛|4/100
|
|-heal|p1a: Skarmory|24/100|[from] item: Leftovers
|upkeep
|turn|13
|
|t:|1781115222
|switch|p1a: Hippowdon|Hippowdon, F|100/100
|-damage|p1a: Hippowdon|94/100|[from] Stealth Rock
|-weather|Sandstorm|[from] ability: Sand Stream|[of] p1a: Hippowdon
|move|p2a: ㊊ Ξ愛愛愛|Mystical Fire|p1a: Hippowdon
|-damage|p1a: Hippowdon|63/100
|-unboost|p1a: Hippowdon|spa|1
|
|-weather|Sandstorm|[upkeep]
|-damage|p2a: ㊊ Ξ愛愛愛|0 fnt|[from] Sandstorm
|faint|p2a: ㊊ Ξ愛愛愛
|-heal|p1a: Hippowdon|69/100|[from] item: Leftovers
|upkeep
|
|t:|1781115232
|switch|p2a: 𝄞𝄢°❀⋆.ೃ࿔*:･|Cresselia, F, shiny|100/100
|turn|14
|
|t:|1781115238
|move|p2a: 𝄞𝄢°❀⋆.ೃ࿔*:･|Calm Mind|p2a: 𝄞𝄢°❀⋆.ೃ࿔*:･
|-boost|p2a: 𝄞𝄢°❀⋆.ೃ࿔*:･|spa|1
|-boost|p2a: 𝄞𝄢°❀⋆.ೃ࿔*:･|spd|1
|move|p1a: Hippowdon|Stealth Rock|p2a: 𝄞𝄢°❀⋆.ೃ࿔*:･
|-sidestart|p2: cenotaphs|move: Stealth Rock
|
|-weather|Sandstorm|[upkeep]
|-damage|p2a: 𝄞𝄢°❀⋆.ೃ࿔*:･|94/100|[from] Sandstorm
|-heal|p2a: 𝄞𝄢°❀⋆.ೃ࿔*:･|100/100|[from] item: Leftovers
|-heal|p1a: Hippowdon|75/100|[from] item: Leftovers
|upkeep
|turn|15
|
|t:|1781115245
|move|p2a: 𝄞𝄢°❀⋆.ೃ࿔*:･|Calm Mind|p2a: 𝄞𝄢°❀⋆.ೃ࿔*:･
|-boost|p2a: 𝄞𝄢°❀⋆.ೃ࿔*:･|spa|1
|-boost|p2a: 𝄞𝄢°❀⋆.ೃ࿔*:･|spd|1
|move|p1a: Hippowdon|Whirlwind|p2a: 𝄞𝄢°❀⋆.ೃ࿔*:･
|drag|p2a: €€€€€€€€€€€€€|Ting-Lu, shiny|13/100
|-damage|p2a: €€€€€€€€€€€€€|7/100|[from] Stealth Rock
|-ability|p2a: €€€€€€€€€€€€€|Vessel of Ruin
|
|-weather|Sandstorm|[upkeep]
|-heal|p1a: Hippowdon|81/100|[from] item: Leftovers
|-heal|p2a: €€€€€€€€€€€€€|13/100|[from] item: Leftovers
|upkeep
|turn|16
|
|t:|1781115252
|move|p1a: Hippowdon|Slack Off|p1a: Hippowdon
|-heal|p1a: Hippowdon|100/100
|move|p2a: €€€€€€€€€€€€€|Spikes|p1a: Hippowdon
|-sidestart|p1: KurisuChestnutLab|Spikes
|
|-weather|Sandstorm|[upkeep]
|-heal|p2a: €€€€€€€€€€€€€|19/100|[from] item: Leftovers
|upkeep
|turn|17
|
|t:|1781115258
|move|p1a: Hippowdon|Earthquake|p2a: €€€€€€€€€€€€€
|-damage|p2a: €€€€€€€€€€€€€|0 fnt
|faint|p2a: €€€€€€€€€€€€€
|
|-weather|none
|upkeep
|
|t:|1781115275
|switch|p2a: læstumくまのう|Pecharunt|100/100
|-damage|p2a: læstumくまのう|88/100|[from] Stealth Rock
|-item|p2a: læstumくまのう|Air Balloon
|turn|18
|
|t:|1781115280
|switch|p1a: Skarmory|Skarmory, F|24/100
|-damage|p1a: Skarmory|12/100|[from] Stealth Rock
|move|p2a: læstumくまのう|Malignant Chain|p1a: Skarmory
|-immune|p1a: Skarmory
|
|-heal|p1a: Skarmory|18/100|[from] item: Leftovers
|upkeep
|turn|19
|
|t:|1781115284
|move|p2a: læstumくまのう|Shadow Ball|p1a: Skarmory
|-damage|p1a: Skarmory|0 fnt
|faint|p1a: Skarmory
|
|upkeep
|j| gen 9 is trash man
|
|t:|1781115287
|switch|p1a: Slowking|Slowking, F|100/100
|turn|20
|
|t:|1781115294
|move|p2a: læstumくまのう|Parting Shot|p1a: Slowking
|-unboost|p1a: Slowking|atk|1
|-unboost|p1a: Slowking|spa|1
|
|t:|1781115296
|switch|p2a: ↂ⑳ↂ ㈨|Great Tusk, shiny|100/100|[from] Parting Shot
|move|p1a: Slowking|Future Sight|p2a: ↂ⑳ↂ ㈨
|-start|p1a: Slowking|move: Future Sight
|
|upkeep
|turn|21
|
|t:|1781115300
|switch|p1a: Hippowdon|Hippowdon, F|100/100
|-damage|p1a: Hippowdon|94/100|[from] Stealth Rock
|-damage|p1a: Hippowdon|82/100|[from] Spikes
|-weather|Sandstorm|[from] ability: Sand Stream|[of] p1a: Hippowdon
|move|p2a: ↂ⑳ↂ ㈨|Rapid Spin|p1a: Hippowdon
|-damage|p1a: Hippowdon|73/100
|-boost|p2a: ↂ⑳ↂ ㈨|spe|1
|-sideend|p2: cenotaphs|Stealth Rock|[from] move: Rapid Spin|[of] p2a: ↂ⑳ↂ ㈨
|
|-weather|Sandstorm|[upkeep]
|-heal|p1a: Hippowdon|79/100|[from] item: Leftovers
|upkeep
|turn|22
|
|t:|1781115307
|-end|p2a: ↂ⑳ↂ ㈨|Protosynthesis|[silent]
|switch|p2a: 𝄞𝄢°❀⋆.ೃ࿔*:･|Cresselia, F, shiny|100/100
|move|p1a: Hippowdon|Whirlwind|p2a: 𝄞𝄢°❀⋆.ೃ࿔*:･
|drag|p2a: ↂ⑳ↂ ㈨|Great Tusk, shiny|100/100
|
|-weather|Sandstorm|[upkeep]
|-end|p2a: ↂ⑳ↂ ㈨|move: Future Sight
|-supereffective|p2a: ↂ⑳ↂ ㈨
|-damage|p2a: ↂ⑳ↂ ㈨|0 fnt
|faint|p2a: ↂ⑳ↂ ㈨
|-end|p2a: ↂ⑳ↂ ㈨|Protosynthesis|[silent]
|-heal|p1a: Hippowdon|85/100|[from] item: Leftovers
|upkeep
|
|t:|1781115313
|switch|p2a: læstumくまのう|Pecharunt|88/100
|-item|p2a: læstumくまのう|Air Balloon
|turn|23
|
|t:|1781115317
|move|p2a: læstumくまのう|Malignant Chain|p1a: Hippowdon
|-resisted|p1a: Hippowdon
|-damage|p1a: Hippowdon|63/100
|-status|p1a: Hippowdon|tox
|-start|p1a: Hippowdon|confusion|[from] ability: Poison Puppeteer|[of] p2a: læstumくまのう
|-activate|p1a: Hippowdon|confusion
|move|p1a: Hippowdon|Stealth Rock|p2a: læstumくまのう
|-sidestart|p2: cenotaphs|move: Stealth Rock
|
|-weather|Sandstorm|[upkeep]
|-damage|p2a: læstumくまのう|82/100|[from] Sandstorm
|-heal|p1a: Hippowdon|69/100 tox|[from] item: Leftovers
|-damage|p1a: Hippowdon|63/100 tox|[from] psn
|upkeep
|turn|24
|
|t:|1781115325
|move|p2a: læstumくまのう|Shadow Ball|p1a: Hippowdon
|-damage|p1a: Hippowdon|26/100 tox
|-activate|p1a: Hippowdon|confusion
|move|p1a: Hippowdon|Slack Off|p1a: Hippowdon
|-heal|p1a: Hippowdon|76/100 tox
|
|-weather|Sandstorm|[upkeep]
|-damage|p2a: læstumくまのう|76/100|[from] Sandstorm
|-heal|p1a: Hippowdon|82/100 tox|[from] item: Leftovers
|-damage|p1a: Hippowdon|70/100 tox|[from] psn
|upkeep
|turn|25
|
|t:|1781115328
|move|p2a: læstumくまのう|Shadow Ball|p1a: Hippowdon
|-crit|p1a: Hippowdon
|-damage|p1a: Hippowdon|9/100 tox
|-activate|p1a: Hippowdon|confusion
|move|p1a: Hippowdon|Slack Off|p1a: Hippowdon
|-heal|p1a: Hippowdon|59/100 tox
|
|-weather|none
|-heal|p1a: Hippowdon|65/100 tox|[from] item: Leftovers
|-damage|p1a: Hippowdon|46/100 tox|[from] psn
|upkeep
|turn|26
|
|t:|1781115331
|move|p2a: læstumくまのう|Shadow Ball|p1a: Hippowdon
|-damage|p1a: Hippowdon|9/100 tox
|-activate|p1a: Hippowdon|confusion
|move|p1a: Hippowdon|Slack Off|p1a: Hippowdon
|-heal|p1a: Hippowdon|59/100 tox
|
|-heal|p1a: Hippowdon|65/100 tox|[from] item: Leftovers
|-damage|p1a: Hippowdon|41/100 tox|[from] psn
|upkeep
|turn|27
|
|t:|1781115342
|move|p2a: læstumくまのう|Recover|p2a: læstumくまのう
|-heal|p2a: læstumくまのう|100/100
|-end|p1a: Hippowdon|confusion
|move|p1a: Hippowdon|Slack Off|p1a: Hippowdon
|-heal|p1a: Hippowdon|91/100 tox
|
|-heal|p1a: Hippowdon|97/100 tox|[from] item: Leftovers
|-damage|p1a: Hippowdon|66/100 tox|[from] psn
|upkeep
|turn|28
|
|t:|1781115344
|switch|p1a: Slowking|Slowking, F|100/100
|move|p2a: læstumくまのう|Shadow Ball|p1a: Slowking
|-supereffective|p1a: Slowking
|-damage|p1a: Slowking|62/100
|
|upkeep
|turn|29
|
|t:|1781115353
|move|p2a: læstumくまのう|Malignant Chain|p1a: Slowking
|-damage|p1a: Slowking|37/100
|-status|p1a: Slowking|tox
|-start|p1a: Slowking|confusion|[from] ability: Poison Puppeteer|[of] p2a: læstumくまのう
|-activate|p1a: Slowking|confusion
|move|p1a: Slowking|Slack Off|p1a: Slowking
|-heal|p1a: Slowking|87/100 tox
|
|-damage|p1a: Slowking|80/100 tox|[from] psn
|upkeep
|turn|30
|
|t:|1781115356
|switch|p1a: Zapdos|Zapdos|100/100
|move|p2a: læstumくまのう|Shadow Ball|p1a: Zapdos
|-damage|p1a: Zapdos|64/100
|
|upkeep
|turn|31
|
|t:|1781115361
|move|p1a: Zapdos|Hurricane|p2a: læstumくまのう|[miss]
|-miss|p1a: Zapdos|p2a: læstumくまのう
|move|p2a: læstumくまのう|Malignant Chain|p1a: Zapdos
|-damage|p1a: Zapdos|24/100
|
|upkeep
|turn|32
|
|t:|1781115364
|move|p1a: Zapdos|Roost|p1a: Zapdos
|-heal|p1a: Zapdos|74/100
|-singleturn|p1a: Zapdos|move: Roost
|move|p2a: læstumくまのう|Malignant Chain|p1a: Zapdos
|-damage|p1a: Zapdos|32/100
|
|upkeep
|turn|33
|
|t:|1781115371
|move|p1a: Zapdos|Roost|p1a: Zapdos
|-heal|p1a: Zapdos|82/100
|-singleturn|p1a: Zapdos|move: Roost
|move|p2a: læstumくまのう|Malignant Chain|p1a: Zapdos
|-damage|p1a: Zapdos|42/100
|-status|p1a: Zapdos|tox
|-start|p1a: Zapdos|confusion|[from] ability: Poison Puppeteer|[of] p2a: læstumくまのう
|
|-damage|p1a: Zapdos|36/100 tox|[from] psn
|upkeep
|turn|34
|
|t:|1781115378
|-activate|p1a: Zapdos|confusion
|move|p1a: Zapdos|Hurricane|p2a: læstumくまのう|[miss]
|-miss|p1a: Zapdos|p2a: læstumくまのう
|move|p2a: læstumくまのう|Shadow Ball|p1a: Zapdos
|-damage|p1a: Zapdos|0 fnt
|faint|p1a: Zapdos
|
|upkeep
|
|t:|1781115381
|switch|p1a: Slowking|Slowking, F|100/100 tox
|turn|35
|
|t:|1781115399
|move|p2a: læstumくまのう|Shadow Ball|p1a: Slowking
|-supereffective|p1a: Slowking
|-damage|p1a: Slowking|58/100 tox
|-unboost|p1a: Slowking|spd|1
|move|p1a: Slowking|Scald|p2a: læstumくまのう
|-damage|p2a: læstumくまのう|72/100
|-status|p2a: læstumくまのう|brn
|-enditem|p2a: læstumくまのう|Air Balloon
|
|-damage|p1a: Slowking|52/100 tox|[from] psn
|-damage|p2a: læstumくまのう|66/100 brn|[from] brn
|upkeep
|turn|36
|
|t:|1781115407
|switch|p1a: Hippowdon|Hippowdon, F|66/100 tox
|-damage|p1a: Hippowdon|60/100 tox|[from] Stealth Rock
|-damage|p1a: Hippowdon|47/100 tox|[from] Spikes
|-weather|Sandstorm|[from] ability: Sand Stream|[of] p1a: Hippowdon
|move|p2a: læstumくまのう|Shadow Ball|p1a: Hippowdon
|-damage|p1a: Hippowdon|9/100 tox
|
|-weather|Sandstorm|[upkeep]
|-damage|p2a: læstumくまのう|60/100 brn|[from] Sandstorm
|-heal|p1a: Hippowdon|15/100 tox|[from] item: Leftovers
|-damage|p1a: Hippowdon|9/100 tox|[from] psn
|-damage|p2a: læstumくまのう|54/100 brn|[from] brn
|upkeep
|turn|37
|
|t:|1781115411
|move|p2a: læstumくまのう|Recover|p2a: læstumくまのう
|-heal|p2a: læstumくまのう|100/100 brn
|move|p1a: Hippowdon|Earthquake|p2a: læstumくまのう
|-supereffective|p2a: læstumくまのう
|-damage|p2a: læstumくまのう|56/100 brn
|
|-weather|Sandstorm|[upkeep]
|-damage|p2a: læstumくまのう|50/100 brn|[from] Sandstorm
|-heal|p1a: Hippowdon|15/100 tox|[from] item: Leftovers
|-damage|p1a: Hippowdon|3/100 tox|[from] psn
|-damage|p2a: læstumくまのう|44/100 brn|[from] brn
|upkeep
|turn|38
|
|t:|1781115414
|move|p2a: læstumくまのう|Recover|p2a: læstumくまのう
|-heal|p2a: læstumくまのう|94/100 brn
|move|p1a: Hippowdon|Earthquake|p2a: læstumくまのう
|-supereffective|p2a: læstumくまのう
|-damage|p2a: læstumくまのう|49/100 brn
|
|-weather|Sandstorm|[upkeep]
|-damage|p2a: læstumくまのう|43/100 brn|[from] Sandstorm
|-heal|p1a: Hippowdon|9/100 tox|[from] item: Leftovers
|-damage|p1a: Hippowdon|0 fnt|[from] psn
|faint|p1a: Hippowdon
|-damage|p2a: læstumくまのう|37/100 brn|[from] brn
|upkeep
|
|t:|1781115422
|switch|p1a: Dragonite|Dragonite, F|100/100
|turn|39
|
|t:|1781115425
|switch|p1a: Slowking|Slowking, F|85/100 tox
|move|p2a: læstumくまのう|Malignant Chain|p1a: Slowking
|-damage|p1a: Slowking|58/100 tox
|
|-weather|Sandstorm|[upkeep]
|-damage|p2a: læstumくまのう|31/100 brn|[from] Sandstorm
|-damage|p1a: Slowking|52/100 tox|[from] Sandstorm
|-damage|p1a: Slowking|46/100 tox|[from] psn
|-damage|p2a: læstumくまのう|25/100 brn|[from] brn
|upkeep
|turn|40
|
|t:|1781115432
|switch|p1a: Dragonite|Dragonite, F|100/100
|move|p2a: læstumくまのう|Recover|p2a: læstumくまのう
|-heal|p2a: læstumくまのう|75/100 brn
|
|-weather|none
|-damage|p2a: læstumくまのう|69/100 brn|[from] brn
|upkeep
|turn|41
|l| gen9istrashman
|
|t:|1781115437
|move|p1a: Dragonite|Earthquake|p2a: læstumくまのう
|-supereffective|p2a: læstumくまのう
|-damage|p2a: læstumくまのう|20/100 brn
|move|p2a: læstumくまのう|Parting Shot|p1a: Dragonite
|-unboost|p1a: Dragonite|atk|1
|-unboost|p1a: Dragonite|spa|1
|
|t:|1781115439
|switch|p2a: 𝄞𝄢°❀⋆.ೃ࿔*:･|Cresselia, F, shiny|100/100|[from] Parting Shot
|-damage|p2a: 𝄞𝄢°❀⋆.ೃ࿔*:･|88/100|[from] Stealth Rock
|
|-heal|p2a: 𝄞𝄢°❀⋆.ೃ࿔*:･|94/100|[from] item: Leftovers
|upkeep
|turn|42
|
|t:|1781115444
|switch|p1a: Slowking|Slowking, F|79/100 tox
|move|p2a: 𝄞𝄢°❀⋆.ೃ࿔*:･|Calm Mind|p2a: 𝄞𝄢°❀⋆.ೃ࿔*:･
|-boost|p2a: 𝄞𝄢°❀⋆.ೃ࿔*:･|spa|1
|-boost|p2a: 𝄞𝄢°❀⋆.ೃ࿔*:･|spd|1
|
|-heal|p2a: 𝄞𝄢°❀⋆.ೃ࿔*:･|99/100|[from] item: Leftovers
|-damage|p1a: Slowking|73/100 tox|[from] psn
|upkeep
|turn|43
|
|t:|1781115448
|switch|p1a: Dragonite|Dragonite, F|100/100
|move|p2a: 𝄞𝄢°❀⋆.ೃ࿔*:･|Calm Mind|p2a: 𝄞𝄢°❀⋆.ೃ࿔*:･
|-boost|p2a: 𝄞𝄢°❀⋆.ೃ࿔*:･|spa|1
|-boost|p2a: 𝄞𝄢°❀⋆.ೃ࿔*:･|spd|1
|
|-heal|p2a: 𝄞𝄢°❀⋆.ೃ࿔*:･|100/100|[from] item: Leftovers
|upkeep
|turn|44
|
|t:|1781115451
|move|p1a: Dragonite|Dragon Dance|p1a: Dragonite
|-boost|p1a: Dragonite|atk|1
|-boost|p1a: Dragonite|spe|1
|move|p2a: 𝄞𝄢°❀⋆.ೃ࿔*:･|Calm Mind|p2a: 𝄞𝄢°❀⋆.ೃ࿔*:･
|-boost|p2a: 𝄞𝄢°❀⋆.ೃ࿔*:･|spa|1
|-boost|p2a: 𝄞𝄢°❀⋆.ೃ࿔*:･|spd|1
|
|upkeep
|turn|45
|
|t:|1781115455
|move|p1a: Dragonite|Dragon Dance|p1a: Dragonite
|-boost|p1a: Dragonite|atk|1
|-boost|p1a: Dragonite|spe|1
|move|p2a: 𝄞𝄢°❀⋆.ೃ࿔*:･|Moonblast|p1a: Dragonite
|-supereffective|p1a: Dragonite
|-damage|p1a: Dragonite|53/100
|
|upkeep
|turn|46
|
|t:|1781115465
|-terastallize|p1a: Dragonite|Normal
|move|p1a: Dragonite|Roost|p1a: Dragonite
|-heal|p1a: Dragonite|100/100
|move|p2a: 𝄞𝄢°❀⋆.ೃ࿔*:･|Stored Power|p1a: Dragonite
|-damage|p1a: Dragonite|52/100
|
|upkeep
|turn|47
|
|t:|1781115486
|move|p1a: Dragonite|Roost|p1a: Dragonite
|-heal|p1a: Dragonite|100/100
|move|p2a: 𝄞𝄢°❀⋆.ೃ࿔*:･|Stored Power|p1a: Dragonite
|-damage|p1a: Dragonite|55/100
|
|upkeep
|turn|48
|
|t:|1781115502
|move|p1a: Dragonite|Roost|p1a: Dragonite
|-heal|p1a: Dragonite|100/100
|move|p2a: 𝄞𝄢°❀⋆.ೃ࿔*:･|Stored Power|p1a: Dragonite
|-damage|p1a: Dragonite|51/100
|
|upkeep
|turn|49
|
|t:|1781115505
|move|p1a: Dragonite|Roost|p1a: Dragonite
|-heal|p1a: Dragonite|100/100
|move|p2a: 𝄞𝄢°❀⋆.ೃ࿔*:･|Stored Power|p1a: Dragonite
|-crit|p1a: Dragonite
|-damage|p1a: Dragonite|31/100
|
|upkeep
|turn|50
|
|t:|1781115515
|switch|p1a: Slowking|Slowking, F|100/100 tox
|move|p2a: 𝄞𝄢°❀⋆.ೃ࿔*:･|Stored Power|p1a: Slowking
|-resisted|p1a: Slowking
|-damage|p1a: Slowking|73/100 tox
|
|-damage|p1a: Slowking|67/100 tox|[from] psn
|upkeep
|turn|51
|
|t:|1781115519
|move|p2a: 𝄞𝄢°❀⋆.ೃ࿔*:･|Calm Mind|p2a: 𝄞𝄢°❀⋆.ೃ࿔*:･
|-boost|p2a: 𝄞𝄢°❀⋆.ೃ࿔*:･|spa|1
|-boost|p2a: 𝄞𝄢°❀⋆.ೃ࿔*:･|spd|1
|move|p1a: Slowking|Slack Off|p1a: Slowking
|-heal|p1a: Slowking|100/100 tox
|
|-damage|p1a: Slowking|88/100 tox|[from] psn
|upkeep
|turn|52
|
|t:|1781115522
|move|p2a: 𝄞𝄢°❀⋆.ೃ࿔*:･|Calm Mind|p2a: 𝄞𝄢°❀⋆.ೃ࿔*:･
|-boost|p2a: 𝄞𝄢°❀⋆.ೃ࿔*:･|spa|1
|-boost|p2a: 𝄞𝄢°❀⋆.ೃ࿔*:･|spd|1
|move|p1a: Slowking|Scald|p2a: 𝄞𝄢°❀⋆.ೃ࿔*:･
|-damage|p2a: 𝄞𝄢°❀⋆.ೃ࿔*:･|95/100
|
|-heal|p2a: 𝄞𝄢°❀⋆.ೃ࿔*:･|100/100|[from] item: Leftovers
|-damage|p1a: Slowking|70/100 tox|[from] psn
|upkeep
|turn|53
|
|t:|1781115525
|switch|p1a: Dragonite|Dragonite, F, tera:Normal|31/100
|move|p2a: 𝄞𝄢°❀⋆.ೃ࿔*:･|Calm Mind|p2a: 𝄞𝄢°❀⋆.ೃ࿔*:･
|-boost|p2a: 𝄞𝄢°❀⋆.ೃ࿔*:･|spa|1
|-boost|p2a: 𝄞𝄢°❀⋆.ೃ࿔*:･|spd|1
|
|upkeep
|turn|54
|
|t:|1781115530
|move|p1a: Dragonite|Extreme Speed|p2a: 𝄞𝄢°❀⋆.ೃ࿔*:･
|-damage|p2a: 𝄞𝄢°❀⋆.ೃ࿔*:･|77/100
|move|p2a: 𝄞𝄢°❀⋆.ೃ࿔*:･|Stored Power|p1a: Dragonite
|-damage|p1a: Dragonite|0 fnt
|faint|p1a: Dragonite
|
|-heal|p2a: 𝄞𝄢°❀⋆.ೃ࿔*:･|83/100|[from] item: Leftovers
|upkeep
|
|t:|1781115536
|switch|p1a: Slowking|Slowking, F|100/100 tox
|turn|55
|
|t:|1781115540
|move|p2a: 𝄞𝄢°❀⋆.ೃ࿔*:･|Stored Power|p1a: Slowking
|-resisted|p1a: Slowking
|-damage|p1a: Slowking|15/100 tox
|move|p1a: Slowking|Slack Off|p1a: Slowking
|-heal|p1a: Slowking|65/100 tox
|
|-heal|p2a: 𝄞𝄢°❀⋆.ೃ࿔*:･|89/100|[from] item: Leftovers
|-damage|p1a: Slowking|59/100 tox|[from] psn
|upkeep
|turn|56
|
|t:|1781115544
|move|p2a: 𝄞𝄢°❀⋆.ೃ࿔*:･|Stored Power|p1a: Slowking
|-resisted|p1a: Slowking
|-damage|p1a: Slowking|0 fnt
|faint|p1a: Slowking
|
|win|cenotaphs
|raw|KurisuChestnutLab's rating: 1547 &rarr; <strong>1525</strong><br />(-22 for losing)
|raw|cenotaphs's rating: 1504 &rarr; <strong>1526</strong><br />(+22 for winning)
