|j|☆18dabloons
|j|☆Archerdadon
|t:|1781476042
|gametype|singles
|player|p1|18dabloons|caitlin|1592
|player|p2|Archerdadon|marshal|1538
|gen|9
|tier|[Gen 9] OU
|rated|
|rule|HP Percentage Mod: HP is shown in percentages
|rule|Endless Battle Clause: Forcing endless battles is banned
|rule|Species Clause: Limit one of each Pokémon
|rule|OHKO Clause: OHKO moves are banned
|rule|Evasion Items Clause: Evasion items are banned
|rule|Evasion Moves Clause: Evasion moves are banned
|rule|Evasion Abilities Clause: Evasion abilities are banned
|rule|Sleep Moves Clause: Sleep-inducing moves are banned
|clearpoke
|poke|p1|Ursaluna, F|
|poke|p1|Alomomola, M|
|poke|p1|Excadrill, F|
|poke|p1|Tyranitar, M|
|poke|p1|Keldeo-Resolute|
|poke|p1|Gholdengo|
|poke|p2|Dondozo, F|
|poke|p2|Great Tusk|
|poke|p2|Ting-Lu|
|poke|p2|Glimmora, M|
|poke|p2|Gholdengo|
|poke|p2|Hydrapple, M|
|teampreview
|inactive|Battle timer is ON: inactive players will automatically lose when time's up. (requested by Archerdadon)
|
|t:|1781476064
|teamsize|p1|6
|teamsize|p2|6
|start
|switch|p1a: Keldeo|Keldeo-Resolute|100/100
|switch|p2a: Glimmora|Glimmora, M|100/100
|turn|1
|
|t:|1781476072
|move|p1a: Keldeo|Surf|p2a: Glimmora
|-supereffective|p2a: Glimmora
|-enditem|p2a: Glimmora|Focus Sash
|-damage|p2a: Glimmora|1/100
|move|p2a: Glimmora|Dazzling Gleam|p1a: Keldeo
|-supereffective|p1a: Keldeo
|-damage|p1a: Keldeo|38/100
|
|upkeep
|turn|2
|
|t:|1781476079
|switch|p2a: Hydrapple|Hydrapple, M|100/100
|move|p1a: Keldeo|Surf|p2a: Hydrapple
|-resisted|p2a: Hydrapple
|-damage|p2a: Hydrapple|83/100
|
|upkeep
|turn|3
|
|t:|1781476097
|switch|p1a: Tyranitar|Tyranitar, M|100/100
|-weather|Sandstorm|[from] ability: Sand Stream|[of] p1a: Tyranitar
|move|p2a: Hydrapple|Earth Power|p1a: Tyranitar
|-supereffective|p1a: Tyranitar
|-damage|p1a: Tyranitar|80/100
|
|-weather|Sandstorm|[upkeep]
|-damage|p2a: Hydrapple|77/100|[from] Sandstorm
|upkeep
|turn|4
|
|t:|1781476104
|switch|p2a: Great Tusk|Great Tusk|100/100
|move|p1a: Tyranitar|Ice Beam|p2a: Great Tusk
|-supereffective|p2a: Great Tusk
|-damage|p2a: Great Tusk|46/100
|
|-weather|Sandstorm|[upkeep]
|upkeep
|turn|5
|
|t:|1781476111
|-end|p2a: Great Tusk|Protosynthesis|[silent]
|switch|p2a: Gholdengo|Gholdengo|100/100
|switch|p1a: Alomomola|Alomomola, M, shiny|100/100
|
|-weather|Sandstorm|[upkeep]
|-damage|p1a: Alomomola|94/100|[from] Sandstorm
|upkeep
|turn|6
|
|t:|1781476116
|move|p2a: Gholdengo|Trick|p1a: Alomomola
|-activate|p2a: Gholdengo|move: Trick|[of] p1a: Alomomola
|-item|p1a: Alomomola|Choice Scarf|[from] move: Trick
|-item|p2a: Gholdengo|Red Card|[from] move: Trick
|move|p1a: Alomomola|Flip Turn|p2a: Gholdengo
|-damage|p2a: Gholdengo|82/100
|-enditem|p2a: Gholdengo|Red Card|[of] p1a: Alomomola
|drag|p1a: Keldeo|Keldeo-Resolute|38/100
|
|-weather|Sandstorm|[upkeep]
|-damage|p1a: Keldeo|32/100|[from] Sandstorm
|upkeep
|turn|7
|
|t:|1781476130
|switch|p2a: Hydrapple|Hydrapple, M|100/100
|move|p1a: Keldeo|Surf|p2a: Hydrapple
|-resisted|p2a: Hydrapple
|-damage|p2a: Hydrapple|82/100
|
|-weather|Sandstorm|[upkeep]
|-damage|p1a: Keldeo|26/100|[from] Sandstorm
|-damage|p2a: Hydrapple|75/100|[from] Sandstorm
|upkeep
|turn|8
|
|t:|1781476147
|switch|p1a: Gholdengo|Gholdengo|100/100
|switch|p2a: Gholdengo|Gholdengo|82/100
|
|-weather|Sandstorm|[upkeep]
|upkeep
|turn|9
|
|t:|1781476154
|switch|p2a: Ting-Lu|Ting-Lu|100/100
|-ability|p2a: Ting-Lu|Vessel of Ruin
|move|p1a: Gholdengo|Hex|p2a: Ting-Lu
|-resisted|p2a: Ting-Lu
|-damage|p2a: Ting-Lu|94/100
|
|-weather|Sandstorm|[upkeep]
|-heal|p2a: Ting-Lu|100/100|[from] item: Leftovers
|upkeep
|turn|10
|
|t:|1781476163
|switch|p1a: Ursaluna|Ursaluna, F|100/100
|move|p2a: Ting-Lu|Stealth Rock|p1a: Ursaluna
|-sidestart|p1: 18dabloons|move: Stealth Rock
|
|-weather|none
|-status|p1a: Ursaluna|brn|[from] item: Flame Orb
|upkeep
|turn|11
|
|t:|1781476173
|switch|p2a: Glimmora|Glimmora, M|1/100
|move|p1a: Ursaluna|Facade|p2a: Glimmora
|-resisted|p2a: Glimmora
|-damage|p2a: Glimmora|0 fnt
|-activate|p2a: Glimmora|ability: Toxic Debris
|-sidestart|p1: 18dabloons|move: Toxic Spikes
|faint|p2a: Glimmora
|
|-damage|p1a: Ursaluna|94/100 brn|[from] brn
|upkeep
|
|t:|1781476180
|switch|p2a: Hydrapple|Hydrapple, M|100/100
|turn|12
|
|t:|1781476184
|move|p1a: Ursaluna|Facade|p2a: Hydrapple
|-damage|p2a: Hydrapple|36/100
|-damage|p1a: Ursaluna|78/100 brn|[from] item: Rocky Helmet|[of] p2a: Hydrapple
|move|p2a: Hydrapple|Giga Drain|p1a: Ursaluna
|-supereffective|p1a: Ursaluna
|-damage|p1a: Ursaluna|22/100 brn
|-heal|p2a: Hydrapple|64/100|[from] drain|[of] p1a: Ursaluna
|
|-damage|p1a: Ursaluna|16/100 brn|[from] brn
|upkeep
|turn|13
|
|t:|1781476196
|switch|p2a: Gholdengo|Gholdengo|82/100
|move|p1a: Ursaluna|Headlong Rush|p2a: Gholdengo
|-supereffective|p2a: Gholdengo
|-damage|p2a: Gholdengo|0 fnt
|-unboost|p1a: Ursaluna|def|1
|-unboost|p1a: Ursaluna|spd|1
|faint|p2a: Gholdengo
|
|-damage|p1a: Ursaluna|10/100 brn|[from] brn
|upkeep
|c|☆Archerdadon|Very smart
|c|☆Archerdadon|wp
|
|t:|1781476211
|switch|p2a: Dondozo|Dondozo, F|100/100
|turn|14
|
|t:|1781476214
|move|p1a: Ursaluna|Facade|p2a: Dondozo
|-damage|p2a: Dondozo|46/100
|move|p2a: Dondozo|Waterfall|p1a: Ursaluna
|-supereffective|p1a: Ursaluna
|-damage|p1a: Ursaluna|0 fnt
|faint|p1a: Ursaluna
|
|-heal|p2a: Dondozo|52/100|[from] item: Leftovers
|upkeep
|inactive|18dabloons has 120 seconds left.
|inactive|18dabloons has 90 seconds left.
|
|t:|1781476293
|switch|p1a: Gholdengo|Gholdengo|100/100
|-damage|p1a: Gholdengo|94/100|[from] Stealth Rock
|turn|15
|
|t:|1781476320
|switch|p1a: Tyranitar|Tyranitar, M|80/100
|-damage|p1a: Tyranitar|67/100|[from] Stealth Rock
|-status|p1a: Tyranitar|psn
|-weather|Sandstorm|[from] ability: Sand Stream|[of] p1a: Tyranitar
|switch|p2a: Ting-Lu|Ting-Lu|100/100
|-ability|p2a: Ting-Lu|Vessel of Ruin
|
|-weather|Sandstorm|[upkeep]
|-damage|p1a: Tyranitar|55/100 psn|[from] psn
|upkeep
|turn|16
|
|t:|1781476331
|move|p1a: Tyranitar|Stealth Rock|p2a: Ting-Lu
|-sidestart|p2: Archerdadon|move: Stealth Rock
|move|p2a: Ting-Lu|Earthquake|p1a: Tyranitar
|-supereffective|p1a: Tyranitar
|-damage|p1a: Tyranitar|0 fnt
|faint|p1a: Tyranitar
|
|-weather|Sandstorm|[upkeep]
|upkeep
|
|t:|1781476351
|switch|p1a: Excadrill|Excadrill, F|100/100
|-damage|p1a: Excadrill|97/100|[from] Stealth Rock
|-item|p1a: Excadrill|Air Balloon
|turn|17
|inactive|18dabloons has 60 seconds left.
|
|t:|1781476369
|-terastallize|p2a: Ting-Lu|Ghost
|move|p1a: Excadrill|Rapid Spin|p2a: Ting-Lu
|-immune|p2a: Ting-Lu
|move|p2a: Ting-Lu|Payback|p1a: Excadrill
|-damage|p1a: Excadrill|40/100
|-enditem|p1a: Excadrill|Air Balloon
|
|-weather|Sandstorm|[upkeep]
|-damage|p2a: Ting-Lu|94/100|[from] Sandstorm
|-heal|p2a: Ting-Lu|100/100|[from] item: Leftovers
|upkeep
|turn|18
|
|t:|1781476378
|move|p1a: Excadrill|Earthquake|p2a: Ting-Lu
|-crit|p2a: Ting-Lu
|-damage|p2a: Ting-Lu|50/100
|move|p2a: Ting-Lu|Payback|p1a: Excadrill
|-crit|p1a: Excadrill
|-damage|p1a: Excadrill|0 fnt
|faint|p1a: Excadrill
|
|-weather|Sandstorm|[upkeep]
|-damage|p2a: Ting-Lu|43/100|[from] Sandstorm
|-heal|p2a: Ting-Lu|50/100|[from] item: Leftovers
|upkeep
|inactive|18dabloons has 60 seconds left.
|
|t:|1781476397
|switch|p1a: Gholdengo|Gholdengo|94/100
|-damage|p1a: Gholdengo|88/100|[from] Stealth Rock
|turn|19
|
|t:|1781476406
|-terastallize|p1a: Gholdengo|Fairy
|move|p1a: Gholdengo|Thunder Wave|p2a: Ting-Lu
|-status|p2a: Ting-Lu|par
|cant|p2a: Ting-Lu|par
|
|-weather|Sandstorm|[upkeep]
|-damage|p1a: Gholdengo|82/100|[from] Sandstorm
|-damage|p2a: Ting-Lu|43/100 par|[from] Sandstorm
|-heal|p2a: Ting-Lu|50/100 par|[from] item: Leftovers
|upkeep
|turn|20
|
|t:|1781476415
|move|p1a: Gholdengo|Hex|p2a: Ting-Lu
|-supereffective|p2a: Ting-Lu
|-damage|p2a: Ting-Lu|5/100 par
|move|p2a: Ting-Lu|Rest|p2a: Ting-Lu
|-status|p2a: Ting-Lu|slp|[from] move: Rest
|-heal|p2a: Ting-Lu|100/100 slp|[silent]
|
|-weather|Sandstorm|[upkeep]
|-damage|p1a: Gholdengo|76/100|[from] Sandstorm
|-damage|p2a: Ting-Lu|94/100 slp|[from] Sandstorm
|-heal|p2a: Ting-Lu|100/100 slp|[from] item: Leftovers
|upkeep
|turn|21
|
|t:|1781476423
|switch|p2a: Great Tusk|Great Tusk|46/100
|move|p1a: Gholdengo|Hex|p2a: Great Tusk
|-damage|p2a: Great Tusk|7/100
|
|-weather|Sandstorm|[upkeep]
|-damage|p1a: Gholdengo|70/100|[from] Sandstorm
|upkeep
|turn|22
|
|t:|1781476436
|move|p1a: Gholdengo|Recover|p1a: Gholdengo
|-heal|p1a: Gholdengo|100/100
|move|p2a: Great Tusk|Headlong Rush|p1a: Gholdengo
|-damage|p1a: Gholdengo|58/100
|-unboost|p2a: Great Tusk|def|1
|-unboost|p2a: Great Tusk|spd|1
|
|-weather|none
|upkeep
|turn|23
|
|t:|1781476441
|move|p1a: Gholdengo|Recover|p1a: Gholdengo
|-heal|p1a: Gholdengo|100/100
|move|p2a: Great Tusk|Headlong Rush|p1a: Gholdengo
|-damage|p1a: Gholdengo|63/100
|-unboost|p2a: Great Tusk|def|1
|-unboost|p2a: Great Tusk|spd|1
|
|upkeep
|turn|24
|inactive|18dabloons has 90 seconds left.
|
|t:|1781476452
|move|p1a: Gholdengo|Hex|p2a: Great Tusk
|-damage|p2a: Great Tusk|0 fnt
|faint|p2a: Great Tusk
|-end|p2a: Great Tusk|Protosynthesis|[silent]
|
|upkeep
|
|t:|1781476456
|switch|p2a: Hydrapple|Hydrapple, M|98/100
|-damage|p2a: Hydrapple|85/100|[from] Stealth Rock
|turn|25
|
|t:|1781476464
|move|p1a: Gholdengo|Recover|p1a: Gholdengo
|-heal|p1a: Gholdengo|100/100
|move|p2a: Hydrapple|Earth Power|p1a: Gholdengo
|-damage|p1a: Gholdengo|77/100
|
|upkeep
|turn|26
|
|t:|1781476469
|move|p1a: Gholdengo|Thunder Wave|p2a: Hydrapple
|-status|p2a: Hydrapple|par
|move|p2a: Hydrapple|Giga Drain|p1a: Gholdengo
|-damage|p1a: Gholdengo|45/100
|-heal|p2a: Hydrapple|99/100 par|[from] drain|[of] p1a: Gholdengo
|
|upkeep
|turn|27
|
|t:|1781476475
|move|p1a: Gholdengo|Recover|p1a: Gholdengo
|-heal|p1a: Gholdengo|95/100
|cant|p2a: Hydrapple|par
|
|upkeep
|turn|28
|inactive|18dabloons has 120 seconds left.
|
|t:|1781476485
|move|p1a: Gholdengo|Hex|p2a: Hydrapple
|-damage|p2a: Hydrapple|39/100 par
|cant|p2a: Hydrapple|par
|
|upkeep
|turn|29
|
|t:|1781476489
|move|p1a: Gholdengo|Hex|p2a: Hydrapple
|-damage|p2a: Hydrapple|0 fnt
|faint|p2a: Hydrapple
|
|upkeep
|
|t:|1781476492
|switch|p2a: Ting-Lu|Ting-Lu, tera:Ghost|100/100 slp
|-damage|p2a: Ting-Lu|88/100 slp|[from] Stealth Rock
|-ability|p2a: Ting-Lu|Vessel of Ruin
|turn|30
|
|t:|1781476493
|move|p1a: Gholdengo|Hex|p2a: Ting-Lu
|-supereffective|p2a: Ting-Lu
|-damage|p2a: Ting-Lu|38/100 slp
|cant|p2a: Ting-Lu|slp
|
|-heal|p2a: Ting-Lu|44/100 slp|[from] item: Leftovers
|upkeep
|turn|31
|-message|Archerdadon forfeited.
|
|win|18dabloons
|raw|18dabloons's rating: 1592 &rarr; <strong>1609</strong><br />(+17 for winning)
|raw|Archerdadon's rating: 1538 &rarr; <strong>1521</strong><br />(-17 for losing)
|l|☆Archerdadon
|player|p2|
