|j|☆lianxiaonian
|j|☆Klopple
|t:|1780984012
|gametype|singles
|player|p1|lianxiaonian|169|1677
|player|p2|Klopple|sailor|1580
|gen|9
|tier|[Gen 9] OU
|rated|
|rule|HP Percentage Mod: HP is shown in percentages
|rule|Endless Battle Clause: Forcing endless battles is banned
|rule|Species Clause: Limit one of each Pokémon
|rule|OHKO Clause: OHKO moves are banned
|rule|Evasion Items Clause: Evasion items are banned
|rule|Evasion Moves Clause: Evasion moves are banned
|rule|Evasion Abilities Clause: Evasion abilities are banned
|rule|Sleep Moves Clause: Sleep-inducing moves are banned
|clearpoke
|poke|p1|Talonflame, F|
|poke|p1|Pelipper, M|
|poke|p1|Hatterene, F|
|poke|p1|Raging Bolt|
|poke|p1|Barraskewda, M|
|poke|p1|Iron Treads|
|poke|p2|Arboliva, M|
|poke|p2|Gliscor, F|
|poke|p2|Iron Crown|
|poke|p2|Zamazenta-*|
|poke|p2|Hatterene, F|
|poke|p2|Dragonite, F|
|teampreview
|l|☆lianxiaonian
|player|p1|
|inactive|Battle timer is ON: inactive players will automatically lose when time's up. (requested by Klopple)
|j|☆lianxiaonian
|inactive|lianxiaonian reconnected and has 150 seconds left.
|player|p1|lianxiaonian|169|
|inactive|lianxiaonian also wants the timer to be on.
|
|t:|1780984115
|teamsize|p1|6
|teamsize|p2|6
|start
|switch|p1a: Pelipper|Pelipper, M, shiny|100/100
|switch|p2a: Gliscor|Gliscor, F|100/100
|-weather|RainDance|[from] ability: Drizzle|[of] p1a: Pelipper
|turn|1
|l|☆lianxiaonian
|inactive|lianxiaonian disconnected and has a minute to reconnect!
|player|p1|
|inactive|Klopple has 120 seconds left.
|
|t:|1780984147
|move|p2a: Gliscor|Protect|p2a: Gliscor
|-singleturn|p2a: Gliscor|Protect
|move|p1a: Pelipper|Surf|p2a: Gliscor
|-activate|p2a: Gliscor|move: Protect
|
|-weather|RainDance|[upkeep]
|-status|p2a: Gliscor|tox|[from] item: Toxic Orb
|upkeep
|turn|2
|j|☆lianxiaonian
|inactive|lianxiaonian reconnected and has 140 seconds left.
|player|p1|lianxiaonian|169|
|
|t:|1780984162
|-terastallize|p2a: Gliscor|Water
|move|p2a: Gliscor|Stealth Rock|p1a: Pelipper
|-sidestart|p1: lianxiaonian|move: Stealth Rock
|move|p1a: Pelipper|U-turn|p2a: Gliscor
|-damage|p2a: Gliscor|93/100 tox
|
|t:|1780984167
|switch|p1a: 雷电士兵|Raging Bolt|100/100|[from] U-turn
|-damage|p1a: 雷电士兵|88/100|[from] Stealth Rock
|
|-weather|RainDance|[upkeep]
|-heal|p2a: Gliscor|100/100 tox|[from] ability: Poison Heal
|upkeep
|turn|3
|
|t:|1780984172
|move|p2a: Gliscor|Protect|p2a: Gliscor
|-singleturn|p2a: Gliscor|Protect
|move|p1a: 雷电士兵|Volt Switch|p2a: Gliscor
|-activate|p2a: Gliscor|move: Protect
|
|-weather|RainDance|[upkeep]
|upkeep
|turn|4
|
|t:|1780984178
|switch|p2a: Arboliva|Arboliva, M|100/100
|move|p1a: 雷电士兵|Volt Switch|p2a: Arboliva
|-resisted|p2a: Arboliva
|-damage|p2a: Arboliva|84/100
|
|t:|1780984181
|-end|p1a: 雷电士兵|Protosynthesis|[silent]
|switch|p1a: 工具象|Iron Treads|100/100|[from] Volt Switch
|-damage|p1a: 工具象|97/100|[from] Stealth Rock
|-item|p1a: 工具象|Air Balloon
|
|-weather|RainDance|[upkeep]
|upkeep
|turn|5
|
|t:|1780984201
|move|p1a: 工具象|Rapid Spin|p2a: Arboliva
|-damage|p2a: Arboliva|65/100
|-boost|p1a: 工具象|spe|1
|-sideend|p1: lianxiaonian|Stealth Rock|[from] move: Rapid Spin|[of] p1a: 工具象
|move|p2a: Arboliva|Energy Ball|p1a: 工具象
|-damage|p1a: 工具象|30/100
|-enditem|p1a: 工具象|Air Balloon
|
|-weather|RainDance|[upkeep]
|upkeep
|turn|6
|
|t:|1780984211
|-end|p1a: 工具象|Quark Drive|[silent]
|switch|p1a: 工具帽|Hatterene, F, shiny|100/100
|move|p2a: Arboliva|Energy Ball|p1a: 工具帽
|-damage|p1a: 工具帽|55/100
|-enditem|p1a: 工具帽|Eject Button
|
|t:|1780984213
|switch|p1a: 疾风之翼！|Talonflame, F, shiny|100/100
|
|-weather|RainDance|[upkeep]
|upkeep
|turn|7
|
|t:|1780984222
|switch|p2a: Gliscor|Gliscor, F, tera:Water|100/100 tox
|move|p1a: 疾风之翼！|Hurricane|p2a: Gliscor
|-damage|p2a: Gliscor|45/100 tox
|
|-weather|RainDance|[upkeep]
|-heal|p2a: Gliscor|57/100 tox|[from] ability: Poison Heal
|upkeep
|turn|8
|
|t:|1780984231
|move|p2a: Gliscor|Protect|p2a: Gliscor
|-singleturn|p2a: Gliscor|Protect
|move|p1a: 疾风之翼！|Hurricane|p2a: Gliscor
|-activate|p2a: Gliscor|move: Protect
|
|-weather|none
|-heal|p2a: Gliscor|70/100 tox|[from] ability: Poison Heal
|upkeep
|turn|9
|
|t:|1780984240
|switch|p1a: 工具帽|Hatterene, F, shiny|55/100
|move|p2a: Gliscor|Knock Off|p1a: 工具帽
|-damage|p1a: 工具帽|42/100
|
|-heal|p2a: Gliscor|82/100 tox|[from] ability: Poison Heal
|upkeep
|turn|10
|
|t:|1780984245
|move|p2a: Gliscor|Earthquake|p1a: 工具帽
|-damage|p1a: 工具帽|17/100
|move|p1a: 工具帽|Psychic Noise|p2a: Gliscor
|-damage|p2a: Gliscor|52/100 tox
|-start|p2a: Gliscor|move: Heal Block
|
|upkeep
|turn|11
|
|t:|1780984257
|switch|p1a: Pelipper|Pelipper, M, shiny|100/100
|-weather|RainDance|[from] ability: Drizzle|[of] p1a: Pelipper
|move|p2a: Gliscor|Earthquake|p1a: Pelipper
|-immune|p1a: Pelipper
|
|-weather|RainDance|[upkeep]
|-end|p2a: Gliscor|move: Heal Block
|upkeep
|turn|12
|
|t:|1780984261
|switch|p1a: 雷电士兵|Raging Bolt|88/100
|move|p2a: Gliscor|Stealth Rock|p1a: 雷电士兵
|-sidestart|p1: lianxiaonian|move: Stealth Rock
|
|-weather|RainDance|[upkeep]
|-heal|p2a: Gliscor|65/100 tox|[from] ability: Poison Heal
|upkeep
|turn|13
|
|t:|1780984264
|move|p2a: Gliscor|Protect|p2a: Gliscor
|-singleturn|p2a: Gliscor|Protect
|move|p1a: 雷电士兵|Volt Switch|p2a: Gliscor
|-activate|p2a: Gliscor|move: Protect
|
|-weather|RainDance|[upkeep]
|-heal|p2a: Gliscor|77/100 tox|[from] ability: Poison Heal
|upkeep
|turn|14
|
|t:|1780984269
|switch|p2a: Arboliva|Arboliva, M|65/100
|move|p1a: 雷电士兵|Volt Switch|p2a: Arboliva
|-resisted|p2a: Arboliva
|-damage|p2a: Arboliva|49/100
|
|t:|1780984271
|-end|p1a: 雷电士兵|Protosynthesis|[silent]
|switch|p1a: 工具象|Iron Treads|30/100|[from] Volt Switch
|-damage|p1a: 工具象|27/100|[from] Stealth Rock
|
|-weather|RainDance|[upkeep]
|upkeep
|turn|15
|
|t:|1780984279
|move|p1a: 工具象|Rapid Spin|p2a: Arboliva
|-crit|p2a: Arboliva
|-damage|p2a: Arboliva|20/100
|-boost|p1a: 工具象|spe|1
|-sideend|p1: lianxiaonian|Stealth Rock|[from] move: Rapid Spin|[of] p1a: 工具象
|move|p2a: Arboliva|Energy Ball|p1a: 工具象
|-damage|p1a: 工具象|0 fnt
|faint|p1a: 工具象
|-end|p1a: 工具象|Quark Drive|[silent]
|
|-weather|RainDance|[upkeep]
|upkeep
|
|t:|1780984281
|switch|p1a: 疾风之翼！|Talonflame, F, shiny|100/100
|turn|16
|
|t:|1780984288
|switch|p2a: Iron Crown|Iron Crown|100/100
|move|p1a: 疾风之翼！|Hurricane|p2a: Iron Crown
|-resisted|p2a: Iron Crown
|-damage|p2a: Iron Crown|78/100
|
|-weather|RainDance|[upkeep]
|upkeep
|turn|17
|
|t:|1780984294
|switch|p1a: 雷电士兵|Raging Bolt|88/100
|move|p2a: Iron Crown|Volt Switch|p1a: 雷电士兵
|-resisted|p1a: 雷电士兵
|-damage|p1a: 雷电士兵|85/100
|
|t:|1780984309
|-end|p2a: Iron Crown|Quark Drive|[silent]
|switch|p2a: Arboliva|Arboliva, M|20/100|[from] Volt Switch
|
|-weather|RainDance|[upkeep]
|upkeep
|turn|18
|-enditem|p2a: Arboliva|Custap Berry|[eat]
|-activate|p2a: Arboliva|item: Custap Berry|[consumed]
|
|t:|1780984313
|move|p2a: Arboliva|Alluring Voice|p1a: 雷电士兵
|-supereffective|p1a: 雷电士兵
|-damage|p1a: 雷电士兵|49/100
|move|p1a: 雷电士兵|Weather Ball|p2a: Arboliva
|-resisted|p2a: Arboliva
|-damage|p2a: Arboliva|0 fnt
|faint|p2a: Arboliva
|
|-weather|none
|upkeep
|j| nemesiiis
|l| nemesiiis
|
|t:|1780984335
|switch|p2a: Gliscor|Gliscor, F, tera:Water|77/100 tox
|turn|19
|
|t:|1780984339
|-end|p1a: 雷电士兵|Protosynthesis|[silent]
|switch|p1a: 工具帽|Hatterene, F, shiny|17/100
|move|p2a: Gliscor|Knock Off|p1a: 工具帽
|-damage|p1a: 工具帽|3/100
|
|-heal|p2a: Gliscor|90/100 tox|[from] ability: Poison Heal
|upkeep
|turn|20
|j| nemesiiis
|
|t:|1780984347
|switch|p1a: Pelipper|Pelipper, M, shiny|100/100
|-weather|RainDance|[from] ability: Drizzle|[of] p1a: Pelipper
|move|p2a: Gliscor|Knock Off|p1a: Pelipper
|-damage|p1a: Pelipper|85/100
|-enditem|p1a: Pelipper|Damp Rock|[from] move: Knock Off|[of] p2a: Gliscor
|
|-weather|RainDance|[upkeep]
|-heal|p2a: Gliscor|100/100 tox|[from] ability: Poison Heal
|upkeep
|turn|21
|
|t:|1780984352
|switch|p1a: 工具帽|Hatterene, F, shiny|3/100
|move|p2a: Gliscor|Protect||[still]
|-fail|p2a: Gliscor
|
|-weather|RainDance|[upkeep]
|upkeep
|turn|22
|
|t:|1780984356
|move|p2a: Gliscor|Knock Off|p1a: 工具帽
|-damage|p1a: 工具帽|0 fnt
|faint|p1a: 工具帽
|
|-weather|RainDance|[upkeep]
|upkeep
|
|t:|1780984359
|switch|p1a: 疾风之翼！|Talonflame, F, shiny|100/100
|turn|23
|
|t:|1780984369
|-terastallize|p1a: 疾风之翼！|Flying
|move|p1a: 疾风之翼！|Hurricane|p2a: Gliscor
|-damage|p2a: Gliscor|30/100 tox
|-start|p2a: Gliscor|confusion
|-activate|p2a: Gliscor|confusion
|move|p2a: Gliscor|Stealth Rock|p1a: 疾风之翼！
|-sidestart|p1: lianxiaonian|move: Stealth Rock
|
|-weather|RainDance|[upkeep]
|-heal|p2a: Gliscor|43/100 tox|[from] ability: Poison Heal
|upkeep
|turn|24
|
|t:|1780984382
|switch|p2a: Iron Crown|Iron Crown|78/100
|move|p1a: 疾风之翼！|Hurricane|p2a: Iron Crown
|-resisted|p2a: Iron Crown
|-damage|p2a: Iron Crown|48/100
|
|-weather|RainDance|[upkeep]
|upkeep
|turn|25
|
|t:|1780984389
|move|p1a: 疾风之翼！|Hurricane|p2a: Iron Crown
|-resisted|p2a: Iron Crown
|-damage|p2a: Iron Crown|18/100
|move|p2a: Iron Crown|Volt Switch|p1a: 疾风之翼！
|-supereffective|p1a: 疾风之翼！
|-damage|p1a: 疾风之翼！|15/100
|
|t:|1780984396
|-end|p2a: Iron Crown|Quark Drive|[silent]
|switch|p2a: Zamazenta|Zamazenta|100/100|[from] Volt Switch
|-ability|p2a: Zamazenta|Dauntless Shield|boost
|-boost|p2a: Zamazenta|def|1
|
|-weather|RainDance|[upkeep]
|upkeep
|turn|26
|
|t:|1780984400
|move|p2a: Zamazenta|Crunch|p1a: 疾风之翼！
|-damage|p1a: 疾风之翼！|0 fnt
|faint|p1a: 疾风之翼！
|
|-weather|RainDance|[upkeep]
|upkeep
|
|t:|1780984402
|switch|p1a: 最快的男人|Barraskewda, M, shiny|100/100
|-damage|p1a: 最快的男人|88/100|[from] Stealth Rock
|turn|27
|
|t:|1780984410
|move|p1a: 最快的男人|Liquidation|p2a: Zamazenta
|-damage|p2a: Zamazenta|37/100
|move|p2a: Zamazenta|Close Combat|p1a: 最快的男人
|-damage|p1a: 最快的男人|0 fnt
|-unboost|p2a: Zamazenta|def|1
|-unboost|p2a: Zamazenta|spd|1
|faint|p1a: 最快的男人
|
|-weather|none
|upkeep
|
|t:|1780984413
|switch|p1a: Pelipper|Pelipper, M, shiny|85/100
|-damage|p1a: Pelipper|60/100|[from] Stealth Rock
|-weather|RainDance|[from] ability: Drizzle|[of] p1a: Pelipper
|turn|28
|
|t:|1780984421
|move|p2a: Zamazenta|Stone Edge|p1a: Pelipper
|-supereffective|p1a: Pelipper
|-damage|p1a: Pelipper|1/100
|move|p1a: Pelipper|Surf|p2a: Zamazenta
|-damage|p2a: Zamazenta|0 fnt
|faint|p2a: Zamazenta
|
|-weather|RainDance|[upkeep]
|upkeep
|
|t:|1780984431
|switch|p2a: Gliscor|Gliscor, F, tera:Water|43/100 tox
|turn|29
|
|t:|1780984433
|move|p2a: Gliscor|Knock Off|p1a: Pelipper
|-damage|p1a: Pelipper|0 fnt
|faint|p1a: Pelipper
|
|-weather|RainDance|[upkeep]
|-heal|p2a: Gliscor|55/100 tox|[from] ability: Poison Heal
|upkeep
|
|t:|1780984437
|switch|p1a: 雷电士兵|Raging Bolt|49/100
|-damage|p1a: 雷电士兵|36/100|[from] Stealth Rock
|turn|30
|
|t:|1780984439
|move|p2a: Gliscor|Protect|p2a: Gliscor
|-singleturn|p2a: Gliscor|Protect
|move|p1a: 雷电士兵|Volt Switch|p2a: Gliscor
|-activate|p2a: Gliscor|move: Protect
|
|-weather|RainDance|[upkeep]
|-heal|p2a: Gliscor|68/100 tox|[from] ability: Poison Heal
|upkeep
|turn|31
|
|t:|1780984444
|move|p1a: 雷电士兵|Thunderclap|p2a: Gliscor
|-supereffective|p2a: Gliscor
|-damage|p2a: Gliscor|0 fnt
|faint|p2a: Gliscor
|
|-weather|RainDance|[upkeep]
|upkeep
|
|t:|1780984449
|switch|p2a: Dragonite|Dragonite, F|100/100
|turn|32
|
|t:|1780984454
|move|p2a: Dragonite|Extreme Speed|p1a: 雷电士兵
|-damage|p1a: 雷电士兵|10/100
|move|p1a: 雷电士兵|Draco Meteor|p2a: Dragonite
|-supereffective|p2a: Dragonite
|-damage|p2a: Dragonite|31/100
|-unboost|p1a: 雷电士兵|spa|2
|
|-weather|none
|upkeep
|turn|33
|
|t:|1780984459
|move|p2a: Dragonite|Extreme Speed|p1a: 雷电士兵
|-damage|p1a: 雷电士兵|0 fnt
|faint|p1a: 雷电士兵
|-end|p1a: 雷电士兵|Protosynthesis|[silent]
|
|win|Klopple
|raw|lianxiaonian's rating: 1655 &rarr; <strong>1631</strong><br />(-24 for losing)
|raw|Klopple's rating: 1580 &rarr; <strong>1604</strong><br />(+24 for winning)
|l|☆Klopple
|player|p2|
|l|☆lianxiaonian
|player|p1|
