|j|‽zippitytippity
|j|☆JacquesDeAlderberg
|t:|1780993851
|gametype|singles
|player|p1|zippitytippity|cynthia-masters4|1671
|player|p2|JacquesDeAlderberg|265|1716
|gen|9
|tier|[Gen 9] OU
|rated|
|rule|HP Percentage Mod: HP is shown in percentages
|rule|Endless Battle Clause: Forcing endless battles is banned
|rule|Species Clause: Limit one of each Pokémon
|rule|OHKO Clause: OHKO moves are banned
|rule|Evasion Items Clause: Evasion items are banned
|rule|Evasion Moves Clause: Evasion moves are banned
|rule|Evasion Abilities Clause: Evasion abilities are banned
|rule|Sleep Moves Clause: Sleep-inducing moves are banned
|clearpoke
|poke|p1|Hoopa-Unbound|
|poke|p1|Kyurem|
|poke|p1|Gholdengo|
|poke|p1|Enamorus, F|
|poke|p1|Cinderace, M|
|poke|p1|Araquanid, M|
|poke|p2|Hoopa-Unbound|
|poke|p2|Pecharunt|
|poke|p2|Landorus-Therian, M|
|poke|p2|Cinderace, M|
|poke|p2|Alomomola, M|
|poke|p2|Iron Valiant|
|teampreview
|
|t:|1780993870
|teamsize|p1|6
|teamsize|p2|6
|start
|switch|p1a: Araquanid|Araquanid, M|100/100
|switch|p2a: Khaos|Hoopa-Unbound|100/100
|turn|1
|
|t:|1780993880
|-terastallize|p2a: Khaos|Dark
|move|p2a: Khaos|Hyperspace Fury|p1a: Araquanid
|-damage|p1a: Araquanid|0 fnt
|-unboost|p2a: Khaos|def|1
|faint|p1a: Araquanid
|
|upkeep
|
|t:|1780993885
|switch|p1a: Cinderace|Cinderace, M|100/100
|turn|2
|
|t:|1780993888
|switch|p2a: Pisces|Alomomola, M, shiny|100/100
|move|p1a: Cinderace|U-turn|p2a: Pisces
|-start|p1a: Cinderace|typechange|Bug|[from] ability: Libero
|-damage|p2a: Pisces|76/100
|
|t:|1780993891
|switch|p1a: Kyurem|Kyurem|100/100|[from] U-turn
|-ability|p1a: Kyurem|Pressure
|
|upkeep
|turn|3
|
|t:|1780993898
|switch|p1a: Cinderace|Cinderace, M|100/100
|move|p2a: Pisces|Flip Turn|p1a: Cinderace
|-supereffective|p1a: Cinderace
|-damage|p1a: Cinderace|56/100
|
|t:|1780993903
|switch|p2a: Enten|Landorus-Therian, M, shiny|100/100|[from] Flip Turn
|-ability|p2a: Enten|Intimidate|boost
|-unboost|p1a: Cinderace|atk|1
|
|upkeep
|turn|4
|
|t:|1780993908
|switch|p1a: Gholdengo|Gholdengo|100/100
|-item|p1a: Gholdengo|Air Balloon
|move|p2a: Enten|Earthquake|p1a: Gholdengo
|-immune|p1a: Gholdengo
|
|upkeep
|turn|5
|
|t:|1780993911
|switch|p2a: Pisces|Alomomola, M, shiny|100/100
|move|p1a: Gholdengo|Shadow Ball|p2a: Pisces
|-damage|p2a: Pisces|79/100
|-unboost|p2a: Pisces|spd|1
|
|upkeep
|turn|6
|
|t:|1780993915
|move|p1a: Gholdengo|Shadow Ball|p2a: Pisces
|-damage|p2a: Pisces|43/100
|move|p2a: Pisces|Flip Turn|p1a: Gholdengo
|-damage|p1a: Gholdengo|80/100
|-enditem|p1a: Gholdengo|Air Balloon
|
|t:|1780993918
|switch|p2a: Enten|Landorus-Therian, M, shiny|100/100|[from] Flip Turn
|-ability|p2a: Enten|Intimidate|boost
|-unboost|p1a: Gholdengo|atk|1
|
|upkeep
|turn|7
|
|t:|1780993922
|-terastallize|p1a: Gholdengo|Flying
|move|p2a: Enten|U-turn|p1a: Gholdengo
|-resisted|p1a: Gholdengo
|-damage|p1a: Gholdengo|67/100
|
|t:|1780993927
|switch|p2a: Pisces|Alomomola, M, shiny|77/100|[from] U-turn
|move|p1a: Gholdengo|Shadow Ball|p2a: Pisces
|-damage|p2a: Pisces|52/100
|
|upkeep
|turn|8
|
|t:|1780993930
|move|p1a: Gholdengo|Thunder Wave|p2a: Pisces
|-status|p2a: Pisces|par
|cant|p2a: Pisces|par
|
|upkeep
|turn|9
|
|t:|1780993933
|move|p1a: Gholdengo|Shadow Ball|p2a: Pisces
|-damage|p2a: Pisces|29/100 par
|-unboost|p2a: Pisces|spd|1
|cant|p2a: Pisces|par
|
|upkeep
|turn|10
|inactive|Battle timer is ON: inactive players will automatically lose when time's up. (requested by zippitytippity)
|
|t:|1780993943
|switch|p2a: Enten|Landorus-Therian, M, shiny|100/100
|-ability|p2a: Enten|Intimidate|boost
|-unboost|p1a: Gholdengo|atk|1
|move|p1a: Gholdengo|Make It Rain|p2a: Enten
|-damage|p2a: Enten|9/100
|-unboost|p1a: Gholdengo|spa|1
|
|upkeep
|turn|11
|
|t:|1780993953
|move|p2a: Enten|Stone Edge|p1a: Gholdengo|[miss]
|-miss|p2a: Enten|p1a: Gholdengo
|move|p1a: Gholdengo|Shadow Ball|p2a: Enten
|-damage|p2a: Enten|0 fnt
|faint|p2a: Enten
|
|upkeep
|
|t:|1780993960
|switch|p2a: Calamity|Iron Valiant, shiny|100/100
|turn|12
|j| crossfire burning
|
|t:|1780993967
|switch|p1a: Kyurem|Kyurem|100/100
|-ability|p1a: Kyurem|Pressure
|move|p2a: Calamity|Moonblast|p1a: Kyurem
|-supereffective|p1a: Kyurem
|-damage|p1a: Kyurem|0 fnt
|faint|p1a: Kyurem
|
|upkeep
|
|t:|1780993971
|switch|p1a: Enamorus|Enamorus, F|100/100
|turn|13
|
|t:|1780993975
|-end|p2a: Calamity|Quark Drive|[silent]
|switch|p2a: Liberacy|Cinderace, M, shiny|100/100
|move|p1a: Enamorus|Earth Power|p2a: Liberacy
|-supereffective|p2a: Liberacy
|-damage|p2a: Liberacy|0 fnt
|faint|p2a: Liberacy
|
|upkeep
|
|t:|1780993980
|switch|p2a: Khaos|Hoopa-Unbound, tera:Dark|100/100
|turn|14
|
|t:|1780993988
|switch|p1a: Gholdengo|Gholdengo, tera:Flying|67/100
|move|p2a: Khaos|Hyperspace Fury|p1a: Gholdengo
|-damage|p1a: Gholdengo|0 fnt
|-unboost|p2a: Khaos|def|1
|faint|p1a: Gholdengo
|
|upkeep
|c|☆JacquesDeAlderberg|you haxed so bad
|
|t:|1780993991
|switch|p1a: Cinderace|Cinderace, M|56/100
|turn|15
|
|t:|1780993998
|switch|p2a: Overseer|Pecharunt|100/100
|move|p1a: Cinderace|U-turn|p2a: Overseer
|-start|p1a: Cinderace|typechange|Bug|[from] ability: Libero
|-resisted|p2a: Overseer
|-damage|p2a: Overseer|97/100
|
|t:|1780994002
|switch|p1a: Hoopa|Hoopa-Unbound|100/100|[from] U-turn
|
|upkeep
|turn|16
|
|t:|1780994007
|switch|p2a: Calamity|Iron Valiant, shiny|100/100
|move|p1a: Hoopa|Psychic|p2a: Calamity
|-supereffective|p2a: Calamity
|-damage|p2a: Calamity|0 fnt
|faint|p2a: Calamity
|-end|p2a: Calamity|Quark Drive|[silent]
|
|upkeep
|
|t:|1780994010
|switch|p2a: Khaos|Hoopa-Unbound, tera:Dark|100/100
|turn|17
|
|t:|1780994014
|move|p2a: Khaos|Hyperspace Fury|p1a: Hoopa
|-damage|p1a: Hoopa|0 fnt
|-unboost|p2a: Khaos|def|1
|faint|p1a: Hoopa
|
|upkeep
|l| crossfire burning
|
|t:|1780994017
|switch|p1a: Cinderace|Cinderace, M|56/100
|turn|18
|
|t:|1780994020
|switch|p2a: Overseer|Pecharunt|97/100
|move|p1a: Cinderace|U-turn|p2a: Overseer
|-start|p1a: Cinderace|typechange|Bug|[from] ability: Libero
|-resisted|p2a: Overseer
|-damage|p2a: Overseer|92/100
|
|t:|1780994022
|switch|p1a: Enamorus|Enamorus, F|100/100|[from] U-turn
|
|upkeep
|turn|19
|
|t:|1780994026
|move|p1a: Enamorus|Earth Power|p2a: Overseer
|-supereffective|p2a: Overseer
|-damage|p2a: Overseer|0 fnt
|faint|p2a: Overseer
|
|upkeep
|
|t:|1780994030
|switch|p2a: Khaos|Hoopa-Unbound, tera:Dark|100/100
|turn|20
|
|t:|1780994032
|switch|p1a: Cinderace|Cinderace, M|56/100
|move|p2a: Khaos|Hyperspace Fury|p1a: Cinderace
|-damage|p1a: Cinderace|0 fnt
|-unboost|p2a: Khaos|def|1
|faint|p1a: Cinderace
|
|upkeep
|
|t:|1780994033
|switch|p1a: Enamorus|Enamorus, F|100/100
|turn|21
|
|t:|1780994038
|move|p1a: Enamorus|Superpower|p2a: Khaos
|-supereffective|p2a: Khaos
|-crit|p2a: Khaos
|-damage|p2a: Khaos|0 fnt
|-boost|p1a: Enamorus|atk|1
|-boost|p1a: Enamorus|def|1
|faint|p2a: Khaos
|
|upkeep
|
|t:|1780994042
|switch|p2a: Pisces|Alomomola, M, shiny|62/100 par
|turn|22
|
|t:|1780994046
|move|p1a: Enamorus|Superpower|p2a: Pisces
|-damage|p2a: Pisces|32/100 par
|-boost|p1a: Enamorus|atk|1
|-boost|p1a: Enamorus|def|1
|move|p2a: Pisces|Body Slam|p1a: Enamorus
|-damage|p1a: Enamorus|88/100
|
|upkeep
|turn|23
|
|t:|1780994049
|move|p1a: Enamorus|Superpower|p2a: Pisces
|-damage|p2a: Pisces|0 fnt
|-boost|p1a: Enamorus|atk|1
|-boost|p1a: Enamorus|def|1
|faint|p2a: Pisces
|
|win|zippitytippity
|raw|zippitytippity's rating: 1671 &rarr; <strong>1694</strong><br />(+23 for winning)
|raw|JacquesDeAlderberg's rating: 1716 &rarr; <strong>1693</strong><br />(-23 for losing)
|l|‽zippitytippity
|player|p1|
|c|☆JacquesDeAlderberg|so lucky
|l|☆JacquesDeAlderberg
|player|p2|
