|j|☆cumtd
|j|‽Steelix is Glass
|t:|1781588880
|gametype|singles
|player|p1|cumtd|blue|1652
|player|p2|Steelix is Glass|galacticgruntf|1692
|gen|9
|tier|[Gen 9] OU
|rated|
|rule|HP Percentage Mod: HP is shown in percentages
|rule|Endless Battle Clause: Forcing endless battles is banned
|rule|Species Clause: Limit one of each Pokémon
|rule|OHKO Clause: OHKO moves are banned
|rule|Evasion Items Clause: Evasion items are banned
|rule|Evasion Moves Clause: Evasion moves are banned
|rule|Evasion Abilities Clause: Evasion abilities are banned
|rule|Sleep Moves Clause: Sleep-inducing moves are banned
|clearpoke
|poke|p1|Darkrai|
|poke|p1|Garchomp, M|
|poke|p1|Alomomola, M|
|poke|p1|Corviknight, M|
|poke|p1|Weezing-Galar, M|
|poke|p1|Ogerpon, F|
|poke|p2|Ninetales-Alola, F|
|poke|p2|Klefki, M|
|poke|p2|Maushold-Four|
|poke|p2|Latias, F|
|poke|p2|Okidogi, M|
|poke|p2|Ogerpon-Wellspring, F|
|teampreview
|inactive|Battle timer is ON: inactive players will automatically lose when time's up. (requested by Steelix is Glass)
|inactive|cumtd has 120 seconds left.
|inactive|cumtd has 90 seconds left.
|inactive|cumtd has 60 seconds left.
|
|t:|1781588998
|teamsize|p1|6
|teamsize|p2|6
|start
|switch|p1a: Alomomola|Alomomola, M|100/100
|switch|p2a: Klefki|Klefki, M|100/100
|turn|1
|
|t:|1781589002
|move|p2a: Klefki|Reflect|p2a: Klefki
|-sidestart|p2: Steelix is Glass|Reflect
|move|p1a: Alomomola|Flip Turn|p2a: Klefki
|-damage|p2a: Klefki|92/100
|
|t:|1781589008
|switch|p1a: Darkrai|Darkrai|100/100|[from] Flip Turn
|
|upkeep
|turn|2
|
|t:|1781589013
|move|p2a: Klefki|Light Screen|p2a: Klefki
|-sidestart|p2: Steelix is Glass|move: Light Screen
|move|p1a: Darkrai|Trick|p2a: Klefki
|-activate|p1a: Darkrai|move: Trick|[of] p2a: Klefki
|-item|p2a: Klefki|Choice Specs|[from] move: Trick
|-item|p1a: Darkrai|Light Clay|[from] move: Trick
|
|upkeep
|turn|3
|inactive|cumtd has 120 seconds left.
|
|t:|1781589028
|switch|p2a: Okidogi|Okidogi, M|100/100
|move|p1a: Darkrai|Trick|p2a: Okidogi
|-activate|p1a: Darkrai|move: Trick|[of] p2a: Okidogi
|-item|p2a: Okidogi|Light Clay|[from] move: Trick
|-item|p1a: Darkrai|Leftovers|[from] move: Trick
|
|upkeep
|turn|4
|inactive|cumtd has 120 seconds left.
|
|t:|1781589037
|switch|p1a: Garchomp|Garchomp, M|100/100
|move|p2a: Okidogi|Bulk Up|p2a: Okidogi
|-boost|p2a: Okidogi|atk|1
|-boost|p2a: Okidogi|def|1
|
|upkeep
|turn|5
|
|t:|1781589041
|move|p2a: Okidogi|Bulk Up|p2a: Okidogi
|-boost|p2a: Okidogi|atk|1
|-boost|p2a: Okidogi|def|1
|move|p1a: Garchomp|Dragon Tail|p2a: Okidogi
|-damage|p2a: Okidogi|96/100
|-activate|p2a: Okidogi|ability: Guard Dog
|
|upkeep
|turn|6
|
|t:|1781589054
|switch|p1a: Weezing|Weezing-Galar, M|100/100
|-ability|p1a: Weezing|Neutralizing Gas
|move|p2a: Okidogi|Bulk Up|p2a: Okidogi
|-boost|p2a: Okidogi|atk|1
|-boost|p2a: Okidogi|def|1
|
|upkeep
|turn|7
|
|t:|1781589056
|move|p2a: Okidogi|Bulk Up|p2a: Okidogi
|-boost|p2a: Okidogi|atk|1
|-boost|p2a: Okidogi|def|1
|move|p1a: Weezing|Will-O-Wisp|p2a: Okidogi
|-status|p2a: Okidogi|brn
|
|-damage|p2a: Okidogi|90/100 brn|[from] brn
|upkeep
|turn|8
|
|t:|1781589066
|move|p2a: Okidogi|Facade|p1a: Weezing
|-damage|p1a: Weezing|0 fnt
|faint|p1a: Weezing
|-end|p1a: Weezing|ability: Neutralizing Gas
|
|-damage|p2a: Okidogi|84/100 brn|[from] brn
|-sideend|p2: Steelix is Glass|Reflect
|upkeep
|
|t:|1781589073
|switch|p1a: Garchomp|Garchomp, M|100/100
|turn|9
|
|t:|1781589078
|move|p1a: Garchomp|Earthquake|p2a: Okidogi
|-supereffective|p2a: Okidogi
|-damage|p2a: Okidogi|60/100 brn
|move|p2a: Okidogi|Facade|p1a: Garchomp
|-damage|p1a: Garchomp|6/100
|-damage|p2a: Okidogi|48/100 brn|[from] ability: Rough Skin|[of] p1a: Garchomp
|-damage|p2a: Okidogi|31/100 brn|[from] item: Rocky Helmet|[of] p1a: Garchomp
|
|-damage|p2a: Okidogi|25/100 brn|[from] brn
|-sideend|p2: Steelix is Glass|move: Light Screen
|upkeep
|turn|10
|
|t:|1781589086
|move|p1a: Garchomp|Earthquake|p2a: Okidogi
|-supereffective|p2a: Okidogi
|-damage|p2a: Okidogi|0 fnt
|faint|p2a: Okidogi
|
|upkeep
|
|t:|1781589088
|switch|p2a: Ninetales|Ninetales-Alola, F|100/100
|-weather|Snowscape|[from] ability: Snow Warning|[of] p2a: Ninetales
|turn|11
|
|t:|1781589092
|move|p2a: Ninetales|Freeze-Dry|p1a: Garchomp
|-supereffective|p1a: Garchomp
|-damage|p1a: Garchomp|0 fnt
|faint|p1a: Garchomp
|
|-weather|Snowscape|[upkeep]
|upkeep
|
|t:|1781589100
|switch|p1a: Alomomola|Alomomola, M|100/100
|turn|12
|
|t:|1781589102
|move|p2a: Ninetales|Aurora Veil|p2a: Ninetales
|-sidestart|p2: Steelix is Glass|move: Aurora Veil
|move|p1a: Alomomola|Body Slam|p2a: Ninetales
|-damage|p2a: Ninetales|95/100
|
|-weather|Snowscape|[upkeep]
|upkeep
|turn|13
|
|t:|1781589105
|move|p2a: Ninetales|Misty Terrain|p2a: Ninetales
|-fieldstart|move: Misty Terrain
|move|p1a: Alomomola|Flip Turn|p2a: Ninetales
|-damage|p2a: Ninetales|89/100
|
|t:|1781589107
|switch|p1a: Corviknight|Corviknight, M|100/100|[from] Flip Turn
|-ability|p1a: Corviknight|Pressure
|
|-weather|Snowscape|[upkeep]
|upkeep
|turn|14
|
|t:|1781589111
|switch|p2a: Latias|Latias, F|100/100
|move|p1a: Corviknight|Defog|p2a: Latias
|-unboost|p2a: Latias|evasion|1
|-sideend|p2: Steelix is Glass|move: Aurora Veil
|-fieldend|Misty Terrain
|
|-weather|Snowscape|[upkeep]
|upkeep
|turn|15
|
|t:|1781589115
|switch|p1a: Darkrai|Darkrai|100/100
|move|p2a: Latias|Agility|p2a: Latias
|-boost|p2a: Latias|spe|2
|
|-weather|none
|upkeep
|turn|16
|
|t:|1781589118
|move|p2a: Latias|Calm Mind|p2a: Latias
|-boost|p2a: Latias|spa|1
|-boost|p2a: Latias|spd|1
|move|p1a: Darkrai|Dark Pulse|p2a: Latias
|-supereffective|p2a: Latias
|-damage|p2a: Latias|48/100
|-enditem|p2a: Latias|Weakness Policy
|-boost|p2a: Latias|atk|2|[from] item: Weakness Policy
|-boost|p2a: Latias|spa|2|[from] item: Weakness Policy
|
|upkeep
|turn|17
|
|t:|1781589124
|-terastallize|p2a: Latias|Steel
|move|p2a: Latias|Aura Sphere|p1a: Darkrai
|-supereffective|p1a: Darkrai
|-damage|p1a: Darkrai|0 fnt
|faint|p1a: Darkrai
|
|upkeep
|
|t:|1781589129
|switch|p1a: Alomomola|Alomomola, M|100/100
|turn|18
|
|t:|1781589132
|move|p2a: Latias|Agility|p2a: Latias
|-boost|p2a: Latias|spe|2
|move|p1a: Alomomola|Mirror Coat||[still]
|-fail|p1a: Alomomola
|
|upkeep
|turn|19
|
|t:|1781589136
|move|p2a: Latias|Calm Mind|p2a: Latias
|-boost|p2a: Latias|spa|1
|-boost|p2a: Latias|spd|1
|move|p1a: Alomomola|Body Slam|p2a: Latias
|-resisted|p2a: Latias
|-damage|p2a: Latias|41/100
|-status|p2a: Latias|par
|
|upkeep
|turn|20
|
|t:|1781589143
|move|p2a: Latias|Agility|p2a: Latias
|-boost|p2a: Latias|spe|2
|move|p1a: Alomomola|Flip Turn|p2a: Latias
|-damage|p2a: Latias|26/100 par
|
|t:|1781589145
|switch|p1a: Ogerpon|Ogerpon, F|100/100|[from] Flip Turn
|
|upkeep
|turn|21
|
|t:|1781589151
|move|p2a: Latias|Stored Power|p1a: Ogerpon
|-damage|p1a: Ogerpon|0 fnt
|faint|p1a: Ogerpon
|
|upkeep
|-message|cumtd forfeited.
|
|win|Steelix is Glass
|raw|cumtd's rating: 1652 &rarr; <strong>1634</strong><br />(-18 for losing)
|raw|Steelix is Glass's rating: 1692 &rarr; <strong>1710</strong><br />(+18 for winning)
|l|☆cumtd
|player|p1|
|l|‽Steelix is Glass
|player|p2|
