|j|☆KurisuChestnutOU
|j|☆The median voter
|t:|1781143045
|gametype|singles
|player|p1|KurisuChestnutOU|may-contest|1540
|player|p2|The median voter|scientist-gen4dp|1562
|gen|9
|tier|[Gen 9] OU
|rated|
|rule|HP Percentage Mod: HP is shown in percentages
|rule|Endless Battle Clause: Forcing endless battles is banned
|rule|Species Clause: Limit one of each Pokémon
|rule|OHKO Clause: OHKO moves are banned
|rule|Evasion Items Clause: Evasion items are banned
|rule|Evasion Moves Clause: Evasion moves are banned
|rule|Evasion Abilities Clause: Evasion abilities are banned
|rule|Sleep Moves Clause: Sleep-inducing moves are banned
|clearpoke
|poke|p1|Gliscor, F|
|poke|p1|Dondozo, F|
|poke|p1|Slowking-Galar, F|
|poke|p1|Gholdengo|
|poke|p1|Great Tusk|
|poke|p1|Kingambit, F|
|poke|p2|Zapdos|
|poke|p2|Great Tusk|
|poke|p2|Hoopa-Unbound|
|poke|p2|Alomomola, F|
|poke|p2|Scizor, F|
|poke|p2|Iron Valiant|
|teampreview
|inactive|Battle timer is ON: inactive players will automatically lose when time's up. (requested by KurisuChestnutOU)
|inactive|The median voter has 120 seconds left.
|
|t:|1781143104
|teamsize|p1|6
|teamsize|p2|6
|start
|switch|p1a: Gliscor|Gliscor, F|100/100
|switch|p2a: The End of All|Hoopa-Unbound|100/100
|turn|1
|
|t:|1781143111
|move|p1a: Gliscor|Protect|p1a: Gliscor
|-singleturn|p1a: Gliscor|Protect
|move|p2a: The End of All|Hyperspace Fury|p1a: Gliscor
|-activate|p1a: Gliscor|move: Hyperspace Fury|[broken]
|-damage|p1a: Gliscor|66/100
|-unboost|p2a: The End of All|def|1
|
|-status|p1a: Gliscor|tox|[from] item: Toxic Orb
|upkeep
|turn|2
|
|t:|1781143118
|move|p1a: Gliscor|Earthquake|p2a: The End of All
|-damage|p2a: The End of All|25/100
|move|p2a: The End of All|Psychic Noise|p1a: Gliscor
|-damage|p1a: Gliscor|8/100 tox
|-start|p1a: Gliscor|move: Heal Block
|
|upkeep
|turn|3
|
|t:|1781143124
|switch|p2a: Experiment|Scizor, F|100/100
|move|p1a: Gliscor|Earthquake|p2a: Experiment
|-damage|p2a: Experiment|67/100
|
|-end|p1a: Gliscor|move: Heal Block
|upkeep
|turn|4
|
|t:|1781143131
|move|p1a: Gliscor|Protect|p1a: Gliscor
|-singleturn|p1a: Gliscor|Protect
|move|p2a: Experiment|U-turn|p1a: Gliscor
|-activate|p1a: Gliscor|move: Protect
|
|-heal|p1a: Gliscor|21/100 tox|[from] ability: Poison Heal
|upkeep
|turn|5
|
|t:|1781143136
|move|p1a: Gliscor|Spikes|p2a: Experiment
|-sidestart|p2: The median voter|Spikes
|move|p2a: Experiment|U-turn|p1a: Gliscor
|-resisted|p1a: Gliscor
|-damage|p1a: Gliscor|2/100 tox
|
|t:|1781143144
|switch|p2a: Templar|Great Tusk|100/100|[from] U-turn
|
|-heal|p1a: Gliscor|15/100 tox|[from] ability: Poison Heal
|upkeep
|turn|6
|
|t:|1781143148
|move|p1a: Gliscor|Protect|p1a: Gliscor
|-singleturn|p1a: Gliscor|Protect
|move|p2a: Templar|Stealth Rock|p1a: Gliscor
|-sidestart|p1: KurisuChestnutOU|move: Stealth Rock
|
|-heal|p1a: Gliscor|27/100 tox|[from] ability: Poison Heal
|upkeep
|turn|7
|
|t:|1781143154
|switch|p1a: Gholdengo|Gholdengo|100/100
|-damage|p1a: Gholdengo|94/100|[from] Stealth Rock
|-item|p1a: Gholdengo|Air Balloon
|move|p2a: Templar|Ice Spinner|p1a: Gholdengo
|-resisted|p1a: Gholdengo
|-damage|p1a: Gholdengo|78/100
|-enditem|p1a: Gholdengo|Air Balloon
|
|upkeep
|turn|8
|
|t:|1781143172
|-end|p2a: Templar|Protosynthesis|[silent]
|switch|p2a: Holy Envoy|Alomomola, F|100/100
|-damage|p2a: Holy Envoy|88/100|[from] Spikes
|move|p1a: Gholdengo|Shadow Ball|p2a: Holy Envoy
|-damage|p2a: Holy Envoy|66/100
|
|upkeep
|turn|9
|
|t:|1781143178
|move|p1a: Gholdengo|Nasty Plot|p1a: Gholdengo
|-boost|p1a: Gholdengo|spa|2
|move|p2a: Holy Envoy|Flip Turn|p1a: Gholdengo
|-damage|p1a: Gholdengo|60/100
|
|t:|1781143183
|switch|p2a: Templar|Great Tusk|100/100|[from] Flip Turn
|
|upkeep
|turn|10
|
|t:|1781143189
|-terastallize|p1a: Gholdengo|Flying
|move|p2a: Templar|Headlong Rush|p1a: Gholdengo
|-immune|p1a: Gholdengo
|move|p1a: Gholdengo|Shadow Ball|p2a: Templar
|-damage|p2a: Templar|0 fnt
|faint|p2a: Templar
|-end|p2a: Templar|Protosynthesis|[silent]
|
|upkeep
|
|t:|1781143200
|switch|p2a: Preacher|Zapdos|100/100
|turn|11
|
|t:|1781143205
|move|p1a: Gholdengo|Shadow Ball|p2a: Preacher
|-damage|p2a: Preacher|12/100
|move|p2a: Preacher|Discharge|p1a: Gholdengo
|-supereffective|p1a: Gholdengo
|-damage|p1a: Gholdengo|0 fnt
|faint|p1a: Gholdengo
|
|upkeep
|
|t:|1781143213
|switch|p1a: Great Tusk|Great Tusk|100/100
|turn|12
|
|t:|1781143217
|move|p1a: Great Tusk|Rapid Spin|p2a: Preacher
|-damage|p2a: Preacher|0 fnt
|-boost|p1a: Great Tusk|spe|1
|-sideend|p1: KurisuChestnutOU|Stealth Rock|[from] move: Rapid Spin|[of] p1a: Great Tusk
|faint|p2a: Preacher
|
|upkeep
|
|t:|1781143220
|switch|p2a: Acolyte|Iron Valiant|100/100
|-damage|p2a: Acolyte|88/100|[from] Spikes
|-enditem|p2a: Acolyte|Booster Energy
|-activate|p2a: Acolyte|ability: Quark Drive|[fromitem]
|-start|p2a: Acolyte|quarkdrivespe
|turn|13
|
|t:|1781143224
|-end|p1a: Great Tusk|Protosynthesis|[silent]
|switch|p1a: Slowking|Slowking-Galar, F|100/100
|move|p2a: Acolyte|Moonblast|p1a: Slowking
|-resisted|p1a: Slowking
|-damage|p1a: Slowking|91/100
|
|upkeep
|turn|14
|
|t:|1781143232
|move|p2a: Acolyte|Calm Mind|p2a: Acolyte
|-boost|p2a: Acolyte|spa|1
|-boost|p2a: Acolyte|spd|1
|move|p1a: Slowking|Future Sight|p2a: Acolyte
|-start|p1a: Slowking|move: Future Sight
|
|upkeep
|turn|15
|
|t:|1781143238
|move|p2a: Acolyte|Encore|p1a: Slowking
|-start|p1a: Slowking|Encore
|move|p1a: Slowking|Future Sight||[still]
|-fail|p1a: Slowking
|
|upkeep
|turn|16
|
|t:|1781143243
|switch|p1a: Gliscor|Gliscor, F|27/100 tox
|-terastallize|p2a: Acolyte|Ghost
|move|p2a: Acolyte|Calm Mind|p2a: Acolyte
|-boost|p2a: Acolyte|spa|1
|-boost|p2a: Acolyte|spd|1
|
|-end|p2a: Acolyte|move: Future Sight
|-damage|p2a: Acolyte|50/100
|-heal|p1a: Gliscor|40/100 tox|[from] ability: Poison Heal
|upkeep
|turn|17
|
|t:|1781143253
|switch|p1a: Slowking|Slowking-Galar, F|100/100
|move|p2a: Acolyte|Shadow Ball|p1a: Slowking
|-supereffective|p1a: Slowking
|-crit|p1a: Slowking
|-damage|p1a: Slowking|1/100
|
|upkeep
|turn|18
|
|t:|1781143259
|switch|p1a: Dondozo|Dondozo, F|100/100
|move|p2a: Acolyte|Shadow Ball|p1a: Dondozo
|-damage|p1a: Dondozo|65/100
|-unboost|p1a: Dondozo|spd|1
|
|-heal|p1a: Dondozo|71/100|[from] item: Leftovers
|upkeep
|turn|19
|
|t:|1781143265
|move|p2a: Acolyte|Moonblast|p1a: Dondozo
|-crit|p1a: Dondozo
|-damage|p1a: Dondozo|0 fnt
|faint|p1a: Dondozo
|
|upkeep
|
|t:|1781143270
|switch|p1a: Kingambit|Kingambit, F|100/100
|-activate|p1a: Kingambit|ability: Supreme Overlord
|-start|p1a: Kingambit|fallen2|[silent]
|turn|20
|
|t:|1781143275
|move|p1a: Kingambit|Sucker Punch|p2a: Acolyte
|-supereffective|p2a: Acolyte
|-damage|p2a: Acolyte|0 fnt
|faint|p2a: Acolyte
|-end|p2a: Acolyte|Quark Drive|[silent]
|
|upkeep
|
|t:|1781143279
|switch|p2a: Experiment|Scizor, F|67/100
|-damage|p2a: Experiment|55/100|[from] Spikes
|turn|21
|
|t:|1781143283
|move|p1a: Kingambit|Swords Dance|p1a: Kingambit
|-boost|p1a: Kingambit|atk|2
|move|p2a: Experiment|Close Combat|p1a: Kingambit
|-supereffective|p1a: Kingambit
|-damage|p1a: Kingambit|0 fnt
|-unboost|p2a: Experiment|def|1
|-unboost|p2a: Experiment|spd|1
|faint|p1a: Kingambit
|-end|p1a: Kingambit|fallen2|[silent]
|
|upkeep
|
|t:|1781143291
|switch|p1a: Gliscor|Gliscor, F|40/100 tox
|turn|22
|
|t:|1781143295
|switch|p2a: Holy Envoy|Alomomola, F|99/100
|-damage|p2a: Holy Envoy|87/100|[from] Spikes
|move|p1a: Gliscor|Spikes|p2a: Holy Envoy
|-sidestart|p2: The median voter|Spikes
|
|-heal|p1a: Gliscor|52/100 tox|[from] ability: Poison Heal
|upkeep
|turn|23
|
|t:|1781143300
|move|p1a: Gliscor|Spikes|p2a: Holy Envoy
|-sidestart|p2: The median voter|Spikes
|move|p2a: Holy Envoy|Scald|p1a: Gliscor
|-supereffective|p1a: Gliscor
|-damage|p1a: Gliscor|18/100 tox
|
|-heal|p1a: Gliscor|30/100 tox|[from] ability: Poison Heal
|upkeep
|turn|24
|
|t:|1781143309
|move|p1a: Gliscor|Protect|p1a: Gliscor
|-singleturn|p1a: Gliscor|Protect
|move|p2a: Holy Envoy|Scald|p1a: Gliscor
|-activate|p1a: Gliscor|move: Protect
|
|-heal|p1a: Gliscor|43/100 tox|[from] ability: Poison Heal
|upkeep
|turn|25
|
|t:|1781143315
|switch|p1a: Slowking|Slowking-Galar, F|34/100
|move|p2a: Holy Envoy|Scald|p1a: Slowking
|-damage|p1a: Slowking|29/100
|-status|p1a: Slowking|brn
|
|-damage|p1a: Slowking|23/100 brn|[from] brn
|upkeep
|turn|26
|
|t:|1781143319
|switch|p1a: Gliscor|Gliscor, F|43/100 tox
|move|p2a: Holy Envoy|Scald|p1a: Gliscor
|-supereffective|p1a: Gliscor
|-damage|p1a: Gliscor|11/100 tox
|
|-heal|p1a: Gliscor|24/100 tox|[from] ability: Poison Heal
|upkeep
|turn|27
|
|t:|1781143326
|move|p1a: Gliscor|Protect|p1a: Gliscor
|-singleturn|p1a: Gliscor|Protect
|move|p2a: Holy Envoy|Scald|p1a: Gliscor
|-activate|p1a: Gliscor|move: Protect
|
|-heal|p1a: Gliscor|36/100 tox|[from] ability: Poison Heal
|upkeep
|turn|28
|
|t:|1781143331
|switch|p1a: Slowking|Slowking-Galar, F|56/100 brn
|move|p2a: Holy Envoy|Flip Turn|p1a: Slowking
|-damage|p1a: Slowking|40/100 brn
|
|t:|1781143338
|switch|p2a: The End of All|Hoopa-Unbound|25/100|[from] Flip Turn
|-damage|p2a: The End of All|0 fnt|[from] Spikes
|faint|p2a: The End of All
|
|-damage|p1a: Slowking|34/100 brn|[from] brn
|upkeep
|-message|The median voter forfeited.
|
|win|KurisuChestnutOU
|raw|KurisuChestnutOU's rating: 1543 &rarr; <strong>1564</strong><br />(+21 for winning)
|raw|The median voter's rating: 1562 &rarr; <strong>1541</strong><br />(-21 for losing)
|l|☆The median voter
|player|p2|
