|j|☆jd2sleepy
|t:|1781564328
|gametype|singles
|player|p1|rizz of reko|cheren-gen5bw2|1585
|player|p2|jd2sleepy|blackbelt-gen4dp|1714
|gen|9
|tier|[Gen 9] OU
|rated|
|rule|HP Percentage Mod: HP is shown in percentages
|rule|Endless Battle Clause: Forcing endless battles is banned
|rule|Species Clause: Limit one of each Pokémon
|rule|OHKO Clause: OHKO moves are banned
|rule|Evasion Items Clause: Evasion items are banned
|rule|Evasion Moves Clause: Evasion moves are banned
|rule|Evasion Abilities Clause: Evasion abilities are banned
|rule|Sleep Moves Clause: Sleep-inducing moves are banned
|clearpoke
|poke|p1|Dragonite, M|
|poke|p1|Great Tusk|
|poke|p1|Skeledirge, M|
|poke|p1|Iron Valiant|
|poke|p1|Ogerpon-Wellspring, F|
|poke|p1|Zapdos|
|poke|p2|Zapdos-Galar|
|poke|p2|Slowking-Galar, M|
|poke|p2|Sinistcha|
|poke|p2|Iron Treads|
|poke|p2|Corviknight, M|
|poke|p2|Samurott-Hisui, F|
|teampreview
|j|☆rizz of reko
|player|p1|rizz of reko|cheren-gen5bw2|
|
|t:|1781564472
|teamsize|p1|6
|teamsize|p2|6
|start
|switch|p1a: Zapdos|Zapdos, shiny|100/100
|switch|p2a: Say it ain't Slo|Slowking-Galar, M|100/100
|turn|1
|
|t:|1781564493
|move|p1a: Zapdos|Thunder Wave|p2a: Say it ain't Slo
|-status|p2a: Say it ain't Slo|par
|move|p2a: Say it ain't Slo|Toxic|p1a: Zapdos
|-status|p1a: Zapdos|tox
|
|-damage|p1a: Zapdos|94/100 tox|[from] psn
|upkeep
|turn|2
|
|t:|1781564537
|switch|p1a: Ogerpon|Ogerpon-Wellspring, F|100/100
|move|p2a: Say it ain't Slo|Future Sight|p1a: Ogerpon
|-start|p2a: Say it ain't Slo|move: Future Sight
|
|upkeep
|turn|3
|
|t:|1781564557
|move|p1a: Ogerpon|Swords Dance|p1a: Ogerpon
|-boost|p1a: Ogerpon|atk|2
|move|p2a: Say it ain't Slo|Toxic|p1a: Ogerpon
|-status|p1a: Ogerpon|tox
|
|-damage|p1a: Ogerpon|94/100 tox|[from] psn
|upkeep
|turn|4
|
|t:|1781564580
|move|p1a: Ogerpon|Ivy Cudgel|p2a: Say it ain't Slo|[anim] Ivy Cudgel Water
|-damage|p2a: Say it ain't Slo|8/100 par
|-prepare|p2a: Say it ain't Slo|Chilly Reception|[premajor]
|move|p2a: Say it ain't Slo|Chilly Reception|p2a: Say it ain't Slo
|-weather|Snowscape
|
|t:|1781564585
|switch|p2a: Corvette Corvette|Corviknight, M|100/100|[from] Chilly Reception
|-ability|p2a: Corvette Corvette|Pressure
|
|-weather|Snowscape|[upkeep]
|-end|p1a: Ogerpon|move: Future Sight
|-damage|p1a: Ogerpon|46/100 tox
|-damage|p1a: Ogerpon|34/100 tox|[from] psn
|upkeep
|turn|5
|
|t:|1781564606
|-terastallize|p1a: Ogerpon|Water
|detailschange|p1a: Ogerpon|Ogerpon-Wellspring-Tera, F, tera:Water
|-ability|p1a: Ogerpon|Embody Aspect (Wellspring)|boost
|-boost|p1a: Ogerpon|spd|1
|move|p1a: Ogerpon|Ivy Cudgel|p2a: Corvette Corvette|[anim] Ivy Cudgel Water
|-damage|p2a: Corvette Corvette|14/100
|move|p2a: Corvette Corvette|U-turn|p1a: Ogerpon
|-damage|p1a: Ogerpon|14/100 tox
|
|t:|1781564612
|switch|p2a: Say it ain't Slo|Slowking-Galar, M|42/100 par|[from] U-turn
|
|-weather|Snowscape|[upkeep]
|-damage|p1a: Ogerpon|0 fnt|[from] psn
|faint|p1a: Ogerpon
|detailschange|p1: Ogerpon|Ogerpon-Wellspring, F|[silent]
|upkeep
|l|☆rizz of reko
|player|p1|
|j|☆rizz of reko
|player|p1|rizz of reko|cheren-gen5bw2|
|
|t:|1781564731
|switch|p1a: Iron Valiant|Iron Valiant, shiny|100/100
|-enditem|p1a: Iron Valiant|Booster Energy
|-activate|p1a: Iron Valiant|ability: Quark Drive|[fromitem]
|-start|p1a: Iron Valiant|quarkdrivespe
|turn|6
|
|t:|1781564746
|move|p1a: Iron Valiant|Shadow Ball|p2a: Say it ain't Slo
|-supereffective|p2a: Say it ain't Slo
|-damage|p2a: Say it ain't Slo|0 fnt
|faint|p2a: Say it ain't Slo
|
|-weather|Snowscape|[upkeep]
|upkeep
|
|t:|1781564765
|switch|p2a: Tready Way|Iron Treads|100/100
|turn|7
|j| Large_Rodent
|
|t:|1781564770
|move|p1a: Iron Valiant|Calm Mind|p1a: Iron Valiant
|-boost|p1a: Iron Valiant|spa|1
|-boost|p1a: Iron Valiant|spd|1
|move|p2a: Tready Way|Earthquake|p1a: Iron Valiant
|-damage|p1a: Iron Valiant|55/100
|
|-weather|Snowscape|[upkeep]
|upkeep
|turn|8
|
|t:|1781564776
|move|p1a: Iron Valiant|Vacuum Wave|p2a: Tready Way
|-supereffective|p2a: Tready Way
|-damage|p2a: Tready Way|36/100
|move|p2a: Tready Way|Earthquake|p1a: Iron Valiant
|-damage|p1a: Iron Valiant|10/100
|
|-weather|none
|upkeep
|turn|9
|
|t:|1781564790
|-end|p2a: Tready Way|Quark Drive|[silent]
|switch|p2a: Corvette Corvette|Corviknight, M|14/100
|-ability|p2a: Corvette Corvette|Pressure
|move|p1a: Iron Valiant|Vacuum Wave|p2a: Corvette Corvette
|-damage|p2a: Corvette Corvette|0 fnt
|faint|p2a: Corvette Corvette
|
|upkeep
|
|t:|1781564795
|switch|p2a: Samurott-Jack|Samurott-Hisui, F|100/100
|turn|10
|
|t:|1781564810
|move|p1a: Iron Valiant|Moonblast|p2a: Samurott-Jack
|-supereffective|p2a: Samurott-Jack
|-damage|p2a: Samurott-Jack|7/100
|move|p2a: Samurott-Jack|Aqua Cutter|p1a: Iron Valiant
|-damage|p1a: Iron Valiant|0 fnt
|faint|p1a: Iron Valiant
|-end|p1a: Iron Valiant|Quark Drive|[silent]
|
|upkeep
|l| Large_Rodent
|
|t:|1781564822
|switch|p1a: Dragonite|Dragonite, M, shiny|100/100
|turn|11
|
|t:|1781564831
|move|p1a: Dragonite|Extreme Speed|p2a: Samurott-Jack
|-damage|p2a: Samurott-Jack|0 fnt
|faint|p2a: Samurott-Jack
|
|upkeep
|
|t:|1781564835
|switch|p2a: Gotcha!|Sinistcha|100/100
|turn|12
|
|t:|1781564851
|switch|p1a: Zapdos|Zapdos, shiny|94/100 tox
|switch|p2a: Tready Way|Iron Treads|36/100
|
|-heal|p1a: Zapdos|100/100 tox|[from] item: Leftovers
|-damage|p1a: Zapdos|94/100 tox|[from] psn
|upkeep
|turn|13
|
|t:|1781564855
|move|p2a: Tready Way|Stealth Rock|p1a: Zapdos
|-sidestart|p1: rizz of reko|move: Stealth Rock
|move|p1a: Zapdos|Heat Wave|p2a: Tready Way
|-supereffective|p2a: Tready Way
|-damage|p2a: Tready Way|0 fnt
|faint|p2a: Tready Way
|-end|p2a: Tready Way|Quark Drive|[silent]
|
|-heal|p1a: Zapdos|100/100 tox|[from] item: Leftovers
|-damage|p1a: Zapdos|88/100 tox|[from] psn
|upkeep
|j| lowladderubersnoob
|
|t:|1781564864
|switch|p2a: The Gaps Not Close|Zapdos-Galar|100/100
|turn|14
|
|t:|1781564869
|move|p2a: The Gaps Not Close|Knock Off|p1a: Zapdos
|-damage|p1a: Zapdos|36/100 tox
|-status|p2a: The Gaps Not Close|par|[from] ability: Static|[of] p1a: Zapdos
|-enditem|p1a: Zapdos|Leftovers|[from] move: Knock Off|[of] p2a: The Gaps Not Close
|move|p1a: Zapdos|Thunder Wave|p2a: The Gaps Not Close
|-fail|p2a: The Gaps Not Close|par
|
|-damage|p1a: Zapdos|18/100 tox|[from] psn
|upkeep
|turn|15
|
|t:|1781564878
|move|p1a: Zapdos|Discharge|p2a: The Gaps Not Close
|-supereffective|p2a: The Gaps Not Close
|-damage|p2a: The Gaps Not Close|18/100 par
|move|p2a: The Gaps Not Close|Knock Off|p1a: Zapdos
|-damage|p1a: Zapdos|0 fnt
|faint|p1a: Zapdos
|
|upkeep
|
|t:|1781564884
|switch|p1a: Great Tusk|Great Tusk, shiny|100/100
|-damage|p1a: Great Tusk|97/100|[from] Stealth Rock
|-enditem|p1a: Great Tusk|Booster Energy
|-activate|p1a: Great Tusk|ability: Protosynthesis|[fromitem]
|-start|p1a: Great Tusk|protosynthesisatk
|turn|16
|
|t:|1781564888
|move|p1a: Great Tusk|Bulk Up|p1a: Great Tusk
|-boost|p1a: Great Tusk|atk|1
|-boost|p1a: Great Tusk|def|1
|cant|p2a: The Gaps Not Close|par
|
|upkeep
|turn|17
|
|t:|1781564895
|move|p1a: Great Tusk|Bulk Up|p1a: Great Tusk
|-boost|p1a: Great Tusk|atk|1
|-boost|p1a: Great Tusk|def|1
|cant|p2a: The Gaps Not Close|par
|
|upkeep
|turn|18
|
|t:|1781564901
|move|p1a: Great Tusk|Rapid Spin|p2a: The Gaps Not Close
|-damage|p2a: The Gaps Not Close|0 fnt
|-boost|p1a: Great Tusk|spe|1
|-sideend|p1: rizz of reko|Stealth Rock|[from] move: Rapid Spin|[of] p1a: Great Tusk
|faint|p2a: The Gaps Not Close
|
|upkeep
|
|t:|1781564902
|switch|p2a: Gotcha!|Sinistcha|100/100
|turn|19
|
|t:|1781564907
|-terastallize|p2a: Gotcha!|Fairy
|move|p1a: Great Tusk|Ice Spinner|p2a: Gotcha!
|-damage|p2a: Gotcha!|41/100
|move|p2a: Gotcha!|Matcha Gotcha|p1a: Great Tusk
|-supereffective|p1a: Great Tusk
|-damage|p1a: Great Tusk|7/100
|-heal|p2a: Gotcha!|91/100|[from] drain|[of] p1a: Great Tusk
|-status|p1a: Great Tusk|brn
|
|-damage|p1a: Great Tusk|1/100 brn|[from] brn
|upkeep
|turn|20
|
|t:|1781564912
|move|p1a: Great Tusk|Headlong Rush|p2a: Gotcha!
|-damage|p2a: Gotcha!|27/100
|-unboost|p1a: Great Tusk|def|1
|-unboost|p1a: Great Tusk|spd|1
|move|p2a: Gotcha!|Strength Sap|p1a: Great Tusk
|-unboost|p1a: Great Tusk|atk|1
|-heal|p2a: Gotcha!|100/100
|
|-damage|p1a: Great Tusk|0 fnt|[from] brn
|faint|p1a: Great Tusk
|-end|p1a: Great Tusk|Protosynthesis|[silent]
|upkeep
|
|t:|1781564919
|switch|p1a: Skeledirge|Skeledirge, M, shiny|100/100
|turn|21
|
|t:|1781564924
|move|p2a: Gotcha!|Shadow Ball|p1a: Skeledirge
|-supereffective|p1a: Skeledirge
|-damage|p1a: Skeledirge|35/100
|move|p1a: Skeledirge|Torch Song|p2a: Gotcha!
|-damage|p2a: Gotcha!|83/100
|-boost|p1a: Skeledirge|spa|1
|
|upkeep
|turn|22
|
|t:|1781564930
|move|p2a: Gotcha!|Shadow Ball|p1a: Skeledirge
|-supereffective|p1a: Skeledirge
|-damage|p1a: Skeledirge|0 fnt
|faint|p1a: Skeledirge
|
|upkeep
|
|t:|1781564935
|switch|p1a: Dragonite|Dragonite, M, shiny|100/100
|turn|23
|
|t:|1781564972
|move|p1a: Dragonite|Dragon Dance|p1a: Dragonite
|-boost|p1a: Dragonite|atk|1
|-boost|p1a: Dragonite|spe|1
|move|p2a: Gotcha!|Shadow Ball|p1a: Dragonite
|-damage|p1a: Dragonite|85/100
|
|-heal|p1a: Dragonite|92/100|[from] item: Leftovers
|upkeep
|turn|24
|
|t:|1781564983
|move|p1a: Dragonite|Dragon Dance|p1a: Dragonite
|-boost|p1a: Dragonite|atk|1
|-boost|p1a: Dragonite|spe|1
|move|p2a: Gotcha!|Shadow Ball|p1a: Dragonite
|-damage|p1a: Dragonite|62/100
|
|-heal|p1a: Dragonite|68/100|[from] item: Leftovers
|upkeep
|turn|25
|
|t:|1781564988
|move|p1a: Dragonite|Earthquake|p2a: Gotcha!
|-damage|p2a: Gotcha!|24/100
|move|p2a: Gotcha!|Shadow Ball|p1a: Dragonite
|-damage|p1a: Dragonite|39/100
|
|-heal|p1a: Dragonite|45/100|[from] item: Leftovers
|upkeep
|turn|26
|
|t:|1781564994
|move|p1a: Dragonite|Earthquake|p2a: Gotcha!
|-damage|p2a: Gotcha!|0 fnt
|faint|p2a: Gotcha!
|
|win|rizz of reko
|raw|rizz of reko's rating: 1585 &rarr; <strong>1612</strong><br />(+27 for winning)
|raw|jd2sleepy's rating: 1714 &rarr; <strong>1687</strong><br />(-27 for losing)
|l|☆jd2sleepy
|player|p2|
|l| lowladderubersnoob
|l|☆rizz of reko
|player|p1|
