|badge|p1|bronze|gen9ubers|100-9
|uhtml|medal-msg|<div class="broadcast-blue">Curious what those medals under the avatar are? PS now has Ladder Seasons! For more information, check out the <a href="https://www.smogon.com/forums/threads/3740067/">thread on Smogon.</a></div>
|j|☆DriftedEx
|j|☆icylikedecember
|t:|1781194517
|gametype|singles
|player|p1|DriftedEx|rocketgrunt|1736
|player|p2|icylikedecember|smasher|1744
|gen|9
|tier|[Gen 9] OU
|rated|
|rule|HP Percentage Mod: HP is shown in percentages
|rule|Endless Battle Clause: Forcing endless battles is banned
|rule|Species Clause: Limit one of each Pokémon
|rule|OHKO Clause: OHKO moves are banned
|rule|Evasion Items Clause: Evasion items are banned
|rule|Evasion Moves Clause: Evasion moves are banned
|rule|Evasion Abilities Clause: Evasion abilities are banned
|rule|Sleep Moves Clause: Sleep-inducing moves are banned
|clearpoke
|poke|p1|Dragapult, F|
|poke|p1|Dragonite, F|
|poke|p1|Ting-Lu|
|poke|p1|Weezing-Galar, M|
|poke|p1|Iron Crown|
|poke|p1|Zapdos|
|poke|p2|Corviknight, F|
|poke|p2|Slowking-Galar, F|
|poke|p2|Darkrai|
|poke|p2|Kyurem|
|poke|p2|Zamazenta-*|
|poke|p2|Crawdaunt, F|
|teampreview
|inactive|Battle timer is ON: inactive players will automatically lose when time's up. (requested by DriftedEx)
|
|t:|1781194531
|teamsize|p1|6
|teamsize|p2|6
|start
|switch|p1a: Zapdos|Zapdos|100/100
|switch|p2a: Slowking|Slowking-Galar, F, shiny|100/100
|turn|1
|
|t:|1781194533
|move|p1a: Zapdos|Volt Switch|p2a: Slowking
|-damage|p2a: Slowking|84/100
|
|t:|1781194535
|switch|p1a: Ting-Lu|Ting-Lu|100/100|[from] Volt Switch
|-ability|p1a: Ting-Lu|Vessel of Ruin
|move|p2a: Slowking|Ice Beam|p1a: Ting-Lu
|-supereffective|p1a: Ting-Lu
|-damage|p1a: Ting-Lu|76/100
|
|-heal|p1a: Ting-Lu|82/100|[from] item: Leftovers
|upkeep
|turn|2
|
|t:|1781194538
|switch|p2a: Kyurem|Kyurem|100/100
|-ability|p2a: Kyurem|Pressure
|move|p1a: Ting-Lu|Stealth Rock|p2a: Kyurem
|-sidestart|p2: icylikedecember|move: Stealth Rock
|
|-heal|p1a: Ting-Lu|88/100|[from] item: Leftovers
|upkeep
|turn|3
|j| Krokmouyoyo
|
|t:|1781194541
|move|p2a: Kyurem|Ice Beam|p1a: Ting-Lu
|-supereffective|p1a: Ting-Lu
|-damage|p1a: Ting-Lu|34/100
|move|p1a: Ting-Lu|Earthquake|p2a: Kyurem
|-damage|p2a: Kyurem|66/100
|
|-heal|p1a: Ting-Lu|40/100|[from] item: Leftovers
|upkeep
|turn|4
|j| Hakone Outbound
|
|t:|1781194545
|switch|p1a: Iron Crown|Iron Crown|100/100
|move|p2a: Kyurem|Ice Beam|p1a: Iron Crown
|-resisted|p1a: Iron Crown
|-damage|p1a: Iron Crown|65/100
|-status|p1a: Iron Crown|frz
|
|upkeep
|turn|5
|
|t:|1781194548
|switch|p2a: Slowking|Slowking-Galar, F, shiny|100/100
|-damage|p2a: Slowking|88/100|[from] Stealth Rock
|cant|p1a: Iron Crown|frz
|
|upkeep
|turn|6
|
|t:|1781194554
|switch|p2a: Crawdaunt|Crawdaunt, F|100/100
|-damage|p2a: Crawdaunt|88/100|[from] Stealth Rock
|cant|p1a: Iron Crown|frz
|
|upkeep
|turn|7
|
|t:|1781194556
|cant|p1a: Iron Crown|frz
|move|p2a: Crawdaunt|Crabhammer|p1a: Iron Crown
|-damage|p1a: Iron Crown|0 fnt
|faint|p1a: Iron Crown
|-end|p1a: Iron Crown|Quark Drive|[silent]
|
|upkeep
|
|t:|1781194558
|switch|p1a: Zapdos|Zapdos|100/100
|turn|8
|
|t:|1781194564
|switch|p2a: Slowking|Slowking-Galar, F, shiny|100/100
|-damage|p2a: Slowking|88/100|[from] Stealth Rock
|move|p1a: Zapdos|Volt Switch|p2a: Slowking
|-damage|p2a: Slowking|70/100
|
|t:|1781194565
|switch|p1a: Dragapult|Dragapult, F|100/100|[from] Volt Switch
|
|upkeep
|turn|9
|
|t:|1781194567
|move|p1a: Dragapult|U-turn|p2a: Slowking
|-damage|p2a: Slowking|49/100
|
|t:|1781194569
|switch|p1a: Ting-Lu|Ting-Lu|40/100|[from] U-turn
|-ability|p1a: Ting-Lu|Vessel of Ruin
|move|p2a: Slowking|Ice Beam|p1a: Ting-Lu
|-supereffective|p1a: Ting-Lu
|-damage|p1a: Ting-Lu|17/100
|
|-heal|p1a: Ting-Lu|23/100|[from] item: Leftovers
|upkeep
|turn|10
|
|t:|1781194573
|switch|p2a: Corviknight|Corviknight, F, shiny|100/100
|-damage|p2a: Corviknight|88/100|[from] Stealth Rock
|-ability|p2a: Corviknight|Pressure
|move|p1a: Ting-Lu|Whirlwind|p2a: Corviknight
|drag|p2a: Slowking|Slowking-Galar, F, shiny|82/100
|-damage|p2a: Slowking|70/100|[from] Stealth Rock
|
|-heal|p1a: Ting-Lu|29/100|[from] item: Leftovers
|upkeep
|turn|11
|
|t:|1781194575
|switch|p2a: Corviknight|Corviknight, F, shiny|88/100
|-damage|p2a: Corviknight|76/100|[from] Stealth Rock
|-ability|p2a: Corviknight|Pressure
|move|p1a: Ting-Lu|Earthquake|p2a: Corviknight
|-immune|p2a: Corviknight
|
|-heal|p1a: Ting-Lu|36/100|[from] item: Leftovers
|upkeep
|turn|12
|
|t:|1781194577
|move|p2a: Corviknight|Defog|p1a: Ting-Lu
|-unboost|p1a: Ting-Lu|evasion|1
|-sideend|p2: icylikedecember|Stealth Rock|[from] move: Defog|[of] p2a: Corviknight
|move|p1a: Ting-Lu|Whirlwind|p2a: Corviknight
|drag|p2a: Crawdaunt|Crawdaunt, F|88/100
|
|-heal|p1a: Ting-Lu|42/100|[from] item: Leftovers
|upkeep
|turn|13
|
|t:|1781194581
|move|p2a: Crawdaunt|Crabhammer|p1a: Ting-Lu
|-supereffective|p1a: Ting-Lu
|-damage|p1a: Ting-Lu|0 fnt
|faint|p1a: Ting-Lu
|
|upkeep
|
|t:|1781194583
|switch|p1a: Zapdos|Zapdos|100/100
|turn|14
|
|t:|1781194585
|switch|p2a: Slowking|Slowking-Galar, F, shiny|100/100
|move|p1a: Zapdos|Volt Switch|p2a: Slowking
|-crit|p2a: Slowking
|-damage|p2a: Slowking|75/100
|
|t:|1781194587
|switch|p1a: Dragapult|Dragapult, F|100/100|[from] Volt Switch
|
|upkeep
|turn|15
|
|t:|1781194589
|-terastallize|p1a: Dragapult|Dragon
|move|p1a: Dragapult|Dragon Darts|p2a: Slowking
|-damage|p2a: Slowking|47/100
|-anim|p1a: Dragapult|Dragon Darts|p2a: Slowking
|-damage|p2a: Slowking|19/100
|move|p2a: Slowking|Ice Beam|p1a: Dragapult
|-supereffective|p1a: Dragapult
|-damage|p1a: Dragapult|22/100
|-start|p2a: Slowking|Disable|Ice Beam|[from] ability: Cursed Body|[of] p1a: Dragapult
|
|upkeep
|turn|16
|
|t:|1781194600
|switch|p2a: Corviknight|Corviknight, F, shiny|76/100
|-ability|p2a: Corviknight|Pressure
|move|p1a: Dragapult|Will-O-Wisp|p2a: Corviknight
|-status|p2a: Corviknight|brn
|
|-damage|p2a: Corviknight|70/100 brn|[from] brn
|upkeep
|turn|17
|
|t:|1781194602
|move|p1a: Dragapult|Hex|p2a: Corviknight
|-damage|p2a: Corviknight|16/100 brn
|move|p2a: Corviknight|Brave Bird|p1a: Dragapult
|-damage|p1a: Dragapult|0 fnt
|-start|p2a: Corviknight|Disable|Brave Bird|[from] ability: Cursed Body|[of] p1a: Dragapult
|faint|p1a: Dragapult
|-damage|p2a: Corviknight|10/100 brn|[from] Recoil
|
|-damage|p2a: Corviknight|4/100 brn|[from] brn
|upkeep
|
|t:|1781194605
|switch|p1a: Zapdos|Zapdos|100/100
|turn|18
|
|t:|1781194607
|move|p1a: Zapdos|Volt Switch|p2a: Corviknight
|-supereffective|p2a: Corviknight
|-damage|p2a: Corviknight|0 fnt
|faint|p2a: Corviknight
|
|t:|1781194610
|switch|p1a: Dragonite|Dragonite, F|100/100|[from] Volt Switch
|
|upkeep
|
|t:|1781194619
|switch|p2a: Kyurem|Kyurem|66/100
|-ability|p2a: Kyurem|Pressure
|turn|19
|
|t:|1781194624
|switch|p1a: Weezing|Weezing-Galar, M|100/100
|-ability|p1a: Weezing|Neutralizing Gas
|move|p2a: Kyurem|Ice Beam|p1a: Weezing
|-damage|p1a: Weezing|0 fnt
|faint|p1a: Weezing
|-end|p1a: Weezing|ability: Neutralizing Gas
|-ability|p2a: Kyurem|Pressure
|
|upkeep
|
|t:|1781194625
|switch|p1a: Zapdos|Zapdos|100/100
|turn|20
|
|t:|1781194627
|-terastallize|p2a: Kyurem|Ground
|move|p1a: Zapdos|Hurricane|p2a: Kyurem|[miss]
|-miss|p1a: Zapdos|p2a: Kyurem
|move|p2a: Kyurem|Ice Beam|p1a: Zapdos
|-supereffective|p1a: Zapdos
|-damage|p1a: Zapdos|0 fnt
|faint|p1a: Zapdos
|
|upkeep
|
|t:|1781194631
|switch|p1a: Dragonite|Dragonite, F|100/100
|turn|21
|
|t:|1781194632
|move|p2a: Kyurem|Ice Beam|p1a: Dragonite
|-supereffective|p1a: Dragonite
|-damage|p1a: Dragonite|0 fnt
|faint|p1a: Dragonite
|
|win|icylikedecember
|raw|DriftedEx's rating: 1736 &rarr; <strong>1716</strong><br />(-20 for losing)
|raw|icylikedecember's rating: 1744 &rarr; <strong>1764</strong><br />(+20 for winning)
|l|☆DriftedEx
|player|p1|
|l|☆icylikedecember
|player|p2|
|l| Krokmouyoyo
