|j|☆notendistic
|j|☆arbok super yea
|t:|1781556709
|gametype|singles
|player|p1|notendistic|lusamine-masters|1573
|player|p2|arbok super yea|bugcatcher-gen4dp|1584
|gen|9
|tier|[Gen 9] OU
|rated|
|rule|HP Percentage Mod: HP is shown in percentages
|rule|Endless Battle Clause: Forcing endless battles is banned
|rule|Species Clause: Limit one of each Pokémon
|rule|OHKO Clause: OHKO moves are banned
|rule|Evasion Items Clause: Evasion items are banned
|rule|Evasion Moves Clause: Evasion moves are banned
|rule|Evasion Abilities Clause: Evasion abilities are banned
|rule|Sleep Moves Clause: Sleep-inducing moves are banned
|clearpoke
|poke|p1|Pelipper, F|
|poke|p1|Raging Bolt|
|poke|p1|Overqwil, M|
|poke|p1|Barraskewda, M|
|poke|p1|Iron Treads|
|poke|p1|Kingambit, M|
|poke|p2|Arbok, F|
|poke|p2|Heatran, F|
|poke|p2|Tornadus-Therian, M|
|poke|p2|Great Tusk|
|poke|p2|Darkrai|
|poke|p2|Ogerpon-Wellspring, F|
|teampreview
|inactive|Battle timer is ON: inactive players will automatically lose when time's up. (requested by notendistic)
|
|t:|1781556729
|teamsize|p1|6
|teamsize|p2|6
|start
|switch|p1a: Iron Treads|Iron Treads|100/100
|switch|p2a: Darkrai|Darkrai|100/100
|-enditem|p1a: Iron Treads|Booster Energy
|-activate|p1a: Iron Treads|ability: Quark Drive|[fromitem]
|-start|p1a: Iron Treads|quarkdrivespe
|turn|1
|
|t:|1781556737
|move|p1a: Iron Treads|Steel Beam|p2a: Darkrai
|-damage|p2a: Darkrai|16/100
|-damage|p1a: Iron Treads|50/100|[from] steelbeam
|move|p2a: Darkrai|Focus Blast|p1a: Iron Treads
|-supereffective|p1a: Iron Treads
|-damage|p1a: Iron Treads|0 fnt
|faint|p1a: Iron Treads
|-end|p1a: Iron Treads|Quark Drive|[silent]
|
|upkeep
|
|t:|1781556745
|switch|p1a: Barraskewda|Barraskewda, M|100/100
|turn|2
|
|t:|1781556759
|switch|p2a: asoS evoL|Arbok, F|100/100
|-ability|p2a: asoS evoL|Intimidate|boost
|-unboost|p1a: Barraskewda|atk|1
|move|p1a: Barraskewda|Close Combat|p2a: asoS evoL
|-resisted|p2a: asoS evoL
|-damage|p2a: asoS evoL|78/100
|-unboost|p1a: Barraskewda|def|1
|-unboost|p1a: Barraskewda|spd|1
|
|-heal|p2a: asoS evoL|84/100|[from] item: Black Sludge
|upkeep
|turn|3
|
|t:|1781556777
|switch|p1a: Pelipper|Pelipper, F|100/100
|-weather|RainDance|[from] ability: Drizzle|[of] p1a: Pelipper
|move|p2a: asoS evoL|Switcheroo|p1a: Pelipper
|-activate|p2a: asoS evoL|move: Trick|[of] p1a: Pelipper
|-item|p1a: Pelipper|Black Sludge|[from] move: Switcheroo
|-item|p2a: asoS evoL|Damp Rock|[from] move: Switcheroo
|
|-weather|RainDance|[upkeep]
|-damage|p1a: Pelipper|88/100|[from] item: Black Sludge
|upkeep
|turn|4
|c|☆notendistic|Shiest
|
|t:|1781556791
|move|p2a: asoS evoL|Glare|p1a: Pelipper
|-status|p1a: Pelipper|par
|move|p1a: Pelipper|U-turn|p2a: asoS evoL
|-resisted|p2a: asoS evoL
|-damage|p2a: asoS evoL|80/100
|
|t:|1781556811
|switch|p1a: Overqwil|Overqwil, M|100/100|[from] U-turn
|
|-weather|RainDance|[upkeep]
|upkeep
|turn|5
|
|t:|1781556818
|move|p1a: Overqwil|Liquidation|p2a: asoS evoL
|-damage|p2a: asoS evoL|21/100
|-damage|p1a: Overqwil|91/100|[from] item: Life Orb
|move|p2a: asoS evoL|Glare|p1a: Overqwil
|-status|p1a: Overqwil|par
|
|-weather|RainDance|[upkeep]
|upkeep
|turn|6
|
|t:|1781556824
|move|p1a: Overqwil|Liquidation|p2a: asoS evoL
|-damage|p2a: asoS evoL|0 fnt
|faint|p2a: asoS evoL
|-damage|p1a: Overqwil|81/100 par|[from] item: Life Orb
|
|-weather|RainDance|[upkeep]
|upkeep
|
|t:|1781556850
|switch|p2a: Great Tusk|Great Tusk|100/100
|turn|7
|inactive|arbok super yea has 120 seconds left.
|
|t:|1781556870
|-end|p2a: Great Tusk|Protosynthesis|[silent]
|switch|p2a: Ogerpon|Ogerpon-Wellspring, F|100/100
|switch|p1a: Pelipper|Pelipper, F|88/100 par
|
|-weather|RainDance|[upkeep]
|-damage|p1a: Pelipper|76/100 par|[from] item: Black Sludge
|upkeep
|turn|8
|
|t:|1781556878
|move|p2a: Ogerpon|Power Whip|p1a: Pelipper
|-damage|p1a: Pelipper|20/100 par
|cant|p1a: Pelipper|par
|
|-weather|RainDance|[upkeep]
|-damage|p1a: Pelipper|8/100 par|[from] item: Black Sludge
|upkeep
|turn|9
|
|t:|1781556888
|switch|p1a: Kingambit|Kingambit, M|100/100
|-activate|p1a: Kingambit|ability: Supreme Overlord
|-start|p1a: Kingambit|fallen1|[silent]
|move|p2a: Ogerpon|Play Rough|p1a: Kingambit
|-damage|p1a: Kingambit|74/100
|
|-weather|RainDance|[upkeep]
|-heal|p1a: Kingambit|80/100|[from] item: Leftovers
|upkeep
|turn|10
|
|t:|1781556896
|move|p1a: Kingambit|Sucker Punch|p2a: Ogerpon
|-damage|p2a: Ogerpon|44/100
|move|p2a: Ogerpon|Ivy Cudgel|p1a: Kingambit|[anim] Ivy Cudgel Water
|-damage|p1a: Kingambit|12/100
|
|-weather|none
|-heal|p1a: Kingambit|18/100|[from] item: Leftovers
|upkeep
|turn|11
|
|t:|1781556905
|-end|p1a: Kingambit|fallen1|[silent]
|switch|p1a: Pelipper|Pelipper, F|8/100 par
|-weather|RainDance|[from] ability: Drizzle|[of] p1a: Pelipper
|move|p2a: Ogerpon|Encore||[still]
|-fail|p2a: Ogerpon
|
|-weather|RainDance|[upkeep]
|-damage|p1a: Pelipper|0 fnt|[from] item: Black Sludge
|faint|p1a: Pelipper
|upkeep
|
|t:|1781556915
|switch|p1a: Barraskewda|Barraskewda, M|100/100
|turn|12
|
|t:|1781556944
|switch|p2a: Tornadus|Tornadus-Therian, M|100/100
|-terastallize|p1a: Barraskewda|Water
|move|p1a: Barraskewda|Close Combat|p2a: Tornadus
|-resisted|p2a: Tornadus
|-damage|p2a: Tornadus|56/100
|-unboost|p1a: Barraskewda|def|1
|-unboost|p1a: Barraskewda|spd|1
|
|-weather|RainDance|[upkeep]
|upkeep
|turn|13
|inactive|arbok super yea has 120 seconds left.
|
|t:|1781556961
|switch|p1a: Overqwil|Overqwil, M|81/100 par
|switch|p2a: Great Tusk|Great Tusk|100/100
|
|-weather|RainDance|[upkeep]
|upkeep
|turn|14
|
|t:|1781556967
|move|p2a: Great Tusk|Headlong Rush|p1a: Overqwil
|-supereffective|p1a: Overqwil
|-damage|p1a: Overqwil|0 fnt
|-unboost|p2a: Great Tusk|def|1
|-unboost|p2a: Great Tusk|spd|1
|faint|p1a: Overqwil
|
|-weather|RainDance|[upkeep]
|upkeep
|
|t:|1781556970
|switch|p1a: Barraskewda|Barraskewda, M, tera:Water|100/100
|turn|15
|
|t:|1781556981
|move|p1a: Barraskewda|Flip Turn|p2a: Great Tusk
|-supereffective|p2a: Great Tusk
|-damage|p2a: Great Tusk|0 fnt
|faint|p2a: Great Tusk
|-end|p2a: Great Tusk|Protosynthesis|[silent]
|
|t:|1781556990
|switch|p1a: Raging Bolt|Raging Bolt|100/100|[from] Flip Turn
|-enditem|p1a: Raging Bolt|Booster Energy
|-activate|p1a: Raging Bolt|ability: Protosynthesis|[fromitem]
|-start|p1a: Raging Bolt|protosynthesisspa
|
|-weather|none
|upkeep
|
|t:|1781557004
|switch|p2a: Heatran|Heatran, F|100/100
|turn|16
|
|t:|1781557011
|move|p1a: Raging Bolt|Thunder|p2a: Heatran
|-damage|p2a: Heatran|44/100
|move|p2a: Heatran|Stealth Rock|p1a: Raging Bolt
|-sidestart|p1: notendistic|move: Stealth Rock
|
|-heal|p2a: Heatran|50/100|[from] item: Leftovers
|upkeep
|turn|17
|
|t:|1781557031
|move|p1a: Raging Bolt|Thunder|p2a: Heatran
|-damage|p2a: Heatran|0 fnt
|faint|p2a: Heatran
|
|upkeep
|
|t:|1781557041
|switch|p2a: Tornadus|Tornadus-Therian, M|89/100
|turn|18
|
|t:|1781557063
|switch|p2a: Ogerpon|Ogerpon-Wellspring, F|44/100
|move|p1a: Raging Bolt|Thunderclap||[still]
|-fail|p1a: Raging Bolt
|
|upkeep
|turn|19
|
|t:|1781557071
|move|p2a: Ogerpon|Power Whip|p1a: Raging Bolt
|-resisted|p1a: Raging Bolt
|-damage|p1a: Raging Bolt|70/100
|move|p1a: Raging Bolt|Draco Meteor|p2a: Ogerpon|[miss]
|-miss|p1a: Raging Bolt|p2a: Ogerpon
|
|upkeep
|turn|20
|
|t:|1781557080
|move|p1a: Raging Bolt|Thunderclap|p2a: Ogerpon
|-damage|p2a: Ogerpon|0 fnt
|faint|p2a: Ogerpon
|
|upkeep
|
|t:|1781557087
|switch|p2a: Darkrai|Darkrai|16/100
|turn|21
|
|t:|1781557108
|-terastallize|p2a: Darkrai|Dark
|move|p2a: Darkrai|Sucker Punch|p1a: Raging Bolt
|-damage|p1a: Raging Bolt|37/100
|move|p1a: Raging Bolt|Thunderclap||[still]
|-fail|p1a: Raging Bolt
|
|upkeep
|turn|22
|
|t:|1781557116
|-end|p1a: Raging Bolt|Protosynthesis|[silent]
|switch|p1a: Kingambit|Kingambit, M|18/100
|-damage|p1a: Kingambit|12/100|[from] Stealth Rock
|-activate|p1a: Kingambit|ability: Supreme Overlord
|-start|p1a: Kingambit|fallen3|[silent]
|move|p2a: Darkrai|Dark Pulse|p1a: Kingambit
|-resisted|p1a: Kingambit
|-damage|p1a: Kingambit|0 fnt
|faint|p1a: Kingambit
|-end|p1a: Kingambit|fallen3|[silent]
|
|upkeep
|
|t:|1781557117
|switch|p1a: Barraskewda|Barraskewda, M, tera:Water|100/100
|-damage|p1a: Barraskewda|88/100|[from] Stealth Rock
|turn|23
|
|t:|1781557125
|move|p2a: Darkrai|Sucker Punch|p1a: Barraskewda
|-damage|p1a: Barraskewda|23/100
|move|p1a: Barraskewda|Aqua Jet|p2a: Darkrai
|-damage|p2a: Darkrai|0 fnt
|faint|p2a: Darkrai
|
|upkeep
|
|t:|1781557128
|switch|p2a: Tornadus|Tornadus-Therian, M|100/100
|turn|24
|-message|arbok super yea forfeited.
|
|win|notendistic
|raw|notendistic's rating: 1573 &rarr; <strong>1594</strong><br />(+21 for winning)
|raw|arbok super yea's rating: 1584 &rarr; <strong>1563</strong><br />(-21 for losing)
|l|☆arbok super yea
|player|p2|
|l|☆notendistic
|player|p1|
