|j|☆cachowcapow
|j|☆FettyWap97
|t:|1780935578
|gametype|singles
|player|p1|cachowcapow|102|1688
|player|p2|FettyWap97|blaine|1616
|gen|9
|tier|[Gen 9] OU
|rated|
|rule|HP Percentage Mod: HP is shown in percentages
|rule|Endless Battle Clause: Forcing endless battles is banned
|rule|Species Clause: Limit one of each Pokémon
|rule|OHKO Clause: OHKO moves are banned
|rule|Evasion Items Clause: Evasion items are banned
|rule|Evasion Moves Clause: Evasion moves are banned
|rule|Evasion Abilities Clause: Evasion abilities are banned
|rule|Sleep Moves Clause: Sleep-inducing moves are banned
|clearpoke
|poke|p1|Primarina, F|
|poke|p1|Slither Wing|
|poke|p1|Slowking-Galar, F|
|poke|p1|Great Tusk|
|poke|p1|Meowscarada, M|
|poke|p1|Gardevoir, F|
|poke|p2|Pelipper, L99, F|
|poke|p2|Barraskewda, F|
|poke|p2|Raging Bolt|
|poke|p2|Golduck, F|
|poke|p2|Pawmot, F|
|poke|p2|Tentacruel, F|
|teampreview
|
|t:|1780935584
|teamsize|p1|6
|teamsize|p2|6
|start
|switch|p1a: Slowking|Slowking-Galar, F|100/100
|switch|p2a: Ghoti carrier|Pelipper, L99, F|100/100
|-weather|RainDance|[from] ability: Drizzle|[of] p2a: Ghoti carrier
|turn|1
|
|t:|1780935589
|move|p2a: Ghoti carrier|U-turn|p1a: Slowking
|-damage|p1a: Slowking|91/100
|
|t:|1780935591
|switch|p2a: Spaghetti Too|Tentacruel, F|100/100|[from] U-turn
|-prepare|p1a: Slowking|Chilly Reception|[premajor]
|move|p1a: Slowking|Chilly Reception|p1a: Slowking
|-weather|Snowscape
|inactive|Battle timer is ON: inactive players will automatically lose when time's up. (requested by FettyWap97)
|
|t:|1780935664
|switch|p1a: Meowscarada|Meowscarada, M|100/100|[from] Chilly Reception
|
|-weather|Snowscape|[upkeep]
|upkeep
|turn|2
|
|t:|1780935671
|move|p1a: Meowscarada|U-turn|p2a: Spaghetti Too
|-start|p1a: Meowscarada|typechange|Bug|[from] ability: Protean
|-resisted|p2a: Spaghetti Too
|-damage|p2a: Spaghetti Too|80/100
|
|t:|1780935676
|switch|p1a: Slowking|Slowking-Galar, F|100/100|[from] U-turn
|move|p2a: Spaghetti Too|Poison Jab|p1a: Slowking
|-resisted|p1a: Slowking
|-damage|p1a: Slowking|89/100
|
|-weather|Snowscape|[upkeep]
|upkeep
|turn|3
|
|t:|1780935681
|move|p1a: Slowking|Future Sight|p2a: Spaghetti Too
|-start|p1a: Slowking|move: Future Sight
|move|p2a: Spaghetti Too|Mirror Coat||[still]
|-fail|p2a: Spaghetti Too
|
|-weather|Snowscape|[upkeep]
|upkeep
|turn|4
|
|t:|1780935687
|move|p2a: Spaghetti Too|Poison Jab|p1a: Slowking
|-resisted|p1a: Slowking
|-damage|p1a: Slowking|79/100
|move|p1a: Slowking|Thunder Wave|p2a: Spaghetti Too
|-status|p2a: Spaghetti Too|par
|
|-weather|Snowscape|[upkeep]
|upkeep
|turn|5
|
|t:|1780935693
|move|p2a: Spaghetti Too|Poison Jab|p1a: Slowking
|-resisted|p1a: Slowking
|-damage|p1a: Slowking|68/100
|-prepare|p1a: Slowking|Chilly Reception|[premajor]
|move|p1a: Slowking|Chilly Reception|p1a: Slowking
|
|t:|1780935710
|switch|p1a: Gardevoir|Gardevoir, F, shiny|100/100|[from] Chilly Reception
|-ability|p1a: Gardevoir|Rain Dish|Trace|[from] ability: Trace|[of] p2a: Spaghetti Too
|
|-weather|none
|-end|p2a: Spaghetti Too|move: Future Sight
|-supereffective|p2a: Spaghetti Too
|-damage|p2a: Spaghetti Too|47/100 par
|upkeep
|turn|6
|
|t:|1780935718
|move|p1a: Gardevoir|Psyshock|p2a: Spaghetti Too
|-supereffective|p2a: Spaghetti Too
|-damage|p2a: Spaghetti Too|0 fnt
|faint|p2a: Spaghetti Too
|
|upkeep
|
|t:|1780935721
|switch|p2a: Ghoti carrier|Pelipper, L99, F|100/100
|-weather|RainDance|[from] ability: Drizzle|[of] p2a: Ghoti carrier
|turn|7
|
|t:|1780935727
|switch|p1a: Slowking|Slowking-Galar, F|100/100
|move|p2a: Ghoti carrier|U-turn|p1a: Slowking
|-damage|p1a: Slowking|92/100
|
|t:|1780935731
|switch|p2a: ExSkewda Me|Barraskewda, F|100/100|[from] U-turn
|
|-weather|RainDance|[upkeep]
|upkeep
|turn|8
|
|t:|1780935737
|switch|p1a: Primarina|Primarina, F, shiny|100/100
|move|p2a: ExSkewda Me|Liquidation|p1a: Primarina
|-resisted|p1a: Primarina
|-damage|p1a: Primarina|63/100
|
|-weather|RainDance|[upkeep]
|-heal|p1a: Primarina|69/100|[from] item: Leftovers
|upkeep
|turn|9
|
|t:|1780935740
|-terastallize|p2a: ExSkewda Me|Poison
|move|p2a: ExSkewda Me|Poison Jab|p1a: Primarina
|-supereffective|p1a: Primarina
|-damage|p1a: Primarina|0 fnt
|faint|p1a: Primarina
|
|-weather|RainDance|[upkeep]
|upkeep
|
|t:|1780935748
|switch|p1a: Slither Wing|Slither Wing|100/100
|turn|10
|
|t:|1780935754
|switch|p2a: Ghoti carrier|Pelipper, L99, F|100/100
|move|p1a: Slither Wing|Will-O-Wisp|p2a: Ghoti carrier
|-status|p2a: Ghoti carrier|brn
|
|-weather|RainDance|[upkeep]
|-damage|p2a: Ghoti carrier|95/100 brn|[from] brn
|upkeep
|turn|11
|
|t:|1780935761
|move|p1a: Slither Wing|U-turn|p2a: Ghoti carrier
|-resisted|p2a: Ghoti carrier
|-damage|p2a: Ghoti carrier|83/100 brn
|
|t:|1780935762
|-end|p1a: Slither Wing|Protosynthesis|[silent]
|switch|p1a: Slowking|Slowking-Galar, F|100/100|[from] U-turn
|move|p2a: Ghoti carrier|U-turn|p1a: Slowking
|-damage|p1a: Slowking|96/100
|
|t:|1780935769
|switch|p2a: ExSkewda Me|Barraskewda, F, tera:Poison|100/100|[from] U-turn
|
|-weather|RainDance|[upkeep]
|upkeep
|turn|12
|
|t:|1780935776
|switch|p1a: Slither Wing|Slither Wing|100/100
|move|p2a: ExSkewda Me|Flip Turn|p1a: Slither Wing
|-damage|p1a: Slither Wing|54/100
|-damage|p2a: ExSkewda Me|84/100|[from] item: Rocky Helmet|[of] p1a: Slither Wing
|
|t:|1780935781
|switch|p2a: Seaking Duck|Golduck, F|100/100|[from] Flip Turn
|
|-weather|RainDance|[upkeep]
|upkeep
|turn|13
|
|t:|1780935788
|move|p2a: Seaking Duck|Hydro Pump|p1a: Slither Wing
|-damage|p1a: Slither Wing|0 fnt
|faint|p1a: Slither Wing
|-end|p1a: Slither Wing|Protosynthesis|[silent]
|-damage|p2a: Seaking Duck|91/100|[from] item: Life Orb
|
|-weather|RainDance|[upkeep]
|upkeep
|
|t:|1780935793
|switch|p1a: Slowking|Slowking-Galar, F|100/100
|turn|14
|
|t:|1780935798
|switch|p2a: Ghoti carrier|Pelipper, L99, F|83/100 brn
|-prepare|p1a: Slowking|Chilly Reception|[premajor]
|move|p1a: Slowking|Chilly Reception|p1a: Slowking
|-weather|Snowscape
|
|t:|1780935807
|switch|p1a: Gardevoir|Gardevoir, F, shiny|100/100|[from] Chilly Reception
|-ability|p1a: Gardevoir|Drizzle|Trace|[from] ability: Trace|[of] p2a: Ghoti carrier
|-weather|RainDance|[from] ability: Drizzle|[of] p1a: Gardevoir
|
|-weather|RainDance|[upkeep]
|-damage|p2a: Ghoti carrier|77/100 brn|[from] brn
|upkeep
|turn|15
|
|t:|1780935813
|switch|p2a: Great Neck|Raging Bolt|100/100
|move|p1a: Gardevoir|Moonblast|p2a: Great Neck
|-supereffective|p2a: Great Neck
|-damage|p2a: Great Neck|0 fnt
|faint|p2a: Great Neck
|-end|p2a: Great Neck|Protosynthesis|[silent]
|
|-weather|RainDance|[upkeep]
|upkeep
|
|t:|1780935816
|switch|p2a: ExSkewda Me|Barraskewda, F, tera:Poison|84/100
|turn|16
|
|t:|1780935819
|switch|p1a: Great Tusk|Great Tusk|100/100
|move|p2a: ExSkewda Me|Liquidation|p1a: Great Tusk
|-supereffective|p1a: Great Tusk
|-damage|p1a: Great Tusk|0 fnt
|faint|p1a: Great Tusk
|-end|p1a: Great Tusk|Protosynthesis|[silent]
|
|-weather|RainDance|[upkeep]
|upkeep
|
|t:|1780935823
|switch|p1a: Slowking|Slowking-Galar, F|100/100
|turn|17
|
|t:|1780935829
|move|p2a: ExSkewda Me|Flip Turn|p1a: Slowking
|-damage|p1a: Slowking|40/100
|
|t:|1780935833
|switch|p2a: Seaking Duck|Golduck, F|91/100|[from] Flip Turn
|-prepare|p1a: Slowking|Chilly Reception|[premajor]
|move|p1a: Slowking|Chilly Reception|p1a: Slowking
|-weather|Snowscape
|
|t:|1780935847
|switch|p1a: Gardevoir|Gardevoir, F, shiny|100/100|[from] Chilly Reception
|-ability|p1a: Gardevoir|Swift Swim|Trace|[from] ability: Trace|[of] p2a: Seaking Duck
|
|-weather|Snowscape|[upkeep]
|upkeep
|turn|18
|
|t:|1780935854
|switch|p2a: Ghoti carrier|Pelipper, L99, F|77/100 brn
|-weather|RainDance|[from] ability: Drizzle|[of] p2a: Ghoti carrier
|move|p1a: Gardevoir|Moonblast|p2a: Ghoti carrier
|-damage|p2a: Ghoti carrier|0 fnt
|faint|p2a: Ghoti carrier
|
|-weather|RainDance|[upkeep]
|upkeep
|
|t:|1780935856
|switch|p2a: ExSkewda Me|Barraskewda, F, tera:Poison|84/100
|turn|19
|
|t:|1780935865
|switch|p1a: Slowking|Slowking-Galar, F|73/100
|move|p2a: ExSkewda Me|Liquidation|p1a: Slowking
|-damage|p1a: Slowking|0 fnt
|faint|p1a: Slowking
|
|-weather|RainDance|[upkeep]
|upkeep
|
|t:|1780935868
|switch|p1a: Meowscarada|Meowscarada, M|100/100
|turn|20
|
|t:|1780935874
|-terastallize|p1a: Meowscarada|Ghost
|move|p2a: ExSkewda Me|Poison Jab|p1a: Meowscarada
|-resisted|p1a: Meowscarada
|-damage|p1a: Meowscarada|65/100
|move|p1a: Meowscarada|Knock Off|p2a: ExSkewda Me
|-damage|p2a: ExSkewda Me|0 fnt
|-enditem|p2a: ExSkewda Me|Mystic Water|[from] move: Knock Off|[of] p1a: Meowscarada
|faint|p2a: ExSkewda Me
|
|-weather|RainDance|[upkeep]
|upkeep
|
|t:|1780935882
|switch|p2a: Really want eject|Pawmot, F|100/100
|turn|21
|
|t:|1780935887
|move|p1a: Meowscarada|Knock Off|p2a: Really want eject
|-resisted|p2a: Really want eject
|-damage|p2a: Really want eject|71/100
|-enditem|p2a: Really want eject|Leppa Berry|[from] move: Knock Off|[of] p1a: Meowscarada
|move|p2a: Really want eject|Nuzzle|p1a: Meowscarada
|-damage|p1a: Meowscarada|52/100
|-status|p1a: Meowscarada|par
|
|-weather|RainDance|[upkeep]
|upkeep
|turn|22
|
|t:|1780935896
|switch|p1a: Gardevoir|Gardevoir, F, shiny|100/100
|-ability|p1a: Gardevoir|Volt Absorb|Trace|[from] ability: Trace|[of] p2a: Really want eject
|move|p2a: Really want eject|Revival Blessing|p2a: Really want eject
|
|t:|1780935901
|-heal|p2: ExSkewda Me|50/100|[from] move: Revival Blessing
|
|-weather|RainDance|[upkeep]
|upkeep
|turn|23
|
|t:|1780935910
|move|p2a: Really want eject|Nuzzle|p1a: Gardevoir
|-immune|p1a: Gardevoir|[from] ability: Volt Absorb
|move|p1a: Gardevoir|Moonblast|p2a: Really want eject
|-supereffective|p2a: Really want eject
|-damage|p2a: Really want eject|0 fnt
|faint|p2a: Really want eject
|
|-weather|RainDance|[upkeep]
|upkeep
|
|t:|1780935914
|switch|p2a: ExSkewda Me|Barraskewda, F|50/100
|turn|24
|
|t:|1780935920
|switch|p1a: Meowscarada|Meowscarada, M, tera:Ghost|52/100 par
|move|p2a: ExSkewda Me|Liquidation|p1a: Meowscarada
|-damage|p1a: Meowscarada|0 fnt
|faint|p1a: Meowscarada
|
|-weather|RainDance|[upkeep]
|upkeep
|
|t:|1780935921
|switch|p1a: Gardevoir|Gardevoir, F, shiny|100/100
|-ability|p1a: Gardevoir|Swift Swim|Trace|[from] ability: Trace|[of] p2a: ExSkewda Me
|turn|25
|
|t:|1780935932
|move|p1a: Gardevoir|Vacuum Wave|p2a: ExSkewda Me
|-damage|p2a: ExSkewda Me|1/100
|move|p2a: ExSkewda Me|Poison Jab|p1a: Gardevoir
|-supereffective|p1a: Gardevoir
|-damage|p1a: Gardevoir|0 fnt
|faint|p1a: Gardevoir
|
|win|FettyWap97
|raw|cachowcapow's rating: 1673 &rarr; <strong>1650</strong><br />(-23 for losing)
|raw|FettyWap97's rating: 1616 &rarr; <strong>1639</strong><br />(+23 for winning)
|l|☆cachowcapow
|player|p1|
|l|☆FettyWap97
|player|p2|
