|j|☆Klopple
|j|☆Igoodnamename
|t:|1781372762
|gametype|singles
|player|p1|Klopple|sailor|1610
|player|p2|Igoodnamename|winona|1680
|gen|9
|tier|[Gen 9] OU
|rated|
|rule|HP Percentage Mod: HP is shown in percentages
|rule|Endless Battle Clause: Forcing endless battles is banned
|rule|Species Clause: Limit one of each Pokémon
|rule|OHKO Clause: OHKO moves are banned
|rule|Evasion Items Clause: Evasion items are banned
|rule|Evasion Moves Clause: Evasion moves are banned
|rule|Evasion Abilities Clause: Evasion abilities are banned
|rule|Sleep Moves Clause: Sleep-inducing moves are banned
|clearpoke
|poke|p1|Arboliva, F|
|poke|p1|Gliscor, F|
|poke|p1|Iron Crown|
|poke|p1|Zamazenta-*|
|poke|p1|Hatterene, F|
|poke|p1|Dragonite, F|
|poke|p2|Raging Bolt|
|poke|p2|Rillaboom, M|
|poke|p2|Great Tusk|
|poke|p2|Ting-Lu|
|poke|p2|Skeledirge, F|
|poke|p2|Enamorus, F|
|teampreview
|
|t:|1781372770
|teamsize|p1|6
|teamsize|p2|6
|start
|switch|p1a: Gliscor|Gliscor, F|100/100
|switch|p2a: Enamorus|Enamorus, F|100/100
|turn|1
|
|t:|1781372773
|move|p1a: Gliscor|Protect|p1a: Gliscor
|-singleturn|p1a: Gliscor|Protect
|move|p2a: Enamorus|Moonblast|p1a: Gliscor
|-activate|p1a: Gliscor|move: Protect
|
|-status|p1a: Gliscor|tox|[from] item: Toxic Orb
|upkeep
|turn|2
|
|t:|1781372778
|move|p2a: Enamorus|Moonblast|p1a: Gliscor
|-damage|p1a: Gliscor|54/100 tox
|-unboost|p1a: Gliscor|spa|1
|move|p1a: Gliscor|Stealth Rock|p2a: Enamorus
|-sidestart|p2: Igoodnamename|move: Stealth Rock
|
|-heal|p1a: Gliscor|66/100 tox|[from] ability: Poison Heal
|upkeep
|turn|3
|
|t:|1781372783
|move|p1a: Gliscor|Protect|p1a: Gliscor
|-singleturn|p1a: Gliscor|Protect
|move|p2a: Enamorus|Moonblast|p1a: Gliscor
|-activate|p1a: Gliscor|move: Protect
|
|-heal|p1a: Gliscor|79/100 tox|[from] ability: Poison Heal
|upkeep
|turn|4
|
|t:|1781372789
|switch|p1a: Iron Crown|Iron Crown|100/100
|move|p2a: Enamorus|Moonblast|p1a: Iron Crown
|-resisted|p1a: Iron Crown
|-damage|p1a: Iron Crown|80/100
|
|upkeep
|turn|5
|
|t:|1781372795
|switch|p2a: Ting-Lu|Ting-Lu|100/100
|-damage|p2a: Ting-Lu|94/100|[from] Stealth Rock
|-ability|p2a: Ting-Lu|Vessel of Ruin
|move|p1a: Iron Crown|Future Sight|p2a: Ting-Lu
|-start|p1a: Iron Crown|move: Future Sight
|
|-heal|p2a: Ting-Lu|100/100|[from] item: Leftovers
|upkeep
|turn|6
|
|t:|1781372800
|-end|p1a: Iron Crown|Quark Drive|[silent]
|switch|p1a: Zamazenta|Zamazenta|100/100
|-ability|p1a: Zamazenta|Dauntless Shield|boost
|-boost|p1a: Zamazenta|def|1
|move|p2a: Ting-Lu|Stealth Rock|p1a: Zamazenta
|-sidestart|p1: Klopple|move: Stealth Rock
|
|upkeep
|turn|7
|
|t:|1781372806
|switch|p2a: Skeledirge|Skeledirge, F|100/100
|move|p1a: Zamazenta|Close Combat|p2a: Skeledirge
|-immune|p2a: Skeledirge
|
|-end|p2a: Skeledirge|move: Future Sight
|-damage|p2a: Skeledirge|54/100
|upkeep
|turn|8
|
|t:|1781372816
|move|p1a: Zamazenta|Crunch|p2a: Skeledirge
|-supereffective|p2a: Skeledirge
|-damage|p2a: Skeledirge|10/100
|move|p2a: Skeledirge|Slack Off|p2a: Skeledirge
|-heal|p2a: Skeledirge|60/100
|
|upkeep
|turn|9
|
|t:|1781372833
|switch|p1a: Gliscor|Gliscor, F|79/100 tox
|-damage|p1a: Gliscor|66/100 tox|[from] Stealth Rock
|move|p2a: Skeledirge|Slack Off|p2a: Skeledirge
|-heal|p2a: Skeledirge|100/100
|
|-heal|p1a: Gliscor|79/100 tox|[from] ability: Poison Heal
|upkeep
|turn|10
|
|t:|1781372839
|switch|p2a: Great Tusk|Great Tusk|100/100
|move|p1a: Gliscor|Knock Off|p2a: Great Tusk
|-resisted|p2a: Great Tusk
|-damage|p2a: Great Tusk|93/100
|-enditem|p2a: Great Tusk|Heavy-Duty Boots|[from] move: Knock Off|[of] p1a: Gliscor
|
|-heal|p1a: Gliscor|91/100 tox|[from] ability: Poison Heal
|upkeep
|turn|11
|
|t:|1781372843
|move|p1a: Gliscor|Protect|p1a: Gliscor
|-singleturn|p1a: Gliscor|Protect
|move|p2a: Great Tusk|Ice Spinner|p1a: Gliscor
|-activate|p1a: Gliscor|move: Protect
|
|-heal|p1a: Gliscor|100/100 tox|[from] ability: Poison Heal
|upkeep
|turn|12
|
|t:|1781372847
|switch|p1a: Hatterene|Hatterene, F|100/100
|-damage|p1a: Hatterene|88/100|[from] Stealth Rock
|move|p2a: Great Tusk|Rapid Spin|p1a: Hatterene
|-damage|p1a: Hatterene|73/100
|-boost|p2a: Great Tusk|spe|1
|-damage|p2a: Great Tusk|77/100|[from] item: Rocky Helmet|[of] p1a: Hatterene
|-sideend|p2: Igoodnamename|Stealth Rock|[from] move: Rapid Spin|[of] p2a: Great Tusk
|
|upkeep
|turn|13
|j| Yamhard
|
|t:|1781372856
|move|p2a: Great Tusk|Headlong Rush|p1a: Hatterene
|-damage|p1a: Hatterene|23/100
|-unboost|p2a: Great Tusk|def|1
|-unboost|p2a: Great Tusk|spd|1
|-damage|p2a: Great Tusk|60/100|[from] item: Rocky Helmet|[of] p1a: Hatterene
|move|p1a: Hatterene|Psychic Noise|p2a: Great Tusk
|-supereffective|p2a: Great Tusk
|-damage|p2a: Great Tusk|0 fnt
|faint|p2a: Great Tusk
|-end|p2a: Great Tusk|Protosynthesis|[silent]
|
|upkeep
|
|t:|1781372862
|switch|p2a: Skeledirge|Skeledirge, F|100/100
|turn|14
|
|t:|1781372868
|switch|p1a: Gliscor|Gliscor, F|100/100 tox
|-damage|p1a: Gliscor|88/100 tox|[from] Stealth Rock
|move|p2a: Skeledirge|Torch Song|p1a: Gliscor
|-damage|p1a: Gliscor|60/100 tox
|-boost|p2a: Skeledirge|spa|1
|
|-heal|p1a: Gliscor|73/100 tox|[from] ability: Poison Heal
|upkeep
|turn|15
|
|t:|1781372876
|move|p1a: Gliscor|Knock Off|p2a: Skeledirge
|-supereffective|p2a: Skeledirge
|-damage|p2a: Skeledirge|62/100
|-enditem|p2a: Skeledirge|Heavy-Duty Boots|[from] move: Knock Off|[of] p1a: Gliscor
|move|p2a: Skeledirge|Hex|p1a: Gliscor
|-damage|p1a: Gliscor|10/100 tox
|
|-heal|p1a: Gliscor|22/100 tox|[from] ability: Poison Heal
|upkeep
|turn|16
|
|t:|1781372884
|move|p1a: Gliscor|Stealth Rock|p2a: Skeledirge
|-sidestart|p2: Igoodnamename|move: Stealth Rock
|move|p2a: Skeledirge|Slack Off|p2a: Skeledirge
|-heal|p2a: Skeledirge|100/100
|
|-heal|p1a: Gliscor|35/100 tox|[from] ability: Poison Heal
|upkeep
|turn|17
|
|t:|1781372889
|move|p1a: Gliscor|Protect|p1a: Gliscor
|-singleturn|p1a: Gliscor|Protect
|move|p2a: Skeledirge|Hex|p1a: Gliscor
|-activate|p1a: Gliscor|move: Protect
|
|-heal|p1a: Gliscor|47/100 tox|[from] ability: Poison Heal
|upkeep
|turn|18
|
|t:|1781372902
|move|p1a: Gliscor|Earthquake|p2a: Skeledirge
|-supereffective|p2a: Skeledirge
|-damage|p2a: Skeledirge|49/100
|move|p2a: Skeledirge|Hex|p1a: Gliscor
|-damage|p1a: Gliscor|0 fnt
|faint|p1a: Gliscor
|
|upkeep
|
|t:|1781372910
|switch|p1a: Iron Crown|Iron Crown|80/100
|-damage|p1a: Iron Crown|74/100|[from] Stealth Rock
|turn|19
|
|t:|1781372950
|-terastallize|p2a: Skeledirge|Water
|move|p1a: Iron Crown|Psychic Noise|p2a: Skeledirge
|-damage|p2a: Skeledirge|24/100
|-start|p2a: Skeledirge|move: Heal Block
|cant|p2a: Skeledirge|move: Heal Block|Slack Off
|
|upkeep
|turn|20
|
|t:|1781372960
|switch|p2a: Ting-Lu|Ting-Lu|100/100
|-damage|p2a: Ting-Lu|94/100|[from] Stealth Rock
|-ability|p2a: Ting-Lu|Vessel of Ruin
|move|p1a: Iron Crown|Volt Switch|p2a: Ting-Lu
|-immune|p2a: Ting-Lu
|
|-heal|p2a: Ting-Lu|100/100|[from] item: Leftovers
|upkeep
|turn|21
|
|t:|1781372965
|-end|p1a: Iron Crown|Quark Drive|[silent]
|switch|p1a: Arboliva|Arboliva, F|100/100
|-damage|p1a: Arboliva|88/100|[from] Stealth Rock
|move|p2a: Ting-Lu|Ruination|p1a: Arboliva
|-damage|p1a: Arboliva|44/100
|
|upkeep
|turn|22
|
|t:|1781372972
|switch|p2a: Rillaboom|Rillaboom, M|100/100
|-damage|p2a: Rillaboom|88/100|[from] Stealth Rock
|-fieldstart|move: Grassy Terrain|[from] ability: Grassy Surge|[of] p2a: Rillaboom
|move|p1a: Arboliva|Energy Ball|p2a: Rillaboom
|-resisted|p2a: Rillaboom
|-damage|p2a: Rillaboom|43/100
|
|-heal|p2a: Rillaboom|49/100|[from] Grassy Terrain
|-heal|p1a: Arboliva|50/100|[from] Grassy Terrain
|upkeep
|turn|23
|
|t:|1781372983
|switch|p1a: Hatterene|Hatterene, F|23/100
|-damage|p1a: Hatterene|10/100|[from] Stealth Rock
|move|p2a: Rillaboom|U-turn|p1a: Hatterene
|-damage|p1a: Hatterene|0 fnt
|-damage|p2a: Rillaboom|33/100|[from] item: Rocky Helmet|[of] p1a: Hatterene
|faint|p1a: Hatterene
|
|t:|1781372988
|switch|p2a: Skeledirge|Skeledirge, F, tera:Water|24/100|[from] U-turn
|-damage|p2a: Skeledirge|11/100|[from] Stealth Rock
|
|-heal|p2a: Skeledirge|17/100|[from] Grassy Terrain
|upkeep
|
|t:|1781372997
|switch|p1a: Iron Crown|Iron Crown|74/100
|-damage|p1a: Iron Crown|68/100|[from] Stealth Rock
|turn|24
|
|t:|1781373002
|move|p1a: Iron Crown|Psychic Noise|p2a: Skeledirge
|-damage|p2a: Skeledirge|0 fnt
|faint|p2a: Skeledirge
|
|-heal|p1a: Iron Crown|74/100|[from] Grassy Terrain
|upkeep
|
|t:|1781373009
|switch|p2a: Raging Bolt|Raging Bolt|100/100
|-damage|p2a: Raging Bolt|88/100|[from] Stealth Rock
|turn|25
|
|t:|1781373016
|move|p1a: Iron Crown|Psychic Noise|p2a: Raging Bolt
|-damage|p2a: Raging Bolt|49/100
|-start|p2a: Raging Bolt|move: Heal Block
|move|p2a: Raging Bolt|Volt Switch|p1a: Iron Crown
|-damage|p1a: Iron Crown|31/100
|
|t:|1781373019
|-end|p2a: Raging Bolt|Protosynthesis|[silent]
|switch|p2a: Ting-Lu|Ting-Lu|100/100|[from] Volt Switch
|-damage|p2a: Ting-Lu|94/100|[from] Stealth Rock
|-ability|p2a: Ting-Lu|Vessel of Ruin
|
|-heal|p1a: Iron Crown|37/100|[from] Grassy Terrain
|-heal|p2a: Ting-Lu|100/100|[from] Grassy Terrain
|upkeep
|turn|26
|
|t:|1781373026
|move|p1a: Iron Crown|Future Sight|p2a: Ting-Lu
|-start|p1a: Iron Crown|move: Future Sight
|move|p2a: Ting-Lu|Ruination|p1a: Iron Crown
|-damage|p1a: Iron Crown|19/100
|
|-heal|p1a: Iron Crown|25/100|[from] Grassy Terrain
|-fieldend|move: Grassy Terrain
|upkeep
|turn|27
|
|t:|1781373031
|-end|p1a: Iron Crown|Quark Drive|[silent]
|switch|p1a: Arboliva|Arboliva, F|50/100
|-damage|p1a: Arboliva|38/100|[from] Stealth Rock
|move|p2a: Ting-Lu|Ruination|p1a: Arboliva
|-damage|p1a: Arboliva|19/100
|
|upkeep
|turn|28
|-enditem|p1a: Arboliva|Custap Berry|[eat]
|-activate|p1a: Arboliva|item: Custap Berry|[consumed]
|
|t:|1781373038
|move|p1a: Arboliva|Energy Ball|p2a: Ting-Lu
|-supereffective|p2a: Ting-Lu
|-damage|p2a: Ting-Lu|58/100
|-unboost|p2a: Ting-Lu|spd|1
|move|p2a: Ting-Lu|Heavy Slam|p1a: Arboliva
|-damage|p1a: Arboliva|0 fnt
|faint|p1a: Arboliva
|
|-end|p2a: Ting-Lu|move: Future Sight
|-immune|p2a: Ting-Lu
|-heal|p2a: Ting-Lu|64/100|[from] item: Leftovers
|upkeep
|
|t:|1781373050
|switch|p1a: Zamazenta|Zamazenta|100/100
|-damage|p1a: Zamazenta|94/100|[from] Stealth Rock
|turn|29
|l| Yamhard
|inactive|Battle timer is ON: inactive players will automatically lose when time's up. (requested by Klopple)
|
|t:|1781373118
|move|p1a: Zamazenta|Ice Fang|p2a: Ting-Lu
|-supereffective|p2a: Ting-Lu
|-damage|p2a: Ting-Lu|39/100
|move|p2a: Ting-Lu|Ruination|p1a: Zamazenta
|-damage|p1a: Zamazenta|47/100
|
|-heal|p2a: Ting-Lu|45/100|[from] item: Leftovers
|upkeep
|turn|30
|
|t:|1781373124
|move|p1a: Zamazenta|Close Combat|p2a: Ting-Lu
|-supereffective|p2a: Ting-Lu
|-damage|p2a: Ting-Lu|0 fnt
|-unboost|p1a: Zamazenta|def|1
|-unboost|p1a: Zamazenta|spd|1
|faint|p2a: Ting-Lu
|
|upkeep
|
|t:|1781373127
|switch|p2a: Enamorus|Enamorus, F|100/100
|-damage|p2a: Enamorus|76/100|[from] Stealth Rock
|turn|31
|
|t:|1781373137
|switch|p1a: Iron Crown|Iron Crown|25/100
|-damage|p1a: Iron Crown|19/100|[from] Stealth Rock
|move|p2a: Enamorus|Moonblast|p1a: Iron Crown
|-resisted|p1a: Iron Crown
|-damage|p1a: Iron Crown|1/100
|-unboost|p1a: Iron Crown|spa|1
|
|upkeep
|turn|32
|
|t:|1781373143
|move|p2a: Enamorus|Moonblast|p1a: Iron Crown
|-resisted|p1a: Iron Crown
|-damage|p1a: Iron Crown|0 fnt
|faint|p1a: Iron Crown
|-end|p1a: Iron Crown|Quark Drive|[silent]
|
|upkeep
|
|t:|1781373145
|switch|p1a: Dragonite|Dragonite, F|100/100
|turn|33
|
|t:|1781373148
|-terastallize|p1a: Dragonite|Normal
|move|p1a: Dragonite|Extreme Speed|p2a: Enamorus
|-damage|p2a: Enamorus|0 fnt
|faint|p2a: Enamorus
|
|upkeep
|
|t:|1781373155
|switch|p2a: Raging Bolt|Raging Bolt|49/100
|-damage|p2a: Raging Bolt|37/100|[from] Stealth Rock
|turn|34
|
|t:|1781373158
|move|p1a: Dragonite|Extreme Speed|p2a: Raging Bolt
|-crit|p2a: Raging Bolt
|-damage|p2a: Raging Bolt|0 fnt
|faint|p2a: Raging Bolt
|-end|p2a: Raging Bolt|Protosynthesis|[silent]
|
|upkeep
|-message|Igoodnamename forfeited.
|
|win|Klopple
|raw|Klopple's rating: 1610 &rarr; <strong>1634</strong><br />(+24 for winning)
|raw|Igoodnamename's rating: 1680 &rarr; <strong>1656</strong><br />(-24 for losing)
|l|☆Igoodnamename
|player|p2|
|l|☆Klopple
|player|p1|
