|j|☆myninthsymphony
|j|☆bolletponch
|t:|1781387178
|gametype|singles
|player|p1|myninthsymphony|265|1545
|player|p2|bolletponch|fantina|1622
|gen|9
|tier|[Gen 9] OU
|rated|
|rule|HP Percentage Mod: HP is shown in percentages
|rule|Endless Battle Clause: Forcing endless battles is banned
|rule|Species Clause: Limit one of each Pokémon
|rule|OHKO Clause: OHKO moves are banned
|rule|Evasion Items Clause: Evasion items are banned
|rule|Evasion Moves Clause: Evasion moves are banned
|rule|Evasion Abilities Clause: Evasion abilities are banned
|rule|Sleep Moves Clause: Sleep-inducing moves are banned
|clearpoke
|poke|p1|Ogerpon-Wellspring, F|
|poke|p1|Gholdengo|
|poke|p1|Tyranitar, M|
|poke|p1|Garganacl, M|
|poke|p1|Great Tusk|
|poke|p1|Moltres|
|poke|p2|Magnezone|
|poke|p2|Dragonite, M|
|poke|p2|Kyurem|
|poke|p2|Rillaboom, F|
|poke|p2|Deoxys-Speed|
|poke|p2|Dragapult, F|
|teampreview
|inactive|Battle timer is ON: inactive players will automatically lose when time's up. (requested by myninthsymphony)
|
|t:|1781387185
|teamsize|p1|6
|teamsize|p2|6
|start
|switch|p1a: Onionsion|Ogerpon-Wellspring, F|100/100
|switch|p2a: Deoxys|Deoxys-Speed|100/100
|-ability|p2a: Deoxys|Pressure
|turn|1
|
|t:|1781387189
|move|p2a: Deoxys|Stealth Rock|p1a: Onionsion
|-sidestart|p1: myninthsymphony|move: Stealth Rock
|move|p1a: Onionsion|Knock Off|p2a: Deoxys
|-supereffective|p2a: Deoxys
|-enditem|p2a: Deoxys|Focus Sash
|-damage|p2a: Deoxys|1/100
|
|upkeep
|turn|2
|
|t:|1781387195
|move|p2a: Deoxys|Spikes|p1a: Onionsion
|-sidestart|p1: myninthsymphony|Spikes
|move|p1a: Onionsion|U-turn|p2a: Deoxys
|-supereffective|p2a: Deoxys
|-crit|p2a: Deoxys
|-damage|p2a: Deoxys|0 fnt
|faint|p2a: Deoxys
|
|t:|1781387200
|switch|p1a: Moltres|Moltres|100/100|[from] U-turn
|
|upkeep
|
|t:|1781387208
|switch|p2a: Dragapult|Dragapult, F|100/100
|turn|3
|
|t:|1781387212
|move|p2a: Dragapult|Dragon Darts|p1a: Moltres
|-damage|p1a: Moltres|76/100
|-anim|p2a: Dragapult|Dragon Darts|p1a: Moltres
|-damage|p1a: Moltres|51/100
|move|p1a: Moltres|U-turn|p2a: Dragapult
|-resisted|p2a: Dragapult
|-damage|p2a: Dragapult|91/100
|
|t:|1781387220
|switch|p1a: Donfan|Great Tusk|100/100|[from] U-turn
|
|upkeep
|turn|4
|
|t:|1781387225
|move|p2a: Dragapult|Will-O-Wisp|p1a: Donfan
|-status|p1a: Donfan|brn
|move|p1a: Donfan|Ice Spinner|p2a: Dragapult
|-supereffective|p2a: Dragapult
|-damage|p2a: Dragapult|49/100
|
|-damage|p1a: Donfan|94/100 brn|[from] brn
|upkeep
|turn|5
|
|t:|1781387229
|move|p2a: Dragapult|Disable|p1a: Donfan
|-start|p1a: Donfan|Disable|Ice Spinner
|move|p1a: Donfan|Headlong Rush|p2a: Dragapult
|-damage|p2a: Dragapult|3/100
|-unboost|p1a: Donfan|def|1
|-unboost|p1a: Donfan|spd|1
|
|-damage|p1a: Donfan|88/100 brn|[from] brn
|upkeep
|turn|6
|
|t:|1781387247
|-end|p1a: Donfan|Protosynthesis|[silent]
|switch|p1a: Tarizard|Tyranitar, M|100/100
|-damage|p1a: Tarizard|88/100|[from] Stealth Rock
|-damage|p1a: Tarizard|76/100|[from] Spikes
|-weather|Sandstorm|[from] ability: Sand Stream|[of] p1a: Tarizard
|move|p2a: Dragapult|Dragon Darts|p1a: Tarizard
|-damage|p1a: Tarizard|56/100
|-anim|p2a: Dragapult|Dragon Darts|p1a: Tarizard
|-damage|p1a: Tarizard|36/100
|
|-weather|Sandstorm|[upkeep]
|-damage|p2a: Dragapult|0 fnt|[from] Sandstorm
|faint|p2a: Dragapult
|upkeep
|
|t:|1781387263
|switch|p2a: Kyurem|Kyurem|100/100
|-ability|p2a: Kyurem|Pressure
|turn|7
|
|t:|1781387270
|move|p2a: Kyurem|Earth Power|p1a: Tarizard
|-supereffective|p1a: Tarizard
|-damage|p1a: Tarizard|19/100
|move|p1a: Tarizard|Low Kick|p2a: Kyurem
|-supereffective|p2a: Kyurem
|-damage|p2a: Kyurem|17/100
|
|-weather|Sandstorm|[upkeep]
|-damage|p2a: Kyurem|11/100|[from] Sandstorm
|upkeep
|turn|8
|
|t:|1781387276
|switch|p1a: Moltres|Moltres|51/100
|move|p2a: Kyurem|Icicle Spear|p1a: Moltres
|-damage|p1a: Moltres|39/100
|-damage|p1a: Moltres|25/100
|-hitcount|p1a: Moltres|2
|
|-weather|Sandstorm|[upkeep]
|-damage|p2a: Kyurem|5/100|[from] Sandstorm
|-damage|p1a: Moltres|19/100|[from] Sandstorm
|upkeep
|turn|9
|j| nesnot
|
|t:|1781387285
|move|p2a: Kyurem|Icicle Spear|p1a: Moltres
|-damage|p1a: Moltres|6/100
|-damage|p1a: Moltres|0 fnt
|faint|p1a: Moltres
|-hitcount|p1: Moltres|2
|
|-weather|Sandstorm|[upkeep]
|-damage|p2a: Kyurem|0 fnt|[from] Sandstorm
|faint|p2a: Kyurem
|upkeep
|l| nesnot
|
|t:|1781387297
|switch|p2a: Rillaboom|Rillaboom, F|100/100
|switch|p1a: Donfan|Great Tusk|88/100 brn
|-fieldstart|move: Grassy Terrain|[from] ability: Grassy Surge|[of] p2a: Rillaboom
|turn|10
|
|t:|1781387308
|move|p1a: Donfan|Ice Spinner|p2a: Rillaboom
|-supereffective|p2a: Rillaboom
|-damage|p2a: Rillaboom|68/100
|-fieldend|move: Grassy Terrain
|move|p2a: Rillaboom|Wood Hammer|p1a: Donfan
|-supereffective|p1a: Donfan
|-damage|p1a: Donfan|0 fnt
|faint|p1a: Donfan
|-end|p1a: Donfan|Protosynthesis|[silent]
|-damage|p2a: Rillaboom|37/100|[from] Recoil
|
|-weather|none
|upkeep
|
|t:|1781387326
|switch|p1a: Onionsion|Ogerpon-Wellspring, F|100/100
|-damage|p1a: Onionsion|88/100|[from] Stealth Rock
|-damage|p1a: Onionsion|76/100|[from] Spikes
|turn|11
|
|t:|1781387331
|switch|p2a: Magnezone|Magnezone|100/100
|move|p1a: Onionsion|Knock Off|p2a: Magnezone
|-damage|p2a: Magnezone|71/100
|-enditem|p2a: Magnezone|Leftovers|[from] move: Knock Off|[of] p1a: Onionsion
|
|upkeep
|turn|12
|
|t:|1781387339
|move|p1a: Onionsion|Ivy Cudgel|p2a: Magnezone|[anim] Ivy Cudgel Water
|-damage|p2a: Magnezone|25/100
|move|p2a: Magnezone|Thunderbolt|p1a: Onionsion
|-damage|p1a: Onionsion|34/100
|
|upkeep
|turn|13
|
|t:|1781387345
|move|p1a: Onionsion|Ivy Cudgel|p2a: Magnezone|[anim] Ivy Cudgel Water
|-crit|p2a: Magnezone
|-damage|p2a: Magnezone|0 fnt
|faint|p2a: Magnezone
|
|upkeep
|
|t:|1781387350
|switch|p2a: Rillaboom|Rillaboom, F|37/100
|-fieldstart|move: Grassy Terrain|[from] ability: Grassy Surge|[of] p2a: Rillaboom
|turn|14
|
|t:|1781387355
|move|p2a: Rillaboom|Grassy Glide|p1a: Onionsion
|-damage|p1a: Onionsion|0 fnt
|faint|p1a: Onionsion
|
|-heal|p2a: Rillaboom|43/100|[from] Grassy Terrain
|upkeep
|
|t:|1781387362
|switch|p1a: Shiny|Gholdengo, shiny|100/100
|-damage|p1a: Shiny|94/100|[from] Stealth Rock
|-item|p1a: Shiny|Air Balloon
|turn|15
|
|t:|1781387366
|move|p2a: Rillaboom|Grassy Glide|p1a: Shiny
|-resisted|p1a: Shiny
|-damage|p1a: Shiny|62/100
|-enditem|p1a: Shiny|Air Balloon
|move|p1a: Shiny|Make It Rain|p2a: Rillaboom
|-damage|p2a: Rillaboom|0 fnt
|-unboost|p1a: Shiny|spa|1
|faint|p2a: Rillaboom
|
|-heal|p1a: Shiny|68/100|[from] Grassy Terrain
|upkeep
|
|t:|1781387368
|switch|p2a: Dragonite|Dragonite, M|100/100
|turn|16
|
|t:|1781387375
|move|p1a: Shiny|Make It Rain|p2a: Dragonite
|-damage|p2a: Dragonite|80/100
|-unboost|p1a: Shiny|spa|1
|move|p2a: Dragonite|Dragon Dance|p2a: Dragonite
|-boost|p2a: Dragonite|atk|1
|-boost|p2a: Dragonite|spe|1
|
|-heal|p1a: Shiny|74/100|[from] Grassy Terrain
|upkeep
|turn|17
|
|t:|1781387384
|switch|p1a: Tarizard|Tyranitar, M|19/100
|-damage|p1a: Tarizard|6/100|[from] Stealth Rock
|-damage|p1a: Tarizard|0 fnt|[from] Spikes
|faint|p1a: Tarizard
|move|p2a: Dragonite|Dragon Dance|p2a: Dragonite
|-boost|p2a: Dragonite|atk|1
|-boost|p2a: Dragonite|spe|1
|
|upkeep
|
|t:|1781387390
|switch|p1a: Gargle|Garganacl, M|100/100
|-damage|p1a: Gargle|88/100|[from] Stealth Rock
|-damage|p1a: Gargle|76/100|[from] Spikes
|turn|18
|
|t:|1781387393
|-terastallize|p2a: Dragonite|Water
|-terastallize|p1a: Gargle|Fairy
|move|p2a: Dragonite|Waterfall|p1a: Gargle
|-damage|p1a: Gargle|31/100
|move|p1a: Gargle|Salt Cure|p2a: Dragonite
|-damage|p2a: Dragonite|66/100
|-start|p2a: Dragonite|Salt Cure
|
|-heal|p2a: Dragonite|72/100|[from] Grassy Terrain
|-heal|p1a: Gargle|37/100|[from] Grassy Terrain
|-heal|p1a: Gargle|44/100|[from] item: Leftovers
|-damage|p2a: Dragonite|48/100|[from] Salt Cure
|-fieldend|move: Grassy Terrain
|upkeep
|turn|19
|
|t:|1781387399
|move|p1a: Gargle|Protect|p1a: Gargle
|-singleturn|p1a: Gargle|Protect
|move|p2a: Dragonite|Waterfall|p1a: Gargle
|-activate|p1a: Gargle|move: Protect
|
|-heal|p1a: Gargle|50/100|[from] item: Leftovers
|-damage|p2a: Dragonite|23/100|[from] Salt Cure
|upkeep
|turn|20
|
|t:|1781387403
|move|p2a: Dragonite|Waterfall|p1a: Gargle
|-damage|p1a: Gargle|4/100
|cant|p1a: Gargle|flinch
|
|-heal|p1a: Gargle|11/100|[from] item: Leftovers
|-damage|p2a: Dragonite|0 fnt|[from] Salt Cure
|faint|p2a: Dragonite
|
|win|myninthsymphony
|raw|myninthsymphony's rating: 1545 &rarr; <strong>1569</strong><br />(+24 for winning)
|raw|bolletponch's rating: 1622 &rarr; <strong>1598</strong><br />(-24 for losing)
|c|☆myninthsymphony|gg
|l|☆bolletponch
|player|p2|
|l|☆myninthsymphony
|player|p1|
