|j|☆icylikedecember
|j|☆healorant
|t:|1781267462
|gametype|singles
|player|p1|icylikedecember|smasher|1748
|player|p2|healorant|alder|1766
|gen|9
|tier|[Gen 9] OU
|rated|
|rule|HP Percentage Mod: HP is shown in percentages
|rule|Endless Battle Clause: Forcing endless battles is banned
|rule|Species Clause: Limit one of each Pokémon
|rule|OHKO Clause: OHKO moves are banned
|rule|Evasion Items Clause: Evasion items are banned
|rule|Evasion Moves Clause: Evasion moves are banned
|rule|Evasion Abilities Clause: Evasion abilities are banned
|rule|Sleep Moves Clause: Sleep-inducing moves are banned
|clearpoke
|poke|p1|Corviknight, M|
|poke|p1|Slowking-Galar, F|
|poke|p1|Darkrai|
|poke|p1|Kyurem|
|poke|p1|Zamazenta-*|
|poke|p1|Crawdaunt, F|
|poke|p2|Hoopa-Unbound|
|poke|p2|Zapdos|
|poke|p2|Ting-Lu|
|poke|p2|Gholdengo|
|poke|p2|Zamazenta-*|
|poke|p2|Samurott-Hisui, F|
|teampreview
|
|t:|1781267468
|teamsize|p1|6
|teamsize|p2|6
|start
|switch|p1a: Corviknight|Corviknight, M, shiny|100/100
|switch|p2a: Hoopa|Hoopa-Unbound|100/100
|-ability|p1a: Corviknight|Pressure
|turn|1
|
|t:|1781267471
|switch|p2a: Zapdos|Zapdos|100/100
|move|p1a: Corviknight|U-turn|p2a: Zapdos
|-resisted|p2a: Zapdos
|-damage|p2a: Zapdos|95/100
|
|t:|1781267475
|switch|p1a: Slowking|Slowking-Galar, F, shiny|100/100|[from] U-turn
|
|upkeep
|turn|2
|inactive|Battle timer is ON: inactive players will automatically lose when time's up. (requested by healorant)
|
|t:|1781267478
|move|p2a: Zapdos|U-turn|p1a: Slowking
|-damage|p1a: Slowking|88/100
|
|t:|1781267480
|switch|p2a: Hoopa|Hoopa-Unbound|100/100|[from] U-turn
|move|p1a: Slowking|Sludge Bomb|p2a: Hoopa
|-damage|p2a: Hoopa|65/100
|
|upkeep
|turn|3
|
|t:|1781267486
|switch|p1a: Corviknight|Corviknight, M, shiny|100/100
|-ability|p1a: Corviknight|Pressure
|move|p2a: Hoopa|Hyperspace Fury|p1a: Corviknight
|-damage|p1a: Corviknight|46/100
|-unboost|p2a: Hoopa|def|1
|
|upkeep
|turn|4
|
|t:|1781267495
|move|p2a: Hoopa|Hyperspace Fury|p1a: Corviknight
|-damage|p1a: Corviknight|0 fnt
|-unboost|p2a: Hoopa|def|1
|faint|p1a: Corviknight
|
|upkeep
|
|t:|1781267508
|switch|p1a: Crawdaunt|Crawdaunt, F|100/100
|turn|5
|
|t:|1781267512
|switch|p2a: Zapdos|Zapdos|95/100
|move|p1a: Crawdaunt|Close Combat|p2a: Zapdos
|-resisted|p2a: Zapdos
|-damage|p2a: Zapdos|72/100
|-unboost|p1a: Crawdaunt|def|1
|-unboost|p1a: Crawdaunt|spd|1
|
|upkeep
|turn|6
|j| epitap
|
|t:|1781267520
|switch|p1a: Slowking|Slowking-Galar, F, shiny|100/100
|move|p2a: Zapdos|U-turn|p1a: Slowking
|-damage|p1a: Slowking|88/100
|
|t:|1781267522
|switch|p2a: Hoopa|Hoopa-Unbound|65/100|[from] U-turn
|
|upkeep
|turn|7
|
|t:|1781267527
|switch|p1a: Zamazenta|Zamazenta|100/100
|-ability|p1a: Zamazenta|Dauntless Shield|boost
|-boost|p1a: Zamazenta|def|1
|move|p2a: Hoopa|Hyperspace Fury|p1a: Zamazenta
|-resisted|p1a: Zamazenta
|-damage|p1a: Zamazenta|77/100
|-unboost|p2a: Hoopa|def|1
|
|-heal|p1a: Zamazenta|83/100|[from] item: Leftovers
|upkeep
|turn|8
|
|t:|1781267531
|switch|p1a: Kyurem|Kyurem|100/100
|-ability|p1a: Kyurem|Pressure
|switch|p2a: Zapdos|Zapdos|72/100
|
|upkeep
|turn|9
|
|t:|1781267538
|switch|p2a: Gholdengo|Gholdengo|100/100
|-item|p2a: Gholdengo|Air Balloon
|move|p1a: Kyurem|Ice Beam|p2a: Gholdengo
|-resisted|p2a: Gholdengo
|-damage|p2a: Gholdengo|69/100
|-enditem|p2a: Gholdengo|Air Balloon
|
|upkeep
|turn|10
|
|t:|1781267542
|switch|p1a: Slowking|Slowking-Galar, F, shiny|100/100
|move|p2a: Gholdengo|Thunder Wave|p1a: Slowking
|-status|p1a: Slowking|par
|
|upkeep
|turn|11
|
|t:|1781267547
|move|p2a: Gholdengo|Recover|p2a: Gholdengo
|-heal|p2a: Gholdengo|100/100
|move|p1a: Slowking|Flamethrower|p2a: Gholdengo
|-supereffective|p2a: Gholdengo
|-damage|p2a: Gholdengo|41/100
|
|upkeep
|turn|12
|
|t:|1781267551
|switch|p1a: Darkrai|Darkrai|100/100
|move|p2a: Gholdengo|Recover|p2a: Gholdengo
|-heal|p2a: Gholdengo|91/100
|
|upkeep
|turn|13
|
|t:|1781267554
|switch|p2a: Ting-Lu|Ting-Lu|100/100
|-ability|p2a: Ting-Lu|Vessel of Ruin
|move|p1a: Darkrai|Dark Pulse|p2a: Ting-Lu
|-resisted|p2a: Ting-Lu
|-damage|p2a: Ting-Lu|92/100
|
|-heal|p2a: Ting-Lu|98/100|[from] item: Leftovers
|upkeep
|turn|14
|j| nelsoNJ
|
|t:|1781267558
|switch|p1a: Kyurem|Kyurem|100/100
|-ability|p1a: Kyurem|Pressure
|move|p2a: Ting-Lu|Stealth Rock|p1a: Kyurem
|-sidestart|p1: icylikedecember|move: Stealth Rock
|
|-heal|p2a: Ting-Lu|100/100|[from] item: Leftovers
|upkeep
|turn|15
|
|t:|1781267562
|move|p1a: Kyurem|Ice Beam|p2a: Ting-Lu
|-supereffective|p2a: Ting-Lu
|-damage|p2a: Ting-Lu|42/100
|move|p2a: Ting-Lu|Whirlwind|p1a: Kyurem
|drag|p1a: Slowking|Slowking-Galar, F, shiny|100/100 par
|-damage|p1a: Slowking|88/100 par|[from] Stealth Rock
|
|-heal|p2a: Ting-Lu|48/100|[from] item: Leftovers
|upkeep
|turn|16
|
|t:|1781267567
|switch|p1a: Kyurem|Kyurem|100/100
|-damage|p1a: Kyurem|76/100|[from] Stealth Rock
|-ability|p1a: Kyurem|Pressure
|move|p2a: Ting-Lu|Earthquake|p1a: Kyurem
|-damage|p1a: Kyurem|42/100
|
|-heal|p2a: Ting-Lu|54/100|[from] item: Leftovers
|upkeep
|turn|17
|
|t:|1781267575
|switch|p2a: Gholdengo|Gholdengo|91/100
|move|p1a: Kyurem|Ice Beam|p2a: Gholdengo
|-resisted|p2a: Gholdengo
|-damage|p2a: Gholdengo|58/100
|
|upkeep
|turn|18
|
|t:|1781267585
|switch|p1a: Crawdaunt|Crawdaunt, F|100/100
|-damage|p1a: Crawdaunt|88/100|[from] Stealth Rock
|move|p2a: Gholdengo|Recover|p2a: Gholdengo
|-heal|p2a: Gholdengo|100/100
|
|upkeep
|turn|19
|
|t:|1781267594
|switch|p2a: Samurott|Samurott-Hisui, F|100/100
|move|p1a: Crawdaunt|Crabhammer|p2a: Samurott
|-resisted|p2a: Samurott
|-damage|p2a: Samurott|28/100
|
|upkeep
|turn|20
|
|t:|1781267600
|switch|p1a: Zamazenta|Zamazenta|83/100
|-damage|p1a: Zamazenta|77/100|[from] Stealth Rock
|move|p2a: Samurott|Ceaseless Edge|p1a: Zamazenta|[miss]
|-miss|p2a: Samurott|p1a: Zamazenta
|
|-heal|p1a: Zamazenta|83/100|[from] item: Leftovers
|upkeep
|turn|21
|
|t:|1781267604
|move|p2a: Samurott|Ceaseless Edge|p1a: Zamazenta
|-resisted|p1a: Zamazenta
|-damage|p1a: Zamazenta|66/100
|-sidestart|p1: icylikedecember|Spikes
|move|p1a: Zamazenta|Roar|p2a: Samurott
|drag|p2a: Ting-Lu|Ting-Lu|54/100
|-ability|p2a: Ting-Lu|Vessel of Ruin
|
|-heal|p1a: Zamazenta|72/100|[from] item: Leftovers
|-heal|p2a: Ting-Lu|60/100|[from] item: Leftovers
|upkeep
|turn|22
|
|t:|1781267611
|switch|p2a: Zapdos|Zapdos|72/100
|move|p1a: Zamazenta|Iron Defense|p1a: Zamazenta
|-boost|p1a: Zamazenta|def|2
|
|-heal|p1a: Zamazenta|79/100|[from] item: Leftovers
|upkeep
|turn|23
|
|t:|1781267616
|switch|p1a: Slowking|Slowking-Galar, F, shiny|100/100 par
|-damage|p1a: Slowking|88/100 par|[from] Stealth Rock
|-damage|p1a: Slowking|76/100 par|[from] Spikes
|move|p2a: Zapdos|Discharge|p1a: Slowking
|-damage|p1a: Slowking|58/100 par
|
|upkeep
|turn|24
|
|t:|1781267620
|move|p2a: Zapdos|U-turn|p1a: Slowking
|-crit|p1a: Slowking
|-damage|p1a: Slowking|38/100 par
|
|t:|1781267621
|switch|p2a: Hoopa|Hoopa-Unbound|65/100|[from] U-turn
|cant|p1a: Slowking|par
|
|upkeep
|turn|25
|
|t:|1781267627
|move|p2a: Hoopa|Hyperspace Fury|p1a: Slowking
|-supereffective|p1a: Slowking
|-damage|p1a: Slowking|0 fnt
|-unboost|p2a: Hoopa|def|1
|faint|p1a: Slowking
|
|upkeep
|
|t:|1781267636
|switch|p1a: Darkrai|Darkrai|100/100
|-damage|p1a: Darkrai|88/100|[from] Stealth Rock
|-damage|p1a: Darkrai|76/100|[from] Spikes
|turn|26
|
|t:|1781267642
|move|p1a: Darkrai|Dark Pulse|p2a: Hoopa
|-crit|p2a: Hoopa
|-damage|p2a: Hoopa|10/100
|move|p2a: Hoopa|Hyperspace Fury|p1a: Darkrai
|-resisted|p1a: Darkrai
|-damage|p1a: Darkrai|19/100
|-unboost|p2a: Hoopa|def|1
|
|upkeep
|turn|27
|
|t:|1781267647
|move|p1a: Darkrai|Dark Pulse|p2a: Hoopa
|-damage|p2a: Hoopa|0 fnt
|faint|p2a: Hoopa
|
|upkeep
|
|t:|1781267650
|switch|p2a: Samurott|Samurott-Hisui, F|28/100
|turn|28
|
|t:|1781267656
|switch|p1a: Zamazenta|Zamazenta|79/100
|-damage|p1a: Zamazenta|72/100|[from] Stealth Rock
|-damage|p1a: Zamazenta|60/100|[from] Spikes
|move|p2a: Samurott|Flip Turn|p1a: Zamazenta
|-damage|p1a: Zamazenta|38/100
|
|t:|1781267665
|switch|p2a: Zapdos|Zapdos|72/100|[from] Flip Turn
|
|-heal|p1a: Zamazenta|44/100|[from] item: Leftovers
|upkeep
|turn|29
|
|t:|1781267674
|switch|p1a: Darkrai|Darkrai|19/100
|-damage|p1a: Darkrai|6/100|[from] Stealth Rock
|-damage|p1a: Darkrai|0 fnt|[from] Spikes
|faint|p1a: Darkrai
|move|p2a: Zapdos|Discharge|p1: Darkrai|[notarget]
|-fail|p2a: Zapdos
|
|upkeep
|
|t:|1781267676
|switch|p1a: Kyurem|Kyurem|42/100
|-damage|p1a: Kyurem|17/100|[from] Stealth Rock
|-damage|p1a: Kyurem|5/100|[from] Spikes
|-ability|p1a: Kyurem|Pressure
|turn|30
|
|t:|1781267679
|switch|p2a: Ting-Lu|Ting-Lu|60/100
|-ability|p2a: Ting-Lu|Vessel of Ruin
|move|p1a: Kyurem|Ice Beam|p2a: Ting-Lu
|-supereffective|p2a: Ting-Lu
|-damage|p2a: Ting-Lu|0 fnt
|faint|p2a: Ting-Lu
|
|upkeep
|
|t:|1781267682
|switch|p2a: Samurott|Samurott-Hisui, F|28/100
|turn|31
|
|t:|1781267689
|move|p2a: Samurott|Flip Turn|p1a: Kyurem
|-resisted|p1a: Kyurem
|-damage|p1a: Kyurem|0 fnt
|faint|p1a: Kyurem
|
|t:|1781267694
|switch|p2a: Zapdos|Zapdos|72/100|[from] Flip Turn
|
|upkeep
|
|t:|1781267699
|switch|p1a: Zamazenta|Zamazenta|44/100
|-damage|p1a: Zamazenta|38/100|[from] Stealth Rock
|-damage|p1a: Zamazenta|26/100|[from] Spikes
|turn|32
|
|t:|1781267703
|move|p1a: Zamazenta|Crunch|p2a: Zapdos
|-damage|p2a: Zapdos|56/100
|move|p2a: Zapdos|Discharge|p1a: Zamazenta
|-damage|p1a: Zamazenta|0 fnt
|faint|p1a: Zamazenta
|
|upkeep
|
|t:|1781267707
|switch|p1a: Crawdaunt|Crawdaunt, F|88/100
|-damage|p1a: Crawdaunt|76/100|[from] Stealth Rock
|-damage|p1a: Crawdaunt|63/100|[from] Spikes
|turn|33
|
|t:|1781267709
|-terastallize|p1a: Crawdaunt|Water
|move|p1a: Crawdaunt|Aqua Jet|p2a: Zapdos
|-damage|p2a: Zapdos|21/100
|move|p2a: Zapdos|Discharge|p1a: Crawdaunt
|-supereffective|p1a: Crawdaunt
|-damage|p1a: Crawdaunt|0 fnt
|faint|p1a: Crawdaunt
|
|win|healorant
|raw|icylikedecember's rating: 1748 &rarr; <strong>1729</strong><br />(-19 for losing)
|raw|healorant's rating: 1766 &rarr; <strong>1785</strong><br />(+19 for winning)
|l|☆icylikedecember
|player|p1|
|l|☆healorant
|player|p2|
