|badge|p2|bronze|gen9ou|100-9
|uhtml|medal-msg|<div class="broadcast-blue">Curious what those medals under the avatar are? PS now has Ladder Seasons! For more information, check out the <a href="https://www.smogon.com/forums/threads/3740067/">thread on Smogon.</a></div>
|j|☆LowEL0God
|j|☆temporarylight
|t:|1781543330
|gametype|singles
|player|p1|LowEL0God|265|1690
|player|p2|temporarylight|jogger|1855
|gen|9
|tier|[Gen 9] OU
|rated|
|rule|HP Percentage Mod: HP is shown in percentages
|rule|Endless Battle Clause: Forcing endless battles is banned
|rule|Species Clause: Limit one of each Pokémon
|rule|OHKO Clause: OHKO moves are banned
|rule|Evasion Items Clause: Evasion items are banned
|rule|Evasion Moves Clause: Evasion moves are banned
|rule|Evasion Abilities Clause: Evasion abilities are banned
|rule|Sleep Moves Clause: Sleep-inducing moves are banned
|clearpoke
|poke|p1|Pelipper, F|
|poke|p1|Raging Bolt|
|poke|p1|Overqwil, M|
|poke|p1|Barraskewda, M|
|poke|p1|Iron Treads|
|poke|p1|Kingambit, M|
|poke|p2|Ting-Lu|
|poke|p2|Gholdengo|
|poke|p2|Dragonite, M|
|poke|p2|Volcanion|
|poke|p2|Hatterene, F|
|poke|p2|Zapdos-Galar|
|teampreview
|inactive|Battle timer is ON: inactive players will automatically lose when time's up. (requested by temporarylight)
|c|☆LowEL0God|hf
|inactive|LowEL0God also wants the timer to be on.
|
|t:|1781543342
|teamsize|p1|6
|teamsize|p2|6
|start
|switch|p1a: Kingambit|Kingambit, M|100/100
|switch|p2a: Zapdos|Zapdos-Galar|100/100
|turn|1
|
|t:|1781543348
|-end|p1a: Kingambit|fallenundefined|[silent]
|switch|p1a: Pelipper|Pelipper, F|100/100
|-weather|RainDance|[from] ability: Drizzle|[of] p1a: Pelipper
|move|p2a: Zapdos|Knock Off|p1a: Pelipper
|-damage|p1a: Pelipper|71/100
|-enditem|p1a: Pelipper|Damp Rock|[from] move: Knock Off|[of] p2a: Zapdos
|
|-weather|RainDance|[upkeep]
|upkeep
|turn|2
|
|t:|1781543360
|switch|p2a: Ting-Lu|Ting-Lu|100/100
|-ability|p2a: Ting-Lu|Vessel of Ruin
|move|p1a: Pelipper|Hurricane|p2a: Ting-Lu
|-damage|p2a: Ting-Lu|81/100
|
|-weather|RainDance|[upkeep]
|upkeep
|turn|3
|
|t:|1781543368
|switch|p2a: Volcanion|Volcanion|100/100
|move|p1a: Pelipper|Weather Ball|p2a: Volcanion
|-immune|p2a: Volcanion|[from] ability: Water Absorb
|
|-weather|RainDance|[upkeep]
|upkeep
|turn|4
|
|t:|1781543372
|switch|p1a: Raging Bolt|Raging Bolt|100/100
|-enditem|p1a: Raging Bolt|Booster Energy
|-activate|p1a: Raging Bolt|ability: Protosynthesis|[fromitem]
|-start|p1a: Raging Bolt|protosynthesisspa
|move|p2a: Volcanion|Steam Eruption|p1a: Raging Bolt
|-resisted|p1a: Raging Bolt
|-damage|p1a: Raging Bolt|38/100
|
|-weather|RainDance|[upkeep]
|upkeep
|turn|5
|
|t:|1781543378
|switch|p2a: Ting-Lu|Ting-Lu|81/100
|-ability|p2a: Ting-Lu|Vessel of Ruin
|move|p1a: Raging Bolt|Thunderclap||[still]
|-fail|p1a: Raging Bolt
|
|-weather|RainDance|[upkeep]
|upkeep
|turn|6
|
|t:|1781543382
|move|p1a: Raging Bolt|Weather Ball|p2a: Ting-Lu
|-supereffective|p2a: Ting-Lu
|-damage|p2a: Ting-Lu|3/100
|move|p2a: Ting-Lu|Earthquake|p1a: Raging Bolt
|-supereffective|p1a: Raging Bolt
|-damage|p1a: Raging Bolt|0 fnt
|faint|p1a: Raging Bolt
|-end|p1a: Raging Bolt|Protosynthesis|[silent]
|
|-weather|RainDance|[upkeep]
|upkeep
|
|t:|1781543383
|switch|p1a: Kingambit|Kingambit, M|100/100
|-activate|p1a: Kingambit|ability: Supreme Overlord
|-start|p1a: Kingambit|fallen1|[silent]
|turn|7
|
|t:|1781543388
|switch|p2a: Zapdos|Zapdos-Galar|100/100
|move|p1a: Kingambit|Swords Dance|p1a: Kingambit
|-boost|p1a: Kingambit|atk|2
|
|-weather|RainDance|[upkeep]
|upkeep
|turn|8
|
|t:|1781543391
|-terastallize|p1a: Kingambit|Dark
|move|p2a: Zapdos|Close Combat|p1a: Kingambit
|-supereffective|p1a: Kingambit
|-damage|p1a: Kingambit|10/100
|-unboost|p2a: Zapdos|def|1
|-unboost|p2a: Zapdos|spd|1
|move|p1a: Kingambit|Iron Head|p2a: Zapdos
|-crit|p2a: Zapdos
|-damage|p2a: Zapdos|0 fnt
|faint|p2a: Zapdos
|
|-weather|none
|-heal|p1a: Kingambit|16/100|[from] item: Leftovers
|upkeep
|
|t:|1781543395
|switch|p2a: Dragonite|Dragonite, M, shiny|100/100
|turn|9
|
|t:|1781543397
|-end|p1a: Kingambit|fallen1|[silent]
|switch|p1a: Pelipper|Pelipper, F|71/100
|-weather|RainDance|[from] ability: Drizzle|[of] p1a: Pelipper
|move|p2a: Dragonite|Extreme Speed|p1a: Pelipper
|-damage|p1a: Pelipper|48/100
|
|-weather|RainDance|[upkeep]
|upkeep
|turn|10
|
|t:|1781543410
|switch|p2a: Ting-Lu|Ting-Lu|3/100
|-ability|p2a: Ting-Lu|Vessel of Ruin
|move|p1a: Pelipper|Hurricane|p2a: Ting-Lu
|-damage|p2a: Ting-Lu|0 fnt
|faint|p2a: Ting-Lu
|
|-weather|RainDance|[upkeep]
|upkeep
|
|t:|1781543413
|switch|p2a: Volcanion|Volcanion|100/100
|turn|11
|
|t:|1781543414
|move|p2a: Volcanion|Steam Eruption|p1a: Pelipper
|-resisted|p1a: Pelipper
|-damage|p1a: Pelipper|0 fnt
|faint|p1a: Pelipper
|
|-weather|RainDance|[upkeep]
|upkeep
|
|t:|1781543415
|switch|p1a: Kingambit|Kingambit, M, tera:Dark|16/100
|-activate|p1a: Kingambit|ability: Supreme Overlord
|-start|p1a: Kingambit|fallen2|[silent]
|turn|12
|
|t:|1781543418
|move|p1a: Kingambit|Sucker Punch|p2a: Volcanion
|-damage|p2a: Volcanion|41/100
|move|p2a: Volcanion|Steam Eruption|p1a: Kingambit
|-damage|p1a: Kingambit|0 fnt
|faint|p1a: Kingambit
|-end|p1a: Kingambit|fallen2|[silent]
|
|-weather|RainDance|[upkeep]
|upkeep
|
|t:|1781543419
|switch|p1a: Overqwil|Overqwil, M|100/100
|turn|13
|
|t:|1781543425
|switch|p2a: Magic I Bounce U|Hatterene, F, shiny|100/100
|move|p1a: Overqwil|Crunch|p2a: Magic I Bounce U
|-crit|p2a: Magic I Bounce U
|-damage|p2a: Magic I Bounce U|27/100
|-damage|p1a: Overqwil|84/100|[from] item: Rocky Helmet|[of] p2a: Magic I Bounce U
|-damage|p1a: Overqwil|74/100|[from] item: Life Orb
|
|-weather|none
|upkeep
|turn|14
|
|t:|1781543431
|move|p1a: Overqwil|Gunk Shot|p2a: Magic I Bounce U
|-supereffective|p2a: Magic I Bounce U
|-damage|p2a: Magic I Bounce U|0 fnt
|faint|p2a: Magic I Bounce U
|-damage|p1a: Overqwil|64/100|[from] item: Life Orb
|
|upkeep
|
|t:|1781543437
|switch|p2a: Gholdengo|Gholdengo|100/100
|turn|15
|
|t:|1781543458
|move|p2a: Gholdengo|Make It Rain|p1a: Overqwil
|-crit|p1a: Overqwil
|-damage|p1a: Overqwil|0 fnt
|-unboost|p2a: Gholdengo|spa|1
|faint|p1a: Overqwil
|
|upkeep
|
|t:|1781543459
|switch|p1a: Iron Treads|Iron Treads|100/100
|-enditem|p1a: Iron Treads|Booster Energy
|-activate|p1a: Iron Treads|ability: Quark Drive|[fromitem]
|-start|p1a: Iron Treads|quarkdrivespe
|turn|16
|
|t:|1781543462
|switch|p2a: Volcanion|Volcanion|41/100
|move|p1a: Iron Treads|Rapid Spin|p2a: Volcanion
|-crit|p2a: Volcanion
|-damage|p2a: Volcanion|24/100
|-boost|p1a: Iron Treads|spe|1
|
|upkeep
|turn|17
|
|t:|1781543465
|move|p1a: Iron Treads|Earth Power|p2a: Volcanion
|-supereffective|p2a: Volcanion
|-damage|p2a: Volcanion|0 fnt
|faint|p2a: Volcanion
|
|upkeep
|
|t:|1781543467
|switch|p2a: Dragonite|Dragonite, M, shiny|100/100
|turn|18
|
|t:|1781543470
|move|p1a: Iron Treads|Rapid Spin|p2a: Dragonite
|-damage|p2a: Dragonite|95/100
|-boost|p1a: Iron Treads|spe|1
|move|p2a: Dragonite|Earthquake|p1a: Iron Treads
|-supereffective|p1a: Iron Treads
|-damage|p1a: Iron Treads|26/100
|
|upkeep
|turn|19
|
|t:|1781543479
|-terastallize|p2a: Dragonite|Normal
|move|p1a: Iron Treads|Earth Power|p2a: Dragonite
|-damage|p2a: Dragonite|58/100
|-unboost|p2a: Dragonite|spd|1
|move|p2a: Dragonite|Earthquake|p1a: Iron Treads
|-supereffective|p1a: Iron Treads
|-damage|p1a: Iron Treads|0 fnt
|faint|p1a: Iron Treads
|-end|p1a: Iron Treads|Quark Drive|[silent]
|
|upkeep
|
|t:|1781543480
|switch|p1a: Barraskewda|Barraskewda, M|100/100
|turn|20
|
|t:|1781543483
|move|p2a: Dragonite|Extreme Speed|p1a: Barraskewda
|-damage|p1a: Barraskewda|5/100
|move|p1a: Barraskewda|Aqua Jet|p2a: Dragonite
|-damage|p2a: Dragonite|22/100
|
|upkeep
|turn|21
|
|t:|1781543487
|move|p2a: Dragonite|Extreme Speed|p1a: Barraskewda
|-damage|p1a: Barraskewda|0 fnt
|faint|p1a: Barraskewda
|
|win|temporarylight
|raw|LowEL0God's rating: 1690 &rarr; <strong>1679</strong><br />(-11 for losing)
|raw|temporarylight's rating: 1855 &rarr; <strong>1866</strong><br />(+11 for winning)
|l|☆temporarylight
|player|p2|
|c|☆LowEL0God|gg
|l|☆LowEL0God
|player|p1|
