|j|☆runningdan
|j|☆Iggy Sent Me
|t:|1781496206
|gametype|singles
|player|p1|runningdan|170|1548
|player|p2|Iggy Sent Me|veteran|1598
|gen|9
|tier|[Gen 9] OU
|rated|
|rule|HP Percentage Mod: HP is shown in percentages
|rule|Endless Battle Clause: Forcing endless battles is banned
|rule|Species Clause: Limit one of each Pokémon
|rule|OHKO Clause: OHKO moves are banned
|rule|Evasion Items Clause: Evasion items are banned
|rule|Evasion Moves Clause: Evasion moves are banned
|rule|Evasion Abilities Clause: Evasion abilities are banned
|rule|Sleep Moves Clause: Sleep-inducing moves are banned
|clearpoke
|poke|p1|Great Tusk|
|poke|p1|Ninetales-Alola, F|
|poke|p1|Darkrai|
|poke|p1|Slowking-Galar, M|
|poke|p1|Dragapult, F|
|poke|p1|Gliscor, F|
|poke|p2|Zamazenta-*|
|poke|p2|Dragapult, F|
|poke|p2|Pecharunt|
|poke|p2|Ogerpon-Wellspring, F|
|poke|p2|Iron Treads|
|poke|p2|Kingambit, M|
|teampreview
|inactive|Battle timer is ON: inactive players will automatically lose when time's up. (requested by Iggy Sent Me)
|inactive|runningdan also wants the timer to be on.
|
|t:|1781496217
|teamsize|p1|6
|teamsize|p2|6
|start
|switch|p1a: Dragapult|Dragapult, F|100/100
|switch|p2a: Iron Treads|Iron Treads|100/100
|-enditem|p2a: Iron Treads|Booster Energy
|-activate|p2a: Iron Treads|ability: Quark Drive|[fromitem]
|-start|p2a: Iron Treads|quarkdrivespe
|turn|1
|
|t:|1781496228
|move|p2a: Iron Treads|Knock Off|p1a: Dragapult
|-supereffective|p1a: Dragapult
|-damage|p1a: Dragapult|17/100
|-enditem|p1a: Dragapult|Choice Specs|[from] move: Knock Off|[of] p2a: Iron Treads
|move|p1a: Dragapult|Fire Blast|p2a: Iron Treads|[miss]
|-miss|p1a: Dragapult|p2a: Iron Treads
|
|upkeep
|turn|2
|
|t:|1781496237
|switch|p1a: Great Tusk|Great Tusk|100/100
|move|p2a: Iron Treads|Stealth Rock|p1a: Great Tusk
|-sidestart|p1: runningdan|move: Stealth Rock
|
|upkeep
|turn|3
|
|t:|1781496248
|-terastallize|p2a: Iron Treads|Ghost
|move|p2a: Iron Treads|Knock Off|p1a: Great Tusk
|-resisted|p1a: Great Tusk
|-damage|p1a: Great Tusk|93/100
|-enditem|p1a: Great Tusk|Leftovers|[from] move: Knock Off|[of] p2a: Iron Treads
|move|p1a: Great Tusk|Earthquake|p2a: Iron Treads
|-damage|p2a: Iron Treads|64/100
|
|upkeep
|turn|4
|
|t:|1781496259
|move|p2a: Iron Treads|Earthquake|p1a: Great Tusk
|-damage|p1a: Great Tusk|69/100
|move|p1a: Great Tusk|Bulk Up|p1a: Great Tusk
|-boost|p1a: Great Tusk|atk|1
|-boost|p1a: Great Tusk|def|1
|
|upkeep
|turn|5
|
|t:|1781496268
|move|p2a: Iron Treads|Earthquake|p1a: Great Tusk
|-damage|p1a: Great Tusk|53/100
|move|p1a: Great Tusk|Earthquake|p2a: Iron Treads
|-damage|p2a: Iron Treads|4/100
|
|upkeep
|turn|6
|
|t:|1781496275
|move|p2a: Iron Treads|Earthquake|p1a: Great Tusk
|-damage|p1a: Great Tusk|37/100
|move|p1a: Great Tusk|Earthquake|p2a: Iron Treads
|-damage|p2a: Iron Treads|0 fnt
|faint|p2a: Iron Treads
|-end|p2a: Iron Treads|Quark Drive|[silent]
|
|upkeep
|
|t:|1781496287
|switch|p2a: Ogerpon|Ogerpon-Wellspring, F|100/100
|turn|7
|
|t:|1781496301
|move|p2a: Ogerpon|Ivy Cudgel|p1a: Great Tusk|[anim] Ivy Cudgel Water
|-supereffective|p1a: Great Tusk
|-damage|p1a: Great Tusk|0 fnt
|faint|p1a: Great Tusk
|-end|p1a: Great Tusk|Protosynthesis|[silent]
|
|upkeep
|
|t:|1781496313
|switch|p1a: Ninetales|Ninetales-Alola, F|100/100
|-damage|p1a: Ninetales|76/100|[from] Stealth Rock
|-weather|Snowscape|[from] ability: Snow Warning|[of] p1a: Ninetales
|turn|8
|
|t:|1781496321
|move|p2a: Ogerpon|Substitute|p2a: Ogerpon
|-start|p2a: Ogerpon|Substitute
|-damage|p2a: Ogerpon|76/100
|move|p1a: Ninetales|Aurora Veil|p1a: Ninetales
|-sidestart|p1: runningdan|move: Aurora Veil
|
|-weather|Snowscape|[upkeep]
|upkeep
|turn|9
|
|t:|1781496326
|move|p2a: Ogerpon|Swords Dance|p2a: Ogerpon
|-boost|p2a: Ogerpon|atk|2
|move|p1a: Ninetales|Encore|p2a: Ogerpon
|-start|p2a: Ogerpon|Encore
|
|-weather|Snowscape|[upkeep]
|upkeep
|turn|10
|
|t:|1781496340
|switch|p1a: Dragapult|Dragapult, F|17/100
|-damage|p1a: Dragapult|5/100|[from] Stealth Rock
|move|p2a: Ogerpon|Swords Dance|p2a: Ogerpon
|-boost|p2a: Ogerpon|atk|2
|
|-weather|Snowscape|[upkeep]
|upkeep
|turn|11
|
|t:|1781496347
|switch|p2a: Kingambit|Kingambit, M|100/100
|-activate|p2a: Kingambit|ability: Supreme Overlord
|-start|p2a: Kingambit|fallen1|[silent]
|move|p1a: Dragapult|Shadow Ball|p2a: Kingambit
|-resisted|p2a: Kingambit
|-damage|p2a: Kingambit|81/100
|
|-weather|Snowscape|[upkeep]
|-heal|p2a: Kingambit|87/100|[from] item: Leftovers
|upkeep
|turn|12
|
|t:|1781496355
|move|p2a: Kingambit|Sucker Punch|p1a: Dragapult
|-supereffective|p1a: Dragapult
|-damage|p1a: Dragapult|0 fnt
|faint|p1a: Dragapult
|
|-weather|none
|-heal|p2a: Kingambit|93/100|[from] item: Leftovers
|upkeep
|
|t:|1781496360
|switch|p1a: Darkrai|Darkrai|100/100
|-damage|p1a: Darkrai|88/100|[from] Stealth Rock
|turn|13
|
|t:|1781496366
|-end|p2a: Kingambit|fallen1|[silent]
|switch|p2a: Zamazenta|Zamazenta|100/100
|-ability|p2a: Zamazenta|Dauntless Shield|boost
|-boost|p2a: Zamazenta|def|1
|move|p1a: Darkrai|Nasty Plot|p1a: Darkrai
|-boost|p1a: Darkrai|spa|2
|
|-heal|p1a: Darkrai|94/100|[from] item: Leftovers
|upkeep
|turn|14
|
|t:|1781496378
|-terastallize|p1a: Darkrai|Poison
|move|p2a: Zamazenta|Light Screen|p2a: Zamazenta
|-sidestart|p2: Iggy Sent Me|move: Light Screen
|move|p1a: Darkrai|Nasty Plot|p1a: Darkrai
|-boost|p1a: Darkrai|spa|2
|
|-heal|p1a: Darkrai|99/100|[from] item: Leftovers
|upkeep
|turn|15
|
|t:|1781496387
|move|p1a: Darkrai|Focus Blast|p2a: Zamazenta
|-damage|p2a: Zamazenta|55/100
|move|p2a: Zamazenta|Roar|p1a: Darkrai
|drag|p1a: Slowking|Slowking-Galar, M|100/100
|-damage|p1a: Slowking|88/100|[from] Stealth Rock
|
|-heal|p1a: Slowking|94/100|[from] item: Leftovers
|-sideend|p1: runningdan|move: Aurora Veil
|upkeep
|turn|16
|
|t:|1781496398
|switch|p2a: Kingambit|Kingambit, M|93/100
|-activate|p2a: Kingambit|ability: Supreme Overlord
|-start|p2a: Kingambit|fallen1|[silent]
|move|p1a: Slowking|Future Sight|p2a: Kingambit
|-start|p1a: Slowking|move: Future Sight
|
|-heal|p2a: Kingambit|99/100|[from] item: Leftovers
|-heal|p1a: Slowking|99/100|[from] item: Leftovers
|upkeep
|turn|17
|
|t:|1781496402
|switch|p1a: Gliscor|Gliscor, F|100/100
|-damage|p1a: Gliscor|88/100|[from] Stealth Rock
|move|p2a: Kingambit|Kowtow Cleave|p1a: Gliscor
|-damage|p1a: Gliscor|54/100
|
|-heal|p2a: Kingambit|100/100|[from] item: Leftovers
|-status|p1a: Gliscor|tox|[from] item: Toxic Orb
|upkeep
|turn|18
|
|t:|1781496413
|switch|p1a: Ninetales|Ninetales-Alola, F|76/100
|-damage|p1a: Ninetales|51/100|[from] Stealth Rock
|-weather|Snowscape|[from] ability: Snow Warning|[of] p1a: Ninetales
|move|p2a: Kingambit|Swords Dance|p2a: Kingambit
|-boost|p2a: Kingambit|atk|2
|
|-weather|Snowscape|[upkeep]
|-end|p2a: Kingambit|move: Future Sight
|-immune|p2a: Kingambit
|upkeep
|turn|19
|
|t:|1781496430
|-end|p2a: Kingambit|fallen1|[silent]
|switch|p2a: Ogerpon|Ogerpon-Wellspring, F|76/100
|move|p1a: Ninetales|Encore||[still]
|-fail|p1a: Ninetales
|
|-weather|Snowscape|[upkeep]
|upkeep
|turn|20
|
|t:|1781496443
|move|p2a: Ogerpon|Ivy Cudgel|p1a: Ninetales|[anim] Ivy Cudgel Water
|-damage|p1a: Ninetales|6/100
|move|p1a: Ninetales|Aurora Veil|p1a: Ninetales
|-sidestart|p1: runningdan|move: Aurora Veil
|
|-weather|Snowscape|[upkeep]
|upkeep
|turn|21
|
|t:|1781496460
|move|p2a: Ogerpon|Horn Leech|p1a: Ninetales
|-damage|p1a: Ninetales|0 fnt
|-heal|p2a: Ogerpon|79/100|[from] drain|[of] p1a: Ninetales
|faint|p1a: Ninetales
|
|-weather|Snowscape|[upkeep]
|-sideend|p2: Iggy Sent Me|move: Light Screen
|upkeep
|
|t:|1781496463
|switch|p1a: Darkrai|Darkrai, tera:Poison|99/100
|-damage|p1a: Darkrai|88/100|[from] Stealth Rock
|turn|22
|
|t:|1781496482
|switch|p2a: Zamazenta|Zamazenta|55/100
|move|p1a: Darkrai|Nasty Plot|p1a: Darkrai
|-boost|p1a: Darkrai|spa|2
|
|-weather|none
|-heal|p1a: Darkrai|94/100|[from] item: Leftovers
|upkeep
|turn|23
|
|t:|1781496487
|move|p2a: Zamazenta|Light Screen|p2a: Zamazenta
|-sidestart|p2: Iggy Sent Me|move: Light Screen
|move|p1a: Darkrai|Psyshock|p2a: Zamazenta
|-supereffective|p2a: Zamazenta
|-damage|p2a: Zamazenta|11/100
|
|-heal|p1a: Darkrai|99/100|[from] item: Leftovers
|upkeep
|turn|24
|
|t:|1781496495
|move|p2a: Zamazenta|Close Combat|p1a: Darkrai
|-resisted|p1a: Darkrai
|-damage|p1a: Darkrai|83/100
|-unboost|p2a: Zamazenta|def|1
|-unboost|p2a: Zamazenta|spd|1
|move|p1a: Darkrai|Psyshock|p2a: Zamazenta
|-supereffective|p2a: Zamazenta
|-damage|p2a: Zamazenta|0 fnt
|faint|p2a: Zamazenta
|
|-heal|p1a: Darkrai|89/100|[from] item: Leftovers
|upkeep
|
|t:|1781496514
|switch|p2a: Ogerpon|Ogerpon-Wellspring, F|79/100
|turn|25
|
|t:|1781496526
|move|p1a: Darkrai|Dark Pulse|p2a: Ogerpon
|-damage|p2a: Ogerpon|29/100
|move|p2a: Ogerpon|Ivy Cudgel|p1a: Darkrai|[anim] Ivy Cudgel Water
|-damage|p1a: Darkrai|52/100
|
|-heal|p1a: Darkrai|58/100|[from] item: Leftovers
|upkeep
|turn|26
|
|t:|1781496533
|move|p1a: Darkrai|Dark Pulse|p2a: Ogerpon
|-damage|p2a: Ogerpon|0 fnt
|faint|p2a: Ogerpon
|
|-heal|p1a: Darkrai|64/100|[from] item: Leftovers
|upkeep
|
|t:|1781496535
|switch|p2a: Dragapult|Dragapult, F|100/100
|turn|27
|
|t:|1781496548
|move|p1a: Darkrai|Dark Pulse|p2a: Dragapult
|-supereffective|p2a: Dragapult
|-damage|p2a: Dragapult|0 fnt
|faint|p2a: Dragapult
|
|-heal|p1a: Darkrai|70/100|[from] item: Leftovers
|-sideend|p1: runningdan|move: Aurora Veil
|upkeep
|
|t:|1781496557
|switch|p2a: Kingambit|Kingambit, M|100/100
|-activate|p2a: Kingambit|ability: Supreme Overlord
|-start|p2a: Kingambit|fallen4|[silent]
|turn|28
|
|t:|1781496561
|move|p1a: Darkrai|Focus Blast|p2a: Kingambit|[miss]
|-miss|p1a: Darkrai|p2a: Kingambit
|move|p2a: Kingambit|Iron Head|p1a: Darkrai
|-damage|p1a: Darkrai|0 fnt
|faint|p1a: Darkrai
|
|upkeep
|
|t:|1781496566
|switch|p1a: Gliscor|Gliscor, F|54/100 tox
|-damage|p1a: Gliscor|41/100 tox|[from] Stealth Rock
|turn|29
|-message|runningdan forfeited.
|
|win|Iggy Sent Me
|raw|runningdan's rating: 1548 &rarr; <strong>1531</strong><br />(-17 for losing)
|raw|Iggy Sent Me's rating: 1598 &rarr; <strong>1615</strong><br />(+17 for winning)
|l|☆runningdan
|player|p1|
|l|☆Iggy Sent Me
|player|p2|
