|j|☆temporarylight
|j|☆LowEL0God
|t:|1781223139
|gametype|singles
|player|p1|temporarylight|jogger|1672
|player|p2|LowEL0God|265|1654
|gen|9
|tier|[Gen 9] OU
|rated|
|rule|HP Percentage Mod: HP is shown in percentages
|rule|Endless Battle Clause: Forcing endless battles is banned
|rule|Species Clause: Limit one of each Pokémon
|rule|OHKO Clause: OHKO moves are banned
|rule|Evasion Items Clause: Evasion items are banned
|rule|Evasion Moves Clause: Evasion moves are banned
|rule|Evasion Abilities Clause: Evasion abilities are banned
|rule|Sleep Moves Clause: Sleep-inducing moves are banned
|clearpoke
|poke|p1|Deoxys-Speed|
|poke|p1|Enamorus, F|
|poke|p1|Ceruledge, F|
|poke|p1|Ursaluna, F|
|poke|p1|Glimmora, M|
|poke|p1|Cresselia, F|
|poke|p2|Pelipper, F|
|poke|p2|Raging Bolt|
|poke|p2|Overqwil, M|
|poke|p2|Barraskewda, M|
|poke|p2|Iron Treads|
|poke|p2|Kingambit, F|
|teampreview
|c|☆LowEL0God|hf
|inactive|Battle timer is ON: inactive players will automatically lose when time's up. (requested by LowEL0God)
|j| blackgokuking
|c|☆temporarylight|hf
|j| Barryshambles
|
|t:|1781223157
|teamsize|p1|6
|teamsize|p2|6
|start
|switch|p1a: Enamorus|Enamorus, F|100/100
|switch|p2a: Barraskewda|Barraskewda, M|100/100
|turn|1
|inactive|temporarylight has 120 seconds left.
|
|t:|1781223193
|move|p2a: Barraskewda|Liquidation|p1a: Enamorus
|-damage|p1a: Enamorus|0 fnt
|faint|p1a: Enamorus
|
|upkeep
|
|t:|1781223195
|switch|p1a: Deoxys|Deoxys-Speed|100/100
|-ability|p1a: Deoxys|Pressure
|turn|2
|
|t:|1781223196
|switch|p2a: Overqwil|Overqwil, M|100/100
|move|p1a: Deoxys|Reflect|p1a: Deoxys
|-sidestart|p1: temporarylight|Reflect
|
|upkeep
|turn|3
|
|t:|1781223200
|switch|p2a: Pelipper|Pelipper, F|100/100
|-weather|RainDance|[from] ability: Drizzle|[of] p2a: Pelipper
|move|p1a: Deoxys|Psycho Boost|p2a: Pelipper
|-damage|p2a: Pelipper|33/100
|-unboost|p1a: Deoxys|spa|2
|
|-weather|RainDance|[upkeep]
|upkeep
|turn|4
|
|t:|1781223205
|move|p1a: Deoxys|Light Screen|p1a: Deoxys
|-sidestart|p1: temporarylight|move: Light Screen
|move|p2a: Pelipper|Weather Ball|p1a: Deoxys
|-damage|p1a: Deoxys|67/100
|
|-weather|RainDance|[upkeep]
|upkeep
|turn|5
|j| ithrow24
|l| ithrow24
|
|t:|1781223212
|switch|p1a: Cresselia|Cresselia, F|100/100
|move|p2a: Pelipper|Weather Ball|p1a: Cresselia
|-damage|p1a: Cresselia|84/100
|
|-weather|RainDance|[upkeep]
|-heal|p1a: Cresselia|90/100|[from] item: Leftovers
|upkeep
|turn|6
|
|t:|1781223214
|switch|p2a: Barraskewda|Barraskewda, M|100/100
|move|p1a: Cresselia|Calm Mind|p1a: Cresselia
|-boost|p1a: Cresselia|spa|1
|-boost|p1a: Cresselia|spd|1
|
|-weather|RainDance|[upkeep]
|-heal|p1a: Cresselia|96/100|[from] item: Leftovers
|upkeep
|turn|7
|
|t:|1781223219
|switch|p2a: Kingambit|Kingambit, F|100/100
|move|p1a: Cresselia|Calm Mind|p1a: Cresselia
|-boost|p1a: Cresselia|spa|1
|-boost|p1a: Cresselia|spd|1
|
|-weather|RainDance|[upkeep]
|-heal|p1a: Cresselia|100/100|[from] item: Leftovers
|upkeep
|turn|8
|inactive|temporarylight has 120 seconds left.
|
|t:|1781223251
|move|p1a: Cresselia|Moonblast|p2a: Kingambit
|-damage|p2a: Kingambit|56/100
|-unboost|p2a: Kingambit|spa|1
|move|p2a: Kingambit|Swords Dance|p2a: Kingambit
|-boost|p2a: Kingambit|atk|2
|
|-weather|RainDance|[upkeep]
|-heal|p2a: Kingambit|62/100|[from] item: Leftovers
|upkeep
|turn|9
|
|t:|1781223253
|-terastallize|p1a: Cresselia|Fairy
|move|p1a: Cresselia|Moonblast|p2a: Kingambit
|-damage|p2a: Kingambit|3/100
|move|p2a: Kingambit|Kowtow Cleave|p1a: Cresselia
|-resisted|p1a: Cresselia
|-damage|p1a: Cresselia|84/100
|
|-weather|RainDance|[upkeep]
|-heal|p1a: Cresselia|90/100|[from] item: Leftovers
|-heal|p2a: Kingambit|10/100|[from] item: Leftovers
|-sideend|p1: temporarylight|Reflect
|upkeep
|turn|10
|
|t:|1781223258
|move|p1a: Cresselia|Moonblast|p2a: Kingambit
|-damage|p2a: Kingambit|0 fnt
|faint|p2a: Kingambit
|-end|p2a: Kingambit|fallenundefined|[silent]
|
|-weather|none
|-heal|p1a: Cresselia|96/100|[from] item: Leftovers
|upkeep
|
|t:|1781223259
|switch|p2a: Overqwil|Overqwil, M|100/100
|turn|11
|
|t:|1781223263
|move|p2a: Overqwil|Gunk Shot|p1a: Cresselia
|-supereffective|p1a: Cresselia
|-damage|p1a: Cresselia|0 fnt
|faint|p1a: Cresselia
|-damage|p2a: Overqwil|91/100|[from] item: Life Orb
|
|-sideend|p1: temporarylight|move: Light Screen
|upkeep
|
|t:|1781223267
|switch|p1a: Glimmora|Glimmora, M|100/100
|turn|12
|
|t:|1781223270
|switch|p2a: Pelipper|Pelipper, F|33/100
|-weather|RainDance|[from] ability: Drizzle|[of] p2a: Pelipper
|move|p1a: Glimmora|Stealth Rock|p2a: Pelipper
|-sidestart|p2: LowEL0God|move: Stealth Rock
|
|-weather|RainDance|[upkeep]
|upkeep
|turn|13
|
|t:|1781223274
|move|p1a: Glimmora|Earth Power|p2a: Pelipper
|-immune|p2a: Pelipper
|move|p2a: Pelipper|Weather Ball|p1a: Glimmora
|-supereffective|p1a: Glimmora
|-damage|p1a: Glimmora|23/100
|-enditem|p1a: Glimmora|Red Card|[of] p2a: Pelipper
|drag|p2a: Barraskewda|Barraskewda, M|100/100
|-damage|p2a: Barraskewda|88/100|[from] Stealth Rock
|
|-weather|RainDance|[upkeep]
|upkeep
|turn|14
|
|t:|1781223278
|move|p2a: Barraskewda|Liquidation|p1a: Glimmora
|-supereffective|p1a: Glimmora
|-damage|p1a: Glimmora|0 fnt
|-activate|p1a: Glimmora|ability: Toxic Debris
|-sidestart|p2: LowEL0God|move: Toxic Spikes
|faint|p1a: Glimmora
|
|-weather|RainDance|[upkeep]
|upkeep
|
|t:|1781223290
|switch|p1a: Ursaluna|Ursaluna, F|100/100
|turn|15
|
|t:|1781223292
|move|p2a: Barraskewda|Liquidation|p1a: Ursaluna
|-supereffective|p1a: Ursaluna
|-damage|p1a: Ursaluna|0 fnt
|faint|p1a: Ursaluna
|
|-weather|RainDance|[upkeep]
|upkeep
|
|t:|1781223294
|switch|p1a: Deoxys|Deoxys-Speed|67/100
|-ability|p1a: Deoxys|Pressure
|turn|16
|
|t:|1781223296
|move|p2a: Barraskewda|Liquidation|p1a: Deoxys
|-damage|p1a: Deoxys|0 fnt
|faint|p1a: Deoxys
|
|-weather|RainDance|[upkeep]
|upkeep
|
|t:|1781223298
|switch|p1a: Ceruledge|Ceruledge, F|100/100
|turn|17
|
|t:|1781223300
|move|p1a: Ceruledge|Shadow Sneak|p2a: Barraskewda
|-damage|p2a: Barraskewda|34/100
|-damage|p1a: Ceruledge|91/100|[from] item: Life Orb
|move|p2a: Barraskewda|Liquidation|p1a: Ceruledge
|-supereffective|p1a: Ceruledge
|-damage|p1a: Ceruledge|0 fnt
|faint|p1a: Ceruledge
|
|win|LowEL0God
|raw|temporarylight's rating: 1672 &rarr; <strong>1651</strong><br />(-21 for losing)
|raw|LowEL0God's rating: 1654 &rarr; <strong>1675</strong><br />(+21 for winning)
|l|☆temporarylight
|player|p1|
|l| blackgokuking
|c|☆LowEL0God|gg
|l|☆LowEL0God
|player|p2|
