|j|☆Shampoogini
|j|☆Kirnil
|t:|1781542596
|gametype|singles
|player|p1|Shampoogini|266|1527
|player|p2|Kirnil|maid|1605
|gen|9
|tier|[Gen 9] OU
|rated|
|rule|HP Percentage Mod: HP is shown in percentages
|rule|Endless Battle Clause: Forcing endless battles is banned
|rule|Species Clause: Limit one of each Pokémon
|rule|OHKO Clause: OHKO moves are banned
|rule|Evasion Items Clause: Evasion items are banned
|rule|Evasion Moves Clause: Evasion moves are banned
|rule|Evasion Abilities Clause: Evasion abilities are banned
|rule|Sleep Moves Clause: Sleep-inducing moves are banned
|clearpoke
|poke|p1|Serperior, M|
|poke|p1|Slowking-Galar, F|
|poke|p1|Ceruledge, F|
|poke|p1|Glimmora, M|
|poke|p1|Gliscor, M|
|poke|p1|Zamazenta-*|
|poke|p2|Glimmora, M|
|poke|p2|Great Tusk|
|poke|p2|Alomomola, F|
|poke|p2|Amoonguss, M|
|poke|p2|Iron Valiant|
|poke|p2|Hoopa-Unbound|
|teampreview
|inactive|Battle timer is ON: inactive players will automatically lose when time's up. (requested by Shampoogini)
|
|t:|1781542612
|teamsize|p1|6
|teamsize|p2|6
|start
|switch|p1a: Serperior|Serperior, M|100/100
|switch|p2a: Amoonguss|Amoonguss, M|100/100
|turn|1
|
|t:|1781542618
|move|p1a: Serperior|Glare|p2a: Amoonguss
|-status|p2a: Amoonguss|par
|move|p2a: Amoonguss|Sludge Bomb|p1a: Serperior
|-supereffective|p1a: Serperior
|-damage|p1a: Serperior|49/100
|
|-heal|p1a: Serperior|55/100|[from] item: Leftovers
|upkeep
|turn|2
|
|t:|1781542624
|switch|p1a: Glimmora|Glimmora, M|100/100
|cant|p2a: Amoonguss|par
|
|upkeep
|turn|3
|
|t:|1781542629
|switch|p2a: Glimmora|Glimmora, M|100/100
|-item|p2a: Glimmora|Air Balloon
|move|p1a: Glimmora|Spikes|p2a: Glimmora
|-sidestart|p2: Kirnil|Spikes
|
|upkeep
|turn|4
|
|t:|1781542640
|switch|p1a: Serperior|Serperior, M|55/100
|move|p2a: Glimmora|Earth Power|p1a: Serperior
|-resisted|p1a: Serperior
|-damage|p1a: Serperior|39/100
|
|-heal|p1a: Serperior|45/100|[from] item: Leftovers
|upkeep
|turn|5
|
|t:|1781542650
|move|p1a: Serperior|Glare|p2a: Glimmora
|-status|p2a: Glimmora|par
|move|p2a: Glimmora|Mortal Spin|p1a: Serperior
|-supereffective|p1a: Serperior
|-damage|p1a: Serperior|36/100
|-status|p1a: Serperior|psn
|-sideend|p2: Kirnil|Spikes|[from] move: Mortal Spin|[of] p2a: Glimmora
|
|-heal|p1a: Serperior|42/100 psn|[from] item: Leftovers
|-damage|p1a: Serperior|30/100 psn|[from] psn
|upkeep
|turn|6
|
|t:|1781542660
|move|p1a: Serperior|Leaf Storm|p2a: Glimmora|[miss]
|-miss|p1a: Serperior|p2a: Glimmora
|move|p2a: Glimmora|Stealth Rock|p1a: Serperior
|-sidestart|p1: Shampoogini|move: Stealth Rock
|
|-heal|p1a: Serperior|36/100 psn|[from] item: Leftovers
|-damage|p1a: Serperior|23/100 psn|[from] psn
|upkeep
|turn|7
|
|t:|1781542673
|move|p1a: Serperior|Synthesis|p1a: Serperior
|-heal|p1a: Serperior|73/100 psn
|move|p2a: Glimmora|Power Gem|p1a: Serperior
|-damage|p1a: Serperior|29/100 psn
|
|-heal|p1a: Serperior|36/100 psn|[from] item: Leftovers
|-damage|p1a: Serperior|23/100 psn|[from] psn
|upkeep
|turn|8
|
|t:|1781542688
|move|p1a: Serperior|Leaf Storm|p2a: Glimmora
|-damage|p2a: Glimmora|56/100 par
|-boost|p1a: Serperior|spa|2
|-enditem|p2a: Glimmora|Air Balloon
|move|p2a: Glimmora|Power Gem|p1a: Serperior
|-damage|p1a: Serperior|0 fnt
|faint|p1a: Serperior
|
|upkeep
|
|t:|1781542694
|switch|p1a: Gliscor|Gliscor, M|100/100
|-damage|p1a: Gliscor|88/100|[from] Stealth Rock
|turn|9
|
|t:|1781542697
|switch|p2a: Great Tusk|Great Tusk|100/100
|-enditem|p2a: Great Tusk|Booster Energy
|-activate|p2a: Great Tusk|ability: Protosynthesis|[fromitem]
|-start|p2a: Great Tusk|protosynthesisatk
|move|p1a: Gliscor|Earthquake|p2a: Great Tusk
|-damage|p2a: Great Tusk|75/100
|
|-status|p1a: Gliscor|tox|[from] item: Toxic Orb
|upkeep
|turn|10
|
|t:|1781542704
|switch|p1a: Glimmora|Glimmora, M|100/100
|-damage|p1a: Glimmora|88/100|[from] Stealth Rock
|move|p2a: Great Tusk|Ice Spinner|p1a: Glimmora
|-damage|p1a: Glimmora|58/100
|-damage|p2a: Great Tusk|59/100|[from] item: Rocky Helmet|[of] p1a: Glimmora
|-activate|p1a: Glimmora|ability: Toxic Debris
|-sidestart|p2: Kirnil|move: Toxic Spikes
|
|upkeep
|turn|11
|
|t:|1781542710
|move|p2a: Great Tusk|Headlong Rush|p1a: Glimmora
|-supereffective|p1a: Glimmora
|-damage|p1a: Glimmora|0 fnt
|-unboost|p2a: Great Tusk|def|1
|-unboost|p2a: Great Tusk|spd|1
|-damage|p2a: Great Tusk|43/100|[from] item: Rocky Helmet|[of] p1a: Glimmora
|-activate|p1a: Glimmora|ability: Toxic Debris
|-sidestart|p2: Kirnil|move: Toxic Spikes
|faint|p1a: Glimmora
|
|upkeep
|
|t:|1781542713
|switch|p1a: Ceruledge|Ceruledge, F|100/100
|-damage|p1a: Ceruledge|76/100|[from] Stealth Rock
|turn|12
|
|t:|1781542717
|move|p1a: Ceruledge|Shadow Sneak|p2a: Great Tusk
|-damage|p2a: Great Tusk|12/100
|-damage|p1a: Ceruledge|66/100|[from] item: Life Orb
|move|p2a: Great Tusk|Headlong Rush|p1a: Ceruledge
|-supereffective|p1a: Ceruledge
|-damage|p1a: Ceruledge|0 fnt
|-unboost|p2a: Great Tusk|def|1
|-unboost|p2a: Great Tusk|spd|1
|faint|p1a: Ceruledge
|
|upkeep
|
|t:|1781542724
|switch|p1a: Zamazenta|Zamazenta|100/100
|-damage|p1a: Zamazenta|94/100|[from] Stealth Rock
|-ability|p1a: Zamazenta|Dauntless Shield|boost
|-boost|p1a: Zamazenta|def|1
|turn|13
|
|t:|1781542728
|-end|p2a: Great Tusk|Protosynthesis|[silent]
|switch|p2a: Amoonguss|Amoonguss, M|100/100 par
|-sideend|p2: Kirnil|move: Toxic Spikes|[of] p2a: Amoonguss
|move|p1a: Zamazenta|Body Press|p2a: Amoonguss
|-resisted|p2a: Amoonguss
|-damage|p2a: Amoonguss|82/100 par
|-damage|p1a: Zamazenta|78/100|[from] item: Rocky Helmet|[of] p2a: Amoonguss
|
|upkeep
|turn|14
|
|t:|1781542734
|move|p1a: Zamazenta|Light Screen|p1a: Zamazenta
|-sidestart|p1: Shampoogini|move: Light Screen
|move|p2a: Amoonguss|Sludge Bomb|p1a: Zamazenta
|-damage|p1a: Zamazenta|70/100
|
|upkeep
|turn|15
|-message|Shampoogini forfeited.
|
|win|Kirnil
|raw|Shampoogini's rating: 1527 &rarr; <strong>1511</strong><br />(-16 for losing)
|raw|Kirnil's rating: 1605 &rarr; <strong>1621</strong><br />(+16 for winning)
|l|☆Shampoogini
|player|p1|
|l|☆Kirnil
|player|p2|
