|j|‽roxty
|j|☆PepsiEnby
|t:|1781543117
|gametype|singles
|player|p1|roxty|266|1705
|player|p2|PepsiEnby|harlequin|1725
|gen|9
|tier|[Gen 9] OU
|rated|
|rule|HP Percentage Mod: HP is shown in percentages
|rule|Endless Battle Clause: Forcing endless battles is banned
|rule|Species Clause: Limit one of each Pokémon
|rule|OHKO Clause: OHKO moves are banned
|rule|Evasion Items Clause: Evasion items are banned
|rule|Evasion Moves Clause: Evasion moves are banned
|rule|Evasion Abilities Clause: Evasion abilities are banned
|rule|Sleep Moves Clause: Sleep-inducing moves are banned
|clearpoke
|poke|p1|Gliscor, F|
|poke|p1|Blissey, F|
|poke|p1|Clefable, F|
|poke|p1|Toxapex, F|
|poke|p1|Dondozo, F|
|poke|p1|Corviknight, M|
|poke|p2|Alomomola, F|
|poke|p2|Slowking-Galar, F|
|poke|p2|Cinderace, F|
|poke|p2|Glaceon, F|
|poke|p2|Ting-Lu|
|poke|p2|Salamence, M|
|teampreview
|inactive|Battle timer is ON: inactive players will automatically lose when time's up. (requested by roxty)
|
|t:|1781543125
|teamsize|p1|6
|teamsize|p2|6
|start
|switch|p1a: Gliscor|Gliscor, F, shiny|100/100
|switch|p2a: Slowking|Slowking-Galar, F, shiny|100/100
|turn|1
|
|t:|1781543129
|move|p1a: Gliscor|Protect|p1a: Gliscor
|-singleturn|p1a: Gliscor|Protect
|move|p2a: Slowking|Trick|p1a: Gliscor
|-activate|p1a: Gliscor|move: Protect
|
|-status|p1a: Gliscor|tox|[from] item: Toxic Orb
|upkeep
|turn|2
|
|t:|1781543136
|switch|p1a: Toxapex|Toxapex, F, shiny|100/100
|switch|p2a: Alomomola|Alomomola, F|100/100
|
|upkeep
|turn|3
|
|t:|1781543151
|switch|p2a: Slowking|Slowking-Galar, F, shiny|100/100
|switch|p1a: Clefable|Clefable, F|100/100
|
|upkeep
|turn|4
|
|t:|1781543158
|switch|p1a: Toxapex|Toxapex, F, shiny|100/100
|switch|p2a: Alomomola|Alomomola, F|100/100
|
|upkeep
|turn|5
|
|t:|1781543162
|switch|p2a: Slowking|Slowking-Galar, F, shiny|100/100
|switch|p1a: Clefable|Clefable, F|100/100
|
|upkeep
|turn|6
|
|t:|1781543165
|switch|p1a: Toxapex|Toxapex, F, shiny|100/100
|switch|p2a: Alomomola|Alomomola, F|100/100
|
|upkeep
|turn|7
|
|t:|1781543172
|switch|p2a: Slowking|Slowking-Galar, F, shiny|100/100
|switch|p1a: Clefable|Clefable, F|100/100
|
|upkeep
|turn|8
|
|t:|1781543175
|switch|p1a: Toxapex|Toxapex, F, shiny|100/100
|switch|p2a: Alomomola|Alomomola, F|100/100
|
|upkeep
|turn|9
|
|t:|1781543177
|switch|p1a: Clefable|Clefable, F|100/100
|move|p2a: Alomomola|Flip Turn|p1a: Clefable
|-damage|p1a: Clefable|83/100
|
|t:|1781543180
|switch|p2a: Ting-Lu|Ting-Lu, shiny|100/100|[from] Flip Turn
|-ability|p2a: Ting-Lu|Vessel of Ruin
|
|upkeep
|turn|10
|
|t:|1781543202
|move|p1a: Clefable|Stealth Rock|p2a: Ting-Lu
|-sidestart|p2: PepsiEnby|move: Stealth Rock
|move|p2a: Ting-Lu|Heavy Slam|p1a: Clefable
|-supereffective|p1a: Clefable
|-damage|p1a: Clefable|0 fnt
|faint|p1a: Clefable
|
|upkeep
|
|t:|1781543216
|switch|p1a: Gliscor|Gliscor, F, shiny|100/100 tox
|turn|11
|
|t:|1781543223
|switch|p2a: Alomomola|Alomomola, F|100/100
|-damage|p2a: Alomomola|88/100|[from] Stealth Rock
|move|p1a: Gliscor|Knock Off|p2a: Alomomola
|-damage|p2a: Alomomola|72/100
|-enditem|p2a: Alomomola|Assault Vest|[from] move: Knock Off|[of] p1a: Gliscor
|
|upkeep
|turn|12
|
|t:|1781543230
|move|p1a: Gliscor|Toxic|p2a: Alomomola
|-status|p2a: Alomomola|tox
|move|p2a: Alomomola|Liquidation|p1a: Gliscor
|-supereffective|p1a: Gliscor
|-damage|p1a: Gliscor|47/100 tox
|
|-heal|p1a: Gliscor|60/100 tox|[from] ability: Poison Heal
|-damage|p2a: Alomomola|66/100 tox|[from] psn
|upkeep
|turn|13
|
|t:|1781543234
|switch|p2a: Slowking|Slowking-Galar, F, shiny|100/100
|-damage|p2a: Slowking|88/100|[from] Stealth Rock
|move|p1a: Gliscor|Protect||[still]
|-fail|p1a: Gliscor
|
|-heal|p2a: Slowking|94/100|[from] item: Black Sludge
|-heal|p1a: Gliscor|72/100 tox|[from] ability: Poison Heal
|upkeep
|turn|14
|
|t:|1781543239
|switch|p2a: Alomomola|Alomomola, F|99/100 tox
|-damage|p2a: Alomomola|87/100 tox|[from] Stealth Rock
|move|p1a: Gliscor|Protect||[still]
|-fail|p1a: Gliscor
|
|-heal|p1a: Gliscor|85/100 tox|[from] ability: Poison Heal
|-damage|p2a: Alomomola|81/100 tox|[from] psn
|upkeep
|turn|15
|
|t:|1781543245
|move|p1a: Gliscor|Protect|p1a: Gliscor
|-singleturn|p1a: Gliscor|Protect
|move|p2a: Alomomola|Flip Turn|p1a: Gliscor
|-activate|p1a: Gliscor|move: Protect
|
|-heal|p1a: Gliscor|97/100 tox|[from] ability: Poison Heal
|-damage|p2a: Alomomola|69/100 tox|[from] psn
|upkeep
|turn|16
|
|t:|1781543248
|switch|p1a: Toxapex|Toxapex, F, shiny|100/100
|move|p2a: Alomomola|Flip Turn|p1a: Toxapex
|-resisted|p1a: Toxapex
|-damage|p1a: Toxapex|91/100
|
|t:|1781543254
|switch|p2a: Cinderace|Cinderace, F|100/100|[from] Flip Turn
|
|upkeep
|turn|17
|
|t:|1781543260
|move|p2a: Cinderace|Court Change|p2a: Cinderace
|-swapsideconditions
|-activate|p2a: Cinderace|move: Court Change
|move|p1a: Toxapex|Toxic|p2a: Cinderace
|-status|p2a: Cinderace|tox
|
|-damage|p2a: Cinderace|94/100 tox|[from] psn
|upkeep
|turn|18
|
|t:|1781543264
|switch|p1a: Gliscor|Gliscor, F, shiny|97/100 tox
|-damage|p1a: Gliscor|85/100 tox|[from] Stealth Rock
|move|p2a: Cinderace|Will-O-Wisp|p1a: Gliscor|[miss]
|-miss|p2a: Cinderace|p1a: Gliscor
|
|-damage|p2a: Cinderace|82/100 tox|[from] psn
|-heal|p1a: Gliscor|97/100 tox|[from] ability: Poison Heal
|upkeep
|turn|19
|
|t:|1781543268
|switch|p2a: Alomomola|Alomomola, F|100/100 tox
|move|p1a: Gliscor|Spikes|p2a: Alomomola
|-sidestart|p2: PepsiEnby|Spikes
|
|-heal|p1a: Gliscor|100/100 tox|[from] ability: Poison Heal
|-damage|p2a: Alomomola|94/100 tox|[from] psn
|upkeep
|turn|20
|
|t:|1781543272
|move|p1a: Gliscor|Spikes|p2a: Alomomola
|-sidestart|p2: PepsiEnby|Spikes
|move|p2a: Alomomola|Liquidation|p1a: Gliscor
|-supereffective|p1a: Gliscor
|-damage|p1a: Gliscor|48/100 tox
|
|-heal|p1a: Gliscor|60/100 tox|[from] ability: Poison Heal
|-damage|p2a: Alomomola|82/100 tox|[from] psn
|upkeep
|turn|21
|
|t:|1781543276
|move|p1a: Gliscor|Protect|p1a: Gliscor
|-singleturn|p1a: Gliscor|Protect
|move|p2a: Alomomola|Flip Turn|p1a: Gliscor
|-activate|p1a: Gliscor|move: Protect
|
|-heal|p1a: Gliscor|73/100 tox|[from] ability: Poison Heal
|-damage|p2a: Alomomola|63/100 tox|[from] psn
|upkeep
|turn|22
|
|t:|1781543278
|move|p1a: Gliscor|Spikes|p2a: Alomomola
|-sidestart|p2: PepsiEnby|Spikes
|move|p2a: Alomomola|Flip Turn|p1a: Gliscor
|-supereffective|p1a: Gliscor
|-damage|p1a: Gliscor|35/100 tox
|
|t:|1781543281
|switch|p2a: Glaceon|Glaceon, F, shiny|100/100|[from] Flip Turn
|
|-heal|p1a: Gliscor|48/100 tox|[from] ability: Poison Heal
|upkeep
|turn|23
|
|t:|1781543287
|move|p1a: Gliscor|Protect|p1a: Gliscor
|-singleturn|p1a: Gliscor|Protect
|move|p2a: Glaceon|Copycat||[still]
|-fail|p2a: Glaceon
|
|-heal|p1a: Gliscor|60/100 tox|[from] ability: Poison Heal
|upkeep
|turn|24
|
|t:|1781543310
|switch|p1a: Blissey|Blissey, F|100/100
|move|p2a: Glaceon|Freeze-Dry|p1a: Blissey
|-damage|p1a: Blissey|89/100
|
|upkeep
|turn|25
|
|t:|1781543314
|switch|p2a: Slowking|Slowking-Galar, F, shiny|100/100
|-damage|p2a: Slowking|76/100|[from] Spikes
|move|p1a: Blissey|Seismic Toss|p2a: Slowking
|-damage|p2a: Slowking|50/100
|
|-heal|p2a: Slowking|56/100|[from] item: Black Sludge
|upkeep
|turn|26
|
|t:|1781543323
|switch|p1a: Toxapex|Toxapex, F, shiny|100/100
|-prepare|p2a: Slowking|Chilly Reception|[premajor]
|move|p2a: Slowking|Chilly Reception|p2a: Slowking
|-weather|Snowscape
|
|t:|1781543325
|switch|p2a: Glaceon|Glaceon, F, shiny|100/100|[from] Chilly Reception
|
|-weather|Snowscape|[upkeep]
|upkeep
|turn|27
|
|t:|1781543329
|move|p2a: Glaceon|Copycat|p2a: Glaceon
|move|p2a: Glaceon|Chilly Reception|p2a: Glaceon|[from] move: Copycat
|
|t:|1781543334
|switch|p2a: Alomomola|Alomomola, F|97/100 tox|[from] Chilly Reception
|-damage|p2a: Alomomola|72/100 tox|[from] Spikes
|move|p1a: Toxapex|Toxic|p2a: Alomomola
|-fail|p2a: Alomomola|tox
|
|-weather|Snowscape|[upkeep]
|-damage|p2a: Alomomola|66/100 tox|[from] psn
|upkeep
|turn|28
|
|t:|1781543338
|move|p2a: Alomomola|Flip Turn|p1a: Toxapex
|-resisted|p1a: Toxapex
|-damage|p1a: Toxapex|92/100
|
|t:|1781543345
|switch|p2a: Slowking|Slowking-Galar, F, shiny|90/100|[from] Flip Turn
|-damage|p2a: Slowking|65/100|[from] Spikes
|move|p1a: Toxapex|Infestation|p2a: Slowking
|-damage|p2a: Slowking|62/100
|-activate|p2a: Slowking|move: Infestation|[of] p1a: Toxapex
|
|-weather|Snowscape|[upkeep]
|-heal|p2a: Slowking|68/100|[from] item: Black Sludge
|-damage|p2a: Slowking|56/100|[from] move: Infestation|[partiallytrapped]
|upkeep
|turn|29
|
|t:|1781543349
|move|p1a: Toxapex|Infestation|p2a: Slowking
|-crit|p2a: Slowking
|-damage|p2a: Slowking|52/100
|-prepare|p2a: Slowking|Chilly Reception|[premajor]
|move|p2a: Slowking|Chilly Reception|p2a: Slowking
|
|t:|1781543352
|switch|p2a: Glaceon|Glaceon, F, shiny|100/100|[from] Chilly Reception
|
|-weather|Snowscape|[upkeep]
|upkeep
|turn|30
|
|t:|1781543357
|move|p2a: Glaceon|Copycat|p2a: Glaceon
|move|p2a: Glaceon|Chilly Reception|p2a: Glaceon|[from] move: Copycat
|
|t:|1781543359
|switch|p2a: Alomomola|Alomomola, F|99/100 tox|[from] Chilly Reception
|-damage|p2a: Alomomola|74/100 tox|[from] Spikes
|move|p1a: Toxapex|Infestation|p2a: Alomomola
|-damage|p2a: Alomomola|71/100 tox
|-activate|p2a: Alomomola|move: Infestation|[of] p1a: Toxapex
|
|-weather|none
|-damage|p2a: Alomomola|65/100 tox|[from] psn
|-damage|p2a: Alomomola|53/100 tox|[from] move: Infestation|[partiallytrapped]
|upkeep
|turn|31
|
|t:|1781543364
|move|p2a: Alomomola|Flip Turn|p1a: Toxapex
|-resisted|p1a: Toxapex
|-damage|p1a: Toxapex|83/100
|
|t:|1781543366
|switch|p2a: Slowking|Slowking-Galar, F, shiny|85/100|[from] Flip Turn
|-damage|p2a: Slowking|60/100|[from] Spikes
|move|p1a: Toxapex|Infestation|p2a: Slowking
|-damage|p2a: Slowking|58/100
|-activate|p2a: Slowking|move: Infestation|[of] p1a: Toxapex
|
|-heal|p2a: Slowking|64/100|[from] item: Black Sludge
|-damage|p2a: Slowking|52/100|[from] move: Infestation|[partiallytrapped]
|upkeep
|turn|32
|
|t:|1781543372
|switch|p1a: Gliscor|Gliscor, F, shiny|60/100 tox
|-damage|p1a: Gliscor|48/100 tox|[from] Stealth Rock
|-prepare|p2a: Slowking|Chilly Reception|[premajor]
|move|p2a: Slowking|Chilly Reception|p2a: Slowking
|-weather|Snowscape
|
|t:|1781543381
|switch|p2a: Glaceon|Glaceon, F, shiny|100/100|[from] Chilly Reception
|
|-weather|Snowscape|[upkeep]
|-heal|p1a: Gliscor|60/100 tox|[from] ability: Poison Heal
|upkeep
|turn|33
|
|t:|1781543386
|move|p1a: Gliscor|Protect|p1a: Gliscor
|-singleturn|p1a: Gliscor|Protect
|move|p2a: Glaceon|Freeze-Dry|p1a: Gliscor
|-activate|p1a: Gliscor|move: Protect
|
|-weather|Snowscape|[upkeep]
|-heal|p1a: Gliscor|73/100 tox|[from] ability: Poison Heal
|upkeep
|turn|34
|
|t:|1781543391
|move|p1a: Gliscor|Knock Off|p2a: Glaceon
|-damage|p2a: Glaceon|87/100
|-enditem|p2a: Glaceon|Heavy-Duty Boots|[from] move: Knock Off|[of] p1a: Gliscor
|move|p2a: Glaceon|Freeze-Dry|p1a: Gliscor
|-supereffective|p1a: Gliscor
|-damage|p1a: Gliscor|0 fnt
|faint|p1a: Gliscor
|
|-weather|Snowscape|[upkeep]
|-heal|p2a: Glaceon|93/100|[from] ability: Ice Body
|upkeep
|
|t:|1781543393
|switch|p1a: Toxapex|Toxapex, F, shiny|100/100
|turn|35
|
|t:|1781543398
|move|p2a: Glaceon|Freeze-Dry|p1a: Toxapex
|-supereffective|p1a: Toxapex
|-damage|p1a: Toxapex|44/100
|move|p1a: Toxapex|Infestation|p2a: Glaceon
|-damage|p2a: Glaceon|90/100
|-activate|p2a: Glaceon|move: Infestation|[of] p1a: Toxapex
|
|-weather|Snowscape|[upkeep]
|-heal|p2a: Glaceon|96/100|[from] ability: Ice Body
|-damage|p2a: Glaceon|84/100|[from] move: Infestation|[partiallytrapped]
|upkeep
|turn|36
|
|t:|1781543414
|-terastallize|p1a: Toxapex|Steel
|move|p2a: Glaceon|Copycat|p2a: Glaceon
|move|p2a: Glaceon|Infestation|p1a: Toxapex|[from] move: Copycat
|-resisted|p1a: Toxapex
|-damage|p1a: Toxapex|42/100
|-activate|p1a: Toxapex|move: Infestation|[of] p2a: Glaceon
|move|p1a: Toxapex|Recover|p1a: Toxapex
|-heal|p1a: Toxapex|92/100
|
|-weather|none
|-damage|p2a: Glaceon|71/100|[from] move: Infestation|[partiallytrapped]
|-damage|p1a: Toxapex|80/100|[from] move: Infestation|[partiallytrapped]
|upkeep
|turn|37
|
|t:|1781543423
|move|p2a: Glaceon|Mud Shot|p1a: Toxapex
|-supereffective|p1a: Toxapex
|-damage|p1a: Toxapex|51/100
|-unboost|p1a: Toxapex|spe|1
|move|p1a: Toxapex|Toxic|p2a: Glaceon
|-status|p2a: Glaceon|tox
|
|-damage|p2a: Glaceon|65/100 tox|[from] psn
|-damage|p2a: Glaceon|53/100 tox|[from] move: Infestation|[partiallytrapped]
|-damage|p1a: Toxapex|39/100|[from] move: Infestation|[partiallytrapped]
|upkeep
|turn|38
|j| Shucklepilled
|
|t:|1781543434
|move|p2a: Glaceon|Mud Shot|p1a: Toxapex
|-supereffective|p1a: Toxapex
|-damage|p1a: Toxapex|12/100
|-unboost|p1a: Toxapex|spe|1
|move|p1a: Toxapex|Recover|p1a: Toxapex
|-heal|p1a: Toxapex|63/100
|
|-damage|p2a: Glaceon|41/100 tox|[from] psn
|-damage|p2a: Glaceon|29/100 tox|[from] move: Infestation|[partiallytrapped]
|-damage|p1a: Toxapex|50/100|[from] move: Infestation|[partiallytrapped]
|upkeep
|turn|39
|
|t:|1781543441
|move|p2a: Glaceon|Copycat|p2a: Glaceon
|move|p2a: Glaceon|Recover|p2a: Glaceon|[from] move: Copycat
|-heal|p2a: Glaceon|79/100 tox
|move|p1a: Toxapex|Recover|p1a: Toxapex
|-heal|p1a: Toxapex|100/100
|
|-damage|p2a: Glaceon|61/100 tox|[from] psn
|-damage|p2a: Glaceon|49/100 tox|[from] move: Infestation|[partiallytrapped]
|-damage|p1a: Toxapex|88/100|[from] move: Infestation|[partiallytrapped]
|upkeep
|turn|40
|
|t:|1781543445
|move|p2a: Glaceon|Copycat|p2a: Glaceon
|move|p2a: Glaceon|Recover|p2a: Glaceon|[from] move: Copycat
|-heal|p2a: Glaceon|99/100 tox
|move|p1a: Toxapex|Haze|p1a: Toxapex
|-clearallboost
|
|-damage|p2a: Glaceon|75/100 tox|[from] psn
|-end|p2a: Glaceon|Infestation|[partiallytrapped]
|-damage|p1a: Toxapex|76/100|[from] move: Infestation|[partiallytrapped]
|upkeep
|turn|41
|
|t:|1781543450
|switch|p2a: Slowking|Slowking-Galar, F, shiny|85/100
|-damage|p2a: Slowking|60/100|[from] Spikes
|move|p1a: Toxapex|Infestation|p2a: Slowking
|-damage|p2a: Slowking|57/100
|-activate|p2a: Slowking|move: Infestation|[of] p1a: Toxapex
|
|-heal|p2a: Slowking|63/100|[from] item: Black Sludge
|-end|p1a: Toxapex|Infestation|[partiallytrapped]
|-damage|p2a: Slowking|51/100|[from] move: Infestation|[partiallytrapped]
|upkeep
|turn|42
|
|t:|1781543454
|move|p1a: Toxapex|Haze|p1a: Toxapex
|-clearallboost
|-prepare|p2a: Slowking|Chilly Reception|[premajor]
|move|p2a: Slowking|Chilly Reception|p2a: Slowking
|-weather|Snowscape
|
|t:|1781543456
|switch|p2a: Cinderace|Cinderace, F|82/100 tox|[from] Chilly Reception
|
|-weather|Snowscape|[upkeep]
|-damage|p2a: Cinderace|76/100 tox|[from] psn
|upkeep
|turn|43
|
|t:|1781543459
|switch|p1a: Dondozo|Dondozo, F, shiny|100/100
|move|p2a: Cinderace|Court Change|p2a: Cinderace
|-swapsideconditions
|-activate|p2a: Cinderace|move: Court Change
|
|-weather|Snowscape|[upkeep]
|-damage|p2a: Cinderace|64/100 tox|[from] psn
|upkeep
|turn|44
|
|t:|1781543463
|move|p2a: Cinderace|U-turn|p1a: Dondozo
|-damage|p1a: Dondozo|92/100
|
|t:|1781543465
|switch|p2a: Alomomola|Alomomola, F|86/100 tox|[from] U-turn
|-damage|p2a: Alomomola|74/100 tox|[from] Stealth Rock
|move|p1a: Dondozo|Body Press|p2a: Alomomola
|-damage|p2a: Alomomola|49/100 tox
|
|-weather|Snowscape|[upkeep]
|-damage|p2a: Alomomola|43/100 tox|[from] psn
|upkeep
|turn|45
|
|t:|1781543469
|move|p2a: Alomomola|Flip Turn|p1a: Dondozo
|-resisted|p1a: Dondozo
|-damage|p1a: Dondozo|87/100
|
|t:|1781543471
|switch|p2a: Slowking|Slowking-Galar, F, shiny|84/100|[from] Flip Turn
|-damage|p2a: Slowking|72/100|[from] Stealth Rock
|move|p1a: Dondozo|Body Press|p2a: Slowking
|-resisted|p2a: Slowking
|-damage|p2a: Slowking|66/100
|
|-weather|Snowscape|[upkeep]
|-heal|p2a: Slowking|73/100|[from] item: Black Sludge
|upkeep
|turn|46
|
|t:|1781543476
|switch|p1a: Toxapex|Toxapex, F, shiny, tera:Steel|100/100
|move|p2a: Slowking|Trick|p1a: Toxapex
|-activate|p2a: Slowking|move: Trick|[of] p1a: Toxapex
|-item|p1a: Toxapex|Black Sludge|[from] move: Trick
|-item|p2a: Slowking|Heavy-Duty Boots|[from] move: Trick
|
|-weather|none
|-damage|p1a: Toxapex|88/100|[from] item: Black Sludge
|upkeep
|turn|47
|
|t:|1781543481
|switch|p1a: Blissey|Blissey, F|89/100
|switch|p2a: Alomomola|Alomomola, F|76/100 tox
|-damage|p2a: Alomomola|64/100 tox|[from] Stealth Rock
|
|-damage|p2a: Alomomola|57/100 tox|[from] psn
|upkeep
|turn|48
|
|t:|1781543487
|switch|p1a: Dondozo|Dondozo, F, shiny|87/100
|move|p2a: Alomomola|Flip Turn|p1a: Dondozo
|-resisted|p1a: Dondozo
|-damage|p1a: Dondozo|82/100
|
|t:|1781543490
|switch|p2a: Slowking|Slowking-Galar, F, shiny|100/100|[from] Flip Turn
|
|upkeep
|turn|49
|
|t:|1781543496
|switch|p1a: Toxapex|Toxapex, F, shiny, tera:Steel|100/100
|-damage|p1a: Toxapex|76/100|[from] Spikes
|move|p2a: Slowking|Toxic|p1a: Toxapex
|-immune|p1a: Toxapex
|
|-damage|p1a: Toxapex|64/100|[from] item: Black Sludge
|upkeep
|turn|50
|
|t:|1781543502
|move|p1a: Toxapex|Infestation|p2a: Slowking
|-damage|p2a: Slowking|98/100
|-activate|p2a: Slowking|move: Infestation|[of] p1a: Toxapex
|move|p2a: Slowking|Toxic|p1a: Toxapex
|-immune|p1a: Toxapex
|
|-damage|p1a: Toxapex|51/100|[from] item: Black Sludge
|-damage|p2a: Slowking|86/100|[from] move: Infestation|[partiallytrapped]
|upkeep
|turn|51
|
|t:|1781543510
|move|p1a: Toxapex|Haze|p1a: Toxapex
|-clearallboost
|move|p2a: Slowking|Ice Beam|p1a: Toxapex
|-resisted|p1a: Toxapex
|-damage|p1a: Toxapex|44/100
|
|-damage|p1a: Toxapex|32/100|[from] item: Black Sludge
|-damage|p2a: Slowking|73/100|[from] move: Infestation|[partiallytrapped]
|upkeep
|turn|52
|
|t:|1781543516
|switch|p1a: Blissey|Blissey, F|89/100
|move|p2a: Slowking|Toxic|p1a: Blissey
|-status|p1a: Blissey|tox
|
|-damage|p1a: Blissey|83/100 tox|[from] psn
|-end|p2a: Slowking|Infestation|[partiallytrapped]|[silent]
|upkeep
|turn|53
|
|t:|1781543520
|-curestatus|p1a: Blissey|tox|[from] ability: Natural Cure|[silent]
|switch|p1a: Toxapex|Toxapex, F, shiny, tera:Steel|65/100
|-damage|p1a: Toxapex|40/100|[from] Spikes
|switch|p2a: Alomomola|Alomomola, F|91/100 tox
|-damage|p2a: Alomomola|78/100 tox|[from] Stealth Rock
|
|-damage|p1a: Toxapex|28/100|[from] item: Black Sludge
|-damage|p2a: Alomomola|72/100 tox|[from] psn
|upkeep
|turn|54
|
|t:|1781543524
|switch|p1a: Corviknight|Corviknight, M, shiny|100/100
|-ability|p1a: Corviknight|Pressure
|move|p2a: Alomomola|Flip Turn|p1a: Corviknight
|-damage|p1a: Corviknight|81/100
|
|t:|1781543528
|switch|p2a: Slowking|Slowking-Galar, F, shiny|100/100|[from] Flip Turn
|
|-heal|p1a: Corviknight|87/100|[from] item: Leftovers
|upkeep
|turn|55
|
|t:|1781543531
|switch|p1a: Toxapex|Toxapex, F, shiny, tera:Steel|62/100
|-damage|p1a: Toxapex|37/100|[from] Spikes
|-prepare|p2a: Slowking|Chilly Reception|[premajor]
|move|p2a: Slowking|Chilly Reception|p2a: Slowking
|-weather|Snowscape
|
|t:|1781543540
|switch|p2a: Ting-Lu|Ting-Lu, shiny|100/100|[from] Chilly Reception
|-damage|p2a: Ting-Lu|94/100|[from] Stealth Rock
|-ability|p2a: Ting-Lu|Vessel of Ruin
|
|-weather|Snowscape|[upkeep]
|-damage|p1a: Toxapex|25/100|[from] item: Black Sludge
|upkeep
|turn|56
|
|t:|1781543543
|switch|p1a: Corviknight|Corviknight, M, shiny|87/100
|-ability|p1a: Corviknight|Pressure
|move|p2a: Ting-Lu|Throat Chop|p1a: Corviknight
|-damage|p1a: Corviknight|36/100
|-start|p1a: Corviknight|Throat Chop|[silent]
|
|-weather|Snowscape|[upkeep]
|-heal|p1a: Corviknight|42/100|[from] item: Leftovers
|upkeep
|turn|57
|c|☆PepsiEnby|absolute
|
|t:|1781543552
|move|p1a: Corviknight|Protect|p1a: Corviknight
|-singleturn|p1a: Corviknight|Protect
|move|p2a: Ting-Lu|Throat Chop|p1a: Corviknight
|-activate|p1a: Corviknight|move: Protect
|
|-weather|Snowscape|[upkeep]
|-heal|p1a: Corviknight|48/100|[from] item: Leftovers
|-end|p1a: Corviknight|Throat Chop|[silent]
|upkeep
|turn|58
|
|t:|1781543565
|switch|p2a: Alomomola|Alomomola, F|100/100 tox
|-damage|p2a: Alomomola|88/100 tox|[from] Stealth Rock
|move|p1a: Corviknight|Roost|p1a: Corviknight
|-heal|p1a: Corviknight|98/100
|-singleturn|p1a: Corviknight|move: Roost
|
|-weather|Snowscape|[upkeep]
|-heal|p1a: Corviknight|100/100|[from] item: Leftovers
|-damage|p2a: Alomomola|82/100 tox|[from] psn
|upkeep
|turn|59
|
|t:|1781543571
|move|p1a: Corviknight|Protect|p1a: Corviknight
|-singleturn|p1a: Corviknight|Protect
|move|p2a: Alomomola|Liquidation|p1a: Corviknight
|-activate|p1a: Corviknight|move: Protect
|
|-weather|none
|-damage|p2a: Alomomola|70/100 tox|[from] psn
|upkeep
|turn|60
|
|t:|1781543576
|move|p1a: Corviknight|Spite|p2a: Alomomola
|-activate|p2a: Alomomola|move: Spite|Liquidation|4
|move|p2a: Alomomola|Flip Turn|p1a: Corviknight
|-damage|p1a: Corviknight|82/100
|
|t:|1781543581
|switch|p2a: Slowking|Slowking-Galar, F, shiny|100/100|[from] Flip Turn
|
|-heal|p1a: Corviknight|88/100|[from] item: Leftovers
|upkeep
|turn|61
|
|t:|1781543588
|switch|p1a: Blissey|Blissey, F|83/100
|move|p2a: Slowking|Ice Beam|p1a: Blissey
|-damage|p1a: Blissey|77/100
|
|upkeep
|turn|62
|
|t:|1781543591
|switch|p1a: Toxapex|Toxapex, F, shiny, tera:Steel|58/100
|-damage|p1a: Toxapex|33/100|[from] Spikes
|move|p2a: Slowking|Toxic|p1a: Toxapex
|-immune|p1a: Toxapex
|
|-damage|p1a: Toxapex|21/100|[from] item: Black Sludge
|upkeep
|turn|63
|
|t:|1781543598
|switch|p2a: Alomomola|Alomomola, F|100/100 tox
|-damage|p2a: Alomomola|88/100 tox|[from] Stealth Rock
|move|p1a: Toxapex|Recover|p1a: Toxapex
|-heal|p1a: Toxapex|71/100
|
|-damage|p1a: Toxapex|59/100|[from] item: Black Sludge
|-damage|p2a: Alomomola|82/100 tox|[from] psn
|upkeep
|turn|64
|
|t:|1781543602
|switch|p1a: Dondozo|Dondozo, F, shiny|82/100
|move|p2a: Alomomola|Flip Turn|p1a: Dondozo
|-resisted|p1a: Dondozo
|-damage|p1a: Dondozo|77/100
|
|t:|1781543608
|switch|p2a: Slowking|Slowking-Galar, F, shiny|100/100|[from] Flip Turn
|
|upkeep
|turn|65
|
|t:|1781543613
|switch|p1a: Blissey|Blissey, F|77/100
|move|p2a: Slowking|Toxic|p1a: Blissey
|-status|p1a: Blissey|tox
|
|-damage|p1a: Blissey|71/100 tox|[from] psn
|upkeep
|turn|66
|
|t:|1781543617
|-curestatus|p1a: Blissey|tox|[from] ability: Natural Cure|[silent]
|switch|p1a: Corviknight|Corviknight, M, shiny|88/100
|-ability|p1a: Corviknight|Pressure
|-prepare|p2a: Slowking|Chilly Reception|[premajor]
|move|p2a: Slowking|Chilly Reception|p2a: Slowking
|-weather|Snowscape
|
|t:|1781543625
|switch|p2a: Cinderace|Cinderace, F|64/100 tox|[from] Chilly Reception
|
|-weather|Snowscape|[upkeep]
|-heal|p1a: Corviknight|94/100|[from] item: Leftovers
|-damage|p2a: Cinderace|58/100 tox|[from] psn
|upkeep
|turn|67
|
|t:|1781543633
|move|p1a: Corviknight|Protect|p1a: Corviknight
|-singleturn|p1a: Corviknight|Protect
|move|p2a: Cinderace|Will-O-Wisp|p1a: Corviknight
|-activate|p1a: Corviknight|move: Protect
|
|-weather|Snowscape|[upkeep]
|-heal|p1a: Corviknight|99/100|[from] item: Leftovers
|-damage|p2a: Cinderace|46/100 tox|[from] psn
|upkeep
|turn|68
|
|t:|1781543639
|switch|p1a: Dondozo|Dondozo, F, shiny|77/100
|move|p2a: Cinderace|U-turn|p1a: Dondozo
|-damage|p1a: Dondozo|69/100
|
|t:|1781543658
|switch|p2a: Slowking|Slowking-Galar, F, shiny|100/100|[from] U-turn
|
|-weather|Snowscape|[upkeep]
|upkeep
|turn|69
|
|t:|1781543662
|switch|p1a: Blissey|Blissey, F|71/100
|switch|p2a: Alomomola|Alomomola, F|100/100 tox
|-damage|p2a: Alomomola|88/100 tox|[from] Stealth Rock
|
|-weather|Snowscape|[upkeep]
|-damage|p2a: Alomomola|82/100 tox|[from] psn
|upkeep
|turn|70
|n| little dig planet|shucklepilled
|
|t:|1781543669
|switch|p1a: Corviknight|Corviknight, M, shiny|99/100
|-ability|p1a: Corviknight|Pressure
|move|p2a: Alomomola|Facade|p1a: Corviknight
|-resisted|p1a: Corviknight
|-damage|p1a: Corviknight|86/100
|
|-weather|none
|-heal|p1a: Corviknight|92/100|[from] item: Leftovers
|-damage|p2a: Alomomola|70/100 tox|[from] psn
|upkeep
|turn|71
|
|t:|1781543689
|switch|p2a: Slowking|Slowking-Galar, F, shiny|100/100
|move|p1a: Corviknight|Protect||[still]
|-fail|p1a: Corviknight
|
|-heal|p1a: Corviknight|98/100|[from] item: Leftovers
|upkeep
|turn|72
|
|t:|1781543695
|switch|p1a: Toxapex|Toxapex, F, shiny, tera:Steel|92/100
|-damage|p1a: Toxapex|67/100|[from] Spikes
|switch|p2a: Alomomola|Alomomola, F|100/100 tox
|-damage|p2a: Alomomola|88/100 tox|[from] Stealth Rock
|
|-damage|p1a: Toxapex|55/100|[from] item: Black Sludge
|-damage|p2a: Alomomola|82/100 tox|[from] psn
|upkeep
|turn|73
|
|t:|1781543700
|switch|p1a: Corviknight|Corviknight, M, shiny|98/100
|-ability|p1a: Corviknight|Pressure
|move|p2a: Alomomola|Flip Turn|p1a: Corviknight
|-damage|p1a: Corviknight|78/100
|
|t:|1781543706
|switch|p2a: Salamence|Salamence, M|100/100|[from] Flip Turn
|-ability|p2a: Salamence|Intimidate|boost
|-unboost|p1a: Corviknight|atk|1
|
|-heal|p1a: Corviknight|84/100|[from] item: Leftovers
|upkeep
|turn|74
|
|t:|1781543710
|switch|p1a: Dondozo|Dondozo, F, shiny|69/100
|move|p2a: Salamence|Dragon Dance|p2a: Salamence
|-boost|p2a: Salamence|atk|1
|-boost|p2a: Salamence|spe|1
|
|upkeep
|turn|75
|
|t:|1781543716
|move|p2a: Salamence|Dual Wingbeat|p1a: Dondozo
|-damage|p1a: Dondozo|60/100
|-damage|p1a: Dondozo|52/100
|-hitcount|p1a: Dondozo|2
|move|p1a: Dondozo|Avalanche|p2a: Salamence
|-supereffective|p2a: Salamence
|-damage|p2a: Salamence|15/100
|
|upkeep
|turn|76
|
|t:|1781543723
|move|p2a: Salamence|Roost|p2a: Salamence
|-heal|p2a: Salamence|65/100
|-singleturn|p2a: Salamence|move: Roost
|move|p1a: Dondozo|Rest|p1a: Dondozo
|-status|p1a: Dondozo|slp|[from] move: Rest
|-heal|p1a: Dondozo|100/100 slp|[silent]
|
|upkeep
|turn|77
|
|t:|1781543732
|switch|p2a: Slowking|Slowking-Galar, F, shiny|100/100
|cant|p1a: Dondozo|slp
|
|upkeep
|turn|78
|
|t:|1781543741
|switch|p1a: Blissey|Blissey, F|71/100
|-prepare|p2a: Slowking|Chilly Reception|[premajor]
|move|p2a: Slowking|Chilly Reception|p2a: Slowking
|-weather|Snowscape
|
|t:|1781543744
|switch|p2a: Ting-Lu|Ting-Lu, shiny|94/100|[from] Chilly Reception
|-damage|p2a: Ting-Lu|88/100|[from] Stealth Rock
|-ability|p2a: Ting-Lu|Vessel of Ruin
|
|-weather|Snowscape|[upkeep]
|upkeep
|turn|79
|
|t:|1781543749
|switch|p1a: Corviknight|Corviknight, M, shiny|84/100
|-ability|p1a: Corviknight|Pressure
|move|p2a: Ting-Lu|Earthquake|p1a: Corviknight
|-immune|p1a: Corviknight
|
|-weather|Snowscape|[upkeep]
|-heal|p1a: Corviknight|90/100|[from] item: Leftovers
|upkeep
|turn|80
|
|t:|1781543753
|switch|p2a: Slowking|Slowking-Galar, F, shiny|100/100
|move|p1a: Corviknight|Spite||[still]
|-fail|p1a: Corviknight
|
|-weather|Snowscape|[upkeep]
|-heal|p1a: Corviknight|96/100|[from] item: Leftovers
|upkeep
|turn|81
|
|t:|1781543757
|switch|p1a: Toxapex|Toxapex, F, shiny, tera:Steel|89/100
|-damage|p1a: Toxapex|64/100|[from] Spikes
|switch|p2a: Alomomola|Alomomola, F|100/100 tox
|-damage|p2a: Alomomola|88/100 tox|[from] Stealth Rock
|
|-weather|Snowscape|[upkeep]
|-damage|p1a: Toxapex|52/100|[from] item: Black Sludge
|-damage|p2a: Alomomola|82/100 tox|[from] psn
|upkeep
|turn|82
|
|t:|1781543762
|switch|p1a: Corviknight|Corviknight, M, shiny|96/100
|-ability|p1a: Corviknight|Pressure
|move|p2a: Alomomola|Flip Turn|p1a: Corviknight
|-damage|p1a: Corviknight|77/100
|
|t:|1781543769
|switch|p2a: Cinderace|Cinderace, F|46/100 tox|[from] Flip Turn
|
|-weather|none
|-heal|p1a: Corviknight|83/100|[from] item: Leftovers
|-damage|p2a: Cinderace|40/100 tox|[from] psn
|upkeep
|turn|83
|
|t:|1781543774
|switch|p2a: Slowking|Slowking-Galar, F, shiny|100/100
|move|p1a: Corviknight|Protect||[still]
|-fail|p1a: Corviknight
|
|-heal|p1a: Corviknight|89/100|[from] item: Leftovers
|upkeep
|turn|84
|
|t:|1781543778
|switch|p1a: Blissey|Blissey, F|71/100
|switch|p2a: Alomomola|Alomomola, F|100/100 tox
|-damage|p2a: Alomomola|88/100 tox|[from] Stealth Rock
|
|-damage|p2a: Alomomola|82/100 tox|[from] psn
|upkeep
|turn|85
|
|t:|1781543784
|switch|p1a: Corviknight|Corviknight, M, shiny|89/100
|-ability|p1a: Corviknight|Pressure
|move|p2a: Alomomola|Liquidation|p1a: Corviknight
|-damage|p1a: Corviknight|59/100
|
|-heal|p1a: Corviknight|65/100|[from] item: Leftovers
|-damage|p2a: Alomomola|70/100 tox|[from] psn
|upkeep
|turn|86
|
|t:|1781543790
|switch|p1a: Dondozo|Dondozo, F, shiny|100/100 slp
|switch|p2a: Slowking|Slowking-Galar, F, shiny|100/100
|
|upkeep
|turn|87
|
|t:|1781543797
|switch|p1a: Blissey|Blissey, F|71/100
|switch|p2a: Alomomola|Alomomola, F|100/100 tox
|-damage|p2a: Alomomola|88/100 tox|[from] Stealth Rock
|
|-damage|p2a: Alomomola|82/100 tox|[from] psn
|upkeep
|turn|88
|
|t:|1781543800
|switch|p1a: Corviknight|Corviknight, M, shiny|65/100
|-ability|p1a: Corviknight|Pressure
|move|p2a: Alomomola|Flip Turn|p1a: Corviknight
|-damage|p1a: Corviknight|47/100
|
|t:|1781543804
|switch|p2a: Ting-Lu|Ting-Lu, shiny|88/100|[from] Flip Turn
|-damage|p2a: Ting-Lu|82/100|[from] Stealth Rock
|-ability|p2a: Ting-Lu|Vessel of Ruin
|
|-heal|p1a: Corviknight|53/100|[from] item: Leftovers
|upkeep
|turn|89
|
|t:|1781543809
|move|p1a: Corviknight|Protect|p1a: Corviknight
|-singleturn|p1a: Corviknight|Protect
|move|p2a: Ting-Lu|Throat Chop|p1a: Corviknight
|-activate|p1a: Corviknight|move: Protect
|
|-heal|p1a: Corviknight|59/100|[from] item: Leftovers
|upkeep
|turn|90
|
|t:|1781543815
|switch|p1a: Dondozo|Dondozo, F, shiny|100/100 slp
|move|p2a: Ting-Lu|Throat Chop|p1a: Dondozo
|-damage|p1a: Dondozo|75/100 slp
|-start|p1a: Dondozo|Throat Chop|[silent]
|
|upkeep
|turn|91
|
|t:|1781543823
|switch|p2a: Slowking|Slowking-Galar, F, shiny|100/100
|cant|p1a: Dondozo|slp
|move|p1a: Dondozo|Sleep Talk|p1a: Dondozo
|move|p1a: Dondozo|Body Press|p2a: Slowking|[from] move: Sleep Talk
|-resisted|p2a: Slowking
|-damage|p2a: Slowking|95/100
|
|-end|p1a: Dondozo|Throat Chop|[silent]
|upkeep
|turn|92
|
|t:|1781543829
|switch|p1a: Blissey|Blissey, F|71/100
|move|p2a: Slowking|Trick|p1a: Blissey
|-activate|p2a: Slowking|move: Trick|[of] p1a: Blissey
|-item|p1a: Blissey|Heavy-Duty Boots|[from] move: Trick
|-item|p2a: Slowking|Heavy-Duty Boots|[from] move: Trick
|
|upkeep
|turn|93
|
|t:|1781543835
|switch|p1a: Toxapex|Toxapex, F, shiny, tera:Steel|85/100
|-damage|p1a: Toxapex|60/100|[from] Spikes
|move|p2a: Slowking|Toxic|p1a: Toxapex
|-immune|p1a: Toxapex
|
|-damage|p1a: Toxapex|48/100|[from] item: Black Sludge
|upkeep
|turn|94
|
|t:|1781543839
|switch|p1a: Blissey|Blissey, F|71/100
|move|p2a: Slowking|Trick|p1a: Blissey
|-activate|p2a: Slowking|move: Trick|[of] p1a: Blissey
|-item|p1a: Blissey|Heavy-Duty Boots|[from] move: Trick
|-item|p2a: Slowking|Heavy-Duty Boots|[from] move: Trick
|
|upkeep
|turn|95
|
|t:|1781543842
|switch|p1a: Toxapex|Toxapex, F, shiny, tera:Steel|81/100
|-damage|p1a: Toxapex|57/100|[from] Spikes
|move|p2a: Slowking|Toxic|p1a: Toxapex
|-immune|p1a: Toxapex
|
|-damage|p1a: Toxapex|44/100|[from] item: Black Sludge
|upkeep
|turn|96
|
|t:|1781543846
|switch|p1a: Blissey|Blissey, F|71/100
|move|p2a: Slowking|Trick|p1a: Blissey
|-activate|p2a: Slowking|move: Trick|[of] p1a: Blissey
|-item|p1a: Blissey|Heavy-Duty Boots|[from] move: Trick
|-item|p2a: Slowking|Heavy-Duty Boots|[from] move: Trick
|
|upkeep
|turn|97
|
|t:|1781543849
|switch|p1a: Toxapex|Toxapex, F, shiny, tera:Steel|78/100
|-damage|p1a: Toxapex|53/100|[from] Spikes
|move|p2a: Slowking|Toxic|p1a: Toxapex
|-immune|p1a: Toxapex
|
|-damage|p1a: Toxapex|41/100|[from] item: Black Sludge
|upkeep
|turn|98
|
|t:|1781543852
|switch|p1a: Blissey|Blissey, F|71/100
|move|p2a: Slowking|Toxic|p1a: Blissey
|-status|p1a: Blissey|tox
|
|-damage|p1a: Blissey|65/100 tox|[from] psn
|upkeep
|turn|99
|n| Shucklepilled|littledigplanet
|
|t:|1781543856
|-curestatus|p1a: Blissey|tox|[from] ability: Natural Cure|[silent]
|switch|p1a: Toxapex|Toxapex, F, shiny, tera:Steel|74/100
|-damage|p1a: Toxapex|49/100|[from] Spikes
|move|p2a: Slowking|Trick|p1a: Toxapex
|-activate|p2a: Slowking|move: Trick|[of] p1a: Toxapex
|-item|p1a: Toxapex|Heavy-Duty Boots|[from] move: Trick
|-item|p2a: Slowking|Black Sludge|[from] move: Trick
|
|-heal|p2a: Slowking|100/100|[from] item: Black Sludge
|upkeep
|turn|100
|
|t:|1781543862
|move|p1a: Toxapex|Infestation|p2a: Slowking
|-damage|p2a: Slowking|98/100
|-activate|p2a: Slowking|move: Infestation|[of] p1a: Toxapex
|move|p2a: Slowking|Trick|p1a: Toxapex
|-activate|p2a: Slowking|move: Trick|[of] p1a: Toxapex
|-item|p1a: Toxapex|Black Sludge|[from] move: Trick
|-item|p2a: Slowking|Heavy-Duty Boots|[from] move: Trick
|
|-damage|p1a: Toxapex|37/100|[from] item: Black Sludge
|-damage|p2a: Slowking|86/100|[from] move: Infestation|[partiallytrapped]
|upkeep
|turn|101
|
|t:|1781543867
|switch|p1a: Blissey|Blissey, F|65/100
|move|p2a: Slowking|Toxic|p1a: Blissey
|-status|p1a: Blissey|tox
|
|-damage|p1a: Blissey|58/100 tox|[from] psn
|-end|p2a: Slowking|Infestation|[partiallytrapped]|[silent]
|upkeep
|turn|102
|
|t:|1781543872
|move|p1a: Blissey|Soft-Boiled|p1a: Blissey
|-heal|p1a: Blissey|100/100 tox
|move|p2a: Slowking|Trick|p1a: Blissey
|-activate|p2a: Slowking|move: Trick|[of] p1a: Blissey
|-item|p1a: Blissey|Heavy-Duty Boots|[from] move: Trick
|-item|p2a: Slowking|Heavy-Duty Boots|[from] move: Trick
|
|-damage|p1a: Blissey|88/100 tox|[from] psn
|upkeep
|turn|103
|
|t:|1781543878
|-curestatus|p1a: Blissey|tox|[from] ability: Natural Cure|[silent]
|switch|p1a: Toxapex|Toxapex, F, shiny, tera:Steel|70/100
|-damage|p1a: Toxapex|46/100|[from] Spikes
|move|p2a: Slowking|Ice Beam|p1a: Toxapex
|-resisted|p1a: Toxapex
|-damage|p1a: Toxapex|39/100
|
|-damage|p1a: Toxapex|27/100|[from] item: Black Sludge
|upkeep
|turn|104
|l| Shucklepilled
|
|t:|1781543887
|switch|p2a: Alomomola|Alomomola, F|100/100 tox
|-damage|p2a: Alomomola|88/100 tox|[from] Stealth Rock
|move|p1a: Toxapex|Recover|p1a: Toxapex
|-heal|p1a: Toxapex|77/100
|
|-damage|p1a: Toxapex|65/100|[from] item: Black Sludge
|-damage|p2a: Alomomola|82/100 tox|[from] psn
|upkeep
|turn|105
|
|t:|1781543891
|switch|p1a: Corviknight|Corviknight, M, shiny|59/100
|-ability|p1a: Corviknight|Pressure
|move|p2a: Alomomola|Flip Turn|p1a: Corviknight
|-damage|p1a: Corviknight|38/100
|
|t:|1781543894
|switch|p2a: Ting-Lu|Ting-Lu, shiny|82/100|[from] Flip Turn
|-damage|p2a: Ting-Lu|76/100|[from] Stealth Rock
|-ability|p2a: Ting-Lu|Vessel of Ruin
|
|-heal|p1a: Corviknight|44/100|[from] item: Leftovers
|upkeep
|turn|106
|
|t:|1781543900
|move|p1a: Corviknight|Protect|p1a: Corviknight
|-singleturn|p1a: Corviknight|Protect
|move|p2a: Ting-Lu|Throat Chop|p1a: Corviknight
|-activate|p1a: Corviknight|move: Protect
|
|-heal|p1a: Corviknight|50/100|[from] item: Leftovers
|upkeep
|turn|107
|
|t:|1781543905
|switch|p1a: Dondozo|Dondozo, F, shiny|75/100 slp
|move|p2a: Ting-Lu|Throat Chop|p1a: Dondozo
|-damage|p1a: Dondozo|49/100 slp
|-start|p1a: Dondozo|Throat Chop|[silent]
|
|upkeep
|turn|108
|
|t:|1781543916
|switch|p2a: Slowking|Slowking-Galar, F, shiny|100/100
|-curestatus|p1a: Dondozo|slp|[msg]
|move|p1a: Dondozo|Rest|p1a: Dondozo
|-status|p1a: Dondozo|slp|[from] move: Rest
|-heal|p1a: Dondozo|100/100 slp|[silent]
|
|-end|p1a: Dondozo|Throat Chop|[silent]
|upkeep
|turn|109
|
|t:|1781543925
|switch|p1a: Blissey|Blissey, F|88/100
|switch|p2a: Alomomola|Alomomola, F|100/100 tox
|-damage|p2a: Alomomola|88/100 tox|[from] Stealth Rock
|
|-damage|p2a: Alomomola|82/100 tox|[from] psn
|upkeep
|turn|110
|
|t:|1781543934
|switch|p1a: Dondozo|Dondozo, F, shiny|100/100 slp
|move|p2a: Alomomola|Liquidation|p1a: Dondozo
|-resisted|p1a: Dondozo
|-damage|p1a: Dondozo|93/100 slp
|
|-damage|p2a: Alomomola|70/100 tox|[from] psn
|upkeep
|turn|111
|j| SUBMACHINEGOTH
|
|t:|1781543941
|switch|p2a: Slowking|Slowking-Galar, F, shiny|100/100
|cant|p1a: Dondozo|slp
|
|upkeep
|turn|112
|
|t:|1781543945
|switch|p1a: Toxapex|Toxapex, F, shiny, tera:Steel|98/100
|-damage|p1a: Toxapex|73/100|[from] Spikes
|switch|p2a: Alomomola|Alomomola, F|100/100 tox
|-damage|p2a: Alomomola|88/100 tox|[from] Stealth Rock
|
|-damage|p1a: Toxapex|61/100|[from] item: Black Sludge
|-damage|p2a: Alomomola|82/100 tox|[from] psn
|upkeep
|turn|113
|l| SUBMACHINEGOTH
|
|t:|1781543948
|switch|p1a: Dondozo|Dondozo, F, shiny|93/100 slp
|move|p2a: Alomomola|Flip Turn|p1a: Dondozo
|-resisted|p1a: Dondozo
|-damage|p1a: Dondozo|87/100 slp
|
|t:|1781543962
|switch|p2a: Slowking|Slowking-Galar, F, shiny|100/100|[from] Flip Turn
|
|upkeep
|turn|114
|
|t:|1781543965
|switch|p1a: Blissey|Blissey, F|88/100
|switch|p2a: Alomomola|Alomomola, F|100/100 tox
|-damage|p2a: Alomomola|88/100 tox|[from] Stealth Rock
|
|-damage|p2a: Alomomola|82/100 tox|[from] psn
|upkeep
|turn|115
|
|t:|1781543970
|switch|p1a: Dondozo|Dondozo, F, shiny|87/100 slp
|move|p2a: Alomomola|Facade|p1a: Dondozo
|-damage|p1a: Dondozo|71/100 slp
|
|-damage|p2a: Alomomola|70/100 tox|[from] psn
|upkeep
|turn|116
|
|t:|1781543974
|switch|p2a: Slowking|Slowking-Galar, F, shiny|100/100
|cant|p1a: Dondozo|slp
|
|upkeep
|turn|117
|
|t:|1781543980
|switch|p1a: Toxapex|Toxapex, F, shiny, tera:Steel|95/100
|-damage|p1a: Toxapex|70/100|[from] Spikes
|move|p2a: Slowking|Toxic|p1a: Toxapex
|-immune|p1a: Toxapex
|
|-damage|p1a: Toxapex|58/100|[from] item: Black Sludge
|upkeep
|turn|118
|
|t:|1781543984
|switch|p1a: Blissey|Blissey, F|88/100
|switch|p2a: Alomomola|Alomomola, F|100/100 tox
|-damage|p2a: Alomomola|88/100 tox|[from] Stealth Rock
|
|-damage|p2a: Alomomola|82/100 tox|[from] psn
|upkeep
|turn|119
|
|t:|1781543988
|switch|p2a: Slowking|Slowking-Galar, F, shiny|100/100
|switch|p1a: Dondozo|Dondozo, F, shiny|71/100 slp
|
|upkeep
|turn|120
|
|t:|1781543993
|switch|p1a: Toxapex|Toxapex, F, shiny, tera:Steel|91/100
|-damage|p1a: Toxapex|66/100|[from] Spikes
|switch|p2a: Alomomola|Alomomola, F|100/100 tox
|-damage|p2a: Alomomola|88/100 tox|[from] Stealth Rock
|
|-damage|p1a: Toxapex|54/100|[from] item: Black Sludge
|-damage|p2a: Alomomola|82/100 tox|[from] psn
|upkeep
|turn|121
|
|t:|1781544001
|switch|p2a: Slowking|Slowking-Galar, F, shiny|100/100
|switch|p1a: Dondozo|Dondozo, F, shiny|71/100 slp
|
|upkeep
|turn|122
|
|t:|1781544013
|switch|p1a: Blissey|Blissey, F|88/100
|switch|p2a: Alomomola|Alomomola, F|100/100 tox
|-damage|p2a: Alomomola|88/100 tox|[from] Stealth Rock
|
|-damage|p2a: Alomomola|82/100 tox|[from] psn
|upkeep
|turn|123
|
|t:|1781544030
|switch|p1a: Dondozo|Dondozo, F, shiny|71/100 slp
|move|p2a: Alomomola|Facade|p1a: Dondozo
|-damage|p1a: Dondozo|55/100 slp
|
|-damage|p2a: Alomomola|70/100 tox|[from] psn
|upkeep
|turn|124
|
|t:|1781544036
|move|p2a: Alomomola|Flip Turn|p1a: Dondozo
|-resisted|p1a: Dondozo
|-damage|p1a: Dondozo|50/100 slp
|
|t:|1781544038
|switch|p2a: Glaceon|Glaceon, F, shiny|75/100 tox|[from] Flip Turn
|-damage|p2a: Glaceon|50/100 tox|[from] Stealth Rock
|-curestatus|p1a: Dondozo|slp|[msg]
|move|p1a: Dondozo|Rest|p1a: Dondozo
|-status|p1a: Dondozo|slp|[from] move: Rest
|-heal|p1a: Dondozo|100/100 slp|[silent]
|
|-damage|p2a: Glaceon|44/100 tox|[from] psn
|upkeep
|turn|125
|
|t:|1781544045
|switch|p1a: Corviknight|Corviknight, M, shiny|50/100
|-ability|p1a: Corviknight|Pressure
|move|p2a: Glaceon|Copycat|p2a: Glaceon
|move|p2a: Glaceon|Rest|p2a: Glaceon|[from] move: Copycat
|-status|p2a: Glaceon|slp|[from] move: Rest
|-heal|p2a: Glaceon|100/100 slp|[silent]
|
|-heal|p1a: Corviknight|56/100|[from] item: Leftovers
|upkeep
|turn|126
|c|☆PepsiEnby|oh me oh my
|
|t:|1781544053
|switch|p2a: Alomomola|Alomomola, F|100/100 tox
|-damage|p2a: Alomomola|88/100 tox|[from] Stealth Rock
|move|p1a: Corviknight|Roost|p1a: Corviknight
|-heal|p1a: Corviknight|100/100
|-singleturn|p1a: Corviknight|move: Roost
|
|-damage|p2a: Alomomola|82/100 tox|[from] psn
|upkeep
|turn|127
|
|t:|1781544061
|switch|p1a: Dondozo|Dondozo, F, shiny|100/100 slp
|move|p2a: Alomomola|Flip Turn|p1a: Dondozo
|-resisted|p1a: Dondozo
|-damage|p1a: Dondozo|95/100 slp
|
|t:|1781544067
|switch|p2a: Slowking|Slowking-Galar, F, shiny|100/100|[from] Flip Turn
|
|upkeep
|turn|128
|
|t:|1781544073
|switch|p1a: Toxapex|Toxapex, F, shiny, tera:Steel|87/100
|-damage|p1a: Toxapex|63/100|[from] Spikes
|-prepare|p2a: Slowking|Chilly Reception|[premajor]
|move|p2a: Slowking|Chilly Reception|p2a: Slowking
|-weather|Snowscape
|
|t:|1781544079
|switch|p2a: Glaceon|Glaceon, F, shiny|100/100 slp|[from] Chilly Reception
|-damage|p2a: Glaceon|76/100 slp|[from] Stealth Rock
|
|-weather|Snowscape|[upkeep]
|-heal|p2a: Glaceon|82/100 slp|[from] ability: Ice Body
|-damage|p1a: Toxapex|50/100|[from] item: Black Sludge
|upkeep
|turn|129
|
|t:|1781544084
|switch|p1a: Blissey|Blissey, F|88/100
|cant|p2a: Glaceon|slp
|
|-weather|Snowscape|[upkeep]
|-heal|p2a: Glaceon|88/100 slp|[from] ability: Ice Body
|upkeep
|turn|130
|j| SUBMACHINEGOTH
|
|t:|1781544091
|cant|p2a: Glaceon|slp
|move|p1a: Blissey|Calm Mind|p1a: Blissey
|-boost|p1a: Blissey|spa|1
|-boost|p1a: Blissey|spd|1
|
|-weather|Snowscape|[upkeep]
|-heal|p2a: Glaceon|94/100 slp|[from] ability: Ice Body
|upkeep
|turn|131
|
|t:|1781544102
|switch|p2a: Slowking|Slowking-Galar, F, shiny|100/100
|move|p1a: Blissey|Seismic Toss|p2a: Slowking
|-damage|p2a: Slowking|75/100
|
|-weather|Snowscape|[upkeep]
|upkeep
|turn|132
|
|t:|1781544107
|switch|p2a: Alomomola|Alomomola, F|100/100 tox
|-damage|p2a: Alomomola|88/100 tox|[from] Stealth Rock
|move|p1a: Blissey|Seismic Toss|p2a: Alomomola
|-damage|p2a: Alomomola|68/100 tox
|
|-weather|none
|-damage|p2a: Alomomola|61/100 tox|[from] psn
|upkeep
|turn|133
|
|t:|1781544111
|switch|p1a: Corviknight|Corviknight, M, shiny|100/100
|-ability|p1a: Corviknight|Pressure
|move|p2a: Alomomola|Flip Turn|p1a: Corviknight
|-damage|p1a: Corviknight|81/100
|
|t:|1781544119
|switch|p2a: Salamence|Salamence, M|65/100|[from] Flip Turn
|-ability|p2a: Salamence|Intimidate|boost
|-unboost|p1a: Corviknight|atk|1
|
|-heal|p1a: Corviknight|87/100|[from] item: Leftovers
|upkeep
|turn|134
|
|t:|1781544122
|switch|p1a: Dondozo|Dondozo, F, shiny|95/100 slp
|move|p2a: Salamence|Roost|p2a: Salamence
|-heal|p2a: Salamence|100/100
|-singleturn|p2a: Salamence|move: Roost
|
|upkeep
|turn|135
|
|t:|1781544128
|move|p2a: Salamence|Dual Wingbeat|p1a: Dondozo
|-damage|p1a: Dondozo|87/100 slp
|-damage|p1a: Dondozo|77/100 slp
|-hitcount|p1a: Dondozo|2
|cant|p1a: Dondozo|slp
|
|upkeep
|turn|136
|
|t:|1781544135
|move|p2a: Salamence|Dual Wingbeat|p1a: Dondozo
|-damage|p1a: Dondozo|69/100 slp
|-damage|p1a: Dondozo|61/100 slp
|-hitcount|p1a: Dondozo|2
|cant|p1a: Dondozo|slp
|
|upkeep
|turn|137
|
|t:|1781544139
|switch|p2a: Slowking|Slowking-Galar, F, shiny|100/100
|-curestatus|p1a: Dondozo|slp|[msg]
|move|p1a: Dondozo|Avalanche|p2a: Slowking
|-damage|p2a: Slowking|90/100
|
|upkeep
|turn|138
|
|t:|1781544150
|switch|p1a: Blissey|Blissey, F|88/100
|move|p2a: Slowking|Trick|p1a: Blissey
|-activate|p2a: Slowking|move: Trick|[of] p1a: Blissey
|-item|p1a: Blissey|Heavy-Duty Boots|[from] move: Trick
|-item|p2a: Slowking|Heavy-Duty Boots|[from] move: Trick
|
|upkeep
|turn|139
|
|t:|1781544155
|switch|p2a: Alomomola|Alomomola, F|95/100 tox
|-damage|p2a: Alomomola|82/100 tox|[from] Stealth Rock
|move|p1a: Blissey|Seismic Toss|p2a: Alomomola
|-damage|p2a: Alomomola|62/100 tox
|
|-damage|p2a: Alomomola|56/100 tox|[from] psn
|upkeep
|turn|140
|
|t:|1781544159
|switch|p2a: Slowking|Slowking-Galar, F, shiny|100/100
|switch|p1a: Corviknight|Corviknight, M, shiny|87/100
|-ability|p1a: Corviknight|Pressure
|
|-heal|p1a: Corviknight|93/100|[from] item: Leftovers
|upkeep
|turn|141
|
|t:|1781544165
|switch|p1a: Blissey|Blissey, F|88/100
|switch|p2a: Alomomola|Alomomola, F|89/100 tox
|-damage|p2a: Alomomola|77/100 tox|[from] Stealth Rock
|
|-damage|p2a: Alomomola|70/100 tox|[from] psn
|upkeep
|turn|142
|
|t:|1781544167
|switch|p1a: Corviknight|Corviknight, M, shiny|93/100
|-ability|p1a: Corviknight|Pressure
|move|p2a: Alomomola|Flip Turn|p1a: Corviknight
|-damage|p1a: Corviknight|75/100
|
|t:|1781544170
|switch|p2a: Slowking|Slowking-Galar, F, shiny|100/100|[from] Flip Turn
|
|-heal|p1a: Corviknight|81/100|[from] item: Leftovers
|upkeep
|turn|143
|
|t:|1781544176
|switch|p1a: Blissey|Blissey, F|88/100
|move|p2a: Slowking|Toxic|p1a: Blissey
|-status|p1a: Blissey|tox
|
|-damage|p1a: Blissey|82/100 tox|[from] psn
|upkeep
|turn|144
|
|t:|1781544178
|-curestatus|p1a: Blissey|tox|[from] ability: Natural Cure|[silent]
|switch|p1a: Toxapex|Toxapex, F, shiny, tera:Steel|84/100
|-damage|p1a: Toxapex|59/100|[from] Spikes
|move|p2a: Slowking|Trick|p1a: Toxapex
|-activate|p2a: Slowking|move: Trick|[of] p1a: Toxapex
|-item|p1a: Toxapex|Heavy-Duty Boots|[from] move: Trick
|-item|p2a: Slowking|Black Sludge|[from] move: Trick
|
|upkeep
|turn|145
|
|t:|1781544184
|switch|p2a: Alomomola|Alomomola, F|100/100 tox
|-damage|p2a: Alomomola|88/100 tox|[from] Stealth Rock
|move|p1a: Toxapex|Infestation|p2a: Alomomola
|-damage|p2a: Alomomola|85/100 tox
|-activate|p2a: Alomomola|move: Infestation|[of] p1a: Toxapex
|
|-damage|p2a: Alomomola|79/100 tox|[from] psn
|-damage|p2a: Alomomola|67/100 tox|[from] move: Infestation|[partiallytrapped]
|upkeep
|turn|146
|
|t:|1781544189
|switch|p1a: Corviknight|Corviknight, M, shiny|81/100
|-ability|p1a: Corviknight|Pressure
|move|p2a: Alomomola|Flip Turn|p1a: Corviknight
|-damage|p1a: Corviknight|62/100
|
|t:|1781544191
|switch|p2a: Slowking|Slowking-Galar, F, shiny|100/100|[from] Flip Turn
|-damage|p2a: Slowking|88/100|[from] Stealth Rock
|
|-heal|p1a: Corviknight|68/100|[from] item: Leftovers
|-heal|p2a: Slowking|94/100|[from] item: Black Sludge
|upkeep
|turn|147
|
|t:|1781544198
|switch|p2a: Alomomola|Alomomola, F|99/100 tox
|-damage|p2a: Alomomola|88/100 tox|[from] Stealth Rock
|move|p1a: Corviknight|Protect||[still]
|-fail|p1a: Corviknight
|
|-heal|p1a: Corviknight|74/100|[from] item: Leftovers
|-damage|p2a: Alomomola|82/100 tox|[from] psn
|upkeep
|turn|148
|
|t:|1781544203
|switch|p1a: Toxapex|Toxapex, F, shiny, tera:Steel|92/100
|switch|p2a: Slowking|Slowking-Galar, F, shiny|100/100
|-damage|p2a: Slowking|88/100|[from] Stealth Rock
|
|-heal|p2a: Slowking|94/100|[from] item: Black Sludge
|upkeep
|turn|149
|
|t:|1781544212
|switch|p2a: Salamence|Salamence, M|100/100
|-ability|p2a: Salamence|Intimidate|boost
|-unboost|p1a: Toxapex|atk|1
|move|p1a: Toxapex|Infestation|p2a: Salamence
|-resisted|p2a: Salamence
|-damage|p2a: Salamence|99/100
|-activate|p2a: Salamence|move: Infestation|[of] p1a: Toxapex
|
|-damage|p2a: Salamence|87/100|[from] move: Infestation|[partiallytrapped]
|upkeep
|turn|150
|
|t:|1781544219
|move|p2a: Salamence|Earthquake|p1a: Toxapex
|-supereffective|p1a: Toxapex
|-damage|p1a: Toxapex|43/100
|move|p1a: Toxapex|Toxic|p2a: Salamence
|-status|p2a: Salamence|tox
|
|-damage|p2a: Salamence|80/100 tox|[from] psn
|-damage|p2a: Salamence|68/100 tox|[from] move: Infestation|[partiallytrapped]
|upkeep
|turn|151
|
|t:|1781544228
|switch|p1a: Dondozo|Dondozo, F, shiny|61/100
|move|p2a: Salamence|Earthquake|p1a: Dondozo
|-damage|p1a: Dondozo|47/100
|
|-damage|p2a: Salamence|56/100 tox|[from] psn
|-end|p2a: Salamence|Infestation|[partiallytrapped]|[silent]
|upkeep
|turn|152
|
|t:|1781544235
|switch|p2a: Slowking|Slowking-Galar, F, shiny|100/100
|-damage|p2a: Slowking|88/100|[from] Stealth Rock
|move|p1a: Dondozo|Rest|p1a: Dondozo
|-status|p1a: Dondozo|slp|[from] move: Rest
|-heal|p1a: Dondozo|100/100 slp|[silent]
|
|-heal|p2a: Slowking|94/100|[from] item: Black Sludge
|upkeep
|turn|153
|
|t:|1781544253
|switch|p1a: Toxapex|Toxapex, F, shiny, tera:Steel|76/100
|switch|p2a: Ting-Lu|Ting-Lu, shiny|76/100
|-damage|p2a: Ting-Lu|69/100|[from] Stealth Rock
|-ability|p2a: Ting-Lu|Vessel of Ruin
|
|upkeep
|turn|154
|
|t:|1781544263
|switch|p1a: Corviknight|Corviknight, M, shiny|74/100
|-ability|p1a: Corviknight|Pressure
|move|p2a: Ting-Lu|Earthquake|p1a: Corviknight
|-immune|p1a: Corviknight
|
|-heal|p1a: Corviknight|80/100|[from] item: Leftovers
|upkeep
|turn|155
|
|t:|1781544269
|switch|p2a: Slowking|Slowking-Galar, F, shiny|100/100
|-damage|p2a: Slowking|88/100|[from] Stealth Rock
|move|p1a: Corviknight|Spite||[still]
|-fail|p1a: Corviknight
|
|-heal|p1a: Corviknight|86/100|[from] item: Leftovers
|-heal|p2a: Slowking|94/100|[from] item: Black Sludge
|upkeep
|turn|156
|
|t:|1781544285
|switch|p1a: Toxapex|Toxapex, F, shiny, tera:Steel|100/100
|move|p2a: Slowking|Trick|p1a: Toxapex
|-activate|p2a: Slowking|move: Trick|[of] p1a: Toxapex
|-item|p1a: Toxapex|Black Sludge|[from] move: Trick
|-item|p2a: Slowking|Heavy-Duty Boots|[from] move: Trick
|
|-damage|p1a: Toxapex|88/100|[from] item: Black Sludge
|upkeep
|turn|157
|
|t:|1781544292
|switch|p2a: Salamence|Salamence, M|56/100 tox
|-ability|p2a: Salamence|Intimidate|boost
|-unboost|p1a: Toxapex|atk|1
|move|p1a: Toxapex|Infestation|p2a: Salamence
|-resisted|p2a: Salamence
|-damage|p2a: Salamence|54/100 tox
|-activate|p2a: Salamence|move: Infestation|[of] p1a: Toxapex
|
|-damage|p1a: Toxapex|76/100|[from] item: Black Sludge
|-damage|p2a: Salamence|48/100 tox|[from] psn
|-damage|p2a: Salamence|36/100 tox|[from] move: Infestation|[partiallytrapped]
|upkeep
|turn|158
|
|t:|1781544302
|switch|p1a: Dondozo|Dondozo, F, shiny|100/100 slp
|move|p2a: Salamence|Roost|p2a: Salamence
|-heal|p2a: Salamence|86/100 tox
|-singleturn|p2a: Salamence|move: Roost
|
|-damage|p2a: Salamence|74/100 tox|[from] psn
|-end|p2a: Salamence|Infestation|[partiallytrapped]|[silent]
|upkeep
|turn|159
|
|t:|1781544308
|switch|p2a: Slowking|Slowking-Galar, F, shiny|100/100
|cant|p1a: Dondozo|slp
|
|upkeep
|turn|160
|j| Golem Rising
|
|t:|1781544316
|switch|p1a: Blissey|Blissey, F|82/100
|switch|p2a: Alomomola|Alomomola, F|100/100 tox
|-damage|p2a: Alomomola|88/100 tox|[from] Stealth Rock
|
|-damage|p2a: Alomomola|82/100 tox|[from] psn
|upkeep
|turn|161
|
|t:|1781544322
|switch|p1a: Corviknight|Corviknight, M, shiny|86/100
|-ability|p1a: Corviknight|Pressure
|move|p2a: Alomomola|Facade|p1a: Corviknight
|-resisted|p1a: Corviknight
|-damage|p1a: Corviknight|70/100
|
|-heal|p1a: Corviknight|76/100|[from] item: Leftovers
|-damage|p2a: Alomomola|70/100 tox|[from] psn
|upkeep
|turn|162
|
|t:|1781544326
|switch|p1a: Toxapex|Toxapex, F, shiny, tera:Steel|100/100
|-damage|p1a: Toxapex|76/100|[from] Spikes
|switch|p2a: Slowking|Slowking-Galar, F, shiny|100/100
|
|-damage|p1a: Toxapex|64/100|[from] item: Black Sludge
|upkeep
|turn|163
|
|t:|1781544333
|switch|p2a: Alomomola|Alomomola, F|100/100 tox
|-damage|p2a: Alomomola|88/100 tox|[from] Stealth Rock
|move|p1a: Toxapex|Infestation|p2a: Alomomola
|-damage|p2a: Alomomola|85/100 tox
|-activate|p2a: Alomomola|move: Infestation|[of] p1a: Toxapex
|
|-damage|p1a: Toxapex|51/100|[from] item: Black Sludge
|-damage|p2a: Alomomola|79/100 tox|[from] psn
|-damage|p2a: Alomomola|67/100 tox|[from] move: Infestation|[partiallytrapped]
|upkeep
|turn|164
|
|t:|1781544339
|move|p2a: Alomomola|Flip Turn|p1a: Toxapex
|-crit|p1a: Toxapex
|-damage|p1a: Toxapex|22/100
|
|t:|1781544344
|switch|p2a: Slowking|Slowking-Galar, F, shiny|100/100|[from] Flip Turn
|move|p1a: Toxapex|Recover|p1a: Toxapex
|-heal|p1a: Toxapex|72/100
|
|-damage|p1a: Toxapex|60/100|[from] item: Black Sludge
|upkeep
|turn|165
|
|t:|1781544363
|switch|p1a: Blissey|Blissey, F|82/100
|switch|p2a: Alomomola|Alomomola, F|99/100 tox
|-damage|p2a: Alomomola|88/100 tox|[from] Stealth Rock
|
|-damage|p2a: Alomomola|82/100 tox|[from] psn
|upkeep
|turn|166
|
|t:|1781544370
|switch|p1a: Corviknight|Corviknight, M, shiny|76/100
|-ability|p1a: Corviknight|Pressure
|move|p2a: Alomomola|Facade|p1a: Corviknight
|-resisted|p1a: Corviknight
|-damage|p1a: Corviknight|62/100
|
|-heal|p1a: Corviknight|68/100|[from] item: Leftovers
|-damage|p2a: Alomomola|69/100 tox|[from] psn
|upkeep
|turn|167
|
|t:|1781544375
|switch|p1a: Toxapex|Toxapex, F, shiny, tera:Steel|94/100
|-damage|p1a: Toxapex|69/100|[from] Spikes
|switch|p2a: Slowking|Slowking-Galar, F, shiny|100/100
|
|-damage|p1a: Toxapex|57/100|[from] item: Black Sludge
|upkeep
|turn|168
|
|t:|1781544384
|switch|p2a: Salamence|Salamence, M|74/100 tox
|-ability|p2a: Salamence|Intimidate|boost
|-unboost|p1a: Toxapex|atk|1
|move|p1a: Toxapex|Infestation|p2a: Salamence
|-resisted|p2a: Salamence
|-damage|p2a: Salamence|72/100 tox
|-activate|p2a: Salamence|move: Infestation|[of] p1a: Toxapex
|
|-damage|p1a: Toxapex|44/100|[from] item: Black Sludge
|-damage|p2a: Salamence|66/100 tox|[from] psn
|-damage|p2a: Salamence|54/100 tox|[from] move: Infestation|[partiallytrapped]
|upkeep
|turn|169
|
|t:|1781544387
|switch|p1a: Dondozo|Dondozo, F, shiny|100/100 slp
|move|p2a: Salamence|Roost|p2a: Salamence
|-heal|p2a: Salamence|100/100 tox
|-singleturn|p2a: Salamence|move: Roost
|
|-damage|p2a: Salamence|88/100 tox|[from] psn
|-end|p2a: Salamence|Infestation|[partiallytrapped]|[silent]
|upkeep
|turn|170
|
|t:|1781544393
|switch|p2a: Slowking|Slowking-Galar, F, shiny|100/100
|cant|p1a: Dondozo|slp
|
|upkeep
|turn|171
|
|t:|1781544396
|switch|p1a: Toxapex|Toxapex, F, shiny, tera:Steel|78/100
|-damage|p1a: Toxapex|53/100|[from] Spikes
|switch|p2a: Alomomola|Alomomola, F|100/100 tox
|-damage|p2a: Alomomola|88/100 tox|[from] Stealth Rock
|
|-damage|p1a: Toxapex|41/100|[from] item: Black Sludge
|-damage|p2a: Alomomola|82/100 tox|[from] psn
|upkeep
|turn|172
|
|t:|1781544404
|switch|p1a: Corviknight|Corviknight, M, shiny|68/100
|-ability|p1a: Corviknight|Pressure
|move|p2a: Alomomola|Liquidation|p1a: Corviknight
|-damage|p1a: Corviknight|40/100
|
|-heal|p1a: Corviknight|46/100|[from] item: Leftovers
|-damage|p2a: Alomomola|70/100 tox|[from] psn
|upkeep
|turn|173
|l| SUBMACHINEGOTH
|
|t:|1781544415
|switch|p2a: Glaceon|Glaceon, F, shiny|94/100 slp
|-damage|p2a: Glaceon|69/100 slp|[from] Stealth Rock
|move|p1a: Corviknight|Roost|p1a: Corviknight
|-heal|p1a: Corviknight|96/100
|-singleturn|p1a: Corviknight|move: Roost
|
|-heal|p1a: Corviknight|100/100|[from] item: Leftovers
|upkeep
|turn|174
|
|t:|1781544418
|switch|p1a: Blissey|Blissey, F|82/100
|-curestatus|p2a: Glaceon|slp|[msg]
|move|p2a: Glaceon|Copycat|p2a: Glaceon
|move|p2a: Glaceon|Roost|p2a: Glaceon|[from] move: Copycat
|-heal|p2a: Glaceon|100/100
|-singleturn|p2a: Glaceon|move: Roost
|
|upkeep
|turn|175
|
|t:|1781544431
|switch|p2a: Slowking|Slowking-Galar, F, shiny|100/100
|move|p1a: Blissey|Shadow Ball|p2a: Slowking
|-supereffective|p2a: Slowking
|-damage|p2a: Slowking|78/100
|-unboost|p2a: Slowking|spd|1
|
|upkeep
|turn|176
|
|t:|1781544437
|switch|p2a: Alomomola|Alomomola, F|100/100 tox
|-damage|p2a: Alomomola|88/100 tox|[from] Stealth Rock
|move|p1a: Blissey|Shadow Ball|p2a: Alomomola
|-damage|p2a: Alomomola|74/100 tox
|
|-damage|p2a: Alomomola|68/100 tox|[from] psn
|upkeep
|turn|177
|
|t:|1781544443
|switch|p2a: Slowking|Slowking-Galar, F, shiny|100/100
|switch|p1a: Corviknight|Corviknight, M, shiny|100/100
|-ability|p1a: Corviknight|Pressure
|
|upkeep
|turn|178
|
|t:|1781544456
|switch|p1a: Toxapex|Toxapex, F, shiny, tera:Steel|74/100
|-damage|p1a: Toxapex|49/100|[from] Spikes
|switch|p2a: Alomomola|Alomomola, F|100/100 tox
|-damage|p2a: Alomomola|88/100 tox|[from] Stealth Rock
|
|-damage|p1a: Toxapex|37/100|[from] item: Black Sludge
|-damage|p2a: Alomomola|82/100 tox|[from] psn
|upkeep
|turn|179
|
|t:|1781544462
|switch|p1a: Corviknight|Corviknight, M, shiny|100/100
|-ability|p1a: Corviknight|Pressure
|move|p2a: Alomomola|Liquidation|p1a: Corviknight
|-damage|p1a: Corviknight|74/100
|-unboost|p1a: Corviknight|def|1
|
|-heal|p1a: Corviknight|80/100|[from] item: Leftovers
|-damage|p2a: Alomomola|70/100 tox|[from] psn
|upkeep
|turn|180
|
|t:|1781544471
|switch|p1a: Dondozo|Dondozo, F, shiny|100/100 slp
|switch|p2a: Slowking|Slowking-Galar, F, shiny|100/100
|
|upkeep
|turn|181
|
|t:|1781544475
|switch|p1a: Blissey|Blissey, F|82/100
|switch|p2a: Alomomola|Alomomola, F|100/100 tox
|-damage|p2a: Alomomola|88/100 tox|[from] Stealth Rock
|
|-damage|p2a: Alomomola|82/100 tox|[from] psn
|upkeep
|turn|182
|
|t:|1781544480
|switch|p2a: Slowking|Slowking-Galar, F, shiny|100/100
|switch|p1a: Corviknight|Corviknight, M, shiny|80/100
|-ability|p1a: Corviknight|Pressure
|
|-heal|p1a: Corviknight|86/100|[from] item: Leftovers
|upkeep
|turn|183
|
|t:|1781544485
|switch|p1a: Blissey|Blissey, F|82/100
|move|p2a: Slowking|Toxic|p1a: Blissey
|-status|p1a: Blissey|tox
|
|-damage|p1a: Blissey|76/100 tox|[from] psn
|upkeep
|turn|184
|
|t:|1781544495
|-curestatus|p1a: Blissey|tox|[from] ability: Natural Cure|[silent]
|switch|p1a: Toxapex|Toxapex, F, shiny, tera:Steel|70/100
|-damage|p1a: Toxapex|46/100|[from] Spikes
|move|p2a: Slowking|Ice Beam|p1a: Toxapex
|-resisted|p1a: Toxapex
|-crit|p1a: Toxapex
|-damage|p1a: Toxapex|34/100
|
|-damage|p1a: Toxapex|22/100|[from] item: Black Sludge
|upkeep
|turn|185
|
|t:|1781544502
|move|p1a: Toxapex|Recover|p1a: Toxapex
|-heal|p1a: Toxapex|72/100
|move|p2a: Slowking|Ice Beam|p1a: Toxapex
|-resisted|p1a: Toxapex
|-damage|p1a: Toxapex|65/100
|
|-damage|p1a: Toxapex|53/100|[from] item: Black Sludge
|upkeep
|turn|186
|
|t:|1781544508
|switch|p1a: Blissey|Blissey, F|76/100
|switch|p2a: Alomomola|Alomomola, F|100/100 tox
|-damage|p2a: Alomomola|88/100 tox|[from] Stealth Rock
|
|-damage|p2a: Alomomola|82/100 tox|[from] psn
|upkeep
|turn|187
|
|t:|1781544513
|switch|p1a: Corviknight|Corviknight, M, shiny|86/100
|-ability|p1a: Corviknight|Pressure
|move|p2a: Alomomola|Facade|p1a: Corviknight
|-resisted|p1a: Corviknight
|-damage|p1a: Corviknight|72/100
|
|-heal|p1a: Corviknight|78/100|[from] item: Leftovers
|-damage|p2a: Alomomola|70/100 tox|[from] psn
|upkeep
|turn|188
|
|t:|1781544516
|switch|p1a: Toxapex|Toxapex, F, shiny, tera:Steel|86/100
|-damage|p1a: Toxapex|62/100|[from] Spikes
|switch|p2a: Slowking|Slowking-Galar, F, shiny|100/100
|
|-damage|p1a: Toxapex|49/100|[from] item: Black Sludge
|upkeep
|turn|189
|
|t:|1781544520
|switch|p2a: Alomomola|Alomomola, F|100/100 tox
|-damage|p2a: Alomomola|88/100 tox|[from] Stealth Rock
|move|p1a: Toxapex|Infestation|p2a: Alomomola
|-damage|p2a: Alomomola|85/100 tox
|-activate|p2a: Alomomola|move: Infestation|[of] p1a: Toxapex
|
|-damage|p1a: Toxapex|37/100|[from] item: Black Sludge
|-damage|p2a: Alomomola|79/100 tox|[from] psn
|-damage|p2a: Alomomola|67/100 tox|[from] move: Infestation|[partiallytrapped]
|upkeep
|turn|190
|
|t:|1781544525
|move|p2a: Alomomola|Liquidation|p1a: Toxapex
|-damage|p1a: Toxapex|10/100
|move|p1a: Toxapex|Recover|p1a: Toxapex
|-heal|p1a: Toxapex|60/100
|
|-damage|p1a: Toxapex|48/100|[from] item: Black Sludge
|-damage|p2a: Alomomola|54/100 tox|[from] psn
|-damage|p2a: Alomomola|42/100 tox|[from] move: Infestation|[partiallytrapped]
|upkeep
|turn|191
|inactive|PepsiEnby has 120 seconds left.
|
|t:|1781544583
|-terastallize|p2a: Alomomola|Normal
|move|p2a: Alomomola|Facade|p1a: Toxapex
|-resisted|p1a: Toxapex
|-damage|p1a: Toxapex|28/100
|move|p1a: Toxapex|Infestation|p2a: Alomomola
|-damage|p2a: Alomomola|39/100 tox
|
|-damage|p1a: Toxapex|16/100|[from] item: Black Sludge
|-damage|p2a: Alomomola|21/100 tox|[from] psn
|-damage|p2a: Alomomola|9/100 tox|[from] move: Infestation|[partiallytrapped]
|upkeep
|turn|192
|
|t:|1781544596
|switch|p1a: Dondozo|Dondozo, F, shiny|100/100 slp
|move|p2a: Alomomola|Facade|p1a: Dondozo
|-damage|p1a: Dondozo|75/100 slp
|
|-damage|p2a: Alomomola|0 fnt|[from] psn
|faint|p2a: Alomomola
|upkeep
|inactive|PepsiEnby has 90 seconds left.
|
|t:|1781544616
|switch|p2a: Glaceon|Glaceon, F, shiny|100/100
|-damage|p2a: Glaceon|76/100|[from] Stealth Rock
|turn|193
|
|t:|1781544620
|switch|p1a: Blissey|Blissey, F|76/100
|move|p2a: Glaceon|Freeze-Dry|p1a: Blissey
|-damage|p1a: Blissey|65/100
|
|upkeep
|turn|194
|
|t:|1781544626
|move|p2a: Glaceon|Freeze-Dry|p1a: Blissey
|-damage|p1a: Blissey|54/100
|-status|p1a: Blissey|frz
|cant|p1a: Blissey|frz
|
|upkeep
|turn|195
|
|t:|1781544633
|move|p2a: Glaceon|Freeze-Dry|p1a: Blissey
|-damage|p1a: Blissey|41/100 frz
|cant|p1a: Blissey|frz
|
|upkeep
|turn|196
|
|t:|1781544639
|-curestatus|p1a: Blissey|frz|[from] ability: Natural Cure|[silent]
|switch|p1a: Corviknight|Corviknight, M, shiny|78/100
|-ability|p1a: Corviknight|Pressure
|move|p2a: Glaceon|Freeze-Dry|p1a: Corviknight
|-damage|p1a: Corviknight|44/100
|
|-heal|p1a: Corviknight|50/100|[from] item: Leftovers
|upkeep
|turn|197
|
|t:|1781544647
|move|p1a: Corviknight|Roost|p1a: Corviknight
|-heal|p1a: Corviknight|99/100
|-singleturn|p1a: Corviknight|move: Roost
|move|p2a: Glaceon|Freeze-Dry|p1a: Corviknight
|-resisted|p1a: Corviknight
|-damage|p1a: Corviknight|84/100
|
|-heal|p1a: Corviknight|90/100|[from] item: Leftovers
|upkeep
|turn|198
|
|t:|1781544654
|switch|p1a: Blissey|Blissey, F|41/100
|switch|p2a: Slowking|Slowking-Galar, F, shiny|100/100
|
|upkeep
|turn|199
|
|t:|1781544659
|move|p1a: Blissey|Soft-Boiled|p1a: Blissey
|-heal|p1a: Blissey|91/100
|move|p2a: Slowking|Toxic|p1a: Blissey
|-status|p1a: Blissey|tox
|
|-damage|p1a: Blissey|85/100 tox|[from] psn
|upkeep
|turn|200
|
|t:|1781544669
|-curestatus|p1a: Blissey|tox|[from] ability: Natural Cure|[silent]
|switch|p1a: Dondozo|Dondozo, F, shiny|75/100 slp
|-prepare|p2a: Slowking|Chilly Reception|[premajor]
|move|p2a: Slowking|Chilly Reception|p2a: Slowking
|-weather|Snowscape
|
|t:|1781544673
|switch|p2a: Glaceon|Glaceon, F, shiny|76/100|[from] Chilly Reception
|-damage|p2a: Glaceon|51/100|[from] Stealth Rock
|
|-weather|Snowscape|[upkeep]
|-heal|p2a: Glaceon|57/100|[from] ability: Ice Body
|upkeep
|turn|201
|
|t:|1781544677
|switch|p1a: Blissey|Blissey, F|85/100
|move|p2a: Glaceon|Blizzard|p1a: Blissey
|-damage|p1a: Blissey|66/100
|
|-weather|Snowscape|[upkeep]
|-heal|p2a: Glaceon|63/100|[from] ability: Ice Body
|upkeep
|turn|202
|
|t:|1781544703
|move|p2a: Glaceon|Blizzard|p1a: Blissey
|-damage|p1a: Blissey|48/100
|move|p1a: Blissey|Shadow Ball|p2a: Glaceon
|-damage|p2a: Glaceon|47/100
|
|-weather|Snowscape|[upkeep]
|-heal|p2a: Glaceon|53/100|[from] ability: Ice Body
|upkeep
|turn|203
|
|t:|1781544708
|move|p2a: Glaceon|Blizzard|p1a: Blissey
|-damage|p1a: Blissey|31/100
|move|p1a: Blissey|Shadow Ball|p2a: Glaceon
|-crit|p2a: Glaceon
|-damage|p2a: Glaceon|31/100
|
|-weather|Snowscape|[upkeep]
|-heal|p2a: Glaceon|37/100|[from] ability: Ice Body
|upkeep
|turn|204
|l| Golem Rising
|inactive|roxty has 120 seconds left.
|
|t:|1781544724
|move|p2a: Glaceon|Blizzard|p1a: Blissey
|-damage|p1a: Blissey|13/100
|-status|p1a: Blissey|frz
|cant|p1a: Blissey|frz
|
|-weather|none
|upkeep
|turn|205
|
|t:|1781544736
|-curestatus|p1a: Blissey|frz|[from] ability: Natural Cure|[silent]
|switch|p1a: Corviknight|Corviknight, M, shiny|90/100
|-ability|p1a: Corviknight|Pressure
|move|p2a: Glaceon|Freeze-Dry|p1a: Corviknight
|-damage|p1a: Corviknight|57/100
|
|-heal|p1a: Corviknight|63/100|[from] item: Leftovers
|upkeep
|turn|206
|inactive|PepsiEnby has 90 seconds left.
|
|t:|1781544751
|move|p1a: Corviknight|Substitute|p1a: Corviknight
|-start|p1a: Corviknight|Substitute
|-damage|p1a: Corviknight|39/100
|move|p2a: Glaceon|Freeze-Dry|p1a: Corviknight
|-end|p1a: Corviknight|Substitute
|
|-heal|p1a: Corviknight|45/100|[from] item: Leftovers
|upkeep
|turn|207
|
|t:|1781544757
|move|p1a: Corviknight|Protect|p1a: Corviknight
|-singleturn|p1a: Corviknight|Protect
|move|p2a: Glaceon|Freeze-Dry|p1a: Corviknight
|-activate|p1a: Corviknight|move: Protect
|
|-heal|p1a: Corviknight|51/100|[from] item: Leftovers
|upkeep
|turn|208
|
|t:|1781544765
|move|p1a: Corviknight|Substitute|p1a: Corviknight
|-start|p1a: Corviknight|Substitute
|-damage|p1a: Corviknight|26/100
|move|p2a: Glaceon|Freeze-Dry|p1a: Corviknight
|-end|p1a: Corviknight|Substitute
|
|-heal|p1a: Corviknight|32/100|[from] item: Leftovers
|upkeep
|turn|209
|
|t:|1781544769
|move|p1a: Corviknight|Protect|p1a: Corviknight
|-singleturn|p1a: Corviknight|Protect
|move|p2a: Glaceon|Freeze-Dry|p1a: Corviknight
|-activate|p1a: Corviknight|move: Protect
|
|-heal|p1a: Corviknight|38/100|[from] item: Leftovers
|upkeep
|turn|210
|
|t:|1781544773
|move|p1a: Corviknight|Substitute|p1a: Corviknight
|-start|p1a: Corviknight|Substitute
|-damage|p1a: Corviknight|13/100
|move|p2a: Glaceon|Freeze-Dry|p1a: Corviknight
|-end|p1a: Corviknight|Substitute
|
|-heal|p1a: Corviknight|19/100|[from] item: Leftovers
|upkeep
|turn|211
|
|t:|1781544778
|move|p1a: Corviknight|Protect|p1a: Corviknight
|-singleturn|p1a: Corviknight|Protect
|move|p2a: Glaceon|Mud Shot|p1a: Corviknight
|-activate|p1a: Corviknight|move: Protect
|
|-heal|p1a: Corviknight|25/100|[from] item: Leftovers
|upkeep
|turn|212
|
|t:|1781544788
|move|p1a: Corviknight|Roost|p1a: Corviknight
|-heal|p1a: Corviknight|75/100
|-singleturn|p1a: Corviknight|move: Roost
|move|p2a: Glaceon|Freeze-Dry|p1a: Corviknight
|-resisted|p1a: Corviknight
|-damage|p1a: Corviknight|58/100
|
|-heal|p1a: Corviknight|64/100|[from] item: Leftovers
|upkeep
|turn|213
|
|t:|1781544797
|move|p1a: Corviknight|Spite|p2a: Glaceon
|-activate|p2a: Glaceon|move: Spite|Freeze-Dry|4
|move|p2a: Glaceon|Copycat|p2a: Glaceon
|move|p2a: Glaceon|Spite|p1a: Corviknight|[from] move: Copycat
|-activate|p1a: Corviknight|move: Spite|Spite|4
|
|-heal|p1a: Corviknight|70/100|[from] item: Leftovers
|upkeep
|turn|214
|inactive|PepsiEnby has 90 seconds left.
|
|t:|1781544809
|move|p1a: Corviknight|Substitute|p1a: Corviknight
|-start|p1a: Corviknight|Substitute
|-damage|p1a: Corviknight|45/100
|move|p2a: Glaceon|Copycat|p2a: Glaceon
|move|p2a: Glaceon|Substitute|p2a: Glaceon|[from] move: Copycat
|-start|p2a: Glaceon|Substitute
|-damage|p2a: Glaceon|12/100
|
|-heal|p1a: Corviknight|51/100|[from] item: Leftovers
|upkeep
|turn|215
|inactive|roxty has 90 seconds left.
|
|t:|1781544820
|move|p1a: Corviknight|Protect|p1a: Corviknight
|-singleturn|p1a: Corviknight|Protect
|move|p2a: Glaceon|Mud Shot|p1a: Corviknight
|-activate|p1a: Corviknight|move: Protect
|
|-heal|p1a: Corviknight|57/100|[from] item: Leftovers
|upkeep
|turn|216
|
|t:|1781544829
|move|p1a: Corviknight|Spite|p2a: Glaceon
|-activate|p2a: Glaceon|move: Spite|Mud Shot|4
|move|p2a: Glaceon|Mud Shot|p1a: Corviknight
|-immune|p1a: Corviknight
|
|-heal|p1a: Corviknight|63/100|[from] item: Leftovers
|upkeep
|turn|217
|
|t:|1781544836
|move|p1a: Corviknight|Substitute|p1a: Corviknight
|-fail|p1a: Corviknight|move: Substitute
|move|p2a: Glaceon|Copycat|p2a: Glaceon
|move|p2a: Glaceon|Substitute|p2a: Glaceon|[from] move: Copycat
|-fail|p2a: Glaceon|move: Substitute
|
|-heal|p1a: Corviknight|69/100|[from] item: Leftovers
|upkeep
|turn|218
|
|t:|1781544840
|move|p1a: Corviknight|Spite|p2a: Glaceon
|-activate|p2a: Glaceon|move: Spite|Copycat|4
|move|p2a: Glaceon|Copycat|p2a: Glaceon
|move|p2a: Glaceon|Spite|p1a: Corviknight|[from] move: Copycat
|-activate|p1a: Corviknight|move: Spite|Spite|4
|
|-heal|p1a: Corviknight|75/100|[from] item: Leftovers
|upkeep
|turn|219
|
|t:|1781544848
|move|p1a: Corviknight|Substitute|p1a: Corviknight
|-fail|p1a: Corviknight|move: Substitute
|move|p2a: Glaceon|Copycat|p2a: Glaceon
|move|p2a: Glaceon|Substitute|p2a: Glaceon|[from] move: Copycat
|-fail|p2a: Glaceon|move: Substitute
|
|-heal|p1a: Corviknight|81/100|[from] item: Leftovers
|upkeep
|turn|220
|
|t:|1781544855
|move|p1a: Corviknight|Substitute|p1a: Corviknight
|-fail|p1a: Corviknight|move: Substitute
|move|p2a: Glaceon|Copycat|p2a: Glaceon
|move|p2a: Glaceon|Substitute|p2a: Glaceon|[from] move: Copycat
|-fail|p2a: Glaceon|move: Substitute
|
|-heal|p1a: Corviknight|87/100|[from] item: Leftovers
|upkeep
|turn|221
|
|t:|1781544868
|switch|p1a: Toxapex|Toxapex, F, shiny, tera:Steel|49/100
|-damage|p1a: Toxapex|25/100|[from] Spikes
|move|p2a: Glaceon|Freeze-Dry|p1a: Toxapex
|-resisted|p1a: Toxapex
|-damage|p1a: Toxapex|13/100
|
|-damage|p1a: Toxapex|0 fnt|[from] item: Black Sludge
|faint|p1a: Toxapex
|upkeep
|
|t:|1781544871
|switch|p1a: Corviknight|Corviknight, M, shiny|87/100
|-ability|p1a: Corviknight|Pressure
|turn|222
|inactive|roxty has 90 seconds left.
|
|t:|1781544878
|move|p1a: Corviknight|Spite|p2a: Glaceon
|-activate|p2a: Glaceon|move: Spite|Freeze-Dry|2
|move|p2a: Glaceon|Copycat|p2a: Glaceon
|move|p2a: Glaceon|Spite|p1a: Corviknight|[from] move: Copycat
|-activate|p1a: Corviknight|move: Spite|Spite|1
|
|-heal|p1a: Corviknight|93/100|[from] item: Leftovers
|upkeep
|turn|223
|
|t:|1781544899
|switch|p1a: Dondozo|Dondozo, F, shiny|75/100 slp
|move|p2a: Glaceon|Copycat|p2a: Glaceon
|move|p2a: Glaceon|Spite||[from] move: Copycat|[still]
|-fail|p2a: Glaceon
|
|upkeep
|turn|224
|
|t:|1781544905
|switch|p1a: Corviknight|Corviknight, M, shiny|93/100
|-ability|p1a: Corviknight|Pressure
|move|p2a: Glaceon|Mud Shot|p1a: Corviknight
|-immune|p1a: Corviknight
|
|-heal|p1a: Corviknight|99/100|[from] item: Leftovers
|upkeep
|turn|225
|
|t:|1781544911
|switch|p1a: Dondozo|Dondozo, F, shiny|75/100 slp
|move|p2a: Glaceon|Blizzard|p1a: Dondozo|[miss]
|-miss|p2a: Glaceon|p1a: Dondozo
|
|upkeep
|turn|226
|
|t:|1781544919
|move|p2a: Glaceon|Copycat|p2a: Glaceon
|move|p2a: Glaceon|Blizzard|p1a: Dondozo|[from] move: Copycat|[miss]
|-miss|p2a: Glaceon|p1a: Dondozo
|-curestatus|p1a: Dondozo|slp|[msg]
|move|p1a: Dondozo|Body Press|p2a: Glaceon
|-supereffective|p2a: Glaceon
|-end|p2a: Glaceon|Substitute
|
|upkeep
|turn|227
|inactive|PepsiEnby has 60 seconds left.
|
|t:|1781544929
|move|p2a: Glaceon|Blizzard|p1a: Dondozo|[miss]
|-miss|p2a: Glaceon|p1a: Dondozo
|move|p1a: Dondozo|Body Press|p2a: Glaceon
|-supereffective|p2a: Glaceon
|-damage|p2a: Glaceon|0 fnt
|faint|p2a: Glaceon
|
|upkeep
|inactive|PepsiEnby has 60 seconds left.
|
|t:|1781544944
|switch|p2a: Slowking|Slowking-Galar, F, shiny|100/100
|turn|228
|inactive|roxty has 60 seconds left.
|
|t:|1781544956
|switch|p1a: Blissey|Blissey, F|13/100
|-prepare|p2a: Slowking|Chilly Reception|[premajor]
|move|p2a: Slowking|Chilly Reception|p2a: Slowking
|-weather|Snowscape
|
|t:|1781544962
|switch|p2a: Ting-Lu|Ting-Lu, shiny|69/100|[from] Chilly Reception
|-damage|p2a: Ting-Lu|63/100|[from] Stealth Rock
|-ability|p2a: Ting-Lu|Vessel of Ruin
|
|-weather|Snowscape|[upkeep]
|upkeep
|turn|229
|inactive|roxty has 60 seconds left.
|
|t:|1781544973
|switch|p1a: Corviknight|Corviknight, M, shiny|99/100
|-ability|p1a: Corviknight|Pressure
|move|p2a: Ting-Lu|Throat Chop|p1a: Corviknight
|-damage|p1a: Corviknight|51/100
|-start|p1a: Corviknight|Throat Chop|[silent]
|
|-weather|Snowscape|[upkeep]
|-heal|p1a: Corviknight|57/100|[from] item: Leftovers
|upkeep
|turn|230
|l|☆PepsiEnby
|inactive|PepsiEnby disconnected and has a minute to reconnect!
|player|p2|
|j|☆PepsiEnby
|inactive|PepsiEnby reconnected and has 55 seconds left.
|player|p2|PepsiEnby|harlequin|
|
|t:|1781544979
|move|p1a: Corviknight|Protect|p1a: Corviknight
|-singleturn|p1a: Corviknight|Protect
|move|p2a: Ting-Lu|Throat Chop|p1a: Corviknight
|-activate|p1a: Corviknight|move: Protect
|
|-weather|Snowscape|[upkeep]
|-heal|p1a: Corviknight|63/100|[from] item: Leftovers
|-end|p1a: Corviknight|Throat Chop|[silent]
|upkeep
|turn|231
|
|t:|1781544988
|move|p1a: Corviknight|Substitute|p1a: Corviknight
|-start|p1a: Corviknight|Substitute
|-damage|p1a: Corviknight|38/100
|move|p2a: Ting-Lu|Throat Chop|p1a: Corviknight
|-end|p1a: Corviknight|Substitute
|
|-weather|Snowscape|[upkeep]
|-heal|p1a: Corviknight|44/100|[from] item: Leftovers
|upkeep
|turn|232
|
|t:|1781544990
|move|p1a: Corviknight|Protect|p1a: Corviknight
|-singleturn|p1a: Corviknight|Protect
|move|p2a: Ting-Lu|Throat Chop|p1a: Corviknight
|-activate|p1a: Corviknight|move: Protect
|
|-weather|none
|-heal|p1a: Corviknight|50/100|[from] item: Leftovers
|upkeep
|turn|233
|
|t:|1781544995
|move|p1a: Corviknight|Substitute|p1a: Corviknight
|-start|p1a: Corviknight|Substitute
|-damage|p1a: Corviknight|25/100
|move|p2a: Ting-Lu|Throat Chop|p1a: Corviknight
|-end|p1a: Corviknight|Substitute
|
|-heal|p1a: Corviknight|31/100|[from] item: Leftovers
|upkeep
|turn|234
|
|t:|1781545006
|switch|p2a: Cinderace|Cinderace, F|40/100 tox
|move|p1a: Corviknight|Protect||[still]
|-fail|p1a: Corviknight
|
|-heal|p1a: Corviknight|37/100|[from] item: Leftovers
|-damage|p2a: Cinderace|34/100 tox|[from] psn
|upkeep
|turn|235
|inactive|roxty has 60 seconds left.
|
|t:|1781545012
|switch|p1a: Dondozo|Dondozo, F, shiny|75/100
|move|p2a: Cinderace|U-turn|p1a: Dondozo
|-damage|p1a: Dondozo|66/100
|
|t:|1781545022
|switch|p2a: Slowking|Slowking-Galar, F, shiny|100/100|[from] U-turn
|
|upkeep
|turn|236
|
|t:|1781545032
|switch|p1a: Blissey|Blissey, F|13/100
|move|p2a: Slowking|Toxic|p1a: Blissey
|-status|p1a: Blissey|tox
|
|-damage|p1a: Blissey|7/100 tox|[from] psn
|upkeep
|turn|237
|
|t:|1781545040
|move|p1a: Blissey|Soft-Boiled|p1a: Blissey
|-heal|p1a: Blissey|57/100 tox
|-prepare|p2a: Slowking|Chilly Reception|[premajor]
|move|p2a: Slowking|Chilly Reception|p2a: Slowking
|-weather|Snowscape
|
|t:|1781545041
|switch|p2a: Ting-Lu|Ting-Lu, shiny|63/100|[from] Chilly Reception
|-damage|p2a: Ting-Lu|57/100|[from] Stealth Rock
|-ability|p2a: Ting-Lu|Vessel of Ruin
|
|-weather|Snowscape|[upkeep]
|-damage|p1a: Blissey|44/100 tox|[from] psn
|upkeep
|turn|238
|
|t:|1781545046
|-curestatus|p1a: Blissey|tox|[from] ability: Natural Cure|[silent]
|switch|p1a: Dondozo|Dondozo, F, shiny|66/100
|move|p2a: Ting-Lu|Earthquake|p1a: Dondozo
|-damage|p1a: Dondozo|34/100
|
|-weather|Snowscape|[upkeep]
|upkeep
|turn|239
|j| nesnot
|
|t:|1781545060
|switch|p2a: Slowking|Slowking-Galar, F, shiny|100/100
|move|p1a: Dondozo|Rest|p1a: Dondozo
|-status|p1a: Dondozo|slp|[from] move: Rest
|-heal|p1a: Dondozo|100/100 slp|[silent]
|
|-weather|Snowscape|[upkeep]
|upkeep
|turn|240
|inactive|PepsiEnby has 30 seconds left.
|inactive|PepsiEnby has 20 seconds left.
|inactive|PepsiEnby has 15 seconds left.
|inactive|PepsiEnby has 10 seconds left.
|inactive|PepsiEnby has 5 seconds left.
|-message|PepsiEnby lost due to inactivity.
|
|win|roxty
|raw|roxty's rating: 1705 &rarr; <strong>1726</strong><br />(+21 for winning)
|raw|PepsiEnby's rating: 1725 &rarr; <strong>1704</strong><br />(-21 for losing)
|l| nesnot
|l|☆PepsiEnby
|player|p2|
