|j|☆Albret
|j|☆cachowcapow
|t:|1780930727
|gametype|singles
|player|p1|Albret|preschoolerf|1714
|player|p2|cachowcapow|102|1695
|gen|9
|tier|[Gen 9] OU
|rated|
|rule|HP Percentage Mod: HP is shown in percentages
|rule|Endless Battle Clause: Forcing endless battles is banned
|rule|Species Clause: Limit one of each Pokémon
|rule|OHKO Clause: OHKO moves are banned
|rule|Evasion Items Clause: Evasion items are banned
|rule|Evasion Moves Clause: Evasion moves are banned
|rule|Evasion Abilities Clause: Evasion abilities are banned
|rule|Sleep Moves Clause: Sleep-inducing moves are banned
|clearpoke
|poke|p1|Dragapult, M|
|poke|p1|Gliscor, M|
|poke|p1|Ogerpon-Wellspring, F|
|poke|p1|Iron Crown|
|poke|p1|Ting-Lu|
|poke|p1|Kingambit, F|
|poke|p2|Primarina, M|
|poke|p2|Slither Wing|
|poke|p2|Slowking-Galar, M|
|poke|p2|Great Tusk|
|poke|p2|Meowscarada, F|
|poke|p2|Gardevoir, F|
|teampreview
|inactive|Battle timer is ON: inactive players will automatically lose when time's up. (requested by Albret)
|
|t:|1780930741
|teamsize|p1|6
|teamsize|p2|6
|start
|switch|p1a: Ting-Lu|Ting-Lu|100/100
|switch|p2a: Slowking|Slowking-Galar, M|100/100
|-ability|p1a: Ting-Lu|Vessel of Ruin
|turn|1
|
|t:|1780930746
|switch|p2a: Slither Wing|Slither Wing|100/100
|move|p1a: Ting-Lu|Stealth Rock|p2a: Slither Wing
|-sidestart|p2: cachowcapow|move: Stealth Rock
|
|upkeep
|turn|2
|inactive|Albret has 120 seconds left.
|j| karlheinzIX
|
|t:|1780930804
|switch|p1a: Gliscor|Gliscor, M|100/100
|move|p2a: Slither Wing|Will-O-Wisp|p1a: Gliscor
|-status|p1a: Gliscor|brn
|
|-damage|p1a: Gliscor|94/100 brn|[from] brn
|upkeep
|turn|3
|
|t:|1780930811
|move|p1a: Gliscor|Toxic|p2a: Slither Wing
|-status|p2a: Slither Wing|tox
|move|p2a: Slither Wing|U-turn|p1a: Gliscor
|-resisted|p1a: Gliscor
|-damage|p1a: Gliscor|83/100 brn
|
|t:|1780930821
|-end|p2a: Slither Wing|Protosynthesis|[silent]
|switch|p2a: Slowking|Slowking-Galar, M|100/100|[from] U-turn
|
|-damage|p1a: Gliscor|76/100 brn|[from] brn
|upkeep
|turn|4
|j|@Sacred
|
|t:|1780930823
|move|p1a: Gliscor|Toxic Spikes|p2a: Slowking
|-sidestart|p2: cachowcapow|move: Toxic Spikes
|-prepare|p2a: Slowking|Chilly Reception|[premajor]
|move|p2a: Slowking|Chilly Reception|p2a: Slowking
|-weather|Snowscape
|
|t:|1780930826
|switch|p2a: Great Tusk|Great Tusk|100/100|[from] Chilly Reception
|
|-weather|Snowscape|[upkeep]
|-damage|p1a: Gliscor|70/100 brn|[from] brn
|upkeep
|turn|5
|
|t:|1780930830
|move|p2a: Great Tusk|Knock Off|p1a: Gliscor
|-damage|p1a: Gliscor|42/100 brn
|-enditem|p1a: Gliscor|Toxic Orb|[from] move: Knock Off|[of] p2a: Great Tusk
|move|p1a: Gliscor|Toxic|p2a: Great Tusk
|-status|p2a: Great Tusk|tox
|
|-weather|Snowscape|[upkeep]
|-damage|p2a: Great Tusk|94/100 tox|[from] psn
|-damage|p1a: Gliscor|36/100 brn|[from] brn
|upkeep
|turn|6
|
|t:|1780930833
|switch|p1a: Dragapult|Dragapult, M|100/100
|move|p2a: Great Tusk|Knock Off|p1a: Dragapult
|-supereffective|p1a: Dragapult
|-damage|p1a: Dragapult|1/100
|-enditem|p1a: Dragapult|Heavy-Duty Boots|[from] move: Knock Off|[of] p2a: Great Tusk
|
|-weather|Snowscape|[upkeep]
|-damage|p2a: Great Tusk|82/100 tox|[from] psn
|upkeep
|turn|7
|
|t:|1780930837
|-end|p2a: Great Tusk|Protosynthesis|[silent]
|switch|p2a: Slowking|Slowking-Galar, M|100/100
|-sideend|p2: cachowcapow|move: Toxic Spikes|[of] p2a: Slowking
|move|p1a: Dragapult|Hex|p2a: Slowking
|-supereffective|p2a: Slowking
|-damage|p2a: Slowking|70/100
|
|-weather|Snowscape|[upkeep]
|upkeep
|turn|8
|
|t:|1780930841
|move|p1a: Dragapult|U-turn|p2a: Slowking
|-damage|p2a: Slowking|51/100
|
|t:|1780930843
|switch|p1a: Gliscor|Gliscor, M|36/100 brn|[from] U-turn
|-prepare|p2a: Slowking|Chilly Reception|[premajor]
|move|p2a: Slowking|Chilly Reception|p2a: Slowking
|
|t:|1780930850
|switch|p2a: Great Tusk|Great Tusk|82/100 tox|[from] Chilly Reception
|
|-weather|none
|-damage|p2a: Great Tusk|76/100 tox|[from] psn
|-damage|p1a: Gliscor|29/100 brn|[from] brn
|upkeep
|turn|9
|
|t:|1780930855
|move|p1a: Gliscor|Protect|p1a: Gliscor
|-singleturn|p1a: Gliscor|Protect
|move|p2a: Great Tusk|Rapid Spin|p1a: Gliscor
|-activate|p1a: Gliscor|move: Protect
|
|-damage|p2a: Great Tusk|63/100 tox|[from] psn
|-damage|p1a: Gliscor|23/100 brn|[from] brn
|upkeep
|turn|10
|
|t:|1780930858
|switch|p1a: Dragapult|Dragapult, M|1/100
|move|p2a: Great Tusk|Rapid Spin|p1a: Dragapult
|-immune|p1a: Dragapult
|
|-damage|p2a: Great Tusk|45/100 tox|[from] psn
|upkeep
|turn|11
|
|t:|1780930861
|-end|p2a: Great Tusk|Protosynthesis|[silent]
|switch|p2a: Slither Wing|Slither Wing|100/100 tox
|-damage|p2a: Slither Wing|88/100 tox|[from] Stealth Rock
|move|p1a: Dragapult|U-turn|p2a: Slither Wing
|-resisted|p2a: Slither Wing
|-damage|p2a: Slither Wing|81/100 tox
|-damage|p1a: Dragapult|0 fnt|[from] item: Rocky Helmet|[of] p2a: Slither Wing
|faint|p1a: Dragapult
|
|-damage|p2a: Slither Wing|75/100 tox|[from] psn
|upkeep
|j| Hakone Outbound
|inactive|Albret has 120 seconds left.
|
|t:|1780930907
|switch|p1a: Iron Crown|Iron Crown|100/100
|-enditem|p1a: Iron Crown|Booster Energy
|-activate|p1a: Iron Crown|ability: Quark Drive|[fromitem]
|-start|p1a: Iron Crown|quarkdrivespe
|turn|12
|
|t:|1780930911
|move|p1a: Iron Crown|Calm Mind|p1a: Iron Crown
|-boost|p1a: Iron Crown|spa|1
|-boost|p1a: Iron Crown|spd|1
|move|p2a: Slither Wing|U-turn|p1a: Iron Crown
|-damage|p1a: Iron Crown|69/100
|
|t:|1780930931
|-end|p2a: Slither Wing|Protosynthesis|[silent]
|switch|p2a: Slowking|Slowking-Galar, M|84/100|[from] U-turn
|
|upkeep
|turn|13
|
|t:|1780930936
|move|p1a: Iron Crown|Tachyon Cutter|p2a: Slowking
|-damage|p2a: Slowking|62/100
|-damage|p2a: Slowking|43/100
|-hitcount|p2a: Slowking|2
|move|p2a: Slowking|Thunder Wave|p1a: Iron Crown
|-status|p1a: Iron Crown|par
|
|upkeep
|turn|14
|
|t:|1780930940
|cant|p1a: Iron Crown|par
|-prepare|p2a: Slowking|Chilly Reception|[premajor]
|move|p2a: Slowking|Chilly Reception|p2a: Slowking
|-weather|Snowscape
|
|t:|1780930944
|switch|p2a: Great Tusk|Great Tusk|45/100 tox|[from] Chilly Reception
|
|-weather|Snowscape|[upkeep]
|-damage|p2a: Great Tusk|39/100 tox|[from] psn
|upkeep
|turn|15
|
|t:|1780930946
|move|p2a: Great Tusk|Rapid Spin|p1a: Iron Crown
|-resisted|p1a: Iron Crown
|-damage|p1a: Iron Crown|60/100 par
|-boost|p2a: Great Tusk|spe|1
|-sideend|p2: cachowcapow|Stealth Rock|[from] move: Rapid Spin|[of] p2a: Great Tusk
|cant|p1a: Iron Crown|par
|
|-weather|Snowscape|[upkeep]
|-damage|p2a: Great Tusk|26/100 tox|[from] psn
|upkeep
|turn|16
|
|t:|1780930951
|-end|p1a: Iron Crown|Quark Drive|[silent]
|switch|p1a: Gliscor|Gliscor, M|23/100 brn
|move|p2a: Great Tusk|Headlong Rush|p1a: Gliscor
|-immune|p1a: Gliscor
|
|-weather|Snowscape|[upkeep]
|-damage|p2a: Great Tusk|8/100 tox|[from] psn
|-damage|p1a: Gliscor|17/100 brn|[from] brn
|upkeep
|turn|17
|
|t:|1780930956
|move|p2a: Great Tusk|Knock Off|p1a: Gliscor
|-damage|p1a: Gliscor|0 fnt
|faint|p1a: Gliscor
|
|-weather|Snowscape|[upkeep]
|-damage|p2a: Great Tusk|0 fnt|[from] psn
|faint|p2a: Great Tusk
|-end|p2a: Great Tusk|Protosynthesis|[silent]
|upkeep
|
|t:|1780930965
|switch|p2a: Meowscarada|Meowscarada, F|100/100
|switch|p1a: Iron Crown|Iron Crown|60/100 par
|turn|18
|
|t:|1780930970
|move|p2a: Meowscarada|U-turn|p1a: Iron Crown
|-start|p2a: Meowscarada|typechange|Bug|[from] ability: Protean
|-damage|p1a: Iron Crown|27/100 par
|
|t:|1780930971
|switch|p2a: Slowking|Slowking-Galar, M|76/100|[from] U-turn
|move|p1a: Iron Crown|Tachyon Cutter|p2a: Slowking
|-damage|p2a: Slowking|61/100
|-damage|p2a: Slowking|47/100
|-hitcount|p2a: Slowking|2
|
|-weather|none
|upkeep
|turn|19
|
|t:|1780930980
|move|p1a: Iron Crown|Tachyon Cutter|p2a: Slowking
|-damage|p2a: Slowking|33/100
|-damage|p2a: Slowking|18/100
|-hitcount|p2a: Slowking|2
|-prepare|p2a: Slowking|Chilly Reception|[premajor]
|move|p2a: Slowking|Chilly Reception|p2a: Slowking
|-weather|Snowscape
|
|t:|1780930985
|switch|p2a: Meowscarada|Meowscarada, F|100/100|[from] Chilly Reception
|
|-weather|Snowscape|[upkeep]
|upkeep
|turn|20
|
|t:|1780930989
|move|p2a: Meowscarada|U-turn|p1a: Iron Crown
|-start|p2a: Meowscarada|typechange|Bug|[from] ability: Protean
|-damage|p1a: Iron Crown|0 fnt
|faint|p1a: Iron Crown
|-end|p1a: Iron Crown|Quark Drive|[silent]
|
|t:|1780930998
|switch|p2a: Slither Wing|Slither Wing|75/100 tox|[from] U-turn
|
|-weather|Snowscape|[upkeep]
|-damage|p2a: Slither Wing|69/100 tox|[from] psn
|upkeep
|
|t:|1780931000
|switch|p1a: Ogerpon|Ogerpon-Wellspring, F|100/100
|turn|21
|
|t:|1780931005
|move|p1a: Ogerpon|Ivy Cudgel|p2a: Slither Wing|[anim] Ivy Cudgel Water
|-damage|p2a: Slither Wing|20/100 tox
|move|p2a: Slither Wing|Will-O-Wisp|p1a: Ogerpon
|-status|p1a: Ogerpon|brn
|
|-weather|Snowscape|[upkeep]
|-damage|p2a: Slither Wing|7/100 tox|[from] psn
|-damage|p1a: Ogerpon|95/100 brn|[from] brn
|upkeep
|turn|22
|
|t:|1780931013
|move|p1a: Ogerpon|Ivy Cudgel|p2a: Slither Wing|[anim] Ivy Cudgel Water
|-damage|p2a: Slither Wing|0 fnt
|faint|p2a: Slither Wing
|-end|p2a: Slither Wing|Protosynthesis|[silent]
|
|-weather|Snowscape|[upkeep]
|-damage|p1a: Ogerpon|89/100 brn|[from] brn
|upkeep
|
|t:|1780931020
|switch|p2a: Meowscarada|Meowscarada, F|100/100
|turn|23
|
|t:|1780931023
|move|p2a: Meowscarada|U-turn|p1a: Ogerpon
|-start|p2a: Meowscarada|typechange|Bug|[from] ability: Protean
|-supereffective|p1a: Ogerpon
|-damage|p1a: Ogerpon|3/100 brn
|
|t:|1780931025
|switch|p2a: Slowking|Slowking-Galar, M|52/100|[from] U-turn
|move|p1a: Ogerpon|U-turn|p2a: Slowking
|-damage|p2a: Slowking|37/100
|
|t:|1780931029
|switch|p1a: Kingambit|Kingambit, F|100/100|[from] U-turn
|-activate|p1a: Kingambit|ability: Supreme Overlord
|-start|p1a: Kingambit|fallen3|[silent]
|-item|p1a: Kingambit|Air Balloon
|
|-weather|none
|upkeep
|turn|24
|
|t:|1780931033
|move|p1a: Kingambit|Kowtow Cleave|p2a: Slowking
|-supereffective|p2a: Slowking
|-damage|p2a: Slowking|0 fnt
|faint|p2a: Slowking
|
|upkeep
|
|t:|1780931037
|switch|p2a: Gardevoir|Gardevoir, F, shiny|100/100
|-ability|p2a: Gardevoir|Supreme Overlord|Trace|[from] ability: Trace|[of] p1a: Kingambit
|-activate|p2a: Gardevoir|ability: Supreme Overlord
|-start|p2a: Gardevoir|fallen3|[silent]
|turn|25
|j| Mega Delibird X
|j| michealjackkson
|
|t:|1780931043
|-terastallize|p2a: Gardevoir|Fairy
|-terastallize|p1a: Kingambit|Dark
|move|p1a: Kingambit|Sucker Punch|p2a: Gardevoir
|-resisted|p2a: Gardevoir
|-damage|p2a: Gardevoir|43/100
|move|p2a: Gardevoir|Moonblast|p1a: Kingambit
|-supereffective|p1a: Kingambit
|-damage|p1a: Kingambit|0 fnt
|-enditem|p1a: Kingambit|Air Balloon
|faint|p1a: Kingambit
|-end|p1a: Kingambit|fallen3|[silent]
|
|upkeep
|
|t:|1780931050
|switch|p1a: Ogerpon|Ogerpon-Wellspring, F|3/100 brn
|turn|26
|l| michealjackkson
|
|t:|1780931058
|-end|p2a: Gardevoir|fallen3|[silent]
|switch|p2a: Meowscarada|Meowscarada, F|100/100
|move|p1a: Ogerpon|Ivy Cudgel|p2a: Meowscarada|[anim] Ivy Cudgel Water
|-resisted|p2a: Meowscarada
|-damage|p2a: Meowscarada|78/100
|
|-damage|p1a: Ogerpon|0 fnt|[from] brn
|faint|p1a: Ogerpon
|upkeep
|
|t:|1780931060
|switch|p1a: Ting-Lu|Ting-Lu|100/100
|-ability|p1a: Ting-Lu|Vessel of Ruin
|turn|27
|
|t:|1780931065
|move|p2a: Meowscarada|Flower Trick|p1a: Ting-Lu
|-start|p2a: Meowscarada|typechange|Grass|[from] ability: Protean
|-supereffective|p1a: Ting-Lu
|-crit|p1a: Ting-Lu
|-damage|p1a: Ting-Lu|42/100
|move|p1a: Ting-Lu|Heavy Slam|p2a: Meowscarada
|-damage|p2a: Meowscarada|28/100
|
|upkeep
|turn|28
|-message|Albret forfeited.
|
|win|cachowcapow
|raw|Albret's rating: 1714 &rarr; <strong>1694</strong><br />(-20 for losing)
|raw|cachowcapow's rating: 1714 &rarr; <strong>1734</strong><br />(+20 for winning)
|l|☆Albret
|player|p1|
|l|☆cachowcapow
|player|p2|
|l|@Sacred
|l| karlheinzIX
