|j|☆achbeet
|j|☆magikarp soup
|t:|1781574872
|gametype|singles
|player|p1|achbeet|102|1628
|player|p2|magikarp soup|medium|1667
|gen|9
|tier|[Gen 9] OU
|rated|
|rule|HP Percentage Mod: HP is shown in percentages
|rule|Endless Battle Clause: Forcing endless battles is banned
|rule|Species Clause: Limit one of each Pokémon
|rule|OHKO Clause: OHKO moves are banned
|rule|Evasion Items Clause: Evasion items are banned
|rule|Evasion Moves Clause: Evasion moves are banned
|rule|Evasion Abilities Clause: Evasion abilities are banned
|rule|Sleep Moves Clause: Sleep-inducing moves are banned
|clearpoke
|poke|p1|Darkrai|
|poke|p1|Okidogi, M|
|poke|p1|Sandy Shocks|
|poke|p1|Araquanid, M|
|poke|p1|Gholdengo|
|poke|p1|Iron Moth|
|poke|p2|Ninetales, M|
|poke|p2|Walking Wake|
|poke|p2|Brute Bonnet|
|poke|p2|Kingambit, M|
|poke|p2|Cresselia, F|
|poke|p2|Great Tusk|
|teampreview
|
|t:|1781574878
|teamsize|p1|6
|teamsize|p2|6
|start
|switch|p1a: Araquanid|Araquanid, M|100/100
|switch|p2a: Ninetales|Ninetales, M|100/100
|-weather|SunnyDay|[from] ability: Drought|[of] p2a: Ninetales
|turn|1
|
|t:|1781574888
|switch|p2a: Brute Bonnet|Brute Bonnet|100/100
|-activate|p2a: Brute Bonnet|ability: Protosynthesis
|-start|p2a: Brute Bonnet|protosynthesisatk
|move|p1a: Araquanid|Sticky Web|p2a: Brute Bonnet
|-sidestart|p2: magikarp soup|move: Sticky Web
|
|-weather|SunnyDay|[upkeep]
|upkeep
|turn|2
|
|t:|1781574902
|switch|p1a: Okidogi|Okidogi, M|100/100
|move|p2a: Brute Bonnet|Growth|p2a: Brute Bonnet
|-boost|p2a: Brute Bonnet|atk|2
|-boost|p2a: Brute Bonnet|spa|2
|
|-weather|SunnyDay|[upkeep]
|upkeep
|turn|3
|
|t:|1781574911
|-terastallize|p2a: Brute Bonnet|Dark
|move|p1a: Okidogi|Drain Punch|p2a: Brute Bonnet
|-supereffective|p2a: Brute Bonnet
|-damage|p2a: Brute Bonnet|35/100
|move|p2a: Brute Bonnet|Crunch|p1a: Okidogi
|-resisted|p1a: Okidogi
|-damage|p1a: Okidogi|25/100
|
|-weather|SunnyDay|[upkeep]
|-heal|p1a: Okidogi|31/100|[from] item: Leftovers
|upkeep
|turn|4
|
|t:|1781574925
|move|p2a: Brute Bonnet|Sucker Punch||[still]
|-fail|p2a: Brute Bonnet
|move|p1a: Okidogi|Bulk Up|p1a: Okidogi
|-boost|p1a: Okidogi|atk|1
|-boost|p1a: Okidogi|def|1
|
|-weather|SunnyDay|[upkeep]
|-heal|p1a: Okidogi|37/100|[from] item: Leftovers
|upkeep
|turn|5
|
|t:|1781574932
|move|p2a: Brute Bonnet|Sucker Punch|p1a: Okidogi
|-resisted|p1a: Okidogi
|-damage|p1a: Okidogi|0 fnt
|faint|p1a: Okidogi
|
|-weather|SunnyDay|[upkeep]
|upkeep
|
|t:|1781574945
|switch|p1a: Darkrai|Darkrai|100/100
|turn|6
|
|t:|1781574949
|move|p2a: Brute Bonnet|Sucker Punch||[still]
|-fail|p2a: Brute Bonnet
|move|p1a: Darkrai|Nasty Plot|p1a: Darkrai
|-boost|p1a: Darkrai|spa|2
|
|-weather|SunnyDay|[upkeep]
|upkeep
|turn|7
|
|t:|1781574954
|move|p2a: Brute Bonnet|Sucker Punch||[still]
|-fail|p2a: Brute Bonnet
|move|p1a: Darkrai|Nasty Plot|p1a: Darkrai
|-boost|p1a: Darkrai|spa|2
|
|-weather|SunnyDay|[upkeep]
|upkeep
|turn|8
|
|t:|1781574956
|move|p2a: Brute Bonnet|Sucker Punch|p1a: Darkrai
|-resisted|p1a: Darkrai
|-damage|p1a: Darkrai|0 fnt
|faint|p1a: Darkrai
|
|-weather|none
|-end|p2a: Brute Bonnet|Protosynthesis
|upkeep
|-message|achbeet forfeited.
|
|win|magikarp soup
|raw|achbeet's rating: 1628 &rarr; <strong>1610</strong><br />(-18 for losing)
|raw|magikarp soup's rating: 1667 &rarr; <strong>1685</strong><br />(+18 for winning)
|l|☆achbeet
|player|p1|
