|j|☆temporarylight
|j|☆COLFOFLOW
|t:|1780931985
|gametype|singles
|player|p1|temporarylight|jogger|1694
|player|p2|COLFOFLOW|volkner|1700
|gen|9
|tier|[Gen 9] OU
|rated|
|rule|HP Percentage Mod: HP is shown in percentages
|rule|Endless Battle Clause: Forcing endless battles is banned
|rule|Species Clause: Limit one of each Pokémon
|rule|OHKO Clause: OHKO moves are banned
|rule|Evasion Items Clause: Evasion items are banned
|rule|Evasion Moves Clause: Evasion moves are banned
|rule|Evasion Abilities Clause: Evasion abilities are banned
|rule|Sleep Moves Clause: Sleep-inducing moves are banned
|clearpoke
|poke|p1|Weavile, M|
|poke|p1|Great Tusk|
|poke|p1|Hoopa-Unbound|
|poke|p1|Landorus-Therian, M|
|poke|p1|Ogerpon, F|
|poke|p1|Thundurus-Therian, M|
|poke|p2|Darkrai|
|poke|p2|Clodsire, F|
|poke|p2|Suicune|
|poke|p2|Lokix, M|
|poke|p2|Pecharunt|
|poke|p2|Corviknight, M|
|teampreview
|j| JensPeterVI
|
|t:|1780932001
|teamsize|p1|6
|teamsize|p2|6
|start
|switch|p1a: Landorus|Landorus-Therian, M|100/100
|switch|p2a: Darkrai|Darkrai|100/100
|-ability|p1a: Landorus|Intimidate|boost
|-unboost|p2a: Darkrai|atk|1
|turn|1
|inactive|Battle timer is ON: inactive players will automatically lose when time's up. (requested by COLFOFLOW)
|
|t:|1780932004
|switch|p1a: Hoopa|Hoopa-Unbound|100/100
|move|p2a: Darkrai|Ice Beam|p1a: Hoopa
|-damage|p1a: Hoopa|59/100
|
|-heal|p1a: Hoopa|65/100|[from] item: Leftovers
|upkeep
|turn|2
|
|t:|1780932015
|move|p2a: Darkrai|Ice Beam|p1a: Hoopa
|-damage|p1a: Hoopa|25/100
|move|p1a: Hoopa|Drain Punch|p2a: Darkrai
|-supereffective|p2a: Darkrai
|-damage|p2a: Darkrai|25/100
|-heal|p1a: Hoopa|58/100|[from] drain|[of] p2a: Darkrai
|
|-heal|p1a: Hoopa|64/100|[from] item: Leftovers
|upkeep
|turn|3
|j| Hakone Outbound
|
|t:|1780932022
|switch|p2a: Corviknight|Corviknight, M|100/100
|-ability|p2a: Corviknight|Pressure
|move|p1a: Hoopa|Drain Punch|p2a: Corviknight
|-damage|p2a: Corviknight|84/100
|-heal|p1a: Hoopa|74/100|[from] drain|[of] p2a: Corviknight
|-damage|p1a: Hoopa|58/100|[from] item: Rocky Helmet|[of] p2a: Corviknight
|
|-heal|p1a: Hoopa|64/100|[from] item: Leftovers
|upkeep
|turn|4
|
|t:|1780932032
|switch|p1a: Landorus|Landorus-Therian, M|100/100
|-ability|p1a: Landorus|Intimidate|boost
|-unboost|p2a: Corviknight|atk|1
|move|p2a: Corviknight|U-turn|p1a: Landorus
|-resisted|p1a: Landorus
|-damage|p1a: Landorus|96/100
|l| JensPeterVI
|
|t:|1780932036
|switch|p2a: Darkrai|Darkrai|25/100|[from] U-turn
|
|-heal|p1a: Landorus|100/100|[from] item: Leftovers
|upkeep
|turn|5
|
|t:|1780932044
|switch|p1a: Weavile|Weavile, M|100/100
|-ability|p1a: Weavile|Pressure
|move|p2a: Darkrai|Ice Beam|p1a: Weavile
|-resisted|p1a: Weavile
|-damage|p1a: Weavile|67/100
|
|upkeep
|turn|6
|
|t:|1780932048
|switch|p2a: Corviknight|Corviknight, M|84/100
|-ability|p2a: Corviknight|Pressure
|move|p1a: Weavile|Beat Up|p2a: Corviknight
|-damage|p2a: Corviknight|76/100
|-damage|p2a: Corviknight|69/100
|-damage|p2a: Corviknight|60/100
|-damage|p2a: Corviknight|51/100
|-damage|p2a: Corviknight|44/100
|-damage|p2a: Corviknight|37/100
|-hitcount|p2a: Corviknight|6
|
|upkeep
|turn|7
|
|t:|1780932050
|move|p1a: Weavile|Beat Up|p2a: Corviknight
|-damage|p2a: Corviknight|29/100
|-damage|p2a: Corviknight|21/100
|-damage|p2a: Corviknight|10/100
|-damage|p2a: Corviknight|1/100
|-damage|p2a: Corviknight|0 fnt
|faint|p2a: Corviknight
|-hitcount|p2: Corviknight|5
|
|upkeep
|
|t:|1780932053
|switch|p2a: Lokix|Lokix, M|100/100
|turn|8
|
|t:|1780932059
|switch|p1a: Landorus|Landorus-Therian, M|100/100
|-ability|p1a: Landorus|Intimidate|boost
|-unboost|p2a: Lokix|atk|1
|move|p2a: Lokix|U-turn|p1a: Landorus
|-resisted|p1a: Landorus
|-damage|p1a: Landorus|68/100
|
|t:|1780932061
|switch|p2a: Darkrai|Darkrai|25/100|[from] U-turn
|
|-heal|p1a: Landorus|74/100|[from] item: Leftovers
|upkeep
|turn|9
|
|t:|1780932078
|switch|p1a: Weavile|Weavile, M|67/100
|-ability|p1a: Weavile|Pressure
|move|p2a: Darkrai|Ice Beam|p1a: Weavile
|-resisted|p1a: Weavile
|-damage|p1a: Weavile|35/100
|
|upkeep
|turn|10
|j| ArtistsRendition
|
|t:|1780932090
|switch|p2a: Suicune|Suicune|100/100
|-ability|p2a: Suicune|Pressure
|move|p1a: Weavile|Beat Up|p2a: Suicune
|-damage|p2a: Suicune|93/100
|-damage|p2a: Suicune|85/100
|-damage|p2a: Suicune|77/100
|-damage|p2a: Suicune|68/100
|-damage|p2a: Suicune|60/100
|-damage|p2a: Suicune|53/100
|-hitcount|p2a: Suicune|6
|
|-heal|p2a: Suicune|59/100|[from] item: Leftovers
|upkeep
|turn|11
|j| SUBMACHINEGOTH
|
|t:|1780932096
|switch|p1a: Ogerpon|Ogerpon, F|100/100
|move|p2a: Suicune|Scald|p1a: Ogerpon
|-resisted|p1a: Ogerpon
|-damage|p1a: Ogerpon|87/100
|
|-heal|p2a: Suicune|65/100|[from] item: Leftovers
|upkeep
|turn|12
|
|t:|1780932103
|switch|p2a: Pecharunt|Pecharunt|100/100
|move|p1a: Ogerpon|Knock Off|p2a: Pecharunt
|-supereffective|p2a: Pecharunt
|-damage|p2a: Pecharunt|53/100
|-enditem|p2a: Pecharunt|Leftovers|[from] move: Knock Off|[of] p1a: Ogerpon
|
|upkeep
|turn|13
|
|t:|1780932106
|switch|p1a: Landorus|Landorus-Therian, M|74/100
|-ability|p1a: Landorus|Intimidate|boost
|-unboost|p2a: Pecharunt|atk|1
|move|p2a: Pecharunt|Malignant Chain|p1a: Landorus
|-resisted|p1a: Landorus
|-damage|p1a: Landorus|57/100
|
|-heal|p1a: Landorus|63/100|[from] item: Leftovers
|upkeep
|turn|14
|inactive|COLFOFLOW has 120 seconds left.
|
|t:|1780932137
|move|p1a: Landorus|Stealth Rock|p2a: Pecharunt
|-sidestart|p2: COLFOFLOW|move: Stealth Rock
|move|p2a: Pecharunt|Recover|p2a: Pecharunt
|-heal|p2a: Pecharunt|100/100
|
|-heal|p1a: Landorus|69/100|[from] item: Leftovers
|upkeep
|turn|15
|
|t:|1780932142
|move|p1a: Landorus|Earth Power|p2a: Pecharunt
|-supereffective|p2a: Pecharunt
|-damage|p2a: Pecharunt|33/100
|move|p2a: Pecharunt|Malignant Chain|p1a: Landorus
|-resisted|p1a: Landorus
|-damage|p1a: Landorus|53/100
|-status|p1a: Landorus|tox
|-start|p1a: Landorus|confusion|[from] ability: Poison Puppeteer|[of] p2a: Pecharunt
|
|-heal|p1a: Landorus|59/100 tox|[from] item: Leftovers
|-damage|p1a: Landorus|53/100 tox|[from] psn
|upkeep
|turn|16
|
|t:|1780932148
|-activate|p1a: Landorus|confusion
|move|p1a: Landorus|Earth Power|p2a: Pecharunt
|-supereffective|p2a: Pecharunt
|-damage|p2a: Pecharunt|0 fnt
|faint|p2a: Pecharunt
|
|-heal|p1a: Landorus|59/100 tox|[from] item: Leftovers
|-damage|p1a: Landorus|47/100 tox|[from] psn
|upkeep
|
|t:|1780932150
|switch|p2a: Darkrai|Darkrai|25/100
|-damage|p2a: Darkrai|13/100|[from] Stealth Rock
|turn|17
|
|t:|1780932159
|move|p2a: Darkrai|Dark Pulse|p1a: Landorus
|-damage|p1a: Landorus|0 fnt
|faint|p1a: Landorus
|
|upkeep
|j| michealjackkson
|
|t:|1780932176
|switch|p1a: Great Tusk|Great Tusk|100/100
|turn|18
|
|t:|1780932178
|move|p2a: Darkrai|Dark Pulse|p1a: Great Tusk
|-resisted|p1a: Great Tusk
|-damage|p1a: Great Tusk|51/100
|move|p1a: Great Tusk|Rapid Spin|p2a: Darkrai
|-damage|p2a: Darkrai|0 fnt
|-boost|p1a: Great Tusk|spe|1
|faint|p2a: Darkrai
|
|upkeep
|
|t:|1780932183
|switch|p2a: Suicune|Suicune|65/100
|-damage|p2a: Suicune|53/100|[from] Stealth Rock
|-ability|p2a: Suicune|Pressure
|turn|19
|
|t:|1780932186
|move|p1a: Great Tusk|Headlong Rush|p2a: Suicune
|-damage|p2a: Suicune|17/100
|-unboost|p1a: Great Tusk|def|1
|-unboost|p1a: Great Tusk|spd|1
|move|p2a: Suicune|Rest|p2a: Suicune
|-status|p2a: Suicune|slp|[from] move: Rest
|-heal|p2a: Suicune|100/100 slp|[silent]
|
|upkeep
|turn|20
|
|t:|1780932190
|move|p1a: Great Tusk|Knock Off|p2a: Suicune
|-damage|p2a: Suicune|81/100 slp
|-enditem|p2a: Suicune|Leftovers|[from] move: Knock Off|[of] p1a: Great Tusk
|cant|p2a: Suicune|slp
|move|p2a: Suicune|Sleep Talk|p2a: Suicune
|move|p2a: Suicune|Scald|p1a: Great Tusk|[from] move: Sleep Talk
|-supereffective|p1a: Great Tusk
|-damage|p1a: Great Tusk|0 fnt
|faint|p1a: Great Tusk
|-end|p1a: Great Tusk|Protosynthesis|[silent]
|
|upkeep
|
|t:|1780932196
|switch|p1a: Ogerpon|Ogerpon, F|87/100
|turn|21
|
|t:|1780932206
|-terastallize|p2a: Suicune|Ghost
|move|p1a: Ogerpon|Ivy Cudgel|p2a: Suicune
|-damage|p2a: Suicune|42/100 slp
|cant|p2a: Suicune|slp
|move|p2a: Suicune|Sleep Talk|p2a: Suicune
|move|p2a: Suicune|Scald|p1a: Ogerpon|[from] move: Sleep Talk
|-resisted|p1a: Ogerpon
|-damage|p1a: Ogerpon|71/100
|
|upkeep
|turn|22
|
|t:|1780932213
|move|p1a: Ogerpon|Ivy Cudgel|p2a: Suicune
|-damage|p2a: Suicune|1/100 slp
|-curestatus|p2a: Suicune|slp|[msg]
|move|p2a: Suicune|Rest|p2a: Suicune
|-status|p2a: Suicune|slp|[from] move: Rest
|-heal|p2a: Suicune|100/100 slp|[silent]
|
|upkeep
|turn|23
|
|t:|1780932222
|switch|p1a: Weavile|Weavile, M|35/100
|-ability|p1a: Weavile|Pressure
|cant|p2a: Suicune|slp
|move|p2a: Suicune|Sleep Talk|p2a: Suicune
|move|p2a: Suicune|Scald|p1a: Weavile|[from] move: Sleep Talk
|-damage|p1a: Weavile|3/100
|
|upkeep
|turn|24
|
|t:|1780932227
|move|p1a: Weavile|Knock Off|p2a: Suicune
|-supereffective|p2a: Suicune
|-damage|p2a: Suicune|48/100 slp
|cant|p2a: Suicune|slp
|move|p2a: Suicune|Sleep Talk|p2a: Suicune
|move|p2a: Suicune|Calm Mind|p2a: Suicune|[from] move: Sleep Talk
|-boost|p2a: Suicune|spa|1
|-boost|p2a: Suicune|spd|1
|
|upkeep
|turn|25
|
|t:|1780932237
|switch|p2a: Lokix|Lokix, M|100/100
|-damage|p2a: Lokix|76/100|[from] Stealth Rock
|move|p1a: Weavile|Knock Off|p2a: Lokix
|-resisted|p2a: Lokix
|-damage|p2a: Lokix|23/100
|-enditem|p2a: Lokix|Choice Band|[from] move: Knock Off|[of] p1a: Weavile
|
|upkeep
|turn|26
|
|t:|1780932241
|move|p2a: Lokix|First Impression|p1a: Weavile
|-supereffective|p1a: Weavile
|-damage|p1a: Weavile|0 fnt
|faint|p1a: Weavile
|
|upkeep
|
|t:|1780932248
|switch|p1a: Ogerpon|Ogerpon, F|71/100
|turn|27
|
|t:|1780932252
|move|p1a: Ogerpon|Ivy Cudgel|p2a: Lokix
|-resisted|p2a: Lokix
|-damage|p2a: Lokix|0 fnt
|faint|p2a: Lokix
|
|upkeep
|
|t:|1780932254
|switch|p2a: Suicune|Suicune, tera:Ghost|48/100 slp
|-damage|p2a: Suicune|36/100 slp|[from] Stealth Rock
|-ability|p2a: Suicune|Pressure
|turn|28
|
|t:|1780932256
|move|p1a: Ogerpon|Ivy Cudgel|p2a: Suicune
|-damage|p2a: Suicune|0 fnt
|faint|p2a: Suicune
|
|upkeep
|-message|COLFOFLOW forfeited.
|
|win|temporarylight
|raw|temporarylight's rating: 1694 &rarr; <strong>1714</strong><br />(+20 for winning)
|raw|COLFOFLOW's rating: 1700 &rarr; <strong>1680</strong><br />(-20 for losing)
|l|☆COLFOFLOW
|player|p2|
|l| SUBMACHINEGOTH
|l| ArtistsRendition
|l|☆temporarylight
|player|p1|
|l| michealjackkson
|l| Hakone Outbound
