|j|☆retsewe
|j|☆reallydumb
|t:|1780974413
|gametype|singles
|player|p1|retsewe|170|1539
|player|p2|reallydumb|emmet|1538
|gen|9
|tier|[Gen 9] OU
|rated|
|rule|HP Percentage Mod: HP is shown in percentages
|rule|Endless Battle Clause: Forcing endless battles is banned
|rule|Species Clause: Limit one of each Pokémon
|rule|OHKO Clause: OHKO moves are banned
|rule|Evasion Items Clause: Evasion items are banned
|rule|Evasion Moves Clause: Evasion moves are banned
|rule|Evasion Abilities Clause: Evasion abilities are banned
|rule|Sleep Moves Clause: Sleep-inducing moves are banned
|clearpoke
|poke|p1|Kyurem|
|poke|p1|Grimmsnarl, M|
|poke|p1|Gyarados, M|
|poke|p1|Dragonite, F|
|poke|p1|Hatterene, F|
|poke|p1|Heatran, F|
|poke|p2|Pelipper, M|
|poke|p2|Hatterene, F|
|poke|p2|Iron Treads|
|poke|p2|Toxicroak, M|
|poke|p2|Barraskewda, M|
|poke|p2|Zapdos|
|teampreview
|j| nemesiiis
|inactive|Battle timer is ON: inactive players will automatically lose when time's up. (requested by retsewe)
|
|t:|1780974426
|teamsize|p1|6
|teamsize|p2|6
|start
|switch|p1a: Hatterene|Hatterene, F|100/100
|switch|p2a: Pelipper|Pelipper, M|100/100
|-weather|RainDance|[from] ability: Drizzle|[of] p2a: Pelipper
|turn|1
|inactive|retsewe has 120 seconds left.
|
|t:|1780974458
|move|p2a: Pelipper|U-turn|p1a: Hatterene
|-damage|p1a: Hatterene|91/100
|
|t:|1780974465
|switch|p2a: Iron Treads|Iron Treads|100/100|[from] U-turn
|move|p1a: Hatterene|Nuzzle|p2a: Iron Treads
|-immune|p2a: Iron Treads
|
|-weather|RainDance|[upkeep]
|-heal|p1a: Hatterene|97/100|[from] item: Leftovers
|upkeep
|turn|2
|inactive|retsewe has 120 seconds left.
|j| whatevadontcare
|
|t:|1780974491
|switch|p1a: Gyarados|Gyarados, M|100/100
|move|p2a: Iron Treads|Earthquake|p1a: Gyarados
|-immune|p1a: Gyarados
|
|-weather|RainDance|[upkeep]
|upkeep
|turn|3
|
|t:|1780974499
|move|p1a: Gyarados|Waterfall|p2a: Iron Treads
|-supereffective|p2a: Iron Treads
|-damage|p2a: Iron Treads|0 fnt
|faint|p2a: Iron Treads
|-end|p2a: Iron Treads|Quark Drive|[silent]
|-ability|p1a: Gyarados|Moxie|boost
|-boost|p1a: Gyarados|atk|1
|
|-weather|RainDance|[upkeep]
|upkeep
|
|t:|1780974504
|switch|p2a: Zapdos|Zapdos|100/100
|turn|4
|inactive|retsewe has 120 seconds left.
|
|t:|1780974520
|-terastallize|p1a: Gyarados|Ground
|move|p2a: Zapdos|Thunder|p1a: Gyarados
|-immune|p1a: Gyarados
|move|p1a: Gyarados|Ice Fang|p2a: Zapdos
|-supereffective|p2a: Zapdos
|-damage|p2a: Zapdos|0 fnt
|faint|p2a: Zapdos
|-ability|p1a: Gyarados|Moxie|boost
|-boost|p1a: Gyarados|atk|1
|
|-weather|RainDance|[upkeep]
|upkeep
|
|t:|1780974527
|switch|p2a: Barraskewda|Barraskewda, M|100/100
|turn|5
|inactive|retsewe has 120 seconds left.
|l| nemesiiis
|
|t:|1780974556
|switch|p1a: Kyurem|Kyurem|100/100
|-ability|p1a: Kyurem|Pressure
|move|p2a: Barraskewda|Flip Turn|p1a: Kyurem
|-resisted|p1a: Kyurem
|-damage|p1a: Kyurem|63/100
|
|t:|1780974559
|switch|p2a: Hatterene|Hatterene, F, shiny|100/100|[from] Flip Turn
|
|-weather|RainDance|[upkeep]
|upkeep
|turn|6
|
|t:|1780974583
|switch|p1a: Hatterene|Hatterene, F|97/100
|move|p2a: Hatterene|Nuzzle|p1a: Hatterene
|-damage|p1a: Hatterene|93/100
|-status|p1a: Hatterene|par
|
|-weather|RainDance|[upkeep]
|-heal|p1a: Hatterene|99/100 par|[from] item: Leftovers
|upkeep
|turn|7
|
|t:|1780974593
|move|p2a: Hatterene|Psychic Noise|p1a: Hatterene
|-resisted|p1a: Hatterene
|-damage|p1a: Hatterene|82/100 par
|-start|p1a: Hatterene|move: Heal Block
|move|p1a: Hatterene|Nuzzle|p2a: Hatterene
|-damage|p2a: Hatterene|96/100
|-status|p2a: Hatterene|par
|-enditem|p2a: Hatterene|Eject Button
|
|t:|1780974597
|switch|p2a: Barraskewda|Barraskewda, M|100/100
|
|-weather|RainDance|[upkeep]
|upkeep
|turn|8
|
|t:|1780974620
|move|p2a: Barraskewda|Liquidation|p1a: Hatterene
|-damage|p1a: Hatterene|0 fnt
|faint|p1a: Hatterene
|
|-weather|none
|upkeep
|inactive|retsewe has 90 seconds left.
|
|t:|1780974644
|switch|p1a: Dragonite|Dragonite, F|100/100
|turn|9
|
|t:|1780974648
|switch|p2a: Toxicroak|Toxicroak, M|100/100
|move|p1a: Dragonite|Dragon Dance|p1a: Dragonite
|-boost|p1a: Dragonite|atk|1
|-boost|p1a: Dragonite|spe|1
|
|upkeep
|turn|10
|
|t:|1780974656
|-terastallize|p2a: Toxicroak|Ghost
|move|p1a: Dragonite|Earthquake|p2a: Toxicroak
|-crit|p2a: Toxicroak
|-damage|p2a: Toxicroak|14/100
|move|p2a: Toxicroak|Encore|p1a: Dragonite
|-start|p1a: Dragonite|Encore
|
|upkeep
|turn|11
|
|t:|1780974665
|switch|p1a: Kyurem|Kyurem|63/100
|-ability|p1a: Kyurem|Pressure
|switch|p2a: Pelipper|Pelipper, M|100/100
|-weather|RainDance|[from] ability: Drizzle|[of] p2a: Pelipper
|
|-weather|RainDance|[upkeep]
|upkeep
|turn|12
|
|t:|1780974676
|switch|p2a: Hatterene|Hatterene, F, shiny|96/100 par
|move|p1a: Kyurem|Freeze-Dry|p2a: Hatterene
|-damage|p2a: Hatterene|59/100 par
|
|-weather|RainDance|[upkeep]
|upkeep
|turn|13
|
|t:|1780974686
|move|p1a: Kyurem|Substitute|p1a: Kyurem
|-start|p1a: Kyurem|Substitute
|-damage|p1a: Kyurem|39/100
|move|p2a: Hatterene|Healing Wish|p2a: Hatterene
|faint|p2a: Hatterene
|
|-weather|RainDance|[upkeep]
|upkeep
|-message|reallydumb forfeited.
|
|win|retsewe
|raw|retsewe's rating: 1539 &rarr; <strong>1559</strong><br />(+20 for winning)
|raw|reallydumb's rating: 1538 &rarr; <strong>1518</strong><br />(-20 for losing)
|l|☆reallydumb
|player|p2|
|l| whatevadontcare
|l|☆retsewe
|player|p1|
