|j|☆MonkeyWaters
|j|‽SirShakes
|t:|1780939623
|gametype|singles
|player|p1|MonkeyWaters|unknownf|1575
|player|p2|SirShakes|firebreather|1545
|gen|9
|tier|[Gen 9] OU
|rated|
|rule|HP Percentage Mod: HP is shown in percentages
|rule|Endless Battle Clause: Forcing endless battles is banned
|rule|Species Clause: Limit one of each Pokémon
|rule|OHKO Clause: OHKO moves are banned
|rule|Evasion Items Clause: Evasion items are banned
|rule|Evasion Moves Clause: Evasion moves are banned
|rule|Evasion Abilities Clause: Evasion abilities are banned
|rule|Sleep Moves Clause: Sleep-inducing moves are banned
|clearpoke
|poke|p1|Glimmora, F|
|poke|p1|Kyurem|
|poke|p1|Enamorus, F|
|poke|p1|Great Tusk|
|poke|p1|Ogerpon-Wellspring, F|
|poke|p1|Kingambit, F|
|poke|p2|Heatran, M|
|poke|p2|Iron Valiant|
|poke|p2|Slowking-Galar, M|
|poke|p2|Dragapult, M|
|poke|p2|Cinderace, F|
|poke|p2|Hydrapple, M|
|teampreview
|inactive|Battle timer is ON: inactive players will automatically lose when time's up. (requested by MonkeyWaters)
|
|t:|1780939651
|teamsize|p1|6
|teamsize|p2|6
|start
|switch|p1a: Enamorus|Enamorus, F|100/100
|switch|p2a: Dragapult|Dragapult, M|100/100
|turn|1
|
|t:|1780939668
|switch|p2a: Slowking|Slowking-Galar, M|100/100
|move|p1a: Enamorus|Earth Power|p2a: Slowking
|-supereffective|p2a: Slowking
|-damage|p2a: Slowking|41/100
|
|upkeep
|turn|2
|
|t:|1780939684
|switch|p1a: Kyurem|Kyurem|100/100
|-ability|p1a: Kyurem|Pressure
|switch|p2a: Hydrapple|Hydrapple, M|100/100
|
|upkeep
|turn|3
|
|t:|1780939695
|switch|p2a: Slowking|Slowking-Galar, M|74/100
|move|p1a: Kyurem|Ice Beam|p2a: Slowking
|-crit|p2a: Slowking
|-damage|p2a: Slowking|23/100
|
|upkeep
|turn|4
|
|t:|1780939701
|switch|p2a: Heatran|Heatran, M|100/100
|move|p1a: Kyurem|Earth Power|p2a: Heatran
|-supereffective|p2a: Heatran
|-damage|p2a: Heatran|22/100
|
|-heal|p2a: Heatran|28/100|[from] item: Leftovers
|upkeep
|turn|5
|
|t:|1780939711
|move|p1a: Kyurem|Earth Power|p2a: Heatran
|-supereffective|p2a: Heatran
|-crit|p2a: Heatran
|-damage|p2a: Heatran|0 fnt
|faint|p2a: Heatran
|
|upkeep
|
|t:|1780939717
|switch|p2a: Dragapult|Dragapult, M|100/100
|turn|6
|
|t:|1780939726
|switch|p1a: Kingambit|Kingambit, F|100/100
|-item|p1a: Kingambit|Air Balloon
|move|p2a: Dragapult|Shadow Ball|p1a: Kingambit
|-resisted|p1a: Kingambit
|-damage|p1a: Kingambit|69/100
|-unboost|p1a: Kingambit|spd|1
|-enditem|p1a: Kingambit|Air Balloon
|
|upkeep
|turn|7
|
|t:|1780939739
|switch|p2a: Hydrapple|Hydrapple, M|100/100
|move|p1a: Kingambit|Iron Head|p2a: Hydrapple
|-damage|p2a: Hydrapple|75/100
|-damage|p1a: Kingambit|52/100|[from] item: Rocky Helmet|[of] p2a: Hydrapple
|
|upkeep
|turn|8
|
|t:|1780939750
|-end|p1a: Kingambit|fallenundefined|[silent]
|switch|p1a: Enamorus|Enamorus, F|100/100
|move|p2a: Hydrapple|Fickle Beam|p1a: Enamorus
|-immune|p1a: Enamorus
|
|upkeep
|turn|9
|
|t:|1780939760
|switch|p2a: Slowking|Slowking-Galar, M|57/100
|-terastallize|p1a: Enamorus|Fairy
|move|p1a: Enamorus|Moonblast|p2a: Slowking
|-resisted|p2a: Slowking
|-damage|p2a: Slowking|25/100
|
|upkeep
|turn|10
|
|t:|1780939768
|switch|p2a: Cinderace|Cinderace, F|100/100
|move|p1a: Enamorus|Moonblast|p2a: Cinderace
|-resisted|p2a: Cinderace
|-damage|p2a: Cinderace|37/100
|
|upkeep
|turn|11
|
|t:|1780939776
|switch|p2a: Slowking|Slowking-Galar, M|58/100
|switch|p1a: Glimmora|Glimmora, F|100/100
|
|upkeep
|turn|12
|
|t:|1780939783
|move|p1a: Glimmora|Earth Power|p2a: Slowking
|-supereffective|p2a: Slowking
|-damage|p2a: Slowking|26/100
|move|p2a: Slowking|Future Sight|p1a: Glimmora
|-start|p2a: Slowking|move: Future Sight
|
|upkeep
|turn|13
|
|t:|1780939799
|switch|p2a: Hydrapple|Hydrapple, M|100/100
|move|p1a: Glimmora|Mortal Spin|p2a: Hydrapple
|-supereffective|p2a: Hydrapple
|-damage|p2a: Hydrapple|92/100
|-status|p2a: Hydrapple|psn
|-damage|p1a: Glimmora|84/100|[from] item: Rocky Helmet|[of] p2a: Hydrapple
|
|-damage|p2a: Hydrapple|80/100 psn|[from] psn
|upkeep
|turn|14
|
|t:|1780939809
|switch|p1a: Kingambit|Kingambit, F|52/100
|move|p2a: Hydrapple|Earth Power|p1a: Kingambit
|-supereffective|p1a: Kingambit
|-damage|p1a: Kingambit|0 fnt
|faint|p1a: Kingambit
|-end|p1a: Kingambit|fallenundefined|[silent]
|
|-hint|Future Sight did not hit because the target is fainted.
|-damage|p2a: Hydrapple|67/100 psn|[from] psn
|upkeep
|
|t:|1780939811
|switch|p1a: Enamorus|Enamorus, F, tera:Fairy|100/100
|turn|15
|
|t:|1780939816
|switch|p2a: Cinderace|Cinderace, F|37/100
|move|p1a: Enamorus|Moonblast|p2a: Cinderace
|-resisted|p2a: Cinderace
|-damage|p2a: Cinderace|0 fnt
|faint|p2a: Cinderace
|
|upkeep
|
|t:|1780939838
|switch|p2a: Slowking|Slowking-Galar, M|60/100
|turn|16
|
|t:|1780939845
|switch|p1a: Glimmora|Glimmora, F|84/100
|move|p2a: Slowking|Sludge Bomb|p1a: Glimmora
|-resisted|p1a: Glimmora
|-damage|p1a: Glimmora|74/100
|-enditem|p1a: Glimmora|Red Card|[of] p2a: Slowking
|drag|p2a: Hydrapple|Hydrapple, M|100/100 psn
|
|-damage|p2a: Hydrapple|88/100 psn|[from] psn
|upkeep
|turn|17
|
|t:|1780939852
|move|p1a: Glimmora|Stealth Rock|p2a: Hydrapple
|-sidestart|p2: SirShakes|move: Stealth Rock
|move|p2a: Hydrapple|Earth Power|p1a: Glimmora
|-supereffective|p1a: Glimmora
|-damage|p1a: Glimmora|0 fnt
|faint|p1a: Glimmora
|
|-damage|p2a: Hydrapple|76/100 psn|[from] psn
|upkeep
|
|t:|1780939859
|switch|p1a: Kyurem|Kyurem|100/100
|-ability|p1a: Kyurem|Pressure
|turn|18
|
|t:|1780939866
|switch|p2a: Slowking|Slowking-Galar, M|93/100
|move|p1a: Kyurem|Ice Beam|p2a: Slowking
|-damage|p2a: Slowking|57/100
|
|upkeep
|turn|19
|
|t:|1780939876
|move|p1a: Kyurem|Ice Beam|p2a: Slowking
|-damage|p2a: Slowking|25/100
|-status|p2a: Slowking|frz
|cant|p2a: Slowking|frz
|
|upkeep
|turn|20
|
|t:|1780939893
|move|p1a: Kyurem|Ice Beam|p2a: Slowking
|-damage|p2a: Slowking|0 fnt
|faint|p2a: Slowking
|
|upkeep
|
|t:|1780939900
|switch|p2a: Dragapult|Dragapult, M|100/100
|-damage|p2a: Dragapult|88/100|[from] Stealth Rock
|turn|21
|
|t:|1780939906
|move|p2a: Dragapult|Shadow Ball|p1a: Kyurem
|-damage|p1a: Kyurem|55/100
|-unboost|p1a: Kyurem|spd|1
|move|p1a: Kyurem|Scale Shot|p2a: Dragapult
|-supereffective|p2a: Dragapult
|-damage|p2a: Dragapult|60/100
|-supereffective|p2a: Dragapult
|-damage|p2a: Dragapult|29/100
|-supereffective|p2a: Dragapult
|-damage|p2a: Dragapult|0 fnt
|faint|p2a: Dragapult
|-hitcount|p2: Dragapult|3
|-unboost|p1a: Kyurem|def|1
|-boost|p1a: Kyurem|spe|1
|
|upkeep
|
|t:|1780939913
|switch|p2a: Iron Valiant|Iron Valiant|100/100
|-damage|p2a: Iron Valiant|94/100|[from] Stealth Rock
|-enditem|p2a: Iron Valiant|Booster Energy
|-activate|p2a: Iron Valiant|ability: Quark Drive|[fromitem]
|-start|p2a: Iron Valiant|quarkdrivespe
|turn|22
|
|t:|1780939921
|move|p2a: Iron Valiant|Close Combat|p1a: Kyurem
|-supereffective|p1a: Kyurem
|-damage|p1a: Kyurem|0 fnt
|-unboost|p2a: Iron Valiant|def|1
|-unboost|p2a: Iron Valiant|spd|1
|faint|p1a: Kyurem
|
|upkeep
|
|t:|1780939933
|switch|p1a: Enamorus|Enamorus, F, tera:Fairy|100/100
|turn|23
|
|t:|1780939940
|move|p2a: Iron Valiant|Close Combat|p1a: Enamorus
|-resisted|p1a: Enamorus
|-damage|p1a: Enamorus|48/100
|-unboost|p2a: Iron Valiant|def|1
|-unboost|p2a: Iron Valiant|spd|1
|move|p1a: Enamorus|Moonblast|p2a: Iron Valiant
|-supereffective|p2a: Iron Valiant
|-damage|p2a: Iron Valiant|0 fnt
|faint|p2a: Iron Valiant
|-end|p2a: Iron Valiant|Quark Drive|[silent]
|
|upkeep
|
|t:|1780939943
|switch|p2a: Hydrapple|Hydrapple, M|100/100 psn
|-damage|p2a: Hydrapple|88/100 psn|[from] Stealth Rock
|turn|24
|
|t:|1780939949
|-terastallize|p2a: Hydrapple|Poison
|move|p1a: Enamorus|Moonblast|p2a: Hydrapple
|-resisted|p2a: Hydrapple
|-damage|p2a: Hydrapple|40/100 psn
|move|p2a: Hydrapple|Giga Drain|p1a: Enamorus
|-damage|p1a: Enamorus|6/100
|-heal|p2a: Hydrapple|54/100 psn|[from] drain|[of] p1a: Enamorus
|
|-damage|p2a: Hydrapple|42/100 psn|[from] psn
|upkeep
|turn|25
|
|t:|1780939953
|move|p1a: Enamorus|Moonblast|p2a: Hydrapple
|-resisted|p2a: Hydrapple
|-damage|p2a: Hydrapple|0 fnt
|faint|p2a: Hydrapple
|
|win|MonkeyWaters
|raw|MonkeyWaters's rating: 1575 &rarr; <strong>1593</strong><br />(+18 for winning)
|raw|SirShakes's rating: 1545 &rarr; <strong>1527</strong><br />(-18 for losing)
|l|‽SirShakes
|player|p2|
