|j|‽Test g17
|j|☆SkyHighMiles
|t:|1781147724
|gametype|singles
|player|p1|Test g17|hilbert|1561
|player|p2|SkyHighMiles|1|1535
|gen|9
|tier|[Gen 9] OU
|rated|
|rule|HP Percentage Mod: HP is shown in percentages
|rule|Endless Battle Clause: Forcing endless battles is banned
|rule|Species Clause: Limit one of each Pokémon
|rule|OHKO Clause: OHKO moves are banned
|rule|Evasion Items Clause: Evasion items are banned
|rule|Evasion Moves Clause: Evasion moves are banned
|rule|Evasion Abilities Clause: Evasion abilities are banned
|rule|Sleep Moves Clause: Sleep-inducing moves are banned
|clearpoke
|poke|p1|Feraligatr, M|
|poke|p1|Deoxys-Speed|
|poke|p1|Iron Treads|
|poke|p1|Iron Moth|
|poke|p1|Keldeo-Resolute|
|poke|p1|Kyurem|
|poke|p2|Scizor, M|
|poke|p2|Zapdos|
|poke|p2|Primarina, F|
|poke|p2|Garganacl, F|
|poke|p2|Great Tusk|
|poke|p2|Iron Moth|
|teampreview
|inactive|Battle timer is ON: inactive players will automatically lose when time's up. (requested by SkyHighMiles)
|
|t:|1781147739
|teamsize|p1|6
|teamsize|p2|6
|start
|switch|p1a: Kyurem|Kyurem|100/100
|switch|p2a: Scizor|Scizor, M|100/100
|-ability|p1a: Kyurem|Pressure
|turn|1
|
|t:|1781147747
|switch|p1a: Iron Moth|Iron Moth|100/100
|-enditem|p1a: Iron Moth|Booster Energy
|-activate|p1a: Iron Moth|ability: Quark Drive|[fromitem]
|-start|p1a: Iron Moth|quarkdrivespe
|move|p2a: Scizor|Dual Wingbeat|p1a: Iron Moth
|-damage|p1a: Iron Moth|46/100
|-damage|p1a: Iron Moth|0 fnt
|faint|p1a: Iron Moth
|-end|p1a: Iron Moth|Quark Drive|[silent]
|-hitcount|p1: Iron Moth|2
|
|upkeep
|
|t:|1781147758
|switch|p1a: Feraligatr|Feraligatr, M|100/100
|turn|2
|
|t:|1781147765
|switch|p2a: Zapdos|Zapdos|100/100
|move|p1a: Feraligatr|Dragon Dance|p1a: Feraligatr
|-boost|p1a: Feraligatr|atk|1
|-boost|p1a: Feraligatr|spe|1
|
|upkeep
|turn|3
|
|t:|1781147774
|move|p1a: Feraligatr|Ice Punch|p2a: Zapdos
|-supereffective|p2a: Zapdos
|-damage|p2a: Zapdos|0 fnt
|faint|p2a: Zapdos
|
|upkeep
|
|t:|1781147777
|switch|p2a: Garganacl|Garganacl, F|100/100
|turn|4
|
|t:|1781147800
|switch|p1a: Deoxys|Deoxys-Speed|100/100
|-ability|p1a: Deoxys|Pressure
|-terastallize|p2a: Garganacl|Fairy
|move|p2a: Garganacl|Salt Cure|p1a: Deoxys
|-damage|p1a: Deoxys|77/100
|-start|p1a: Deoxys|Salt Cure
|
|-damage|p1a: Deoxys|64/100|[from] Salt Cure
|upkeep
|turn|5
|
|t:|1781147821
|switch|p1a: Keldeo|Keldeo-Resolute|100/100
|move|p2a: Garganacl|Stealth Rock|p1a: Keldeo
|-sidestart|p1: Test g17|move: Stealth Rock
|
|upkeep
|turn|6
|
|t:|1781147827
|switch|p2a: Primarina|Primarina, F|100/100
|-terastallize|p1a: Keldeo|Water
|move|p1a: Keldeo|Surf|p2a: Primarina
|-resisted|p2a: Primarina
|-damage|p2a: Primarina|71/100
|
|upkeep
|turn|7
|inactive|SkyHighMiles has 120 seconds left.
|
|t:|1781147864
|switch|p1a: Iron Treads|Iron Treads|100/100
|move|p2a: Primarina|Flip Turn|p1a: Iron Treads
|-supereffective|p1a: Iron Treads
|-damage|p1a: Iron Treads|72/100
|
|t:|1781147869
|switch|p2a: Iron Moth|Iron Moth|100/100|[from] Flip Turn
|-enditem|p2a: Iron Moth|Booster Energy
|-activate|p2a: Iron Moth|ability: Quark Drive|[fromitem]
|-start|p2a: Iron Moth|quarkdrivespe
|
|upkeep
|turn|8
|
|t:|1781147876
|-end|p1a: Iron Treads|Quark Drive|[silent]
|switch|p1a: Deoxys|Deoxys-Speed|64/100
|-damage|p1a: Deoxys|52/100|[from] Stealth Rock
|-ability|p1a: Deoxys|Pressure
|move|p2a: Iron Moth|Substitute|p2a: Iron Moth
|-start|p2a: Iron Moth|Substitute
|-damage|p2a: Iron Moth|76/100
|
|upkeep
|turn|9
|
|t:|1781147880
|move|p2a: Iron Moth|Fiery Dance|p1a: Deoxys
|-crit|p1a: Deoxys
|-damage|p1a: Deoxys|0 fnt
|-boost|p2a: Iron Moth|spa|1
|faint|p1a: Deoxys
|
|upkeep
|
|t:|1781147884
|switch|p1a: Keldeo|Keldeo-Resolute, tera:Water|100/100
|-damage|p1a: Keldeo|88/100|[from] Stealth Rock
|turn|10
|
|t:|1781147887
|move|p2a: Iron Moth|Sludge Wave|p1a: Keldeo
|-damage|p1a: Keldeo|0 fnt
|faint|p1a: Keldeo
|
|upkeep
|
|t:|1781147891
|switch|p1a: Kyurem|Kyurem|100/100
|-damage|p1a: Kyurem|76/100|[from] Stealth Rock
|-ability|p1a: Kyurem|Pressure
|turn|11
|
|t:|1781147894
|move|p2a: Iron Moth|Dazzling Gleam|p1a: Kyurem
|-supereffective|p1a: Kyurem
|-damage|p1a: Kyurem|0 fnt
|faint|p1a: Kyurem
|
|upkeep
|
|t:|1781147898
|switch|p1a: Iron Treads|Iron Treads|72/100
|turn|12
|
|t:|1781147900
|move|p2a: Iron Moth|Fiery Dance|p1a: Iron Treads
|-supereffective|p1a: Iron Treads
|-damage|p1a: Iron Treads|0 fnt
|-boost|p2a: Iron Moth|spa|1
|faint|p1a: Iron Treads
|-end|p1a: Iron Treads|Quark Drive|[silent]
|
|upkeep
|
|t:|1781147917
|switch|p1a: Feraligatr|Feraligatr, M|100/100
|-damage|p1a: Feraligatr|88/100|[from] Stealth Rock
|turn|13
|
|t:|1781147921
|move|p2a: Iron Moth|Sludge Wave|p1a: Feraligatr
|-damage|p1a: Feraligatr|0 fnt
|faint|p1a: Feraligatr
|
|win|SkyHighMiles
|raw|Test g17's rating: 1561 &rarr; <strong>1540</strong><br />(-21 for losing)
|raw|SkyHighMiles's rating: 1535 &rarr; <strong>1556</strong><br />(+21 for winning)
|l|☆SkyHighMiles
|player|p2|
|l|‽Test g17
|player|p1|
