|j|‽RadiantSol
|j|☆Jewgi_moto
|t:|1781347123
|gametype|singles
|player|p1|RadiantSol|flint|1544
|player|p2|Jewgi_moto|1|1571
|gen|9
|tier|[Gen 9] OU
|rated|
|rule|HP Percentage Mod: HP is shown in percentages
|rule|Endless Battle Clause: Forcing endless battles is banned
|rule|Species Clause: Limit one of each Pokémon
|rule|OHKO Clause: OHKO moves are banned
|rule|Evasion Items Clause: Evasion items are banned
|rule|Evasion Moves Clause: Evasion moves are banned
|rule|Evasion Abilities Clause: Evasion abilities are banned
|rule|Sleep Moves Clause: Sleep-inducing moves are banned
|clearpoke
|poke|p1|Espeon, F|
|poke|p1|Talonflame, F|
|poke|p1|Lapras, F|
|poke|p1|Ninetales-Alola, F|
|poke|p1|Muk-Alola, F|
|poke|p1|Quagsire, F|
|poke|p2|Hoopa-Unbound|
|poke|p2|Moltres|
|poke|p2|Zamazenta-*|
|poke|p2|Cinderace, M|
|poke|p2|Volcanion|
|poke|p2|Dragonite, M|
|teampreview
|
|t:|1781347135
|teamsize|p1|6
|teamsize|p2|6
|start
|switch|p1a: Muk|Muk-Alola, F, shiny|100/100
|switch|p2a: Cinderace|Cinderace, M|100/100
|turn|1
|inactive|Battle timer is ON: inactive players will automatically lose when time's up. (requested by RadiantSol)
|
|t:|1781347139
|move|p1a: Muk|Protect|p1a: Muk
|-singleturn|p1a: Muk|Protect
|move|p2a: Cinderace|U-turn|p1a: Muk
|-start|p2a: Cinderace|typechange|Bug|[from] ability: Libero
|-activate|p1a: Muk|move: Protect
|
|upkeep
|turn|2
|
|t:|1781347149
|move|p2a: Cinderace|Pyro Ball|p1a: Muk
|-damage|p1a: Muk|63/100
|move|p1a: Muk|Knock Off|p2a: Cinderace
|-damage|p2a: Cinderace|47/100
|-enditem|p2a: Cinderace|Heavy-Duty Boots|[from] move: Knock Off|[of] p1a: Muk
|
|-heal|p1a: Muk|69/100|[from] item: Black Sludge
|upkeep
|turn|3
|
|t:|1781347154
|move|p1a: Muk|Protect|p1a: Muk
|-singleturn|p1a: Muk|Protect
|move|p2a: Cinderace|Pyro Ball|p1a: Muk
|-activate|p1a: Muk|move: Protect
|
|-heal|p1a: Muk|75/100|[from] item: Black Sludge
|upkeep
|turn|4
|
|t:|1781347161
|move|p2a: Cinderace|Pyro Ball|p1a: Muk|[miss]
|-miss|p2a: Cinderace|p1a: Muk
|move|p1a: Muk|Knock Off|p2a: Cinderace
|-damage|p2a: Cinderace|12/100
|
|-heal|p1a: Muk|81/100|[from] item: Black Sludge
|upkeep
|turn|5
|
|t:|1781347167
|move|p1a: Muk|Protect|p1a: Muk
|-singleturn|p1a: Muk|Protect
|move|p2a: Cinderace|U-turn|p1a: Muk
|-activate|p1a: Muk|move: Protect
|
|-heal|p1a: Muk|87/100|[from] item: Black Sludge
|upkeep
|turn|6
|
|t:|1781347176
|switch|p2a: Moltres|Moltres|100/100
|move|p1a: Muk|Shadow Sneak|p2a: Moltres
|-crit|p2a: Moltres
|-damage|p2a: Moltres|87/100
|
|-heal|p1a: Muk|93/100|[from] item: Black Sludge
|upkeep
|turn|7
|
|t:|1781347187
|move|p2a: Moltres|Roost|p2a: Moltres
|-heal|p2a: Moltres|100/100
|-singleturn|p2a: Moltres|move: Roost
|move|p1a: Muk|Knock Off|p2a: Moltres
|-damage|p2a: Moltres|68/100
|-status|p1a: Muk|brn|[from] ability: Flame Body|[of] p2a: Moltres
|-enditem|p2a: Moltres|Heavy-Duty Boots|[from] move: Knock Off|[of] p1a: Muk
|
|-heal|p1a: Muk|99/100 brn|[from] item: Black Sludge
|-damage|p1a: Muk|93/100 brn|[from] brn
|upkeep
|turn|8
|
|t:|1781347191
|move|p2a: Moltres|Roost|p2a: Moltres
|-heal|p2a: Moltres|100/100
|-singleturn|p2a: Moltres|move: Roost
|move|p1a: Muk|Knock Off|p2a: Moltres
|-damage|p2a: Moltres|89/100
|
|-heal|p1a: Muk|99/100 brn|[from] item: Black Sludge
|-damage|p1a: Muk|93/100 brn|[from] brn
|upkeep
|turn|9
|
|t:|1781347193
|move|p2a: Moltres|Fire Blast|p1a: Muk
|-damage|p1a: Muk|66/100 brn
|move|p1a: Muk|Knock Off|p2a: Moltres
|-damage|p2a: Moltres|78/100
|-status|p2a: Moltres|psn|[from] ability: Poison Touch|[of] p1a: Muk
|
|-heal|p1a: Muk|72/100 brn|[from] item: Black Sludge
|-damage|p2a: Moltres|65/100 psn|[from] psn
|-damage|p1a: Muk|66/100 brn|[from] brn
|upkeep
|turn|10
|
|t:|1781347197
|move|p1a: Muk|Protect|p1a: Muk
|-singleturn|p1a: Muk|Protect
|move|p2a: Moltres|Scorching Sands|p1a: Muk
|-activate|p1a: Muk|move: Protect
|
|-heal|p1a: Muk|72/100 brn|[from] item: Black Sludge
|-damage|p2a: Moltres|53/100 psn|[from] psn
|-damage|p1a: Muk|66/100 brn|[from] brn
|upkeep
|turn|11
|
|t:|1781347209
|switch|p1a: Talonflame|Talonflame, F|100/100
|move|p2a: Moltres|Scorching Sands|p1a: Talonflame
|-immune|p1a: Talonflame
|
|-damage|p2a: Moltres|41/100 psn|[from] psn
|upkeep
|turn|12
|
|t:|1781347215
|move|p1a: Talonflame|Flamethrower|p2a: Moltres
|-resisted|p2a: Moltres
|-damage|p2a: Moltres|32/100 psn
|move|p2a: Moltres|Hurricane|p1a: Talonflame
|-damage|p1a: Talonflame|34/100
|-start|p1a: Talonflame|confusion
|
|-damage|p2a: Moltres|20/100 psn|[from] psn
|upkeep
|turn|13
|
|t:|1781347226
|switch|p1a: Muk|Muk-Alola, F, shiny|66/100 brn
|move|p2a: Moltres|Roost|p2a: Moltres
|-heal|p2a: Moltres|70/100 psn
|-singleturn|p2a: Moltres|move: Roost
|
|-heal|p1a: Muk|72/100 brn|[from] item: Black Sludge
|-damage|p2a: Moltres|58/100 psn|[from] psn
|-damage|p1a: Muk|66/100 brn|[from] brn
|upkeep
|turn|14
|
|t:|1781347231
|move|p1a: Muk|Protect|p1a: Muk
|-singleturn|p1a: Muk|Protect
|move|p2a: Moltres|Hurricane|p1a: Muk
|-activate|p1a: Muk|move: Protect
|
|-heal|p1a: Muk|72/100 brn|[from] item: Black Sludge
|-damage|p2a: Moltres|45/100 psn|[from] psn
|-damage|p1a: Muk|66/100 brn|[from] brn
|upkeep
|turn|15
|
|t:|1781347237
|move|p2a: Moltres|Hurricane|p1a: Muk
|-damage|p1a: Muk|40/100 brn
|move|p1a: Muk|Knock Off|p2a: Moltres
|-damage|p2a: Moltres|33/100 psn
|
|-heal|p1a: Muk|46/100 brn|[from] item: Black Sludge
|-damage|p2a: Moltres|21/100 psn|[from] psn
|-damage|p1a: Muk|40/100 brn|[from] brn
|upkeep
|turn|16
|
|t:|1781347241
|switch|p1a: Espeon|Espeon, F, shiny|100/100
|move|p2a: Moltres|Roost|p2a: Moltres
|-heal|p2a: Moltres|71/100 psn
|-singleturn|p2a: Moltres|move: Roost
|
|-damage|p2a: Moltres|59/100 psn|[from] psn
|upkeep
|turn|17
|
|t:|1781347245
|move|p1a: Espeon|Calm Mind|p1a: Espeon
|-boost|p1a: Espeon|spa|1
|-boost|p1a: Espeon|spd|1
|move|p2a: Moltres|Hurricane|p1a: Espeon
|-crit|p1a: Espeon
|-damage|p1a: Espeon|14/100
|
|-damage|p2a: Moltres|46/100 psn|[from] psn
|upkeep
|turn|18
|
|t:|1781347254
|move|p1a: Espeon|Shadow Ball|p2a: Moltres
|-damage|p2a: Moltres|18/100 psn
|move|p2a: Moltres|Hurricane|p1a: Espeon|[miss]
|-miss|p2a: Moltres|p1a: Espeon
|
|-damage|p2a: Moltres|6/100 psn|[from] psn
|upkeep
|turn|19
|
|t:|1781347260
|move|p1a: Espeon|Draining Kiss|p2a: Moltres
|-resisted|p2a: Moltres
|-damage|p2a: Moltres|0 fnt
|-heal|p1a: Espeon|20/100|[from] drain|[of] p2a: Moltres
|faint|p2a: Moltres
|
|upkeep
|
|t:|1781347262
|switch|p2a: Cinderace|Cinderace, M|12/100
|turn|20
|
|t:|1781347266
|switch|p1a: Quagsire|Quagsire, F, shiny|100/100
|move|p2a: Cinderace|U-turn|p1a: Quagsire
|-start|p2a: Cinderace|typechange|Bug|[from] ability: Libero
|-damage|p1a: Quagsire|76/100
|-damage|p2a: Cinderace|0 fnt|[from] item: Rocky Helmet|[of] p1a: Quagsire
|faint|p2a: Cinderace
|
|upkeep
|
|t:|1781347274
|switch|p2a: Hoopa|Hoopa-Unbound|100/100
|turn|21
|
|t:|1781347282
|switch|p1a: Muk|Muk-Alola, F, shiny|40/100 brn
|move|p2a: Hoopa|Trick|p1a: Muk
|-activate|p2a: Hoopa|move: Trick|[of] p1a: Muk
|-item|p1a: Muk|Choice Scarf|[from] move: Trick
|-item|p2a: Hoopa|Black Sludge|[from] move: Trick
|
|-damage|p2a: Hoopa|88/100|[from] item: Black Sludge
|-damage|p1a: Muk|34/100 brn|[from] brn
|upkeep
|turn|22
|
|t:|1781347296
|switch|p2a: Volcanion|Volcanion|100/100
|move|p1a: Muk|Knock Off|p2a: Volcanion
|-damage|p2a: Volcanion|86/100
|-status|p2a: Volcanion|psn|[from] ability: Poison Touch|[of] p1a: Muk
|-enditem|p2a: Volcanion|Assault Vest|[from] move: Knock Off|[of] p1a: Muk
|
|-damage|p2a: Volcanion|73/100 psn|[from] psn
|-damage|p1a: Muk|28/100 brn|[from] brn
|upkeep
|turn|23
|
|t:|1781347301
|move|p1a: Muk|Knock Off|p2a: Volcanion
|-damage|p2a: Volcanion|64/100 psn
|move|p2a: Volcanion|Steam Eruption|p1a: Muk
|-damage|p1a: Muk|0 fnt
|faint|p1a: Muk
|
|-damage|p2a: Volcanion|51/100 psn|[from] psn
|upkeep
|
|t:|1781347309
|switch|p1a: Ninetales|Ninetales-Alola, F, shiny|100/100
|-weather|Snowscape|[from] ability: Snow Warning|[of] p1a: Ninetales
|turn|24
|
|t:|1781347313
|move|p1a: Ninetales|Aurora Veil|p1a: Ninetales
|-sidestart|p1: RadiantSol|move: Aurora Veil
|move|p2a: Volcanion|Fire Blast|p1a: Ninetales
|-supereffective|p1a: Ninetales
|-damage|p1a: Ninetales|39/100
|-status|p1a: Ninetales|brn
|
|-weather|Snowscape|[upkeep]
|-damage|p2a: Volcanion|39/100 psn|[from] psn
|-damage|p1a: Ninetales|33/100 brn|[from] brn
|upkeep
|turn|25
|
|t:|1781347330
|move|p1a: Ninetales|Freeze-Dry|p2a: Volcanion
|-damage|p2a: Volcanion|19/100 psn
|move|p2a: Volcanion|Fire Blast|p1a: Ninetales|[miss]
|-miss|p2a: Volcanion|p1a: Ninetales
|
|-weather|Snowscape|[upkeep]
|-damage|p2a: Volcanion|7/100 psn|[from] psn
|-damage|p1a: Ninetales|27/100 brn|[from] brn
|upkeep
|turn|26
|
|t:|1781347332
|move|p1a: Ninetales|Freeze-Dry|p2a: Volcanion
|-damage|p2a: Volcanion|0 fnt
|faint|p2a: Volcanion
|
|-weather|Snowscape|[upkeep]
|-damage|p1a: Ninetales|21/100 brn|[from] brn
|upkeep
|
|t:|1781347342
|switch|p2a: Hoopa|Hoopa-Unbound|88/100
|turn|27
|inactive|RadiantSol has 120 seconds left.
|
|t:|1781347376
|switch|p1a: Lapras|Lapras, F|100/100
|move|p2a: Hoopa|Knock Off|p1a: Lapras
|-damage|p1a: Lapras|84/100
|-enditem|p1a: Lapras|Lum Berry|[from] move: Knock Off|[of] p2a: Hoopa
|
|-weather|Snowscape|[upkeep]
|-damage|p2a: Hoopa|76/100|[from] item: Black Sludge
|upkeep
|turn|28
|
|t:|1781347385
|move|p2a: Hoopa|Trick|p1a: Lapras
|-activate|p2a: Hoopa|move: Trick|[of] p1a: Lapras
|-item|p1a: Lapras|Black Sludge|[from] move: Trick
|-enditem|p2a: Hoopa|Black Sludge|[silent]|[from] move: Trick
|move|p1a: Lapras|Dragon Dance|p1a: Lapras
|-boost|p1a: Lapras|atk|1
|-boost|p1a: Lapras|spe|1
|
|-weather|none
|-damage|p1a: Lapras|71/100|[from] item: Black Sludge
|upkeep
|turn|29
|
|t:|1781347394
|move|p1a: Lapras|Liquidation|p2a: Hoopa
|-damage|p2a: Hoopa|0 fnt
|faint|p2a: Hoopa
|
|-damage|p1a: Lapras|59/100|[from] item: Black Sludge
|upkeep
|
|t:|1781347397
|switch|p2a: Zamazenta|Zamazenta|100/100
|-ability|p2a: Zamazenta|Dauntless Shield|boost
|-boost|p2a: Zamazenta|def|1
|turn|30
|
|t:|1781347402
|switch|p1a: Talonflame|Talonflame, F|34/100
|move|p2a: Zamazenta|Iron Defense|p2a: Zamazenta
|-boost|p2a: Zamazenta|def|2
|
|upkeep
|turn|31
|
|t:|1781347418
|move|p2a: Zamazenta|Body Press|p1a: Talonflame
|-resisted|p1a: Talonflame
|-damage|p1a: Talonflame|13/100
|move|p1a: Talonflame|Roost|p1a: Talonflame
|-heal|p1a: Talonflame|63/100
|-singleturn|p1a: Talonflame|move: Roost
|
|-sideend|p1: RadiantSol|move: Aurora Veil
|upkeep
|turn|32
|
|t:|1781347423
|move|p2a: Zamazenta|Iron Defense|p2a: Zamazenta
|-boost|p2a: Zamazenta|def|2
|move|p1a: Talonflame|Roost|p1a: Talonflame
|-heal|p1a: Talonflame|100/100
|-singleturn|p1a: Talonflame|move: Roost
|
|upkeep
|turn|33
|
|t:|1781347428
|move|p2a: Zamazenta|Substitute|p2a: Zamazenta
|-start|p2a: Zamazenta|Substitute
|-damage|p2a: Zamazenta|75/100
|move|p1a: Talonflame|Flamethrower|p2a: Zamazenta
|-activate|p2a: Zamazenta|move: Substitute|[damage]
|
|-heal|p2a: Zamazenta|82/100|[from] item: Leftovers
|upkeep
|turn|34
|
|t:|1781347438
|move|p2a: Zamazenta|Iron Defense|p2a: Zamazenta
|-boost|p2a: Zamazenta|def|1
|move|p1a: Talonflame|Flamethrower|p2a: Zamazenta
|-end|p2a: Zamazenta|Substitute
|
|-heal|p2a: Zamazenta|88/100|[from] item: Leftovers
|upkeep
|turn|35
|
|t:|1781347443
|move|p2a: Zamazenta|Substitute|p2a: Zamazenta
|-start|p2a: Zamazenta|Substitute
|-damage|p2a: Zamazenta|63/100
|move|p1a: Talonflame|Flamethrower|p2a: Zamazenta
|-activate|p2a: Zamazenta|move: Substitute|[damage]
|
|-heal|p2a: Zamazenta|69/100|[from] item: Leftovers
|upkeep
|turn|36
|
|t:|1781347448
|move|p2a: Zamazenta|Body Press|p1a: Talonflame
|-resisted|p1a: Talonflame
|-damage|p1a: Talonflame|35/100
|-status|p2a: Zamazenta|brn|[from] ability: Flame Body|[of] p1a: Talonflame
|move|p1a: Talonflame|Flamethrower|p2a: Zamazenta
|-end|p2a: Zamazenta|Substitute
|
|-heal|p2a: Zamazenta|75/100 brn|[from] item: Leftovers
|-damage|p2a: Zamazenta|69/100 brn|[from] brn
|upkeep
|turn|37
|
|t:|1781347453
|move|p2a: Zamazenta|Body Press|p1a: Talonflame
|-resisted|p1a: Talonflame
|-damage|p1a: Talonflame|4/100
|move|p1a: Talonflame|Roost|p1a: Talonflame
|-heal|p1a: Talonflame|54/100
|-singleturn|p1a: Talonflame|move: Roost
|
|-heal|p2a: Zamazenta|75/100 brn|[from] item: Leftovers
|-damage|p2a: Zamazenta|69/100 brn|[from] brn
|upkeep
|turn|38
|
|t:|1781347456
|move|p2a: Zamazenta|Body Press|p1a: Talonflame
|-resisted|p1a: Talonflame
|-damage|p1a: Talonflame|20/100
|move|p1a: Talonflame|Roost|p1a: Talonflame
|-heal|p1a: Talonflame|70/100
|-singleturn|p1a: Talonflame|move: Roost
|
|-heal|p2a: Zamazenta|75/100 brn|[from] item: Leftovers
|-damage|p2a: Zamazenta|69/100 brn|[from] brn
|upkeep
|turn|39
|
|t:|1781347461
|switch|p1a: Espeon|Espeon, F, shiny|20/100
|move|p2a: Zamazenta|Body Press|p1a: Espeon
|-resisted|p1a: Espeon
|-damage|p1a: Espeon|0 fnt
|faint|p1a: Espeon
|
|-heal|p2a: Zamazenta|75/100 brn|[from] item: Leftovers
|-damage|p2a: Zamazenta|69/100 brn|[from] brn
|upkeep
|
|t:|1781347465
|switch|p1a: Quagsire|Quagsire, F, shiny|76/100
|turn|40
|
|t:|1781347469
|move|p2a: Zamazenta|Substitute|p2a: Zamazenta
|-start|p2a: Zamazenta|Substitute
|-damage|p2a: Zamazenta|44/100 brn
|move|p1a: Quagsire|Recover|p1a: Quagsire
|-heal|p1a: Quagsire|100/100
|
|-heal|p2a: Zamazenta|50/100 brn|[from] item: Leftovers
|-damage|p2a: Zamazenta|44/100 brn|[from] brn
|upkeep
|turn|41
|
|t:|1781347474
|move|p2a: Zamazenta|Iron Defense|p2a: Zamazenta
|-boost|p2a: Zamazenta|def|0
|move|p1a: Quagsire|Liquidation|p2a: Zamazenta
|-activate|p2a: Zamazenta|move: Substitute|[damage]
|
|-heal|p2a: Zamazenta|50/100 brn|[from] item: Leftovers
|-damage|p2a: Zamazenta|44/100 brn|[from] brn
|upkeep
|turn|42
|
|t:|1781347478
|move|p2a: Zamazenta|Iron Defense|p2a: Zamazenta
|-boost|p2a: Zamazenta|def|0
|move|p1a: Quagsire|Liquidation|p2a: Zamazenta
|-end|p2a: Zamazenta|Substitute
|
|-heal|p2a: Zamazenta|50/100 brn|[from] item: Leftovers
|-damage|p2a: Zamazenta|44/100 brn|[from] brn
|upkeep
|turn|43
|inactive|RadiantSol has 120 seconds left.
|
|t:|1781347511
|switch|p1a: Lapras|Lapras, F|59/100
|move|p2a: Zamazenta|Substitute|p2a: Zamazenta
|-start|p2a: Zamazenta|Substitute
|-damage|p2a: Zamazenta|19/100 brn
|
|-heal|p2a: Zamazenta|25/100 brn|[from] item: Leftovers
|-damage|p1a: Lapras|46/100|[from] item: Black Sludge
|-damage|p2a: Zamazenta|19/100 brn|[from] brn
|upkeep
|turn|44
|
|t:|1781347518
|-terastallize|p1a: Lapras|Ground
|move|p2a: Zamazenta|Body Press|p1a: Lapras
|-damage|p1a: Lapras|0 fnt
|faint|p1a: Lapras
|
|-heal|p2a: Zamazenta|25/100 brn|[from] item: Leftovers
|-damage|p2a: Zamazenta|19/100 brn|[from] brn
|upkeep
|
|t:|1781347525
|switch|p1a: Talonflame|Talonflame, F|70/100
|turn|45
|
|t:|1781347527
|move|p2a: Zamazenta|Body Press|p1a: Talonflame
|-resisted|p1a: Talonflame
|-damage|p1a: Talonflame|35/100
|move|p1a: Talonflame|Flamethrower|p2a: Zamazenta
|-activate|p2a: Zamazenta|move: Substitute|[damage]
|
|-heal|p2a: Zamazenta|25/100 brn|[from] item: Leftovers
|-damage|p2a: Zamazenta|19/100 brn|[from] brn
|upkeep
|turn|46
|
|t:|1781347532
|move|p2a: Zamazenta|Body Press|p1a: Talonflame
|-resisted|p1a: Talonflame
|-damage|p1a: Talonflame|4/100
|move|p1a: Talonflame|Roost|p1a: Talonflame
|-heal|p1a: Talonflame|54/100
|-singleturn|p1a: Talonflame|move: Roost
|
|-heal|p2a: Zamazenta|25/100 brn|[from] item: Leftovers
|-damage|p2a: Zamazenta|19/100 brn|[from] brn
|upkeep
|turn|47
|
|t:|1781347538
|move|p2a: Zamazenta|Body Press|p1a: Talonflame
|-resisted|p1a: Talonflame
|-damage|p1a: Talonflame|24/100
|move|p1a: Talonflame|Roost|p1a: Talonflame
|-heal|p1a: Talonflame|74/100
|-singleturn|p1a: Talonflame|move: Roost
|
|-heal|p2a: Zamazenta|25/100 brn|[from] item: Leftovers
|-damage|p2a: Zamazenta|19/100 brn|[from] brn
|upkeep
|turn|48
|
|t:|1781347543
|switch|p1a: Quagsire|Quagsire, F, shiny|100/100
|move|p2a: Zamazenta|Body Press|p1a: Quagsire
|-damage|p1a: Quagsire|90/100
|-damage|p2a: Zamazenta|3/100 brn|[from] item: Rocky Helmet|[of] p1a: Quagsire
|
|-heal|p2a: Zamazenta|9/100 brn|[from] item: Leftovers
|-damage|p2a: Zamazenta|3/100 brn|[from] brn
|upkeep
|turn|49
|
|t:|1781347550
|move|p2a: Zamazenta|Body Press|p1a: Quagsire
|-damage|p1a: Quagsire|78/100
|-damage|p2a: Zamazenta|0 fnt|[from] item: Rocky Helmet|[of] p1a: Quagsire
|faint|p2a: Zamazenta
|move|p1a: Quagsire|Liquidation|p2: Zamazenta|[notarget]
|-fail|p1a: Quagsire
|
|upkeep
|
|t:|1781347552
|switch|p2a: Dragonite|Dragonite, M|100/100
|turn|50
|
|t:|1781347554
|move|p2a: Dragonite|Dragon Dance|p2a: Dragonite
|-boost|p2a: Dragonite|atk|1
|-boost|p2a: Dragonite|spe|1
|move|p1a: Quagsire|Toxic|p2a: Dragonite
|-status|p2a: Dragonite|tox
|
|-damage|p2a: Dragonite|94/100 tox|[from] psn
|upkeep
|turn|51
|
|t:|1781347559
|move|p2a: Dragonite|Dragon Dance|p2a: Dragonite
|-boost|p2a: Dragonite|atk|1
|-boost|p2a: Dragonite|spe|1
|move|p1a: Quagsire|Recover|p1a: Quagsire
|-heal|p1a: Quagsire|100/100
|
|-damage|p2a: Dragonite|82/100 tox|[from] psn
|upkeep
|turn|52
|
|t:|1781347561
|move|p2a: Dragonite|Dragon Dance|p2a: Dragonite
|-boost|p2a: Dragonite|atk|1
|-boost|p2a: Dragonite|spe|1
|move|p1a: Quagsire|Recover||[still]
|-fail|p1a: Quagsire|heal
|
|-damage|p2a: Dragonite|64/100 tox|[from] psn
|upkeep
|turn|53
|
|t:|1781347562
|move|p2a: Dragonite|Dragon Dance|p2a: Dragonite
|-boost|p2a: Dragonite|atk|1
|-boost|p2a: Dragonite|spe|1
|move|p1a: Quagsire|Recover||[still]
|-fail|p1a: Quagsire|heal
|
|-damage|p2a: Dragonite|40/100 tox|[from] psn
|upkeep
|turn|54
|
|t:|1781347564
|move|p2a: Dragonite|Extreme Speed|p1a: Quagsire
|-damage|p1a: Quagsire|79/100
|-damage|p2a: Dragonite|24/100 tox|[from] item: Rocky Helmet|[of] p1a: Quagsire
|move|p1a: Quagsire|Recover|p1a: Quagsire
|-heal|p1a: Quagsire|100/100
|
|-damage|p2a: Dragonite|0 fnt|[from] psn
|faint|p2a: Dragonite
|
|win|RadiantSol
|raw|RadiantSol's rating: 1544 &rarr; <strong>1566</strong><br />(+22 for winning)
|raw|Jewgi_moto's rating: 1571 &rarr; <strong>1549</strong><br />(-22 for losing)
|l|☆Jewgi_moto
|player|p2|
|l|‽RadiantSol
|player|p1|
