|j|☆Rj yoip
|j|☆hawkins0
|t:|1781017713
|gametype|singles
|player|p1|Rj yoip|caitlin-masters|1646
|player|p2|hawkins0|170|1797
|gen|9
|tier|[Gen 9] OU
|rated|
|rule|HP Percentage Mod: HP is shown in percentages
|rule|Endless Battle Clause: Forcing endless battles is banned
|rule|Species Clause: Limit one of each Pokémon
|rule|OHKO Clause: OHKO moves are banned
|rule|Evasion Items Clause: Evasion items are banned
|rule|Evasion Moves Clause: Evasion moves are banned
|rule|Evasion Abilities Clause: Evasion abilities are banned
|rule|Sleep Moves Clause: Sleep-inducing moves are banned
|clearpoke
|poke|p1|Tyranitar, M|
|poke|p1|Hydrapple, M|
|poke|p1|Enamorus, F|
|poke|p1|Garganacl, F|
|poke|p1|Excadrill, M|
|poke|p1|Alomomola, F|
|poke|p2|Hoopa-Unbound|
|poke|p2|Pecharunt|
|poke|p2|Landorus-Therian, M|
|poke|p2|Cinderace, M|
|poke|p2|Alomomola, M|
|poke|p2|Iron Valiant|
|teampreview
|l|☆Rj yoip
|player|p1|
|j|☆Rj yoip
|player|p1|Rj yoip|caitlin-masters|
|inactive|Battle timer is ON: inactive players will automatically lose when time's up. (requested by Rj yoip)
|
|t:|1781017734
|teamsize|p1|6
|teamsize|p2|6
|start
|switch|p1a: Alomomola|Alomomola, F|100/100
|switch|p2a: Khaos|Hoopa-Unbound|100/100
|turn|1
|
|t:|1781017737
|move|p2a: Khaos|Knock Off|p1a: Alomomola
|-damage|p1a: Alomomola|33/100
|-enditem|p1a: Alomomola|Assault Vest|[from] move: Knock Off|[of] p2a: Khaos
|move|p1a: Alomomola|Flip Turn|p2a: Khaos
|-damage|p2a: Khaos|75/100
|
|t:|1781017740
|switch|p1a: Tyranitar|Tyranitar, M|100/100|[from] Flip Turn
|-weather|Sandstorm|[from] ability: Sand Stream|[of] p1a: Tyranitar
|
|-weather|Sandstorm|[upkeep]
|-damage|p2a: Khaos|69/100|[from] Sandstorm
|upkeep
|turn|2
|
|t:|1781017769
|switch|p2a: Pisces|Alomomola, M, shiny|100/100
|move|p1a: Tyranitar|Knock Off|p2a: Pisces
|-damage|p2a: Pisces|42/100
|-enditem|p2a: Pisces|Assault Vest|[from] move: Knock Off|[of] p1a: Tyranitar
|
|-weather|Sandstorm|[upkeep]
|-damage|p2a: Pisces|36/100|[from] Sandstorm
|upkeep
|turn|3
|
|t:|1781017780
|move|p1a: Tyranitar|Knock Off|p2a: Pisces
|-damage|p2a: Pisces|0 fnt
|faint|p2a: Pisces
|
|-weather|Sandstorm|[upkeep]
|upkeep
|
|t:|1781017785
|switch|p2a: Khaos|Hoopa-Unbound|69/100
|turn|4
|
|t:|1781017788
|switch|p1a: Hydrapple|Hydrapple, M|100/100
|move|p2a: Khaos|Hyperspace Fury|p1a: Hydrapple
|-damage|p1a: Hydrapple|44/100
|-unboost|p2a: Khaos|def|1
|
|-weather|Sandstorm|[upkeep]
|-damage|p2a: Khaos|63/100|[from] Sandstorm
|-damage|p1a: Hydrapple|38/100|[from] Sandstorm
|upkeep
|turn|5
|
|t:|1781017793
|move|p2a: Khaos|Hyperspace Fury|p1a: Hydrapple
|-damage|p1a: Hydrapple|0 fnt
|-unboost|p2a: Khaos|def|1
|faint|p1a: Hydrapple
|
|-weather|none
|upkeep
|
|t:|1781017795
|switch|p1a: Tyranitar|Tyranitar, M|100/100
|-weather|Sandstorm|[from] ability: Sand Stream|[of] p1a: Tyranitar
|turn|6
|
|t:|1781017802
|switch|p2a: Enten|Landorus-Therian, M, shiny|100/100
|-ability|p2a: Enten|Intimidate|boost
|-unboost|p1a: Tyranitar|atk|1
|move|p1a: Tyranitar|Ice Punch|p2a: Enten
|-supereffective|p2a: Enten
|-crit|p2a: Enten
|-damage|p2a: Enten|0 fnt
|faint|p2a: Enten
|
|-weather|Sandstorm|[upkeep]
|upkeep
|
|t:|1781017805
|switch|p2a: Khaos|Hoopa-Unbound|63/100
|turn|7
|
|t:|1781017807
|switch|p1a: Enamorus|Enamorus, F|100/100
|move|p2a: Khaos|Hyperspace Fury|p1a: Enamorus
|-resisted|p1a: Enamorus
|-damage|p1a: Enamorus|15/100
|-unboost|p2a: Khaos|def|1
|
|-weather|Sandstorm|[upkeep]
|-damage|p1a: Enamorus|8/100|[from] Sandstorm
|-damage|p2a: Khaos|57/100|[from] Sandstorm
|upkeep
|turn|8
|
|t:|1781017817
|move|p1a: Enamorus|Healing Wish|p1a: Enamorus
|faint|p1a: Enamorus
|move|p2a: Khaos|Hyperspace Fury|p1: Enamorus|[notarget]
|-fail|p2a: Khaos
|
|-weather|Sandstorm|[upkeep]
|-damage|p2a: Khaos|51/100|[from] Sandstorm
|upkeep
|
|t:|1781017821
|switch|p1a: Tyranitar|Tyranitar, M|100/100
|turn|9
|
|t:|1781017835
|move|p2a: Khaos|Hyperspace Fury|p1a: Tyranitar
|-resisted|p1a: Tyranitar
|-damage|p1a: Tyranitar|50/100
|-unboost|p2a: Khaos|def|1
|move|p1a: Tyranitar|Knock Off|p2a: Khaos
|-damage|p2a: Khaos|0 fnt
|-enditem|p2a: Khaos|Choice Band|[from] move: Knock Off|[of] p1a: Tyranitar
|faint|p2a: Khaos
|
|-weather|Sandstorm|[upkeep]
|upkeep
|
|t:|1781017841
|switch|p2a: Calamity|Iron Valiant, shiny|100/100
|turn|10
|
|t:|1781017846
|switch|p1a: Alomomola|Alomomola, F|67/100
|-heal|p1a: Alomomola|100/100|[from] move: Healing Wish
|move|p2a: Calamity|Shadow Ball|p1a: Alomomola
|-damage|p1a: Alomomola|67/100
|
|-weather|none
|upkeep
|turn|11
|
|t:|1781017855
|-end|p2a: Calamity|Quark Drive|[silent]
|switch|p2a: Overseer|Pecharunt|100/100
|move|p1a: Alomomola|Flip Turn|p2a: Overseer
|-damage|p2a: Overseer|93/100
|
|t:|1781017856
|switch|p1a: Tyranitar|Tyranitar, M|50/100|[from] Flip Turn
|-weather|Sandstorm|[from] ability: Sand Stream|[of] p1a: Tyranitar
|
|-weather|Sandstorm|[upkeep]
|-damage|p2a: Overseer|87/100|[from] Sandstorm
|upkeep
|turn|12
|
|t:|1781017859
|move|p1a: Tyranitar|Knock Off|p2a: Overseer
|-supereffective|p2a: Overseer
|-damage|p2a: Overseer|7/100
|-enditem|p2a: Overseer|Heavy-Duty Boots|[from] move: Knock Off|[of] p1a: Tyranitar
|move|p2a: Overseer|Malignant Chain|p1a: Tyranitar
|-resisted|p1a: Tyranitar
|-damage|p1a: Tyranitar|40/100
|
|-weather|Sandstorm|[upkeep]
|-damage|p2a: Overseer|1/100|[from] Sandstorm
|upkeep
|turn|13
|
|t:|1781017866
|move|p1a: Tyranitar|Knock Off|p2a: Overseer
|-supereffective|p2a: Overseer
|-damage|p2a: Overseer|0 fnt
|faint|p2a: Overseer
|
|-weather|Sandstorm|[upkeep]
|upkeep
|
|t:|1781017869
|switch|p2a: Calamity|Iron Valiant, shiny|100/100
|turn|14
|
|t:|1781017872
|switch|p1a: Alomomola|Alomomola, F|99/100
|-terastallize|p2a: Calamity|Fairy
|move|p2a: Calamity|Moonblast|p1a: Alomomola
|-crit|p1a: Alomomola
|-damage|p1a: Alomomola|0 fnt
|faint|p1a: Alomomola
|
|-weather|Sandstorm|[upkeep]
|-damage|p2a: Calamity|94/100|[from] Sandstorm
|upkeep
|
|t:|1781017874
|switch|p1a: Excadrill|Excadrill, M|100/100
|turn|15
|
|t:|1781017877
|-end|p2a: Calamity|Quark Drive|[silent]
|switch|p2a: Liberacy|Cinderace, M, shiny|100/100
|move|p1a: Excadrill|Earthquake|p2a: Liberacy
|-supereffective|p2a: Liberacy
|-damage|p2a: Liberacy|0 fnt
|faint|p2a: Liberacy
|
|-weather|none
|upkeep
|
|t:|1781017879
|switch|p2a: Calamity|Iron Valiant, shiny, tera:Fairy|94/100
|turn|16
|
|t:|1781017881
|switch|p1a: Tyranitar|Tyranitar, M|40/100
|-weather|Sandstorm|[from] ability: Sand Stream|[of] p1a: Tyranitar
|move|p2a: Calamity|Moonblast|p1a: Tyranitar
|-supereffective|p1a: Tyranitar
|-damage|p1a: Tyranitar|0 fnt
|faint|p1a: Tyranitar
|
|-weather|Sandstorm|[upkeep]
|-damage|p2a: Calamity|88/100|[from] Sandstorm
|upkeep
|
|t:|1781017883
|switch|p1a: Excadrill|Excadrill, M|100/100
|turn|17
|
|t:|1781017884
|move|p1a: Excadrill|Earthquake|p2a: Calamity
|-damage|p2a: Calamity|14/100
|move|p2a: Calamity|Moonblast|p1a: Excadrill
|-resisted|p1a: Excadrill
|-damage|p1a: Excadrill|33/100
|
|-weather|Sandstorm|[upkeep]
|-damage|p2a: Calamity|8/100|[from] Sandstorm
|-heal|p1a: Excadrill|39/100|[from] item: Leftovers
|upkeep
|turn|18
|
|t:|1781017888
|move|p1a: Excadrill|Earthquake|p2a: Calamity
|-damage|p2a: Calamity|0 fnt
|faint|p2a: Calamity
|-end|p2a: Calamity|Quark Drive|[silent]
|
|win|Rj yoip
|raw|Rj yoip's rating: 1646 &rarr; <strong>1674</strong><br />(+28 for winning)
|raw|hawkins0's rating: 1797 &rarr; <strong>1769</strong><br />(-28 for losing)
|l|☆hawkins0
|player|p2|
|l|☆Rj yoip
|player|p1|
