|j|☆LowEL0God
|j|☆Rextrox
|t:|1781158098
|gametype|singles
|player|p1|LowEL0God|265|1515
|player|p2|Rextrox|birdkeeper-gen4dp|1597
|gen|9
|tier|[Gen 9] OU
|rated|
|rule|HP Percentage Mod: HP is shown in percentages
|rule|Endless Battle Clause: Forcing endless battles is banned
|rule|Species Clause: Limit one of each Pokémon
|rule|OHKO Clause: OHKO moves are banned
|rule|Evasion Items Clause: Evasion items are banned
|rule|Evasion Moves Clause: Evasion moves are banned
|rule|Evasion Abilities Clause: Evasion abilities are banned
|rule|Sleep Moves Clause: Sleep-inducing moves are banned
|clearpoke
|poke|p1|Pelipper, M|
|poke|p1|Torkoal, F|
|poke|p1|Walking Wake|
|poke|p1|Kyurem|
|poke|p1|Ninetales-Alola, F|
|poke|p1|Ogerpon-Wellspring, F|
|poke|p2|Eelektross, F|
|poke|p2|Deoxys-Speed|
|poke|p2|Iron Valiant|
|poke|p2|Pecharunt|
|poke|p2|Dragonite, M|
|poke|p2|Kingambit, F|
|teampreview
|c|☆LowEL0God|hf
|inactive|Battle timer is ON: inactive players will automatically lose when time's up. (requested by LowEL0God)
|
|t:|1781158107
|teamsize|p1|6
|teamsize|p2|6
|start
|switch|p1a: Ninetales|Ninetales-Alola, F|100/100
|switch|p2a: Deoxys|Deoxys-Speed|100/100
|-ability|p2a: Deoxys|Pressure
|-weather|Snowscape|[from] ability: Snow Warning|[of] p1a: Ninetales
|turn|1
|
|t:|1781158111
|move|p2a: Deoxys|Taunt|p1a: Ninetales
|-start|p1a: Ninetales|move: Taunt
|cant|p1a: Ninetales|move: Taunt|Aurora Veil
|
|-weather|Snowscape|[upkeep]
|upkeep
|turn|2
|
|t:|1781158116
|move|p2a: Deoxys|Light Screen|p2a: Deoxys
|-sidestart|p2: Rextrox|move: Light Screen
|move|p1a: Ninetales|Moonblast|p2a: Deoxys
|-damage|p2a: Deoxys|84/100
|
|-weather|Snowscape|[upkeep]
|upkeep
|turn|3
|
|t:|1781158119
|move|p2a: Deoxys|Stealth Rock|p1a: Ninetales
|-sidestart|p1: LowEL0God|move: Stealth Rock
|move|p1a: Ninetales|Moonblast|p2a: Deoxys
|-damage|p2a: Deoxys|66/100
|
|-weather|Snowscape|[upkeep]
|-end|p1a: Ninetales|move: Taunt
|upkeep
|turn|4
|
|t:|1781158121
|move|p2a: Deoxys|Taunt|p1a: Ninetales
|-start|p1a: Ninetales|move: Taunt
|cant|p1a: Ninetales|move: Taunt|Aurora Veil
|
|-weather|Snowscape|[upkeep]
|upkeep
|turn|5
|
|t:|1781158126
|move|p2a: Deoxys|Reflect|p2a: Deoxys
|-sidestart|p2: Rextrox|Reflect
|move|p1a: Ninetales|Moonblast|p2a: Deoxys
|-damage|p2a: Deoxys|50/100
|
|-weather|Snowscape|[upkeep]
|upkeep
|turn|6
|
|t:|1781158132
|switch|p2a: Pecharunt|Pecharunt|100/100
|move|p1a: Ninetales|Freeze-Dry|p2a: Pecharunt
|-damage|p2a: Pecharunt|90/100
|
|-weather|Snowscape|[upkeep]
|-end|p1a: Ninetales|move: Taunt
|upkeep
|turn|7
|
|t:|1781158137
|move|p1a: Ninetales|Aurora Veil|p1a: Ninetales
|-sidestart|p1: LowEL0God|move: Aurora Veil
|move|p2a: Pecharunt|Nasty Plot|p2a: Pecharunt
|-boost|p2a: Pecharunt|spa|2
|
|-weather|Snowscape|[upkeep]
|upkeep
|turn|8
|
|t:|1781158139
|move|p1a: Ninetales|Encore|p2a: Pecharunt
|-start|p2a: Pecharunt|Encore
|move|p2a: Pecharunt|Nasty Plot|p2a: Pecharunt
|-boost|p2a: Pecharunt|spa|2
|
|-weather|none
|upkeep
|turn|9
|
|t:|1781158143
|switch|p1a: Walking Wake|Walking Wake|100/100
|-damage|p1a: Walking Wake|88/100|[from] Stealth Rock
|switch|p2a: Deoxys|Deoxys-Speed|50/100
|-ability|p2a: Deoxys|Pressure
|
|-sideend|p2: Rextrox|move: Light Screen
|upkeep
|turn|10
|
|t:|1781158149
|move|p2a: Deoxys|Light Screen|p2a: Deoxys
|-sidestart|p2: Rextrox|move: Light Screen
|move|p1a: Walking Wake|Hydro Steam|p2a: Deoxys
|-damage|p2a: Deoxys|11/100
|
|upkeep
|turn|11
|j| pokemonlover-834
|l| pokemonlover-834
|
|t:|1781158154
|move|p2a: Deoxys|Stealth Rock||[still]
|-fail|p2a: Deoxys
|move|p1a: Walking Wake|Hydro Steam|p2a: Deoxys
|-damage|p2a: Deoxys|0 fnt
|faint|p2a: Deoxys
|
|-sideend|p1: LowEL0God|move: Aurora Veil
|upkeep
|
|t:|1781158164
|switch|p2a: Pecharunt|Pecharunt|90/100
|turn|12
|
|t:|1781158169
|move|p1a: Walking Wake|Hydro Steam|p2a: Pecharunt
|-damage|p2a: Pecharunt|62/100
|move|p2a: Pecharunt|Malignant Chain|p1a: Walking Wake
|-damage|p1a: Walking Wake|51/100
|
|-sideend|p2: Rextrox|Reflect
|upkeep
|turn|13
|
|t:|1781158174
|move|p1a: Walking Wake|Hydro Steam|p2a: Pecharunt
|-damage|p2a: Pecharunt|33/100
|move|p2a: Pecharunt|Nasty Plot|p2a: Pecharunt
|-boost|p2a: Pecharunt|spa|2
|
|upkeep
|turn|14
|
|t:|1781158175
|move|p1a: Walking Wake|Hydro Steam|p2a: Pecharunt
|-damage|p2a: Pecharunt|2/100
|move|p2a: Pecharunt|Malignant Chain|p1a: Walking Wake
|-damage|p1a: Walking Wake|0 fnt
|faint|p1a: Walking Wake
|-end|p1a: Walking Wake|Protosynthesis|[silent]
|
|upkeep
|
|t:|1781158176
|switch|p1a: Ogerpon|Ogerpon-Wellspring, F|100/100
|-damage|p1a: Ogerpon|88/100|[from] Stealth Rock
|turn|15
|
|t:|1781158183
|move|p1a: Ogerpon|Horn Leech|p2a: Pecharunt
|-resisted|p2a: Pecharunt
|-damage|p2a: Pecharunt|0 fnt
|-heal|p1a: Ogerpon|89/100|[from] drain|[of] p2a: Pecharunt
|faint|p2a: Pecharunt
|
|upkeep
|
|t:|1781158186
|switch|p2a: GG's|Eelektross, F|100/100
|turn|16
|
|t:|1781158189
|move|p1a: Ogerpon|Ivy Cudgel|p2a: GG's|[anim] Ivy Cudgel Water
|-damage|p2a: GG's|34/100
|move|p2a: GG's|Coil|p2a: GG's
|-boost|p2a: GG's|atk|1
|-boost|p2a: GG's|def|1
|-boost|p2a: GG's|accuracy|1
|
|-heal|p2a: GG's|41/100|[from] item: Leftovers
|upkeep
|turn|17
|
|t:|1781158196
|move|p1a: Ogerpon|Ivy Cudgel|p2a: GG's|[anim] Ivy Cudgel Water
|-damage|p2a: GG's|0 fnt
|faint|p2a: GG's
|
|-sideend|p2: Rextrox|move: Light Screen
|upkeep
|
|t:|1781158200
|switch|p2a: Iron Valiant|Iron Valiant|100/100
|-enditem|p2a: Iron Valiant|Booster Energy
|-activate|p2a: Iron Valiant|ability: Quark Drive|[fromitem]
|-start|p2a: Iron Valiant|quarkdrivespe
|turn|18
|
|t:|1781158213
|move|p2a: Iron Valiant|Moonblast|p1a: Ogerpon
|-damage|p1a: Ogerpon|36/100
|move|p1a: Ogerpon|Horn Leech|p2a: Iron Valiant
|-damage|p2a: Iron Valiant|41/100
|-heal|p1a: Ogerpon|65/100|[from] drain|[of] p2a: Iron Valiant
|
|upkeep
|turn|19
|
|t:|1781158221
|switch|p1a: Torkoal|Torkoal, F|100/100
|-damage|p1a: Torkoal|76/100|[from] Stealth Rock
|-weather|SunnyDay|[from] ability: Drought|[of] p1a: Torkoal
|move|p2a: Iron Valiant|Moonblast|p1a: Torkoal
|-resisted|p1a: Torkoal
|-damage|p1a: Torkoal|44/100
|
|-weather|SunnyDay|[upkeep]
|upkeep
|turn|20
|
|t:|1781158236
|-terastallize|p2a: Iron Valiant|Ghost
|move|p2a: Iron Valiant|Shadow Ball|p1a: Torkoal
|-damage|p1a: Torkoal|0 fnt
|faint|p1a: Torkoal
|
|-weather|SunnyDay|[upkeep]
|upkeep
|
|t:|1781158237
|switch|p1a: Ninetales|Ninetales-Alola, F|100/100
|-damage|p1a: Ninetales|76/100|[from] Stealth Rock
|-weather|Snowscape|[from] ability: Snow Warning|[of] p1a: Ninetales
|turn|21
|
|t:|1781158256
|move|p2a: Iron Valiant|Shadow Ball|p1a: Ninetales
|-damage|p1a: Ninetales|39/100
|-unboost|p1a: Ninetales|spd|1
|move|p1a: Ninetales|Aurora Veil|p1a: Ninetales
|-sidestart|p1: LowEL0God|move: Aurora Veil
|
|-weather|Snowscape|[upkeep]
|upkeep
|turn|22
|
|t:|1781158262
|move|p2a: Iron Valiant|Encore|p1a: Ninetales
|-start|p1a: Ninetales|Encore
|move|p1a: Ninetales|Aurora Veil||[still]
|-fail|p1a: Ninetales
|
|-weather|Snowscape|[upkeep]
|upkeep
|turn|23
|
|t:|1781158264
|switch|p1a: Kyurem|Kyurem|100/100
|-damage|p1a: Kyurem|76/100|[from] Stealth Rock
|-ability|p1a: Kyurem|Pressure
|move|p2a: Iron Valiant|Calm Mind|p2a: Iron Valiant
|-boost|p2a: Iron Valiant|spa|1
|-boost|p2a: Iron Valiant|spd|1
|
|-weather|Snowscape|[upkeep]
|upkeep
|turn|24
|
|t:|1781158266
|move|p2a: Iron Valiant|Moonblast|p1a: Kyurem
|-supereffective|p1a: Kyurem
|-damage|p1a: Kyurem|3/100
|move|p1a: Kyurem|Icicle Spear|p2a: Iron Valiant
|-damage|p2a: Iron Valiant|22/100
|-damage|p2a: Iron Valiant|3/100
|-damage|p2a: Iron Valiant|0 fnt
|faint|p2a: Iron Valiant
|-end|p2a: Iron Valiant|Quark Drive|[silent]
|-hitcount|p2: Iron Valiant|3
|
|-weather|Snowscape|[upkeep]
|upkeep
|
|t:|1781158273
|switch|p2a: Dragonite|Dragonite, M|100/100
|turn|25
|
|t:|1781158276
|move|p2a: Dragonite|Extreme Speed|p1a: Kyurem
|-damage|p1a: Kyurem|0 fnt
|faint|p1a: Kyurem
|
|-weather|Snowscape|[upkeep]
|-sideend|p1: LowEL0God|move: Aurora Veil
|upkeep
|
|t:|1781158278
|switch|p1a: Hurricane Spam|Pelipper, M, shiny|100/100
|-damage|p1a: Hurricane Spam|76/100|[from] Stealth Rock
|-weather|RainDance|[from] ability: Drizzle|[of] p1a: Hurricane Spam
|turn|26
|
|t:|1781158297
|move|p2a: Dragonite|Dragon Dance|p2a: Dragonite
|-boost|p2a: Dragonite|atk|1
|-boost|p2a: Dragonite|spe|1
|move|p1a: Hurricane Spam|Hurricane|p2a: Dragonite
|-damage|p2a: Dragonite|61/100
|-start|p2a: Dragonite|confusion
|
|-weather|RainDance|[upkeep]
|upkeep
|turn|27
|
|t:|1781158301
|-activate|p2a: Dragonite|confusion
|move|p2a: Dragonite|Extreme Speed|p1a: Hurricane Spam
|-damage|p1a: Hurricane Spam|26/100
|move|p1a: Hurricane Spam|Hurricane|p2a: Dragonite
|-damage|p2a: Dragonite|0 fnt
|faint|p2a: Dragonite
|
|-weather|RainDance|[upkeep]
|upkeep
|
|t:|1781158304
|switch|p2a: Kingambit|Kingambit, F|100/100
|-activate|p2a: Kingambit|ability: Supreme Overlord
|-start|p2a: Kingambit|fallen5|[silent]
|turn|28
|
|t:|1781158309
|move|p1a: Hurricane Spam|Hurricane|p2a: Kingambit
|-resisted|p2a: Kingambit
|-damage|p2a: Kingambit|64/100
|-start|p2a: Kingambit|confusion
|-enditem|p2a: Kingambit|Lum Berry|[eat]
|-end|p2a: Kingambit|confusion
|move|p2a: Kingambit|Kowtow Cleave|p1a: Hurricane Spam
|-damage|p1a: Hurricane Spam|0 fnt
|faint|p1a: Hurricane Spam
|
|-weather|RainDance|[upkeep]
|upkeep
|
|t:|1781158313
|switch|p1a: Ninetales|Ninetales-Alola, F|39/100
|-damage|p1a: Ninetales|14/100|[from] Stealth Rock
|-weather|Snowscape|[from] ability: Snow Warning|[of] p1a: Ninetales
|turn|29
|
|t:|1781158316
|-terastallize|p1a: Ninetales|Water
|move|p1a: Ninetales|Moonblast|p2a: Kingambit
|-damage|p2a: Kingambit|38/100
|move|p2a: Kingambit|Kowtow Cleave|p1a: Ninetales
|-damage|p1a: Ninetales|0 fnt
|faint|p1a: Ninetales
|
|-weather|Snowscape|[upkeep]
|upkeep
|
|t:|1781158320
|switch|p1a: Ogerpon|Ogerpon-Wellspring, F|65/100
|-damage|p1a: Ogerpon|52/100|[from] Stealth Rock
|turn|30
|
|t:|1781158328
|move|p2a: Kingambit|Sucker Punch||[still]
|-fail|p2a: Kingambit
|move|p1a: Ogerpon|Swords Dance|p1a: Ogerpon
|-boost|p1a: Ogerpon|atk|2
|
|-weather|Snowscape|[upkeep]
|upkeep
|turn|31
|
|t:|1781158331
|move|p2a: Kingambit|Sucker Punch||[still]
|-fail|p2a: Kingambit
|move|p1a: Ogerpon|Swords Dance|p1a: Ogerpon
|-boost|p1a: Ogerpon|atk|2
|
|-weather|Snowscape|[upkeep]
|upkeep
|turn|32
|
|t:|1781158333
|move|p1a: Ogerpon|Swords Dance|p1a: Ogerpon
|-boost|p1a: Ogerpon|atk|2
|move|p2a: Kingambit|Kowtow Cleave|p1a: Ogerpon
|-damage|p1a: Ogerpon|0 fnt
|faint|p1a: Ogerpon
|
|win|Rextrox
|raw|LowEL0God's rating: 1515 &rarr; <strong>1500</strong><br />(-15 for losing)
|raw|Rextrox's rating: 1597 &rarr; <strong>1612</strong><br />(+15 for winning)
|l|☆Rextrox
|player|p2|
|c|☆LowEL0God|gg
|l|☆LowEL0God
|player|p1|
