|j|☆lord shiddenfards
|j|☆my2005
|t:|1781252205
|gametype|singles
|player|p1|lord shiddenfards|blaine|1643
|player|p2|my2005|170|1629
|gen|9
|tier|[Gen 9] OU
|rated|
|rule|HP Percentage Mod: HP is shown in percentages
|rule|Endless Battle Clause: Forcing endless battles is banned
|rule|Species Clause: Limit one of each Pokémon
|rule|OHKO Clause: OHKO moves are banned
|rule|Evasion Items Clause: Evasion items are banned
|rule|Evasion Moves Clause: Evasion moves are banned
|rule|Evasion Abilities Clause: Evasion abilities are banned
|rule|Sleep Moves Clause: Sleep-inducing moves are banned
|clearpoke
|poke|p1|Ninetales, F|
|poke|p1|Great Tusk|
|poke|p1|Slither Wing|
|poke|p1|Alomomola, M|
|poke|p1|Iron Moth|
|poke|p1|Raging Bolt|
|poke|p2|Slowking-Galar, M|
|poke|p2|Whimsicott, M|
|poke|p2|Kyurem|
|poke|p2|Cinderace, M|
|poke|p2|Alomomola, M|
|poke|p2|Gliscor, F|
|teampreview
|inactive|Battle timer is ON: inactive players will automatically lose when time's up. (requested by my2005)
|
|t:|1781252224
|teamsize|p1|6
|teamsize|p2|6
|start
|switch|p1a: Slither Wing|Slither Wing|100/100
|switch|p2a: Kyurem|Kyurem|100/100
|-ability|p2a: Kyurem|Pressure
|turn|1
|
|t:|1781252227
|move|p2a: Kyurem|Protect|p2a: Kyurem
|-singleturn|p2a: Kyurem|Protect
|move|p1a: Slither Wing|Close Combat|p2a: Kyurem
|-activate|p2a: Kyurem|move: Protect
|
|upkeep
|turn|2
|
|t:|1781252235
|switch|p2a: Alomomola|Alomomola, M|100/100
|move|p1a: Slither Wing|Close Combat|p2a: Alomomola
|-damage|p2a: Alomomola|42/100
|-unboost|p1a: Slither Wing|def|1
|-unboost|p1a: Slither Wing|spd|1
|-damage|p1a: Slither Wing|84/100|[from] item: Rocky Helmet|[of] p2a: Alomomola
|
|upkeep
|turn|3
|
|t:|1781252238
|move|p2a: Alomomola|Protect|p2a: Alomomola
|-singleturn|p2a: Alomomola|Protect
|move|p1a: Slither Wing|Close Combat|p2a: Alomomola
|-activate|p2a: Alomomola|move: Protect
|
|upkeep
|turn|4
|
|t:|1781252240
|switch|p2a: Slowking|Slowking-Galar, M|100/100
|move|p1a: Slither Wing|Close Combat|p2a: Slowking
|-resisted|p2a: Slowking
|-damage|p2a: Slowking|74/100
|-unboost|p1a: Slither Wing|def|1
|-unboost|p1a: Slither Wing|spd|1
|
|upkeep
|turn|5
|j| xP Envy
|
|t:|1781252245
|-end|p1a: Slither Wing|Protosynthesis|[silent]
|switch|p1a: Raging Bolt|Raging Bolt|100/100
|move|p2a: Slowking|Sludge Wave|p1a: Raging Bolt
|-damage|p1a: Raging Bolt|74/100
|
|upkeep
|turn|6
|
|t:|1781252252
|move|p1a: Raging Bolt|Volt Switch|p2a: Slowking
|-damage|p2a: Slowking|49/100
|
|t:|1781252256
|-end|p1a: Raging Bolt|Protosynthesis|[silent]
|switch|p1a: Slither Wing|Slither Wing|84/100|[from] Volt Switch
|move|p2a: Slowking|Ice Beam|p1a: Slither Wing
|-damage|p1a: Slither Wing|55/100
|
|upkeep
|turn|7
|l| xP Envy
|
|t:|1781252263
|switch|p2a: Alomomola|Alomomola, M|75/100
|move|p1a: Slither Wing|U-turn|p2a: Alomomola
|-damage|p2a: Alomomola|41/100
|-damage|p1a: Slither Wing|39/100|[from] item: Rocky Helmet|[of] p2a: Alomomola
|
|t:|1781252267
|-end|p1a: Slither Wing|Protosynthesis|[silent]
|switch|p1a: Raging Bolt|Raging Bolt|74/100|[from] U-turn
|
|upkeep
|turn|8
|j| caffineoverdosed
|l| caffineoverdosed
|
|t:|1781252272
|move|p2a: Alomomola|Protect|p2a: Alomomola
|-singleturn|p2a: Alomomola|Protect
|move|p1a: Raging Bolt|Draco Meteor|p2a: Alomomola
|-activate|p2a: Alomomola|move: Protect
|
|upkeep
|turn|9
|
|t:|1781252278
|switch|p2a: Whimsicott|Whimsicott, M|100/100
|move|p1a: Raging Bolt|Volt Switch|p2a: Whimsicott
|-resisted|p2a: Whimsicott
|-damage|p2a: Whimsicott|72/100
|
|t:|1781252284
|-end|p1a: Raging Bolt|Protosynthesis|[silent]
|switch|p1a: Slither Wing|Slither Wing|39/100|[from] Volt Switch
|
|-heal|p2a: Whimsicott|79/100|[from] item: Leftovers
|upkeep
|turn|10
|
|t:|1781252289
|move|p1a: Slither Wing|First Impression|p2a: Whimsicott
|-damage|p2a: Whimsicott|15/100
|move|p2a: Whimsicott|Substitute|p2a: Whimsicott
|-fail|p2a: Whimsicott|move: Substitute|[weak]
|
|-heal|p2a: Whimsicott|22/100|[from] item: Leftovers
|upkeep
|turn|11
|
|t:|1781252298
|-end|p1a: Slither Wing|Protosynthesis|[silent]
|switch|p1a: Ninetales|Ninetales, F|100/100
|-weather|SunnyDay|[from] ability: Drought|[of] p1a: Ninetales
|move|p2a: Whimsicott|Leech Seed|p1a: Ninetales
|-start|p1a: Ninetales|move: Leech Seed
|
|-weather|SunnyDay|[upkeep]
|-heal|p2a: Whimsicott|28/100|[from] item: Leftovers
|-damage|p1a: Ninetales|88/100|[from] Leech Seed|[of] p2a: Whimsicott
|-heal|p2a: Whimsicott|39/100|[silent]
|upkeep
|turn|12
|
|t:|1781252315
|switch|p1a: Raging Bolt|Raging Bolt|74/100
|-activate|p1a: Raging Bolt|ability: Protosynthesis
|-start|p1a: Raging Bolt|protosynthesisspa
|move|p2a: Whimsicott|Substitute|p2a: Whimsicott
|-start|p2a: Whimsicott|Substitute
|-damage|p2a: Whimsicott|14/100
|
|-weather|SunnyDay|[upkeep]
|-heal|p2a: Whimsicott|20/100|[from] item: Leftovers
|upkeep
|turn|13
|
|t:|1781252320
|move|p2a: Whimsicott|Leech Seed|p1a: Raging Bolt
|-start|p1a: Raging Bolt|move: Leech Seed
|move|p1a: Raging Bolt|Volt Switch|p2a: Whimsicott
|-resisted|p2a: Whimsicott
|-end|p2a: Whimsicott|Substitute
|
|t:|1781252323
|-end|p1a: Raging Bolt|Protosynthesis|[silent]
|switch|p1a: Slither Wing|Slither Wing|39/100|[from] Volt Switch
|-activate|p1a: Slither Wing|ability: Protosynthesis
|-start|p1a: Slither Wing|protosynthesisatk
|
|-weather|SunnyDay|[upkeep]
|-heal|p2a: Whimsicott|26/100|[from] item: Leftovers
|upkeep
|turn|14
|
|t:|1781252334
|switch|p2a: Alomomola|Alomomola, M|74/100
|move|p1a: Slither Wing|First Impression|p2a: Alomomola
|-damage|p2a: Alomomola|18/100
|-damage|p1a: Slither Wing|23/100|[from] item: Rocky Helmet|[of] p2a: Alomomola
|
|-weather|SunnyDay|[upkeep]
|upkeep
|turn|15
|
|t:|1781252341
|-end|p1a: Slither Wing|Protosynthesis|[silent]
|switch|p1a: Raging Bolt|Raging Bolt|74/100
|-activate|p1a: Raging Bolt|ability: Protosynthesis
|-start|p1a: Raging Bolt|protosynthesisspa
|move|p2a: Alomomola|Wish|p2a: Alomomola
|
|-weather|none
|-end|p1a: Raging Bolt|Protosynthesis
|upkeep
|turn|16
|
|t:|1781252345
|move|p2a: Alomomola|Protect|p2a: Alomomola
|-singleturn|p2a: Alomomola|Protect
|move|p1a: Raging Bolt|Volt Switch|p2a: Alomomola
|-activate|p2a: Alomomola|move: Protect
|
|-heal|p2a: Alomomola|68/100|[from] move: Wish|[wisher] Alomomola
|upkeep
|turn|17
|
|t:|1781252349
|switch|p2a: Slowking|Slowking-Galar, M|82/100
|move|p1a: Raging Bolt|Draco Meteor|p2a: Slowking
|-damage|p2a: Slowking|41/100
|-unboost|p1a: Raging Bolt|spa|2
|
|upkeep
|turn|18
|
|t:|1781252352
|switch|p2a: Alomomola|Alomomola, M|100/100
|move|p1a: Raging Bolt|Volt Switch|p2a: Alomomola
|-supereffective|p2a: Alomomola
|-damage|p2a: Alomomola|47/100
|
|t:|1781252360
|-end|p1a: Raging Bolt|Protosynthesis|[silent]
|switch|p1a: Alomomola|Alomomola, M|100/100|[from] Volt Switch
|
|upkeep
|turn|19
|
|t:|1781252365
|move|p1a: Alomomola|Wish|p1a: Alomomola
|move|p2a: Alomomola|Wish|p2a: Alomomola
|
|upkeep
|turn|20
|
|t:|1781252372
|move|p1a: Alomomola|Flip Turn|p2a: Alomomola
|-resisted|p2a: Alomomola
|-damage|p2a: Alomomola|43/100
|-damage|p1a: Alomomola|84/100|[from] item: Rocky Helmet|[of] p2a: Alomomola
|
|t:|1781252377
|switch|p1a: Slither Wing|Slither Wing|23/100|[from] Flip Turn
|move|p2a: Alomomola|Flip Turn|p1a: Slither Wing
|-damage|p1a: Slither Wing|1/100
|
|t:|1781252381
|switch|p2a: Whimsicott|Whimsicott, M|26/100|[from] Flip Turn
|
|-heal|p2a: Whimsicott|100/100|[from] move: Wish|[wisher] Alomomola
|-heal|p1a: Slither Wing|79/100|[from] move: Wish|[wisher] Alomomola
|upkeep
|turn|21
|
|t:|1781252393
|switch|p2a: Gliscor|Gliscor, F|100/100
|move|p1a: Slither Wing|First Impression|p2a: Gliscor
|-resisted|p2a: Gliscor
|-damage|p2a: Gliscor|68/100
|
|-status|p2a: Gliscor|tox|[from] item: Toxic Orb
|upkeep
|turn|22
|
|t:|1781252399
|-end|p1a: Slither Wing|Protosynthesis|[silent]
|switch|p1a: Great Tusk|Great Tusk|100/100
|move|p2a: Gliscor|Spikes|p1a: Great Tusk
|-sidestart|p1: lord shiddenfards|Spikes
|
|-heal|p2a: Gliscor|81/100 tox|[from] ability: Poison Heal
|upkeep
|turn|23
|
|t:|1781252406
|switch|p2a: Alomomola|Alomomola, M|76/100
|move|p1a: Great Tusk|Bulk Up|p1a: Great Tusk
|-boost|p1a: Great Tusk|atk|1
|-boost|p1a: Great Tusk|def|1
|
|upkeep
|turn|24
|
|t:|1781252410
|move|p1a: Great Tusk|Rapid Spin|p2a: Alomomola
|-damage|p2a: Alomomola|64/100
|-boost|p1a: Great Tusk|spe|1
|-damage|p1a: Great Tusk|84/100|[from] item: Rocky Helmet|[of] p2a: Alomomola
|-sideend|p1: lord shiddenfards|Spikes|[from] move: Rapid Spin|[of] p1a: Great Tusk
|move|p2a: Alomomola|Flip Turn|p1a: Great Tusk
|-supereffective|p1a: Great Tusk
|-damage|p1a: Great Tusk|69/100
|
|t:|1781252416
|switch|p2a: Whimsicott|Whimsicott, M|100/100|[from] Flip Turn
|
|upkeep
|turn|25
|
|t:|1781252422
|move|p2a: Whimsicott|Encore|p1a: Great Tusk
|-start|p1a: Great Tusk|Encore
|move|p1a: Great Tusk|Rapid Spin|p2a: Whimsicott
|-damage|p2a: Whimsicott|82/100
|-boost|p1a: Great Tusk|spe|1
|
|-heal|p2a: Whimsicott|88/100|[from] item: Leftovers
|upkeep
|turn|26
|
|t:|1781252433
|-end|p1a: Great Tusk|Protosynthesis|[silent]
|switch|p1a: Ninetales|Ninetales, F|88/100
|-weather|SunnyDay|[from] ability: Drought|[of] p1a: Ninetales
|move|p2a: Whimsicott|Leech Seed|p1a: Ninetales
|-start|p1a: Ninetales|move: Leech Seed
|
|-weather|SunnyDay|[upkeep]
|-heal|p2a: Whimsicott|94/100|[from] item: Leftovers
|-damage|p1a: Ninetales|76/100|[from] Leech Seed|[of] p2a: Whimsicott
|-heal|p2a: Whimsicott|100/100|[silent]
|upkeep
|turn|27
|
|t:|1781252458
|switch|p1a: Raging Bolt|Raging Bolt|74/100
|-activate|p1a: Raging Bolt|ability: Protosynthesis
|-start|p1a: Raging Bolt|protosynthesisspa
|switch|p2a: Kyurem|Kyurem|100/100
|-ability|p2a: Kyurem|Pressure
|
|-weather|SunnyDay|[upkeep]
|upkeep
|turn|28
|
|t:|1781252470
|move|p2a: Kyurem|Substitute|p2a: Kyurem
|-start|p2a: Kyurem|Substitute
|-damage|p2a: Kyurem|76/100
|move|p1a: Raging Bolt|Weather Ball|p2a: Kyurem
|-end|p2a: Kyurem|Substitute
|
|-weather|SunnyDay|[upkeep]
|-heal|p2a: Kyurem|82/100|[from] item: Leftovers
|upkeep
|turn|29
|
|t:|1781252476
|move|p2a: Kyurem|Protect|p2a: Kyurem
|-singleturn|p2a: Kyurem|Protect
|move|p1a: Raging Bolt|Weather Ball|p2a: Kyurem
|-activate|p2a: Kyurem|move: Protect
|
|-weather|SunnyDay|[upkeep]
|-heal|p2a: Kyurem|88/100|[from] item: Leftovers
|upkeep
|turn|30
|
|t:|1781252484
|move|p2a: Kyurem|Substitute|p2a: Kyurem
|-start|p2a: Kyurem|Substitute
|-damage|p2a: Kyurem|63/100
|move|p1a: Raging Bolt|Volt Switch|p2a: Kyurem
|-resisted|p2a: Kyurem
|-end|p2a: Kyurem|Substitute
|
|t:|1781252488
|-end|p1a: Raging Bolt|Protosynthesis|[silent]
|switch|p1a: Slither Wing|Slither Wing|79/100|[from] Volt Switch
|-activate|p1a: Slither Wing|ability: Protosynthesis
|-start|p1a: Slither Wing|protosynthesisatk
|
|-weather|none
|-end|p1a: Slither Wing|Protosynthesis
|-heal|p2a: Kyurem|69/100|[from] item: Leftovers
|upkeep
|turn|31
|
|t:|1781252493
|move|p2a: Kyurem|Protect|p2a: Kyurem
|-singleturn|p2a: Kyurem|Protect
|move|p1a: Slither Wing|U-turn|p2a: Kyurem
|-activate|p2a: Kyurem|move: Protect
|
|-heal|p2a: Kyurem|75/100|[from] item: Leftovers
|upkeep
|turn|32
|
|t:|1781252502
|switch|p2a: Alomomola|Alomomola, M|98/100
|move|p1a: Slither Wing|U-turn|p2a: Alomomola
|-damage|p2a: Alomomola|64/100
|-damage|p1a: Slither Wing|62/100|[from] item: Rocky Helmet|[of] p2a: Alomomola
|c|☆lord shiddenfards|gross team dude
|c|☆lord shiddenfards|why do u hate fun?
|
|t:|1781252528
|-end|p1a: Slither Wing|Protosynthesis|[silent]
|switch|p1a: Raging Bolt|Raging Bolt|74/100|[from] U-turn
|
|upkeep
|turn|33
|
|t:|1781252533
|switch|p2a: Whimsicott|Whimsicott, M|100/100
|move|p1a: Raging Bolt|Weather Ball|p2a: Whimsicott
|-damage|p2a: Whimsicott|76/100
|
|-heal|p2a: Whimsicott|82/100|[from] item: Leftovers
|upkeep
|turn|34
|
|t:|1781252537
|move|p2a: Whimsicott|Leech Seed|p1a: Raging Bolt
|-start|p1a: Raging Bolt|move: Leech Seed
|move|p1a: Raging Bolt|Volt Switch|p2a: Whimsicott
|-resisted|p2a: Whimsicott
|-damage|p2a: Whimsicott|54/100
|
|t:|1781252540
|-end|p1a: Raging Bolt|Protosynthesis|[silent]
|switch|p1a: Slither Wing|Slither Wing|62/100|[from] Volt Switch
|
|-heal|p2a: Whimsicott|60/100|[from] item: Leftovers
|upkeep
|turn|35
|
|t:|1781252543
|switch|p2a: Alomomola|Alomomola, M|98/100
|move|p1a: Slither Wing|First Impression|p2a: Alomomola
|-damage|p2a: Alomomola|56/100
|-damage|p1a: Slither Wing|46/100|[from] item: Rocky Helmet|[of] p2a: Alomomola
|
|upkeep
|turn|36
|
|t:|1781252550
|-end|p1a: Slither Wing|Protosynthesis|[silent]
|switch|p1a: Alomomola|Alomomola, M|100/100
|move|p2a: Alomomola|Flip Turn|p1a: Alomomola
|-resisted|p1a: Alomomola
|-damage|p1a: Alomomola|95/100
|-enditem|p1a: Alomomola|Eject Button
|
|t:|1781252555
|switch|p1a: Raging Bolt|Raging Bolt|74/100
|
|upkeep
|turn|37
|
|t:|1781252561
|switch|p2a: Slowking|Slowking-Galar, M|74/100
|move|p1a: Raging Bolt|Volt Switch|p2a: Slowking
|-damage|p2a: Slowking|52/100
|
|t:|1781252572
|-end|p1a: Raging Bolt|Protosynthesis|[silent]
|switch|p1a: Great Tusk|Great Tusk|69/100|[from] Volt Switch
|
|upkeep
|turn|38
|
|t:|1781252575
|switch|p2a: Alomomola|Alomomola, M|89/100
|move|p1a: Great Tusk|Ice Spinner|p2a: Alomomola
|-resisted|p2a: Alomomola
|-damage|p2a: Alomomola|83/100
|-damage|p1a: Great Tusk|52/100|[from] item: Rocky Helmet|[of] p2a: Alomomola
|
|upkeep
|turn|39
|
|t:|1781252579
|-end|p1a: Great Tusk|Protosynthesis|[silent]
|switch|p1a: Raging Bolt|Raging Bolt|74/100
|move|p2a: Alomomola|Flip Turn|p1a: Raging Bolt
|-resisted|p1a: Raging Bolt
|-damage|p1a: Raging Bolt|67/100
|
|t:|1781252588
|switch|p2a: Kyurem|Kyurem|75/100|[from] Flip Turn
|-ability|p2a: Kyurem|Pressure
|
|-heal|p2a: Kyurem|81/100|[from] item: Leftovers
|upkeep
|turn|40
|
|t:|1781252597
|move|p2a: Kyurem|Substitute|p2a: Kyurem
|-start|p2a: Kyurem|Substitute
|-damage|p2a: Kyurem|56/100
|move|p1a: Raging Bolt|Volt Switch|p2a: Kyurem
|-resisted|p2a: Kyurem
|-activate|p2a: Kyurem|move: Substitute|[damage]
|
|t:|1781252600
|-end|p1a: Raging Bolt|Protosynthesis|[silent]
|switch|p1a: Ninetales|Ninetales, F|76/100|[from] Volt Switch
|-weather|SunnyDay|[from] ability: Drought|[of] p1a: Ninetales
|
|-weather|SunnyDay|[upkeep]
|-heal|p2a: Kyurem|62/100|[from] item: Leftovers
|upkeep
|turn|41
|
|t:|1781252604
|move|p2a: Kyurem|Protect|p2a: Kyurem
|-singleturn|p2a: Kyurem|Protect
|move|p1a: Ninetales|Weather Ball|p2a: Kyurem
|-activate|p2a: Kyurem|move: Protect
|
|-weather|SunnyDay|[upkeep]
|-heal|p2a: Kyurem|68/100|[from] item: Leftovers
|upkeep
|turn|42
|
|t:|1781252607
|move|p1a: Ninetales|Weather Ball|p2a: Kyurem
|-end|p2a: Kyurem|Substitute
|move|p2a: Kyurem|Earth Power|p1a: Ninetales
|-supereffective|p1a: Ninetales
|-damage|p1a: Ninetales|0 fnt
|faint|p1a: Ninetales
|
|-weather|SunnyDay|[upkeep]
|-heal|p2a: Kyurem|74/100|[from] item: Leftovers
|upkeep
|
|t:|1781252623
|switch|p1a: Slither Wing|Slither Wing|46/100
|-activate|p1a: Slither Wing|ability: Protosynthesis
|-start|p1a: Slither Wing|protosynthesisatk
|turn|43
|inactive|my2005 has 120 seconds left.
|
|t:|1781252668
|move|p2a: Kyurem|Protect|p2a: Kyurem
|-singleturn|p2a: Kyurem|Protect
|move|p1a: Slither Wing|U-turn|p2a: Kyurem
|-activate|p2a: Kyurem|move: Protect
|
|-weather|SunnyDay|[upkeep]
|-heal|p2a: Kyurem|80/100|[from] item: Leftovers
|upkeep
|turn|44
|
|t:|1781252674
|switch|p2a: Alomomola|Alomomola, M|100/100
|move|p1a: Slither Wing|U-turn|p2a: Alomomola
|-damage|p2a: Alomomola|58/100
|-damage|p1a: Slither Wing|29/100|[from] item: Rocky Helmet|[of] p2a: Alomomola
|
|t:|1781252676
|-end|p1a: Slither Wing|Protosynthesis|[silent]
|switch|p1a: Raging Bolt|Raging Bolt|67/100|[from] U-turn
|-activate|p1a: Raging Bolt|ability: Protosynthesis
|-start|p1a: Raging Bolt|protosynthesisspa
|
|-weather|none
|-end|p1a: Raging Bolt|Protosynthesis
|upkeep
|turn|45
|
|t:|1781252681
|move|p2a: Alomomola|Protect|p2a: Alomomola
|-singleturn|p2a: Alomomola|Protect
|move|p1a: Raging Bolt|Volt Switch|p2a: Alomomola
|-activate|p2a: Alomomola|move: Protect
|
|upkeep
|turn|46
|
|t:|1781252687
|switch|p2a: Slowking|Slowking-Galar, M|85/100
|move|p1a: Raging Bolt|Draco Meteor|p2a: Slowking
|-damage|p2a: Slowking|41/100
|-unboost|p1a: Raging Bolt|spa|2
|
|upkeep
|turn|47
|
|t:|1781252694
|switch|p2a: Gliscor|Gliscor, F|81/100 tox
|move|p1a: Raging Bolt|Volt Switch|p2a: Gliscor
|-immune|p2a: Gliscor
|
|-heal|p2a: Gliscor|93/100 tox|[from] ability: Poison Heal
|upkeep
|turn|48
|-message|lord shiddenfards forfeited.
|
|win|my2005
|raw|lord shiddenfards's rating: 1643 &rarr; <strong>1622</strong><br />(-21 for losing)
|raw|my2005's rating: 1629 &rarr; <strong>1650</strong><br />(+21 for winning)
|l|☆lord shiddenfards
|player|p1|
|l|☆my2005
|player|p2|
