|j|☆la5495
|j|☆VraiKhey
|t:|1781071263
|gametype|singles
|player|p1|la5495|bugcatcher-gen4dp|1603
|player|p2|VraiKhey|red|1559
|gen|9
|tier|[Gen 9] OU
|rated|
|rule|HP Percentage Mod: HP is shown in percentages
|rule|Endless Battle Clause: Forcing endless battles is banned
|rule|Species Clause: Limit one of each Pokémon
|rule|OHKO Clause: OHKO moves are banned
|rule|Evasion Items Clause: Evasion items are banned
|rule|Evasion Moves Clause: Evasion moves are banned
|rule|Evasion Abilities Clause: Evasion abilities are banned
|rule|Sleep Moves Clause: Sleep-inducing moves are banned
|clearpoke
|poke|p1|Ogerpon-Wellspring, F|
|poke|p1|Pecharunt|
|poke|p1|Great Tusk|
|poke|p1|Iron Crown|
|poke|p1|Landorus-Therian, M|
|poke|p1|Samurott-Hisui, F|
|poke|p2|Glimmora, M|
|poke|p2|Great Tusk|
|poke|p2|Scizor, F|
|poke|p2|Raging Bolt|
|poke|p2|Corviknight, M|
|poke|p2|Primarina, F|
|teampreview
|inactive|Battle timer is ON: inactive players will automatically lose when time's up. (requested by VraiKhey)
|inactive|la5495 also wants the timer to be on.
|
|t:|1781071268
|teamsize|p1|6
|teamsize|p2|6
|start
|switch|p1a: Iron Crown|Iron Crown|100/100
|switch|p2a: Glimmora|Glimmora, M|100/100
|turn|1
|
|t:|1781071275
|switch|p2a: Raging Bolt|Raging Bolt|100/100
|-enditem|p2a: Raging Bolt|Booster Energy
|-activate|p2a: Raging Bolt|ability: Protosynthesis|[fromitem]
|-start|p2a: Raging Bolt|protosynthesisspa
|move|p1a: Iron Crown|Tachyon Cutter|p2a: Raging Bolt
|-resisted|p2a: Raging Bolt
|-damage|p2a: Raging Bolt|84/100
|-resisted|p2a: Raging Bolt
|-damage|p2a: Raging Bolt|69/100
|-hitcount|p2a: Raging Bolt|2
|
|upkeep
|turn|2
|
|t:|1781071291
|-end|p1a: Iron Crown|Quark Drive|[silent]
|switch|p1a: Samurott|Samurott-Hisui, F|100/100
|move|p2a: Raging Bolt|Draco Meteor|p1a: Samurott
|-damage|p1a: Samurott|9/100
|-unboost|p2a: Raging Bolt|spa|2
|
|upkeep
|turn|3
|
|t:|1781071305
|move|p2a: Raging Bolt|Thunderclap|p1a: Samurott
|-supereffective|p1a: Samurott
|-damage|p1a: Samurott|0 fnt
|faint|p1a: Samurott
|
|upkeep
|
|t:|1781071315
|switch|p1a: Landorus|Landorus-Therian, M|100/100
|-ability|p1a: Landorus|Intimidate|boost
|-unboost|p2a: Raging Bolt|atk|1
|turn|4
|
|t:|1781071320
|-end|p2a: Raging Bolt|Protosynthesis|[silent]
|switch|p2a: Great Tusk|Great Tusk|100/100
|move|p1a: Landorus|Stealth Rock|p2a: Great Tusk
|-sidestart|p2: VraiKhey|move: Stealth Rock
|
|upkeep
|turn|5
|
|t:|1781071323
|switch|p1a: Pecharunt|Pecharunt|100/100
|move|p2a: Great Tusk|Knock Off|p1a: Pecharunt
|-supereffective|p1a: Pecharunt
|-damage|p1a: Pecharunt|70/100
|-damage|p2a: Great Tusk|84/100|[from] item: Rocky Helmet|[of] p1a: Pecharunt
|-enditem|p1a: Pecharunt|Rocky Helmet|[from] move: Knock Off|[of] p2a: Great Tusk
|
|upkeep
|turn|6
|
|t:|1781071331
|-end|p2a: Great Tusk|Protosynthesis|[silent]
|switch|p2a: Corviknight|Corviknight, M|100/100
|-damage|p2a: Corviknight|88/100|[from] Stealth Rock
|move|p1a: Pecharunt|Recover|p1a: Pecharunt
|-heal|p1a: Pecharunt|100/100
|
|upkeep
|turn|7
|
|t:|1781071336
|move|p1a: Pecharunt|Parting Shot|p2a: Corviknight
|-ability|p2a: Corviknight|Mirror Armor
|-unboost|p1a: Pecharunt|atk|1
|-ability|p2a: Corviknight|Mirror Armor
|-unboost|p1a: Pecharunt|spa|1
|
|t:|1781071352
|switch|p1a: Ogerpon|Ogerpon-Wellspring, F|100/100|[from] Parting Shot
|move|p2a: Corviknight|Defog|p1a: Ogerpon
|-unboost|p1a: Ogerpon|evasion|1
|-sideend|p2: VraiKhey|Stealth Rock|[from] move: Defog|[of] p2a: Corviknight
|
|upkeep
|turn|8
|
|t:|1781071361
|move|p1a: Ogerpon|Ivy Cudgel|p2a: Corviknight|[anim] Ivy Cudgel Water
|-damage|p2a: Corviknight|47/100
|move|p2a: Corviknight|Iron Defense|p2a: Corviknight
|-boost|p2a: Corviknight|def|2
|
|upkeep
|turn|9
|
|t:|1781071368
|switch|p1a: Iron Crown|Iron Crown|100/100
|move|p2a: Corviknight|Body Press|p1a: Iron Crown
|-damage|p1a: Iron Crown|62/100
|
|upkeep
|turn|10
|
|t:|1781071373
|switch|p2a: Great Tusk|Great Tusk|84/100
|move|p1a: Iron Crown|Volt Switch|p2a: Great Tusk
|-immune|p2a: Great Tusk
|
|upkeep
|turn|11
|j| AbrarS
|l| AbrarS
|
|t:|1781071384
|-end|p1a: Iron Crown|Quark Drive|[silent]
|switch|p1a: Pecharunt|Pecharunt|100/100
|move|p2a: Great Tusk|Knock Off|p1a: Pecharunt
|-supereffective|p1a: Pecharunt
|-damage|p1a: Pecharunt|77/100
|
|upkeep
|turn|12
|
|t:|1781071388
|move|p2a: Great Tusk|Headlong Rush|p1a: Pecharunt
|-supereffective|p1a: Pecharunt
|-damage|p1a: Pecharunt|20/100
|-unboost|p2a: Great Tusk|def|1
|-unboost|p2a: Great Tusk|spd|1
|move|p1a: Pecharunt|Parting Shot|p2a: Great Tusk
|-unboost|p2a: Great Tusk|atk|1
|-unboost|p2a: Great Tusk|spa|1
|
|t:|1781071391
|switch|p1a: Ogerpon|Ogerpon-Wellspring, F|100/100|[from] Parting Shot
|
|upkeep
|turn|13
|
|t:|1781071399
|-end|p2a: Great Tusk|Protosynthesis|[silent]
|switch|p2a: Corviknight|Corviknight, M|47/100
|move|p1a: Ogerpon|Ivy Cudgel|p2a: Corviknight|[anim] Ivy Cudgel Water
|-damage|p2a: Corviknight|5/100
|
|upkeep
|turn|14
|
|t:|1781071402
|move|p1a: Ogerpon|Ivy Cudgel|p2a: Corviknight|[anim] Ivy Cudgel Water
|-crit|p2a: Corviknight
|-damage|p2a: Corviknight|0 fnt
|faint|p2a: Corviknight
|
|upkeep
|
|t:|1781071404
|switch|p2a: Scizor|Scizor, F|100/100
|turn|15
|
|t:|1781071417
|switch|p1a: Landorus|Landorus-Therian, M|100/100
|-ability|p1a: Landorus|Intimidate|boost
|-unboost|p2a: Scizor|atk|1
|move|p2a: Scizor|U-turn|p1a: Landorus
|-resisted|p1a: Landorus
|-damage|p1a: Landorus|79/100
|-damage|p2a: Scizor|91/100|[from] item: Life Orb
|
|t:|1781071425
|switch|p2a: Glimmora|Glimmora, M|100/100|[from] U-turn
|
|upkeep
|turn|16
|
|t:|1781071454
|switch|p1a: Great Tusk|Great Tusk|100/100
|-enditem|p1a: Great Tusk|Booster Energy
|-activate|p1a: Great Tusk|ability: Protosynthesis|[fromitem]
|-start|p1a: Great Tusk|protosynthesisspe
|move|p2a: Glimmora|Stealth Rock|p1a: Great Tusk
|-sidestart|p1: la5495|move: Stealth Rock
|
|upkeep
|turn|17
|
|t:|1781071464
|move|p1a: Great Tusk|Rapid Spin|p2a: Glimmora
|-resisted|p2a: Glimmora
|-damage|p2a: Glimmora|92/100
|-boost|p1a: Great Tusk|spe|1
|-activate|p2a: Glimmora|ability: Toxic Debris
|-sidestart|p1: la5495|move: Toxic Spikes
|-sideend|p1: la5495|Toxic Spikes|[from] move: Rapid Spin|[of] p1a: Great Tusk
|-sideend|p1: la5495|Stealth Rock|[from] move: Rapid Spin|[of] p1a: Great Tusk
|move|p2a: Glimmora|Earth Power|p1a: Great Tusk
|-damage|p1a: Great Tusk|57/100
|
|upkeep
|turn|18
|
|t:|1781071475
|switch|p2a: Scizor|Scizor, F|91/100
|move|p1a: Great Tusk|Headlong Rush|p2a: Scizor
|-damage|p2a: Scizor|41/100
|-unboost|p1a: Great Tusk|def|1
|-unboost|p1a: Great Tusk|spd|1
|
|upkeep
|turn|19
|
|t:|1781071481
|-terastallize|p2a: Scizor|Steel
|move|p2a: Scizor|Bullet Punch|p1a: Great Tusk
|-damage|p1a: Great Tusk|1/100
|-damage|p2a: Scizor|31/100|[from] item: Life Orb
|move|p1a: Great Tusk|Headlong Rush|p2a: Scizor
|-supereffective|p2a: Scizor
|-damage|p2a: Scizor|0 fnt
|-unboost|p1a: Great Tusk|def|1
|-unboost|p1a: Great Tusk|spd|1
|faint|p2a: Scizor
|
|upkeep
|
|t:|1781071486
|switch|p2a: Great Tusk|Great Tusk|84/100
|turn|20
|
|t:|1781071498
|move|p1a: Great Tusk|Headlong Rush|p2a: Great Tusk
|-damage|p2a: Great Tusk|47/100
|-unboost|p1a: Great Tusk|def|1
|-unboost|p1a: Great Tusk|spd|1
|move|p2a: Great Tusk|Knock Off|p1a: Great Tusk
|-resisted|p1a: Great Tusk
|-damage|p1a: Great Tusk|0 fnt
|faint|p1a: Great Tusk
|-end|p1a: Great Tusk|Protosynthesis|[silent]
|
|upkeep
|
|t:|1781071508
|switch|p1a: Landorus|Landorus-Therian, M|79/100
|-ability|p1a: Landorus|Intimidate|boost
|-unboost|p2a: Great Tusk|atk|1
|turn|21
|
|t:|1781071514
|move|p1a: Landorus|Earthquake|p2a: Great Tusk
|-damage|p2a: Great Tusk|0 fnt
|faint|p2a: Great Tusk
|-end|p2a: Great Tusk|Protosynthesis|[silent]
|
|upkeep
|
|t:|1781071520
|switch|p2a: Glimmora|Glimmora, M|92/100
|turn|22
|
|t:|1781071523
|move|p1a: Landorus|Earthquake|p2a: Glimmora
|-supereffective|p2a: Glimmora
|-damage|p2a: Glimmora|0 fnt
|-activate|p2a: Glimmora|ability: Toxic Debris
|-sidestart|p1: la5495|move: Toxic Spikes
|faint|p2a: Glimmora
|
|upkeep
|
|t:|1781071525
|switch|p2a: Primarina|Primarina, F|100/100
|turn|23
|
|t:|1781071533
|switch|p1a: Pecharunt|Pecharunt|20/100
|-sideend|p1: la5495|move: Toxic Spikes|[of] p1a: Pecharunt
|move|p2a: Primarina|Psychic Noise|p1a: Pecharunt
|-damage|p1a: Pecharunt|0 fnt
|faint|p1a: Pecharunt
|
|upkeep
|
|t:|1781071544
|switch|p1a: Iron Crown|Iron Crown|62/100
|turn|24
|
|t:|1781071549
|switch|p2a: Raging Bolt|Raging Bolt|69/100
|move|p1a: Iron Crown|Volt Switch|p2a: Raging Bolt
|-resisted|p2a: Raging Bolt
|-damage|p2a: Raging Bolt|62/100
|
|t:|1781071551
|-end|p1a: Iron Crown|Quark Drive|[silent]
|switch|p1a: Landorus|Landorus-Therian, M|79/100|[from] Volt Switch
|-ability|p1a: Landorus|Intimidate|boost
|-unboost|p2a: Raging Bolt|atk|1
|
|upkeep
|turn|25
|
|t:|1781071554
|move|p1a: Landorus|Earthquake|p2a: Raging Bolt
|-supereffective|p2a: Raging Bolt
|-damage|p2a: Raging Bolt|0 fnt
|faint|p2a: Raging Bolt
|-end|p2a: Raging Bolt|Protosynthesis|[silent]
|
|upkeep
|
|t:|1781071555
|switch|p2a: Primarina|Primarina, F|100/100
|turn|26
|
|t:|1781071558
|switch|p1a: Ogerpon|Ogerpon-Wellspring, F|100/100
|move|p2a: Primarina|Moonblast|p1a: Ogerpon
|-damage|p1a: Ogerpon|49/100
|
|upkeep
|turn|27
|-message|VraiKhey forfeited.
|
|win|la5495
|raw|la5495's rating: 1603 &rarr; <strong>1620</strong><br />(+17 for winning)
|raw|VraiKhey's rating: 1559 &rarr; <strong>1542</strong><br />(-17 for losing)
|l|☆VraiKhey
|player|p2|
|l|☆la5495
|player|p1|
