|j|☆flamesjefferyx
|j|☆biryanilover
|t:|1781514996
|gametype|singles
|player|p1|flamesjefferyx|zinnia|1568
|player|p2|biryanilover|1|1600
|gen|9
|tier|[Gen 9] OU
|rated|
|rule|HP Percentage Mod: HP is shown in percentages
|rule|Endless Battle Clause: Forcing endless battles is banned
|rule|Species Clause: Limit one of each Pokémon
|rule|OHKO Clause: OHKO moves are banned
|rule|Evasion Items Clause: Evasion items are banned
|rule|Evasion Moves Clause: Evasion moves are banned
|rule|Evasion Abilities Clause: Evasion abilities are banned
|rule|Sleep Moves Clause: Sleep-inducing moves are banned
|clearpoke
|poke|p1|Overqwil, M|
|poke|p1|Raging Bolt|
|poke|p1|Regieleki|
|poke|p1|Greninja-*, M|
|poke|p1|Pelipper, M|
|poke|p1|Iron Treads|
|poke|p2|Rillaboom, M|
|poke|p2|Heatran, F|
|poke|p2|Walking Wake|
|poke|p2|Landorus-Therian, M|
|poke|p2|Zamazenta-*|
|poke|p2|Weezing-Galar, F|
|teampreview
|inactive|Battle timer is ON: inactive players will automatically lose when time's up. (requested by biryanilover)
|
|t:|1781515017
|teamsize|p1|6
|teamsize|p2|6
|start
|switch|p1a: cat|Raging Bolt|100/100
|switch|p2a: Walking Wake|Walking Wake|100/100
|-enditem|p1a: cat|Booster Energy
|-activate|p1a: cat|ability: Protosynthesis|[fromitem]
|-start|p1a: cat|protosynthesisspa
|turn|1
|
|t:|1781515023
|-terastallize|p1a: cat|Fairy
|move|p2a: Walking Wake|Substitute|p2a: Walking Wake
|-start|p2a: Walking Wake|Substitute
|-damage|p2a: Walking Wake|76/100
|move|p1a: cat|Dragon Pulse|p2a: Walking Wake
|-supereffective|p2a: Walking Wake
|-end|p2a: Walking Wake|Substitute
|
|-heal|p2a: Walking Wake|82/100|[from] item: Leftovers
|upkeep
|turn|2
|
|t:|1781515033
|-end|p2a: Walking Wake|Protosynthesis|[silent]
|switch|p2a: Heatran|Heatran, F|100/100
|move|p1a: cat|Thunderclap||[still]
|-fail|p1a: cat
|
|upkeep
|turn|3
|
|t:|1781515037
|-end|p1a: cat|Protosynthesis|[silent]
|switch|p1a: david|Pelipper, M, shiny|100/100
|-weather|RainDance|[from] ability: Drizzle|[of] p1a: david
|move|p2a: Heatran|Magma Storm|p1a: david
|-resisted|p1a: david
|-damage|p1a: david|83/100
|-activate|p1a: david|move: Magma Storm|[of] p2a: Heatran
|
|-weather|RainDance|[upkeep]
|-damage|p1a: david|71/100|[from] move: Magma Storm|[partiallytrapped]
|upkeep
|turn|4
|
|t:|1781515043
|move|p1a: david|U-turn|p2a: Heatran
|-resisted|p2a: Heatran
|-damage|p2a: Heatran|99/100
|
|t:|1781515046
|switch|p1a: big cat|Iron Treads, shiny|100/100|[from] U-turn
|-enditem|p1a: big cat|Booster Energy
|-activate|p1a: big cat|ability: Quark Drive|[fromitem]
|-start|p1a: big cat|quarkdrivespe
|move|p2a: Heatran|Stealth Rock|p1a: big cat
|-sidestart|p1: flamesjefferyx|move: Stealth Rock
|
|-weather|RainDance|[upkeep]
|-heal|p2a: Heatran|100/100|[from] item: Leftovers
|upkeep
|turn|5
|
|t:|1781515049
|move|p1a: big cat|Rapid Spin|p2a: Heatran
|-resisted|p2a: Heatran
|-damage|p2a: Heatran|96/100
|-boost|p1a: big cat|spe|1
|-sideend|p1: flamesjefferyx|Stealth Rock|[from] move: Rapid Spin|[of] p1a: big cat
|move|p2a: Heatran|Earth Power|p1a: big cat
|-supereffective|p1a: big cat
|-damage|p1a: big cat|28/100
|
|-weather|RainDance|[upkeep]
|-heal|p2a: Heatran|100/100|[from] item: Leftovers
|upkeep
|turn|6
|
|t:|1781515055
|switch|p2a: Landorus|Landorus-Therian, M|100/100
|-ability|p2a: Landorus|Intimidate|boost
|-unboost|p1a: big cat|atk|1
|move|p1a: big cat|Stealth Rock|p2a: Landorus
|-sidestart|p2: biryanilover|move: Stealth Rock
|
|-weather|RainDance|[upkeep]
|upkeep
|turn|7
|
|t:|1781515059
|move|p1a: big cat|Steel Beam|p2a: Landorus
|-damage|p2a: Landorus|52/100
|-damage|p1a: big cat|0 fnt|[from] steelbeam
|faint|p1a: big cat
|-end|p1a: big cat|Quark Drive|[silent]
|move|p2a: Landorus|Stealth Rock|p1: big cat
|-sidestart|p1: flamesjefferyx|move: Stealth Rock
|
|-weather|RainDance|[upkeep]
|upkeep
|
|t:|1781515070
|switch|p1a: AHHHHHH!!!|Greninja, M|100/100
|-damage|p1a: AHHHHHH!!!|88/100|[from] Stealth Rock
|turn|8
|
|t:|1781515074
|-terastallize|p2a: Landorus|Water
|move|p1a: AHHHHHH!!!|Surf|p2a: Landorus
|-resisted|p2a: Landorus
|-damage|p2a: Landorus|3/100
|-damage|p1a: AHHHHHH!!!|78/100|[from] item: Life Orb
|move|p2a: Landorus|U-turn|p1a: AHHHHHH!!!
|-supereffective|p1a: AHHHHHH!!!
|-damage|p1a: AHHHHHH!!!|13/100
|
|t:|1781515085
|switch|p2a: Weezing|Weezing-Galar, F|100/100|[from] U-turn
|-ability|p2a: Weezing|Neutralizing Gas
|
|-weather|RainDance|[upkeep]
|upkeep
|turn|9
|
|t:|1781515089
|-end|p2a: Weezing|ability: Neutralizing Gas
|switch|p2a: Landorus|Landorus-Therian, M, tera:Water|3/100
|-damage|p2a: Landorus|0 fnt|[from] Stealth Rock
|faint|p2a: Landorus
|move|p1a: AHHHHHH!!!|Surf|p2: Landorus|[notarget]
|-fail|p1a: AHHHHHH!!!
|
|-weather|RainDance|[upkeep]
|upkeep
|
|t:|1781515095
|switch|p2a: Rillaboom|Rillaboom, M|100/100
|-damage|p2a: Rillaboom|88/100|[from] Stealth Rock
|-fieldstart|move: Grassy Terrain|[from] ability: Grassy Surge|[of] p2a: Rillaboom
|turn|10
|
|t:|1781515111
|move|p2a: Rillaboom|Grassy Glide|p1a: AHHHHHH!!!
|-supereffective|p1a: AHHHHHH!!!
|-damage|p1a: AHHHHHH!!!|0 fnt
|faint|p1a: AHHHHHH!!!
|
|-weather|none
|-heal|p2a: Rillaboom|94/100|[from] Grassy Terrain
|upkeep
|
|t:|1781515114
|switch|p1a: david|Pelipper, M, shiny|71/100
|-damage|p1a: david|46/100|[from] Stealth Rock
|-weather|RainDance|[from] ability: Drizzle|[of] p1a: david
|turn|11
|
|t:|1781515117
|move|p2a: Rillaboom|Knock Off|p1a: david
|-damage|p1a: david|0 fnt
|-enditem|p1a: david|Damp Rock|[from] move: Knock Off|[of] p2a: Rillaboom
|faint|p1a: david
|
|-weather|RainDance|[upkeep]
|-heal|p2a: Rillaboom|100/100|[from] Grassy Terrain
|upkeep
|
|t:|1781515121
|switch|p1a: dog|Overqwil, M, shiny|100/100
|-damage|p1a: dog|88/100|[from] Stealth Rock
|turn|12
|
|t:|1781515126
|move|p1a: dog|Gunk Shot|p2a: Rillaboom
|-supereffective|p2a: Rillaboom
|-damage|p2a: Rillaboom|0 fnt
|faint|p2a: Rillaboom
|-damage|p1a: dog|78/100|[from] item: Life Orb
|
|-weather|RainDance|[upkeep]
|-heal|p1a: dog|84/100|[from] Grassy Terrain
|upkeep
|
|t:|1781515131
|switch|p2a: Weezing|Weezing-Galar, F|100/100
|-ability|p2a: Weezing|Neutralizing Gas
|turn|13
|
|t:|1781515136
|move|p1a: dog|Swords Dance|p1a: dog
|-boost|p1a: dog|atk|2
|move|p2a: Weezing|Will-O-Wisp|p1a: dog
|-status|p1a: dog|brn
|
|-weather|RainDance|[upkeep]
|-heal|p1a: dog|91/100 brn|[from] Grassy Terrain
|-damage|p1a: dog|84/100 brn|[from] brn
|upkeep
|turn|14
|
|t:|1781515145
|move|p1a: dog|Swords Dance|p1a: dog
|-boost|p1a: dog|atk|2
|move|p2a: Weezing|Strange Steam|p1a: dog
|-damage|p1a: dog|43/100 brn
|
|-weather|RainDance|[upkeep]
|-heal|p1a: dog|49/100 brn|[from] Grassy Terrain
|-damage|p1a: dog|43/100 brn|[from] brn
|upkeep
|turn|15
|
|t:|1781515148
|move|p1a: dog|Gunk Shot|p2a: Weezing
|-damage|p2a: Weezing|19/100
|-damage|p1a: dog|33/100 brn|[from] item: Life Orb
|move|p2a: Weezing|Strange Steam|p1a: dog
|-damage|p1a: dog|0 fnt
|faint|p1a: dog
|
|-weather|RainDance|[upkeep]
|-heal|p2a: Weezing|25/100|[from] Grassy Terrain
|upkeep
|
|t:|1781515152
|switch|p1a: lol|Regieleki|100/100
|-damage|p1a: lol|88/100|[from] Stealth Rock
|turn|16
|
|t:|1781515155
|move|p1a: lol|Thunder|p2a: Weezing
|-damage|p2a: Weezing|0 fnt
|faint|p2a: Weezing
|-end|p2a: Weezing|ability: Neutralizing Gas
|
|-weather|RainDance|[upkeep]
|-heal|p1a: lol|94/100|[from] Grassy Terrain
|upkeep
|
|t:|1781515160
|switch|p2a: Heatran|Heatran, F|100/100
|-damage|p2a: Heatran|88/100|[from] Stealth Rock
|turn|17
|
|t:|1781515163
|move|p1a: lol|Thunder|p2a: Heatran
|-damage|p2a: Heatran|23/100
|move|p2a: Heatran|Earth Power|p1a: lol
|-supereffective|p1a: lol
|-damage|p1a: lol|0 fnt
|faint|p1a: lol
|
|-weather|RainDance|[upkeep]
|-heal|p2a: Heatran|30/100|[from] Grassy Terrain
|-heal|p2a: Heatran|36/100|[from] item: Leftovers
|-fieldend|move: Grassy Terrain
|upkeep
|
|t:|1781515165
|switch|p1a: cat|Raging Bolt, tera:Fairy|100/100
|-damage|p1a: cat|88/100|[from] Stealth Rock
|turn|18
|
|t:|1781515169
|move|p2a: Heatran|Earth Power|p1a: cat
|-damage|p1a: cat|65/100
|move|p1a: cat|Calm Mind|p1a: cat
|-boost|p1a: cat|spa|1
|-boost|p1a: cat|spd|1
|
|-weather|none
|-heal|p2a: Heatran|42/100|[from] item: Leftovers
|upkeep
|turn|19
|
|t:|1781515174
|move|p2a: Heatran|Taunt|p1a: cat
|-start|p1a: cat|move: Taunt
|cant|p1a: cat|move: Taunt|Calm Mind
|
|-heal|p2a: Heatran|48/100|[from] item: Leftovers
|upkeep
|turn|20
|
|t:|1781515176
|move|p1a: cat|Thunderclap|p2a: Heatran
|-damage|p2a: Heatran|12/100
|move|p2a: Heatran|Magma Storm|p1a: cat
|-damage|p1a: cat|41/100
|-activate|p1a: cat|move: Magma Storm|[of] p2a: Heatran
|
|-heal|p2a: Heatran|18/100|[from] item: Leftovers
|-damage|p1a: cat|29/100|[from] move: Magma Storm|[partiallytrapped]
|upkeep
|turn|21
|
|t:|1781515182
|move|p2a: Heatran|Stealth Rock||[still]
|-fail|p2a: Heatran
|move|p1a: cat|Dragon Pulse|p2a: Heatran
|-resisted|p2a: Heatran
|-damage|p2a: Heatran|0 fnt
|faint|p2a: Heatran
|
|-end|p1a: cat|Magma Storm|[partiallytrapped]|[silent]
|-end|p1a: cat|move: Taunt
|upkeep
|
|t:|1781515185
|switch|p2a: Walking Wake|Walking Wake|82/100
|-damage|p2a: Walking Wake|70/100|[from] Stealth Rock
|turn|22
|
|t:|1781515188
|move|p2a: Walking Wake|Scald|p1a: cat
|-damage|p1a: cat|6/100
|-status|p1a: cat|brn
|move|p1a: cat|Dragon Pulse|p2a: Walking Wake
|-supereffective|p2a: Walking Wake
|-damage|p2a: Walking Wake|0 fnt
|faint|p2a: Walking Wake
|-end|p2a: Walking Wake|Protosynthesis|[silent]
|
|-damage|p1a: cat|0 fnt|[from] brn
|faint|p1a: cat
|-end|p1a: cat|Protosynthesis|[silent]
|
|win|biryanilover
|raw|flamesjefferyx's rating: 1568 &rarr; <strong>1550</strong><br />(-18 for losing)
|raw|biryanilover's rating: 1600 &rarr; <strong>1618</strong><br />(+18 for winning)
|l|☆flamesjefferyx
|player|p1|
|c|☆biryanilover|gg
|l|☆biryanilover
|player|p2|
