|j|☆my2005
|j|☆The Name Change
|t:|1781332685
|gametype|singles
|player|p1|my2005|1|1662
|player|p2|The Name Change|169|1633
|gen|9
|tier|[Gen 9] OU
|rated|
|rule|HP Percentage Mod: HP is shown in percentages
|rule|Endless Battle Clause: Forcing endless battles is banned
|rule|Species Clause: Limit one of each Pokémon
|rule|OHKO Clause: OHKO moves are banned
|rule|Evasion Items Clause: Evasion items are banned
|rule|Evasion Moves Clause: Evasion moves are banned
|rule|Evasion Abilities Clause: Evasion abilities are banned
|rule|Sleep Moves Clause: Sleep-inducing moves are banned
|clearpoke
|poke|p1|Slowking-Galar, F|
|poke|p1|Whimsicott, M|
|poke|p1|Kyurem|
|poke|p1|Cinderace, M|
|poke|p1|Alomomola, M|
|poke|p1|Gliscor, F|
|poke|p2|Ting-Lu|
|poke|p2|Torkoal, M|
|poke|p2|Walking Wake|
|poke|p2|Great Tusk|
|poke|p2|Slither Wing|
|poke|p2|Iron Moth|
|teampreview
|inactive|Battle timer is ON: inactive players will automatically lose when time's up. (requested by my2005)
|
|t:|1781332716
|teamsize|p1|6
|teamsize|p2|6
|start
|switch|p1a: Kyurem|Kyurem|100/100
|switch|p2a: Slither Wing|Slither Wing|100/100
|-ability|p1a: Kyurem|Pressure
|turn|1
|j| choispecs ironmoth
|j| dark joe biden
|
|t:|1781332724
|move|p1a: Kyurem|Protect|p1a: Kyurem
|-singleturn|p1a: Kyurem|Protect
|move|p2a: Slither Wing|Close Combat|p1a: Kyurem
|-activate|p1a: Kyurem|move: Protect
|
|upkeep
|turn|2
|
|t:|1781332731
|-end|p2a: Slither Wing|Protosynthesis|[silent]
|switch|p2a: Torkoal|Torkoal, M|100/100
|-weather|SunnyDay|[from] ability: Drought|[of] p2a: Torkoal
|move|p1a: Kyurem|Substitute|p1a: Kyurem
|-start|p1a: Kyurem|Substitute
|-damage|p1a: Kyurem|76/100
|
|-weather|SunnyDay|[upkeep]
|-heal|p1a: Kyurem|82/100|[from] item: Leftovers
|upkeep
|turn|3
|
|t:|1781332742
|switch|p2a: Ting-Lu|Ting-Lu|100/100
|-ability|p2a: Ting-Lu|Vessel of Ruin
|move|p1a: Kyurem|Earth Power|p2a: Ting-Lu
|-damage|p2a: Ting-Lu|88/100
|
|-weather|SunnyDay|[upkeep]
|-heal|p1a: Kyurem|88/100|[from] item: Leftovers
|upkeep
|turn|4
|
|t:|1781332746
|move|p1a: Kyurem|Freeze-Dry|p2a: Ting-Lu
|-supereffective|p2a: Ting-Lu
|-damage|p2a: Ting-Lu|55/100
|move|p2a: Ting-Lu|Whirlwind|p1a: Kyurem
|drag|p1a: Cinderace|Cinderace, M|100/100
|
|-weather|SunnyDay|[upkeep]
|upkeep
|turn|5
|
|t:|1781332752
|move|p1a: Cinderace|U-turn|p2a: Ting-Lu
|-start|p1a: Cinderace|typechange|Bug|[from] ability: Libero
|-supereffective|p2a: Ting-Lu
|-damage|p2a: Ting-Lu|16/100
|-damage|p1a: Cinderace|84/100|[from] item: Rocky Helmet|[of] p2a: Ting-Lu
|
|t:|1781332755
|switch|p1a: Alomomola|Alomomola, M|100/100|[from] U-turn
|move|p2a: Ting-Lu|Spikes|p1a: Alomomola
|-sidestart|p1: my2005|Spikes
|
|-weather|SunnyDay|[upkeep]
|upkeep
|turn|6
|
|t:|1781332761
|move|p2a: Ting-Lu|Ruination|p1a: Alomomola
|-damage|p1a: Alomomola|50/100
|move|p1a: Alomomola|Flip Turn|p2a: Ting-Lu
|-supereffective|p2a: Ting-Lu
|-damage|p2a: Ting-Lu|8/100
|-damage|p1a: Alomomola|34/100|[from] item: Rocky Helmet|[of] p2a: Ting-Lu
|
|t:|1781332773
|switch|p1a: Kyurem|Kyurem|88/100|[from] Flip Turn
|-damage|p1a: Kyurem|75/100|[from] Spikes
|-ability|p1a: Kyurem|Pressure
|
|-weather|SunnyDay|[upkeep]
|-heal|p1a: Kyurem|81/100|[from] item: Leftovers
|upkeep
|turn|7
|
|t:|1781332778
|move|p1a: Kyurem|Freeze-Dry|p2a: Ting-Lu
|-supereffective|p2a: Ting-Lu
|-damage|p2a: Ting-Lu|0 fnt
|faint|p2a: Ting-Lu
|
|-weather|SunnyDay|[upkeep]
|-heal|p1a: Kyurem|87/100|[from] item: Leftovers
|upkeep
|
|t:|1781332794
|switch|p2a: Slither Wing|Slither Wing|100/100
|-activate|p2a: Slither Wing|ability: Protosynthesis
|-start|p2a: Slither Wing|protosynthesisatk
|turn|8
|
|t:|1781332798
|move|p1a: Kyurem|Protect|p1a: Kyurem
|-singleturn|p1a: Kyurem|Protect
|move|p2a: Slither Wing|U-turn|p1a: Kyurem
|-activate|p1a: Kyurem|move: Protect
|
|-weather|SunnyDay|[upkeep]
|-heal|p1a: Kyurem|93/100|[from] item: Leftovers
|upkeep
|turn|9
|
|t:|1781332807
|move|p1a: Kyurem|Substitute|p1a: Kyurem
|-start|p1a: Kyurem|Substitute
|-damage|p1a: Kyurem|69/100
|move|p2a: Slither Wing|U-turn|p1a: Kyurem
|-end|p1a: Kyurem|Substitute
|
|t:|1781332814
|-end|p2a: Slither Wing|Protosynthesis|[silent]
|switch|p2a: Walking Wake|Walking Wake|100/100|[from] U-turn
|-activate|p2a: Walking Wake|ability: Protosynthesis
|-start|p2a: Walking Wake|protosynthesisspe
|
|-weather|none
|-end|p2a: Walking Wake|Protosynthesis
|-heal|p1a: Kyurem|75/100|[from] item: Leftovers
|upkeep
|turn|10
|
|t:|1781332817
|-end|p2a: Walking Wake|Protosynthesis|[silent]
|switch|p2a: Torkoal|Torkoal, M|100/100
|-weather|SunnyDay|[from] ability: Drought|[of] p2a: Torkoal
|move|p1a: Kyurem|Protect||[still]
|-fail|p1a: Kyurem
|
|-weather|SunnyDay|[upkeep]
|-heal|p1a: Kyurem|81/100|[from] item: Leftovers
|upkeep
|turn|11
|
|t:|1781332826
|switch|p2a: Walking Wake|Walking Wake|100/100
|-activate|p2a: Walking Wake|ability: Protosynthesis
|-start|p2a: Walking Wake|protosynthesisspe
|move|p1a: Kyurem|Substitute|p1a: Kyurem
|-start|p1a: Kyurem|Substitute
|-damage|p1a: Kyurem|56/100
|
|-weather|SunnyDay|[upkeep]
|-heal|p1a: Kyurem|62/100|[from] item: Leftovers
|upkeep
|turn|12
|
|t:|1781332832
|-end|p2a: Walking Wake|Protosynthesis|[silent]
|switch|p2a: Slither Wing|Slither Wing|100/100
|-activate|p2a: Slither Wing|ability: Protosynthesis
|-start|p2a: Slither Wing|protosynthesisatk
|move|p1a: Kyurem|Protect||[still]
|-fail|p1a: Kyurem
|
|-weather|SunnyDay|[upkeep]
|-heal|p1a: Kyurem|68/100|[from] item: Leftovers
|upkeep
|turn|13
|
|t:|1781332835
|move|p1a: Kyurem|Protect|p1a: Kyurem
|-singleturn|p1a: Kyurem|Protect
|move|p2a: Slither Wing|U-turn|p1a: Kyurem
|-activate|p1a: Kyurem|move: Protect
|
|-weather|SunnyDay|[upkeep]
|-heal|p1a: Kyurem|74/100|[from] item: Leftovers
|upkeep
|turn|14
|
|t:|1781332843
|move|p1a: Kyurem|Freeze-Dry|p2a: Slither Wing
|-damage|p2a: Slither Wing|63/100
|move|p2a: Slither Wing|U-turn|p1a: Kyurem
|-end|p1a: Kyurem|Substitute
|
|t:|1781332846
|-end|p2a: Slither Wing|Protosynthesis|[silent]
|switch|p2a: Walking Wake|Walking Wake|100/100|[from] U-turn
|-activate|p2a: Walking Wake|ability: Protosynthesis
|-start|p2a: Walking Wake|protosynthesisspe
|
|-weather|SunnyDay|[upkeep]
|-heal|p1a: Kyurem|80/100|[from] item: Leftovers
|upkeep
|turn|15
|
|t:|1781332848
|move|p1a: Kyurem|Protect|p1a: Kyurem
|-singleturn|p1a: Kyurem|Protect
|move|p2a: Walking Wake|Dragon Pulse|p1a: Kyurem
|-activate|p1a: Kyurem|move: Protect
|
|-weather|SunnyDay|[upkeep]
|-heal|p1a: Kyurem|86/100|[from] item: Leftovers
|upkeep
|turn|16
|
|t:|1781332855
|-end|p2a: Walking Wake|Protosynthesis|[silent]
|switch|p2a: Slither Wing|Slither Wing|63/100
|-activate|p2a: Slither Wing|ability: Protosynthesis
|-start|p2a: Slither Wing|protosynthesisatk
|switch|p1a: Whimsicott|Whimsicott, M|100/100
|-damage|p1a: Whimsicott|88/100|[from] Spikes
|
|-weather|SunnyDay|[upkeep]
|-heal|p1a: Whimsicott|94/100|[from] item: Leftovers
|upkeep
|turn|17
|
|t:|1781332863
|move|p2a: Slither Wing|First Impression|p1a: Whimsicott
|-damage|p1a: Whimsicott|1/100
|move|p1a: Whimsicott|Substitute|p1a: Whimsicott
|-fail|p1a: Whimsicott|move: Substitute|[weak]
|
|-weather|none
|-end|p2a: Slither Wing|Protosynthesis
|-heal|p1a: Whimsicott|7/100|[from] item: Leftovers
|upkeep
|turn|18
|
|t:|1781332871
|-end|p2a: Slither Wing|Protosynthesis|[silent]
|switch|p2a: Torkoal|Torkoal, M|100/100
|-weather|SunnyDay|[from] ability: Drought|[of] p2a: Torkoal
|move|p1a: Whimsicott|Leech Seed|p2a: Torkoal|[miss]
|-miss|p1a: Whimsicott|p2a: Torkoal
|
|-weather|SunnyDay|[upkeep]
|-heal|p1a: Whimsicott|14/100|[from] item: Leftovers
|upkeep
|turn|19
|
|t:|1781332877
|move|p1a: Whimsicott|U-turn|p2a: Torkoal
|-resisted|p2a: Torkoal
|-damage|p2a: Torkoal|97/100
|
|t:|1781332883
|switch|p1a: Gliscor|Gliscor, F|100/100|[from] U-turn
|move|p2a: Torkoal|Lava Plume|p1a: Gliscor
|-damage|p1a: Gliscor|59/100
|
|-weather|SunnyDay|[upkeep]
|-status|p1a: Gliscor|tox|[from] item: Toxic Orb
|upkeep
|turn|20
|
|t:|1781332898
|switch|p2a: Walking Wake|Walking Wake|100/100
|-activate|p2a: Walking Wake|ability: Protosynthesis
|-start|p2a: Walking Wake|protosynthesisspe
|move|p1a: Gliscor|Swords Dance|p1a: Gliscor
|-boost|p1a: Gliscor|atk|2
|
|-weather|SunnyDay|[upkeep]
|-heal|p1a: Gliscor|71/100 tox|[from] ability: Poison Heal
|upkeep
|turn|21
|
|t:|1781332902
|switch|p1a: Slowking|Slowking-Galar, F|100/100
|-damage|p1a: Slowking|88/100|[from] Spikes
|move|p2a: Walking Wake|Hydro Steam|p1a: Slowking
|-damage|p1a: Slowking|38/100
|
|-weather|SunnyDay|[upkeep]
|upkeep
|turn|22
|
|t:|1781332922
|switch|p1a: Whimsicott|Whimsicott, M|14/100
|-damage|p1a: Whimsicott|1/100|[from] Spikes
|move|p2a: Walking Wake|Hydro Steam|p1a: Whimsicott
|-resisted|p1a: Whimsicott
|-damage|p1a: Whimsicott|0 fnt
|faint|p1a: Whimsicott
|
|-weather|SunnyDay|[upkeep]
|upkeep
|
|t:|1781332925
|switch|p1a: Kyurem|Kyurem|86/100
|-damage|p1a: Kyurem|74/100|[from] Spikes
|-ability|p1a: Kyurem|Pressure
|turn|23
|
|t:|1781332928
|move|p2a: Walking Wake|Hydro Steam|p1a: Kyurem
|-resisted|p1a: Kyurem
|-crit|p1a: Kyurem
|-damage|p1a: Kyurem|15/100
|move|p1a: Kyurem|Freeze-Dry|p2a: Walking Wake
|-supereffective|p2a: Walking Wake
|-damage|p2a: Walking Wake|0 fnt
|faint|p2a: Walking Wake
|-end|p2a: Walking Wake|Protosynthesis|[silent]
|
|-weather|SunnyDay|[upkeep]
|-heal|p1a: Kyurem|21/100|[from] item: Leftovers
|upkeep
|
|t:|1781332935
|switch|p2a: Iron Moth|Iron Moth|100/100
|-enditem|p2a: Iron Moth|Booster Energy
|-activate|p2a: Iron Moth|ability: Quark Drive|[fromitem]
|-start|p2a: Iron Moth|quarkdrivespe
|turn|24
|
|t:|1781332938
|move|p1a: Kyurem|Protect|p1a: Kyurem
|-singleturn|p1a: Kyurem|Protect
|move|p2a: Iron Moth|Fiery Dance|p1a: Kyurem
|-activate|p1a: Kyurem|move: Protect
|
|-weather|SunnyDay|[upkeep]
|-heal|p1a: Kyurem|27/100|[from] item: Leftovers
|upkeep
|turn|25
|
|t:|1781332958
|switch|p1a: Cinderace|Cinderace, M|84/100
|move|p2a: Iron Moth|Fiery Dance|p1a: Cinderace
|-resisted|p1a: Cinderace
|-damage|p1a: Cinderace|38/100
|
|-weather|none
|upkeep
|turn|26
|
|t:|1781332969
|move|p1a: Cinderace|Sucker Punch|p2a: Iron Moth
|-start|p1a: Cinderace|typechange|Dark|[from] ability: Libero
|-damage|p2a: Iron Moth|43/100
|move|p2a: Iron Moth|Sludge Wave|p1a: Cinderace
|-crit|p1a: Cinderace
|-damage|p1a: Cinderace|0 fnt
|faint|p1a: Cinderace
|
|upkeep
|
|t:|1781332978
|switch|p1a: Slowking|Slowking-Galar, F|71/100
|-damage|p1a: Slowking|59/100|[from] Spikes
|turn|27
|
|t:|1781332985
|-end|p2a: Iron Moth|Quark Drive|[silent]
|switch|p2a: Torkoal|Torkoal, M|97/100
|-weather|SunnyDay|[from] ability: Drought|[of] p2a: Torkoal
|move|p1a: Slowking|Psychic Noise|p2a: Torkoal
|-damage|p2a: Torkoal|52/100
|-start|p2a: Torkoal|move: Heal Block
|
|-weather|SunnyDay|[upkeep]
|upkeep
|turn|28
|
|t:|1781332995
|switch|p1a: Alomomola|Alomomola, M|67/100
|-damage|p1a: Alomomola|55/100|[from] Spikes
|move|p2a: Torkoal|Lava Plume|p1a: Alomomola
|-resisted|p1a: Alomomola
|-damage|p1a: Alomomola|33/100
|
|-weather|SunnyDay|[upkeep]
|-end|p2a: Torkoal|move: Heal Block
|upkeep
|turn|29
|
|t:|1781333004
|switch|p2a: Slither Wing|Slither Wing|63/100
|-activate|p2a: Slither Wing|ability: Protosynthesis
|-start|p2a: Slither Wing|protosynthesisatk
|move|p1a: Alomomola|Wish|p1a: Alomomola
|
|-weather|SunnyDay|[upkeep]
|upkeep
|turn|30
|
|t:|1781333007
|move|p1a: Alomomola|Protect|p1a: Alomomola
|-singleturn|p1a: Alomomola|Protect
|move|p2a: Slither Wing|Close Combat|p1a: Alomomola
|-activate|p1a: Alomomola|move: Protect
|
|-weather|SunnyDay|[upkeep]
|-heal|p1a: Alomomola|83/100|[from] move: Wish|[wisher] Alomomola
|upkeep
|turn|31
|
|t:|1781333014
|move|p2a: Slither Wing|Close Combat|p1a: Alomomola
|-damage|p1a: Alomomola|12/100
|-unboost|p2a: Slither Wing|def|1
|-unboost|p2a: Slither Wing|spd|1
|-damage|p2a: Slither Wing|47/100|[from] item: Rocky Helmet|[of] p1a: Alomomola
|move|p1a: Alomomola|Wish|p1a: Alomomola
|
|-weather|SunnyDay|[upkeep]
|upkeep
|turn|32
|
|t:|1781333019
|move|p1a: Alomomola|Protect|p1a: Alomomola
|-singleturn|p1a: Alomomola|Protect
|move|p2a: Slither Wing|Close Combat|p1a: Alomomola
|-activate|p1a: Alomomola|move: Protect
|
|-weather|SunnyDay|[upkeep]
|-heal|p1a: Alomomola|62/100|[from] move: Wish|[wisher] Alomomola
|upkeep
|turn|33
|
|t:|1781333023
|switch|p1a: Gliscor|Gliscor, F|71/100 tox
|move|p2a: Slither Wing|Close Combat|p1a: Gliscor
|-resisted|p1a: Gliscor
|-crit|p1a: Gliscor
|-damage|p1a: Gliscor|0 fnt
|-unboost|p2a: Slither Wing|def|1
|-unboost|p2a: Slither Wing|spd|1
|faint|p1a: Gliscor
|
|-weather|SunnyDay|[upkeep]
|upkeep
|
|t:|1781333028
|switch|p1a: Slowking|Slowking-Galar, F|92/100
|-damage|p1a: Slowking|79/100|[from] Spikes
|turn|34
|
|t:|1781333041
|-end|p2a: Slither Wing|Protosynthesis|[silent]
|switch|p2a: Torkoal|Torkoal, M|52/100
|move|p1a: Slowking|Psychic Noise|p2a: Torkoal
|-damage|p2a: Torkoal|5/100
|-start|p2a: Torkoal|move: Heal Block
|
|-weather|none
|upkeep
|turn|35
|
|t:|1781333068
|move|p2a: Torkoal|Lava Plume|p1a: Slowking
|-damage|p1a: Slowking|67/100
|move|p1a: Slowking|Psychic Noise|p2a: Torkoal
|-damage|p2a: Torkoal|0 fnt
|faint|p2a: Torkoal
|
|upkeep
|
|t:|1781333071
|switch|p2a: Slither Wing|Slither Wing|47/100
|turn|36
|
|t:|1781333077
|switch|p1a: Alomomola|Alomomola, M|96/100
|-damage|p1a: Alomomola|83/100|[from] Spikes
|move|p2a: Slither Wing|U-turn|p1a: Alomomola
|-damage|p1a: Alomomola|52/100
|-damage|p2a: Slither Wing|30/100|[from] item: Rocky Helmet|[of] p1a: Alomomola
|
|t:|1781333083
|-end|p2a: Slither Wing|Protosynthesis|[silent]
|switch|p2a: Iron Moth|Iron Moth|43/100|[from] U-turn
|
|upkeep
|turn|37
|
|t:|1781333094
|switch|p1a: Slowking|Slowking-Galar, F|99/100
|-damage|p1a: Slowking|87/100|[from] Spikes
|move|p2a: Iron Moth|Substitute|p2a: Iron Moth
|-start|p2a: Iron Moth|Substitute
|-damage|p2a: Iron Moth|18/100
|
|upkeep
|turn|38
|
|t:|1781333097
|move|p2a: Iron Moth|Fiery Dance|p1a: Slowking
|-damage|p1a: Slowking|66/100
|-boost|p2a: Iron Moth|spa|1
|move|p1a: Slowking|Psychic Noise|p2a: Iron Moth
|-supereffective|p2a: Iron Moth
|-damage|p2a: Iron Moth|0 fnt
|faint|p2a: Iron Moth
|-end|p2a: Iron Moth|Quark Drive|[silent]
|
|upkeep
|
|t:|1781333104
|switch|p2a: Great Tusk|Great Tusk|100/100
|turn|39
|
|t:|1781333112
|-terastallize|p1a: Slowking|Bug
|move|p2a: Great Tusk|Headlong Rush|p1a: Slowking
|-resisted|p1a: Slowking
|-damage|p1a: Slowking|44/100
|-unboost|p2a: Great Tusk|def|1
|-unboost|p2a: Great Tusk|spd|1
|move|p1a: Slowking|Psychic Noise|p2a: Great Tusk
|-supereffective|p2a: Great Tusk
|-damage|p2a: Great Tusk|0 fnt
|faint|p2a: Great Tusk
|-end|p2a: Great Tusk|Protosynthesis|[silent]
|
|upkeep
|
|t:|1781333118
|switch|p2a: Slither Wing|Slither Wing|30/100
|turn|40
|
|t:|1781333124
|move|p2a: Slither Wing|Close Combat|p1a: Slowking
|-resisted|p1a: Slowking
|-damage|p1a: Slowking|0 fnt
|-unboost|p2a: Slither Wing|def|1
|-unboost|p2a: Slither Wing|spd|1
|faint|p1a: Slowking
|
|upkeep
|
|t:|1781333128
|switch|p1a: Alomomola|Alomomola, M|86/100
|-damage|p1a: Alomomola|73/100|[from] Spikes
|turn|41
|
|t:|1781333132
|move|p1a: Alomomola|Protect|p1a: Alomomola
|-singleturn|p1a: Alomomola|Protect
|move|p2a: Slither Wing|Close Combat|p1a: Alomomola
|-activate|p1a: Alomomola|move: Protect
|
|upkeep
|turn|42
|-message|The Name Change forfeited.
|
|win|my2005
|raw|my2005's rating: 1662 &rarr; <strong>1680</strong><br />(+18 for winning)
|raw|The Name Change's rating: 1633 &rarr; <strong>1615</strong><br />(-18 for losing)
|l|☆The Name Change
|player|p2|
|l|☆my2005
|player|p1|
