|j|☆notendistic
|j|☆ghostoftheranch
|t:|1781553636
|gametype|singles
|player|p1|notendistic|lusamine-masters|1551
|player|p2|ghostoftheranch|medium|1591
|gen|9
|tier|[Gen 9] OU
|rated|
|rule|HP Percentage Mod: HP is shown in percentages
|rule|Endless Battle Clause: Forcing endless battles is banned
|rule|Species Clause: Limit one of each Pokémon
|rule|OHKO Clause: OHKO moves are banned
|rule|Evasion Items Clause: Evasion items are banned
|rule|Evasion Moves Clause: Evasion moves are banned
|rule|Evasion Abilities Clause: Evasion abilities are banned
|rule|Sleep Moves Clause: Sleep-inducing moves are banned
|clearpoke
|poke|p1|Pelipper, M|
|poke|p1|Raging Bolt|
|poke|p1|Overqwil, F|
|poke|p1|Barraskewda, F|
|poke|p1|Iron Treads|
|poke|p1|Kingambit, M|
|poke|p2|Torkoal, F|
|poke|p2|Fezandipiti, M|
|poke|p2|Great Tusk|
|poke|p2|Cinderace, F|
|poke|p2|Mandibuzz, F|
|poke|p2|Volcanion|
|teampreview
|inactive|Battle timer is ON: inactive players will automatically lose when time's up. (requested by notendistic)
|
|t:|1781553669
|teamsize|p1|6
|teamsize|p2|6
|start
|switch|p1a: Barraskewda|Barraskewda, F|100/100
|switch|p2a: Torkoal|Torkoal, F|100/100
|-weather|SunnyDay|[from] ability: Drought|[of] p2a: Torkoal
|turn|1
|
|t:|1781553700
|switch|p2a: Volcanion|Volcanion|100/100
|move|p1a: Barraskewda|Close Combat|p2a: Volcanion
|-damage|p2a: Volcanion|47/100
|-unboost|p1a: Barraskewda|def|1
|-unboost|p1a: Barraskewda|spd|1
|
|-weather|SunnyDay|[upkeep]
|upkeep
|turn|2
|
|t:|1781553706
|switch|p2a: Mandibuzz|Mandibuzz, F|100/100
|move|p1a: Barraskewda|Close Combat|p2a: Mandibuzz
|-damage|p2a: Mandibuzz|63/100
|-unboost|p1a: Barraskewda|def|1
|-unboost|p1a: Barraskewda|spd|1
|-damage|p1a: Barraskewda|84/100|[from] item: Rocky Helmet|[of] p2a: Mandibuzz
|
|-weather|SunnyDay|[upkeep]
|upkeep
|turn|3
|
|t:|1781553714
|switch|p1a: Pelipper|Pelipper, M|100/100
|-weather|RainDance|[from] ability: Drizzle|[of] p1a: Pelipper
|move|p2a: Mandibuzz|Roost|p2a: Mandibuzz
|-heal|p2a: Mandibuzz|100/100
|-singleturn|p2a: Mandibuzz|move: Roost
|
|-weather|RainDance|[upkeep]
|upkeep
|turn|4
|
|t:|1781553730
|switch|p2a: Torkoal|Torkoal, F|100/100
|-weather|SunnyDay|[from] ability: Drought|[of] p2a: Torkoal
|move|p1a: Pelipper|U-turn|p2a: Torkoal
|-resisted|p2a: Torkoal
|-damage|p2a: Torkoal|97/100
|
|t:|1781553736
|switch|p1a: Iron Treads|Iron Treads|100/100|[from] U-turn
|-enditem|p1a: Iron Treads|Booster Energy
|-activate|p1a: Iron Treads|ability: Quark Drive|[fromitem]
|-start|p1a: Iron Treads|quarkdrivespe
|
|-weather|SunnyDay|[upkeep]
|upkeep
|turn|5
|
|t:|1781553743
|switch|p2a: Mandibuzz|Mandibuzz, F|100/100
|move|p1a: Iron Treads|Earth Power|p2a: Mandibuzz
|-immune|p2a: Mandibuzz
|
|-weather|SunnyDay|[upkeep]
|upkeep
|turn|6
|
|t:|1781553751
|move|p1a: Iron Treads|Stealth Rock|p2a: Mandibuzz
|-sidestart|p2: ghostoftheranch|move: Stealth Rock
|move|p2a: Mandibuzz|Toxic|p1a: Iron Treads
|-immune|p1a: Iron Treads
|
|-weather|SunnyDay|[upkeep]
|upkeep
|turn|7
|
|t:|1781553755
|move|p1a: Iron Treads|Rapid Spin|p2a: Mandibuzz
|-damage|p2a: Mandibuzz|93/100
|-boost|p1a: Iron Treads|spe|1
|-damage|p1a: Iron Treads|84/100|[from] item: Rocky Helmet|[of] p2a: Mandibuzz
|move|p2a: Mandibuzz|Toxic|p1a: Iron Treads
|-immune|p1a: Iron Treads
|
|-weather|SunnyDay|[upkeep]
|upkeep
|turn|8
|
|t:|1781553758
|move|p1a: Iron Treads|Rapid Spin|p2a: Mandibuzz
|-damage|p2a: Mandibuzz|87/100
|-boost|p1a: Iron Treads|spe|1
|-damage|p1a: Iron Treads|67/100|[from] item: Rocky Helmet|[of] p2a: Mandibuzz
|move|p2a: Mandibuzz|Defog|p1a: Iron Treads
|-unboost|p1a: Iron Treads|evasion|1
|-sideend|p2: ghostoftheranch|Stealth Rock|[from] move: Defog|[of] p2a: Mandibuzz
|
|-weather|SunnyDay|[upkeep]
|upkeep
|turn|9
|
|t:|1781553763
|move|p1a: Iron Treads|Stealth Rock|p2a: Mandibuzz
|-sidestart|p2: ghostoftheranch|move: Stealth Rock
|move|p2a: Mandibuzz|Foul Play|p1a: Iron Treads
|-damage|p1a: Iron Treads|40/100
|
|-weather|SunnyDay|[upkeep]
|upkeep
|turn|10
|
|t:|1781553767
|move|p1a: Iron Treads|Steel Beam|p2a: Mandibuzz
|-damage|p2a: Mandibuzz|41/100
|-damage|p1a: Iron Treads|0 fnt|[from] steelbeam
|faint|p1a: Iron Treads
|-end|p1a: Iron Treads|Quark Drive|[silent]
|move|p2a: Mandibuzz|Defog|p1: Iron Treads|[notarget]
|-fail|p2a: Mandibuzz
|
|-weather|SunnyDay|[upkeep]
|upkeep
|
|t:|1781553792
|switch|p1a: Raging Bolt|Raging Bolt|100/100
|-activate|p1a: Raging Bolt|ability: Protosynthesis
|-start|p1a: Raging Bolt|protosynthesisspa
|turn|11
|
|t:|1781553797
|switch|p2a: Fezandipiti|Fezandipiti, M|100/100
|-damage|p2a: Fezandipiti|88/100|[from] Stealth Rock
|move|p1a: Raging Bolt|Weather Ball|p2a: Fezandipiti
|-damage|p2a: Fezandipiti|35/100
|
|-weather|none
|-end|p1a: Raging Bolt|Protosynthesis
|-heal|p2a: Fezandipiti|41/100|[from] item: Leftovers
|upkeep
|-enditem|p1a: Raging Bolt|Booster Energy
|-activate|p1a: Raging Bolt|ability: Protosynthesis|[fromitem]
|-start|p1a: Raging Bolt|protosynthesisspa
|turn|12
|
|t:|1781553808
|switch|p2a: Torkoal|Torkoal, F|97/100
|-damage|p2a: Torkoal|73/100|[from] Stealth Rock
|-weather|SunnyDay|[from] ability: Drought|[of] p2a: Torkoal
|-end|p1a: Raging Bolt|Protosynthesis|[silent]
|switch|p1a: Pelipper|Pelipper, M|100/100
|-weather|RainDance|[from] ability: Drizzle|[of] p1a: Pelipper
|
|-weather|RainDance|[upkeep]
|upkeep
|turn|13
|
|t:|1781553818
|move|p1a: Pelipper|Hurricane|p2a: Torkoal
|-damage|p2a: Torkoal|24/100
|move|p2a: Torkoal|Rapid Spin|p1a: Pelipper
|-damage|p1a: Pelipper|94/100
|-boost|p2a: Torkoal|spe|1
|-sideend|p2: ghostoftheranch|Stealth Rock|[from] move: Rapid Spin|[of] p2a: Torkoal
|
|-weather|RainDance|[upkeep]
|upkeep
|turn|14
|inactive|ghostoftheranch has 120 seconds left.
|
|t:|1781553870
|switch|p2a: Fezandipiti|Fezandipiti, M|41/100
|move|p1a: Pelipper|U-turn|p2a: Fezandipiti
|-resisted|p2a: Fezandipiti
|-damage|p2a: Fezandipiti|39/100
|
|t:|1781553881
|switch|p1a: Overqwil|Overqwil, F|100/100|[from] U-turn
|
|-weather|RainDance|[upkeep]
|-heal|p2a: Fezandipiti|45/100|[from] item: Leftovers
|upkeep
|turn|15
|
|t:|1781553899
|switch|p2a: Mandibuzz|Mandibuzz, F|41/100
|move|p1a: Overqwil|Swords Dance|p1a: Overqwil
|-boost|p1a: Overqwil|atk|2
|
|-weather|RainDance|[upkeep]
|upkeep
|turn|16
|
|t:|1781553903
|move|p1a: Overqwil|Liquidation|p2a: Mandibuzz
|-damage|p2a: Mandibuzz|0 fnt
|-damage|p1a: Overqwil|84/100|[from] item: Rocky Helmet|[of] p2a: Mandibuzz
|faint|p2a: Mandibuzz
|-damage|p1a: Overqwil|74/100|[from] item: Life Orb
|
|-weather|RainDance|[upkeep]
|upkeep
|
|t:|1781553909
|switch|p2a: Torkoal|Torkoal, F|24/100
|-weather|SunnyDay|[from] ability: Drought|[of] p2a: Torkoal
|turn|17
|
|t:|1781553912
|switch|p2a: Volcanion|Volcanion|47/100
|move|p1a: Overqwil|Crunch|p2a: Volcanion
|-damage|p2a: Volcanion|0 fnt
|faint|p2a: Volcanion
|-damage|p1a: Overqwil|64/100|[from] item: Life Orb
|
|-weather|SunnyDay|[upkeep]
|upkeep
|
|t:|1781553917
|switch|p2a: Great Tusk|Great Tusk|100/100
|-activate|p2a: Great Tusk|ability: Protosynthesis
|-start|p2a: Great Tusk|protosynthesisatk
|turn|18
|
|t:|1781553924
|switch|p1a: Pelipper|Pelipper, M|94/100
|-weather|RainDance|[from] ability: Drizzle|[of] p1a: Pelipper
|-end|p2a: Great Tusk|Protosynthesis
|move|p2a: Great Tusk|Knock Off|p1a: Pelipper
|-damage|p1a: Pelipper|64/100
|-enditem|p1a: Pelipper|Damp Rock|[from] move: Knock Off|[of] p2a: Great Tusk
|
|-weather|RainDance|[upkeep]
|upkeep
|turn|19
|
|t:|1781553927
|-end|p2a: Great Tusk|Protosynthesis|[silent]
|switch|p2a: Torkoal|Torkoal, F|24/100
|-weather|SunnyDay|[from] ability: Drought|[of] p2a: Torkoal
|move|p1a: Pelipper|Hurricane|p2a: Torkoal|[miss]
|-miss|p1a: Pelipper|p2a: Torkoal
|
|-weather|SunnyDay|[upkeep]
|upkeep
|turn|20
|
|t:|1781553938
|move|p1a: Pelipper|U-turn|p2a: Torkoal
|-resisted|p2a: Torkoal
|-damage|p2a: Torkoal|21/100
|
|t:|1781553939
|switch|p1a: Raging Bolt|Raging Bolt|100/100|[from] U-turn
|-activate|p1a: Raging Bolt|ability: Protosynthesis
|-start|p1a: Raging Bolt|protosynthesisspa
|move|p2a: Torkoal|Stealth Rock|p1a: Raging Bolt
|-sidestart|p1: notendistic|move: Stealth Rock
|
|-weather|SunnyDay|[upkeep]
|upkeep
|turn|21
|
|t:|1781553950
|switch|p2a: Fezandipiti|Fezandipiti, M|45/100
|move|p1a: Raging Bolt|Weather Ball|p2a: Fezandipiti
|-damage|p2a: Fezandipiti|0 fnt
|faint|p2a: Fezandipiti
|
|-weather|SunnyDay|[upkeep]
|upkeep
|
|t:|1781553958
|switch|p2a: Great Tusk|Great Tusk|100/100
|-activate|p2a: Great Tusk|ability: Protosynthesis
|-start|p2a: Great Tusk|protosynthesisatk
|turn|22
|
|t:|1781553975
|-terastallize|p1a: Raging Bolt|Fairy
|move|p2a: Great Tusk|Headlong Rush|p1a: Raging Bolt
|-damage|p1a: Raging Bolt|26/100
|-unboost|p2a: Great Tusk|def|1
|-unboost|p2a: Great Tusk|spd|1
|move|p1a: Raging Bolt|Weather Ball|p2a: Great Tusk
|-damage|p2a: Great Tusk|0 fnt
|faint|p2a: Great Tusk
|-end|p2a: Great Tusk|Protosynthesis|[silent]
|
|-weather|SunnyDay|[upkeep]
|upkeep
|
|t:|1781553985
|switch|p2a: Cinderace|Cinderace, F|100/100
|turn|23
|
|t:|1781553989
|move|p1a: Raging Bolt|Thunderclap|p2a: Cinderace
|-damage|p2a: Cinderace|17/100
|move|p2a: Cinderace|Pyro Ball|p1a: Raging Bolt
|-damage|p1a: Raging Bolt|0 fnt
|faint|p1a: Raging Bolt
|-end|p1a: Raging Bolt|Protosynthesis|[silent]
|
|-weather|SunnyDay|[upkeep]
|upkeep
|
|t:|1781553997
|switch|p1a: Barraskewda|Barraskewda, F|84/100
|-damage|p1a: Barraskewda|71/100|[from] Stealth Rock
|turn|24
|
|t:|1781554005
|move|p1a: Barraskewda|Aqua Jet|p2a: Cinderace
|-supereffective|p2a: Cinderace
|-damage|p2a: Cinderace|0 fnt
|faint|p2a: Cinderace
|
|-weather|SunnyDay|[upkeep]
|upkeep
|-message|ghostoftheranch forfeited.
|
|win|notendistic
|raw|notendistic's rating: 1551 &rarr; <strong>1573</strong><br />(+22 for winning)
|raw|ghostoftheranch's rating: 1591 &rarr; <strong>1569</strong><br />(-22 for losing)
|l|☆ghostoftheranch
|player|p2|
|l|☆notendistic
|player|p1|
