|j|☆texett
|j|☆jimola
|t:|1781400527
|gametype|singles
|player|p1|texett|jasmine|1548
|player|p2|jimola|1|1587
|gen|9
|tier|[Gen 9] OU
|rated|
|rule|HP Percentage Mod: HP is shown in percentages
|rule|Endless Battle Clause: Forcing endless battles is banned
|rule|Species Clause: Limit one of each Pokémon
|rule|OHKO Clause: OHKO moves are banned
|rule|Evasion Items Clause: Evasion items are banned
|rule|Evasion Moves Clause: Evasion moves are banned
|rule|Evasion Abilities Clause: Evasion abilities are banned
|rule|Sleep Moves Clause: Sleep-inducing moves are banned
|clearpoke
|poke|p1|Whimsicott, F|
|poke|p1|Brambleghast, M|
|poke|p1|Walking Wake|
|poke|p1|Torkoal, M|
|poke|p1|Great Tusk|
|poke|p1|Skarmory, M|
|poke|p2|Haxorus, F|
|poke|p2|Glimmora, M|
|poke|p2|Deoxys-Speed|
|poke|p2|Ceruledge, M|
|poke|p2|Iron Valiant|
|poke|p2|Iron Crown|
|teampreview
|inactive|Battle timer is ON: inactive players will automatically lose when time's up. (requested by texett)
|
|t:|1781400552
|teamsize|p1|6
|teamsize|p2|6
|start
|switch|p1a: Skarmory|Skarmory, M, shiny|100/100
|switch|p2a: Deoxys|Deoxys-Speed|100/100
|-ability|p2a: Deoxys|Pressure
|turn|1
|
|t:|1781400558
|move|p2a: Deoxys|Taunt|p1a: Skarmory
|-start|p1a: Skarmory|move: Taunt
|cant|p1a: Skarmory|move: Taunt|Stealth Rock
|
|upkeep
|turn|2
|
|t:|1781400564
|switch|p1a: Whimsicott|Whimsicott, F, shiny|100/100
|move|p2a: Deoxys|Stealth Rock|p1a: Whimsicott
|-sidestart|p1: texett|move: Stealth Rock
|
|upkeep
|turn|3
|
|t:|1781400572
|switch|p2a: Glimmora|Glimmora, M|100/100
|move|p1a: Whimsicott|Encore||[still]
|-fail|p1a: Whimsicott
|
|upkeep
|turn|4
|
|t:|1781400585
|switch|p1a: Great Tusk|Great Tusk, shiny|100/100
|move|p2a: Glimmora|Mortal Spin|p1a: Great Tusk
|-resisted|p1a: Great Tusk
|-damage|p1a: Great Tusk|99/100
|-status|p1a: Great Tusk|psn
|
|-damage|p1a: Great Tusk|86/100 psn|[from] psn
|upkeep
|turn|5
|
|t:|1781400612
|switch|p2a: Ceruledge|Ceruledge, M|100/100
|move|p1a: Great Tusk|Knock Off|p2a: Ceruledge
|-supereffective|p2a: Ceruledge
|-crit|p2a: Ceruledge
|-enditem|p2a: Ceruledge|Focus Sash
|-damage|p2a: Ceruledge|1/100
|-ability|p2a: Ceruledge|Weak Armor|boost
|-unboost|p2a: Ceruledge|def|1
|-boost|p2a: Ceruledge|spe|2
|
|-damage|p1a: Great Tusk|74/100 psn|[from] psn
|upkeep
|turn|6
|
|t:|1781400623
|move|p2a: Ceruledge|Poltergeist|p1a: Great Tusk
|-activate|p1a: Great Tusk|move: Poltergeist|Heavy-Duty Boots
|-damage|p1a: Great Tusk|35/100 psn
|move|p1a: Great Tusk|Knock Off|p2a: Ceruledge
|-supereffective|p2a: Ceruledge
|-damage|p2a: Ceruledge|0 fnt
|faint|p2a: Ceruledge
|
|-damage|p1a: Great Tusk|22/100 psn|[from] psn
|upkeep
|inactive|jimola has 120 seconds left.
|
|t:|1781400642
|switch|p2a: Deoxys|Deoxys-Speed|100/100
|-ability|p2a: Deoxys|Pressure
|turn|7
|
|t:|1781400650
|move|p2a: Deoxys|Psycho Boost|p1a: Great Tusk
|-supereffective|p1a: Great Tusk
|-damage|p1a: Great Tusk|0 fnt
|-unboost|p2a: Deoxys|spa|2
|faint|p1a: Great Tusk
|-end|p1a: Great Tusk|Protosynthesis|[silent]
|-enditem|p2a: Deoxys|Eject Pack
|inactive|jimola has 120 seconds left.
|
|t:|1781400662
|switch|p2a: Haxorus|Haxorus, F|100/100
|-ability|p2a: Haxorus|Mold Breaker
|
|upkeep
|
|t:|1781400665
|switch|p1a: Skarmory|Skarmory, M, shiny|100/100
|-damage|p1a: Skarmory|88/100|[from] Stealth Rock
|turn|8
|
|t:|1781400672
|switch|p2a: Glimmora|Glimmora, M|100/100
|move|p1a: Skarmory|Stealth Rock|p2a: Glimmora
|-sidestart|p2: jimola|move: Stealth Rock
|
|upkeep
|turn|9
|
|t:|1781400679
|move|p2a: Glimmora|Meteor Beam||[still]
|-prepare|p2a: Glimmora|Meteor Beam
|-boost|p2a: Glimmora|spa|1
|-enditem|p2a: Glimmora|Power Herb
|-anim|p2a: Glimmora|Meteor Beam|p1a: Skarmory
|-damage|p1a: Skarmory|0 fnt
|faint|p1a: Skarmory
|
|upkeep
|
|t:|1781400685
|switch|p1a: Whimsicott|Whimsicott, F, shiny|100/100
|-damage|p1a: Whimsicott|88/100|[from] Stealth Rock
|turn|10
|
|t:|1781400690
|move|p1a: Whimsicott|Tailwind|p1a: Whimsicott
|-sidestart|p1: texett|move: Tailwind
|move|p2a: Glimmora|Power Gem|p1a: Whimsicott
|-damage|p1a: Whimsicott|9/100
|-enditem|p1a: Whimsicott|Eject Button
|
|t:|1781400707
|switch|p1a: Brambleghast|Brambleghast, M, shiny|100/100
|-damage|p1a: Brambleghast|88/100|[from] Stealth Rock
|-ability|p1a: Brambleghast|Wind Rider|boost
|-boost|p1a: Brambleghast|atk|1
|
|upkeep
|turn|11
|
|t:|1781400716
|move|p1a: Brambleghast|Power Whip|p2a: Glimmora
|-damage|p2a: Glimmora|0 fnt
|-activate|p2a: Glimmora|ability: Toxic Debris
|-sidestart|p1: texett|move: Toxic Spikes
|faint|p2a: Glimmora
|-damage|p1a: Brambleghast|78/100|[from] item: Life Orb
|
|upkeep
|inactive|jimola has 120 seconds left.
|
|t:|1781400747
|switch|p2a: Iron Crown|Iron Crown|100/100
|-damage|p2a: Iron Crown|94/100|[from] Stealth Rock
|-enditem|p2a: Iron Crown|Booster Energy
|-activate|p2a: Iron Crown|ability: Quark Drive|[fromitem]
|-start|p2a: Iron Crown|quarkdrivespe
|turn|12
|inactive|jimola has 120 seconds left.
|
|t:|1781400757
|-terastallize|p1a: Brambleghast|Ghost
|-terastallize|p2a: Iron Crown|Fighting
|move|p1a: Brambleghast|Shadow Sneak|p2a: Iron Crown
|-damage|p2a: Iron Crown|37/100
|-damage|p1a: Brambleghast|68/100|[from] item: Life Orb
|move|p2a: Iron Crown|Tachyon Cutter|p1a: Brambleghast
|-damage|p1a: Brambleghast|23/100
|-damage|p1a: Brambleghast|0 fnt
|faint|p1a: Brambleghast
|-hitcount|p1: Brambleghast|2
|
|upkeep
|
|t:|1781400763
|switch|p1a: Walking Wake|Walking Wake|100/100
|-damage|p1a: Walking Wake|88/100|[from] Stealth Rock
|-status|p1a: Walking Wake|psn
|turn|13
|
|t:|1781400775
|move|p1a: Walking Wake|Hydro Steam|p2a: Iron Crown
|-damage|p2a: Iron Crown|0 fnt
|faint|p2a: Iron Crown
|-end|p2a: Iron Crown|Quark Drive|[silent]
|
|-damage|p1a: Walking Wake|76/100 psn|[from] psn
|-sideend|p1: texett|move: Tailwind
|upkeep
|inactive|jimola has 120 seconds left.
|
|t:|1781400797
|switch|p2a: Haxorus|Haxorus, F|100/100
|-damage|p2a: Haxorus|88/100|[from] Stealth Rock
|-ability|p2a: Haxorus|Mold Breaker
|turn|14
|
|t:|1781400802
|-end|p1a: Walking Wake|Protosynthesis|[silent]
|switch|p1a: Torkoal|Torkoal, M, shiny|100/100
|-damage|p1a: Torkoal|76/100|[from] Stealth Rock
|-status|p1a: Torkoal|psn
|-weather|SunnyDay|[from] ability: Drought|[of] p1a: Torkoal
|move|p2a: Haxorus|Scale Shot|p1a: Torkoal
|-damage|p1a: Torkoal|64/100 psn
|-damage|p1a: Torkoal|53/100 psn
|-damage|p1a: Torkoal|41/100 psn
|-hitcount|p1a: Torkoal|3
|-enditem|p1a: Torkoal|Eject Button
|-unboost|p2a: Haxorus|def|1
|-boost|p2a: Haxorus|spe|1
|-damage|p2a: Haxorus|78/100|[from] item: Life Orb
|
|t:|1781400806
|switch|p1a: Walking Wake|Walking Wake|76/100 psn
|-damage|p1a: Walking Wake|63/100 psn|[from] Stealth Rock
|-activate|p1a: Walking Wake|ability: Protosynthesis
|-start|p1a: Walking Wake|protosynthesisspa
|
|-weather|SunnyDay|[upkeep]
|-damage|p1a: Walking Wake|51/100 psn|[from] psn
|upkeep
|turn|15
|
|t:|1781400818
|-end|p1a: Walking Wake|Protosynthesis|[silent]
|switch|p1a: Torkoal|Torkoal, M, shiny|41/100 psn
|-damage|p1a: Torkoal|17/100 psn|[from] Stealth Rock
|move|p2a: Haxorus|Close Combat|p1a: Torkoal
|-damage|p1a: Torkoal|0 fnt
|-unboost|p2a: Haxorus|def|1
|-unboost|p2a: Haxorus|spd|1
|faint|p1a: Torkoal
|-damage|p2a: Haxorus|69/100|[from] item: Life Orb
|
|-weather|SunnyDay|[upkeep]
|upkeep
|-message|texett forfeited.
|
|win|jimola
|raw|texett's rating: 1548 &rarr; <strong>1530</strong><br />(-18 for losing)
|raw|jimola's rating: 1587 &rarr; <strong>1605</strong><br />(+18 for winning)
|l|☆texett
|player|p1|
|l|☆jimola
|player|p2|
