|j|☆c u soon boi
|j|☆blackgokuking
|t:|1781218823
|gametype|singles
|player|p1|c u soon boi|266|1708
|player|p2|blackgokuking|169|1709
|gen|9
|tier|[Gen 9] OU
|rated|
|rule|HP Percentage Mod: HP is shown in percentages
|rule|Endless Battle Clause: Forcing endless battles is banned
|rule|Species Clause: Limit one of each Pokémon
|rule|OHKO Clause: OHKO moves are banned
|rule|Evasion Items Clause: Evasion items are banned
|rule|Evasion Moves Clause: Evasion moves are banned
|rule|Evasion Abilities Clause: Evasion abilities are banned
|rule|Sleep Moves Clause: Sleep-inducing moves are banned
|clearpoke
|poke|p1|Deoxys-Speed|
|poke|p1|Raging Bolt|
|poke|p1|Kingambit, M|
|poke|p1|Iron Moth|
|poke|p1|Dragonite, M|
|poke|p1|Iron Valiant|
|poke|p2|Deoxys-Defense|
|poke|p2|Kingambit, F|
|poke|p2|Dragonite, M|
|poke|p2|Ogerpon-Wellspring, F|
|poke|p2|Cinderace, M|
|poke|p2|Enamorus, F|
|teampreview
|
|t:|1781218833
|teamsize|p1|6
|teamsize|p2|6
|start
|switch|p1a: Deoxys|Deoxys-Speed|100/100
|switch|p2a: Enamorus|Enamorus, F|100/100
|-ability|p1a: Deoxys|Pressure
|turn|1
|
|t:|1781218841
|move|p1a: Deoxys|Thunder Wave|p2a: Enamorus
|-status|p2a: Enamorus|par
|move|p2a: Enamorus|Moonblast|p1a: Deoxys
|-damage|p1a: Deoxys|14/100
|
|upkeep
|turn|2
|
|t:|1781218847
|move|p1a: Deoxys|Stealth Rock|p2a: Enamorus
|-sidestart|p2: blackgokuking|move: Stealth Rock
|cant|p2a: Enamorus|par
|
|upkeep
|turn|3
|
|t:|1781218854
|move|p1a: Deoxys|Focus Blast|p2a: Enamorus
|-resisted|p2a: Enamorus
|-damage|p2a: Enamorus|88/100 par
|move|p2a: Enamorus|Moonblast|p1a: Deoxys
|-damage|p1a: Deoxys|0 fnt
|faint|p1a: Deoxys
|
|upkeep
|
|t:|1781218862
|switch|p1a: Iron Moth|Iron Moth|100/100
|-enditem|p1a: Iron Moth|Booster Energy
|-activate|p1a: Iron Moth|ability: Quark Drive|[fromitem]
|-start|p1a: Iron Moth|quarkdrivespa
|turn|4
|
|t:|1781218869
|move|p1a: Iron Moth|Flame Charge|p2a: Enamorus
|-damage|p2a: Enamorus|69/100 par
|-boost|p1a: Iron Moth|spe|1
|move|p2a: Enamorus|Moonblast|p1a: Iron Moth
|-resisted|p1a: Iron Moth
|-damage|p1a: Iron Moth|87/100
|
|upkeep
|turn|5
|
|t:|1781218877
|move|p1a: Iron Moth|Fiery Dance|p2a: Enamorus
|-damage|p2a: Enamorus|0 fnt
|-boost|p1a: Iron Moth|spa|1
|faint|p2a: Enamorus
|
|upkeep
|
|t:|1781218889
|switch|p2a: Cinderace|Cinderace, M|100/100
|turn|6
|
|t:|1781218893
|move|p1a: Iron Moth|Psychic|p2a: Cinderace
|-damage|p2a: Cinderace|3/100
|move|p2a: Cinderace|Court Change|p2a: Cinderace
|-start|p2a: Cinderace|typechange|Normal|[from] ability: Libero
|-swapsideconditions
|-activate|p2a: Cinderace|move: Court Change
|
|upkeep
|turn|7
|
|t:|1781218901
|move|p1a: Iron Moth|Fiery Dance|p2a: Cinderace
|-damage|p2a: Cinderace|0 fnt
|-boost|p1a: Iron Moth|spa|1
|faint|p2a: Cinderace
|
|upkeep
|
|t:|1781218906
|switch|p2a: Dragonite|Dragonite, M|100/100
|turn|8
|
|t:|1781218911
|-terastallize|p1a: Iron Moth|Fairy
|move|p1a: Iron Moth|Dazzling Gleam|p2a: Dragonite
|-supereffective|p2a: Dragonite
|-damage|p2a: Dragonite|0 fnt
|faint|p2a: Dragonite
|
|upkeep
|
|t:|1781218917
|switch|p2a: Deoxys|Deoxys-Defense|100/100
|-ability|p2a: Deoxys|Pressure
|turn|9
|j| rexa2
|
|t:|1781218927
|move|p1a: Iron Moth|Fiery Dance|p2a: Deoxys
|-damage|p2a: Deoxys|21/100
|-boost|p1a: Iron Moth|spa|1
|move|p2a: Deoxys|Cosmic Power|p2a: Deoxys
|-boost|p2a: Deoxys|def|1
|-boost|p2a: Deoxys|spd|1
|
|upkeep
|turn|10
|-message|blackgokuking forfeited.
|
|win|c u soon boi
|raw|c u soon boi's rating: 1708 &rarr; <strong>1728</strong><br />(+20 for winning)
|raw|blackgokuking's rating: 1709 &rarr; <strong>1689</strong><br />(-20 for losing)
|l|☆blackgokuking
|player|p2|
|l|☆c u soon boi
|player|p1|
|l| rexa2
