|badge|p1|bronze|gen9ou|100-9
|uhtml|medal-msg|<div class="broadcast-blue">Curious what those medals under the avatar are? PS now has Ladder Seasons! For more information, check out the <a href="https://www.smogon.com/forums/threads/3740067/">thread on Smogon.</a></div>
|j|☆rblt ryo
|j|‽LT_Alt1
|t:|1780910684
|gametype|singles
|player|p1|rblt ryo|grimsley-gen7|1818
|player|p2|LT_Alt1|265|1756
|gen|9
|tier|[Gen 9] OU
|rated|
|rule|HP Percentage Mod: HP is shown in percentages
|rule|Endless Battle Clause: Forcing endless battles is banned
|rule|Species Clause: Limit one of each Pokémon
|rule|OHKO Clause: OHKO moves are banned
|rule|Evasion Items Clause: Evasion items are banned
|rule|Evasion Moves Clause: Evasion moves are banned
|rule|Evasion Abilities Clause: Evasion abilities are banned
|rule|Sleep Moves Clause: Sleep-inducing moves are banned
|clearpoke
|poke|p1|Metagross|
|poke|p1|Keldeo-Resolute|
|poke|p1|Ting-Lu|
|poke|p1|Pecharunt|
|poke|p1|Dragapult, M|
|poke|p1|Zapdos|
|poke|p2|Garganacl, F|
|poke|p2|Slowking-Galar, F|
|poke|p2|Kyurem|
|poke|p2|Weezing-Galar, F|
|poke|p2|Moltres|
|poke|p2|Iron Treads|
|teampreview
|n|‽LT_Alt1|ltalt1
|n|‽LT_Alt1|ltalt1
|
|t:|1780910742
|teamsize|p1|6
|teamsize|p2|6
|start
|switch|p1a: Keldeo|Keldeo-Resolute, shiny|100/100
|switch|p2a: Slowking|Slowking-Galar, F|100/100
|turn|1
|
|t:|1780910760
|-terastallize|p1a: Keldeo|Water
|move|p1a: Keldeo|Surf|p2a: Slowking
|-damage|p2a: Slowking|49/100
|move|p2a: Slowking|Future Sight|p1a: Keldeo
|-start|p2a: Slowking|move: Future Sight
|
|upkeep
|turn|2
|
|t:|1780910768
|-terastallize|p2a: Slowking|Water
|move|p1a: Keldeo|Surf|p2a: Slowking
|-resisted|p2a: Slowking
|-damage|p2a: Slowking|22/100
|move|p2a: Slowking|Thunder Wave|p1a: Keldeo
|-status|p1a: Keldeo|par
|
|upkeep
|turn|3
|
|t:|1780910775
|switch|p2a: Kyurem|Kyurem|100/100
|-ability|p2a: Kyurem|Pressure
|cant|p1a: Keldeo|par
|
|-end|p1a: Keldeo|move: Future Sight
|-damage|p1a: Keldeo|51/100 par
|upkeep
|turn|4
|
|t:|1780910783
|switch|p1a: Metagross|Metagross, shiny|100/100
|move|p2a: Kyurem|Freeze-Dry|p1a: Metagross
|-resisted|p1a: Metagross
|-damage|p1a: Metagross|86/100
|
|upkeep
|turn|5
|j| choispecs ironmoth
|
|t:|1780910797
|switch|p2a: Moltres|Moltres|100/100
|move|p1a: Metagross|Knock Off|p2a: Moltres
|-damage|p2a: Moltres|71/100
|-status|p1a: Metagross|brn|[from] ability: Flame Body|[of] p2a: Moltres
|-enditem|p2a: Moltres|Heavy-Duty Boots|[from] move: Knock Off|[of] p1a: Metagross
|
|-damage|p1a: Metagross|80/100 brn|[from] brn
|upkeep
|turn|6
|
|t:|1780910805
|switch|p1a: Ting-Lu|Ting-Lu|100/100
|-ability|p1a: Ting-Lu|Vessel of Ruin
|move|p2a: Moltres|U-turn|p1a: Ting-Lu
|-supereffective|p1a: Ting-Lu
|-damage|p1a: Ting-Lu|85/100
|
|t:|1780910808
|switch|p2a: Weezing|Weezing-Galar, F|100/100|[from] U-turn
|-ability|p2a: Weezing|Neutralizing Gas
|
|-heal|p1a: Ting-Lu|91/100|[from] item: Leftovers
|upkeep
|turn|7
|
|t:|1780910813
|switch|p1a: Metagross|Metagross, shiny|80/100 brn
|move|p2a: Weezing|Strange Steam|p1a: Metagross
|-resisted|p1a: Metagross
|-damage|p1a: Metagross|71/100 brn
|-start|p1a: Metagross|confusion
|
|-damage|p1a: Metagross|65/100 brn|[from] brn
|upkeep
|turn|8
|
|t:|1780910823
|-end|p2a: Weezing|ability: Neutralizing Gas
|switch|p2a: Moltres|Moltres|71/100
|switch|p1a: Ting-Lu|Ting-Lu|91/100
|-ability|p1a: Ting-Lu|Vessel of Ruin
|
|-heal|p1a: Ting-Lu|97/100|[from] item: Leftovers
|upkeep
|turn|9
|
|t:|1780910826
|move|p2a: Moltres|Will-O-Wisp|p1a: Ting-Lu
|-status|p1a: Ting-Lu|brn
|move|p1a: Ting-Lu|Stealth Rock|p2a: Moltres
|-sidestart|p2: LT_Alt1|move: Stealth Rock
|
|-heal|p1a: Ting-Lu|100/100 brn|[from] item: Leftovers
|-damage|p1a: Ting-Lu|94/100 brn|[from] brn
|upkeep
|turn|10
|
|t:|1780910838
|move|p2a: Moltres|U-turn|p1a: Ting-Lu
|-supereffective|p1a: Ting-Lu
|-damage|p1a: Ting-Lu|78/100 brn
|
|t:|1780910842
|switch|p2a: Weezing|Weezing-Galar, F|100/100|[from] U-turn
|-ability|p2a: Weezing|Neutralizing Gas
|-damage|p2a: Weezing|88/100|[from] Stealth Rock
|move|p1a: Ting-Lu|Ruination|p2a: Weezing
|-damage|p2a: Weezing|44/100
|
|-heal|p2a: Weezing|50/100|[from] item: Leftovers
|-heal|p1a: Ting-Lu|84/100 brn|[from] item: Leftovers
|-damage|p1a: Ting-Lu|78/100 brn|[from] brn
|upkeep
|turn|11
|
|t:|1780910850
|switch|p1a: Metagross|Metagross, shiny|65/100 brn
|move|p2a: Weezing|Defog|p1a: Metagross
|-unboost|p1a: Metagross|evasion|1
|-sideend|p2: LT_Alt1|Stealth Rock|[from] move: Defog|[of] p2a: Weezing
|
|-heal|p2a: Weezing|56/100|[from] item: Leftovers
|-damage|p1a: Metagross|59/100 brn|[from] brn
|upkeep
|turn|12
|
|t:|1780910853
|-end|p2a: Weezing|ability: Neutralizing Gas
|switch|p2a: Moltres|Moltres|71/100
|move|p1a: Metagross|Psychic Fangs|p2a: Moltres
|-damage|p2a: Moltres|54/100
|
|-damage|p1a: Metagross|53/100 brn|[from] brn
|upkeep
|turn|13
|
|t:|1780910866
|switch|p1a: Zapdos|Zapdos|100/100
|move|p2a: Moltres|Roost|p2a: Moltres
|-heal|p2a: Moltres|100/100
|-singleturn|p2a: Moltres|move: Roost
|
|upkeep
|turn|14
|
|t:|1780910874
|switch|p2a: Garganacl|Garganacl, F|100/100
|move|p1a: Zapdos|Volt Switch|p2a: Garganacl
|-damage|p2a: Garganacl|74/100
|
|t:|1780910876
|switch|p1a: Keldeo|Keldeo-Resolute, shiny, tera:Water|51/100 par|[from] Volt Switch
|
|-heal|p2a: Garganacl|80/100|[from] item: Leftovers
|upkeep
|turn|15
|
|t:|1780910885
|switch|p2a: Slowking|Slowking-Galar, F, tera:Water|55/100
|move|p1a: Keldeo|Surf|p2a: Slowking
|-resisted|p2a: Slowking
|-damage|p2a: Slowking|26/100
|
|upkeep
|turn|16
|
|t:|1780910889
|move|p1a: Keldeo|Surf|p2a: Slowking
|-resisted|p2a: Slowking
|-damage|p2a: Slowking|0 fnt
|faint|p2a: Slowking
|
|upkeep
|
|t:|1780910891
|switch|p2a: Kyurem|Kyurem|100/100
|-ability|p2a: Kyurem|Pressure
|turn|17
|
|t:|1780910905
|switch|p1a: Metagross|Metagross, shiny|53/100 brn
|move|p2a: Kyurem|Freeze-Dry|p1a: Metagross
|-resisted|p1a: Metagross
|-damage|p1a: Metagross|39/100 brn
|
|-damage|p1a: Metagross|33/100 brn|[from] brn
|upkeep
|turn|18
|
|t:|1780910909
|move|p2a: Kyurem|Earth Power|p1a: Metagross
|-supereffective|p1a: Metagross
|-damage|p1a: Metagross|0 fnt
|faint|p1a: Metagross
|
|upkeep
|
|t:|1780910935
|switch|p1a: Dragapult|Dragapult, M|100/100
|turn|19
|
|t:|1780910938
|switch|p2a: Weezing|Weezing-Galar, F|56/100
|-ability|p2a: Weezing|Neutralizing Gas
|move|p1a: Dragapult|U-turn|p2a: Weezing
|-resisted|p2a: Weezing
|-damage|p2a: Weezing|53/100
|
|t:|1780910955
|switch|p1a: Keldeo|Keldeo-Resolute, shiny, tera:Water|51/100 par|[from] U-turn
|
|-heal|p2a: Weezing|59/100|[from] item: Leftovers
|upkeep
|turn|20
|
|t:|1780910960
|move|p2a: Weezing|Strange Steam|p1a: Keldeo
|-damage|p1a: Keldeo|19/100 par
|move|p1a: Keldeo|Surf|p2a: Weezing
|-damage|p2a: Weezing|0 fnt
|faint|p2a: Weezing
|-end|p2a: Weezing|ability: Neutralizing Gas
|
|upkeep
|
|t:|1780910962
|switch|p2a: Kyurem|Kyurem|100/100
|-ability|p2a: Kyurem|Pressure
|turn|21
|
|t:|1780910974
|switch|p1a: Ting-Lu|Ting-Lu|78/100 brn
|-ability|p1a: Ting-Lu|Vessel of Ruin
|move|p2a: Kyurem|Scale Shot|p1a: Ting-Lu|[miss]
|-miss|p2a: Kyurem|p1a: Ting-Lu
|
|-heal|p1a: Ting-Lu|84/100 brn|[from] item: Leftovers
|-damage|p1a: Ting-Lu|78/100 brn|[from] brn
|upkeep
|turn|22
|
|t:|1780910984
|move|p2a: Kyurem|Ice Beam|p1a: Ting-Lu
|-supereffective|p1a: Ting-Lu
|-damage|p1a: Ting-Lu|32/100 brn
|move|p1a: Ting-Lu|Stealth Rock|p2a: Kyurem
|-sidestart|p2: LT_Alt1|move: Stealth Rock
|
|-heal|p1a: Ting-Lu|38/100 brn|[from] item: Leftovers
|-damage|p1a: Ting-Lu|32/100 brn|[from] brn
|upkeep
|turn|23
|
|t:|1780910992
|move|p2a: Kyurem|Ice Beam|p1a: Ting-Lu
|-supereffective|p1a: Ting-Lu
|-damage|p1a: Ting-Lu|0 fnt
|faint|p1a: Ting-Lu
|
|upkeep
|
|t:|1780910996
|switch|p1a: Dragapult|Dragapult, M|100/100
|turn|24
|
|t:|1780911008
|switch|p2a: Iron Treads|Iron Treads|100/100
|-damage|p2a: Iron Treads|98/100|[from] Stealth Rock
|move|p1a: Dragapult|Draco Meteor|p2a: Iron Treads
|-resisted|p2a: Iron Treads
|-damage|p2a: Iron Treads|59/100
|-unboost|p1a: Dragapult|spa|2
|
|-heal|p2a: Iron Treads|65/100|[from] item: Leftovers
|upkeep
|turn|25
|
|t:|1780911017
|switch|p1a: Pecharunt|Pecharunt|100/100
|move|p2a: Iron Treads|Stealth Rock|p1a: Pecharunt
|-sidestart|p1: rblt ryo|move: Stealth Rock
|
|-heal|p2a: Iron Treads|71/100|[from] item: Leftovers
|upkeep
|turn|26
|
|t:|1780911021
|move|p2a: Iron Treads|Knock Off|p1a: Pecharunt
|-supereffective|p1a: Pecharunt
|-damage|p1a: Pecharunt|76/100
|-enditem|p1a: Pecharunt|Heavy-Duty Boots|[from] move: Knock Off|[of] p2a: Iron Treads
|move|p1a: Pecharunt|Foul Play|p2a: Iron Treads
|-damage|p2a: Iron Treads|54/100
|
|-heal|p2a: Iron Treads|60/100|[from] item: Leftovers
|upkeep
|turn|27
|
|t:|1780911025
|move|p2a: Iron Treads|Earthquake|p1a: Pecharunt
|-supereffective|p1a: Pecharunt
|-damage|p1a: Pecharunt|41/100
|move|p1a: Pecharunt|Foul Play|p2a: Iron Treads
|-damage|p2a: Iron Treads|42/100
|
|-heal|p2a: Iron Treads|48/100|[from] item: Leftovers
|upkeep
|turn|28
|
|t:|1780911028
|move|p2a: Iron Treads|Earthquake|p1a: Pecharunt
|-supereffective|p1a: Pecharunt
|-damage|p1a: Pecharunt|4/100
|move|p1a: Pecharunt|Recover|p1a: Pecharunt
|-heal|p1a: Pecharunt|54/100
|
|-heal|p2a: Iron Treads|54/100|[from] item: Leftovers
|upkeep
|turn|29
|
|t:|1780911030
|move|p2a: Iron Treads|Earthquake|p1a: Pecharunt
|-supereffective|p1a: Pecharunt
|-damage|p1a: Pecharunt|20/100
|move|p1a: Pecharunt|Recover|p1a: Pecharunt
|-heal|p1a: Pecharunt|70/100
|
|-heal|p2a: Iron Treads|60/100|[from] item: Leftovers
|upkeep
|turn|30
|
|t:|1780911035
|move|p2a: Iron Treads|Earthquake|p1a: Pecharunt
|-supereffective|p1a: Pecharunt
|-damage|p1a: Pecharunt|36/100
|move|p1a: Pecharunt|Recover|p1a: Pecharunt
|-heal|p1a: Pecharunt|86/100
|
|-heal|p2a: Iron Treads|66/100|[from] item: Leftovers
|upkeep
|turn|31
|
|t:|1780911039
|move|p2a: Iron Treads|Earthquake|p1a: Pecharunt
|-supereffective|p1a: Pecharunt
|-damage|p1a: Pecharunt|52/100
|move|p1a: Pecharunt|Foul Play|p2a: Iron Treads
|-damage|p2a: Iron Treads|47/100
|
|-heal|p2a: Iron Treads|53/100|[from] item: Leftovers
|upkeep
|turn|32
|
|t:|1780911041
|move|p2a: Iron Treads|Earthquake|p1a: Pecharunt
|-supereffective|p1a: Pecharunt
|-damage|p1a: Pecharunt|14/100
|move|p1a: Pecharunt|Recover|p1a: Pecharunt
|-heal|p1a: Pecharunt|64/100
|
|-heal|p2a: Iron Treads|59/100|[from] item: Leftovers
|upkeep
|turn|33
|
|t:|1780911043
|switch|p1a: Zapdos|Zapdos|100/100
|move|p2a: Iron Treads|Earthquake|p1a: Zapdos
|-immune|p1a: Zapdos
|
|-heal|p2a: Iron Treads|65/100|[from] item: Leftovers
|upkeep
|turn|34
|
|t:|1780911048
|move|p2a: Iron Treads|Rapid Spin|p1a: Zapdos
|-damage|p1a: Zapdos|85/100
|-boost|p2a: Iron Treads|spe|1
|-sideend|p2: LT_Alt1|Stealth Rock|[from] move: Rapid Spin|[of] p2a: Iron Treads
|move|p1a: Zapdos|Heat Wave|p2a: Iron Treads
|-supereffective|p2a: Iron Treads
|-damage|p2a: Iron Treads|0 fnt
|faint|p2a: Iron Treads
|-end|p2a: Iron Treads|Quark Drive|[silent]
|
|upkeep
|
|t:|1780911050
|switch|p2a: Kyurem|Kyurem|100/100
|-ability|p2a: Kyurem|Pressure
|turn|35
|
|t:|1780911072
|move|p1a: Zapdos|Volt Switch|p2a: Kyurem
|-resisted|p2a: Kyurem
|-damage|p2a: Kyurem|85/100
|
|t:|1780911074
|switch|p1a: Pecharunt|Pecharunt|64/100|[from] Volt Switch
|-damage|p1a: Pecharunt|52/100|[from] Stealth Rock
|move|p2a: Kyurem|Ice Beam|p1a: Pecharunt
|-damage|p1a: Pecharunt|3/100
|
|upkeep
|turn|36
|
|t:|1780911081
|move|p2a: Kyurem|Scale Shot|p1a: Pecharunt
|-damage|p1a: Pecharunt|0 fnt
|faint|p1a: Pecharunt
|-hitcount|p1: Pecharunt|1
|-unboost|p2a: Kyurem|def|1
|-boost|p2a: Kyurem|spe|1
|
|upkeep
|
|t:|1780911082
|switch|p1a: Dragapult|Dragapult, M|100/100
|-damage|p1a: Dragapult|88/100|[from] Stealth Rock
|turn|37
|
|t:|1780911084
|move|p1a: Dragapult|Draco Meteor|p2a: Kyurem
|-supereffective|p2a: Kyurem
|-damage|p2a: Kyurem|0 fnt
|-unboost|p1a: Dragapult|spa|2
|faint|p2a: Kyurem
|
|upkeep
|
|t:|1780911088
|switch|p2a: Garganacl|Garganacl, F|80/100
|turn|38
|
|t:|1780911093
|move|p1a: Dragapult|Draco Meteor|p2a: Garganacl
|-damage|p2a: Garganacl|58/100
|-unboost|p1a: Dragapult|spa|2
|move|p2a: Garganacl|Salt Cure|p1a: Dragapult
|-crit|p1a: Dragapult
|-damage|p1a: Dragapult|61/100
|-start|p1a: Dragapult|Salt Cure
|
|-heal|p2a: Garganacl|64/100|[from] item: Leftovers
|-damage|p1a: Dragapult|48/100|[from] Salt Cure
|upkeep
|turn|39
|
|t:|1780911102
|move|p1a: Dragapult|Draco Meteor|p2a: Garganacl
|-damage|p2a: Garganacl|49/100
|-unboost|p1a: Dragapult|spa|2
|move|p2a: Garganacl|Salt Cure|p1a: Dragapult
|-damage|p1a: Dragapult|31/100
|
|-heal|p2a: Garganacl|55/100|[from] item: Leftovers
|-damage|p1a: Dragapult|19/100|[from] Salt Cure
|upkeep
|turn|40
|
|t:|1780911106
|move|p1a: Dragapult|Draco Meteor|p2a: Garganacl
|-damage|p2a: Garganacl|44/100
|move|p2a: Garganacl|Recover|p2a: Garganacl
|-heal|p2a: Garganacl|94/100
|
|-heal|p2a: Garganacl|99/100|[from] item: Leftovers
|-damage|p1a: Dragapult|6/100|[from] Salt Cure
|upkeep
|turn|41
|
|t:|1780911109
|switch|p2a: Moltres|Moltres|100/100
|move|p1a: Dragapult|Draco Meteor|p2a: Moltres
|-damage|p2a: Moltres|86/100
|
|-damage|p1a: Dragapult|0 fnt|[from] Salt Cure
|faint|p1a: Dragapult
|upkeep
|
|t:|1780911113
|switch|p1a: Zapdos|Zapdos|85/100
|turn|42
|
|t:|1780911122
|move|p1a: Zapdos|Hurricane|p2a: Moltres
|-damage|p2a: Moltres|33/100
|move|p2a: Moltres|Flamethrower|p1a: Zapdos
|-damage|p1a: Zapdos|38/100
|
|upkeep
|turn|43
|
|t:|1780911139
|switch|p2a: Garganacl|Garganacl, F|99/100
|move|p1a: Zapdos|Hurricane|p2a: Garganacl|[miss]
|-miss|p1a: Zapdos|p2a: Garganacl
|
|-heal|p2a: Garganacl|100/100|[from] item: Leftovers
|upkeep
|turn|44
|
|t:|1780911142
|move|p1a: Zapdos|Hurricane|p2a: Garganacl
|-resisted|p2a: Garganacl
|-damage|p2a: Garganacl|79/100
|move|p2a: Garganacl|Salt Cure|p1a: Zapdos
|-supereffective|p1a: Zapdos
|-damage|p1a: Zapdos|5/100
|-start|p1a: Zapdos|Salt Cure
|
|-heal|p2a: Garganacl|86/100|[from] item: Leftovers
|-damage|p1a: Zapdos|0 fnt|[from] Salt Cure
|faint|p1a: Zapdos
|upkeep
|
|t:|1780911143
|switch|p1a: Keldeo|Keldeo-Resolute, shiny, tera:Water|19/100 par
|-damage|p1a: Keldeo|7/100 par|[from] Stealth Rock
|turn|45
|
|t:|1780911146
|move|p1a: Keldeo|Surf|p2a: Garganacl
|-supereffective|p2a: Garganacl
|-damage|p2a: Garganacl|0 fnt
|faint|p2a: Garganacl
|
|upkeep
|
|t:|1780911147
|switch|p2a: Moltres|Moltres|33/100
|turn|46
|
|t:|1780911150
|move|p2a: Moltres|U-turn|p1a: Keldeo
|-damage|p1a: Keldeo|0 fnt
|faint|p1a: Keldeo
|
|win|LT_Alt1
|raw|rblt ryo's rating: 1818 &rarr; <strong>1794</strong><br />(-24 for losing)
|raw|LT_Alt1's rating: 1756 &rarr; <strong>1780</strong><br />(+24 for winning)
|j| frinzo
|l| choispecs ironmoth
|j| choispecs ironmoth
