|j|☆Thederpa1
|j|☆muskat-mix
|t:|1781013210
|gametype|singles
|player|p1|Thederpa1|swimmer-gen4dp|1538
|player|p2|muskat-mix|2|1515
|gen|9
|tier|[Gen 9] OU
|rated|
|rule|HP Percentage Mod: HP is shown in percentages
|rule|Endless Battle Clause: Forcing endless battles is banned
|rule|Species Clause: Limit one of each Pokémon
|rule|OHKO Clause: OHKO moves are banned
|rule|Evasion Items Clause: Evasion items are banned
|rule|Evasion Moves Clause: Evasion moves are banned
|rule|Evasion Abilities Clause: Evasion abilities are banned
|rule|Sleep Moves Clause: Sleep-inducing moves are banned
|clearpoke
|poke|p1|Corviknight, M|
|poke|p1|Tyranitar, M|
|poke|p1|Emboar, F|
|poke|p1|Deoxys-Speed|
|poke|p1|Heatran, F|
|poke|p1|Dondozo, M|
|poke|p2|Alomomola, M|
|poke|p2|Pecharunt|
|poke|p2|Great Tusk|
|poke|p2|Lokix, M|
|poke|p2|Iron Crown|
|poke|p2|Enamorus, F|
|teampreview
|inactive|Battle timer is ON: inactive players will automatically lose when time's up. (requested by muskat-mix)
|
|t:|1781013218
|teamsize|p1|6
|teamsize|p2|6
|start
|switch|p1a: Dondozo|Dondozo, M|100/100
|switch|p2a: Lokix|Lokix, M|100/100
|turn|1
|
|t:|1781013226
|move|p2a: Lokix|U-turn|p1a: Dondozo
|-damage|p1a: Dondozo|69/100
|
|t:|1781013228
|switch|p2a: Iron Crown|Iron Crown|100/100|[from] U-turn
|move|p1a: Dondozo|Wave Crash|p2a: Iron Crown
|-damage|p2a: Iron Crown|10/100
|-damage|p1a: Dondozo|50/100|[from] Recoil
|
|upkeep
|turn|2
|
|t:|1781013233
|switch|p1a: Heatran|Heatran, F|100/100
|move|p2a: Iron Crown|Volt Switch|p1a: Heatran
|-damage|p1a: Heatran|79/100
|
|t:|1781013235
|-end|p2a: Iron Crown|Quark Drive|[silent]
|switch|p2a: Alomomola|Alomomola, M|100/100|[from] Volt Switch
|
|-heal|p1a: Heatran|85/100|[from] item: Leftovers
|upkeep
|turn|3
|
|t:|1781013243
|move|p1a: Heatran|Will-O-Wisp|p2a: Alomomola
|-status|p2a: Alomomola|brn
|move|p2a: Alomomola|Flip Turn|p1a: Heatran
|-supereffective|p1a: Heatran
|-damage|p1a: Heatran|71/100
|
|t:|1781013246
|switch|p2a: Iron Crown|Iron Crown|10/100|[from] Flip Turn
|
|-heal|p1a: Heatran|77/100|[from] item: Leftovers
|upkeep
|turn|4
|inactive|Thederpa1 has 120 seconds left.
|
|t:|1781013285
|move|p2a: Iron Crown|Volt Switch|p1a: Heatran
|-damage|p1a: Heatran|53/100
|
|t:|1781013289
|-end|p2a: Iron Crown|Quark Drive|[silent]
|switch|p2a: Alomomola|Alomomola, M|100/100 brn|[from] Volt Switch
|move|p1a: Heatran|Earth Power|p2a: Alomomola
|-damage|p2a: Alomomola|87/100 brn
|
|-heal|p1a: Heatran|60/100|[from] item: Leftovers
|-damage|p2a: Alomomola|81/100 brn|[from] brn
|upkeep
|turn|5
|inactive|Thederpa1 has 120 seconds left.
|
|t:|1781013301
|switch|p1a: Corviknight|Corviknight, M|100/100
|-ability|p1a: Corviknight|Pressure
|move|p2a: Alomomola|Flip Turn|p1a: Corviknight
|-damage|p1a: Corviknight|96/100
|
|t:|1781013306
|switch|p2a: Iron Crown|Iron Crown|10/100|[from] Flip Turn
|
|-heal|p1a: Corviknight|100/100|[from] item: Leftovers
|upkeep
|turn|6
|inactive|Thederpa1 has 120 seconds left.
|
|t:|1781013339
|move|p2a: Iron Crown|Volt Switch|p1a: Corviknight
|-supereffective|p1a: Corviknight
|-damage|p1a: Corviknight|26/100
|
|t:|1781013342
|-end|p2a: Iron Crown|Quark Drive|[silent]
|switch|p2a: Pecharunt|Pecharunt|100/100|[from] Volt Switch
|move|p1a: Corviknight|U-turn|p2a: Pecharunt
|-resisted|p2a: Pecharunt
|-damage|p2a: Pecharunt|99/100
|-damage|p1a: Corviknight|10/100|[from] item: Rocky Helmet|[of] p2a: Pecharunt
|
|t:|1781013348
|switch|p1a: Deoxys|Deoxys-Speed|100/100|[from] U-turn
|-ability|p1a: Deoxys|Pressure
|
|upkeep
|turn|7
|
|t:|1781013354
|switch|p2a: Alomomola|Alomomola, M|100/100 brn
|move|p1a: Deoxys|Psycho Boost|p2a: Alomomola
|-damage|p2a: Alomomola|74/100 brn
|-unboost|p1a: Deoxys|spa|2
|-damage|p1a: Deoxys|91/100|[from] item: Life Orb
|
|-damage|p2a: Alomomola|67/100 brn|[from] brn
|upkeep
|turn|8
|
|t:|1781013358
|move|p1a: Deoxys|Knock Off|p2a: Alomomola
|-damage|p2a: Alomomola|38/100 brn
|-enditem|p2a: Alomomola|Assault Vest|[from] move: Knock Off|[of] p1a: Deoxys
|-damage|p1a: Deoxys|81/100|[from] item: Life Orb
|move|p2a: Alomomola|Flip Turn|p1a: Deoxys
|-damage|p1a: Deoxys|66/100
|
|t:|1781013360
|switch|p2a: Lokix|Lokix, M|100/100|[from] Flip Turn
|
|upkeep
|turn|9
|
|t:|1781013367
|switch|p1a: Heatran|Heatran, F|60/100
|move|p2a: Lokix|U-turn|p1a: Heatran
|-resisted|p1a: Heatran
|-damage|p1a: Heatran|41/100
|-status|p2a: Lokix|brn|[from] ability: Flame Body|[of] p1a: Heatran
|
|t:|1781013372
|switch|p2a: Iron Crown|Iron Crown|10/100|[from] U-turn
|
|-heal|p1a: Heatran|47/100|[from] item: Leftovers
|upkeep
|turn|10
|
|t:|1781013377
|move|p2a: Iron Crown|Volt Switch|p1a: Heatran
|-damage|p1a: Heatran|26/100
|
|t:|1781013381
|-end|p2a: Iron Crown|Quark Drive|[silent]
|switch|p2a: Alomomola|Alomomola, M|71/100 brn|[from] Volt Switch
|move|p1a: Heatran|Magma Storm|p2a: Alomomola|[miss]
|-miss|p1a: Heatran|p2a: Alomomola
|
|-heal|p1a: Heatran|32/100|[from] item: Leftovers
|-damage|p2a: Alomomola|65/100 brn|[from] brn
|upkeep
|turn|11
|
|t:|1781013388
|switch|p1a: Corviknight|Corviknight, M|10/100
|-ability|p1a: Corviknight|Pressure
|move|p2a: Alomomola|Flip Turn|p1a: Corviknight
|-damage|p1a: Corviknight|5/100
|
|t:|1781013392
|switch|p2a: Iron Crown|Iron Crown|10/100|[from] Flip Turn
|
|-heal|p1a: Corviknight|11/100|[from] item: Leftovers
|upkeep
|turn|12
|
|t:|1781013395
|move|p2a: Iron Crown|Volt Switch|p1a: Corviknight
|-supereffective|p1a: Corviknight
|-damage|p1a: Corviknight|0 fnt
|faint|p1a: Corviknight
|
|t:|1781013403
|-end|p2a: Iron Crown|Quark Drive|[silent]
|switch|p2a: Alomomola|Alomomola, M|99/100 brn|[from] Volt Switch
|
|-damage|p2a: Alomomola|92/100 brn|[from] brn
|upkeep
|inactive|Thederpa1 has 120 seconds left.
|
|t:|1781013438
|switch|p1a: Tyranitar|Tyranitar, M|100/100
|-weather|Sandstorm|[from] ability: Sand Stream|[of] p1a: Tyranitar
|turn|13
|
|t:|1781013441
|move|p1a: Tyranitar|Stealth Rock|p2a: Alomomola
|-sidestart|p2: muskat-mix|move: Stealth Rock
|move|p2a: Alomomola|Flip Turn|p1a: Tyranitar
|-supereffective|p1a: Tyranitar
|-damage|p1a: Tyranitar|88/100
|
|t:|1781013447
|switch|p2a: Great Tusk|Great Tusk|100/100|[from] Flip Turn
|
|-weather|Sandstorm|[upkeep]
|-heal|p1a: Tyranitar|95/100|[from] item: Leftovers
|upkeep
|turn|14
|
|t:|1781013458
|switch|p1a: Heatran|Heatran, F|32/100
|move|p2a: Great Tusk|Headlong Rush|p1a: Heatran
|-supereffective|p1a: Heatran
|-damage|p1a: Heatran|0 fnt
|-unboost|p2a: Great Tusk|def|1
|-unboost|p2a: Great Tusk|spd|1
|-status|p2a: Great Tusk|brn|[from] ability: Flame Body|[of] p1a: Heatran
|faint|p1a: Heatran
|
|-weather|Sandstorm|[upkeep]
|-damage|p2a: Great Tusk|94/100 brn|[from] brn
|upkeep
|
|t:|1781013466
|switch|p1a: Dondozo|Dondozo, M|50/100
|turn|15
|
|t:|1781013472
|-end|p2a: Great Tusk|Protosynthesis|[silent]
|switch|p2a: Pecharunt|Pecharunt|99/100
|-damage|p2a: Pecharunt|87/100|[from] Stealth Rock
|move|p1a: Dondozo|Wave Crash|p2a: Pecharunt
|-damage|p2a: Pecharunt|49/100
|-damage|p1a: Dondozo|34/100|[from] item: Rocky Helmet|[of] p2a: Pecharunt
|-damage|p1a: Dondozo|25/100|[from] Recoil
|
|-weather|Sandstorm|[upkeep]
|-damage|p2a: Pecharunt|43/100|[from] Sandstorm
|-damage|p1a: Dondozo|18/100|[from] Sandstorm
|upkeep
|turn|16
|
|t:|1781013478
|switch|p1a: Tyranitar|Tyranitar, M|95/100
|move|p2a: Pecharunt|Recover|p2a: Pecharunt
|-heal|p2a: Pecharunt|93/100
|
|-weather|Sandstorm|[upkeep]
|-damage|p2a: Pecharunt|87/100|[from] Sandstorm
|-heal|p1a: Tyranitar|100/100|[from] item: Leftovers
|upkeep
|turn|17
|
|t:|1781013482
|move|p2a: Pecharunt|Parting Shot|p1a: Tyranitar
|-unboost|p1a: Tyranitar|atk|1
|-unboost|p1a: Tyranitar|spa|1
|
|t:|1781013488
|switch|p2a: Alomomola|Alomomola, M|100/100 brn|[from] Parting Shot
|-damage|p2a: Alomomola|88/100 brn|[from] Stealth Rock
|move|p1a: Tyranitar|Knock Off|p2a: Alomomola
|-damage|p2a: Alomomola|73/100 brn
|
|-weather|none
|-damage|p2a: Alomomola|67/100 brn|[from] brn
|upkeep
|turn|18
|
|t:|1781013501
|switch|p1a: Dondozo|Dondozo, M|18/100
|move|p2a: Alomomola|Flip Turn|p1a: Dondozo
|-resisted|p1a: Dondozo
|-damage|p1a: Dondozo|16/100
|
|t:|1781013504
|switch|p2a: Lokix|Lokix, M|100/100 brn|[from] Flip Turn
|-damage|p2a: Lokix|75/100 brn|[from] Stealth Rock
|
|-damage|p2a: Lokix|70/100 brn|[from] brn
|upkeep
|turn|19
|
|t:|1781013522
|move|p2a: Lokix|Knock Off|p1a: Dondozo
|-damage|p1a: Dondozo|0 fnt
|-enditem|p1a: Dondozo|Choice Band|[from] move: Knock Off|[of] p2a: Lokix
|faint|p1a: Dondozo
|
|-damage|p2a: Lokix|64/100 brn|[from] brn
|upkeep
|
|t:|1781013525
|switch|p1a: Emboar|Emboar, F|100/100
|turn|20
|
|t:|1781013529
|move|p2a: Lokix|Knock Off|p1a: Emboar
|-resisted|p1a: Emboar
|-damage|p1a: Emboar|60/100
|-enditem|p1a: Emboar|Leftovers|[from] move: Knock Off|[of] p2a: Lokix
|move|p1a: Emboar|Bulk Up|p1a: Emboar
|-boost|p1a: Emboar|atk|1
|-boost|p1a: Emboar|def|1
|
|-damage|p2a: Lokix|58/100 brn|[from] brn
|upkeep
|turn|21
|
|t:|1781013539
|move|p2a: Lokix|Knock Off|p1a: Emboar
|-resisted|p1a: Emboar
|-damage|p1a: Emboar|41/100
|move|p1a: Emboar|Bulk Up|p1a: Emboar
|-boost|p1a: Emboar|atk|1
|-boost|p1a: Emboar|def|1
|
|-damage|p2a: Lokix|52/100 brn|[from] brn
|upkeep
|turn|22
|
|t:|1781013546
|move|p1a: Emboar|Sucker Punch|p2a: Lokix
|-resisted|p2a: Lokix
|-damage|p2a: Lokix|17/100 brn
|move|p2a: Lokix|Knock Off|p1a: Emboar
|-resisted|p1a: Emboar
|-damage|p1a: Emboar|28/100
|
|-damage|p2a: Lokix|11/100 brn|[from] brn
|upkeep
|turn|23
|
|t:|1781013551
|switch|p2a: Pecharunt|Pecharunt|87/100
|-damage|p2a: Pecharunt|75/100|[from] Stealth Rock
|move|p1a: Emboar|Sucker Punch||[still]
|-fail|p1a: Emboar
|
|upkeep
|turn|24
|
|t:|1781013559
|move|p2a: Pecharunt|Foul Play|p1a: Emboar
|-resisted|p1a: Emboar
|-damage|p1a: Emboar|10/100
|move|p1a: Emboar|Flare Blitz|p2a: Pecharunt
|-damage|p2a: Pecharunt|6/100
|-damage|p1a: Emboar|0 fnt|[from] item: Rocky Helmet|[of] p2a: Pecharunt
|faint|p1a: Emboar
|
|upkeep
|
|t:|1781013562
|switch|p1a: Deoxys|Deoxys-Speed|66/100
|-ability|p1a: Deoxys|Pressure
|turn|25
|
|t:|1781013566
|move|p1a: Deoxys|Knock Off|p2a: Pecharunt
|-supereffective|p2a: Pecharunt
|-damage|p2a: Pecharunt|0 fnt
|-damage|p1a: Deoxys|49/100|[from] item: Rocky Helmet|[of] p2a: Pecharunt
|-enditem|p2a: Pecharunt|Rocky Helmet|[from] move: Knock Off|[of] p1a: Deoxys
|faint|p2a: Pecharunt
|-damage|p1a: Deoxys|39/100|[from] item: Life Orb
|
|upkeep
|
|t:|1781013571
|switch|p2a: Alomomola|Alomomola, M|100/100 brn
|-damage|p2a: Alomomola|88/100 brn|[from] Stealth Rock
|turn|26
|
|t:|1781013579
|switch|p1a: Tyranitar|Tyranitar, M|100/100
|-weather|Sandstorm|[from] ability: Sand Stream|[of] p1a: Tyranitar
|move|p2a: Alomomola|Flip Turn|p1a: Tyranitar
|-supereffective|p1a: Tyranitar
|-damage|p1a: Tyranitar|88/100
|
|t:|1781013582
|switch|p2a: Enamorus|Enamorus, F|100/100|[from] Flip Turn
|-damage|p2a: Enamorus|76/100|[from] Stealth Rock
|
|-weather|Sandstorm|[upkeep]
|-damage|p2a: Enamorus|69/100|[from] Sandstorm
|-heal|p1a: Tyranitar|94/100|[from] item: Leftovers
|upkeep
|turn|27
|
|t:|1781013597
|move|p2a: Enamorus|Healing Wish|p2a: Enamorus
|faint|p2a: Enamorus
|move|p1a: Tyranitar|Knock Off|p2: Enamorus|[notarget]
|-fail|p1a: Tyranitar
|
|-weather|Sandstorm|[upkeep]
|-heal|p1a: Tyranitar|99/100|[from] item: Leftovers
|upkeep
|
|t:|1781013601
|switch|p2a: Lokix|Lokix, M|11/100 brn
|-heal|p2a: Lokix|100/100|[from] move: Healing Wish
|-damage|p2a: Lokix|75/100|[from] Stealth Rock
|turn|28
|
|t:|1781013609
|-terastallize|p2a: Lokix|Bug
|-terastallize|p1a: Tyranitar|Bug
|move|p2a: Lokix|U-turn|p1a: Tyranitar
|-damage|p1a: Tyranitar|46/100
|
|t:|1781013617
|switch|p2a: Great Tusk|Great Tusk|94/100 brn|[from] U-turn
|move|p1a: Tyranitar|Knock Off|p2a: Great Tusk
|-resisted|p2a: Great Tusk
|-damage|p2a: Great Tusk|78/100 brn
|-enditem|p2a: Great Tusk|Heavy-Duty Boots|[from] move: Knock Off|[of] p1a: Tyranitar
|
|-weather|Sandstorm|[upkeep]
|-damage|p1a: Tyranitar|40/100|[from] Sandstorm
|-heal|p1a: Tyranitar|46/100|[from] item: Leftovers
|-damage|p2a: Great Tusk|72/100 brn|[from] brn
|upkeep
|turn|29
|
|t:|1781013622
|move|p2a: Great Tusk|Rapid Spin|p1a: Tyranitar
|-damage|p1a: Tyranitar|39/100
|-boost|p2a: Great Tusk|spe|1
|-sideend|p2: muskat-mix|Stealth Rock|[from] move: Rapid Spin|[of] p2a: Great Tusk
|move|p1a: Tyranitar|Earthquake|p2a: Great Tusk
|-damage|p2a: Great Tusk|51/100 brn
|
|-weather|Sandstorm|[upkeep]
|-damage|p1a: Tyranitar|33/100|[from] Sandstorm
|-heal|p1a: Tyranitar|39/100|[from] item: Leftovers
|-damage|p2a: Great Tusk|45/100 brn|[from] brn
|upkeep
|turn|30
|
|t:|1781013626
|move|p2a: Great Tusk|Ice Spinner|p1a: Tyranitar
|-damage|p1a: Tyranitar|28/100
|move|p1a: Tyranitar|Stealth Rock|p2a: Great Tusk
|-sidestart|p2: muskat-mix|move: Stealth Rock
|
|-weather|none
|-heal|p1a: Tyranitar|34/100|[from] item: Leftovers
|-damage|p2a: Great Tusk|39/100 brn|[from] brn
|upkeep
|turn|31
|
|t:|1781013629
|move|p2a: Great Tusk|Ice Spinner|p1a: Tyranitar
|-damage|p1a: Tyranitar|23/100
|move|p1a: Tyranitar|Stealth Rock||[still]
|-fail|p1a: Tyranitar
|
|-heal|p1a: Tyranitar|29/100|[from] item: Leftovers
|-damage|p2a: Great Tusk|33/100 brn|[from] brn
|upkeep
|turn|32
|
|t:|1781013632
|move|p2a: Great Tusk|Ice Spinner|p1a: Tyranitar
|-damage|p1a: Tyranitar|18/100
|move|p1a: Tyranitar|Earthquake|p2a: Great Tusk
|-damage|p2a: Great Tusk|10/100 brn
|
|-heal|p1a: Tyranitar|24/100|[from] item: Leftovers
|-damage|p2a: Great Tusk|4/100 brn|[from] brn
|upkeep
|turn|33
|
|t:|1781013635
|move|p2a: Great Tusk|Headlong Rush|p1a: Tyranitar
|-resisted|p1a: Tyranitar
|-crit|p1a: Tyranitar
|-damage|p1a: Tyranitar|7/100
|-unboost|p2a: Great Tusk|def|1
|-unboost|p2a: Great Tusk|spd|1
|move|p1a: Tyranitar|Stealth Rock||[still]
|-fail|p1a: Tyranitar
|
|-heal|p1a: Tyranitar|13/100|[from] item: Leftovers
|-damage|p2a: Great Tusk|0 fnt|[from] brn
|faint|p2a: Great Tusk
|-end|p2a: Great Tusk|Protosynthesis|[silent]
|upkeep
|
|t:|1781013640
|switch|p2a: Iron Crown|Iron Crown|10/100
|-damage|p2a: Iron Crown|4/100|[from] Stealth Rock
|turn|34
|
|t:|1781013644
|move|p2a: Iron Crown|Tachyon Cutter|p1a: Tyranitar
|-crit|p1a: Tyranitar
|-damage|p1a: Tyranitar|0 fnt
|faint|p1a: Tyranitar
|-hitcount|p1: Tyranitar|1
|
|upkeep
|
|t:|1781013645
|switch|p1a: Deoxys|Deoxys-Speed|39/100
|-ability|p1a: Deoxys|Pressure
|turn|35
|
|t:|1781013649
|move|p1a: Deoxys|Knock Off|p2a: Iron Crown
|-supereffective|p2a: Iron Crown
|-damage|p2a: Iron Crown|0 fnt
|-enditem|p2a: Iron Crown|Choice Specs|[from] move: Knock Off|[of] p1a: Deoxys
|faint|p2a: Iron Crown
|-end|p2a: Iron Crown|Quark Drive|[silent]
|-damage|p1a: Deoxys|29/100|[from] item: Life Orb
|
|upkeep
|
|t:|1781013651
|switch|p2a: Lokix|Lokix, M, tera:Bug|75/100
|-damage|p2a: Lokix|50/100|[from] Stealth Rock
|turn|36
|
|t:|1781013656
|move|p2a: Lokix|First Impression|p1a: Deoxys
|-supereffective|p1a: Deoxys
|-damage|p1a: Deoxys|0 fnt
|faint|p1a: Deoxys
|
|win|muskat-mix
|raw|Thederpa1's rating: 1538 &rarr; <strong>1517</strong><br />(-21 for losing)
|raw|muskat-mix's rating: 1515 &rarr; <strong>1536</strong><br />(+21 for winning)
|l|☆muskat-mix
|player|p2|
|l|☆Thederpa1
|player|p1|
