|j|☆stevstacks
|j|☆ihymyly
|t:|1781503960
|gametype|singles
|player|p1|stevstacks|101|1590
|player|p2|ihymyly|1|1598
|gen|9
|tier|[Gen 9] OU
|rated|
|rule|HP Percentage Mod: HP is shown in percentages
|rule|Endless Battle Clause: Forcing endless battles is banned
|rule|Species Clause: Limit one of each Pokémon
|rule|OHKO Clause: OHKO moves are banned
|rule|Evasion Items Clause: Evasion items are banned
|rule|Evasion Moves Clause: Evasion moves are banned
|rule|Evasion Abilities Clause: Evasion abilities are banned
|rule|Sleep Moves Clause: Sleep-inducing moves are banned
|clearpoke
|poke|p1|Torkoal, F|
|poke|p1|Corviknight, M|
|poke|p1|Walking Wake|
|poke|p1|Great Tusk|
|poke|p1|Zamazenta-*|
|poke|p1|Raging Bolt|
|poke|p2|Pelipper, F|
|poke|p2|Kingdra, M|
|poke|p2|Weavile, M|
|poke|p2|Raging Bolt|
|poke|p2|Clodsire, F|
|poke|p2|Corviknight, F|
|teampreview
|inactive|Battle timer is ON: inactive players will automatically lose when time's up. (requested by stevstacks)
|
|t:|1781503965
|teamsize|p1|6
|teamsize|p2|6
|start
|switch|p1a: Great Tusk|Great Tusk, shiny|100/100
|switch|p2a: Beakblaster 3000|Pelipper, F|100/100
|-weather|RainDance|[from] ability: Drizzle|[of] p2a: Beakblaster 3000
|turn|1
|
|t:|1781503969
|move|p1a: Great Tusk|Knock Off|p2a: Beakblaster 3000
|-damage|p2a: Beakblaster 3000|69/100
|-enditem|p2a: Beakblaster 3000|Damp Rock|[from] move: Knock Off|[of] p1a: Great Tusk
|-damage|p1a: Great Tusk|91/100|[from] item: Life Orb
|move|p2a: Beakblaster 3000|Hurricane|p1a: Great Tusk
|-supereffective|p1a: Great Tusk
|-damage|p1a: Great Tusk|0 fnt
|faint|p1a: Great Tusk
|-end|p1a: Great Tusk|Protosynthesis|[silent]
|
|-weather|RainDance|[upkeep]
|upkeep
|
|t:|1781503972
|switch|p1a: Walking Wake|Walking Wake|100/100
|turn|2
|
|t:|1781503975
|-end|p1a: Walking Wake|Protosynthesis|[silent]
|switch|p1a: Torkoal|Torkoal, F, shiny|100/100
|-weather|SunnyDay|[from] ability: Drought|[of] p1a: Torkoal
|switch|p2a: Sire Slayton|Clodsire, F|100/100
|
|-weather|SunnyDay|[upkeep]
|upkeep
|turn|3
|
|t:|1781503979
|move|p2a: Sire Slayton|Stealth Rock|p1a: Torkoal
|-sidestart|p1: stevstacks|move: Stealth Rock
|move|p1a: Torkoal|Stealth Rock|p2a: Sire Slayton
|-sidestart|p2: ihymyly|move: Stealth Rock
|
|-weather|SunnyDay|[upkeep]
|upkeep
|turn|4
|
|t:|1781503982
|move|p2a: Sire Slayton|Toxic|p1a: Torkoal
|-status|p1a: Torkoal|tox
|move|p1a: Torkoal|Rapid Spin|p2a: Sire Slayton
|-damage|p2a: Sire Slayton|90/100
|-boost|p1a: Torkoal|spe|1
|-sideend|p1: stevstacks|Stealth Rock|[from] move: Rapid Spin|[of] p1a: Torkoal
|
|-weather|SunnyDay|[upkeep]
|-heal|p2a: Sire Slayton|97/100|[from] item: Leftovers
|-damage|p1a: Torkoal|94/100 tox|[from] psn
|upkeep
|turn|5
|
|t:|1781503985
|switch|p1a: Raging Bolt|Raging Bolt|100/100
|-activate|p1a: Raging Bolt|ability: Protosynthesis
|-start|p1a: Raging Bolt|protosynthesisspa
|move|p2a: Sire Slayton|Stealth Rock|p1a: Raging Bolt
|-sidestart|p1: stevstacks|move: Stealth Rock
|
|-weather|SunnyDay|[upkeep]
|-heal|p2a: Sire Slayton|100/100|[from] item: Leftovers
|upkeep
|turn|6
|
|t:|1781503988
|move|p1a: Raging Bolt|Draco Meteor|p2a: Sire Slayton
|-damage|p2a: Sire Slayton|27/100
|-unboost|p1a: Raging Bolt|spa|2
|move|p2a: Sire Slayton|Earthquake|p1a: Raging Bolt
|-supereffective|p1a: Raging Bolt
|-damage|p1a: Raging Bolt|49/100
|
|-weather|SunnyDay|[upkeep]
|-heal|p2a: Sire Slayton|33/100|[from] item: Leftovers
|upkeep
|turn|7
|
|t:|1781503993
|move|p1a: Raging Bolt|Draco Meteor|p2a: Sire Slayton
|-damage|p2a: Sire Slayton|0 fnt
|-unboost|p1a: Raging Bolt|spa|2
|faint|p2a: Sire Slayton
|
|-weather|SunnyDay|[upkeep]
|upkeep
|
|t:|1781504000
|switch|p2a: Nails|Weavile, M|100/100
|-ability|p2a: Nails|Pressure
|turn|8
|
|t:|1781504008
|-end|p1a: Raging Bolt|Protosynthesis|[silent]
|switch|p1a: Zamazenta|Zamazenta|100/100
|-damage|p1a: Zamazenta|94/100|[from] Stealth Rock
|-ability|p1a: Zamazenta|Dauntless Shield|boost
|-boost|p1a: Zamazenta|def|1
|move|p2a: Nails|Knock Off|p1a: Zamazenta
|-resisted|p1a: Zamazenta
|-damage|p1a: Zamazenta|84/100
|-enditem|p1a: Zamazenta|Leftovers|[from] move: Knock Off|[of] p2a: Nails
|
|-weather|SunnyDay|[upkeep]
|upkeep
|turn|9
|
|t:|1781504015
|switch|p2a: Beakblaster 3000|Pelipper, F|69/100
|-damage|p2a: Beakblaster 3000|44/100|[from] Stealth Rock
|-weather|RainDance|[from] ability: Drizzle|[of] p2a: Beakblaster 3000
|move|p1a: Zamazenta|Roar|p2a: Beakblaster 3000
|drag|p2a: Cokuf|Corviknight, F|100/100
|-damage|p2a: Cokuf|88/100|[from] Stealth Rock
|-ability|p2a: Cokuf|Pressure
|
|-weather|RainDance|[upkeep]
|upkeep
|turn|10
|
|t:|1781504019
|move|p1a: Zamazenta|Iron Defense|p1a: Zamazenta
|-boost|p1a: Zamazenta|def|2
|move|p2a: Cokuf|Brave Bird|p1a: Zamazenta
|-supereffective|p1a: Zamazenta
|-damage|p1a: Zamazenta|62/100
|-damage|p2a: Cokuf|81/100|[from] Recoil
|
|-weather|RainDance|[upkeep]
|upkeep
|turn|11
|
|t:|1781504023
|move|p1a: Zamazenta|Iron Defense|p1a: Zamazenta
|-boost|p1a: Zamazenta|def|2
|move|p2a: Cokuf|U-turn|p1a: Zamazenta
|-resisted|p1a: Zamazenta
|-damage|p1a: Zamazenta|61/100
|
|t:|1781504029
|switch|p2a: Vincent Von Vain|Kingdra, M|100/100|[from] U-turn
|-damage|p2a: Vincent Von Vain|88/100|[from] Stealth Rock
|
|-weather|RainDance|[upkeep]
|upkeep
|turn|12
|
|t:|1781504033
|move|p2a: Vincent Von Vain|Weather Ball|p1a: Zamazenta
|-damage|p1a: Zamazenta|0 fnt
|faint|p1a: Zamazenta
|
|-weather|RainDance|[upkeep]
|upkeep
|
|t:|1781504038
|switch|p1a: Walking Wake|Walking Wake|100/100
|-damage|p1a: Walking Wake|88/100|[from] Stealth Rock
|turn|13
|
|t:|1781504045
|switch|p2a: Cokuf|Corviknight, F|81/100
|-damage|p2a: Cokuf|68/100|[from] Stealth Rock
|-ability|p2a: Cokuf|Pressure
|move|p1a: Walking Wake|Hydro Steam|p2a: Cokuf
|-damage|p2a: Cokuf|21/100
|
|-weather|none
|upkeep
|turn|14
|
|t:|1781504051
|move|p1a: Walking Wake|Hydro Steam|p2a: Cokuf
|-damage|p2a: Cokuf|0 fnt
|faint|p2a: Cokuf
|
|upkeep
|
|t:|1781504056
|switch|p2a: Nails|Weavile, M|100/100
|-ability|p2a: Nails|Pressure
|turn|15
|
|t:|1781504060
|move|p2a: Nails|Knock Off|p1a: Walking Wake
|-damage|p1a: Walking Wake|34/100
|-enditem|p1a: Walking Wake|Mystic Water|[from] move: Knock Off|[of] p2a: Nails
|move|p1a: Walking Wake|Flamethrower|p2a: Nails
|-supereffective|p2a: Nails
|-damage|p2a: Nails|13/100
|
|upkeep
|turn|16
|
|t:|1781504065
|move|p2a: Nails|Knock Off|p1a: Walking Wake
|-damage|p1a: Walking Wake|0 fnt
|faint|p1a: Walking Wake
|-end|p1a: Walking Wake|Protosynthesis|[silent]
|
|upkeep
|
|t:|1781504067
|switch|p1a: Torkoal|Torkoal, F, shiny|94/100 tox
|-damage|p1a: Torkoal|70/100 tox|[from] Stealth Rock
|-weather|SunnyDay|[from] ability: Drought|[of] p1a: Torkoal
|turn|17
|
|t:|1781504072
|move|p2a: Nails|Knock Off|p1a: Torkoal
|-damage|p1a: Torkoal|32/100 tox
|-enditem|p1a: Torkoal|Heat Rock|[from] move: Knock Off|[of] p2a: Nails
|move|p1a: Torkoal|Rapid Spin|p2a: Nails
|-damage|p2a: Nails|0 fnt
|-boost|p1a: Torkoal|spe|1
|-sideend|p1: stevstacks|Stealth Rock|[from] move: Rapid Spin|[of] p1a: Torkoal
|faint|p2a: Nails
|
|-weather|SunnyDay|[upkeep]
|-damage|p1a: Torkoal|26/100 tox|[from] psn
|upkeep
|
|t:|1781504079
|switch|p2a: Beakblaster 3000|Pelipper, F|44/100
|-damage|p2a: Beakblaster 3000|19/100|[from] Stealth Rock
|-weather|RainDance|[from] ability: Drizzle|[of] p2a: Beakblaster 3000
|turn|18
|
|t:|1781504084
|switch|p1a: Corviknight|Corviknight, M, shiny|100/100
|-ability|p1a: Corviknight|Pressure
|move|p2a: Beakblaster 3000|U-turn|p1a: Corviknight
|-resisted|p1a: Corviknight
|-damage|p1a: Corviknight|99/100
|
|t:|1781504090
|switch|p2a: Vincent Von Vain|Kingdra, M|88/100|[from] U-turn
|-damage|p2a: Vincent Von Vain|76/100|[from] Stealth Rock
|
|-weather|RainDance|[upkeep]
|-heal|p1a: Corviknight|100/100|[from] item: Leftovers
|upkeep
|turn|19
|
|t:|1781504095
|switch|p1a: Torkoal|Torkoal, F, shiny|26/100 tox
|-weather|SunnyDay|[from] ability: Drought|[of] p1a: Torkoal
|move|p2a: Vincent Von Vain|Weather Ball|p1a: Torkoal
|-resisted|p1a: Torkoal
|-damage|p1a: Torkoal|0 fnt
|faint|p1a: Torkoal
|
|-weather|SunnyDay|[upkeep]
|upkeep
|
|t:|1781504097
|switch|p1a: Corviknight|Corviknight, M, shiny|100/100
|-ability|p1a: Corviknight|Pressure
|turn|20
|
|t:|1781504106
|-terastallize|p1a: Corviknight|Dark
|move|p2a: Vincent Von Vain|Weather Ball|p1a: Corviknight
|-crit|p1a: Corviknight
|-damage|p1a: Corviknight|25/100
|move|p1a: Corviknight|Roost|p1a: Corviknight
|-heal|p1a: Corviknight|75/100
|
|-weather|SunnyDay|[upkeep]
|-heal|p1a: Corviknight|81/100|[from] item: Leftovers
|upkeep
|turn|21
|
|t:|1781504110
|move|p2a: Vincent Von Vain|Weather Ball|p1a: Corviknight
|-damage|p1a: Corviknight|34/100
|move|p1a: Corviknight|Roost|p1a: Corviknight
|-heal|p1a: Corviknight|84/100
|
|-weather|SunnyDay|[upkeep]
|-heal|p1a: Corviknight|90/100|[from] item: Leftovers
|upkeep
|turn|22
|
|t:|1781504113
|move|p2a: Vincent Von Vain|Weather Ball|p1a: Corviknight
|-damage|p1a: Corviknight|41/100
|move|p1a: Corviknight|Roost|p1a: Corviknight
|-heal|p1a: Corviknight|91/100
|
|-weather|SunnyDay|[upkeep]
|-heal|p1a: Corviknight|97/100|[from] item: Leftovers
|upkeep
|turn|23
|
|t:|1781504115
|move|p2a: Vincent Von Vain|Weather Ball|p1a: Corviknight
|-damage|p1a: Corviknight|51/100
|move|p1a: Corviknight|Roost|p1a: Corviknight
|-heal|p1a: Corviknight|100/100
|
|-weather|none
|upkeep
|turn|24
|
|t:|1781504119
|switch|p2a: Beakblaster 3000|Pelipper, F|19/100
|-damage|p2a: Beakblaster 3000|0 fnt|[from] Stealth Rock
|faint|p2a: Beakblaster 3000
|move|p1a: Corviknight|Brave Bird|p2: Beakblaster 3000|[notarget]
|-fail|p1a: Corviknight
|
|upkeep
|
|t:|1781504121
|switch|p2a: Elongatedkou|Raging Bolt|100/100
|-damage|p2a: Elongatedkou|88/100|[from] Stealth Rock
|-enditem|p2a: Elongatedkou|Booster Energy
|-activate|p2a: Elongatedkou|ability: Protosynthesis|[fromitem]
|-start|p2a: Elongatedkou|protosynthesisspa
|turn|25
|
|t:|1781504125
|move|p2a: Elongatedkou|Dragon Pulse|p1a: Corviknight
|-damage|p1a: Corviknight|55/100
|move|p1a: Corviknight|U-turn|p2a: Elongatedkou
|-damage|p2a: Elongatedkou|75/100
|
|t:|1781504127
|switch|p1a: Raging Bolt|Raging Bolt|49/100|[from] U-turn
|
|upkeep
|turn|26
|
|t:|1781504130
|-terastallize|p2a: Elongatedkou|Fairy
|move|p1a: Raging Bolt|Dragon Pulse|p2a: Elongatedkou
|-immune|p2a: Elongatedkou
|move|p2a: Elongatedkou|Dragon Pulse|p1a: Raging Bolt
|-supereffective|p1a: Raging Bolt
|-damage|p1a: Raging Bolt|0 fnt
|faint|p1a: Raging Bolt
|-end|p1a: Raging Bolt|Protosynthesis|[silent]
|
|upkeep
|
|t:|1781504132
|switch|p1a: Corviknight|Corviknight, M, shiny, tera:Dark|55/100
|-ability|p1a: Corviknight|Pressure
|turn|27
|
|t:|1781504134
|move|p2a: Elongatedkou|Dragon Pulse|p1a: Corviknight
|-damage|p1a: Corviknight|12/100
|move|p1a: Corviknight|Roost|p1a: Corviknight
|-heal|p1a: Corviknight|62/100
|
|-heal|p1a: Corviknight|68/100|[from] item: Leftovers
|upkeep
|turn|28
|
|t:|1781504136
|move|p2a: Elongatedkou|Dragon Pulse|p1a: Corviknight
|-damage|p1a: Corviknight|26/100
|move|p1a: Corviknight|Roost|p1a: Corviknight
|-heal|p1a: Corviknight|76/100
|
|-heal|p1a: Corviknight|82/100|[from] item: Leftovers
|upkeep
|turn|29
|
|t:|1781504139
|move|p2a: Elongatedkou|Thunder|p1a: Corviknight
|-damage|p1a: Corviknight|27/100
|move|p1a: Corviknight|Roost|p1a: Corviknight
|-heal|p1a: Corviknight|77/100
|
|-heal|p1a: Corviknight|83/100|[from] item: Leftovers
|upkeep
|turn|30
|
|t:|1781504142
|move|p2a: Elongatedkou|Dragon Pulse|p1a: Corviknight
|-damage|p1a: Corviknight|38/100
|move|p1a: Corviknight|Brave Bird|p2a: Elongatedkou
|-damage|p2a: Elongatedkou|41/100
|-damage|p1a: Corviknight|27/100|[from] Recoil
|
|-heal|p1a: Corviknight|33/100|[from] item: Leftovers
|upkeep
|turn|31
|
|t:|1781504145
|move|p2a: Elongatedkou|Dragon Pulse|p1a: Corviknight
|-damage|p1a: Corviknight|0 fnt
|faint|p1a: Corviknight
|
|win|ihymyly
|raw|stevstacks's rating: 1590 &rarr; <strong>1570</strong><br />(-20 for losing)
|raw|ihymyly's rating: 1598 &rarr; <strong>1618</strong><br />(+20 for winning)
|l|☆ihymyly
|player|p2|
|l|☆stevstacks
|player|p1|
