|j|☆arbok super yea
|j|☆edollas
|t:|1781559467
|gametype|singles
|player|p1|arbok super yea|bugcatcher-gen4dp|1574
|player|p2|edollas|101|1566
|gen|9
|tier|[Gen 9] OU
|rated|
|rule|HP Percentage Mod: HP is shown in percentages
|rule|Endless Battle Clause: Forcing endless battles is banned
|rule|Species Clause: Limit one of each Pokémon
|rule|OHKO Clause: OHKO moves are banned
|rule|Evasion Items Clause: Evasion items are banned
|rule|Evasion Moves Clause: Evasion moves are banned
|rule|Evasion Abilities Clause: Evasion abilities are banned
|rule|Sleep Moves Clause: Sleep-inducing moves are banned
|clearpoke
|poke|p1|Arbok, M|
|poke|p1|Heatran, F|
|poke|p1|Tornadus-Therian, M|
|poke|p1|Great Tusk|
|poke|p1|Darkrai|
|poke|p1|Ogerpon-Wellspring, F|
|poke|p2|Corviknight, F|
|poke|p2|Clodsire, F|
|poke|p2|Great Tusk|
|poke|p2|Tyranitar, M|
|poke|p2|Kingambit, M|
|poke|p2|Heatran, M|
|teampreview
|
|t:|1781559477
|teamsize|p1|6
|teamsize|p2|6
|start
|switch|p1a: asoS evoL|Arbok, M|100/100
|switch|p2a: Corviknight|Corviknight, F|100/100
|-ability|p1a: asoS evoL|Intimidate|boost
|-unboost|p2a: Corviknight|atk|1
|-ability|p2a: Corviknight|Pressure
|turn|1
|inactive|Battle timer is ON: inactive players will automatically lose when time's up. (requested by edollas)
|
|t:|1781559497
|move|p1a: asoS evoL|Glare|p2a: Corviknight
|-status|p2a: Corviknight|par
|cant|p2a: Corviknight|par
|
|upkeep
|turn|2
|
|t:|1781559524
|switch|p1a: Heatran|Heatran, F|100/100
|move|p2a: Corviknight|Bulk Up|p2a: Corviknight
|-boost|p2a: Corviknight|atk|1
|-boost|p2a: Corviknight|def|1
|
|upkeep
|turn|3
|
|t:|1781559530
|switch|p2a: Heatran|Heatran, M|100/100
|-item|p2a: Heatran|Air Balloon
|move|p1a: Heatran|Stealth Rock|p2a: Heatran
|-sidestart|p2: edollas|move: Stealth Rock
|
|upkeep
|turn|4
|
|t:|1781559541
|switch|p1a: Great Tusk|Great Tusk|100/100
|move|p2a: Heatran|Will-O-Wisp|p1a: Great Tusk|[miss]
|-miss|p2a: Heatran|p1a: Great Tusk
|
|upkeep
|turn|5
|
|t:|1781559548
|switch|p2a: Corviknight|Corviknight, F|100/100 par
|-damage|p2a: Corviknight|88/100 par|[from] Stealth Rock
|-ability|p2a: Corviknight|Pressure
|move|p1a: Great Tusk|Close Combat|p2a: Corviknight
|-damage|p2a: Corviknight|49/100 par
|-unboost|p1a: Great Tusk|def|1
|-unboost|p1a: Great Tusk|spd|1
|-damage|p1a: Great Tusk|84/100|[from] item: Rocky Helmet|[of] p2a: Corviknight
|
|-heal|p1a: Great Tusk|90/100|[from] item: Leftovers
|upkeep
|turn|6
|
|t:|1781559554
|-end|p1a: Great Tusk|Protosynthesis|[silent]
|switch|p1a: Ogerpon|Ogerpon-Wellspring, F|100/100
|move|p2a: Corviknight|Roost|p2a: Corviknight
|-heal|p2a: Corviknight|99/100 par
|-singleturn|p2a: Corviknight|move: Roost
|
|upkeep
|turn|7
|
|t:|1781559561
|move|p1a: Ogerpon|Encore|p2a: Corviknight
|-start|p2a: Corviknight|Encore
|move|p2a: Corviknight|Roost|p2a: Corviknight
|-heal|p2a: Corviknight|100/100 par
|-singleturn|p2a: Corviknight|move: Roost
|
|upkeep
|turn|8
|
|t:|1781559564
|switch|p2a: Clodsire|Clodsire, F|100/100
|-damage|p2a: Clodsire|94/100|[from] Stealth Rock
|move|p1a: Ogerpon|Ivy Cudgel|p2a: Clodsire|[anim] Ivy Cudgel Water
|-heal|p2a: Clodsire|100/100|[from] ability: Water Absorb|[of] p1a: Ogerpon
|
|upkeep
|turn|9
|
|t:|1781559578
|switch|p1a: Great Tusk|Great Tusk|90/100
|move|p2a: Clodsire|Stealth Rock|p1a: Great Tusk
|-sidestart|p1: arbok super yea|move: Stealth Rock
|
|-heal|p1a: Great Tusk|96/100|[from] item: Leftovers
|upkeep
|turn|10
|
|t:|1781559586
|switch|p2a: Corviknight|Corviknight, F|100/100 par
|-damage|p2a: Corviknight|88/100 par|[from] Stealth Rock
|-ability|p2a: Corviknight|Pressure
|move|p1a: Great Tusk|Rapid Spin|p2a: Corviknight
|-resisted|p2a: Corviknight
|-damage|p2a: Corviknight|83/100 par
|-boost|p1a: Great Tusk|spe|1
|-damage|p1a: Great Tusk|80/100|[from] item: Rocky Helmet|[of] p2a: Corviknight
|-sideend|p1: arbok super yea|Stealth Rock|[from] move: Rapid Spin|[of] p1a: Great Tusk
|
|-heal|p1a: Great Tusk|86/100|[from] item: Leftovers
|upkeep
|turn|11
|
|t:|1781559600
|-end|p1a: Great Tusk|Protosynthesis|[silent]
|switch|p1a: Tornadus|Tornadus-Therian, M|100/100
|move|p2a: Corviknight|Defog|p1a: Tornadus
|-unboost|p1a: Tornadus|evasion|1
|-sideend|p2: edollas|Stealth Rock|[from] move: Defog|[of] p2a: Corviknight
|
|upkeep
|turn|12
|
|t:|1781559605
|switch|p2a: Clodsire|Clodsire, F|100/100
|move|p1a: Tornadus|Nasty Plot|p1a: Tornadus
|-boost|p1a: Tornadus|spa|2
|
|upkeep
|turn|13
|
|t:|1781559614
|move|p1a: Tornadus|Bleakwind Storm|p2a: Clodsire|[miss]
|-miss|p1a: Tornadus|p2a: Clodsire
|move|p2a: Clodsire|Toxic|p1a: Tornadus
|-status|p1a: Tornadus|tox
|
|-damage|p1a: Tornadus|94/100 tox|[from] psn
|upkeep
|turn|14
|
|t:|1781559618
|move|p1a: Tornadus|Nasty Plot|p1a: Tornadus
|-boost|p1a: Tornadus|spa|2
|move|p2a: Clodsire|Recover||[still]
|-fail|p2a: Clodsire|heal
|
|-damage|p1a: Tornadus|82/100 tox|[from] psn
|upkeep
|turn|15
|
|t:|1781559624
|switch|p2a: Tyranitar|Tyranitar, M|100/100
|-weather|Sandstorm|[from] ability: Sand Stream|[of] p2a: Tyranitar
|move|p1a: Tornadus|Bleakwind Storm|p2a: Tyranitar
|-resisted|p2a: Tyranitar
|-damage|p2a: Tyranitar|59/100
|-unboost|p2a: Tyranitar|spe|1
|
|-weather|Sandstorm|[upkeep]
|-damage|p1a: Tornadus|76/100 tox|[from] Sandstorm
|-damage|p1a: Tornadus|58/100 tox|[from] psn
|upkeep
|turn|16
|
|t:|1781559633
|switch|p2a: Clodsire|Clodsire, F|100/100
|move|p1a: Tornadus|Focus Blast|p2a: Clodsire
|-resisted|p2a: Clodsire
|-damage|p2a: Clodsire|72/100
|
|-weather|Sandstorm|[upkeep]
|-damage|p1a: Tornadus|52/100 tox|[from] Sandstorm
|-heal|p2a: Clodsire|78/100|[from] item: Black Sludge
|-damage|p1a: Tornadus|28/100 tox|[from] psn
|upkeep
|turn|17
|
|t:|1781559642
|move|p1a: Tornadus|Bleakwind Storm|p2a: Clodsire
|-damage|p2a: Clodsire|7/100
|move|p2a: Clodsire|Recover|p2a: Clodsire
|-heal|p2a: Clodsire|57/100
|
|-weather|Sandstorm|[upkeep]
|-damage|p1a: Tornadus|22/100 tox|[from] Sandstorm
|-heal|p2a: Clodsire|63/100|[from] item: Black Sludge
|-damage|p1a: Tornadus|0 fnt|[from] psn
|faint|p1a: Tornadus
|upkeep
|
|t:|1781559660
|switch|p1a: Ogerpon|Ogerpon-Wellspring, F|100/100
|turn|18
|
|t:|1781559664
|move|p1a: Ogerpon|Power Whip|p2a: Clodsire
|-damage|p2a: Clodsire|0 fnt
|faint|p2a: Clodsire
|
|-weather|Sandstorm|[upkeep]
|-damage|p1a: Ogerpon|95/100|[from] Sandstorm
|upkeep
|
|t:|1781559668
|switch|p2a: Corviknight|Corviknight, F|83/100 par
|-ability|p2a: Corviknight|Pressure
|turn|19
|
|t:|1781559674
|-terastallize|p1a: Ogerpon|Water
|detailschange|p1a: Ogerpon|Ogerpon-Wellspring-Tera, F, tera:Water
|-ability|p1a: Ogerpon|Embody Aspect (Wellspring)|boost
|-boost|p1a: Ogerpon|spd|1
|move|p1a: Ogerpon|Ivy Cudgel|p2a: Corviknight|[anim] Ivy Cudgel Water
|-crit|p2a: Corviknight
|-damage|p2a: Corviknight|15/100 par
|cant|p2a: Corviknight|par
|
|-weather|none
|upkeep
|turn|20
|
|t:|1781559682
|move|p1a: Ogerpon|Ivy Cudgel|p2a: Corviknight|[anim] Ivy Cudgel Water
|-crit|p2a: Corviknight
|-damage|p2a: Corviknight|0 fnt
|faint|p2a: Corviknight
|
|upkeep
|
|t:|1781559692
|switch|p2a: Kingambit|Kingambit, M|100/100
|turn|21
|
|t:|1781559709
|switch|p1a: Great Tusk|Great Tusk|86/100
|move|p2a: Kingambit|Iron Head|p1a: Great Tusk
|-damage|p1a: Great Tusk|46/100
|
|-heal|p1a: Great Tusk|52/100|[from] item: Leftovers
|upkeep
|turn|22
|
|t:|1781559723
|switch|p2a: Great Tusk|Great Tusk|100/100
|-enditem|p2a: Great Tusk|Booster Energy
|-activate|p2a: Great Tusk|ability: Protosynthesis|[fromitem]
|-start|p2a: Great Tusk|protosynthesisspe
|move|p1a: Great Tusk|Close Combat|p2a: Great Tusk
|-damage|p2a: Great Tusk|61/100
|-unboost|p1a: Great Tusk|def|1
|-unboost|p1a: Great Tusk|spd|1
|
|-heal|p1a: Great Tusk|58/100|[from] item: Leftovers
|upkeep
|turn|23
|
|t:|1781559732
|-end|p1a: Great Tusk|Protosynthesis|[silent]
|switch|p1a: Ogerpon|Ogerpon-Wellspring-Tera, F, tera:Water|95/100
|-ability|p1a: Ogerpon|Embody Aspect (Wellspring)|boost
|-boost|p1a: Ogerpon|spd|1
|move|p2a: Great Tusk|Bulk Up|p2a: Great Tusk
|-boost|p2a: Great Tusk|atk|1
|-boost|p2a: Great Tusk|def|1
|
|upkeep
|turn|24
|
|t:|1781559744
|-terastallize|p2a: Great Tusk|Ice
|move|p2a: Great Tusk|Bulk Up|p2a: Great Tusk
|-boost|p2a: Great Tusk|atk|1
|-boost|p2a: Great Tusk|def|1
|move|p1a: Ogerpon|Ivy Cudgel|p2a: Great Tusk|[anim] Ivy Cudgel Water
|-damage|p2a: Great Tusk|37/100
|
|upkeep
|turn|25
|
|t:|1781559759
|switch|p1a: asoS evoL|Arbok, M|100/100
|-ability|p1a: asoS evoL|Intimidate|boost
|-unboost|p2a: Great Tusk|atk|1
|move|p2a: Great Tusk|Rapid Spin|p1a: asoS evoL
|-damage|p1a: asoS evoL|78/100
|-boost|p2a: Great Tusk|spe|1
|
|-heal|p1a: asoS evoL|84/100|[from] item: Black Sludge
|upkeep
|turn|26
|
|t:|1781559773
|switch|p1a: Great Tusk|Great Tusk|58/100
|move|p2a: Great Tusk|Headlong Rush|p1a: Great Tusk
|-crit|p1a: Great Tusk
|-damage|p1a: Great Tusk|0 fnt
|-unboost|p2a: Great Tusk|def|1
|-unboost|p2a: Great Tusk|spd|1
|faint|p1a: Great Tusk
|-end|p1a: Great Tusk|Protosynthesis|[silent]
|
|upkeep
|
|t:|1781559777
|switch|p1a: asoS evoL|Arbok, M|84/100
|-ability|p1a: asoS evoL|Intimidate|boost
|-unboost|p2a: Great Tusk|atk|1
|turn|27
|
|t:|1781559800
|move|p2a: Great Tusk|Headlong Rush|p1a: asoS evoL
|-supereffective|p1a: asoS evoL
|-damage|p1a: asoS evoL|0 fnt
|-unboost|p2a: Great Tusk|def|1
|-unboost|p2a: Great Tusk|spd|1
|faint|p1a: asoS evoL
|
|upkeep
|
|t:|1781559812
|switch|p1a: Darkrai|Darkrai|100/100
|turn|28
|
|t:|1781559822
|move|p2a: Great Tusk|Headlong Rush|p1a: Darkrai
|-damage|p1a: Darkrai|25/100
|-unboost|p2a: Great Tusk|def|1
|-unboost|p2a: Great Tusk|spd|1
|move|p1a: Darkrai|Dark Pulse|p2a: Great Tusk
|-damage|p2a: Great Tusk|0 fnt
|faint|p2a: Great Tusk
|-end|p2a: Great Tusk|Protosynthesis|[silent]
|
|upkeep
|
|t:|1781559830
|switch|p2a: Kingambit|Kingambit, M|100/100
|turn|29
|
|t:|1781559837
|move|p1a: Darkrai|Focus Blast|p2a: Kingambit
|-supereffective|p2a: Kingambit
|-damage|p2a: Kingambit|0 fnt
|faint|p2a: Kingambit
|
|upkeep
|
|t:|1781559840
|switch|p2a: Tyranitar|Tyranitar, M|59/100
|-weather|Sandstorm|[from] ability: Sand Stream|[of] p2a: Tyranitar
|turn|30
|
|t:|1781559846
|move|p1a: Darkrai|Focus Blast|p2a: Tyranitar
|-supereffective|p2a: Tyranitar
|-damage|p2a: Tyranitar|0 fnt
|faint|p2a: Tyranitar
|
|-weather|Sandstorm|[upkeep]
|-damage|p1a: Darkrai|19/100|[from] Sandstorm
|upkeep
|-message|edollas forfeited.
|
|win|arbok super yea
|raw|arbok super yea's rating: 1574 &rarr; <strong>1594</strong><br />(+20 for winning)
|raw|edollas's rating: 1566 &rarr; <strong>1546</strong><br />(-20 for losing)
|l|☆edollas
|player|p2|
|l|☆arbok super yea
|player|p1|
