|j|☆jimola
|j|☆GreninjaMyFav
|t:|1781202041
|gametype|singles
|player|p1|jimola|102|1626
|player|p2|GreninjaMyFav|skyla|1683
|gen|9
|tier|[Gen 9] OU
|rated|
|rule|HP Percentage Mod: HP is shown in percentages
|rule|Endless Battle Clause: Forcing endless battles is banned
|rule|Species Clause: Limit one of each Pokémon
|rule|OHKO Clause: OHKO moves are banned
|rule|Evasion Items Clause: Evasion items are banned
|rule|Evasion Moves Clause: Evasion moves are banned
|rule|Evasion Abilities Clause: Evasion abilities are banned
|rule|Sleep Moves Clause: Sleep-inducing moves are banned
|clearpoke
|poke|p1|Pincurchin, M|
|poke|p1|Iron Hands|
|poke|p1|Iron Leaves|
|poke|p1|Hatterene, F|
|poke|p1|Iron Moth|
|poke|p1|Iron Valiant|
|poke|p2|Greninja-*, F|
|poke|p2|Raging Bolt|
|poke|p2|Kingambit, M|
|poke|p2|Great Tusk|
|poke|p2|Slowking-Galar, M|
|poke|p2|Corviknight, F|
|teampreview
|
|t:|1781202066
|teamsize|p1|6
|teamsize|p2|6
|start
|switch|p1a: Pincurchin|Pincurchin, M|100/100
|switch|p2a: Raging Bolt|Raging Bolt|100/100
|turn|1
|
|t:|1781202082
|-end|p2a: Raging Bolt|Protosynthesis|[silent]
|switch|p2a: Slowking|Slowking-Galar, M|100/100
|move|p1a: Pincurchin|Spikes|p2a: Slowking
|-sidestart|p2: GreninjaMyFav|Spikes
|
|upkeep
|turn|2
|c|☆jimola|darn i have wrong ability
|
|t:|1781202104
|switch|p1a: Iron Leaves|Iron Leaves|100/100
|move|p2a: Slowking|Sludge Bomb|p1a: Iron Leaves
|-supereffective|p1a: Iron Leaves
|-damage|p1a: Iron Leaves|34/100
|
|-heal|p1a: Iron Leaves|40/100|[from] item: Leftovers
|upkeep
|turn|3
|
|t:|1781202111
|switch|p2a: Corviknight|Corviknight, F|100/100
|-ability|p2a: Corviknight|Pressure
|move|p1a: Iron Leaves|Psyblade|p2a: Corviknight
|-resisted|p2a: Corviknight
|-damage|p2a: Corviknight|89/100
|-damage|p1a: Iron Leaves|23/100|[from] item: Rocky Helmet|[of] p2a: Corviknight
|
|-heal|p1a: Iron Leaves|29/100|[from] item: Leftovers
|upkeep
|turn|4
|
|t:|1781202117
|move|p1a: Iron Leaves|Swords Dance|p1a: Iron Leaves
|-boost|p1a: Iron Leaves|atk|2
|move|p2a: Corviknight|U-turn|p1a: Iron Leaves
|-supereffective|p1a: Iron Leaves
|-damage|p1a: Iron Leaves|0 fnt
|faint|p1a: Iron Leaves
|-end|p1a: Iron Leaves|Quark Drive|[silent]
|
|t:|1781202119
|switch|p2a: Greninja|Greninja, F|100/100|[from] U-turn
|-damage|p2a: Greninja|88/100|[from] Spikes
|
|upkeep
|
|t:|1781202124
|switch|p1a: Iron Hands|Iron Hands|100/100
|turn|5
|
|t:|1781202144
|move|p2a: Greninja|Sludge Wave|p1a: Iron Hands
|-start|p2a: Greninja|typechange|Poison|[from] ability: Protean
|-damage|p1a: Iron Hands|62/100
|move|p1a: Iron Hands|Ice Punch|p2a: Greninja
|-damage|p2a: Greninja|38/100
|
|upkeep
|turn|6
|inactive|Battle timer is ON: inactive players will automatically lose when time's up. (requested by GreninjaMyFav)
|
|t:|1781202155
|switch|p2a: Slowking|Slowking-Galar, M|100/100
|move|p1a: Iron Hands|Ice Punch|p2a: Slowking
|-damage|p2a: Slowking|69/100
|
|upkeep
|turn|7
|
|t:|1781202167
|switch|p2a: Great Tusk|Great Tusk|100/100
|move|p1a: Iron Hands|Wild Charge|p2a: Great Tusk
|-immune|p2a: Great Tusk
|
|upkeep
|turn|8
|
|t:|1781202175
|move|p2a: Great Tusk|Headlong Rush|p1a: Iron Hands
|-supereffective|p1a: Iron Hands
|-crit|p1a: Iron Hands
|-damage|p1a: Iron Hands|0 fnt
|-unboost|p2a: Great Tusk|def|1
|-unboost|p2a: Great Tusk|spd|1
|faint|p1a: Iron Hands
|-end|p1a: Iron Hands|Quark Drive|[silent]
|
|upkeep
|
|t:|1781202192
|switch|p1a: Iron Valiant|Iron Valiant|100/100
|turn|9
|
|t:|1781202196
|-end|p2a: Great Tusk|Protosynthesis|[silent]
|switch|p2a: Slowking|Slowking-Galar, M|100/100
|move|p1a: Iron Valiant|Moonblast|p2a: Slowking
|-resisted|p2a: Slowking
|-damage|p2a: Slowking|87/100
|-unboost|p2a: Slowking|spa|1
|
|upkeep
|turn|10
|
|t:|1781202202
|move|p1a: Iron Valiant|Knock Off|p2a: Slowking
|-supereffective|p2a: Slowking
|-damage|p2a: Slowking|25/100
|-enditem|p2a: Slowking|Heavy-Duty Boots|[from] move: Knock Off|[of] p1a: Iron Valiant
|-prepare|p2a: Slowking|Chilly Reception|[premajor]
|move|p2a: Slowking|Chilly Reception|p2a: Slowking
|-weather|Snowscape
|
|t:|1781202205
|switch|p2a: Greninja|Greninja, F|38/100|[from] Chilly Reception
|-damage|p2a: Greninja|26/100|[from] Spikes
|
|-weather|Snowscape|[upkeep]
|upkeep
|turn|11
|
|t:|1781202218
|-end|p1a: Iron Valiant|Quark Drive|[silent]
|switch|p1a: Hatterene|Hatterene, F|100/100
|move|p2a: Greninja|Hydro Pump|p1a: Hatterene
|-start|p2a: Greninja|typechange|Water|[from] ability: Protean
|-damage|p1a: Hatterene|25/100
|-enditem|p1a: Hatterene|Eject Button
|
|t:|1781202223
|switch|p1a: Pincurchin|Pincurchin, M|100/100
|
|-weather|Snowscape|[upkeep]
|upkeep
|turn|12
|
|t:|1781202230
|move|p2a: Greninja|Hydro Pump|p1a: Pincurchin
|-damage|p1a: Pincurchin|13/100
|move|p1a: Pincurchin|Scald|p2a: Greninja
|-resisted|p2a: Greninja
|-damage|p2a: Greninja|12/100
|
|-weather|Snowscape|[upkeep]
|upkeep
|turn|13
|
|t:|1781202236
|move|p2a: Greninja|Hydro Pump|p1a: Pincurchin
|-damage|p1a: Pincurchin|0 fnt
|faint|p1a: Pincurchin
|
|-weather|Snowscape|[upkeep]
|upkeep
|
|t:|1781202238
|switch|p1a: Iron Moth|Iron Moth|100/100
|turn|14
|
|t:|1781202240
|move|p2a: Greninja|Hydro Pump|p1a: Iron Moth|[miss]
|-miss|p2a: Greninja|p1a: Iron Moth
|move|p1a: Iron Moth|Fiery Dance|p2a: Greninja
|-resisted|p2a: Greninja
|-crit|p2a: Greninja
|-damage|p2a: Greninja|0 fnt
|-boost|p1a: Iron Moth|spa|1
|faint|p2a: Greninja
|
|-weather|none
|upkeep
|
|t:|1781202242
|switch|p2a: Raging Bolt|Raging Bolt|100/100
|-damage|p2a: Raging Bolt|88/100|[from] Spikes
|turn|15
|
|t:|1781202257
|-terastallize|p1a: Iron Moth|Fairy
|move|p1a: Iron Moth|Dazzling Gleam|p2a: Raging Bolt
|-supereffective|p2a: Raging Bolt
|-damage|p2a: Raging Bolt|0 fnt
|faint|p2a: Raging Bolt
|-end|p2a: Raging Bolt|Protosynthesis|[silent]
|
|upkeep
|
|t:|1781202266
|switch|p2a: Slowking|Slowking-Galar, M|58/100
|-damage|p2a: Slowking|46/100|[from] Spikes
|turn|16
|
|t:|1781202271
|-terastallize|p2a: Slowking|Water
|move|p1a: Iron Moth|Fiery Dance|p2a: Slowking
|-resisted|p2a: Slowking
|-damage|p2a: Slowking|27/100
|-boost|p1a: Iron Moth|spa|1
|move|p2a: Slowking|Thunder Wave|p1a: Iron Moth
|-status|p1a: Iron Moth|par
|
|upkeep
|turn|17
|
|t:|1781202277
|switch|p2a: Great Tusk|Great Tusk|100/100
|move|p1a: Iron Moth|Discharge|p2a: Great Tusk
|-immune|p2a: Great Tusk
|
|upkeep
|turn|18
|
|t:|1781202281
|move|p2a: Great Tusk|Headlong Rush|p1a: Iron Moth
|-damage|p1a: Iron Moth|2/100 par
|-unboost|p2a: Great Tusk|def|1
|-unboost|p2a: Great Tusk|spd|1
|cant|p1a: Iron Moth|par
|
|upkeep
|turn|19
|c|☆GreninjaMyFav|gg
|c|☆GreninjaMyFav|lol
|
|t:|1781202290
|move|p2a: Great Tusk|Rapid Spin|p1a: Iron Moth
|-damage|p1a: Iron Moth|0 fnt
|-boost|p2a: Great Tusk|spe|1
|-sideend|p2: GreninjaMyFav|Spikes|[from] move: Rapid Spin|[of] p2a: Great Tusk
|faint|p1a: Iron Moth
|-end|p1a: Iron Moth|Quark Drive|[silent]
|
|upkeep
|
|t:|1781202293
|switch|p1a: Iron Valiant|Iron Valiant|100/100
|turn|20
|
|t:|1781202296
|move|p2a: Great Tusk|Headlong Rush|p1a: Iron Valiant
|-damage|p1a: Iron Valiant|22/100
|-unboost|p2a: Great Tusk|def|1
|-unboost|p2a: Great Tusk|spd|1
|move|p1a: Iron Valiant|Moonblast|p2a: Great Tusk
|-supereffective|p2a: Great Tusk
|-damage|p2a: Great Tusk|0 fnt
|faint|p2a: Great Tusk
|-end|p2a: Great Tusk|Protosynthesis|[silent]
|
|upkeep
|
|t:|1781202298
|switch|p2a: Corviknight|Corviknight, F|89/100
|-ability|p2a: Corviknight|Pressure
|turn|21
|
|t:|1781202301
|move|p1a: Iron Valiant|Thunderbolt|p2a: Corviknight
|-supereffective|p2a: Corviknight
|-damage|p2a: Corviknight|37/100
|move|p2a: Corviknight|Brave Bird|p1a: Iron Valiant
|-supereffective|p1a: Iron Valiant
|-damage|p1a: Iron Valiant|0 fnt
|faint|p1a: Iron Valiant
|-end|p1a: Iron Valiant|Quark Drive|[silent]
|-damage|p2a: Corviknight|32/100|[from] Recoil
|
|upkeep
|-message|jimola forfeited.
|
|win|GreninjaMyFav
|raw|jimola's rating: 1626 &rarr; <strong>1609</strong><br />(-17 for losing)
|raw|GreninjaMyFav's rating: 1683 &rarr; <strong>1700</strong><br />(+17 for winning)
|j| Perola P
|l|☆jimola
|player|p1|
|l|☆GreninjaMyFav
|player|p2|
|l| Perola P
