|j|☆muskat-mix
|j|☆Mysterious Soop
|t:|1781099928
|gametype|singles
|player|p1|muskat-mix|101|1552
|player|p2|Mysterious Soop|102|1624
|gen|9
|tier|[Gen 9] OU
|rated|
|rule|HP Percentage Mod: HP is shown in percentages
|rule|Endless Battle Clause: Forcing endless battles is banned
|rule|Species Clause: Limit one of each Pokémon
|rule|OHKO Clause: OHKO moves are banned
|rule|Evasion Items Clause: Evasion items are banned
|rule|Evasion Moves Clause: Evasion moves are banned
|rule|Evasion Abilities Clause: Evasion abilities are banned
|rule|Sleep Moves Clause: Sleep-inducing moves are banned
|clearpoke
|poke|p1|Alomomola, M|
|poke|p1|Pecharunt|
|poke|p1|Great Tusk|
|poke|p1|Lokix, F|
|poke|p1|Iron Crown|
|poke|p1|Enamorus, F|
|poke|p2|Excadrill, M|
|poke|p2|Tyranitar, F|
|poke|p2|Hydrapple, M|
|poke|p2|Gholdengo|
|poke|p2|Alomomola, F|
|poke|p2|Hatterene, F|
|teampreview
|inactive|Battle timer is ON: inactive players will automatically lose when time's up. (requested by muskat-mix)
|
|t:|1781099938
|teamsize|p1|6
|teamsize|p2|6
|start
|switch|p1a: Iron Crown|Iron Crown|100/100
|switch|p2a: Tyranitar|Tyranitar, F|100/100
|-weather|Sandstorm|[from] ability: Sand Stream|[of] p2a: Tyranitar
|turn|1
|
|t:|1781099952
|switch|p2a: Hatterene|Hatterene, F|100/100
|move|p1a: Iron Crown|Tachyon Cutter|p2a: Hatterene
|-supereffective|p2a: Hatterene
|-damage|p2a: Hatterene|63/100
|-supereffective|p2a: Hatterene
|-damage|p2a: Hatterene|27/100
|-hitcount|p2a: Hatterene|2
|
|-weather|Sandstorm|[upkeep]
|-damage|p2a: Hatterene|21/100|[from] Sandstorm
|upkeep
|turn|2
|
|t:|1781099962
|switch|p2a: Excadrill|Excadrill, M|100/100
|move|p1a: Iron Crown|Tachyon Cutter|p2a: Excadrill
|-resisted|p2a: Excadrill
|-damage|p2a: Excadrill|74/100
|-resisted|p2a: Excadrill
|-damage|p2a: Excadrill|51/100
|-hitcount|p2a: Excadrill|2
|
|-weather|Sandstorm|[upkeep]
|-heal|p2a: Excadrill|57/100|[from] item: Leftovers
|upkeep
|turn|3
|
|t:|1781099974
|-end|p1a: Iron Crown|Quark Drive|[silent]
|switch|p1a: Great Tusk|Great Tusk|100/100
|move|p2a: Excadrill|Earthquake|p1a: Great Tusk
|-damage|p1a: Great Tusk|55/100
|
|-weather|Sandstorm|[upkeep]
|-heal|p2a: Excadrill|63/100|[from] item: Leftovers
|upkeep
|turn|4
|
|t:|1781099983
|switch|p2a: Alomomola|Alomomola, F|100/100
|move|p1a: Great Tusk|Headlong Rush|p2a: Alomomola
|-damage|p2a: Alomomola|67/100
|-unboost|p1a: Great Tusk|def|1
|-unboost|p1a: Great Tusk|spd|1
|-damage|p1a: Great Tusk|38/100|[from] item: Rocky Helmet|[of] p2a: Alomomola
|
|-weather|Sandstorm|[upkeep]
|-damage|p2a: Alomomola|61/100|[from] Sandstorm
|upkeep
|turn|5
|
|t:|1781099990
|move|p1a: Great Tusk|Stealth Rock|p2a: Alomomola
|-sidestart|p2: Mysterious Soop|move: Stealth Rock
|move|p2a: Alomomola|Flip Turn|p1a: Great Tusk
|-supereffective|p1a: Great Tusk
|-damage|p1a: Great Tusk|1/100
|
|t:|1781099995
|switch|p2a: Excadrill|Excadrill, M|63/100|[from] Flip Turn
|-damage|p2a: Excadrill|60/100|[from] Stealth Rock
|
|-weather|none
|-heal|p2a: Excadrill|66/100|[from] item: Leftovers
|upkeep
|turn|6
|
|t:|1781100003
|-end|p1a: Great Tusk|Protosynthesis|[silent]
|switch|p1a: Pecharunt|Pecharunt|100/100
|switch|p2a: Alomomola|Alomomola, F|94/100
|-damage|p2a: Alomomola|82/100|[from] Stealth Rock
|
|upkeep
|turn|7
|
|t:|1781100007
|switch|p2a: Tyranitar|Tyranitar, F|100/100
|-damage|p2a: Tyranitar|88/100|[from] Stealth Rock
|-weather|Sandstorm|[from] ability: Sand Stream|[of] p2a: Tyranitar
|move|p1a: Pecharunt|Malignant Chain|p2a: Tyranitar
|-resisted|p2a: Tyranitar
|-damage|p2a: Tyranitar|80/100
|
|-weather|Sandstorm|[upkeep]
|-damage|p1a: Pecharunt|94/100|[from] Sandstorm
|upkeep
|turn|8
|
|t:|1781100022
|move|p1a: Pecharunt|Parting Shot|p2a: Tyranitar
|-unboost|p2a: Tyranitar|atk|1
|-unboost|p2a: Tyranitar|spa|1
|
|t:|1781100025
|switch|p1a: Lokix|Lokix, F|100/100|[from] Parting Shot
|move|p2a: Tyranitar|Knock Off|p1a: Lokix
|-resisted|p1a: Lokix
|-damage|p1a: Lokix|61/100
|-enditem|p1a: Lokix|Choice Band|[from] move: Knock Off|[of] p2a: Tyranitar
|
|-weather|Sandstorm|[upkeep]
|-damage|p1a: Lokix|55/100|[from] Sandstorm
|upkeep
|turn|9
|
|t:|1781100032
|switch|p2a: Alomomola|Alomomola, F|100/100
|-damage|p2a: Alomomola|88/100|[from] Stealth Rock
|-terastallize|p1a: Lokix|Bug
|move|p1a: Lokix|U-turn|p2a: Alomomola
|-damage|p2a: Alomomola|64/100
|-damage|p1a: Lokix|38/100|[from] item: Rocky Helmet|[of] p2a: Alomomola
|
|t:|1781100042
|switch|p1a: Iron Crown|Iron Crown|100/100|[from] U-turn
|
|-weather|Sandstorm|[upkeep]
|-damage|p2a: Alomomola|58/100|[from] Sandstorm
|upkeep
|turn|10
|
|t:|1781100051
|move|p2a: Alomomola|Protect|p2a: Alomomola
|-singleturn|p2a: Alomomola|Protect
|move|p1a: Iron Crown|Volt Switch|p2a: Alomomola
|-activate|p2a: Alomomola|move: Protect
|
|-weather|Sandstorm|[upkeep]
|-damage|p2a: Alomomola|51/100|[from] Sandstorm
|upkeep
|turn|11
|
|t:|1781100058
|-end|p1a: Iron Crown|Quark Drive|[silent]
|switch|p1a: Lokix|Lokix, F, tera:Bug|38/100
|switch|p2a: Excadrill|Excadrill, M|66/100
|-damage|p2a: Excadrill|63/100|[from] Stealth Rock
|
|-weather|none
|-heal|p2a: Excadrill|69/100|[from] item: Leftovers
|upkeep
|turn|12
|
|t:|1781100062
|switch|p2a: Alomomola|Alomomola, F|85/100
|-damage|p2a: Alomomola|72/100|[from] Stealth Rock
|move|p1a: Lokix|First Impression|p2a: Alomomola
|-damage|p2a: Alomomola|39/100
|-damage|p1a: Lokix|22/100|[from] item: Rocky Helmet|[of] p2a: Alomomola
|
|upkeep
|turn|13
|
|t:|1781100069
|switch|p1a: Iron Crown|Iron Crown|100/100
|move|p2a: Alomomola|Wish|p2a: Alomomola
|
|upkeep
|turn|14
|
|t:|1781100074
|move|p2a: Alomomola|Protect|p2a: Alomomola
|-singleturn|p2a: Alomomola|Protect
|move|p1a: Iron Crown|Tachyon Cutter|p2a: Alomomola
|-activate|p2a: Alomomola|move: Protect
|
|-heal|p2a: Alomomola|89/100|[from] move: Wish|[wisher] Alomomola
|upkeep
|turn|15
|
|t:|1781100084
|move|p1a: Iron Crown|Tachyon Cutter|p2a: Alomomola
|-resisted|p2a: Alomomola
|-damage|p2a: Alomomola|66/100
|-resisted|p2a: Alomomola
|-damage|p2a: Alomomola|43/100
|-hitcount|p2a: Alomomola|2
|move|p2a: Alomomola|Flip Turn|p1a: Iron Crown
|-damage|p1a: Iron Crown|84/100
|
|t:|1781100088
|switch|p2a: Gholdengo|Gholdengo|100/100|[from] Flip Turn
|-damage|p2a: Gholdengo|94/100|[from] Stealth Rock
|
|upkeep
|turn|16
|
|t:|1781100096
|-end|p1a: Iron Crown|Quark Drive|[silent]
|switch|p1a: Alomomola|Alomomola, M|100/100
|move|p2a: Gholdengo|Shadow Ball|p1a: Alomomola
|-damage|p1a: Alomomola|78/100
|
|upkeep
|turn|17
|
|t:|1781100111
|switch|p2a: Alomomola|Alomomola, F|77/100
|-damage|p2a: Alomomola|64/100|[from] Stealth Rock
|move|p1a: Alomomola|Flip Turn|p2a: Alomomola
|-resisted|p2a: Alomomola
|-damage|p2a: Alomomola|60/100
|-damage|p1a: Alomomola|62/100|[from] item: Rocky Helmet|[of] p2a: Alomomola
|
|t:|1781100114
|switch|p1a: Iron Crown|Iron Crown|84/100|[from] Flip Turn
|
|upkeep
|turn|18
|
|t:|1781100118
|move|p2a: Alomomola|Protect|p2a: Alomomola
|-singleturn|p2a: Alomomola|Protect
|move|p1a: Iron Crown|Psychic Noise|p2a: Alomomola
|-activate|p2a: Alomomola|move: Protect
|
|upkeep
|turn|19
|
|t:|1781100125
|-end|p1a: Iron Crown|Quark Drive|[silent]
|switch|p1a: Lokix|Lokix, F, tera:Bug|22/100
|switch|p2a: Tyranitar|Tyranitar, F|80/100
|-damage|p2a: Tyranitar|67/100|[from] Stealth Rock
|-weather|Sandstorm|[from] ability: Sand Stream|[of] p2a: Tyranitar
|
|-weather|Sandstorm|[upkeep]
|-damage|p1a: Lokix|16/100|[from] Sandstorm
|upkeep
|turn|20
|
|t:|1781100130
|switch|p2a: Alomomola|Alomomola, F|94/100
|-damage|p2a: Alomomola|81/100|[from] Stealth Rock
|move|p1a: Lokix|Leech Life|p2a: Alomomola
|-damage|p2a: Alomomola|53/100
|-heal|p1a: Lokix|42/100|[from] drain|[of] p2a: Alomomola
|-damage|p1a: Lokix|25/100|[from] item: Rocky Helmet|[of] p2a: Alomomola
|
|-weather|Sandstorm|[upkeep]
|-damage|p1a: Lokix|20/100|[from] Sandstorm
|-damage|p2a: Alomomola|47/100|[from] Sandstorm
|upkeep
|turn|21
|
|t:|1781100136
|move|p1a: Lokix|Leech Life|p2a: Alomomola
|-damage|p2a: Alomomola|18/100
|-heal|p1a: Lokix|47/100|[from] drain|[of] p2a: Alomomola
|-damage|p1a: Lokix|30/100|[from] item: Rocky Helmet|[of] p2a: Alomomola
|move|p2a: Alomomola|Wish|p2a: Alomomola
|
|-weather|Sandstorm|[upkeep]
|-damage|p1a: Lokix|24/100|[from] Sandstorm
|-damage|p2a: Alomomola|12/100|[from] Sandstorm
|upkeep
|turn|22
|
|t:|1781100140
|move|p2a: Alomomola|Protect|p2a: Alomomola
|-singleturn|p2a: Alomomola|Protect
|move|p1a: Lokix|Leech Life|p2a: Alomomola
|-activate|p2a: Alomomola|move: Protect
|
|-weather|Sandstorm|[upkeep]
|-damage|p1a: Lokix|18/100|[from] Sandstorm
|-damage|p2a: Alomomola|6/100|[from] Sandstorm
|-heal|p2a: Alomomola|56/100|[from] move: Wish|[wisher] Alomomola
|upkeep
|turn|23
|
|t:|1781100146
|move|p1a: Lokix|Leech Life|p2a: Alomomola
|-damage|p2a: Alomomola|30/100
|-heal|p1a: Lokix|43/100|[from] drain|[of] p2a: Alomomola
|-damage|p1a: Lokix|26/100|[from] item: Rocky Helmet|[of] p2a: Alomomola
|move|p2a: Alomomola|Wish|p2a: Alomomola
|
|-weather|none
|upkeep
|turn|24
|
|t:|1781100151
|move|p2a: Alomomola|Protect|p2a: Alomomola
|-singleturn|p2a: Alomomola|Protect
|move|p1a: Lokix|Leech Life|p2a: Alomomola
|-activate|p2a: Alomomola|move: Protect
|
|-heal|p2a: Alomomola|80/100|[from] move: Wish|[wisher] Alomomola
|upkeep
|turn|25
|
|t:|1781100159
|move|p1a: Lokix|Knock Off|p2a: Alomomola
|-damage|p2a: Alomomola|55/100
|-damage|p1a: Lokix|10/100|[from] item: Rocky Helmet|[of] p2a: Alomomola
|-enditem|p2a: Alomomola|Rocky Helmet|[from] move: Knock Off|[of] p1a: Lokix
|move|p2a: Alomomola|Wish|p2a: Alomomola
|
|upkeep
|turn|26
|
|t:|1781100163
|move|p2a: Alomomola|Protect|p2a: Alomomola
|-singleturn|p2a: Alomomola|Protect
|move|p1a: Lokix|Leech Life|p2a: Alomomola
|-activate|p2a: Alomomola|move: Protect
|
|-heal|p2a: Alomomola|100/100|[from] move: Wish|[wisher] Alomomola
|upkeep
|turn|27
|
|t:|1781100167
|move|p1a: Lokix|Leech Life|p2a: Alomomola
|-damage|p2a: Alomomola|72/100
|-heal|p1a: Lokix|36/100|[from] drain|[of] p2a: Alomomola
|move|p2a: Alomomola|Flip Turn|p1a: Lokix
|-damage|p1a: Lokix|12/100
|
|t:|1781100189
|switch|p2a: Gholdengo|Gholdengo|94/100|[from] Flip Turn
|-damage|p2a: Gholdengo|88/100|[from] Stealth Rock
|
|upkeep
|turn|28
|
|t:|1781100196
|switch|p1a: Alomomola|Alomomola, M|95/100
|move|p2a: Gholdengo|Shadow Ball|p1a: Alomomola
|-damage|p1a: Alomomola|75/100
|
|upkeep
|turn|29
|
|t:|1781100201
|switch|p2a: Alomomola|Alomomola, F|100/100
|-damage|p2a: Alomomola|88/100|[from] Stealth Rock
|move|p1a: Alomomola|Flip Turn|p2a: Alomomola
|-resisted|p2a: Alomomola
|-damage|p2a: Alomomola|84/100
|
|t:|1781100206
|switch|p1a: Lokix|Lokix, F, tera:Bug|12/100|[from] Flip Turn
|
|upkeep
|turn|30
|
|t:|1781100212
|move|p1a: Lokix|Leech Life|p2a: Alomomola
|-damage|p2a: Alomomola|54/100
|-heal|p1a: Lokix|40/100|[from] drain|[of] p2a: Alomomola
|move|p2a: Alomomola|Scald|p1a: Lokix
|-damage|p1a: Lokix|15/100
|-status|p1a: Lokix|brn
|
|-damage|p1a: Lokix|9/100 brn|[from] brn
|upkeep
|turn|31
|
|t:|1781100219
|move|p1a: Lokix|U-turn|p2a: Alomomola
|-damage|p2a: Alomomola|43/100
|
|t:|1781100224
|switch|p1a: Enamorus|Enamorus, F|100/100|[from] U-turn
|move|p2a: Alomomola|Wish|p2a: Alomomola
|
|upkeep
|turn|32
|
|t:|1781100228
|move|p2a: Alomomola|Protect|p2a: Alomomola
|-singleturn|p2a: Alomomola|Protect
|move|p1a: Enamorus|Moonblast|p2a: Alomomola
|-activate|p2a: Alomomola|move: Protect
|
|-heal|p2a: Alomomola|93/100|[from] move: Wish|[wisher] Alomomola
|upkeep
|turn|33
|
|t:|1781100236
|move|p1a: Enamorus|Moonblast|p2a: Alomomola
|-damage|p2a: Alomomola|26/100
|move|p2a: Alomomola|Flip Turn|p1a: Enamorus
|-damage|p1a: Enamorus|76/100
|
|t:|1781100246
|switch|p2a: Gholdengo|Gholdengo|88/100|[from] Flip Turn
|-damage|p2a: Gholdengo|82/100|[from] Stealth Rock
|
|upkeep
|turn|34
|
|t:|1781100250
|switch|p1a: Alomomola|Alomomola, M|100/100
|move|p2a: Gholdengo|Make It Rain|p1a: Alomomola
|-resisted|p1a: Alomomola
|-damage|p1a: Alomomola|84/100
|-unboost|p2a: Gholdengo|spa|1
|
|upkeep
|turn|35
|
|t:|1781100256
|switch|p2a: Alomomola|Alomomola, F|59/100
|-damage|p2a: Alomomola|47/100|[from] Stealth Rock
|move|p1a: Alomomola|Flip Turn|p2a: Alomomola
|-resisted|p2a: Alomomola
|-damage|p2a: Alomomola|43/100
|
|t:|1781100268
|switch|p1a: Enamorus|Enamorus, F|76/100|[from] Flip Turn
|
|upkeep
|turn|36
|
|t:|1781100278
|move|p2a: Alomomola|Protect|p2a: Alomomola
|-singleturn|p2a: Alomomola|Protect
|move|p1a: Enamorus|Moonblast|p2a: Alomomola
|-activate|p2a: Alomomola|move: Protect
|
|upkeep
|turn|37
|
|t:|1781100300
|switch|p2a: Gholdengo|Gholdengo|82/100
|-damage|p2a: Gholdengo|76/100|[from] Stealth Rock
|move|p1a: Enamorus|Moonblast|p2a: Gholdengo
|-resisted|p2a: Gholdengo
|-damage|p2a: Gholdengo|42/100
|-unboost|p2a: Gholdengo|spa|1
|
|upkeep
|turn|38
|
|t:|1781100310
|switch|p1a: Alomomola|Alomomola, M|100/100
|move|p2a: Gholdengo|Trick|p1a: Alomomola
|-activate|p2a: Gholdengo|move: Trick|[of] p1a: Alomomola
|-item|p1a: Alomomola|Choice Scarf|[from] move: Trick
|-item|p2a: Gholdengo|Assault Vest|[from] move: Trick
|
|upkeep
|turn|39
|
|t:|1781100324
|switch|p2a: Alomomola|Alomomola, F|76/100
|-damage|p2a: Alomomola|64/100|[from] Stealth Rock
|move|p1a: Alomomola|Flip Turn|p2a: Alomomola
|-resisted|p2a: Alomomola
|-damage|p2a: Alomomola|60/100
|
|t:|1781100327
|switch|p1a: Enamorus|Enamorus, F|76/100|[from] Flip Turn
|
|upkeep
|turn|40
|
|t:|1781100331
|move|p2a: Alomomola|Protect|p2a: Alomomola
|-singleturn|p2a: Alomomola|Protect
|move|p1a: Enamorus|Moonblast|p2a: Alomomola
|-activate|p2a: Alomomola|move: Protect
|
|upkeep
|turn|41
|
|t:|1781100355
|switch|p2a: Hatterene|Hatterene, F|21/100
|-damage|p2a: Hatterene|9/100|[from] Stealth Rock
|move|p1a: Enamorus|Moonblast|p2a: Hatterene
|-damage|p2a: Hatterene|0 fnt
|faint|p2a: Hatterene
|
|upkeep
|
|t:|1781100357
|switch|p2a: Gholdengo|Gholdengo|42/100
|-damage|p2a: Gholdengo|36/100|[from] Stealth Rock
|turn|42
|
|t:|1781100364
|switch|p1a: Alomomola|Alomomola, M|100/100
|switch|p2a: Alomomola|Alomomola, F|93/100
|-damage|p2a: Alomomola|81/100|[from] Stealth Rock
|
|upkeep
|turn|43
|
|t:|1781100369
|move|p1a: Alomomola|Flip Turn|p2a: Alomomola
|-resisted|p2a: Alomomola
|-damage|p2a: Alomomola|76/100
|
|t:|1781100375
|switch|p1a: Enamorus|Enamorus, F|76/100|[from] Flip Turn
|move|p2a: Alomomola|Flip Turn|p1a: Enamorus
|-damage|p1a: Enamorus|49/100
|
|t:|1781100387
|switch|p2a: Excadrill|Excadrill, M|69/100|[from] Flip Turn
|-damage|p2a: Excadrill|66/100|[from] Stealth Rock
|
|-heal|p2a: Excadrill|72/100|[from] item: Leftovers
|upkeep
|turn|44
|
|t:|1781100394
|switch|p2a: Hydrapple|Hydrapple, M|100/100
|-damage|p2a: Hydrapple|88/100|[from] Stealth Rock
|move|p1a: Enamorus|Earth Power|p2a: Hydrapple
|-resisted|p2a: Hydrapple
|-damage|p2a: Hydrapple|71/100
|
|upkeep
|turn|45
|
|t:|1781100403
|switch|p1a: Pecharunt|Pecharunt|94/100
|move|p2a: Hydrapple|Draco Meteor|p1a: Pecharunt
|-damage|p1a: Pecharunt|0 fnt
|-unboost|p2a: Hydrapple|spa|2
|faint|p1a: Pecharunt
|
|upkeep
|
|t:|1781100408
|switch|p1a: Great Tusk|Great Tusk|1/100
|turn|46
|
|t:|1781100412
|switch|p2a: Alomomola|Alomomola, F|100/100
|-damage|p2a: Alomomola|88/100|[from] Stealth Rock
|move|p1a: Great Tusk|Ice Spinner|p2a: Alomomola
|-resisted|p2a: Alomomola
|-damage|p2a: Alomomola|80/100
|
|upkeep
|turn|47
|
|t:|1781100421
|-end|p1a: Great Tusk|Protosynthesis|[silent]
|switch|p1a: Alomomola|Alomomola, M|100/100
|move|p2a: Alomomola|Flip Turn|p1a: Alomomola
|-resisted|p1a: Alomomola
|-damage|p1a: Alomomola|94/100
|
|t:|1781100437
|switch|p2a: Tyranitar|Tyranitar, F|67/100|[from] Flip Turn
|-damage|p2a: Tyranitar|55/100|[from] Stealth Rock
|-weather|Sandstorm|[from] ability: Sand Stream|[of] p2a: Tyranitar
|
|-weather|Sandstorm|[upkeep]
|-damage|p1a: Alomomola|88/100|[from] Sandstorm
|upkeep
|turn|48
|
|t:|1781100445
|switch|p2a: Alomomola|Alomomola, F|100/100
|-damage|p2a: Alomomola|88/100|[from] Stealth Rock
|move|p1a: Alomomola|Flip Turn|p2a: Alomomola
|-resisted|p2a: Alomomola
|-damage|p2a: Alomomola|84/100
|
|t:|1781100455
|switch|p1a: Enamorus|Enamorus, F|49/100|[from] Flip Turn
|
|-weather|Sandstorm|[upkeep]
|-damage|p1a: Enamorus|43/100|[from] Sandstorm
|-damage|p2a: Alomomola|77/100|[from] Sandstorm
|upkeep
|turn|49
|
|t:|1781100462
|move|p1a: Enamorus|Healing Wish|p1a: Enamorus
|faint|p1a: Enamorus
|move|p2a: Alomomola|Flip Turn|p1: Enamorus|[notarget]
|-fail|p2a: Alomomola
|
|-weather|Sandstorm|[upkeep]
|-damage|p2a: Alomomola|71/100|[from] Sandstorm
|upkeep
|
|t:|1781100466
|switch|p1a: Lokix|Lokix, F, tera:Bug|9/100 brn
|-heal|p1a: Lokix|100/100|[from] move: Healing Wish
|turn|50
|
|t:|1781100473
|move|p1a: Lokix|U-turn|p2a: Alomomola
|-damage|p2a: Alomomola|46/100
|
|t:|1781100478
|switch|p1a: Alomomola|Alomomola, M|100/100|[from] U-turn
|move|p2a: Alomomola|Scald|p1a: Alomomola
|-resisted|p1a: Alomomola
|-damage|p1a: Alomomola|95/100
|
|-weather|Sandstorm|[upkeep]
|-damage|p1a: Alomomola|89/100|[from] Sandstorm
|-damage|p2a: Alomomola|40/100|[from] Sandstorm
|upkeep
|turn|51
|
|t:|1781100484
|move|p1a: Alomomola|Flip Turn|p2a: Alomomola
|-resisted|p2a: Alomomola
|-damage|p2a: Alomomola|35/100
|
|t:|1781100490
|switch|p1a: Iron Crown|Iron Crown|84/100|[from] Flip Turn
|move|p2a: Alomomola|Flip Turn|p1a: Iron Crown
|-damage|p1a: Iron Crown|67/100
|
|t:|1781100518
|switch|p2a: Gholdengo|Gholdengo|36/100|[from] Flip Turn
|-damage|p2a: Gholdengo|30/100|[from] Stealth Rock
|
|-weather|none
|upkeep
|turn|52
|
|t:|1781100529
|move|p1a: Iron Crown|Volt Switch|p2a: Gholdengo
|-damage|p2a: Gholdengo|5/100
|
|t:|1781100533
|-end|p1a: Iron Crown|Quark Drive|[silent]
|switch|p1a: Alomomola|Alomomola, M|100/100|[from] Volt Switch
|move|p2a: Gholdengo|Shadow Ball|p1a: Alomomola
|-damage|p1a: Alomomola|68/100
|
|upkeep
|turn|53
|
|t:|1781100541
|move|p2a: Gholdengo|Shadow Ball|p1a: Alomomola
|-damage|p1a: Alomomola|37/100
|move|p1a: Alomomola|Flip Turn|p2a: Gholdengo
|-damage|p2a: Gholdengo|0 fnt
|faint|p2a: Gholdengo
|
|t:|1781100549
|switch|p1a: Iron Crown|Iron Crown|67/100|[from] Flip Turn
|
|upkeep
|
|t:|1781100561
|switch|p2a: Hydrapple|Hydrapple, M|100/100
|-damage|p2a: Hydrapple|88/100|[from] Stealth Rock
|turn|54
|
|t:|1781100570
|move|p1a: Iron Crown|Tachyon Cutter|p2a: Hydrapple
|-damage|p2a: Hydrapple|49/100
|-damage|p2a: Hydrapple|15/100
|-hitcount|p2a: Hydrapple|2
|move|p2a: Hydrapple|Earth Power|p1a: Iron Crown
|-supereffective|p1a: Iron Crown
|-damage|p1a: Iron Crown|0 fnt
|faint|p1a: Iron Crown
|-end|p1a: Iron Crown|Quark Drive|[silent]
|
|upkeep
|
|t:|1781100575
|switch|p1a: Lokix|Lokix, F, tera:Bug|100/100
|turn|55
|
|t:|1781100584
|move|p1a: Lokix|U-turn|p2a: Hydrapple
|-supereffective|p2a: Hydrapple
|-damage|p2a: Hydrapple|0 fnt
|faint|p2a: Hydrapple
|
|t:|1781100593
|switch|p1a: Great Tusk|Great Tusk|1/100|[from] U-turn
|
|upkeep
|
|t:|1781100597
|switch|p2a: Alomomola|Alomomola, F|68/100
|-damage|p2a: Alomomola|56/100|[from] Stealth Rock
|turn|56
|
|t:|1781100603
|-end|p1a: Great Tusk|Protosynthesis|[silent]
|switch|p1a: Alomomola|Alomomola, M|70/100
|move|p2a: Alomomola|Wish|p2a: Alomomola
|
|upkeep
|turn|57
|
|t:|1781100616
|move|p1a: Alomomola|Flip Turn|p2a: Alomomola
|-resisted|p2a: Alomomola
|-damage|p2a: Alomomola|51/100
|
|t:|1781100623
|switch|p1a: Great Tusk|Great Tusk|1/100|[from] Flip Turn
|move|p2a: Alomomola|Flip Turn|p1a: Great Tusk
|-supereffective|p1a: Great Tusk
|-damage|p1a: Great Tusk|0 fnt
|faint|p1a: Great Tusk
|-end|p1a: Great Tusk|Protosynthesis|[silent]
|
|t:|1781100627
|switch|p2a: Tyranitar|Tyranitar, F|55/100|[from] Flip Turn
|-damage|p2a: Tyranitar|42/100|[from] Stealth Rock
|-weather|Sandstorm|[from] ability: Sand Stream|[of] p2a: Tyranitar
|
|-weather|Sandstorm|[upkeep]
|-heal|p2a: Tyranitar|100/100|[from] move: Wish|[wisher] Alomomola
|upkeep
|
|t:|1781100630
|switch|p1a: Lokix|Lokix, F, tera:Bug|100/100
|turn|58
|
|t:|1781100639
|switch|p2a: Alomomola|Alomomola, F|85/100
|-damage|p2a: Alomomola|72/100|[from] Stealth Rock
|move|p1a: Lokix|U-turn|p2a: Alomomola
|-damage|p2a: Alomomola|47/100
|
|t:|1781100644
|switch|p1a: Alomomola|Alomomola, M|100/100|[from] U-turn
|
|-weather|Sandstorm|[upkeep]
|-damage|p1a: Alomomola|94/100|[from] Sandstorm
|-damage|p2a: Alomomola|40/100|[from] Sandstorm
|upkeep
|turn|59
|
|t:|1781100648
|move|p1a: Alomomola|Flip Turn|p2a: Alomomola
|-resisted|p2a: Alomomola
|-damage|p2a: Alomomola|36/100
|
|t:|1781100651
|switch|p1a: Lokix|Lokix, F, tera:Bug|100/100|[from] Flip Turn
|move|p2a: Alomomola|Flip Turn|p1a: Lokix
|-damage|p1a: Lokix|75/100
|
|t:|1781100665
|switch|p2a: Tyranitar|Tyranitar, F|100/100|[from] Flip Turn
|-damage|p2a: Tyranitar|88/100|[from] Stealth Rock
|
|-weather|Sandstorm|[upkeep]
|-damage|p1a: Lokix|69/100|[from] Sandstorm
|upkeep
|turn|60
|
|t:|1781100677
|-terastallize|p2a: Tyranitar|Ghost
|move|p1a: Lokix|Leech Life|p2a: Tyranitar
|-resisted|p2a: Tyranitar
|-damage|p2a: Tyranitar|50/100
|-heal|p1a: Lokix|96/100|[from] drain|[of] p2a: Tyranitar
|move|p2a: Tyranitar|Knock Off|p1a: Lokix
|-damage|p1a: Lokix|10/100
|
|-weather|Sandstorm|[upkeep]
|-damage|p1a: Lokix|4/100|[from] Sandstorm
|-damage|p2a: Tyranitar|44/100|[from] Sandstorm
|upkeep
|turn|61
|
|t:|1781100689
|switch|p2a: Excadrill|Excadrill, M|72/100
|-damage|p2a: Excadrill|69/100|[from] Stealth Rock
|move|p1a: Lokix|U-turn|p2a: Excadrill
|-resisted|p2a: Excadrill
|-damage|p2a: Excadrill|8/100
|
|t:|1781100693
|switch|p1a: Alomomola|Alomomola, M|100/100|[from] U-turn
|
|-weather|none
|-heal|p2a: Excadrill|14/100|[from] item: Leftovers
|upkeep
|turn|62
|
|t:|1781100698
|move|p2a: Excadrill|Rapid Spin|p1a: Alomomola
|-damage|p1a: Alomomola|87/100
|-boost|p2a: Excadrill|spe|1
|-sideend|p2: Mysterious Soop|Stealth Rock|[from] move: Rapid Spin|[of] p2a: Excadrill
|move|p1a: Alomomola|Flip Turn|p2a: Excadrill
|-supereffective|p2a: Excadrill
|-damage|p2a: Excadrill|0 fnt
|faint|p2a: Excadrill
|
|t:|1781100704
|switch|p1a: Lokix|Lokix, F, tera:Bug|4/100|[from] Flip Turn
|
|upkeep
|
|t:|1781100707
|switch|p2a: Alomomola|Alomomola, F|69/100
|turn|63
|
|t:|1781100716
|move|p1a: Lokix|Leech Life|p2a: Alomomola
|-damage|p2a: Alomomola|42/100
|-heal|p1a: Lokix|30/100|[from] drain|[of] p2a: Alomomola
|move|p2a: Alomomola|Wish|p2a: Alomomola
|
|upkeep
|turn|64
|
|t:|1781100723
|move|p2a: Alomomola|Protect|p2a: Alomomola
|-singleturn|p2a: Alomomola|Protect
|move|p1a: Lokix|U-turn|p2a: Alomomola
|-activate|p2a: Alomomola|move: Protect
|
|-heal|p2a: Alomomola|92/100|[from] move: Wish|[wisher] Alomomola
|upkeep
|turn|65
|
|t:|1781100726
|move|p1a: Lokix|U-turn|p2a: Alomomola
|-damage|p2a: Alomomola|69/100
|
|t:|1781100729
|switch|p1a: Alomomola|Alomomola, M|100/100|[from] U-turn
|move|p2a: Alomomola|Wish|p2a: Alomomola
|
|upkeep
|turn|66
|
|t:|1781100732
|move|p1a: Alomomola|Flip Turn|p2a: Alomomola
|-resisted|p2a: Alomomola
|-damage|p2a: Alomomola|64/100
|
|t:|1781100736
|switch|p1a: Lokix|Lokix, F, tera:Bug|30/100|[from] Flip Turn
|move|p2a: Alomomola|Flip Turn|p1a: Lokix
|-damage|p1a: Lokix|5/100
|
|t:|1781100739
|switch|p2a: Tyranitar|Tyranitar, F, tera:Ghost|44/100|[from] Flip Turn
|-weather|Sandstorm|[from] ability: Sand Stream|[of] p2a: Tyranitar
|
|-weather|Sandstorm|[upkeep]
|-damage|p1a: Lokix|0 fnt|[from] Sandstorm
|-damage|p2a: Tyranitar|37/100|[from] Sandstorm
|faint|p1a: Lokix
|-heal|p2a: Tyranitar|100/100|[from] move: Wish|[wisher] Alomomola
|upkeep
|
|t:|1781100743
|switch|p1a: Alomomola|Alomomola, M|100/100
|turn|67
|
|t:|1781100747
|switch|p2a: Alomomola|Alomomola, F|98/100
|move|p1a: Alomomola|Scald|p2a: Alomomola
|-resisted|p2a: Alomomola
|-damage|p2a: Alomomola|90/100
|-status|p2a: Alomomola|brn
|
|-weather|Sandstorm|[upkeep]
|-damage|p1a: Alomomola|94/100|[from] Sandstorm
|-damage|p2a: Alomomola|84/100 brn|[from] Sandstorm
|-damage|p2a: Alomomola|78/100 brn|[from] brn
|upkeep
|turn|68
|
|t:|1781100755
|move|p1a: Alomomola|Scald|p2a: Alomomola
|-resisted|p2a: Alomomola
|-damage|p2a: Alomomola|69/100 brn
|move|p2a: Alomomola|Flip Turn|p1a: Alomomola
|-resisted|p1a: Alomomola
|-damage|p1a: Alomomola|91/100
|-message|muskat-mix forfeited.
|
|win|Mysterious Soop
|raw|muskat-mix's rating: 1552 &rarr; <strong>1536</strong><br />(-16 for losing)
|raw|Mysterious Soop's rating: 1624 &rarr; <strong>1640</strong><br />(+16 for winning)
|l|☆muskat-mix
|player|p1|
|c|☆Mysterious Soop|ggs
