|j|☆Humerus_Skelepun
|j|☆employment devil
|t:|1781497157
|gametype|singles
|player|p1|Humerus_Skelepun|102|1616
|player|p2|employment devil|lusamine-nihilego|1637
|gen|9
|tier|[Gen 9] OU
|rated|
|rule|HP Percentage Mod: HP is shown in percentages
|rule|Endless Battle Clause: Forcing endless battles is banned
|rule|Species Clause: Limit one of each Pokémon
|rule|OHKO Clause: OHKO moves are banned
|rule|Evasion Items Clause: Evasion items are banned
|rule|Evasion Moves Clause: Evasion moves are banned
|rule|Evasion Abilities Clause: Evasion abilities are banned
|rule|Sleep Moves Clause: Sleep-inducing moves are banned
|clearpoke
|poke|p1|Hoopa-Unbound|
|poke|p1|Pecharunt|
|poke|p1|Landorus-Therian, M|
|poke|p1|Cinderace, M|
|poke|p1|Alomomola, M|
|poke|p1|Iron Valiant|
|poke|p2|Ting-Lu|
|poke|p2|Clefable, F|
|poke|p2|Pecharunt|
|poke|p2|Garganacl, M|
|poke|p2|Skarmory, M|
|poke|p2|Deoxys-Speed|
|teampreview
|inactive|Battle timer is ON: inactive players will automatically lose when time's up. (requested by Humerus_Skelepun)
|c|☆employment devil|hf
|c|☆Humerus_Skelepun|sure
|inactive|employment devil has 120 seconds left.
|inactive|Humerus_Skelepun has 120 seconds left.
|inactive|employment devil has 90 seconds left.
|inactive|Humerus_Skelepun has 90 seconds left.
|
|t:|1781497232
|teamsize|p1|6
|teamsize|p2|6
|start
|switch|p1a: Enten|Landorus-Therian, M, shiny|100/100
|switch|p2a: Clefable|Clefable, F|100/100
|-ability|p1a: Enten|Intimidate|boost
|-unboost|p2a: Clefable|atk|1
|turn|1
|
|t:|1781497245
|switch|p2a: Skarmory|Skarmory, M|100/100
|move|p1a: Enten|U-turn|p2a: Skarmory
|-resisted|p2a: Skarmory
|-damage|p2a: Skarmory|97/100
|-damage|p1a: Enten|84/100|[from] item: Rocky Helmet|[of] p2a: Skarmory
|
|t:|1781497252
|switch|p1a: Liberacy|Cinderace, M, shiny|100/100|[from] U-turn
|
|upkeep
|turn|2
|
|t:|1781497258
|switch|p2a: Pecharunt|Pecharunt|100/100
|move|p1a: Liberacy|Pyro Ball|p2a: Pecharunt
|-damage|p2a: Pecharunt|76/100
|
|upkeep
|turn|3
|
|t:|1781497266
|move|p1a: Liberacy|Pyro Ball|p2a: Pecharunt
|-damage|p2a: Pecharunt|49/100
|move|p2a: Pecharunt|Parting Shot|p1a: Liberacy
|-unboost|p1a: Liberacy|atk|1
|-unboost|p1a: Liberacy|spa|1
|j| euphoricpoptarts
|
|t:|1781497280
|switch|p2a: Garganacl|Garganacl, M|100/100|[from] Parting Shot
|
|upkeep
|turn|4
|
|t:|1781497288
|move|p1a: Liberacy|U-turn|p2a: Garganacl
|-start|p1a: Liberacy|typechange|Bug|[from] ability: Libero
|-damage|p2a: Garganacl|86/100
|
|t:|1781497289
|switch|p1a: Calamity|Iron Valiant, shiny|100/100|[from] U-turn
|move|p2a: Garganacl|Stealth Rock|p1a: Calamity
|-sidestart|p1: Humerus_Skelepun|move: Stealth Rock
|
|upkeep
|turn|5
|
|t:|1781497297
|switch|p2a: Skarmory|Skarmory, M|97/100
|-terastallize|p1a: Calamity|Fairy
|move|p1a: Calamity|Moonblast|p2a: Skarmory
|-resisted|p2a: Skarmory
|-damage|p2a: Skarmory|29/100
|
|upkeep
|turn|6
|
|t:|1781497315
|switch|p2a: Ting-Lu|Ting-Lu|100/100
|-ability|p2a: Ting-Lu|Vessel of Ruin
|move|p1a: Calamity|Moonblast|p2a: Ting-Lu
|-supereffective|p2a: Ting-Lu
|-damage|p2a: Ting-Lu|22/100
|
|upkeep
|turn|7
|
|t:|1781497319
|move|p1a: Calamity|Moonblast|p2a: Ting-Lu
|-supereffective|p2a: Ting-Lu
|-damage|p2a: Ting-Lu|0 fnt
|faint|p2a: Ting-Lu
|
|upkeep
|
|t:|1781497341
|switch|p2a: Deoxys|Deoxys-Speed|100/100
|-ability|p2a: Deoxys|Pressure
|turn|8
|
|t:|1781497349
|-end|p1a: Calamity|Quark Drive|[silent]
|switch|p1a: Pisces|Alomomola, M, shiny|100/100
|-damage|p1a: Pisces|88/100|[from] Stealth Rock
|move|p2a: Deoxys|Knock Off|p1a: Pisces
|-damage|p1a: Pisces|74/100
|-enditem|p1a: Pisces|Assault Vest|[from] move: Knock Off|[of] p2a: Deoxys
|
|upkeep
|turn|9
|
|t:|1781497357
|move|p1a: Pisces|Aqua Jet|p2a: Deoxys
|-damage|p2a: Deoxys|86/100
|move|p2a: Deoxys|Thunderbolt|p1a: Pisces
|-supereffective|p1a: Pisces
|-damage|p1a: Pisces|37/100
|
|upkeep
|turn|10
|
|t:|1781497368
|switch|p1a: Enten|Landorus-Therian, M, shiny|84/100
|-damage|p1a: Enten|72/100|[from] Stealth Rock
|-ability|p1a: Enten|Intimidate|boost
|-unboost|p2a: Deoxys|atk|1
|move|p2a: Deoxys|Knock Off|p1a: Enten
|-damage|p1a: Enten|57/100
|-enditem|p1a: Enten|Choice Scarf|[from] move: Knock Off|[of] p2a: Deoxys
|
|upkeep
|turn|11
|
|t:|1781497382
|move|p2a: Deoxys|Ice Beam|p1a: Enten
|-supereffective|p1a: Enten
|-damage|p1a: Enten|0 fnt
|faint|p1a: Enten
|
|upkeep
|
|t:|1781497388
|switch|p1a: Pisces|Alomomola, M, shiny|70/100
|-damage|p1a: Pisces|58/100|[from] Stealth Rock
|turn|12
|
|t:|1781497395
|move|p2a: Deoxys|Thunderbolt|p1a: Pisces
|-supereffective|p1a: Pisces
|-damage|p1a: Pisces|17/100
|move|p1a: Pisces|Mirror Coat|p2a: Deoxys
|-damage|p2a: Deoxys|0 fnt
|faint|p2a: Deoxys
|
|upkeep
|
|t:|1781497398
|switch|p2a: Pecharunt|Pecharunt|49/100
|turn|13
|
|t:|1781497401
|move|p2a: Pecharunt|Recover|p2a: Pecharunt
|-heal|p2a: Pecharunt|99/100
|move|p1a: Pisces|Flip Turn|p2a: Pecharunt
|-damage|p2a: Pecharunt|91/100
|
|t:|1781497410
|switch|p1a: Khaos|Hoopa-Unbound|100/100|[from] Flip Turn
|-damage|p1a: Khaos|88/100|[from] Stealth Rock
|
|upkeep
|turn|14
|
|t:|1781497430
|switch|p2a: Skarmory|Skarmory, M|29/100
|move|p1a: Khaos|Zen Headbutt|p2a: Skarmory
|-resisted|p2a: Skarmory
|-damage|p2a: Skarmory|4/100
|-damage|p1a: Khaos|72/100|[from] item: Rocky Helmet|[of] p2a: Skarmory
|
|upkeep
|turn|15
|
|t:|1781497435
|move|p1a: Khaos|Zen Headbutt|p2a: Skarmory
|-resisted|p2a: Skarmory
|-damage|p2a: Skarmory|0 fnt
|-damage|p1a: Khaos|55/100|[from] item: Rocky Helmet|[of] p2a: Skarmory
|faint|p2a: Skarmory
|
|upkeep
|j| Shucklepilled
|
|t:|1781497460
|switch|p2a: Garganacl|Garganacl, M|86/100
|turn|16
|
|t:|1781497463
|move|p1a: Khaos|Zen Headbutt|p2a: Garganacl
|-damage|p2a: Garganacl|33/100
|move|p2a: Garganacl|Salt Cure|p1a: Khaos
|-damage|p1a: Khaos|34/100
|-start|p1a: Khaos|Salt Cure
|
|-damage|p1a: Khaos|22/100|[from] Salt Cure
|upkeep
|turn|17
|
|t:|1781497476
|move|p1a: Khaos|Zen Headbutt|p2a: Garganacl
|-damage|p2a: Garganacl|0 fnt
|faint|p2a: Garganacl
|
|-damage|p1a: Khaos|10/100|[from] Salt Cure
|upkeep
|
|t:|1781497485
|switch|p2a: Pecharunt|Pecharunt|91/100
|turn|18
|
|t:|1781497503
|switch|p1a: Liberacy|Cinderace, M, shiny|100/100
|move|p2a: Pecharunt|Recover|p2a: Pecharunt
|-heal|p2a: Pecharunt|100/100
|
|upkeep
|turn|19
|j| tonyrayyy
|
|t:|1781497506
|move|p1a: Liberacy|Court Change|p1a: Liberacy
|-start|p1a: Liberacy|typechange|Normal|[from] ability: Libero
|-swapsideconditions
|-activate|p1a: Liberacy|move: Court Change
|move|p2a: Pecharunt|Malignant Chain|p1a: Liberacy
|-damage|p1a: Liberacy|58/100
|-status|p1a: Liberacy|tox
|-start|p1a: Liberacy|confusion|[from] ability: Poison Puppeteer|[of] p2a: Pecharunt
|
|-damage|p1a: Liberacy|52/100 tox|[from] psn
|upkeep
|turn|20
|
|t:|1781497516
|switch|p1a: Pisces|Alomomola, M, shiny|51/100
|move|p2a: Pecharunt|Parting Shot|p1a: Pisces
|-unboost|p1a: Pisces|atk|1
|-unboost|p1a: Pisces|spa|1
|
|t:|1781497519
|switch|p2a: Clefable|Clefable, F|100/100|[from] Parting Shot
|
|upkeep
|turn|21
|
|t:|1781497523
|move|p2a: Clefable|Calm Mind|p2a: Clefable
|-boost|p2a: Clefable|spa|1
|-boost|p2a: Clefable|spd|1
|move|p1a: Pisces|Body Slam|p2a: Clefable
|-damage|p2a: Clefable|86/100
|-status|p2a: Clefable|par
|
|upkeep
|turn|22
|
|t:|1781497526
|switch|p1a: Overseer|Pecharunt|100/100
|move|p2a: Clefable|Calm Mind|p2a: Clefable
|-boost|p2a: Clefable|spa|1
|-boost|p2a: Clefable|spd|1
|
|upkeep
|turn|23
|
|t:|1781497534
|move|p1a: Overseer|Parting Shot|p2a: Clefable
|-unboost|p2a: Clefable|atk|1
|-unboost|p2a: Clefable|spa|1
|
|t:|1781497538
|switch|p1a: Pisces|Alomomola, M, shiny|84/100|[from] Parting Shot
|move|p2a: Clefable|Calm Mind|p2a: Clefable
|-boost|p2a: Clefable|spa|1
|-boost|p2a: Clefable|spd|1
|
|upkeep
|turn|24
|
|t:|1781497546
|move|p1a: Pisces|Flip Turn|p2a: Clefable
|-damage|p2a: Clefable|67/100 par
|
|t:|1781497548
|switch|p1a: Overseer|Pecharunt|100/100|[from] Flip Turn
|cant|p2a: Clefable|par
|
|upkeep
|turn|25
|
|t:|1781497551
|move|p1a: Overseer|Malignant Chain|p2a: Clefable
|-supereffective|p2a: Clefable
|-crit|p2a: Clefable
|-damage|p2a: Clefable|0 fnt
|faint|p2a: Clefable
|
|upkeep
|
|t:|1781497555
|switch|p2a: Pecharunt|Pecharunt|100/100
|turn|26
|-message|employment devil forfeited.
|
|win|Humerus_Skelepun
|raw|Humerus_Skelepun's rating: 1616 &rarr; <strong>1637</strong><br />(+21 for winning)
|raw|employment devil's rating: 1637 &rarr; <strong>1616</strong><br />(-21 for losing)
|l|☆employment devil
|player|p2|
|l| euphoricpoptarts
|l| tonyrayyy
|l|☆Humerus_Skelepun
|player|p1|
|l| Shucklepilled
