|j|☆biryanilover
|j|‽Bring it on mon
|t:|1781247265
|gametype|singles
|player|p1|biryanilover|2|1563
|player|p2|Bring it on mon|galacticgruntf|1668
|gen|9
|tier|[Gen 9] OU
|rated|
|rule|HP Percentage Mod: HP is shown in percentages
|rule|Endless Battle Clause: Forcing endless battles is banned
|rule|Species Clause: Limit one of each Pokémon
|rule|OHKO Clause: OHKO moves are banned
|rule|Evasion Items Clause: Evasion items are banned
|rule|Evasion Moves Clause: Evasion moves are banned
|rule|Evasion Abilities Clause: Evasion abilities are banned
|rule|Sleep Moves Clause: Sleep-inducing moves are banned
|clearpoke
|poke|p1|Rillaboom, M|
|poke|p1|Heatran, F|
|poke|p1|Walking Wake|
|poke|p1|Landorus-Therian, M|
|poke|p1|Zamazenta-*|
|poke|p1|Weezing-Galar, M|
|poke|p2|Ninetales-Alola, M|
|poke|p2|Klefki, F|
|poke|p2|Maushold-Four|
|poke|p2|Latias, F|
|poke|p2|Okidogi, M|
|poke|p2|Ogerpon-Wellspring, F|
|teampreview
|inactive|Battle timer is ON: inactive players will automatically lose when time's up. (requested by biryanilover)
|
|t:|1781247282
|teamsize|p1|6
|teamsize|p2|6
|start
|switch|p1a: Zamazenta|Zamazenta|100/100
|switch|p2a: Klefki|Klefki, F|100/100
|-ability|p1a: Zamazenta|Dauntless Shield|boost
|-boost|p1a: Zamazenta|def|1
|turn|1
|
|t:|1781247284
|move|p2a: Klefki|Reflect|p2a: Klefki
|-sidestart|p2: Bring it on mon|Reflect
|move|p1a: Zamazenta|Close Combat|p2a: Klefki
|-damage|p2a: Klefki|61/100
|-unboost|p1a: Zamazenta|def|1
|-unboost|p1a: Zamazenta|spd|1
|-damage|p1a: Zamazenta|91/100|[from] item: Life Orb
|
|upkeep
|turn|2
|
|t:|1781247289
|switch|p1a: Landorus|Landorus-Therian, M|100/100
|-ability|p1a: Landorus|Intimidate|boost
|-unboost|p2a: Klefki|atk|1
|move|p2a: Klefki|Light Screen|p2a: Klefki
|-sidestart|p2: Bring it on mon|move: Light Screen
|
|upkeep
|turn|3
|
|t:|1781247292
|switch|p2a: Latias|Latias, F|100/100
|move|p1a: Landorus|Stealth Rock|p2a: Latias
|-sidestart|p2: Bring it on mon|move: Stealth Rock
|
|upkeep
|turn|4
|
|t:|1781247294
|move|p1a: Landorus|Taunt|p2a: Latias
|-start|p2a: Latias|move: Taunt
|cant|p2a: Latias|move: Taunt|Agility
|
|upkeep
|turn|5
|
|t:|1781247298
|switch|p1a: Heatran|Heatran, F|100/100
|move|p2a: Latias|Aura Sphere|p1a: Heatran
|-supereffective|p1a: Heatran
|-damage|p1a: Heatran|65/100
|
|-heal|p1a: Heatran|71/100|[from] item: Leftovers
|upkeep
|turn|6
|
|t:|1781247303
|move|p2a: Latias|Aura Sphere|p1a: Heatran
|-supereffective|p1a: Heatran
|-damage|p1a: Heatran|39/100
|move|p1a: Heatran|Magma Storm|p2a: Latias
|-resisted|p2a: Latias
|-damage|p2a: Latias|90/100
|-activate|p2a: Latias|move: Magma Storm|[of] p1a: Heatran
|
|-heal|p1a: Heatran|45/100|[from] item: Leftovers
|-damage|p2a: Latias|78/100|[from] move: Magma Storm|[partiallytrapped]
|-end|p2a: Latias|move: Taunt
|upkeep
|turn|7
|
|t:|1781247310
|move|p2a: Latias|Agility|p2a: Latias
|-boost|p2a: Latias|spe|2
|move|p1a: Heatran|Taunt|p2a: Latias
|-start|p2a: Latias|move: Taunt
|
|-heal|p1a: Heatran|51/100|[from] item: Leftovers
|-damage|p2a: Latias|65/100|[from] move: Magma Storm|[partiallytrapped]
|upkeep
|turn|8
|
|t:|1781247315
|move|p2a: Latias|Aura Sphere|p1a: Heatran
|-supereffective|p1a: Heatran
|-damage|p1a: Heatran|14/100
|move|p1a: Heatran|Magma Storm|p2a: Latias|[miss]
|-miss|p1a: Heatran|p2a: Latias
|
|-heal|p1a: Heatran|21/100|[from] item: Leftovers
|-damage|p2a: Latias|53/100|[from] move: Magma Storm|[partiallytrapped]
|-sideend|p2: Bring it on mon|Reflect
|upkeep
|turn|9
|
|t:|1781247321
|move|p2a: Latias|Aura Sphere|p1a: Heatran
|-supereffective|p1a: Heatran
|-damage|p1a: Heatran|0 fnt
|faint|p1a: Heatran
|
|-end|p2a: Latias|Magma Storm|[partiallytrapped]|[silent]
|-sideend|p2: Bring it on mon|move: Light Screen
|upkeep
|
|t:|1781247326
|switch|p1a: Walking Wake|Walking Wake|100/100
|turn|10
|
|t:|1781247331
|move|p2a: Latias|Stored Power|p1a: Walking Wake
|-damage|p1a: Walking Wake|62/100
|move|p1a: Walking Wake|Dragon Pulse|p2a: Latias
|-supereffective|p2a: Latias
|-damage|p2a: Latias|0 fnt
|faint|p2a: Latias
|
|-heal|p1a: Walking Wake|68/100|[from] item: Leftovers
|upkeep
|
|t:|1781247342
|switch|p2a: Klefki|Klefki, F|61/100
|-damage|p2a: Klefki|55/100|[from] Stealth Rock
|turn|11
|
|t:|1781247346
|move|p2a: Klefki|Light Screen|p2a: Klefki
|-sidestart|p2: Bring it on mon|move: Light Screen
|move|p1a: Walking Wake|Substitute|p1a: Walking Wake
|-start|p1a: Walking Wake|Substitute
|-damage|p1a: Walking Wake|44/100
|
|-heal|p1a: Walking Wake|50/100|[from] item: Leftovers
|upkeep
|turn|12
|
|t:|1781247349
|move|p2a: Klefki|Reflect|p2a: Klefki
|-sidestart|p2: Bring it on mon|Reflect
|move|p1a: Walking Wake|Knock Off|p2a: Klefki
|-resisted|p2a: Klefki
|-damage|p2a: Klefki|50/100
|-enditem|p2a: Klefki|Light Clay|[from] move: Knock Off|[of] p1a: Walking Wake
|
|-heal|p1a: Walking Wake|56/100|[from] item: Leftovers
|upkeep
|turn|13
|
|t:|1781247353
|switch|p2a: Maushold|Maushold-Four|100/100
|-damage|p2a: Maushold|88/100|[from] Stealth Rock
|move|p1a: Walking Wake|Knock Off|p2a: Maushold
|-damage|p2a: Maushold|77/100
|-enditem|p2a: Maushold|Wide Lens|[from] move: Knock Off|[of] p1a: Walking Wake
|
|-heal|p1a: Walking Wake|62/100|[from] item: Leftovers
|upkeep
|turn|14
|
|t:|1781247360
|move|p1a: Walking Wake|Scald|p2a: Maushold
|-damage|p2a: Maushold|49/100
|move|p2a: Maushold|Tidy Up|p2a: Maushold
|-end|p1a: Walking Wake|Substitute
|-sideend|p2: Bring it on mon|Stealth Rock
|-activate|p2a: Maushold|move: Tidy Up
|-boost|p2a: Maushold|atk|1
|-boost|p2a: Maushold|spe|1
|
|-heal|p1a: Walking Wake|68/100|[from] item: Leftovers
|upkeep
|turn|15
|
|t:|1781247366
|-end|p1a: Walking Wake|Protosynthesis|[silent]
|switch|p1a: Landorus|Landorus-Therian, M|100/100
|-ability|p1a: Landorus|Intimidate|boost
|-unboost|p2a: Maushold|atk|1
|move|p2a: Maushold|Population Bomb|p1a: Landorus
|-damage|p1a: Landorus|89/100
|-damage|p2a: Maushold|32/100|[from] item: Rocky Helmet|[of] p1a: Landorus
|-damage|p1a: Landorus|76/100
|-damage|p2a: Maushold|16/100|[from] item: Rocky Helmet|[of] p1a: Landorus
|-damage|p1a: Landorus|64/100
|-damage|p2a: Maushold|0 fnt|[from] item: Rocky Helmet|[of] p1a: Landorus
|faint|p2a: Maushold
|-hitcount|p1a: Landorus|3
|
|upkeep
|
|t:|1781247368
|switch|p2a: Ogerpon|Ogerpon-Wellspring, F|100/100
|turn|16
|
|t:|1781247378
|move|p1a: Landorus|Stealth Rock|p2a: Ogerpon
|-sidestart|p2: Bring it on mon|move: Stealth Rock
|move|p2a: Ogerpon|Ivy Cudgel|p1a: Landorus|[anim] Ivy Cudgel Water
|-supereffective|p1a: Landorus
|-damage|p1a: Landorus|0 fnt
|faint|p1a: Landorus
|
|upkeep
|
|t:|1781247384
|switch|p1a: Rillaboom|Rillaboom, M|100/100
|-fieldstart|move: Grassy Terrain|[from] ability: Grassy Surge|[of] p1a: Rillaboom
|turn|17
|
|t:|1781247391
|switch|p2a: Ninetales|Ninetales-Alola, M|100/100
|-damage|p2a: Ninetales|76/100|[from] Stealth Rock
|-weather|Snowscape|[from] ability: Snow Warning|[of] p2a: Ninetales
|move|p1a: Rillaboom|Wood Hammer|p2a: Ninetales
|-damage|p2a: Ninetales|42/100
|-damage|p1a: Rillaboom|91/100|[from] Recoil
|
|-weather|Snowscape|[upkeep]
|-heal|p2a: Ninetales|48/100|[from] Grassy Terrain
|-heal|p1a: Rillaboom|97/100|[from] Grassy Terrain
|upkeep
|turn|18
|
|t:|1781247400
|move|p2a: Ninetales|Aurora Veil|p2a: Ninetales
|-sidestart|p2: Bring it on mon|move: Aurora Veil
|move|p1a: Rillaboom|Knock Off|p2a: Ninetales
|-resisted|p2a: Ninetales
|-damage|p2a: Ninetales|42/100
|-enditem|p2a: Ninetales|Light Clay|[from] move: Knock Off|[of] p1a: Rillaboom
|
|-weather|Snowscape|[upkeep]
|-heal|p2a: Ninetales|48/100|[from] Grassy Terrain
|-heal|p1a: Rillaboom|100/100|[from] Grassy Terrain
|-sideend|p2: Bring it on mon|move: Light Screen
|upkeep
|turn|19
|
|t:|1781247406
|move|p2a: Ninetales|Freeze-Dry|p1a: Rillaboom
|-supereffective|p1a: Rillaboom
|-damage|p1a: Rillaboom|42/100
|-status|p1a: Rillaboom|frz
|cant|p1a: Rillaboom|frz
|
|-weather|Snowscape|[upkeep]
|-heal|p2a: Ninetales|54/100|[from] Grassy Terrain
|-heal|p1a: Rillaboom|48/100 frz|[from] Grassy Terrain
|-sideend|p2: Bring it on mon|Reflect
|upkeep
|turn|20
|
|t:|1781247413
|switch|p2a: Ogerpon|Ogerpon-Wellspring, F|100/100
|-damage|p2a: Ogerpon|88/100|[from] Stealth Rock
|-curestatus|p1a: Rillaboom|frz|[msg]
|move|p1a: Rillaboom|Wood Hammer|p2a: Ogerpon
|-damage|p2a: Ogerpon|36/100
|-damage|p1a: Rillaboom|32/100|[from] Recoil
|
|-weather|Snowscape|[upkeep]
|-heal|p2a: Ogerpon|42/100|[from] Grassy Terrain
|-heal|p1a: Rillaboom|39/100|[from] Grassy Terrain
|upkeep
|turn|21
|
|t:|1781247416
|move|p1a: Rillaboom|Grassy Glide|p2a: Ogerpon
|-damage|p2a: Ogerpon|21/100
|move|p2a: Ogerpon|Ivy Cudgel|p1a: Rillaboom|[anim] Ivy Cudgel Water
|-resisted|p1a: Rillaboom
|-damage|p1a: Rillaboom|6/100
|
|-weather|none
|-heal|p2a: Ogerpon|27/100|[from] Grassy Terrain
|-heal|p1a: Rillaboom|13/100|[from] Grassy Terrain
|upkeep
|turn|22
|
|t:|1781247419
|move|p1a: Rillaboom|Grassy Glide|p2a: Ogerpon
|-damage|p2a: Ogerpon|3/100
|move|p2a: Ogerpon|Trailblaze|p1a: Rillaboom
|-resisted|p1a: Rillaboom
|-damage|p1a: Rillaboom|0 fnt
|-boost|p2a: Ogerpon|spe|1
|faint|p1a: Rillaboom
|
|-heal|p2a: Ogerpon|9/100|[from] Grassy Terrain
|upkeep
|
|t:|1781247425
|switch|p1a: Weezing|Weezing-Galar, M|100/100
|-ability|p1a: Weezing|Neutralizing Gas
|turn|23
|
|t:|1781247429
|move|p2a: Ogerpon|Ivy Cudgel|p1a: Weezing|[anim] Ivy Cudgel Water
|-damage|p1a: Weezing|56/100
|move|p1a: Weezing|Strange Steam|p2a: Ogerpon
|-damage|p2a: Ogerpon|0 fnt
|faint|p2a: Ogerpon
|
|-heal|p1a: Weezing|62/100|[from] Grassy Terrain
|upkeep
|
|t:|1781247437
|switch|p2a: Klefki|Klefki, F|50/100
|-damage|p2a: Klefki|44/100|[from] Stealth Rock
|turn|24
|
|t:|1781247443
|move|p2a: Klefki|Thunder Wave|p1a: Weezing
|-status|p1a: Weezing|par
|move|p1a: Weezing|Defog|p2a: Klefki
|-unboost|p2a: Klefki|evasion|1
|-sideend|p2: Bring it on mon|move: Aurora Veil
|-sideend|p2: Bring it on mon|Stealth Rock|[from] move: Defog|[of] p1a: Weezing
|-fieldend|move: Grassy Terrain
|
|upkeep
|turn|25
|
|t:|1781247446
|move|p2a: Klefki|Spikes|p1a: Weezing
|-sidestart|p1: biryanilover|Spikes
|move|p1a: Weezing|Defog|p2a: Klefki
|-unboost|p2a: Klefki|evasion|1
|-sideend|p1: biryanilover|Spikes|[from] move: Defog|[of] p1a: Weezing
|
|upkeep
|turn|26
|
|t:|1781247448
|move|p2a: Klefki|Light Screen|p2a: Klefki
|-sidestart|p2: Bring it on mon|move: Light Screen
|move|p1a: Weezing|Defog|p2a: Klefki
|-unboost|p2a: Klefki|evasion|1
|-sideend|p2: Bring it on mon|move: Light Screen
|
|upkeep
|turn|27
|
|t:|1781247451
|move|p2a: Klefki|Light Screen|p2a: Klefki
|-sidestart|p2: Bring it on mon|move: Light Screen
|move|p1a: Weezing|Defog|p2a: Klefki
|-unboost|p2a: Klefki|evasion|1
|-sideend|p2: Bring it on mon|move: Light Screen
|
|upkeep
|turn|28
|
|t:|1781247454
|switch|p2a: Ninetales|Ninetales-Alola, M|54/100
|move|p1a: Weezing|Will-O-Wisp|p2a: Ninetales
|-status|p2a: Ninetales|brn
|
|-damage|p2a: Ninetales|48/100 brn|[from] brn
|upkeep
|turn|29
|
|t:|1781247458
|switch|p2a: Klefki|Klefki, F|44/100
|move|p1a: Weezing|Defog|p2a: Klefki
|-unboost|p2a: Klefki|evasion|1
|
|upkeep
|turn|30
|
|t:|1781247460
|move|p2a: Klefki|Light Screen|p2a: Klefki
|-sidestart|p2: Bring it on mon|move: Light Screen
|move|p1a: Weezing|Will-O-Wisp|p2a: Klefki
|-status|p2a: Klefki|brn
|
|-damage|p2a: Klefki|39/100 brn|[from] brn
|upkeep
|turn|31
|
|t:|1781247463
|switch|p2a: Okidogi|Okidogi, M|100/100
|move|p1a: Weezing|Defog|p2a: Okidogi
|-unboost|p2a: Okidogi|evasion|1
|-sideend|p2: Bring it on mon|move: Light Screen
|
|upkeep
|turn|32
|
|t:|1781247465
|move|p2a: Okidogi|Bulk Up|p2a: Okidogi
|-boost|p2a: Okidogi|atk|1
|-boost|p2a: Okidogi|def|1
|move|p1a: Weezing|Will-O-Wisp|p2a: Okidogi
|-status|p2a: Okidogi|brn
|
|-damage|p2a: Okidogi|94/100 brn|[from] brn
|upkeep
|turn|33
|
|t:|1781247470
|-end|p1a: Weezing|ability: Neutralizing Gas
|switch|p1a: Walking Wake|Walking Wake|68/100
|move|p2a: Okidogi|Bulk Up|p2a: Okidogi
|-boost|p2a: Okidogi|atk|1
|-boost|p2a: Okidogi|def|1
|
|-heal|p1a: Walking Wake|75/100|[from] item: Leftovers
|-heal|p2a: Okidogi|100/100 brn|[from] item: Leftovers
|-damage|p2a: Okidogi|94/100 brn|[from] brn
|upkeep
|turn|34
|
|t:|1781247473
|move|p1a: Walking Wake|Knock Off|p2a: Okidogi
|-resisted|p2a: Okidogi
|-damage|p2a: Okidogi|91/100 brn
|-enditem|p2a: Okidogi|Leftovers|[from] move: Knock Off|[of] p1a: Walking Wake
|move|p2a: Okidogi|Facade|p1a: Walking Wake
|-damage|p1a: Walking Wake|0 fnt
|faint|p1a: Walking Wake
|-end|p1a: Walking Wake|Protosynthesis|[silent]
|
|-damage|p2a: Okidogi|85/100 brn|[from] brn
|upkeep
|
|t:|1781247483
|switch|p1a: Weezing|Weezing-Galar, M|62/100 par
|-ability|p1a: Weezing|Neutralizing Gas
|turn|35
|
|t:|1781247487
|move|p2a: Okidogi|Facade|p1a: Weezing
|-damage|p1a: Weezing|0 fnt
|faint|p1a: Weezing
|-end|p1a: Weezing|ability: Neutralizing Gas
|
|-damage|p2a: Okidogi|79/100 brn|[from] brn
|upkeep
|
|t:|1781247490
|switch|p1a: Zamazenta|Zamazenta|91/100
|turn|36
|
|t:|1781247493
|move|p1a: Zamazenta|Close Combat|p2a: Okidogi
|-resisted|p2a: Okidogi
|-damage|p2a: Okidogi|64/100 brn
|-unboost|p1a: Zamazenta|def|1
|-unboost|p1a: Zamazenta|spd|1
|-damage|p1a: Zamazenta|81/100|[from] item: Life Orb
|move|p2a: Okidogi|Facade|p1a: Zamazenta
|-damage|p1a: Zamazenta|0 fnt
|faint|p1a: Zamazenta
|
|win|Bring it on mon
|raw|biryanilover's rating: 1563 &rarr; <strong>1549</strong><br />(-14 for losing)
|raw|Bring it on mon's rating: 1668 &rarr; <strong>1682</strong><br />(+14 for winning)
|l|☆biryanilover
|player|p1|
|l|‽Bring it on mon
|player|p2|
