|j|☆lklowxhn
|j|☆sxde
|t:|1781361073
|gametype|singles
|player|p1|lklowxhn|miku-ghost|1649
|player|p2|sxde|1|1671
|gen|9
|tier|[Gen 9] OU
|rated|
|rule|HP Percentage Mod: HP is shown in percentages
|rule|Endless Battle Clause: Forcing endless battles is banned
|rule|Species Clause: Limit one of each Pokémon
|rule|OHKO Clause: OHKO moves are banned
|rule|Evasion Items Clause: Evasion items are banned
|rule|Evasion Moves Clause: Evasion moves are banned
|rule|Evasion Abilities Clause: Evasion abilities are banned
|rule|Sleep Moves Clause: Sleep-inducing moves are banned
|clearpoke
|poke|p1|Serperior, F|
|poke|p1|Slowbro, F|
|poke|p1|Fezandipiti, M|
|poke|p1|Great Tusk|
|poke|p1|Heatran, M|
|poke|p1|Tornadus-Therian, M|
|poke|p2|Kingambit, F|
|poke|p2|Ogerpon-Wellspring, F|
|poke|p2|Iron Valiant|
|poke|p2|Kyurem|
|poke|p2|Iron Treads|
|poke|p2|Ceruledge, M|
|teampreview
|inactive|Battle timer is ON: inactive players will automatically lose when time's up. (requested by lklowxhn)
|inactive|lklowxhn has 120 seconds left.
|
|t:|1781361129
|teamsize|p1|6
|teamsize|p2|6
|start
|switch|p1a: 小树林|Slowbro, F|100/100
|switch|p2a: Iron Treads|Iron Treads|100/100
|-enditem|p2a: Iron Treads|Booster Energy
|-activate|p2a: Iron Treads|ability: Quark Drive|[fromitem]
|-start|p2a: Iron Treads|quarkdrivespe
|turn|1
|
|t:|1781361143
|move|p2a: Iron Treads|Stealth Rock|p1a: 小树林
|-sidestart|p1: lklowxhn|move: Stealth Rock
|move|p1a: 小树林|Body Press|p2a: Iron Treads
|-supereffective|p2a: Iron Treads
|-damage|p2a: Iron Treads|57/100
|
|upkeep
|turn|2
|
|t:|1781361151
|move|p2a: Iron Treads|Earthquake|p1a: 小树林
|-damage|p1a: 小树林|78/100
|move|p1a: 小树林|Scald|p2a: Iron Treads
|-supereffective|p2a: Iron Treads
|-damage|p2a: Iron Treads|0 fnt
|faint|p2a: Iron Treads
|-end|p2a: Iron Treads|Quark Drive|[silent]
|
|upkeep
|
|t:|1781361168
|switch|p2a: Ogerpon|Ogerpon-Wellspring, F|100/100
|turn|3
|inactive|sxde has 120 seconds left.
|inactive|sxde has 90 seconds left.
|inactive|sxde has 60 seconds left.
|
|t:|1781361271
|switch|p1a: Serperior|Serperior, F|100/100
|-damage|p1a: Serperior|88/100|[from] Stealth Rock
|move|p2a: Ogerpon|Swords Dance|p2a: Ogerpon
|-boost|p2a: Ogerpon|atk|2
|
|-heal|p1a: Serperior|94/100|[from] item: Leftovers
|upkeep
|turn|4
|
|t:|1781361277
|move|p1a: Serperior|Glare|p2a: Ogerpon
|-status|p2a: Ogerpon|par
|move|p2a: Ogerpon|Trailblaze|p1a: Serperior
|-resisted|p1a: Serperior
|-damage|p1a: Serperior|58/100
|-boost|p2a: Ogerpon|spe|1
|
|-heal|p1a: Serperior|64/100|[from] item: Leftovers
|upkeep
|turn|5
|
|t:|1781361291
|move|p1a: Serperior|Leaf Storm|p2a: Ogerpon
|-damage|p2a: Ogerpon|49/100 par
|-boost|p1a: Serperior|spa|2
|move|p2a: Ogerpon|Ivy Cudgel|p1a: Serperior|[anim] Ivy Cudgel Water
|-resisted|p1a: Serperior
|-damage|p1a: Serperior|0 fnt
|faint|p1a: Serperior
|
|upkeep
|
|t:|1781361298
|switch|p1a: Great Tusk|Great Tusk|100/100
|-damage|p1a: Great Tusk|98/100|[from] Stealth Rock
|-enditem|p1a: Great Tusk|Booster Energy
|-activate|p1a: Great Tusk|ability: Protosynthesis|[fromitem]
|-start|p1a: Great Tusk|protosynthesisatk
|turn|6
|
|t:|1781361303
|move|p1a: Great Tusk|Close Combat|p2a: Ogerpon
|-damage|p2a: Ogerpon|0 fnt
|-unboost|p1a: Great Tusk|def|1
|-unboost|p1a: Great Tusk|spd|1
|faint|p2a: Ogerpon
|
|upkeep
|inactive|sxde has 60 seconds left.
|
|t:|1781361322
|switch|p2a: Iron Valiant|Iron Valiant|100/100
|-enditem|p2a: Iron Valiant|Booster Energy
|-activate|p2a: Iron Valiant|ability: Quark Drive|[fromitem]
|-start|p2a: Iron Valiant|quarkdrivespe
|turn|7
|inactive|sxde has 60 seconds left.
|
|t:|1781361328
|-end|p2a: Iron Valiant|Quark Drive|[silent]
|switch|p2a: Kyurem|Kyurem|100/100
|-ability|p2a: Kyurem|Pressure
|-end|p1a: Great Tusk|Protosynthesis|[silent]
|switch|p1a: Fezandipiti|Fezandipiti, M|100/100
|-damage|p1a: Fezandipiti|88/100|[from] Stealth Rock
|
|-heal|p1a: Fezandipiti|94/100|[from] item: Leftovers
|upkeep
|turn|8
|
|t:|1781361332
|move|p2a: Kyurem|Dragon Dance|p2a: Kyurem
|-boost|p2a: Kyurem|atk|1
|-boost|p2a: Kyurem|spe|1
|move|p1a: Fezandipiti|U-turn|p2a: Kyurem
|-damage|p2a: Kyurem|85/100
|-status|p2a: Kyurem|tox|[from] ability: Toxic Chain|[of] p1a: Fezandipiti
|
|t:|1781361339
|switch|p1a: Great Tusk|Great Tusk|98/100|[from] U-turn
|-damage|p1a: Great Tusk|95/100|[from] Stealth Rock
|
|-damage|p2a: Kyurem|79/100 tox|[from] psn
|upkeep
|turn|9
|
|t:|1781361343
|-terastallize|p1a: Great Tusk|Steel
|move|p2a: Kyurem|Icicle Spear|p1a: Great Tusk
|-resisted|p1a: Great Tusk
|-damage|p1a: Great Tusk|88/100
|-resisted|p1a: Great Tusk
|-damage|p1a: Great Tusk|80/100
|-resisted|p1a: Great Tusk
|-damage|p1a: Great Tusk|73/100
|-resisted|p1a: Great Tusk
|-damage|p1a: Great Tusk|67/100
|-hitcount|p1a: Great Tusk|4
|move|p1a: Great Tusk|Close Combat|p2a: Kyurem
|-supereffective|p2a: Kyurem
|-damage|p2a: Kyurem|0 fnt
|-unboost|p1a: Great Tusk|def|1
|-unboost|p1a: Great Tusk|spd|1
|faint|p2a: Kyurem
|
|upkeep
|
|t:|1781361348
|switch|p2a: Ceruledge|Ceruledge, M|100/100
|-item|p2a: Ceruledge|Air Balloon
|turn|10
|
|t:|1781361358
|-end|p1a: Great Tusk|Protosynthesis|[silent]
|switch|p1a: Tornadus|Tornadus-Therian, M|100/100
|move|p2a: Ceruledge|Swords Dance|p2a: Ceruledge
|-boost|p2a: Ceruledge|atk|2
|
|upkeep
|turn|11
|
|t:|1781361365
|move|p1a: Tornadus|Bleakwind Storm|p2a: Ceruledge
|-damage|p2a: Ceruledge|47/100
|-enditem|p2a: Ceruledge|Air Balloon
|move|p2a: Ceruledge|Bitter Blade|p1a: Tornadus
|-damage|p1a: Tornadus|0 fnt
|-heal|p2a: Ceruledge|98/100|[from] drain|[of] p1a: Tornadus
|faint|p1a: Tornadus
|
|upkeep
|
|t:|1781361373
|switch|p1a: Great Tusk|Great Tusk, tera:Steel|67/100
|-damage|p1a: Great Tusk|60/100|[from] Stealth Rock
|turn|12
|
|t:|1781361386
|-terastallize|p2a: Ceruledge|Ghost
|move|p1a: Great Tusk|Headlong Rush|p2a: Ceruledge
|-damage|p2a: Ceruledge|15/100
|-unboost|p1a: Great Tusk|def|1
|-unboost|p1a: Great Tusk|spd|1
|-ability|p2a: Ceruledge|Weak Armor|boost
|-unboost|p2a: Ceruledge|def|1
|-boost|p2a: Ceruledge|spe|2
|move|p2a: Ceruledge|Swords Dance|p2a: Ceruledge
|-boost|p2a: Ceruledge|atk|2
|
|upkeep
|turn|13
|
|t:|1781361397
|move|p2a: Ceruledge|Bitter Blade|p1a: Great Tusk
|-supereffective|p1a: Great Tusk
|-damage|p1a: Great Tusk|0 fnt
|-heal|p2a: Ceruledge|53/100|[from] drain|[of] p1a: Great Tusk
|faint|p1a: Great Tusk
|-end|p1a: Great Tusk|Protosynthesis|[silent]
|
|upkeep
|
|t:|1781361399
|switch|p1a: 小树林|Slowbro, F|100/100
|-damage|p1a: 小树林|88/100|[from] Stealth Rock
|turn|14
|
|t:|1781361405
|move|p2a: Ceruledge|Poltergeist|p1a: 小树林
|-activate|p1a: 小树林|move: Poltergeist|Colbur Berry
|-supereffective|p1a: 小树林
|-damage|p1a: 小树林|0 fnt
|faint|p1a: 小树林
|
|upkeep
|-message|lklowxhn forfeited.
|
|win|sxde
|raw|lklowxhn's rating: 1649 &rarr; <strong>1630</strong><br />(-19 for losing)
|raw|sxde's rating: 1671 &rarr; <strong>1690</strong><br />(+19 for winning)
|l|☆sxde
|player|p2|
|l|☆lklowxhn
|player|p1|
