|j|☆powerfulslash
|j|☆Ceruledge bot
|t:|1781496732
|gametype|singles
|player|p1|powerfulslash|az|1545
|player|p2|Ceruledge bot|aromalady|1619
|gen|9
|tier|[Gen 9] OU
|rated|
|rule|HP Percentage Mod: HP is shown in percentages
|rule|Endless Battle Clause: Forcing endless battles is banned
|rule|Species Clause: Limit one of each Pokémon
|rule|OHKO Clause: OHKO moves are banned
|rule|Evasion Items Clause: Evasion items are banned
|rule|Evasion Moves Clause: Evasion moves are banned
|rule|Evasion Abilities Clause: Evasion abilities are banned
|rule|Sleep Moves Clause: Sleep-inducing moves are banned
|clearpoke
|poke|p1|Garganacl, M|
|poke|p1|Weezing-Galar, F|
|poke|p1|Corviknight, M|
|poke|p1|Dragapult, M|
|poke|p1|Slowking-Galar, M|
|poke|p1|Samurott-Hisui, F|
|poke|p2|Dondozo, M|
|poke|p2|Blissey, F|
|poke|p2|Corviknight, M|
|poke|p2|Weezing-Galar, F|
|poke|p2|Gliscor, F|
|poke|p2|Toxapex, M|
|teampreview
|inactive|Battle timer is ON: inactive players will automatically lose when time's up. (requested by Ceruledge bot)
|
|t:|1781496740
|teamsize|p1|6
|teamsize|p2|6
|start
|switch|p1a: Acupuncturist|Samurott-Hisui, F|100/100
|switch|p2a: Weezing|Weezing-Galar, F|100/100
|-ability|p2a: Weezing|Neutralizing Gas
|turn|1
|j| dark joe biden
|
|t:|1781496745
|move|p1a: Acupuncturist|Flip Turn|p2a: Weezing
|-damage|p2a: Weezing|82/100
|
|t:|1781496757
|switch|p1a: Trudeau-king|Slowking-Galar, M|100/100|[from] Flip Turn
|move|p2a: Weezing|Will-O-Wisp|p1a: Trudeau-king
|-status|p1a: Trudeau-king|brn
|
|-damage|p1a: Trudeau-king|94/100 brn|[from] brn
|upkeep
|turn|2
|
|t:|1781496765
|-end|p2a: Weezing|ability: Neutralizing Gas
|switch|p2a: Gliscor|Gliscor, F|100/100
|move|p1a: Trudeau-king|Psychic Noise|p2a: Gliscor
|-damage|p2a: Gliscor|74/100
|-start|p2a: Gliscor|move: Heal Block
|
|-damage|p1a: Trudeau-king|88/100 brn|[from] brn
|-status|p2a: Gliscor|tox|[from] item: Toxic Orb
|upkeep
|turn|3
|
|t:|1781496775
|switch|p1a: Dr. Garg|Garganacl, M|100/100
|move|p2a: Gliscor|Protect||[still]
|-fail|p2a: Gliscor
|
|-end|p2a: Gliscor|move: Heal Block
|upkeep
|turn|4
|
|t:|1781496780
|move|p2a: Gliscor|Knock Off|p1a: Dr. Garg
|-damage|p1a: Dr. Garg|87/100
|-enditem|p1a: Dr. Garg|Leftovers|[from] move: Knock Off|[of] p2a: Gliscor
|move|p1a: Dr. Garg|Stealth Rock|p2a: Gliscor
|-sidestart|p2: Ceruledge bot|move: Stealth Rock
|
|-heal|p2a: Gliscor|86/100 tox|[from] ability: Poison Heal
|upkeep
|turn|5
|
|t:|1781496788
|move|p2a: Gliscor|Spikes|p1a: Dr. Garg
|-sidestart|p1: powerfulslash|Spikes
|move|p1a: Dr. Garg|Salt Cure|p2a: Gliscor
|-damage|p2a: Gliscor|74/100 tox
|-start|p2a: Gliscor|Salt Cure
|
|-heal|p2a: Gliscor|87/100 tox|[from] ability: Poison Heal
|-damage|p2a: Gliscor|74/100 tox|[from] Salt Cure
|upkeep
|turn|6
|
|t:|1781496794
|switch|p2a: Weezing|Weezing-Galar, F|82/100
|-ability|p2a: Weezing|Neutralizing Gas
|switch|p1a: Nurse|Weezing-Galar, F|100/100
|-ability|p1a: Nurse|Neutralizing Gas
|-damage|p1a: Nurse|88/100|[from] Spikes
|
|-heal|p1a: Nurse|94/100|[from] item: Black Sludge
|upkeep
|turn|7
|
|t:|1781496797
|switch|p1a: Trudeau-king|Slowking-Galar, M|100/100 brn
|-damage|p1a: Trudeau-king|88/100 brn|[from] Spikes
|move|p2a: Weezing|Will-O-Wisp|p1a: Trudeau-king|[miss]
|-miss|p2a: Weezing|p1a: Trudeau-king
|
|-damage|p1a: Trudeau-king|82/100 brn|[from] brn
|upkeep
|turn|8
|
|t:|1781496809
|-end|p2a: Weezing|ability: Neutralizing Gas
|switch|p2a: Blissey|Blissey, F|100/100
|-damage|p2a: Blissey|88/100|[from] Stealth Rock
|move|p1a: Trudeau-king|Future Sight|p2a: Blissey
|-start|p1a: Trudeau-king|move: Future Sight
|
|-heal|p2a: Blissey|94/100|[from] item: Leftovers
|-damage|p1a: Trudeau-king|76/100 brn|[from] brn
|upkeep
|turn|9
|
|t:|1781496824
|switch|p1a: Acupuncturist|Samurott-Hisui, F|100/100
|-damage|p1a: Acupuncturist|88/100|[from] Spikes
|move|p2a: Blissey|Seismic Toss|p1a: Acupuncturist
|-damage|p1a: Acupuncturist|57/100
|
|-heal|p2a: Blissey|100/100|[from] item: Leftovers
|upkeep
|turn|10
|
|t:|1781496844
|switch|p2a: Weezing|Weezing-Galar, F|82/100
|-ability|p2a: Weezing|Neutralizing Gas
|move|p1a: Acupuncturist|Knock Off|p2a: Weezing
|-resisted|p2a: Weezing
|-damage|p2a: Weezing|67/100
|-enditem|p2a: Weezing|Heavy-Duty Boots|[from] move: Knock Off|[of] p1a: Acupuncturist
|
|-end|p2a: Weezing|move: Future Sight
|-supereffective|p2a: Weezing
|-crit|p2a: Weezing
|-damage|p2a: Weezing|0 fnt
|faint|p2a: Weezing
|-end|p2a: Weezing|ability: Neutralizing Gas
|upkeep
|-message|Ceruledge bot forfeited.
|
|win|powerfulslash
|raw|powerfulslash's rating: 1545 &rarr; <strong>1569</strong><br />(+24 for winning)
|raw|Ceruledge bot's rating: 1619 &rarr; <strong>1595</strong><br />(-24 for losing)
|l|☆Ceruledge bot
|player|p2|
|l|☆powerfulslash
|player|p1|
|l| dark joe biden
