|j|☆SparklingOperetta
|j|☆DonovanIsNotHere
|t:|1781563835
|gametype|singles
|player|p1|SparklingOperetta|parasollady|1575
|player|p2|DonovanIsNotHere|102|1541
|gen|9
|tier|[Gen 9] OU
|rated|
|rule|HP Percentage Mod: HP is shown in percentages
|rule|Endless Battle Clause: Forcing endless battles is banned
|rule|Species Clause: Limit one of each Pokémon
|rule|OHKO Clause: OHKO moves are banned
|rule|Evasion Items Clause: Evasion items are banned
|rule|Evasion Moves Clause: Evasion moves are banned
|rule|Evasion Abilities Clause: Evasion abilities are banned
|rule|Sleep Moves Clause: Sleep-inducing moves are banned
|clearpoke
|poke|p1|Hoopa-Unbound|
|poke|p1|Pecharunt|
|poke|p1|Landorus-Therian, M|
|poke|p1|Cinderace, M|
|poke|p1|Alomomola, M|
|poke|p1|Iron Valiant|
|poke|p2|Dragonite, M|
|poke|p2|Darkrai|
|poke|p2|Samurott-Hisui, F|
|poke|p2|Corviknight, M|
|poke|p2|Landorus-Therian, M|
|poke|p2|Gholdengo|
|teampreview
|inactive|Battle timer is ON: inactive players will automatically lose when time's up. (requested by DonovanIsNotHere)
|
|t:|1781563849
|teamsize|p1|6
|teamsize|p2|6
|start
|switch|p1a: Hoopa|Hoopa-Unbound|100/100
|switch|p2a: Conquest|Landorus-Therian, M|100/100
|-ability|p2a: Conquest|Intimidate|boost
|-unboost|p1a: Hoopa|atk|1
|turn|1
|
|t:|1781563861
|switch|p1a: Landorus|Landorus-Therian, M, shiny|100/100
|-ability|p1a: Landorus|Intimidate|boost
|-unboost|p2a: Conquest|atk|1
|move|p2a: Conquest|Stealth Rock|p1a: Landorus
|-sidestart|p1: SparklingOperetta|move: Stealth Rock
|
|upkeep
|turn|2
|
|t:|1781563870
|move|p1a: Landorus|Stone Edge|p2a: Conquest|[miss]
|-miss|p1a: Landorus|p2a: Conquest
|move|p2a: Conquest|Taunt|p1a: Landorus
|-start|p1a: Landorus|move: Taunt
|
|upkeep
|turn|3
|
|t:|1781563874
|switch|p2a: Lucan|Corviknight, M, shiny|100/100
|-ability|p2a: Lucan|Pressure
|move|p1a: Landorus|Stone Edge|p2a: Lucan
|-damage|p2a: Lucan|67/100
|
|upkeep
|turn|4
|
|t:|1781563878
|switch|p1a: Cinderace|Cinderace, M, shiny|100/100
|move|p2a: Lucan|U-turn|p1a: Cinderace
|-resisted|p1a: Cinderace
|-damage|p1a: Cinderace|91/100
|
|t:|1781563881
|switch|p2a: Conquest|Landorus-Therian, M|100/100|[from] U-turn
|-ability|p2a: Conquest|Intimidate|boost
|-unboost|p1a: Cinderace|atk|1
|
|upkeep
|turn|5
|
|t:|1781563886
|move|p1a: Cinderace|U-turn|p2a: Conquest
|-start|p1a: Cinderace|typechange|Bug|[from] ability: Libero
|-resisted|p2a: Conquest
|-crit|p2a: Conquest
|-damage|p2a: Conquest|68/100
|
|t:|1781563890
|switch|p1a: Alomomola|Alomomola, M, shiny|100/100|[from] U-turn
|-damage|p1a: Alomomola|88/100|[from] Stealth Rock
|move|p2a: Conquest|Earthquake|p1a: Alomomola
|-damage|p1a: Alomomola|45/100
|
|upkeep
|turn|6
|
|t:|1781563898
|move|p2a: Conquest|Earthquake|p1a: Alomomola
|-damage|p1a: Alomomola|8/100
|move|p1a: Alomomola|Flip Turn|p2a: Conquest
|-supereffective|p2a: Conquest
|-damage|p2a: Conquest|29/100
|
|t:|1781563904
|switch|p1a: Iron Valiant|Iron Valiant, shiny|100/100|[from] Flip Turn
|-damage|p1a: Iron Valiant|94/100|[from] Stealth Rock
|
|upkeep
|turn|7
|
|t:|1781563908
|switch|p2a: Lucan|Corviknight, M, shiny|67/100
|-ability|p2a: Lucan|Pressure
|-terastallize|p1a: Iron Valiant|Fairy
|move|p1a: Iron Valiant|Moonblast|p2a: Lucan
|-resisted|p2a: Lucan
|-damage|p2a: Lucan|37/100
|
|upkeep
|turn|8
|
|t:|1781563914
|-end|p1a: Iron Valiant|Quark Drive|[silent]
|switch|p1a: Hoopa|Hoopa-Unbound|100/100
|-damage|p1a: Hoopa|88/100|[from] Stealth Rock
|move|p2a: Lucan|Roost|p2a: Lucan
|-heal|p2a: Lucan|87/100
|-singleturn|p2a: Lucan|move: Roost
|
|upkeep
|turn|9
|
|t:|1781563937
|switch|p1a: Cinderace|Cinderace, M, shiny|91/100
|switch|p2a: Conquest|Landorus-Therian, M|29/100
|-ability|p2a: Conquest|Intimidate|boost
|-unboost|p1a: Cinderace|atk|1
|
|upkeep
|turn|10
|
|t:|1781563945
|move|p1a: Cinderace|Pyro Ball|p2a: Conquest
|-damage|p2a: Conquest|0 fnt
|faint|p2a: Conquest
|
|upkeep
|
|t:|1781563950
|switch|p2a: Kregg|Darkrai|100/100
|turn|11
|
|t:|1781563954
|move|p2a: Kregg|Dark Pulse|p1a: Cinderace
|-damage|p1a: Cinderace|32/100
|move|p1a: Cinderace|U-turn|p2a: Kregg
|-start|p1a: Cinderace|typechange|Bug|[from] ability: Libero
|-supereffective|p2a: Kregg
|-damage|p2a: Kregg|40/100
|
|t:|1781563962
|switch|p1a: Iron Valiant|Iron Valiant, shiny, tera:Fairy|94/100|[from] U-turn
|-damage|p1a: Iron Valiant|82/100|[from] Stealth Rock
|
|upkeep
|turn|12
|
|t:|1781563964
|switch|p2a: Lucan|Corviknight, M, shiny|87/100
|-ability|p2a: Lucan|Pressure
|move|p1a: Iron Valiant|Vacuum Wave|p2a: Lucan
|-damage|p2a: Lucan|67/100
|
|upkeep
|turn|13
|
|t:|1781563969
|-end|p1a: Iron Valiant|Quark Drive|[silent]
|switch|p1a: Cinderace|Cinderace, M, shiny|32/100
|move|p2a: Lucan|U-turn|p1a: Cinderace
|-resisted|p1a: Cinderace
|-damage|p1a: Cinderace|23/100
|
|t:|1781563971
|switch|p2a: Kregg|Darkrai|40/100|[from] U-turn
|
|upkeep
|turn|14
|
|t:|1781563975
|move|p1a: Cinderace|Sucker Punch|p2a: Kregg
|-start|p1a: Cinderace|typechange|Dark|[from] ability: Libero
|-resisted|p2a: Kregg
|-damage|p2a: Kregg|18/100
|move|p2a: Kregg|Dark Pulse|p1a: Cinderace
|-resisted|p1a: Cinderace
|-damage|p1a: Cinderace|0 fnt
|faint|p1a: Cinderace
|
|upkeep
|
|t:|1781563978
|switch|p1a: Alomomola|Alomomola, M, shiny|41/100
|-damage|p1a: Alomomola|29/100|[from] Stealth Rock
|turn|15
|
|t:|1781563981
|move|p1a: Alomomola|Aqua Jet|p2a: Kregg
|-damage|p2a: Kregg|4/100
|move|p2a: Kregg|Dark Pulse|p1a: Alomomola
|-damage|p1a: Alomomola|6/100
|
|upkeep
|turn|16
|
|t:|1781563985
|switch|p2a: Thula|Samurott-Hisui, F, shiny|100/100
|move|p1a: Alomomola|Aqua Jet|p2a: Thula
|-resisted|p2a: Thula
|-damage|p2a: Thula|94/100
|
|upkeep
|turn|17
|
|t:|1781563988
|move|p2a: Thula|Ceaseless Edge|p1a: Alomomola
|-damage|p1a: Alomomola|0 fnt
|-sidestart|p1: SparklingOperetta|Spikes
|faint|p1a: Alomomola
|
|upkeep
|
|t:|1781563994
|switch|p1a: Iron Valiant|Iron Valiant, shiny, tera:Fairy|82/100
|-damage|p1a: Iron Valiant|69/100|[from] Stealth Rock
|-damage|p1a: Iron Valiant|57/100|[from] Spikes
|turn|18
|
|t:|1781563997
|switch|p2a: Lucan|Corviknight, M, shiny|67/100
|-ability|p2a: Lucan|Pressure
|move|p1a: Iron Valiant|Moonblast|p2a: Lucan
|-resisted|p2a: Lucan
|-damage|p2a: Lucan|33/100
|
|upkeep
|turn|19
|
|t:|1781564002
|move|p1a: Iron Valiant|Moonblast|p2a: Lucan
|-resisted|p2a: Lucan
|-crit|p2a: Lucan
|-damage|p2a: Lucan|0 fnt
|faint|p2a: Lucan
|
|upkeep
|
|t:|1781564008
|switch|p2a: Kregg|Darkrai|4/100
|turn|20
|
|t:|1781564011
|move|p2a: Kregg|Sludge Bomb|p1a: Iron Valiant
|-supereffective|p1a: Iron Valiant
|-damage|p1a: Iron Valiant|0 fnt
|faint|p1a: Iron Valiant
|-end|p1a: Iron Valiant|Quark Drive|[silent]
|
|upkeep
|
|t:|1781564013
|switch|p1a: Landorus|Landorus-Therian, M, shiny|100/100
|-damage|p1a: Landorus|88/100|[from] Stealth Rock
|-ability|p1a: Landorus|Intimidate|boost
|-unboost|p2a: Kregg|atk|1
|turn|21
|
|t:|1781564020
|switch|p2a: Thula|Samurott-Hisui, F, shiny|94/100
|move|p1a: Landorus|U-turn|p2a: Thula
|-supereffective|p2a: Thula
|-damage|p2a: Thula|27/100
|
|t:|1781564026
|switch|p1a: Pecharunt|Pecharunt|100/100|[from] U-turn
|
|upkeep
|turn|22
|
|t:|1781564031
|move|p2a: Thula|Knock Off|p1a: Pecharunt
|-supereffective|p1a: Pecharunt
|-damage|p1a: Pecharunt|48/100
|-enditem|p1a: Pecharunt|Heavy-Duty Boots|[from] move: Knock Off|[of] p2a: Thula
|move|p1a: Pecharunt|Shadow Ball|p2a: Thula
|-resisted|p2a: Thula
|-damage|p2a: Thula|10/100
|
|upkeep
|turn|23
|
|t:|1781564035
|move|p2a: Thula|Ceaseless Edge|p1a: Pecharunt
|-supereffective|p1a: Pecharunt
|-damage|p1a: Pecharunt|0 fnt
|-sidestart|p1: SparklingOperetta|Spikes
|faint|p1a: Pecharunt
|
|upkeep
|
|t:|1781564042
|switch|p1a: Landorus|Landorus-Therian, M, shiny|88/100
|-damage|p1a: Landorus|76/100|[from] Stealth Rock
|-ability|p1a: Landorus|Intimidate|boost
|-unboost|p2a: Thula|atk|1
|turn|24
|
|t:|1781564053
|switch|p2a: Kregg|Darkrai|4/100
|move|p1a: Landorus|U-turn|p2a: Kregg
|-supereffective|p2a: Kregg
|-damage|p2a: Kregg|0 fnt
|faint|p2a: Kregg
|
|t:|1781564055
|switch|p1a: Hoopa|Hoopa-Unbound|88/100|[from] U-turn
|-damage|p1a: Hoopa|76/100|[from] Stealth Rock
|-damage|p1a: Hoopa|60/100|[from] Spikes
|
|upkeep
|
|t:|1781564071
|switch|p2a: Thula|Samurott-Hisui, F, shiny|10/100
|turn|25
|inactive|DonovanIsNotHere has 120 seconds left.
|inactive|DonovanIsNotHere has 90 seconds left.
|
|t:|1781564139
|move|p2a: Thula|Sucker Punch|p1a: Hoopa
|-damage|p1a: Hoopa|0 fnt
|faint|p1a: Hoopa
|
|upkeep
|
|t:|1781564144
|switch|p1a: Landorus|Landorus-Therian, M, shiny|76/100
|-damage|p1a: Landorus|64/100|[from] Stealth Rock
|-ability|p1a: Landorus|Intimidate|boost
|-unboost|p2a: Thula|atk|1
|turn|26
|
|t:|1781564152
|move|p2a: Thula|Sucker Punch|p1a: Landorus
|-damage|p1a: Landorus|30/100
|move|p1a: Landorus|Stone Edge|p2a: Thula
|-damage|p2a: Thula|0 fnt
|faint|p2a: Thula
|
|upkeep
|
|t:|1781564159
|switch|p2a: Thragg|Dragonite, M|100/100
|turn|27
|-message|SparklingOperetta forfeited.
|
|win|DonovanIsNotHere
|raw|SparklingOperetta's rating: 1575 &rarr; <strong>1553</strong><br />(-22 for losing)
|raw|DonovanIsNotHere's rating: 1541 &rarr; <strong>1563</strong><br />(+22 for winning)
|l|☆SparklingOperetta
|player|p1|
