|j|☆LowEL0God
|j|☆n1ghtzz33
|t:|1781286637
|gametype|singles
|player|p1|LowEL0God|265|1622
|player|p2|n1ghtzz33|parasollady|1618
|gen|9
|tier|[Gen 9] OU
|rated|
|rule|HP Percentage Mod: HP is shown in percentages
|rule|Endless Battle Clause: Forcing endless battles is banned
|rule|Species Clause: Limit one of each Pokémon
|rule|OHKO Clause: OHKO moves are banned
|rule|Evasion Items Clause: Evasion items are banned
|rule|Evasion Moves Clause: Evasion moves are banned
|rule|Evasion Abilities Clause: Evasion abilities are banned
|rule|Sleep Moves Clause: Sleep-inducing moves are banned
|clearpoke
|poke|p1|Pelipper, F|
|poke|p1|Raging Bolt|
|poke|p1|Overqwil, M|
|poke|p1|Barraskewda, F|
|poke|p1|Iron Treads|
|poke|p1|Kingambit, M|
|poke|p2|Corviknight, M|
|poke|p2|Clefable, F|
|poke|p2|Alomomola, F|
|poke|p2|Clodsire, F|
|poke|p2|Toxapex, M|
|poke|p2|Quagsire, F|
|teampreview
|c|☆LowEL0God|hf
|inactive|Battle timer is ON: inactive players will automatically lose when time's up. (requested by LowEL0God)
|
|t:|1781286654
|teamsize|p1|6
|teamsize|p2|6
|start
|switch|p1a: Overqwil|Overqwil, M|100/100
|switch|p2a: Quagsire|Quagsire, F|100/100
|turn|1
|inactive|n1ghtzz33 also wants the timer to be on.
|
|t:|1781286668
|switch|p1a: Pelipper|Pelipper, F|100/100
|-weather|RainDance|[from] ability: Drizzle|[of] p1a: Pelipper
|switch|p2a: Alomomola|Alomomola, F|100/100
|
|-weather|RainDance|[upkeep]
|upkeep
|turn|2
|
|t:|1781286681
|move|p1a: Pelipper|Weather Ball|p2a: Alomomola
|-resisted|p2a: Alomomola
|-damage|p2a: Alomomola|81/100
|move|p2a: Alomomola|Flip Turn|p1a: Pelipper
|-resisted|p1a: Pelipper
|-damage|p1a: Pelipper|90/100
|
|t:|1781286699
|switch|p2a: Clefable|Clefable, F|100/100|[from] Flip Turn
|
|-weather|RainDance|[upkeep]
|upkeep
|turn|3
|
|t:|1781286713
|move|p1a: Pelipper|Hurricane|p2a: Clefable
|-damage|p2a: Clefable|76/100
|move|p2a: Clefable|Moonblast|p1a: Pelipper
|-damage|p1a: Pelipper|40/100
|
|-weather|RainDance|[upkeep]
|-heal|p2a: Clefable|82/100|[from] item: Leftovers
|upkeep
|turn|4
|
|t:|1781286729
|switch|p1a: Kingambit|Kingambit, M|100/100
|move|p2a: Clefable|Moonblast|p1a: Kingambit
|-damage|p1a: Kingambit|67/100
|
|-weather|RainDance|[upkeep]
|-heal|p1a: Kingambit|73/100|[from] item: Leftovers
|-heal|p2a: Clefable|88/100|[from] item: Leftovers
|upkeep
|turn|5
|inactive|n1ghtzz33 has 120 seconds left.
|
|t:|1781286746
|move|p1a: Kingambit|Iron Head|p2a: Clefable
|-supereffective|p2a: Clefable
|-crit|p2a: Clefable
|-damage|p2a: Clefable|0 fnt
|faint|p2a: Clefable
|
|-weather|RainDance|[upkeep]
|-heal|p1a: Kingambit|79/100|[from] item: Leftovers
|upkeep
|inactive|n1ghtzz33 has 120 seconds left.
|
|t:|1781286762
|switch|p2a: Alomomola|Alomomola, F|100/100
|turn|6
|
|t:|1781286775
|move|p1a: Kingambit|Swords Dance|p1a: Kingambit
|-boost|p1a: Kingambit|atk|2
|move|p2a: Alomomola|Flip Turn|p1a: Kingambit
|-damage|p1a: Kingambit|63/100
|
|t:|1781286792
|switch|p2a: Corviknight|Corviknight, M|100/100|[from] Flip Turn
|-ability|p2a: Corviknight|Pressure
|
|-weather|RainDance|[upkeep]
|-heal|p1a: Kingambit|69/100|[from] item: Leftovers
|upkeep
|turn|7
|
|t:|1781286806
|switch|p2a: Quagsire|Quagsire, F|100/100
|-end|p1a: Kingambit|fallenundefined|[silent]
|switch|p1a: Raging Bolt|Raging Bolt|100/100
|-enditem|p1a: Raging Bolt|Booster Energy
|-activate|p1a: Raging Bolt|ability: Protosynthesis|[fromitem]
|-start|p1a: Raging Bolt|protosynthesisspa
|
|-weather|RainDance|[upkeep]
|upkeep
|turn|8
|
|t:|1781286819
|switch|p2a: Clodsire|Clodsire, F|100/100
|move|p1a: Raging Bolt|Draco Meteor|p2a: Clodsire
|-damage|p2a: Clodsire|47/100
|-unboost|p1a: Raging Bolt|spa|2
|
|-weather|none
|upkeep
|turn|9
|
|t:|1781286834
|-end|p1a: Raging Bolt|Protosynthesis|[silent]
|switch|p1a: Kingambit|Kingambit, M|69/100
|-terastallize|p2a: Clodsire|Steel
|move|p2a: Clodsire|Recover|p2a: Clodsire
|-heal|p2a: Clodsire|97/100
|
|-heal|p1a: Kingambit|75/100|[from] item: Leftovers
|upkeep
|turn|10
|
|t:|1781286848
|switch|p2a: Quagsire|Quagsire, F|100/100
|move|p1a: Kingambit|Kowtow Cleave|p2a: Quagsire
|-damage|p2a: Quagsire|63/100
|
|-heal|p1a: Kingambit|82/100|[from] item: Leftovers
|upkeep
|turn|11
|
|t:|1781286856
|move|p1a: Kingambit|Kowtow Cleave|p2a: Quagsire
|-damage|p2a: Quagsire|27/100
|move|p2a: Quagsire|Recover|p2a: Quagsire
|-heal|p2a: Quagsire|77/100
|
|-heal|p1a: Kingambit|88/100|[from] item: Leftovers
|upkeep
|turn|12
|
|t:|1781286864
|move|p1a: Kingambit|Swords Dance|p1a: Kingambit
|-boost|p1a: Kingambit|atk|2
|move|p2a: Quagsire|Stealth Rock|p1a: Kingambit
|-sidestart|p1: LowEL0God|move: Stealth Rock
|
|-heal|p1a: Kingambit|94/100|[from] item: Leftovers
|upkeep
|turn|13
|
|t:|1781286871
|move|p1a: Kingambit|Kowtow Cleave|p2a: Quagsire
|-damage|p2a: Quagsire|40/100
|move|p2a: Quagsire|Recover|p2a: Quagsire
|-heal|p2a: Quagsire|90/100
|
|-heal|p1a: Kingambit|99/100|[from] item: Leftovers
|upkeep
|turn|14
|inactive|n1ghtzz33 has 120 seconds left.
|
|t:|1781286879
|move|p1a: Kingambit|Kowtow Cleave|p2a: Quagsire
|-damage|p2a: Quagsire|54/100
|move|p2a: Quagsire|Recover|p2a: Quagsire
|-heal|p2a: Quagsire|100/100
|
|-heal|p1a: Kingambit|100/100|[from] item: Leftovers
|upkeep
|turn|15
|
|t:|1781286887
|move|p1a: Kingambit|Kowtow Cleave|p2a: Quagsire
|-damage|p2a: Quagsire|64/100
|move|p2a: Quagsire|Counter|p1a: Kingambit
|-damage|p1a: Kingambit|28/100
|
|-heal|p1a: Kingambit|34/100|[from] item: Leftovers
|upkeep
|turn|16
|
|t:|1781286895
|move|p1a: Kingambit|Swords Dance|p1a: Kingambit
|-boost|p1a: Kingambit|atk|2
|move|p2a: Quagsire|Recover|p2a: Quagsire
|-heal|p2a: Quagsire|100/100
|
|-heal|p1a: Kingambit|41/100|[from] item: Leftovers
|upkeep
|turn|17
|
|t:|1781286902
|move|p1a: Kingambit|Swords Dance|p1a: Kingambit
|-boost|p1a: Kingambit|atk|2
|move|p2a: Quagsire|Counter||[still]
|-fail|p2a: Quagsire
|
|-heal|p1a: Kingambit|47/100|[from] item: Leftovers
|upkeep
|turn|18
|
|t:|1781286909
|move|p1a: Kingambit|Iron Head|p2a: Quagsire
|-resisted|p2a: Quagsire
|-damage|p2a: Quagsire|85/100
|move|p2a: Quagsire|Counter|p1a: Kingambit
|-damage|p1a: Kingambit|16/100
|
|-heal|p1a: Kingambit|22/100|[from] item: Leftovers
|upkeep
|turn|19
|
|t:|1781286918
|move|p1a: Kingambit|Iron Head|p2a: Quagsire
|-resisted|p2a: Quagsire
|-damage|p2a: Quagsire|67/100
|cant|p2a: Quagsire|flinch
|
|-heal|p1a: Kingambit|28/100|[from] item: Leftovers
|upkeep
|turn|20
|
|t:|1781286926
|move|p1a: Kingambit|Swords Dance|p1a: Kingambit
|-boost|p1a: Kingambit|atk|0
|move|p2a: Quagsire|Recover|p2a: Quagsire
|-heal|p2a: Quagsire|100/100
|
|-heal|p1a: Kingambit|35/100|[from] item: Leftovers
|upkeep
|turn|21
|
|t:|1781286933
|move|p1a: Kingambit|Iron Head|p2a: Quagsire
|-resisted|p2a: Quagsire
|-damage|p2a: Quagsire|84/100
|cant|p2a: Quagsire|flinch
|
|-heal|p1a: Kingambit|41/100|[from] item: Leftovers
|upkeep
|turn|22
|
|t:|1781286942
|move|p1a: Kingambit|Iron Head|p2a: Quagsire
|-resisted|p2a: Quagsire
|-damage|p2a: Quagsire|67/100
|move|p2a: Quagsire|Counter|p1a: Kingambit
|-damage|p1a: Kingambit|7/100
|
|-heal|p1a: Kingambit|13/100|[from] item: Leftovers
|upkeep
|turn|23
|
|t:|1781286950
|move|p1a: Kingambit|Iron Head|p2a: Quagsire
|-resisted|p2a: Quagsire
|-damage|p2a: Quagsire|50/100
|move|p2a: Quagsire|Recover|p2a: Quagsire
|-heal|p2a: Quagsire|99/100
|
|-heal|p1a: Kingambit|19/100|[from] item: Leftovers
|upkeep
|turn|24
|
|t:|1781286958
|move|p1a: Kingambit|Kowtow Cleave|p2a: Quagsire
|-damage|p2a: Quagsire|65/100
|move|p2a: Quagsire|Counter|p1a: Kingambit
|-damage|p1a: Kingambit|0 fnt
|faint|p1a: Kingambit
|-end|p1a: Kingambit|fallenundefined|[silent]
|
|upkeep
|
|t:|1781286959
|switch|p1a: Pelipper|Pelipper, F|40/100
|-damage|p1a: Pelipper|15/100|[from] Stealth Rock
|-weather|RainDance|[from] ability: Drizzle|[of] p1a: Pelipper
|turn|25
|
|t:|1781286972
|switch|p2a: Clodsire|Clodsire, F, tera:Steel|97/100
|move|p1a: Pelipper|Roost|p1a: Pelipper
|-heal|p1a: Pelipper|66/100
|-singleturn|p1a: Pelipper|move: Roost
|
|-weather|RainDance|[upkeep]
|upkeep
|turn|26
|
|t:|1781286979
|move|p1a: Pelipper|Roost|p1a: Pelipper
|-heal|p1a: Pelipper|100/100
|-singleturn|p1a: Pelipper|move: Roost
|move|p2a: Clodsire|Toxic|p1a: Pelipper
|-status|p1a: Pelipper|tox
|
|-weather|RainDance|[upkeep]
|-damage|p1a: Pelipper|94/100 tox|[from] psn
|upkeep
|turn|27
|
|t:|1781286986
|switch|p1a: Overqwil|Overqwil, M|100/100
|-damage|p1a: Overqwil|88/100|[from] Stealth Rock
|move|p2a: Clodsire|Earthquake|p1a: Overqwil
|-supereffective|p1a: Overqwil
|-damage|p1a: Overqwil|31/100
|
|-weather|RainDance|[upkeep]
|upkeep
|turn|28
|
|t:|1781287003
|switch|p2a: Alomomola|Alomomola, F|100/100
|move|p1a: Overqwil|Crunch|p2a: Alomomola
|-damage|p2a: Alomomola|61/100
|-damage|p1a: Overqwil|21/100|[from] item: Life Orb
|
|-weather|RainDance|[upkeep]
|upkeep
|turn|29
|
|t:|1781287019
|move|p1a: Overqwil|Gunk Shot|p2a: Alomomola|[miss]
|-miss|p1a: Overqwil|p2a: Alomomola
|move|p2a: Alomomola|Flip Turn|p1a: Overqwil
|-damage|p1a: Overqwil|0 fnt
|faint|p1a: Overqwil
|
|t:|1781287033
|switch|p2a: Quagsire|Quagsire, F|65/100|[from] Flip Turn
|
|-weather|RainDance|[upkeep]
|upkeep
|
|t:|1781287033
|switch|p1a: Raging Bolt|Raging Bolt|100/100
|-damage|p1a: Raging Bolt|88/100|[from] Stealth Rock
|turn|30
|
|t:|1781287047
|switch|p2a: Clodsire|Clodsire, F, tera:Steel|97/100
|move|p1a: Raging Bolt|Weather Ball|p2a: Clodsire
|-damage|p2a: Clodsire|63/100
|
|-weather|RainDance|[upkeep]
|upkeep
|turn|31
|
|t:|1781287061
|move|p1a: Raging Bolt|Thunder|p2a: Clodsire
|-damage|p2a: Clodsire|31/100
|-status|p2a: Clodsire|par
|move|p2a: Clodsire|Recover|p2a: Clodsire
|-heal|p2a: Clodsire|81/100 par
|
|-weather|RainDance|[upkeep]
|upkeep
|turn|32
|j| nesnot
|
|t:|1781287069
|move|p1a: Raging Bolt|Thunder|p2a: Clodsire
|-damage|p2a: Clodsire|46/100 par
|cant|p2a: Clodsire|par
|
|-weather|none
|upkeep
|turn|33
|
|t:|1781287077
|move|p1a: Raging Bolt|Thunder|p2a: Clodsire
|-damage|p2a: Clodsire|9/100 par
|cant|p2a: Clodsire|par
|
|upkeep
|turn|34
|
|t:|1781287085
|switch|p2a: Quagsire|Quagsire, F|65/100
|move|p1a: Raging Bolt|Thunder|p2a: Quagsire
|-immune|p2a: Quagsire
|
|upkeep
|turn|35
|
|t:|1781287093
|switch|p2a: Clodsire|Clodsire, F, tera:Steel|9/100 par
|move|p1a: Raging Bolt|Draco Meteor|p2a: Clodsire
|-resisted|p2a: Clodsire
|-damage|p2a: Clodsire|0 fnt
|-unboost|p1a: Raging Bolt|spa|2
|faint|p2a: Clodsire
|
|upkeep
|
|t:|1781287100
|switch|p2a: Alomomola|Alomomola, F|94/100
|turn|36
|
|t:|1781287107
|move|p1a: Raging Bolt|Thunder|p2a: Alomomola|[miss]
|-miss|p1a: Raging Bolt|p2a: Alomomola
|move|p2a: Alomomola|Flip Turn|p1a: Raging Bolt
|-resisted|p1a: Raging Bolt
|-damage|p1a: Raging Bolt|81/100
|
|t:|1781287115
|switch|p2a: Quagsire|Quagsire, F|65/100|[from] Flip Turn
|
|upkeep
|turn|37
|
|t:|1781287123
|move|p1a: Raging Bolt|Draco Meteor|p2a: Quagsire
|-damage|p2a: Quagsire|0 fnt
|-unboost|p1a: Raging Bolt|spa|2
|faint|p2a: Quagsire
|
|upkeep
|
|t:|1781287130
|switch|p2a: Alomomola|Alomomola, F|100/100
|turn|38
|
|t:|1781287137
|-end|p1a: Raging Bolt|Protosynthesis|[silent]
|switch|p1a: Iron Treads|Iron Treads|100/100
|-damage|p1a: Iron Treads|97/100|[from] Stealth Rock
|-enditem|p1a: Iron Treads|Booster Energy
|-activate|p1a: Iron Treads|ability: Quark Drive|[fromitem]
|-start|p1a: Iron Treads|quarkdrivespe
|move|p2a: Alomomola|Flip Turn|p1a: Iron Treads
|-supereffective|p1a: Iron Treads
|-damage|p1a: Iron Treads|69/100
|
|t:|1781287152
|switch|p2a: Toxapex|Toxapex, M|100/100|[from] Flip Turn
|
|upkeep
|turn|39
|
|t:|1781287166
|move|p1a: Iron Treads|Rapid Spin|p2a: Toxapex
|-damage|p2a: Toxapex|94/100
|-boost|p1a: Iron Treads|spe|1
|-sideend|p1: LowEL0God|Stealth Rock|[from] move: Rapid Spin|[of] p1a: Iron Treads
|move|p2a: Toxapex|Haze|p2a: Toxapex
|-clearallboost
|
|upkeep
|turn|40
|
|t:|1781287181
|-end|p1a: Iron Treads|Quark Drive|[silent]
|switch|p1a: Raging Bolt|Raging Bolt|81/100
|move|p2a: Toxapex|Toxic|p1a: Raging Bolt
|-status|p1a: Raging Bolt|tox
|
|-damage|p1a: Raging Bolt|75/100 tox|[from] psn
|upkeep
|turn|41
|
|t:|1781287188
|move|p1a: Raging Bolt|Thunder|p2a: Toxapex
|-supereffective|p2a: Toxapex
|-damage|p2a: Toxapex|0 fnt
|faint|p2a: Toxapex
|
|-damage|p1a: Raging Bolt|63/100 tox|[from] psn
|upkeep
|
|t:|1781287195
|switch|p2a: Alomomola|Alomomola, F|100/100
|turn|42
|
|t:|1781287202
|move|p2a: Alomomola|Protect|p2a: Alomomola
|-singleturn|p2a: Alomomola|Protect
|move|p1a: Raging Bolt|Thunder|p2a: Alomomola
|-activate|p2a: Alomomola|move: Protect
|
|-damage|p1a: Raging Bolt|44/100 tox|[from] psn
|upkeep
|turn|43
|
|t:|1781287209
|move|p2a: Alomomola|Protect|p2a: Alomomola
|-singleturn|p2a: Alomomola|Protect
|move|p1a: Raging Bolt|Thunder|p2a: Alomomola
|-activate|p2a: Alomomola|move: Protect
|
|-damage|p1a: Raging Bolt|19/100 tox|[from] psn
|upkeep
|turn|44
|l| nesnot
|
|t:|1781287216
|move|p2a: Alomomola|Protect||[still]
|-fail|p2a: Alomomola
|move|p1a: Raging Bolt|Thunder|p2a: Alomomola
|-supereffective|p2a: Alomomola
|-damage|p2a: Alomomola|0 fnt
|faint|p2a: Alomomola
|
|-damage|p1a: Raging Bolt|0 fnt|[from] psn
|faint|p1a: Raging Bolt
|-end|p1a: Raging Bolt|Protosynthesis|[silent]
|upkeep
|
|t:|1781287224
|switch|p1a: Barraskewda|Barraskewda, F|100/100
|switch|p2a: Corviknight|Corviknight, M|100/100
|-ability|p2a: Corviknight|Pressure
|turn|45
|
|t:|1781287237
|-terastallize|p1a: Barraskewda|Water
|move|p1a: Barraskewda|Liquidation|p2a: Corviknight
|-crit|p2a: Corviknight
|-damage|p2a: Corviknight|15/100
|move|p2a: Corviknight|Iron Defense|p2a: Corviknight
|-boost|p2a: Corviknight|def|2
|
|upkeep
|turn|46
|
|t:|1781287243
|move|p1a: Barraskewda|Liquidation|p2a: Corviknight
|-damage|p2a: Corviknight|0 fnt
|faint|p2a: Corviknight
|
|win|LowEL0God
|raw|LowEL0God's rating: 1622 &rarr; <strong>1642</strong><br />(+20 for winning)
|raw|n1ghtzz33's rating: 1618 &rarr; <strong>1598</strong><br />(-20 for losing)
|l|☆n1ghtzz33
|player|p2|
|c|☆LowEL0God|gg
|l|☆LowEL0God
|player|p1|
