|j|☆Voltaris33
|j|☆Sanskiller55
|t:|1781201339
|gametype|singles
|player|p1|Voltaris33|unknownf|1595
|player|p2|Sanskiller55|acerola-masters|1643
|gen|9
|tier|[Gen 9] OU
|rated|
|rule|HP Percentage Mod: HP is shown in percentages
|rule|Endless Battle Clause: Forcing endless battles is banned
|rule|Species Clause: Limit one of each Pokémon
|rule|OHKO Clause: OHKO moves are banned
|rule|Evasion Items Clause: Evasion items are banned
|rule|Evasion Moves Clause: Evasion moves are banned
|rule|Evasion Abilities Clause: Evasion abilities are banned
|rule|Sleep Moves Clause: Sleep-inducing moves are banned
|clearpoke
|poke|p1|Heatran, M|
|poke|p1|Tyranitar, F|
|poke|p1|Skarmory, M|
|poke|p1|Moltres|
|poke|p1|Weezing-Galar, M|
|poke|p1|Deoxys-Speed|
|poke|p2|Chesnaught, M|
|poke|p2|Clodsire, M|
|poke|p2|Kyurem|
|poke|p2|Great Tusk|
|poke|p2|Ogerpon-Wellspring, F|
|poke|p2|Pecharunt|
|teampreview
|inactive|Battle timer is ON: inactive players will automatically lose when time's up. (requested by Sanskiller55)
|inactive|Voltaris33 also wants the timer to be on.
|j| playboigio
|
|t:|1781201344
|teamsize|p1|6
|teamsize|p2|6
|start
|switch|p1a: Deoxys|Deoxys-Speed, shiny|100/100
|switch|p2a: Hungry Dragon|Kyurem|100/100
|-ability|p1a: Deoxys|Pressure
|-ability|p2a: Hungry Dragon|Pressure
|turn|1
|
|t:|1781201349
|move|p1a: Deoxys|Meteor Beam||[still]
|-prepare|p1a: Deoxys|Meteor Beam
|-boost|p1a: Deoxys|spa|1
|-enditem|p1a: Deoxys|Power Herb
|-anim|p1a: Deoxys|Meteor Beam|p2a: Hungry Dragon
|-supereffective|p2a: Hungry Dragon
|-damage|p2a: Hungry Dragon|0 fnt
|faint|p2a: Hungry Dragon
|
|upkeep
|
|t:|1781201353
|switch|p2a: Gus|Clodsire, M, shiny|100/100
|turn|2
|
|t:|1781201356
|move|p1a: Deoxys|Psycho Boost|p2a: Gus
|-supereffective|p2a: Gus
|-damage|p2a: Gus|28/100
|-unboost|p1a: Deoxys|spa|2
|move|p2a: Gus|Earthquake|p1a: Deoxys
|-damage|p1a: Deoxys|59/100
|
|-heal|p2a: Gus|34/100|[from] item: Leftovers
|upkeep
|turn|3
|
|t:|1781201362
|switch|p2a: Girlboss|Ogerpon-Wellspring, F|100/100
|move|p1a: Deoxys|Psycho Boost|p2a: Girlboss
|-damage|p2a: Girlboss|53/100
|-unboost|p1a: Deoxys|spa|2
|
|upkeep
|turn|4
|
|t:|1781201365
|move|p1a: Deoxys|Thunder Wave|p2a: Girlboss
|-status|p2a: Girlboss|par
|move|p2a: Girlboss|Knock Off|p1a: Deoxys
|-supereffective|p1a: Deoxys
|-damage|p1a: Deoxys|0 fnt
|faint|p1a: Deoxys
|
|upkeep
|
|t:|1781201367
|switch|p1a: Moltres|Moltres|100/100
|turn|5
|
|t:|1781201370
|move|p1a: Moltres|Overheat|p2a: Girlboss
|-damage|p2a: Girlboss|0 fnt
|-unboost|p1a: Moltres|spa|2
|faint|p2a: Girlboss
|
|upkeep
|
|t:|1781201373
|switch|p2a: Misinformation|Pecharunt|100/100
|turn|6
|
|t:|1781201375
|move|p1a: Moltres|U-turn|p2a: Misinformation
|-resisted|p2a: Misinformation
|-crit|p2a: Misinformation
|-damage|p2a: Misinformation|97/100
|
|t:|1781201378
|switch|p1a: Heatran|Heatran, M, shiny|100/100|[from] U-turn
|move|p2a: Misinformation|Parting Shot|p1a: Heatran
|-unboost|p1a: Heatran|atk|1
|-unboost|p1a: Heatran|spa|1
|
|t:|1781201386
|switch|p2a: The Paladin|Chesnaught, M|100/100|[from] Parting Shot
|
|upkeep
|turn|7
|
|t:|1781201389
|move|p1a: Heatran|Fire Blast|p2a: The Paladin
|-supereffective|p2a: The Paladin
|-damage|p2a: The Paladin|19/100
|move|p2a: The Paladin|Body Press|p1a: Heatran
|-supereffective|p1a: Heatran
|-damage|p1a: Heatran|28/100
|
|upkeep
|turn|8
|j| HonchkrowLover27
|
|t:|1781201395
|move|p1a: Heatran|Flash Cannon|p2a: The Paladin
|-damage|p2a: The Paladin|0 fnt
|faint|p2a: The Paladin
|
|upkeep
|
|t:|1781201398
|switch|p2a: Misinformation|Pecharunt|97/100
|turn|9
|l| playboigio
|
|t:|1781201403
|switch|p1a: Weezing|Weezing-Galar, M|100/100
|-ability|p1a: Weezing|Neutralizing Gas
|move|p2a: Misinformation|Shadow Ball|p1a: Weezing
|-damage|p1a: Weezing|63/100
|
|-heal|p2a: Misinformation|100/100|[from] item: Leftovers
|-heal|p1a: Weezing|69/100|[from] item: Leftovers
|upkeep
|turn|10
|
|t:|1781201405
|move|p2a: Misinformation|Malignant Chain|p1a: Weezing
|-damage|p1a: Weezing|24/100
|move|p1a: Weezing|Pain Split|p2a: Misinformation
|-sethp|p2a: Misinformation|59/100|[from] move: Pain Split|[silent]
|-sethp|p1a: Weezing|82/100|[from] move: Pain Split
|
|-heal|p2a: Misinformation|65/100|[from] item: Leftovers
|-heal|p1a: Weezing|88/100|[from] item: Leftovers
|upkeep
|turn|11
|
|t:|1781201408
|move|p2a: Misinformation|Malignant Chain|p1a: Weezing
|-damage|p1a: Weezing|44/100
|move|p1a: Weezing|Pain Split|p2a: Misinformation
|-sethp|p2a: Misinformation|48/100|[from] move: Pain Split|[silent]
|-sethp|p1a: Weezing|67/100|[from] move: Pain Split
|
|-heal|p2a: Misinformation|54/100|[from] item: Leftovers
|-heal|p1a: Weezing|73/100|[from] item: Leftovers
|upkeep
|turn|12
|
|t:|1781201413
|move|p2a: Misinformation|Malignant Chain|p1a: Weezing
|-damage|p1a: Weezing|26/100
|move|p1a: Weezing|Pain Split|p2a: Misinformation
|-sethp|p2a: Misinformation|36/100|[from] move: Pain Split|[silent]
|-sethp|p1a: Weezing|51/100|[from] move: Pain Split
|
|-heal|p2a: Misinformation|42/100|[from] item: Leftovers
|-heal|p1a: Weezing|57/100|[from] item: Leftovers
|upkeep
|turn|13
|
|t:|1781201417
|move|p2a: Misinformation|Recover|p2a: Misinformation
|-heal|p2a: Misinformation|92/100
|move|p1a: Weezing|Pain Split|p2a: Misinformation
|-sethp|p2a: Misinformation|66/100|[from] move: Pain Split|[silent]
|-sethp|p1a: Weezing|93/100|[from] move: Pain Split
|
|-heal|p2a: Misinformation|72/100|[from] item: Leftovers
|-heal|p1a: Weezing|99/100|[from] item: Leftovers
|upkeep
|turn|14
|
|t:|1781201419
|move|p2a: Misinformation|Parting Shot|p1a: Weezing
|-unboost|p1a: Weezing|atk|1
|-unboost|p1a: Weezing|spa|1
|
|t:|1781201420
|switch|p2a: Gus|Clodsire, M, shiny|34/100|[from] Parting Shot
|move|p1a: Weezing|Pain Split|p2a: Gus
|-sethp|p2a: Gus|46/100|[from] move: Pain Split|[silent]
|-sethp|p1a: Weezing|78/100|[from] move: Pain Split
|
|-heal|p1a: Weezing|84/100|[from] item: Leftovers
|-heal|p2a: Gus|52/100|[from] item: Leftovers
|upkeep
|turn|15
|
|t:|1781201426
|-end|p1a: Weezing|ability: Neutralizing Gas
|switch|p1a: Moltres|Moltres|100/100
|move|p2a: Gus|Spikes|p1a: Moltres
|-sidestart|p1: Voltaris33|Spikes
|
|-heal|p2a: Gus|58/100|[from] item: Leftovers
|upkeep
|turn|16
|j| GavilarKholin
|
|t:|1781201428
|move|p1a: Moltres|Will-O-Wisp|p2a: Gus|[miss]
|-miss|p1a: Moltres|p2a: Gus
|move|p2a: Gus|Toxic|p1a: Moltres
|-status|p1a: Moltres|tox
|
|-heal|p2a: Gus|65/100|[from] item: Leftovers
|-damage|p1a: Moltres|94/100 tox|[from] psn
|upkeep
|turn|17
|
|t:|1781201431
|move|p1a: Moltres|Will-O-Wisp|p2a: Gus|[miss]
|-miss|p1a: Moltres|p2a: Gus
|move|p2a: Gus|Recover|p2a: Gus
|-heal|p2a: Gus|100/100
|
|-damage|p1a: Moltres|82/100 tox|[from] psn
|upkeep
|turn|18
|
|t:|1781201432
|move|p1a: Moltres|Will-O-Wisp|p2a: Gus
|-status|p2a: Gus|brn
|move|p2a: Gus|Spikes|p1a: Moltres
|-sidestart|p1: Voltaris33|Spikes
|
|-damage|p1a: Moltres|63/100 tox|[from] psn
|-damage|p2a: Gus|94/100 brn|[from] brn
|upkeep
|turn|19
|
|t:|1781201435
|move|p1a: Moltres|U-turn|p2a: Gus
|-resisted|p2a: Gus
|-damage|p2a: Gus|87/100 brn
|
|t:|1781201437
|switch|p1a: Weezing|Weezing-Galar, M|84/100|[from] U-turn
|-ability|p1a: Weezing|Neutralizing Gas
|-damage|p1a: Weezing|68/100|[from] Spikes
|move|p2a: Gus|Spikes|p1a: Weezing
|-sidestart|p1: Voltaris33|Spikes
|
|-heal|p1a: Weezing|74/100|[from] item: Leftovers
|-heal|p2a: Gus|94/100 brn|[from] item: Leftovers
|-damage|p2a: Gus|87/100 brn|[from] brn
|upkeep
|turn|20
|
|t:|1781201447
|switch|p2a: Misinformation|Pecharunt|72/100
|move|p1a: Weezing|Defog|p2a: Misinformation
|-unboost|p2a: Misinformation|evasion|1
|-sideend|p1: Voltaris33|Spikes|[from] move: Defog|[of] p1a: Weezing
|
|-heal|p2a: Misinformation|78/100|[from] item: Leftovers
|-heal|p1a: Weezing|79/100|[from] item: Leftovers
|upkeep
|turn|21
|
|t:|1781201449
|move|p2a: Misinformation|Malignant Chain|p1a: Weezing
|-damage|p1a: Weezing|38/100
|move|p1a: Weezing|Pain Split|p2a: Misinformation
|-sethp|p2a: Misinformation|53/100|[from] move: Pain Split|[silent]
|-sethp|p1a: Weezing|74/100|[from] move: Pain Split
|
|-heal|p2a: Misinformation|59/100|[from] item: Leftovers
|-heal|p1a: Weezing|80/100|[from] item: Leftovers
|upkeep
|turn|22
|
|t:|1781201453
|move|p2a: Misinformation|Parting Shot|p1a: Weezing
|-unboost|p1a: Weezing|atk|1
|-unboost|p1a: Weezing|spa|1
|
|t:|1781201456
|switch|p2a: Coat of the Right|Great Tusk|100/100|[from] Parting Shot
|move|p1a: Weezing|Pain Split|p2a: Coat of the Right
|-sethp|p2a: Coat of the Right|75/100|[from] move: Pain Split|[silent]
|-sethp|p1a: Weezing|100/100|[from] move: Pain Split
|
|upkeep
|turn|23
|
|t:|1781201460
|-end|p1a: Weezing|ability: Neutralizing Gas
|switch|p1a: Moltres|Moltres|63/100 tox
|-enditem|p2a: Coat of the Right|Booster Energy
|-activate|p2a: Coat of the Right|ability: Protosynthesis|[fromitem]
|-start|p2a: Coat of the Right|protosynthesisspe
|move|p2a: Coat of the Right|Earthquake|p1a: Moltres
|-immune|p1a: Moltres
|
|-damage|p1a: Moltres|57/100 tox|[from] psn
|upkeep
|turn|24
|
|t:|1781201469
|-end|p2a: Coat of the Right|Protosynthesis|[silent]
|switch|p2a: Gus|Clodsire, M, shiny|87/100 brn
|move|p1a: Moltres|Overheat|p2a: Gus
|-damage|p2a: Gus|49/100 brn
|-unboost|p1a: Moltres|spa|2
|
|-heal|p2a: Gus|55/100 brn|[from] item: Leftovers
|-damage|p1a: Moltres|44/100 tox|[from] psn
|-damage|p2a: Gus|49/100 brn|[from] brn
|upkeep
|turn|25
|
|t:|1781201474
|move|p1a: Moltres|U-turn|p2a: Gus
|-resisted|p2a: Gus
|-damage|p2a: Gus|41/100 brn
|
|t:|1781201477
|switch|p1a: Tyranitar|Tyranitar, F|100/100|[from] U-turn
|-weather|Sandstorm|[from] ability: Sand Stream|[of] p1a: Tyranitar
|move|p2a: Gus|Recover|p2a: Gus
|-heal|p2a: Gus|91/100 brn
|
|-weather|Sandstorm|[upkeep]
|-heal|p2a: Gus|97/100 brn|[from] item: Leftovers
|-damage|p2a: Gus|91/100 brn|[from] brn
|upkeep
|turn|26
|
|t:|1781201485
|move|p1a: Tyranitar|Earthquake|p2a: Gus
|-supereffective|p2a: Gus
|-damage|p2a: Gus|0 fnt
|faint|p2a: Gus
|-damage|p1a: Tyranitar|91/100|[from] item: Life Orb
|
|-weather|Sandstorm|[upkeep]
|upkeep
|
|t:|1781201488
|switch|p2a: Coat of the Right|Great Tusk|75/100
|turn|27
|l| GavilarKholin
|
|t:|1781201490
|switch|p1a: Moltres|Moltres|44/100 tox
|move|p2a: Coat of the Right|Close Combat|p1a: Moltres
|-resisted|p1a: Moltres
|-damage|p1a: Moltres|16/100 tox
|-unboost|p2a: Coat of the Right|def|1
|-unboost|p2a: Coat of the Right|spd|1
|
|-weather|Sandstorm|[upkeep]
|-damage|p1a: Moltres|10/100 tox|[from] Sandstorm
|-damage|p1a: Moltres|4/100 tox|[from] psn
|upkeep
|turn|28
|
|t:|1781201495
|-end|p2a: Coat of the Right|Protosynthesis|[silent]
|switch|p2a: Misinformation|Pecharunt|59/100
|move|p1a: Moltres|Overheat|p2a: Misinformation
|-damage|p2a: Misinformation|4/100
|-unboost|p1a: Moltres|spa|2
|
|-weather|Sandstorm|[upkeep]
|-damage|p1a: Moltres|0 fnt|[from] Sandstorm
|-damage|p2a: Misinformation|0 fnt|[from] Sandstorm
|faint|p1a: Moltres
|faint|p2a: Misinformation
|upkeep
|
|t:|1781201501
|switch|p1a: Skarmory|Skarmory, M, shiny|100/100
|switch|p2a: Coat of the Right|Great Tusk|75/100
|turn|29
|
|t:|1781201505
|move|p2a: Coat of the Right|Bulk Up|p2a: Coat of the Right
|-boost|p2a: Coat of the Right|atk|1
|-boost|p2a: Coat of the Right|def|1
|move|p1a: Skarmory|Iron Defense|p1a: Skarmory
|-boost|p1a: Skarmory|def|2
|
|-weather|none
|upkeep
|turn|30
|
|t:|1781201508
|move|p2a: Coat of the Right|Bulk Up|p2a: Coat of the Right
|-boost|p2a: Coat of the Right|atk|1
|-boost|p2a: Coat of the Right|def|1
|move|p1a: Skarmory|Body Press|p2a: Coat of the Right
|-damage|p2a: Coat of the Right|56/100
|
|upkeep
|turn|31
|
|t:|1781201510
|move|p2a: Coat of the Right|Bulk Up|p2a: Coat of the Right
|-boost|p2a: Coat of the Right|atk|1
|-boost|p2a: Coat of the Right|def|1
|move|p1a: Skarmory|Iron Defense|p1a: Skarmory
|-boost|p1a: Skarmory|def|2
|
|upkeep
|turn|32
|
|t:|1781201512
|move|p2a: Coat of the Right|Bulk Up|p2a: Coat of the Right
|-boost|p2a: Coat of the Right|atk|1
|-boost|p2a: Coat of the Right|def|1
|move|p1a: Skarmory|Iron Defense|p1a: Skarmory
|-boost|p1a: Skarmory|def|2
|
|upkeep
|turn|33
|
|t:|1781201515
|move|p2a: Coat of the Right|Bulk Up|p2a: Coat of the Right
|-boost|p2a: Coat of the Right|atk|1
|-boost|p2a: Coat of the Right|def|1
|move|p1a: Skarmory|Body Press|p2a: Coat of the Right
|-damage|p2a: Coat of the Right|34/100
|
|upkeep
|turn|34
|
|t:|1781201517
|move|p2a: Coat of the Right|Bulk Up|p2a: Coat of the Right
|-boost|p2a: Coat of the Right|atk|1
|-boost|p2a: Coat of the Right|def|1
|move|p1a: Skarmory|Body Press|p2a: Coat of the Right
|-damage|p2a: Coat of the Right|14/100
|
|upkeep
|turn|35
|
|t:|1781201520
|move|p2a: Coat of the Right|Close Combat|p1a: Skarmory
|-damage|p1a: Skarmory|69/100
|-unboost|p2a: Coat of the Right|def|1
|-unboost|p2a: Coat of the Right|spd|1
|move|p1a: Skarmory|Body Press|p2a: Coat of the Right
|-damage|p2a: Coat of the Right|0 fnt
|faint|p2a: Coat of the Right
|-end|p2a: Coat of the Right|Protosynthesis|[silent]
|
|win|Voltaris33
|raw|Voltaris33's rating: 1595 &rarr; <strong>1618</strong><br />(+23 for winning)
|raw|Sanskiller55's rating: 1643 &rarr; <strong>1620</strong><br />(-23 for losing)
|l|☆Sanskiller55
|player|p2|
|l|☆Voltaris33
|player|p1|
