|j|☆natspectro
|j|☆StarDio
|t:|1781429515
|gametype|singles
|player|p1|natspectro|iris-gen5bw2|1520
|player|p2|StarDio|1|1570
|gen|9
|tier|[Gen 9] OU
|rated|
|rule|HP Percentage Mod: HP is shown in percentages
|rule|Endless Battle Clause: Forcing endless battles is banned
|rule|Species Clause: Limit one of each Pokémon
|rule|OHKO Clause: OHKO moves are banned
|rule|Evasion Items Clause: Evasion items are banned
|rule|Evasion Moves Clause: Evasion moves are banned
|rule|Evasion Abilities Clause: Evasion abilities are banned
|rule|Sleep Moves Clause: Sleep-inducing moves are banned
|clearpoke
|poke|p1|Kingambit, F|
|poke|p1|Zapdos|
|poke|p1|Primarina, M|
|poke|p1|Clodsire, M|
|poke|p1|Cinderace, F|
|poke|p1|Deoxys-Speed|
|poke|p2|Hoopa-Unbound|
|poke|p2|Pecharunt|
|poke|p2|Landorus-Therian, M|
|poke|p2|Cinderace, M|
|poke|p2|Alomomola, M|
|poke|p2|Iron Valiant|
|teampreview
|inactive|Battle timer is ON: inactive players will automatically lose when time's up. (requested by StarDio)
|inactive|natspectro also wants the timer to be on.
|
|t:|1781429535
|teamsize|p1|6
|teamsize|p2|6
|start
|switch|p1a: SwitchinStature|Clodsire, M|100/100
|switch|p2a: Pisces|Alomomola, M, shiny|100/100
|turn|1
|inactive|StarDio has 120 seconds left.
|
|t:|1781429585
|move|p2a: Pisces|Flip Turn|p1a: SwitchinStature
|-supereffective|p1a: SwitchinStature
|-damage|p1a: SwitchinStature|77/100
|
|t:|1781429586
|switch|p2a: Overseer|Pecharunt|100/100|[from] Flip Turn
|move|p1a: SwitchinStature|Toxic|p2a: Overseer
|-immune|p2a: Overseer
|
|upkeep
|turn|2
|
|t:|1781429592
|move|p2a: Overseer|Parting Shot|p1a: SwitchinStature
|-unboost|p1a: SwitchinStature|atk|1
|-unboost|p1a: SwitchinStature|spa|1
|
|t:|1781429595
|switch|p2a: Enten|Landorus-Therian, M, shiny|100/100|[from] Parting Shot
|-ability|p2a: Enten|Intimidate|boost
|-unboost|p1a: SwitchinStature|atk|1
|move|p1a: SwitchinStature|Toxic|p2a: Enten
|-status|p2a: Enten|tox
|
|-damage|p2a: Enten|95/100 tox|[from] psn
|upkeep
|turn|3
|
|t:|1781429602
|switch|p2a: Overseer|Pecharunt|100/100
|move|p1a: SwitchinStature|Counter||[still]
|-fail|p1a: SwitchinStature
|
|upkeep
|turn|4
|
|t:|1781429606
|move|p2a: Overseer|Shadow Ball|p1a: SwitchinStature
|-damage|p1a: SwitchinStature|58/100
|move|p1a: SwitchinStature|Recover|p1a: SwitchinStature
|-heal|p1a: SwitchinStature|100/100
|
|upkeep
|turn|5
|
|t:|1781429610
|move|p2a: Overseer|Shadow Ball|p1a: SwitchinStature
|-damage|p1a: SwitchinStature|83/100
|move|p1a: SwitchinStature|Earthquake|p2a: Overseer
|-supereffective|p2a: Overseer
|-damage|p2a: Overseer|88/100
|
|upkeep
|turn|6
|
|t:|1781429616
|switch|p1a: OneWingedAngel|Kingambit, F|100/100
|move|p2a: Overseer|Parting Shot|p1a: OneWingedAngel
|-unboost|p1a: OneWingedAngel|atk|1
|-unboost|p1a: OneWingedAngel|spa|1
|
|t:|1781429618
|switch|p2a: Calamity|Iron Valiant, shiny|100/100|[from] Parting Shot
|
|upkeep
|turn|7
|
|t:|1781429622
|-end|p1a: OneWingedAngel|fallenundefined|[silent]
|switch|p1a: Soft and Wet|Primarina, M|100/100
|move|p2a: Calamity|Moonblast|p1a: Soft and Wet
|-damage|p1a: Soft and Wet|58/100
|
|upkeep
|turn|8
|
|t:|1781429630
|-end|p2a: Calamity|Quark Drive|[silent]
|switch|p2a: Pisces|Alomomola, M, shiny|100/100
|move|p1a: Soft and Wet|Flip Turn|p2a: Pisces
|-resisted|p2a: Pisces
|-damage|p2a: Pisces|96/100
|
|t:|1781429635
|switch|p1a: DosSta.D.I.X|Zapdos|100/100|[from] Flip Turn
|
|upkeep
|turn|9
|
|t:|1781429640
|move|p1a: DosSta.D.I.X|U-turn|p2a: Pisces
|-damage|p2a: Pisces|87/100
|
|t:|1781429650
|switch|p1a: SwitchinStature|Clodsire, M|83/100|[from] U-turn
|move|p2a: Pisces|Flip Turn|p1a: SwitchinStature
|-supereffective|p1a: SwitchinStature
|-damage|p1a: SwitchinStature|58/100
|
|t:|1781429652
|switch|p2a: Khaos|Hoopa-Unbound|100/100|[from] Flip Turn
|
|upkeep
|turn|10
|
|t:|1781429656
|switch|p1a: OneWingedAngel|Kingambit, F|100/100
|move|p2a: Khaos|Knock Off|p1a: OneWingedAngel
|-resisted|p1a: OneWingedAngel
|-damage|p1a: OneWingedAngel|64/100
|-enditem|p1a: OneWingedAngel|Leftovers|[from] move: Knock Off|[of] p2a: Khaos
|
|upkeep
|turn|11
|
|t:|1781429661
|switch|p2a: Pisces|Alomomola, M, shiny|100/100
|move|p1a: OneWingedAngel|Swords Dance|p1a: OneWingedAngel
|-boost|p1a: OneWingedAngel|atk|2
|
|upkeep
|turn|12
|
|t:|1781429672
|switch|p2a: Enten|Landorus-Therian, M, shiny|95/100 tox
|-ability|p2a: Enten|Intimidate|boost
|-unboost|p1a: OneWingedAngel|atk|1
|move|p1a: OneWingedAngel|Kowtow Cleave|p2a: Enten
|-damage|p2a: Enten|12/100 tox
|
|-damage|p2a: Enten|6/100 tox|[from] psn
|upkeep
|turn|13
|
|t:|1781429680
|switch|p2a: Calamity|Iron Valiant, shiny|100/100
|move|p1a: OneWingedAngel|Sucker Punch||[still]
|-fail|p1a: OneWingedAngel
|
|upkeep
|turn|14
|
|t:|1781429695
|-end|p1a: OneWingedAngel|fallenundefined|[silent]
|switch|p1a: DonnieCourtman|Cinderace, F|100/100
|move|p2a: Calamity|Moonblast|p1a: DonnieCourtman
|-resisted|p1a: DonnieCourtman
|-damage|p1a: DonnieCourtman|58/100
|-unboost|p1a: DonnieCourtman|spa|1
|
|upkeep
|turn|15
|
|t:|1781429702
|-end|p2a: Calamity|Quark Drive|[silent]
|switch|p2a: Pisces|Alomomola, M, shiny|100/100
|move|p1a: DonnieCourtman|U-turn|p2a: Pisces
|-damage|p2a: Pisces|88/100
|
|t:|1781429710
|switch|p1a: SwitchinStature|Clodsire, M|58/100|[from] U-turn
|
|upkeep
|turn|16
|
|t:|1781429712
|move|p2a: Pisces|Flip Turn|p1a: SwitchinStature
|-supereffective|p1a: SwitchinStature
|-crit|p1a: SwitchinStature
|-damage|p1a: SwitchinStature|21/100
|
|t:|1781429716
|switch|p2a: Liberacy|Cinderace, M, shiny|100/100|[from] Flip Turn
|move|p1a: SwitchinStature|Recover|p1a: SwitchinStature
|-heal|p1a: SwitchinStature|71/100
|
|upkeep
|turn|17
|
|t:|1781429722
|move|p2a: Liberacy|Pyro Ball|p1a: SwitchinStature
|-damage|p1a: SwitchinStature|30/100
|move|p1a: SwitchinStature|Recover|p1a: SwitchinStature
|-heal|p1a: SwitchinStature|80/100
|
|upkeep
|turn|18
|
|t:|1781429725
|move|p2a: Liberacy|U-turn|p1a: SwitchinStature
|-start|p2a: Liberacy|typechange|Bug|[from] ability: Libero
|-resisted|p1a: SwitchinStature
|-damage|p1a: SwitchinStature|68/100
|
|t:|1781429728
|switch|p2a: Khaos|Hoopa-Unbound|100/100|[from] U-turn
|move|p1a: SwitchinStature|Recover|p1a: SwitchinStature
|-heal|p1a: SwitchinStature|100/100
|
|upkeep
|turn|19
|
|t:|1781429734
|switch|p1a: DosSta.D.I.X|Zapdos|100/100
|move|p2a: Khaos|Drain Punch|p1a: DosSta.D.I.X
|-resisted|p1a: DosSta.D.I.X
|-damage|p1a: DosSta.D.I.X|82/100
|-status|p2a: Khaos|par|[from] ability: Static|[of] p1a: DosSta.D.I.X
|
|upkeep
|turn|20
|
|t:|1781429742
|switch|p2a: Pisces|Alomomola, M, shiny|100/100
|move|p1a: DosSta.D.I.X|U-turn|p2a: Pisces
|-damage|p2a: Pisces|92/100
|
|t:|1781429749
|switch|p1a: SwitchinStature|Clodsire, M|100/100|[from] U-turn
|
|upkeep
|turn|21
|
|t:|1781429753
|move|p2a: Pisces|Body Slam|p1a: SwitchinStature
|-damage|p1a: SwitchinStature|90/100
|move|p1a: SwitchinStature|Toxic|p2a: Pisces
|-status|p2a: Pisces|tox
|
|-damage|p2a: Pisces|85/100 tox|[from] psn
|upkeep
|turn|22
|
|t:|1781429758
|move|p2a: Pisces|Body Slam|p1a: SwitchinStature
|-damage|p1a: SwitchinStature|79/100
|move|p1a: SwitchinStature|Earthquake|p2a: Pisces
|-damage|p2a: Pisces|66/100 tox
|
|-damage|p2a: Pisces|54/100 tox|[from] psn
|upkeep
|turn|23
|
|t:|1781429763
|move|p2a: Pisces|Flip Turn|p1a: SwitchinStature
|-supereffective|p1a: SwitchinStature
|-damage|p1a: SwitchinStature|54/100
|
|t:|1781429765
|switch|p2a: Overseer|Pecharunt|88/100|[from] Flip Turn
|move|p1a: SwitchinStature|Earthquake|p2a: Overseer
|-supereffective|p2a: Overseer
|-damage|p2a: Overseer|64/100
|
|upkeep
|turn|24
|
|t:|1781429769
|move|p2a: Overseer|Recover|p2a: Overseer
|-heal|p2a: Overseer|100/100
|move|p1a: SwitchinStature|Recover|p1a: SwitchinStature
|-heal|p1a: SwitchinStature|100/100
|
|upkeep
|turn|25
|
|t:|1781429773
|move|p2a: Overseer|Shadow Ball|p1a: SwitchinStature
|-damage|p1a: SwitchinStature|81/100
|move|p1a: SwitchinStature|Earthquake|p2a: Overseer
|-supereffective|p2a: Overseer
|-damage|p2a: Overseer|77/100
|
|upkeep
|turn|26
|
|t:|1781429785
|move|p2a: Overseer|Parting Shot|p1a: SwitchinStature
|-unboost|p1a: SwitchinStature|atk|1
|-unboost|p1a: SwitchinStature|spa|1
|
|t:|1781429795
|switch|p2a: Pisces|Alomomola, M, shiny|87/100 tox|[from] Parting Shot
|move|p1a: SwitchinStature|Earthquake|p2a: Pisces
|-damage|p2a: Pisces|74/100 tox
|
|-damage|p2a: Pisces|68/100 tox|[from] psn
|upkeep
|turn|27
|
|t:|1781429802
|move|p2a: Pisces|Flip Turn|p1a: SwitchinStature
|-supereffective|p1a: SwitchinStature
|-damage|p1a: SwitchinStature|57/100
|
|t:|1781429808
|switch|p2a: Overseer|Pecharunt|77/100|[from] Flip Turn
|move|p1a: SwitchinStature|Recover|p1a: SwitchinStature
|-heal|p1a: SwitchinStature|100/100
|
|upkeep
|turn|28
|
|t:|1781429812
|switch|p1a: OneWingedAngel|Kingambit, F|64/100
|move|p2a: Overseer|Shadow Ball|p1a: OneWingedAngel
|-resisted|p1a: OneWingedAngel
|-damage|p1a: OneWingedAngel|51/100
|
|upkeep
|turn|29
|
|t:|1781429820
|move|p2a: Overseer|Parting Shot|p1a: OneWingedAngel
|-unboost|p1a: OneWingedAngel|atk|1
|-unboost|p1a: OneWingedAngel|spa|1
|
|t:|1781429823
|switch|p2a: Liberacy|Cinderace, M, shiny|100/100|[from] Parting Shot
|move|p1a: OneWingedAngel|Iron Head|p2a: Liberacy
|-resisted|p2a: Liberacy
|-damage|p2a: Liberacy|79/100
|
|upkeep
|turn|30
|
|t:|1781429833
|-end|p1a: OneWingedAngel|fallenundefined|[silent]
|switch|p1a: DonnieCourtman|Cinderace, F|58/100
|move|p2a: Liberacy|Pyro Ball|p1a: DonnieCourtman
|-resisted|p1a: DonnieCourtman
|-damage|p1a: DonnieCourtman|23/100
|
|upkeep
|turn|31
|
|t:|1781429857
|move|p2a: Liberacy|Pyro Ball|p1a: DonnieCourtman
|-resisted|p1a: DonnieCourtman
|-damage|p1a: DonnieCourtman|0 fnt
|faint|p1a: DonnieCourtman
|
|upkeep
|
|t:|1781429868
|switch|p1a: Soft and Wet|Primarina, M|58/100
|turn|32
|
|t:|1781429875
|move|p2a: Liberacy|U-turn|p1a: Soft and Wet
|-start|p2a: Liberacy|typechange|Bug|[from] ability: Libero
|-resisted|p1a: Soft and Wet
|-damage|p1a: Soft and Wet|37/100
|
|t:|1781429878
|switch|p2a: Overseer|Pecharunt|77/100|[from] U-turn
|move|p1a: Soft and Wet|Surf|p2a: Overseer
|-damage|p2a: Overseer|27/100
|
|upkeep
|turn|33
|
|t:|1781429886
|move|p2a: Overseer|Malignant Chain|p1a: Soft and Wet
|-supereffective|p1a: Soft and Wet
|-damage|p1a: Soft and Wet|0 fnt
|faint|p1a: Soft and Wet
|
|upkeep
|inactive|natspectro has 120 seconds left.
|
|t:|1781429928
|switch|p1a: BonnieBoost|Deoxys-Speed|100/100
|-ability|p1a: BonnieBoost|Pressure
|turn|34
|
|t:|1781429933
|move|p1a: BonnieBoost|Psycho Boost|p2a: Overseer
|-supereffective|p2a: Overseer
|-crit|p2a: Overseer
|-damage|p2a: Overseer|0 fnt
|-unboost|p1a: BonnieBoost|spa|2
|faint|p2a: Overseer
|
|upkeep
|
|t:|1781429935
|switch|p2a: Liberacy|Cinderace, M, shiny|79/100
|turn|35
|inactive|natspectro has 120 seconds left.
|
|t:|1781429943
|switch|p1a: DosSta.D.I.X|Zapdos|82/100
|move|p2a: Liberacy|Pyro Ball|p1a: DosSta.D.I.X
|-damage|p1a: DosSta.D.I.X|44/100
|
|upkeep
|turn|36
|inactive|StarDio has 120 seconds left.
|
|t:|1781429988
|switch|p2a: Calamity|Iron Valiant, shiny|100/100
|move|p1a: DosSta.D.I.X|Roost|p1a: DosSta.D.I.X
|-heal|p1a: DosSta.D.I.X|94/100
|-singleturn|p1a: DosSta.D.I.X|move: Roost
|
|upkeep
|turn|37
|
|t:|1781429996
|move|p2a: Calamity|Moonblast|p1a: DosSta.D.I.X
|-damage|p1a: DosSta.D.I.X|29/100
|-unboost|p1a: DosSta.D.I.X|spa|1
|move|p1a: DosSta.D.I.X|Hurricane|p2a: Calamity
|-supereffective|p2a: Calamity
|-damage|p2a: Calamity|0 fnt
|faint|p2a: Calamity
|-end|p2a: Calamity|Quark Drive|[silent]
|
|upkeep
|
|t:|1781430000
|switch|p2a: Liberacy|Cinderace, M, shiny|79/100
|turn|38
|
|t:|1781430004
|switch|p1a: SwitchinStature|Clodsire, M|100/100
|move|p2a: Liberacy|Pyro Ball|p1a: SwitchinStature|[miss]
|-miss|p2a: Liberacy|p1a: SwitchinStature
|
|upkeep
|turn|39
|
|t:|1781430014
|move|p2a: Liberacy|U-turn|p1a: SwitchinStature
|-start|p2a: Liberacy|typechange|Bug|[from] ability: Libero
|-resisted|p1a: SwitchinStature
|-damage|p1a: SwitchinStature|88/100
|
|t:|1781430015
|switch|p2a: Khaos|Hoopa-Unbound|100/100 par|[from] U-turn
|move|p1a: SwitchinStature|Earthquake|p2a: Khaos
|-damage|p2a: Khaos|56/100 par
|
|upkeep
|turn|40
|
|t:|1781430027
|switch|p1a: DosSta.D.I.X|Zapdos|29/100
|move|p2a: Khaos|Drain Punch|p1a: DosSta.D.I.X
|-resisted|p1a: DosSta.D.I.X
|-damage|p1a: DosSta.D.I.X|12/100
|-heal|p2a: Khaos|67/100 par|[from] drain|[of] p1a: DosSta.D.I.X
|
|upkeep
|turn|41
|
|t:|1781430047
|switch|p2a: Pisces|Alomomola, M, shiny|100/100 tox
|move|p1a: DosSta.D.I.X|Roost|p1a: DosSta.D.I.X
|-heal|p1a: DosSta.D.I.X|62/100
|-singleturn|p1a: DosSta.D.I.X|move: Roost
|
|-damage|p2a: Pisces|94/100 tox|[from] psn
|upkeep
|turn|42
|
|t:|1781430052
|move|p1a: DosSta.D.I.X|Roost|p1a: DosSta.D.I.X
|-heal|p1a: DosSta.D.I.X|100/100
|-singleturn|p1a: DosSta.D.I.X|move: Roost
|move|p2a: Pisces|Flip Turn|p1a: DosSta.D.I.X
|-damage|p1a: DosSta.D.I.X|88/100
|
|t:|1781430057
|switch|p2a: Liberacy|Cinderace, M, shiny|79/100|[from] Flip Turn
|
|upkeep
|turn|43
|
|t:|1781430060
|switch|p2a: Pisces|Alomomola, M, shiny|100/100 tox
|move|p1a: DosSta.D.I.X|Discharge|p2a: Pisces
|-supereffective|p2a: Pisces
|-damage|p2a: Pisces|65/100 tox
|
|-damage|p2a: Pisces|59/100 tox|[from] psn
|upkeep
|turn|44
|
|t:|1781430065
|move|p1a: DosSta.D.I.X|Roost|p1a: DosSta.D.I.X
|-heal|p1a: DosSta.D.I.X|100/100
|-singleturn|p1a: DosSta.D.I.X|move: Roost
|move|p2a: Pisces|Mirror Coat||[still]
|-fail|p2a: Pisces
|
|-damage|p2a: Pisces|47/100 tox|[from] psn
|upkeep
|turn|45
|
|t:|1781430069
|move|p1a: DosSta.D.I.X|U-turn|p2a: Pisces
|-damage|p2a: Pisces|38/100 tox
|
|t:|1781430079
|switch|p1a: BonnieBoost|Deoxys-Speed|100/100|[from] U-turn
|-ability|p1a: BonnieBoost|Pressure
|move|p2a: Pisces|Mirror Coat||[still]
|-fail|p2a: Pisces
|
|-damage|p2a: Pisces|19/100 tox|[from] psn
|upkeep
|turn|46
|
|t:|1781430088
|move|p2a: Pisces|Aqua Jet|p1a: BonnieBoost
|-damage|p1a: BonnieBoost|85/100
|move|p1a: BonnieBoost|Psycho Boost|p2a: Pisces
|-damage|p2a: Pisces|0 fnt
|-unboost|p1a: BonnieBoost|spa|2
|faint|p2a: Pisces
|
|upkeep
|
|t:|1781430090
|switch|p2a: Liberacy|Cinderace, M, shiny|79/100
|turn|47
|
|t:|1781430094
|switch|p1a: DosSta.D.I.X|Zapdos|100/100
|-terastallize|p2a: Liberacy|Fire
|move|p2a: Liberacy|Pyro Ball|p1a: DosSta.D.I.X
|-damage|p1a: DosSta.D.I.X|44/100
|
|upkeep
|turn|48
|
|t:|1781430103
|move|p2a: Liberacy|Pyro Ball|p1a: DosSta.D.I.X
|-damage|p1a: DosSta.D.I.X|0 fnt
|faint|p1a: DosSta.D.I.X
|
|upkeep
|
|t:|1781430106
|switch|p1a: SwitchinStature|Clodsire, M|88/100
|turn|49
|
|t:|1781430111
|move|p2a: Liberacy|Pyro Ball|p1a: SwitchinStature|[miss]
|-miss|p2a: Liberacy|p1a: SwitchinStature
|move|p1a: SwitchinStature|Counter||[still]
|-fail|p1a: SwitchinStature
|
|upkeep
|turn|50
|
|t:|1781430119
|move|p2a: Liberacy|U-turn|p1a: SwitchinStature
|-resisted|p1a: SwitchinStature
|-damage|p1a: SwitchinStature|79/100
|
|t:|1781430120
|switch|p2a: Enten|Landorus-Therian, M, shiny|6/100 tox|[from] U-turn
|-ability|p2a: Enten|Intimidate|boost
|-unboost|p1a: SwitchinStature|atk|1
|move|p1a: SwitchinStature|Counter|p2a: Enten
|-damage|p2a: Enten|0 fnt
|faint|p2a: Enten
|
|upkeep
|
|t:|1781430121
|switch|p2a: Khaos|Hoopa-Unbound|67/100 par
|turn|51
|
|t:|1781430126
|switch|p1a: OneWingedAngel|Kingambit, F|51/100
|-activate|p1a: OneWingedAngel|ability: Supreme Overlord
|-start|p1a: OneWingedAngel|fallen3|[silent]
|cant|p2a: Khaos|par
|
|upkeep
|turn|52
|
|t:|1781430132
|move|p1a: OneWingedAngel|Kowtow Cleave|p2a: Khaos
|-damage|p2a: Khaos|0 fnt
|faint|p2a: Khaos
|
|upkeep
|-message|StarDio forfeited.
|
|win|natspectro
|raw|natspectro's rating: 1520 &rarr; <strong>1543</strong><br />(+23 for winning)
|raw|StarDio's rating: 1570 &rarr; <strong>1547</strong><br />(-23 for losing)
|l|☆StarDio
|player|p2|
|l|☆natspectro
|player|p1|
