|j|☆COLFOFLOW
|j|☆icylikedecember
|t:|1781002843
|gametype|singles
|player|p1|COLFOFLOW|volkner|1743
|player|p2|icylikedecember|skierf|1647
|gen|9
|tier|[Gen 9] OU
|rated|
|rule|HP Percentage Mod: HP is shown in percentages
|rule|Endless Battle Clause: Forcing endless battles is banned
|rule|Species Clause: Limit one of each Pokémon
|rule|OHKO Clause: OHKO moves are banned
|rule|Evasion Items Clause: Evasion items are banned
|rule|Evasion Moves Clause: Evasion moves are banned
|rule|Evasion Abilities Clause: Evasion abilities are banned
|rule|Sleep Moves Clause: Sleep-inducing moves are banned
|clearpoke
|poke|p1|Darkrai|
|poke|p1|Clodsire, M|
|poke|p1|Suicune|
|poke|p1|Lokix, F|
|poke|p1|Pecharunt|
|poke|p1|Corviknight, M|
|poke|p2|Corviknight, F|
|poke|p2|Slowking-Galar, M|
|poke|p2|Darkrai|
|poke|p2|Kyurem|
|poke|p2|Zamazenta-*|
|poke|p2|Samurott-Hisui, M|
|teampreview
|inactive|Battle timer is ON: inactive players will automatically lose when time's up. (requested by icylikedecember)
|
|t:|1781002861
|teamsize|p1|6
|teamsize|p2|6
|start
|switch|p1a: Lokix|Lokix, F|100/100
|switch|p2a: Samurott|Samurott-Hisui, M|100/100
|turn|1
|
|t:|1781002867
|switch|p2a: Corviknight|Corviknight, F, shiny|100/100
|-ability|p2a: Corviknight|Pressure
|move|p1a: Lokix|Leech Life|p2a: Corviknight
|-resisted|p2a: Corviknight
|-damage|p2a: Corviknight|85/100
|-damage|p1a: Lokix|84/100|[from] item: Rocky Helmet|[of] p2a: Corviknight
|
|upkeep
|turn|2
|
|t:|1781002875
|switch|p1a: Corviknight|Corviknight, M|100/100
|-ability|p1a: Corviknight|Pressure
|move|p2a: Corviknight|U-turn|p1a: Corviknight
|-resisted|p1a: Corviknight
|-crit|p1a: Corviknight
|-damage|p1a: Corviknight|97/100
|-damage|p2a: Corviknight|68/100|[from] item: Rocky Helmet|[of] p1a: Corviknight
|
|t:|1781002880
|switch|p2a: Slowking|Slowking-Galar, M, shiny|100/100|[from] U-turn
|
|upkeep
|turn|3
|
|t:|1781002890
|move|p1a: Corviknight|U-turn|p2a: Slowking
|-damage|p2a: Slowking|86/100
|
|t:|1781002895
|switch|p1a: Darkrai|Darkrai|100/100|[from] U-turn
|move|p2a: Slowking|Psyshock|p1a: Darkrai
|-immune|p1a: Darkrai
|
|upkeep
|turn|4
|
|t:|1781002900
|move|p1a: Darkrai|Trick|p2a: Slowking
|-activate|p1a: Darkrai|move: Trick|[of] p2a: Slowking
|-item|p2a: Slowking|Choice Specs|[from] move: Trick
|-item|p1a: Darkrai|Assault Vest|[from] move: Trick
|move|p2a: Slowking|Sludge Bomb|p1a: Darkrai
|-damage|p1a: Darkrai|43/100
|
|upkeep
|turn|5
|
|t:|1781002907
|switch|p1a: Clodsire|Clodsire, M|100/100
|move|p2a: Slowking|Sludge Bomb|p1a: Clodsire
|-resisted|p1a: Clodsire
|-damage|p1a: Clodsire|93/100
|
|-heal|p1a: Clodsire|99/100|[from] item: Black Sludge
|upkeep
|turn|6
|
|t:|1781002911
|switch|p2a: Kyurem|Kyurem|100/100
|-ability|p2a: Kyurem|Pressure
|move|p1a: Clodsire|Stealth Rock|p2a: Kyurem
|-sidestart|p2: icylikedecember|move: Stealth Rock
|
|-heal|p1a: Clodsire|100/100|[from] item: Black Sludge
|upkeep
|turn|7
|
|t:|1781002916
|move|p2a: Kyurem|Ice Beam|p1a: Clodsire
|-supereffective|p1a: Clodsire
|-damage|p1a: Clodsire|49/100
|move|p1a: Clodsire|Toxic|p2a: Kyurem
|-status|p2a: Kyurem|tox
|
|-heal|p1a: Clodsire|55/100|[from] item: Black Sludge
|-damage|p2a: Kyurem|94/100 tox|[from] psn
|upkeep
|turn|8
|
|t:|1781002920
|move|p2a: Kyurem|Ice Beam|p1a: Clodsire
|-supereffective|p1a: Clodsire
|-damage|p1a: Clodsire|4/100
|move|p1a: Clodsire|Recover|p1a: Clodsire
|-heal|p1a: Clodsire|54/100
|
|-heal|p1a: Clodsire|60/100|[from] item: Black Sludge
|-damage|p2a: Kyurem|82/100 tox|[from] psn
|upkeep
|turn|9
|
|t:|1781002923
|move|p2a: Kyurem|Ice Beam|p1a: Clodsire
|-supereffective|p1a: Clodsire
|-damage|p1a: Clodsire|7/100
|move|p1a: Clodsire|Recover|p1a: Clodsire
|-heal|p1a: Clodsire|57/100
|
|-heal|p1a: Clodsire|63/100|[from] item: Black Sludge
|-damage|p2a: Kyurem|64/100 tox|[from] psn
|upkeep
|turn|10
|
|t:|1781002927
|move|p2a: Kyurem|Ice Beam|p1a: Clodsire
|-supereffective|p1a: Clodsire
|-crit|p1a: Clodsire
|-damage|p1a: Clodsire|0 fnt
|faint|p1a: Clodsire
|
|-damage|p2a: Kyurem|39/100 tox|[from] psn
|upkeep
|
|t:|1781002939
|switch|p1a: Lokix|Lokix, F|84/100
|turn|11
|
|t:|1781002944
|switch|p2a: Corviknight|Corviknight, F, shiny|68/100
|-damage|p2a: Corviknight|56/100|[from] Stealth Rock
|-ability|p2a: Corviknight|Pressure
|move|p1a: Lokix|Knock Off|p2a: Corviknight
|-damage|p2a: Corviknight|11/100
|-damage|p1a: Lokix|67/100|[from] item: Rocky Helmet|[of] p2a: Corviknight
|-enditem|p2a: Corviknight|Rocky Helmet|[from] move: Knock Off|[of] p1a: Lokix
|
|upkeep
|turn|12
|
|t:|1781002947
|move|p1a: Lokix|Knock Off|p2a: Corviknight
|-damage|p2a: Corviknight|0 fnt
|faint|p2a: Corviknight
|
|upkeep
|
|t:|1781002953
|switch|p2a: Kyurem|Kyurem|39/100 tox
|-ability|p2a: Kyurem|Pressure
|turn|13
|
|t:|1781002958
|switch|p1a: Darkrai|Darkrai|43/100
|move|p2a: Kyurem|Freeze-Dry|p1a: Darkrai
|-damage|p1a: Darkrai|13/100
|
|-damage|p2a: Kyurem|33/100 tox|[from] psn
|upkeep
|turn|14
|
|t:|1781002966
|move|p1a: Darkrai|Dark Pulse|p2a: Kyurem
|-damage|p2a: Kyurem|0 fnt
|faint|p2a: Kyurem
|
|upkeep
|
|t:|1781002969
|switch|p2a: Samurott|Samurott-Hisui, M|100/100
|-damage|p2a: Samurott|88/100|[from] Stealth Rock
|turn|15
|
|t:|1781002975
|move|p2a: Samurott|Razor Shell|p1a: Darkrai
|-damage|p1a: Darkrai|0 fnt
|faint|p1a: Darkrai
|
|upkeep
|
|t:|1781002980
|switch|p1a: Lokix|Lokix, F|67/100
|turn|16
|
|t:|1781002983
|switch|p2a: Zamazenta|Zamazenta|100/100
|-damage|p2a: Zamazenta|94/100|[from] Stealth Rock
|-ability|p2a: Zamazenta|Dauntless Shield|boost
|-boost|p2a: Zamazenta|def|1
|move|p1a: Lokix|First Impression|p2a: Zamazenta
|-resisted|p2a: Zamazenta
|-damage|p2a: Zamazenta|60/100
|
|-heal|p2a: Zamazenta|66/100|[from] item: Leftovers
|upkeep
|turn|17
|
|t:|1781002989
|switch|p2a: Darkrai|Darkrai|100/100
|-damage|p2a: Darkrai|88/100|[from] Stealth Rock
|switch|p1a: Pecharunt|Pecharunt|100/100
|
|upkeep
|turn|18
|
|t:|1781002995
|switch|p1a: Corviknight|Corviknight, M|97/100
|-ability|p1a: Corviknight|Pressure
|move|p2a: Darkrai|Dark Pulse|p1a: Corviknight
|-damage|p1a: Corviknight|53/100
|
|upkeep
|turn|19
|
|t:|1781002999
|move|p2a: Darkrai|Dark Pulse|p1a: Corviknight
|-damage|p1a: Corviknight|11/100
|move|p1a: Corviknight|Body Press|p2a: Darkrai
|-supereffective|p2a: Darkrai
|-damage|p2a: Darkrai|14/100
|
|upkeep
|turn|20
|
|t:|1781003004
|move|p2a: Darkrai|Dark Pulse|p1a: Corviknight
|-damage|p1a: Corviknight|0 fnt
|faint|p1a: Corviknight
|
|upkeep
|
|t:|1781003006
|switch|p1a: Lokix|Lokix, F|67/100
|turn|21
|
|t:|1781003014
|move|p1a: Lokix|First Impression|p2a: Darkrai
|-supereffective|p2a: Darkrai
|-damage|p2a: Darkrai|0 fnt
|faint|p2a: Darkrai
|
|upkeep
|
|t:|1781003030
|switch|p2a: Zamazenta|Zamazenta|66/100
|-damage|p2a: Zamazenta|60/100|[from] Stealth Rock
|turn|22
|
|t:|1781003036
|switch|p2a: Samurott|Samurott-Hisui, M|88/100
|-damage|p2a: Samurott|76/100|[from] Stealth Rock
|switch|p1a: Pecharunt|Pecharunt|100/100
|
|upkeep
|turn|23
|
|t:|1781003042
|move|p2a: Samurott|Ceaseless Edge|p1a: Pecharunt|[miss]
|-miss|p2a: Samurott|p1a: Pecharunt
|move|p1a: Pecharunt|Malignant Chain|p2a: Samurott
|-damage|p2a: Samurott|28/100
|
|upkeep
|turn|24
|
|t:|1781003046
|move|p2a: Samurott|Ceaseless Edge|p1a: Pecharunt
|-supereffective|p1a: Pecharunt
|-damage|p1a: Pecharunt|58/100
|-sidestart|p1: COLFOFLOW|Spikes
|move|p1a: Pecharunt|Malignant Chain|p2a: Samurott
|-damage|p2a: Samurott|0 fnt
|faint|p2a: Samurott
|
|-heal|p1a: Pecharunt|64/100|[from] item: Leftovers
|upkeep
|
|t:|1781003052
|switch|p2a: Slowking|Slowking-Galar, M, shiny|100/100
|-damage|p2a: Slowking|88/100|[from] Stealth Rock
|turn|25
|
|t:|1781003058
|switch|p1a: Lokix|Lokix, F|67/100
|-damage|p1a: Lokix|55/100|[from] Spikes
|move|p2a: Slowking|Psyshock|p1a: Lokix
|-immune|p1a: Lokix
|
|upkeep
|turn|26
|
|t:|1781003064
|switch|p2a: Zamazenta|Zamazenta|60/100
|-damage|p2a: Zamazenta|54/100|[from] Stealth Rock
|move|p1a: Lokix|Knock Off|p2a: Zamazenta
|-resisted|p2a: Zamazenta
|-damage|p2a: Zamazenta|6/100
|-enditem|p2a: Zamazenta|Leftovers|[from] move: Knock Off|[of] p1a: Lokix
|
|upkeep
|turn|27
|
|t:|1781003068
|move|p2a: Zamazenta|Crunch|p1a: Lokix
|-resisted|p1a: Lokix
|-damage|p1a: Lokix|40/100
|-unboost|p1a: Lokix|def|1
|move|p1a: Lokix|Knock Off|p2a: Zamazenta
|-resisted|p2a: Zamazenta
|-damage|p2a: Zamazenta|0 fnt
|faint|p2a: Zamazenta
|
|upkeep
|
|t:|1781003074
|switch|p2a: Slowking|Slowking-Galar, M, shiny|100/100
|-damage|p2a: Slowking|88/100|[from] Stealth Rock
|turn|28
|
|t:|1781003076
|move|p1a: Lokix|Knock Off|p2a: Slowking
|-supereffective|p2a: Slowking
|-damage|p2a: Slowking|0 fnt
|-enditem|p2a: Slowking|Choice Specs|[from] move: Knock Off|[of] p1a: Lokix
|faint|p2a: Slowking
|
|win|COLFOFLOW
|raw|COLFOFLOW's rating: 1743 &rarr; <strong>1758</strong><br />(+15 for winning)
|raw|icylikedecember's rating: 1647 &rarr; <strong>1632</strong><br />(-15 for losing)
|l|☆icylikedecember
|player|p2|
|l|☆COLFOFLOW
|player|p1|
