|j|☆crck like alakazam
|j|☆goodnightnite
|t:|1781265738
|gametype|singles
|player|p1|crck like alakazam|psychicf-gen4|1481
|player|p2|goodnightnite|miku-water|1549
|gen|9
|tier|[Gen 9] OU
|rated|
|rule|HP Percentage Mod: HP is shown in percentages
|rule|Endless Battle Clause: Forcing endless battles is banned
|rule|Species Clause: Limit one of each Pokémon
|rule|OHKO Clause: OHKO moves are banned
|rule|Evasion Items Clause: Evasion items are banned
|rule|Evasion Moves Clause: Evasion moves are banned
|rule|Evasion Abilities Clause: Evasion abilities are banned
|rule|Sleep Moves Clause: Sleep-inducing moves are banned
|clearpoke
|poke|p1|Iron Treads|
|poke|p1|Pelipper, M|
|poke|p1|Dondozo, F|
|poke|p1|Overqwil, F|
|poke|p1|Enamorus, F|
|poke|p1|Raging Bolt|
|poke|p2|Lokix, F|
|poke|p2|Iron Valiant|
|poke|p2|Alomomola, L99, F|
|poke|p2|Mandibuzz, F|
|poke|p2|Great Tusk|
|poke|p2|Gholdengo|
|teampreview
|inactive|Battle timer is ON: inactive players will automatically lose when time's up. (requested by crck like alakazam)
|inactive|goodnightnite also wants the timer to be on.
|
|t:|1781265759
|teamsize|p1|6
|teamsize|p2|6
|start
|switch|p1a: 4Pc Peliac Combo|Pelipper, M|100/100
|switch|p2a: Shining Agito|Lokix, F, shiny|100/100
|-weather|RainDance|[from] ability: Drizzle|[of] p1a: 4Pc Peliac Combo
|turn|1
|
|t:|1781265765
|-terastallize|p2a: Shining Agito|Bug
|move|p2a: Shining Agito|U-turn|p1a: 4Pc Peliac Combo
|-resisted|p1a: 4Pc Peliac Combo
|-damage|p1a: 4Pc Peliac Combo|51/100
|
|t:|1781265770
|switch|p2a: Tetsuya Sawaki|Alomomola, L99, F|100/100|[from] U-turn
|move|p1a: 4Pc Peliac Combo|Hurricane|p2a: Tetsuya Sawaki
|-damage|p2a: Tetsuya Sawaki|80/100
|
|-weather|RainDance|[upkeep]
|upkeep
|turn|2
|
|t:|1781265778
|move|p1a: 4Pc Peliac Combo|Roost|p1a: 4Pc Peliac Combo
|-heal|p1a: 4Pc Peliac Combo|100/100
|-singleturn|p1a: 4Pc Peliac Combo|move: Roost
|move|p2a: Tetsuya Sawaki|Flip Turn|p1a: 4Pc Peliac Combo
|-resisted|p1a: 4Pc Peliac Combo
|-damage|p1a: 4Pc Peliac Combo|91/100
|
|t:|1781265781
|switch|p2a: Shining Agito|Lokix, F, shiny, tera:Bug|100/100|[from] Flip Turn
|
|-weather|RainDance|[upkeep]
|upkeep
|turn|3
|
|t:|1781265793
|move|p2a: Shining Agito|U-turn|p1a: 4Pc Peliac Combo
|-resisted|p1a: 4Pc Peliac Combo
|-damage|p1a: 4Pc Peliac Combo|35/100
|
|t:|1781265797
|switch|p2a: Tetsuya Sawaki|Alomomola, L99, F|100/100|[from] U-turn
|move|p1a: 4Pc Peliac Combo|Roost|p1a: 4Pc Peliac Combo
|-heal|p1a: 4Pc Peliac Combo|85/100
|-singleturn|p1a: 4Pc Peliac Combo|move: Roost
|
|-weather|RainDance|[upkeep]
|upkeep
|turn|4
|
|t:|1781265802
|move|p1a: 4Pc Peliac Combo|U-turn|p2a: Tetsuya Sawaki
|-damage|p2a: Tetsuya Sawaki|94/100
|
|t:|1781265806
|switch|p1a: WishABozoWould|Dondozo, F|100/100|[from] U-turn
|move|p2a: Tetsuya Sawaki|Flip Turn|p1a: WishABozoWould
|-resisted|p1a: WishABozoWould
|-damage|p1a: WishABozoWould|92/100
|
|t:|1781265811
|switch|p2a: Shining Agito|Lokix, F, shiny, tera:Bug|100/100|[from] Flip Turn
|
|-weather|RainDance|[upkeep]
|upkeep
|turn|5
|
|t:|1781265819
|move|p2a: Shining Agito|U-turn|p1a: WishABozoWould
|-damage|p1a: WishABozoWould|50/100
|
|t:|1781265823
|switch|p2a: Tetsuya Sawaki|Alomomola, L99, F|100/100|[from] U-turn
|move|p1a: WishABozoWould|Wave Crash|p2a: Tetsuya Sawaki
|-resisted|p2a: Tetsuya Sawaki
|-damage|p2a: Tetsuya Sawaki|57/100
|-damage|p1a: WishABozoWould|35/100|[from] Recoil
|
|-weather|RainDance|[upkeep]
|upkeep
|turn|6
|
|t:|1781265830
|move|p1a: WishABozoWould|Wave Crash|p2a: Tetsuya Sawaki
|-resisted|p2a: Tetsuya Sawaki
|-damage|p2a: Tetsuya Sawaki|16/100
|-damage|p1a: WishABozoWould|22/100|[from] Recoil
|move|p2a: Tetsuya Sawaki|Flip Turn|p1a: WishABozoWould
|-resisted|p1a: WishABozoWould
|-damage|p1a: WishABozoWould|15/100
|
|t:|1781265836
|switch|p2a: Shining Agito|Lokix, F, shiny, tera:Bug|100/100|[from] Flip Turn
|
|-weather|RainDance|[upkeep]
|upkeep
|turn|7
|
|t:|1781265838
|move|p2a: Shining Agito|U-turn|p1a: WishABozoWould
|-damage|p1a: WishABozoWould|0 fnt
|faint|p1a: WishABozoWould
|
|t:|1781265842
|switch|p2a: Tetsuya Sawaki|Alomomola, L99, F|50/100|[from] U-turn
|
|-weather|RainDance|[upkeep]
|upkeep
|
|t:|1781265847
|switch|p1a: Ol'DirtyBolt|Raging Bolt|100/100
|-enditem|p1a: Ol'DirtyBolt|Booster Energy
|-activate|p1a: Ol'DirtyBolt|ability: Protosynthesis|[fromitem]
|-start|p1a: Ol'DirtyBolt|protosynthesisspa
|turn|8
|inactive|goodnightnite has 120 seconds left.
|
|t:|1781265881
|move|p1a: Ol'DirtyBolt|Dragon Pulse|p2a: Tetsuya Sawaki
|-damage|p2a: Tetsuya Sawaki|13/100
|move|p2a: Tetsuya Sawaki|Mirror Coat|p1a: Ol'DirtyBolt
|-damage|p1a: Ol'DirtyBolt|14/100
|
|-weather|none
|upkeep
|turn|9
|inactive|goodnightnite has 120 seconds left.
|
|t:|1781265891
|switch|p2a: MACHINE TORNADER|Gholdengo|100/100
|move|p1a: Ol'DirtyBolt|Thunder|p2a: MACHINE TORNADER
|-crit|p2a: MACHINE TORNADER
|-damage|p2a: MACHINE TORNADER|0 fnt
|faint|p2a: MACHINE TORNADER
|
|upkeep
|inactive|goodnightnite has 120 seconds left.
|
|t:|1781265897
|switch|p2a: Gills Exceed|Great Tusk|100/100
|turn|10
|
|t:|1781265901
|-end|p1a: Ol'DirtyBolt|Protosynthesis|[silent]
|switch|p1a: 4Pc Peliac Combo|Pelipper, M|85/100
|-weather|RainDance|[from] ability: Drizzle|[of] p1a: 4Pc Peliac Combo
|move|p2a: Gills Exceed|Ice Spinner|p1a: 4Pc Peliac Combo
|-damage|p1a: 4Pc Peliac Combo|63/100
|
|-weather|RainDance|[upkeep]
|upkeep
|turn|11
|
|t:|1781265908
|-end|p2a: Gills Exceed|Protosynthesis|[silent]
|switch|p2a: Tetsuya Sawaki|Alomomola, L99, F|46/100
|move|p1a: 4Pc Peliac Combo|Weather Ball|p2a: Tetsuya Sawaki
|-resisted|p2a: Tetsuya Sawaki
|-damage|p2a: Tetsuya Sawaki|32/100
|
|-weather|RainDance|[upkeep]
|upkeep
|turn|12
|
|t:|1781265916
|move|p1a: 4Pc Peliac Combo|Hurricane|p2a: Tetsuya Sawaki
|-damage|p2a: Tetsuya Sawaki|13/100
|-start|p2a: Tetsuya Sawaki|confusion
|-activate|p2a: Tetsuya Sawaki|confusion
|move|p2a: Tetsuya Sawaki|Flip Turn|p1a: 4Pc Peliac Combo
|-resisted|p1a: 4Pc Peliac Combo
|-damage|p1a: 4Pc Peliac Combo|55/100
|
|t:|1781265921
|switch|p2a: Shining Agito|Lokix, F, shiny, tera:Bug|100/100|[from] Flip Turn
|
|-weather|RainDance|[upkeep]
|upkeep
|turn|13
|
|t:|1781265925
|move|p2a: Shining Agito|Leech Life|p1a: 4Pc Peliac Combo
|-resisted|p1a: 4Pc Peliac Combo
|-damage|p1a: 4Pc Peliac Combo|0 fnt
|faint|p1a: 4Pc Peliac Combo
|
|-weather|RainDance|[upkeep]
|upkeep
|
|t:|1781265930
|switch|p1a: PurpleRain|Overqwil, F, shiny|100/100
|turn|14
|
|t:|1781265935
|switch|p2a: Overlord|Mandibuzz, F|100/100
|move|p1a: PurpleRain|Swords Dance|p1a: PurpleRain
|-boost|p1a: PurpleRain|atk|2
|
|-weather|RainDance|[upkeep]
|upkeep
|turn|15
|
|t:|1781265940
|move|p1a: PurpleRain|Gunk Shot|p2a: Overlord
|-damage|p2a: Overlord|7/100
|-status|p2a: Overlord|psn
|-damage|p1a: PurpleRain|91/100|[from] item: Life Orb
|move|p2a: Overlord|Foul Play|p1a: PurpleRain
|-resisted|p1a: PurpleRain
|-damage|p1a: PurpleRain|34/100
|
|-weather|RainDance|[upkeep]
|-damage|p2a: Overlord|0 fnt|[from] psn
|faint|p2a: Overlord
|upkeep
|
|t:|1781265948
|switch|p2a: Shining Agito|Lokix, F, shiny, tera:Bug|100/100
|turn|16
|
|t:|1781265951
|switch|p1a: GangStarrFromAbove|Enamorus, F|100/100
|move|p2a: Shining Agito|First Impression|p1a: GangStarrFromAbove
|-resisted|p1a: GangStarrFromAbove
|-damage|p1a: GangStarrFromAbove|35/100
|
|-weather|RainDance|[upkeep]
|upkeep
|turn|17
|
|t:|1781265979
|switch|p2a: Tetsuya Sawaki|Alomomola, L99, F|47/100
|move|p1a: GangStarrFromAbove|Moonblast|p2a: Tetsuya Sawaki
|-damage|p2a: Tetsuya Sawaki|15/100
|
|-weather|none
|upkeep
|turn|18
|
|t:|1781265988
|move|p1a: GangStarrFromAbove|Moonblast|p2a: Tetsuya Sawaki
|-crit|p2a: Tetsuya Sawaki
|-damage|p2a: Tetsuya Sawaki|0 fnt
|faint|p2a: Tetsuya Sawaki
|
|upkeep
|
|t:|1781265991
|switch|p2a: Shining Agito|Lokix, F, shiny, tera:Bug|100/100
|turn|19
|
|t:|1781265995
|switch|p1a: PurpleRain|Overqwil, F, shiny|34/100
|move|p2a: Shining Agito|U-turn|p1a: PurpleRain
|-damage|p1a: PurpleRain|0 fnt
|faint|p1a: PurpleRain
|
|t:|1781266002
|switch|p2a: G3-X|Iron Valiant, shiny|100/100|[from] U-turn
|
|upkeep
|
|t:|1781266004
|switch|p1a: GangStarrFromAbove|Enamorus, F|35/100
|turn|20
|
|t:|1781266007
|move|p1a: GangStarrFromAbove|Moonblast|p2a: G3-X
|-supereffective|p2a: G3-X
|-damage|p2a: G3-X|0 fnt
|faint|p2a: G3-X
|-end|p2a: G3-X|Quark Drive|[silent]
|
|upkeep
|
|t:|1781266010
|switch|p2a: Shining Agito|Lokix, F, shiny, tera:Bug|100/100
|turn|21
|
|t:|1781266019
|switch|p1a: C.T.E.Spins|Iron Treads|100/100
|-enditem|p1a: C.T.E.Spins|Booster Energy
|-activate|p1a: C.T.E.Spins|ability: Quark Drive|[fromitem]
|-start|p1a: C.T.E.Spins|quarkdrivespe
|move|p2a: Shining Agito|First Impression|p1a: C.T.E.Spins
|-resisted|p1a: C.T.E.Spins
|-damage|p1a: C.T.E.Spins|32/100
|
|upkeep
|turn|22
|
|t:|1781266025
|-end|p1a: C.T.E.Spins|Quark Drive|[silent]
|switch|p1a: GangStarrFromAbove|Enamorus, F|35/100
|switch|p2a: Gills Exceed|Great Tusk|100/100
|
|upkeep
|turn|23
|
|t:|1781266032
|move|p1a: GangStarrFromAbove|Moonblast|p2a: Gills Exceed
|-supereffective|p2a: Gills Exceed
|-damage|p2a: Gills Exceed|0 fnt
|faint|p2a: Gills Exceed
|-end|p2a: Gills Exceed|Protosynthesis|[silent]
|
|upkeep
|
|t:|1781266036
|switch|p2a: Shining Agito|Lokix, F, shiny, tera:Bug|100/100
|turn|24
|
|t:|1781266039
|move|p1a: GangStarrFromAbove|Moonblast|p2a: Shining Agito
|-damage|p2a: Shining Agito|0 fnt
|faint|p2a: Shining Agito
|
|win|crck like alakazam
|raw|crck like alakazam's rating: 1500 &rarr; <strong>1523</strong><br />(+23 for winning)
|raw|goodnightnite's rating: 1549 &rarr; <strong>1526</strong><br />(-23 for losing)
|l|☆goodnightnite
|player|p2|
