|j|☆KurisuChestnutLab
|j|☆dilf huntr
|t:|1781142418
|gametype|singles
|player|p1|KurisuChestnutLab|may-contest|1572
|player|p2|dilf huntr|169|1565
|gen|9
|tier|[Gen 9] OU
|rated|
|rule|HP Percentage Mod: HP is shown in percentages
|rule|Endless Battle Clause: Forcing endless battles is banned
|rule|Species Clause: Limit one of each Pokémon
|rule|OHKO Clause: OHKO moves are banned
|rule|Evasion Items Clause: Evasion items are banned
|rule|Evasion Moves Clause: Evasion moves are banned
|rule|Evasion Abilities Clause: Evasion abilities are banned
|rule|Sleep Moves Clause: Sleep-inducing moves are banned
|clearpoke
|poke|p1|Zamazenta-*|
|poke|p1|Zapdos|
|poke|p1|Garganacl, F|
|poke|p1|Clefable, M|
|poke|p1|Samurott-Hisui, M|
|poke|p1|Gholdengo|
|poke|p2|Deoxys-Speed|
|poke|p2|Sinistcha-Masterpiece|
|poke|p2|Iron Valiant|
|poke|p2|Dragonite, M|
|poke|p2|Alomomola, F|
|poke|p2|Iron Treads|
|teampreview
|inactive|Battle timer is ON: inactive players will automatically lose when time's up. (requested by dilf huntr)
|
|t:|1781142423
|teamsize|p1|6
|teamsize|p2|6
|start
|switch|p1a: Samurott|Samurott-Hisui, M|100/100
|switch|p2a: Iron Treads|Iron Treads|100/100
|turn|1
|inactive|KurisuChestnutLab also wants the timer to be on.
|
|t:|1781142427
|move|p1a: Samurott|Razor Shell|p2a: Iron Treads
|-supereffective|p2a: Iron Treads
|-damage|p2a: Iron Treads|3/100
|-unboost|p2a: Iron Treads|def|1
|move|p2a: Iron Treads|Earthquake|p1a: Samurott
|-damage|p1a: Samurott|44/100
|
|upkeep
|turn|2
|
|t:|1781142431
|move|p1a: Samurott|Razor Shell|p2a: Iron Treads
|-supereffective|p2a: Iron Treads
|-damage|p2a: Iron Treads|0 fnt
|faint|p2a: Iron Treads
|-end|p2a: Iron Treads|Quark Drive|[silent]
|
|upkeep
|j| choispecs ironmoth
|
|t:|1781142441
|switch|p2a: Dragonite|Dragonite, M, shiny|100/100
|turn|3
|
|t:|1781142445
|switch|p1a: Zamazenta|Zamazenta|100/100
|-ability|p1a: Zamazenta|Dauntless Shield|boost
|-boost|p1a: Zamazenta|def|1
|move|p2a: Dragonite|Dragon Dance|p2a: Dragonite
|-boost|p2a: Dragonite|atk|1
|-boost|p2a: Dragonite|spe|1
|
|upkeep
|turn|4
|
|t:|1781142450
|switch|p1a: Zapdos|Zapdos|100/100
|switch|p2a: Sinistcha|Sinistcha-Masterpiece, shiny|100/100
|
|upkeep
|turn|5
|
|t:|1781142453
|switch|p2a: Alomomola|Alomomola, F|100/100
|move|p1a: Zapdos|Hurricane|p2a: Alomomola
|-damage|p2a: Alomomola|78/100
|-start|p2a: Alomomola|confusion
|
|upkeep
|turn|6
|j| SilverDE
|
|t:|1781142460
|move|p1a: Zapdos|Discharge|p2a: Alomomola
|-supereffective|p2a: Alomomola
|-damage|p2a: Alomomola|44/100
|-activate|p2a: Alomomola|confusion
|move|p2a: Alomomola|Flip Turn|p1a: Zapdos
|-damage|p1a: Zapdos|88/100
|
|t:|1781142465
|switch|p2a: Dragonite|Dragonite, M, shiny|100/100|[from] Flip Turn
|
|upkeep
|turn|7
|
|t:|1781142469
|switch|p2a: Alomomola|Alomomola, F|77/100
|move|p1a: Zapdos|Discharge|p2a: Alomomola
|-supereffective|p2a: Alomomola
|-damage|p2a: Alomomola|45/100
|
|upkeep
|turn|8
|
|t:|1781142472
|move|p1a: Zapdos|Volt Switch|p2a: Alomomola
|-supereffective|p2a: Alomomola
|-damage|p2a: Alomomola|16/100
|
|t:|1781142478
|switch|p1a: Zamazenta|Zamazenta|100/100|[from] Volt Switch
|move|p2a: Alomomola|Mirror Coat|p1a: Zamazenta
|-damage|p1a: Zamazenta|20/100
|
|-heal|p1a: Zamazenta|26/100|[from] item: Leftovers
|upkeep
|turn|9
|
|t:|1781142483
|switch|p2a: Sinistcha|Sinistcha-Masterpiece, shiny|100/100
|move|p1a: Zamazenta|Body Press|p2a: Sinistcha
|-immune|p2a: Sinistcha
|
|-heal|p1a: Zamazenta|32/100|[from] item: Leftovers
|upkeep
|turn|10
|
|t:|1781142488
|switch|p1a: Zapdos|Zapdos|88/100
|switch|p2a: Alomomola|Alomomola, F|50/100
|
|upkeep
|turn|11
|
|t:|1781142492
|move|p1a: Zapdos|Discharge|p2a: Alomomola
|-supereffective|p2a: Alomomola
|-damage|p2a: Alomomola|18/100
|move|p2a: Alomomola|Mirror Coat|p1a: Zapdos
|-damage|p1a: Zapdos|0 fnt
|faint|p1a: Zapdos
|
|upkeep
|
|t:|1781142496
|switch|p1a: Samurott|Samurott-Hisui, M|44/100
|turn|12
|
|t:|1781142508
|switch|p2a: Iron Valiant|Iron Valiant|100/100
|-enditem|p2a: Iron Valiant|Booster Energy
|-activate|p2a: Iron Valiant|ability: Quark Drive|[fromitem]
|-start|p2a: Iron Valiant|quarkdrivespe
|move|p1a: Samurott|Ceaseless Edge|p2a: Iron Valiant
|-resisted|p2a: Iron Valiant
|-damage|p2a: Iron Valiant|87/100
|-sidestart|p2: dilf huntr|Spikes
|
|upkeep
|turn|13
|
|t:|1781142512
|switch|p1a: Gholdengo|Gholdengo|100/100
|move|p2a: Iron Valiant|Calm Mind|p2a: Iron Valiant
|-boost|p2a: Iron Valiant|spa|1
|-boost|p2a: Iron Valiant|spd|1
|
|upkeep
|turn|14
|
|t:|1781142516
|-terastallize|p2a: Iron Valiant|Electric
|move|p2a: Iron Valiant|Calm Mind|p2a: Iron Valiant
|-boost|p2a: Iron Valiant|spa|1
|-boost|p2a: Iron Valiant|spd|1
|move|p1a: Gholdengo|Shadow Ball|p2a: Iron Valiant
|-damage|p2a: Iron Valiant|45/100
|-unboost|p2a: Iron Valiant|spd|1
|
|upkeep
|turn|15
|
|t:|1781142522
|move|p2a: Iron Valiant|Thunderbolt|p1a: Gholdengo
|-damage|p1a: Gholdengo|0 fnt
|faint|p1a: Gholdengo
|
|upkeep
|
|t:|1781142526
|switch|p1a: Clefable|Clefable, M|100/100
|turn|16
|
|t:|1781142531
|move|p2a: Iron Valiant|Moonblast|p1a: Clefable
|-damage|p1a: Clefable|56/100
|move|p1a: Clefable|Moonblast|p2a: Iron Valiant
|-damage|p2a: Iron Valiant|0 fnt
|faint|p2a: Iron Valiant
|-end|p2a: Iron Valiant|Quark Drive|[silent]
|
|upkeep
|
|t:|1781142545
|switch|p2a: Deoxys|Deoxys-Speed, shiny|100/100
|-damage|p2a: Deoxys|88/100|[from] Spikes
|-ability|p2a: Deoxys|Pressure
|turn|17
|
|t:|1781142551
|switch|p1a: Samurott|Samurott-Hisui, M|44/100
|move|p2a: Deoxys|Taunt|p1a: Samurott
|-start|p1a: Samurott|move: Taunt
|
|upkeep
|turn|18
|
|t:|1781142569
|move|p2a: Deoxys|Stealth Rock|p1a: Samurott
|-sidestart|p1: KurisuChestnutLab|move: Stealth Rock
|move|p1a: Samurott|Ceaseless Edge|p2a: Deoxys
|-supereffective|p2a: Deoxys
|-damage|p2a: Deoxys|0 fnt
|-sidestart|p2: dilf huntr|Spikes
|faint|p2a: Deoxys
|
|upkeep
|
|t:|1781142581
|switch|p2a: Dragonite|Dragonite, M, shiny|100/100
|turn|19
|
|t:|1781142584
|move|p1a: Samurott|Ceaseless Edge|p2a: Dragonite
|-damage|p2a: Dragonite|78/100
|-sidestart|p2: dilf huntr|Spikes
|move|p2a: Dragonite|Dragon Dance|p2a: Dragonite
|-boost|p2a: Dragonite|atk|1
|-boost|p2a: Dragonite|spe|1
|
|-end|p1a: Samurott|move: Taunt
|upkeep
|turn|20
|
|t:|1781142588
|move|p2a: Dragonite|Extreme Speed|p1a: Samurott
|-damage|p1a: Samurott|0 fnt
|faint|p1a: Samurott
|
|upkeep
|
|t:|1781142593
|switch|p1a: Clefable|Clefable, M|56/100
|turn|21
|
|t:|1781142597
|move|p2a: Dragonite|Earthquake|p1a: Clefable
|-damage|p1a: Clefable|28/100
|move|p1a: Clefable|Moonlight|p1a: Clefable
|-heal|p1a: Clefable|78/100
|
|upkeep
|turn|22
|
|t:|1781142609
|switch|p2a: Sinistcha|Sinistcha-Masterpiece, shiny|100/100
|move|p1a: Clefable|Moonblast|p2a: Sinistcha
|-damage|p2a: Sinistcha|63/100
|
|upkeep
|turn|23
|
|t:|1781142613
|move|p2a: Sinistcha|Strength Sap|p1a: Clefable
|-unboost|p1a: Clefable|atk|1
|-heal|p2a: Sinistcha|100/100
|move|p1a: Clefable|Thunder Wave|p2a: Sinistcha
|-status|p2a: Sinistcha|par
|
|upkeep
|turn|24
|
|t:|1781142620
|move|p1a: Clefable|Moonblast|p2a: Sinistcha
|-damage|p2a: Sinistcha|66/100 par
|move|p2a: Sinistcha|Calm Mind|p2a: Sinistcha
|-boost|p2a: Sinistcha|spa|1
|-boost|p2a: Sinistcha|spd|1
|
|upkeep
|turn|25
|
|t:|1781142624
|move|p1a: Clefable|Moonblast|p2a: Sinistcha
|-damage|p2a: Sinistcha|28/100 par
|move|p2a: Sinistcha|Matcha Gotcha|p1a: Clefable
|-damage|p1a: Clefable|50/100
|-heal|p2a: Sinistcha|44/100 par|[from] drain|[of] p1a: Clefable
|
|upkeep
|turn|26
|
|t:|1781142629
|move|p1a: Clefable|Moonblast|p2a: Sinistcha
|-damage|p2a: Sinistcha|4/100 par
|move|p2a: Sinistcha|Strength Sap|p1a: Clefable
|-unboost|p1a: Clefable|atk|1
|-heal|p2a: Sinistcha|35/100 par
|
|upkeep
|turn|27
|
|t:|1781142634
|move|p1a: Clefable|Moonblast|p2a: Sinistcha
|-damage|p2a: Sinistcha|0 fnt
|faint|p2a: Sinistcha
|
|upkeep
|-message|dilf huntr forfeited.
|
|win|KurisuChestnutLab
|raw|KurisuChestnutLab's rating: 1572 &rarr; <strong>1592</strong><br />(+20 for winning)
|raw|dilf huntr's rating: 1565 &rarr; <strong>1545</strong><br />(-20 for losing)
|l|☆dilf huntr
|player|p2|
