|j|☆CIodSuspectTest
|j|☆billythekid95
|t:|1781002867
|gametype|singles
|player|p1|CIodSuspectTest|169|1551
|player|p2|billythekid95|265|1500
|gen|9
|tier|[Gen 9] OU
|rated|
|rule|HP Percentage Mod: HP is shown in percentages
|rule|Endless Battle Clause: Forcing endless battles is banned
|rule|Species Clause: Limit one of each Pokémon
|rule|OHKO Clause: OHKO moves are banned
|rule|Evasion Items Clause: Evasion items are banned
|rule|Evasion Moves Clause: Evasion moves are banned
|rule|Evasion Abilities Clause: Evasion abilities are banned
|rule|Sleep Moves Clause: Sleep-inducing moves are banned
|clearpoke
|poke|p1|Zoroark-Hisui, M|
|poke|p1|Zamazenta-*|
|poke|p1|Clodsire, F|
|poke|p1|Ogerpon-Wellspring, F|
|poke|p1|Cinderace, F|
|poke|p1|Deoxys-Speed|
|poke|p2|Quaquaval, M|
|poke|p2|Ninetales-Alola, M|
|poke|p2|Iron Treads|
|poke|p2|Latias, F|
|poke|p2|Ogerpon, F|
|poke|p2|Gholdengo|
|teampreview
|inactive|Battle timer is ON: inactive players will automatically lose when time's up. (requested by CIodSuspectTest)
|
|t:|1781002880
|teamsize|p1|6
|teamsize|p2|6
|start
|switch|p1a: gay lil chud|Cinderace, F|100/100
|switch|p2a: Iron Treads|Iron Treads|100/100
|-enditem|p2a: Iron Treads|Booster Energy
|-activate|p2a: Iron Treads|ability: Quark Drive|[fromitem]
|-start|p2a: Iron Treads|quarkdrivespe
|turn|1
|
|t:|1781002887
|switch|p1a: Clodsire|Clodsire, F|100/100
|-item|p1a: Clodsire|Air Balloon
|move|p2a: Iron Treads|Earthquake|p1a: Clodsire
|-immune|p1a: Clodsire
|
|upkeep
|turn|2
|
|t:|1781002893
|move|p2a: Iron Treads|Ice Spinner|p1a: Clodsire
|-damage|p1a: Clodsire|43/100
|replace|p1a: just zoroark|Zoroark-Hisui, M, shiny
|-end|p1a: just zoroark|Illusion
|-enditem|p1a: just zoroark|Air Balloon
|move|p1a: just zoroark|Will-O-Wisp|p2a: Iron Treads
|-status|p2a: Iron Treads|brn
|
|-damage|p2a: Iron Treads|94/100 brn|[from] brn
|upkeep
|turn|3
|
|t:|1781002903
|move|p2a: Iron Treads|Earthquake|p1a: just zoroark
|-damage|p1a: just zoroark|0 fnt
|faint|p1a: just zoroark
|
|-damage|p2a: Iron Treads|88/100 brn|[from] brn
|upkeep
|
|t:|1781002907
|switch|p1a: Ogerpon|Ogerpon-Wellspring, F|100/100
|turn|4
|
|t:|1781002934
|-end|p2a: Iron Treads|Quark Drive|[silent]
|switch|p2a: Ogerpon|Ogerpon, F|100/100
|move|p1a: Ogerpon|U-turn|p2a: Ogerpon
|-supereffective|p2a: Ogerpon
|-damage|p2a: Ogerpon|28/100
|
|t:|1781002939
|switch|p1a: gay lil chud|Cinderace, F|100/100|[from] U-turn
|
|upkeep
|turn|5
|
|t:|1781002943
|move|p1a: gay lil chud|U-turn|p2a: Ogerpon
|-start|p1a: gay lil chud|typechange|Bug|[from] ability: Libero
|-supereffective|p2a: Ogerpon
|-damage|p2a: Ogerpon|0 fnt
|faint|p2a: Ogerpon
|
|t:|1781002951
|switch|p1a: Ogerpon|Ogerpon-Wellspring, F|100/100|[from] U-turn
|
|upkeep
|j| sry 4 luck
|inactive|billythekid95 has 120 seconds left.
|l| sry 4 luck
|
|t:|1781002998
|switch|p2a: Ninetales|Ninetales-Alola, M|100/100
|-weather|Snowscape|[from] ability: Snow Warning|[of] p2a: Ninetales
|turn|6
|
|t:|1781003002
|move|p1a: Ogerpon|U-turn|p2a: Ninetales
|-resisted|p2a: Ninetales
|-damage|p2a: Ninetales|90/100
|
|t:|1781003004
|switch|p1a: gay lil chud|Cinderace, F|100/100|[from] U-turn
|move|p2a: Ninetales|Aurora Veil|p2a: Ninetales
|-sidestart|p2: billythekid95|move: Aurora Veil
|
|-weather|Snowscape|[upkeep]
|upkeep
|turn|7
|inactive|billythekid95 has 120 seconds left.
|
|t:|1781003016
|move|p1a: gay lil chud|Court Change|p1a: gay lil chud
|-start|p1a: gay lil chud|typechange|Normal|[from] ability: Libero
|-swapsideconditions
|-activate|p1a: gay lil chud|move: Court Change
|move|p2a: Ninetales|Encore|p1a: gay lil chud
|-start|p1a: gay lil chud|Encore
|
|-weather|Snowscape|[upkeep]
|upkeep
|turn|8
|
|t:|1781003023
|switch|p1a: Ogerpon|Ogerpon-Wellspring, F|100/100
|move|p2a: Ninetales|Aurora Veil|p2a: Ninetales
|-sidestart|p2: billythekid95|move: Aurora Veil
|
|-weather|Snowscape|[upkeep]
|upkeep
|turn|9
|inactive|billythekid95 has 120 seconds left.
|inactive|billythekid95 has 90 seconds left.
|
|t:|1781003076
|move|p1a: Ogerpon|U-turn|p2a: Ninetales
|-resisted|p2a: Ninetales
|-damage|p2a: Ninetales|84/100
|
|t:|1781003079
|switch|p1a: gay lil chud|Cinderace, F|100/100|[from] U-turn
|move|p2a: Ninetales|Freeze-Dry|p1a: gay lil chud
|-resisted|p1a: gay lil chud
|-damage|p1a: gay lil chud|93/100
|-status|p1a: gay lil chud|frz
|
|-weather|Snowscape|[upkeep]
|upkeep
|turn|10
|inactive|billythekid95 has 90 seconds left.
|
|t:|1781003101
|switch|p2a: Quaquaval|Quaquaval, M|100/100
|-curestatus|p1a: gay lil chud|frz|[from] move: Pyro Ball
|move|p1a: gay lil chud|Pyro Ball|p2a: Quaquaval
|-resisted|p2a: Quaquaval
|-damage|p2a: Quaquaval|81/100
|
|-weather|none
|upkeep
|turn|11
|
|t:|1781003114
|move|p1a: gay lil chud|Court Change|p1a: gay lil chud
|-start|p1a: gay lil chud|typechange|Normal|[from] ability: Libero
|-swapsideconditions
|-activate|p1a: gay lil chud|move: Court Change
|move|p2a: Quaquaval|Swords Dance|p2a: Quaquaval
|-boost|p2a: Quaquaval|atk|2
|
|upkeep
|turn|12
|inactive|billythekid95 has 90 seconds left.
|
|t:|1781003120
|move|p1a: gay lil chud|Gunk Shot|p2a: Quaquaval
|-crit|p2a: Quaquaval
|-damage|p2a: Quaquaval|2/100
|move|p2a: Quaquaval|Aqua Step|p1a: gay lil chud
|-damage|p1a: gay lil chud|34/100
|-boost|p2a: Quaquaval|spe|1
|
|upkeep
|turn|13
|
|t:|1781003131
|move|p2a: Quaquaval|Aqua Step|p1a: gay lil chud
|-damage|p1a: gay lil chud|0 fnt
|-boost|p2a: Quaquaval|spe|1
|faint|p1a: gay lil chud
|-ability|p2a: Quaquaval|Moxie|boost
|-boost|p2a: Quaquaval|atk|1
|
|-sideend|p2: billythekid95|move: Aurora Veil
|upkeep
|
|t:|1781003135
|switch|p1a: Clodsire|Clodsire, F|100/100
|turn|14
|
|t:|1781003142
|move|p2a: Quaquaval|Triple Axel|p1a: Clodsire
|-supereffective|p1a: Clodsire
|-damage|p1a: Clodsire|93/100
|-supereffective|p1a: Clodsire
|-damage|p1a: Clodsire|77/100
|-supereffective|p1a: Clodsire
|-damage|p1a: Clodsire|54/100
|-hitcount|p1a: Clodsire|3
|move|p1a: Clodsire|Toxic|p2a: Quaquaval
|-status|p2a: Quaquaval|tox
|-enditem|p2a: Quaquaval|Lum Berry|[eat]
|-curestatus|p2a: Quaquaval|tox|[msg]
|
|-heal|p1a: Clodsire|60/100|[from] item: Leftovers
|upkeep
|turn|15
|
|t:|1781003154
|move|p2a: Quaquaval|Aqua Step|p1a: Clodsire
|-supereffective|p1a: Clodsire
|-damage|p1a: Clodsire|14/100
|-boost|p2a: Quaquaval|spe|1
|move|p1a: Clodsire|Toxic|p2a: Quaquaval
|-status|p2a: Quaquaval|tox
|
|-heal|p1a: Clodsire|20/100|[from] item: Leftovers
|-damage|p2a: Quaquaval|0 fnt|[from] psn
|faint|p2a: Quaquaval
|-sideend|p1: CIodSuspectTest|move: Aurora Veil
|upkeep
|
|t:|1781003166
|switch|p2a: Gholdengo|Gholdengo|100/100
|turn|16
|
|t:|1781003169
|move|p2a: Gholdengo|Shadow Ball|p1a: Clodsire
|-damage|p1a: Clodsire|0 fnt
|faint|p1a: Clodsire
|
|upkeep
|
|t:|1781003171
|switch|p1a: Ogerpon|Ogerpon-Wellspring, F|100/100
|turn|17
|inactive|billythekid95 has 120 seconds left.
|
|t:|1781003193
|move|p2a: Gholdengo|Shadow Ball|p1a: Ogerpon
|-damage|p1a: Ogerpon|52/100
|move|p1a: Ogerpon|Ivy Cudgel|p2a: Gholdengo|[anim] Ivy Cudgel Water
|-damage|p2a: Gholdengo|34/100
|
|upkeep
|turn|18
|
|t:|1781003199
|move|p2a: Gholdengo|Shadow Ball|p1a: Ogerpon
|-damage|p1a: Ogerpon|0 fnt
|faint|p1a: Ogerpon
|
|upkeep
|
|t:|1781003203
|switch|p1a: Zamazenta|Zamazenta|100/100
|-ability|p1a: Zamazenta|Dauntless Shield|boost
|-boost|p1a: Zamazenta|def|1
|turn|19
|inactive|billythekid95 has 120 seconds left.
|
|t:|1781003214
|switch|p2a: Iron Treads|Iron Treads|88/100 brn
|move|p1a: Zamazenta|Crunch|p2a: Iron Treads
|-damage|p2a: Iron Treads|60/100 brn
|-unboost|p2a: Iron Treads|def|1
|
|-damage|p2a: Iron Treads|53/100 brn|[from] brn
|upkeep
|turn|20
|inactive|billythekid95 has 120 seconds left.
|
|t:|1781003224
|-terastallize|p1a: Zamazenta|Steel
|move|p1a: Zamazenta|Iron Head|p2a: Iron Treads
|-resisted|p2a: Iron Treads
|-damage|p2a: Iron Treads|23/100 brn
|move|p2a: Iron Treads|Stealth Rock|p1a: Zamazenta
|-sidestart|p1: CIodSuspectTest|move: Stealth Rock
|
|-damage|p2a: Iron Treads|16/100 brn|[from] brn
|upkeep
|turn|21
|
|t:|1781003232
|move|p1a: Zamazenta|Iron Head|p2a: Iron Treads
|-resisted|p2a: Iron Treads
|-damage|p2a: Iron Treads|0 fnt
|faint|p2a: Iron Treads
|-end|p2a: Iron Treads|Quark Drive|[silent]
|
|upkeep
|
|t:|1781003238
|switch|p2a: Gholdengo|Gholdengo|34/100
|turn|22
|
|t:|1781003242
|move|p2a: Gholdengo|Trick|p1a: Zamazenta
|-activate|p2a: Gholdengo|move: Trick|[of] p1a: Zamazenta
|-item|p1a: Zamazenta|Choice Scarf|[from] move: Trick
|-item|p2a: Gholdengo|Assault Vest|[from] move: Trick
|move|p1a: Zamazenta|Crunch|p2a: Gholdengo
|-supereffective|p2a: Gholdengo
|-damage|p2a: Gholdengo|0 fnt
|faint|p2a: Gholdengo
|
|upkeep
|
|t:|1781003249
|switch|p2a: Ninetales|Ninetales-Alola, M|84/100
|-weather|Snowscape|[from] ability: Snow Warning|[of] p2a: Ninetales
|turn|23
|
|t:|1781003254
|switch|p1a: Deoxys|Deoxys-Speed|100/100
|-damage|p1a: Deoxys|88/100|[from] Stealth Rock
|-ability|p1a: Deoxys|Pressure
|move|p2a: Ninetales|Aurora Veil|p2a: Ninetales
|-sidestart|p2: billythekid95|move: Aurora Veil
|
|-weather|Snowscape|[upkeep]
|upkeep
|turn|24
|
|t:|1781003281
|move|p1a: Deoxys|Psycho Boost|p2a: Ninetales
|-damage|p2a: Ninetales|47/100
|-unboost|p1a: Deoxys|spa|2
|-damage|p1a: Deoxys|78/100|[from] item: Life Orb
|move|p2a: Ninetales|Moonblast|p1a: Deoxys
|-damage|p1a: Deoxys|39/100
|-unboost|p1a: Deoxys|spa|1
|
|-weather|Snowscape|[upkeep]
|upkeep
|turn|25
|
|t:|1781003291
|switch|p1a: Zamazenta|Zamazenta, tera:Steel|100/100
|-damage|p1a: Zamazenta|94/100|[from] Stealth Rock
|move|p2a: Ninetales|Moonblast|p1a: Zamazenta
|-resisted|p1a: Zamazenta
|-damage|p1a: Zamazenta|81/100
|-unboost|p1a: Zamazenta|spa|1
|
|-weather|Snowscape|[upkeep]
|upkeep
|turn|26
|
|t:|1781003299
|move|p1a: Zamazenta|Iron Head|p2a: Ninetales
|-supereffective|p2a: Ninetales
|-damage|p2a: Ninetales|0 fnt
|faint|p2a: Ninetales
|
|-weather|Snowscape|[upkeep]
|upkeep
|
|t:|1781003304
|switch|p2a: Latias|Latias, F|100/100
|turn|27
|
|t:|1781003307
|move|p1a: Zamazenta|Iron Head|p2a: Latias
|-damage|p2a: Latias|85/100
|cant|p2a: Latias|flinch
|
|-weather|none
|-heal|p2a: Latias|91/100|[from] item: Leftovers
|upkeep
|turn|28
|
|t:|1781003313
|move|p1a: Zamazenta|Iron Head|p2a: Latias
|-damage|p2a: Latias|73/100
|move|p2a: Latias|Agility|p2a: Latias
|-boost|p2a: Latias|spe|2
|
|-heal|p2a: Latias|79/100|[from] item: Leftovers
|upkeep
|turn|29
|
|t:|1781003321
|switch|p1a: Deoxys|Deoxys-Speed|39/100
|-damage|p1a: Deoxys|27/100|[from] Stealth Rock
|-ability|p1a: Deoxys|Pressure
|move|p2a: Latias|Agility|p2a: Latias
|-boost|p2a: Latias|spe|2
|
|-heal|p2a: Latias|85/100|[from] item: Leftovers
|upkeep
|turn|30
|
|t:|1781003331
|move|p2a: Latias|Stored Power|p1a: Deoxys
|-resisted|p1a: Deoxys
|-damage|p1a: Deoxys|2/100
|move|p1a: Deoxys|Ice Beam|p2a: Latias
|-supereffective|p2a: Latias
|-damage|p2a: Latias|59/100
|-damage|p1a: Deoxys|0 fnt|[from] item: Life Orb
|faint|p1a: Deoxys
|
|-heal|p2a: Latias|66/100|[from] item: Leftovers
|-sideend|p2: billythekid95|move: Aurora Veil
|upkeep
|
|t:|1781003340
|switch|p1a: Zamazenta|Zamazenta, tera:Steel|81/100
|-damage|p1a: Zamazenta|74/100|[from] Stealth Rock
|turn|31
|
|t:|1781003346
|-terastallize|p2a: Latias|Fairy
|move|p2a: Latias|Calm Mind|p2a: Latias
|-boost|p2a: Latias|spa|1
|-boost|p2a: Latias|spd|1
|move|p1a: Zamazenta|Crunch|p2a: Latias
|-resisted|p2a: Latias
|-damage|p2a: Latias|54/100
|-unboost|p2a: Latias|def|1
|
|-heal|p2a: Latias|61/100|[from] item: Leftovers
|upkeep
|turn|32
|
|t:|1781003356
|move|p2a: Latias|Calm Mind|p2a: Latias
|-boost|p2a: Latias|spa|1
|-boost|p2a: Latias|spd|1
|move|p1a: Zamazenta|Crunch|p2a: Latias
|-resisted|p2a: Latias
|-damage|p2a: Latias|45/100
|
|-heal|p2a: Latias|51/100|[from] item: Leftovers
|upkeep
|turn|33
|
|t:|1781003363
|move|p2a: Latias|Stored Power|p1a: Zamazenta
|-resisted|p1a: Zamazenta
|-damage|p1a: Zamazenta|10/100
|move|p1a: Zamazenta|Crunch|p2a: Latias
|-resisted|p2a: Latias
|-damage|p2a: Latias|34/100
|
|-heal|p2a: Latias|40/100|[from] item: Leftovers
|upkeep
|turn|34
|-message|CIodSuspectTest forfeited.
|
|win|billythekid95
|raw|CIodSuspectTest's rating: 1551 &rarr; <strong>1528</strong><br />(-23 for losing)
|raw|billythekid95's rating: 1500 &rarr; <strong>1523</strong><br />(+23 for winning)
|l|☆CIodSuspectTest
|player|p1|
|l|☆billythekid95
|player|p2|
