|j|☆uncle brown
|j|☆afdragonite
|t:|1781484847
|gametype|singles
|player|p1|uncle brown|2|1484
|player|p2|afdragonite|gentleman-gen4dp|1523
|gen|9
|tier|[Gen 9] OU
|rated|
|rule|HP Percentage Mod: HP is shown in percentages
|rule|Endless Battle Clause: Forcing endless battles is banned
|rule|Species Clause: Limit one of each Pokémon
|rule|OHKO Clause: OHKO moves are banned
|rule|Evasion Items Clause: Evasion items are banned
|rule|Evasion Moves Clause: Evasion moves are banned
|rule|Evasion Abilities Clause: Evasion abilities are banned
|rule|Sleep Moves Clause: Sleep-inducing moves are banned
|clearpoke
|poke|p1|Weavile, F|
|poke|p1|Garchomp, F|
|poke|p1|Corviknight, M|
|poke|p1|Hatterene, F|
|poke|p1|Heatran, F|
|poke|p1|Iron Valiant|
|poke|p2|Rillaboom, M|
|poke|p2|Ogerpon, F|
|poke|p2|Hawlucha, F|
|poke|p2|Slowking-Galar, F|
|poke|p2|Great Tusk|
|poke|p2|Cloyster, F|
|teampreview
|inactive|Battle timer is ON: inactive players will automatically lose when time's up. (requested by afdragonite)
|
|t:|1781484859
|teamsize|p1|6
|teamsize|p2|6
|start
|switch|p1a: Weavile|Weavile, F|100/100
|switch|p2a: Cloyster|Cloyster, F|100/100
|-ability|p1a: Weavile|Pressure
|turn|1
|
|t:|1781484868
|move|p1a: Weavile|Knock Off|p2a: Cloyster
|-damage|p2a: Cloyster|41/100
|-enditem|p2a: Cloyster|Focus Sash|[from] move: Knock Off|[of] p1a: Weavile
|move|p2a: Cloyster|Shell Smash|p2a: Cloyster
|-unboost|p2a: Cloyster|def|1
|-unboost|p2a: Cloyster|spd|1
|-boost|p2a: Cloyster|atk|2
|-boost|p2a: Cloyster|spa|2
|-boost|p2a: Cloyster|spe|2
|
|upkeep
|turn|2
|
|t:|1781484872
|move|p2a: Cloyster|Rock Blast|p1a: Weavile
|-supereffective|p1a: Weavile
|-damage|p1a: Weavile|44/100
|-supereffective|p1a: Weavile
|-damage|p1a: Weavile|0 fnt
|faint|p1a: Weavile
|-hitcount|p1: Weavile|2
|
|upkeep
|
|t:|1781484875
|switch|p1a: Iron Valiant|Iron Valiant|100/100
|turn|3
|
|t:|1781484879
|-terastallize|p2a: Cloyster|Ghost
|move|p1a: Iron Valiant|Moonblast|p2a: Cloyster
|-damage|p2a: Cloyster|0 fnt
|faint|p2a: Cloyster
|
|upkeep
|
|t:|1781484891
|switch|p2a: Slowking|Slowking-Galar, F|100/100
|-item|p2a: Slowking|Air Balloon
|turn|4
|
|t:|1781484897
|-end|p1a: Iron Valiant|Quark Drive|[silent]
|switch|p1a: Heatran|Heatran, F|100/100
|move|p2a: Slowking|Flamethrower|p1a: Heatran
|-start|p1a: Heatran|ability: Flash Fire
|
|upkeep
|turn|5
|
|t:|1781484902
|move|p1a: Heatran|Magma Storm|p2a: Slowking
|-damage|p2a: Slowking|52/100
|-activate|p2a: Slowking|move: Magma Storm|[of] p1a: Heatran
|-enditem|p2a: Slowking|Air Balloon
|move|p2a: Slowking|Psychic Noise|p1a: Heatran
|-resisted|p1a: Heatran
|-damage|p1a: Heatran|91/100
|-start|p1a: Heatran|move: Heal Block
|
|-damage|p2a: Slowking|39/100|[from] move: Magma Storm|[partiallytrapped]
|upkeep
|turn|6
|
|t:|1781484907
|move|p1a: Heatran|Taunt|p2a: Slowking
|-start|p2a: Slowking|move: Taunt
|move|p2a: Slowking|Psychic Noise|p1a: Heatran
|-resisted|p1a: Heatran
|-damage|p1a: Heatran|83/100
|
|-damage|p2a: Slowking|27/100|[from] move: Magma Storm|[partiallytrapped]
|-end|p1a: Heatran|move: Heal Block
|upkeep
|turn|7
|
|t:|1781484913
|move|p1a: Heatran|Earth Power|p2a: Slowking
|-supereffective|p2a: Slowking
|-damage|p2a: Slowking|0 fnt
|faint|p2a: Slowking
|
|-heal|p1a: Heatran|89/100|[from] item: Leftovers
|upkeep
|
|t:|1781484916
|switch|p2a: Great Tusk|Great Tusk|100/100
|-enditem|p2a: Great Tusk|Booster Energy
|-activate|p2a: Great Tusk|ability: Protosynthesis|[fromitem]
|-start|p2a: Great Tusk|protosynthesisatk
|turn|8
|
|t:|1781484922
|-end|p1a: Heatran|ability: Flash Fire|[silent]
|switch|p1a: Corviknight|Corviknight, M|100/100
|-ability|p1a: Corviknight|Pressure
|move|p2a: Great Tusk|Close Combat|p1a: Corviknight
|-damage|p1a: Corviknight|33/100
|-unboost|p2a: Great Tusk|def|1
|-unboost|p2a: Great Tusk|spd|1
|
|-heal|p1a: Corviknight|39/100|[from] item: Leftovers
|upkeep
|turn|9
|
|t:|1781484926
|switch|p1a: Garchomp|Garchomp, F|100/100
|move|p2a: Great Tusk|Close Combat|p1a: Garchomp
|-damage|p1a: Garchomp|52/100
|-unboost|p2a: Great Tusk|def|1
|-unboost|p2a: Great Tusk|spd|1
|-damage|p2a: Great Tusk|88/100|[from] ability: Rough Skin|[of] p1a: Garchomp
|-damage|p2a: Great Tusk|72/100|[from] item: Rocky Helmet|[of] p1a: Garchomp
|
|upkeep
|turn|10
|
|t:|1781484930
|move|p2a: Great Tusk|Ice Spinner|p1a: Garchomp
|-supereffective|p1a: Garchomp
|-damage|p1a: Garchomp|0 fnt
|-damage|p2a: Great Tusk|59/100|[from] ability: Rough Skin|[of] p1a: Garchomp
|-damage|p2a: Great Tusk|43/100|[from] item: Rocky Helmet|[of] p1a: Garchomp
|faint|p1a: Garchomp
|
|upkeep
|
|t:|1781484932
|switch|p1a: Iron Valiant|Iron Valiant|100/100
|turn|11
|
|t:|1781484938
|-end|p2a: Great Tusk|Protosynthesis|[silent]
|switch|p2a: Rillaboom|Rillaboom, M|100/100
|-fieldstart|move: Grassy Terrain|[from] ability: Grassy Surge|[of] p2a: Rillaboom
|move|p1a: Iron Valiant|Moonblast|p2a: Rillaboom
|-damage|p2a: Rillaboom|35/100
|-unboost|p2a: Rillaboom|spa|1
|
|-heal|p2a: Rillaboom|41/100|[from] Grassy Terrain
|upkeep
|turn|12
|
|t:|1781484943
|-end|p1a: Iron Valiant|Quark Drive|[silent]
|switch|p1a: Corviknight|Corviknight, M|39/100
|-ability|p1a: Corviknight|Pressure
|move|p2a: Rillaboom|Wood Hammer|p1a: Corviknight
|-resisted|p1a: Corviknight
|-damage|p1a: Corviknight|10/100
|-damage|p2a: Rillaboom|30/100|[from] Recoil
|
|-heal|p2a: Rillaboom|36/100|[from] Grassy Terrain
|-heal|p1a: Corviknight|17/100|[from] item: Leftovers
|upkeep
|turn|13
|
|t:|1781484946
|move|p2a: Rillaboom|Wood Hammer|p1a: Corviknight
|-resisted|p1a: Corviknight
|-damage|p1a: Corviknight|0 fnt
|faint|p1a: Corviknight
|-damage|p2a: Rillaboom|30/100|[from] Recoil
|
|-heal|p2a: Rillaboom|36/100|[from] Grassy Terrain
|upkeep
|
|t:|1781484949
|switch|p1a: Iron Valiant|Iron Valiant|100/100
|turn|14
|
|t:|1781484954
|switch|p2a: Ogerpon|Ogerpon, F|100/100
|move|p1a: Iron Valiant|Moonblast|p2a: Ogerpon
|-damage|p2a: Ogerpon|44/100
|
|-heal|p2a: Ogerpon|50/100|[from] Grassy Terrain
|upkeep
|turn|15
|
|t:|1781484958
|move|p1a: Iron Valiant|Moonblast|p2a: Ogerpon
|-damage|p2a: Ogerpon|0 fnt
|faint|p2a: Ogerpon
|
|-fieldend|move: Grassy Terrain
|upkeep
|
|t:|1781484960
|switch|p2a: Rillaboom|Rillaboom, M|36/100
|-fieldstart|move: Grassy Terrain|[from] ability: Grassy Surge|[of] p2a: Rillaboom
|turn|16
|
|t:|1781484962
|-end|p1a: Iron Valiant|Quark Drive|[silent]
|switch|p1a: Heatran|Heatran, F|89/100
|move|p2a: Rillaboom|Grassy Glide|p1a: Heatran
|-resisted|p1a: Heatran
|-damage|p1a: Heatran|76/100
|
|-heal|p2a: Rillaboom|42/100|[from] Grassy Terrain
|-heal|p1a: Heatran|82/100|[from] Grassy Terrain
|-heal|p1a: Heatran|88/100|[from] item: Leftovers
|upkeep
|turn|17
|
|t:|1781484965
|switch|p2a: Hawlucha|Hawlucha, F|100/100
|-enditem|p2a: Hawlucha|Grassy Seed
|-boost|p2a: Hawlucha|def|1|[from] item: Grassy Seed
|move|p1a: Heatran|Will-O-Wisp|p2a: Hawlucha
|-status|p2a: Hawlucha|brn
|
|-heal|p1a: Heatran|95/100|[from] Grassy Terrain
|-heal|p1a: Heatran|100/100|[from] item: Leftovers
|-damage|p2a: Hawlucha|94/100 brn|[from] brn
|upkeep
|turn|18
|
|t:|1781484971
|move|p2a: Hawlucha|Encore|p1a: Heatran
|-start|p1a: Heatran|Encore
|move|p1a: Heatran|Will-O-Wisp|p2a: Hawlucha
|-fail|p2a: Hawlucha|brn
|
|-damage|p2a: Hawlucha|88/100 brn|[from] brn
|upkeep
|turn|19
|
|t:|1781484976
|switch|p1a: Hatterene|Hatterene, F|100/100
|move|p2a: Hawlucha|Swords Dance|p2a: Hawlucha
|-boost|p2a: Hawlucha|atk|2
|
|-damage|p2a: Hawlucha|82/100 brn|[from] brn
|upkeep
|turn|20
|
|t:|1781484980
|move|p2a: Hawlucha|Acrobatics|p1a: Hatterene
|-damage|p1a: Hatterene|46/100
|move|p1a: Hatterene|Psychic Noise|p2a: Hawlucha
|-supereffective|p2a: Hawlucha
|-damage|p2a: Hawlucha|0 fnt
|faint|p2a: Hawlucha
|
|-heal|p1a: Hatterene|52/100|[from] Grassy Terrain
|-fieldend|move: Grassy Terrain
|upkeep
|
|t:|1781484983
|switch|p2a: Great Tusk|Great Tusk|43/100
|turn|21
|
|t:|1781484986
|move|p2a: Great Tusk|Headlong Rush|p1a: Hatterene
|-damage|p1a: Hatterene|0 fnt
|-unboost|p2a: Great Tusk|def|1
|-unboost|p2a: Great Tusk|spd|1
|faint|p1a: Hatterene
|
|upkeep
|
|t:|1781484988
|switch|p1a: Iron Valiant|Iron Valiant|100/100
|turn|22
|
|t:|1781484991
|move|p1a: Iron Valiant|Moonblast|p2a: Great Tusk
|-supereffective|p2a: Great Tusk
|-damage|p2a: Great Tusk|0 fnt
|faint|p2a: Great Tusk
|-end|p2a: Great Tusk|Protosynthesis|[silent]
|
|upkeep
|
|t:|1781484993
|switch|p2a: Rillaboom|Rillaboom, M|42/100
|-fieldstart|move: Grassy Terrain|[from] ability: Grassy Surge|[of] p2a: Rillaboom
|turn|23
|
|t:|1781484996
|move|p2a: Rillaboom|Grassy Glide|p1a: Iron Valiant
|-damage|p1a: Iron Valiant|30/100
|move|p1a: Iron Valiant|Moonblast|p2a: Rillaboom
|-damage|p2a: Rillaboom|0 fnt
|faint|p2a: Rillaboom
|
|win|uncle brown
|raw|uncle brown's rating: 1484 &rarr; <strong>1506</strong><br />(+22 for winning)
|raw|afdragonite's rating: 1523 &rarr; <strong>1501</strong><br />(-22 for losing)
|l|☆afdragonite
|player|p2|
