|j|☆A4555
|j|☆Joegirl
|t:|1781118049
|gametype|singles
|player|p1|A4555|sisandbro|1526
|player|p2|Joegirl|1|1499
|gen|9
|tier|[Gen 9] OU
|rated|
|rule|HP Percentage Mod: HP is shown in percentages
|rule|Endless Battle Clause: Forcing endless battles is banned
|rule|Species Clause: Limit one of each Pokémon
|rule|OHKO Clause: OHKO moves are banned
|rule|Evasion Items Clause: Evasion items are banned
|rule|Evasion Moves Clause: Evasion moves are banned
|rule|Evasion Abilities Clause: Evasion abilities are banned
|rule|Sleep Moves Clause: Sleep-inducing moves are banned
|clearpoke
|poke|p1|Cinderace, M|
|poke|p1|Zapdos|
|poke|p1|Kingambit, F|
|poke|p1|Kyurem|
|poke|p1|Great Tusk|
|poke|p1|Slowking-Galar, F|
|poke|p2|Hatterene, F|
|poke|p2|Oricorio-Pom-Pom, F|
|poke|p2|Grimmsnarl, M|
|poke|p2|Cinderace, M|
|poke|p2|Gliscor, F|
|poke|p2|Dragonite, F|
|teampreview
|inactive|Battle timer is ON: inactive players will automatically lose when time's up. (requested by A4555)
|
|t:|1781118075
|teamsize|p1|6
|teamsize|p2|6
|start
|switch|p1a: Slowking|Slowking-Galar, F|100/100
|switch|p2a: Cinderace|Cinderace, M|100/100
|turn|1
|
|t:|1781118080
|move|p2a: Cinderace|Pyro Ball|p1a: Slowking
|-damage|p1a: Slowking|53/100
|-prepare|p1a: Slowking|Chilly Reception|[premajor]
|move|p1a: Slowking|Chilly Reception|p1a: Slowking
|-weather|Snowscape
|
|t:|1781118087
|switch|p1a: Great Tusk|Great Tusk|100/100|[from] Chilly Reception
|
|-weather|Snowscape|[upkeep]
|upkeep
|turn|2
|
|t:|1781118093
|move|p2a: Cinderace|Will-O-Wisp|p1a: Great Tusk
|-status|p1a: Great Tusk|brn
|move|p1a: Great Tusk|Headlong Rush|p2a: Cinderace
|-supereffective|p2a: Cinderace
|-damage|p2a: Cinderace|23/100
|-unboost|p1a: Great Tusk|def|1
|-unboost|p1a: Great Tusk|spd|1
|
|-weather|Snowscape|[upkeep]
|-damage|p1a: Great Tusk|94/100 brn|[from] brn
|upkeep
|turn|3
|
|t:|1781118099
|move|p2a: Cinderace|U-turn|p1a: Great Tusk
|-start|p2a: Cinderace|typechange|Bug|[from] ability: Libero
|-resisted|p1a: Great Tusk
|-damage|p1a: Great Tusk|80/100 brn
|
|t:|1781118102
|switch|p2a: Hatterene|Hatterene, F|100/100|[from] U-turn
|move|p1a: Great Tusk|Rapid Spin|p2a: Hatterene
|-damage|p2a: Hatterene|94/100
|-boost|p1a: Great Tusk|spe|1
|
|-weather|Snowscape|[upkeep]
|-heal|p1a: Great Tusk|86/100 brn|[from] item: Leftovers
|-damage|p1a: Great Tusk|80/100 brn|[from] brn
|upkeep
|turn|4
|
|t:|1781118107
|-end|p1a: Great Tusk|Protosynthesis|[silent]
|switch|p1a: Slowking|Slowking-Galar, F|86/100
|move|p2a: Hatterene|Calm Mind|p2a: Hatterene
|-boost|p2a: Hatterene|spa|1
|-boost|p2a: Hatterene|spd|1
|
|-weather|Snowscape|[upkeep]
|upkeep
|turn|5
|
|t:|1781118111
|move|p2a: Hatterene|Nuzzle|p1a: Slowking
|-damage|p1a: Slowking|82/100
|-status|p1a: Slowking|par
|move|p1a: Slowking|Sludge Bomb|p2a: Hatterene
|-supereffective|p2a: Hatterene
|-damage|p2a: Hatterene|43/100
|
|-weather|none
|upkeep
|turn|6
|l|☆A4555
|inactive|A4555 disconnected and has a minute to reconnect!
|player|p1|
|
|t:|1781118131
|switch|p2a: Grimmsnarl|Grimmsnarl, M|100/100
|move|p1a: Slowking|Sludge Bomb|p2a: Grimmsnarl
|-supereffective|p2a: Grimmsnarl
|-damage|p2a: Grimmsnarl|21/100
|
|upkeep
|turn|7
|j|☆A4555
|inactive|A4555 reconnected and has 140 seconds left.
|player|p1|A4555|sisandbro|
|
|t:|1781118146
|move|p2a: Grimmsnarl|Light Screen|p2a: Grimmsnarl
|-sidestart|p2: Joegirl|move: Light Screen
|move|p1a: Slowking|Sludge Bomb|p2a: Grimmsnarl
|-supereffective|p2a: Grimmsnarl
|-crit|p2a: Grimmsnarl
|-damage|p2a: Grimmsnarl|0 fnt
|faint|p2a: Grimmsnarl
|
|upkeep
|
|t:|1781118148
|switch|p2a: Oricorio|Oricorio-Pom-Pom, F|100/100
|turn|8
|
|t:|1781118151
|move|p2a: Oricorio|Quiver Dance|p2a: Oricorio
|-boost|p2a: Oricorio|spa|1
|-boost|p2a: Oricorio|spd|1
|-boost|p2a: Oricorio|spe|1
|-prepare|p1a: Slowking|Chilly Reception|[premajor]
|cant|p1a: Slowking|par
|
|upkeep
|turn|9
|
|t:|1781118153
|move|p2a: Oricorio|Quiver Dance|p2a: Oricorio
|-boost|p2a: Oricorio|spa|1
|-boost|p2a: Oricorio|spd|1
|-boost|p2a: Oricorio|spe|1
|-prepare|p1a: Slowking|Chilly Reception|[premajor]
|cant|p1a: Slowking|par
|
|upkeep
|turn|10
|
|t:|1781118156
|move|p2a: Oricorio|Quiver Dance|p2a: Oricorio
|-boost|p2a: Oricorio|spa|1
|-boost|p2a: Oricorio|spd|1
|-boost|p2a: Oricorio|spe|1
|-prepare|p1a: Slowking|Chilly Reception|[premajor]
|move|p1a: Slowking|Chilly Reception|p1a: Slowking
|-weather|Snowscape
|
|t:|1781118175
|switch|p1a: Cinderace|Cinderace, M|100/100|[from] Chilly Reception
|
|-weather|Snowscape|[upkeep]
|upkeep
|turn|11
|
|t:|1781118178
|move|p2a: Oricorio|Revelation Dance|p1a: Cinderace
|-damage|p1a: Cinderace|16/100
|move|p1a: Cinderace|U-turn|p2a: Oricorio
|-resisted|p2a: Oricorio
|-damage|p2a: Oricorio|93/100
|
|t:|1781118199
|switch|p1a: Kingambit|Kingambit, F|100/100|[from] U-turn
|
|-weather|Snowscape|[upkeep]
|upkeep
|turn|12
|
|t:|1781118211
|move|p1a: Kingambit|Sucker Punch|p2a: Oricorio
|-damage|p2a: Oricorio|60/100
|move|p2a: Oricorio|Revelation Dance|p1a: Kingambit
|-damage|p1a: Kingambit|15/100
|
|-weather|Snowscape|[upkeep]
|-heal|p1a: Kingambit|21/100|[from] item: Leftovers
|upkeep
|turn|13
|
|t:|1781118224
|move|p1a: Kingambit|Sucker Punch|p2a: Oricorio
|-damage|p2a: Oricorio|24/100
|move|p2a: Oricorio|Revelation Dance|p1a: Kingambit
|-damage|p1a: Kingambit|0 fnt
|faint|p1a: Kingambit
|-end|p1a: Kingambit|fallenundefined|[silent]
|
|-weather|Snowscape|[upkeep]
|upkeep
|
|t:|1781118234
|switch|p1a: Kyurem|Kyurem|100/100
|-ability|p1a: Kyurem|Pressure
|turn|14
|
|t:|1781118236
|move|p2a: Oricorio|Roost|p2a: Oricorio
|-heal|p2a: Oricorio|74/100
|-singleturn|p2a: Oricorio|move: Roost
|move|p1a: Kyurem|Ice Beam|p2a: Oricorio
|-damage|p2a: Oricorio|54/100
|
|-weather|none
|-sideend|p2: Joegirl|move: Light Screen
|upkeep
|turn|15
|
|t:|1781118245
|move|p2a: Oricorio|Air Slash|p1a: Kyurem
|-damage|p1a: Kyurem|43/100
|cant|p1a: Kyurem|flinch
|
|upkeep
|turn|16
|
|t:|1781118249
|move|p2a: Oricorio|Air Slash|p1a: Kyurem
|-damage|p1a: Kyurem|0 fnt
|faint|p1a: Kyurem
|
|upkeep
|
|t:|1781118254
|switch|p1a: Zapdos|Zapdos, shiny|100/100
|turn|17
|c|☆Joegirl|I live it btw
|
|t:|1781118268
|move|p2a: Oricorio|Air Slash|p1a: Zapdos
|-resisted|p1a: Zapdos
|-damage|p1a: Zapdos|71/100
|move|p1a: Zapdos|Volt Switch|p2a: Oricorio
|-crit|p2a: Oricorio
|-damage|p2a: Oricorio|0 fnt
|faint|p2a: Oricorio
|
|t:|1781118275
|switch|p1a: Cinderace|Cinderace, M|16/100|[from] Volt Switch
|
|upkeep
|
|t:|1781118290
|switch|p2a: Cinderace|Cinderace, M|23/100
|turn|18
|
|t:|1781118294
|switch|p2a: Gliscor|Gliscor, F|100/100
|switch|p1a: Great Tusk|Great Tusk|80/100 brn
|
|-heal|p1a: Great Tusk|86/100 brn|[from] item: Leftovers
|-damage|p1a: Great Tusk|80/100 brn|[from] brn
|-status|p2a: Gliscor|tox|[from] item: Toxic Orb
|upkeep
|turn|19
|
|t:|1781118303
|move|p1a: Great Tusk|Ice Spinner|p2a: Gliscor
|-supereffective|p2a: Gliscor
|-damage|p2a: Gliscor|56/100 tox
|move|p2a: Gliscor|Agility|p2a: Gliscor
|-boost|p2a: Gliscor|spe|2
|
|-heal|p1a: Great Tusk|86/100 brn|[from] item: Leftovers
|-heal|p2a: Gliscor|69/100 tox|[from] ability: Poison Heal
|-damage|p1a: Great Tusk|80/100 brn|[from] brn
|upkeep
|turn|20
|
|t:|1781118315
|-terastallize|p2a: Gliscor|Normal
|move|p2a: Gliscor|Swords Dance|p2a: Gliscor
|-boost|p2a: Gliscor|atk|2
|move|p1a: Great Tusk|Ice Spinner|p2a: Gliscor
|-damage|p2a: Gliscor|58/100 tox
|
|-heal|p1a: Great Tusk|86/100 brn|[from] item: Leftovers
|-heal|p2a: Gliscor|70/100 tox|[from] ability: Poison Heal
|-damage|p1a: Great Tusk|80/100 brn|[from] brn
|upkeep
|turn|21
|
|t:|1781118323
|move|p2a: Gliscor|Facade|p1a: Great Tusk
|-damage|p1a: Great Tusk|6/100 brn
|move|p1a: Great Tusk|Close Combat|p2a: Gliscor
|-supereffective|p2a: Gliscor
|-damage|p2a: Gliscor|19/100 tox
|-unboost|p1a: Great Tusk|def|1
|-unboost|p1a: Great Tusk|spd|1
|
|-heal|p1a: Great Tusk|12/100 brn|[from] item: Leftovers
|-heal|p2a: Gliscor|32/100 tox|[from] ability: Poison Heal
|-damage|p1a: Great Tusk|6/100 brn|[from] brn
|upkeep
|turn|22
|
|t:|1781118328
|move|p2a: Gliscor|Facade|p1a: Great Tusk
|-damage|p1a: Great Tusk|0 fnt
|faint|p1a: Great Tusk
|-end|p1a: Great Tusk|Protosynthesis|[silent]
|
|-heal|p2a: Gliscor|44/100 tox|[from] ability: Poison Heal
|upkeep
|
|t:|1781118335
|switch|p1a: Zapdos|Zapdos, shiny|71/100
|turn|23
|
|t:|1781118339
|move|p2a: Gliscor|Facade|p1a: Zapdos
|-damage|p1a: Zapdos|0 fnt
|faint|p1a: Zapdos
|
|-heal|p2a: Gliscor|57/100 tox|[from] ability: Poison Heal
|upkeep
|-message|A4555 forfeited.
|
|win|Joegirl
|raw|A4555's rating: 1526 &rarr; <strong>1504</strong><br />(-22 for losing)
|raw|Joegirl's rating: 1499 &rarr; <strong>1521</strong><br />(+22 for winning)
|l|☆A4555
|player|p1|
