|j|☆wubbybubbyjr
|j|☆AnonymousJon
|t:|1781050762
|gametype|singles
|player|p1|wubbybubbyjr|preschooler|1767
|player|p2|AnonymousJon|workerice|1813
|gen|9
|tier|[Gen 9] OU
|rated|
|rule|HP Percentage Mod: HP is shown in percentages
|rule|Endless Battle Clause: Forcing endless battles is banned
|rule|Species Clause: Limit one of each Pokémon
|rule|OHKO Clause: OHKO moves are banned
|rule|Evasion Items Clause: Evasion items are banned
|rule|Evasion Moves Clause: Evasion moves are banned
|rule|Evasion Abilities Clause: Evasion abilities are banned
|rule|Sleep Moves Clause: Sleep-inducing moves are banned
|clearpoke
|poke|p1|Araquanid, F|
|poke|p1|Gholdengo|
|poke|p1|Dragonite, M|
|poke|p1|Iron Treads|
|poke|p1|Darkrai|
|poke|p1|Tornadus-Therian, M|
|poke|p2|Great Tusk|
|poke|p2|Ogerpon-Cornerstone, F|
|poke|p2|Rillaboom, F|
|poke|p2|Tyranitar, M|
|poke|p2|Corviknight, F|
|poke|p2|Dragapult, F|
|teampreview
|inactive|Battle timer is ON: inactive players will automatically lose when time's up. (requested by AnonymousJon)
|inactive|wubbybubbyjr also wants the timer to be on.
|
|t:|1781050778
|teamsize|p1|6
|teamsize|p2|6
|start
|switch|p1a: big nid|Araquanid, F|100/100
|switch|p2a: Tyranitar|Tyranitar, M|100/100
|-weather|Sandstorm|[from] ability: Sand Stream|[of] p2a: Tyranitar
|turn|1
|j| kanaete onegai
|
|t:|1781050785
|switch|p2a: Ogerpon|Ogerpon-Cornerstone, F|100/100
|switch|p1a: big shiester|Iron Treads|100/100
|
|-weather|Sandstorm|[upkeep]
|upkeep
|turn|2
|
|t:|1781050790
|move|p2a: Ogerpon|Swords Dance|p2a: Ogerpon
|-boost|p2a: Ogerpon|atk|2
|move|p1a: big shiester|Stealth Rock|p2a: Ogerpon
|-sidestart|p2: AnonymousJon|move: Stealth Rock
|
|-weather|Sandstorm|[upkeep]
|upkeep
|turn|3
|
|t:|1781050816
|move|p2a: Ogerpon|Low Kick|p1a: big shiester
|-supereffective|p1a: big shiester
|-damage|p1a: big shiester|0 fnt
|faint|p1a: big shiester
|-end|p1a: big shiester|Quark Drive|[silent]
|
|-weather|Sandstorm|[upkeep]
|upkeep
|
|t:|1781050822
|switch|p1a: diddler|Darkrai|100/100
|turn|4
|
|t:|1781050828
|move|p1a: diddler|Ice Beam|p2a: Ogerpon
|-supereffective|p2a: Ogerpon
|-damage|p2a: Ogerpon|24/100
|move|p2a: Ogerpon|Horn Leech|p1a: diddler
|-damage|p1a: diddler|0 fnt
|-heal|p2a: Ogerpon|71/100|[from] drain|[of] p1a: diddler
|faint|p1a: diddler
|
|-weather|Sandstorm|[upkeep]
|upkeep
|
|t:|1781050842
|switch|p1a: big nid|Araquanid, F|100/100
|turn|5
|
|t:|1781050848
|move|p1a: big nid|Endure|p1a: big nid
|-singleturn|p1a: big nid|move: Endure
|move|p2a: Ogerpon|Horn Leech|p1a: big nid
|-crit|p1a: big nid
|-activate|p1a: big nid|move: Endure
|-damage|p1a: big nid|1/100
|-heal|p2a: Ogerpon|100/100|[from] drain|[of] p1a: big nid
|
|-weather|none
|upkeep
|turn|6
|-enditem|p1a: big nid|Custap Berry|[eat]
|-activate|p1a: big nid|item: Custap Berry|[consumed]
|
|t:|1781050862
|switch|p2a: Dragapult|Dragapult, F|100/100
|-damage|p2a: Dragapult|88/100|[from] Stealth Rock
|move|p1a: big nid|Endeavor|p2a: Dragapult
|-immune|p2a: Dragapult
|
|-heal|p2a: Dragapult|94/100|[from] item: Leftovers
|upkeep
|turn|7
|
|t:|1781050868
|move|p2a: Dragapult|Dragon Darts|p1a: big nid
|-damage|p1a: big nid|0 fnt
|faint|p1a: big nid
|
|-heal|p2a: Dragapult|100/100|[from] item: Leftovers
|upkeep
|
|t:|1781050873
|switch|p1a: za golden boi|Gholdengo|100/100
|turn|8
|
|t:|1781050877
|move|p2a: Dragapult|Hex|p1a: za golden boi
|-supereffective|p1a: za golden boi
|-damage|p1a: za golden boi|44/100
|move|p1a: za golden boi|Shadow Ball|p2a: Dragapult
|-supereffective|p2a: Dragapult
|-crit|p2a: Dragapult
|-damage|p2a: Dragapult|0 fnt
|faint|p2a: Dragapult
|
|upkeep
|
|t:|1781050884
|switch|p2a: Tyranitar|Tyranitar, M|100/100
|-damage|p2a: Tyranitar|88/100|[from] Stealth Rock
|-weather|Sandstorm|[from] ability: Sand Stream|[of] p2a: Tyranitar
|turn|9
|j| ecall
|
|t:|1781050899
|move|p1a: za golden boi|Make It Rain|p2a: Tyranitar
|-supereffective|p2a: Tyranitar
|-damage|p2a: Tyranitar|25/100
|-unboost|p1a: za golden boi|spa|1
|move|p2a: Tyranitar|Knock Off|p1a: za golden boi
|-supereffective|p1a: za golden boi
|-damage|p1a: za golden boi|0 fnt
|-enditem|p1a: za golden boi|Metal Coat|[from] move: Knock Off|[of] p2a: Tyranitar
|faint|p1a: za golden boi
|
|-weather|Sandstorm|[upkeep]
|-heal|p2a: Tyranitar|31/100|[from] item: Leftovers
|upkeep
|
|t:|1781050923
|switch|p1a: barney|Dragonite, M|100/100
|turn|10
|
|t:|1781050931
|move|p1a: barney|Outrage|p2a: Tyranitar
|-damage|p2a: Tyranitar|0 fnt
|faint|p2a: Tyranitar
|
|-weather|Sandstorm|[upkeep]
|-damage|p1a: barney|94/100|[from] Sandstorm
|upkeep
|
|t:|1781050936
|switch|p2a: Great Tusk|Great Tusk|100/100
|-damage|p2a: Great Tusk|98/100|[from] Stealth Rock
|turn|11
|
|t:|1781050940
|move|p1a: barney|Outrage|p2a: Great Tusk|[from] lockedmove
|-damage|p2a: Great Tusk|20/100
|-start|p1a: barney|confusion|[fatigue]
|move|p2a: Great Tusk|Rapid Spin|p1a: barney
|-damage|p1a: barney|76/100
|-boost|p2a: Great Tusk|spe|1
|-sideend|p2: AnonymousJon|Stealth Rock|[from] move: Rapid Spin|[of] p2a: Great Tusk
|
|-weather|Sandstorm|[upkeep]
|-damage|p1a: barney|70/100|[from] Sandstorm
|upkeep
|turn|12
|
|t:|1781050945
|move|p2a: Great Tusk|Ice Spinner|p1a: barney
|-supereffective|p1a: barney
|-damage|p1a: barney|0 fnt
|faint|p1a: barney
|
|-weather|Sandstorm|[upkeep]
|upkeep
|
|t:|1781050948
|switch|p1a: bird jesus|Tornadus-Therian, M|100/100
|turn|13
|
|t:|1781050951
|-terastallize|p1a: bird jesus|Ghost
|move|p1a: bird jesus|Grass Knot|p2a: Great Tusk
|-supereffective|p2a: Great Tusk
|-damage|p2a: Great Tusk|0 fnt
|faint|p2a: Great Tusk
|-end|p2a: Great Tusk|Protosynthesis|[silent]
|-damage|p1a: bird jesus|91/100|[from] item: Life Orb
|
|-weather|none
|upkeep
|
|t:|1781050964
|switch|p2a: Corviknight|Corviknight, F|100/100
|-ability|p2a: Corviknight|Pressure
|turn|14
|
|t:|1781050969
|move|p1a: bird jesus|Nasty Plot|p1a: bird jesus
|-boost|p1a: bird jesus|spa|2
|move|p2a: Corviknight|Brave Bird|p1a: bird jesus
|-damage|p1a: bird jesus|43/100
|-damage|p2a: Corviknight|88/100|[from] Recoil
|
|upkeep
|turn|15
|
|t:|1781050972
|move|p1a: bird jesus|Heat Wave|p2a: Corviknight|[miss]
|-miss|p1a: bird jesus|p2a: Corviknight
|move|p2a: Corviknight|Brave Bird|p1a: bird jesus
|-damage|p1a: bird jesus|0 fnt
|faint|p1a: bird jesus
|-damage|p2a: Corviknight|78/100|[from] Recoil
|
|win|AnonymousJon
|raw|wubbybubbyjr's rating: 1767 &rarr; <strong>1750</strong><br />(-17 for losing)
|raw|AnonymousJon's rating: 1813 &rarr; <strong>1830</strong><br />(+17 for winning)
|c|☆AnonymousJon|gg
|l| ecall
|l|☆AnonymousJon
|player|p2|
|l|☆wubbybubbyjr
|player|p1|
