|j|☆icylikedecember
|j|☆DiceyRice
|t:|1780906699
|gametype|singles
|player|p1|icylikedecember|skierf|1694
|player|p2|DiceyRice|miku-ghost|1844
|gen|9
|tier|[Gen 9] OU
|rated|
|rule|HP Percentage Mod: HP is shown in percentages
|rule|Endless Battle Clause: Forcing endless battles is banned
|rule|Species Clause: Limit one of each Pokémon
|rule|OHKO Clause: OHKO moves are banned
|rule|Evasion Items Clause: Evasion items are banned
|rule|Evasion Moves Clause: Evasion moves are banned
|rule|Evasion Abilities Clause: Evasion abilities are banned
|rule|Sleep Moves Clause: Sleep-inducing moves are banned
|clearpoke
|poke|p1|Corviknight, M|
|poke|p1|Slowking-Galar, M|
|poke|p1|Darkrai|
|poke|p1|Kyurem|
|poke|p1|Zamazenta-*|
|poke|p1|Samurott-Hisui, M|
|poke|p2|Latias, F|
|poke|p2|Mimikyu, F|
|poke|p2|Glimmora, M|
|poke|p2|Kingambit, M|
|poke|p2|Iron Boulder|
|poke|p2|Iron Moth|
|teampreview
|
|t:|1780906707
|teamsize|p1|6
|teamsize|p2|6
|start
|switch|p1a: Samurott|Samurott-Hisui, M|100/100
|switch|p2a: Senbonzakura|Glimmora, M|100/100
|turn|1
|
|t:|1780906715
|switch|p1a: Slowking|Slowking-Galar, M, shiny|100/100
|move|p2a: Senbonzakura|Stealth Rock|p1a: Slowking
|-sidestart|p1: icylikedecember|move: Stealth Rock
|
|upkeep
|turn|2
|
|t:|1780906723
|switch|p2a: Portal|Iron Moth|100/100
|-enditem|p2a: Portal|Booster Energy
|-activate|p2a: Portal|ability: Quark Drive|[fromitem]
|-start|p2a: Portal|quarkdrivespe
|move|p1a: Slowking|Psyshock|p2a: Portal
|-supereffective|p2a: Portal
|-damage|p2a: Portal|0 fnt
|faint|p2a: Portal
|-end|p2a: Portal|Quark Drive|[silent]
|
|upkeep
|
|t:|1780906726
|switch|p2a: Smithy|Iron Boulder|100/100
|-enditem|p2a: Smithy|Booster Energy
|-activate|p2a: Smithy|ability: Quark Drive|[fromitem]
|-start|p2a: Smithy|quarkdrivespe
|turn|3
|
|t:|1780906731
|switch|p1a: Zamazenta|Zamazenta|100/100
|-damage|p1a: Zamazenta|94/100|[from] Stealth Rock
|-ability|p1a: Zamazenta|Dauntless Shield|boost
|-boost|p1a: Zamazenta|def|1
|move|p2a: Smithy|Swords Dance|p2a: Smithy
|-boost|p2a: Smithy|atk|2
|
|-heal|p1a: Zamazenta|100/100|[from] item: Leftovers
|upkeep
|turn|4
|
|t:|1780906735
|-terastallize|p1a: Zamazenta|Fire
|move|p2a: Smithy|Zen Headbutt|p1a: Zamazenta
|-damage|p1a: Zamazenta|64/100
|move|p1a: Zamazenta|Roar|p2a: Smithy
|-end|p2a: Smithy|Quark Drive|[silent]
|drag|p2a: Latinas|Latias, F|100/100
|
|-heal|p1a: Zamazenta|70/100|[from] item: Leftovers
|upkeep
|turn|5
|
|t:|1780906742
|switch|p2a: Senbonzakura|Glimmora, M|100/100
|move|p1a: Zamazenta|Crunch|p2a: Senbonzakura
|-damage|p2a: Senbonzakura|75/100
|-activate|p2a: Senbonzakura|ability: Toxic Debris
|-sidestart|p1: icylikedecember|move: Toxic Spikes
|
|-heal|p1a: Zamazenta|76/100|[from] item: Leftovers
|upkeep
|turn|6
|
|t:|1780906747
|switch|p1a: Slowking|Slowking-Galar, M, shiny|100/100
|-damage|p1a: Slowking|88/100|[from] Stealth Rock
|-sideend|p1: icylikedecember|move: Toxic Spikes|[of] p1a: Slowking
|move|p2a: Senbonzakura|Earth Power|p1a: Slowking
|-supereffective|p1a: Slowking
|-damage|p1a: Slowking|56/100
|
|upkeep
|turn|7
|
|t:|1780906750
|move|p2a: Senbonzakura|Earth Power|p1a: Slowking
|-supereffective|p1a: Slowking
|-damage|p1a: Slowking|26/100
|move|p1a: Slowking|Psyshock|p2a: Senbonzakura
|-supereffective|p2a: Senbonzakura
|-damage|p2a: Senbonzakura|0 fnt
|faint|p2a: Senbonzakura
|
|upkeep
|
|t:|1780906753
|switch|p2a: Smithy|Iron Boulder|100/100
|turn|8
|
|t:|1780906757
|switch|p1a: Samurott|Samurott-Hisui, M|100/100
|-damage|p1a: Samurott|88/100|[from] Stealth Rock
|move|p2a: Smithy|Swords Dance|p2a: Smithy
|-boost|p2a: Smithy|atk|2
|
|upkeep
|turn|9
|
|t:|1780906760
|move|p1a: Samurott|Ceaseless Edge|p2a: Smithy
|-supereffective|p2a: Smithy
|-damage|p2a: Smithy|0 fnt
|-sidestart|p2: DiceyRice|Spikes
|faint|p2a: Smithy
|-end|p2a: Smithy|Quark Drive|[silent]
|
|upkeep
|
|t:|1780906763
|switch|p2a: Kanaria|Kingambit, M|100/100
|-damage|p2a: Kanaria|88/100|[from] Spikes
|-activate|p2a: Kanaria|ability: Supreme Overlord
|-start|p2a: Kanaria|fallen3|[silent]
|turn|10
|
|t:|1780906768
|switch|p1a: Zamazenta|Zamazenta, tera:Fire|76/100
|-damage|p1a: Zamazenta|51/100|[from] Stealth Rock
|move|p2a: Kanaria|Swords Dance|p2a: Kanaria
|-boost|p2a: Kanaria|atk|2
|
|-heal|p1a: Zamazenta|57/100|[from] item: Leftovers
|-heal|p2a: Kanaria|94/100|[from] item: Leftovers
|upkeep
|turn|11
|
|t:|1780906772
|move|p1a: Zamazenta|Iron Defense|p1a: Zamazenta
|-boost|p1a: Zamazenta|def|2
|move|p2a: Kanaria|Kowtow Cleave|p1a: Zamazenta
|-damage|p1a: Zamazenta|8/100
|
|-heal|p1a: Zamazenta|14/100|[from] item: Leftovers
|-heal|p2a: Kanaria|100/100|[from] item: Leftovers
|upkeep
|turn|12
|
|t:|1780906779
|move|p2a: Kanaria|Kowtow Cleave|p1a: Zamazenta
|-damage|p1a: Zamazenta|0 fnt
|faint|p1a: Zamazenta
|
|upkeep
|
|t:|1780906783
|switch|p1a: Samurott|Samurott-Hisui, M|88/100
|-damage|p1a: Samurott|76/100|[from] Stealth Rock
|turn|13
|
|t:|1780906785
|move|p2a: Kanaria|Sucker Punch|p1a: Samurott
|-resisted|p1a: Samurott
|-damage|p1a: Samurott|9/100
|move|p1a: Samurott|Sacred Sword|p2a: Kanaria
|-supereffective|p2a: Kanaria
|-crit|p2a: Kanaria
|-damage|p2a: Kanaria|0 fnt
|faint|p2a: Kanaria
|-end|p2a: Kanaria|fallen3|[silent]
|
|upkeep
|
|t:|1780906788
|switch|p2a: Mimikyute|Mimikyu, F|100/100
|-damage|p2a: Mimikyute|88/100|[from] Spikes
|turn|14
|
|t:|1780906794
|switch|p1a: Corviknight|Corviknight, M, shiny|100/100
|-damage|p1a: Corviknight|88/100|[from] Stealth Rock
|-ability|p1a: Corviknight|Pressure
|move|p2a: Mimikyute|Swords Dance|p2a: Mimikyute
|-boost|p2a: Mimikyute|atk|2
|
|upkeep
|turn|15
|
|t:|1780906805
|move|p2a: Mimikyute|Shadow Claw|p1a: Corviknight
|-damage|p1a: Corviknight|45/100
|-damage|p2a: Mimikyute|72/100|[from] item: Rocky Helmet|[of] p1a: Corviknight
|-damage|p2a: Mimikyute|62/100|[from] item: Life Orb
|move|p1a: Corviknight|Brave Bird|p2a: Mimikyute
|-activate|p2a: Mimikyute|ability: Disguise
|-damage|p2a: Mimikyute|62/100
|detailschange|p2a: Mimikyute|Mimikyu-Busted, F
|-damage|p2a: Mimikyute|50/100|[from] pokemon: Mimikyu-Busted
|
|upkeep
|turn|16
|
|t:|1780906808
|move|p2a: Mimikyute|Shadow Claw|p1a: Corviknight
|-damage|p1a: Corviknight|2/100
|-damage|p2a: Mimikyute|33/100|[from] item: Rocky Helmet|[of] p1a: Corviknight
|-damage|p2a: Mimikyute|23/100|[from] item: Life Orb
|move|p1a: Corviknight|Roost|p1a: Corviknight
|-heal|p1a: Corviknight|52/100
|-singleturn|p1a: Corviknight|move: Roost
|
|upkeep
|turn|17
|
|t:|1780906815
|move|p2a: Mimikyute|Shadow Claw|p1a: Corviknight
|-damage|p1a: Corviknight|11/100
|-damage|p2a: Mimikyute|7/100|[from] item: Rocky Helmet|[of] p1a: Corviknight
|-damage|p2a: Mimikyute|0 fnt|[from] item: Life Orb
|faint|p2a: Mimikyute
|move|p1a: Corviknight|Roost|p1a: Corviknight
|-heal|p1a: Corviknight|61/100
|-singleturn|p1a: Corviknight|move: Roost
|
|upkeep
|
|t:|1780906818
|switch|p2a: Latinas|Latias, F|100/100
|turn|18
|
|t:|1780906821
|move|p2a: Latinas|Calm Mind|p2a: Latinas
|-boost|p2a: Latinas|spa|1
|-boost|p2a: Latinas|spd|1
|move|p1a: Corviknight|U-turn|p2a: Latinas
|-supereffective|p2a: Latinas
|-crit|p2a: Latinas
|-damage|p2a: Latinas|54/100
|-enditem|p2a: Latinas|Kee Berry|[eat]
|-boost|p2a: Latinas|def|1|[from] item: Kee Berry
|
|t:|1780906823
|switch|p1a: Slowking|Slowking-Galar, M, shiny|59/100|[from] U-turn
|-damage|p1a: Slowking|47/100|[from] Stealth Rock
|
|upkeep
|turn|19
|
|t:|1780906826
|switch|p1a: Samurott|Samurott-Hisui, M|9/100
|-damage|p1a: Samurott|0 fnt|[from] Stealth Rock
|faint|p1a: Samurott
|move|p2a: Latinas|Recover|p2a: Latinas
|-heal|p2a: Latinas|100/100
|
|upkeep
|
|t:|1780906833
|switch|p1a: Darkrai|Darkrai|100/100
|-damage|p1a: Darkrai|88/100|[from] Stealth Rock
|turn|20
|
|t:|1780906836
|-terastallize|p2a: Latinas|Poison
|move|p1a: Darkrai|Dark Pulse|p2a: Latinas
|-damage|p2a: Latinas|77/100
|move|p2a: Latinas|Aura Sphere|p1a: Darkrai
|-supereffective|p1a: Darkrai
|-damage|p1a: Darkrai|3/100
|
|upkeep
|turn|21
|
|t:|1780906839
|move|p1a: Darkrai|Dark Pulse|p2a: Latinas
|-damage|p2a: Latinas|55/100
|cant|p2a: Latinas|flinch
|
|upkeep
|turn|22
|
|t:|1780906841
|move|p1a: Darkrai|Dark Pulse|p2a: Latinas
|-damage|p2a: Latinas|32/100
|move|p2a: Latinas|Recover|p2a: Latinas
|-heal|p2a: Latinas|82/100
|
|upkeep
|turn|23
|
|t:|1780906843
|move|p1a: Darkrai|Dark Pulse|p2a: Latinas
|-damage|p2a: Latinas|61/100
|move|p2a: Latinas|Calm Mind|p2a: Latinas
|-boost|p2a: Latinas|spa|1
|-boost|p2a: Latinas|spd|1
|
|upkeep
|turn|24
|
|t:|1780906847
|move|p1a: Darkrai|Dark Pulse|p2a: Latinas
|-damage|p2a: Latinas|45/100
|move|p2a: Latinas|Recover|p2a: Latinas
|-heal|p2a: Latinas|96/100
|
|upkeep
|turn|25
|
|t:|1780906850
|switch|p1a: Slowking|Slowking-Galar, M, shiny|80/100
|-damage|p1a: Slowking|68/100|[from] Stealth Rock
|move|p2a: Latinas|Aura Sphere|p1a: Slowking
|-resisted|p1a: Slowking
|-damage|p1a: Slowking|63/100
|
|upkeep
|turn|26
|
|t:|1780906852
|move|p2a: Latinas|Stored Power|p1a: Slowking
|-damage|p1a: Slowking|20/100
|move|p1a: Slowking|Psyshock|p2a: Latinas
|-supereffective|p2a: Latinas
|-crit|p2a: Latinas
|-damage|p2a: Latinas|0 fnt
|faint|p2a: Latinas
|
|win|icylikedecember
|raw|icylikedecember's rating: 1694 &rarr; <strong>1722</strong><br />(+28 for winning)
|raw|DiceyRice's rating: 1844 &rarr; <strong>1816</strong><br />(-28 for losing)
|l|☆DiceyRice
|player|p2|
|l|☆icylikedecember
|player|p1|
