|j|☆freekaik
|j|☆ihymyly
|t:|1781501258
|gametype|singles
|player|p1|freekaik|265|1565
|player|p2|ihymyly|1|1522
|gen|9
|tier|[Gen 9] OU
|rated|
|rule|HP Percentage Mod: HP is shown in percentages
|rule|Endless Battle Clause: Forcing endless battles is banned
|rule|Species Clause: Limit one of each Pokémon
|rule|OHKO Clause: OHKO moves are banned
|rule|Evasion Items Clause: Evasion items are banned
|rule|Evasion Moves Clause: Evasion moves are banned
|rule|Evasion Abilities Clause: Evasion abilities are banned
|rule|Sleep Moves Clause: Sleep-inducing moves are banned
|clearpoke
|poke|p1|Ogerpon-Wellspring, F|
|poke|p1|Weezing-Galar, F|
|poke|p1|Raging Bolt|
|poke|p1|Corviknight, M|
|poke|p1|Heatran, M|
|poke|p1|Great Tusk|
|poke|p2|Pelipper, F|
|poke|p2|Kingdra, F|
|poke|p2|Weavile, M|
|poke|p2|Raging Bolt|
|poke|p2|Clodsire, F|
|poke|p2|Corviknight, F|
|teampreview
|inactive|Battle timer is ON: inactive players will automatically lose when time's up. (requested by freekaik)
|
|t:|1781501269
|teamsize|p1|6
|teamsize|p2|6
|start
|switch|p1a: Weezing|Weezing-Galar, F, shiny|100/100
|switch|p2a: Sire Slayton|Clodsire, F|100/100
|-ability|p1a: Weezing|Neutralizing Gas
|turn|1
|
|t:|1781501277
|move|p1a: Weezing|Will-O-Wisp|p2a: Sire Slayton|[miss]
|-miss|p1a: Weezing|p2a: Sire Slayton
|move|p2a: Sire Slayton|Earthquake|p1a: Weezing
|-supereffective|p1a: Weezing
|-damage|p1a: Weezing|66/100
|
|-heal|p1a: Weezing|72/100|[from] item: Leftovers
|upkeep
|turn|2
|
|t:|1781501289
|move|p1a: Weezing|Will-O-Wisp|p2a: Sire Slayton
|-status|p2a: Sire Slayton|brn
|move|p2a: Sire Slayton|Stealth Rock|p1a: Weezing
|-sidestart|p1: freekaik|move: Stealth Rock
|
|-heal|p1a: Weezing|78/100|[from] item: Leftovers
|-damage|p2a: Sire Slayton|94/100 brn|[from] brn
|upkeep
|turn|3
|
|t:|1781501296
|move|p1a: Weezing|Defog|p2a: Sire Slayton
|-unboost|p2a: Sire Slayton|evasion|1
|-sideend|p1: freekaik|Stealth Rock|[from] move: Defog|[of] p1a: Weezing
|move|p2a: Sire Slayton|Earthquake|p1a: Weezing
|-supereffective|p1a: Weezing
|-damage|p1a: Weezing|59/100
|
|-heal|p1a: Weezing|65/100|[from] item: Leftovers
|-heal|p2a: Sire Slayton|100/100 brn|[from] item: Leftovers
|-damage|p2a: Sire Slayton|94/100 brn|[from] brn
|upkeep
|turn|4
|
|t:|1781501307
|move|p1a: Weezing|Strange Steam|p2a: Sire Slayton
|-resisted|p2a: Sire Slayton
|-damage|p2a: Sire Slayton|87/100 brn
|move|p2a: Sire Slayton|Stealth Rock|p1a: Weezing
|-sidestart|p1: freekaik|move: Stealth Rock
|
|-heal|p1a: Weezing|71/100|[from] item: Leftovers
|-heal|p2a: Sire Slayton|94/100 brn|[from] item: Leftovers
|-damage|p2a: Sire Slayton|87/100 brn|[from] brn
|upkeep
|turn|5
|
|t:|1781501315
|move|p1a: Weezing|Defog|p2a: Sire Slayton
|-unboost|p2a: Sire Slayton|evasion|1
|-sideend|p1: freekaik|Stealth Rock|[from] move: Defog|[of] p1a: Weezing
|move|p2a: Sire Slayton|Earthquake|p1a: Weezing
|-supereffective|p1a: Weezing
|-damage|p1a: Weezing|53/100
|
|-heal|p1a: Weezing|59/100|[from] item: Leftovers
|-heal|p2a: Sire Slayton|94/100 brn|[from] item: Leftovers
|-damage|p2a: Sire Slayton|87/100 brn|[from] brn
|upkeep
|turn|6
|
|t:|1781501327
|move|p1a: Weezing|Strange Steam|p2a: Sire Slayton
|-resisted|p2a: Sire Slayton
|-damage|p2a: Sire Slayton|80/100 brn
|move|p2a: Sire Slayton|Stealth Rock|p1a: Weezing
|-sidestart|p1: freekaik|move: Stealth Rock
|
|-heal|p1a: Weezing|65/100|[from] item: Leftovers
|-heal|p2a: Sire Slayton|86/100 brn|[from] item: Leftovers
|-damage|p2a: Sire Slayton|80/100 brn|[from] brn
|upkeep
|turn|7
|
|t:|1781501334
|move|p1a: Weezing|Defog|p2a: Sire Slayton
|-unboost|p2a: Sire Slayton|evasion|1
|-sideend|p1: freekaik|Stealth Rock|[from] move: Defog|[of] p1a: Weezing
|move|p2a: Sire Slayton|Earthquake|p1a: Weezing
|-supereffective|p1a: Weezing
|-damage|p1a: Weezing|47/100
|
|-heal|p1a: Weezing|53/100|[from] item: Leftovers
|-heal|p2a: Sire Slayton|86/100 brn|[from] item: Leftovers
|-damage|p2a: Sire Slayton|80/100 brn|[from] brn
|upkeep
|turn|8
|
|t:|1781501343
|move|p1a: Weezing|Pain Split|p2a: Sire Slayton
|-sethp|p2a: Sire Slayton|59/100 brn|[from] move: Pain Split|[silent]
|-sethp|p1a: Weezing|82/100|[from] move: Pain Split
|move|p2a: Sire Slayton|Stealth Rock|p1a: Weezing
|-sidestart|p1: freekaik|move: Stealth Rock
|
|-heal|p1a: Weezing|88/100|[from] item: Leftovers
|-heal|p2a: Sire Slayton|65/100 brn|[from] item: Leftovers
|-damage|p2a: Sire Slayton|59/100 brn|[from] brn
|upkeep
|turn|9
|
|t:|1781501351
|move|p1a: Weezing|Defog|p2a: Sire Slayton
|-unboost|p2a: Sire Slayton|evasion|1
|-sideend|p1: freekaik|Stealth Rock|[from] move: Defog|[of] p1a: Weezing
|move|p2a: Sire Slayton|Earthquake|p1a: Weezing
|-supereffective|p1a: Weezing
|-damage|p1a: Weezing|69/100
|
|-heal|p1a: Weezing|75/100|[from] item: Leftovers
|-heal|p2a: Sire Slayton|65/100 brn|[from] item: Leftovers
|-damage|p2a: Sire Slayton|59/100 brn|[from] brn
|upkeep
|turn|10
|
|t:|1781501360
|-end|p1a: Weezing|ability: Neutralizing Gas
|switch|p1a: Ogerpon|Ogerpon-Wellspring, F|100/100
|move|p2a: Sire Slayton|Stealth Rock|p1a: Ogerpon
|-sidestart|p1: freekaik|move: Stealth Rock
|
|-heal|p2a: Sire Slayton|65/100 brn|[from] item: Leftovers
|-damage|p2a: Sire Slayton|59/100 brn|[from] brn
|upkeep
|turn|11
|
|t:|1781501370
|move|p1a: Ogerpon|Power Whip|p2a: Sire Slayton
|-damage|p2a: Sire Slayton|0 fnt
|faint|p2a: Sire Slayton
|
|upkeep
|
|t:|1781501375
|switch|p2a: Beakblaster 3000|Pelipper, F|100/100
|-weather|RainDance|[from] ability: Drizzle|[of] p2a: Beakblaster 3000
|turn|12
|inactive|freekaik has 120 seconds left.
|inactive|freekaik has 90 seconds left.
|inactive|freekaik has 60 seconds left.
|
|t:|1781501478
|-terastallize|p1a: Ogerpon|Water
|detailschange|p1a: Ogerpon|Ogerpon-Wellspring-Tera, F, tera:Water
|-ability|p1a: Ogerpon|Embody Aspect (Wellspring)|boost
|-boost|p1a: Ogerpon|spd|1
|move|p1a: Ogerpon|Ivy Cudgel|p2a: Beakblaster 3000|[anim] Ivy Cudgel Water
|-resisted|p2a: Beakblaster 3000
|-damage|p2a: Beakblaster 3000|54/100
|move|p2a: Beakblaster 3000|U-turn|p1a: Ogerpon
|-damage|p1a: Ogerpon|89/100
|
|t:|1781501487
|switch|p2a: Elongatedkou|Raging Bolt|100/100|[from] U-turn
|-enditem|p2a: Elongatedkou|Booster Energy
|-activate|p2a: Elongatedkou|ability: Protosynthesis|[fromitem]
|-start|p2a: Elongatedkou|protosynthesisspa
|
|-weather|RainDance|[upkeep]
|upkeep
|turn|13
|inactive|freekaik has 60 seconds left.
|
|t:|1781501512
|switch|p1a: Raging Bolt|Raging Bolt|100/100
|-damage|p1a: Raging Bolt|88/100|[from] Stealth Rock
|-enditem|p1a: Raging Bolt|Booster Energy
|-activate|p1a: Raging Bolt|ability: Protosynthesis|[fromitem]
|-start|p1a: Raging Bolt|protosynthesisspa
|move|p2a: Elongatedkou|Dragon Pulse|p1a: Raging Bolt
|-supereffective|p1a: Raging Bolt
|-damage|p1a: Raging Bolt|0 fnt
|faint|p1a: Raging Bolt
|-end|p1a: Raging Bolt|Protosynthesis|[silent]
|
|-weather|RainDance|[upkeep]
|upkeep
|
|t:|1781501523
|switch|p1a: Great Tusk|Great Tusk|100/100
|-damage|p1a: Great Tusk|98/100|[from] Stealth Rock
|-enditem|p1a: Great Tusk|Booster Energy
|-activate|p1a: Great Tusk|ability: Protosynthesis|[fromitem]
|-start|p1a: Great Tusk|protosynthesisatk
|turn|14
|
|t:|1781501530
|-end|p2a: Elongatedkou|Protosynthesis|[silent]
|switch|p2a: Cokuf|Corviknight, F|100/100
|-ability|p2a: Cokuf|Pressure
|move|p1a: Great Tusk|Headlong Rush|p2a: Cokuf
|-immune|p2a: Cokuf
|
|-weather|RainDance|[upkeep]
|upkeep
|turn|15
|
|t:|1781501541
|move|p1a: Great Tusk|Rapid Spin|p2a: Cokuf
|-resisted|p2a: Cokuf
|-damage|p2a: Cokuf|93/100
|-boost|p1a: Great Tusk|spe|1
|-damage|p1a: Great Tusk|81/100|[from] item: Rocky Helmet|[of] p2a: Cokuf
|-sideend|p1: freekaik|Stealth Rock|[from] move: Rapid Spin|[of] p1a: Great Tusk
|move|p2a: Cokuf|U-turn|p1a: Great Tusk
|-resisted|p1a: Great Tusk
|-damage|p1a: Great Tusk|76/100
|
|t:|1781501546
|switch|p2a: Vincent Von Vain|Kingdra, F|100/100|[from] U-turn
|
|-weather|RainDance|[upkeep]
|upkeep
|turn|16
|inactive|freekaik has 30 seconds left.
|
|t:|1781501581
|-end|p1a: Great Tusk|Protosynthesis|[silent]
|switch|p1a: Corviknight|Corviknight, M|100/100
|-ability|p1a: Corviknight|Pressure
|move|p2a: Vincent Von Vain|Weather Ball|p1a: Corviknight
|-crit|p1a: Corviknight
|-damage|p1a: Corviknight|0 fnt
|faint|p1a: Corviknight
|
|-weather|RainDance|[upkeep]
|upkeep
|inactive|freekaik has 30 seconds left this turn.
|
|t:|1781501590
|switch|p1a: Ogerpon|Ogerpon-Wellspring-Tera, F, tera:Water|89/100
|-ability|p1a: Ogerpon|Embody Aspect (Wellspring)|boost
|-boost|p1a: Ogerpon|spd|1
|turn|17
|
|t:|1781501600
|move|p2a: Vincent Von Vain|Weather Ball|p1a: Ogerpon
|-resisted|p1a: Ogerpon
|-damage|p1a: Ogerpon|50/100
|move|p1a: Ogerpon|Power Whip|p2a: Vincent Von Vain
|-damage|p2a: Vincent Von Vain|16/100
|
|-weather|RainDance|[upkeep]
|upkeep
|turn|18
|inactive|freekaik has 30 seconds left.
|inactive|freekaik has 20 seconds left.
|
|t:|1781501625
|-terastallize|p2a: Vincent Von Vain|Water
|move|p2a: Vincent Von Vain|Weather Ball|p1a: Ogerpon
|-resisted|p1a: Ogerpon
|-damage|p1a: Ogerpon|0 fnt
|faint|p1a: Ogerpon
|detailschange|p1: Ogerpon|Ogerpon-Wellspring, F|[silent]
|
|-weather|RainDance|[upkeep]
|upkeep
|inactive|freekaik has 25 seconds left this turn.
|inactive|freekaik has 20 seconds left.
|inactive|freekaik has 15 seconds left.
|
|t:|1781501638
|switch|p1a: Weezing|Weezing-Galar, F, shiny|75/100
|-ability|p1a: Weezing|Neutralizing Gas
|turn|19
|inactive|freekaik has 25 seconds left this turn.
|inactive|freekaik has 20 seconds left.
|inactive|freekaik has 15 seconds left.
|
|t:|1781501651
|move|p2a: Vincent Von Vain|Weather Ball|p1a: Weezing
|-damage|p1a: Weezing|0 fnt
|faint|p1a: Weezing
|-end|p1a: Weezing|ability: Neutralizing Gas
|
|-weather|none
|upkeep
|inactive|freekaik has 20 seconds left this turn.
|inactive|freekaik has 15 seconds left.
|inactive|freekaik has 10 seconds left.
|
|t:|1781501661
|switch|p1a: Great Tusk|Great Tusk|76/100
|turn|20
|inactive|freekaik has 20 seconds left this turn.
|
|t:|1781501664
|switch|p2a: Beakblaster 3000|Pelipper, F|54/100
|-weather|RainDance|[from] ability: Drizzle|[of] p2a: Beakblaster 3000
|move|p1a: Great Tusk|Rapid Spin|p2a: Beakblaster 3000
|-damage|p2a: Beakblaster 3000|39/100
|-boost|p1a: Great Tusk|spe|1
|
|-weather|RainDance|[upkeep]
|upkeep
|turn|21
|inactive|freekaik has 30 seconds left this turn.
|
|t:|1781501673
|move|p1a: Great Tusk|Rapid Spin|p2a: Beakblaster 3000
|-damage|p2a: Beakblaster 3000|22/100
|-boost|p1a: Great Tusk|spe|1
|move|p2a: Beakblaster 3000|Roost|p2a: Beakblaster 3000
|-heal|p2a: Beakblaster 3000|72/100
|-singleturn|p2a: Beakblaster 3000|move: Roost
|
|-weather|RainDance|[upkeep]
|upkeep
|turn|22
|inactive|freekaik has 30 seconds left.
|
|t:|1781501681
|move|p1a: Great Tusk|Ice Spinner|p2a: Beakblaster 3000
|-damage|p2a: Beakblaster 3000|50/100
|move|p2a: Beakblaster 3000|Surf|p1a: Great Tusk
|-supereffective|p1a: Great Tusk
|-damage|p1a: Great Tusk|0 fnt
|faint|p1a: Great Tusk
|-end|p1a: Great Tusk|Protosynthesis|[silent]
|
|-weather|RainDance|[upkeep]
|upkeep
|-message|freekaik forfeited.
|
|win|ihymyly
|raw|freekaik's rating: 1565 &rarr; <strong>1543</strong><br />(-22 for losing)
|raw|ihymyly's rating: 1522 &rarr; <strong>1544</strong><br />(+22 for winning)
|l|☆freekaik
|player|p1|
|l|☆ihymyly
|player|p2|
