|j|☆abGodc
|j|☆myree
|t:|1781536494
|gametype|singles
|player|p1|abGodc|iris-gen5bw2|1640
|player|p2|myree|benga|1661
|gen|9
|tier|[Gen 9] OU
|rated|
|rule|HP Percentage Mod: HP is shown in percentages
|rule|Endless Battle Clause: Forcing endless battles is banned
|rule|Species Clause: Limit one of each Pokémon
|rule|OHKO Clause: OHKO moves are banned
|rule|Evasion Items Clause: Evasion items are banned
|rule|Evasion Moves Clause: Evasion moves are banned
|rule|Evasion Abilities Clause: Evasion abilities are banned
|rule|Sleep Moves Clause: Sleep-inducing moves are banned
|clearpoke
|poke|p1|Ting-Lu|
|poke|p1|Slowking-Galar, M|
|poke|p1|Corviknight, M|
|poke|p1|Cinderace, M|
|poke|p1|Ogerpon-Wellspring, F|
|poke|p1|Raging Bolt|
|poke|p2|Tinkaton, F|
|poke|p2|Glimmora, F|
|poke|p2|Iron Hands|
|poke|p2|Slither Wing|
|poke|p2|Wo-Chien|
|poke|p2|Okidogi, M|
|teampreview
|inactive|Battle timer is ON: inactive players will automatically lose when time's up. (requested by abGodc)
|
|t:|1781536508
|teamsize|p1|6
|teamsize|p2|6
|start
|switch|p1a: Raging Bolt|Raging Bolt|100/100
|switch|p2a: Glimmora|Glimmora, F|100/100
|turn|1
|
|t:|1781536515
|switch|p2a: meethewoo|Wo-Chien|100/100
|-ability|p2a: meethewoo|Tablets of Ruin
|-end|p1a: Raging Bolt|Protosynthesis|[silent]
|switch|p1a: Ting-Lu|Ting-Lu|100/100
|-ability|p1a: Ting-Lu|Vessel of Ruin
|
|upkeep
|turn|2
|
|t:|1781536521
|switch|p1a: Corviknight|Corviknight, M|100/100
|-ability|p1a: Corviknight|Pressure
|move|p2a: meethewoo|Ruination|p1a: Corviknight
|-damage|p1a: Corviknight|51/100
|
|upkeep
|turn|3
|
|t:|1781536525
|move|p2a: meethewoo|Knock Off|p1a: Corviknight
|-damage|p1a: Corviknight|34/100
|-damage|p2a: meethewoo|84/100|[from] item: Rocky Helmet|[of] p1a: Corviknight
|-enditem|p1a: Corviknight|Rocky Helmet|[from] move: Knock Off|[of] p2a: meethewoo
|move|p1a: Corviknight|U-turn|p2a: meethewoo
|-supereffective|p2a: meethewoo
|-damage|p2a: meethewoo|48/100
|
|t:|1781536528
|switch|p1a: Ogerpon|Ogerpon-Wellspring, F|100/100|[from] U-turn
|
|-heal|p2a: meethewoo|54/100|[from] item: Leftovers
|upkeep
|turn|4
|j| Agathina
|
|t:|1781536533
|move|p2a: meethewoo|Protect|p2a: meethewoo
|-singleturn|p2a: meethewoo|Protect
|move|p1a: Ogerpon|Knock Off|p2a: meethewoo
|-activate|p2a: meethewoo|move: Protect
|
|-heal|p2a: meethewoo|60/100|[from] item: Leftovers
|upkeep
|turn|5
|
|t:|1781536542
|switch|p2a: st. jay g. saturn|Slither Wing|100/100
|move|p1a: Ogerpon|U-turn|p2a: st. jay g. saturn
|-resisted|p2a: st. jay g. saturn
|-damage|p2a: st. jay g. saturn|87/100
|
|t:|1781536545
|switch|p1a: Corviknight|Corviknight, M|34/100|[from] U-turn
|-ability|p1a: Corviknight|Pressure
|
|upkeep
|turn|6
|
|t:|1781536550
|move|p2a: st. jay g. saturn|Flare Blitz|p1a: Corviknight
|-supereffective|p1a: Corviknight
|-damage|p1a: Corviknight|0 fnt
|faint|p1a: Corviknight
|-damage|p2a: st. jay g. saturn|75/100|[from] Recoil
|
|upkeep
|
|t:|1781536552
|switch|p1a: Ogerpon|Ogerpon-Wellspring, F|100/100
|turn|7
|
|t:|1781536563
|-terastallize|p1a: Ogerpon|Water
|detailschange|p1a: Ogerpon|Ogerpon-Wellspring-Tera, F, tera:Water
|-ability|p1a: Ogerpon|Embody Aspect (Wellspring)|boost
|-boost|p1a: Ogerpon|spd|1
|move|p1a: Ogerpon|Ivy Cudgel|p2a: st. jay g. saturn|[anim] Ivy Cudgel Water
|-damage|p2a: st. jay g. saturn|2/100
|move|p2a: st. jay g. saturn|Will-O-Wisp|p1a: Ogerpon|[miss]
|-miss|p2a: st. jay g. saturn|p1a: Ogerpon
|
|upkeep
|turn|8
|
|t:|1781536582
|move|p1a: Ogerpon|U-turn|p2a: st. jay g. saturn
|-resisted|p2a: st. jay g. saturn
|-damage|p2a: st. jay g. saturn|0 fnt
|faint|p2a: st. jay g. saturn
|-end|p2a: st. jay g. saturn|Protosynthesis|[silent]
|
|t:|1781536596
|switch|p1a: Cinderace|Cinderace, M|100/100|[from] U-turn
|
|upkeep
|
|t:|1781536599
|switch|p2a: Glimmora|Glimmora, F|100/100
|turn|9
|
|t:|1781536607
|switch|p1a: Ting-Lu|Ting-Lu|100/100
|-ability|p1a: Ting-Lu|Vessel of Ruin
|move|p2a: Glimmora|Spiky Shield||[still]
|-fail|p2a: Glimmora
|
|upkeep
|turn|10
|
|t:|1781536616
|switch|p2a: meethewoo|Wo-Chien|60/100
|-ability|p2a: meethewoo|Tablets of Ruin
|switch|p1a: Ogerpon|Ogerpon-Wellspring-Tera, F, tera:Water|100/100
|-ability|p1a: Ogerpon|Embody Aspect (Wellspring)|boost
|-boost|p1a: Ogerpon|spd|1
|
|-heal|p2a: meethewoo|66/100|[from] item: Leftovers
|upkeep
|turn|11
|
|t:|1781536626
|move|p1a: Ogerpon|U-turn|p2a: meethewoo
|-supereffective|p2a: meethewoo
|-damage|p2a: meethewoo|0 fnt
|faint|p2a: meethewoo
|
|t:|1781536629
|switch|p1a: Slowking|Slowking-Galar, M|100/100|[from] U-turn
|
|upkeep
|
|t:|1781536638
|switch|p2a: chef pzn.|Okidogi, M|100/100
|turn|12
|
|t:|1781536643
|move|p2a: chef pzn.|High Horsepower|p1a: Slowking|[miss]
|-miss|p2a: chef pzn.|p1a: Slowking
|-prepare|p1a: Slowking|Chilly Reception|[premajor]
|move|p1a: Slowking|Chilly Reception|p1a: Slowking
|-weather|Snowscape
|
|t:|1781536646
|switch|p1a: Ogerpon|Ogerpon-Wellspring-Tera, F, tera:Water|100/100|[from] Chilly Reception
|-ability|p1a: Ogerpon|Embody Aspect (Wellspring)|boost
|-boost|p1a: Ogerpon|spd|1
|
|-weather|Snowscape|[upkeep]
|upkeep
|turn|13
|
|t:|1781536651
|move|p1a: Ogerpon|U-turn|p2a: chef pzn.
|-resisted|p2a: chef pzn.
|-damage|p2a: chef pzn.|96/100
|
|t:|1781536652
|switch|p1a: Slowking|Slowking-Galar, M|100/100|[from] U-turn
|move|p2a: chef pzn.|Gunk Shot|p1a: Slowking|[miss]
|-miss|p2a: chef pzn.|p1a: Slowking
|
|-weather|Snowscape|[upkeep]
|-heal|p2a: chef pzn.|100/100|[from] item: Leftovers
|upkeep
|turn|14
|
|t:|1781536655
|move|p2a: chef pzn.|High Horsepower|p1a: Slowking
|-supereffective|p1a: Slowking
|-damage|p1a: Slowking|59/100
|move|p1a: Slowking|Psychic Noise|p2a: chef pzn.
|-supereffective|p2a: chef pzn.
|-damage|p2a: chef pzn.|0 fnt
|faint|p2a: chef pzn.
|
|-weather|Snowscape|[upkeep]
|upkeep
|-message|myree forfeited.
|
|win|abGodc
|raw|abGodc's rating: 1640 &rarr; <strong>1661</strong><br />(+21 for winning)
|raw|myree's rating: 1661 &rarr; <strong>1640</strong><br />(-21 for losing)
|l|☆myree
|player|p2|
|l|☆abGodc
|player|p1|
|l| Agathina
