|j|☆1200s chud
|j|☆go b3yond
|t:|1780952211
|gametype|singles
|player|p1|1200s chud|preschooler|1663
|player|p2|go b3yond|169|1582
|gen|9
|tier|[Gen 9] OU
|rated|
|rule|HP Percentage Mod: HP is shown in percentages
|rule|Endless Battle Clause: Forcing endless battles is banned
|rule|Species Clause: Limit one of each Pokémon
|rule|OHKO Clause: OHKO moves are banned
|rule|Evasion Items Clause: Evasion items are banned
|rule|Evasion Moves Clause: Evasion moves are banned
|rule|Evasion Abilities Clause: Evasion abilities are banned
|rule|Sleep Moves Clause: Sleep-inducing moves are banned
|clearpoke
|poke|p1|Iron Thorns|
|poke|p1|Ribombee, M|
|poke|p1|Gholdengo|
|poke|p1|Quaquaval, M|
|poke|p1|Ceruledge, F|
|poke|p1|Ursaluna, F|
|poke|p2|Ribombee, M|
|poke|p2|Ogerpon-Cornerstone, F|
|poke|p2|Kingambit, M|
|poke|p2|Gholdengo|
|poke|p2|Dragonite, M|
|poke|p2|Great Tusk|
|teampreview
|inactive|Battle timer is ON: inactive players will automatically lose when time's up. (requested by 1200s chud)
|
|t:|1780952230
|teamsize|p1|6
|teamsize|p2|6
|start
|switch|p1a: HighOffDaPack|Ceruledge, F|100/100
|switch|p2a: Ribombee|Ribombee, M|100/100
|-item|p1a: HighOffDaPack|Air Balloon
|turn|1
|
|t:|1780952236
|move|p2a: Ribombee|Moonblast|p1a: HighOffDaPack
|-resisted|p1a: HighOffDaPack
|-damage|p1a: HighOffDaPack|79/100
|-unboost|p1a: HighOffDaPack|spa|1
|-enditem|p1a: HighOffDaPack|Air Balloon
|move|p1a: HighOffDaPack|Bitter Blade|p2a: Ribombee
|-supereffective|p2a: Ribombee
|-enditem|p2a: Ribombee|Focus Sash
|-damage|p2a: Ribombee|1/100
|-heal|p1a: HighOffDaPack|100/100|[from] drain|[of] p2a: Ribombee
|
|upkeep
|turn|2
|
|t:|1780952251
|move|p1a: HighOffDaPack|Shadow Sneak|p2a: Ribombee
|-damage|p2a: Ribombee|0 fnt
|faint|p2a: Ribombee
|
|upkeep
|
|t:|1780952257
|switch|p2a: Ogerpon|Ogerpon-Cornerstone, F|100/100
|turn|3
|
|t:|1780952268
|move|p1a: HighOffDaPack|Shadow Sneak|p2a: Ogerpon
|-damage|p2a: Ogerpon|69/100
|move|p2a: Ogerpon|Ivy Cudgel|p1a: HighOffDaPack|[anim] Ivy Cudgel Rock
|-supereffective|p1a: HighOffDaPack
|-crit|p1a: HighOffDaPack
|-damage|p1a: HighOffDaPack|0 fnt
|faint|p1a: HighOffDaPack
|
|upkeep
|
|t:|1780952286
|switch|p1a: AintCaughtThePlot|Gholdengo|100/100
|turn|4
|
|t:|1780952298
|switch|p2a: Great Tusk|Great Tusk|100/100
|-enditem|p2a: Great Tusk|Booster Energy
|-activate|p2a: Great Tusk|ability: Protosynthesis|[fromitem]
|-start|p2a: Great Tusk|protosynthesisatk
|move|p1a: AintCaughtThePlot|Make It Rain|p2a: Great Tusk
|-damage|p2a: Great Tusk|0 fnt
|-unboost|p1a: AintCaughtThePlot|spa|1
|faint|p2a: Great Tusk
|-end|p2a: Great Tusk|Protosynthesis|[silent]
|
|upkeep
|j| Schlafparalyse
|
|t:|1780952308
|switch|p2a: Kingambit|Kingambit, M|100/100
|-activate|p2a: Kingambit|ability: Supreme Overlord
|-start|p2a: Kingambit|fallen2|[silent]
|-item|p2a: Kingambit|Air Balloon
|turn|5
|
|t:|1780952333
|switch|p1a: SupremeClientele|Ribombee, M|100/100
|move|p2a: Kingambit|Swords Dance|p2a: Kingambit
|-boost|p2a: Kingambit|atk|2
|
|upkeep
|turn|6
|
|t:|1780952342
|move|p1a: SupremeClientele|Sticky Web|p2a: Kingambit
|-sidestart|p2: go b3yond|move: Sticky Web
|move|p2a: Kingambit|Iron Head|p1a: SupremeClientele
|-supereffective|p1a: SupremeClientele
|-enditem|p1a: SupremeClientele|Focus Sash
|-damage|p1a: SupremeClientele|1/100
|
|upkeep
|turn|7
|
|t:|1780952347
|move|p1a: SupremeClientele|Stun Spore|p2a: Kingambit
|-status|p2a: Kingambit|par
|move|p2a: Kingambit|Iron Head|p1a: SupremeClientele
|-supereffective|p1a: SupremeClientele
|-damage|p1a: SupremeClientele|0 fnt
|faint|p1a: SupremeClientele
|
|upkeep
|inactive|1200s chud has 120 seconds left.
|
|t:|1780952401
|switch|p1a: RomeBeenSteppin|Quaquaval, M|100/100
|turn|8
|
|t:|1780952411
|move|p2a: Kingambit|Sucker Punch|p1a: RomeBeenSteppin
|-resisted|p1a: RomeBeenSteppin
|-damage|p1a: RomeBeenSteppin|44/100
|move|p1a: RomeBeenSteppin|Close Combat|p2a: Kingambit
|-supereffective|p2a: Kingambit
|-damage|p2a: Kingambit|0 fnt
|-unboost|p1a: RomeBeenSteppin|def|1
|-unboost|p1a: RomeBeenSteppin|spd|1
|-enditem|p2a: Kingambit|Air Balloon
|faint|p2a: Kingambit
|-end|p2a: Kingambit|fallen2|[silent]
|-ability|p1a: RomeBeenSteppin|Moxie|boost
|-boost|p1a: RomeBeenSteppin|atk|1
|-damage|p1a: RomeBeenSteppin|34/100|[from] item: Life Orb
|
|upkeep
|
|t:|1780952418
|switch|p2a: Dragonite|Dragonite, M|100/100
|turn|9
|
|t:|1780952424
|-terastallize|p1a: RomeBeenSteppin|Ghost
|move|p1a: RomeBeenSteppin|Triple Axel|p2a: Dragonite
|-supereffective|p2a: Dragonite
|-damage|p2a: Dragonite|68/100
|-supereffective|p2a: Dragonite
|-damage|p2a: Dragonite|0 fnt
|faint|p2a: Dragonite
|-ability|p1a: RomeBeenSteppin|Moxie|boost
|-boost|p1a: RomeBeenSteppin|atk|1
|-hitcount|p2: Dragonite|2
|-damage|p1a: RomeBeenSteppin|24/100|[from] item: Life Orb
|
|upkeep
|
|t:|1780952430
|switch|p2a: Gholdengo|Gholdengo|100/100
|-item|p2a: Gholdengo|Air Balloon
|turn|10
|
|t:|1780952433
|move|p2a: Gholdengo|Shadow Ball|p1a: RomeBeenSteppin
|-supereffective|p1a: RomeBeenSteppin
|-damage|p1a: RomeBeenSteppin|0 fnt
|faint|p1a: RomeBeenSteppin
|
|upkeep
|
|t:|1780952440
|switch|p1a: AintCaughtThePlot|Gholdengo|100/100
|turn|11
|
|t:|1780952442
|move|p2a: Gholdengo|Shadow Ball|p1a: AintCaughtThePlot
|-supereffective|p1a: AintCaughtThePlot
|-damage|p1a: AintCaughtThePlot|6/100
|-unboost|p1a: AintCaughtThePlot|spd|1
|move|p1a: AintCaughtThePlot|Shadow Ball|p2a: Gholdengo
|-supereffective|p2a: Gholdengo
|-damage|p2a: Gholdengo|0 fnt
|-enditem|p2a: Gholdengo|Air Balloon
|faint|p2a: Gholdengo
|
|upkeep
|-message|go b3yond forfeited.
|
|win|1200s chud
|raw|1200s chud's rating: 1663 &rarr; <strong>1678</strong><br />(+15 for winning)
|raw|go b3yond's rating: 1582 &rarr; <strong>1567</strong><br />(-15 for losing)
|l|☆go b3yond
|player|p2|
|l|☆1200s chud
|player|p1|
|l| Schlafparalyse
