|j|☆skayotest
|j|☆serpico XD
|t:|1781080947
|gametype|singles
|player|p1|skayotest|170|1627
|player|p2|serpico XD|blue|1705
|gen|9
|tier|[Gen 9] OU
|rated|
|rule|HP Percentage Mod: HP is shown in percentages
|rule|Endless Battle Clause: Forcing endless battles is banned
|rule|Species Clause: Limit one of each Pokémon
|rule|OHKO Clause: OHKO moves are banned
|rule|Evasion Items Clause: Evasion items are banned
|rule|Evasion Moves Clause: Evasion moves are banned
|rule|Evasion Abilities Clause: Evasion abilities are banned
|rule|Sleep Moves Clause: Sleep-inducing moves are banned
|clearpoke
|poke|p1|Samurott-Hisui, F|
|poke|p1|Rillaboom, F|
|poke|p1|Garchomp, M|
|poke|p1|Gholdengo|
|poke|p1|Slowking-Galar, M|
|poke|p1|Cinderace, F|
|poke|p2|Iron Valiant|
|poke|p2|Kingambit, M|
|poke|p2|Landorus-Therian, M|
|poke|p2|Alomomola, F|
|poke|p2|Tyranitar, F|
|poke|p2|Excadrill, M|
|teampreview
|inactive|Battle timer is ON: inactive players will automatically lose when time's up. (requested by skayotest)
|c|☆serpico XD|glhf
|
|t:|1781080981
|teamsize|p1|6
|teamsize|p2|6
|start
|switch|p1a: Rillaboom|Rillaboom, F|100/100
|switch|p2a: Landorus|Landorus-Therian, M, shiny|100/100
|-ability|p2a: Landorus|Intimidate|boost
|-unboost|p1a: Rillaboom|atk|1
|-fieldstart|move: Grassy Terrain|[from] ability: Grassy Surge|[of] p1a: Rillaboom
|turn|1
|j| Schlafparalyse
|
|t:|1781080989
|switch|p1a: Garchomp|Garchomp, M|100/100
|move|p2a: Landorus|U-turn|p1a: Garchomp
|-damage|p1a: Garchomp|83/100
|-damage|p2a: Landorus|88/100|[from] ability: Rough Skin|[of] p1a: Garchomp
|-damage|p2a: Landorus|72/100|[from] item: Rocky Helmet|[of] p1a: Garchomp
|
|t:|1781080993
|switch|p2a: Tyranitar|Tyranitar, F|100/100|[from] U-turn
|-weather|Sandstorm|[from] ability: Sand Stream|[of] p2a: Tyranitar
|
|-weather|Sandstorm|[upkeep]
|-heal|p1a: Garchomp|89/100|[from] Grassy Terrain
|upkeep
|turn|2
|
|t:|1781081006
|switch|p1a: Rillaboom|Rillaboom, F|100/100
|move|p2a: Tyranitar|Ice Beam|p1a: Rillaboom
|-supereffective|p1a: Rillaboom
|-damage|p1a: Rillaboom|53/100
|
|-weather|Sandstorm|[upkeep]
|-damage|p1a: Rillaboom|46/100|[from] Sandstorm
|-heal|p1a: Rillaboom|53/100|[from] Grassy Terrain
|upkeep
|turn|3
|
|t:|1781081014
|move|p1a: Rillaboom|Wood Hammer|p2a: Tyranitar
|-supereffective|p2a: Tyranitar
|-damage|p2a: Tyranitar|0 fnt
|faint|p2a: Tyranitar
|-damage|p1a: Rillaboom|19/100|[from] Recoil
|
|-weather|Sandstorm|[upkeep]
|-damage|p1a: Rillaboom|12/100|[from] Sandstorm
|-heal|p1a: Rillaboom|19/100|[from] Grassy Terrain
|upkeep
|
|t:|1781081021
|switch|p2a: Excadrill|Excadrill, M|100/100
|turn|4
|
|t:|1781081026
|switch|p1a: Samurott|Samurott-Hisui, F|100/100
|move|p2a: Excadrill|Iron Head|p1a: Samurott
|-resisted|p1a: Samurott
|-damage|p1a: Samurott|65/100
|-damage|p2a: Excadrill|91/100|[from] item: Life Orb
|
|-weather|Sandstorm|[upkeep]
|-damage|p1a: Samurott|59/100|[from] Sandstorm
|-heal|p2a: Excadrill|97/100|[from] Grassy Terrain
|-heal|p1a: Samurott|65/100|[from] Grassy Terrain
|-heal|p1a: Samurott|71/100|[from] item: Leftovers
|upkeep
|turn|5
|
|t:|1781081034
|move|p2a: Excadrill|Earthquake|p1a: Samurott
|-damage|p1a: Samurott|28/100
|-damage|p2a: Excadrill|87/100|[from] item: Life Orb
|move|p1a: Samurott|Ceaseless Edge|p2a: Excadrill
|-crit|p2a: Excadrill
|-damage|p2a: Excadrill|0 fnt
|-sidestart|p2: serpico XD|Spikes
|faint|p2a: Excadrill
|
|-weather|none
|-heal|p1a: Samurott|34/100|[from] Grassy Terrain
|-heal|p1a: Samurott|40/100|[from] item: Leftovers
|-fieldend|move: Grassy Terrain
|upkeep
|
|t:|1781081041
|switch|p2a: Landorus|Landorus-Therian, M, shiny|72/100
|-ability|p2a: Landorus|Intimidate|boost
|-unboost|p1a: Samurott|atk|1
|turn|6
|
|t:|1781081046
|switch|p1a: Garchomp|Garchomp, M|89/100
|move|p2a: Landorus|U-turn|p1a: Garchomp
|-damage|p1a: Garchomp|73/100
|-damage|p2a: Landorus|59/100|[from] ability: Rough Skin|[of] p1a: Garchomp
|-damage|p2a: Landorus|43/100|[from] item: Rocky Helmet|[of] p1a: Garchomp
|
|t:|1781081050
|switch|p2a: Iron Valiant|Iron Valiant, shiny|100/100|[from] U-turn
|-damage|p2a: Iron Valiant|88/100|[from] Spikes
|-enditem|p2a: Iron Valiant|Booster Energy
|-activate|p2a: Iron Valiant|ability: Quark Drive|[fromitem]
|-start|p2a: Iron Valiant|quarkdrivespe
|
|upkeep
|turn|7
|
|t:|1781081054
|switch|p1a: Slowking|Slowking-Galar, M|100/100
|move|p2a: Iron Valiant|Calm Mind|p2a: Iron Valiant
|-boost|p2a: Iron Valiant|spa|1
|-boost|p2a: Iron Valiant|spd|1
|
|upkeep
|turn|8
|
|t:|1781081060
|-terastallize|p2a: Iron Valiant|Ghost
|move|p2a: Iron Valiant|Shadow Ball|p1a: Slowking
|-supereffective|p1a: Slowking
|-damage|p1a: Slowking|32/100
|move|p1a: Slowking|Sludge Bomb|p2a: Iron Valiant
|-resisted|p2a: Iron Valiant
|-crit|p2a: Iron Valiant
|-damage|p2a: Iron Valiant|40/100
|
|upkeep
|turn|9
|
|t:|1781081067
|move|p2a: Iron Valiant|Shadow Ball|p1a: Slowking
|-supereffective|p1a: Slowking
|-damage|p1a: Slowking|0 fnt
|faint|p1a: Slowking
|
|upkeep
|
|t:|1781081074
|switch|p1a: Rillaboom|Rillaboom, F|19/100
|-fieldstart|move: Grassy Terrain|[from] ability: Grassy Surge|[of] p1a: Rillaboom
|turn|10
|
|t:|1781081077
|-end|p2a: Iron Valiant|Quark Drive|[silent]
|switch|p2a: Kingambit|Kingambit, M|100/100
|-damage|p2a: Kingambit|88/100|[from] Spikes
|-activate|p2a: Kingambit|ability: Supreme Overlord
|-start|p2a: Kingambit|fallen2|[silent]
|move|p1a: Rillaboom|Grassy Glide|p2a: Kingambit
|-resisted|p2a: Kingambit
|-damage|p2a: Kingambit|67/100
|
|-heal|p1a: Rillaboom|25/100|[from] Grassy Terrain
|-heal|p2a: Kingambit|73/100|[from] Grassy Terrain
|-heal|p2a: Kingambit|79/100|[from] item: Leftovers
|upkeep
|turn|11
|
|t:|1781081083
|switch|p1a: Samurott|Samurott-Hisui, F|40/100
|move|p2a: Kingambit|Low Kick|p1a: Samurott
|-supereffective|p1a: Samurott
|-damage|p1a: Samurott|0 fnt
|faint|p1a: Samurott
|
|-heal|p2a: Kingambit|85/100|[from] Grassy Terrain
|-heal|p2a: Kingambit|91/100|[from] item: Leftovers
|upkeep
|
|t:|1781081086
|switch|p1a: Cinderace|Cinderace, F|100/100
|turn|12
|
|t:|1781081093
|switch|p1a: Rillaboom|Rillaboom, F|25/100
|-end|p2a: Kingambit|fallen2|[silent]
|switch|p2a: Alomomola|Alomomola, F|100/100
|
|-heal|p1a: Rillaboom|31/100|[from] Grassy Terrain
|upkeep
|turn|13
|
|t:|1781081109
|move|p2a: Alomomola|Protect|p2a: Alomomola
|-singleturn|p2a: Alomomola|Protect
|move|p1a: Rillaboom|Grassy Glide|p2a: Alomomola
|-activate|p2a: Alomomola|move: Protect
|
|-heal|p1a: Rillaboom|37/100|[from] Grassy Terrain
|upkeep
|turn|14
|
|t:|1781081114
|move|p1a: Rillaboom|Grassy Glide|p2a: Alomomola
|-supereffective|p2a: Alomomola
|-damage|p2a: Alomomola|38/100
|move|p2a: Alomomola|Flip Turn|p1a: Rillaboom
|-resisted|p1a: Rillaboom
|-damage|p1a: Rillaboom|29/100
|
|t:|1781081117
|switch|p2a: Landorus|Landorus-Therian, M, shiny|43/100|[from] Flip Turn
|-ability|p2a: Landorus|Intimidate|boost
|-unboost|p1a: Rillaboom|atk|1
|
|-heal|p2a: Landorus|49/100|[from] item: Leftovers
|-heal|p1a: Rillaboom|35/100|[from] Grassy Terrain
|-fieldend|move: Grassy Terrain
|upkeep
|turn|15
|
|t:|1781081122
|switch|p1a: Garchomp|Garchomp, M|73/100
|move|p2a: Landorus|Stealth Rock|p1a: Garchomp
|-sidestart|p1: skayotest|move: Stealth Rock
|
|-heal|p2a: Landorus|55/100|[from] item: Leftovers
|upkeep
|turn|16
|
|t:|1781081128
|move|p2a: Landorus|Earthquake|p1a: Garchomp
|-crit|p1a: Garchomp
|-damage|p1a: Garchomp|19/100
|move|p1a: Garchomp|Stealth Rock|p2a: Landorus
|-sidestart|p2: serpico XD|move: Stealth Rock
|
|-heal|p2a: Landorus|61/100|[from] item: Leftovers
|upkeep
|turn|17
|
|t:|1781081131
|move|p2a: Landorus|Earthquake|p1a: Garchomp
|-damage|p1a: Garchomp|0 fnt
|faint|p1a: Garchomp
|
|-heal|p2a: Landorus|67/100|[from] item: Leftovers
|upkeep
|
|t:|1781081136
|switch|p1a: Rillaboom|Rillaboom, F|35/100
|-damage|p1a: Rillaboom|23/100|[from] Stealth Rock
|-fieldstart|move: Grassy Terrain|[from] ability: Grassy Surge|[of] p1a: Rillaboom
|turn|18
|
|t:|1781081142
|-terastallize|p1a: Rillaboom|Grass
|move|p1a: Rillaboom|Grassy Glide|p2a: Landorus
|-damage|p2a: Landorus|0 fnt
|faint|p2a: Landorus
|
|-heal|p1a: Rillaboom|29/100|[from] Grassy Terrain
|upkeep
|
|t:|1781081144
|switch|p2a: Kingambit|Kingambit, M|91/100
|-damage|p2a: Kingambit|79/100|[from] Spikes
|-damage|p2a: Kingambit|73/100|[from] Stealth Rock
|-activate|p2a: Kingambit|ability: Supreme Overlord
|-start|p2a: Kingambit|fallen3|[silent]
|turn|19
|
|t:|1781081151
|switch|p1a: Cinderace|Cinderace, F|100/100
|move|p2a: Kingambit|Iron Head|p1a: Cinderace
|-resisted|p1a: Cinderace
|-damage|p1a: Cinderace|53/100
|
|-heal|p1a: Cinderace|59/100|[from] Grassy Terrain
|-heal|p2a: Kingambit|79/100|[from] Grassy Terrain
|-heal|p2a: Kingambit|85/100|[from] item: Leftovers
|upkeep
|turn|20
|
|t:|1781081162
|switch|p1a: Gholdengo|Gholdengo|100/100
|-damage|p1a: Gholdengo|94/100|[from] Stealth Rock
|-end|p2a: Kingambit|fallen3|[silent]
|switch|p2a: Alomomola|Alomomola, F|72/100
|
|-heal|p1a: Gholdengo|100/100|[from] Grassy Terrain
|-heal|p2a: Alomomola|78/100|[from] Grassy Terrain
|upkeep
|turn|21
|
|t:|1781081178
|move|p1a: Gholdengo|Shadow Ball|p2a: Alomomola
|-damage|p2a: Alomomola|29/100
|-unboost|p2a: Alomomola|spd|1
|move|p2a: Alomomola|Flip Turn|p1a: Gholdengo
|-damage|p1a: Gholdengo|83/100
|
|t:|1781081184
|switch|p2a: Kingambit|Kingambit, M|85/100|[from] Flip Turn
|-damage|p2a: Kingambit|73/100|[from] Spikes
|-damage|p2a: Kingambit|67/100|[from] Stealth Rock
|-activate|p2a: Kingambit|ability: Supreme Overlord
|-start|p2a: Kingambit|fallen3|[silent]
|
|-heal|p1a: Gholdengo|89/100|[from] Grassy Terrain
|-heal|p2a: Kingambit|73/100|[from] Grassy Terrain
|-heal|p2a: Kingambit|79/100|[from] item: Leftovers
|upkeep
|turn|22
|
|t:|1781081187
|switch|p1a: Cinderace|Cinderace, F|59/100
|move|p2a: Kingambit|Iron Head|p1a: Cinderace
|-resisted|p1a: Cinderace
|-damage|p1a: Cinderace|17/100
|
|-heal|p1a: Cinderace|23/100|[from] Grassy Terrain
|-heal|p2a: Kingambit|85/100|[from] Grassy Terrain
|-heal|p2a: Kingambit|91/100|[from] item: Leftovers
|-fieldend|move: Grassy Terrain
|upkeep
|turn|23
|
|t:|1781081196
|move|p1a: Cinderace|Sucker Punch|p2a: Kingambit
|-resisted|p2a: Kingambit
|-damage|p2a: Kingambit|83/100
|move|p2a: Kingambit|Sucker Punch||[still]
|-fail|p2a: Kingambit
|
|-heal|p2a: Kingambit|89/100|[from] item: Leftovers
|upkeep
|turn|24
|
|t:|1781081199
|-end|p2a: Kingambit|fallen3|[silent]
|switch|p2a: Alomomola|Alomomola, F|62/100
|move|p1a: Cinderace|High Jump Kick|p2a: Alomomola
|-damage|p2a: Alomomola|39/100
|
|upkeep
|turn|25
|
|t:|1781081212
|switch|p1a: Gholdengo|Gholdengo|89/100
|-damage|p1a: Gholdengo|83/100|[from] Stealth Rock
|move|p2a: Alomomola|Flip Turn|p1a: Gholdengo
|-damage|p1a: Gholdengo|65/100
|
|t:|1781081219
|switch|p2a: Kingambit|Kingambit, M|89/100|[from] Flip Turn
|-damage|p2a: Kingambit|76/100|[from] Spikes
|-damage|p2a: Kingambit|70/100|[from] Stealth Rock
|-activate|p2a: Kingambit|ability: Supreme Overlord
|-start|p2a: Kingambit|fallen3|[silent]
|
|-heal|p2a: Kingambit|76/100|[from] item: Leftovers
|upkeep
|turn|26
|
|t:|1781081223
|move|p2a: Kingambit|Sucker Punch||[still]
|-fail|p2a: Kingambit
|move|p1a: Gholdengo|Trick|p2a: Kingambit
|-activate|p1a: Gholdengo|move: Trick|[of] p2a: Kingambit
|-item|p2a: Kingambit|Choice Scarf|[from] move: Trick
|-item|p1a: Gholdengo|Leftovers|[from] move: Trick
|
|-heal|p1a: Gholdengo|71/100|[from] item: Leftovers
|upkeep
|turn|27
|
|t:|1781081232
|move|p1a: Gholdengo|Make It Rain|p2a: Kingambit
|-resisted|p2a: Kingambit
|-damage|p2a: Kingambit|45/100
|-unboost|p1a: Gholdengo|spa|1
|move|p2a: Kingambit|Iron Head|p1a: Gholdengo
|-resisted|p1a: Gholdengo
|-damage|p1a: Gholdengo|35/100
|
|-heal|p1a: Gholdengo|41/100|[from] item: Leftovers
|upkeep
|turn|28
|
|t:|1781081241
|move|p1a: Gholdengo|Recover|p1a: Gholdengo
|-heal|p1a: Gholdengo|92/100
|move|p2a: Kingambit|Iron Head|p1a: Gholdengo
|-resisted|p1a: Gholdengo
|-damage|p1a: Gholdengo|54/100
|
|-heal|p1a: Gholdengo|60/100|[from] item: Leftovers
|upkeep
|turn|29
|
|t:|1781081247
|-end|p2a: Kingambit|fallen3|[silent]
|switch|p2a: Alomomola|Alomomola, F|73/100
|move|p1a: Gholdengo|Shadow Ball|p2a: Alomomola
|-damage|p2a: Alomomola|39/100
|-unboost|p2a: Alomomola|spd|1
|
|-heal|p1a: Gholdengo|67/100|[from] item: Leftovers
|upkeep
|turn|30
|
|t:|1781081256
|switch|p2a: Kingambit|Kingambit, M|45/100
|-damage|p2a: Kingambit|33/100|[from] Spikes
|-damage|p2a: Kingambit|27/100|[from] Stealth Rock
|-activate|p2a: Kingambit|ability: Supreme Overlord
|-start|p2a: Kingambit|fallen3|[silent]
|move|p1a: Gholdengo|Shadow Ball|p2a: Kingambit
|-resisted|p2a: Kingambit
|-damage|p2a: Kingambit|13/100
|
|-heal|p1a: Gholdengo|73/100|[from] item: Leftovers
|upkeep
|turn|31
|
|t:|1781081285
|switch|p1a: Cinderace|Cinderace, F|23/100
|move|p2a: Kingambit|Iron Head|p1a: Cinderace
|-resisted|p1a: Cinderace
|-damage|p1a: Cinderace|0 fnt
|faint|p1a: Cinderace
|
|upkeep
|inactive|skayotest has 120 seconds left.
|
|t:|1781081297
|switch|p1a: Gholdengo|Gholdengo|73/100
|-damage|p1a: Gholdengo|67/100|[from] Stealth Rock
|turn|32
|
|t:|1781081301
|move|p1a: Gholdengo|Shadow Ball|p2a: Kingambit
|-resisted|p2a: Kingambit
|-damage|p2a: Kingambit|0 fnt
|faint|p2a: Kingambit
|-end|p2a: Kingambit|fallen3|[silent]
|
|-heal|p1a: Gholdengo|73/100|[from] item: Leftovers
|upkeep
|
|t:|1781081303
|switch|p2a: Iron Valiant|Iron Valiant, shiny, tera:Ghost|40/100
|-damage|p2a: Iron Valiant|28/100|[from] Spikes
|-damage|p2a: Iron Valiant|15/100|[from] Stealth Rock
|turn|33
|
|t:|1781081310
|move|p2a: Iron Valiant|Shadow Ball|p1a: Gholdengo
|-supereffective|p1a: Gholdengo
|-damage|p1a: Gholdengo|0 fnt
|faint|p1a: Gholdengo
|
|upkeep
|
|t:|1781081313
|switch|p1a: Rillaboom|Rillaboom, F, tera:Grass|29/100
|-damage|p1a: Rillaboom|16/100|[from] Stealth Rock
|-fieldstart|move: Grassy Terrain|[from] ability: Grassy Surge|[of] p1a: Rillaboom
|turn|34
|
|t:|1781081315
|move|p1a: Rillaboom|Grassy Glide|p2a: Iron Valiant
|-crit|p2a: Iron Valiant
|-damage|p2a: Iron Valiant|0 fnt
|faint|p2a: Iron Valiant
|-end|p2a: Iron Valiant|Quark Drive|[silent]
|
|-heal|p1a: Rillaboom|22/100|[from] Grassy Terrain
|upkeep
|
|t:|1781081317
|switch|p2a: Alomomola|Alomomola, F|72/100
|turn|35
|
|t:|1781081323
|move|p2a: Alomomola|Protect|p2a: Alomomola
|-singleturn|p2a: Alomomola|Protect
|move|p1a: Rillaboom|Grassy Glide|p2a: Alomomola
|-activate|p2a: Alomomola|move: Protect
|
|-heal|p1a: Rillaboom|29/100|[from] Grassy Terrain
|-heal|p2a: Alomomola|78/100|[from] Grassy Terrain
|upkeep
|turn|36
|
|t:|1781081327
|move|p1a: Rillaboom|Grassy Glide|p2a: Alomomola
|-supereffective|p2a: Alomomola
|-damage|p2a: Alomomola|0 fnt
|faint|p2a: Alomomola
|
|win|skayotest
|raw|skayotest's rating: 1627 &rarr; <strong>1651</strong><br />(+24 for winning)
|raw|serpico XD's rating: 1705 &rarr; <strong>1681</strong><br />(-24 for losing)
|j| fsdzfsedfdgs
|l|☆serpico XD
|player|p2|
|l|☆skayotest
|player|p1|
|l| fsdzfsedfdgs
