|j|☆Borderofseal
|j|☆nov.rain
|t:|1780976135
|gametype|singles
|player|p1|Borderofseal|2|1519
|player|p2|nov.rain|265|1532
|gen|9
|tier|[Gen 9] OU
|rated|
|rule|HP Percentage Mod: HP is shown in percentages
|rule|Endless Battle Clause: Forcing endless battles is banned
|rule|Species Clause: Limit one of each Pokémon
|rule|OHKO Clause: OHKO moves are banned
|rule|Evasion Items Clause: Evasion items are banned
|rule|Evasion Moves Clause: Evasion moves are banned
|rule|Evasion Abilities Clause: Evasion abilities are banned
|rule|Sleep Moves Clause: Sleep-inducing moves are banned
|clearpoke
|poke|p1|Landorus-Therian, M|
|poke|p1|Pecharunt|
|poke|p1|Corviknight, F|
|poke|p1|Primarina, M|
|poke|p1|Kingambit, F|
|poke|p1|Ogerpon-Wellspring, F|
|poke|p2|Raging Bolt|
|poke|p2|Ting-Lu|
|poke|p2|Great Tusk|
|poke|p2|Ninetales, F|
|poke|p2|Walking Wake|
|poke|p2|Corviknight, M|
|teampreview
|inactive|Battle timer is ON: inactive players will automatically lose when time's up. (requested by Borderofseal)
|
|t:|1780976155
|teamsize|p1|6
|teamsize|p2|6
|start
|switch|p1a: Pecharunt|Pecharunt|100/100
|switch|p2a: Ninetales|Ninetales, F|100/100
|-weather|SunnyDay|[from] ability: Drought|[of] p2a: Ninetales
|turn|1
|
|t:|1780976165
|switch|p2a: Poe|Corviknight, M|100/100
|-ability|p2a: Poe|Pressure
|move|p1a: Pecharunt|Malignant Chain|p2a: Poe
|-immune|p2a: Poe
|
|-weather|SunnyDay|[upkeep]
|upkeep
|turn|2
|
|t:|1780976168
|switch|p2a: Walking Wake|Walking Wake|100/100
|-activate|p2a: Walking Wake|ability: Protosynthesis
|-start|p2a: Walking Wake|protosynthesisspe
|move|p1a: Pecharunt|Parting Shot|p2a: Walking Wake
|-unboost|p2a: Walking Wake|atk|1
|-unboost|p2a: Walking Wake|spa|1
|
|t:|1780976171
|switch|p1a: Primarina|Primarina, M|100/100|[from] Parting Shot
|
|-weather|SunnyDay|[upkeep]
|upkeep
|turn|3
|
|t:|1780976183
|-end|p2a: Walking Wake|Protosynthesis|[silent]
|switch|p2a: Ninetales|Ninetales, F|100/100
|move|p1a: Primarina|Moonblast|p2a: Ninetales
|-resisted|p2a: Ninetales
|-damage|p2a: Ninetales|74/100
|-unboost|p2a: Ninetales|spa|1
|
|-weather|SunnyDay|[upkeep]
|upkeep
|turn|4
|
|t:|1780976197
|move|p2a: Ninetales|Will-O-Wisp|p1a: Primarina
|-status|p1a: Primarina|brn
|move|p1a: Primarina|Surf|p2a: Ninetales
|-supereffective|p2a: Ninetales
|-damage|p2a: Ninetales|25/100
|
|-weather|SunnyDay|[upkeep]
|-damage|p1a: Primarina|94/100 brn|[from] brn
|upkeep
|turn|5
|
|t:|1780976210
|switch|p2a: Poe|Corviknight, M|100/100
|-ability|p2a: Poe|Pressure
|move|p1a: Primarina|Flip Turn|p2a: Poe
|-damage|p2a: Poe|98/100
|-damage|p1a: Primarina|78/100 brn|[from] item: Rocky Helmet|[of] p2a: Poe
|
|t:|1780976217
|switch|p1a: Pecharunt|Pecharunt|100/100|[from] Flip Turn
|
|-weather|SunnyDay|[upkeep]
|upkeep
|turn|6
|
|t:|1780976225
|move|p1a: Pecharunt|Shadow Ball|p2a: Poe
|-damage|p2a: Poe|73/100
|move|p2a: Poe|Brave Bird|p1a: Pecharunt
|-damage|p1a: Pecharunt|79/100
|-damage|p2a: Poe|67/100|[from] Recoil
|
|-weather|SunnyDay|[upkeep]
|upkeep
|turn|7
|
|t:|1780976233
|move|p1a: Pecharunt|Parting Shot|p2a: Poe
|-unboost|p2a: Poe|atk|1
|-unboost|p2a: Poe|spa|1
|
|t:|1780976235
|switch|p1a: Landorus|Landorus-Therian, M|100/100|[from] Parting Shot
|-ability|p1a: Landorus|Intimidate|boost
|-unboost|p2a: Poe|atk|1
|move|p2a: Poe|Brave Bird|p1a: Landorus
|-damage|p1a: Landorus|80/100
|-damage|p2a: Poe|61/100|[from] Recoil
|
|-weather|SunnyDay|[upkeep]
|-heal|p1a: Landorus|86/100|[from] item: Leftovers
|upkeep
|turn|8
|
|t:|1780976238
|move|p1a: Landorus|Stealth Rock|p2a: Poe
|-sidestart|p2: nov.rain|move: Stealth Rock
|move|p2a: Poe|Roost|p2a: Poe
|-heal|p2a: Poe|100/100
|-singleturn|p2a: Poe|move: Roost
|
|-weather|none
|-heal|p1a: Landorus|92/100|[from] item: Leftovers
|upkeep
|turn|9
|
|t:|1780976244
|switch|p1a: Ogerpon|Ogerpon-Wellspring, F|100/100
|move|p2a: Poe|Defog|p1a: Ogerpon
|-unboost|p1a: Ogerpon|evasion|1
|-sideend|p2: nov.rain|Stealth Rock|[from] move: Defog|[of] p2a: Poe
|
|upkeep
|turn|10
|
|t:|1780976247
|move|p1a: Ogerpon|Swords Dance|p1a: Ogerpon
|-boost|p1a: Ogerpon|atk|2
|move|p2a: Poe|Brave Bird|p1a: Ogerpon
|-supereffective|p1a: Ogerpon
|-damage|p1a: Ogerpon|50/100
|-damage|p2a: Poe|88/100|[from] Recoil
|
|upkeep
|turn|11
|
|t:|1780976249
|move|p1a: Ogerpon|Ivy Cudgel|p2a: Poe|[anim] Ivy Cudgel Water
|-damage|p2a: Poe|18/100
|move|p2a: Poe|Brave Bird|p1a: Ogerpon
|-supereffective|p1a: Ogerpon
|-damage|p1a: Ogerpon|0 fnt
|faint|p1a: Ogerpon
|-damage|p2a: Poe|6/100|[from] Recoil
|
|upkeep
|
|t:|1780976252
|switch|p1a: Pecharunt|Pecharunt|79/100
|turn|12
|
|t:|1780976255
|switch|p2a: Ting-Lu|Ting-Lu|100/100
|-ability|p2a: Ting-Lu|Vessel of Ruin
|move|p1a: Pecharunt|Shadow Ball|p2a: Ting-Lu
|-resisted|p2a: Ting-Lu
|-damage|p2a: Ting-Lu|95/100
|
|-heal|p2a: Ting-Lu|100/100|[from] item: Leftovers
|upkeep
|turn|13
|
|t:|1780976267
|move|p1a: Pecharunt|Parting Shot|p2a: Ting-Lu
|-unboost|p2a: Ting-Lu|atk|1
|-unboost|p2a: Ting-Lu|spa|1
|
|t:|1780976269
|switch|p1a: Landorus|Landorus-Therian, M|92/100|[from] Parting Shot
|-ability|p1a: Landorus|Intimidate|boost
|-unboost|p2a: Ting-Lu|atk|1
|move|p2a: Ting-Lu|Stealth Rock|p1a: Landorus
|-sidestart|p1: Borderofseal|move: Stealth Rock
|
|-heal|p1a: Landorus|99/100|[from] item: Leftovers
|upkeep
|turn|14
|
|t:|1780976273
|move|p1a: Landorus|Stealth Rock|p2a: Ting-Lu
|-sidestart|p2: nov.rain|move: Stealth Rock
|move|p2a: Ting-Lu|Ruination|p1a: Landorus
|-damage|p1a: Landorus|50/100
|
|-heal|p1a: Landorus|56/100|[from] item: Leftovers
|upkeep
|turn|15
|
|t:|1780976276
|move|p1a: Landorus|Grass Knot|p2a: Ting-Lu
|-supereffective|p2a: Ting-Lu
|-damage|p2a: Ting-Lu|70/100
|move|p2a: Ting-Lu|Whirlwind|p1a: Landorus
|drag|p1a: Kingambit|Kingambit, F|100/100
|-damage|p1a: Kingambit|94/100|[from] Stealth Rock
|-activate|p1a: Kingambit|ability: Supreme Overlord
|-start|p1a: Kingambit|fallen1|[silent]
|
|-heal|p1a: Kingambit|100/100|[from] item: Leftovers
|-heal|p2a: Ting-Lu|77/100|[from] item: Leftovers
|upkeep
|turn|16
|
|t:|1780976280
|-end|p1a: Kingambit|fallen1|[silent]
|switch|p1a: Landorus|Landorus-Therian, M|56/100
|-damage|p1a: Landorus|43/100|[from] Stealth Rock
|-ability|p1a: Landorus|Intimidate|boost
|-unboost|p2a: Ting-Lu|atk|1
|move|p2a: Ting-Lu|Ruination|p1a: Landorus
|-damage|p1a: Landorus|22/100
|
|-heal|p1a: Landorus|28/100|[from] item: Leftovers
|-heal|p2a: Ting-Lu|83/100|[from] item: Leftovers
|upkeep
|turn|17
|
|t:|1780976286
|move|p1a: Landorus|U-turn|p2a: Ting-Lu
|-supereffective|p2a: Ting-Lu
|-damage|p2a: Ting-Lu|60/100
|
|t:|1780976288
|switch|p1a: Corviknight|Corviknight, F|100/100|[from] U-turn
|-damage|p1a: Corviknight|88/100|[from] Stealth Rock
|-ability|p1a: Corviknight|Pressure
|move|p2a: Ting-Lu|Whirlwind|p1a: Corviknight
|drag|p1a: Primarina|Primarina, M|78/100 brn
|-damage|p1a: Primarina|66/100 brn|[from] Stealth Rock
|
|-heal|p2a: Ting-Lu|66/100|[from] item: Leftovers
|-damage|p1a: Primarina|60/100 brn|[from] brn
|upkeep
|turn|18
|
|t:|1780976292
|move|p1a: Primarina|Draining Kiss|p2a: Ting-Lu
|-supereffective|p2a: Ting-Lu
|-damage|p2a: Ting-Lu|44/100
|-heal|p1a: Primarina|82/100 brn|[from] drain|[of] p2a: Ting-Lu
|move|p2a: Ting-Lu|Ruination|p1a: Primarina
|-damage|p1a: Primarina|41/100 brn
|
|-heal|p2a: Ting-Lu|50/100|[from] item: Leftovers
|-damage|p1a: Primarina|35/100 brn|[from] brn
|upkeep
|turn|19
|
|t:|1780976296
|move|p1a: Primarina|Draining Kiss|p2a: Ting-Lu
|-supereffective|p2a: Ting-Lu
|-damage|p2a: Ting-Lu|26/100
|-heal|p1a: Primarina|60/100 brn|[from] drain|[of] p2a: Ting-Lu
|move|p2a: Ting-Lu|Earthquake|p1a: Primarina
|-damage|p1a: Primarina|43/100 brn
|
|-heal|p2a: Ting-Lu|32/100|[from] item: Leftovers
|-damage|p1a: Primarina|37/100 brn|[from] brn
|upkeep
|turn|20
|
|t:|1780976301
|move|p1a: Primarina|Draining Kiss|p2a: Ting-Lu
|-supereffective|p2a: Ting-Lu
|-damage|p2a: Ting-Lu|7/100
|-heal|p1a: Primarina|63/100 brn|[from] drain|[of] p2a: Ting-Lu
|move|p2a: Ting-Lu|Whirlwind|p1a: Primarina
|drag|p1a: Landorus|Landorus-Therian, M|28/100
|-damage|p1a: Landorus|16/100|[from] Stealth Rock
|-ability|p1a: Landorus|Intimidate|boost
|-unboost|p2a: Ting-Lu|atk|1
|
|-heal|p1a: Landorus|22/100|[from] item: Leftovers
|-heal|p2a: Ting-Lu|13/100|[from] item: Leftovers
|upkeep
|turn|21
|
|t:|1780976313
|move|p1a: Landorus|Grass Knot|p2a: Ting-Lu
|-supereffective|p2a: Ting-Lu
|-damage|p2a: Ting-Lu|0 fnt
|faint|p2a: Ting-Lu
|
|-heal|p1a: Landorus|28/100|[from] item: Leftovers
|upkeep
|inactive|nov.rain has 120 seconds left.
|
|t:|1780976365
|switch|p2a: Lime|Great Tusk, shiny|100/100
|-damage|p2a: Lime|98/100|[from] Stealth Rock
|turn|22
|
|t:|1780976369
|switch|p1a: Pecharunt|Pecharunt|79/100
|move|p2a: Lime|Knock Off|p1a: Pecharunt
|-supereffective|p1a: Pecharunt
|-damage|p1a: Pecharunt|33/100
|-enditem|p1a: Pecharunt|Heavy-Duty Boots|[from] move: Knock Off|[of] p2a: Lime
|
|upkeep
|turn|23
|
|t:|1780976371
|move|p2a: Lime|Knock Off|p1a: Pecharunt
|-supereffective|p1a: Pecharunt
|-damage|p1a: Pecharunt|2/100
|move|p1a: Pecharunt|Shadow Ball|p2a: Lime
|-damage|p2a: Lime|58/100
|
|upkeep
|turn|24
|
|t:|1780976374
|move|p2a: Lime|Knock Off|p1a: Pecharunt
|-supereffective|p1a: Pecharunt
|-damage|p1a: Pecharunt|0 fnt
|faint|p1a: Pecharunt
|
|upkeep
|
|t:|1780976376
|switch|p1a: Landorus|Landorus-Therian, M|28/100
|-damage|p1a: Landorus|16/100|[from] Stealth Rock
|-ability|p1a: Landorus|Intimidate|boost
|-unboost|p2a: Lime|atk|1
|turn|25
|
|t:|1780976379
|move|p2a: Lime|Knock Off|p1a: Landorus
|-damage|p1a: Landorus|0 fnt
|-enditem|p1a: Landorus|Leftovers|[from] move: Knock Off|[of] p2a: Lime
|faint|p1a: Landorus
|
|upkeep
|
|t:|1780976383
|switch|p1a: Kingambit|Kingambit, F|100/100
|-damage|p1a: Kingambit|94/100|[from] Stealth Rock
|-activate|p1a: Kingambit|ability: Supreme Overlord
|-start|p1a: Kingambit|fallen3|[silent]
|turn|26
|
|t:|1780976385
|-end|p2a: Lime|Protosynthesis|[silent]
|switch|p2a: Poe|Corviknight, M|6/100
|-damage|p2a: Poe|0 fnt|[from] Stealth Rock
|faint|p2a: Poe
|move|p1a: Kingambit|Kowtow Cleave|p2: Poe|[notarget]
|-fail|p1a: Kingambit
|
|-heal|p1a: Kingambit|100/100|[from] item: Leftovers
|upkeep
|
|t:|1780976404
|switch|p2a: Ninetales|Ninetales, F|25/100
|-damage|p2a: Ninetales|0 fnt|[from] Stealth Rock
|faint|p2a: Ninetales
|
|t:|1780976407
|switch|p2a: Lime|Great Tusk, shiny|58/100
|-damage|p2a: Lime|55/100|[from] Stealth Rock
|turn|27
|
|t:|1780976412
|-end|p1a: Kingambit|fallen3|[silent]
|switch|p1a: Corviknight|Corviknight, F|88/100
|-damage|p1a: Corviknight|76/100|[from] Stealth Rock
|-ability|p1a: Corviknight|Pressure
|move|p2a: Lime|Close Combat|p1a: Corviknight
|-damage|p1a: Corviknight|33/100
|-unboost|p2a: Lime|def|1
|-unboost|p2a: Lime|spd|1
|
|-heal|p1a: Corviknight|39/100|[from] item: Leftovers
|upkeep
|turn|28
|
|t:|1780976414
|move|p2a: Lime|Close Combat|p1a: Corviknight
|-damage|p1a: Corviknight|0 fnt
|-unboost|p2a: Lime|def|1
|-unboost|p2a: Lime|spd|1
|faint|p1a: Corviknight
|
|upkeep
|
|t:|1780976417
|switch|p1a: Kingambit|Kingambit, F|100/100
|-damage|p1a: Kingambit|94/100|[from] Stealth Rock
|-activate|p1a: Kingambit|ability: Supreme Overlord
|-start|p1a: Kingambit|fallen4|[silent]
|turn|29
|
|t:|1780976423
|-end|p2a: Lime|Protosynthesis|[silent]
|switch|p2a: Walking Wake|Walking Wake|100/100
|-damage|p2a: Walking Wake|88/100|[from] Stealth Rock
|-terastallize|p1a: Kingambit|Ghost
|move|p1a: Kingambit|Swords Dance|p1a: Kingambit
|-boost|p1a: Kingambit|atk|2
|
|-heal|p1a: Kingambit|100/100|[from] item: Leftovers
|upkeep
|turn|30
|
|t:|1780976431
|move|p1a: Kingambit|Sucker Punch|p2a: Walking Wake
|-damage|p2a: Walking Wake|0 fnt
|faint|p2a: Walking Wake
|-end|p2a: Walking Wake|Protosynthesis|[silent]
|
|upkeep
|inactive|nov.rain has 120 seconds left.
|
|t:|1780976465
|switch|p2a: Raging Bolt|Raging Bolt|100/100
|-damage|p2a: Raging Bolt|88/100|[from] Stealth Rock
|turn|31
|
|t:|1780976471
|move|p2a: Raging Bolt|Calm Mind|p2a: Raging Bolt
|-boost|p2a: Raging Bolt|spa|1
|-boost|p2a: Raging Bolt|spd|1
|move|p1a: Kingambit|Kowtow Cleave|p2a: Raging Bolt
|-damage|p2a: Raging Bolt|0 fnt
|faint|p2a: Raging Bolt
|-end|p2a: Raging Bolt|Protosynthesis|[silent]
|
|upkeep
|
|t:|1780976475
|switch|p2a: Lime|Great Tusk, shiny|55/100
|-damage|p2a: Lime|52/100|[from] Stealth Rock
|turn|32
|
|t:|1780976480
|move|p2a: Lime|Headlong Rush|p1a: Kingambit
|-damage|p1a: Kingambit|36/100
|-unboost|p2a: Lime|def|1
|-unboost|p2a: Lime|spd|1
|move|p1a: Kingambit|Iron Head|p2a: Lime
|-damage|p2a: Lime|0 fnt
|faint|p2a: Lime
|-end|p2a: Lime|Protosynthesis|[silent]
|
|win|Borderofseal
|raw|Borderofseal's rating: 1519 &rarr; <strong>1540</strong><br />(+21 for winning)
|raw|nov.rain's rating: 1532 &rarr; <strong>1511</strong><br />(-21 for losing)
|l|☆nov.rain
|player|p2|
|l|☆Borderofseal
|player|p1|
|j|☆Borderofseal
|player|p1|Borderofseal|2|
