|j|☆Rextrox
|j|☆team10thPlanet
|t:|1781157278
|gametype|singles
|player|p1|Rextrox|birdkeeper-gen4dp|1612
|player|p2|team10thPlanet|veteran|1667
|gen|9
|tier|[Gen 9] OU
|rated|
|rule|HP Percentage Mod: HP is shown in percentages
|rule|Endless Battle Clause: Forcing endless battles is banned
|rule|Species Clause: Limit one of each Pokémon
|rule|OHKO Clause: OHKO moves are banned
|rule|Evasion Items Clause: Evasion items are banned
|rule|Evasion Moves Clause: Evasion moves are banned
|rule|Evasion Abilities Clause: Evasion abilities are banned
|rule|Sleep Moves Clause: Sleep-inducing moves are banned
|clearpoke
|poke|p1|Eelektross, F|
|poke|p1|Deoxys-Speed|
|poke|p1|Iron Valiant|
|poke|p1|Pecharunt|
|poke|p1|Dragonite, F|
|poke|p1|Kingambit, M|
|poke|p2|Zamazenta-*|
|poke|p2|Dragonite, M|
|poke|p2|Araquanid, M|
|poke|p2|Iron Treads|
|poke|p2|Hoopa-Unbound|
|poke|p2|Gholdengo|
|teampreview
|
|t:|1781157293
|teamsize|p1|6
|teamsize|p2|6
|start
|switch|p1a: Deoxys|Deoxys-Speed|100/100
|switch|p2a: Hoopa|Hoopa-Unbound|100/100
|-ability|p1a: Deoxys|Pressure
|turn|1
|
|t:|1781157329
|move|p1a: Deoxys|Reflect|p1a: Deoxys
|-sidestart|p1: Rextrox|Reflect
|move|p2a: Hoopa|Dark Pulse|p1a: Deoxys
|-supereffective|p1a: Deoxys
|-damage|p1a: Deoxys|0 fnt
|faint|p1a: Deoxys
|
|upkeep
|
|t:|1781157344
|switch|p1a: Iron Valiant|Iron Valiant|100/100
|-enditem|p1a: Iron Valiant|Booster Energy
|-activate|p1a: Iron Valiant|ability: Quark Drive|[fromitem]
|-start|p1a: Iron Valiant|quarkdrivespe
|turn|2
|
|t:|1781157352
|switch|p2a: Johnny Tsunami 🌊|Araquanid, M|100/100
|move|p1a: Iron Valiant|Moonblast|p2a: Johnny Tsunami 🌊
|-damage|p2a: Johnny Tsunami 🌊|61/100
|
|upkeep
|turn|3
|
|t:|1781157359
|move|p1a: Iron Valiant|Calm Mind|p1a: Iron Valiant
|-boost|p1a: Iron Valiant|spa|1
|-boost|p1a: Iron Valiant|spd|1
|move|p2a: Johnny Tsunami 🌊|Surf|p1a: Iron Valiant
|-damage|p1a: Iron Valiant|39/100
|
|upkeep
|turn|4
|
|t:|1781157365
|move|p1a: Iron Valiant|Moonblast|p2a: Johnny Tsunami 🌊
|-damage|p2a: Johnny Tsunami 🌊|2/100
|-unboost|p2a: Johnny Tsunami 🌊|spa|1
|move|p2a: Johnny Tsunami 🌊|Surf|p1a: Iron Valiant
|-damage|p1a: Iron Valiant|0 fnt
|faint|p1a: Iron Valiant
|-end|p1a: Iron Valiant|Quark Drive|[silent]
|
|upkeep
|
|t:|1781157373
|switch|p1a: GG's|Eelektross, F|100/100
|turn|5
|-enditem|p2a: Johnny Tsunami 🌊|Custap Berry|[eat]
|-activate|p2a: Johnny Tsunami 🌊|item: Custap Berry|[consumed]
|
|t:|1781157380
|move|p2a: Johnny Tsunami 🌊|Endeavor|p1a: GG's
|-damage|p1a: GG's|2/100
|move|p1a: GG's|Coil|p1a: GG's
|-boost|p1a: GG's|atk|1
|-boost|p1a: GG's|def|1
|-boost|p1a: GG's|accuracy|1
|
|-heal|p1a: GG's|8/100|[from] item: Leftovers
|upkeep
|turn|6
|
|t:|1781157392
|move|p1a: GG's|Drain Punch|p2a: Johnny Tsunami 🌊
|-resisted|p2a: Johnny Tsunami 🌊
|-damage|p2a: Johnny Tsunami 🌊|0 fnt
|-heal|p1a: GG's|9/100|[from] drain|[of] p2a: Johnny Tsunami 🌊
|faint|p2a: Johnny Tsunami 🌊
|
|-heal|p1a: GG's|15/100|[from] item: Leftovers
|upkeep
|j| pokemonlover-834
|
|t:|1781157420
|switch|p2a: Hoopa|Hoopa-Unbound|100/100
|turn|7
|
|t:|1781157425
|move|p2a: Hoopa|Dark Pulse|p1a: GG's
|-damage|p1a: GG's|0 fnt
|faint|p1a: GG's
|
|upkeep
|
|t:|1781157459
|switch|p1a: Kingambit|Kingambit, M|100/100
|-activate|p1a: Kingambit|ability: Supreme Overlord
|-start|p1a: Kingambit|fallen3|[silent]
|turn|8
|
|t:|1781157476
|move|p2a: Hoopa|Dark Pulse|p1a: Kingambit
|-resisted|p1a: Kingambit
|-damage|p1a: Kingambit|75/100
|move|p1a: Kingambit|Kowtow Cleave|p2a: Hoopa
|-damage|p2a: Hoopa|0 fnt
|faint|p2a: Hoopa
|
|-sideend|p1: Rextrox|Reflect
|upkeep
|
|t:|1781157490
|switch|p2a: Iron Treads|Iron Treads|100/100
|-enditem|p2a: Iron Treads|Booster Energy
|-activate|p2a: Iron Treads|ability: Quark Drive|[fromitem]
|-start|p2a: Iron Treads|quarkdrivespe
|turn|9
|
|t:|1781157497
|-end|p1a: Kingambit|fallen3|[silent]
|switch|p1a: Dragonite|Dragonite, F|100/100
|move|p2a: Iron Treads|Earthquake|p1a: Dragonite
|-immune|p1a: Dragonite
|
|upkeep
|turn|10
|
|t:|1781157505
|move|p2a: Iron Treads|Ice Spinner|p1a: Dragonite
|-supereffective|p1a: Dragonite
|-damage|p1a: Dragonite|42/100
|move|p1a: Dragonite|Earthquake|p2a: Iron Treads
|-supereffective|p2a: Iron Treads
|-damage|p2a: Iron Treads|26/100
|
|upkeep
|turn|11
|
|t:|1781157517
|move|p1a: Dragonite|Extreme Speed|p2a: Iron Treads
|-resisted|p2a: Iron Treads
|-damage|p2a: Iron Treads|13/100
|move|p2a: Iron Treads|Ice Spinner|p1a: Dragonite
|-supereffective|p1a: Dragonite
|-damage|p1a: Dragonite|0 fnt
|faint|p1a: Dragonite
|
|upkeep
|
|t:|1781157520
|switch|p1a: Kingambit|Kingambit, M|75/100
|-activate|p1a: Kingambit|ability: Supreme Overlord
|-start|p1a: Kingambit|fallen4|[silent]
|turn|12
|
|t:|1781157535
|move|p2a: Iron Treads|Earthquake|p1a: Kingambit
|-supereffective|p1a: Kingambit
|-damage|p1a: Kingambit|0 fnt
|faint|p1a: Kingambit
|-end|p1a: Kingambit|fallen4|[silent]
|
|upkeep
|
|t:|1781157538
|switch|p1a: Pecharunt|Pecharunt|100/100
|turn|13
|
|t:|1781157544
|move|p2a: Iron Treads|Earthquake|p1a: Pecharunt
|-supereffective|p1a: Pecharunt
|-damage|p1a: Pecharunt|48/100
|move|p1a: Pecharunt|Shadow Ball|p2a: Iron Treads
|-damage|p2a: Iron Treads|0 fnt
|faint|p2a: Iron Treads
|-end|p2a: Iron Treads|Quark Drive|[silent]
|
|upkeep
|
|t:|1781157554
|switch|p2a: Gholdengo|Gholdengo|100/100
|turn|14
|
|t:|1781157564
|-terastallize|p1a: Pecharunt|Dark
|move|p2a: Gholdengo|Trick|p1a: Pecharunt
|-activate|p2a: Gholdengo|move: Trick|[of] p1a: Pecharunt
|-item|p1a: Pecharunt|Choice Scarf|[from] move: Trick
|-item|p2a: Gholdengo|Heavy-Duty Boots|[from] move: Trick
|move|p1a: Pecharunt|Recover|p1a: Pecharunt
|-heal|p1a: Pecharunt|98/100
|
|upkeep
|turn|15
|-message|Rextrox forfeited.
|
|win|team10thPlanet
|raw|Rextrox's rating: 1612 &rarr; <strong>1595</strong><br />(-17 for losing)
|raw|team10thPlanet's rating: 1667 &rarr; <strong>1684</strong><br />(+17 for winning)
|l|☆Rextrox
|player|p1|
|l| pokemonlover-834
