|j|☆Steez Ibanez
|j|☆Auburn Hills
|t:|1781197755
|gametype|singles
|player|p1|Steez Ibanez|willow-casual|1652
|player|p2|Auburn Hills|alder|1763
|gen|9
|tier|[Gen 9] OU
|rated|
|rule|HP Percentage Mod: HP is shown in percentages
|rule|Endless Battle Clause: Forcing endless battles is banned
|rule|Species Clause: Limit one of each Pokémon
|rule|OHKO Clause: OHKO moves are banned
|rule|Evasion Items Clause: Evasion items are banned
|rule|Evasion Moves Clause: Evasion moves are banned
|rule|Evasion Abilities Clause: Evasion abilities are banned
|rule|Sleep Moves Clause: Sleep-inducing moves are banned
|clearpoke
|poke|p1|Great Tusk|
|poke|p1|Kingambit, F|
|poke|p1|Raging Bolt|
|poke|p1|Walking Wake|
|poke|p1|Ninetales, F|
|poke|p1|Ceruledge, F|
|poke|p2|Iron Moth|
|poke|p2|Umbreon, F|
|poke|p2|Garchomp, M|
|poke|p2|Glimmora, F|
|poke|p2|Gholdengo|
|poke|p2|Dragonite, F|
|teampreview
|l|☆Steez Ibanez
|player|p1|
|inactive|Battle timer is ON: inactive players will automatically lose when time's up. (requested by Auburn Hills)
|j|☆Steez Ibanez
|inactive|Steez Ibanez reconnected and has 150 seconds left.
|player|p1|Steez Ibanez|willow-casual|
|
|t:|1781197786
|teamsize|p1|6
|teamsize|p2|6
|start
|switch|p1a: Walking Wake|Walking Wake|100/100
|switch|p2a: Glimmora|Glimmora, F|100/100
|turn|1
|
|t:|1781197790
|switch|p2a: Alvvays|Umbreon, F|100/100
|move|p1a: Walking Wake|Hydro Steam|p2a: Alvvays
|-damage|p2a: Alvvays|78/100
|
|-heal|p2a: Alvvays|84/100|[from] item: Leftovers
|upkeep
|turn|2
|
|t:|1781197793
|switch|p2a: Glimmora|Glimmora, F|100/100
|move|p1a: Walking Wake|Flip Turn|p2a: Glimmora
|-supereffective|p2a: Glimmora
|-damage|p2a: Glimmora|59/100
|-activate|p2a: Glimmora|ability: Toxic Debris
|-sidestart|p1: Steez Ibanez|move: Toxic Spikes
|
|t:|1781197797
|-end|p1a: Walking Wake|Protosynthesis|[silent]
|switch|p1a: Kingambit|Kingambit, F|100/100|[from] Flip Turn
|-item|p1a: Kingambit|Air Balloon
|
|upkeep
|turn|3
|
|t:|1781197801
|switch|p2a: Alvvays|Umbreon, F|84/100
|move|p1a: Kingambit|Swords Dance|p1a: Kingambit
|-boost|p1a: Kingambit|atk|2
|
|-heal|p2a: Alvvays|91/100|[from] item: Leftovers
|upkeep
|turn|4
|
|t:|1781197806
|move|p1a: Kingambit|Low Kick|p2a: Alvvays
|-supereffective|p2a: Alvvays
|-damage|p2a: Alvvays|21/100
|move|p2a: Alvvays|Foul Play|p1a: Kingambit
|-resisted|p1a: Kingambit
|-damage|p1a: Kingambit|54/100
|-enditem|p1a: Kingambit|Air Balloon
|
|-heal|p2a: Alvvays|27/100|[from] item: Leftovers
|upkeep
|turn|5
|
|t:|1781197810
|switch|p2a: Smino|Gholdengo|100/100
|move|p1a: Kingambit|Kowtow Cleave|p2a: Smino
|-supereffective|p2a: Smino
|-damage|p2a: Smino|0 fnt
|faint|p2a: Smino
|
|upkeep
|
|t:|1781197812
|switch|p2a: Rat Tally|Garchomp, M|100/100
|turn|6
|
|t:|1781197815
|move|p1a: Kingambit|Sucker Punch|p2a: Rat Tally
|-damage|p2a: Rat Tally|14/100
|-damage|p1a: Kingambit|41/100|[from] ability: Rough Skin|[of] p2a: Rat Tally
|move|p2a: Rat Tally|Earthquake|p1a: Kingambit
|-supereffective|p1a: Kingambit
|-damage|p1a: Kingambit|0 fnt
|faint|p1a: Kingambit
|-end|p1a: Kingambit|fallenundefined|[silent]
|
|upkeep
|
|t:|1781197821
|switch|p1a: Ceruledge|Ceruledge, F|100/100
|turn|7
|
|t:|1781197824
|move|p1a: Ceruledge|Shadow Sneak|p2a: Rat Tally
|-damage|p2a: Rat Tally|0 fnt
|-damage|p1a: Ceruledge|88/100|[from] ability: Rough Skin|[of] p2a: Rat Tally
|faint|p2a: Rat Tally
|
|upkeep
|
|t:|1781197827
|switch|p2a: Elucid|Dragonite, F|100/100
|turn|8
|
|t:|1781197833
|move|p2a: Elucid|Dragon Dance|p2a: Elucid
|-boost|p2a: Elucid|atk|1
|-boost|p2a: Elucid|spe|1
|move|p1a: Ceruledge|Swords Dance|p1a: Ceruledge
|-boost|p1a: Ceruledge|atk|2
|
|upkeep
|turn|9
|
|t:|1781197836
|-terastallize|p1a: Ceruledge|Fairy
|move|p2a: Elucid|Earthquake|p1a: Ceruledge
|-damage|p1a: Ceruledge|16/100
|-ability|p1a: Ceruledge|Weak Armor|boost
|-unboost|p1a: Ceruledge|def|1
|-boost|p1a: Ceruledge|spe|2
|move|p1a: Ceruledge|Poltergeist|p2a: Elucid
|-activate|p2a: Elucid|move: Poltergeist|Heavy-Duty Boots
|-damage|p2a: Elucid|28/100
|
|upkeep
|turn|10
|
|t:|1781197846
|move|p2a: Elucid|Extreme Speed|p1a: Ceruledge
|-damage|p1a: Ceruledge|0 fnt
|faint|p1a: Ceruledge
|
|upkeep
|
|t:|1781197848
|switch|p1a: Great Tusk|Great Tusk|100/100
|-status|p1a: Great Tusk|psn
|turn|11
|
|t:|1781197852
|move|p2a: Elucid|Ice Spinner|p1a: Great Tusk
|-supereffective|p1a: Great Tusk
|-damage|p1a: Great Tusk|28/100 psn
|move|p1a: Great Tusk|Ice Spinner|p2a: Elucid
|-supereffective|p2a: Elucid
|-damage|p2a: Elucid|0 fnt
|faint|p2a: Elucid
|
|-damage|p1a: Great Tusk|16/100 psn|[from] psn
|upkeep
|
|t:|1781197856
|switch|p2a: Carly Rae|Iron Moth|100/100
|-enditem|p2a: Carly Rae|Booster Energy
|-activate|p2a: Carly Rae|ability: Quark Drive|[fromitem]
|-start|p2a: Carly Rae|quarkdrivespe
|turn|12
|
|t:|1781197861
|move|p2a: Carly Rae|Fiery Dance|p1a: Great Tusk
|-damage|p1a: Great Tusk|0 fnt
|-boost|p2a: Carly Rae|spa|1
|faint|p1a: Great Tusk
|-end|p1a: Great Tusk|Protosynthesis|[silent]
|
|upkeep
|
|t:|1781197863
|switch|p1a: Ninetales|Ninetales, F|100/100
|-status|p1a: Ninetales|psn
|-weather|SunnyDay|[from] ability: Drought|[of] p1a: Ninetales
|turn|13
|
|t:|1781197867
|move|p2a: Carly Rae|Fiery Dance|p1a: Ninetales
|-resisted|p1a: Ninetales
|-damage|p1a: Ninetales|48/100 psn
|move|p1a: Ninetales|Healing Wish|p1a: Ninetales
|faint|p1a: Ninetales
|
|-weather|SunnyDay|[upkeep]
|upkeep
|
|t:|1781197869
|switch|p1a: Walking Wake|Walking Wake|100/100
|-status|p1a: Walking Wake|psn
|-activate|p1a: Walking Wake|ability: Protosynthesis
|-start|p1a: Walking Wake|protosynthesisspe
|turn|14
|
|t:|1781197875
|-terastallize|p2a: Carly Rae|Fairy
|move|p2a: Carly Rae|Dazzling Gleam|p1a: Walking Wake
|-supereffective|p1a: Walking Wake
|-damage|p1a: Walking Wake|0 fnt
|faint|p1a: Walking Wake
|-end|p1a: Walking Wake|Protosynthesis|[silent]
|
|-weather|SunnyDay|[upkeep]
|upkeep
|
|t:|1781197879
|switch|p1a: Raging Bolt|Raging Bolt|100/100
|-status|p1a: Raging Bolt|psn
|-activate|p1a: Raging Bolt|ability: Protosynthesis
|-start|p1a: Raging Bolt|protosynthesisspa
|turn|15
|
|t:|1781197881
|move|p2a: Carly Rae|Dazzling Gleam|p1a: Raging Bolt
|-supereffective|p1a: Raging Bolt
|-damage|p1a: Raging Bolt|0 fnt
|faint|p1a: Raging Bolt
|-end|p1a: Raging Bolt|Protosynthesis|[silent]
|
|win|Auburn Hills
|raw|Steez Ibanez's rating: 1652 &rarr; <strong>1638</strong><br />(-14 for losing)
|raw|Auburn Hills's rating: 1763 &rarr; <strong>1777</strong><br />(+14 for winning)
|l|☆Steez Ibanez
|player|p1|
|l|☆Auburn Hills
|player|p2|
