|j|☆tamarisimms
|j|☆lupiit
|t:|1781593127
|gametype|singles
|player|p1|tamarisimms|169|1551
|player|p2|lupiit|lucas|1534
|gen|9
|tier|[Gen 9] OU
|rated|
|rule|HP Percentage Mod: HP is shown in percentages
|rule|Endless Battle Clause: Forcing endless battles is banned
|rule|Species Clause: Limit one of each Pokémon
|rule|OHKO Clause: OHKO moves are banned
|rule|Evasion Items Clause: Evasion items are banned
|rule|Evasion Moves Clause: Evasion moves are banned
|rule|Evasion Abilities Clause: Evasion abilities are banned
|rule|Sleep Moves Clause: Sleep-inducing moves are banned
|clearpoke
|poke|p1|Dragonite, M|
|poke|p1|Great Tusk|
|poke|p1|Deoxys-Speed|
|poke|p1|Gholdengo|
|poke|p1|Zamazenta-*|
|poke|p1|Iron Valiant|
|poke|p2|Comfey, F|
|poke|p2|Skeledirge, M|
|poke|p2|Rillaboom, M|
|poke|p2|Samurott-Hisui, F|
|poke|p2|Smeargle, F|
|poke|p2|Hoopa-Unbound|
|teampreview
|inactive|Battle timer is ON: inactive players will automatically lose when time's up. (requested by lupiit)
|
|t:|1781593148
|teamsize|p1|6
|teamsize|p2|6
|start
|switch|p1a: Zamazenta|Zamazenta|100/100
|switch|p2a: Hoopa|Hoopa-Unbound|100/100
|-ability|p1a: Zamazenta|Dauntless Shield|boost
|-boost|p1a: Zamazenta|def|1
|turn|1
|
|t:|1781593153
|switch|p2a: Skeledirge|Skeledirge, M|100/100
|move|p1a: Zamazenta|Close Combat|p2a: Skeledirge
|-immune|p2a: Skeledirge
|
|upkeep
|turn|2
|
|t:|1781593161
|switch|p1a: Deoxys|Deoxys-Speed|100/100
|-ability|p1a: Deoxys|Pressure
|move|p2a: Skeledirge|Torch Song|p1a: Deoxys
|-damage|p1a: Deoxys|58/100
|-boost|p2a: Skeledirge|spa|1
|
|upkeep
|turn|3
|
|t:|1781593167
|move|p1a: Deoxys|Stealth Rock|p2a: Skeledirge
|-sidestart|p2: lupiit|move: Stealth Rock
|move|p2a: Skeledirge|Torch Song|p1a: Deoxys
|-damage|p1a: Deoxys|0 fnt
|-boost|p2a: Skeledirge|spa|1
|faint|p1a: Deoxys
|
|upkeep
|j| lord shiddenfards
|
|t:|1781593173
|switch|p1a: Great Tusk|Great Tusk|100/100
|-enditem|p1a: Great Tusk|Booster Energy
|-activate|p1a: Great Tusk|ability: Protosynthesis|[fromitem]
|-start|p1a: Great Tusk|protosynthesisspe
|turn|4
|
|t:|1781593179
|switch|p2a: Rillaboom|Rillaboom, M|100/100
|-damage|p2a: Rillaboom|88/100|[from] Stealth Rock
|-fieldstart|move: Grassy Terrain|[from] ability: Grassy Surge|[of] p2a: Rillaboom
|move|p1a: Great Tusk|Headlong Rush|p2a: Rillaboom
|-resisted|p2a: Rillaboom
|-damage|p2a: Rillaboom|60/100
|-unboost|p1a: Great Tusk|def|1
|-unboost|p1a: Great Tusk|spd|1
|
|-heal|p2a: Rillaboom|66/100|[from] Grassy Terrain
|upkeep
|turn|5
|
|t:|1781593190
|-end|p1a: Great Tusk|Protosynthesis|[silent]
|switch|p1a: Gholdengo|Gholdengo|100/100
|move|p2a: Rillaboom|Grassy Glide|p1a: Gholdengo
|-resisted|p1a: Gholdengo
|-damage|p1a: Gholdengo|87/100
|
|-heal|p1a: Gholdengo|93/100|[from] Grassy Terrain
|-heal|p2a: Rillaboom|72/100|[from] Grassy Terrain
|upkeep
|turn|6
|
|t:|1781593202
|move|p1a: Gholdengo|Make It Rain|p2a: Rillaboom
|-damage|p2a: Rillaboom|13/100
|-unboost|p1a: Gholdengo|spa|1
|move|p2a: Rillaboom|High Horsepower|p1a: Gholdengo
|-supereffective|p1a: Gholdengo
|-damage|p1a: Gholdengo|44/100
|
|-heal|p1a: Gholdengo|50/100|[from] Grassy Terrain
|-heal|p2a: Rillaboom|20/100|[from] Grassy Terrain
|upkeep
|turn|7
|l| lord shiddenfards
|
|t:|1781593209
|switch|p2a: Samurott|Samurott-Hisui, F|100/100
|-damage|p2a: Samurott|88/100|[from] Stealth Rock
|move|p1a: Gholdengo|Make It Rain|p2a: Samurott
|-resisted|p2a: Samurott
|-crit|p2a: Samurott
|-damage|p2a: Samurott|15/100
|-unboost|p1a: Gholdengo|spa|1
|
|-heal|p2a: Samurott|21/100|[from] Grassy Terrain
|-heal|p1a: Gholdengo|56/100|[from] Grassy Terrain
|upkeep
|turn|8
|
|t:|1781593224
|switch|p1a: Great Tusk|Great Tusk|100/100
|move|p2a: Samurott|Aqua Jet|p1a: Great Tusk
|-supereffective|p1a: Great Tusk
|-damage|p1a: Great Tusk|69/100
|
|-heal|p1a: Great Tusk|75/100|[from] Grassy Terrain
|-heal|p2a: Samurott|27/100|[from] Grassy Terrain
|upkeep
|turn|9
|
|t:|1781593228
|move|p2a: Samurott|Aqua Jet|p1a: Great Tusk
|-supereffective|p1a: Great Tusk
|-damage|p1a: Great Tusk|41/100
|move|p1a: Great Tusk|Headlong Rush|p2a: Samurott
|-damage|p2a: Samurott|0 fnt
|-unboost|p1a: Great Tusk|def|1
|-unboost|p1a: Great Tusk|spd|1
|faint|p2a: Samurott
|
|-heal|p1a: Great Tusk|47/100|[from] Grassy Terrain
|upkeep
|
|t:|1781593235
|switch|p2a: Comfey|Comfey, F|100/100
|-damage|p2a: Comfey|88/100|[from] Stealth Rock
|turn|10
|
|t:|1781593239
|-end|p1a: Great Tusk|Protosynthesis|[silent]
|switch|p1a: Gholdengo|Gholdengo|56/100
|move|p2a: Comfey|Draining Kiss|p1a: Gholdengo
|-resisted|p1a: Gholdengo
|-damage|p1a: Gholdengo|46/100
|-heal|p2a: Comfey|97/100|[from] drain|[of] p1a: Gholdengo
|
|-heal|p2a: Comfey|100/100|[from] Grassy Terrain
|-heal|p1a: Gholdengo|52/100|[from] Grassy Terrain
|upkeep
|turn|11
|
|t:|1781593248
|switch|p2a: Rillaboom|Rillaboom, M|20/100
|-damage|p2a: Rillaboom|7/100|[from] Stealth Rock
|move|p1a: Gholdengo|Shadow Ball|p2a: Rillaboom
|-damage|p2a: Rillaboom|0 fnt
|faint|p2a: Rillaboom
|
|-heal|p1a: Gholdengo|59/100|[from] Grassy Terrain
|-fieldend|move: Grassy Terrain
|upkeep
|
|t:|1781593252
|switch|p2a: Smeargle|Smeargle, F|100/100
|-damage|p2a: Smeargle|88/100|[from] Stealth Rock
|turn|12
|
|t:|1781593255
|move|p2a: Smeargle|Court Change|p2a: Smeargle
|-swapsideconditions
|-activate|p2a: Smeargle|move: Court Change
|move|p1a: Gholdengo|Make It Rain|p2a: Smeargle
|-damage|p2a: Smeargle|0 fnt
|-unboost|p1a: Gholdengo|spa|1
|faint|p2a: Smeargle
|
|upkeep
|
|t:|1781593261
|switch|p2a: Comfey|Comfey, F|100/100
|turn|13
|
|t:|1781593267
|move|p2a: Comfey|Calm Mind|p2a: Comfey
|-boost|p2a: Comfey|spa|1
|-boost|p2a: Comfey|spd|1
|move|p1a: Gholdengo|Nasty Plot|p1a: Gholdengo
|-boost|p1a: Gholdengo|spa|2
|
|upkeep
|turn|14
|
|t:|1781593280
|switch|p2a: Skeledirge|Skeledirge, M|100/100
|move|p1a: Gholdengo|Make It Rain|p2a: Skeledirge
|-resisted|p2a: Skeledirge
|-damage|p2a: Skeledirge|65/100
|-unboost|p1a: Gholdengo|spa|1
|
|upkeep
|turn|15
|
|t:|1781593283
|move|p2a: Skeledirge|Torch Song|p1a: Gholdengo
|-supereffective|p1a: Gholdengo
|-damage|p1a: Gholdengo|0 fnt
|-boost|p2a: Skeledirge|spa|1
|faint|p1a: Gholdengo
|
|upkeep
|
|t:|1781593289
|switch|p1a: Great Tusk|Great Tusk|47/100
|-damage|p1a: Great Tusk|44/100|[from] Stealth Rock
|turn|16
|
|t:|1781593295
|switch|p2a: Hoopa|Hoopa-Unbound|100/100
|move|p1a: Great Tusk|Headlong Rush|p2a: Hoopa
|-damage|p2a: Hoopa|16/100
|-unboost|p1a: Great Tusk|def|1
|-unboost|p1a: Great Tusk|spd|1
|
|upkeep
|turn|17
|
|t:|1781593311
|move|p1a: Great Tusk|Headlong Rush|p2a: Hoopa
|-damage|p2a: Hoopa|0 fnt
|-unboost|p1a: Great Tusk|def|1
|-unboost|p1a: Great Tusk|spd|1
|faint|p2a: Hoopa
|
|upkeep
|
|t:|1781593315
|switch|p2a: Comfey|Comfey, F|100/100
|turn|18
|
|t:|1781593338
|-end|p1a: Great Tusk|Protosynthesis|[silent]
|switch|p1a: Dragonite|Dragonite, M|100/100
|-damage|p1a: Dragonite|76/100|[from] Stealth Rock
|move|p2a: Comfey|Calm Mind|p2a: Comfey
|-boost|p2a: Comfey|spa|1
|-boost|p2a: Comfey|spd|1
|
|upkeep
|turn|19
|
|t:|1781593345
|-terastallize|p1a: Dragonite|Fire
|move|p2a: Comfey|Draining Kiss|p1a: Dragonite
|-resisted|p1a: Dragonite
|-damage|p1a: Dragonite|57/100
|move|p1a: Dragonite|Dragon Dance|p1a: Dragonite
|-boost|p1a: Dragonite|atk|1
|-boost|p1a: Dragonite|spe|1
|
|upkeep
|turn|20
|
|t:|1781593356
|move|p2a: Comfey|Draining Kiss|p1a: Dragonite
|-resisted|p1a: Dragonite
|-damage|p1a: Dragonite|36/100
|move|p1a: Dragonite|Fire Punch|p2a: Comfey
|-damage|p2a: Comfey|0 fnt
|faint|p2a: Comfey
|-damage|p1a: Dragonite|27/100|[from] item: Life Orb
|
|upkeep
|
|t:|1781593363
|switch|p2a: Skeledirge|Skeledirge, M|65/100
|turn|21
|
|t:|1781593371
|move|p1a: Dragonite|Outrage|p2a: Skeledirge
|-damage|p2a: Skeledirge|0 fnt
|faint|p2a: Skeledirge
|-damage|p1a: Dragonite|17/100|[from] item: Life Orb
|
|win|tamarisimms
|raw|tamarisimms's rating: 1551 &rarr; <strong>1570</strong><br />(+19 for winning)
|raw|lupiit's rating: 1534 &rarr; <strong>1515</strong><br />(-19 for losing)
|l|☆lupiit
|player|p2|
