|badge|p2|silver|gen9ou|30-9
|uhtml|medal-msg|<div class="broadcast-blue">Curious what those medals under the avatar are? PS now has Ladder Seasons! For more information, check out the <a href="https://www.smogon.com/forums/threads/3740067/">thread on Smogon.</a></div>
|j|☆18dabloons
|j|☆AnonymousJon
|t:|1781157671
|gametype|singles
|player|p1|18dabloons|caitlin|1713
|player|p2|AnonymousJon|workerice|1893
|gen|9
|tier|[Gen 9] OU
|rated|
|rule|HP Percentage Mod: HP is shown in percentages
|rule|Endless Battle Clause: Forcing endless battles is banned
|rule|Species Clause: Limit one of each Pokémon
|rule|OHKO Clause: OHKO moves are banned
|rule|Evasion Items Clause: Evasion items are banned
|rule|Evasion Moves Clause: Evasion moves are banned
|rule|Evasion Abilities Clause: Evasion abilities are banned
|rule|Sleep Moves Clause: Sleep-inducing moves are banned
|clearpoke
|poke|p1|Ursaluna, F|
|poke|p1|Alomomola, F|
|poke|p1|Excadrill, F|
|poke|p1|Tyranitar, F|
|poke|p1|Keldeo-Resolute|
|poke|p1|Gholdengo|
|poke|p2|Great Tusk|
|poke|p2|Ogerpon-Cornerstone, F|
|poke|p2|Rillaboom, M|
|poke|p2|Tyranitar, F|
|poke|p2|Corviknight, M|
|poke|p2|Dragapult, M|
|teampreview
|inactive|Battle timer is ON: inactive players will automatically lose when time's up. (requested by AnonymousJon)
|
|t:|1781157695
|teamsize|p1|6
|teamsize|p2|6
|start
|switch|p1a: Tyranitar|Tyranitar, F|100/100
|switch|p2a: Rillaboom|Rillaboom, M|100/100
|-fieldstart|move: Grassy Terrain|[from] ability: Grassy Surge|[of] p2a: Rillaboom
|-weather|Sandstorm|[from] ability: Sand Stream|[of] p1a: Tyranitar
|turn|1
|
|t:|1781157702
|switch|p1a: Gholdengo|Gholdengo|100/100
|move|p2a: Rillaboom|Wood Hammer|p1a: Gholdengo
|-resisted|p1a: Gholdengo
|-damage|p1a: Gholdengo|52/100
|-damage|p2a: Rillaboom|83/100|[from] Recoil
|
|-weather|Sandstorm|[upkeep]
|-damage|p2a: Rillaboom|77/100|[from] Sandstorm
|-heal|p2a: Rillaboom|83/100|[from] Grassy Terrain
|-heal|p1a: Gholdengo|58/100|[from] Grassy Terrain
|upkeep
|turn|2
|
|t:|1781157708
|-terastallize|p2a: Rillaboom|Grass
|move|p2a: Rillaboom|Wood Hammer|p1a: Gholdengo
|-resisted|p1a: Gholdengo
|-damage|p1a: Gholdengo|0 fnt
|faint|p1a: Gholdengo
|-damage|p2a: Rillaboom|62/100|[from] Recoil
|
|-weather|Sandstorm|[upkeep]
|-damage|p2a: Rillaboom|56/100|[from] Sandstorm
|-heal|p2a: Rillaboom|62/100|[from] Grassy Terrain
|upkeep
|
|t:|1781157721
|switch|p1a: Keldeo|Keldeo-Resolute|100/100
|turn|3
|
|t:|1781157723
|switch|p2a: Dragapult|Dragapult, M|100/100
|move|p1a: Keldeo|Secret Sword|p2a: Dragapult
|-immune|p2a: Dragapult
|
|-weather|Sandstorm|[upkeep]
|-damage|p2a: Dragapult|94/100|[from] Sandstorm
|-damage|p1a: Keldeo|94/100|[from] Sandstorm
|-heal|p2a: Dragapult|100/100|[from] Grassy Terrain
|-heal|p1a: Keldeo|100/100|[from] Grassy Terrain
|upkeep
|turn|4
|
|t:|1781157732
|move|p2a: Dragapult|Substitute|p2a: Dragapult
|-start|p2a: Dragapult|Substitute
|-damage|p2a: Dragapult|76/100
|move|p1a: Keldeo|Secret Sword|p2a: Dragapult
|-immune|p2a: Dragapult
|
|-weather|Sandstorm|[upkeep]
|-damage|p2a: Dragapult|69/100|[from] Sandstorm
|-damage|p1a: Keldeo|94/100|[from] Sandstorm
|-heal|p2a: Dragapult|76/100|[from] Grassy Terrain
|-heal|p2a: Dragapult|82/100|[from] item: Leftovers
|-heal|p1a: Keldeo|100/100|[from] Grassy Terrain
|upkeep
|turn|5
|
|t:|1781157737
|switch|p1a: Alomomola|Alomomola, F, shiny|100/100
|move|p2a: Dragapult|Dragon Darts|p1a: Alomomola
|-damage|p1a: Alomomola|89/100
|-anim|p2a: Dragapult|Dragon Darts|p1a: Alomomola
|-damage|p1a: Alomomola|78/100
|-enditem|p1a: Alomomola|Red Card|[of] p2a: Dragapult
|drag|p2a: Great Tusk|Great Tusk|100/100
|
|-weather|Sandstorm|[upkeep]
|-damage|p1a: Alomomola|72/100|[from] Sandstorm
|-heal|p1a: Alomomola|78/100|[from] Grassy Terrain
|-fieldend|move: Grassy Terrain
|upkeep
|turn|6
|
|t:|1781157743
|-end|p2a: Great Tusk|Protosynthesis|[silent]
|switch|p2a: Corviknight|Corviknight, M|100/100
|-ability|p2a: Corviknight|Pressure
|move|p1a: Alomomola|Flip Turn|p2a: Corviknight
|-crit|p2a: Corviknight
|-damage|p2a: Corviknight|86/100
|-damage|p1a: Alomomola|62/100|[from] item: Rocky Helmet|[of] p2a: Corviknight
|
|t:|1781157758
|switch|p1a: Ursaluna|Ursaluna, F|100/100|[from] Flip Turn
|
|-weather|Sandstorm|[upkeep]
|-status|p1a: Ursaluna|brn|[from] item: Flame Orb
|upkeep
|turn|7
|
|t:|1781157766
|move|p1a: Ursaluna|Fire Punch|p2a: Corviknight
|-supereffective|p2a: Corviknight
|-damage|p2a: Corviknight|32/100
|-damage|p1a: Ursaluna|84/100 brn|[from] item: Rocky Helmet|[of] p2a: Corviknight
|move|p2a: Corviknight|Body Press|p1a: Ursaluna
|-supereffective|p1a: Ursaluna
|-damage|p1a: Ursaluna|44/100 brn
|
|-weather|Sandstorm|[upkeep]
|-damage|p1a: Ursaluna|37/100 brn|[from] brn
|upkeep
|turn|8
|
|t:|1781157786
|switch|p2a: Great Tusk|Great Tusk|100/100
|move|p1a: Ursaluna|Fire Punch|p2a: Great Tusk
|-damage|p2a: Great Tusk|71/100
|
|-weather|none
|-damage|p1a: Ursaluna|31/100 brn|[from] brn
|upkeep
|turn|9
|
|t:|1781157796
|switch|p1a: Alomomola|Alomomola, F, shiny|95/100
|move|p2a: Great Tusk|Headlong Rush|p1a: Alomomola
|-damage|p1a: Alomomola|61/100
|-unboost|p2a: Great Tusk|def|1
|-unboost|p2a: Great Tusk|spd|1
|
|upkeep
|turn|10
|
|t:|1781157798
|move|p2a: Great Tusk|Headlong Rush|p1a: Alomomola
|-crit|p1a: Alomomola
|-damage|p1a: Alomomola|17/100
|-unboost|p2a: Great Tusk|def|1
|-unboost|p2a: Great Tusk|spd|1
|move|p1a: Alomomola|Flip Turn|p2a: Great Tusk
|-supereffective|p2a: Great Tusk
|-damage|p2a: Great Tusk|29/100
|
|t:|1781157804
|switch|p1a: Keldeo|Keldeo-Resolute|100/100|[from] Flip Turn
|
|upkeep
|turn|11
|
|t:|1781157807
|-end|p2a: Great Tusk|Protosynthesis|[silent]
|switch|p2a: Ogerpon|Ogerpon-Cornerstone, F|100/100
|move|p1a: Keldeo|Surf|p2a: Ogerpon
|-damage|p2a: Ogerpon|23/100
|
|upkeep
|turn|12
|
|t:|1781157819
|switch|p1a: Ursaluna|Ursaluna, F|31/100 brn
|move|p2a: Ogerpon|Horn Leech|p1a: Ursaluna
|-supereffective|p1a: Ursaluna
|-damage|p1a: Ursaluna|0 fnt
|-heal|p2a: Ogerpon|45/100|[from] drain|[of] p1a: Ursaluna
|faint|p1a: Ursaluna
|
|upkeep
|
|t:|1781157843
|switch|p1a: Tyranitar|Tyranitar, F|100/100
|-weather|Sandstorm|[from] ability: Sand Stream|[of] p1a: Tyranitar
|turn|13
|j| pokemonlover-834
|
|t:|1781157853
|move|p2a: Ogerpon|Horn Leech|p1a: Tyranitar
|-supereffective|p1a: Tyranitar
|-damage|p1a: Tyranitar|27/100
|-heal|p2a: Ogerpon|94/100|[from] drain|[of] p1a: Tyranitar
|move|p1a: Tyranitar|Thunder Wave|p2a: Ogerpon
|-status|p2a: Ogerpon|par
|
|-weather|Sandstorm|[upkeep]
|upkeep
|turn|14
|
|t:|1781157865
|switch|p2a: Great Tusk|Great Tusk|29/100
|move|p1a: Tyranitar|Ice Beam|p2a: Great Tusk
|-supereffective|p2a: Great Tusk
|-damage|p2a: Great Tusk|3/100
|
|-weather|Sandstorm|[upkeep]
|upkeep
|turn|15
|
|t:|1781157875
|move|p2a: Great Tusk|Headlong Rush|p1a: Tyranitar
|-supereffective|p1a: Tyranitar
|-damage|p1a: Tyranitar|0 fnt
|-unboost|p2a: Great Tusk|def|1
|-unboost|p2a: Great Tusk|spd|1
|faint|p1a: Tyranitar
|
|-weather|Sandstorm|[upkeep]
|upkeep
|inactive|18dabloons has 120 seconds left.
|
|t:|1781157889
|switch|p1a: Keldeo|Keldeo-Resolute|100/100
|turn|16
|
|t:|1781157892
|move|p1a: Keldeo|Flip Turn|p2a: Great Tusk
|-supereffective|p2a: Great Tusk
|-crit|p2a: Great Tusk
|-damage|p2a: Great Tusk|0 fnt
|faint|p2a: Great Tusk
|-end|p2a: Great Tusk|Protosynthesis|[silent]
|
|t:|1781157895
|switch|p1a: Excadrill|Excadrill, F|100/100|[from] Flip Turn
|-item|p1a: Excadrill|Air Balloon
|
|-weather|Sandstorm|[upkeep]
|upkeep
|
|t:|1781157898
|switch|p2a: Corviknight|Corviknight, M|32/100
|-ability|p2a: Corviknight|Pressure
|turn|17
|
|t:|1781157903
|move|p1a: Excadrill|Rock Slide|p2a: Corviknight
|-crit|p2a: Corviknight
|-damage|p2a: Corviknight|6/100
|move|p2a: Corviknight|Roost|p2a: Corviknight
|-heal|p2a: Corviknight|56/100
|-singleturn|p2a: Corviknight|move: Roost
|
|-weather|Sandstorm|[upkeep]
|upkeep
|turn|18
|
|t:|1781157913
|-terastallize|p1a: Excadrill|Ghost
|move|p1a: Excadrill|Swords Dance|p1a: Excadrill
|-boost|p1a: Excadrill|atk|2
|move|p2a: Corviknight|Roost|p2a: Corviknight
|-heal|p2a: Corviknight|100/100
|-singleturn|p2a: Corviknight|move: Roost
|
|-weather|Sandstorm|[upkeep]
|upkeep
|turn|19
|
|t:|1781157921
|move|p1a: Excadrill|Earthquake|p2a: Corviknight
|-immune|p2a: Corviknight
|move|p2a: Corviknight|Brave Bird|p1a: Excadrill
|-damage|p1a: Excadrill|50/100
|-enditem|p1a: Excadrill|Air Balloon
|-damage|p2a: Corviknight|85/100|[from] Recoil
|
|-weather|Sandstorm|[upkeep]
|upkeep
|turn|20
|
|t:|1781157928
|move|p1a: Excadrill|Rock Slide|p2a: Corviknight
|-damage|p2a: Corviknight|53/100
|move|p2a: Corviknight|U-turn|p1a: Excadrill
|-resisted|p1a: Excadrill
|-damage|p1a: Excadrill|39/100
|
|t:|1781157931
|switch|p2a: Rillaboom|Rillaboom, M, tera:Grass|62/100|[from] U-turn
|-fieldstart|move: Grassy Terrain|[from] ability: Grassy Surge|[of] p2a: Rillaboom
|
|-weather|none
|-heal|p1a: Excadrill|45/100|[from] Grassy Terrain
|-heal|p2a: Rillaboom|68/100|[from] Grassy Terrain
|upkeep
|turn|21
|
|t:|1781157940
|move|p2a: Rillaboom|Grassy Glide|p1a: Excadrill
|-damage|p1a: Excadrill|0 fnt
|faint|p1a: Excadrill
|
|-heal|p2a: Rillaboom|74/100|[from] Grassy Terrain
|upkeep
|-message|18dabloons forfeited.
|
|win|AnonymousJon
|raw|18dabloons's rating: 1713 &rarr; <strong>1703</strong><br />(-10 for losing)
|raw|AnonymousJon's rating: 1893 &rarr; <strong>1903</strong><br />(+10 for winning)
|l|☆18dabloons
|player|p1|
|l|☆AnonymousJon
|player|p2|
|l| pokemonlover-834
