|j|☆moocowvin
|j|‽tasty sardine 408
|t:|1781576661
|gametype|singles
|player|p1|moocowvin|riley|1633
|player|p2|tasty sardine 408|harlequin|1570
|gen|9
|tier|[Gen 9] OU
|rated|
|rule|HP Percentage Mod: HP is shown in percentages
|rule|Endless Battle Clause: Forcing endless battles is banned
|rule|Species Clause: Limit one of each Pokémon
|rule|OHKO Clause: OHKO moves are banned
|rule|Evasion Items Clause: Evasion items are banned
|rule|Evasion Moves Clause: Evasion moves are banned
|rule|Evasion Abilities Clause: Evasion abilities are banned
|rule|Sleep Moves Clause: Sleep-inducing moves are banned
|clearpoke
|poke|p1|Iron Moth|
|poke|p1|Greninja-*, M|
|poke|p1|Hatterene, F|
|poke|p1|Gliscor, M|
|poke|p1|Raging Bolt|
|poke|p1|Zamazenta-*|
|poke|p2|Umbreon, M|
|poke|p2|Serperior, M|
|poke|p2|Cresselia, F|
|poke|p2|Revavroom, M|
|poke|p2|Skeledirge, M|
|poke|p2|Manaphy|
|teampreview
|
|t:|1781576669
|teamsize|p1|6
|teamsize|p2|6
|start
|switch|p1a: Zamazenta|Zamazenta|100/100
|switch|p2a: Serperior|Serperior, M, shiny|100/100
|-ability|p1a: Zamazenta|Dauntless Shield|boost
|-boost|p1a: Zamazenta|def|1
|turn|1
|
|t:|1781576674
|move|p1a: Zamazenta|Light Screen|p1a: Zamazenta
|-sidestart|p1: moocowvin|move: Light Screen
|move|p2a: Serperior|Leaf Storm|p1a: Zamazenta
|-damage|p1a: Zamazenta|86/100
|-boost|p2a: Serperior|spa|2
|
|upkeep
|turn|2
|
|t:|1781576681
|move|p1a: Zamazenta|Close Combat|p2a: Serperior
|-damage|p2a: Serperior|53/100
|-unboost|p1a: Zamazenta|def|1
|-unboost|p1a: Zamazenta|spd|1
|move|p2a: Serperior|Glare|p1a: Zamazenta
|-status|p1a: Zamazenta|par
|
|-heal|p2a: Serperior|59/100|[from] item: Leftovers
|upkeep
|turn|3
|
|t:|1781576685
|move|p2a: Serperior|Giga Drain|p1a: Zamazenta
|-damage|p1a: Zamazenta|60/100 par
|-heal|p2a: Serperior|73/100|[from] drain|[of] p1a: Zamazenta
|move|p1a: Zamazenta|Reflect|p1a: Zamazenta
|-sidestart|p1: moocowvin|Reflect
|
|-heal|p2a: Serperior|79/100|[from] item: Leftovers
|upkeep
|turn|4
|
|t:|1781576689
|switch|p1a: Iron Moth|Iron Moth|100/100
|-enditem|p1a: Iron Moth|Booster Energy
|-activate|p1a: Iron Moth|ability: Quark Drive|[fromitem]
|-start|p1a: Iron Moth|quarkdrivespe
|move|p2a: Serperior|Leaf Storm|p1a: Iron Moth
|-resisted|p1a: Iron Moth
|-damage|p1a: Iron Moth|93/100
|-boost|p2a: Serperior|spa|2
|
|-heal|p2a: Serperior|85/100|[from] item: Leftovers
|upkeep
|turn|5
|
|t:|1781576695
|-terastallize|p2a: Serperior|Electric
|move|p1a: Iron Moth|Fiery Dance|p2a: Serperior
|-damage|p2a: Serperior|43/100
|-boost|p1a: Iron Moth|spa|1
|move|p2a: Serperior|Giga Drain|p1a: Iron Moth
|-resisted|p1a: Iron Moth
|-damage|p1a: Iron Moth|85/100
|-heal|p2a: Serperior|47/100|[from] drain|[of] p1a: Iron Moth
|
|-heal|p2a: Serperior|53/100|[from] item: Leftovers
|upkeep
|turn|6
|
|t:|1781576706
|move|p1a: Iron Moth|Fiery Dance|p2a: Serperior
|-damage|p2a: Serperior|0 fnt
|faint|p2a: Serperior
|
|upkeep
|
|t:|1781576714
|switch|p2a: Skeledirge|Skeledirge, M, shiny|100/100
|turn|7
|
|t:|1781576721
|move|p2a: Skeledirge|Torch Song|p1a: Iron Moth
|-resisted|p1a: Iron Moth
|-damage|p1a: Iron Moth|78/100
|-boost|p2a: Skeledirge|spa|1
|move|p1a: Iron Moth|Whirlwind|p2a: Skeledirge
|drag|p2a: Cresselia|Cresselia, F, shiny|100/100
|
|upkeep
|turn|8
|
|t:|1781576724
|move|p1a: Iron Moth|Toxic Spikes|p2a: Cresselia
|-sidestart|p2: tasty sardine 408|move: Toxic Spikes
|move|p2a: Cresselia|Calm Mind|p2a: Cresselia
|-boost|p2a: Cresselia|spa|1
|-boost|p2a: Cresselia|spd|1
|
|-sideend|p1: moocowvin|move: Light Screen
|upkeep
|turn|9
|
|t:|1781576728
|move|p2a: Cresselia|Stored Power|p1a: Iron Moth
|-supereffective|p1a: Iron Moth
|-damage|p1a: Iron Moth|29/100
|move|p1a: Iron Moth|Whirlwind|p2a: Cresselia
|drag|p2a: Revavroom|Revavroom, M, shiny|100/100
|-item|p2a: Revavroom|Air Balloon
|
|upkeep
|turn|10
|
|t:|1781576733
|move|p1a: Iron Moth|Fiery Dance|p2a: Revavroom
|-supereffective|p2a: Revavroom
|-damage|p2a: Revavroom|0 fnt
|-boost|p1a: Iron Moth|spa|1
|-enditem|p2a: Revavroom|Air Balloon
|faint|p2a: Revavroom
|
|-sideend|p1: moocowvin|Reflect
|upkeep
|
|t:|1781576738
|switch|p2a: Manaphy|Manaphy, shiny|100/100
|-status|p2a: Manaphy|psn
|turn|11
|
|t:|1781576740
|move|p1a: Iron Moth|Sludge Wave|p2a: Manaphy
|-damage|p2a: Manaphy|22/100 psn
|move|p2a: Manaphy|Take Heart|p2a: Manaphy
|-boost|p2a: Manaphy|spa|1
|-boost|p2a: Manaphy|spd|1
|-curestatus|p2a: Manaphy|psn|[msg]
|
|-heal|p2a: Manaphy|28/100|[from] item: Leftovers
|upkeep
|turn|12
|
|t:|1781576743
|move|p1a: Iron Moth|Sludge Wave|p2a: Manaphy
|-damage|p2a: Manaphy|0 fnt
|faint|p2a: Manaphy
|
|upkeep
|
|t:|1781576745
|switch|p2a: Cresselia|Cresselia, F, shiny|100/100
|turn|13
|
|t:|1781576752
|switch|p2a: Skeledirge|Skeledirge, M, shiny|100/100
|move|p1a: Iron Moth|Sludge Wave|p2a: Skeledirge
|-resisted|p2a: Skeledirge
|-damage|p2a: Skeledirge|82/100
|
|upkeep
|turn|14
|
|t:|1781576756
|move|p2a: Skeledirge|Torch Song|p1a: Iron Moth
|-resisted|p1a: Iron Moth
|-damage|p1a: Iron Moth|16/100
|-boost|p2a: Skeledirge|spa|1
|move|p1a: Iron Moth|Whirlwind|p2a: Skeledirge
|drag|p2a: Cresselia|Cresselia, F, shiny|100/100
|
|upkeep
|turn|15
|
|t:|1781576760
|switch|p2a: Skeledirge|Skeledirge, M, shiny|82/100
|move|p1a: Iron Moth|Toxic Spikes|p2a: Skeledirge
|-sidestart|p2: tasty sardine 408|move: Toxic Spikes
|
|upkeep
|turn|16
|
|t:|1781576762
|move|p2a: Skeledirge|Torch Song|p1a: Iron Moth
|-resisted|p1a: Iron Moth
|-damage|p1a: Iron Moth|0 fnt
|-boost|p2a: Skeledirge|spa|1
|faint|p1a: Iron Moth
|-end|p1a: Iron Moth|Quark Drive|[silent]
|
|upkeep
|
|t:|1781576774
|switch|p1a: Greninja|Greninja, M|100/100
|turn|17
|inactive|Battle timer is ON: inactive players will automatically lose when time's up. (requested by tasty sardine 408)
|
|t:|1781576777
|move|p1a: Greninja|Swords Dance|p1a: Greninja
|-boost|p1a: Greninja|atk|2
|move|p2a: Skeledirge|Will-O-Wisp|p1a: Greninja
|-status|p1a: Greninja|brn
|
|-damage|p1a: Greninja|95/100 brn|[from] brn
|upkeep
|turn|18
|
|t:|1781576779
|move|p1a: Greninja|Swords Dance|p1a: Greninja
|-boost|p1a: Greninja|atk|2
|move|p2a: Skeledirge|Hex|p1a: Greninja
|-resisted|p1a: Greninja
|-damage|p1a: Greninja|35/100 brn
|
|-heal|p1a: Greninja|40/100 brn|[from] item: Leftovers
|-damage|p1a: Greninja|35/100 brn|[from] brn
|upkeep
|turn|19
|
|t:|1781576780
|move|p1a: Greninja|Liquidation|p2a: Skeledirge
|-supereffective|p2a: Skeledirge
|-damage|p2a: Skeledirge|57/100
|move|p2a: Skeledirge|Hex|p1a: Greninja
|-resisted|p1a: Greninja
|-damage|p1a: Greninja|0 fnt
|faint|p1a: Greninja
|
|upkeep
|
|t:|1781576784
|switch|p1a: Gliscor|Gliscor, M|100/100
|turn|20
|j| brayyanxz
|
|t:|1781576788
|move|p1a: Gliscor|Earthquake|p2a: Skeledirge
|-supereffective|p2a: Skeledirge
|-crit|p2a: Skeledirge
|-damage|p2a: Skeledirge|0 fnt
|faint|p2a: Skeledirge
|
|-status|p1a: Gliscor|tox|[from] item: Toxic Orb
|upkeep
|
|t:|1781576791
|switch|p2a: Cresselia|Cresselia, F, shiny|100/100
|turn|21
|
|t:|1781576793
|move|p1a: Gliscor|Swords Dance|p1a: Gliscor
|-boost|p1a: Gliscor|atk|2
|move|p2a: Cresselia|Calm Mind|p2a: Cresselia
|-boost|p2a: Cresselia|spa|1
|-boost|p2a: Cresselia|spd|1
|
|upkeep
|turn|22
|
|t:|1781576798
|-terastallize|p1a: Gliscor|Normal
|move|p1a: Gliscor|Swords Dance|p1a: Gliscor
|-boost|p1a: Gliscor|atk|2
|move|p2a: Cresselia|Calm Mind|p2a: Cresselia
|-boost|p2a: Cresselia|spa|1
|-boost|p2a: Cresselia|spd|1
|
|upkeep
|turn|23
|
|t:|1781576801
|move|p1a: Gliscor|Facade|p2a: Cresselia
|-damage|p2a: Cresselia|9/100
|move|p2a: Cresselia|Stored Power|p1a: Gliscor
|-damage|p1a: Gliscor|26/100 tox
|
|-heal|p2a: Cresselia|15/100|[from] item: Leftovers
|-heal|p1a: Gliscor|38/100 tox|[from] ability: Poison Heal
|upkeep
|turn|24
|
|t:|1781576803
|move|p1a: Gliscor|Facade|p2a: Cresselia
|-damage|p2a: Cresselia|0 fnt
|faint|p2a: Cresselia
|
|-heal|p1a: Gliscor|50/100 tox|[from] ability: Poison Heal
|upkeep
|l|‽tasty sardine 408
|inactive|tasty sardine 408 disconnected and has a minute to reconnect!
|player|p2|
|inactive|tasty sardine 408 has 30 seconds to reconnect!
|inactive|tasty sardine 408 has 20 seconds to reconnect!
|inactive|tasty sardine 408 has 15 seconds to reconnect!
|inactive|tasty sardine 408 has 10 seconds to reconnect!
|inactive|tasty sardine 408 has 5 seconds to reconnect!
|-message|tasty sardine 408 lost due to inactivity.
|
|win|moocowvin
|raw|moocowvin's rating: 1633 &rarr; <strong>1649</strong><br />(+16 for winning)
|raw|tasty sardine 408's rating: 1570 &rarr; <strong>1554</strong><br />(-16 for losing)
|l|☆moocowvin
|player|p1|
