|j|☆151htyrneh
|j|☆CDPGuillaume
|t:|1781449923
|gametype|singles
|player|p1|151htyrneh|skyla|1793
|player|p2|CDPGuillaume|169|1695
|gen|9
|tier|[Gen 9] OU
|rated|
|rule|HP Percentage Mod: HP is shown in percentages
|rule|Endless Battle Clause: Forcing endless battles is banned
|rule|Species Clause: Limit one of each Pokémon
|rule|OHKO Clause: OHKO moves are banned
|rule|Evasion Items Clause: Evasion items are banned
|rule|Evasion Moves Clause: Evasion moves are banned
|rule|Evasion Abilities Clause: Evasion abilities are banned
|rule|Sleep Moves Clause: Sleep-inducing moves are banned
|clearpoke
|poke|p1|Ninetales, F|
|poke|p1|Hatterene, F|
|poke|p1|Great Tusk|
|poke|p1|Walking Wake|
|poke|p1|Raging Bolt|
|poke|p1|Kingambit, F|
|poke|p2|Iron Hands|
|poke|p2|Pecharunt|
|poke|p2|Kingambit, F|
|poke|p2|Rillaboom, M|
|poke|p2|Kyurem|
|poke|p2|Cinderace, M|
|teampreview
|inactive|Battle timer is ON: inactive players will automatically lose when time's up. (requested by 151htyrneh)
|inactive|CDPGuillaume has 120 seconds left.
|inactive|CDPGuillaume has 90 seconds left.
|inactive|CDPGuillaume has 60 seconds left.
|
|t:|1781450023
|teamsize|p1|6
|teamsize|p2|6
|start
|switch|p1a: Ninetales|Ninetales, F|100/100
|switch|p2a: Iron Hands|Iron Hands|100/100
|-weather|SunnyDay|[from] ability: Drought|[of] p1a: Ninetales
|turn|1
|j| Schlafparalyse
|inactive|151htyrneh has 120 seconds left.
|
|t:|1781450064
|switch|p1a: Hatterene|Hatterene, F|100/100
|move|p2a: Iron Hands|Earthquake|p1a: Hatterene
|-crit|p1a: Hatterene
|-damage|p1a: Hatterene|15/100
|-enditem|p1a: Hatterene|Eject Button
|
|t:|1781450069
|switch|p1a: Great Tusk|Great Tusk|100/100
|-activate|p1a: Great Tusk|ability: Protosynthesis
|-start|p1a: Great Tusk|protosynthesisspe
|
|-weather|SunnyDay|[upkeep]
|upkeep
|turn|2
|inactive|CDPGuillaume has 120 seconds left.
|inactive|CDPGuillaume has 90 seconds left.
|
|t:|1781450122
|-end|p2a: Iron Hands|Quark Drive|[silent]
|switch|p2a: Pecharunt|Pecharunt|100/100
|move|p1a: Great Tusk|Stealth Rock|p2a: Pecharunt
|-sidestart|p2: CDPGuillaume|move: Stealth Rock
|
|-weather|SunnyDay|[upkeep]
|upkeep
|turn|3
|
|t:|1781450131
|-end|p1a: Great Tusk|Protosynthesis|[silent]
|switch|p1a: Hatterene|Hatterene, F|15/100
|move|p2a: Pecharunt|Malignant Chain|p1a: Hatterene
|-supereffective|p1a: Hatterene
|-damage|p1a: Hatterene|0 fnt
|faint|p1a: Hatterene
|
|-weather|SunnyDay|[upkeep]
|upkeep
|
|t:|1781450133
|switch|p1a: Raging Bolt|Raging Bolt|100/100
|-activate|p1a: Raging Bolt|ability: Protosynthesis
|-start|p1a: Raging Bolt|protosynthesisspa
|turn|4
|
|t:|1781450141
|move|p2a: Pecharunt|Malignant Chain|p1a: Raging Bolt
|-damage|p1a: Raging Bolt|70/100
|-status|p1a: Raging Bolt|tox
|-start|p1a: Raging Bolt|confusion|[from] ability: Poison Puppeteer|[of] p2a: Pecharunt
|-activate|p1a: Raging Bolt|confusion
|move|p1a: Raging Bolt|Weather Ball|p2a: Pecharunt
|-damage|p2a: Pecharunt|0 fnt
|faint|p2a: Pecharunt
|
|-weather|SunnyDay|[upkeep]
|-damage|p1a: Raging Bolt|64/100 tox|[from] psn
|upkeep
|
|t:|1781450146
|switch|p2a: Cinderace|Cinderace, M|100/100
|turn|5
|
|t:|1781450148
|move|p2a: Cinderace|Court Change|p2a: Cinderace
|-start|p2a: Cinderace|typechange|Normal|[from] ability: Libero
|-swapsideconditions
|-activate|p2a: Cinderace|move: Court Change
|-activate|p1a: Raging Bolt|confusion
|-damage|p1a: Raging Bolt|59/100 tox|[from] confusion
|
|-weather|SunnyDay|[upkeep]
|-damage|p1a: Raging Bolt|47/100 tox|[from] psn
|upkeep
|turn|6
|
|t:|1781450152
|move|p2a: Cinderace|High Jump Kick|p1a: Raging Bolt
|-damage|p1a: Raging Bolt|7/100 tox
|-activate|p1a: Raging Bolt|confusion
|-damage|p1a: Raging Bolt|2/100 tox|[from] confusion
|
|-weather|SunnyDay|[upkeep]
|-damage|p1a: Raging Bolt|0 fnt|[from] psn
|faint|p1a: Raging Bolt
|-end|p1a: Raging Bolt|Protosynthesis|[silent]
|upkeep
|
|t:|1781450157
|switch|p1a: Great Tusk|Great Tusk|100/100
|-damage|p1a: Great Tusk|98/100|[from] Stealth Rock
|-activate|p1a: Great Tusk|ability: Protosynthesis
|-start|p1a: Great Tusk|protosynthesisspe
|turn|7
|inactive|CDPGuillaume has 120 seconds left.
|
|t:|1781450194
|switch|p2a: Rillaboom|Rillaboom, M|100/100
|-fieldstart|move: Grassy Terrain|[from] ability: Grassy Surge|[of] p2a: Rillaboom
|move|p1a: Great Tusk|Rapid Spin|p2a: Rillaboom
|-damage|p2a: Rillaboom|87/100
|-boost|p1a: Great Tusk|spe|1
|-sideend|p1: 151htyrneh|Stealth Rock|[from] move: Rapid Spin|[of] p1a: Great Tusk
|
|-weather|SunnyDay|[upkeep]
|-heal|p1a: Great Tusk|100/100|[from] Grassy Terrain
|-heal|p2a: Rillaboom|93/100|[from] Grassy Terrain
|upkeep
|turn|8
|inactive|CDPGuillaume has 120 seconds left.
|l| Schlafparalyse
|
|t:|1781450210
|move|p1a: Great Tusk|Ice Spinner|p2a: Rillaboom
|-supereffective|p2a: Rillaboom
|-damage|p2a: Rillaboom|54/100
|-fieldend|move: Grassy Terrain
|move|p2a: Rillaboom|Wood Hammer|p1a: Great Tusk
|-supereffective|p1a: Great Tusk
|-damage|p1a: Great Tusk|0 fnt
|-damage|p2a: Rillaboom|38/100|[from] item: Rocky Helmet|[of] p1a: Great Tusk
|faint|p1a: Great Tusk
|-end|p1a: Great Tusk|Protosynthesis|[silent]
|-damage|p2a: Rillaboom|0 fnt|[from] Recoil
|faint|p2a: Rillaboom
|
|-weather|none
|upkeep
|inactive|CDPGuillaume has 120 seconds left.
|
|t:|1781450239
|switch|p1a: Ninetales|Ninetales, F|100/100
|switch|p2a: Kyurem|Kyurem|100/100
|-weather|SunnyDay|[from] ability: Drought|[of] p1a: Ninetales
|-ability|p2a: Kyurem|Pressure
|turn|9
|l|☆151htyrneh
|inactive|151htyrneh disconnected and has a minute to reconnect!
|player|p1|
|j|☆151htyrneh
|inactive|151htyrneh reconnected and has 140 seconds left.
|player|p1|151htyrneh|skyla|
|
|t:|1781450256
|move|p1a: Ninetales|Overheat|p2a: Kyurem|[miss]
|-miss|p1a: Ninetales|p2a: Kyurem
|move|p2a: Kyurem|Earth Power|p1a: Ninetales
|-supereffective|p1a: Ninetales
|-damage|p1a: Ninetales|0 fnt
|faint|p1a: Ninetales
|
|-weather|SunnyDay|[upkeep]
|upkeep
|
|t:|1781450260
|switch|p1a: Walking Wake|Walking Wake|100/100
|-activate|p1a: Walking Wake|ability: Protosynthesis
|-start|p1a: Walking Wake|protosynthesisspe
|turn|10
|
|t:|1781450266
|move|p1a: Walking Wake|Draco Meteor|p2a: Kyurem
|-supereffective|p2a: Kyurem
|-damage|p2a: Kyurem|0 fnt
|-unboost|p1a: Walking Wake|spa|2
|faint|p2a: Kyurem
|-damage|p1a: Walking Wake|91/100|[from] item: Life Orb
|
|-weather|SunnyDay|[upkeep]
|upkeep
|
|t:|1781450273
|switch|p2a: Kingambit|Kingambit, F|100/100
|-activate|p2a: Kingambit|ability: Supreme Overlord
|-start|p2a: Kingambit|fallen3|[silent]
|turn|11
|
|t:|1781450277
|-end|p1a: Walking Wake|Protosynthesis|[silent]
|switch|p1a: Kingambit|Kingambit, F|100/100
|-activate|p1a: Kingambit|ability: Supreme Overlord
|-start|p1a: Kingambit|fallen4|[silent]
|move|p2a: Kingambit|Swords Dance|p2a: Kingambit
|-boost|p2a: Kingambit|atk|2
|
|-weather|SunnyDay|[upkeep]
|upkeep
|turn|12
|
|t:|1781450286
|-terastallize|p2a: Kingambit|Bug
|move|p2a: Kingambit|Kowtow Cleave|p1a: Kingambit
|-resisted|p1a: Kingambit
|-damage|p1a: Kingambit|57/100
|move|p1a: Kingambit|Low Kick|p2a: Kingambit
|-resisted|p2a: Kingambit
|-damage|p2a: Kingambit|80/100
|
|-weather|SunnyDay|[upkeep]
|-heal|p2a: Kingambit|86/100|[from] item: Leftovers
|-heal|p1a: Kingambit|63/100|[from] item: Leftovers
|upkeep
|turn|13
|
|t:|1781450296
|move|p2a: Kingambit|Iron Head|p1a: Kingambit
|-resisted|p1a: Kingambit
|-damage|p1a: Kingambit|16/100
|move|p1a: Kingambit|Iron Head|p2a: Kingambit
|-damage|p2a: Kingambit|37/100
|
|-weather|SunnyDay|[upkeep]
|-heal|p2a: Kingambit|43/100|[from] item: Leftovers
|-heal|p1a: Kingambit|22/100|[from] item: Leftovers
|upkeep
|turn|14
|
|t:|1781450301
|move|p1a: Kingambit|Sucker Punch|p2a: Kingambit
|-damage|p2a: Kingambit|2/100
|move|p2a: Kingambit|Kowtow Cleave|p1a: Kingambit
|-resisted|p1a: Kingambit
|-damage|p1a: Kingambit|0 fnt
|faint|p1a: Kingambit
|-end|p1a: Kingambit|fallen4|[silent]
|
|-weather|SunnyDay|[upkeep]
|-heal|p2a: Kingambit|8/100|[from] item: Leftovers
|upkeep
|-message|151htyrneh forfeited.
|
|win|CDPGuillaume
|raw|151htyrneh's rating: 1793 &rarr; <strong>1768</strong><br />(-25 for losing)
|raw|CDPGuillaume's rating: 1710 &rarr; <strong>1735</strong><br />(+25 for winning)
|l|☆CDPGuillaume
|player|p2|
