|j|☆ankoro
|j|☆talveznao
|t:|1781528940
|gametype|singles
|player|p1|ankoro|acetrainer-gen2|1662
|player|p2|talveznao|evelyn|1629
|gen|9
|tier|[Gen 9] OU
|rated|
|rule|HP Percentage Mod: HP is shown in percentages
|rule|Endless Battle Clause: Forcing endless battles is banned
|rule|Species Clause: Limit one of each Pokémon
|rule|OHKO Clause: OHKO moves are banned
|rule|Evasion Items Clause: Evasion items are banned
|rule|Evasion Moves Clause: Evasion moves are banned
|rule|Evasion Abilities Clause: Evasion abilities are banned
|rule|Sleep Moves Clause: Sleep-inducing moves are banned
|clearpoke
|poke|p1|Weavile, F|
|poke|p1|Zamazenta-*|
|poke|p1|Corviknight, F|
|poke|p1|Enamorus, F|
|poke|p1|Ting-Lu|
|poke|p1|Raging Bolt|
|poke|p2|Ogerpon-Wellspring, F|
|poke|p2|Kingambit, M|
|poke|p2|Glimmora, F|
|poke|p2|Iron Valiant|
|poke|p2|Deoxys-Speed|
|poke|p2|Great Tusk|
|teampreview
|inactive|Battle timer is ON: inactive players will automatically lose when time's up. (requested by talveznao)
|c|☆talveznao|:O
|c|☆ankoro|ola
|c|☆talveznao|Hello
|
|t:|1781528965
|teamsize|p1|6
|teamsize|p2|6
|start
|switch|p1a: tigelu|Ting-Lu|100/100
|switch|p2a: Deoxys|Deoxys-Speed|100/100
|-ability|p2a: Deoxys|Pressure
|-ability|p1a: tigelu|Vessel of Ruin
|turn|1
|
|t:|1781528971
|move|p2a: Deoxys|Taunt|p1a: tigelu
|-start|p1a: tigelu|move: Taunt
|move|p1a: tigelu|Earthquake|p2a: Deoxys
|-damage|p2a: Deoxys|52/100
|
|upkeep
|turn|2
|
|t:|1781528982
|move|p2a: Deoxys|Reflect|p2a: Deoxys
|-sidestart|p2: talveznao|Reflect
|move|p1a: tigelu|Earthquake|p2a: Deoxys
|-damage|p2a: Deoxys|29/100
|
|upkeep
|turn|3
|
|t:|1781528992
|move|p2a: Deoxys|Light Screen|p2a: Deoxys
|-sidestart|p2: talveznao|move: Light Screen
|move|p1a: tigelu|Earthquake|p2a: Deoxys
|-damage|p2a: Deoxys|5/100
|
|-end|p1a: tigelu|move: Taunt
|upkeep
|turn|4
|
|t:|1781529000
|move|p2a: Deoxys|Taunt|p1a: tigelu
|-start|p1a: tigelu|move: Taunt
|move|p1a: tigelu|Earthquake|p2a: Deoxys
|-crit|p2a: Deoxys
|-damage|p2a: Deoxys|0 fnt
|faint|p2a: Deoxys
|
|upkeep
|
|t:|1781529003
|switch|p2a: Ogerpon|Ogerpon-Wellspring, F|100/100
|turn|5
|
|t:|1781529011
|switch|p1a: The Rooster|Corviknight, F|100/100
|-ability|p1a: The Rooster|Pressure
|move|p2a: Ogerpon|Swords Dance|p2a: Ogerpon
|-boost|p2a: Ogerpon|atk|2
|
|upkeep
|turn|6
|j| Crispyprata
|
|t:|1781529021
|-terastallize|p2a: Ogerpon|Water
|detailschange|p2a: Ogerpon|Ogerpon-Wellspring-Tera, F, tera:Water
|-ability|p2a: Ogerpon|Embody Aspect (Wellspring)|boost
|-boost|p2a: Ogerpon|spd|1
|move|p2a: Ogerpon|Ivy Cudgel|p1a: The Rooster|[anim] Ivy Cudgel Water
|-damage|p1a: The Rooster|13/100
|move|p1a: The Rooster|Defog|p2a: Ogerpon
|-unboost|p2a: Ogerpon|evasion|1
|-sideend|p2: talveznao|Reflect
|-sideend|p2: talveznao|move: Light Screen
|
|upkeep
|turn|7
|
|t:|1781529029
|move|p2a: Ogerpon|Ivy Cudgel|p1a: The Rooster|[anim] Ivy Cudgel Water
|-damage|p1a: The Rooster|0 fnt
|faint|p1a: The Rooster
|
|upkeep
|
|t:|1781529031
|switch|p1a: cão de aço|Zamazenta|100/100
|-ability|p1a: cão de aço|Dauntless Shield|boost
|-boost|p1a: cão de aço|def|1
|turn|8
|
|t:|1781529035
|move|p1a: cão de aço|Iron Defense|p1a: cão de aço
|-boost|p1a: cão de aço|def|2
|move|p2a: Ogerpon|Ivy Cudgel|p1a: cão de aço|[anim] Ivy Cudgel Water
|-damage|p1a: cão de aço|52/100
|
|-heal|p1a: cão de aço|58/100|[from] item: Leftovers
|upkeep
|turn|9
|
|t:|1781529039
|move|p1a: cão de aço|Body Press|p2a: Ogerpon
|-damage|p2a: Ogerpon|0 fnt
|faint|p2a: Ogerpon
|detailschange|p2: Ogerpon|Ogerpon-Wellspring, F|[silent]
|
|-heal|p1a: cão de aço|64/100|[from] item: Leftovers
|upkeep
|j| kokosleeping
|
|t:|1781529042
|switch|p2a: Iron Valiant|Iron Valiant|100/100
|-enditem|p2a: Iron Valiant|Booster Energy
|-activate|p2a: Iron Valiant|ability: Quark Drive|[fromitem]
|-start|p2a: Iron Valiant|quarkdrivespe
|turn|10
|c|☆talveznao|Foi uma decisão muito burro usar tera sem caucular o dano
|c|☆talveznao|:/
|c|☆ankoro|pior eu
|c|☆talveznao|Sou um animal msm
|inactive|talveznao has 120 seconds left.
|
|t:|1781529075
|-terastallize|p1a: cão de aço|Fire
|move|p2a: Iron Valiant|Moonblast|p1a: cão de aço
|-resisted|p1a: cão de aço
|-damage|p1a: cão de aço|45/100
|move|p1a: cão de aço|Body Press|p2a: Iron Valiant
|-resisted|p2a: Iron Valiant
|-damage|p2a: Iron Valiant|44/100
|
|-heal|p1a: cão de aço|52/100|[from] item: Leftovers
|upkeep
|turn|11
|c|☆ankoro|q tirei heavy slam do zamaz
|inactive|talveznao has 120 seconds left.
|
|t:|1781529091
|move|p2a: Iron Valiant|Knock Off|p1a: cão de aço
|-damage|p1a: cão de aço|43/100
|-enditem|p1a: cão de aço|Leftovers|[from] move: Knock Off|[of] p2a: Iron Valiant
|move|p1a: cão de aço|Body Press|p2a: Iron Valiant
|-resisted|p2a: Iron Valiant
|-damage|p2a: Iron Valiant|0 fnt
|faint|p2a: Iron Valiant
|-end|p2a: Iron Valiant|Quark Drive|[silent]
|
|upkeep
|
|t:|1781529095
|switch|p2a: Great Tusk|Great Tusk|100/100
|-enditem|p2a: Great Tusk|Booster Energy
|-activate|p2a: Great Tusk|ability: Protosynthesis|[fromitem]
|-start|p2a: Great Tusk|protosynthesisspe
|turn|12
|
|t:|1781529099
|move|p2a: Great Tusk|Bulk Up|p2a: Great Tusk
|-boost|p2a: Great Tusk|atk|1
|-boost|p2a: Great Tusk|def|1
|move|p1a: cão de aço|Body Press|p2a: Great Tusk
|-damage|p2a: Great Tusk|66/100
|
|upkeep
|turn|13
|
|t:|1781529102
|move|p2a: Great Tusk|Headlong Rush|p1a: cão de aço
|-supereffective|p1a: cão de aço
|-damage|p1a: cão de aço|0 fnt
|-unboost|p2a: Great Tusk|def|1
|-unboost|p2a: Great Tusk|spd|1
|faint|p1a: cão de aço
|
|upkeep
|
|t:|1781529106
|switch|p1a: tigelu|Ting-Lu|100/100
|-ability|p1a: tigelu|Vessel of Ruin
|turn|14
|
|t:|1781529109
|move|p2a: Great Tusk|Close Combat|p1a: tigelu
|-supereffective|p1a: tigelu
|-damage|p1a: tigelu|20/100
|-unboost|p2a: Great Tusk|def|1
|-unboost|p2a: Great Tusk|spd|1
|move|p1a: tigelu|Whirlwind|p2a: Great Tusk
|-end|p2a: Great Tusk|Protosynthesis|[silent]
|drag|p2a: Kingambit|Kingambit, M|100/100
|-activate|p2a: Kingambit|ability: Supreme Overlord
|-start|p2a: Kingambit|fallen3|[silent]
|-item|p2a: Kingambit|Air Balloon
|
|-heal|p1a: tigelu|26/100|[from] item: Leftovers
|upkeep
|turn|15
|
|t:|1781529114
|move|p2a: Kingambit|Iron Head|p1a: tigelu
|-damage|p1a: tigelu|0 fnt
|faint|p1a: tigelu
|
|upkeep
|
|t:|1781529123
|switch|p1a: Jardins|Weavile, F|100/100
|-ability|p1a: Jardins|Pressure
|turn|16
|c|☆talveznao|Eu tenho medo de brick break
|
|t:|1781529138
|move|p1a: Jardins|Low Kick|p2a: Kingambit
|-supereffective|p2a: Kingambit
|-damage|p2a: Kingambit|0 fnt
|-enditem|p2a: Kingambit|Air Balloon
|faint|p2a: Kingambit
|-end|p2a: Kingambit|fallen3|[silent]
|
|upkeep
|
|t:|1781529143
|switch|p2a: Glimmora|Glimmora, F|100/100
|turn|17
|
|t:|1781529151
|switch|p1a: girafarigiraf|Raging Bolt|100/100
|move|p2a: Glimmora|Meteor Beam||[still]
|-prepare|p2a: Glimmora|Meteor Beam
|-boost|p2a: Glimmora|spa|1
|-enditem|p2a: Glimmora|Power Herb
|-anim|p2a: Glimmora|Meteor Beam|p1a: girafarigiraf
|-damage|p1a: girafarigiraf|14/100
|
|upkeep
|turn|18
|c|☆talveznao|Pq eu não me escuto?
|
|t:|1781529157
|move|p1a: girafarigiraf|Thunderclap||[still]
|-fail|p1a: girafarigiraf
|move|p2a: Glimmora|Stealth Rock|p1a: girafarigiraf
|-sidestart|p1: ankoro|move: Stealth Rock
|
|upkeep
|turn|19
|
|t:|1781529162
|move|p1a: girafarigiraf|Thunderclap|p2a: Glimmora
|-damage|p2a: Glimmora|45/100
|move|p2a: Glimmora|Earth Power|p1a: girafarigiraf
|-supereffective|p1a: girafarigiraf
|-damage|p1a: girafarigiraf|0 fnt
|faint|p1a: girafarigiraf
|-end|p1a: girafarigiraf|Protosynthesis|[silent]
|
|upkeep
|
|t:|1781529165
|switch|p1a: it hits hard trust|Enamorus, F|100/100
|-damage|p1a: it hits hard trust|76/100|[from] Stealth Rock
|turn|20
|j| SableWallJade
|
|t:|1781529173
|move|p1a: it hits hard trust|Earth Power|p2a: Glimmora
|-supereffective|p2a: Glimmora
|-damage|p2a: Glimmora|0 fnt
|faint|p2a: Glimmora
|
|upkeep
|
|t:|1781529175
|switch|p2a: Great Tusk|Great Tusk|66/100
|turn|21
|
|t:|1781529178
|move|p1a: it hits hard trust|Earth Power|p2a: Great Tusk
|-damage|p2a: Great Tusk|3/100
|move|p2a: Great Tusk|Ice Spinner|p1a: it hits hard trust
|-supereffective|p1a: it hits hard trust
|-damage|p1a: it hits hard trust|0 fnt
|faint|p1a: it hits hard trust
|
|upkeep
|
|t:|1781529181
|switch|p1a: Jardins|Weavile, F|100/100
|-damage|p1a: Jardins|76/100|[from] Stealth Rock
|-ability|p1a: Jardins|Pressure
|turn|22
|c|☆talveznao|F
|c|☆ankoro|gg wp man
|
|t:|1781529186
|move|p1a: Jardins|Ice Shard|p2a: Great Tusk
|-supereffective|p2a: Great Tusk
|-damage|p2a: Great Tusk|0 fnt
|faint|p2a: Great Tusk
|-end|p2a: Great Tusk|Protosynthesis|[silent]
|
|win|ankoro
|raw|ankoro's rating: 1662 &rarr; <strong>1680</strong><br />(+18 for winning)
|raw|talveznao's rating: 1629 &rarr; <strong>1611</strong><br />(-18 for losing)
|l|☆ankoro
|player|p1|
|l| Crispyprata
|l| kokosleeping
|l| SableWallJade
|j| SableWallJade
