|j|☆msean3
|j|☆mongwong
|t:|1781050375
|gametype|singles
|player|p1|msean3|170|1569
|player|p2|mongwong|giovanni-masters|1603
|gen|9
|tier|[Gen 9] OU
|rated|
|rule|HP Percentage Mod: HP is shown in percentages
|rule|Endless Battle Clause: Forcing endless battles is banned
|rule|Species Clause: Limit one of each Pokémon
|rule|OHKO Clause: OHKO moves are banned
|rule|Evasion Items Clause: Evasion items are banned
|rule|Evasion Moves Clause: Evasion moves are banned
|rule|Evasion Abilities Clause: Evasion abilities are banned
|rule|Sleep Moves Clause: Sleep-inducing moves are banned
|clearpoke
|poke|p1|Darkrai|
|poke|p1|Alomomola, F|
|poke|p1|Corviknight, F|
|poke|p1|Weezing-Galar, M|
|poke|p1|Garchomp, F|
|poke|p1|Ogerpon, F|
|poke|p2|Indeedee, M|
|poke|p2|Polteageist-Antique|
|poke|p2|Hawlucha, F|
|poke|p2|Primarina, M|
|poke|p2|Iron Valiant|
|poke|p2|Great Tusk|
|teampreview
|inactive|Battle timer is ON: inactive players will automatically lose when time's up. (requested by mongwong)
|
|t:|1781050388
|teamsize|p1|6
|teamsize|p2|6
|start
|switch|p1a: Darkrai|Darkrai|100/100
|switch|p2a: Primarina|Primarina, M|100/100
|turn|1
|
|t:|1781050393
|switch|p1a: Alomomola|Alomomola, F|100/100
|move|p2a: Primarina|Moonblast|p1a: Alomomola
|-damage|p1a: Alomomola|73/100
|-unboost|p1a: Alomomola|spa|1
|
|upkeep
|turn|2
|
|t:|1781050398
|move|p2a: Primarina|Flip Turn|p1a: Alomomola
|-resisted|p1a: Alomomola
|-damage|p1a: Alomomola|67/100
|
|t:|1781050399
|switch|p2a: Great Tusk|Great Tusk|100/100|[from] Flip Turn
|move|p1a: Alomomola|Flip Turn|p2a: Great Tusk
|-supereffective|p2a: Great Tusk
|-crit|p2a: Great Tusk
|-damage|p2a: Great Tusk|78/100
|-damage|p1a: Alomomola|51/100|[from] item: Rocky Helmet|[of] p2a: Great Tusk
|
|t:|1781050407
|switch|p1a: Darkrai|Darkrai|100/100|[from] Flip Turn
|
|upkeep
|turn|3
|
|t:|1781050413
|-end|p2a: Great Tusk|Protosynthesis|[silent]
|switch|p2a: Primarina|Primarina, M|100/100
|move|p1a: Darkrai|Ice Beam|p2a: Primarina
|-resisted|p2a: Primarina
|-damage|p2a: Primarina|87/100
|
|upkeep
|turn|4
|
|t:|1781050418
|switch|p1a: Alomomola|Alomomola, F|84/100
|switch|p2a: Great Tusk|Great Tusk|78/100
|
|upkeep
|turn|5
|
|t:|1781050421
|move|p2a: Great Tusk|Stealth Rock|p1a: Alomomola
|-sidestart|p1: msean3|move: Stealth Rock
|move|p1a: Alomomola|Flip Turn|p2a: Great Tusk
|-supereffective|p2a: Great Tusk
|-damage|p2a: Great Tusk|63/100
|-damage|p1a: Alomomola|68/100|[from] item: Rocky Helmet|[of] p2a: Great Tusk
|
|t:|1781050427
|switch|p1a: Ogerpon|Ogerpon, F|100/100|[from] Flip Turn
|
|upkeep
|turn|6
|
|t:|1781050433
|-end|p2a: Great Tusk|Protosynthesis|[silent]
|switch|p2a: Indeedee|Indeedee, M|100/100
|-fieldstart|move: Psychic Terrain|[from] ability: Psychic Surge|[of] p2a: Indeedee
|move|p1a: Ogerpon|Ivy Cudgel|p2a: Indeedee
|-damage|p2a: Indeedee|0 fnt
|faint|p2a: Indeedee
|
|upkeep
|
|t:|1781050435
|switch|p2a: Polteageist|Polteageist-Antique|100/100
|turn|7
|
|t:|1781050446
|-terastallize|p2a: Polteageist|Grass
|move|p1a: Ogerpon|Ivy Cudgel|p2a: Polteageist
|-resisted|p2a: Polteageist
|-damage|p2a: Polteageist|53/100
|-ability|p2a: Polteageist|Weak Armor|boost
|-unboost|p2a: Polteageist|def|1
|-boost|p2a: Polteageist|spe|2
|move|p2a: Polteageist|Shell Smash|p2a: Polteageist
|-unboost|p2a: Polteageist|def|1
|-unboost|p2a: Polteageist|spd|1
|-boost|p2a: Polteageist|atk|2
|-boost|p2a: Polteageist|spa|2
|-boost|p2a: Polteageist|spe|2
|
|upkeep
|turn|8
|
|t:|1781050456
|switch|p1a: Corviknight|Corviknight, F|100/100
|-damage|p1a: Corviknight|88/100|[from] Stealth Rock
|-ability|p1a: Corviknight|Pressure
|move|p2a: Polteageist|Stored Power|p1a: Corviknight
|-resisted|p1a: Corviknight
|-damage|p1a: Corviknight|23/100
|
|-heal|p1a: Corviknight|30/100|[from] item: Leftovers
|upkeep
|turn|9
|
|t:|1781050459
|move|p2a: Polteageist|Stored Power|p1a: Corviknight
|-resisted|p1a: Corviknight
|-damage|p1a: Corviknight|0 fnt
|faint|p1a: Corviknight
|
|upkeep
|
|t:|1781050472
|switch|p1a: Alomomola|Alomomola, F|100/100
|-damage|p1a: Alomomola|88/100|[from] Stealth Rock
|turn|10
|
|t:|1781050478
|move|p2a: Polteageist|Stored Power|p1a: Alomomola
|-damage|p1a: Alomomola|3/100
|move|p1a: Alomomola|Mirror Coat|p2a: Polteageist
|-damage|p2a: Polteageist|0 fnt
|faint|p2a: Polteageist
|
|upkeep
|
|t:|1781050487
|switch|p2a: Iron Valiant|Iron Valiant|100/100
|-enditem|p2a: Iron Valiant|Booster Energy
|-activate|p2a: Iron Valiant|ability: Quark Drive|[fromitem]
|-start|p2a: Iron Valiant|quarkdrivespe
|turn|11
|
|t:|1781050490
|move|p2a: Iron Valiant|Calm Mind|p2a: Iron Valiant
|-boost|p2a: Iron Valiant|spa|1
|-boost|p2a: Iron Valiant|spd|1
|move|p1a: Alomomola|Flip Turn|p2a: Iron Valiant
|-damage|p2a: Iron Valiant|78/100
|
|t:|1781050496
|switch|p1a: Weezing|Weezing-Galar, M|100/100|[from] Flip Turn
|-ability|p1a: Weezing|Neutralizing Gas
|-damage|p1a: Weezing|88/100|[from] Stealth Rock
|
|-heal|p1a: Weezing|94/100|[from] item: Leftovers
|upkeep
|turn|12
|
|t:|1781050500
|move|p2a: Iron Valiant|Expanding Force|p1a: Weezing
|-supereffective|p1a: Weezing
|-damage|p1a: Weezing|0 fnt
|faint|p1a: Weezing
|-end|p1a: Weezing|ability: Neutralizing Gas
|
|upkeep
|
|t:|1781050519
|switch|p1a: Alomomola|Alomomola, F|37/100
|-damage|p1a: Alomomola|24/100|[from] Stealth Rock
|turn|13
|
|t:|1781050523
|move|p2a: Iron Valiant|Moonblast|p1a: Alomomola
|-damage|p1a: Alomomola|0 fnt
|faint|p1a: Alomomola
|
|-fieldend|move: Psychic Terrain
|upkeep
|
|t:|1781050525
|switch|p1a: Ogerpon|Ogerpon, F|100/100
|turn|14
|
|t:|1781050528
|-terastallize|p1a: Ogerpon|Grass
|detailschange|p1a: Ogerpon|Ogerpon-Teal-Tera, F, tera:Grass
|-ability|p1a: Ogerpon|Embody Aspect (Teal)|boost
|-boost|p1a: Ogerpon|spe|1
|move|p2a: Iron Valiant|Moonblast|p1a: Ogerpon
|-damage|p1a: Ogerpon|22/100
|move|p1a: Ogerpon|Ivy Cudgel|p2a: Iron Valiant
|-damage|p2a: Iron Valiant|0 fnt
|faint|p2a: Iron Valiant
|-end|p2a: Iron Valiant|Quark Drive|[silent]
|
|upkeep
|
|t:|1781050532
|switch|p2a: Great Tusk|Great Tusk|63/100
|turn|15
|
|t:|1781050536
|move|p1a: Ogerpon|Ivy Cudgel|p2a: Great Tusk
|-supereffective|p2a: Great Tusk
|-damage|p2a: Great Tusk|0 fnt
|faint|p2a: Great Tusk
|-end|p2a: Great Tusk|Protosynthesis|[silent]
|
|upkeep
|
|t:|1781050539
|switch|p2a: Hawlucha|Hawlucha, F|100/100
|turn|16
|
|t:|1781050549
|move|p1a: Ogerpon|U-turn|p2a: Hawlucha
|-resisted|p2a: Hawlucha
|-damage|p2a: Hawlucha|92/100
|
|t:|1781050552
|switch|p1a: Garchomp|Garchomp, F|100/100|[from] U-turn
|-damage|p1a: Garchomp|94/100|[from] Stealth Rock
|move|p2a: Hawlucha|Acrobatics|p1a: Garchomp
|-crit|p1a: Garchomp
|-damage|p1a: Garchomp|67/100
|-damage|p2a: Hawlucha|80/100|[from] ability: Rough Skin|[of] p1a: Garchomp
|-damage|p2a: Hawlucha|64/100|[from] item: Rocky Helmet|[of] p1a: Garchomp
|
|upkeep
|turn|17
|
|t:|1781050557
|move|p2a: Hawlucha|Close Combat|p1a: Garchomp
|-damage|p1a: Garchomp|31/100
|-unboost|p2a: Hawlucha|def|1
|-unboost|p2a: Hawlucha|spd|1
|-damage|p2a: Hawlucha|51/100|[from] ability: Rough Skin|[of] p1a: Garchomp
|-damage|p2a: Hawlucha|35/100|[from] item: Rocky Helmet|[of] p1a: Garchomp
|move|p1a: Garchomp|Stealth Rock|p2a: Hawlucha
|-sidestart|p2: mongwong|move: Stealth Rock
|
|upkeep
|turn|18
|
|t:|1781050563
|move|p2a: Hawlucha|Close Combat|p1a: Garchomp
|-damage|p1a: Garchomp|0 fnt
|-unboost|p2a: Hawlucha|def|1
|-unboost|p2a: Hawlucha|spd|1
|-damage|p2a: Hawlucha|22/100|[from] ability: Rough Skin|[of] p1a: Garchomp
|-damage|p2a: Hawlucha|6/100|[from] item: Rocky Helmet|[of] p1a: Garchomp
|faint|p1a: Garchomp
|
|upkeep
|
|t:|1781050566
|switch|p1a: Ogerpon|Ogerpon-Teal-Tera, F, tera:Grass|22/100
|-ability|p1a: Ogerpon|Embody Aspect (Teal)|boost
|-boost|p1a: Ogerpon|spe|1
|turn|19
|
|t:|1781050568
|move|p1a: Ogerpon|Ivy Cudgel|p2a: Hawlucha
|-resisted|p2a: Hawlucha
|-damage|p2a: Hawlucha|0 fnt
|faint|p2a: Hawlucha
|
|upkeep
|
|t:|1781050570
|switch|p2a: Primarina|Primarina, M|87/100
|-damage|p2a: Primarina|75/100|[from] Stealth Rock
|turn|20
|-message|mongwong forfeited.
|
|win|msean3
|raw|msean3's rating: 1569 &rarr; <strong>1591</strong><br />(+22 for winning)
|raw|mongwong's rating: 1603 &rarr; <strong>1581</strong><br />(-22 for losing)
|l|☆mongwong
|player|p2|
|c|☆msean3|gg
|l|☆msean3
|player|p1|
