|j|☆hyp4roffender
|j|☆LowEL0God
|t:|1780980966
|gametype|singles
|player|p1|hyp4roffender|266|1611
|player|p2|LowEL0God|265|1579
|gen|9
|tier|[Gen 9] OU
|rated|
|rule|HP Percentage Mod: HP is shown in percentages
|rule|Endless Battle Clause: Forcing endless battles is banned
|rule|Species Clause: Limit one of each Pokémon
|rule|OHKO Clause: OHKO moves are banned
|rule|Evasion Items Clause: Evasion items are banned
|rule|Evasion Moves Clause: Evasion moves are banned
|rule|Evasion Abilities Clause: Evasion abilities are banned
|rule|Sleep Moves Clause: Sleep-inducing moves are banned
|clearpoke
|poke|p1|Dragonite, F|
|poke|p1|Samurott-Hisui, F|
|poke|p1|Gholdengo|
|poke|p1|Pecharunt|
|poke|p1|Walking Wake|
|poke|p1|Ting-Lu|
|poke|p2|Pelipper, F|
|poke|p2|Torkoal, F|
|poke|p2|Walking Wake|
|poke|p2|Kyurem|
|poke|p2|Ninetales-Alola, M|
|poke|p2|Ogerpon-Wellspring, F|
|teampreview
|c|☆LowEL0God|hf
|inactive|Battle timer is ON: inactive players will automatically lose when time's up. (requested by LowEL0God)
|
|t:|1780980984
|teamsize|p1|6
|teamsize|p2|6
|start
|switch|p1a: Samurott|Samurott-Hisui, F|100/100
|switch|p2a: Ninetales|Ninetales-Alola, M|100/100
|-weather|Snowscape|[from] ability: Snow Warning|[of] p2a: Ninetales
|turn|1
|c|☆hyp4roffender|hf
|c|☆hyp4roffender|cool team
|
|t:|1780980996
|move|p1a: Samurott|Ceaseless Edge|p2a: Ninetales
|-resisted|p2a: Ninetales
|-damage|p2a: Ninetales|81/100
|-sidestart|p2: LowEL0God|Spikes
|move|p2a: Ninetales|Aurora Veil|p2a: Ninetales
|-sidestart|p2: LowEL0God|move: Aurora Veil
|
|-weather|Snowscape|[upkeep]
|upkeep
|turn|2
|
|t:|1780980998
|move|p1a: Samurott|Ceaseless Edge|p2a: Ninetales
|-resisted|p2a: Ninetales
|-damage|p2a: Ninetales|72/100
|-sidestart|p2: LowEL0God|Spikes
|move|p2a: Ninetales|Moonblast|p1a: Samurott
|-supereffective|p1a: Samurott
|-damage|p1a: Samurott|24/100
|-unboost|p1a: Samurott|spa|1
|
|-weather|Snowscape|[upkeep]
|upkeep
|turn|3
|
|t:|1780981007
|switch|p1a: Gholdengo|Gholdengo|100/100
|move|p2a: Ninetales|Moonblast|p1a: Gholdengo
|-resisted|p1a: Gholdengo
|-damage|p1a: Gholdengo|88/100
|
|-weather|Snowscape|[upkeep]
|-heal|p1a: Gholdengo|94/100|[from] item: Leftovers
|upkeep
|turn|4
|
|t:|1780981012
|switch|p2a: Hurricane Spam|Pelipper, F, shiny|100/100
|-weather|RainDance|[from] ability: Drizzle|[of] p2a: Hurricane Spam
|move|p1a: Gholdengo|Make It Rain|p2a: Hurricane Spam
|-resisted|p2a: Hurricane Spam
|-damage|p2a: Hurricane Spam|78/100
|-unboost|p1a: Gholdengo|spa|1
|
|-weather|RainDance|[upkeep]
|-heal|p1a: Gholdengo|99/100|[from] item: Leftovers
|upkeep
|turn|5
|
|t:|1780981017
|move|p1a: Gholdengo|Thunder Wave|p2a: Hurricane Spam
|-status|p2a: Hurricane Spam|par
|cant|p2a: Hurricane Spam|par
|
|-weather|RainDance|[upkeep]
|-heal|p1a: Gholdengo|100/100|[from] item: Leftovers
|-sideend|p2: LowEL0God|move: Aurora Veil
|upkeep
|turn|6
|
|t:|1780981031
|move|p1a: Gholdengo|Hex|p2a: Hurricane Spam
|-damage|p2a: Hurricane Spam|10/100 par
|cant|p2a: Hurricane Spam|par
|
|-weather|RainDance|[upkeep]
|upkeep
|turn|7
|
|t:|1780981034
|move|p1a: Gholdengo|Hex|p2a: Hurricane Spam
|-crit|p2a: Hurricane Spam
|-damage|p2a: Hurricane Spam|0 fnt
|faint|p2a: Hurricane Spam
|
|-weather|RainDance|[upkeep]
|upkeep
|
|t:|1780981035
|switch|p2a: Ninetales|Ninetales-Alola, M|72/100
|-damage|p2a: Ninetales|55/100|[from] Spikes
|-weather|Snowscape|[from] ability: Snow Warning|[of] p2a: Ninetales
|turn|8
|
|t:|1780981042
|switch|p1a: Ting-Lu|Ting-Lu|100/100
|-ability|p1a: Ting-Lu|Vessel of Ruin
|move|p2a: Ninetales|Aurora Veil|p2a: Ninetales
|-sidestart|p2: LowEL0God|move: Aurora Veil
|
|-weather|Snowscape|[upkeep]
|upkeep
|turn|9
|
|t:|1780981044
|move|p2a: Ninetales|Freeze-Dry|p1a: Ting-Lu
|-supereffective|p1a: Ting-Lu
|-damage|p1a: Ting-Lu|85/100
|move|p1a: Ting-Lu|Stealth Rock|p2a: Ninetales
|-sidestart|p2: LowEL0God|move: Stealth Rock
|
|-weather|Snowscape|[upkeep]
|-heal|p1a: Ting-Lu|91/100|[from] item: Leftovers
|upkeep
|turn|10
|
|t:|1780981048
|move|p2a: Ninetales|Freeze-Dry|p1a: Ting-Lu
|-supereffective|p1a: Ting-Lu
|-damage|p1a: Ting-Lu|74/100
|move|p1a: Ting-Lu|Whirlwind|p2a: Ninetales
|drag|p2a: Ogerpon|Ogerpon-Wellspring, F|100/100
|-damage|p2a: Ogerpon|84/100|[from] Spikes
|-damage|p2a: Ogerpon|72/100|[from] Stealth Rock
|
|-weather|Snowscape|[upkeep]
|-heal|p1a: Ting-Lu|80/100|[from] item: Leftovers
|upkeep
|turn|11
|j| Eepsilon
|
|t:|1780981055
|switch|p1a: Pecharunt|Pecharunt|100/100
|move|p2a: Ogerpon|Horn Leech|p1a: Pecharunt
|-resisted|p1a: Pecharunt
|-damage|p1a: Pecharunt|88/100
|-heal|p2a: Ogerpon|79/100|[from] drain|[of] p1a: Pecharunt
|
|-weather|Snowscape|[upkeep]
|upkeep
|turn|12
|
|t:|1780981060
|move|p2a: Ogerpon|Swords Dance|p2a: Ogerpon
|-boost|p2a: Ogerpon|atk|2
|move|p1a: Pecharunt|Malignant Chain|p2a: Ogerpon
|-supereffective|p2a: Ogerpon
|-damage|p2a: Ogerpon|39/100
|
|-weather|Snowscape|[upkeep]
|-sideend|p2: LowEL0God|move: Aurora Veil
|upkeep
|turn|13
|
|t:|1780981081
|-terastallize|p2a: Ogerpon|Water
|detailschange|p2a: Ogerpon|Ogerpon-Wellspring-Tera, F, tera:Water
|-ability|p2a: Ogerpon|Embody Aspect (Wellspring)|boost
|-boost|p2a: Ogerpon|spd|1
|move|p2a: Ogerpon|Ivy Cudgel|p1a: Pecharunt|[anim] Ivy Cudgel Water
|-damage|p1a: Pecharunt|0 fnt
|faint|p1a: Pecharunt
|
|-weather|Snowscape|[upkeep]
|upkeep
|
|t:|1780981086
|switch|p1a: Samurott|Samurott-Hisui, F|24/100
|turn|14
|
|t:|1780981088
|move|p1a: Samurott|Ceaseless Edge|p2a: Ogerpon
|-damage|p2a: Ogerpon|0 fnt
|-sidestart|p2: LowEL0God|Spikes
|faint|p2a: Ogerpon
|detailschange|p2: Ogerpon|Ogerpon-Wellspring, F|[silent]
|
|-weather|Snowscape|[upkeep]
|upkeep
|
|t:|1780981088
|switch|p2a: Kyurem|Kyurem|100/100
|-damage|p2a: Kyurem|76/100|[from] Spikes
|-damage|p2a: Kyurem|51/100|[from] Stealth Rock
|-ability|p2a: Kyurem|Pressure
|turn|15
|
|t:|1780981091
|move|p1a: Samurott|Ceaseless Edge|p2a: Kyurem
|-damage|p2a: Kyurem|18/100
|move|p2a: Kyurem|Freeze-Dry|p1a: Samurott
|-supereffective|p1a: Samurott
|-damage|p1a: Samurott|0 fnt
|faint|p1a: Samurott
|
|-weather|none
|upkeep
|
|t:|1780981096
|switch|p1a: Walking Wake|Walking Wake|100/100
|turn|16
|j| Dionysos le retour
|
|t:|1780981104
|move|p1a: Walking Wake|Draco Meteor|p2a: Kyurem
|-supereffective|p2a: Kyurem
|-damage|p2a: Kyurem|0 fnt
|-unboost|p1a: Walking Wake|spa|2
|faint|p2a: Kyurem
|
|upkeep
|
|t:|1780981105
|switch|p2a: Walking Wake|Walking Wake|100/100
|-damage|p2a: Walking Wake|76/100|[from] Spikes
|-damage|p2a: Walking Wake|63/100|[from] Stealth Rock
|turn|17
|
|t:|1780981112
|-terastallize|p1a: Walking Wake|Fairy
|move|p2a: Walking Wake|Draco Meteor|p1a: Walking Wake
|-immune|p1a: Walking Wake
|move|p1a: Walking Wake|Draco Meteor|p2a: Walking Wake
|-supereffective|p2a: Walking Wake
|-damage|p2a: Walking Wake|0 fnt
|-unboost|p1a: Walking Wake|spa|2
|faint|p2a: Walking Wake
|-end|p2a: Walking Wake|Protosynthesis|[silent]
|
|upkeep
|
|t:|1780981113
|switch|p2a: Torkoal|Torkoal, F|100/100
|-damage|p2a: Torkoal|76/100|[from] Spikes
|-damage|p2a: Torkoal|51/100|[from] Stealth Rock
|-weather|SunnyDay|[from] ability: Drought|[of] p2a: Torkoal
|-activate|p1a: Walking Wake|ability: Protosynthesis
|-start|p1a: Walking Wake|protosynthesisspe
|turn|18
|
|t:|1780981118
|move|p1a: Walking Wake|Flip Turn|p2a: Torkoal
|-supereffective|p2a: Torkoal
|-damage|p2a: Torkoal|43/100
|
|t:|1780981120
|-end|p1a: Walking Wake|Protosynthesis|[silent]
|switch|p1a: Ting-Lu|Ting-Lu|80/100|[from] Flip Turn
|-ability|p1a: Ting-Lu|Vessel of Ruin
|move|p2a: Torkoal|Rapid Spin|p1a: Ting-Lu
|-damage|p1a: Ting-Lu|75/100
|-boost|p2a: Torkoal|spe|1
|-sideend|p2: LowEL0God|Spikes|[from] move: Rapid Spin|[of] p2a: Torkoal
|-sideend|p2: LowEL0God|Stealth Rock|[from] move: Rapid Spin|[of] p2a: Torkoal
|
|-weather|SunnyDay|[upkeep]
|-heal|p1a: Ting-Lu|81/100|[from] item: Leftovers
|upkeep
|turn|19
|
|t:|1780981128
|switch|p2a: Ninetales|Ninetales-Alola, M|55/100
|-weather|Snowscape|[from] ability: Snow Warning|[of] p2a: Ninetales
|move|p1a: Ting-Lu|Earthquake|p2a: Ninetales
|-crit|p2a: Ninetales
|-damage|p2a: Ninetales|9/100
|
|-weather|Snowscape|[upkeep]
|-heal|p1a: Ting-Lu|87/100|[from] item: Leftovers
|upkeep
|turn|20
|
|t:|1780981133
|move|p2a: Ninetales|Freeze-Dry|p1a: Ting-Lu
|-supereffective|p1a: Ting-Lu
|-damage|p1a: Ting-Lu|71/100
|move|p1a: Ting-Lu|Stealth Rock|p2a: Ninetales
|-sidestart|p2: LowEL0God|move: Stealth Rock
|
|-weather|Snowscape|[upkeep]
|-heal|p1a: Ting-Lu|77/100|[from] item: Leftovers
|upkeep
|turn|21
|
|t:|1780981137
|move|p2a: Ninetales|Freeze-Dry|p1a: Ting-Lu
|-supereffective|p1a: Ting-Lu
|-damage|p1a: Ting-Lu|59/100
|move|p1a: Ting-Lu|Earthquake|p2a: Ninetales
|-damage|p2a: Ninetales|0 fnt
|faint|p2a: Ninetales
|
|-weather|Snowscape|[upkeep]
|-heal|p1a: Ting-Lu|66/100|[from] item: Leftovers
|upkeep
|
|t:|1780981137
|switch|p2a: Torkoal|Torkoal, F|43/100
|-damage|p2a: Torkoal|19/100|[from] Stealth Rock
|-weather|SunnyDay|[from] ability: Drought|[of] p2a: Torkoal
|turn|22
|
|t:|1780981139
|move|p1a: Ting-Lu|Earthquake|p2a: Torkoal
|-supereffective|p2a: Torkoal
|-damage|p2a: Torkoal|0 fnt
|faint|p2a: Torkoal
|
|win|hyp4roffender
|raw|hyp4roffender's rating: 1611 &rarr; <strong>1629</strong><br />(+18 for winning)
|raw|LowEL0God's rating: 1579 &rarr; <strong>1561</strong><br />(-18 for losing)
|l| Eepsilon
|c|☆hyp4roffender|gg
|l|☆hyp4roffender
|player|p1|
|c|☆LowEL0God|gg
|l|☆LowEL0God
|player|p2|
|l| Dionysos le retour
