|j|☆tauros3
|j|☆EtnaArmpits
|t:|1781125100
|gametype|singles
|player|p1|tauros3|swimmer-gen4dp|1599
|player|p2|EtnaArmpits|170|1636
|gen|9
|tier|[Gen 9] OU
|rated|
|rule|HP Percentage Mod: HP is shown in percentages
|rule|Endless Battle Clause: Forcing endless battles is banned
|rule|Species Clause: Limit one of each Pokémon
|rule|OHKO Clause: OHKO moves are banned
|rule|Evasion Items Clause: Evasion items are banned
|rule|Evasion Moves Clause: Evasion moves are banned
|rule|Evasion Abilities Clause: Evasion abilities are banned
|rule|Sleep Moves Clause: Sleep-inducing moves are banned
|clearpoke
|poke|p1|Ninetales-Alola, M|
|poke|p1|Cloyster, F|
|poke|p1|Moltres-Galar|
|poke|p1|Ursaluna, F|
|poke|p1|Hatterene, F|
|poke|p1|Cinderace, F|
|poke|p2|Kyurem|
|poke|p2|Deoxys-Speed|
|poke|p2|Iron Valiant|
|poke|p2|Dragonite, M|
|poke|p2|Darkrai|
|poke|p2|Iron Treads|
|teampreview
|inactive|Battle timer is ON: inactive players will automatically lose when time's up. (requested by EtnaArmpits)
|inactive|tauros3 also wants the timer to be on.
|
|t:|1781125108
|teamsize|p1|6
|teamsize|p2|6
|start
|switch|p1a: Pink Triangle|Hatterene, F|100/100
|switch|p2a: Deoxys|Deoxys-Speed|100/100
|-ability|p2a: Deoxys|Pressure
|turn|1
|
|t:|1781125110
|switch|p2a: Iron Treads|Iron Treads|100/100
|-enditem|p2a: Iron Treads|Booster Energy
|-activate|p2a: Iron Treads|ability: Quark Drive|[fromitem]
|-start|p2a: Iron Treads|quarkdrivespe
|move|p1a: Pink Triangle|Trick Room|p1a: Pink Triangle
|-fieldstart|move: Trick Room|[of] p1a: Pink Triangle
|
|upkeep
|turn|2
|
|t:|1781125124
|move|p1a: Pink Triangle|Dazzling Gleam|p2a: Iron Treads
|-resisted|p2a: Iron Treads
|-damage|p2a: Iron Treads|66/100
|move|p2a: Iron Treads|Stealth Rock|p1a: Pink Triangle
|move|p1a: Pink Triangle|Stealth Rock|p2a: Iron Treads|[from] ability: Magic Bounce
|-sidestart|p2: EtnaArmpits|move: Stealth Rock
|
|upkeep
|turn|3
|
|t:|1781125130
|move|p1a: Pink Triangle|Dazzling Gleam|p2a: Iron Treads
|-resisted|p2a: Iron Treads
|-damage|p2a: Iron Treads|34/100
|move|p2a: Iron Treads|Rapid Spin|p1a: Pink Triangle
|-damage|p1a: Pink Triangle|87/100
|-boost|p2a: Iron Treads|spe|1
|-sideend|p2: EtnaArmpits|Stealth Rock|[from] move: Rapid Spin|[of] p2a: Iron Treads
|
|upkeep
|turn|4
|
|t:|1781125134
|move|p1a: Pink Triangle|Dazzling Gleam|p2a: Iron Treads
|-resisted|p2a: Iron Treads
|-damage|p2a: Iron Treads|0 fnt
|faint|p2a: Iron Treads
|-end|p2a: Iron Treads|Quark Drive|[silent]
|
|upkeep
|
|t:|1781125142
|switch|p2a: Deoxys|Deoxys-Speed|100/100
|-ability|p2a: Deoxys|Pressure
|turn|5
|
|t:|1781125152
|move|p1a: Pink Triangle|Dazzling Gleam|p2a: Deoxys
|-damage|p2a: Deoxys|26/100
|move|p2a: Deoxys|Ice Beam|p1a: Pink Triangle
|-damage|p1a: Pink Triangle|50/100
|-damage|p2a: Deoxys|16/100|[from] item: Life Orb
|
|-fieldend|move: Trick Room
|upkeep
|turn|6
|
|t:|1781125158
|move|p2a: Deoxys|Ice Beam|p1a: Pink Triangle
|-damage|p1a: Pink Triangle|14/100
|-damage|p2a: Deoxys|6/100|[from] item: Life Orb
|move|p1a: Pink Triangle|Trick Room|p1a: Pink Triangle
|-fieldstart|move: Trick Room|[of] p1a: Pink Triangle
|
|upkeep
|turn|7
|
|t:|1781125163
|move|p1a: Pink Triangle|Dazzling Gleam|p2a: Deoxys
|-damage|p2a: Deoxys|0 fnt
|faint|p2a: Deoxys
|
|upkeep
|
|t:|1781125167
|switch|p2a: Dragonite|Dragonite, M|100/100
|turn|8
|
|t:|1781125177
|-terastallize|p2a: Dragonite|Normal
|move|p1a: Pink Triangle|Dazzling Gleam|p2a: Dragonite
|-damage|p2a: Dragonite|77/100
|move|p2a: Dragonite|Dragon Dance|p2a: Dragonite
|-boost|p2a: Dragonite|atk|1
|-boost|p2a: Dragonite|spe|1
|
|upkeep
|turn|9
|
|t:|1781125183
|move|p1a: Pink Triangle|Psychic Noise|p2a: Dragonite
|-damage|p2a: Dragonite|31/100
|-start|p2a: Dragonite|move: Heal Block
|move|p2a: Dragonite|Dragon Dance|p2a: Dragonite
|-boost|p2a: Dragonite|atk|1
|-boost|p2a: Dragonite|spe|1
|
|upkeep
|turn|10
|
|t:|1781125192
|move|p2a: Dragonite|Extreme Speed|p1a: Pink Triangle
|-damage|p1a: Pink Triangle|0 fnt
|faint|p1a: Pink Triangle
|
|-end|p2a: Dragonite|move: Heal Block
|-fieldend|move: Trick Room
|upkeep
|
|t:|1781125193
|switch|p1a: The Good Life|Ninetales-Alola, M|100/100
|-weather|Snowscape|[from] ability: Snow Warning|[of] p1a: The Good Life
|turn|11
|
|t:|1781125196
|move|p2a: Dragonite|Extreme Speed|p1a: The Good Life
|-damage|p1a: The Good Life|29/100
|move|p1a: The Good Life|Aurora Veil|p1a: The Good Life
|-sidestart|p1: tauros3|move: Aurora Veil
|
|-weather|Snowscape|[upkeep]
|upkeep
|turn|12
|
|t:|1781125202
|switch|p1a: El Scorcho|Ursaluna, F|100/100
|move|p2a: Dragonite|Extreme Speed|p1a: El Scorcho
|-damage|p1a: El Scorcho|68/100
|
|-weather|Snowscape|[upkeep]
|-status|p1a: El Scorcho|brn|[from] item: Flame Orb
|upkeep
|turn|13
|
|t:|1781125205
|move|p2a: Dragonite|Ice Punch|p1a: El Scorcho
|-supereffective|p1a: El Scorcho
|-damage|p1a: El Scorcho|29/100 brn
|move|p1a: El Scorcho|Facade|p2a: Dragonite
|-damage|p2a: Dragonite|0 fnt
|faint|p2a: Dragonite
|
|-weather|Snowscape|[upkeep]
|-damage|p1a: El Scorcho|23/100 brn|[from] brn
|upkeep
|
|t:|1781125209
|switch|p2a: Kyurem|Kyurem|100/100
|-ability|p2a: Kyurem|Pressure
|turn|14
|
|t:|1781125214
|move|p2a: Kyurem|Freeze-Dry|p1a: El Scorcho
|-supereffective|p1a: El Scorcho
|-damage|p1a: El Scorcho|0 fnt
|faint|p1a: El Scorcho
|
|-weather|Snowscape|[upkeep]
|upkeep
|
|t:|1781125219
|switch|p1a: Getchoo|Cloyster, F|100/100
|turn|15
|
|t:|1781125223
|switch|p2a: Iron Valiant|Iron Valiant|100/100
|-enditem|p2a: Iron Valiant|Booster Energy
|-activate|p2a: Iron Valiant|ability: Quark Drive|[fromitem]
|-start|p2a: Iron Valiant|quarkdrivespe
|move|p1a: Getchoo|Shell Smash|p1a: Getchoo
|-unboost|p1a: Getchoo|def|1
|-unboost|p1a: Getchoo|spd|1
|-boost|p1a: Getchoo|atk|2
|-boost|p1a: Getchoo|spa|2
|-boost|p1a: Getchoo|spe|2
|
|-weather|none
|upkeep
|turn|16
|
|t:|1781125228
|switch|p1a: Long Time Sunshine|Cinderace, F|100/100
|move|p2a: Iron Valiant|Close Combat|p1a: Long Time Sunshine
|-damage|p1a: Long Time Sunshine|62/100
|-unboost|p2a: Iron Valiant|def|1
|-unboost|p2a: Iron Valiant|spd|1
|
|upkeep
|turn|17
|
|t:|1781125235
|-end|p2a: Iron Valiant|Quark Drive|[silent]
|switch|p2a: Darkrai|Darkrai|100/100
|move|p1a: Long Time Sunshine|Pyro Ball|p2a: Darkrai
|-damage|p2a: Darkrai|34/100
|
|upkeep
|turn|18
|
|t:|1781125241
|move|p2a: Darkrai|Dark Pulse|p1a: Long Time Sunshine
|-damage|p1a: Long Time Sunshine|39/100
|cant|p1a: Long Time Sunshine|flinch
|
|-sideend|p1: tauros3|move: Aurora Veil
|upkeep
|turn|19
|
|t:|1781125248
|move|p2a: Darkrai|Dark Pulse|p1a: Long Time Sunshine
|-damage|p1a: Long Time Sunshine|0 fnt
|faint|p1a: Long Time Sunshine
|
|upkeep
|
|t:|1781125251
|switch|p1a: Butterfly|Moltres-Galar|100/100
|turn|20
|
|t:|1781125259
|move|p2a: Darkrai|Dark Pulse|p1a: Butterfly
|-resisted|p1a: Butterfly
|-damage|p1a: Butterfly|84/100
|move|p1a: Butterfly|Agility|p1a: Butterfly
|-boost|p1a: Butterfly|spe|2
|
|upkeep
|turn|21
|
|t:|1781125264
|move|p1a: Butterfly|Nasty Plot|p1a: Butterfly
|-boost|p1a: Butterfly|spa|2
|move|p2a: Darkrai|Ice Beam|p1a: Butterfly
|-supereffective|p1a: Butterfly
|-damage|p1a: Butterfly|30/100
|-ability|p1a: Butterfly|Berserk|boost
|-boost|p1a: Butterfly|spa|1
|-enditem|p1a: Butterfly|Sitrus Berry|[eat]
|-heal|p1a: Butterfly|55/100|[from] item: Sitrus Berry
|
|upkeep
|turn|22
|
|t:|1781125270
|move|p1a: Butterfly|Air Slash|p2a: Darkrai
|-damage|p2a: Darkrai|0 fnt
|faint|p2a: Darkrai
|
|upkeep
|-message|EtnaArmpits forfeited.
|
|win|tauros3
|raw|tauros3's rating: 1599 &rarr; <strong>1621</strong><br />(+22 for winning)
|raw|EtnaArmpits's rating: 1636 &rarr; <strong>1614</strong><br />(-22 for losing)
|l|☆EtnaArmpits
|player|p2|
|l|☆tauros3
|player|p1|
