|j|‽cte player
|j|☆Mr_Stonks0406
|t:|1781588383
|gametype|singles
|player|p1|cte player|brendan|1546
|player|p2|Mr_Stonks0406|rocketgrunt|1529
|gen|9
|tier|[Gen 9] OU
|rated|
|rule|HP Percentage Mod: HP is shown in percentages
|rule|Endless Battle Clause: Forcing endless battles is banned
|rule|Species Clause: Limit one of each Pokémon
|rule|OHKO Clause: OHKO moves are banned
|rule|Evasion Items Clause: Evasion items are banned
|rule|Evasion Moves Clause: Evasion moves are banned
|rule|Evasion Abilities Clause: Evasion abilities are banned
|rule|Sleep Moves Clause: Sleep-inducing moves are banned
|clearpoke
|poke|p1|Scizor, M|
|poke|p1|Kyurem|
|poke|p1|Cinderace, M|
|poke|p1|Primarina, M|
|poke|p1|Zapdos|
|poke|p1|Iron Valiant|
|poke|p2|Ting-Lu|
|poke|p2|Corviknight, F|
|poke|p2|Darkrai|
|poke|p2|Cinderace, M|
|poke|p2|Kyurem|
|poke|p2|Slowking-Galar, M|
|teampreview
|inactive|Battle timer is ON: inactive players will automatically lose when time's up. (requested by Mr_Stonks0406)
|
|t:|1781588401
|teamsize|p1|6
|teamsize|p2|6
|start
|switch|p1a: Primarina|Primarina, M, shiny|100/100
|switch|p2a: Daylight Robbery|Cinderace, M|100/100
|turn|1
|
|t:|1781588408
|move|p2a: Daylight Robbery|U-turn|p1a: Primarina
|-start|p2a: Daylight Robbery|typechange|Bug|[from] ability: Libero
|-resisted|p1a: Primarina
|-damage|p1a: Primarina|81/100
|
|t:|1781588423
|switch|p2a: Hide and Seek|Slowking-Galar, M|100/100|[from] U-turn
|move|p1a: Primarina|Flip Turn|p2a: Hide and Seek
|-damage|p2a: Hide and Seek|86/100
|
|t:|1781588432
|switch|p1a: Scizor|Scizor, M, shiny|100/100|[from] Flip Turn
|
|upkeep
|turn|2
|
|t:|1781588451
|switch|p2a: Clear the Area|Corviknight, F|100/100
|-ability|p2a: Clear the Area|Pressure
|move|p1a: Scizor|Swords Dance|p1a: Scizor
|-boost|p1a: Scizor|atk|2
|
|upkeep
|turn|3
|
|t:|1781588467
|move|p1a: Scizor|Knock Off|p2a: Clear the Area
|-damage|p2a: Clear the Area|59/100
|-damage|p1a: Scizor|84/100|[from] item: Rocky Helmet|[of] p2a: Clear the Area
|-enditem|p2a: Clear the Area|Rocky Helmet|[from] move: Knock Off|[of] p1a: Scizor
|move|p2a: Clear the Area|Iron Defense|p2a: Clear the Area
|-boost|p2a: Clear the Area|def|2
|
|upkeep
|turn|4
|
|t:|1781588482
|switch|p1a: Primarina|Primarina, M, shiny|81/100
|move|p2a: Clear the Area|Body Press|p1a: Primarina
|-resisted|p1a: Primarina
|-damage|p1a: Primarina|47/100
|
|upkeep
|turn|5
|inactive|Mr_Stonks0406 has 120 seconds left.
|
|t:|1781588503
|move|p1a: Primarina|Flip Turn|p2a: Clear the Area
|-damage|p2a: Clear the Area|54/100
|
|t:|1781588507
|switch|p1a: Zapdos|Zapdos, shiny|100/100|[from] Flip Turn
|move|p2a: Clear the Area|Iron Defense|p2a: Clear the Area
|-boost|p2a: Clear the Area|def|2
|
|upkeep
|turn|6
|
|t:|1781588515
|switch|p1a: Primarina|Primarina, M, shiny|47/100
|switch|p2a: Headlock|Ting-Lu|100/100
|-ability|p2a: Headlock|Vessel of Ruin
|
|upkeep
|turn|7
|
|t:|1781588528
|move|p1a: Primarina|Psychic Noise|p2a: Headlock
|-supereffective|p2a: Headlock
|-damage|p2a: Headlock|68/100
|-start|p2a: Headlock|move: Heal Block
|move|p2a: Headlock|Stealth Rock|p1a: Primarina
|-sidestart|p1: cte player|move: Stealth Rock
|
|upkeep
|turn|8
|
|t:|1781588536
|switch|p2a: Hide and Seek|Slowking-Galar, M|100/100
|move|p1a: Primarina|Moonblast|p2a: Hide and Seek
|-resisted|p2a: Hide and Seek
|-damage|p2a: Hide and Seek|87/100
|
|upkeep
|turn|9
|
|t:|1781588545
|move|p1a: Primarina|Psychic Noise|p2a: Hide and Seek
|-damage|p2a: Hide and Seek|64/100
|-start|p2a: Hide and Seek|move: Heal Block
|-prepare|p2a: Hide and Seek|Chilly Reception|[premajor]
|move|p2a: Hide and Seek|Chilly Reception|p2a: Hide and Seek
|-weather|Snowscape
|
|t:|1781588549
|switch|p2a: The Walk|Kyurem|100/100|[from] Chilly Reception
|-ability|p2a: The Walk|Pressure
|
|-weather|Snowscape|[upkeep]
|upkeep
|turn|10
|
|t:|1781588560
|move|p2a: The Walk|Freeze-Dry|p1a: Primarina
|-supereffective|p1a: Primarina
|-damage|p1a: Primarina|0 fnt
|faint|p1a: Primarina
|
|-weather|Snowscape|[upkeep]
|upkeep
|
|t:|1781588566
|switch|p1a: Cinderace|Cinderace, M, shiny|100/100
|turn|11
|
|t:|1781588578
|move|p1a: Cinderace|Court Change|p1a: Cinderace
|-swapsideconditions
|-activate|p1a: Cinderace|move: Court Change
|move|p2a: The Walk|Freeze-Dry|p1a: Cinderace
|-resisted|p1a: Cinderace
|-damage|p1a: Cinderace|62/100
|
|-weather|Snowscape|[upkeep]
|upkeep
|turn|12
|
|t:|1781588587
|switch|p2a: Daylight Robbery|Cinderace, M|100/100
|move|p1a: Cinderace|Pyro Ball|p2a: Daylight Robbery
|-resisted|p2a: Daylight Robbery
|-damage|p2a: Daylight Robbery|63/100
|
|-weather|Snowscape|[upkeep]
|upkeep
|turn|13
|
|t:|1781588595
|move|p2a: Daylight Robbery|Court Change|p2a: Daylight Robbery
|-start|p2a: Daylight Robbery|typechange|Normal|[from] ability: Libero
|-swapsideconditions
|-activate|p2a: Daylight Robbery|move: Court Change
|move|p1a: Cinderace|Pyro Ball|p2a: Daylight Robbery
|-damage|p2a: Daylight Robbery|0 fnt
|faint|p2a: Daylight Robbery
|
|-weather|none
|upkeep
|
|t:|1781588608
|switch|p2a: Goodnight and Go|Darkrai|100/100
|turn|14
|
|t:|1781588626
|switch|p1a: Iron Valiant|Iron Valiant, shiny|100/100
|-damage|p1a: Iron Valiant|94/100|[from] Stealth Rock
|-enditem|p1a: Iron Valiant|Booster Energy
|-activate|p1a: Iron Valiant|ability: Quark Drive|[fromitem]
|-start|p1a: Iron Valiant|quarkdrivespe
|move|p2a: Goodnight and Go|Dark Pulse|p1a: Iron Valiant
|-resisted|p1a: Iron Valiant
|-damage|p1a: Iron Valiant|75/100
|
|upkeep
|turn|15
|
|t:|1781588641
|switch|p2a: Hide and Seek|Slowking-Galar, M|98/100
|move|p1a: Iron Valiant|Moonblast|p2a: Hide and Seek
|-resisted|p2a: Hide and Seek
|-damage|p2a: Hide and Seek|85/100
|
|upkeep
|turn|16
|
|t:|1781588652
|move|p1a: Iron Valiant|Calm Mind|p1a: Iron Valiant
|-boost|p1a: Iron Valiant|spa|1
|-boost|p1a: Iron Valiant|spd|1
|move|p2a: Hide and Seek|Psyshock|p1a: Iron Valiant
|-supereffective|p1a: Iron Valiant
|-damage|p1a: Iron Valiant|0 fnt
|faint|p1a: Iron Valiant
|-end|p1a: Iron Valiant|Quark Drive|[silent]
|
|upkeep
|
|t:|1781588661
|switch|p1a: Cinderace|Cinderace, M, shiny|62/100
|turn|17
|
|t:|1781588688
|move|p1a: Cinderace|Court Change|p1a: Cinderace
|-swapsideconditions
|-activate|p1a: Cinderace|move: Court Change
|-prepare|p2a: Hide and Seek|Chilly Reception|[premajor]
|move|p2a: Hide and Seek|Chilly Reception|p2a: Hide and Seek
|-weather|Snowscape
|inactive|Mr_Stonks0406 has 120 seconds left.
|
|t:|1781588712
|switch|p2a: Headlock|Ting-Lu|68/100|[from] Chilly Reception
|-damage|p2a: Headlock|62/100|[from] Stealth Rock
|-ability|p2a: Headlock|Vessel of Ruin
|
|-weather|Snowscape|[upkeep]
|-heal|p2a: Headlock|68/100|[from] item: Leftovers
|upkeep
|turn|18
|
|t:|1781588721
|move|p1a: Cinderace|Taunt|p2a: Headlock
|-start|p2a: Headlock|move: Taunt
|cant|p2a: Headlock|move: Taunt|Stealth Rock
|
|-weather|Snowscape|[upkeep]
|-heal|p2a: Headlock|74/100|[from] item: Leftovers
|upkeep
|turn|19
|
|t:|1781588729
|switch|p2a: Clear the Area|Corviknight, F|54/100
|-damage|p2a: Clear the Area|42/100|[from] Stealth Rock
|-ability|p2a: Clear the Area|Pressure
|move|p1a: Cinderace|U-turn|p2a: Clear the Area
|-resisted|p2a: Clear the Area
|-damage|p2a: Clear the Area|39/100
|
|t:|1781588741
|switch|p1a: Kyurem|Kyurem, shiny|100/100|[from] U-turn
|-ability|p1a: Kyurem|Pressure
|
|-weather|Snowscape|[upkeep]
|upkeep
|turn|20
|inactive|Mr_Stonks0406 has 120 seconds left.
|
|t:|1781588761
|move|p1a: Kyurem|Dragon Dance|p1a: Kyurem
|-boost|p1a: Kyurem|atk|1
|-boost|p1a: Kyurem|spe|1
|move|p2a: Clear the Area|Roost|p2a: Clear the Area
|-heal|p2a: Clear the Area|89/100
|-singleturn|p2a: Clear the Area|move: Roost
|
|-weather|Snowscape|[upkeep]
|upkeep
|turn|21
|
|t:|1781588770
|move|p1a: Kyurem|Icicle Spear|p2a: Clear the Area
|-damage|p2a: Clear the Area|77/100
|-damage|p2a: Clear the Area|65/100
|-damage|p2a: Clear the Area|55/100
|-damage|p2a: Clear the Area|42/100
|-hitcount|p2a: Clear the Area|4
|move|p2a: Clear the Area|Iron Defense|p2a: Clear the Area
|-boost|p2a: Clear the Area|def|2
|
|-weather|none
|upkeep
|turn|22
|
|t:|1781588784
|move|p1a: Kyurem|Icicle Spear|p2a: Clear the Area
|-damage|p2a: Clear the Area|37/100
|-damage|p2a: Clear the Area|31/100
|-damage|p2a: Clear the Area|25/100
|-damage|p2a: Clear the Area|19/100
|-hitcount|p2a: Clear the Area|4
|move|p2a: Clear the Area|Roost|p2a: Clear the Area
|-heal|p2a: Clear the Area|69/100
|-singleturn|p2a: Clear the Area|move: Roost
|
|upkeep
|turn|23
|
|t:|1781588797
|switch|p1a: Zapdos|Zapdos, shiny|100/100
|move|p2a: Clear the Area|Body Press|p1a: Zapdos
|-resisted|p1a: Zapdos
|-damage|p1a: Zapdos|77/100
|
|upkeep
|turn|24
|
|t:|1781588807
|switch|p1a: Kyurem|Kyurem, shiny|100/100
|-ability|p1a: Kyurem|Pressure
|switch|p2a: Headlock|Ting-Lu|74/100
|-damage|p2a: Headlock|68/100|[from] Stealth Rock
|-ability|p2a: Headlock|Vessel of Ruin
|
|-heal|p2a: Headlock|74/100|[from] item: Leftovers
|upkeep
|turn|25
|
|t:|1781588819
|move|p1a: Kyurem|Icicle Spear|p2a: Headlock
|-supereffective|p2a: Headlock
|-damage|p2a: Headlock|60/100
|-supereffective|p2a: Headlock
|-damage|p2a: Headlock|45/100
|-supereffective|p2a: Headlock
|-damage|p2a: Headlock|30/100
|-supereffective|p2a: Headlock
|-damage|p2a: Headlock|16/100
|-hitcount|p2a: Headlock|4
|move|p2a: Headlock|Whirlwind|p1a: Kyurem
|drag|p1a: Zapdos|Zapdos, shiny|77/100
|
|-heal|p2a: Headlock|22/100|[from] item: Leftovers
|upkeep
|turn|26
|
|t:|1781588836
|switch|p1a: Kyurem|Kyurem, shiny|100/100
|-ability|p1a: Kyurem|Pressure
|move|p2a: Headlock|Stealth Rock|p1a: Kyurem
|-sidestart|p1: cte player|move: Stealth Rock
|
|-heal|p2a: Headlock|28/100|[from] item: Leftovers
|upkeep
|turn|27
|
|t:|1781588849
|move|p1a: Kyurem|Scale Shot|p2a: Headlock
|-damage|p2a: Headlock|21/100
|-damage|p2a: Headlock|13/100
|-damage|p2a: Headlock|6/100
|-damage|p2a: Headlock|0 fnt
|faint|p2a: Headlock
|-hitcount|p2: Headlock|4
|-unboost|p1a: Kyurem|def|1
|-boost|p1a: Kyurem|spe|1
|
|upkeep
|
|t:|1781588859
|switch|p2a: Clear the Area|Corviknight, F|69/100
|-damage|p2a: Clear the Area|56/100|[from] Stealth Rock
|-ability|p2a: Clear the Area|Pressure
|turn|28
|
|t:|1781588866
|switch|p1a: Zapdos|Zapdos, shiny|77/100
|move|p2a: Clear the Area|Roost|p2a: Clear the Area
|-heal|p2a: Clear the Area|100/100
|-singleturn|p2a: Clear the Area|move: Roost
|
|upkeep
|turn|29
|
|t:|1781588877
|switch|p2a: Hide and Seek|Slowking-Galar, M|100/100
|move|p1a: Zapdos|Volt Switch|p2a: Hide and Seek
|-damage|p2a: Hide and Seek|80/100
|
|t:|1781588883
|switch|p1a: Cinderace|Cinderace, M, shiny|62/100|[from] Volt Switch
|
|upkeep
|turn|30
|
|t:|1781588909
|move|p1a: Cinderace|Pyro Ball|p2a: Hide and Seek|[miss]
|-miss|p1a: Cinderace|p2a: Hide and Seek
|-prepare|p2a: Hide and Seek|Chilly Reception|[premajor]
|move|p2a: Hide and Seek|Chilly Reception|p2a: Hide and Seek
|-weather|Snowscape
|
|t:|1781588916
|switch|p2a: Goodnight and Go|Darkrai|100/100|[from] Chilly Reception
|-damage|p2a: Goodnight and Go|88/100|[from] Stealth Rock
|
|-weather|Snowscape|[upkeep]
|upkeep
|turn|31
|
|t:|1781588924
|move|p2a: Goodnight and Go|Dark Pulse|p1a: Cinderace
|-damage|p1a: Cinderace|4/100
|move|p1a: Cinderace|U-turn|p2a: Goodnight and Go
|-supereffective|p2a: Goodnight and Go
|-crit|p2a: Goodnight and Go
|-damage|p2a: Goodnight and Go|2/100
|
|t:|1781588936
|switch|p1a: Scizor|Scizor, M, shiny|84/100|[from] U-turn
|-damage|p1a: Scizor|72/100|[from] Stealth Rock
|
|-weather|Snowscape|[upkeep]
|upkeep
|turn|32
|
|t:|1781588943
|move|p2a: Goodnight and Go|Dark Pulse|p1a: Scizor
|-damage|p1a: Scizor|18/100
|move|p1a: Scizor|Swords Dance|p1a: Scizor
|-boost|p1a: Scizor|atk|2
|
|-weather|Snowscape|[upkeep]
|upkeep
|turn|33
|
|t:|1781588951
|move|p1a: Scizor|Bullet Punch|p2a: Goodnight and Go
|-damage|p2a: Goodnight and Go|0 fnt
|faint|p2a: Goodnight and Go
|
|-weather|Snowscape|[upkeep]
|upkeep
|
|t:|1781588954
|switch|p2a: Clear the Area|Corviknight, F|100/100
|-damage|p2a: Clear the Area|88/100|[from] Stealth Rock
|-ability|p2a: Clear the Area|Pressure
|turn|34
|
|t:|1781588963
|move|p1a: Scizor|Close Combat|p2a: Clear the Area
|-damage|p2a: Clear the Area|35/100
|-unboost|p1a: Scizor|def|1
|-unboost|p1a: Scizor|spd|1
|move|p2a: Clear the Area|Roost|p2a: Clear the Area
|-heal|p2a: Clear the Area|85/100
|-singleturn|p2a: Clear the Area|move: Roost
|
|-weather|none
|upkeep
|turn|35
|
|t:|1781588982
|move|p1a: Scizor|Close Combat|p2a: Clear the Area
|-crit|p2a: Clear the Area
|-damage|p2a: Clear the Area|5/100
|-unboost|p1a: Scizor|def|1
|-unboost|p1a: Scizor|spd|1
|move|p2a: Clear the Area|Iron Defense|p2a: Clear the Area
|-boost|p2a: Clear the Area|def|2
|
|upkeep
|turn|36
|
|t:|1781588998
|move|p1a: Scizor|Knock Off|p2a: Clear the Area
|-damage|p2a: Clear the Area|0 fnt
|faint|p2a: Clear the Area
|
|upkeep
|
|t:|1781589005
|switch|p2a: Hide and Seek|Slowking-Galar, M|100/100
|turn|37
|
|t:|1781589011
|-terastallize|p2a: Hide and Seek|Water
|move|p1a: Scizor|Knock Off|p2a: Hide and Seek
|-damage|p2a: Hide and Seek|27/100
|-enditem|p2a: Hide and Seek|Heavy-Duty Boots|[from] move: Knock Off|[of] p1a: Scizor
|move|p2a: Hide and Seek|Psyshock|p1a: Scizor
|-resisted|p1a: Scizor
|-crit|p1a: Scizor
|-damage|p1a: Scizor|0 fnt
|faint|p1a: Scizor
|
|upkeep
|
|t:|1781589025
|switch|p1a: Zapdos|Zapdos, shiny|77/100
|turn|38
|
|t:|1781589035
|switch|p2a: The Walk|Kyurem|100/100
|-damage|p2a: The Walk|76/100|[from] Stealth Rock
|-ability|p2a: The Walk|Pressure
|move|p1a: Zapdos|Volt Switch|p2a: The Walk
|-resisted|p2a: The Walk
|-damage|p2a: The Walk|58/100
|
|t:|1781589045
|switch|p1a: Cinderace|Cinderace, M, shiny|4/100|[from] Volt Switch
|
|upkeep
|turn|39
|
|t:|1781589054
|move|p1a: Cinderace|Pyro Ball|p2a: The Walk
|-damage|p2a: The Walk|0 fnt
|faint|p2a: The Walk
|
|upkeep
|
|t:|1781589057
|switch|p2a: Hide and Seek|Slowking-Galar, M, tera:Water|60/100
|-damage|p2a: Hide and Seek|48/100|[from] Stealth Rock
|turn|40
|-message|Mr_Stonks0406 forfeited.
|
|win|cte player
|raw|cte player's rating: 1546 &rarr; <strong>1565</strong><br />(+19 for winning)
|raw|Mr_Stonks0406's rating: 1529 &rarr; <strong>1510</strong><br />(-19 for losing)
|l|☆Mr_Stonks0406
|player|p2|
