|j|☆BlackStar150520
|j|☆SofteLocke
|t:|1781069259
|gametype|singles
|player|p1|BlackStar150520|unknown|1610
|player|p2|SofteLocke|266|1727
|gen|9
|tier|[Gen 9] OU
|rated|
|rule|HP Percentage Mod: HP is shown in percentages
|rule|Endless Battle Clause: Forcing endless battles is banned
|rule|Species Clause: Limit one of each Pokémon
|rule|OHKO Clause: OHKO moves are banned
|rule|Evasion Items Clause: Evasion items are banned
|rule|Evasion Moves Clause: Evasion moves are banned
|rule|Evasion Abilities Clause: Evasion abilities are banned
|rule|Sleep Moves Clause: Sleep-inducing moves are banned
|clearpoke
|poke|p1|Raging Bolt|
|poke|p1|Kingambit, M|
|poke|p1|Iron Moth|
|poke|p1|Ogerpon-Wellspring, F|
|poke|p1|Scizor, M|
|poke|p1|Great Tusk|
|poke|p2|Torkoal, F|
|poke|p2|Hatterene, F|
|poke|p2|Walking Wake|
|poke|p2|Blaziken, F|
|poke|p2|Great Tusk|
|poke|p2|Raging Bolt|
|teampreview
|inactive|Battle timer is ON: inactive players will automatically lose when time's up. (requested by BlackStar150520)
|inactive|BlackStar150520 has 120 seconds left.
|
|t:|1781069313
|teamsize|p1|6
|teamsize|p2|6
|start
|switch|p1a: Mega Donphan|Great Tusk|100/100
|switch|p2a: Raging Bolt|Raging Bolt|100/100
|turn|1
|
|t:|1781069327
|-end|p2a: Raging Bolt|Protosynthesis|[silent]
|switch|p2a: Hatterene|Hatterene, F|100/100
|move|p1a: Mega Donphan|Headlong Rush|p2a: Hatterene
|-damage|p2a: Hatterene|45/100
|-unboost|p1a: Mega Donphan|def|1
|-unboost|p1a: Mega Donphan|spd|1
|-enditem|p2a: Hatterene|Eject Button
|
|t:|1781069329
|switch|p2a: Walking Wake|Walking Wake|100/100
|
|upkeep
|turn|2
|
|t:|1781069334
|-end|p1a: Mega Donphan|Protosynthesis|[silent]
|switch|p1a: Red Lightning|Scizor, M|100/100
|move|p2a: Walking Wake|Draco Meteor|p1a: Red Lightning
|-resisted|p1a: Red Lightning
|-damage|p1a: Red Lightning|40/100
|-unboost|p2a: Walking Wake|spa|2
|
|upkeep
|turn|3
|
|t:|1781069339
|-end|p2a: Walking Wake|Protosynthesis|[silent]
|switch|p2a: Torkoal|Torkoal, F|100/100
|-weather|SunnyDay|[from] ability: Drought|[of] p2a: Torkoal
|move|p1a: Red Lightning|U-turn|p2a: Torkoal
|-resisted|p2a: Torkoal
|-damage|p2a: Torkoal|82/100
|j| dilf huntr
|
|t:|1781069345
|switch|p1a: Mega Donphan|Great Tusk|100/100|[from] U-turn
|-activate|p1a: Mega Donphan|ability: Protosynthesis
|-start|p1a: Mega Donphan|protosynthesisatk
|
|-weather|SunnyDay|[upkeep]
|upkeep
|turn|4
|
|t:|1781069354
|switch|p2a: Hatterene|Hatterene, F|45/100
|move|p1a: Mega Donphan|Headlong Rush|p2a: Hatterene
|-damage|p2a: Hatterene|0 fnt
|-unboost|p1a: Mega Donphan|def|1
|-unboost|p1a: Mega Donphan|spd|1
|faint|p2a: Hatterene
|
|-weather|SunnyDay|[upkeep]
|upkeep
|
|t:|1781069356
|switch|p2a: Walking Wake|Walking Wake|100/100
|-activate|p2a: Walking Wake|ability: Protosynthesis
|-start|p2a: Walking Wake|protosynthesisspe
|turn|5
|
|t:|1781069363
|-end|p1a: Mega Donphan|Protosynthesis|[silent]
|switch|p1a: Red Lightning|Scizor, M|40/100
|move|p2a: Walking Wake|Dragon Pulse|p1a: Red Lightning
|-resisted|p1a: Red Lightning
|-damage|p1a: Red Lightning|0 fnt
|faint|p1a: Red Lightning
|
|-weather|SunnyDay|[upkeep]
|upkeep
|
|t:|1781069380
|switch|p1a: Aizen🗡️|Kingambit, M, shiny|100/100
|-activate|p1a: Aizen🗡️|ability: Supreme Overlord
|-start|p1a: Aizen🗡️|fallen1|[silent]
|turn|6
|
|t:|1781069385
|-end|p2a: Walking Wake|Protosynthesis|[silent]
|switch|p2a: Great Tusk|Great Tusk|100/100
|-activate|p2a: Great Tusk|ability: Protosynthesis
|-start|p2a: Great Tusk|protosynthesisatk
|-end|p1a: Aizen🗡️|fallen1|[silent]
|switch|p1a: Mega Donphan|Great Tusk|100/100
|-activate|p1a: Mega Donphan|ability: Protosynthesis
|-start|p1a: Mega Donphan|protosynthesisatk
|
|-weather|SunnyDay|[upkeep]
|upkeep
|turn|7
|
|t:|1781069395
|move|p1a: Mega Donphan|Ice Spinner|p2a: Great Tusk
|-supereffective|p2a: Great Tusk
|-damage|p2a: Great Tusk|51/100
|move|p2a: Great Tusk|Bulk Up|p2a: Great Tusk
|-boost|p2a: Great Tusk|atk|1
|-boost|p2a: Great Tusk|def|1
|
|-weather|SunnyDay|[upkeep]
|upkeep
|turn|8
|
|t:|1781069406
|move|p2a: Great Tusk|Headlong Rush|p1a: Mega Donphan
|-damage|p1a: Mega Donphan|12/100
|-unboost|p2a: Great Tusk|def|1
|-unboost|p2a: Great Tusk|spd|1
|move|p1a: Mega Donphan|Ice Spinner|p2a: Great Tusk
|-supereffective|p2a: Great Tusk
|-crit|p2a: Great Tusk
|-damage|p2a: Great Tusk|0 fnt
|faint|p2a: Great Tusk
|-end|p2a: Great Tusk|Protosynthesis|[silent]
|
|-weather|SunnyDay|[upkeep]
|upkeep
|
|t:|1781069414
|switch|p2a: Blaziken|Blaziken, F|100/100
|turn|9
|
|t:|1781069420
|move|p2a: Blaziken|Protect|p2a: Blaziken
|-singleturn|p2a: Blaziken|Protect
|move|p1a: Mega Donphan|Rapid Spin|p2a: Blaziken
|-activate|p2a: Blaziken|move: Protect
|
|-weather|SunnyDay|[upkeep]
|-ability|p2a: Blaziken|Speed Boost|boost
|-boost|p2a: Blaziken|spe|1
|upkeep
|turn|10
|
|t:|1781069422
|move|p2a: Blaziken|Close Combat|p1a: Mega Donphan
|-crit|p1a: Mega Donphan
|-damage|p1a: Mega Donphan|0 fnt
|-unboost|p2a: Blaziken|def|1
|-unboost|p2a: Blaziken|spd|1
|faint|p1a: Mega Donphan
|-end|p1a: Mega Donphan|Protosynthesis|[silent]
|
|-weather|none
|-ability|p2a: Blaziken|Speed Boost|boost
|-boost|p2a: Blaziken|spe|1
|upkeep
|
|t:|1781069426
|switch|p1a: ⚡️|Raging Bolt|100/100
|turn|11
|
|t:|1781069430
|switch|p2a: Torkoal|Torkoal, F|82/100
|-weather|SunnyDay|[from] ability: Drought|[of] p2a: Torkoal
|-activate|p1a: ⚡️|ability: Protosynthesis
|-start|p1a: ⚡️|protosynthesisspa
|move|p1a: ⚡️|Thunderbolt|p2a: Torkoal
|-damage|p2a: Torkoal|0 fnt
|faint|p2a: Torkoal
|
|-weather|SunnyDay|[upkeep]
|upkeep
|
|t:|1781069434
|switch|p2a: Raging Bolt|Raging Bolt|100/100
|-activate|p2a: Raging Bolt|ability: Protosynthesis
|-start|p2a: Raging Bolt|protosynthesisspa
|turn|12
|
|t:|1781069436
|move|p1a: ⚡️|Dragon Pulse|p2a: Raging Bolt
|-supereffective|p2a: Raging Bolt
|-damage|p2a: Raging Bolt|27/100
|move|p2a: Raging Bolt|Draco Meteor|p1a: ⚡️
|-supereffective|p1a: ⚡️
|-damage|p1a: ⚡️|0 fnt
|-unboost|p2a: Raging Bolt|spa|2
|faint|p1a: ⚡️
|-end|p1a: ⚡️|Protosynthesis|[silent]
|
|-weather|SunnyDay|[upkeep]
|upkeep
|
|t:|1781069445
|switch|p1a: 🎭|Ogerpon-Wellspring, F|100/100
|turn|13
|
|t:|1781069448
|-end|p2a: Raging Bolt|Protosynthesis|[silent]
|switch|p2a: Walking Wake|Walking Wake|100/100
|-activate|p2a: Walking Wake|ability: Protosynthesis
|-start|p2a: Walking Wake|protosynthesisspe
|move|p1a: 🎭|Knock Off|p2a: Walking Wake
|-crit|p2a: Walking Wake
|-damage|p2a: Walking Wake|42/100
|-enditem|p2a: Walking Wake|Choice Specs|[from] move: Knock Off|[of] p1a: 🎭
|
|-weather|SunnyDay|[upkeep]
|upkeep
|turn|14
|
|t:|1781069452
|move|p2a: Walking Wake|Draco Meteor|p1a: 🎭
|-damage|p1a: 🎭|23/100
|-unboost|p2a: Walking Wake|spa|2
|move|p1a: 🎭|U-turn|p2a: Walking Wake
|-damage|p2a: Walking Wake|15/100
|
|t:|1781069460
|switch|p1a: Robo Rona|Iron Moth|100/100|[from] U-turn
|-enditem|p1a: Robo Rona|Booster Energy
|-activate|p1a: Robo Rona|ability: Quark Drive|[fromitem]
|-start|p1a: Robo Rona|quarkdrivespe
|
|-weather|SunnyDay|[upkeep]
|upkeep
|turn|15
|
|t:|1781069465
|move|p1a: Robo Rona|Psychic|p2a: Walking Wake
|-damage|p2a: Walking Wake|0 fnt
|faint|p2a: Walking Wake
|-end|p2a: Walking Wake|Protosynthesis|[silent]
|
|-weather|SunnyDay|[upkeep]
|upkeep
|
|t:|1781069467
|switch|p2a: Raging Bolt|Raging Bolt|27/100
|-activate|p2a: Raging Bolt|ability: Protosynthesis
|-start|p2a: Raging Bolt|protosynthesisspa
|turn|16
|
|t:|1781069489
|-terastallize|p2a: Raging Bolt|Fairy
|move|p1a: Robo Rona|Sludge Wave|p2a: Raging Bolt
|-supereffective|p2a: Raging Bolt
|-damage|p2a: Raging Bolt|0 fnt
|faint|p2a: Raging Bolt
|-end|p2a: Raging Bolt|Protosynthesis|[silent]
|
|-weather|SunnyDay|[upkeep]
|upkeep
|-message|SofteLocke forfeited.
|
|win|BlackStar150520
|raw|BlackStar150520's rating: 1610 &rarr; <strong>1636</strong><br />(+26 for winning)
|raw|SofteLocke's rating: 1727 &rarr; <strong>1701</strong><br />(-26 for losing)
|l|☆SofteLocke
|player|p2|
