|j|☆AviennCloud
|j|☆elite four ozzy
|t:|1781128162
|gametype|singles
|player|p1|AviennCloud|alec-anime|1480
|player|p2|elite four ozzy|2|1527
|gen|9
|tier|[Gen 9] OU
|rated|
|rule|HP Percentage Mod: HP is shown in percentages
|rule|Endless Battle Clause: Forcing endless battles is banned
|rule|Species Clause: Limit one of each Pokémon
|rule|OHKO Clause: OHKO moves are banned
|rule|Evasion Items Clause: Evasion items are banned
|rule|Evasion Moves Clause: Evasion moves are banned
|rule|Evasion Abilities Clause: Evasion abilities are banned
|rule|Sleep Moves Clause: Sleep-inducing moves are banned
|clearpoke
|poke|p1|Dragapult, M|
|poke|p1|Deoxys-Speed|
|poke|p1|Ogerpon-Wellspring, F|
|poke|p1|Iron Valiant|
|poke|p1|Moltres-Galar|
|poke|p1|Zamazenta-*|
|poke|p2|Ting-Lu|
|poke|p2|Gliscor, M|
|poke|p2|Sinistcha-Masterpiece|
|poke|p2|Keldeo|
|poke|p2|Tinkaton, F|
|poke|p2|Dragonite, F|
|teampreview
|inactive|Battle timer is ON: inactive players will automatically lose when time's up. (requested by AviennCloud)
|inactive|elite four ozzy has 120 seconds left.
|
|t:|1781128197
|teamsize|p1|6
|teamsize|p2|6
|start
|switch|p1a: Ogerpon|Ogerpon-Wellspring, F|100/100
|switch|p2a: Tinkki Minaj|Tinkaton, F|100/100
|-ability|p2a: Tinkki Minaj|Mold Breaker
|-item|p2a: Tinkki Minaj|Air Balloon
|turn|1
|
|t:|1781128213
|move|p1a: Ogerpon|Ivy Cudgel|p2a: Tinkki Minaj|[anim] Ivy Cudgel Water
|-crit|p2a: Tinkki Minaj
|-damage|p2a: Tinkki Minaj|0 fnt
|-enditem|p2a: Tinkki Minaj|Air Balloon
|faint|p2a: Tinkki Minaj
|
|upkeep
|
|t:|1781128219
|switch|p2a: Tchavis Scott|Sinistcha-Masterpiece|100/100
|turn|2
|
|t:|1781128228
|switch|p1a: Deoxys|Deoxys-Speed|100/100
|-ability|p1a: Deoxys|Pressure
|move|p2a: Tchavis Scott|Matcha Gotcha|p1a: Deoxys
|-damage|p1a: Deoxys|61/100
|
|upkeep
|turn|3
|
|t:|1781128236
|move|p1a: Deoxys|Light Screen|p1a: Deoxys
|-sidestart|p1: AviennCloud|move: Light Screen
|move|p2a: Tchavis Scott|Shadow Ball|p1a: Deoxys
|-supereffective|p1a: Deoxys
|-damage|p1a: Deoxys|21/100
|-unboost|p1a: Deoxys|spd|1
|
|upkeep
|turn|4
|
|t:|1781128240
|move|p1a: Deoxys|Reflect|p1a: Deoxys
|-sidestart|p1: AviennCloud|Reflect
|move|p2a: Tchavis Scott|Calm Mind|p2a: Tchavis Scott
|-boost|p2a: Tchavis Scott|spa|1
|-boost|p2a: Tchavis Scott|spd|1
|
|upkeep
|turn|5
|
|t:|1781128250
|move|p1a: Deoxys|Taunt|p2a: Tchavis Scott
|-start|p2a: Tchavis Scott|move: Taunt
|cant|p2a: Tchavis Scott|move: Taunt|Calm Mind
|
|upkeep
|turn|6
|
|t:|1781128260
|move|p1a: Deoxys|Psycho Boost|p2a: Tchavis Scott
|-damage|p2a: Tchavis Scott|64/100
|-unboost|p1a: Deoxys|spa|2
|move|p2a: Tchavis Scott|Shadow Ball|p1a: Deoxys
|-supereffective|p1a: Deoxys
|-damage|p1a: Deoxys|0 fnt
|faint|p1a: Deoxys
|
|upkeep
|
|t:|1781128263
|switch|p1a: Moltres|Moltres-Galar|100/100
|turn|7
|
|t:|1781128278
|switch|p2a: Jarhead|Ting-Lu|100/100
|-ability|p2a: Jarhead|Vessel of Ruin
|move|p1a: Moltres|Nasty Plot|p1a: Moltres
|-boost|p1a: Moltres|spa|2
|
|upkeep
|turn|8
|
|t:|1781128282
|move|p1a: Moltres|Hurricane|p2a: Jarhead|[miss]
|-miss|p1a: Moltres|p2a: Jarhead
|move|p2a: Jarhead|Whirlwind|p1a: Moltres
|drag|p1a: Zamazenta|Zamazenta|100/100
|-ability|p1a: Zamazenta|Dauntless Shield|boost
|-boost|p1a: Zamazenta|def|1
|
|upkeep
|turn|9
|
|t:|1781128300
|switch|p2a: Tchavis Scott|Sinistcha-Masterpiece|64/100
|move|p1a: Zamazenta|Body Press|p2a: Tchavis Scott
|-immune|p2a: Tchavis Scott
|
|upkeep
|turn|10
|
|t:|1781128308
|switch|p1a: Moltres|Moltres-Galar|100/100
|move|p2a: Tchavis Scott|Strength Sap|p1a: Moltres
|-unboost|p1a: Moltres|atk|1
|-heal|p2a: Tchavis Scott|100/100
|
|-sideend|p1: AviennCloud|move: Light Screen
|upkeep
|turn|11
|
|t:|1781128313
|switch|p2a: Jarhead|Ting-Lu|100/100
|-ability|p2a: Jarhead|Vessel of Ruin
|move|p1a: Moltres|Nasty Plot|p1a: Moltres
|-boost|p1a: Moltres|spa|2
|
|-sideend|p1: AviennCloud|Reflect
|upkeep
|turn|12
|
|t:|1781128329
|move|p1a: Moltres|Hurricane|p2a: Jarhead|[miss]
|-miss|p1a: Moltres|p2a: Jarhead
|move|p2a: Jarhead|Whirlwind|p1a: Moltres
|drag|p1a: Dragapult|Dragapult, M|100/100
|
|upkeep
|turn|13
|
|t:|1781128338
|move|p1a: Dragapult|Dragon Darts|p2a: Jarhead
|-damage|p2a: Jarhead|85/100
|-anim|p1a: Dragapult|Dragon Darts|p2a: Jarhead
|-crit|p2a: Jarhead
|-damage|p2a: Jarhead|62/100
|-damage|p1a: Dragapult|91/100|[from] item: Life Orb
|move|p2a: Jarhead|Spikes|p1a: Dragapult
|-sidestart|p1: AviennCloud|Spikes
|
|-heal|p2a: Jarhead|69/100|[from] item: Leftovers
|upkeep
|turn|14
|
|t:|1781128345
|switch|p1a: Iron Valiant|Iron Valiant|100/100
|-damage|p1a: Iron Valiant|88/100|[from] Spikes
|-enditem|p1a: Iron Valiant|Booster Energy
|-activate|p1a: Iron Valiant|ability: Quark Drive|[fromitem]
|-start|p1a: Iron Valiant|quarkdrivespe
|move|p2a: Jarhead|Ruination|p1a: Iron Valiant
|-damage|p1a: Iron Valiant|44/100
|
|-heal|p2a: Jarhead|75/100|[from] item: Leftovers
|upkeep
|turn|15
|inactive|elite four ozzy has 120 seconds left.
|
|t:|1781128378
|move|p1a: Iron Valiant|Encore|p2a: Jarhead
|-start|p2a: Jarhead|Encore
|move|p2a: Jarhead|Ruination|p1a: Iron Valiant
|-damage|p1a: Iron Valiant|23/100
|
|-heal|p2a: Jarhead|81/100|[from] item: Leftovers
|upkeep
|turn|16
|inactive|elite four ozzy has 120 seconds left.
|
|t:|1781128395
|switch|p2a: Secret Service|Dragonite, F|100/100
|move|p1a: Iron Valiant|Calm Mind|p1a: Iron Valiant
|-boost|p1a: Iron Valiant|spa|1
|-boost|p1a: Iron Valiant|spd|1
|
|upkeep
|turn|17
|inactive|elite four ozzy has 120 seconds left.
|
|t:|1781128401
|-terastallize|p1a: Iron Valiant|Ghost
|move|p1a: Iron Valiant|Moonblast|p2a: Secret Service
|-supereffective|p2a: Secret Service
|-damage|p2a: Secret Service|39/100
|-unboost|p2a: Secret Service|spa|1
|move|p2a: Secret Service|Earthquake|p1a: Iron Valiant
|-damage|p1a: Iron Valiant|0 fnt
|faint|p1a: Iron Valiant
|-end|p1a: Iron Valiant|Quark Drive|[silent]
|
|upkeep
|
|t:|1781128406
|switch|p1a: Dragapult|Dragapult, M|91/100
|-damage|p1a: Dragapult|78/100|[from] Spikes
|turn|18
|inactive|elite four ozzy has 120 seconds left.
|inactive|elite four ozzy has 90 seconds left.
|
|t:|1781128477
|move|p1a: Dragapult|Dragon Darts|p2a: Secret Service
|-supereffective|p2a: Secret Service
|-damage|p2a: Secret Service|0 fnt
|faint|p2a: Secret Service
|-damage|p1a: Dragapult|69/100|[from] item: Life Orb
|
|upkeep
|inactive|elite four ozzy has 60 seconds left.
|
|t:|1781128492
|switch|p2a: Dance Armstrong|Gliscor, M|100/100
|turn|19
|inactive|elite four ozzy has 60 seconds left.
|
|t:|1781128502
|move|p1a: Dragapult|Dragon Darts|p2a: Dance Armstrong
|-damage|p2a: Dance Armstrong|79/100
|-anim|p1a: Dragapult|Dragon Darts|p2a: Dance Armstrong
|-damage|p2a: Dance Armstrong|59/100
|-damage|p1a: Dragapult|59/100|[from] item: Life Orb
|move|p2a: Dance Armstrong|Knock Off|p1a: Dragapult
|-supereffective|p1a: Dragapult
|-damage|p1a: Dragapult|4/100
|-enditem|p1a: Dragapult|Life Orb|[from] move: Knock Off|[of] p2a: Dance Armstrong
|
|-status|p2a: Dance Armstrong|tox|[from] item: Toxic Orb
|upkeep
|turn|20
|inactive|elite four ozzy has 60 seconds left.
|
|t:|1781128511
|move|p2a: Dance Armstrong|Protect|p2a: Dance Armstrong
|-singleturn|p2a: Dance Armstrong|Protect
|move|p1a: Dragapult|Draco Meteor|p2a: Dance Armstrong
|-activate|p2a: Dance Armstrong|move: Protect
|
|-heal|p2a: Dance Armstrong|72/100 tox|[from] ability: Poison Heal
|upkeep
|turn|21
|inactive|elite four ozzy has 60 seconds left.
|
|t:|1781128522
|switch|p2a: Jarhead|Ting-Lu|81/100
|-ability|p2a: Jarhead|Vessel of Ruin
|move|p1a: Dragapult|Draco Meteor|p2a: Jarhead
|-damage|p2a: Jarhead|58/100
|-unboost|p1a: Dragapult|spa|2
|
|-heal|p2a: Jarhead|64/100|[from] item: Leftovers
|upkeep
|turn|22
|inactive|elite four ozzy has 60 seconds left.
|
|t:|1781128537
|switch|p1a: Ogerpon|Ogerpon-Wellspring, F|100/100
|-damage|p1a: Ogerpon|88/100|[from] Spikes
|move|p2a: Jarhead|Spikes|p1a: Ogerpon
|-sidestart|p1: AviennCloud|Spikes
|
|-heal|p2a: Jarhead|71/100|[from] item: Leftovers
|upkeep
|turn|23
|inactive|elite four ozzy has 60 seconds left.
|
|t:|1781128552
|switch|p2a: Tchavis Scott|Sinistcha-Masterpiece|100/100
|move|p1a: Ogerpon|Swords Dance|p1a: Ogerpon
|-boost|p1a: Ogerpon|atk|2
|
|upkeep
|turn|24
|inactive|elite four ozzy has 60 seconds left.
|
|t:|1781128562
|-terastallize|p2a: Tchavis Scott|Poison
|move|p1a: Ogerpon|Swords Dance|p1a: Ogerpon
|-boost|p1a: Ogerpon|atk|2
|move|p2a: Tchavis Scott|Strength Sap|p1a: Ogerpon
|-unboost|p1a: Ogerpon|atk|1
|
|upkeep
|turn|25
|inactive|elite four ozzy has 60 seconds left.
|
|t:|1781128572
|move|p1a: Ogerpon|Ivy Cudgel|p2a: Tchavis Scott|[anim] Ivy Cudgel Water
|-damage|p2a: Tchavis Scott|5/100
|move|p2a: Tchavis Scott|Matcha Gotcha|p1a: Ogerpon
|-damage|p1a: Ogerpon|49/100
|-heal|p2a: Tchavis Scott|22/100|[from] drain|[of] p1a: Ogerpon
|
|upkeep
|turn|26
|inactive|elite four ozzy has 60 seconds left.
|
|t:|1781128594
|move|p1a: Ogerpon|Ivy Cudgel|p2a: Tchavis Scott|[anim] Ivy Cudgel Water
|-damage|p2a: Tchavis Scott|0 fnt
|faint|p2a: Tchavis Scott
|
|upkeep
|
|t:|1781128601
|switch|p2a: My Little Pwny|Keldeo|100/100
|turn|27
|
|t:|1781128605
|move|p1a: Ogerpon|Play Rough|p2a: My Little Pwny|[miss]
|-miss|p1a: Ogerpon|p2a: My Little Pwny
|move|p2a: My Little Pwny|Aura Sphere|p1a: Ogerpon
|-damage|p1a: Ogerpon|1/100
|
|upkeep
|turn|28
|
|t:|1781128609
|move|p2a: My Little Pwny|Vacuum Wave|p1a: Ogerpon
|-damage|p1a: Ogerpon|0 fnt
|faint|p1a: Ogerpon
|
|upkeep
|c|☆AviennCloud|dude
|
|t:|1781128622
|switch|p1a: Moltres|Moltres-Galar|100/100
|turn|29
|c|☆elite four ozzy|sry
|c|☆AviennCloud|nah not u
|c|☆AviennCloud|ur good
|c|☆AviennCloud|game j screwing me, happens
|
|t:|1781128643
|switch|p2a: Dance Armstrong|Gliscor, M|72/100 tox
|move|p1a: Moltres|Agility|p1a: Moltres
|-boost|p1a: Moltres|spe|2
|
|-heal|p2a: Dance Armstrong|84/100 tox|[from] ability: Poison Heal
|upkeep
|turn|30
|
|t:|1781128648
|move|p1a: Moltres|Nasty Plot|p1a: Moltres
|-boost|p1a: Moltres|spa|2
|move|p2a: Dance Armstrong|Knock Off|p1a: Moltres
|-resisted|p1a: Moltres
|-damage|p1a: Moltres|88/100
|-enditem|p1a: Moltres|Sitrus Berry|[from] move: Knock Off|[of] p2a: Dance Armstrong
|
|-heal|p2a: Dance Armstrong|97/100 tox|[from] ability: Poison Heal
|upkeep
|turn|31
|
|t:|1781128663
|move|p1a: Moltres|Hurricane|p2a: Dance Armstrong
|-damage|p2a: Dance Armstrong|0 fnt
|faint|p2a: Dance Armstrong
|
|upkeep
|
|t:|1781128665
|switch|p2a: Jarhead|Ting-Lu|71/100
|-ability|p2a: Jarhead|Vessel of Ruin
|turn|32
|
|t:|1781128673
|move|p1a: Moltres|Hurricane|p2a: Jarhead|[miss]
|-miss|p1a: Moltres|p2a: Jarhead
|move|p2a: Jarhead|Whirlwind|p1a: Moltres
|drag|p1a: Dragapult|Dragapult, M|4/100
|-damage|p1a: Dragapult|0 fnt|[from] Spikes
|faint|p1a: Dragapult
|
|-heal|p2a: Jarhead|77/100|[from] item: Leftovers
|upkeep
|
|t:|1781128685
|switch|p1a: Moltres|Moltres-Galar|88/100
|turn|33
|inactive|elite four ozzy has 90 seconds left.
|
|t:|1781128705
|move|p1a: Moltres|Nasty Plot|p1a: Moltres
|-boost|p1a: Moltres|spa|2
|move|p2a: Jarhead|Ruination|p1a: Moltres
|-damage|p1a: Moltres|44/100
|-ability|p1a: Moltres|Berserk|boost
|-boost|p1a: Moltres|spa|1
|
|-heal|p2a: Jarhead|83/100|[from] item: Leftovers
|upkeep
|turn|34
|
|t:|1781128714
|move|p1a: Moltres|Hurricane|p2a: Jarhead
|-damage|p2a: Jarhead|31/100
|move|p2a: Jarhead|Whirlwind|p1a: Moltres
|drag|p1a: Zamazenta|Zamazenta|100/100
|-damage|p1a: Zamazenta|84/100|[from] Spikes
|
|-heal|p1a: Zamazenta|90/100|[from] item: Leftovers
|-heal|p2a: Jarhead|38/100|[from] item: Leftovers
|upkeep
|turn|35
|
|t:|1781128737
|switch|p2a: My Little Pwny|Keldeo|100/100
|move|p1a: Zamazenta|Body Press|p2a: My Little Pwny
|-crit|p2a: My Little Pwny
|-damage|p2a: My Little Pwny|47/100
|
|-heal|p1a: Zamazenta|96/100|[from] item: Leftovers
|upkeep
|turn|36
|
|t:|1781128748
|move|p1a: Zamazenta|Body Press|p2a: My Little Pwny
|-damage|p2a: My Little Pwny|10/100
|move|p2a: My Little Pwny|Surf|p1a: Zamazenta
|-damage|p1a: Zamazenta|62/100
|
|-heal|p1a: Zamazenta|69/100|[from] item: Leftovers
|upkeep
|turn|37
|
|t:|1781128755
|move|p2a: My Little Pwny|Vacuum Wave|p1a: Zamazenta
|-damage|p1a: Zamazenta|52/100
|move|p1a: Zamazenta|Body Press|p2a: My Little Pwny
|-damage|p2a: My Little Pwny|0 fnt
|faint|p2a: My Little Pwny
|
|-heal|p1a: Zamazenta|58/100|[from] item: Leftovers
|upkeep
|-message|elite four ozzy forfeited.
|
|win|AviennCloud
|raw|AviennCloud's rating: 1480 &rarr; <strong>1503</strong><br />(+23 for winning)
|raw|elite four ozzy's rating: 1527 &rarr; <strong>1504</strong><br />(-23 for losing)
|l|☆elite four ozzy
|player|p2|
|c|☆AviennCloud|gg
