|j|☆lord shiddenfards
|j|☆tuanquewang
|t:|1781253777
|gametype|singles
|player|p1|lord shiddenfards|blaine|1659
|player|p2|tuanquewang|backersf|1758
|gen|9
|tier|[Gen 9] OU
|rated|
|rule|HP Percentage Mod: HP is shown in percentages
|rule|Endless Battle Clause: Forcing endless battles is banned
|rule|Species Clause: Limit one of each Pokémon
|rule|OHKO Clause: OHKO moves are banned
|rule|Evasion Items Clause: Evasion items are banned
|rule|Evasion Moves Clause: Evasion moves are banned
|rule|Evasion Abilities Clause: Evasion abilities are banned
|rule|Sleep Moves Clause: Sleep-inducing moves are banned
|clearpoke
|poke|p1|Ninetales, F|
|poke|p1|Great Tusk|
|poke|p1|Slither Wing|
|poke|p1|Alomomola, M|
|poke|p1|Iron Moth|
|poke|p1|Raging Bolt|
|poke|p2|Slowking-Galar, M|
|poke|p2|Hydrapple, F|
|poke|p2|Cinderace, M|
|poke|p2|Alomomola, F|
|poke|p2|Mamoswine, M|
|poke|p2|Gholdengo|
|teampreview
|inactive|Battle timer is ON: inactive players will automatically lose when time's up. (requested by tuanquewang)
|
|t:|1781253787
|teamsize|p1|6
|teamsize|p2|6
|start
|switch|p1a: Slither Wing|Slither Wing|100/100
|switch|p2a: Slowking|Slowking-Galar, M|100/100
|turn|1
|
|t:|1781253793
|switch|p2a: Alomomola|Alomomola, F|100/100
|move|p1a: Slither Wing|Earthquake|p2a: Alomomola
|-damage|p2a: Alomomola|69/100
|
|-heal|p2a: Alomomola|76/100|[from] item: Leftovers
|upkeep
|turn|2
|
|t:|1781253797
|-end|p1a: Slither Wing|Protosynthesis|[silent]
|switch|p1a: Raging Bolt|Raging Bolt|100/100
|move|p2a: Alomomola|Flip Turn|p1a: Raging Bolt
|-resisted|p1a: Raging Bolt
|-damage|p1a: Raging Bolt|93/100
|
|t:|1781253803
|switch|p2a: Slowking|Slowking-Galar, M|100/100|[from] Flip Turn
|
|upkeep
|turn|3
|
|t:|1781253807
|move|p1a: Raging Bolt|Volt Switch|p2a: Slowking
|-crit|p2a: Slowking
|-damage|p2a: Slowking|63/100
|
|t:|1781253813
|-end|p1a: Raging Bolt|Protosynthesis|[silent]
|switch|p1a: Slither Wing|Slither Wing|100/100|[from] Volt Switch
|move|p2a: Slowking|Toxic|p1a: Slither Wing
|-status|p1a: Slither Wing|tox
|
|-heal|p2a: Slowking|69/100|[from] item: Black Sludge
|-damage|p1a: Slither Wing|94/100 tox|[from] psn
|upkeep
|turn|4
|
|t:|1781253820
|switch|p2a: Alomomola|Alomomola, F|100/100
|move|p1a: Slither Wing|U-turn|p2a: Alomomola
|-damage|p2a: Alomomola|69/100
|
|t:|1781253823
|-end|p1a: Slither Wing|Protosynthesis|[silent]
|switch|p1a: Raging Bolt|Raging Bolt|93/100|[from] U-turn
|
|-heal|p2a: Alomomola|75/100|[from] item: Leftovers
|upkeep
|turn|5
|
|t:|1781253828
|move|p2a: Alomomola|Protect|p2a: Alomomola
|-singleturn|p2a: Alomomola|Protect
|move|p1a: Raging Bolt|Draco Meteor|p2a: Alomomola
|-activate|p2a: Alomomola|move: Protect
|
|-heal|p2a: Alomomola|81/100|[from] item: Leftovers
|upkeep
|turn|6
|
|t:|1781253832
|switch|p2a: Slowking|Slowking-Galar, M|100/100
|move|p1a: Raging Bolt|Volt Switch|p2a: Slowking
|-damage|p2a: Slowking|75/100
|
|t:|1781253836
|-end|p1a: Raging Bolt|Protosynthesis|[silent]
|switch|p1a: Slither Wing|Slither Wing|94/100 tox|[from] Volt Switch
|
|-heal|p2a: Slowking|81/100|[from] item: Black Sludge
|-damage|p1a: Slither Wing|88/100 tox|[from] psn
|upkeep
|turn|7
|
|t:|1781253839
|switch|p2a: Alomomola|Alomomola, F|100/100
|move|p1a: Slither Wing|Close Combat|p2a: Alomomola
|-damage|p2a: Alomomola|44/100
|-unboost|p1a: Slither Wing|def|1
|-unboost|p1a: Slither Wing|spd|1
|
|-heal|p2a: Alomomola|50/100|[from] item: Leftovers
|-damage|p1a: Slither Wing|76/100 tox|[from] psn
|upkeep
|turn|8
|
|t:|1781253844
|-end|p1a: Slither Wing|Protosynthesis|[silent]
|switch|p1a: Ninetales|Ninetales, F|100/100
|-weather|SunnyDay|[from] ability: Drought|[of] p1a: Ninetales
|move|p2a: Alomomola|Protect||[still]
|-fail|p2a: Alomomola
|
|-weather|SunnyDay|[upkeep]
|-heal|p2a: Alomomola|56/100|[from] item: Leftovers
|upkeep
|turn|9
|
|t:|1781253851
|switch|p2a: Slowking|Slowking-Galar, M|100/100
|move|p1a: Ninetales|Solar Beam||[still]
|-prepare|p1a: Ninetales|Solar Beam
|-anim|p1a: Ninetales|Solar Beam|p2a: Slowking
|-resisted|p2a: Slowking
|-damage|p2a: Slowking|87/100
|
|-weather|SunnyDay|[upkeep]
|-heal|p2a: Slowking|93/100|[from] item: Black Sludge
|upkeep
|turn|10
|
|t:|1781253857
|switch|p1a: Raging Bolt|Raging Bolt|93/100
|-activate|p1a: Raging Bolt|ability: Protosynthesis
|-start|p1a: Raging Bolt|protosynthesisspa
|move|p2a: Slowking|Psychic Noise|p1a: Raging Bolt
|-damage|p1a: Raging Bolt|78/100
|-start|p1a: Raging Bolt|move: Heal Block
|
|-weather|SunnyDay|[upkeep]
|-heal|p2a: Slowking|99/100|[from] item: Black Sludge
|upkeep
|turn|11
|
|t:|1781253863
|move|p1a: Raging Bolt|Weather Ball|p2a: Slowking
|-damage|p2a: Slowking|55/100
|-prepare|p2a: Slowking|Chilly Reception|[premajor]
|move|p2a: Slowking|Chilly Reception|p2a: Slowking
|-weather|Snowscape
|-end|p1a: Raging Bolt|Protosynthesis
|
|t:|1781253874
|switch|p2a: Cinderace|Cinderace, M|100/100|[from] Chilly Reception
|
|-weather|Snowscape|[upkeep]
|-end|p1a: Raging Bolt|move: Heal Block
|upkeep
|turn|12
|
|t:|1781253881
|move|p2a: Cinderace|U-turn|p1a: Raging Bolt
|-start|p2a: Cinderace|typechange|Bug|[from] ability: Libero
|-damage|p1a: Raging Bolt|52/100
|
|t:|1781253883
|switch|p2a: Slowking|Slowking-Galar, M|89/100|[from] U-turn
|move|p1a: Raging Bolt|Volt Switch|p2a: Slowking
|-damage|p2a: Slowking|63/100
|
|t:|1781253889
|-end|p1a: Raging Bolt|Protosynthesis|[silent]
|switch|p1a: Ninetales|Ninetales, F|100/100|[from] Volt Switch
|-weather|SunnyDay|[from] ability: Drought|[of] p1a: Ninetales
|
|-weather|SunnyDay|[upkeep]
|-heal|p2a: Slowking|69/100|[from] item: Black Sludge
|upkeep
|turn|13
|
|t:|1781253896
|move|p1a: Ninetales|Overheat|p2a: Slowking
|-damage|p2a: Slowking|8/100
|-unboost|p1a: Ninetales|spa|2
|-prepare|p2a: Slowking|Chilly Reception|[premajor]
|move|p2a: Slowking|Chilly Reception|p2a: Slowking
|-weather|Snowscape
|
|t:|1781253904
|switch|p2a: Mamoswine|Mamoswine, M|100/100|[from] Chilly Reception
|
|-weather|Snowscape|[upkeep]
|upkeep
|turn|14
|
|t:|1781253914
|switch|p1a: Alomomola|Alomomola, M|100/100
|move|p2a: Mamoswine|Earthquake|p1a: Alomomola
|-damage|p1a: Alomomola|45/100
|-enditem|p1a: Alomomola|Eject Button
|
|t:|1781253919
|switch|p1a: Ninetales|Ninetales, F|100/100
|-weather|SunnyDay|[from] ability: Drought|[of] p1a: Ninetales
|
|-weather|SunnyDay|[upkeep]
|upkeep
|turn|15
|
|t:|1781253921
|switch|p2a: Alomomola|Alomomola, F|89/100
|move|p1a: Ninetales|Overheat|p2a: Alomomola
|-resisted|p2a: Alomomola
|-damage|p2a: Alomomola|21/100
|-unboost|p1a: Ninetales|spa|2
|
|-weather|SunnyDay|[upkeep]
|-heal|p2a: Alomomola|27/100|[from] item: Leftovers
|upkeep
|turn|16
|
|t:|1781253929
|switch|p2a: Slowking|Slowking-Galar, M|41/100
|move|p1a: Ninetales|Overheat|p2a: Slowking
|-damage|p2a: Slowking|9/100
|-unboost|p1a: Ninetales|spa|2
|
|-weather|SunnyDay|[upkeep]
|-heal|p2a: Slowking|15/100|[from] item: Black Sludge
|upkeep
|turn|17
|
|t:|1781253935
|move|p1a: Ninetales|Overheat|p2a: Slowking
|-damage|p2a: Slowking|0 fnt
|-unboost|p1a: Ninetales|spa|2
|faint|p2a: Slowking
|
|-weather|SunnyDay|[upkeep]
|upkeep
|
|t:|1781253938
|switch|p2a: Alomomola|Alomomola, F|61/100
|turn|18
|
|t:|1781253942
|switch|p1a: Raging Bolt|Raging Bolt|52/100
|-activate|p1a: Raging Bolt|ability: Protosynthesis
|-start|p1a: Raging Bolt|protosynthesisspa
|move|p2a: Alomomola|Flip Turn|p1a: Raging Bolt
|-resisted|p1a: Raging Bolt
|-damage|p1a: Raging Bolt|49/100
|
|t:|1781253947
|switch|p2a: Gholdengo|Gholdengo, shiny|100/100|[from] Flip Turn
|
|-weather|none
|-end|p1a: Raging Bolt|Protosynthesis
|upkeep
|turn|19
|
|t:|1781253958
|move|p2a: Gholdengo|Dazzling Gleam|p1a: Raging Bolt
|-supereffective|p1a: Raging Bolt
|-damage|p1a: Raging Bolt|16/100
|move|p1a: Raging Bolt|Volt Switch|p2a: Gholdengo
|-damage|p2a: Gholdengo|49/100
|
|t:|1781253962
|-end|p1a: Raging Bolt|Protosynthesis|[silent]
|switch|p1a: Ninetales|Ninetales, F|100/100|[from] Volt Switch
|-weather|SunnyDay|[from] ability: Drought|[of] p1a: Ninetales
|
|-weather|SunnyDay|[upkeep]
|upkeep
|turn|20
|
|t:|1781253972
|switch|p2a: Alomomola|Alomomola, F|94/100
|move|p1a: Ninetales|Overheat|p2a: Alomomola
|-resisted|p2a: Alomomola
|-damage|p2a: Alomomola|29/100
|-unboost|p1a: Ninetales|spa|2
|
|-weather|SunnyDay|[upkeep]
|-heal|p2a: Alomomola|36/100|[from] item: Leftovers
|upkeep
|turn|21
|
|t:|1781253978
|move|p2a: Alomomola|Protect|p2a: Alomomola
|-singleturn|p2a: Alomomola|Protect
|move|p1a: Ninetales|Overheat|p2a: Alomomola
|-activate|p2a: Alomomola|move: Protect
|
|-weather|SunnyDay|[upkeep]
|-heal|p2a: Alomomola|42/100|[from] item: Leftovers
|upkeep
|turn|22
|
|t:|1781253999
|switch|p1a: Alomomola|Alomomola, M|78/100
|move|p2a: Alomomola|Flip Turn|p1a: Alomomola
|-resisted|p1a: Alomomola
|-crit|p1a: Alomomola
|-damage|p1a: Alomomola|74/100
|
|t:|1781254003
|switch|p2a: Hydrapple|Hydrapple, F, shiny|100/100|[from] Flip Turn
|
|-weather|SunnyDay|[upkeep]
|upkeep
|turn|23
|inactive|lord shiddenfards has 120 seconds left.
|
|t:|1781254046
|move|p1a: Alomomola|Wish|p1a: Alomomola
|move|p2a: Hydrapple|Draco Meteor|p1a: Alomomola
|-damage|p1a: Alomomola|0 fnt
|-unboost|p2a: Hydrapple|spa|2
|faint|p1a: Alomomola
|
|-weather|none
|upkeep
|inactive|lord shiddenfards has 90 seconds left.
|inactive|lord shiddenfards has 60 seconds left.
|
|t:|1781254105
|switch|p1a: Raging Bolt|Raging Bolt|16/100
|turn|24
|
|t:|1781254111
|switch|p2a: Gholdengo|Gholdengo, shiny|49/100
|move|p1a: Raging Bolt|Draco Meteor|p2a: Gholdengo
|-resisted|p2a: Gholdengo
|-damage|p2a: Gholdengo|4/100
|-unboost|p1a: Raging Bolt|spa|2
|
|-heal|p1a: Raging Bolt|69/100|[from] move: Wish|[wisher] Alomomola
|upkeep
|turn|25
|
|t:|1781254121
|switch|p2a: Mamoswine|Mamoswine, M|100/100
|-end|p1a: Raging Bolt|Protosynthesis|[silent]
|switch|p1a: Ninetales|Ninetales, F|100/100
|-weather|SunnyDay|[from] ability: Drought|[of] p1a: Ninetales
|
|-weather|SunnyDay|[upkeep]
|upkeep
|turn|26
|
|t:|1781254129
|switch|p2a: Alomomola|Alomomola, F|75/100
|move|p1a: Ninetales|Overheat|p2a: Alomomola
|-resisted|p2a: Alomomola
|-damage|p2a: Alomomola|9/100
|-unboost|p1a: Ninetales|spa|2
|
|-weather|SunnyDay|[upkeep]
|-heal|p2a: Alomomola|15/100|[from] item: Leftovers
|upkeep
|turn|27
|j| Vitriso
|
|t:|1781254136
|switch|p1a: Raging Bolt|Raging Bolt|69/100
|-activate|p1a: Raging Bolt|ability: Protosynthesis
|-start|p1a: Raging Bolt|protosynthesisspa
|move|p2a: Alomomola|Protect||[still]
|-fail|p2a: Alomomola
|
|-weather|SunnyDay|[upkeep]
|-heal|p2a: Alomomola|21/100|[from] item: Leftovers
|upkeep
|turn|28
|inactive|lord shiddenfards has 90 seconds left.
|
|t:|1781254145
|move|p2a: Alomomola|Protect|p2a: Alomomola
|-singleturn|p2a: Alomomola|Protect
|move|p1a: Raging Bolt|Volt Switch|p2a: Alomomola
|-activate|p2a: Alomomola|move: Protect
|
|-weather|SunnyDay|[upkeep]
|-heal|p2a: Alomomola|27/100|[from] item: Leftovers
|upkeep
|turn|29
|j| yuureisuisei
|
|t:|1781254151
|switch|p2a: Gholdengo|Gholdengo, shiny|4/100
|move|p1a: Raging Bolt|Volt Switch|p2a: Gholdengo
|-damage|p2a: Gholdengo|0 fnt
|faint|p2a: Gholdengo
|
|t:|1781254159
|-end|p1a: Raging Bolt|Protosynthesis|[silent]
|switch|p1a: Great Tusk|Great Tusk|100/100|[from] Volt Switch
|-activate|p1a: Great Tusk|ability: Protosynthesis
|-start|p1a: Great Tusk|protosynthesisspe
|
|-weather|none
|-end|p1a: Great Tusk|Protosynthesis
|upkeep
|
|t:|1781254164
|switch|p2a: Hydrapple|Hydrapple, F, shiny|100/100
|turn|30
|
|t:|1781254180
|-end|p1a: Great Tusk|Protosynthesis|[silent]
|switch|p1a: Ninetales|Ninetales, F|100/100
|-weather|SunnyDay|[from] ability: Drought|[of] p1a: Ninetales
|-terastallize|p2a: Hydrapple|Water
|move|p2a: Hydrapple|Draco Meteor|p1a: Ninetales
|-damage|p1a: Ninetales|0 fnt
|-unboost|p2a: Hydrapple|spa|2
|faint|p1a: Ninetales
|
|-weather|SunnyDay|[upkeep]
|upkeep
|
|t:|1781254184
|switch|p1a: Raging Bolt|Raging Bolt|69/100
|-activate|p1a: Raging Bolt|ability: Protosynthesis
|-start|p1a: Raging Bolt|protosynthesisspa
|turn|31
|inactive|lord shiddenfards has 120 seconds left.
|
|t:|1781254204
|switch|p2a: Alomomola|Alomomola, F|61/100
|-terastallize|p1a: Raging Bolt|Fairy
|move|p1a: Raging Bolt|Volt Switch|p2a: Alomomola
|-supereffective|p2a: Alomomola
|-damage|p2a: Alomomola|0 fnt
|faint|p2a: Alomomola
|inactive|lord shiddenfards has 90 seconds left.
|
|t:|1781254236
|-end|p1a: Raging Bolt|Protosynthesis|[silent]
|switch|p1a: Great Tusk|Great Tusk|100/100|[from] Volt Switch
|-activate|p1a: Great Tusk|ability: Protosynthesis
|-start|p1a: Great Tusk|protosynthesisspe
|
|-weather|SunnyDay|[upkeep]
|upkeep
|l| yuureisuisei
|
|t:|1781254238
|switch|p2a: Hydrapple|Hydrapple, F, shiny, tera:Water|100/100
|turn|32
|inactive|lord shiddenfards has 90 seconds left.
|
|t:|1781254257
|move|p1a: Great Tusk|Headlong Rush|p2a: Hydrapple
|-damage|p2a: Hydrapple|59/100
|-unboost|p1a: Great Tusk|def|1
|-unboost|p1a: Great Tusk|spd|1
|move|p2a: Hydrapple|Leaf Storm|p1a: Great Tusk
|-supereffective|p1a: Great Tusk
|-damage|p1a: Great Tusk|0 fnt
|-unboost|p2a: Hydrapple|spa|2
|faint|p1a: Great Tusk
|-end|p1a: Great Tusk|Protosynthesis|[silent]
|
|-weather|SunnyDay|[upkeep]
|upkeep
|
|t:|1781254263
|switch|p1a: Raging Bolt|Raging Bolt, tera:Fairy|69/100
|-activate|p1a: Raging Bolt|ability: Protosynthesis
|-start|p1a: Raging Bolt|protosynthesisspa
|turn|33
|inactive|lord shiddenfards has 90 seconds left.
|
|t:|1781254269
|move|p1a: Raging Bolt|Draco Meteor|p2a: Hydrapple
|-damage|p2a: Hydrapple|0 fnt
|-unboost|p1a: Raging Bolt|spa|2
|faint|p2a: Hydrapple
|
|-weather|SunnyDay|[upkeep]
|upkeep
|
|t:|1781254276
|switch|p2a: Cinderace|Cinderace, M|100/100
|turn|34
|inactive|lord shiddenfards has 90 seconds left.
|
|t:|1781254292
|-end|p1a: Raging Bolt|Protosynthesis|[silent]
|switch|p1a: Iron Moth|Iron Moth|100/100
|-enditem|p1a: Iron Moth|Booster Energy
|-activate|p1a: Iron Moth|ability: Quark Drive|[fromitem]
|-start|p1a: Iron Moth|quarkdrivespe
|move|p2a: Cinderace|Pyro Ball|p1a: Iron Moth
|-resisted|p1a: Iron Moth
|-damage|p1a: Iron Moth|30/100
|
|-weather|none
|upkeep
|turn|35
|
|t:|1781254298
|move|p1a: Iron Moth|Sludge Wave|p2a: Cinderace
|-damage|p2a: Cinderace|35/100
|move|p2a: Cinderace|Pyro Ball|p1a: Iron Moth
|-resisted|p1a: Iron Moth
|-damage|p1a: Iron Moth|0 fnt
|faint|p1a: Iron Moth
|-end|p1a: Iron Moth|Quark Drive|[silent]
|
|upkeep
|
|t:|1781254303
|switch|p1a: Slither Wing|Slither Wing|76/100 tox
|turn|36
|
|t:|1781254308
|switch|p2a: Mamoswine|Mamoswine, M|100/100
|move|p1a: Slither Wing|First Impression|p2a: Mamoswine
|-damage|p2a: Mamoswine|28/100
|
|-damage|p1a: Slither Wing|70/100 tox|[from] psn
|upkeep
|turn|37
|
|t:|1781254321
|-end|p1a: Slither Wing|Protosynthesis|[silent]
|switch|p1a: Raging Bolt|Raging Bolt, tera:Fairy|69/100
|move|p2a: Mamoswine|Earthquake|p1a: Raging Bolt
|-damage|p1a: Raging Bolt|0 fnt
|faint|p1a: Raging Bolt
|-end|p1a: Raging Bolt|Protosynthesis|[silent]
|
|upkeep
|
|t:|1781254324
|switch|p1a: Slither Wing|Slither Wing|70/100 tox
|turn|38
|j| wwlolkk
|inactive|lord shiddenfards has 120 seconds left.
|j| goobix
|
|t:|1781254340
|move|p1a: Slither Wing|Earthquake|p2a: Mamoswine
|-damage|p2a: Mamoswine|0 fnt
|faint|p2a: Mamoswine
|
|-damage|p1a: Slither Wing|64/100 tox|[from] psn
|upkeep
|
|t:|1781254342
|switch|p2a: Cinderace|Cinderace, M|35/100
|turn|39
|j| QD KING
|
|t:|1781254345
|move|p2a: Cinderace|Pyro Ball|p1a: Slither Wing
|-supereffective|p1a: Slither Wing
|-damage|p1a: Slither Wing|0 fnt
|faint|p1a: Slither Wing
|-end|p1a: Slither Wing|Protosynthesis|[silent]
|
|win|tuanquewang
|raw|lord shiddenfards's rating: 1659 &rarr; <strong>1645</strong><br />(-14 for losing)
|raw|tuanquewang's rating: 1758 &rarr; <strong>1772</strong><br />(+14 for winning)
|l|☆lord shiddenfards
|player|p1|
|l| goobix
|l| wwlolkk
|l|☆tuanquewang
|player|p2|
