|j|☆OUZQ Crocodile
|j|☆icylikedecember
|t:|1781259036
|gametype|singles
|player|p1|OUZQ Crocodile|266|1646
|player|p2|icylikedecember|smasher|1672
|gen|9
|tier|[Gen 9] OU
|rated|
|rule|HP Percentage Mod: HP is shown in percentages
|rule|Endless Battle Clause: Forcing endless battles is banned
|rule|Species Clause: Limit one of each Pokémon
|rule|OHKO Clause: OHKO moves are banned
|rule|Evasion Items Clause: Evasion items are banned
|rule|Evasion Moves Clause: Evasion moves are banned
|rule|Evasion Abilities Clause: Evasion abilities are banned
|rule|Sleep Moves Clause: Sleep-inducing moves are banned
|clearpoke
|poke|p1|Houndstone, F|
|poke|p1|Tyranitar, M|
|poke|p1|Excadrill, M|
|poke|p1|Keldeo|
|poke|p1|Sinistcha|
|poke|p1|Moltres|
|poke|p2|Corviknight, F|
|poke|p2|Slowking-Galar, F|
|poke|p2|Darkrai|
|poke|p2|Kyurem|
|poke|p2|Zamazenta-*|
|poke|p2|Crawdaunt, M|
|teampreview
|inactive|Battle timer is ON: inactive players will automatically lose when time's up. (requested by OUZQ Crocodile)
|
|t:|1781259048
|teamsize|p1|6
|teamsize|p2|6
|start
|switch|p1a: Tyranitar|Tyranitar, M|100/100
|switch|p2a: Slowking|Slowking-Galar, F, shiny|100/100
|-weather|Sandstorm|[from] ability: Sand Stream|[of] p1a: Tyranitar
|turn|1
|
|t:|1781259056
|switch|p2a: Corviknight|Corviknight, F, shiny|100/100
|-ability|p2a: Corviknight|Pressure
|move|p1a: Tyranitar|Stealth Rock|p2a: Corviknight
|-sidestart|p2: icylikedecember|move: Stealth Rock
|
|-weather|Sandstorm|[upkeep]
|upkeep
|turn|2
|
|t:|1781259061
|switch|p1a: Houndstone|Houndstone, F|100/100
|move|p2a: Corviknight|Defog|p1a: Houndstone
|-unboost|p1a: Houndstone|evasion|1
|-sideend|p2: icylikedecember|Stealth Rock|[from] move: Defog|[of] p2a: Corviknight
|
|-weather|Sandstorm|[upkeep]
|upkeep
|turn|3
|j| TheSacredJackal⨕
|inactive|icylikedecember has 120 seconds left.
|
|t:|1781259096
|-terastallize|p1a: Houndstone|Ghost
|move|p1a: Houndstone|Poltergeist|p2a: Corviknight
|-activate|p2a: Corviknight|move: Poltergeist|Rocky Helmet
|-damage|p2a: Corviknight|36/100
|move|p2a: Corviknight|U-turn|p1a: Houndstone
|-resisted|p1a: Houndstone
|-damage|p1a: Houndstone|92/100
|inactive|icylikedecember has 120 seconds left.
|
|t:|1781259113
|switch|p2a: Darkrai|Darkrai|100/100|[from] U-turn
|
|-weather|Sandstorm|[upkeep]
|-damage|p2a: Darkrai|94/100|[from] Sandstorm
|upkeep
|turn|4
|l| TheSacredJackal⨕
|
|t:|1781259127
|switch|p1a: Moltres|Moltres|100/100
|switch|p2a: Corviknight|Corviknight, F, shiny|36/100
|-ability|p2a: Corviknight|Pressure
|
|-weather|Sandstorm|[upkeep]
|-damage|p1a: Moltres|94/100|[from] Sandstorm
|upkeep
|turn|5
|
|t:|1781259135
|switch|p2a: Slowking|Slowking-Galar, F, shiny|100/100
|move|p1a: Moltres|U-turn|p2a: Slowking
|-crit|p2a: Slowking
|-damage|p2a: Slowking|79/100
|
|t:|1781259138
|switch|p1a: Houndstone|Houndstone, F, tera:Ghost|92/100|[from] U-turn
|
|-weather|none
|upkeep
|turn|6
|j| Puyu paz
|
|t:|1781259149
|switch|p2a: Darkrai|Darkrai|94/100
|move|p1a: Houndstone|Poltergeist|p2a: Darkrai
|-activate|p2a: Darkrai|move: Poltergeist|Expert Belt
|-resisted|p2a: Darkrai
|-damage|p2a: Darkrai|18/100
|
|upkeep
|turn|7
|
|t:|1781259161
|switch|p1a: Moltres|Moltres|94/100
|move|p2a: Darkrai|Dark Pulse|p1a: Moltres
|-damage|p1a: Moltres|63/100
|
|upkeep
|turn|8
|
|t:|1781259167
|switch|p2a: Corviknight|Corviknight, F, shiny|36/100
|-ability|p2a: Corviknight|Pressure
|move|p1a: Moltres|Roost|p1a: Moltres
|-heal|p1a: Moltres|100/100
|-singleturn|p1a: Moltres|move: Roost
|
|upkeep
|turn|9
|
|t:|1781259173
|switch|p2a: Slowking|Slowking-Galar, F, shiny|100/100
|move|p1a: Moltres|U-turn|p2a: Slowking
|-damage|p2a: Slowking|85/100
|
|t:|1781259176
|switch|p1a: Houndstone|Houndstone, F, tera:Ghost|92/100|[from] U-turn
|
|upkeep
|turn|10
|
|t:|1781259191
|switch|p2a: Corviknight|Corviknight, F, shiny|36/100
|-ability|p2a: Corviknight|Pressure
|move|p1a: Houndstone|Poltergeist|p2a: Corviknight
|-activate|p2a: Corviknight|move: Poltergeist|Rocky Helmet
|-damage|p2a: Corviknight|0 fnt
|faint|p2a: Corviknight
|
|upkeep
|
|t:|1781259203
|switch|p2a: Kyurem|Kyurem|100/100
|-ability|p2a: Kyurem|Pressure
|turn|11
|
|t:|1781259216
|switch|p1a: Tyranitar|Tyranitar, M|100/100
|-weather|Sandstorm|[from] ability: Sand Stream|[of] p1a: Tyranitar
|move|p2a: Kyurem|Ice Beam|p1a: Tyranitar
|-damage|p1a: Tyranitar|57/100
|-status|p1a: Tyranitar|frz
|
|-weather|Sandstorm|[upkeep]
|-damage|p2a: Kyurem|94/100|[from] Sandstorm
|upkeep
|turn|12
|
|t:|1781259233
|switch|p1a: Keldeo|Keldeo|100/100
|move|p2a: Kyurem|Ice Beam|p1a: Keldeo
|-resisted|p1a: Keldeo
|-damage|p1a: Keldeo|59/100
|
|-weather|Sandstorm|[upkeep]
|-damage|p1a: Keldeo|53/100|[from] Sandstorm
|-damage|p2a: Kyurem|88/100|[from] Sandstorm
|upkeep
|turn|13
|
|t:|1781259239
|switch|p2a: Slowking|Slowking-Galar, F, shiny|100/100
|move|p1a: Keldeo|Pain Split|p2a: Slowking
|-sethp|p2a: Slowking|72/100|[from] move: Pain Split|[silent]
|-sethp|p1a: Keldeo|87/100|[from] move: Pain Split
|
|-weather|Sandstorm|[upkeep]
|-damage|p1a: Keldeo|81/100|[from] Sandstorm
|-damage|p2a: Slowking|66/100|[from] Sandstorm
|upkeep
|turn|14
|
|t:|1781259247
|move|p1a: Keldeo|Flip Turn|p2a: Slowking
|-damage|p2a: Slowking|50/100
|
|t:|1781259254
|switch|p1a: Houndstone|Houndstone, F, tera:Ghost|92/100|[from] Flip Turn
|move|p2a: Slowking|Sludge Bomb|p1a: Houndstone
|-resisted|p1a: Houndstone
|-damage|p1a: Houndstone|67/100
|
|-weather|Sandstorm|[upkeep]
|-damage|p2a: Slowking|44/100|[from] Sandstorm
|upkeep
|turn|15
|
|t:|1781259263
|switch|p2a: Zamazenta|Zamazenta|100/100
|-ability|p2a: Zamazenta|Dauntless Shield|boost
|-boost|p2a: Zamazenta|def|1
|move|p1a: Houndstone|Poltergeist|p2a: Zamazenta
|-activate|p2a: Zamazenta|move: Poltergeist|Leftovers
|-damage|p2a: Zamazenta|53/100
|
|-weather|none
|-heal|p2a: Zamazenta|59/100|[from] item: Leftovers
|upkeep
|turn|16
|
|t:|1781259274
|switch|p2a: Kyurem|Kyurem|88/100
|-ability|p2a: Kyurem|Pressure
|switch|p1a: Sinistcha|Sinistcha|100/100
|
|upkeep
|turn|17
|
|t:|1781259280
|switch|p1a: Tyranitar|Tyranitar, M|57/100 frz
|-weather|Sandstorm|[from] ability: Sand Stream|[of] p1a: Tyranitar
|move|p2a: Kyurem|Ice Beam|p1a: Tyranitar
|-damage|p1a: Tyranitar|10/100 frz
|
|-weather|Sandstorm|[upkeep]
|-damage|p2a: Kyurem|82/100|[from] Sandstorm
|upkeep
|turn|18
|
|t:|1781259284
|switch|p1a: Keldeo|Keldeo|81/100
|move|p2a: Kyurem|Ice Beam|p1a: Keldeo
|-resisted|p1a: Keldeo
|-damage|p1a: Keldeo|39/100
|
|-weather|Sandstorm|[upkeep]
|-damage|p1a: Keldeo|33/100|[from] Sandstorm
|-damage|p2a: Kyurem|76/100|[from] Sandstorm
|upkeep
|turn|19
|
|t:|1781259294
|switch|p2a: Slowking|Slowking-Galar, F, shiny|77/100
|move|p1a: Keldeo|Flip Turn|p2a: Slowking
|-damage|p2a: Slowking|64/100
|
|t:|1781259296
|switch|p1a: Houndstone|Houndstone, F, tera:Ghost|67/100|[from] Flip Turn
|
|-weather|Sandstorm|[upkeep]
|-damage|p2a: Slowking|58/100|[from] Sandstorm
|upkeep
|turn|20
|j| choispecs ironmoth
|
|t:|1781259310
|switch|p2a: Crawdaunt|Crawdaunt, M|100/100
|move|p1a: Houndstone|Poltergeist|p2a: Crawdaunt
|-activate|p2a: Crawdaunt|move: Poltergeist|Choice Band
|-resisted|p2a: Crawdaunt
|-damage|p2a: Crawdaunt|22/100
|
|-weather|Sandstorm|[upkeep]
|-damage|p2a: Crawdaunt|16/100|[from] Sandstorm
|upkeep
|turn|21
|
|t:|1781259329
|move|p2a: Crawdaunt|Aqua Jet|p1a: Houndstone
|-damage|p1a: Houndstone|18/100
|move|p1a: Houndstone|Poltergeist|p2a: Crawdaunt|[miss]
|-miss|p1a: Houndstone|p2a: Crawdaunt
|
|-weather|none
|upkeep
|turn|22
|
|t:|1781259339
|switch|p1a: Tyranitar|Tyranitar, M|10/100 frz
|-weather|Sandstorm|[from] ability: Sand Stream|[of] p1a: Tyranitar
|move|p2a: Crawdaunt|Aqua Jet|p1a: Tyranitar
|-supereffective|p1a: Tyranitar
|-damage|p1a: Tyranitar|0 fnt
|faint|p1a: Tyranitar
|
|-weather|Sandstorm|[upkeep]
|-damage|p2a: Crawdaunt|10/100|[from] Sandstorm
|upkeep
|
|t:|1781259342
|switch|p1a: Keldeo|Keldeo|33/100
|turn|23
|
|t:|1781259346
|switch|p2a: Slowking|Slowking-Galar, F, shiny|91/100
|move|p1a: Keldeo|Surf|p2a: Slowking
|-damage|p2a: Slowking|66/100
|
|-weather|Sandstorm|[upkeep]
|-damage|p1a: Keldeo|27/100|[from] Sandstorm
|-damage|p2a: Slowking|60/100|[from] Sandstorm
|upkeep
|turn|24
|
|t:|1781259354
|move|p1a: Keldeo|Pain Split|p2a: Slowking
|-sethp|p2a: Slowking|41/100|[from] move: Pain Split|[silent]
|-sethp|p1a: Keldeo|50/100|[from] move: Pain Split
|move|p2a: Slowking|Psyshock|p1a: Keldeo
|-supereffective|p1a: Keldeo
|-damage|p1a: Keldeo|0 fnt
|faint|p1a: Keldeo
|
|-weather|Sandstorm|[upkeep]
|-damage|p2a: Slowking|35/100|[from] Sandstorm
|upkeep
|
|t:|1781259359
|switch|p1a: Excadrill|Excadrill, M|100/100
|-item|p1a: Excadrill|Air Balloon
|turn|25
|
|t:|1781259381
|switch|p2a: Darkrai|Darkrai|18/100
|move|p1a: Excadrill|Earthquake|p2a: Darkrai
|-damage|p2a: Darkrai|0 fnt
|faint|p2a: Darkrai
|
|-weather|Sandstorm|[upkeep]
|upkeep
|
|t:|1781259388
|switch|p2a: Zamazenta|Zamazenta|59/100
|turn|26
|inactive|OUZQ Crocodile has 120 seconds left.
|inactive|OUZQ Crocodile has 90 seconds left.
|
|t:|1781259444
|switch|p1a: Houndstone|Houndstone, F, tera:Ghost|18/100
|move|p2a: Zamazenta|Roar|p1a: Houndstone
|drag|p1a: Sinistcha|Sinistcha|100/100
|
|-weather|none
|-heal|p2a: Zamazenta|65/100|[from] item: Leftovers
|upkeep
|turn|27
|l| Puyu paz
|
|t:|1781259457
|switch|p2a: Kyurem|Kyurem|76/100
|-ability|p2a: Kyurem|Pressure
|move|p1a: Sinistcha|Calm Mind|p1a: Sinistcha
|-boost|p1a: Sinistcha|spa|1
|-boost|p1a: Sinistcha|spd|1
|
|upkeep
|turn|28
|
|t:|1781259464
|switch|p1a: Houndstone|Houndstone, F, tera:Ghost|18/100
|move|p2a: Kyurem|Ice Beam|p1a: Houndstone
|-damage|p1a: Houndstone|0 fnt
|faint|p1a: Houndstone
|
|upkeep
|
|t:|1781259468
|switch|p1a: Moltres|Moltres|100/100
|turn|29
|
|t:|1781259470
|move|p2a: Kyurem|Ice Beam|p1a: Moltres
|-damage|p1a: Moltres|46/100
|-status|p1a: Moltres|frz
|cant|p1a: Moltres|frz
|
|upkeep
|turn|30
|
|t:|1781259475
|move|p2a: Kyurem|Ice Beam|p1a: Moltres
|-damage|p1a: Moltres|0 fnt
|faint|p1a: Moltres
|
|upkeep
|
|t:|1781259477
|switch|p1a: Excadrill|Excadrill, M|100/100
|-item|p1a: Excadrill|Air Balloon
|turn|31
|
|t:|1781259492
|move|p2a: Kyurem|Ice Beam|p1a: Excadrill
|-crit|p1a: Excadrill
|-damage|p1a: Excadrill|0 fnt
|-enditem|p1a: Excadrill|Air Balloon
|faint|p1a: Excadrill
|
|upkeep
|-message|OUZQ Crocodile forfeited.
|
|win|icylikedecember
|raw|OUZQ Crocodile's rating: 1646 &rarr; <strong>1627</strong><br />(-19 for losing)
|raw|icylikedecember's rating: 1672 &rarr; <strong>1691</strong><br />(+19 for winning)
|l|☆icylikedecember
|player|p2|
|l|☆OUZQ Crocodile
|player|p1|
|j| Puyu paz
|l| Puyu paz
