|j|☆Noamm
|j|☆rblt ryo
|t:|1781592380
|gametype|singles
|player|p1|Noamm|gambler|1712
|player|p2|rblt ryo|grimsley-gen7|1712
|gen|9
|tier|[Gen 9] OU
|rated|
|rule|HP Percentage Mod: HP is shown in percentages
|rule|Endless Battle Clause: Forcing endless battles is banned
|rule|Species Clause: Limit one of each Pokémon
|rule|OHKO Clause: OHKO moves are banned
|rule|Evasion Items Clause: Evasion items are banned
|rule|Evasion Moves Clause: Evasion moves are banned
|rule|Evasion Abilities Clause: Evasion abilities are banned
|rule|Sleep Moves Clause: Sleep-inducing moves are banned
|clearpoke
|poke|p1|Lokix, M|
|poke|p1|Gholdengo|
|poke|p1|Slowking-Galar, F|
|poke|p1|Great Tusk|
|poke|p1|Zamazenta-*|
|poke|p1|Hydreigon, M|
|poke|p2|Weavile, M|
|poke|p2|Volcanion|
|poke|p2|Great Tusk|
|poke|p2|Hatterene, F|
|poke|p2|Gholdengo|
|poke|p2|Dragonite, M|
|teampreview
|inactive|Battle timer is ON: inactive players will automatically lose when time's up. (requested by Noamm)
|inactive|rblt ryo has 120 seconds left.
|
|t:|1781592428
|teamsize|p1|6
|teamsize|p2|6
|start
|switch|p1a: Lokix|Lokix, M|100/100
|switch|p2a: Gholdengo|Gholdengo|100/100
|turn|1
|
|t:|1781592433
|switch|p2a: Weavile|Weavile, M|100/100
|switch|p1a: Slowking|Slowking-Galar, F|100/100
|
|upkeep
|turn|2
|j| hattybatty304
|
|t:|1781592437
|switch|p1a: Zamazenta|Zamazenta|100/100
|-ability|p1a: Zamazenta|Dauntless Shield|boost
|-boost|p1a: Zamazenta|def|1
|move|p2a: Weavile|Triple Axel|p1a: Zamazenta
|-damage|p1a: Zamazenta|93/100
|-damage|p1a: Zamazenta|77/100
|-damage|p1a: Zamazenta|56/100
|-hitcount|p1a: Zamazenta|3
|
|-heal|p1a: Zamazenta|62/100|[from] item: Leftovers
|upkeep
|turn|3
|j| Concept Everything
|j| pls game
|
|t:|1781592454
|move|p1a: Zamazenta|Crunch|p2a: Weavile
|-resisted|p2a: Weavile
|-damage|p2a: Weavile|83/100
|move|p2a: Weavile|Triple Axel|p1a: Zamazenta
|-damage|p1a: Zamazenta|54/100
|-damage|p1a: Zamazenta|39/100
|-damage|p1a: Zamazenta|16/100
|-hitcount|p1a: Zamazenta|3
|
|-heal|p1a: Zamazenta|22/100|[from] item: Leftovers
|upkeep
|turn|4
|
|t:|1781592458
|switch|p2a: Gholdengo|Gholdengo|100/100
|move|p1a: Zamazenta|Body Press|p2a: Gholdengo
|-immune|p2a: Gholdengo
|
|-heal|p1a: Zamazenta|28/100|[from] item: Leftovers
|upkeep
|turn|5
|
|t:|1781592473
|switch|p1a: Slowking|Slowking-Galar, F|100/100
|move|p2a: Gholdengo|Shadow Ball|p1a: Slowking
|-supereffective|p1a: Slowking
|-damage|p1a: Slowking|59/100
|
|upkeep
|turn|6
|j| lord shiddenfards
|
|t:|1781592490
|switch|p2a: Volcanion|Volcanion|100/100
|move|p1a: Slowking|Flamethrower|p2a: Volcanion
|-resisted|p2a: Volcanion
|-damage|p2a: Volcanion|92/100
|
|upkeep
|turn|7
|inactive|rblt ryo has 120 seconds left.
|
|t:|1781592529
|switch|p1a: Hydreigon|Hydreigon, M|100/100
|move|p2a: Volcanion|Will-O-Wisp|p1a: Hydreigon
|-status|p1a: Hydreigon|brn
|
|-damage|p1a: Hydreigon|94/100 brn|[from] brn
|upkeep
|turn|8
|
|t:|1781592538
|switch|p2a: Great Tusk|Great Tusk|100/100
|move|p1a: Hydreigon|Dark Pulse|p2a: Great Tusk
|-resisted|p2a: Great Tusk
|-damage|p2a: Great Tusk|74/100
|
|-damage|p1a: Hydreigon|88/100 brn|[from] brn
|upkeep
|turn|9
|
|t:|1781592553
|switch|p1a: Great Tusk|Great Tusk|100/100
|move|p2a: Great Tusk|Headlong Rush|p1a: Great Tusk
|-damage|p1a: Great Tusk|64/100
|-unboost|p2a: Great Tusk|def|1
|-unboost|p2a: Great Tusk|spd|1
|
|upkeep
|turn|10
|
|t:|1781592561
|-end|p2a: Great Tusk|Protosynthesis|[silent]
|switch|p2a: Hatterene|Hatterene, F|100/100
|move|p1a: Great Tusk|Ice Spinner|p2a: Hatterene
|-damage|p2a: Hatterene|78/100
|-damage|p1a: Great Tusk|47/100|[from] item: Rocky Helmet|[of] p2a: Hatterene
|
|upkeep
|turn|11
|
|t:|1781592572
|-end|p1a: Great Tusk|Protosynthesis|[silent]
|switch|p1a: Gholdengo|Gholdengo|100/100
|move|p2a: Hatterene|Nuzzle|p1a: Gholdengo
|-damage|p1a: Gholdengo|96/100
|-status|p1a: Gholdengo|par
|
|upkeep
|turn|12
|inactive|rblt ryo has 90 seconds left.
|inactive|rblt ryo has 60 seconds left.
|
|t:|1781592640
|switch|p2a: Dragonite|Dragonite, M|100/100
|move|p1a: Gholdengo|Shadow Ball|p2a: Dragonite
|-damage|p2a: Dragonite|76/100
|
|-heal|p2a: Dragonite|82/100|[from] item: Leftovers
|upkeep
|turn|13
|inactive|rblt ryo has 60 seconds left.
|
|t:|1781592650
|move|p2a: Dragonite|Dragon Dance|p2a: Dragonite
|-boost|p2a: Dragonite|atk|1
|-boost|p2a: Dragonite|spe|1
|move|p1a: Gholdengo|Make It Rain|p2a: Dragonite
|-damage|p2a: Dragonite|0 fnt
|-unboost|p1a: Gholdengo|spa|1
|faint|p2a: Dragonite
|
|upkeep
|
|t:|1781592659
|switch|p2a: Weavile|Weavile, M|83/100
|turn|14
|inactive|rblt ryo has 60 seconds left.
|
|t:|1781592674
|move|p2a: Weavile|Knock Off|p1a: Gholdengo
|-supereffective|p1a: Gholdengo
|-damage|p1a: Gholdengo|0 fnt
|-enditem|p1a: Gholdengo|Metal Coat|[from] move: Knock Off|[of] p2a: Weavile
|faint|p1a: Gholdengo
|
|upkeep
|
|t:|1781592680
|switch|p1a: Lokix|Lokix, M|100/100
|turn|15
|
|t:|1781592688
|switch|p2a: Hatterene|Hatterene, F|78/100
|move|p1a: Lokix|U-turn|p2a: Hatterene
|-damage|p2a: Hatterene|39/100
|-damage|p1a: Lokix|84/100|[from] item: Rocky Helmet|[of] p2a: Hatterene
|
|t:|1781592693
|switch|p1a: Hydreigon|Hydreigon, M|88/100 brn|[from] U-turn
|
|-damage|p1a: Hydreigon|82/100 brn|[from] brn
|upkeep
|turn|16
|
|t:|1781592698
|move|p1a: Hydreigon|Earth Power|p2a: Hatterene
|-damage|p2a: Hatterene|0 fnt
|faint|p2a: Hatterene
|
|-damage|p1a: Hydreigon|76/100 brn|[from] brn
|upkeep
|
|t:|1781592704
|switch|p2a: Weavile|Weavile, M|83/100
|turn|17
|
|t:|1781592724
|-terastallize|p1a: Hydreigon|Steel
|move|p2a: Weavile|Triple Axel|p1a: Hydreigon
|-resisted|p1a: Hydreigon
|-damage|p1a: Hydreigon|68/100 brn
|-resisted|p1a: Hydreigon
|-damage|p1a: Hydreigon|51/100 brn
|-resisted|p1a: Hydreigon
|-damage|p1a: Hydreigon|24/100 brn
|-hitcount|p1a: Hydreigon|3
|move|p1a: Hydreigon|Earth Power|p2a: Weavile
|-damage|p2a: Weavile|25/100
|
|-damage|p1a: Hydreigon|18/100 brn|[from] brn
|upkeep
|turn|18
|
|t:|1781592733
|move|p2a: Weavile|Triple Axel|p1a: Hydreigon
|-resisted|p1a: Hydreigon
|-damage|p1a: Hydreigon|9/100 brn
|-resisted|p1a: Hydreigon
|-damage|p1a: Hydreigon|0 fnt
|faint|p1a: Hydreigon
|-hitcount|p1: Hydreigon|2
|
|upkeep
|
|t:|1781592736
|switch|p1a: Zamazenta|Zamazenta|28/100
|turn|19
|inactive|rblt ryo has 90 seconds left.
|
|t:|1781592766
|switch|p2a: Great Tusk|Great Tusk|74/100
|move|p1a: Zamazenta|Body Press|p2a: Great Tusk
|-damage|p2a: Great Tusk|44/100
|
|-heal|p1a: Zamazenta|34/100|[from] item: Leftovers
|upkeep
|turn|20
|
|t:|1781592779
|move|p1a: Zamazenta|Iron Defense|p1a: Zamazenta
|-boost|p1a: Zamazenta|def|2
|move|p2a: Great Tusk|Rapid Spin|p1a: Zamazenta
|-damage|p1a: Zamazenta|28/100
|-boost|p2a: Great Tusk|spe|1
|
|-heal|p1a: Zamazenta|34/100|[from] item: Leftovers
|upkeep
|turn|21
|inactive|rblt ryo has 90 seconds left.
|
|t:|1781592799
|-end|p2a: Great Tusk|Protosynthesis|[silent]
|switch|p2a: Gholdengo|Gholdengo|100/100
|move|p1a: Zamazenta|Body Press|p2a: Gholdengo
|-immune|p2a: Gholdengo
|
|-heal|p1a: Zamazenta|40/100|[from] item: Leftovers
|upkeep
|turn|22
|
|t:|1781592808
|switch|p1a: Slowking|Slowking-Galar, F|93/100
|move|p2a: Gholdengo|Make It Rain|p1a: Slowking
|-damage|p1a: Slowking|62/100
|-unboost|p2a: Gholdengo|spa|1
|
|upkeep
|turn|23
|inactive|rblt ryo has 90 seconds left.
|
|t:|1781592818
|switch|p2a: Great Tusk|Great Tusk|44/100
|move|p1a: Slowking|Sludge Bomb|p2a: Great Tusk
|-resisted|p2a: Great Tusk
|-damage|p2a: Great Tusk|28/100
|
|upkeep
|turn|24
|
|t:|1781592826
|switch|p1a: Lokix|Lokix, M|84/100
|move|p2a: Great Tusk|Close Combat|p1a: Lokix
|-crit|p1a: Lokix
|-damage|p1a: Lokix|0 fnt
|-unboost|p2a: Great Tusk|def|1
|-unboost|p2a: Great Tusk|spd|1
|faint|p1a: Lokix
|
|upkeep
|
|t:|1781592830
|switch|p1a: Great Tusk|Great Tusk|47/100
|turn|25
|
|t:|1781592849
|move|p2a: Great Tusk|Headlong Rush|p1a: Great Tusk
|-damage|p1a: Great Tusk|10/100
|-unboost|p2a: Great Tusk|def|1
|-unboost|p2a: Great Tusk|spd|1
|move|p1a: Great Tusk|Headlong Rush|p2a: Great Tusk
|-damage|p2a: Great Tusk|0 fnt
|-unboost|p1a: Great Tusk|def|1
|-unboost|p1a: Great Tusk|spd|1
|faint|p2a: Great Tusk
|-end|p2a: Great Tusk|Protosynthesis|[silent]
|
|upkeep
|inactive|rblt ryo has 90 seconds left.
|j| Shucklepilled
|
|t:|1781592869
|switch|p2a: Gholdengo|Gholdengo|100/100
|turn|26
|
|t:|1781592872
|move|p2a: Gholdengo|Shadow Ball|p1a: Great Tusk
|-damage|p1a: Great Tusk|0 fnt
|faint|p1a: Great Tusk
|-end|p1a: Great Tusk|Protosynthesis|[silent]
|
|upkeep
|
|t:|1781592874
|switch|p1a: Slowking|Slowking-Galar, F|95/100
|turn|27
|inactive|rblt ryo has 90 seconds left.
|
|t:|1781592902
|switch|p2a: Volcanion|Volcanion|92/100
|move|p1a: Slowking|Sludge Bomb|p2a: Volcanion
|-damage|p2a: Volcanion|50/100
|
|upkeep
|turn|28
|inactive|rblt ryo has 90 seconds left.
|
|t:|1781592921
|move|p2a: Volcanion|Earth Power|p1a: Slowking
|-supereffective|p1a: Slowking
|-damage|p1a: Slowking|64/100
|move|p1a: Slowking|Sludge Bomb|p2a: Volcanion
|-damage|p2a: Volcanion|4/100
|
|upkeep
|turn|29
|
|t:|1781592925
|move|p2a: Volcanion|Earth Power|p1a: Slowking
|-supereffective|p1a: Slowking
|-damage|p1a: Slowking|34/100
|move|p1a: Slowking|Sludge Bomb|p2a: Volcanion
|-damage|p2a: Volcanion|0 fnt
|faint|p2a: Volcanion
|
|upkeep
|
|t:|1781592928
|switch|p2a: Weavile|Weavile, M|25/100
|turn|30
|
|t:|1781592937
|switch|p1a: Zamazenta|Zamazenta|40/100
|move|p2a: Weavile|Triple Axel|p1a: Zamazenta
|-damage|p1a: Zamazenta|29/100
|-damage|p1a: Zamazenta|8/100
|-hitcount|p1a: Zamazenta|2
|
|-heal|p1a: Zamazenta|15/100|[from] item: Leftovers
|upkeep
|turn|31
|
|t:|1781592945
|switch|p2a: Gholdengo|Gholdengo|100/100
|move|p1a: Zamazenta|Crunch|p2a: Gholdengo
|-supereffective|p2a: Gholdengo
|-damage|p2a: Gholdengo|50/100
|
|-heal|p1a: Zamazenta|21/100|[from] item: Leftovers
|upkeep
|turn|32
|
|t:|1781592953
|switch|p1a: Slowking|Slowking-Galar, F|67/100
|move|p2a: Gholdengo|Shadow Ball|p1a: Slowking
|-supereffective|p1a: Slowking
|-damage|p1a: Slowking|24/100
|
|upkeep
|turn|33
|
|t:|1781592958
|move|p2a: Gholdengo|Shadow Ball|p1a: Slowking
|-supereffective|p1a: Slowking
|-damage|p1a: Slowking|0 fnt
|faint|p1a: Slowking
|
|upkeep
|
|t:|1781592960
|switch|p1a: Zamazenta|Zamazenta|21/100
|turn|34
|
|t:|1781592962
|move|p2a: Gholdengo|Shadow Ball|p1a: Zamazenta
|-damage|p1a: Zamazenta|0 fnt
|faint|p1a: Zamazenta
|
|win|rblt ryo
|raw|Noamm's rating: 1712 &rarr; <strong>1692</strong><br />(-20 for losing)
|raw|rblt ryo's rating: 1712 &rarr; <strong>1732</strong><br />(+20 for winning)
|c|☆Noamm|Gg
|l| Concept Everything
|l| Shucklepilled
|l| hattybatty304
|l| lord shiddenfards
|l|☆Noamm
|player|p1|
|l| pls game
