|j|☆teno19
|j|☆arbok super yea
|t:|1781563127
|gametype|singles
|player|p1|teno19|101|1543
|player|p2|arbok super yea|bugcatcher-gen4dp|1568
|gen|9
|tier|[Gen 9] OU
|rated|
|rule|HP Percentage Mod: HP is shown in percentages
|rule|Endless Battle Clause: Forcing endless battles is banned
|rule|Species Clause: Limit one of each Pokémon
|rule|OHKO Clause: OHKO moves are banned
|rule|Evasion Items Clause: Evasion items are banned
|rule|Evasion Moves Clause: Evasion moves are banned
|rule|Evasion Abilities Clause: Evasion abilities are banned
|rule|Sleep Moves Clause: Sleep-inducing moves are banned
|clearpoke
|poke|p1|Iron Valiant|
|poke|p1|Excadrill, F|
|poke|p1|Tyranitar, M|
|poke|p1|Tornadus-Therian, M|
|poke|p1|Ogerpon-Cornerstone, F|
|poke|p1|Toxapex, M|
|poke|p2|Arbok, F|
|poke|p2|Iron Treads|
|poke|p2|Tornadus-Therian, M|
|poke|p2|Zamazenta-*|
|poke|p2|Kingambit, F|
|poke|p2|Raging Bolt|
|teampreview
|
|t:|1781563146
|teamsize|p1|6
|teamsize|p2|6
|start
|switch|p1a: Tornadus|Tornadus-Therian, M, shiny|100/100
|switch|p2a: Iron Treads|Iron Treads|100/100
|turn|1
|
|t:|1781563171
|move|p1a: Tornadus|Heat Wave|p2a: Iron Treads
|-supereffective|p2a: Iron Treads
|-damage|p2a: Iron Treads|35/100
|move|p2a: Iron Treads|Rapid Spin|p1a: Tornadus
|-damage|p1a: Tornadus|84/100
|-boost|p2a: Iron Treads|spe|1
|
|-heal|p2a: Iron Treads|41/100|[from] item: Leftovers
|upkeep
|turn|2
|inactive|Battle timer is ON: inactive players will automatically lose when time's up. (requested by teno19)
|
|t:|1781563181
|-end|p2a: Iron Treads|Quark Drive|[silent]
|switch|p2a: Raging Bolt|Raging Bolt|100/100
|move|p1a: Tornadus|Heat Wave|p2a: Raging Bolt
|-resisted|p2a: Raging Bolt
|-damage|p2a: Raging Bolt|80/100
|
|upkeep
|turn|3
|inactive|teno19 has 120 seconds left.
|
|t:|1781563214
|switch|p1a: DURAN|Excadrill, F|100/100
|-end|p2a: Raging Bolt|Protosynthesis|[silent]
|switch|p2a: Tornadus|Tornadus-Therian, M|100/100
|
|upkeep
|turn|4
|
|t:|1781563221
|switch|p1a: PULAPU|Toxapex, M|100/100
|move|p2a: Tornadus|Nasty Plot|p2a: Tornadus
|-boost|p2a: Tornadus|spa|2
|
|upkeep
|turn|5
|
|t:|1781563229
|move|p2a: Tornadus|Nasty Plot|p2a: Tornadus
|-boost|p2a: Tornadus|spa|2
|move|p1a: PULAPU|Haze|p1a: PULAPU
|-clearallboost
|
|upkeep
|turn|6
|
|t:|1781563238
|switch|p2a: Iron Treads|Iron Treads|41/100
|move|p1a: PULAPU|Toxic Spikes|p2a: Iron Treads
|-sidestart|p2: arbok super yea|move: Toxic Spikes
|
|-heal|p2a: Iron Treads|47/100|[from] item: Leftovers
|upkeep
|turn|7
|inactive|teno19 has 120 seconds left.
|
|t:|1781563291
|switch|p1a: Tornadus|Tornadus-Therian, M, shiny|100/100
|move|p2a: Iron Treads|Rapid Spin|p1a: Tornadus
|-damage|p1a: Tornadus|82/100
|-boost|p2a: Iron Treads|spe|1
|-sideend|p2: arbok super yea|Toxic Spikes|[from] move: Rapid Spin|[of] p2a: Iron Treads
|
|-heal|p2a: Iron Treads|53/100|[from] item: Leftovers
|upkeep
|turn|8
|inactive|teno19 has 90 seconds left.
|
|t:|1781563306
|-end|p2a: Iron Treads|Quark Drive|[silent]
|switch|p2a: Raging Bolt|Raging Bolt|80/100
|move|p1a: Tornadus|Bleakwind Storm|p2a: Raging Bolt|[miss]
|-miss|p1a: Tornadus|p2a: Raging Bolt
|
|upkeep
|turn|9
|inactive|teno19 has 90 seconds left.
|
|t:|1781563327
|switch|p1a: DURAN|Excadrill, F|100/100
|move|p2a: Raging Bolt|Draco Meteor|p1a: DURAN
|-resisted|p1a: DURAN
|-damage|p1a: DURAN|47/100
|-unboost|p2a: Raging Bolt|spa|2
|
|-heal|p1a: DURAN|53/100|[from] item: Leftovers
|upkeep
|turn|10
|
|t:|1781563355
|-end|p2a: Raging Bolt|Protosynthesis|[silent]
|switch|p2a: Zamazenta|Zamazenta|100/100
|-ability|p2a: Zamazenta|Dauntless Shield|boost
|-boost|p2a: Zamazenta|def|1
|move|p1a: DURAN|Substitute|p1a: DURAN
|-start|p1a: DURAN|Substitute
|-damage|p1a: DURAN|28/100
|
|-heal|p1a: DURAN|34/100|[from] item: Leftovers
|upkeep
|turn|11
|inactive|teno19 has 60 seconds left.
|
|t:|1781563372
|move|p2a: Zamazenta|Body Press|p1a: DURAN
|-supereffective|p1a: DURAN
|-end|p1a: DURAN|Substitute
|move|p1a: DURAN|Earthquake|p2a: Zamazenta
|-damage|p2a: Zamazenta|71/100
|
|-heal|p2a: Zamazenta|77/100|[from] item: Leftovers
|-heal|p1a: DURAN|40/100|[from] item: Leftovers
|upkeep
|turn|12
|inactive|teno19 has 60 seconds left.
|inactive|arbok super yea has 120 seconds left.
|
|t:|1781563398
|switch|p1a: PULAPU|Toxapex, M|100/100
|move|p2a: Zamazenta|Crunch|p1a: PULAPU
|-damage|p1a: PULAPU|86/100
|-enditem|p1a: PULAPU|Eject Button
|inactive|teno19 has 60 seconds left.
|
|t:|1781563406
|switch|p1a: Tornadus|Tornadus-Therian, M, shiny|100/100
|
|-heal|p2a: Zamazenta|83/100|[from] item: Leftovers
|upkeep
|turn|13
|
|t:|1781563413
|switch|p2a: Raging Bolt|Raging Bolt|80/100
|move|p1a: Tornadus|Bleakwind Storm|p2a: Raging Bolt
|-resisted|p2a: Raging Bolt
|-damage|p2a: Raging Bolt|45/100
|-unboost|p2a: Raging Bolt|spe|1
|
|upkeep
|turn|14
|inactive|teno19 has 60 seconds left.
|
|t:|1781563441
|switch|p1a: KHRIM|Tyranitar, M|100/100
|-weather|Sandstorm|[from] ability: Sand Stream|[of] p1a: KHRIM
|move|p2a: Raging Bolt|Thunderbolt|p1a: KHRIM
|-damage|p1a: KHRIM|64/100
|
|-weather|Sandstorm|[upkeep]
|-damage|p2a: Raging Bolt|39/100|[from] Sandstorm
|upkeep
|turn|15
|inactive|arbok super yea has 120 seconds left.
|
|t:|1781563468
|-end|p2a: Raging Bolt|Protosynthesis|[silent]
|switch|p2a: Zamazenta|Zamazenta|83/100
|move|p1a: KHRIM|Knock Off|p2a: Zamazenta
|-resisted|p2a: Zamazenta
|-damage|p2a: Zamazenta|62/100
|-enditem|p2a: Zamazenta|Leftovers|[from] move: Knock Off|[of] p1a: KHRIM
|
|-weather|Sandstorm|[upkeep]
|-damage|p2a: Zamazenta|56/100|[from] Sandstorm
|upkeep
|turn|16
|
|t:|1781563490
|switch|p2a: Raging Bolt|Raging Bolt|39/100
|switch|p1a: PULAPU|Toxapex, M|100/100
|
|-weather|Sandstorm|[upkeep]
|-damage|p2a: Raging Bolt|33/100|[from] Sandstorm
|-damage|p1a: PULAPU|95/100|[from] Sandstorm
|upkeep
|turn|17
|
|t:|1781563509
|move|p2a: Raging Bolt|Volt Switch|p1a: PULAPU
|-supereffective|p1a: PULAPU
|-damage|p1a: PULAPU|35/100
|
|t:|1781563512
|-end|p2a: Raging Bolt|Protosynthesis|[silent]
|switch|p2a: Iron Treads|Iron Treads|53/100|[from] Volt Switch
|move|p1a: PULAPU|Toxic|p2a: Iron Treads
|-immune|p2a: Iron Treads
|
|-weather|Sandstorm|[upkeep]
|-damage|p1a: PULAPU|29/100|[from] Sandstorm
|-heal|p2a: Iron Treads|59/100|[from] item: Leftovers
|upkeep
|turn|18
|
|t:|1781563523
|switch|p1a: Tornadus|Tornadus-Therian, M, shiny|100/100
|move|p2a: Iron Treads|Stealth Rock|p1a: Tornadus
|-sidestart|p1: teno19|move: Stealth Rock
|
|-weather|Sandstorm|[upkeep]
|-damage|p1a: Tornadus|94/100|[from] Sandstorm
|-heal|p2a: Iron Treads|65/100|[from] item: Leftovers
|upkeep
|turn|19
|inactive|arbok super yea has 120 seconds left.
|inactive|teno19 has 30 seconds left.
|
|t:|1781563549
|move|p1a: Tornadus|Grass Knot|p2a: Iron Treads
|-damage|p2a: Iron Treads|24/100
|move|p2a: Iron Treads|Ice Spinner|p1a: Tornadus
|-supereffective|p1a: Tornadus
|-damage|p1a: Tornadus|36/100
|
|-weather|Sandstorm|[upkeep]
|-damage|p1a: Tornadus|30/100|[from] Sandstorm
|-heal|p2a: Iron Treads|30/100|[from] item: Leftovers
|upkeep
|turn|20
|
|t:|1781563558
|-end|p2a: Iron Treads|Quark Drive|[silent]
|switch|p2a: Tornadus|Tornadus-Therian, M|100/100
|move|p1a: Tornadus|Grass Knot|p2a: Tornadus
|-resisted|p2a: Tornadus
|-damage|p2a: Tornadus|79/100
|
|-weather|Sandstorm|[upkeep]
|-damage|p2a: Tornadus|73/100|[from] Sandstorm
|-damage|p1a: Tornadus|24/100|[from] Sandstorm
|upkeep
|turn|21
|inactive|teno19 has 30 seconds left.
|
|t:|1781563579
|switch|p1a: PULAPU|Toxapex, M|63/100
|-damage|p1a: PULAPU|50/100|[from] Stealth Rock
|move|p2a: Tornadus|Nasty Plot|p2a: Tornadus
|-boost|p2a: Tornadus|spa|2
|
|-weather|none
|upkeep
|turn|22
|inactive|teno19 has 30 seconds left.
|
|t:|1781563592
|move|p2a: Tornadus|Bleakwind Storm|p1a: PULAPU
|-damage|p1a: PULAPU|0 fnt
|faint|p1a: PULAPU
|
|upkeep
|inactive|teno19 has 30 seconds left.
|inactive|teno19 has 20 seconds left.
|
|t:|1781563609
|switch|p1a: Tornadus|Tornadus-Therian, M, shiny|57/100
|-damage|p1a: Tornadus|33/100|[from] Stealth Rock
|turn|23
|inactive|teno19 has 30 seconds left this turn.
|j| laggybaggy516
|l| laggybaggy516
|
|t:|1781563615
|move|p2a: Tornadus|Bleakwind Storm|p1a: Tornadus|[miss]
|-miss|p2a: Tornadus|p1a: Tornadus
|move|p1a: Tornadus|Bleakwind Storm|p2a: Tornadus
|-damage|p2a: Tornadus|0 fnt
|faint|p2a: Tornadus
|
|upkeep
|
|t:|1781563624
|switch|p2a: Kingambit|Kingambit, F|100/100
|-activate|p2a: Kingambit|ability: Supreme Overlord
|-start|p2a: Kingambit|fallen1|[silent]
|turn|24
|inactive|teno19 has 30 seconds left.
|
|t:|1781563640
|move|p1a: Tornadus|Bleakwind Storm|p2a: Kingambit|[miss]
|-miss|p1a: Tornadus|p2a: Kingambit
|move|p2a: Kingambit|Iron Head|p1a: Tornadus
|-damage|p1a: Tornadus|0 fnt
|faint|p1a: Tornadus
|
|upkeep
|inactive|teno19 has 30 seconds left this turn.
|inactive|teno19 has 20 seconds left.
|
|t:|1781563652
|switch|p1a: DANI|Ogerpon-Cornerstone, F|100/100
|-damage|p1a: DANI|88/100|[from] Stealth Rock
|turn|25
|inactive|teno19 has 30 seconds left this turn.
|
|t:|1781563657
|-end|p2a: Kingambit|fallen1|[silent]
|switch|p2a: Zamazenta|Zamazenta|56/100
|move|p1a: DANI|Low Kick|p2a: Zamazenta
|-damage|p2a: Zamazenta|22/100
|
|upkeep
|turn|26
|inactive|teno19 has 30 seconds left.
|
|t:|1781563674
|switch|p1a: KHRIM|Tyranitar, M|64/100
|-damage|p1a: KHRIM|51/100|[from] Stealth Rock
|-weather|Sandstorm|[from] ability: Sand Stream|[of] p1a: KHRIM
|move|p2a: Zamazenta|Body Press|p1a: KHRIM
|-supereffective|p1a: KHRIM
|-damage|p1a: KHRIM|0 fnt
|faint|p1a: KHRIM
|
|-weather|Sandstorm|[upkeep]
|-damage|p2a: Zamazenta|16/100|[from] Sandstorm
|upkeep
|inactive|teno19 has 30 seconds left this turn.
|inactive|teno19 has 20 seconds left.
|inactive|teno19 has 15 seconds left.
|
|t:|1781563691
|switch|p1a: DURAN|Excadrill, F|40/100
|-damage|p1a: DURAN|37/100|[from] Stealth Rock
|turn|27
|inactive|teno19 has 25 seconds left this turn.
|inactive|teno19 has 20 seconds left.
|
|t:|1781563705
|move|p1a: DURAN|Earthquake|p2a: Zamazenta
|-damage|p2a: Zamazenta|0 fnt
|faint|p2a: Zamazenta
|
|-weather|Sandstorm|[upkeep]
|-heal|p1a: DURAN|43/100|[from] item: Leftovers
|upkeep
|
|t:|1781563711
|switch|p2a: Kingambit|Kingambit, F|100/100
|-activate|p2a: Kingambit|ability: Supreme Overlord
|-start|p2a: Kingambit|fallen2|[silent]
|turn|28
|inactive|teno19 has 30 seconds left.
|inactive|teno19 has 20 seconds left.
|
|t:|1781563730
|switch|p1a: TENO|Iron Valiant, shiny|100/100
|-damage|p1a: TENO|94/100|[from] Stealth Rock
|-terastallize|p2a: Kingambit|Ghost
|move|p2a: Kingambit|Kowtow Cleave|p1a: TENO
|-resisted|p1a: TENO
|-damage|p1a: TENO|77/100
|
|-weather|Sandstorm|[upkeep]
|-damage|p1a: TENO|71/100|[from] Sandstorm
|-damage|p2a: Kingambit|94/100|[from] Sandstorm
|-heal|p2a: Kingambit|100/100|[from] item: Leftovers
|upkeep
|turn|29
|inactive|teno19 has 30 seconds left this turn.
|inactive|teno19 has 20 seconds left.
|inactive|teno19 has 15 seconds left.
|inactive|teno19 has 10 seconds left.
|
|t:|1781563751
|-end|p2a: Kingambit|fallen2|[silent]
|switch|p2a: Iron Treads|Iron Treads|30/100
|-terastallize|p1a: TENO|Ghost
|move|p1a: TENO|Shadow Ball|p2a: Iron Treads
|-damage|p2a: Iron Treads|0 fnt
|faint|p2a: Iron Treads
|-end|p2a: Iron Treads|Quark Drive|[silent]
|
|-weather|Sandstorm|[upkeep]
|-damage|p1a: TENO|65/100|[from] Sandstorm
|upkeep
|
|t:|1781563764
|switch|p2a: asoS evoL|Arbok, F|100/100
|-ability|p2a: asoS evoL|Intimidate|boost
|-unboost|p1a: TENO|atk|1
|turn|30
|inactive|teno19 has 25 seconds left this turn.
|inactive|teno19 has 20 seconds left.
|inactive|teno19 has 15 seconds left.
|
|t:|1781563775
|move|p1a: TENO|Shadow Ball|p2a: asoS evoL
|-damage|p2a: asoS evoL|18/100
|move|p2a: asoS evoL|Glare|p1a: TENO
|-status|p1a: TENO|par
|
|-weather|Sandstorm|[upkeep]
|-damage|p2a: asoS evoL|12/100|[from] Sandstorm
|-damage|p1a: TENO|58/100 par|[from] Sandstorm
|-heal|p2a: asoS evoL|18/100|[from] item: Black Sludge
|upkeep
|turn|31
|inactive|teno19 has 25 seconds left this turn.
|inactive|teno19 has 20 seconds left.
|inactive|teno19 has 15 seconds left.
|
|t:|1781563788
|move|p2a: asoS evoL|Switcheroo|p1a: TENO
|-activate|p2a: asoS evoL|move: Trick|[of] p1a: TENO
|-item|p1a: TENO|Black Sludge|[from] move: Switcheroo
|-item|p2a: asoS evoL|Choice Specs|[from] move: Switcheroo
|move|p1a: TENO|Shadow Ball|p2a: asoS evoL
|-damage|p2a: asoS evoL|0 fnt
|faint|p2a: asoS evoL
|
|-weather|Sandstorm|[upkeep]
|-damage|p1a: TENO|52/100 par|[from] Sandstorm
|-damage|p1a: TENO|40/100 par|[from] item: Black Sludge
|upkeep
|
|t:|1781563794
|switch|p2a: Kingambit|Kingambit, F, tera:Ghost|100/100
|-activate|p2a: Kingambit|ability: Supreme Overlord
|-start|p2a: Kingambit|fallen4|[silent]
|turn|32
|inactive|teno19 has 30 seconds left this turn.
|inactive|teno19 has 20 seconds left.
|inactive|teno19 has 15 seconds left.
|
|t:|1781563810
|-end|p1a: TENO|Quark Drive|[silent]
|switch|p1a: DURAN|Excadrill, F|43/100
|-damage|p1a: DURAN|40/100|[from] Stealth Rock
|move|p2a: Kingambit|Kowtow Cleave|p1a: DURAN
|-damage|p1a: DURAN|0 fnt
|faint|p1a: DURAN
|
|-weather|Sandstorm|[upkeep]
|-damage|p2a: Kingambit|94/100|[from] Sandstorm
|-heal|p2a: Kingambit|100/100|[from] item: Leftovers
|upkeep
|inactive|teno19 has 20 seconds left this turn.
|inactive|teno19 has 15 seconds left.
|inactive|teno19 has 10 seconds left.
|
|t:|1781563825
|switch|p1a: TENO|Iron Valiant, shiny, tera:Ghost|40/100 par
|-damage|p1a: TENO|27/100 par|[from] Stealth Rock
|turn|33
|inactive|teno19 has 20 seconds left this turn.
|inactive|teno19 has 15 seconds left.
|
|t:|1781563833
|move|p2a: Kingambit|Kowtow Cleave|p1a: TENO
|-supereffective|p1a: TENO
|-damage|p1a: TENO|0 fnt
|faint|p1a: TENO
|-end|p1a: TENO|Quark Drive|[silent]
|
|-weather|none
|upkeep
|inactive|teno19 has 20 seconds left this turn.
|inactive|teno19 has 15 seconds left.
|
|t:|1781563840
|switch|p1a: DANI|Ogerpon-Cornerstone, F|88/100
|-damage|p1a: DANI|76/100|[from] Stealth Rock
|turn|34
|inactive|teno19 has 25 seconds left this turn.
|inactive|teno19 has 20 seconds left.
|inactive|teno19 has 15 seconds left.
|inactive|teno19 has 10 seconds left.
|inactive|teno19 has 5 seconds left.
|
|t:|1781563863
|move|p1a: DANI|Ivy Cudgel|p2a: Kingambit|[anim] Ivy Cudgel Rock
|-damage|p2a: Kingambit|47/100
|move|p2a: Kingambit|Iron Head|p1a: DANI
|-supereffective|p1a: DANI
|-damage|p1a: DANI|0 fnt
|faint|p1a: DANI
|
|win|arbok super yea
|raw|teno19's rating: 1543 &rarr; <strong>1524</strong><br />(-19 for losing)
|raw|arbok super yea's rating: 1568 &rarr; <strong>1587</strong><br />(+19 for winning)
