|j|☆Acastillo631
|j|☆elpets
|t:|1781364103
|gametype|singles
|player|p1|Acastillo631|silver|1635
|player|p2|elpets|infielder|1670
|gen|9
|tier|[Gen 9] OU
|rated|
|rule|HP Percentage Mod: HP is shown in percentages
|rule|Endless Battle Clause: Forcing endless battles is banned
|rule|Species Clause: Limit one of each Pokémon
|rule|OHKO Clause: OHKO moves are banned
|rule|Evasion Items Clause: Evasion items are banned
|rule|Evasion Moves Clause: Evasion moves are banned
|rule|Evasion Abilities Clause: Evasion abilities are banned
|rule|Sleep Moves Clause: Sleep-inducing moves are banned
|clearpoke
|poke|p1|Iron Valiant|
|poke|p1|Sinistcha|
|poke|p1|Tyranitar, F|
|poke|p1|Klefki, F|
|poke|p1|Swampert, M|
|poke|p1|Talonflame, M|
|poke|p2|Hatterene, F|
|poke|p2|Dragonite, F|
|poke|p2|Breloom, M|
|poke|p2|Azumarill, F|
|poke|p2|Great Tusk|
|poke|p2|Skeledirge, F|
|teampreview
|inactive|Battle timer is ON: inactive players will automatically lose when time's up. (requested by elpets)
|
|t:|1781364126
|teamsize|p1|6
|teamsize|p2|6
|start
|switch|p1a: Duff Mcwhalen|Swampert, M|100/100
|switch|p2a: Azumarill|Azumarill, F|100/100
|turn|1
|
|t:|1781364140
|move|p1a: Duff Mcwhalen|Flip Turn|p2a: Azumarill
|-resisted|p2a: Azumarill
|-damage|p2a: Azumarill|90/100
|
|t:|1781364146
|switch|p1a: Redips|Klefki, F|100/100|[from] Flip Turn
|move|p2a: Azumarill|Knock Off|p1a: Redips
|-resisted|p1a: Redips
|-damage|p1a: Redips|82/100
|-damage|p2a: Azumarill|73/100|[from] item: Rocky Helmet|[of] p1a: Redips
|-enditem|p1a: Redips|Rocky Helmet|[from] move: Knock Off|[of] p2a: Azumarill
|
|upkeep
|turn|2
|inactive|Acastillo631 has 120 seconds left.
|
|t:|1781364177
|move|p1a: Redips|Dazzling Gleam|p2a: Azumarill
|-damage|p2a: Azumarill|58/100
|move|p2a: Azumarill|Liquidation|p1a: Redips
|-damage|p1a: Redips|36/100
|
|upkeep
|turn|3
|inactive|Acastillo631 has 120 seconds left.
|
|t:|1781364198
|move|p1a: Redips|Thunder Wave|p2a: Azumarill|[miss]
|-miss|p1a: Redips|p2a: Azumarill
|move|p2a: Azumarill|Liquidation|p1a: Redips
|-damage|p1a: Redips|0 fnt
|faint|p1a: Redips
|
|upkeep
|
|t:|1781364210
|switch|p1a: Talonflame|Talonflame, M|100/100
|turn|4
|
|t:|1781364213
|move|p1a: Talonflame|Will-O-Wisp|p2a: Azumarill
|-status|p2a: Azumarill|brn
|move|p2a: Azumarill|Liquidation|p1a: Talonflame
|-supereffective|p1a: Talonflame
|-damage|p1a: Talonflame|34/100
|
|-damage|p2a: Azumarill|52/100 brn|[from] brn
|upkeep
|turn|5
|inactive|Acastillo631 has 120 seconds left.
|
|t:|1781364225
|move|p2a: Azumarill|Aqua Jet|p1a: Talonflame
|-supereffective|p1a: Talonflame
|-damage|p1a: Talonflame|4/100
|move|p1a: Talonflame|Roost|p1a: Talonflame
|-heal|p1a: Talonflame|54/100
|-singleturn|p1a: Talonflame|move: Roost
|
|-damage|p2a: Azumarill|46/100 brn|[from] brn
|upkeep
|turn|6
|
|t:|1781364228
|move|p1a: Talonflame|Roost|p1a: Talonflame
|-heal|p1a: Talonflame|100/100
|-singleturn|p1a: Talonflame|move: Roost
|move|p2a: Azumarill|Liquidation|p1a: Talonflame
|-supereffective|p1a: Talonflame
|-damage|p1a: Talonflame|34/100
|
|-damage|p2a: Azumarill|39/100 brn|[from] brn
|upkeep
|turn|7
|
|t:|1781364233
|switch|p1a: Wire Sponge|Sinistcha|100/100
|move|p2a: Azumarill|Liquidation|p1a: Wire Sponge
|-resisted|p1a: Wire Sponge
|-damage|p1a: Wire Sponge|90/100
|-unboost|p1a: Wire Sponge|def|1
|
|-damage|p2a: Azumarill|33/100 brn|[from] brn
|upkeep
|turn|8
|
|t:|1781364236
|move|p1a: Wire Sponge|Matcha Gotcha|p2a: Azumarill
|-supereffective|p2a: Azumarill
|-damage|p2a: Azumarill|0 fnt
|-heal|p1a: Wire Sponge|100/100|[from] drain|[of] p2a: Azumarill
|faint|p2a: Azumarill
|
|upkeep
|
|t:|1781364243
|switch|p2a: Ippo|Breloom, M|100/100
|turn|9
|
|t:|1781364247
|switch|p1a: Talonflame|Talonflame, M|34/100
|move|p2a: Ippo|Swords Dance|p2a: Ippo
|-boost|p2a: Ippo|atk|2
|
|upkeep
|turn|10
|
|t:|1781364256
|move|p2a: Ippo|Mach Punch|p1a: Talonflame
|-resisted|p1a: Talonflame
|-damage|p1a: Talonflame|0 fnt
|-status|p2a: Ippo|brn|[from] ability: Flame Body|[of] p1a: Talonflame
|faint|p1a: Talonflame
|
|-damage|p2a: Ippo|94/100 brn|[from] brn
|upkeep
|
|t:|1781364286
|switch|p1a: Wire Sponge|Sinistcha|100/100
|turn|11
|
|t:|1781364292
|switch|p2a: Skeledirge|Skeledirge, F|100/100
|move|p1a: Wire Sponge|Shadow Ball|p2a: Skeledirge
|-supereffective|p2a: Skeledirge
|-damage|p2a: Skeledirge|29/100
|
|upkeep
|turn|12
|
|t:|1781364295
|move|p1a: Wire Sponge|Shadow Ball|p2a: Skeledirge
|-supereffective|p2a: Skeledirge
|-damage|p2a: Skeledirge|0 fnt
|faint|p2a: Skeledirge
|
|upkeep
|
|t:|1781364297
|switch|p2a: Dragonite|Dragonite, F|100/100
|turn|13
|
|t:|1781364302
|switch|p1a: Eregion|Tyranitar, F|100/100
|-weather|Sandstorm|[from] ability: Sand Stream|[of] p1a: Eregion
|move|p2a: Dragonite|Dragon Dance|p2a: Dragonite
|-boost|p2a: Dragonite|atk|1
|-boost|p2a: Dragonite|spe|1
|
|-weather|Sandstorm|[upkeep]
|-damage|p2a: Dragonite|94/100|[from] Sandstorm
|upkeep
|turn|14
|
|t:|1781364310
|move|p2a: Dragonite|Outrage|p1a: Eregion
|-damage|p1a: Eregion|28/100
|move|p1a: Eregion|Ice Beam|p2a: Dragonite
|-supereffective|p2a: Dragonite
|-damage|p2a: Dragonite|8/100
|
|-weather|Sandstorm|[upkeep]
|-damage|p2a: Dragonite|1/100|[from] Sandstorm
|-heal|p1a: Eregion|34/100|[from] item: Leftovers
|upkeep
|turn|15
|
|t:|1781364316
|move|p2a: Dragonite|Outrage|p1a: Eregion|[from] lockedmove
|-damage|p1a: Eregion|0 fnt
|faint|p1a: Eregion
|
|-weather|Sandstorm|[upkeep]
|-damage|p2a: Dragonite|0 fnt|[from] Sandstorm
|faint|p2a: Dragonite
|upkeep
|
|t:|1781364327
|switch|p2a: Ippo|Breloom, M|94/100 brn
|switch|p1a: Wire Sponge|Sinistcha|100/100
|turn|16
|
|t:|1781364335
|move|p2a: Ippo|Rock Tomb|p1a: Wire Sponge
|-damage|p1a: Wire Sponge|88/100
|-unboost|p1a: Wire Sponge|spe|1
|move|p1a: Wire Sponge|Calm Mind|p1a: Wire Sponge
|-boost|p1a: Wire Sponge|spa|1
|-boost|p1a: Wire Sponge|spd|1
|
|-weather|Sandstorm|[upkeep]
|-damage|p2a: Ippo|88/100 brn|[from] Sandstorm
|-damage|p1a: Wire Sponge|82/100|[from] Sandstorm
|-damage|p2a: Ippo|82/100 brn|[from] brn
|upkeep
|turn|17
|
|t:|1781364339
|move|p2a: Ippo|Rock Tomb|p1a: Wire Sponge
|-damage|p1a: Wire Sponge|70/100
|-unboost|p1a: Wire Sponge|spe|1
|move|p1a: Wire Sponge|Strength Sap|p2a: Ippo
|-unboost|p2a: Ippo|atk|1
|-heal|p1a: Wire Sponge|100/100
|
|-weather|none
|-damage|p2a: Ippo|76/100 brn|[from] brn
|upkeep
|turn|18
|
|t:|1781364342
|move|p2a: Ippo|Rock Tomb|p1a: Wire Sponge
|-damage|p1a: Wire Sponge|92/100
|-unboost|p1a: Wire Sponge|spe|1
|move|p1a: Wire Sponge|Shadow Ball|p2a: Ippo
|-damage|p2a: Ippo|0 fnt
|faint|p2a: Ippo
|
|upkeep
|
|t:|1781364346
|switch|p2a: Hatterene|Hatterene, F|100/100
|turn|19
|
|t:|1781364353
|-terastallize|p2a: Hatterene|Fire
|move|p1a: Wire Sponge|Shadow Ball|p2a: Hatterene
|-damage|p2a: Hatterene|45/100
|move|p2a: Hatterene|Mystical Fire|p1a: Wire Sponge
|-supereffective|p1a: Wire Sponge
|-damage|p1a: Wire Sponge|57/100
|-unboost|p1a: Wire Sponge|spa|1
|
|-heal|p2a: Hatterene|51/100|[from] item: Leftovers
|upkeep
|turn|20
|
|t:|1781364362
|switch|p1a: Duff Mcwhalen|Swampert, M|100/100
|move|p2a: Hatterene|Psyshock|p1a: Duff Mcwhalen
|-damage|p1a: Duff Mcwhalen|60/100
|
|-heal|p1a: Duff Mcwhalen|66/100|[from] item: Leftovers
|-heal|p2a: Hatterene|57/100|[from] item: Leftovers
|upkeep
|turn|21
|
|t:|1781364371
|switch|p2a: Great Tusk|Great Tusk|100/100
|-enditem|p2a: Great Tusk|Booster Energy
|-activate|p2a: Great Tusk|ability: Protosynthesis|[fromitem]
|-start|p2a: Great Tusk|protosynthesisatk
|move|p1a: Duff Mcwhalen|Earthquake|p2a: Great Tusk
|-damage|p2a: Great Tusk|73/100
|
|-heal|p1a: Duff Mcwhalen|72/100|[from] item: Leftovers
|upkeep
|turn|22
|inactive|Acastillo631 has 120 seconds left.
|
|t:|1781364418
|move|p2a: Great Tusk|Headlong Rush|p1a: Duff Mcwhalen
|-damage|p1a: Duff Mcwhalen|0 fnt
|-unboost|p2a: Great Tusk|def|1
|-unboost|p2a: Great Tusk|spd|1
|faint|p1a: Duff Mcwhalen
|
|upkeep
|
|t:|1781364422
|switch|p1a: Sage Harpuia|Iron Valiant|100/100
|-enditem|p1a: Sage Harpuia|Booster Energy
|-activate|p1a: Sage Harpuia|ability: Quark Drive|[fromitem]
|-start|p1a: Sage Harpuia|quarkdrivespe
|turn|23
|
|t:|1781364425
|-end|p2a: Great Tusk|Protosynthesis|[silent]
|switch|p2a: Hatterene|Hatterene, F, tera:Fire|57/100
|move|p1a: Sage Harpuia|Moonblast|p2a: Hatterene
|-resisted|p2a: Hatterene
|-damage|p2a: Hatterene|34/100
|
|-heal|p2a: Hatterene|40/100|[from] item: Leftovers
|upkeep
|turn|24
|inactive|Acastillo631 has 120 seconds left.
|inactive|Acastillo631 has 90 seconds left.
|inactive|Acastillo631 has 60 seconds left.
|
|t:|1781364502
|move|p1a: Sage Harpuia|Close Combat|p2a: Hatterene
|-damage|p2a: Hatterene|0 fnt
|-unboost|p1a: Sage Harpuia|def|1
|-unboost|p1a: Sage Harpuia|spd|1
|faint|p2a: Hatterene
|
|upkeep
|-message|elpets forfeited.
|
|win|Acastillo631
|raw|Acastillo631's rating: 1635 &rarr; <strong>1657</strong><br />(+22 for winning)
|raw|elpets's rating: 1670 &rarr; <strong>1648</strong><br />(-22 for losing)
|l|☆elpets
|player|p2|
|l|☆Acastillo631
|player|p1|
