|j|☆vvenlo
|j|☆Xoli
|t:|1781360645
|gametype|singles
|player|p1|vvenlo|miku-water|1575
|player|p2|Xoli|veteran|1640
|gen|9
|tier|[Gen 9] OU
|rated|
|rule|HP Percentage Mod: HP is shown in percentages
|rule|Endless Battle Clause: Forcing endless battles is banned
|rule|Species Clause: Limit one of each Pokémon
|rule|OHKO Clause: OHKO moves are banned
|rule|Evasion Items Clause: Evasion items are banned
|rule|Evasion Moves Clause: Evasion moves are banned
|rule|Evasion Abilities Clause: Evasion abilities are banned
|rule|Sleep Moves Clause: Sleep-inducing moves are banned
|clearpoke
|poke|p1|Indeedee, M|
|poke|p1|Hatterene, F|
|poke|p1|Hawlucha, M|
|poke|p1|Deoxys-Speed|
|poke|p1|Ceruledge, M|
|poke|p1|Maushold|
|poke|p2|Iron Treads|
|poke|p2|Iron Moth|
|poke|p2|Raging Bolt|
|poke|p2|Cinderace, F|
|poke|p2|Pecharunt|
|poke|p2|Kingambit, M|
|teampreview
|inactive|Battle timer is ON: inactive players will automatically lose when time's up. (requested by vvenlo)
|
|t:|1781360661
|teamsize|p1|6
|teamsize|p2|6
|start
|switch|p1a: Indeedee|Indeedee, M|100/100
|switch|p2a: Iron Moth|Iron Moth|100/100
|-fieldstart|move: Psychic Terrain|[from] ability: Psychic Surge|[of] p1a: Indeedee
|-enditem|p2a: Iron Moth|Booster Energy
|-activate|p2a: Iron Moth|ability: Quark Drive|[fromitem]
|-start|p2a: Iron Moth|quarkdrivespe
|turn|1
|
|t:|1781360668
|switch|p1a: Hatterene|Hatterene, F|100/100
|move|p2a: Iron Moth|Toxic Spikes|p1a: Hatterene
|move|p1a: Hatterene|Toxic Spikes|p2a: Iron Moth|[from] ability: Magic Bounce
|-sidestart|p2: Xoli|move: Toxic Spikes
|
|upkeep
|turn|2
|
|t:|1781360678
|move|p2a: Iron Moth|Sludge Wave|p1a: Hatterene
|-supereffective|p1a: Hatterene
|-damage|p1a: Hatterene|0 fnt
|faint|p1a: Hatterene
|
|upkeep
|
|t:|1781360680
|switch|p1a: Deoxys|Deoxys-Speed|100/100
|-ability|p1a: Deoxys|Pressure
|turn|3
|
|t:|1781360684
|move|p2a: Iron Moth|Toxic Spikes|p1a: Deoxys
|-sidestart|p1: vvenlo|move: Toxic Spikes
|move|p1a: Deoxys|Nasty Plot|p1a: Deoxys
|-boost|p1a: Deoxys|spa|2
|
|upkeep
|turn|4
|
|t:|1781360691
|move|p2a: Iron Moth|Fiery Dance|p1a: Deoxys
|-damage|p1a: Deoxys|41/100
|-boost|p2a: Iron Moth|spa|1
|move|p1a: Deoxys|Expanding Force|p2a: Iron Moth
|-supereffective|p2a: Iron Moth
|-damage|p2a: Iron Moth|0 fnt
|faint|p2a: Iron Moth
|-end|p2a: Iron Moth|Quark Drive|[silent]
|
|upkeep
|
|t:|1781360705
|switch|p2a: Kingambit|Kingambit, M|100/100
|-activate|p2a: Kingambit|ability: Supreme Overlord
|-start|p2a: Kingambit|fallen1|[silent]
|turn|5
|
|t:|1781360712
|-terastallize|p2a: Kingambit|Ghost
|move|p1a: Deoxys|Focus Blast|p2a: Kingambit
|-immune|p2a: Kingambit
|move|p2a: Kingambit|Iron Head|p1a: Deoxys
|-damage|p1a: Deoxys|0 fnt
|faint|p1a: Deoxys
|
|upkeep
|
|t:|1781360733
|switch|p1a: Maushold|Maushold|100/100
|-status|p1a: Maushold|psn
|turn|6
|
|t:|1781360742
|move|p1a: Maushold|Tidy Up|p1a: Maushold
|-sideend|p1: vvenlo|Toxic Spikes
|-sideend|p2: Xoli|Toxic Spikes
|-activate|p1a: Maushold|move: Tidy Up
|-boost|p1a: Maushold|atk|1
|-boost|p1a: Maushold|spe|1
|move|p2a: Kingambit|Kowtow Cleave|p1a: Maushold
|-damage|p1a: Maushold|15/100 psn
|
|-damage|p1a: Maushold|3/100 psn|[from] psn
|upkeep
|turn|7
|
|t:|1781360746
|move|p1a: Maushold|Bite|p2a: Kingambit
|-supereffective|p2a: Kingambit
|-damage|p2a: Kingambit|43/100
|move|p2a: Kingambit|Swords Dance|p2a: Kingambit
|-boost|p2a: Kingambit|atk|2
|
|-heal|p2a: Kingambit|49/100|[from] item: Leftovers
|-damage|p1a: Maushold|0 fnt|[from] psn
|faint|p1a: Maushold
|upkeep
|
|t:|1781360753
|switch|p1a: Ceruledge|Ceruledge, M|100/100
|turn|8
|
|t:|1781360766
|-end|p2a: Kingambit|fallen1|[silent]
|switch|p2a: Raging Bolt|Raging Bolt|100/100
|move|p1a: Ceruledge|Poltergeist|p2a: Raging Bolt|[miss]
|-miss|p1a: Ceruledge|p2a: Raging Bolt
|
|-fieldend|move: Psychic Terrain
|upkeep
|turn|9
|
|t:|1781360773
|switch|p1a: Indeedee|Indeedee, M|100/100
|-fieldstart|move: Psychic Terrain|[from] ability: Psychic Surge|[of] p1a: Indeedee
|move|p2a: Raging Bolt|Volt Switch|p1a: Indeedee
|-damage|p1a: Indeedee|36/100
|
|t:|1781360783
|-end|p2a: Raging Bolt|Protosynthesis|[silent]
|switch|p2a: Iron Treads|Iron Treads|100/100|[from] Volt Switch
|
|upkeep
|turn|10
|
|t:|1781360795
|switch|p1a: Ceruledge|Ceruledge, M|100/100
|move|p2a: Iron Treads|Earthquake|p1a: Ceruledge
|-supereffective|p1a: Ceruledge
|-enditem|p1a: Ceruledge|Focus Sash
|-damage|p1a: Ceruledge|1/100
|-ability|p1a: Ceruledge|Weak Armor|boost
|-unboost|p1a: Ceruledge|def|1
|-boost|p1a: Ceruledge|spe|2
|
|upkeep
|turn|11
|
|t:|1781360814
|-end|p2a: Iron Treads|Quark Drive|[silent]
|switch|p2a: Raging Bolt|Raging Bolt|100/100
|move|p1a: Ceruledge|Bitter Blade|p2a: Raging Bolt
|-resisted|p2a: Raging Bolt
|-damage|p2a: Raging Bolt|80/100
|-heal|p1a: Ceruledge|15/100|[from] drain|[of] p2a: Raging Bolt
|
|upkeep
|turn|12
|
|t:|1781360821
|move|p1a: Ceruledge|Bitter Blade|p2a: Raging Bolt
|-resisted|p2a: Raging Bolt
|-damage|p2a: Raging Bolt|61/100
|-heal|p1a: Ceruledge|28/100|[from] drain|[of] p2a: Raging Bolt
|move|p2a: Raging Bolt|Volt Switch|p1a: Ceruledge
|-damage|p1a: Ceruledge|0 fnt
|faint|p1a: Ceruledge
|
|t:|1781360825
|-end|p2a: Raging Bolt|Protosynthesis|[silent]
|switch|p2a: Pecharunt|Pecharunt|100/100|[from] Volt Switch
|
|upkeep
|
|t:|1781360834
|switch|p1a: Hawlucha|Hawlucha, M|100/100
|-enditem|p1a: Hawlucha|Psychic Seed
|-boost|p1a: Hawlucha|spd|1|[from] item: Psychic Seed
|turn|13
|
|t:|1781360841
|move|p1a: Hawlucha|Taunt|p2a: Pecharunt
|-start|p2a: Pecharunt|move: Taunt
|move|p2a: Pecharunt|Malignant Chain|p1a: Hawlucha
|-damage|p1a: Hawlucha|62/100
|-status|p1a: Hawlucha|tox
|-start|p1a: Hawlucha|confusion|[from] ability: Poison Puppeteer|[of] p2a: Pecharunt
|
|-damage|p1a: Hawlucha|56/100 tox|[from] psn
|upkeep
|turn|14
|
|t:|1781360846
|-activate|p1a: Hawlucha|confusion
|-damage|p1a: Hawlucha|39/100 tox|[from] confusion
|move|p2a: Pecharunt|Shadow Ball|p1a: Hawlucha
|-damage|p1a: Hawlucha|8/100 tox
|
|-damage|p1a: Hawlucha|0 fnt|[from] psn
|faint|p1a: Hawlucha
|upkeep
|-message|vvenlo forfeited.
|
|win|Xoli
|raw|vvenlo's rating: 1575 &rarr; <strong>1559</strong><br />(-16 for losing)
|raw|Xoli's rating: 1640 &rarr; <strong>1656</strong><br />(+16 for winning)
|l|☆vvenlo
|player|p1|
|l|☆Xoli
|player|p2|
