|j|☆typhoon9
|j|☆LowEL0God
|t:|1781456956
|gametype|singles
|player|p1|typhoon9|swimmerf-gen4dp|1545
|player|p2|LowEL0God|265|1596
|gen|9
|tier|[Gen 9] OU
|rated|
|rule|HP Percentage Mod: HP is shown in percentages
|rule|Endless Battle Clause: Forcing endless battles is banned
|rule|Species Clause: Limit one of each Pokémon
|rule|OHKO Clause: OHKO moves are banned
|rule|Evasion Items Clause: Evasion items are banned
|rule|Evasion Moves Clause: Evasion moves are banned
|rule|Evasion Abilities Clause: Evasion abilities are banned
|rule|Sleep Moves Clause: Sleep-inducing moves are banned
|clearpoke
|poke|p1|Hatterene, F|
|poke|p1|Ursaluna, M|
|poke|p1|Porygon2|
|poke|p1|Cresselia, F|
|poke|p1|Iron Hands|
|poke|p1|Volcanion|
|poke|p2|Pelipper, F|
|poke|p2|Raging Bolt|
|poke|p2|Overqwil, F|
|poke|p2|Barraskewda, F|
|poke|p2|Iron Treads|
|poke|p2|Kingambit, F|
|teampreview
|c|☆LowEL0God|hf
|inactive|Battle timer is ON: inactive players will automatically lose when time's up. (requested by LowEL0God)
|
|t:|1781456961
|teamsize|p1|6
|teamsize|p2|6
|start
|switch|p1a: Sydney Hattereney|Hatterene, F|100/100
|switch|p2a: Kingambit|Kingambit, F|100/100
|turn|1
|
|t:|1781456963
|move|p2a: Kingambit|Swords Dance|p2a: Kingambit
|-boost|p2a: Kingambit|atk|2
|move|p1a: Sydney Hattereney|Trick Room|p1a: Sydney Hattereney
|-fieldstart|move: Trick Room|[of] p1a: Sydney Hattereney
|
|upkeep
|turn|2
|
|t:|1781456967
|move|p1a: Sydney Hattereney|Dazzling Gleam|p2a: Kingambit
|-damage|p2a: Kingambit|54/100
|move|p2a: Kingambit|Swords Dance|p2a: Kingambit
|-boost|p2a: Kingambit|atk|2
|
|-heal|p2a: Kingambit|60/100|[from] item: Leftovers
|upkeep
|turn|3
|
|t:|1781456971
|move|p1a: Sydney Hattereney|Dazzling Gleam|p2a: Kingambit
|-damage|p2a: Kingambit|12/100
|move|p2a: Kingambit|Kowtow Cleave|p1a: Sydney Hattereney
|-enditem|p1a: Sydney Hattereney|Focus Sash
|-damage|p1a: Sydney Hattereney|1/100
|
|-heal|p2a: Kingambit|18/100|[from] item: Leftovers
|upkeep
|turn|4
|
|t:|1781456973
|move|p2a: Kingambit|Sucker Punch||[still]
|-fail|p2a: Kingambit
|move|p1a: Sydney Hattereney|Healing Wish|p1a: Sydney Hattereney
|faint|p1a: Sydney Hattereney
|
|-heal|p2a: Kingambit|24/100|[from] item: Leftovers
|upkeep
|
|t:|1781456978
|switch|p1a: Za Handso|Iron Hands|100/100
|-enditem|p1a: Za Handso|Booster Energy
|-activate|p1a: Za Handso|ability: Quark Drive|[fromitem]
|-start|p1a: Za Handso|quarkdriveatk
|turn|5
|
|t:|1781456980
|move|p2a: Kingambit|Sucker Punch|p1a: Za Handso
|-resisted|p1a: Za Handso
|-damage|p1a: Za Handso|63/100
|move|p1a: Za Handso|Wild Charge|p2a: Kingambit
|-damage|p2a: Kingambit|0 fnt
|faint|p2a: Kingambit
|-end|p2a: Kingambit|fallenundefined|[silent]
|-damage|p1a: Za Handso|58/100|[from] Recoil
|
|-fieldend|move: Trick Room
|upkeep
|
|t:|1781456982
|switch|p2a: Iron Treads|Iron Treads|100/100
|-enditem|p2a: Iron Treads|Booster Energy
|-activate|p2a: Iron Treads|ability: Quark Drive|[fromitem]
|-start|p2a: Iron Treads|quarkdrivespe
|turn|6
|
|t:|1781456985
|move|p2a: Iron Treads|Earth Power|p1a: Za Handso
|-supereffective|p1a: Za Handso
|-damage|p1a: Za Handso|0 fnt
|faint|p1a: Za Handso
|-end|p1a: Za Handso|Quark Drive|[silent]
|
|upkeep
|
|t:|1781456991
|switch|p1a: King PoryVon2|Porygon2|100/100
|-ability|p1a: King PoryVon2|Download|boost
|-boost|p1a: King PoryVon2|spa|1
|turn|7
|
|t:|1781456993
|move|p2a: Iron Treads|Earth Power|p1a: King PoryVon2
|-damage|p1a: King PoryVon2|80/100
|move|p1a: King PoryVon2|Trick Room|p1a: King PoryVon2
|-fieldstart|move: Trick Room|[of] p1a: King PoryVon2
|
|upkeep
|turn|8
|
|t:|1781456996
|switch|p1a: Freddy Facadebear|Ursaluna, M|100/100
|move|p2a: Iron Treads|Stealth Rock|p1a: Freddy Facadebear
|-sidestart|p1: typhoon9|move: Stealth Rock
|
|-status|p1a: Freddy Facadebear|brn|[from] item: Flame Orb
|upkeep
|turn|9
|
|t:|1781457008
|-end|p2a: Iron Treads|Quark Drive|[silent]
|switch|p2a: Pelipper|Pelipper, F|100/100
|-weather|RainDance|[from] ability: Drizzle|[of] p2a: Pelipper
|move|p1a: Freddy Facadebear|Swords Dance|p1a: Freddy Facadebear
|-boost|p1a: Freddy Facadebear|atk|2
|
|-weather|RainDance|[upkeep]
|-damage|p1a: Freddy Facadebear|94/100 brn|[from] brn
|upkeep
|turn|10
|
|t:|1781457012
|move|p2a: Pelipper|Weather Ball|p1a: Freddy Facadebear
|-supereffective|p1a: Freddy Facadebear
|-damage|p1a: Freddy Facadebear|4/100 brn
|move|p1a: Freddy Facadebear|Facade|p2a: Pelipper
|-damage|p2a: Pelipper|0 fnt
|faint|p2a: Pelipper
|
|-weather|RainDance|[upkeep]
|-damage|p1a: Freddy Facadebear|0 fnt|[from] brn
|faint|p1a: Freddy Facadebear
|upkeep
|
|t:|1781457026
|switch|p2a: Raging Bolt|Raging Bolt|100/100
|switch|p1a: Volcanion|Volcanion|100/100
|-damage|p1a: Volcanion|76/100|[from] Stealth Rock
|-enditem|p2a: Raging Bolt|Booster Energy
|-activate|p2a: Raging Bolt|ability: Protosynthesis|[fromitem]
|-start|p2a: Raging Bolt|protosynthesisspa
|turn|11
|
|t:|1781457030
|switch|p1a: King PoryVon2|Porygon2|80/100
|-heal|p1a: King PoryVon2|100/100|[from] move: Healing Wish
|-damage|p1a: King PoryVon2|88/100|[from] Stealth Rock
|-ability|p1a: King PoryVon2|Download|boost
|-boost|p1a: King PoryVon2|spa|1
|move|p2a: Raging Bolt|Thunder|p1a: King PoryVon2
|-damage|p1a: King PoryVon2|32/100
|
|-weather|RainDance|[upkeep]
|-fieldend|move: Trick Room
|upkeep
|turn|12
|
|t:|1781457039
|switch|p1a: Cres-MOON|Cresselia, F, shiny|100/100
|-damage|p1a: Cres-MOON|88/100|[from] Stealth Rock
|move|p2a: Raging Bolt|Weather Ball|p1a: Cres-MOON
|-damage|p1a: Cres-MOON|36/100
|
|-weather|RainDance|[upkeep]
|upkeep
|turn|13
|
|t:|1781457041
|move|p2a: Raging Bolt|Thunder|p1a: Cres-MOON
|-damage|p1a: Cres-MOON|0 fnt
|faint|p1a: Cres-MOON
|
|-weather|RainDance|[upkeep]
|upkeep
|
|t:|1781457043
|switch|p1a: King PoryVon2|Porygon2|32/100
|-damage|p1a: King PoryVon2|20/100|[from] Stealth Rock
|-ability|p1a: King PoryVon2|Download|boost
|-boost|p1a: King PoryVon2|spa|1
|turn|14
|
|t:|1781457046
|move|p2a: Raging Bolt|Thunder|p1a: King PoryVon2
|-damage|p1a: King PoryVon2|0 fnt
|faint|p1a: King PoryVon2
|
|-weather|RainDance|[upkeep]
|upkeep
|
|t:|1781457048
|switch|p1a: Volcanion|Volcanion|76/100
|-damage|p1a: Volcanion|51/100|[from] Stealth Rock
|turn|15
|
|t:|1781457049
|move|p2a: Raging Bolt|Thunderclap|p1a: Volcanion
|-supereffective|p1a: Volcanion
|-damage|p1a: Volcanion|0 fnt
|faint|p1a: Volcanion
|
|win|LowEL0God
|raw|typhoon9's rating: 1545 &rarr; <strong>1528</strong><br />(-17 for losing)
|raw|LowEL0God's rating: 1596 &rarr; <strong>1613</strong><br />(+17 for winning)
|c|☆typhoon9|ggs
|c|☆LowEL0God|gg
|c|☆typhoon9|li played u not too long ago
|l|☆LowEL0God
|player|p2|
|l|☆typhoon9
|player|p1|
