|j|☆daaferino
|j|☆omari p
|t:|1781381054
|gametype|singles
|player|p1|daaferino|caitlin|1476
|player|p2|omari p|pokemonrangerf|1564
|gen|9
|tier|[Gen 9] OU
|rated|
|rule|HP Percentage Mod: HP is shown in percentages
|rule|Endless Battle Clause: Forcing endless battles is banned
|rule|Species Clause: Limit one of each Pokémon
|rule|OHKO Clause: OHKO moves are banned
|rule|Evasion Items Clause: Evasion items are banned
|rule|Evasion Moves Clause: Evasion moves are banned
|rule|Evasion Abilities Clause: Evasion abilities are banned
|rule|Sleep Moves Clause: Sleep-inducing moves are banned
|clearpoke
|poke|p1|Dondozo, M|
|poke|p1|Blissey, F|
|poke|p1|Corviknight, F|
|poke|p1|Weezing-Galar, M|
|poke|p1|Gliscor, F|
|poke|p1|Toxapex, M|
|poke|p2|Klefki, F|
|poke|p2|Keldeo-Resolute|
|poke|p2|Garchomp, F|
|poke|p2|Landorus-Therian, M|
|poke|p2|Iron Valiant|
|poke|p2|Mimikyu, F|
|teampreview
|inactive|Battle timer is ON: inactive players will automatically lose when time's up. (requested by daaferino)
|inactive|omari p has 120 seconds left.
|
|t:|1781381109
|teamsize|p1|6
|teamsize|p2|6
|start
|switch|p1a: Gliscor|Gliscor, F|100/100
|switch|p2a: Garchomp|Garchomp, F|100/100
|turn|1
|
|t:|1781381116
|move|p2a: Garchomp|Stealth Rock|p1a: Gliscor
|-sidestart|p1: daaferino|move: Stealth Rock
|move|p1a: Gliscor|Spikes|p2a: Garchomp
|-sidestart|p2: omari p|Spikes
|
|-status|p1a: Gliscor|tox|[from] item: Toxic Orb
|upkeep
|turn|2
|
|t:|1781381118
|switch|p2a: Klefki|Klefki, F|100/100
|-damage|p2a: Klefki|88/100|[from] Spikes
|move|p1a: Gliscor|Knock Off|p2a: Klefki
|-resisted|p2a: Klefki
|-damage|p2a: Klefki|77/100
|-enditem|p2a: Klefki|Leftovers|[from] move: Knock Off|[of] p1a: Gliscor
|
|upkeep
|turn|3
|
|t:|1781381122
|move|p2a: Klefki|Spikes|p1a: Gliscor
|-sidestart|p1: daaferino|Spikes
|move|p1a: Gliscor|Earthquake|p2a: Klefki
|-supereffective|p2a: Klefki
|-damage|p2a: Klefki|0 fnt
|faint|p2a: Klefki
|
|upkeep
|
|t:|1781381127
|switch|p2a: Mimikyu|Mimikyu, F|100/100
|-damage|p2a: Mimikyu|88/100|[from] Spikes
|turn|4
|
|t:|1781381130
|move|p2a: Mimikyu|Curse|p1a: Gliscor
|-start|p1a: Gliscor|Curse|[of] p2a: Mimikyu
|-damage|p2a: Mimikyu|38/100
|move|p1a: Gliscor|Knock Off|p2a: Mimikyu
|-activate|p2a: Mimikyu|ability: Disguise
|-damage|p2a: Mimikyu|38/100
|-enditem|p2a: Mimikyu|Red Card|[from] move: Knock Off|[of] p1a: Gliscor
|detailschange|p2a: Mimikyu|Mimikyu-Busted, F
|-damage|p2a: Mimikyu|26/100|[from] pokemon: Mimikyu-Busted
|
|-damage|p1a: Gliscor|75/100 tox|[from] Curse
|upkeep
|turn|5
|
|t:|1781381144
|switch|p1a: Corviknight|Corviknight, F|100/100
|-damage|p1a: Corviknight|88/100|[from] Stealth Rock
|-ability|p1a: Corviknight|Pressure
|move|p2a: Mimikyu|Destiny Bond|p2a: Mimikyu
|-singlemove|p2a: Mimikyu|Destiny Bond
|
|-heal|p1a: Corviknight|94/100|[from] item: Leftovers
|upkeep
|turn|6
|
|t:|1781381148
|move|p2a: Mimikyu|Curse|p1a: Corviknight
|-start|p1a: Corviknight|Curse|[of] p2a: Mimikyu
|-damage|p2a: Mimikyu|0 fnt
|faint|p2a: Mimikyu
|move|p1a: Corviknight|Defog|p2: Mimikyu|[notarget]
|-fail|p1a: Corviknight
|
|-heal|p1a: Corviknight|100/100|[from] item: Leftovers
|-damage|p1a: Corviknight|75/100|[from] Curse
|upkeep
|
|t:|1781381160
|switch|p2a: Iron Valiant|Iron Valiant|100/100
|-damage|p2a: Iron Valiant|88/100|[from] Spikes
|-enditem|p2a: Iron Valiant|Booster Energy
|-activate|p2a: Iron Valiant|ability: Quark Drive|[fromitem]
|-start|p2a: Iron Valiant|quarkdrivespe
|turn|7
|
|t:|1781381166
|move|p2a: Iron Valiant|Shadow Ball|p1a: Corviknight
|-damage|p1a: Corviknight|47/100
|move|p1a: Corviknight|Defog|p2a: Iron Valiant
|-unboost|p2a: Iron Valiant|evasion|1
|-sideend|p2: omari p|Spikes|[from] move: Defog|[of] p1a: Corviknight
|-sideend|p1: daaferino|Spikes|[from] move: Defog|[of] p1a: Corviknight
|-sideend|p1: daaferino|Stealth Rock|[from] move: Defog|[of] p1a: Corviknight
|
|-heal|p1a: Corviknight|54/100|[from] item: Leftovers
|-damage|p1a: Corviknight|29/100|[from] Curse
|upkeep
|turn|8
|
|t:|1781381171
|switch|p1a: Toxapex|Toxapex, M|100/100
|move|p2a: Iron Valiant|Shadow Ball|p1a: Toxapex
|-damage|p1a: Toxapex|83/100
|
|-heal|p1a: Toxapex|90/100|[from] item: Leftovers
|upkeep
|turn|9
|
|t:|1781381174
|move|p2a: Iron Valiant|Knock Off|p1a: Toxapex
|-damage|p1a: Toxapex|68/100
|-enditem|p1a: Toxapex|Leftovers|[from] move: Knock Off|[of] p2a: Iron Valiant
|move|p1a: Toxapex|Toxic|p2a: Iron Valiant
|-status|p2a: Iron Valiant|tox
|
|-damage|p2a: Iron Valiant|82/100 tox|[from] psn
|upkeep
|turn|10
|
|t:|1781381179
|-end|p2a: Iron Valiant|Quark Drive|[silent]
|switch|p2a: Garchomp|Garchomp, F|100/100
|move|p1a: Toxapex|Toxic Spikes|p2a: Garchomp
|-sidestart|p2: omari p|move: Toxic Spikes
|
|upkeep
|turn|11
|
|t:|1781381181
|move|p2a: Garchomp|Stealth Rock|p1a: Toxapex
|-sidestart|p1: daaferino|move: Stealth Rock
|move|p1a: Toxapex|Toxic|p2a: Garchomp
|-status|p2a: Garchomp|tox
|
|-damage|p2a: Garchomp|94/100 tox|[from] psn
|upkeep
|turn|12
|
|t:|1781381183
|switch|p1a: Corviknight|Corviknight, F|29/100
|-damage|p1a: Corviknight|16/100|[from] Stealth Rock
|-ability|p1a: Corviknight|Pressure
|move|p2a: Garchomp|Earthquake|p1a: Corviknight
|-immune|p1a: Corviknight
|
|-heal|p1a: Corviknight|22/100|[from] item: Leftovers
|-damage|p2a: Garchomp|82/100 tox|[from] psn
|upkeep
|turn|13
|
|t:|1781381192
|move|p2a: Garchomp|Fire Blast|p1a: Corviknight
|-supereffective|p1a: Corviknight
|-damage|p1a: Corviknight|0 fnt
|faint|p1a: Corviknight
|
|-damage|p2a: Garchomp|63/100 tox|[from] psn
|upkeep
|
|t:|1781381198
|switch|p1a: Weezing|Weezing-Galar, M|100/100
|-ability|p1a: Weezing|Neutralizing Gas
|turn|14
|
|t:|1781381202
|-end|p1a: Weezing|ability: Neutralizing Gas
|switch|p1a: Gliscor|Gliscor, F|75/100 tox
|-damage|p1a: Gliscor|63/100 tox|[from] Stealth Rock
|move|p2a: Garchomp|Earthquake|p1a: Gliscor
|-immune|p1a: Gliscor
|
|-damage|p2a: Garchomp|38/100 tox|[from] psn
|-heal|p1a: Gliscor|75/100 tox|[from] ability: Poison Heal
|upkeep
|turn|15
|
|t:|1781381206
|move|p1a: Gliscor|Spikes|p2a: Garchomp
|-sidestart|p2: omari p|Spikes
|move|p2a: Garchomp|Dragon Tail|p1a: Gliscor
|-damage|p1a: Gliscor|56/100 tox
|drag|p1a: Dondozo|Dondozo, M|100/100
|-damage|p1a: Dondozo|88/100|[from] Stealth Rock
|
|-heal|p1a: Dondozo|94/100|[from] item: Leftovers
|-damage|p2a: Garchomp|7/100 tox|[from] psn
|upkeep
|turn|16
|
|t:|1781381212
|switch|p1a: Toxapex|Toxapex, M|100/100
|-damage|p1a: Toxapex|88/100|[from] Stealth Rock
|move|p2a: Garchomp|Dragon Tail|p1a: Toxapex
|-damage|p1a: Toxapex|67/100
|drag|p1a: Dondozo|Dondozo, M|94/100
|-damage|p1a: Dondozo|82/100|[from] Stealth Rock
|
|-heal|p1a: Dondozo|88/100|[from] item: Leftovers
|-damage|p2a: Garchomp|0 fnt|[from] psn
|faint|p2a: Garchomp
|upkeep
|
|t:|1781381215
|switch|p2a: Landorus|Landorus-Therian, M|100/100
|-ability|p2a: Landorus|Intimidate|boost
|-unboost|p1a: Dondozo|atk|1
|turn|17
|-message|omari p forfeited.
|
|win|daaferino
|raw|daaferino's rating: 1476 &rarr; <strong>1501</strong><br />(+25 for winning)
|raw|omari p's rating: 1564 &rarr; <strong>1539</strong><br />(-25 for losing)
|l|☆omari p
|player|p2|
|l|☆daaferino
|player|p1|
