|j|☆PepeNike
|j|☆BlackStar150520
|t:|1781313590
|gametype|singles
|player|p1|PepeNike|266|1616
|player|p2|BlackStar150520|unknown|1742
|gen|9
|tier|[Gen 9] OU
|rated|
|rule|HP Percentage Mod: HP is shown in percentages
|rule|Endless Battle Clause: Forcing endless battles is banned
|rule|Species Clause: Limit one of each Pokémon
|rule|OHKO Clause: OHKO moves are banned
|rule|Evasion Items Clause: Evasion items are banned
|rule|Evasion Moves Clause: Evasion moves are banned
|rule|Evasion Abilities Clause: Evasion abilities are banned
|rule|Sleep Moves Clause: Sleep-inducing moves are banned
|clearpoke
|poke|p1|Kleavor, F|
|poke|p1|Samurott-Hisui, M|
|poke|p1|Gholdengo|
|poke|p1|Ceruledge, M|
|poke|p1|Greninja-*, M|
|poke|p1|Dragapult, M|
|poke|p2|Great Tusk|
|poke|p2|Samurott-Hisui, M|
|poke|p2|Dragapult, F|
|poke|p2|Raging Bolt|
|poke|p2|Kingambit, M|
|poke|p2|Heatran, M|
|teampreview
|inactive|Battle timer is ON: inactive players will automatically lose when time's up. (requested by BlackStar150520)
|inactive|PepeNike also wants the timer to be on.
|
|t:|1781313600
|teamsize|p1|6
|teamsize|p2|6
|start
|switch|p1a: Kleavor|Kleavor, F|100/100
|switch|p2a: Zanpakuto|Samurott-Hisui, M|100/100
|turn|1
|
|t:|1781313609
|move|p2a: Zanpakuto|Aqua Cutter|p1a: Kleavor
|-supereffective|p1a: Kleavor
|-crit|p1a: Kleavor
|-enditem|p1a: Kleavor|Focus Sash
|-damage|p1a: Kleavor|1/100
|move|p1a: Kleavor|Stone Axe|p2a: Zanpakuto
|-damage|p2a: Zanpakuto|29/100
|-sidestart|p2: BlackStar150520|move: Stealth Rock
|
|upkeep
|turn|2
|
|t:|1781313623
|switch|p1a: Samurott|Samurott-Hisui, M|100/100
|move|p2a: Zanpakuto|Aqua Cutter|p1a: Samurott
|-resisted|p1a: Samurott
|-damage|p1a: Samurott|73/100
|
|upkeep
|turn|3
|
|t:|1781313627
|switch|p2a: Mega Donphan|Great Tusk|100/100
|move|p1a: Samurott|Ceaseless Edge|p2a: Mega Donphan
|-resisted|p2a: Mega Donphan
|-damage|p2a: Mega Donphan|80/100
|-sidestart|p2: BlackStar150520|Spikes
|
|upkeep
|turn|4
|
|t:|1781313632
|switch|p1a: Gholdengo|Gholdengo|100/100
|-item|p1a: Gholdengo|Air Balloon
|move|p2a: Mega Donphan|Stealth Rock|p1a: Gholdengo
|-sidestart|p1: PepeNike|move: Stealth Rock
|
|upkeep
|turn|5
|
|t:|1781313639
|-end|p2a: Mega Donphan|Protosynthesis|[silent]
|switch|p2a: ❤️‍🔥|Heatran, M, shiny|100/100
|-damage|p2a: ❤️‍🔥|88/100|[from] Stealth Rock
|-damage|p2a: ❤️‍🔥|76/100|[from] Spikes
|move|p1a: Gholdengo|Make It Rain|p2a: ❤️‍🔥
|-resisted|p2a: ❤️‍🔥
|-damage|p2a: ❤️‍🔥|64/100
|-unboost|p1a: Gholdengo|spa|1
|
|-heal|p2a: ❤️‍🔥|70/100|[from] item: Leftovers
|upkeep
|turn|6
|
|t:|1781313646
|switch|p1a: Kleavor|Kleavor, F|1/100
|-damage|p1a: Kleavor|0 fnt|[from] Stealth Rock
|faint|p1a: Kleavor
|move|p2a: ❤️‍🔥|Magma Storm|p1: Kleavor|[notarget]
|-fail|p2a: ❤️‍🔥
|
|-heal|p2a: ❤️‍🔥|76/100|[from] item: Leftovers
|upkeep
|
|t:|1781313647
|switch|p1a: Samurott|Samurott-Hisui, M|73/100
|-damage|p1a: Samurott|60/100|[from] Stealth Rock
|turn|7
|j| nesnot
|
|t:|1781313650
|move|p2a: ❤️‍🔥|Protect|p2a: ❤️‍🔥
|-singleturn|p2a: ❤️‍🔥|Protect
|move|p1a: Samurott|Ceaseless Edge|p2a: ❤️‍🔥
|-activate|p2a: ❤️‍🔥|move: Protect
|
|-heal|p2a: ❤️‍🔥|83/100|[from] item: Leftovers
|upkeep
|turn|8
|
|t:|1781313658
|switch|p2a: Mega Donphan|Great Tusk|80/100
|move|p1a: Samurott|Ceaseless Edge|p2a: Mega Donphan
|-resisted|p2a: Mega Donphan
|-damage|p2a: Mega Donphan|61/100
|-sidestart|p2: BlackStar150520|Spikes
|
|upkeep
|turn|9
|
|t:|1781313668
|switch|p1a: Gholdengo|Gholdengo|100/100
|-damage|p1a: Gholdengo|94/100|[from] Stealth Rock
|-item|p1a: Gholdengo|Air Balloon
|move|p2a: Mega Donphan|Ice Spinner|p1a: Gholdengo
|-resisted|p1a: Gholdengo
|-damage|p1a: Gholdengo|86/100
|-enditem|p1a: Gholdengo|Air Balloon
|
|upkeep
|turn|10
|
|t:|1781313671
|move|p2a: Mega Donphan|Headlong Rush|p1a: Gholdengo
|-supereffective|p1a: Gholdengo
|-damage|p1a: Gholdengo|3/100
|-unboost|p2a: Mega Donphan|def|1
|-unboost|p2a: Mega Donphan|spd|1
|move|p1a: Gholdengo|Make It Rain|p2a: Mega Donphan
|-damage|p2a: Mega Donphan|0 fnt
|-unboost|p1a: Gholdengo|spa|1
|faint|p2a: Mega Donphan
|-end|p2a: Mega Donphan|Protosynthesis|[silent]
|
|upkeep
|
|t:|1781313680
|switch|p2a: DraGhost|Dragapult, F|100/100
|-damage|p2a: DraGhost|88/100|[from] Stealth Rock
|-damage|p2a: DraGhost|72/100|[from] Spikes
|turn|11
|
|t:|1781313687
|move|p2a: DraGhost|Hex|p1a: Gholdengo
|-supereffective|p1a: Gholdengo
|-damage|p1a: Gholdengo|0 fnt
|faint|p1a: Gholdengo
|
|-heal|p2a: DraGhost|78/100|[from] item: Leftovers
|upkeep
|
|t:|1781313689
|switch|p1a: Samurott|Samurott-Hisui, M|60/100
|-damage|p1a: Samurott|48/100|[from] Stealth Rock
|turn|12
|
|t:|1781313695
|switch|p2a: Zanpakuto|Samurott-Hisui, M|29/100
|-damage|p2a: Zanpakuto|17/100|[from] Stealth Rock
|-damage|p2a: Zanpakuto|0 fnt|[from] Spikes
|faint|p2a: Zanpakuto
|move|p1a: Samurott|Ceaseless Edge|p2: Zanpakuto|[notarget]
|-fail|p1a: Samurott
|
|upkeep
|
|t:|1781313698
|switch|p2a: ⚡️|Raging Bolt|100/100
|-damage|p2a: ⚡️|88/100|[from] Stealth Rock
|-damage|p2a: ⚡️|71/100|[from] Spikes
|turn|13
|
|t:|1781313705
|switch|p1a: Dragapult|Dragapult, M|100/100
|-damage|p1a: Dragapult|88/100|[from] Stealth Rock
|move|p2a: ⚡️|Thunderclap||[still]
|-fail|p2a: ⚡️
|
|-heal|p2a: ⚡️|78/100|[from] item: Leftovers
|upkeep
|turn|14
|
|t:|1781313708
|-end|p2a: ⚡️|Protosynthesis|[silent]
|switch|p2a: ❤️‍🔥|Heatran, M, shiny|83/100
|-damage|p2a: ❤️‍🔥|70/100|[from] Stealth Rock
|-damage|p2a: ❤️‍🔥|54/100|[from] Spikes
|move|p1a: Dragapult|Dragon Darts|p2a: ❤️‍🔥
|-resisted|p2a: ❤️‍🔥
|-damage|p2a: ❤️‍🔥|35/100
|-anim|p1a: Dragapult|Dragon Darts|p2a: ❤️‍🔥
|-resisted|p2a: ❤️‍🔥
|-damage|p2a: ❤️‍🔥|17/100
|
|-heal|p2a: ❤️‍🔥|24/100|[from] item: Leftovers
|upkeep
|turn|15
|
|t:|1781313717
|move|p1a: Dragapult|Dragon Darts|p2a: ❤️‍🔥
|-resisted|p2a: ❤️‍🔥
|-damage|p2a: ❤️‍🔥|5/100
|-anim|p1a: Dragapult|Dragon Darts|p2a: ❤️‍🔥
|-resisted|p2a: ❤️‍🔥
|-damage|p2a: ❤️‍🔥|0 fnt
|faint|p2a: ❤️‍🔥
|
|upkeep
|
|t:|1781313720
|switch|p2a: Sosuke Aizen🗡️|Kingambit, M, shiny|100/100
|-damage|p2a: Sosuke Aizen🗡️|94/100|[from] Stealth Rock
|-damage|p2a: Sosuke Aizen🗡️|78/100|[from] Spikes
|-activate|p2a: Sosuke Aizen🗡️|ability: Supreme Overlord
|-start|p2a: Sosuke Aizen🗡️|fallen3|[silent]
|turn|16
|
|t:|1781313728
|switch|p1a: Samurott|Samurott-Hisui, M|48/100
|-damage|p1a: Samurott|36/100|[from] Stealth Rock
|move|p2a: Sosuke Aizen🗡️|Iron Head|p1a: Samurott
|-resisted|p1a: Samurott
|-damage|p1a: Samurott|6/100
|
|-heal|p2a: Sosuke Aizen🗡️|84/100|[from] item: Leftovers
|upkeep
|turn|17
|
|t:|1781313732
|move|p2a: Sosuke Aizen🗡️|Sucker Punch||[still]
|-fail|p2a: Sosuke Aizen🗡️
|move|p1a: Samurott|Taunt|p2a: Sosuke Aizen🗡️
|-start|p2a: Sosuke Aizen🗡️|move: Taunt
|
|-heal|p2a: Sosuke Aizen🗡️|90/100|[from] item: Leftovers
|upkeep
|turn|18
|
|t:|1781313738
|move|p1a: Samurott|Sucker Punch|p2a: Sosuke Aizen🗡️
|-resisted|p2a: Sosuke Aizen🗡️
|-damage|p2a: Sosuke Aizen🗡️|74/100
|move|p2a: Sosuke Aizen🗡️|Iron Head|p1a: Samurott
|-resisted|p1a: Samurott
|-damage|p1a: Samurott|0 fnt
|faint|p1a: Samurott
|
|-heal|p2a: Sosuke Aizen🗡️|80/100|[from] item: Leftovers
|upkeep
|
|t:|1781313753
|switch|p1a: Greninja|Greninja, M|100/100
|-damage|p1a: Greninja|88/100|[from] Stealth Rock
|turn|19
|
|t:|1781313756
|-terastallize|p1a: Greninja|Water
|move|p1a: Greninja|Surf|p2a: Sosuke Aizen🗡️
|-damage|p2a: Sosuke Aizen🗡️|0 fnt
|faint|p2a: Sosuke Aizen🗡️
|-end|p2a: Sosuke Aizen🗡️|fallen3|[silent]
|-ability|p1a: Greninja|Battle Bond|boost
|-boost|p1a: Greninja|atk|1
|-boost|p1a: Greninja|spa|1
|-boost|p1a: Greninja|spe|1
|-activate|p1a: Greninja|ability: Battle Bond
|-damage|p1a: Greninja|78/100|[from] item: Life Orb
|
|upkeep
|
|t:|1781313763
|switch|p2a: ⚡️|Raging Bolt|78/100
|-damage|p2a: ⚡️|65/100|[from] Stealth Rock
|-damage|p2a: ⚡️|48/100|[from] Spikes
|turn|20
|
|t:|1781313769
|move|p1a: Greninja|Water Shuriken|p2a: ⚡️
|-resisted|p2a: ⚡️
|-damage|p2a: ⚡️|40/100
|-resisted|p2a: ⚡️
|-damage|p2a: ⚡️|30/100
|-hitcount|p2a: ⚡️|2
|-damage|p1a: Greninja|69/100|[from] item: Life Orb
|move|p2a: ⚡️|Thunderclap||[still]
|-fail|p2a: ⚡️
|
|-heal|p2a: ⚡️|36/100|[from] item: Leftovers
|upkeep
|turn|21
|
|t:|1781313777
|move|p1a: Greninja|Water Shuriken|p2a: ⚡️
|-resisted|p2a: ⚡️
|-damage|p2a: ⚡️|26/100
|-resisted|p2a: ⚡️
|-damage|p2a: ⚡️|16/100
|-resisted|p2a: ⚡️
|-damage|p2a: ⚡️|6/100
|-hitcount|p2a: ⚡️|3
|-damage|p1a: Greninja|59/100|[from] item: Life Orb
|move|p2a: ⚡️|Thunderbolt|p1a: Greninja
|-supereffective|p1a: Greninja
|-damage|p1a: Greninja|0 fnt
|faint|p1a: Greninja
|
|-heal|p2a: ⚡️|12/100|[from] item: Leftovers
|upkeep
|-message|BlackStar150520 forfeited.
|
|win|PepeNike
|raw|PepeNike's rating: 1616 &rarr; <strong>1643</strong><br />(+27 for winning)
|raw|BlackStar150520's rating: 1742 &rarr; <strong>1715</strong><br />(-27 for losing)
|l|☆BlackStar150520
|player|p2|
|l|☆PepeNike
|player|p1|
