|j|☆saxafrax
|j|☆SincereSarje
|t:|1781025682
|gametype|singles
|player|p1|saxafrax|dancer|1596
|player|p2|SincereSarje|morty-masters3|1637
|gen|9
|tier|[Gen 9] OU
|rated|
|rule|HP Percentage Mod: HP is shown in percentages
|rule|Endless Battle Clause: Forcing endless battles is banned
|rule|Species Clause: Limit one of each Pokémon
|rule|OHKO Clause: OHKO moves are banned
|rule|Evasion Items Clause: Evasion items are banned
|rule|Evasion Moves Clause: Evasion moves are banned
|rule|Evasion Abilities Clause: Evasion abilities are banned
|rule|Sleep Moves Clause: Sleep-inducing moves are banned
|clearpoke
|poke|p1|Araquanid, F|
|poke|p1|Ceruledge, F|
|poke|p1|Enamorus, F|
|poke|p1|Iron Treads|
|poke|p1|Kingambit, M|
|poke|p1|Pecharunt|
|poke|p2|Weavile, M|
|poke|p2|Pecharunt|
|poke|p2|Ting-Lu|
|poke|p2|Walking Wake|
|poke|p2|Gholdengo|
|poke|p2|Gliscor, F|
|teampreview
|inactive|Battle timer is ON: inactive players will automatically lose when time's up. (requested by SincereSarje)
|l|☆SincereSarje
|inactive|SincereSarje disconnected and has a minute to reconnect!
|player|p2|
|j|☆SincereSarje
|inactive|SincereSarje reconnected and has 135 seconds left.
|player|p2|SincereSarje|morty-masters3|
|
|t:|1781025703
|teamsize|p1|6
|teamsize|p2|6
|start
|switch|p1a: Enamorus|Enamorus, F|100/100
|switch|p2a: Pecharunt|Pecharunt|100/100
|turn|1
|
|t:|1781025718
|switch|p1a: Iron Treads|Iron Treads|100/100
|-enditem|p1a: Iron Treads|Booster Energy
|-activate|p1a: Iron Treads|ability: Quark Drive|[fromitem]
|-start|p1a: Iron Treads|quarkdrivespe
|switch|p2a: Gliscor|Gliscor, F|100/100
|
|-status|p2a: Gliscor|tox|[from] item: Toxic Orb
|upkeep
|turn|2
|
|t:|1781025744
|switch|p2a: Ting-Lu|Ting-Lu|100/100
|-ability|p2a: Ting-Lu|Vessel of Ruin
|move|p1a: Iron Treads|Stealth Rock|p2a: Ting-Lu
|-sidestart|p2: SincereSarje|move: Stealth Rock
|
|upkeep
|turn|3
|
|t:|1781025753
|-end|p1a: Iron Treads|Quark Drive|[silent]
|switch|p1a: Enamorus|Enamorus, F|100/100
|move|p2a: Ting-Lu|Stealth Rock|p1a: Enamorus
|-sidestart|p1: saxafrax|move: Stealth Rock
|
|upkeep
|turn|4
|
|t:|1781025757
|switch|p2a: Gliscor|Gliscor, F|100/100 tox
|-damage|p2a: Gliscor|88/100 tox|[from] Stealth Rock
|move|p1a: Enamorus|Moonblast|p2a: Gliscor
|-damage|p2a: Gliscor|15/100 tox
|
|-heal|p2a: Gliscor|27/100 tox|[from] ability: Poison Heal
|upkeep
|turn|5
|
|t:|1781025767
|move|p2a: Gliscor|Protect|p2a: Gliscor
|-singleturn|p2a: Gliscor|Protect
|move|p1a: Enamorus|Moonblast|p2a: Gliscor
|-activate|p2a: Gliscor|move: Protect
|
|-heal|p2a: Gliscor|40/100 tox|[from] ability: Poison Heal
|upkeep
|turn|6
|
|t:|1781025775
|switch|p2a: Gholdengo|Gholdengo|100/100
|-damage|p2a: Gholdengo|94/100|[from] Stealth Rock
|move|p1a: Enamorus|Moonblast|p2a: Gholdengo
|-resisted|p2a: Gholdengo
|-damage|p2a: Gholdengo|44/100
|
|upkeep
|turn|7
|
|t:|1781025782
|switch|p1a: Iron Treads|Iron Treads|100/100
|-damage|p1a: Iron Treads|97/100|[from] Stealth Rock
|move|p2a: Gholdengo|Focus Blast|p1a: Iron Treads
|-supereffective|p1a: Iron Treads
|-damage|p1a: Iron Treads|0 fnt
|faint|p1a: Iron Treads
|-end|p1a: Iron Treads|Quark Drive|[silent]
|
|upkeep
|
|t:|1781025792
|switch|p1a: Araquanid|Araquanid, F|100/100
|-damage|p1a: Araquanid|75/100|[from] Stealth Rock
|turn|8
|
|t:|1781025797
|switch|p2a: Gliscor|Gliscor, F|40/100 tox
|-damage|p2a: Gliscor|27/100 tox|[from] Stealth Rock
|move|p1a: Araquanid|Sticky Web|p2a: Gliscor
|-sidestart|p2: SincereSarje|move: Sticky Web
|
|-heal|p2a: Gliscor|40/100 tox|[from] ability: Poison Heal
|upkeep
|turn|9
|
|t:|1781025803
|move|p2a: Gliscor|Protect|p2a: Gliscor
|-singleturn|p2a: Gliscor|Protect
|move|p1a: Araquanid|Surf|p2a: Gliscor
|-activate|p2a: Gliscor|move: Protect
|
|-heal|p2a: Gliscor|52/100 tox|[from] ability: Poison Heal
|upkeep
|turn|10
|
|t:|1781025821
|-terastallize|p2a: Gliscor|Water
|move|p2a: Gliscor|Spikes|p1a: Araquanid
|-sidestart|p1: saxafrax|Spikes
|move|p1a: Araquanid|Surf|p2a: Gliscor
|-resisted|p2a: Gliscor
|-damage|p2a: Gliscor|28/100 tox
|
|-heal|p2a: Gliscor|40/100 tox|[from] ability: Poison Heal
|upkeep
|turn|11
|
|t:|1781025833
|switch|p1a: Enamorus|Enamorus, F|100/100
|-damage|p1a: Enamorus|76/100|[from] Stealth Rock
|move|p2a: Gliscor|Spikes|p1a: Enamorus
|-sidestart|p1: saxafrax|Spikes
|
|-heal|p2a: Gliscor|53/100 tox|[from] ability: Poison Heal
|upkeep
|turn|12
|
|t:|1781025839
|move|p2a: Gliscor|Protect|p2a: Gliscor
|-singleturn|p2a: Gliscor|Protect
|move|p1a: Enamorus|Moonblast|p2a: Gliscor
|-activate|p2a: Gliscor|move: Protect
|
|-heal|p2a: Gliscor|65/100 tox|[from] ability: Poison Heal
|upkeep
|turn|13
|
|t:|1781025849
|move|p1a: Enamorus|Moonblast|p2a: Gliscor
|-damage|p2a: Gliscor|0 fnt
|faint|p2a: Gliscor
|
|upkeep
|
|t:|1781025856
|switch|p2a: Weavile|Weavile, M|100/100
|-ability|p2a: Weavile|Pressure
|turn|14
|
|t:|1781025883
|switch|p1a: Araquanid|Araquanid, F|75/100
|-damage|p1a: Araquanid|50/100|[from] Stealth Rock
|-damage|p1a: Araquanid|34/100|[from] Spikes
|move|p2a: Weavile|Swords Dance|p2a: Weavile
|-boost|p2a: Weavile|atk|2
|
|upkeep
|turn|15
|
|t:|1781025894
|move|p1a: Araquanid|Endure|p1a: Araquanid
|-singleturn|p1a: Araquanid|move: Endure
|move|p2a: Weavile|Knock Off|p1a: Araquanid
|-activate|p1a: Araquanid|move: Endure
|-damage|p1a: Araquanid|1/100
|-enditem|p1a: Araquanid|Custap Berry|[from] move: Knock Off|[of] p2a: Weavile
|
|upkeep
|turn|16
|
|t:|1781025902
|move|p2a: Weavile|Knock Off|p1a: Araquanid
|-damage|p1a: Araquanid|0 fnt
|faint|p1a: Araquanid
|
|upkeep
|inactive|saxafrax has 120 seconds left.
|
|t:|1781025917
|switch|p1a: Kingambit|Kingambit, M|100/100
|-damage|p1a: Kingambit|94/100|[from] Stealth Rock
|-damage|p1a: Kingambit|78/100|[from] Spikes
|-activate|p1a: Kingambit|ability: Supreme Overlord
|-start|p1a: Kingambit|fallen2|[silent]
|turn|17
|
|t:|1781025923
|switch|p2a: Pecharunt|Pecharunt|100/100
|move|p1a: Kingambit|Iron Head|p2a: Pecharunt
|-crit|p2a: Pecharunt
|-damage|p2a: Pecharunt|51/100
|
|upkeep
|turn|18
|
|t:|1781025929
|move|p2a: Pecharunt|Parting Shot|p1a: Kingambit
|-unboost|p1a: Kingambit|atk|1
|-unboost|p1a: Kingambit|spa|1
|
|t:|1781025932
|switch|p2a: Ting-Lu|Ting-Lu|100/100|[from] Parting Shot
|-damage|p2a: Ting-Lu|94/100|[from] Stealth Rock
|-activate|p2a: Ting-Lu|move: Sticky Web
|-unboost|p2a: Ting-Lu|spe|1
|-ability|p2a: Ting-Lu|Vessel of Ruin
|move|p1a: Kingambit|Kowtow Cleave|p2a: Ting-Lu
|-resisted|p2a: Ting-Lu
|-damage|p2a: Ting-Lu|81/100
|-damage|p1a: Kingambit|61/100|[from] item: Rocky Helmet|[of] p2a: Ting-Lu
|
|upkeep
|turn|19
|
|t:|1781025941
|-end|p1a: Kingambit|fallen2|[silent]
|switch|p1a: Enamorus|Enamorus, F|76/100
|-damage|p1a: Enamorus|51/100|[from] Stealth Rock
|move|p2a: Ting-Lu|Whirlwind|p1a: Enamorus
|drag|p1a: Ceruledge|Ceruledge, F|100/100
|-damage|p1a: Ceruledge|76/100|[from] Stealth Rock
|-damage|p1a: Ceruledge|59/100|[from] Spikes
|
|upkeep
|turn|20
|
|t:|1781025954
|switch|p1a: Enamorus|Enamorus, F|51/100
|-damage|p1a: Enamorus|26/100|[from] Stealth Rock
|move|p2a: Ting-Lu|Whirlwind|p1a: Enamorus
|drag|p1a: Pecharunt|Pecharunt|100/100
|-damage|p1a: Pecharunt|88/100|[from] Stealth Rock
|-item|p1a: Pecharunt|Air Balloon
|
|upkeep
|turn|21
|
|t:|1781025962
|move|p1a: Pecharunt|Malignant Chain|p2a: Ting-Lu
|-resisted|p2a: Ting-Lu
|-damage|p2a: Ting-Lu|71/100
|move|p2a: Ting-Lu|Ruination|p1a: Pecharunt
|-damage|p1a: Pecharunt|44/100
|-enditem|p1a: Pecharunt|Air Balloon
|
|upkeep
|turn|22
|
|t:|1781025969
|move|p1a: Pecharunt|Malignant Chain|p2a: Ting-Lu
|-resisted|p2a: Ting-Lu
|-damage|p2a: Ting-Lu|62/100
|move|p2a: Ting-Lu|Whirlwind|p1a: Pecharunt
|drag|p1a: Ceruledge|Ceruledge, F|59/100
|-damage|p1a: Ceruledge|34/100|[from] Stealth Rock
|-damage|p1a: Ceruledge|18/100|[from] Spikes
|
|upkeep
|turn|23
|
|t:|1781025978
|move|p1a: Ceruledge|Close Combat|p2a: Ting-Lu
|-supereffective|p2a: Ting-Lu
|-damage|p2a: Ting-Lu|2/100
|-unboost|p1a: Ceruledge|def|1
|-unboost|p1a: Ceruledge|spd|1
|-damage|p1a: Ceruledge|1/100|[from] item: Rocky Helmet|[of] p2a: Ting-Lu
|-damage|p1a: Ceruledge|0 fnt|[from] item: Life Orb
|faint|p1a: Ceruledge
|move|p2a: Ting-Lu|Whirlwind|p1: Ceruledge|[notarget]
|-fail|p2a: Ting-Lu
|
|upkeep
|
|t:|1781025985
|switch|p1a: Pecharunt|Pecharunt|44/100
|-damage|p1a: Pecharunt|32/100|[from] Stealth Rock
|-damage|p1a: Pecharunt|16/100|[from] Spikes
|turn|24
|
|t:|1781025997
|move|p1a: Pecharunt|Malignant Chain|p2a: Ting-Lu
|-resisted|p2a: Ting-Lu
|-damage|p2a: Ting-Lu|0 fnt
|faint|p2a: Ting-Lu
|
|upkeep
|
|t:|1781025998
|switch|p2a: Pecharunt|Pecharunt|51/100
|turn|25
|
|t:|1781026001
|move|p1a: Pecharunt|Shadow Ball|p2a: Pecharunt
|-supereffective|p2a: Pecharunt
|-damage|p2a: Pecharunt|0 fnt
|faint|p2a: Pecharunt
|
|upkeep
|
|t:|1781026012
|switch|p2a: Walking Wake|Walking Wake|100/100
|turn|26
|
|t:|1781026023
|move|p2a: Walking Wake|Surf|p1a: Pecharunt
|-damage|p1a: Pecharunt|0 fnt
|faint|p1a: Pecharunt
|
|upkeep
|
|t:|1781026029
|switch|p1a: Enamorus|Enamorus, F|26/100
|-damage|p1a: Enamorus|1/100|[from] Stealth Rock
|turn|27
|
|t:|1781026033
|move|p2a: Walking Wake|Flip Turn|p1a: Enamorus
|-damage|p1a: Enamorus|0 fnt
|faint|p1a: Enamorus
|
|t:|1781026035
|-end|p2a: Walking Wake|Protosynthesis|[silent]
|switch|p2a: Gholdengo|Gholdengo|44/100|[from] Flip Turn
|-damage|p2a: Gholdengo|38/100|[from] Stealth Rock
|-activate|p2a: Gholdengo|move: Sticky Web
|-unboost|p2a: Gholdengo|spe|1
|
|upkeep
|
|t:|1781026038
|switch|p1a: Kingambit|Kingambit, M|61/100
|-damage|p1a: Kingambit|55/100|[from] Stealth Rock
|-damage|p1a: Kingambit|39/100|[from] Spikes
|-activate|p1a: Kingambit|ability: Supreme Overlord
|-start|p1a: Kingambit|fallen5|[silent]
|turn|28
|
|t:|1781026049
|move|p1a: Kingambit|Sucker Punch||[still]
|-fail|p1a: Kingambit
|move|p2a: Gholdengo|Trick|p1a: Kingambit
|-activate|p2a: Gholdengo|move: Trick|[of] p1a: Kingambit
|-item|p1a: Kingambit|Choice Scarf|[from] move: Trick
|-item|p2a: Gholdengo|Black Glasses|[from] move: Trick
|
|upkeep
|turn|29
|
|t:|1781026060
|move|p1a: Kingambit|Kowtow Cleave|p2a: Gholdengo
|-supereffective|p2a: Gholdengo
|-damage|p2a: Gholdengo|0 fnt
|faint|p2a: Gholdengo
|
|upkeep
|
|t:|1781026062
|switch|p2a: Walking Wake|Walking Wake|100/100
|turn|30
|
|t:|1781026064
|move|p2a: Walking Wake|Surf|p1a: Kingambit
|-damage|p1a: Kingambit|0 fnt
|faint|p1a: Kingambit
|-end|p1a: Kingambit|fallen5|[silent]
|
|win|SincereSarje
|raw|saxafrax's rating: 1596 &rarr; <strong>1578</strong><br />(-18 for losing)
|raw|SincereSarje's rating: 1637 &rarr; <strong>1655</strong><br />(+18 for winning)
|l|☆saxafrax
|player|p1|
