|j|☆ridlostar
|j|☆1200s chud
|t:|1780948889
|gametype|singles
|player|p1|ridlostar|hilbert|1657
|player|p2|1200s chud|preschooler|1691
|gen|9
|tier|[Gen 9] OU
|rated|
|rule|HP Percentage Mod: HP is shown in percentages
|rule|Endless Battle Clause: Forcing endless battles is banned
|rule|Species Clause: Limit one of each Pokémon
|rule|OHKO Clause: OHKO moves are banned
|rule|Evasion Items Clause: Evasion items are banned
|rule|Evasion Moves Clause: Evasion moves are banned
|rule|Evasion Abilities Clause: Evasion abilities are banned
|rule|Sleep Moves Clause: Sleep-inducing moves are banned
|clearpoke
|poke|p1|Toedscruel, M|
|poke|p1|Darkrai|
|poke|p1|Cresselia, F|
|poke|p1|Clodsire, M|
|poke|p1|Dragonite, M|
|poke|p1|Alomomola, F|
|poke|p2|Iron Thorns|
|poke|p2|Ribombee, F|
|poke|p2|Gholdengo|
|poke|p2|Quaquaval, F|
|poke|p2|Ceruledge, F|
|poke|p2|Ursaluna, M|
|teampreview
|inactive|Battle timer is ON: inactive players will automatically lose when time's up. (requested by 1200s chud)
|inactive|1200s chud has 120 seconds left.
|
|t:|1780948944
|teamsize|p1|6
|teamsize|p2|6
|start
|switch|p1a: Squidward?|Toedscruel, M|100/100
|switch|p2a: SupremeClientele|Ribombee, F|100/100
|turn|1
|
|t:|1780948951
|move|p2a: SupremeClientele|Stun Spore|p1a: Squidward?
|-immune|p1a: Squidward?
|move|p1a: Squidward?|Toxic|p2a: SupremeClientele
|-status|p2a: SupremeClientele|tox
|
|-damage|p2a: SupremeClientele|94/100 tox|[from] psn
|upkeep
|turn|2
|
|t:|1780948974
|move|p2a: SupremeClientele|Sticky Web|p1a: Squidward?
|-sidestart|p1: ridlostar|move: Sticky Web
|move|p1a: Squidward?|Rapid Spin|p2a: SupremeClientele
|-damage|p2a: SupremeClientele|79/100 tox
|-boost|p1a: Squidward?|spe|1
|-sideend|p1: ridlostar|Sticky Web|[from] move: Rapid Spin|[of] p1a: Squidward?
|
|-damage|p2a: SupremeClientele|67/100 tox|[from] psn
|upkeep
|turn|3
|
|t:|1780948987
|move|p1a: Squidward?|Earth Power|p2a: SupremeClientele
|-resisted|p2a: SupremeClientele
|-damage|p2a: SupremeClientele|36/100 tox
|move|p2a: SupremeClientele|Sticky Web|p1a: Squidward?
|-sidestart|p1: ridlostar|move: Sticky Web
|
|-damage|p2a: SupremeClientele|18/100 tox|[from] psn
|upkeep
|turn|4
|
|t:|1780948994
|switch|p2a: AintCaughtThePlot|Gholdengo|100/100
|move|p1a: Squidward?|Giga Drain|p2a: AintCaughtThePlot
|-resisted|p2a: AintCaughtThePlot
|-damage|p2a: AintCaughtThePlot|84/100
|
|upkeep
|turn|5
|
|t:|1780949000
|switch|p2a: HighOffDaPack|Ceruledge, F|100/100
|-item|p2a: HighOffDaPack|Air Balloon
|move|p1a: Squidward?|Giga Drain|p2a: HighOffDaPack
|-resisted|p2a: HighOffDaPack
|-damage|p2a: HighOffDaPack|84/100
|-enditem|p2a: HighOffDaPack|Air Balloon
|
|upkeep
|turn|6
|
|t:|1780949006
|move|p1a: Squidward?|Earth Power|p2a: HighOffDaPack
|-supereffective|p2a: HighOffDaPack
|-damage|p2a: HighOffDaPack|0 fnt
|faint|p2a: HighOffDaPack
|
|upkeep
|
|t:|1780949010
|switch|p2a: RomeBeenSteppin|Quaquaval, F|100/100
|turn|7
|
|t:|1780949030
|switch|p1a: Fair and Balanced|Alomomola, F|100/100
|move|p2a: RomeBeenSteppin|Close Combat|p1a: Fair and Balanced
|-damage|p1a: Fair and Balanced|37/100
|-unboost|p2a: RomeBeenSteppin|def|1
|-unboost|p2a: RomeBeenSteppin|spd|1
|-damage|p2a: RomeBeenSteppin|91/100|[from] item: Life Orb
|
|upkeep
|turn|8
|
|t:|1780949040
|switch|p1a: him|Dragonite, M|100/100
|move|p2a: RomeBeenSteppin|Close Combat|p1a: him
|-resisted|p1a: him
|-damage|p1a: him|77/100
|-unboost|p2a: RomeBeenSteppin|def|1
|-unboost|p2a: RomeBeenSteppin|spd|1
|-damage|p2a: RomeBeenSteppin|81/100|[from] item: Life Orb
|
|-heal|p1a: him|83/100|[from] item: Leftovers
|upkeep
|turn|9
|
|t:|1780949048
|-terastallize|p2a: RomeBeenSteppin|Ghost
|move|p1a: him|Dragon Dance|p1a: him
|-boost|p1a: him|atk|1
|-boost|p1a: him|spe|1
|move|p2a: RomeBeenSteppin|Triple Axel|p1a: him
|-supereffective|p1a: him
|-damage|p1a: him|43/100
|-supereffective|p1a: him
|-damage|p1a: him|0 fnt
|faint|p1a: him
|-ability|p2a: RomeBeenSteppin|Moxie|boost
|-boost|p2a: RomeBeenSteppin|atk|1
|-hitcount|p1: him|2
|-damage|p2a: RomeBeenSteppin|71/100|[from] item: Life Orb
|
|upkeep
|
|t:|1780949076
|switch|p1a: Fair and Balanced|Alomomola, F|70/100
|turn|10
|
|t:|1780949096
|move|p2a: RomeBeenSteppin|Close Combat|p1a: Fair and Balanced
|-damage|p1a: Fair and Balanced|0 fnt
|-unboost|p2a: RomeBeenSteppin|def|1
|-unboost|p2a: RomeBeenSteppin|spd|1
|faint|p1a: Fair and Balanced
|-ability|p2a: RomeBeenSteppin|Moxie|boost
|-boost|p2a: RomeBeenSteppin|atk|1
|-damage|p2a: RomeBeenSteppin|61/100|[from] item: Life Orb
|
|upkeep
|
|t:|1780949103
|switch|p1a: Big Man|Clodsire, M|100/100
|-activate|p1a: Big Man|move: Sticky Web
|-unboost|p1a: Big Man|spe|1
|turn|11
|
|t:|1780949107
|move|p2a: RomeBeenSteppin|Triple Axel|p1a: Big Man
|-supereffective|p1a: Big Man
|-damage|p1a: Big Man|86/100
|-hitcount|p1a: Big Man|1
|-damage|p2a: RomeBeenSteppin|51/100|[from] item: Life Orb
|move|p1a: Big Man|Stockpile|p1a: Big Man
|-start|p1a: Big Man|stockpile1
|-boost|p1a: Big Man|def|1
|-boost|p1a: Big Man|spd|1
|
|-heal|p1a: Big Man|93/100|[from] item: Leftovers
|upkeep
|turn|12
|
|t:|1780949126
|move|p2a: RomeBeenSteppin|Triple Axel|p1a: Big Man
|-supereffective|p1a: Big Man
|-damage|p1a: Big Man|84/100
|-supereffective|p1a: Big Man
|-damage|p1a: Big Man|64/100
|-supereffective|p1a: Big Man
|-damage|p1a: Big Man|37/100
|-hitcount|p1a: Big Man|3
|-damage|p2a: RomeBeenSteppin|41/100|[from] item: Life Orb
|move|p1a: Big Man|Toxic|p2a: RomeBeenSteppin
|-status|p2a: RomeBeenSteppin|tox
|
|-heal|p1a: Big Man|43/100|[from] item: Leftovers
|-damage|p2a: RomeBeenSteppin|35/100 tox|[from] psn
|upkeep
|turn|13
|
|t:|1780949131
|-terastallize|p1a: Big Man|Dark
|move|p2a: RomeBeenSteppin|Triple Axel|p1a: Big Man|[miss]
|-miss|p2a: RomeBeenSteppin|p1a: Big Man
|move|p1a: Big Man|Recover|p1a: Big Man
|-heal|p1a: Big Man|93/100
|
|-heal|p1a: Big Man|99/100|[from] item: Leftovers
|-damage|p2a: RomeBeenSteppin|22/100 tox|[from] psn
|upkeep
|turn|14
|
|t:|1780949141
|switch|p1a: why|Cresselia, F, shiny|100/100
|move|p2a: RomeBeenSteppin|Close Combat|p1a: why
|-resisted|p1a: why
|-damage|p1a: why|60/100
|-unboost|p2a: RomeBeenSteppin|def|1
|-unboost|p2a: RomeBeenSteppin|spd|1
|-damage|p2a: RomeBeenSteppin|12/100 tox|[from] item: Life Orb
|
|-heal|p1a: why|66/100|[from] item: Leftovers
|-damage|p2a: RomeBeenSteppin|0 fnt|[from] psn
|faint|p2a: RomeBeenSteppin
|upkeep
|
|t:|1780949148
|switch|p2a: SmokingOnYaCore|Ursaluna, M|100/100
|turn|15
|
|t:|1780949155
|move|p2a: SmokingOnYaCore|Trailblaze|p1a: why
|-damage|p1a: why|57/100
|-boost|p2a: SmokingOnYaCore|spe|1
|move|p1a: why|Moonblast|p2a: SmokingOnYaCore
|-crit|p2a: SmokingOnYaCore
|-damage|p2a: SmokingOnYaCore|74/100
|
|-heal|p1a: why|64/100|[from] item: Leftovers
|-status|p2a: SmokingOnYaCore|brn|[from] item: Flame Orb
|upkeep
|turn|16
|
|t:|1780949160
|move|p2a: SmokingOnYaCore|Swords Dance|p2a: SmokingOnYaCore
|-boost|p2a: SmokingOnYaCore|atk|2
|move|p1a: why|Moonblast|p2a: SmokingOnYaCore
|-damage|p2a: SmokingOnYaCore|58/100 brn
|
|-heal|p1a: why|70/100|[from] item: Leftovers
|-damage|p2a: SmokingOnYaCore|51/100 brn|[from] brn
|upkeep
|turn|17
|
|t:|1780949166
|move|p2a: SmokingOnYaCore|Facade|p1a: why
|-damage|p1a: why|0 fnt
|faint|p1a: why
|
|-damage|p2a: SmokingOnYaCore|45/100 brn|[from] brn
|upkeep
|
|t:|1780949169
|switch|p1a: Big Man|Clodsire, M, tera:Dark|99/100
|-activate|p1a: Big Man|move: Sticky Web
|-unboost|p1a: Big Man|spe|1
|turn|18
|
|t:|1780949180
|move|p2a: SmokingOnYaCore|Facade|p1a: Big Man
|-damage|p1a: Big Man|18/100
|move|p1a: Big Man|Earthquake|p2a: SmokingOnYaCore
|-damage|p2a: SmokingOnYaCore|23/100 brn
|
|-heal|p1a: Big Man|24/100|[from] item: Leftovers
|-damage|p2a: SmokingOnYaCore|17/100 brn|[from] brn
|upkeep
|turn|19
|
|t:|1780949203
|move|p2a: SmokingOnYaCore|Facade|p1a: Big Man
|-damage|p1a: Big Man|0 fnt
|faint|p1a: Big Man
|
|-damage|p2a: SmokingOnYaCore|10/100 brn|[from] brn
|upkeep
|
|t:|1780949205
|switch|p1a: Squidward?|Toedscruel, M|100/100
|turn|20
|
|t:|1780949210
|move|p2a: SmokingOnYaCore|Facade|p1a: Squidward?
|-damage|p1a: Squidward?|0 fnt
|faint|p1a: Squidward?
|
|-damage|p2a: SmokingOnYaCore|4/100 brn|[from] brn
|upkeep
|
|t:|1780949212
|switch|p1a: Keanu Reeves|Darkrai|100/100
|-activate|p1a: Keanu Reeves|move: Sticky Web
|-unboost|p1a: Keanu Reeves|spe|1
|turn|21
|-message|ridlostar forfeited.
|
|win|1200s chud
|raw|ridlostar's rating: 1657 &rarr; <strong>1639</strong><br />(-18 for losing)
|raw|1200s chud's rating: 1691 &rarr; <strong>1709</strong><br />(+18 for winning)
|l|☆ridlostar
|player|p1|
