|j|☆Liker of Mudkips
|j|☆extra-pseudo man
|t:|1781498600
|gametype|singles
|player|p1|Liker of Mudkips|acetrainerf|1654
|player|p2|extra-pseudo man|alder|1684
|gen|9
|tier|[Gen 9] OU
|rated|
|rule|HP Percentage Mod: HP is shown in percentages
|rule|Endless Battle Clause: Forcing endless battles is banned
|rule|Species Clause: Limit one of each Pokémon
|rule|OHKO Clause: OHKO moves are banned
|rule|Evasion Items Clause: Evasion items are banned
|rule|Evasion Moves Clause: Evasion moves are banned
|rule|Evasion Abilities Clause: Evasion abilities are banned
|rule|Sleep Moves Clause: Sleep-inducing moves are banned
|clearpoke
|poke|p1|Dragapult, F|
|poke|p1|Ogerpon-Wellspring, F|
|poke|p1|Slowking-Galar, M|
|poke|p1|Great Tusk|
|poke|p1|Zapdos|
|poke|p1|Kingambit, M|
|poke|p2|Dragonite, M|
|poke|p2|Dragapult, M|
|poke|p2|Tyranitar, M|
|poke|p2|Metagross|
|poke|p2|Goodra-Hisui, F|
|poke|p2|Garchomp, F|
|teampreview
|inactive|Battle timer is ON: inactive players will automatically lose when time's up. (requested by Liker of Mudkips)
|
|t:|1781498615
|teamsize|p1|6
|teamsize|p2|6
|start
|switch|p1a: Suika|Ogerpon-Wellspring, F|100/100
|switch|p2a: Tyranocif|Tyranitar, M|100/100
|-weather|Sandstorm|[from] ability: Sand Stream|[of] p2a: Tyranocif
|turn|1
|
|t:|1781498624
|switch|p2a: Marill me|Garchomp, F|100/100
|move|p1a: Suika|Ivy Cudgel|p2a: Marill me|[anim] Ivy Cudgel Water
|-damage|p2a: Marill me|64/100
|
|-weather|Sandstorm|[upkeep]
|-damage|p1a: Suika|95/100|[from] Sandstorm
|upkeep
|turn|2
|
|t:|1781498633
|move|p1a: Suika|Ivy Cudgel|p2a: Marill me|[anim] Ivy Cudgel Water
|-crit|p2a: Marill me
|-damage|p2a: Marill me|5/100
|move|p2a: Marill me|Dragon Tail|p1a: Suika
|-damage|p1a: Suika|62/100
|drag|p1a: Kos|Dragapult, F|100/100
|
|-weather|Sandstorm|[upkeep]
|-damage|p1a: Kos|95/100|[from] Sandstorm
|upkeep
|turn|3
|
|t:|1781498643
|switch|p2a: Tyranocif|Tyranitar, M|100/100
|move|p1a: Kos|U-turn|p2a: Tyranocif
|-supereffective|p2a: Tyranocif
|-damage|p2a: Tyranocif|75/100
|
|t:|1781498649
|switch|p1a: Suika|Ogerpon-Wellspring, F|62/100|[from] U-turn
|
|-weather|Sandstorm|[upkeep]
|-damage|p1a: Suika|56/100|[from] Sandstorm
|-heal|p2a: Tyranocif|81/100|[from] item: Leftovers
|upkeep
|turn|4
|
|t:|1781498655
|switch|p2a: The goot|Goodra-Hisui, F|100/100
|move|p1a: Suika|U-turn|p2a: The goot
|-resisted|p2a: The goot
|-damage|p2a: The goot|86/100
|-ability|p2a: The goot|Gooey
|-unboost|p1a: Suika|spe|1
|
|t:|1781498674
|switch|p1a: Nobunaga|Kingambit, M|100/100|[from] U-turn
|-item|p1a: Nobunaga|Air Balloon
|
|-weather|Sandstorm|[upkeep]
|upkeep
|turn|5
|
|t:|1781498688
|-terastallize|p1a: Nobunaga|Fighting
|move|p1a: Nobunaga|Low Kick|p2a: The goot
|-supereffective|p2a: The goot
|-damage|p2a: The goot|0 fnt
|-ability|p2a: The goot|Gooey
|-unboost|p1a: Nobunaga|spe|1
|faint|p2a: The goot
|
|-weather|none
|upkeep
|j| Shucklepilled
|inactive|extra-pseudo man has 120 seconds left.
|j| dilf huntr
|
|t:|1781498728
|switch|p2a: He pulten on it|Dragapult, M|100/100
|turn|6
|
|t:|1781498735
|-end|p1a: Nobunaga|fallenundefined|[silent]
|switch|p1a: Pants|Slowking-Galar, M|100/100
|move|p2a: He pulten on it|Will-O-Wisp|p1a: Pants
|-status|p1a: Pants|brn
|
|-damage|p1a: Pants|94/100 brn|[from] brn
|upkeep
|turn|7
|
|t:|1781498742
|move|p2a: He pulten on it|U-turn|p1a: Pants
|-damage|p1a: Pants|79/100 brn
|
|t:|1781498749
|switch|p2a: kaboom|Metagross|100/100|[from] U-turn
|move|p1a: Pants|Ice Beam|p2a: kaboom
|-resisted|p2a: kaboom
|-damage|p2a: kaboom|86/100
|
|-damage|p1a: Pants|73/100 brn|[from] brn
|upkeep
|turn|8
|
|t:|1781498758
|switch|p1a: Larxene|Zapdos|100/100
|move|p2a: kaboom|Knock Off|p1a: Larxene
|-crit|p1a: Larxene
|-damage|p1a: Larxene|5/100
|-enditem|p1a: Larxene|Heavy-Duty Boots|[from] move: Knock Off|[of] p2a: kaboom
|
|upkeep
|turn|9
|
|t:|1781498768
|switch|p1a: Baku|Great Tusk|100/100
|move|p2a: kaboom|Knock Off|p1a: Baku
|-resisted|p1a: Baku
|-damage|p1a: Baku|79/100
|-damage|p2a: kaboom|70/100|[from] item: Rocky Helmet|[of] p1a: Baku
|-enditem|p1a: Baku|Rocky Helmet|[from] move: Knock Off|[of] p2a: kaboom
|
|upkeep
|turn|10
|
|t:|1781498777
|switch|p2a: Marill me|Garchomp, F|5/100
|move|p1a: Baku|Stealth Rock|p2a: Marill me
|-sidestart|p2: extra-pseudo man|move: Stealth Rock
|
|upkeep
|turn|11
|
|t:|1781498784
|switch|p2a: He pulten on it|Dragapult, M|100/100
|move|p1a: Baku|Rapid Spin|p2a: He pulten on it
|-immune|p2a: He pulten on it
|
|upkeep
|turn|12
|
|t:|1781498791
|-end|p1a: Baku|Protosynthesis|[silent]
|switch|p1a: Pants|Slowking-Galar, M|100/100 brn
|move|p2a: He pulten on it|Draco Meteor|p1a: Pants
|-damage|p1a: Pants|75/100 brn
|-unboost|p2a: He pulten on it|spa|2
|
|-damage|p1a: Pants|68/100 brn|[from] brn
|upkeep
|turn|13
|
|t:|1781498801
|move|p2a: He pulten on it|Hex|p1a: Pants
|-supereffective|p1a: Pants
|-damage|p1a: Pants|46/100 brn
|move|p1a: Pants|Ice Beam|p2a: He pulten on it
|-supereffective|p2a: He pulten on it
|-damage|p2a: He pulten on it|43/100
|
|-damage|p1a: Pants|39/100 brn|[from] brn
|upkeep
|turn|14
|
|t:|1781498809
|move|p2a: He pulten on it|U-turn|p1a: Pants
|-damage|p1a: Pants|24/100 brn
|
|t:|1781498811
|switch|p2a: Marill me|Garchomp, F|5/100|[from] U-turn
|-damage|p2a: Marill me|0 fnt|[from] Stealth Rock
|faint|p2a: Marill me
|move|p1a: Pants|Ice Beam|p2: Marill me|[notarget]
|-fail|p1a: Pants
|
|-damage|p1a: Pants|18/100 brn|[from] brn
|upkeep
|
|t:|1781498817
|switch|p2a: kaboom|Metagross|70/100
|-damage|p2a: kaboom|64/100|[from] Stealth Rock
|turn|15
|
|t:|1781498825
|switch|p1a: Larxene|Zapdos|5/100
|move|p2a: kaboom|Heavy Slam|p1a: Larxene
|-resisted|p1a: Larxene
|-damage|p1a: Larxene|0 fnt
|-status|p2a: kaboom|par|[from] ability: Static|[of] p1a: Larxene
|faint|p1a: Larxene
|
|upkeep
|
|t:|1781498836
|switch|p1a: Suika|Ogerpon-Wellspring, F|56/100
|turn|16
|
|t:|1781498839
|move|p1a: Suika|Knock Off|p2a: kaboom
|-supereffective|p2a: kaboom
|-damage|p2a: kaboom|0 fnt
|-enditem|p2a: kaboom|Choice Band|[from] move: Knock Off|[of] p1a: Suika
|faint|p2a: kaboom
|
|upkeep
|
|t:|1781498843
|switch|p2a: He pulten on it|Dragapult, M|43/100
|turn|17
|
|t:|1781498852
|switch|p1a: Pants|Slowking-Galar, M|51/100 brn
|move|p2a: He pulten on it|Draco Meteor|p1a: Pants
|-damage|p1a: Pants|28/100 brn
|-unboost|p2a: He pulten on it|spa|2
|
|-damage|p1a: Pants|22/100 brn|[from] brn
|upkeep
|turn|18
|
|t:|1781498868
|switch|p1a: Baku|Great Tusk|79/100
|move|p2a: He pulten on it|Hex|p1a: Baku
|-damage|p1a: Baku|58/100
|
|upkeep
|turn|19
|
|t:|1781498878
|-end|p1a: Baku|Protosynthesis|[silent]
|switch|p1a: Pants|Slowking-Galar, M|55/100 brn
|move|p2a: He pulten on it|U-turn|p1a: Pants
|-damage|p1a: Pants|39/100 brn
|
|t:|1781498880
|switch|p2a: Tyranocif|Tyranitar, M|81/100|[from] U-turn
|-damage|p2a: Tyranocif|69/100|[from] Stealth Rock
|-weather|Sandstorm|[from] ability: Sand Stream|[of] p2a: Tyranocif
|
|-weather|Sandstorm|[upkeep]
|-damage|p1a: Pants|33/100 brn|[from] Sandstorm
|-heal|p2a: Tyranocif|75/100|[from] item: Leftovers
|-damage|p1a: Pants|26/100 brn|[from] brn
|upkeep
|turn|20
|
|t:|1781498895
|switch|p1a: Suika|Ogerpon-Wellspring, F|56/100
|move|p2a: Tyranocif|Ice Beam|p1a: Suika
|-damage|p1a: Suika|34/100
|
|-weather|Sandstorm|[upkeep]
|-damage|p1a: Suika|28/100|[from] Sandstorm
|-heal|p2a: Tyranocif|81/100|[from] item: Leftovers
|upkeep
|turn|21
|
|t:|1781498904
|move|p1a: Suika|Knock Off|p2a: Tyranocif
|-resisted|p2a: Tyranocif
|-crit|p2a: Tyranocif
|-damage|p2a: Tyranocif|58/100
|-enditem|p2a: Tyranocif|Leftovers|[from] move: Knock Off|[of] p1a: Suika
|move|p2a: Tyranocif|Knock Off|p1a: Suika
|-damage|p1a: Suika|0 fnt
|faint|p1a: Suika
|
|-weather|Sandstorm|[upkeep]
|upkeep
|
|t:|1781498919
|switch|p1a: Nobunaga|Kingambit, M, tera:Fighting|100/100
|-activate|p1a: Nobunaga|ability: Supreme Overlord
|-start|p1a: Nobunaga|fallen2|[silent]
|-item|p1a: Nobunaga|Air Balloon
|turn|22
|
|t:|1781498926
|move|p1a: Nobunaga|Iron Head|p2a: Tyranocif
|-supereffective|p2a: Tyranocif
|-damage|p2a: Tyranocif|0 fnt
|faint|p2a: Tyranocif
|
|-weather|Sandstorm|[upkeep]
|-damage|p1a: Nobunaga|94/100|[from] Sandstorm
|upkeep
|
|t:|1781498929
|switch|p2a: He pulten on it|Dragapult, M|43/100
|turn|23
|
|t:|1781498935
|-end|p1a: Nobunaga|fallen2|[silent]
|switch|p1a: Pants|Slowking-Galar, M|60/100 brn
|move|p2a: He pulten on it|Will-O-Wisp|p1a: Pants
|-fail|p1a: Pants|brn
|
|-weather|none
|-damage|p1a: Pants|54/100 brn|[from] brn
|upkeep
|turn|24
|
|t:|1781498943
|move|p2a: He pulten on it|Hex|p1a: Pants
|-supereffective|p1a: Pants
|-damage|p1a: Pants|5/100 brn
|move|p1a: Pants|Ice Beam|p2a: He pulten on it
|-supereffective|p2a: He pulten on it
|-damage|p2a: He pulten on it|0 fnt
|faint|p2a: He pulten on it
|
|-damage|p1a: Pants|0 fnt|[from] brn
|faint|p1a: Pants
|upkeep
|j| dante1310
|
|t:|1781498955
|switch|p2a: Chud|Dragonite, M|100/100
|switch|p1a: Baku|Great Tusk|58/100
|turn|25
|
|t:|1781498964
|-terastallize|p2a: Chud|Normal
|move|p1a: Baku|Rapid Spin|p2a: Chud
|-damage|p2a: Chud|91/100
|-boost|p1a: Baku|spe|1
|move|p2a: Chud|Dragon Dance|p2a: Chud
|-boost|p2a: Chud|atk|1
|-boost|p2a: Chud|spe|1
|
|upkeep
|turn|26
|
|t:|1781498973
|move|p1a: Baku|Headlong Rush|p2a: Chud
|-damage|p2a: Chud|19/100
|-unboost|p1a: Baku|def|1
|-unboost|p1a: Baku|spd|1
|move|p2a: Chud|Dragon Dance|p2a: Chud
|-boost|p2a: Chud|atk|1
|-boost|p2a: Chud|spe|1
|
|upkeep
|turn|27
|
|t:|1781498985
|move|p2a: Chud|Extreme Speed|p1a: Baku
|-damage|p1a: Baku|0 fnt
|faint|p1a: Baku
|-end|p1a: Baku|Protosynthesis|[silent]
|
|upkeep
|
|t:|1781498992
|switch|p1a: Kos|Dragapult, F|95/100
|turn|28
|
|t:|1781498997
|move|p2a: Chud|Earthquake|p1a: Kos
|-damage|p1a: Kos|0 fnt
|faint|p1a: Kos
|
|upkeep
|
|t:|1781499002
|switch|p1a: Nobunaga|Kingambit, M, tera:Fighting|94/100
|-activate|p1a: Nobunaga|ability: Supreme Overlord
|-start|p1a: Nobunaga|fallen5|[silent]
|-item|p1a: Nobunaga|Air Balloon
|turn|29
|
|t:|1781499008
|move|p2a: Chud|Extreme Speed|p1a: Nobunaga
|-damage|p1a: Nobunaga|16/100
|-enditem|p1a: Nobunaga|Air Balloon
|move|p1a: Nobunaga|Low Kick|p2a: Chud
|-supereffective|p2a: Chud
|-crit|p2a: Chud
|-damage|p2a: Chud|0 fnt
|faint|p2a: Chud
|
|win|Liker of Mudkips
|raw|Liker of Mudkips's rating: 1654 &rarr; <strong>1676</strong><br />(+22 for winning)
|raw|extra-pseudo man's rating: 1684 &rarr; <strong>1662</strong><br />(-22 for losing)
|c|☆Liker of Mudkips|gg
|l| dante1310
|c|☆extra-pseudo man|gg
|l|☆Liker of Mudkips
|player|p1|
|l|☆extra-pseudo man
|player|p2|
|l| dilf huntr
