|j|☆BlackStar150520
|j|☆aipt2
|t:|1781548003
|gametype|singles
|player|p1|BlackStar150520|unknown|1704
|player|p2|aipt2|ghetsis|1702
|gen|9
|tier|[Gen 9] OU
|rated|
|rule|HP Percentage Mod: HP is shown in percentages
|rule|Endless Battle Clause: Forcing endless battles is banned
|rule|Species Clause: Limit one of each Pokémon
|rule|OHKO Clause: OHKO moves are banned
|rule|Evasion Items Clause: Evasion items are banned
|rule|Evasion Moves Clause: Evasion moves are banned
|rule|Evasion Abilities Clause: Evasion abilities are banned
|rule|Sleep Moves Clause: Sleep-inducing moves are banned
|clearpoke
|poke|p1|Raging Bolt|
|poke|p1|Kingambit, M|
|poke|p1|Iron Moth|
|poke|p1|Ogerpon-Wellspring, F|
|poke|p1|Scizor, F|
|poke|p1|Great Tusk|
|poke|p2|Kingambit, F|
|poke|p2|Hatterene, F|
|poke|p2|Ninetales-Alola, M|
|poke|p2|Raging Bolt|
|poke|p2|Ceruledge, M|
|poke|p2|Landorus-Therian, M|
|teampreview
|inactive|Battle timer is ON: inactive players will automatically lose when time's up. (requested by BlackStar150520)
|
|t:|1781548014
|teamsize|p1|6
|teamsize|p2|6
|start
|switch|p1a: 🎭|Ogerpon-Wellspring, F|100/100
|switch|p2a: Ceruledge|Ceruledge, M|100/100
|turn|1
|
|t:|1781548030
|switch|p2a: Ninetales|Ninetales-Alola, M|100/100
|-weather|Snowscape|[from] ability: Snow Warning|[of] p2a: Ninetales
|move|p1a: 🎭|Knock Off|p2a: Ninetales
|-resisted|p2a: Ninetales
|-damage|p2a: Ninetales|83/100
|-enditem|p2a: Ninetales|Light Clay|[from] move: Knock Off|[of] p1a: 🎭
|
|-weather|Snowscape|[upkeep]
|upkeep
|turn|2
|
|t:|1781548035
|move|p1a: 🎭|Ivy Cudgel|p2a: Ninetales|[anim] Ivy Cudgel Water
|-damage|p2a: Ninetales|32/100
|move|p2a: Ninetales|Aurora Veil|p2a: Ninetales
|-sidestart|p2: aipt2|move: Aurora Veil
|
|-weather|Snowscape|[upkeep]
|upkeep
|turn|3
|
|t:|1781548043
|switch|p2a: Raging Bolt|Raging Bolt|100/100
|move|p1a: 🎭|Ivy Cudgel|p2a: Raging Bolt|[anim] Ivy Cudgel Water
|-resisted|p2a: Raging Bolt
|-damage|p2a: Raging Bolt|89/100
|
|-weather|Snowscape|[upkeep]
|-heal|p2a: Raging Bolt|95/100|[from] item: Leftovers
|upkeep
|turn|4
|
|t:|1781548050
|move|p1a: 🎭|Knock Off|p2a: Raging Bolt
|-damage|p2a: Raging Bolt|78/100
|-enditem|p2a: Raging Bolt|Leftovers|[from] move: Knock Off|[of] p1a: 🎭
|move|p2a: Raging Bolt|Calm Mind|p2a: Raging Bolt
|-boost|p2a: Raging Bolt|spa|1
|-boost|p2a: Raging Bolt|spd|1
|
|-weather|Snowscape|[upkeep]
|upkeep
|turn|5
|
|t:|1781548058
|move|p1a: 🎭|Encore|p2a: Raging Bolt
|-start|p2a: Raging Bolt|Encore
|move|p2a: Raging Bolt|Calm Mind|p2a: Raging Bolt
|-boost|p2a: Raging Bolt|spa|1
|-boost|p2a: Raging Bolt|spd|1
|
|-weather|none
|upkeep
|turn|6
|
|t:|1781548071
|-end|p2a: Raging Bolt|Protosynthesis|[silent]
|switch|p2a: Landorus|Landorus-Therian, M|100/100
|-ability|p2a: Landorus|Intimidate|boost
|-unboost|p1a: 🎭|atk|1
|move|p1a: 🎭|Knock Off|p2a: Landorus
|-damage|p2a: Landorus|88/100
|-damage|p1a: 🎭|84/100|[from] item: Rocky Helmet|[of] p2a: Landorus
|-enditem|p2a: Landorus|Rocky Helmet|[from] move: Knock Off|[of] p1a: 🎭
|
|-sideend|p2: aipt2|move: Aurora Veil
|upkeep
|turn|7
|
|t:|1781548081
|move|p1a: 🎭|Ivy Cudgel|p2a: Landorus|[anim] Ivy Cudgel Water
|-supereffective|p2a: Landorus
|-damage|p2a: Landorus|9/100
|move|p2a: Landorus|U-turn|p1a: 🎭
|-supereffective|p1a: 🎭
|-damage|p1a: 🎭|21/100
|
|t:|1781548088
|switch|p2a: Raging Bolt|Raging Bolt|78/100|[from] U-turn
|
|upkeep
|turn|8
|
|t:|1781548094
|move|p1a: 🎭|U-turn|p2a: Raging Bolt
|-damage|p2a: Raging Bolt|63/100
|j| BiscoitoXDBr
|
|t:|1781548096
|switch|p1a: Red Lightning|Scizor, F|100/100|[from] U-turn
|move|p2a: Raging Bolt|Dragon Pulse|p1a: Red Lightning
|-resisted|p1a: Red Lightning
|-damage|p1a: Red Lightning|69/100
|
|upkeep
|turn|9
|
|t:|1781548103
|move|p2a: Raging Bolt|Thunderbolt|p1a: Red Lightning
|-damage|p1a: Red Lightning|0 fnt
|faint|p1a: Red Lightning
|
|upkeep
|
|t:|1781548105
|switch|p1a: Mega Donphan|Great Tusk|100/100
|turn|10
|
|t:|1781548109
|-end|p2a: Raging Bolt|Protosynthesis|[silent]
|switch|p2a: Landorus|Landorus-Therian, M|9/100
|-ability|p2a: Landorus|Intimidate|boost
|-unboost|p1a: Mega Donphan|atk|1
|move|p1a: Mega Donphan|Ice Spinner|p2a: Landorus
|-supereffective|p2a: Landorus
|-damage|p2a: Landorus|0 fnt
|faint|p2a: Landorus
|
|upkeep
|
|t:|1781548112
|switch|p2a: Ninetales|Ninetales-Alola, M|32/100
|-weather|Snowscape|[from] ability: Snow Warning|[of] p2a: Ninetales
|turn|11
|
|t:|1781548116
|move|p2a: Ninetales|Aurora Veil|p2a: Ninetales
|-sidestart|p2: aipt2|move: Aurora Veil
|move|p1a: Mega Donphan|Stealth Rock|p2a: Ninetales
|-sidestart|p2: aipt2|move: Stealth Rock
|
|-weather|Snowscape|[upkeep]
|upkeep
|turn|12
|
|t:|1781548132
|-end|p1a: Mega Donphan|Protosynthesis|[silent]
|switch|p1a: 🎭|Ogerpon-Wellspring, F|21/100
|move|p2a: Ninetales|Moonblast|p1a: 🎭
|-damage|p1a: 🎭|0 fnt
|faint|p1a: 🎭
|
|-weather|Snowscape|[upkeep]
|upkeep
|
|t:|1781548140
|switch|p1a: Aizen🗡️|Kingambit, M, shiny|100/100
|-activate|p1a: Aizen🗡️|ability: Supreme Overlord
|-start|p1a: Aizen🗡️|fallen2|[silent]
|turn|13
|
|t:|1781548146
|switch|p2a: Ceruledge|Ceruledge, M|100/100
|move|p1a: Aizen🗡️|Iron Head|p2a: Ceruledge
|-resisted|p2a: Ceruledge
|-damage|p2a: Ceruledge|85/100
|
|-weather|Snowscape|[upkeep]
|upkeep
|turn|14
|
|t:|1781548165
|-end|p1a: Aizen🗡️|fallen2|[silent]
|switch|p1a: Mega Donphan|Great Tusk|100/100
|-terastallize|p2a: Ceruledge|Bug
|move|p2a: Ceruledge|Bulk Up|p2a: Ceruledge
|-boost|p2a: Ceruledge|atk|1
|-boost|p2a: Ceruledge|def|1
|
|-weather|Snowscape|[upkeep]
|upkeep
|turn|15
|
|t:|1781548186
|move|p1a: Mega Donphan|Headlong Rush|p2a: Ceruledge
|-resisted|p2a: Ceruledge
|-damage|p2a: Ceruledge|72/100
|-unboost|p1a: Mega Donphan|def|1
|-unboost|p1a: Mega Donphan|spd|1
|move|p2a: Ceruledge|Bulk Up|p2a: Ceruledge
|-boost|p2a: Ceruledge|atk|1
|-boost|p2a: Ceruledge|def|1
|
|-weather|none
|-sideend|p2: aipt2|move: Aurora Veil
|upkeep
|turn|16
|
|t:|1781548189
|-end|p1a: Mega Donphan|Protosynthesis|[silent]
|switch|p1a: Robo Rona|Iron Moth|100/100
|-enditem|p1a: Robo Rona|Booster Energy
|-activate|p1a: Robo Rona|ability: Quark Drive|[fromitem]
|-start|p1a: Robo Rona|quarkdrivespe
|move|p2a: Ceruledge|Bitter Blade|p1a: Robo Rona
|-resisted|p1a: Robo Rona
|-damage|p1a: Robo Rona|32/100
|-heal|p2a: Ceruledge|100/100|[from] drain|[of] p1a: Robo Rona
|
|upkeep
|turn|17
|
|t:|1781548194
|move|p2a: Ceruledge|Shadow Sneak|p1a: Robo Rona
|-damage|p1a: Robo Rona|0 fnt
|faint|p1a: Robo Rona
|-end|p1a: Robo Rona|Quark Drive|[silent]
|
|upkeep
|
|t:|1781548198
|switch|p1a: ⚡️|Raging Bolt|100/100
|turn|18
|
|t:|1781548200
|move|p1a: ⚡️|Thunderbolt|p2a: Ceruledge
|-damage|p2a: Ceruledge|48/100
|move|p2a: Ceruledge|Poltergeist|p1a: ⚡️
|-activate|p1a: ⚡️|move: Poltergeist|Leftovers
|-damage|p1a: ⚡️|0 fnt
|faint|p1a: ⚡️
|-end|p1a: ⚡️|Protosynthesis|[silent]
|
|upkeep
|-message|BlackStar150520 forfeited.
|
|win|aipt2
|raw|BlackStar150520's rating: 1704 &rarr; <strong>1684</strong><br />(-20 for losing)
|raw|aipt2's rating: 1702 &rarr; <strong>1722</strong><br />(+20 for winning)
|l|☆BlackStar150520
|player|p1|
|l|☆aipt2
|player|p2|
|l| BiscoitoXDBr
