|j|☆STONE CHAI
|j|☆yuji00
|t:|1781268267
|gametype|singles
|player|p1|STONE CHAI|102|1555
|player|p2|yuji00|2|1549
|gen|9
|tier|[Gen 9] OU
|rated|
|rule|HP Percentage Mod: HP is shown in percentages
|rule|Endless Battle Clause: Forcing endless battles is banned
|rule|Species Clause: Limit one of each Pokémon
|rule|OHKO Clause: OHKO moves are banned
|rule|Evasion Items Clause: Evasion items are banned
|rule|Evasion Moves Clause: Evasion moves are banned
|rule|Evasion Abilities Clause: Evasion abilities are banned
|rule|Sleep Moves Clause: Sleep-inducing moves are banned
|clearpoke
|poke|p1|Dragapult, F|
|poke|p1|Alomomola, F|
|poke|p1|Ting-Lu|
|poke|p1|Kyurem|
|poke|p1|Weezing-Galar, F|
|poke|p1|Corviknight, F|
|poke|p2|Tornadus-Therian, M|
|poke|p2|Iron Treads|
|poke|p2|Ogerpon-Wellspring, F|
|poke|p2|Zamazenta-*|
|poke|p2|Kingambit, F|
|poke|p2|Primarina, F|
|teampreview
|
|t:|1781268279
|teamsize|p1|6
|teamsize|p2|6
|start
|switch|p1a: Moody Blues|Dragapult, F|100/100
|switch|p2a: Primarina|Primarina, F|100/100
|turn|1
|inactive|Battle timer is ON: inactive players will automatically lose when time's up. (requested by yuji00)
|
|t:|1781268288
|move|p1a: Moody Blues|U-turn|p2a: Primarina
|-resisted|p2a: Primarina
|-damage|p2a: Primarina|75/100
|
|t:|1781268295
|switch|p1a: Corviknight|Corviknight, F|100/100|[from] U-turn
|-ability|p1a: Corviknight|Pressure
|move|p2a: Primarina|Moonblast|p1a: Corviknight
|-resisted|p1a: Corviknight
|-damage|p1a: Corviknight|73/100
|
|-heal|p1a: Corviknight|79/100|[from] item: Leftovers
|upkeep
|turn|2
|
|t:|1781268307
|switch|p2a: Iron Treads|Iron Treads|100/100
|move|p1a: Corviknight|Brave Bird|p2a: Iron Treads
|-resisted|p2a: Iron Treads
|-damage|p2a: Iron Treads|88/100
|-damage|p1a: Corviknight|75/100|[from] Recoil
|
|-heal|p2a: Iron Treads|94/100|[from] item: Leftovers
|-heal|p1a: Corviknight|82/100|[from] item: Leftovers
|upkeep
|turn|3
|
|t:|1781268318
|move|p2a: Iron Treads|Stealth Rock|p1a: Corviknight
|-sidestart|p1: STONE CHAI|move: Stealth Rock
|move|p1a: Corviknight|U-turn|p2a: Iron Treads
|-resisted|p2a: Iron Treads
|-damage|p2a: Iron Treads|89/100
|
|t:|1781268324
|switch|p1a: Fogbound Lake|Alomomola, F|100/100|[from] U-turn
|-damage|p1a: Fogbound Lake|88/100|[from] Stealth Rock
|
|-heal|p2a: Iron Treads|95/100|[from] item: Leftovers
|upkeep
|turn|4
|
|t:|1781268332
|move|p2a: Iron Treads|Earthquake|p1a: Fogbound Lake
|-damage|p1a: Fogbound Lake|68/100
|move|p1a: Fogbound Lake|Wish|p1a: Fogbound Lake
|
|-heal|p2a: Iron Treads|100/100|[from] item: Leftovers
|upkeep
|turn|5
|
|t:|1781268340
|-end|p2a: Iron Treads|Quark Drive|[silent]
|switch|p2a: Ogerpon|Ogerpon-Wellspring, F|100/100
|move|p1a: Fogbound Lake|Flip Turn|p2a: Ogerpon
|-immune|p2a: Ogerpon|[from] ability: Water Absorb
|
|-heal|p1a: Fogbound Lake|100/100|[from] move: Wish|[wisher] Fogbound Lake
|upkeep
|turn|6
|
|t:|1781268351
|move|p2a: Ogerpon|Ivy Cudgel|p1a: Fogbound Lake|[anim] Ivy Cudgel Water
|-resisted|p1a: Fogbound Lake
|-crit|p1a: Fogbound Lake
|-damage|p1a: Fogbound Lake|78/100
|move|p1a: Fogbound Lake|Wish|p1a: Fogbound Lake
|
|upkeep
|turn|7
|
|t:|1781268366
|switch|p1a: Tiffany BlueStones|Kyurem, shiny|100/100
|-damage|p1a: Tiffany BlueStones|76/100|[from] Stealth Rock
|-ability|p1a: Tiffany BlueStones|Pressure
|move|p2a: Ogerpon|Play Rough|p1a: Tiffany BlueStones
|-supereffective|p1a: Tiffany BlueStones
|-damage|p1a: Tiffany BlueStones|11/100
|-unboost|p1a: Tiffany BlueStones|atk|1
|
|-heal|p1a: Tiffany BlueStones|79/100|[from] move: Wish|[wisher] Fogbound Lake
|-heal|p1a: Tiffany BlueStones|85/100|[from] item: Leftovers
|upkeep
|turn|8
|
|t:|1781268383
|switch|p2a: Tornadus|Tornadus-Therian, M|100/100
|move|p1a: Tiffany BlueStones|Freeze-Dry|p2a: Tornadus
|-supereffective|p2a: Tornadus
|-damage|p2a: Tornadus|54/100
|
|-heal|p1a: Tiffany BlueStones|91/100|[from] item: Leftovers
|upkeep
|turn|9
|
|t:|1781268395
|move|p2a: Tornadus|Knock Off|p1a: Tiffany BlueStones
|-damage|p1a: Tiffany BlueStones|71/100
|-enditem|p1a: Tiffany BlueStones|Leftovers|[from] move: Knock Off|[of] p2a: Tornadus
|move|p1a: Tiffany BlueStones|Freeze-Dry|p2a: Tornadus
|-supereffective|p2a: Tornadus
|-damage|p2a: Tornadus|7/100
|
|upkeep
|turn|10
|
|t:|1781268403
|move|p2a: Tornadus|U-turn|p1a: Tiffany BlueStones
|-damage|p1a: Tiffany BlueStones|56/100
|
|t:|1781268407
|switch|p2a: Iron Treads|Iron Treads|100/100|[from] U-turn
|move|p1a: Tiffany BlueStones|Freeze-Dry|p2a: Iron Treads
|-damage|p2a: Iron Treads|61/100
|
|-heal|p2a: Iron Treads|67/100|[from] item: Leftovers
|upkeep
|turn|11
|
|t:|1781268417
|switch|p1a: Fogbound Lake|Alomomola, F|100/100
|-damage|p1a: Fogbound Lake|88/100|[from] Stealth Rock
|-end|p2a: Iron Treads|Quark Drive|[silent]
|switch|p2a: Ogerpon|Ogerpon-Wellspring, F|100/100
|
|upkeep
|turn|12
|
|t:|1781268431
|move|p2a: Ogerpon|Horn Leech|p1a: Fogbound Lake
|-supereffective|p1a: Fogbound Lake
|-damage|p1a: Fogbound Lake|44/100
|-damage|p2a: Ogerpon|84/100|[from] item: Rocky Helmet|[of] p1a: Fogbound Lake
|move|p1a: Fogbound Lake|Wish|p1a: Fogbound Lake
|
|upkeep
|turn|13
|
|t:|1781268441
|switch|p1a: Corviknight|Corviknight, F|82/100
|-damage|p1a: Corviknight|69/100|[from] Stealth Rock
|-ability|p1a: Corviknight|Pressure
|move|p2a: Ogerpon|Encore||[still]
|-fail|p2a: Ogerpon
|
|-heal|p1a: Corviknight|100/100|[from] move: Wish|[wisher] Fogbound Lake
|upkeep
|turn|14
|
|t:|1781268454
|move|p2a: Ogerpon|Ivy Cudgel|p1a: Corviknight|[anim] Ivy Cudgel Water
|-crit|p1a: Corviknight
|-damage|p1a: Corviknight|33/100
|move|p1a: Corviknight|U-turn|p2a: Ogerpon
|-supereffective|p2a: Ogerpon
|-damage|p2a: Ogerpon|49/100
|
|t:|1781268465
|switch|p1a: Moody Blues|Dragapult, F|100/100|[from] U-turn
|-damage|p1a: Moody Blues|88/100|[from] Stealth Rock
|
|upkeep
|turn|15
|
|t:|1781268471
|switch|p2a: Tornadus|Tornadus-Therian, M|40/100
|move|p1a: Moody Blues|U-turn|p2a: Tornadus
|-resisted|p2a: Tornadus
|-damage|p2a: Tornadus|21/100
|
|t:|1781268501
|switch|p1a: Tiffany BlueStones|Kyurem, shiny|56/100|[from] U-turn
|-damage|p1a: Tiffany BlueStones|31/100|[from] Stealth Rock
|-ability|p1a: Tiffany BlueStones|Pressure
|
|upkeep
|turn|16
|
|t:|1781268512
|move|p2a: Tornadus|Bleakwind Storm|p1a: Tiffany BlueStones
|-damage|p1a: Tiffany BlueStones|0 fnt
|faint|p1a: Tiffany BlueStones
|
|upkeep
|
|t:|1781268520
|switch|p1a: Moody Blues|Dragapult, F|88/100
|-damage|p1a: Moody Blues|76/100|[from] Stealth Rock
|turn|17
|
|t:|1781268526
|move|p1a: Moody Blues|U-turn|p2a: Tornadus
|-resisted|p2a: Tornadus
|-damage|p2a: Tornadus|1/100
|
|t:|1781268532
|switch|p1a: Ting-Lu|Ting-Lu|100/100|[from] U-turn
|-damage|p1a: Ting-Lu|94/100|[from] Stealth Rock
|-ability|p1a: Ting-Lu|Vessel of Ruin
|move|p2a: Tornadus|Knock Off|p1a: Ting-Lu
|-resisted|p1a: Ting-Lu
|-damage|p1a: Ting-Lu|89/100
|-enditem|p1a: Ting-Lu|Leftovers|[from] move: Knock Off|[of] p2a: Tornadus
|
|upkeep
|turn|18
|
|t:|1781268545
|switch|p2a: Ogerpon|Ogerpon-Wellspring, F|49/100
|switch|p1a: Fogbound Lake|Alomomola, F|77/100
|-damage|p1a: Fogbound Lake|65/100|[from] Stealth Rock
|
|upkeep
|turn|19
|
|t:|1781268556
|switch|p1a: Weezing|Weezing-Galar, F|100/100
|-ability|p1a: Weezing|Neutralizing Gas
|-damage|p1a: Weezing|88/100|[from] Stealth Rock
|move|p2a: Ogerpon|Horn Leech|p1a: Weezing
|-resisted|p1a: Weezing
|-damage|p1a: Weezing|71/100
|-heal|p2a: Ogerpon|58/100|[from] drain|[of] p1a: Weezing
|
|-heal|p1a: Weezing|77/100|[from] item: Leftovers
|upkeep
|turn|20
|
|t:|1781268569
|switch|p2a: Tornadus|Tornadus-Therian, M|35/100
|move|p1a: Weezing|Will-O-Wisp|p2a: Tornadus
|-status|p2a: Tornadus|brn
|
|-heal|p1a: Weezing|83/100|[from] item: Leftovers
|-damage|p2a: Tornadus|28/100 brn|[from] brn
|upkeep
|turn|21
|
|t:|1781268580
|move|p1a: Weezing|Protect|p1a: Weezing
|-singleturn|p1a: Weezing|Protect
|move|p2a: Tornadus|Bleakwind Storm|p1a: Weezing
|-activate|p1a: Weezing|move: Protect
|
|-heal|p1a: Weezing|89/100|[from] item: Leftovers
|-damage|p2a: Tornadus|22/100 brn|[from] brn
|upkeep
|turn|22
|
|t:|1781268590
|-end|p1a: Weezing|ability: Neutralizing Gas
|switch|p1a: Ting-Lu|Ting-Lu|89/100
|-damage|p1a: Ting-Lu|83/100|[from] Stealth Rock
|-ability|p1a: Ting-Lu|Vessel of Ruin
|move|p2a: Tornadus|Bleakwind Storm|p1a: Ting-Lu
|-damage|p1a: Ting-Lu|67/100
|
|-damage|p2a: Tornadus|16/100 brn|[from] brn
|upkeep
|turn|23
|
|t:|1781268603
|move|p2a: Tornadus|U-turn|p1a: Ting-Lu
|-supereffective|p1a: Ting-Lu
|-crit|p1a: Ting-Lu
|-damage|p1a: Ting-Lu|55/100
|
|t:|1781268606
|switch|p2a: Ogerpon|Ogerpon-Wellspring, F|58/100|[from] U-turn
|move|p1a: Ting-Lu|Stealth Rock|p2a: Ogerpon
|-sidestart|p2: yuji00|move: Stealth Rock
|
|upkeep
|turn|24
|
|t:|1781268618
|switch|p1a: Moody Blues|Dragapult, F|76/100
|-damage|p1a: Moody Blues|64/100|[from] Stealth Rock
|move|p2a: Ogerpon|Horn Leech|p1a: Moody Blues
|-resisted|p1a: Moody Blues
|-damage|p1a: Moody Blues|31/100
|-heal|p2a: Ogerpon|75/100|[from] drain|[of] p1a: Moody Blues
|
|upkeep
|turn|25
|
|t:|1781268628
|switch|p2a: Tornadus|Tornadus-Therian, M|50/100 brn
|-damage|p2a: Tornadus|25/100 brn|[from] Stealth Rock
|move|p1a: Moody Blues|Dragon Darts|p2a: Tornadus
|-damage|p2a: Tornadus|0 fnt
|faint|p2a: Tornadus
|
|upkeep
|
|t:|1781268637
|switch|p2a: Primarina|Primarina, F|75/100
|-damage|p2a: Primarina|63/100|[from] Stealth Rock
|turn|26
|
|t:|1781268643
|switch|p1a: Corviknight|Corviknight, F|33/100
|-damage|p1a: Corviknight|20/100|[from] Stealth Rock
|-ability|p1a: Corviknight|Pressure
|move|p2a: Primarina|Moonblast|p1a: Corviknight
|-resisted|p1a: Corviknight
|-damage|p1a: Corviknight|0 fnt
|faint|p1a: Corviknight
|
|upkeep
|
|t:|1781268654
|switch|p1a: Fogbound Lake|Alomomola, F|98/100
|-damage|p1a: Fogbound Lake|86/100|[from] Stealth Rock
|turn|27
|
|t:|1781268663
|move|p2a: Primarina|Moonblast|p1a: Fogbound Lake
|-damage|p1a: Fogbound Lake|0 fnt
|faint|p1a: Fogbound Lake
|
|upkeep
|
|t:|1781268677
|switch|p1a: Moody Blues|Dragapult, F|31/100
|-damage|p1a: Moody Blues|19/100|[from] Stealth Rock
|turn|28
|
|t:|1781268681
|move|p1a: Moody Blues|Phantom Force||[still]
|-prepare|p1a: Moody Blues|Phantom Force
|move|p2a: Primarina|Moonblast|p1a: Moody Blues|[miss]
|-miss|p2a: Primarina|p1a: Moody Blues
|
|upkeep
|turn|29
|
|t:|1781268689
|switch|p2a: Iron Treads|Iron Treads|67/100
|-damage|p2a: Iron Treads|64/100|[from] Stealth Rock
|move|p1a: Moody Blues|Phantom Force|p2a: Iron Treads|[from] lockedmove
|-damage|p2a: Iron Treads|21/100
|
|-heal|p2a: Iron Treads|27/100|[from] item: Leftovers
|upkeep
|turn|30
|
|t:|1781268699
|move|p1a: Moody Blues|Phantom Force||[still]
|-prepare|p1a: Moody Blues|Phantom Force
|move|p2a: Iron Treads|Earthquake|p1a: Moody Blues|[miss]
|-miss|p2a: Iron Treads|p1a: Moody Blues
|
|-heal|p2a: Iron Treads|33/100|[from] item: Leftovers
|upkeep
|turn|31
|
|t:|1781268707
|move|p1a: Moody Blues|Phantom Force|p2a: Iron Treads|[from] lockedmove
|-damage|p2a: Iron Treads|0 fnt
|faint|p2a: Iron Treads
|-end|p2a: Iron Treads|Quark Drive|[silent]
|
|upkeep
|
|t:|1781268712
|switch|p2a: Kingambit|Kingambit, F|100/100
|-damage|p2a: Kingambit|94/100|[from] Stealth Rock
|-activate|p2a: Kingambit|ability: Supreme Overlord
|-start|p2a: Kingambit|fallen2|[silent]
|turn|32
|
|t:|1781268720
|switch|p1a: Weezing|Weezing-Galar, F|89/100
|-ability|p1a: Weezing|Neutralizing Gas
|-damage|p1a: Weezing|77/100|[from] Stealth Rock
|move|p2a: Kingambit|Iron Head|p1a: Weezing
|-supereffective|p1a: Weezing
|-damage|p1a: Weezing|8/100
|
|-heal|p1a: Weezing|14/100|[from] item: Leftovers
|-heal|p2a: Kingambit|100/100|[from] item: Leftovers
|upkeep
|turn|33
|
|t:|1781268732
|move|p1a: Weezing|Will-O-Wisp|p2a: Kingambit
|-status|p2a: Kingambit|brn
|move|p2a: Kingambit|Kowtow Cleave|p1a: Weezing
|-resisted|p1a: Weezing
|-damage|p1a: Weezing|5/100
|
|-heal|p1a: Weezing|11/100|[from] item: Leftovers
|-damage|p2a: Kingambit|94/100 brn|[from] brn
|upkeep
|turn|34
|
|t:|1781268743
|move|p1a: Weezing|Defog|p2a: Kingambit
|-unboost|p2a: Kingambit|evasion|1
|-sideend|p2: yuji00|Stealth Rock|[from] move: Defog|[of] p1a: Weezing
|-sideend|p1: STONE CHAI|Stealth Rock|[from] move: Defog|[of] p1a: Weezing
|move|p2a: Kingambit|Iron Head|p1a: Weezing
|-supereffective|p1a: Weezing
|-damage|p1a: Weezing|0 fnt
|faint|p1a: Weezing
|-end|p1a: Weezing|ability: Neutralizing Gas
|-activate|p2a: Kingambit|ability: Supreme Overlord
|-start|p2a: Kingambit|fallen2|[silent]
|
|-heal|p2a: Kingambit|100/100 brn|[from] item: Leftovers
|-damage|p2a: Kingambit|94/100 brn|[from] brn
|upkeep
|
|t:|1781268751
|switch|p1a: Ting-Lu|Ting-Lu|55/100
|-ability|p1a: Ting-Lu|Vessel of Ruin
|turn|35
|
|t:|1781268764
|-end|p2a: Kingambit|fallen2|[silent]
|switch|p2a: Ogerpon|Ogerpon-Wellspring, F|75/100
|move|p1a: Ting-Lu|Stealth Rock|p2a: Ogerpon
|-sidestart|p2: yuji00|move: Stealth Rock
|
|upkeep
|turn|36
|
|t:|1781268776
|switch|p1a: Moody Blues|Dragapult, F|19/100
|move|p2a: Ogerpon|Ivy Cudgel|p1a: Moody Blues|[anim] Ivy Cudgel Water
|-resisted|p1a: Moody Blues
|-damage|p1a: Moody Blues|0 fnt
|faint|p1a: Moody Blues
|
|upkeep
|-message|STONE CHAI forfeited.
|
|win|yuji00
|raw|STONE CHAI's rating: 1555 &rarr; <strong>1535</strong><br />(-20 for losing)
|raw|yuji00's rating: 1549 &rarr; <strong>1569</strong><br />(+20 for winning)
|l|☆STONE CHAI
|player|p1|
