|badge|p2|bronze|gen9ubers|100-9
|uhtml|medal-msg|<div class="broadcast-blue">Curious what those medals under the avatar are? PS now has Ladder Seasons! For more information, check out the <a href="https://www.smogon.com/forums/threads/3740067/">thread on Smogon.</a></div>
|j|☆suprya
|j|☆oddishlover4
|t:|1781035228
|gametype|singles
|player|p1|suprya|clown|1705
|player|p2|oddishlover4|acetrainerf|1622
|gen|9
|tier|[Gen 9] OU
|rated|
|rule|HP Percentage Mod: HP is shown in percentages
|rule|Endless Battle Clause: Forcing endless battles is banned
|rule|Species Clause: Limit one of each Pokémon
|rule|OHKO Clause: OHKO moves are banned
|rule|Evasion Items Clause: Evasion items are banned
|rule|Evasion Moves Clause: Evasion moves are banned
|rule|Evasion Abilities Clause: Evasion abilities are banned
|rule|Sleep Moves Clause: Sleep-inducing moves are banned
|clearpoke
|poke|p1|Ursaluna, M|
|poke|p1|Alomomola, F|
|poke|p1|Sinistcha|
|poke|p1|Iron Treads|
|poke|p1|Iron Valiant|
|poke|p1|Hydreigon, M|
|poke|p2|Kyurem|
|poke|p2|Hatterene, F|
|poke|p2|Darkrai|
|poke|p2|Great Tusk|
|poke|p2|Dragonite, F|
|poke|p2|Gholdengo|
|teampreview
|inactive|Battle timer is ON: inactive players will automatically lose when time's up. (requested by suprya)
|j| qklingying
|c|☆oddishlover4|gl/hf!
|inactive|oddishlover4 also wants the timer to be on.
|
|t:|1781035255
|teamsize|p1|6
|teamsize|p2|6
|start
|switch|p1a: Iron Valiant|Iron Valiant|100/100
|switch|p2a: Boompala|Kyurem|100/100
|-ability|p2a: Boompala|Pressure
|turn|1
|
|t:|1781035273
|-terastallize|p2a: Boompala|Poison
|move|p1a: Iron Valiant|Moonblast|p2a: Boompala
|-resisted|p2a: Boompala
|-damage|p2a: Boompala|77/100
|move|p2a: Boompala|Ice Beam|p1a: Iron Valiant
|-damage|p1a: Iron Valiant|17/100
|
|upkeep
|turn|2
|
|t:|1781035293
|-end|p1a: Iron Valiant|Quark Drive|[silent]
|switch|p1a: Iron Treads|Iron Treads|100/100
|move|p2a: Boompala|Ice Beam|p1a: Iron Treads
|-damage|p1a: Iron Treads|61/100
|
|-heal|p1a: Iron Treads|67/100|[from] item: Leftovers
|upkeep
|turn|3
|
|t:|1781035312
|move|p2a: Boompala|Earth Power|p1a: Iron Treads
|-supereffective|p1a: Iron Treads
|-damage|p1a: Iron Treads|12/100
|move|p1a: Iron Treads|Earthquake|p2a: Boompala
|-supereffective|p2a: Boompala
|-damage|p2a: Boompala|18/100
|
|-heal|p1a: Iron Treads|18/100|[from] item: Leftovers
|upkeep
|turn|4
|inactive|oddishlover4 has 120 seconds left.
|
|t:|1781035335
|-end|p1a: Iron Treads|Quark Drive|[silent]
|switch|p1a: Alomomola|Alomomola, F|100/100
|move|p2a: Boompala|Freeze-Dry|p1a: Alomomola
|-supereffective|p1a: Alomomola
|-damage|p1a: Alomomola|38/100
|
|upkeep
|turn|5
|inactive|oddishlover4 has 120 seconds left.
|l| qklingying
|
|t:|1781035354
|switch|p1a: Iron Valiant|Iron Valiant|17/100
|move|p2a: Boompala|Freeze-Dry|p1a: Iron Valiant
|-damage|p1a: Iron Valiant|0 fnt
|faint|p1a: Iron Valiant
|-end|p1a: Iron Valiant|Quark Drive|[silent]
|
|upkeep
|inactive|suprya has 120 seconds left.
|
|t:|1781035372
|switch|p1a: Hydreigon|Hydreigon, M|100/100
|turn|6
|inactive|oddishlover4 has 120 seconds left.
|
|t:|1781035390
|move|p1a: Hydreigon|Dark Pulse|p2a: Boompala
|-damage|p2a: Boompala|0 fnt
|faint|p2a: Boompala
|
|upkeep
|j| testingrainteam1
|
|t:|1781035408
|switch|p2a: Perfect Night|Darkrai|100/100
|turn|7
|l| testingrainteam1
|
|t:|1781035430
|switch|p1a: Iron Treads|Iron Treads|18/100
|move|p2a: Perfect Night|Dark Pulse|p1a: Iron Treads
|-damage|p1a: Iron Treads|0 fnt
|faint|p1a: Iron Treads
|-end|p1a: Iron Treads|Quark Drive|[silent]
|
|upkeep
|
|t:|1781035433
|switch|p1a: Hydreigon|Hydreigon, M|100/100
|turn|8
|
|t:|1781035451
|move|p2a: Perfect Night|Dark Pulse|p1a: Hydreigon
|-resisted|p1a: Hydreigon
|-damage|p1a: Hydreigon|72/100
|move|p1a: Hydreigon|U-turn|p2a: Perfect Night
|-supereffective|p2a: Perfect Night
|-damage|p2a: Perfect Night|55/100
|inactive|suprya has 120 seconds left.
|
|t:|1781035472
|switch|p1a: Ursaluna|Ursaluna, M|100/100|[from] U-turn
|
|-status|p1a: Ursaluna|brn|[from] item: Flame Orb
|upkeep
|turn|9
|
|t:|1781035490
|move|p2a: Perfect Night|Dark Pulse|p1a: Ursaluna
|-damage|p1a: Ursaluna|58/100 brn
|move|p1a: Ursaluna|Fire Punch|p2a: Perfect Night
|-damage|p2a: Perfect Night|0 fnt
|faint|p2a: Perfect Night
|
|-damage|p1a: Ursaluna|52/100 brn|[from] brn
|upkeep
|inactive|oddishlover4 has 90 seconds left.
|
|t:|1781035509
|switch|p2a: Celebration|Gholdengo|100/100
|turn|10
|inactive|oddishlover4 has 90 seconds left.
|
|t:|1781035527
|switch|p1a: Alomomola|Alomomola, F|72/100
|move|p2a: Celebration|Shadow Ball|p1a: Alomomola
|-damage|p1a: Alomomola|36/100
|
|upkeep
|turn|11
|inactive|oddishlover4 has 90 seconds left.
|inactive|suprya has 120 seconds left.
|
|t:|1781035550
|move|p2a: Celebration|Shadow Ball|p1a: Alomomola
|-damage|p1a: Alomomola|0 fnt
|faint|p1a: Alomomola
|
|upkeep
|
|t:|1781035553
|switch|p1a: Ursaluna|Ursaluna, M|52/100 brn
|turn|12
|inactive|oddishlover4 has 90 seconds left.
|j| qklingying
|
|t:|1781035571
|move|p2a: Celebration|Make It Rain|p1a: Ursaluna
|-damage|p1a: Ursaluna|0 fnt
|-unboost|p2a: Celebration|spa|1
|faint|p1a: Ursaluna
|
|upkeep
|-message|suprya forfeited.
|
|win|oddishlover4
|raw|suprya's rating: 1727 &rarr; <strong>1701</strong><br />(-26 for losing)
|raw|oddishlover4's rating: 1622 &rarr; <strong>1648</strong><br />(+26 for winning)
|c|☆oddishlover4|GG!
|l|☆suprya
|player|p1|
|l| qklingying
|l|☆oddishlover4
|player|p2|
