|j|☆btu100
|j|☆waybuloo
|t:|1781139318
|gametype|singles
|player|p1|btu100|benga|1606
|player|p2|waybuloo|erika-gen1rb|1526
|gen|9
|tier|[Gen 9] OU
|rated|
|rule|HP Percentage Mod: HP is shown in percentages
|rule|Endless Battle Clause: Forcing endless battles is banned
|rule|Species Clause: Limit one of each Pokémon
|rule|OHKO Clause: OHKO moves are banned
|rule|Evasion Items Clause: Evasion items are banned
|rule|Evasion Moves Clause: Evasion moves are banned
|rule|Evasion Abilities Clause: Evasion abilities are banned
|rule|Sleep Moves Clause: Sleep-inducing moves are banned
|clearpoke
|poke|p1|Alomomola, F|
|poke|p1|Meowscarada, M|
|poke|p1|Arcanine-Hisui, M|
|poke|p1|Hatterene, F|
|poke|p1|Corviknight, F|
|poke|p1|Ting-Lu|
|poke|p2|Tyranitar, M|
|poke|p2|Excadrill, F|
|poke|p2|Latios, M|
|poke|p2|Moltres|
|poke|p2|Chesnaught, M|
|poke|p2|Kingambit, F|
|teampreview
|inactive|Battle timer is ON: inactive players will automatically lose when time's up. (requested by btu100)
|c|☆btu100|hf
|c|☆waybuloo|u2
|
|t:|1781139348
|teamsize|p1|6
|teamsize|p2|6
|start
|switch|p1a: Arcanine|Arcanine-Hisui, M, shiny|100/100
|switch|p2a: Tyranitar|Tyranitar, M|100/100
|-weather|Sandstorm|[from] ability: Sand Stream|[of] p2a: Tyranitar
|turn|1
|
|t:|1781139357
|switch|p2a: Chesnaught|Chesnaught, M|100/100
|move|p1a: Arcanine|Close Combat|p2a: Chesnaught
|-damage|p2a: Chesnaught|64/100
|-unboost|p1a: Arcanine|def|1
|-unboost|p1a: Arcanine|spd|1
|-damage|p1a: Arcanine|84/100|[from] item: Rocky Helmet|[of] p2a: Chesnaught
|
|-weather|Sandstorm|[upkeep]
|-damage|p2a: Chesnaught|58/100|[from] Sandstorm
|upkeep
|turn|2
|
|t:|1781139363
|switch|p1a: Hatterene|Hatterene, F, shiny|100/100
|move|p2a: Chesnaught|Knock Off|p1a: Hatterene
|-damage|p1a: Hatterene|82/100
|-damage|p2a: Chesnaught|42/100|[from] item: Rocky Helmet|[of] p1a: Hatterene
|-enditem|p1a: Hatterene|Rocky Helmet|[from] move: Knock Off|[of] p2a: Chesnaught
|
|-weather|Sandstorm|[upkeep]
|-damage|p2a: Chesnaught|35/100|[from] Sandstorm
|-damage|p1a: Hatterene|76/100|[from] Sandstorm
|upkeep
|turn|3
|
|t:|1781139378
|switch|p2a: Excadrill|Excadrill, F|100/100
|-item|p2a: Excadrill|Air Balloon
|move|p1a: Hatterene|Draining Kiss|p2a: Excadrill
|-resisted|p2a: Excadrill
|-damage|p2a: Excadrill|84/100
|-heal|p1a: Hatterene|90/100|[from] drain|[of] p2a: Excadrill
|-enditem|p2a: Excadrill|Air Balloon
|
|-weather|Sandstorm|[upkeep]
|-damage|p1a: Hatterene|84/100|[from] Sandstorm
|upkeep
|turn|4
|
|t:|1781139383
|switch|p1a: Corviknight|Corviknight, F, shiny|100/100
|-ability|p1a: Corviknight|Pressure
|move|p2a: Excadrill|Rock Slide|p1a: Corviknight
|-damage|p1a: Corviknight|82/100
|
|-weather|Sandstorm|[upkeep]
|upkeep
|turn|5
|
|t:|1781139395
|switch|p2a: Moltres|Moltres|100/100
|move|p1a: Corviknight|U-turn|p2a: Moltres
|-resisted|p2a: Moltres
|-damage|p2a: Moltres|97/100
|
|t:|1781139398
|switch|p1a: Arcanine|Arcanine-Hisui, M, shiny|84/100|[from] U-turn
|
|-weather|Sandstorm|[upkeep]
|-damage|p2a: Moltres|91/100|[from] Sandstorm
|upkeep
|turn|6
|
|t:|1781139413
|-terastallize|p2a: Moltres|Fairy
|move|p1a: Arcanine|Head Smash|p2a: Moltres
|-damage|p2a: Moltres|0 fnt
|faint|p2a: Moltres
|
|-weather|Sandstorm|[upkeep]
|upkeep
|
|t:|1781139418
|switch|p2a: Excadrill|Excadrill, F|84/100
|turn|7
|
|t:|1781139421
|switch|p1a: Corviknight|Corviknight, F, shiny|82/100
|-ability|p1a: Corviknight|Pressure
|move|p2a: Excadrill|Swords Dance|p2a: Excadrill
|-boost|p2a: Excadrill|atk|2
|
|-weather|Sandstorm|[upkeep]
|upkeep
|turn|8
|
|t:|1781139434
|move|p2a: Excadrill|Rock Slide|p1a: Corviknight
|-damage|p1a: Corviknight|49/100
|cant|p1a: Corviknight|flinch
|
|-weather|none
|upkeep
|turn|9
|
|t:|1781139440
|move|p2a: Excadrill|Rock Slide|p1a: Corviknight
|-damage|p1a: Corviknight|16/100
|move|p1a: Corviknight|Roost|p1a: Corviknight
|-heal|p1a: Corviknight|66/100
|-singleturn|p1a: Corviknight|move: Roost
|
|upkeep
|turn|10
|
|t:|1781139443
|move|p2a: Excadrill|Rock Slide|p1a: Corviknight
|-damage|p1a: Corviknight|28/100
|move|p1a: Corviknight|Roost|p1a: Corviknight
|-heal|p1a: Corviknight|78/100
|-singleturn|p1a: Corviknight|move: Roost
|
|upkeep
|turn|11
|
|t:|1781139450
|move|p2a: Excadrill|Rock Slide|p1a: Corviknight
|-damage|p1a: Corviknight|43/100
|move|p1a: Corviknight|Roost|p1a: Corviknight
|-heal|p1a: Corviknight|93/100
|-singleturn|p1a: Corviknight|move: Roost
|
|upkeep
|turn|12
|
|t:|1781139455
|move|p2a: Excadrill|Swords Dance|p2a: Excadrill
|-boost|p2a: Excadrill|atk|2
|move|p1a: Corviknight|Body Press|p2a: Excadrill
|-supereffective|p2a: Excadrill
|-damage|p2a: Excadrill|14/100
|
|upkeep
|turn|13
|inactive|btu100 has 120 seconds left.
|inactive|btu100 has 90 seconds left.
|
|t:|1781139526
|switch|p2a: Chesnaught|Chesnaught, M|35/100
|switch|p1a: Alomomola|Alomomola, F|100/100
|
|upkeep
|turn|14
|inactive|waybuloo has 120 seconds left.
|
|t:|1781139567
|move|p2a: Chesnaught|Synthesis|p2a: Chesnaught
|-heal|p2a: Chesnaught|85/100
|move|p1a: Alomomola|Scald|p2a: Chesnaught
|-resisted|p2a: Chesnaught
|-damage|p2a: Chesnaught|78/100
|-status|p2a: Chesnaught|brn
|
|-damage|p2a: Chesnaught|72/100 brn|[from] brn
|upkeep
|turn|15
|-message|waybuloo forfeited.
|
|win|btu100
|raw|btu100's rating: 1606 &rarr; <strong>1621</strong><br />(+15 for winning)
|raw|waybuloo's rating: 1526 &rarr; <strong>1511</strong><br />(-15 for losing)
|l|☆waybuloo
|player|p2|
|l|☆btu100
|player|p1|
