|j|☆waybuloo
|j|‽LT_Alt1
|t:|1781156478
|gametype|singles
|player|p1|waybuloo|erika-gen1rb|1582
|player|p2|LT_Alt1|266|1658
|gen|9
|tier|[Gen 9] OU
|rated|
|rule|HP Percentage Mod: HP is shown in percentages
|rule|Endless Battle Clause: Forcing endless battles is banned
|rule|Species Clause: Limit one of each Pokémon
|rule|OHKO Clause: OHKO moves are banned
|rule|Evasion Items Clause: Evasion items are banned
|rule|Evasion Moves Clause: Evasion moves are banned
|rule|Evasion Abilities Clause: Evasion abilities are banned
|rule|Sleep Moves Clause: Sleep-inducing moves are banned
|clearpoke
|poke|p1|Tyranitar, M|
|poke|p1|Excadrill, M|
|poke|p1|Iron Valiant|
|poke|p1|Moltres|
|poke|p1|Chesnaught, M|
|poke|p1|Kingambit, F|
|poke|p2|Kyurem|
|poke|p2|Raging Bolt|
|poke|p2|Hatterene, F|
|poke|p2|Slowking-Galar, M|
|poke|p2|Ting-Lu|
|poke|p2|Corviknight, M|
|teampreview
|
|t:|1781156504
|teamsize|p1|6
|teamsize|p2|6
|start
|switch|p1a: Iron Valiant|Iron Valiant|100/100
|switch|p2a: Ting-Lu|Ting-Lu|100/100
|-ability|p2a: Ting-Lu|Vessel of Ruin
|turn|1
|
|t:|1781156517
|move|p1a: Iron Valiant|Moonblast|p2a: Ting-Lu
|-supereffective|p2a: Ting-Lu
|-damage|p2a: Ting-Lu|36/100
|move|p2a: Ting-Lu|Stealth Rock|p1a: Iron Valiant
|-sidestart|p1: waybuloo|move: Stealth Rock
|
|-heal|p2a: Ting-Lu|43/100|[from] item: Leftovers
|upkeep
|turn|2
|
|t:|1781156524
|move|p1a: Iron Valiant|Moonblast|p2a: Ting-Lu
|-supereffective|p2a: Ting-Lu
|-damage|p2a: Ting-Lu|0 fnt
|faint|p2a: Ting-Lu
|
|upkeep
|
|t:|1781156527
|switch|p2a: Slowking|Slowking-Galar, M|100/100
|turn|3
|
|t:|1781156533
|-end|p1a: Iron Valiant|Quark Drive|[silent]
|switch|p1a: Tyranitar|Tyranitar, M|100/100
|-damage|p1a: Tyranitar|88/100|[from] Stealth Rock
|-weather|Sandstorm|[from] ability: Sand Stream|[of] p1a: Tyranitar
|-prepare|p2a: Slowking|Chilly Reception|[premajor]
|move|p2a: Slowking|Chilly Reception|p2a: Slowking
|-weather|Snowscape
|
|t:|1781156539
|switch|p2a: Kyurem|Kyurem|100/100|[from] Chilly Reception
|-ability|p2a: Kyurem|Pressure
|
|-weather|Snowscape|[upkeep]
|upkeep
|turn|4
|l|☆waybuloo
|player|p1|
|j|☆waybuloo
|player|p1|waybuloo|erika-gen1rb|
|
|t:|1781156556
|move|p2a: Kyurem|Blizzard|p1a: Tyranitar
|-damage|p1a: Tyranitar|6/100
|move|p1a: Tyranitar|Knock Off|p2a: Kyurem
|-damage|p2a: Kyurem|64/100
|-enditem|p2a: Kyurem|Choice Specs|[from] move: Knock Off|[of] p1a: Tyranitar
|
|-weather|Snowscape|[upkeep]
|upkeep
|turn|5
|
|t:|1781156571
|switch|p1a: Moltres|Moltres|100/100
|move|p2a: Kyurem|Blizzard|p1a: Moltres
|-damage|p1a: Moltres|57/100
|
|-weather|Snowscape|[upkeep]
|upkeep
|turn|6
|
|t:|1781156575
|move|p2a: Kyurem|Draco Meteor|p1a: Moltres
|-damage|p1a: Moltres|13/100
|-unboost|p2a: Kyurem|spa|2
|move|p1a: Moltres|U-turn|p2a: Kyurem
|-damage|p2a: Kyurem|55/100
|
|t:|1781156588
|switch|p1a: Tyranitar|Tyranitar, M|6/100|[from] U-turn
|-damage|p1a: Tyranitar|0 fnt|[from] Stealth Rock
|faint|p1a: Tyranitar
|
|-weather|Snowscape|[upkeep]
|upkeep
|
|t:|1781156590
|switch|p1a: Iron Valiant|Iron Valiant|100/100
|-damage|p1a: Iron Valiant|94/100|[from] Stealth Rock
|turn|7
|
|t:|1781156608
|switch|p2a: Slowking|Slowking-Galar, M|100/100
|move|p1a: Iron Valiant|Shadow Ball|p2a: Slowking
|-supereffective|p2a: Slowking
|-damage|p2a: Slowking|44/100
|
|-weather|none
|upkeep
|turn|8
|inactive|Battle timer is ON: inactive players will automatically lose when time's up. (requested by waybuloo)
|
|t:|1781156638
|switch|p2a: Raging Bolt|Raging Bolt|100/100
|move|p1a: Iron Valiant|Shadow Ball|p2a: Raging Bolt
|-damage|p2a: Raging Bolt|79/100
|
|upkeep
|turn|9
|
|t:|1781156644
|-end|p1a: Iron Valiant|Quark Drive|[silent]
|switch|p1a: Moltres|Moltres|13/100
|-end|p2a: Raging Bolt|Protosynthesis|[silent]
|switch|p2a: Kyurem|Kyurem|55/100
|-ability|p2a: Kyurem|Pressure
|
|upkeep
|turn|10
|
|t:|1781156648
|move|p2a: Kyurem|Freeze-Dry|p1a: Moltres
|-damage|p1a: Moltres|0 fnt
|faint|p1a: Moltres
|
|upkeep
|
|t:|1781156651
|switch|p1a: Iron Valiant|Iron Valiant|94/100
|-damage|p1a: Iron Valiant|88/100|[from] Stealth Rock
|turn|11
|
|t:|1781156658
|switch|p2a: Slowking|Slowking-Galar, M|77/100
|move|p1a: Iron Valiant|Moonblast|p2a: Slowking
|-resisted|p2a: Slowking
|-damage|p2a: Slowking|55/100
|
|upkeep
|turn|12
|
|t:|1781156664
|-end|p1a: Iron Valiant|Quark Drive|[silent]
|switch|p1a: Excadrill|Excadrill, M|100/100
|-damage|p1a: Excadrill|97/100|[from] Stealth Rock
|-item|p1a: Excadrill|Air Balloon
|-prepare|p2a: Slowking|Chilly Reception|[premajor]
|move|p2a: Slowking|Chilly Reception|p2a: Slowking
|-weather|Snowscape
|
|t:|1781156669
|switch|p2a: Kyurem|Kyurem|55/100|[from] Chilly Reception
|-ability|p2a: Kyurem|Pressure
|
|-weather|Snowscape|[upkeep]
|upkeep
|turn|13
|
|t:|1781156682
|switch|p1a: Chesnaught|Chesnaught, M|100/100
|-damage|p1a: Chesnaught|94/100|[from] Stealth Rock
|move|p2a: Kyurem|Blizzard|p1a: Chesnaught
|-supereffective|p1a: Chesnaught
|-damage|p1a: Chesnaught|0 fnt
|faint|p1a: Chesnaught
|
|-weather|Snowscape|[upkeep]
|upkeep
|
|t:|1781156684
|switch|p1a: Kingambit|Kingambit, F|100/100
|-damage|p1a: Kingambit|94/100|[from] Stealth Rock
|-activate|p1a: Kingambit|ability: Supreme Overlord
|-start|p1a: Kingambit|fallen3|[silent]
|turn|14
|
|t:|1781156690
|move|p2a: Kyurem|Earth Power|p1a: Kingambit
|-supereffective|p1a: Kingambit
|-damage|p1a: Kingambit|22/100
|move|p1a: Kingambit|Iron Head|p2a: Kyurem
|-supereffective|p2a: Kyurem
|-damage|p2a: Kyurem|0 fnt
|faint|p2a: Kyurem
|
|-weather|Snowscape|[upkeep]
|-heal|p1a: Kingambit|28/100|[from] item: Leftovers
|upkeep
|
|t:|1781156696
|switch|p2a: Corviknight|Corviknight, M|100/100
|-ability|p2a: Corviknight|Pressure
|turn|15
|
|t:|1781156702
|-end|p1a: Kingambit|fallen3|[silent]
|switch|p1a: Excadrill|Excadrill, M|97/100
|-damage|p1a: Excadrill|94/100|[from] Stealth Rock
|-item|p1a: Excadrill|Air Balloon
|move|p2a: Corviknight|Body Press|p1a: Excadrill
|-supereffective|p1a: Excadrill
|-damage|p1a: Excadrill|23/100
|-enditem|p1a: Excadrill|Air Balloon
|
|-weather|Snowscape|[upkeep]
|upkeep
|turn|16
|
|t:|1781156709
|move|p1a: Excadrill|Rapid Spin|p2a: Corviknight
|-resisted|p2a: Corviknight
|-damage|p2a: Corviknight|93/100
|-boost|p1a: Excadrill|spe|1
|-damage|p1a: Excadrill|7/100|[from] item: Rocky Helmet|[of] p2a: Corviknight
|-sideend|p1: waybuloo|Stealth Rock|[from] move: Rapid Spin|[of] p1a: Excadrill
|move|p2a: Corviknight|Body Press|p1a: Excadrill
|-supereffective|p1a: Excadrill
|-damage|p1a: Excadrill|0 fnt
|faint|p1a: Excadrill
|
|-weather|none
|upkeep
|
|t:|1781156725
|switch|p1a: Iron Valiant|Iron Valiant|88/100
|turn|17
|
|t:|1781156734
|switch|p2a: Hatterene|Hatterene, F|100/100
|move|p1a: Iron Valiant|Trick|p2a: Hatterene
|-activate|p1a: Iron Valiant|move: Trick|[of] p2a: Hatterene
|-item|p2a: Hatterene|Choice Specs|[from] move: Trick
|-item|p1a: Iron Valiant|Leftovers|[from] move: Trick
|
|-heal|p1a: Iron Valiant|94/100|[from] item: Leftovers
|upkeep
|turn|18
|
|t:|1781156746
|move|p1a: Iron Valiant|Shadow Ball|p2a: Hatterene
|-supereffective|p2a: Hatterene
|-damage|p2a: Hatterene|55/100
|move|p2a: Hatterene|Dazzling Gleam|p1a: Iron Valiant
|-supereffective|p1a: Iron Valiant
|-damage|p1a: Iron Valiant|0 fnt
|faint|p1a: Iron Valiant
|-end|p1a: Iron Valiant|Quark Drive|[silent]
|
|upkeep
|
|t:|1781156750
|switch|p1a: Kingambit|Kingambit, F|28/100
|-activate|p1a: Kingambit|ability: Supreme Overlord
|-start|p1a: Kingambit|fallen5|[silent]
|turn|19
|inactive|LT_Alt1 has 120 seconds left.
|
|t:|1781156783
|-terastallize|p1a: Kingambit|Fire
|move|p1a: Kingambit|Swords Dance|p1a: Kingambit
|-boost|p1a: Kingambit|atk|2
|move|p2a: Hatterene|Dazzling Gleam|p1a: Kingambit
|-resisted|p1a: Kingambit
|-damage|p1a: Kingambit|0 fnt
|faint|p1a: Kingambit
|-end|p1a: Kingambit|fallen5|[silent]
|
|win|LT_Alt1
|raw|waybuloo's rating: 1582 &rarr; <strong>1566</strong><br />(-16 for losing)
|raw|LT_Alt1's rating: 1658 &rarr; <strong>1674</strong><br />(+16 for winning)
|l|☆waybuloo
|player|p1|
