|j|☆skeb
|j|☆Mky27
|t:|1781444680
|gametype|singles
|player|p1|skeb|266|1558
|player|p2|Mky27|ltsurge|1564
|gen|9
|tier|[Gen 9] OU
|rated|
|rule|HP Percentage Mod: HP is shown in percentages
|rule|Endless Battle Clause: Forcing endless battles is banned
|rule|Species Clause: Limit one of each Pokémon
|rule|OHKO Clause: OHKO moves are banned
|rule|Evasion Items Clause: Evasion items are banned
|rule|Evasion Moves Clause: Evasion moves are banned
|rule|Evasion Abilities Clause: Evasion abilities are banned
|rule|Sleep Moves Clause: Sleep-inducing moves are banned
|clearpoke
|poke|p1|Slowking-Galar, F|
|poke|p1|Great Tusk|
|poke|p1|Kyurem|
|poke|p1|Kingambit, F|
|poke|p1|Cinderace, M|
|poke|p1|Zapdos|
|poke|p2|Alomomola, F|
|poke|p2|Ting-Lu|
|poke|p2|Cinderace, M|
|poke|p2|Trevenant, M|
|poke|p2|Glimmora, F|
|poke|p2|Gholdengo|
|teampreview
|inactive|Battle timer is ON: inactive players will automatically lose when time's up. (requested by Mky27)
|
|t:|1781444696
|teamsize|p1|6
|teamsize|p2|6
|start
|switch|p1a: Cinderace|Cinderace, M|100/100
|switch|p2a: Ting-Lu|Ting-Lu|100/100
|-ability|p2a: Ting-Lu|Vessel of Ruin
|turn|1
|
|t:|1781444705
|move|p1a: Cinderace|U-turn|p2a: Ting-Lu
|-start|p1a: Cinderace|typechange|Bug|[from] ability: Libero
|-supereffective|p2a: Ting-Lu
|-damage|p2a: Ting-Lu|68/100
|
|t:|1781444712
|switch|p1a: Slowking|Slowking-Galar, F|100/100|[from] U-turn
|move|p2a: Ting-Lu|Ruination|p1a: Slowking
|-damage|p1a: Slowking|50/100
|
|-heal|p2a: Ting-Lu|74/100|[from] item: Leftovers
|upkeep
|turn|2
|
|t:|1781444722
|move|p2a: Ting-Lu|Earthquake|p1a: Slowking
|-supereffective|p1a: Slowking
|-damage|p1a: Slowking|0 fnt
|faint|p1a: Slowking
|
|-heal|p2a: Ting-Lu|80/100|[from] item: Leftovers
|upkeep
|
|t:|1781444732
|switch|p1a: Great Tusk|Great Tusk|100/100
|turn|3
|
|t:|1781444738
|switch|p2a: Glimmora|Glimmora, F|100/100
|move|p1a: Great Tusk|Rapid Spin|p2a: Glimmora
|-resisted|p2a: Glimmora
|-damage|p2a: Glimmora|92/100
|-boost|p1a: Great Tusk|spe|1
|-activate|p2a: Glimmora|ability: Toxic Debris
|-sidestart|p1: skeb|move: Toxic Spikes
|-sideend|p1: skeb|Toxic Spikes|[from] move: Rapid Spin|[of] p1a: Great Tusk
|-enditem|p2a: Glimmora|Red Card|[of] p1a: Great Tusk
|-end|p1a: Great Tusk|Protosynthesis|[silent]
|drag|p1a: Zapdos|Zapdos, shiny|100/100
|
|upkeep
|turn|4
|
|t:|1781444750
|switch|p1a: Kingambit|Kingambit, F|100/100
|-activate|p1a: Kingambit|ability: Supreme Overlord
|-start|p1a: Kingambit|fallen1|[silent]
|move|p2a: Glimmora|Stealth Rock|p1a: Kingambit
|-sidestart|p1: skeb|move: Stealth Rock
|
|upkeep
|turn|5
|
|t:|1781444762
|switch|p2a: Alomomola|Alomomola, F|100/100
|move|p1a: Kingambit|Iron Head|p2a: Alomomola
|-resisted|p2a: Alomomola
|-damage|p2a: Alomomola|86/100
|-damage|p1a: Kingambit|84/100|[from] item: Rocky Helmet|[of] p2a: Alomomola
|
|-heal|p1a: Kingambit|90/100|[from] item: Leftovers
|upkeep
|turn|6
|
|t:|1781444773
|move|p2a: Alomomola|Wish|p2a: Alomomola
|move|p1a: Kingambit|Swords Dance|p1a: Kingambit
|-boost|p1a: Kingambit|atk|2
|
|-heal|p1a: Kingambit|96/100|[from] item: Leftovers
|upkeep
|turn|7
|
|t:|1781444781
|move|p2a: Alomomola|Scald|p1a: Kingambit
|-damage|p1a: Kingambit|82/100
|move|p1a: Kingambit|Swords Dance|p1a: Kingambit
|-boost|p1a: Kingambit|atk|2
|
|-heal|p2a: Alomomola|100/100|[from] move: Wish|[wisher] Alomomola
|-heal|p1a: Kingambit|89/100|[from] item: Leftovers
|upkeep
|turn|8
|
|t:|1781444791
|move|p2a: Alomomola|Scald|p1a: Kingambit
|-damage|p1a: Kingambit|75/100
|move|p1a: Kingambit|Swords Dance|p1a: Kingambit
|-boost|p1a: Kingambit|atk|2
|
|-heal|p1a: Kingambit|82/100|[from] item: Leftovers
|upkeep
|turn|9
|
|t:|1781444800
|move|p1a: Kingambit|Sucker Punch|p2a: Alomomola
|-damage|p2a: Alomomola|6/100
|-damage|p1a: Kingambit|65/100|[from] item: Rocky Helmet|[of] p2a: Alomomola
|move|p2a: Alomomola|Scald|p1a: Kingambit
|-damage|p1a: Kingambit|50/100
|-status|p1a: Kingambit|brn
|
|-heal|p1a: Kingambit|57/100 brn|[from] item: Leftovers
|-damage|p1a: Kingambit|50/100 brn|[from] brn
|upkeep
|turn|10
|
|t:|1781444813
|switch|p2a: Glimmora|Glimmora, F|92/100
|move|p1a: Kingambit|Iron Head|p2a: Glimmora
|-supereffective|p2a: Glimmora
|-damage|p2a: Glimmora|0 fnt
|-activate|p2a: Glimmora|ability: Toxic Debris
|-sidestart|p1: skeb|move: Toxic Spikes
|faint|p2a: Glimmora
|
|-heal|p1a: Kingambit|57/100 brn|[from] item: Leftovers
|-damage|p1a: Kingambit|50/100 brn|[from] brn
|upkeep
|
|t:|1781444828
|switch|p2a: Cinderace|Cinderace, M|100/100
|turn|11
|
|t:|1781444837
|move|p2a: Cinderace|Sucker Punch|p1a: Kingambit
|-start|p2a: Cinderace|typechange|Dark|[from] ability: Libero
|-resisted|p1a: Kingambit
|-damage|p1a: Kingambit|37/100 brn
|move|p1a: Kingambit|Sucker Punch||[still]
|-fail|p1a: Kingambit
|
|-heal|p1a: Kingambit|44/100 brn|[from] item: Leftovers
|-damage|p1a: Kingambit|37/100 brn|[from] brn
|upkeep
|turn|12
|
|t:|1781444848
|move|p2a: Cinderace|Pyro Ball|p1a: Kingambit
|-supereffective|p1a: Kingambit
|-damage|p1a: Kingambit|0 fnt
|faint|p1a: Kingambit
|-end|p1a: Kingambit|fallen1|[silent]
|
|upkeep
|
|t:|1781444855
|switch|p1a: Cinderace|Cinderace, M|100/100
|turn|13
|
|t:|1781444863
|switch|p2a: Alomomola|Alomomola, F|39/100
|move|p1a: Cinderace|Court Change|p1a: Cinderace
|-start|p1a: Cinderace|typechange|Normal|[from] ability: Libero
|-swapsideconditions
|-activate|p1a: Cinderace|move: Court Change
|
|upkeep
|turn|14
|
|t:|1781444872
|move|p1a: Cinderace|U-turn|p2a: Alomomola
|-damage|p2a: Alomomola|29/100
|-damage|p1a: Cinderace|84/100|[from] item: Rocky Helmet|[of] p2a: Alomomola
|
|t:|1781444874
|switch|p1a: Kyurem|Kyurem|100/100|[from] U-turn
|-ability|p1a: Kyurem|Pressure
|move|p2a: Alomomola|Flip Turn|p1a: Kyurem
|-resisted|p1a: Kyurem
|-damage|p1a: Kyurem|93/100
|
|t:|1781444883
|switch|p2a: Cinderace|Cinderace, M|100/100|[from] Flip Turn
|
|upkeep
|turn|15
|
|t:|1781444890
|move|p2a: Cinderace|Court Change|p2a: Cinderace
|-start|p2a: Cinderace|typechange|Normal|[from] ability: Libero
|-swapsideconditions
|-activate|p2a: Cinderace|move: Court Change
|move|p1a: Kyurem|Ice Beam|p2a: Cinderace
|-damage|p2a: Cinderace|0 fnt
|faint|p2a: Cinderace
|
|upkeep
|
|t:|1781444898
|switch|p2a: Gholdengo|Gholdengo|100/100
|turn|16
|
|t:|1781444903
|switch|p1a: Zapdos|Zapdos, shiny|100/100
|move|p2a: Gholdengo|Shadow Ball|p1a: Zapdos
|-damage|p1a: Zapdos|54/100
|
|upkeep
|turn|17
|
|t:|1781444910
|move|p2a: Gholdengo|Shadow Ball|p1a: Zapdos
|-damage|p1a: Zapdos|9/100
|move|p1a: Zapdos|Volt Switch|p2a: Gholdengo
|-damage|p2a: Gholdengo|65/100
|
|t:|1781444914
|switch|p1a: Cinderace|Cinderace, M|84/100|[from] Volt Switch
|
|upkeep
|turn|18
|
|t:|1781444920
|move|p2a: Gholdengo|Shadow Ball|p1a: Cinderace
|-damage|p1a: Cinderace|31/100
|move|p1a: Cinderace|Court Change|p1a: Cinderace
|-start|p1a: Cinderace|typechange|Normal|[from] ability: Libero
|-swapsideconditions
|-activate|p1a: Cinderace|move: Court Change
|
|upkeep
|turn|19
|
|t:|1781444931
|switch|p2a: Alomomola|Alomomola, F|63/100
|-damage|p2a: Alomomola|50/100|[from] Stealth Rock
|-status|p2a: Alomomola|psn
|switch|p1a: Kyurem|Kyurem|93/100
|-ability|p1a: Kyurem|Pressure
|
|-damage|p2a: Alomomola|38/100 psn|[from] psn
|upkeep
|turn|20
|
|t:|1781444944
|move|p1a: Kyurem|Freeze-Dry|p2a: Alomomola
|-supereffective|p2a: Alomomola
|-damage|p2a: Alomomola|0 fnt
|faint|p2a: Alomomola
|
|upkeep
|
|t:|1781444950
|switch|p2a: Gholdengo|Gholdengo|65/100
|-damage|p2a: Gholdengo|59/100|[from] Stealth Rock
|turn|21
|
|t:|1781444960
|switch|p1a: Zapdos|Zapdos, shiny|9/100
|move|p2a: Gholdengo|Shadow Ball|p1a: Zapdos
|-damage|p1a: Zapdos|0 fnt
|faint|p1a: Zapdos
|
|upkeep
|
|t:|1781444966
|switch|p1a: Great Tusk|Great Tusk|100/100
|turn|22
|
|t:|1781444971
|switch|p2a: Trevenant|Trevenant, M|100/100
|-damage|p2a: Trevenant|88/100|[from] Stealth Rock
|-status|p2a: Trevenant|psn
|move|p1a: Great Tusk|Headlong Rush|p2a: Trevenant
|-resisted|p2a: Trevenant
|-damage|p2a: Trevenant|66/100 psn
|-unboost|p1a: Great Tusk|def|1
|-unboost|p1a: Great Tusk|spd|1
|
|-damage|p2a: Trevenant|53/100 psn|[from] psn
|upkeep
|turn|23
|
|t:|1781444986
|-end|p1a: Great Tusk|Protosynthesis|[silent]
|switch|p1a: Kyurem|Kyurem|93/100
|-ability|p1a: Kyurem|Pressure
|move|p2a: Trevenant|Leech Seed|p1a: Kyurem
|-start|p1a: Kyurem|move: Leech Seed
|
|-damage|p1a: Kyurem|81/100|[from] Leech Seed|[of] p2a: Trevenant
|-heal|p2a: Trevenant|66/100 psn|[silent]
|-damage|p2a: Trevenant|54/100 psn|[from] psn
|upkeep
|turn|24
|
|t:|1781444997
|switch|p1a: Cinderace|Cinderace, M|31/100
|switch|p2a: Ting-Lu|Ting-Lu|80/100
|-damage|p2a: Ting-Lu|74/100|[from] Stealth Rock
|-status|p2a: Ting-Lu|psn
|-ability|p2a: Ting-Lu|Vessel of Ruin
|
|-heal|p2a: Ting-Lu|80/100 psn|[from] item: Leftovers
|-damage|p2a: Ting-Lu|68/100 psn|[from] psn
|upkeep
|turn|25
|
|t:|1781445009
|move|p1a: Cinderace|U-turn|p2a: Ting-Lu
|-start|p1a: Cinderace|typechange|Bug|[from] ability: Libero
|-supereffective|p2a: Ting-Lu
|-damage|p2a: Ting-Lu|36/100 psn
|
|t:|1781445012
|switch|p1a: Kyurem|Kyurem|81/100|[from] U-turn
|-ability|p1a: Kyurem|Pressure
|move|p2a: Ting-Lu|Spikes|p1a: Kyurem
|-sidestart|p1: skeb|Spikes
|
|-heal|p2a: Ting-Lu|42/100 psn|[from] item: Leftovers
|-damage|p2a: Ting-Lu|30/100 psn|[from] psn
|upkeep
|turn|26
|
|t:|1781445027
|move|p1a: Kyurem|Ice Beam|p2a: Ting-Lu
|-supereffective|p2a: Ting-Lu
|-damage|p2a: Ting-Lu|0 fnt
|faint|p2a: Ting-Lu
|
|upkeep
|
|t:|1781445033
|switch|p2a: Gholdengo|Gholdengo|59/100
|-damage|p2a: Gholdengo|53/100|[from] Stealth Rock
|turn|27
|
|t:|1781445037
|move|p2a: Gholdengo|Make It Rain|p1a: Kyurem
|-supereffective|p1a: Kyurem
|-damage|p1a: Kyurem|0 fnt
|-unboost|p2a: Gholdengo|spa|1
|faint|p1a: Kyurem
|
|upkeep
|
|t:|1781445041
|switch|p1a: Great Tusk|Great Tusk|100/100
|-damage|p1a: Great Tusk|88/100|[from] Spikes
|turn|28
|
|t:|1781445049
|switch|p2a: Trevenant|Trevenant, M|54/100 psn
|-damage|p2a: Trevenant|41/100 psn|[from] Stealth Rock
|-enditem|p2a: Trevenant|Sitrus Berry|[eat]
|-heal|p2a: Trevenant|66/100 psn|[from] item: Sitrus Berry
|move|p1a: Great Tusk|Ice Spinner|p2a: Trevenant
|-supereffective|p2a: Trevenant
|-damage|p2a: Trevenant|25/100 psn
|
|-heal|p1a: Great Tusk|94/100|[from] item: Leftovers
|-damage|p2a: Trevenant|12/100 psn|[from] psn
|-item|p2a: Trevenant|Sitrus Berry|[from] ability: Harvest
|upkeep
|-enditem|p2a: Trevenant|Sitrus Berry|[eat]
|-heal|p2a: Trevenant|37/100 psn|[from] item: Sitrus Berry
|turn|29
|
|t:|1781445068
|-end|p1a: Great Tusk|Protosynthesis|[silent]
|switch|p1a: Cinderace|Cinderace, M|31/100
|-terastallize|p2a: Trevenant|Dark
|move|p2a: Trevenant|Will-O-Wisp|p1a: Cinderace|[miss]
|-miss|p2a: Trevenant|p1a: Cinderace
|
|-damage|p2a: Trevenant|25/100 psn|[from] psn
|-item|p2a: Trevenant|Sitrus Berry|[from] ability: Harvest
|upkeep
|-enditem|p2a: Trevenant|Sitrus Berry|[eat]
|-heal|p2a: Trevenant|50/100 psn|[from] item: Sitrus Berry
|turn|30
|
|t:|1781445092
|move|p1a: Cinderace|U-turn|p2a: Trevenant
|-start|p1a: Cinderace|typechange|Bug|[from] ability: Libero
|-supereffective|p2a: Trevenant
|-damage|p2a: Trevenant|6/100 psn
|
|t:|1781445096
|switch|p1a: Great Tusk|Great Tusk|94/100|[from] U-turn
|-damage|p1a: Great Tusk|82/100|[from] Spikes
|move|p2a: Trevenant|Will-O-Wisp|p1a: Great Tusk
|-status|p1a: Great Tusk|brn
|
|-heal|p1a: Great Tusk|88/100 brn|[from] item: Leftovers
|-damage|p2a: Trevenant|0 fnt|[from] psn
|faint|p2a: Trevenant
|-damage|p1a: Great Tusk|82/100 brn|[from] brn
|upkeep
|
|t:|1781445110
|switch|p2a: Gholdengo|Gholdengo|53/100
|-damage|p2a: Gholdengo|47/100|[from] Stealth Rock
|turn|31
|
|t:|1781445123
|-end|p1a: Great Tusk|Protosynthesis|[silent]
|switch|p1a: Cinderace|Cinderace, M|31/100
|move|p2a: Gholdengo|Shadow Ball|p1a: Cinderace
|-damage|p1a: Cinderace|0 fnt
|faint|p1a: Cinderace
|
|upkeep
|
|t:|1781445127
|switch|p1a: Great Tusk|Great Tusk|82/100 brn
|-damage|p1a: Great Tusk|69/100 brn|[from] Spikes
|turn|32
|
|t:|1781445134
|move|p2a: Gholdengo|Shadow Ball|p1a: Great Tusk
|-crit|p1a: Great Tusk
|-damage|p1a: Great Tusk|0 fnt
|faint|p1a: Great Tusk
|-end|p1a: Great Tusk|Protosynthesis|[silent]
|
|win|Mky27
|raw|skeb's rating: 1558 &rarr; <strong>1538</strong><br />(-20 for losing)
|raw|Mky27's rating: 1564 &rarr; <strong>1584</strong><br />(+20 for winning)
|c|☆skeb|lol
|l|☆skeb
|player|p1|
