|j|☆Test g17
|j|☆Nick Suzuki
|t:|1781057162
|gametype|singles
|player|p1|Test g17|hilbert|1521
|player|p2|Nick Suzuki|skier|1619
|gen|9
|tier|[Gen 9] OU
|rated|
|rule|HP Percentage Mod: HP is shown in percentages
|rule|Endless Battle Clause: Forcing endless battles is banned
|rule|Species Clause: Limit one of each Pokémon
|rule|OHKO Clause: OHKO moves are banned
|rule|Evasion Items Clause: Evasion items are banned
|rule|Evasion Moves Clause: Evasion moves are banned
|rule|Evasion Abilities Clause: Evasion abilities are banned
|rule|Sleep Moves Clause: Sleep-inducing moves are banned
|clearpoke
|poke|p1|Raikou|
|poke|p1|Zamazenta-*|
|poke|p1|Deoxys-Speed|
|poke|p1|Iron Treads|
|poke|p1|Ceruledge, F|
|poke|p1|Dragonite, F|
|poke|p2|Iron Hands|
|poke|p2|Darkrai|
|poke|p2|Cinderace, M|
|poke|p2|Ceruledge, F|
|poke|p2|Kyurem|
|poke|p2|Landorus-Therian, M|
|teampreview
|inactive|Battle timer is ON: inactive players will automatically lose when time's up. (requested by Nick Suzuki)
|
|t:|1781057181
|teamsize|p1|6
|teamsize|p2|6
|start
|switch|p1a: Raikou|Raikou, shiny|100/100
|switch|p2a: Darkrai|Darkrai|100/100
|-ability|p1a: Raikou|Pressure
|turn|1
|
|t:|1781057199
|switch|p2a: Iron Hands|Iron Hands|100/100
|move|p1a: Raikou|Thunderbolt|p2a: Iron Hands
|-resisted|p2a: Iron Hands
|-damage|p2a: Iron Hands|88/100
|
|upkeep
|turn|2
|
|t:|1781057208
|switch|p1a: Zamazenta|Zamazenta|100/100
|-ability|p1a: Zamazenta|Dauntless Shield|boost
|-boost|p1a: Zamazenta|def|1
|move|p2a: Iron Hands|Drain Punch|p1a: Zamazenta
|-damage|p1a: Zamazenta|77/100
|-heal|p2a: Iron Hands|98/100|[from] drain|[of] p1a: Zamazenta
|
|upkeep
|turn|3
|
|t:|1781057220
|-end|p2a: Iron Hands|Quark Drive|[silent]
|switch|p2a: Landorus|Landorus-Therian, M|100/100
|-ability|p2a: Landorus|Intimidate|boost
|-unboost|p1a: Zamazenta|atk|1
|move|p1a: Zamazenta|Body Press|p2a: Landorus
|-resisted|p2a: Landorus
|-damage|p2a: Landorus|76/100
|-damage|p1a: Zamazenta|61/100|[from] item: Rocky Helmet|[of] p2a: Landorus
|
|upkeep
|turn|4
|
|t:|1781057233
|move|p1a: Zamazenta|Iron Defense|p1a: Zamazenta
|-boost|p1a: Zamazenta|def|2
|move|p2a: Landorus|Stealth Rock|p1a: Zamazenta
|-sidestart|p1: Test g17|move: Stealth Rock
|
|upkeep
|turn|5
|
|t:|1781057237
|move|p1a: Zamazenta|Body Press|p2a: Landorus
|-resisted|p2a: Landorus
|-damage|p2a: Landorus|32/100
|-damage|p1a: Zamazenta|44/100|[from] item: Rocky Helmet|[of] p2a: Landorus
|move|p2a: Landorus|Earth Power|p1a: Zamazenta
|-damage|p1a: Zamazenta|18/100
|
|upkeep
|turn|6
|
|t:|1781057260
|move|p1a: Zamazenta|Rest|p1a: Zamazenta
|-status|p1a: Zamazenta|slp|[from] move: Rest
|-heal|p1a: Zamazenta|100/100 slp|[silent]
|-enditem|p1a: Zamazenta|Chesto Berry|[eat]
|-curestatus|p1a: Zamazenta|slp|[msg]
|move|p2a: Landorus|Earth Power|p1a: Zamazenta
|-damage|p1a: Zamazenta|76/100
|
|upkeep
|turn|7
|
|t:|1781057270
|move|p1a: Zamazenta|Body Press|p2a: Landorus
|-resisted|p2a: Landorus
|-damage|p2a: Landorus|0 fnt
|-damage|p1a: Zamazenta|60/100|[from] item: Rocky Helmet|[of] p2a: Landorus
|faint|p2a: Landorus
|
|upkeep
|
|t:|1781057282
|switch|p2a: Ceruledge|Ceruledge, F|100/100
|turn|8
|
|t:|1781057286
|move|p1a: Zamazenta|Crunch|p2a: Ceruledge
|-supereffective|p2a: Ceruledge
|-damage|p2a: Ceruledge|65/100
|-ability|p2a: Ceruledge|Weak Armor|boost
|-unboost|p2a: Ceruledge|def|1
|-boost|p2a: Ceruledge|spe|2
|move|p2a: Ceruledge|Swords Dance|p2a: Ceruledge
|-boost|p2a: Ceruledge|atk|2
|
|upkeep
|turn|9
|
|t:|1781057293
|move|p2a: Ceruledge|Bitter Blade|p1a: Zamazenta
|-damage|p1a: Zamazenta|22/100
|-heal|p2a: Ceruledge|87/100|[from] drain|[of] p1a: Zamazenta
|-damage|p2a: Ceruledge|77/100|[from] item: Life Orb
|move|p1a: Zamazenta|Crunch|p2a: Ceruledge
|-supereffective|p2a: Ceruledge
|-crit|p2a: Ceruledge
|-damage|p2a: Ceruledge|0 fnt
|faint|p2a: Ceruledge
|
|upkeep
|inactive|Nick Suzuki has 120 seconds left.
|
|t:|1781057339
|switch|p2a: Cinderace|Cinderace, M|100/100
|turn|10
|
|t:|1781057349
|-terastallize|p2a: Cinderace|Ghost
|move|p1a: Zamazenta|Body Press|p2a: Cinderace
|-immune|p2a: Cinderace
|move|p2a: Cinderace|Pyro Ball|p1a: Zamazenta
|-damage|p1a: Zamazenta|7/100
|
|upkeep
|turn|11
|inactive|Nick Suzuki has 120 seconds left.
|
|t:|1781057357
|move|p1a: Zamazenta|Rest|p1a: Zamazenta
|-status|p1a: Zamazenta|slp|[from] move: Rest
|-heal|p1a: Zamazenta|100/100 slp|[silent]
|move|p2a: Cinderace|Pyro Ball|p1a: Zamazenta
|-damage|p1a: Zamazenta|87/100 slp
|
|upkeep
|turn|12
|
|t:|1781057363
|cant|p1a: Zamazenta|slp
|move|p2a: Cinderace|U-turn|p1a: Zamazenta
|-resisted|p1a: Zamazenta
|-damage|p1a: Zamazenta|84/100 slp
|
|t:|1781057366
|switch|p2a: Darkrai|Darkrai|100/100|[from] U-turn
|
|-damage|p1a: Zamazenta|71/100 slp|[from] ability: Bad Dreams|[of] p2a: Darkrai
|upkeep
|turn|13
|
|t:|1781057368
|cant|p1a: Zamazenta|slp
|move|p2a: Darkrai|Psychic|p1a: Zamazenta
|-supereffective|p1a: Zamazenta
|-damage|p1a: Zamazenta|0 fnt
|faint|p1a: Zamazenta
|
|upkeep
|
|t:|1781057373
|switch|p1a: Iron Treads|Iron Treads|100/100
|turn|14
|
|t:|1781057380
|switch|p2a: Kyurem|Kyurem|100/100
|-ability|p2a: Kyurem|Pressure
|move|p1a: Iron Treads|Earth Power|p2a: Kyurem
|-damage|p2a: Kyurem|83/100
|
|upkeep
|turn|15
|
|t:|1781057395
|move|p1a: Iron Treads|Steel Beam|p2a: Kyurem
|-supereffective|p2a: Kyurem
|-damage|p2a: Kyurem|26/100
|-damage|p1a: Iron Treads|50/100|[from] steelbeam
|move|p2a: Kyurem|Earth Power|p1a: Iron Treads
|-supereffective|p1a: Iron Treads
|-damage|p1a: Iron Treads|0 fnt
|faint|p1a: Iron Treads
|-end|p1a: Iron Treads|Quark Drive|[silent]
|
|upkeep
|
|t:|1781057407
|switch|p1a: Ceruledge|Ceruledge, F|100/100
|-damage|p1a: Ceruledge|76/100|[from] Stealth Rock
|turn|16
|
|t:|1781057426
|move|p1a: Ceruledge|Bitter Blade|p2a: Kyurem
|-damage|p2a: Kyurem|0 fnt
|-heal|p1a: Ceruledge|93/100|[from] drain|[of] p2a: Kyurem
|faint|p2a: Kyurem
|
|upkeep
|
|t:|1781057429
|switch|p2a: Darkrai|Darkrai|100/100
|turn|17
|
|t:|1781057437
|move|p1a: Ceruledge|Shadow Sneak|p2a: Darkrai
|-resisted|p2a: Darkrai
|-damage|p2a: Darkrai|88/100
|move|p2a: Darkrai|Dark Pulse|p1a: Ceruledge
|-supereffective|p1a: Ceruledge
|-damage|p1a: Ceruledge|0 fnt
|faint|p1a: Ceruledge
|
|upkeep
|
|t:|1781057449
|switch|p1a: Raikou|Raikou, shiny|100/100
|-damage|p1a: Raikou|88/100|[from] Stealth Rock
|-ability|p1a: Raikou|Pressure
|turn|18
|
|t:|1781057457
|switch|p2a: Iron Hands|Iron Hands|98/100
|move|p1a: Raikou|Thunderbolt|p2a: Iron Hands
|-resisted|p2a: Iron Hands
|-damage|p2a: Iron Hands|86/100
|
|-heal|p1a: Raikou|94/100|[from] item: Leftovers
|upkeep
|turn|19
|
|t:|1781057464
|switch|p1a: Deoxys|Deoxys-Speed|100/100
|-damage|p1a: Deoxys|88/100|[from] Stealth Rock
|-ability|p1a: Deoxys|Pressure
|move|p2a: Iron Hands|Volt Switch|p1a: Deoxys
|-damage|p1a: Deoxys|68/100
|
|t:|1781057467
|-end|p2a: Iron Hands|Quark Drive|[silent]
|switch|p2a: Darkrai|Darkrai|88/100|[from] Volt Switch
|
|upkeep
|turn|20
|
|t:|1781057483
|move|p1a: Deoxys|Superpower|p2a: Darkrai
|-supereffective|p2a: Darkrai
|-damage|p2a: Darkrai|0 fnt
|-unboost|p1a: Deoxys|atk|1
|-unboost|p1a: Deoxys|def|1
|faint|p2a: Darkrai
|
|upkeep
|
|t:|1781057488
|switch|p2a: Cinderace|Cinderace, M, tera:Ghost|100/100
|turn|21
|
|t:|1781057494
|move|p1a: Deoxys|Knock Off|p2a: Cinderace
|-supereffective|p2a: Cinderace
|-damage|p2a: Cinderace|59/100
|-enditem|p2a: Cinderace|Heavy-Duty Boots|[from] move: Knock Off|[of] p1a: Deoxys
|move|p2a: Cinderace|Pyro Ball|p1a: Deoxys
|-damage|p1a: Deoxys|0 fnt
|faint|p1a: Deoxys
|
|upkeep
|
|t:|1781057500
|switch|p1a: Raikou|Raikou, shiny|94/100
|-damage|p1a: Raikou|82/100|[from] Stealth Rock
|-ability|p1a: Raikou|Pressure
|turn|22
|
|t:|1781057505
|-terastallize|p1a: Raikou|Water
|move|p2a: Cinderace|U-turn|p1a: Raikou
|-damage|p1a: Raikou|54/100
|
|t:|1781057508
|switch|p2a: Iron Hands|Iron Hands|86/100|[from] U-turn
|move|p1a: Raikou|Scald|p2a: Iron Hands
|-damage|p2a: Iron Hands|63/100
|-status|p2a: Iron Hands|brn
|
|-heal|p1a: Raikou|60/100|[from] item: Leftovers
|-damage|p2a: Iron Hands|57/100 brn|[from] brn
|upkeep
|turn|23
|inactive|Test g17 has 120 seconds left.
|
|t:|1781057563
|switch|p1a: Dragonite|Dragonite, F|100/100
|-damage|p1a: Dragonite|76/100|[from] Stealth Rock
|move|p2a: Iron Hands|Volt Switch|p1a: Dragonite
|-damage|p1a: Dragonite|62/100
|
|t:|1781057566
|-end|p2a: Iron Hands|Quark Drive|[silent]
|switch|p2a: Cinderace|Cinderace, M, tera:Ghost|59/100|[from] Volt Switch
|
|upkeep
|turn|24
|
|t:|1781057571
|move|p2a: Cinderace|Taunt|p1a: Dragonite
|-start|p1a: Dragonite|move: Taunt
|move|p1a: Dragonite|Outrage|p2a: Cinderace
|-damage|p2a: Cinderace|0 fnt
|faint|p2a: Cinderace
|
|upkeep
|
|t:|1781057577
|switch|p2a: Iron Hands|Iron Hands|57/100 brn
|turn|25
|
|t:|1781057580
|move|p1a: Dragonite|Outrage|p2a: Iron Hands|[from] lockedmove
|-damage|p2a: Iron Hands|4/100 brn
|move|p2a: Iron Hands|Ice Punch|p1a: Dragonite
|-supereffective|p1a: Dragonite
|-damage|p1a: Dragonite|0 fnt
|faint|p1a: Dragonite
|
|-damage|p2a: Iron Hands|0 fnt|[from] brn
|faint|p2a: Iron Hands
|-end|p2a: Iron Hands|Quark Drive|[silent]
|
|win|Test g17
|raw|Test g17's rating: 1521 &rarr; <strong>1546</strong><br />(+25 for winning)
|raw|Nick Suzuki's rating: 1619 &rarr; <strong>1594</strong><br />(-25 for losing)
|l|☆Test g17
|player|p1|
|l|☆Nick Suzuki
|player|p2|
