|j|☆rekjllj
|j|☆vwhsj
|t:|1781521067
|gametype|singles
|player|p1|rekjllj|170|1570
|player|p2|vwhsj|steven|1537
|gen|9
|tier|[Gen 9] OU
|rated|
|rule|HP Percentage Mod: HP is shown in percentages
|rule|Endless Battle Clause: Forcing endless battles is banned
|rule|Species Clause: Limit one of each Pokémon
|rule|OHKO Clause: OHKO moves are banned
|rule|Evasion Items Clause: Evasion items are banned
|rule|Evasion Moves Clause: Evasion moves are banned
|rule|Evasion Abilities Clause: Evasion abilities are banned
|rule|Sleep Moves Clause: Sleep-inducing moves are banned
|clearpoke
|poke|p1|Walking Wake|
|poke|p1|Great Tusk|
|poke|p1|Ninetales, M|
|poke|p1|Cresselia, F|
|poke|p1|Zarude|
|poke|p1|Ceruledge, M|
|poke|p2|Dondozo, M|
|poke|p2|Blissey, F|
|poke|p2|Corviknight, M|
|poke|p2|Weezing-Galar, M|
|poke|p2|Gliscor, F|
|poke|p2|Toxapex, M|
|teampreview
|
|t:|1781521075
|teamsize|p1|6
|teamsize|p2|6
|start
|switch|p1a: Zarude|Zarude|100/100
|switch|p2a: Gliscor|Gliscor, F|100/100
|turn|1
|c|☆rekjllj|hf
|inactive|Battle timer is ON: inactive players will automatically lose when time's up. (requested by rekjllj)
|
|t:|1781521081
|move|p2a: Gliscor|Protect|p2a: Gliscor
|-singleturn|p2a: Gliscor|Protect
|move|p1a: Zarude|Swords Dance|p1a: Zarude
|-boost|p1a: Zarude|atk|2
|
|-status|p2a: Gliscor|tox|[from] item: Toxic Orb
|upkeep
|turn|2
|c|☆vwhsj|hf
|
|t:|1781521088
|move|p1a: Zarude|Power Whip|p2a: Gliscor
|-damage|p2a: Gliscor|6/100 tox
|move|p2a: Gliscor|Knock Off|p1a: Zarude
|-resisted|p1a: Zarude
|-damage|p1a: Zarude|91/100
|-enditem|p1a: Zarude|Leftovers|[from] move: Knock Off|[of] p2a: Gliscor
|
|-heal|p2a: Gliscor|19/100 tox|[from] ability: Poison Heal
|upkeep
|turn|3
|
|t:|1781521097
|switch|p2a: Dondozo|Dondozo, M|100/100
|move|p1a: Zarude|Knock Off|p2a: Dondozo
|-damage|p2a: Dondozo|79/100
|-enditem|p2a: Dondozo|Leftovers|[from] move: Knock Off|[of] p1a: Zarude
|
|upkeep
|turn|4
|
|t:|1781521108
|move|p1a: Zarude|Power Whip|p2a: Dondozo
|-supereffective|p2a: Dondozo
|-damage|p2a: Dondozo|24/100
|move|p2a: Dondozo|Avalanche|p1a: Zarude
|-supereffective|p1a: Zarude
|-damage|p1a: Zarude|43/100
|
|upkeep
|turn|5
|
|t:|1781521120
|-terastallize|p2a: Dondozo|Dragon
|move|p1a: Zarude|Synthesis|p1a: Zarude
|-heal|p1a: Zarude|93/100
|move|p2a: Dondozo|Rest|p2a: Dondozo
|-status|p2a: Dondozo|slp|[from] move: Rest
|-heal|p2a: Dondozo|100/100 slp|[silent]
|
|upkeep
|turn|6
|
|t:|1781521126
|move|p1a: Zarude|Knock Off|p2a: Dondozo
|-damage|p2a: Dondozo|85/100 slp
|cant|p2a: Dondozo|slp
|move|p2a: Dondozo|Sleep Talk|p2a: Dondozo
|move|p2a: Dondozo|Avalanche|p1a: Zarude|[from] move: Sleep Talk
|-supereffective|p1a: Zarude
|-damage|p1a: Zarude|41/100
|
|upkeep
|turn|7
|
|t:|1781521134
|move|p1a: Zarude|Synthesis|p1a: Zarude
|-heal|p1a: Zarude|91/100
|cant|p2a: Dondozo|slp
|move|p2a: Dondozo|Sleep Talk|p2a: Dondozo
|move|p2a: Dondozo|Body Press|p1a: Zarude|[from] move: Sleep Talk
|-supereffective|p1a: Zarude
|-damage|p1a: Zarude|36/100
|
|upkeep
|turn|8
|
|t:|1781521143
|switch|p2a: Gliscor|Gliscor, F|19/100 tox
|move|p1a: Zarude|Synthesis|p1a: Zarude
|-heal|p1a: Zarude|86/100
|
|-heal|p2a: Gliscor|31/100 tox|[from] ability: Poison Heal
|upkeep
|turn|9
|
|t:|1781521149
|switch|p2a: Dondozo|Dondozo, M, tera:Dragon|85/100 slp
|move|p1a: Zarude|Power Whip|p2a: Dondozo|[miss]
|-miss|p1a: Zarude|p2a: Dondozo
|
|upkeep
|turn|10
|
|t:|1781521155
|move|p1a: Zarude|Swords Dance|p1a: Zarude
|-boost|p1a: Zarude|atk|2
|-curestatus|p2a: Dondozo|slp|[msg]
|move|p2a: Dondozo|Body Press|p1a: Zarude
|-supereffective|p1a: Zarude
|-damage|p1a: Zarude|35/100
|
|upkeep
|turn|11
|
|t:|1781521159
|move|p1a: Zarude|Synthesis|p1a: Zarude
|-heal|p1a: Zarude|85/100
|move|p2a: Dondozo|Body Press|p1a: Zarude
|-supereffective|p1a: Zarude
|-damage|p1a: Zarude|29/100
|
|upkeep
|turn|12
|
|t:|1781521163
|move|p1a: Zarude|Synthesis|p1a: Zarude
|-heal|p1a: Zarude|79/100
|move|p2a: Dondozo|Body Press|p1a: Zarude
|-supereffective|p1a: Zarude
|-damage|p1a: Zarude|27/100
|
|upkeep
|turn|13
|
|t:|1781521166
|move|p1a: Zarude|Synthesis|p1a: Zarude
|-heal|p1a: Zarude|77/100
|move|p2a: Dondozo|Body Press|p1a: Zarude
|-supereffective|p1a: Zarude
|-damage|p1a: Zarude|23/100
|
|upkeep
|turn|14
|
|t:|1781521170
|move|p1a: Zarude|Synthesis|p1a: Zarude
|-heal|p1a: Zarude|73/100
|move|p2a: Dondozo|Body Press|p1a: Zarude
|-supereffective|p1a: Zarude
|-damage|p1a: Zarude|25/100
|
|upkeep
|turn|15
|
|t:|1781521173
|move|p1a: Zarude|Synthesis|p1a: Zarude
|-heal|p1a: Zarude|75/100
|move|p2a: Dondozo|Body Press|p1a: Zarude
|-supereffective|p1a: Zarude
|-damage|p1a: Zarude|22/100
|
|upkeep
|turn|16
|
|t:|1781521178
|switch|p1a: Ceruledge|Ceruledge, M|100/100
|move|p2a: Dondozo|Avalanche|p1a: Ceruledge
|-resisted|p1a: Ceruledge
|-crit|p1a: Ceruledge
|-damage|p1a: Ceruledge|85/100
|-ability|p1a: Ceruledge|Weak Armor|boost
|-unboost|p1a: Ceruledge|def|1
|-boost|p1a: Ceruledge|spe|2
|
|upkeep
|turn|17
|
|t:|1781521185
|move|p1a: Ceruledge|Swords Dance|p1a: Ceruledge
|-boost|p1a: Ceruledge|atk|2
|move|p2a: Dondozo|Avalanche|p1a: Ceruledge
|-resisted|p1a: Ceruledge
|-crit|p1a: Ceruledge
|-damage|p1a: Ceruledge|70/100
|-ability|p1a: Ceruledge|Weak Armor|boost
|-unboost|p1a: Ceruledge|def|1
|-boost|p1a: Ceruledge|spe|2
|
|upkeep
|turn|18
|
|t:|1781521189
|move|p1a: Ceruledge|Swords Dance|p1a: Ceruledge
|-boost|p1a: Ceruledge|atk|2
|move|p2a: Dondozo|Avalanche|p1a: Ceruledge
|-resisted|p1a: Ceruledge
|-damage|p1a: Ceruledge|61/100
|-ability|p1a: Ceruledge|Weak Armor|boost
|-unboost|p1a: Ceruledge|def|1
|-boost|p1a: Ceruledge|spe|2
|
|upkeep
|turn|19
|
|t:|1781521195
|move|p1a: Ceruledge|Swords Dance|p1a: Ceruledge
|-boost|p1a: Ceruledge|atk|2
|move|p2a: Dondozo|Avalanche|p1a: Ceruledge
|-resisted|p1a: Ceruledge
|-damage|p1a: Ceruledge|50/100
|-ability|p1a: Ceruledge|Weak Armor|boost
|-unboost|p1a: Ceruledge|def|1
|
|upkeep
|turn|20
|
|t:|1781521200
|move|p1a: Ceruledge|Bitter Blade|p2a: Dondozo
|-resisted|p2a: Dondozo
|-damage|p2a: Dondozo|75/100
|-heal|p1a: Ceruledge|59/100|[from] drain|[of] p2a: Dondozo
|move|p2a: Dondozo|Avalanche|p1a: Ceruledge
|-resisted|p1a: Ceruledge
|-damage|p1a: Ceruledge|41/100
|-ability|p1a: Ceruledge|Weak Armor|boost
|-unboost|p1a: Ceruledge|def|1
|
|upkeep
|turn|21
|
|t:|1781521205
|move|p1a: Ceruledge|Bitter Blade|p2a: Dondozo
|-resisted|p2a: Dondozo
|-damage|p2a: Dondozo|64/100
|-heal|p1a: Ceruledge|50/100|[from] drain|[of] p2a: Dondozo
|move|p2a: Dondozo|Avalanche|p1a: Ceruledge
|-resisted|p1a: Ceruledge
|-damage|p1a: Ceruledge|30/100
|-ability|p1a: Ceruledge|Weak Armor|boost
|-unboost|p1a: Ceruledge|def|1
|
|upkeep
|turn|22
|
|t:|1781521213
|move|p1a: Ceruledge|Bitter Blade|p2a: Dondozo
|-resisted|p2a: Dondozo
|-damage|p2a: Dondozo|52/100
|-heal|p1a: Ceruledge|41/100|[from] drain|[of] p2a: Dondozo
|move|p2a: Dondozo|Avalanche|p1a: Ceruledge
|-resisted|p1a: Ceruledge
|-damage|p1a: Ceruledge|20/100
|
|upkeep
|turn|23
|
|t:|1781521222
|move|p1a: Ceruledge|Bitter Blade|p2a: Dondozo
|-resisted|p2a: Dondozo
|-damage|p2a: Dondozo|41/100
|-heal|p1a: Ceruledge|30/100|[from] drain|[of] p2a: Dondozo
|move|p2a: Dondozo|Avalanche|p1a: Ceruledge
|-resisted|p1a: Ceruledge
|-damage|p1a: Ceruledge|10/100
|
|upkeep
|turn|24
|
|t:|1781521226
|move|p1a: Ceruledge|Bitter Blade|p2a: Dondozo
|-resisted|p2a: Dondozo
|-damage|p2a: Dondozo|30/100
|-heal|p1a: Ceruledge|19/100|[from] drain|[of] p2a: Dondozo
|move|p2a: Dondozo|Rest|p2a: Dondozo
|-status|p2a: Dondozo|slp|[from] move: Rest
|-heal|p2a: Dondozo|100/100 slp|[silent]
|
|upkeep
|turn|25
|
|t:|1781521230
|move|p1a: Ceruledge|Bitter Blade|p2a: Dondozo
|-resisted|p2a: Dondozo
|-damage|p2a: Dondozo|89/100 slp
|-heal|p1a: Ceruledge|29/100|[from] drain|[of] p2a: Dondozo
|cant|p2a: Dondozo|slp
|move|p2a: Dondozo|Sleep Talk|p2a: Dondozo
|move|p2a: Dondozo|Rest||[from] move: Sleep Talk|[still]
|-fail|p2a: Dondozo
|
|upkeep
|turn|26
|
|t:|1781521237
|move|p1a: Ceruledge|Bitter Blade|p2a: Dondozo
|-resisted|p2a: Dondozo
|-damage|p2a: Dondozo|78/100 slp
|-heal|p1a: Ceruledge|39/100|[from] drain|[of] p2a: Dondozo
|cant|p2a: Dondozo|slp
|move|p2a: Dondozo|Sleep Talk|p2a: Dondozo
|move|p2a: Dondozo|Body Press|p1a: Ceruledge|[from] move: Sleep Talk
|-immune|p1a: Ceruledge
|
|upkeep
|turn|27
|
|t:|1781521246
|move|p1a: Ceruledge|Bitter Blade|p2a: Dondozo
|-resisted|p2a: Dondozo
|-damage|p2a: Dondozo|66/100 slp
|-heal|p1a: Ceruledge|49/100|[from] drain|[of] p2a: Dondozo
|-curestatus|p2a: Dondozo|slp|[msg]
|move|p2a: Dondozo|Avalanche|p1a: Ceruledge
|-resisted|p1a: Ceruledge
|-damage|p1a: Ceruledge|31/100
|
|upkeep
|turn|28
|
|t:|1781521249
|move|p1a: Ceruledge|Bitter Blade|p2a: Dondozo
|-resisted|p2a: Dondozo
|-damage|p2a: Dondozo|55/100
|-heal|p1a: Ceruledge|41/100|[from] drain|[of] p2a: Dondozo
|move|p2a: Dondozo|Avalanche|p1a: Ceruledge
|-resisted|p1a: Ceruledge
|-damage|p1a: Ceruledge|23/100
|
|upkeep
|turn|29
|
|t:|1781521253
|move|p1a: Ceruledge|Bitter Blade|p2a: Dondozo
|-resisted|p2a: Dondozo
|-damage|p2a: Dondozo|44/100
|-heal|p1a: Ceruledge|32/100|[from] drain|[of] p2a: Dondozo
|move|p2a: Dondozo|Avalanche|p1a: Ceruledge
|-resisted|p1a: Ceruledge
|-damage|p1a: Ceruledge|13/100
|
|upkeep
|turn|30
|
|t:|1781521257
|move|p1a: Ceruledge|Bitter Blade|p2a: Dondozo
|-resisted|p2a: Dondozo
|-damage|p2a: Dondozo|32/100
|-heal|p1a: Ceruledge|23/100|[from] drain|[of] p2a: Dondozo
|move|p2a: Dondozo|Avalanche|p1a: Ceruledge
|-resisted|p1a: Ceruledge
|-damage|p1a: Ceruledge|5/100
|
|upkeep
|turn|31
|
|t:|1781521260
|move|p1a: Ceruledge|Close Combat|p2a: Dondozo
|-damage|p2a: Dondozo|12/100
|-unboost|p1a: Ceruledge|spd|1
|move|p2a: Dondozo|Avalanche|p1a: Ceruledge
|-resisted|p1a: Ceruledge
|-damage|p1a: Ceruledge|0 fnt
|faint|p1a: Ceruledge
|
|upkeep
|
|t:|1781521264
|switch|p1a: Zarude|Zarude|22/100
|turn|32
|
|t:|1781521267
|switch|p2a: Corviknight|Corviknight, M|100/100
|-ability|p2a: Corviknight|Pressure
|move|p1a: Zarude|Knock Off|p2a: Corviknight
|-damage|p2a: Corviknight|70/100
|-enditem|p2a: Corviknight|Leftovers|[from] move: Knock Off|[of] p1a: Zarude
|
|upkeep
|turn|33
|
|t:|1781521275
|switch|p1a: Cresselia|Cresselia, F|100/100
|move|p2a: Corviknight|Body Press|p1a: Cresselia
|-resisted|p1a: Cresselia
|-damage|p1a: Cresselia|93/100
|-enditem|p1a: Cresselia|Eject Button
|
|t:|1781521282
|switch|p1a: Ninetales|Ninetales, M|100/100
|-weather|SunnyDay|[from] ability: Drought|[of] p1a: Ninetales
|
|-weather|SunnyDay|[upkeep]
|upkeep
|turn|34
|
|t:|1781521290
|switch|p2a: Blissey|Blissey, F|100/100
|move|p1a: Ninetales|Overheat|p2a: Blissey
|-damage|p2a: Blissey|81/100
|-unboost|p1a: Ninetales|spa|2
|
|-weather|SunnyDay|[upkeep]
|-heal|p2a: Blissey|87/100|[from] item: Leftovers
|upkeep
|turn|35
|
|t:|1781521296
|switch|p1a: Great Tusk|Great Tusk|100/100
|-activate|p1a: Great Tusk|ability: Protosynthesis
|-start|p1a: Great Tusk|protosynthesisatk
|move|p2a: Blissey|Stealth Rock|p1a: Great Tusk
|-sidestart|p1: rekjllj|move: Stealth Rock
|
|-weather|SunnyDay|[upkeep]
|-heal|p2a: Blissey|94/100|[from] item: Leftovers
|upkeep
|turn|36
|
|t:|1781521302
|switch|p2a: Corviknight|Corviknight, M|70/100
|-ability|p2a: Corviknight|Pressure
|move|p1a: Great Tusk|Rapid Spin|p2a: Corviknight
|-resisted|p2a: Corviknight
|-damage|p2a: Corviknight|62/100
|-boost|p1a: Great Tusk|spe|1
|-sideend|p1: rekjllj|Stealth Rock|[from] move: Rapid Spin|[of] p1a: Great Tusk
|
|-weather|SunnyDay|[upkeep]
|upkeep
|turn|37
|
|t:|1781521310
|move|p1a: Great Tusk|Close Combat|p2a: Corviknight
|-damage|p2a: Corviknight|6/100
|-unboost|p1a: Great Tusk|def|1
|-unboost|p1a: Great Tusk|spd|1
|move|p2a: Corviknight|Iron Defense|p2a: Corviknight
|-boost|p2a: Corviknight|def|2
|
|-weather|SunnyDay|[upkeep]
|upkeep
|turn|38
|
|t:|1781521316
|move|p1a: Great Tusk|Ice Spinner|p2a: Corviknight
|-damage|p2a: Corviknight|0 fnt
|faint|p2a: Corviknight
|
|-weather|SunnyDay|[upkeep]
|upkeep
|
|t:|1781521326
|switch|p2a: Gliscor|Gliscor, F|31/100 tox
|turn|39
|
|t:|1781521331
|move|p2a: Gliscor|Protect|p2a: Gliscor
|-singleturn|p2a: Gliscor|Protect
|move|p1a: Great Tusk|Ice Spinner|p2a: Gliscor
|-activate|p2a: Gliscor|move: Protect
|
|-weather|SunnyDay|[upkeep]
|-heal|p2a: Gliscor|44/100 tox|[from] ability: Poison Heal
|upkeep
|turn|40
|
|t:|1781521337
|move|p1a: Great Tusk|Ice Spinner|p2a: Gliscor
|-supereffective|p2a: Gliscor
|-damage|p2a: Gliscor|0 fnt
|faint|p2a: Gliscor
|
|-weather|none
|-end|p1a: Great Tusk|Protosynthesis
|upkeep
|
|t:|1781521343
|switch|p2a: Toxapex|Toxapex, M|100/100
|turn|41
|
|t:|1781521349
|move|p1a: Great Tusk|Headlong Rush|p2a: Toxapex
|-supereffective|p2a: Toxapex
|-damage|p2a: Toxapex|0 fnt
|-unboost|p1a: Great Tusk|def|1
|-unboost|p1a: Great Tusk|spd|1
|faint|p2a: Toxapex
|
|upkeep
|-message|vwhsj forfeited.
|
|win|rekjllj
|raw|rekjllj's rating: 1570 &rarr; <strong>1588</strong><br />(+18 for winning)
|raw|vwhsj's rating: 1537 &rarr; <strong>1519</strong><br />(-18 for losing)
|c|☆rekjllj|gg
|l|☆rekjllj
|player|p1|
