|j|☆InfinityPokeRang3r
|j|☆n5v
|t:|1781093369
|gametype|singles
|player|p1|InfinityPokeRang3r|ingo|1546
|player|p2|n5v|leon-masters|1602
|gen|9
|tier|[Gen 9] OU
|rated|
|rule|HP Percentage Mod: HP is shown in percentages
|rule|Endless Battle Clause: Forcing endless battles is banned
|rule|Species Clause: Limit one of each Pokémon
|rule|OHKO Clause: OHKO moves are banned
|rule|Evasion Items Clause: Evasion items are banned
|rule|Evasion Moves Clause: Evasion moves are banned
|rule|Evasion Abilities Clause: Evasion abilities are banned
|rule|Sleep Moves Clause: Sleep-inducing moves are banned
|clearpoke
|poke|p1|Glimmora, M|
|poke|p1|Zapdos-Galar|
|poke|p1|Kyurem|
|poke|p1|Araquanid, M|
|poke|p1|Iron Treads|
|poke|p1|Sinistcha-Masterpiece|
|poke|p2|Raging Bolt|
|poke|p2|Iron Crown|
|poke|p2|Enamorus, F|
|poke|p2|Great Tusk|
|poke|p2|Kingambit, M|
|poke|p2|Hydrapple, F|
|teampreview
|c|☆n5v|glhf
|c|☆InfinityPokeRang3r|glhf
|inactive|Battle timer is ON: inactive players will automatically lose when time's up. (requested by n5v)
|
|t:|1781093389
|teamsize|p1|6
|teamsize|p2|6
|start
|switch|p1a: Iron Treads|Iron Treads|100/100
|switch|p2a: le-tachyon|Iron Crown|100/100
|turn|1
|
|t:|1781093393
|move|p2a: le-tachyon|Focus Blast|p1a: Iron Treads
|-supereffective|p1a: Iron Treads
|-damage|p1a: Iron Treads|31/100
|move|p1a: Iron Treads|Earthquake|p2a: le-tachyon
|-supereffective|p2a: le-tachyon
|-damage|p2a: le-tachyon|0 fnt
|faint|p2a: le-tachyon
|-end|p2a: le-tachyon|Quark Drive|[silent]
|
|upkeep
|
|t:|1781093409
|switch|p2a: gay alladin|Enamorus, F|100/100
|turn|2
|
|t:|1781093414
|-end|p1a: Iron Treads|Quark Drive|[silent]
|switch|p1a: Glimmora|Glimmora, M|100/100
|move|p2a: gay alladin|Moonblast|p1a: Glimmora
|-resisted|p1a: Glimmora
|-damage|p1a: Glimmora|68/100
|
|upkeep
|turn|3
|
|t:|1781093426
|switch|p2a: cheap tusk|Great Tusk, shiny|100/100
|move|p1a: Glimmora|Stealth Rock|p2a: cheap tusk
|-sidestart|p2: n5v|move: Stealth Rock
|
|upkeep
|turn|4
|
|t:|1781093435
|-end|p2a: cheap tusk|Protosynthesis|[silent]
|switch|p2a: goobing bolt|Raging Bolt|100/100
|-damage|p2a: goobing bolt|88/100|[from] Stealth Rock
|switch|p1a: Sinistcha|Sinistcha-Masterpiece|100/100
|
|upkeep
|turn|5
|
|t:|1781093443
|move|p2a: goobing bolt|Draco Meteor|p1a: Sinistcha
|-damage|p1a: Sinistcha|0 fnt
|-unboost|p2a: goobing bolt|spa|2
|faint|p1a: Sinistcha
|
|upkeep
|
|t:|1781093448
|switch|p1a: Iron Treads|Iron Treads|31/100
|turn|6
|
|t:|1781093457
|-terastallize|p2a: goobing bolt|Ghost
|move|p1a: Iron Treads|Iron Head|p2a: goobing bolt
|-damage|p2a: goobing bolt|49/100
|move|p2a: goobing bolt|Draco Meteor|p1a: Iron Treads
|-resisted|p1a: Iron Treads
|-damage|p1a: Iron Treads|4/100
|-unboost|p2a: goobing bolt|spa|2
|
|upkeep
|turn|7
|
|t:|1781093464
|-end|p2a: goobing bolt|Protosynthesis|[silent]
|switch|p2a: cheap tusk|Great Tusk, shiny|100/100
|-damage|p2a: cheap tusk|97/100|[from] Stealth Rock
|move|p1a: Iron Treads|Earthquake|p2a: cheap tusk
|-damage|p2a: cheap tusk|65/100
|
|-heal|p2a: cheap tusk|71/100|[from] item: Leftovers
|upkeep
|turn|8
|
|t:|1781093474
|move|p1a: Iron Treads|Ice Spinner|p2a: cheap tusk
|-supereffective|p2a: cheap tusk
|-damage|p2a: cheap tusk|37/100
|move|p2a: cheap tusk|Rapid Spin|p1a: Iron Treads
|-resisted|p1a: Iron Treads
|-damage|p1a: Iron Treads|0 fnt
|-boost|p2a: cheap tusk|spe|1
|-sideend|p2: n5v|Stealth Rock|[from] move: Rapid Spin|[of] p2a: cheap tusk
|faint|p1a: Iron Treads
|-end|p1a: Iron Treads|Quark Drive|[silent]
|
|-heal|p2a: cheap tusk|43/100|[from] item: Leftovers
|upkeep
|
|t:|1781093482
|switch|p1a: Araquanid|Araquanid, M|100/100
|turn|9
|
|t:|1781093489
|-end|p2a: cheap tusk|Protosynthesis|[silent]
|switch|p2a: Hydrapple|Hydrapple, F|100/100
|move|p1a: Araquanid|Liquidation|p2a: Hydrapple
|-resisted|p2a: Hydrapple
|-damage|p2a: Hydrapple|90/100
|
|upkeep
|turn|10
|
|t:|1781093494
|move|p2a: Hydrapple|Infestation|p1a: Araquanid
|-damage|p1a: Araquanid|95/100
|-activate|p1a: Araquanid|move: Infestation|[of] p2a: Hydrapple
|move|p1a: Araquanid|Leech Life|p2a: Hydrapple
|-supereffective|p2a: Hydrapple
|-crit|p2a: Hydrapple
|-damage|p2a: Hydrapple|29/100
|-heal|p1a: Araquanid|100/100|[from] drain|[of] p2a: Hydrapple
|
|-damage|p1a: Araquanid|88/100|[from] move: Infestation|[partiallytrapped]
|upkeep
|turn|11
|
|t:|1781093509
|move|p2a: Hydrapple|Fickle Beam|p1a: Araquanid
|-damage|p1a: Araquanid|61/100
|move|p1a: Araquanid|Lunge|p2a: Hydrapple
|-supereffective|p2a: Hydrapple
|-crit|p2a: Hydrapple
|-damage|p2a: Hydrapple|0 fnt
|faint|p2a: Hydrapple
|
|-end|p1a: Araquanid|Infestation|[partiallytrapped]|[silent]
|upkeep
|
|t:|1781093512
|switch|p2a: goobing bolt|Raging Bolt, tera:Ghost|49/100
|turn|12
|
|t:|1781093522
|move|p2a: goobing bolt|Thunderbolt|p1a: Araquanid
|-supereffective|p1a: Araquanid
|-damage|p1a: Araquanid|0 fnt
|faint|p1a: Araquanid
|
|upkeep
|
|t:|1781093529
|switch|p1a: Zapdos|Zapdos-Galar|100/100
|turn|13
|
|t:|1781093533
|-end|p2a: goobing bolt|Protosynthesis|[silent]
|switch|p2a: gay alladin|Enamorus, F|100/100
|move|p1a: Zapdos|Knock Off|p2a: gay alladin
|-resisted|p2a: gay alladin
|-damage|p2a: gay alladin|60/100
|-enditem|p2a: gay alladin|Choice Scarf|[from] move: Knock Off|[of] p1a: Zapdos
|
|upkeep
|turn|14
|
|t:|1781093546
|switch|p1a: Glimmora|Glimmora, M|68/100
|move|p2a: gay alladin|Moonblast|p1a: Glimmora
|-resisted|p1a: Glimmora
|-damage|p1a: Glimmora|32/100
|
|upkeep
|turn|15
|
|t:|1781093559
|move|p2a: gay alladin|Moonblast|p1a: Glimmora
|-resisted|p1a: Glimmora
|-damage|p1a: Glimmora|0 fnt
|faint|p1a: Glimmora
|
|upkeep
|
|t:|1781093564
|switch|p1a: Kyurem|Kyurem|100/100
|-ability|p1a: Kyurem|Pressure
|turn|16
|
|t:|1781093571
|-terastallize|p1a: Kyurem|Ground
|move|p1a: Kyurem|Freeze-Dry|p2a: gay alladin
|-supereffective|p2a: gay alladin
|-crit|p2a: gay alladin
|-damage|p2a: gay alladin|0 fnt
|faint|p2a: gay alladin
|
|upkeep
|
|t:|1781093575
|switch|p2a: neededaghostresist|Kingambit, M, shiny|100/100
|-activate|p2a: neededaghostresist|ability: Supreme Overlord
|-start|p2a: neededaghostresist|fallen3|[silent]
|turn|17
|
|t:|1781093582
|switch|p1a: Zapdos|Zapdos-Galar|100/100
|move|p2a: neededaghostresist|Iron Head|p1a: Zapdos
|-damage|p1a: Zapdos|35/100
|
|upkeep
|turn|18
|
|t:|1781093589
|-end|p2a: neededaghostresist|fallen3|[silent]
|switch|p2a: cheap tusk|Great Tusk, shiny|43/100
|move|p1a: Zapdos|Knock Off|p2a: cheap tusk
|-resisted|p2a: cheap tusk
|-damage|p2a: cheap tusk|28/100
|-enditem|p2a: cheap tusk|Leftovers|[from] move: Knock Off|[of] p1a: Zapdos
|
|upkeep
|turn|19
|
|t:|1781093599
|move|p1a: Zapdos|Knock Off|p2a: cheap tusk
|-resisted|p2a: cheap tusk
|-damage|p2a: cheap tusk|17/100
|move|p2a: cheap tusk|Rapid Spin|p1a: Zapdos
|-damage|p1a: Zapdos|16/100
|-boost|p2a: cheap tusk|spe|1
|
|upkeep
|turn|20
|
|t:|1781093604
|move|p2a: cheap tusk|Ice Spinner|p1a: Zapdos
|-supereffective|p1a: Zapdos
|-damage|p1a: Zapdos|0 fnt
|faint|p1a: Zapdos
|
|upkeep
|
|t:|1781093606
|switch|p1a: Kyurem|Kyurem, tera:Ground|100/100
|-ability|p1a: Kyurem|Pressure
|turn|21
|
|t:|1781093611
|move|p2a: cheap tusk|Ice Spinner|p1a: Kyurem
|-supereffective|p1a: Kyurem
|-crit|p1a: Kyurem
|-damage|p1a: Kyurem|26/100
|move|p1a: Kyurem|Earth Power|p2a: cheap tusk
|-damage|p2a: cheap tusk|0 fnt
|faint|p2a: cheap tusk
|-end|p2a: cheap tusk|Protosynthesis|[silent]
|
|upkeep
|
|t:|1781093615
|switch|p2a: neededaghostresist|Kingambit, M, shiny|100/100
|-activate|p2a: neededaghostresist|ability: Supreme Overlord
|-start|p2a: neededaghostresist|fallen4|[silent]
|turn|22
|
|t:|1781093617
|move|p2a: neededaghostresist|Sucker Punch|p1a: Kyurem
|-damage|p1a: Kyurem|0 fnt
|faint|p1a: Kyurem
|
|win|n5v
|raw|InfinityPokeRang3r's rating: 1546 &rarr; <strong>1529</strong><br />(-17 for losing)
|raw|n5v's rating: 1602 &rarr; <strong>1619</strong><br />(+17 for winning)
|c|☆n5v|gg
|c|☆InfinityPokeRang3r|gg
|l|☆n5v
|player|p2|
|l|☆InfinityPokeRang3r
|player|p1|
