|j|☆fregene97
|j|☆omari p
|t:|1781548275
|gametype|singles
|player|p1|fregene97|102|1540
|player|p2|omari p|pokemonrangerf|1623
|gen|9
|tier|[Gen 9] OU
|rated|
|rule|HP Percentage Mod: HP is shown in percentages
|rule|Endless Battle Clause: Forcing endless battles is banned
|rule|Species Clause: Limit one of each Pokémon
|rule|OHKO Clause: OHKO moves are banned
|rule|Evasion Items Clause: Evasion items are banned
|rule|Evasion Moves Clause: Evasion moves are banned
|rule|Evasion Abilities Clause: Evasion abilities are banned
|rule|Sleep Moves Clause: Sleep-inducing moves are banned
|clearpoke
|poke|p1|Dragonite, F|
|poke|p1|Iron Valiant|
|poke|p1|Manaphy|
|poke|p1|Garchomp, M|
|poke|p1|Kommo-o, F|
|poke|p1|Kingambit, M|
|poke|p2|Hoopa|
|poke|p2|Cinderace, M|
|poke|p2|Mandibuzz, F|
|poke|p2|Kyurem|
|poke|p2|Ting-Lu|
|poke|p2|Manaphy|
|teampreview
|inactive|Battle timer is ON: inactive players will automatically lose when time's up. (requested by fregene97)
|inactive|omari p has 120 seconds left.
|
|t:|1781548343
|teamsize|p1|6
|teamsize|p2|6
|start
|switch|p1a: Kingambit|Kingambit, M|100/100
|switch|p2a: Kyurem|Kyurem|100/100
|-ability|p2a: Kyurem|Pressure
|turn|1
|
|t:|1781548352
|switch|p2a: Mandibuzz|Mandibuzz, F, shiny|100/100
|-terastallize|p1a: Kingambit|Dark
|move|p1a: Kingambit|Iron Head|p2a: Mandibuzz
|-damage|p2a: Mandibuzz|74/100
|-damage|p1a: Kingambit|84/100|[from] item: Rocky Helmet|[of] p2a: Mandibuzz
|
|upkeep
|turn|2
|
|t:|1781548369
|move|p2a: Mandibuzz|Roost|p2a: Mandibuzz
|-heal|p2a: Mandibuzz|100/100
|-singleturn|p2a: Mandibuzz|move: Roost
|move|p1a: Kingambit|Swords Dance|p1a: Kingambit
|-boost|p1a: Kingambit|atk|2
|
|upkeep
|turn|3
|c|☆omari p|dont do it
|
|t:|1781548390
|move|p2a: Mandibuzz|Foul Play|p1a: Kingambit
|-resisted|p1a: Kingambit
|-damage|p1a: Kingambit|33/100
|move|p1a: Kingambit|Iron Head|p2a: Mandibuzz
|-damage|p2a: Mandibuzz|42/100
|-damage|p1a: Kingambit|17/100|[from] item: Rocky Helmet|[of] p2a: Mandibuzz
|
|upkeep
|turn|4
|
|t:|1781548395
|move|p1a: Kingambit|Sucker Punch||[still]
|-fail|p1a: Kingambit
|move|p2a: Mandibuzz|Roost|p2a: Mandibuzz
|-heal|p2a: Mandibuzz|92/100
|-singleturn|p2a: Mandibuzz|move: Roost
|
|upkeep
|turn|5
|
|t:|1781548414
|move|p1a: Kingambit|Sucker Punch|p2a: Mandibuzz
|-resisted|p2a: Mandibuzz
|-damage|p2a: Mandibuzz|54/100
|-damage|p1a: Kingambit|0 fnt|[from] item: Rocky Helmet|[of] p2a: Mandibuzz
|faint|p1a: Kingambit
|-end|p1a: Kingambit|fallenundefined|[silent]
|move|p2a: Mandibuzz|Foul Play|p1: Kingambit|[notarget]
|-fail|p2a: Mandibuzz
|
|upkeep
|
|t:|1781548418
|switch|p1a: Manaphy|Manaphy|100/100
|turn|6
|
|t:|1781548447
|switch|p2a: Kyurem|Kyurem|100/100
|-ability|p2a: Kyurem|Pressure
|move|p1a: Manaphy|Tail Glow|p1a: Manaphy
|-boost|p1a: Manaphy|spa|3
|
|upkeep
|turn|7
|
|t:|1781548450
|move|p2a: Kyurem|Freeze-Dry|p1a: Manaphy
|-supereffective|p1a: Manaphy
|-damage|p1a: Manaphy|30/100
|move|p1a: Manaphy|Psychic|p2a: Kyurem
|-damage|p2a: Kyurem|36/100
|
|-heal|p1a: Manaphy|36/100|[from] item: Leftovers
|upkeep
|turn|8
|
|t:|1781548456
|move|p2a: Kyurem|Freeze-Dry|p1a: Manaphy
|-supereffective|p1a: Manaphy
|-damage|p1a: Manaphy|0 fnt
|faint|p1a: Manaphy
|
|upkeep
|
|t:|1781548457
|switch|p1a: Dragonite|Dragonite, F|100/100
|turn|9
|
|t:|1781548486
|move|p2a: Kyurem|Freeze-Dry|p1a: Dragonite
|-supereffective|p1a: Dragonite
|-damage|p1a: Dragonite|28/100
|-enditem|p1a: Dragonite|Weakness Policy
|-boost|p1a: Dragonite|atk|2|[from] item: Weakness Policy
|-boost|p1a: Dragonite|spa|2|[from] item: Weakness Policy
|move|p1a: Dragonite|Dragon Dance|p1a: Dragonite
|-boost|p1a: Dragonite|atk|1
|-boost|p1a: Dragonite|spe|1
|
|upkeep
|turn|10
|
|t:|1781548491
|move|p1a: Dragonite|Extreme Speed|p2a: Kyurem
|-damage|p2a: Kyurem|0 fnt
|faint|p2a: Kyurem
|
|upkeep
|
|t:|1781548492
|switch|p2a: Ting-Lucifer|Ting-Lu|100/100
|-ability|p2a: Ting-Lucifer|Vessel of Ruin
|turn|11
|
|t:|1781548496
|move|p1a: Dragonite|Scale Shot|p2a: Ting-Lucifer|[miss]
|-miss|p1a: Dragonite|p2a: Ting-Lucifer
|move|p2a: Ting-Lucifer|Heavy Slam|p1a: Dragonite
|-damage|p1a: Dragonite|0 fnt
|faint|p1a: Dragonite
|
|upkeep
|
|t:|1781548498
|switch|p1a: Kommo-o|Kommo-o, F|100/100
|turn|12
|
|t:|1781548502
|move|p1a: Kommo-o|Clangorous Soul|p1a: Kommo-o
|-boost|p1a: Kommo-o|atk|1
|-boost|p1a: Kommo-o|def|1
|-boost|p1a: Kommo-o|spa|1
|-boost|p1a: Kommo-o|spd|1
|-boost|p1a: Kommo-o|spe|1
|-damage|p1a: Kommo-o|68/100
|-enditem|p1a: Kommo-o|Throat Spray
|-boost|p1a: Kommo-o|spa|1|[from] item: Throat Spray
|move|p2a: Ting-Lucifer|Earthquake|p1a: Kommo-o
|-damage|p1a: Kommo-o|34/100
|
|upkeep
|turn|13
|
|t:|1781548505
|move|p1a: Kommo-o|Close Combat|p2a: Ting-Lucifer
|-supereffective|p2a: Ting-Lucifer
|-damage|p2a: Ting-Lucifer|29/100
|-unboost|p1a: Kommo-o|def|1
|-unboost|p1a: Kommo-o|spd|1
|-enditem|p2a: Ting-Lucifer|Weakness Policy
|-boost|p2a: Ting-Lucifer|atk|2|[from] item: Weakness Policy
|-boost|p2a: Ting-Lucifer|spa|2|[from] item: Weakness Policy
|move|p2a: Ting-Lucifer|Earthquake|p1a: Kommo-o
|-damage|p1a: Kommo-o|0 fnt
|faint|p1a: Kommo-o
|
|upkeep
|
|t:|1781548508
|switch|p1a: Iron Valiant|Iron Valiant|100/100
|-enditem|p1a: Iron Valiant|Booster Energy
|-activate|p1a: Iron Valiant|ability: Quark Drive|[fromitem]
|-start|p1a: Iron Valiant|quarkdrivespe
|turn|14
|
|t:|1781548511
|move|p1a: Iron Valiant|Moonblast|p2a: Ting-Lucifer
|-supereffective|p2a: Ting-Lucifer
|-crit|p2a: Ting-Lucifer
|-damage|p2a: Ting-Lucifer|0 fnt
|faint|p2a: Ting-Lucifer
|
|upkeep
|
|t:|1781548516
|switch|p2a: Cinderace|Cinderace, M|100/100
|turn|15
|
|t:|1781548518
|move|p1a: Iron Valiant|Moonblast|p2a: Cinderace
|-resisted|p2a: Cinderace
|-damage|p2a: Cinderace|67/100
|move|p2a: Cinderace|Pyro Ball|p1a: Iron Valiant
|-damage|p1a: Iron Valiant|11/100
|
|upkeep
|turn|16
|
|t:|1781548521
|move|p1a: Iron Valiant|Calm Mind|p1a: Iron Valiant
|-boost|p1a: Iron Valiant|spa|1
|-boost|p1a: Iron Valiant|spd|1
|move|p2a: Cinderace|U-turn|p1a: Iron Valiant
|-start|p2a: Cinderace|typechange|Bug|[from] ability: Libero
|-resisted|p1a: Iron Valiant
|-damage|p1a: Iron Valiant|1/100
|
|t:|1781548529
|switch|p2a: Manaphy|Manaphy|100/100|[from] U-turn
|
|upkeep
|turn|17
|
|t:|1781548531
|move|p1a: Iron Valiant|Thunderbolt|p2a: Manaphy
|-supereffective|p2a: Manaphy
|-damage|p2a: Manaphy|23/100
|move|p2a: Manaphy|Scald|p1a: Iron Valiant
|-damage|p1a: Iron Valiant|0 fnt
|faint|p1a: Iron Valiant
|-end|p1a: Iron Valiant|Quark Drive|[silent]
|
|-heal|p2a: Manaphy|29/100|[from] item: Leftovers
|upkeep
|
|t:|1781548534
|switch|p1a: Garchomp|Garchomp, M|100/100
|turn|18
|
|t:|1781548538
|move|p1a: Garchomp|Scale Shot|p2a: Manaphy|[miss]
|-miss|p1a: Garchomp|p2a: Manaphy
|move|p2a: Manaphy|Alluring Voice|p1a: Garchomp
|-supereffective|p1a: Garchomp
|-damage|p1a: Garchomp|55/100
|
|-heal|p2a: Manaphy|35/100|[from] item: Leftovers
|upkeep
|turn|19
|
|t:|1781548544
|move|p1a: Garchomp|Scale Shot|p2a: Manaphy
|-damage|p2a: Manaphy|23/100
|-damage|p2a: Manaphy|13/100
|-damage|p2a: Manaphy|2/100
|-damage|p2a: Manaphy|0 fnt
|faint|p2a: Manaphy
|-hitcount|p2: Manaphy|4
|-unboost|p1a: Garchomp|def|1
|-boost|p1a: Garchomp|spe|1
|
|upkeep
|
|t:|1781548547
|switch|p2a: Mandibuzz|Mandibuzz, F, shiny|54/100
|turn|20
|
|t:|1781548550
|-terastallize|p2a: Mandibuzz|Fairy
|move|p1a: Garchomp|Scale Shot|p2a: Mandibuzz
|-immune|p2a: Mandibuzz
|move|p2a: Mandibuzz|Roost|p2a: Mandibuzz
|-heal|p2a: Mandibuzz|100/100
|
|upkeep
|turn|21
|
|t:|1781548552
|move|p1a: Garchomp|Swords Dance|p1a: Garchomp
|-boost|p1a: Garchomp|atk|2
|move|p2a: Mandibuzz|Foul Play|p1a: Garchomp
|-damage|p1a: Garchomp|0 fnt
|-damage|p2a: Mandibuzz|88/100|[from] ability: Rough Skin|[of] p1a: Garchomp
|faint|p1a: Garchomp
|
|win|omari p
|raw|fregene97's rating: 1556 &rarr; <strong>1540</strong><br />(-16 for losing)
|raw|omari p's rating: 1623 &rarr; <strong>1639</strong><br />(+16 for winning)
|l|☆fregene97
|player|p1|
|l|☆omari p
|player|p2|
