|j|☆jonuz
|j|☆biryanireqs
|t:|1781157926
|gametype|singles
|player|p1|jonuz|170|1642
|player|p2|biryanireqs|101|1558
|gen|9
|tier|[Gen 9] OU
|rated|
|rule|HP Percentage Mod: HP is shown in percentages
|rule|Endless Battle Clause: Forcing endless battles is banned
|rule|Species Clause: Limit one of each Pokémon
|rule|OHKO Clause: OHKO moves are banned
|rule|Evasion Items Clause: Evasion items are banned
|rule|Evasion Moves Clause: Evasion moves are banned
|rule|Evasion Abilities Clause: Evasion abilities are banned
|rule|Sleep Moves Clause: Sleep-inducing moves are banned
|clearpoke
|poke|p1|Sinistcha|
|poke|p1|Samurott-Hisui, M|
|poke|p1|Clefable, F|
|poke|p1|Moltres|
|poke|p1|Ting-Lu|
|poke|p1|Kommo-o, M|
|poke|p2|Rillaboom, F|
|poke|p2|Heatran, M|
|poke|p2|Walking Wake|
|poke|p2|Landorus-Therian, M|
|poke|p2|Zamazenta-*|
|poke|p2|Weezing-Galar, M|
|teampreview
|inactive|Battle timer is ON: inactive players will automatically lose when time's up. (requested by biryanireqs)
|
|t:|1781157936
|teamsize|p1|6
|teamsize|p2|6
|start
|switch|p1a: Clefable|Clefable, F|100/100
|switch|p2a: Landorus|Landorus-Therian, M|100/100
|-ability|p2a: Landorus|Intimidate|boost
|-unboost|p1a: Clefable|atk|1
|turn|1
|
|t:|1781157939
|move|p2a: Landorus|Stealth Rock|p1a: Clefable
|-sidestart|p1: jonuz|move: Stealth Rock
|move|p1a: Clefable|Knock Off|p2a: Landorus
|-damage|p2a: Landorus|91/100
|-enditem|p2a: Landorus|Rocky Helmet|[from] move: Knock Off|[of] p1a: Clefable
|
|upkeep
|turn|2
|
|t:|1781157942
|move|p2a: Landorus|Taunt|p1a: Clefable
|-start|p1a: Clefable|move: Taunt
|cant|p1a: Clefable|move: Taunt|Stealth Rock
|
|upkeep
|turn|3
|
|t:|1781157945
|move|p2a: Landorus|Earth Power|p1a: Clefable
|-damage|p1a: Clefable|72/100
|move|p1a: Clefable|Knock Off|p2a: Landorus
|-damage|p2a: Landorus|85/100
|
|-heal|p1a: Clefable|78/100|[from] item: Leftovers
|upkeep
|turn|4
|
|t:|1781157950
|switch|p1a: Moltres|Moltres|100/100
|move|p2a: Landorus|Earth Power|p1a: Moltres
|-immune|p1a: Moltres
|
|upkeep
|turn|5
|
|t:|1781157954
|move|p2a: Landorus|Taunt|p1a: Moltres
|-start|p1a: Moltres|move: Taunt
|move|p1a: Moltres|Hurricane|p2a: Landorus
|-damage|p2a: Landorus|16/100
|-start|p2a: Landorus|confusion
|
|upkeep
|turn|6
|
|t:|1781157960
|switch|p2a: Heatran|Heatran, M|100/100
|move|p1a: Moltres|U-turn|p2a: Heatran
|-resisted|p2a: Heatran
|-damage|p2a: Heatran|98/100
|
|t:|1781157966
|switch|p1a: Ting-Lu|Ting-Lu|100/100|[from] U-turn
|-damage|p1a: Ting-Lu|94/100|[from] Stealth Rock
|-ability|p1a: Ting-Lu|Vessel of Ruin
|
|-heal|p2a: Heatran|100/100|[from] item: Leftovers
|-heal|p1a: Ting-Lu|100/100|[from] item: Leftovers
|upkeep
|turn|7
|
|t:|1781157970
|switch|p2a: Landorus|Landorus-Therian, M|16/100
|-ability|p2a: Landorus|Intimidate|boost
|-unboost|p1a: Ting-Lu|atk|1
|move|p1a: Ting-Lu|Ruination|p2a: Landorus
|-damage|p2a: Landorus|8/100
|
|upkeep
|turn|8
|
|t:|1781157974
|switch|p1a: Clefable|Clefable, F|78/100
|move|p2a: Landorus|U-turn|p1a: Clefable
|-resisted|p1a: Clefable
|-damage|p1a: Clefable|70/100
|
|t:|1781157982
|switch|p2a: Rillaboom|Rillaboom, F|100/100|[from] U-turn
|-fieldstart|move: Grassy Terrain|[from] ability: Grassy Surge|[of] p2a: Rillaboom
|
|-heal|p1a: Clefable|76/100|[from] Grassy Terrain
|-heal|p1a: Clefable|82/100|[from] item: Leftovers
|upkeep
|turn|9
|
|t:|1781157985
|switch|p1a: Moltres|Moltres|100/100
|move|p2a: Rillaboom|Knock Off|p1a: Moltres
|-damage|p1a: Moltres|65/100
|-enditem|p1a: Moltres|Heavy-Duty Boots|[from] move: Knock Off|[of] p2a: Rillaboom
|
|upkeep
|turn|10
|
|t:|1781157990
|switch|p2a: Walking Wake|Walking Wake|100/100
|move|p1a: Moltres|Roost|p1a: Moltres
|-heal|p1a: Moltres|100/100
|-singleturn|p1a: Moltres|move: Roost
|
|upkeep
|turn|11
|
|t:|1781157996
|move|p2a: Walking Wake|Scald|p1a: Moltres
|-supereffective|p1a: Moltres
|-damage|p1a: Moltres|20/100
|move|p1a: Moltres|Hurricane|p2a: Walking Wake|[miss]
|-miss|p1a: Moltres|p2a: Walking Wake
|
|upkeep
|turn|12
|
|t:|1781158003
|move|p2a: Walking Wake|Scald|p1a: Moltres
|-supereffective|p1a: Moltres
|-damage|p1a: Moltres|0 fnt
|faint|p1a: Moltres
|
|upkeep
|
|t:|1781158004
|switch|p1a: Samurott|Samurott-Hisui, M|100/100
|-damage|p1a: Samurott|88/100|[from] Stealth Rock
|turn|13
|
|t:|1781158007
|move|p1a: Samurott|Ceaseless Edge|p2a: Walking Wake
|-damage|p2a: Walking Wake|53/100
|-sidestart|p2: biryanireqs|Spikes
|move|p2a: Walking Wake|Dragon Pulse|p1a: Samurott
|-crit|p1a: Samurott
|-damage|p1a: Samurott|0 fnt
|faint|p1a: Samurott
|
|-heal|p2a: Walking Wake|59/100|[from] Grassy Terrain
|-heal|p2a: Walking Wake|66/100|[from] item: Leftovers
|upkeep
|
|t:|1781158016
|switch|p1a: Sinistcha|Sinistcha|100/100
|turn|14
|
|t:|1781158022
|-end|p2a: Walking Wake|Protosynthesis|[silent]
|switch|p2a: Heatran|Heatran, M|100/100
|-damage|p2a: Heatran|88/100|[from] Spikes
|move|p1a: Sinistcha|Calm Mind|p1a: Sinistcha
|-boost|p1a: Sinistcha|spa|1
|-boost|p1a: Sinistcha|spd|1
|
|-heal|p2a: Heatran|94/100|[from] Grassy Terrain
|-heal|p2a: Heatran|100/100|[from] item: Leftovers
|upkeep
|turn|15
|
|t:|1781158027
|move|p2a: Heatran|Taunt|p1a: Sinistcha
|-start|p1a: Sinistcha|move: Taunt
|cant|p1a: Sinistcha|move: Taunt|Calm Mind
|
|-fieldend|move: Grassy Terrain
|upkeep
|turn|16
|
|t:|1781158029
|move|p2a: Heatran|Magma Storm|p1a: Sinistcha
|-supereffective|p1a: Sinistcha
|-damage|p1a: Sinistcha|69/100
|-activate|p1a: Sinistcha|move: Magma Storm|[of] p2a: Heatran
|move|p1a: Sinistcha|Shadow Ball|p2a: Heatran
|-damage|p2a: Heatran|69/100
|
|-heal|p2a: Heatran|75/100|[from] item: Leftovers
|-damage|p1a: Sinistcha|56/100|[from] move: Magma Storm|[partiallytrapped]
|upkeep
|turn|17
|
|t:|1781158032
|move|p2a: Heatran|Magma Storm|p1a: Sinistcha
|-supereffective|p1a: Sinistcha
|-damage|p1a: Sinistcha|22/100
|move|p1a: Sinistcha|Shadow Ball|p2a: Heatran
|-damage|p2a: Heatran|47/100
|
|-heal|p2a: Heatran|53/100|[from] item: Leftovers
|-damage|p1a: Sinistcha|9/100|[from] move: Magma Storm|[partiallytrapped]
|-end|p1a: Sinistcha|move: Taunt
|upkeep
|turn|18
|
|t:|1781158039
|switch|p1a: Ting-Lu|Ting-Lu|100/100
|-damage|p1a: Ting-Lu|94/100|[from] Stealth Rock
|-ability|p1a: Ting-Lu|Vessel of Ruin
|move|p2a: Heatran|Magma Storm|p1a: Ting-Lu
|-damage|p1a: Ting-Lu|77/100
|-activate|p1a: Ting-Lu|move: Magma Storm|[of] p2a: Heatran
|
|-heal|p2a: Heatran|59/100|[from] item: Leftovers
|-heal|p1a: Ting-Lu|83/100|[from] item: Leftovers
|-damage|p1a: Ting-Lu|71/100|[from] move: Magma Storm|[partiallytrapped]
|upkeep
|turn|19
|
|t:|1781158047
|switch|p2a: Landorus|Landorus-Therian, M|8/100
|-ability|p2a: Landorus|Intimidate|boost
|-unboost|p1a: Ting-Lu|atk|1
|move|p1a: Ting-Lu|Earthquake|p2a: Landorus
|-immune|p2a: Landorus
|
|-heal|p1a: Ting-Lu|77/100|[from] item: Leftovers
|-end|p1a: Ting-Lu|Magma Storm|[partiallytrapped]|[silent]
|upkeep
|turn|20
|
|t:|1781158050
|move|p2a: Landorus|U-turn|p1a: Ting-Lu
|-supereffective|p1a: Ting-Lu
|-damage|p1a: Ting-Lu|54/100
|
|t:|1781158053
|switch|p2a: Rillaboom|Rillaboom, F|100/100|[from] U-turn
|-damage|p2a: Rillaboom|88/100|[from] Spikes
|-fieldstart|move: Grassy Terrain|[from] ability: Grassy Surge|[of] p2a: Rillaboom
|move|p1a: Ting-Lu|Ruination|p2a: Rillaboom
|-damage|p2a: Rillaboom|44/100
|
|-heal|p2a: Rillaboom|51/100|[from] Grassy Terrain
|-heal|p1a: Ting-Lu|60/100|[from] Grassy Terrain
|-heal|p1a: Ting-Lu|67/100|[from] item: Leftovers
|upkeep
|turn|21
|
|t:|1781158057
|switch|p1a: Kommo-o|Kommo-o, M|100/100
|-damage|p1a: Kommo-o|94/100|[from] Stealth Rock
|move|p2a: Rillaboom|Swords Dance|p2a: Rillaboom
|-boost|p2a: Rillaboom|atk|2
|
|-heal|p2a: Rillaboom|57/100|[from] Grassy Terrain
|-heal|p1a: Kommo-o|100/100|[from] Grassy Terrain
|upkeep
|turn|22
|
|t:|1781158063
|move|p2a: Rillaboom|Wood Hammer|p1a: Kommo-o
|-resisted|p1a: Kommo-o
|-damage|p1a: Kommo-o|38/100
|-damage|p2a: Rillaboom|35/100|[from] Recoil
|move|p1a: Kommo-o|Bulk Up|p1a: Kommo-o
|-boost|p1a: Kommo-o|atk|1
|-boost|p1a: Kommo-o|def|1
|
|-heal|p2a: Rillaboom|41/100|[from] Grassy Terrain
|-heal|p1a: Kommo-o|44/100|[from] Grassy Terrain
|-heal|p1a: Kommo-o|50/100|[from] item: Leftovers
|upkeep
|turn|23
|
|t:|1781158069
|move|p2a: Rillaboom|Wood Hammer|p1a: Kommo-o
|-resisted|p1a: Kommo-o
|-damage|p1a: Kommo-o|8/100
|-damage|p2a: Rillaboom|27/100|[from] Recoil
|move|p1a: Kommo-o|Body Press|p2a: Rillaboom
|-damage|p2a: Rillaboom|0 fnt
|faint|p2a: Rillaboom
|
|-heal|p1a: Kommo-o|15/100|[from] Grassy Terrain
|-heal|p1a: Kommo-o|21/100|[from] item: Leftovers
|upkeep
|
|t:|1781158079
|switch|p2a: Landorus|Landorus-Therian, M|8/100
|-ability|p2a: Landorus|Intimidate|boost
|-unboost|p1a: Kommo-o|atk|1
|turn|24
|
|t:|1781158084
|move|p2a: Landorus|Earth Power|p1a: Kommo-o
|-damage|p1a: Kommo-o|0 fnt
|faint|p1a: Kommo-o
|
|upkeep
|
|t:|1781158090
|switch|p1a: Clefable|Clefable, F|82/100
|turn|25
|
|t:|1781158093
|move|p2a: Landorus|Taunt|p1a: Clefable
|-start|p1a: Clefable|move: Taunt
|move|p1a: Clefable|Moonblast|p2a: Landorus
|-damage|p2a: Landorus|0 fnt
|faint|p2a: Landorus
|
|-heal|p1a: Clefable|89/100|[from] Grassy Terrain
|-heal|p1a: Clefable|95/100|[from] item: Leftovers
|upkeep
|
|t:|1781158097
|switch|p2a: Heatran|Heatran, M|59/100
|-damage|p2a: Heatran|47/100|[from] Spikes
|turn|26
|
|t:|1781158099
|switch|p1a: Ting-Lu|Ting-Lu|67/100
|-damage|p1a: Ting-Lu|60/100|[from] Stealth Rock
|-ability|p1a: Ting-Lu|Vessel of Ruin
|move|p2a: Heatran|Magma Storm|p1a: Ting-Lu
|-damage|p1a: Ting-Lu|42/100
|-activate|p1a: Ting-Lu|move: Magma Storm|[of] p2a: Heatran
|
|-heal|p2a: Heatran|53/100|[from] Grassy Terrain
|-heal|p2a: Heatran|59/100|[from] item: Leftovers
|-heal|p1a: Ting-Lu|48/100|[from] Grassy Terrain
|-heal|p1a: Ting-Lu|55/100|[from] item: Leftovers
|-damage|p1a: Ting-Lu|42/100|[from] move: Magma Storm|[partiallytrapped]
|upkeep
|turn|27
|
|t:|1781158104
|switch|p2a: Walking Wake|Walking Wake|66/100
|-damage|p2a: Walking Wake|53/100|[from] Spikes
|move|p1a: Ting-Lu|Rest|p1a: Ting-Lu
|-status|p1a: Ting-Lu|slp|[from] move: Rest
|-heal|p1a: Ting-Lu|100/100 slp|[silent]
|
|-heal|p2a: Walking Wake|59/100|[from] Grassy Terrain
|-heal|p2a: Walking Wake|66/100|[from] item: Leftovers
|-end|p1a: Ting-Lu|Magma Storm|[partiallytrapped]|[silent]
|-fieldend|move: Grassy Terrain
|upkeep
|turn|28
|
|t:|1781158110
|-terastallize|p1a: Ting-Lu|Water
|move|p2a: Walking Wake|Substitute|p2a: Walking Wake
|-start|p2a: Walking Wake|Substitute
|-damage|p2a: Walking Wake|41/100
|cant|p1a: Ting-Lu|slp
|move|p1a: Ting-Lu|Sleep Talk|p1a: Ting-Lu
|move|p1a: Ting-Lu|Rest||[from] move: Sleep Talk|[still]
|-fail|p1a: Ting-Lu
|
|-heal|p2a: Walking Wake|47/100|[from] item: Leftovers
|upkeep
|turn|29
|
|t:|1781158114
|move|p2a: Walking Wake|Knock Off|p1a: Ting-Lu
|-damage|p1a: Ting-Lu|91/100 slp
|-enditem|p1a: Ting-Lu|Leftovers|[from] move: Knock Off|[of] p2a: Walking Wake
|cant|p1a: Ting-Lu|slp
|move|p1a: Ting-Lu|Sleep Talk|p1a: Ting-Lu
|move|p1a: Ting-Lu|Earthquake|p2a: Walking Wake|[from] move: Sleep Talk
|-end|p2a: Walking Wake|Substitute
|
|-heal|p2a: Walking Wake|53/100|[from] item: Leftovers
|upkeep
|turn|30
|
|t:|1781158117
|move|p2a: Walking Wake|Dragon Pulse|p1a: Ting-Lu
|-damage|p1a: Ting-Lu|74/100 slp
|-curestatus|p1a: Ting-Lu|slp|[msg]
|move|p1a: Ting-Lu|Earthquake|p2a: Walking Wake
|-damage|p2a: Walking Wake|12/100
|
|-heal|p2a: Walking Wake|18/100|[from] item: Leftovers
|upkeep
|turn|31
|
|t:|1781158122
|move|p2a: Walking Wake|Scald|p1a: Ting-Lu
|-resisted|p1a: Ting-Lu
|-damage|p1a: Ting-Lu|65/100
|move|p1a: Ting-Lu|Earthquake|p2a: Walking Wake
|-damage|p2a: Walking Wake|0 fnt
|faint|p2a: Walking Wake
|-end|p2a: Walking Wake|Protosynthesis|[silent]
|
|upkeep
|
|t:|1781158129
|switch|p2a: Weezing|Weezing-Galar, M|100/100
|-ability|p2a: Weezing|Neutralizing Gas
|turn|32
|
|t:|1781158141
|move|p2a: Weezing|Will-O-Wisp|p1a: Ting-Lu
|-status|p1a: Ting-Lu|brn
|move|p1a: Ting-Lu|Earthquake|p2a: Weezing
|-supereffective|p2a: Weezing
|-crit|p2a: Weezing
|-damage|p2a: Weezing|65/100
|
|-damage|p1a: Ting-Lu|59/100 brn|[from] brn
|upkeep
|turn|33
|j| pokemonlover-834
|
|t:|1781158145
|-end|p2a: Weezing|ability: Neutralizing Gas
|-ability|p1a: Ting-Lu|Vessel of Ruin
|switch|p2a: Zamazenta|Zamazenta|100/100
|-damage|p2a: Zamazenta|88/100|[from] Spikes
|-ability|p2a: Zamazenta|Dauntless Shield|boost
|-boost|p2a: Zamazenta|def|1
|move|p1a: Ting-Lu|Rest|p1a: Ting-Lu
|-status|p1a: Ting-Lu|slp|[from] move: Rest
|-heal|p1a: Ting-Lu|100/100 slp|[silent]
|
|upkeep
|turn|34
|l| pokemonlover-834
|
|t:|1781158154
|switch|p1a: Clefable|Clefable, F|95/100
|move|p2a: Zamazenta|Close Combat|p1a: Clefable
|-resisted|p1a: Clefable
|-damage|p1a: Clefable|65/100
|-unboost|p2a: Zamazenta|def|1
|-unboost|p2a: Zamazenta|spd|1
|-damage|p2a: Zamazenta|78/100|[from] item: Life Orb
|
|-heal|p1a: Clefable|71/100|[from] item: Leftovers
|upkeep
|turn|35
|
|t:|1781158157
|switch|p1a: Sinistcha|Sinistcha|9/100
|move|p2a: Zamazenta|Heavy Slam|p1a: Sinistcha
|-damage|p1a: Sinistcha|0 fnt
|faint|p1a: Sinistcha
|-damage|p2a: Zamazenta|68/100|[from] item: Life Orb
|
|upkeep
|
|t:|1781158160
|switch|p1a: Ting-Lu|Ting-Lu, tera:Water|100/100 slp
|-damage|p1a: Ting-Lu|88/100 slp|[from] Stealth Rock
|-ability|p1a: Ting-Lu|Vessel of Ruin
|turn|36
|
|t:|1781158164
|move|p2a: Zamazenta|Close Combat|p1a: Ting-Lu
|-damage|p1a: Ting-Lu|45/100 slp
|-unboost|p2a: Zamazenta|def|1
|-unboost|p2a: Zamazenta|spd|1
|-damage|p2a: Zamazenta|59/100|[from] item: Life Orb
|cant|p1a: Ting-Lu|slp
|move|p1a: Ting-Lu|Sleep Talk|p1a: Ting-Lu
|move|p1a: Ting-Lu|Ruination|p2a: Zamazenta|[from] move: Sleep Talk
|-damage|p2a: Zamazenta|30/100
|
|upkeep
|turn|37
|
|t:|1781158181
|switch|p1a: Clefable|Clefable, F|71/100
|move|p2a: Zamazenta|Heavy Slam|p1a: Clefable
|-supereffective|p1a: Clefable
|-damage|p1a: Clefable|0 fnt
|faint|p1a: Clefable
|-damage|p2a: Zamazenta|20/100|[from] item: Life Orb
|
|upkeep
|-message|jonuz forfeited.
|
|win|biryanireqs
|raw|jonuz's rating: 1642 &rarr; <strong>1617</strong><br />(-25 for losing)
|raw|biryanireqs's rating: 1558 &rarr; <strong>1583</strong><br />(+25 for winning)
|l|☆jonuz
|player|p1|
|l|☆biryanireqs
|player|p2|
