|j|☆sethypooh
|j|‽rrbrru
|t:|1781228110
|gametype|singles
|player|p1|sethypooh|pokemaniac|1595
|player|p2|rrbrru|266|1531
|gen|9
|tier|[Gen 9] OU
|rated|
|rule|HP Percentage Mod: HP is shown in percentages
|rule|Endless Battle Clause: Forcing endless battles is banned
|rule|Species Clause: Limit one of each Pokémon
|rule|OHKO Clause: OHKO moves are banned
|rule|Evasion Items Clause: Evasion items are banned
|rule|Evasion Moves Clause: Evasion moves are banned
|rule|Evasion Abilities Clause: Evasion abilities are banned
|rule|Sleep Moves Clause: Sleep-inducing moves are banned
|clearpoke
|poke|p1|Raging Bolt|
|poke|p1|Ribombee, F|
|poke|p1|Gholdengo|
|poke|p1|Great Tusk|
|poke|p1|Ogerpon-Cornerstone, F|
|poke|p1|Ceruledge, F|
|poke|p2|Tyranitar, M|
|poke|p2|Excadrill, F|
|poke|p2|Hydrapple, M|
|poke|p2|Tornadus-Therian, M|
|poke|p2|Alomomola, F|
|poke|p2|Houndstone, M|
|teampreview
|inactive|Battle timer is ON: inactive players will automatically lose when time's up. (requested by sethypooh)
|
|t:|1781228125
|teamsize|p1|6
|teamsize|p2|6
|start
|switch|p1a: Ogerpon|Ogerpon-Cornerstone, F|100/100
|switch|p2a: Tyranitar|Tyranitar, M|100/100
|-weather|Sandstorm|[from] ability: Sand Stream|[of] p2a: Tyranitar
|turn|1
|
|t:|1781228131
|switch|p2a: Houndstone|Houndstone, M|100/100
|move|p1a: Ogerpon|Low Kick|p2a: Houndstone
|-immune|p2a: Houndstone
|
|-weather|Sandstorm|[upkeep]
|upkeep
|turn|2
|
|t:|1781228141
|move|p2a: Houndstone|Will-O-Wisp|p1a: Ogerpon
|-status|p1a: Ogerpon|brn
|move|p1a: Ogerpon|Knock Off|p2a: Houndstone
|-supereffective|p2a: Houndstone
|-damage|p2a: Houndstone|54/100
|-enditem|p2a: Houndstone|Choice Band|[from] move: Knock Off|[of] p1a: Ogerpon
|
|-weather|Sandstorm|[upkeep]
|-damage|p1a: Ogerpon|95/100 brn|[from] brn
|upkeep
|turn|3
|
|t:|1781228167
|move|p2a: Houndstone|Poltergeist|p1a: Ogerpon
|-activate|p1a: Ogerpon|move: Poltergeist|Cornerstone Mask
|-damage|p1a: Ogerpon|30/100 brn
|move|p1a: Ogerpon|Power Whip|p2a: Houndstone
|-damage|p2a: Houndstone|10/100
|
|-weather|Sandstorm|[upkeep]
|-damage|p1a: Ogerpon|24/100 brn|[from] brn
|upkeep
|turn|4
|
|t:|1781228183
|move|p2a: Houndstone|Poltergeist|p1a: Ogerpon
|-activate|p1a: Ogerpon|move: Poltergeist|Cornerstone Mask
|-damage|p1a: Ogerpon|0 fnt
|faint|p1a: Ogerpon
|
|-weather|Sandstorm|[upkeep]
|upkeep
|
|t:|1781228194
|switch|p1a: Ceruledge|Ceruledge, F, shiny|100/100
|turn|5
|
|t:|1781228197
|move|p1a: Ceruledge|Shadow Sneak|p2a: Houndstone
|-supereffective|p2a: Houndstone
|-damage|p2a: Houndstone|0 fnt
|faint|p2a: Houndstone
|
|-weather|none
|upkeep
|
|t:|1781228201
|switch|p2a: Tyranitar|Tyranitar, M|100/100
|-weather|Sandstorm|[from] ability: Sand Stream|[of] p2a: Tyranitar
|turn|6
|
|t:|1781228204
|move|p1a: Ceruledge|Close Combat|p2a: Tyranitar
|-supereffective|p2a: Tyranitar
|-damage|p2a: Tyranitar|0 fnt
|-unboost|p1a: Ceruledge|def|1
|-unboost|p1a: Ceruledge|spd|1
|faint|p2a: Tyranitar
|
|-weather|Sandstorm|[upkeep]
|-damage|p1a: Ceruledge|94/100|[from] Sandstorm
|upkeep
|
|t:|1781228207
|switch|p2a: Excadrill|Excadrill, F|100/100
|turn|7
|
|t:|1781228214
|move|p1a: Ceruledge|Shadow Sneak|p2a: Excadrill
|-damage|p2a: Excadrill|68/100
|move|p2a: Excadrill|Earthquake|p1a: Ceruledge
|-supereffective|p1a: Ceruledge
|-damage|p1a: Ceruledge|0 fnt
|faint|p1a: Ceruledge
|
|-weather|Sandstorm|[upkeep]
|-heal|p2a: Excadrill|74/100|[from] item: Leftovers
|upkeep
|inactive|sethypooh has 120 seconds left.
|
|t:|1781228247
|switch|p1a: Great Tusk|Great Tusk, shiny|100/100
|-enditem|p1a: Great Tusk|Booster Energy
|-activate|p1a: Great Tusk|ability: Protosynthesis|[fromitem]
|-start|p1a: Great Tusk|protosynthesisatk
|turn|8
|
|t:|1781228250
|move|p2a: Excadrill|Substitute|p2a: Excadrill
|-start|p2a: Excadrill|Substitute
|-damage|p2a: Excadrill|49/100
|move|p1a: Great Tusk|Headlong Rush|p2a: Excadrill
|-supereffective|p2a: Excadrill
|-end|p2a: Excadrill|Substitute
|-unboost|p1a: Great Tusk|def|1
|-unboost|p1a: Great Tusk|spd|1
|
|-weather|Sandstorm|[upkeep]
|-heal|p2a: Excadrill|55/100|[from] item: Leftovers
|upkeep
|turn|9
|
|t:|1781228256
|-terastallize|p2a: Excadrill|Ground
|move|p2a: Excadrill|Earthquake|p1a: Great Tusk
|-damage|p1a: Great Tusk|15/100
|move|p1a: Great Tusk|Close Combat|p2a: Excadrill
|-damage|p2a: Excadrill|0 fnt
|-unboost|p1a: Great Tusk|def|1
|-unboost|p1a: Great Tusk|spd|1
|faint|p2a: Excadrill
|
|-weather|Sandstorm|[upkeep]
|upkeep
|
|t:|1781228259
|switch|p2a: Alomomola|Alomomola, F|100/100
|turn|10
|
|t:|1781228264
|move|p1a: Great Tusk|Headlong Rush|p2a: Alomomola
|-damage|p2a: Alomomola|48/100
|-unboost|p1a: Great Tusk|def|1
|-unboost|p1a: Great Tusk|spd|1
|move|p2a: Alomomola|Flip Turn|p1a: Great Tusk
|-supereffective|p1a: Great Tusk
|-damage|p1a: Great Tusk|0 fnt
|faint|p1a: Great Tusk
|-end|p1a: Great Tusk|Protosynthesis|[silent]
|
|t:|1781228267
|switch|p2a: Hydrapple|Hydrapple, M|100/100|[from] Flip Turn
|
|-weather|none
|upkeep
|
|t:|1781228271
|switch|p1a: Ribombee|Ribombee, F, shiny|100/100
|turn|11
|
|t:|1781228274
|switch|p2a: Alomomola|Alomomola, F|81/100
|move|p1a: Ribombee|Moonblast|p2a: Alomomola
|-crit|p2a: Alomomola
|-damage|p2a: Alomomola|23/100
|
|upkeep
|turn|12
|
|t:|1781228279
|switch|p2a: Tornadus|Tornadus-Therian, M|100/100
|move|p1a: Ribombee|Moonblast|p2a: Tornadus
|-damage|p2a: Tornadus|62/100
|
|upkeep
|turn|13
|
|t:|1781228288
|move|p1a: Ribombee|Moonblast|p2a: Tornadus
|-damage|p2a: Tornadus|16/100
|-unboost|p2a: Tornadus|spa|1
|move|p2a: Tornadus|Bleakwind Storm|p1a: Ribombee
|-supereffective|p1a: Ribombee
|-damage|p1a: Ribombee|11/100
|
|upkeep
|turn|14
|
|t:|1781228292
|switch|p2a: Alomomola|Alomomola, F|56/100
|move|p1a: Ribombee|Moonblast|p2a: Alomomola
|-damage|p2a: Alomomola|22/100
|
|upkeep
|turn|15
|
|t:|1781228295
|switch|p2a: Tornadus|Tornadus-Therian, M|50/100
|move|p1a: Ribombee|Moonblast|p2a: Tornadus
|-damage|p2a: Tornadus|12/100
|
|upkeep
|turn|16
|
|t:|1781228298
|switch|p2a: Alomomola|Alomomola, F|55/100
|move|p1a: Ribombee|Moonblast|p2a: Alomomola
|-damage|p2a: Alomomola|17/100
|-unboost|p2a: Alomomola|spa|1
|
|upkeep
|turn|17
|
|t:|1781228307
|move|p1a: Ribombee|Moonblast|p2a: Alomomola
|-damage|p2a: Alomomola|0 fnt
|faint|p2a: Alomomola
|
|upkeep
|
|t:|1781228310
|switch|p2a: Tornadus|Tornadus-Therian, M|45/100
|turn|18
|
|t:|1781228314
|move|p1a: Ribombee|Moonblast|p2a: Tornadus
|-damage|p2a: Tornadus|5/100
|move|p2a: Tornadus|Heat Wave|p1a: Ribombee
|-supereffective|p1a: Ribombee
|-damage|p1a: Ribombee|0 fnt
|faint|p1a: Ribombee
|
|upkeep
|
|t:|1781228321
|switch|p1a: Raging Bolt|Raging Bolt|100/100
|-enditem|p1a: Raging Bolt|Booster Energy
|-activate|p1a: Raging Bolt|ability: Protosynthesis|[fromitem]
|-start|p1a: Raging Bolt|protosynthesisspa
|turn|19
|
|t:|1781228326
|move|p2a: Tornadus|U-turn|p1a: Raging Bolt
|-damage|p1a: Raging Bolt|86/100
|
|t:|1781228328
|switch|p2a: Hydrapple|Hydrapple, M|100/100|[from] U-turn
|move|p1a: Raging Bolt|Dragon Pulse|p2a: Hydrapple
|-supereffective|p2a: Hydrapple
|-damage|p2a: Hydrapple|0 fnt
|faint|p2a: Hydrapple
|
|upkeep
|-message|rrbrru forfeited.
|
|win|sethypooh
|raw|sethypooh's rating: 1595 &rarr; <strong>1611</strong><br />(+16 for winning)
|raw|rrbrru's rating: 1531 &rarr; <strong>1515</strong><br />(-16 for losing)
|l|‽rrbrru
|player|p2|
|l|☆sethypooh
|player|p1|
