|badge|p2|bronze|gen9ou|100-9
|uhtml|medal-msg|<div class="broadcast-blue">Curious what those medals under the avatar are? PS now has Ladder Seasons! For more information, check out the <a href="https://www.smogon.com/forums/threads/3740067/">thread on Smogon.</a></div>
|j|☆Joltinjoe18
|j|☆Dat boii fam
|t:|1781117643
|gametype|singles
|player|p1|Joltinjoe18|169|1758
|player|p2|Dat boii fam|li|1805
|gen|9
|tier|[Gen 9] OU
|rated|
|rule|HP Percentage Mod: HP is shown in percentages
|rule|Endless Battle Clause: Forcing endless battles is banned
|rule|Species Clause: Limit one of each Pokémon
|rule|OHKO Clause: OHKO moves are banned
|rule|Evasion Items Clause: Evasion items are banned
|rule|Evasion Moves Clause: Evasion moves are banned
|rule|Evasion Abilities Clause: Evasion abilities are banned
|rule|Sleep Moves Clause: Sleep-inducing moves are banned
|clearpoke
|poke|p1|Zamazenta-*|
|poke|p1|Politoed, M|
|poke|p1|Basculegion, M|
|poke|p1|Zapdos|
|poke|p1|Iron Treads|
|poke|p1|Darkrai|
|poke|p2|Alomomola, M|
|poke|p2|Landorus-Therian, M|
|poke|p2|Zapdos|
|poke|p2|Tornadus-Therian, M|
|poke|p2|Scizor, M|
|poke|p2|Amoonguss, F|
|teampreview
|
|t:|1781117655
|teamsize|p1|6
|teamsize|p2|6
|start
|switch|p1a: Zapdos|Zapdos|100/100
|switch|p2a: Zapdos|Zapdos|100/100
|turn|1
|inactive|Battle timer is ON: inactive players will automatically lose when time's up. (requested by Dat boii fam)
|
|t:|1781117660
|move|p1a: Zapdos|Volt Switch|p2a: Zapdos
|-crit|p2a: Zapdos
|-damage|p2a: Zapdos|25/100
|
|t:|1781117663
|switch|p1a: Iron Treads|Iron Treads|100/100|[from] Volt Switch
|move|p2a: Zapdos|Discharge|p1a: Iron Treads
|-immune|p1a: Iron Treads
|
|upkeep
|turn|2
|
|t:|1781117669
|switch|p2a: Alomomola|Alomomola, M|100/100
|move|p1a: Iron Treads|Stealth Rock|p2a: Alomomola
|-sidestart|p2: Dat boii fam|move: Stealth Rock
|
|upkeep
|turn|3
|
|t:|1781117675
|move|p1a: Iron Treads|Knock Off|p2a: Alomomola
|-damage|p2a: Alomomola|87/100
|-enditem|p2a: Alomomola|Heavy-Duty Boots|[from] move: Knock Off|[of] p1a: Iron Treads
|move|p2a: Alomomola|Wish|p2a: Alomomola
|
|upkeep
|turn|4
|
|t:|1781117680
|-end|p1a: Iron Treads|Quark Drive|[silent]
|switch|p1a: Frog Gaming|Politoed, M|100/100
|-weather|RainDance|[from] ability: Drizzle|[of] p1a: Frog Gaming
|move|p2a: Alomomola|Flip Turn|p1a: Frog Gaming
|-resisted|p1a: Frog Gaming
|-damage|p1a: Frog Gaming|90/100
|
|t:|1781117686
|switch|p2a: Zapdos|Zapdos|25/100|[from] Flip Turn
|
|-weather|RainDance|[upkeep]
|-heal|p2a: Zapdos|95/100|[from] move: Wish|[wisher] Alomomola
|upkeep
|turn|5
|
|t:|1781117693
|switch|p1a: Iron Treads|Iron Treads|100/100
|move|p2a: Zapdos|Hurricane|p1a: Iron Treads
|-resisted|p1a: Iron Treads
|-damage|p1a: Iron Treads|77/100
|-start|p1a: Iron Treads|confusion
|
|-weather|RainDance|[upkeep]
|-heal|p1a: Iron Treads|83/100|[from] item: Leftovers
|upkeep
|turn|6
|
|t:|1781117702
|-end|p1a: Iron Treads|Quark Drive|[silent]
|switch|p1a: Zapdos|Zapdos|100/100
|switch|p2a: Alomomola|Alomomola, M|100/100
|-damage|p2a: Alomomola|88/100|[from] Stealth Rock
|
|-weather|RainDance|[upkeep]
|upkeep
|turn|7
|
|t:|1781117709
|move|p2a: Alomomola|Protect|p2a: Alomomola
|-singleturn|p2a: Alomomola|Protect
|move|p1a: Zapdos|Hurricane|p2a: Alomomola
|-activate|p2a: Alomomola|move: Protect
|
|-weather|RainDance|[upkeep]
|upkeep
|turn|8
|
|t:|1781117718
|move|p1a: Zapdos|Hurricane|p2a: Alomomola
|-damage|p2a: Alomomola|4/100
|-start|p2a: Alomomola|confusion
|-activate|p2a: Alomomola|confusion
|move|p2a: Alomomola|Flip Turn|p1a: Zapdos
|-damage|p1a: Zapdos|71/100
|
|t:|1781117726
|switch|p2a: Zapdos|Zapdos|95/100|[from] Flip Turn
|
|-weather|RainDance|[upkeep]
|upkeep
|turn|9
|
|t:|1781117731
|switch|p1a: Iron Treads|Iron Treads|83/100
|move|p2a: Zapdos|Hurricane|p1a: Iron Treads
|-resisted|p1a: Iron Treads
|-damage|p1a: Iron Treads|58/100
|-start|p1a: Iron Treads|confusion
|
|-weather|RainDance|[upkeep]
|-heal|p1a: Iron Treads|64/100|[from] item: Leftovers
|upkeep
|turn|10
|
|t:|1781117740
|-activate|p1a: Iron Treads|confusion
|-damage|p1a: Iron Treads|55/100|[from] confusion
|move|p2a: Zapdos|Hurricane|p1a: Iron Treads
|-resisted|p1a: Iron Treads
|-damage|p1a: Iron Treads|33/100
|
|-weather|RainDance|[upkeep]
|-heal|p1a: Iron Treads|39/100|[from] item: Leftovers
|upkeep
|turn|11
|
|t:|1781117748
|switch|p2a: Alomomola|Alomomola, M|38/100
|-damage|p2a: Alomomola|25/100|[from] Stealth Rock
|-activate|p1a: Iron Treads|confusion
|move|p1a: Iron Treads|Knock Off|p2a: Alomomola
|-damage|p2a: Alomomola|15/100
|
|-weather|none
|-heal|p1a: Iron Treads|46/100|[from] item: Leftovers
|upkeep
|turn|12
|
|t:|1781117757
|switch|p2a: Landorus|Landorus-Therian, M|100/100
|-damage|p2a: Landorus|88/100|[from] Stealth Rock
|-ability|p2a: Landorus|Intimidate|boost
|-unboost|p1a: Iron Treads|atk|1
|-end|p1a: Iron Treads|confusion
|move|p1a: Iron Treads|Earthquake|p2a: Landorus
|-immune|p2a: Landorus
|
|-heal|p1a: Iron Treads|52/100|[from] item: Leftovers
|upkeep
|turn|13
|
|t:|1781117767
|-end|p1a: Iron Treads|Quark Drive|[silent]
|switch|p1a: Frog Gaming|Politoed, M|90/100
|-weather|RainDance|[from] ability: Drizzle|[of] p1a: Frog Gaming
|move|p2a: Landorus|U-turn|p1a: Frog Gaming
|-damage|p1a: Frog Gaming|63/100
|
|t:|1781117773
|switch|p2a: Zapdos|Zapdos|95/100|[from] U-turn
|
|-weather|RainDance|[upkeep]
|upkeep
|turn|14
|
|t:|1781117778
|switch|p1a: Iron Treads|Iron Treads|52/100
|move|p2a: Zapdos|Hurricane|p1a: Iron Treads
|-resisted|p1a: Iron Treads
|-damage|p1a: Iron Treads|29/100
|-start|p1a: Iron Treads|confusion
|
|-weather|RainDance|[upkeep]
|-heal|p1a: Iron Treads|35/100|[from] item: Leftovers
|upkeep
|turn|15
|
|t:|1781117786
|-activate|p1a: Iron Treads|confusion
|move|p1a: Iron Treads|Knock Off|p2a: Zapdos
|-damage|p2a: Zapdos|69/100
|-status|p1a: Iron Treads|par|[from] ability: Static|[of] p2a: Zapdos
|-enditem|p2a: Zapdos|Heavy-Duty Boots|[from] move: Knock Off|[of] p1a: Iron Treads
|move|p2a: Zapdos|Hurricane|p1a: Iron Treads
|-resisted|p1a: Iron Treads
|-damage|p1a: Iron Treads|10/100 par
|
|-weather|RainDance|[upkeep]
|-heal|p1a: Iron Treads|17/100 par|[from] item: Leftovers
|upkeep
|turn|16
|
|t:|1781117796
|-end|p1a: Iron Treads|Quark Drive|[silent]
|switch|p1a: Darkrai|Darkrai|100/100
|move|p2a: Zapdos|Hurricane|p1a: Darkrai
|-damage|p1a: Darkrai|24/100
|-start|p1a: Darkrai|confusion
|
|-weather|RainDance|[upkeep]
|-heal|p1a: Darkrai|30/100|[from] item: Leftovers
|upkeep
|turn|17
|
|t:|1781117805
|switch|p2a: Scizor|Scizor, M|100/100
|-activate|p1a: Darkrai|confusion
|move|p1a: Darkrai|Ice Beam|p2a: Scizor
|-resisted|p2a: Scizor
|-damage|p2a: Scizor|86/100
|
|-weather|RainDance|[upkeep]
|-heal|p1a: Darkrai|36/100|[from] item: Leftovers
|upkeep
|turn|18
|
|t:|1781117813
|-activate|p1a: Darkrai|confusion
|move|p1a: Darkrai|Thunder|p2a: Scizor
|-damage|p2a: Scizor|54/100
|move|p2a: Scizor|U-turn|p1a: Darkrai
|-supereffective|p1a: Darkrai
|-damage|p1a: Darkrai|0 fnt
|faint|p1a: Darkrai
|
|t:|1781117824
|switch|p2a: Landorus|Landorus-Therian, M|88/100|[from] U-turn
|-damage|p2a: Landorus|75/100|[from] Stealth Rock
|
|-weather|RainDance|[upkeep]
|upkeep
|
|t:|1781117833
|switch|p1a: Zapdos|Zapdos|71/100
|turn|19
|
|t:|1781117835
|move|p2a: Landorus|Rock Slide|p1a: Zapdos|[miss]
|-miss|p2a: Landorus|p1a: Zapdos
|move|p1a: Zapdos|Hurricane|p2a: Landorus
|-damage|p2a: Landorus|0 fnt
|faint|p2a: Landorus
|
|-weather|RainDance|[upkeep]
|upkeep
|
|t:|1781117843
|switch|p2a: Zapdos|Zapdos|69/100
|-damage|p2a: Zapdos|44/100|[from] Stealth Rock
|turn|20
|c|☆Joltinjoe18|mb
|
|t:|1781117847
|move|p1a: Zapdos|Hurricane|p2a: Zapdos
|-resisted|p2a: Zapdos
|-damage|p2a: Zapdos|3/100
|move|p2a: Zapdos|Roost|p2a: Zapdos
|-heal|p2a: Zapdos|53/100
|-singleturn|p2a: Zapdos|move: Roost
|
|-weather|none
|upkeep
|turn|21
|
|t:|1781117855
|switch|p1a: Frog Gaming|Politoed, M|63/100
|-weather|RainDance|[from] ability: Drizzle|[of] p1a: Frog Gaming
|move|p2a: Zapdos|Roost|p2a: Zapdos
|-heal|p2a: Zapdos|100/100
|-singleturn|p2a: Zapdos|move: Roost
|
|-weather|RainDance|[upkeep]
|upkeep
|turn|22
|
|t:|1781117863
|switch|p1a: Iron Treads|Iron Treads|17/100 par
|move|p2a: Zapdos|Hurricane|p1a: Iron Treads
|-resisted|p1a: Iron Treads
|-crit|p1a: Iron Treads
|-damage|p1a: Iron Treads|0 fnt
|faint|p1a: Iron Treads
|-end|p1a: Iron Treads|Quark Drive|[silent]
|
|-weather|RainDance|[upkeep]
|upkeep
|j| cachowcapow
|
|t:|1781117868
|switch|p1a: Zapdos|Zapdos|71/100
|turn|23
|
|t:|1781117879
|move|p1a: Zapdos|Thunder|p2a: Zapdos
|-damage|p2a: Zapdos|30/100
|move|p2a: Zapdos|Discharge|p1a: Zapdos
|-damage|p1a: Zapdos|23/100
|
|-weather|RainDance|[upkeep]
|upkeep
|turn|24
|
|t:|1781117894
|move|p1a: Zapdos|Thunder|p2a: Zapdos
|-damage|p2a: Zapdos|0 fnt
|faint|p2a: Zapdos
|
|-weather|RainDance|[upkeep]
|upkeep
|
|t:|1781117900
|switch|p2a: Tornadus|Tornadus-Therian, M|100/100
|turn|25
|
|t:|1781117905
|move|p2a: Tornadus|Dark Pulse|p1a: Zapdos
|-damage|p1a: Zapdos|0 fnt
|faint|p1a: Zapdos
|
|-weather|RainDance|[upkeep]
|upkeep
|
|t:|1781117906
|switch|p1a: Basculegion|Basculegion, M|100/100
|turn|26
|
|t:|1781117923
|switch|p2a: Alomomola|Alomomola, M|48/100
|-damage|p2a: Alomomola|36/100|[from] Stealth Rock
|-terastallize|p1a: Basculegion|Water
|move|p1a: Basculegion|Wave Crash|p2a: Alomomola
|-resisted|p2a: Alomomola
|-damage|p2a: Alomomola|0 fnt
|faint|p2a: Alomomola
|-damage|p1a: Basculegion|84/100|[from] Recoil
|
|-weather|RainDance|[upkeep]
|upkeep
|
|t:|1781117933
|switch|p2a: Amoonguss|Amoonguss, F|100/100
|-damage|p2a: Amoonguss|88/100|[from] Stealth Rock
|turn|27
|
|t:|1781117936
|switch|p1a: Zamazenta|Zamazenta|100/100
|-ability|p1a: Zamazenta|Dauntless Shield|boost
|-boost|p1a: Zamazenta|def|1
|move|p2a: Amoonguss|Giga Drain|p1a: Zamazenta
|-damage|p1a: Zamazenta|77/100
|-heal|p2a: Amoonguss|97/100|[from] drain|[of] p1a: Zamazenta
|
|-weather|RainDance|[upkeep]
|upkeep
|turn|28
|
|t:|1781117944
|move|p1a: Zamazenta|Ice Fang|p2a: Amoonguss
|-supereffective|p2a: Amoonguss
|-damage|p2a: Amoonguss|67/100
|-damage|p1a: Zamazenta|61/100|[from] item: Rocky Helmet|[of] p2a: Amoonguss
|move|p2a: Amoonguss|Toxic|p1a: Zamazenta
|-status|p1a: Zamazenta|tox
|
|-weather|none
|-damage|p1a: Zamazenta|55/100 tox|[from] psn
|upkeep
|turn|29
|
|t:|1781117954
|switch|p2a: Scizor|Scizor, M|54/100
|move|p1a: Zamazenta|Ice Fang|p2a: Scizor
|-resisted|p2a: Scizor
|-damage|p2a: Scizor|42/100
|
|-damage|p1a: Zamazenta|42/100 tox|[from] psn
|upkeep
|turn|30
|
|t:|1781117961
|switch|p1a: Frog Gaming|Politoed, M|63/100
|-weather|RainDance|[from] ability: Drizzle|[of] p1a: Frog Gaming
|move|p2a: Scizor|Defog|p1a: Frog Gaming
|-unboost|p1a: Frog Gaming|evasion|1
|-sideend|p2: Dat boii fam|Stealth Rock|[from] move: Defog|[of] p2a: Scizor
|
|-weather|RainDance|[upkeep]
|upkeep
|turn|31
|
|t:|1781117970
|move|p1a: Frog Gaming|Surf|p2a: Scizor
|-damage|p2a: Scizor|4/100
|move|p2a: Scizor|Knock Off|p1a: Frog Gaming
|-damage|p1a: Frog Gaming|39/100
|-enditem|p1a: Frog Gaming|Damp Rock|[from] move: Knock Off|[of] p2a: Scizor
|
|-weather|RainDance|[upkeep]
|upkeep
|turn|32
|
|t:|1781117977
|move|p2a: Scizor|Bullet Punch|p1a: Frog Gaming
|-resisted|p1a: Frog Gaming
|-damage|p1a: Frog Gaming|27/100
|move|p1a: Frog Gaming|Ice Beam|p2a: Scizor
|-resisted|p2a: Scizor
|-damage|p2a: Scizor|0 fnt
|faint|p2a: Scizor
|
|-weather|RainDance|[upkeep]
|upkeep
|j| rika akana
|
|t:|1781117984
|switch|p2a: Tornadus|Tornadus-Therian, M|100/100
|turn|33
|
|t:|1781117989
|move|p2a: Tornadus|Bleakwind Storm|p1a: Frog Gaming
|-damage|p1a: Frog Gaming|0 fnt
|faint|p1a: Frog Gaming
|
|-weather|RainDance|[upkeep]
|upkeep
|
|t:|1781117990
|switch|p1a: Basculegion|Basculegion, M, tera:Water|84/100
|turn|34
|j| testingrainteam1
|
|t:|1781118010
|move|p1a: Basculegion|Wave Crash|p2a: Tornadus
|-damage|p2a: Tornadus|0 fnt
|faint|p2a: Tornadus
|-damage|p1a: Basculegion|57/100|[from] Recoil
|
|-weather|RainDance|[upkeep]
|upkeep
|
|t:|1781118016
|switch|p2a: Amoonguss|Amoonguss, F|99/100
|turn|35
|
|t:|1781118018
|move|p1a: Basculegion|Wave Crash|p2a: Amoonguss
|-resisted|p2a: Amoonguss
|-damage|p2a: Amoonguss|38/100
|-damage|p1a: Basculegion|40/100|[from] item: Rocky Helmet|[of] p2a: Amoonguss
|-damage|p1a: Basculegion|17/100|[from] Recoil
|move|p2a: Amoonguss|Giga Drain|p1a: Basculegion
|-supereffective|p1a: Basculegion
|-damage|p1a: Basculegion|0 fnt
|-heal|p2a: Amoonguss|45/100|[from] drain|[of] p1a: Basculegion
|faint|p1a: Basculegion
|
|-weather|RainDance|[upkeep]
|upkeep
|
|t:|1781118021
|switch|p1a: Zamazenta|Zamazenta|42/100 tox
|turn|36
|
|t:|1781118039
|-terastallize|p2a: Amoonguss|Water
|move|p1a: Zamazenta|Ice Fang|p2a: Amoonguss
|-resisted|p2a: Amoonguss
|-damage|p2a: Amoonguss|37/100
|-damage|p1a: Zamazenta|26/100 tox|[from] item: Rocky Helmet|[of] p2a: Amoonguss
|move|p2a: Amoonguss|Giga Drain|p1a: Zamazenta
|-damage|p1a: Zamazenta|3/100 tox
|-heal|p2a: Amoonguss|46/100|[from] drain|[of] p1a: Zamazenta
|
|-weather|RainDance|[upkeep]
|-damage|p1a: Zamazenta|0 fnt|[from] psn
|faint|p1a: Zamazenta
|
|win|Dat boii fam
|raw|Joltinjoe18's rating: 1758 &rarr; <strong>1741</strong><br />(-17 for losing)
|raw|Dat boii fam's rating: 1805 &rarr; <strong>1822</strong><br />(+17 for winning)
|l| testingrainteam1
|c|☆Dat boii fam|gg
|l| rika akana
|l| cachowcapow
|l|☆Dat boii fam
|player|p2|
