|j|☆huilaoshi1111
|j|☆Pretty Nizz
|t:|1781263582
|gametype|singles
|player|p1|huilaoshi1111|1|1621
|player|p2|Pretty Nizz|riley|1499
|gen|9
|tier|[Gen 9] OU
|rated|
|rule|HP Percentage Mod: HP is shown in percentages
|rule|Endless Battle Clause: Forcing endless battles is banned
|rule|Species Clause: Limit one of each Pokémon
|rule|OHKO Clause: OHKO moves are banned
|rule|Evasion Items Clause: Evasion items are banned
|rule|Evasion Moves Clause: Evasion moves are banned
|rule|Evasion Abilities Clause: Evasion abilities are banned
|rule|Sleep Moves Clause: Sleep-inducing moves are banned
|clearpoke
|poke|p1|Mienshao, M|
|poke|p1|Blissey, F|
|poke|p1|Slowbro, M|
|poke|p1|Krookodile, M|
|poke|p1|Talonflame, F|
|poke|p1|Zoroark-Hisui, F|
|poke|p2|Comfey, F|
|poke|p2|Whimsicott, M|
|poke|p2|Ceruledge, M|
|poke|p2|Walking Wake|
|poke|p2|Great Tusk|
|poke|p2|Torkoal, M|
|teampreview
|inactive|Battle timer is ON: inactive players will automatically lose when time's up. (requested by Pretty Nizz)
|
|t:|1781263600
|teamsize|p1|6
|teamsize|p2|6
|start
|switch|p1a: Mienshao|Mienshao, M|100/100
|switch|p2a: Torky|Torkoal, M|100/100
|-weather|SunnyDay|[from] ability: Drought|[of] p2a: Torky
|turn|1
|
|t:|1781263605
|switch|p2a: Mammoet|Great Tusk|100/100
|-activate|p2a: Mammoet|ability: Protosynthesis
|-start|p2a: Mammoet|protosynthesisspe
|move|p1a: Mienshao|Bitter Malice|p2a: Mammoet
|-damage|p2a: Mammoet|20/100
|-unboost|p2a: Mammoet|atk|1
|
|-weather|SunnyDay|[upkeep]
|upkeep
|turn|2
|
|t:|1781263619
|move|p2a: Mammoet|Headlong Rush|p1a: Mienshao
|-damage|p1a: Mienshao|33/100
|-unboost|p2a: Mammoet|def|1
|-unboost|p2a: Mammoet|spd|1
|replace|p1a: Zoroark|Zoroark-Hisui, F
|-end|p1a: Zoroark|Illusion
|move|p1a: Zoroark|Bitter Malice|p2a: Mammoet
|-damage|p2a: Mammoet|0 fnt
|faint|p2a: Mammoet
|-end|p2a: Mammoet|Protosynthesis|[silent]
|
|-weather|SunnyDay|[upkeep]
|upkeep
|
|t:|1781263635
|switch|p2a: Wake Skywalker|Walking Wake|100/100
|-activate|p2a: Wake Skywalker|ability: Protosynthesis
|-start|p2a: Wake Skywalker|protosynthesisspe
|turn|3
|
|t:|1781263645
|switch|p1a: Blissey|Blissey, F|100/100
|move|p2a: Wake Skywalker|Hydro Steam|p1a: Blissey
|-damage|p1a: Blissey|82/100
|
|-weather|SunnyDay|[upkeep]
|upkeep
|turn|4
|
|t:|1781263652
|move|p2a: Wake Skywalker|Flip Turn|p1a: Blissey
|-damage|p1a: Blissey|74/100
|
|t:|1781263656
|-end|p2a: Wake Skywalker|Protosynthesis|[silent]
|switch|p2a: Cerugoon|Ceruledge, M|100/100|[from] Flip Turn
|move|p1a: Blissey|Stealth Rock|p2a: Cerugoon
|-sidestart|p2: Pretty Nizz|move: Stealth Rock
|
|-weather|SunnyDay|[upkeep]
|upkeep
|turn|5
|
|t:|1781263661
|move|p2a: Cerugoon|Bitter Blade|p1a: Blissey
|-damage|p1a: Blissey|0 fnt
|faint|p1a: Blissey
|
|-weather|SunnyDay|[upkeep]
|upkeep
|
|t:|1781263665
|switch|p1a: Mienshao|Mienshao, M|33/100
|turn|6
|
|t:|1781263674
|switch|p2a: Wake Skywalker|Walking Wake|100/100
|-damage|p2a: Wake Skywalker|88/100|[from] Stealth Rock
|-activate|p2a: Wake Skywalker|ability: Protosynthesis
|-start|p2a: Wake Skywalker|protosynthesisspe
|move|p1a: Mienshao|Bitter Malice|p2a: Wake Skywalker
|-damage|p2a: Wake Skywalker|48/100
|-unboost|p2a: Wake Skywalker|atk|1
|
|-weather|SunnyDay|[upkeep]
|upkeep
|turn|7
|
|t:|1781263685
|switch|p1a: Slowbro|Slowbro, M|100/100
|move|p2a: Wake Skywalker|Hydro Steam|p1a: Slowbro
|-resisted|p1a: Slowbro
|-damage|p1a: Slowbro|70/100
|
|-weather|SunnyDay|[upkeep]
|upkeep
|turn|8
|
|t:|1781263697
|move|p2a: Wake Skywalker|Draco Meteor|p1a: Slowbro
|-damage|p1a: Slowbro|10/100
|-unboost|p2a: Wake Skywalker|spa|2
|move|p1a: Slowbro|Future Sight|p2a: Wake Skywalker
|-start|p1a: Slowbro|move: Future Sight
|
|-weather|none
|-end|p2a: Wake Skywalker|Protosynthesis
|upkeep
|turn|9
|
|t:|1781263704
|switch|p1a: Mienshao|Mienshao, M|100/100
|move|p2a: Wake Skywalker|Flip Turn|p1a: Mienshao
|-damage|p1a: Mienshao|82/100
|
|t:|1781263713
|-end|p2a: Wake Skywalker|Protosynthesis|[silent]
|switch|p2a: Torky|Torkoal, M|100/100|[from] Flip Turn
|-damage|p2a: Torky|76/100|[from] Stealth Rock
|-weather|SunnyDay|[from] ability: Drought|[of] p2a: Torky
|
|-weather|SunnyDay|[upkeep]
|upkeep
|turn|10
|
|t:|1781263721
|move|p1a: Mienshao|Close Combat|p2a: Torky
|-damage|p2a: Torky|38/100
|-unboost|p1a: Mienshao|def|1
|-unboost|p1a: Mienshao|spd|1
|move|p2a: Torky|Rapid Spin|p1a: Mienshao
|-crit|p1a: Mienshao
|-damage|p1a: Mienshao|41/100
|-boost|p2a: Torky|spe|1
|-sideend|p2: Pretty Nizz|Stealth Rock|[from] move: Rapid Spin|[of] p2a: Torky
|
|-weather|SunnyDay|[upkeep]
|-end|p2a: Torky|move: Future Sight
|-damage|p2a: Torky|0 fnt
|faint|p2a: Torky
|upkeep
|
|t:|1781263740
|switch|p2a: Whimsical|Whimsicott, M|100/100
|turn|11
|
|t:|1781263751
|switch|p1a: Krookodile|Krookodile, M|100/100
|-ability|p1a: Krookodile|Intimidate|boost
|-unboost|p2a: Whimsical|atk|1
|move|p2a: Whimsical|Growth|p2a: Whimsical
|-boost|p2a: Whimsical|atk|2
|-boost|p2a: Whimsical|spa|2
|
|-weather|SunnyDay|[upkeep]
|upkeep
|turn|12
|
|t:|1781263762
|-terastallize|p1a: Krookodile|Poison
|move|p2a: Whimsical|Moonblast|p1a: Krookodile
|-resisted|p1a: Krookodile
|-damage|p1a: Krookodile|34/100
|-damage|p2a: Whimsical|91/100|[from] item: Life Orb
|move|p1a: Krookodile|Gunk Shot|p2a: Whimsical
|-supereffective|p2a: Whimsical
|-damage|p2a: Whimsical|0 fnt
|faint|p2a: Whimsical
|
|-weather|SunnyDay|[upkeep]
|upkeep
|
|t:|1781263771
|switch|p2a: Uncomfey|Comfey, F, shiny|100/100
|turn|13
|
|t:|1781263780
|-terastallize|p2a: Uncomfey|Steel
|move|p1a: Krookodile|Gunk Shot|p2a: Uncomfey
|-immune|p2a: Uncomfey
|move|p2a: Uncomfey|Growth|p2a: Uncomfey
|-boost|p2a: Uncomfey|atk|2
|-boost|p2a: Uncomfey|spa|2
|
|-weather|SunnyDay|[upkeep]
|upkeep
|turn|14
|
|t:|1781263788
|switch|p1a: Talonflame|Talonflame, F|100/100
|move|p2a: Uncomfey|Draining Kiss|p1a: Talonflame
|-resisted|p1a: Talonflame
|-damage|p1a: Talonflame|68/100
|-status|p2a: Uncomfey|brn|[from] ability: Flame Body|[of] p1a: Talonflame
|-damage|p2a: Uncomfey|91/100 brn|[from] item: Life Orb
|
|-weather|SunnyDay|[upkeep]
|-damage|p2a: Uncomfey|84/100 brn|[from] brn
|upkeep
|turn|15
|
|t:|1781263794
|switch|p2a: Wake Skywalker|Walking Wake|48/100
|-activate|p2a: Wake Skywalker|ability: Protosynthesis
|-start|p2a: Wake Skywalker|protosynthesisspe
|move|p1a: Talonflame|Fire Blast|p2a: Wake Skywalker
|-resisted|p2a: Wake Skywalker
|-damage|p2a: Wake Skywalker|40/100
|
|-weather|SunnyDay|[upkeep]
|upkeep
|turn|16
|
|t:|1781263804
|switch|p1a: Slowbro|Slowbro, M|44/100
|move|p2a: Wake Skywalker|Hydro Steam|p1a: Slowbro
|-resisted|p1a: Slowbro
|-damage|p1a: Slowbro|17/100
|
|-weather|none
|-end|p2a: Wake Skywalker|Protosynthesis
|upkeep
|turn|17
|
|t:|1781263819
|move|p2a: Wake Skywalker|Hydro Steam|p1a: Slowbro
|-resisted|p1a: Slowbro
|-damage|p1a: Slowbro|0 fnt
|faint|p1a: Slowbro
|
|upkeep
|
|t:|1781263824
|switch|p1a: Mienshao|Mienshao, M|74/100
|turn|18
|
|t:|1781263829
|-end|p2a: Wake Skywalker|Protosynthesis|[silent]
|switch|p2a: Cerugoon|Ceruledge, M|100/100
|move|p1a: Mienshao|Close Combat|p2a: Cerugoon
|-immune|p2a: Cerugoon
|
|upkeep
|turn|19
|
|t:|1781263847
|switch|p1a: Talonflame|Talonflame, F|68/100
|move|p2a: Cerugoon|Bitter Blade|p1a: Talonflame
|-resisted|p1a: Talonflame
|-damage|p1a: Talonflame|31/100
|
|upkeep
|turn|20
|
|t:|1781263855
|move|p1a: Talonflame|Fire Blast|p2a: Cerugoon
|-start|p2a: Cerugoon|ability: Flash Fire
|move|p2a: Cerugoon|Bitter Blade|p1a: Talonflame
|-resisted|p1a: Talonflame
|-crit|p1a: Talonflame
|-damage|p1a: Talonflame|0 fnt
|faint|p1a: Talonflame
|
|upkeep
|
|t:|1781263862
|switch|p1a: Krookodile|Krookodile, M, tera:Poison|34/100
|-ability|p1a: Krookodile|Intimidate|boost
|-unboost|p2a: Cerugoon|atk|1
|turn|21
|
|t:|1781263871
|move|p1a: Krookodile|Earthquake|p2a: Cerugoon
|-supereffective|p2a: Cerugoon
|-damage|p2a: Cerugoon|0 fnt
|faint|p2a: Cerugoon
|
|upkeep
|
|t:|1781263874
|switch|p2a: Wake Skywalker|Walking Wake|40/100
|turn|22
|
|t:|1781263877
|move|p2a: Wake Skywalker|Hydro Steam|p1a: Krookodile
|-damage|p1a: Krookodile|0 fnt
|faint|p1a: Krookodile
|
|upkeep
|
|t:|1781263879
|switch|p1a: Mienshao|Mienshao, M|100/100
|turn|23
|
|t:|1781263888
|move|p1a: Mienshao|Close Combat|p2a: Wake Skywalker
|-damage|p2a: Wake Skywalker|0 fnt
|-unboost|p1a: Mienshao|def|1
|-unboost|p1a: Mienshao|spd|1
|faint|p2a: Wake Skywalker
|-end|p2a: Wake Skywalker|Protosynthesis|[silent]
|
|upkeep
|
|t:|1781263891
|switch|p2a: Uncomfey|Comfey, F, shiny, tera:Steel|84/100 brn
|turn|24
|
|t:|1781263896
|move|p2a: Uncomfey|Draining Kiss|p1a: Mienshao
|-supereffective|p1a: Mienshao
|-damage|p1a: Mienshao|0 fnt
|-heal|p2a: Uncomfey|100/100 brn|[from] drain|[of] p1a: Mienshao
|faint|p1a: Mienshao
|-damage|p2a: Uncomfey|91/100 brn|[from] item: Life Orb
|
|-damage|p2a: Uncomfey|84/100 brn|[from] brn
|upkeep
|
|t:|1781263900
|switch|p1a: Zoroark|Zoroark-Hisui, F|33/100
|turn|25
|
|t:|1781263903
|move|p2a: Uncomfey|Draining Kiss|p1a: Zoroark
|-damage|p1a: Zoroark|0 fnt
|-heal|p2a: Uncomfey|100/100 brn|[from] drain|[of] p1a: Zoroark
|faint|p1a: Zoroark
|-damage|p2a: Uncomfey|91/100 brn|[from] item: Life Orb
|
|win|Pretty Nizz
|raw|huilaoshi1111's rating: 1621 &rarr; <strong>1594</strong><br />(-27 for losing)
|raw|Pretty Nizz's rating: 1499 &rarr; <strong>1526</strong><br />(+27 for winning)
|l|☆Pretty Nizz
|player|p2|
