|j|☆sorry4usingstall
|j|☆roccobilo
|t:|1781584422
|gametype|singles
|player|p1|sorry4usingstall|colress|1613
|player|p2|roccobilo|supernerd|1731
|gen|9
|tier|[Gen 9] OU
|rated|
|rule|HP Percentage Mod: HP is shown in percentages
|rule|Endless Battle Clause: Forcing endless battles is banned
|rule|Species Clause: Limit one of each Pokémon
|rule|OHKO Clause: OHKO moves are banned
|rule|Evasion Items Clause: Evasion items are banned
|rule|Evasion Moves Clause: Evasion moves are banned
|rule|Evasion Abilities Clause: Evasion abilities are banned
|rule|Sleep Moves Clause: Sleep-inducing moves are banned
|clearpoke
|poke|p1|Clodsire, F|
|poke|p1|Dondozo, F|
|poke|p1|Alomomola, F|
|poke|p1|Talonflame, F|
|poke|p1|Toxapex, F|
|poke|p1|Blissey, F|
|poke|p2|Cresselia, F|
|poke|p2|Keldeo|
|poke|p2|Garchomp, F|
|poke|p2|Moltres|
|poke|p2|Gholdengo|
|poke|p2|Dragonite, M|
|teampreview
|inactive|Battle timer is ON: inactive players will automatically lose when time's up. (requested by roccobilo)
|
|t:|1781584447
|teamsize|p1|6
|teamsize|p2|6
|start
|switch|p1a: Keep Trying.|Toxapex, F|100/100
|switch|p2a: Cresselia|Cresselia, F, shiny|100/100
|turn|1
|
|t:|1781584450
|-terastallize|p2a: Cresselia|Poison
|move|p2a: Cresselia|Calm Mind|p2a: Cresselia
|-boost|p2a: Cresselia|spa|1
|-boost|p2a: Cresselia|spd|1
|move|p1a: Keep Trying.|Toxic|p2a: Cresselia
|-immune|p2a: Cresselia
|
|upkeep
|turn|2
|
|t:|1781584455
|switch|p1a: Still Trying?|Blissey, F, shiny|100/100
|move|p2a: Cresselia|Calm Mind|p2a: Cresselia
|-boost|p2a: Cresselia|spa|1
|-boost|p2a: Cresselia|spd|1
|
|upkeep
|turn|3
|
|t:|1781584460
|move|p2a: Cresselia|Calm Mind|p2a: Cresselia
|-boost|p2a: Cresselia|spa|1
|-boost|p2a: Cresselia|spd|1
|move|p1a: Still Trying?|Calm Mind|p1a: Still Trying?
|-boost|p1a: Still Trying?|spa|1
|-boost|p1a: Still Trying?|spd|1
|
|upkeep
|turn|4
|
|t:|1781584462
|move|p2a: Cresselia|Calm Mind|p2a: Cresselia
|-boost|p2a: Cresselia|spa|1
|-boost|p2a: Cresselia|spd|1
|move|p1a: Still Trying?|Calm Mind|p1a: Still Trying?
|-boost|p1a: Still Trying?|spa|1
|-boost|p1a: Still Trying?|spd|1
|
|upkeep
|turn|5
|
|t:|1781584463
|move|p2a: Cresselia|Calm Mind|p2a: Cresselia
|-boost|p2a: Cresselia|spa|1
|-boost|p2a: Cresselia|spd|1
|move|p1a: Still Trying?|Calm Mind|p1a: Still Trying?
|-boost|p1a: Still Trying?|spa|1
|-boost|p1a: Still Trying?|spd|1
|
|upkeep
|turn|6
|
|t:|1781584464
|move|p2a: Cresselia|Calm Mind|p2a: Cresselia
|-boost|p2a: Cresselia|spa|1
|-boost|p2a: Cresselia|spd|1
|move|p1a: Still Trying?|Calm Mind|p1a: Still Trying?
|-boost|p1a: Still Trying?|spa|1
|-boost|p1a: Still Trying?|spd|1
|
|upkeep
|turn|7
|
|t:|1781584466
|move|p2a: Cresselia|Stored Power|p1a: Still Trying?
|-damage|p1a: Still Trying?|71/100
|move|p1a: Still Trying?|Calm Mind|p1a: Still Trying?
|-boost|p1a: Still Trying?|spa|1
|-boost|p1a: Still Trying?|spd|1
|
|upkeep
|turn|8
|
|t:|1781584469
|move|p2a: Cresselia|Stored Power|p1a: Still Trying?
|-damage|p1a: Still Trying?|47/100
|move|p1a: Still Trying?|Calm Mind|p1a: Still Trying?
|-boost|p1a: Still Trying?|spa|1
|-boost|p1a: Still Trying?|spd|1
|
|upkeep
|turn|9
|
|t:|1781584478
|switch|p2a: Gholdengo|Gholdengo, shiny|100/100
|-terastallize|p1a: Still Trying?|Dark
|move|p1a: Still Trying?|Soft-Boiled|p1a: Still Trying?
|-heal|p1a: Still Trying?|97/100
|
|upkeep
|turn|10
|
|t:|1781584484
|switch|p1a: You Tried.|Dondozo, F, shiny|100/100
|move|p2a: Gholdengo|Trick|p1a: You Tried.
|-activate|p2a: Gholdengo|move: Trick|[of] p1a: You Tried.
|-item|p1a: You Tried.|Choice Scarf|[from] move: Trick
|-item|p2a: Gholdengo|Heavy-Duty Boots|[from] move: Trick
|
|upkeep
|turn|11
|c|☆sorry4usingstall|nmice try diddy
|
|t:|1781584496
|switch|p1a: Worth Trying.|Clodsire, F, shiny|100/100
|move|p2a: Gholdengo|Trick|p1a: Worth Trying.
|-activate|p2a: Gholdengo|move: Trick|[of] p1a: Worth Trying.
|-item|p1a: Worth Trying.|Heavy-Duty Boots|[from] move: Trick
|-item|p2a: Gholdengo|Heavy-Duty Boots|[from] move: Trick
|
|upkeep
|turn|12
|
|t:|1781584505
|switch|p2a: Garchomp|Garchomp, F, shiny|100/100
|move|p1a: Worth Trying.|Bulldoze|p2a: Garchomp
|-damage|p2a: Garchomp|90/100
|-unboost|p2a: Garchomp|spe|1
|
|upkeep
|turn|13
|
|t:|1781584509
|switch|p1a: Try Harder.|Alomomola, F, shiny|100/100
|move|p2a: Garchomp|Stealth Rock|p1a: Try Harder.
|-sidestart|p1: sorry4usingstall|move: Stealth Rock
|
|upkeep
|turn|14
|
|t:|1781584512
|move|p2a: Garchomp|Spikes|p1a: Try Harder.
|-sidestart|p1: sorry4usingstall|Spikes
|move|p1a: Try Harder.|Scald|p2a: Garchomp
|-damage|p2a: Garchomp|77/100
|
|upkeep
|turn|15
|
|t:|1781584514
|move|p2a: Garchomp|Spikes|p1a: Try Harder.
|-sidestart|p1: sorry4usingstall|Spikes
|move|p1a: Try Harder.|Flip Turn|p2a: Garchomp
|-damage|p2a: Garchomp|66/100
|-damage|p1a: Try Harder.|88/100|[from] ability: Rough Skin|[of] p2a: Garchomp
|-damage|p1a: Try Harder.|71/100|[from] item: Rocky Helmet|[of] p2a: Garchomp
|
|t:|1781584516
|switch|p1a: Keep Trying.|Toxapex, F|100/100|[from] Flip Turn
|
|upkeep
|turn|16
|
|t:|1781584521
|move|p2a: Garchomp|Earthquake|p1a: Keep Trying.
|-supereffective|p1a: Keep Trying.
|-damage|p1a: Keep Trying.|45/100
|move|p1a: Keep Trying.|Toxic|p2a: Garchomp
|-status|p2a: Garchomp|tox
|
|-damage|p2a: Garchomp|60/100 tox|[from] psn
|upkeep
|turn|17
|
|t:|1781584524
|switch|p1a: Try Harder.|Alomomola, F, shiny|100/100
|move|p2a: Garchomp|Spikes|p1a: Try Harder.
|-sidestart|p1: sorry4usingstall|Spikes
|
|-damage|p2a: Garchomp|48/100 tox|[from] psn
|upkeep
|turn|18
|
|t:|1781584529
|move|p1a: Try Harder.|Wish|p1a: Try Harder.
|move|p2a: Garchomp|Dragon Tail|p1a: Try Harder.
|-damage|p1a: Try Harder.|84/100
|drag|p1a: Nice Try.|Talonflame, F, shiny|100/100
|
|-damage|p2a: Garchomp|29/100 tox|[from] psn
|upkeep
|turn|19
|
|t:|1781584536
|switch|p1a: Try Harder.|Alomomola, F, shiny|100/100
|move|p2a: Garchomp|Dragon Tail|p1a: Try Harder.
|-damage|p1a: Try Harder.|85/100
|drag|p1a: Worth Trying.|Clodsire, F, shiny|100/100
|
|-damage|p2a: Garchomp|4/100 tox|[from] psn
|upkeep
|turn|20
|
|t:|1781584544
|switch|p1a: Try Harder.|Alomomola, F, shiny|100/100
|move|p2a: Garchomp|Dragon Tail|p1a: Try Harder.
|-damage|p1a: Try Harder.|84/100
|drag|p1a: Worth Trying.|Clodsire, F, shiny|100/100
|
|-damage|p2a: Garchomp|0 fnt|[from] psn
|faint|p2a: Garchomp
|upkeep
|
|t:|1781584554
|switch|p2a: Cresselia|Cresselia, F, shiny, tera:Poison|100/100
|turn|21
|
|t:|1781584557
|switch|p1a: Still Trying?|Blissey, F, shiny, tera:Dark|97/100
|move|p2a: Cresselia|Calm Mind|p2a: Cresselia
|-boost|p2a: Cresselia|spa|1
|-boost|p2a: Cresselia|spd|1
|
|upkeep
|turn|22
|
|t:|1781584558
|move|p2a: Cresselia|Moonblast|p1a: Still Trying?
|-supereffective|p1a: Still Trying?
|-damage|p1a: Still Trying?|80/100
|-unboost|p1a: Still Trying?|spa|1
|move|p1a: Still Trying?|Calm Mind|p1a: Still Trying?
|-boost|p1a: Still Trying?|spa|1
|-boost|p1a: Still Trying?|spd|1
|
|upkeep
|turn|23
|
|t:|1781584565
|switch|p2a: Keldeo|Keldeo, shiny|100/100
|move|p1a: Still Trying?|Seismic Toss|p2a: Keldeo
|-damage|p2a: Keldeo|70/100
|
|upkeep
|turn|24
|
|t:|1781584568
|switch|p1a: Keep Trying.|Toxapex, F|78/100
|move|p2a: Keldeo|Vacuum Wave|p1a: Keep Trying.
|-resisted|p1a: Keep Trying.
|-damage|p1a: Keep Trying.|71/100
|
|upkeep
|turn|25
|
|t:|1781584572
|move|p2a: Keldeo|Flip Turn|p1a: Keep Trying.
|-resisted|p1a: Keep Trying.
|-damage|p1a: Keep Trying.|66/100
|
|t:|1781584574
|switch|p2a: Cresselia|Cresselia, F, shiny, tera:Poison|100/100|[from] Flip Turn
|move|p1a: Keep Trying.|Infestation|p2a: Cresselia
|-resisted|p2a: Cresselia
|-damage|p2a: Cresselia|99/100
|-activate|p2a: Cresselia|move: Infestation|[of] p1a: Keep Trying.
|
|-damage|p2a: Cresselia|87/100|[from] move: Infestation|[partiallytrapped]
|upkeep
|turn|26
|
|t:|1781584578
|switch|p1a: Still Trying?|Blissey, F, shiny, tera:Dark|80/100
|move|p2a: Cresselia|Calm Mind|p2a: Cresselia
|-boost|p2a: Cresselia|spa|1
|-boost|p2a: Cresselia|spd|1
|
|-end|p2a: Cresselia|Infestation|[partiallytrapped]|[silent]
|upkeep
|turn|27
|
|t:|1781584582
|move|p2a: Cresselia|Calm Mind|p2a: Cresselia
|-boost|p2a: Cresselia|spa|1
|-boost|p2a: Cresselia|spd|1
|move|p1a: Still Trying?|Calm Mind|p1a: Still Trying?
|-boost|p1a: Still Trying?|spa|1
|-boost|p1a: Still Trying?|spd|1
|
|upkeep
|turn|28
|
|t:|1781584584
|move|p2a: Cresselia|Moonblast|p1a: Still Trying?
|-supereffective|p1a: Still Trying?
|-damage|p1a: Still Trying?|65/100
|move|p1a: Still Trying?|Calm Mind|p1a: Still Trying?
|-boost|p1a: Still Trying?|spa|1
|-boost|p1a: Still Trying?|spd|1
|
|upkeep
|turn|29
|
|t:|1781584591
|switch|p2a: Moltres|Moltres, shiny|100/100
|-ability|p2a: Moltres|Pressure
|move|p1a: Still Trying?|Calm Mind|p1a: Still Trying?
|-boost|p1a: Still Trying?|spa|1
|-boost|p1a: Still Trying?|spd|1
|
|upkeep
|turn|30
|
|t:|1781584595
|switch|p1a: Keep Trying.|Toxapex, F|99/100
|move|p2a: Moltres|U-turn|p1a: Keep Trying.
|-resisted|p1a: Keep Trying.
|-damage|p1a: Keep Trying.|95/100
|
|t:|1781584599
|switch|p2a: Cresselia|Cresselia, F, shiny, tera:Poison|87/100|[from] U-turn
|
|upkeep
|turn|31
|
|t:|1781584604
|switch|p1a: Try Harder.|Alomomola, F, shiny|100/100
|move|p2a: Cresselia|Calm Mind|p2a: Cresselia
|-boost|p2a: Cresselia|spa|1
|-boost|p2a: Cresselia|spd|1
|
|upkeep
|turn|32
|
|t:|1781584609
|move|p2a: Cresselia|Calm Mind|p2a: Cresselia
|-boost|p2a: Cresselia|spa|1
|-boost|p2a: Cresselia|spd|1
|move|p1a: Try Harder.|Scald|p2a: Cresselia
|-damage|p2a: Cresselia|82/100
|
|upkeep
|turn|33
|
|t:|1781584614
|move|p2a: Cresselia|Calm Mind|p2a: Cresselia
|-boost|p2a: Cresselia|spa|1
|-boost|p2a: Cresselia|spd|1
|move|p1a: Try Harder.|Wish|p1a: Try Harder.
|
|upkeep
|turn|34
|
|t:|1781584616
|move|p2a: Cresselia|Calm Mind|p2a: Cresselia
|-boost|p2a: Cresselia|spa|1
|-boost|p2a: Cresselia|spd|1
|move|p1a: Try Harder.|Flip Turn|p2a: Cresselia
|-damage|p2a: Cresselia|74/100
|
|t:|1781584618
|switch|p1a: Still Trying?|Blissey, F, shiny, tera:Dark|65/100|[from] Flip Turn
|
|-heal|p1a: Still Trying?|100/100|[from] move: Wish|[wisher] Try Harder.
|upkeep
|turn|35
|
|t:|1781584621
|move|p2a: Cresselia|Moonblast|p1a: Still Trying?
|-supereffective|p1a: Still Trying?
|-damage|p1a: Still Trying?|71/100
|move|p1a: Still Trying?|Calm Mind|p1a: Still Trying?
|-boost|p1a: Still Trying?|spa|1
|-boost|p1a: Still Trying?|spd|1
|
|upkeep
|turn|36
|
|t:|1781584625
|move|p2a: Cresselia|Moonblast|p1a: Still Trying?
|-supereffective|p1a: Still Trying?
|-damage|p1a: Still Trying?|50/100
|move|p1a: Still Trying?|Seismic Toss|p2a: Cresselia
|-damage|p2a: Cresselia|51/100
|
|upkeep
|turn|37
|
|t:|1781584629
|move|p2a: Cresselia|Moonblast|p1a: Still Trying?
|-supereffective|p1a: Still Trying?
|-damage|p1a: Still Trying?|29/100
|-unboost|p1a: Still Trying?|spa|1
|move|p1a: Still Trying?|Soft-Boiled|p1a: Still Trying?
|-heal|p1a: Still Trying?|79/100
|
|upkeep
|turn|38
|
|t:|1781584635
|move|p2a: Cresselia|Calm Mind|p2a: Cresselia
|-boost|p2a: Cresselia|spa|1
|-boost|p2a: Cresselia|spd|1
|move|p1a: Still Trying?|Seismic Toss|p2a: Cresselia
|-damage|p2a: Cresselia|28/100
|
|upkeep
|turn|39
|
|t:|1781584636
|move|p2a: Cresselia|Moonblast|p1a: Still Trying?
|-supereffective|p1a: Still Trying?
|-damage|p1a: Still Trying?|56/100
|move|p1a: Still Trying?|Seismic Toss|p2a: Cresselia
|-damage|p2a: Cresselia|6/100
|
|upkeep
|turn|40
|
|t:|1781584638
|move|p2a: Cresselia|Moonlight|p2a: Cresselia
|-heal|p2a: Cresselia|56/100
|move|p1a: Still Trying?|Seismic Toss|p2a: Cresselia
|-damage|p2a: Cresselia|33/100
|
|upkeep
|turn|41
|
|t:|1781584641
|move|p2a: Cresselia|Moonblast|p1a: Still Trying?
|-supereffective|p1a: Still Trying?
|-damage|p1a: Still Trying?|31/100
|-unboost|p1a: Still Trying?|spa|1
|move|p1a: Still Trying?|Seismic Toss|p2a: Cresselia
|-damage|p2a: Cresselia|11/100
|
|upkeep
|turn|42
|
|t:|1781584645
|move|p2a: Cresselia|Moonlight|p2a: Cresselia
|-heal|p2a: Cresselia|61/100
|move|p1a: Still Trying?|Soft-Boiled|p1a: Still Trying?
|-heal|p1a: Still Trying?|81/100
|
|upkeep
|turn|43
|
|t:|1781584646
|move|p2a: Cresselia|Moonblast|p1a: Still Trying?
|-supereffective|p1a: Still Trying?
|-damage|p1a: Still Trying?|57/100
|-unboost|p1a: Still Trying?|spa|1
|move|p1a: Still Trying?|Calm Mind|p1a: Still Trying?
|-boost|p1a: Still Trying?|spa|1
|-boost|p1a: Still Trying?|spd|1
|
|upkeep
|turn|44
|
|t:|1781584649
|move|p2a: Cresselia|Moonblast|p1a: Still Trying?
|-supereffective|p1a: Still Trying?
|-damage|p1a: Still Trying?|39/100
|move|p1a: Still Trying?|Seismic Toss|p2a: Cresselia
|-damage|p2a: Cresselia|38/100
|
|upkeep
|turn|45
|
|t:|1781584652
|move|p2a: Cresselia|Moonblast|p1a: Still Trying?
|-supereffective|p1a: Still Trying?
|-damage|p1a: Still Trying?|21/100
|move|p1a: Still Trying?|Soft-Boiled|p1a: Still Trying?
|-heal|p1a: Still Trying?|71/100
|
|upkeep
|turn|46
|
|t:|1781584655
|move|p2a: Cresselia|Moonlight|p2a: Cresselia
|-heal|p2a: Cresselia|88/100
|move|p1a: Still Trying?|Seismic Toss|p2a: Cresselia
|-damage|p2a: Cresselia|65/100
|
|upkeep
|turn|47
|
|t:|1781584658
|move|p2a: Cresselia|Moonblast|p1a: Still Trying?
|-supereffective|p1a: Still Trying?
|-damage|p1a: Still Trying?|53/100
|move|p1a: Still Trying?|Seismic Toss|p2a: Cresselia
|-damage|p2a: Cresselia|43/100
|
|upkeep
|turn|48
|
|t:|1781584661
|move|p2a: Cresselia|Moonblast|p1a: Still Trying?
|-supereffective|p1a: Still Trying?
|-damage|p1a: Still Trying?|35/100
|-unboost|p1a: Still Trying?|spa|1
|move|p1a: Still Trying?|Seismic Toss|p2a: Cresselia
|-damage|p2a: Cresselia|20/100
|
|upkeep
|turn|49
|
|t:|1781584666
|move|p2a: Cresselia|Moonlight|p2a: Cresselia
|-heal|p2a: Cresselia|70/100
|move|p1a: Still Trying?|Soft-Boiled|p1a: Still Trying?
|-heal|p1a: Still Trying?|85/100
|
|upkeep
|turn|50
|
|t:|1781584669
|switch|p2a: Gholdengo|Gholdengo, shiny|100/100
|move|p1a: Still Trying?|Calm Mind|p1a: Still Trying?
|-boost|p1a: Still Trying?|spa|1
|-boost|p1a: Still Trying?|spd|1
|
|upkeep
|turn|51
|
|t:|1781584674
|switch|p1a: Worth Trying.|Clodsire, F, shiny|100/100
|move|p2a: Gholdengo|Thunder Wave|p1a: Worth Trying.
|-immune|p1a: Worth Trying.
|
|upkeep
|turn|52
|
|t:|1781584680
|switch|p2a: Cresselia|Cresselia, F, shiny, tera:Poison|70/100
|move|p1a: Worth Trying.|Toxic|p2a: Cresselia
|-immune|p2a: Cresselia
|
|upkeep
|turn|53
|
|t:|1781584688
|switch|p2a: Gholdengo|Gholdengo, shiny|100/100
|switch|p1a: Try Harder.|Alomomola, F, shiny|100/100
|
|upkeep
|turn|54
|
|t:|1781584692
|switch|p1a: Worth Trying.|Clodsire, F, shiny|100/100
|move|p2a: Gholdengo|Thunder Wave|p1a: Worth Trying.
|-immune|p1a: Worth Trying.
|
|upkeep
|turn|55
|
|t:|1781584699
|switch|p2a: Cresselia|Cresselia, F, shiny, tera:Poison|70/100
|move|p1a: Worth Trying.|Bulldoze|p2a: Cresselia
|-immune|p2a: Cresselia|[from] ability: Levitate
|
|upkeep
|turn|56
|
|t:|1781584708
|switch|p1a: Keep Trying.|Toxapex, F|100/100
|move|p2a: Cresselia|Calm Mind|p2a: Cresselia
|-boost|p2a: Cresselia|spa|1
|-boost|p2a: Cresselia|spd|1
|
|upkeep
|turn|57
|
|t:|1781584711
|switch|p1a: Still Trying?|Blissey, F, shiny, tera:Dark|85/100
|move|p2a: Cresselia|Stored Power|p1a: Still Trying?
|-immune|p1a: Still Trying?
|
|upkeep
|turn|58
|
|t:|1781584714
|switch|p2a: Gholdengo|Gholdengo, shiny|100/100
|move|p1a: Still Trying?|Calm Mind|p1a: Still Trying?
|-boost|p1a: Still Trying?|spa|1
|-boost|p1a: Still Trying?|spd|1
|
|upkeep
|turn|59
|
|t:|1781584717
|move|p2a: Gholdengo|Make It Rain|p1a: Still Trying?
|-damage|p1a: Still Trying?|72/100
|-unboost|p2a: Gholdengo|spa|1
|move|p1a: Still Trying?|Shadow Ball|p2a: Gholdengo
|-supereffective|p2a: Gholdengo
|-damage|p2a: Gholdengo|45/100
|
|upkeep
|turn|60
|
|t:|1781584725
|move|p2a: Gholdengo|Thunder Wave|p1a: Still Trying?
|-status|p1a: Still Trying?|par
|cant|p1a: Still Trying?|par
|
|upkeep
|turn|61
|
|t:|1781584728
|switch|p2a: Cresselia|Cresselia, F, shiny, tera:Poison|70/100
|move|p1a: Still Trying?|Shadow Ball|p2a: Cresselia
|-damage|p2a: Cresselia|54/100
|
|upkeep
|turn|62
|
|t:|1781584731
|-curestatus|p1a: Still Trying?|par|[from] ability: Natural Cure|[silent]
|switch|p1a: Worth Trying.|Clodsire, F, shiny|100/100
|move|p2a: Cresselia|Calm Mind|p2a: Cresselia
|-boost|p2a: Cresselia|spa|1
|-boost|p2a: Cresselia|spd|1
|
|upkeep
|turn|63
|
|t:|1781584734
|switch|p1a: Still Trying?|Blissey, F, shiny, tera:Dark|72/100
|move|p2a: Cresselia|Stored Power|p1a: Still Trying?
|-immune|p1a: Still Trying?
|
|upkeep
|turn|64
|
|t:|1781584740
|switch|p1a: Keep Trying.|Toxapex, F|100/100
|move|p2a: Cresselia|Calm Mind|p2a: Cresselia
|-boost|p2a: Cresselia|spa|1
|-boost|p2a: Cresselia|spd|1
|
|upkeep
|turn|65
|
|t:|1781584743
|switch|p1a: Still Trying?|Blissey, F, shiny, tera:Dark|72/100
|move|p2a: Cresselia|Moonblast|p1a: Still Trying?
|-supereffective|p1a: Still Trying?
|-damage|p1a: Still Trying?|50/100
|
|upkeep
|turn|66
|j| pls game
|
|t:|1781584748
|move|p2a: Cresselia|Calm Mind|p2a: Cresselia
|-boost|p2a: Cresselia|spa|1
|-boost|p2a: Cresselia|spd|1
|move|p1a: Still Trying?|Calm Mind|p1a: Still Trying?
|-boost|p1a: Still Trying?|spa|1
|-boost|p1a: Still Trying?|spd|1
|
|upkeep
|turn|67
|
|t:|1781584750
|move|p2a: Cresselia|Calm Mind|p2a: Cresselia
|-boost|p2a: Cresselia|spa|1
|-boost|p2a: Cresselia|spd|1
|move|p1a: Still Trying?|Soft-Boiled|p1a: Still Trying?
|-heal|p1a: Still Trying?|99/100
|
|upkeep
|turn|68
|
|t:|1781584752
|move|p2a: Cresselia|Moonblast|p1a: Still Trying?
|-supereffective|p1a: Still Trying?
|-damage|p1a: Still Trying?|78/100
|move|p1a: Still Trying?|Calm Mind|p1a: Still Trying?
|-boost|p1a: Still Trying?|spa|1
|-boost|p1a: Still Trying?|spd|1
|
|upkeep
|turn|69
|
|t:|1781584757
|move|p2a: Cresselia|Moonlight|p2a: Cresselia
|-heal|p2a: Cresselia|100/100
|move|p1a: Still Trying?|Seismic Toss|p2a: Cresselia
|-damage|p2a: Cresselia|78/100
|
|upkeep
|turn|70
|
|t:|1781584761
|move|p2a: Cresselia|Calm Mind|p2a: Cresselia
|-boost|p2a: Cresselia|spa|1
|-boost|p2a: Cresselia|spd|1
|move|p1a: Still Trying?|Calm Mind|p1a: Still Trying?
|-boost|p1a: Still Trying?|spa|1
|-boost|p1a: Still Trying?|spd|1
|
|upkeep
|turn|71
|
|t:|1781584764
|move|p2a: Cresselia|Calm Mind|p2a: Cresselia
|-boost|p2a: Cresselia|spa|1
|-boost|p2a: Cresselia|spd|1
|move|p1a: Still Trying?|Seismic Toss|p2a: Cresselia
|-damage|p2a: Cresselia|55/100
|
|upkeep
|turn|72
|
|t:|1781584769
|move|p2a: Cresselia|Moonblast|p1a: Still Trying?
|-supereffective|p1a: Still Trying?
|-damage|p1a: Still Trying?|61/100
|move|p1a: Still Trying?|Calm Mind|p1a: Still Trying?
|-boost|p1a: Still Trying?|spa|1
|-boost|p1a: Still Trying?|spd|1
|
|upkeep
|turn|73
|
|t:|1781584773
|move|p2a: Cresselia|Moonblast|p1a: Still Trying?
|-supereffective|p1a: Still Trying?
|-damage|p1a: Still Trying?|47/100
|move|p1a: Still Trying?|Seismic Toss|p2a: Cresselia
|-damage|p2a: Cresselia|33/100
|
|upkeep
|turn|74
|
|t:|1781584776
|move|p2a: Cresselia|Moonlight|p2a: Cresselia
|-heal|p2a: Cresselia|83/100
|move|p1a: Still Trying?|Soft-Boiled|p1a: Still Trying?
|-heal|p1a: Still Trying?|97/100
|
|upkeep
|turn|75
|
|t:|1781584781
|switch|p2a: Keldeo|Keldeo, shiny|70/100
|move|p1a: Still Trying?|Seismic Toss|p2a: Keldeo
|-damage|p2a: Keldeo|39/100
|
|upkeep
|turn|76
|
|t:|1781584786
|switch|p1a: Keep Trying.|Toxapex, F|100/100
|move|p2a: Keldeo|Flip Turn|p1a: Keep Trying.
|-resisted|p1a: Keep Trying.
|-damage|p1a: Keep Trying.|97/100
|
|t:|1781584789
|switch|p2a: Dragonite|Dragonite, M, shiny|100/100|[from] Flip Turn
|
|upkeep
|turn|77
|
|t:|1781584792
|move|p1a: Keep Trying.|Toxic|p2a: Dragonite
|-status|p2a: Dragonite|tox
|move|p2a: Dragonite|Dragon Tail|p1a: Keep Trying.
|-damage|p1a: Keep Trying.|76/100
|drag|p1a: You Tried.|Dondozo, F, shiny|100/100
|-damage|p1a: You Tried.|88/100|[from] Stealth Rock
|-damage|p1a: You Tried.|63/100|[from] Spikes
|
|-damage|p2a: Dragonite|94/100 tox|[from] psn
|upkeep
|turn|78
|
|t:|1781584799
|switch|p2a: Keldeo|Keldeo, shiny|39/100
|move|p1a: You Tried.|Rest|p1a: You Tried.
|-status|p1a: You Tried.|slp|[from] move: Rest
|-heal|p1a: You Tried.|100/100 slp|[silent]
|
|upkeep
|turn|79
|
|t:|1781584809
|switch|p1a: Try Harder.|Alomomola, F, shiny|100/100
|move|p2a: Keldeo|Flip Turn|p1a: Try Harder.
|-resisted|p1a: Try Harder.
|-damage|p1a: Try Harder.|96/100
|
|t:|1781584816
|switch|p2a: Gholdengo|Gholdengo, shiny|45/100|[from] Flip Turn
|
|upkeep
|turn|80
|
|t:|1781584823
|switch|p1a: Worth Trying.|Clodsire, F, shiny|100/100
|move|p2a: Gholdengo|Thunder Wave|p1a: Worth Trying.
|-immune|p1a: Worth Trying.
|
|upkeep
|turn|81
|
|t:|1781584830
|switch|p2a: Cresselia|Cresselia, F, shiny, tera:Poison|83/100
|switch|p1a: Try Harder.|Alomomola, F, shiny|100/100
|
|upkeep
|turn|82
|j| choispecs ironmoth
|
|t:|1781584835
|move|p2a: Cresselia|Calm Mind|p2a: Cresselia
|-boost|p2a: Cresselia|spa|1
|-boost|p2a: Cresselia|spd|1
|move|p1a: Try Harder.|Scald|p2a: Cresselia
|-damage|p2a: Cresselia|76/100
|
|upkeep
|turn|83
|
|t:|1781584840
|move|p2a: Cresselia|Calm Mind|p2a: Cresselia
|-boost|p2a: Cresselia|spa|1
|-boost|p2a: Cresselia|spd|1
|move|p1a: Try Harder.|Flip Turn|p2a: Cresselia
|-damage|p2a: Cresselia|67/100
|
|t:|1781584841
|switch|p1a: Still Trying?|Blissey, F, shiny, tera:Dark|97/100|[from] Flip Turn
|
|upkeep
|turn|84
|
|t:|1781584845
|switch|p2a: Moltres|Moltres, shiny|100/100
|-ability|p2a: Moltres|Pressure
|move|p1a: Still Trying?|Calm Mind|p1a: Still Trying?
|-boost|p1a: Still Trying?|spa|1
|-boost|p1a: Still Trying?|spd|1
|
|upkeep
|turn|85
|
|t:|1781584849
|switch|p1a: Try Harder.|Alomomola, F, shiny|100/100
|move|p2a: Moltres|U-turn|p1a: Try Harder.
|-damage|p1a: Try Harder.|91/100
|c|☆roccobilo|gg
|c|☆roccobilo|i wanna go to sleep today
|c|☆sorry4usingstall|mondongo
|c|☆roccobilo|cool team dude
|c|☆sorry4usingstall|fair
|c|☆roccobilo|i was expecting flamethrower on bliss
|c|☆roccobilo|good night
|c|☆sorry4usingstall|copy pasted
|c|☆sorry4usingstall|gn
|inactive|roccobilo has 120 seconds left.
|l| pls game
|-message|roccobilo forfeited.
|
|win|sorry4usingstall
|raw|sorry4usingstall's rating: 1613 &rarr; <strong>1640</strong><br />(+27 for winning)
|raw|roccobilo's rating: 1731 &rarr; <strong>1704</strong><br />(-27 for losing)
|l|☆roccobilo
|player|p2|
|l|☆sorry4usingstall
|player|p1|
