|j|☆mathismathin
|j|‽ayerbe
|t:|1781182672
|gametype|singles
|player|p1|mathismathin|lucas|1545
|player|p2|ayerbe|blackbelt-gen4dp|1647
|gen|9
|tier|[Gen 9] OU
|rated|
|rule|HP Percentage Mod: HP is shown in percentages
|rule|Endless Battle Clause: Forcing endless battles is banned
|rule|Species Clause: Limit one of each Pokémon
|rule|OHKO Clause: OHKO moves are banned
|rule|Evasion Items Clause: Evasion items are banned
|rule|Evasion Moves Clause: Evasion moves are banned
|rule|Evasion Abilities Clause: Evasion abilities are banned
|rule|Sleep Moves Clause: Sleep-inducing moves are banned
|clearpoke
|poke|p1|Garchomp, M|
|poke|p1|Regieleki|
|poke|p1|Dragonite, F|
|poke|p1|Blaziken, M|
|poke|p1|Corviknight, F|
|poke|p1|Necrozma|
|poke|p2|Great Tusk|
|poke|p2|Scizor, M|
|poke|p2|Garganacl, M|
|poke|p2|Ting-Lu|
|poke|p2|Raging Bolt|
|poke|p2|Gholdengo|
|teampreview
|inactive|Battle timer is ON: inactive players will automatically lose when time's up. (requested by ayerbe)
|
|t:|1781182701
|teamsize|p1|6
|teamsize|p2|6
|start
|switch|p1a: Garchomp|Garchomp, M|100/100
|switch|p2a: Ting-Lu|Ting-Lu|100/100
|-ability|p2a: Ting-Lu|Vessel of Ruin
|turn|1
|
|t:|1781182703
|move|p1a: Garchomp|Swords Dance|p1a: Garchomp
|-boost|p1a: Garchomp|atk|2
|move|p2a: Ting-Lu|Stealth Rock|p1a: Garchomp
|-sidestart|p1: mathismathin|move: Stealth Rock
|
|upkeep
|turn|2
|
|t:|1781182705
|move|p1a: Garchomp|Liquidation|p2a: Ting-Lu
|-supereffective|p2a: Ting-Lu
|-damage|p2a: Ting-Lu|5/100
|-damage|p1a: Garchomp|91/100|[from] item: Life Orb
|move|p2a: Ting-Lu|Whirlwind|p1a: Garchomp
|drag|p1a: Dragonite|Dragonite, F|100/100
|-damage|p1a: Dragonite|76/100|[from] Stealth Rock
|
|-heal|p2a: Ting-Lu|12/100|[from] item: Leftovers
|upkeep
|turn|3
|
|t:|1781182710
|move|p1a: Dragonite|Dragon Dance|p1a: Dragonite
|-boost|p1a: Dragonite|atk|1
|-boost|p1a: Dragonite|spe|1
|move|p2a: Ting-Lu|Spikes|p1a: Dragonite
|-sidestart|p1: mathismathin|Spikes
|
|-heal|p2a: Ting-Lu|18/100|[from] item: Leftovers
|upkeep
|turn|4
|
|t:|1781182713
|move|p1a: Dragonite|Encore|p2a: Ting-Lu
|-start|p2a: Ting-Lu|Encore
|move|p2a: Ting-Lu|Spikes|p1a: Dragonite
|-sidestart|p1: mathismathin|Spikes
|
|-heal|p2a: Ting-Lu|24/100|[from] item: Leftovers
|upkeep
|turn|5
|
|t:|1781182715
|move|p1a: Dragonite|Dragon Dance|p1a: Dragonite
|-boost|p1a: Dragonite|atk|1
|-boost|p1a: Dragonite|spe|1
|move|p2a: Ting-Lu|Spikes|p1a: Dragonite
|-sidestart|p1: mathismathin|Spikes
|
|-heal|p2a: Ting-Lu|30/100|[from] item: Leftovers
|upkeep
|turn|6
|
|t:|1781182717
|move|p1a: Dragonite|Dragon Dance|p1a: Dragonite
|-boost|p1a: Dragonite|atk|1
|-boost|p1a: Dragonite|spe|1
|move|p2a: Ting-Lu|Spikes||[still]
|-fail|p2a: Ting-Lu
|
|-heal|p2a: Ting-Lu|36/100|[from] item: Leftovers
|-end|p2a: Ting-Lu|Encore
|upkeep
|turn|7
|
|t:|1781182720
|switch|p2a: Garganacl|Garganacl, M|100/100
|move|p1a: Dragonite|Encore||[still]
|-fail|p1a: Dragonite
|
|upkeep
|turn|8
|
|t:|1781182722
|-terastallize|p2a: Garganacl|Ghost
|move|p1a: Dragonite|Outrage|p2a: Garganacl
|-damage|p2a: Garganacl|0 fnt
|faint|p2a: Garganacl
|
|upkeep
|
|t:|1781182729
|switch|p2a: Gholdengo|Gholdengo|100/100
|turn|9
|
|t:|1781182732
|move|p1a: Dragonite|Outrage|p2a: Gholdengo|[from] lockedmove
|-resisted|p2a: Gholdengo
|-damage|p2a: Gholdengo|0 fnt
|faint|p2a: Gholdengo
|-start|p1a: Dragonite|confusion|[fatigue]
|
|upkeep
|
|t:|1781182736
|switch|p2a: Scizor|Scizor, M|100/100
|turn|10
|
|t:|1781182738
|move|p2a: Scizor|Bullet Punch|p1a: Dragonite
|-damage|p1a: Dragonite|40/100
|-activate|p1a: Dragonite|confusion
|move|p1a: Dragonite|Fire Punch|p2a: Scizor
|-supereffective|p2a: Scizor
|-damage|p2a: Scizor|0 fnt
|faint|p2a: Scizor
|
|upkeep
|-message|ayerbe forfeited.
|
|win|mathismathin
|raw|mathismathin's rating: 1545 &rarr; <strong>1571</strong><br />(+26 for winning)
|raw|ayerbe's rating: 1647 &rarr; <strong>1621</strong><br />(-26 for losing)
|l|‽ayerbe
|player|p2|
