|j|☆suprya
|j|☆kadu99
|t:|1780893864
|gametype|singles
|player|p1|suprya|clown|1668
|player|p2|kadu99|policeman-gen4|1700
|gen|9
|tier|[Gen 9] OU
|rated|
|rule|HP Percentage Mod: HP is shown in percentages
|rule|Endless Battle Clause: Forcing endless battles is banned
|rule|Species Clause: Limit one of each Pokémon
|rule|OHKO Clause: OHKO moves are banned
|rule|Evasion Items Clause: Evasion items are banned
|rule|Evasion Moves Clause: Evasion moves are banned
|rule|Evasion Abilities Clause: Evasion abilities are banned
|rule|Sleep Moves Clause: Sleep-inducing moves are banned
|clearpoke
|poke|p1|Landorus-Therian, M|
|poke|p1|Overqwil, M|
|poke|p1|Tauros-Paldea-Aqua, M|
|poke|p1|Incineroar, F|
|poke|p1|Salamence, F|
|poke|p1|Gholdengo|
|poke|p2|Volcanion|
|poke|p2|Corviknight, F|
|poke|p2|Zamazenta-*|
|poke|p2|Rillaboom, M|
|poke|p2|Gliscor, M|
|poke|p2|Slowking-Galar, F|
|teampreview
|inactive|Battle timer is ON: inactive players will automatically lose when time's up. (requested by suprya)
|inactive|kadu99 has 120 seconds left.
|
|t:|1780893896
|teamsize|p1|6
|teamsize|p2|6
|start
|switch|p1a: Landorus|Landorus-Therian, M|100/100
|switch|p2a: Gliscor|Gliscor, M|100/100
|-ability|p1a: Landorus|Intimidate|boost
|-unboost|p2a: Gliscor|atk|1
|turn|1
|
|t:|1780893900
|move|p1a: Landorus|Stealth Rock|p2a: Gliscor
|-sidestart|p2: kadu99|move: Stealth Rock
|move|p2a: Gliscor|Toxic|p1a: Landorus|[miss]
|-miss|p2a: Gliscor|p1a: Landorus
|
|-status|p2a: Gliscor|tox|[from] item: Toxic Orb
|upkeep
|turn|2
|
|t:|1780893905
|move|p1a: Landorus|Taunt|p2a: Gliscor
|-start|p2a: Gliscor|move: Taunt
|move|p2a: Gliscor|Knock Off|p1a: Landorus
|-damage|p1a: Landorus|87/100
|-damage|p2a: Gliscor|84/100 tox|[from] item: Rocky Helmet|[of] p1a: Landorus
|-enditem|p1a: Landorus|Rocky Helmet|[from] move: Knock Off|[of] p2a: Gliscor
|
|-heal|p2a: Gliscor|97/100 tox|[from] ability: Poison Heal
|upkeep
|turn|3
|
|t:|1780893922
|move|p1a: Landorus|U-turn|p2a: Gliscor
|-resisted|p2a: Gliscor
|-damage|p2a: Gliscor|89/100 tox
|j| Champion reko
|
|t:|1780893926
|switch|p1a: Overqwil|Overqwil, M|100/100|[from] U-turn
|-ability|p1a: Overqwil|Intimidate|boost
|-unboost|p2a: Gliscor|atk|1
|move|p2a: Gliscor|Knock Off|p1a: Overqwil
|-resisted|p1a: Overqwil
|-damage|p1a: Overqwil|96/100
|-enditem|p1a: Overqwil|Heavy-Duty Boots|[from] move: Knock Off|[of] p2a: Gliscor
|
|-heal|p2a: Gliscor|100/100 tox|[from] ability: Poison Heal
|upkeep
|turn|4
|
|t:|1780893935
|switch|p2a: Corviknight|Corviknight, F|100/100
|-damage|p2a: Corviknight|88/100|[from] Stealth Rock
|-ability|p2a: Corviknight|Pressure
|move|p1a: Overqwil|Spikes|p2a: Corviknight
|-sidestart|p2: kadu99|Spikes
|
|upkeep
|turn|5
|
|t:|1780893938
|switch|p1a: Gholdengo|Gholdengo|100/100
|-item|p1a: Gholdengo|Air Balloon
|move|p2a: Corviknight|Defog|p1a: Gholdengo
|-immune|p1a: Gholdengo|[from] ability: Good as Gold
|
|upkeep
|turn|6
|
|t:|1780893943
|move|p1a: Gholdengo|Hex|p2a: Corviknight
|-crit|p2a: Corviknight
|-damage|p2a: Corviknight|44/100
|move|p2a: Corviknight|U-turn|p1a: Gholdengo
|-resisted|p1a: Gholdengo
|-damage|p1a: Gholdengo|98/100
|-enditem|p1a: Gholdengo|Air Balloon
|
|t:|1780893960
|switch|p2a: Volcanion|Volcanion|100/100|[from] U-turn
|-damage|p2a: Volcanion|76/100|[from] Stealth Rock
|-damage|p2a: Volcanion|63/100|[from] Spikes
|
|upkeep
|turn|7
|
|t:|1780893966
|switch|p1a: Salamence|Salamence, F|100/100
|-ability|p1a: Salamence|Intimidate|boost
|-unboost|p2a: Volcanion|atk|1
|move|p2a: Volcanion|Steam Eruption|p1a: Salamence
|-resisted|p1a: Salamence
|-damage|p1a: Salamence|49/100
|
|upkeep
|turn|8
|j| SV G0AT
|
|t:|1780893980
|move|p1a: Salamence|Draco Meteor|p2a: Volcanion
|-damage|p2a: Volcanion|0 fnt
|-unboost|p1a: Salamence|spa|2
|faint|p2a: Volcanion
|
|upkeep
|
|t:|1780893986
|switch|p2a: Corviknight|Corviknight, F|44/100
|-damage|p2a: Corviknight|32/100|[from] Stealth Rock
|-ability|p2a: Corviknight|Pressure
|turn|9
|
|t:|1780893997
|switch|p1a: Gholdengo|Gholdengo|98/100
|move|p2a: Corviknight|Roost|p2a: Corviknight
|-heal|p2a: Corviknight|82/100
|-singleturn|p2a: Corviknight|move: Roost
|
|upkeep
|turn|10
|
|t:|1780894003
|move|p1a: Gholdengo|Thunder Wave|p2a: Corviknight
|-status|p2a: Corviknight|par
|cant|p2a: Corviknight|par
|
|upkeep
|turn|11
|
|t:|1780894017
|switch|p2a: Slowking|Slowking-Galar, F|100/100
|-damage|p2a: Slowking|88/100|[from] Stealth Rock
|-damage|p2a: Slowking|76/100|[from] Spikes
|move|p1a: Gholdengo|Hex|p2a: Slowking
|-supereffective|p2a: Slowking
|-crit|p2a: Slowking
|-damage|p2a: Slowking|33/100
|
|upkeep
|turn|12
|
|t:|1780894025
|move|p1a: Gholdengo|Thunder Wave|p2a: Slowking
|-status|p2a: Slowking|par
|move|p2a: Slowking|Flamethrower|p1a: Gholdengo
|-supereffective|p1a: Gholdengo
|-damage|p1a: Gholdengo|42/100
|
|upkeep
|turn|13
|
|t:|1780894044
|-terastallize|p2a: Slowking|Dark
|move|p1a: Gholdengo|Recover|p1a: Gholdengo
|-heal|p1a: Gholdengo|92/100
|move|p2a: Slowking|Flamethrower|p1a: Gholdengo
|-supereffective|p1a: Gholdengo
|-damage|p1a: Gholdengo|33/100
|
|upkeep
|turn|14
|j| Easontom
|inactive|suprya has 120 seconds left.
|
|t:|1780894093
|switch|p1a: Overqwil|Overqwil, M|96/100
|-ability|p1a: Overqwil|Intimidate|boost
|-unboost|p2a: Slowking|atk|1
|move|p2a: Slowking|Flamethrower|p1a: Overqwil
|-damage|p1a: Overqwil|61/100
|
|upkeep
|turn|15
|
|t:|1780894100
|switch|p2a: Corviknight|Corviknight, F|82/100 par
|-damage|p2a: Corviknight|69/100 par|[from] Stealth Rock
|-ability|p2a: Corviknight|Pressure
|move|p1a: Overqwil|Gunk Shot|p2a: Corviknight
|-immune|p2a: Corviknight
|
|upkeep
|turn|16
|
|t:|1780894107
|switch|p1a: Gholdengo|Gholdengo|33/100
|move|p2a: Corviknight|U-turn|p1a: Gholdengo
|-resisted|p1a: Gholdengo
|-damage|p1a: Gholdengo|31/100
|
|t:|1780894118
|switch|p2a: Rillaboom|Rillaboom, M|100/100|[from] U-turn
|-damage|p2a: Rillaboom|88/100|[from] Stealth Rock
|-damage|p2a: Rillaboom|76/100|[from] Spikes
|-fieldstart|move: Grassy Terrain|[from] ability: Grassy Surge|[of] p2a: Rillaboom
|
|-heal|p2a: Rillaboom|82/100|[from] Grassy Terrain
|-heal|p1a: Gholdengo|37/100|[from] Grassy Terrain
|upkeep
|turn|17
|
|t:|1780894126
|switch|p1a: Incineroar|Incineroar, F|100/100
|-ability|p1a: Incineroar|Intimidate|boost
|-unboost|p2a: Rillaboom|atk|1
|move|p2a: Rillaboom|Wood Hammer|p1a: Incineroar
|-resisted|p1a: Incineroar
|-damage|p1a: Incineroar|62/100
|-damage|p2a: Rillaboom|67/100|[from] Recoil
|
|-heal|p2a: Rillaboom|74/100|[from] Grassy Terrain
|-heal|p1a: Incineroar|68/100|[from] Grassy Terrain
|upkeep
|turn|18
|
|t:|1780894137
|switch|p2a: Gliscor|Gliscor, M|100/100 tox
|-damage|p2a: Gliscor|88/100 tox|[from] Stealth Rock
|move|p1a: Incineroar|Knock Off|p2a: Gliscor
|-damage|p2a: Gliscor|56/100 tox
|-enditem|p2a: Gliscor|Toxic Orb|[from] move: Knock Off|[of] p1a: Incineroar
|
|-heal|p1a: Incineroar|75/100|[from] Grassy Terrain
|-heal|p2a: Gliscor|69/100 tox|[from] ability: Poison Heal
|upkeep
|turn|19
|
|t:|1780894142
|move|p2a: Gliscor|Stealth Rock|p1a: Incineroar
|-sidestart|p1: suprya|move: Stealth Rock
|move|p1a: Incineroar|Parting Shot|p2a: Gliscor
|-unboost|p2a: Gliscor|atk|1
|-unboost|p2a: Gliscor|spa|1
|
|t:|1780894146
|switch|p1a: Tauros|Tauros-Paldea-Aqua, M|100/100|[from] Parting Shot
|-damage|p1a: Tauros|94/100|[from] Stealth Rock
|-ability|p1a: Tauros|Intimidate|boost
|-unboost|p2a: Gliscor|atk|1
|
|-heal|p1a: Tauros|100/100|[from] Grassy Terrain
|-heal|p2a: Gliscor|81/100 tox|[from] ability: Poison Heal
|upkeep
|turn|20
|
|t:|1780894168
|switch|p2a: Corviknight|Corviknight, F|69/100 par
|-damage|p2a: Corviknight|57/100 par|[from] Stealth Rock
|-ability|p2a: Corviknight|Pressure
|move|p1a: Tauros|Raging Bull|p2a: Corviknight
|-damage|p2a: Corviknight|34/100 par
|-damage|p1a: Tauros|84/100|[from] item: Rocky Helmet|[of] p2a: Corviknight
|
|-heal|p1a: Tauros|90/100|[from] Grassy Terrain
|-fieldend|move: Grassy Terrain
|upkeep
|turn|21
|
|t:|1780894172
|move|p1a: Tauros|Close Combat|p2a: Corviknight
|-damage|p2a: Corviknight|0 fnt
|-unboost|p1a: Tauros|def|1
|-unboost|p1a: Tauros|spd|1
|-damage|p1a: Tauros|74/100|[from] item: Rocky Helmet|[of] p2a: Corviknight
|faint|p2a: Corviknight
|
|upkeep
|
|t:|1780894182
|switch|p2a: Zamazenta|Zamazenta|100/100
|-damage|p2a: Zamazenta|94/100|[from] Stealth Rock
|-damage|p2a: Zamazenta|82/100|[from] Spikes
|-ability|p2a: Zamazenta|Dauntless Shield|boost
|-boost|p2a: Zamazenta|def|1
|turn|22
|
|t:|1780894188
|switch|p1a: Landorus|Landorus-Therian, M|87/100
|-damage|p1a: Landorus|75/100|[from] Stealth Rock
|-ability|p1a: Landorus|Intimidate|boost
|-unboost|p2a: Zamazenta|atk|1
|move|p2a: Zamazenta|Iron Defense|p2a: Zamazenta
|-boost|p2a: Zamazenta|def|2
|
|-heal|p2a: Zamazenta|88/100|[from] item: Leftovers
|upkeep
|turn|23
|
|t:|1780894192
|move|p2a: Zamazenta|Iron Defense|p2a: Zamazenta
|-boost|p2a: Zamazenta|def|2
|move|p1a: Landorus|Earth Power|p2a: Zamazenta
|-damage|p2a: Zamazenta|63/100
|
|-heal|p2a: Zamazenta|70/100|[from] item: Leftovers
|upkeep
|turn|24
|
|t:|1780894202
|move|p2a: Zamazenta|Body Press|p1a: Landorus
|-resisted|p1a: Landorus
|-damage|p1a: Landorus|19/100
|move|p1a: Landorus|Earth Power|p2a: Zamazenta
|-damage|p2a: Zamazenta|44/100
|
|-heal|p2a: Zamazenta|50/100|[from] item: Leftovers
|upkeep
|turn|25
|l| Champion reko
|
|t:|1780894209
|move|p2a: Zamazenta|Body Press|p1a: Landorus
|-resisted|p1a: Landorus
|-damage|p1a: Landorus|0 fnt
|faint|p1a: Landorus
|
|-heal|p2a: Zamazenta|56/100|[from] item: Leftovers
|upkeep
|inactive|suprya has 120 seconds left.
|
|t:|1780894245
|switch|p1a: Salamence|Salamence, F|49/100
|-ability|p1a: Salamence|Intimidate|boost
|-unboost|p2a: Zamazenta|atk|1
|turn|26
|inactive|suprya has 120 seconds left.
|
|t:|1780894255
|switch|p1a: Incineroar|Incineroar, F|75/100
|-ability|p1a: Incineroar|Intimidate|boost
|-unboost|p2a: Zamazenta|atk|1
|move|p2a: Zamazenta|Body Press|p1a: Incineroar
|-supereffective|p1a: Incineroar
|-damage|p1a: Incineroar|0 fnt
|faint|p1a: Incineroar
|
|-heal|p2a: Zamazenta|62/100|[from] item: Leftovers
|upkeep
|inactive|suprya has 120 seconds left.
|
|t:|1780894260
|switch|p1a: Gholdengo|Gholdengo|37/100
|-damage|p1a: Gholdengo|31/100|[from] Stealth Rock
|turn|27
|
|t:|1780894266
|switch|p2a: Slowking|Slowking-Galar, F, tera:Dark|66/100 par
|-damage|p2a: Slowking|54/100 par|[from] Stealth Rock
|-damage|p2a: Slowking|41/100 par|[from] Spikes
|move|p1a: Gholdengo|Recover|p1a: Gholdengo
|-heal|p1a: Gholdengo|81/100
|
|upkeep
|turn|28
|
|t:|1780894287
|switch|p1a: Overqwil|Overqwil, M|61/100
|-damage|p1a: Overqwil|49/100|[from] Stealth Rock
|-ability|p1a: Overqwil|Intimidate|boost
|-unboost|p2a: Slowking|atk|1
|move|p2a: Slowking|Flamethrower|p1a: Overqwil
|-damage|p1a: Overqwil|14/100
|
|upkeep
|turn|29
|
|t:|1780894302
|switch|p2a: Gliscor|Gliscor, M|81/100 tox
|-damage|p2a: Gliscor|69/100 tox|[from] Stealth Rock
|move|p1a: Overqwil|Pain Split|p2a: Gliscor
|-sethp|p2a: Gliscor|41/100 tox|[from] move: Pain Split|[silent]
|-sethp|p1a: Overqwil|39/100|[from] move: Pain Split
|
|-heal|p2a: Gliscor|54/100 tox|[from] ability: Poison Heal
|upkeep
|turn|30
|l| Easontom
|inactive|suprya has 120 seconds left.
|
|t:|1780894318
|switch|p1a: Tauros|Tauros-Paldea-Aqua, M|74/100
|-damage|p1a: Tauros|68/100|[from] Stealth Rock
|-ability|p1a: Tauros|Intimidate|boost
|-unboost|p2a: Gliscor|atk|1
|move|p2a: Gliscor|Protect||[still]
|-fail|p2a: Gliscor
|
|-heal|p2a: Gliscor|66/100 tox|[from] ability: Poison Heal
|upkeep
|turn|31
|
|t:|1780894326
|move|p1a: Tauros|Raging Bull|p2a: Gliscor
|-supereffective|p2a: Gliscor
|-damage|p2a: Gliscor|7/100 tox
|move|p2a: Gliscor|Toxic|p1a: Tauros
|-status|p1a: Tauros|tox
|
|-damage|p1a: Tauros|61/100 tox|[from] psn
|-heal|p2a: Gliscor|19/100 tox|[from] ability: Poison Heal
|upkeep
|turn|32
|
|t:|1780894332
|move|p2a: Gliscor|Protect|p2a: Gliscor
|-singleturn|p2a: Gliscor|Protect
|move|p1a: Tauros|Raging Bull|p2a: Gliscor
|-activate|p2a: Gliscor|move: Protect
|
|-damage|p1a: Tauros|49/100 tox|[from] psn
|-heal|p2a: Gliscor|32/100 tox|[from] ability: Poison Heal
|upkeep
|turn|33
|
|t:|1780894340
|move|p2a: Gliscor|Protect||[still]
|-fail|p2a: Gliscor
|move|p1a: Tauros|Raging Bull|p2a: Gliscor
|-supereffective|p2a: Gliscor
|-damage|p2a: Gliscor|0 fnt
|faint|p2a: Gliscor
|
|-damage|p1a: Tauros|31/100 tox|[from] psn
|upkeep
|
|t:|1780894358
|switch|p2a: Rillaboom|Rillaboom, M|74/100
|-damage|p2a: Rillaboom|61/100|[from] Stealth Rock
|-damage|p2a: Rillaboom|49/100|[from] Spikes
|-fieldstart|move: Grassy Terrain|[from] ability: Grassy Surge|[of] p2a: Rillaboom
|turn|34
|inactive|kadu99 has 120 seconds left.
|j| kanaete onegai
|
|t:|1780894390
|move|p1a: Tauros|Close Combat|p2a: Rillaboom
|-damage|p2a: Rillaboom|0 fnt
|-unboost|p1a: Tauros|def|1
|-unboost|p1a: Tauros|spd|1
|faint|p2a: Rillaboom
|
|-heal|p1a: Tauros|37/100 tox|[from] Grassy Terrain
|-damage|p1a: Tauros|12/100 tox|[from] psn
|upkeep
|
|t:|1780894401
|switch|p2a: Zamazenta|Zamazenta|62/100
|-damage|p2a: Zamazenta|56/100|[from] Stealth Rock
|-damage|p2a: Zamazenta|44/100|[from] Spikes
|turn|35
|
|t:|1780894407
|move|p2a: Zamazenta|Body Press|p1a: Tauros
|-damage|p1a: Tauros|0 fnt
|faint|p1a: Tauros
|
|-heal|p2a: Zamazenta|50/100|[from] Grassy Terrain
|-heal|p2a: Zamazenta|56/100|[from] item: Leftovers
|upkeep
|
|t:|1780894415
|switch|p1a: Salamence|Salamence, F|49/100
|-ability|p1a: Salamence|Intimidate|boost
|-unboost|p2a: Zamazenta|atk|1
|turn|36
|
|t:|1780894420
|switch|p2a: Slowking|Slowking-Galar, F, tera:Dark|75/100 par
|-damage|p2a: Slowking|62/100 par|[from] Stealth Rock
|-damage|p2a: Slowking|50/100 par|[from] Spikes
|move|p1a: Salamence|Roost|p1a: Salamence
|-heal|p1a: Salamence|99/100
|-singleturn|p1a: Salamence|move: Roost
|
|-heal|p1a: Salamence|100/100|[from] Grassy Terrain
|-heal|p2a: Slowking|56/100 par|[from] Grassy Terrain
|upkeep
|turn|37
|
|t:|1780894433
|-terastallize|p1a: Salamence|Dragon
|move|p1a: Salamence|Draco Meteor|p2a: Slowking
|-damage|p2a: Slowking|24/100 par
|-unboost|p1a: Salamence|spa|2
|move|p2a: Slowking|Ice Beam|p1a: Salamence
|-supereffective|p1a: Salamence
|-damage|p1a: Salamence|45/100
|
|-heal|p1a: Salamence|51/100|[from] Grassy Terrain
|-heal|p2a: Slowking|30/100 par|[from] Grassy Terrain
|upkeep
|turn|38
|
|t:|1780894443
|move|p1a: Salamence|Draco Meteor|p2a: Slowking
|-damage|p2a: Slowking|13/100 par
|-unboost|p1a: Salamence|spa|2
|move|p2a: Slowking|Ice Beam|p1a: Salamence
|-supereffective|p1a: Salamence
|-damage|p1a: Salamence|0 fnt
|faint|p1a: Salamence
|
|-heal|p2a: Slowking|19/100 par|[from] Grassy Terrain
|-fieldend|move: Grassy Terrain
|upkeep
|
|t:|1780894448
|switch|p1a: Overqwil|Overqwil, M|39/100
|-damage|p1a: Overqwil|27/100|[from] Stealth Rock
|-ability|p1a: Overqwil|Intimidate|boost
|-unboost|p2a: Slowking|atk|1
|turn|39
|
|t:|1780894453
|switch|p2a: Zamazenta|Zamazenta|56/100
|-damage|p2a: Zamazenta|50/100|[from] Stealth Rock
|-damage|p2a: Zamazenta|38/100|[from] Spikes
|move|p1a: Overqwil|Gunk Shot|p2a: Zamazenta
|-damage|p2a: Zamazenta|1/100
|
|-heal|p2a: Zamazenta|7/100|[from] item: Leftovers
|upkeep
|turn|40
|
|t:|1780894471
|move|p2a: Zamazenta|Body Press|p1a: Overqwil
|-damage|p1a: Overqwil|5/100
|move|p1a: Overqwil|Crunch|p2a: Zamazenta
|-resisted|p2a: Zamazenta
|-damage|p2a: Zamazenta|0 fnt
|faint|p2a: Zamazenta
|
|upkeep
|
|t:|1780894479
|switch|p2a: Slowking|Slowking-Galar, F, tera:Dark|53/100 par
|-damage|p2a: Slowking|40/100 par|[from] Stealth Rock
|-damage|p2a: Slowking|28/100 par|[from] Spikes
|turn|41
|
|t:|1780894487
|move|p1a: Overqwil|Pain Split|p2a: Slowking
|-sethp|p2a: Slowking|16/100 par|[from] move: Pain Split|[silent]
|-sethp|p1a: Overqwil|17/100|[from] move: Pain Split
|move|p2a: Slowking|Flamethrower|p1a: Overqwil
|-damage|p1a: Overqwil|0 fnt
|faint|p1a: Overqwil
|
|upkeep
|
|t:|1780894492
|switch|p1a: Gholdengo|Gholdengo|81/100
|-damage|p1a: Gholdengo|75/100|[from] Stealth Rock
|turn|42
|
|t:|1780894494
|move|p1a: Gholdengo|Make It Rain|p2a: Slowking
|-damage|p2a: Slowking|0 fnt
|-unboost|p1a: Gholdengo|spa|1
|faint|p2a: Slowking
|
|win|suprya
|raw|suprya's rating: 1668 &rarr; <strong>1690</strong><br />(+22 for winning)
|raw|kadu99's rating: 1700 &rarr; <strong>1678</strong><br />(-22 for losing)
|l|☆kadu99
|player|p2|
|l|☆suprya
|player|p1|
