|j|☆1200s chud
|j|☆hyp4roffender
|t:|1780981646
|gametype|singles
|player|p1|1200s chud|preschooler|1748
|player|p2|hyp4roffender|266|1653
|gen|9
|tier|[Gen 9] OU
|rated|
|rule|HP Percentage Mod: HP is shown in percentages
|rule|Endless Battle Clause: Forcing endless battles is banned
|rule|Species Clause: Limit one of each Pokémon
|rule|OHKO Clause: OHKO moves are banned
|rule|Evasion Items Clause: Evasion items are banned
|rule|Evasion Moves Clause: Evasion moves are banned
|rule|Evasion Abilities Clause: Evasion abilities are banned
|rule|Sleep Moves Clause: Sleep-inducing moves are banned
|clearpoke
|poke|p1|Iron Thorns|
|poke|p1|Ribombee, F|
|poke|p1|Gholdengo|
|poke|p1|Ceruledge, M|
|poke|p1|Ursaluna, M|
|poke|p1|Great Tusk|
|poke|p2|Dragonite, F|
|poke|p2|Samurott-Hisui, F|
|poke|p2|Gholdengo|
|poke|p2|Pecharunt|
|poke|p2|Walking Wake|
|poke|p2|Ting-Lu|
|teampreview
|inactive|Battle timer is ON: inactive players will automatically lose when time's up. (requested by 1200s chud)
|j| DA COME UP
|inactive|hyp4roffender has 120 seconds left.
|inactive|hyp4roffender has 90 seconds left.
|
|t:|1780981707
|teamsize|p1|6
|teamsize|p2|6
|start
|switch|p1a: SupremeClientele|Ribombee, F|100/100
|switch|p2a: Gholdengo|Gholdengo|100/100
|turn|1
|
|t:|1780981712
|move|p1a: SupremeClientele|Sticky Web|p2a: Gholdengo
|-sidestart|p2: hyp4roffender|move: Sticky Web
|move|p2a: Gholdengo|Hex|p1a: SupremeClientele
|-damage|p1a: SupremeClientele|38/100
|
|upkeep
|turn|2
|
|t:|1780981717
|switch|p1a: SmokingOnYaCore|Ursaluna, M|100/100
|move|p2a: Gholdengo|Hex|p1a: SmokingOnYaCore
|-immune|p1a: SmokingOnYaCore
|
|-status|p1a: SmokingOnYaCore|brn|[from] item: Flame Orb
|upkeep
|turn|3
|
|t:|1780981727
|switch|p2a: Dragonite|Dragonite, F|100/100
|move|p1a: SmokingOnYaCore|Headlong Rush|p2a: Dragonite
|-immune|p2a: Dragonite
|
|-damage|p1a: SmokingOnYaCore|94/100 brn|[from] brn
|upkeep
|turn|4
|
|t:|1780981731
|move|p1a: SmokingOnYaCore|Facade|p2a: Dragonite
|-damage|p2a: Dragonite|51/100
|move|p2a: Dragonite|Low Kick|p1a: SmokingOnYaCore
|-supereffective|p1a: SmokingOnYaCore
|-damage|p1a: SmokingOnYaCore|20/100 brn
|
|-damage|p1a: SmokingOnYaCore|14/100 brn|[from] brn
|upkeep
|turn|5
|
|t:|1780981739
|switch|p1a: AintCaughtThePlot|Gholdengo|100/100
|move|p2a: Dragonite|Extreme Speed|p1a: AintCaughtThePlot
|-immune|p1a: AintCaughtThePlot
|
|upkeep
|turn|6
|
|t:|1780981743
|move|p1a: AintCaughtThePlot|Make It Rain|p2a: Dragonite
|-damage|p2a: Dragonite|0 fnt
|-unboost|p1a: AintCaughtThePlot|spa|1
|faint|p2a: Dragonite
|
|upkeep
|
|t:|1780981746
|switch|p2a: Samurott|Samurott-Hisui, F|100/100
|-activate|p2a: Samurott|move: Sticky Web
|-unboost|p2a: Samurott|spe|1
|turn|7
|
|t:|1780981751
|switch|p1a: SupremeClientele|Ribombee, F|38/100
|move|p2a: Samurott|Ceaseless Edge|p1a: SupremeClientele
|-resisted|p1a: SupremeClientele
|-damage|p1a: SupremeClientele|0 fnt
|-sidestart|p1: 1200s chud|Spikes
|faint|p1a: SupremeClientele
|
|upkeep
|
|t:|1780981760
|switch|p1a: SpinterredSouls|Great Tusk|100/100
|-damage|p1a: SpinterredSouls|88/100|[from] Spikes
|-enditem|p1a: SpinterredSouls|Booster Energy
|-activate|p1a: SpinterredSouls|ability: Protosynthesis|[fromitem]
|-start|p1a: SpinterredSouls|protosynthesisatk
|turn|8
|j| Partynparadise
|inactive|hyp4roffender has 120 seconds left.
|
|t:|1780981806
|-terastallize|p1a: SpinterredSouls|Ice
|move|p1a: SpinterredSouls|Bulk Up|p1a: SpinterredSouls
|-boost|p1a: SpinterredSouls|atk|1
|-boost|p1a: SpinterredSouls|def|1
|move|p2a: Samurott|Ceaseless Edge|p1a: SpinterredSouls
|-damage|p1a: SpinterredSouls|67/100
|-sidestart|p1: 1200s chud|Spikes
|
|upkeep
|turn|9
|
|t:|1780981813
|switch|p2a: Gholdengo|Gholdengo|100/100
|-activate|p2a: Gholdengo|move: Sticky Web
|-unboost|p2a: Gholdengo|spe|1
|move|p1a: SpinterredSouls|Rapid Spin|p2a: Gholdengo
|-immune|p2a: Gholdengo
|
|upkeep
|turn|10
|inactive|hyp4roffender has 120 seconds left.
|
|t:|1780981821
|-terastallize|p2a: Gholdengo|Flying
|move|p1a: SpinterredSouls|Headlong Rush|p2a: Gholdengo
|-immune|p2a: Gholdengo
|move|p2a: Gholdengo|Make It Rain|p1a: SpinterredSouls
|-supereffective|p1a: SpinterredSouls
|-damage|p1a: SpinterredSouls|0 fnt
|-unboost|p2a: Gholdengo|spa|1
|faint|p1a: SpinterredSouls
|-end|p1a: SpinterredSouls|Protosynthesis|[silent]
|
|upkeep
|
|t:|1780981826
|switch|p1a: Mr.EnjoyDaDances|Iron Thorns|100/100
|-damage|p1a: Mr.EnjoyDaDances|84/100|[from] Spikes
|-enditem|p1a: Mr.EnjoyDaDances|Booster Energy
|-activate|p1a: Mr.EnjoyDaDances|ability: Quark Drive|[fromitem]
|-start|p1a: Mr.EnjoyDaDances|quarkdriveatk
|turn|11
|
|t:|1780981837
|switch|p2a: Ting-Lu|Ting-Lu|100/100
|-activate|p2a: Ting-Lu|move: Sticky Web
|-unboost|p2a: Ting-Lu|spe|1
|-ability|p2a: Ting-Lu|Vessel of Ruin
|move|p1a: Mr.EnjoyDaDances|Dragon Dance|p1a: Mr.EnjoyDaDances
|-boost|p1a: Mr.EnjoyDaDances|atk|1
|-boost|p1a: Mr.EnjoyDaDances|spe|1
|
|upkeep
|turn|12
|
|t:|1780981840
|move|p1a: Mr.EnjoyDaDances|Low Kick|p2a: Ting-Lu
|-supereffective|p2a: Ting-Lu
|-damage|p2a: Ting-Lu|9/100
|move|p2a: Ting-Lu|Earthquake|p1a: Mr.EnjoyDaDances
|-supereffective|p1a: Mr.EnjoyDaDances
|-damage|p1a: Mr.EnjoyDaDances|0 fnt
|faint|p1a: Mr.EnjoyDaDances
|-end|p1a: Mr.EnjoyDaDances|Quark Drive|[silent]
|
|-heal|p2a: Ting-Lu|16/100|[from] item: Leftovers
|upkeep
|
|t:|1780981852
|switch|p1a: AintCaughtThePlot|Gholdengo|100/100
|-damage|p1a: AintCaughtThePlot|84/100|[from] Spikes
|turn|13
|
|t:|1780981857
|move|p1a: AintCaughtThePlot|Nasty Plot|p1a: AintCaughtThePlot
|-boost|p1a: AintCaughtThePlot|spa|2
|move|p2a: Ting-Lu|Earthquake|p1a: AintCaughtThePlot
|-supereffective|p1a: AintCaughtThePlot
|-damage|p1a: AintCaughtThePlot|7/100
|
|-heal|p2a: Ting-Lu|22/100|[from] item: Leftovers
|upkeep
|turn|14
|-enditem|p1a: AintCaughtThePlot|Custap Berry|[eat]
|-activate|p1a: AintCaughtThePlot|item: Custap Berry|[consumed]
|
|t:|1780981863
|move|p1a: AintCaughtThePlot|Make It Rain|p2a: Ting-Lu
|-damage|p2a: Ting-Lu|0 fnt
|-unboost|p1a: AintCaughtThePlot|spa|1
|faint|p2a: Ting-Lu
|
|upkeep
|j| QD KING
|
|t:|1780981873
|switch|p2a: Walking Wake|Walking Wake|100/100
|turn|15
|
|t:|1780981878
|move|p2a: Walking Wake|Surf|p1a: AintCaughtThePlot
|-damage|p1a: AintCaughtThePlot|0 fnt
|faint|p1a: AintCaughtThePlot
|
|upkeep
|
|t:|1780981880
|switch|p1a: HighOffDaPack|Ceruledge, M|100/100
|-item|p1a: HighOffDaPack|Air Balloon
|turn|16
|-message|1200s chud forfeited.
|
|win|hyp4roffender
|raw|1200s chud's rating: 1748 &rarr; <strong>1723</strong><br />(-25 for losing)
|raw|hyp4roffender's rating: 1653 &rarr; <strong>1678</strong><br />(+25 for winning)
|l|☆1200s chud
|player|p1|
|l|☆hyp4roffender
|player|p2|
|l| Partynparadise
