|j|☆Dsadasdad
|j|‽RadiantSol
|t:|1781346574
|gametype|singles
|player|p1|Dsadasdad|1|1543
|player|p2|RadiantSol|flint|1565
|gen|9
|tier|[Gen 9] OU
|rated|
|rule|HP Percentage Mod: HP is shown in percentages
|rule|Endless Battle Clause: Forcing endless battles is banned
|rule|Species Clause: Limit one of each Pokémon
|rule|OHKO Clause: OHKO moves are banned
|rule|Evasion Items Clause: Evasion items are banned
|rule|Evasion Moves Clause: Evasion moves are banned
|rule|Evasion Abilities Clause: Evasion abilities are banned
|rule|Sleep Moves Clause: Sleep-inducing moves are banned
|clearpoke
|poke|p1|Pelipper, M|
|poke|p1|Raging Bolt|
|poke|p1|Overqwil, M|
|poke|p1|Barraskewda, M|
|poke|p1|Iron Treads|
|poke|p1|Kingambit, M|
|poke|p2|Espeon, F|
|poke|p2|Talonflame, F|
|poke|p2|Lapras, F|
|poke|p2|Ninetales-Alola, F|
|poke|p2|Muk-Alola, F|
|poke|p2|Quagsire, F|
|teampreview
|
|t:|1781346582
|teamsize|p1|6
|teamsize|p2|6
|start
|switch|p1a: Pelipper|Pelipper, M|100/100
|switch|p2a: Muk|Muk-Alola, F, shiny|100/100
|-weather|RainDance|[from] ability: Drizzle|[of] p1a: Pelipper
|turn|1
|
|t:|1781346588
|move|p2a: Muk|Knock Off|p1a: Pelipper
|-damage|p1a: Pelipper|74/100
|-enditem|p1a: Pelipper|Damp Rock|[from] move: Knock Off|[of] p2a: Muk
|move|p1a: Pelipper|U-turn|p2a: Muk
|-damage|p2a: Muk|91/100
|
|t:|1781346614
|switch|p1a: Iron Treads|Iron Treads|100/100|[from] U-turn
|-enditem|p1a: Iron Treads|Booster Energy
|-activate|p1a: Iron Treads|ability: Quark Drive|[fromitem]
|-start|p1a: Iron Treads|quarkdrivespe
|
|-weather|RainDance|[upkeep]
|-heal|p2a: Muk|97/100|[from] item: Black Sludge
|upkeep
|turn|2
|
|t:|1781346621
|switch|p2a: Talonflame|Talonflame, F|100/100
|move|p1a: Iron Treads|Earth Power|p2a: Talonflame
|-immune|p2a: Talonflame
|
|-weather|RainDance|[upkeep]
|upkeep
|turn|3
|
|t:|1781346626
|move|p2a: Talonflame|Protect|p2a: Talonflame
|-singleturn|p2a: Talonflame|Protect
|move|p1a: Iron Treads|Stealth Rock|p2a: Talonflame
|-sidestart|p2: RadiantSol|move: Stealth Rock
|
|-weather|RainDance|[upkeep]
|upkeep
|turn|4
|
|t:|1781346640
|move|p1a: Iron Treads|Rapid Spin|p2a: Talonflame
|-damage|p2a: Talonflame|89/100
|-boost|p1a: Iron Treads|spe|1
|-status|p1a: Iron Treads|brn|[from] ability: Flame Body|[of] p2a: Talonflame
|move|p2a: Talonflame|Defog|p1a: Iron Treads
|-unboost|p1a: Iron Treads|evasion|1
|-sideend|p2: RadiantSol|Stealth Rock|[from] move: Defog|[of] p2a: Talonflame
|
|-weather|RainDance|[upkeep]
|-damage|p1a: Iron Treads|94/100 brn|[from] brn
|upkeep
|turn|5
|
|t:|1781346658
|-end|p1a: Iron Treads|Quark Drive|[silent]
|switch|p1a: Raging Bolt|Raging Bolt|100/100
|-enditem|p1a: Raging Bolt|Booster Energy
|-activate|p1a: Raging Bolt|ability: Protosynthesis|[fromitem]
|-start|p1a: Raging Bolt|protosynthesisspa
|move|p2a: Talonflame|Fire Blast|p1a: Raging Bolt
|-resisted|p1a: Raging Bolt
|-damage|p1a: Raging Bolt|94/100
|
|-weather|RainDance|[upkeep]
|upkeep
|turn|6
|
|t:|1781346668
|move|p2a: Talonflame|Protect|p2a: Talonflame
|-singleturn|p2a: Talonflame|Protect
|move|p1a: Raging Bolt|Thunder|p2a: Talonflame
|-activate|p2a: Talonflame|move: Protect
|
|-weather|RainDance|[upkeep]
|upkeep
|turn|7
|
|t:|1781346687
|switch|p2a: Ninetales|Ninetales-Alola, F, shiny|100/100
|-weather|Snowscape|[from] ability: Snow Warning|[of] p2a: Ninetales
|move|p1a: Raging Bolt|Draco Meteor|p2a: Ninetales
|-immune|p2a: Ninetales
|
|-weather|Snowscape|[upkeep]
|upkeep
|turn|8
|inactive|Battle timer is ON: inactive players will automatically lose when time's up. (requested by RadiantSol)
|
|t:|1781346720
|-end|p1a: Raging Bolt|Protosynthesis|[silent]
|switch|p1a: Overqwil|Overqwil, M|100/100
|move|p2a: Ninetales|Freeze-Dry|p1a: Overqwil
|-damage|p1a: Overqwil|69/100
|
|-weather|Snowscape|[upkeep]
|upkeep
|turn|9
|
|t:|1781346729
|switch|p2a: Quagsire|Quagsire, F, shiny|100/100
|move|p1a: Overqwil|Gunk Shot|p2a: Quagsire
|-resisted|p2a: Quagsire
|-damage|p2a: Quagsire|74/100
|-status|p2a: Quagsire|psn
|-damage|p1a: Overqwil|60/100|[from] item: Life Orb
|
|-weather|Snowscape|[upkeep]
|-damage|p2a: Quagsire|62/100 psn|[from] psn
|upkeep
|turn|10
|
|t:|1781346740
|switch|p1a: Pelipper|Pelipper, M|74/100
|-weather|RainDance|[from] ability: Drizzle|[of] p1a: Pelipper
|move|p2a: Quagsire|Recover|p2a: Quagsire
|-heal|p2a: Quagsire|100/100 psn
|
|-weather|RainDance|[upkeep]
|-damage|p2a: Quagsire|88/100 psn|[from] psn
|upkeep
|turn|11
|
|t:|1781346752
|switch|p2a: Ninetales|Ninetales-Alola, F, shiny|100/100
|-weather|Snowscape|[from] ability: Snow Warning|[of] p2a: Ninetales
|move|p1a: Pelipper|Hurricane|p2a: Ninetales
|-damage|p2a: Ninetales|66/100
|
|-weather|Snowscape|[upkeep]
|upkeep
|turn|12
|j| KangkongNation
|
|t:|1781346765
|switch|p1a: Kingambit|Kingambit, M|100/100
|move|p2a: Ninetales|Aurora Veil|p2a: Ninetales
|-sidestart|p2: RadiantSol|move: Aurora Veil
|
|-weather|Snowscape|[upkeep]
|upkeep
|turn|13
|
|t:|1781346782
|switch|p2a: Lapras|Lapras, F|100/100
|move|p1a: Kingambit|Kowtow Cleave|p2a: Lapras
|-damage|p2a: Lapras|82/100
|
|-weather|Snowscape|[upkeep]
|upkeep
|turn|14
|
|t:|1781346802
|-end|p1a: Kingambit|fallenundefined|[silent]
|switch|p1a: Iron Treads|Iron Treads|94/100 brn
|move|p2a: Lapras|Dragon Dance|p2a: Lapras
|-boost|p2a: Lapras|atk|1
|-boost|p2a: Lapras|spe|1
|
|-weather|Snowscape|[upkeep]
|-damage|p1a: Iron Treads|88/100 brn|[from] brn
|upkeep
|turn|15
|
|t:|1781346808
|move|p2a: Lapras|Earthquake|p1a: Iron Treads
|-supereffective|p1a: Iron Treads
|-damage|p1a: Iron Treads|20/100 brn
|move|p1a: Iron Treads|Steel Beam|p2a: Lapras
|-damage|p2a: Lapras|58/100
|-damage|p1a: Iron Treads|0 fnt|[from] steelbeam
|faint|p1a: Iron Treads
|-end|p1a: Iron Treads|Quark Drive|[silent]
|
|-weather|none
|upkeep
|l| KangkongNation
|
|t:|1781346823
|switch|p1a: Pelipper|Pelipper, M|74/100
|-weather|RainDance|[from] ability: Drizzle|[of] p1a: Pelipper
|turn|16
|
|t:|1781346826
|move|p2a: Lapras|Freeze-Dry|p1a: Pelipper
|-supereffective|p1a: Pelipper
|-damage|p1a: Pelipper|0 fnt
|faint|p1a: Pelipper
|
|-weather|RainDance|[upkeep]
|upkeep
|
|t:|1781346835
|switch|p1a: Raging Bolt|Raging Bolt|94/100
|turn|17
|
|t:|1781346840
|-terastallize|p2a: Lapras|Ground
|move|p2a: Lapras|Dragon Dance|p2a: Lapras
|-boost|p2a: Lapras|atk|1
|-boost|p2a: Lapras|spe|1
|move|p1a: Raging Bolt|Thunder|p2a: Lapras
|-immune|p2a: Lapras
|
|-weather|RainDance|[upkeep]
|upkeep
|turn|18
|
|t:|1781346849
|-terastallize|p1a: Raging Bolt|Fairy
|move|p2a: Lapras|Earthquake|p1a: Raging Bolt
|-damage|p1a: Raging Bolt|30/100
|move|p1a: Raging Bolt|Draco Meteor|p2a: Lapras
|-damage|p2a: Lapras|20/100
|-unboost|p1a: Raging Bolt|spa|2
|
|-weather|RainDance|[upkeep]
|upkeep
|turn|19
|
|t:|1781346863
|-end|p1a: Raging Bolt|Protosynthesis|[silent]
|switch|p1a: Barraskewda|Barraskewda, M, shiny|100/100
|move|p2a: Lapras|Earthquake|p1a: Barraskewda
|-damage|p1a: Barraskewda|0 fnt
|faint|p1a: Barraskewda
|
|-weather|RainDance|[upkeep]
|-sideend|p2: RadiantSol|move: Aurora Veil
|upkeep
|
|t:|1781346865
|switch|p1a: Overqwil|Overqwil, M|60/100
|turn|20
|
|t:|1781346870
|move|p1a: Overqwil|Crunch|p2a: Lapras
|-damage|p2a: Lapras|0 fnt
|faint|p2a: Lapras
|-damage|p1a: Overqwil|50/100|[from] item: Life Orb
|
|-weather|none
|upkeep
|
|t:|1781346874
|switch|p2a: Ninetales|Ninetales-Alola, F, shiny|66/100
|-weather|Snowscape|[from] ability: Snow Warning|[of] p2a: Ninetales
|turn|21
|
|t:|1781346878
|move|p2a: Ninetales|Encore|p1a: Overqwil
|-start|p1a: Overqwil|Encore
|move|p1a: Overqwil|Crunch|p2a: Ninetales
|-resisted|p2a: Ninetales
|-damage|p2a: Ninetales|42/100
|-damage|p1a: Overqwil|40/100|[from] item: Life Orb
|
|-weather|Snowscape|[upkeep]
|upkeep
|turn|22
|
|t:|1781346891
|switch|p1a: Kingambit|Kingambit, M|100/100
|-activate|p1a: Kingambit|ability: Supreme Overlord
|-start|p1a: Kingambit|fallen3|[silent]
|move|p2a: Ninetales|Aurora Veil|p2a: Ninetales
|-sidestart|p2: RadiantSol|move: Aurora Veil
|
|-weather|Snowscape|[upkeep]
|upkeep
|turn|23
|
|t:|1781346899
|switch|p2a: Talonflame|Talonflame, F|89/100
|move|p1a: Kingambit|Swords Dance|p1a: Kingambit
|-boost|p1a: Kingambit|atk|2
|
|-weather|Snowscape|[upkeep]
|upkeep
|turn|24
|
|t:|1781346911
|move|p1a: Kingambit|Sucker Punch|p2a: Talonflame
|-damage|p2a: Talonflame|35/100
|move|p2a: Talonflame|Fire Blast|p1a: Kingambit|[miss]
|-miss|p2a: Talonflame|p1a: Kingambit
|
|-weather|Snowscape|[upkeep]
|upkeep
|turn|25
|
|t:|1781346922
|move|p2a: Talonflame|Roost|p2a: Talonflame
|-heal|p2a: Talonflame|85/100
|-singleturn|p2a: Talonflame|move: Roost
|move|p1a: Kingambit|Swords Dance|p1a: Kingambit
|-boost|p1a: Kingambit|atk|2
|
|-weather|none
|upkeep
|turn|26
|
|t:|1781346932
|switch|p2a: Ninetales|Ninetales-Alola, F, shiny|42/100
|-weather|Snowscape|[from] ability: Snow Warning|[of] p2a: Ninetales
|move|p1a: Kingambit|Sucker Punch||[still]
|-fail|p1a: Kingambit
|
|-weather|Snowscape|[upkeep]
|upkeep
|turn|27
|
|t:|1781346945
|-end|p1a: Kingambit|fallen3|[silent]
|switch|p1a: Overqwil|Overqwil, M|40/100
|move|p2a: Ninetales|Encore||[still]
|-fail|p2a: Ninetales
|
|-weather|Snowscape|[upkeep]
|upkeep
|turn|28
|
|t:|1781346955
|switch|p2a: Muk|Muk-Alola, F, shiny|97/100
|move|p1a: Overqwil|Gunk Shot|p2a: Muk|[miss]
|-miss|p1a: Overqwil|p2a: Muk
|
|-weather|Snowscape|[upkeep]
|-heal|p2a: Muk|100/100|[from] item: Black Sludge
|upkeep
|turn|29
|
|t:|1781346962
|move|p1a: Overqwil|Liquidation|p2a: Muk
|-damage|p2a: Muk|81/100
|-damage|p1a: Overqwil|30/100|[from] item: Life Orb
|move|p2a: Muk|Knock Off|p1a: Overqwil
|-resisted|p1a: Overqwil
|-damage|p1a: Overqwil|11/100
|-enditem|p1a: Overqwil|Life Orb|[from] move: Knock Off|[of] p2a: Muk
|
|-weather|Snowscape|[upkeep]
|-heal|p2a: Muk|87/100|[from] item: Black Sludge
|-sideend|p2: RadiantSol|move: Aurora Veil
|upkeep
|turn|30
|
|t:|1781346971
|move|p1a: Overqwil|Liquidation|p2a: Muk
|-damage|p2a: Muk|56/100
|move|p2a: Muk|Knock Off|p1a: Overqwil
|-resisted|p1a: Overqwil
|-damage|p1a: Overqwil|0 fnt
|faint|p1a: Overqwil
|
|-weather|none
|-heal|p2a: Muk|62/100|[from] item: Black Sludge
|upkeep
|
|t:|1781346989
|switch|p1a: Raging Bolt|Raging Bolt, tera:Fairy|30/100
|turn|31
|
|t:|1781346993
|switch|p2a: Ninetales|Ninetales-Alola, F, shiny|42/100
|-weather|Snowscape|[from] ability: Snow Warning|[of] p2a: Ninetales
|move|p1a: Raging Bolt|Thunder|p2a: Ninetales
|-damage|p2a: Ninetales|0 fnt
|faint|p2a: Ninetales
|
|-weather|Snowscape|[upkeep]
|upkeep
|
|t:|1781347004
|switch|p2a: Espeon|Espeon, F, shiny|100/100
|turn|32
|
|t:|1781347024
|move|p2a: Espeon|Shadow Ball|p1a: Raging Bolt
|-damage|p1a: Raging Bolt|7/100
|-unboost|p1a: Raging Bolt|spd|1
|move|p1a: Raging Bolt|Draco Meteor|p2a: Espeon
|-damage|p2a: Espeon|11/100
|-unboost|p1a: Raging Bolt|spa|2
|
|-weather|Snowscape|[upkeep]
|upkeep
|turn|33
|
|t:|1781347031
|switch|p2a: Muk|Muk-Alola, F, shiny|62/100
|move|p1a: Raging Bolt|Thunderclap||[still]
|-fail|p1a: Raging Bolt
|
|-weather|Snowscape|[upkeep]
|-heal|p2a: Muk|68/100|[from] item: Black Sludge
|upkeep
|turn|34
|
|t:|1781347038
|move|p2a: Muk|Shadow Sneak|p1a: Raging Bolt
|-damage|p1a: Raging Bolt|0 fnt
|faint|p1a: Raging Bolt
|-end|p1a: Raging Bolt|Protosynthesis|[silent]
|
|-weather|Snowscape|[upkeep]
|-heal|p2a: Muk|74/100|[from] item: Black Sludge
|upkeep
|
|t:|1781347041
|switch|p1a: Kingambit|Kingambit, M|100/100
|-activate|p1a: Kingambit|ability: Supreme Overlord
|-start|p1a: Kingambit|fallen5|[silent]
|turn|35
|
|t:|1781347047
|move|p1a: Kingambit|Swords Dance|p1a: Kingambit
|-boost|p1a: Kingambit|atk|2
|move|p2a: Muk|Knock Off|p1a: Kingambit
|-resisted|p1a: Kingambit
|-damage|p1a: Kingambit|89/100
|-enditem|p1a: Kingambit|Leftovers|[from] move: Knock Off|[of] p2a: Muk
|
|-weather|none
|-heal|p2a: Muk|80/100|[from] item: Black Sludge
|upkeep
|turn|36
|
|t:|1781347064
|move|p1a: Kingambit|Iron Head|p2a: Muk
|-damage|p2a: Muk|0 fnt
|faint|p2a: Muk
|
|upkeep
|
|t:|1781347067
|switch|p2a: Talonflame|Talonflame, F|85/100
|turn|37
|
|t:|1781347079
|move|p1a: Kingambit|Sucker Punch|p2a: Talonflame
|-damage|p2a: Talonflame|0 fnt
|faint|p2a: Talonflame
|
|upkeep
|
|t:|1781347082
|switch|p2a: Quagsire|Quagsire, F, shiny|88/100 psn
|turn|38
|
|t:|1781347087
|move|p1a: Kingambit|Kowtow Cleave|p2a: Quagsire
|-damage|p2a: Quagsire|35/100 psn
|-damage|p1a: Kingambit|72/100|[from] item: Rocky Helmet|[of] p2a: Quagsire
|move|p2a: Quagsire|Liquidation|p1a: Kingambit
|-damage|p1a: Kingambit|54/100
|
|-damage|p2a: Quagsire|23/100 psn|[from] psn
|upkeep
|turn|39
|
|t:|1781347094
|move|p1a: Kingambit|Kowtow Cleave|p2a: Quagsire
|-damage|p2a: Quagsire|0 fnt
|-damage|p1a: Kingambit|37/100|[from] item: Rocky Helmet|[of] p2a: Quagsire
|faint|p2a: Quagsire
|
|upkeep
|
|t:|1781347095
|switch|p2a: Espeon|Espeon, F, shiny|11/100
|turn|40
|
|t:|1781347100
|move|p1a: Kingambit|Sucker Punch||[still]
|-fail|p1a: Kingambit
|move|p2a: Espeon|Copycat|p2a: Espeon
|move|p2a: Espeon|Sucker Punch||[from] move: Copycat|[still]
|-fail|p2a: Espeon
|
|upkeep
|turn|41
|
|t:|1781347105
|move|p1a: Kingambit|Sucker Punch|p2a: Espeon
|-supereffective|p2a: Espeon
|-damage|p2a: Espeon|0 fnt
|faint|p2a: Espeon
|
|win|Dsadasdad
|raw|Dsadasdad's rating: 1543 &rarr; <strong>1564</strong><br />(+21 for winning)
|raw|RadiantSol's rating: 1565 &rarr; <strong>1544</strong><br />(-21 for losing)
|l|‽RadiantSol
|player|p2|
|l|☆Dsadasdad
|player|p1|
