|j|☆Wiiiu
|j|☆KurisuChestnutOU
|t:|1781180704
|gametype|singles
|player|p1|Wiiiu|170|1502
|player|p2|KurisuChestnutOU|may-contest|1608
|gen|9
|tier|[Gen 9] OU
|rated|
|rule|HP Percentage Mod: HP is shown in percentages
|rule|Endless Battle Clause: Forcing endless battles is banned
|rule|Species Clause: Limit one of each Pokémon
|rule|OHKO Clause: OHKO moves are banned
|rule|Evasion Items Clause: Evasion items are banned
|rule|Evasion Moves Clause: Evasion moves are banned
|rule|Evasion Abilities Clause: Evasion abilities are banned
|rule|Sleep Moves Clause: Sleep-inducing moves are banned
|clearpoke
|poke|p1|Indeedee, M|
|poke|p1|Iron Crown|
|poke|p1|Hawlucha, F|
|poke|p1|Great Tusk|
|poke|p1|Polteageist|
|poke|p1|Samurott-Hisui, M|
|poke|p2|Kingambit, M|
|poke|p2|Kommo-o, M|
|poke|p2|Iron Valiant|
|poke|p2|Kyurem|
|poke|p2|Iron Treads|
|poke|p2|Iron Crown|
|teampreview
|inactive|Battle timer is ON: inactive players will automatically lose when time's up. (requested by KurisuChestnutOU)
|
|t:|1781180716
|teamsize|p1|6
|teamsize|p2|6
|start
|switch|p1a: Great Tusk|Great Tusk|100/100
|switch|p2a: Kommo-o|Kommo-o, M|100/100
|turn|1
|
|t:|1781180720
|-end|p1a: Great Tusk|Protosynthesis|[silent]
|switch|p1a: Indeedee|Indeedee, M|100/100
|-fieldstart|move: Psychic Terrain|[from] ability: Psychic Surge|[of] p1a: Indeedee
|switch|p2a: Iron Valiant|Iron Valiant|100/100
|-enditem|p2a: Iron Valiant|Booster Energy
|-activate|p2a: Iron Valiant|ability: Quark Drive|[fromitem]
|-start|p2a: Iron Valiant|quarkdrivespe
|
|upkeep
|turn|2
|
|t:|1781180727
|-end|p2a: Iron Valiant|Quark Drive|[silent]
|switch|p2a: Iron Crown|Iron Crown|100/100
|-enditem|p2a: Iron Crown|Booster Energy
|-activate|p2a: Iron Crown|ability: Quark Drive|[fromitem]
|-start|p2a: Iron Crown|quarkdrivespe
|move|p1a: Indeedee|Expanding Force|p2a: Iron Crown
|-resisted|p2a: Iron Crown
|-damage|p2a: Iron Crown|83/100
|
|upkeep
|turn|3
|
|t:|1781180734
|switch|p1a: Samurott|Samurott-Hisui, M|100/100
|move|p2a: Iron Crown|Calm Mind|p2a: Iron Crown
|-boost|p2a: Iron Crown|spa|1
|-boost|p2a: Iron Crown|spd|1
|
|upkeep
|turn|4
|j| Easontom
|
|t:|1781180740
|-terastallize|p2a: Iron Crown|Fighting
|move|p2a: Iron Crown|Tachyon Cutter|p1a: Samurott
|-resisted|p1a: Samurott
|-damage|p1a: Samurott|88/100
|-resisted|p1a: Samurott
|-damage|p1a: Samurott|77/100
|-hitcount|p1a: Samurott|2
|move|p1a: Samurott|Ceaseless Edge|p2a: Iron Crown
|-resisted|p2a: Iron Crown
|-damage|p2a: Iron Crown|63/100
|-sidestart|p2: KurisuChestnutOU|Spikes
|
|upkeep
|turn|5
|
|t:|1781180748
|move|p2a: Iron Crown|Focus Blast|p1a: Samurott
|-supereffective|p1a: Samurott
|-damage|p1a: Samurott|0 fnt
|faint|p1a: Samurott
|
|upkeep
|
|t:|1781180767
|switch|p1a: Iron Crown|Iron Crown|100/100
|-enditem|p1a: Iron Crown|Booster Energy
|-activate|p1a: Iron Crown|ability: Quark Drive|[fromitem]
|-start|p1a: Iron Crown|quarkdrivespe
|turn|6
|
|t:|1781180771
|move|p2a: Iron Crown|Focus Blast|p1a: Iron Crown|[miss]
|-miss|p2a: Iron Crown|p1a: Iron Crown
|move|p1a: Iron Crown|Expanding Force|p2a: Iron Crown
|-supereffective|p2a: Iron Crown
|-damage|p2a: Iron Crown|0 fnt
|faint|p2a: Iron Crown
|-end|p2a: Iron Crown|Quark Drive|[silent]
|
|upkeep
|
|t:|1781180777
|switch|p2a: Iron Treads|Iron Treads|100/100
|-damage|p2a: Iron Treads|88/100|[from] Spikes
|-enditem|p2a: Iron Treads|Booster Energy
|-activate|p2a: Iron Treads|ability: Quark Drive|[fromitem]
|-start|p2a: Iron Treads|quarkdrivespe
|turn|7
|
|t:|1781180802
|move|p2a: Iron Treads|Earthquake|p1a: Iron Crown
|-supereffective|p1a: Iron Crown
|-damage|p1a: Iron Crown|28/100
|move|p1a: Iron Crown|Focus Blast|p2a: Iron Treads
|-supereffective|p2a: Iron Treads
|-damage|p2a: Iron Treads|0 fnt
|faint|p2a: Iron Treads
|-end|p2a: Iron Treads|Quark Drive|[silent]
|
|upkeep
|
|t:|1781180807
|switch|p2a: Kommo-o|Kommo-o, M|100/100
|-damage|p2a: Kommo-o|88/100|[from] Spikes
|turn|8
|
|t:|1781180811
|switch|p2a: Kingambit|Kingambit, M|100/100
|-damage|p2a: Kingambit|88/100|[from] Spikes
|-activate|p2a: Kingambit|ability: Supreme Overlord
|-start|p2a: Kingambit|fallen2|[silent]
|move|p1a: Iron Crown|Expanding Force|p2a: Kingambit
|-immune|p2a: Kingambit
|
|-heal|p2a: Kingambit|94/100|[from] item: Leftovers
|-fieldend|move: Psychic Terrain
|upkeep
|turn|9
|
|t:|1781180819
|move|p2a: Kingambit|Sucker Punch|p1a: Iron Crown
|-supereffective|p1a: Iron Crown
|-damage|p1a: Iron Crown|0 fnt
|faint|p1a: Iron Crown
|-end|p1a: Iron Crown|Quark Drive|[silent]
|
|-heal|p2a: Kingambit|100/100|[from] item: Leftovers
|upkeep
|
|t:|1781180822
|switch|p1a: Indeedee|Indeedee, M|100/100
|-fieldstart|move: Psychic Terrain|[from] ability: Psychic Surge|[of] p1a: Indeedee
|turn|10
|
|t:|1781180827
|move|p1a: Indeedee|Encore|p2a: Kingambit
|-start|p2a: Kingambit|Encore
|move|p2a: Kingambit|Sucker Punch||[still]
|-fail|p2a: Kingambit
|
|upkeep
|turn|11
|
|t:|1781180832
|-end|p2a: Kingambit|fallen2|[silent]
|switch|p2a: Iron Valiant|Iron Valiant|100/100
|-damage|p2a: Iron Valiant|88/100|[from] Spikes
|move|p1a: Indeedee|Healing Wish|p1a: Indeedee
|faint|p1a: Indeedee
|
|upkeep
|
|t:|1781180840
|switch|p1a: SPEED BLITZ|Hawlucha, F|100/100
|-enditem|p1a: SPEED BLITZ|Psychic Seed
|-boost|p1a: SPEED BLITZ|spd|1|[from] item: Psychic Seed
|turn|12
|
|t:|1781180847
|-end|p2a: Iron Valiant|Quark Drive|[silent]
|switch|p2a: Kingambit|Kingambit, M|100/100
|-damage|p2a: Kingambit|88/100|[from] Spikes
|-activate|p2a: Kingambit|ability: Supreme Overlord
|-start|p2a: Kingambit|fallen2|[silent]
|-terastallize|p1a: SPEED BLITZ|Poison
|move|p1a: SPEED BLITZ|Swords Dance|p1a: SPEED BLITZ
|-boost|p1a: SPEED BLITZ|atk|2
|
|-heal|p2a: Kingambit|94/100|[from] item: Leftovers
|upkeep
|turn|13
|
|t:|1781180851
|-end|p2a: Kingambit|fallen2|[silent]
|switch|p2a: Kyurem|Kyurem|100/100
|-damage|p2a: Kyurem|88/100|[from] Spikes
|-ability|p2a: Kyurem|Pressure
|move|p1a: SPEED BLITZ|Close Combat|p2a: Kyurem
|-supereffective|p2a: Kyurem
|-damage|p2a: Kyurem|0 fnt
|-unboost|p1a: SPEED BLITZ|def|1
|-unboost|p1a: SPEED BLITZ|spd|1
|faint|p2a: Kyurem
|
|upkeep
|
|t:|1781180857
|switch|p2a: Iron Valiant|Iron Valiant|88/100
|-damage|p2a: Iron Valiant|76/100|[from] Spikes
|turn|14
|
|t:|1781180863
|move|p1a: SPEED BLITZ|Acrobatics|p2a: Iron Valiant
|-supereffective|p2a: Iron Valiant
|-damage|p2a: Iron Valiant|0 fnt
|faint|p2a: Iron Valiant
|-end|p2a: Iron Valiant|Quark Drive|[silent]
|
|upkeep
|
|t:|1781180870
|switch|p2a: Kingambit|Kingambit, M|94/100
|-damage|p2a: Kingambit|82/100|[from] Spikes
|-activate|p2a: Kingambit|ability: Supreme Overlord
|-start|p2a: Kingambit|fallen4|[silent]
|turn|15
|
|t:|1781180875
|-end|p2a: Kingambit|fallen4|[silent]
|switch|p2a: Kommo-o|Kommo-o, M|88/100
|-damage|p2a: Kommo-o|75/100|[from] Spikes
|move|p1a: SPEED BLITZ|Close Combat|p2a: Kommo-o
|-damage|p2a: Kommo-o|0 fnt
|-unboost|p1a: SPEED BLITZ|def|1
|-unboost|p1a: SPEED BLITZ|spd|1
|faint|p2a: Kommo-o
|
|upkeep
|
|t:|1781180881
|switch|p2a: Kingambit|Kingambit, M|82/100
|-damage|p2a: Kingambit|70/100|[from] Spikes
|-activate|p2a: Kingambit|ability: Supreme Overlord
|-start|p2a: Kingambit|fallen5|[silent]
|turn|16
|
|t:|1781180884
|move|p1a: SPEED BLITZ|Close Combat|p2a: Kingambit
|-supereffective|p2a: Kingambit
|-damage|p2a: Kingambit|0 fnt
|-unboost|p1a: SPEED BLITZ|def|1
|-unboost|p1a: SPEED BLITZ|spd|1
|faint|p2a: Kingambit
|-end|p2a: Kingambit|fallen5|[silent]
|
|win|Wiiiu
|raw|Wiiiu's rating: 1502 &rarr; <strong>1528</strong><br />(+26 for winning)
|raw|KurisuChestnutOU's rating: 1609 &rarr; <strong>1583</strong><br />(-26 for losing)
