|j|☆freeeeeek
|j|☆shockmoth
|t:|1780936488
|gametype|singles
|player|p1|freeeeeek|169|1681
|player|p2|shockmoth|102|1866
|gen|9
|tier|[Gen 9] OU
|rated|
|rule|HP Percentage Mod: HP is shown in percentages
|rule|Endless Battle Clause: Forcing endless battles is banned
|rule|Species Clause: Limit one of each Pokémon
|rule|OHKO Clause: OHKO moves are banned
|rule|Evasion Items Clause: Evasion items are banned
|rule|Evasion Moves Clause: Evasion moves are banned
|rule|Evasion Abilities Clause: Evasion abilities are banned
|rule|Sleep Moves Clause: Sleep-inducing moves are banned
|clearpoke
|poke|p1|Gholdengo|
|poke|p1|Zamazenta-*|
|poke|p1|Ting-Lu|
|poke|p1|Clefable, F|
|poke|p1|Dragonite, M|
|poke|p1|Deoxys-Speed|
|poke|p2|Frosmoth, F|
|poke|p2|Pincurchin, M|
|poke|p2|Raichu-Alola, F|
|poke|p2|Iron Hands|
|poke|p2|Rotom-Wash|
|poke|p2|Pawmot, M|
|teampreview
|inactive|Battle timer is ON: inactive players will automatically lose when time's up. (requested by freeeeeek)
|
|t:|1780936508
|teamsize|p1|6
|teamsize|p2|6
|start
|switch|p1a: Moonrock 350|Clefable, F|100/100
|switch|p2a: OH YEAH!!! YEAH!!|Pincurchin, M|100/100
|-fieldstart|move: Electric Terrain|[from] ability: Electric Surge|[of] p2a: OH YEAH!!! YEAH!!
|turn|1
|
|t:|1780936519
|move|p1a: Moonrock 350|Stealth Rock|p2a: OH YEAH!!! YEAH!!
|-sidestart|p2: shockmoth|move: Stealth Rock
|move|p2a: OH YEAH!!! YEAH!!|Thunder Wave|p1a: Moonrock 350
|-status|p1a: Moonrock 350|par
|
|upkeep
|turn|2
|
|t:|1780936528
|move|p1a: Moonrock 350|Knock Off|p2a: OH YEAH!!! YEAH!!
|-damage|p2a: OH YEAH!!! YEAH!!|83/100
|-enditem|p2a: OH YEAH!!! YEAH!!|Terrain Extender|[from] move: Knock Off|[of] p1a: Moonrock 350
|move|p2a: OH YEAH!!! YEAH!!|Supercell Slam|p1a: Moonrock 350
|-damage|p1a: Moonrock 350|54/100 par
|-damage|p2a: OH YEAH!!! YEAH!!|66/100|[from] item: Rocky Helmet|[of] p1a: Moonrock 350
|
|upkeep
|turn|3
|
|t:|1780936536
|switch|p2a: William O' Wisp|Rotom-Wash|100/100
|-damage|p2a: William O' Wisp|88/100|[from] Stealth Rock
|move|p1a: Moonrock 350|Moonlight|p1a: Moonrock 350
|-heal|p1a: Moonrock 350|100/100 par
|
|upkeep
|turn|4
|
|t:|1780936543
|move|p2a: William O' Wisp|Hydro Pump|p1a: Moonrock 350
|-damage|p1a: Moonrock 350|54/100 par
|move|p1a: Moonrock 350|Knock Off|p2a: William O' Wisp
|-damage|p2a: William O' Wisp|73/100
|-enditem|p2a: William O' Wisp|Light Clay|[from] move: Knock Off|[of] p1a: Moonrock 350
|
|upkeep
|turn|5
|
|t:|1780936550
|move|p2a: William O' Wisp|Hydro Pump|p1a: Moonrock 350
|-damage|p1a: Moonrock 350|1/100 par
|cant|p1a: Moonrock 350|par
|
|upkeep
|turn|6
|
|t:|1780936556
|move|p2a: William O' Wisp|Hydro Pump|p1a: Moonrock 350
|-damage|p1a: Moonrock 350|0 fnt
|faint|p1a: Moonrock 350
|
|upkeep
|
|t:|1780936575
|switch|p1a: Dude Nasty Asf|Deoxys-Speed|100/100
|-ability|p1a: Dude Nasty Asf|Pressure
|turn|7
|
|t:|1780936584
|switch|p2a: Surf's Up (2007)|Raichu-Alola, F|100/100
|-damage|p2a: Surf's Up (2007)|88/100|[from] Stealth Rock
|-terastallize|p1a: Dude Nasty Asf|Electric
|move|p1a: Dude Nasty Asf|Thunderbolt|p2a: Surf's Up (2007)
|-resisted|p2a: Surf's Up (2007)
|-damage|p2a: Surf's Up (2007)|50/100
|
|upkeep
|turn|8
|
|t:|1780936598
|switch|p1a: Up Bowl On Em|Ting-Lu|100/100
|-ability|p1a: Up Bowl On Em|Vessel of Ruin
|move|p2a: Surf's Up (2007)|Volt Switch|p1a: Up Bowl On Em
|-immune|p1a: Up Bowl On Em
|
|-fieldend|move: Electric Terrain
|upkeep
|turn|9
|
|t:|1780936606
|switch|p2a: Finger Eleven|Frosmoth, F, shiny|100/100
|move|p1a: Up Bowl On Em|Spikes|p2a: Finger Eleven
|-sidestart|p2: shockmoth|Spikes
|
|upkeep
|turn|10
|
|t:|1780936612
|move|p2a: Finger Eleven|Defog|p1a: Up Bowl On Em
|-unboost|p1a: Up Bowl On Em|evasion|1
|-sideend|p2: shockmoth|Spikes|[from] move: Defog|[of] p2a: Finger Eleven
|-sideend|p2: shockmoth|Stealth Rock|[from] move: Defog|[of] p2a: Finger Eleven
|move|p1a: Up Bowl On Em|Whirlwind|p2a: Finger Eleven
|drag|p2a: Surf's Up (2007)|Raichu-Alola, F|50/100
|
|upkeep
|turn|11
|
|t:|1780936619
|switch|p2a: Iron Deficiency|Iron Hands|100/100
|move|p1a: Up Bowl On Em|Spikes|p2a: Iron Deficiency
|-sidestart|p2: shockmoth|Spikes
|
|upkeep
|turn|12
|
|t:|1780936627
|move|p2a: Iron Deficiency|Swords Dance|p2a: Iron Deficiency
|-boost|p2a: Iron Deficiency|atk|2
|move|p1a: Up Bowl On Em|Earthquake|p2a: Iron Deficiency
|-supereffective|p2a: Iron Deficiency
|-damage|p2a: Iron Deficiency|60/100
|
|upkeep
|turn|13
|
|t:|1780936635
|switch|p1a: Djengo Unrained|Gholdengo|100/100
|move|p2a: Iron Deficiency|Supercell Slam|p1a: Djengo Unrained
|-damage|p1a: Djengo Unrained|14/100
|
|upkeep
|turn|14
|
|t:|1780936640
|move|p1a: Djengo Unrained|Shadow Ball|p2a: Iron Deficiency
|-damage|p2a: Iron Deficiency|29/100
|move|p2a: Iron Deficiency|Ice Punch|p1a: Djengo Unrained
|-resisted|p1a: Djengo Unrained
|-damage|p1a: Djengo Unrained|0 fnt
|faint|p1a: Djengo Unrained
|
|upkeep
|
|t:|1780936653
|switch|p1a: CClifford|Zamazenta|100/100
|-ability|p1a: CClifford|Dauntless Shield|boost
|-boost|p1a: CClifford|def|1
|turn|15
|
|t:|1780936656
|move|p1a: CClifford|Close Combat|p2a: Iron Deficiency
|-damage|p2a: Iron Deficiency|0 fnt
|-unboost|p1a: CClifford|def|1
|-unboost|p1a: CClifford|spd|1
|faint|p2a: Iron Deficiency
|-end|p2a: Iron Deficiency|Quark Drive|[silent]
|
|upkeep
|
|t:|1780936660
|switch|p2a: Evanescence|Pawmot, M|100/100
|-damage|p2a: Evanescence|88/100|[from] Spikes
|turn|16
|
|t:|1780936669
|-terastallize|p2a: Evanescence|Ghost
|move|p1a: CClifford|Close Combat|p2a: Evanescence
|-immune|p2a: Evanescence
|move|p2a: Evanescence|Nuzzle|p1a: CClifford
|-damage|p1a: CClifford|93/100
|-status|p1a: CClifford|par
|
|upkeep
|turn|17
|
|t:|1780936675
|move|p2a: Evanescence|Revival Blessing|p2a: Evanescence
|-enditem|p2a: Evanescence|Leppa Berry|[eat]
|-activate|p2a: Evanescence|item: Leppa Berry|Revival Blessing|[consumed]
|
|t:|1780936676
|-heal|p2: Iron Deficiency|50/100|[from] move: Revival Blessing
|move|p1a: CClifford|Crunch|p2a: Evanescence
|-supereffective|p2a: Evanescence
|-damage|p2a: Evanescence|20/100
|
|upkeep
|turn|18
|
|t:|1780936687
|switch|p2a: Iron Deficiency|Iron Hands|50/100
|-damage|p2a: Iron Deficiency|38/100|[from] Spikes
|move|p1a: CClifford|Crunch|p2a: Iron Deficiency
|-resisted|p2a: Iron Deficiency
|-damage|p2a: Iron Deficiency|30/100
|-unboost|p2a: Iron Deficiency|def|1
|
|upkeep
|turn|19
|-activate|p2a: Iron Deficiency|item: Quick Claw
|
|t:|1780936694
|move|p2a: Iron Deficiency|Supercell Slam|p1a: CClifford
|-damage|p1a: CClifford|38/100 par
|move|p1a: CClifford|Close Combat|p2a: Iron Deficiency
|-damage|p2a: Iron Deficiency|0 fnt
|-unboost|p1a: CClifford|def|1
|-unboost|p1a: CClifford|spd|1
|faint|p2a: Iron Deficiency
|-end|p2a: Iron Deficiency|Quark Drive|[silent]
|
|upkeep
|
|t:|1780936697
|switch|p2a: William O' Wisp|Rotom-Wash|73/100
|turn|20
|
|t:|1780936724
|move|p2a: William O' Wisp|Hydro Pump|p1a: CClifford
|-damage|p1a: CClifford|0 fnt
|faint|p1a: CClifford
|
|upkeep
|
|t:|1780936731
|switch|p1a: Dude Nasty Asf|Deoxys-Speed, tera:Electric|100/100
|-ability|p1a: Dude Nasty Asf|Pressure
|turn|21
|
|t:|1780936736
|switch|p2a: OH YEAH!!! YEAH!!|Pincurchin, M|66/100
|-damage|p2a: OH YEAH!!! YEAH!!|54/100|[from] Spikes
|-fieldstart|move: Electric Terrain|[from] ability: Electric Surge|[of] p2a: OH YEAH!!! YEAH!!
|move|p1a: Dude Nasty Asf|Nasty Plot|p1a: Dude Nasty Asf
|-boost|p1a: Dude Nasty Asf|spa|2
|
|upkeep
|turn|22
|
|t:|1780936744
|move|p2a: OH YEAH!!! YEAH!!|Sucker Punch|p1a: Dude Nasty Asf
|-damage|p1a: Dude Nasty Asf|68/100
|move|p1a: Dude Nasty Asf|Ice Beam|p2a: OH YEAH!!! YEAH!!
|-damage|p2a: OH YEAH!!! YEAH!!|0 fnt
|faint|p2a: OH YEAH!!! YEAH!!
|
|upkeep
|
|t:|1780936754
|switch|p2a: Surf's Up (2007)|Raichu-Alola, F|50/100
|-damage|p2a: Surf's Up (2007)|38/100|[from] Spikes
|turn|23
|
|t:|1780936761
|switch|p1a: Up Bowl On Em|Ting-Lu|100/100
|-ability|p1a: Up Bowl On Em|Vessel of Ruin
|move|p2a: Surf's Up (2007)|Psychic Noise|p1a: Up Bowl On Em
|-immune|p1a: Up Bowl On Em
|
|upkeep
|turn|24
|j| nepturee
|
|t:|1780936769
|move|p2a: Surf's Up (2007)|Psychic Noise|p1a: Up Bowl On Em
|-immune|p1a: Up Bowl On Em
|move|p1a: Up Bowl On Em|Spikes|p2a: Surf's Up (2007)
|-sidestart|p2: shockmoth|Spikes
|
|upkeep
|turn|25
|
|t:|1780936777
|switch|p2a: William O' Wisp|Rotom-Wash|73/100
|move|p1a: Up Bowl On Em|Spikes|p2a: William O' Wisp
|-sidestart|p2: shockmoth|Spikes
|
|-fieldend|move: Electric Terrain
|upkeep
|turn|26
|inactive|shockmoth has 120 seconds left.
|
|t:|1780936823
|switch|p1a: Dude Nasty Asf|Deoxys-Speed, tera:Electric|68/100
|-ability|p1a: Dude Nasty Asf|Pressure
|move|p2a: William O' Wisp|Light Screen|p2a: William O' Wisp
|-sidestart|p2: shockmoth|move: Light Screen
|
|upkeep
|turn|27
|
|t:|1780936829
|move|p1a: Dude Nasty Asf|Nasty Plot|p1a: Dude Nasty Asf
|-boost|p1a: Dude Nasty Asf|spa|2
|move|p2a: William O' Wisp|Volt Switch|p1a: Dude Nasty Asf
|-resisted|p1a: Dude Nasty Asf
|-damage|p1a: Dude Nasty Asf|42/100
|
|t:|1780936831
|switch|p2a: Finger Eleven|Frosmoth, F, shiny|100/100|[from] Volt Switch
|
|upkeep
|turn|28
|
|t:|1780936838
|move|p1a: Dude Nasty Asf|Psycho Boost|p2a: Finger Eleven
|-damage|p2a: Finger Eleven|61/100
|-unboost|p1a: Dude Nasty Asf|spa|2
|move|p2a: Finger Eleven|Quiver Dance|p2a: Finger Eleven
|-boost|p2a: Finger Eleven|spa|1
|-boost|p2a: Finger Eleven|spd|1
|-boost|p2a: Finger Eleven|spe|1
|
|upkeep
|turn|29
|
|t:|1780936846
|switch|p1a: Up Bowl On Em|Ting-Lu|100/100
|-ability|p1a: Up Bowl On Em|Vessel of Ruin
|move|p2a: Finger Eleven|Ice Beam|p1a: Up Bowl On Em
|-supereffective|p1a: Up Bowl On Em
|-damage|p1a: Up Bowl On Em|46/100
|
|-heal|p1a: Up Bowl On Em|52/100|[from] item: Leftovers
|upkeep
|turn|30
|
|t:|1780936854
|move|p2a: Finger Eleven|Defog|p1a: Up Bowl On Em
|-unboost|p1a: Up Bowl On Em|evasion|1
|-sideend|p2: shockmoth|Spikes|[from] move: Defog|[of] p2a: Finger Eleven
|move|p1a: Up Bowl On Em|Whirlwind|p2a: Finger Eleven
|drag|p2a: Evanescence|Pawmot, M, tera:Ghost|20/100
|
|-heal|p1a: Up Bowl On Em|58/100|[from] item: Leftovers
|-sideend|p2: shockmoth|move: Light Screen
|upkeep
|turn|31
|
|t:|1780936865
|move|p2a: Evanescence|Encore|p1a: Up Bowl On Em
|-start|p1a: Up Bowl On Em|Encore
|move|p1a: Up Bowl On Em|Whirlwind|p2a: Evanescence
|drag|p2a: William O' Wisp|Rotom-Wash|73/100
|
|-heal|p1a: Up Bowl On Em|64/100|[from] item: Leftovers
|upkeep
|turn|32
|
|t:|1780936870
|move|p2a: William O' Wisp|Hydro Pump|p1a: Up Bowl On Em
|-supereffective|p1a: Up Bowl On Em
|-damage|p1a: Up Bowl On Em|18/100
|move|p1a: Up Bowl On Em|Whirlwind|p2a: William O' Wisp
|drag|p2a: Evanescence|Pawmot, M, tera:Ghost|20/100
|
|-heal|p1a: Up Bowl On Em|24/100|[from] item: Leftovers
|upkeep
|turn|33
|
|t:|1780936877
|move|p2a: Evanescence|Revival Blessing|p2a: Evanescence
|
|t:|1780936883
|-heal|p2: Iron Deficiency|50/100|[from] move: Revival Blessing
|move|p1a: Up Bowl On Em|Whirlwind|p2a: Evanescence
|drag|p2a: Surf's Up (2007)|Raichu-Alola, F|38/100
|
|-heal|p1a: Up Bowl On Em|30/100|[from] item: Leftovers
|-end|p1a: Up Bowl On Em|Encore
|upkeep
|turn|34
|
|t:|1780936896
|move|p2a: Surf's Up (2007)|Alluring Voice|p1a: Up Bowl On Em
|-supereffective|p1a: Up Bowl On Em
|-damage|p1a: Up Bowl On Em|0 fnt
|faint|p1a: Up Bowl On Em
|
|upkeep
|
|t:|1780936901
|switch|p1a: Secret Service|Dragonite, M|100/100
|turn|35
|
|t:|1780936904
|move|p1a: Secret Service|Extreme Speed|p2a: Surf's Up (2007)
|-damage|p2a: Surf's Up (2007)|0 fnt
|faint|p2a: Surf's Up (2007)
|
|upkeep
|
|t:|1780936908
|switch|p2a: William O' Wisp|Rotom-Wash|73/100
|turn|36
|
|t:|1780936913
|move|p2a: William O' Wisp|Reflect|p2a: William O' Wisp
|-sidestart|p2: shockmoth|Reflect
|move|p1a: Secret Service|Dragon Tail|p2a: William O' Wisp
|-damage|p2a: William O' Wisp|55/100
|drag|p2a: Iron Deficiency|Iron Hands|50/100
|
|upkeep
|turn|37
|
|t:|1780936919
|switch|p1a: Dude Nasty Asf|Deoxys-Speed, tera:Electric|42/100
|-ability|p1a: Dude Nasty Asf|Pressure
|move|p2a: Iron Deficiency|Drain Punch|p1a: Dude Nasty Asf
|-damage|p1a: Dude Nasty Asf|0 fnt
|-heal|p2a: Iron Deficiency|62/100|[from] drain|[of] p1a: Dude Nasty Asf
|faint|p1a: Dude Nasty Asf
|
|upkeep
|-message|freeeeeek forfeited.
|
|win|shockmoth
|raw|freeeeeek's rating: 1681 &rarr; <strong>1671</strong><br />(-10 for losing)
|raw|shockmoth's rating: 1866 &rarr; <strong>1876</strong><br />(+10 for winning)
|l|☆freeeeeek
|player|p1|
