|j|☆jusemato
|j|☆winslowyoudog
|t:|1781301403
|gametype|singles
|player|p1|jusemato|ingo|1530
|player|p2|winslowyoudog|265|1565
|gen|9
|tier|[Gen 9] OU
|rated|
|rule|HP Percentage Mod: HP is shown in percentages
|rule|Endless Battle Clause: Forcing endless battles is banned
|rule|Species Clause: Limit one of each Pokémon
|rule|OHKO Clause: OHKO moves are banned
|rule|Evasion Items Clause: Evasion items are banned
|rule|Evasion Moves Clause: Evasion moves are banned
|rule|Evasion Abilities Clause: Evasion abilities are banned
|rule|Sleep Moves Clause: Sleep-inducing moves are banned
|clearpoke
|poke|p1|Torkoal, M|
|poke|p1|Lilligant-Hisui, F|
|poke|p1|Hatterene, F|
|poke|p1|Great Tusk|
|poke|p1|Walking Wake|
|poke|p1|Arcanine-Hisui, M|
|poke|p2|Slowbro-Galar, M|
|poke|p2|Indeedee, M|
|poke|p2|Armarouge, M|
|poke|p2|Hatterene, F|
|poke|p2|Iron Treads|
|poke|p2|Hawlucha, F|
|teampreview
|c|☆jusemato|Glhf
|inactive|Battle timer is ON: inactive players will automatically lose when time's up. (requested by winslowyoudog)
|
|t:|1781301412
|teamsize|p1|6
|teamsize|p2|6
|start
|switch|p1a: Torkoal|Torkoal, M|100/100
|switch|p2a: Indeedee|Indeedee, M|100/100
|-fieldstart|move: Psychic Terrain|[from] ability: Psychic Surge|[of] p2a: Indeedee
|-weather|SunnyDay|[from] ability: Drought|[of] p1a: Torkoal
|turn|1
|
|t:|1781301419
|switch|p1a: Hatterene|Hatterene, F, shiny|100/100
|move|p2a: Indeedee|Expanding Force|p1a: Hatterene
|-resisted|p1a: Hatterene
|-damage|p1a: Hatterene|72/100
|-enditem|p1a: Hatterene|Eject Button
|
|t:|1781301445
|switch|p1a: Lilligant|Lilligant-Hisui, F|100/100
|
|-weather|SunnyDay|[upkeep]
|upkeep
|turn|2
|
|t:|1781301452
|move|p1a: Lilligant|Solar Blade||[still]
|-prepare|p1a: Lilligant|Solar Blade
|-anim|p1a: Lilligant|Solar Blade|p2a: Indeedee
|-damage|p2a: Indeedee|24/100
|move|p2a: Indeedee|Expanding Force|p1a: Lilligant
|-supereffective|p1a: Lilligant
|-damage|p1a: Lilligant|0 fnt
|faint|p1a: Lilligant
|
|-weather|SunnyDay|[upkeep]
|upkeep
|
|t:|1781301463
|switch|p1a: Walking Wake|Walking Wake|100/100
|-activate|p1a: Walking Wake|ability: Protosynthesis
|-start|p1a: Walking Wake|protosynthesisspe
|turn|3
|
|t:|1781301467
|switch|p2a: Hatterene|Hatterene, F|100/100
|move|p1a: Walking Wake|Hydro Steam|p2a: Hatterene
|-damage|p2a: Hatterene|11/100
|-enditem|p2a: Hatterene|Eject Button
|
|t:|1781301471
|switch|p2a: Hawlucha|Hawlucha, F|100/100
|-enditem|p2a: Hawlucha|Psychic Seed
|-boost|p2a: Hawlucha|spd|1|[from] item: Psychic Seed
|
|-weather|SunnyDay|[upkeep]
|upkeep
|turn|4
|
|t:|1781301477
|move|p2a: Hawlucha|Swords Dance|p2a: Hawlucha
|-boost|p2a: Hawlucha|atk|2
|move|p1a: Walking Wake|Hydro Steam|p2a: Hawlucha
|-damage|p2a: Hawlucha|12/100
|
|-weather|SunnyDay|[upkeep]
|upkeep
|turn|5
|
|t:|1781301489
|-end|p1a: Walking Wake|Protosynthesis|[silent]
|switch|p1a: Hatterene|Hatterene, F, shiny|72/100
|move|p2a: Hawlucha|Close Combat|p1a: Hatterene
|-resisted|p1a: Hatterene
|-damage|p1a: Hatterene|48/100
|-unboost|p2a: Hawlucha|def|1
|-unboost|p2a: Hawlucha|spd|1
|
|-weather|SunnyDay|[upkeep]
|upkeep
|turn|6
|
|t:|1781301496
|move|p2a: Hawlucha|Acrobatics|p1a: Hatterene
|-damage|p1a: Hatterene|0 fnt
|faint|p1a: Hatterene
|
|-weather|SunnyDay|[upkeep]
|upkeep
|
|t:|1781301499
|switch|p1a: Arcanine|Arcanine-Hisui, M|100/100
|turn|7
|
|t:|1781301502
|-terastallize|p2a: Hawlucha|Electric
|move|p1a: Arcanine|Extreme Speed|p2a: Hawlucha
|-activate|p2a: Hawlucha|move: Psychic Terrain
|move|p2a: Hawlucha|Close Combat|p1a: Arcanine
|-supereffective|p1a: Arcanine
|-damage|p1a: Arcanine|0 fnt
|-unboost|p2a: Hawlucha|def|1
|-unboost|p2a: Hawlucha|spd|1
|faint|p1a: Arcanine
|
|-weather|SunnyDay|[upkeep]
|upkeep
|-message|jusemato forfeited.
|
|win|winslowyoudog
|raw|jusemato's rating: 1530 &rarr; <strong>1512</strong><br />(-18 for losing)
|raw|winslowyoudog's rating: 1565 &rarr; <strong>1583</strong><br />(+18 for winning)
|l|☆jusemato
|player|p1|
|l|☆winslowyoudog
|player|p2|
