|j|☆PepeNike
|j|☆moocowvin
|t:|1781575165
|gametype|singles
|player|p1|PepeNike|1|1657
|player|p2|moocowvin|riley|1654
|gen|9
|tier|[Gen 9] OU
|rated|
|rule|HP Percentage Mod: HP is shown in percentages
|rule|Endless Battle Clause: Forcing endless battles is banned
|rule|Species Clause: Limit one of each Pokémon
|rule|OHKO Clause: OHKO moves are banned
|rule|Evasion Items Clause: Evasion items are banned
|rule|Evasion Moves Clause: Evasion moves are banned
|rule|Evasion Abilities Clause: Evasion abilities are banned
|rule|Sleep Moves Clause: Sleep-inducing moves are banned
|clearpoke
|poke|p1|Kleavor, M|
|poke|p1|Samurott-Hisui, M|
|poke|p1|Gholdengo|
|poke|p1|Ceruledge, F|
|poke|p1|Greninja-*, M|
|poke|p1|Dragapult, F|
|poke|p2|Iron Moth|
|poke|p2|Greninja-*, M|
|poke|p2|Hatterene, F|
|poke|p2|Gliscor, F|
|poke|p2|Raging Bolt|
|poke|p2|Zamazenta-*|
|teampreview
|inactive|Battle timer is ON: inactive players will automatically lose when time's up. (requested by PepeNike)
|inactive|PepeNike has 120 seconds left.
|
|t:|1781575213
|teamsize|p1|6
|teamsize|p2|6
|start
|switch|p1a: Kleavor|Kleavor, M|100/100
|switch|p2a: Zamazenta|Zamazenta|100/100
|-ability|p2a: Zamazenta|Dauntless Shield|boost
|-boost|p2a: Zamazenta|def|1
|turn|1
|
|t:|1781575222
|move|p2a: Zamazenta|Reflect|p2a: Zamazenta
|-sidestart|p2: moocowvin|Reflect
|move|p1a: Kleavor|Stone Axe|p2a: Zamazenta
|-resisted|p2a: Zamazenta
|-damage|p2a: Zamazenta|92/100
|-sidestart|p2: moocowvin|move: Stealth Rock
|
|upkeep
|turn|2
|
|t:|1781575237
|move|p2a: Zamazenta|Light Screen|p2a: Zamazenta
|-sidestart|p2: moocowvin|move: Light Screen
|move|p1a: Kleavor|U-turn|p2a: Zamazenta
|-resisted|p2a: Zamazenta
|-damage|p2a: Zamazenta|87/100
|
|t:|1781575243
|switch|p1a: Gholdengo|Gholdengo|100/100|[from] U-turn
|-item|p1a: Gholdengo|Air Balloon
|
|upkeep
|turn|3
|
|t:|1781575248
|move|p2a: Zamazenta|Ice Fang|p1a: Gholdengo
|-resisted|p1a: Gholdengo
|-damage|p1a: Gholdengo|94/100
|-enditem|p1a: Gholdengo|Air Balloon
|move|p1a: Gholdengo|Thunder Wave|p2a: Zamazenta
|-status|p2a: Zamazenta|par
|
|upkeep
|turn|4
|
|t:|1781575251
|switch|p2a: Gliscor|Gliscor, F|100/100
|-damage|p2a: Gliscor|88/100|[from] Stealth Rock
|move|p1a: Gholdengo|Hex|p2a: Gliscor
|-damage|p2a: Gliscor|71/100
|
|-status|p2a: Gliscor|tox|[from] item: Toxic Orb
|upkeep
|turn|5
|
|t:|1781575255
|move|p2a: Gliscor|Agility|p2a: Gliscor
|-boost|p2a: Gliscor|spe|2
|move|p1a: Gholdengo|Hex|p2a: Gliscor
|-damage|p2a: Gliscor|33/100 tox
|
|-heal|p2a: Gliscor|45/100 tox|[from] ability: Poison Heal
|upkeep
|turn|6
|
|t:|1781575258
|-terastallize|p2a: Gliscor|Normal
|move|p2a: Gliscor|Swords Dance|p2a: Gliscor
|-boost|p2a: Gliscor|atk|2
|move|p1a: Gholdengo|Hex|p2a: Gliscor
|-immune|p2a: Gliscor
|
|-heal|p2a: Gliscor|57/100 tox|[from] ability: Poison Heal
|upkeep
|turn|7
|
|t:|1781575263
|move|p2a: Gliscor|Earthquake|p1a: Gholdengo
|-supereffective|p1a: Gholdengo
|-damage|p1a: Gholdengo|0 fnt
|faint|p1a: Gholdengo
|
|-heal|p2a: Gliscor|69/100 tox|[from] ability: Poison Heal
|upkeep
|
|t:|1781575267
|switch|p1a: Kleavor|Kleavor, M|100/100
|turn|8
|
|t:|1781575269
|move|p2a: Gliscor|Earthquake|p1a: Kleavor
|-enditem|p1a: Kleavor|Focus Sash
|-damage|p1a: Kleavor|1/100
|move|p1a: Kleavor|Tailwind|p1a: Kleavor
|-sidestart|p1: PepeNike|move: Tailwind
|
|-heal|p2a: Gliscor|82/100 tox|[from] ability: Poison Heal
|-sideend|p2: moocowvin|Reflect
|upkeep
|turn|9
|
|t:|1781575274
|move|p1a: Kleavor|Close Combat|p2a: Gliscor
|-supereffective|p2a: Gliscor
|-damage|p2a: Gliscor|0 fnt
|-unboost|p1a: Kleavor|def|1
|-unboost|p1a: Kleavor|spd|1
|faint|p2a: Gliscor
|
|-sideend|p2: moocowvin|move: Light Screen
|upkeep
|
|t:|1781575277
|switch|p2a: Zamazenta|Zamazenta|87/100 par
|-damage|p2a: Zamazenta|81/100 par|[from] Stealth Rock
|turn|10
|
|t:|1781575280
|move|p1a: Kleavor|U-turn|p2a: Zamazenta
|-resisted|p2a: Zamazenta
|-damage|p2a: Zamazenta|63/100 par
|
|t:|1781575282
|switch|p1a: Greninja|Greninja, M|100/100|[from] U-turn
|cant|p2a: Zamazenta|par
|
|upkeep
|turn|11
|
|t:|1781575286
|-terastallize|p1a: Greninja|Water
|move|p1a: Greninja|Surf|p2a: Zamazenta
|-damage|p2a: Zamazenta|2/100 par
|-damage|p1a: Greninja|91/100|[from] item: Life Orb
|move|p2a: Zamazenta|Light Screen|p2a: Zamazenta
|-sidestart|p2: moocowvin|move: Light Screen
|
|-sideend|p1: PepeNike|move: Tailwind
|upkeep
|turn|12
|
|t:|1781575296
|switch|p1a: Samurott|Samurott-Hisui, M|100/100
|switch|p2a: Raging Bolt|Raging Bolt|100/100
|-damage|p2a: Raging Bolt|88/100|[from] Stealth Rock
|-enditem|p2a: Raging Bolt|Booster Energy
|-activate|p2a: Raging Bolt|ability: Protosynthesis|[fromitem]
|-start|p2a: Raging Bolt|protosynthesisspa
|
|upkeep
|turn|13
|
|t:|1781575300
|move|p2a: Raging Bolt|Calm Mind|p2a: Raging Bolt
|-boost|p2a: Raging Bolt|spa|1
|-boost|p2a: Raging Bolt|spd|1
|move|p1a: Samurott|Ceaseless Edge|p2a: Raging Bolt
|-damage|p2a: Raging Bolt|29/100
|-sidestart|p2: moocowvin|Spikes
|
|upkeep
|turn|14
|
|t:|1781575305
|move|p2a: Raging Bolt|Thunderclap||[still]
|-fail|p2a: Raging Bolt
|move|p1a: Samurott|Taunt|p2a: Raging Bolt
|-start|p2a: Raging Bolt|move: Taunt
|
|upkeep
|turn|15
|
|t:|1781575307
|switch|p1a: Dragapult|Dragapult, F|100/100
|move|p2a: Raging Bolt|Thunderclap||[still]
|-fail|p2a: Raging Bolt
|
|upkeep
|turn|16
|
|t:|1781575310
|move|p2a: Raging Bolt|Thunderclap|p1a: Dragapult
|-resisted|p1a: Dragapult
|-damage|p1a: Dragapult|43/100
|move|p1a: Dragapult|Dragon Darts|p2a: Raging Bolt
|-supereffective|p2a: Raging Bolt
|-damage|p2a: Raging Bolt|0 fnt
|faint|p2a: Raging Bolt
|-end|p2a: Raging Bolt|Protosynthesis|[silent]
|
|upkeep
|
|t:|1781575316
|switch|p2a: Iron Moth|Iron Moth|100/100
|-damage|p2a: Iron Moth|76/100|[from] Stealth Rock
|-damage|p2a: Iron Moth|63/100|[from] Spikes
|-enditem|p2a: Iron Moth|Booster Energy
|-activate|p2a: Iron Moth|ability: Quark Drive|[fromitem]
|-start|p2a: Iron Moth|quarkdrivespe
|turn|17
|inactive|PepeNike has 120 seconds left.
|
|t:|1781575349
|move|p2a: Iron Moth|Fiery Dance|p1a: Dragapult
|-resisted|p1a: Dragapult
|-damage|p1a: Dragapult|14/100
|-boost|p2a: Iron Moth|spa|1
|move|p1a: Dragapult|Dragon Darts|p2a: Iron Moth
|-damage|p2a: Iron Moth|2/100
|-anim|p1a: Dragapult|Dragon Darts|p2a: Iron Moth
|-crit|p2a: Iron Moth
|-damage|p2a: Iron Moth|0 fnt
|faint|p2a: Iron Moth
|-end|p2a: Iron Moth|Quark Drive|[silent]
|
|upkeep
|
|t:|1781575356
|switch|p2a: Hatterene|Hatterene, F|100/100
|-damage|p2a: Hatterene|88/100|[from] Stealth Rock
|-damage|p2a: Hatterene|76/100|[from] Spikes
|turn|18
|inactive|PepeNike has 120 seconds left.
|
|t:|1781575382
|switch|p1a: Kleavor|Kleavor, M|1/100
|move|p2a: Hatterene|Calm Mind|p2a: Hatterene
|-boost|p2a: Hatterene|spa|1
|-boost|p2a: Hatterene|spd|1
|
|-heal|p2a: Hatterene|82/100|[from] item: Leftovers
|-sideend|p2: moocowvin|move: Light Screen
|upkeep
|turn|19
|
|t:|1781575386
|move|p1a: Kleavor|Stone Axe|p2a: Hatterene
|-crit|p2a: Hatterene
|-damage|p2a: Hatterene|16/100
|move|p2a: Hatterene|Draining Kiss|p1a: Kleavor
|-damage|p1a: Kleavor|0 fnt
|-heal|p2a: Hatterene|16/100|[from] drain|[of] p1a: Kleavor
|faint|p1a: Kleavor
|
|-heal|p2a: Hatterene|22/100|[from] item: Leftovers
|upkeep
|
|t:|1781575389
|switch|p1a: Samurott|Samurott-Hisui, M|100/100
|turn|20
|
|t:|1781575392
|move|p1a: Samurott|Ceaseless Edge|p2a: Hatterene
|-damage|p2a: Hatterene|0 fnt
|-sidestart|p2: moocowvin|Spikes
|faint|p2a: Hatterene
|
|upkeep
|
|t:|1781575393
|switch|p2a: Greninja|Greninja, M|100/100
|-damage|p2a: Greninja|88/100|[from] Stealth Rock
|-damage|p2a: Greninja|72/100|[from] Spikes
|turn|21
|
|t:|1781575395
|move|p2a: Greninja|Swords Dance|p2a: Greninja
|-boost|p2a: Greninja|atk|2
|move|p1a: Samurott|Ceaseless Edge|p2a: Greninja
|-resisted|p2a: Greninja
|-damage|p2a: Greninja|20/100
|-sidestart|p2: moocowvin|Spikes
|
|-heal|p2a: Greninja|26/100|[from] item: Leftovers
|upkeep
|turn|22
|
|t:|1781575399
|move|p1a: Samurott|Sucker Punch|p2a: Greninja
|-resisted|p2a: Greninja
|-damage|p2a: Greninja|0 fnt
|faint|p2a: Greninja
|
|upkeep
|-message|moocowvin forfeited.
|
|win|PepeNike
|raw|PepeNike's rating: 1657 &rarr; <strong>1677</strong><br />(+20 for winning)
|raw|moocowvin's rating: 1654 &rarr; <strong>1634</strong><br />(-20 for losing)
|l|☆moocowvin
|player|p2|
|l|☆PepeNike
|player|p1|
|j| kanaete onegai
