|j|☆fifodrummer
|j|☆I'm evil and spicy
|t:|1781169621
|gametype|singles
|player|p1|fifodrummer|pokemaniac|1567
|player|p2|I'm evil and spicy|169|1543
|gen|9
|tier|[Gen 9] OU
|rated|
|rule|HP Percentage Mod: HP is shown in percentages
|rule|Endless Battle Clause: Forcing endless battles is banned
|rule|Species Clause: Limit one of each Pokémon
|rule|OHKO Clause: OHKO moves are banned
|rule|Evasion Items Clause: Evasion items are banned
|rule|Evasion Moves Clause: Evasion moves are banned
|rule|Evasion Abilities Clause: Evasion abilities are banned
|rule|Sleep Moves Clause: Sleep-inducing moves are banned
|clearpoke
|poke|p1|Crawdaunt, M|
|poke|p1|Krookodile, M|
|poke|p1|Goodra-Hisui, F|
|poke|p1|Haxorus, M|
|poke|p1|Espeon, F|
|poke|p1|Corviknight, F|
|poke|p2|Enamorus, F|
|poke|p2|Zamazenta-*|
|poke|p2|Ceruledge, M|
|poke|p2|Iron Treads|
|poke|p2|Darkrai|
|poke|p2|Ogerpon-Wellspring, F|
|teampreview
|inactive|Battle timer is ON: inactive players will automatically lose when time's up. (requested by fifodrummer)
|
|t:|1781169645
|teamsize|p1|6
|teamsize|p2|6
|start
|switch|p1a: Bubba Gump|Crawdaunt, M|100/100
|switch|p2a: Zamazenta|Zamazenta|100/100
|-ability|p2a: Zamazenta|Dauntless Shield|boost
|-boost|p2a: Zamazenta|def|1
|turn|1
|
|t:|1781169652
|move|p2a: Zamazenta|Close Combat|p1a: Bubba Gump
|-supereffective|p1a: Bubba Gump
|-enditem|p1a: Bubba Gump|Focus Sash
|-damage|p1a: Bubba Gump|1/100
|-unboost|p2a: Zamazenta|def|1
|-unboost|p2a: Zamazenta|spd|1
|move|p1a: Bubba Gump|Endeavor|p2a: Zamazenta
|-damage|p2a: Zamazenta|1/100
|
|upkeep
|turn|2
|
|t:|1781169664
|switch|p2a: Ogerpon|Ogerpon-Wellspring, F|100/100
|move|p1a: Bubba Gump|Endeavor|p2a: Ogerpon
|-damage|p2a: Ogerpon|1/100
|
|upkeep
|turn|3
|
|t:|1781169671
|switch|p1a: Mrs Raven|Corviknight, F, shiny|100/100
|move|p2a: Ogerpon|Ivy Cudgel|p1a: Mrs Raven|[anim] Ivy Cudgel Water
|-crit|p1a: Mrs Raven
|-damage|p1a: Mrs Raven|28/100
|
|upkeep
|turn|4
|
|t:|1781169679
|move|p2a: Ogerpon|Ivy Cudgel|p1a: Mrs Raven|[anim] Ivy Cudgel Water
|-damage|p1a: Mrs Raven|0 fnt
|faint|p1a: Mrs Raven
|
|upkeep
|
|t:|1781169684
|switch|p1a: The Lone Ranger|Krookodile, M, shiny|100/100
|turn|5
|
|t:|1781169688
|move|p1a: The Lone Ranger|Knock Off|p2a: Ogerpon
|-damage|p2a: Ogerpon|0 fnt
|faint|p2a: Ogerpon
|-ability|p1a: The Lone Ranger|Moxie|boost
|-boost|p1a: The Lone Ranger|atk|1
|
|upkeep
|
|t:|1781169694
|switch|p2a: Enamorus|Enamorus, F|100/100
|turn|6
|
|t:|1781169703
|switch|p1a: 鉄の竜|Goodra-Hisui, F|100/100
|move|p2a: Enamorus|Draining Kiss|p1a: 鉄の竜
|-crit|p1a: 鉄の竜
|-damage|p1a: 鉄の竜|76/100
|-ability|p1a: 鉄の竜|Gooey
|-unboost|p2a: Enamorus|spe|1
|
|upkeep
|turn|7
|
|t:|1781169712
|switch|p2a: Iron Treads|Iron Treads|100/100
|move|p1a: 鉄の竜|Surf|p2a: Iron Treads
|-supereffective|p2a: Iron Treads
|-damage|p2a: Iron Treads|20/100
|
|-heal|p2a: Iron Treads|26/100|[from] item: Leftovers
|upkeep
|turn|8
|
|t:|1781169724
|switch|p1a: Bio Hazard|Espeon, F, shiny|100/100
|move|p2a: Iron Treads|Knock Off|p1a: Bio Hazard
|-supereffective|p1a: Bio Hazard
|-damage|p1a: Bio Hazard|0 fnt
|-enditem|p1a: Bio Hazard|Leftovers|[from] move: Knock Off|[of] p2a: Iron Treads
|faint|p1a: Bio Hazard
|
|-heal|p2a: Iron Treads|33/100|[from] item: Leftovers
|upkeep
|
|t:|1781169735
|switch|p1a: AXE Bodyspray|Haxorus, M, shiny|100/100
|-ability|p1a: AXE Bodyspray|Mold Breaker
|turn|9
|
|t:|1781169742
|move|p2a: Iron Treads|Knock Off|p1a: AXE Bodyspray
|-crit|p1a: AXE Bodyspray
|-damage|p1a: AXE Bodyspray|41/100
|-enditem|p1a: AXE Bodyspray|Lum Berry|[from] move: Knock Off|[of] p2a: Iron Treads
|move|p1a: AXE Bodyspray|Dragon Dance|p1a: AXE Bodyspray
|-boost|p1a: AXE Bodyspray|atk|1
|-boost|p1a: AXE Bodyspray|spe|1
|
|-heal|p2a: Iron Treads|39/100|[from] item: Leftovers
|upkeep
|turn|10
|
|t:|1781169755
|move|p1a: AXE Bodyspray|Earthquake|p2a: Iron Treads
|-supereffective|p2a: Iron Treads
|-damage|p2a: Iron Treads|0 fnt
|faint|p2a: Iron Treads
|-end|p2a: Iron Treads|Quark Drive|[silent]
|
|upkeep
|
|t:|1781169764
|switch|p2a: Darkrai|Darkrai|100/100
|turn|11
|
|t:|1781169768
|move|p1a: AXE Bodyspray|Poison Jab|p2a: Darkrai
|-damage|p2a: Darkrai|43/100
|move|p2a: Darkrai|Dark Pulse|p1a: AXE Bodyspray
|-damage|p1a: AXE Bodyspray|0 fnt
|faint|p1a: AXE Bodyspray
|
|-heal|p2a: Darkrai|49/100|[from] item: Leftovers
|upkeep
|
|t:|1781169778
|switch|p1a: 鉄の竜|Goodra-Hisui, F|76/100
|turn|12
|
|t:|1781169783
|move|p2a: Darkrai|Dark Pulse|p1a: 鉄の竜
|-damage|p1a: 鉄の竜|51/100
|move|p1a: 鉄の竜|Flash Cannon|p2a: Darkrai
|-damage|p2a: Darkrai|0 fnt
|faint|p2a: Darkrai
|
|upkeep
|
|t:|1781169793
|switch|p2a: Zamazenta|Zamazenta|1/100
|turn|13
|
|t:|1781169798
|-terastallize|p1a: 鉄の竜|Flying
|move|p2a: Zamazenta|Reflect|p2a: Zamazenta
|-sidestart|p2: I'm evil and spicy|Reflect
|move|p1a: 鉄の竜|Flash Cannon|p2a: Zamazenta
|-damage|p2a: Zamazenta|0 fnt
|faint|p2a: Zamazenta
|
|upkeep
|
|t:|1781169807
|switch|p2a: Ceruledge|Ceruledge, M|100/100
|turn|14
|
|t:|1781169816
|-terastallize|p2a: Ceruledge|Bug
|move|p2a: Ceruledge|Bulk Up|p2a: Ceruledge
|-boost|p2a: Ceruledge|atk|1
|-boost|p2a: Ceruledge|def|1
|move|p1a: 鉄の竜|Surf|p2a: Ceruledge
|-damage|p2a: Ceruledge|77/100
|
|upkeep
|turn|15
|
|t:|1781169825
|move|p2a: Ceruledge|Bitter Blade|p1a: 鉄の竜
|-damage|p1a: 鉄の竜|0 fnt
|-heal|p2a: Ceruledge|99/100|[from] drain|[of] p1a: 鉄の竜
|-ability|p1a: 鉄の竜|Gooey
|-unboost|p2a: Ceruledge|spe|1
|faint|p1a: 鉄の竜
|
|upkeep
|
|t:|1781169834
|switch|p1a: The Lone Ranger|Krookodile, M, shiny|100/100
|turn|16
|
|t:|1781169839
|move|p1a: The Lone Ranger|Gunk Shot|p2a: Ceruledge
|-damage|p2a: Ceruledge|83/100
|move|p2a: Ceruledge|Bitter Blade|p1a: The Lone Ranger
|-damage|p1a: The Lone Ranger|28/100
|-heal|p2a: Ceruledge|100/100|[from] drain|[of] p1a: The Lone Ranger
|
|upkeep
|turn|17
|
|t:|1781169851
|move|p1a: The Lone Ranger|Gunk Shot|p2a: Ceruledge
|-damage|p2a: Ceruledge|84/100
|move|p2a: Ceruledge|Bitter Blade|p1a: The Lone Ranger
|-damage|p1a: The Lone Ranger|0 fnt
|-heal|p2a: Ceruledge|97/100|[from] drain|[of] p1a: The Lone Ranger
|faint|p1a: The Lone Ranger
|
|upkeep
|c|☆fifodrummer|Ggs
|
|t:|1781169860
|switch|p1a: Bubba Gump|Crawdaunt, M|1/100
|turn|18
|c|☆I'm evil and spicy|gg
|
|t:|1781169863
|move|p2a: Ceruledge|Shadow Sneak|p1a: Bubba Gump
|-resisted|p1a: Bubba Gump
|-damage|p1a: Bubba Gump|0 fnt
|faint|p1a: Bubba Gump
|
|win|I'm evil and spicy
|raw|fifodrummer's rating: 1567 &rarr; <strong>1546</strong><br />(-21 for losing)
|raw|I&apos;m evil and spicy's rating: 1543 &rarr; <strong>1564</strong><br />(+21 for winning)
|l|☆I'm evil and spicy
|player|p2|
