|j|☆myree
|j|☆typhoon9
|t:|1781281811
|gametype|singles
|player|p1|myree|benga|1519
|player|p2|typhoon9|swimmerf-gen4dp|1556
|gen|9
|tier|[Gen 9] OU
|rated|
|rule|HP Percentage Mod: HP is shown in percentages
|rule|Endless Battle Clause: Forcing endless battles is banned
|rule|Species Clause: Limit one of each Pokémon
|rule|OHKO Clause: OHKO moves are banned
|rule|Evasion Items Clause: Evasion items are banned
|rule|Evasion Moves Clause: Evasion moves are banned
|rule|Evasion Abilities Clause: Evasion abilities are banned
|rule|Sleep Moves Clause: Sleep-inducing moves are banned
|clearpoke
|poke|p1|Iron Valiant|
|poke|p1|Ogerpon-Cornerstone, F|
|poke|p1|Iron Treads|
|poke|p1|Fezandipiti, M|
|poke|p1|Samurott-Hisui, F|
|poke|p1|Goodra-Hisui, F|
|poke|p2|Hatterene, F|
|poke|p2|Ursaluna, M|
|poke|p2|Porygon2|
|poke|p2|Cresselia, F|
|poke|p2|Iron Hands|
|poke|p2|Volcanion|
|teampreview
|inactive|Battle timer is ON: inactive players will automatically lose when time's up. (requested by typhoon9)
|
|t:|1781281820
|teamsize|p1|6
|teamsize|p2|6
|start
|switch|p1a: Prof. Goo-D.|Goodra-Hisui, F|100/100
|switch|p2a: Hatterene|Hatterene, F|100/100
|turn|1
|
|t:|1781281832
|move|p1a: Prof. Goo-D.|Knock Off|p2a: Hatterene
|-damage|p2a: Hatterene|66/100
|-enditem|p2a: Hatterene|Focus Sash|[from] move: Knock Off|[of] p1a: Prof. Goo-D.
|move|p2a: Hatterene|Trick Room|p2a: Hatterene
|-fieldstart|move: Trick Room|[of] p2a: Hatterene
|
|upkeep
|turn|2
|
|t:|1781281843
|switch|p1a: best treadist|Iron Treads|100/100
|move|p2a: Hatterene|Healing Wish|p2a: Hatterene
|faint|p2a: Hatterene
|
|upkeep
|
|t:|1781281855
|switch|p2a: Volcanion|Volcanion|100/100
|turn|3
|
|t:|1781281862
|-end|p1a: best treadist|Quark Drive|[silent]
|switch|p1a: Samurott|Samurott-Hisui, F|100/100
|move|p2a: Volcanion|Steam Eruption|p1a: Samurott
|-resisted|p1a: Samurott
|-damage|p1a: Samurott|62/100
|-status|p1a: Samurott|brn
|
|-damage|p1a: Samurott|55/100 brn|[from] brn
|upkeep
|turn|4
|
|t:|1781281868
|move|p2a: Volcanion|Steam Eruption|p1a: Samurott|[miss]
|-miss|p2a: Volcanion|p1a: Samurott
|move|p1a: Samurott|Ceaseless Edge|p2a: Volcanion
|-damage|p2a: Volcanion|81/100
|-sidestart|p2: typhoon9|Spikes
|
|-damage|p1a: Samurott|49/100 brn|[from] brn
|upkeep
|turn|5
|
|t:|1781281876
|move|p2a: Volcanion|Steam Eruption|p1a: Samurott
|-resisted|p1a: Samurott
|-crit|p1a: Samurott
|-damage|p1a: Samurott|0 fnt
|faint|p1a: Samurott
|
|-fieldend|move: Trick Room
|upkeep
|
|t:|1781281889
|switch|p1a: roxc-bree|Ogerpon-Cornerstone, F|100/100
|turn|6
|
|t:|1781281893
|move|p1a: roxc-bree|Ivy Cudgel|p2a: Volcanion|[anim] Ivy Cudgel Rock
|-supereffective|p2a: Volcanion
|-damage|p2a: Volcanion|0 fnt
|faint|p2a: Volcanion
|
|upkeep
|
|t:|1781281897
|switch|p2a: Porygon2|Porygon2|100/100
|-damage|p2a: Porygon2|88/100|[from] Spikes
|-ability|p2a: Porygon2|Download|boost
|-boost|p2a: Porygon2|atk|1
|turn|7
|
|t:|1781281905
|move|p1a: roxc-bree|Ivy Cudgel|p2a: Porygon2|[anim] Ivy Cudgel Rock
|-damage|p2a: Porygon2|51/100
|move|p2a: Porygon2|Trick Room|p2a: Porygon2
|-fieldstart|move: Trick Room|[of] p2a: Porygon2
|
|upkeep
|turn|8
|
|t:|1781281912
|switch|p1a: Prof. Goo-D.|Goodra-Hisui, F|100/100
|move|p2a: Porygon2|Ice Beam|p1a: Prof. Goo-D.
|-damage|p1a: Prof. Goo-D.|88/100
|
|upkeep
|turn|9
|
|t:|1781281916
|switch|p2a: Ursaluna|Ursaluna, M|100/100
|-damage|p2a: Ursaluna|88/100|[from] Spikes
|move|p1a: Prof. Goo-D.|Knock Off|p2a: Ursaluna
|-damage|p2a: Ursaluna|67/100
|-enditem|p2a: Ursaluna|Flame Orb|[from] move: Knock Off|[of] p1a: Prof. Goo-D.
|
|upkeep
|turn|10
|
|t:|1781281925
|switch|p1a: fezanskibidi|Fezandipiti, M|100/100
|-item|p1a: fezanskibidi|Air Balloon
|move|p2a: Ursaluna|Swords Dance|p2a: Ursaluna
|-boost|p2a: Ursaluna|atk|2
|
|upkeep
|turn|11
|
|t:|1781281934
|switch|p1a: Prof. Goo-D.|Goodra-Hisui, F|88/100
|move|p2a: Ursaluna|Facade|p1a: Prof. Goo-D.
|-resisted|p1a: Prof. Goo-D.
|-damage|p1a: Prof. Goo-D.|41/100
|-ability|p1a: Prof. Goo-D.|Gooey
|-unboost|p2a: Ursaluna|spe|1
|
|-fieldend|move: Trick Room
|upkeep
|turn|12
|
|t:|1781281941
|move|p1a: Prof. Goo-D.|Ice Beam|p2a: Ursaluna
|-supereffective|p2a: Ursaluna
|-damage|p2a: Ursaluna|18/100
|move|p2a: Ursaluna|Facade|p1a: Prof. Goo-D.
|-resisted|p1a: Prof. Goo-D.
|-damage|p1a: Prof. Goo-D.|0 fnt
|-ability|p1a: Prof. Goo-D.|Gooey
|-unboost|p2a: Ursaluna|spe|1
|faint|p1a: Prof. Goo-D.
|
|upkeep
|
|t:|1781281955
|switch|p1a: roxc-bree|Ogerpon-Cornerstone, F|100/100
|turn|13
|
|t:|1781281961
|switch|p2a: Cresselia|Cresselia, F, shiny|100/100
|move|p1a: roxc-bree|Horn Leech|p2a: Cresselia
|-damage|p2a: Cresselia|75/100
|
|upkeep
|turn|14
|
|t:|1781281984
|move|p1a: roxc-bree|Swords Dance|p1a: roxc-bree
|-boost|p1a: roxc-bree|atk|2
|move|p2a: Cresselia|Trick Room|p2a: Cresselia
|-fieldstart|move: Trick Room|[of] p2a: Cresselia
|
|upkeep
|turn|15
|
|t:|1781281988
|move|p2a: Cresselia|Psychic|p1a: roxc-bree
|-damage|p1a: roxc-bree|75/100
|move|p1a: roxc-bree|Horn Leech|p2a: Cresselia
|-damage|p2a: Cresselia|28/100
|-heal|p1a: roxc-bree|100/100|[from] drain|[of] p2a: Cresselia
|
|upkeep
|turn|16
|
|t:|1781281994
|move|p2a: Cresselia|Psychic|p1a: roxc-bree
|-damage|p1a: roxc-bree|74/100
|move|p1a: roxc-bree|Horn Leech|p2a: Cresselia
|-damage|p2a: Cresselia|0 fnt
|-heal|p1a: roxc-bree|93/100|[from] drain|[of] p2a: Cresselia
|faint|p2a: Cresselia
|
|upkeep
|
|t:|1781281997
|switch|p2a: Ursaluna|Ursaluna, M|18/100
|-heal|p2a: Ursaluna|100/100|[from] move: Healing Wish
|-damage|p2a: Ursaluna|88/100|[from] Spikes
|turn|17
|
|t:|1781282008
|move|p2a: Ursaluna|Headlong Rush|p1a: roxc-bree
|-damage|p1a: roxc-bree|5/100
|-unboost|p2a: Ursaluna|def|1
|-unboost|p2a: Ursaluna|spd|1
|move|p1a: roxc-bree|Horn Leech|p2a: Ursaluna
|-supereffective|p2a: Ursaluna
|-damage|p2a: Ursaluna|0 fnt
|-heal|p1a: roxc-bree|66/100|[from] drain|[of] p2a: Ursaluna
|faint|p2a: Ursaluna
|
|upkeep
|
|t:|1781282013
|switch|p2a: Za Hands|Iron Hands|100/100
|-damage|p2a: Za Hands|88/100|[from] Spikes
|-enditem|p2a: Za Hands|Booster Energy
|-activate|p2a: Za Hands|ability: Quark Drive|[fromitem]
|-start|p2a: Za Hands|quarkdriveatk
|turn|18
|
|t:|1781282028
|move|p2a: Za Hands|Drain Punch|p1a: roxc-bree
|-supereffective|p1a: roxc-bree
|-damage|p1a: roxc-bree|0 fnt
|-heal|p2a: Za Hands|100/100|[from] drain|[of] p1a: roxc-bree
|faint|p1a: roxc-bree
|
|-fieldend|move: Trick Room
|upkeep
|
|t:|1781282035
|switch|p1a: Iron Valiant|Iron Valiant|100/100
|turn|19
|
|t:|1781282043
|-terastallize|p2a: Za Hands|Flying
|move|p1a: Iron Valiant|Moonblast|p2a: Za Hands
|-damage|p2a: Za Hands|58/100
|move|p2a: Za Hands|Wild Charge|p1a: Iron Valiant
|-crit|p1a: Iron Valiant
|-damage|p1a: Iron Valiant|0 fnt
|faint|p1a: Iron Valiant
|-end|p1a: Iron Valiant|Quark Drive|[silent]
|-damage|p2a: Za Hands|44/100|[from] Recoil
|
|upkeep
|
|t:|1781282048
|switch|p1a: best treadist|Iron Treads|100/100
|turn|20
|
|t:|1781282050
|-end|p2a: Za Hands|Quark Drive|[silent]
|switch|p2a: Porygon2|Porygon2|51/100
|-damage|p2a: Porygon2|39/100|[from] Spikes
|-ability|p2a: Porygon2|Download|boost
|-boost|p2a: Porygon2|spa|1
|move|p1a: best treadist|Ice Spinner|p2a: Porygon2
|-damage|p2a: Porygon2|21/100
|
|upkeep
|turn|21
|
|t:|1781282056
|move|p1a: best treadist|Earthquake|p2a: Porygon2
|-damage|p2a: Porygon2|0 fnt
|faint|p2a: Porygon2
|
|upkeep
|
|t:|1781282058
|switch|p2a: Za Hands|Iron Hands, tera:Flying|44/100
|turn|22
|
|t:|1781282062
|move|p1a: best treadist|Ice Spinner|p2a: Za Hands
|-supereffective|p2a: Za Hands
|-damage|p2a: Za Hands|6/100
|move|p2a: Za Hands|Drain Punch|p1a: best treadist
|-supereffective|p1a: best treadist
|-damage|p1a: best treadist|35/100
|-heal|p2a: Za Hands|30/100|[from] drain|[of] p1a: best treadist
|
|upkeep
|turn|23
|
|t:|1781282068
|move|p1a: best treadist|Ice Spinner|p2a: Za Hands
|-supereffective|p2a: Za Hands
|-damage|p2a: Za Hands|0 fnt
|faint|p2a: Za Hands
|-end|p2a: Za Hands|Quark Drive|[silent]
|
|win|myree
|raw|myree's rating: 1519 &rarr; <strong>1541</strong><br />(+22 for winning)
|raw|typhoon9's rating: 1556 &rarr; <strong>1534</strong><br />(-22 for losing)
|l|☆typhoon9
|player|p2|
