|j|☆dddriake
|j|☆Negative1stClass
|t:|1781254646
|gametype|singles
|player|p1|dddriake|2|1480
|player|p2|Negative1stClass|hilbert|1540
|gen|9
|tier|[Gen 9] OU
|rated|
|rule|HP Percentage Mod: HP is shown in percentages
|rule|Endless Battle Clause: Forcing endless battles is banned
|rule|Species Clause: Limit one of each Pokémon
|rule|OHKO Clause: OHKO moves are banned
|rule|Evasion Items Clause: Evasion items are banned
|rule|Evasion Moves Clause: Evasion moves are banned
|rule|Evasion Abilities Clause: Evasion abilities are banned
|rule|Sleep Moves Clause: Sleep-inducing moves are banned
|clearpoke
|poke|p1|Slowking-Galar, F|
|poke|p1|Great Tusk|
|poke|p1|Kyurem|
|poke|p1|Kingambit, M|
|poke|p1|Cinderace, F|
|poke|p1|Zapdos|
|poke|p2|Pelipper, M|
|poke|p2|Raging Bolt|
|poke|p2|Overqwil, F|
|poke|p2|Barraskewda, F|
|poke|p2|Iron Treads|
|poke|p2|Azelf|
|teampreview
|inactive|Battle timer is ON: inactive players will automatically lose when time's up. (requested by Negative1stClass)
|
|t:|1781254653
|teamsize|p1|6
|teamsize|p2|6
|start
|switch|p1a: Great Tusk|Great Tusk|100/100
|switch|p2a: Iron Treads|Iron Treads|100/100
|-enditem|p2a: Iron Treads|Booster Energy
|-activate|p2a: Iron Treads|ability: Quark Drive|[fromitem]
|-start|p2a: Iron Treads|quarkdrivespe
|turn|1
|
|t:|1781254661
|-end|p2a: Iron Treads|Quark Drive|[silent]
|switch|p2a: Pelipper|Pelipper, M|100/100
|-weather|RainDance|[from] ability: Drizzle|[of] p2a: Pelipper
|move|p1a: Great Tusk|Headlong Rush|p2a: Pelipper
|-immune|p2a: Pelipper
|
|-weather|RainDance|[upkeep]
|upkeep
|turn|2
|
|t:|1781254665
|-end|p1a: Great Tusk|Protosynthesis|[silent]
|switch|p1a: Zapdos|Zapdos, shiny|100/100
|move|p2a: Pelipper|U-turn|p1a: Zapdos
|-resisted|p1a: Zapdos
|-damage|p1a: Zapdos|97/100
|
|t:|1781254675
|switch|p2a: Raging Bolt|Raging Bolt|100/100|[from] U-turn
|-enditem|p2a: Raging Bolt|Booster Energy
|-activate|p2a: Raging Bolt|ability: Protosynthesis|[fromitem]
|-start|p2a: Raging Bolt|protosynthesisspa
|
|-weather|RainDance|[upkeep]
|upkeep
|turn|3
|
|t:|1781254677
|move|p1a: Zapdos|Volt Switch|p2a: Raging Bolt
|-resisted|p2a: Raging Bolt
|-crit|p2a: Raging Bolt
|-damage|p2a: Raging Bolt|91/100
|
|t:|1781254680
|switch|p1a: Great Tusk|Great Tusk|100/100|[from] Volt Switch
|move|p2a: Raging Bolt|Thunder|p1a: Great Tusk
|-immune|p1a: Great Tusk
|
|-weather|RainDance|[upkeep]
|upkeep
|turn|4
|
|t:|1781254683
|-terastallize|p2a: Raging Bolt|Fairy
|move|p1a: Great Tusk|Headlong Rush|p2a: Raging Bolt
|-damage|p2a: Raging Bolt|42/100
|-unboost|p1a: Great Tusk|def|1
|-unboost|p1a: Great Tusk|spd|1
|move|p2a: Raging Bolt|Weather Ball|p1a: Great Tusk
|-supereffective|p1a: Great Tusk
|-damage|p1a: Great Tusk|0 fnt
|faint|p1a: Great Tusk
|-end|p1a: Great Tusk|Protosynthesis|[silent]
|
|-weather|RainDance|[upkeep]
|upkeep
|
|t:|1781254693
|switch|p1a: Kyurem|Kyurem|100/100
|-ability|p1a: Kyurem|Pressure
|turn|5
|
|t:|1781254699
|-end|p2a: Raging Bolt|Protosynthesis|[silent]
|switch|p2a: Iron Treads|Iron Treads|100/100
|move|p1a: Kyurem|Ice Beam|p2a: Iron Treads
|-damage|p2a: Iron Treads|4/100
|
|-weather|RainDance|[upkeep]
|upkeep
|turn|6
|
|t:|1781254706
|switch|p1a: Cinderace|Cinderace, F|100/100
|move|p2a: Iron Treads|Stealth Rock|p1a: Cinderace
|-sidestart|p1: dddriake|move: Stealth Rock
|
|-weather|RainDance|[upkeep]
|upkeep
|turn|7
|
|t:|1781254710
|move|p1a: Cinderace|U-turn|p2a: Iron Treads
|-resisted|p2a: Iron Treads
|-damage|p2a: Iron Treads|0 fnt
|faint|p2a: Iron Treads
|-end|p2a: Iron Treads|Quark Drive|[silent]
|
|t:|1781254718
|switch|p1a: Kingambit|Kingambit, M|100/100|[from] U-turn
|-damage|p1a: Kingambit|94/100|[from] Stealth Rock
|-activate|p1a: Kingambit|ability: Supreme Overlord
|-start|p1a: Kingambit|fallen1|[silent]
|
|-weather|RainDance|[upkeep]
|-heal|p1a: Kingambit|100/100|[from] item: Leftovers
|upkeep
|
|t:|1781254723
|switch|p2a: Barraskewda|Barraskewda, F|100/100
|turn|8
|
|t:|1781254727
|move|p1a: Kingambit|Sucker Punch|p2a: Barraskewda
|-damage|p2a: Barraskewda|14/100
|move|p2a: Barraskewda|Liquidation|p1a: Kingambit
|-damage|p1a: Kingambit|21/100
|
|-weather|none
|-heal|p1a: Kingambit|27/100|[from] item: Leftovers
|upkeep
|turn|9
|
|t:|1781254736
|switch|p2a: Raging Bolt|Raging Bolt, tera:Fairy|42/100
|-end|p1a: Kingambit|fallen1|[silent]
|switch|p1a: Kyurem|Kyurem|100/100
|-damage|p1a: Kyurem|76/100|[from] Stealth Rock
|-ability|p1a: Kyurem|Pressure
|
|upkeep
|turn|10
|
|t:|1781254739
|move|p1a: Kyurem|Ice Beam|p2a: Raging Bolt
|-damage|p2a: Raging Bolt|0 fnt
|faint|p2a: Raging Bolt
|-end|p2a: Raging Bolt|Protosynthesis|[silent]
|
|upkeep
|
|t:|1781254741
|switch|p2a: Pelipper|Pelipper, M|100/100
|-weather|RainDance|[from] ability: Drizzle|[of] p2a: Pelipper
|turn|11
|
|t:|1781254745
|move|p1a: Kyurem|Ice Beam|p2a: Pelipper
|-damage|p2a: Pelipper|8/100
|move|p2a: Pelipper|U-turn|p1a: Kyurem
|-damage|p1a: Kyurem|67/100
|
|t:|1781254749
|switch|p2a: Overqwil|Overqwil, F|100/100|[from] U-turn
|
|-weather|RainDance|[upkeep]
|upkeep
|turn|12
|
|t:|1781254754
|move|p2a: Overqwil|Gunk Shot|p1a: Kyurem
|-damage|p1a: Kyurem|0 fnt
|faint|p1a: Kyurem
|-damage|p2a: Overqwil|91/100|[from] item: Life Orb
|
|-weather|RainDance|[upkeep]
|upkeep
|
|t:|1781254758
|switch|p1a: Zapdos|Zapdos, shiny|97/100
|turn|13
|
|t:|1781254765
|move|p2a: Overqwil|Liquidation|p1a: Zapdos
|-damage|p1a: Zapdos|55/100
|-status|p2a: Overqwil|par|[from] ability: Static|[of] p1a: Zapdos
|-damage|p2a: Overqwil|81/100 par|[from] item: Life Orb
|move|p1a: Zapdos|Thunder Wave|p2a: Overqwil
|-fail|p2a: Overqwil|par
|
|-weather|RainDance|[upkeep]
|upkeep
|turn|14
|
|t:|1781254768
|move|p2a: Overqwil|Gunk Shot|p1a: Zapdos
|-damage|p1a: Zapdos|1/100
|-damage|p2a: Overqwil|71/100 par|[from] item: Life Orb
|move|p1a: Zapdos|Roost|p1a: Zapdos
|-heal|p1a: Zapdos|51/100
|-singleturn|p1a: Zapdos|move: Roost
|
|-weather|RainDance|[upkeep]
|upkeep
|turn|15
|
|t:|1781254773
|move|p2a: Overqwil|Swords Dance|p2a: Overqwil
|-boost|p2a: Overqwil|atk|2
|move|p1a: Zapdos|Roost|p1a: Zapdos
|-heal|p1a: Zapdos|100/100
|-singleturn|p1a: Zapdos|move: Roost
|
|-weather|RainDance|[upkeep]
|upkeep
|turn|16
|
|t:|1781254776
|move|p2a: Overqwil|Gunk Shot|p1a: Zapdos
|-damage|p1a: Zapdos|0 fnt
|faint|p1a: Zapdos
|-damage|p2a: Overqwil|62/100 par|[from] item: Life Orb
|
|-weather|RainDance|[upkeep]
|upkeep
|
|t:|1781254781
|switch|p1a: Kingambit|Kingambit, M|27/100
|-damage|p1a: Kingambit|21/100|[from] Stealth Rock
|-activate|p1a: Kingambit|ability: Supreme Overlord
|-start|p1a: Kingambit|fallen3|[silent]
|turn|17
|
|t:|1781254785
|move|p1a: Kingambit|Sucker Punch|p2a: Overqwil
|-resisted|p2a: Overqwil
|-damage|p2a: Overqwil|32/100 par
|move|p2a: Overqwil|Liquidation|p1a: Kingambit
|-damage|p1a: Kingambit|0 fnt
|faint|p1a: Kingambit
|-end|p1a: Kingambit|fallen3|[silent]
|-damage|p2a: Overqwil|23/100 par|[from] item: Life Orb
|
|-weather|RainDance|[upkeep]
|upkeep
|
|t:|1781254789
|switch|p1a: Cinderace|Cinderace, F|100/100
|turn|18
|
|t:|1781254792
|switch|p2a: Barraskewda|Barraskewda, F|14/100
|move|p1a: Cinderace|Pyro Ball|p2a: Barraskewda
|-resisted|p2a: Barraskewda
|-damage|p2a: Barraskewda|0 fnt
|faint|p2a: Barraskewda
|
|-weather|none
|upkeep
|
|t:|1781254795
|switch|p2a: Pelipper|Pelipper, M|8/100
|-weather|RainDance|[from] ability: Drizzle|[of] p2a: Pelipper
|turn|19
|
|t:|1781254803
|switch|p1a: Slowking|Slowking-Galar, F|100/100
|-damage|p1a: Slowking|88/100|[from] Stealth Rock
|move|p2a: Pelipper|Weather Ball|p1a: Slowking
|-damage|p1a: Slowking|59/100
|
|-weather|RainDance|[upkeep]
|upkeep
|turn|20
|
|t:|1781254805
|move|p2a: Pelipper|Hurricane|p1a: Slowking
|-damage|p1a: Slowking|36/100
|-prepare|p1a: Slowking|Chilly Reception|[premajor]
|move|p1a: Slowking|Chilly Reception|p1a: Slowking
|-weather|Snowscape
|
|t:|1781254807
|switch|p1a: Cinderace|Cinderace, F|100/100|[from] Chilly Reception
|
|-weather|Snowscape|[upkeep]
|upkeep
|turn|21
|
|t:|1781254817
|switch|p2a: Overqwil|Overqwil, F|23/100 par
|move|p1a: Cinderace|Court Change|p1a: Cinderace
|-swapsideconditions
|-activate|p1a: Cinderace|move: Court Change
|
|-weather|Snowscape|[upkeep]
|upkeep
|turn|22
|
|t:|1781254821
|move|p1a: Cinderace|Pyro Ball|p2a: Overqwil
|-damage|p2a: Overqwil|0 fnt
|faint|p2a: Overqwil
|
|-weather|Snowscape|[upkeep]
|upkeep
|
|t:|1781254824
|switch|p2a: Pelipper|Pelipper, M|8/100
|-damage|p2a: Pelipper|0 fnt|[from] Stealth Rock
|faint|p2a: Pelipper
|
|t:|1781254827
|switch|p2a: Azelf|Azelf|100/100
|-damage|p2a: Azelf|88/100|[from] Stealth Rock
|turn|23
|
|t:|1781254829
|move|p1a: Cinderace|Pyro Ball|p2a: Azelf
|-damage|p2a: Azelf|6/100
|move|p2a: Azelf|Thunder|p1a: Cinderace|[miss]
|-miss|p2a: Azelf|p1a: Cinderace
|
|-weather|Snowscape|[upkeep]
|upkeep
|turn|24
|-message|Negative1stClass forfeited.
|
|win|dddriake
|raw|dddriake's rating: 1480 &rarr; <strong>1503</strong><br />(+23 for winning)
|raw|Negative1stClass's rating: 1540 &rarr; <strong>1517</strong><br />(-23 for losing)
|l|☆Negative1stClass
|player|p2|
|l|☆dddriake
|player|p1|
