|j|☆CheetosD
|j|☆lolcano46
|t:|1780964554
|gametype|singles
|player|p1|CheetosD|hexmaniac-gen6|1604
|player|p2|lolcano46|fisherman-gen4|1601
|gen|9
|tier|[Gen 9] OU
|rated|
|rule|HP Percentage Mod: HP is shown in percentages
|rule|Endless Battle Clause: Forcing endless battles is banned
|rule|Species Clause: Limit one of each Pokémon
|rule|OHKO Clause: OHKO moves are banned
|rule|Evasion Items Clause: Evasion items are banned
|rule|Evasion Moves Clause: Evasion moves are banned
|rule|Evasion Abilities Clause: Evasion abilities are banned
|rule|Sleep Moves Clause: Sleep-inducing moves are banned
|clearpoke
|poke|p1|Kleavor, F|
|poke|p1|Ogerpon-Wellspring, F|
|poke|p1|Goodra-Hisui, F|
|poke|p1|Weezing-Galar, F|
|poke|p1|Armarouge, M|
|poke|p1|Kingambit, F|
|poke|p2|Azelf|
|poke|p2|Ogerpon-Wellspring, F|
|poke|p2|Scizor, F|
|poke|p2|Gengar, M|
|poke|p2|Raging Bolt|
|poke|p2|Cinderace, M|
|teampreview
|inactive|Battle timer is ON: inactive players will automatically lose when time's up. (requested by lolcano46)
|inactive|CheetosD also wants the timer to be on.
|
|t:|1780964559
|teamsize|p1|6
|teamsize|p2|6
|start
|switch|p1a: Kleavor|Kleavor, F|100/100
|switch|p2a: Gengar|Gengar, M|100/100
|turn|1
|
|t:|1780964567
|move|p2a: Gengar|Shadow Ball|p1a: Kleavor
|-damage|p1a: Kleavor|36/100
|move|p1a: Kleavor|U-turn|p2a: Gengar
|-resisted|p2a: Gengar
|-damage|p2a: Gengar|81/100
|-start|p1a: Kleavor|Disable|U-turn|[from] ability: Cursed Body|[of] p2a: Gengar
|
|t:|1780964574
|switch|p1a: Kingambit|Kingambit, F|100/100|[from] U-turn
|
|upkeep
|turn|2
|
|t:|1780964577
|switch|p2a: Cinderace|Cinderace, M|100/100
|move|p1a: Kingambit|Kowtow Cleave|p2a: Cinderace
|-damage|p2a: Cinderace|33/100
|
|upkeep
|turn|3
|
|t:|1780964584
|-end|p1a: Kingambit|fallenundefined|[silent]
|switch|p1a: Armarouge|Armarouge, M|100/100
|move|p2a: Cinderace|Will-O-Wisp|p1a: Armarouge
|-immune|p1a: Armarouge
|
|upkeep
|turn|4
|
|t:|1780964589
|switch|p2a: Raging Bolt|Raging Bolt|100/100
|-enditem|p2a: Raging Bolt|Booster Energy
|-activate|p2a: Raging Bolt|ability: Protosynthesis|[fromitem]
|-start|p2a: Raging Bolt|protosynthesisspa
|switch|p1a: Weezing|Weezing-Galar, F|100/100
|
|upkeep
|turn|5
|
|t:|1780964595
|switch|p1a: Goodra|Goodra-Hisui, F|100/100
|move|p2a: Raging Bolt|Calm Mind|p2a: Raging Bolt
|-boost|p2a: Raging Bolt|spa|1
|-boost|p2a: Raging Bolt|spd|1
|
|upkeep
|turn|6
|
|t:|1780964598
|-terastallize|p2a: Raging Bolt|Fairy
|move|p2a: Raging Bolt|Dragon Pulse|p1a: Goodra
|-damage|p1a: Goodra|59/100
|move|p1a: Goodra|Earthquake|p2a: Raging Bolt
|-damage|p2a: Raging Bolt|78/100
|
|upkeep
|turn|7
|
|t:|1780964603
|move|p2a: Raging Bolt|Dragon Pulse|p1a: Goodra
|-damage|p1a: Goodra|17/100
|move|p1a: Goodra|Flash Cannon|p2a: Raging Bolt
|-supereffective|p2a: Raging Bolt
|-damage|p2a: Raging Bolt|21/100
|
|upkeep
|turn|8
|
|t:|1780964613
|move|p2a: Raging Bolt|Dragon Pulse|p1a: Goodra
|-damage|p1a: Goodra|0 fnt
|faint|p1a: Goodra
|
|upkeep
|
|t:|1780964626
|switch|p1a: Kingambit|Kingambit, F|100/100
|-activate|p1a: Kingambit|ability: Supreme Overlord
|-start|p1a: Kingambit|fallen1|[silent]
|turn|9
|
|t:|1780964630
|move|p2a: Raging Bolt|Thunderbolt|p1a: Kingambit
|-damage|p1a: Kingambit|0 fnt
|faint|p1a: Kingambit
|-end|p1a: Kingambit|fallen1|[silent]
|
|upkeep
|
|t:|1780964635
|switch|p1a: Armarouge|Armarouge, M|100/100
|turn|10
|
|t:|1780964638
|-terastallize|p1a: Armarouge|Grass
|move|p2a: Raging Bolt|Thunderbolt|p1a: Armarouge
|-resisted|p1a: Armarouge
|-damage|p1a: Armarouge|46/100
|move|p1a: Armarouge|Meteor Beam||[still]
|-prepare|p1a: Armarouge|Meteor Beam
|-boost|p1a: Armarouge|spa|1
|-enditem|p1a: Armarouge|Power Herb
|-anim|p1a: Armarouge|Meteor Beam|p2a: Raging Bolt
|-damage|p2a: Raging Bolt|0 fnt
|faint|p2a: Raging Bolt
|-end|p2a: Raging Bolt|Protosynthesis|[silent]
|
|upkeep
|
|t:|1780964644
|switch|p2a: Azelf|Azelf|100/100
|turn|11
|
|t:|1780964648
|move|p2a: Azelf|Mystical Power|p1a: Armarouge|[miss]
|-miss|p2a: Azelf|p1a: Armarouge
|move|p1a: Armarouge|Armor Cannon|p2a: Azelf
|-damage|p2a: Azelf|0 fnt
|-unboost|p1a: Armarouge|def|1
|-unboost|p1a: Armarouge|spd|1
|faint|p2a: Azelf
|
|upkeep
|
|t:|1780964652
|switch|p2a: Gengar|Gengar, M|81/100
|turn|12
|
|t:|1780964660
|move|p2a: Gengar|Sludge Bomb|p1a: Armarouge
|-supereffective|p1a: Armarouge
|-damage|p1a: Armarouge|0 fnt
|faint|p1a: Armarouge
|
|upkeep
|
|t:|1780964664
|switch|p1a: Kleavor|Kleavor, F|36/100
|turn|13
|
|t:|1780964666
|move|p2a: Gengar|Sludge Bomb|p1a: Kleavor
|-resisted|p1a: Kleavor
|-damage|p1a: Kleavor|0 fnt
|faint|p1a: Kleavor
|
|upkeep
|
|t:|1780964673
|switch|p1a: Ogerpon|Ogerpon-Wellspring, F|100/100
|turn|14
|
|t:|1780964675
|move|p2a: Gengar|Sludge Bomb|p1a: Ogerpon
|-supereffective|p1a: Ogerpon
|-damage|p1a: Ogerpon|0 fnt
|faint|p1a: Ogerpon
|
|upkeep
|-message|CheetosD forfeited.
|
|win|lolcano46
|raw|CheetosD's rating: 1604 &rarr; <strong>1584</strong><br />(-20 for losing)
|raw|lolcano46's rating: 1601 &rarr; <strong>1621</strong><br />(+20 for winning)
|l|☆CheetosD
|player|p1|
|l|☆lolcano46
|player|p2|
