|j|☆myree
|j|☆rrbrru
|t:|1781534993
|gametype|singles
|player|p1|myree|benga|1685
|player|p2|rrbrru|266|1591
|gen|9
|tier|[Gen 9] OU
|rated|
|rule|HP Percentage Mod: HP is shown in percentages
|rule|Endless Battle Clause: Forcing endless battles is banned
|rule|Species Clause: Limit one of each Pokémon
|rule|OHKO Clause: OHKO moves are banned
|rule|Evasion Items Clause: Evasion items are banned
|rule|Evasion Moves Clause: Evasion moves are banned
|rule|Evasion Abilities Clause: Evasion abilities are banned
|rule|Sleep Moves Clause: Sleep-inducing moves are banned
|clearpoke
|poke|p1|Tinkaton, F|
|poke|p1|Slither Wing|
|poke|p1|Glimmora, F|
|poke|p1|Iron Hands|
|poke|p1|Wo-Chien|
|poke|p1|Okidogi, M|
|poke|p2|Tyranitar, F|
|poke|p2|Excadrill, F|
|poke|p2|Hydrapple, F|
|poke|p2|Tornadus-Therian, M|
|poke|p2|Alomomola, M|
|poke|p2|Houndstone, F|
|teampreview
|
|t:|1781535007
|teamsize|p1|6
|teamsize|p2|6
|start
|switch|p1a: st. jay g. saturn|Slither Wing|100/100
|switch|p2a: Crocodile|Tyranitar, F|100/100
|-weather|Sandstorm|[from] ability: Sand Stream|[of] p2a: Crocodile
|turn|1
|j| lowladderubersnoob
|
|t:|1781535018
|switch|p2a: Marco|Tornadus-Therian, M|100/100
|move|p1a: st. jay g. saturn|Will-O-Wisp|p2a: Marco
|-status|p2a: Marco|brn
|
|-weather|Sandstorm|[upkeep]
|-damage|p2a: Marco|94/100 brn|[from] Sandstorm
|-damage|p1a: st. jay g. saturn|94/100|[from] Sandstorm
|-damage|p2a: Marco|88/100 brn|[from] brn
|upkeep
|turn|2
|
|t:|1781535025
|-end|p1a: st. jay g. saturn|Protosynthesis|[silent]
|switch|p1a: Glimmora|Glimmora, F|100/100
|move|p2a: Marco|Knock Off|p1a: Glimmora
|-damage|p1a: Glimmora|90/100
|-damage|p2a: Marco|72/100 brn|[from] item: Rocky Helmet|[of] p1a: Glimmora
|-activate|p1a: Glimmora|ability: Toxic Debris
|-sidestart|p2: rrbrru|move: Toxic Spikes
|-enditem|p1a: Glimmora|Rocky Helmet|[from] move: Knock Off|[of] p2a: Marco
|
|-weather|Sandstorm|[upkeep]
|-damage|p2a: Marco|65/100 brn|[from] Sandstorm
|-damage|p2a: Marco|59/100 brn|[from] brn
|upkeep
|turn|3
|
|t:|1781535037
|move|p2a: Marco|U-turn|p1a: Glimmora
|-resisted|p1a: Glimmora
|-damage|p1a: Glimmora|86/100
|-activate|p1a: Glimmora|ability: Toxic Debris
|-sidestart|p2: rrbrru|move: Toxic Spikes
|
|t:|1781535039
|switch|p2a: Mr. 1|Excadrill, F|100/100|[from] U-turn
|move|p1a: Glimmora|Earth Power|p2a: Mr. 1
|-supereffective|p2a: Mr. 1
|-damage|p2a: Mr. 1|26/100
|
|-weather|Sandstorm|[upkeep]
|-heal|p2a: Mr. 1|32/100|[from] item: Leftovers
|upkeep
|turn|4
|
|t:|1781535055
|switch|p2a: Ryuma|Houndstone, F|100/100
|-status|p2a: Ryuma|tox
|move|p1a: Glimmora|Spiky Shield||[still]
|-fail|p1a: Glimmora
|
|-weather|Sandstorm|[upkeep]
|-damage|p2a: Ryuma|95/100 tox|[from] psn
|upkeep
|turn|5
|
|t:|1781535063
|move|p1a: Glimmora|Spiky Shield|p1a: Glimmora
|-singleturn|p1a: Glimmora|move: Protect
|move|p2a: Ryuma|Trick|p1a: Glimmora
|-activate|p1a: Glimmora|move: Protect
|
|-weather|none
|-damage|p2a: Ryuma|83/100 tox|[from] psn
|upkeep
|turn|6
|
|t:|1781535089
|switch|p1a: st. jay g. saturn|Slither Wing|94/100
|move|p2a: Ryuma|Trick|p1a: st. jay g. saturn
|-activate|p2a: Ryuma|move: Trick|[of] p1a: st. jay g. saturn
|-item|p1a: st. jay g. saturn|Choice Band|[from] move: Trick
|-item|p2a: Ryuma|Heavy-Duty Boots|[from] move: Trick
|
|-damage|p2a: Ryuma|65/100 tox|[from] psn
|upkeep
|turn|7
|
|t:|1781535102
|-end|p1a: st. jay g. saturn|Protosynthesis|[silent]
|switch|p1a: chef pzn.|Okidogi, M|100/100
|move|p2a: Ryuma|Destiny Bond|p2a: Ryuma
|-singlemove|p2a: Ryuma|Destiny Bond
|
|-damage|p2a: Ryuma|41/100 tox|[from] psn
|upkeep
|turn|8
|
|t:|1781535113
|switch|p1a: monk-ee d. garp|Iron Hands|100/100
|move|p2a: Ryuma|Will-O-Wisp|p1a: monk-ee d. garp|[miss]
|-miss|p2a: Ryuma|p1a: monk-ee d. garp
|
|-damage|p2a: Ryuma|11/100 tox|[from] psn
|upkeep
|turn|9
|
|t:|1781535121
|-end|p1a: monk-ee d. garp|Quark Drive|[silent]
|switch|p1a: Glimmora|Glimmora, F|86/100
|move|p2a: Ryuma|Will-O-Wisp|p1a: Glimmora
|-status|p1a: Glimmora|brn
|
|-damage|p2a: Ryuma|0 fnt|[from] psn
|faint|p2a: Ryuma
|-damage|p1a: Glimmora|80/100 brn|[from] brn
|upkeep
|
|t:|1781535130
|switch|p2a: Big Mom|Alomomola, M|100/100
|turn|10
|
|t:|1781535137
|switch|p1a: meethewoo|Wo-Chien|100/100
|-ability|p1a: meethewoo|Tablets of Ruin
|move|p2a: Big Mom|Wish|p2a: Big Mom
|
|upkeep
|turn|11
|
|t:|1781535142
|move|p1a: meethewoo|Knock Off|p2a: Big Mom
|-damage|p2a: Big Mom|84/100
|-enditem|p2a: Big Mom|Heavy-Duty Boots|[from] move: Knock Off|[of] p1a: meethewoo
|move|p2a: Big Mom|Flip Turn|p1a: meethewoo
|-resisted|p1a: meethewoo
|-damage|p1a: meethewoo|95/100
|
|t:|1781535145
|switch|p2a: Mr. 1|Excadrill, F|32/100|[from] Flip Turn
|
|-heal|p2a: Mr. 1|98/100|[from] move: Wish|[wisher] Big Mom
|-heal|p2a: Mr. 1|100/100|[from] item: Leftovers
|-heal|p1a: meethewoo|100/100|[from] item: Leftovers
|upkeep
|turn|12
|
|t:|1781535157
|move|p2a: Mr. 1|Rapid Spin|p1a: meethewoo
|-damage|p1a: meethewoo|86/100
|-boost|p2a: Mr. 1|spe|1
|-sideend|p2: rrbrru|Toxic Spikes|[from] move: Rapid Spin|[of] p2a: Mr. 1
|move|p1a: meethewoo|Ruination|p2a: Mr. 1
|-damage|p2a: Mr. 1|51/100
|
|-heal|p2a: Mr. 1|57/100|[from] item: Leftovers
|-heal|p1a: meethewoo|92/100|[from] item: Leftovers
|upkeep
|turn|13
|
|t:|1781535167
|switch|p2a: Crocodile|Tyranitar, F|100/100
|-weather|Sandstorm|[from] ability: Sand Stream|[of] p2a: Crocodile
|move|p1a: meethewoo|Leech Seed|p2a: Crocodile
|-start|p2a: Crocodile|move: Leech Seed
|
|-weather|Sandstorm|[upkeep]
|-damage|p1a: meethewoo|86/100|[from] Sandstorm
|-heal|p1a: meethewoo|92/100|[from] item: Leftovers
|-damage|p2a: Crocodile|88/100|[from] Leech Seed|[of] p1a: meethewoo
|-heal|p1a: meethewoo|100/100|[silent]
|upkeep
|turn|14
|
|t:|1781535172
|move|p1a: meethewoo|Ruination|p2a: Crocodile
|-damage|p2a: Crocodile|44/100
|move|p2a: Crocodile|Stealth Rock|p1a: meethewoo
|-sidestart|p1: myree|move: Stealth Rock
|
|-weather|Sandstorm|[upkeep]
|-damage|p1a: meethewoo|94/100|[from] Sandstorm
|-heal|p1a: meethewoo|100/100|[from] item: Leftovers
|-heal|p2a: Crocodile|51/100|[from] item: Leftovers
|-damage|p2a: Crocodile|38/100|[from] Leech Seed|[of] p1a: meethewoo
|upkeep
|turn|15
|
|t:|1781535180
|switch|p2a: Marco|Tornadus-Therian, M|93/100 brn
|move|p1a: meethewoo|Ruination|p2a: Marco
|-damage|p2a: Marco|47/100 brn
|
|-weather|Sandstorm|[upkeep]
|-damage|p2a: Marco|41/100 brn|[from] Sandstorm
|-damage|p1a: meethewoo|94/100|[from] Sandstorm
|-heal|p1a: meethewoo|100/100|[from] item: Leftovers
|-damage|p2a: Marco|34/100 brn|[from] brn
|upkeep
|turn|16
|
|t:|1781535187
|move|p2a: Marco|Bleakwind Storm|p1a: meethewoo
|-supereffective|p1a: meethewoo
|-damage|p1a: meethewoo|59/100
|-unboost|p1a: meethewoo|spe|1
|move|p1a: meethewoo|Ruination|p2a: Marco
|-damage|p2a: Marco|18/100 brn
|
|-weather|Sandstorm|[upkeep]
|-damage|p2a: Marco|11/100 brn|[from] Sandstorm
|-damage|p1a: meethewoo|53/100|[from] Sandstorm
|-heal|p1a: meethewoo|59/100|[from] item: Leftovers
|-damage|p2a: Marco|5/100 brn|[from] brn
|upkeep
|turn|17
|l| lowladderubersnoob
|
|t:|1781535192
|move|p1a: meethewoo|Protect|p1a: meethewoo
|-singleturn|p1a: meethewoo|Protect
|move|p2a: Marco|U-turn|p1a: meethewoo
|-activate|p1a: meethewoo|move: Protect
|
|-weather|none
|-heal|p1a: meethewoo|65/100|[from] item: Leftovers
|-damage|p2a: Marco|0 fnt|[from] brn
|faint|p2a: Marco
|upkeep
|
|t:|1781535196
|switch|p2a: Queen|Hydrapple, F|100/100
|turn|18
|
|t:|1781535211
|move|p2a: Queen|Nasty Plot|p2a: Queen
|-boost|p2a: Queen|spa|2
|move|p1a: meethewoo|Ruination|p2a: Queen
|-damage|p2a: Queen|51/100
|
|-heal|p1a: meethewoo|71/100|[from] item: Leftovers
|upkeep
|turn|19
|
|t:|1781535216
|switch|p1a: ms. giving|Tinkaton, F|100/100
|-damage|p1a: ms. giving|94/100|[from] Stealth Rock
|-ability|p1a: ms. giving|Mold Breaker
|-item|p1a: ms. giving|Air Balloon
|move|p2a: Queen|Draco Meteor|p1a: ms. giving
|-immune|p1a: ms. giving
|
|upkeep
|turn|20
|
|t:|1781535224
|switch|p2a: Crocodile|Tyranitar, F|38/100
|-weather|Sandstorm|[from] ability: Sand Stream|[of] p2a: Crocodile
|move|p1a: ms. giving|Encore||[still]
|-fail|p1a: ms. giving
|
|-weather|Sandstorm|[upkeep]
|-heal|p2a: Crocodile|44/100|[from] item: Leftovers
|upkeep
|turn|21
|
|t:|1781535231
|switch|p2a: Big Mom|Alomomola, M|100/100
|move|p1a: ms. giving|Gigaton Hammer|p2a: Big Mom
|-resisted|p2a: Big Mom
|-damage|p2a: Big Mom|87/100
|
|-weather|Sandstorm|[upkeep]
|-damage|p2a: Big Mom|81/100|[from] Sandstorm
|upkeep
|turn|22
|
|t:|1781535236
|move|p1a: ms. giving|Thunder Wave|p2a: Big Mom
|-status|p2a: Big Mom|par
|move|p2a: Big Mom|Flip Turn|p1a: ms. giving
|-damage|p1a: ms. giving|75/100
|-enditem|p1a: ms. giving|Air Balloon
|
|t:|1781535240
|switch|p2a: Mr. 1|Excadrill, F|57/100|[from] Flip Turn
|
|-weather|Sandstorm|[upkeep]
|-heal|p2a: Mr. 1|63/100|[from] item: Leftovers
|upkeep
|turn|23
|
|t:|1781535248
|switch|p1a: st. jay g. saturn|Slither Wing|94/100
|-damage|p1a: st. jay g. saturn|82/100|[from] Stealth Rock
|move|p2a: Mr. 1|Earthquake|p1a: st. jay g. saturn
|-resisted|p1a: st. jay g. saturn
|-damage|p1a: st. jay g. saturn|52/100
|
|-weather|Sandstorm|[upkeep]
|-damage|p1a: st. jay g. saturn|46/100|[from] Sandstorm
|-heal|p2a: Mr. 1|69/100|[from] item: Leftovers
|upkeep
|turn|24
|
|t:|1781535254
|move|p2a: Mr. 1|Substitute|p2a: Mr. 1
|-start|p2a: Mr. 1|Substitute
|-damage|p2a: Mr. 1|44/100
|move|p1a: st. jay g. saturn|Close Combat|p2a: Mr. 1
|-supereffective|p2a: Mr. 1
|-end|p2a: Mr. 1|Substitute
|-unboost|p1a: st. jay g. saturn|def|1
|-unboost|p1a: st. jay g. saturn|spd|1
|
|-weather|none
|-heal|p2a: Mr. 1|50/100|[from] item: Leftovers
|upkeep
|turn|25
|
|t:|1781535293
|-end|p1a: st. jay g. saturn|Protosynthesis|[silent]
|switch|p1a: chef pzn.|Okidogi, M|100/100
|-damage|p1a: chef pzn.|94/100|[from] Stealth Rock
|move|p2a: Mr. 1|Substitute|p2a: Mr. 1
|-start|p2a: Mr. 1|Substitute
|-damage|p2a: Mr. 1|25/100
|
|-heal|p2a: Mr. 1|31/100|[from] item: Leftovers
|-heal|p1a: chef pzn.|100/100|[from] item: Leftovers
|upkeep
|turn|26
|
|t:|1781535307
|move|p2a: Mr. 1|Earthquake|p1a: chef pzn.
|-supereffective|p1a: chef pzn.
|-damage|p1a: chef pzn.|30/100
|move|p1a: chef pzn.|High Horsepower|p2a: Mr. 1
|-supereffective|p2a: Mr. 1
|-crit|p2a: Mr. 1
|-end|p2a: Mr. 1|Substitute
|
|-heal|p2a: Mr. 1|37/100|[from] item: Leftovers
|-heal|p1a: chef pzn.|36/100|[from] item: Leftovers
|upkeep
|turn|27
|
|t:|1781535317
|move|p2a: Mr. 1|Earthquake|p1a: chef pzn.
|-supereffective|p1a: chef pzn.
|-damage|p1a: chef pzn.|0 fnt
|faint|p1a: chef pzn.
|
|-heal|p2a: Mr. 1|43/100|[from] item: Leftovers
|upkeep
|
|t:|1781535325
|switch|p1a: monk-ee d. garp|Iron Hands|100/100
|turn|28
|
|t:|1781535336
|-terastallize|p2a: Mr. 1|Ground
|move|p2a: Mr. 1|Earthquake|p1a: monk-ee d. garp
|-supereffective|p1a: monk-ee d. garp
|-damage|p1a: monk-ee d. garp|4/100
|move|p1a: monk-ee d. garp|Drain Punch|p2a: Mr. 1
|-damage|p2a: Mr. 1|0 fnt
|-heal|p1a: monk-ee d. garp|19/100|[from] drain|[of] p2a: Mr. 1
|faint|p2a: Mr. 1
|
|upkeep
|
|t:|1781535343
|switch|p2a: Queen|Hydrapple, F|84/100
|turn|29
|
|t:|1781535347
|move|p1a: monk-ee d. garp|Ice Punch|p2a: Queen
|-supereffective|p2a: Queen
|-damage|p2a: Queen|3/100
|move|p2a: Queen|Giga Drain|p1a: monk-ee d. garp
|-damage|p1a: monk-ee d. garp|0 fnt
|-heal|p2a: Queen|14/100|[from] drain|[of] p1a: monk-ee d. garp
|faint|p1a: monk-ee d. garp
|-end|p1a: monk-ee d. garp|Quark Drive|[silent]
|
|upkeep
|
|t:|1781535374
|switch|p1a: st. jay g. saturn|Slither Wing|46/100
|-damage|p1a: st. jay g. saturn|34/100|[from] Stealth Rock
|turn|30
|
|t:|1781535379
|switch|p2a: Big Mom|Alomomola, M|100/100 par
|move|p1a: st. jay g. saturn|Close Combat|p2a: Big Mom
|-damage|p2a: Big Mom|43/100 par
|-unboost|p1a: st. jay g. saturn|def|1
|-unboost|p1a: st. jay g. saturn|spd|1
|
|upkeep
|turn|31
|
|t:|1781535388
|move|p1a: st. jay g. saturn|Close Combat|p2a: Big Mom
|-crit|p2a: Big Mom
|-damage|p2a: Big Mom|0 fnt
|-unboost|p1a: st. jay g. saturn|def|1
|-unboost|p1a: st. jay g. saturn|spd|1
|faint|p2a: Big Mom
|
|upkeep
|
|t:|1781535390
|switch|p2a: Queen|Hydrapple, F|47/100
|turn|32
|
|t:|1781535396
|move|p1a: st. jay g. saturn|Close Combat|p2a: Queen
|-damage|p2a: Queen|0 fnt
|-unboost|p1a: st. jay g. saturn|def|1
|-unboost|p1a: st. jay g. saturn|spd|1
|faint|p2a: Queen
|
|upkeep
|inactive|Battle timer is ON: inactive players will automatically lose when time's up. (requested by myree)
|-message|rrbrru forfeited.
|
|win|myree
|raw|myree's rating: 1685 &rarr; <strong>1700</strong><br />(+15 for winning)
|raw|rrbrru's rating: 1591 &rarr; <strong>1576</strong><br />(-15 for losing)
|l|☆rrbrru
|player|p2|
