|j|☆Mr.X&Y97
|j|‽zozotown
|t:|1781188212
|gametype|singles
|player|p1|Mr.X&Y97|ingo|1599
|player|p2|zozotown|101|1596
|gen|9
|tier|[Gen 9] OU
|rated|
|rule|HP Percentage Mod: HP is shown in percentages
|rule|Endless Battle Clause: Forcing endless battles is banned
|rule|Species Clause: Limit one of each Pokémon
|rule|OHKO Clause: OHKO moves are banned
|rule|Evasion Items Clause: Evasion items are banned
|rule|Evasion Moves Clause: Evasion moves are banned
|rule|Evasion Abilities Clause: Evasion abilities are banned
|rule|Sleep Moves Clause: Sleep-inducing moves are banned
|clearpoke
|poke|p1|Regieleki|
|poke|p1|Grafaiai, F|
|poke|p1|Corviknight, M|
|poke|p1|Alomomola, M|
|poke|p1|Gliscor, F|
|poke|p1|Zamazenta-*|
|poke|p2|Clodsire, F|
|poke|p2|Alomomola, F|
|poke|p2|Hydrapple, M|
|poke|p2|Meowscarada, M|
|poke|p2|Primarina, F|
|poke|p2|Weezing-Galar, M|
|teampreview
|inactive|Battle timer is ON: inactive players will automatically lose when time's up. (requested by Mr.X&Y97)
|
|t:|1781188225
|teamsize|p1|6
|teamsize|p2|6
|start
|switch|p1a: Regieleki|Regieleki|100/100
|switch|p2a: Meowscarada|Meowscarada, M|100/100
|turn|1
|
|t:|1781188233
|switch|p1a: Corviknight|Corviknight, M|100/100
|-ability|p1a: Corviknight|Pressure
|move|p2a: Meowscarada|Knock Off|p1a: Corviknight
|-start|p2a: Meowscarada|typechange|Dark|[from] ability: Protean
|-damage|p1a: Corviknight|59/100
|-damage|p2a: Meowscarada|84/100|[from] item: Rocky Helmet|[of] p1a: Corviknight
|-enditem|p1a: Corviknight|Rocky Helmet|[from] move: Knock Off|[of] p2a: Meowscarada
|
|upkeep
|turn|2
|
|t:|1781188244
|switch|p2a: Weezing|Weezing-Galar, M|100/100
|-ability|p2a: Weezing|Neutralizing Gas
|move|p1a: Corviknight|Roost|p1a: Corviknight
|-heal|p1a: Corviknight|100/100
|-singleturn|p1a: Corviknight|move: Roost
|
|upkeep
|turn|3
|
|t:|1781188261
|switch|p1a: Grafaiai|Grafaiai, F|100/100
|move|p2a: Weezing|Will-O-Wisp|p1a: Grafaiai|[miss]
|-miss|p2a: Weezing|p1a: Grafaiai
|
|upkeep
|turn|4
|
|t:|1781188269
|move|p1a: Grafaiai|Encore|p2a: Weezing
|-start|p2a: Weezing|Encore
|move|p2a: Weezing|Will-O-Wisp|p1a: Grafaiai|[miss]
|-miss|p2a: Weezing|p1a: Grafaiai
|
|upkeep
|turn|5
|
|t:|1781188282
|switch|p1a: Regieleki|Regieleki|100/100
|move|p2a: Weezing|Will-O-Wisp|p1a: Regieleki
|-status|p1a: Regieleki|brn
|
|-damage|p1a: Regieleki|95/100 brn|[from] brn
|upkeep
|turn|6
|j| newhere1310
|
|t:|1781188288
|switch|p1a: Grafaiai|Grafaiai, F|100/100
|-end|p2a: Weezing|ability: Neutralizing Gas
|switch|p2a: Hydrapple|Hydrapple, M|100/100
|
|upkeep
|turn|7
|
|t:|1781188296
|move|p1a: Grafaiai|Toxic|p2a: Hydrapple
|-status|p2a: Hydrapple|tox
|move|p2a: Hydrapple|Earth Power|p1a: Grafaiai
|-supereffective|p1a: Grafaiai
|-damage|p1a: Grafaiai|0 fnt
|faint|p1a: Grafaiai
|
|-damage|p2a: Hydrapple|94/100 tox|[from] psn
|upkeep
|
|t:|1781188302
|switch|p1a: Gliscor|Gliscor, F|100/100
|turn|8
|
|t:|1781188309
|switch|p2a: Alomomola|Alomomola, F|100/100
|move|p1a: Gliscor|Swords Dance|p1a: Gliscor
|-boost|p1a: Gliscor|atk|2
|
|-status|p1a: Gliscor|tox|[from] item: Toxic Orb
|upkeep
|turn|9
|
|t:|1781188315
|move|p1a: Gliscor|Earthquake|p2a: Alomomola
|-damage|p2a: Alomomola|63/100
|move|p2a: Alomomola|Flip Turn|p1a: Gliscor
|-supereffective|p1a: Gliscor
|-crit|p1a: Gliscor
|-damage|p1a: Gliscor|61/100 tox
|
|t:|1781188326
|switch|p2a: Meowscarada|Meowscarada, M|84/100|[from] Flip Turn
|
|-heal|p1a: Gliscor|74/100 tox|[from] ability: Poison Heal
|upkeep
|turn|10
|
|t:|1781188329
|move|p1a: Gliscor|Protect|p1a: Gliscor
|-singleturn|p1a: Gliscor|Protect
|move|p2a: Meowscarada|Triple Axel|p1a: Gliscor
|-start|p2a: Meowscarada|typechange|Ice|[from] ability: Protean
|-activate|p1a: Gliscor|move: Protect
|
|-heal|p1a: Gliscor|86/100 tox|[from] ability: Poison Heal
|upkeep
|turn|11
|
|t:|1781188336
|switch|p2a: Alomomola|Alomomola, F|96/100
|-terastallize|p1a: Gliscor|Water
|move|p1a: Gliscor|Earthquake|p2a: Alomomola
|-damage|p2a: Alomomola|55/100
|
|-heal|p1a: Gliscor|99/100 tox|[from] ability: Poison Heal
|upkeep
|turn|12
|
|t:|1781188346
|move|p1a: Gliscor|Earthquake|p2a: Alomomola
|-damage|p2a: Alomomola|16/100
|move|p2a: Alomomola|Flip Turn|p1a: Gliscor
|-resisted|p1a: Gliscor
|-damage|p1a: Gliscor|92/100 tox
|
|t:|1781188353
|switch|p2a: Hydrapple|Hydrapple, M|100/100 tox|[from] Flip Turn
|
|-heal|p1a: Gliscor|100/100 tox|[from] ability: Poison Heal
|-damage|p2a: Hydrapple|94/100 tox|[from] psn
|upkeep
|turn|13
|
|t:|1781188361
|move|p1a: Gliscor|Protect|p1a: Gliscor
|-singleturn|p1a: Gliscor|Protect
|move|p2a: Hydrapple|Leaf Storm|p1a: Gliscor
|-activate|p1a: Gliscor|move: Protect
|
|-damage|p2a: Hydrapple|82/100 tox|[from] psn
|upkeep
|turn|14
|
|t:|1781188378
|switch|p1a: Corviknight|Corviknight, M|100/100
|-ability|p1a: Corviknight|Pressure
|move|p2a: Hydrapple|Leaf Storm|p1a: Corviknight|[miss]
|-miss|p2a: Hydrapple|p1a: Corviknight
|
|-damage|p2a: Hydrapple|63/100 tox|[from] psn
|upkeep
|turn|15
|
|t:|1781188386
|switch|p2a: Alomomola|Alomomola, F|50/100
|move|p1a: Corviknight|U-turn|p2a: Alomomola
|-damage|p2a: Alomomola|41/100
|
|t:|1781188392
|switch|p1a: Regieleki|Regieleki|95/100 brn|[from] U-turn
|
|-damage|p1a: Regieleki|89/100 brn|[from] brn
|upkeep
|turn|16
|
|t:|1781188396
|switch|p2a: Hydrapple|Hydrapple, M|96/100 tox
|move|p1a: Regieleki|Swift|p2a: Hydrapple
|-damage|p2a: Hydrapple|73/100 tox
|
|-damage|p2a: Hydrapple|66/100 tox|[from] psn
|-damage|p1a: Regieleki|83/100 brn|[from] brn
|upkeep
|turn|17
|
|t:|1781188403
|switch|p1a: Corviknight|Corviknight, M|100/100
|-ability|p1a: Corviknight|Pressure
|switch|p2a: Alomomola|Alomomola, F|74/100
|
|upkeep
|turn|18
|
|t:|1781188406
|move|p1a: Corviknight|Brave Bird|p2a: Alomomola
|-damage|p2a: Alomomola|52/100
|-damage|p1a: Corviknight|91/100|[from] Recoil
|move|p2a: Alomomola|Flip Turn|p1a: Corviknight
|-damage|p1a: Corviknight|81/100
|
|t:|1781188411
|switch|p2a: Weezing|Weezing-Galar, M|100/100|[from] Flip Turn
|-ability|p2a: Weezing|Neutralizing Gas
|
|upkeep
|turn|19
|
|t:|1781188421
|switch|p1a: Gliscor|Gliscor, F, tera:Water|100/100 tox
|-end|p2a: Weezing|ability: Neutralizing Gas
|switch|p2a: Alomomola|Alomomola, F|85/100
|
|upkeep
|turn|20
|
|t:|1781188429
|move|p1a: Gliscor|Swords Dance|p1a: Gliscor
|-boost|p1a: Gliscor|atk|2
|move|p2a: Alomomola|Flip Turn|p1a: Gliscor
|-resisted|p1a: Gliscor
|-crit|p1a: Gliscor
|-damage|p1a: Gliscor|90/100 tox
|
|t:|1781188431
|switch|p2a: Hydrapple|Hydrapple, M|99/100 tox|[from] Flip Turn
|
|-heal|p1a: Gliscor|100/100 tox|[from] ability: Poison Heal
|-damage|p2a: Hydrapple|93/100 tox|[from] psn
|upkeep
|turn|21
|
|t:|1781188435
|move|p1a: Gliscor|Protect|p1a: Gliscor
|-singleturn|p1a: Gliscor|Protect
|move|p2a: Hydrapple|Leaf Storm|p1a: Gliscor
|-activate|p1a: Gliscor|move: Protect
|
|-damage|p2a: Hydrapple|81/100 tox|[from] psn
|upkeep
|turn|22
|
|t:|1781188442
|switch|p1a: Corviknight|Corviknight, M|81/100
|-ability|p1a: Corviknight|Pressure
|switch|p2a: Alomomola|Alomomola, F|100/100
|
|upkeep
|turn|23
|
|t:|1781188449
|move|p1a: Corviknight|U-turn|p2a: Alomomola
|-damage|p2a: Alomomola|91/100
|
|t:|1781188450
|switch|p1a: Gliscor|Gliscor, F, tera:Water|100/100 tox|[from] U-turn
|move|p2a: Alomomola|Flip Turn|p1a: Gliscor
|-resisted|p1a: Gliscor
|-damage|p1a: Gliscor|95/100 tox
|
|t:|1781188457
|switch|p2a: Weezing|Weezing-Galar, M|100/100|[from] Flip Turn
|-ability|p2a: Weezing|Neutralizing Gas
|
|-damage|p1a: Gliscor|88/100 tox|[from] psn
|upkeep
|turn|24
|
|t:|1781188465
|move|p1a: Gliscor|Swords Dance|p1a: Gliscor
|-boost|p1a: Gliscor|atk|2
|move|p2a: Weezing|Strange Steam|p1a: Gliscor
|-damage|p1a: Gliscor|64/100 tox
|-start|p1a: Gliscor|confusion
|
|-damage|p1a: Gliscor|52/100 tox|[from] psn
|upkeep
|turn|25
|
|t:|1781188474
|-end|p2a: Weezing|ability: Neutralizing Gas
|switch|p2a: Alomomola|Alomomola, F|100/100
|-activate|p1a: Gliscor|confusion
|-damage|p1a: Gliscor|38/100 tox|[from] confusion
|
|-heal|p1a: Gliscor|50/100 tox|[from] ability: Poison Heal
|upkeep
|turn|26
|
|t:|1781188482
|-activate|p1a: Gliscor|confusion
|move|p1a: Gliscor|Earthquake|p2a: Alomomola
|-damage|p2a: Alomomola|63/100
|move|p2a: Alomomola|Flip Turn|p1a: Gliscor
|-resisted|p1a: Gliscor
|-damage|p1a: Gliscor|44/100 tox
|
|t:|1781188486
|switch|p2a: Weezing|Weezing-Galar, M|100/100|[from] Flip Turn
|-ability|p2a: Weezing|Neutralizing Gas
|
|-damage|p1a: Gliscor|19/100 tox|[from] psn
|upkeep
|turn|27
|
|t:|1781188511
|switch|p1a: Alomomola|Alomomola, M|100/100
|-end|p2a: Weezing|ability: Neutralizing Gas
|switch|p2a: Alomomola|Alomomola, F|96/100
|
|upkeep
|turn|28
|
|t:|1781188515
|move|p1a: Alomomola|Body Slam|p2a: Alomomola
|-damage|p2a: Alomomola|87/100
|move|p2a: Alomomola|Flip Turn|p1a: Alomomola
|-resisted|p1a: Alomomola
|-damage|p1a: Alomomola|94/100
|
|t:|1781188519
|switch|p2a: Hydrapple|Hydrapple, M|100/100 tox|[from] Flip Turn
|
|-damage|p2a: Hydrapple|94/100 tox|[from] psn
|upkeep
|turn|29
|
|t:|1781188523
|switch|p2a: Weezing|Weezing-Galar, M|100/100
|-ability|p2a: Weezing|Neutralizing Gas
|move|p1a: Alomomola|Mirror Coat||[still]
|-fail|p1a: Alomomola
|
|upkeep
|turn|30
|
|t:|1781188529
|move|p2a: Weezing|Will-O-Wisp|p1a: Alomomola
|-status|p1a: Alomomola|brn
|move|p1a: Alomomola|Body Slam|p2a: Weezing
|-damage|p2a: Weezing|95/100
|-status|p2a: Weezing|par
|
|-heal|p2a: Weezing|100/100 par|[from] item: Leftovers
|-damage|p1a: Alomomola|88/100 brn|[from] brn
|upkeep
|turn|31
|
|t:|1781188536
|-end|p2a: Weezing|ability: Neutralizing Gas
|switch|p2a: Alomomola|Alomomola, F|100/100
|move|p1a: Alomomola|Flip Turn|p2a: Alomomola
|-resisted|p2a: Alomomola
|-damage|p2a: Alomomola|98/100
|
|t:|1781188540
|switch|p1a: Regieleki|Regieleki|83/100 brn|[from] Flip Turn
|
|-damage|p1a: Regieleki|77/100 brn|[from] brn
|upkeep
|turn|32
|l| newhere1310
|
|t:|1781188543
|move|p2a: Alomomola|Protect|p2a: Alomomola
|-singleturn|p2a: Alomomola|Protect
|move|p1a: Regieleki|Volt Switch|p2a: Alomomola
|-activate|p2a: Alomomola|move: Protect
|
|-damage|p1a: Regieleki|71/100 brn|[from] brn
|upkeep
|turn|33
|
|t:|1781188550
|switch|p1a: Gliscor|Gliscor, F, tera:Water|19/100 tox
|switch|p2a: Clodsire|Clodsire, F|100/100
|
|-heal|p1a: Gliscor|31/100 tox|[from] ability: Poison Heal
|upkeep
|turn|34
|
|t:|1781188560
|switch|p2a: Alomomola|Alomomola, F|100/100
|move|p1a: Gliscor|Earthquake|p2a: Alomomola
|-damage|p2a: Alomomola|79/100
|
|-heal|p1a: Gliscor|44/100 tox|[from] ability: Poison Heal
|upkeep
|turn|35
|
|t:|1781188569
|switch|p1a: Alomomola|Alomomola, M|100/100 brn
|move|p2a: Alomomola|Flip Turn|p1a: Alomomola
|-resisted|p1a: Alomomola
|-damage|p1a: Alomomola|95/100 brn
|
|t:|1781188578
|switch|p2a: Meowscarada|Meowscarada, M|84/100|[from] Flip Turn
|
|-damage|p1a: Alomomola|88/100 brn|[from] brn
|upkeep
|turn|36
|
|t:|1781188582
|switch|p1a: Corviknight|Corviknight, M|81/100
|-ability|p1a: Corviknight|Pressure
|move|p2a: Meowscarada|U-turn|p1a: Corviknight
|-start|p2a: Meowscarada|typechange|Bug|[from] ability: Protean
|-resisted|p1a: Corviknight
|-damage|p1a: Corviknight|73/100
|
|t:|1781188598
|switch|p2a: Primarina|Primarina, F|100/100|[from] U-turn
|
|upkeep
|turn|37
|
|t:|1781188603
|switch|p1a: Alomomola|Alomomola, M|100/100 brn
|move|p2a: Primarina|Whirlpool|p1a: Alomomola
|-resisted|p1a: Alomomola
|-damage|p1a: Alomomola|97/100 brn
|-activate|p1a: Alomomola|move: Whirlpool|[of] p2a: Primarina
|
|-damage|p1a: Alomomola|91/100 brn|[from] brn
|-damage|p1a: Alomomola|79/100 brn|[from] move: Whirlpool|[partiallytrapped]
|upkeep
|turn|38
|
|t:|1781188608
|move|p2a: Primarina|Protect|p2a: Primarina
|-singleturn|p2a: Primarina|Protect
|move|p1a: Alomomola|Flip Turn|p2a: Primarina
|-activate|p2a: Primarina|move: Protect
|
|-damage|p1a: Alomomola|72/100 brn|[from] brn
|-damage|p1a: Alomomola|60/100 brn|[from] move: Whirlpool|[partiallytrapped]
|upkeep
|turn|39
|
|t:|1781188610
|move|p2a: Primarina|Moonblast|p1a: Alomomola
|-damage|p1a: Alomomola|39/100 brn
|-unboost|p1a: Alomomola|spa|1
|move|p1a: Alomomola|Flip Turn|p2a: Primarina
|-resisted|p2a: Primarina
|-damage|p2a: Primarina|97/100
|
|t:|1781188613
|switch|p1a: Regieleki|Regieleki|71/100 brn|[from] Flip Turn
|
|-heal|p2a: Primarina|100/100|[from] item: Leftovers
|-damage|p1a: Regieleki|65/100 brn|[from] brn
|upkeep
|turn|40
|
|t:|1781188618
|move|p2a: Primarina|Protect|p2a: Primarina
|-singleturn|p2a: Primarina|Protect
|move|p1a: Regieleki|Thunderbolt|p2a: Primarina
|-activate|p2a: Primarina|move: Protect
|
|-damage|p1a: Regieleki|59/100 brn|[from] brn
|upkeep
|turn|41
|
|t:|1781188624
|switch|p2a: Hydrapple|Hydrapple, M|100/100 tox
|move|p1a: Regieleki|Thunderbolt|p2a: Hydrapple
|-resisted|p2a: Hydrapple
|-damage|p2a: Hydrapple|83/100 tox
|
|-damage|p2a: Hydrapple|77/100 tox|[from] psn
|-damage|p1a: Regieleki|53/100 brn|[from] brn
|upkeep
|turn|42
|
|t:|1781188632
|switch|p1a: Corviknight|Corviknight, M|73/100
|-ability|p1a: Corviknight|Pressure
|move|p2a: Hydrapple|Draco Meteor|p1a: Corviknight
|-resisted|p1a: Corviknight
|-damage|p1a: Corviknight|28/100
|-unboost|p2a: Hydrapple|spa|2
|
|-damage|p2a: Hydrapple|64/100 tox|[from] psn
|upkeep
|turn|43
|
|t:|1781188640
|switch|p2a: Primarina|Primarina, F|100/100
|move|p1a: Corviknight|Roost|p1a: Corviknight
|-heal|p1a: Corviknight|78/100
|-singleturn|p1a: Corviknight|move: Roost
|
|upkeep
|turn|44
|
|t:|1781188647
|move|p1a: Corviknight|Brave Bird|p2a: Primarina
|-damage|p2a: Primarina|67/100
|-damage|p1a: Corviknight|68/100|[from] Recoil
|move|p2a: Primarina|Whirlpool|p1a: Corviknight|[miss]
|-miss|p2a: Primarina|p1a: Corviknight
|
|-heal|p2a: Primarina|74/100|[from] item: Leftovers
|upkeep
|turn|45
|
|t:|1781188652
|move|p2a: Primarina|Protect|p2a: Primarina
|-singleturn|p2a: Primarina|Protect
|move|p1a: Corviknight|Brave Bird|p2a: Primarina
|-activate|p2a: Primarina|move: Protect
|
|-heal|p2a: Primarina|80/100|[from] item: Leftovers
|upkeep
|turn|46
|
|t:|1781188662
|switch|p1a: Alomomola|Alomomola, M|72/100 brn
|switch|p2a: Alomomola|Alomomola, F|100/100
|
|-damage|p1a: Alomomola|66/100 brn|[from] brn
|upkeep
|turn|47
|
|t:|1781188671
|move|p1a: Alomomola|Flip Turn|p2a: Alomomola
|-resisted|p2a: Alomomola
|-damage|p2a: Alomomola|98/100
|
|t:|1781188675
|switch|p1a: Corviknight|Corviknight, M|68/100|[from] Flip Turn
|-ability|p1a: Corviknight|Pressure
|move|p2a: Alomomola|Wish|p2a: Alomomola
|
|upkeep
|turn|48
|j| newhere1310
|
|t:|1781188697
|move|p1a: Corviknight|Roost|p1a: Corviknight
|-heal|p1a: Corviknight|100/100
|-singleturn|p1a: Corviknight|move: Roost
|move|p2a: Alomomola|Flip Turn|p1a: Corviknight
|-damage|p1a: Corviknight|90/100
|l| newhere1310
|
|t:|1781188703
|switch|p2a: Primarina|Primarina, F|80/100|[from] Flip Turn
|
|-heal|p2a: Primarina|100/100|[from] move: Wish|[wisher] Alomomola
|upkeep
|turn|49
|
|t:|1781188708
|move|p1a: Corviknight|U-turn|p2a: Primarina
|-resisted|p2a: Primarina
|-damage|p2a: Primarina|94/100
|
|t:|1781188710
|switch|p1a: Alomomola|Alomomola, M|99/100 brn|[from] U-turn
|move|p2a: Primarina|Whirlpool|p1a: Alomomola
|-resisted|p1a: Alomomola
|-damage|p1a: Alomomola|96/100 brn
|-activate|p1a: Alomomola|move: Whirlpool|[of] p2a: Primarina
|
|-heal|p2a: Primarina|99/100|[from] item: Leftovers
|-damage|p1a: Alomomola|89/100 brn|[from] brn
|-damage|p1a: Alomomola|77/100 brn|[from] move: Whirlpool|[partiallytrapped]
|upkeep
|turn|50
|
|t:|1781188714
|move|p2a: Primarina|Protect|p2a: Primarina
|-singleturn|p2a: Primarina|Protect
|move|p1a: Alomomola|Flip Turn|p2a: Primarina
|-activate|p2a: Primarina|move: Protect
|
|-heal|p2a: Primarina|100/100|[from] item: Leftovers
|-damage|p1a: Alomomola|71/100 brn|[from] brn
|-damage|p1a: Alomomola|59/100 brn|[from] move: Whirlpool|[partiallytrapped]
|upkeep
|turn|51
|
|t:|1781188716
|move|p2a: Primarina|Moonblast|p1a: Alomomola
|-damage|p1a: Alomomola|37/100 brn
|move|p1a: Alomomola|Flip Turn|p2a: Primarina
|-resisted|p2a: Primarina
|-damage|p2a: Primarina|97/100
|
|t:|1781188719
|switch|p1a: Zamazenta|Zamazenta|100/100|[from] Flip Turn
|-ability|p1a: Zamazenta|Dauntless Shield|boost
|-boost|p1a: Zamazenta|def|1
|
|-heal|p2a: Primarina|100/100|[from] item: Leftovers
|upkeep
|turn|52
|
|t:|1781188735
|move|p1a: Zamazenta|Stone Edge|p2a: Primarina
|-damage|p2a: Primarina|53/100
|move|p2a: Primarina|Moonblast|p1a: Zamazenta
|-supereffective|p1a: Zamazenta
|-damage|p1a: Zamazenta|31/100
|
|-heal|p2a: Primarina|59/100|[from] item: Leftovers
|upkeep
|turn|53
|
|t:|1781188740
|move|p2a: Primarina|Protect|p2a: Primarina
|-singleturn|p2a: Primarina|Protect
|move|p1a: Zamazenta|Stone Edge|p2a: Primarina
|-activate|p2a: Primarina|move: Protect
|
|-heal|p2a: Primarina|65/100|[from] item: Leftovers
|upkeep
|turn|54
|
|t:|1781188753
|switch|p1a: Alomomola|Alomomola, M|71/100 brn
|move|p2a: Primarina|Moonblast|p1a: Alomomola
|-damage|p1a: Alomomola|51/100 brn
|
|-heal|p2a: Primarina|71/100|[from] item: Leftovers
|-damage|p1a: Alomomola|45/100 brn|[from] brn
|upkeep
|turn|55
|
|t:|1781188760
|switch|p1a: Corviknight|Corviknight, M|90/100
|-ability|p1a: Corviknight|Pressure
|move|p2a: Primarina|Protect||[still]
|-fail|p2a: Primarina
|
|-heal|p2a: Primarina|77/100|[from] item: Leftovers
|upkeep
|turn|56
|
|t:|1781188764
|move|p1a: Corviknight|U-turn|p2a: Primarina
|-resisted|p2a: Primarina
|-damage|p2a: Primarina|71/100
|
|t:|1781188765
|switch|p1a: Alomomola|Alomomola, M|79/100 brn|[from] U-turn
|move|p2a: Primarina|Whirlpool|p1a: Alomomola
|-resisted|p1a: Alomomola
|-damage|p1a: Alomomola|75/100 brn
|-activate|p1a: Alomomola|move: Whirlpool|[of] p2a: Primarina
|
|-heal|p2a: Primarina|77/100|[from] item: Leftovers
|-damage|p1a: Alomomola|69/100 brn|[from] brn
|-damage|p1a: Alomomola|56/100 brn|[from] move: Whirlpool|[partiallytrapped]
|upkeep
|turn|57
|
|t:|1781188771
|move|p2a: Primarina|Protect|p2a: Primarina
|-singleturn|p2a: Primarina|Protect
|move|p1a: Alomomola|Body Slam|p2a: Primarina
|-activate|p2a: Primarina|move: Protect
|
|-heal|p2a: Primarina|83/100|[from] item: Leftovers
|-damage|p1a: Alomomola|50/100 brn|[from] brn
|-damage|p1a: Alomomola|38/100 brn|[from] move: Whirlpool|[partiallytrapped]
|upkeep
|turn|58
|
|t:|1781188778
|move|p2a: Primarina|Moonblast|p1a: Alomomola
|-damage|p1a: Alomomola|18/100 brn
|move|p1a: Alomomola|Mirror Coat|p2a: Primarina
|-damage|p2a: Primarina|25/100
|
|-heal|p2a: Primarina|31/100|[from] item: Leftovers
|-damage|p1a: Alomomola|12/100 brn|[from] brn
|-damage|p1a: Alomomola|0 fnt|[from] move: Whirlpool|[partiallytrapped]
|faint|p1a: Alomomola
|upkeep
|
|t:|1781188789
|switch|p1a: Zamazenta|Zamazenta|31/100
|turn|59
|
|t:|1781188795
|move|p2a: Primarina|Protect|p2a: Primarina
|-singleturn|p2a: Primarina|Protect
|move|p1a: Zamazenta|Close Combat|p2a: Primarina
|-activate|p2a: Primarina|move: Protect
|
|-heal|p2a: Primarina|37/100|[from] item: Leftovers
|upkeep
|turn|60
|
|t:|1781188799
|move|p1a: Zamazenta|Close Combat|p2a: Primarina
|-resisted|p2a: Primarina
|-damage|p2a: Primarina|0 fnt
|-unboost|p1a: Zamazenta|def|1
|-unboost|p1a: Zamazenta|spd|1
|faint|p2a: Primarina
|
|upkeep
|
|t:|1781188808
|switch|p2a: Weezing|Weezing-Galar, M|100/100 par
|-ability|p2a: Weezing|Neutralizing Gas
|turn|61
|
|t:|1781188817
|switch|p1a: Corviknight|Corviknight, M|90/100
|cant|p2a: Weezing|par
|
|upkeep
|turn|62
|n|‽zozotown|zozotown
|
|t:|1781188831
|move|p1a: Corviknight|U-turn|p2a: Weezing
|-resisted|p2a: Weezing
|-damage|p2a: Weezing|98/100 par
|
|t:|1781188833
|switch|p1a: Regieleki|Regieleki|53/100 brn|[from] U-turn
|move|p2a: Weezing|Will-O-Wisp|p1a: Regieleki
|-fail|p1a: Regieleki|brn
|
|-heal|p2a: Weezing|100/100 par|[from] item: Leftovers
|-damage|p1a: Regieleki|47/100 brn|[from] brn
|upkeep
|turn|63
|
|t:|1781188838
|switch|p1a: Gliscor|Gliscor, F, tera:Water|44/100 tox
|-end|p2a: Weezing|ability: Neutralizing Gas
|switch|p2a: Clodsire|Clodsire, F|100/100
|
|-heal|p1a: Gliscor|56/100 tox|[from] ability: Poison Heal
|upkeep
|turn|64
|
|t:|1781188843
|switch|p2a: Alomomola|Alomomola, F|100/100
|move|p1a: Gliscor|Knock Off|p2a: Alomomola
|-damage|p2a: Alomomola|88/100
|-enditem|p2a: Alomomola|Covert Cloak|[from] move: Knock Off|[of] p1a: Gliscor
|
|-heal|p1a: Gliscor|69/100 tox|[from] ability: Poison Heal
|upkeep
|turn|65
|
|t:|1781188855
|switch|p1a: Corviknight|Corviknight, M|90/100
|-ability|p1a: Corviknight|Pressure
|switch|p2a: Weezing|Weezing-Galar, M|100/100 par
|-ability|p2a: Weezing|Neutralizing Gas
|
|upkeep
|turn|66
|
|t:|1781188880
|move|p1a: Corviknight|Brave Bird|p2a: Weezing
|-damage|p2a: Weezing|72/100 par
|-damage|p1a: Corviknight|82/100|[from] Recoil
|cant|p2a: Weezing|par
|
|-heal|p2a: Weezing|78/100 par|[from] item: Leftovers
|upkeep
|turn|67
|
|t:|1781188886
|move|p1a: Corviknight|U-turn|p2a: Weezing
|-resisted|p2a: Weezing
|-damage|p2a: Weezing|75/100 par
|
|t:|1781188887
|switch|p1a: Regieleki|Regieleki|47/100 brn|[from] U-turn
|cant|p2a: Weezing|par
|
|-heal|p2a: Weezing|81/100 par|[from] item: Leftovers
|-damage|p1a: Regieleki|41/100 brn|[from] brn
|upkeep
|turn|68
|
|t:|1781188894
|-end|p2a: Weezing|ability: Neutralizing Gas
|switch|p2a: Hydrapple|Hydrapple, M|97/100 tox
|move|p1a: Regieleki|Volt Switch|p2a: Hydrapple
|-resisted|p2a: Hydrapple
|-damage|p2a: Hydrapple|84/100 tox
|
|t:|1781188899
|switch|p1a: Gliscor|Gliscor, F, tera:Water|69/100 tox|[from] Volt Switch
|
|-heal|p1a: Gliscor|81/100 tox|[from] ability: Poison Heal
|-damage|p2a: Hydrapple|78/100 tox|[from] psn
|upkeep
|turn|69
|
|t:|1781188901
|switch|p1a: Corviknight|Corviknight, M|82/100
|-ability|p1a: Corviknight|Pressure
|switch|p2a: Weezing|Weezing-Galar, M|81/100 par
|-ability|p2a: Weezing|Neutralizing Gas
|
|-heal|p2a: Weezing|87/100 par|[from] item: Leftovers
|upkeep
|turn|70
|
|t:|1781188911
|move|p1a: Corviknight|U-turn|p2a: Weezing
|-resisted|p2a: Weezing
|-damage|p2a: Weezing|85/100 par
|
|t:|1781188912
|switch|p1a: Gliscor|Gliscor, F, tera:Water|81/100 tox|[from] U-turn
|cant|p2a: Weezing|par
|
|-heal|p2a: Weezing|91/100 par|[from] item: Leftovers
|-damage|p1a: Gliscor|75/100 tox|[from] psn
|upkeep
|turn|71
|
|t:|1781188921
|move|p1a: Gliscor|Knock Off|p2a: Weezing
|-resisted|p2a: Weezing
|-damage|p2a: Weezing|83/100 par
|-enditem|p2a: Weezing|Leftovers|[from] move: Knock Off|[of] p1a: Gliscor
|move|p2a: Weezing|Strange Steam|p1a: Gliscor
|-crit|p1a: Gliscor
|-damage|p1a: Gliscor|35/100 tox
|
|-damage|p1a: Gliscor|22/100 tox|[from] psn
|upkeep
|turn|72
|
|t:|1781188931
|switch|p1a: Corviknight|Corviknight, M|82/100
|move|p2a: Weezing|Will-O-Wisp|p1a: Corviknight
|-status|p1a: Corviknight|brn
|
|-damage|p1a: Corviknight|76/100 brn|[from] brn
|upkeep
|turn|73
|
|t:|1781188937
|move|p1a: Corviknight|U-turn|p2a: Weezing
|-resisted|p2a: Weezing
|-damage|p2a: Weezing|82/100 par
|
|t:|1781188938
|switch|p1a: Regieleki|Regieleki|41/100 brn|[from] U-turn
|cant|p2a: Weezing|par
|
|-damage|p1a: Regieleki|35/100 brn|[from] brn
|upkeep
|turn|74
|
|t:|1781188945
|switch|p1a: Gliscor|Gliscor, F, tera:Water|22/100 tox
|-end|p2a: Weezing|ability: Neutralizing Gas
|switch|p2a: Hydrapple|Hydrapple, M|100/100 tox
|
|-heal|p1a: Gliscor|35/100 tox|[from] ability: Poison Heal
|-damage|p2a: Hydrapple|94/100 tox|[from] psn
|upkeep
|turn|75
|j| newhere1310
|
|t:|1781188950
|switch|p2a: Weezing|Weezing-Galar, M|82/100 par
|-ability|p2a: Weezing|Neutralizing Gas
|move|p1a: Gliscor|Protect||[still]
|-fail|p1a: Gliscor
|
|-damage|p1a: Gliscor|22/100 tox|[from] psn
|upkeep
|turn|76
|
|t:|1781188958
|switch|p1a: Corviknight|Corviknight, M|76/100 brn
|move|p2a: Weezing|Strange Steam|p1a: Corviknight
|-resisted|p1a: Corviknight
|-damage|p1a: Corviknight|61/100 brn
|
|-damage|p1a: Corviknight|55/100 brn|[from] brn
|upkeep
|turn|77
|
|t:|1781188963
|move|p1a: Corviknight|Roost|p1a: Corviknight
|-heal|p1a: Corviknight|100/100 brn
|-singleturn|p1a: Corviknight|move: Roost
|move|p2a: Weezing|Pain Split|p1a: Corviknight
|-sethp|p1a: Corviknight|84/100 brn|[from] move: Pain Split|[silent]
|-sethp|p2a: Weezing|100/100 par|[from] move: Pain Split
|
|-damage|p1a: Corviknight|78/100 brn|[from] brn
|upkeep
|turn|78
|
|t:|1781188968
|move|p1a: Corviknight|Brave Bird|p2a: Weezing
|-damage|p2a: Weezing|87/100 par
|-damage|p1a: Corviknight|74/100 brn|[from] Recoil
|cant|p2a: Weezing|par
|
|-damage|p1a: Corviknight|68/100 brn|[from] brn
|upkeep
|turn|79
|
|t:|1781188972
|move|p1a: Corviknight|Brave Bird|p2a: Weezing
|-damage|p2a: Weezing|74/100 par
|-damage|p1a: Corviknight|64/100 brn|[from] Recoil
|move|p2a: Weezing|Will-O-Wisp|p1a: Corviknight|[miss]
|-miss|p2a: Weezing|p1a: Corviknight
|
|-damage|p1a: Corviknight|58/100 brn|[from] brn
|upkeep
|turn|80
|
|t:|1781188977
|-end|p2a: Weezing|ability: Neutralizing Gas
|-ability|p1a: Corviknight|Pressure
|switch|p2a: Alomomola|Alomomola, F|100/100
|move|p1a: Corviknight|U-turn|p2a: Alomomola
|-damage|p2a: Alomomola|96/100
|
|t:|1781188982
|switch|p1a: Regieleki|Regieleki|35/100 brn|[from] U-turn
|
|-damage|p1a: Regieleki|29/100 brn|[from] brn
|upkeep
|turn|81
|
|t:|1781188987
|move|p2a: Alomomola|Protect|p2a: Alomomola
|-singleturn|p2a: Alomomola|Protect
|move|p1a: Regieleki|Volt Switch|p2a: Alomomola
|-activate|p2a: Alomomola|move: Protect
|
|-damage|p1a: Regieleki|23/100 brn|[from] brn
|upkeep
|turn|82
|
|t:|1781188990
|switch|p2a: Hydrapple|Hydrapple, M|100/100 tox
|move|p1a: Regieleki|Volt Switch|p2a: Hydrapple
|-resisted|p2a: Hydrapple
|-damage|p2a: Hydrapple|88/100 tox
|
|t:|1781188992
|switch|p1a: Zamazenta|Zamazenta|31/100|[from] Volt Switch
|
|-damage|p2a: Hydrapple|81/100 tox|[from] psn
|upkeep
|turn|83
|
|t:|1781189000
|move|p1a: Zamazenta|Close Combat|p2a: Hydrapple
|-damage|p2a: Hydrapple|11/100 tox
|-unboost|p1a: Zamazenta|def|1
|-unboost|p1a: Zamazenta|spd|1
|move|p2a: Hydrapple|Fickle Beam|p1a: Zamazenta
|-damage|p1a: Zamazenta|0 fnt
|faint|p1a: Zamazenta
|
|-damage|p2a: Hydrapple|0 fnt|[from] psn
|faint|p2a: Hydrapple
|upkeep
|
|t:|1781189013
|switch|p1a: Regieleki|Regieleki|23/100 brn
|switch|p2a: Clodsire|Clodsire, F|100/100
|turn|84
|
|t:|1781189018
|move|p1a: Regieleki|Thunderbolt|p2a: Clodsire
|-immune|p2a: Clodsire
|move|p2a: Clodsire|Curse|p2a: Clodsire
|-unboost|p2a: Clodsire|spe|1
|-boost|p2a: Clodsire|atk|1
|-boost|p2a: Clodsire|def|1
|
|-damage|p1a: Regieleki|17/100 brn|[from] brn
|upkeep
|turn|85
|
|t:|1781189024
|switch|p1a: Gliscor|Gliscor, F, tera:Water|22/100 tox
|move|p2a: Clodsire|Curse|p2a: Clodsire
|-unboost|p2a: Clodsire|spe|1
|-boost|p2a: Clodsire|atk|1
|-boost|p2a: Clodsire|def|1
|
|-heal|p1a: Gliscor|35/100 tox|[from] ability: Poison Heal
|upkeep
|turn|86
|
|t:|1781189032
|move|p1a: Gliscor|Earthquake|p2a: Clodsire
|-supereffective|p2a: Clodsire
|-damage|p2a: Clodsire|73/100
|move|p2a: Clodsire|Earthquake|p1a: Gliscor
|-damage|p1a: Gliscor|0 fnt
|faint|p1a: Gliscor
|
|-heal|p2a: Clodsire|79/100|[from] item: Leftovers
|upkeep
|-message|Mr.X&Y97 forfeited.
|
|win|zozotown
|raw|Mr.X&amp;Y97's rating: 1599 &rarr; <strong>1579</strong><br />(-20 for losing)
|raw|zozotown's rating: 1596 &rarr; <strong>1616</strong><br />(+20 for winning)
|l|‽zozotown
|player|p2|
|l|☆Mr.X&Y97
|player|p1|
|l| newhere1310
