|j|☆TwinkleLittleStars
|j|☆blah0blah1blah2
|t:|1781527647
|gametype|singles
|player|p1|TwinkleLittleStars|alec-anime|1567
|player|p2|blah0blah1blah2|colress|1539
|gen|9
|tier|[Gen 9] OU
|rated|
|rule|HP Percentage Mod: HP is shown in percentages
|rule|Endless Battle Clause: Forcing endless battles is banned
|rule|Species Clause: Limit one of each Pokémon
|rule|OHKO Clause: OHKO moves are banned
|rule|Evasion Items Clause: Evasion items are banned
|rule|Evasion Moves Clause: Evasion moves are banned
|rule|Evasion Abilities Clause: Evasion abilities are banned
|rule|Sleep Moves Clause: Sleep-inducing moves are banned
|clearpoke
|poke|p1|Zapdos|
|poke|p1|Slowking-Galar, F|
|poke|p1|Great Tusk|
|poke|p1|Clefable, M|
|poke|p1|Darkrai|
|poke|p1|Samurott-Hisui, F|
|poke|p2|Regidrago|
|poke|p2|Iron Treads|
|poke|p2|Scizor, M|
|poke|p2|Moltres|
|poke|p2|Ogerpon-Wellspring, F|
|poke|p2|Primarina, M|
|teampreview
|inactive|Battle timer is ON: inactive players will automatically lose when time's up. (requested by blah0blah1blah2)
|
|t:|1781527670
|teamsize|p1|6
|teamsize|p2|6
|start
|switch|p1a: Zapdos|Zapdos|100/100
|switch|p2a: Primarina|Primarina, M|100/100
|turn|1
|
|t:|1781527684
|move|p1a: Zapdos|Thunderbolt|p2a: Primarina
|-supereffective|p2a: Primarina
|-damage|p2a: Primarina|21/100
|move|p2a: Primarina|Moonblast|p1a: Zapdos
|-damage|p1a: Zapdos|36/100
|
|upkeep
|turn|2
|
|t:|1781527690
|switch|p1a: Samurott|Samurott-Hisui, F|100/100
|switch|p2a: Iron Treads|Iron Treads|100/100
|
|upkeep
|turn|3
|
|t:|1781527699
|-end|p2a: Iron Treads|Quark Drive|[silent]
|switch|p2a: Scizor|Scizor, M|100/100
|move|p1a: Samurott|Ceaseless Edge|p2a: Scizor
|-damage|p2a: Scizor|51/100
|-sidestart|p2: blah0blah1blah2|Spikes
|
|upkeep
|turn|4
|
|t:|1781527706
|move|p1a: Samurott|Ceaseless Edge|p2a: Scizor
|-damage|p2a: Scizor|3/100
|-sidestart|p2: blah0blah1blah2|Spikes
|move|p2a: Scizor|U-turn|p1a: Samurott
|-supereffective|p1a: Samurott
|-damage|p1a: Samurott|0 fnt
|faint|p1a: Samurott
|
|t:|1781527711
|switch|p2a: Iron Treads|Iron Treads|100/100|[from] U-turn
|-damage|p2a: Iron Treads|84/100|[from] Spikes
|
|upkeep
|
|t:|1781527714
|switch|p1a: Zapdos|Zapdos|36/100
|turn|5
|
|t:|1781527717
|move|p2a: Iron Treads|Rapid Spin|p1a: Zapdos
|-damage|p1a: Zapdos|19/100
|-boost|p2a: Iron Treads|spe|1
|-sideend|p2: blah0blah1blah2|Spikes|[from] move: Rapid Spin|[of] p2a: Iron Treads
|move|p1a: Zapdos|Heat Wave|p2a: Iron Treads
|-supereffective|p2a: Iron Treads
|-damage|p2a: Iron Treads|0 fnt
|faint|p2a: Iron Treads
|-end|p2a: Iron Treads|Quark Drive|[silent]
|
|upkeep
|
|t:|1781527733
|switch|p2a: Scizor|Scizor, M|3/100
|turn|6
|
|t:|1781527740
|switch|p1a: Great Tusk|Great Tusk|100/100
|move|p2a: Scizor|Bullet Punch|p1a: Great Tusk
|-damage|p1a: Great Tusk|76/100
|
|upkeep
|turn|7
|
|t:|1781527744
|switch|p2a: Moltres|Moltres|100/100
|move|p1a: Great Tusk|Knock Off|p2a: Moltres
|-damage|p2a: Moltres|82/100
|-status|p1a: Great Tusk|brn|[from] ability: Flame Body|[of] p2a: Moltres
|-enditem|p2a: Moltres|Heavy-Duty Boots|[from] move: Knock Off|[of] p1a: Great Tusk
|
|-damage|p1a: Great Tusk|70/100 brn|[from] brn
|upkeep
|turn|8
|
|t:|1781527749
|move|p1a: Great Tusk|Knock Off|p2a: Moltres
|-damage|p2a: Moltres|76/100
|move|p2a: Moltres|Flamethrower|p1a: Great Tusk
|-damage|p1a: Great Tusk|17/100 brn
|
|-damage|p1a: Great Tusk|11/100 brn|[from] brn
|upkeep
|turn|9
|
|t:|1781527754
|-end|p1a: Great Tusk|Protosynthesis|[silent]
|switch|p1a: Clefable|Clefable, M|100/100
|move|p2a: Moltres|U-turn|p1a: Clefable
|-resisted|p1a: Clefable
|-damage|p1a: Clefable|95/100
|
|t:|1781527757
|switch|p2a: Scizor|Scizor, M|3/100|[from] U-turn
|
|upkeep
|turn|10
|
|t:|1781527759
|move|p2a: Scizor|Bullet Punch|p1a: Clefable
|-supereffective|p1a: Clefable
|-damage|p1a: Clefable|12/100
|move|p1a: Clefable|Stealth Rock|p2a: Scizor
|-sidestart|p2: blah0blah1blah2|move: Stealth Rock
|
|upkeep
|turn|11
|
|t:|1781527768
|switch|p1a: Great Tusk|Great Tusk|11/100 brn
|move|p2a: Scizor|Bullet Punch|p1a: Great Tusk
|-damage|p1a: Great Tusk|0 fnt
|faint|p1a: Great Tusk
|-end|p1a: Great Tusk|Protosynthesis|[silent]
|
|upkeep
|
|t:|1781527771
|switch|p1a: Slowking|Slowking-Galar, F|100/100
|turn|12
|
|t:|1781527775
|move|p2a: Scizor|Bullet Punch|p1a: Slowking
|-damage|p1a: Slowking|49/100
|move|p1a: Slowking|Ice Beam|p2a: Scizor
|-resisted|p2a: Scizor
|-damage|p2a: Scizor|0 fnt
|faint|p2a: Scizor
|
|upkeep
|
|t:|1781527782
|switch|p2a: Moltres|Moltres|76/100
|-damage|p2a: Moltres|26/100|[from] Stealth Rock
|turn|13
|
|t:|1781527785
|move|p2a: Moltres|Roost|p2a: Moltres
|-heal|p2a: Moltres|76/100
|-singleturn|p2a: Moltres|move: Roost
|move|p1a: Slowking|Sludge Bomb|p2a: Moltres
|-damage|p2a: Moltres|33/100
|-status|p2a: Moltres|psn
|
|-damage|p2a: Moltres|21/100 psn|[from] psn
|upkeep
|turn|14
|
|t:|1781527790
|move|p2a: Moltres|Flamethrower|p1a: Slowking
|-damage|p1a: Slowking|31/100
|move|p1a: Slowking|Future Sight|p2a: Moltres
|-start|p1a: Slowking|move: Future Sight
|
|-damage|p2a: Moltres|8/100 psn|[from] psn
|upkeep
|turn|15
|
|t:|1781527795
|move|p2a: Moltres|Will-O-Wisp|p1a: Slowking
|-status|p1a: Slowking|brn
|move|p1a: Slowking|Sludge Bomb|p2a: Moltres
|-damage|p2a: Moltres|0 fnt
|faint|p2a: Moltres
|
|-damage|p1a: Slowking|25/100 brn|[from] brn
|upkeep
|
|t:|1781527801
|switch|p2a: Primarina|Primarina, M|21/100
|-damage|p2a: Primarina|9/100|[from] Stealth Rock
|turn|16
|
|t:|1781527806
|switch|p1a: Clefable|Clefable, M|12/100
|move|p2a: Primarina|Surf|p1a: Clefable
|-damage|p1a: Clefable|0 fnt
|faint|p1a: Clefable
|
|-end|p2a: Primarina|move: Future Sight
|-crit|p2a: Primarina
|-damage|p2a: Primarina|0 fnt
|faint|p2a: Primarina
|upkeep
|inactive|blah0blah1blah2 has 120 seconds left.
|
|t:|1781527838
|switch|p1a: Slowking|Slowking-Galar, F|58/100 brn
|switch|p2a: Ogerpon|Ogerpon-Wellspring, F|100/100
|-damage|p2a: Ogerpon|88/100|[from] Stealth Rock
|turn|17
|
|t:|1781527848
|-terastallize|p1a: Slowking|Water
|move|p2a: Ogerpon|Ivy Cudgel|p1a: Slowking|[anim] Ivy Cudgel Water
|-resisted|p1a: Slowking
|-damage|p1a: Slowking|22/100 brn
|move|p1a: Slowking|Sludge Bomb|p2a: Ogerpon
|-supereffective|p2a: Ogerpon
|-damage|p2a: Ogerpon|0 fnt
|faint|p2a: Ogerpon
|
|-damage|p1a: Slowking|16/100 brn|[from] brn
|upkeep
|
|t:|1781527851
|switch|p2a: Regidrago|Regidrago|100/100
|-damage|p2a: Regidrago|88/100|[from] Stealth Rock
|turn|18
|
|t:|1781527859
|switch|p1a: Zapdos|Zapdos|19/100
|-terastallize|p2a: Regidrago|Dragon
|move|p2a: Regidrago|Dragon Energy|p1a: Zapdos
|-damage|p1a: Zapdos|0 fnt
|faint|p1a: Zapdos
|
|upkeep
|
|t:|1781527865
|switch|p1a: Darkrai|Darkrai|100/100
|turn|19
|
|t:|1781527868
|move|p2a: Regidrago|Dragon Energy|p1a: Darkrai
|-damage|p1a: Darkrai|0 fnt
|faint|p1a: Darkrai
|
|upkeep
|-message|TwinkleLittleStars forfeited.
|
|win|blah0blah1blah2
|raw|TwinkleLittleStars's rating: 1567 &rarr; <strong>1545</strong><br />(-22 for losing)
|raw|blah0blah1blah2's rating: 1539 &rarr; <strong>1561</strong><br />(+22 for winning)
|l|☆TwinkleLittleStars
|player|p1|
|l|☆blah0blah1blah2
|player|p2|
