|j|☆The real kurt tay
|j|☆LanceStern
|t:|1781068146
|gametype|singles
|player|p1|The real kurt tay|265|1728
|player|p2|LanceStern|brock|1614
|gen|9
|tier|[Gen 9] OU
|rated|
|rule|HP Percentage Mod: HP is shown in percentages
|rule|Endless Battle Clause: Forcing endless battles is banned
|rule|Species Clause: Limit one of each Pokémon
|rule|OHKO Clause: OHKO moves are banned
|rule|Evasion Items Clause: Evasion items are banned
|rule|Evasion Moves Clause: Evasion moves are banned
|rule|Evasion Abilities Clause: Evasion abilities are banned
|rule|Sleep Moves Clause: Sleep-inducing moves are banned
|clearpoke
|poke|p1|Gholdengo|
|poke|p1|Landorus-Therian, M|
|poke|p1|Kingambit, F|
|poke|p1|Cinderace, M|
|poke|p1|Kyurem|
|poke|p1|Deoxys-Speed|
|poke|p2|Deoxys-Speed|
|poke|p2|Iron Moth|
|poke|p2|Samurott-Hisui, M|
|poke|p2|Great Tusk|
|poke|p2|Scizor, F|
|poke|p2|Sinistcha-Masterpiece|
|teampreview
|inactive|Battle timer is ON: inactive players will automatically lose when time's up. (requested by The real kurt tay)
|j| AbrarS
|inactive|LanceStern has 120 seconds left.
|
|t:|1781068236
|teamsize|p1|6
|teamsize|p2|6
|start
|switch|p1a: Cinderace|Cinderace, M|100/100
|switch|p2a: Scizor|Scizor, F|100/100
|turn|1
|
|t:|1781068250
|switch|p2a: Iron Moth|Iron Moth|100/100
|-enditem|p2a: Iron Moth|Booster Energy
|-activate|p2a: Iron Moth|ability: Quark Drive|[fromitem]
|-start|p2a: Iron Moth|quarkdrivespe
|move|p1a: Cinderace|Pyro Ball|p2a: Iron Moth
|-resisted|p2a: Iron Moth
|-damage|p2a: Iron Moth|57/100
|
|upkeep
|turn|2
|
|t:|1781068259
|move|p2a: Iron Moth|Fiery Dance|p1a: Cinderace
|-resisted|p1a: Cinderace
|-damage|p1a: Cinderace|70/100
|-boost|p2a: Iron Moth|spa|1
|move|p1a: Cinderace|U-turn|p2a: Iron Moth
|-start|p1a: Cinderace|typechange|Bug|[from] ability: Libero
|-resisted|p2a: Iron Moth
|-damage|p2a: Iron Moth|45/100
|
|t:|1781068272
|switch|p1a: Kyurem|Kyurem|100/100|[from] U-turn
|-ability|p1a: Kyurem|Pressure
|
|upkeep
|turn|3
|
|t:|1781068276
|move|p2a: Iron Moth|Dazzling Gleam|p1a: Kyurem
|-supereffective|p1a: Kyurem
|-damage|p1a: Kyurem|59/100
|move|p1a: Kyurem|Earth Power|p2a: Iron Moth
|-supereffective|p2a: Iron Moth
|-damage|p2a: Iron Moth|0 fnt
|faint|p2a: Iron Moth
|-end|p2a: Iron Moth|Quark Drive|[silent]
|
|upkeep
|
|t:|1781068283
|switch|p2a: Scizor|Scizor, F|100/100
|turn|4
|
|t:|1781068288
|switch|p1a: Landorus|Landorus-Therian, M|100/100
|-ability|p1a: Landorus|Intimidate|boost
|-unboost|p2a: Scizor|atk|1
|move|p2a: Scizor|U-turn|p1a: Landorus
|-resisted|p1a: Landorus
|-damage|p1a: Landorus|81/100
|-damage|p2a: Scizor|84/100|[from] item: Rocky Helmet|[of] p1a: Landorus
|
|t:|1781068295
|switch|p2a: Deoxys|Deoxys-Speed|100/100|[from] U-turn
|-ability|p2a: Deoxys|Pressure
|
|upkeep
|turn|5
|inactive|The real kurt tay has 120 seconds left.
|
|t:|1781068347
|move|p2a: Deoxys|Ice Beam|p1a: Landorus
|-supereffective|p1a: Landorus
|-damage|p1a: Landorus|0 fnt
|faint|p1a: Landorus
|
|upkeep
|
|t:|1781068351
|switch|p1a: Cinderace|Cinderace, M|70/100
|turn|6
|inactive|LanceStern has 120 seconds left.
|inactive|LanceStern has 90 seconds left.
|
|t:|1781068420
|switch|p2a: Great Tusk|Great Tusk|100/100
|move|p1a: Cinderace|Pyro Ball|p2a: Great Tusk
|-damage|p2a: Great Tusk|66/100
|
|upkeep
|turn|7
|inactive|LanceStern has 90 seconds left.
|
|t:|1781068429
|move|p1a: Cinderace|U-turn|p2a: Great Tusk
|-start|p1a: Cinderace|typechange|Bug|[from] ability: Libero
|-resisted|p2a: Great Tusk
|-damage|p2a: Great Tusk|56/100
|-damage|p1a: Cinderace|53/100|[from] item: Rocky Helmet|[of] p2a: Great Tusk
|
|t:|1781068430
|switch|p1a: Kingambit|Kingambit, F|100/100|[from] U-turn
|-activate|p1a: Kingambit|ability: Supreme Overlord
|-start|p1a: Kingambit|fallen1|[silent]
|-item|p1a: Kingambit|Air Balloon
|move|p2a: Great Tusk|Headlong Rush|p1a: Kingambit
|-immune|p1a: Kingambit
|
|upkeep
|turn|8
|
|t:|1781068437
|move|p2a: Great Tusk|Rapid Spin|p1a: Kingambit
|-resisted|p1a: Kingambit
|-damage|p1a: Kingambit|94/100
|-boost|p2a: Great Tusk|spe|1
|-enditem|p1a: Kingambit|Air Balloon
|move|p1a: Kingambit|Swords Dance|p1a: Kingambit
|-boost|p1a: Kingambit|atk|2
|
|upkeep
|turn|9
|
|t:|1781068446
|-terastallize|p1a: Kingambit|Ghost
|move|p2a: Great Tusk|Headlong Rush|p1a: Kingambit
|-damage|p1a: Kingambit|52/100
|-unboost|p2a: Great Tusk|def|1
|-unboost|p2a: Great Tusk|spd|1
|move|p1a: Kingambit|Iron Head|p2a: Great Tusk
|-damage|p2a: Great Tusk|0 fnt
|-damage|p1a: Kingambit|36/100|[from] item: Rocky Helmet|[of] p2a: Great Tusk
|faint|p2a: Great Tusk
|-end|p2a: Great Tusk|Protosynthesis|[silent]
|
|upkeep
|
|t:|1781068451
|switch|p2a: Samurott|Samurott-Hisui, M|100/100
|turn|10
|
|t:|1781068456
|move|p1a: Kingambit|Sucker Punch|p2a: Samurott
|-resisted|p2a: Samurott
|-damage|p2a: Samurott|39/100
|move|p2a: Samurott|Ceaseless Edge|p1a: Kingambit
|-supereffective|p1a: Kingambit
|-damage|p1a: Kingambit|0 fnt
|-sidestart|p1: The real kurt tay|Spikes
|faint|p1a: Kingambit
|-end|p1a: Kingambit|fallen1|[silent]
|
|upkeep
|j| Vitriso
|
|t:|1781068467
|switch|p1a: Cinderace|Cinderace, M|53/100
|turn|11
|
|t:|1781068470
|move|p1a: Cinderace|U-turn|p2a: Samurott
|-start|p1a: Cinderace|typechange|Bug|[from] ability: Libero
|-supereffective|p2a: Samurott
|-damage|p2a: Samurott|0 fnt
|faint|p2a: Samurott
|
|t:|1781068477
|switch|p1a: Gholdengo|Gholdengo|100/100|[from] U-turn
|-damage|p1a: Gholdengo|88/100|[from] Spikes
|
|upkeep
|
|t:|1781068482
|switch|p2a: Scizor|Scizor, F|84/100
|turn|12
|
|t:|1781068488
|move|p1a: Gholdengo|Shadow Ball|p2a: Scizor
|-damage|p2a: Scizor|33/100
|move|p2a: Scizor|Knock Off|p1a: Gholdengo
|-supereffective|p1a: Gholdengo
|-damage|p1a: Gholdengo|0 fnt
|-enditem|p1a: Gholdengo|Choice Scarf|[from] move: Knock Off|[of] p2a: Scizor
|faint|p1a: Gholdengo
|
|upkeep
|
|t:|1781068491
|switch|p1a: Cinderace|Cinderace, M|53/100
|turn|13
|
|t:|1781068495
|move|p1a: Cinderace|Pyro Ball|p2a: Scizor
|-supereffective|p2a: Scizor
|-damage|p2a: Scizor|0 fnt
|faint|p2a: Scizor
|
|upkeep
|
|t:|1781068503
|switch|p2a: Deoxys|Deoxys-Speed|100/100
|-ability|p2a: Deoxys|Pressure
|turn|14
|
|t:|1781068510
|move|p2a: Deoxys|Psychic|p1a: Cinderace
|-damage|p1a: Cinderace|0 fnt
|faint|p1a: Cinderace
|
|upkeep
|
|t:|1781068513
|switch|p1a: Kyurem|Kyurem|59/100
|-damage|p1a: Kyurem|47/100|[from] Spikes
|-ability|p1a: Kyurem|Pressure
|turn|15
|
|t:|1781068515
|move|p2a: Deoxys|Superpower|p1a: Kyurem
|-supereffective|p1a: Kyurem
|-damage|p1a: Kyurem|0 fnt
|-unboost|p2a: Deoxys|atk|1
|-unboost|p2a: Deoxys|def|1
|faint|p1a: Kyurem
|
|upkeep
|
|t:|1781068518
|switch|p1a: Deoxys|Deoxys-Speed|100/100
|-damage|p1a: Deoxys|88/100|[from] Spikes
|-ability|p1a: Deoxys|Pressure
|turn|16
|
|t:|1781068523
|move|p2a: Deoxys|Ice Beam|p1a: Deoxys
|-damage|p1a: Deoxys|43/100
|move|p1a: Deoxys|Nasty Plot|p1a: Deoxys
|-boost|p1a: Deoxys|spa|2
|
|upkeep
|turn|17
|
|t:|1781068527
|move|p2a: Deoxys|Ice Beam|p1a: Deoxys
|-damage|p1a: Deoxys|0 fnt
|faint|p1a: Deoxys
|
|win|LanceStern
|raw|The real kurt tay's rating: 1728 &rarr; <strong>1702</strong><br />(-26 for losing)
|raw|LanceStern's rating: 1614 &rarr; <strong>1640</strong><br />(+26 for winning)
|l|☆The real kurt tay
|player|p1|
|l| AbrarS
|j|☆The real kurt tay
|player|p1|The real kurt tay|265|
