|j|☆COLFOFLOW
|j|☆BlackStar150520
|t:|1781176886
|gametype|singles
|player|p1|COLFOFLOW|volkner|1736
|player|p2|BlackStar150520|unknown|1681
|gen|9
|tier|[Gen 9] OU
|rated|
|rule|HP Percentage Mod: HP is shown in percentages
|rule|Endless Battle Clause: Forcing endless battles is banned
|rule|Species Clause: Limit one of each Pokémon
|rule|OHKO Clause: OHKO moves are banned
|rule|Evasion Items Clause: Evasion items are banned
|rule|Evasion Moves Clause: Evasion moves are banned
|rule|Evasion Abilities Clause: Evasion abilities are banned
|rule|Sleep Moves Clause: Sleep-inducing moves are banned
|clearpoke
|poke|p1|Darkrai|
|poke|p1|Clodsire, F|
|poke|p1|Suicune|
|poke|p1|Lokix, F|
|poke|p1|Pecharunt|
|poke|p1|Corviknight, F|
|poke|p2|Raging Bolt|
|poke|p2|Kingambit, M|
|poke|p2|Iron Moth|
|poke|p2|Ogerpon-Wellspring, F|
|poke|p2|Scizor, M|
|poke|p2|Great Tusk|
|teampreview
|inactive|Battle timer is ON: inactive players will automatically lose when time's up. (requested by BlackStar150520)
|
|t:|1781176897
|teamsize|p1|6
|teamsize|p2|6
|start
|switch|p1a: Darkrai|Darkrai|100/100
|switch|p2a: Red Lightning|Scizor, M|100/100
|turn|1
|
|t:|1781176901
|switch|p1a: Corviknight|Corviknight, F|100/100
|-ability|p1a: Corviknight|Pressure
|move|p2a: Red Lightning|Bullet Punch|p1a: Corviknight
|-resisted|p1a: Corviknight
|-damage|p1a: Corviknight|85/100
|-damage|p2a: Red Lightning|84/100|[from] item: Rocky Helmet|[of] p1a: Corviknight
|
|upkeep
|turn|2
|
|t:|1781176904
|switch|p2a: Mega Donphan|Great Tusk|100/100
|move|p1a: Corviknight|U-turn|p2a: Mega Donphan
|-resisted|p2a: Mega Donphan
|-damage|p2a: Mega Donphan|95/100
|
|t:|1781176908
|switch|p1a: Suicune|Suicune|100/100|[from] U-turn
|-ability|p1a: Suicune|Pressure
|
|upkeep
|turn|3
|
|t:|1781176912
|move|p2a: Mega Donphan|Stealth Rock|p1a: Suicune
|-sidestart|p1: COLFOFLOW|move: Stealth Rock
|move|p1a: Suicune|Scald|p2a: Mega Donphan
|-supereffective|p2a: Mega Donphan
|-damage|p2a: Mega Donphan|15/100
|
|upkeep
|turn|4
|
|t:|1781176916
|-end|p2a: Mega Donphan|Protosynthesis|[silent]
|switch|p2a: 🎭|Ogerpon-Wellspring, F|100/100
|move|p1a: Suicune|Scald|p2a: 🎭
|-immune|p2a: 🎭|[from] ability: Water Absorb
|
|upkeep
|turn|5
|
|t:|1781176921
|switch|p1a: Pecharunt|Pecharunt|100/100
|-damage|p1a: Pecharunt|88/100|[from] Stealth Rock
|move|p2a: 🎭|Knock Off|p1a: Pecharunt
|-supereffective|p1a: Pecharunt
|-damage|p1a: Pecharunt|54/100
|-enditem|p1a: Pecharunt|Leftovers|[from] move: Knock Off|[of] p2a: 🎭
|
|upkeep
|turn|6
|
|t:|1781176925
|move|p2a: 🎭|U-turn|p1a: Pecharunt
|-resisted|p1a: Pecharunt
|-crit|p1a: Pecharunt
|-damage|p1a: Pecharunt|50/100
|
|t:|1781176926
|switch|p2a: Red Lightning|Scizor, M|84/100|[from] U-turn
|move|p1a: Pecharunt|Recover|p1a: Pecharunt
|-heal|p1a: Pecharunt|99/100
|
|upkeep
|turn|7
|
|t:|1781176932
|move|p1a: Pecharunt|Parting Shot|p2a: Red Lightning
|-unboost|p2a: Red Lightning|atk|1
|-unboost|p2a: Red Lightning|spa|1
|
|t:|1781176934
|switch|p1a: Corviknight|Corviknight, F|85/100|[from] Parting Shot
|-damage|p1a: Corviknight|73/100|[from] Stealth Rock
|-ability|p1a: Corviknight|Pressure
|move|p2a: Red Lightning|Knock Off|p1a: Corviknight
|-damage|p1a: Corviknight|50/100
|-damage|p2a: Red Lightning|68/100|[from] item: Rocky Helmet|[of] p1a: Corviknight
|-enditem|p1a: Corviknight|Rocky Helmet|[from] move: Knock Off|[of] p2a: Red Lightning
|
|upkeep
|turn|8
|
|t:|1781176939
|switch|p2a: ⚡️|Raging Bolt|100/100
|move|p1a: Corviknight|Defog|p2a: ⚡️
|-unboost|p2a: ⚡️|evasion|1
|-sideend|p1: COLFOFLOW|Stealth Rock|[from] move: Defog|[of] p1a: Corviknight
|
|upkeep
|turn|9
|
|t:|1781176943
|-end|p2a: ⚡️|Protosynthesis|[silent]
|switch|p2a: Mega Donphan|Great Tusk|15/100
|switch|p1a: Clodsire|Clodsire, F|100/100
|
|upkeep
|turn|10
|
|t:|1781176947
|move|p2a: Mega Donphan|Stealth Rock|p1a: Clodsire
|-sidestart|p1: COLFOFLOW|move: Stealth Rock
|move|p1a: Clodsire|Earthquake|p2a: Mega Donphan
|-damage|p2a: Mega Donphan|0 fnt
|faint|p2a: Mega Donphan
|-end|p2a: Mega Donphan|Protosynthesis|[silent]
|
|upkeep
|
|t:|1781176950
|switch|p2a: 🎭|Ogerpon-Wellspring, F|100/100
|turn|11
|
|t:|1781176954
|switch|p1a: Pecharunt|Pecharunt|99/100
|-damage|p1a: Pecharunt|87/100|[from] Stealth Rock
|move|p2a: 🎭|U-turn|p1a: Pecharunt
|-resisted|p1a: Pecharunt
|-damage|p1a: Pecharunt|84/100
|
|t:|1781176957
|switch|p2a: Red Lightning|Scizor, M|68/100|[from] U-turn
|
|upkeep
|turn|12
|
|t:|1781176960
|move|p1a: Pecharunt|Parting Shot|p2a: Red Lightning
|-unboost|p2a: Red Lightning|atk|1
|-unboost|p2a: Red Lightning|spa|1
|
|t:|1781176963
|switch|p1a: Corviknight|Corviknight, F|50/100|[from] Parting Shot
|-damage|p1a: Corviknight|37/100|[from] Stealth Rock
|-ability|p1a: Corviknight|Pressure
|move|p2a: Red Lightning|U-turn|p1a: Corviknight
|-resisted|p1a: Corviknight
|-damage|p1a: Corviknight|32/100
|
|t:|1781176967
|switch|p2a: 🎭|Ogerpon-Wellspring, F|100/100|[from] U-turn
|
|upkeep
|turn|13
|
|t:|1781176970
|move|p2a: 🎭|Ivy Cudgel|p1a: Corviknight|[anim] Ivy Cudgel Water
|-damage|p1a: Corviknight|0 fnt
|faint|p1a: Corviknight
|
|upkeep
|
|t:|1781176977
|switch|p1a: Pecharunt|Pecharunt|84/100
|-damage|p1a: Pecharunt|72/100|[from] Stealth Rock
|turn|14
|
|t:|1781176981
|move|p2a: 🎭|U-turn|p1a: Pecharunt
|-resisted|p1a: Pecharunt
|-damage|p1a: Pecharunt|68/100
|
|t:|1781176983
|switch|p2a: Red Lightning|Scizor, M|68/100|[from] U-turn
|move|p1a: Pecharunt|Parting Shot|p2a: Red Lightning
|-unboost|p2a: Red Lightning|atk|1
|-unboost|p2a: Red Lightning|spa|1
|
|t:|1781176993
|switch|p1a: Lokix|Lokix, F|100/100|[from] Parting Shot
|-damage|p1a: Lokix|76/100|[from] Stealth Rock
|
|upkeep
|turn|15
|
|t:|1781176998
|-terastallize|p1a: Lokix|Bug
|move|p1a: Lokix|First Impression|p2a: Red Lightning
|-resisted|p2a: Red Lightning
|-damage|p2a: Red Lightning|0 fnt
|faint|p2a: Red Lightning
|
|upkeep
|
|t:|1781177005
|switch|p2a: 🎭|Ogerpon-Wellspring, F|100/100
|turn|16
|
|t:|1781177009
|switch|p1a: Darkrai|Darkrai|100/100
|-damage|p1a: Darkrai|88/100|[from] Stealth Rock
|move|p2a: 🎭|Ivy Cudgel|p1a: Darkrai|[anim] Ivy Cudgel Water
|-damage|p1a: Darkrai|13/100
|
|upkeep
|turn|17
|
|t:|1781177017
|switch|p2a: Aizen🗡️|Kingambit, M, shiny|100/100
|-activate|p2a: Aizen🗡️|ability: Supreme Overlord
|-start|p2a: Aizen🗡️|fallen2|[silent]
|move|p1a: Darkrai|Ice Beam|p2a: Aizen🗡️
|-resisted|p2a: Aizen🗡️
|-damage|p2a: Aizen🗡️|77/100
|
|-heal|p2a: Aizen🗡️|83/100|[from] item: Leftovers
|upkeep
|turn|18
|
|t:|1781177025
|move|p2a: Aizen🗡️|Sucker Punch|p1a: Darkrai
|-resisted|p1a: Darkrai
|-damage|p1a: Darkrai|0 fnt
|faint|p1a: Darkrai
|
|-heal|p2a: Aizen🗡️|89/100|[from] item: Leftovers
|upkeep
|
|t:|1781177029
|switch|p1a: Suicune|Suicune|100/100
|-damage|p1a: Suicune|88/100|[from] Stealth Rock
|-ability|p1a: Suicune|Pressure
|turn|19
|
|t:|1781177036
|switch|p1a: Pecharunt|Pecharunt|68/100
|-damage|p1a: Pecharunt|56/100|[from] Stealth Rock
|-end|p2a: Aizen🗡️|fallen2|[silent]
|switch|p2a: 🎭|Ogerpon-Wellspring, F|100/100
|
|upkeep
|turn|20
|
|t:|1781177040
|move|p2a: 🎭|U-turn|p1a: Pecharunt
|-resisted|p1a: Pecharunt
|-damage|p1a: Pecharunt|53/100
|
|t:|1781177043
|switch|p2a: Aizen🗡️|Kingambit, M, shiny|89/100|[from] U-turn
|-activate|p2a: Aizen🗡️|ability: Supreme Overlord
|-start|p2a: Aizen🗡️|fallen2|[silent]
|move|p1a: Pecharunt|Recover|p1a: Pecharunt
|-heal|p1a: Pecharunt|100/100
|
|-heal|p2a: Aizen🗡️|95/100|[from] item: Leftovers
|upkeep
|turn|21
|
|t:|1781177059
|move|p1a: Pecharunt|Parting Shot|p2a: Aizen🗡️
|-unboost|p2a: Aizen🗡️|atk|1
|-unboost|p2a: Aizen🗡️|spa|1
|
|t:|1781177068
|switch|p1a: Suicune|Suicune|88/100|[from] Parting Shot
|-damage|p1a: Suicune|76/100|[from] Stealth Rock
|-ability|p1a: Suicune|Pressure
|move|p2a: Aizen🗡️|Iron Head|p1a: Suicune
|-resisted|p1a: Suicune
|-crit|p1a: Suicune
|-damage|p1a: Suicune|52/100
|
|-heal|p1a: Suicune|58/100|[from] item: Leftovers
|-heal|p2a: Aizen🗡️|100/100|[from] item: Leftovers
|upkeep
|turn|22
|
|t:|1781177075
|switch|p1a: Lokix|Lokix, F, tera:Bug|76/100
|-damage|p1a: Lokix|51/100|[from] Stealth Rock
|-end|p2a: Aizen🗡️|fallen2|[silent]
|switch|p2a: 🎭|Ogerpon-Wellspring, F|100/100
|
|upkeep
|turn|23
|
|t:|1781177082
|switch|p2a: Robo Rona|Iron Moth|100/100
|-enditem|p2a: Robo Rona|Booster Energy
|-activate|p2a: Robo Rona|ability: Quark Drive|[fromitem]
|-start|p2a: Robo Rona|quarkdrivespe
|move|p1a: Lokix|Leech Life|p2a: Robo Rona
|-resisted|p2a: Robo Rona
|-crit|p2a: Robo Rona
|-damage|p2a: Robo Rona|3/100
|-heal|p1a: Lokix|100/100|[from] drain|[of] p2a: Robo Rona
|
|upkeep
|turn|24
|
|t:|1781177086
|switch|p1a: Clodsire|Clodsire, F|100/100
|-damage|p1a: Clodsire|94/100|[from] Stealth Rock
|move|p2a: Robo Rona|Fiery Dance|p1a: Clodsire
|-damage|p1a: Clodsire|72/100
|
|-heal|p1a: Clodsire|78/100|[from] item: Black Sludge
|upkeep
|turn|25
|
|t:|1781177090
|move|p2a: Robo Rona|Psychic|p1a: Clodsire
|-supereffective|p1a: Clodsire
|-damage|p1a: Clodsire|45/100
|move|p1a: Clodsire|Stealth Rock|p2a: Robo Rona
|-sidestart|p2: BlackStar150520|move: Stealth Rock
|
|-heal|p1a: Clodsire|51/100|[from] item: Black Sludge
|upkeep
|turn|26
|
|t:|1781177093
|move|p2a: Robo Rona|Psychic|p1a: Clodsire
|-supereffective|p1a: Clodsire
|-damage|p1a: Clodsire|22/100
|move|p1a: Clodsire|Recover|p1a: Clodsire
|-heal|p1a: Clodsire|72/100
|
|-heal|p1a: Clodsire|78/100|[from] item: Black Sludge
|upkeep
|turn|27
|
|t:|1781177096
|move|p2a: Robo Rona|Psychic|p1a: Clodsire
|-supereffective|p1a: Clodsire
|-damage|p1a: Clodsire|43/100
|move|p1a: Clodsire|Recover|p1a: Clodsire
|-heal|p1a: Clodsire|93/100
|
|-heal|p1a: Clodsire|99/100|[from] item: Black Sludge
|upkeep
|turn|28
|
|t:|1781177098
|move|p2a: Robo Rona|Psychic|p1a: Clodsire
|-supereffective|p1a: Clodsire
|-damage|p1a: Clodsire|67/100
|move|p1a: Clodsire|Earthquake|p2a: Robo Rona
|-supereffective|p2a: Robo Rona
|-damage|p2a: Robo Rona|0 fnt
|faint|p2a: Robo Rona
|-end|p2a: Robo Rona|Quark Drive|[silent]
|
|-heal|p1a: Clodsire|73/100|[from] item: Black Sludge
|upkeep
|
|t:|1781177100
|switch|p2a: 🎭|Ogerpon-Wellspring, F|100/100
|-damage|p2a: 🎭|88/100|[from] Stealth Rock
|turn|29
|
|t:|1781177108
|switch|p1a: Pecharunt|Pecharunt|100/100
|-damage|p1a: Pecharunt|88/100|[from] Stealth Rock
|move|p2a: 🎭|Ivy Cudgel|p1a: Pecharunt|[anim] Ivy Cudgel Water
|-damage|p1a: Pecharunt|59/100
|
|upkeep
|turn|30
|
|t:|1781177112
|move|p2a: 🎭|Knock Off|p1a: Pecharunt
|-supereffective|p1a: Pecharunt
|-damage|p1a: Pecharunt|36/100
|move|p1a: Pecharunt|Recover|p1a: Pecharunt
|-heal|p1a: Pecharunt|86/100
|
|upkeep
|turn|31
|
|t:|1781177117
|move|p2a: 🎭|Encore|p1a: Pecharunt
|-start|p1a: Pecharunt|Encore
|move|p1a: Pecharunt|Recover|p1a: Pecharunt
|-heal|p1a: Pecharunt|100/100
|
|upkeep
|turn|32
|
|t:|1781177122
|switch|p1a: Clodsire|Clodsire, F|73/100
|-damage|p1a: Clodsire|67/100|[from] Stealth Rock
|move|p2a: 🎭|Ivy Cudgel|p1a: Clodsire|[anim] Ivy Cudgel Water
|-heal|p1a: Clodsire|92/100|[from] ability: Water Absorb|[of] p2a: 🎭
|
|-heal|p1a: Clodsire|98/100|[from] item: Black Sludge
|upkeep
|turn|33
|j| yuureisuisei
|
|t:|1781177130
|move|p2a: 🎭|Knock Off|p1a: Clodsire
|-damage|p1a: Clodsire|53/100
|-enditem|p1a: Clodsire|Black Sludge|[from] move: Knock Off|[of] p2a: 🎭
|move|p1a: Clodsire|Toxic|p2a: 🎭
|-status|p2a: 🎭|tox
|
|-damage|p2a: 🎭|82/100 tox|[from] psn
|upkeep
|turn|34
|
|t:|1781177134
|move|p2a: 🎭|Encore|p1a: Clodsire
|-start|p1a: Clodsire|Encore
|move|p1a: Clodsire|Toxic|p2a: 🎭
|-fail|p2a: 🎭|tox
|
|-damage|p2a: 🎭|70/100 tox|[from] psn
|upkeep
|turn|35
|
|t:|1781177138
|switch|p1a: Pecharunt|Pecharunt|100/100
|-damage|p1a: Pecharunt|88/100|[from] Stealth Rock
|move|p2a: 🎭|U-turn|p1a: Pecharunt
|-resisted|p1a: Pecharunt
|-damage|p1a: Pecharunt|85/100
|
|t:|1781177142
|switch|p2a: Aizen🗡️|Kingambit, M, shiny|100/100|[from] U-turn
|-damage|p2a: Aizen🗡️|94/100|[from] Stealth Rock
|-activate|p2a: Aizen🗡️|ability: Supreme Overlord
|-start|p2a: Aizen🗡️|fallen3|[silent]
|
|-heal|p2a: Aizen🗡️|100/100|[from] item: Leftovers
|upkeep
|turn|36
|
|t:|1781177145
|move|p1a: Pecharunt|Parting Shot|p2a: Aizen🗡️
|-unboost|p2a: Aizen🗡️|atk|1
|-unboost|p2a: Aizen🗡️|spa|1
|
|t:|1781177147
|switch|p1a: Suicune|Suicune|58/100|[from] Parting Shot
|-damage|p1a: Suicune|46/100|[from] Stealth Rock
|-ability|p1a: Suicune|Pressure
|move|p2a: Aizen🗡️|Swords Dance|p2a: Aizen🗡️
|-boost|p2a: Aizen🗡️|atk|2
|
|-heal|p1a: Suicune|52/100|[from] item: Leftovers
|upkeep
|turn|37
|
|t:|1781177150
|move|p1a: Suicune|Scald|p2a: Aizen🗡️
|-damage|p2a: Aizen🗡️|75/100
|-status|p2a: Aizen🗡️|brn
|move|p2a: Aizen🗡️|Low Kick|p1a: Suicune
|-damage|p1a: Suicune|31/100
|
|-heal|p1a: Suicune|37/100|[from] item: Leftovers
|-heal|p2a: Aizen🗡️|81/100 brn|[from] item: Leftovers
|-damage|p2a: Aizen🗡️|75/100 brn|[from] brn
|upkeep
|turn|38
|
|t:|1781177162
|move|p1a: Suicune|Calm Mind|p1a: Suicune
|-boost|p1a: Suicune|spa|1
|-boost|p1a: Suicune|spd|1
|move|p2a: Aizen🗡️|Swords Dance|p2a: Aizen🗡️
|-boost|p2a: Aizen🗡️|atk|2
|
|-heal|p1a: Suicune|43/100|[from] item: Leftovers
|-heal|p2a: Aizen🗡️|81/100 brn|[from] item: Leftovers
|-damage|p2a: Aizen🗡️|75/100 brn|[from] brn
|upkeep
|turn|39
|
|t:|1781177168
|move|p1a: Suicune|Scald|p2a: Aizen🗡️
|-damage|p2a: Aizen🗡️|36/100 brn
|move|p2a: Aizen🗡️|Low Kick|p1a: Suicune
|-damage|p1a: Suicune|8/100
|
|-heal|p1a: Suicune|14/100|[from] item: Leftovers
|-heal|p2a: Aizen🗡️|42/100 brn|[from] item: Leftovers
|-damage|p2a: Aizen🗡️|36/100 brn|[from] brn
|upkeep
|turn|40
|
|t:|1781177174
|move|p1a: Suicune|Rest|p1a: Suicune
|-status|p1a: Suicune|slp|[from] move: Rest
|-heal|p1a: Suicune|100/100 slp|[silent]
|move|p2a: Aizen🗡️|Low Kick|p1a: Suicune
|-damage|p1a: Suicune|65/100 slp
|
|-heal|p1a: Suicune|71/100 slp|[from] item: Leftovers
|-heal|p2a: Aizen🗡️|42/100 brn|[from] item: Leftovers
|-damage|p2a: Aizen🗡️|36/100 brn|[from] brn
|upkeep
|turn|41
|
|t:|1781177179
|cant|p1a: Suicune|slp
|move|p1a: Suicune|Sleep Talk|p1a: Suicune
|move|p1a: Suicune|Calm Mind|p1a: Suicune|[from] move: Sleep Talk
|-boost|p1a: Suicune|spa|1
|-boost|p1a: Suicune|spd|1
|move|p2a: Aizen🗡️|Low Kick|p1a: Suicune
|-damage|p1a: Suicune|35/100 slp
|
|-heal|p1a: Suicune|41/100 slp|[from] item: Leftovers
|-heal|p2a: Aizen🗡️|42/100 brn|[from] item: Leftovers
|-damage|p2a: Aizen🗡️|36/100 brn|[from] brn
|upkeep
|turn|42
|
|t:|1781177182
|cant|p1a: Suicune|slp
|move|p1a: Suicune|Sleep Talk|p1a: Suicune
|move|p1a: Suicune|Scald|p2a: Aizen🗡️|[from] move: Sleep Talk
|-damage|p2a: Aizen🗡️|0 fnt
|faint|p2a: Aizen🗡️
|-end|p2a: Aizen🗡️|fallen3|[silent]
|
|-heal|p1a: Suicune|47/100 slp|[from] item: Leftovers
|upkeep
|
|t:|1781177190
|switch|p2a: ⚡️|Raging Bolt|100/100
|-damage|p2a: ⚡️|88/100|[from] Stealth Rock
|turn|43
|
|t:|1781177202
|move|p2a: ⚡️|Calm Mind|p2a: ⚡️
|-boost|p2a: ⚡️|spa|1
|-boost|p2a: ⚡️|spd|1
|-curestatus|p1a: Suicune|slp|[msg]
|move|p1a: Suicune|Scald|p2a: ⚡️
|-resisted|p2a: ⚡️
|-damage|p2a: ⚡️|73/100
|
|-heal|p2a: ⚡️|79/100|[from] item: Leftovers
|-heal|p1a: Suicune|53/100|[from] item: Leftovers
|upkeep
|turn|44
|
|t:|1781177208
|move|p2a: ⚡️|Calm Mind|p2a: ⚡️
|-boost|p2a: ⚡️|spa|1
|-boost|p2a: ⚡️|spd|1
|move|p1a: Suicune|Scald|p2a: ⚡️
|-resisted|p2a: ⚡️
|-damage|p2a: ⚡️|67/100
|-status|p2a: ⚡️|brn
|
|-heal|p2a: ⚡️|73/100 brn|[from] item: Leftovers
|-heal|p1a: Suicune|59/100|[from] item: Leftovers
|-damage|p2a: ⚡️|67/100 brn|[from] brn
|upkeep
|turn|45
|
|t:|1781177214
|move|p2a: ⚡️|Thunderbolt|p1a: Suicune
|-supereffective|p1a: Suicune
|-damage|p1a: Suicune|0 fnt
|faint|p1a: Suicune
|
|-heal|p2a: ⚡️|73/100 brn|[from] item: Leftovers
|-damage|p2a: ⚡️|67/100 brn|[from] brn
|upkeep
|
|t:|1781177231
|switch|p1a: Lokix|Lokix, F, tera:Bug|100/100
|-damage|p1a: Lokix|76/100|[from] Stealth Rock
|turn|46
|
|t:|1781177235
|move|p1a: Lokix|First Impression|p2a: ⚡️
|-damage|p2a: ⚡️|0 fnt
|faint|p2a: ⚡️
|-end|p2a: ⚡️|Protosynthesis|[silent]
|
|upkeep
|-message|BlackStar150520 forfeited.
|
|win|COLFOFLOW
|raw|COLFOFLOW's rating: 1736 &rarr; <strong>1753</strong><br />(+17 for winning)
|raw|BlackStar150520's rating: 1681 &rarr; <strong>1664</strong><br />(-17 for losing)
|l|☆BlackStar150520
|player|p2|
|l|☆COLFOFLOW
|player|p1|
|l| yuureisuisei
