|j|☆rizz of reko
|j|☆himothy jr
|t:|1781463031
|gametype|singles
|player|p1|rizz of reko|cheren-gen5bw2|1567
|player|p2|himothy jr|102|1527
|gen|9
|tier|[Gen 9] OU
|rated|
|rule|HP Percentage Mod: HP is shown in percentages
|rule|Endless Battle Clause: Forcing endless battles is banned
|rule|Species Clause: Limit one of each Pokémon
|rule|OHKO Clause: OHKO moves are banned
|rule|Evasion Items Clause: Evasion items are banned
|rule|Evasion Moves Clause: Evasion moves are banned
|rule|Evasion Abilities Clause: Evasion abilities are banned
|rule|Sleep Moves Clause: Sleep-inducing moves are banned
|clearpoke
|poke|p1|Gholdengo|
|poke|p1|Great Tusk|
|poke|p1|Ogerpon-Wellspring, F|
|poke|p1|Dragonite, M|
|poke|p1|Moltres|
|poke|p1|Ting-Lu|
|poke|p2|Samurott-Hisui, M|
|poke|p2|Gholdengo|
|poke|p2|Meowscarada, F|
|poke|p2|Raging Bolt|
|poke|p2|Great Tusk|
|poke|p2|Corviknight, F|
|teampreview
|inactive|Battle timer is ON: inactive players will automatically lose when time's up. (requested by himothy jr)
|
|t:|1781463049
|teamsize|p1|6
|teamsize|p2|6
|start
|switch|p1a: Ogerpon|Ogerpon-Wellspring, F|100/100
|switch|p2a: Meowscarada|Meowscarada, F|100/100
|turn|1
|
|t:|1781463061
|switch|p1a: Moltres|Moltres, shiny|100/100
|move|p2a: Meowscarada|Knock Off|p1a: Moltres
|-start|p2a: Meowscarada|typechange|Dark|[from] ability: Protean
|-damage|p1a: Moltres|58/100
|-status|p2a: Meowscarada|brn|[from] ability: Flame Body|[of] p1a: Moltres
|-enditem|p1a: Moltres|Heavy-Duty Boots|[from] move: Knock Off|[of] p2a: Meowscarada
|
|-damage|p2a: Meowscarada|94/100 brn|[from] brn
|upkeep
|turn|2
|
|t:|1781463076
|switch|p1a: Ting-Lu|Ting-Lu|100/100
|-ability|p1a: Ting-Lu|Vessel of Ruin
|move|p2a: Meowscarada|U-turn|p1a: Ting-Lu
|-supereffective|p1a: Ting-Lu
|-damage|p1a: Ting-Lu|92/100
|
|t:|1781463087
|switch|p2a: Samurott|Samurott-Hisui, M|100/100|[from] U-turn
|
|-heal|p1a: Ting-Lu|98/100|[from] item: Leftovers
|upkeep
|turn|3
|
|t:|1781463101
|move|p2a: Samurott|Razor Shell|p1a: Ting-Lu
|-supereffective|p1a: Ting-Lu
|-damage|p1a: Ting-Lu|58/100
|move|p1a: Ting-Lu|Stealth Rock|p2a: Samurott
|-sidestart|p2: himothy jr|move: Stealth Rock
|
|-heal|p1a: Ting-Lu|64/100|[from] item: Leftovers
|upkeep
|turn|4
|
|t:|1781463114
|move|p2a: Samurott|Ceaseless Edge|p1a: Ting-Lu
|-resisted|p1a: Ting-Lu
|-damage|p1a: Ting-Lu|56/100
|-sidestart|p1: rizz of reko|Spikes
|move|p1a: Ting-Lu|Whirlwind|p2a: Samurott
|drag|p2a: Meowscarada|Meowscarada, F|94/100 brn
|
|-heal|p1a: Ting-Lu|62/100|[from] item: Leftovers
|-damage|p2a: Meowscarada|88/100 brn|[from] brn
|upkeep
|turn|5
|
|t:|1781463129
|move|p2a: Meowscarada|Knock Off|p1a: Ting-Lu
|-start|p2a: Meowscarada|typechange|Dark|[from] ability: Protean
|-resisted|p1a: Ting-Lu
|-damage|p1a: Ting-Lu|57/100
|-enditem|p1a: Ting-Lu|Leftovers|[from] move: Knock Off|[of] p2a: Meowscarada
|move|p1a: Ting-Lu|Ruination|p2a: Meowscarada
|-damage|p2a: Meowscarada|45/100 brn
|
|-damage|p2a: Meowscarada|38/100 brn|[from] brn
|upkeep
|turn|6
|
|t:|1781463145
|move|p2a: Meowscarada|Flower Trick|p1a: Ting-Lu
|-supereffective|p1a: Ting-Lu
|-crit|p1a: Ting-Lu
|-damage|p1a: Ting-Lu|44/100
|move|p1a: Ting-Lu|Spikes|p2a: Meowscarada
|-sidestart|p2: himothy jr|Spikes
|
|-damage|p2a: Meowscarada|32/100 brn|[from] brn
|upkeep
|turn|7
|
|t:|1781463156
|move|p2a: Meowscarada|U-turn|p1a: Ting-Lu
|-supereffective|p1a: Ting-Lu
|-damage|p1a: Ting-Lu|35/100
|
|t:|1781463160
|switch|p2a: Great Tusk|Great Tusk|100/100|[from] U-turn
|move|p1a: Ting-Lu|Whirlwind|p2a: Great Tusk
|-end|p2a: Great Tusk|Protosynthesis|[silent]
|drag|p2a: Samurott|Samurott-Hisui, M|100/100
|-damage|p2a: Samurott|88/100|[from] Stealth Rock
|-damage|p2a: Samurott|76/100|[from] Spikes
|
|upkeep
|turn|8
|
|t:|1781463173
|move|p2a: Samurott|Ceaseless Edge|p1a: Ting-Lu
|-resisted|p1a: Ting-Lu
|-damage|p1a: Ting-Lu|26/100
|-sidestart|p1: rizz of reko|Spikes
|move|p1a: Ting-Lu|Whirlwind|p2a: Samurott
|drag|p2a: Meowscarada|Meowscarada, F|32/100 brn
|
|-damage|p2a: Meowscarada|26/100 brn|[from] brn
|upkeep
|turn|9
|
|t:|1781463186
|move|p2a: Meowscarada|U-turn|p1a: Ting-Lu
|-start|p2a: Meowscarada|typechange|Bug|[from] ability: Protean
|-supereffective|p1a: Ting-Lu
|-damage|p1a: Ting-Lu|12/100
|
|t:|1781463191
|switch|p2a: Great Tusk|Great Tusk|100/100|[from] U-turn
|move|p1a: Ting-Lu|Spikes|p2a: Great Tusk
|-sidestart|p2: himothy jr|Spikes
|
|upkeep
|turn|10
|inactive|himothy jr has 120 seconds left.
|
|t:|1781463214
|switch|p1a: Gholdengo|Gholdengo|100/100
|-item|p1a: Gholdengo|Air Balloon
|move|p2a: Great Tusk|Knock Off|p1a: Gholdengo
|-supereffective|p1a: Gholdengo
|-damage|p1a: Gholdengo|46/100
|-enditem|p1a: Gholdengo|Air Balloon
|
|upkeep
|turn|11
|inactive|himothy jr has 120 seconds left.
|
|t:|1781463244
|move|p2a: Great Tusk|Headlong Rush|p1a: Gholdengo
|-supereffective|p1a: Gholdengo
|-damage|p1a: Gholdengo|0 fnt
|-unboost|p2a: Great Tusk|def|1
|-unboost|p2a: Great Tusk|spd|1
|faint|p1a: Gholdengo
|
|upkeep
|
|t:|1781463248
|switch|p1a: Great Tusk|Great Tusk, shiny|100/100
|-damage|p1a: Great Tusk|84/100|[from] Spikes
|-enditem|p1a: Great Tusk|Booster Energy
|-activate|p1a: Great Tusk|ability: Protosynthesis|[fromitem]
|-start|p1a: Great Tusk|protosynthesisatk
|turn|12
|
|t:|1781463278
|-end|p2a: Great Tusk|Protosynthesis|[silent]
|switch|p2a: Corviknight|Corviknight, F|100/100
|-damage|p2a: Corviknight|88/100|[from] Stealth Rock
|-ability|p2a: Corviknight|Pressure
|move|p1a: Great Tusk|Rapid Spin|p2a: Corviknight
|-resisted|p2a: Corviknight
|-damage|p2a: Corviknight|81/100
|-boost|p1a: Great Tusk|spe|1
|-damage|p1a: Great Tusk|67/100|[from] item: Rocky Helmet|[of] p2a: Corviknight
|-sideend|p1: rizz of reko|Spikes|[from] move: Rapid Spin|[of] p1a: Great Tusk
|
|upkeep
|turn|13
|
|t:|1781463297
|-end|p1a: Great Tusk|Protosynthesis|[silent]
|switch|p1a: Ogerpon|Ogerpon-Wellspring, F|100/100
|move|p2a: Corviknight|Defog|p1a: Ogerpon
|-unboost|p1a: Ogerpon|evasion|1
|-sideend|p2: himothy jr|Spikes|[from] move: Defog|[of] p2a: Corviknight
|-sideend|p2: himothy jr|Stealth Rock|[from] move: Defog|[of] p2a: Corviknight
|
|upkeep
|turn|14
|
|t:|1781463311
|switch|p2a: Raging Bolt|Raging Bolt|100/100
|move|p1a: Ogerpon|Knock Off|p2a: Raging Bolt
|-damage|p2a: Raging Bolt|62/100
|-enditem|p2a: Raging Bolt|Choice Specs|[from] move: Knock Off|[of] p1a: Ogerpon
|
|upkeep
|turn|15
|
|t:|1781463324
|switch|p1a: Ting-Lu|Ting-Lu|12/100
|-ability|p1a: Ting-Lu|Vessel of Ruin
|move|p2a: Raging Bolt|Draco Meteor|p1a: Ting-Lu
|-damage|p1a: Ting-Lu|0 fnt
|-unboost|p2a: Raging Bolt|spa|2
|faint|p1a: Ting-Lu
|
|upkeep
|
|t:|1781463335
|switch|p1a: Ogerpon|Ogerpon-Wellspring, F|100/100
|turn|16
|
|t:|1781463346
|move|p1a: Ogerpon|Swords Dance|p1a: Ogerpon
|-boost|p1a: Ogerpon|atk|2
|move|p2a: Raging Bolt|Volt Switch|p1a: Ogerpon
|-damage|p1a: Ogerpon|74/100
|
|t:|1781463362
|-end|p2a: Raging Bolt|Protosynthesis|[silent]
|switch|p2a: Corviknight|Corviknight, F|81/100|[from] Volt Switch
|-ability|p2a: Corviknight|Pressure
|
|upkeep
|turn|17
|
|t:|1781463376
|-terastallize|p2a: Corviknight|Dragon
|move|p1a: Ogerpon|Ivy Cudgel|p2a: Corviknight|[anim] Ivy Cudgel Water
|-resisted|p2a: Corviknight
|-crit|p2a: Corviknight
|-damage|p2a: Corviknight|28/100
|move|p2a: Corviknight|Roost|p2a: Corviknight
|-heal|p2a: Corviknight|78/100
|
|upkeep
|turn|18
|
|t:|1781463386
|move|p1a: Ogerpon|Knock Off|p2a: Corviknight
|-damage|p2a: Corviknight|33/100
|-damage|p1a: Ogerpon|57/100|[from] item: Rocky Helmet|[of] p2a: Corviknight
|-enditem|p2a: Corviknight|Rocky Helmet|[from] move: Knock Off|[of] p1a: Ogerpon
|move|p2a: Corviknight|Iron Defense|p2a: Corviknight
|-boost|p2a: Corviknight|def|2
|
|upkeep
|turn|19
|
|t:|1781463402
|switch|p1a: Moltres|Moltres, shiny|58/100
|move|p2a: Corviknight|Roost|p2a: Corviknight
|-heal|p2a: Corviknight|83/100
|
|upkeep
|turn|20
|
|t:|1781463418
|switch|p2a: Raging Bolt|Raging Bolt|62/100
|move|p1a: Moltres|Scorching Sands|p2a: Raging Bolt
|-supereffective|p2a: Raging Bolt
|-damage|p2a: Raging Bolt|24/100
|
|upkeep
|turn|21
|
|t:|1781463431
|move|p2a: Raging Bolt|Draco Meteor|p1a: Moltres|[miss]
|-miss|p2a: Raging Bolt|p1a: Moltres
|move|p1a: Moltres|Scorching Sands|p2a: Raging Bolt
|-supereffective|p2a: Raging Bolt
|-damage|p2a: Raging Bolt|0 fnt
|faint|p2a: Raging Bolt
|-end|p2a: Raging Bolt|Protosynthesis|[silent]
|
|upkeep
|inactive|himothy jr has 90 seconds left.
|
|t:|1781463445
|switch|p2a: Samurott|Samurott-Hisui, M|76/100
|turn|22
|inactive|himothy jr has 90 seconds left.
|
|t:|1781463470
|move|p2a: Samurott|Razor Shell|p1a: Moltres
|-supereffective|p1a: Moltres
|-damage|p1a: Moltres|0 fnt
|faint|p1a: Moltres
|
|upkeep
|
|t:|1781463483
|switch|p1a: Dragonite|Dragonite, M, shiny|100/100
|turn|23
|inactive|himothy jr has 90 seconds left.
|
|t:|1781463493
|move|p1a: Dragonite|Dragon Dance|p1a: Dragonite
|-boost|p1a: Dragonite|atk|1
|-boost|p1a: Dragonite|spe|1
|move|p2a: Samurott|Flip Turn|p1a: Dragonite
|-resisted|p1a: Dragonite
|-damage|p1a: Dragonite|94/100
|inactive|himothy jr has 90 seconds left.
|
|t:|1781463508
|switch|p2a: Corviknight|Corviknight, F, tera:Dragon|83/100|[from] Flip Turn
|-ability|p2a: Corviknight|Pressure
|
|-heal|p1a: Dragonite|99/100|[from] item: Leftovers
|upkeep
|turn|24
|
|t:|1781463519
|move|p1a: Dragonite|Ice Spinner|p2a: Corviknight
|-supereffective|p2a: Corviknight
|-damage|p2a: Corviknight|27/100
|move|p2a: Corviknight|Iron Defense|p2a: Corviknight
|-boost|p2a: Corviknight|def|2
|
|-heal|p1a: Dragonite|100/100|[from] item: Leftovers
|upkeep
|turn|25
|
|t:|1781463546
|move|p1a: Dragonite|Ice Spinner|p2a: Corviknight
|-supereffective|p2a: Corviknight
|-damage|p2a: Corviknight|0 fnt
|faint|p2a: Corviknight
|
|upkeep
|inactive|himothy jr has 60 seconds left.
|
|t:|1781463573
|switch|p2a: Samurott|Samurott-Hisui, M|76/100
|turn|26
|
|t:|1781463579
|move|p1a: Dragonite|Dragon Dance|p1a: Dragonite
|-boost|p1a: Dragonite|atk|1
|-boost|p1a: Dragonite|spe|1
|move|p2a: Samurott|Flip Turn|p1a: Dragonite
|-resisted|p1a: Dragonite
|-damage|p1a: Dragonite|94/100
|
|t:|1781463585
|switch|p2a: Gholdengo|Gholdengo|100/100|[from] Flip Turn
|-item|p2a: Gholdengo|Air Balloon
|
|-heal|p1a: Dragonite|99/100|[from] item: Leftovers
|upkeep
|turn|27
|inactive|himothy jr has 60 seconds left.
|
|t:|1781463595
|move|p1a: Dragonite|Ice Spinner|p2a: Gholdengo
|-resisted|p2a: Gholdengo
|-damage|p2a: Gholdengo|65/100
|-enditem|p2a: Gholdengo|Air Balloon
|move|p2a: Gholdengo|Shadow Ball|p1a: Dragonite
|-damage|p1a: Dragonite|55/100
|
|-heal|p1a: Dragonite|61/100|[from] item: Leftovers
|upkeep
|turn|28
|inactive|himothy jr has 60 seconds left.
|
|t:|1781463633
|switch|p2a: Meowscarada|Meowscarada, F|26/100 brn
|move|p1a: Dragonite|Earthquake|p2a: Meowscarada
|-resisted|p2a: Meowscarada
|-damage|p2a: Meowscarada|0 fnt
|faint|p2a: Meowscarada
|
|-heal|p1a: Dragonite|67/100|[from] item: Leftovers
|upkeep
|inactive|himothy jr has 30 seconds left.
|
|t:|1781463643
|switch|p2a: Great Tusk|Great Tusk|100/100
|turn|29
|
|t:|1781463666
|-terastallize|p1a: Dragonite|Normal
|move|p1a: Dragonite|Ice Spinner|p2a: Great Tusk
|-supereffective|p2a: Great Tusk
|-damage|p2a: Great Tusk|27/100
|move|p2a: Great Tusk|Knock Off|p1a: Dragonite
|-crit|p1a: Dragonite
|-damage|p1a: Dragonite|26/100
|-enditem|p1a: Dragonite|Leftovers|[from] move: Knock Off|[of] p2a: Great Tusk
|
|upkeep
|turn|30
|inactive|himothy jr has 30 seconds left.
|
|t:|1781463689
|move|p1a: Dragonite|Earthquake|p2a: Great Tusk
|-damage|p2a: Great Tusk|0 fnt
|faint|p2a: Great Tusk
|-end|p2a: Great Tusk|Protosynthesis|[silent]
|
|upkeep
|inactive|himothy jr has 30 seconds left this turn.
|
|t:|1781463698
|switch|p2a: Samurott|Samurott-Hisui, M|76/100
|turn|31
|inactive|himothy jr has 30 seconds left.
|
|t:|1781463710
|move|p1a: Dragonite|Extreme Speed|p2a: Samurott
|-damage|p2a: Samurott|0 fnt
|faint|p2a: Samurott
|
|upkeep
|inactive|himothy jr has 30 seconds left this turn.
|-message|himothy jr forfeited.
|
|win|rizz of reko
|raw|rizz of reko's rating: 1567 &rarr; <strong>1585</strong><br />(+18 for winning)
|raw|himothy jr's rating: 1527 &rarr; <strong>1509</strong><br />(-18 for losing)
|l|☆himothy jr
|player|p2|
