|j|☆Igoodnamename
|j|☆kochu_shak
|t:|1781362161
|gametype|singles
|player|p1|Igoodnamename|winona|1751
|player|p2|kochu_shak|morty-masters2|1775
|gen|9
|tier|[Gen 9] OU
|rated|
|rule|HP Percentage Mod: HP is shown in percentages
|rule|Endless Battle Clause: Forcing endless battles is banned
|rule|Species Clause: Limit one of each Pokémon
|rule|OHKO Clause: OHKO moves are banned
|rule|Evasion Items Clause: Evasion items are banned
|rule|Evasion Moves Clause: Evasion moves are banned
|rule|Evasion Abilities Clause: Evasion abilities are banned
|rule|Sleep Moves Clause: Sleep-inducing moves are banned
|clearpoke
|poke|p1|Raging Bolt|
|poke|p1|Rillaboom, M|
|poke|p1|Great Tusk|
|poke|p1|Ting-Lu|
|poke|p1|Skeledirge, F|
|poke|p1|Enamorus, F|
|poke|p2|Araquanid, F|
|poke|p2|Gholdengo|
|poke|p2|Iron Moth|
|poke|p2|Iron Valiant|
|poke|p2|Raging Bolt|
|poke|p2|Kingambit, F|
|teampreview
|inactive|Battle timer is ON: inactive players will automatically lose when time's up. (requested by kochu_shak)
|inactive|kochu_shak has 120 seconds left.
|
|t:|1781362194
|teamsize|p1|6
|teamsize|p2|6
|start
|switch|p1a: Raging Bolt|Raging Bolt|100/100
|switch|p2a: QUIL|Araquanid, F|100/100
|turn|1
|
|t:|1781362199
|move|p1a: Raging Bolt|Volt Switch|p2a: QUIL
|-supereffective|p2a: QUIL
|-damage|p2a: QUIL|24/100
|
|t:|1781362203
|-end|p1a: Raging Bolt|Protosynthesis|[silent]
|switch|p1a: Enamorus|Enamorus, F|100/100|[from] Volt Switch
|move|p2a: QUIL|Sticky Web|p1a: Enamorus
|-sidestart|p1: Igoodnamename|move: Sticky Web
|
|upkeep
|turn|2
|-enditem|p2a: QUIL|Custap Berry|[eat]
|-activate|p2a: QUIL|item: Custap Berry|[consumed]
|
|t:|1781362215
|move|p2a: QUIL|Endeavor|p1a: Enamorus
|-damage|p1a: Enamorus|28/100
|move|p1a: Enamorus|Moonblast|p2a: QUIL
|-damage|p2a: QUIL|0 fnt
|faint|p2a: QUIL
|
|upkeep
|
|t:|1781362222
|switch|p2a: CALA|Iron Moth|100/100
|-enditem|p2a: CALA|Booster Energy
|-activate|p2a: CALA|ability: Quark Drive|[fromitem]
|-start|p2a: CALA|quarkdrivespa
|turn|3
|
|t:|1781362228
|switch|p1a: Skeledirge|Skeledirge, F|100/100
|move|p2a: CALA|Fiery Dance|p1a: Skeledirge
|-resisted|p1a: Skeledirge
|-damage|p1a: Skeledirge|78/100
|
|upkeep
|turn|4
|j| p9
|
|t:|1781362238
|move|p2a: CALA|Sludge Wave|p1a: Skeledirge
|-resisted|p1a: Skeledirge
|-damage|p1a: Skeledirge|53/100
|move|p1a: Skeledirge|Torch Song|p2a: CALA
|-resisted|p2a: CALA
|-damage|p2a: CALA|86/100
|-boost|p1a: Skeledirge|spa|1
|
|upkeep
|turn|5
|
|t:|1781362243
|-end|p2a: CALA|Quark Drive|[silent]
|switch|p2a: DELI|Raging Bolt|100/100
|-enditem|p2a: DELI|Booster Energy
|-activate|p2a: DELI|ability: Protosynthesis|[fromitem]
|-start|p2a: DELI|protosynthesisspa
|move|p1a: Skeledirge|Slack Off|p1a: Skeledirge
|-heal|p1a: Skeledirge|100/100
|
|upkeep
|turn|6
|
|t:|1781362247
|switch|p1a: Ting-Lu|Ting-Lu|100/100
|-activate|p1a: Ting-Lu|move: Sticky Web
|-unboost|p1a: Ting-Lu|spe|1
|-ability|p1a: Ting-Lu|Vessel of Ruin
|move|p2a: DELI|Thunderbolt|p1a: Ting-Lu
|-immune|p1a: Ting-Lu
|
|upkeep
|turn|7
|
|t:|1781362253
|move|p2a: DELI|Dragon Pulse|p1a: Ting-Lu
|-damage|p1a: Ting-Lu|74/100
|move|p1a: Ting-Lu|Stealth Rock|p2a: DELI
|-sidestart|p2: kochu_shak|move: Stealth Rock
|
|-heal|p1a: Ting-Lu|80/100|[from] item: Leftovers
|upkeep
|turn|8
|l| p9
|
|t:|1781362258
|move|p2a: DELI|Dragon Pulse|p1a: Ting-Lu
|-damage|p1a: Ting-Lu|52/100
|move|p1a: Ting-Lu|Ruination|p2a: DELI|[miss]
|-miss|p1a: Ting-Lu|p2a: DELI
|
|-heal|p1a: Ting-Lu|58/100|[from] item: Leftovers
|upkeep
|turn|9
|j| have we gone
|
|t:|1781362270
|move|p2a: DELI|Dragon Pulse|p1a: Ting-Lu
|-damage|p1a: Ting-Lu|32/100
|move|p1a: Ting-Lu|Ruination|p2a: DELI
|-damage|p2a: DELI|51/100
|
|-heal|p1a: Ting-Lu|38/100|[from] item: Leftovers
|upkeep
|turn|10
|
|t:|1781362275
|move|p2a: DELI|Dragon Pulse|p1a: Ting-Lu
|-damage|p1a: Ting-Lu|13/100
|move|p1a: Ting-Lu|Ruination|p2a: DELI
|-damage|p2a: DELI|26/100
|
|-heal|p1a: Ting-Lu|20/100|[from] item: Leftovers
|upkeep
|turn|11
|
|t:|1781362278
|move|p2a: DELI|Dragon Pulse|p1a: Ting-Lu
|-damage|p1a: Ting-Lu|0 fnt
|faint|p1a: Ting-Lu
|
|upkeep
|
|t:|1781362279
|switch|p1a: Great Tusk|Great Tusk|100/100
|turn|12
|
|t:|1781362301
|-end|p2a: DELI|Protosynthesis|[silent]
|switch|p2a: TREE?|Gholdengo|100/100
|-damage|p2a: TREE?|94/100|[from] Stealth Rock
|-item|p2a: TREE?|Air Balloon
|move|p1a: Great Tusk|Ice Spinner|p2a: TREE?
|-resisted|p2a: TREE?
|-crit|p2a: TREE?
|-damage|p2a: TREE?|71/100
|-enditem|p2a: TREE?|Air Balloon
|
|upkeep
|turn|13
|
|t:|1781362316
|-terastallize|p2a: TREE?|Flying
|move|p1a: Great Tusk|Headlong Rush|p2a: TREE?
|-immune|p2a: TREE?
|move|p2a: TREE?|Make It Rain|p1a: Great Tusk
|-damage|p1a: Great Tusk|9/100
|-unboost|p2a: TREE?|spa|1
|
|upkeep
|turn|14
|
|t:|1781362325
|move|p1a: Great Tusk|Rapid Spin|p2a: TREE?
|-damage|p2a: TREE?|53/100
|-boost|p1a: Great Tusk|spe|1
|-sideend|p1: Igoodnamename|Sticky Web|[from] move: Rapid Spin|[of] p1a: Great Tusk
|move|p2a: TREE?|Psyshock|p1a: Great Tusk
|-supereffective|p1a: Great Tusk
|-damage|p1a: Great Tusk|0 fnt
|faint|p1a: Great Tusk
|-end|p1a: Great Tusk|Protosynthesis|[silent]
|
|upkeep
|
|t:|1781362331
|switch|p1a: Raging Bolt|Raging Bolt|100/100
|turn|15
|
|t:|1781362340
|switch|p2a: DELI|Raging Bolt|26/100
|-damage|p2a: DELI|13/100|[from] Stealth Rock
|move|p1a: Raging Bolt|Volt Switch|p2a: DELI
|-resisted|p2a: DELI
|-damage|p2a: DELI|0 fnt
|faint|p2a: DELI
|-end|p2a: DELI|Protosynthesis|[silent]
|
|t:|1781362353
|-end|p1a: Raging Bolt|Protosynthesis|[silent]
|switch|p1a: Skeledirge|Skeledirge, F|100/100|[from] Volt Switch
|
|upkeep
|l|☆kochu_shak
|inactive|kochu_shak disconnected and has a minute to reconnect!
|player|p2|
|j|☆kochu_shak
|inactive|kochu_shak reconnected and has 135 seconds left.
|player|p2|kochu_shak|morty-masters2|
|
|t:|1781362375
|switch|p2a: TREE?|Gholdengo, tera:Flying|53/100
|-damage|p2a: TREE?|28/100|[from] Stealth Rock
|turn|16
|
|t:|1781362381
|switch|p1a: Raging Bolt|Raging Bolt|100/100
|move|p2a: TREE?|Shadow Ball|p1a: Raging Bolt
|-damage|p1a: Raging Bolt|58/100
|-unboost|p1a: Raging Bolt|spd|1
|
|upkeep
|turn|17
|
|t:|1781362387
|move|p1a: Raging Bolt|Thunderclap|p2a: TREE?
|-supereffective|p2a: TREE?
|-damage|p2a: TREE?|0 fnt
|faint|p2a: TREE?
|
|upkeep
|
|t:|1781362392
|switch|p2a: SUPA|Kingambit, F|100/100
|-damage|p2a: SUPA|94/100|[from] Stealth Rock
|-activate|p2a: SUPA|ability: Supreme Overlord
|-start|p2a: SUPA|fallen3|[silent]
|-item|p2a: SUPA|Air Balloon
|turn|18
|l| have we gone
|
|t:|1781362405
|-end|p1a: Raging Bolt|Protosynthesis|[silent]
|switch|p1a: Enamorus|Enamorus, F|28/100
|move|p2a: SUPA|Swords Dance|p2a: SUPA
|-boost|p2a: SUPA|atk|2
|
|upkeep
|turn|19
|
|t:|1781362415
|move|p2a: SUPA|Sucker Punch||[still]
|-fail|p2a: SUPA
|move|p1a: Enamorus|Healing Wish|p1a: Enamorus
|faint|p1a: Enamorus
|
|upkeep
|
|t:|1781362417
|switch|p1a: Skeledirge|Skeledirge, F|100/100
|turn|20
|
|t:|1781362422
|-terastallize|p1a: Skeledirge|Fairy
|move|p2a: SUPA|Kowtow Cleave|p1a: Skeledirge
|-resisted|p1a: Skeledirge
|-damage|p1a: Skeledirge|74/100
|move|p1a: Skeledirge|Will-O-Wisp|p2a: SUPA
|-status|p2a: SUPA|brn
|
|-damage|p2a: SUPA|88/100 brn|[from] brn
|upkeep
|turn|21
|
|t:|1781362432
|move|p2a: SUPA|Iron Head|p1a: Skeledirge
|-supereffective|p1a: Skeledirge
|-damage|p1a: Skeledirge|32/100
|move|p1a: Skeledirge|Slack Off|p1a: Skeledirge
|-heal|p1a: Skeledirge|82/100
|
|-damage|p2a: SUPA|82/100 brn|[from] brn
|upkeep
|turn|22
|
|t:|1781362438
|move|p2a: SUPA|Swords Dance|p2a: SUPA
|-boost|p2a: SUPA|atk|2
|move|p1a: Skeledirge|Slack Off|p1a: Skeledirge
|-heal|p1a: Skeledirge|100/100
|
|-damage|p2a: SUPA|76/100 brn|[from] brn
|upkeep
|turn|23
|
|t:|1781362441
|move|p2a: SUPA|Iron Head|p1a: Skeledirge
|-supereffective|p1a: Skeledirge
|-damage|p1a: Skeledirge|57/100
|move|p1a: Skeledirge|Torch Song|p2a: SUPA
|-supereffective|p2a: SUPA
|-damage|p2a: SUPA|7/100 brn
|-boost|p1a: Skeledirge|spa|1
|-enditem|p2a: SUPA|Air Balloon
|
|-damage|p2a: SUPA|0 fnt|[from] brn
|faint|p2a: SUPA
|-end|p2a: SUPA|fallen3|[silent]
|upkeep
|
|t:|1781362446
|switch|p2a: CALA|Iron Moth|86/100
|-damage|p2a: CALA|61/100|[from] Stealth Rock
|turn|24
|
|t:|1781362454
|move|p2a: CALA|Sludge Wave|p1a: Skeledirge
|-supereffective|p1a: Skeledirge
|-damage|p1a: Skeledirge|0 fnt
|faint|p1a: Skeledirge
|
|upkeep
|
|t:|1781362459
|switch|p1a: Raging Bolt|Raging Bolt|58/100
|-heal|p1a: Raging Bolt|100/100|[from] move: Healing Wish
|turn|25
|
|t:|1781362463
|move|p2a: CALA|Substitute|p2a: CALA
|-start|p2a: CALA|Substitute
|-damage|p2a: CALA|36/100
|move|p1a: Raging Bolt|Volt Switch|p2a: CALA
|-end|p2a: CALA|Substitute
|
|t:|1781362466
|-end|p1a: Raging Bolt|Protosynthesis|[silent]
|switch|p1a: Rillaboom|Rillaboom, M|100/100|[from] Volt Switch
|-fieldstart|move: Grassy Terrain|[from] ability: Grassy Surge|[of] p1a: Rillaboom
|
|-heal|p2a: CALA|42/100|[from] Grassy Terrain
|upkeep
|turn|26
|
|t:|1781362471
|switch|p1a: Raging Bolt|Raging Bolt|100/100
|move|p2a: CALA|Sludge Wave|p1a: Raging Bolt
|-damage|p1a: Raging Bolt|50/100
|
|-heal|p2a: CALA|48/100|[from] Grassy Terrain
|-heal|p1a: Raging Bolt|57/100|[from] Grassy Terrain
|upkeep
|turn|27
|
|t:|1781362483
|move|p2a: CALA|Sludge Wave|p1a: Raging Bolt
|-crit|p1a: Raging Bolt
|-damage|p1a: Raging Bolt|0 fnt
|faint|p1a: Raging Bolt
|-end|p1a: Raging Bolt|Protosynthesis|[silent]
|
|-heal|p2a: CALA|54/100|[from] Grassy Terrain
|upkeep
|c|☆kochu_shak|mb
|
|t:|1781362489
|switch|p1a: Rillaboom|Rillaboom, M|100/100
|turn|28
|
|t:|1781362491
|move|p2a: CALA|Sludge Wave|p1a: Rillaboom
|-supereffective|p1a: Rillaboom
|-damage|p1a: Rillaboom|0 fnt
|faint|p1a: Rillaboom
|
|win|kochu_shak
|raw|Igoodnamename's rating: 1751 &rarr; <strong>1732</strong><br />(-19 for losing)
|raw|kochu_shak's rating: 1775 &rarr; <strong>1794</strong><br />(+19 for winning)
|c|☆Igoodnamename|ggs
|l|☆Igoodnamename
|player|p1|
|c|☆kochu_shak|gg
