|j|☆vaz214
|j|☆isaac_gam3r
|t:|1781460473
|gametype|singles
|player|p1|vaz214|266|1527
|player|p2|isaac_gam3r|acetrainer-gen4dp|1675
|gen|9
|tier|[Gen 9] OU
|rated|
|rule|HP Percentage Mod: HP is shown in percentages
|rule|Endless Battle Clause: Forcing endless battles is banned
|rule|Species Clause: Limit one of each Pokémon
|rule|OHKO Clause: OHKO moves are banned
|rule|Evasion Items Clause: Evasion items are banned
|rule|Evasion Moves Clause: Evasion moves are banned
|rule|Evasion Abilities Clause: Evasion abilities are banned
|rule|Sleep Moves Clause: Sleep-inducing moves are banned
|clearpoke
|poke|p1|Kyurem|
|poke|p1|Iron Valiant|
|poke|p1|Zamazenta-*|
|poke|p1|Darkrai|
|poke|p1|Latias, F|
|poke|p1|Gliscor, M|
|poke|p2|Primarina, F|
|poke|p2|Raging Bolt|
|poke|p2|Heatran, M|
|poke|p2|Weezing-Galar, M|
|poke|p2|Garchomp, M|
|poke|p2|Weavile, M|
|teampreview
|inactive|Battle timer is ON: inactive players will automatically lose when time's up. (requested by isaac_gam3r)
|
|t:|1781460477
|teamsize|p1|6
|teamsize|p2|6
|start
|switch|p1a: Gliscor|Gliscor, M, shiny|100/100
|switch|p2a: Weavile|Weavile, M, shiny|100/100
|-ability|p2a: Weavile|Pressure
|turn|1
|
|t:|1781460480
|move|p1a: Gliscor|Protect|p1a: Gliscor
|-singleturn|p1a: Gliscor|Protect
|move|p2a: Weavile|Knock Off|p1a: Gliscor
|-activate|p1a: Gliscor|move: Protect
|
|-status|p1a: Gliscor|tox|[from] item: Toxic Orb
|upkeep
|turn|2
|
|t:|1781460487
|switch|p1a: Zamazenta|Zamazenta|100/100
|-ability|p1a: Zamazenta|Dauntless Shield|boost
|-boost|p1a: Zamazenta|def|1
|move|p2a: Weavile|Triple Axel|p1a: Zamazenta
|-damage|p1a: Zamazenta|94/100
|-hitcount|p1a: Zamazenta|1
|
|upkeep
|turn|3
|
|t:|1781460504
|switch|p2a: Weezing|Weezing-Galar, M, shiny|100/100
|move|p1a: Zamazenta|Heavy Slam|p2a: Weezing
|-supereffective|p2a: Weezing
|-damage|p2a: Weezing|39/100
|-damage|p1a: Zamazenta|84/100|[from] item: Life Orb
|
|-heal|p2a: Weezing|45/100|[from] item: Black Sludge
|upkeep
|turn|4
|
|t:|1781460509
|switch|p2a: Garchomp|Garchomp, M|100/100
|move|p1a: Zamazenta|Heavy Slam|p2a: Garchomp
|-damage|p2a: Garchomp|76/100
|-damage|p1a: Zamazenta|72/100|[from] ability: Rough Skin|[of] p2a: Garchomp
|-damage|p1a: Zamazenta|62/100|[from] item: Life Orb
|
|upkeep
|turn|5
|
|t:|1781460513
|move|p2a: Garchomp|Earthquake|p1a: Zamazenta
|-damage|p1a: Zamazenta|28/100
|move|p1a: Zamazenta|Close Combat|p2a: Garchomp
|-damage|p2a: Garchomp|0 fnt
|-unboost|p1a: Zamazenta|def|1
|-unboost|p1a: Zamazenta|spd|1
|-damage|p1a: Zamazenta|16/100|[from] ability: Rough Skin|[of] p2a: Garchomp
|faint|p2a: Garchomp
|-damage|p1a: Zamazenta|6/100|[from] item: Life Orb
|
|upkeep
|
|t:|1781460517
|switch|p2a: Weavile|Weavile, M, shiny|100/100
|-ability|p2a: Weavile|Pressure
|turn|6
|
|t:|1781460520
|move|p2a: Weavile|Ice Shard|p1a: Zamazenta
|-damage|p1a: Zamazenta|0 fnt
|faint|p1a: Zamazenta
|
|upkeep
|
|t:|1781460525
|switch|p1a: Darkrai|Darkrai|100/100
|turn|7
|
|t:|1781460527
|move|p1a: Darkrai|Trick|p2a: Weavile
|-activate|p1a: Darkrai|move: Trick|[of] p2a: Weavile
|-item|p2a: Weavile|Choice Scarf|[from] move: Trick
|-item|p1a: Darkrai|Focus Sash|[from] move: Trick
|move|p2a: Weavile|Triple Axel|p1a: Darkrai
|-damage|p1a: Darkrai|88/100
|-damage|p1a: Darkrai|62/100
|-damage|p1a: Darkrai|20/100
|-hitcount|p1a: Darkrai|3
|
|upkeep
|turn|8
|
|t:|1781460541
|move|p2a: Weavile|Triple Axel|p1a: Darkrai|[miss]
|-miss|p2a: Weavile|p1a: Darkrai
|move|p1a: Darkrai|Sludge Bomb|p2a: Weavile
|-damage|p2a: Weavile|57/100
|-status|p2a: Weavile|psn
|
|-damage|p2a: Weavile|45/100 psn|[from] psn
|upkeep
|turn|9
|
|t:|1781460545
|move|p2a: Weavile|Triple Axel|p1a: Darkrai
|-damage|p1a: Darkrai|5/100
|-damage|p1a: Darkrai|0 fnt
|faint|p1a: Darkrai
|-hitcount|p1: Darkrai|2
|
|-damage|p2a: Weavile|33/100 psn|[from] psn
|upkeep
|
|t:|1781460552
|switch|p1a: Latias|Latias, F, shiny|100/100
|turn|10
|
|t:|1781460563
|-terastallize|p1a: Latias|Poison
|move|p2a: Weavile|Triple Axel|p1a: Latias
|-damage|p1a: Latias|91/100
|-damage|p1a: Latias|70/100
|-crit|p1a: Latias
|-damage|p1a: Latias|21/100
|-hitcount|p1a: Latias|3
|move|p1a: Latias|Calm Mind|p1a: Latias
|-boost|p1a: Latias|spa|1
|-boost|p1a: Latias|spd|1
|
|-damage|p2a: Weavile|20/100 psn|[from] psn
|upkeep
|turn|11
|
|t:|1781460570
|move|p2a: Weavile|Triple Axel|p1a: Latias
|-damage|p1a: Latias|10/100
|-damage|p1a: Latias|0 fnt
|faint|p1a: Latias
|-hitcount|p1: Latias|2
|
|-damage|p2a: Weavile|8/100 psn|[from] psn
|upkeep
|
|t:|1781460577
|switch|p1a: Kyurem|Kyurem, shiny|100/100
|-ability|p1a: Kyurem|Pressure
|turn|12
|
|t:|1781460584
|move|p2a: Weavile|Triple Axel|p1a: Kyurem
|-damage|p1a: Kyurem|91/100
|-damage|p1a: Kyurem|73/100
|-damage|p1a: Kyurem|46/100
|-hitcount|p1a: Kyurem|3
|move|p1a: Kyurem|Dragon Dance|p1a: Kyurem
|-boost|p1a: Kyurem|atk|1
|-boost|p1a: Kyurem|spe|1
|
|-damage|p2a: Weavile|0 fnt|[from] psn
|faint|p2a: Weavile
|upkeep
|
|t:|1781460589
|switch|p2a: Weezing|Weezing-Galar, M, shiny|45/100
|turn|13
|
|t:|1781460592
|move|p1a: Kyurem|Iron Head|p2a: Weezing
|-supereffective|p2a: Weezing
|-damage|p2a: Weezing|0 fnt
|faint|p2a: Weezing
|
|upkeep
|
|t:|1781460595
|switch|p2a: Heatran|Heatran, M|100/100
|turn|14
|
|t:|1781460600
|move|p1a: Kyurem|Scale Shot|p2a: Heatran
|-resisted|p2a: Heatran
|-damage|p2a: Heatran|91/100
|-resisted|p2a: Heatran
|-damage|p2a: Heatran|83/100
|-resisted|p2a: Heatran
|-crit|p2a: Heatran
|-damage|p2a: Heatran|69/100
|-resisted|p2a: Heatran
|-damage|p2a: Heatran|61/100
|-resisted|p2a: Heatran
|-damage|p2a: Heatran|51/100
|-hitcount|p2a: Heatran|5
|-unboost|p1a: Kyurem|def|1
|-boost|p1a: Kyurem|spe|1
|move|p2a: Heatran|Flash Cannon|p1a: Kyurem
|-supereffective|p1a: Kyurem
|-damage|p1a: Kyurem|0 fnt
|faint|p1a: Kyurem
|
|upkeep
|
|t:|1781460606
|switch|p1a: Gliscor|Gliscor, M, shiny|100/100 tox
|turn|15
|
|t:|1781460612
|move|p1a: Gliscor|Stealth Rock|p2a: Heatran
|-sidestart|p2: isaac_gam3r|move: Stealth Rock
|move|p2a: Heatran|Flash Cannon|p1a: Gliscor
|-damage|p1a: Gliscor|50/100 tox
|
|-heal|p1a: Gliscor|63/100 tox|[from] ability: Poison Heal
|upkeep
|turn|16
|
|t:|1781460617
|move|p1a: Gliscor|Earthquake|p2a: Heatran
|-supereffective|p2a: Heatran
|-damage|p2a: Heatran|0 fnt
|faint|p2a: Heatran
|
|-heal|p1a: Gliscor|75/100 tox|[from] ability: Poison Heal
|upkeep
|
|t:|1781460619
|switch|p2a: Primarina|Primarina, F, shiny|100/100
|-damage|p2a: Primarina|88/100|[from] Stealth Rock
|turn|17
|
|t:|1781460628
|move|p1a: Gliscor|Protect|p1a: Gliscor
|-singleturn|p1a: Gliscor|Protect
|move|p2a: Primarina|Calm Mind|p2a: Primarina
|-boost|p2a: Primarina|spa|1
|-boost|p2a: Primarina|spd|1
|
|-heal|p2a: Primarina|94/100|[from] item: Leftovers
|-heal|p1a: Gliscor|88/100 tox|[from] ability: Poison Heal
|upkeep
|turn|18
|
|t:|1781460636
|move|p1a: Gliscor|Toxic|p2a: Primarina
|-status|p2a: Primarina|tox
|move|p2a: Primarina|Sparkling Aria|p1a: Gliscor
|-supereffective|p1a: Gliscor
|-damage|p1a: Gliscor|0 fnt
|faint|p1a: Gliscor
|
|-heal|p2a: Primarina|99/100 tox|[from] item: Leftovers
|-damage|p2a: Primarina|94/100 tox|[from] psn
|upkeep
|
|t:|1781460638
|switch|p1a: Iron Valiant|Iron Valiant, shiny|100/100
|-enditem|p1a: Iron Valiant|Booster Energy
|-activate|p1a: Iron Valiant|ability: Quark Drive|[fromitem]
|-start|p1a: Iron Valiant|quarkdrivespe
|turn|19
|
|t:|1781460643
|move|p1a: Iron Valiant|Substitute|p1a: Iron Valiant
|-start|p1a: Iron Valiant|Substitute
|-damage|p1a: Iron Valiant|76/100
|move|p2a: Primarina|Draining Kiss|p1a: Iron Valiant
|-supereffective|p1a: Iron Valiant
|-end|p1a: Iron Valiant|Substitute
|-heal|p2a: Primarina|100/100 tox|[from] drain|[of] p1a: Iron Valiant
|
|-damage|p2a: Primarina|88/100 tox|[from] psn
|upkeep
|turn|20
|
|t:|1781460648
|move|p1a: Iron Valiant|Substitute|p1a: Iron Valiant
|-start|p1a: Iron Valiant|Substitute
|-damage|p1a: Iron Valiant|51/100
|move|p2a: Primarina|Sparkling Aria|p1a: Iron Valiant
|-damage|p1a: Iron Valiant|0 fnt
|faint|p1a: Iron Valiant
|-end|p1a: Iron Valiant|Quark Drive|[silent]
|
|win|isaac_gam3r
|raw|vaz214's rating: 1527 &rarr; <strong>1515</strong><br />(-12 for losing)
|raw|isaac_gam3r's rating: 1675 &rarr; <strong>1687</strong><br />(+12 for winning)
|l|☆isaac_gam3r
|player|p2|
|l|☆vaz214
|player|p1|
