|j|☆Jewgi_moto
|j|☆lengyue007
|t:|1781256702
|gametype|singles
|player|p1|Jewgi_moto|2|1562
|player|p2|lengyue007|266|1554
|gen|9
|tier|[Gen 9] OU
|rated|
|rule|HP Percentage Mod: HP is shown in percentages
|rule|Endless Battle Clause: Forcing endless battles is banned
|rule|Species Clause: Limit one of each Pokémon
|rule|OHKO Clause: OHKO moves are banned
|rule|Evasion Items Clause: Evasion items are banned
|rule|Evasion Moves Clause: Evasion moves are banned
|rule|Evasion Abilities Clause: Evasion abilities are banned
|rule|Sleep Moves Clause: Sleep-inducing moves are banned
|clearpoke
|poke|p1|Hoopa-Unbound|
|poke|p1|Moltres|
|poke|p1|Zamazenta-*|
|poke|p1|Cinderace, M|
|poke|p1|Volcanion|
|poke|p1|Dragonite, M|
|poke|p2|Zamazenta-*|
|poke|p2|Dragapult, M|
|poke|p2|Raging Bolt|
|poke|p2|Moltres|
|poke|p2|Iron Treads|
|poke|p2|Samurott-Hisui, M|
|teampreview
|inactive|Battle timer is ON: inactive players will automatically lose when time's up. (requested by lengyue007)
|
|t:|1781256719
|teamsize|p1|6
|teamsize|p2|6
|start
|switch|p1a: Hoopa|Hoopa-Unbound|100/100
|switch|p2a: 24岁 喜欢发射孩子|Dragapult, M|100/100
|turn|1
|
|t:|1781256725
|move|p1a: Hoopa|Knock Off|p2a: 24岁 喜欢发射孩子
|-supereffective|p2a: 24岁 喜欢发射孩子
|-damage|p2a: 24岁 喜欢发射孩子|0 fnt
|-enditem|p2a: 24岁 喜欢发射孩子|Choice Specs|[from] move: Knock Off|[of] p1a: Hoopa
|faint|p2a: 24岁 喜欢发射孩子
|
|upkeep
|
|t:|1781256740
|switch|p2a: 90%≠don't blunder|Samurott-Hisui, M|100/100
|turn|2
|
|t:|1781256744
|switch|p1a: Moltres|Moltres|100/100
|move|p2a: 90%≠don't blunder|Razor Shell|p1a: Moltres
|-supereffective|p1a: Moltres
|-crit|p1a: Moltres
|-damage|p1a: Moltres|0 fnt
|-status|p2a: 90%≠don't blunder|brn|[from] ability: Flame Body|[of] p1a: Moltres
|faint|p1a: Moltres
|
|-damage|p2a: 90%≠don't blunder|94/100 brn|[from] brn
|upkeep
|
|t:|1781256757
|switch|p1a: Hoopa|Hoopa-Unbound|100/100
|turn|3
|
|t:|1781256763
|move|p1a: Hoopa|Thunderbolt|p2a: 90%≠don't blunder
|-supereffective|p2a: 90%≠don't blunder
|-damage|p2a: 90%≠don't blunder|0 fnt
|faint|p2a: 90%≠don't blunder
|
|upkeep
|
|t:|1781256767
|switch|p2a: 踩踩背|Iron Treads|100/100
|turn|4
|
|t:|1781256771
|switch|p1a: Zamazenta|Zamazenta|100/100
|-ability|p1a: Zamazenta|Dauntless Shield|boost
|-boost|p1a: Zamazenta|def|1
|move|p2a: 踩踩背|Knock Off|p1a: Zamazenta
|-resisted|p1a: Zamazenta
|-damage|p1a: Zamazenta|95/100
|-enditem|p1a: Zamazenta|Leftovers|[from] move: Knock Off|[of] p2a: 踩踩背
|
|upkeep
|turn|5
|
|t:|1781256782
|switch|p1a: Hoopa|Hoopa-Unbound|100/100
|-end|p2a: 踩踩背|Quark Drive|[silent]
|switch|p2a: Moltres|Moltres|100/100
|
|upkeep
|turn|6
|
|t:|1781256788
|move|p1a: Hoopa|Trick|p2a: Moltres
|-activate|p1a: Hoopa|move: Trick|[of] p2a: Moltres
|-item|p2a: Moltres|Choice Scarf|[from] move: Trick
|-item|p1a: Hoopa|Heavy-Duty Boots|[from] move: Trick
|move|p2a: Moltres|U-turn|p1a: Hoopa
|-supereffective|p1a: Hoopa
|-damage|p1a: Hoopa|0 fnt
|faint|p1a: Hoopa
|
|t:|1781256799
|switch|p2a: 长脖奶龙|Raging Bolt|100/100|[from] U-turn
|
|upkeep
|
|t:|1781256807
|switch|p1a: Zamazenta|Zamazenta|95/100
|turn|7
|
|t:|1781256813
|move|p1a: Zamazenta|Substitute|p1a: Zamazenta
|-start|p1a: Zamazenta|Substitute
|-damage|p1a: Zamazenta|70/100
|move|p2a: 长脖奶龙|Volt Switch|p1a: Zamazenta
|-end|p1a: Zamazenta|Substitute
|
|t:|1781256818
|-end|p2a: 长脖奶龙|Protosynthesis|[silent]
|switch|p2a: Moltres|Moltres|100/100|[from] Volt Switch
|
|upkeep
|turn|8
|
|t:|1781256822
|move|p1a: Zamazenta|Substitute|p1a: Zamazenta
|-start|p1a: Zamazenta|Substitute
|-damage|p1a: Zamazenta|45/100
|move|p2a: Moltres|Hurricane|p1a: Zamazenta
|-supereffective|p1a: Zamazenta
|-end|p1a: Zamazenta|Substitute
|
|upkeep
|turn|9
|
|t:|1781256829
|move|p1a: Zamazenta|Substitute|p1a: Zamazenta
|-start|p1a: Zamazenta|Substitute
|-damage|p1a: Zamazenta|20/100
|move|p2a: Moltres|Hurricane|p1a: Zamazenta|[miss]
|-miss|p2a: Moltres|p1a: Zamazenta
|
|upkeep
|turn|10
|
|t:|1781256835
|move|p1a: Zamazenta|Iron Defense|p1a: Zamazenta
|-boost|p1a: Zamazenta|def|2
|move|p2a: Moltres|Hurricane|p1a: Zamazenta
|-supereffective|p1a: Zamazenta
|-end|p1a: Zamazenta|Substitute
|
|upkeep
|turn|11
|
|t:|1781256841
|move|p1a: Zamazenta|Body Press|p2a: Moltres
|-resisted|p2a: Moltres
|-crit|p2a: Moltres
|-damage|p2a: Moltres|54/100
|move|p2a: Moltres|Hurricane|p1a: Zamazenta|[miss]
|-miss|p2a: Moltres|p1a: Zamazenta
|
|upkeep
|turn|12
|
|t:|1781256846
|move|p1a: Zamazenta|Body Press|p2a: Moltres
|-resisted|p2a: Moltres
|-damage|p2a: Moltres|20/100
|move|p2a: Moltres|Hurricane|p1a: Zamazenta|[miss]
|-miss|p2a: Moltres|p1a: Zamazenta
|
|upkeep
|turn|13
|
|t:|1781256855
|switch|p2a: 脑袋尖尖的|Zamazenta|100/100
|-ability|p2a: 脑袋尖尖的|Dauntless Shield|boost
|-boost|p2a: 脑袋尖尖的|def|1
|move|p1a: Zamazenta|Body Press|p2a: 脑袋尖尖的
|-damage|p2a: 脑袋尖尖的|62/100
|
|upkeep
|turn|14
|
|t:|1781256864
|move|p2a: 脑袋尖尖的|Psychic Fangs|p1a: Zamazenta
|-supereffective|p1a: Zamazenta
|-damage|p1a: Zamazenta|0 fnt
|faint|p1a: Zamazenta
|-damage|p2a: 脑袋尖尖的|53/100|[from] item: Life Orb
|
|upkeep
|
|t:|1781256870
|switch|p1a: Volcanion|Volcanion|100/100
|turn|15
|
|t:|1781256878
|switch|p2a: 长脖奶龙|Raging Bolt|100/100
|move|p1a: Volcanion|Steam Eruption|p2a: 长脖奶龙
|-resisted|p2a: 长脖奶龙
|-damage|p2a: 长脖奶龙|70/100
|-status|p2a: 长脖奶龙|brn
|
|-damage|p2a: 长脖奶龙|64/100 brn|[from] brn
|upkeep
|turn|16
|
|t:|1781256886
|-terastallize|p2a: 长脖奶龙|Fairy
|-terastallize|p1a: Volcanion|Ground
|move|p2a: 长脖奶龙|Thunderbolt|p1a: Volcanion
|-immune|p1a: Volcanion
|move|p1a: Volcanion|Earth Power|p2a: 长脖奶龙
|-damage|p2a: 长脖奶龙|15/100 brn
|
|-damage|p2a: 长脖奶龙|9/100 brn|[from] brn
|upkeep
|turn|17
|
|t:|1781256892
|move|p2a: 长脖奶龙|Draco Meteor|p1a: Volcanion
|-damage|p1a: Volcanion|50/100
|-unboost|p2a: 长脖奶龙|spa|2
|move|p1a: Volcanion|Earth Power|p2a: 长脖奶龙
|-damage|p2a: 长脖奶龙|0 fnt
|faint|p2a: 长脖奶龙
|-end|p2a: 长脖奶龙|Protosynthesis|[silent]
|
|upkeep
|
|t:|1781256901
|switch|p2a: 脑袋尖尖的|Zamazenta|53/100
|turn|18
|
|t:|1781256908
|move|p2a: 脑袋尖尖的|Close Combat|p1a: Volcanion
|-damage|p1a: Volcanion|0 fnt
|-unboost|p2a: 脑袋尖尖的|def|1
|-unboost|p2a: 脑袋尖尖的|spd|1
|faint|p1a: Volcanion
|-damage|p2a: 脑袋尖尖的|43/100|[from] item: Life Orb
|
|upkeep
|
|t:|1781256914
|switch|p1a: Dragonite|Dragonite, M|100/100
|turn|19
|
|t:|1781256921
|move|p2a: 脑袋尖尖的|Ice Fang|p1a: Dragonite
|-supereffective|p1a: Dragonite
|-damage|p1a: Dragonite|47/100
|-damage|p2a: 脑袋尖尖的|33/100|[from] item: Life Orb
|move|p1a: Dragonite|Dragon Dance|p1a: Dragonite
|-boost|p1a: Dragonite|atk|1
|-boost|p1a: Dragonite|spe|1
|
|upkeep
|turn|20
|
|t:|1781256930
|switch|p2a: Moltres|Moltres|20/100
|move|p1a: Dragonite|Extreme Speed|p2a: Moltres
|-damage|p2a: Moltres|0 fnt
|faint|p2a: Moltres
|
|upkeep
|
|t:|1781256936
|switch|p2a: 踩踩背|Iron Treads|100/100
|turn|21
|
|t:|1781256948
|move|p1a: Dragonite|Roost|p1a: Dragonite
|-heal|p1a: Dragonite|98/100
|-singleturn|p1a: Dragonite|move: Roost
|move|p2a: 踩踩背|Knock Off|p1a: Dragonite
|-damage|p1a: Dragonite|71/100
|-enditem|p1a: Dragonite|Heavy-Duty Boots|[from] move: Knock Off|[of] p2a: 踩踩背
|
|upkeep
|turn|22
|
|t:|1781256955
|move|p1a: Dragonite|Roost|p1a: Dragonite
|-heal|p1a: Dragonite|100/100
|-singleturn|p1a: Dragonite|move: Roost
|move|p2a: 踩踩背|Rapid Spin|p1a: Dragonite
|-damage|p1a: Dragonite|94/100
|-boost|p2a: 踩踩背|spe|1
|
|upkeep
|turn|23
|
|t:|1781256961
|move|p2a: 踩踩背|Knock Off|p1a: Dragonite
|-damage|p1a: Dragonite|76/100
|move|p1a: Dragonite|Dragon Dance|p1a: Dragonite
|-boost|p1a: Dragonite|atk|1
|-boost|p1a: Dragonite|spe|1
|
|upkeep
|turn|24
|-message|lengyue007 forfeited.
|
|win|Jewgi_moto
|raw|Jewgi_moto's rating: 1562 &rarr; <strong>1582</strong><br />(+20 for winning)
|raw|lengyue007's rating: 1554 &rarr; <strong>1534</strong><br />(-20 for losing)
|l|☆lengyue007
|player|p2|
|l|☆Jewgi_moto
|player|p1|
