|j|☆Galarian Blades
|j|☆BlackStar150520
|t:|1781545926
|gametype|singles
|player|p1|Galarian Blades|#capplxiwutangclants|1751
|player|p2|BlackStar150520|unknown|1831
|gen|9
|tier|[Gen 9] OU
|rated|
|rule|HP Percentage Mod: HP is shown in percentages
|rule|Endless Battle Clause: Forcing endless battles is banned
|rule|Species Clause: Limit one of each Pokémon
|rule|OHKO Clause: OHKO moves are banned
|rule|Evasion Items Clause: Evasion items are banned
|rule|Evasion Moves Clause: Evasion moves are banned
|rule|Evasion Abilities Clause: Evasion abilities are banned
|rule|Sleep Moves Clause: Sleep-inducing moves are banned
|clearpoke
|poke|p1|Zamazenta-*|
|poke|p1|Dragonite, F|
|poke|p1|Kyurem|
|poke|p1|Hatterene, F|
|poke|p1|Kingambit, M|
|poke|p1|Landorus-Therian, M|
|poke|p2|Raging Bolt|
|poke|p2|Kingambit, M|
|poke|p2|Iron Moth|
|poke|p2|Ogerpon-Wellspring, F|
|poke|p2|Scizor, M|
|poke|p2|Great Tusk|
|teampreview
|inactive|Battle timer is ON: inactive players will automatically lose when time's up. (requested by BlackStar150520)
|inactive|Galarian Blades also wants the timer to be on.
|j| Krokmouyoyo
|
|t:|1781545939
|teamsize|p1|6
|teamsize|p2|6
|start
|switch|p1a: Landorus|Landorus-Therian, M|100/100
|switch|p2a: Red Lightning|Scizor, M|100/100
|-ability|p1a: Landorus|Intimidate|boost
|-unboost|p2a: Red Lightning|atk|1
|turn|1
|
|t:|1781545944
|move|p1a: Landorus|Stealth Rock|p2a: Red Lightning
|-sidestart|p2: BlackStar150520|move: Stealth Rock
|move|p2a: Red Lightning|U-turn|p1a: Landorus
|-resisted|p1a: Landorus
|-damage|p1a: Landorus|86/100
|-damage|p2a: Red Lightning|84/100|[from] item: Rocky Helmet|[of] p1a: Landorus
|
|t:|1781545946
|switch|p2a: 🎭|Ogerpon-Wellspring, F|100/100|[from] U-turn
|-damage|p2a: 🎭|88/100|[from] Stealth Rock
|
|upkeep
|turn|2
|j| Fat_Yogi
|
|t:|1781545968
|switch|p1a: Zama BinLadderin|Zamazenta|100/100
|-ability|p1a: Zama BinLadderin|Dauntless Shield|boost
|-boost|p1a: Zama BinLadderin|def|1
|move|p2a: 🎭|Ivy Cudgel|p1a: Zama BinLadderin|[anim] Ivy Cudgel Water
|-damage|p1a: Zama BinLadderin|64/100
|
|upkeep
|turn|3
|
|t:|1781545972
|switch|p2a: Mega Donphan|Great Tusk|100/100
|move|p1a: Zama BinLadderin|Close Combat|p2a: Mega Donphan
|-damage|p2a: Mega Donphan|42/100
|-unboost|p1a: Zama BinLadderin|def|1
|-unboost|p1a: Zama BinLadderin|spd|1
|-damage|p1a: Zama BinLadderin|54/100|[from] item: Life Orb
|
|upkeep
|turn|4
|
|t:|1781545979
|move|p1a: Zama BinLadderin|Close Combat|p2a: Mega Donphan
|-damage|p2a: Mega Donphan|0 fnt
|-unboost|p1a: Zama BinLadderin|def|1
|-unboost|p1a: Zama BinLadderin|spd|1
|faint|p2a: Mega Donphan
|-end|p2a: Mega Donphan|Protosynthesis|[silent]
|-damage|p1a: Zama BinLadderin|44/100|[from] item: Life Orb
|
|upkeep
|
|t:|1781545985
|switch|p2a: Red Lightning|Scizor, M|84/100
|-damage|p2a: Red Lightning|72/100|[from] Stealth Rock
|turn|5
|
|t:|1781545988
|switch|p1a: Landorus|Landorus-Therian, M|86/100
|-ability|p1a: Landorus|Intimidate|boost
|-unboost|p2a: Red Lightning|atk|1
|move|p2a: Red Lightning|Bullet Punch|p1a: Landorus
|-damage|p1a: Landorus|58/100
|-damage|p2a: Red Lightning|55/100|[from] item: Rocky Helmet|[of] p1a: Landorus
|
|upkeep
|turn|6
|
|t:|1781545994
|move|p2a: Red Lightning|Bullet Punch|p1a: Landorus
|-damage|p1a: Landorus|31/100
|-damage|p2a: Red Lightning|39/100|[from] item: Rocky Helmet|[of] p1a: Landorus
|move|p1a: Landorus|Sandsear Storm|p2a: Red Lightning|[miss]
|-miss|p1a: Landorus|p2a: Red Lightning
|
|upkeep
|turn|7
|
|t:|1781545997
|switch|p2a: 🎭|Ogerpon-Wellspring, F|88/100
|-damage|p2a: 🎭|76/100|[from] Stealth Rock
|move|p1a: Landorus|Sandsear Storm|p2a: 🎭
|-resisted|p2a: 🎭
|-damage|p2a: 🎭|56/100
|
|upkeep
|turn|8
|
|t:|1781546001
|move|p2a: 🎭|Ivy Cudgel|p1a: Landorus|[anim] Ivy Cudgel Water
|-supereffective|p1a: Landorus
|-damage|p1a: Landorus|0 fnt
|faint|p1a: Landorus
|
|upkeep
|
|t:|1781546011
|switch|p1a: Zama BinLadderin|Zamazenta|44/100
|turn|9
|
|t:|1781546015
|move|p1a: Zama BinLadderin|Close Combat|p2a: 🎭
|-damage|p2a: 🎭|0 fnt
|-unboost|p1a: Zama BinLadderin|def|1
|-unboost|p1a: Zama BinLadderin|spd|1
|faint|p2a: 🎭
|-damage|p1a: Zama BinLadderin|34/100|[from] item: Life Orb
|
|upkeep
|
|t:|1781546019
|switch|p2a: Red Lightning|Scizor, M|39/100
|-damage|p2a: Red Lightning|27/100|[from] Stealth Rock
|turn|10
|
|t:|1781546024
|switch|p1a: Kingambit|Kingambit, M|100/100
|-activate|p1a: Kingambit|ability: Supreme Overlord
|-start|p1a: Kingambit|fallen1|[silent]
|move|p2a: Red Lightning|Bullet Punch|p1a: Kingambit
|-resisted|p1a: Kingambit
|-damage|p1a: Kingambit|80/100
|
|-heal|p1a: Kingambit|86/100|[from] item: Leftovers
|upkeep
|turn|11
|
|t:|1781546037
|move|p2a: Red Lightning|Bullet Punch|p1a: Kingambit
|-resisted|p1a: Kingambit
|-damage|p1a: Kingambit|64/100
|move|p1a: Kingambit|Low Kick|p2a: Red Lightning
|-damage|p2a: Red Lightning|0 fnt
|faint|p2a: Red Lightning
|
|-heal|p1a: Kingambit|71/100|[from] item: Leftovers
|upkeep
|
|t:|1781546044
|switch|p2a: Robo Rona|Iron Moth|100/100
|-damage|p2a: Robo Rona|75/100|[from] Stealth Rock
|-enditem|p2a: Robo Rona|Booster Energy
|-activate|p2a: Robo Rona|ability: Quark Drive|[fromitem]
|-start|p2a: Robo Rona|quarkdrivespe
|turn|12
|
|t:|1781546048
|move|p2a: Robo Rona|Fiery Dance|p1a: Kingambit
|-supereffective|p1a: Kingambit
|-damage|p1a: Kingambit|0 fnt
|faint|p1a: Kingambit
|-end|p1a: Kingambit|fallen1|[silent]
|
|upkeep
|
|t:|1781546054
|switch|p1a: Kyurem|Kyurem|100/100
|-ability|p1a: Kyurem|Pressure
|turn|13
|
|t:|1781546059
|move|p2a: Robo Rona|Dazzling Gleam|p1a: Kyurem
|-supereffective|p1a: Kyurem
|-damage|p1a: Kyurem|76/100
|move|p1a: Kyurem|Earth Power|p2a: Robo Rona
|-supereffective|p2a: Robo Rona
|-damage|p2a: Robo Rona|0 fnt
|faint|p2a: Robo Rona
|-end|p2a: Robo Rona|Quark Drive|[silent]
|
|upkeep
|
|t:|1781546070
|switch|p2a: Aizen🗡️|Kingambit, M, shiny|100/100
|-damage|p2a: Aizen🗡️|94/100|[from] Stealth Rock
|-activate|p2a: Aizen🗡️|ability: Supreme Overlord
|-start|p2a: Aizen🗡️|fallen4|[silent]
|turn|14
|
|t:|1781546079
|move|p1a: Kyurem|Earth Power|p2a: Aizen🗡️
|-supereffective|p2a: Aizen🗡️
|-damage|p2a: Aizen🗡️|32/100
|move|p2a: Aizen🗡️|Iron Head|p1a: Kyurem
|-supereffective|p1a: Kyurem
|-damage|p1a: Kyurem|0 fnt
|faint|p1a: Kyurem
|
|-heal|p2a: Aizen🗡️|38/100|[from] item: Leftovers
|upkeep
|
|t:|1781546101
|switch|p1a: Dragonite|Dragonite, F|100/100
|turn|15
|
|t:|1781546105
|move|p2a: Aizen🗡️|Sucker Punch|p1a: Dragonite
|-damage|p1a: Dragonite|71/100
|move|p1a: Dragonite|Earthquake|p2a: Aizen🗡️
|-supereffective|p2a: Aizen🗡️
|-damage|p2a: Aizen🗡️|0 fnt
|faint|p2a: Aizen🗡️
|-end|p2a: Aizen🗡️|fallen4|[silent]
|
|upkeep
|
|t:|1781546108
|switch|p2a: ⚡️|Raging Bolt|100/100
|-damage|p2a: ⚡️|88/100|[from] Stealth Rock
|turn|16
|
|t:|1781546118
|-terastallize|p2a: ⚡️|Bug
|move|p1a: Dragonite|Earthquake|p2a: ⚡️
|-resisted|p2a: ⚡️
|-damage|p2a: ⚡️|69/100
|move|p2a: ⚡️|Dragon Pulse|p1a: Dragonite
|-supereffective|p1a: Dragonite
|-damage|p1a: Dragonite|0 fnt
|faint|p1a: Dragonite
|
|-heal|p2a: ⚡️|75/100|[from] item: Leftovers
|upkeep
|
|t:|1781546121
|switch|p1a: Hatterene|Hatterene, F|100/100
|turn|17
|
|t:|1781546127
|move|p2a: ⚡️|Calm Mind|p2a: ⚡️
|-boost|p2a: ⚡️|spa|1
|-boost|p2a: ⚡️|spd|1
|move|p1a: Hatterene|Mystical Fire|p2a: ⚡️
|-supereffective|p2a: ⚡️
|-damage|p2a: ⚡️|45/100
|-unboost|p2a: ⚡️|spa|1
|
|-heal|p2a: ⚡️|51/100|[from] item: Leftovers
|upkeep
|turn|18
|
|t:|1781546135
|move|p2a: ⚡️|Calm Mind|p2a: ⚡️
|-boost|p2a: ⚡️|spa|1
|-boost|p2a: ⚡️|spd|1
|move|p1a: Hatterene|Mystical Fire|p2a: ⚡️
|-supereffective|p2a: ⚡️
|-damage|p2a: ⚡️|29/100
|-unboost|p2a: ⚡️|spa|1
|
|-heal|p2a: ⚡️|35/100|[from] item: Leftovers
|upkeep
|turn|19
|
|t:|1781546145
|move|p2a: ⚡️|Thunderbolt|p1a: Hatterene
|-damage|p1a: Hatterene|58/100
|move|p1a: Hatterene|Mystical Fire|p2a: ⚡️
|-supereffective|p2a: ⚡️
|-damage|p2a: ⚡️|15/100
|-unboost|p2a: ⚡️|spa|1
|
|-heal|p2a: ⚡️|21/100|[from] item: Leftovers
|upkeep
|turn|20
|
|t:|1781546151
|move|p2a: ⚡️|Thunderbolt|p1a: Hatterene
|-damage|p1a: Hatterene|30/100
|move|p1a: Hatterene|Mystical Fire|p2a: ⚡️
|-supereffective|p2a: ⚡️
|-damage|p2a: ⚡️|0 fnt
|faint|p2a: ⚡️
|-end|p2a: ⚡️|Protosynthesis|[silent]
|
|win|Galarian Blades
|raw|Galarian Blades's rating: 1751 &rarr; <strong>1776</strong><br />(+25 for winning)
|raw|BlackStar150520's rating: 1831 &rarr; <strong>1806</strong><br />(-25 for losing)
|l|☆BlackStar150520
|player|p2|
|c|☆Galarian Blades|gg
|l|☆Galarian Blades
|player|p1|
|l| Krokmouyoyo
|l| Fat_Yogi
