|j|☆Juchzer
|j|☆JacquesDeAlderberg
|t:|1781004731
|gametype|singles
|player|p1|Juchzer|1|1664
|player|p2|JacquesDeAlderberg|169|1681
|gen|9
|tier|[Gen 9] OU
|rated|
|rule|HP Percentage Mod: HP is shown in percentages
|rule|Endless Battle Clause: Forcing endless battles is banned
|rule|Species Clause: Limit one of each Pokémon
|rule|OHKO Clause: OHKO moves are banned
|rule|Evasion Items Clause: Evasion items are banned
|rule|Evasion Moves Clause: Evasion moves are banned
|rule|Evasion Abilities Clause: Evasion abilities are banned
|rule|Sleep Moves Clause: Sleep-inducing moves are banned
|clearpoke
|poke|p1|Hoopa-Unbound|
|poke|p1|Ceruledge, F|
|poke|p1|Great Tusk|
|poke|p1|Scizor, F|
|poke|p1|Primarina, M|
|poke|p1|Landorus-Therian, M|
|poke|p2|Iron Crown|
|poke|p2|Enamorus, F|
|poke|p2|Great Tusk|
|poke|p2|Probopass, F|
|poke|p2|Deoxys-Speed|
|poke|p2|Dragapult, M|
|teampreview
|inactive|Battle timer is ON: inactive players will automatically lose when time's up. (requested by Juchzer)
|
|t:|1781004751
|teamsize|p1|6
|teamsize|p2|6
|start
|switch|p1a: Landorus|Landorus-Therian, M|100/100
|switch|p2a: Deoxys|Deoxys-Speed|100/100
|-ability|p2a: Deoxys|Pressure
|-ability|p1a: Landorus|Intimidate|boost
|-unboost|p2a: Deoxys|atk|1
|-enditem|p2a: Deoxys|Eject Pack
|
|t:|1781004755
|switch|p2a: Enamorus|Enamorus, F|100/100
|turn|1
|c|☆Juchzer|:)
|
|t:|1781004762
|switch|p1a: Primarina|Primarina, M|100/100
|move|p2a: Enamorus|Moonblast|p1a: Primarina
|-damage|p1a: Primarina|64/100
|
|upkeep
|turn|2
|j| hattybatty304
|
|t:|1781004774
|move|p2a: Enamorus|Moonblast|p1a: Primarina
|-damage|p1a: Primarina|27/100
|move|p1a: Primarina|Flip Turn|p2a: Enamorus
|-damage|p2a: Enamorus|79/100
|
|t:|1781004779
|switch|p1a: Scizor|Scizor, F|100/100|[from] Flip Turn
|
|upkeep
|turn|3
|
|t:|1781004783
|switch|p2a: Probopass|Probopass, F|100/100
|move|p1a: Scizor|Swords Dance|p1a: Scizor
|-boost|p1a: Scizor|atk|2
|
|upkeep
|turn|4
|
|t:|1781004791
|move|p1a: Scizor|Close Combat|p2a: Probopass
|-supereffective|p2a: Probopass
|-damage|p2a: Probopass|0 fnt
|-unboost|p1a: Scizor|def|1
|-unboost|p1a: Scizor|spd|1
|-damage|p1a: Scizor|84/100|[from] item: Rocky Helmet|[of] p2a: Probopass
|faint|p2a: Probopass
|
|-heal|p1a: Scizor|90/100|[from] item: Leftovers
|upkeep
|
|t:|1781004794
|switch|p2a: Great Tusk|Great Tusk|100/100
|-enditem|p2a: Great Tusk|Booster Energy
|-activate|p2a: Great Tusk|ability: Protosynthesis|[fromitem]
|-start|p2a: Great Tusk|protosynthesisspe
|turn|5
|
|t:|1781004802
|-end|p2a: Great Tusk|Protosynthesis|[silent]
|switch|p2a: Deoxys|Deoxys-Speed|100/100
|-ability|p2a: Deoxys|Pressure
|-terastallize|p1a: Scizor|Flying
|move|p1a: Scizor|Dual Wingbeat|p2a: Deoxys
|-damage|p2a: Deoxys|0 fnt
|faint|p2a: Deoxys
|-hitcount|p2: Deoxys|1
|
|-heal|p1a: Scizor|96/100|[from] item: Leftovers
|upkeep
|
|t:|1781004807
|switch|p2a: Great Tusk|Great Tusk|100/100
|turn|6
|
|t:|1781004813
|move|p2a: Great Tusk|Rock Slide|p1a: Scizor
|-supereffective|p1a: Scizor
|-damage|p1a: Scizor|35/100
|cant|p1a: Scizor|flinch
|
|-heal|p1a: Scizor|42/100|[from] item: Leftovers
|upkeep
|turn|7
|
|t:|1781004821
|switch|p1a: Landorus|Landorus-Therian, M|100/100
|-ability|p1a: Landorus|Intimidate|boost
|-unboost|p2a: Great Tusk|atk|1
|move|p2a: Great Tusk|Rock Slide|p1a: Landorus
|-damage|p1a: Landorus|87/100
|
|upkeep
|turn|8
|
|t:|1781004828
|-end|p2a: Great Tusk|Protosynthesis|[silent]
|switch|p2a: Enamorus|Enamorus, F|79/100
|move|p1a: Landorus|Stealth Rock|p2a: Enamorus
|-sidestart|p2: JacquesDeAlderberg|move: Stealth Rock
|
|upkeep
|turn|9
|
|t:|1781004841
|switch|p1a: Primarina|Primarina, M|27/100
|move|p2a: Enamorus|Moonblast|p1a: Primarina
|-damage|p1a: Primarina|0 fnt
|faint|p1a: Primarina
|
|upkeep
|
|t:|1781004848
|switch|p1a: Ceruledge|Ceruledge, F|100/100
|turn|10
|
|t:|1781004855
|move|p2a: Enamorus|Earth Power|p1a: Ceruledge
|-supereffective|p1a: Ceruledge
|-damage|p1a: Ceruledge|23/100
|move|p1a: Ceruledge|Swords Dance|p1a: Ceruledge
|-boost|p1a: Ceruledge|atk|2
|
|upkeep
|turn|11
|
|t:|1781004858
|move|p1a: Ceruledge|Shadow Sneak|p2a: Enamorus
|-damage|p2a: Enamorus|3/100
|move|p2a: Enamorus|Earth Power|p1a: Ceruledge
|-supereffective|p1a: Ceruledge
|-damage|p1a: Ceruledge|0 fnt
|faint|p1a: Ceruledge
|
|upkeep
|
|t:|1781004861
|switch|p1a: Scizor|Scizor, F, tera:Flying|42/100
|turn|12
|
|t:|1781004864
|move|p1a: Scizor|Bullet Punch|p2a: Enamorus
|-supereffective|p2a: Enamorus
|-damage|p2a: Enamorus|0 fnt
|faint|p2a: Enamorus
|
|-heal|p1a: Scizor|48/100|[from] item: Leftovers
|upkeep
|
|t:|1781004866
|switch|p2a: Great Tusk|Great Tusk|100/100
|-damage|p2a: Great Tusk|98/100|[from] Stealth Rock
|turn|13
|
|t:|1781004871
|move|p2a: Great Tusk|Rapid Spin|p1a: Scizor
|-damage|p1a: Scizor|33/100
|-boost|p2a: Great Tusk|spe|1
|-sideend|p2: JacquesDeAlderberg|Stealth Rock|[from] move: Rapid Spin|[of] p2a: Great Tusk
|move|p1a: Scizor|Dual Wingbeat|p2a: Great Tusk
|-supereffective|p2a: Great Tusk
|-damage|p2a: Great Tusk|50/100
|-supereffective|p2a: Great Tusk
|-damage|p2a: Great Tusk|6/100
|-hitcount|p2a: Great Tusk|2
|
|-heal|p1a: Scizor|39/100|[from] item: Leftovers
|upkeep
|turn|14
|
|t:|1781004874
|move|p1a: Scizor|Bullet Punch|p2a: Great Tusk
|-damage|p2a: Great Tusk|0 fnt
|faint|p2a: Great Tusk
|-end|p2a: Great Tusk|Protosynthesis|[silent]
|
|-heal|p1a: Scizor|45/100|[from] item: Leftovers
|upkeep
|
|t:|1781004877
|switch|p2a: Iron Crown|Iron Crown|100/100
|-enditem|p2a: Iron Crown|Booster Energy
|-activate|p2a: Iron Crown|ability: Quark Drive|[fromitem]
|-start|p2a: Iron Crown|quarkdrivespe
|turn|15
|
|t:|1781004893
|move|p1a: Scizor|Bullet Punch|p2a: Iron Crown
|-resisted|p2a: Iron Crown
|-damage|p2a: Iron Crown|84/100
|move|p2a: Iron Crown|Tachyon Cutter|p1a: Scizor
|-damage|p1a: Scizor|15/100
|-damage|p1a: Scizor|0 fnt
|faint|p1a: Scizor
|-hitcount|p1: Scizor|2
|
|upkeep
|
|t:|1781004908
|switch|p1a: Landorus|Landorus-Therian, M|87/100
|-ability|p1a: Landorus|Intimidate|boost
|-unboost|p2a: Iron Crown|atk|1
|turn|16
|
|t:|1781004915
|move|p2a: Iron Crown|Tachyon Cutter|p1a: Landorus
|-damage|p1a: Landorus|62/100
|-damage|p1a: Landorus|34/100
|-hitcount|p1a: Landorus|2
|move|p1a: Landorus|Earthquake|p2a: Iron Crown
|-supereffective|p2a: Iron Crown
|-damage|p2a: Iron Crown|0 fnt
|faint|p2a: Iron Crown
|-end|p2a: Iron Crown|Quark Drive|[silent]
|
|upkeep
|
|t:|1781004917
|switch|p2a: Dragapult|Dragapult, M|100/100
|turn|17
|
|t:|1781004924
|move|p2a: Dragapult|Dragon Dance|p2a: Dragapult
|-boost|p2a: Dragapult|atk|1
|-boost|p2a: Dragapult|spe|1
|move|p1a: Landorus|Earthquake|p2a: Dragapult
|-damage|p2a: Dragapult|34/100
|
|-heal|p2a: Dragapult|40/100|[from] item: Leftovers
|upkeep
|turn|18
|
|t:|1781004928
|move|p2a: Dragapult|Dragon Darts|p1a: Landorus
|-damage|p1a: Landorus|0 fnt
|faint|p1a: Landorus
|
|-heal|p2a: Dragapult|46/100|[from] item: Leftovers
|upkeep
|
|t:|1781004936
|switch|p1a: Great Tusk|Great Tusk|100/100
|turn|19
|
|t:|1781004942
|move|p2a: Dragapult|Substitute|p2a: Dragapult
|-start|p2a: Dragapult|Substitute
|-damage|p2a: Dragapult|21/100
|move|p1a: Great Tusk|Headlong Rush|p2a: Dragapult
|-end|p2a: Dragapult|Substitute
|-unboost|p1a: Great Tusk|def|1
|-unboost|p1a: Great Tusk|spd|1
|
|-heal|p2a: Dragapult|27/100|[from] item: Leftovers
|upkeep
|turn|20
|
|t:|1781004950
|-end|p1a: Great Tusk|Protosynthesis|[silent]
|switch|p1a: Hoopa|Hoopa-Unbound|100/100
|-terastallize|p2a: Dragapult|Dragon
|move|p2a: Dragapult|Dragon Darts|p1a: Hoopa
|-damage|p1a: Hoopa|0 fnt
|faint|p1a: Hoopa
|
|-heal|p2a: Dragapult|33/100|[from] item: Leftovers
|upkeep
|
|t:|1781004954
|switch|p1a: Great Tusk|Great Tusk|100/100
|turn|21
|
|t:|1781004959
|move|p2a: Dragapult|Substitute|p2a: Dragapult
|-start|p2a: Dragapult|Substitute
|-damage|p2a: Dragapult|8/100
|move|p1a: Great Tusk|Ice Spinner|p2a: Dragapult
|-supereffective|p2a: Dragapult
|-end|p2a: Dragapult|Substitute
|
|-heal|p2a: Dragapult|14/100|[from] item: Leftovers
|upkeep
|turn|22
|
|t:|1781004962
|move|p2a: Dragapult|Dragon Darts|p1a: Great Tusk
|-damage|p1a: Great Tusk|64/100
|-anim|p2a: Dragapult|Dragon Darts|p1a: Great Tusk
|-damage|p1a: Great Tusk|28/100
|move|p1a: Great Tusk|Ice Spinner|p2a: Dragapult
|-supereffective|p2a: Dragapult
|-damage|p2a: Dragapult|0 fnt
|faint|p2a: Dragapult
|
|win|Juchzer
|raw|Juchzer's rating: 1664 &rarr; <strong>1685</strong><br />(+21 for winning)
|raw|JacquesDeAlderberg's rating: 1681 &rarr; <strong>1660</strong><br />(-21 for losing)
|c|☆Juchzer|gg
|l|☆JacquesDeAlderberg
|player|p2|
|l|☆Juchzer
|player|p1|
|l| hattybatty304
