|j|☆my2005
|j|‽Bring it on mon
|t:|1781247520
|gametype|singles
|player|p1|my2005|170|1606
|player|p2|Bring it on mon|galacticgruntf|1682
|gen|9
|tier|[Gen 9] OU
|rated|
|rule|HP Percentage Mod: HP is shown in percentages
|rule|Endless Battle Clause: Forcing endless battles is banned
|rule|Species Clause: Limit one of each Pokémon
|rule|OHKO Clause: OHKO moves are banned
|rule|Evasion Items Clause: Evasion items are banned
|rule|Evasion Moves Clause: Evasion moves are banned
|rule|Evasion Abilities Clause: Evasion abilities are banned
|rule|Sleep Moves Clause: Sleep-inducing moves are banned
|clearpoke
|poke|p1|Slowking-Galar, M|
|poke|p1|Whimsicott, M|
|poke|p1|Kyurem|
|poke|p1|Cinderace, F|
|poke|p1|Alomomola, F|
|poke|p1|Gliscor, M|
|poke|p2|Ninetales-Alola, M|
|poke|p2|Klefki, F|
|poke|p2|Maushold-Four|
|poke|p2|Latias, F|
|poke|p2|Okidogi, M|
|poke|p2|Ogerpon-Wellspring, F|
|teampreview
|inactive|Battle timer is ON: inactive players will automatically lose when time's up. (requested by Bring it on mon)
|
|t:|1781247532
|teamsize|p1|6
|teamsize|p2|6
|start
|switch|p1a: Cinderace|Cinderace, F|100/100
|switch|p2a: Klefki|Klefki, F|100/100
|turn|1
|
|t:|1781247541
|switch|p1a: Gliscor|Gliscor, M|100/100
|move|p2a: Klefki|Reflect|p2a: Klefki
|-sidestart|p2: Bring it on mon|Reflect
|
|-status|p1a: Gliscor|tox|[from] item: Toxic Orb
|upkeep
|turn|2
|
|t:|1781247548
|switch|p2a: Ninetales|Ninetales-Alola, M|100/100
|-weather|Snowscape|[from] ability: Snow Warning|[of] p2a: Ninetales
|move|p1a: Gliscor|Spikes|p2a: Ninetales
|-sidestart|p2: Bring it on mon|Spikes
|
|-weather|Snowscape|[upkeep]
|upkeep
|turn|3
|
|t:|1781247557
|switch|p1a: Alomomola|Alomomola, F|100/100
|move|p2a: Ninetales|Aurora Veil|p2a: Ninetales
|-sidestart|p2: Bring it on mon|move: Aurora Veil
|
|-weather|Snowscape|[upkeep]
|upkeep
|turn|4
|
|t:|1781247562
|switch|p2a: Latias|Latias, F|100/100
|move|p1a: Alomomola|Flip Turn|p2a: Latias
|-resisted|p2a: Latias
|-damage|p2a: Latias|97/100
|
|t:|1781247565
|switch|p1a: Cinderace|Cinderace, F|100/100|[from] Flip Turn
|
|-weather|Snowscape|[upkeep]
|upkeep
|turn|5
|
|t:|1781247570
|move|p1a: Cinderace|Court Change|p1a: Cinderace
|-start|p1a: Cinderace|typechange|Normal|[from] ability: Libero
|-swapsideconditions
|-activate|p1a: Cinderace|move: Court Change
|move|p2a: Latias|Aura Sphere|p1a: Cinderace
|-supereffective|p1a: Cinderace
|-damage|p1a: Cinderace|59/100
|
|-weather|Snowscape|[upkeep]
|upkeep
|turn|6
|
|t:|1781247580
|switch|p1a: Gliscor|Gliscor, M|100/100 tox
|move|p2a: Latias|Stored Power|p1a: Gliscor
|-damage|p1a: Gliscor|94/100 tox
|
|-weather|none
|-heal|p1a: Gliscor|100/100 tox|[from] ability: Poison Heal
|upkeep
|turn|7
|
|t:|1781247586
|switch|p2a: Ninetales|Ninetales-Alola, M|100/100
|-weather|Snowscape|[from] ability: Snow Warning|[of] p2a: Ninetales
|move|p1a: Gliscor|Swords Dance|p1a: Gliscor
|-boost|p1a: Gliscor|atk|2
|
|-weather|Snowscape|[upkeep]
|upkeep
|turn|8
|
|t:|1781247598
|switch|p1a: Alomomola|Alomomola, F|100/100
|-damage|p1a: Alomomola|88/100|[from] Spikes
|move|p2a: Ninetales|Aurora Veil|p2a: Ninetales
|-sidestart|p2: Bring it on mon|move: Aurora Veil
|
|-weather|Snowscape|[upkeep]
|-sideend|p1: my2005|Reflect
|upkeep
|turn|9
|
|t:|1781247602
|switch|p2a: Ogerpon|Ogerpon-Wellspring, F|100/100
|move|p1a: Alomomola|Flip Turn|p2a: Ogerpon
|-immune|p2a: Ogerpon|[from] ability: Water Absorb
|
|-weather|Snowscape|[upkeep]
|upkeep
|turn|10
|
|t:|1781247609
|switch|p2a: Maushold|Maushold-Four|100/100
|switch|p1a: Kyurem|Kyurem|100/100
|-damage|p1a: Kyurem|88/100|[from] Spikes
|-ability|p1a: Kyurem|Pressure
|
|-weather|Snowscape|[upkeep]
|-heal|p1a: Kyurem|94/100|[from] item: Leftovers
|-sideend|p1: my2005|move: Aurora Veil
|upkeep
|turn|11
|
|t:|1781247614
|switch|p1a: Whimsicott|Whimsicott, M|100/100
|-damage|p1a: Whimsicott|88/100|[from] Spikes
|move|p2a: Maushold|Population Bomb|p1a: Whimsicott
|-damage|p1a: Whimsicott|78/100
|-damage|p1a: Whimsicott|66/100
|-damage|p1a: Whimsicott|55/100
|-damage|p1a: Whimsicott|44/100
|-damage|p1a: Whimsicott|34/100
|-damage|p1a: Whimsicott|22/100
|-damage|p1a: Whimsicott|12/100
|-damage|p1a: Whimsicott|1/100
|-damage|p1a: Whimsicott|0 fnt
|faint|p1a: Whimsicott
|-hitcount|p1: Whimsicott|9
|
|-weather|none
|upkeep
|
|t:|1781247620
|switch|p1a: Gliscor|Gliscor, M|100/100 tox
|turn|12
|
|t:|1781247625
|-terastallize|p1a: Gliscor|Ghost
|move|p1a: Gliscor|Swords Dance|p1a: Gliscor
|-boost|p1a: Gliscor|atk|2
|move|p2a: Maushold|Tidy Up|p2a: Maushold
|-sideend|p1: my2005|Spikes
|-activate|p2a: Maushold|move: Tidy Up
|-boost|p2a: Maushold|atk|1
|-boost|p2a: Maushold|spe|1
|
|upkeep
|turn|13
|
|t:|1781247631
|move|p2a: Maushold|Encore|p1a: Gliscor
|-start|p1a: Gliscor|Encore
|move|p1a: Gliscor|Swords Dance|p1a: Gliscor
|-boost|p1a: Gliscor|atk|2
|
|upkeep
|turn|14
|
|t:|1781247638
|switch|p1a: Alomomola|Alomomola, F|100/100
|move|p2a: Maushold|Tidy Up|p2a: Maushold
|-boost|p2a: Maushold|atk|1
|-boost|p2a: Maushold|spe|1
|
|upkeep
|turn|15
|j| goobermench
|
|t:|1781247644
|move|p2a: Maushold|Population Bomb|p1a: Alomomola
|-damage|p1a: Alomomola|89/100
|-damage|p2a: Maushold|84/100|[from] item: Rocky Helmet|[of] p1a: Alomomola
|-damage|p1a: Alomomola|75/100
|-damage|p2a: Maushold|68/100|[from] item: Rocky Helmet|[of] p1a: Alomomola
|-damage|p1a: Alomomola|62/100
|-damage|p2a: Maushold|51/100|[from] item: Rocky Helmet|[of] p1a: Alomomola
|-crit|p1a: Alomomola
|-damage|p1a: Alomomola|42/100
|-damage|p2a: Maushold|35/100|[from] item: Rocky Helmet|[of] p1a: Alomomola
|-damage|p1a: Alomomola|29/100
|-damage|p2a: Maushold|18/100|[from] item: Rocky Helmet|[of] p1a: Alomomola
|-damage|p1a: Alomomola|16/100
|-damage|p2a: Maushold|2/100|[from] item: Rocky Helmet|[of] p1a: Alomomola
|-damage|p1a: Alomomola|3/100
|-damage|p2a: Maushold|0 fnt|[from] item: Rocky Helmet|[of] p1a: Alomomola
|faint|p2a: Maushold
|-hitcount|p1a: Alomomola|7
|move|p1a: Alomomola|Flip Turn|p2: Maushold|[notarget]
|-fail|p1a: Alomomola
|
|-sideend|p2: Bring it on mon|move: Aurora Veil
|upkeep
|
|t:|1781247653
|switch|p2a: Ninetales|Ninetales-Alola, M|100/100
|-weather|Snowscape|[from] ability: Snow Warning|[of] p2a: Ninetales
|turn|16
|
|t:|1781247656
|switch|p1a: Gliscor|Gliscor, M, tera:Ghost|100/100 tox
|move|p2a: Ninetales|Aurora Veil|p2a: Ninetales
|-sidestart|p2: Bring it on mon|move: Aurora Veil
|
|-weather|Snowscape|[upkeep]
|upkeep
|turn|17
|
|t:|1781247659
|move|p2a: Ninetales|Freeze-Dry|p1a: Gliscor
|-damage|p1a: Gliscor|76/100 tox
|move|p1a: Gliscor|Knock Off|p2a: Ninetales
|-resisted|p2a: Ninetales
|-damage|p2a: Ninetales|97/100
|-enditem|p2a: Ninetales|Light Clay|[from] move: Knock Off|[of] p1a: Gliscor
|
|-weather|Snowscape|[upkeep]
|-heal|p1a: Gliscor|89/100 tox|[from] ability: Poison Heal
|upkeep
|turn|18
|
|t:|1781247673
|switch|p2a: Ogerpon|Ogerpon-Wellspring, F|100/100
|move|p1a: Gliscor|Swords Dance|p1a: Gliscor
|-boost|p1a: Gliscor|atk|2
|
|-weather|Snowscape|[upkeep]
|-heal|p1a: Gliscor|100/100 tox|[from] ability: Poison Heal
|upkeep
|turn|19
|
|t:|1781247677
|move|p1a: Gliscor|Swords Dance|p1a: Gliscor
|-boost|p1a: Gliscor|atk|2
|move|p2a: Ogerpon|Trailblaze|p1a: Gliscor
|-damage|p1a: Gliscor|75/100 tox
|-boost|p2a: Ogerpon|spe|1
|
|-weather|Snowscape|[upkeep]
|-heal|p1a: Gliscor|87/100 tox|[from] ability: Poison Heal
|upkeep
|turn|20
|
|t:|1781247684
|move|p2a: Ogerpon|Encore|p1a: Gliscor
|-start|p1a: Gliscor|Encore
|move|p1a: Gliscor|Swords Dance|p1a: Gliscor
|-boost|p1a: Gliscor|atk|2
|
|-weather|none
|-heal|p1a: Gliscor|99/100 tox|[from] ability: Poison Heal
|upkeep
|turn|21
|
|t:|1781247688
|switch|p1a: Kyurem|Kyurem|94/100
|-ability|p1a: Kyurem|Pressure
|move|p2a: Ogerpon|Swords Dance|p2a: Ogerpon
|-boost|p2a: Ogerpon|atk|2
|
|-heal|p1a: Kyurem|99/100|[from] item: Leftovers
|upkeep
|turn|22
|
|t:|1781247690
|-terastallize|p2a: Ogerpon|Water
|detailschange|p2a: Ogerpon|Ogerpon-Wellspring-Tera, F, tera:Water
|-ability|p2a: Ogerpon|Embody Aspect (Wellspring)|boost
|-boost|p2a: Ogerpon|spd|1
|move|p2a: Ogerpon|Ivy Cudgel|p1a: Kyurem|[anim] Ivy Cudgel Water
|-resisted|p1a: Kyurem
|-damage|p1a: Kyurem|19/100
|move|p1a: Kyurem|Freeze-Dry|p2a: Ogerpon
|-supereffective|p2a: Ogerpon
|-damage|p2a: Ogerpon|75/100
|
|-heal|p1a: Kyurem|25/100|[from] item: Leftovers
|upkeep
|turn|23
|
|t:|1781247696
|move|p1a: Kyurem|Protect|p1a: Kyurem
|-singleturn|p1a: Kyurem|Protect
|move|p2a: Ogerpon|Ivy Cudgel|p1a: Kyurem|[anim] Ivy Cudgel Water
|-activate|p1a: Kyurem|move: Protect
|
|-heal|p1a: Kyurem|31/100|[from] item: Leftovers
|-sideend|p2: Bring it on mon|move: Aurora Veil
|upkeep
|turn|24
|
|t:|1781247706
|switch|p1a: Alomomola|Alomomola, F|36/100
|move|p2a: Ogerpon|Ivy Cudgel|p1a: Alomomola|[anim] Ivy Cudgel Water
|-resisted|p1a: Alomomola
|-damage|p1a: Alomomola|0 fnt
|faint|p1a: Alomomola
|
|upkeep
|
|t:|1781247710
|switch|p1a: Gliscor|Gliscor, M, tera:Ghost|99/100 tox
|turn|25
|
|t:|1781247712
|move|p2a: Ogerpon|Ivy Cudgel|p1a: Gliscor|[anim] Ivy Cudgel Water
|-damage|p1a: Gliscor|0 fnt
|faint|p1a: Gliscor
|
|upkeep
|-message|my2005 forfeited.
|
|win|Bring it on mon
|raw|my2005's rating: 1606 &rarr; <strong>1590</strong><br />(-16 for losing)
|raw|Bring it on mon's rating: 1682 &rarr; <strong>1698</strong><br />(+16 for winning)
|l|☆my2005
|player|p1|
|l|‽Bring it on mon
|player|p2|
