|j|☆ghostoftheranch
|j|☆0c3an m4n
|t:|1781557677
|gametype|singles
|player|p1|ghostoftheranch|medium|1585
|player|p2|0c3an m4n|marlon|1585
|gen|9
|tier|[Gen 9] OU
|rated|
|rule|HP Percentage Mod: HP is shown in percentages
|rule|Endless Battle Clause: Forcing endless battles is banned
|rule|Species Clause: Limit one of each Pokémon
|rule|OHKO Clause: OHKO moves are banned
|rule|Evasion Items Clause: Evasion items are banned
|rule|Evasion Moves Clause: Evasion moves are banned
|rule|Evasion Abilities Clause: Evasion abilities are banned
|rule|Sleep Moves Clause: Sleep-inducing moves are banned
|clearpoke
|poke|p1|Torkoal, F|
|poke|p1|Fezandipiti, M|
|poke|p1|Great Tusk|
|poke|p1|Cinderace, F|
|poke|p1|Mandibuzz, F|
|poke|p1|Volcanion|
|poke|p2|Quaquaval, M|
|poke|p2|Barraskewda, F|
|poke|p2|Pelipper, F|
|poke|p2|Slither Wing|
|poke|p2|Hatterene, F|
|poke|p2|Gastrodon-East, M|
|teampreview
|
|t:|1781557701
|teamsize|p1|6
|teamsize|p2|6
|start
|switch|p1a: Torkoal|Torkoal, F|100/100
|switch|p2a: El papu|Slither Wing, shiny|100/100
|-weather|SunnyDay|[from] ability: Drought|[of] p1a: Torkoal
|-activate|p2a: El papu|ability: Protosynthesis
|-start|p2a: El papu|protosynthesisatk
|turn|1
|inactive|Battle timer is ON: inactive players will automatically lose when time's up. (requested by ghostoftheranch)
|
|t:|1781557706
|move|p2a: El papu|U-turn|p1a: Torkoal
|-resisted|p1a: Torkoal
|-damage|p1a: Torkoal|73/100
|
|t:|1781557710
|-end|p2a: El papu|Protosynthesis|[silent]
|switch|p2a: Si|Hatterene, F, shiny|100/100|[from] U-turn
|move|p1a: Torkoal|Stealth Rock|p2a: Si
|move|p2a: Si|Stealth Rock|p1a: Torkoal|[from] ability: Magic Bounce
|-sidestart|p1: ghostoftheranch|move: Stealth Rock
|
|-weather|SunnyDay|[upkeep]
|upkeep
|turn|2
|
|t:|1781557718
|move|p2a: Si|Nuzzle|p1a: Torkoal
|-damage|p1a: Torkoal|70/100
|-status|p1a: Torkoal|par
|move|p1a: Torkoal|Rapid Spin|p2a: Si
|-damage|p2a: Si|90/100
|-boost|p1a: Torkoal|spe|1
|-sideend|p1: ghostoftheranch|Stealth Rock|[from] move: Rapid Spin|[of] p1a: Torkoal
|
|-weather|SunnyDay|[upkeep]
|upkeep
|turn|3
|
|t:|1781557729
|move|p2a: Si|Psychic|p1a: Torkoal
|-damage|p1a: Torkoal|0 fnt
|faint|p1a: Torkoal
|
|-weather|SunnyDay|[upkeep]
|upkeep
|
|t:|1781557739
|switch|p1a: Volcanion|Volcanion|100/100
|turn|4
|
|t:|1781557746
|-terastallize|p2a: Si|Poison
|move|p1a: Volcanion|Fire Blast|p2a: Si
|-damage|p2a: Si|0 fnt
|faint|p2a: Si
|
|-weather|SunnyDay|[upkeep]
|upkeep
|
|t:|1781557774
|switch|p2a: No Shell :(|Gastrodon-East, M, shiny|100/100
|turn|5
|
|t:|1781557783
|switch|p1a: Mandibuzz|Mandibuzz, F|100/100
|move|p2a: No Shell :(|Earth Power|p1a: Mandibuzz
|-immune|p1a: Mandibuzz
|
|-weather|SunnyDay|[upkeep]
|upkeep
|turn|6
|
|t:|1781557793
|move|p1a: Mandibuzz|Toxic|p2a: No Shell :(|[miss]
|-miss|p1a: Mandibuzz|p2a: No Shell :(
|move|p2a: No Shell :(|Ice Beam|p1a: Mandibuzz
|-supereffective|p1a: Mandibuzz
|-damage|p1a: Mandibuzz|58/100
|
|-weather|SunnyDay|[upkeep]
|upkeep
|turn|7
|
|t:|1781557800
|switch|p2a: Risk of what?|Pelipper, F, shiny|100/100
|-weather|RainDance|[from] ability: Drizzle|[of] p2a: Risk of what?
|move|p1a: Mandibuzz|Toxic|p2a: Risk of what?
|-status|p2a: Risk of what?|tox
|
|-weather|RainDance|[upkeep]
|-damage|p2a: Risk of what?|94/100 tox|[from] psn
|upkeep
|turn|8
|
|t:|1781557813
|move|p1a: Mandibuzz|Roost|p1a: Mandibuzz
|-heal|p1a: Mandibuzz|100/100
|-singleturn|p1a: Mandibuzz|move: Roost
|move|p2a: Risk of what?|U-turn|p1a: Mandibuzz
|-supereffective|p1a: Mandibuzz
|-damage|p1a: Mandibuzz|89/100
|-damage|p2a: Risk of what?|78/100 tox|[from] item: Rocky Helmet|[of] p1a: Mandibuzz
|
|t:|1781557828
|switch|p2a: Sphyraena (Fih) 🐟|Barraskewda, F, shiny|100/100|[from] U-turn
|
|-weather|RainDance|[upkeep]
|upkeep
|turn|9
|
|t:|1781557834
|switch|p1a: Volcanion|Volcanion|100/100
|move|p2a: Sphyraena (Fih) 🐟|Close Combat|p1a: Volcanion
|-damage|p1a: Volcanion|44/100
|-unboost|p2a: Sphyraena (Fih) 🐟|def|1
|-unboost|p2a: Sphyraena (Fih) 🐟|spd|1
|
|-weather|RainDance|[upkeep]
|upkeep
|turn|10
|
|t:|1781557844
|switch|p2a: No Shell :(|Gastrodon-East, M, shiny|100/100
|switch|p1a: Fezandipiti|Fezandipiti, M|100/100
|
|-weather|RainDance|[upkeep]
|upkeep
|turn|11
|
|t:|1781557855
|switch|p1a: Mandibuzz|Mandibuzz, F|89/100
|move|p2a: No Shell :(|Surf|p1a: Mandibuzz
|-damage|p1a: Mandibuzz|42/100
|
|-weather|RainDance|[upkeep]
|upkeep
|turn|12
|
|t:|1781557862
|move|p1a: Mandibuzz|Roost|p1a: Mandibuzz
|-heal|p1a: Mandibuzz|92/100
|-singleturn|p1a: Mandibuzz|move: Roost
|move|p2a: No Shell :(|Ice Beam|p1a: Mandibuzz
|-damage|p1a: Mandibuzz|71/100
|
|-weather|RainDance|[upkeep]
|upkeep
|turn|13
|
|t:|1781557867
|move|p1a: Mandibuzz|Toxic|p2a: No Shell :(
|-status|p2a: No Shell :(|tox
|move|p2a: No Shell :(|Surf|p1a: Mandibuzz
|-damage|p1a: Mandibuzz|27/100
|
|-weather|RainDance|[upkeep]
|-damage|p2a: No Shell :(|94/100 tox|[from] psn
|upkeep
|turn|14
|
|t:|1781557873
|switch|p2a: El papu|Slither Wing, shiny|100/100
|move|p1a: Mandibuzz|Roost|p1a: Mandibuzz
|-heal|p1a: Mandibuzz|77/100
|-singleturn|p1a: Mandibuzz|move: Roost
|
|-weather|none
|upkeep
|turn|15
|
|t:|1781557883
|move|p2a: El papu|U-turn|p1a: Mandibuzz
|-damage|p1a: Mandibuzz|42/100
|-damage|p2a: El papu|84/100|[from] item: Rocky Helmet|[of] p1a: Mandibuzz
|
|t:|1781557889
|-end|p2a: El papu|Protosynthesis|[silent]
|switch|p2a: Risk of what?|Pelipper, F, shiny|78/100 tox|[from] U-turn
|-weather|RainDance|[from] ability: Drizzle|[of] p2a: Risk of what?
|move|p1a: Mandibuzz|Toxic|p2a: Risk of what?
|-fail|p2a: Risk of what?|tox
|
|-weather|RainDance|[upkeep]
|-damage|p2a: Risk of what?|72/100 tox|[from] psn
|upkeep
|turn|16
|
|t:|1781557896
|move|p1a: Mandibuzz|Roost|p1a: Mandibuzz
|-heal|p1a: Mandibuzz|92/100
|-singleturn|p1a: Mandibuzz|move: Roost
|move|p2a: Risk of what?|Hurricane|p1a: Mandibuzz
|-damage|p1a: Mandibuzz|59/100
|
|-weather|RainDance|[upkeep]
|-damage|p2a: Risk of what?|59/100 tox|[from] psn
|upkeep
|turn|17
|
|t:|1781557907
|move|p1a: Mandibuzz|Foul Play|p2a: Risk of what?
|-crit|p2a: Risk of what?
|-damage|p2a: Risk of what?|36/100 tox
|move|p2a: Risk of what?|U-turn|p1a: Mandibuzz
|-damage|p1a: Mandibuzz|53/100
|-damage|p2a: Risk of what?|19/100 tox|[from] item: Rocky Helmet|[of] p1a: Mandibuzz
|
|t:|1781557910
|switch|p2a: Sphyraena (Fih) 🐟|Barraskewda, F, shiny|100/100|[from] U-turn
|
|-weather|RainDance|[upkeep]
|upkeep
|turn|18
|
|t:|1781557918
|switch|p1a: Volcanion|Volcanion|44/100
|move|p2a: Sphyraena (Fih) 🐟|Liquidation|p1a: Volcanion
|-heal|p1a: Volcanion|69/100|[from] ability: Water Absorb|[of] p2a: Sphyraena (Fih) 🐟
|
|-weather|RainDance|[upkeep]
|upkeep
|turn|19
|
|t:|1781557933
|move|p2a: Sphyraena (Fih) 🐟|Liquidation|p1a: Volcanion
|-heal|p1a: Volcanion|94/100|[from] ability: Water Absorb|[of] p2a: Sphyraena (Fih) 🐟
|move|p1a: Volcanion|Steam Eruption|p2a: Sphyraena (Fih) 🐟
|-resisted|p2a: Sphyraena (Fih) 🐟
|-damage|p2a: Sphyraena (Fih) 🐟|0 fnt
|faint|p2a: Sphyraena (Fih) 🐟
|
|-weather|RainDance|[upkeep]
|upkeep
|
|t:|1781557940
|switch|p2a: No Shell :(|Gastrodon-East, M, shiny|94/100 tox
|turn|20
|
|t:|1781557945
|switch|p1a: Mandibuzz|Mandibuzz, F|53/100
|move|p2a: No Shell :(|Surf|p1a: Mandibuzz
|-damage|p1a: Mandibuzz|2/100
|
|-weather|RainDance|[upkeep]
|-heal|p2a: No Shell :(|100/100 tox|[from] item: Leftovers
|-damage|p2a: No Shell :(|94/100 tox|[from] psn
|upkeep
|turn|21
|
|t:|1781557951
|move|p1a: Mandibuzz|Roost|p1a: Mandibuzz
|-heal|p1a: Mandibuzz|52/100
|-singleturn|p1a: Mandibuzz|move: Roost
|move|p2a: No Shell :(|Surf|p1a: Mandibuzz
|-damage|p1a: Mandibuzz|4/100
|
|-weather|RainDance|[upkeep]
|-heal|p2a: No Shell :(|100/100 tox|[from] item: Leftovers
|-damage|p2a: No Shell :(|88/100 tox|[from] psn
|upkeep
|turn|22
|
|t:|1781557960
|move|p1a: Mandibuzz|Roost|p1a: Mandibuzz
|-heal|p1a: Mandibuzz|54/100
|-singleturn|p1a: Mandibuzz|move: Roost
|move|p2a: No Shell :(|Surf|p1a: Mandibuzz
|-damage|p1a: Mandibuzz|7/100
|
|-weather|none
|-heal|p2a: No Shell :(|94/100 tox|[from] item: Leftovers
|-damage|p2a: No Shell :(|76/100 tox|[from] psn
|upkeep
|turn|23
|
|t:|1781557971
|switch|p2a: Risk of what?|Pelipper, F, shiny|19/100 tox
|-weather|RainDance|[from] ability: Drizzle|[of] p2a: Risk of what?
|move|p1a: Mandibuzz|Roost|p1a: Mandibuzz
|-heal|p1a: Mandibuzz|57/100
|-singleturn|p1a: Mandibuzz|move: Roost
|
|-weather|RainDance|[upkeep]
|-damage|p2a: Risk of what?|13/100 tox|[from] psn
|upkeep
|turn|24
|
|t:|1781557976
|move|p1a: Mandibuzz|Foul Play|p2a: Risk of what?
|-damage|p2a: Risk of what?|0 fnt
|faint|p2a: Risk of what?
|
|-weather|RainDance|[upkeep]
|upkeep
|
|t:|1781557979
|switch|p2a: El papu|Slither Wing, shiny|84/100
|turn|25
|
|t:|1781557987
|move|p2a: El papu|Close Combat|p1a: Mandibuzz
|-damage|p1a: Mandibuzz|0 fnt
|-unboost|p2a: El papu|def|1
|-unboost|p2a: El papu|spd|1
|-damage|p2a: El papu|67/100|[from] item: Rocky Helmet|[of] p1a: Mandibuzz
|faint|p1a: Mandibuzz
|
|-weather|RainDance|[upkeep]
|upkeep
|
|t:|1781558016
|switch|p1a: Fezandipiti|Fezandipiti, M|100/100
|turn|26
|
|t:|1781558024
|-end|p2a: El papu|Protosynthesis|[silent]
|switch|p2a: No Shell :(|Gastrodon-East, M, shiny|76/100 tox
|move|p1a: Fezandipiti|Moonblast|p2a: No Shell :(
|-damage|p2a: No Shell :(|43/100 tox
|-unboost|p2a: No Shell :(|spa|1
|
|-weather|RainDance|[upkeep]
|-heal|p2a: No Shell :(|50/100 tox|[from] item: Leftovers
|-damage|p2a: No Shell :(|43/100 tox|[from] psn
|upkeep
|turn|27
|
|t:|1781558041
|switch|p1a: Volcanion|Volcanion|94/100
|move|p2a: No Shell :(|Recover|p2a: No Shell :(
|-heal|p2a: No Shell :(|93/100 tox
|
|-weather|RainDance|[upkeep]
|-heal|p2a: No Shell :(|99/100 tox|[from] item: Leftovers
|-damage|p2a: No Shell :(|87/100 tox|[from] psn
|upkeep
|turn|28
|
|t:|1781558051
|move|p1a: Volcanion|Solar Beam||[still]
|-prepare|p1a: Volcanion|Solar Beam
|move|p2a: No Shell :(|Earth Power|p1a: Volcanion
|-supereffective|p1a: Volcanion
|-damage|p1a: Volcanion|43/100
|
|-weather|RainDance|[upkeep]
|-heal|p2a: No Shell :(|93/100 tox|[from] item: Leftovers
|-damage|p2a: No Shell :(|75/100 tox|[from] psn
|upkeep
|turn|29
|
|t:|1781558059
|switch|p2a: El papu|Slither Wing, shiny|67/100
|move|p1a: Volcanion|Solar Beam|p2a: El papu|[from] lockedmove
|-resisted|p2a: El papu
|-damage|p2a: El papu|52/100
|
|-weather|RainDance|[upkeep]
|upkeep
|turn|30
|
|t:|1781558069
|switch|p1a: Fezandipiti|Fezandipiti, M|100/100
|move|p2a: El papu|Earthquake|p1a: Fezandipiti
|-supereffective|p1a: Fezandipiti
|-damage|p1a: Fezandipiti|0 fnt
|faint|p1a: Fezandipiti
|
|-weather|none
|upkeep
|
|t:|1781558079
|switch|p1a: Cinderace|Cinderace, F|100/100
|turn|31
|
|t:|1781558085
|move|p1a: Cinderace|Pyro Ball|p2a: El papu
|-supereffective|p2a: El papu
|-damage|p2a: El papu|0 fnt
|faint|p2a: El papu
|-end|p2a: El papu|Protosynthesis|[silent]
|
|upkeep
|j| Spikenard
|
|t:|1781558087
|switch|p2a: Berdly|Quaquaval, M, shiny|100/100
|turn|32
|
|t:|1781558096
|move|p1a: Cinderace|High Jump Kick|p2a: Berdly
|-start|p1a: Cinderace|typechange|Fighting|[from] ability: Libero
|-damage|p2a: Berdly|2/100
|move|p2a: Berdly|Aqua Step|p1a: Cinderace
|-damage|p1a: Cinderace|46/100
|-boost|p2a: Berdly|spe|1
|
|upkeep
|turn|33
|
|t:|1781558104
|move|p1a: Cinderace|Sucker Punch|p2a: Berdly
|-resisted|p2a: Berdly
|-damage|p2a: Berdly|0 fnt
|faint|p2a: Berdly
|
|upkeep
|
|t:|1781558106
|switch|p2a: No Shell :(|Gastrodon-East, M, shiny|75/100 tox
|turn|34
|
|t:|1781558108
|move|p1a: Cinderace|High Jump Kick|p2a: No Shell :(
|-damage|p2a: No Shell :(|9/100 tox
|move|p2a: No Shell :(|Earth Power|p1a: Cinderace
|-damage|p1a: Cinderace|0 fnt
|faint|p1a: Cinderace
|
|-heal|p2a: No Shell :(|15/100 tox|[from] item: Leftovers
|-damage|p2a: No Shell :(|9/100 tox|[from] psn
|upkeep
|
|t:|1781558112
|switch|p1a: Great Tusk|Great Tusk|100/100
|turn|35
|
|t:|1781558114
|move|p1a: Great Tusk|Knock Off|p2a: No Shell :(
|-damage|p2a: No Shell :(|0 fnt
|-enditem|p2a: No Shell :(|Leftovers|[from] move: Knock Off|[of] p1a: Great Tusk
|faint|p2a: No Shell :(
|
|win|ghostoftheranch
|raw|ghostoftheranch's rating: 1585 &rarr; <strong>1605</strong><br />(+20 for winning)
|raw|0c3an m4n's rating: 1585 &rarr; <strong>1565</strong><br />(-20 for losing)
|l|☆0c3an m4n
|player|p2|
|l|☆ghostoftheranch
|player|p1|
|l| Spikenard
