|j|☆SincereSarje
|j|☆KurisuChestnutOU
|t:|1781160145
|gametype|singles
|player|p1|SincereSarje|morty|1641
|player|p2|KurisuChestnutOU|may-contest|1520
|gen|9
|tier|[Gen 9] OU
|rated|
|rule|HP Percentage Mod: HP is shown in percentages
|rule|Endless Battle Clause: Forcing endless battles is banned
|rule|Species Clause: Limit one of each Pokémon
|rule|OHKO Clause: OHKO moves are banned
|rule|Evasion Items Clause: Evasion items are banned
|rule|Evasion Moves Clause: Evasion moves are banned
|rule|Evasion Abilities Clause: Evasion abilities are banned
|rule|Sleep Moves Clause: Sleep-inducing moves are banned
|clearpoke
|poke|p1|Weavile, M|
|poke|p1|Pecharunt|
|poke|p1|Ting-Lu|
|poke|p1|Walking Wake|
|poke|p1|Gholdengo|
|poke|p1|Gliscor, M|
|poke|p2|Kingambit, M|
|poke|p2|Kommo-o, M|
|poke|p2|Iron Valiant|
|poke|p2|Kyurem|
|poke|p2|Iron Treads|
|poke|p2|Iron Crown|
|teampreview
|inactive|Battle timer is ON: inactive players will automatically lose when time's up. (requested by SincereSarje)
|inactive|KurisuChestnutOU also wants the timer to be on.
|
|t:|1781160162
|teamsize|p1|6
|teamsize|p2|6
|start
|switch|p1a: Walking Wake|Walking Wake|100/100
|switch|p2a: Iron Treads|Iron Treads|100/100
|-enditem|p2a: Iron Treads|Booster Energy
|-activate|p2a: Iron Treads|ability: Quark Drive|[fromitem]
|-start|p2a: Iron Treads|quarkdrivespe
|turn|1
|
|t:|1781160166
|move|p2a: Iron Treads|Stealth Rock|p1a: Walking Wake
|-sidestart|p1: SincereSarje|move: Stealth Rock
|move|p1a: Walking Wake|Surf|p2a: Iron Treads
|-supereffective|p2a: Iron Treads
|-damage|p2a: Iron Treads|0 fnt
|faint|p2a: Iron Treads
|-end|p2a: Iron Treads|Quark Drive|[silent]
|
|upkeep
|
|t:|1781160171
|switch|p2a: Kingambit|Kingambit, M|100/100
|-activate|p2a: Kingambit|ability: Supreme Overlord
|-start|p2a: Kingambit|fallen1|[silent]
|turn|2
|
|t:|1781160178
|move|p1a: Walking Wake|Flip Turn|p2a: Kingambit
|-damage|p2a: Kingambit|87/100
|
|t:|1781160184
|-end|p1a: Walking Wake|Protosynthesis|[silent]
|switch|p1a: Ting-Lu|Ting-Lu|100/100|[from] Flip Turn
|-damage|p1a: Ting-Lu|94/100|[from] Stealth Rock
|-ability|p1a: Ting-Lu|Vessel of Ruin
|move|p2a: Kingambit|Swords Dance|p2a: Kingambit
|-boost|p2a: Kingambit|atk|2
|
|-heal|p2a: Kingambit|93/100|[from] item: Leftovers
|upkeep
|turn|3
|
|t:|1781160195
|move|p2a: Kingambit|Low Kick|p1a: Ting-Lu
|-supereffective|p1a: Ting-Lu
|-damage|p1a: Ting-Lu|0 fnt
|-damage|p2a: Kingambit|77/100|[from] item: Rocky Helmet|[of] p1a: Ting-Lu
|faint|p1a: Ting-Lu
|
|-heal|p2a: Kingambit|83/100|[from] item: Leftovers
|upkeep
|
|t:|1781160206
|switch|p1a: Gholdengo|Gholdengo|100/100
|-damage|p1a: Gholdengo|94/100|[from] Stealth Rock
|turn|4
|
|t:|1781160214
|move|p1a: Gholdengo|Focus Blast|p2a: Kingambit
|-supereffective|p2a: Kingambit
|-damage|p2a: Kingambit|0 fnt
|faint|p2a: Kingambit
|-end|p2a: Kingambit|fallen1|[silent]
|
|upkeep
|
|t:|1781160219
|switch|p2a: Kommo-o|Kommo-o, M|100/100
|turn|5
|
|t:|1781160225
|switch|p1a: Gliscor|Gliscor, M|100/100
|-damage|p1a: Gliscor|88/100|[from] Stealth Rock
|move|p2a: Kommo-o|Clangorous Soul|p2a: Kommo-o
|-boost|p2a: Kommo-o|atk|1
|-boost|p2a: Kommo-o|def|1
|-boost|p2a: Kommo-o|spa|1
|-boost|p2a: Kommo-o|spd|1
|-boost|p2a: Kommo-o|spe|1
|-damage|p2a: Kommo-o|68/100
|
|-heal|p2a: Kommo-o|74/100|[from] item: Leftovers
|-status|p1a: Gliscor|tox|[from] item: Toxic Orb
|upkeep
|turn|6
|
|t:|1781160232
|move|p2a: Kommo-o|Substitute|p2a: Kommo-o
|-start|p2a: Kommo-o|Substitute
|-damage|p2a: Kommo-o|49/100
|move|p1a: Gliscor|Toxic||[still]
|-fail|p1a: Gliscor
|
|-heal|p2a: Kommo-o|55/100|[from] item: Leftovers
|-heal|p1a: Gliscor|100/100 tox|[from] ability: Poison Heal
|upkeep
|turn|7
|
|t:|1781160239
|move|p2a: Kommo-o|Clangorous Soul|p2a: Kommo-o
|-boost|p2a: Kommo-o|atk|1
|-boost|p2a: Kommo-o|def|1
|-boost|p2a: Kommo-o|spa|1
|-boost|p2a: Kommo-o|spd|1
|-boost|p2a: Kommo-o|spe|1
|-damage|p2a: Kommo-o|22/100
|move|p1a: Gliscor|Spikes|p2a: Kommo-o
|-sidestart|p2: KurisuChestnutOU|Spikes
|
|-heal|p2a: Kommo-o|28/100|[from] item: Leftovers
|upkeep
|turn|8
|
|t:|1781160244
|move|p2a: Kommo-o|Drain Punch|p1a: Gliscor
|-resisted|p1a: Gliscor
|-damage|p1a: Gliscor|79/100 tox
|-heal|p2a: Kommo-o|39/100|[from] drain|[of] p1a: Gliscor
|move|p1a: Gliscor|Spikes|p2a: Kommo-o
|-sidestart|p2: KurisuChestnutOU|Spikes
|
|-heal|p2a: Kommo-o|45/100|[from] item: Leftovers
|-heal|p1a: Gliscor|92/100 tox|[from] ability: Poison Heal
|upkeep
|turn|9
|
|t:|1781160251
|switch|p1a: Pecharunt|Pecharunt|100/100
|move|p2a: Kommo-o|Clangorous Soul|p2a: Kommo-o
|-boost|p2a: Kommo-o|atk|1
|-boost|p2a: Kommo-o|def|1
|-boost|p2a: Kommo-o|spa|1
|-boost|p2a: Kommo-o|spd|1
|-boost|p2a: Kommo-o|spe|1
|-damage|p2a: Kommo-o|12/100
|
|-heal|p2a: Kommo-o|19/100|[from] item: Leftovers
|upkeep
|turn|10
|
|t:|1781160258
|-terastallize|p2a: Kommo-o|Ghost
|move|p2a: Kommo-o|Shadow Claw|p1a: Pecharunt
|-supereffective|p1a: Pecharunt
|-crit|p1a: Pecharunt
|-damage|p1a: Pecharunt|0 fnt
|faint|p1a: Pecharunt
|
|-heal|p2a: Kommo-o|25/100|[from] item: Leftovers
|upkeep
|
|t:|1781160272
|switch|p1a: Weavile|Weavile, M|100/100
|-ability|p1a: Weavile|Pressure
|turn|11
|
|t:|1781160280
|move|p1a: Weavile|Ice Shard|p2a: Kommo-o
|-activate|p2a: Kommo-o|move: Substitute|[damage]
|move|p2a: Kommo-o|Shadow Claw|p1a: Weavile
|-resisted|p1a: Weavile
|-damage|p1a: Weavile|43/100
|
|-heal|p2a: Kommo-o|31/100|[from] item: Leftovers
|upkeep
|turn|12
|-message|SincereSarje forfeited.
|
|win|KurisuChestnutOU
|raw|SincereSarje's rating: 1641 &rarr; <strong>1612</strong><br />(-29 for losing)
|raw|KurisuChestnutOU's rating: 1479 &rarr; <strong>1508</strong><br />(+29 for winning)
