|j|☆employment devil
|j|‽msean3
|t:|1781494452
|gametype|singles
|player|p1|employment devil|lusamine-nihilego|1614
|player|p2|msean3|102|1658
|gen|9
|tier|[Gen 9] OU
|rated|
|rule|HP Percentage Mod: HP is shown in percentages
|rule|Endless Battle Clause: Forcing endless battles is banned
|rule|Species Clause: Limit one of each Pokémon
|rule|OHKO Clause: OHKO moves are banned
|rule|Evasion Items Clause: Evasion items are banned
|rule|Evasion Moves Clause: Evasion moves are banned
|rule|Evasion Abilities Clause: Evasion abilities are banned
|rule|Sleep Moves Clause: Sleep-inducing moves are banned
|clearpoke
|poke|p1|Ting-Lu|
|poke|p1|Clefable, F|
|poke|p1|Pecharunt|
|poke|p1|Garganacl, F|
|poke|p1|Skarmory, M|
|poke|p1|Deoxys-Speed|
|poke|p2|Darkrai|
|poke|p2|Alomomola, M|
|poke|p2|Corviknight, M|
|poke|p2|Weezing-Galar, F|
|poke|p2|Garchomp, M|
|poke|p2|Ogerpon, F|
|teampreview
|c|☆employment devil|hf
|j| whimsicotthunter
|
|t:|1781494475
|teamsize|p1|6
|teamsize|p2|6
|start
|switch|p1a: Ting-Lu|Ting-Lu|100/100
|switch|p2a: Ogerpon|Ogerpon, F|100/100
|-ability|p1a: Ting-Lu|Vessel of Ruin
|turn|1
|c| whimsicotthunter|Bro said "hf" 😭😭😭😭😭😭😭😭😭😭😭😭😭😭😭😭😭😭😭😭😭😭😭
|
|t:|1781494478
|switch|p1a: Skarmory|Skarmory, M|100/100
|move|p2a: Ogerpon|Ivy Cudgel|p1a: Skarmory
|-resisted|p1a: Skarmory
|-damage|p1a: Skarmory|92/100
|
|upkeep
|turn|2
|c| whimsicotthunter|Mons is only eternal torture
|
|t:|1781494490
|switch|p2a: Weezing|Weezing-Galar, F|100/100
|-ability|p2a: Weezing|Neutralizing Gas
|move|p1a: Skarmory|Spikes|p2a: Weezing
|-sidestart|p2: msean3|Spikes
|
|upkeep
|turn|3
|
|t:|1781494496
|switch|p1a: Deoxys|Deoxys-Speed|100/100
|move|p2a: Weezing|Will-O-Wisp|p1a: Deoxys
|-status|p1a: Deoxys|brn
|
|-damage|p1a: Deoxys|95/100 brn|[from] brn
|upkeep
|turn|4
|
|t:|1781494506
|-end|p2a: Weezing|ability: Neutralizing Gas
|-ability|p1a: Deoxys|Pressure
|switch|p2a: Corviknight|Corviknight, M|100/100
|-ability|p2a: Corviknight|Pressure
|move|p1a: Deoxys|Knock Off|p2a: Corviknight
|-damage|p2a: Corviknight|93/100
|-enditem|p2a: Corviknight|Leftovers|[from] move: Knock Off|[of] p1a: Deoxys
|
|-damage|p1a: Deoxys|89/100 brn|[from] brn
|upkeep
|turn|5
|
|t:|1781494512
|move|p1a: Deoxys|Thunderbolt|p2a: Corviknight
|-supereffective|p2a: Corviknight
|-damage|p2a: Corviknight|58/100
|move|p2a: Corviknight|U-turn|p1a: Deoxys
|-supereffective|p1a: Deoxys
|-damage|p1a: Deoxys|47/100 brn
|
|t:|1781494516
|switch|p2a: Alomomola|Alomomola, M|100/100|[from] U-turn
|-damage|p2a: Alomomola|88/100|[from] Spikes
|
|-damage|p1a: Deoxys|41/100 brn|[from] brn
|upkeep
|turn|6
|
|t:|1781494534
|switch|p1a: Skarmory|Skarmory, M|92/100
|move|p2a: Alomomola|Aqua Jet|p1a: Skarmory
|-damage|p1a: Skarmory|85/100
|-damage|p2a: Alomomola|72/100|[from] item: Rocky Helmet|[of] p1a: Skarmory
|
|upkeep
|turn|7
|
|t:|1781494559
|move|p1a: Skarmory|Body Press|p2a: Alomomola
|-damage|p2a: Alomomola|49/100
|move|p2a: Alomomola|Flip Turn|p1a: Skarmory
|-damage|p1a: Skarmory|74/100
|-damage|p2a: Alomomola|32/100|[from] item: Rocky Helmet|[of] p1a: Skarmory
|
|t:|1781494563
|switch|p2a: Weezing|Weezing-Galar, F|100/100|[from] Flip Turn
|-ability|p2a: Weezing|Neutralizing Gas
|-damage|p2a: Weezing|88/100|[from] Spikes
|
|-heal|p2a: Weezing|94/100|[from] item: Leftovers
|upkeep
|turn|8
|
|t:|1781494576
|switch|p1a: Ting-Lu|Ting-Lu|100/100
|move|p2a: Weezing|Defog|p1a: Ting-Lu
|-unboost|p1a: Ting-Lu|evasion|1
|-sideend|p2: msean3|Spikes|[from] move: Defog|[of] p2a: Weezing
|
|-heal|p2a: Weezing|99/100|[from] item: Leftovers
|upkeep
|turn|9
|
|t:|1781494581
|move|p2a: Weezing|Will-O-Wisp|p1a: Ting-Lu
|-status|p1a: Ting-Lu|brn
|move|p1a: Ting-Lu|Earthquake|p2a: Weezing
|-supereffective|p2a: Weezing
|-damage|p2a: Weezing|78/100
|
|-heal|p2a: Weezing|84/100|[from] item: Leftovers
|-damage|p1a: Ting-Lu|94/100 brn|[from] brn
|upkeep
|turn|10
|
|t:|1781494586
|-end|p2a: Weezing|ability: Neutralizing Gas
|-ability|p1a: Ting-Lu|Vessel of Ruin
|switch|p2a: Alomomola|Alomomola, M|66/100
|move|p1a: Ting-Lu|Rest|p1a: Ting-Lu
|-status|p1a: Ting-Lu|slp|[from] move: Rest
|-heal|p1a: Ting-Lu|100/100 slp|[silent]
|
|upkeep
|turn|11
|
|t:|1781494598
|switch|p1a: Pecharunt|Pecharunt|100/100
|move|p2a: Alomomola|Flip Turn|p1a: Pecharunt
|-damage|p1a: Pecharunt|93/100
|
|t:|1781494601
|switch|p2a: Darkrai|Darkrai|100/100|[from] Flip Turn
|
|upkeep
|turn|12
|
|t:|1781494605
|switch|p1a: Ting-Lu|Ting-Lu|100/100 slp
|-ability|p1a: Ting-Lu|Vessel of Ruin
|move|p2a: Darkrai|Ice Beam|p1a: Ting-Lu
|-supereffective|p1a: Ting-Lu
|-damage|p1a: Ting-Lu|62/100 slp
|
|-damage|p1a: Ting-Lu|50/100 slp|[from] ability: Bad Dreams|[of] p2a: Darkrai
|upkeep
|turn|13
|
|t:|1781494612
|switch|p1a: Garganacl|Garganacl, F|100/100
|move|p2a: Darkrai|Ice Beam|p1a: Garganacl
|-damage|p1a: Garganacl|70/100
|
|upkeep
|turn|14
|
|t:|1781494618
|switch|p2a: Alomomola|Alomomola, M|99/100
|move|p1a: Garganacl|Stealth Rock|p2a: Alomomola
|-sidestart|p2: msean3|move: Stealth Rock
|
|upkeep
|turn|15
|
|t:|1781494628
|-terastallize|p1a: Garganacl|Water
|move|p2a: Alomomola|Flip Turn|p1a: Garganacl
|-resisted|p1a: Garganacl
|-damage|p1a: Garganacl|64/100
|
|t:|1781494631
|switch|p2a: Corviknight|Corviknight, M|58/100|[from] Flip Turn
|-damage|p2a: Corviknight|45/100|[from] Stealth Rock
|-ability|p2a: Corviknight|Pressure
|move|p1a: Garganacl|Recover|p1a: Garganacl
|-heal|p1a: Garganacl|100/100
|
|upkeep
|turn|16
|
|t:|1781494635
|move|p2a: Corviknight|Defog|p1a: Garganacl
|-unboost|p1a: Garganacl|evasion|1
|-sideend|p2: msean3|Stealth Rock|[from] move: Defog|[of] p2a: Corviknight
|move|p1a: Garganacl|Salt Cure|p2a: Corviknight
|-damage|p2a: Corviknight|33/100
|-start|p2a: Corviknight|Salt Cure
|
|-damage|p2a: Corviknight|8/100|[from] Salt Cure
|upkeep
|turn|17
|
|t:|1781494639
|move|p2a: Corviknight|Roost|p2a: Corviknight
|-heal|p2a: Corviknight|58/100
|-singleturn|p2a: Corviknight|move: Roost
|move|p1a: Garganacl|Stealth Rock|p2a: Corviknight
|-sidestart|p2: msean3|move: Stealth Rock
|
|-damage|p2a: Corviknight|33/100|[from] Salt Cure
|upkeep
|turn|18
|
|t:|1781494652
|move|p2a: Corviknight|Roost|p2a: Corviknight
|-heal|p2a: Corviknight|83/100
|-singleturn|p2a: Corviknight|move: Roost
|move|p1a: Garganacl|Salt Cure|p2a: Corviknight
|-resisted|p2a: Corviknight
|-damage|p2a: Corviknight|77/100
|
|-damage|p2a: Corviknight|52/100|[from] Salt Cure
|upkeep
|turn|19
|
|t:|1781494658
|move|p2a: Corviknight|Defog|p1a: Garganacl
|-unboost|p1a: Garganacl|evasion|1
|-sideend|p2: msean3|Stealth Rock|[from] move: Defog|[of] p2a: Corviknight
|move|p1a: Garganacl|Ice Punch|p2a: Corviknight
|-damage|p2a: Corviknight|38/100
|
|-damage|p2a: Corviknight|13/100|[from] Salt Cure
|upkeep
|turn|20
|
|t:|1781494665
|move|p2a: Corviknight|Roost|p2a: Corviknight
|-heal|p2a: Corviknight|63/100
|-singleturn|p2a: Corviknight|move: Roost
|move|p1a: Garganacl|Stealth Rock|p2a: Corviknight
|-sidestart|p2: msean3|move: Stealth Rock
|
|-damage|p2a: Corviknight|38/100|[from] Salt Cure
|upkeep
|turn|21
|
|t:|1781494670
|switch|p2a: Weezing|Weezing-Galar, F|84/100
|-ability|p2a: Weezing|Neutralizing Gas
|-damage|p2a: Weezing|71/100|[from] Stealth Rock
|move|p1a: Garganacl|Salt Cure|p2a: Weezing
|-damage|p2a: Weezing|61/100
|-start|p2a: Weezing|Salt Cure
|
|-heal|p2a: Weezing|67/100|[from] item: Leftovers
|-damage|p2a: Weezing|55/100|[from] Salt Cure
|upkeep
|turn|22
|
|t:|1781494676
|switch|p1a: Clefable|Clefable, F|100/100
|move|p2a: Weezing|Will-O-Wisp|p1a: Clefable
|-status|p1a: Clefable|brn
|
|-heal|p2a: Weezing|61/100|[from] item: Leftovers
|-damage|p1a: Clefable|95/100 brn|[from] brn
|-damage|p2a: Weezing|49/100|[from] Salt Cure
|upkeep
|turn|23
|
|t:|1781494685
|move|p1a: Clefable|Moonblast|p2a: Weezing
|-resisted|p2a: Weezing
|-damage|p2a: Weezing|12/100
|-damage|p1a: Clefable|85/100 brn|[from] item: Life Orb
|move|p2a: Weezing|Defog|p1a: Clefable
|-unboost|p1a: Clefable|evasion|1
|-sideend|p2: msean3|Stealth Rock|[from] move: Defog|[of] p2a: Weezing
|
|-heal|p2a: Weezing|18/100|[from] item: Leftovers
|-damage|p1a: Clefable|79/100 brn|[from] brn
|-damage|p2a: Weezing|6/100|[from] Salt Cure
|upkeep
|turn|24
|
|t:|1781494693
|-end|p2a: Weezing|ability: Neutralizing Gas
|switch|p2a: Corviknight|Corviknight, M|38/100
|-ability|p2a: Corviknight|Pressure
|move|p1a: Clefable|Moonblast|p2a: Corviknight
|-resisted|p2a: Corviknight
|-damage|p2a: Corviknight|18/100
|
|upkeep
|turn|25
|
|t:|1781494696
|move|p1a: Clefable|Moonblast|p2a: Corviknight
|-resisted|p2a: Corviknight
|-damage|p2a: Corviknight|0 fnt
|faint|p2a: Corviknight
|
|upkeep
|
|t:|1781494703
|switch|p2a: Ogerpon|Ogerpon, F|100/100
|turn|26
|
|t:|1781494707
|switch|p1a: Skarmory|Skarmory, M|74/100
|-terastallize|p2a: Ogerpon|Grass
|detailschange|p2a: Ogerpon|Ogerpon-Teal-Tera, F, tera:Grass
|-ability|p2a: Ogerpon|Embody Aspect (Teal)|boost
|-boost|p2a: Ogerpon|spe|1
|move|p2a: Ogerpon|Knock Off|p1a: Skarmory
|-damage|p1a: Skarmory|55/100
|-damage|p2a: Ogerpon|84/100|[from] item: Rocky Helmet|[of] p1a: Skarmory
|-enditem|p1a: Skarmory|Rocky Helmet|[from] move: Knock Off|[of] p2a: Ogerpon
|
|upkeep
|turn|27
|
|t:|1781494721
|move|p2a: Ogerpon|U-turn|p1a: Skarmory
|-resisted|p1a: Skarmory
|-damage|p1a: Skarmory|51/100
|
|t:|1781494723
|switch|p2a: Garchomp|Garchomp, M|100/100|[from] U-turn
|move|p1a: Skarmory|Body Press|p2a: Garchomp
|-damage|p2a: Garchomp|80/100
|-damage|p1a: Skarmory|39/100|[from] ability: Rough Skin|[of] p2a: Garchomp
|-damage|p1a: Skarmory|22/100|[from] item: Rocky Helmet|[of] p2a: Garchomp
|
|upkeep
|turn|28
|
|t:|1781494728
|move|p2a: Garchomp|Stealth Rock|p1a: Skarmory
|-sidestart|p1: employment devil|move: Stealth Rock
|move|p1a: Skarmory|Spikes|p2a: Garchomp
|-sidestart|p2: msean3|Spikes
|
|upkeep
|turn|29
|
|t:|1781494732
|move|p2a: Garchomp|Spikes|p1a: Skarmory
|-sidestart|p1: employment devil|Spikes
|move|p1a: Skarmory|Roost|p1a: Skarmory
|-heal|p1a: Skarmory|72/100
|-singleturn|p1a: Skarmory|move: Roost
|
|upkeep
|turn|30
|
|t:|1781494737
|switch|p2a: Darkrai|Darkrai|100/100
|-damage|p2a: Darkrai|88/100|[from] Spikes
|move|p1a: Skarmory|Spikes|p2a: Darkrai
|-sidestart|p2: msean3|Spikes
|
|upkeep
|turn|31
|
|t:|1781494758
|switch|p1a: Garganacl|Garganacl, F, tera:Water|100/100
|move|p2a: Darkrai|Dark Pulse|p1a: Garganacl
|-damage|p1a: Garganacl|55/100
|
|upkeep
|turn|32
|
|t:|1781494768
|move|p2a: Darkrai|Dark Pulse|p1a: Garganacl
|-damage|p1a: Garganacl|11/100
|move|p1a: Garganacl|Salt Cure|p2a: Darkrai
|-damage|p2a: Darkrai|68/100
|-start|p2a: Darkrai|Salt Cure
|
|-damage|p2a: Darkrai|55/100|[from] Salt Cure
|upkeep
|turn|33
|
|t:|1781494782
|switch|p2a: Ogerpon|Ogerpon-Teal-Tera, F, tera:Grass|84/100
|-ability|p2a: Ogerpon|Embody Aspect (Teal)|boost
|-boost|p2a: Ogerpon|spe|1
|move|p1a: Garganacl|Salt Cure|p2a: Ogerpon
|-damage|p2a: Ogerpon|65/100
|-start|p2a: Ogerpon|Salt Cure
|
|-damage|p2a: Ogerpon|52/100|[from] Salt Cure
|upkeep
|turn|34
|
|t:|1781494789
|switch|p1a: Pecharunt|Pecharunt|93/100
|move|p2a: Ogerpon|U-turn|p1a: Pecharunt
|-resisted|p1a: Pecharunt
|-damage|p1a: Pecharunt|90/100
|
|t:|1781494792
|switch|p2a: Darkrai|Darkrai|55/100|[from] U-turn
|-damage|p2a: Darkrai|38/100|[from] Spikes
|
|upkeep
|turn|35
|
|t:|1781494799
|switch|p1a: Garganacl|Garganacl, F, tera:Water|11/100
|move|p2a: Darkrai|Dark Pulse|p1a: Garganacl
|-damage|p1a: Garganacl|0 fnt
|faint|p1a: Garganacl
|
|upkeep
|
|t:|1781494804
|switch|p1a: Clefable|Clefable, F|79/100 brn
|turn|36
|
|t:|1781494807
|switch|p2a: Weezing|Weezing-Galar, F|6/100
|-ability|p2a: Weezing|Neutralizing Gas
|-damage|p2a: Weezing|0 fnt|[from] Spikes
|faint|p2a: Weezing
|-end|p2a: Weezing|ability: Neutralizing Gas
|move|p1a: Clefable|Moonblast|p2: Weezing|[notarget]
|-fail|p1a: Clefable
|
|upkeep
|
|t:|1781494810
|switch|p2a: Ogerpon|Ogerpon-Teal-Tera, F, tera:Grass|52/100
|-ability|p2a: Ogerpon|Embody Aspect (Teal)|boost
|-boost|p2a: Ogerpon|spe|1
|turn|37
|
|t:|1781494814
|switch|p1a: Skarmory|Skarmory, M|72/100
|-damage|p1a: Skarmory|60/100|[from] Stealth Rock
|move|p2a: Ogerpon|U-turn|p1a: Skarmory
|-resisted|p1a: Skarmory
|-damage|p1a: Skarmory|57/100
|
|t:|1781494816
|switch|p2a: Darkrai|Darkrai|38/100|[from] U-turn
|-damage|p2a: Darkrai|22/100|[from] Spikes
|
|upkeep
|turn|38
|
|t:|1781494822
|switch|p1a: Ting-Lu|Ting-Lu|50/100 slp
|-ability|p1a: Ting-Lu|Vessel of Ruin
|move|p2a: Darkrai|Dark Pulse|p1a: Ting-Lu
|-resisted|p1a: Ting-Lu
|-crit|p1a: Ting-Lu
|-damage|p1a: Ting-Lu|31/100 slp
|
|-damage|p1a: Ting-Lu|18/100 slp|[from] ability: Bad Dreams|[of] p2a: Darkrai
|upkeep
|turn|39
|
|t:|1781494826
|move|p2a: Darkrai|Dark Pulse|p1a: Ting-Lu
|-resisted|p1a: Ting-Lu
|-crit|p1a: Ting-Lu
|-damage|p1a: Ting-Lu|0 fnt
|faint|p1a: Ting-Lu
|
|upkeep
|
|t:|1781494833
|switch|p1a: Clefable|Clefable, F|79/100 brn
|turn|40
|
|t:|1781494850
|switch|p2a: Alomomola|Alomomola, M|100/100
|-damage|p2a: Alomomola|84/100|[from] Spikes
|switch|p1a: Skarmory|Skarmory, M|57/100
|-damage|p1a: Skarmory|45/100|[from] Stealth Rock
|
|upkeep
|turn|41
|
|t:|1781494853
|move|p1a: Skarmory|Spikes|p2a: Alomomola
|-sidestart|p2: msean3|Spikes
|move|p2a: Alomomola|Flip Turn|p1a: Skarmory
|-damage|p1a: Skarmory|35/100
|
|t:|1781494855
|switch|p2a: Ogerpon|Ogerpon-Teal-Tera, F, tera:Grass|52/100|[from] Flip Turn
|-ability|p2a: Ogerpon|Embody Aspect (Teal)|boost
|-boost|p2a: Ogerpon|spe|1
|
|upkeep
|turn|42
|
|t:|1781494861
|move|p2a: Ogerpon|Encore|p1a: Skarmory
|-start|p1a: Skarmory|Encore
|move|p1a: Skarmory|Spikes||[still]
|-fail|p1a: Skarmory
|
|upkeep
|turn|43
|
|t:|1781494865
|switch|p1a: Pecharunt|Pecharunt|90/100
|move|p2a: Ogerpon|Knock Off|p1a: Pecharunt
|-supereffective|p1a: Pecharunt
|-damage|p1a: Pecharunt|63/100
|-enditem|p1a: Pecharunt|Heavy-Duty Boots|[from] move: Knock Off|[of] p2a: Ogerpon
|
|upkeep
|turn|44
|
|t:|1781494871
|move|p2a: Ogerpon|U-turn|p1a: Pecharunt
|-resisted|p1a: Pecharunt
|-damage|p1a: Pecharunt|60/100
|
|t:|1781494874
|switch|p2a: Alomomola|Alomomola, M|100/100|[from] U-turn
|-damage|p2a: Alomomola|75/100|[from] Spikes
|move|p1a: Pecharunt|Recover|p1a: Pecharunt
|-heal|p1a: Pecharunt|100/100
|
|upkeep
|turn|45
|
|t:|1781494878
|move|p1a: Pecharunt|Malignant Chain|p2a: Alomomola
|-damage|p2a: Alomomola|61/100
|-status|p2a: Alomomola|tox
|-start|p2a: Alomomola|confusion|[from] ability: Poison Puppeteer|[of] p1a: Pecharunt
|-activate|p2a: Alomomola|confusion
|move|p2a: Alomomola|Flip Turn|p1a: Pecharunt
|-damage|p1a: Pecharunt|92/100
|
|t:|1781494881
|switch|p2a: Darkrai|Darkrai|22/100|[from] Flip Turn
|-damage|p2a: Darkrai|0 fnt|[from] Spikes
|faint|p2a: Darkrai
|
|upkeep
|
|t:|1781494886
|switch|p2a: Garchomp|Garchomp, M|80/100
|-damage|p2a: Garchomp|56/100|[from] Spikes
|turn|46
|
|t:|1781494899
|switch|p1a: Deoxys|Deoxys-Speed|41/100 brn
|-ability|p1a: Deoxys|Pressure
|move|p2a: Garchomp|Earthquake|p1a: Deoxys
|-damage|p1a: Deoxys|0 fnt
|faint|p1a: Deoxys
|
|upkeep
|
|t:|1781494902
|switch|p1a: Skarmory|Skarmory, M|35/100
|-damage|p1a: Skarmory|23/100|[from] Stealth Rock
|turn|47
|
|t:|1781494905
|switch|p2a: Ogerpon|Ogerpon-Teal-Tera, F, tera:Grass|52/100
|-ability|p2a: Ogerpon|Embody Aspect (Teal)|boost
|-boost|p2a: Ogerpon|spe|1
|move|p1a: Skarmory|Roost|p1a: Skarmory
|-heal|p1a: Skarmory|73/100
|-singleturn|p1a: Skarmory|move: Roost
|
|upkeep
|turn|48
|
|t:|1781494908
|move|p2a: Ogerpon|Encore|p1a: Skarmory
|-start|p1a: Skarmory|Encore
|move|p1a: Skarmory|Roost|p1a: Skarmory
|-heal|p1a: Skarmory|100/100
|-singleturn|p1a: Skarmory|move: Roost
|
|upkeep
|turn|49
|
|t:|1781494912
|switch|p1a: Pecharunt|Pecharunt|92/100
|-damage|p1a: Pecharunt|79/100|[from] Stealth Rock
|-damage|p1a: Pecharunt|67/100|[from] Spikes
|move|p2a: Ogerpon|Knock Off|p1a: Pecharunt
|-supereffective|p1a: Pecharunt
|-damage|p1a: Pecharunt|48/100
|
|upkeep
|turn|50
|
|t:|1781494917
|move|p2a: Ogerpon|U-turn|p1a: Pecharunt
|-resisted|p1a: Pecharunt
|-damage|p1a: Pecharunt|45/100
|
|t:|1781494918
|switch|p2a: Alomomola|Alomomola, M|95/100 tox|[from] U-turn
|-damage|p2a: Alomomola|70/100 tox|[from] Spikes
|move|p1a: Pecharunt|Malignant Chain|p2a: Alomomola
|-damage|p2a: Alomomola|54/100 tox
|
|-damage|p2a: Alomomola|47/100 tox|[from] psn
|upkeep
|turn|51
|
|t:|1781494922
|move|p1a: Pecharunt|Recover|p1a: Pecharunt
|-heal|p1a: Pecharunt|95/100
|move|p2a: Alomomola|Mirror Coat||[still]
|-fail|p2a: Alomomola
|
|-damage|p2a: Alomomola|35/100 tox|[from] psn
|upkeep
|turn|52
|
|t:|1781494929
|move|p1a: Pecharunt|Parting Shot|p2a: Alomomola
|-unboost|p2a: Alomomola|atk|1
|-unboost|p2a: Alomomola|spa|1
|
|t:|1781494933
|switch|p1a: Skarmory|Skarmory, M|100/100|[from] Parting Shot
|-damage|p1a: Skarmory|88/100|[from] Stealth Rock
|move|p2a: Alomomola|Flip Turn|p1a: Skarmory
|-damage|p1a: Skarmory|82/100
|-message|msean3 forfeited.
|
|win|employment devil
|raw|employment devil's rating: 1614 &rarr; <strong>1637</strong><br />(+23 for winning)
|raw|msean3's rating: 1658 &rarr; <strong>1635</strong><br />(-23 for losing)
|l|‽msean3
|player|p2|
