|j|☆KurisuChestnutOU
|j|☆poke2002
|t:|1781117903
|gametype|singles
|player|p1|KurisuChestnutOU|2|1573
|player|p2|poke2002|lucas|1499
|gen|9
|tier|[Gen 9] OU
|rated|
|rule|HP Percentage Mod: HP is shown in percentages
|rule|Endless Battle Clause: Forcing endless battles is banned
|rule|Species Clause: Limit one of each Pokémon
|rule|OHKO Clause: OHKO moves are banned
|rule|Evasion Items Clause: Evasion items are banned
|rule|Evasion Moves Clause: Evasion moves are banned
|rule|Evasion Abilities Clause: Evasion abilities are banned
|rule|Sleep Moves Clause: Sleep-inducing moves are banned
|clearpoke
|poke|p1|Hawlucha, F|
|poke|p1|Samurott-Hisui, F|
|poke|p1|Rillaboom, F|
|poke|p1|Gholdengo|
|poke|p1|Kyurem|
|poke|p1|Landorus-Therian, M|
|poke|p2|Tinkaton, F|
|poke|p2|Darkrai|
|poke|p2|Moltres|
|poke|p2|Kyurem|
|poke|p2|Sinistcha|
|poke|p2|Glimmora, M|
|teampreview
|inactive|Battle timer is ON: inactive players will automatically lose when time's up. (requested by poke2002)
|inactive|KurisuChestnutOU also wants the timer to be on.
|
|t:|1781117922
|teamsize|p1|6
|teamsize|p2|6
|start
|switch|p1a: Gholdengo|Gholdengo|100/100
|switch|p2a: Glimmora|Glimmora, M|100/100
|turn|1
|
|t:|1781117928
|move|p1a: Gholdengo|Make It Rain|p2a: Glimmora
|-supereffective|p2a: Glimmora
|-enditem|p2a: Glimmora|Focus Sash
|-damage|p2a: Glimmora|1/100
|-unboost|p1a: Gholdengo|spa|1
|move|p2a: Glimmora|Earth Power|p1a: Gholdengo
|-supereffective|p1a: Gholdengo
|-damage|p1a: Gholdengo|27/100
|-unboost|p1a: Gholdengo|spd|1
|
|upkeep
|turn|2
|
|t:|1781117940
|switch|p2a: Moltres|Moltres|100/100
|move|p1a: Gholdengo|Make It Rain|p2a: Moltres
|-resisted|p2a: Moltres
|-damage|p2a: Moltres|85/100
|-unboost|p1a: Gholdengo|spa|1
|
|upkeep
|turn|3
|
|t:|1781117947
|switch|p1a: Kyurem|Kyurem|100/100
|-ability|p1a: Kyurem|Pressure
|move|p2a: Moltres|U-turn|p1a: Kyurem
|-damage|p1a: Kyurem|87/100
|
|t:|1781117956
|switch|p2a: Tinkaton|Tinkaton, F|100/100|[from] U-turn
|-item|p2a: Tinkaton|Air Balloon
|
|upkeep
|turn|4
|
|t:|1781117961
|move|p1a: Kyurem|Ice Beam|p2a: Tinkaton
|-resisted|p2a: Tinkaton
|-damage|p2a: Tinkaton|80/100
|-enditem|p2a: Tinkaton|Air Balloon
|move|p2a: Tinkaton|Stealth Rock|p1a: Kyurem
|-sidestart|p1: KurisuChestnutOU|move: Stealth Rock
|
|upkeep
|turn|5
|
|t:|1781117966
|move|p1a: Kyurem|Earth Power|p2a: Tinkaton
|-supereffective|p2a: Tinkaton
|-damage|p2a: Tinkaton|26/100
|move|p2a: Tinkaton|Gigaton Hammer|p1a: Kyurem
|-supereffective|p1a: Kyurem
|-damage|p1a: Kyurem|7/100
|
|upkeep
|turn|6
|
|t:|1781117979
|switch|p2a: Moltres|Moltres|85/100
|move|p1a: Kyurem|Focus Blast|p2a: Moltres
|-resisted|p2a: Moltres
|-damage|p2a: Moltres|69/100
|
|upkeep
|turn|7
|
|t:|1781117985
|move|p1a: Kyurem|Ice Beam|p2a: Moltres
|-damage|p2a: Moltres|34/100
|move|p2a: Moltres|Roost|p2a: Moltres
|-heal|p2a: Moltres|84/100
|-singleturn|p2a: Moltres|move: Roost
|
|upkeep
|turn|8
|
|t:|1781117990
|move|p1a: Kyurem|Ice Beam|p2a: Moltres
|-damage|p2a: Moltres|50/100
|move|p2a: Moltres|U-turn|p1a: Kyurem
|-damage|p1a: Kyurem|0 fnt
|faint|p1a: Kyurem
|
|t:|1781117994
|switch|p2a: Glimmora|Glimmora, M|1/100|[from] U-turn
|
|upkeep
|
|t:|1781117997
|switch|p1a: Rillaboom|Rillaboom, F|100/100
|-damage|p1a: Rillaboom|88/100|[from] Stealth Rock
|-fieldstart|move: Grassy Terrain|[from] ability: Grassy Surge|[of] p1a: Rillaboom
|turn|9
|
|t:|1781118004
|move|p2a: Glimmora|Spikes|p1a: Rillaboom
|-sidestart|p1: KurisuChestnutOU|Spikes
|move|p1a: Rillaboom|Swords Dance|p1a: Rillaboom
|-boost|p1a: Rillaboom|atk|2
|
|-heal|p2a: Glimmora|7/100|[from] Grassy Terrain
|-heal|p1a: Rillaboom|94/100|[from] Grassy Terrain
|upkeep
|turn|10
|
|t:|1781118009
|move|p1a: Rillaboom|Grassy Glide|p2a: Glimmora
|-damage|p2a: Glimmora|0 fnt
|-activate|p2a: Glimmora|ability: Toxic Debris
|-sidestart|p1: KurisuChestnutOU|move: Toxic Spikes
|faint|p2a: Glimmora
|
|-heal|p1a: Rillaboom|100/100|[from] Grassy Terrain
|upkeep
|
|t:|1781118016
|switch|p2a: Moltres|Moltres|50/100
|turn|11
|
|t:|1781118022
|move|p1a: Rillaboom|Knock Off|p2a: Moltres
|-damage|p2a: Moltres|0 fnt
|-enditem|p2a: Moltres|Heavy-Duty Boots|[from] move: Knock Off|[of] p1a: Rillaboom
|faint|p2a: Moltres
|
|upkeep
|
|t:|1781118026
|switch|p2a: Kyurem|Kyurem|100/100
|-ability|p2a: Kyurem|Pressure
|turn|12
|
|t:|1781118030
|-terastallize|p1a: Rillaboom|Fire
|move|p2a: Kyurem|Ice Beam|p1a: Rillaboom
|-resisted|p1a: Rillaboom
|-damage|p1a: Rillaboom|70/100
|move|p1a: Rillaboom|Knock Off|p2a: Kyurem
|-damage|p2a: Kyurem|32/100
|-enditem|p2a: Kyurem|Choice Scarf|[from] move: Knock Off|[of] p1a: Rillaboom
|
|-heal|p2a: Kyurem|38/100|[from] Grassy Terrain
|-heal|p1a: Rillaboom|76/100|[from] Grassy Terrain
|upkeep
|turn|13
|
|t:|1781118049
|move|p1a: Rillaboom|Grassy Glide|p2a: Kyurem
|-resisted|p2a: Kyurem
|-damage|p2a: Kyurem|3/100
|move|p2a: Kyurem|Draco Meteor|p1a: Rillaboom
|-damage|p1a: Rillaboom|0 fnt
|-unboost|p2a: Kyurem|spa|2
|faint|p1a: Rillaboom
|
|-heal|p2a: Kyurem|9/100|[from] Grassy Terrain
|-fieldend|move: Grassy Terrain
|upkeep
|
|t:|1781118052
|switch|p1a: Gholdengo|Gholdengo|27/100
|-damage|p1a: Gholdengo|21/100|[from] Stealth Rock
|-damage|p1a: Gholdengo|8/100|[from] Spikes
|turn|14
|
|t:|1781118060
|switch|p2a: Tinkaton|Tinkaton, F|26/100
|move|p1a: Gholdengo|Make It Rain|p2a: Tinkaton
|-damage|p2a: Tinkaton|0 fnt
|-unboost|p1a: Gholdengo|spa|1
|faint|p2a: Tinkaton
|
|upkeep
|
|t:|1781118081
|switch|p2a: Darkrai|Darkrai|100/100
|turn|15
|
|t:|1781118084
|move|p1a: Gholdengo|Make It Rain|p2a: Darkrai
|-damage|p2a: Darkrai|42/100
|-unboost|p1a: Gholdengo|spa|1
|move|p2a: Darkrai|Dark Pulse|p1a: Gholdengo
|-supereffective|p1a: Gholdengo
|-damage|p1a: Gholdengo|0 fnt
|faint|p1a: Gholdengo
|
|upkeep
|
|t:|1781118089
|switch|p1a: Samurott|Samurott-Hisui, F|100/100
|-damage|p1a: Samurott|88/100|[from] Stealth Rock
|-damage|p1a: Samurott|76/100|[from] Spikes
|-status|p1a: Samurott|psn
|turn|16
|
|t:|1781118096
|move|p2a: Darkrai|Focus Blast|p1a: Samurott
|-supereffective|p1a: Samurott
|-damage|p1a: Samurott|21/100 psn
|move|p1a: Samurott|Ceaseless Edge|p2a: Darkrai
|-resisted|p2a: Darkrai
|-damage|p2a: Darkrai|14/100
|-sidestart|p2: poke2002|Spikes
|
|-damage|p1a: Samurott|8/100 psn|[from] psn
|upkeep
|turn|17
|
|t:|1781118104
|switch|p1a: Hawlucha|Hawlucha, F|100/100
|-damage|p1a: Hawlucha|88/100|[from] Stealth Rock
|move|p2a: Darkrai|Dark Pulse|p1a: Hawlucha
|-resisted|p1a: Hawlucha
|-damage|p1a: Hawlucha|57/100
|
|upkeep
|turn|18
|
|t:|1781118116
|switch|p1a: Landorus|Landorus-Therian, M|100/100
|-damage|p1a: Landorus|88/100|[from] Stealth Rock
|-ability|p1a: Landorus|Intimidate|boost
|-unboost|p2a: Darkrai|atk|1
|-terastallize|p2a: Darkrai|Poison
|move|p2a: Darkrai|Sludge Bomb|p1a: Landorus
|-resisted|p1a: Landorus
|-damage|p1a: Landorus|62/100
|-status|p1a: Landorus|psn
|
|-damage|p1a: Landorus|50/100 psn|[from] psn
|upkeep
|turn|19
|
|t:|1781118122
|move|p2a: Darkrai|Dark Pulse|p1a: Landorus
|-crit|p1a: Landorus
|-damage|p1a: Landorus|0 fnt
|faint|p1a: Landorus
|
|upkeep
|
|t:|1781118126
|switch|p1a: Hawlucha|Hawlucha, F|57/100
|-damage|p1a: Hawlucha|44/100|[from] Stealth Rock
|turn|20
|
|t:|1781118131
|switch|p1a: Samurott|Samurott-Hisui, F|8/100 psn
|-damage|p1a: Samurott|0 fnt|[from] Stealth Rock
|faint|p1a: Samurott
|move|p2a: Darkrai|Sludge Bomb|p1: Samurott|[notarget]
|-fail|p2a: Darkrai
|
|upkeep
|
|t:|1781118136
|switch|p1a: Hawlucha|Hawlucha, F|44/100
|-damage|p1a: Hawlucha|32/100|[from] Stealth Rock
|turn|21
|
|t:|1781118140
|move|p2a: Darkrai|Sludge Bomb|p1a: Hawlucha
|-damage|p1a: Hawlucha|0 fnt
|faint|p1a: Hawlucha
|
|win|poke2002
|raw|KurisuChestnutOU's rating: 1573 &rarr; <strong>1549</strong><br />(-24 for losing)
|raw|poke2002's rating: 1499 &rarr; <strong>1523</strong><br />(+24 for winning)
