|j|☆cumtd
|j|☆runningdan
|t:|1781330264
|gametype|singles
|player|p1|cumtd|blue|1524
|player|p2|runningdan|266|1580
|gen|9
|tier|[Gen 9] OU
|rated|
|rule|HP Percentage Mod: HP is shown in percentages
|rule|Endless Battle Clause: Forcing endless battles is banned
|rule|Species Clause: Limit one of each Pokémon
|rule|OHKO Clause: OHKO moves are banned
|rule|Evasion Items Clause: Evasion items are banned
|rule|Evasion Moves Clause: Evasion moves are banned
|rule|Evasion Abilities Clause: Evasion abilities are banned
|rule|Sleep Moves Clause: Sleep-inducing moves are banned
|clearpoke
|poke|p1|Darkrai|
|poke|p1|Garchomp, F|
|poke|p1|Alomomola, F|
|poke|p1|Corviknight, M|
|poke|p1|Weezing-Galar, F|
|poke|p1|Ogerpon, F|
|poke|p2|Great Tusk|
|poke|p2|Ninetales-Alola, F|
|poke|p2|Darkrai|
|poke|p2|Slowking-Galar, F|
|poke|p2|Dragapult, F|
|poke|p2|Gliscor, M|
|teampreview
|inactive|Battle timer is ON: inactive players will automatically lose when time's up. (requested by runningdan)
|inactive|cumtd has 120 seconds left.
|inactive|cumtd has 90 seconds left.
|
|t:|1781330334
|teamsize|p1|6
|teamsize|p2|6
|start
|switch|p1a: Weezing|Weezing-Galar, F|100/100
|switch|p2a: Dragapult|Dragapult, F|100/100
|-ability|p1a: Weezing|Neutralizing Gas
|turn|1
|
|t:|1781330357
|-end|p1a: Weezing|ability: Neutralizing Gas
|switch|p1a: Alomomola|Alomomola, F|100/100
|move|p2a: Dragapult|U-turn|p1a: Alomomola
|-damage|p1a: Alomomola|85/100
|
|t:|1781330365
|switch|p2a: Ninetales|Ninetales-Alola, F|100/100|[from] U-turn
|-weather|Snowscape|[from] ability: Snow Warning|[of] p2a: Ninetales
|
|-weather|Snowscape|[upkeep]
|upkeep
|turn|2
|
|t:|1781330374
|move|p2a: Ninetales|Aurora Veil|p2a: Ninetales
|-sidestart|p2: runningdan|move: Aurora Veil
|move|p1a: Alomomola|Flip Turn|p2a: Ninetales
|-damage|p2a: Ninetales|94/100
|
|t:|1781330381
|switch|p1a: Corviknight|Corviknight, M|100/100|[from] Flip Turn
|-ability|p1a: Corviknight|Pressure
|
|-weather|Snowscape|[upkeep]
|upkeep
|turn|3
|
|t:|1781330390
|switch|p2a: Dragapult|Dragapult, F|100/100
|move|p1a: Corviknight|Defog|p2a: Dragapult
|-unboost|p2a: Dragapult|evasion|1
|-sideend|p2: runningdan|move: Aurora Veil
|
|-weather|Snowscape|[upkeep]
|upkeep
|turn|4
|
|t:|1781330400
|move|p2a: Dragapult|Fire Blast|p1a: Corviknight
|-supereffective|p1a: Corviknight
|-damage|p1a: Corviknight|39/100
|move|p1a: Corviknight|U-turn|p2a: Dragapult
|-resisted|p2a: Dragapult
|-damage|p2a: Dragapult|91/100
|
|t:|1781330403
|switch|p1a: Darkrai|Darkrai|100/100|[from] U-turn
|
|-weather|Snowscape|[upkeep]
|upkeep
|turn|5
|
|t:|1781330415
|switch|p2a: Ninetales|Ninetales-Alola, F|94/100
|move|p1a: Darkrai|Dark Pulse|p2a: Ninetales
|-resisted|p2a: Ninetales
|-damage|p2a: Ninetales|63/100
|
|-weather|none
|upkeep
|turn|6
|
|t:|1781330438
|switch|p1a: Alomomola|Alomomola, F|100/100
|switch|p2a: Slowking|Slowking-Galar, F|100/100
|
|upkeep
|turn|7
|
|t:|1781330446
|move|p1a: Alomomola|Flip Turn|p2a: Slowking
|-crit|p2a: Slowking
|-damage|p2a: Slowking|74/100
|
|t:|1781330451
|switch|p1a: Corviknight|Corviknight, M|39/100|[from] Flip Turn
|-ability|p1a: Corviknight|Pressure
|move|p2a: Slowking|Future Sight|p1a: Corviknight
|-start|p2a: Slowking|move: Future Sight
|
|-heal|p1a: Corviknight|45/100|[from] item: Leftovers
|-heal|p2a: Slowking|80/100|[from] item: Leftovers
|upkeep
|turn|8
|
|t:|1781330454
|move|p1a: Corviknight|Roost|p1a: Corviknight
|-heal|p1a: Corviknight|95/100
|-singleturn|p1a: Corviknight|move: Roost
|move|p2a: Slowking|Flamethrower|p1a: Corviknight
|-supereffective|p1a: Corviknight
|-damage|p1a: Corviknight|62/100
|
|-heal|p1a: Corviknight|68/100|[from] item: Leftovers
|-heal|p2a: Slowking|86/100|[from] item: Leftovers
|upkeep
|turn|9
|
|t:|1781330464
|move|p1a: Corviknight|U-turn|p2a: Slowking
|-damage|p2a: Slowking|71/100
|
|t:|1781330467
|switch|p1a: Darkrai|Darkrai|100/100|[from] U-turn
|-prepare|p2a: Slowking|Chilly Reception|[premajor]
|move|p2a: Slowking|Chilly Reception|p2a: Slowking
|-weather|Snowscape
|
|t:|1781330470
|switch|p2a: Dragapult|Dragapult, F|91/100|[from] Chilly Reception
|
|-weather|Snowscape|[upkeep]
|-end|p1a: Darkrai|move: Future Sight
|-immune|p1a: Darkrai
|upkeep
|turn|10
|
|t:|1781330480
|switch|p1a: Garchomp|Garchomp, F|100/100
|move|p2a: Dragapult|U-turn|p1a: Garchomp
|-damage|p1a: Garchomp|89/100
|-damage|p2a: Dragapult|78/100|[from] ability: Rough Skin|[of] p1a: Garchomp
|-damage|p2a: Dragapult|62/100|[from] item: Rocky Helmet|[of] p1a: Garchomp
|
|t:|1781330488
|switch|p2a: Ninetales|Ninetales-Alola, F|63/100|[from] U-turn
|
|-weather|Snowscape|[upkeep]
|upkeep
|turn|11
|
|t:|1781330497
|move|p2a: Ninetales|Freeze-Dry|p1a: Garchomp
|-supereffective|p1a: Garchomp
|-damage|p1a: Garchomp|13/100
|move|p1a: Garchomp|Stealth Rock|p2a: Ninetales
|-sidestart|p2: runningdan|move: Stealth Rock
|
|-weather|Snowscape|[upkeep]
|upkeep
|turn|12
|
|t:|1781330505
|switch|p1a: Corviknight|Corviknight, M|68/100
|-ability|p1a: Corviknight|Pressure
|move|p2a: Ninetales|Aurora Veil|p2a: Ninetales
|-sidestart|p2: runningdan|move: Aurora Veil
|
|-weather|Snowscape|[upkeep]
|-heal|p1a: Corviknight|75/100|[from] item: Leftovers
|upkeep
|turn|13
|
|t:|1781330515
|switch|p2a: Darkrai|Darkrai|100/100
|-damage|p2a: Darkrai|88/100|[from] Stealth Rock
|move|p1a: Corviknight|Roost|p1a: Corviknight
|-heal|p1a: Corviknight|100/100
|-singleturn|p1a: Corviknight|move: Roost
|
|-weather|none
|-heal|p2a: Darkrai|94/100|[from] item: Leftovers
|upkeep
|turn|14
|
|t:|1781330520
|move|p2a: Darkrai|Nasty Plot|p2a: Darkrai
|-boost|p2a: Darkrai|spa|2
|move|p1a: Corviknight|U-turn|p2a: Darkrai
|-supereffective|p2a: Darkrai
|-damage|p2a: Darkrai|76/100
|
|t:|1781330523
|switch|p1a: Alomomola|Alomomola, F|100/100|[from] U-turn
|
|-heal|p2a: Darkrai|82/100|[from] item: Leftovers
|upkeep
|turn|15
|
|t:|1781330531
|move|p2a: Darkrai|Dark Pulse|p1a: Alomomola
|-damage|p1a: Alomomola|60/100
|move|p1a: Alomomola|Body Slam|p2a: Darkrai
|-damage|p2a: Darkrai|72/100
|
|-heal|p2a: Darkrai|78/100|[from] item: Leftovers
|upkeep
|turn|16
|
|t:|1781330546
|move|p2a: Darkrai|Dark Pulse|p1a: Alomomola
|-damage|p1a: Alomomola|21/100
|cant|p1a: Alomomola|flinch
|
|-heal|p2a: Darkrai|84/100|[from] item: Leftovers
|upkeep
|turn|17
|
|t:|1781330561
|switch|p1a: Garchomp|Garchomp, F|13/100
|move|p2a: Darkrai|Nasty Plot|p2a: Darkrai
|-boost|p2a: Darkrai|spa|2
|
|-heal|p2a: Darkrai|90/100|[from] item: Leftovers
|upkeep
|turn|18
|
|t:|1781330569
|move|p2a: Darkrai|Dark Pulse|p1a: Garchomp
|-damage|p1a: Garchomp|0 fnt
|faint|p1a: Garchomp
|
|-heal|p2a: Darkrai|96/100|[from] item: Leftovers
|upkeep
|inactive|cumtd has 120 seconds left.
|
|t:|1781330604
|switch|p1a: Weezing|Weezing-Galar, F|100/100
|-ability|p1a: Weezing|Neutralizing Gas
|turn|19
|
|t:|1781330611
|move|p2a: Darkrai|Psyshock|p1a: Weezing
|-supereffective|p1a: Weezing
|-damage|p1a: Weezing|0 fnt
|faint|p1a: Weezing
|-end|p1a: Weezing|ability: Neutralizing Gas
|
|-heal|p2a: Darkrai|100/100|[from] item: Leftovers
|-sideend|p2: runningdan|move: Aurora Veil
|upkeep
|
|t:|1781330615
|switch|p1a: Darkrai|Darkrai|100/100
|turn|20
|
|t:|1781330620
|move|p1a: Darkrai|Focus Blast|p2a: Darkrai
|-supereffective|p2a: Darkrai
|-damage|p2a: Darkrai|0 fnt
|faint|p2a: Darkrai
|
|upkeep
|
|t:|1781330625
|switch|p2a: Slowking|Slowking-Galar, F|100/100
|-damage|p2a: Slowking|88/100|[from] Stealth Rock
|turn|21
|
|t:|1781330634
|switch|p1a: Alomomola|Alomomola, F|54/100
|-prepare|p2a: Slowking|Chilly Reception|[premajor]
|move|p2a: Slowking|Chilly Reception|p2a: Slowking
|-weather|Snowscape
|
|t:|1781330644
|switch|p2a: Gliscor|Gliscor, M|100/100|[from] Chilly Reception
|-damage|p2a: Gliscor|88/100|[from] Stealth Rock
|
|-weather|Snowscape|[upkeep]
|-status|p2a: Gliscor|tox|[from] item: Toxic Orb
|upkeep
|turn|22
|
|t:|1781330660
|move|p2a: Gliscor|Stealth Rock|p1a: Alomomola
|-sidestart|p1: cumtd|move: Stealth Rock
|move|p1a: Alomomola|Flip Turn|p2a: Gliscor
|-supereffective|p2a: Gliscor
|-damage|p2a: Gliscor|69/100 tox
|
|t:|1781330664
|switch|p1a: Darkrai|Darkrai|100/100|[from] Flip Turn
|-damage|p1a: Darkrai|88/100|[from] Stealth Rock
|
|-weather|Snowscape|[upkeep]
|-heal|p2a: Gliscor|81/100 tox|[from] ability: Poison Heal
|upkeep
|turn|23
|
|t:|1781330671
|move|p2a: Gliscor|Protect|p2a: Gliscor
|-singleturn|p2a: Gliscor|Protect
|move|p1a: Darkrai|Ice Beam|p2a: Gliscor
|-activate|p2a: Gliscor|move: Protect
|
|-weather|Snowscape|[upkeep]
|-heal|p2a: Gliscor|94/100 tox|[from] ability: Poison Heal
|upkeep
|turn|24
|
|t:|1781330677
|switch|p1a: Corviknight|Corviknight, M|100/100
|-damage|p1a: Corviknight|88/100|[from] Stealth Rock
|-ability|p1a: Corviknight|Pressure
|switch|p2a: Slowking|Slowking-Galar, F|100/100
|-damage|p2a: Slowking|88/100|[from] Stealth Rock
|
|-weather|Snowscape|[upkeep]
|-heal|p1a: Corviknight|94/100|[from] item: Leftovers
|-heal|p2a: Slowking|94/100|[from] item: Leftovers
|upkeep
|turn|25
|
|t:|1781330685
|move|p1a: Corviknight|Defog|p2a: Slowking
|-unboost|p2a: Slowking|evasion|1
|-sideend|p2: runningdan|Stealth Rock|[from] move: Defog|[of] p1a: Corviknight
|-sideend|p1: cumtd|Stealth Rock|[from] move: Defog|[of] p1a: Corviknight
|move|p2a: Slowking|Flamethrower|p1a: Corviknight
|-supereffective|p1a: Corviknight
|-damage|p1a: Corviknight|61/100
|
|-weather|none
|-heal|p1a: Corviknight|67/100|[from] item: Leftovers
|-heal|p2a: Slowking|99/100|[from] item: Leftovers
|upkeep
|turn|26
|
|t:|1781330691
|move|p1a: Corviknight|U-turn|p2a: Slowking
|-damage|p2a: Slowking|86/100
|
|t:|1781330693
|switch|p1a: Alomomola|Alomomola, F|87/100|[from] U-turn
|move|p2a: Slowking|Future Sight|p1a: Alomomola
|-start|p2a: Slowking|move: Future Sight
|
|-heal|p2a: Slowking|92/100|[from] item: Leftovers
|upkeep
|turn|27
|
|t:|1781330700
|switch|p2a: Ninetales|Ninetales-Alola, F|63/100
|-weather|Snowscape|[from] ability: Snow Warning|[of] p2a: Ninetales
|move|p1a: Alomomola|Body Slam|p2a: Ninetales
|-damage|p2a: Ninetales|50/100
|-status|p2a: Ninetales|par
|
|-weather|Snowscape|[upkeep]
|upkeep
|turn|28
|
|t:|1781330711
|switch|p2a: Dragapult|Dragapult, F|62/100
|move|p1a: Alomomola|Mirror Coat||[still]
|-fail|p1a: Alomomola
|
|-weather|Snowscape|[upkeep]
|-end|p1a: Alomomola|move: Future Sight
|-damage|p1a: Alomomola|65/100
|upkeep
|turn|29
|
|t:|1781330723
|move|p2a: Dragapult|U-turn|p1a: Alomomola
|-damage|p1a: Alomomola|50/100
|
|t:|1781330736
|switch|p2a: Gliscor|Gliscor, M|94/100 tox|[from] U-turn
|move|p1a: Alomomola|Flip Turn|p2a: Gliscor
|-supereffective|p2a: Gliscor
|-damage|p2a: Gliscor|73/100 tox
|
|t:|1781330748
|switch|p1a: Darkrai|Darkrai|88/100|[from] Flip Turn
|
|-weather|Snowscape|[upkeep]
|-heal|p2a: Gliscor|85/100 tox|[from] ability: Poison Heal
|upkeep
|turn|30
|
|t:|1781330756
|move|p2a: Gliscor|Protect|p2a: Gliscor
|-singleturn|p2a: Gliscor|Protect
|move|p1a: Darkrai|Ice Beam|p2a: Gliscor
|-activate|p2a: Gliscor|move: Protect
|
|-weather|Snowscape|[upkeep]
|-heal|p2a: Gliscor|98/100 tox|[from] ability: Poison Heal
|upkeep
|turn|31
|
|t:|1781330762
|switch|p2a: Ninetales|Ninetales-Alola, F|50/100 par
|move|p1a: Darkrai|Ice Beam|p2a: Ninetales
|-resisted|p2a: Ninetales
|-damage|p2a: Ninetales|27/100 par
|
|-weather|none
|upkeep
|turn|32
|
|t:|1781330768
|switch|p1a: Alomomola|Alomomola, F|83/100
|switch|p2a: Slowking|Slowking-Galar, F|100/100
|
|upkeep
|turn|33
|
|t:|1781330775
|move|p1a: Alomomola|Flip Turn|p2a: Slowking
|-damage|p2a: Slowking|82/100
|
|t:|1781330778
|switch|p1a: Darkrai|Darkrai|88/100|[from] Flip Turn
|move|p2a: Slowking|Sludge Bomb|p1a: Darkrai
|-damage|p1a: Darkrai|36/100
|
|-heal|p2a: Slowking|88/100|[from] item: Leftovers
|upkeep
|turn|34
|
|t:|1781330795
|move|p1a: Darkrai|Dark Pulse|p2a: Slowking
|-supereffective|p2a: Slowking
|-damage|p2a: Slowking|0 fnt
|faint|p2a: Slowking
|
|upkeep
|
|t:|1781330804
|switch|p2a: Dragapult|Dragapult, F|62/100
|turn|35
|
|t:|1781330815
|switch|p1a: Alomomola|Alomomola, F|100/100
|move|p2a: Dragapult|Draco Meteor|p1a: Alomomola
|-damage|p1a: Alomomola|58/100
|-unboost|p2a: Dragapult|spa|2
|
|upkeep
|turn|36
|
|t:|1781330828
|switch|p2a: Gliscor|Gliscor, M|98/100 tox
|move|p1a: Alomomola|Flip Turn|p2a: Gliscor
|-supereffective|p2a: Gliscor
|-damage|p2a: Gliscor|77/100 tox
|
|t:|1781330834
|switch|p1a: Darkrai|Darkrai|36/100|[from] Flip Turn
|
|-heal|p2a: Gliscor|89/100 tox|[from] ability: Poison Heal
|upkeep
|turn|37
|
|t:|1781330840
|-terastallize|p2a: Gliscor|Water
|move|p1a: Darkrai|Ice Beam|p2a: Gliscor
|-resisted|p2a: Gliscor
|-damage|p2a: Gliscor|60/100 tox
|move|p2a: Gliscor|Toxic|p1a: Darkrai|[miss]
|-miss|p2a: Gliscor|p1a: Darkrai
|
|-heal|p2a: Gliscor|72/100 tox|[from] ability: Poison Heal
|upkeep
|turn|38
|c|☆runningdan|k
|
|t:|1781330851
|switch|p1a: Corviknight|Corviknight, M|67/100
|-ability|p1a: Corviknight|Pressure
|move|p2a: Gliscor|Stealth Rock|p1a: Corviknight
|-sidestart|p1: cumtd|move: Stealth Rock
|
|-heal|p1a: Corviknight|74/100|[from] item: Leftovers
|-heal|p2a: Gliscor|85/100 tox|[from] ability: Poison Heal
|upkeep
|turn|39
|
|t:|1781330857
|move|p2a: Gliscor|Knock Off|p1a: Corviknight
|-damage|p1a: Corviknight|57/100
|-enditem|p1a: Corviknight|Leftovers|[from] move: Knock Off|[of] p2a: Gliscor
|move|p1a: Corviknight|Defog|p2a: Gliscor
|-unboost|p2a: Gliscor|evasion|1
|-sideend|p1: cumtd|Stealth Rock|[from] move: Defog|[of] p1a: Corviknight
|
|-heal|p2a: Gliscor|97/100 tox|[from] ability: Poison Heal
|upkeep
|turn|40
|
|t:|1781330862
|move|p2a: Gliscor|Stealth Rock|p1a: Corviknight
|-sidestart|p1: cumtd|move: Stealth Rock
|move|p1a: Corviknight|U-turn|p2a: Gliscor
|-damage|p2a: Gliscor|88/100 tox
|
|t:|1781330864
|switch|p1a: Ogerpon|Ogerpon, F|100/100|[from] U-turn
|-damage|p1a: Ogerpon|88/100|[from] Stealth Rock
|
|-heal|p2a: Gliscor|100/100 tox|[from] ability: Poison Heal
|upkeep
|turn|41
|
|t:|1781330871
|switch|p2a: Ninetales|Ninetales-Alola, F|27/100 par
|-weather|Snowscape|[from] ability: Snow Warning|[of] p2a: Ninetales
|-terastallize|p1a: Ogerpon|Grass
|detailschange|p1a: Ogerpon|Ogerpon-Teal-Tera, F, tera:Grass
|-ability|p1a: Ogerpon|Embody Aspect (Teal)|boost
|-boost|p1a: Ogerpon|spe|1
|move|p1a: Ogerpon|Ivy Cudgel|p2a: Ninetales
|-damage|p2a: Ninetales|0 fnt
|faint|p2a: Ninetales
|
|-weather|Snowscape|[upkeep]
|upkeep
|
|t:|1781330883
|switch|p2a: Dragapult|Dragapult, F|62/100
|turn|42
|
|t:|1781330885
|move|p1a: Ogerpon|Knock Off|p2a: Dragapult
|-supereffective|p2a: Dragapult
|-damage|p2a: Dragapult|0 fnt
|-enditem|p2a: Dragapult|Choice Specs|[from] move: Knock Off|[of] p1a: Ogerpon
|faint|p2a: Dragapult
|
|-weather|Snowscape|[upkeep]
|upkeep
|
|t:|1781330898
|switch|p2a: Great Tusk|Great Tusk|100/100
|turn|43
|
|t:|1781330901
|move|p1a: Ogerpon|Ivy Cudgel|p2a: Great Tusk
|-supereffective|p2a: Great Tusk
|-damage|p2a: Great Tusk|36/100
|move|p2a: Great Tusk|Ice Spinner|p1a: Ogerpon
|-supereffective|p1a: Ogerpon
|-damage|p1a: Ogerpon|26/100
|
|-weather|Snowscape|[upkeep]
|-heal|p2a: Great Tusk|42/100|[from] item: Leftovers
|upkeep
|turn|44
|c|☆cumtd|that did not matter
|c|☆runningdan|what didnt
|c|☆cumtd|toxic miss
|inactive|runningdan has 120 seconds left.
|c|☆runningdan|I really don't care after misjuding specs for scarf but thanks
|
|t:|1781330959
|move|p1a: Ogerpon|Ivy Cudgel|p2a: Great Tusk
|-supereffective|p2a: Great Tusk
|-crit|p2a: Great Tusk
|-damage|p2a: Great Tusk|0 fnt
|faint|p2a: Great Tusk
|-end|p2a: Great Tusk|Protosynthesis|[silent]
|
|-weather|Snowscape|[upkeep]
|upkeep
|inactive|runningdan has 90 seconds left.
|c|☆runningdan|good timing tho
|-message|runningdan forfeited.
|
|win|cumtd
|raw|cumtd's rating: 1524 &rarr; <strong>1547</strong><br />(+23 for winning)
|raw|runningdan's rating: 1580 &rarr; <strong>1557</strong><br />(-23 for losing)
|l|☆runningdan
|player|p2|
|l|☆cumtd
|player|p1|
