|badge|p2|bronze|gen9randombattle|100-9
|badge|p2|bronze|gen9ubers|100-9
|uhtml|medal-msg|<div class="broadcast-blue">Curious what those medals under the avatar are? PS now has Ladder Seasons! For more information, check out the <a href="https://www.smogon.com/forums/threads/3740067/">thread on Smogon.</a></div>
|j|☆kshuaib734
|j|☆oddishlover4
|t:|1781308936
|gametype|singles
|player|p1|kshuaib734|steven|1688
|player|p2|oddishlover4|acetrainerf|1762
|gen|9
|tier|[Gen 9] OU
|rated|
|rule|HP Percentage Mod: HP is shown in percentages
|rule|Endless Battle Clause: Forcing endless battles is banned
|rule|Species Clause: Limit one of each Pokémon
|rule|OHKO Clause: OHKO moves are banned
|rule|Evasion Items Clause: Evasion items are banned
|rule|Evasion Moves Clause: Evasion moves are banned
|rule|Evasion Abilities Clause: Evasion abilities are banned
|rule|Sleep Moves Clause: Sleep-inducing moves are banned
|clearpoke
|poke|p1|Tyranitar, M|
|poke|p1|Dragapult, F|
|poke|p1|Pelipper, F|
|poke|p1|Quaquaval, M|
|poke|p1|Kingdra, F|
|poke|p1|Excadrill, M|
|poke|p2|Kyurem|
|poke|p2|Hatterene, F|
|poke|p2|Darkrai|
|poke|p2|Great Tusk|
|poke|p2|Dragonite, F|
|poke|p2|Gholdengo|
|teampreview
|inactive|Battle timer is ON: inactive players will automatically lose when time's up. (requested by kshuaib734)
|
|t:|1781308955
|teamsize|p1|6
|teamsize|p2|6
|start
|switch|p1a: Tyrant's Downpour|Pelipper, F|100/100
|switch|p2a: Boompala|Kyurem|100/100
|-ability|p2a: Boompala|Pressure
|-weather|RainDance|[from] ability: Drizzle|[of] p1a: Tyrant's Downpour
|turn|1
|c|☆oddishlover4|gl/hf!
|inactive|oddishlover4 also wants the timer to be on.
|c|☆kshuaib734|u2
|
|t:|1781308973
|switch|p1a: King Tyrant|Tyranitar, M|100/100
|-weather|Sandstorm|[from] ability: Sand Stream|[of] p1a: King Tyrant
|move|p2a: Boompala|Freeze-Dry|p1a: King Tyrant
|-damage|p1a: King Tyrant|79/100
|-status|p1a: King Tyrant|frz
|
|-weather|Sandstorm|[upkeep]
|-damage|p2a: Boompala|94/100|[from] Sandstorm
|upkeep
|turn|2
|
|t:|1781308992
|switch|p1a: Tyrant's Legacy|Excadrill, M|100/100
|move|p2a: Boompala|Body Press|p1a: Tyrant's Legacy
|-supereffective|p1a: Tyrant's Legacy
|-damage|p1a: Tyrant's Legacy|42/100
|
|-weather|Sandstorm|[upkeep]
|-damage|p2a: Boompala|88/100|[from] Sandstorm
|upkeep
|turn|3
|
|t:|1781309010
|switch|p2a: Fearless|Great Tusk|100/100
|move|p1a: Tyrant's Legacy|Iron Head|p2a: Fearless
|-damage|p2a: Fearless|65/100
|-damage|p1a: Tyrant's Legacy|32/100|[from] item: Life Orb
|
|-weather|Sandstorm|[upkeep]
|-heal|p2a: Fearless|71/100|[from] item: Leftovers
|upkeep
|turn|4
|j| Pine Steven
|j| dilf huntr
|inactive|oddishlover4 has 120 seconds left.
|
|t:|1781309029
|move|p1a: Tyrant's Legacy|Earthquake|p2a: Fearless
|-crit|p2a: Fearless
|-damage|p2a: Fearless|8/100
|-damage|p1a: Tyrant's Legacy|22/100|[from] item: Life Orb
|move|p2a: Fearless|Ice Spinner|p1a: Tyrant's Legacy
|-damage|p1a: Tyrant's Legacy|0 fnt
|faint|p1a: Tyrant's Legacy
|
|-weather|Sandstorm|[upkeep]
|-heal|p2a: Fearless|14/100|[from] item: Leftovers
|upkeep
|
|t:|1781309044
|switch|p1a: Tyrant's Enforcer|Dragapult, F|100/100
|turn|5
|inactive|oddishlover4 has 120 seconds left.
|
|t:|1781309062
|move|p1a: Tyrant's Enforcer|Surf|p2a: Fearless
|-supereffective|p2a: Fearless
|-damage|p2a: Fearless|0 fnt
|faint|p2a: Fearless
|-end|p2a: Fearless|Protosynthesis|[silent]
|-damage|p1a: Tyrant's Enforcer|91/100|[from] item: Life Orb
|
|-weather|none
|upkeep
|inactive|oddishlover4 has 120 seconds left.
|
|t:|1781309080
|switch|p2a: Celebration|Gholdengo|100/100
|turn|6
|
|t:|1781309098
|switch|p1a: Tyrant's Downpour|Pelipper, F|100/100
|-weather|RainDance|[from] ability: Drizzle|[of] p1a: Tyrant's Downpour
|move|p2a: Celebration|Nasty Plot|p2a: Celebration
|-boost|p2a: Celebration|spa|2
|
|-weather|RainDance|[upkeep]
|upkeep
|turn|7
|
|t:|1781309116
|move|p2a: Celebration|Shadow Ball|p1a: Tyrant's Downpour
|-damage|p1a: Tyrant's Downpour|0 fnt
|faint|p1a: Tyrant's Downpour
|
|-weather|RainDance|[upkeep]
|upkeep
|
|t:|1781309121
|switch|p1a: Tyrant's Vengeance|Kingdra, F|100/100
|turn|8
|c| Pine Steven|ts over
|j| Barryshambles
|c|☆kshuaib734|:(
|
|t:|1781309139
|switch|p2a: Boompala|Kyurem|88/100
|-ability|p2a: Boompala|Pressure
|move|p1a: Tyrant's Vengeance|Weather Ball|p2a: Boompala
|-resisted|p2a: Boompala
|-damage|p2a: Boompala|54/100
|
|-weather|RainDance|[upkeep]
|upkeep
|turn|9
|
|t:|1781309157
|move|p1a: Tyrant's Vengeance|Weather Ball|p2a: Boompala
|-resisted|p2a: Boompala
|-damage|p2a: Boompala|19/100
|move|p2a: Boompala|Freeze-Dry|p1a: Tyrant's Vengeance
|-supereffective|p1a: Tyrant's Vengeance
|-damage|p1a: Tyrant's Vengeance|0 fnt
|faint|p1a: Tyrant's Vengeance
|
|-weather|RainDance|[upkeep]
|upkeep
|
|t:|1781309166
|switch|p1a: Tyrant's Enforcer|Dragapult, F|91/100
|turn|10
|
|t:|1781309184
|switch|p2a: Celebration|Gholdengo|100/100
|move|p1a: Tyrant's Enforcer|Surf|p2a: Celebration
|-damage|p2a: Celebration|50/100
|-damage|p1a: Tyrant's Enforcer|81/100|[from] item: Life Orb
|
|-weather|RainDance|[upkeep]
|upkeep
|turn|11
|inactive|oddishlover4 has 90 seconds left.
|
|t:|1781309203
|move|p1a: Tyrant's Enforcer|Surf|p2a: Celebration
|-damage|p2a: Celebration|0 fnt
|faint|p2a: Celebration
|-damage|p1a: Tyrant's Enforcer|71/100|[from] item: Life Orb
|
|-weather|RainDance|[upkeep]
|upkeep
|inactive|oddishlover4 has 90 seconds left.
|
|t:|1781309221
|switch|p2a: Antifragile|Hatterene, F|100/100
|turn|12
|
|t:|1781309238
|move|p1a: Tyrant's Enforcer|Thunder|p2a: Antifragile
|-damage|p2a: Antifragile|55/100
|-status|p2a: Antifragile|par
|-damage|p1a: Tyrant's Enforcer|61/100|[from] item: Life Orb
|move|p2a: Antifragile|Draining Kiss|p1a: Tyrant's Enforcer
|-supereffective|p1a: Tyrant's Enforcer
|-damage|p1a: Tyrant's Enforcer|0 fnt
|-heal|p2a: Antifragile|100/100 par|[from] drain|[of] p1a: Tyrant's Enforcer
|faint|p1a: Tyrant's Enforcer
|
|-weather|RainDance|[upkeep]
|upkeep
|
|t:|1781309249
|switch|p1a: Tyrant's Endgame|Quaquaval, M|100/100
|turn|13
|
|t:|1781309267
|move|p1a: Tyrant's Endgame|Aqua Step|p2a: Antifragile
|-damage|p2a: Antifragile|41/100 par
|-boost|p1a: Tyrant's Endgame|spe|1
|-damage|p1a: Tyrant's Endgame|84/100|[from] item: Rocky Helmet|[of] p2a: Antifragile
|move|p2a: Antifragile|Draining Kiss|p1a: Tyrant's Endgame
|-supereffective|p1a: Tyrant's Endgame
|-damage|p1a: Tyrant's Endgame|26/100
|-heal|p2a: Antifragile|83/100 par|[from] drain|[of] p1a: Tyrant's Endgame
|
|-weather|none
|upkeep
|turn|14
|-message|kshuaib734 forfeited.
|
|win|oddishlover4
|raw|kshuaib734's rating: 1688 &rarr; <strong>1672</strong><br />(-16 for losing)
|raw|oddishlover4's rating: 1762 &rarr; <strong>1778</strong><br />(+16 for winning)
|c|☆oddishlover4|GG!
|l|☆kshuaib734
|player|p1|
|l| Pine Steven
|l| Barryshambles
|l| dilf huntr
