|badge|p2|bronze|gen9ou|100-9
|uhtml|medal-msg|<div class="broadcast-blue">Curious what those medals under the avatar are? PS now has Ladder Seasons! For more information, check out the <a href="https://www.smogon.com/forums/threads/3740067/">thread on Smogon.</a></div>
|j|☆kennojex
|j|☆AnonymousJon
|t:|1781393059
|gametype|singles
|player|p1|kennojex|lucas|1730
|player|p2|AnonymousJon|workerice|1916
|gen|9
|tier|[Gen 9] OU
|rated|
|rule|HP Percentage Mod: HP is shown in percentages
|rule|Endless Battle Clause: Forcing endless battles is banned
|rule|Species Clause: Limit one of each Pokémon
|rule|OHKO Clause: OHKO moves are banned
|rule|Evasion Items Clause: Evasion items are banned
|rule|Evasion Moves Clause: Evasion moves are banned
|rule|Evasion Abilities Clause: Evasion abilities are banned
|rule|Sleep Moves Clause: Sleep-inducing moves are banned
|clearpoke
|poke|p1|Grimmsnarl, M|
|poke|p1|Garganacl, M|
|poke|p1|Manaphy|
|poke|p1|Latias, F|
|poke|p1|Corviknight, F|
|poke|p1|Okidogi, M|
|poke|p2|Great Tusk|
|poke|p2|Ogerpon-Cornerstone, F|
|poke|p2|Rillaboom, M|
|poke|p2|Tyranitar, F|
|poke|p2|Corviknight, F|
|poke|p2|Dragapult, F|
|teampreview
|inactive|Battle timer is ON: inactive players will automatically lose when time's up. (requested by AnonymousJon)
|
|t:|1781393087
|teamsize|p1|6
|teamsize|p2|6
|start
|switch|p1a: Okidogi|Okidogi, M|100/100
|switch|p2a: Rillaboom|Rillaboom, M|100/100
|-fieldstart|move: Grassy Terrain|[from] ability: Grassy Surge|[of] p2a: Rillaboom
|turn|1
|
|t:|1781393116
|move|p2a: Rillaboom|Knock Off|p1a: Okidogi
|-resisted|p1a: Okidogi
|-damage|p1a: Okidogi|79/100
|-enditem|p1a: Okidogi|Leftovers|[from] move: Knock Off|[of] p2a: Rillaboom
|move|p1a: Okidogi|Knock Off|p2a: Rillaboom
|-damage|p2a: Rillaboom|69/100
|-enditem|p2a: Rillaboom|Choice Band|[from] move: Knock Off|[of] p1a: Okidogi
|
|-heal|p2a: Rillaboom|76/100|[from] Grassy Terrain
|-heal|p1a: Okidogi|85/100|[from] Grassy Terrain
|upkeep
|turn|2
|
|t:|1781393124
|switch|p2a: Great Tusk|Great Tusk|100/100
|move|p1a: Okidogi|Knock Off|p2a: Great Tusk
|-resisted|p2a: Great Tusk
|-damage|p2a: Great Tusk|91/100
|-enditem|p2a: Great Tusk|Assault Vest|[from] move: Knock Off|[of] p1a: Okidogi
|
|-heal|p2a: Great Tusk|97/100|[from] Grassy Terrain
|-heal|p1a: Okidogi|92/100|[from] Grassy Terrain
|upkeep
|turn|3
|inactive|kennojex has 120 seconds left.
|
|t:|1781393152
|switch|p1a: Manaphy|Manaphy|100/100
|move|p2a: Great Tusk|Headlong Rush|p1a: Manaphy
|-damage|p1a: Manaphy|56/100
|-unboost|p2a: Great Tusk|def|1
|-unboost|p2a: Great Tusk|spd|1
|
|-heal|p1a: Manaphy|62/100|[from] Grassy Terrain
|-heal|p1a: Manaphy|68/100|[from] item: Leftovers
|-heal|p2a: Great Tusk|100/100|[from] Grassy Terrain
|upkeep
|turn|4
|
|t:|1781393159
|-end|p2a: Great Tusk|Protosynthesis|[silent]
|switch|p2a: Tyranitar|Tyranitar, F|100/100
|-weather|Sandstorm|[from] ability: Sand Stream|[of] p2a: Tyranitar
|move|p1a: Manaphy|Scald|p2a: Tyranitar
|-supereffective|p2a: Tyranitar
|-damage|p2a: Tyranitar|77/100
|
|-weather|Sandstorm|[upkeep]
|-damage|p1a: Manaphy|62/100|[from] Sandstorm
|-heal|p1a: Manaphy|68/100|[from] Grassy Terrain
|-heal|p1a: Manaphy|74/100|[from] item: Leftovers
|-heal|p2a: Tyranitar|83/100|[from] Grassy Terrain
|-heal|p2a: Tyranitar|89/100|[from] item: Leftovers
|upkeep
|turn|5
|
|t:|1781393165
|switch|p1a: Okidogi|Okidogi, M|92/100
|move|p2a: Tyranitar|Stealth Rock|p1a: Okidogi
|-sidestart|p1: kennojex|move: Stealth Rock
|
|-weather|Sandstorm|[upkeep]
|-damage|p1a: Okidogi|85/100|[from] Sandstorm
|-heal|p1a: Okidogi|92/100|[from] Grassy Terrain
|-heal|p2a: Tyranitar|95/100|[from] Grassy Terrain
|-heal|p2a: Tyranitar|100/100|[from] item: Leftovers
|-fieldend|move: Grassy Terrain
|upkeep
|turn|6
|
|t:|1781393171
|switch|p2a: Great Tusk|Great Tusk|100/100
|move|p1a: Okidogi|Drain Punch|p2a: Great Tusk
|-damage|p2a: Great Tusk|79/100
|-heal|p1a: Okidogi|100/100|[from] drain|[of] p2a: Great Tusk
|
|-weather|Sandstorm|[upkeep]
|-damage|p1a: Okidogi|94/100|[from] Sandstorm
|upkeep
|turn|7
|
|t:|1781393177
|switch|p1a: Manaphy|Manaphy|74/100
|-damage|p1a: Manaphy|61/100|[from] Stealth Rock
|move|p2a: Great Tusk|Headlong Rush|p1a: Manaphy
|-damage|p1a: Manaphy|14/100
|-unboost|p2a: Great Tusk|def|1
|-unboost|p2a: Great Tusk|spd|1
|
|-weather|Sandstorm|[upkeep]
|-damage|p1a: Manaphy|8/100|[from] Sandstorm
|-heal|p1a: Manaphy|14/100|[from] item: Leftovers
|upkeep
|turn|8
|
|t:|1781393190
|-end|p2a: Great Tusk|Protosynthesis|[silent]
|switch|p2a: Rillaboom|Rillaboom, M|76/100
|-fieldstart|move: Grassy Terrain|[from] ability: Grassy Surge|[of] p2a: Rillaboom
|move|p1a: Manaphy|Scald|p2a: Rillaboom
|-resisted|p2a: Rillaboom
|-damage|p2a: Rillaboom|58/100
|
|-weather|none
|-heal|p1a: Manaphy|20/100|[from] Grassy Terrain
|-heal|p1a: Manaphy|26/100|[from] item: Leftovers
|-heal|p2a: Rillaboom|64/100|[from] Grassy Terrain
|upkeep
|turn|9
|
|t:|1781393199
|switch|p1a: Okidogi|Okidogi, M|94/100
|-damage|p1a: Okidogi|88/100|[from] Stealth Rock
|move|p2a: Rillaboom|Knock Off|p1a: Okidogi
|-resisted|p1a: Okidogi
|-damage|p1a: Okidogi|79/100
|
|-heal|p2a: Rillaboom|70/100|[from] Grassy Terrain
|-heal|p1a: Okidogi|85/100|[from] Grassy Terrain
|upkeep
|turn|10
|
|t:|1781393204
|move|p2a: Rillaboom|Wood Hammer|p1a: Okidogi
|-resisted|p1a: Okidogi
|-damage|p1a: Okidogi|53/100
|-damage|p2a: Rillaboom|58/100|[from] Recoil
|move|p1a: Okidogi|Ice Punch|p2a: Rillaboom
|-supereffective|p2a: Rillaboom
|-damage|p2a: Rillaboom|10/100
|
|-heal|p2a: Rillaboom|16/100|[from] Grassy Terrain
|-heal|p1a: Okidogi|59/100|[from] Grassy Terrain
|upkeep
|turn|11
|
|t:|1781393207
|move|p2a: Rillaboom|Wood Hammer|p1a: Okidogi
|-resisted|p1a: Okidogi
|-damage|p1a: Okidogi|28/100
|-damage|p2a: Rillaboom|4/100|[from] Recoil
|move|p1a: Okidogi|Drain Punch|p2a: Rillaboom
|-crit|p2a: Rillaboom
|-damage|p2a: Rillaboom|0 fnt
|-heal|p1a: Okidogi|29/100|[from] drain|[of] p2a: Rillaboom
|faint|p2a: Rillaboom
|
|-heal|p1a: Okidogi|35/100|[from] Grassy Terrain
|upkeep
|
|t:|1781393216
|switch|p2a: Great Tusk|Great Tusk|79/100
|turn|12
|
|t:|1781393233
|move|p2a: Great Tusk|Headlong Rush|p1a: Okidogi
|-supereffective|p1a: Okidogi
|-damage|p1a: Okidogi|0 fnt
|-unboost|p2a: Great Tusk|def|1
|-unboost|p2a: Great Tusk|spd|1
|faint|p1a: Okidogi
|
|-heal|p2a: Great Tusk|86/100|[from] Grassy Terrain
|-fieldend|move: Grassy Terrain
|upkeep
|
|t:|1781393235
|switch|p1a: Manaphy|Manaphy|26/100
|-damage|p1a: Manaphy|14/100|[from] Stealth Rock
|turn|13
|
|t:|1781393243
|-end|p2a: Great Tusk|Protosynthesis|[silent]
|switch|p2a: Corviknight|Corviknight, F|100/100
|-ability|p2a: Corviknight|Pressure
|move|p1a: Manaphy|Scald|p2a: Corviknight
|-damage|p2a: Corviknight|73/100
|
|-heal|p1a: Manaphy|20/100|[from] item: Leftovers
|upkeep
|turn|14
|
|t:|1781393247
|move|p1a: Manaphy|Scald|p2a: Corviknight
|-crit|p2a: Corviknight
|-damage|p2a: Corviknight|30/100
|move|p2a: Corviknight|U-turn|p1a: Manaphy
|-damage|p1a: Manaphy|8/100
|
|t:|1781393250
|switch|p2a: Ogerpon|Ogerpon-Cornerstone, F|100/100|[from] U-turn
|
|-heal|p1a: Manaphy|14/100|[from] item: Leftovers
|upkeep
|turn|15
|
|t:|1781393253
|move|p2a: Ogerpon|Ivy Cudgel|p1a: Manaphy|[anim] Ivy Cudgel Rock
|-damage|p1a: Manaphy|0 fnt
|faint|p1a: Manaphy
|
|upkeep
|
|t:|1781393267
|switch|p1a: Grimmsnarl|Grimmsnarl, M|100/100
|-damage|p1a: Grimmsnarl|88/100|[from] Stealth Rock
|turn|16
|
|t:|1781393276
|move|p2a: Ogerpon|Swords Dance|p2a: Ogerpon
|-boost|p2a: Ogerpon|atk|2
|move|p1a: Grimmsnarl|Spirit Break|p2a: Ogerpon
|-damage|p2a: Ogerpon|61/100
|-unboost|p2a: Ogerpon|spa|1
|
|upkeep
|turn|17
|
|t:|1781393279
|move|p1a: Grimmsnarl|Reflect|p1a: Grimmsnarl
|-sidestart|p1: kennojex|Reflect
|move|p2a: Ogerpon|Horn Leech|p1a: Grimmsnarl
|-damage|p1a: Grimmsnarl|32/100
|-heal|p2a: Ogerpon|98/100|[from] drain|[of] p1a: Grimmsnarl
|
|upkeep
|turn|18
|
|t:|1781393285
|move|p1a: Grimmsnarl|Parting Shot|p2a: Ogerpon
|-unboost|p2a: Ogerpon|atk|1
|-unboost|p2a: Ogerpon|spa|1
|
|t:|1781393295
|switch|p1a: Corviknight|Corviknight, F, shiny|100/100|[from] Parting Shot
|-damage|p1a: Corviknight|88/100|[from] Stealth Rock
|move|p2a: Ogerpon|Swords Dance|p2a: Ogerpon
|-boost|p2a: Ogerpon|atk|2
|
|-heal|p1a: Corviknight|94/100|[from] item: Leftovers
|upkeep
|turn|19
|
|t:|1781393301
|-terastallize|p2a: Ogerpon|Rock
|detailschange|p2a: Ogerpon|Ogerpon-Cornerstone-Tera, F, tera:Rock
|-ability|p2a: Ogerpon|Embody Aspect (Cornerstone)|boost
|-boost|p2a: Ogerpon|def|1
|move|p2a: Ogerpon|Ivy Cudgel|p1a: Corviknight|[anim] Ivy Cudgel Rock
|-damage|p1a: Corviknight|17/100
|move|p1a: Corviknight|Agility|p1a: Corviknight
|-boost|p1a: Corviknight|spe|2
|
|-heal|p1a: Corviknight|23/100|[from] item: Leftovers
|upkeep
|turn|20
|
|t:|1781393305
|move|p2a: Ogerpon|Ivy Cudgel|p1a: Corviknight|[anim] Ivy Cudgel Rock
|-damage|p1a: Corviknight|0 fnt
|faint|p1a: Corviknight
|
|upkeep
|
|t:|1781393311
|switch|p1a: Garganacl|Garganacl, M|100/100
|-damage|p1a: Garganacl|88/100|[from] Stealth Rock
|turn|21
|
|t:|1781393316
|move|p2a: Ogerpon|Swords Dance|p2a: Ogerpon
|-boost|p2a: Ogerpon|atk|2
|move|p1a: Garganacl|Salt Cure|p2a: Ogerpon
|-damage|p2a: Ogerpon|85/100
|-start|p2a: Ogerpon|Salt Cure
|
|-heal|p1a: Garganacl|94/100|[from] item: Leftovers
|-damage|p2a: Ogerpon|72/100|[from] Salt Cure
|upkeep
|turn|22
|
|t:|1781393322
|move|p2a: Ogerpon|Horn Leech|p1a: Garganacl
|-supereffective|p1a: Garganacl
|-damage|p1a: Garganacl|0 fnt
|-heal|p2a: Ogerpon|100/100|[from] drain|[of] p1a: Garganacl
|faint|p1a: Garganacl
|
|-damage|p2a: Ogerpon|88/100|[from] Salt Cure
|upkeep
|
|t:|1781393324
|switch|p1a: Grimmsnarl|Grimmsnarl, M|32/100
|-damage|p1a: Grimmsnarl|19/100|[from] Stealth Rock
|turn|23
|j| nesnot
|
|t:|1781393330
|move|p2a: Ogerpon|Horn Leech|p1a: Grimmsnarl
|-damage|p1a: Grimmsnarl|0 fnt
|-heal|p2a: Ogerpon|99/100|[from] drain|[of] p1a: Grimmsnarl
|faint|p1a: Grimmsnarl
|
|-damage|p2a: Ogerpon|88/100|[from] Salt Cure
|upkeep
|
|t:|1781393332
|switch|p1a: Latias|Latias, F|100/100
|-damage|p1a: Latias|88/100|[from] Stealth Rock
|turn|24
|
|t:|1781393335
|move|p2a: Ogerpon|Ivy Cudgel|p1a: Latias|[anim] Ivy Cudgel Rock
|-damage|p1a: Latias|0 fnt
|faint|p1a: Latias
|
|win|AnonymousJon
|raw|kennojex's rating: 1730 &rarr; <strong>1720</strong><br />(-10 for losing)
|raw|AnonymousJon's rating: 1916 &rarr; <strong>1926</strong><br />(+10 for winning)
|l|☆kennojex
|player|p1|
|c|☆AnonymousJon|gg
|l|☆AnonymousJon
|player|p2|
