|j|☆barbordor
|j|☆LowEL0God
|t:|1781205194
|gametype|singles
|player|p1|barbordor|102|1546
|player|p2|LowEL0God|265|1562
|gen|9
|tier|[Gen 9] OU
|rated|
|rule|HP Percentage Mod: HP is shown in percentages
|rule|Endless Battle Clause: Forcing endless battles is banned
|rule|Species Clause: Limit one of each Pokémon
|rule|OHKO Clause: OHKO moves are banned
|rule|Evasion Items Clause: Evasion items are banned
|rule|Evasion Moves Clause: Evasion moves are banned
|rule|Evasion Abilities Clause: Evasion abilities are banned
|rule|Sleep Moves Clause: Sleep-inducing moves are banned
|clearpoke
|poke|p1|Great Tusk|
|poke|p1|Pecharunt|
|poke|p1|Cinderace, F|
|poke|p1|Alomomola, M|
|poke|p1|Meowscarada, M|
|poke|p1|Sylveon, F|
|poke|p2|Pelipper, M|
|poke|p2|Torkoal, M|
|poke|p2|Walking Wake|
|poke|p2|Kyurem|
|poke|p2|Ninetales-Alola, M|
|poke|p2|Ogerpon-Wellspring, F|
|teampreview
|inactive|Battle timer is ON: inactive players will automatically lose when time's up. (requested by barbordor)
|c|☆LowEL0God|hf
|inactive|LowEL0God also wants the timer to be on.
|
|t:|1781205201
|teamsize|p1|6
|teamsize|p2|6
|start
|switch|p1a: Sylveon|Sylveon, F|100/100
|switch|p2a: Ninetales|Ninetales-Alola, M|100/100
|-weather|Snowscape|[from] ability: Snow Warning|[of] p2a: Ninetales
|turn|1
|
|t:|1781205203
|move|p2a: Ninetales|Aurora Veil|p2a: Ninetales
|-sidestart|p2: LowEL0God|move: Aurora Veil
|move|p1a: Sylveon|Hyper Voice|p2a: Ninetales
|-damage|p2a: Ninetales|59/100
|
|-weather|Snowscape|[upkeep]
|upkeep
|turn|2
|
|t:|1781205205
|move|p2a: Ninetales|Freeze-Dry|p1a: Sylveon
|-damage|p1a: Sylveon|85/100
|move|p1a: Sylveon|Hyper Voice|p2a: Ninetales
|-damage|p2a: Ninetales|17/100
|
|-weather|Snowscape|[upkeep]
|upkeep
|turn|3
|
|t:|1781205207
|move|p2a: Ninetales|Moonblast|p1a: Sylveon
|-damage|p1a: Sylveon|62/100
|move|p1a: Sylveon|Hyper Voice|p2a: Ninetales
|-damage|p2a: Ninetales|0 fnt
|faint|p2a: Ninetales
|
|-weather|Snowscape|[upkeep]
|upkeep
|
|t:|1781205207
|switch|p2a: Hurricane Spam|Pelipper, M, shiny|100/100
|-weather|RainDance|[from] ability: Drizzle|[of] p2a: Hurricane Spam
|turn|4
|
|t:|1781205211
|switch|p1a: Alomomola|Alomomola, M, shiny|100/100
|move|p2a: Hurricane Spam|Weather Ball|p1a: Alomomola
|-resisted|p1a: Alomomola
|-damage|p1a: Alomomola|72/100
|
|-weather|RainDance|[upkeep]
|upkeep
|turn|5
|
|t:|1781205213
|switch|p2a: Ogerpon|Ogerpon-Wellspring, F|100/100
|move|p1a: Alomomola|Mirror Coat||[still]
|-fail|p1a: Alomomola
|
|-weather|RainDance|[upkeep]
|-sideend|p2: LowEL0God|move: Aurora Veil
|upkeep
|turn|6
|
|t:|1781205217
|switch|p1a: Meowscarada|Meowscarada, M|100/100
|move|p2a: Ogerpon|Swords Dance|p2a: Ogerpon
|-boost|p2a: Ogerpon|atk|2
|
|-weather|RainDance|[upkeep]
|upkeep
|turn|7
|
|t:|1781205220
|-terastallize|p2a: Ogerpon|Water
|detailschange|p2a: Ogerpon|Ogerpon-Wellspring-Tera, F, tera:Water
|-ability|p2a: Ogerpon|Embody Aspect (Wellspring)|boost
|-boost|p2a: Ogerpon|spd|1
|move|p1a: Meowscarada|U-turn|p2a: Ogerpon
|-start|p1a: Meowscarada|typechange|Bug|[from] ability: Protean
|-damage|p2a: Ogerpon|42/100
|
|t:|1781205225
|switch|p1a: Sylveon|Sylveon, F|62/100|[from] U-turn
|move|p2a: Ogerpon|Horn Leech|p1a: Sylveon
|-damage|p1a: Sylveon|0 fnt
|-heal|p2a: Ogerpon|76/100|[from] drain|[of] p1a: Sylveon
|faint|p1a: Sylveon
|
|-weather|RainDance|[upkeep]
|upkeep
|
|t:|1781205227
|switch|p1a: Meowscarada|Meowscarada, M|100/100
|turn|8
|
|t:|1781205228
|switch|p2a: Torkoal|Torkoal, M|100/100
|-weather|SunnyDay|[from] ability: Drought|[of] p2a: Torkoal
|move|p1a: Meowscarada|Flower Trick|p2a: Torkoal
|-start|p1a: Meowscarada|typechange|Grass|[from] ability: Protean
|-resisted|p2a: Torkoal
|-crit|p2a: Torkoal
|-damage|p2a: Torkoal|78/100
|
|-weather|SunnyDay|[upkeep]
|upkeep
|turn|9
|
|t:|1781205232
|switch|p1a: Cinderace|Cinderace, F|100/100
|move|p2a: Torkoal|Lava Plume|p1a: Cinderace
|-resisted|p1a: Cinderace
|-crit|p1a: Cinderace
|-damage|p1a: Cinderace|68/100
|
|-weather|SunnyDay|[upkeep]
|upkeep
|turn|10
|
|t:|1781205234
|move|p1a: Cinderace|U-turn|p2a: Torkoal
|-resisted|p2a: Torkoal
|-damage|p2a: Torkoal|73/100
|
|t:|1781205236
|switch|p1a: Great Tusk|Great Tusk|100/100|[from] U-turn
|-activate|p1a: Great Tusk|ability: Protosynthesis
|-start|p1a: Great Tusk|protosynthesisatk
|move|p2a: Torkoal|Lava Plume|p1a: Great Tusk
|-damage|p1a: Great Tusk|45/100
|
|-weather|SunnyDay|[upkeep]
|-heal|p1a: Great Tusk|51/100|[from] item: Leftovers
|upkeep
|turn|11
|
|t:|1781205238
|switch|p2a: Hurricane Spam|Pelipper, M, shiny|100/100
|-weather|RainDance|[from] ability: Drizzle|[of] p2a: Hurricane Spam
|-end|p1a: Great Tusk|Protosynthesis
|move|p1a: Great Tusk|Knock Off|p2a: Hurricane Spam
|-damage|p2a: Hurricane Spam|66/100
|-enditem|p2a: Hurricane Spam|Choice Specs|[from] move: Knock Off|[of] p1a: Great Tusk
|
|-weather|RainDance|[upkeep]
|-heal|p1a: Great Tusk|58/100|[from] item: Leftovers
|upkeep
|turn|12
|
|t:|1781205243
|move|p1a: Great Tusk|Stealth Rock|p2a: Hurricane Spam
|-sidestart|p2: LowEL0God|move: Stealth Rock
|move|p2a: Hurricane Spam|Hurricane|p1a: Great Tusk
|-supereffective|p1a: Great Tusk
|-damage|p1a: Great Tusk|0 fnt
|faint|p1a: Great Tusk
|-end|p1a: Great Tusk|Protosynthesis|[silent]
|
|-weather|RainDance|[upkeep]
|upkeep
|
|t:|1781205245
|switch|p1a: Alomomola|Alomomola, M, shiny|100/100
|turn|13
|
|t:|1781205247
|move|p2a: Hurricane Spam|Hurricane|p1a: Alomomola
|-damage|p1a: Alomomola|76/100
|move|p1a: Alomomola|Mirror Coat|p2a: Hurricane Spam
|-damage|p2a: Hurricane Spam|0 fnt
|faint|p2a: Hurricane Spam
|
|-weather|RainDance|[upkeep]
|upkeep
|
|t:|1781205247
|switch|p2a: Ogerpon|Ogerpon-Wellspring-Tera, F, tera:Water|76/100
|-damage|p2a: Ogerpon|63/100|[from] Stealth Rock
|-ability|p2a: Ogerpon|Embody Aspect (Wellspring)|boost
|-boost|p2a: Ogerpon|spd|1
|turn|14
|
|t:|1781205249
|move|p2a: Ogerpon|Horn Leech|p1a: Alomomola
|-supereffective|p1a: Alomomola
|-damage|p1a: Alomomola|20/100
|-heal|p2a: Ogerpon|100/100|[from] drain|[of] p1a: Alomomola
|move|p1a: Alomomola|Flip Turn|p2a: Ogerpon
|-resisted|p2a: Ogerpon
|-crit|p2a: Ogerpon
|-damage|p2a: Ogerpon|77/100
|
|t:|1781205251
|switch|p1a: Meowscarada|Meowscarada, M|100/100|[from] Flip Turn
|
|-weather|RainDance|[upkeep]
|upkeep
|turn|15
|
|t:|1781205252
|switch|p2a: Torkoal|Torkoal, M|73/100
|-damage|p2a: Torkoal|48/100|[from] Stealth Rock
|-weather|SunnyDay|[from] ability: Drought|[of] p2a: Torkoal
|move|p1a: Meowscarada|U-turn|p2a: Torkoal
|-start|p1a: Meowscarada|typechange|Bug|[from] ability: Protean
|-resisted|p2a: Torkoal
|-damage|p2a: Torkoal|34/100
|
|t:|1781205257
|switch|p1a: Pecharunt|Pecharunt|100/100|[from] U-turn
|
|-weather|SunnyDay|[upkeep]
|upkeep
|turn|16
|
|t:|1781205258
|move|p1a: Pecharunt|Malignant Chain|p2a: Torkoal
|-damage|p2a: Torkoal|0 fnt
|faint|p2a: Torkoal
|
|-weather|SunnyDay|[upkeep]
|upkeep
|
|t:|1781205259
|switch|p2a: Walking Wake|Walking Wake|100/100
|-damage|p2a: Walking Wake|88/100|[from] Stealth Rock
|-activate|p2a: Walking Wake|ability: Protosynthesis
|-start|p2a: Walking Wake|protosynthesisspe
|turn|17
|
|t:|1781205265
|switch|p1a: Cinderace|Cinderace, F|68/100
|move|p2a: Walking Wake|Hydro Steam|p1a: Cinderace
|-supereffective|p1a: Cinderace
|-damage|p1a: Cinderace|0 fnt
|faint|p1a: Cinderace
|
|-weather|SunnyDay|[upkeep]
|upkeep
|
|t:|1781205267
|switch|p1a: Alomomola|Alomomola, M, shiny|54/100
|turn|18
|
|t:|1781205269
|move|p2a: Walking Wake|Hydro Steam|p1a: Alomomola
|-resisted|p1a: Alomomola
|-damage|p1a: Alomomola|30/100
|move|p1a: Alomomola|Flip Turn|p2a: Walking Wake
|-resisted|p2a: Walking Wake
|-damage|p2a: Walking Wake|86/100
|
|t:|1781205273
|switch|p1a: Pecharunt|Pecharunt|100/100|[from] Flip Turn
|
|-weather|SunnyDay|[upkeep]
|upkeep
|turn|19
|
|t:|1781205274
|switch|p1a: Alomomola|Alomomola, M, shiny|63/100
|move|p2a: Walking Wake|Hydro Steam|p1a: Alomomola
|-resisted|p1a: Alomomola
|-damage|p1a: Alomomola|37/100
|
|-weather|SunnyDay|[upkeep]
|upkeep
|turn|20
|
|t:|1781205277
|move|p2a: Walking Wake|Hydro Steam|p1a: Alomomola
|-resisted|p1a: Alomomola
|-damage|p1a: Alomomola|14/100
|move|p1a: Alomomola|Mirror Coat|p2a: Walking Wake
|-damage|p2a: Walking Wake|19/100
|
|-weather|SunnyDay|[upkeep]
|upkeep
|turn|21
|
|t:|1781205305
|move|p1a: Alomomola|Aqua Jet|p2a: Walking Wake
|-resisted|p2a: Walking Wake
|-damage|p2a: Walking Wake|18/100
|move|p2a: Walking Wake|Hydro Steam|p1a: Alomomola
|-resisted|p1a: Alomomola
|-damage|p1a: Alomomola|0 fnt
|faint|p1a: Alomomola
|
|-weather|SunnyDay|[upkeep]
|upkeep
|
|t:|1781205306
|switch|p1a: Pecharunt|Pecharunt|100/100
|turn|22
|
|t:|1781205308
|move|p2a: Walking Wake|Hydro Steam|p1a: Pecharunt
|-damage|p1a: Pecharunt|11/100
|move|p1a: Pecharunt|Recover|p1a: Pecharunt
|-heal|p1a: Pecharunt|61/100
|
|-weather|none
|-end|p2a: Walking Wake|Protosynthesis
|upkeep
|turn|23
|
|t:|1781205310
|move|p2a: Walking Wake|Hydro Steam|p1a: Pecharunt
|-damage|p1a: Pecharunt|1/100
|move|p1a: Pecharunt|Recover|p1a: Pecharunt
|-heal|p1a: Pecharunt|51/100
|
|upkeep
|turn|24
|
|t:|1781205313
|-end|p2a: Walking Wake|Protosynthesis|[silent]
|switch|p2a: Ogerpon|Ogerpon-Wellspring-Tera, F, tera:Water|77/100
|-damage|p2a: Ogerpon|64/100|[from] Stealth Rock
|-ability|p2a: Ogerpon|Embody Aspect (Wellspring)|boost
|-boost|p2a: Ogerpon|spd|1
|switch|p1a: Meowscarada|Meowscarada, M|100/100
|
|upkeep
|turn|25
|
|t:|1781205324
|-terastallize|p1a: Meowscarada|Grass
|move|p1a: Meowscarada|Flower Trick|p2a: Ogerpon
|-supereffective|p2a: Ogerpon
|-crit|p2a: Ogerpon
|-damage|p2a: Ogerpon|0 fnt
|faint|p2a: Ogerpon
|detailschange|p2: Ogerpon|Ogerpon-Wellspring, F|[silent]
|
|upkeep
|
|t:|1781205325
|switch|p2a: Kyurem|Kyurem|100/100
|-damage|p2a: Kyurem|76/100|[from] Stealth Rock
|-ability|p2a: Kyurem|Pressure
|turn|26
|
|t:|1781205328
|switch|p1a: Pecharunt|Pecharunt|51/100
|move|p2a: Kyurem|Freeze-Dry|p1a: Pecharunt
|-damage|p1a: Pecharunt|12/100
|
|upkeep
|turn|27
|
|t:|1781205330
|move|p2a: Kyurem|Freeze-Dry|p1a: Pecharunt
|-damage|p1a: Pecharunt|0 fnt
|faint|p1a: Pecharunt
|
|upkeep
|
|t:|1781205333
|switch|p1a: Meowscarada|Meowscarada, M, tera:Grass|100/100
|turn|28
|
|t:|1781205334
|move|p1a: Meowscarada|Triple Axel|p2a: Kyurem
|-damage|p2a: Kyurem|66/100
|-damage|p2a: Kyurem|46/100
|-damage|p2a: Kyurem|18/100
|-hitcount|p2a: Kyurem|3
|move|p2a: Kyurem|Icicle Spear|p1a: Meowscarada
|-supereffective|p1a: Meowscarada
|-damage|p1a: Meowscarada|51/100
|-supereffective|p1a: Meowscarada
|-damage|p1a: Meowscarada|7/100
|-hitcount|p1a: Meowscarada|2
|
|upkeep
|turn|29
|
|t:|1781205336
|move|p1a: Meowscarada|Triple Axel|p2a: Kyurem
|-damage|p2a: Kyurem|7/100
|-crit|p2a: Kyurem
|-damage|p2a: Kyurem|0 fnt
|faint|p2a: Kyurem
|-hitcount|p2: Kyurem|2
|
|upkeep
|
|t:|1781205337
|switch|p2a: Walking Wake|Walking Wake|18/100
|-damage|p2a: Walking Wake|6/100|[from] Stealth Rock
|turn|30
|
|t:|1781205338
|move|p1a: Meowscarada|Triple Axel|p2a: Walking Wake
|-damage|p2a: Walking Wake|0 fnt
|faint|p2a: Walking Wake
|-end|p2a: Walking Wake|Protosynthesis|[silent]
|-hitcount|p2: Walking Wake|1
|
|win|barbordor
|raw|barbordor's rating: 1546 &rarr; <strong>1567</strong><br />(+21 for winning)
|raw|LowEL0God's rating: 1562 &rarr; <strong>1541</strong><br />(-21 for losing)
|l|☆barbordor
|player|p1|
|c|☆LowEL0God|gg
|l|☆LowEL0God
|player|p2|
