|j|☆yangtao
|j|☆Kloakris
|t:|1780911636
|gametype|singles
|player|p1|yangtao|reporter|1574
|player|p2|Kloakris|102|1604
|gen|9
|tier|[Gen 9] OU
|rated|
|rule|HP Percentage Mod: HP is shown in percentages
|rule|Endless Battle Clause: Forcing endless battles is banned
|rule|Species Clause: Limit one of each Pokémon
|rule|OHKO Clause: OHKO moves are banned
|rule|Evasion Items Clause: Evasion items are banned
|rule|Evasion Moves Clause: Evasion moves are banned
|rule|Evasion Abilities Clause: Evasion abilities are banned
|rule|Sleep Moves Clause: Sleep-inducing moves are banned
|clearpoke
|poke|p1|Iron Hands|
|poke|p1|Corviknight, F|
|poke|p1|Clodsire, F|
|poke|p1|Moltres|
|poke|p1|Darkrai|
|poke|p1|Dragonite, F|
|poke|p2|Ribombee, M|
|poke|p2|Gholdengo|
|poke|p2|Great Tusk|
|poke|p2|Raging Bolt|
|poke|p2|Ogerpon-Cornerstone, F|
|poke|p2|Ceruledge, F|
|teampreview
|inactive|Battle timer is ON: inactive players will automatically lose when time's up. (requested by yangtao)
|
|t:|1780911648
|teamsize|p1|6
|teamsize|p2|6
|start
|switch|p1a: Moltres|Moltres|100/100
|switch|p2a: NEW DROP|Ribombee, M, shiny|100/100
|turn|1
|
|t:|1780911653
|move|p2a: NEW DROP|Sticky Web|p1a: Moltres
|-sidestart|p1: yangtao|move: Sticky Web
|move|p1a: Moltres|Fire Blast|p2a: NEW DROP
|-supereffective|p2a: NEW DROP
|-enditem|p2a: NEW DROP|Focus Sash
|-damage|p2a: NEW DROP|1/100
|
|upkeep
|turn|2
|
|t:|1780911658
|move|p2a: NEW DROP|Psychic Noise|p1a: Moltres
|-damage|p1a: Moltres|74/100
|-start|p1a: Moltres|move: Heal Block
|move|p1a: Moltres|Scorching Sands|p2a: NEW DROP
|-resisted|p2a: NEW DROP
|-damage|p2a: NEW DROP|0 fnt
|faint|p2a: NEW DROP
|
|upkeep
|
|t:|1780911670
|switch|p2a: BROTHER STONE|Ogerpon-Cornerstone, F|100/100
|turn|3
|
|t:|1780911676
|switch|p1a: Iron Hands|Iron Hands|100/100
|-activate|p1a: Iron Hands|move: Sticky Web
|-unboost|p1a: Iron Hands|spe|1
|move|p2a: BROTHER STONE|Ivy Cudgel|p1a: Iron Hands|[anim] Ivy Cudgel Rock
|-resisted|p1a: Iron Hands
|-damage|p1a: Iron Hands|81/100
|
|-heal|p1a: Iron Hands|88/100|[from] item: Leftovers
|upkeep
|turn|4
|
|t:|1780911692
|move|p2a: BROTHER STONE|Power Whip|p1a: Iron Hands
|-damage|p1a: Iron Hands|39/100
|move|p1a: Iron Hands|Ice Punch|p2a: BROTHER STONE
|-supereffective|p2a: BROTHER STONE
|-damage|p2a: BROTHER STONE|19/100
|
|-heal|p1a: Iron Hands|45/100|[from] item: Leftovers
|upkeep
|turn|5
|
|t:|1780911700
|-end|p1a: Iron Hands|Quark Drive|[silent]
|switch|p1a: Corviknight|Corviknight, F|100/100
|-ability|p1a: Corviknight|Pressure
|move|p2a: BROTHER STONE|Power Whip|p1a: Corviknight
|-resisted|p1a: Corviknight
|-damage|p1a: Corviknight|88/100
|-damage|p2a: BROTHER STONE|2/100|[from] item: Rocky Helmet|[of] p1a: Corviknight
|
|upkeep
|turn|6
|
|t:|1780911707
|move|p2a: BROTHER STONE|Taunt|p1a: Corviknight
|-start|p1a: Corviknight|move: Taunt
|move|p1a: Corviknight|U-turn|p2a: BROTHER STONE
|-supereffective|p2a: BROTHER STONE
|-damage|p2a: BROTHER STONE|0 fnt
|faint|p2a: BROTHER STONE
|
|t:|1780911713
|switch|p1a: Clodsire|Clodsire, F|100/100|[from] U-turn
|-activate|p1a: Clodsire|move: Sticky Web
|-unboost|p1a: Clodsire|spe|1
|
|upkeep
|inactive|Kloakris has 120 seconds left.
|
|t:|1780911743
|switch|p2a: KRYPTONITE|Gholdengo, shiny|100/100
|-item|p2a: KRYPTONITE|Air Balloon
|turn|7
|
|t:|1780911751
|switch|p1a: Moltres|Moltres|74/100
|move|p2a: KRYPTONITE|Nasty Plot|p2a: KRYPTONITE
|-boost|p2a: KRYPTONITE|spa|2
|
|upkeep
|turn|8
|
|t:|1780911764
|move|p1a: Moltres|Fire Blast|p2a: KRYPTONITE|[miss]
|-miss|p1a: Moltres|p2a: KRYPTONITE
|move|p2a: KRYPTONITE|Shadow Ball|p1a: Moltres
|-damage|p1a: Moltres|0 fnt
|faint|p1a: Moltres
|
|upkeep
|
|t:|1780911773
|switch|p1a: Dragonite|Dragonite, F|100/100
|turn|9
|
|t:|1780911779
|move|p1a: Dragonite|Ice Spinner|p2a: KRYPTONITE
|-resisted|p2a: KRYPTONITE
|-damage|p2a: KRYPTONITE|85/100
|-enditem|p2a: KRYPTONITE|Air Balloon
|move|p2a: KRYPTONITE|Psyshock|p1a: Dragonite
|-damage|p1a: Dragonite|66/100
|
|upkeep
|turn|10
|
|t:|1780911805
|move|p1a: Dragonite|Earthquake|p2a: KRYPTONITE
|-supereffective|p2a: KRYPTONITE
|-damage|p2a: KRYPTONITE|10/100
|move|p2a: KRYPTONITE|Shadow Ball|p1a: Dragonite
|-damage|p1a: Dragonite|0 fnt
|faint|p1a: Dragonite
|
|upkeep
|
|t:|1780911813
|switch|p1a: Clodsire|Clodsire, F|100/100
|-activate|p1a: Clodsire|move: Sticky Web
|-unboost|p1a: Clodsire|spe|1
|turn|11
|
|t:|1780911817
|-terastallize|p1a: Clodsire|Dark
|move|p2a: KRYPTONITE|Psyshock|p1a: Clodsire
|-immune|p1a: Clodsire
|move|p1a: Clodsire|Earthquake|p2a: KRYPTONITE
|-supereffective|p2a: KRYPTONITE
|-damage|p2a: KRYPTONITE|0 fnt
|faint|p2a: KRYPTONITE
|
|upkeep
|j| njwrnjwjq
|inactive|Kloakris has 120 seconds left.
|
|t:|1780911871
|switch|p2a: BANDIT|Great Tusk, shiny|100/100
|-enditem|p2a: BANDIT|Booster Energy
|-activate|p2a: BANDIT|ability: Protosynthesis|[fromitem]
|-start|p2a: BANDIT|protosynthesisatk
|turn|12
|
|t:|1780911879
|switch|p1a: Iron Hands|Iron Hands|45/100
|-activate|p1a: Iron Hands|move: Sticky Web
|-unboost|p1a: Iron Hands|spe|1
|move|p2a: BANDIT|Rapid Spin|p1a: Iron Hands
|-damage|p1a: Iron Hands|29/100
|-boost|p2a: BANDIT|spe|1
|
|-heal|p1a: Iron Hands|36/100|[from] item: Leftovers
|upkeep
|turn|13
|
|t:|1780911896
|move|p2a: BANDIT|Headlong Rush|p1a: Iron Hands
|-supereffective|p1a: Iron Hands
|-damage|p1a: Iron Hands|0 fnt
|-unboost|p2a: BANDIT|def|1
|-unboost|p2a: BANDIT|spd|1
|faint|p1a: Iron Hands
|-end|p1a: Iron Hands|Quark Drive|[silent]
|
|upkeep
|
|t:|1780911899
|switch|p1a: Corviknight|Corviknight, F|88/100
|-ability|p1a: Corviknight|Pressure
|turn|14
|inactive|Kloakris has 90 seconds left.
|
|t:|1780911929
|move|p2a: BANDIT|Close Combat|p1a: Corviknight
|-damage|p1a: Corviknight|40/100
|-unboost|p2a: BANDIT|def|1
|-unboost|p2a: BANDIT|spd|1
|-damage|p2a: BANDIT|84/100|[from] item: Rocky Helmet|[of] p1a: Corviknight
|move|p1a: Corviknight|Defog|p2a: BANDIT
|-unboost|p2a: BANDIT|evasion|1
|-sideend|p1: yangtao|Sticky Web|[from] move: Defog|[of] p1a: Corviknight
|
|upkeep
|turn|15
|inactive|Kloakris has 90 seconds left.
|
|t:|1780911937
|move|p2a: BANDIT|Close Combat|p1a: Corviknight
|-damage|p1a: Corviknight|0 fnt
|-unboost|p2a: BANDIT|def|1
|-unboost|p2a: BANDIT|spd|1
|-damage|p2a: BANDIT|68/100|[from] item: Rocky Helmet|[of] p1a: Corviknight
|faint|p1a: Corviknight
|
|upkeep
|
|t:|1780911940
|switch|p1a: Darkrai|Darkrai|100/100
|turn|16
|
|t:|1780911942
|move|p2a: BANDIT|Close Combat|p1a: Darkrai
|-supereffective|p1a: Darkrai
|-crit|p1a: Darkrai
|-damage|p1a: Darkrai|0 fnt
|-unboost|p2a: BANDIT|def|1
|-unboost|p2a: BANDIT|spd|1
|faint|p1a: Darkrai
|
|upkeep
|-message|yangtao forfeited.
|
|win|Kloakris
|raw|yangtao's rating: 1574 &rarr; <strong>1556</strong><br />(-18 for losing)
|raw|Kloakris's rating: 1604 &rarr; <strong>1622</strong><br />(+18 for winning)
|l|☆yangtao
|player|p1|
|l|☆Kloakris
|player|p2|
