|j|☆lunachili
|j|☆KnightKnaveSpy
|t:|1781241854
|gametype|singles
|player|p1|lunachili|clown|1625
|player|p2|KnightKnaveSpy|2|1668
|gen|9
|tier|[Gen 9] OU
|rated|
|rule|HP Percentage Mod: HP is shown in percentages
|rule|Endless Battle Clause: Forcing endless battles is banned
|rule|Species Clause: Limit one of each Pokémon
|rule|OHKO Clause: OHKO moves are banned
|rule|Evasion Items Clause: Evasion items are banned
|rule|Evasion Moves Clause: Evasion moves are banned
|rule|Evasion Abilities Clause: Evasion abilities are banned
|rule|Sleep Moves Clause: Sleep-inducing moves are banned
|clearpoke
|poke|p1|Alomomola, F|
|poke|p1|Slowking-Galar, F|
|poke|p1|Kingambit, F|
|poke|p1|Great Tusk|
|poke|p1|Cinderace, F|
|poke|p1|Raging Bolt|
|poke|p2|Samurott-Hisui, M|
|poke|p2|Blaziken, F|
|poke|p2|Kingambit, M|
|poke|p2|Raging Bolt|
|poke|p2|Ogerpon-Wellspring, F|
|poke|p2|Greninja-*, M|
|teampreview
|inactive|Battle timer is ON: inactive players will automatically lose when time's up. (requested by lunachili)
|
|t:|1781241861
|teamsize|p1|6
|teamsize|p2|6
|start
|switch|p1a: Cinderace|Cinderace, F|100/100
|switch|p2a: Samurott|Samurott-Hisui, M|100/100
|turn|1
|
|t:|1781241865
|move|p1a: Cinderace|U-turn|p2a: Samurott
|-start|p1a: Cinderace|typechange|Bug|[from] ability: Libero
|-supereffective|p2a: Samurott
|-damage|p2a: Samurott|9/100
|
|t:|1781241871
|switch|p1a: Alomomola|Alomomola, F|100/100|[from] U-turn
|move|p2a: Samurott|Ceaseless Edge|p1a: Alomomola
|-damage|p1a: Alomomola|77/100
|-damage|p2a: Samurott|0 fnt|[from] item: Rocky Helmet|[of] p1a: Alomomola
|faint|p2a: Samurott
|
|upkeep
|
|t:|1781241874
|switch|p2a: Ogerpon|Ogerpon-Wellspring, F|100/100
|turn|2
|
|t:|1781241880
|move|p2a: Ogerpon|Swords Dance|p2a: Ogerpon
|-boost|p2a: Ogerpon|atk|2
|move|p1a: Alomomola|Wish|p1a: Alomomola
|
|upkeep
|turn|3
|
|t:|1781241888
|switch|p1a: Raging Bolt|Raging Bolt|100/100
|move|p2a: Ogerpon|Ivy Cudgel|p1a: Raging Bolt|[anim] Ivy Cudgel Water
|-resisted|p1a: Raging Bolt
|-damage|p1a: Raging Bolt|52/100
|
|-heal|p1a: Raging Bolt|100/100|[from] move: Wish|[wisher] Alomomola
|upkeep
|turn|4
|
|t:|1781241906
|move|p2a: Ogerpon|U-turn|p1a: Raging Bolt
|-damage|p1a: Raging Bolt|53/100
|
|t:|1781241909
|switch|p2a: Raging Bolt|Raging Bolt|100/100|[from] U-turn
|-item|p2a: Raging Bolt|Air Balloon
|move|p1a: Raging Bolt|Draco Meteor|p2a: Raging Bolt
|-supereffective|p2a: Raging Bolt
|-damage|p2a: Raging Bolt|0 fnt
|-unboost|p1a: Raging Bolt|spa|2
|-enditem|p2a: Raging Bolt|Air Balloon
|faint|p2a: Raging Bolt
|-end|p2a: Raging Bolt|Protosynthesis|[silent]
|
|-heal|p1a: Raging Bolt|60/100|[from] item: Leftovers
|upkeep
|
|t:|1781241911
|switch|p2a: Blaziken|Blaziken, F|100/100
|turn|5
|
|t:|1781241928
|move|p2a: Blaziken|Swords Dance|p2a: Blaziken
|-boost|p2a: Blaziken|atk|2
|move|p1a: Raging Bolt|Draco Meteor|p2a: Blaziken
|-damage|p2a: Blaziken|40/100
|-unboost|p1a: Raging Bolt|spa|2
|
|-heal|p2a: Blaziken|46/100|[from] item: Leftovers
|-heal|p1a: Raging Bolt|66/100|[from] item: Leftovers
|-ability|p2a: Blaziken|Speed Boost|boost
|-boost|p2a: Blaziken|spe|1
|upkeep
|turn|6
|
|t:|1781241939
|-end|p1a: Raging Bolt|Protosynthesis|[silent]
|switch|p1a: Alomomola|Alomomola, F|100/100
|move|p2a: Blaziken|Swords Dance|p2a: Blaziken
|-boost|p2a: Blaziken|atk|2
|
|-heal|p2a: Blaziken|52/100|[from] item: Leftovers
|-ability|p2a: Blaziken|Speed Boost|boost
|-boost|p2a: Blaziken|spe|1
|upkeep
|turn|7
|
|t:|1781241949
|move|p2a: Blaziken|Detect|p2a: Blaziken
|-singleturn|p2a: Blaziken|Protect
|move|p1a: Alomomola|Flip Turn|p2a: Blaziken
|-activate|p2a: Blaziken|move: Protect
|
|-heal|p2a: Blaziken|58/100|[from] item: Leftovers
|-ability|p2a: Blaziken|Speed Boost|boost
|-boost|p2a: Blaziken|spe|1
|upkeep
|turn|8
|
|t:|1781241964
|-terastallize|p1a: Alomomola|Flying
|move|p2a: Blaziken|Close Combat|p1a: Alomomola
|-resisted|p1a: Alomomola
|-damage|p1a: Alomomola|47/100
|-unboost|p2a: Blaziken|def|1
|-unboost|p2a: Blaziken|spd|1
|-damage|p2a: Blaziken|42/100|[from] item: Rocky Helmet|[of] p1a: Alomomola
|move|p1a: Alomomola|Flip Turn|p2a: Blaziken
|-supereffective|p2a: Blaziken
|-damage|p2a: Blaziken|0 fnt
|faint|p2a: Blaziken
|
|t:|1781241975
|switch|p1a: Cinderace|Cinderace, F|100/100|[from] Flip Turn
|
|upkeep
|-message|KnightKnaveSpy forfeited.
|
|win|lunachili
|raw|lunachili's rating: 1625 &rarr; <strong>1647</strong><br />(+22 for winning)
|raw|KnightKnaveSpy's rating: 1668 &rarr; <strong>1646</strong><br />(-22 for losing)
|l|☆KnightKnaveSpy
|player|p2|
|c|☆lunachili|gg
|l|☆lunachili
|player|p1|
