|j|☆Thederpa1
|j|☆stevstacks
|t:|1781414281
|gametype|singles
|player|p1|Thederpa1|swimmer-gen4dp|1518
|player|p2|stevstacks|169|1585
|gen|9
|tier|[Gen 9] OU
|rated|
|rule|HP Percentage Mod: HP is shown in percentages
|rule|Endless Battle Clause: Forcing endless battles is banned
|rule|Species Clause: Limit one of each Pokémon
|rule|OHKO Clause: OHKO moves are banned
|rule|Evasion Items Clause: Evasion items are banned
|rule|Evasion Moves Clause: Evasion moves are banned
|rule|Evasion Abilities Clause: Evasion abilities are banned
|rule|Sleep Moves Clause: Sleep-inducing moves are banned
|clearpoke
|poke|p1|Goodra-Hisui, F|
|poke|p1|Alomomola, M|
|poke|p1|Gholdengo|
|poke|p1|Cinderace, F|
|poke|p1|Great Tusk|
|poke|p1|Ogerpon-Cornerstone, F|
|poke|p2|Torkoal, F|
|poke|p2|Corviknight, F|
|poke|p2|Walking Wake|
|poke|p2|Great Tusk|
|poke|p2|Zamazenta-*|
|poke|p2|Raging Bolt|
|teampreview
|inactive|Battle timer is ON: inactive players will automatically lose when time's up. (requested by stevstacks)
|
|t:|1781414298
|teamsize|p1|6
|teamsize|p2|6
|start
|switch|p1a: Gholdengo|Gholdengo|100/100
|switch|p2a: Torkoal|Torkoal, F, shiny|100/100
|-weather|SunnyDay|[from] ability: Drought|[of] p2a: Torkoal
|turn|1
|
|t:|1781414304
|move|p1a: Gholdengo|Shadow Ball|p2a: Torkoal
|-damage|p2a: Torkoal|63/100
|move|p2a: Torkoal|Overheat|p1a: Gholdengo
|-supereffective|p1a: Gholdengo
|-damage|p1a: Gholdengo|0 fnt
|-unboost|p2a: Torkoal|spa|2
|faint|p1a: Gholdengo
|
|-weather|SunnyDay|[upkeep]
|upkeep
|
|t:|1781414314
|switch|p1a: Cinderace|Cinderace, F|100/100
|turn|2
|
|t:|1781414317
|move|p1a: Cinderace|Pyro Ball|p2a: Torkoal
|-resisted|p2a: Torkoal
|-damage|p2a: Torkoal|30/100
|move|p2a: Torkoal|Stealth Rock|p1a: Cinderace
|-sidestart|p1: Thederpa1|move: Stealth Rock
|
|-weather|SunnyDay|[upkeep]
|upkeep
|turn|3
|
|t:|1781414322
|move|p1a: Cinderace|Pyro Ball|p2a: Torkoal
|-resisted|p2a: Torkoal
|-damage|p2a: Torkoal|0 fnt
|faint|p2a: Torkoal
|
|-weather|SunnyDay|[upkeep]
|upkeep
|
|t:|1781414324
|switch|p2a: Walking Wake|Walking Wake|100/100
|-activate|p2a: Walking Wake|ability: Protosynthesis
|-start|p2a: Walking Wake|protosynthesisspe
|turn|4
|
|t:|1781414329
|move|p1a: Cinderace|Sucker Punch|p2a: Walking Wake
|-start|p1a: Cinderace|typechange|Dark|[from] ability: Libero
|-damage|p2a: Walking Wake|66/100
|move|p2a: Walking Wake|Flip Turn|p1a: Cinderace
|-damage|p1a: Cinderace|86/100
|
|t:|1781414332
|-end|p2a: Walking Wake|Protosynthesis|[silent]
|switch|p2a: Zamazenta|Zamazenta|100/100|[from] Flip Turn
|-ability|p2a: Zamazenta|Dauntless Shield|boost
|-boost|p2a: Zamazenta|def|1
|
|-weather|SunnyDay|[upkeep]
|upkeep
|turn|5
|
|t:|1781414338
|switch|p1a: Alomomola|Alomomola, M|100/100
|-damage|p1a: Alomomola|88/100|[from] Stealth Rock
|move|p2a: Zamazenta|Body Press|p1a: Alomomola
|-damage|p1a: Alomomola|63/100
|-damage|p2a: Zamazenta|84/100|[from] item: Rocky Helmet|[of] p1a: Alomomola
|
|-weather|SunnyDay|[upkeep]
|-heal|p2a: Zamazenta|90/100|[from] item: Leftovers
|upkeep
|turn|6
|
|t:|1781414342
|move|p2a: Zamazenta|Iron Defense|p2a: Zamazenta
|-boost|p2a: Zamazenta|def|2
|move|p1a: Alomomola|Wish|p1a: Alomomola
|
|-weather|SunnyDay|[upkeep]
|-heal|p2a: Zamazenta|96/100|[from] item: Leftovers
|upkeep
|turn|7
|
|t:|1781414348
|-terastallize|p1a: Alomomola|Ghost
|move|p2a: Zamazenta|Iron Defense|p2a: Zamazenta
|-boost|p2a: Zamazenta|def|2
|move|p1a: Alomomola|Tickle|p2a: Zamazenta
|-unboost|p2a: Zamazenta|atk|1
|-unboost|p2a: Zamazenta|def|1
|
|-weather|SunnyDay|[upkeep]
|-heal|p1a: Alomomola|100/100|[from] move: Wish|[wisher] Alomomola
|-heal|p2a: Zamazenta|100/100|[from] item: Leftovers
|upkeep
|turn|8
|
|t:|1781414353
|move|p1a: Alomomola|Wish|p1a: Alomomola
|move|p2a: Zamazenta|Roar|p1a: Alomomola
|drag|p1a: Ogerpon|Ogerpon-Cornerstone, F|100/100
|-damage|p1a: Ogerpon|88/100|[from] Stealth Rock
|
|-weather|none
|upkeep
|turn|9
|
|t:|1781414361
|switch|p1a: Alomomola|Alomomola, M, tera:Ghost|100/100
|-damage|p1a: Alomomola|88/100|[from] Stealth Rock
|move|p2a: Zamazenta|Roar|p1a: Alomomola
|drag|p1a: Cinderace|Cinderace, F|86/100
|
|-heal|p1a: Cinderace|100/100|[from] move: Wish|[wisher] Alomomola
|upkeep
|turn|10
|
|t:|1781414370
|switch|p1a: Alomomola|Alomomola, M, tera:Ghost|100/100
|-damage|p1a: Alomomola|88/100|[from] Stealth Rock
|move|p2a: Zamazenta|Crunch|p1a: Alomomola
|-supereffective|p1a: Alomomola
|-damage|p1a: Alomomola|72/100
|-damage|p2a: Zamazenta|84/100|[from] item: Rocky Helmet|[of] p1a: Alomomola
|
|-heal|p2a: Zamazenta|90/100|[from] item: Leftovers
|upkeep
|turn|11
|
|t:|1781414377
|move|p2a: Zamazenta|Crunch|p1a: Alomomola
|-supereffective|p1a: Alomomola
|-damage|p1a: Alomomola|56/100
|-damage|p2a: Zamazenta|74/100|[from] item: Rocky Helmet|[of] p1a: Alomomola
|move|p1a: Alomomola|Tickle|p2a: Zamazenta
|-unboost|p2a: Zamazenta|atk|1
|-unboost|p2a: Zamazenta|def|1
|
|-heal|p2a: Zamazenta|80/100|[from] item: Leftovers
|upkeep
|turn|12
|
|t:|1781414384
|move|p1a: Alomomola|Wish|p1a: Alomomola
|move|p2a: Zamazenta|Roar|p1a: Alomomola
|drag|p1a: Ogerpon|Ogerpon-Cornerstone, F|88/100
|-damage|p1a: Ogerpon|76/100|[from] Stealth Rock
|
|-heal|p2a: Zamazenta|86/100|[from] item: Leftovers
|upkeep
|turn|13
|
|t:|1781414391
|switch|p1a: Alomomola|Alomomola, M, tera:Ghost|89/100
|-damage|p1a: Alomomola|77/100|[from] Stealth Rock
|move|p2a: Zamazenta|Body Press|p1a: Alomomola
|-immune|p1a: Alomomola
|
|-heal|p1a: Alomomola|100/100|[from] move: Wish|[wisher] Alomomola
|-heal|p2a: Zamazenta|92/100|[from] item: Leftovers
|upkeep
|turn|14
|
|t:|1781414402
|move|p1a: Alomomola|Tickle|p2a: Zamazenta
|-unboost|p2a: Zamazenta|atk|1
|-unboost|p2a: Zamazenta|def|1
|move|p2a: Zamazenta|Roar|p1a: Alomomola
|drag|p1a: Goodra|Goodra-Hisui, F|100/100
|-damage|p1a: Goodra|94/100|[from] Stealth Rock
|
|-heal|p2a: Zamazenta|98/100|[from] item: Leftovers
|-heal|p1a: Goodra|100/100|[from] item: Leftovers
|upkeep
|turn|15
|
|t:|1781414414
|switch|p2a: Raging Bolt|Raging Bolt|100/100
|switch|p1a: Alomomola|Alomomola, M, tera:Ghost|100/100
|-damage|p1a: Alomomola|88/100|[from] Stealth Rock
|
|upkeep
|turn|16
|
|t:|1781414418
|move|p2a: Raging Bolt|Draco Meteor|p1a: Alomomola
|-damage|p1a: Alomomola|0 fnt
|-unboost|p2a: Raging Bolt|spa|2
|faint|p1a: Alomomola
|
|upkeep
|
|t:|1781414422
|switch|p1a: Cinderace|Cinderace, F|100/100
|turn|17
|
|t:|1781414429
|-end|p2a: Raging Bolt|Protosynthesis|[silent]
|switch|p2a: Zamazenta|Zamazenta|98/100
|move|p1a: Cinderace|Court Change|p1a: Cinderace
|-start|p1a: Cinderace|typechange|Normal|[from] ability: Libero
|-swapsideconditions
|-activate|p1a: Cinderace|move: Court Change
|
|-heal|p2a: Zamazenta|100/100|[from] item: Leftovers
|upkeep
|turn|18
|
|t:|1781414436
|-terastallize|p2a: Zamazenta|Fire
|move|p2a: Zamazenta|Iron Defense|p2a: Zamazenta
|-boost|p2a: Zamazenta|def|2
|move|p1a: Cinderace|U-turn|p2a: Zamazenta
|-resisted|p2a: Zamazenta
|-damage|p2a: Zamazenta|97/100
|
|t:|1781414443
|switch|p1a: Great Tusk|Great Tusk|100/100|[from] U-turn
|
|-heal|p2a: Zamazenta|100/100|[from] item: Leftovers
|upkeep
|turn|19
|
|t:|1781414446
|move|p2a: Zamazenta|Iron Defense|p2a: Zamazenta
|-boost|p2a: Zamazenta|def|2
|move|p1a: Great Tusk|Headlong Rush|p2a: Zamazenta
|-supereffective|p2a: Zamazenta
|-damage|p2a: Zamazenta|75/100
|-unboost|p1a: Great Tusk|def|1
|-unboost|p1a: Great Tusk|spd|1
|
|-heal|p2a: Zamazenta|81/100|[from] item: Leftovers
|upkeep
|turn|20
|
|t:|1781414450
|-end|p1a: Great Tusk|Protosynthesis|[silent]
|switch|p1a: Ogerpon|Ogerpon-Cornerstone, F|76/100
|move|p2a: Zamazenta|Iron Defense|p2a: Zamazenta
|-boost|p2a: Zamazenta|def|2
|
|-heal|p2a: Zamazenta|88/100|[from] item: Leftovers
|upkeep
|turn|21
|
|t:|1781414453
|move|p2a: Zamazenta|Body Press|p1a: Ogerpon
|-supereffective|p1a: Ogerpon
|-damage|p1a: Ogerpon|0 fnt
|faint|p1a: Ogerpon
|
|-heal|p2a: Zamazenta|94/100|[from] item: Leftovers
|upkeep
|
|t:|1781414456
|switch|p1a: Cinderace|Cinderace, F|100/100
|turn|22
|-message|Thederpa1 forfeited.
|
|win|stevstacks
|raw|Thederpa1's rating: 1518 &rarr; <strong>1502</strong><br />(-16 for losing)
|raw|stevstacks's rating: 1585 &rarr; <strong>1601</strong><br />(+16 for winning)
|l|☆Thederpa1
|player|p1|
|l|☆stevstacks
|player|p2|
