|j|☆Sheerluck Holmes
|j|☆Aarons fish
|t:|1780911212
|gametype|singles
|player|p1|Sheerluck Holmes|gentleman-gen4|1505
|player|p2|Aarons fish|101|1568
|gen|9
|tier|[Gen 9] OU
|rated|
|rule|HP Percentage Mod: HP is shown in percentages
|rule|Endless Battle Clause: Forcing endless battles is banned
|rule|Species Clause: Limit one of each Pokémon
|rule|OHKO Clause: OHKO moves are banned
|rule|Evasion Items Clause: Evasion items are banned
|rule|Evasion Moves Clause: Evasion moves are banned
|rule|Evasion Abilities Clause: Evasion abilities are banned
|rule|Sleep Moves Clause: Sleep-inducing moves are banned
|clearpoke
|poke|p1|Iron Valiant|
|poke|p1|Volcanion|
|poke|p1|Deoxys-Speed|
|poke|p1|Landorus-Therian, M|
|poke|p1|Kingambit, M|
|poke|p1|Pecharunt|
|poke|p2|Landorus-Therian, M|
|poke|p2|Hatterene, F|
|poke|p2|Torkoal, M|
|poke|p2|Iron Moth|
|poke|p2|Slither Wing|
|poke|p2|Walking Wake|
|teampreview
|inactive|Battle timer is ON: inactive players will automatically lose when time's up. (requested by Sheerluck Holmes)
|
|t:|1780911227
|teamsize|p1|6
|teamsize|p2|6
|start
|switch|p1a: Deoxys|Deoxys-Speed|100/100
|switch|p2a: Slither Wing|Slither Wing|100/100
|-ability|p1a: Deoxys|Pressure
|turn|1
|
|t:|1780911230
|switch|p1a: Landorus|Landorus-Therian, M|100/100
|-ability|p1a: Landorus|Intimidate|boost
|-unboost|p2a: Slither Wing|atk|1
|move|p2a: Slither Wing|U-turn|p1a: Landorus
|-resisted|p1a: Landorus
|-damage|p1a: Landorus|87/100
|-damage|p2a: Slither Wing|84/100|[from] item: Rocky Helmet|[of] p1a: Landorus
|
|t:|1780911237
|-end|p2a: Slither Wing|Protosynthesis|[silent]
|switch|p2a: Torkoal|Torkoal, M|100/100|[from] U-turn
|-weather|SunnyDay|[from] ability: Drought|[of] p2a: Torkoal
|
|-weather|SunnyDay|[upkeep]
|upkeep
|turn|2
|
|t:|1780911241
|switch|p2a: Hatterene|Hatterene, F|100/100
|move|p1a: Landorus|Taunt|p2a: Hatterene
|move|p2a: Hatterene|Taunt|p1a: Landorus|[from] ability: Magic Bounce
|-start|p1a: Landorus|move: Taunt
|
|-weather|SunnyDay|[upkeep]
|upkeep
|turn|3
|
|t:|1780911251
|move|p1a: Landorus|U-turn|p2a: Hatterene
|-damage|p2a: Hatterene|82/100
|
|t:|1780911262
|switch|p1a: Volcanion|Volcanion|100/100|[from] U-turn
|move|p2a: Hatterene|Nuzzle|p1a: Volcanion
|-supereffective|p1a: Volcanion
|-damage|p1a: Volcanion|94/100
|-status|p1a: Volcanion|par
|
|-weather|SunnyDay|[upkeep]
|-heal|p1a: Volcanion|99/100 par|[from] item: Leftovers
|-heal|p2a: Hatterene|88/100|[from] item: Leftovers
|upkeep
|turn|4
|
|t:|1780911285
|switch|p1a: Iron Valiant|Iron Valiant|100/100
|-enditem|p1a: Iron Valiant|Booster Energy
|-activate|p1a: Iron Valiant|ability: Quark Drive|[fromitem]
|-start|p1a: Iron Valiant|quarkdrivespe
|switch|p2a: Walking Wake|Walking Wake|100/100
|-activate|p2a: Walking Wake|ability: Protosynthesis
|-start|p2a: Walking Wake|protosynthesisspe
|
|-weather|SunnyDay|[upkeep]
|upkeep
|turn|5
|
|t:|1780911308
|-end|p2a: Walking Wake|Protosynthesis|[silent]
|switch|p2a: Torkoal|Torkoal, M|100/100
|move|p1a: Iron Valiant|Close Combat|p2a: Torkoal
|-damage|p2a: Torkoal|65/100
|-unboost|p1a: Iron Valiant|def|1
|-unboost|p1a: Iron Valiant|spd|1
|
|-weather|SunnyDay|[upkeep]
|upkeep
|turn|6
|
|t:|1780911315
|move|p1a: Iron Valiant|Knock Off|p2a: Torkoal
|-damage|p2a: Torkoal|46/100
|-enditem|p2a: Torkoal|Heat Rock|[from] move: Knock Off|[of] p1a: Iron Valiant
|move|p2a: Torkoal|Stealth Rock|p1a: Iron Valiant
|-sidestart|p1: Sheerluck Holmes|move: Stealth Rock
|
|-weather|SunnyDay|[upkeep]
|upkeep
|turn|7
|
|t:|1780911319
|move|p1a: Iron Valiant|Encore|p2a: Torkoal
|-start|p2a: Torkoal|Encore
|move|p2a: Torkoal|Stealth Rock||[still]
|-fail|p2a: Torkoal
|
|-weather|SunnyDay|[upkeep]
|upkeep
|turn|8
|
|t:|1780911323
|switch|p2a: Landorus|Landorus-Therian, M|100/100
|-ability|p2a: Landorus|Intimidate|boost
|-unboost|p1a: Iron Valiant|atk|1
|move|p1a: Iron Valiant|Knock Off|p2a: Landorus
|-damage|p2a: Landorus|85/100
|-damage|p1a: Iron Valiant|84/100|[from] item: Rocky Helmet|[of] p2a: Landorus
|-enditem|p2a: Landorus|Rocky Helmet|[from] move: Knock Off|[of] p1a: Iron Valiant
|
|-weather|none
|upkeep
|turn|9
|
|t:|1780911329
|-end|p1a: Iron Valiant|Quark Drive|[silent]
|switch|p1a: Landorus|Landorus-Therian, M|87/100
|-damage|p1a: Landorus|75/100|[from] Stealth Rock
|-ability|p1a: Landorus|Intimidate|boost
|-unboost|p2a: Landorus|atk|1
|move|p2a: Landorus|U-turn|p1a: Landorus
|-resisted|p1a: Landorus
|-damage|p1a: Landorus|68/100
|-damage|p2a: Landorus|68/100|[from] item: Rocky Helmet|[of] p1a: Landorus
|
|t:|1780911332
|switch|p2a: Torkoal|Torkoal, M|46/100|[from] U-turn
|-weather|SunnyDay|[from] ability: Drought|[of] p2a: Torkoal
|
|-weather|SunnyDay|[upkeep]
|upkeep
|turn|10
|
|t:|1780911339
|switch|p2a: Hatterene|Hatterene, F|88/100
|move|p1a: Landorus|Earthquake|p2a: Hatterene
|-crit|p2a: Hatterene
|-damage|p2a: Hatterene|31/100
|
|-weather|SunnyDay|[upkeep]
|-heal|p2a: Hatterene|37/100|[from] item: Leftovers
|upkeep
|turn|11
|
|t:|1780911343
|switch|p2a: Landorus|Landorus-Therian, M|68/100
|-ability|p2a: Landorus|Intimidate|boost
|-unboost|p1a: Landorus|atk|1
|move|p1a: Landorus|Earthquake|p2a: Landorus
|-immune|p2a: Landorus
|
|-weather|SunnyDay|[upkeep]
|upkeep
|turn|12
|
|t:|1780911348
|switch|p2a: Hatterene|Hatterene, F|37/100
|move|p1a: Landorus|Stealth Rock|p2a: Hatterene
|move|p2a: Hatterene|Stealth Rock||[from] ability: Magic Bounce|[still]
|-fail|p2a: Hatterene
|
|-weather|SunnyDay|[upkeep]
|-heal|p2a: Hatterene|43/100|[from] item: Leftovers
|upkeep
|turn|13
|
|t:|1780911356
|switch|p2a: Landorus|Landorus-Therian, M|68/100
|-ability|p2a: Landorus|Intimidate|boost
|-unboost|p1a: Landorus|atk|1
|move|p1a: Landorus|U-turn|p2a: Landorus
|-resisted|p2a: Landorus
|-damage|p2a: Landorus|64/100
|
|t:|1780911370
|switch|p1a: Deoxys|Deoxys-Speed|100/100|[from] U-turn
|-damage|p1a: Deoxys|88/100|[from] Stealth Rock
|-ability|p1a: Deoxys|Pressure
|
|-weather|none
|upkeep
|turn|14
|
|t:|1780911377
|move|p1a: Deoxys|Psycho Boost|p2a: Landorus
|-damage|p2a: Landorus|0 fnt
|-unboost|p1a: Deoxys|spa|2
|faint|p2a: Landorus
|-enditem|p1a: Deoxys|Eject Pack
|
|t:|1780911387
|switch|p1a: Volcanion|Volcanion|99/100 par
|-damage|p1a: Volcanion|75/100 par|[from] Stealth Rock
|
|-heal|p1a: Volcanion|81/100 par|[from] item: Leftovers
|upkeep
|
|t:|1780911397
|switch|p2a: Torkoal|Torkoal, M|46/100
|-weather|SunnyDay|[from] ability: Drought|[of] p2a: Torkoal
|turn|15
|
|t:|1780911403
|switch|p2a: Slither Wing|Slither Wing|84/100
|-activate|p2a: Slither Wing|ability: Protosynthesis
|-start|p2a: Slither Wing|protosynthesisatk
|move|p1a: Volcanion|Will-O-Wisp|p2a: Slither Wing
|-status|p2a: Slither Wing|brn
|
|-weather|SunnyDay|[upkeep]
|-heal|p1a: Volcanion|87/100 par|[from] item: Leftovers
|-damage|p2a: Slither Wing|78/100 brn|[from] brn
|upkeep
|turn|16
|
|t:|1780911409
|move|p2a: Slither Wing|Close Combat|p1a: Volcanion
|-damage|p1a: Volcanion|54/100 par
|-unboost|p2a: Slither Wing|def|1
|-unboost|p2a: Slither Wing|spd|1
|move|p1a: Volcanion|Flamethrower|p2a: Slither Wing
|-supereffective|p2a: Slither Wing
|-damage|p2a: Slither Wing|0 fnt
|faint|p2a: Slither Wing
|-end|p2a: Slither Wing|Protosynthesis|[silent]
|
|-weather|SunnyDay|[upkeep]
|-heal|p1a: Volcanion|61/100 par|[from] item: Leftovers
|upkeep
|
|t:|1780911411
|switch|p2a: Iron Moth|Iron Moth|100/100
|turn|17
|
|t:|1780911422
|switch|p1a: Pecharunt|Pecharunt|100/100
|move|p2a: Iron Moth|Solar Beam||[still]
|-prepare|p2a: Iron Moth|Solar Beam
|-anim|p2a: Iron Moth|Solar Beam|p1a: Pecharunt
|-resisted|p1a: Pecharunt
|-damage|p1a: Pecharunt|63/100
|
|-weather|SunnyDay|[upkeep]
|upkeep
|turn|18
|
|t:|1780911427
|-end|p2a: Iron Moth|Quark Drive|[silent]
|switch|p2a: Hatterene|Hatterene, F|43/100
|move|p1a: Pecharunt|Shadow Ball|p2a: Hatterene
|-supereffective|p2a: Hatterene
|-damage|p2a: Hatterene|0 fnt
|faint|p2a: Hatterene
|
|-weather|SunnyDay|[upkeep]
|upkeep
|
|t:|1780911429
|switch|p2a: Iron Moth|Iron Moth|100/100
|turn|19
|
|t:|1780911433
|move|p2a: Iron Moth|Fiery Dance|p1a: Pecharunt
|-damage|p1a: Pecharunt|0 fnt
|faint|p1a: Pecharunt
|
|-weather|none
|upkeep
|
|t:|1780911439
|switch|p1a: Deoxys|Deoxys-Speed|88/100
|-damage|p1a: Deoxys|76/100|[from] Stealth Rock
|-ability|p1a: Deoxys|Pressure
|turn|20
|
|t:|1780911441
|-end|p2a: Iron Moth|Quark Drive|[silent]
|switch|p2a: Torkoal|Torkoal, M|46/100
|-weather|SunnyDay|[from] ability: Drought|[of] p2a: Torkoal
|move|p1a: Deoxys|Psycho Boost|p2a: Torkoal
|-damage|p2a: Torkoal|0 fnt
|-unboost|p1a: Deoxys|spa|2
|faint|p2a: Torkoal
|
|-weather|SunnyDay|[upkeep]
|upkeep
|
|t:|1780911445
|switch|p2a: Iron Moth|Iron Moth|100/100
|turn|21
|
|t:|1780911449
|switch|p1a: Volcanion|Volcanion|61/100 par
|-damage|p1a: Volcanion|36/100 par|[from] Stealth Rock
|move|p2a: Iron Moth|Fiery Dance|p1a: Volcanion
|-resisted|p1a: Volcanion
|-damage|p1a: Volcanion|9/100 par
|-boost|p2a: Iron Moth|spa|1
|
|-weather|SunnyDay|[upkeep]
|-heal|p1a: Volcanion|15/100 par|[from] item: Leftovers
|upkeep
|turn|22
|
|t:|1780911452
|move|p2a: Iron Moth|Fiery Dance|p1a: Volcanion
|-resisted|p1a: Volcanion
|-damage|p1a: Volcanion|0 fnt
|faint|p1a: Volcanion
|
|-weather|SunnyDay|[upkeep]
|upkeep
|
|t:|1780911460
|switch|p1a: Landorus|Landorus-Therian, M|68/100
|-damage|p1a: Landorus|56/100|[from] Stealth Rock
|-ability|p1a: Landorus|Intimidate|boost
|-unboost|p2a: Iron Moth|atk|1
|turn|23
|
|t:|1780911466
|move|p2a: Iron Moth|Fiery Dance|p1a: Landorus
|-damage|p1a: Landorus|0 fnt
|-boost|p2a: Iron Moth|spa|1
|faint|p1a: Landorus
|
|-weather|SunnyDay|[upkeep]
|upkeep
|
|t:|1780911475
|switch|p1a: Deoxys|Deoxys-Speed|76/100
|-damage|p1a: Deoxys|63/100|[from] Stealth Rock
|-ability|p1a: Deoxys|Pressure
|turn|24
|
|t:|1780911478
|-terastallize|p2a: Iron Moth|Fire
|move|p1a: Deoxys|Psycho Boost|p2a: Iron Moth
|-damage|p2a: Iron Moth|37/100
|-unboost|p1a: Deoxys|spa|2
|move|p2a: Iron Moth|Fiery Dance|p1a: Deoxys
|-damage|p1a: Deoxys|0 fnt
|-boost|p2a: Iron Moth|spa|1
|faint|p1a: Deoxys
|
|-weather|none
|upkeep
|
|t:|1780911485
|switch|p1a: Iron Valiant|Iron Valiant|84/100
|-damage|p1a: Iron Valiant|78/100|[from] Stealth Rock
|turn|25
|
|t:|1780911490
|-terastallize|p1a: Iron Valiant|Stellar
|move|p1a: Iron Valiant|Knock Off|p2a: Iron Moth
|-crit|p2a: Iron Moth
|-damage|p2a: Iron Moth|0 fnt
|-enditem|p2a: Iron Moth|Choice Specs|[from] move: Knock Off|[of] p1a: Iron Valiant
|faint|p2a: Iron Moth
|-end|p2a: Iron Moth|Quark Drive|[silent]
|
|upkeep
|
|t:|1780911493
|switch|p2a: Walking Wake|Walking Wake|100/100
|turn|26
|
|t:|1780911498
|move|p1a: Iron Valiant|Moonblast|p2a: Walking Wake
|-supereffective|p2a: Walking Wake
|-damage|p2a: Walking Wake|0 fnt
|faint|p2a: Walking Wake
|-end|p2a: Walking Wake|Protosynthesis|[silent]
|
|win|Sheerluck Holmes
|raw|Sheerluck Holmes's rating: 1505 &rarr; <strong>1529</strong><br />(+24 for winning)
|raw|Aarons fish's rating: 1568 &rarr; <strong>1544</strong><br />(-24 for losing)
|c|☆Sheerluck Holmes|gg
|l|☆Aarons fish
|player|p2|
|l|☆Sheerluck Holmes
|player|p1|
