|j|☆hawkins0
|j|☆StarDio
|t:|1781513824
|gametype|singles
|player|p1|hawkins0|102|1749
|player|p2|StarDio|102|1659
|gen|9
|tier|[Gen 9] OU
|rated|
|rule|HP Percentage Mod: HP is shown in percentages
|rule|Endless Battle Clause: Forcing endless battles is banned
|rule|Species Clause: Limit one of each Pokémon
|rule|OHKO Clause: OHKO moves are banned
|rule|Evasion Items Clause: Evasion items are banned
|rule|Evasion Moves Clause: Evasion moves are banned
|rule|Evasion Abilities Clause: Evasion abilities are banned
|rule|Sleep Moves Clause: Sleep-inducing moves are banned
|clearpoke
|poke|p1|Hoopa-Unbound|
|poke|p1|Pecharunt|
|poke|p1|Landorus-Therian, M|
|poke|p1|Cinderace, M|
|poke|p1|Alomomola, M|
|poke|p1|Iron Valiant|
|poke|p2|Hoopa-Unbound|
|poke|p2|Pecharunt|
|poke|p2|Landorus-Therian, M|
|poke|p2|Cinderace, M|
|poke|p2|Alomomola, M|
|poke|p2|Iron Valiant|
|teampreview
|inactive|Battle timer is ON: inactive players will automatically lose when time's up. (requested by StarDio)
|
|t:|1781513840
|teamsize|p1|6
|teamsize|p2|6
|start
|switch|p1a: Enten|Landorus-Therian, M, shiny|100/100
|switch|p2a: Calamity|Iron Valiant, shiny|100/100
|-ability|p1a: Enten|Intimidate|boost
|-unboost|p2a: Calamity|atk|1
|turn|1
|
|t:|1781513847
|switch|p1a: Pisces|Alomomola, M, shiny|100/100
|move|p2a: Calamity|Moonblast|p1a: Pisces
|-damage|p1a: Pisces|60/100
|
|upkeep
|turn|2
|
|t:|1781513858
|-end|p2a: Calamity|Quark Drive|[silent]
|switch|p2a: Khaos|Hoopa-Unbound|100/100
|move|p1a: Pisces|Flip Turn|p2a: Khaos
|-damage|p2a: Khaos|71/100
|
|t:|1781513865
|switch|p1a: Calamity|Iron Valiant, shiny|100/100|[from] Flip Turn
|
|upkeep
|turn|3
|
|t:|1781513872
|switch|p2a: Pisces|Alomomola, M, shiny|100/100
|-terastallize|p1a: Calamity|Fairy
|move|p1a: Calamity|Moonblast|p2a: Pisces
|-damage|p2a: Pisces|52/100
|
|upkeep
|turn|4
|j| Goomba Jr.
|
|t:|1781513876
|-end|p1a: Calamity|Quark Drive|[silent]
|switch|p1a: Khaos|Hoopa-Unbound|100/100
|move|p2a: Pisces|Flip Turn|p1a: Khaos
|-damage|p1a: Khaos|74/100
|
|t:|1781513880
|switch|p2a: Enten|Landorus-Therian, M, shiny|100/100|[from] Flip Turn
|-ability|p2a: Enten|Intimidate|boost
|-unboost|p1a: Khaos|atk|1
|
|upkeep
|turn|5
|
|t:|1781513883
|switch|p1a: Enten|Landorus-Therian, M, shiny|100/100
|-ability|p1a: Enten|Intimidate|boost
|-unboost|p2a: Enten|atk|1
|move|p2a: Enten|U-turn|p1a: Enten
|-resisted|p1a: Enten
|-damage|p1a: Enten|90/100
|
|t:|1781513888
|switch|p2a: Pisces|Alomomola, M, shiny|85/100|[from] U-turn
|
|upkeep
|turn|6
|
|t:|1781513893
|move|p1a: Enten|U-turn|p2a: Pisces
|-damage|p2a: Pisces|65/100
|
|t:|1781513895
|switch|p1a: Liberacy|Cinderace, M, shiny|100/100|[from] U-turn
|move|p2a: Pisces|Flip Turn|p1a: Liberacy
|-supereffective|p1a: Liberacy
|-damage|p1a: Liberacy|56/100
|
|t:|1781513900
|switch|p2a: Enten|Landorus-Therian, M, shiny|100/100|[from] Flip Turn
|-ability|p2a: Enten|Intimidate|boost
|-unboost|p1a: Liberacy|atk|1
|
|upkeep
|turn|7
|
|t:|1781513905
|switch|p1a: Enten|Landorus-Therian, M, shiny|90/100
|-ability|p1a: Enten|Intimidate|boost
|-unboost|p2a: Enten|atk|1
|move|p2a: Enten|U-turn|p1a: Enten
|-resisted|p1a: Enten
|-damage|p1a: Enten|80/100
|
|t:|1781513908
|switch|p2a: Pisces|Alomomola, M, shiny|98/100|[from] U-turn
|
|upkeep
|turn|8
|
|t:|1781513912
|move|p1a: Enten|U-turn|p2a: Pisces
|-damage|p2a: Pisces|80/100
|
|t:|1781513913
|switch|p1a: Calamity|Iron Valiant, shiny, tera:Fairy|100/100|[from] U-turn
|move|p2a: Pisces|Flip Turn|p1a: Calamity
|-damage|p1a: Calamity|80/100
|
|t:|1781513923
|switch|p2a: Liberacy|Cinderace, M, shiny|100/100|[from] Flip Turn
|
|upkeep
|turn|9
|
|t:|1781513925
|move|p2a: Liberacy|U-turn|p1a: Calamity
|-start|p2a: Liberacy|typechange|Bug|[from] ability: Libero
|-resisted|p1a: Calamity
|-damage|p1a: Calamity|59/100
|
|t:|1781513927
|switch|p2a: Pisces|Alomomola, M, shiny|100/100|[from] U-turn
|move|p1a: Calamity|Moonblast|p2a: Pisces
|-damage|p2a: Pisces|48/100
|
|upkeep
|turn|10
|
|t:|1781513932
|switch|p2a: Overseer|Pecharunt|100/100
|move|p1a: Calamity|Moonblast|p2a: Overseer
|-resisted|p2a: Overseer
|-damage|p2a: Overseer|54/100
|
|upkeep
|turn|11
|
|t:|1781513935
|move|p1a: Calamity|Moonblast|p2a: Overseer
|-resisted|p2a: Overseer
|-damage|p2a: Overseer|10/100
|move|p2a: Overseer|Parting Shot|p1a: Calamity
|-unboost|p1a: Calamity|atk|1
|-unboost|p1a: Calamity|spa|1
|
|t:|1781513937
|switch|p2a: Pisces|Alomomola, M, shiny|82/100|[from] Parting Shot
|
|upkeep
|turn|12
|
|t:|1781513947
|-end|p1a: Calamity|Quark Drive|[silent]
|switch|p1a: Overseer|Pecharunt|100/100
|move|p2a: Pisces|Flip Turn|p1a: Overseer
|-damage|p1a: Overseer|92/100
|
|t:|1781513949
|switch|p2a: Khaos|Hoopa-Unbound|71/100|[from] Flip Turn
|
|upkeep
|turn|13
|
|t:|1781513954
|switch|p1a: Calamity|Iron Valiant, shiny, tera:Fairy|59/100
|move|p2a: Khaos|Hyperspace Fury|p1a: Calamity
|-resisted|p1a: Calamity
|-damage|p1a: Calamity|0 fnt
|-unboost|p2a: Khaos|def|1
|faint|p1a: Calamity
|-end|p1a: Calamity|Quark Drive|[silent]
|
|upkeep
|-message|hawkins0 forfeited.
|
|win|StarDio
|raw|hawkins0's rating: 1749 &rarr; <strong>1724</strong><br />(-25 for losing)
|raw|StarDio's rating: 1659 &rarr; <strong>1684</strong><br />(+25 for winning)
|l|☆hawkins0
|player|p1|
|l|☆StarDio
|player|p2|
|l| Goomba Jr.
