|j|☆drakolise
|j|☆BTU100
|t:|1781010878
|gametype|singles
|player|p1|drakolise|anabel|1548
|player|p2|BTU100|2|1612
|gen|9
|tier|[Gen 9] OU
|rated|
|rule|HP Percentage Mod: HP is shown in percentages
|rule|Endless Battle Clause: Forcing endless battles is banned
|rule|Species Clause: Limit one of each Pokémon
|rule|OHKO Clause: OHKO moves are banned
|rule|Evasion Items Clause: Evasion items are banned
|rule|Evasion Moves Clause: Evasion moves are banned
|rule|Evasion Abilities Clause: Evasion abilities are banned
|rule|Sleep Moves Clause: Sleep-inducing moves are banned
|clearpoke
|poke|p1|Darkrai|
|poke|p1|Ogerpon-Wellspring, F|
|poke|p1|Slowking-Galar, F|
|poke|p1|Kingambit, F|
|poke|p1|Great Tusk|
|poke|p1|Gholdengo|
|poke|p2|Alomomola, F|
|poke|p2|Meowscarada, M|
|poke|p2|Arcanine-Hisui, M|
|poke|p2|Hatterene, F|
|poke|p2|Corviknight, F|
|poke|p2|Ting-Lu|
|teampreview
|inactive|Battle timer is ON: inactive players will automatically lose when time's up. (requested by BTU100)
|c|☆BTU100|hf
|
|t:|1781010894
|teamsize|p1|6
|teamsize|p2|6
|start
|switch|p1a: Darkrai|Darkrai|100/100
|switch|p2a: Meowscarada|Meowscarada, M, shiny|100/100
|turn|1
|
|t:|1781010901
|move|p1a: Darkrai|Sludge Bomb|p2a: Meowscarada
|-supereffective|p2a: Meowscarada
|-crit|p2a: Meowscarada
|-damage|p2a: Meowscarada|0 fnt
|faint|p2a: Meowscarada
|
|upkeep
|
|t:|1781010905
|switch|p2a: Arcanine|Arcanine-Hisui, M, shiny|100/100
|turn|2
|
|t:|1781010909
|switch|p1a: Great Tusk|Great Tusk|100/100
|move|p2a: Arcanine|Flare Blitz|p1a: Great Tusk
|-damage|p1a: Great Tusk|36/100
|
|upkeep
|turn|3
|
|t:|1781010920
|switch|p2a: Hatterene|Hatterene, F, shiny|100/100
|move|p1a: Great Tusk|Stealth Rock|p2a: Hatterene
|move|p2a: Hatterene|Stealth Rock|p1a: Great Tusk|[from] ability: Magic Bounce
|-sidestart|p1: drakolise|move: Stealth Rock
|
|upkeep
|turn|4
|
|t:|1781010923
|move|p1a: Great Tusk|Rapid Spin|p2a: Hatterene
|-damage|p2a: Hatterene|87/100
|-boost|p1a: Great Tusk|spe|1
|-damage|p1a: Great Tusk|19/100|[from] item: Rocky Helmet|[of] p2a: Hatterene
|-sideend|p1: drakolise|Stealth Rock|[from] move: Rapid Spin|[of] p1a: Great Tusk
|move|p2a: Hatterene|Nuzzle|p1a: Great Tusk
|-immune|p1a: Great Tusk
|
|upkeep
|turn|5
|
|t:|1781010926
|move|p1a: Great Tusk|Headlong Rush|p2a: Hatterene
|-damage|p2a: Hatterene|31/100
|-unboost|p1a: Great Tusk|def|1
|-unboost|p1a: Great Tusk|spd|1
|-damage|p1a: Great Tusk|3/100|[from] item: Rocky Helmet|[of] p2a: Hatterene
|move|p2a: Hatterene|Draining Kiss|p1a: Great Tusk
|-supereffective|p1a: Great Tusk
|-damage|p1a: Great Tusk|0 fnt
|-heal|p2a: Hatterene|33/100|[from] drain|[of] p1a: Great Tusk
|faint|p1a: Great Tusk
|-end|p1a: Great Tusk|Protosynthesis|[silent]
|
|upkeep
|
|t:|1781010933
|switch|p1a: Ogerpon|Ogerpon-Wellspring, F|100/100
|turn|6
|
|t:|1781010946
|switch|p2a: Corviknight|Corviknight, F, shiny|100/100
|-ability|p2a: Corviknight|Pressure
|move|p1a: Ogerpon|Ivy Cudgel|p2a: Corviknight|[anim] Ivy Cudgel Water
|-crit|p2a: Corviknight
|-damage|p2a: Corviknight|51/100
|
|upkeep
|turn|7
|
|t:|1781010955
|-terastallize|p1a: Ogerpon|Water
|detailschange|p1a: Ogerpon|Ogerpon-Wellspring-Tera, F, tera:Water
|-ability|p1a: Ogerpon|Embody Aspect (Wellspring)|boost
|-boost|p1a: Ogerpon|spd|1
|move|p1a: Ogerpon|Ivy Cudgel|p2a: Corviknight|[anim] Ivy Cudgel Water
|-damage|p2a: Corviknight|4/100
|move|p2a: Corviknight|Roost|p2a: Corviknight
|-heal|p2a: Corviknight|54/100
|-singleturn|p2a: Corviknight|move: Roost
|
|upkeep
|turn|8
|
|t:|1781010970
|-terastallize|p2a: Corviknight|Dragon
|move|p1a: Ogerpon|Knock Off|p2a: Corviknight
|-damage|p2a: Corviknight|31/100
|-damage|p1a: Ogerpon|84/100|[from] item: Rocky Helmet|[of] p2a: Corviknight
|-enditem|p2a: Corviknight|Rocky Helmet|[from] move: Knock Off|[of] p1a: Ogerpon
|move|p2a: Corviknight|Roost|p2a: Corviknight
|-heal|p2a: Corviknight|81/100
|
|upkeep
|turn|9
|
|t:|1781010976
|move|p1a: Ogerpon|Spikes|p2a: Corviknight
|-sidestart|p2: BTU100|Spikes
|move|p2a: Corviknight|U-turn|p1a: Ogerpon
|-damage|p1a: Ogerpon|64/100
|
|t:|1781010994
|switch|p2a: Hatterene|Hatterene, F, shiny|33/100|[from] U-turn
|-damage|p2a: Hatterene|21/100|[from] Spikes
|
|upkeep
|turn|10
|
|t:|1781010999
|move|p1a: Ogerpon|Ivy Cudgel|p2a: Hatterene|[anim] Ivy Cudgel Water
|-damage|p2a: Hatterene|0 fnt
|faint|p2a: Hatterene
|
|upkeep
|
|t:|1781011001
|switch|p2a: Corviknight|Corviknight, F, shiny, tera:Dragon|81/100
|-damage|p2a: Corviknight|69/100|[from] Spikes
|-ability|p2a: Corviknight|Pressure
|turn|11
|
|t:|1781011006
|move|p1a: Ogerpon|U-turn|p2a: Corviknight
|-damage|p2a: Corviknight|52/100
|
|t:|1781011010
|switch|p1a: Slowking|Slowking-Galar, F, shiny|100/100|[from] U-turn
|move|p2a: Corviknight|Body Press|p1a: Slowking
|-resisted|p1a: Slowking
|-damage|p1a: Slowking|93/100
|
|upkeep
|turn|12
|
|t:|1781011019
|move|p2a: Corviknight|Roost|p2a: Corviknight
|-heal|p2a: Corviknight|100/100
|move|p1a: Slowking|Psychic Noise|p2a: Corviknight
|-damage|p2a: Corviknight|72/100
|-start|p2a: Corviknight|move: Heal Block
|
|upkeep
|turn|13
|
|t:|1781011023
|move|p2a: Corviknight|Defog|p1a: Slowking
|-unboost|p1a: Slowking|evasion|1
|-sideend|p2: BTU100|Spikes|[from] move: Defog|[of] p2a: Corviknight
|move|p1a: Slowking|Sludge Bomb|p2a: Corviknight
|-damage|p2a: Corviknight|38/100
|-status|p2a: Corviknight|psn
|
|-damage|p2a: Corviknight|25/100 psn|[from] psn
|-end|p2a: Corviknight|move: Heal Block
|upkeep
|turn|14
|
|t:|1781011030
|move|p2a: Corviknight|U-turn|p1a: Slowking
|-damage|p1a: Slowking|77/100
|
|t:|1781011033
|switch|p2a: Ting-Lu|Ting-Lu|100/100|[from] U-turn
|-ability|p2a: Ting-Lu|Vessel of Ruin
|-prepare|p1a: Slowking|Chilly Reception|[premajor]
|move|p1a: Slowking|Chilly Reception|p1a: Slowking
|-weather|Snowscape
|
|t:|1781011037
|switch|p1a: Ogerpon|Ogerpon-Wellspring-Tera, F, tera:Water|64/100|[from] Chilly Reception
|-ability|p1a: Ogerpon|Embody Aspect (Wellspring)|boost
|-boost|p1a: Ogerpon|spd|1
|
|-weather|Snowscape|[upkeep]
|upkeep
|turn|15
|
|t:|1781011052
|move|p1a: Ogerpon|Ivy Cudgel|p2a: Ting-Lu|[anim] Ivy Cudgel Water
|-supereffective|p2a: Ting-Lu
|-damage|p2a: Ting-Lu|13/100
|move|p2a: Ting-Lu|Earthquake|p1a: Ogerpon
|-damage|p1a: Ogerpon|12/100
|
|-weather|Snowscape|[upkeep]
|-heal|p2a: Ting-Lu|20/100|[from] item: Leftovers
|upkeep
|turn|16
|
|t:|1781011060
|switch|p2a: Corviknight|Corviknight, F, shiny, tera:Dragon|25/100 psn
|-ability|p2a: Corviknight|Pressure
|move|p1a: Ogerpon|Ivy Cudgel|p2a: Corviknight|[anim] Ivy Cudgel Water
|-resisted|p2a: Corviknight
|-damage|p2a: Corviknight|4/100 psn
|
|-weather|Snowscape|[upkeep]
|-damage|p2a: Corviknight|0 fnt|[from] psn
|faint|p2a: Corviknight
|upkeep
|
|t:|1781011066
|switch|p2a: Arcanine|Arcanine-Hisui, M, shiny|100/100
|turn|17
|
|t:|1781011071
|move|p2a: Arcanine|Extreme Speed|p1a: Ogerpon
|-damage|p1a: Ogerpon|0 fnt
|faint|p1a: Ogerpon
|detailschange|p1: Ogerpon|Ogerpon-Wellspring, F|[silent]
|
|-weather|Snowscape|[upkeep]
|upkeep
|
|t:|1781011073
|switch|p1a: Kingambit|Kingambit, F, shiny|100/100
|-activate|p1a: Kingambit|ability: Supreme Overlord
|-start|p1a: Kingambit|fallen2|[silent]
|turn|18
|
|t:|1781011081
|switch|p2a: Ting-Lu|Ting-Lu|20/100
|-ability|p2a: Ting-Lu|Vessel of Ruin
|move|p1a: Kingambit|Swords Dance|p1a: Kingambit
|-boost|p1a: Kingambit|atk|2
|
|-weather|none
|-heal|p2a: Ting-Lu|26/100|[from] item: Leftovers
|upkeep
|turn|19
|
|t:|1781011089
|move|p1a: Kingambit|Iron Head|p2a: Ting-Lu
|-damage|p2a: Ting-Lu|0 fnt
|faint|p2a: Ting-Lu
|
|upkeep
|
|t:|1781011096
|switch|p2a: Alomomola|Alomomola, F|100/100
|turn|20
|
|t:|1781011105
|move|p1a: Kingambit|Sucker Punch|p2a: Alomomola
|-damage|p2a: Alomomola|9/100
|move|p2a: Alomomola|Scald|p1a: Kingambit
|-damage|p1a: Kingambit|86/100
|-status|p1a: Kingambit|brn
|
|-damage|p1a: Kingambit|79/100 brn|[from] brn
|upkeep
|turn|21
|
|t:|1781011116
|switch|p2a: Arcanine|Arcanine-Hisui, M, shiny|100/100
|move|p1a: Kingambit|Iron Head|p2a: Arcanine
|-damage|p2a: Arcanine|26/100
|
|-damage|p1a: Kingambit|73/100 brn|[from] brn
|upkeep
|turn|22
|
|t:|1781011121
|switch|p2a: Alomomola|Alomomola, F|43/100
|move|p1a: Kingambit|Sucker Punch||[still]
|-fail|p1a: Kingambit
|
|-damage|p1a: Kingambit|67/100 brn|[from] brn
|upkeep
|turn|23
|
|t:|1781011124
|switch|p2a: Arcanine|Arcanine-Hisui, M, shiny|26/100
|move|p1a: Kingambit|Iron Head|p2a: Arcanine
|-damage|p2a: Arcanine|0 fnt
|faint|p2a: Arcanine
|
|-damage|p1a: Kingambit|61/100 brn|[from] brn
|upkeep
|c|☆BTU100|gg
|-message|BTU100 forfeited.
|
|win|drakolise
|raw|drakolise's rating: 1548 &rarr; <strong>1572</strong><br />(+24 for winning)
|raw|BTU100's rating: 1612 &rarr; <strong>1588</strong><br />(-24 for losing)
|l|☆drakolise
|player|p1|
