|badge|p2|bronze|gen9randombattle|100-9
|uhtml|medal-msg|<div class="broadcast-blue">Curious what those medals under the avatar are? PS now has Ladder Seasons! For more information, check out the <a href="https://www.smogon.com/forums/threads/3740067/">thread on Smogon.</a></div>
|j|☆mikeim520
|j|‽LT_Alt1
|t:|1781403335
|gametype|singles
|player|p1|mikeim520|2|1628
|player|p2|LT_Alt1|170|1685
|gen|9
|tier|[Gen 9] OU
|rated|
|rule|HP Percentage Mod: HP is shown in percentages
|rule|Endless Battle Clause: Forcing endless battles is banned
|rule|Species Clause: Limit one of each Pokémon
|rule|OHKO Clause: OHKO moves are banned
|rule|Evasion Items Clause: Evasion items are banned
|rule|Evasion Moves Clause: Evasion moves are banned
|rule|Evasion Abilities Clause: Evasion abilities are banned
|rule|Sleep Moves Clause: Sleep-inducing moves are banned
|clearpoke
|poke|p1|Latios, M|
|poke|p1|Toxapex, F|
|poke|p1|Darkrai|
|poke|p1|Corviknight, F|
|poke|p1|Iron Treads|
|poke|p1|Gliscor, M|
|poke|p2|Kyurem|
|poke|p2|Raging Bolt|
|poke|p2|Hatterene, F|
|poke|p2|Slowking-Galar, M|
|poke|p2|Ting-Lu|
|poke|p2|Corviknight, M|
|teampreview
|inactive|Battle timer is ON: inactive players will automatically lose when time's up. (requested by mikeim520)
|
|t:|1781403350
|teamsize|p1|6
|teamsize|p2|6
|start
|switch|p1a: Darkrai|Darkrai|100/100
|switch|p2a: Slowking|Slowking-Galar, M|100/100
|turn|1
|
|t:|1781403372
|switch|p1a: Iron Treads|Iron Treads|100/100
|switch|p2a: Ting-Lu|Ting-Lu|100/100
|-ability|p2a: Ting-Lu|Vessel of Ruin
|
|upkeep
|turn|2
|
|t:|1781403383
|move|p1a: Iron Treads|Knock Off|p2a: Ting-Lu
|-resisted|p2a: Ting-Lu
|-damage|p2a: Ting-Lu|94/100
|-enditem|p2a: Ting-Lu|Leftovers|[from] move: Knock Off|[of] p1a: Iron Treads
|move|p2a: Ting-Lu|Earthquake|p1a: Iron Treads
|-supereffective|p1a: Iron Treads
|-damage|p1a: Iron Treads|40/100
|
|-heal|p1a: Iron Treads|46/100|[from] item: Leftovers
|upkeep
|turn|3
|inactive|mikeim520 has 120 seconds left.
|
|t:|1781403413
|-end|p1a: Iron Treads|Quark Drive|[silent]
|switch|p1a: Gliscor|Gliscor, M|100/100
|move|p2a: Ting-Lu|Spikes|p1a: Gliscor
|-sidestart|p1: mikeim520|Spikes
|
|-status|p1a: Gliscor|tox|[from] item: Toxic Orb
|upkeep
|turn|4
|inactive|mikeim520 has 120 seconds left.
|
|t:|1781403452
|switch|p2a: Hatterene|Hatterene, F|100/100
|move|p1a: Gliscor|Spikes|p2a: Hatterene
|move|p2a: Hatterene|Spikes|p1a: Gliscor|[from] ability: Magic Bounce
|-sidestart|p1: mikeim520|Spikes
|
|upkeep
|turn|5
|
|t:|1781403465
|move|p1a: Gliscor|Knock Off|p2a: Hatterene
|-damage|p2a: Hatterene|81/100
|-enditem|p2a: Hatterene|Leftovers|[from] move: Knock Off|[of] p1a: Gliscor
|move|p2a: Hatterene|Dazzling Gleam|p1a: Gliscor
|-damage|p1a: Gliscor|56/100 tox
|
|-heal|p1a: Gliscor|69/100 tox|[from] ability: Poison Heal
|upkeep
|turn|6
|
|t:|1781403482
|move|p1a: Gliscor|Earthquake|p2a: Hatterene
|-damage|p2a: Hatterene|52/100
|move|p2a: Hatterene|Dazzling Gleam|p1a: Gliscor
|-damage|p1a: Gliscor|27/100 tox
|
|-heal|p1a: Gliscor|39/100 tox|[from] ability: Poison Heal
|upkeep
|turn|7
|
|t:|1781403492
|switch|p2a: Kyurem|Kyurem|100/100
|-ability|p2a: Kyurem|Pressure
|move|p1a: Gliscor|Protect||[still]
|-fail|p1a: Gliscor
|
|-heal|p1a: Gliscor|52/100 tox|[from] ability: Poison Heal
|upkeep
|turn|8
|inactive|mikeim520 has 90 seconds left.
|
|t:|1781403525
|switch|p1a: Corviknight|Corviknight, F|100/100
|-ability|p1a: Corviknight|Pressure
|move|p2a: Kyurem|Freeze-Dry|p1a: Corviknight
|-damage|p1a: Corviknight|45/100
|
|upkeep
|turn|9
|
|t:|1781403532
|switch|p1a: Darkrai|Darkrai|100/100
|-damage|p1a: Darkrai|84/100|[from] Spikes
|move|p2a: Kyurem|Freeze-Dry|p1a: Darkrai
|-damage|p1a: Darkrai|7/100
|
|upkeep
|turn|10
|inactive|LT_Alt1 has 120 seconds left.
|
|t:|1781403575
|switch|p2a: Raging Bolt|Raging Bolt|100/100
|move|p1a: Darkrai|Focus Blast|p2a: Raging Bolt
|-damage|p2a: Raging Bolt|63/100
|
|upkeep
|turn|11
|
|t:|1781403601
|move|p1a: Darkrai|Focus Blast|p2a: Raging Bolt|[miss]
|-miss|p1a: Darkrai|p2a: Raging Bolt
|move|p2a: Raging Bolt|Volt Switch|p1a: Darkrai
|-damage|p1a: Darkrai|0 fnt
|faint|p1a: Darkrai
|inactive|LT_Alt1 has 90 seconds left.
|
|t:|1781403614
|-end|p2a: Raging Bolt|Protosynthesis|[silent]
|switch|p2a: Kyurem|Kyurem|100/100|[from] Volt Switch
|-ability|p2a: Kyurem|Pressure
|
|upkeep
|
|t:|1781403628
|switch|p1a: Latios|Latios, M|100/100
|turn|12
|inactive|LT_Alt1 has 90 seconds left.
|
|t:|1781403657
|switch|p2a: Ting-Lu|Ting-Lu|94/100
|-ability|p2a: Ting-Lu|Vessel of Ruin
|-terastallize|p1a: Latios|Steel
|move|p1a: Latios|Substitute|p1a: Latios
|-start|p1a: Latios|Substitute
|-damage|p1a: Latios|76/100
|
|-heal|p1a: Latios|82/100|[from] item: Leftovers
|upkeep
|turn|13
|
|t:|1781403666
|move|p1a: Latios|Aura Sphere|p2a: Ting-Lu
|-supereffective|p2a: Ting-Lu
|-crit|p2a: Ting-Lu
|-damage|p2a: Ting-Lu|56/100
|move|p2a: Ting-Lu|Whirlwind|p1a: Latios
|drag|p1a: Gliscor|Gliscor, M|52/100 tox
|
|-heal|p1a: Gliscor|64/100 tox|[from] ability: Poison Heal
|upkeep
|turn|14
|inactive|mikeim520 has 120 seconds left.
|inactive|LT_Alt1 has 90 seconds left.
|
|t:|1781403694
|switch|p2a: Kyurem|Kyurem|100/100
|-ability|p2a: Kyurem|Pressure
|move|p1a: Gliscor|Earthquake|p2a: Kyurem
|-damage|p2a: Kyurem|69/100
|
|-heal|p1a: Gliscor|77/100 tox|[from] ability: Poison Heal
|upkeep
|turn|15
|
|t:|1781403707
|switch|p1a: Latios|Latios, M, tera:Steel|82/100
|move|p2a: Kyurem|Freeze-Dry|p1a: Latios
|-resisted|p1a: Latios
|-damage|p1a: Latios|54/100
|
|-heal|p1a: Latios|60/100|[from] item: Leftovers
|upkeep
|turn|16
|
|t:|1781403720
|switch|p2a: Corviknight|Corviknight, M|100/100
|-ability|p2a: Corviknight|Pressure
|move|p1a: Latios|Aura Sphere|p2a: Corviknight
|-damage|p2a: Corviknight|74/100
|
|-heal|p1a: Latios|66/100|[from] item: Leftovers
|upkeep
|turn|17
|inactive|mikeim520 has 120 seconds left.
|
|t:|1781403754
|switch|p1a: Corviknight|Corviknight, F|45/100
|-ability|p1a: Corviknight|Pressure
|switch|p2a: Slowking|Slowking-Galar, M|100/100
|
|upkeep
|turn|18
|j| cambonius
|inactive|LT_Alt1 has 60 seconds left.
|
|t:|1781403797
|move|p1a: Corviknight|Roost|p1a: Corviknight
|-heal|p1a: Corviknight|95/100
|-singleturn|p1a: Corviknight|move: Roost
|move|p2a: Slowking|Flamethrower|p1a: Corviknight
|-supereffective|p1a: Corviknight
|-damage|p1a: Corviknight|50/100
|
|upkeep
|turn|19
|n|‽LT_Alt1|ltalt1
|n|‽LT_Alt1|ltalt1
|
|t:|1781403805
|move|p1a: Corviknight|U-turn|p2a: Slowking
|-damage|p2a: Slowking|88/100
|
|t:|1781403808
|switch|p1a: Gliscor|Gliscor, M|77/100 tox|[from] U-turn
|move|p2a: Slowking|Flamethrower|p1a: Gliscor
|-damage|p1a: Gliscor|51/100 tox
|
|-heal|p1a: Gliscor|63/100 tox|[from] ability: Poison Heal
|upkeep
|turn|20
|
|t:|1781403813
|move|p1a: Gliscor|Knock Off|p2a: Slowking
|-supereffective|p2a: Slowking
|-damage|p2a: Slowking|52/100
|-enditem|p2a: Slowking|Shuca Berry|[from] move: Knock Off|[of] p1a: Gliscor
|move|p2a: Slowking|Future Sight|p1a: Gliscor
|-start|p2a: Slowking|move: Future Sight
|
|-heal|p1a: Gliscor|76/100 tox|[from] ability: Poison Heal
|upkeep
|turn|21
|inactive|mikeim520 has 120 seconds left.
|
|t:|1781403821
|switch|p2a: Hatterene|Hatterene, F|52/100
|move|p1a: Gliscor|Earthquake|p2a: Hatterene
|-damage|p2a: Hatterene|21/100
|
|-heal|p1a: Gliscor|88/100 tox|[from] ability: Poison Heal
|upkeep
|turn|22
|inactive|LT_Alt1 has 60 seconds left.
|
|t:|1781403831
|switch|p2a: Corviknight|Corviknight, M|74/100
|-ability|p2a: Corviknight|Pressure
|move|p1a: Gliscor|Earthquake|p2a: Corviknight
|-immune|p2a: Corviknight
|
|-end|p1a: Gliscor|move: Future Sight
|-damage|p1a: Gliscor|36/100 tox
|-heal|p1a: Gliscor|49/100 tox|[from] ability: Poison Heal
|upkeep
|turn|23
|inactive|LT_Alt1 has 60 seconds left.
|
|t:|1781403851
|move|p1a: Gliscor|Knock Off|p2a: Corviknight
|-damage|p2a: Corviknight|60/100
|-damage|p1a: Gliscor|32/100 tox|[from] item: Rocky Helmet|[of] p2a: Corviknight
|-enditem|p2a: Corviknight|Rocky Helmet|[from] move: Knock Off|[of] p1a: Gliscor
|move|p2a: Corviknight|Iron Defense|p2a: Corviknight
|-boost|p2a: Corviknight|def|2
|
|-heal|p1a: Gliscor|45/100 tox|[from] ability: Poison Heal
|upkeep
|turn|24
|inactive|LT_Alt1 has 60 seconds left.
|
|t:|1781403867
|move|p1a: Gliscor|Spikes|p2a: Corviknight
|-sidestart|p2: LT_Alt1|Spikes
|move|p2a: Corviknight|Iron Defense|p2a: Corviknight
|-boost|p2a: Corviknight|def|2
|
|-heal|p1a: Gliscor|57/100 tox|[from] ability: Poison Heal
|upkeep
|turn|25
|
|t:|1781403880
|switch|p1a: Toxapex|Toxapex, F|100/100
|-damage|p1a: Toxapex|84/100|[from] Spikes
|move|p2a: Corviknight|Iron Defense|p2a: Corviknight
|-boost|p2a: Corviknight|def|2
|
|-heal|p1a: Toxapex|90/100|[from] item: Leftovers
|upkeep
|turn|26
|
|t:|1781403888
|move|p2a: Corviknight|Roost|p2a: Corviknight
|-heal|p2a: Corviknight|100/100
|-singleturn|p2a: Corviknight|move: Roost
|move|p1a: Toxapex|Haze|p1a: Toxapex
|-clearallboost
|
|-heal|p1a: Toxapex|97/100|[from] item: Leftovers
|upkeep
|turn|27
|
|t:|1781403898
|switch|p2a: Slowking|Slowking-Galar, M|85/100
|-damage|p2a: Slowking|72/100|[from] Spikes
|move|p1a: Toxapex|Surf|p2a: Slowking
|-damage|p2a: Slowking|60/100
|
|-heal|p1a: Toxapex|100/100|[from] item: Leftovers
|upkeep
|turn|28
|
|t:|1781403904
|switch|p1a: Gliscor|Gliscor, M|57/100 tox
|-prepare|p2a: Slowking|Chilly Reception|[premajor]
|move|p2a: Slowking|Chilly Reception|p2a: Slowking
|-weather|Snowscape
|
|t:|1781403913
|switch|p2a: Kyurem|Kyurem|69/100|[from] Chilly Reception
|-damage|p2a: Kyurem|57/100|[from] Spikes
|-ability|p2a: Kyurem|Pressure
|
|-weather|Snowscape|[upkeep]
|-heal|p1a: Gliscor|70/100 tox|[from] ability: Poison Heal
|upkeep
|turn|29
|
|t:|1781403935
|move|p1a: Gliscor|Protect|p1a: Gliscor
|-singleturn|p1a: Gliscor|Protect
|move|p2a: Kyurem|Blizzard|p1a: Gliscor
|-activate|p1a: Gliscor|move: Protect
|
|-weather|Snowscape|[upkeep]
|-heal|p1a: Gliscor|82/100 tox|[from] ability: Poison Heal
|upkeep
|turn|30
|
|t:|1781403937
|switch|p1a: Latios|Latios, M, tera:Steel|66/100
|move|p2a: Kyurem|Blizzard|p1a: Latios
|-resisted|p1a: Latios
|-damage|p1a: Latios|22/100
|
|-weather|Snowscape|[upkeep]
|-heal|p1a: Latios|28/100|[from] item: Leftovers
|upkeep
|turn|31
|
|t:|1781403947
|move|p1a: Latios|Aura Sphere|p2a: Kyurem
|-supereffective|p2a: Kyurem
|-damage|p2a: Kyurem|5/100
|move|p2a: Kyurem|Blizzard|p1a: Latios
|-resisted|p1a: Latios
|-damage|p1a: Latios|0 fnt
|faint|p1a: Latios
|
|-weather|Snowscape|[upkeep]
|upkeep
|
|t:|1781403952
|switch|p1a: Iron Treads|Iron Treads|46/100
|-damage|p1a: Iron Treads|30/100|[from] Spikes
|turn|32
|
|t:|1781403956
|switch|p2a: Corviknight|Corviknight, M|100/100
|-ability|p2a: Corviknight|Pressure
|move|p1a: Iron Treads|Rapid Spin|p2a: Corviknight
|-resisted|p2a: Corviknight
|-damage|p2a: Corviknight|96/100
|-boost|p1a: Iron Treads|spe|1
|-sideend|p1: mikeim520|Spikes|[from] move: Rapid Spin|[of] p1a: Iron Treads
|
|-weather|none
|-heal|p1a: Iron Treads|36/100|[from] item: Leftovers
|upkeep
|turn|33
|
|t:|1781403960
|move|p1a: Iron Treads|Stealth Rock|p2a: Corviknight
|-sidestart|p2: LT_Alt1|move: Stealth Rock
|move|p2a: Corviknight|Defog|p1a: Iron Treads
|-unboost|p1a: Iron Treads|evasion|1
|-sideend|p2: LT_Alt1|Spikes|[from] move: Defog|[of] p2a: Corviknight
|-sideend|p2: LT_Alt1|Stealth Rock|[from] move: Defog|[of] p2a: Corviknight
|
|-heal|p1a: Iron Treads|42/100|[from] item: Leftovers
|upkeep
|turn|34
|
|t:|1781403964
|-end|p1a: Iron Treads|Quark Drive|[silent]
|switch|p1a: Gliscor|Gliscor, M|82/100 tox
|move|p2a: Corviknight|Body Press|p1a: Gliscor
|-resisted|p1a: Gliscor
|-damage|p1a: Gliscor|75/100 tox
|
|-heal|p1a: Gliscor|88/100 tox|[from] ability: Poison Heal
|upkeep
|turn|35
|
|t:|1781403968
|move|p1a: Gliscor|Spikes|p2a: Corviknight
|-sidestart|p2: LT_Alt1|Spikes
|move|p2a: Corviknight|Iron Defense|p2a: Corviknight
|-boost|p2a: Corviknight|def|2
|
|-heal|p1a: Gliscor|100/100 tox|[from] ability: Poison Heal
|upkeep
|turn|36
|
|t:|1781403976
|switch|p1a: Toxapex|Toxapex, F|100/100
|move|p2a: Corviknight|Iron Defense|p2a: Corviknight
|-boost|p2a: Corviknight|def|2
|
|upkeep
|turn|37
|
|t:|1781403978
|move|p2a: Corviknight|Defog|p1a: Toxapex
|-unboost|p1a: Toxapex|evasion|1
|-sideend|p2: LT_Alt1|Spikes|[from] move: Defog|[of] p2a: Corviknight
|move|p1a: Toxapex|Haze|p1a: Toxapex
|-clearallboost
|
|upkeep
|turn|38
|
|t:|1781403986
|switch|p2a: Hatterene|Hatterene, F|21/100
|move|p1a: Toxapex|Surf|p2a: Hatterene
|-damage|p2a: Hatterene|2/100
|
|upkeep
|turn|39
|
|t:|1781403990
|move|p1a: Toxapex|Surf|p2a: Hatterene
|-damage|p2a: Hatterene|0 fnt
|faint|p2a: Hatterene
|
|upkeep
|
|t:|1781404005
|switch|p2a: Slowking|Slowking-Galar, M|93/100
|turn|40
|
|t:|1781404009
|switch|p1a: Gliscor|Gliscor, M|100/100 tox
|move|p2a: Slowking|Future Sight|p1a: Gliscor
|-start|p2a: Slowking|move: Future Sight
|
|upkeep
|turn|41
|
|t:|1781404015
|move|p1a: Gliscor|Earthquake|p2a: Slowking
|-supereffective|p2a: Slowking
|-damage|p2a: Slowking|34/100
|-prepare|p2a: Slowking|Chilly Reception|[premajor]
|move|p2a: Slowking|Chilly Reception|p2a: Slowking
|-weather|Snowscape
|
|t:|1781404018
|switch|p2a: Kyurem|Kyurem|5/100|[from] Chilly Reception
|-ability|p2a: Kyurem|Pressure
|
|-weather|Snowscape|[upkeep]
|upkeep
|turn|42
|
|t:|1781404023
|-terastallize|p2a: Kyurem|Ice
|move|p1a: Gliscor|Protect|p1a: Gliscor
|-singleturn|p1a: Gliscor|Protect
|move|p2a: Kyurem|Freeze-Dry|p1a: Gliscor
|-activate|p1a: Gliscor|move: Protect
|
|-weather|Snowscape|[upkeep]
|-end|p1a: Gliscor|move: Future Sight
|-damage|p1a: Gliscor|45/100 tox
|-heal|p1a: Gliscor|58/100 tox|[from] ability: Poison Heal
|upkeep
|turn|43
|
|t:|1781404032
|switch|p1a: Corviknight|Corviknight, F|50/100
|-ability|p1a: Corviknight|Pressure
|move|p2a: Kyurem|Freeze-Dry|p1a: Corviknight
|-damage|p1a: Corviknight|0 fnt
|faint|p1a: Corviknight
|
|-weather|Snowscape|[upkeep]
|upkeep
|
|t:|1781404034
|switch|p1a: Iron Treads|Iron Treads|42/100
|turn|44
|
|t:|1781404037
|switch|p2a: Corviknight|Corviknight, M|96/100
|-ability|p2a: Corviknight|Pressure
|move|p1a: Iron Treads|Knock Off|p2a: Corviknight
|-damage|p2a: Corviknight|84/100
|
|-weather|Snowscape|[upkeep]
|-heal|p1a: Iron Treads|48/100|[from] item: Leftovers
|upkeep
|turn|45
|
|t:|1781404042
|-end|p1a: Iron Treads|Quark Drive|[silent]
|switch|p1a: Gliscor|Gliscor, M|58/100 tox
|switch|p2a: Slowking|Slowking-Galar, M|67/100
|
|-weather|none
|-heal|p1a: Gliscor|70/100 tox|[from] ability: Poison Heal
|upkeep
|turn|46
|
|t:|1781404047
|switch|p2a: Corviknight|Corviknight, M|84/100
|-ability|p2a: Corviknight|Pressure
|move|p1a: Gliscor|Spikes|p2a: Corviknight
|-sidestart|p2: LT_Alt1|Spikes
|
|-heal|p1a: Gliscor|83/100 tox|[from] ability: Poison Heal
|upkeep
|turn|47
|
|t:|1781404053
|move|p1a: Gliscor|Protect|p1a: Gliscor
|-singleturn|p1a: Gliscor|Protect
|move|p2a: Corviknight|Defog|p1a: Gliscor
|-activate|p1a: Gliscor|move: Protect
|
|-heal|p1a: Gliscor|95/100 tox|[from] ability: Poison Heal
|upkeep
|turn|48
|inactive|mikeim520 has 120 seconds left.
|
|t:|1781404087
|switch|p1a: Iron Treads|Iron Treads|48/100
|move|p2a: Corviknight|Defog|p1a: Iron Treads
|-unboost|p1a: Iron Treads|evasion|1
|-sideend|p2: LT_Alt1|Spikes|[from] move: Defog|[of] p2a: Corviknight
|
|-heal|p1a: Iron Treads|54/100|[from] item: Leftovers
|upkeep
|turn|49
|
|t:|1781404095
|-end|p1a: Iron Treads|Quark Drive|[silent]
|switch|p1a: Gliscor|Gliscor, M|95/100 tox
|switch|p2a: Slowking|Slowking-Galar, M|99/100
|
|-heal|p1a: Gliscor|100/100 tox|[from] ability: Poison Heal
|upkeep
|turn|50
|
|t:|1781404099
|move|p1a: Gliscor|Earthquake|p2a: Slowking
|-supereffective|p2a: Slowking
|-damage|p2a: Slowking|42/100
|-prepare|p2a: Slowking|Chilly Reception|[premajor]
|move|p2a: Slowking|Chilly Reception|p2a: Slowking
|-weather|Snowscape
|
|t:|1781404101
|switch|p2a: Kyurem|Kyurem, tera:Ice|5/100|[from] Chilly Reception
|-ability|p2a: Kyurem|Pressure
|
|-weather|Snowscape|[upkeep]
|upkeep
|turn|51
|c|☆mikeim520|gg wp
|-message|mikeim520 forfeited.
|
|win|LT_Alt1
|raw|mikeim520's rating: 1628 &rarr; <strong>1611</strong><br />(-17 for losing)
|raw|LT_Alt1's rating: 1685 &rarr; <strong>1702</strong><br />(+17 for winning)
|l|☆mikeim520
|player|p1|
|l| cambonius
