|j|☆thebambi1234
|j|☆sylvr7070
|t:|1781110717
|gametype|singles
|player|p1|thebambi1234|blackbelt-gen4dp|1645
|player|p2|sylvr7070|fairytalegirl|1633
|gen|9
|tier|[Gen 9] OU
|rated|
|rule|HP Percentage Mod: HP is shown in percentages
|rule|Endless Battle Clause: Forcing endless battles is banned
|rule|Species Clause: Limit one of each Pokémon
|rule|OHKO Clause: OHKO moves are banned
|rule|Evasion Items Clause: Evasion items are banned
|rule|Evasion Moves Clause: Evasion moves are banned
|rule|Evasion Abilities Clause: Evasion abilities are banned
|rule|Sleep Moves Clause: Sleep-inducing moves are banned
|clearpoke
|poke|p1|Gliscor, M|
|poke|p1|Corviknight, F|
|poke|p1|Dondozo, F|
|poke|p1|Blissey, F|
|poke|p1|Weezing-Galar, M|
|poke|p1|Garganacl, F|
|poke|p2|Hoopa-Unbound|
|poke|p2|Zamazenta-*|
|poke|p2|Iron Treads|
|poke|p2|Pecharunt|
|poke|p2|Primarina, M|
|poke|p2|Dragonite, F|
|teampreview
|inactive|Battle timer is ON: inactive players will automatically lose when time's up. (requested by sylvr7070)
|inactive|thebambi1234 also wants the timer to be on.
|
|t:|1781110735
|teamsize|p1|6
|teamsize|p2|6
|start
|switch|p1a: Corviknight|Corviknight, F|100/100
|switch|p2a: blonde... scary|Primarina, M, shiny|100/100
|-ability|p1a: Corviknight|Pressure
|turn|1
|
|t:|1781110740
|switch|p1a: Blissey|Blissey, F|100/100
|move|p2a: blonde... scary|Surf|p1a: Blissey
|-damage|p1a: Blissey|86/100
|
|-heal|p1a: Blissey|92/100|[from] item: Leftovers
|upkeep
|turn|2
|
|t:|1781110744
|move|p2a: blonde... scary|Flip Turn|p1a: Blissey
|-damage|p1a: Blissey|65/100
|
|t:|1781110747
|switch|p2a: spinpig|Iron Treads|100/100|[from] Flip Turn
|move|p1a: Blissey|Seismic Toss|p2a: spinpig
|-damage|p2a: spinpig|69/100
|
|-heal|p2a: spinpig|76/100|[from] item: Leftovers
|-heal|p1a: Blissey|71/100|[from] item: Leftovers
|upkeep
|turn|3
|
|t:|1781110750
|switch|p1a: Corviknight|Corviknight, F|100/100
|-ability|p1a: Corviknight|Pressure
|move|p2a: spinpig|Ice Spinner|p1a: Corviknight
|-damage|p1a: Corviknight|86/100
|-damage|p2a: spinpig|59/100|[from] item: Rocky Helmet|[of] p1a: Corviknight
|
|-heal|p2a: spinpig|65/100|[from] item: Leftovers
|upkeep
|turn|4
|
|t:|1781110755
|move|p2a: spinpig|Stealth Rock|p1a: Corviknight
|-sidestart|p1: thebambi1234|move: Stealth Rock
|move|p1a: Corviknight|Body Press|p2a: spinpig
|-supereffective|p2a: spinpig
|-damage|p2a: spinpig|15/100
|
|-heal|p2a: spinpig|22/100|[from] item: Leftovers
|upkeep
|turn|5
|
|t:|1781110762
|-end|p2a: spinpig|Quark Drive|[silent]
|switch|p2a: hateberry|Pecharunt|100/100
|move|p1a: Corviknight|Defog|p2a: hateberry
|-unboost|p2a: hateberry|evasion|1
|-sideend|p1: thebambi1234|Stealth Rock|[from] move: Defog|[of] p1a: Corviknight
|
|upkeep
|turn|6
|
|t:|1781110765
|move|p2a: hateberry|Shadow Ball|p1a: Corviknight
|-damage|p1a: Corviknight|65/100
|-unboost|p1a: Corviknight|spd|1
|move|p1a: Corviknight|U-turn|p2a: hateberry
|-resisted|p2a: hateberry
|-damage|p2a: hateberry|98/100
|
|t:|1781110776
|switch|p1a: Garganacl|Garganacl, F, shiny|100/100|[from] U-turn
|
|upkeep
|turn|7
|
|t:|1781110782
|move|p2a: hateberry|Malignant Chain|p1a: Garganacl
|-resisted|p1a: Garganacl
|-damage|p1a: Garganacl|92/100
|move|p1a: Garganacl|Stealth Rock|p2a: hateberry
|-sidestart|p2: sylvr7070|move: Stealth Rock
|
|-heal|p1a: Garganacl|98/100|[from] item: Leftovers
|upkeep
|turn|8
|
|t:|1781110786
|move|p2a: hateberry|Shadow Ball|p1a: Garganacl
|-damage|p1a: Garganacl|90/100
|-unboost|p1a: Garganacl|spd|1
|move|p1a: Garganacl|Salt Cure|p2a: hateberry
|-damage|p2a: hateberry|89/100
|-start|p2a: hateberry|Salt Cure
|
|-heal|p1a: Garganacl|96/100|[from] item: Leftovers
|-damage|p2a: hateberry|77/100|[from] Salt Cure
|upkeep
|turn|9
|
|t:|1781110792
|move|p2a: hateberry|Parting Shot|p1a: Garganacl
|-unboost|p1a: Garganacl|atk|1
|-unboost|p1a: Garganacl|spa|1
|
|t:|1781110794
|switch|p2a: Hoopa-Band|Hoopa-Unbound|100/100|[from] Parting Shot
|-damage|p2a: Hoopa-Band|88/100|[from] Stealth Rock
|move|p1a: Garganacl|Salt Cure|p2a: Hoopa-Band
|-damage|p2a: Hoopa-Band|71/100
|-start|p2a: Hoopa-Band|Salt Cure
|
|-heal|p1a: Garganacl|100/100|[from] item: Leftovers
|-damage|p2a: Hoopa-Band|59/100|[from] Salt Cure
|upkeep
|turn|10
|
|t:|1781110801
|move|p2a: Hoopa-Band|Psychic|p1a: Garganacl
|-damage|p1a: Garganacl|13/100
|-unboost|p1a: Garganacl|spd|1
|move|p1a: Garganacl|Recover|p1a: Garganacl
|-heal|p1a: Garganacl|63/100
|
|-heal|p1a: Garganacl|69/100|[from] item: Leftovers
|-damage|p2a: Hoopa-Band|47/100|[from] Salt Cure
|upkeep
|turn|11
|
|t:|1781110814
|switch|p2a: spinpig|Iron Treads|22/100
|-damage|p2a: spinpig|19/100|[from] Stealth Rock
|switch|p1a: Blissey|Blissey, F|71/100
|
|-heal|p2a: spinpig|25/100|[from] item: Leftovers
|-heal|p1a: Blissey|77/100|[from] item: Leftovers
|upkeep
|turn|12
|
|t:|1781110819
|-end|p2a: spinpig|Quark Drive|[silent]
|switch|p2a: hateberry|Pecharunt|77/100
|move|p1a: Blissey|Seismic Toss|p2a: hateberry
|-immune|p2a: hateberry
|
|-heal|p1a: Blissey|83/100|[from] item: Leftovers
|upkeep
|turn|13
|
|t:|1781110824
|switch|p1a: Garganacl|Garganacl, F, shiny|69/100
|move|p2a: hateberry|Parting Shot|p1a: Garganacl
|-unboost|p1a: Garganacl|atk|1
|-unboost|p1a: Garganacl|spa|1
|
|t:|1781110827
|switch|p2a: Hoopa-Band|Hoopa-Unbound|47/100|[from] Parting Shot
|-damage|p2a: Hoopa-Band|34/100|[from] Stealth Rock
|
|-heal|p1a: Garganacl|75/100|[from] item: Leftovers
|upkeep
|turn|14
|
|t:|1781110835
|move|p2a: Hoopa-Band|Focus Blast|p1a: Garganacl
|-supereffective|p1a: Garganacl
|-damage|p1a: Garganacl|0 fnt
|faint|p1a: Garganacl
|
|upkeep
|
|t:|1781110840
|switch|p1a: Corviknight|Corviknight, F|65/100
|-ability|p1a: Corviknight|Pressure
|turn|15
|
|t:|1781110848
|switch|p2a: hateberry|Pecharunt|77/100
|switch|p1a: Gliscor|Gliscor, M, shiny|100/100
|
|-status|p1a: Gliscor|tox|[from] item: Toxic Orb
|upkeep
|turn|16
|
|t:|1781110856
|move|p2a: hateberry|Recover|p2a: hateberry
|-heal|p2a: hateberry|100/100
|move|p1a: Gliscor|Knock Off|p2a: hateberry
|-supereffective|p2a: hateberry
|-damage|p2a: hateberry|73/100
|-enditem|p2a: hateberry|Heavy-Duty Boots|[from] move: Knock Off|[of] p1a: Gliscor
|
|upkeep
|turn|17
|
|t:|1781110867
|move|p2a: hateberry|Parting Shot|p1a: Gliscor
|-unboost|p1a: Gliscor|atk|1
|-unboost|p1a: Gliscor|spa|1
|
|t:|1781110869
|switch|p2a: blonde... scary|Primarina, M, shiny|100/100|[from] Parting Shot
|-damage|p2a: blonde... scary|88/100|[from] Stealth Rock
|move|p1a: Gliscor|Toxic|p2a: blonde... scary|[miss]
|-miss|p1a: Gliscor|p2a: blonde... scary
|
|upkeep
|turn|18
|c|☆thebambi1234|damn
|c|☆thebambi1234|I lost last game because of that
|
|t:|1781110881
|switch|p1a: Blissey|Blissey, F|83/100
|move|p2a: blonde... scary|Surf|p1a: Blissey
|-damage|p1a: Blissey|68/100
|
|-heal|p1a: Blissey|74/100|[from] item: Leftovers
|upkeep
|turn|19
|c|☆sylvr7070|rip
|
|t:|1781110887
|switch|p1a: Gliscor|Gliscor, M, shiny|100/100 tox
|move|p2a: blonde... scary|Flip Turn|p1a: Gliscor
|-supereffective|p1a: Gliscor
|-damage|p1a: Gliscor|82/100 tox
|
|t:|1781110892
|switch|p2a: spinpig|Iron Treads|25/100|[from] Flip Turn
|-damage|p2a: spinpig|22/100|[from] Stealth Rock
|
|-heal|p2a: spinpig|28/100|[from] item: Leftovers
|-heal|p1a: Gliscor|94/100 tox|[from] ability: Poison Heal
|upkeep
|turn|20
|
|t:|1781110895
|move|p2a: spinpig|Ice Spinner|p1a: Gliscor
|-supereffective|p1a: Gliscor
|-crit|p1a: Gliscor
|-damage|p1a: Gliscor|4/100 tox
|move|p1a: Gliscor|Earthquake|p2a: spinpig
|-supereffective|p2a: spinpig
|-damage|p2a: spinpig|0 fnt
|faint|p2a: spinpig
|-end|p2a: spinpig|Quark Drive|[silent]
|
|-heal|p1a: Gliscor|16/100 tox|[from] ability: Poison Heal
|upkeep
|
|t:|1781110901
|switch|p2a: hateberry|Pecharunt|73/100
|-damage|p2a: hateberry|60/100|[from] Stealth Rock
|turn|21
|
|t:|1781110904
|move|p1a: Gliscor|Protect|p1a: Gliscor
|-singleturn|p1a: Gliscor|Protect
|move|p2a: hateberry|Shadow Ball|p1a: Gliscor
|-activate|p1a: Gliscor|move: Protect
|
|-heal|p1a: Gliscor|29/100 tox|[from] ability: Poison Heal
|upkeep
|turn|22
|
|t:|1781110907
|switch|p1a: Blissey|Blissey, F|74/100
|move|p2a: hateberry|Shadow Ball|p1a: Blissey
|-immune|p1a: Blissey
|
|-heal|p1a: Blissey|80/100|[from] item: Leftovers
|upkeep
|turn|23
|
|t:|1781110913
|move|p2a: hateberry|Malignant Chain|p1a: Blissey
|-damage|p1a: Blissey|72/100
|move|p1a: Blissey|Flamethrower|p2a: hateberry
|-damage|p2a: hateberry|41/100
|
|-heal|p1a: Blissey|78/100|[from] item: Leftovers
|upkeep
|turn|24
|
|t:|1781110918
|switch|p1a: Gliscor|Gliscor, M, shiny|29/100 tox
|move|p2a: hateberry|Recover|p2a: hateberry
|-heal|p2a: hateberry|91/100
|
|-heal|p1a: Gliscor|41/100 tox|[from] ability: Poison Heal
|upkeep
|turn|25
|
|t:|1781110923
|move|p1a: Gliscor|Protect|p1a: Gliscor
|-singleturn|p1a: Gliscor|Protect
|move|p2a: hateberry|Shadow Ball|p1a: Gliscor
|-activate|p1a: Gliscor|move: Protect
|
|-heal|p1a: Gliscor|54/100 tox|[from] ability: Poison Heal
|upkeep
|turn|26
|
|t:|1781110930
|move|p2a: hateberry|Parting Shot|p1a: Gliscor
|-unboost|p1a: Gliscor|atk|1
|-unboost|p1a: Gliscor|spa|1
|
|t:|1781110934
|switch|p2a: blonde... scary|Primarina, M, shiny|88/100|[from] Parting Shot
|-damage|p2a: blonde... scary|76/100|[from] Stealth Rock
|move|p1a: Gliscor|Earthquake|p2a: blonde... scary
|-damage|p2a: blonde... scary|47/100
|
|-heal|p1a: Gliscor|66/100 tox|[from] ability: Poison Heal
|upkeep
|turn|27
|
|t:|1781110939
|move|p1a: Gliscor|Protect|p1a: Gliscor
|-singleturn|p1a: Gliscor|Protect
|move|p2a: blonde... scary|Surf|p1a: Gliscor
|-activate|p1a: Gliscor|move: Protect
|
|-heal|p1a: Gliscor|78/100 tox|[from] ability: Poison Heal
|upkeep
|turn|28
|
|t:|1781110944
|switch|p1a: Blissey|Blissey, F|78/100
|move|p2a: blonde... scary|Flip Turn|p1a: Blissey
|-damage|p1a: Blissey|50/100
|
|t:|1781110960
|switch|p2a: Hoopa-Band|Hoopa-Unbound|34/100|[from] Flip Turn
|-damage|p2a: Hoopa-Band|22/100|[from] Stealth Rock
|
|-heal|p1a: Blissey|57/100|[from] item: Leftovers
|upkeep
|turn|29
|
|t:|1781110975
|move|p2a: Hoopa-Band|Focus Blast|p1a: Blissey
|-supereffective|p1a: Blissey
|-damage|p1a: Blissey|8/100
|move|p1a: Blissey|Soft-Boiled|p1a: Blissey
|-heal|p1a: Blissey|58/100
|
|-heal|p1a: Blissey|64/100|[from] item: Leftovers
|upkeep
|turn|30
|
|t:|1781110985
|switch|p2a: hateberry|Pecharunt|91/100
|-damage|p2a: hateberry|78/100|[from] Stealth Rock
|move|p1a: Blissey|Soft-Boiled|p1a: Blissey
|-heal|p1a: Blissey|100/100
|
|upkeep
|turn|31
|
|t:|1781110991
|move|p2a: hateberry|Parting Shot|p1a: Blissey
|-unboost|p1a: Blissey|atk|1
|-unboost|p1a: Blissey|spa|1
|
|t:|1781110993
|switch|p2a: blonde... scary|Primarina, M, shiny|47/100|[from] Parting Shot
|-damage|p2a: blonde... scary|34/100|[from] Stealth Rock
|move|p1a: Blissey|Flamethrower|p2a: blonde... scary
|-resisted|p2a: blonde... scary
|-damage|p2a: blonde... scary|32/100
|
|upkeep
|turn|32
|
|t:|1781111000
|move|p2a: blonde... scary|Surf|p1a: Blissey
|-damage|p1a: Blissey|81/100
|move|p1a: Blissey|Flamethrower|p2a: blonde... scary
|-resisted|p2a: blonde... scary
|-damage|p2a: blonde... scary|28/100
|
|-heal|p1a: Blissey|87/100|[from] item: Leftovers
|upkeep
|turn|33
|
|t:|1781111009
|switch|p1a: Dondozo|Dondozo, F|100/100
|move|p2a: blonde... scary|Flip Turn|p1a: Dondozo
|-resisted|p1a: Dondozo
|-damage|p1a: Dondozo|96/100
|
|t:|1781111011
|switch|p2a: Hoopa-Band|Hoopa-Unbound|22/100|[from] Flip Turn
|-damage|p2a: Hoopa-Band|10/100|[from] Stealth Rock
|
|-heal|p1a: Dondozo|100/100|[from] item: Leftovers
|upkeep
|turn|34
|
|t:|1781111021
|switch|p1a: Blissey|Blissey, F|87/100
|move|p2a: Hoopa-Band|Thunderbolt|p1a: Blissey
|-damage|p1a: Blissey|68/100
|
|-heal|p1a: Blissey|74/100|[from] item: Leftovers
|upkeep
|turn|35
|
|t:|1781111026
|move|p2a: Hoopa-Band|Thunderbolt|p1a: Blissey
|-damage|p1a: Blissey|57/100
|move|p1a: Blissey|Flamethrower|p2a: Hoopa-Band
|-damage|p2a: Hoopa-Band|0 fnt
|faint|p2a: Hoopa-Band
|
|-heal|p1a: Blissey|64/100|[from] item: Leftovers
|upkeep
|
|t:|1781111040
|switch|p2a: blonde... scary|Primarina, M, shiny|28/100
|-damage|p2a: blonde... scary|16/100|[from] Stealth Rock
|turn|36
|
|t:|1781111044
|move|p2a: blonde... scary|Psychic Noise|p1a: Blissey
|-damage|p1a: Blissey|55/100
|-start|p1a: Blissey|move: Heal Block
|cant|p1a: Blissey|move: Heal Block|Soft-Boiled
|
|upkeep
|turn|37
|
|t:|1781111051
|move|p2a: blonde... scary|Surf|p1a: Blissey
|-damage|p1a: Blissey|33/100
|move|p1a: Blissey|Seismic Toss|p2a: blonde... scary
|-damage|p2a: blonde... scary|0 fnt
|faint|p2a: blonde... scary
|
|-end|p1a: Blissey|move: Heal Block
|upkeep
|
|t:|1781111058
|switch|p2a: dory go nighty|Dragonite, F|100/100
|turn|38
|
|t:|1781111062
|switch|p1a: Gliscor|Gliscor, M, shiny|78/100 tox
|move|p2a: dory go nighty|Ice Spinner|p1a: Gliscor
|-supereffective|p1a: Gliscor
|-damage|p1a: Gliscor|10/100 tox
|
|-heal|p1a: Gliscor|22/100 tox|[from] ability: Poison Heal
|upkeep
|turn|39
|c|☆thebambi1234|2 ice spinner :0
|
|t:|1781111075
|move|p1a: Gliscor|Protect|p1a: Gliscor
|-singleturn|p1a: Gliscor|Protect
|move|p2a: dory go nighty|Ice Spinner|p1a: Gliscor
|-activate|p1a: Gliscor|move: Protect
|
|-heal|p1a: Gliscor|34/100 tox|[from] ability: Poison Heal
|upkeep
|turn|40
|c|☆sylvr7070|yeah didnt really notice tbh
|
|t:|1781111087
|switch|p1a: Corviknight|Corviknight, F|65/100
|-ability|p1a: Corviknight|Pressure
|move|p2a: dory go nighty|Dragon Dance|p2a: dory go nighty
|-boost|p2a: dory go nighty|atk|1
|-boost|p2a: dory go nighty|spe|1
|
|upkeep
|turn|41
|c|☆thebambi1234|my poor gliscor
|
|t:|1781111094
|move|p2a: dory go nighty|Dragon Dance|p2a: dory go nighty
|-boost|p2a: dory go nighty|atk|1
|-boost|p2a: dory go nighty|spe|1
|move|p1a: Corviknight|U-turn|p2a: dory go nighty
|-resisted|p2a: dory go nighty
|-crit|p2a: dory go nighty
|-damage|p2a: dory go nighty|95/100
|
|t:|1781111096
|switch|p1a: Dondozo|Dondozo, F|100/100|[from] U-turn
|
|upkeep
|turn|42
|c|☆sylvr7070|fuuck lost my dozo breaker
|
|t:|1781111109
|move|p2a: dory go nighty|Earthquake|p1a: Dondozo
|-crit|p1a: Dondozo
|-damage|p1a: Dondozo|79/100
|move|p1a: Dondozo|Waterfall|p2a: dory go nighty
|-resisted|p2a: dory go nighty
|-damage|p2a: dory go nighty|81/100
|
|-heal|p1a: Dondozo|85/100|[from] item: Leftovers
|upkeep
|turn|43
|
|t:|1781111114
|switch|p2a: hateberry|Pecharunt|78/100
|-damage|p2a: hateberry|66/100|[from] Stealth Rock
|move|p1a: Dondozo|Waterfall|p2a: hateberry
|-damage|p2a: hateberry|50/100
|
|-heal|p1a: Dondozo|91/100|[from] item: Leftovers
|upkeep
|turn|44
|
|t:|1781111120
|switch|p1a: Gliscor|Gliscor, M, shiny|34/100 tox
|move|p2a: hateberry|Malignant Chain|p1a: Gliscor
|-resisted|p1a: Gliscor
|-damage|p1a: Gliscor|19/100 tox
|
|-heal|p1a: Gliscor|32/100 tox|[from] ability: Poison Heal
|upkeep
|turn|45
|
|t:|1781111125
|switch|p2a: indolence|Zamazenta|100/100
|-damage|p2a: indolence|94/100|[from] Stealth Rock
|-ability|p2a: indolence|Dauntless Shield|boost
|-boost|p2a: indolence|def|1
|move|p1a: Gliscor|Protect||[still]
|-fail|p1a: Gliscor
|
|-heal|p2a: indolence|100/100|[from] item: Leftovers
|-heal|p1a: Gliscor|44/100 tox|[from] ability: Poison Heal
|upkeep
|turn|46
|c|☆thebambi1234|you better not have ice fang
|
|t:|1781111133
|switch|p2a: hateberry|Pecharunt|50/100
|-damage|p2a: hateberry|38/100|[from] Stealth Rock
|move|p1a: Gliscor|Protect||[still]
|-fail|p1a: Gliscor
|
|-heal|p1a: Gliscor|56/100 tox|[from] ability: Poison Heal
|upkeep
|turn|47
|
|t:|1781111139
|move|p2a: hateberry|Recover|p2a: hateberry
|-heal|p2a: hateberry|88/100
|move|p1a: Gliscor|Earthquake|p2a: hateberry
|-supereffective|p2a: hateberry
|-damage|p2a: hateberry|42/100
|
|-heal|p1a: Gliscor|69/100 tox|[from] ability: Poison Heal
|upkeep
|turn|48
|
|t:|1781111144
|move|p2a: hateberry|Shadow Ball|p1a: Gliscor
|-damage|p1a: Gliscor|39/100 tox
|-unboost|p1a: Gliscor|spd|1
|move|p1a: Gliscor|Toxic|p2a: hateberry
|-immune|p2a: hateberry
|
|-heal|p1a: Gliscor|52/100 tox|[from] ability: Poison Heal
|upkeep
|turn|49
|
|t:|1781111149
|switch|p1a: Blissey|Blissey, F|33/100
|move|p2a: hateberry|Shadow Ball|p1a: Blissey
|-immune|p1a: Blissey
|
|-heal|p1a: Blissey|39/100|[from] item: Leftovers
|upkeep
|turn|50
|
|t:|1781111152
|move|p2a: hateberry|Malignant Chain|p1a: Blissey
|-damage|p1a: Blissey|31/100
|-status|p1a: Blissey|tox
|-start|p1a: Blissey|confusion|[from] ability: Poison Puppeteer|[of] p2a: hateberry
|-activate|p1a: Blissey|confusion
|move|p1a: Blissey|Soft-Boiled|p1a: Blissey
|-heal|p1a: Blissey|81/100 tox
|
|-heal|p1a: Blissey|87/100 tox|[from] item: Leftovers
|-damage|p1a: Blissey|81/100 tox|[from] psn
|upkeep
|turn|51
|
|t:|1781111164
|-curestatus|p1a: Blissey|tox|[from] ability: Natural Cure|[silent]
|switch|p1a: Gliscor|Gliscor, M, shiny|52/100 tox
|move|p2a: hateberry|Recover|p2a: hateberry
|-heal|p2a: hateberry|92/100
|
|-heal|p1a: Gliscor|64/100 tox|[from] ability: Poison Heal
|upkeep
|turn|52
|
|t:|1781111172
|move|p1a: Gliscor|Protect|p1a: Gliscor
|-singleturn|p1a: Gliscor|Protect
|move|p2a: hateberry|Shadow Ball|p1a: Gliscor
|-activate|p1a: Gliscor|move: Protect
|
|-heal|p1a: Gliscor|76/100 tox|[from] ability: Poison Heal
|upkeep
|turn|53
|
|t:|1781111181
|move|p2a: hateberry|Parting Shot|p1a: Gliscor
|-unboost|p1a: Gliscor|atk|1
|-unboost|p1a: Gliscor|spa|1
|
|t:|1781111184
|switch|p2a: dory go nighty|Dragonite, F|81/100|[from] Parting Shot
|move|p1a: Gliscor|Toxic|p2a: dory go nighty
|-status|p2a: dory go nighty|tox
|
|-damage|p2a: dory go nighty|74/100 tox|[from] psn
|-heal|p1a: Gliscor|89/100 tox|[from] ability: Poison Heal
|upkeep
|turn|54
|
|t:|1781111190
|move|p1a: Gliscor|Protect|p1a: Gliscor
|-singleturn|p1a: Gliscor|Protect
|move|p2a: dory go nighty|Ice Spinner|p1a: Gliscor
|-activate|p1a: Gliscor|move: Protect
|
|-damage|p2a: dory go nighty|62/100 tox|[from] psn
|-heal|p1a: Gliscor|100/100 tox|[from] ability: Poison Heal
|upkeep
|turn|55
|c|☆sylvr7070|i think its gg
|c|☆sylvr7070|ngl
|c|☆thebambi1234|yeah ggs
|
|t:|1781111201
|switch|p1a: Dondozo|Dondozo, F|91/100
|move|p2a: dory go nighty|Ice Spinner|p1a: Dondozo
|-resisted|p1a: Dondozo
|-damage|p1a: Dondozo|85/100
|
|-heal|p1a: Dondozo|91/100|[from] item: Leftovers
|-damage|p2a: dory go nighty|44/100 tox|[from] psn
|upkeep
|turn|56
|-message|sylvr7070 forfeited.
|
|win|thebambi1234
|raw|thebambi1234's rating: 1645 &rarr; <strong>1664</strong><br />(+19 for winning)
|raw|sylvr7070's rating: 1633 &rarr; <strong>1614</strong><br />(-19 for losing)
|c|☆sylvr7070|wp
|c|☆thebambi1234|<3
|l|☆thebambi1234
|player|p1|
|l|☆sylvr7070
|player|p2|
