|j|☆bigballs01
|j|☆PepeNike
|t:|1781474898
|gametype|singles
|player|p1|bigballs01|swimmer-gen4dp|1636
|player|p2|PepeNike|102|1655
|gen|9
|tier|[Gen 9] OU
|rated|
|rule|HP Percentage Mod: HP is shown in percentages
|rule|Endless Battle Clause: Forcing endless battles is banned
|rule|Species Clause: Limit one of each Pokémon
|rule|OHKO Clause: OHKO moves are banned
|rule|Evasion Items Clause: Evasion items are banned
|rule|Evasion Moves Clause: Evasion moves are banned
|rule|Evasion Abilities Clause: Evasion abilities are banned
|rule|Sleep Moves Clause: Sleep-inducing moves are banned
|clearpoke
|poke|p1|Hatterene, F|
|poke|p1|Great Tusk|
|poke|p1|Tornadus-Therian, M|
|poke|p1|Kyurem|
|poke|p1|Slowking-Galar, M|
|poke|p1|Kingambit, F|
|poke|p2|Kleavor, M|
|poke|p2|Samurott-Hisui, M|
|poke|p2|Gholdengo|
|poke|p2|Ceruledge, F|
|poke|p2|Greninja-*, M|
|poke|p2|Dragapult, M|
|teampreview
|inactive|Battle timer is ON: inactive players will automatically lose when time's up. (requested by PepeNike)
|inactive|bigballs01 also wants the timer to be on.
|
|t:|1781474914
|teamsize|p1|6
|teamsize|p2|6
|start
|switch|p1a: Tornadus|Tornadus-Therian, M|100/100
|switch|p2a: Kleavor|Kleavor, M|100/100
|turn|1
|inactive|PepeNike has 120 seconds left.
|inactive|PepeNike has 90 seconds left.
|
|t:|1781474987
|switch|p1a: Great Tusk|Great Tusk|100/100
|move|p2a: Kleavor|Stone Axe|p1a: Great Tusk
|-resisted|p1a: Great Tusk
|-damage|p1a: Great Tusk|90/100
|-damage|p2a: Kleavor|84/100|[from] item: Rocky Helmet|[of] p1a: Great Tusk
|-sidestart|p1: bigballs01|move: Stealth Rock
|
|upkeep
|turn|2
|
|t:|1781474995
|switch|p2a: Gholdengo|Gholdengo|100/100
|-item|p2a: Gholdengo|Air Balloon
|move|p1a: Great Tusk|Ice Spinner|p2a: Gholdengo
|-resisted|p2a: Gholdengo
|-damage|p2a: Gholdengo|91/100
|-enditem|p2a: Gholdengo|Air Balloon
|
|upkeep
|turn|3
|inactive|PepeNike has 90 seconds left.
|
|t:|1781475004
|move|p1a: Great Tusk|Headlong Rush|p2a: Gholdengo
|-supereffective|p2a: Gholdengo
|-damage|p2a: Gholdengo|4/100
|-unboost|p1a: Great Tusk|def|1
|-unboost|p1a: Great Tusk|spd|1
|move|p2a: Gholdengo|Make It Rain|p1a: Great Tusk
|-damage|p1a: Great Tusk|0 fnt
|-unboost|p2a: Gholdengo|spa|1
|faint|p1a: Great Tusk
|-end|p1a: Great Tusk|Protosynthesis|[silent]
|
|upkeep
|
|t:|1781475009
|switch|p1a: Tornadus|Tornadus-Therian, M|100/100
|-damage|p1a: Tornadus|76/100|[from] Stealth Rock
|turn|4
|
|t:|1781475013
|move|p1a: Tornadus|Knock Off|p2a: Gholdengo
|-supereffective|p2a: Gholdengo
|-damage|p2a: Gholdengo|0 fnt
|faint|p2a: Gholdengo
|
|upkeep
|
|t:|1781475016
|switch|p2a: Kleavor|Kleavor, M|84/100
|turn|5
|
|t:|1781475021
|switch|p1a: Hatterene|Hatterene, F|100/100
|-damage|p1a: Hatterene|88/100|[from] Stealth Rock
|move|p2a: Kleavor|Tailwind|p2a: Kleavor
|-sidestart|p2: PepeNike|move: Tailwind
|
|upkeep
|turn|6
|
|t:|1781475026
|move|p2a: Kleavor|Stone Axe|p1a: Hatterene
|-damage|p1a: Hatterene|40/100
|-damage|p2a: Kleavor|68/100|[from] item: Rocky Helmet|[of] p1a: Hatterene
|move|p1a: Hatterene|Nuzzle|p2a: Kleavor
|-damage|p2a: Kleavor|63/100
|-status|p2a: Kleavor|par
|
|upkeep
|turn|7
|inactive|PepeNike has 120 seconds left.
|
|t:|1781475066
|move|p2a: Kleavor|Stone Axe|p1a: Hatterene
|-damage|p1a: Hatterene|0 fnt
|-damage|p2a: Kleavor|47/100 par|[from] item: Rocky Helmet|[of] p1a: Hatterene
|faint|p1a: Hatterene
|
|upkeep
|
|t:|1781475075
|switch|p1a: Tornadus|Tornadus-Therian, M|100/100
|-damage|p1a: Tornadus|76/100|[from] Stealth Rock
|turn|8
|
|t:|1781475082
|move|p1a: Tornadus|Bleakwind Storm|p2a: Kleavor
|-damage|p2a: Kleavor|0 fnt
|faint|p2a: Kleavor
|
|-sideend|p2: PepeNike|move: Tailwind
|upkeep
|inactive|PepeNike has 90 seconds left.
|
|t:|1781475128
|switch|p2a: Ceruledge|Ceruledge, F|100/100
|turn|9
|
|t:|1781475133
|move|p1a: Tornadus|Bleakwind Storm|p2a: Ceruledge|[miss]
|-miss|p1a: Tornadus|p2a: Ceruledge
|move|p2a: Ceruledge|Swords Dance|p2a: Ceruledge
|-boost|p2a: Ceruledge|atk|2
|
|upkeep
|turn|10
|inactive|PepeNike has 90 seconds left.
|
|t:|1781475159
|move|p1a: Tornadus|Knock Off|p2a: Ceruledge
|-supereffective|p2a: Ceruledge
|-damage|p2a: Ceruledge|46/100
|-ability|p2a: Ceruledge|Weak Armor|boost
|-unboost|p2a: Ceruledge|def|1
|-boost|p2a: Ceruledge|spe|2
|-enditem|p2a: Ceruledge|Focus Sash|[from] move: Knock Off|[of] p1a: Tornadus
|move|p2a: Ceruledge|Bitter Blade|p1a: Tornadus
|-damage|p1a: Tornadus|0 fnt
|-heal|p2a: Ceruledge|90/100|[from] drain|[of] p1a: Tornadus
|faint|p1a: Tornadus
|
|upkeep
|
|t:|1781475163
|switch|p1a: Kingambit|Kingambit, F|100/100
|-damage|p1a: Kingambit|94/100|[from] Stealth Rock
|-activate|p1a: Kingambit|ability: Supreme Overlord
|-start|p1a: Kingambit|fallen3|[silent]
|turn|11
|
|t:|1781475170
|move|p2a: Ceruledge|Shadow Sneak|p1a: Kingambit
|-resisted|p1a: Kingambit
|-damage|p1a: Kingambit|78/100
|move|p1a: Kingambit|Sucker Punch||[still]
|-fail|p1a: Kingambit
|
|-heal|p1a: Kingambit|85/100|[from] item: Leftovers
|upkeep
|turn|12
|
|t:|1781475173
|move|p2a: Ceruledge|Shadow Sneak|p1a: Kingambit
|-resisted|p1a: Kingambit
|-damage|p1a: Kingambit|68/100
|move|p1a: Kingambit|Sucker Punch||[still]
|-fail|p1a: Kingambit
|
|-heal|p1a: Kingambit|74/100|[from] item: Leftovers
|upkeep
|turn|13
|
|t:|1781475175
|move|p2a: Ceruledge|Shadow Sneak|p1a: Kingambit
|-resisted|p1a: Kingambit
|-damage|p1a: Kingambit|56/100
|move|p1a: Kingambit|Sucker Punch||[still]
|-fail|p1a: Kingambit
|
|-heal|p1a: Kingambit|63/100|[from] item: Leftovers
|upkeep
|turn|14
|
|t:|1781475178
|move|p2a: Ceruledge|Shadow Sneak|p1a: Kingambit
|-resisted|p1a: Kingambit
|-damage|p1a: Kingambit|46/100
|move|p1a: Kingambit|Sucker Punch||[still]
|-fail|p1a: Kingambit
|
|-heal|p1a: Kingambit|52/100|[from] item: Leftovers
|upkeep
|turn|15
|
|t:|1781475182
|move|p2a: Ceruledge|Bitter Blade|p1a: Kingambit
|-supereffective|p1a: Kingambit
|-damage|p1a: Kingambit|0 fnt
|-heal|p2a: Ceruledge|100/100|[from] drain|[of] p1a: Kingambit
|faint|p1a: Kingambit
|-end|p1a: Kingambit|fallen3|[silent]
|
|upkeep
|c|☆bigballs01|beast
|j| Agathina
|c|☆bigballs01|gg
|-message|bigballs01 forfeited.
|
|win|PepeNike
|raw|bigballs01's rating: 1636 &rarr; <strong>1617</strong><br />(-19 for losing)
|raw|PepeNike's rating: 1655 &rarr; <strong>1674</strong><br />(+19 for winning)
|l|☆bigballs01
|player|p1|
|l|☆PepeNike
|player|p2|
