|j|☆barbordor
|j|☆KurisuChestnutOU
|t:|1781154947
|gametype|singles
|player|p1|barbordor|169|1483
|player|p2|KurisuChestnutOU|may-contest|1557
|gen|9
|tier|[Gen 9] OU
|rated|
|rule|HP Percentage Mod: HP is shown in percentages
|rule|Endless Battle Clause: Forcing endless battles is banned
|rule|Species Clause: Limit one of each Pokémon
|rule|OHKO Clause: OHKO moves are banned
|rule|Evasion Items Clause: Evasion items are banned
|rule|Evasion Moves Clause: Evasion moves are banned
|rule|Evasion Abilities Clause: Evasion abilities are banned
|rule|Sleep Moves Clause: Sleep-inducing moves are banned
|clearpoke
|poke|p1|Ceruledge, F|
|poke|p1|Breloom, F|
|poke|p1|Dragonite, F|
|poke|p1|Kingambit, M|
|poke|p1|Great Tusk|
|poke|p1|Weavile, F|
|poke|p2|Hawlucha, F|
|poke|p2|Samurott-Hisui, F|
|poke|p2|Rillaboom, F|
|poke|p2|Gholdengo|
|poke|p2|Kyurem|
|poke|p2|Landorus-Therian, M|
|teampreview
|inactive|Battle timer is ON: inactive players will automatically lose when time's up. (requested by barbordor)
|
|t:|1781154954
|teamsize|p1|6
|teamsize|p2|6
|start
|switch|p1a: Weavile|Weavile, F|100/100
|switch|p2a: Kyurem|Kyurem|100/100
|-ability|p1a: Weavile|Pressure
|-ability|p2a: Kyurem|Pressure
|turn|1
|inactive|KurisuChestnutOU also wants the timer to be on.
|
|t:|1781154960
|move|p1a: Weavile|Swords Dance|p1a: Weavile
|-boost|p1a: Weavile|atk|2
|move|p2a: Kyurem|Focus Blast|p1a: Weavile
|-supereffective|p1a: Weavile
|-enditem|p1a: Weavile|Focus Sash
|-damage|p1a: Weavile|1/100
|
|upkeep
|turn|2
|
|t:|1781154968
|switch|p2a: Samurott|Samurott-Hisui, F|100/100
|move|p1a: Weavile|Beat Up|p2a: Samurott
|-resisted|p2a: Samurott
|-damage|p2a: Samurott|92/100
|-resisted|p2a: Samurott
|-damage|p2a: Samurott|82/100
|-resisted|p2a: Samurott
|-damage|p2a: Samurott|73/100
|-resisted|p2a: Samurott
|-damage|p2a: Samurott|62/100
|-resisted|p2a: Samurott
|-damage|p2a: Samurott|53/100
|-resisted|p2a: Samurott
|-damage|p2a: Samurott|43/100
|-hitcount|p2a: Samurott|6
|
|upkeep
|turn|3
|
|t:|1781154976
|move|p1a: Weavile|Ice Shard|p2a: Samurott
|-resisted|p2a: Samurott
|-damage|p2a: Samurott|22/100
|move|p2a: Samurott|Sucker Punch||[still]
|-fail|p2a: Samurott
|
|upkeep
|turn|4
|
|t:|1781154980
|move|p1a: Weavile|Ice Shard|p2a: Samurott
|-resisted|p2a: Samurott
|-damage|p2a: Samurott|0 fnt
|faint|p2a: Samurott
|
|upkeep
|
|t:|1781154986
|switch|p2a: Landorus|Landorus-Therian, M|100/100
|-ability|p2a: Landorus|Intimidate|boost
|-unboost|p1a: Weavile|atk|1
|turn|5
|
|t:|1781154989
|switch|p2a: Gholdengo|Gholdengo|100/100
|move|p1a: Weavile|Beat Up|p2a: Gholdengo
|-supereffective|p2a: Gholdengo
|-damage|p2a: Gholdengo|74/100
|-supereffective|p2a: Gholdengo
|-damage|p2a: Gholdengo|41/100
|-supereffective|p2a: Gholdengo
|-damage|p2a: Gholdengo|10/100
|-supereffective|p2a: Gholdengo
|-damage|p2a: Gholdengo|0 fnt
|faint|p2a: Gholdengo
|-hitcount|p2: Gholdengo|4
|
|upkeep
|
|t:|1781154993
|switch|p2a: Landorus|Landorus-Therian, M|100/100
|-ability|p2a: Landorus|Intimidate|boost
|-unboost|p1a: Weavile|atk|1
|turn|6
|
|t:|1781154997
|-terastallize|p2a: Landorus|Ghost
|move|p1a: Weavile|Ice Shard|p2a: Landorus
|-damage|p2a: Landorus|81/100
|move|p2a: Landorus|Stealth Rock|p1a: Weavile
|-sidestart|p1: barbordor|move: Stealth Rock
|
|upkeep
|turn|7
|
|t:|1781155004
|move|p1a: Weavile|Beat Up|p2a: Landorus
|-supereffective|p2a: Landorus
|-damage|p2a: Landorus|63/100
|-supereffective|p2a: Landorus
|-damage|p2a: Landorus|45/100
|-supereffective|p2a: Landorus
|-damage|p2a: Landorus|26/100
|-supereffective|p2a: Landorus
|-damage|p2a: Landorus|8/100
|-supereffective|p2a: Landorus
|-damage|p2a: Landorus|0 fnt
|faint|p2a: Landorus
|-hitcount|p2: Landorus|5
|
|upkeep
|
|t:|1781155007
|switch|p2a: Kyurem|Kyurem|100/100
|-ability|p2a: Kyurem|Pressure
|turn|8
|
|t:|1781155011
|switch|p2a: Rillaboom|Rillaboom, F|100/100
|-fieldstart|move: Grassy Terrain|[from] ability: Grassy Surge|[of] p2a: Rillaboom
|move|p1a: Weavile|Beat Up|p2a: Rillaboom
|-damage|p2a: Rillaboom|92/100
|-damage|p2a: Rillaboom|83/100
|-damage|p2a: Rillaboom|74/100
|-damage|p2a: Rillaboom|65/100
|-damage|p2a: Rillaboom|56/100
|-damage|p2a: Rillaboom|48/100
|-hitcount|p2a: Rillaboom|6
|
|-heal|p1a: Weavile|7/100|[from] Grassy Terrain
|-heal|p2a: Rillaboom|54/100|[from] Grassy Terrain
|upkeep
|turn|9
|
|t:|1781155021
|switch|p2a: Kyurem|Kyurem|100/100
|-ability|p2a: Kyurem|Pressure
|move|p1a: Weavile|Ice Shard|p2a: Kyurem
|-damage|p2a: Kyurem|81/100
|
|-heal|p1a: Weavile|13/100|[from] Grassy Terrain
|-heal|p2a: Kyurem|87/100|[from] Grassy Terrain
|upkeep
|turn|10
|
|t:|1781155025
|move|p1a: Weavile|Beat Up|p2a: Kyurem
|-damage|p2a: Kyurem|78/100
|-damage|p2a: Kyurem|69/100
|-damage|p2a: Kyurem|59/100
|-damage|p2a: Kyurem|51/100
|-damage|p2a: Kyurem|42/100
|-damage|p2a: Kyurem|34/100
|-hitcount|p2a: Kyurem|6
|move|p2a: Kyurem|Ice Beam|p1a: Weavile
|-resisted|p1a: Weavile
|-damage|p1a: Weavile|0 fnt
|faint|p1a: Weavile
|
|-heal|p2a: Kyurem|40/100|[from] Grassy Terrain
|upkeep
|
|t:|1781155028
|switch|p1a: Kingambit|Kingambit, M|100/100
|-damage|p1a: Kingambit|94/100|[from] Stealth Rock
|-activate|p1a: Kingambit|ability: Supreme Overlord
|-start|p1a: Kingambit|fallen1|[silent]
|-item|p1a: Kingambit|Air Balloon
|turn|11
|
|t:|1781155032
|move|p2a: Kyurem|Focus Blast|p1a: Kingambit
|-supereffective|p1a: Kingambit
|-damage|p1a: Kingambit|0 fnt
|-enditem|p1a: Kingambit|Air Balloon
|faint|p1a: Kingambit
|-end|p1a: Kingambit|fallen1|[silent]
|
|-heal|p2a: Kyurem|46/100|[from] Grassy Terrain
|upkeep
|
|t:|1781155040
|switch|p1a: Breloom|Breloom, F|100/100
|-damage|p1a: Breloom|94/100|[from] Stealth Rock
|turn|12
|
|t:|1781155044
|switch|p2a: Hawlucha|Hawlucha, F|100/100
|-enditem|p2a: Hawlucha|Grassy Seed
|-boost|p2a: Hawlucha|def|1|[from] item: Grassy Seed
|-terastallize|p1a: Breloom|Fighting
|move|p1a: Breloom|Mach Punch|p2a: Hawlucha
|-resisted|p2a: Hawlucha
|-damage|p2a: Hawlucha|81/100
|
|-heal|p1a: Breloom|100/100|[from] Grassy Terrain
|-fieldend|move: Grassy Terrain
|upkeep
|turn|13
|
|t:|1781155048
|move|p2a: Hawlucha|Swords Dance|p2a: Hawlucha
|-boost|p2a: Hawlucha|atk|2
|move|p1a: Breloom|Rock Tomb|p2a: Hawlucha
|-damage|p2a: Hawlucha|53/100
|-unboost|p2a: Hawlucha|spe|1
|
|upkeep
|turn|14
|
|t:|1781155052
|move|p2a: Hawlucha|Acrobatics|p1a: Breloom
|-supereffective|p1a: Breloom
|-enditem|p1a: Breloom|Focus Sash
|-damage|p1a: Breloom|1/100
|move|p1a: Breloom|Rock Tomb|p2a: Hawlucha
|-damage|p2a: Hawlucha|26/100
|-unboost|p2a: Hawlucha|spe|1
|
|upkeep
|turn|15
|
|t:|1781155056
|move|p1a: Breloom|Mach Punch|p2a: Hawlucha
|-resisted|p2a: Hawlucha
|-crit|p2a: Hawlucha
|-damage|p2a: Hawlucha|0 fnt
|faint|p2a: Hawlucha
|
|upkeep
|
|t:|1781155064
|switch|p2a: Rillaboom|Rillaboom, F|54/100
|-fieldstart|move: Grassy Terrain|[from] ability: Grassy Surge|[of] p2a: Rillaboom
|turn|16
|
|t:|1781155069
|move|p1a: Breloom|Mach Punch|p2a: Rillaboom
|-damage|p2a: Rillaboom|11/100
|move|p2a: Rillaboom|Wood Hammer|p1a: Breloom
|-damage|p1a: Breloom|0 fnt
|faint|p1a: Breloom
|-damage|p2a: Rillaboom|10/100|[from] Recoil
|
|-heal|p2a: Rillaboom|16/100|[from] Grassy Terrain
|upkeep
|
|t:|1781155074
|switch|p1a: Ceruledge|Ceruledge, F|100/100
|-damage|p1a: Ceruledge|76/100|[from] Stealth Rock
|turn|17
|
|t:|1781155077
|switch|p2a: Kyurem|Kyurem|46/100
|-ability|p2a: Kyurem|Pressure
|move|p1a: Ceruledge|Shadow Sneak|p2a: Kyurem
|-damage|p2a: Kyurem|28/100
|
|-heal|p2a: Kyurem|34/100|[from] Grassy Terrain
|-heal|p1a: Ceruledge|82/100|[from] Grassy Terrain
|upkeep
|turn|18
|
|t:|1781155084
|move|p1a: Ceruledge|Shadow Sneak|p2a: Kyurem
|-damage|p2a: Kyurem|14/100
|move|p2a: Kyurem|Ice Beam|p1a: Ceruledge
|-resisted|p1a: Ceruledge
|-damage|p1a: Ceruledge|54/100
|
|-heal|p2a: Kyurem|20/100|[from] Grassy Terrain
|-heal|p1a: Ceruledge|61/100|[from] Grassy Terrain
|upkeep
|turn|19
|
|t:|1781155088
|move|p2a: Kyurem|Freeze-Dry|p1a: Ceruledge
|-resisted|p1a: Ceruledge
|-damage|p1a: Ceruledge|37/100
|move|p1a: Ceruledge|Bitter Blade|p2a: Kyurem
|-damage|p2a: Kyurem|0 fnt
|-heal|p1a: Ceruledge|50/100|[from] drain|[of] p2a: Kyurem
|faint|p2a: Kyurem
|
|-heal|p1a: Ceruledge|57/100|[from] Grassy Terrain
|upkeep
|
|t:|1781155096
|switch|p2a: Rillaboom|Rillaboom, F|16/100
|turn|20
|
|t:|1781155100
|move|p1a: Ceruledge|Shadow Sneak|p2a: Rillaboom
|-damage|p2a: Rillaboom|0 fnt
|faint|p2a: Rillaboom
|
|win|barbordor
|raw|barbordor's rating: 1483 &rarr; <strong>1508</strong><br />(+25 for winning)
|raw|KurisuChestnutOU's rating: 1572 &rarr; <strong>1547</strong><br />(-25 for losing)
|l|☆barbordor
|player|p1|
|l|☆KurisuChestnutOU
|player|p2|
