|j|☆icylikedecember
|j|☆tuanquewang
|t:|1780910806
|gametype|singles
|player|p1|icylikedecember|skierf|1722
|player|p2|tuanquewang|backersf|1727
|gen|9
|tier|[Gen 9] OU
|rated|
|rule|HP Percentage Mod: HP is shown in percentages
|rule|Endless Battle Clause: Forcing endless battles is banned
|rule|Species Clause: Limit one of each Pokémon
|rule|OHKO Clause: OHKO moves are banned
|rule|Evasion Items Clause: Evasion items are banned
|rule|Evasion Moves Clause: Evasion moves are banned
|rule|Evasion Abilities Clause: Evasion abilities are banned
|rule|Sleep Moves Clause: Sleep-inducing moves are banned
|clearpoke
|poke|p1|Corviknight, M|
|poke|p1|Slowking-Galar, M|
|poke|p1|Darkrai|
|poke|p1|Kyurem|
|poke|p1|Zamazenta-*|
|poke|p1|Samurott-Hisui, F|
|poke|p2|Slowking-Galar, M|
|poke|p2|Hydrapple, F|
|poke|p2|Cinderace, M|
|poke|p2|Alomomola, F|
|poke|p2|Mamoswine, M|
|poke|p2|Latios, M|
|teampreview
|inactive|Battle timer is ON: inactive players will automatically lose when time's up. (requested by tuanquewang)
|
|t:|1780910822
|teamsize|p1|6
|teamsize|p2|6
|start
|switch|p1a: Samurott|Samurott-Hisui, F|100/100
|switch|p2a: Latios|Latios, M|100/100
|turn|1
|
|t:|1780910832
|move|p2a: Latios|Aura Sphere|p1a: Samurott
|-supereffective|p1a: Samurott
|-damage|p1a: Samurott|16/100
|move|p1a: Samurott|Ceaseless Edge|p2a: Latios|[miss]
|-miss|p1a: Samurott|p2a: Latios
|
|upkeep
|turn|2
|
|t:|1780910841
|switch|p1a: Slowking|Slowking-Galar, M, shiny|100/100
|move|p2a: Latios|Aura Sphere|p1a: Slowking
|-resisted|p1a: Slowking
|-damage|p1a: Slowking|97/100
|
|upkeep
|turn|3
|
|t:|1780910852
|switch|p2a: Alomomola|Alomomola, F|100/100
|move|p1a: Slowking|Psyshock|p2a: Alomomola
|-damage|p2a: Alomomola|80/100
|
|-heal|p2a: Alomomola|86/100|[from] item: Leftovers
|upkeep
|turn|4
|j| frinzo
|
|t:|1780910857
|move|p2a: Alomomola|Flip Turn|p1a: Slowking
|-damage|p1a: Slowking|81/100
|
|t:|1780910859
|switch|p2a: Slowking|Slowking-Galar, M|100/100|[from] Flip Turn
|move|p1a: Slowking|Sludge Bomb|p2a: Slowking
|-resisted|p2a: Slowking
|-damage|p2a: Slowking|87/100
|
|-heal|p2a: Slowking|93/100|[from] item: Black Sludge
|upkeep
|turn|5
|
|t:|1780910869
|move|p1a: Slowking|Psyshock|p2a: Slowking
|-damage|p2a: Slowking|56/100
|-prepare|p2a: Slowking|Chilly Reception|[premajor]
|move|p2a: Slowking|Chilly Reception|p2a: Slowking
|-weather|Snowscape
|
|t:|1780910873
|switch|p2a: Mamoswine|Mamoswine, M|100/100|[from] Chilly Reception
|
|-weather|Snowscape|[upkeep]
|upkeep
|turn|6
|
|t:|1780910890
|switch|p1a: Corviknight|Corviknight, M, shiny|100/100
|-ability|p1a: Corviknight|Pressure
|move|p2a: Mamoswine|Icicle Crash|p1a: Corviknight
|-damage|p1a: Corviknight|54/100
|
|-weather|Snowscape|[upkeep]
|upkeep
|turn|7
|
|t:|1780910894
|move|p2a: Mamoswine|Icicle Crash|p1a: Corviknight
|-damage|p1a: Corviknight|12/100
|move|p1a: Corviknight|Roost|p1a: Corviknight
|-heal|p1a: Corviknight|62/100
|-singleturn|p1a: Corviknight|move: Roost
|
|-weather|Snowscape|[upkeep]
|upkeep
|turn|8
|
|t:|1780910899
|move|p2a: Mamoswine|Icicle Crash|p1a: Corviknight
|-damage|p1a: Corviknight|21/100
|move|p1a: Corviknight|Roost|p1a: Corviknight
|-heal|p1a: Corviknight|71/100
|-singleturn|p1a: Corviknight|move: Roost
|
|-weather|Snowscape|[upkeep]
|upkeep
|turn|9
|
|t:|1780910904
|move|p2a: Mamoswine|Icicle Crash|p1a: Corviknight
|-damage|p1a: Corviknight|25/100
|move|p1a: Corviknight|Roost|p1a: Corviknight
|-heal|p1a: Corviknight|75/100
|-singleturn|p1a: Corviknight|move: Roost
|
|-weather|none
|upkeep
|turn|10
|
|t:|1780910910
|move|p2a: Mamoswine|Icicle Crash|p1a: Corviknight
|-damage|p1a: Corviknight|29/100
|move|p1a: Corviknight|U-turn|p2a: Mamoswine
|-damage|p2a: Mamoswine|87/100
|
|t:|1780910918
|switch|p1a: Kyurem|Kyurem|100/100|[from] U-turn
|-ability|p1a: Kyurem|Pressure
|
|upkeep
|turn|11
|
|t:|1780910920
|switch|p2a: Slowking|Slowking-Galar, M|89/100
|move|p1a: Kyurem|Ice Beam|p2a: Slowking
|-damage|p2a: Slowking|51/100
|-status|p2a: Slowking|frz
|
|-heal|p2a: Slowking|57/100 frz|[from] item: Black Sludge
|upkeep
|turn|12
|
|t:|1780910926
|switch|p2a: Alomomola|Alomomola, F|100/100
|move|p1a: Kyurem|Ice Beam|p2a: Alomomola
|-resisted|p2a: Alomomola
|-damage|p2a: Alomomola|59/100
|
|-heal|p2a: Alomomola|65/100|[from] item: Leftovers
|upkeep
|turn|13
|
|t:|1780910935
|switch|p1a: Slowking|Slowking-Galar, M, shiny|100/100
|move|p2a: Alomomola|Flip Turn|p1a: Slowking
|-crit|p1a: Slowking
|-damage|p1a: Slowking|74/100
|
|t:|1780910938
|switch|p2a: Mamoswine|Mamoswine, M|87/100|[from] Flip Turn
|
|upkeep
|turn|14
|
|t:|1780910944
|switch|p1a: Corviknight|Corviknight, M, shiny|29/100
|-ability|p1a: Corviknight|Pressure
|move|p2a: Mamoswine|Stone Edge|p1a: Corviknight
|-damage|p1a: Corviknight|0 fnt
|faint|p1a: Corviknight
|
|upkeep
|
|t:|1780910968
|switch|p1a: Samurott|Samurott-Hisui, F|16/100
|turn|15
|
|t:|1780910970
|switch|p2a: Alomomola|Alomomola, F|98/100
|move|p1a: Samurott|Ceaseless Edge|p2a: Alomomola
|-damage|p2a: Alomomola|74/100
|-sidestart|p2: tuanquewang|Spikes
|
|-heal|p2a: Alomomola|80/100|[from] item: Leftovers
|upkeep
|turn|16
|
|t:|1780910977
|move|p2a: Alomomola|Protect|p2a: Alomomola
|-singleturn|p2a: Alomomola|Protect
|move|p1a: Samurott|Ceaseless Edge|p2a: Alomomola
|-activate|p2a: Alomomola|move: Protect
|
|-heal|p2a: Alomomola|86/100|[from] item: Leftovers
|upkeep
|turn|17
|
|t:|1780910979
|move|p1a: Samurott|Ceaseless Edge|p2a: Alomomola
|-damage|p2a: Alomomola|60/100
|-sidestart|p2: tuanquewang|Spikes
|move|p2a: Alomomola|Flip Turn|p1a: Samurott
|-resisted|p1a: Samurott
|-damage|p1a: Samurott|5/100
|
|t:|1780910987
|switch|p2a: Cinderace|Cinderace, M|100/100|[from] Flip Turn
|
|upkeep
|turn|18
|
|t:|1780910991
|move|p1a: Samurott|Ceaseless Edge|p2a: Cinderace
|-damage|p2a: Cinderace|33/100
|-sidestart|p2: tuanquewang|Spikes
|move|p2a: Cinderace|U-turn|p1a: Samurott
|-start|p2a: Cinderace|typechange|Bug|[from] ability: Libero
|-supereffective|p1a: Samurott
|-damage|p1a: Samurott|0 fnt
|faint|p1a: Samurott
|
|t:|1780911005
|switch|p2a: Latios|Latios, M|100/100|[from] U-turn
|
|upkeep
|
|t:|1780911009
|switch|p1a: Slowking|Slowking-Galar, M, shiny|100/100
|turn|19
|
|t:|1780911017
|switch|p2a: Cinderace|Cinderace, M|33/100
|move|p1a: Slowking|Psyshock|p2a: Cinderace
|-crit|p2a: Cinderace
|-damage|p2a: Cinderace|0 fnt
|faint|p2a: Cinderace
|
|upkeep
|
|t:|1780911024
|switch|p2a: Slowking|Slowking-Galar, M|90/100 frz
|-damage|p2a: Slowking|65/100 frz|[from] Spikes
|turn|20
|
|t:|1780911032
|switch|p2a: Alomomola|Alomomola, F|94/100
|-damage|p2a: Alomomola|69/100|[from] Spikes
|move|p1a: Slowking|Psyshock|p2a: Alomomola
|-damage|p2a: Alomomola|48/100
|
|-heal|p2a: Alomomola|54/100|[from] item: Leftovers
|upkeep
|turn|21
|
|t:|1780911040
|move|p1a: Slowking|Psyshock|p2a: Alomomola
|-damage|p2a: Alomomola|34/100
|move|p2a: Alomomola|Mirror Coat|p1a: Slowking
|-damage|p1a: Slowking|44/100
|
|-heal|p2a: Alomomola|40/100|[from] item: Leftovers
|upkeep
|turn|22
|
|t:|1780911049
|switch|p1a: Kyurem|Kyurem|100/100
|-ability|p1a: Kyurem|Pressure
|move|p2a: Alomomola|Flip Turn|p1a: Kyurem
|-resisted|p1a: Kyurem
|-damage|p1a: Kyurem|93/100
|
|t:|1780911055
|switch|p2a: Latios|Latios, M|100/100|[from] Flip Turn
|
|upkeep
|turn|23
|
|t:|1780911067
|switch|p1a: Slowking|Slowking-Galar, M, shiny|77/100
|move|p2a: Latios|Draco Meteor|p1a: Slowking
|-damage|p1a: Slowking|41/100
|-unboost|p2a: Latios|spa|2
|
|upkeep
|turn|24
|
|t:|1780911074
|switch|p2a: Slowking|Slowking-Galar, M|99/100 frz
|-damage|p2a: Slowking|74/100 frz|[from] Spikes
|move|p1a: Slowking|Sludge Bomb|p2a: Slowking
|-resisted|p2a: Slowking
|-damage|p2a: Slowking|62/100 frz
|
|-heal|p2a: Slowking|68/100 frz|[from] item: Black Sludge
|upkeep
|turn|25
|
|t:|1780911078
|move|p1a: Slowking|Psyshock|p2a: Slowking
|-damage|p2a: Slowking|29/100 frz
|-prepare|p2a: Slowking|Chilly Reception|[premajor]
|cant|p2a: Slowking|frz
|
|-heal|p2a: Slowking|35/100 frz|[from] item: Black Sludge
|upkeep
|turn|26
|
|t:|1780911083
|move|p1a: Slowking|Sludge Bomb|p2a: Slowking
|-resisted|p2a: Slowking
|-damage|p2a: Slowking|23/100 frz
|-prepare|p2a: Slowking|Chilly Reception|[premajor]
|cant|p2a: Slowking|frz
|
|-heal|p2a: Slowking|29/100 frz|[from] item: Black Sludge
|upkeep
|turn|27
|
|t:|1780911086
|switch|p2a: Alomomola|Alomomola, F|73/100
|-damage|p2a: Alomomola|48/100|[from] Spikes
|move|p1a: Slowking|Sludge Bomb|p2a: Alomomola
|-damage|p2a: Alomomola|0 fnt
|faint|p2a: Alomomola
|
|upkeep
|
|t:|1780911088
|switch|p2a: Slowking|Slowking-Galar, M|62/100 frz
|-damage|p2a: Slowking|37/100 frz|[from] Spikes
|turn|28
|
|t:|1780911095
|move|p1a: Slowking|Psyshock|p2a: Slowking
|-damage|p2a: Slowking|0 fnt
|faint|p2a: Slowking
|
|upkeep
|
|t:|1780911097
|switch|p2a: Latios|Latios, M|100/100
|turn|29
|
|t:|1780911112
|move|p2a: Latios|Draco Meteor|p1a: Slowking
|-damage|p1a: Slowking|4/100
|-unboost|p2a: Latios|spa|2
|move|p1a: Slowking|Ice Beam|p2a: Latios
|-supereffective|p2a: Latios
|-damage|p2a: Latios|41/100
|
|upkeep
|turn|30
|
|t:|1780911120
|switch|p1a: Darkrai|Darkrai|100/100
|move|p2a: Latios|Draco Meteor|p1a: Darkrai
|-damage|p1a: Darkrai|52/100
|-unboost|p2a: Latios|spa|2
|
|upkeep
|turn|31
|
|t:|1780911129
|switch|p2a: Mamoswine|Mamoswine, M|87/100
|-damage|p2a: Mamoswine|63/100|[from] Spikes
|move|p1a: Darkrai|Ice Beam|p2a: Mamoswine
|-damage|p2a: Mamoswine|41/100
|
|upkeep
|turn|32
|
|t:|1780911136
|move|p2a: Mamoswine|Ice Shard|p1a: Darkrai
|-damage|p1a: Darkrai|3/100
|move|p1a: Darkrai|Dark Pulse|p2a: Mamoswine
|-damage|p2a: Mamoswine|0 fnt
|faint|p2a: Mamoswine
|
|upkeep
|
|t:|1780911141
|switch|p2a: Latios|Latios, M|41/100
|turn|33
|
|t:|1780911148
|move|p2a: Latios|Draco Meteor|p1a: Darkrai
|-damage|p1a: Darkrai|0 fnt
|-unboost|p2a: Latios|spa|2
|faint|p1a: Darkrai
|
|upkeep
|
|t:|1780911151
|switch|p1a: Slowking|Slowking-Galar, M, shiny|37/100
|turn|34
|
|t:|1780911160
|move|p2a: Latios|Draco Meteor|p1a: Slowking
|-damage|p1a: Slowking|18/100
|-unboost|p2a: Latios|spa|2
|move|p1a: Slowking|Ice Beam|p2a: Latios
|-supereffective|p2a: Latios
|-damage|p2a: Latios|0 fnt
|faint|p2a: Latios
|
|upkeep
|-message|tuanquewang forfeited.
|
|win|icylikedecember
|raw|icylikedecember's rating: 1722 &rarr; <strong>1742</strong><br />(+20 for winning)
|raw|tuanquewang's rating: 1727 &rarr; <strong>1707</strong><br />(-20 for losing)
|l|☆tuanquewang
|player|p2|
|l|☆icylikedecember
|player|p1|
