|j|☆drop a baby
|j|☆healorant
|t:|1781103449
|gametype|singles
|player|p1|drop a baby|chase|1719
|player|p2|healorant|alder|1825
|gen|9
|tier|[Gen 9] OU
|rated|
|rule|HP Percentage Mod: HP is shown in percentages
|rule|Endless Battle Clause: Forcing endless battles is banned
|rule|Species Clause: Limit one of each Pokémon
|rule|OHKO Clause: OHKO moves are banned
|rule|Evasion Items Clause: Evasion items are banned
|rule|Evasion Moves Clause: Evasion moves are banned
|rule|Evasion Abilities Clause: Evasion abilities are banned
|rule|Sleep Moves Clause: Sleep-inducing moves are banned
|clearpoke
|poke|p1|Darkrai|
|poke|p1|Deoxys-Speed|
|poke|p1|Raging Bolt|
|poke|p1|Kingambit, M|
|poke|p1|Iron Valiant|
|poke|p1|Great Tusk|
|poke|p2|Rillaboom, M|
|poke|p2|Kyurem|
|poke|p2|Great Tusk|
|poke|p2|Kingambit, M|
|poke|p2|Dragapult, M|
|poke|p2|Iron Crown|
|teampreview
|c|☆drop a baby|Hf big bro
|inactive|Battle timer is ON: inactive players will automatically lose when time's up. (requested by healorant)
|c|☆healorant|hf
|
|t:|1781103471
|teamsize|p1|6
|teamsize|p2|6
|start
|switch|p1a: Speedy Gonzales|Deoxys-Speed, shiny|100/100
|switch|p2a: Iron Crown|Iron Crown|100/100
|-ability|p1a: Speedy Gonzales|Pressure
|turn|1
|j| ty-tyui↻
|
|t:|1781103486
|move|p1a: Speedy Gonzales|Stealth Rock|p2a: Iron Crown
|-sidestart|p2: healorant|move: Stealth Rock
|move|p2a: Iron Crown|Tachyon Cutter|p1a: Speedy Gonzales
|-damage|p1a: Speedy Gonzales|61/100
|-damage|p1a: Speedy Gonzales|19/100
|-hitcount|p1a: Speedy Gonzales|2
|
|upkeep
|turn|2
|
|t:|1781103490
|move|p1a: Speedy Gonzales|Superpower|p2a: Iron Crown
|-damage|p2a: Iron Crown|65/100
|-unboost|p1a: Speedy Gonzales|atk|1
|-unboost|p1a: Speedy Gonzales|def|1
|-damage|p1a: Speedy Gonzales|9/100|[from] item: Life Orb
|move|p2a: Iron Crown|Tachyon Cutter|p1a: Speedy Gonzales
|-damage|p1a: Speedy Gonzales|0 fnt
|faint|p1a: Speedy Gonzales
|-hitcount|p1: Speedy Gonzales|1
|
|upkeep
|
|t:|1781103496
|switch|p1a: IMU|Darkrai|100/100
|turn|3
|j| newhere1310
|
|t:|1781103501
|move|p1a: IMU|Dark Pulse|p2a: Iron Crown
|-supereffective|p2a: Iron Crown
|-damage|p2a: Iron Crown|13/100
|cant|p2a: Iron Crown|flinch
|
|upkeep
|turn|4
|
|t:|1781103510
|move|p1a: IMU|Dark Pulse|p2a: Iron Crown
|-supereffective|p2a: Iron Crown
|-damage|p2a: Iron Crown|0 fnt
|faint|p2a: Iron Crown
|-end|p2a: Iron Crown|Quark Drive|[silent]
|
|upkeep
|
|t:|1781103518
|switch|p2a: Kyurem|Kyurem|100/100
|-ability|p2a: Kyurem|Pressure
|turn|5
|
|t:|1781103521
|move|p1a: IMU|Dark Pulse|p2a: Kyurem
|-damage|p2a: Kyurem|59/100
|move|p2a: Kyurem|Freeze-Dry|p1a: IMU
|-damage|p1a: IMU|50/100
|
|upkeep
|turn|6
|
|t:|1781103525
|move|p1a: IMU|Dark Pulse|p2a: Kyurem
|-damage|p2a: Kyurem|19/100
|move|p2a: Kyurem|Freeze-Dry|p1a: IMU
|-damage|p1a: IMU|6/100
|-status|p1a: IMU|frz
|
|upkeep
|turn|7
|
|t:|1781103532
|cant|p1a: IMU|frz
|move|p2a: Kyurem|Freeze-Dry|p1a: IMU
|-damage|p1a: IMU|0 fnt
|faint|p1a: IMU
|
|upkeep
|
|t:|1781103549
|switch|p1a: Hito no mi Model⚡️|Raging Bolt|100/100
|-enditem|p1a: Hito no mi Model⚡️|Booster Energy
|-activate|p1a: Hito no mi Model⚡️|ability: Protosynthesis|[fromitem]
|-start|p1a: Hito no mi Model⚡️|protosynthesisspa
|turn|8
|
|t:|1781103551
|move|p2a: Kyurem|Freeze-Dry|p1a: Hito no mi Model⚡️
|-supereffective|p1a: Hito no mi Model⚡️
|-damage|p1a: Hito no mi Model⚡️|36/100
|move|p1a: Hito no mi Model⚡️|Dragon Pulse|p2a: Kyurem
|-supereffective|p2a: Kyurem
|-damage|p2a: Kyurem|0 fnt
|faint|p2a: Kyurem
|
|upkeep
|j| Disscratch
|
|t:|1781103567
|switch|p2a: Great Tusk|Great Tusk|100/100
|turn|9
|
|t:|1781103569
|move|p2a: Great Tusk|Ice Spinner|p1a: Hito no mi Model⚡️
|-supereffective|p1a: Hito no mi Model⚡️
|-damage|p1a: Hito no mi Model⚡️|0 fnt
|faint|p1a: Hito no mi Model⚡️
|-end|p1a: Hito no mi Model⚡️|Protosynthesis|[silent]
|
|upkeep
|
|t:|1781103574
|switch|p1a: BROTD|Great Tusk, shiny|100/100
|-enditem|p1a: BROTD|Booster Energy
|-activate|p1a: BROTD|ability: Protosynthesis|[fromitem]
|-start|p1a: BROTD|protosynthesisspe
|turn|10
|
|t:|1781103579
|move|p1a: BROTD|Bulk Up|p1a: BROTD
|-boost|p1a: BROTD|atk|1
|-boost|p1a: BROTD|def|1
|move|p2a: Great Tusk|Rapid Spin|p1a: BROTD
|-damage|p1a: BROTD|94/100
|-boost|p2a: Great Tusk|spe|1
|-sideend|p2: healorant|Stealth Rock|[from] move: Rapid Spin|[of] p2a: Great Tusk
|
|upkeep
|turn|11
|
|t:|1781103584
|move|p1a: BROTD|Bulk Up|p1a: BROTD
|-boost|p1a: BROTD|atk|1
|-boost|p1a: BROTD|def|1
|move|p2a: Great Tusk|Ice Spinner|p1a: BROTD
|-supereffective|p1a: BROTD
|-damage|p1a: BROTD|80/100
|
|upkeep
|turn|12
|
|t:|1781103589
|move|p2a: Great Tusk|Ice Spinner|p1a: BROTD
|-supereffective|p1a: BROTD
|-damage|p1a: BROTD|63/100
|move|p1a: BROTD|Bulk Up|p1a: BROTD
|-boost|p1a: BROTD|atk|1
|-boost|p1a: BROTD|def|1
|
|upkeep
|turn|13
|
|t:|1781103592
|move|p2a: Great Tusk|Ice Spinner|p1a: BROTD
|-supereffective|p1a: BROTD
|-damage|p1a: BROTD|49/100
|move|p1a: BROTD|Bulk Up|p1a: BROTD
|-boost|p1a: BROTD|atk|1
|-boost|p1a: BROTD|def|1
|
|upkeep
|turn|14
|
|t:|1781103595
|move|p1a: BROTD|Bulk Up|p1a: BROTD
|-boost|p1a: BROTD|atk|1
|-boost|p1a: BROTD|def|1
|move|p2a: Great Tusk|Ice Spinner|p1a: BROTD
|-supereffective|p1a: BROTD
|-damage|p1a: BROTD|40/100
|
|upkeep
|turn|15
|
|t:|1781103597
|move|p1a: BROTD|Bulk Up|p1a: BROTD
|-boost|p1a: BROTD|atk|1
|-boost|p1a: BROTD|def|1
|move|p2a: Great Tusk|Ice Spinner|p1a: BROTD
|-supereffective|p1a: BROTD
|-damage|p1a: BROTD|32/100
|
|upkeep
|turn|16
|
|t:|1781103599
|move|p1a: BROTD|Headlong Rush|p2a: Great Tusk
|-damage|p2a: Great Tusk|0 fnt
|-unboost|p1a: BROTD|def|1
|-unboost|p1a: BROTD|spd|1
|faint|p2a: Great Tusk
|-end|p2a: Great Tusk|Protosynthesis|[silent]
|
|upkeep
|
|t:|1781103602
|switch|p2a: Rillaboom|Rillaboom, M|100/100
|-fieldstart|move: Grassy Terrain|[from] ability: Grassy Surge|[of] p2a: Rillaboom
|turn|17
|j| choispecs ironmoth
|
|t:|1781103608
|switch|p2a: Dragapult|Dragapult, M|100/100
|-terastallize|p1a: BROTD|Poison
|move|p1a: BROTD|Headlong Rush|p2a: Dragapult
|-damage|p2a: Dragapult|0 fnt
|-unboost|p1a: BROTD|def|1
|-unboost|p1a: BROTD|spd|1
|faint|p2a: Dragapult
|
|-heal|p1a: BROTD|38/100|[from] Grassy Terrain
|upkeep
|
|t:|1781103614
|switch|p2a: Rillaboom|Rillaboom, M|100/100
|turn|18
|
|t:|1781103617
|-terastallize|p2a: Rillaboom|Fire
|move|p1a: BROTD|Headlong Rush|p2a: Rillaboom
|-supereffective|p2a: Rillaboom
|-damage|p2a: Rillaboom|0 fnt
|-unboost|p1a: BROTD|def|1
|-unboost|p1a: BROTD|spd|1
|faint|p2a: Rillaboom
|
|-heal|p1a: BROTD|45/100|[from] Grassy Terrain
|upkeep
|-message|healorant forfeited.
|
|win|drop a baby
|raw|drop a baby's rating: 1719 &rarr; <strong>1745</strong><br />(+26 for winning)
|raw|healorant's rating: 1825 &rarr; <strong>1799</strong><br />(-26 for losing)
|l|☆healorant
|player|p2|
|l|☆drop a baby
|player|p1|
|l| newhere1310
|l| ty-tyui↻
|l| Disscratch
|l| choispecs ironmoth
