|j|☆tb poke
|j|☆Dr Gaster PHD
|t:|1781262620
|gametype|singles
|player|p1|tb poke|102|1695
|player|p2|Dr Gaster PHD|ghetsis|1658
|gen|9
|tier|[Gen 9] OU
|rated|
|rule|HP Percentage Mod: HP is shown in percentages
|rule|Endless Battle Clause: Forcing endless battles is banned
|rule|Species Clause: Limit one of each Pokémon
|rule|OHKO Clause: OHKO moves are banned
|rule|Evasion Items Clause: Evasion items are banned
|rule|Evasion Moves Clause: Evasion moves are banned
|rule|Evasion Abilities Clause: Evasion abilities are banned
|rule|Sleep Moves Clause: Sleep-inducing moves are banned
|clearpoke
|poke|p1|Zamazenta-*|
|poke|p1|Iron Treads|
|poke|p1|Pecharunt|
|poke|p1|Tornadus-Therian, M|
|poke|p1|Clefable, F|
|poke|p1|Alomomola, F|
|poke|p2|Hoopa-Unbound|
|poke|p2|Pecharunt|
|poke|p2|Landorus-Therian, M|
|poke|p2|Cinderace, F|
|poke|p2|Alomomola, M|
|poke|p2|Iron Valiant|
|teampreview
|j| Puyu paz
|
|t:|1781262645
|teamsize|p1|6
|teamsize|p2|6
|start
|switch|p1a: Iron Treads|Iron Treads|100/100
|switch|p2a: Fih|Alomomola, M, shiny|100/100
|-item|p1a: Iron Treads|Air Balloon
|turn|1
|
|t:|1781262653
|-end|p1a: Iron Treads|Quark Drive|[silent]
|switch|p1a: Clefable|Clefable, F|100/100
|move|p2a: Fih|Flip Turn|p1a: Clefable
|-damage|p1a: Clefable|88/100
|-damage|p2a: Fih|84/100|[from] item: Rocky Helmet|[of] p1a: Clefable
|inactive|Battle timer is ON: inactive players will automatically lose when time's up. (requested by tb poke)
|
|t:|1781262657
|switch|p2a: Britney Spears|Pecharunt|100/100|[from] Flip Turn
|
|upkeep
|turn|2
|
|t:|1781262663
|switch|p1a: Iron Treads|Iron Treads|100/100
|-item|p1a: Iron Treads|Air Balloon
|move|p2a: Britney Spears|Parting Shot|p1a: Iron Treads
|-unboost|p1a: Iron Treads|atk|1
|-unboost|p1a: Iron Treads|spa|1
|
|t:|1781262669
|switch|p2a: Fih|Alomomola, M, shiny|100/100|[from] Parting Shot
|
|upkeep
|turn|3
|
|t:|1781262679
|-end|p1a: Iron Treads|Quark Drive|[silent]
|switch|p1a: Pecharunt|Pecharunt|100/100
|move|p2a: Fih|Flip Turn|p1a: Pecharunt
|-damage|p1a: Pecharunt|93/100
|
|t:|1781262685
|switch|p2a: Akinator|Hoopa-Unbound|100/100|[from] Flip Turn
|
|upkeep
|turn|4
|
|t:|1781262692
|switch|p1a: Clefable|Clefable, F|88/100
|move|p2a: Akinator|Knock Off|p1a: Clefable
|-resisted|p1a: Clefable
|-damage|p1a: Clefable|49/100
|-damage|p2a: Akinator|84/100|[from] item: Rocky Helmet|[of] p1a: Clefable
|-enditem|p1a: Clefable|Rocky Helmet|[from] move: Knock Off|[of] p2a: Akinator
|
|upkeep
|turn|5
|
|t:|1781262698
|switch|p2a: Britney Spears|Pecharunt|100/100
|move|p1a: Clefable|Knock Off|p2a: Britney Spears
|-supereffective|p2a: Britney Spears
|-damage|p2a: Britney Spears|85/100
|-enditem|p2a: Britney Spears|Heavy-Duty Boots|[from] move: Knock Off|[of] p1a: Clefable
|
|upkeep
|turn|6
|
|t:|1781262703
|switch|p1a: Iron Treads|Iron Treads|100/100
|-item|p1a: Iron Treads|Air Balloon
|move|p2a: Britney Spears|Shadow Ball|p1a: Iron Treads
|-crit|p1a: Iron Treads
|-damage|p1a: Iron Treads|50/100
|-enditem|p1a: Iron Treads|Air Balloon
|
|upkeep
|turn|7
|
|t:|1781262711
|switch|p2a: Fih|Alomomola, M, shiny|100/100
|move|p1a: Iron Treads|Stealth Rock|p2a: Fih
|-sidestart|p2: Dr Gaster PHD|move: Stealth Rock
|
|upkeep
|turn|8
|
|t:|1781262726
|-end|p1a: Iron Treads|Quark Drive|[silent]
|switch|p1a: Alomomola|Alomomola, F|100/100
|move|p2a: Fih|Flip Turn|p1a: Alomomola
|-resisted|p1a: Alomomola
|-damage|p1a: Alomomola|94/100
|
|t:|1781262733
|switch|p2a: Messi Himself|Cinderace, F, shiny|100/100|[from] Flip Turn
|
|upkeep
|turn|9
|
|t:|1781262745
|move|p2a: Messi Himself|U-turn|p1a: Alomomola
|-start|p2a: Messi Himself|typechange|Bug|[from] ability: Libero
|-damage|p1a: Alomomola|66/100
|j| HonchkrowLover27
|j| Ryaanng
|
|t:|1781262749
|switch|p2a: Fih|Alomomola, M, shiny|100/100|[from] U-turn
|-damage|p2a: Fih|88/100|[from] Stealth Rock
|move|p1a: Alomomola|Flip Turn|p2a: Fih
|-resisted|p2a: Fih
|-damage|p2a: Fih|82/100
|
|t:|1781262756
|switch|p1a: Pecharunt|Pecharunt|93/100|[from] Flip Turn
|
|upkeep
|turn|10
|
|t:|1781262764
|move|p1a: Pecharunt|Malignant Chain|p2a: Fih
|-damage|p2a: Fih|67/100
|move|p2a: Fih|Flip Turn|p1a: Pecharunt
|-damage|p1a: Pecharunt|85/100
|
|t:|1781262769
|switch|p2a: Akinator|Hoopa-Unbound|84/100|[from] Flip Turn
|-damage|p2a: Akinator|72/100|[from] Stealth Rock
|
|upkeep
|turn|11
|l| HonchkrowLover27
|
|t:|1781262775
|switch|p1a: Clefable|Clefable, F|49/100
|move|p2a: Akinator|Knock Off|p1a: Clefable
|-resisted|p1a: Clefable
|-damage|p1a: Clefable|24/100
|
|upkeep
|turn|12
|
|t:|1781262778
|move|p2a: Akinator|Knock Off|p1a: Clefable
|-resisted|p1a: Clefable
|-damage|p1a: Clefable|0 fnt
|faint|p1a: Clefable
|
|upkeep
|
|t:|1781262784
|switch|p1a: Zamazenta|Zamazenta|100/100
|-ability|p1a: Zamazenta|Dauntless Shield|boost
|-boost|p1a: Zamazenta|def|1
|turn|13
|
|t:|1781262789
|switch|p2a: Werewolf BF|Landorus-Therian, M, shiny|100/100
|-damage|p2a: Werewolf BF|88/100|[from] Stealth Rock
|-ability|p2a: Werewolf BF|Intimidate|boost
|-unboost|p1a: Zamazenta|atk|1
|move|p1a: Zamazenta|Iron Defense|p1a: Zamazenta
|-boost|p1a: Zamazenta|def|2
|
|upkeep
|turn|14
|
|t:|1781262795
|move|p2a: Werewolf BF|U-turn|p1a: Zamazenta
|-resisted|p1a: Zamazenta
|-damage|p1a: Zamazenta|97/100
|
|t:|1781262798
|switch|p2a: Britney Spears|Pecharunt|85/100|[from] U-turn
|-damage|p2a: Britney Spears|73/100|[from] Stealth Rock
|move|p1a: Zamazenta|Iron Defense|p1a: Zamazenta
|-boost|p1a: Zamazenta|def|2
|
|-heal|p1a: Zamazenta|100/100|[from] item: Leftovers
|upkeep
|turn|15
|j| HonchkrowLover27
|
|t:|1781262806
|move|p1a: Zamazenta|Crunch|p2a: Britney Spears
|-supereffective|p2a: Britney Spears
|-damage|p2a: Britney Spears|60/100
|-unboost|p2a: Britney Spears|def|1
|move|p2a: Britney Spears|Parting Shot|p1a: Zamazenta
|-unboost|p1a: Zamazenta|atk|1
|-unboost|p1a: Zamazenta|spa|1
|
|t:|1781262809
|switch|p2a: Werewolf BF|Landorus-Therian, M, shiny|88/100|[from] Parting Shot
|-damage|p2a: Werewolf BF|76/100|[from] Stealth Rock
|-ability|p2a: Werewolf BF|Intimidate|boost
|-unboost|p1a: Zamazenta|atk|1
|
|upkeep
|turn|16
|
|t:|1781262810
|move|p2a: Werewolf BF|U-turn|p1a: Zamazenta
|-resisted|p1a: Zamazenta
|-damage|p1a: Zamazenta|98/100
|
|t:|1781262812
|switch|p2a: Britney Spears|Pecharunt|60/100|[from] U-turn
|-damage|p2a: Britney Spears|48/100|[from] Stealth Rock
|move|p1a: Zamazenta|Body Press|p2a: Britney Spears
|-immune|p2a: Britney Spears
|
|-heal|p1a: Zamazenta|100/100|[from] item: Leftovers
|upkeep
|turn|17
|
|t:|1781262816
|switch|p1a: Iron Treads|Iron Treads|50/100
|move|p2a: Britney Spears|Recover|p2a: Britney Spears
|-heal|p2a: Britney Spears|98/100
|
|upkeep
|turn|18
|
|t:|1781262821
|switch|p2a: Fih|Alomomola, M, shiny|99/100
|-damage|p2a: Fih|87/100|[from] Stealth Rock
|move|p1a: Iron Treads|Earthquake|p2a: Fih
|-damage|p2a: Fih|54/100
|
|upkeep
|turn|19
|
|t:|1781262825
|move|p1a: Iron Treads|Earthquake|p2a: Fih
|-damage|p2a: Fih|21/100
|move|p2a: Fih|Flip Turn|p1a: Iron Treads
|-supereffective|p1a: Iron Treads
|-damage|p1a: Iron Treads|22/100
|
|t:|1781262836
|switch|p2a: Werewolf BF|Landorus-Therian, M, shiny|76/100|[from] Flip Turn
|-damage|p2a: Werewolf BF|64/100|[from] Stealth Rock
|-ability|p2a: Werewolf BF|Intimidate|boost
|-unboost|p1a: Iron Treads|atk|1
|
|upkeep
|turn|20
|
|t:|1781262842
|-end|p1a: Iron Treads|Quark Drive|[silent]
|switch|p1a: Tornadus|Tornadus-Therian, M|100/100
|move|p2a: Werewolf BF|Earthquake|p1a: Tornadus
|-immune|p1a: Tornadus
|
|upkeep
|turn|21
|
|t:|1781262846
|switch|p2a: Fih|Alomomola, M, shiny|54/100
|-damage|p2a: Fih|42/100|[from] Stealth Rock
|move|p1a: Tornadus|Nasty Plot|p1a: Tornadus
|-boost|p1a: Tornadus|spa|2
|
|upkeep
|turn|22
|j| lord shiddenfards
|inactive|Dr Gaster PHD has 120 seconds left.
|l| Puyu paz
|
|t:|1781262892
|switch|p2a: They Slash Them|Iron Valiant, shiny|100/100
|-damage|p2a: They Slash Them|94/100|[from] Stealth Rock
|move|p1a: Tornadus|Grass Knot|p2a: They Slash Them
|-damage|p2a: They Slash Them|10/100
|-damage|p1a: Tornadus|91/100|[from] item: Life Orb
|
|upkeep
|turn|23
|j| yuureisuisei
|l| yuureisuisei
|
|t:|1781262898
|move|p1a: Tornadus|Grass Knot|p2a: They Slash Them
|-damage|p2a: They Slash Them|0 fnt
|faint|p2a: They Slash Them
|-end|p2a: They Slash Them|Quark Drive|[silent]
|-damage|p1a: Tornadus|81/100|[from] item: Life Orb
|
|upkeep
|
|t:|1781262901
|switch|p2a: Fih|Alomomola, M, shiny|75/100
|-damage|p2a: Fih|62/100|[from] Stealth Rock
|turn|24
|
|t:|1781262905
|move|p1a: Tornadus|Nasty Plot|p1a: Tornadus
|-boost|p1a: Tornadus|spa|2
|move|p2a: Fih|Mirror Coat||[still]
|-fail|p2a: Fih
|
|upkeep
|turn|25
|
|t:|1781262911
|-terastallize|p2a: Fih|Normal
|move|p1a: Tornadus|Grass Knot|p2a: Fih
|-damage|p2a: Fih|22/100
|-damage|p1a: Tornadus|71/100|[from] item: Life Orb
|move|p2a: Fih|Mirror Coat|p1a: Tornadus
|-damage|p1a: Tornadus|0 fnt
|faint|p1a: Tornadus
|
|upkeep
|
|t:|1781262937
|switch|p1a: Iron Treads|Iron Treads|22/100
|turn|26
|
|t:|1781262943
|switch|p2a: Werewolf BF|Landorus-Therian, M, shiny|64/100
|-damage|p2a: Werewolf BF|52/100|[from] Stealth Rock
|-ability|p2a: Werewolf BF|Intimidate|boost
|-unboost|p1a: Iron Treads|atk|1
|move|p1a: Iron Treads|Rapid Spin|p2a: Werewolf BF
|-damage|p2a: Werewolf BF|39/100
|-boost|p1a: Iron Treads|spe|1
|
|upkeep
|turn|27
|
|t:|1781262967
|move|p1a: Iron Treads|Ice Spinner|p2a: Werewolf BF
|-supereffective|p2a: Werewolf BF
|-damage|p2a: Werewolf BF|0 fnt
|faint|p2a: Werewolf BF
|
|upkeep
|
|t:|1781262969
|switch|p2a: Fih|Alomomola, M, shiny, tera:Normal|55/100
|-damage|p2a: Fih|43/100|[from] Stealth Rock
|turn|28
|
|t:|1781262979
|-end|p1a: Iron Treads|Quark Drive|[silent]
|switch|p1a: Alomomola|Alomomola, F|99/100
|move|p2a: Fih|Flip Turn|p1a: Alomomola
|-resisted|p1a: Alomomola
|-damage|p1a: Alomomola|93/100
|
|t:|1781262984
|switch|p2a: Messi Himself|Cinderace, F, shiny|100/100|[from] Flip Turn
|
|upkeep
|turn|29
|
|t:|1781262996
|move|p2a: Messi Himself|Court Change|p2a: Messi Himself
|-start|p2a: Messi Himself|typechange|Normal|[from] ability: Libero
|-swapsideconditions
|-activate|p2a: Messi Himself|move: Court Change
|move|p1a: Alomomola|Flip Turn|p2a: Messi Himself
|-damage|p2a: Messi Himself|75/100
|
|t:|1781262997
|switch|p1a: Pecharunt|Pecharunt|85/100|[from] Flip Turn
|
|upkeep
|turn|30
|
|t:|1781263003
|move|p2a: Messi Himself|Pyro Ball|p1a: Pecharunt
|-damage|p1a: Pecharunt|69/100
|move|p1a: Pecharunt|Parting Shot|p2a: Messi Himself
|-unboost|p2a: Messi Himself|atk|1
|-unboost|p2a: Messi Himself|spa|1
|
|t:|1781263007
|switch|p1a: Iron Treads|Iron Treads|22/100|[from] Parting Shot
|-damage|p1a: Iron Treads|19/100|[from] Stealth Rock
|
|upkeep
|turn|31
|l| HonchkrowLover27
|
|t:|1781263014
|move|p2a: Messi Himself|Pyro Ball|p1a: Iron Treads|[miss]
|-miss|p2a: Messi Himself|p1a: Iron Treads
|move|p1a: Iron Treads|Stealth Rock|p2a: Messi Himself
|-sidestart|p2: Dr Gaster PHD|move: Stealth Rock
|
|upkeep
|turn|32
|
|t:|1781263021
|-end|p1a: Iron Treads|Quark Drive|[silent]
|switch|p1a: Alomomola|Alomomola, F|100/100
|-damage|p1a: Alomomola|88/100|[from] Stealth Rock
|move|p2a: Messi Himself|U-turn|p1a: Alomomola
|-damage|p1a: Alomomola|77/100
|
|t:|1781263024
|switch|p2a: Akinator|Hoopa-Unbound|72/100|[from] U-turn
|-damage|p2a: Akinator|60/100|[from] Stealth Rock
|
|upkeep
|turn|33
|j| HonchkrowLover27
|
|t:|1781263032
|move|p2a: Akinator|Knock Off|p1a: Alomomola
|-crit|p1a: Alomomola
|-damage|p1a: Alomomola|0 fnt
|-enditem|p1a: Alomomola|Assault Vest|[from] move: Knock Off|[of] p2a: Akinator
|faint|p1a: Alomomola
|
|upkeep
|
|t:|1781263035
|switch|p1a: Zamazenta|Zamazenta|100/100
|-damage|p1a: Zamazenta|94/100|[from] Stealth Rock
|turn|34
|
|t:|1781263038
|switch|p2a: Britney Spears|Pecharunt|98/100
|-damage|p2a: Britney Spears|85/100|[from] Stealth Rock
|move|p1a: Zamazenta|Iron Defense|p1a: Zamazenta
|-boost|p1a: Zamazenta|def|2
|
|-heal|p1a: Zamazenta|100/100|[from] item: Leftovers
|upkeep
|turn|35
|
|t:|1781263045
|-terastallize|p1a: Zamazenta|Dark
|move|p1a: Zamazenta|Crunch|p2a: Britney Spears
|-supereffective|p2a: Britney Spears
|-damage|p2a: Britney Spears|54/100
|-unboost|p2a: Britney Spears|def|1
|move|p2a: Britney Spears|Malignant Chain|p1a: Zamazenta
|-damage|p1a: Zamazenta|73/100
|
|-heal|p1a: Zamazenta|80/100|[from] item: Leftovers
|upkeep
|turn|36
|
|t:|1781263052
|move|p1a: Zamazenta|Crunch|p2a: Britney Spears
|-supereffective|p2a: Britney Spears
|-damage|p2a: Britney Spears|13/100
|move|p2a: Britney Spears|Malignant Chain|p1a: Zamazenta
|-damage|p1a: Zamazenta|51/100
|-status|p1a: Zamazenta|tox
|-start|p1a: Zamazenta|confusion|[from] ability: Poison Puppeteer|[of] p2a: Britney Spears
|
|-heal|p1a: Zamazenta|57/100 tox|[from] item: Leftovers
|-damage|p1a: Zamazenta|51/100 tox|[from] psn
|upkeep
|turn|37
|
|t:|1781263060
|-activate|p1a: Zamazenta|confusion
|-damage|p1a: Zamazenta|47/100 tox|[from] confusion
|move|p2a: Britney Spears|Recover|p2a: Britney Spears
|-heal|p2a: Britney Spears|63/100
|
|-heal|p1a: Zamazenta|53/100 tox|[from] item: Leftovers
|-damage|p1a: Zamazenta|41/100 tox|[from] psn
|upkeep
|turn|38
|
|t:|1781263063
|-end|p1a: Zamazenta|confusion
|move|p1a: Zamazenta|Crunch|p2a: Britney Spears
|-supereffective|p2a: Britney Spears
|-damage|p2a: Britney Spears|17/100
|move|p2a: Britney Spears|Recover|p2a: Britney Spears
|-heal|p2a: Britney Spears|67/100
|
|-heal|p1a: Zamazenta|47/100 tox|[from] item: Leftovers
|-damage|p1a: Zamazenta|28/100 tox|[from] psn
|upkeep
|turn|39
|
|t:|1781263066
|move|p1a: Zamazenta|Crunch|p2a: Britney Spears
|-supereffective|p2a: Britney Spears
|-damage|p2a: Britney Spears|18/100
|move|p2a: Britney Spears|Recover|p2a: Britney Spears
|-heal|p2a: Britney Spears|68/100
|
|-heal|p1a: Zamazenta|35/100 tox|[from] item: Leftovers
|-damage|p1a: Zamazenta|10/100 tox|[from] psn
|upkeep
|turn|40
|
|t:|1781263068
|move|p1a: Zamazenta|Crunch|p2a: Britney Spears
|-supereffective|p2a: Britney Spears
|-damage|p2a: Britney Spears|27/100
|move|p2a: Britney Spears|Recover|p2a: Britney Spears
|-heal|p2a: Britney Spears|77/100
|
|-heal|p1a: Zamazenta|16/100 tox|[from] item: Leftovers
|-damage|p1a: Zamazenta|0 fnt|[from] psn
|faint|p1a: Zamazenta
|upkeep
|
|t:|1781263072
|switch|p1a: Pecharunt|Pecharunt|69/100
|turn|41
|
|t:|1781263077
|move|p2a: Britney Spears|Shadow Ball|p1a: Pecharunt
|-supereffective|p1a: Pecharunt
|-damage|p1a: Pecharunt|17/100
|move|p1a: Pecharunt|Shadow Ball|p2a: Britney Spears
|-supereffective|p2a: Britney Spears
|-damage|p2a: Britney Spears|30/100
|
|upkeep
|turn|42
|
|t:|1781263080
|move|p1a: Pecharunt|Shadow Ball|p2a: Britney Spears
|-supereffective|p2a: Britney Spears
|-damage|p2a: Britney Spears|0 fnt
|faint|p2a: Britney Spears
|
|upkeep
|
|t:|1781263089
|switch|p2a: Fih|Alomomola, M, shiny, tera:Normal|76/100
|-damage|p2a: Fih|64/100|[from] Stealth Rock
|turn|43
|
|t:|1781263092
|move|p1a: Pecharunt|Recover|p1a: Pecharunt
|-heal|p1a: Pecharunt|67/100
|move|p2a: Fih|Flip Turn|p1a: Pecharunt
|-damage|p1a: Pecharunt|60/100
|
|t:|1781263095
|switch|p2a: Akinator|Hoopa-Unbound|60/100|[from] Flip Turn
|-damage|p2a: Akinator|47/100|[from] Stealth Rock
|
|upkeep
|turn|44
|
|t:|1781263104
|move|p2a: Akinator|Knock Off|p1a: Pecharunt
|-supereffective|p1a: Pecharunt
|-damage|p1a: Pecharunt|0 fnt
|-enditem|p1a: Pecharunt|Heavy-Duty Boots|[from] move: Knock Off|[of] p2a: Akinator
|faint|p1a: Pecharunt
|
|upkeep
|
|t:|1781263106
|switch|p1a: Iron Treads|Iron Treads|19/100
|-damage|p1a: Iron Treads|15/100|[from] Stealth Rock
|turn|45
|
|t:|1781263109
|move|p1a: Iron Treads|Rapid Spin|p2a: Akinator
|-damage|p2a: Akinator|22/100
|-boost|p1a: Iron Treads|spe|1
|-sideend|p1: tb poke|Stealth Rock|[from] move: Rapid Spin|[of] p1a: Iron Treads
|move|p2a: Akinator|Knock Off|p1a: Iron Treads
|-damage|p1a: Iron Treads|0 fnt
|faint|p1a: Iron Treads
|-end|p1a: Iron Treads|Quark Drive|[silent]
|
|win|Dr Gaster PHD
|raw|tb poke's rating: 1695 &rarr; <strong>1673</strong><br />(-22 for losing)
|raw|Dr Gaster PHD's rating: 1658 &rarr; <strong>1680</strong><br />(+22 for winning)
|l|☆tb poke
|player|p1|
|l|☆Dr Gaster PHD
|player|p2|
|l| HonchkrowLover27
|l| lord shiddenfards
|l| Ryaanng
|j| HonchkrowLover27
