|j|☆xp180
|j|☆AlienXotic
|t:|1780918040
|gametype|singles
|player|p1|xp180|265|1562
|player|p2|AlienXotic|265|1523
|gen|9
|tier|[Gen 9] OU
|rated|
|rule|HP Percentage Mod: HP is shown in percentages
|rule|Endless Battle Clause: Forcing endless battles is banned
|rule|Species Clause: Limit one of each Pokémon
|rule|OHKO Clause: OHKO moves are banned
|rule|Evasion Items Clause: Evasion items are banned
|rule|Evasion Moves Clause: Evasion moves are banned
|rule|Evasion Abilities Clause: Evasion abilities are banned
|rule|Sleep Moves Clause: Sleep-inducing moves are banned
|clearpoke
|poke|p1|Araquanid, M|
|poke|p1|Gholdengo|
|poke|p1|Raging Bolt|
|poke|p1|Iron Valiant|
|poke|p1|Ceruledge, F|
|poke|p1|Deoxys-Speed|
|poke|p2|Slither Wing|
|poke|p2|Ninetales, F|
|poke|p2|Walking Wake|
|poke|p2|Iron Moth|
|poke|p2|Hatterene, F|
|poke|p2|Blaziken, M|
|teampreview
|inactive|Battle timer is ON: inactive players will automatically lose when time's up. (requested by AlienXotic)
|inactive|xp180 has 120 seconds left.
|inactive|AlienXotic has 120 seconds left.
|
|t:|1780918100
|teamsize|p1|6
|teamsize|p2|6
|start
|switch|p1a: Araquanid|Araquanid, M|100/100
|switch|p2a: Hunger|Hatterene, F, shiny|100/100
|turn|1
|
|t:|1780918117
|move|p1a: Araquanid|Lunge|p2a: Hunger
|-damage|p2a: Hunger|85/100
|-unboost|p2a: Hunger|atk|1
|-enditem|p2a: Hunger|Eject Button
|
|t:|1780918123
|switch|p2a: Miles Prower|Ninetales, F, shiny|100/100
|-weather|SunnyDay|[from] ability: Drought|[of] p2a: Miles Prower
|
|-weather|SunnyDay|[upkeep]
|upkeep
|turn|2
|
|t:|1780918130
|switch|p2a: Hunger|Hatterene, F, shiny|85/100
|move|p1a: Araquanid|Surf|p2a: Hunger
|-damage|p2a: Hunger|64/100
|
|-weather|SunnyDay|[upkeep]
|upkeep
|turn|3
|
|t:|1780918136
|move|p1a: Araquanid|Lunge|p2a: Hunger
|-damage|p2a: Hunger|49/100
|-unboost|p2a: Hunger|atk|1
|move|p2a: Hunger|Nuzzle|p1a: Araquanid
|-supereffective|p1a: Araquanid
|-damage|p1a: Araquanid|95/100
|-status|p1a: Araquanid|par
|
|-weather|SunnyDay|[upkeep]
|upkeep
|turn|4
|
|t:|1780918142
|move|p2a: Hunger|Psychic Noise|p1a: Araquanid
|-damage|p1a: Araquanid|74/100 par
|-start|p1a: Araquanid|move: Heal Block
|move|p1a: Araquanid|Surf|p2a: Hunger
|-damage|p2a: Hunger|27/100
|
|-weather|SunnyDay|[upkeep]
|upkeep
|turn|5
|
|t:|1780918149
|move|p2a: Hunger|Draining Kiss|p1a: Araquanid
|-damage|p1a: Araquanid|58/100 par
|-heal|p2a: Hunger|39/100|[from] drain|[of] p1a: Araquanid
|move|p1a: Araquanid|Surf|p2a: Hunger
|-damage|p2a: Hunger|18/100
|
|-weather|SunnyDay|[upkeep]
|-end|p1a: Araquanid|move: Heal Block
|upkeep
|turn|6
|
|t:|1780918158
|move|p2a: Hunger|Psychic Noise|p1a: Araquanid
|-damage|p1a: Araquanid|36/100 par
|-start|p1a: Araquanid|move: Heal Block
|cant|p1a: Araquanid|par
|
|-weather|SunnyDay|[upkeep]
|upkeep
|turn|7
|
|t:|1780918165
|move|p2a: Hunger|Draining Kiss|p1a: Araquanid
|-damage|p1a: Araquanid|20/100 par
|-heal|p2a: Hunger|31/100|[from] drain|[of] p1a: Araquanid
|move|p1a: Araquanid|Surf|p2a: Hunger
|-damage|p2a: Hunger|10/100
|
|-weather|SunnyDay|[upkeep]
|-end|p1a: Araquanid|move: Heal Block
|upkeep
|turn|8
|-enditem|p1a: Araquanid|Custap Berry|[eat]
|-activate|p1a: Araquanid|item: Custap Berry|[consumed]
|
|t:|1780918173
|move|p1a: Araquanid|Lunge|p2a: Hunger
|-damage|p2a: Hunger|0 fnt
|faint|p2a: Hunger
|
|-weather|none
|upkeep
|
|t:|1780918186
|switch|p2a: Kentucky Fried|Blaziken, M, shiny|100/100
|turn|9
|
|t:|1780918190
|move|p2a: Kentucky Fried|Knock Off|p1a: Araquanid
|-damage|p1a: Araquanid|0 fnt
|faint|p1a: Araquanid
|-damage|p2a: Kentucky Fried|91/100|[from] item: Life Orb
|
|-ability|p2a: Kentucky Fried|Speed Boost|boost
|-boost|p2a: Kentucky Fried|spe|1
|upkeep
|
|t:|1780918198
|switch|p1a: Raging Bolt|Raging Bolt|100/100
|-enditem|p1a: Raging Bolt|Booster Energy
|-activate|p1a: Raging Bolt|ability: Protosynthesis|[fromitem]
|-start|p1a: Raging Bolt|protosynthesisspa
|turn|10
|
|t:|1780918217
|switch|p2a: Miles Prower|Ninetales, F, shiny|100/100
|-weather|SunnyDay|[from] ability: Drought|[of] p2a: Miles Prower
|move|p1a: Raging Bolt|Thunderbolt|p2a: Miles Prower
|-damage|p2a: Miles Prower|38/100
|
|-weather|SunnyDay|[upkeep]
|upkeep
|turn|11
|
|t:|1780918226
|switch|p2a: Kentucky Fried|Blaziken, M, shiny|91/100
|move|p1a: Raging Bolt|Thunderbolt|p2a: Kentucky Fried
|-damage|p2a: Kentucky Fried|0 fnt
|faint|p2a: Kentucky Fried
|
|-weather|SunnyDay|[upkeep]
|upkeep
|
|t:|1780918229
|switch|p2a: Goku|Slither Wing, shiny|100/100
|-activate|p2a: Goku|ability: Protosynthesis
|-start|p2a: Goku|protosynthesisatk
|turn|12
|
|t:|1780918233
|move|p1a: Raging Bolt|Thunderbolt|p2a: Goku
|-damage|p2a: Goku|34/100
|move|p2a: Goku|Earthquake|p1a: Raging Bolt
|-supereffective|p1a: Raging Bolt
|-damage|p1a: Raging Bolt|0 fnt
|faint|p1a: Raging Bolt
|-end|p1a: Raging Bolt|Protosynthesis|[silent]
|
|-weather|SunnyDay|[upkeep]
|upkeep
|
|t:|1780918240
|switch|p1a: Ceruledge|Ceruledge, F|100/100
|turn|13
|
|t:|1780918252
|-end|p2a: Goku|Protosynthesis|[silent]
|switch|p2a: Walking Terror|Walking Wake|100/100
|-activate|p2a: Walking Terror|ability: Protosynthesis
|-start|p2a: Walking Terror|protosynthesisspe
|move|p1a: Ceruledge|Swords Dance|p1a: Ceruledge
|-boost|p1a: Ceruledge|atk|2
|
|-weather|SunnyDay|[upkeep]
|upkeep
|turn|14
|
|t:|1780918259
|move|p2a: Walking Terror|Hydro Steam|p1a: Ceruledge
|-supereffective|p1a: Ceruledge
|-enditem|p1a: Ceruledge|Focus Sash
|-damage|p1a: Ceruledge|1/100
|move|p1a: Ceruledge|Close Combat|p2a: Walking Terror
|-damage|p2a: Walking Terror|0 fnt
|-unboost|p1a: Ceruledge|def|1
|-unboost|p1a: Ceruledge|spd|1
|faint|p2a: Walking Terror
|-end|p2a: Walking Terror|Protosynthesis|[silent]
|
|-weather|SunnyDay|[upkeep]
|upkeep
|
|t:|1780918268
|switch|p2a: Goku|Slither Wing, shiny|34/100
|-activate|p2a: Goku|ability: Protosynthesis
|-start|p2a: Goku|protosynthesisatk
|turn|15
|
|t:|1780918274
|move|p2a: Goku|First Impression|p1a: Ceruledge
|-resisted|p1a: Ceruledge
|-damage|p1a: Ceruledge|0 fnt
|faint|p1a: Ceruledge
|
|-weather|SunnyDay|[upkeep]
|upkeep
|
|t:|1780918279
|switch|p1a: Iron Valiant|Iron Valiant|100/100
|-enditem|p1a: Iron Valiant|Booster Energy
|-activate|p1a: Iron Valiant|ability: Quark Drive|[fromitem]
|-start|p1a: Iron Valiant|quarkdrivespa
|turn|16
|j| DemonLord101
|
|t:|1780918284
|-end|p2a: Goku|Protosynthesis|[silent]
|switch|p2a: Miles Prower|Ninetales, F, shiny|38/100
|move|p1a: Iron Valiant|Calm Mind|p1a: Iron Valiant
|-boost|p1a: Iron Valiant|spa|1
|-boost|p1a: Iron Valiant|spd|1
|
|-weather|SunnyDay|[upkeep]
|upkeep
|turn|17
|
|t:|1780918288
|move|p1a: Iron Valiant|Vacuum Wave|p2a: Miles Prower
|-damage|p2a: Miles Prower|0 fnt
|faint|p2a: Miles Prower
|
|-weather|none
|upkeep
|
|t:|1780918293
|switch|p2a: Iron UBERS|Iron Moth|100/100
|-enditem|p2a: Iron UBERS|Booster Energy
|-activate|p2a: Iron UBERS|ability: Quark Drive|[fromitem]
|-start|p2a: Iron UBERS|quarkdrivespe
|turn|18
|
|t:|1780918297
|-terastallize|p1a: Iron Valiant|Ghost
|move|p2a: Iron UBERS|Sludge Wave|p1a: Iron Valiant
|-resisted|p1a: Iron Valiant
|-crit|p1a: Iron Valiant
|-damage|p1a: Iron Valiant|31/100
|-status|p1a: Iron Valiant|psn
|move|p1a: Iron Valiant|Shadow Ball|p2a: Iron UBERS
|-damage|p2a: Iron UBERS|11/100
|
|-damage|p1a: Iron Valiant|18/100 psn|[from] psn
|upkeep
|turn|19
|
|t:|1780918306
|move|p1a: Iron Valiant|Vacuum Wave|p2a: Iron UBERS
|-resisted|p2a: Iron UBERS
|-damage|p2a: Iron UBERS|0 fnt
|faint|p2a: Iron UBERS
|-end|p2a: Iron UBERS|Quark Drive|[silent]
|
|-damage|p1a: Iron Valiant|6/100 psn|[from] psn
|upkeep
|
|t:|1780918312
|switch|p2a: Goku|Slither Wing, shiny|34/100
|turn|20
|
|t:|1780918320
|-terastallize|p2a: Goku|Ghost
|move|p1a: Iron Valiant|Shadow Ball|p2a: Goku
|-supereffective|p2a: Goku
|-damage|p2a: Goku|0 fnt
|faint|p2a: Goku
|-end|p2a: Goku|Protosynthesis|[silent]
|
|win|xp180
|raw|xp180's rating: 1562 &rarr; <strong>1580</strong><br />(+18 for winning)
|raw|AlienXotic's rating: 1523 &rarr; <strong>1505</strong><br />(-18 for losing)
|c|☆xp180|gg
|l|☆AlienXotic
|player|p2|
|l|☆xp180
|player|p1|
|l| DemonLord101
