|j|☆jd2sleepy
|j|☆nxp nxp
|t:|1781329883
|gametype|singles
|player|p1|jd2sleepy|blackbelt-gen4dp|1508
|player|p2|nxp nxp|lillie|1544
|gen|9
|tier|[Gen 9] OU
|rated|
|rule|HP Percentage Mod: HP is shown in percentages
|rule|Endless Battle Clause: Forcing endless battles is banned
|rule|Species Clause: Limit one of each Pokémon
|rule|OHKO Clause: OHKO moves are banned
|rule|Evasion Items Clause: Evasion items are banned
|rule|Evasion Moves Clause: Evasion moves are banned
|rule|Evasion Abilities Clause: Evasion abilities are banned
|rule|Sleep Moves Clause: Sleep-inducing moves are banned
|clearpoke
|poke|p1|Toxicroak, M|
|poke|p1|Pelipper, F|
|poke|p1|Floatzel, F|
|poke|p1|Iron Treads|
|poke|p1|Hatterene, F|
|poke|p1|Volcanion|
|poke|p2|Gholdengo|
|poke|p2|Iron Valiant|
|poke|p2|Ogerpon-Wellspring, F|
|poke|p2|Dragonite, M|
|poke|p2|Great Tusk|
|poke|p2|Deoxys-Speed|
|teampreview
|inactive|Battle timer is ON: inactive players will automatically lose when time's up. (requested by nxp nxp)
|
|t:|1781329894
|teamsize|p1|6
|teamsize|p2|6
|start
|switch|p1a: Drizzy|Pelipper, F|100/100
|switch|p2a: Deoxys|Deoxys-Speed|100/100
|-ability|p2a: Deoxys|Pressure
|-weather|RainDance|[from] ability: Drizzle|[of] p1a: Drizzy
|turn|1
|
|t:|1781329901
|move|p2a: Deoxys|Psycho Boost|p1a: Drizzy
|-damage|p1a: Drizzy|46/100
|-unboost|p2a: Deoxys|spa|2
|-enditem|p2a: Deoxys|Eject Pack
|inactive|nxp nxp has 120 seconds left.
|
|t:|1781329953
|switch|p2a: Gholdengo|Gholdengo|100/100
|move|p1a: Drizzy|U-turn|p2a: Gholdengo
|-resisted|p2a: Gholdengo
|-damage|p2a: Gholdengo|98/100
|
|t:|1781329958
|switch|p1a: Iron Treads|Iron Treads|100/100|[from] U-turn
|
|-weather|RainDance|[upkeep]
|upkeep
|turn|2
|
|t:|1781329962
|switch|p2a: Great Tusk|Great Tusk|100/100
|move|p1a: Iron Treads|Stealth Rock|p2a: Great Tusk
|-sidestart|p2: nxp nxp|move: Stealth Rock
|
|-weather|RainDance|[upkeep]
|upkeep
|turn|3
|
|t:|1781329966
|-end|p1a: Iron Treads|Quark Drive|[silent]
|switch|p1a: Hatterene|Hatterene, F|100/100
|move|p2a: Great Tusk|Rapid Spin|p1a: Hatterene
|-damage|p1a: Hatterene|88/100
|-boost|p2a: Great Tusk|spe|1
|-sideend|p2: nxp nxp|Stealth Rock|[from] move: Rapid Spin|[of] p2a: Great Tusk
|-enditem|p1a: Hatterene|Eject Button
|
|t:|1781329968
|switch|p1a: Crash Out|Floatzel, F|100/100
|
|-weather|RainDance|[upkeep]
|upkeep
|turn|4
|
|t:|1781329979
|-end|p2a: Great Tusk|Protosynthesis|[silent]
|switch|p2a: Ogerpon|Ogerpon-Wellspring, F|100/100
|move|p1a: Crash Out|Ice Spinner|p2a: Ogerpon
|-damage|p2a: Ogerpon|65/100
|
|-weather|RainDance|[upkeep]
|upkeep
|turn|5
|
|t:|1781329990
|switch|p1a: Toxicroak|Toxicroak, M|100/100
|move|p2a: Ogerpon|Knock Off|p1a: Toxicroak
|-resisted|p1a: Toxicroak
|-damage|p1a: Toxicroak|84/100
|-damage|p2a: Ogerpon|49/100|[from] item: Rocky Helmet|[of] p1a: Toxicroak
|-enditem|p1a: Toxicroak|Rocky Helmet|[from] move: Knock Off|[of] p2a: Ogerpon
|
|-weather|RainDance|[upkeep]
|-heal|p1a: Toxicroak|97/100|[from] ability: Dry Skin
|upkeep
|turn|6
|
|t:|1781330001
|switch|p2a: Gholdengo|Gholdengo|98/100
|switch|p1a: Crash Out|Floatzel, F|100/100
|
|-weather|RainDance|[upkeep]
|upkeep
|turn|7
|
|t:|1781330006
|move|p1a: Crash Out|Flip Turn|p2a: Gholdengo
|-damage|p2a: Gholdengo|46/100
|
|t:|1781330008
|switch|p1a: Iron Treads|Iron Treads|100/100|[from] Flip Turn
|move|p2a: Gholdengo|Trick|p1a: Iron Treads
|-activate|p2a: Gholdengo|move: Trick|[of] p1a: Iron Treads
|-item|p1a: Iron Treads|Choice Scarf|[from] move: Trick
|-item|p2a: Gholdengo|Leftovers|[from] move: Trick
|
|-weather|RainDance|[upkeep]
|-heal|p2a: Gholdengo|52/100|[from] item: Leftovers
|upkeep
|turn|8
|
|t:|1781330019
|switch|p2a: Great Tusk|Great Tusk|100/100
|move|p1a: Iron Treads|Earthquake|p2a: Great Tusk
|-damage|p2a: Great Tusk|78/100
|
|-weather|none
|upkeep
|turn|9
|
|t:|1781330039
|move|p1a: Iron Treads|Earthquake|p2a: Great Tusk
|-damage|p2a: Great Tusk|56/100
|move|p2a: Great Tusk|Headlong Rush|p1a: Iron Treads
|-supereffective|p1a: Iron Treads
|-damage|p1a: Iron Treads|24/100
|-unboost|p2a: Great Tusk|def|1
|-unboost|p2a: Great Tusk|spd|1
|
|upkeep
|turn|10
|
|t:|1781330044
|-end|p1a: Iron Treads|Quark Drive|[silent]
|switch|p1a: Hatterene|Hatterene, F|88/100
|move|p2a: Great Tusk|Stealth Rock|p1a: Hatterene
|move|p1a: Hatterene|Stealth Rock|p2a: Great Tusk|[from] ability: Magic Bounce
|-sidestart|p2: nxp nxp|move: Stealth Rock
|
|upkeep
|turn|11
|
|t:|1781330050
|-end|p2a: Great Tusk|Protosynthesis|[silent]
|switch|p2a: Gholdengo|Gholdengo|52/100
|-damage|p2a: Gholdengo|46/100|[from] Stealth Rock
|move|p1a: Hatterene|Psychic Noise|p2a: Gholdengo
|-resisted|p2a: Gholdengo
|-damage|p2a: Gholdengo|26/100
|-start|p2a: Gholdengo|move: Heal Block
|
|upkeep
|turn|12
|
|t:|1781330057
|switch|p1a: Iron Treads|Iron Treads|24/100
|move|p2a: Gholdengo|Shadow Ball|p1a: Iron Treads
|-damage|p1a: Iron Treads|0 fnt
|faint|p1a: Iron Treads
|-end|p1a: Iron Treads|Quark Drive|[silent]
|
|-end|p2a: Gholdengo|move: Heal Block
|upkeep
|
|t:|1781330072
|switch|p1a: Crash Out|Floatzel, F|100/100
|turn|13
|
|t:|1781330076
|switch|p2a: Ogerpon|Ogerpon-Wellspring, F|49/100
|-damage|p2a: Ogerpon|36/100|[from] Stealth Rock
|move|p1a: Crash Out|Flip Turn|p2a: Ogerpon
|-heal|p2a: Ogerpon|61/100|[from] ability: Water Absorb|[of] p1a: Crash Out
|
|upkeep
|turn|14
|
|t:|1781330089
|switch|p2a: Great Tusk|Great Tusk|56/100
|move|p1a: Crash Out|Ice Spinner|p2a: Great Tusk
|-supereffective|p2a: Great Tusk
|-damage|p2a: Great Tusk|16/100
|
|upkeep
|turn|15
|
|t:|1781330095
|move|p1a: Crash Out|Ice Spinner|p2a: Great Tusk
|-supereffective|p2a: Great Tusk
|-damage|p2a: Great Tusk|0 fnt
|faint|p2a: Great Tusk
|-end|p2a: Great Tusk|Protosynthesis|[silent]
|
|upkeep
|
|t:|1781330099
|switch|p2a: Deoxys|Deoxys-Speed|100/100
|-damage|p2a: Deoxys|88/100|[from] Stealth Rock
|-ability|p2a: Deoxys|Pressure
|turn|16
|
|t:|1781330102
|switch|p1a: Hatterene|Hatterene, F|88/100
|move|p2a: Deoxys|Spikes|p1a: Hatterene
|move|p1a: Hatterene|Spikes|p2a: Deoxys|[from] ability: Magic Bounce
|-sidestart|p2: nxp nxp|Spikes
|
|upkeep
|turn|17
|
|t:|1781330105
|move|p2a: Deoxys|Ice Beam|p1a: Hatterene
|-damage|p1a: Hatterene|62/100
|move|p1a: Hatterene|Psychic Noise|p2a: Deoxys
|-resisted|p2a: Deoxys
|-crit|p2a: Deoxys
|-damage|p2a: Deoxys|45/100
|-start|p2a: Deoxys|move: Heal Block
|
|upkeep
|turn|18
|
|t:|1781330108
|move|p2a: Deoxys|Ice Beam|p1a: Hatterene
|-damage|p1a: Hatterene|34/100
|move|p1a: Hatterene|Dazzling Gleam|p2a: Deoxys
|-damage|p2a: Deoxys|0 fnt
|faint|p2a: Deoxys
|
|upkeep
|
|t:|1781330118
|switch|p2a: Ogerpon|Ogerpon-Wellspring, F|61/100
|-damage|p2a: Ogerpon|49/100|[from] Stealth Rock
|-damage|p2a: Ogerpon|37/100|[from] Spikes
|turn|19
|
|t:|1781330121
|switch|p1a: Toxicroak|Toxicroak, M|97/100
|move|p2a: Ogerpon|Ivy Cudgel|p1a: Toxicroak|[anim] Ivy Cudgel Water
|-heal|p1a: Toxicroak|100/100|[from] ability: Dry Skin|[of] p2a: Ogerpon
|
|upkeep
|turn|20
|
|t:|1781330126
|move|p2a: Ogerpon|Swords Dance|p2a: Ogerpon
|-boost|p2a: Ogerpon|atk|2
|move|p1a: Toxicroak|Poison Jab|p2a: Ogerpon
|-supereffective|p2a: Ogerpon
|-damage|p2a: Ogerpon|0 fnt
|faint|p2a: Ogerpon
|
|upkeep
|
|t:|1781330131
|switch|p2a: Gholdengo|Gholdengo|26/100
|-damage|p2a: Gholdengo|20/100|[from] Stealth Rock
|-damage|p2a: Gholdengo|7/100|[from] Spikes
|turn|21
|
|t:|1781330138
|switch|p1a: Drizzy|Pelipper, F|46/100
|-weather|RainDance|[from] ability: Drizzle|[of] p1a: Drizzy
|move|p2a: Gholdengo|Recover|p2a: Gholdengo
|-heal|p2a: Gholdengo|58/100
|
|-weather|RainDance|[upkeep]
|-heal|p2a: Gholdengo|64/100|[from] item: Leftovers
|upkeep
|turn|22
|
|t:|1781330143
|move|p2a: Gholdengo|Shadow Ball|p1a: Drizzy
|-damage|p1a: Drizzy|7/100
|move|p1a: Drizzy|U-turn|p2a: Gholdengo
|-resisted|p2a: Gholdengo
|-damage|p2a: Gholdengo|61/100
|
|t:|1781330145
|switch|p1a: Volcanion|Volcanion|100/100|[from] U-turn
|
|-weather|RainDance|[upkeep]
|-heal|p2a: Gholdengo|67/100|[from] item: Leftovers
|upkeep
|turn|23
|
|t:|1781330153
|switch|p2a: Dragonite|Dragonite, M|100/100
|move|p1a: Volcanion|Scald|p2a: Dragonite
|-resisted|p2a: Dragonite
|-damage|p2a: Dragonite|78/100
|
|-weather|RainDance|[upkeep]
|upkeep
|turn|24
|
|t:|1781330159
|move|p1a: Volcanion|Scald|p2a: Dragonite
|-resisted|p2a: Dragonite
|-damage|p2a: Dragonite|33/100
|move|p2a: Dragonite|Earthquake|p1a: Volcanion
|-supereffective|p1a: Volcanion
|-damage|p1a: Volcanion|20/100
|
|-weather|RainDance|[upkeep]
|upkeep
|turn|25
|
|t:|1781330165
|move|p2a: Dragonite|Extreme Speed|p1a: Volcanion
|-damage|p1a: Volcanion|0 fnt
|faint|p1a: Volcanion
|
|-weather|RainDance|[upkeep]
|upkeep
|
|t:|1781330166
|switch|p1a: Crash Out|Floatzel, F|100/100
|turn|26
|
|t:|1781330171
|switch|p2a: Gholdengo|Gholdengo|67/100
|-damage|p2a: Gholdengo|61/100|[from] Stealth Rock
|-damage|p2a: Gholdengo|49/100|[from] Spikes
|move|p1a: Crash Out|Ice Spinner|p2a: Gholdengo
|-resisted|p2a: Gholdengo
|-damage|p2a: Gholdengo|32/100
|
|-weather|RainDance|[upkeep]
|-heal|p2a: Gholdengo|38/100|[from] item: Leftovers
|upkeep
|turn|27
|
|t:|1781330173
|move|p1a: Crash Out|Wave Crash|p2a: Gholdengo
|-damage|p2a: Gholdengo|0 fnt
|faint|p2a: Gholdengo
|-damage|p1a: Crash Out|88/100|[from] Recoil
|
|-weather|RainDance|[upkeep]
|upkeep
|
|t:|1781330179
|switch|p2a: Dragonite|Dragonite, M|33/100
|turn|28
|
|t:|1781330187
|-terastallize|p2a: Dragonite|Normal
|move|p1a: Crash Out|Wave Crash|p2a: Dragonite
|-damage|p2a: Dragonite|0 fnt
|faint|p2a: Dragonite
|-damage|p1a: Crash Out|75/100|[from] Recoil
|
|-weather|none
|upkeep
|-message|nxp nxp forfeited.
|
|win|jd2sleepy
|raw|jd2sleepy's rating: 1508 &rarr; <strong>1530</strong><br />(+22 for winning)
|raw|nxp nxp's rating: 1544 &rarr; <strong>1522</strong><br />(-22 for losing)
|l|☆nxp nxp
|player|p2|
|l|☆jd2sleepy
|player|p1|
