|j|☆uncle brown
|j|☆LowEL0God
|t:|1781446987
|gametype|singles
|player|p1|uncle brown|265|1540
|player|p2|LowEL0God|265|1554
|gen|9
|tier|[Gen 9] OU
|rated|
|rule|HP Percentage Mod: HP is shown in percentages
|rule|Endless Battle Clause: Forcing endless battles is banned
|rule|Species Clause: Limit one of each Pokémon
|rule|OHKO Clause: OHKO moves are banned
|rule|Evasion Items Clause: Evasion items are banned
|rule|Evasion Moves Clause: Evasion moves are banned
|rule|Evasion Abilities Clause: Evasion abilities are banned
|rule|Sleep Moves Clause: Sleep-inducing moves are banned
|clearpoke
|poke|p1|Dragonite, F|
|poke|p1|Maushold|
|poke|p1|Great Tusk|
|poke|p1|Iron Moth|
|poke|p1|Gholdengo|
|poke|p1|Deoxys-Speed|
|poke|p2|Pelipper, M|
|poke|p2|Raging Bolt|
|poke|p2|Overqwil, M|
|poke|p2|Barraskewda, F|
|poke|p2|Iron Treads|
|poke|p2|Kingambit, F|
|teampreview
|c|☆LowEL0God|hf
|inactive|Battle timer is ON: inactive players will automatically lose when time's up. (requested by LowEL0God)
|
|t:|1781447007
|teamsize|p1|6
|teamsize|p2|6
|start
|switch|p1a: Deoxys|Deoxys-Speed|100/100
|switch|p2a: Kingambit|Kingambit, F|100/100
|-ability|p1a: Deoxys|Pressure
|turn|1
|
|t:|1781447029
|move|p1a: Deoxys|Superpower|p2a: Kingambit
|-supereffective|p2a: Kingambit
|-damage|p2a: Kingambit|4/100
|-unboost|p1a: Deoxys|atk|1
|-unboost|p1a: Deoxys|def|1
|-enditem|p1a: Deoxys|Eject Pack
|
|t:|1781447033
|switch|p1a: Great Tusk|Great Tusk|100/100
|-enditem|p1a: Great Tusk|Booster Energy
|-activate|p1a: Great Tusk|ability: Protosynthesis|[fromitem]
|-start|p1a: Great Tusk|protosynthesisspe
|move|p2a: Kingambit|Kowtow Cleave|p1a: Great Tusk
|-resisted|p1a: Great Tusk
|-damage|p1a: Great Tusk|86/100
|
|-heal|p2a: Kingambit|10/100|[from] item: Leftovers
|upkeep
|turn|2
|
|t:|1781447037
|-end|p2a: Kingambit|fallenundefined|[silent]
|switch|p2a: Pelipper|Pelipper, M|100/100
|-weather|RainDance|[from] ability: Drizzle|[of] p2a: Pelipper
|move|p1a: Great Tusk|Ice Spinner|p2a: Pelipper
|-damage|p2a: Pelipper|83/100
|
|-weather|RainDance|[upkeep]
|upkeep
|turn|3
|
|t:|1781447053
|-end|p1a: Great Tusk|Protosynthesis|[silent]
|switch|p1a: Deoxys|Deoxys-Speed|100/100
|-ability|p1a: Deoxys|Pressure
|move|p2a: Pelipper|Hurricane|p1a: Deoxys
|-damage|p1a: Deoxys|32/100
|
|-weather|RainDance|[upkeep]
|upkeep
|turn|4
|
|t:|1781447056
|switch|p2a: Overqwil|Overqwil, M|100/100
|move|p1a: Deoxys|Stealth Rock|p2a: Overqwil
|-sidestart|p2: LowEL0God|move: Stealth Rock
|
|-weather|RainDance|[upkeep]
|upkeep
|turn|5
|
|t:|1781447059
|move|p2a: Overqwil|Swords Dance|p2a: Overqwil
|-boost|p2a: Overqwil|atk|2
|move|p1a: Deoxys|Superpower|p2a: Overqwil
|-damage|p2a: Overqwil|61/100
|-unboost|p1a: Deoxys|atk|1
|-unboost|p1a: Deoxys|def|1
|
|-weather|RainDance|[upkeep]
|upkeep
|turn|6
|
|t:|1781447061
|move|p2a: Overqwil|Crunch|p1a: Deoxys
|-supereffective|p1a: Deoxys
|-damage|p1a: Deoxys|0 fnt
|faint|p1a: Deoxys
|-damage|p2a: Overqwil|51/100|[from] item: Life Orb
|
|-weather|RainDance|[upkeep]
|upkeep
|
|t:|1781447064
|switch|p1a: Dragonite|Dragonite, F|100/100
|turn|7
|
|t:|1781447067
|move|p2a: Overqwil|Gunk Shot|p1a: Dragonite
|-damage|p1a: Dragonite|5/100
|-damage|p2a: Overqwil|42/100|[from] item: Life Orb
|move|p1a: Dragonite|Earthquake|p2a: Overqwil
|-supereffective|p2a: Overqwil
|-damage|p2a: Overqwil|0 fnt
|faint|p2a: Overqwil
|
|-weather|RainDance|[upkeep]
|upkeep
|
|t:|1781447069
|switch|p2a: Iron Treads|Iron Treads|100/100
|-damage|p2a: Iron Treads|97/100|[from] Stealth Rock
|-enditem|p2a: Iron Treads|Booster Energy
|-activate|p2a: Iron Treads|ability: Quark Drive|[fromitem]
|-start|p2a: Iron Treads|quarkdrivespe
|turn|8
|
|t:|1781447073
|switch|p1a: Gholdengo|Gholdengo|100/100
|-item|p1a: Gholdengo|Air Balloon
|move|p2a: Iron Treads|Rapid Spin|p1a: Gholdengo
|-immune|p1a: Gholdengo
|
|-weather|RainDance|[upkeep]
|upkeep
|turn|9
|
|t:|1781447075
|move|p2a: Iron Treads|Stealth Rock|p1a: Gholdengo
|-sidestart|p1: uncle brown|move: Stealth Rock
|move|p1a: Gholdengo|Focus Blast|p2a: Iron Treads
|-supereffective|p2a: Iron Treads
|-crit|p2a: Iron Treads
|-damage|p2a: Iron Treads|0 fnt
|faint|p2a: Iron Treads
|-end|p2a: Iron Treads|Quark Drive|[silent]
|
|-weather|none
|upkeep
|
|t:|1781447077
|switch|p2a: Barraskewda|Barraskewda, F|100/100
|-damage|p2a: Barraskewda|88/100|[from] Stealth Rock
|turn|10
|
|t:|1781447081
|move|p2a: Barraskewda|Liquidation|p1a: Gholdengo
|-damage|p1a: Gholdengo|22/100
|-enditem|p1a: Gholdengo|Air Balloon
|move|p1a: Gholdengo|Shadow Ball|p2a: Barraskewda
|-damage|p2a: Barraskewda|0 fnt
|faint|p2a: Barraskewda
|
|upkeep
|
|t:|1781447082
|switch|p2a: Kingambit|Kingambit, F|10/100
|-damage|p2a: Kingambit|4/100|[from] Stealth Rock
|-activate|p2a: Kingambit|ability: Supreme Overlord
|-start|p2a: Kingambit|fallen3|[silent]
|turn|11
|
|t:|1781447085
|move|p2a: Kingambit|Sucker Punch|p1a: Gholdengo
|-supereffective|p1a: Gholdengo
|-damage|p1a: Gholdengo|0 fnt
|faint|p1a: Gholdengo
|
|-heal|p2a: Kingambit|10/100|[from] item: Leftovers
|upkeep
|
|t:|1781447089
|switch|p1a: Iron Moth|Iron Moth|100/100
|-damage|p1a: Iron Moth|76/100|[from] Stealth Rock
|-enditem|p1a: Iron Moth|Booster Energy
|-activate|p1a: Iron Moth|ability: Quark Drive|[fromitem]
|-start|p1a: Iron Moth|quarkdrivespe
|turn|12
|
|t:|1781447091
|move|p2a: Kingambit|Sucker Punch|p1a: Iron Moth
|-damage|p1a: Iron Moth|3/100
|move|p1a: Iron Moth|Fiery Dance|p2a: Kingambit
|-supereffective|p2a: Kingambit
|-damage|p2a: Kingambit|0 fnt
|-boost|p1a: Iron Moth|spa|1
|faint|p2a: Kingambit
|-end|p2a: Kingambit|fallen3|[silent]
|
|upkeep
|
|t:|1781447092
|switch|p2a: Raging Bolt|Raging Bolt|100/100
|-damage|p2a: Raging Bolt|88/100|[from] Stealth Rock
|-enditem|p2a: Raging Bolt|Booster Energy
|-activate|p2a: Raging Bolt|ability: Protosynthesis|[fromitem]
|-start|p2a: Raging Bolt|protosynthesisspa
|turn|13
|
|t:|1781447095
|move|p2a: Raging Bolt|Weather Ball|p1a: Iron Moth
|-damage|p1a: Iron Moth|0 fnt
|faint|p1a: Iron Moth
|-end|p1a: Iron Moth|Quark Drive|[silent]
|
|upkeep
|
|t:|1781447101
|switch|p1a: Maushold|Maushold|100/100
|-damage|p1a: Maushold|88/100|[from] Stealth Rock
|turn|14
|
|t:|1781447102
|move|p1a: Maushold|Tidy Up|p1a: Maushold
|-sideend|p1: uncle brown|Stealth Rock
|-sideend|p2: LowEL0God|Stealth Rock
|-activate|p1a: Maushold|move: Tidy Up
|-boost|p1a: Maushold|atk|1
|-boost|p1a: Maushold|spe|1
|move|p2a: Raging Bolt|Draco Meteor|p1a: Maushold
|-damage|p1a: Maushold|0 fnt
|-unboost|p2a: Raging Bolt|spa|2
|faint|p1a: Maushold
|
|upkeep
|
|t:|1781447105
|switch|p1a: Dragonite|Dragonite, F|5/100
|turn|15
|
|t:|1781447108
|-terastallize|p1a: Dragonite|Ground
|move|p1a: Dragonite|Earthquake|p2a: Raging Bolt
|-supereffective|p2a: Raging Bolt
|-damage|p2a: Raging Bolt|0 fnt
|faint|p2a: Raging Bolt
|-end|p2a: Raging Bolt|Protosynthesis|[silent]
|
|upkeep
|
|t:|1781447109
|switch|p2a: Pelipper|Pelipper, M|83/100
|-weather|RainDance|[from] ability: Drizzle|[of] p2a: Pelipper
|turn|16
|
|t:|1781447113
|move|p1a: Dragonite|Stone Edge|p2a: Pelipper|[miss]
|-miss|p1a: Dragonite|p2a: Pelipper
|move|p2a: Pelipper|Hurricane|p1a: Dragonite
|-damage|p1a: Dragonite|0 fnt
|faint|p1a: Dragonite
|
|-weather|RainDance|[upkeep]
|upkeep
|j| Squilliam2g
|-message|uncle brown forfeited.
|
|win|LowEL0God
|raw|uncle brown's rating: 1521 &rarr; <strong>1503</strong><br />(-18 for losing)
|raw|LowEL0God's rating: 1554 &rarr; <strong>1572</strong><br />(+18 for winning)
|l|☆uncle brown
|player|p1|
|c|☆LowEL0God|gg
|l|☆LowEL0God
|player|p2|
|l| Squilliam2g
