|j|☆The median voter
|j|☆my2005
|t:|1781237792
|gametype|singles
|player|p1|The median voter|scientist-gen4dp|1576
|player|p2|my2005|170|1669
|gen|9
|tier|[Gen 9] OU
|rated|
|rule|HP Percentage Mod: HP is shown in percentages
|rule|Endless Battle Clause: Forcing endless battles is banned
|rule|Species Clause: Limit one of each Pokémon
|rule|OHKO Clause: OHKO moves are banned
|rule|Evasion Items Clause: Evasion items are banned
|rule|Evasion Moves Clause: Evasion moves are banned
|rule|Evasion Abilities Clause: Evasion abilities are banned
|rule|Sleep Moves Clause: Sleep-inducing moves are banned
|clearpoke
|poke|p1|Zapdos|
|poke|p1|Great Tusk|
|poke|p1|Hoopa-Unbound|
|poke|p1|Iron Valiant|
|poke|p1|Rillaboom, F|
|poke|p1|Slowking-Galar, M|
|poke|p2|Slowking-Galar, F|
|poke|p2|Whimsicott, F|
|poke|p2|Kyurem|
|poke|p2|Cinderace, F|
|poke|p2|Great Tusk|
|poke|p2|Alomomola, M|
|teampreview
|inactive|Battle timer is ON: inactive players will automatically lose when time's up. (requested by my2005)
|l|☆The median voter
|inactive|The median voter disconnected and has a minute to reconnect!
|player|p1|
|j|☆The median voter
|inactive|The median voter reconnected and has 140 seconds left.
|player|p1|The median voter|scientist-gen4dp|
|
|t:|1781237831
|teamsize|p1|6
|teamsize|p2|6
|start
|switch|p1a: Preacher|Zapdos|100/100
|switch|p2a: Whimsicott|Whimsicott, F|100/100
|turn|1
|
|t:|1781237842
|move|p2a: Whimsicott|Leech Seed|p1a: Preacher
|-start|p1a: Preacher|move: Leech Seed
|move|p1a: Preacher|Hurricane|p2a: Whimsicott|[miss]
|-miss|p1a: Preacher|p2a: Whimsicott
|
|-damage|p1a: Preacher|88/100|[from] Leech Seed|[of] p2a: Whimsicott
|upkeep
|turn|2
|j| kanaete onegai
|l|☆The median voter
|inactive|The median voter disconnected and has a minute to reconnect!
|player|p1|
|j|☆The median voter
|inactive|The median voter reconnected.
|player|p1|The median voter|scientist-gen4dp|
|
|t:|1781237866
|move|p2a: Whimsicott|U-turn|p1a: Preacher
|-resisted|p1a: Preacher
|-damage|p1a: Preacher|84/100
|
|t:|1781237875
|switch|p2a: Kyurem|Kyurem|100/100|[from] U-turn
|-ability|p2a: Kyurem|Pressure
|move|p1a: Preacher|U-turn|p2a: Kyurem
|-damage|p2a: Kyurem|88/100
|
|t:|1781237891
|switch|p1a: The End of All|Hoopa-Unbound|100/100|[from] U-turn
|
|-heal|p2a: Kyurem|94/100|[from] item: Leftovers
|upkeep
|turn|3
|
|t:|1781237900
|switch|p2a: Alomomola|Alomomola, M|100/100
|move|p1a: The End of All|Psychic Noise|p2a: Alomomola
|-damage|p2a: Alomomola|48/100
|-start|p2a: Alomomola|move: Heal Block
|
|upkeep
|turn|4
|
|t:|1781237911
|move|p2a: Alomomola|Protect|p2a: Alomomola
|-singleturn|p2a: Alomomola|Protect
|move|p1a: The End of All|Psychic Noise|p2a: Alomomola
|-activate|p2a: Alomomola|move: Protect
|
|-end|p2a: Alomomola|move: Heal Block
|upkeep
|turn|5
|
|t:|1781237920
|switch|p2a: Slowking|Slowking-Galar, F|100/100
|move|p1a: The End of All|Psychic Noise|p2a: Slowking
|-damage|p2a: Slowking|75/100
|-start|p2a: Slowking|move: Heal Block
|
|upkeep
|turn|6
|l|☆The median voter
|inactive|The median voter disconnected and has a minute to reconnect!
|player|p1|
|j|☆The median voter
|inactive|The median voter reconnected and has 145 seconds left.
|player|p1|The median voter|scientist-gen4dp|
|
|t:|1781237937
|switch|p2a: Whimsicott|Whimsicott, F|100/100
|move|p1a: The End of All|Hyperspace Fury|p2a: Whimsicott
|-resisted|p2a: Whimsicott
|-damage|p2a: Whimsicott|74/100
|-unboost|p1a: The End of All|def|1
|
|-heal|p2a: Whimsicott|81/100|[from] item: Leftovers
|upkeep
|turn|7
|
|t:|1781237946
|move|p2a: Whimsicott|Encore|p1a: The End of All
|-hint|Since gen 7, Dark is immune to Prankster moves.
|-immune|p1a: The End of All
|move|p1a: The End of All|Psychic Noise|p2a: Whimsicott
|-damage|p2a: Whimsicott|15/100
|-start|p2a: Whimsicott|move: Heal Block
|
|upkeep
|turn|8
|
|t:|1781237952
|move|p2a: Whimsicott|U-turn|p1a: The End of All
|-supereffective|p1a: The End of All
|-damage|p1a: The End of All|3/100
|
|t:|1781237956
|switch|p2a: Alomomola|Alomomola, M|81/100|[from] U-turn
|move|p1a: The End of All|Psychic Noise|p2a: Alomomola
|-damage|p2a: Alomomola|25/100
|-start|p2a: Alomomola|move: Heal Block
|
|upkeep
|turn|9
|l|☆The median voter
|inactive|The median voter disconnected and has a minute to reconnect!
|player|p1|
|j|☆The median voter
|inactive|The median voter reconnected and has 135 seconds left.
|player|p1|The median voter|scientist-gen4dp|
|
|t:|1781237977
|move|p2a: Alomomola|Protect|p2a: Alomomola
|-singleturn|p2a: Alomomola|Protect
|move|p1a: The End of All|Psychic Noise|p2a: Alomomola
|-activate|p2a: Alomomola|move: Protect
|
|-end|p2a: Alomomola|move: Heal Block
|upkeep
|turn|10
|
|t:|1781237982
|move|p2a: Alomomola|Aqua Jet|p1a: The End of All
|-damage|p1a: The End of All|0 fnt
|faint|p1a: The End of All
|
|upkeep
|
|t:|1781237991
|switch|p1a: Preacher|Zapdos|84/100
|turn|11
|
|t:|1781237999
|switch|p2a: Slowking|Slowking-Galar, F|100/100
|move|p1a: Preacher|U-turn|p2a: Slowking
|-damage|p2a: Slowking|88/100
|l|☆The median voter
|inactive|The median voter disconnected and has a minute to reconnect!
|player|p1|
|j|☆The median voter
|inactive|The median voter reconnected and has 140 seconds left.
|player|p1|The median voter|scientist-gen4dp|
|
|t:|1781238012
|switch|p1a: Templar|Great Tusk|100/100|[from] U-turn
|
|upkeep
|turn|12
|
|t:|1781238023
|switch|p2a: Kyurem|Kyurem|94/100
|-ability|p2a: Kyurem|Pressure
|move|p1a: Templar|Headlong Rush|p2a: Kyurem
|-damage|p2a: Kyurem|38/100
|-unboost|p1a: Templar|def|1
|-unboost|p1a: Templar|spd|1
|
|-heal|p2a: Kyurem|44/100|[from] item: Leftovers
|upkeep
|turn|13
|
|t:|1781238028
|-end|p1a: Templar|Protosynthesis|[silent]
|switch|p1a: Bishop|Slowking-Galar, M|100/100
|move|p2a: Kyurem|Substitute|p2a: Kyurem
|-start|p2a: Kyurem|Substitute
|-damage|p2a: Kyurem|20/100
|
|-heal|p2a: Kyurem|26/100|[from] item: Leftovers
|upkeep
|turn|14
|
|t:|1781238032
|move|p2a: Kyurem|Protect|p2a: Kyurem
|-singleturn|p2a: Kyurem|Protect
|-prepare|p1a: Bishop|Chilly Reception|[premajor]
|move|p1a: Bishop|Chilly Reception|p1a: Bishop
|-weather|Snowscape
|
|t:|1781238034
|switch|p1a: Acolyte|Iron Valiant|100/100|[from] Chilly Reception
|-enditem|p1a: Acolyte|Booster Energy
|-activate|p1a: Acolyte|ability: Quark Drive|[fromitem]
|-start|p1a: Acolyte|quarkdrivespe
|
|-weather|Snowscape|[upkeep]
|-heal|p2a: Kyurem|32/100|[from] item: Leftovers
|upkeep
|turn|15
|
|t:|1781238039
|move|p1a: Acolyte|Encore|p2a: Kyurem
|-start|p2a: Kyurem|Encore
|move|p2a: Kyurem|Protect||[still]
|-fail|p2a: Kyurem
|
|-weather|Snowscape|[upkeep]
|-heal|p2a: Kyurem|38/100|[from] item: Leftovers
|upkeep
|turn|16
|
|t:|1781238042
|move|p2a: Kyurem|Protect|p2a: Kyurem
|-singleturn|p2a: Kyurem|Protect
|move|p1a: Acolyte|Calm Mind|p1a: Acolyte
|-boost|p1a: Acolyte|spa|1
|-boost|p1a: Acolyte|spd|1
|
|-weather|Snowscape|[upkeep]
|-heal|p2a: Kyurem|44/100|[from] item: Leftovers
|upkeep
|turn|17
|
|t:|1781238044
|switch|p2a: Slowking|Slowking-Galar, F|100/100
|move|p1a: Acolyte|Moonblast|p2a: Slowking
|-resisted|p2a: Slowking
|-damage|p2a: Slowking|82/100
|
|-weather|Snowscape|[upkeep]
|upkeep
|turn|18
|
|t:|1781238051
|-end|p1a: Acolyte|Quark Drive|[silent]
|switch|p1a: Templar|Great Tusk|100/100
|move|p2a: Slowking|Sludge Wave|p1a: Templar
|-resisted|p1a: Templar
|-damage|p1a: Templar|65/100
|
|-weather|none
|upkeep
|turn|19
|
|t:|1781238059
|switch|p2a: Alomomola|Alomomola, M|59/100
|move|p1a: Templar|Headlong Rush|p2a: Alomomola
|-damage|p2a: Alomomola|23/100
|-unboost|p1a: Templar|def|1
|-unboost|p1a: Templar|spd|1
|-damage|p1a: Templar|48/100|[from] item: Rocky Helmet|[of] p2a: Alomomola
|
|upkeep
|turn|20
|
|t:|1781238067
|switch|p2a: Great Tusk|Great Tusk|100/100
|-enditem|p2a: Great Tusk|Booster Energy
|-activate|p2a: Great Tusk|ability: Protosynthesis|[fromitem]
|-start|p2a: Great Tusk|protosynthesisspe
|-terastallize|p1a: Templar|Steel
|move|p1a: Templar|Headlong Rush|p2a: Great Tusk
|-damage|p2a: Great Tusk|64/100
|-unboost|p1a: Templar|def|1
|-unboost|p1a: Templar|spd|1
|
|upkeep
|turn|21
|
|t:|1781238086
|-end|p1a: Templar|Protosynthesis|[silent]
|switch|p1a: Preacher|Zapdos|84/100
|move|p2a: Great Tusk|Bulk Up|p2a: Great Tusk
|-boost|p2a: Great Tusk|atk|1
|-boost|p2a: Great Tusk|def|1
|
|upkeep
|turn|22
|
|t:|1781238101
|-end|p2a: Great Tusk|Protosynthesis|[silent]
|switch|p2a: Slowking|Slowking-Galar, F|100/100
|move|p1a: Preacher|Hurricane|p2a: Slowking
|-damage|p2a: Slowking|76/100
|
|upkeep
|turn|23
|
|t:|1781238109
|move|p1a: Preacher|U-turn|p2a: Slowking
|-damage|p2a: Slowking|63/100
|
|t:|1781238112
|switch|p1a: Bishop|Slowking-Galar, M|100/100|[from] U-turn
|move|p2a: Slowking|Ice Beam|p1a: Bishop
|-damage|p1a: Bishop|85/100
|
|-heal|p1a: Bishop|91/100|[from] item: Black Sludge
|upkeep
|turn|24
|
|t:|1781238128
|switch|p2a: Alomomola|Alomomola, M|56/100
|-prepare|p1a: Bishop|Chilly Reception|[premajor]
|move|p1a: Bishop|Chilly Reception|p1a: Bishop
|-weather|Snowscape
|
|t:|1781238131
|switch|p1a: Zealot|Rillaboom, F|100/100|[from] Chilly Reception
|-fieldstart|move: Grassy Terrain|[from] ability: Grassy Surge|[of] p1a: Zealot
|
|-weather|Snowscape|[upkeep]
|-heal|p2a: Alomomola|63/100|[from] Grassy Terrain
|upkeep
|turn|25
|
|t:|1781238134
|move|p2a: Alomomola|Protect|p2a: Alomomola
|-singleturn|p2a: Alomomola|Protect
|move|p1a: Zealot|Wood Hammer|p2a: Alomomola
|-activate|p2a: Alomomola|move: Protect
|
|-weather|Snowscape|[upkeep]
|-heal|p2a: Alomomola|69/100|[from] Grassy Terrain
|upkeep
|turn|26
|inactive|my2005 has 120 seconds left.
|
|t:|1781238166
|switch|p2a: Whimsicott|Whimsicott, F|15/100
|move|p1a: Zealot|Wood Hammer|p2a: Whimsicott
|-resisted|p2a: Whimsicott
|-damage|p2a: Whimsicott|0 fnt
|faint|p2a: Whimsicott
|-damage|p1a: Zealot|97/100|[from] Recoil
|
|-weather|Snowscape|[upkeep]
|-heal|p1a: Zealot|100/100|[from] Grassy Terrain
|upkeep
|
|t:|1781238169
|switch|p2a: Kyurem|Kyurem|44/100
|-ability|p2a: Kyurem|Pressure
|turn|27
|
|t:|1781238171
|switch|p1a: Bishop|Slowking-Galar, M|100/100
|move|p2a: Kyurem|Freeze-Dry|p1a: Bishop
|-damage|p1a: Bishop|80/100
|
|-weather|Snowscape|[upkeep]
|-heal|p2a: Kyurem|50/100|[from] Grassy Terrain
|-heal|p2a: Kyurem|56/100|[from] item: Leftovers
|-heal|p1a: Bishop|86/100|[from] Grassy Terrain
|-heal|p1a: Bishop|92/100|[from] item: Black Sludge
|upkeep
|turn|28
|
|t:|1781238183
|move|p2a: Kyurem|Substitute|p2a: Kyurem
|-start|p2a: Kyurem|Substitute
|-damage|p2a: Kyurem|31/100
|-prepare|p1a: Bishop|Chilly Reception|[premajor]
|move|p1a: Bishop|Chilly Reception|p1a: Bishop
|
|t:|1781238189
|switch|p1a: Acolyte|Iron Valiant|100/100|[from] Chilly Reception
|
|-weather|none
|-heal|p2a: Kyurem|37/100|[from] Grassy Terrain
|-heal|p2a: Kyurem|43/100|[from] item: Leftovers
|-fieldend|move: Grassy Terrain
|upkeep
|turn|29
|
|t:|1781238193
|move|p2a: Kyurem|Protect|p2a: Kyurem
|-singleturn|p2a: Kyurem|Protect
|move|p1a: Acolyte|Encore|p2a: Kyurem
|-activate|p2a: Kyurem|move: Protect
|
|-heal|p2a: Kyurem|49/100|[from] item: Leftovers
|upkeep
|turn|30
|
|t:|1781238198
|move|p1a: Acolyte|Encore|p2a: Kyurem
|-start|p2a: Kyurem|Encore
|move|p2a: Kyurem|Protect||[still]
|-fail|p2a: Kyurem
|
|-heal|p2a: Kyurem|55/100|[from] item: Leftovers
|upkeep
|turn|31
|
|t:|1781238203
|-end|p1a: Acolyte|Quark Drive|[silent]
|switch|p1a: Zealot|Rillaboom, F|100/100
|-fieldstart|move: Grassy Terrain|[from] ability: Grassy Surge|[of] p1a: Zealot
|move|p2a: Kyurem|Protect||[still]
|-fail|p2a: Kyurem
|
|-heal|p2a: Kyurem|61/100|[from] Grassy Terrain
|-heal|p2a: Kyurem|67/100|[from] item: Leftovers
|upkeep
|turn|32
|
|t:|1781238206
|move|p2a: Kyurem|Protect|p2a: Kyurem
|-singleturn|p2a: Kyurem|Protect
|move|p1a: Zealot|U-turn|p2a: Kyurem
|-activate|p2a: Kyurem|move: Protect
|
|-heal|p2a: Kyurem|73/100|[from] Grassy Terrain
|-heal|p2a: Kyurem|79/100|[from] item: Leftovers
|-end|p2a: Kyurem|Encore
|upkeep
|turn|33
|
|t:|1781238210
|switch|p1a: Bishop|Slowking-Galar, M|100/100
|move|p2a: Kyurem|Freeze-Dry|p1a: Bishop
|-damage|p1a: Bishop|80/100
|
|-heal|p2a: Kyurem|85/100|[from] Grassy Terrain
|-heal|p2a: Kyurem|91/100|[from] item: Leftovers
|-heal|p1a: Bishop|87/100|[from] Grassy Terrain
|-heal|p1a: Bishop|93/100|[from] item: Black Sludge
|upkeep
|turn|34
|
|t:|1781238216
|move|p2a: Kyurem|Earth Power|p1a: Bishop
|-supereffective|p1a: Bishop
|-crit|p1a: Bishop
|-damage|p1a: Bishop|35/100
|move|p1a: Bishop|Sludge Bomb|p2a: Kyurem
|-end|p2a: Kyurem|Substitute
|
|-heal|p2a: Kyurem|97/100|[from] Grassy Terrain
|-heal|p2a: Kyurem|100/100|[from] item: Leftovers
|-heal|p1a: Bishop|41/100|[from] Grassy Terrain
|-heal|p1a: Bishop|47/100|[from] item: Black Sludge
|upkeep
|turn|35
|
|t:|1781238225
|move|p2a: Kyurem|Substitute|p2a: Kyurem
|-start|p2a: Kyurem|Substitute
|-damage|p2a: Kyurem|76/100
|-prepare|p1a: Bishop|Chilly Reception|[premajor]
|move|p1a: Bishop|Chilly Reception|p1a: Bishop
|-weather|Snowscape
|
|t:|1781238228
|switch|p1a: Acolyte|Iron Valiant|100/100|[from] Chilly Reception
|
|-weather|Snowscape|[upkeep]
|-heal|p2a: Kyurem|82/100|[from] Grassy Terrain
|-heal|p2a: Kyurem|88/100|[from] item: Leftovers
|-fieldend|move: Grassy Terrain
|upkeep
|turn|36
|
|t:|1781238230
|move|p2a: Kyurem|Protect|p2a: Kyurem
|-singleturn|p2a: Kyurem|Protect
|move|p1a: Acolyte|Calm Mind|p1a: Acolyte
|-boost|p1a: Acolyte|spa|1
|-boost|p1a: Acolyte|spd|1
|
|-weather|Snowscape|[upkeep]
|-heal|p2a: Kyurem|94/100|[from] item: Leftovers
|upkeep
|turn|37
|
|t:|1781238234
|move|p1a: Acolyte|Encore|p2a: Kyurem
|-start|p2a: Kyurem|Encore
|move|p2a: Kyurem|Protect||[still]
|-fail|p2a: Kyurem
|
|-weather|Snowscape|[upkeep]
|-heal|p2a: Kyurem|99/100|[from] item: Leftovers
|upkeep
|turn|38
|
|t:|1781238236
|move|p2a: Kyurem|Protect|p2a: Kyurem
|-singleturn|p2a: Kyurem|Protect
|move|p1a: Acolyte|Moonblast|p2a: Kyurem
|-activate|p2a: Kyurem|move: Protect
|
|-weather|Snowscape|[upkeep]
|-heal|p2a: Kyurem|100/100|[from] item: Leftovers
|upkeep
|turn|39
|
|t:|1781238242
|switch|p2a: Slowking|Slowking-Galar, F|96/100
|move|p1a: Acolyte|Moonblast|p2a: Slowking
|-resisted|p2a: Slowking
|-damage|p2a: Slowking|78/100
|
|-weather|none
|upkeep
|turn|40
|
|t:|1781238245
|move|p1a: Acolyte|Calm Mind|p1a: Acolyte
|-boost|p1a: Acolyte|spa|1
|-boost|p1a: Acolyte|spd|1
|move|p2a: Slowking|Sludge Wave|p1a: Acolyte
|-supereffective|p1a: Acolyte
|-damage|p1a: Acolyte|18/100
|
|upkeep
|turn|41
|
|t:|1781238251
|-end|p1a: Acolyte|Quark Drive|[silent]
|switch|p1a: Bishop|Slowking-Galar, M|81/100
|move|p2a: Slowking|Sludge Wave|p1a: Bishop
|-resisted|p1a: Bishop
|-damage|p1a: Bishop|66/100
|
|-heal|p1a: Bishop|72/100|[from] item: Black Sludge
|upkeep
|turn|42
|
|t:|1781238262
|switch|p2a: Kyurem|Kyurem|100/100
|-ability|p2a: Kyurem|Pressure
|move|p1a: Bishop|Sludge Bomb|p2a: Kyurem
|-damage|p2a: Kyurem|67/100
|
|-heal|p2a: Kyurem|73/100|[from] item: Leftovers
|-heal|p1a: Bishop|78/100|[from] item: Black Sludge
|upkeep
|turn|43
|
|t:|1781238266
|move|p2a: Kyurem|Protect|p2a: Kyurem
|-singleturn|p2a: Kyurem|Protect
|move|p1a: Bishop|Sludge Bomb|p2a: Kyurem
|-activate|p2a: Kyurem|move: Protect
|
|-heal|p2a: Kyurem|79/100|[from] item: Leftovers
|-heal|p1a: Bishop|85/100|[from] item: Black Sludge
|upkeep
|turn|44
|
|t:|1781238283
|move|p2a: Kyurem|Earth Power|p1a: Bishop
|-supereffective|p1a: Bishop
|-damage|p1a: Bishop|47/100
|-unboost|p1a: Bishop|spd|1
|move|p1a: Bishop|Sludge Bomb|p2a: Kyurem
|-damage|p2a: Kyurem|49/100
|
|-heal|p2a: Kyurem|55/100|[from] item: Leftovers
|-heal|p1a: Bishop|54/100|[from] item: Black Sludge
|upkeep
|turn|45
|
|t:|1781238299
|switch|p1a: Zealot|Rillaboom, F|100/100
|-fieldstart|move: Grassy Terrain|[from] ability: Grassy Surge|[of] p1a: Zealot
|move|p2a: Kyurem|Earth Power|p1a: Zealot
|-resisted|p1a: Zealot
|-damage|p1a: Zealot|82/100
|
|-heal|p2a: Kyurem|61/100|[from] Grassy Terrain
|-heal|p2a: Kyurem|67/100|[from] item: Leftovers
|-heal|p1a: Zealot|89/100|[from] Grassy Terrain
|upkeep
|turn|46
|
|t:|1781238308
|move|p2a: Kyurem|Protect|p2a: Kyurem
|-singleturn|p2a: Kyurem|Protect
|move|p1a: Zealot|Grassy Glide|p2a: Kyurem
|-activate|p2a: Kyurem|move: Protect
|
|-heal|p2a: Kyurem|73/100|[from] Grassy Terrain
|-heal|p2a: Kyurem|79/100|[from] item: Leftovers
|-heal|p1a: Zealot|95/100|[from] Grassy Terrain
|upkeep
|turn|47
|
|t:|1781238314
|move|p1a: Zealot|Grassy Glide|p2a: Kyurem
|-resisted|p2a: Kyurem
|-damage|p2a: Kyurem|49/100
|move|p2a: Kyurem|Freeze-Dry|p1a: Zealot
|-supereffective|p1a: Zealot
|-damage|p1a: Zealot|7/100
|
|-heal|p2a: Kyurem|55/100|[from] Grassy Terrain
|-heal|p2a: Kyurem|61/100|[from] item: Leftovers
|-heal|p1a: Zealot|14/100|[from] Grassy Terrain
|upkeep
|turn|48
|
|t:|1781238320
|switch|p1a: Bishop|Slowking-Galar, M|87/100
|move|p2a: Kyurem|Protect||[still]
|-fail|p2a: Kyurem
|
|-heal|p2a: Kyurem|67/100|[from] Grassy Terrain
|-heal|p2a: Kyurem|73/100|[from] item: Leftovers
|-heal|p1a: Bishop|93/100|[from] Grassy Terrain
|-heal|p1a: Bishop|99/100|[from] item: Black Sludge
|upkeep
|turn|49
|
|t:|1781238345
|move|p2a: Kyurem|Protect|p2a: Kyurem
|-singleturn|p2a: Kyurem|Protect
|-prepare|p1a: Bishop|Chilly Reception|[premajor]
|move|p1a: Bishop|Chilly Reception|p1a: Bishop
|-weather|Snowscape
|
|t:|1781238350
|switch|p1a: Acolyte|Iron Valiant|18/100|[from] Chilly Reception
|
|-weather|Snowscape|[upkeep]
|-heal|p1a: Acolyte|24/100|[from] Grassy Terrain
|-heal|p2a: Kyurem|79/100|[from] Grassy Terrain
|-heal|p2a: Kyurem|85/100|[from] item: Leftovers
|-fieldend|move: Grassy Terrain
|upkeep
|turn|50
|
|t:|1781238365
|switch|p2a: Slowking|Slowking-Galar, F|100/100
|move|p1a: Acolyte|Moonblast|p2a: Slowking
|-resisted|p2a: Slowking
|-damage|p2a: Slowking|87/100
|
|-weather|Snowscape|[upkeep]
|upkeep
|turn|51
|
|t:|1781238373
|-end|p1a: Acolyte|Quark Drive|[silent]
|switch|p1a: Bishop|Slowking-Galar, M|100/100
|switch|p2a: Cinderace|Cinderace, F|100/100
|
|-weather|Snowscape|[upkeep]
|upkeep
|turn|52
|
|t:|1781238379
|switch|p1a: Preacher|Zapdos|84/100
|move|p2a: Cinderace|U-turn|p1a: Preacher
|-start|p2a: Cinderace|typechange|Bug|[from] ability: Libero
|-resisted|p1a: Preacher
|-crit|p1a: Preacher
|-damage|p1a: Preacher|67/100
|
|t:|1781238382
|switch|p2a: Kyurem|Kyurem|85/100|[from] U-turn
|-ability|p2a: Kyurem|Pressure
|
|-weather|Snowscape|[upkeep]
|-heal|p2a: Kyurem|91/100|[from] item: Leftovers
|upkeep
|turn|53
|
|t:|1781238393
|switch|p1a: Bishop|Slowking-Galar, M|100/100
|move|p2a: Kyurem|Substitute|p2a: Kyurem
|-start|p2a: Kyurem|Substitute
|-damage|p2a: Kyurem|67/100
|
|-weather|none
|-heal|p2a: Kyurem|73/100|[from] item: Leftovers
|upkeep
|turn|54
|
|t:|1781238400
|move|p2a: Kyurem|Earth Power|p1a: Bishop
|-supereffective|p1a: Bishop
|-damage|p1a: Bishop|60/100
|move|p1a: Bishop|Trick||[still]
|-fail|p1a: Bishop
|
|-heal|p2a: Kyurem|79/100|[from] item: Leftovers
|-heal|p1a: Bishop|66/100|[from] item: Black Sludge
|upkeep
|turn|55
|
|t:|1781238406
|move|p2a: Kyurem|Earth Power|p1a: Bishop
|-supereffective|p1a: Bishop
|-damage|p1a: Bishop|30/100
|-prepare|p1a: Bishop|Chilly Reception|[premajor]
|move|p1a: Bishop|Chilly Reception|p1a: Bishop
|-weather|Snowscape
|
|t:|1781238409
|switch|p1a: Acolyte|Iron Valiant|24/100|[from] Chilly Reception
|
|-weather|Snowscape|[upkeep]
|-heal|p2a: Kyurem|85/100|[from] item: Leftovers
|upkeep
|turn|56
|
|t:|1781238412
|-end|p1a: Acolyte|Quark Drive|[silent]
|switch|p1a: Bishop|Slowking-Galar, M|64/100
|move|p2a: Kyurem|Freeze-Dry|p1a: Bishop
|-damage|p1a: Bishop|42/100
|
|-weather|Snowscape|[upkeep]
|-heal|p2a: Kyurem|91/100|[from] item: Leftovers
|-heal|p1a: Bishop|48/100|[from] item: Black Sludge
|upkeep
|turn|57
|
|t:|1781238419
|switch|p1a: Preacher|Zapdos|67/100
|move|p2a: Kyurem|Earth Power|p1a: Preacher
|-immune|p1a: Preacher
|
|-weather|Snowscape|[upkeep]
|-heal|p2a: Kyurem|97/100|[from] item: Leftovers
|upkeep
|turn|58
|
|t:|1781238424
|switch|p1a: Bishop|Slowking-Galar, M|81/100
|move|p2a: Kyurem|Freeze-Dry|p1a: Bishop
|-damage|p1a: Bishop|61/100
|
|-weather|Snowscape|[upkeep]
|-heal|p2a: Kyurem|100/100|[from] item: Leftovers
|-heal|p1a: Bishop|67/100|[from] item: Black Sludge
|upkeep
|turn|59
|
|t:|1781238430
|move|p2a: Kyurem|Earth Power|p1a: Bishop
|-supereffective|p1a: Bishop
|-damage|p1a: Bishop|29/100
|move|p1a: Bishop|Sludge Bomb|p2a: Kyurem
|-end|p2a: Kyurem|Substitute
|
|-weather|none
|-heal|p1a: Bishop|35/100|[from] item: Black Sludge
|upkeep
|turn|60
|
|t:|1781238436
|move|p2a: Kyurem|Substitute|p2a: Kyurem
|-start|p2a: Kyurem|Substitute
|-damage|p2a: Kyurem|76/100
|move|p1a: Bishop|Sludge Bomb|p2a: Kyurem
|-end|p2a: Kyurem|Substitute
|
|-heal|p2a: Kyurem|82/100|[from] item: Leftovers
|-heal|p1a: Bishop|41/100|[from] item: Black Sludge
|upkeep
|turn|61
|
|t:|1781238439
|move|p2a: Kyurem|Earth Power|p1a: Bishop
|-supereffective|p1a: Bishop
|-damage|p1a: Bishop|4/100
|-prepare|p1a: Bishop|Chilly Reception|[premajor]
|move|p1a: Bishop|Chilly Reception|p1a: Bishop
|-weather|Snowscape
|
|t:|1781238442
|switch|p1a: Acolyte|Iron Valiant|24/100|[from] Chilly Reception
|
|-weather|Snowscape|[upkeep]
|-heal|p2a: Kyurem|88/100|[from] item: Leftovers
|upkeep
|turn|62
|
|t:|1781238448
|-end|p1a: Acolyte|Quark Drive|[silent]
|switch|p1a: Templar|Great Tusk, tera:Steel|48/100
|switch|p2a: Slowking|Slowking-Galar, F|100/100
|
|-weather|Snowscape|[upkeep]
|upkeep
|turn|63
|
|t:|1781238452
|switch|p2a: Alomomola|Alomomola, M|100/100
|move|p1a: Templar|Headlong Rush|p2a: Alomomola
|-damage|p2a: Alomomola|67/100
|-unboost|p1a: Templar|def|1
|-unboost|p1a: Templar|spd|1
|-damage|p1a: Templar|32/100|[from] item: Rocky Helmet|[of] p2a: Alomomola
|
|-weather|Snowscape|[upkeep]
|upkeep
|turn|64
|
|t:|1781238459
|-end|p1a: Templar|Protosynthesis|[silent]
|switch|p1a: Bishop|Slowking-Galar, M|37/100
|move|p2a: Alomomola|Flip Turn|p1a: Bishop
|-damage|p1a: Bishop|22/100
|
|t:|1781238467
|switch|p2a: Cinderace|Cinderace, F|100/100|[from] Flip Turn
|
|-weather|Snowscape|[upkeep]
|-heal|p1a: Bishop|28/100|[from] item: Black Sludge
|upkeep
|turn|65
|
|t:|1781238474
|switch|p1a: Zealot|Rillaboom, F|14/100
|-fieldstart|move: Grassy Terrain|[from] ability: Grassy Surge|[of] p1a: Zealot
|move|p2a: Cinderace|Pyro Ball|p1a: Zealot
|-supereffective|p1a: Zealot
|-damage|p1a: Zealot|0 fnt
|faint|p1a: Zealot
|
|-weather|none
|upkeep
|
|t:|1781238475
|switch|p1a: Preacher|Zapdos|67/100
|turn|66
|
|t:|1781238482
|switch|p2a: Slowking|Slowking-Galar, F|100/100
|move|p1a: Preacher|Roost|p1a: Preacher
|-heal|p1a: Preacher|100/100
|-singleturn|p1a: Preacher|move: Roost
|
|upkeep
|turn|67
|
|t:|1781238485
|switch|p1a: Bishop|Slowking-Galar, M|61/100
|move|p2a: Slowking|Ice Beam|p1a: Bishop
|-damage|p1a: Bishop|43/100
|
|-heal|p1a: Bishop|49/100|[from] Grassy Terrain
|-heal|p1a: Bishop|55/100|[from] item: Black Sludge
|upkeep
|turn|68
|
|t:|1781238506
|-prepare|p1a: Bishop|Chilly Reception|[premajor]
|move|p1a: Bishop|Chilly Reception|p1a: Bishop
|-weather|Snowscape
|l|☆The median voter
|inactive|The median voter disconnected and has a minute to reconnect!
|player|p1|
|j|☆The median voter
|inactive|The median voter reconnected and has 135 seconds left.
|player|p1|The median voter|scientist-gen4dp|
|
|t:|1781238524
|switch|p1a: Preacher|Zapdos|100/100|[from] Chilly Reception
|move|p2a: Slowking|Ice Beam|p1a: Preacher
|-supereffective|p1a: Preacher
|-damage|p1a: Preacher|43/100
|
|-weather|Snowscape|[upkeep]
|upkeep
|turn|69
|
|t:|1781238539
|move|p1a: Preacher|Roost|p1a: Preacher
|-heal|p1a: Preacher|93/100
|-singleturn|p1a: Preacher|move: Roost
|move|p2a: Slowking|Ice Beam|p1a: Preacher
|-damage|p1a: Preacher|64/100
|
|-weather|Snowscape|[upkeep]
|-heal|p1a: Preacher|70/100|[from] Grassy Terrain
|-fieldend|move: Grassy Terrain
|upkeep
|turn|70
|
|t:|1781238543
|switch|p1a: Bishop|Slowking-Galar, M|89/100
|move|p2a: Slowking|Sludge Wave|p1a: Bishop
|-resisted|p1a: Bishop
|-damage|p1a: Bishop|76/100
|
|-weather|Snowscape|[upkeep]
|-heal|p1a: Bishop|82/100|[from] item: Black Sludge
|upkeep
|turn|71
|
|t:|1781238552
|move|p1a: Bishop|Ice Beam|p2a: Slowking
|-damage|p2a: Slowking|87/100
|move|p2a: Slowking|Psychic|p1a: Bishop
|-damage|p1a: Bishop|57/100
|
|-weather|Snowscape|[upkeep]
|-heal|p1a: Bishop|63/100|[from] item: Black Sludge
|upkeep
|turn|72
|
|t:|1781238571
|switch|p2a: Kyurem|Kyurem|88/100
|-ability|p2a: Kyurem|Pressure
|-prepare|p1a: Bishop|Chilly Reception|[premajor]
|move|p1a: Bishop|Chilly Reception|p1a: Bishop
|l|☆The median voter
|inactive|The median voter disconnected and has a minute to reconnect!
|player|p1|
|j|☆The median voter
|inactive|The median voter reconnected and has 130 seconds left.
|player|p1|The median voter|scientist-gen4dp|
|
|t:|1781238592
|switch|p1a: Acolyte|Iron Valiant|24/100|[from] Chilly Reception
|
|-weather|none
|-heal|p2a: Kyurem|94/100|[from] item: Leftovers
|upkeep
|turn|73
|
|t:|1781238597
|-end|p1a: Acolyte|Quark Drive|[silent]
|switch|p1a: Templar|Great Tusk, tera:Steel|32/100
|switch|p2a: Slowking|Slowking-Galar, F|100/100
|
|upkeep
|turn|74
|
|t:|1781238619
|switch|p2a: Alomomola|Alomomola, M|100/100
|move|p1a: Templar|Stealth Rock|p2a: Alomomola
|-sidestart|p2: my2005|move: Stealth Rock
|
|upkeep
|turn|75
|
|t:|1781238624
|-end|p1a: Templar|Protosynthesis|[silent]
|switch|p1a: Preacher|Zapdos|70/100
|move|p2a: Alomomola|Flip Turn|p1a: Preacher
|-damage|p1a: Preacher|59/100
|
|t:|1781238630
|switch|p2a: Cinderace|Cinderace, F|100/100|[from] Flip Turn
|
|upkeep
|turn|76
|
|t:|1781238636
|move|p2a: Cinderace|Court Change|p2a: Cinderace
|-start|p2a: Cinderace|typechange|Normal|[from] ability: Libero
|-swapsideconditions
|-activate|p2a: Cinderace|move: Court Change
|move|p1a: Preacher|Discharge|p2a: Cinderace
|-damage|p2a: Cinderace|52/100
|-status|p2a: Cinderace|par
|
|upkeep
|turn|77
|
|t:|1781238642
|move|p1a: Preacher|Roost|p1a: Preacher
|-heal|p1a: Preacher|100/100
|-singleturn|p1a: Preacher|move: Roost
|cant|p2a: Cinderace|par
|
|upkeep
|turn|78
|
|t:|1781238649
|move|p1a: Preacher|Hurricane|p2a: Cinderace
|-damage|p2a: Cinderace|0 fnt
|faint|p2a: Cinderace
|
|upkeep
|
|t:|1781238651
|switch|p2a: Kyurem|Kyurem|94/100
|-ability|p2a: Kyurem|Pressure
|turn|79
|
|t:|1781238657
|switch|p1a: Bishop|Slowking-Galar, M|96/100
|-damage|p1a: Bishop|84/100|[from] Stealth Rock
|move|p2a: Kyurem|Substitute|p2a: Kyurem
|-start|p2a: Kyurem|Substitute
|-damage|p2a: Kyurem|69/100
|
|-heal|p2a: Kyurem|75/100|[from] item: Leftovers
|-heal|p1a: Bishop|90/100|[from] item: Black Sludge
|upkeep
|turn|80
|
|t:|1781238669
|switch|p1a: Preacher|Zapdos|100/100
|-terastallize|p2a: Kyurem|Ground
|move|p2a: Kyurem|Earth Power|p1a: Preacher
|-immune|p1a: Preacher
|
|-heal|p2a: Kyurem|81/100|[from] item: Leftovers
|upkeep
|turn|81
|
|t:|1781238673
|switch|p1a: Bishop|Slowking-Galar, M|100/100
|-damage|p1a: Bishop|88/100|[from] Stealth Rock
|move|p2a: Kyurem|Freeze-Dry|p1a: Bishop
|-damage|p1a: Bishop|65/100
|
|-heal|p2a: Kyurem|87/100|[from] item: Leftovers
|-heal|p1a: Bishop|71/100|[from] item: Black Sludge
|upkeep
|turn|82
|
|t:|1781238676
|switch|p1a: Preacher|Zapdos|100/100
|move|p2a: Kyurem|Earth Power|p1a: Preacher
|-immune|p1a: Preacher
|
|-heal|p2a: Kyurem|93/100|[from] item: Leftovers
|upkeep
|turn|83
|
|t:|1781238680
|switch|p1a: Bishop|Slowking-Galar, M|100/100
|-damage|p1a: Bishop|88/100|[from] Stealth Rock
|move|p2a: Kyurem|Freeze-Dry|p1a: Bishop
|-damage|p1a: Bishop|66/100
|
|-heal|p2a: Kyurem|99/100|[from] item: Leftovers
|-heal|p1a: Bishop|73/100|[from] item: Black Sludge
|upkeep
|turn|84
|
|t:|1781238685
|move|p2a: Kyurem|Freeze-Dry|p1a: Bishop
|-damage|p1a: Bishop|52/100
|move|p1a: Bishop|Sludge Bomb|p2a: Kyurem
|-resisted|p2a: Kyurem
|-activate|p2a: Kyurem|move: Substitute|[damage]
|
|-heal|p2a: Kyurem|100/100|[from] item: Leftovers
|-heal|p1a: Bishop|58/100|[from] item: Black Sludge
|upkeep
|turn|85
|
|t:|1781238691
|move|p2a: Kyurem|Freeze-Dry|p1a: Bishop
|-damage|p1a: Bishop|37/100
|move|p1a: Bishop|Ice Beam|p2a: Kyurem
|-supereffective|p2a: Kyurem
|-end|p2a: Kyurem|Substitute
|
|-heal|p1a: Bishop|43/100|[from] item: Black Sludge
|upkeep
|turn|86
|
|t:|1781238695
|move|p2a: Kyurem|Substitute|p2a: Kyurem
|-start|p2a: Kyurem|Substitute
|-damage|p2a: Kyurem|76/100
|move|p1a: Bishop|Ice Beam|p2a: Kyurem
|-supereffective|p2a: Kyurem
|-crit|p2a: Kyurem
|-end|p2a: Kyurem|Substitute
|
|-heal|p2a: Kyurem|82/100|[from] item: Leftovers
|-heal|p1a: Bishop|49/100|[from] item: Black Sludge
|upkeep
|turn|87
|
|t:|1781238698
|move|p2a: Kyurem|Earth Power|p1a: Bishop
|-supereffective|p1a: Bishop
|-damage|p1a: Bishop|0 fnt
|faint|p1a: Bishop
|
|-heal|p2a: Kyurem|88/100|[from] item: Leftovers
|upkeep
|
|t:|1781238706
|switch|p1a: Acolyte|Iron Valiant|24/100
|-damage|p1a: Acolyte|18/100|[from] Stealth Rock
|turn|88
|
|t:|1781238711
|move|p1a: Acolyte|Moonblast|p2a: Kyurem
|-damage|p2a: Kyurem|43/100
|-unboost|p2a: Kyurem|spa|1
|move|p2a: Kyurem|Freeze-Dry|p1a: Acolyte
|-damage|p1a: Acolyte|0 fnt
|faint|p1a: Acolyte
|-end|p1a: Acolyte|Quark Drive|[silent]
|
|-heal|p2a: Kyurem|49/100|[from] item: Leftovers
|upkeep
|
|t:|1781238716
|switch|p1a: Templar|Great Tusk, tera:Steel|32/100
|turn|89
|
|t:|1781238719
|switch|p2a: Alomomola|Alomomola, M|100/100
|move|p1a: Templar|Headlong Rush|p2a: Alomomola
|-damage|p2a: Alomomola|65/100
|-unboost|p1a: Templar|def|1
|-unboost|p1a: Templar|spd|1
|-damage|p1a: Templar|16/100|[from] item: Rocky Helmet|[of] p2a: Alomomola
|
|upkeep
|turn|90
|-message|The median voter forfeited.
|
|win|my2005
|raw|The median voter's rating: 1576 &rarr; <strong>1561</strong><br />(-15 for losing)
|raw|my2005's rating: 1669 &rarr; <strong>1684</strong><br />(+15 for winning)
|l|☆The median voter
|player|p1|
|l|☆my2005
|player|p2|
