|j|☆lord shiddenfards
|j|☆Topclass-A
|t:|1781331635
|gametype|singles
|player|p1|lord shiddenfards|blaine|1701
|player|p2|Topclass-A|bellelba|1585
|gen|9
|tier|[Gen 9] OU
|rated|
|rule|HP Percentage Mod: HP is shown in percentages
|rule|Endless Battle Clause: Forcing endless battles is banned
|rule|Species Clause: Limit one of each Pokémon
|rule|OHKO Clause: OHKO moves are banned
|rule|Evasion Items Clause: Evasion items are banned
|rule|Evasion Moves Clause: Evasion moves are banned
|rule|Evasion Abilities Clause: Evasion abilities are banned
|rule|Sleep Moves Clause: Sleep-inducing moves are banned
|clearpoke
|poke|p1|Ninetales, F|
|poke|p1|Great Tusk|
|poke|p1|Slither Wing|
|poke|p1|Alomomola, F|
|poke|p1|Iron Moth|
|poke|p1|Raging Bolt|
|poke|p2|Pecharunt|
|poke|p2|Landorus-Therian, M|
|poke|p2|Cinderace, M|
|poke|p2|Iron Valiant|
|poke|p2|Primarina, M|
|poke|p2|Ogerpon-Wellspring, F|
|teampreview
|inactive|Battle timer is ON: inactive players will automatically lose when time's up. (requested by Topclass-A)
|
|t:|1781331642
|teamsize|p1|6
|teamsize|p2|6
|start
|switch|p1a: Ninetales|Ninetales, F|100/100
|switch|p2a: Enten|Landorus-Therian, M, shiny|100/100
|-ability|p2a: Enten|Intimidate|boost
|-unboost|p1a: Ninetales|atk|1
|-weather|SunnyDay|[from] ability: Drought|[of] p1a: Ninetales
|turn|1
|
|t:|1781331645
|move|p2a: Enten|Earthquake|p1a: Ninetales
|-supereffective|p1a: Ninetales
|-damage|p1a: Ninetales|0 fnt
|faint|p1a: Ninetales
|
|-weather|SunnyDay|[upkeep]
|upkeep
|
|t:|1781331648
|switch|p1a: Great Tusk|Great Tusk|100/100
|-activate|p1a: Great Tusk|ability: Protosynthesis
|-start|p1a: Great Tusk|protosynthesisspe
|turn|2
|
|t:|1781331655
|switch|p2a: Overseer|Pecharunt|100/100
|move|p1a: Great Tusk|Bulk Up|p1a: Great Tusk
|-boost|p1a: Great Tusk|atk|1
|-boost|p1a: Great Tusk|def|1
|
|-weather|SunnyDay|[upkeep]
|upkeep
|turn|3
|
|t:|1781331657
|move|p1a: Great Tusk|Headlong Rush|p2a: Overseer
|-supereffective|p2a: Overseer
|-damage|p2a: Overseer|34/100
|-unboost|p1a: Great Tusk|def|1
|-unboost|p1a: Great Tusk|spd|1
|-damage|p1a: Great Tusk|84/100|[from] item: Rocky Helmet|[of] p2a: Overseer
|move|p2a: Overseer|Parting Shot|p1a: Great Tusk
|-unboost|p1a: Great Tusk|atk|1
|-unboost|p1a: Great Tusk|spa|1
|
|t:|1781331663
|switch|p2a: Enten|Landorus-Therian, M, shiny|100/100|[from] Parting Shot
|-ability|p2a: Enten|Intimidate|boost
|-unboost|p1a: Great Tusk|atk|1
|
|-weather|SunnyDay|[upkeep]
|upkeep
|turn|4
|
|t:|1781331670
|move|p2a: Enten|Grass Knot|p1a: Great Tusk
|-supereffective|p1a: Great Tusk
|-damage|p1a: Great Tusk|0 fnt
|faint|p1a: Great Tusk
|-end|p1a: Great Tusk|Protosynthesis|[silent]
|
|-weather|SunnyDay|[upkeep]
|upkeep
|
|t:|1781331678
|switch|p1a: Raging Bolt|Raging Bolt|100/100
|-activate|p1a: Raging Bolt|ability: Protosynthesis
|-start|p1a: Raging Bolt|protosynthesisspa
|turn|5
|
|t:|1781331682
|switch|p2a: Overseer|Pecharunt|34/100
|move|p1a: Raging Bolt|Weather Ball|p2a: Overseer
|-damage|p2a: Overseer|0 fnt
|faint|p2a: Overseer
|
|-weather|none
|-end|p1a: Raging Bolt|Protosynthesis
|upkeep
|
|t:|1781331685
|switch|p2a: Calamity|Iron Valiant, shiny|100/100
|turn|6
|
|t:|1781331687
|move|p2a: Calamity|Moonblast|p1a: Raging Bolt
|-supereffective|p1a: Raging Bolt
|-damage|p1a: Raging Bolt|27/100
|-damage|p2a: Calamity|90/100|[from] item: Life Orb
|move|p1a: Raging Bolt|Volt Switch|p2a: Calamity
|-damage|p2a: Calamity|10/100
|
|t:|1781331698
|-end|p1a: Raging Bolt|Protosynthesis|[silent]
|switch|p1a: Iron Moth|Iron Moth|100/100|[from] Volt Switch
|-enditem|p1a: Iron Moth|Booster Energy
|-activate|p1a: Iron Moth|ability: Quark Drive|[fromitem]
|-start|p1a: Iron Moth|quarkdrivespe
|
|upkeep
|turn|7
|j| choispecs ironmoth
|
|t:|1781331727
|-end|p2a: Calamity|Quark Drive|[silent]
|switch|p2a: Primarina|Primarina, M|100/100
|move|p1a: Iron Moth|Fiery Dance|p2a: Primarina
|-resisted|p2a: Primarina
|-damage|p2a: Primarina|88/100
|-boost|p1a: Iron Moth|spa|1
|
|upkeep
|turn|8
|
|t:|1781331731
|-terastallize|p2a: Primarina|Steel
|move|p1a: Iron Moth|Sludge Wave|p2a: Primarina
|-immune|p2a: Primarina
|move|p2a: Primarina|Surf|p1a: Iron Moth
|-supereffective|p1a: Iron Moth
|-damage|p1a: Iron Moth|10/100
|
|upkeep
|turn|9
|
|t:|1781331736
|switch|p2a: Liberacy|Cinderace, M, shiny|100/100
|move|p1a: Iron Moth|Fiery Dance|p2a: Liberacy
|-resisted|p2a: Liberacy
|-crit|p2a: Liberacy
|-damage|p2a: Liberacy|38/100
|-boost|p1a: Iron Moth|spa|1
|
|upkeep
|turn|10
|
|t:|1781331739
|move|p1a: Iron Moth|Substitute|p1a: Iron Moth
|-fail|p1a: Iron Moth|move: Substitute|[weak]
|move|p2a: Liberacy|Pyro Ball|p1a: Iron Moth
|-resisted|p1a: Iron Moth
|-damage|p1a: Iron Moth|0 fnt
|faint|p1a: Iron Moth
|-end|p1a: Iron Moth|Quark Drive|[silent]
|
|upkeep
|
|t:|1781331743
|switch|p1a: Alomomola|Alomomola, F|100/100
|turn|11
|
|t:|1781331748
|switch|p2a: Ogerpon|Ogerpon-Wellspring, F|100/100
|move|p1a: Alomomola|Wish|p1a: Alomomola
|
|upkeep
|turn|12
|
|t:|1781331759
|switch|p1a: Raging Bolt|Raging Bolt|27/100
|move|p2a: Ogerpon|Swords Dance|p2a: Ogerpon
|-boost|p2a: Ogerpon|atk|2
|
|-heal|p1a: Raging Bolt|80/100|[from] move: Wish|[wisher] Alomomola
|upkeep
|turn|13
|
|t:|1781331766
|move|p2a: Ogerpon|Knock Off|p1a: Raging Bolt
|-damage|p1a: Raging Bolt|19/100
|-enditem|p1a: Raging Bolt|Assault Vest|[from] move: Knock Off|[of] p2a: Ogerpon
|move|p1a: Raging Bolt|Draco Meteor|p2a: Ogerpon
|-damage|p2a: Ogerpon|15/100
|-unboost|p1a: Raging Bolt|spa|2
|
|upkeep
|turn|14
|
|t:|1781331773
|switch|p2a: Enten|Landorus-Therian, M, shiny|100/100
|-ability|p2a: Enten|Intimidate|boost
|-unboost|p1a: Raging Bolt|atk|1
|move|p1a: Raging Bolt|Thunderclap||[still]
|-fail|p1a: Raging Bolt
|
|upkeep
|turn|15
|
|t:|1781331775
|-end|p1a: Raging Bolt|Protosynthesis|[silent]
|switch|p1a: Alomomola|Alomomola, F|100/100
|move|p2a: Enten|Earthquake|p1a: Alomomola
|-damage|p1a: Alomomola|61/100
|-enditem|p1a: Alomomola|Eject Button
|
|t:|1781331779
|switch|p1a: Slither Wing|Slither Wing|100/100
|
|upkeep
|turn|16
|
|t:|1781331787
|switch|p2a: Ogerpon|Ogerpon-Wellspring, F|15/100
|move|p1a: Slither Wing|U-turn|p2a: Ogerpon
|-supereffective|p2a: Ogerpon
|-damage|p2a: Ogerpon|0 fnt
|faint|p2a: Ogerpon
|
|t:|1781331790
|-end|p1a: Slither Wing|Protosynthesis|[silent]
|switch|p1a: Alomomola|Alomomola, F|94/100|[from] U-turn
|
|upkeep
|
|t:|1781331792
|switch|p2a: Calamity|Iron Valiant, shiny|10/100
|turn|17
|
|t:|1781331796
|move|p2a: Calamity|Thunderbolt|p1a: Alomomola
|-supereffective|p1a: Alomomola
|-damage|p1a: Alomomola|29/100
|-damage|p2a: Calamity|0 fnt|[from] item: Life Orb
|faint|p2a: Calamity
|-end|p2a: Calamity|Quark Drive|[silent]
|move|p1a: Alomomola|Wish|p1a: Alomomola
|
|upkeep
|
|t:|1781331809
|switch|p2a: Primarina|Primarina, M, tera:Steel|88/100
|turn|18
|
|t:|1781331814
|move|p1a: Alomomola|Protect|p1a: Alomomola
|-singleturn|p1a: Alomomola|Protect
|move|p2a: Primarina|Psychic Noise|p1a: Alomomola
|-activate|p1a: Alomomola|move: Protect
|
|-heal|p1a: Alomomola|79/100|[from] move: Wish|[wisher] Alomomola
|upkeep
|turn|19
|
|t:|1781331822
|move|p2a: Primarina|Psychic Noise|p1a: Alomomola
|-damage|p1a: Alomomola|55/100
|-start|p1a: Alomomola|move: Heal Block
|move|p1a: Alomomola|Flip Turn|p2a: Primarina
|-damage|p2a: Primarina|66/100
|
|t:|1781331825
|switch|p1a: Slither Wing|Slither Wing|100/100|[from] Flip Turn
|
|upkeep
|turn|20
|
|t:|1781331834
|switch|p2a: Enten|Landorus-Therian, M, shiny|100/100
|-ability|p2a: Enten|Intimidate|boost
|-unboost|p1a: Slither Wing|atk|1
|move|p1a: Slither Wing|Close Combat|p2a: Enten
|-resisted|p2a: Enten
|-damage|p2a: Enten|61/100
|-unboost|p1a: Slither Wing|def|1
|-unboost|p1a: Slither Wing|spd|1
|
|upkeep
|turn|21
|
|t:|1781331837
|-end|p1a: Slither Wing|Protosynthesis|[silent]
|switch|p1a: Alomomola|Alomomola, F|88/100
|move|p2a: Enten|Earthquake|p1a: Alomomola
|-damage|p1a: Alomomola|52/100
|
|upkeep
|turn|22
|
|t:|1781331843
|move|p2a: Enten|Earthquake|p1a: Alomomola
|-damage|p1a: Alomomola|17/100
|move|p1a: Alomomola|Flip Turn|p2a: Enten
|-supereffective|p2a: Enten
|-damage|p2a: Enten|25/100
|
|t:|1781331847
|switch|p1a: Slither Wing|Slither Wing|100/100|[from] Flip Turn
|
|upkeep
|turn|23
|
|t:|1781331853
|switch|p2a: Liberacy|Cinderace, M, shiny|38/100
|move|p1a: Slither Wing|Close Combat|p2a: Liberacy
|-damage|p2a: Liberacy|0 fnt
|-unboost|p1a: Slither Wing|def|1
|-unboost|p1a: Slither Wing|spd|1
|faint|p2a: Liberacy
|
|upkeep
|
|t:|1781331857
|switch|p2a: Enten|Landorus-Therian, M, shiny|25/100
|-ability|p2a: Enten|Intimidate|boost
|-unboost|p1a: Slither Wing|atk|1
|turn|24
|
|t:|1781331863
|-end|p1a: Slither Wing|Protosynthesis|[silent]
|switch|p1a: Raging Bolt|Raging Bolt|19/100
|move|p2a: Enten|Stone Edge|p1a: Raging Bolt
|-damage|p1a: Raging Bolt|0 fnt
|faint|p1a: Raging Bolt
|-end|p1a: Raging Bolt|Protosynthesis|[silent]
|
|upkeep
|
|t:|1781331868
|switch|p1a: Slither Wing|Slither Wing|100/100
|turn|25
|
|t:|1781331870
|move|p2a: Enten|Stone Edge|p1a: Slither Wing
|-crit|p1a: Slither Wing
|-damage|p1a: Slither Wing|26/100
|move|p1a: Slither Wing|Close Combat|p2a: Enten
|-resisted|p2a: Enten
|-damage|p2a: Enten|0 fnt
|-unboost|p1a: Slither Wing|def|1
|-unboost|p1a: Slither Wing|spd|1
|faint|p2a: Enten
|
|upkeep
|
|t:|1781331873
|switch|p2a: Primarina|Primarina, M, tera:Steel|66/100
|turn|26
|
|t:|1781331874
|move|p1a: Slither Wing|Close Combat|p2a: Primarina
|-supereffective|p2a: Primarina
|-damage|p2a: Primarina|0 fnt
|-unboost|p1a: Slither Wing|def|1
|-unboost|p1a: Slither Wing|spd|1
|faint|p2a: Primarina
|
|win|lord shiddenfards
|raw|lord shiddenfards's rating: 1701 &rarr; <strong>1715</strong><br />(+14 for winning)
|raw|Topclass-A's rating: 1585 &rarr; <strong>1571</strong><br />(-14 for losing)
|l|☆Topclass-A
|player|p2|
|l|☆lord shiddenfards
|player|p1|
|l| choispecs ironmoth
