|badge|p2|bronze|gen9ou|100-9
|uhtml|medal-msg|<div class="broadcast-blue">Curious what those medals under the avatar are? PS now has Ladder Seasons! For more information, check out the <a href="https://www.smogon.com/forums/threads/3740067/">thread on Smogon.</a></div>
|j|☆my2005
|j|☆Kochu_shak
|t:|1781268837
|gametype|singles
|player|p1|my2005|102|1751
|player|p2|Kochu_shak|morty-masters2|1784
|gen|9
|tier|[Gen 9] OU
|rated|
|rule|HP Percentage Mod: HP is shown in percentages
|rule|Endless Battle Clause: Forcing endless battles is banned
|rule|Species Clause: Limit one of each Pokémon
|rule|OHKO Clause: OHKO moves are banned
|rule|Evasion Items Clause: Evasion items are banned
|rule|Evasion Moves Clause: Evasion moves are banned
|rule|Evasion Abilities Clause: Evasion abilities are banned
|rule|Sleep Moves Clause: Sleep-inducing moves are banned
|clearpoke
|poke|p1|Slowking-Galar, F|
|poke|p1|Whimsicott, M|
|poke|p1|Kyurem|
|poke|p1|Cinderace, F|
|poke|p1|Alomomola, F|
|poke|p1|Gliscor, F|
|poke|p2|Araquanid, F|
|poke|p2|Gholdengo|
|poke|p2|Iron Moth|
|poke|p2|Iron Valiant|
|poke|p2|Raging Bolt|
|poke|p2|Kingambit, F|
|teampreview
|inactive|Battle timer is ON: inactive players will automatically lose when time's up. (requested by Kochu_shak)
|inactive|Kochu_shak has 120 seconds left.
|
|t:|1781268877
|teamsize|p1|6
|teamsize|p2|6
|start
|switch|p1a: Kyurem|Kyurem|100/100
|switch|p2a: QUZZ|Iron Valiant|100/100
|-ability|p1a: Kyurem|Pressure
|-enditem|p2a: QUZZ|Booster Energy
|-activate|p2a: QUZZ|ability: Quark Drive|[fromitem]
|-start|p2a: QUZZ|quarkdrivespa
|turn|1
|
|t:|1781268885
|switch|p1a: Slowking|Slowking-Galar, F|100/100
|move|p2a: QUZZ|Calm Mind|p2a: QUZZ
|-boost|p2a: QUZZ|spa|1
|-boost|p2a: QUZZ|spd|1
|
|upkeep
|turn|2
|j| tatam1 galaxy‽
|
|t:|1781268899
|-terastallize|p2a: QUZZ|Ghost
|move|p2a: QUZZ|Shadow Ball|p1a: Slowking
|-supereffective|p1a: Slowking
|-damage|p1a: Slowking|7/100
|move|p1a: Slowking|Sludge Wave|p2a: QUZZ
|-resisted|p2a: QUZZ
|-damage|p2a: QUZZ|75/100
|
|upkeep
|turn|3
|
|t:|1781268927
|switch|p1a: Alomomola|Alomomola, F|100/100
|move|p2a: QUZZ|Moonblast|p1a: Alomomola
|-damage|p1a: Alomomola|0 fnt
|faint|p1a: Alomomola
|
|upkeep
|
|t:|1781268931
|switch|p1a: Cinderace|Cinderace, F|100/100
|turn|4
|
|t:|1781268941
|move|p1a: Cinderace|Sucker Punch|p2a: QUZZ
|-start|p1a: Cinderace|typechange|Dark|[from] ability: Libero
|-supereffective|p2a: QUZZ
|-damage|p2a: QUZZ|0 fnt
|faint|p2a: QUZZ
|-end|p2a: QUZZ|Quark Drive|[silent]
|
|upkeep
|inactive|Kochu_shak has 120 seconds left.
|j| zoiks
|
|t:|1781268984
|switch|p2a: CALA|Iron Moth|100/100
|-enditem|p2a: CALA|Booster Energy
|-activate|p2a: CALA|ability: Quark Drive|[fromitem]
|-start|p2a: CALA|quarkdrivespa
|turn|5
|
|t:|1781268991
|move|p1a: Cinderace|U-turn|p2a: CALA
|-resisted|p2a: CALA
|-damage|p2a: CALA|91/100
|
|t:|1781269000
|switch|p1a: Kyurem|Kyurem|100/100|[from] U-turn
|-ability|p1a: Kyurem|Pressure
|move|p2a: CALA|Fiery Dance|p1a: Kyurem
|-damage|p1a: Kyurem|46/100
|-boost|p2a: CALA|spa|1
|
|-heal|p1a: Kyurem|52/100|[from] item: Leftovers
|upkeep
|turn|6
|
|t:|1781269004
|move|p1a: Kyurem|Protect|p1a: Kyurem
|-singleturn|p1a: Kyurem|Protect
|move|p2a: CALA|Fiery Dance|p1a: Kyurem
|-activate|p1a: Kyurem|move: Protect
|
|-heal|p1a: Kyurem|58/100|[from] item: Leftovers
|upkeep
|turn|7
|
|t:|1781269009
|move|p2a: CALA|Fiery Dance|p1a: Kyurem
|-damage|p1a: Kyurem|0 fnt
|-boost|p2a: CALA|spa|1
|faint|p1a: Kyurem
|
|upkeep
|
|t:|1781269032
|switch|p1a: Slowking|Slowking-Galar, F|41/100
|turn|8
|
|t:|1781269043
|switch|p1a: Whimsicott|Whimsicott, M|100/100
|move|p2a: CALA|Fiery Dance|p1a: Whimsicott
|-supereffective|p1a: Whimsicott
|-damage|p1a: Whimsicott|0 fnt
|faint|p1a: Whimsicott
|
|upkeep
|
|t:|1781269045
|switch|p1a: Slowking|Slowking-Galar, F|74/100
|turn|9
|
|t:|1781269053
|move|p2a: CALA|Fiery Dance|p1a: Slowking
|-damage|p1a: Slowking|6/100
|move|p1a: Slowking|Psychic Noise|p2a: CALA
|-supereffective|p2a: CALA
|-damage|p2a: CALA|11/100
|-start|p2a: CALA|move: Heal Block
|
|upkeep
|turn|10
|
|t:|1781269064
|move|p2a: CALA|Fiery Dance|p1a: Slowking
|-damage|p1a: Slowking|0 fnt
|-boost|p2a: CALA|spa|1
|faint|p1a: Slowking
|
|-end|p2a: CALA|move: Heal Block
|upkeep
|
|t:|1781269067
|switch|p1a: Cinderace|Cinderace, F|100/100
|turn|11
|
|t:|1781269080
|move|p1a: Cinderace|U-turn|p2a: CALA
|-start|p1a: Cinderace|typechange|Bug|[from] ability: Libero
|-resisted|p2a: CALA
|-damage|p2a: CALA|0 fnt
|faint|p2a: CALA
|-end|p2a: CALA|Quark Drive|[silent]
|
|t:|1781269082
|switch|p1a: Gliscor|Gliscor, F|100/100|[from] U-turn
|
|-status|p1a: Gliscor|tox|[from] item: Toxic Orb
|upkeep
|
|t:|1781269108
|switch|p2a: SUPA|Kingambit, F|100/100
|-activate|p2a: SUPA|ability: Supreme Overlord
|-start|p2a: SUPA|fallen2|[silent]
|-item|p2a: SUPA|Air Balloon
|turn|12
|inactive|Kochu_shak has 120 seconds left.
|
|t:|1781269127
|move|p1a: Gliscor|Swords Dance|p1a: Gliscor
|-boost|p1a: Gliscor|atk|2
|move|p2a: SUPA|Swords Dance|p2a: SUPA
|-boost|p2a: SUPA|atk|2
|
|upkeep
|turn|13
|
|t:|1781269133
|-terastallize|p1a: Gliscor|Dark
|move|p1a: Gliscor|Knock Off|p2a: SUPA
|-resisted|p2a: SUPA
|-damage|p2a: SUPA|74/100
|-enditem|p2a: SUPA|Air Balloon
|move|p2a: SUPA|Kowtow Cleave|p1a: Gliscor
|-resisted|p1a: Gliscor
|-damage|p1a: Gliscor|58/100 tox
|
|-heal|p1a: Gliscor|71/100 tox|[from] ability: Poison Heal
|upkeep
|turn|14
|j| Puyu paz
|
|t:|1781269139
|move|p1a: Gliscor|Earthquake|p2a: SUPA
|-supereffective|p2a: SUPA
|-damage|p2a: SUPA|0 fnt
|faint|p2a: SUPA
|-end|p2a: SUPA|fallen2|[silent]
|
|-heal|p1a: Gliscor|83/100 tox|[from] ability: Poison Heal
|upkeep
|inactive|Kochu_shak has 120 seconds left.
|
|t:|1781269162
|switch|p2a: QUIL|Araquanid, F|100/100
|turn|15
|inactive|Kochu_shak has 120 seconds left.
|
|t:|1781269175
|move|p1a: Gliscor|Knock Off|p2a: QUIL
|-damage|p2a: QUIL|38/100
|-enditem|p2a: QUIL|Custap Berry|[from] move: Knock Off|[of] p1a: Gliscor
|move|p2a: QUIL|Lunge|p1a: Gliscor
|-supereffective|p1a: Gliscor
|-crit|p1a: Gliscor
|-damage|p1a: Gliscor|29/100 tox
|-unboost|p1a: Gliscor|atk|1
|
|-heal|p1a: Gliscor|41/100 tox|[from] ability: Poison Heal
|upkeep
|turn|16
|inactive|Kochu_shak has 120 seconds left.
|
|t:|1781269195
|move|p1a: Gliscor|Earthquake|p2a: QUIL
|-resisted|p2a: QUIL
|-damage|p2a: QUIL|15/100
|move|p2a: QUIL|Lunge|p1a: Gliscor
|-supereffective|p1a: Gliscor
|-damage|p1a: Gliscor|5/100 tox
|-unboost|p1a: Gliscor|atk|1
|
|-heal|p1a: Gliscor|17/100 tox|[from] ability: Poison Heal
|upkeep
|turn|17
|inactive|Kochu_shak has 120 seconds left.
|
|t:|1781269223
|move|p1a: Gliscor|Earthquake|p2a: QUIL
|-resisted|p2a: QUIL
|-damage|p2a: QUIL|0 fnt
|faint|p2a: QUIL
|
|-heal|p1a: Gliscor|30/100 tox|[from] ability: Poison Heal
|upkeep
|
|t:|1781269228
|switch|p2a: TREE?|Gholdengo|100/100
|-item|p2a: TREE?|Air Balloon
|turn|18
|
|t:|1781269232
|move|p1a: Gliscor|Knock Off|p2a: TREE?
|-supereffective|p2a: TREE?
|-damage|p2a: TREE?|34/100
|-enditem|p2a: TREE?|Air Balloon
|move|p2a: TREE?|Make It Rain|p1a: Gliscor
|-damage|p1a: Gliscor|0 fnt
|-unboost|p2a: TREE?|spa|1
|faint|p1a: Gliscor
|
|upkeep
|
|t:|1781269237
|switch|p1a: Cinderace|Cinderace, F|100/100
|turn|19
|
|t:|1781269246
|move|p1a: Cinderace|Pyro Ball|p2a: TREE?
|-supereffective|p2a: TREE?
|-damage|p2a: TREE?|0 fnt
|faint|p2a: TREE?
|
|upkeep
|j| Nakoruru_XD
|inactive|Kochu_shak has 120 seconds left.
|
|t:|1781269258
|switch|p2a: DELI|Raging Bolt|100/100
|-enditem|p2a: DELI|Booster Energy
|-activate|p2a: DELI|ability: Protosynthesis|[fromitem]
|-start|p2a: DELI|protosynthesisspa
|turn|20
|
|t:|1781269267
|move|p1a: Cinderace|Pyro Ball|p2a: DELI
|-resisted|p2a: DELI
|-damage|p2a: DELI|73/100
|move|p2a: DELI|Thunderbolt|p1a: Cinderace
|-damage|p1a: Cinderace|4/100
|
|upkeep
|turn|21
|
|t:|1781269271
|move|p1a: Cinderace|Sucker Punch|p2a: DELI
|-start|p1a: Cinderace|typechange|Dark|[from] ability: Libero
|-damage|p2a: DELI|43/100
|move|p2a: DELI|Dragon Pulse|p1a: Cinderace
|-damage|p1a: Cinderace|0 fnt
|faint|p1a: Cinderace
|
|win|Kochu_shak
|raw|my2005's rating: 1751 &rarr; <strong>1733</strong><br />(-18 for losing)
|raw|Kochu_shak's rating: 1784 &rarr; <strong>1802</strong><br />(+18 for winning)
|l| zoiks
|l| tatam1 galaxy‽
|l|☆my2005
|player|p1|
|l|☆Kochu_shak
|player|p2|
|l| Nakoruru_XD
|l| Puyu paz
