|badge|p2|silver|gen9ou|30-9
|uhtml|medal-msg|<div class="broadcast-blue">Curious what those medals under the avatar are? PS now has Ladder Seasons! For more information, check out the <a href="https://www.smogon.com/forums/threads/3740067/">thread on Smogon.</a></div>
|j|☆lolshh
|j|☆BlackStar150520
|t:|1781462933
|gametype|singles
|player|p1|lolshh|265|1725
|player|p2|BlackStar150520|unknown|1937
|gen|9
|tier|[Gen 9] OU
|rated|
|rule|HP Percentage Mod: HP is shown in percentages
|rule|Endless Battle Clause: Forcing endless battles is banned
|rule|Species Clause: Limit one of each Pokémon
|rule|OHKO Clause: OHKO moves are banned
|rule|Evasion Items Clause: Evasion items are banned
|rule|Evasion Moves Clause: Evasion moves are banned
|rule|Evasion Abilities Clause: Evasion abilities are banned
|rule|Sleep Moves Clause: Sleep-inducing moves are banned
|clearpoke
|poke|p1|Meowscarada, F|
|poke|p1|Gliscor, F|
|poke|p1|Pecharunt|
|poke|p1|Clefable, M|
|poke|p1|Keldeo|
|poke|p1|Iron Crown|
|poke|p2|Raging Bolt|
|poke|p2|Kingambit, M|
|poke|p2|Iron Moth|
|poke|p2|Ogerpon-Wellspring, F|
|poke|p2|Scizor, M|
|poke|p2|Great Tusk|
|teampreview
|inactive|Battle timer is ON: inactive players will automatically lose when time's up. (requested by BlackStar150520)
|
|t:|1781462939
|teamsize|p1|6
|teamsize|p2|6
|start
|switch|p1a: Meowscarada|Meowscarada, F, shiny|100/100
|switch|p2a: Red Lightning|Scizor, M|100/100
|turn|1
|
|t:|1781462946
|move|p2a: Red Lightning|Bullet Punch|p1a: Meowscarada
|-damage|p1a: Meowscarada|24/100
|move|p1a: Meowscarada|U-turn|p2a: Red Lightning
|-start|p1a: Meowscarada|typechange|Bug|[from] ability: Protean
|-resisted|p2a: Red Lightning
|-damage|p2a: Red Lightning|81/100
|j| fvcbvnmjmjnnnnnnnn
|
|t:|1781462951
|switch|p1a: Keldeo|Keldeo|100/100|[from] U-turn
|
|upkeep
|turn|2
|
|t:|1781462959
|switch|p2a: 🎭|Ogerpon-Wellspring, F|100/100
|move|p1a: Keldeo|Aura Sphere|p2a: 🎭
|-damage|p2a: 🎭|53/100
|
|upkeep
|turn|3
|
|t:|1781462969
|switch|p1a: Pecharunt|Pecharunt|100/100
|move|p2a: 🎭|Knock Off|p1a: Pecharunt
|-supereffective|p1a: Pecharunt
|-crit|p1a: Pecharunt
|-damage|p1a: Pecharunt|48/100
|-enditem|p1a: Pecharunt|Heavy-Duty Boots|[from] move: Knock Off|[of] p2a: 🎭
|
|upkeep
|turn|4
|
|t:|1781462975
|move|p2a: 🎭|Ivy Cudgel|p1a: Pecharunt|[anim] Ivy Cudgel Water
|-damage|p1a: Pecharunt|22/100
|move|p1a: Pecharunt|Recover|p1a: Pecharunt
|-heal|p1a: Pecharunt|72/100
|
|upkeep
|turn|5
|
|t:|1781462980
|move|p2a: 🎭|Encore|p1a: Pecharunt
|-start|p1a: Pecharunt|Encore
|move|p1a: Pecharunt|Recover|p1a: Pecharunt
|-heal|p1a: Pecharunt|100/100
|
|upkeep
|turn|6
|
|t:|1781462991
|switch|p1a: Clefable|Clefable, M|100/100
|move|p2a: 🎭|Ivy Cudgel|p1a: Clefable|[anim] Ivy Cudgel Water
|-damage|p1a: Clefable|56/100
|
|-heal|p1a: Clefable|62/100|[from] item: Leftovers
|upkeep
|turn|7
|
|t:|1781462996
|switch|p2a: Red Lightning|Scizor, M|81/100
|switch|p1a: Pecharunt|Pecharunt|100/100
|
|upkeep
|turn|8
|
|t:|1781463002
|move|p1a: Pecharunt|Parting Shot|p2a: Red Lightning
|-unboost|p2a: Red Lightning|atk|1
|-unboost|p2a: Red Lightning|spa|1
|
|t:|1781463015
|switch|p1a: Clefable|Clefable, M|62/100|[from] Parting Shot
|move|p2a: Red Lightning|U-turn|p1a: Clefable
|-resisted|p1a: Clefable
|-damage|p1a: Clefable|48/100
|
|t:|1781463022
|switch|p2a: 🎭|Ogerpon-Wellspring, F|53/100|[from] U-turn
|
|-heal|p1a: Clefable|54/100|[from] item: Leftovers
|upkeep
|turn|9
|
|t:|1781463026
|move|p2a: 🎭|Knock Off|p1a: Clefable
|-resisted|p1a: Clefable
|-damage|p1a: Clefable|39/100
|-enditem|p1a: Clefable|Leftovers|[from] move: Knock Off|[of] p2a: 🎭
|move|p1a: Clefable|Moonlight|p1a: Clefable
|-heal|p1a: Clefable|89/100
|
|upkeep
|turn|10
|
|t:|1781463031
|switch|p1a: Meowscarada|Meowscarada, F, shiny|24/100
|move|p2a: 🎭|U-turn|p1a: Meowscarada
|-supereffective|p1a: Meowscarada
|-damage|p1a: Meowscarada|0 fnt
|faint|p1a: Meowscarada
|
|t:|1781463036
|switch|p2a: ⚡️|Raging Bolt|100/100|[from] U-turn
|
|upkeep
|
|t:|1781463040
|switch|p1a: Gliscor|Gliscor, F|100/100
|turn|11
|
|t:|1781463045
|-end|p2a: ⚡️|Protosynthesis|[silent]
|switch|p2a: 🎭|Ogerpon-Wellspring, F|53/100
|move|p1a: Gliscor|Knock Off|p2a: 🎭
|-damage|p2a: 🎭|34/100
|
|-status|p1a: Gliscor|tox|[from] item: Toxic Orb
|upkeep
|turn|12
|
|t:|1781463051
|switch|p1a: Pecharunt|Pecharunt|100/100
|move|p2a: 🎭|Ivy Cudgel|p1a: Pecharunt|[anim] Ivy Cudgel Water
|-damage|p1a: Pecharunt|73/100
|
|upkeep
|turn|13
|
|t:|1781463056
|move|p2a: 🎭|U-turn|p1a: Pecharunt
|-resisted|p1a: Pecharunt
|-damage|p1a: Pecharunt|70/100
|
|t:|1781463058
|switch|p2a: Red Lightning|Scizor, M|81/100|[from] U-turn
|move|p1a: Pecharunt|Malignant Chain|p2a: Red Lightning
|-immune|p2a: Red Lightning
|
|upkeep
|turn|14
|
|t:|1781463062
|move|p1a: Pecharunt|Recover|p1a: Pecharunt
|-heal|p1a: Pecharunt|100/100
|move|p2a: Red Lightning|U-turn|p1a: Pecharunt
|-resisted|p1a: Pecharunt
|-damage|p1a: Pecharunt|93/100
|
|t:|1781463067
|switch|p2a: Mega Donphan|Great Tusk|100/100|[from] U-turn
|
|upkeep
|turn|15
|
|t:|1781463072
|switch|p1a: Clefable|Clefable, M|89/100
|move|p2a: Mega Donphan|Stealth Rock|p1a: Clefable
|-sidestart|p1: lolshh|move: Stealth Rock
|
|upkeep
|turn|16
|
|t:|1781463076
|-end|p2a: Mega Donphan|Protosynthesis|[silent]
|switch|p2a: Red Lightning|Scizor, M|81/100
|move|p1a: Clefable|Stealth Rock|p2a: Red Lightning
|-sidestart|p2: BlackStar150520|move: Stealth Rock
|
|upkeep
|turn|17
|
|t:|1781463081
|move|p2a: Red Lightning|Bullet Punch|p1a: Clefable
|-supereffective|p1a: Clefable
|-damage|p1a: Clefable|16/100
|move|p1a: Clefable|Knock Off|p2a: Red Lightning
|-damage|p2a: Red Lightning|63/100
|-enditem|p2a: Red Lightning|Choice Band|[from] move: Knock Off|[of] p1a: Clefable
|
|upkeep
|turn|18
|
|t:|1781463087
|move|p2a: Red Lightning|Bullet Punch|p1a: Clefable
|-supereffective|p1a: Clefable
|-damage|p1a: Clefable|0 fnt
|faint|p1a: Clefable
|
|upkeep
|
|t:|1781463091
|switch|p1a: Keldeo|Keldeo|100/100
|turn|19
|
|t:|1781463098
|move|p2a: Red Lightning|Bullet Punch|p1a: Keldeo
|-resisted|p1a: Keldeo
|-damage|p1a: Keldeo|81/100
|move|p1a: Keldeo|Surf|p2a: Red Lightning
|-crit|p2a: Red Lightning
|-damage|p2a: Red Lightning|0 fnt
|faint|p2a: Red Lightning
|
|upkeep
|
|t:|1781463110
|switch|p2a: ⚡️|Raging Bolt|100/100
|-damage|p2a: ⚡️|88/100|[from] Stealth Rock
|turn|20
|
|t:|1781463114
|move|p1a: Keldeo|Flip Turn|p2a: ⚡️
|-resisted|p2a: ⚡️
|-damage|p2a: ⚡️|81/100
|
|t:|1781463116
|switch|p1a: Iron Crown|Iron Crown|100/100|[from] Flip Turn
|-damage|p1a: Iron Crown|94/100|[from] Stealth Rock
|move|p2a: ⚡️|Dragon Pulse|p1a: Iron Crown
|-resisted|p1a: Iron Crown
|-damage|p1a: Iron Crown|71/100
|
|-heal|p2a: ⚡️|87/100|[from] item: Leftovers
|upkeep
|turn|21
|
|t:|1781463123
|move|p1a: Iron Crown|Focus Blast|p2a: ⚡️|[miss]
|-miss|p1a: Iron Crown|p2a: ⚡️
|move|p2a: ⚡️|Calm Mind|p2a: ⚡️
|-boost|p2a: ⚡️|spa|1
|-boost|p2a: ⚡️|spd|1
|
|-heal|p2a: ⚡️|93/100|[from] item: Leftovers
|upkeep
|turn|22
|
|t:|1781463130
|move|p1a: Iron Crown|Focus Blast|p2a: ⚡️
|-damage|p2a: ⚡️|53/100
|move|p2a: ⚡️|Calm Mind|p2a: ⚡️
|-boost|p2a: ⚡️|spa|1
|-boost|p2a: ⚡️|spd|1
|
|-heal|p2a: ⚡️|59/100|[from] item: Leftovers
|upkeep
|turn|23
|
|t:|1781463135
|move|p2a: ⚡️|Thunderclap|p1a: Iron Crown
|-damage|p1a: Iron Crown|0 fnt
|faint|p1a: Iron Crown
|-end|p1a: Iron Crown|Quark Drive|[silent]
|
|-heal|p2a: ⚡️|65/100|[from] item: Leftovers
|upkeep
|
|t:|1781463138
|switch|p1a: Gliscor|Gliscor, F|100/100 tox
|-damage|p1a: Gliscor|88/100 tox|[from] Stealth Rock
|turn|24
|
|t:|1781463145
|move|p1a: Gliscor|Protect|p1a: Gliscor
|-singleturn|p1a: Gliscor|Protect
|move|p2a: ⚡️|Dragon Pulse|p1a: Gliscor
|-activate|p1a: Gliscor|move: Protect
|
|-heal|p2a: ⚡️|71/100|[from] item: Leftovers
|-heal|p1a: Gliscor|100/100 tox|[from] ability: Poison Heal
|upkeep
|turn|25
|
|t:|1781463152
|move|p2a: ⚡️|Dragon Pulse|p1a: Gliscor
|-damage|p1a: Gliscor|19/100 tox
|move|p1a: Gliscor|Swords Dance|p1a: Gliscor
|-boost|p1a: Gliscor|atk|2
|
|-heal|p2a: ⚡️|78/100|[from] item: Leftovers
|-heal|p1a: Gliscor|31/100 tox|[from] ability: Poison Heal
|upkeep
|turn|26
|
|t:|1781463157
|move|p1a: Gliscor|Protect|p1a: Gliscor
|-singleturn|p1a: Gliscor|Protect
|move|p2a: ⚡️|Dragon Pulse|p1a: Gliscor
|-activate|p1a: Gliscor|move: Protect
|
|-heal|p2a: ⚡️|84/100|[from] item: Leftovers
|-heal|p1a: Gliscor|44/100 tox|[from] ability: Poison Heal
|upkeep
|turn|27
|
|t:|1781463160
|move|p2a: ⚡️|Dragon Pulse|p1a: Gliscor
|-damage|p1a: Gliscor|0 fnt
|faint|p1a: Gliscor
|
|-heal|p2a: ⚡️|90/100|[from] item: Leftovers
|upkeep
|-message|lolshh forfeited.
|
|win|BlackStar150520
|raw|lolshh's rating: 1725 &rarr; <strong>1716</strong><br />(-9 for losing)
|raw|BlackStar150520's rating: 1937 &rarr; <strong>1946</strong><br />(+9 for winning)
|l|☆lolshh
|player|p1|
|l|☆BlackStar150520
|player|p2|
|l| fvcbvnmjmjnnnnnnnn
