|j|☆trashcan_343
|j|☆finbarfinbarfinbar
|t:|1781110267
|gametype|singles
|player|p1|trashcan_343|fisherman-gen4|1522
|player|p2|finbarfinbarfinbar|102|1515
|gen|9
|tier|[Gen 9] OU
|rated|
|rule|HP Percentage Mod: HP is shown in percentages
|rule|Endless Battle Clause: Forcing endless battles is banned
|rule|Species Clause: Limit one of each Pokémon
|rule|OHKO Clause: OHKO moves are banned
|rule|Evasion Items Clause: Evasion items are banned
|rule|Evasion Moves Clause: Evasion moves are banned
|rule|Evasion Abilities Clause: Evasion abilities are banned
|rule|Sleep Moves Clause: Sleep-inducing moves are banned
|clearpoke
|poke|p1|Metagross|
|poke|p1|Hippowdon, F|
|poke|p1|Ogerpon-Cornerstone, F|
|poke|p1|Goodra-Hisui, M|
|poke|p1|Mandibuzz, F|
|poke|p1|Garganacl, F|
|poke|p2|Samurott-Hisui, F|
|poke|p2|Zapdos|
|poke|p2|Ceruledge, M|
|poke|p2|Gholdengo|
|poke|p2|Kingambit, F|
|poke|p2|Iron Treads|
|teampreview
|inactive|Battle timer is ON: inactive players will automatically lose when time's up. (requested by finbarfinbarfinbar)
|
|t:|1781110324
|teamsize|p1|6
|teamsize|p2|6
|start
|switch|p1a: Ogerpon|Ogerpon-Cornerstone, F|100/100
|switch|p2a: Medium Tusk|Iron Treads|100/100
|turn|1
|
|t:|1781110345
|move|p1a: Ogerpon|Horn Leech|p2a: Medium Tusk
|-damage|p2a: Medium Tusk|63/100
|move|p2a: Medium Tusk|Stealth Rock|p1a: Ogerpon
|-sidestart|p1: trashcan_343|move: Stealth Rock
|
|-heal|p2a: Medium Tusk|69/100|[from] item: Leftovers
|upkeep
|turn|2
|
|t:|1781110353
|-end|p2a: Medium Tusk|Quark Drive|[silent]
|switch|p2a: Y2K Chick|Zapdos|100/100
|move|p1a: Ogerpon|Spikes|p2a: Y2K Chick
|-sidestart|p2: finbarfinbarfinbar|Spikes
|
|upkeep
|turn|3
|
|t:|1781110359
|switch|p2a: Medium Tusk|Iron Treads|69/100
|-damage|p2a: Medium Tusk|57/100|[from] Spikes
|move|p1a: Ogerpon|Ivy Cudgel|p2a: Medium Tusk|[anim] Ivy Cudgel Rock
|-resisted|p2a: Medium Tusk
|-damage|p2a: Medium Tusk|43/100
|
|-heal|p2a: Medium Tusk|50/100|[from] item: Leftovers
|upkeep
|turn|4
|
|t:|1781110361
|move|p1a: Ogerpon|Horn Leech|p2a: Medium Tusk
|-damage|p2a: Medium Tusk|12/100
|move|p2a: Medium Tusk|Earthquake|p1a: Ogerpon
|-damage|p1a: Ogerpon|36/100
|
|-heal|p2a: Medium Tusk|19/100|[from] item: Leftovers
|upkeep
|turn|5
|
|t:|1781110371
|-end|p2a: Medium Tusk|Quark Drive|[silent]
|switch|p2a: Y2K Chick|Zapdos|100/100
|move|p1a: Ogerpon|Horn Leech|p2a: Y2K Chick
|-resisted|p2a: Y2K Chick
|-damage|p2a: Y2K Chick|86/100
|-heal|p1a: Ogerpon|45/100|[from] drain|[of] p2a: Y2K Chick
|-status|p1a: Ogerpon|par|[from] ability: Static|[of] p2a: Y2K Chick
|
|upkeep
|turn|6
|
|t:|1781110386
|move|p2a: Y2K Chick|Hurricane|p1a: Ogerpon
|-damage|p1a: Ogerpon|0 fnt
|faint|p1a: Ogerpon
|
|upkeep
|
|t:|1781110392
|switch|p1a: Pink Salt|Garganacl, F|100/100
|-damage|p1a: Pink Salt|88/100|[from] Stealth Rock
|turn|7
|
|t:|1781110400
|move|p2a: Y2K Chick|Volt Switch|p1a: Pink Salt
|-damage|p1a: Pink Salt|60/100
|
|t:|1781110403
|switch|p2a: Medium Tusk|Iron Treads|19/100|[from] Volt Switch
|-damage|p2a: Medium Tusk|6/100|[from] Spikes
|move|p1a: Pink Salt|Salt Cure|p2a: Medium Tusk
|-resisted|p2a: Medium Tusk
|-damage|p2a: Medium Tusk|3/100
|-start|p2a: Medium Tusk|Salt Cure
|
|-heal|p2a: Medium Tusk|9/100|[from] item: Leftovers
|-damage|p2a: Medium Tusk|0 fnt|[from] Salt Cure
|faint|p2a: Medium Tusk
|-end|p2a: Medium Tusk|Quark Drive|[silent]
|upkeep
|
|t:|1781110412
|switch|p2a: Labubuanal|Kingambit, F, shiny|100/100
|-damage|p2a: Labubuanal|88/100|[from] Spikes
|-activate|p2a: Labubuanal|ability: Supreme Overlord
|-start|p2a: Labubuanal|fallen1|[silent]
|turn|8
|
|t:|1781110417
|move|p2a: Labubuanal|Low Kick|p1a: Pink Salt
|-supereffective|p1a: Pink Salt
|-damage|p1a: Pink Salt|11/100
|-damage|p2a: Labubuanal|72/100|[from] item: Rocky Helmet|[of] p1a: Pink Salt
|move|p1a: Pink Salt|Earthquake|p2a: Labubuanal
|-supereffective|p2a: Labubuanal
|-damage|p2a: Labubuanal|32/100
|
|-heal|p2a: Labubuanal|39/100|[from] item: Leftovers
|upkeep
|turn|9
|
|t:|1781110423
|move|p2a: Labubuanal|Iron Head|p1a: Pink Salt
|-supereffective|p1a: Pink Salt
|-damage|p1a: Pink Salt|0 fnt
|-damage|p2a: Labubuanal|22/100|[from] item: Rocky Helmet|[of] p1a: Pink Salt
|faint|p1a: Pink Salt
|
|-heal|p2a: Labubuanal|28/100|[from] item: Leftovers
|upkeep
|
|t:|1781110428
|switch|p1a: Mandibuzz|Mandibuzz, F|100/100
|turn|10
|
|t:|1781110438
|-end|p2a: Labubuanal|fallen1|[silent]
|switch|p2a: Y2K Chick|Zapdos|86/100
|switch|p1a: Snail|Goodra-Hisui, M|100/100
|-damage|p1a: Snail|94/100|[from] Stealth Rock
|
|upkeep
|turn|11
|
|t:|1781110445
|move|p2a: Y2K Chick|Thunder Wave|p1a: Snail
|-status|p1a: Snail|par
|move|p1a: Snail|Ice Beam|p2a: Y2K Chick
|-supereffective|p2a: Y2K Chick
|-damage|p2a: Y2K Chick|28/100
|
|upkeep
|turn|12
|
|t:|1781110451
|move|p2a: Y2K Chick|Roost|p2a: Y2K Chick
|-heal|p2a: Y2K Chick|78/100
|-singleturn|p2a: Y2K Chick|move: Roost
|move|p1a: Snail|Thunderbolt|p2a: Y2K Chick
|-resisted|p2a: Y2K Chick
|-damage|p2a: Y2K Chick|65/100
|
|upkeep
|turn|13
|
|t:|1781110457
|move|p2a: Y2K Chick|Volt Switch|p1a: Snail
|-resisted|p1a: Snail
|-damage|p1a: Snail|88/100 par
|
|t:|1781110459
|switch|p2a: Gwenatration|Samurott-Hisui, F, shiny|100/100|[from] Volt Switch
|-damage|p2a: Gwenatration|88/100|[from] Spikes
|move|p1a: Snail|Flamethrower|p2a: Gwenatration
|-resisted|p2a: Gwenatration
|-damage|p2a: Gwenatration|78/100
|
|upkeep
|turn|14
|
|t:|1781110468
|switch|p1a: Mandibuzz|Mandibuzz, F|100/100
|move|p2a: Gwenatration|Ceaseless Edge|p1a: Mandibuzz|[miss]
|-miss|p2a: Gwenatration|p1a: Mandibuzz
|
|upkeep
|turn|15
|
|t:|1781110475
|switch|p2a: Y2K Chick|Zapdos|65/100
|move|p1a: Mandibuzz|Toxic|p2a: Y2K Chick
|-status|p2a: Y2K Chick|tox
|
|-damage|p2a: Y2K Chick|59/100 tox|[from] psn
|upkeep
|turn|16
|
|t:|1781110482
|switch|p1a: Hippowdon|Hippowdon, F|100/100
|-damage|p1a: Hippowdon|94/100|[from] Stealth Rock
|-weather|Sandstorm|[from] ability: Sand Stream|[of] p1a: Hippowdon
|move|p2a: Y2K Chick|Volt Switch|p1a: Hippowdon
|-immune|p1a: Hippowdon
|
|-weather|Sandstorm|[upkeep]
|-damage|p2a: Y2K Chick|53/100 tox|[from] Sandstorm
|-damage|p2a: Y2K Chick|41/100 tox|[from] psn
|upkeep
|turn|17
|
|t:|1781110489
|move|p2a: Y2K Chick|Roost|p2a: Y2K Chick
|-heal|p2a: Y2K Chick|91/100 tox
|-singleturn|p2a: Y2K Chick|move: Roost
|move|p1a: Hippowdon|Stealth Rock|p2a: Y2K Chick
|-sidestart|p2: finbarfinbarfinbar|move: Stealth Rock
|
|-weather|Sandstorm|[upkeep]
|-damage|p2a: Y2K Chick|85/100 tox|[from] Sandstorm
|-damage|p2a: Y2K Chick|67/100 tox|[from] psn
|upkeep
|turn|18
|
|t:|1781110492
|switch|p2a: Gwenatration|Samurott-Hisui, F, shiny|78/100
|-damage|p2a: Gwenatration|66/100|[from] Spikes
|-damage|p2a: Gwenatration|54/100|[from] Stealth Rock
|switch|p1a: Snail|Goodra-Hisui, M|88/100 par
|-damage|p1a: Snail|82/100 par|[from] Stealth Rock
|
|-weather|Sandstorm|[upkeep]
|-damage|p2a: Gwenatration|48/100|[from] Sandstorm
|upkeep
|turn|19
|
|t:|1781110498
|move|p2a: Gwenatration|Ceaseless Edge|p1a: Snail
|-damage|p1a: Snail|36/100 par
|-sidestart|p1: trashcan_343|Spikes
|move|p1a: Snail|Thunderbolt|p2a: Gwenatration
|-supereffective|p2a: Gwenatration
|-damage|p2a: Gwenatration|7/100
|
|-weather|Sandstorm|[upkeep]
|-damage|p2a: Gwenatration|1/100|[from] Sandstorm
|upkeep
|turn|20
|
|t:|1781110503
|switch|p1a: Mandibuzz|Mandibuzz, F|100/100
|move|p2a: Gwenatration|Razor Shell|p1a: Mandibuzz
|-damage|p1a: Mandibuzz|68/100
|-unboost|p1a: Mandibuzz|def|1
|
|-weather|none
|upkeep
|turn|21
|
|t:|1781110510
|move|p2a: Gwenatration|Knock Off|p1a: Mandibuzz
|-resisted|p1a: Mandibuzz
|-damage|p1a: Mandibuzz|47/100
|-enditem|p1a: Mandibuzz|Heavy-Duty Boots|[from] move: Knock Off|[of] p2a: Gwenatration
|move|p1a: Mandibuzz|Foul Play|p2a: Gwenatration
|-resisted|p2a: Gwenatration
|-damage|p2a: Gwenatration|0 fnt
|faint|p2a: Gwenatration
|
|upkeep
|
|t:|1781110517
|switch|p2a: Flaming Discharge|Ceruledge, M|100/100
|turn|22
|
|t:|1781110536
|move|p2a: Flaming Discharge|Swords Dance|p2a: Flaming Discharge
|-boost|p2a: Flaming Discharge|atk|2
|move|p1a: Mandibuzz|Foul Play|p2a: Flaming Discharge
|-supereffective|p2a: Flaming Discharge
|-damage|p2a: Flaming Discharge|0 fnt
|faint|p2a: Flaming Discharge
|
|upkeep
|
|t:|1781110542
|switch|p2a: Labubuanal|Kingambit, F, shiny|28/100
|-damage|p2a: Labubuanal|16/100|[from] Spikes
|-damage|p2a: Labubuanal|10/100|[from] Stealth Rock
|-activate|p2a: Labubuanal|ability: Supreme Overlord
|-start|p2a: Labubuanal|fallen3|[silent]
|turn|23
|
|t:|1781110547
|move|p2a: Labubuanal|Iron Head|p1a: Mandibuzz
|-damage|p1a: Mandibuzz|2/100
|move|p1a: Mandibuzz|Roost|p1a: Mandibuzz
|-heal|p1a: Mandibuzz|53/100
|-singleturn|p1a: Mandibuzz|move: Roost
|
|-heal|p2a: Labubuanal|16/100|[from] item: Leftovers
|upkeep
|turn|24
|
|t:|1781110550
|move|p2a: Labubuanal|Iron Head|p1a: Mandibuzz
|-damage|p1a: Mandibuzz|6/100
|cant|p1a: Mandibuzz|flinch
|
|-heal|p2a: Labubuanal|22/100|[from] item: Leftovers
|upkeep
|turn|25
|
|t:|1781110554
|move|p2a: Labubuanal|Iron Head|p1a: Mandibuzz
|-damage|p1a: Mandibuzz|0 fnt
|faint|p1a: Mandibuzz
|
|-heal|p2a: Labubuanal|28/100|[from] item: Leftovers
|upkeep
|
|t:|1781110556
|switch|p1a: Metagross|Metagross|100/100
|-damage|p1a: Metagross|94/100|[from] Stealth Rock
|-damage|p1a: Metagross|82/100|[from] Spikes
|turn|26
|
|t:|1781110561
|-terastallize|p1a: Metagross|Steel
|move|p2a: Labubuanal|Sucker Punch|p1a: Metagross
|-damage|p1a: Metagross|47/100
|move|p1a: Metagross|Earthquake|p2a: Labubuanal
|-supereffective|p2a: Labubuanal
|-damage|p2a: Labubuanal|0 fnt
|faint|p2a: Labubuanal
|-end|p2a: Labubuanal|fallen3|[silent]
|
|upkeep
|
|t:|1781110570
|switch|p2a: Y2K Chick|Zapdos|67/100 tox
|turn|27
|
|t:|1781110576
|move|p2a: Y2K Chick|Hurricane|p1a: Metagross
|-resisted|p1a: Metagross
|-crit|p1a: Metagross
|-damage|p1a: Metagross|14/100
|-start|p1a: Metagross|confusion
|-activate|p1a: Metagross|confusion
|move|p1a: Metagross|Knock Off|p2a: Y2K Chick
|-damage|p2a: Y2K Chick|40/100 tox
|-enditem|p2a: Y2K Chick|Heavy-Duty Boots|[from] move: Knock Off|[of] p1a: Metagross
|
|-damage|p2a: Y2K Chick|34/100 tox|[from] psn
|upkeep
|turn|28
|
|t:|1781110586
|move|p2a: Y2K Chick|Roost|p2a: Y2K Chick
|-heal|p2a: Y2K Chick|85/100 tox
|-singleturn|p2a: Y2K Chick|move: Roost
|-activate|p1a: Metagross|confusion
|move|p1a: Metagross|Earthquake|p2a: Y2K Chick
|-supereffective|p2a: Y2K Chick
|-damage|p2a: Y2K Chick|25/100 tox
|
|-damage|p2a: Y2K Chick|13/100 tox|[from] psn
|upkeep
|turn|29
|
|t:|1781110600
|-activate|p1a: Metagross|confusion
|-damage|p1a: Metagross|2/100|[from] confusion
|move|p2a: Y2K Chick|Volt Switch|p1a: Metagross
|-damage|p1a: Metagross|0 fnt
|faint|p1a: Metagross
|
|t:|1781110603
|switch|p2a: Jane Juliet|Gholdengo|100/100|[from] Volt Switch
|-damage|p2a: Jane Juliet|94/100|[from] Stealth Rock
|-item|p2a: Jane Juliet|Air Balloon
|
|upkeep
|
|t:|1781110609
|switch|p1a: Snail|Goodra-Hisui, M|36/100 par
|-damage|p1a: Snail|30/100 par|[from] Stealth Rock
|-damage|p1a: Snail|18/100 par|[from] Spikes
|turn|30
|
|t:|1781110613
|move|p2a: Jane Juliet|Hex|p1a: Snail
|-damage|p1a: Snail|0 fnt
|faint|p1a: Snail
|
|upkeep
|
|t:|1781110615
|switch|p1a: Hippowdon|Hippowdon, F|94/100
|-damage|p1a: Hippowdon|88/100|[from] Stealth Rock
|-damage|p1a: Hippowdon|76/100|[from] Spikes
|-weather|Sandstorm|[from] ability: Sand Stream|[of] p1a: Hippowdon
|turn|31
|
|t:|1781110623
|move|p2a: Jane Juliet|Hex|p1a: Hippowdon
|-damage|p1a: Hippowdon|45/100
|move|p1a: Hippowdon|Slack Off|p1a: Hippowdon
|-heal|p1a: Hippowdon|95/100
|
|-weather|Sandstorm|[upkeep]
|upkeep
|turn|32
|
|t:|1781110632
|move|p2a: Jane Juliet|Focus Blast|p1a: Hippowdon
|-damage|p1a: Hippowdon|55/100
|move|p1a: Hippowdon|Curse|p1a: Hippowdon
|-unboost|p1a: Hippowdon|spe|1
|-boost|p1a: Hippowdon|atk|1
|-boost|p1a: Hippowdon|def|1
|
|-weather|Sandstorm|[upkeep]
|upkeep
|turn|33
|
|t:|1781110637
|move|p2a: Jane Juliet|Focus Blast|p1a: Hippowdon
|-damage|p1a: Hippowdon|19/100
|move|p1a: Hippowdon|Slack Off|p1a: Hippowdon
|-heal|p1a: Hippowdon|69/100
|
|-weather|Sandstorm|[upkeep]
|upkeep
|turn|34
|
|t:|1781110641
|move|p2a: Jane Juliet|Focus Blast|p1a: Hippowdon
|-damage|p1a: Hippowdon|34/100
|move|p1a: Hippowdon|Curse|p1a: Hippowdon
|-unboost|p1a: Hippowdon|spe|1
|-boost|p1a: Hippowdon|atk|1
|-boost|p1a: Hippowdon|def|1
|
|-weather|Sandstorm|[upkeep]
|upkeep
|turn|35
|
|t:|1781110645
|move|p2a: Jane Juliet|Focus Blast|p1a: Hippowdon
|-damage|p1a: Hippowdon|0 fnt
|faint|p1a: Hippowdon
|
|win|finbarfinbarfinbar
|raw|trashcan_343's rating: 1522 &rarr; <strong>1502</strong><br />(-20 for losing)
|raw|finbarfinbarfinbar's rating: 1515 &rarr; <strong>1535</strong><br />(+20 for winning)
|c|☆trashcan_343|gg
|c|☆finbarfinbarfinbar|gg
|l|☆finbarfinbarfinbar
|player|p2|
|l|☆trashcan_343
|player|p1|
