|j|☆AyushXD
|j|☆KurisuChestnutLab
|t:|1781155094
|gametype|singles
|player|p1|AyushXD|unknown|1626
|player|p2|KurisuChestnutLab|may-contest|1588
|gen|9
|tier|[Gen 9] OU
|rated|
|rule|HP Percentage Mod: HP is shown in percentages
|rule|Endless Battle Clause: Forcing endless battles is banned
|rule|Species Clause: Limit one of each Pokémon
|rule|OHKO Clause: OHKO moves are banned
|rule|Evasion Items Clause: Evasion items are banned
|rule|Evasion Moves Clause: Evasion moves are banned
|rule|Evasion Abilities Clause: Evasion abilities are banned
|rule|Sleep Moves Clause: Sleep-inducing moves are banned
|clearpoke
|poke|p1|Slowking-Galar, F|
|poke|p1|Landorus-Therian, M|
|poke|p1|Kyurem|
|poke|p1|Iron Valiant|
|poke|p1|Cinderace, F|
|poke|p1|Kingambit, F|
|poke|p2|Zamazenta-*|
|poke|p2|Zapdos|
|poke|p2|Garganacl, F|
|poke|p2|Clefable, M|
|poke|p2|Samurott-Hisui, M|
|poke|p2|Gholdengo|
|teampreview
|inactive|Battle timer is ON: inactive players will automatically lose when time's up. (requested by KurisuChestnutLab)
|
|t:|1781155106
|teamsize|p1|6
|teamsize|p2|6
|start
|switch|p1a: Landorus|Landorus-Therian, M|100/100
|switch|p2a: Garganacl|Garganacl, F|100/100
|-ability|p1a: Landorus|Intimidate|boost
|-unboost|p2a: Garganacl|atk|1
|turn|1
|
|t:|1781155112
|switch|p2a: Zamazenta|Zamazenta|100/100
|-ability|p2a: Zamazenta|Dauntless Shield|boost
|-boost|p2a: Zamazenta|def|1
|move|p1a: Landorus|Taunt|p2a: Zamazenta
|-start|p2a: Zamazenta|move: Taunt
|
|upkeep
|turn|2
|
|t:|1781155119
|switch|p2a: Samurott|Samurott-Hisui, M|100/100
|switch|p1a: Slowking|Slowking-Galar, F|100/100
|
|upkeep
|turn|3
|
|t:|1781155124
|switch|p1a: Landorus|Landorus-Therian, M|100/100
|-ability|p1a: Landorus|Intimidate|boost
|-unboost|p2a: Samurott|atk|1
|move|p2a: Samurott|Ceaseless Edge|p1a: Landorus
|-damage|p1a: Landorus|73/100
|-damage|p2a: Samurott|84/100|[from] item: Rocky Helmet|[of] p1a: Landorus
|-sidestart|p1: AyushXD|Spikes
|
|upkeep
|turn|4
|
|t:|1781155129
|move|p2a: Samurott|Ceaseless Edge|p1a: Landorus
|-damage|p1a: Landorus|42/100
|-damage|p2a: Samurott|67/100|[from] item: Rocky Helmet|[of] p1a: Landorus
|-sidestart|p1: AyushXD|Spikes
|move|p1a: Landorus|Stealth Rock|p2a: Samurott
|-sidestart|p2: KurisuChestnutLab|move: Stealth Rock
|
|upkeep
|turn|5
|
|t:|1781155134
|move|p2a: Samurott|Ceaseless Edge|p1a: Landorus
|-damage|p1a: Landorus|16/100
|-damage|p2a: Samurott|51/100|[from] item: Rocky Helmet|[of] p1a: Landorus
|-sidestart|p1: AyushXD|Spikes
|move|p1a: Landorus|U-turn|p2a: Samurott
|-supereffective|p2a: Samurott
|-damage|p2a: Samurott|0 fnt
|faint|p2a: Samurott
|
|t:|1781155138
|switch|p1a: Cinderace|Cinderace, F|100/100|[from] U-turn
|
|upkeep
|
|t:|1781155141
|switch|p2a: Zamazenta|Zamazenta|100/100
|-damage|p2a: Zamazenta|94/100|[from] Stealth Rock
|turn|6
|
|t:|1781155145
|switch|p1a: Landorus|Landorus-Therian, M|16/100
|-ability|p1a: Landorus|Intimidate|boost
|-unboost|p2a: Zamazenta|atk|1
|move|p2a: Zamazenta|Body Press|p1a: Landorus
|-resisted|p1a: Landorus
|-damage|p1a: Landorus|2/100
|-damage|p2a: Zamazenta|78/100|[from] item: Rocky Helmet|[of] p1a: Landorus
|
|-heal|p2a: Zamazenta|84/100|[from] item: Leftovers
|upkeep
|turn|7
|
|t:|1781155153
|switch|p1a: Slowking|Slowking-Galar, F|100/100
|move|p2a: Zamazenta|Iron Defense|p2a: Zamazenta
|-boost|p2a: Zamazenta|def|2
|
|-heal|p2a: Zamazenta|90/100|[from] item: Leftovers
|upkeep
|turn|8
|
|t:|1781155174
|switch|p2a: Garganacl|Garganacl, F|100/100
|-damage|p2a: Garganacl|88/100|[from] Stealth Rock
|move|p1a: Slowking|Sludge Bomb|p2a: Garganacl
|-resisted|p2a: Garganacl
|-damage|p2a: Garganacl|78/100
|
|-heal|p2a: Garganacl|84/100|[from] item: Leftovers
|upkeep
|turn|9
|
|t:|1781155179
|switch|p2a: Gholdengo|Gholdengo|100/100
|-damage|p2a: Gholdengo|94/100|[from] Stealth Rock
|move|p1a: Slowking|Future Sight|p2a: Gholdengo
|-start|p1a: Slowking|move: Future Sight
|
|upkeep
|turn|10
|
|t:|1781155184
|move|p2a: Gholdengo|Shadow Ball|p1a: Slowking
|-supereffective|p1a: Slowking
|-damage|p1a: Slowking|50/100
|-prepare|p1a: Slowking|Chilly Reception|[premajor]
|move|p1a: Slowking|Chilly Reception|p1a: Slowking
|-weather|Snowscape
|
|t:|1781155188
|switch|p1a: Cinderace|Cinderace, F|100/100|[from] Chilly Reception
|
|-weather|Snowscape|[upkeep]
|upkeep
|turn|11
|
|t:|1781155192
|move|p2a: Gholdengo|Shadow Ball|p1a: Cinderace
|-damage|p1a: Cinderace|37/100
|-unboost|p1a: Cinderace|spd|1
|move|p1a: Cinderace|Court Change|p1a: Cinderace
|-start|p1a: Cinderace|typechange|Normal|[from] ability: Libero
|-swapsideconditions
|-activate|p1a: Cinderace|move: Court Change
|
|-weather|Snowscape|[upkeep]
|-end|p2a: Gholdengo|move: Future Sight
|-resisted|p2a: Gholdengo
|-damage|p2a: Gholdengo|69/100
|upkeep
|turn|12
|
|t:|1781155197
|switch|p2a: Zapdos|Zapdos|100/100
|move|p1a: Cinderace|Pyro Ball|p2a: Zapdos
|-damage|p2a: Zapdos|73/100
|
|-weather|Snowscape|[upkeep]
|upkeep
|turn|13
|
|t:|1781155202
|switch|p1a: Slowking|Slowking-Galar, F|83/100
|move|p2a: Zapdos|Discharge|p1a: Slowking
|-damage|p1a: Slowking|65/100
|-status|p1a: Slowking|par
|
|-weather|Snowscape|[upkeep]
|upkeep
|turn|14
|
|t:|1781155208
|move|p2a: Zapdos|Roost|p2a: Zapdos
|-heal|p2a: Zapdos|100/100
|-singleturn|p2a: Zapdos|move: Roost
|-prepare|p1a: Slowking|Chilly Reception|[premajor]
|move|p1a: Slowking|Chilly Reception|p1a: Slowking
|
|t:|1781155212
|switch|p1a: Kyurem|Kyurem|100/100|[from] Chilly Reception
|-damage|p1a: Kyurem|76/100|[from] Stealth Rock
|-ability|p1a: Kyurem|Pressure
|
|-weather|none
|upkeep
|turn|15
|
|t:|1781155217
|-terastallize|p1a: Kyurem|Ice
|-terastallize|p2a: Zapdos|Steel
|move|p1a: Kyurem|Blizzard|p2a: Zapdos|[miss]
|-miss|p1a: Kyurem|p2a: Zapdos
|move|p2a: Zapdos|Hurricane|p1a: Kyurem
|-damage|p1a: Kyurem|34/100
|-start|p1a: Kyurem|confusion
|
|upkeep
|turn|16
|
|t:|1781155231
|-activate|p1a: Kyurem|confusion
|move|p1a: Kyurem|Blizzard|p2a: Zapdos|[miss]
|-miss|p1a: Kyurem|p2a: Zapdos
|move|p2a: Zapdos|Discharge|p1a: Kyurem
|-damage|p1a: Kyurem|3/100
|
|upkeep
|turn|17
|
|t:|1781155236
|-end|p1a: Kyurem|confusion
|move|p1a: Kyurem|Blizzard|p2a: Zapdos
|-resisted|p2a: Zapdos
|-damage|p2a: Zapdos|47/100
|move|p2a: Zapdos|Roost|p2a: Zapdos
|-heal|p2a: Zapdos|97/100
|
|upkeep
|turn|18
|j| dilf huntr
|
|t:|1781155241
|move|p1a: Kyurem|Blizzard|p2a: Zapdos
|-resisted|p2a: Zapdos
|-crit|p2a: Zapdos
|-damage|p2a: Zapdos|11/100
|move|p2a: Zapdos|Roost|p2a: Zapdos
|-heal|p2a: Zapdos|62/100
|
|upkeep
|turn|19
|
|t:|1781155247
|move|p1a: Kyurem|Blizzard|p2a: Zapdos
|-resisted|p2a: Zapdos
|-damage|p2a: Zapdos|7/100
|move|p2a: Zapdos|Roost|p2a: Zapdos
|-heal|p2a: Zapdos|57/100
|
|upkeep
|turn|20
|
|t:|1781155252
|move|p1a: Kyurem|Blizzard|p2a: Zapdos
|-resisted|p2a: Zapdos
|-damage|p2a: Zapdos|2/100
|move|p2a: Zapdos|Roost|p2a: Zapdos
|-heal|p2a: Zapdos|52/100
|
|upkeep
|turn|21
|
|t:|1781155257
|move|p1a: Kyurem|Blizzard|p2a: Zapdos
|-resisted|p2a: Zapdos
|-damage|p2a: Zapdos|0 fnt
|faint|p2a: Zapdos
|
|upkeep
|
|t:|1781155260
|switch|p2a: Gholdengo|Gholdengo|69/100
|-damage|p2a: Gholdengo|44/100|[from] Spikes
|turn|22
|
|t:|1781155264
|switch|p1a: Landorus|Landorus-Therian, M|2/100
|-damage|p1a: Landorus|0 fnt|[from] Stealth Rock
|faint|p1a: Landorus
|move|p2a: Gholdengo|Shadow Ball|p1: Landorus|[notarget]
|-fail|p2a: Gholdengo
|
|upkeep
|
|t:|1781155267
|switch|p1a: Kingambit|Kingambit, F|100/100
|-damage|p1a: Kingambit|94/100|[from] Stealth Rock
|-activate|p1a: Kingambit|ability: Supreme Overlord
|-start|p1a: Kingambit|fallen1|[silent]
|turn|23
|
|t:|1781155272
|switch|p2a: Zamazenta|Zamazenta|90/100
|-damage|p2a: Zamazenta|65/100|[from] Spikes
|move|p1a: Kingambit|Iron Head|p2a: Zamazenta
|-damage|p2a: Zamazenta|23/100
|
|-heal|p2a: Zamazenta|30/100|[from] item: Leftovers
|-heal|p1a: Kingambit|100/100|[from] item: Leftovers
|upkeep
|turn|24
|
|t:|1781155284
|-end|p1a: Kingambit|fallen1|[silent]
|switch|p1a: Slowking|Slowking-Galar, F|98/100 par
|move|p2a: Zamazenta|Body Press|p1a: Slowking
|-resisted|p1a: Slowking
|-damage|p1a: Slowking|90/100 par
|
|-heal|p2a: Zamazenta|36/100|[from] item: Leftovers
|upkeep
|turn|25
|
|t:|1781155288
|move|p2a: Zamazenta|Crunch|p1a: Slowking
|-supereffective|p1a: Slowking
|-damage|p1a: Slowking|46/100 par
|cant|p1a: Slowking|par
|
|-heal|p2a: Zamazenta|42/100|[from] item: Leftovers
|upkeep
|turn|26
|
|t:|1781155295
|cant|p1a: Slowking|par
|move|p2a: Zamazenta|Roar|p1a: Slowking
|drag|p1a: Iron Valiant|Iron Valiant|100/100
|-damage|p1a: Iron Valiant|94/100|[from] Stealth Rock
|-enditem|p1a: Iron Valiant|Booster Energy
|-activate|p1a: Iron Valiant|ability: Quark Drive|[fromitem]
|-start|p1a: Iron Valiant|quarkdrivespe
|
|-heal|p2a: Zamazenta|48/100|[from] item: Leftovers
|upkeep
|turn|27
|
|t:|1781155299
|switch|p2a: Gholdengo|Gholdengo|44/100
|-damage|p2a: Gholdengo|19/100|[from] Spikes
|move|p1a: Iron Valiant|Moonblast|p2a: Gholdengo
|-resisted|p2a: Gholdengo
|-damage|p2a: Gholdengo|0 fnt
|faint|p2a: Gholdengo
|
|upkeep
|
|t:|1781155303
|switch|p2a: Clefable|Clefable, M|100/100
|turn|28
|
|t:|1781155312
|-end|p1a: Iron Valiant|Quark Drive|[silent]
|switch|p1a: Slowking|Slowking-Galar, F|79/100 par
|switch|p2a: Zamazenta|Zamazenta|48/100
|-damage|p2a: Zamazenta|23/100|[from] Spikes
|
|-heal|p2a: Zamazenta|29/100|[from] item: Leftovers
|upkeep
|turn|29
|
|t:|1781155317
|move|p2a: Zamazenta|Crunch|p1a: Slowking
|-supereffective|p1a: Slowking
|-damage|p1a: Slowking|34/100 par
|move|p1a: Slowking|Sludge Bomb|p2a: Zamazenta
|-damage|p2a: Zamazenta|4/100
|
|-heal|p2a: Zamazenta|11/100|[from] item: Leftovers
|upkeep
|turn|30
|
|t:|1781155327
|switch|p1a: Kyurem|Kyurem, tera:Ice|3/100
|-damage|p1a: Kyurem|0 fnt|[from] Stealth Rock
|faint|p1a: Kyurem
|move|p2a: Zamazenta|Roar|p1: Kyurem|[notarget]
|-fail|p2a: Zamazenta
|
|-heal|p2a: Zamazenta|17/100|[from] item: Leftovers
|upkeep
|
|t:|1781155332
|switch|p1a: Iron Valiant|Iron Valiant|94/100
|-damage|p1a: Iron Valiant|88/100|[from] Stealth Rock
|turn|31
|
|t:|1781155339
|move|p2a: Zamazenta|Body Press|p1a: Iron Valiant
|-resisted|p1a: Iron Valiant
|-damage|p1a: Iron Valiant|67/100
|move|p1a: Iron Valiant|Moonblast|p2a: Zamazenta
|-supereffective|p2a: Zamazenta
|-damage|p2a: Zamazenta|0 fnt
|faint|p2a: Zamazenta
|
|upkeep
|
|t:|1781155343
|switch|p2a: Clefable|Clefable, M|100/100
|turn|32
|l| dilf huntr
|
|t:|1781155347
|-end|p1a: Iron Valiant|Quark Drive|[silent]
|switch|p1a: Slowking|Slowking-Galar, F|67/100 par
|move|p2a: Clefable|Thunder Wave|p1a: Slowking
|-fail|p1a: Slowking|par
|
|upkeep
|turn|33
|
|t:|1781155351
|move|p2a: Clefable|Thunder Wave|p1a: Slowking
|-fail|p1a: Slowking|par
|-prepare|p1a: Slowking|Chilly Reception|[premajor]
|move|p1a: Slowking|Chilly Reception|p1a: Slowking
|-weather|Snowscape
|
|t:|1781155356
|switch|p1a: Kingambit|Kingambit, F|100/100|[from] Chilly Reception
|-damage|p1a: Kingambit|94/100|[from] Stealth Rock
|-activate|p1a: Kingambit|ability: Supreme Overlord
|-start|p1a: Kingambit|fallen2|[silent]
|
|-weather|Snowscape|[upkeep]
|-heal|p1a: Kingambit|100/100|[from] item: Leftovers
|upkeep
|turn|34
|
|t:|1781155362
|-end|p1a: Kingambit|fallen2|[silent]
|switch|p1a: Slowking|Slowking-Galar, F|99/100 par
|move|p2a: Clefable|Thunder Wave|p1a: Slowking
|-fail|p1a: Slowking|par
|
|-weather|Snowscape|[upkeep]
|upkeep
|turn|35
|
|t:|1781155365
|move|p2a: Clefable|Thunder Wave|p1a: Slowking
|-fail|p1a: Slowking|par
|move|p1a: Slowking|Sludge Bomb|p2a: Clefable
|-supereffective|p2a: Clefable
|-damage|p2a: Clefable|41/100
|-status|p2a: Clefable|psn
|
|-weather|Snowscape|[upkeep]
|-damage|p2a: Clefable|29/100 psn|[from] psn
|upkeep
|turn|36
|
|t:|1781155374
|move|p2a: Clefable|Thunder Wave|p1a: Slowking
|-fail|p1a: Slowking|par
|-prepare|p1a: Slowking|Chilly Reception|[premajor]
|move|p1a: Slowking|Chilly Reception|p1a: Slowking
|
|t:|1781155379
|switch|p1a: Iron Valiant|Iron Valiant|67/100|[from] Chilly Reception
|-damage|p1a: Iron Valiant|61/100|[from] Stealth Rock
|
|-weather|Snowscape|[upkeep]
|-damage|p2a: Clefable|16/100 psn|[from] psn
|upkeep
|turn|37
|
|t:|1781155384
|move|p1a: Iron Valiant|Moonblast|p2a: Clefable
|-damage|p2a: Clefable|0 fnt
|faint|p2a: Clefable
|
|-weather|none
|upkeep
|
|t:|1781155389
|switch|p2a: Garganacl|Garganacl, F|84/100
|-damage|p2a: Garganacl|59/100|[from] Spikes
|turn|38
|j| qklingying
|
|t:|1781155396
|move|p1a: Iron Valiant|Close Combat|p2a: Garganacl
|-supereffective|p2a: Garganacl
|-damage|p2a: Garganacl|0 fnt
|-unboost|p1a: Iron Valiant|def|1
|-unboost|p1a: Iron Valiant|spd|1
|faint|p2a: Garganacl
|
|win|AyushXD
|raw|AyushXD's rating: 1626 &rarr; <strong>1644</strong><br />(+18 for winning)
|raw|KurisuChestnutLab's rating: 1587 &rarr; <strong>1569</strong><br />(-18 for losing)
|l|☆KurisuChestnutLab
|player|p2|
|l| qklingying
|l|☆AyushXD
|player|p1|
