|j|☆BoostingTyranntrum
|j|☆Thederpa1
|t:|1780895004
|gametype|singles
|player|p1|BoostingTyranntrum|101|1608
|player|p2|Thederpa1|swimmer-gen4dp|1541
|gen|9
|tier|[Gen 9] OU
|rated|
|rule|HP Percentage Mod: HP is shown in percentages
|rule|Endless Battle Clause: Forcing endless battles is banned
|rule|Species Clause: Limit one of each Pokémon
|rule|OHKO Clause: OHKO moves are banned
|rule|Evasion Items Clause: Evasion items are banned
|rule|Evasion Moves Clause: Evasion moves are banned
|rule|Evasion Abilities Clause: Evasion abilities are banned
|rule|Sleep Moves Clause: Sleep-inducing moves are banned
|clearpoke
|poke|p1|Hoopa-Unbound|
|poke|p1|Pecharunt|
|poke|p1|Landorus-Therian, M|
|poke|p1|Cinderace, M|
|poke|p1|Alomomola, M|
|poke|p1|Iron Valiant|
|poke|p2|Goodra-Hisui, F|
|poke|p2|Alomomola, M|
|poke|p2|Samurott-Hisui, M|
|poke|p2|Gholdengo|
|poke|p2|Cinderace, F|
|poke|p2|Glimmora, M|
|teampreview
|inactive|Battle timer is ON: inactive players will automatically lose when time's up. (requested by Thederpa1)
|
|t:|1780895025
|teamsize|p1|6
|teamsize|p2|6
|start
|switch|p1a: Enten|Landorus-Therian, M, shiny|100/100
|switch|p2a: Gholdengo|Gholdengo|100/100
|-ability|p1a: Enten|Intimidate|boost
|-unboost|p2a: Gholdengo|atk|1
|turn|1
|
|t:|1780895033
|switch|p2a: Alomomola|Alomomola, M|100/100
|move|p1a: Enten|U-turn|p2a: Alomomola
|-damage|p2a: Alomomola|86/100
|-damage|p1a: Enten|84/100|[from] item: Rocky Helmet|[of] p2a: Alomomola
|
|t:|1780895038
|switch|p1a: Calamity|Iron Valiant, shiny|100/100|[from] U-turn
|
|upkeep
|turn|2
|
|t:|1780895042
|-terastallize|p1a: Calamity|Fairy
|move|p2a: Alomomola|Protect|p2a: Alomomola
|-singleturn|p2a: Alomomola|Protect
|move|p1a: Calamity|Moonblast|p2a: Alomomola
|-activate|p2a: Alomomola|move: Protect
|
|upkeep
|turn|3
|
|t:|1780895049
|switch|p2a: Gholdengo|Gholdengo|100/100
|move|p1a: Calamity|Moonblast|p2a: Gholdengo
|-resisted|p2a: Gholdengo
|-damage|p2a: Gholdengo|49/100
|
|upkeep
|turn|4
|
|t:|1780895058
|-end|p1a: Calamity|Quark Drive|[silent]
|switch|p1a: Pisces|Alomomola, M, shiny|100/100
|move|p2a: Gholdengo|Make It Rain|p1a: Pisces
|-resisted|p1a: Pisces
|-damage|p1a: Pisces|83/100
|-unboost|p2a: Gholdengo|spa|1
|
|upkeep
|turn|5
|
|t:|1780895062
|switch|p2a: Glimmora|Glimmora, M|100/100
|move|p1a: Pisces|Flip Turn|p2a: Glimmora
|-supereffective|p2a: Glimmora
|-damage|p2a: Glimmora|68/100
|-activate|p2a: Glimmora|ability: Toxic Debris
|-sidestart|p1: BoostingTyranntrum|move: Toxic Spikes
|-enditem|p2a: Glimmora|Red Card|[of] p1a: Pisces
|drag|p1a: Calamity|Iron Valiant, shiny, tera:Fairy|100/100
|-status|p1a: Calamity|psn
|
|-damage|p1a: Calamity|88/100 psn|[from] psn
|upkeep
|turn|6
|
|t:|1780895078
|-end|p1a: Calamity|Quark Drive|[silent]
|switch|p1a: Enten|Landorus-Therian, M, shiny|84/100
|-ability|p1a: Enten|Intimidate|boost
|-unboost|p2a: Glimmora|atk|1
|switch|p2a: Goodra|Goodra-Hisui, F|100/100
|
|upkeep
|turn|7
|
|t:|1780895082
|switch|p2a: Alomomola|Alomomola, M|100/100
|move|p1a: Enten|Earthquake|p2a: Alomomola
|-damage|p2a: Alomomola|70/100
|
|upkeep
|turn|8
|
|t:|1780895084
|switch|p1a: Overseer|Pecharunt|100/100
|-sideend|p1: BoostingTyranntrum|move: Toxic Spikes|[of] p1a: Overseer
|move|p2a: Alomomola|Flip Turn|p1a: Overseer
|-damage|p1a: Overseer|93/100
|
|t:|1780895089
|switch|p2a: Samurott|Samurott-Hisui, M|100/100|[from] Flip Turn
|
|upkeep
|turn|9
|
|t:|1780895097
|move|p2a: Samurott|Ceaseless Edge|p1a: Overseer
|-supereffective|p1a: Overseer
|-damage|p1a: Overseer|26/100
|-sidestart|p1: BoostingTyranntrum|Spikes
|move|p1a: Overseer|Parting Shot|p2a: Samurott
|-unboost|p2a: Samurott|atk|1
|-unboost|p2a: Samurott|spa|1
|
|t:|1780895100
|switch|p1a: Calamity|Iron Valiant, shiny, tera:Fairy|88/100 psn|[from] Parting Shot
|-damage|p1a: Calamity|76/100 psn|[from] Spikes
|
|-damage|p1a: Calamity|63/100 psn|[from] psn
|upkeep
|turn|10
|
|t:|1780895126
|switch|p2a: Cinderace|Cinderace, F|100/100
|move|p1a: Calamity|Moonblast|p2a: Cinderace
|-resisted|p2a: Cinderace
|-damage|p2a: Cinderace|32/100
|
|-damage|p1a: Calamity|51/100 psn|[from] psn
|upkeep
|turn|11
|
|t:|1780895136
|-end|p1a: Calamity|Quark Drive|[silent]
|switch|p1a: Pisces|Alomomola, M, shiny|100/100
|-damage|p1a: Pisces|88/100|[from] Spikes
|move|p2a: Cinderace|U-turn|p1a: Pisces
|-start|p2a: Cinderace|typechange|Bug|[from] ability: Libero
|-damage|p1a: Pisces|66/100
|
|t:|1780895144
|switch|p2a: Samurott|Samurott-Hisui, M|100/100|[from] U-turn
|
|upkeep
|turn|12
|
|t:|1780895147
|move|p2a: Samurott|Knock Off|p1a: Pisces
|-damage|p1a: Pisces|17/100
|-enditem|p1a: Pisces|Assault Vest|[from] move: Knock Off|[of] p2a: Samurott
|move|p1a: Pisces|Flip Turn|p2a: Samurott
|-resisted|p2a: Samurott
|-damage|p2a: Samurott|90/100
|
|t:|1780895150
|switch|p1a: Calamity|Iron Valiant, shiny, tera:Fairy|51/100 psn|[from] Flip Turn
|-damage|p1a: Calamity|38/100 psn|[from] Spikes
|
|-damage|p1a: Calamity|26/100 psn|[from] psn
|upkeep
|turn|13
|
|t:|1780895166
|switch|p2a: Glimmora|Glimmora, M|68/100
|move|p1a: Calamity|Moonblast|p2a: Glimmora
|-resisted|p2a: Glimmora
|-damage|p2a: Glimmora|16/100
|
|-damage|p1a: Calamity|13/100 psn|[from] psn
|upkeep
|turn|14
|
|t:|1780895176
|move|p1a: Calamity|Moonblast|p2a: Glimmora
|-resisted|p2a: Glimmora
|-damage|p2a: Glimmora|0 fnt
|faint|p2a: Glimmora
|
|-damage|p1a: Calamity|1/100 psn|[from] psn
|upkeep
|
|t:|1780895180
|switch|p2a: Cinderace|Cinderace, F|32/100
|turn|15
|
|t:|1780895182
|move|p2a: Cinderace|U-turn|p1a: Calamity
|-start|p2a: Cinderace|typechange|Bug|[from] ability: Libero
|-resisted|p1a: Calamity
|-damage|p1a: Calamity|0 fnt
|faint|p1a: Calamity
|-end|p1a: Calamity|Quark Drive|[silent]
|
|t:|1780895190
|switch|p2a: Gholdengo|Gholdengo|49/100|[from] U-turn
|
|upkeep
|
|t:|1780895193
|switch|p1a: Liberacy|Cinderace, M, shiny|100/100
|turn|16
|
|t:|1780895199
|move|p2a: Gholdengo|Shadow Ball|p1a: Liberacy
|-damage|p1a: Liberacy|38/100
|move|p1a: Liberacy|Court Change|p1a: Liberacy
|-start|p1a: Liberacy|typechange|Normal|[from] ability: Libero
|-swapsideconditions
|-activate|p1a: Liberacy|move: Court Change
|
|upkeep
|turn|17
|
|t:|1780895206
|switch|p2a: Alomomola|Alomomola, M|100/100
|-damage|p2a: Alomomola|88/100|[from] Spikes
|move|p1a: Liberacy|U-turn|p2a: Alomomola
|-damage|p2a: Alomomola|77/100
|-damage|p1a: Liberacy|22/100|[from] item: Rocky Helmet|[of] p2a: Alomomola
|
|t:|1780895211
|switch|p1a: Overseer|Pecharunt|26/100|[from] U-turn
|
|upkeep
|turn|18
|
|t:|1780895215
|move|p1a: Overseer|Recover|p1a: Overseer
|-heal|p1a: Overseer|76/100
|move|p2a: Alomomola|Flip Turn|p1a: Overseer
|-damage|p1a: Overseer|68/100
|
|t:|1780895219
|switch|p2a: Samurott|Samurott-Hisui, M|90/100|[from] Flip Turn
|-damage|p2a: Samurott|78/100|[from] Spikes
|
|upkeep
|turn|19
|
|t:|1780895225
|switch|p1a: Enten|Landorus-Therian, M, shiny|84/100
|-ability|p1a: Enten|Intimidate|boost
|-unboost|p2a: Samurott|atk|1
|move|p2a: Samurott|Razor Shell|p1a: Enten
|-supereffective|p1a: Enten
|-damage|p1a: Enten|0 fnt
|faint|p1a: Enten
|
|upkeep
|
|t:|1780895231
|switch|p1a: Pisces|Alomomola, M, shiny|50/100
|turn|20
|
|t:|1780895239
|switch|p2a: Alomomola|Alomomola, M|100/100
|-damage|p2a: Alomomola|88/100|[from] Spikes
|move|p1a: Pisces|Flip Turn|p2a: Alomomola
|-resisted|p2a: Alomomola
|-damage|p2a: Alomomola|84/100
|-damage|p1a: Pisces|34/100|[from] item: Rocky Helmet|[of] p2a: Alomomola
|
|t:|1780895242
|switch|p1a: Khaos|Hoopa-Unbound|100/100|[from] Flip Turn
|
|upkeep
|turn|21
|
|t:|1780895252
|switch|p2a: Goodra|Goodra-Hisui, F|100/100
|-damage|p2a: Goodra|88/100|[from] Spikes
|move|p1a: Khaos|Knock Off|p2a: Goodra
|-damage|p2a: Goodra|0 fnt
|-ability|p2a: Goodra|Gooey
|-unboost|p1a: Khaos|spe|1
|-enditem|p2a: Goodra|Leftovers|[from] move: Knock Off|[of] p1a: Khaos
|faint|p2a: Goodra
|
|upkeep
|
|t:|1780895259
|switch|p2a: Cinderace|Cinderace, F|32/100
|turn|22
|
|t:|1780895265
|switch|p1a: Overseer|Pecharunt|68/100
|move|p2a: Cinderace|Court Change|p2a: Cinderace
|-start|p2a: Cinderace|typechange|Normal|[from] ability: Libero
|-swapsideconditions
|-activate|p2a: Cinderace|move: Court Change
|
|upkeep
|turn|23
|
|t:|1780895272
|move|p2a: Cinderace|U-turn|p1a: Overseer
|-resisted|p1a: Overseer
|-damage|p1a: Overseer|65/100
|
|t:|1780895276
|switch|p2a: Samurott|Samurott-Hisui, M|78/100|[from] U-turn
|move|p1a: Overseer|Shadow Ball|p2a: Samurott
|-resisted|p2a: Samurott
|-damage|p2a: Samurott|61/100
|
|upkeep
|turn|24
|
|t:|1780895280
|move|p2a: Samurott|Ceaseless Edge|p1a: Overseer
|-supereffective|p1a: Overseer
|-damage|p1a: Overseer|6/100
|-sidestart|p1: BoostingTyranntrum|Spikes
|move|p1a: Overseer|Malignant Chain|p2a: Samurott
|-damage|p2a: Samurott|10/100
|
|upkeep
|turn|25
|
|t:|1780895289
|move|p2a: Samurott|Ceaseless Edge|p1a: Overseer
|-supereffective|p1a: Overseer
|-damage|p1a: Overseer|0 fnt
|-sidestart|p1: BoostingTyranntrum|Spikes
|faint|p1a: Overseer
|
|upkeep
|
|t:|1780895290
|switch|p1a: Pisces|Alomomola, M, shiny|67/100
|-damage|p1a: Pisces|42/100|[from] Spikes
|turn|26
|
|t:|1780895293
|move|p1a: Pisces|Aqua Jet|p2a: Samurott
|-resisted|p2a: Samurott
|-damage|p2a: Samurott|3/100
|move|p2a: Samurott|Ceaseless Edge|p1a: Pisces
|-damage|p1a: Pisces|0 fnt
|faint|p1a: Pisces
|
|upkeep
|
|t:|1780895296
|switch|p1a: Liberacy|Cinderace, M, shiny|22/100
|turn|27
|
|t:|1780895299
|move|p1a: Liberacy|Sucker Punch|p2a: Samurott
|-start|p1a: Liberacy|typechange|Dark|[from] ability: Libero
|-resisted|p2a: Samurott
|-damage|p2a: Samurott|0 fnt
|faint|p2a: Samurott
|
|upkeep
|
|t:|1780895306
|switch|p2a: Gholdengo|Gholdengo|49/100
|turn|28
|
|t:|1780895308
|move|p1a: Liberacy|Sucker Punch||[still]
|-fail|p1a: Liberacy
|move|p2a: Gholdengo|Trick|p1a: Liberacy
|-activate|p2a: Gholdengo|move: Trick|[of] p1a: Liberacy
|-item|p1a: Liberacy|Choice Scarf|[from] move: Trick
|-item|p2a: Gholdengo|Heavy-Duty Boots|[from] move: Trick
|
|upkeep
|turn|29
|
|t:|1780895313
|move|p1a: Liberacy|Court Change|p1a: Liberacy
|-swapsideconditions
|-activate|p1a: Liberacy|move: Court Change
|move|p2a: Gholdengo|Recover|p2a: Gholdengo
|-heal|p2a: Gholdengo|99/100
|
|upkeep
|turn|30
|
|t:|1780895321
|switch|p1a: Khaos|Hoopa-Unbound|100/100
|move|p2a: Gholdengo|Make It Rain|p1a: Khaos
|-damage|p1a: Khaos|42/100
|-unboost|p2a: Gholdengo|spa|1
|
|upkeep
|turn|31
|
|t:|1780895328
|move|p2a: Gholdengo|Make It Rain|p1a: Khaos
|-damage|p1a: Khaos|5/100
|-unboost|p2a: Gholdengo|spa|1
|move|p1a: Khaos|Hyperspace Fury|p2a: Gholdengo
|-supereffective|p2a: Gholdengo
|-damage|p2a: Gholdengo|0 fnt
|-unboost|p1a: Khaos|def|1
|faint|p2a: Gholdengo
|
|upkeep
|
|t:|1780895337
|switch|p2a: Cinderace|Cinderace, F|32/100
|turn|32
|
|t:|1780895342
|move|p2a: Cinderace|U-turn|p1a: Khaos
|-start|p2a: Cinderace|typechange|Bug|[from] ability: Libero
|-supereffective|p1a: Khaos
|-damage|p1a: Khaos|0 fnt
|faint|p1a: Khaos
|
|t:|1780895344
|switch|p2a: Alomomola|Alomomola, M|100/100|[from] U-turn
|-damage|p2a: Alomomola|76/100|[from] Spikes
|
|upkeep
|
|t:|1780895346
|switch|p1a: Liberacy|Cinderace, M, shiny|22/100
|turn|33
|
|t:|1780895350
|move|p2a: Alomomola|Protect|p2a: Alomomola
|-singleturn|p2a: Alomomola|Protect
|move|p1a: Liberacy|Pyro Ball|p2a: Alomomola
|-activate|p2a: Alomomola|move: Protect
|
|upkeep
|turn|34
|
|t:|1780895355
|move|p1a: Liberacy|Pyro Ball|p2a: Alomomola
|-resisted|p2a: Alomomola
|-damage|p2a: Alomomola|60/100
|move|p2a: Alomomola|Flip Turn|p1a: Liberacy
|-supereffective|p1a: Liberacy
|-damage|p1a: Liberacy|0 fnt
|faint|p1a: Liberacy
|
|win|Thederpa1
|raw|BoostingTyranntrum's rating: 1608 &rarr; <strong>1584</strong><br />(-24 for losing)
|raw|Thederpa1's rating: 1541 &rarr; <strong>1565</strong><br />(+24 for winning)
|l|☆Thederpa1
|player|p2|
|l|☆BoostingTyranntrum
|player|p1|
