|badge|p1|bronze|gen9randombattle|100-9
|badge|p1|bronze|gen9ubers|100-9
|uhtml|medal-msg|<div class="broadcast-blue">Curious what those medals under the avatar are? PS now has Ladder Seasons! For more information, check out the <a href="https://www.smogon.com/forums/threads/3740067/">thread on Smogon.</a></div>
|j|☆oddishlover4
|j|☆PepsiEnby
|t:|1780957159
|gametype|singles
|player|p1|oddishlover4|acetrainerf|1700
|player|p2|PepsiEnby|harlequin|1781
|gen|9
|tier|[Gen 9] OU
|rated|
|rule|HP Percentage Mod: HP is shown in percentages
|rule|Endless Battle Clause: Forcing endless battles is banned
|rule|Species Clause: Limit one of each Pokémon
|rule|OHKO Clause: OHKO moves are banned
|rule|Evasion Items Clause: Evasion items are banned
|rule|Evasion Moves Clause: Evasion moves are banned
|rule|Evasion Abilities Clause: Evasion abilities are banned
|rule|Sleep Moves Clause: Sleep-inducing moves are banned
|clearpoke
|poke|p1|Kyurem|
|poke|p1|Hatterene, F|
|poke|p1|Darkrai|
|poke|p1|Great Tusk|
|poke|p1|Dragonite, F|
|poke|p1|Gholdengo|
|poke|p2|Alomomola, F|
|poke|p2|Slowking-Galar, F|
|poke|p2|Cinderace, F|
|poke|p2|Glaceon, F|
|poke|p2|Ting-Lu|
|poke|p2|Salamence, M|
|teampreview
|inactive|Battle timer is ON: inactive players will automatically lose when time's up. (requested by PepsiEnby)
|
|t:|1780957178
|teamsize|p1|6
|teamsize|p2|6
|start
|switch|p1a: Kyurem|Kyurem|100/100
|switch|p2a: Ting-Lu|Ting-Lu, shiny|100/100
|-ability|p1a: Kyurem|Pressure
|-ability|p2a: Ting-Lu|Vessel of Ruin
|turn|1
|c|☆oddishlover4|gl/hf!
|inactive|oddishlover4 also wants the timer to be on.
|c|☆PepsiEnby|u2
|
|t:|1780957196
|-terastallize|p2a: Ting-Lu|Steel
|move|p1a: Kyurem|Ice Beam|p2a: Ting-Lu
|-resisted|p2a: Ting-Lu
|-damage|p2a: Ting-Lu|86/100
|move|p2a: Ting-Lu|Heavy Slam|p1a: Kyurem
|-supereffective|p1a: Kyurem
|-damage|p1a: Kyurem|32/100
|
|upkeep
|turn|2
|
|t:|1780957215
|switch|p2a: Alomomola|Alomomola, F|100/100
|move|p1a: Kyurem|Earth Power|p2a: Alomomola
|-damage|p2a: Alomomola|82/100
|
|upkeep
|turn|3
|
|t:|1780957233
|move|p1a: Kyurem|Freeze-Dry|p2a: Alomomola
|-supereffective|p2a: Alomomola
|-damage|p2a: Alomomola|39/100
|move|p2a: Alomomola|Flip Turn|p1a: Kyurem
|-resisted|p1a: Kyurem
|-damage|p1a: Kyurem|23/100
|
|t:|1780957243
|switch|p2a: Cinderace|Cinderace, F|100/100|[from] Flip Turn
|
|upkeep
|turn|4
|
|t:|1780957261
|switch|p1a: Great Tusk|Great Tusk|100/100
|move|p2a: Cinderace|Pyro Ball|p1a: Great Tusk
|-damage|p1a: Great Tusk|77/100
|
|-heal|p1a: Great Tusk|83/100|[from] item: Leftovers
|upkeep
|turn|5
|inactive|oddishlover4 has 120 seconds left.
|
|t:|1780957279
|move|p2a: Cinderace|Will-O-Wisp|p1a: Great Tusk
|-status|p1a: Great Tusk|brn
|move|p1a: Great Tusk|Headlong Rush|p2a: Cinderace
|-supereffective|p2a: Cinderace
|-damage|p2a: Cinderace|44/100
|-unboost|p1a: Great Tusk|def|1
|-unboost|p1a: Great Tusk|spd|1
|
|-heal|p1a: Great Tusk|89/100 brn|[from] item: Leftovers
|-damage|p1a: Great Tusk|83/100 brn|[from] brn
|upkeep
|turn|6
|inactive|oddishlover4 has 120 seconds left.
|
|t:|1780957296
|move|p2a: Cinderace|U-turn|p1a: Great Tusk
|-resisted|p1a: Great Tusk
|-damage|p1a: Great Tusk|76/100 brn
|
|t:|1780957300
|switch|p2a: Alomomola|Alomomola, F|72/100|[from] U-turn
|move|p1a: Great Tusk|Stealth Rock|p2a: Alomomola
|-sidestart|p2: PepsiEnby|move: Stealth Rock
|
|-heal|p1a: Great Tusk|82/100 brn|[from] item: Leftovers
|-damage|p1a: Great Tusk|76/100 brn|[from] brn
|upkeep
|turn|7
|inactive|oddishlover4 has 120 seconds left.
|
|t:|1780957318
|move|p1a: Great Tusk|Rapid Spin|p2a: Alomomola
|-damage|p2a: Alomomola|66/100
|-boost|p1a: Great Tusk|spe|1
|move|p2a: Alomomola|Flip Turn|p1a: Great Tusk
|-supereffective|p1a: Great Tusk
|-crit|p1a: Great Tusk
|-damage|p1a: Great Tusk|17/100 brn
|
|t:|1780957327
|switch|p2a: Salamence|Salamence, M|100/100|[from] Flip Turn
|-ability|p2a: Salamence|Intimidate|boost
|-unboost|p1a: Great Tusk|atk|1
|
|-heal|p1a: Great Tusk|23/100 brn|[from] item: Leftovers
|-damage|p1a: Great Tusk|17/100 brn|[from] brn
|upkeep
|turn|8
|inactive|oddishlover4 has 120 seconds left.
|
|t:|1780957345
|switch|p2a: Alomomola|Alomomola, F|99/100
|-damage|p2a: Alomomola|87/100|[from] Stealth Rock
|move|p1a: Great Tusk|Ice Spinner|p2a: Alomomola
|-resisted|p2a: Alomomola
|-damage|p2a: Alomomola|83/100
|
|-heal|p1a: Great Tusk|23/100 brn|[from] item: Leftovers
|-damage|p1a: Great Tusk|17/100 brn|[from] brn
|upkeep
|turn|9
|j| dilf huntr
|inactive|oddishlover4 has 120 seconds left.
|
|t:|1780957363
|move|p1a: Great Tusk|Headlong Rush|p2a: Alomomola
|-damage|p2a: Alomomola|68/100
|-unboost|p1a: Great Tusk|def|1
|-unboost|p1a: Great Tusk|spd|1
|move|p2a: Alomomola|Flip Turn|p1a: Great Tusk
|-supereffective|p1a: Great Tusk
|-damage|p1a: Great Tusk|0 fnt
|faint|p1a: Great Tusk
|-end|p1a: Great Tusk|Protosynthesis|[silent]
|
|t:|1780957384
|switch|p2a: Ting-Lu|Ting-Lu, shiny, tera:Steel|86/100|[from] Flip Turn
|-damage|p2a: Ting-Lu|80/100|[from] Stealth Rock
|-ability|p2a: Ting-Lu|Vessel of Ruin
|
|upkeep
|
|t:|1780957402
|switch|p1a: Dragonite|Dragonite, F|100/100
|turn|10
|
|t:|1780957420
|move|p1a: Dragonite|Earthquake|p2a: Ting-Lu
|-supereffective|p2a: Ting-Lu
|-damage|p2a: Ting-Lu|38/100
|move|p2a: Ting-Lu|Stone Edge|p1a: Dragonite
|-supereffective|p1a: Dragonite
|-damage|p1a: Dragonite|56/100
|
|upkeep
|turn|11
|
|t:|1780957438
|switch|p2a: Salamence|Salamence, M|100/100
|-ability|p2a: Salamence|Intimidate|boost
|-unboost|p1a: Dragonite|atk|1
|move|p1a: Dragonite|Roost|p1a: Dragonite
|-heal|p1a: Dragonite|100/100
|-singleturn|p1a: Dragonite|move: Roost
|
|upkeep
|turn|12
|inactive|oddishlover4 has 90 seconds left.
|
|t:|1780957456
|move|p1a: Dragonite|Extreme Speed|p2a: Salamence
|-damage|p2a: Salamence|85/100
|move|p2a: Salamence|Dual Wingbeat|p1a: Dragonite
|-crit|p1a: Dragonite
|-damage|p1a: Dragonite|88/100
|-damage|p1a: Dragonite|72/100
|-hitcount|p1a: Dragonite|2
|
|upkeep
|turn|13
|j| ChrisIs#1
|inactive|oddishlover4 has 90 seconds left.
|
|t:|1780957474
|switch|p2a: Slowking|Slowking-Galar, F, shiny|100/100
|-damage|p2a: Slowking|88/100|[from] Stealth Rock
|switch|p1a: Darkrai|Darkrai|100/100
|
|-heal|p2a: Slowking|94/100|[from] item: Black Sludge
|upkeep
|turn|14
|inactive|oddishlover4 has 90 seconds left.
|l| ChrisIs#1
|inactive|PepsiEnby has 120 seconds left.
|
|t:|1780957509
|switch|p1a: Gholdengo|Gholdengo|100/100
|move|p2a: Slowking|Toxic|p1a: Gholdengo
|-immune|p1a: Gholdengo|[from] ability: Good as Gold
|
|-heal|p2a: Slowking|99/100|[from] item: Black Sludge
|upkeep
|turn|15
|
|t:|1780957526
|switch|p1a: Darkrai|Darkrai|100/100
|-prepare|p2a: Slowking|Chilly Reception|[premajor]
|move|p2a: Slowking|Chilly Reception|p2a: Slowking
|-weather|Snowscape
|
|t:|1780957533
|switch|p2a: Alomomola|Alomomola, F|100/100|[from] Chilly Reception
|-damage|p2a: Alomomola|88/100|[from] Stealth Rock
|
|-weather|Snowscape|[upkeep]
|upkeep
|turn|16
|
|t:|1780957551
|move|p1a: Darkrai|Dark Pulse|p2a: Alomomola
|-damage|p2a: Alomomola|59/100
|move|p2a: Alomomola|Flip Turn|p1a: Darkrai
|-damage|p1a: Darkrai|70/100
|
|t:|1780957560
|switch|p2a: Glaceon|Glaceon, F, shiny|100/100|[from] Flip Turn
|
|-weather|Snowscape|[upkeep]
|upkeep
|turn|17
|
|t:|1780957578
|move|p1a: Darkrai|Dark Pulse|p2a: Glaceon
|-damage|p2a: Glaceon|51/100
|cant|p2a: Glaceon|flinch
|
|-weather|Snowscape|[upkeep]
|-heal|p2a: Glaceon|57/100|[from] ability: Ice Body
|upkeep
|turn|18
|
|t:|1780957595
|-terastallize|p1a: Darkrai|Dark
|move|p1a: Darkrai|Dark Pulse|p2a: Glaceon
|-damage|p2a: Glaceon|0 fnt
|faint|p2a: Glaceon
|
|-weather|Snowscape|[upkeep]
|upkeep
|
|t:|1780957602
|switch|p2a: Alomomola|Alomomola, F|92/100
|-damage|p2a: Alomomola|80/100|[from] Stealth Rock
|turn|19
|
|t:|1780957619
|move|p1a: Darkrai|Dark Pulse|p2a: Alomomola
|-damage|p2a: Alomomola|45/100
|cant|p2a: Alomomola|flinch
|
|-weather|none
|upkeep
|turn|20
|
|t:|1780957637
|move|p1a: Darkrai|Dark Pulse|p2a: Alomomola
|-damage|p2a: Alomomola|11/100
|move|p2a: Alomomola|Liquidation|p1a: Darkrai
|-damage|p1a: Darkrai|23/100
|-unboost|p1a: Darkrai|def|1
|
|upkeep
|turn|21
|inactive|oddishlover4 has 60 seconds left.
|
|t:|1780957655
|switch|p2a: Ting-Lu|Ting-Lu, shiny, tera:Steel|38/100
|-damage|p2a: Ting-Lu|32/100|[from] Stealth Rock
|-ability|p2a: Ting-Lu|Vessel of Ruin
|move|p1a: Darkrai|Dark Pulse|p2a: Ting-Lu
|-damage|p2a: Ting-Lu|0 fnt
|faint|p2a: Ting-Lu
|
|upkeep
|
|t:|1780957659
|switch|p2a: Alomomola|Alomomola, F|45/100
|-damage|p2a: Alomomola|32/100|[from] Stealth Rock
|turn|22
|inactive|oddishlover4 has 60 seconds left.
|
|t:|1780957677
|move|p2a: Alomomola|Aqua Jet|p1a: Darkrai
|-damage|p1a: Darkrai|0 fnt
|faint|p1a: Darkrai
|
|upkeep
|inactive|oddishlover4 has 60 seconds left.
|
|t:|1780957686
|switch|p1a: Kyurem|Kyurem|23/100
|-ability|p1a: Kyurem|Pressure
|turn|23
|
|t:|1780957707
|switch|p2a: Slowking|Slowking-Galar, F, shiny|100/100
|-damage|p2a: Slowking|88/100|[from] Stealth Rock
|move|p1a: Kyurem|Earth Power|p2a: Slowking
|-supereffective|p2a: Slowking
|-damage|p2a: Slowking|33/100
|
|-heal|p2a: Slowking|39/100|[from] item: Black Sludge
|upkeep
|turn|24
|inactive|oddishlover4 has 60 seconds left.
|inactive|PepsiEnby has 120 seconds left.
|
|t:|1780957731
|switch|p2a: Cinderace|Cinderace, F|44/100
|move|p1a: Kyurem|Earth Power|p2a: Cinderace
|-supereffective|p2a: Cinderace
|-damage|p2a: Cinderace|0 fnt
|faint|p2a: Cinderace
|
|upkeep
|
|t:|1780957736
|switch|p2a: Alomomola|Alomomola, F|66/100
|-damage|p2a: Alomomola|53/100|[from] Stealth Rock
|turn|25
|
|t:|1780957746
|move|p1a: Kyurem|Freeze-Dry|p2a: Alomomola
|-supereffective|p2a: Alomomola
|-damage|p2a: Alomomola|6/100
|move|p2a: Alomomola|Liquidation|p1a: Kyurem
|-resisted|p1a: Kyurem
|-damage|p1a: Kyurem|10/100
|
|upkeep
|turn|26
|
|t:|1780957763
|move|p2a: Alomomola|Aqua Jet|p1a: Kyurem
|-resisted|p1a: Kyurem
|-damage|p1a: Kyurem|5/100
|move|p1a: Kyurem|Ice Beam|p2a: Alomomola
|-resisted|p2a: Alomomola
|-damage|p2a: Alomomola|0 fnt
|faint|p2a: Alomomola
|
|upkeep
|
|t:|1780957765
|switch|p2a: Slowking|Slowking-Galar, F, shiny|72/100
|-damage|p2a: Slowking|60/100|[from] Stealth Rock
|turn|27
|
|t:|1780957781
|switch|p1a: Gholdengo|Gholdengo|100/100
|move|p2a: Slowking|Ice Beam|p1a: Gholdengo
|-resisted|p1a: Gholdengo
|-damage|p1a: Gholdengo|87/100
|
|-heal|p2a: Slowking|66/100|[from] item: Black Sludge
|upkeep
|turn|28
|
|t:|1780957789
|move|p1a: Gholdengo|Nasty Plot|p1a: Gholdengo
|-boost|p1a: Gholdengo|spa|2
|-prepare|p2a: Slowking|Chilly Reception|[premajor]
|move|p2a: Slowking|Chilly Reception|p2a: Slowking
|-weather|Snowscape
|
|t:|1780957792
|switch|p2a: Salamence|Salamence, M|85/100|[from] Chilly Reception
|-ability|p2a: Salamence|Intimidate|boost
|-unboost|p1a: Gholdengo|atk|1
|
|-weather|Snowscape|[upkeep]
|upkeep
|turn|29
|inactive|oddishlover4 has 90 seconds left.
|
|t:|1780957805
|move|p2a: Salamence|Earthquake|p1a: Gholdengo
|-supereffective|p1a: Gholdengo
|-enditem|p1a: Gholdengo|Shuca Berry|[eat]
|-enditem|p1a: Gholdengo|Shuca Berry|[weaken]
|-damage|p1a: Gholdengo|55/100
|move|p1a: Gholdengo|Make It Rain|p2a: Salamence
|-damage|p2a: Salamence|0 fnt
|-unboost|p1a: Gholdengo|spa|1
|faint|p2a: Salamence
|
|-weather|Snowscape|[upkeep]
|upkeep
|-message|PepsiEnby forfeited.
|
|win|oddishlover4
|raw|oddishlover4's rating: 1700 &rarr; <strong>1725</strong><br />(+25 for winning)
|raw|PepsiEnby's rating: 1781 &rarr; <strong>1756</strong><br />(-25 for losing)
|c|☆oddishlover4|GG!
|l|☆PepsiEnby
|player|p2|
|l| dilf huntr
