|badge|p2|bronze|gen9ou|100-9
|badge|p2|silver|gen9pu|30-9
|uhtml|medal-msg|<div class="broadcast-blue">Curious what those medals under the avatar are? PS now has Ladder Seasons! For more information, check out the <a href="https://www.smogon.com/forums/threads/3740067/">thread on Smogon.</a></div>
|j|☆kingofdondons
|j|☆ceo o wo chien
|t:|1781247965
|gametype|singles
|player|p1|kingofdondons|skyla|1700
|player|p2|ceo o wo chien|fisherman-gen4|1737
|gen|9
|tier|[Gen 9] OU
|rated|
|rule|HP Percentage Mod: HP is shown in percentages
|rule|Endless Battle Clause: Forcing endless battles is banned
|rule|Species Clause: Limit one of each Pokémon
|rule|OHKO Clause: OHKO moves are banned
|rule|Evasion Items Clause: Evasion items are banned
|rule|Evasion Moves Clause: Evasion moves are banned
|rule|Evasion Abilities Clause: Evasion abilities are banned
|rule|Sleep Moves Clause: Sleep-inducing moves are banned
|clearpoke
|poke|p1|Dragonite, M|
|poke|p1|Ting-Lu|
|poke|p1|Iron Moth|
|poke|p1|Iron Valiant|
|poke|p1|Kyurem|
|poke|p1|Gholdengo|
|poke|p2|Iron Treads|
|poke|p2|Wo-Chien|
|poke|p2|Gholdengo|
|poke|p2|Zapdos|
|poke|p2|Samurott-Hisui, F|
|poke|p2|Zamazenta-*|
|teampreview
|inactive|Battle timer is ON: inactive players will automatically lose when time's up. (requested by ceo o wo chien)
|inactive|kingofdondons also wants the timer to be on.
|
|t:|1781247981
|teamsize|p1|6
|teamsize|p2|6
|start
|switch|p1a: Kyurem|Kyurem|100/100
|switch|p2a: Samurott|Samurott-Hisui, F|100/100
|-ability|p1a: Kyurem|Pressure
|turn|1
|
|t:|1781247988
|move|p2a: Samurott|Ceaseless Edge|p1a: Kyurem
|-damage|p1a: Kyurem|51/100
|-sidestart|p1: kingofdondons|Spikes
|move|p1a: Kyurem|Dragon Dance|p1a: Kyurem
|-boost|p1a: Kyurem|atk|1
|-boost|p1a: Kyurem|spe|1
|
|upkeep
|turn|2
|
|t:|1781247991
|move|p1a: Kyurem|Scale Shot|p2a: Samurott
|-damage|p2a: Samurott|71/100
|-damage|p2a: Samurott|45/100
|-damage|p2a: Samurott|19/100
|-damage|p2a: Samurott|0 fnt
|faint|p2a: Samurott
|-hitcount|p2: Samurott|4
|-unboost|p1a: Kyurem|def|1
|-boost|p1a: Kyurem|spe|1
|
|upkeep
|
|t:|1781247997
|switch|p2a: Zamazenta|Zamazenta|100/100
|-ability|p2a: Zamazenta|Dauntless Shield|boost
|-boost|p2a: Zamazenta|def|1
|turn|3
|
|t:|1781248001
|switch|p1a: Gholdengo|Gholdengo|100/100
|-damage|p1a: Gholdengo|88/100|[from] Spikes
|move|p2a: Zamazenta|Body Press|p1a: Gholdengo
|-immune|p1a: Gholdengo
|
|upkeep
|turn|4
|
|t:|1781248006
|switch|p2a: Iron Treads|Iron Treads|100/100
|move|p1a: Gholdengo|Trick|p2a: Iron Treads
|-activate|p1a: Gholdengo|move: Trick|[of] p2a: Iron Treads
|-item|p2a: Iron Treads|Choice Scarf|[from] move: Trick
|-item|p1a: Gholdengo|Soft Sand|[from] move: Trick
|
|upkeep
|turn|5
|j| yuureisuisei
|
|t:|1781248025
|move|p2a: Iron Treads|Stealth Rock|p1a: Gholdengo
|-sidestart|p1: kingofdondons|move: Stealth Rock
|move|p1a: Gholdengo|Shadow Ball|p2a: Iron Treads
|-damage|p2a: Iron Treads|46/100
|
|upkeep
|turn|6
|
|t:|1781248028
|-end|p2a: Iron Treads|Quark Drive|[silent]
|switch|p2a: Zapdos|Zapdos|100/100
|move|p1a: Gholdengo|Shadow Ball|p2a: Zapdos
|-damage|p2a: Zapdos|60/100
|
|upkeep
|turn|7
|j| euphoricpoptarts
|
|t:|1781248031
|move|p1a: Gholdengo|Shadow Ball|p2a: Zapdos
|-damage|p2a: Zapdos|18/100
|move|p2a: Zapdos|Roost|p2a: Zapdos
|-heal|p2a: Zapdos|68/100
|-singleturn|p2a: Zapdos|move: Roost
|
|upkeep
|turn|8
|
|t:|1781248034
|move|p1a: Gholdengo|Shadow Ball|p2a: Zapdos
|-damage|p2a: Zapdos|29/100
|move|p2a: Zapdos|Roost|p2a: Zapdos
|-heal|p2a: Zapdos|79/100
|-singleturn|p2a: Zapdos|move: Roost
|
|upkeep
|turn|9
|
|t:|1781248037
|move|p1a: Gholdengo|Shadow Ball|p2a: Zapdos
|-damage|p2a: Zapdos|36/100
|-unboost|p2a: Zapdos|spd|1
|move|p2a: Zapdos|Discharge|p1a: Gholdengo
|-damage|p1a: Gholdengo|48/100
|
|upkeep
|turn|10
|
|t:|1781248042
|switch|p2a: Wo-Chien|Wo-Chien|100/100
|-ability|p2a: Wo-Chien|Tablets of Ruin
|move|p1a: Gholdengo|Shadow Ball|p2a: Wo-Chien
|-resisted|p2a: Wo-Chien
|-damage|p2a: Wo-Chien|86/100
|
|-heal|p2a: Wo-Chien|92/100|[from] item: Leftovers
|upkeep
|turn|11
|
|t:|1781248047
|move|p1a: Gholdengo|Trick|p2a: Wo-Chien
|-activate|p1a: Gholdengo|move: Trick|[of] p2a: Wo-Chien
|-item|p2a: Wo-Chien|Soft Sand|[from] move: Trick
|-item|p1a: Gholdengo|Leftovers|[from] move: Trick
|move|p2a: Wo-Chien|Knock Off|p1a: Gholdengo
|-supereffective|p1a: Gholdengo
|-damage|p1a: Gholdengo|0 fnt
|-enditem|p1a: Gholdengo|Leftovers|[from] move: Knock Off|[of] p2a: Wo-Chien
|faint|p1a: Gholdengo
|
|upkeep
|
|t:|1781248052
|switch|p1a: Iron Moth|Iron Moth|100/100
|-damage|p1a: Iron Moth|88/100|[from] Spikes
|-damage|p1a: Iron Moth|63/100|[from] Stealth Rock
|-enditem|p1a: Iron Moth|Booster Energy
|-activate|p1a: Iron Moth|ability: Quark Drive|[fromitem]
|-start|p1a: Iron Moth|quarkdrivespe
|turn|12
|
|t:|1781248057
|-terastallize|p2a: Wo-Chien|Poison
|move|p1a: Iron Moth|Fiery Dance|p2a: Wo-Chien
|-damage|p2a: Wo-Chien|64/100
|move|p2a: Wo-Chien|Leech Seed|p1a: Iron Moth
|-start|p1a: Iron Moth|move: Leech Seed
|
|-damage|p1a: Iron Moth|51/100|[from] Leech Seed|[of] p2a: Wo-Chien
|-heal|p2a: Wo-Chien|74/100|[silent]
|upkeep
|turn|13
|
|t:|1781248064
|move|p2a: Wo-Chien|Protect|p2a: Wo-Chien
|-singleturn|p2a: Wo-Chien|Protect
|move|p1a: Iron Moth|Fiery Dance|p2a: Wo-Chien
|-activate|p2a: Wo-Chien|move: Protect
|
|-damage|p1a: Iron Moth|39/100|[from] Leech Seed|[of] p2a: Wo-Chien
|-heal|p2a: Wo-Chien|84/100|[silent]
|upkeep
|turn|14
|
|t:|1781248069
|-end|p1a: Iron Moth|Quark Drive|[silent]
|switch|p1a: Ting-Lu|Ting-Lu|100/100
|-damage|p1a: Ting-Lu|88/100|[from] Spikes
|-damage|p1a: Ting-Lu|82/100|[from] Stealth Rock
|-ability|p1a: Ting-Lu|Vessel of Ruin
|move|p2a: Wo-Chien|Knock Off|p1a: Ting-Lu
|-resisted|p1a: Ting-Lu
|-damage|p1a: Ting-Lu|75/100
|-damage|p2a: Wo-Chien|68/100|[from] item: Rocky Helmet|[of] p1a: Ting-Lu
|-enditem|p1a: Ting-Lu|Rocky Helmet|[from] move: Knock Off|[of] p2a: Wo-Chien
|
|upkeep
|turn|15
|
|t:|1781248071
|move|p1a: Ting-Lu|Earthquake|p2a: Wo-Chien
|-supereffective|p2a: Wo-Chien
|-damage|p2a: Wo-Chien|25/100
|move|p2a: Wo-Chien|Leech Seed|p1a: Ting-Lu
|-start|p1a: Ting-Lu|move: Leech Seed
|
|-damage|p1a: Ting-Lu|62/100|[from] Leech Seed|[of] p2a: Wo-Chien
|-heal|p2a: Wo-Chien|42/100|[silent]
|upkeep
|turn|16
|
|t:|1781248075
|switch|p2a: Zapdos|Zapdos|36/100
|move|p1a: Ting-Lu|Stealth Rock|p2a: Zapdos
|-sidestart|p2: ceo o wo chien|move: Stealth Rock
|
|-damage|p1a: Ting-Lu|50/100|[from] Leech Seed|[of] p2a: Zapdos
|-heal|p2a: Zapdos|52/100|[silent]
|upkeep
|turn|17
|
|t:|1781248078
|move|p2a: Zapdos|Hurricane|p1a: Ting-Lu
|-damage|p1a: Ting-Lu|23/100
|move|p1a: Ting-Lu|Taunt|p2a: Zapdos
|-start|p2a: Zapdos|move: Taunt
|
|-damage|p1a: Ting-Lu|10/100|[from] Leech Seed|[of] p2a: Zapdos
|-heal|p2a: Zapdos|69/100|[silent]
|upkeep
|turn|18
|
|t:|1781248085
|move|p2a: Zapdos|U-turn|p1a: Ting-Lu
|-supereffective|p1a: Ting-Lu
|-damage|p1a: Ting-Lu|0 fnt
|faint|p1a: Ting-Lu
|
|t:|1781248087
|switch|p2a: Iron Treads|Iron Treads|46/100|[from] U-turn
|-damage|p2a: Iron Treads|43/100|[from] Stealth Rock
|
|upkeep
|
|t:|1781248104
|switch|p1a: Iron Valiant|Iron Valiant|100/100
|-damage|p1a: Iron Valiant|88/100|[from] Spikes
|-damage|p1a: Iron Valiant|82/100|[from] Stealth Rock
|-enditem|p1a: Iron Valiant|Booster Energy
|-activate|p1a: Iron Valiant|ability: Quark Drive|[fromitem]
|-start|p1a: Iron Valiant|quarkdrivespe
|turn|19
|
|t:|1781248111
|move|p1a: Iron Valiant|Close Combat|p2a: Iron Treads
|-supereffective|p2a: Iron Treads
|-damage|p2a: Iron Treads|0 fnt
|-unboost|p1a: Iron Valiant|def|1
|-unboost|p1a: Iron Valiant|spd|1
|faint|p2a: Iron Treads
|-end|p2a: Iron Treads|Quark Drive|[silent]
|
|upkeep
|
|t:|1781248115
|switch|p2a: Zapdos|Zapdos|69/100
|turn|20
|inactive|kingofdondons has 120 seconds left.
|inactive|kingofdondons has 90 seconds left.
|
|t:|1781248181
|move|p1a: Iron Valiant|Knock Off|p2a: Zapdos
|-damage|p2a: Zapdos|45/100
|-enditem|p2a: Zapdos|Heavy-Duty Boots|[from] move: Knock Off|[of] p1a: Iron Valiant
|move|p2a: Zapdos|Discharge|p1a: Iron Valiant
|-damage|p1a: Iron Valiant|0 fnt
|faint|p1a: Iron Valiant
|-end|p1a: Iron Valiant|Quark Drive|[silent]
|
|upkeep
|
|t:|1781248183
|switch|p1a: Iron Moth|Iron Moth|39/100
|-damage|p1a: Iron Moth|26/100|[from] Spikes
|-damage|p1a: Iron Moth|1/100|[from] Stealth Rock
|turn|21
|
|t:|1781248191
|move|p1a: Iron Moth|Sludge Wave|p2a: Zapdos
|-damage|p2a: Zapdos|0 fnt
|faint|p2a: Zapdos
|
|upkeep
|j| velvet3989
|
|t:|1781248193
|switch|p2a: Wo-Chien|Wo-Chien, tera:Poison|42/100
|-damage|p2a: Wo-Chien|30/100|[from] Stealth Rock
|-ability|p2a: Wo-Chien|Tablets of Ruin
|turn|22
|
|t:|1781248211
|move|p1a: Iron Moth|Fiery Dance|p2a: Wo-Chien
|-damage|p2a: Wo-Chien|0 fnt
|faint|p2a: Wo-Chien
|
|upkeep
|
|t:|1781248221
|switch|p2a: Zamazenta|Zamazenta|100/100
|-damage|p2a: Zamazenta|94/100|[from] Stealth Rock
|turn|23
|
|t:|1781248226
|move|p2a: Zamazenta|Crunch|p1a: Iron Moth
|-damage|p1a: Iron Moth|0 fnt
|faint|p1a: Iron Moth
|-end|p1a: Iron Moth|Quark Drive|[silent]
|
|-heal|p2a: Zamazenta|100/100|[from] item: Leftovers
|upkeep
|
|t:|1781248239
|switch|p1a: Dragonite|Dragonite, M|100/100
|turn|24
|
|t:|1781248248
|move|p1a: Dragonite|Dragon Dance|p1a: Dragonite
|-boost|p1a: Dragonite|atk|1
|-boost|p1a: Dragonite|spe|1
|move|p2a: Zamazenta|Roar|p1a: Dragonite
|drag|p1a: Kyurem|Kyurem|51/100
|-damage|p1a: Kyurem|38/100|[from] Spikes
|-damage|p1a: Kyurem|14/100|[from] Stealth Rock
|-ability|p1a: Kyurem|Pressure
|
|upkeep
|turn|25
|
|t:|1781248251
|move|p2a: Zamazenta|Iron Defense|p2a: Zamazenta
|-boost|p2a: Zamazenta|def|2
|move|p1a: Kyurem|Scale Shot|p2a: Zamazenta
|-damage|p2a: Zamazenta|95/100
|-damage|p2a: Zamazenta|90/100
|-damage|p2a: Zamazenta|84/100
|-damage|p2a: Zamazenta|80/100
|-hitcount|p2a: Zamazenta|4
|-unboost|p1a: Kyurem|def|1
|-boost|p1a: Kyurem|spe|1
|
|-heal|p2a: Zamazenta|86/100|[from] item: Leftovers
|upkeep
|turn|26
|
|t:|1781248259
|move|p1a: Kyurem|Icicle Spear|p2a: Zamazenta
|-damage|p2a: Zamazenta|80/100
|-damage|p2a: Zamazenta|74/100
|-damage|p2a: Zamazenta|68/100
|-damage|p2a: Zamazenta|63/100
|-hitcount|p2a: Zamazenta|4
|move|p2a: Zamazenta|Iron Defense|p2a: Zamazenta
|-boost|p2a: Zamazenta|def|2
|
|-heal|p2a: Zamazenta|69/100|[from] item: Leftovers
|upkeep
|turn|27
|
|t:|1781248269
|move|p1a: Kyurem|Icicle Spear|p2a: Zamazenta
|-damage|p2a: Zamazenta|66/100
|-damage|p2a: Zamazenta|62/100
|-damage|p2a: Zamazenta|59/100
|-damage|p2a: Zamazenta|55/100
|-hitcount|p2a: Zamazenta|4
|move|p2a: Zamazenta|Body Press|p1a: Kyurem
|-supereffective|p1a: Kyurem
|-damage|p1a: Kyurem|0 fnt
|faint|p1a: Kyurem
|
|-heal|p2a: Zamazenta|61/100|[from] item: Leftovers
|upkeep
|
|t:|1781248271
|switch|p1a: Dragonite|Dragonite, M|100/100
|turn|28
|
|t:|1781248274
|move|p2a: Zamazenta|Body Press|p1a: Dragonite
|-resisted|p1a: Dragonite
|-damage|p1a: Dragonite|69/100
|move|p1a: Dragonite|Dragon Dance|p1a: Dragonite
|-boost|p1a: Dragonite|atk|1
|-boost|p1a: Dragonite|spe|1
|
|-heal|p2a: Zamazenta|67/100|[from] item: Leftovers
|upkeep
|turn|29
|
|t:|1781248276
|move|p2a: Zamazenta|Body Press|p1a: Dragonite
|-resisted|p1a: Dragonite
|-damage|p1a: Dragonite|9/100
|move|p1a: Dragonite|Earthquake|p2a: Zamazenta
|-damage|p2a: Zamazenta|54/100
|
|-heal|p2a: Zamazenta|60/100|[from] item: Leftovers
|upkeep
|turn|30
|
|t:|1781248280
|-terastallize|p1a: Dragonite|Normal
|move|p1a: Dragonite|Extreme Speed|p2a: Zamazenta
|-damage|p2a: Zamazenta|42/100
|move|p2a: Zamazenta|Body Press|p1a: Dragonite
|-supereffective|p1a: Dragonite
|-damage|p1a: Dragonite|0 fnt
|faint|p1a: Dragonite
|
|win|ceo o wo chien
|raw|kingofdondons's rating: 1700 &rarr; <strong>1683</strong><br />(-17 for losing)
|raw|ceo o wo chien's rating: 1754 &rarr; <strong>1771</strong><br />(+17 for winning)
|l|☆kingofdondons
|player|p1|
|l|☆ceo o wo chien
|player|p2|
|l| yuureisuisei
|l| velvet3989
|l| euphoricpoptarts
