|j|☆thebambi1234
|j|☆K-OnCrayonNibbler
|t:|1780988205
|gametype|singles
|player|p1|thebambi1234|blackbelt-gen4dp|1492
|player|p2|K-OnCrayonNibbler|camper|1539
|gen|9
|tier|[Gen 9] OU
|rated|
|rule|HP Percentage Mod: HP is shown in percentages
|rule|Endless Battle Clause: Forcing endless battles is banned
|rule|Species Clause: Limit one of each Pokémon
|rule|OHKO Clause: OHKO moves are banned
|rule|Evasion Items Clause: Evasion items are banned
|rule|Evasion Moves Clause: Evasion moves are banned
|rule|Evasion Abilities Clause: Evasion abilities are banned
|rule|Sleep Moves Clause: Sleep-inducing moves are banned
|clearpoke
|poke|p1|Gliscor, M|
|poke|p1|Pecharunt|
|poke|p1|Corviknight, F|
|poke|p1|Dondozo, F|
|poke|p1|Garganacl, F|
|poke|p1|Wo-Chien|
|poke|p2|Kingambit, F|
|poke|p2|Cinderace, F|
|poke|p2|Landorus-Therian, M|
|poke|p2|Iron Valiant|
|poke|p2|Kyurem|
|poke|p2|Slowking-Galar, M|
|teampreview
|inactive|Battle timer is ON: inactive players will automatically lose when time's up. (requested by thebambi1234)
|
|t:|1780988225
|teamsize|p1|6
|teamsize|p2|6
|start
|switch|p1a: Gliscor|Gliscor, M|100/100
|switch|p2a: Kyurem|Kyurem, shiny|100/100
|-ability|p2a: Kyurem|Pressure
|turn|1
|
|t:|1780988236
|move|p1a: Gliscor|Protect|p1a: Gliscor
|-singleturn|p1a: Gliscor|Protect
|move|p2a: Kyurem|Substitute|p2a: Kyurem
|-start|p2a: Kyurem|Substitute
|-damage|p2a: Kyurem|76/100
|
|-heal|p2a: Kyurem|82/100|[from] item: Leftovers
|-status|p1a: Gliscor|tox|[from] item: Toxic Orb
|upkeep
|turn|2
|
|t:|1780988259
|switch|p1a: Pecharunt|Pecharunt|100/100
|move|p2a: Kyurem|Freeze-Dry|p1a: Pecharunt
|-damage|p1a: Pecharunt|64/100
|
|-heal|p2a: Kyurem|88/100|[from] item: Leftovers
|upkeep
|turn|3
|
|t:|1780988270
|move|p2a: Kyurem|Earth Power|p1a: Pecharunt
|-supereffective|p1a: Pecharunt
|-damage|p1a: Pecharunt|9/100
|move|p1a: Pecharunt|Parting Shot|p2a: Kyurem
|-unboost|p2a: Kyurem|atk|1
|-unboost|p2a: Kyurem|spa|1
|
|t:|1780988281
|switch|p1a: Corviknight|Corviknight, F|100/100|[from] Parting Shot
|-ability|p1a: Corviknight|Pressure
|
|-heal|p2a: Kyurem|94/100|[from] item: Leftovers
|upkeep
|turn|4
|
|t:|1780988296
|switch|p2a: Landorus|Landorus-Therian, M, shiny|100/100
|-ability|p2a: Landorus|Intimidate|boost
|-unboost|p1a: Corviknight|atk|1
|move|p1a: Corviknight|Body Press|p2a: Landorus
|-resisted|p2a: Landorus
|-damage|p2a: Landorus|89/100
|-damage|p1a: Corviknight|84/100|[from] item: Rocky Helmet|[of] p2a: Landorus
|
|upkeep
|turn|5
|
|t:|1780988313
|switch|p1a: Gliscor|Gliscor, M|100/100 tox
|move|p2a: Landorus|Taunt|p1a: Gliscor
|-start|p1a: Gliscor|move: Taunt
|
|upkeep
|turn|6
|
|t:|1780988318
|move|p2a: Landorus|U-turn|p1a: Gliscor
|-resisted|p1a: Gliscor
|-damage|p1a: Gliscor|93/100 tox
|
|t:|1780988325
|switch|p2a: Kyurem|Kyurem, shiny|94/100|[from] U-turn
|-ability|p2a: Kyurem|Pressure
|move|p1a: Gliscor|Knock Off|p2a: Kyurem
|-damage|p2a: Kyurem|73/100
|-enditem|p2a: Kyurem|Leftovers|[from] move: Knock Off|[of] p1a: Gliscor
|
|-heal|p1a: Gliscor|100/100 tox|[from] ability: Poison Heal
|upkeep
|turn|7
|
|t:|1780988344
|switch|p1a: Wo-Chien|Wo-Chien|100/100
|-ability|p1a: Wo-Chien|Tablets of Ruin
|move|p2a: Kyurem|Freeze-Dry|p1a: Wo-Chien
|-supereffective|p1a: Wo-Chien
|-damage|p1a: Wo-Chien|59/100
|
|-heal|p1a: Wo-Chien|65/100|[from] item: Leftovers
|upkeep
|turn|8
|
|t:|1780988352
|move|p1a: Wo-Chien|Protect|p1a: Wo-Chien
|-singleturn|p1a: Wo-Chien|Protect
|move|p2a: Kyurem|Substitute|p2a: Kyurem
|-start|p2a: Kyurem|Substitute
|-damage|p2a: Kyurem|48/100
|
|-heal|p1a: Wo-Chien|71/100|[from] item: Leftovers
|upkeep
|turn|9
|
|t:|1780988359
|-terastallize|p1a: Wo-Chien|Dark
|move|p2a: Kyurem|Freeze-Dry|p1a: Wo-Chien
|-damage|p1a: Wo-Chien|51/100
|move|p1a: Wo-Chien|Knock Off|p2a: Kyurem
|-end|p2a: Kyurem|Substitute
|
|-heal|p1a: Wo-Chien|57/100|[from] item: Leftovers
|upkeep
|turn|10
|
|t:|1780988369
|switch|p2a: Landorus|Landorus-Therian, M, shiny|89/100
|-ability|p2a: Landorus|Intimidate|boost
|-unboost|p1a: Wo-Chien|atk|1
|move|p1a: Wo-Chien|Leech Seed|p2a: Landorus
|-start|p2a: Landorus|move: Leech Seed
|
|-heal|p1a: Wo-Chien|63/100|[from] item: Leftovers
|-damage|p2a: Landorus|77/100|[from] Leech Seed|[of] p1a: Wo-Chien
|-heal|p1a: Wo-Chien|74/100|[silent]
|upkeep
|turn|11
|
|t:|1780988372
|switch|p2a: Cinderace|Cinderace, F, shiny|100/100
|move|p1a: Wo-Chien|Protect||[still]
|-fail|p1a: Wo-Chien
|
|-heal|p1a: Wo-Chien|80/100|[from] item: Leftovers
|upkeep
|turn|12
|
|t:|1780988377
|move|p1a: Wo-Chien|Protect|p1a: Wo-Chien
|-singleturn|p1a: Wo-Chien|Protect
|move|p2a: Cinderace|Pyro Ball|p1a: Wo-Chien
|-activate|p1a: Wo-Chien|move: Protect
|
|-heal|p1a: Wo-Chien|86/100|[from] item: Leftovers
|upkeep
|turn|13
|
|t:|1780988382
|switch|p1a: Gliscor|Gliscor, M|100/100 tox
|move|p2a: Cinderace|U-turn|p1a: Gliscor
|-resisted|p1a: Gliscor
|-damage|p1a: Gliscor|93/100 tox
|
|t:|1780988388
|switch|p2a: Landorus|Landorus-Therian, M, shiny|77/100|[from] U-turn
|-ability|p2a: Landorus|Intimidate|boost
|-unboost|p1a: Gliscor|atk|1
|
|-heal|p1a: Gliscor|100/100 tox|[from] ability: Poison Heal
|upkeep
|turn|14
|
|t:|1780988392
|move|p2a: Landorus|Taunt|p1a: Gliscor
|-start|p1a: Gliscor|move: Taunt
|move|p1a: Gliscor|Knock Off|p2a: Landorus
|-damage|p2a: Landorus|65/100
|-damage|p1a: Gliscor|84/100 tox|[from] item: Rocky Helmet|[of] p2a: Landorus
|-enditem|p2a: Landorus|Rocky Helmet|[from] move: Knock Off|[of] p1a: Gliscor
|
|-heal|p1a: Gliscor|96/100 tox|[from] ability: Poison Heal
|upkeep
|turn|15
|
|t:|1780988397
|move|p2a: Landorus|Rock Tomb|p1a: Gliscor
|-damage|p1a: Gliscor|82/100 tox
|-unboost|p1a: Gliscor|spe|1
|move|p1a: Gliscor|U-turn|p2a: Landorus
|-resisted|p2a: Landorus
|-damage|p2a: Landorus|60/100
|
|t:|1780988400
|switch|p1a: Wo-Chien|Wo-Chien, tera:Dark|86/100|[from] U-turn
|-ability|p1a: Wo-Chien|Tablets of Ruin
|
|-heal|p1a: Wo-Chien|92/100|[from] item: Leftovers
|upkeep
|turn|16
|
|t:|1780988408
|move|p2a: Landorus|Taunt|p1a: Wo-Chien
|-start|p1a: Wo-Chien|move: Taunt
|move|p1a: Wo-Chien|Ruination|p2a: Landorus
|-damage|p2a: Landorus|30/100
|
|-heal|p1a: Wo-Chien|99/100|[from] item: Leftovers
|upkeep
|turn|17
|
|t:|1780988412
|switch|p1a: Gliscor|Gliscor, M|82/100 tox
|move|p2a: Landorus|U-turn|p1a: Gliscor
|-resisted|p1a: Gliscor
|-damage|p1a: Gliscor|74/100 tox
|
|t:|1780988415
|switch|p2a: Kyurem|Kyurem, shiny|48/100|[from] U-turn
|-ability|p2a: Kyurem|Pressure
|
|-heal|p1a: Gliscor|86/100 tox|[from] ability: Poison Heal
|upkeep
|turn|18
|
|t:|1780988421
|switch|p1a: Wo-Chien|Wo-Chien, tera:Dark|99/100
|-ability|p1a: Wo-Chien|Tablets of Ruin
|move|p2a: Kyurem|Freeze-Dry|p1a: Wo-Chien
|-damage|p1a: Wo-Chien|79/100
|
|-heal|p1a: Wo-Chien|85/100|[from] item: Leftovers
|upkeep
|turn|19
|
|t:|1780988429
|switch|p2a: Cinderace|Cinderace, F, shiny|100/100
|move|p1a: Wo-Chien|Knock Off|p2a: Cinderace
|-damage|p2a: Cinderace|55/100
|-enditem|p2a: Cinderace|Heavy-Duty Boots|[from] move: Knock Off|[of] p1a: Wo-Chien
|
|-heal|p1a: Wo-Chien|91/100|[from] item: Leftovers
|upkeep
|turn|20
|
|t:|1780988436
|move|p2a: Cinderace|Pyro Ball|p1a: Wo-Chien
|-damage|p1a: Wo-Chien|59/100
|move|p1a: Wo-Chien|Leech Seed|p2a: Cinderace
|-start|p2a: Cinderace|move: Leech Seed
|
|-heal|p1a: Wo-Chien|65/100|[from] item: Leftovers
|-damage|p2a: Cinderace|42/100|[from] Leech Seed|[of] p1a: Wo-Chien
|-heal|p1a: Wo-Chien|77/100|[silent]
|upkeep
|turn|21
|
|t:|1780988442
|move|p2a: Cinderace|U-turn|p1a: Wo-Chien
|-supereffective|p1a: Wo-Chien
|-damage|p1a: Wo-Chien|52/100
|
|t:|1780988447
|switch|p2a: Slowking|Slowking-Galar, M, shiny|100/100|[from] U-turn
|move|p1a: Wo-Chien|Leech Seed|p2a: Slowking
|-start|p2a: Slowking|move: Leech Seed
|
|-heal|p1a: Wo-Chien|58/100|[from] item: Leftovers
|-damage|p2a: Slowking|88/100|[from] Leech Seed|[of] p1a: Wo-Chien
|-heal|p1a: Wo-Chien|71/100|[silent]
|upkeep
|turn|22
|
|t:|1780988451
|switch|p2a: Cinderace|Cinderace, F, shiny|42/100
|move|p1a: Wo-Chien|Knock Off|p2a: Cinderace
|-damage|p2a: Cinderace|11/100
|
|-heal|p1a: Wo-Chien|77/100|[from] item: Leftovers
|upkeep
|turn|23
|
|t:|1780988453
|move|p1a: Wo-Chien|Protect|p1a: Wo-Chien
|-singleturn|p1a: Wo-Chien|Protect
|move|p2a: Cinderace|Pyro Ball|p1a: Wo-Chien
|-activate|p1a: Wo-Chien|move: Protect
|
|-heal|p1a: Wo-Chien|83/100|[from] item: Leftovers
|upkeep
|turn|24
|
|t:|1780988459
|move|p2a: Cinderace|Pyro Ball|p1a: Wo-Chien
|-damage|p1a: Wo-Chien|32/100
|move|p1a: Wo-Chien|Leech Seed|p2a: Cinderace
|-start|p2a: Cinderace|move: Leech Seed
|
|-heal|p1a: Wo-Chien|38/100|[from] item: Leftovers
|-damage|p2a: Cinderace|0 fnt|[from] Leech Seed|[of] p1a: Wo-Chien
|-heal|p1a: Wo-Chien|48/100|[silent]
|faint|p2a: Cinderace
|upkeep
|
|t:|1780988467
|switch|p2a: Iron Valiant|Iron Valiant|100/100
|-enditem|p2a: Iron Valiant|Booster Energy
|-activate|p2a: Iron Valiant|ability: Quark Drive|[fromitem]
|-start|p2a: Iron Valiant|quarkdrivespe
|turn|25
|
|t:|1780988483
|move|p1a: Wo-Chien|Protect|p1a: Wo-Chien
|-singleturn|p1a: Wo-Chien|Protect
|move|p2a: Iron Valiant|Calm Mind|p2a: Iron Valiant
|-boost|p2a: Iron Valiant|spa|1
|-boost|p2a: Iron Valiant|spd|1
|
|-heal|p1a: Wo-Chien|54/100|[from] item: Leftovers
|upkeep
|turn|26
|
|t:|1780988488
|switch|p1a: Pecharunt|Pecharunt|9/100
|move|p2a: Iron Valiant|Encore||[still]
|-fail|p2a: Iron Valiant
|
|upkeep
|turn|27
|
|t:|1780988494
|move|p2a: Iron Valiant|Moonblast|p1a: Pecharunt
|-resisted|p1a: Pecharunt
|-damage|p1a: Pecharunt|0 fnt
|faint|p1a: Pecharunt
|
|upkeep
|
|t:|1780988500
|switch|p1a: Dondozo|Dondozo, F|100/100
|turn|28
|
|t:|1780988504
|move|p2a: Iron Valiant|Moonblast|p1a: Dondozo
|-damage|p1a: Dondozo|70/100
|move|p1a: Dondozo|Heavy Slam|p2a: Iron Valiant
|-supereffective|p2a: Iron Valiant
|-damage|p2a: Iron Valiant|0 fnt
|faint|p2a: Iron Valiant
|-end|p2a: Iron Valiant|Quark Drive|[silent]
|
|upkeep
|
|t:|1780988510
|switch|p2a: Kyurem|Kyurem, shiny|48/100
|-ability|p2a: Kyurem|Pressure
|turn|29
|
|t:|1780988519
|switch|p1a: Wo-Chien|Wo-Chien, tera:Dark|54/100
|-ability|p1a: Wo-Chien|Tablets of Ruin
|move|p2a: Kyurem|Freeze-Dry|p1a: Wo-Chien
|-damage|p1a: Wo-Chien|34/100
|
|-heal|p1a: Wo-Chien|40/100|[from] item: Leftovers
|upkeep
|turn|30
|
|t:|1780988524
|move|p2a: Kyurem|Substitute|p2a: Kyurem
|-start|p2a: Kyurem|Substitute
|-damage|p2a: Kyurem|23/100
|move|p1a: Wo-Chien|Knock Off|p2a: Kyurem
|-end|p2a: Kyurem|Substitute
|
|-heal|p1a: Wo-Chien|46/100|[from] item: Leftovers
|upkeep
|turn|31
|
|t:|1780988527
|move|p2a: Kyurem|Freeze-Dry|p1a: Wo-Chien
|-damage|p1a: Wo-Chien|29/100
|move|p1a: Wo-Chien|Leech Seed|p2a: Kyurem|[miss]
|-miss|p1a: Wo-Chien|p2a: Kyurem
|
|-heal|p1a: Wo-Chien|35/100|[from] item: Leftovers
|upkeep
|turn|32
|
|t:|1780988531
|move|p2a: Kyurem|Freeze-Dry|p1a: Wo-Chien
|-damage|p1a: Wo-Chien|16/100
|-status|p1a: Wo-Chien|frz
|cant|p1a: Wo-Chien|frz
|
|-heal|p1a: Wo-Chien|22/100 frz|[from] item: Leftovers
|upkeep
|turn|33
|
|t:|1780988534
|move|p2a: Kyurem|Freeze-Dry|p1a: Wo-Chien
|-damage|p1a: Wo-Chien|3/100 frz
|cant|p1a: Wo-Chien|frz
|
|-heal|p1a: Wo-Chien|9/100 frz|[from] item: Leftovers
|upkeep
|turn|34
|
|t:|1780988537
|cant|p1a: Wo-Chien|frz
|move|p2a: Kyurem|Freeze-Dry|p1a: Wo-Chien
|-damage|p1a: Wo-Chien|0 fnt
|faint|p1a: Wo-Chien
|
|upkeep
|
|t:|1780988540
|switch|p1a: Corviknight|Corviknight, F|84/100
|-ability|p1a: Corviknight|Pressure
|turn|35
|
|t:|1780988546
|move|p2a: Kyurem|Freeze-Dry|p1a: Corviknight
|-damage|p1a: Corviknight|52/100
|move|p1a: Corviknight|U-turn|p2a: Kyurem
|-damage|p2a: Kyurem|9/100
|
|t:|1780988549
|switch|p1a: Gliscor|Gliscor, M|86/100 tox|[from] U-turn
|
|-heal|p1a: Gliscor|99/100 tox|[from] ability: Poison Heal
|upkeep
|turn|36
|
|t:|1780988553
|switch|p1a: Garganacl|Garganacl, F, shiny|100/100
|move|p2a: Kyurem|Freeze-Dry|p1a: Garganacl
|-damage|p1a: Garganacl|76/100
|
|-heal|p1a: Garganacl|83/100|[from] item: Leftovers
|upkeep
|turn|37
|
|t:|1780988559
|switch|p2a: Landorus|Landorus-Therian, M, shiny|30/100
|-ability|p2a: Landorus|Intimidate|boost
|-unboost|p1a: Garganacl|atk|1
|switch|p1a: Corviknight|Corviknight, F|52/100
|-ability|p1a: Corviknight|Pressure
|
|upkeep
|turn|38
|
|t:|1780988564
|move|p2a: Landorus|Taunt|p1a: Corviknight
|-start|p1a: Corviknight|move: Taunt
|move|p1a: Corviknight|U-turn|p2a: Landorus
|-resisted|p2a: Landorus
|-damage|p2a: Landorus|24/100
|
|t:|1780988567
|switch|p1a: Gliscor|Gliscor, M|99/100 tox|[from] U-turn
|
|-heal|p1a: Gliscor|100/100 tox|[from] ability: Poison Heal
|upkeep
|turn|39
|
|t:|1780988572
|move|p2a: Landorus|Taunt|p1a: Gliscor
|-start|p1a: Gliscor|move: Taunt
|move|p1a: Gliscor|Knock Off|p2a: Landorus
|-damage|p2a: Landorus|12/100
|
|upkeep
|turn|40
|
|t:|1780988580
|switch|p2a: Slowking|Slowking-Galar, M, shiny|100/100
|move|p1a: Gliscor|Knock Off|p2a: Slowking
|-supereffective|p2a: Slowking
|-damage|p2a: Slowking|57/100
|-enditem|p2a: Slowking|Heavy-Duty Boots|[from] move: Knock Off|[of] p1a: Gliscor
|
|upkeep
|turn|41
|
|t:|1780988588
|switch|p2a: Landorus|Landorus-Therian, M, shiny|12/100
|-ability|p2a: Landorus|Intimidate|boost
|-unboost|p1a: Gliscor|atk|1
|move|p1a: Gliscor|Earthquake|p2a: Landorus
|-immune|p2a: Landorus
|
|-end|p1a: Gliscor|move: Taunt
|upkeep
|turn|42
|
|t:|1780988591
|move|p2a: Landorus|Taunt|p1a: Gliscor
|-start|p1a: Gliscor|move: Taunt
|move|p1a: Gliscor|U-turn|p2a: Landorus
|-resisted|p2a: Landorus
|-damage|p2a: Landorus|8/100
|
|t:|1780988595
|switch|p1a: Garganacl|Garganacl, F, shiny|83/100|[from] U-turn
|
|-heal|p1a: Garganacl|89/100|[from] item: Leftovers
|upkeep
|turn|43
|
|t:|1780988598
|move|p1a: Garganacl|Protect|p1a: Garganacl
|-singleturn|p1a: Garganacl|Protect
|move|p2a: Landorus|Taunt|p1a: Garganacl
|-activate|p1a: Garganacl|move: Protect
|
|-heal|p1a: Garganacl|95/100|[from] item: Leftovers
|upkeep
|turn|44
|
|t:|1780988601
|switch|p1a: Gliscor|Gliscor, M|100/100 tox
|move|p2a: Landorus|Taunt|p1a: Gliscor
|-start|p1a: Gliscor|move: Taunt
|
|upkeep
|turn|45
|
|t:|1780988605
|move|p2a: Landorus|U-turn|p1a: Gliscor
|-resisted|p1a: Gliscor
|-damage|p1a: Gliscor|92/100 tox
|
|t:|1780988607
|switch|p2a: Slowking|Slowking-Galar, M, shiny|90/100|[from] U-turn
|move|p1a: Gliscor|Knock Off|p2a: Slowking
|-supereffective|p2a: Slowking
|-damage|p2a: Slowking|63/100
|
|-heal|p1a: Gliscor|100/100 tox|[from] ability: Poison Heal
|upkeep
|turn|46
|
|t:|1780988616
|switch|p2a: Landorus|Landorus-Therian, M, shiny|8/100
|-ability|p2a: Landorus|Intimidate|boost
|-unboost|p1a: Gliscor|atk|1
|move|p1a: Gliscor|Knock Off|p2a: Landorus
|-damage|p2a: Landorus|0 fnt
|faint|p2a: Landorus
|
|-end|p1a: Gliscor|move: Taunt
|upkeep
|
|t:|1780988620
|switch|p2a: Kyurem|Kyurem, shiny|9/100
|-ability|p2a: Kyurem|Pressure
|turn|47
|
|t:|1780988627
|move|p1a: Gliscor|Protect|p1a: Gliscor
|-singleturn|p1a: Gliscor|Protect
|move|p2a: Kyurem|Freeze-Dry|p1a: Gliscor
|-activate|p1a: Gliscor|move: Protect
|
|upkeep
|turn|48
|
|t:|1780988633
|switch|p1a: Garganacl|Garganacl, F, shiny|95/100
|move|p2a: Kyurem|Freeze-Dry|p1a: Garganacl
|-damage|p1a: Garganacl|71/100
|
|-heal|p1a: Garganacl|77/100|[from] item: Leftovers
|upkeep
|turn|49
|
|t:|1780988640
|move|p1a: Garganacl|Protect|p1a: Garganacl
|-singleturn|p1a: Garganacl|Protect
|move|p2a: Kyurem|Earth Power|p1a: Garganacl
|-activate|p1a: Garganacl|move: Protect
|
|-heal|p1a: Garganacl|83/100|[from] item: Leftovers
|upkeep
|turn|50
|
|t:|1780988645
|move|p2a: Kyurem|Earth Power|p1a: Garganacl
|-supereffective|p1a: Garganacl
|-damage|p1a: Garganacl|41/100
|-unboost|p1a: Garganacl|spd|1
|move|p1a: Garganacl|Salt Cure|p2a: Kyurem
|-supereffective|p2a: Kyurem
|-damage|p2a: Kyurem|0 fnt
|faint|p2a: Kyurem
|
|-heal|p1a: Garganacl|47/100|[from] item: Leftovers
|upkeep
|
|t:|1780988653
|switch|p2a: Slowking|Slowking-Galar, M, shiny|96/100
|turn|51
|
|t:|1780988656
|move|p1a: Garganacl|Recover|p1a: Garganacl
|-heal|p1a: Garganacl|97/100
|move|p2a: Slowking|Psychic Noise|p1a: Garganacl
|-crit|p1a: Garganacl
|-damage|p1a: Garganacl|56/100
|-start|p1a: Garganacl|move: Heal Block
|
|upkeep
|turn|52
|
|t:|1780988664
|move|p1a: Garganacl|Protect|p1a: Garganacl
|-singleturn|p1a: Garganacl|Protect
|move|p2a: Slowking|Psychic Noise|p1a: Garganacl
|-activate|p1a: Garganacl|move: Protect
|
|-end|p1a: Garganacl|move: Heal Block
|upkeep
|turn|53
|
|t:|1780988668
|switch|p1a: Corviknight|Corviknight, F|52/100
|-ability|p1a: Corviknight|Pressure
|move|p2a: Slowking|Psychic Noise|p1a: Corviknight
|-resisted|p1a: Corviknight
|-damage|p1a: Corviknight|37/100
|-start|p1a: Corviknight|move: Heal Block
|
|upkeep
|turn|54
|
|t:|1780988670
|move|p1a: Corviknight|U-turn|p2a: Slowking
|-damage|p2a: Slowking|81/100
|
|t:|1780988674
|switch|p1a: Gliscor|Gliscor, M|100/100 tox|[from] U-turn
|move|p2a: Slowking|Thunder Wave|p1a: Gliscor
|-immune|p1a: Gliscor
|
|upkeep
|turn|55
|
|t:|1780988679
|move|p1a: Gliscor|Earthquake|p2a: Slowking
|-supereffective|p2a: Slowking
|-damage|p2a: Slowking|16/100
|move|p2a: Slowking|Psychic Noise|p1a: Gliscor
|-damage|p1a: Gliscor|63/100 tox
|-start|p1a: Gliscor|move: Heal Block
|
|upkeep
|turn|56
|
|t:|1780988684
|switch|p2a: Kingambit|Kingambit, F|100/100
|-activate|p2a: Kingambit|ability: Supreme Overlord
|-start|p2a: Kingambit|fallen4|[silent]
|move|p1a: Gliscor|Protect||[still]
|-fail|p1a: Gliscor
|
|-end|p1a: Gliscor|move: Heal Block
|upkeep
|turn|57
|
|t:|1780988690
|move|p1a: Gliscor|Earthquake|p2a: Kingambit
|-supereffective|p2a: Kingambit
|-damage|p2a: Kingambit|48/100
|move|p2a: Kingambit|Kowtow Cleave|p1a: Gliscor
|-damage|p1a: Gliscor|9/100 tox
|
|-heal|p2a: Kingambit|55/100|[from] item: Leftovers
|-heal|p1a: Gliscor|21/100 tox|[from] ability: Poison Heal
|upkeep
|turn|58
|
|t:|1780988700
|move|p1a: Gliscor|Earthquake|p2a: Kingambit
|-supereffective|p2a: Kingambit
|-damage|p2a: Kingambit|2/100
|move|p2a: Kingambit|Kowtow Cleave|p1a: Gliscor
|-crit|p1a: Gliscor
|-damage|p1a: Gliscor|0 fnt
|faint|p1a: Gliscor
|
|-heal|p2a: Kingambit|8/100|[from] item: Leftovers
|upkeep
|
|t:|1780988711
|switch|p1a: Dondozo|Dondozo, F|70/100
|turn|59
|
|t:|1780988721
|move|p2a: Kingambit|Kowtow Cleave|p1a: Dondozo
|-damage|p1a: Dondozo|31/100
|move|p1a: Dondozo|Wave Crash|p2a: Kingambit
|-damage|p2a: Kingambit|0 fnt
|faint|p2a: Kingambit
|-end|p2a: Kingambit|fallen4|[silent]
|-damage|p1a: Dondozo|29/100|[from] Recoil
|
|upkeep
|
|t:|1780988725
|switch|p2a: Slowking|Slowking-Galar, M, shiny|49/100
|turn|60
|
|t:|1780988731
|move|p1a: Dondozo|Wave Crash|p2a: Slowking
|-damage|p2a: Slowking|0 fnt
|faint|p2a: Slowking
|-damage|p1a: Dondozo|16/100|[from] Recoil
|
|win|thebambi1234
|raw|thebambi1234's rating: 1492 &rarr; <strong>1515</strong><br />(+23 for winning)
|raw|K-OnCrayonNibbler's rating: 1539 &rarr; <strong>1516</strong><br />(-23 for losing)
|l|☆K-OnCrayonNibbler
|player|p2|
|l|☆thebambi1234
|player|p1|
