|j|☆temporarylight
|j|☆KurisuChestnutLab
|t:|1781134267
|gametype|singles
|player|p1|temporarylight|101|1710
|player|p2|KurisuChestnutLab|may-contest|1634
|gen|9
|tier|[Gen 9] OU
|rated|
|rule|HP Percentage Mod: HP is shown in percentages
|rule|Endless Battle Clause: Forcing endless battles is banned
|rule|Species Clause: Limit one of each Pokémon
|rule|OHKO Clause: OHKO moves are banned
|rule|Evasion Items Clause: Evasion items are banned
|rule|Evasion Moves Clause: Evasion moves are banned
|rule|Evasion Abilities Clause: Evasion abilities are banned
|rule|Sleep Moves Clause: Sleep-inducing moves are banned
|clearpoke
|poke|p1|Volcanion|
|poke|p1|Hatterene, F|
|poke|p1|Great Tusk|
|poke|p1|Kingambit, F|
|poke|p1|Tornadus-Therian, M|
|poke|p1|Ogerpon-Wellspring, F|
|poke|p2|Zamazenta-*|
|poke|p2|Zapdos|
|poke|p2|Garganacl, M|
|poke|p2|Clefable, M|
|poke|p2|Samurott-Hisui, M|
|poke|p2|Gholdengo|
|teampreview
|inactive|Battle timer is ON: inactive players will automatically lose when time's up. (requested by KurisuChestnutLab)
|
|t:|1781134277
|teamsize|p1|6
|teamsize|p2|6
|start
|switch|p1a: Ogerpon|Ogerpon-Wellspring, F|100/100
|switch|p2a: Zapdos|Zapdos|100/100
|turn|1
|
|t:|1781134302
|move|p1a: Ogerpon|Ivy Cudgel|p2a: Zapdos|[anim] Ivy Cudgel Water
|-crit|p2a: Zapdos
|-damage|p2a: Zapdos|31/100
|move|p2a: Zapdos|Hurricane|p1a: Ogerpon
|-supereffective|p1a: Ogerpon
|-damage|p1a: Ogerpon|0 fnt
|faint|p1a: Ogerpon
|
|upkeep
|inactive|temporarylight has 120 seconds left.
|
|t:|1781134318
|switch|p1a: Volcanion|Volcanion|100/100
|turn|2
|inactive|temporarylight has 120 seconds left.
|
|t:|1781134327
|move|p2a: Zapdos|Discharge|p1a: Volcanion
|-supereffective|p1a: Volcanion
|-damage|p1a: Volcanion|17/100
|move|p1a: Volcanion|Steam Eruption|p2a: Zapdos
|-damage|p2a: Zapdos|0 fnt
|faint|p2a: Zapdos
|
|upkeep
|
|t:|1781134331
|switch|p2a: Gholdengo|Gholdengo|100/100
|turn|3
|
|t:|1781134338
|switch|p1a: Tornadus|Tornadus-Therian, M|100/100
|move|p2a: Gholdengo|Shadow Ball|p1a: Tornadus
|-damage|p1a: Tornadus|71/100
|
|upkeep
|turn|4
|
|t:|1781134342
|move|p2a: Gholdengo|Shadow Ball|p1a: Tornadus
|-damage|p1a: Tornadus|41/100
|move|p1a: Tornadus|Knock Off|p2a: Gholdengo
|-supereffective|p2a: Gholdengo
|-damage|p2a: Gholdengo|58/100
|-enditem|p2a: Gholdengo|Choice Scarf|[from] move: Knock Off|[of] p1a: Tornadus
|
|upkeep
|turn|5
|
|t:|1781134351
|move|p1a: Tornadus|U-turn|p2a: Gholdengo
|-resisted|p2a: Gholdengo
|-damage|p2a: Gholdengo|54/100
|
|t:|1781134353
|switch|p1a: Kingambit|Kingambit, F|100/100|[from] U-turn
|-activate|p1a: Kingambit|ability: Supreme Overlord
|-start|p1a: Kingambit|fallen1|[silent]
|move|p2a: Gholdengo|Make It Rain|p1a: Kingambit
|-resisted|p1a: Kingambit
|-damage|p1a: Kingambit|70/100
|-unboost|p2a: Gholdengo|spa|1
|
|-heal|p1a: Kingambit|76/100|[from] item: Leftovers
|upkeep
|turn|6
|
|t:|1781134360
|switch|p2a: Zamazenta|Zamazenta|100/100
|-ability|p2a: Zamazenta|Dauntless Shield|boost
|-boost|p2a: Zamazenta|def|1
|move|p1a: Kingambit|Sucker Punch||[still]
|-fail|p1a: Kingambit
|
|-heal|p1a: Kingambit|83/100|[from] item: Leftovers
|upkeep
|turn|7
|
|t:|1781134365
|-end|p1a: Kingambit|fallen1|[silent]
|switch|p1a: Tornadus|Tornadus-Therian, M|75/100
|move|p2a: Zamazenta|Crunch|p1a: Tornadus
|-damage|p1a: Tornadus|49/100
|-unboost|p1a: Tornadus|def|1
|
|upkeep
|turn|8
|
|t:|1781134368
|switch|p2a: Gholdengo|Gholdengo|54/100
|switch|p1a: Hatterene|Hatterene, F|100/100
|
|upkeep
|turn|9
|
|t:|1781134373
|switch|p1a: Tornadus|Tornadus-Therian, M|82/100
|move|p2a: Gholdengo|Make It Rain|p1a: Tornadus
|-damage|p1a: Tornadus|37/100
|-unboost|p2a: Gholdengo|spa|1
|
|upkeep
|turn|10
|
|t:|1781134378
|move|p1a: Tornadus|U-turn|p2a: Gholdengo
|-resisted|p2a: Gholdengo
|-damage|p2a: Gholdengo|50/100
|
|t:|1781134383
|switch|p1a: Kingambit|Kingambit, F|83/100|[from] U-turn
|-activate|p1a: Kingambit|ability: Supreme Overlord
|-start|p1a: Kingambit|fallen1|[silent]
|move|p2a: Gholdengo|Make It Rain|p1a: Kingambit
|-resisted|p1a: Kingambit
|-damage|p1a: Kingambit|62/100
|-unboost|p2a: Gholdengo|spa|1
|
|-heal|p1a: Kingambit|68/100|[from] item: Leftovers
|upkeep
|turn|11
|
|t:|1781134391
|switch|p2a: Zamazenta|Zamazenta|100/100
|move|p1a: Kingambit|Iron Head|p2a: Zamazenta
|-damage|p2a: Zamazenta|57/100
|
|-heal|p2a: Zamazenta|63/100|[from] item: Leftovers
|-heal|p1a: Kingambit|74/100|[from] item: Leftovers
|upkeep
|turn|12
|
|t:|1781134397
|-end|p1a: Kingambit|fallen1|[silent]
|switch|p1a: Hatterene|Hatterene, F|100/100
|move|p2a: Zamazenta|Iron Defense|p2a: Zamazenta
|-boost|p2a: Zamazenta|def|2
|
|-heal|p2a: Zamazenta|70/100|[from] item: Leftovers
|upkeep
|turn|13
|
|t:|1781134409
|switch|p2a: Garganacl|Garganacl, M|100/100
|switch|p1a: Tornadus|Tornadus-Therian, M|70/100
|
|upkeep
|turn|14
|
|t:|1781134413
|move|p1a: Tornadus|Knock Off|p2a: Garganacl
|-damage|p2a: Garganacl|86/100
|-enditem|p2a: Garganacl|Leftovers|[from] move: Knock Off|[of] p1a: Tornadus
|move|p2a: Garganacl|Salt Cure|p1a: Tornadus
|-supereffective|p1a: Tornadus
|-damage|p1a: Tornadus|40/100
|-start|p1a: Tornadus|Salt Cure
|
|-damage|p1a: Tornadus|28/100|[from] Salt Cure
|upkeep
|turn|15
|
|t:|1781134426
|switch|p1a: Great Tusk|Great Tusk|100/100
|-enditem|p1a: Great Tusk|Booster Energy
|-activate|p1a: Great Tusk|ability: Protosynthesis|[fromitem]
|-start|p1a: Great Tusk|protosynthesisatk
|move|p2a: Garganacl|Salt Cure|p1a: Great Tusk
|-resisted|p1a: Great Tusk
|-damage|p1a: Great Tusk|98/100
|-start|p1a: Great Tusk|Salt Cure
|
|-damage|p1a: Great Tusk|85/100|[from] Salt Cure
|upkeep
|turn|16
|
|t:|1781134431
|switch|p2a: Zamazenta|Zamazenta|70/100
|move|p1a: Great Tusk|Headlong Rush|p2a: Zamazenta
|-damage|p2a: Zamazenta|0 fnt
|-unboost|p1a: Great Tusk|def|1
|-unboost|p1a: Great Tusk|spd|1
|faint|p2a: Zamazenta
|
|-damage|p1a: Great Tusk|73/100|[from] Salt Cure
|upkeep
|
|t:|1781134435
|switch|p2a: Samurott|Samurott-Hisui, M|100/100
|turn|17
|
|t:|1781134438
|-end|p1a: Great Tusk|Protosynthesis|[silent]
|switch|p1a: Volcanion|Volcanion|17/100
|move|p2a: Samurott|Razor Shell|p1a: Volcanion
|-heal|p1a: Volcanion|42/100|[from] ability: Water Absorb|[of] p2a: Samurott
|
|upkeep
|turn|18
|
|t:|1781134447
|switch|p2a: Gholdengo|Gholdengo|50/100
|move|p1a: Volcanion|Steam Eruption|p2a: Gholdengo|[miss]
|-miss|p1a: Volcanion|p2a: Gholdengo
|
|upkeep
|turn|19
|
|t:|1781134459
|switch|p1a: Tornadus|Tornadus-Therian, M|61/100
|move|p2a: Gholdengo|Shadow Ball|p1a: Tornadus
|-damage|p1a: Tornadus|33/100
|
|upkeep
|turn|20
|
|t:|1781134463
|move|p1a: Tornadus|Heat Wave|p2a: Gholdengo
|-supereffective|p2a: Gholdengo
|-damage|p2a: Gholdengo|0 fnt
|faint|p2a: Gholdengo
|
|upkeep
|
|t:|1781134466
|switch|p2a: Garganacl|Garganacl, M|86/100
|turn|21
|
|t:|1781134474
|-terastallize|p2a: Garganacl|Water
|move|p1a: Tornadus|U-turn|p2a: Garganacl
|-damage|p2a: Garganacl|76/100
|
|t:|1781134478
|switch|p1a: Hatterene|Hatterene, F|100/100|[from] U-turn
|move|p2a: Garganacl|Salt Cure|p1a: Hatterene
|-damage|p1a: Hatterene|88/100
|-start|p1a: Hatterene|Salt Cure
|
|-damage|p1a: Hatterene|76/100|[from] Salt Cure
|upkeep
|turn|22
|
|t:|1781134483
|move|p1a: Hatterene|Draining Kiss|p2a: Garganacl
|-damage|p2a: Garganacl|60/100
|-heal|p1a: Hatterene|92/100|[from] drain|[of] p2a: Garganacl
|move|p2a: Garganacl|Salt Cure|p1a: Hatterene
|-damage|p1a: Hatterene|79/100
|
|-damage|p1a: Hatterene|67/100|[from] Salt Cure
|upkeep
|turn|23
|
|t:|1781134489
|move|p1a: Hatterene|Psychic Noise|p2a: Garganacl
|-damage|p2a: Garganacl|36/100
|-start|p2a: Garganacl|move: Heal Block
|cant|p2a: Garganacl|move: Heal Block|Recover
|
|-damage|p1a: Hatterene|55/100|[from] Salt Cure
|upkeep
|turn|24
|
|t:|1781134494
|move|p1a: Hatterene|Draining Kiss|p2a: Garganacl
|-damage|p2a: Garganacl|22/100
|-heal|p1a: Hatterene|68/100|[from] drain|[of] p2a: Garganacl
|move|p2a: Garganacl|Salt Cure|p1a: Hatterene
|-damage|p1a: Hatterene|57/100
|
|-damage|p1a: Hatterene|45/100|[from] Salt Cure
|-end|p2a: Garganacl|move: Heal Block
|upkeep
|turn|25
|
|t:|1781134501
|switch|p2a: Samurott|Samurott-Hisui, M|100/100
|move|p1a: Hatterene|Psychic Noise|p2a: Samurott
|-immune|p2a: Samurott
|
|-damage|p1a: Hatterene|33/100|[from] Salt Cure
|upkeep
|turn|26
|
|t:|1781134507
|switch|p1a: Great Tusk|Great Tusk|73/100
|move|p2a: Samurott|Razor Shell|p1a: Great Tusk
|-supereffective|p1a: Great Tusk
|-damage|p1a: Great Tusk|0 fnt
|faint|p1a: Great Tusk
|-end|p1a: Great Tusk|Protosynthesis|[silent]
|
|upkeep
|
|t:|1781134510
|switch|p1a: Volcanion|Volcanion|42/100
|turn|27
|
|t:|1781134516
|switch|p2a: Garganacl|Garganacl, M, tera:Water|22/100
|move|p1a: Volcanion|Steam Eruption|p2a: Garganacl
|-resisted|p2a: Garganacl
|-damage|p2a: Garganacl|0 fnt
|faint|p2a: Garganacl
|
|upkeep
|
|t:|1781134520
|switch|p2a: Samurott|Samurott-Hisui, M|100/100
|turn|28
|
|t:|1781134525
|move|p2a: Samurott|Razor Shell|p1a: Volcanion
|-heal|p1a: Volcanion|67/100|[from] ability: Water Absorb|[of] p2a: Samurott
|move|p1a: Volcanion|Steam Eruption|p2a: Samurott
|-resisted|p2a: Samurott
|-damage|p2a: Samurott|35/100
|
|upkeep
|turn|29
|
|t:|1781134529
|move|p2a: Samurott|Razor Shell|p1a: Volcanion
|-heal|p1a: Volcanion|92/100|[from] ability: Water Absorb|[of] p2a: Samurott
|move|p1a: Volcanion|Steam Eruption|p2a: Samurott
|-resisted|p2a: Samurott
|-damage|p2a: Samurott|0 fnt
|faint|p2a: Samurott
|
|upkeep
|
|t:|1781134534
|switch|p2a: Clefable|Clefable, M|100/100
|turn|30
|
|t:|1781134541
|move|p1a: Volcanion|Steam Eruption|p2a: Clefable
|-damage|p2a: Clefable|10/100
|-status|p2a: Clefable|brn
|move|p2a: Clefable|Knock Off|p1a: Volcanion
|-damage|p1a: Volcanion|84/100
|-enditem|p1a: Volcanion|Choice Specs|[from] move: Knock Off|[of] p2a: Clefable
|
|-damage|p2a: Clefable|4/100 brn|[from] brn
|upkeep
|turn|31
|
|t:|1781134546
|move|p1a: Volcanion|Sludge Bomb|p2a: Clefable
|-supereffective|p2a: Clefable
|-damage|p2a: Clefable|0 fnt
|faint|p2a: Clefable
|
|win|temporarylight
|raw|temporarylight's rating: 1710 &rarr; <strong>1727</strong><br />(+17 for winning)
|raw|KurisuChestnutLab's rating: 1658 &rarr; <strong>1641</strong><br />(-17 for losing)
