|j|☆freakoffweeb
|j|☆kadu99
|t:|1780950369
|gametype|singles
|player|p1|freakoffweeb|101|1598
|player|p2|kadu99|policeman-gen4|1660
|gen|9
|tier|[Gen 9] OU
|rated|
|rule|HP Percentage Mod: HP is shown in percentages
|rule|Endless Battle Clause: Forcing endless battles is banned
|rule|Species Clause: Limit one of each Pokémon
|rule|OHKO Clause: OHKO moves are banned
|rule|Evasion Items Clause: Evasion items are banned
|rule|Evasion Moves Clause: Evasion moves are banned
|rule|Evasion Abilities Clause: Evasion abilities are banned
|rule|Sleep Moves Clause: Sleep-inducing moves are banned
|clearpoke
|poke|p1|Rillaboom, M|
|poke|p1|Zamazenta-*|
|poke|p1|Ursaluna, F|
|poke|p1|Mandibuzz, F|
|poke|p1|Cinderace, M|
|poke|p1|Slowking-Galar, M|
|poke|p2|Volcanion|
|poke|p2|Corviknight, F|
|poke|p2|Zamazenta-*|
|poke|p2|Rillaboom, M|
|poke|p2|Gliscor, M|
|poke|p2|Slowking-Galar, F|
|teampreview
|inactive|Battle timer is ON: inactive players will automatically lose when time's up. (requested by freakoffweeb)
|
|t:|1780950380
|teamsize|p1|6
|teamsize|p2|6
|start
|switch|p1a: MF BOOM|Rillaboom, M, shiny|100/100
|switch|p2a: Volcanion|Volcanion|100/100
|-fieldstart|move: Grassy Terrain|[from] ability: Grassy Surge|[of] p1a: MF BOOM
|turn|1
|
|t:|1780950397
|switch|p2a: Corviknight|Corviknight, F|100/100
|-ability|p2a: Corviknight|Pressure
|move|p1a: MF BOOM|Wood Hammer|p2a: Corviknight
|-resisted|p2a: Corviknight
|-damage|p2a: Corviknight|82/100
|-damage|p1a: MF BOOM|84/100|[from] item: Rocky Helmet|[of] p2a: Corviknight
|-damage|p1a: MF BOOM|77/100|[from] Recoil
|
|-heal|p1a: MF BOOM|83/100|[from] Grassy Terrain
|upkeep
|turn|2
|
|t:|1780950403
|switch|p1a: Slowking|Slowking-Galar, M, shiny|100/100
|move|p2a: Corviknight|U-turn|p1a: Slowking
|-damage|p1a: Slowking|87/100
|
|t:|1780950408
|switch|p2a: Rillaboom|Rillaboom, M|100/100|[from] U-turn
|
|-heal|p1a: Slowking|93/100|[from] Grassy Terrain
|upkeep
|turn|3
|
|t:|1780950417
|switch|p1a: Mandibuzz|Mandibuzz, F|100/100
|move|p2a: Rillaboom|Knock Off|p1a: Mandibuzz
|-resisted|p1a: Mandibuzz
|-damage|p1a: Mandibuzz|87/100
|-damage|p2a: Rillaboom|84/100|[from] item: Rocky Helmet|[of] p1a: Mandibuzz
|-enditem|p1a: Mandibuzz|Rocky Helmet|[from] move: Knock Off|[of] p2a: Rillaboom
|-damage|p2a: Rillaboom|74/100|[from] item: Life Orb
|
|-heal|p2a: Rillaboom|80/100|[from] Grassy Terrain
|upkeep
|turn|4
|
|t:|1780950423
|switch|p2a: Gliscor|Gliscor, M|100/100
|move|p1a: Mandibuzz|Foul Play|p2a: Gliscor
|-damage|p2a: Gliscor|74/100
|
|-status|p2a: Gliscor|tox|[from] item: Toxic Orb
|upkeep
|turn|5
|
|t:|1780950432
|switch|p1a: MF BOOM|Rillaboom, M, shiny|83/100
|move|p2a: Gliscor|Toxic|p1a: MF BOOM
|-status|p1a: MF BOOM|tox
|
|-heal|p1a: MF BOOM|89/100 tox|[from] Grassy Terrain
|-damage|p1a: MF BOOM|83/100 tox|[from] psn
|-heal|p2a: Gliscor|87/100 tox|[from] ability: Poison Heal
|-fieldend|move: Grassy Terrain
|upkeep
|turn|6
|
|t:|1780950444
|move|p2a: Gliscor|Protect|p2a: Gliscor
|-singleturn|p2a: Gliscor|Protect
|move|p1a: MF BOOM|Wood Hammer|p2a: Gliscor
|-activate|p2a: Gliscor|move: Protect
|
|-damage|p1a: MF BOOM|71/100 tox|[from] psn
|-heal|p2a: Gliscor|99/100 tox|[from] ability: Poison Heal
|upkeep
|turn|7
|
|t:|1780950449
|switch|p1a: Ursaluna|Ursaluna, F|100/100
|switch|p2a: Corviknight|Corviknight, F|82/100
|-ability|p2a: Corviknight|Pressure
|
|-status|p1a: Ursaluna|brn|[from] item: Flame Orb
|upkeep
|turn|8
|
|t:|1780950455
|move|p1a: Ursaluna|Fire Punch|p2a: Corviknight
|-supereffective|p2a: Corviknight
|-damage|p2a: Corviknight|36/100
|-damage|p1a: Ursaluna|84/100 brn|[from] item: Rocky Helmet|[of] p2a: Corviknight
|move|p2a: Corviknight|U-turn|p1a: Ursaluna
|-damage|p1a: Ursaluna|72/100 brn
|
|t:|1780950468
|switch|p2a: Rillaboom|Rillaboom, M|80/100|[from] U-turn
|-fieldstart|move: Grassy Terrain|[from] ability: Grassy Surge|[of] p2a: Rillaboom
|
|-heal|p2a: Rillaboom|86/100|[from] Grassy Terrain
|-heal|p1a: Ursaluna|78/100 brn|[from] Grassy Terrain
|-damage|p1a: Ursaluna|72/100 brn|[from] brn
|upkeep
|turn|9
|
|t:|1780950472
|switch|p1a: Cinderace|Cinderace, M|100/100
|move|p2a: Rillaboom|Wood Hammer|p1a: Cinderace
|-resisted|p1a: Cinderace
|-damage|p1a: Cinderace|30/100
|-damage|p2a: Rillaboom|62/100|[from] Recoil
|-damage|p2a: Rillaboom|52/100|[from] item: Life Orb
|
|-heal|p1a: Cinderace|37/100|[from] Grassy Terrain
|-heal|p2a: Rillaboom|58/100|[from] Grassy Terrain
|upkeep
|turn|10
|
|t:|1780950479
|move|p2a: Rillaboom|Grassy Glide|p1a: Cinderace
|-resisted|p1a: Cinderace
|-damage|p1a: Cinderace|3/100
|-damage|p2a: Rillaboom|48/100|[from] item: Life Orb
|move|p1a: Cinderace|U-turn|p2a: Rillaboom
|-supereffective|p2a: Rillaboom
|-damage|p2a: Rillaboom|4/100
|
|t:|1780950490
|switch|p1a: Mandibuzz|Mandibuzz, F|87/100|[from] U-turn
|
|-heal|p2a: Rillaboom|10/100|[from] Grassy Terrain
|upkeep
|turn|11
|
|t:|1780950494
|switch|p2a: Corviknight|Corviknight, F|36/100
|-ability|p2a: Corviknight|Pressure
|move|p1a: Mandibuzz|Foul Play|p2a: Corviknight
|-damage|p2a: Corviknight|20/100
|-damage|p1a: Mandibuzz|70/100|[from] item: Rocky Helmet|[of] p2a: Corviknight
|
|upkeep
|turn|12
|
|t:|1780950503
|switch|p1a: Cinderace|Cinderace, M|3/100
|move|p2a: Corviknight|Roost|p2a: Corviknight
|-heal|p2a: Corviknight|70/100
|-singleturn|p2a: Corviknight|move: Roost
|
|-heal|p1a: Cinderace|9/100|[from] Grassy Terrain
|-heal|p2a: Corviknight|76/100|[from] Grassy Terrain
|-fieldend|move: Grassy Terrain
|upkeep
|turn|13
|
|t:|1780950508
|switch|p2a: Volcanion|Volcanion|100/100
|move|p1a: Cinderace|Pyro Ball|p2a: Volcanion
|-resisted|p2a: Volcanion
|-damage|p2a: Volcanion|85/100
|
|upkeep
|turn|14
|
|t:|1780950519
|move|p1a: Cinderace|U-turn|p2a: Volcanion
|-resisted|p2a: Volcanion
|-damage|p2a: Volcanion|76/100
|
|t:|1780950521
|switch|p1a: Slowking|Slowking-Galar, M, shiny|100/100|[from] U-turn
|move|p2a: Volcanion|Steam Eruption|p1a: Slowking
|-damage|p1a: Slowking|53/100
|
|upkeep
|turn|15
|
|t:|1780950533
|-terastallize|p1a: Slowking|Water
|move|p2a: Volcanion|Steam Eruption|p1a: Slowking
|-resisted|p1a: Slowking
|-damage|p1a: Slowking|31/100
|move|p1a: Slowking|Sludge Bomb|p2a: Volcanion
|-damage|p2a: Volcanion|25/100
|-status|p2a: Volcanion|psn
|
|-damage|p2a: Volcanion|12/100 psn|[from] psn
|upkeep
|turn|16
|
|t:|1780950551
|move|p2a: Volcanion|Steam Eruption|p1a: Slowking
|-resisted|p1a: Slowking
|-damage|p1a: Slowking|8/100
|move|p1a: Slowking|Ice Beam|p2a: Volcanion
|-resisted|p2a: Volcanion
|-damage|p2a: Volcanion|4/100 psn
|
|-damage|p2a: Volcanion|0 fnt|[from] psn
|faint|p2a: Volcanion
|upkeep
|j| Sneasler33
|
|t:|1780950580
|switch|p2a: Zamazenta|Zamazenta|100/100
|-ability|p2a: Zamazenta|Dauntless Shield|boost
|-boost|p2a: Zamazenta|def|1
|turn|17
|
|t:|1780950604
|move|p2a: Zamazenta|Body Press|p1a: Slowking
|-damage|p1a: Slowking|0 fnt
|faint|p1a: Slowking
|
|upkeep
|
|t:|1780950607
|switch|p1a: Zamazenta|Zamazenta|100/100
|-ability|p1a: Zamazenta|Dauntless Shield|boost
|-boost|p1a: Zamazenta|def|1
|turn|18
|
|t:|1780950610
|move|p1a: Zamazenta|Iron Defense|p1a: Zamazenta
|-boost|p1a: Zamazenta|def|2
|move|p2a: Zamazenta|Roar|p1a: Zamazenta
|drag|p1a: Cinderace|Cinderace, M|9/100
|
|upkeep
|turn|19
|
|t:|1780950616
|switch|p1a: Mandibuzz|Mandibuzz, F|70/100
|move|p2a: Zamazenta|Iron Defense|p2a: Zamazenta
|-boost|p2a: Zamazenta|def|2
|
|upkeep
|turn|20
|
|t:|1780950623
|-terastallize|p2a: Zamazenta|Steel
|move|p2a: Zamazenta|Iron Defense|p2a: Zamazenta
|-boost|p2a: Zamazenta|def|2
|move|p1a: Mandibuzz|Toxic|p2a: Zamazenta
|-immune|p2a: Zamazenta
|
|upkeep
|turn|21
|
|t:|1780950628
|move|p2a: Zamazenta|Body Press|p1a: Mandibuzz
|-damage|p1a: Mandibuzz|0 fnt
|faint|p1a: Mandibuzz
|
|upkeep
|
|t:|1780950630
|switch|p1a: Zamazenta|Zamazenta|100/100
|turn|22
|
|t:|1780950633
|move|p2a: Zamazenta|Body Press|p1a: Zamazenta
|-damage|p1a: Zamazenta|2/100
|move|p1a: Zamazenta|Roar|p2a: Zamazenta
|drag|p2a: Rillaboom|Rillaboom, M|10/100
|-fieldstart|move: Grassy Terrain|[from] ability: Grassy Surge|[of] p2a: Rillaboom
|
|-heal|p1a: Zamazenta|8/100|[from] Grassy Terrain
|-heal|p1a: Zamazenta|14/100|[from] item: Leftovers
|-heal|p2a: Rillaboom|16/100|[from] Grassy Terrain
|upkeep
|turn|23
|
|t:|1780950647
|move|p2a: Rillaboom|Grassy Glide|p1a: Zamazenta
|-damage|p1a: Zamazenta|0 fnt
|faint|p1a: Zamazenta
|-damage|p2a: Rillaboom|6/100|[from] item: Life Orb
|
|-heal|p2a: Rillaboom|12/100|[from] Grassy Terrain
|upkeep
|
|t:|1780950649
|switch|p1a: Cinderace|Cinderace, M|9/100
|turn|24
|-message|freakoffweeb forfeited.
|
|win|kadu99
|raw|freakoffweeb's rating: 1598 &rarr; <strong>1582</strong><br />(-16 for losing)
|raw|kadu99's rating: 1660 &rarr; <strong>1676</strong><br />(+16 for winning)
|l|☆freakoffweeb
|player|p1|
|l|☆kadu99
|player|p2|
|l| Sneasler33
