|j|☆seven-iwnl
|j|☆XianTwa
|t:|1781319219
|gametype|singles
|player|p1|seven-iwnl|ghetsis|1650
|player|p2|XianTwa|dawn|1669
|gen|9
|tier|[Gen 9] OU
|rated|
|rule|HP Percentage Mod: HP is shown in percentages
|rule|Endless Battle Clause: Forcing endless battles is banned
|rule|Species Clause: Limit one of each Pokémon
|rule|OHKO Clause: OHKO moves are banned
|rule|Evasion Items Clause: Evasion items are banned
|rule|Evasion Moves Clause: Evasion moves are banned
|rule|Evasion Abilities Clause: Evasion abilities are banned
|rule|Sleep Moves Clause: Sleep-inducing moves are banned
|clearpoke
|poke|p1|Raging Bolt|
|poke|p1|Ribombee, M|
|poke|p1|Gholdengo|
|poke|p1|Great Tusk|
|poke|p1|Ogerpon-Cornerstone, F|
|poke|p1|Ceruledge, M|
|poke|p2|Araquanid, F|
|poke|p2|Enamorus, F|
|poke|p2|Great Tusk|
|poke|p2|Gholdengo|
|poke|p2|Iron Moth|
|poke|p2|Quaquaval, F|
|teampreview
|inactive|Battle timer is ON: inactive players will automatically lose when time's up. (requested by XianTwa)
|
|t:|1781319234
|teamsize|p1|6
|teamsize|p2|6
|start
|switch|p1a: Ribombee|Ribombee, M, shiny|100/100
|switch|p2a: Quaquaval|Quaquaval, F|100/100
|turn|1
|
|t:|1781319238
|move|p1a: Ribombee|Stun Spore|p2a: Quaquaval
|-status|p2a: Quaquaval|par
|move|p2a: Quaquaval|Aqua Step|p1a: Ribombee
|-damage|p1a: Ribombee|12/100
|-boost|p2a: Quaquaval|spe|1
|
|upkeep
|turn|2
|
|t:|1781319250
|switch|p2a: Araquanid|Araquanid, F|100/100
|move|p1a: Ribombee|Sticky Web|p2a: Araquanid
|-sidestart|p2: XianTwa|move: Sticky Web
|
|upkeep
|turn|3
|
|t:|1781319257
|switch|p1a: Ogerpon|Ogerpon-Cornerstone, F|100/100
|move|p2a: Araquanid|Sticky Web|p1a: Ogerpon
|-sidestart|p1: seven-iwnl|move: Sticky Web
|
|upkeep
|turn|4
|
|t:|1781319263
|switch|p2a: Quaquaval|Quaquaval, F|100/100 par
|-activate|p2a: Quaquaval|move: Sticky Web
|-unboost|p2a: Quaquaval|spe|1
|move|p1a: Ogerpon|Ivy Cudgel|p2a: Quaquaval|[anim] Ivy Cudgel Rock
|-resisted|p2a: Quaquaval
|-damage|p2a: Quaquaval|60/100 par
|
|upkeep
|turn|5
|
|t:|1781319271
|move|p1a: Ogerpon|Power Whip|p2a: Quaquaval
|-supereffective|p2a: Quaquaval
|-damage|p2a: Quaquaval|0 fnt
|faint|p2a: Quaquaval
|
|upkeep
|
|t:|1781319277
|switch|p2a: Great Tusk|Great Tusk|100/100
|-activate|p2a: Great Tusk|move: Sticky Web
|-unboost|p2a: Great Tusk|spe|1
|-enditem|p2a: Great Tusk|Booster Energy
|-activate|p2a: Great Tusk|ability: Protosynthesis|[fromitem]
|-start|p2a: Great Tusk|protosynthesisatk
|turn|6
|
|t:|1781319283
|move|p1a: Ogerpon|Power Whip|p2a: Great Tusk
|-supereffective|p2a: Great Tusk
|-damage|p2a: Great Tusk|0 fnt
|faint|p2a: Great Tusk
|-end|p2a: Great Tusk|Protosynthesis|[silent]
|
|upkeep
|
|t:|1781319291
|switch|p2a: Gholdengo|Gholdengo|100/100
|-item|p2a: Gholdengo|Air Balloon
|turn|7
|
|t:|1781319297
|move|p1a: Ogerpon|Ivy Cudgel|p2a: Gholdengo|[anim] Ivy Cudgel Rock
|-resisted|p2a: Gholdengo
|-damage|p2a: Gholdengo|64/100
|-enditem|p2a: Gholdengo|Air Balloon
|move|p2a: Gholdengo|Make It Rain|p1a: Ogerpon
|-supereffective|p1a: Ogerpon
|-ability|p1a: Ogerpon|Sturdy
|-damage|p1a: Ogerpon|1/100
|-unboost|p2a: Gholdengo|spa|1
|
|upkeep
|turn|8
|
|t:|1781319306
|move|p1a: Ogerpon|Power Whip|p2a: Gholdengo
|-resisted|p2a: Gholdengo
|-damage|p2a: Gholdengo|22/100
|move|p2a: Gholdengo|Shadow Ball|p1a: Ogerpon
|-damage|p1a: Ogerpon|0 fnt
|faint|p1a: Ogerpon
|
|upkeep
|
|t:|1781319313
|switch|p1a: Gholdengo|Gholdengo, shiny|100/100
|-item|p1a: Gholdengo|Air Balloon
|turn|9
|
|t:|1781319319
|move|p2a: Gholdengo|Shadow Ball|p1a: Gholdengo
|-supereffective|p1a: Gholdengo
|-crit|p1a: Gholdengo
|-damage|p1a: Gholdengo|0 fnt
|-enditem|p1a: Gholdengo|Air Balloon
|faint|p1a: Gholdengo
|
|upkeep
|
|t:|1781319326
|switch|p1a: Ceruledge|Ceruledge, M, shiny|100/100
|-activate|p1a: Ceruledge|move: Sticky Web
|-unboost|p1a: Ceruledge|spe|1
|turn|10
|
|t:|1781319331
|switch|p2a: Araquanid|Araquanid, F|100/100
|-activate|p2a: Araquanid|move: Sticky Web
|-unboost|p2a: Araquanid|spe|1
|move|p1a: Ceruledge|Shadow Sneak|p2a: Araquanid
|-damage|p2a: Araquanid|78/100
|
|upkeep
|turn|11
|
|t:|1781319335
|move|p1a: Ceruledge|Swords Dance|p1a: Ceruledge
|-boost|p1a: Ceruledge|atk|2
|move|p2a: Araquanid|Surf|p1a: Ceruledge
|-supereffective|p1a: Ceruledge
|-enditem|p1a: Ceruledge|Focus Sash
|-damage|p1a: Ceruledge|1/100
|
|upkeep
|turn|12
|
|t:|1781319340
|move|p1a: Ceruledge|Poltergeist|p2a: Araquanid
|-activate|p2a: Araquanid|move: Poltergeist|Custap Berry
|-damage|p2a: Araquanid|0 fnt
|faint|p2a: Araquanid
|
|upkeep
|
|t:|1781319351
|switch|p2a: Iron Moth|Iron Moth|100/100
|-activate|p2a: Iron Moth|move: Sticky Web
|-unboost|p2a: Iron Moth|spe|1
|-enditem|p2a: Iron Moth|Booster Energy
|-activate|p2a: Iron Moth|ability: Quark Drive|[fromitem]
|-start|p2a: Iron Moth|quarkdrivespa
|turn|13
|
|t:|1781319355
|move|p1a: Ceruledge|Shadow Sneak|p2a: Iron Moth
|-damage|p2a: Iron Moth|24/100
|move|p2a: Iron Moth|Fiery Dance|p1a: Ceruledge
|-resisted|p1a: Ceruledge
|-damage|p1a: Ceruledge|0 fnt
|faint|p1a: Ceruledge
|
|upkeep
|
|t:|1781319359
|switch|p1a: Great Tusk|Great Tusk, shiny|100/100
|-activate|p1a: Great Tusk|move: Sticky Web
|-unboost|p1a: Great Tusk|spe|1
|-enditem|p1a: Great Tusk|Booster Energy
|-activate|p1a: Great Tusk|ability: Protosynthesis|[fromitem]
|-start|p1a: Great Tusk|protosynthesisatk
|turn|14
|
|t:|1781319367
|move|p2a: Iron Moth|Energy Ball|p1a: Great Tusk
|-supereffective|p1a: Great Tusk
|-damage|p1a: Great Tusk|0 fnt
|faint|p1a: Great Tusk
|-end|p1a: Great Tusk|Protosynthesis|[silent]
|
|upkeep
|
|t:|1781319371
|switch|p1a: Ribombee|Ribombee, M, shiny|12/100
|-activate|p1a: Ribombee|move: Sticky Web
|-unboost|p1a: Ribombee|spe|1
|turn|15
|
|t:|1781319375
|move|p1a: Ribombee|Stun Spore|p2a: Iron Moth
|-status|p2a: Iron Moth|par
|move|p2a: Iron Moth|Fiery Dance|p1a: Ribombee
|-supereffective|p1a: Ribombee
|-damage|p1a: Ribombee|0 fnt
|-boost|p2a: Iron Moth|spa|1
|faint|p1a: Ribombee
|
|upkeep
|
|t:|1781319379
|switch|p1a: Raging Bolt|Raging Bolt|100/100
|-activate|p1a: Raging Bolt|move: Sticky Web
|-unboost|p1a: Raging Bolt|spe|1
|-enditem|p1a: Raging Bolt|Booster Energy
|-activate|p1a: Raging Bolt|ability: Protosynthesis|[fromitem]
|-start|p1a: Raging Bolt|protosynthesisspa
|turn|16
|
|t:|1781319385
|-terastallize|p1a: Raging Bolt|Ghost
|move|p1a: Raging Bolt|Calm Mind|p1a: Raging Bolt
|-boost|p1a: Raging Bolt|spa|1
|-boost|p1a: Raging Bolt|spd|1
|move|p2a: Iron Moth|Dazzling Gleam|p1a: Raging Bolt
|-damage|p1a: Raging Bolt|62/100
|
|upkeep
|turn|17
|
|t:|1781319401
|move|p1a: Raging Bolt|Thunderclap|p2a: Iron Moth
|-damage|p2a: Iron Moth|0 fnt
|faint|p2a: Iron Moth
|-end|p2a: Iron Moth|Quark Drive|[silent]
|
|upkeep
|
|t:|1781319410
|switch|p2a: Enamorus|Enamorus, F|100/100
|turn|18
|
|t:|1781319416
|-terastallize|p2a: Enamorus|Fairy
|move|p2a: Enamorus|Moonblast|p1a: Raging Bolt
|-damage|p1a: Raging Bolt|4/100
|-damage|p2a: Enamorus|91/100|[from] item: Life Orb
|move|p1a: Raging Bolt|Dragon Pulse|p2a: Enamorus
|-immune|p2a: Enamorus
|
|upkeep
|turn|19
|
|t:|1781319423
|move|p1a: Raging Bolt|Thunderclap||[still]
|-fail|p1a: Raging Bolt
|move|p2a: Enamorus|Substitute|p2a: Enamorus
|-start|p2a: Enamorus|Substitute
|-damage|p2a: Enamorus|66/100
|
|upkeep
|turn|20
|
|t:|1781319426
|move|p1a: Raging Bolt|Thunderclap|p2a: Enamorus
|-end|p2a: Enamorus|Substitute
|move|p2a: Enamorus|Moonblast|p1a: Raging Bolt
|-damage|p1a: Raging Bolt|0 fnt
|faint|p1a: Raging Bolt
|-end|p1a: Raging Bolt|Protosynthesis|[silent]
|-damage|p2a: Enamorus|56/100|[from] item: Life Orb
|
|win|XianTwa
|raw|seven-iwnl's rating: 1650 &rarr; <strong>1631</strong><br />(-19 for losing)
|raw|XianTwa's rating: 1669 &rarr; <strong>1688</strong><br />(+19 for winning)
|l|☆seven-iwnl
|player|p1|
