|j|☆kpdl
|j|☆thegreatestnone
|t:|1780889158
|gametype|singles
|player|p1|kpdl|170|1517
|player|p2|thegreatestnone|101|1587
|gen|9
|tier|[Gen 9] OU
|rated|
|rule|HP Percentage Mod: HP is shown in percentages
|rule|Endless Battle Clause: Forcing endless battles is banned
|rule|Species Clause: Limit one of each Pokémon
|rule|OHKO Clause: OHKO moves are banned
|rule|Evasion Items Clause: Evasion items are banned
|rule|Evasion Moves Clause: Evasion moves are banned
|rule|Evasion Abilities Clause: Evasion abilities are banned
|rule|Sleep Moves Clause: Sleep-inducing moves are banned
|clearpoke
|poke|p1|Hydrapple, M|
|poke|p1|Tyranitar, M|
|poke|p1|Moltres|
|poke|p1|Zamazenta-*|
|poke|p1|Slowking-Galar, F|
|poke|p1|Excadrill, F|
|poke|p2|Pawmot, M|
|poke|p2|Ting-Lu|
|poke|p2|Skeledirge, M|
|poke|p2|Greninja-*, M|
|poke|p2|Weezing-Galar, F|
|poke|p2|Slowking, M|
|teampreview
|inactive|Battle timer is ON: inactive players will automatically lose when time's up. (requested by kpdl)
|
|t:|1780889170
|teamsize|p1|6
|teamsize|p2|6
|start
|switch|p1a: for real real|Tyranitar, M, shiny|100/100
|switch|p2a: Pawmot|Pawmot, M|100/100
|-weather|Sandstorm|[from] ability: Sand Stream|[of] p1a: for real real
|turn|1
|
|t:|1780889179
|switch|p1a: pollo rostisado|Moltres|100/100
|move|p2a: Pawmot|Double Shock|p1a: pollo rostisado
|-supereffective|p1a: pollo rostisado
|-damage|p1a: pollo rostisado|17/100
|-start|p2a: Pawmot|typechange|???/Fighting|[from] move: Double Shock
|-status|p2a: Pawmot|brn|[from] ability: Flame Body|[of] p1a: pollo rostisado
|
|-weather|Sandstorm|[upkeep]
|-damage|p2a: Pawmot|94/100 brn|[from] Sandstorm
|-damage|p1a: pollo rostisado|11/100|[from] Sandstorm
|-damage|p2a: Pawmot|88/100 brn|[from] brn
|upkeep
|turn|2
|
|t:|1780889197
|switch|p2a: Greninja|Greninja, M|100/100
|switch|p1a: Hydrapple|Hydrapple, M|100/100
|
|-weather|Sandstorm|[upkeep]
|-damage|p2a: Greninja|95/100|[from] Sandstorm
|-damage|p1a: Hydrapple|94/100|[from] Sandstorm
|upkeep
|turn|3
|
|t:|1780889205
|switch|p1a: fat nobody|Slowking-Galar, F|100/100
|move|p2a: Greninja|Ice Beam|p1a: fat nobody
|-start|p2a: Greninja|typechange|Ice|[from] ability: Protean
|-damage|p1a: fat nobody|68/100
|-status|p1a: fat nobody|frz
|
|-weather|Sandstorm|[upkeep]
|-damage|p2a: Greninja|89/100|[from] Sandstorm
|-damage|p1a: fat nobody|62/100 frz|[from] Sandstorm
|upkeep
|turn|4
|
|t:|1780889214
|switch|p1a: Zamazenta|Zamazenta|100/100
|-ability|p1a: Zamazenta|Dauntless Shield|boost
|-boost|p1a: Zamazenta|def|1
|move|p2a: Greninja|Ice Beam|p1a: Zamazenta
|-damage|p1a: Zamazenta|48/100
|
|-weather|Sandstorm|[upkeep]
|-damage|p1a: Zamazenta|41/100|[from] Sandstorm
|-damage|p2a: Greninja|83/100|[from] Sandstorm
|-heal|p1a: Zamazenta|48/100|[from] item: Leftovers
|upkeep
|turn|5
|
|t:|1780889220
|switch|p2a: Skeledirge|Skeledirge, M|100/100
|move|p1a: Zamazenta|Body Press|p2a: Skeledirge
|-immune|p2a: Skeledirge
|
|-weather|none
|-heal|p1a: Zamazenta|54/100|[from] item: Leftovers
|upkeep
|turn|6
|
|t:|1780889224
|move|p1a: Zamazenta|Crunch|p2a: Skeledirge
|-supereffective|p2a: Skeledirge
|-damage|p2a: Skeledirge|77/100
|move|p2a: Skeledirge|Will-O-Wisp|p1a: Zamazenta|[miss]
|-miss|p2a: Skeledirge|p1a: Zamazenta
|
|-heal|p1a: Zamazenta|60/100|[from] item: Leftovers
|upkeep
|turn|7
|
|t:|1780889237
|move|p1a: Zamazenta|Iron Defense|p1a: Zamazenta
|-boost|p1a: Zamazenta|def|2
|move|p2a: Skeledirge|Hex|p1a: Zamazenta
|-damage|p1a: Zamazenta|36/100
|
|-heal|p1a: Zamazenta|43/100|[from] item: Leftovers
|upkeep
|turn|8
|
|t:|1780889242
|move|p1a: Zamazenta|Crunch|p2a: Skeledirge
|-supereffective|p2a: Skeledirge
|-damage|p2a: Skeledirge|50/100
|move|p2a: Skeledirge|Slack Off|p2a: Skeledirge
|-heal|p2a: Skeledirge|99/100
|
|-heal|p1a: Zamazenta|49/100|[from] item: Leftovers
|upkeep
|turn|9
|
|t:|1780889248
|move|p2a: Skeledirge|Will-O-Wisp|p1a: Zamazenta
|-status|p1a: Zamazenta|brn
|move|p1a: Zamazenta|Roar|p2a: Skeledirge
|drag|p2a: Ting-Lu|Ting-Lu|100/100
|-ability|p2a: Ting-Lu|Vessel of Ruin
|
|-heal|p1a: Zamazenta|55/100 brn|[from] item: Leftovers
|-damage|p1a: Zamazenta|49/100 brn|[from] brn
|upkeep
|turn|10
|
|t:|1780889252
|switch|p2a: Skeledirge|Skeledirge, M|99/100
|move|p1a: Zamazenta|Body Press|p2a: Skeledirge
|-immune|p2a: Skeledirge
|
|-heal|p1a: Zamazenta|55/100 brn|[from] item: Leftovers
|-damage|p1a: Zamazenta|49/100 brn|[from] brn
|upkeep
|turn|11
|
|t:|1780889262
|switch|p1a: fat nobody|Slowking-Galar, F|95/100 frz
|move|p2a: Skeledirge|Hex|p1a: fat nobody
|-supereffective|p1a: fat nobody
|-damage|p1a: fat nobody|38/100 frz
|
|upkeep
|turn|12
|
|t:|1780889267
|switch|p1a: for real real|Tyranitar, M, shiny|100/100
|-weather|Sandstorm|[from] ability: Sand Stream|[of] p1a: for real real
|move|p2a: Skeledirge|Will-O-Wisp|p1a: for real real
|-status|p1a: for real real|brn
|
|-weather|Sandstorm|[upkeep]
|-damage|p2a: Skeledirge|94/100|[from] Sandstorm
|-damage|p1a: for real real|94/100 brn|[from] brn
|upkeep
|turn|13
|
|t:|1780889278
|switch|p2a: Pawmot|Pawmot, M|88/100 brn
|move|p1a: for real real|Knock Off|p2a: Pawmot
|-resisted|p2a: Pawmot
|-damage|p2a: Pawmot|55/100 brn
|-enditem|p2a: Pawmot|Choice Scarf|[from] move: Knock Off|[of] p1a: for real real
|
|-weather|Sandstorm|[upkeep]
|-damage|p2a: Pawmot|49/100 brn|[from] Sandstorm
|-damage|p2a: Pawmot|43/100 brn|[from] brn
|-damage|p1a: for real real|88/100 brn|[from] brn
|upkeep
|turn|14
|
|t:|1780889283
|switch|p1a: Hydrapple|Hydrapple, M|100/100
|move|p2a: Pawmot|Close Combat|p1a: Hydrapple
|-damage|p1a: Hydrapple|83/100
|-unboost|p2a: Pawmot|def|1
|-unboost|p2a: Pawmot|spd|1
|
|-weather|Sandstorm|[upkeep]
|-damage|p2a: Pawmot|37/100 brn|[from] Sandstorm
|-damage|p1a: Hydrapple|77/100|[from] Sandstorm
|-damage|p2a: Pawmot|31/100 brn|[from] brn
|upkeep
|turn|15
|
|t:|1780889289
|switch|p2a: Weezing|Weezing-Galar, F|100/100
|move|p1a: Hydrapple|Earth Power|p2a: Weezing
|-immune|p2a: Weezing|[from] ability: Levitate
|
|-weather|Sandstorm|[upkeep]
|-damage|p2a: Weezing|95/100|[from] Sandstorm
|-damage|p1a: Hydrapple|71/100|[from] Sandstorm
|-heal|p2a: Weezing|100/100|[from] item: Leftovers
|upkeep
|turn|16
|
|t:|1780889297
|switch|p1a: fat nobody|Slowking-Galar, F|72/100 frz
|move|p2a: Weezing|Will-O-Wisp|p1a: fat nobody|[miss]
|-miss|p2a: Weezing|p1a: fat nobody
|
|-weather|none
|upkeep
|turn|17
|
|t:|1780889300
|switch|p2a: Greninja|Greninja, M|83/100
|cant|p1a: fat nobody|frz
|
|upkeep
|turn|18
|
|t:|1780889307
|switch|p1a: pollo rostisado|Moltres|11/100
|move|p2a: Greninja|Ice Beam|p1a: pollo rostisado
|-start|p2a: Greninja|typechange|Ice|[from] ability: Protean
|-damage|p1a: pollo rostisado|0 fnt
|faint|p1a: pollo rostisado
|
|upkeep
|
|t:|1780889311
|switch|p1a: Zamazenta|Zamazenta|49/100 brn
|turn|19
|
|t:|1780889314
|switch|p2a: Skeledirge|Skeledirge, M|94/100
|move|p1a: Zamazenta|Body Press|p2a: Skeledirge
|-immune|p2a: Skeledirge
|
|-heal|p1a: Zamazenta|55/100 brn|[from] item: Leftovers
|-damage|p1a: Zamazenta|49/100 brn|[from] brn
|upkeep
|turn|20
|
|t:|1780889317
|switch|p1a: fat nobody|Slowking-Galar, F|100/100 frz
|move|p2a: Skeledirge|Hex|p1a: fat nobody
|-supereffective|p1a: fat nobody
|-damage|p1a: fat nobody|45/100 frz
|
|upkeep
|turn|21
|
|t:|1780889323
|switch|p2a: Pawmot|Pawmot, M|31/100 brn
|switch|p1a: for real real|Tyranitar, M, shiny|88/100 brn
|-weather|Sandstorm|[from] ability: Sand Stream|[of] p1a: for real real
|
|-weather|Sandstorm|[upkeep]
|-damage|p2a: Pawmot|25/100 brn|[from] Sandstorm
|-damage|p2a: Pawmot|19/100 brn|[from] brn
|-damage|p1a: for real real|82/100 brn|[from] brn
|upkeep
|turn|22
|
|t:|1780889332
|switch|p1a: Hydrapple|Hydrapple, M|100/100
|move|p2a: Pawmot|Close Combat|p1a: Hydrapple
|-damage|p1a: Hydrapple|82/100
|-unboost|p2a: Pawmot|def|1
|-unboost|p2a: Pawmot|spd|1
|
|-weather|Sandstorm|[upkeep]
|-damage|p2a: Pawmot|13/100 brn|[from] Sandstorm
|-damage|p1a: Hydrapple|76/100|[from] Sandstorm
|-damage|p2a: Pawmot|7/100 brn|[from] brn
|upkeep
|turn|23
|
|t:|1780889340
|switch|p2a: Weezing|Weezing-Galar, F|100/100
|move|p1a: Hydrapple|Nasty Plot|p1a: Hydrapple
|-boost|p1a: Hydrapple|spa|2
|
|-weather|Sandstorm|[upkeep]
|-damage|p2a: Weezing|95/100|[from] Sandstorm
|-damage|p1a: Hydrapple|70/100|[from] Sandstorm
|-heal|p2a: Weezing|100/100|[from] item: Leftovers
|upkeep
|turn|24
|
|t:|1780889344
|move|p2a: Weezing|Sludge Bomb|p1a: Hydrapple
|-supereffective|p1a: Hydrapple
|-damage|p1a: Hydrapple|8/100
|-status|p1a: Hydrapple|psn
|move|p1a: Hydrapple|Giga Drain|p2a: Weezing
|-resisted|p2a: Weezing
|-damage|p2a: Weezing|52/100
|-heal|p1a: Hydrapple|28/100 psn|[from] drain|[of] p2a: Weezing
|
|-weather|Sandstorm|[upkeep]
|-damage|p2a: Weezing|46/100|[from] Sandstorm
|-damage|p1a: Hydrapple|22/100 psn|[from] Sandstorm
|-heal|p2a: Weezing|52/100|[from] item: Leftovers
|-damage|p1a: Hydrapple|10/100 psn|[from] psn
|upkeep
|turn|25
|
|t:|1780889353
|switch|p1a: fat nobody|Slowking-Galar, F|78/100 frz
|move|p2a: Weezing|Will-O-Wisp|p1a: fat nobody|[miss]
|-miss|p2a: Weezing|p1a: fat nobody
|
|-weather|none
|-heal|p2a: Weezing|58/100|[from] item: Leftovers
|upkeep
|turn|26
|
|t:|1780889356
|switch|p2a: Greninja|Greninja, M|83/100
|cant|p1a: fat nobody|frz
|
|upkeep
|turn|27
|
|t:|1780889363
|switch|p1a: Zamazenta|Zamazenta|49/100 brn
|move|p2a: Greninja|Ice Beam|p1a: Zamazenta
|-start|p2a: Greninja|typechange|Ice|[from] ability: Protean
|-damage|p1a: Zamazenta|0 fnt
|faint|p1a: Zamazenta
|
|upkeep
|
|t:|1780889366
|switch|p1a: for real real|Tyranitar, M, shiny|82/100 brn
|-weather|Sandstorm|[from] ability: Sand Stream|[of] p1a: for real real
|turn|28
|
|t:|1780889370
|switch|p2a: Weezing|Weezing-Galar, F|58/100
|move|p1a: for real real|Stone Edge|p2a: Weezing
|-damage|p2a: Weezing|29/100
|
|-weather|Sandstorm|[upkeep]
|-damage|p2a: Weezing|23/100|[from] Sandstorm
|-heal|p2a: Weezing|29/100|[from] item: Leftovers
|-damage|p1a: for real real|76/100 brn|[from] brn
|upkeep
|turn|29
|
|t:|1780889380
|move|p1a: for real real|Stone Edge|p2a: Weezing
|-damage|p2a: Weezing|0 fnt
|faint|p2a: Weezing
|
|-weather|Sandstorm|[upkeep]
|-damage|p1a: for real real|70/100 brn|[from] brn
|upkeep
|
|t:|1780889397
|switch|p2a: Greninja|Greninja, M|83/100
|turn|30
|
|t:|1780889407
|switch|p1a: fat nobody|Slowking-Galar, F|100/100 frz
|move|p2a: Greninja|U-turn|p1a: fat nobody
|-start|p2a: Greninja|typechange|Bug|[from] ability: Protean
|-damage|p1a: fat nobody|85/100 frz
|
|t:|1780889414
|switch|p2a: Skeledirge|Skeledirge, M|94/100|[from] U-turn
|
|-weather|Sandstorm|[upkeep]
|-damage|p2a: Skeledirge|88/100|[from] Sandstorm
|-damage|p1a: fat nobody|79/100 frz|[from] Sandstorm
|upkeep
|turn|31
|
|t:|1780889426
|switch|p1a: for real real|Tyranitar, M, shiny|70/100 brn
|move|p2a: Skeledirge|Torch Song|p1a: for real real
|-resisted|p1a: for real real
|-damage|p1a: for real real|61/100 brn
|-boost|p2a: Skeledirge|spa|1
|
|-weather|Sandstorm|[upkeep]
|-damage|p2a: Skeledirge|82/100|[from] Sandstorm
|-damage|p1a: for real real|55/100 brn|[from] brn
|upkeep
|turn|32
|
|t:|1780889430
|-terastallize|p2a: Skeledirge|Water
|move|p2a: Skeledirge|Torch Song|p1a: for real real
|-resisted|p1a: for real real
|-damage|p1a: for real real|43/100 brn
|-boost|p2a: Skeledirge|spa|1
|move|p1a: for real real|Knock Off|p2a: Skeledirge
|-damage|p2a: Skeledirge|56/100
|-enditem|p2a: Skeledirge|Heavy-Duty Boots|[from] move: Knock Off|[of] p1a: for real real
|
|-weather|none
|-damage|p1a: for real real|36/100 brn|[from] brn
|upkeep
|turn|33
|
|t:|1780889436
|switch|p1a: Hydrapple|Hydrapple, M|43/100 psn
|move|p2a: Skeledirge|Slack Off|p2a: Skeledirge
|-heal|p2a: Skeledirge|100/100
|
|-damage|p1a: Hydrapple|31/100 psn|[from] psn
|upkeep
|turn|34
|
|t:|1780889455
|switch|p1a: for real real|Tyranitar, M, shiny|36/100 brn
|-weather|Sandstorm|[from] ability: Sand Stream|[of] p1a: for real real
|move|p2a: Skeledirge|Torch Song|p1a: for real real
|-resisted|p1a: for real real
|-damage|p1a: for real real|19/100 brn
|-boost|p2a: Skeledirge|spa|1
|
|-weather|Sandstorm|[upkeep]
|-damage|p2a: Skeledirge|94/100|[from] Sandstorm
|-damage|p1a: for real real|13/100 brn|[from] brn
|upkeep
|turn|35
|
|t:|1780889467
|move|p2a: Skeledirge|Torch Song|p1a: for real real
|-resisted|p1a: for real real
|-damage|p1a: for real real|0 fnt
|-boost|p2a: Skeledirge|spa|1
|faint|p1a: for real real
|
|-weather|Sandstorm|[upkeep]
|-damage|p2a: Skeledirge|88/100|[from] Sandstorm
|upkeep
|
|t:|1780889473
|switch|p1a: Excadrill|Excadrill, F|100/100
|turn|36
|
|t:|1780889478
|-terastallize|p1a: Excadrill|Fire
|move|p1a: Excadrill|Swords Dance|p1a: Excadrill
|-boost|p1a: Excadrill|atk|2
|move|p2a: Skeledirge|Torch Song|p1a: Excadrill
|-resisted|p1a: Excadrill
|-damage|p1a: Excadrill|35/100
|-boost|p2a: Skeledirge|spa|1
|
|-weather|Sandstorm|[upkeep]
|-damage|p2a: Skeledirge|82/100|[from] Sandstorm
|upkeep
|turn|37
|
|t:|1780889491
|move|p1a: Excadrill|Earthquake|p2a: Skeledirge
|-damage|p2a: Skeledirge|43/100
|move|p2a: Skeledirge|Hex|p1a: Excadrill
|-damage|p1a: Excadrill|0 fnt
|faint|p1a: Excadrill
|
|-weather|Sandstorm|[upkeep]
|-damage|p2a: Skeledirge|37/100|[from] Sandstorm
|upkeep
|-message|kpdl forfeited.
|
|win|thegreatestnone
|raw|kpdl's rating: 1517 &rarr; <strong>1501</strong><br />(-16 for losing)
|raw|thegreatestnone's rating: 1587 &rarr; <strong>1603</strong><br />(+16 for winning)
|l|☆kpdl
|player|p1|
|l|☆thegreatestnone
|player|p2|
