|j|☆KurisuChestnutLab
|j|☆OP Earthquakes
|t:|1781131955
|gametype|singles
|player|p1|KurisuChestnutLab|may-contest|1677
|player|p2|OP Earthquakes|giovanni-masters|1759
|gen|9
|tier|[Gen 9] OU
|rated|
|rule|HP Percentage Mod: HP is shown in percentages
|rule|Endless Battle Clause: Forcing endless battles is banned
|rule|Species Clause: Limit one of each Pokémon
|rule|OHKO Clause: OHKO moves are banned
|rule|Evasion Items Clause: Evasion items are banned
|rule|Evasion Moves Clause: Evasion moves are banned
|rule|Evasion Abilities Clause: Evasion abilities are banned
|rule|Sleep Moves Clause: Sleep-inducing moves are banned
|clearpoke
|poke|p1|Primarina, M|
|poke|p1|Hippowdon, M|
|poke|p1|Skarmory, M|
|poke|p1|Zapdos|
|poke|p1|Dragonite, F|
|poke|p1|Slowking, M|
|poke|p2|Tyranitar, M|
|poke|p2|Pawmot, F|
|poke|p2|Kyurem|
|poke|p2|Excadrill, F|
|poke|p2|Hawlucha, M|
|poke|p2|Zamazenta-*|
|teampreview
|inactive|Battle timer is ON: inactive players will automatically lose when time's up. (requested by OP Earthquakes)
|c|☆OP Earthquakes|lol
|inactive|KurisuChestnutLab also wants the timer to be on.
|c|☆OP Earthquakes|GLHF
|
|t:|1781131974
|teamsize|p1|6
|teamsize|p2|6
|start
|switch|p1a: Primarina|Primarina, M|100/100
|switch|p2a: OP|Excadrill, F|100/100
|turn|1
|
|t:|1781131978
|move|p2a: OP|Earthquake|p1a: Primarina
|-damage|p1a: Primarina|0 fnt
|faint|p1a: Primarina
|
|upkeep
|
|t:|1781131984
|switch|p1a: Skarmory|Skarmory, M|100/100
|turn|2
|
|t:|1781131991
|switch|p2a: Itachi|Hawlucha, M, shiny|100/100
|-ability|p2a: Itachi|Mold Breaker
|move|p1a: Skarmory|Spikes|p2a: Itachi
|-sidestart|p2: OP Earthquakes|Spikes
|
|upkeep
|turn|3
|
|t:|1781131997
|move|p2a: Itachi|Defog|p1a: Skarmory
|-unboost|p1a: Skarmory|evasion|1
|-sideend|p2: OP Earthquakes|Spikes|[from] move: Defog|[of] p2a: Itachi
|move|p1a: Skarmory|Spikes|p2a: Itachi
|-sidestart|p2: OP Earthquakes|Spikes
|
|upkeep
|turn|4
|
|t:|1781132004
|move|p2a: Itachi|Defog|p1a: Skarmory
|-unboost|p1a: Skarmory|evasion|1
|-sideend|p2: OP Earthquakes|Spikes|[from] move: Defog|[of] p2a: Itachi
|move|p1a: Skarmory|Iron Head|p2a: Itachi
|-damage|p2a: Itachi|69/100
|-enditem|p2a: Itachi|Red Card|[of] p1a: Skarmory
|drag|p1a: Dragonite|Dragonite, F|100/100
|
|upkeep
|turn|5
|
|t:|1781132017
|move|p2a: Itachi|Brave Bird|p1a: Dragonite
|-damage|p1a: Dragonite|44/100
|-damage|p2a: Itachi|49/100|[from] Recoil
|move|p1a: Dragonite|Dragon Dance|p1a: Dragonite
|-boost|p1a: Dragonite|atk|1
|-boost|p1a: Dragonite|spe|1
|
|upkeep
|turn|6
|
|t:|1781132026
|switch|p2a: The sandstorm|Tyranitar, M, shiny|100/100
|-weather|Sandstorm|[from] ability: Sand Stream|[of] p2a: The sandstorm
|move|p1a: Dragonite|Roost|p1a: Dragonite
|-heal|p1a: Dragonite|95/100
|-singleturn|p1a: Dragonite|move: Roost
|
|-weather|Sandstorm|[upkeep]
|-damage|p1a: Dragonite|88/100|[from] Sandstorm
|upkeep
|turn|7
|
|t:|1781132032
|move|p1a: Dragonite|Earthquake|p2a: The sandstorm
|-supereffective|p2a: The sandstorm
|-damage|p2a: The sandstorm|21/100
|move|p2a: The sandstorm|Ice Beam|p1a: Dragonite
|-supereffective|p1a: Dragonite
|-damage|p1a: Dragonite|0 fnt
|faint|p1a: Dragonite
|
|-weather|Sandstorm|[upkeep]
|upkeep
|
|t:|1781132037
|switch|p1a: Skarmory|Skarmory, M|100/100
|turn|8
|
|t:|1781132041
|switch|p2a: Toshiro|Kyurem, shiny|100/100
|-ability|p2a: Toshiro|Pressure
|move|p1a: Skarmory|Spikes|p2a: Toshiro
|-sidestart|p2: OP Earthquakes|Spikes
|
|-weather|Sandstorm|[upkeep]
|-damage|p2a: Toshiro|94/100|[from] Sandstorm
|upkeep
|turn|9
|
|t:|1781132045
|move|p2a: Toshiro|Freeze-Dry|p1a: Skarmory
|-damage|p1a: Skarmory|49/100
|move|p1a: Skarmory|Body Press|p2a: Toshiro
|-supereffective|p2a: Toshiro
|-damage|p2a: Toshiro|31/100
|
|-weather|Sandstorm|[upkeep]
|-damage|p2a: Toshiro|24/100|[from] Sandstorm
|-heal|p1a: Skarmory|55/100|[from] item: Leftovers
|upkeep
|turn|10
|
|t:|1781132055
|-terastallize|p2a: Toshiro|Ghost
|move|p2a: Toshiro|Shadow Ball|p1a: Skarmory
|-damage|p1a: Skarmory|0 fnt
|faint|p1a: Skarmory
|
|-weather|Sandstorm|[upkeep]
|-damage|p2a: Toshiro|18/100|[from] Sandstorm
|upkeep
|
|t:|1781132062
|switch|p1a: Slowking|Slowking, M|100/100
|turn|11
|
|t:|1781132065
|move|p2a: Toshiro|Endeavor|p1a: Slowking
|-damage|p1a: Slowking|19/100
|move|p1a: Slowking|Scald|p2a: Toshiro
|-damage|p2a: Toshiro|0 fnt
|faint|p2a: Toshiro
|
|-weather|Sandstorm|[upkeep]
|-damage|p1a: Slowking|12/100|[from] Sandstorm
|upkeep
|
|t:|1781132074
|switch|p2a: Porunga|Pawmot, F|100/100
|-damage|p2a: Porunga|88/100|[from] Spikes
|turn|12
|
|t:|1781132078
|move|p2a: Porunga|Revival Blessing|p2a: Porunga
|-enditem|p2a: Porunga|Leppa Berry|[eat]
|-activate|p2a: Porunga|item: Leppa Berry|Revival Blessing|[consumed]
|
|t:|1781132081
|-heal|p2: Toshiro|50/100|[from] move: Revival Blessing
|move|p1a: Slowking|Slack Off|p1a: Slowking
|-heal|p1a: Slowking|62/100
|
|-weather|Sandstorm|[upkeep]
|-damage|p2a: Porunga|82/100|[from] Sandstorm
|-damage|p1a: Slowking|56/100|[from] Sandstorm
|upkeep
|turn|13
|
|t:|1781132089
|switch|p2a: Zamazenta|Zamazenta|100/100
|-damage|p2a: Zamazenta|88/100|[from] Spikes
|-ability|p2a: Zamazenta|Dauntless Shield|boost
|-boost|p2a: Zamazenta|def|1
|move|p1a: Slowking|Scald|p2a: Zamazenta
|-damage|p2a: Zamazenta|61/100
|
|-weather|none
|upkeep
|turn|14
|
|t:|1781132096
|switch|p2a: Itachi|Hawlucha, M, shiny|49/100
|-ability|p2a: Itachi|Mold Breaker
|switch|p1a: Hippowdon|Hippowdon, M|100/100
|-weather|Sandstorm|[from] ability: Sand Stream|[of] p1a: Hippowdon
|
|-weather|Sandstorm|[upkeep]
|-damage|p2a: Itachi|43/100|[from] Sandstorm
|upkeep
|turn|15
|
|t:|1781132101
|move|p2a: Itachi|Defog|p1a: Hippowdon
|-unboost|p1a: Hippowdon|evasion|1
|-sideend|p2: OP Earthquakes|Spikes|[from] move: Defog|[of] p2a: Itachi
|move|p1a: Hippowdon|Stealth Rock|p2a: Itachi
|-sidestart|p2: OP Earthquakes|move: Stealth Rock
|
|-weather|Sandstorm|[upkeep]
|-damage|p2a: Itachi|37/100|[from] Sandstorm
|upkeep
|turn|16
|
|t:|1781132105
|move|p2a: Itachi|Encore|p1a: Hippowdon
|-start|p1a: Hippowdon|Encore
|move|p1a: Hippowdon|Stealth Rock||[still]
|-fail|p1a: Hippowdon
|
|-weather|Sandstorm|[upkeep]
|-damage|p2a: Itachi|31/100|[from] Sandstorm
|upkeep
|turn|17
|
|t:|1781132109
|move|p2a: Itachi|Defog|p1a: Hippowdon
|-unboost|p1a: Hippowdon|evasion|1
|-sideend|p2: OP Earthquakes|Stealth Rock|[from] move: Defog|[of] p2a: Itachi
|move|p1a: Hippowdon|Stealth Rock|p2a: Itachi
|-sidestart|p2: OP Earthquakes|move: Stealth Rock
|
|-weather|Sandstorm|[upkeep]
|-damage|p2a: Itachi|25/100|[from] Sandstorm
|upkeep
|turn|18
|
|t:|1781132114
|switch|p1a: Slowking|Slowking, M|90/100
|move|p2a: Itachi|Swords Dance|p2a: Itachi
|-boost|p2a: Itachi|atk|2
|
|-weather|none
|upkeep
|turn|19
|
|t:|1781132124
|switch|p1a: Zapdos|Zapdos|100/100
|move|p2a: Itachi|Brave Bird|p1a: Zapdos
|-resisted|p1a: Zapdos
|-damage|p1a: Zapdos|64/100
|-status|p2a: Itachi|par|[from] ability: Static|[of] p1a: Zapdos
|-damage|p2a: Itachi|10/100 par|[from] Recoil
|
|upkeep
|turn|20
|
|t:|1781132130
|move|p1a: Zapdos|Volt Switch|p2a: Itachi
|-supereffective|p2a: Itachi
|-damage|p2a: Itachi|0 fnt
|faint|p2a: Itachi
|
|t:|1781132137
|switch|p1a: Slowking|Slowking, M|100/100|[from] Volt Switch
|
|upkeep
|
|t:|1781132139
|switch|p2a: Toshiro|Kyurem, shiny|50/100
|-damage|p2a: Toshiro|26/100|[from] Stealth Rock
|-ability|p2a: Toshiro|Pressure
|turn|21
|
|t:|1781132144
|move|p2a: Toshiro|Endeavor|p1a: Slowking
|-damage|p1a: Slowking|26/100
|move|p1a: Slowking|Scald|p2a: Toshiro
|-resisted|p2a: Toshiro
|-damage|p2a: Toshiro|12/100
|-status|p2a: Toshiro|brn
|
|-damage|p2a: Toshiro|6/100 brn|[from] brn
|upkeep
|turn|22
|
|t:|1781132149
|-terastallize|p1a: Slowking|Fairy
|move|p2a: Toshiro|Freeze-Dry|p1a: Slowking
|-damage|p1a: Slowking|3/100
|move|p1a: Slowking|Slack Off|p1a: Slowking
|-heal|p1a: Slowking|53/100
|
|-damage|p2a: Toshiro|0 fnt|[from] brn
|faint|p2a: Toshiro
|upkeep
|
|t:|1781132163
|switch|p2a: Porunga|Pawmot, F|82/100
|-damage|p2a: Porunga|76/100|[from] Stealth Rock
|turn|23
|
|t:|1781132168
|move|p2a: Porunga|Revival Blessing|p2a: Porunga
|j| malicious M
|
|t:|1781132170
|-heal|p2: Toshiro|50/100|[from] move: Revival Blessing
|move|p1a: Slowking|Scald|p2a: Porunga
|-damage|p2a: Porunga|30/100
|
|upkeep
|turn|24
|j| BiscoitoXDBr
|
|t:|1781132175
|move|p2a: Porunga|Rest|p2a: Porunga
|-status|p2a: Porunga|slp|[from] move: Rest
|-heal|p2a: Porunga|100/100 slp|[silent]
|move|p1a: Slowking|Slack Off|p1a: Slowking
|-heal|p1a: Slowking|100/100
|
|upkeep
|turn|25
|
|t:|1781132181
|cant|p2a: Porunga|slp
|move|p2a: Porunga|Sleep Talk|p2a: Porunga
|move|p2a: Porunga|Revival Blessing|p2a: Porunga|[from] move: Sleep Talk
|
|t:|1781132185
|-heal|p2: Itachi|50/100|[from] move: Revival Blessing
|move|p1a: Slowking|Future Sight|p2a: Porunga
|-start|p1a: Slowking|move: Future Sight
|
|upkeep
|turn|26
|
|t:|1781132202
|switch|p2a: Zamazenta|Zamazenta|61/100
|-damage|p2a: Zamazenta|54/100|[from] Stealth Rock
|move|p1a: Slowking|Scald|p2a: Zamazenta
|-damage|p2a: Zamazenta|30/100
|
|upkeep
|turn|27
|
|t:|1781132212
|move|p2a: Zamazenta|Iron Head|p1a: Slowking
|-supereffective|p1a: Slowking
|-damage|p1a: Slowking|46/100
|move|p1a: Slowking|Scald|p2a: Zamazenta
|-damage|p2a: Zamazenta|7/100
|
|-end|p2a: Zamazenta|move: Future Sight
|-supereffective|p2a: Zamazenta
|-damage|p2a: Zamazenta|0 fnt
|faint|p2a: Zamazenta
|upkeep
|
|t:|1781132218
|switch|p2a: Itachi|Hawlucha, M, shiny|50/100
|-damage|p2a: Itachi|38/100|[from] Stealth Rock
|-ability|p2a: Itachi|Mold Breaker
|turn|28
|
|t:|1781132222
|move|p2a: Itachi|Defog|p1a: Slowking
|-unboost|p1a: Slowking|evasion|1
|-sideend|p2: OP Earthquakes|Stealth Rock|[from] move: Defog|[of] p2a: Itachi
|move|p1a: Slowking|Slack Off|p1a: Slowking
|-heal|p1a: Slowking|96/100
|
|upkeep
|turn|29
|
|t:|1781132228
|move|p2a: Itachi|Swords Dance|p2a: Itachi
|-boost|p2a: Itachi|atk|2
|move|p1a: Slowking|Future Sight|p2a: Itachi
|-start|p1a: Slowking|move: Future Sight
|
|upkeep
|turn|30
|
|t:|1781132231
|switch|p1a: Zapdos|Zapdos|64/100
|move|p2a: Itachi|Brave Bird|p1a: Zapdos
|-resisted|p1a: Zapdos
|-damage|p1a: Zapdos|31/100
|-damage|p2a: Itachi|24/100|[from] Recoil
|
|upkeep
|turn|31
|
|t:|1781132240
|move|p2a: Itachi|Brave Bird|p1a: Zapdos
|-resisted|p1a: Zapdos
|-damage|p1a: Zapdos|0 fnt
|faint|p1a: Zapdos
|-damage|p2a: Itachi|11/100|[from] Recoil
|
|-end|p2a: Itachi|move: Future Sight
|-supereffective|p2a: Itachi
|-damage|p2a: Itachi|0 fnt
|faint|p2a: Itachi
|upkeep
|
|t:|1781132253
|switch|p2a: Toshiro|Kyurem, shiny|50/100
|switch|p1a: Slowking|Slowking, M, tera:Fairy|100/100
|-ability|p2a: Toshiro|Pressure
|turn|32
|
|t:|1781132259
|switch|p2a: OP|Excadrill, F|100/100
|move|p1a: Slowking|Future Sight|p2a: OP
|-start|p1a: Slowking|move: Future Sight
|
|upkeep
|turn|33
|
|t:|1781132262
|move|p2a: OP|Earthquake|p1a: Slowking
|-damage|p1a: Slowking|6/100
|move|p1a: Slowking|Scald|p2a: OP
|-supereffective|p2a: OP
|-damage|p2a: OP|25/100
|-status|p2a: OP|brn
|
|-damage|p2a: OP|19/100 brn|[from] brn
|upkeep
|turn|34
|
|t:|1781132273
|switch|p2a: The sandstorm|Tyranitar, M, shiny|21/100
|-weather|Sandstorm|[from] ability: Sand Stream|[of] p2a: The sandstorm
|switch|p1a: Hippowdon|Hippowdon, M|100/100
|
|-weather|Sandstorm|[upkeep]
|-end|p2a: The sandstorm|move: Future Sight
|-immune|p2a: The sandstorm
|upkeep
|turn|35
|
|t:|1781132279
|move|p2a: The sandstorm|Stealth Rock|p1a: Hippowdon
|-sidestart|p1: KurisuChestnutLab|move: Stealth Rock
|move|p1a: Hippowdon|Slack Off||[still]
|-fail|p1a: Hippowdon|heal
|
|-weather|Sandstorm|[upkeep]
|upkeep
|turn|36
|
|t:|1781132285
|switch|p2a: OP|Excadrill, F|19/100 brn
|move|p1a: Hippowdon|Slack Off||[still]
|-fail|p1a: Hippowdon|heal
|
|-weather|Sandstorm|[upkeep]
|-damage|p2a: OP|13/100 brn|[from] brn
|upkeep
|turn|37
|
|t:|1781132292
|move|p2a: OP|Iron Head|p1a: Hippowdon
|-damage|p1a: Hippowdon|81/100
|move|p1a: Hippowdon|Stealth Rock|p2a: OP
|-sidestart|p2: OP Earthquakes|move: Stealth Rock
|
|-weather|Sandstorm|[upkeep]
|-heal|p1a: Hippowdon|87/100|[from] item: Leftovers
|-damage|p2a: OP|7/100 brn|[from] brn
|upkeep
|turn|38
|
|t:|1781132296
|move|p2a: OP|Iron Head|p1a: Hippowdon
|-damage|p1a: Hippowdon|67/100
|cant|p1a: Hippowdon|flinch
|
|-weather|Sandstorm|[upkeep]
|-heal|p1a: Hippowdon|74/100|[from] item: Leftovers
|-damage|p2a: OP|1/100 brn|[from] brn
|upkeep
|turn|39
|
|t:|1781132300
|move|p2a: OP|Iron Head|p1a: Hippowdon
|-crit|p1a: Hippowdon
|-damage|p1a: Hippowdon|46/100
|cant|p1a: Hippowdon|flinch
|
|-weather|Sandstorm|[upkeep]
|-heal|p1a: Hippowdon|52/100|[from] item: Leftovers
|-damage|p2a: OP|0 fnt|[from] brn
|faint|p2a: OP
|upkeep
|
|t:|1781132302
|switch|p2a: Toshiro|Kyurem, shiny|50/100
|-damage|p2a: Toshiro|26/100|[from] Stealth Rock
|-ability|p2a: Toshiro|Pressure
|turn|40
|
|t:|1781132306
|move|p2a: Toshiro|Freeze-Dry|p1a: Hippowdon
|-supereffective|p1a: Hippowdon
|-damage|p1a: Hippowdon|0 fnt
|faint|p1a: Hippowdon
|
|-weather|Sandstorm|[upkeep]
|-damage|p2a: Toshiro|19/100|[from] Sandstorm
|upkeep
|
|t:|1781132309
|switch|p1a: Slowking|Slowking, M, tera:Fairy|39/100
|turn|41
|j| silver∫jay∫2240
|
|t:|1781132320
|move|p2a: Toshiro|Freeze-Dry|p1a: Slowking
|-damage|p1a: Slowking|17/100
|move|p1a: Slowking|Slack Off|p1a: Slowking
|-heal|p1a: Slowking|67/100
|
|-weather|none
|upkeep
|turn|42
|
|t:|1781132327
|move|p2a: Toshiro|Endeavor|p1a: Slowking
|-damage|p1a: Slowking|20/100
|move|p1a: Slowking|Scald|p2a: Toshiro
|-resisted|p2a: Toshiro
|-damage|p2a: Toshiro|6/100
|
|upkeep
|turn|43
|c| silver∫jay∫2240|dude
|c| silver∫jay∫2240|chestnut is in like 10 battles
|c| silver∫jay∫2240|wth?
|
|t:|1781132334
|move|p2a: Toshiro|Freeze-Dry|p1a: Slowking
|-damage|p1a: Slowking|0 fnt
|faint|p1a: Slowking
|
|win|OP Earthquakes
|raw|KurisuChestnutLab's rating: 1677 &rarr; <strong>1662</strong><br />(-15 for losing)
|raw|OP Earthquakes's rating: 1759 &rarr; <strong>1774</strong><br />(+15 for winning)
|l|☆KurisuChestnutLab
|player|p1|
|l| BiscoitoXDBr
|l| silver∫jay∫2240
