|j|☆Yujiro-Jamon
|j|☆ethereallovefr
|t:|1781301228
|gametype|singles
|player|p1|Yujiro-Jamon|alder|1549
|player|p2|ethereallovefr|170|1561
|gen|9
|tier|[Gen 9] OU
|rated|
|rule|HP Percentage Mod: HP is shown in percentages
|rule|Endless Battle Clause: Forcing endless battles is banned
|rule|Species Clause: Limit one of each Pokémon
|rule|OHKO Clause: OHKO moves are banned
|rule|Evasion Items Clause: Evasion items are banned
|rule|Evasion Moves Clause: Evasion moves are banned
|rule|Evasion Abilities Clause: Evasion abilities are banned
|rule|Sleep Moves Clause: Sleep-inducing moves are banned
|clearpoke
|poke|p1|Deoxys-Speed|
|poke|p1|Clefable, F|
|poke|p1|Conkeldurr, M|
|poke|p1|Blaziken, M|
|poke|p1|Ting-Lu|
|poke|p1|Corviknight, M|
|poke|p2|Cresselia, F|
|poke|p2|Porygon2|
|poke|p2|Ursaluna, F|
|poke|p2|Crawdaunt, M|
|poke|p2|Iron Hands|
|poke|p2|Kingambit, F|
|teampreview
|c|☆Yujiro-Jamon|YOU
|c|☆ethereallovefr|Hello
|c|☆ethereallovefr|You are not very nice
|
|t:|1781301248
|teamsize|p1|6
|teamsize|p2|6
|start
|switch|p1a: Conkeldurr|Conkeldurr, M|100/100
|switch|p2a: 🌟|Cresselia, F, shiny|100/100
|turn|1
|
|t:|1781301253
|move|p2a: 🌟|Trick|p1a: Conkeldurr
|-activate|p2a: 🌟|move: Trick|[of] p1a: Conkeldurr
|-item|p1a: Conkeldurr|Choice Scarf|[from] move: Trick
|-item|p2a: 🌟|Assault Vest|[from] move: Trick
|move|p1a: Conkeldurr|Knock Off|p2a: 🌟
|-supereffective|p2a: 🌟
|-damage|p2a: 🌟|44/100
|-enditem|p2a: 🌟|Assault Vest|[from] move: Knock Off|[of] p1a: Conkeldurr
|
|upkeep
|turn|2
|
|t:|1781301261
|switch|p2a: ✋👄✋|Iron Hands|100/100
|-enditem|p2a: ✋👄✋|Booster Energy
|-activate|p2a: ✋👄✋|ability: Quark Drive|[fromitem]
|-start|p2a: ✋👄✋|quarkdriveatk
|-terastallize|p1a: Conkeldurr|Dark
|move|p1a: Conkeldurr|Knock Off|p2a: ✋👄✋
|-resisted|p2a: ✋👄✋
|-crit|p2a: ✋👄✋
|-damage|p2a: ✋👄✋|83/100
|
|upkeep
|turn|3
|
|t:|1781301270
|switch|p1a: Ting-Lu|Ting-Lu|100/100
|-ability|p1a: Ting-Lu|Vessel of Ruin
|move|p2a: ✋👄✋|Swords Dance|p2a: ✋👄✋
|-boost|p2a: ✋👄✋|atk|2
|
|upkeep
|turn|4
|
|t:|1781301275
|move|p1a: Ting-Lu|Earthquake|p2a: ✋👄✋
|-supereffective|p2a: ✋👄✋
|-damage|p2a: ✋👄✋|38/100
|move|p2a: ✋👄✋|Drain Punch|p1a: Ting-Lu
|-supereffective|p1a: Ting-Lu
|-damage|p1a: Ting-Lu|0 fnt
|-heal|p2a: ✋👄✋|88/100|[from] drain|[of] p1a: Ting-Lu
|faint|p1a: Ting-Lu
|
|upkeep
|c|☆Yujiro-Jamon|f
|
|t:|1781301292
|switch|p1a: Clefable|Clefable, F|100/100
|turn|5
|
|t:|1781301295
|move|p1a: Clefable|Cosmic Power|p1a: Clefable
|-boost|p1a: Clefable|def|1
|-boost|p1a: Clefable|spd|1
|move|p2a: ✋👄✋|Wild Charge|p1a: Clefable
|-damage|p1a: Clefable|49/100
|-damage|p2a: ✋👄✋|79/100|[from] Recoil
|
|-heal|p1a: Clefable|56/100|[from] item: Leftovers
|upkeep
|turn|6
|
|t:|1781301304
|move|p1a: Clefable|Protect|p1a: Clefable
|-singleturn|p1a: Clefable|Protect
|move|p2a: ✋👄✋|Wild Charge|p1a: Clefable
|-activate|p1a: Clefable|move: Protect
|
|-heal|p1a: Clefable|62/100|[from] item: Leftovers
|upkeep
|turn|7
|
|t:|1781301307
|move|p1a: Clefable|Cosmic Power|p1a: Clefable
|-boost|p1a: Clefable|def|1
|-boost|p1a: Clefable|spd|1
|move|p2a: ✋👄✋|Wild Charge|p1a: Clefable
|-damage|p1a: Clefable|20/100
|-damage|p2a: ✋👄✋|71/100|[from] Recoil
|
|-heal|p1a: Clefable|26/100|[from] item: Leftovers
|upkeep
|turn|8
|
|t:|1781301311
|move|p1a: Clefable|Protect|p1a: Clefable
|-singleturn|p1a: Clefable|Protect
|move|p2a: ✋👄✋|Swords Dance|p2a: ✋👄✋
|-boost|p2a: ✋👄✋|atk|2
|
|-heal|p1a: Clefable|32/100|[from] item: Leftovers
|upkeep
|turn|9
|
|t:|1781301317
|move|p1a: Clefable|Protect|p1a: Clefable
|-singleturn|p1a: Clefable|Protect
|move|p2a: ✋👄✋|Wild Charge|p1a: Clefable
|-activate|p1a: Clefable|move: Protect
|
|-heal|p1a: Clefable|38/100|[from] item: Leftovers
|upkeep
|turn|10
|
|t:|1781301319
|move|p1a: Clefable|Wish|p1a: Clefable
|move|p2a: ✋👄✋|Wild Charge|p1a: Clefable
|-damage|p1a: Clefable|0 fnt
|faint|p1a: Clefable
|-damage|p2a: ✋👄✋|63/100|[from] Recoil
|
|upkeep
|
|t:|1781301323
|switch|p1a: Deoxys|Deoxys-Speed|100/100
|-ability|p1a: Deoxys|Pressure
|turn|11
|
|t:|1781301326
|move|p1a: Deoxys|Psychic|p2a: ✋👄✋
|-supereffective|p2a: ✋👄✋
|-damage|p2a: ✋👄✋|0 fnt
|faint|p2a: ✋👄✋
|-end|p2a: ✋👄✋|Quark Drive|[silent]
|
|upkeep
|inactive|Battle timer is ON: inactive players will automatically lose when time's up. (requested by Yujiro-Jamon)
|
|t:|1781301331
|switch|p2a: 🦀|Crawdaunt, M, shiny|100/100
|turn|12
|
|t:|1781301339
|move|p1a: Deoxys|Thunderbolt|p2a: 🦀
|-supereffective|p2a: 🦀
|-damage|p2a: 🦀|6/100
|move|p2a: 🦀|Swords Dance|p2a: 🦀
|-boost|p2a: 🦀|atk|2
|
|upkeep
|turn|13
|
|t:|1781301343
|switch|p1a: Corviknight|Corviknight, M|100/100
|move|p2a: 🦀|Aqua Jet|p1a: Corviknight
|-damage|p1a: Corviknight|57/100
|-damage|p2a: 🦀|0 fnt|[from] item: Rocky Helmet|[of] p1a: Corviknight
|faint|p2a: 🦀
|
|upkeep
|
|t:|1781301347
|switch|p2a: 🤖|Porygon2|100/100
|-ability|p2a: 🤖|Download|boost
|-boost|p2a: 🤖|spa|1
|turn|14
|
|t:|1781301350
|move|p1a: Corviknight|Taunt|p2a: 🤖
|-start|p2a: 🤖|move: Taunt
|cant|p2a: 🤖|move: Taunt|Trick Room
|
|upkeep
|turn|15
|
|t:|1781301354
|switch|p1a: Conkeldurr|Conkeldurr, M, tera:Dark|100/100
|move|p2a: 🤖|Ice Beam|p1a: Conkeldurr
|-damage|p1a: Conkeldurr|50/100
|
|upkeep
|turn|16
|
|t:|1781301365
|switch|p2a: 🌟|Cresselia, F, shiny|44/100
|move|p1a: Conkeldurr|Drain Punch|p2a: 🌟
|-resisted|p2a: 🌟
|-damage|p2a: 🌟|27/100
|-heal|p1a: Conkeldurr|59/100|[from] drain|[of] p2a: 🌟
|
|upkeep
|turn|17
|
|t:|1781301372
|move|p1a: Conkeldurr|Drain Punch|p2a: 🌟
|-resisted|p2a: 🌟
|-damage|p2a: 🌟|12/100
|-heal|p1a: Conkeldurr|67/100|[from] drain|[of] p2a: 🌟
|move|p2a: 🌟|Trick Room|p2a: 🌟
|-fieldstart|move: Trick Room|[of] p2a: 🌟
|
|upkeep
|turn|18
|
|t:|1781301378
|move|p2a: 🌟|Moonlight|p2a: 🌟
|-heal|p2a: 🌟|62/100
|move|p1a: Conkeldurr|Drain Punch|p2a: 🌟
|-resisted|p2a: 🌟
|-damage|p2a: 🌟|45/100
|-heal|p1a: Conkeldurr|77/100|[from] drain|[of] p2a: 🌟
|
|upkeep
|turn|19
|
|t:|1781301386
|switch|p1a: Corviknight|Corviknight, M|57/100
|move|p2a: 🌟|Moonlight|p2a: 🌟
|-heal|p2a: 🌟|95/100
|
|upkeep
|turn|20
|
|t:|1781301398
|move|p2a: 🌟|Trick|p1a: Corviknight
|-activate|p2a: 🌟|move: Trick|[of] p1a: Corviknight
|-enditem|p1a: Corviknight|Rocky Helmet|[silent]|[from] move: Trick
|-item|p2a: 🌟|Rocky Helmet|[from] move: Trick
|move|p1a: Corviknight|Taunt|p2a: 🌟
|-start|p2a: 🌟|move: Taunt
|
|upkeep
|turn|21
|
|t:|1781301418
|switch|p2a: 🤖|Porygon2|100/100
|-ability|p2a: 🤖|Download|boost
|-boost|p2a: 🤖|spa|1
|move|p1a: Corviknight|Roost|p1a: Corviknight
|-heal|p1a: Corviknight|100/100
|-singleturn|p1a: Corviknight|move: Roost
|
|-fieldend|move: Trick Room
|upkeep
|turn|22
|
|t:|1781301430
|move|p1a: Corviknight|Taunt|p2a: 🤖
|-start|p2a: 🤖|move: Taunt
|move|p2a: 🤖|Ice Beam|p1a: Corviknight
|-crit|p1a: Corviknight
|-damage|p1a: Corviknight|42/100
|
|upkeep
|turn|23
|
|t:|1781301437
|move|p1a: Corviknight|Roost|p1a: Corviknight
|-heal|p1a: Corviknight|92/100
|-singleturn|p1a: Corviknight|move: Roost
|move|p2a: 🤖|Tri Attack|p1a: Corviknight
|-resisted|p1a: Corviknight
|-damage|p1a: Corviknight|65/100
|
|upkeep
|turn|24
|
|t:|1781301450
|move|p1a: Corviknight|Iron Head|p2a: 🤖
|-damage|p2a: 🤖|86/100
|cant|p2a: 🤖|flinch
|
|-end|p2a: 🤖|move: Taunt
|upkeep
|turn|25
|
|t:|1781301453
|move|p1a: Corviknight|Taunt|p2a: 🤖
|-start|p2a: 🤖|move: Taunt
|move|p2a: 🤖|Tri Attack|p1a: Corviknight
|-resisted|p1a: Corviknight
|-damage|p1a: Corviknight|38/100
|
|upkeep
|turn|26
|
|t:|1781301456
|move|p1a: Corviknight|Roost|p1a: Corviknight
|-heal|p1a: Corviknight|88/100
|-singleturn|p1a: Corviknight|move: Roost
|move|p2a: 🤖|Ice Beam|p1a: Corviknight
|-resisted|p1a: Corviknight
|-damage|p1a: Corviknight|68/100
|
|upkeep
|turn|27
|
|t:|1781301473
|move|p1a: Corviknight|Iron Head|p2a: 🤖
|-damage|p2a: 🤖|72/100
|move|p2a: 🤖|Tri Attack|p1a: Corviknight
|-resisted|p1a: Corviknight
|-damage|p1a: Corviknight|43/100
|
|-end|p2a: 🤖|move: Taunt
|upkeep
|turn|28
|
|t:|1781301485
|move|p1a: Corviknight|Taunt|p2a: 🤖
|-start|p2a: 🤖|move: Taunt
|cant|p2a: 🤖|move: Taunt|Trick Room
|
|upkeep
|turn|29
|
|t:|1781301489
|move|p1a: Corviknight|Roost|p1a: Corviknight
|-heal|p1a: Corviknight|93/100
|-singleturn|p1a: Corviknight|move: Roost
|move|p2a: 🤖|Ice Beam|p1a: Corviknight
|-resisted|p1a: Corviknight
|-damage|p1a: Corviknight|72/100
|
|upkeep
|turn|30
|
|t:|1781301492
|move|p1a: Corviknight|Iron Head|p2a: 🤖
|-damage|p2a: 🤖|59/100
|move|p2a: 🤖|Tri Attack|p1a: Corviknight
|-resisted|p1a: Corviknight
|-damage|p1a: Corviknight|47/100
|
|-end|p2a: 🤖|move: Taunt
|upkeep
|turn|31
|
|t:|1781301495
|move|p1a: Corviknight|Taunt|p2a: 🤖
|-start|p2a: 🤖|move: Taunt
|move|p2a: 🤖|Tri Attack|p1a: Corviknight
|-resisted|p1a: Corviknight
|-damage|p1a: Corviknight|20/100
|
|upkeep
|turn|32
|
|t:|1781301498
|move|p1a: Corviknight|Roost|p1a: Corviknight
|-heal|p1a: Corviknight|70/100
|-singleturn|p1a: Corviknight|move: Roost
|move|p2a: 🤖|Tri Attack|p1a: Corviknight
|-resisted|p1a: Corviknight
|-damage|p1a: Corviknight|43/100
|
|upkeep
|turn|33
|
|t:|1781301501
|switch|p1a: Conkeldurr|Conkeldurr, M, tera:Dark|77/100
|move|p2a: 🤖|Tri Attack|p1a: Conkeldurr
|-damage|p1a: Conkeldurr|12/100
|
|-end|p2a: 🤖|move: Taunt
|upkeep
|turn|34
|
|t:|1781301506
|switch|p2a: 🌟|Cresselia, F, shiny|95/100
|move|p1a: Conkeldurr|Drain Punch|p2a: 🌟
|-resisted|p2a: 🌟
|-damage|p2a: 🌟|78/100
|-heal|p1a: Conkeldurr|22/100|[from] drain|[of] p2a: 🌟
|-damage|p1a: Conkeldurr|5/100|[from] item: Rocky Helmet|[of] p2a: 🌟
|
|upkeep
|turn|35
|
|t:|1781301508
|move|p1a: Conkeldurr|Drain Punch|p2a: 🌟
|-resisted|p2a: 🌟
|-damage|p2a: 🌟|60/100
|-heal|p1a: Conkeldurr|14/100|[from] drain|[of] p2a: 🌟
|-damage|p1a: Conkeldurr|0 fnt|[from] item: Rocky Helmet|[of] p2a: 🌟
|faint|p1a: Conkeldurr
|move|p2a: 🌟|Trick Room|p2a: 🌟
|-fieldstart|move: Trick Room|[of] p2a: 🌟
|
|upkeep
|
|t:|1781301514
|switch|p1a: Corviknight|Corviknight, M|43/100
|turn|36
|
|t:|1781301521
|switch|p2a: 🤖|Porygon2|59/100
|-ability|p2a: 🤖|Download|boost
|-boost|p2a: 🤖|spa|1
|move|p1a: Corviknight|Roost|p1a: Corviknight
|-heal|p1a: Corviknight|93/100
|-singleturn|p1a: Corviknight|move: Roost
|
|upkeep
|turn|37
|
|t:|1781301524
|move|p2a: 🤖|Ice Beam|p1a: Corviknight
|-damage|p1a: Corviknight|52/100
|move|p1a: Corviknight|Taunt|p2a: 🤖
|-start|p2a: 🤖|move: Taunt
|
|upkeep
|turn|38
|
|t:|1781301529
|move|p2a: 🤖|Tri Attack|p1a: Corviknight
|-resisted|p1a: Corviknight
|-damage|p1a: Corviknight|24/100
|move|p1a: Corviknight|Iron Head|p2a: 🤖
|-damage|p2a: 🤖|45/100
|
|upkeep
|turn|39
|
|t:|1781301533
|move|p2a: 🤖|Ice Beam|p1a: Corviknight
|-damage|p1a: Corviknight|0 fnt
|faint|p1a: Corviknight
|
|-fieldend|move: Trick Room
|upkeep
|
|t:|1781301536
|switch|p1a: Blaziken|Blaziken, M|100/100
|turn|40
|
|t:|1781301545
|move|p1a: Blaziken|Swords Dance|p1a: Blaziken
|-boost|p1a: Blaziken|atk|2
|move|p2a: 🤖|Tri Attack|p1a: Blaziken
|-damage|p1a: Blaziken|21/100
|
|-heal|p1a: Blaziken|27/100|[from] item: Leftovers
|-end|p2a: 🤖|move: Taunt
|-ability|p1a: Blaziken|Speed Boost|boost
|-boost|p1a: Blaziken|spe|1
|upkeep
|turn|41
|
|t:|1781301558
|move|p1a: Blaziken|Close Combat|p2a: 🤖
|-supereffective|p2a: 🤖
|-damage|p2a: 🤖|0 fnt
|-unboost|p1a: Blaziken|def|1
|-unboost|p1a: Blaziken|spd|1
|faint|p2a: 🤖
|
|-heal|p1a: Blaziken|33/100|[from] item: Leftovers
|-ability|p1a: Blaziken|Speed Boost|boost
|-boost|p1a: Blaziken|spe|1
|upkeep
|
|t:|1781301565
|switch|p2a: 🐾|Ursaluna, F, shiny|100/100
|turn|42
|
|t:|1781301572
|-terastallize|p2a: 🐾|Ghost
|move|p1a: Blaziken|Close Combat|p2a: 🐾
|-immune|p2a: 🐾
|move|p2a: 🐾|Facade|p1a: Blaziken
|-damage|p1a: Blaziken|0 fnt
|faint|p1a: Blaziken
|
|-status|p2a: 🐾|brn|[from] item: Flame Orb
|upkeep
|
|t:|1781301575
|switch|p1a: Deoxys|Deoxys-Speed|100/100
|-ability|p1a: Deoxys|Pressure
|turn|43
|
|t:|1781301581
|move|p1a: Deoxys|Ice Beam|p2a: 🐾
|-damage|p2a: 🐾|75/100 brn
|move|p2a: 🐾|Facade|p1a: Deoxys
|-damage|p1a: Deoxys|0 fnt
|faint|p1a: Deoxys
|
|win|ethereallovefr
|raw|Yujiro-Jamon's rating: 1549 &rarr; <strong>1530</strong><br />(-19 for losing)
|raw|ethereallovefr's rating: 1561 &rarr; <strong>1580</strong><br />(+19 for winning)
|l|☆Yujiro-Jamon
|player|p1|
|c|☆ethereallovefr|GG
|c|☆ethereallovefr|Wp
