|j|☆teamskullenoxa
|j|☆zylsnbb
|t:|1780925243
|gametype|singles
|player|p1|teamskullenoxa|2|1591
|player|p2|zylsnbb|2|1547
|gen|9
|tier|[Gen 9] OU
|rated|
|rule|HP Percentage Mod: HP is shown in percentages
|rule|Endless Battle Clause: Forcing endless battles is banned
|rule|Species Clause: Limit one of each Pokémon
|rule|OHKO Clause: OHKO moves are banned
|rule|Evasion Items Clause: Evasion items are banned
|rule|Evasion Moves Clause: Evasion moves are banned
|rule|Evasion Abilities Clause: Evasion abilities are banned
|rule|Sleep Moves Clause: Sleep-inducing moves are banned
|clearpoke
|poke|p1|Pelipper, F|
|poke|p1|Hatterene, F|
|poke|p1|Iron Treads|
|poke|p1|Toxicroak, F|
|poke|p1|Barraskewda, F|
|poke|p1|Zapdos|
|poke|p2|Great Tusk|
|poke|p2|Slowking-Galar, M|
|poke|p2|Corviknight, F|
|poke|p2|Clefable, F|
|poke|p2|Samurott-Hisui, M|
|poke|p2|Dragapult, F|
|teampreview
|inactive|Battle timer is ON: inactive players will automatically lose when time's up. (requested by zylsnbb)
|
|t:|1780925256
|teamsize|p1|6
|teamsize|p2|6
|start
|switch|p1a: Pelipper|Pelipper, F|100/100
|switch|p2a: Bull's-eye|Dragapult, F|100/100
|-weather|RainDance|[from] ability: Drizzle|[of] p1a: Pelipper
|turn|1
|
|t:|1780925272
|move|p2a: Bull's-eye|Thunderbolt|p1a: Pelipper
|-supereffective|p1a: Pelipper
|-damage|p1a: Pelipper|0 fnt
|faint|p1a: Pelipper
|
|-weather|RainDance|[upkeep]
|upkeep
|
|t:|1780925281
|switch|p1a: Barraskewda|Barraskewda, F|100/100
|turn|2
|
|t:|1780925303
|switch|p2a: Jack|Samurott-Hisui, M|100/100
|move|p1a: Barraskewda|Liquidation|p2a: Jack
|-resisted|p2a: Jack
|-damage|p2a: Jack|44/100
|
|-weather|RainDance|[upkeep]
|upkeep
|turn|3
|
|t:|1780925326
|move|p2a: Jack|Sucker Punch|p1a: Barraskewda
|-damage|p1a: Barraskewda|40/100
|move|p1a: Barraskewda|Liquidation|p2a: Jack
|-resisted|p2a: Jack
|-damage|p2a: Jack|0 fnt
|faint|p2a: Jack
|
|-weather|RainDance|[upkeep]
|upkeep
|
|t:|1780925336
|switch|p2a: Voyageur|Corviknight, F|100/100
|-ability|p2a: Voyageur|Pressure
|turn|4
|j| agape boy
|
|t:|1780925347
|switch|p1a: Zapdos|Zapdos|100/100
|move|p2a: Voyageur|Brave Bird|p1a: Zapdos
|-resisted|p1a: Zapdos
|-damage|p1a: Zapdos|78/100
|-status|p2a: Voyageur|par|[from] ability: Static|[of] p1a: Zapdos
|-damage|p2a: Voyageur|95/100 par|[from] Recoil
|
|-weather|RainDance|[upkeep]
|upkeep
|turn|5
|
|t:|1780925354
|switch|p2a: Alchemist|Slowking-Galar, M|100/100
|move|p1a: Zapdos|Thunder|p2a: Alchemist
|-damage|p2a: Alchemist|60/100
|-status|p2a: Alchemist|par
|
|-weather|RainDance|[upkeep]
|upkeep
|turn|6
|
|t:|1780925366
|switch|p2a: Loxodonta|Great Tusk|100/100
|move|p1a: Zapdos|Thunder|p2a: Loxodonta
|-immune|p2a: Loxodonta
|
|-weather|RainDance|[upkeep]
|upkeep
|turn|7
|
|t:|1780925384
|switch|p1a: Hatterene|Hatterene, F|100/100
|move|p2a: Loxodonta|Knock Off|p1a: Hatterene
|-damage|p1a: Hatterene|70/100
|-enditem|p1a: Hatterene|Eject Button|[from] move: Knock Off|[of] p2a: Loxodonta
|
|-weather|RainDance|[upkeep]
|upkeep
|turn|8
|
|t:|1780925395
|-end|p2a: Loxodonta|Protosynthesis|[silent]
|switch|p2a: Alchemist|Slowking-Galar, M|93/100 par
|switch|p1a: Barraskewda|Barraskewda, F|40/100
|
|-weather|none
|upkeep
|turn|9
|
|t:|1780925406
|switch|p2a: Voyageur|Corviknight, F|95/100 par
|-ability|p2a: Voyageur|Pressure
|move|p1a: Barraskewda|Flip Turn|p2a: Voyageur
|-damage|p2a: Voyageur|65/100 par
|-damage|p1a: Barraskewda|24/100|[from] item: Rocky Helmet|[of] p2a: Voyageur
|j| starmiez55
|
|t:|1780925412
|switch|p1a: Zapdos|Zapdos|78/100|[from] Flip Turn
|
|upkeep
|turn|10
|
|t:|1780925422
|switch|p2a: Alchemist|Slowking-Galar, M|100/100 par
|-terastallize|p1a: Zapdos|Flying
|move|p1a: Zapdos|Hurricane|p2a: Alchemist
|-damage|p2a: Alchemist|45/100 par
|
|upkeep
|turn|11
|
|t:|1780925431
|move|p1a: Zapdos|Hurricane|p2a: Alchemist
|-damage|p2a: Alchemist|0 fnt
|faint|p2a: Alchemist
|
|upkeep
|inactive|zylsnbb has 120 seconds left.
|j| Agathina
|j| pokemonclub34
|
|t:|1780925485
|switch|p2a: Voyageur|Corviknight, F|65/100 par
|-ability|p2a: Voyageur|Pressure
|turn|12
|
|t:|1780925488
|move|p1a: Zapdos|Hurricane|p2a: Voyageur|[miss]
|-miss|p1a: Zapdos|p2a: Voyageur
|move|p2a: Voyageur|Roost|p2a: Voyageur
|-heal|p2a: Voyageur|100/100 par
|-singleturn|p2a: Voyageur|move: Roost
|
|upkeep
|turn|13
|
|t:|1780925496
|move|p1a: Zapdos|Hurricane|p2a: Voyageur
|-resisted|p2a: Voyageur
|-damage|p2a: Voyageur|49/100 par
|-start|p2a: Voyageur|confusion
|-activate|p2a: Voyageur|confusion
|cant|p2a: Voyageur|par
|
|upkeep
|turn|14
|inactive|zylsnbb has 120 seconds left.
|
|t:|1780925505
|move|p1a: Zapdos|Hurricane|p2a: Voyageur
|-resisted|p2a: Voyageur
|-damage|p2a: Voyageur|0 fnt
|faint|p2a: Voyageur
|
|upkeep
|inactive|zylsnbb has 120 seconds left.
|inactive|zylsnbb has 90 seconds left.
|
|t:|1780925542
|switch|p2a: Bull's-eye|Dragapult, F|100/100
|turn|15
|
|t:|1780925559
|switch|p1a: Iron Treads|Iron Treads|100/100
|move|p2a: Bull's-eye|Thunderbolt|p1a: Iron Treads
|-immune|p1a: Iron Treads
|
|upkeep
|turn|16
|
|t:|1780925569
|switch|p2a: Loxodonta|Great Tusk|100/100
|move|p1a: Iron Treads|Earthquake|p2a: Loxodonta
|-damage|p2a: Loxodonta|74/100
|
|-heal|p2a: Loxodonta|80/100|[from] item: Leftovers
|upkeep
|turn|17
|
|t:|1780925580
|-end|p1a: Iron Treads|Quark Drive|[silent]
|switch|p1a: Zapdos|Zapdos, tera:Flying|78/100
|move|p2a: Loxodonta|Rapid Spin|p1a: Zapdos
|-damage|p1a: Zapdos|56/100
|-boost|p2a: Loxodonta|spe|1
|
|-heal|p2a: Loxodonta|86/100|[from] item: Leftovers
|upkeep
|turn|18
|
|t:|1780925588
|move|p2a: Loxodonta|Ice Spinner|p1a: Zapdos
|-supereffective|p1a: Zapdos
|-damage|p1a: Zapdos|0 fnt
|faint|p1a: Zapdos
|
|-heal|p2a: Loxodonta|92/100|[from] item: Leftovers
|upkeep
|
|t:|1780925592
|switch|p1a: Hatterene|Hatterene, F|70/100
|turn|19
|inactive|zylsnbb has 120 seconds left.
|l| pokemonclub34
|inactive|zylsnbb has 90 seconds left.
|inactive|zylsnbb has 60 seconds left.
|
|t:|1780925672
|-terastallize|p2a: Loxodonta|Steel
|move|p2a: Loxodonta|Ice Spinner|p1a: Hatterene
|-damage|p1a: Hatterene|46/100
|move|p1a: Hatterene|Draining Kiss|p2a: Loxodonta
|-resisted|p2a: Loxodonta
|-damage|p2a: Loxodonta|75/100
|-heal|p1a: Hatterene|61/100|[from] drain|[of] p2a: Loxodonta
|
|-heal|p2a: Loxodonta|81/100|[from] item: Leftovers
|upkeep
|turn|20
|
|t:|1780925693
|move|p2a: Loxodonta|Ice Spinner|p1a: Hatterene
|-damage|p1a: Hatterene|36/100
|move|p1a: Hatterene|Nuzzle|p2a: Loxodonta
|-damage|p2a: Loxodonta|78/100
|-status|p2a: Loxodonta|par
|
|-heal|p2a: Loxodonta|85/100 par|[from] item: Leftovers
|upkeep
|turn|21
|
|t:|1780925710
|switch|p1a: Toxicroak|Toxicroak, F|100/100
|move|p2a: Loxodonta|Headlong Rush|p1a: Toxicroak
|-supereffective|p1a: Toxicroak
|-damage|p1a: Toxicroak|0 fnt
|-unboost|p2a: Loxodonta|def|1
|-unboost|p2a: Loxodonta|spd|1
|-damage|p2a: Loxodonta|68/100 par|[from] item: Rocky Helmet|[of] p1a: Toxicroak
|faint|p1a: Toxicroak
|
|-heal|p2a: Loxodonta|74/100 par|[from] item: Leftovers
|upkeep
|inactive|teamskullenoxa has 120 seconds left.
|
|t:|1780925732
|switch|p1a: Barraskewda|Barraskewda, F|24/100
|turn|22
|
|t:|1780925755
|move|p1a: Barraskewda|Flip Turn|p2a: Loxodonta
|-damage|p2a: Loxodonta|19/100 par
|inactive|teamskullenoxa has 120 seconds left.
|
|t:|1780925766
|switch|p1a: Hatterene|Hatterene, F|36/100|[from] Flip Turn
|cant|p2a: Loxodonta|par
|
|-heal|p2a: Loxodonta|26/100 par|[from] item: Leftovers
|upkeep
|turn|23
|
|t:|1780925772
|cant|p2a: Loxodonta|par
|move|p1a: Hatterene|Psychic Noise|p2a: Loxodonta
|-resisted|p2a: Loxodonta
|-damage|p2a: Loxodonta|0 fnt
|faint|p2a: Loxodonta
|-end|p2a: Loxodonta|Protosynthesis|[silent]
|
|upkeep
|
|t:|1780925774
|switch|p2a: Bull's-eye|Dragapult, F|100/100
|turn|24
|inactive|teamskullenoxa has 120 seconds left.
|
|t:|1780925821
|switch|p1a: Iron Treads|Iron Treads|100/100
|move|p2a: Bull's-eye|Shadow Ball|p1a: Iron Treads
|-damage|p1a: Iron Treads|59/100
|
|-heal|p1a: Iron Treads|65/100|[from] item: Leftovers
|upkeep
|turn|25
|inactive|zylsnbb has 60 seconds left.
|
|t:|1780925853
|switch|p2a: P!nk|Clefable, F|100/100
|move|p1a: Iron Treads|Earthquake|p2a: P!nk
|-damage|p2a: P!nk|69/100
|
|-heal|p1a: Iron Treads|71/100|[from] item: Leftovers
|-heal|p2a: P!nk|75/100|[from] item: Leftovers
|upkeep
|turn|26
|
|t:|1780925863
|move|p1a: Iron Treads|Volt Switch|p2a: P!nk
|-damage|p2a: P!nk|65/100
|
|t:|1780925869
|-end|p1a: Iron Treads|Quark Drive|[silent]
|switch|p1a: Hatterene|Hatterene, F|36/100|[from] Volt Switch
|move|p2a: P!nk|Moonblast|p1a: Hatterene
|-damage|p1a: Hatterene|3/100
|
|-heal|p2a: P!nk|71/100|[from] item: Leftovers
|upkeep
|turn|27
|
|t:|1780925877
|move|p2a: P!nk|Moonblast|p1a: Hatterene
|-damage|p1a: Hatterene|0 fnt
|faint|p1a: Hatterene
|
|-heal|p2a: P!nk|77/100|[from] item: Leftovers
|upkeep
|l| Agathina
|
|t:|1780925883
|switch|p1a: Barraskewda|Barraskewda, F|24/100
|turn|28
|
|t:|1780925892
|move|p1a: Barraskewda|Liquidation|p2a: P!nk
|-damage|p2a: P!nk|23/100
|-unboost|p2a: P!nk|def|1
|move|p2a: P!nk|Moonlight|p2a: P!nk
|-heal|p2a: P!nk|73/100
|
|-heal|p2a: P!nk|79/100|[from] item: Leftovers
|upkeep
|turn|29
|inactive|zylsnbb has 60 seconds left.
|
|t:|1780925915
|move|p1a: Barraskewda|Liquidation|p2a: P!nk
|-damage|p2a: P!nk|1/100
|-unboost|p2a: P!nk|def|1
|move|p2a: P!nk|Moonblast|p1a: Barraskewda
|-damage|p1a: Barraskewda|0 fnt
|faint|p1a: Barraskewda
|
|-heal|p2a: P!nk|7/100|[from] item: Leftovers
|upkeep
|
|t:|1780925924
|switch|p1a: Iron Treads|Iron Treads|71/100
|turn|30
|
|t:|1780925928
|move|p1a: Iron Treads|Earthquake|p2a: P!nk
|-damage|p2a: P!nk|0 fnt
|faint|p2a: P!nk
|
|-heal|p1a: Iron Treads|77/100|[from] item: Leftovers
|upkeep
|
|t:|1780925931
|switch|p2a: Bull's-eye|Dragapult, F|100/100
|turn|31
|inactive|teamskullenoxa has 120 seconds left.
|
|t:|1780925966
|move|p2a: Bull's-eye|Shadow Ball|p1a: Iron Treads
|-damage|p1a: Iron Treads|36/100
|move|p1a: Iron Treads|Earthquake|p2a: Bull's-eye
|-damage|p2a: Bull's-eye|44/100
|
|-heal|p1a: Iron Treads|42/100|[from] item: Leftovers
|upkeep
|turn|32
|inactive|teamskullenoxa has 120 seconds left.
|inactive|zylsnbb has 90 seconds left.
|
|t:|1780925974
|move|p2a: Bull's-eye|Shadow Ball|p1a: Iron Treads
|-damage|p1a: Iron Treads|0 fnt
|faint|p1a: Iron Treads
|-end|p1a: Iron Treads|Quark Drive|[silent]
|
|win|zylsnbb
|raw|teamskullenoxa's rating: 1591 &rarr; <strong>1568</strong><br />(-23 for losing)
|raw|zylsnbb's rating: 1547 &rarr; <strong>1570</strong><br />(+23 for winning)
|l|☆zylsnbb
|player|p2|
|l|☆teamskullenoxa
|player|p1|
|l| starmiez55
