|j|☆kennojex
|j|☆wubbybubbyjr
|t:|1781238075
|gametype|singles
|player|p1|kennojex|lucas|1606
|player|p2|wubbybubbyjr|preschooler|1594
|gen|9
|tier|[Gen 9] OU
|rated|
|rule|HP Percentage Mod: HP is shown in percentages
|rule|Endless Battle Clause: Forcing endless battles is banned
|rule|Species Clause: Limit one of each Pokémon
|rule|OHKO Clause: OHKO moves are banned
|rule|Evasion Items Clause: Evasion items are banned
|rule|Evasion Moves Clause: Evasion moves are banned
|rule|Evasion Abilities Clause: Evasion abilities are banned
|rule|Sleep Moves Clause: Sleep-inducing moves are banned
|clearpoke
|poke|p1|Grimmsnarl, M|
|poke|p1|Garganacl, F|
|poke|p1|Manaphy|
|poke|p1|Latias, F|
|poke|p1|Corviknight, M|
|poke|p1|Kommo-o, F|
|poke|p2|Hoopa-Unbound|
|poke|p2|Alomomola, F|
|poke|p2|Cinderace, M|
|poke|p2|Tornadus-Therian, M|
|poke|p2|Iron Treads|
|poke|p2|Dragapult, M|
|teampreview
|inactive|Battle timer is ON: inactive players will automatically lose when time's up. (requested by wubbybubbyjr)
|inactive|wubbybubbyjr has 120 seconds left.
|
|t:|1781238106
|teamsize|p1|6
|teamsize|p2|6
|start
|switch|p1a: Garganacl|Garganacl, F|100/100
|switch|p2a: Tornadus|Tornadus-Therian, M|100/100
|turn|1
|j| EBT FOOD STAMPS
|
|t:|1781238115
|move|p2a: Tornadus|Knock Off|p1a: Garganacl
|-damage|p1a: Garganacl|87/100
|-enditem|p1a: Garganacl|Leftovers|[from] move: Knock Off|[of] p2a: Tornadus
|move|p1a: Garganacl|Salt Cure|p2a: Tornadus
|-supereffective|p2a: Tornadus
|-damage|p2a: Tornadus|72/100
|-start|p2a: Tornadus|Salt Cure
|
|-damage|p2a: Tornadus|59/100|[from] Salt Cure
|upkeep
|turn|2
|inactive|wubbybubbyjr has 120 seconds left.
|
|t:|1781238163
|move|p2a: Tornadus|U-turn|p1a: Garganacl
|-damage|p1a: Garganacl|78/100
|
|t:|1781238166
|switch|p2a: Hoopa|Hoopa-Unbound|100/100|[from] U-turn
|move|p1a: Garganacl|Iron Defense|p1a: Garganacl
|-boost|p1a: Garganacl|def|2
|
|upkeep
|turn|3
|
|t:|1781238173
|move|p2a: Hoopa|Trick|p1a: Garganacl
|-activate|p2a: Hoopa|move: Trick|[of] p1a: Garganacl
|-item|p1a: Garganacl|Choice Band|[from] move: Trick
|-enditem|p2a: Hoopa|Choice Band|[silent]|[from] move: Trick
|move|p1a: Garganacl|Body Press|p2a: Hoopa
|-damage|p2a: Hoopa|0 fnt
|faint|p2a: Hoopa
|
|upkeep
|
|t:|1781238179
|switch|p2a: Dragapult|Dragapult, M|100/100
|turn|4
|
|t:|1781238183
|switch|p1a: Grimmsnarl|Grimmsnarl, M|100/100
|move|p2a: Dragapult|U-turn|p1a: Grimmsnarl
|-damage|p1a: Grimmsnarl|81/100
|
|t:|1781238187
|switch|p2a: Iron Treads|Iron Treads|100/100|[from] U-turn
|
|upkeep
|turn|5
|
|t:|1781238192
|move|p1a: Grimmsnarl|Parting Shot|p2a: Iron Treads
|-unboost|p2a: Iron Treads|atk|1
|-unboost|p2a: Iron Treads|spa|1
|
|t:|1781238194
|switch|p1a: Garganacl|Garganacl, F|78/100|[from] Parting Shot
|move|p2a: Iron Treads|Earthquake|p1a: Garganacl
|-supereffective|p1a: Garganacl
|-damage|p1a: Garganacl|38/100
|
|upkeep
|turn|6
|j| Kisaragi Station
|
|t:|1781238201
|move|p2a: Iron Treads|Earthquake|p1a: Garganacl
|-supereffective|p1a: Garganacl
|-damage|p1a: Garganacl|0 fnt
|faint|p1a: Garganacl
|
|upkeep
|
|t:|1781238209
|switch|p1a: Grimmsnarl|Grimmsnarl, M|81/100
|turn|7
|
|t:|1781238213
|move|p1a: Grimmsnarl|Reflect|p1a: Grimmsnarl
|-sidestart|p1: kennojex|Reflect
|move|p2a: Iron Treads|Knock Off|p1a: Grimmsnarl
|-resisted|p1a: Grimmsnarl
|-damage|p1a: Grimmsnarl|78/100
|-enditem|p1a: Grimmsnarl|Light Clay|[from] move: Knock Off|[of] p2a: Iron Treads
|
|upkeep
|turn|8
|
|t:|1781238219
|-end|p2a: Iron Treads|Quark Drive|[silent]
|switch|p2a: Alomomola|Alomomola, F|100/100
|move|p1a: Grimmsnarl|Light Screen|p1a: Grimmsnarl
|-sidestart|p1: kennojex|move: Light Screen
|
|upkeep
|turn|9
|
|t:|1781238222
|move|p1a: Grimmsnarl|Parting Shot|p2a: Alomomola
|-unboost|p2a: Alomomola|atk|1
|-unboost|p2a: Alomomola|spa|1
|
|t:|1781238225
|switch|p1a: Manaphy|Manaphy|100/100|[from] Parting Shot
|move|p2a: Alomomola|Flip Turn|p1a: Manaphy
|-resisted|p1a: Manaphy
|-damage|p1a: Manaphy|98/100
|inactive|wubbybubbyjr has 120 seconds left.
|
|t:|1781238284
|switch|p2a: Dragapult|Dragapult, M|100/100|[from] Flip Turn
|
|-heal|p1a: Manaphy|100/100|[from] item: Leftovers
|upkeep
|turn|10
|
|t:|1781238291
|-terastallize|p2a: Dragapult|Ghost
|move|p2a: Dragapult|Shadow Ball|p1a: Manaphy
|-damage|p1a: Manaphy|36/100
|move|p1a: Manaphy|Acid Armor|p1a: Manaphy
|-boost|p1a: Manaphy|def|2
|
|-heal|p1a: Manaphy|42/100|[from] item: Leftovers
|upkeep
|turn|11
|
|t:|1781238297
|switch|p1a: Grimmsnarl|Grimmsnarl, M|78/100
|move|p2a: Dragapult|Shadow Ball|p1a: Grimmsnarl
|-resisted|p1a: Grimmsnarl
|-damage|p1a: Grimmsnarl|54/100
|-unboost|p1a: Grimmsnarl|spd|1
|
|upkeep
|turn|12
|
|t:|1781238300
|switch|p2a: Alomomola|Alomomola, F|100/100
|move|p1a: Grimmsnarl|Parting Shot|p2a: Alomomola
|-unboost|p2a: Alomomola|atk|1
|-unboost|p2a: Alomomola|spa|1
|
|t:|1781238306
|switch|p1a: Kommo-o|Kommo-o, F|100/100|[from] Parting Shot
|
|-sideend|p1: kennojex|move: Light Screen
|upkeep
|turn|13
|inactive|wubbybubbyjr has 120 seconds left.
|inactive|wubbybubbyjr has 90 seconds left.
|
|t:|1781238378
|move|p1a: Kommo-o|Clangorous Soul|p1a: Kommo-o
|-boost|p1a: Kommo-o|atk|1
|-boost|p1a: Kommo-o|def|1
|-boost|p1a: Kommo-o|spa|1
|-boost|p1a: Kommo-o|spd|1
|-boost|p1a: Kommo-o|spe|1
|-damage|p1a: Kommo-o|68/100
|-enditem|p1a: Kommo-o|Throat Spray
|-boost|p1a: Kommo-o|spa|1|[from] item: Throat Spray
|move|p2a: Alomomola|Flip Turn|p1a: Kommo-o
|-resisted|p1a: Kommo-o
|-damage|p1a: Kommo-o|66/100
|
|t:|1781238386
|switch|p2a: Tornadus|Tornadus-Therian, M|92/100|[from] Flip Turn
|
|upkeep
|turn|14
|
|t:|1781238405
|move|p1a: Kommo-o|Clanging Scales|p2a: Tornadus
|-crit|p2a: Tornadus
|-damage|p2a: Tornadus|0 fnt
|faint|p2a: Tornadus
|-unboost|p1a: Kommo-o|def|1
|
|-sideend|p1: kennojex|Reflect
|upkeep
|inactive|wubbybubbyjr has 60 seconds left.
|c|☆wubbybubbyjr|yeah taht crit mighta ended the game
|inactive|wubbybubbyjr has 30 seconds left.
|c|☆kennojex|maybe
|c|☆wubbybubbyjr|cuz im av
|c|☆kennojex|maybe not
|inactive|wubbybubbyjr has 20 seconds left.
|inactive|wubbybubbyjr has 15 seconds left.
|
|t:|1781238472
|switch|p2a: Iron Treads|Iron Treads|100/100
|turn|15
|inactive|wubbybubbyjr has 25 seconds left this turn.
|inactive|wubbybubbyjr has 20 seconds left.
|
|t:|1781238479
|move|p1a: Kommo-o|Flamethrower|p2a: Iron Treads
|-supereffective|p2a: Iron Treads
|-damage|p2a: Iron Treads|0 fnt
|faint|p2a: Iron Treads
|-end|p2a: Iron Treads|Quark Drive|[silent]
|
|upkeep
|inactive|wubbybubbyjr has 25 seconds left this turn.
|inactive|wubbybubbyjr has 20 seconds left.
|-message|wubbybubbyjr forfeited.
|
|win|kennojex
|raw|kennojex's rating: 1606 &rarr; <strong>1626</strong><br />(+20 for winning)
|raw|wubbybubbyjr's rating: 1613 &rarr; <strong>1593</strong><br />(-20 for losing)
|l|☆wubbybubbyjr
|player|p2|
|l|☆kennojex
|player|p1|
|l| EBT FOOD STAMPS
