|j|☆rekjllj
|j|☆EtnaArmpits
|t:|1781268067
|gametype|singles
|player|p1|rekjllj|169|1699
|player|p2|EtnaArmpits|265|1716
|gen|9
|tier|[Gen 9] OU
|rated|
|rule|HP Percentage Mod: HP is shown in percentages
|rule|Endless Battle Clause: Forcing endless battles is banned
|rule|Species Clause: Limit one of each Pokémon
|rule|OHKO Clause: OHKO moves are banned
|rule|Evasion Items Clause: Evasion items are banned
|rule|Evasion Moves Clause: Evasion moves are banned
|rule|Evasion Abilities Clause: Evasion abilities are banned
|rule|Sleep Moves Clause: Sleep-inducing moves are banned
|clearpoke
|poke|p1|Walking Wake|
|poke|p1|Great Tusk|
|poke|p1|Ninetales, M|
|poke|p1|Cresselia, F|
|poke|p1|Zarude|
|poke|p1|Ceruledge, M|
|poke|p2|Kyurem|
|poke|p2|Deoxys-Speed|
|poke|p2|Iron Valiant|
|poke|p2|Dragonite, M|
|poke|p2|Darkrai|
|poke|p2|Iron Treads|
|teampreview
|inactive|Battle timer is ON: inactive players will automatically lose when time's up. (requested by EtnaArmpits)
|c|☆rekjllj|hf
|inactive|rekjllj also wants the timer to be on.
|c|☆EtnaArmpits|hf
|inactive|EtnaArmpits has 120 seconds left.
|
|t:|1781268107
|teamsize|p1|6
|teamsize|p2|6
|start
|switch|p1a: Great Tusk|Great Tusk|100/100
|switch|p2a: Iron Treads|Iron Treads|100/100
|-enditem|p2a: Iron Treads|Booster Energy
|-activate|p2a: Iron Treads|ability: Quark Drive|[fromitem]
|-start|p2a: Iron Treads|quarkdrivespe
|turn|1
|
|t:|1781268113
|move|p2a: Iron Treads|Stealth Rock|p1a: Great Tusk
|-sidestart|p1: rekjllj|move: Stealth Rock
|move|p1a: Great Tusk|Headlong Rush|p2a: Iron Treads
|-supereffective|p2a: Iron Treads
|-damage|p2a: Iron Treads|0 fnt
|-unboost|p1a: Great Tusk|def|1
|-unboost|p1a: Great Tusk|spd|1
|faint|p2a: Iron Treads
|-end|p2a: Iron Treads|Quark Drive|[silent]
|
|upkeep
|
|t:|1781268116
|switch|p2a: Kyurem|Kyurem|100/100
|-ability|p2a: Kyurem|Pressure
|turn|2
|
|t:|1781268122
|-terastallize|p1a: Great Tusk|Steel
|move|p2a: Kyurem|Dragon Dance|p2a: Kyurem
|-boost|p2a: Kyurem|atk|1
|-boost|p2a: Kyurem|spe|1
|move|p1a: Great Tusk|Rapid Spin|p2a: Kyurem
|-damage|p2a: Kyurem|81/100
|-boost|p1a: Great Tusk|spe|1
|-sideend|p1: rekjllj|Stealth Rock|[from] move: Rapid Spin|[of] p1a: Great Tusk
|
|upkeep
|turn|3
|
|t:|1781268128
|move|p2a: Kyurem|Earth Power|p1a: Great Tusk
|-supereffective|p1a: Great Tusk
|-damage|p1a: Great Tusk|24/100
|move|p1a: Great Tusk|Close Combat|p2a: Kyurem
|-supereffective|p2a: Kyurem
|-damage|p2a: Kyurem|0 fnt
|-unboost|p1a: Great Tusk|def|1
|-unboost|p1a: Great Tusk|spd|1
|faint|p2a: Kyurem
|
|upkeep
|
|t:|1781268136
|switch|p2a: Darkrai|Darkrai|100/100
|turn|4
|
|t:|1781268141
|move|p1a: Great Tusk|Close Combat|p2a: Darkrai
|-supereffective|p2a: Darkrai
|-damage|p2a: Darkrai|0 fnt
|-unboost|p1a: Great Tusk|def|1
|-unboost|p1a: Great Tusk|spd|1
|faint|p2a: Darkrai
|
|upkeep
|
|t:|1781268148
|switch|p2a: Iron Valiant|Iron Valiant|100/100
|-enditem|p2a: Iron Valiant|Booster Energy
|-activate|p2a: Iron Valiant|ability: Quark Drive|[fromitem]
|-start|p2a: Iron Valiant|quarkdrivespe
|turn|5
|
|t:|1781268154
|-end|p1a: Great Tusk|Protosynthesis|[silent]
|switch|p1a: Cresselia|Cresselia, F|100/100
|move|p2a: Iron Valiant|Knock Off|p1a: Cresselia
|-supereffective|p1a: Cresselia
|-damage|p1a: Cresselia|58/100
|-enditem|p1a: Cresselia|Eject Button|[from] move: Knock Off|[of] p2a: Iron Valiant
|
|upkeep
|turn|6
|
|t:|1781268163
|move|p2a: Iron Valiant|Swords Dance|p2a: Iron Valiant
|-boost|p2a: Iron Valiant|atk|2
|move|p1a: Cresselia|Psychic|p2a: Iron Valiant
|-supereffective|p2a: Iron Valiant
|-damage|p2a: Iron Valiant|17/100
|
|upkeep
|turn|7
|
|t:|1781268168
|move|p2a: Iron Valiant|Ice Punch|p1a: Cresselia
|-damage|p1a: Cresselia|25/100
|move|p1a: Cresselia|Psychic|p2a: Iron Valiant
|-supereffective|p2a: Iron Valiant
|-damage|p2a: Iron Valiant|0 fnt
|faint|p2a: Iron Valiant
|-end|p2a: Iron Valiant|Quark Drive|[silent]
|
|upkeep
|
|t:|1781268174
|switch|p2a: Deoxys|Deoxys-Speed|100/100
|-ability|p2a: Deoxys|Pressure
|turn|8
|
|t:|1781268179
|move|p2a: Deoxys|Nasty Plot|p2a: Deoxys
|-boost|p2a: Deoxys|spa|2
|move|p1a: Cresselia|Thunder Wave|p2a: Deoxys
|-status|p2a: Deoxys|par
|
|upkeep
|turn|9
|
|t:|1781268185
|move|p2a: Deoxys|Ice Beam|p1a: Cresselia
|-damage|p1a: Cresselia|0 fnt
|faint|p1a: Cresselia
|-damage|p2a: Deoxys|91/100 par|[from] item: Life Orb
|
|upkeep
|
|t:|1781268191
|switch|p1a: Great Tusk|Great Tusk, tera:Steel|24/100
|turn|10
|
|t:|1781268197
|move|p1a: Great Tusk|Headlong Rush|p2a: Deoxys
|-damage|p2a: Deoxys|0 fnt
|-unboost|p1a: Great Tusk|def|1
|-unboost|p1a: Great Tusk|spd|1
|faint|p2a: Deoxys
|
|upkeep
|
|t:|1781268200
|switch|p2a: Dragonite|Dragonite, M|100/100
|turn|11
|
|t:|1781268206
|move|p1a: Great Tusk|Ice Spinner|p2a: Dragonite
|-supereffective|p2a: Dragonite
|-damage|p2a: Dragonite|34/100
|move|p2a: Dragonite|Dragon Dance|p2a: Dragonite
|-boost|p2a: Dragonite|atk|1
|-boost|p2a: Dragonite|spe|1
|
|upkeep
|turn|12
|
|t:|1781268212
|move|p2a: Dragonite|Earthquake|p1a: Great Tusk
|-supereffective|p1a: Great Tusk
|-damage|p1a: Great Tusk|0 fnt
|faint|p1a: Great Tusk
|-end|p1a: Great Tusk|Protosynthesis|[silent]
|
|upkeep
|
|t:|1781268218
|switch|p1a: Zarude|Zarude|100/100
|turn|13
|
|t:|1781268226
|move|p2a: Dragonite|Dragon Dance|p2a: Dragonite
|-boost|p2a: Dragonite|atk|1
|-boost|p2a: Dragonite|spe|1
|move|p1a: Zarude|Knock Off|p2a: Dragonite
|-damage|p2a: Dragonite|0 fnt
|-enditem|p2a: Dragonite|Heavy-Duty Boots|[from] move: Knock Off|[of] p1a: Zarude
|faint|p2a: Dragonite
|
|win|rekjllj
|raw|rekjllj's rating: 1699 &rarr; <strong>1720</strong><br />(+21 for winning)
|raw|EtnaArmpits's rating: 1716 &rarr; <strong>1695</strong><br />(-21 for losing)
|c|☆rekjllj|gg
|l|☆rekjllj
|player|p1|
|l|☆EtnaArmpits
|player|p2|
