|j|☆Enigmatic Gale
|j|☆cachowcapow
|t:|1781068731
|gametype|singles
|player|p1|Enigmatic Gale|juggler|1569
|player|p2|cachowcapow|265|1584
|gen|9
|tier|[Gen 9] OU
|rated|
|rule|HP Percentage Mod: HP is shown in percentages
|rule|Endless Battle Clause: Forcing endless battles is banned
|rule|Species Clause: Limit one of each Pokémon
|rule|OHKO Clause: OHKO moves are banned
|rule|Evasion Items Clause: Evasion items are banned
|rule|Evasion Moves Clause: Evasion moves are banned
|rule|Evasion Abilities Clause: Evasion abilities are banned
|rule|Sleep Moves Clause: Sleep-inducing moves are banned
|clearpoke
|poke|p1|Dragonite, M|
|poke|p1|Hatterene, F|
|poke|p1|Kingambit, F|
|poke|p1|Moltres|
|poke|p1|Great Tusk|
|poke|p1|Zamazenta-*|
|poke|p2|Primarina, M|
|poke|p2|Slither Wing|
|poke|p2|Slowking-Galar, M|
|poke|p2|Great Tusk|
|poke|p2|Meowscarada, M|
|poke|p2|Gardevoir, M|
|teampreview
|
|t:|1781068747
|teamsize|p1|6
|teamsize|p2|6
|start
|switch|p1a: Hatterene|Hatterene, F|100/100
|switch|p2a: Slowking|Slowking-Galar, M|100/100
|turn|1
|
|t:|1781068757
|switch|p1a: Kingambit|Kingambit, F|100/100
|move|p2a: Slowking|Sludge Bomb|p1a: Kingambit
|-immune|p1a: Kingambit
|
|upkeep
|turn|2
|
|t:|1781068779
|switch|p2a: Slither Wing|Slither Wing|100/100
|move|p1a: Kingambit|Iron Head|p2a: Slither Wing
|-damage|p2a: Slither Wing|63/100
|-damage|p1a: Kingambit|84/100|[from] item: Rocky Helmet|[of] p2a: Slither Wing
|
|upkeep
|turn|3
|
|t:|1781068789
|-end|p2a: Slither Wing|Protosynthesis|[silent]
|switch|p2a: Slowking|Slowking-Galar, M|100/100
|-end|p1a: Kingambit|fallenundefined|[silent]
|switch|p1a: Moltres|Moltres|100/100
|
|upkeep
|turn|4
|
|t:|1781068822
|switch|p1a: Great Tusk|Great Tusk|100/100
|move|p2a: Slowking|Future Sight|p1a: Great Tusk
|-start|p2a: Slowking|move: Future Sight
|
|upkeep
|turn|5
|
|t:|1781068837
|switch|p2a: Slither Wing|Slither Wing|63/100
|move|p1a: Great Tusk|Stealth Rock|p2a: Slither Wing
|-sidestart|p2: cachowcapow|move: Stealth Rock
|
|upkeep
|turn|6
|
|t:|1781068845
|-end|p1a: Great Tusk|Protosynthesis|[silent]
|switch|p1a: Hatterene|Hatterene, F|100/100
|move|p2a: Slither Wing|U-turn|p1a: Hatterene
|-damage|p1a: Hatterene|75/100
|
|t:|1781068850
|-end|p2a: Slither Wing|Protosynthesis|[silent]
|switch|p2a: Slowking|Slowking-Galar, M|100/100|[from] U-turn
|
|-end|p1a: Hatterene|move: Future Sight
|-resisted|p1a: Hatterene
|-damage|p1a: Hatterene|52/100
|-heal|p1a: Hatterene|58/100|[from] item: Leftovers
|upkeep
|turn|7
|
|t:|1781068865
|move|p1a: Hatterene|Calm Mind|p1a: Hatterene
|-boost|p1a: Hatterene|spa|1
|-boost|p1a: Hatterene|spd|1
|-prepare|p2a: Slowking|Chilly Reception|[premajor]
|move|p2a: Slowking|Chilly Reception|p2a: Slowking
|-weather|Snowscape
|
|t:|1781068885
|switch|p2a: Primarina|Primarina, M, shiny|100/100|[from] Chilly Reception
|-damage|p2a: Primarina|88/100|[from] Stealth Rock
|
|-weather|Snowscape|[upkeep]
|-heal|p2a: Primarina|94/100|[from] item: Leftovers
|-heal|p1a: Hatterene|64/100|[from] item: Leftovers
|upkeep
|turn|8
|
|t:|1781068904
|move|p2a: Primarina|Psychic Noise|p1a: Hatterene
|-crit|p1a: Hatterene
|-damage|p1a: Hatterene|14/100
|-start|p1a: Hatterene|move: Heal Block
|move|p1a: Hatterene|Psyshock|p2a: Primarina
|-damage|p2a: Primarina|48/100
|
|-weather|Snowscape|[upkeep]
|-heal|p2a: Primarina|54/100|[from] item: Leftovers
|upkeep
|turn|9
|
|t:|1781068917
|move|p2a: Primarina|Psychic Noise|p1a: Hatterene
|-damage|p1a: Hatterene|0 fnt
|faint|p1a: Hatterene
|
|-weather|Snowscape|[upkeep]
|-heal|p2a: Primarina|60/100|[from] item: Leftovers
|upkeep
|
|t:|1781068932
|switch|p1a: Kingambit|Kingambit, F|84/100
|-activate|p1a: Kingambit|ability: Supreme Overlord
|-start|p1a: Kingambit|fallen1|[silent]
|turn|10
|
|t:|1781068944
|switch|p2a: Great Tusk|Great Tusk|100/100
|move|p1a: Kingambit|Iron Head|p2a: Great Tusk
|-damage|p2a: Great Tusk|65/100
|
|-weather|Snowscape|[upkeep]
|upkeep
|turn|11
|
|t:|1781068954
|-end|p2a: Great Tusk|Protosynthesis|[silent]
|switch|p2a: Slowking|Slowking-Galar, M|100/100
|-end|p1a: Kingambit|fallen1|[silent]
|switch|p1a: Moltres|Moltres|100/100
|
|-weather|none
|upkeep
|turn|12
|
|t:|1781068969
|move|p1a: Moltres|Agility|p1a: Moltres
|-boost|p1a: Moltres|spe|2
|-prepare|p2a: Slowking|Chilly Reception|[premajor]
|move|p2a: Slowking|Chilly Reception|p2a: Slowking
|-weather|Snowscape
|
|t:|1781068974
|switch|p2a: Primarina|Primarina, M, shiny|60/100|[from] Chilly Reception
|-damage|p2a: Primarina|48/100|[from] Stealth Rock
|
|-weather|Snowscape|[upkeep]
|-heal|p2a: Primarina|54/100|[from] item: Leftovers
|upkeep
|turn|13
|
|t:|1781068982
|move|p1a: Moltres|Hurricane|p2a: Primarina|[miss]
|-miss|p1a: Moltres|p2a: Primarina
|move|p2a: Primarina|Psychic Noise|p1a: Moltres
|-supereffective|p1a: Moltres
|-damage|p1a: Moltres|24/100
|-start|p1a: Moltres|move: Heal Block
|
|-weather|Snowscape|[upkeep]
|-heal|p2a: Primarina|60/100|[from] item: Leftovers
|upkeep
|turn|14
|
|t:|1781068993
|switch|p2a: Slowking|Slowking-Galar, M|100/100
|move|p1a: Moltres|Hurricane|p2a: Slowking
|-damage|p2a: Slowking|55/100
|-start|p2a: Slowking|confusion
|-damage|p1a: Moltres|14/100|[from] item: Life Orb
|
|-weather|Snowscape|[upkeep]
|-end|p1a: Moltres|move: Heal Block
|upkeep
|turn|15
|
|t:|1781069041
|-terastallize|p1a: Moltres|Ground
|move|p1a: Moltres|Scorching Sands|p2a: Slowking
|-supereffective|p2a: Slowking
|-damage|p2a: Slowking|5/100
|-status|p2a: Slowking|brn
|-damage|p1a: Moltres|4/100|[from] item: Life Orb
|-prepare|p2a: Slowking|Chilly Reception|[premajor]
|-activate|p2a: Slowking|confusion
|move|p2a: Slowking|Chilly Reception|p2a: Slowking
|
|t:|1781069054
|switch|p2a: Slither Wing|Slither Wing|63/100|[from] Chilly Reception
|-damage|p2a: Slither Wing|50/100|[from] Stealth Rock
|
|-weather|Snowscape|[upkeep]
|upkeep
|turn|16
|
|t:|1781069077
|switch|p1a: Great Tusk|Great Tusk|100/100
|move|p2a: Slither Wing|First Impression|p1a: Great Tusk
|-resisted|p1a: Great Tusk
|-damage|p1a: Great Tusk|87/100
|-damage|p2a: Slither Wing|34/100|[from] item: Rocky Helmet|[of] p1a: Great Tusk
|
|-weather|none
|upkeep
|turn|17
|
|t:|1781069087
|-end|p1a: Great Tusk|Protosynthesis|[silent]
|switch|p1a: Moltres|Moltres, tera:Ground|4/100
|move|p2a: Slither Wing|Morning Sun|p2a: Slither Wing
|-heal|p2a: Slither Wing|84/100
|
|upkeep
|turn|18
|
|t:|1781069094
|move|p1a: Moltres|Hurricane|p2a: Slither Wing|[miss]
|-miss|p1a: Moltres|p2a: Slither Wing
|move|p2a: Slither Wing|U-turn|p1a: Moltres
|-damage|p1a: Moltres|0 fnt
|faint|p1a: Moltres
|
|t:|1781069103
|-end|p2a: Slither Wing|Protosynthesis|[silent]
|switch|p2a: Great Tusk|Great Tusk|65/100|[from] U-turn
|
|upkeep
|
|t:|1781069116
|switch|p1a: Zamazenta|Zamazenta|100/100
|-ability|p1a: Zamazenta|Dauntless Shield|boost
|-boost|p1a: Zamazenta|def|1
|turn|19
|
|t:|1781069123
|move|p1a: Zamazenta|Iron Defense|p1a: Zamazenta
|-boost|p1a: Zamazenta|def|2
|move|p2a: Great Tusk|Rapid Spin|p1a: Zamazenta
|-damage|p1a: Zamazenta|95/100
|-boost|p2a: Great Tusk|spe|1
|-sideend|p2: cachowcapow|Stealth Rock|[from] move: Rapid Spin|[of] p2a: Great Tusk
|
|-heal|p1a: Zamazenta|100/100|[from] item: Leftovers
|upkeep
|turn|20
|
|t:|1781069131
|-end|p2a: Great Tusk|Protosynthesis|[silent]
|switch|p2a: Slowking|Slowking-Galar, M|38/100 brn
|move|p1a: Zamazenta|Iron Defense|p1a: Zamazenta
|-boost|p1a: Zamazenta|def|2
|
|-damage|p2a: Slowking|32/100 brn|[from] brn
|upkeep
|turn|21
|
|t:|1781069140
|switch|p2a: Slither Wing|Slither Wing|84/100
|move|p1a: Zamazenta|Body Press|p2a: Slither Wing
|-resisted|p2a: Slither Wing
|-damage|p2a: Slither Wing|35/100
|-damage|p1a: Zamazenta|84/100|[from] item: Rocky Helmet|[of] p2a: Slither Wing
|
|-heal|p1a: Zamazenta|90/100|[from] item: Leftovers
|upkeep
|turn|22
|
|t:|1781069150
|-terastallize|p2a: Slither Wing|Ghost
|move|p1a: Zamazenta|Body Press|p2a: Slither Wing
|-immune|p2a: Slither Wing
|move|p2a: Slither Wing|Will-O-Wisp|p1a: Zamazenta
|-status|p1a: Zamazenta|brn
|
|-heal|p1a: Zamazenta|96/100 brn|[from] item: Leftovers
|-damage|p1a: Zamazenta|90/100 brn|[from] brn
|upkeep
|turn|23
|
|t:|1781069188
|switch|p1a: Great Tusk|Great Tusk|87/100
|move|p2a: Slither Wing|Morning Sun|p2a: Slither Wing
|-heal|p2a: Slither Wing|85/100
|
|upkeep
|turn|24
|
|t:|1781069195
|move|p1a: Great Tusk|Headlong Rush|p2a: Slither Wing
|-damage|p2a: Slither Wing|36/100
|-unboost|p1a: Great Tusk|def|1
|-unboost|p1a: Great Tusk|spd|1
|-damage|p1a: Great Tusk|70/100|[from] item: Rocky Helmet|[of] p2a: Slither Wing
|move|p2a: Slither Wing|Will-O-Wisp|p1a: Great Tusk
|-status|p1a: Great Tusk|brn
|
|-damage|p1a: Great Tusk|64/100 brn|[from] brn
|upkeep
|turn|25
|
|t:|1781069210
|move|p1a: Great Tusk|Headlong Rush|p2a: Slither Wing
|-damage|p2a: Slither Wing|12/100
|-unboost|p1a: Great Tusk|def|1
|-unboost|p1a: Great Tusk|spd|1
|-damage|p1a: Great Tusk|48/100 brn|[from] item: Rocky Helmet|[of] p2a: Slither Wing
|move|p2a: Slither Wing|Morning Sun|p2a: Slither Wing
|-heal|p2a: Slither Wing|62/100
|
|-damage|p1a: Great Tusk|41/100 brn|[from] brn
|upkeep
|turn|26
|-message|Enigmatic Gale forfeited.
|
|win|cachowcapow
|raw|Enigmatic Gale's rating: 1569 &rarr; <strong>1550</strong><br />(-19 for losing)
|raw|cachowcapow's rating: 1584 &rarr; <strong>1603</strong><br />(+19 for winning)
|l|☆Enigmatic Gale
|player|p1|
|l|☆cachowcapow
|player|p2|
