|j|☆LowEL0God
|j|☆stone xo
|t:|1781542582
|gametype|singles
|player|p1|LowEL0God|265|1669
|player|p2|stone xo|169|1663
|gen|9
|tier|[Gen 9] OU
|rated|
|rule|HP Percentage Mod: HP is shown in percentages
|rule|Endless Battle Clause: Forcing endless battles is banned
|rule|Species Clause: Limit one of each Pokémon
|rule|OHKO Clause: OHKO moves are banned
|rule|Evasion Items Clause: Evasion items are banned
|rule|Evasion Moves Clause: Evasion moves are banned
|rule|Evasion Abilities Clause: Evasion abilities are banned
|rule|Sleep Moves Clause: Sleep-inducing moves are banned
|clearpoke
|poke|p1|Pelipper, M|
|poke|p1|Raging Bolt|
|poke|p1|Overqwil, M|
|poke|p1|Barraskewda, M|
|poke|p1|Iron Treads|
|poke|p1|Kingambit, F|
|poke|p2|Grimmsnarl, M|
|poke|p2|Zamazenta-*|
|poke|p2|Iron Crown|
|poke|p2|Raging Bolt|
|poke|p2|Ogerpon-Wellspring, F|
|poke|p2|Glimmora, F|
|teampreview
|c|☆LowEL0God|hf
|inactive|Battle timer is ON: inactive players will automatically lose when time's up. (requested by stone xo)
|inactive|LowEL0God also wants the timer to be on.
|c|☆stone xo|u2
|
|t:|1781542592
|teamsize|p1|6
|teamsize|p2|6
|start
|switch|p1a: Kingambit|Kingambit, F|100/100
|switch|p2a: Grimmsnarl|Grimmsnarl, M|100/100
|turn|1
|
|t:|1781542597
|move|p2a: Grimmsnarl|Reflect|p2a: Grimmsnarl
|-sidestart|p2: stone xo|Reflect
|move|p1a: Kingambit|Iron Head|p2a: Grimmsnarl
|-supereffective|p2a: Grimmsnarl
|-damage|p2a: Grimmsnarl|54/100
|
|upkeep
|turn|2
|
|t:|1781542600
|switch|p2a: Zamazenta|Zamazenta|100/100
|-ability|p2a: Zamazenta|Dauntless Shield|boost
|-boost|p2a: Zamazenta|def|1
|move|p1a: Kingambit|Iron Head|p2a: Zamazenta
|-damage|p2a: Zamazenta|88/100
|
|-heal|p2a: Zamazenta|95/100|[from] item: Leftovers
|upkeep
|turn|3
|
|t:|1781542605
|-end|p1a: Kingambit|fallenundefined|[silent]
|switch|p1a: Pelipper|Pelipper, M|100/100
|-weather|RainDance|[from] ability: Drizzle|[of] p1a: Pelipper
|move|p2a: Zamazenta|Substitute|p2a: Zamazenta
|-start|p2a: Zamazenta|Substitute
|-damage|p2a: Zamazenta|70/100
|
|-weather|RainDance|[upkeep]
|-heal|p2a: Zamazenta|76/100|[from] item: Leftovers
|upkeep
|turn|4
|
|t:|1781542608
|move|p2a: Zamazenta|Crunch|p1a: Pelipper
|-damage|p1a: Pelipper|83/100
|-unboost|p1a: Pelipper|def|1
|move|p1a: Pelipper|Hurricane|p2a: Zamazenta
|-supereffective|p2a: Zamazenta
|-end|p2a: Zamazenta|Substitute
|
|-weather|RainDance|[upkeep]
|-heal|p2a: Zamazenta|82/100|[from] item: Leftovers
|upkeep
|turn|5
|
|t:|1781542623
|switch|p2a: Raging Bolt|Raging Bolt|100/100
|-enditem|p2a: Raging Bolt|Booster Energy
|-activate|p2a: Raging Bolt|ability: Protosynthesis|[fromitem]
|-start|p2a: Raging Bolt|protosynthesisspa
|move|p1a: Pelipper|Hurricane|p2a: Raging Bolt
|-resisted|p2a: Raging Bolt
|-damage|p2a: Raging Bolt|86/100
|
|-weather|RainDance|[upkeep]
|upkeep
|turn|6
|
|t:|1781542628
|switch|p1a: Iron Treads|Iron Treads|100/100
|-enditem|p1a: Iron Treads|Booster Energy
|-activate|p1a: Iron Treads|ability: Quark Drive|[fromitem]
|-start|p1a: Iron Treads|quarkdrivespe
|move|p2a: Raging Bolt|Dragon Pulse|p1a: Iron Treads
|-resisted|p1a: Iron Treads
|-damage|p1a: Iron Treads|53/100
|
|-weather|RainDance|[upkeep]
|upkeep
|turn|7
|
|t:|1781542642
|-end|p2a: Raging Bolt|Protosynthesis|[silent]
|switch|p2a: Zamazenta|Zamazenta|82/100
|move|p1a: Iron Treads|Stealth Rock|p2a: Zamazenta
|-sidestart|p2: stone xo|move: Stealth Rock
|
|-weather|RainDance|[upkeep]
|-heal|p2a: Zamazenta|88/100|[from] item: Leftovers
|upkeep
|turn|8
|
|t:|1781542646
|move|p1a: Iron Treads|Earth Power|p2a: Zamazenta
|-damage|p2a: Zamazenta|58/100
|move|p2a: Zamazenta|Body Press|p1a: Iron Treads
|-supereffective|p1a: Iron Treads
|-damage|p1a: Iron Treads|0 fnt
|faint|p1a: Iron Treads
|-end|p1a: Iron Treads|Quark Drive|[silent]
|
|-weather|RainDance|[upkeep]
|-heal|p2a: Zamazenta|65/100|[from] item: Leftovers
|-sideend|p2: stone xo|Reflect
|upkeep
|
|t:|1781542647
|switch|p1a: Overqwil|Overqwil, M|100/100
|turn|9
|j| DA COME UP
|
|t:|1781542650
|move|p1a: Overqwil|Gunk Shot|p2a: Zamazenta
|-damage|p2a: Zamazenta|10/100
|-status|p2a: Zamazenta|psn
|-damage|p1a: Overqwil|91/100|[from] item: Life Orb
|move|p2a: Zamazenta|Iron Defense|p2a: Zamazenta
|-boost|p2a: Zamazenta|def|2
|
|-weather|RainDance|[upkeep]
|-heal|p2a: Zamazenta|16/100 psn|[from] item: Leftovers
|-damage|p2a: Zamazenta|4/100 psn|[from] psn
|upkeep
|turn|10
|
|t:|1781542664
|move|p1a: Overqwil|Crunch|p2a: Zamazenta
|-resisted|p2a: Zamazenta
|-damage|p2a: Zamazenta|0 fnt
|faint|p2a: Zamazenta
|-damage|p1a: Overqwil|81/100|[from] item: Life Orb
|
|-weather|none
|upkeep
|l| DA COME UP
|
|t:|1781542677
|switch|p2a: Glimmora|Glimmora, F|100/100
|-damage|p2a: Glimmora|88/100|[from] Stealth Rock
|turn|11
|
|t:|1781542681
|switch|p1a: Kingambit|Kingambit, F|100/100
|-activate|p1a: Kingambit|ability: Supreme Overlord
|-start|p1a: Kingambit|fallen1|[silent]
|move|p2a: Glimmora|Mortal Spin|p1a: Kingambit
|-immune|p1a: Kingambit
|
|upkeep
|turn|12
|
|t:|1781542685
|move|p2a: Glimmora|Earth Power|p1a: Kingambit
|-supereffective|p1a: Kingambit
|-damage|p1a: Kingambit|47/100
|-unboost|p1a: Kingambit|spd|1
|move|p1a: Kingambit|Swords Dance|p1a: Kingambit
|-boost|p1a: Kingambit|atk|2
|
|-heal|p1a: Kingambit|53/100|[from] item: Leftovers
|upkeep
|turn|13
|
|t:|1781542691
|move|p1a: Kingambit|Sucker Punch|p2a: Glimmora
|-damage|p2a: Glimmora|20/100
|-activate|p2a: Glimmora|ability: Toxic Debris
|-sidestart|p1: LowEL0God|move: Toxic Spikes
|-enditem|p2a: Glimmora|Red Card|[of] p1a: Kingambit
|-end|p1a: Kingambit|fallen1|[silent]
|drag|p1a: Barraskewda|Barraskewda, M|100/100
|-status|p1a: Barraskewda|psn
|move|p2a: Glimmora|Earth Power|p1a: Barraskewda
|-damage|p1a: Barraskewda|42/100 psn
|
|-damage|p1a: Barraskewda|30/100 psn|[from] psn
|upkeep
|turn|14
|
|t:|1781542702
|switch|p2a: Ogerpon|Ogerpon-Wellspring, F|100/100
|-damage|p2a: Ogerpon|88/100|[from] Stealth Rock
|move|p1a: Barraskewda|Close Combat|p2a: Ogerpon
|-damage|p2a: Ogerpon|2/100
|-unboost|p1a: Barraskewda|def|1
|-unboost|p1a: Barraskewda|spd|1
|
|-damage|p1a: Barraskewda|17/100 psn|[from] psn
|upkeep
|turn|15
|
|t:|1781542713
|move|p1a: Barraskewda|Close Combat|p2a: Ogerpon
|-crit|p2a: Ogerpon
|-damage|p2a: Ogerpon|0 fnt
|-unboost|p1a: Barraskewda|def|1
|-unboost|p1a: Barraskewda|spd|1
|faint|p2a: Ogerpon
|
|-damage|p1a: Barraskewda|5/100 psn|[from] psn
|upkeep
|j| DA COME UP
|l| DA COME UP
|
|t:|1781542721
|switch|p2a: Raging Bolt|Raging Bolt|86/100
|-damage|p2a: Raging Bolt|74/100|[from] Stealth Rock
|turn|16
|
|t:|1781542725
|move|p2a: Raging Bolt|Thunderclap|p1a: Barraskewda
|-supereffective|p1a: Barraskewda
|-damage|p1a: Barraskewda|0 fnt
|faint|p1a: Barraskewda
|
|upkeep
|
|t:|1781542726
|switch|p1a: Kingambit|Kingambit, F|53/100
|-activate|p1a: Kingambit|ability: Supreme Overlord
|-start|p1a: Kingambit|fallen2|[silent]
|turn|17
|
|t:|1781542732
|move|p1a: Kingambit|Sucker Punch|p2a: Raging Bolt
|-damage|p2a: Raging Bolt|31/100
|move|p2a: Raging Bolt|Thunderbolt|p1a: Kingambit
|-damage|p1a: Kingambit|0 fnt
|faint|p1a: Kingambit
|-end|p1a: Kingambit|fallen2|[silent]
|
|upkeep
|
|t:|1781542733
|switch|p1a: Overqwil|Overqwil, M|81/100
|-sideend|p1: LowEL0God|move: Toxic Spikes|[of] p1a: Overqwil
|turn|18
|
|t:|1781542739
|-end|p2a: Raging Bolt|Protosynthesis|[silent]
|switch|p2a: Glimmora|Glimmora, F|20/100
|-damage|p2a: Glimmora|8/100|[from] Stealth Rock
|move|p1a: Overqwil|Crunch|p2a: Glimmora
|-damage|p2a: Glimmora|0 fnt
|-activate|p2a: Glimmora|ability: Toxic Debris
|-sidestart|p1: LowEL0God|move: Toxic Spikes
|faint|p2a: Glimmora
|-damage|p1a: Overqwil|71/100|[from] item: Life Orb
|
|upkeep
|
|t:|1781542745
|switch|p2a: Grimmsnarl|Grimmsnarl, M|54/100
|-damage|p2a: Grimmsnarl|41/100|[from] Stealth Rock
|turn|19
|
|t:|1781542755
|move|p2a: Grimmsnarl|Reflect|p2a: Grimmsnarl
|-sidestart|p2: stone xo|Reflect
|move|p1a: Overqwil|Swords Dance|p1a: Overqwil
|-boost|p1a: Overqwil|atk|2
|
|upkeep
|turn|20
|
|t:|1781542758
|move|p2a: Grimmsnarl|Light Screen|p2a: Grimmsnarl
|-sidestart|p2: stone xo|move: Light Screen
|move|p1a: Overqwil|Liquidation|p2a: Grimmsnarl
|-damage|p2a: Grimmsnarl|4/100
|-damage|p1a: Overqwil|62/100|[from] item: Life Orb
|
|upkeep
|turn|21
|
|t:|1781542766
|move|p2a: Grimmsnarl|Parting Shot|p1a: Overqwil
|-hint|Since gen 7, Dark is immune to Prankster moves.
|-immune|p1a: Overqwil
|move|p1a: Overqwil|Swords Dance|p1a: Overqwil
|-boost|p1a: Overqwil|atk|2
|
|upkeep
|turn|22
|
|t:|1781542775
|switch|p2a: Raging Bolt|Raging Bolt|31/100
|-damage|p2a: Raging Bolt|19/100|[from] Stealth Rock
|move|p1a: Overqwil|Swords Dance|p1a: Overqwil
|-boost|p1a: Overqwil|atk|2
|
|upkeep
|turn|23
|
|t:|1781542779
|move|p2a: Raging Bolt|Thunderclap||[still]
|-fail|p2a: Raging Bolt
|move|p1a: Overqwil|Swords Dance|p1a: Overqwil
|-boost|p1a: Overqwil|atk|0
|
|upkeep
|turn|24
|
|t:|1781542781
|move|p2a: Raging Bolt|Thunderclap||[still]
|-fail|p2a: Raging Bolt
|move|p1a: Overqwil|Swords Dance|p1a: Overqwil
|-boost|p1a: Overqwil|atk|0
|
|upkeep
|turn|25
|
|t:|1781542783
|move|p2a: Raging Bolt|Thunderclap||[still]
|-fail|p2a: Raging Bolt
|move|p1a: Overqwil|Swords Dance|p1a: Overqwil
|-boost|p1a: Overqwil|atk|0
|
|upkeep
|turn|26
|
|t:|1781542784
|move|p2a: Raging Bolt|Thunderclap||[still]
|-fail|p2a: Raging Bolt
|move|p1a: Overqwil|Swords Dance|p1a: Overqwil
|-boost|p1a: Overqwil|atk|0
|
|-sideend|p2: stone xo|Reflect
|upkeep
|turn|27
|
|t:|1781542787
|move|p2a: Raging Bolt|Thunderclap||[still]
|-fail|p2a: Raging Bolt
|move|p1a: Overqwil|Swords Dance|p1a: Overqwil
|-boost|p1a: Overqwil|atk|0
|
|-sideend|p2: stone xo|move: Light Screen
|upkeep
|turn|28
|
|t:|1781542788
|move|p2a: Raging Bolt|Thunderclap||[still]
|-fail|p2a: Raging Bolt
|move|p1a: Overqwil|Swords Dance|p1a: Overqwil
|-boost|p1a: Overqwil|atk|0
|
|upkeep
|turn|29
|
|t:|1781542790
|move|p2a: Raging Bolt|Thunderclap||[still]
|-fail|p2a: Raging Bolt
|move|p1a: Overqwil|Swords Dance|p1a: Overqwil
|-boost|p1a: Overqwil|atk|0
|
|upkeep
|turn|30
|
|t:|1781542792
|move|p1a: Overqwil|Crunch|p2a: Raging Bolt
|-damage|p2a: Raging Bolt|0 fnt
|faint|p2a: Raging Bolt
|-end|p2a: Raging Bolt|Protosynthesis|[silent]
|-damage|p1a: Overqwil|52/100|[from] item: Life Orb
|
|upkeep
|
|t:|1781542798
|switch|p2a: Iron Crown|Iron Crown|100/100
|-damage|p2a: Iron Crown|94/100|[from] Stealth Rock
|-enditem|p2a: Iron Crown|Booster Energy
|-activate|p2a: Iron Crown|ability: Quark Drive|[fromitem]
|-start|p2a: Iron Crown|quarkdrivespe
|turn|31
|
|t:|1781542814
|-terastallize|p2a: Iron Crown|Fighting
|-terastallize|p1a: Overqwil|Water
|move|p2a: Iron Crown|Focus Blast|p1a: Overqwil|[miss]
|-miss|p2a: Iron Crown|p1a: Overqwil
|move|p1a: Overqwil|Liquidation|p2a: Iron Crown
|-damage|p2a: Iron Crown|0 fnt
|faint|p2a: Iron Crown
|-end|p2a: Iron Crown|Quark Drive|[silent]
|-damage|p1a: Overqwil|42/100|[from] item: Life Orb
|
|upkeep
|
|t:|1781542821
|switch|p2a: Grimmsnarl|Grimmsnarl, M|4/100
|-damage|p2a: Grimmsnarl|0 fnt|[from] Stealth Rock
|faint|p2a: Grimmsnarl
|
|win|LowEL0God
|raw|LowEL0God's rating: 1669 &rarr; <strong>1689</strong><br />(+20 for winning)
|raw|stone xo's rating: 1663 &rarr; <strong>1643</strong><br />(-20 for losing)
|l|☆stone xo
|player|p2|
|c|☆LowEL0God|gg
|l|☆LowEL0God
|player|p1|
