|j|☆Xoli
|j|☆biryanilover
|t:|1781360915
|gametype|singles
|player|p1|Xoli|veteran|1656
|player|p2|biryanilover|101|1625
|gen|9
|tier|[Gen 9] OU
|rated|
|rule|HP Percentage Mod: HP is shown in percentages
|rule|Endless Battle Clause: Forcing endless battles is banned
|rule|Species Clause: Limit one of each Pokémon
|rule|OHKO Clause: OHKO moves are banned
|rule|Evasion Items Clause: Evasion items are banned
|rule|Evasion Moves Clause: Evasion moves are banned
|rule|Evasion Abilities Clause: Evasion abilities are banned
|rule|Sleep Moves Clause: Sleep-inducing moves are banned
|clearpoke
|poke|p1|Iron Treads|
|poke|p1|Raging Bolt|
|poke|p1|Cinderace, F|
|poke|p1|Pecharunt|
|poke|p1|Kingambit, M|
|poke|p1|Tornadus-Therian, M|
|poke|p2|Rillaboom, F|
|poke|p2|Heatran, M|
|poke|p2|Walking Wake|
|poke|p2|Landorus-Therian, M|
|poke|p2|Zamazenta-*|
|poke|p2|Weezing-Galar, F|
|teampreview
|inactive|Battle timer is ON: inactive players will automatically lose when time's up. (requested by biryanilover)
|
|t:|1781360934
|teamsize|p1|6
|teamsize|p2|6
|start
|switch|p1a: Raging Bolt|Raging Bolt|100/100
|switch|p2a: Walking Wake|Walking Wake|100/100
|turn|1
|
|t:|1781360943
|-terastallize|p1a: Raging Bolt|Fairy
|move|p2a: Walking Wake|Substitute|p2a: Walking Wake
|-start|p2a: Walking Wake|Substitute
|-damage|p2a: Walking Wake|76/100
|move|p1a: Raging Bolt|Draco Meteor|p2a: Walking Wake
|-supereffective|p2a: Walking Wake
|-end|p2a: Walking Wake|Substitute
|-unboost|p1a: Raging Bolt|spa|2
|
|-heal|p2a: Walking Wake|82/100|[from] item: Leftovers
|upkeep
|turn|2
|
|t:|1781360951
|move|p2a: Walking Wake|Substitute|p2a: Walking Wake
|-start|p2a: Walking Wake|Substitute
|-damage|p2a: Walking Wake|57/100
|move|p1a: Raging Bolt|Draco Meteor|p2a: Walking Wake
|-supereffective|p2a: Walking Wake
|-end|p2a: Walking Wake|Substitute
|-unboost|p1a: Raging Bolt|spa|2
|
|-heal|p2a: Walking Wake|63/100|[from] item: Leftovers
|upkeep
|turn|3
|
|t:|1781360956
|-end|p1a: Raging Bolt|Protosynthesis|[silent]
|switch|p1a: Tornadus|Tornadus-Therian, M|100/100
|move|p2a: Walking Wake|Knock Off|p1a: Tornadus
|-damage|p1a: Tornadus|82/100
|-enditem|p1a: Tornadus|Assault Vest|[from] move: Knock Off|[of] p2a: Walking Wake
|
|-heal|p2a: Walking Wake|70/100|[from] item: Leftovers
|upkeep
|turn|4
|
|t:|1781360970
|move|p1a: Tornadus|Knock Off|p2a: Walking Wake
|-crit|p2a: Walking Wake
|-damage|p2a: Walking Wake|39/100
|-enditem|p2a: Walking Wake|Leftovers|[from] move: Knock Off|[of] p1a: Tornadus
|move|p2a: Walking Wake|Scald|p1a: Tornadus
|-damage|p1a: Tornadus|43/100
|-status|p1a: Tornadus|brn
|
|-damage|p1a: Tornadus|37/100 brn|[from] brn
|upkeep
|turn|5
|
|t:|1781360982
|-end|p2a: Walking Wake|Protosynthesis|[silent]
|switch|p2a: Heatran|Heatran, M|100/100
|move|p1a: Tornadus|Bleakwind Storm|p2a: Heatran
|-resisted|p2a: Heatran
|-damage|p2a: Heatran|89/100
|-unboost|p2a: Heatran|spe|1
|
|-heal|p2a: Heatran|95/100|[from] item: Leftovers
|-damage|p1a: Tornadus|31/100 brn|[from] brn
|upkeep
|turn|6
|
|t:|1781360988
|move|p1a: Tornadus|Knock Off|p2a: Heatran
|-damage|p2a: Heatran|87/100
|-enditem|p2a: Heatran|Leftovers|[from] move: Knock Off|[of] p1a: Tornadus
|move|p2a: Heatran|Magma Storm|p1a: Tornadus
|-damage|p1a: Tornadus|0 fnt
|faint|p1a: Tornadus
|
|upkeep
|
|t:|1781360996
|switch|p1a: Iron Treads|Iron Treads|100/100
|turn|7
|
|t:|1781360999
|switch|p2a: Landorus|Landorus-Therian, M|100/100
|-ability|p2a: Landorus|Intimidate|boost
|-unboost|p1a: Iron Treads|atk|1
|move|p1a: Iron Treads|Ice Spinner|p2a: Landorus
|-supereffective|p2a: Landorus
|-damage|p2a: Landorus|24/100
|-damage|p1a: Iron Treads|84/100|[from] item: Rocky Helmet|[of] p2a: Landorus
|
|upkeep
|turn|8
|
|t:|1781361005
|move|p1a: Iron Treads|Ice Spinner|p2a: Landorus
|-supereffective|p2a: Landorus
|-damage|p2a: Landorus|0 fnt
|-damage|p1a: Iron Treads|68/100|[from] item: Rocky Helmet|[of] p2a: Landorus
|faint|p2a: Landorus
|
|upkeep
|
|t:|1781361007
|switch|p2a: Walking Wake|Walking Wake|39/100
|turn|9
|
|t:|1781361012
|-end|p1a: Iron Treads|Quark Drive|[silent]
|switch|p1a: Raging Bolt|Raging Bolt, tera:Fairy|100/100
|move|p2a: Walking Wake|Scald|p1a: Raging Bolt
|-damage|p1a: Raging Bolt|58/100
|
|upkeep
|turn|10
|
|t:|1781361026
|move|p2a: Walking Wake|Substitute|p2a: Walking Wake
|-start|p2a: Walking Wake|Substitute
|-damage|p2a: Walking Wake|14/100
|move|p1a: Raging Bolt|Volt Switch|p2a: Walking Wake
|-end|p2a: Walking Wake|Substitute
|
|t:|1781361030
|-end|p1a: Raging Bolt|Protosynthesis|[silent]
|switch|p1a: Cinderace|Cinderace, F|100/100|[from] Volt Switch
|
|upkeep
|turn|11
|
|t:|1781361033
|-end|p2a: Walking Wake|Protosynthesis|[silent]
|switch|p2a: Heatran|Heatran, M|87/100
|move|p1a: Cinderace|U-turn|p2a: Heatran
|-start|p1a: Cinderace|typechange|Bug|[from] ability: Libero
|-resisted|p2a: Heatran
|-damage|p2a: Heatran|80/100
|
|t:|1781361036
|switch|p1a: Iron Treads|Iron Treads|68/100|[from] U-turn
|
|upkeep
|turn|12
|
|t:|1781361042
|move|p1a: Iron Treads|Earthquake|p2a: Heatran
|-supereffective|p2a: Heatran
|-damage|p2a: Heatran|0 fnt
|faint|p2a: Heatran
|
|upkeep
|
|t:|1781361045
|switch|p2a: Walking Wake|Walking Wake|14/100
|turn|13
|
|t:|1781361048
|-end|p1a: Iron Treads|Quark Drive|[silent]
|switch|p1a: Raging Bolt|Raging Bolt, tera:Fairy|58/100
|move|p2a: Walking Wake|Scald|p1a: Raging Bolt
|-damage|p1a: Raging Bolt|21/100
|-status|p1a: Raging Bolt|brn
|
|-damage|p1a: Raging Bolt|15/100 brn|[from] brn
|upkeep
|turn|14
|
|t:|1781361053
|-end|p2a: Walking Wake|Protosynthesis|[silent]
|switch|p2a: Rillaboom|Rillaboom, F|100/100
|-fieldstart|move: Grassy Terrain|[from] ability: Grassy Surge|[of] p2a: Rillaboom
|move|p1a: Raging Bolt|Thunderclap||[still]
|-fail|p1a: Raging Bolt
|
|-heal|p1a: Raging Bolt|21/100 brn|[from] Grassy Terrain
|-damage|p1a: Raging Bolt|15/100 brn|[from] brn
|upkeep
|turn|15
|
|t:|1781361063
|-end|p1a: Raging Bolt|Protosynthesis|[silent]
|switch|p1a: Iron Treads|Iron Treads|68/100
|move|p2a: Rillaboom|Swords Dance|p2a: Rillaboom
|-boost|p2a: Rillaboom|atk|2
|
|-heal|p1a: Iron Treads|74/100|[from] Grassy Terrain
|upkeep
|turn|16
|
|t:|1781361067
|move|p2a: Rillaboom|Grassy Glide|p1a: Iron Treads
|-damage|p1a: Iron Treads|0 fnt
|faint|p1a: Iron Treads
|-end|p1a: Iron Treads|Quark Drive|[silent]
|
|upkeep
|
|t:|1781361075
|switch|p1a: Cinderace|Cinderace, F|100/100
|turn|17
|
|t:|1781361082
|move|p2a: Rillaboom|Grassy Glide|p1a: Cinderace
|-resisted|p1a: Cinderace
|-damage|p1a: Cinderace|45/100
|move|p1a: Cinderace|Pyro Ball|p2a: Rillaboom
|-supereffective|p2a: Rillaboom
|-damage|p2a: Rillaboom|0 fnt
|faint|p2a: Rillaboom
|
|-heal|p1a: Cinderace|51/100|[from] Grassy Terrain
|upkeep
|
|t:|1781361086
|switch|p2a: Zamazenta|Zamazenta|100/100
|-ability|p2a: Zamazenta|Dauntless Shield|boost
|-boost|p2a: Zamazenta|def|1
|turn|18
|
|t:|1781361094
|-terastallize|p2a: Zamazenta|Dark
|move|p2a: Zamazenta|Crunch|p1a: Cinderace
|-damage|p1a: Cinderace|0 fnt
|faint|p1a: Cinderace
|-damage|p2a: Zamazenta|91/100|[from] item: Life Orb
|
|-heal|p2a: Zamazenta|97/100|[from] Grassy Terrain
|upkeep
|
|t:|1781361103
|switch|p1a: Raging Bolt|Raging Bolt, tera:Fairy|15/100 brn
|turn|19
|
|t:|1781361110
|move|p1a: Raging Bolt|Thunderclap|p2a: Zamazenta
|-damage|p2a: Zamazenta|41/100
|move|p2a: Zamazenta|Crunch|p1a: Raging Bolt
|-resisted|p1a: Raging Bolt
|-damage|p1a: Raging Bolt|0 fnt
|faint|p1a: Raging Bolt
|-end|p1a: Raging Bolt|Protosynthesis|[silent]
|-damage|p2a: Zamazenta|31/100|[from] item: Life Orb
|
|-heal|p2a: Zamazenta|37/100|[from] Grassy Terrain
|upkeep
|
|t:|1781361114
|switch|p1a: Pecharunt|Pecharunt|100/100
|turn|20
|
|t:|1781361117
|switch|p2a: Weezing|Weezing-Galar, F|100/100
|-ability|p2a: Weezing|Neutralizing Gas
|move|p1a: Pecharunt|Malignant Chain|p2a: Weezing
|-damage|p2a: Weezing|41/100
|
|-heal|p2a: Weezing|47/100|[from] Grassy Terrain
|upkeep
|turn|21
|
|t:|1781361122
|move|p1a: Pecharunt|Malignant Chain|p2a: Weezing
|-damage|p2a: Weezing|0 fnt
|faint|p2a: Weezing
|-end|p2a: Weezing|ability: Neutralizing Gas
|
|-fieldend|move: Grassy Terrain
|upkeep
|
|t:|1781361124
|switch|p2a: Walking Wake|Walking Wake|14/100
|turn|22
|
|t:|1781361129
|switch|p1a: Kingambit|Kingambit, M|100/100
|-activate|p1a: Kingambit|ability: Supreme Overlord
|-start|p1a: Kingambit|fallen4|[silent]
|move|p2a: Walking Wake|Scald|p1a: Kingambit
|-damage|p1a: Kingambit|57/100
|
|-heal|p1a: Kingambit|64/100|[from] item: Leftovers
|upkeep
|turn|23
|
|t:|1781361135
|-end|p2a: Walking Wake|Protosynthesis|[silent]
|switch|p2a: Zamazenta|Zamazenta, tera:Dark|37/100
|move|p1a: Kingambit|Kowtow Cleave|p2a: Zamazenta
|-resisted|p2a: Zamazenta
|-damage|p2a: Zamazenta|2/100
|
|-heal|p1a: Kingambit|70/100|[from] item: Leftovers
|upkeep
|turn|24
|-message|biryanilover forfeited.
|
|win|Xoli
|raw|Xoli's rating: 1656 &rarr; <strong>1674</strong><br />(+18 for winning)
|raw|biryanilover's rating: 1625 &rarr; <strong>1607</strong><br />(-18 for losing)
|l|☆biryanilover
|player|p2|
|l|☆Xoli
|player|p1|
