|badge|p1|bronze|gen9ou|100-9
|uhtml|medal-msg|<div class="broadcast-blue">Curious what those medals under the avatar are? PS now has Ladder Seasons! For more information, check out the <a href="https://www.smogon.com/forums/threads/3740067/">thread on Smogon.</a></div>
|j|☆rblt ryo
|j|☆pingoraxx
|t:|1780900511
|gametype|singles
|player|p1|rblt ryo|grimsley-gen7|1745
|player|p2|pingoraxx|ethan|1631
|gen|9
|tier|[Gen 9] OU
|rated|
|rule|HP Percentage Mod: HP is shown in percentages
|rule|Endless Battle Clause: Forcing endless battles is banned
|rule|Species Clause: Limit one of each Pokémon
|rule|OHKO Clause: OHKO moves are banned
|rule|Evasion Items Clause: Evasion items are banned
|rule|Evasion Moves Clause: Evasion moves are banned
|rule|Evasion Abilities Clause: Evasion abilities are banned
|rule|Sleep Moves Clause: Sleep-inducing moves are banned
|clearpoke
|poke|p1|Great Tusk|
|poke|p1|Pecharunt|
|poke|p1|Cinderace, F|
|poke|p1|Alomomola, M|
|poke|p1|Weavile, M|
|poke|p1|Indeedee, M|
|poke|p2|Ceruledge, M|
|poke|p2|Meowscarada, M|
|poke|p2|Greninja-*, M|
|poke|p2|Great Tusk|
|poke|p2|Galvantula, M|
|poke|p2|Landorus-Therian, M|
|teampreview
|j| oatmealrazen
|
|t:|1780900521
|teamsize|p1|6
|teamsize|p2|6
|start
|switch|p1a: Pecharunt|Pecharunt|100/100
|switch|p2a: Landorus|Landorus-Therian, M|100/100
|-ability|p2a: Landorus|Intimidate|boost
|-unboost|p1a: Pecharunt|atk|1
|turn|1
|
|t:|1780900529
|move|p2a: Landorus|Earthquake|p1a: Pecharunt
|-supereffective|p1a: Pecharunt
|-damage|p1a: Pecharunt|45/100
|move|p1a: Pecharunt|Recover|p1a: Pecharunt
|-heal|p1a: Pecharunt|95/100
|
|upkeep
|turn|2
|
|t:|1780900537
|switch|p2a: Galvantula|Galvantula, M|100/100
|switch|p1a: Alomomola|Alomomola, M, shiny|100/100
|
|upkeep
|turn|3
|
|t:|1780900543
|move|p2a: Galvantula|Giga Drain|p1a: Alomomola
|-supereffective|p1a: Alomomola
|-damage|p1a: Alomomola|78/100
|move|p1a: Alomomola|Mirror Coat|p2a: Galvantula
|-damage|p2a: Galvantula|24/100
|
|upkeep
|turn|4
|
|t:|1780900561
|move|p2a: Galvantula|Sticky Web|p1a: Alomomola
|-sidestart|p1: rblt ryo|move: Sticky Web
|move|p1a: Alomomola|Ice Beam|p2a: Galvantula
|-damage|p2a: Galvantula|5/100
|-status|p2a: Galvantula|frz
|
|upkeep
|turn|5
|
|t:|1780900568
|-curestatus|p2a: Galvantula|frz|[msg]
|move|p2a: Galvantula|Discharge|p1a: Alomomola
|-supereffective|p1a: Alomomola
|-damage|p1a: Alomomola|40/100
|move|p1a: Alomomola|Ice Beam|p2a: Galvantula
|-damage|p2a: Galvantula|0 fnt
|faint|p2a: Galvantula
|
|upkeep
|
|t:|1780900578
|switch|p2a: Greninja|Greninja, M|100/100
|turn|6
|
|t:|1780900604
|move|p2a: Greninja|Dark Pulse|p1a: Alomomola
|-damage|p1a: Alomomola|18/100
|move|p1a: Alomomola|Flip Turn|p2a: Greninja
|-resisted|p2a: Greninja
|-damage|p2a: Greninja|88/100
|
|t:|1780900612
|switch|p1a: Weavile|Weavile, M|100/100|[from] Flip Turn
|-activate|p1a: Weavile|move: Sticky Web
|-unboost|p1a: Weavile|spe|1
|
|upkeep
|turn|7
|
|t:|1780900622
|move|p2a: Greninja|Surf|p1a: Weavile
|-damage|p1a: Weavile|29/100
|move|p1a: Weavile|Low Kick|p2a: Greninja
|-supereffective|p2a: Greninja
|-damage|p2a: Greninja|0 fnt
|faint|p2a: Greninja
|
|upkeep
|
|t:|1780900632
|switch|p2a: Great Tusk|Great Tusk|100/100
|turn|8
|
|t:|1780900651
|switch|p1a: Indeedee|Indeedee, M|100/100
|-activate|p1a: Indeedee|move: Sticky Web
|-unboost|p1a: Indeedee|spe|1
|-fieldstart|move: Psychic Terrain|[from] ability: Psychic Surge|[of] p1a: Indeedee
|move|p2a: Great Tusk|Earthquake|p1a: Indeedee
|-damage|p1a: Indeedee|0 fnt
|faint|p1a: Indeedee
|
|upkeep
|
|t:|1780900657
|switch|p1a: Great Tusk|Great Tusk|100/100
|-activate|p1a: Great Tusk|move: Sticky Web
|-unboost|p1a: Great Tusk|spe|1
|turn|9
|
|t:|1780900669
|move|p2a: Great Tusk|Ice Spinner|p1a: Great Tusk
|-supereffective|p1a: Great Tusk
|-damage|p1a: Great Tusk|62/100
|-fieldend|move: Psychic Terrain
|move|p1a: Great Tusk|Stealth Rock|p2a: Great Tusk
|-sidestart|p2: pingoraxx|move: Stealth Rock
|
|-heal|p1a: Great Tusk|68/100|[from] item: Leftovers
|upkeep
|turn|10
|
|t:|1780900677
|move|p2a: Great Tusk|Rapid Spin|p1a: Great Tusk
|-damage|p1a: Great Tusk|54/100
|-boost|p2a: Great Tusk|spe|1
|-sideend|p2: pingoraxx|Stealth Rock|[from] move: Rapid Spin|[of] p2a: Great Tusk
|move|p1a: Great Tusk|Rapid Spin|p2a: Great Tusk
|-damage|p2a: Great Tusk|88/100
|-boost|p1a: Great Tusk|spe|1
|-sideend|p1: rblt ryo|Sticky Web|[from] move: Rapid Spin|[of] p1a: Great Tusk
|
|-heal|p1a: Great Tusk|60/100|[from] item: Leftovers
|upkeep
|turn|11
|
|t:|1780900691
|move|p2a: Great Tusk|Earthquake|p1a: Great Tusk
|-damage|p1a: Great Tusk|25/100
|move|p1a: Great Tusk|Headlong Rush|p2a: Great Tusk
|-damage|p2a: Great Tusk|42/100
|-unboost|p1a: Great Tusk|def|1
|-unboost|p1a: Great Tusk|spd|1
|
|-heal|p1a: Great Tusk|31/100|[from] item: Leftovers
|upkeep
|turn|12
|
|t:|1780900701
|move|p2a: Great Tusk|Earthquake|p1a: Great Tusk
|-damage|p1a: Great Tusk|0 fnt
|faint|p1a: Great Tusk
|-end|p1a: Great Tusk|Protosynthesis|[silent]
|
|upkeep
|
|t:|1780900704
|switch|p1a: Weavile|Weavile, M|29/100
|turn|13
|
|t:|1780900710
|move|p1a: Weavile|Ice Shard|p2a: Great Tusk
|-supereffective|p2a: Great Tusk
|-damage|p2a: Great Tusk|0 fnt
|faint|p2a: Great Tusk
|-end|p2a: Great Tusk|Protosynthesis|[silent]
|
|upkeep
|
|t:|1780900716
|switch|p2a: Ceruledge|Ceruledge, M|100/100
|turn|14
|
|t:|1780900724
|switch|p1a: Alomomola|Alomomola, M, shiny|51/100
|move|p2a: Ceruledge|Bitter Blade|p1a: Alomomola
|-resisted|p1a: Alomomola
|-damage|p1a: Alomomola|34/100
|
|upkeep
|turn|15
|
|t:|1780900731
|move|p1a: Alomomola|Aqua Jet|p2a: Ceruledge
|-supereffective|p2a: Ceruledge
|-damage|p2a: Ceruledge|68/100
|-ability|p2a: Ceruledge|Weak Armor|boost
|-unboost|p2a: Ceruledge|def|1
|-boost|p2a: Ceruledge|spe|2
|-enditem|p2a: Ceruledge|Weakness Policy
|-boost|p2a: Ceruledge|atk|2|[from] item: Weakness Policy
|-boost|p2a: Ceruledge|spa|2|[from] item: Weakness Policy
|move|p2a: Ceruledge|Poltergeist|p1a: Alomomola
|-activate|p1a: Alomomola|move: Poltergeist|Assault Vest
|-damage|p1a: Alomomola|0 fnt
|faint|p1a: Alomomola
|
|upkeep
|
|t:|1780900737
|switch|p1a: Pecharunt|Pecharunt|95/100
|turn|16
|
|t:|1780900746
|-terastallize|p1a: Pecharunt|Dark
|move|p2a: Ceruledge|Poltergeist|p1a: Pecharunt
|-activate|p1a: Pecharunt|move: Poltergeist|Heavy-Duty Boots
|-resisted|p1a: Pecharunt
|-damage|p1a: Pecharunt|67/100
|move|p1a: Pecharunt|Foul Play|p2a: Ceruledge
|-supereffective|p2a: Ceruledge
|-damage|p2a: Ceruledge|0 fnt
|faint|p2a: Ceruledge
|
|upkeep
|
|t:|1780900758
|switch|p2a: Landorus|Landorus-Therian, M|100/100
|-ability|p2a: Landorus|Intimidate|boost
|-unboost|p1a: Pecharunt|atk|1
|turn|17
|
|t:|1780900762
|move|p2a: Landorus|U-turn|p1a: Pecharunt
|-supereffective|p1a: Pecharunt
|-damage|p1a: Pecharunt|40/100
|
|t:|1780900765
|switch|p2a: Miascarade|Meowscarada, M|100/100|[from] U-turn
|move|p1a: Pecharunt|Recover|p1a: Pecharunt
|-heal|p1a: Pecharunt|90/100
|
|upkeep
|turn|18
|
|t:|1780900774
|-terastallize|p2a: Miascarade|Grass
|move|p2a: Miascarade|Flower Trick|p1a: Pecharunt
|-crit|p1a: Pecharunt
|-damage|p1a: Pecharunt|43/100
|move|p1a: Pecharunt|Malignant Chain|p2a: Miascarade
|-supereffective|p2a: Miascarade
|-damage|p2a: Miascarade|0 fnt
|faint|p2a: Miascarade
|
|upkeep
|
|t:|1780900785
|switch|p2a: Landorus|Landorus-Therian, M|100/100
|-ability|p2a: Landorus|Intimidate|boost
|-unboost|p1a: Pecharunt|atk|1
|turn|19
|
|t:|1780900798
|move|p2a: Landorus|Earthquake|p1a: Pecharunt
|-damage|p1a: Pecharunt|18/100
|move|p1a: Pecharunt|Recover|p1a: Pecharunt
|-heal|p1a: Pecharunt|68/100
|
|upkeep
|turn|20
|-message|pingoraxx forfeited.
|
|win|rblt ryo
|raw|rblt ryo's rating: 1745 &rarr; <strong>1759</strong><br />(+14 for winning)
|raw|pingoraxx's rating: 1631 &rarr; <strong>1617</strong><br />(-14 for losing)
|l|☆pingoraxx
|player|p2|
