|j|‽LT_Alt1
|j|☆GreninjaMyFav
|t:|1781156194
|gametype|singles
|player|p1|LT_Alt1|266|1634
|player|p2|GreninjaMyFav|skyla|1703
|gen|9
|tier|[Gen 9] OU
|rated|
|rule|HP Percentage Mod: HP is shown in percentages
|rule|Endless Battle Clause: Forcing endless battles is banned
|rule|Species Clause: Limit one of each Pokémon
|rule|OHKO Clause: OHKO moves are banned
|rule|Evasion Items Clause: Evasion items are banned
|rule|Evasion Moves Clause: Evasion moves are banned
|rule|Evasion Abilities Clause: Evasion abilities are banned
|rule|Sleep Moves Clause: Sleep-inducing moves are banned
|clearpoke
|poke|p1|Kyurem|
|poke|p1|Raging Bolt|
|poke|p1|Hatterene, F|
|poke|p1|Slowking-Galar, M|
|poke|p1|Ting-Lu|
|poke|p1|Corviknight, F|
|poke|p2|Greninja-*, M|
|poke|p2|Raging Bolt|
|poke|p2|Kingambit, M|
|poke|p2|Great Tusk|
|poke|p2|Slowking-Galar, M|
|poke|p2|Corviknight, M|
|teampreview
|inactive|Battle timer is ON: inactive players will automatically lose when time's up. (requested by GreninjaMyFav)
|
|t:|1781156206
|teamsize|p1|6
|teamsize|p2|6
|start
|switch|p1a: Raging Bolt|Raging Bolt|100/100
|switch|p2a: Greninja|Greninja, M|100/100
|turn|1
|
|t:|1781156211
|switch|p2a: Slowking|Slowking-Galar, M|100/100
|move|p1a: Raging Bolt|Volt Switch|p2a: Slowking
|-damage|p2a: Slowking|76/100
|
|t:|1781156215
|-end|p1a: Raging Bolt|Protosynthesis|[silent]
|switch|p1a: Ting-Lu|Ting-Lu|100/100|[from] Volt Switch
|-ability|p1a: Ting-Lu|Vessel of Ruin
|
|upkeep
|turn|2
|
|t:|1781156223
|move|p1a: Ting-Lu|Stealth Rock|p2a: Slowking
|-sidestart|p2: GreninjaMyFav|move: Stealth Rock
|-prepare|p2a: Slowking|Chilly Reception|[premajor]
|move|p2a: Slowking|Chilly Reception|p2a: Slowking
|-weather|Snowscape
|
|t:|1781156225
|switch|p2a: Greninja|Greninja, M|100/100|[from] Chilly Reception
|-damage|p2a: Greninja|88/100|[from] Stealth Rock
|
|-weather|Snowscape|[upkeep]
|upkeep
|turn|3
|
|t:|1781156231
|switch|p1a: Slowking|Slowking-Galar, M|100/100
|move|p2a: Greninja|Ice Beam|p1a: Slowking
|-start|p2a: Greninja|typechange|Ice|[from] ability: Protean
|-damage|p1a: Slowking|60/100
|
|-weather|Snowscape|[upkeep]
|upkeep
|turn|4
|
|t:|1781156238
|move|p2a: Greninja|Ice Beam|p1a: Slowking
|-damage|p1a: Slowking|23/100
|move|p1a: Slowking|Flamethrower|p2a: Greninja
|-supereffective|p2a: Greninja
|-damage|p2a: Greninja|13/100
|-status|p2a: Greninja|brn
|
|-weather|Snowscape|[upkeep]
|-damage|p2a: Greninja|7/100 brn|[from] brn
|upkeep
|turn|5
|
|t:|1781156256
|switch|p1a: Hatterene|Hatterene, F|100/100
|move|p2a: Greninja|Ice Beam|p1a: Hatterene
|-damage|p1a: Hatterene|47/100
|
|-weather|Snowscape|[upkeep]
|-heal|p1a: Hatterene|53/100|[from] item: Leftovers
|-damage|p2a: Greninja|1/100 brn|[from] brn
|upkeep
|turn|6
|
|t:|1781156263
|switch|p1a: Slowking|Slowking-Galar, M|56/100
|move|p2a: Greninja|Ice Beam|p1a: Slowking
|-damage|p1a: Slowking|16/100
|
|-weather|none
|-damage|p2a: Greninja|0 fnt|[from] brn
|faint|p2a: Greninja
|upkeep
|
|t:|1781156268
|switch|p2a: Raging Bolt|Raging Bolt|100/100
|-damage|p2a: Raging Bolt|88/100|[from] Stealth Rock
|turn|7
|
|t:|1781156279
|switch|p1a: Hatterene|Hatterene, F|53/100
|move|p2a: Raging Bolt|Draco Meteor|p1a: Hatterene
|-immune|p1a: Hatterene
|
|-heal|p1a: Hatterene|59/100|[from] item: Leftovers
|upkeep
|turn|8
|-message|GreninjaMyFav forfeited.
|
|win|LT_Alt1
|raw|LT_Alt1's rating: 1634 &rarr; <strong>1658</strong><br />(+24 for winning)
|raw|GreninjaMyFav's rating: 1703 &rarr; <strong>1679</strong><br />(-24 for losing)
|l|☆GreninjaMyFav
|player|p2|
