|badge|p1|silver|gen9ou|30-9
|uhtml|medal-msg|<div class="broadcast-blue">Curious what those medals under the avatar are? PS now has Ladder Seasons! For more information, check out the <a href="https://www.smogon.com/forums/threads/3740067/">thread on Smogon.</a></div>
|j|‽elsadm27
|j|☆Jonuz
|t:|1781342919
|gametype|singles
|player|p1|elsadm27|leaf-masters2|1834
|player|p2|Jonuz|170|1746
|gen|9
|tier|[Gen 9] OU
|rated|
|rule|HP Percentage Mod: HP is shown in percentages
|rule|Endless Battle Clause: Forcing endless battles is banned
|rule|Species Clause: Limit one of each Pokémon
|rule|OHKO Clause: OHKO moves are banned
|rule|Evasion Items Clause: Evasion items are banned
|rule|Evasion Moves Clause: Evasion moves are banned
|rule|Evasion Abilities Clause: Evasion abilities are banned
|rule|Sleep Moves Clause: Sleep-inducing moves are banned
|clearpoke
|poke|p1|Clefable, F|
|poke|p1|Dragonite, M|
|poke|p1|Gholdengo|
|poke|p1|Gliscor, F|
|poke|p1|Ting-Lu|
|poke|p1|Zamazenta-*|
|poke|p2|Gholdengo|
|poke|p2|Darkrai|
|poke|p2|Clefable, F|
|poke|p2|Ting-Lu|
|poke|p2|Dragonite, F|
|poke|p2|Pecharunt|
|teampreview
|
|t:|1781342929
|teamsize|p1|6
|teamsize|p2|6
|start
|switch|p1a: Ting-Lu|Ting-Lu|100/100
|switch|p2a: Ting-Lu|Ting-Lu|100/100
|-ability|p1a: Ting-Lu|Vessel of Ruin
|-ability|p2a: Ting-Lu|Vessel of Ruin
|turn|1
|
|t:|1781342934
|move|p1a: Ting-Lu|Ruination|p2a: Ting-Lu
|-damage|p2a: Ting-Lu|50/100
|-enditem|p2a: Ting-Lu|Red Card|[of] p1a: Ting-Lu
|drag|p1a: Gholdengo|Gholdengo|100/100
|move|p2a: Ting-Lu|Stealth Rock|p1a: Gholdengo
|-sidestart|p1: elsadm27|move: Stealth Rock
|
|upkeep
|turn|2
|
|t:|1781342939
|switch|p1a: Gliscor|Gliscor, F|100/100
|-damage|p1a: Gliscor|88/100|[from] Stealth Rock
|move|p2a: Ting-Lu|Spikes|p1a: Gliscor
|-sidestart|p1: elsadm27|Spikes
|
|-status|p1a: Gliscor|tox|[from] item: Toxic Orb
|upkeep
|turn|3
|j| sacron10
|
|t:|1781342943
|switch|p1a: Ting-Lu|Ting-Lu|100/100
|-damage|p1a: Ting-Lu|94/100|[from] Stealth Rock
|-damage|p1a: Ting-Lu|82/100|[from] Spikes
|-ability|p1a: Ting-Lu|Vessel of Ruin
|move|p2a: Ting-Lu|Ruination|p1a: Ting-Lu
|-damage|p1a: Ting-Lu|41/100
|
|upkeep
|turn|4
|
|t:|1781342952
|move|p1a: Ting-Lu|Spikes|p2a: Ting-Lu
|-sidestart|p2: Jonuz|Spikes
|move|p2a: Ting-Lu|Spikes|p1a: Ting-Lu
|-sidestart|p1: elsadm27|Spikes
|
|upkeep
|turn|5
|
|t:|1781342955
|move|p1a: Ting-Lu|Spikes|p2a: Ting-Lu
|-sidestart|p2: Jonuz|Spikes
|move|p2a: Ting-Lu|Spikes|p1a: Ting-Lu
|-sidestart|p1: elsadm27|Spikes
|
|upkeep
|turn|6
|
|t:|1781342957
|move|p1a: Ting-Lu|Spikes|p2a: Ting-Lu
|-sidestart|p2: Jonuz|Spikes
|move|p2a: Ting-Lu|Earthquake|p1a: Ting-Lu
|-damage|p1a: Ting-Lu|22/100
|
|upkeep
|turn|7
|-enditem|p1a: Ting-Lu|Custap Berry|[eat]
|-activate|p1a: Ting-Lu|item: Custap Berry|[consumed]
|
|t:|1781342961
|move|p1a: Ting-Lu|Earthquake|p2a: Ting-Lu
|-damage|p2a: Ting-Lu|33/100
|move|p2a: Ting-Lu|Earthquake|p1a: Ting-Lu
|-damage|p1a: Ting-Lu|0 fnt
|faint|p1a: Ting-Lu
|
|upkeep
|
|t:|1781342965
|switch|p1a: Clefable|Clefable, F|100/100
|turn|8
|
|t:|1781342968
|move|p1a: Clefable|Stealth Rock|p2a: Ting-Lu
|-sidestart|p2: Jonuz|move: Stealth Rock
|move|p2a: Ting-Lu|Ruination|p1a: Clefable
|-damage|p1a: Clefable|50/100
|
|upkeep
|turn|9
|
|t:|1781342972
|move|p1a: Clefable|Moonlight|p1a: Clefable
|-heal|p1a: Clefable|100/100
|move|p2a: Ting-Lu|Ruination|p1a: Clefable|[miss]
|-miss|p2a: Ting-Lu|p1a: Clefable
|
|upkeep
|turn|10
|
|t:|1781342975
|move|p1a: Clefable|Moonblast|p2a: Ting-Lu
|-supereffective|p2a: Ting-Lu
|-damage|p2a: Ting-Lu|3/100
|move|p2a: Ting-Lu|Ruination|p1a: Clefable
|-damage|p1a: Clefable|50/100
|
|upkeep
|turn|11
|
|t:|1781342978
|move|p1a: Clefable|Moonlight|p1a: Clefable
|-heal|p1a: Clefable|100/100
|move|p2a: Ting-Lu|Ruination|p1a: Clefable
|-damage|p1a: Clefable|50/100
|
|upkeep
|turn|12
|
|t:|1781342981
|move|p1a: Clefable|Moonlight|p1a: Clefable
|-heal|p1a: Clefable|100/100
|move|p2a: Ting-Lu|Ruination|p1a: Clefable
|-damage|p1a: Clefable|50/100
|
|upkeep
|turn|13
|
|t:|1781342983
|move|p1a: Clefable|Moonlight|p1a: Clefable
|-heal|p1a: Clefable|100/100
|move|p2a: Ting-Lu|Ruination|p1a: Clefable
|-damage|p1a: Clefable|50/100
|
|upkeep
|turn|14
|j| ebizi
|
|t:|1781342985
|move|p1a: Clefable|Moonlight|p1a: Clefable
|-heal|p1a: Clefable|100/100
|move|p2a: Ting-Lu|Ruination|p1a: Clefable
|-damage|p1a: Clefable|50/100
|
|upkeep
|turn|15
|
|t:|1781342988
|move|p1a: Clefable|Moonblast|p2a: Ting-Lu
|-supereffective|p2a: Ting-Lu
|-damage|p2a: Ting-Lu|0 fnt
|faint|p2a: Ting-Lu
|
|upkeep
|
|t:|1781342993
|switch|p2a: Gholdengo|Gholdengo|100/100
|-damage|p2a: Gholdengo|76/100|[from] Spikes
|-damage|p2a: Gholdengo|70/100|[from] Stealth Rock
|turn|16
|
|t:|1781342999
|switch|p1a: Dragonite|Dragonite, M|100/100
|move|p2a: Gholdengo|Make It Rain|p1a: Dragonite
|-damage|p1a: Dragonite|71/100
|-unboost|p2a: Gholdengo|spa|1
|
|upkeep
|turn|17
|
|t:|1781343008
|switch|p2a: Pecharunt|Pecharunt|100/100
|move|p1a: Dragonite|Roost|p1a: Dragonite
|-heal|p1a: Dragonite|100/100
|-singleturn|p1a: Dragonite|move: Roost
|
|upkeep
|turn|18
|
|t:|1781343013
|switch|p1a: Gholdengo|Gholdengo|100/100
|-damage|p1a: Gholdengo|94/100|[from] Stealth Rock
|-damage|p1a: Gholdengo|70/100|[from] Spikes
|move|p2a: Pecharunt|Foul Play|p1a: Gholdengo
|-supereffective|p1a: Gholdengo
|-damage|p1a: Gholdengo|52/100
|
|upkeep
|turn|19
|
|t:|1781343022
|switch|p2a: Darkrai|Darkrai|100/100
|-damage|p2a: Darkrai|76/100|[from] Spikes
|-damage|p2a: Darkrai|63/100|[from] Stealth Rock
|move|p1a: Gholdengo|Recover|p1a: Gholdengo
|-heal|p1a: Gholdengo|100/100
|
|upkeep
|turn|20
|
|t:|1781343031
|switch|p1a: Clefable|Clefable, F|50/100
|move|p2a: Darkrai|Dark Pulse|p1a: Clefable
|-resisted|p1a: Clefable
|-damage|p1a: Clefable|22/100
|
|upkeep
|turn|21
|
|t:|1781343036
|switch|p1a: Zamazenta|Zamazenta|100/100
|-ability|p1a: Zamazenta|Dauntless Shield|boost
|-boost|p1a: Zamazenta|def|1
|move|p2a: Darkrai|Dark Pulse|p1a: Zamazenta
|-resisted|p1a: Zamazenta
|-damage|p1a: Zamazenta|73/100
|
|upkeep
|turn|22
|
|t:|1781343044
|switch|p2a: Pecharunt|Pecharunt|100/100
|move|p1a: Zamazenta|Crunch|p2a: Pecharunt
|-supereffective|p2a: Pecharunt
|-damage|p2a: Pecharunt|74/100
|
|upkeep
|turn|23
|
|t:|1781343052
|switch|p1a: Gliscor|Gliscor, F|88/100 tox
|-damage|p1a: Gliscor|75/100 tox|[from] Stealth Rock
|move|p2a: Pecharunt|Recover|p2a: Pecharunt
|-heal|p2a: Pecharunt|100/100
|
|-heal|p1a: Gliscor|88/100 tox|[from] ability: Poison Heal
|upkeep
|turn|24
|
|t:|1781343056
|move|p1a: Gliscor|Swords Dance|p1a: Gliscor
|-boost|p1a: Gliscor|atk|2
|move|p2a: Pecharunt|Parting Shot|p1a: Gliscor
|-unboost|p1a: Gliscor|atk|1
|-unboost|p1a: Gliscor|spa|1
|
|t:|1781343059
|switch|p2a: Darkrai|Darkrai|63/100|[from] Parting Shot
|-damage|p2a: Darkrai|38/100|[from] Spikes
|-damage|p2a: Darkrai|26/100|[from] Stealth Rock
|
|-heal|p1a: Gliscor|100/100 tox|[from] ability: Poison Heal
|upkeep
|turn|25
|
|t:|1781343063
|move|p1a: Gliscor|Protect|p1a: Gliscor
|-singleturn|p1a: Gliscor|Protect
|move|p2a: Darkrai|Ice Beam|p1a: Gliscor
|-activate|p1a: Gliscor|move: Protect
|
|upkeep
|turn|26
|
|t:|1781343068
|switch|p1a: Gholdengo|Gholdengo|100/100
|-damage|p1a: Gholdengo|94/100|[from] Stealth Rock
|-damage|p1a: Gholdengo|70/100|[from] Spikes
|move|p2a: Darkrai|Ice Beam|p1a: Gholdengo
|-resisted|p1a: Gholdengo
|-damage|p1a: Gholdengo|44/100
|
|upkeep
|turn|27
|j| kanaete onegai
|
|t:|1781343075
|move|p2a: Darkrai|Ice Beam|p1a: Gholdengo
|-resisted|p1a: Gholdengo
|-damage|p1a: Gholdengo|20/100
|move|p1a: Gholdengo|Recover|p1a: Gholdengo
|-heal|p1a: Gholdengo|70/100
|
|upkeep
|turn|28
|
|t:|1781343078
|move|p2a: Darkrai|Ice Beam|p1a: Gholdengo
|-resisted|p1a: Gholdengo
|-damage|p1a: Gholdengo|45/100
|move|p1a: Gholdengo|Recover|p1a: Gholdengo
|-heal|p1a: Gholdengo|95/100
|
|upkeep
|turn|29
|
|t:|1781343080
|move|p2a: Darkrai|Ice Beam|p1a: Gholdengo
|-resisted|p1a: Gholdengo
|-damage|p1a: Gholdengo|72/100
|move|p1a: Gholdengo|Thunder Wave|p2a: Darkrai
|-status|p2a: Darkrai|par
|
|upkeep
|turn|30
|j| hattybatty304
|
|t:|1781343083
|move|p1a: Gholdengo|Recover|p1a: Gholdengo
|-heal|p1a: Gholdengo|100/100
|move|p2a: Darkrai|Ice Beam|p1a: Gholdengo
|-resisted|p1a: Gholdengo
|-damage|p1a: Gholdengo|75/100
|
|upkeep
|turn|31
|
|t:|1781343087
|move|p1a: Gholdengo|Hex|p2a: Darkrai
|-resisted|p2a: Darkrai
|-damage|p2a: Darkrai|0 fnt
|faint|p2a: Darkrai
|
|upkeep
|l| hattybatty304
|
|t:|1781343100
|switch|p2a: Gholdengo|Gholdengo|70/100
|-damage|p2a: Gholdengo|45/100|[from] Spikes
|-damage|p2a: Gholdengo|39/100|[from] Stealth Rock
|turn|32
|
|t:|1781343107
|switch|p1a: Dragonite|Dragonite, M|100/100
|move|p2a: Gholdengo|Shadow Ball|p1a: Dragonite
|-damage|p1a: Dragonite|81/100
|
|upkeep
|turn|33
|
|t:|1781343111
|move|p2a: Gholdengo|Shadow Ball|p1a: Dragonite
|-damage|p1a: Dragonite|42/100
|move|p1a: Dragonite|Roost|p1a: Dragonite
|-heal|p1a: Dragonite|92/100
|-singleturn|p1a: Dragonite|move: Roost
|
|upkeep
|turn|34
|
|t:|1781343114
|move|p2a: Gholdengo|Shadow Ball|p1a: Dragonite
|-damage|p1a: Dragonite|56/100
|move|p1a: Dragonite|Earthquake|p2a: Gholdengo
|-supereffective|p2a: Gholdengo
|-damage|p2a: Gholdengo|0 fnt
|faint|p2a: Gholdengo
|
|upkeep
|
|t:|1781343119
|switch|p2a: Clefable|Clefable, F|100/100
|turn|35
|
|t:|1781343123
|switch|p1a: Gholdengo|Gholdengo|75/100
|-damage|p1a: Gholdengo|69/100|[from] Stealth Rock
|-damage|p1a: Gholdengo|44/100|[from] Spikes
|move|p2a: Clefable|Calm Mind|p2a: Clefable
|-boost|p2a: Clefable|spa|1
|-boost|p2a: Clefable|spd|1
|
|upkeep
|turn|36
|
|t:|1781343127
|-terastallize|p2a: Clefable|Water
|move|p1a: Gholdengo|Thunder Wave|p2a: Clefable
|-status|p2a: Clefable|par
|move|p2a: Clefable|Calm Mind|p2a: Clefable
|-boost|p2a: Clefable|spa|1
|-boost|p2a: Clefable|spd|1
|
|upkeep
|turn|37
|
|t:|1781343133
|move|p1a: Gholdengo|Recover|p1a: Gholdengo
|-heal|p1a: Gholdengo|94/100
|move|p2a: Clefable|Calm Mind|p2a: Clefable
|-boost|p2a: Clefable|spa|1
|-boost|p2a: Clefable|spd|1
|
|upkeep
|turn|38
|
|t:|1781343136
|switch|p1a: Clefable|Clefable, F|22/100
|move|p2a: Clefable|Calm Mind|p2a: Clefable
|-boost|p2a: Clefable|spa|1
|-boost|p2a: Clefable|spd|1
|
|upkeep
|turn|39
|
|t:|1781343139
|move|p1a: Clefable|Encore|p2a: Clefable
|-start|p2a: Clefable|Encore
|move|p2a: Clefable|Calm Mind|p2a: Clefable
|-boost|p2a: Clefable|spa|1
|-boost|p2a: Clefable|spd|1
|
|upkeep
|turn|40
|-message|Jonuz forfeited.
|
|win|elsadm27
|raw|elsadm27's rating: 1834 &rarr; <strong>1849</strong><br />(+15 for winning)
|raw|Jonuz's rating: 1746 &rarr; <strong>1731</strong><br />(-15 for losing)
|l|☆Jonuz
|player|p2|
|l|‽elsadm27
|player|p1|
|l| ebizi
|l| sacron10
