|j|☆mr 2 sheist-clay
|j|☆extra-pseudo man
|t:|1781483678
|gametype|singles
|player|p1|mr 2 sheist-clay|eusine|1703
|player|p2|extra-pseudo man|alder|1703
|gen|9
|tier|[Gen 9] OU
|rated|
|rule|HP Percentage Mod: HP is shown in percentages
|rule|Endless Battle Clause: Forcing endless battles is banned
|rule|Species Clause: Limit one of each Pokémon
|rule|OHKO Clause: OHKO moves are banned
|rule|Evasion Items Clause: Evasion items are banned
|rule|Evasion Moves Clause: Evasion moves are banned
|rule|Evasion Abilities Clause: Evasion abilities are banned
|rule|Sleep Moves Clause: Sleep-inducing moves are banned
|clearpoke
|poke|p1|Ceruledge, F|
|poke|p1|Iron Valiant|
|poke|p1|Ting-Lu|
|poke|p1|Zapdos|
|poke|p1|Kyurem|
|poke|p1|Gholdengo|
|poke|p2|Dragonite, F|
|poke|p2|Dragapult, M|
|poke|p2|Tyranitar, F|
|poke|p2|Metagross|
|poke|p2|Goodra-Hisui, F|
|poke|p2|Garchomp, F|
|teampreview
|
|t:|1781483687
|teamsize|p1|6
|teamsize|p2|6
|start
|switch|p1a: RAWWWWWR|Kyurem|100/100
|switch|p2a: He pulten on it|Dragapult, M|100/100
|-ability|p1a: RAWWWWWR|Pressure
|turn|1
|
|t:|1781483692
|move|p1a: RAWWWWWR|Ice Beam|p2a: He pulten on it
|-supereffective|p2a: He pulten on it
|-damage|p2a: He pulten on it|0 fnt
|faint|p2a: He pulten on it
|
|upkeep
|j| nulato
|
|t:|1781483695
|switch|p2a: Tyranocif|Tyranitar, F|100/100
|-weather|Sandstorm|[from] ability: Sand Stream|[of] p2a: Tyranocif
|turn|2
|
|t:|1781483702
|switch|p1a: Figarland Garling|Iron Valiant|100/100
|move|p2a: Tyranocif|Stealth Rock|p1a: Figarland Garling
|-sidestart|p1: mr 2 sheist-clay|move: Stealth Rock
|
|-weather|Sandstorm|[upkeep]
|-damage|p1a: Figarland Garling|94/100|[from] Sandstorm
|upkeep
|turn|3
|
|t:|1781483705
|switch|p2a: kaboom|Metagross|100/100
|move|p1a: Figarland Garling|Moonblast|p2a: kaboom
|-resisted|p2a: kaboom
|-damage|p2a: kaboom|61/100
|
|-weather|Sandstorm|[upkeep]
|-damage|p1a: Figarland Garling|88/100|[from] Sandstorm
|upkeep
|turn|4
|
|t:|1781483707
|-end|p1a: Figarland Garling|Quark Drive|[silent]
|switch|p1a: KWAHHHHH|Zapdos|100/100
|move|p2a: kaboom|Bullet Punch|p1a: KWAHHHHH
|-resisted|p1a: KWAHHHHH
|-damage|p1a: KWAHHHHH|89/100
|-status|p2a: kaboom|par|[from] ability: Static|[of] p1a: KWAHHHHH
|
|-weather|Sandstorm|[upkeep]
|-damage|p1a: KWAHHHHH|82/100|[from] Sandstorm
|upkeep
|turn|5
|
|t:|1781483713
|switch|p2a: Marill me|Garchomp, F|100/100
|move|p1a: KWAHHHHH|Volt Switch|p2a: Marill me
|-immune|p2a: Marill me
|
|-weather|Sandstorm|[upkeep]
|-damage|p1a: KWAHHHHH|76/100|[from] Sandstorm
|upkeep
|turn|6
|
|t:|1781483720
|switch|p1a: Linguini|Gholdengo|100/100
|-damage|p1a: Linguini|94/100|[from] Stealth Rock
|-item|p1a: Linguini|Air Balloon
|move|p2a: Marill me|Spikes|p1a: Linguini
|-sidestart|p1: mr 2 sheist-clay|Spikes
|
|-weather|none
|upkeep
|turn|7
|
|t:|1781483727
|move|p2a: Marill me|Fire Fang|p1a: Linguini
|-supereffective|p1a: Linguini
|-damage|p1a: Linguini|62/100
|-enditem|p1a: Linguini|Air Balloon
|move|p1a: Linguini|Nasty Plot|p1a: Linguini
|-boost|p1a: Linguini|spa|2
|
|upkeep
|turn|8
|
|t:|1781483731
|-terastallize|p1a: Linguini|Flying
|move|p2a: Marill me|Earthquake|p1a: Linguini
|-immune|p1a: Linguini
|move|p1a: Linguini|Make It Rain|p2a: Marill me
|-damage|p2a: Marill me|0 fnt
|-unboost|p1a: Linguini|spa|1
|faint|p2a: Marill me
|
|upkeep
|
|t:|1781483747
|switch|p2a: The goot|Goodra-Hisui, F|100/100
|turn|9
|
|t:|1781483755
|move|p1a: Linguini|Recover|p1a: Linguini
|-heal|p1a: Linguini|100/100
|move|p2a: The goot|Ice Beam|p1a: Linguini
|-supereffective|p1a: Linguini
|-damage|p1a: Linguini|22/100
|
|upkeep
|turn|10
|
|t:|1781483758
|move|p1a: Linguini|Shadow Ball|p2a: The goot
|-damage|p2a: The goot|52/100
|move|p2a: The goot|Ice Beam|p1a: Linguini
|-supereffective|p1a: Linguini
|-damage|p1a: Linguini|0 fnt
|faint|p1a: Linguini
|
|upkeep
|
|t:|1781483772
|switch|p1a: 3 Day Old POOP|Ting-Lu|100/100
|-damage|p1a: 3 Day Old POOP|94/100|[from] Stealth Rock
|-damage|p1a: 3 Day Old POOP|82/100|[from] Spikes
|-ability|p1a: 3 Day Old POOP|Vessel of Ruin
|turn|11
|
|t:|1781483775
|move|p2a: The goot|Ice Beam|p1a: 3 Day Old POOP
|-supereffective|p1a: 3 Day Old POOP
|-damage|p1a: 3 Day Old POOP|44/100
|move|p1a: 3 Day Old POOP|Stealth Rock|p2a: The goot
|-sidestart|p2: extra-pseudo man|move: Stealth Rock
|
|-heal|p1a: 3 Day Old POOP|51/100|[from] item: Leftovers
|upkeep
|turn|12
|
|t:|1781483777
|move|p2a: The goot|Ice Beam|p1a: 3 Day Old POOP
|-supereffective|p1a: 3 Day Old POOP
|-damage|p1a: 3 Day Old POOP|15/100
|move|p1a: 3 Day Old POOP|Earthquake|p2a: The goot
|-supereffective|p2a: The goot
|-damage|p2a: The goot|0 fnt
|faint|p2a: The goot
|
|-heal|p1a: 3 Day Old POOP|21/100|[from] item: Leftovers
|upkeep
|
|t:|1781483790
|switch|p2a: kaboom|Metagross|61/100 par
|-damage|p2a: kaboom|55/100 par|[from] Stealth Rock
|turn|13
|
|t:|1781483794
|cant|p2a: kaboom|par
|move|p1a: 3 Day Old POOP|Earthquake|p2a: kaboom
|-supereffective|p2a: kaboom
|-damage|p2a: kaboom|0 fnt
|faint|p2a: kaboom
|
|-heal|p1a: 3 Day Old POOP|27/100|[from] item: Leftovers
|upkeep
|
|t:|1781483802
|switch|p2a: Chud|Dragonite, F|100/100
|turn|14
|
|t:|1781483804
|move|p2a: Chud|Encore|p1a: 3 Day Old POOP
|-start|p1a: 3 Day Old POOP|Encore
|move|p1a: 3 Day Old POOP|Earthquake|p2a: Chud
|-immune|p2a: Chud
|
|-heal|p1a: 3 Day Old POOP|33/100|[from] item: Leftovers
|upkeep
|turn|15
|
|t:|1781483808
|switch|p2a: Tyranocif|Tyranitar, F|100/100
|-damage|p2a: Tyranocif|88/100|[from] Stealth Rock
|-weather|Sandstorm|[from] ability: Sand Stream|[of] p2a: Tyranocif
|switch|p1a: KWAHHHHH|Zapdos|76/100
|
|-weather|Sandstorm|[upkeep]
|-damage|p1a: KWAHHHHH|70/100|[from] Sandstorm
|-heal|p2a: Tyranocif|94/100|[from] item: Leftovers
|upkeep
|turn|16
|
|t:|1781483811
|move|p1a: KWAHHHHH|Volt Switch|p2a: Tyranocif
|-damage|p2a: Tyranocif|83/100
|
|t:|1781483815
|switch|p1a: 3 Day Old POOP|Ting-Lu|33/100|[from] Volt Switch
|-damage|p1a: 3 Day Old POOP|27/100|[from] Stealth Rock
|-damage|p1a: 3 Day Old POOP|15/100|[from] Spikes
|-ability|p1a: 3 Day Old POOP|Vessel of Ruin
|move|p2a: Tyranocif|Knock Off|p1a: 3 Day Old POOP
|-resisted|p1a: 3 Day Old POOP
|-damage|p1a: 3 Day Old POOP|3/100
|-enditem|p1a: 3 Day Old POOP|Leftovers|[from] move: Knock Off|[of] p2a: Tyranocif
|
|-weather|Sandstorm|[upkeep]
|-heal|p2a: Tyranocif|89/100|[from] item: Leftovers
|upkeep
|turn|17
|
|t:|1781483820
|move|p1a: 3 Day Old POOP|Ruination|p2a: Tyranocif
|-damage|p2a: Tyranocif|45/100
|move|p2a: Tyranocif|Ice Beam|p1a: 3 Day Old POOP
|-supereffective|p1a: 3 Day Old POOP
|-damage|p1a: 3 Day Old POOP|0 fnt
|faint|p1a: 3 Day Old POOP
|
|-weather|Sandstorm|[upkeep]
|-heal|p2a: Tyranocif|51/100|[from] item: Leftovers
|upkeep
|
|t:|1781483824
|switch|p1a: Figarland Garling|Iron Valiant|88/100
|-damage|p1a: Figarland Garling|82/100|[from] Stealth Rock
|-damage|p1a: Figarland Garling|69/100|[from] Spikes
|turn|18
|
|t:|1781483827
|move|p1a: Figarland Garling|Moonblast|p2a: Tyranocif
|-supereffective|p2a: Tyranocif
|-damage|p2a: Tyranocif|0 fnt
|faint|p2a: Tyranocif
|
|-weather|Sandstorm|[upkeep]
|-damage|p1a: Figarland Garling|63/100|[from] Sandstorm
|upkeep
|
|t:|1781483829
|switch|p2a: Chud|Dragonite, F|100/100
|turn|19
|
|t:|1781483839
|-terastallize|p2a: Chud|Normal
|move|p1a: Figarland Garling|Moonblast|p2a: Chud
|-damage|p2a: Chud|66/100
|move|p2a: Chud|Dragon Dance|p2a: Chud
|-boost|p2a: Chud|atk|1
|-boost|p2a: Chud|spe|1
|
|-weather|none
|upkeep
|turn|20
|
|t:|1781483847
|-end|p1a: Figarland Garling|Quark Drive|[silent]
|switch|p1a: KWAHHHHH|Zapdos|70/100
|move|p2a: Chud|Extreme Speed|p1a: KWAHHHHH
|-damage|p1a: KWAHHHHH|22/100
|-status|p2a: Chud|par|[from] ability: Static|[of] p1a: KWAHHHHH
|
|upkeep
|turn|21
|
|t:|1781483854
|move|p2a: Chud|Extreme Speed|p1a: KWAHHHHH
|-damage|p1a: KWAHHHHH|0 fnt
|faint|p1a: KWAHHHHH
|
|upkeep
|
|t:|1781483859
|switch|p1a: Edward Scizorhands|Ceruledge, F|100/100
|turn|22
|
|t:|1781483861
|move|p1a: Edward Scizorhands|Bitter Blade|p2a: Chud
|-damage|p2a: Chud|9/100 par
|move|p2a: Chud|Earthquake|p1a: Edward Scizorhands
|-supereffective|p1a: Edward Scizorhands
|-damage|p1a: Edward Scizorhands|0 fnt
|faint|p1a: Edward Scizorhands
|
|upkeep
|
|t:|1781483868
|switch|p1a: Figarland Garling|Iron Valiant|63/100
|-damage|p1a: Figarland Garling|57/100|[from] Stealth Rock
|-damage|p1a: Figarland Garling|45/100|[from] Spikes
|turn|23
|
|t:|1781483870
|move|p2a: Chud|Extreme Speed|p1a: Figarland Garling
|-damage|p1a: Figarland Garling|0 fnt
|faint|p1a: Figarland Garling
|-end|p1a: Figarland Garling|Quark Drive|[silent]
|
|upkeep
|
|t:|1781483872
|switch|p1a: RAWWWWWR|Kyurem|100/100
|-damage|p1a: RAWWWWWR|76/100|[from] Stealth Rock
|-damage|p1a: RAWWWWWR|63/100|[from] Spikes
|-ability|p1a: RAWWWWWR|Pressure
|turn|24
|
|t:|1781483874
|move|p2a: Chud|Extreme Speed|p1a: RAWWWWWR
|-damage|p1a: RAWWWWWR|0 fnt
|faint|p1a: RAWWWWWR
|
|win|extra-pseudo man
|raw|mr 2 sheist-clay's rating: 1703 &rarr; <strong>1683</strong><br />(-20 for losing)
|raw|extra-pseudo man's rating: 1703 &rarr; <strong>1723</strong><br />(+20 for winning)
|l|☆mr 2 sheist-clay
|player|p1|
|c|☆extra-pseudo man|1000 years of drag
|l|☆extra-pseudo man
|player|p2|
|l| nulato
