|badge|p1|bronze|gen9ou|100-9
|uhtml|medal-msg|<div class="broadcast-blue">Curious what those medals under the avatar are? PS now has Ladder Seasons! For more information, check out the <a href="https://www.smogon.com/forums/threads/3740067/">thread on Smogon.</a></div>
|badge|p2|bronze|gen9ou|100-9
|uhtml|medal-msg|<div class="broadcast-blue">Curious what those medals under the avatar are? PS now has Ladder Seasons! For more information, check out the <a href="https://www.smogon.com/forums/threads/3740067/">thread on Smogon.</a></div>
|j|‽elsadm27
|j|☆BlackStar150520
|t:|1781408496
|gametype|singles
|player|p1|elsadm27|leaf-masters2|1761
|player|p2|BlackStar150520|unknown|1836
|gen|9
|tier|[Gen 9] OU
|rated|
|rule|HP Percentage Mod: HP is shown in percentages
|rule|Endless Battle Clause: Forcing endless battles is banned
|rule|Species Clause: Limit one of each Pokémon
|rule|OHKO Clause: OHKO moves are banned
|rule|Evasion Items Clause: Evasion items are banned
|rule|Evasion Moves Clause: Evasion moves are banned
|rule|Evasion Abilities Clause: Evasion abilities are banned
|rule|Sleep Moves Clause: Sleep-inducing moves are banned
|clearpoke
|poke|p1|Alomomola, M|
|poke|p1|Cinderace, M|
|poke|p1|Hoopa-Unbound|
|poke|p1|Iron Valiant|
|poke|p1|Landorus-Therian, M|
|poke|p1|Pecharunt|
|poke|p2|Raging Bolt|
|poke|p2|Kingambit, M|
|poke|p2|Iron Moth|
|poke|p2|Ogerpon-Wellspring, F|
|poke|p2|Scizor, F|
|poke|p2|Great Tusk|
|teampreview
|inactive|Battle timer is ON: inactive players will automatically lose when time's up. (requested by BlackStar150520)
|
|t:|1781408504
|teamsize|p1|6
|teamsize|p2|6
|start
|switch|p1a: Iron Valiant|Iron Valiant|100/100
|switch|p2a: Mega Donphan|Great Tusk|100/100
|turn|1
|
|t:|1781408509
|-end|p2a: Mega Donphan|Protosynthesis|[silent]
|switch|p2a: Red Lightning|Scizor, F|100/100
|move|p1a: Iron Valiant|Moonblast|p2a: Red Lightning
|-resisted|p2a: Red Lightning
|-damage|p2a: Red Lightning|56/100
|
|upkeep
|turn|2
|
|t:|1781408516
|-end|p1a: Iron Valiant|Quark Drive|[silent]
|switch|p1a: Landorus|Landorus-Therian, M|100/100
|-ability|p1a: Landorus|Intimidate|boost
|-unboost|p2a: Red Lightning|atk|1
|move|p2a: Red Lightning|U-turn|p1a: Landorus
|-resisted|p1a: Landorus
|-damage|p1a: Landorus|76/100
|
|t:|1781408523
|switch|p2a: 🎭|Ogerpon-Wellspring, F|100/100|[from] U-turn
|
|upkeep
|turn|3
|
|t:|1781408528
|move|p1a: Landorus|U-turn|p2a: 🎭
|-supereffective|p2a: 🎭
|-damage|p2a: 🎭|29/100
|
|t:|1781408530
|switch|p1a: Pecharunt|Pecharunt|100/100|[from] U-turn
|move|p2a: 🎭|Knock Off|p1a: Pecharunt
|-supereffective|p1a: Pecharunt
|-damage|p1a: Pecharunt|65/100
|-enditem|p1a: Pecharunt|Heavy-Duty Boots|[from] move: Knock Off|[of] p2a: 🎭
|
|upkeep
|turn|4
|
|t:|1781408545
|move|p2a: 🎭|Knock Off|p1a: Pecharunt
|-supereffective|p1a: Pecharunt
|-damage|p1a: Pecharunt|42/100
|move|p1a: Pecharunt|Parting Shot|p2a: 🎭
|-unboost|p2a: 🎭|atk|1
|-unboost|p2a: 🎭|spa|1
|
|t:|1781408548
|switch|p1a: Landorus|Landorus-Therian, M|76/100|[from] Parting Shot
|-ability|p1a: Landorus|Intimidate|boost
|-unboost|p2a: 🎭|atk|1
|
|upkeep
|turn|5
|
|t:|1781408554
|switch|p2a: Mega Donphan|Great Tusk|100/100
|move|p1a: Landorus|U-turn|p2a: Mega Donphan
|-resisted|p2a: Mega Donphan
|-damage|p2a: Mega Donphan|91/100
|
|t:|1781408558
|switch|p1a: Iron Valiant|Iron Valiant|100/100|[from] U-turn
|
|upkeep
|turn|6
|
|t:|1781408579
|-end|p2a: Mega Donphan|Protosynthesis|[silent]
|switch|p2a: Red Lightning|Scizor, F|56/100
|move|p1a: Iron Valiant|Moonblast|p2a: Red Lightning
|-resisted|p2a: Red Lightning
|-damage|p2a: Red Lightning|9/100
|
|upkeep
|turn|7
|
|t:|1781408586
|-end|p1a: Iron Valiant|Quark Drive|[silent]
|switch|p1a: Alomomola|Alomomola, M|100/100
|move|p2a: Red Lightning|Bullet Punch|p1a: Alomomola
|-resisted|p1a: Alomomola
|-damage|p1a: Alomomola|80/100
|
|upkeep
|turn|8
|
|t:|1781408593
|switch|p2a: ⚡️|Raging Bolt|100/100
|move|p1a: Alomomola|Body Slam|p2a: ⚡️
|-damage|p2a: ⚡️|86/100
|
|-heal|p2a: ⚡️|93/100|[from] item: Leftovers
|upkeep
|turn|9
|
|t:|1781408604
|move|p2a: ⚡️|Calm Mind|p2a: ⚡️
|-boost|p2a: ⚡️|spa|1
|-boost|p2a: ⚡️|spd|1
|move|p1a: Alomomola|Flip Turn|p2a: ⚡️
|-resisted|p2a: ⚡️
|-damage|p2a: ⚡️|85/100
|
|t:|1781408607
|switch|p1a: Iron Valiant|Iron Valiant|100/100|[from] Flip Turn
|
|-heal|p2a: ⚡️|91/100|[from] item: Leftovers
|upkeep
|turn|10
|
|t:|1781408619
|-end|p1a: Iron Valiant|Quark Drive|[silent]
|switch|p1a: Landorus|Landorus-Therian, M|76/100
|-ability|p1a: Landorus|Intimidate|boost
|-unboost|p2a: ⚡️|atk|1
|-end|p2a: ⚡️|Protosynthesis|[silent]
|switch|p2a: 🎭|Ogerpon-Wellspring, F|29/100
|
|upkeep
|turn|11
|
|t:|1781408630
|move|p1a: Landorus|U-turn|p2a: 🎭
|-supereffective|p2a: 🎭
|-damage|p2a: 🎭|0 fnt
|faint|p2a: 🎭
|
|t:|1781408634
|switch|p1a: Iron Valiant|Iron Valiant|100/100|[from] U-turn
|
|upkeep
|
|t:|1781408639
|switch|p2a: Red Lightning|Scizor, F|9/100
|turn|12
|
|t:|1781408643
|-end|p1a: Iron Valiant|Quark Drive|[silent]
|switch|p1a: Pecharunt|Pecharunt|42/100
|move|p2a: Red Lightning|U-turn|p1a: Pecharunt
|-resisted|p1a: Pecharunt
|-damage|p1a: Pecharunt|35/100
|
|t:|1781408648
|switch|p2a: Mega Donphan|Great Tusk|91/100|[from] U-turn
|
|upkeep
|turn|13
|
|t:|1781408654
|switch|p1a: Landorus|Landorus-Therian, M|76/100
|-ability|p1a: Landorus|Intimidate|boost
|-unboost|p2a: Mega Donphan|atk|1
|move|p2a: Mega Donphan|Stealth Rock|p1a: Landorus
|-sidestart|p1: elsadm27|move: Stealth Rock
|
|upkeep
|turn|14
|
|t:|1781408660
|move|p1a: Landorus|Grass Knot|p2a: Mega Donphan
|-supereffective|p2a: Mega Donphan
|-damage|p2a: Mega Donphan|0 fnt
|faint|p2a: Mega Donphan
|-end|p2a: Mega Donphan|Protosynthesis|[silent]
|
|upkeep
|
|t:|1781408667
|switch|p2a: ⚡️|Raging Bolt|91/100
|turn|15
|
|t:|1781408672
|switch|p1a: Alomomola|Alomomola, M|100/100
|-damage|p1a: Alomomola|88/100|[from] Stealth Rock
|move|p2a: ⚡️|Calm Mind|p2a: ⚡️
|-boost|p2a: ⚡️|spa|1
|-boost|p2a: ⚡️|spd|1
|
|-heal|p2a: ⚡️|97/100|[from] item: Leftovers
|upkeep
|turn|16
|
|t:|1781408675
|move|p2a: ⚡️|Calm Mind|p2a: ⚡️
|-boost|p2a: ⚡️|spa|1
|-boost|p2a: ⚡️|spd|1
|move|p1a: Alomomola|Mirror Coat||[still]
|-fail|p1a: Alomomola
|
|-heal|p2a: ⚡️|100/100|[from] item: Leftovers
|upkeep
|turn|17
|
|t:|1781408683
|move|p2a: ⚡️|Thunderbolt|p1a: Alomomola
|-supereffective|p1a: Alomomola
|-crit|p1a: Alomomola
|-damage|p1a: Alomomola|0 fnt
|faint|p1a: Alomomola
|
|upkeep
|
|t:|1781408686
|switch|p1a: Landorus|Landorus-Therian, M|76/100
|-damage|p1a: Landorus|64/100|[from] Stealth Rock
|-ability|p1a: Landorus|Intimidate|boost
|-unboost|p2a: ⚡️|atk|1
|turn|18
|
|t:|1781408691
|-terastallize|p2a: ⚡️|Bug
|move|p1a: Landorus|U-turn|p2a: ⚡️
|-crit|p2a: ⚡️
|-damage|p2a: ⚡️|62/100
|
|t:|1781408695
|switch|p1a: Pecharunt|Pecharunt|35/100|[from] U-turn
|-damage|p1a: Pecharunt|23/100|[from] Stealth Rock
|move|p2a: ⚡️|Dragon Pulse|p1a: Pecharunt
|-damage|p1a: Pecharunt|0 fnt
|faint|p1a: Pecharunt
|
|-heal|p2a: ⚡️|68/100|[from] item: Leftovers
|upkeep
|
|t:|1781408702
|switch|p1a: Hoopa|Hoopa-Unbound|100/100
|-damage|p1a: Hoopa|88/100|[from] Stealth Rock
|turn|19
|
|t:|1781408705
|move|p1a: Hoopa|Hyperspace Fury|p2a: ⚡️
|-damage|p2a: ⚡️|0 fnt
|-unboost|p1a: Hoopa|def|1
|faint|p2a: ⚡️
|-end|p2a: ⚡️|Protosynthesis|[silent]
|
|upkeep
|
|t:|1781408714
|switch|p2a: Red Lightning|Scizor, F|9/100
|turn|20
|
|t:|1781408719
|switch|p1a: Cinderace|Cinderace, M|100/100
|move|p2a: Red Lightning|Bullet Punch|p1a: Cinderace
|-resisted|p1a: Cinderace
|-damage|p1a: Cinderace|61/100
|
|upkeep
|turn|21
|
|t:|1781408724
|switch|p2a: Robo Rona|Iron Moth|100/100
|-enditem|p2a: Robo Rona|Booster Energy
|-activate|p2a: Robo Rona|ability: Quark Drive|[fromitem]
|-start|p2a: Robo Rona|quarkdrivespe
|move|p1a: Cinderace|Court Change|p1a: Cinderace
|-start|p1a: Cinderace|typechange|Normal|[from] ability: Libero
|-swapsideconditions
|-activate|p1a: Cinderace|move: Court Change
|
|upkeep
|turn|22
|
|t:|1781408731
|move|p2a: Robo Rona|Fiery Dance|p1a: Cinderace
|-damage|p1a: Cinderace|0 fnt
|faint|p1a: Cinderace
|
|upkeep
|
|t:|1781408734
|switch|p1a: Hoopa|Hoopa-Unbound|88/100
|turn|23
|
|t:|1781408747
|-end|p2a: Robo Rona|Quark Drive|[silent]
|switch|p2a: Red Lightning|Scizor, F|9/100
|-damage|p2a: Red Lightning|0 fnt|[from] Stealth Rock
|faint|p2a: Red Lightning
|move|p1a: Hoopa|Hyperspace Fury|p2: Red Lightning|[notarget]
|-fail|p1a: Hoopa
|
|upkeep
|j| choispecs ironmoth
|
|t:|1781408749
|switch|p2a: Aizen🗡️|Kingambit, M, shiny|100/100
|-damage|p2a: Aizen🗡️|94/100|[from] Stealth Rock
|-activate|p2a: Aizen🗡️|ability: Supreme Overlord
|-start|p2a: Aizen🗡️|fallen4|[silent]
|turn|24
|
|t:|1781408756
|switch|p1a: Landorus|Landorus-Therian, M|64/100
|-ability|p1a: Landorus|Intimidate|boost
|-unboost|p2a: Aizen🗡️|atk|1
|move|p2a: Aizen🗡️|Iron Head|p1a: Landorus
|-damage|p1a: Landorus|9/100
|
|-heal|p2a: Aizen🗡️|100/100|[from] item: Leftovers
|upkeep
|turn|25
|
|t:|1781408764
|move|p2a: Aizen🗡️|Sucker Punch|p1a: Landorus
|-damage|p1a: Landorus|0 fnt
|faint|p1a: Landorus
|
|upkeep
|
|t:|1781408765
|switch|p1a: Iron Valiant|Iron Valiant|100/100
|turn|26
|
|t:|1781408772
|-end|p2a: Aizen🗡️|fallen4|[silent]
|switch|p2a: Robo Rona|Iron Moth|100/100
|-damage|p2a: Robo Rona|75/100|[from] Stealth Rock
|-terastallize|p1a: Iron Valiant|Fairy
|move|p1a: Iron Valiant|Moonblast|p2a: Robo Rona
|-resisted|p2a: Robo Rona
|-damage|p2a: Robo Rona|54/100
|
|upkeep
|turn|27
|
|t:|1781408788
|-end|p1a: Iron Valiant|Quark Drive|[silent]
|switch|p1a: Hoopa|Hoopa-Unbound|88/100
|-end|p2a: Robo Rona|Quark Drive|[silent]
|switch|p2a: Aizen🗡️|Kingambit, M, shiny|100/100
|-damage|p2a: Aizen🗡️|94/100|[from] Stealth Rock
|-activate|p2a: Aizen🗡️|ability: Supreme Overlord
|-start|p2a: Aizen🗡️|fallen4|[silent]
|
|-heal|p2a: Aizen🗡️|100/100|[from] item: Leftovers
|upkeep
|turn|28
|
|t:|1781408793
|move|p2a: Aizen🗡️|Sucker Punch|p1a: Hoopa
|-damage|p1a: Hoopa|0 fnt
|faint|p1a: Hoopa
|
|upkeep
|
|t:|1781408795
|switch|p1a: Iron Valiant|Iron Valiant, tera:Fairy|100/100
|turn|29
|
|t:|1781408804
|move|p1a: Iron Valiant|Moonblast|p2a: Aizen🗡️
|-damage|p2a: Aizen🗡️|0 fnt
|faint|p2a: Aizen🗡️
|-end|p2a: Aizen🗡️|fallen4|[silent]
|
|upkeep
|
|t:|1781408806
|switch|p2a: Robo Rona|Iron Moth|54/100
|-damage|p2a: Robo Rona|29/100|[from] Stealth Rock
|turn|30
|
|t:|1781408809
|move|p1a: Iron Valiant|Moonblast|p2a: Robo Rona
|-resisted|p2a: Robo Rona
|-damage|p2a: Robo Rona|7/100
|move|p2a: Robo Rona|Sludge Wave|p1a: Iron Valiant
|-supereffective|p1a: Iron Valiant
|-damage|p1a: Iron Valiant|0 fnt
|faint|p1a: Iron Valiant
|-end|p1a: Iron Valiant|Quark Drive|[silent]
|
|win|BlackStar150520
|raw|elsadm27's rating: 1761 &rarr; <strong>1746</strong><br />(-15 for losing)
|raw|BlackStar150520's rating: 1856 &rarr; <strong>1871</strong><br />(+15 for winning)
|l|‽elsadm27
|player|p1|
