|j|☆EtnaArmpits
|j|‽roxty
|t:|1781542396
|gametype|singles
|player|p1|EtnaArmpits|2|1660
|player|p2|roxty|266|1666
|gen|9
|tier|[Gen 9] OU
|rated|
|rule|HP Percentage Mod: HP is shown in percentages
|rule|Endless Battle Clause: Forcing endless battles is banned
|rule|Species Clause: Limit one of each Pokémon
|rule|OHKO Clause: OHKO moves are banned
|rule|Evasion Items Clause: Evasion items are banned
|rule|Evasion Moves Clause: Evasion moves are banned
|rule|Evasion Abilities Clause: Evasion abilities are banned
|rule|Sleep Moves Clause: Sleep-inducing moves are banned
|clearpoke
|poke|p1|Kyurem|
|poke|p1|Deoxys-Speed|
|poke|p1|Iron Valiant|
|poke|p1|Dragonite, M|
|poke|p1|Darkrai|
|poke|p1|Iron Treads|
|poke|p2|Gliscor, F|
|poke|p2|Blissey, F|
|poke|p2|Clefable, F|
|poke|p2|Toxapex, F|
|poke|p2|Dondozo, F|
|poke|p2|Corviknight, M|
|teampreview
|inactive|Battle timer is ON: inactive players will automatically lose when time's up. (requested by roxty)
|inactive|EtnaArmpits also wants the timer to be on.
|
|t:|1781542407
|teamsize|p1|6
|teamsize|p2|6
|start
|switch|p1a: Kyurem|Kyurem|100/100
|switch|p2a: Gliscor|Gliscor, F, shiny|100/100
|-ability|p1a: Kyurem|Pressure
|turn|1
|
|t:|1781542422
|move|p2a: Gliscor|Protect|p2a: Gliscor
|-singleturn|p2a: Gliscor|Protect
|move|p1a: Kyurem|Freeze-Dry|p2a: Gliscor
|-activate|p2a: Gliscor|move: Protect
|
|-status|p2a: Gliscor|tox|[from] item: Toxic Orb
|upkeep
|turn|2
|
|t:|1781542432
|switch|p1a: Iron Treads|Iron Treads|100/100
|-enditem|p1a: Iron Treads|Booster Energy
|-activate|p1a: Iron Treads|ability: Quark Drive|[fromitem]
|-start|p1a: Iron Treads|quarkdrivespe
|switch|p2a: Blissey|Blissey, F|100/100
|
|upkeep
|turn|3
|
|t:|1781542437
|switch|p2a: Clefable|Clefable, F|100/100
|move|p1a: Iron Treads|Stealth Rock|p2a: Clefable
|-sidestart|p2: roxty|move: Stealth Rock
|
|upkeep
|turn|4
|
|t:|1781542442
|move|p1a: Iron Treads|Steel Beam|p2a: Clefable
|-supereffective|p2a: Clefable
|-damage|p2a: Clefable|10/100
|-damage|p1a: Iron Treads|50/100|[from] steelbeam
|move|p2a: Clefable|Stealth Rock|p1a: Iron Treads
|-sidestart|p1: EtnaArmpits|move: Stealth Rock
|
|upkeep
|turn|5
|
|t:|1781542450
|move|p1a: Iron Treads|Rapid Spin|p2a: Clefable
|-damage|p2a: Clefable|1/100
|-boost|p1a: Iron Treads|spe|1
|-sideend|p1: EtnaArmpits|Stealth Rock|[from] move: Rapid Spin|[of] p1a: Iron Treads
|move|p2a: Clefable|Moonlight|p2a: Clefable
|-heal|p2a: Clefable|51/100
|
|-damage|p1a: Iron Treads|38/100|[from] item: Sticky Barb
|upkeep
|turn|6
|
|t:|1781542456
|-end|p1a: Iron Treads|Quark Drive|[silent]
|switch|p1a: Deoxys|Deoxys-Speed|100/100
|-ability|p1a: Deoxys|Pressure
|move|p2a: Clefable|Stealth Rock|p1a: Deoxys
|-sidestart|p1: EtnaArmpits|move: Stealth Rock
|
|upkeep
|turn|7
|
|t:|1781542465
|switch|p2a: Corviknight|Corviknight, M, shiny|100/100
|-damage|p2a: Corviknight|88/100|[from] Stealth Rock
|-ability|p2a: Corviknight|Pressure
|move|p1a: Deoxys|Nasty Plot|p1a: Deoxys
|-boost|p1a: Deoxys|spa|2
|
|-heal|p2a: Corviknight|94/100|[from] item: Leftovers
|upkeep
|turn|8
|
|t:|1781542472
|move|p1a: Deoxys|Focus Blast|p2a: Corviknight
|-damage|p2a: Corviknight|8/100
|-damage|p1a: Deoxys|91/100|[from] item: Life Orb
|move|p2a: Corviknight|Substitute|p2a: Corviknight
|-fail|p2a: Corviknight|move: Substitute|[weak]
|
|-heal|p2a: Corviknight|14/100|[from] item: Leftovers
|upkeep
|turn|9
|
|t:|1781542475
|move|p2a: Corviknight|Protect|p2a: Corviknight
|-singleturn|p2a: Corviknight|Protect
|move|p1a: Deoxys|Ice Beam|p2a: Corviknight
|-activate|p2a: Corviknight|move: Protect
|
|-heal|p2a: Corviknight|20/100|[from] item: Leftovers
|upkeep
|turn|10
|
|t:|1781542478
|move|p1a: Deoxys|Ice Beam|p2a: Corviknight
|-damage|p2a: Corviknight|0 fnt
|faint|p2a: Corviknight
|-damage|p1a: Deoxys|81/100|[from] item: Life Orb
|
|upkeep
|j| DA COME UP
|
|t:|1781542485
|switch|p2a: Toxapex|Toxapex, F, shiny|100/100
|turn|11
|
|t:|1781542489
|switch|p1a: Iron Treads|Iron Treads|38/100
|-damage|p1a: Iron Treads|35/100|[from] Stealth Rock
|-terastallize|p2a: Toxapex|Steel
|move|p2a: Toxapex|Haze|p2a: Toxapex
|-clearallboost
|
|-damage|p1a: Iron Treads|22/100|[from] item: Sticky Barb
|upkeep
|turn|12
|
|t:|1781542496
|switch|p2a: Gliscor|Gliscor, F, shiny|100/100 tox
|-damage|p2a: Gliscor|88/100 tox|[from] Stealth Rock
|move|p1a: Iron Treads|Rapid Spin|p2a: Gliscor
|-damage|p2a: Gliscor|80/100 tox
|-boost|p1a: Iron Treads|spe|1
|-sideend|p1: EtnaArmpits|Stealth Rock|[from] move: Rapid Spin|[of] p1a: Iron Treads
|
|-heal|p2a: Gliscor|92/100 tox|[from] ability: Poison Heal
|-damage|p1a: Iron Treads|10/100|[from] item: Sticky Barb
|upkeep
|turn|13
|
|t:|1781542499
|move|p1a: Iron Treads|Earth Power|p2a: Gliscor
|-immune|p2a: Gliscor
|move|p2a: Gliscor|Spikes|p1a: Iron Treads
|-sidestart|p1: EtnaArmpits|Spikes
|
|-heal|p2a: Gliscor|100/100 tox|[from] ability: Poison Heal
|-damage|p1a: Iron Treads|0 fnt|[from] item: Sticky Barb
|faint|p1a: Iron Treads
|-end|p1a: Iron Treads|Quark Drive|[silent]
|upkeep
|
|t:|1781542507
|switch|p1a: Kyurem|Kyurem|100/100
|-damage|p1a: Kyurem|88/100|[from] Spikes
|-ability|p1a: Kyurem|Pressure
|turn|14
|
|t:|1781542514
|switch|p2a: Blissey|Blissey, F|100/100
|move|p1a: Kyurem|Freeze-Dry|p2a: Blissey
|-damage|p2a: Blissey|88/100
|
|upkeep
|turn|15
|
|t:|1781542518
|switch|p2a: Toxapex|Toxapex, F, shiny, tera:Steel|100/100
|-terastallize|p1a: Kyurem|Ice
|move|p1a: Kyurem|Icicle Spear|p2a: Toxapex
|-resisted|p2a: Toxapex
|-damage|p2a: Toxapex|92/100
|-resisted|p2a: Toxapex
|-damage|p2a: Toxapex|85/100
|-resisted|p2a: Toxapex
|-damage|p2a: Toxapex|77/100
|-resisted|p2a: Toxapex
|-damage|p2a: Toxapex|70/100
|-hitcount|p2a: Toxapex|4
|
|upkeep
|turn|16
|
|t:|1781542528
|switch|p1a: Darkrai|Darkrai|100/100
|move|p2a: Toxapex|Toxic|p1a: Darkrai
|-status|p1a: Darkrai|tox
|
|-damage|p1a: Darkrai|94/100 tox|[from] psn
|upkeep
|turn|17
|
|t:|1781542537
|move|p1a: Darkrai|Dark Pulse|p2a: Toxapex
|-damage|p2a: Toxapex|45/100
|move|p2a: Toxapex|Recover|p2a: Toxapex
|-heal|p2a: Toxapex|95/100
|
|-damage|p1a: Darkrai|82/100 tox|[from] psn
|upkeep
|turn|18
|
|t:|1781542542
|switch|p1a: Iron Valiant|Iron Valiant|100/100
|-damage|p1a: Iron Valiant|88/100|[from] Spikes
|-enditem|p1a: Iron Valiant|Booster Energy
|-activate|p1a: Iron Valiant|ability: Quark Drive|[fromitem]
|-start|p1a: Iron Valiant|quarkdrivespe
|move|p2a: Toxapex|Infestation|p1a: Iron Valiant
|-resisted|p1a: Iron Valiant
|-damage|p1a: Iron Valiant|87/100
|-activate|p1a: Iron Valiant|move: Infestation|[of] p2a: Toxapex
|
|-damage|p1a: Iron Valiant|75/100|[from] move: Infestation|[partiallytrapped]
|upkeep
|turn|19
|
|t:|1781542546
|move|p1a: Iron Valiant|Close Combat|p2a: Toxapex
|-supereffective|p2a: Toxapex
|-damage|p2a: Toxapex|1/100
|-unboost|p1a: Iron Valiant|def|1
|-unboost|p1a: Iron Valiant|spd|1
|move|p2a: Toxapex|Toxic|p1a: Iron Valiant
|-status|p1a: Iron Valiant|tox
|
|-damage|p1a: Iron Valiant|68/100 tox|[from] psn
|-damage|p1a: Iron Valiant|56/100 tox|[from] move: Infestation|[partiallytrapped]
|upkeep
|turn|20
|inactive|roxty has 120 seconds left.
|
|t:|1781542578
|switch|p2a: Clefable|Clefable, F|51/100
|move|p1a: Iron Valiant|Close Combat|p2a: Clefable
|-resisted|p2a: Clefable
|-damage|p2a: Clefable|27/100
|-unboost|p1a: Iron Valiant|def|1
|-unboost|p1a: Iron Valiant|spd|1
|
|-damage|p1a: Iron Valiant|43/100 tox|[from] psn
|-end|p1a: Iron Valiant|Infestation|[partiallytrapped]|[silent]
|upkeep
|turn|21
|
|t:|1781542592
|-end|p1a: Iron Valiant|Quark Drive|[silent]
|switch|p1a: Deoxys|Deoxys-Speed|81/100
|-damage|p1a: Deoxys|68/100|[from] Spikes
|-ability|p1a: Deoxys|Pressure
|move|p2a: Clefable|Stealth Rock|p1a: Deoxys
|-sidestart|p1: EtnaArmpits|move: Stealth Rock
|
|upkeep
|turn|22
|
|t:|1781542600
|move|p1a: Deoxys|Psycho Boost|p2a: Clefable
|-damage|p2a: Clefable|0 fnt
|-unboost|p1a: Deoxys|spa|2
|faint|p2a: Clefable
|-damage|p1a: Deoxys|58/100|[from] item: Life Orb
|
|upkeep
|
|t:|1781542601
|switch|p2a: Toxapex|Toxapex, F, shiny, tera:Steel|35/100
|turn|23
|
|t:|1781542606
|switch|p1a: Iron Valiant|Iron Valiant|43/100 tox
|-damage|p1a: Iron Valiant|31/100 tox|[from] Spikes
|-damage|p1a: Iron Valiant|25/100 tox|[from] Stealth Rock
|move|p2a: Toxapex|Recover|p2a: Toxapex
|-heal|p2a: Toxapex|85/100
|
|-damage|p1a: Iron Valiant|18/100 tox|[from] psn
|upkeep
|turn|24
|
|t:|1781542609
|switch|p2a: Gliscor|Gliscor, F, shiny|100/100 tox
|-damage|p2a: Gliscor|88/100 tox|[from] Stealth Rock
|move|p1a: Iron Valiant|Close Combat|p2a: Gliscor
|-resisted|p2a: Gliscor
|-damage|p2a: Gliscor|63/100 tox
|-unboost|p1a: Iron Valiant|def|1
|-unboost|p1a: Iron Valiant|spd|1
|
|-damage|p1a: Iron Valiant|6/100 tox|[from] psn
|-heal|p2a: Gliscor|75/100 tox|[from] ability: Poison Heal
|upkeep
|turn|25
|
|t:|1781542617
|-end|p1a: Iron Valiant|Quark Drive|[silent]
|switch|p1a: Kyurem|Kyurem, tera:Ice|88/100
|-damage|p1a: Kyurem|76/100|[from] Spikes
|-damage|p1a: Kyurem|51/100|[from] Stealth Rock
|-ability|p1a: Kyurem|Pressure
|move|p2a: Gliscor|Spikes|p1a: Kyurem
|-sidestart|p1: EtnaArmpits|Spikes
|
|-heal|p2a: Gliscor|87/100 tox|[from] ability: Poison Heal
|upkeep
|turn|26
|
|t:|1781542623
|move|p2a: Gliscor|Protect|p2a: Gliscor
|-singleturn|p2a: Gliscor|Protect
|move|p1a: Kyurem|Freeze-Dry|p2a: Gliscor
|-activate|p2a: Gliscor|move: Protect
|
|-heal|p2a: Gliscor|99/100 tox|[from] ability: Poison Heal
|upkeep
|turn|27
|
|t:|1781542632
|switch|p2a: Toxapex|Toxapex, F, shiny, tera:Steel|100/100
|move|p1a: Kyurem|Earth Power|p2a: Toxapex
|-supereffective|p2a: Toxapex
|-damage|p2a: Toxapex|65/100
|
|upkeep
|turn|28
|
|t:|1781542644
|switch|p1a: Iron Valiant|Iron Valiant|6/100 tox
|-damage|p1a: Iron Valiant|0 fnt|[from] Spikes
|faint|p1a: Iron Valiant
|-end|p1a: Iron Valiant|Quark Drive|[silent]
|move|p2a: Toxapex|Toxic|p1: Iron Valiant|[notarget]
|-fail|p2a: Toxapex
|
|upkeep
|
|t:|1781542651
|switch|p1a: Dragonite|Dragonite, M|100/100
|turn|29
|
|t:|1781542653
|switch|p2a: Dondozo|Dondozo, F, shiny|100/100
|move|p1a: Dragonite|Earthquake|p2a: Dondozo
|-damage|p2a: Dondozo|84/100
|
|upkeep
|turn|30
|j| Atarialex
|
|t:|1781542658
|switch|p1a: Deoxys|Deoxys-Speed|58/100
|-damage|p1a: Deoxys|42/100|[from] Spikes
|-damage|p1a: Deoxys|29/100|[from] Stealth Rock
|-ability|p1a: Deoxys|Pressure
|move|p2a: Dondozo|Avalanche|p1a: Deoxys
|-damage|p1a: Deoxys|7/100
|
|upkeep
|turn|31
|
|t:|1781542662
|switch|p2a: Toxapex|Toxapex, F, shiny, tera:Steel|98/100
|move|p1a: Deoxys|Psycho Boost|p2a: Toxapex|[miss]
|-miss|p1a: Deoxys|p2a: Toxapex
|
|upkeep
|turn|32
|
|t:|1781542665
|move|p1a: Deoxys|Focus Blast|p2a: Toxapex|[miss]
|-miss|p1a: Deoxys|p2a: Toxapex
|move|p2a: Toxapex|Infestation|p1a: Deoxys
|-supereffective|p1a: Deoxys
|-damage|p1a: Deoxys|0 fnt
|faint|p1a: Deoxys
|
|upkeep
|
|t:|1781542671
|switch|p1a: Dragonite|Dragonite, M|100/100
|turn|33
|
|t:|1781542674
|switch|p2a: Dondozo|Dondozo, F, shiny|84/100
|move|p1a: Dragonite|Earthquake|p2a: Dondozo
|-damage|p2a: Dondozo|65/100
|
|upkeep
|turn|34
|
|t:|1781542677
|move|p1a: Dragonite|Earthquake|p2a: Dondozo
|-damage|p2a: Dondozo|48/100
|move|p2a: Dondozo|Avalanche|p1a: Dragonite
|-supereffective|p1a: Dragonite
|-damage|p1a: Dragonite|40/100
|
|upkeep
|turn|35
|
|t:|1781542680
|move|p1a: Dragonite|Earthquake|p2a: Dondozo
|-damage|p2a: Dondozo|30/100
|move|p2a: Dondozo|Rest|p2a: Dondozo
|-status|p2a: Dondozo|slp|[from] move: Rest
|-heal|p2a: Dondozo|100/100 slp|[silent]
|
|upkeep
|turn|36
|
|t:|1781542685
|switch|p1a: Kyurem|Kyurem, tera:Ice|51/100
|-damage|p1a: Kyurem|35/100|[from] Spikes
|-damage|p1a: Kyurem|10/100|[from] Stealth Rock
|-ability|p1a: Kyurem|Pressure
|cant|p2a: Dondozo|slp
|move|p2a: Dondozo|Sleep Talk|p2a: Dondozo
|move|p2a: Dondozo|Body Press|p1a: Kyurem|[from] move: Sleep Talk
|-supereffective|p1a: Kyurem
|-damage|p1a: Kyurem|0 fnt
|faint|p1a: Kyurem
|
|upkeep
|c|☆EtnaArmpits|gg
|-message|EtnaArmpits forfeited.
|
|win|roxty
|raw|EtnaArmpits's rating: 1660 &rarr; <strong>1640</strong><br />(-20 for losing)
|raw|roxty's rating: 1666 &rarr; <strong>1686</strong><br />(+20 for winning)
|l|☆EtnaArmpits
|player|p1|
|l|‽roxty
|player|p2|
