|j|☆Aegisrio
|j|☆The real kurt tay
|t:|1780897685
|gametype|singles
|player|p1|Aegisrio|ghetsis|1529
|player|p2|The real kurt tay|169|1564
|gen|9
|tier|[Gen 9] OU
|rated|
|rule|HP Percentage Mod: HP is shown in percentages
|rule|Endless Battle Clause: Forcing endless battles is banned
|rule|Species Clause: Limit one of each Pokémon
|rule|OHKO Clause: OHKO moves are banned
|rule|Evasion Items Clause: Evasion items are banned
|rule|Evasion Moves Clause: Evasion moves are banned
|rule|Evasion Abilities Clause: Evasion abilities are banned
|rule|Sleep Moves Clause: Sleep-inducing moves are banned
|clearpoke
|poke|p1|Cinderace, F|
|poke|p1|Pecharunt|
|poke|p1|Landorus-Therian, M|
|poke|p1|Corviknight, M|
|poke|p1|Kyurem|
|poke|p1|Lucario, M|
|poke|p2|Slowking-Galar, F|
|poke|p2|Corviknight, M|
|poke|p2|Ting-Lu|
|poke|p2|Cinderace, M|
|poke|p2|Dondozo, M|
|poke|p2|Raging Bolt|
|teampreview
|
|t:|1780897709
|teamsize|p1|6
|teamsize|p2|6
|start
|switch|p1a: Kyurem|Kyurem, shiny|100/100
|switch|p2a: Slowking|Slowking-Galar, F|100/100
|-ability|p1a: Kyurem|Pressure
|turn|1
|inactive|Battle timer is ON: inactive players will automatically lose when time's up. (requested by The real kurt tay)
|
|t:|1780897718
|move|p1a: Kyurem|Earth Power|p2a: Slowking
|-supereffective|p2a: Slowking
|-enditem|p2a: Slowking|Shuca Berry|[eat]
|-enditem|p2a: Slowking|Shuca Berry|[weaken]
|-damage|p2a: Slowking|63/100
|move|p2a: Slowking|Future Sight|p1a: Kyurem
|-start|p2a: Slowking|move: Future Sight
|
|upkeep
|turn|2
|
|t:|1780897729
|switch|p2a: Corviknight|Corviknight, M|100/100
|-ability|p2a: Corviknight|Pressure
|move|p1a: Kyurem|Earth Power|p2a: Corviknight
|-immune|p2a: Corviknight
|
|upkeep
|turn|3
|
|t:|1780897733
|switch|p1a: Corviknight|Corviknight, M, shiny|100/100
|-ability|p1a: Corviknight|Pressure
|switch|p2a: Cinderace|Cinderace, M|100/100
|
|-end|p1a: Corviknight|move: Future Sight
|-resisted|p1a: Corviknight
|-damage|p1a: Corviknight|84/100
|-heal|p1a: Corviknight|90/100|[from] item: Leftovers
|upkeep
|turn|4
|
|t:|1780897742
|switch|p1a: Pecharunt|Pecharunt|100/100
|move|p2a: Cinderace|U-turn|p1a: Pecharunt
|-resisted|p1a: Pecharunt
|-damage|p1a: Pecharunt|98/100
|-damage|p2a: Cinderace|84/100|[from] item: Rocky Helmet|[of] p1a: Pecharunt
|
|t:|1780897745
|switch|p2a: Raging Bolt|Raging Bolt|100/100|[from] U-turn
|
|upkeep
|turn|5
|
|t:|1780897755
|switch|p1a: Corviknight|Corviknight, M, shiny|90/100
|-ability|p1a: Corviknight|Pressure
|move|p2a: Raging Bolt|Draco Meteor|p1a: Corviknight
|-resisted|p1a: Corviknight
|-damage|p1a: Corviknight|48/100
|-unboost|p2a: Raging Bolt|spa|2
|
|-heal|p1a: Corviknight|55/100|[from] item: Leftovers
|upkeep
|turn|6
|
|t:|1780897762
|-end|p2a: Raging Bolt|Protosynthesis|[silent]
|switch|p2a: Slowking|Slowking-Galar, F|96/100
|switch|p1a: Landorus|Landorus-Therian, M, shiny|100/100
|-ability|p1a: Landorus|Intimidate|boost
|-unboost|p2a: Slowking|atk|1
|
|upkeep
|turn|7
|
|t:|1780897770
|switch|p2a: Corviknight|Corviknight, M|100/100
|-ability|p2a: Corviknight|Pressure
|move|p1a: Landorus|U-turn|p2a: Corviknight
|-resisted|p2a: Corviknight
|-damage|p2a: Corviknight|97/100
|-damage|p1a: Landorus|84/100|[from] item: Rocky Helmet|[of] p2a: Corviknight
|
|t:|1780897783
|switch|p1a: Kyurem|Kyurem, shiny|100/100|[from] U-turn
|-ability|p1a: Kyurem|Pressure
|
|upkeep
|turn|8
|
|t:|1780897789
|move|p1a: Kyurem|Freeze-Dry|p2a: Corviknight
|-damage|p2a: Corviknight|39/100
|move|p2a: Corviknight|Body Press|p1a: Kyurem
|-supereffective|p1a: Kyurem
|-damage|p1a: Kyurem|50/100
|
|upkeep
|turn|9
|
|t:|1780897794
|switch|p2a: Cinderace|Cinderace, M|84/100
|move|p1a: Kyurem|Freeze-Dry|p2a: Cinderace
|-resisted|p2a: Cinderace
|-damage|p2a: Cinderace|50/100
|
|upkeep
|turn|10
|
|t:|1780897803
|switch|p1a: Pecharunt|Pecharunt|98/100
|move|p2a: Cinderace|Pyro Ball|p1a: Pecharunt
|-damage|p1a: Pecharunt|76/100
|
|upkeep
|turn|11
|
|t:|1780897806
|move|p2a: Cinderace|U-turn|p1a: Pecharunt
|-resisted|p1a: Pecharunt
|-damage|p1a: Pecharunt|74/100
|-damage|p2a: Cinderace|33/100|[from] item: Rocky Helmet|[of] p1a: Pecharunt
|
|t:|1780897810
|switch|p2a: Corviknight|Corviknight, M|39/100|[from] U-turn
|-ability|p2a: Corviknight|Pressure
|move|p1a: Pecharunt|Parting Shot|p2a: Corviknight
|-unboost|p2a: Corviknight|atk|1
|-unboost|p2a: Corviknight|spa|1
|
|t:|1780897832
|switch|p1a: Kyurem|Kyurem, shiny|50/100|[from] Parting Shot
|-ability|p1a: Kyurem|Pressure
|
|upkeep
|turn|12
|
|t:|1780897841
|move|p1a: Kyurem|Freeze-Dry|p2a: Corviknight
|-damage|p2a: Corviknight|0 fnt
|faint|p2a: Corviknight
|
|upkeep
|
|t:|1780897846
|switch|p2a: Slowking|Slowking-Galar, F|100/100
|turn|13
|
|t:|1780897849
|switch|p1a: Corviknight|Corviknight, M, shiny|55/100
|-ability|p1a: Corviknight|Pressure
|move|p2a: Slowking|Future Sight|p1a: Corviknight
|-start|p2a: Slowking|move: Future Sight
|
|-heal|p1a: Corviknight|61/100|[from] item: Leftovers
|upkeep
|turn|14
|
|t:|1780897853
|move|p1a: Corviknight|Roost|p1a: Corviknight
|-heal|p1a: Corviknight|100/100
|-singleturn|p1a: Corviknight|move: Roost
|-prepare|p2a: Slowking|Chilly Reception|[premajor]
|move|p2a: Slowking|Chilly Reception|p2a: Slowking
|-weather|Snowscape
|
|t:|1780897855
|switch|p2a: Raging Bolt|Raging Bolt|100/100|[from] Chilly Reception
|
|-weather|Snowscape|[upkeep]
|upkeep
|turn|15
|
|t:|1780897863
|move|p2a: Raging Bolt|Volt Switch|p1a: Corviknight
|-supereffective|p1a: Corviknight
|-damage|p1a: Corviknight|11/100
|
|t:|1780897866
|-end|p2a: Raging Bolt|Protosynthesis|[silent]
|switch|p2a: Cinderace|Cinderace, M|33/100|[from] Volt Switch
|move|p1a: Corviknight|Roost|p1a: Corviknight
|-heal|p1a: Corviknight|61/100
|-singleturn|p1a: Corviknight|move: Roost
|
|-weather|Snowscape|[upkeep]
|-end|p1a: Corviknight|move: Future Sight
|-resisted|p1a: Corviknight
|-damage|p1a: Corviknight|45/100
|-heal|p1a: Corviknight|51/100|[from] item: Leftovers
|upkeep
|turn|16
|
|t:|1780897870
|switch|p1a: Pecharunt|Pecharunt|74/100
|move|p2a: Cinderace|Pyro Ball|p1a: Pecharunt
|-damage|p1a: Pecharunt|42/100
|-status|p1a: Pecharunt|brn
|
|-weather|Snowscape|[upkeep]
|-damage|p1a: Pecharunt|35/100 brn|[from] brn
|upkeep
|turn|17
|
|t:|1780897876
|switch|p2a: Raging Bolt|Raging Bolt|100/100
|move|p1a: Pecharunt|Recover|p1a: Pecharunt
|-heal|p1a: Pecharunt|85/100 brn
|
|-weather|Snowscape|[upkeep]
|-damage|p1a: Pecharunt|79/100 brn|[from] brn
|upkeep
|turn|18
|
|t:|1780897883
|move|p2a: Raging Bolt|Dragon Pulse|p1a: Pecharunt
|-damage|p1a: Pecharunt|9/100 brn
|move|p1a: Pecharunt|Parting Shot|p2a: Raging Bolt
|-unboost|p2a: Raging Bolt|atk|1
|-unboost|p2a: Raging Bolt|spa|1
|
|t:|1780897890
|switch|p1a: Kyurem|Kyurem, shiny|50/100|[from] Parting Shot
|-ability|p1a: Kyurem|Pressure
|
|-weather|none
|upkeep
|turn|19
|
|t:|1780897895
|-end|p2a: Raging Bolt|Protosynthesis|[silent]
|switch|p2a: Slowking|Slowking-Galar, F|100/100
|move|p1a: Kyurem|Freeze-Dry|p2a: Slowking
|-damage|p2a: Slowking|56/100
|
|upkeep
|turn|20
|
|t:|1780897906
|move|p1a: Kyurem|Freeze-Dry|p2a: Slowking
|-damage|p2a: Slowking|17/100
|move|p2a: Slowking|Ice Beam|p1a: Kyurem
|-damage|p1a: Kyurem|30/100
|
|upkeep
|turn|21
|
|t:|1780897917
|switch|p2a: Ting-Lu|Ting-Lu|100/100
|-ability|p2a: Ting-Lu|Vessel of Ruin
|move|p1a: Kyurem|Freeze-Dry|p2a: Ting-Lu
|-supereffective|p2a: Ting-Lu
|-damage|p2a: Ting-Lu|56/100
|
|-heal|p2a: Ting-Lu|62/100|[from] item: Leftovers
|upkeep
|turn|22
|
|t:|1780897924
|move|p1a: Kyurem|Freeze-Dry|p2a: Ting-Lu
|-supereffective|p2a: Ting-Lu
|-damage|p2a: Ting-Lu|16/100
|move|p2a: Ting-Lu|Rest|p2a: Ting-Lu
|-status|p2a: Ting-Lu|slp|[from] move: Rest
|-heal|p2a: Ting-Lu|100/100 slp|[silent]
|
|upkeep
|turn|23
|
|t:|1780897928
|move|p1a: Kyurem|Freeze-Dry|p2a: Ting-Lu
|-supereffective|p2a: Ting-Lu
|-damage|p2a: Ting-Lu|55/100 slp
|cant|p2a: Ting-Lu|slp
|move|p2a: Ting-Lu|Sleep Talk|p2a: Ting-Lu
|move|p2a: Ting-Lu|Rest||[from] move: Sleep Talk|[still]
|-fail|p2a: Ting-Lu
|
|-heal|p2a: Ting-Lu|61/100 slp|[from] item: Leftovers
|upkeep
|turn|24
|
|t:|1780897936
|move|p1a: Kyurem|Freeze-Dry|p2a: Ting-Lu
|-supereffective|p2a: Ting-Lu
|-damage|p2a: Ting-Lu|17/100 slp
|cant|p2a: Ting-Lu|slp
|move|p2a: Ting-Lu|Sleep Talk|p2a: Ting-Lu
|move|p2a: Ting-Lu|Earthquake|p1a: Kyurem|[from] move: Sleep Talk
|-damage|p1a: Kyurem|0 fnt
|faint|p1a: Kyurem
|
|-heal|p2a: Ting-Lu|23/100 slp|[from] item: Leftovers
|upkeep
|
|t:|1780897949
|switch|p1a: Pecharunt|Pecharunt|9/100 brn
|turn|25
|
|t:|1780897953
|move|p1a: Pecharunt|Recover|p1a: Pecharunt
|-heal|p1a: Pecharunt|59/100 brn
|-curestatus|p2a: Ting-Lu|slp|[msg]
|move|p2a: Ting-Lu|Rest|p2a: Ting-Lu
|-status|p2a: Ting-Lu|slp|[from] move: Rest
|-heal|p2a: Ting-Lu|100/100 slp|[silent]
|
|-damage|p1a: Pecharunt|53/100 brn|[from] brn
|upkeep
|turn|26
|
|t:|1780897956
|switch|p2a: Slowking|Slowking-Galar, F|50/100
|move|p1a: Pecharunt|Parting Shot|p2a: Slowking
|-unboost|p2a: Slowking|atk|1
|-unboost|p2a: Slowking|spa|1
|
|t:|1780897961
|switch|p1a: Landorus|Landorus-Therian, M, shiny|84/100|[from] Parting Shot
|-ability|p1a: Landorus|Intimidate|boost
|-unboost|p2a: Slowking|atk|1
|
|upkeep
|turn|27
|
|t:|1780897966
|switch|p2a: Dondozo|Dondozo, M|100/100
|move|p1a: Landorus|Earthquake|p2a: Dondozo
|-damage|p2a: Dondozo|67/100
|
|-heal|p2a: Dondozo|74/100|[from] item: Leftovers
|upkeep
|turn|28
|
|t:|1780897973
|switch|p1a: Pecharunt|Pecharunt|53/100 brn
|move|p2a: Dondozo|Curse|p2a: Dondozo
|-unboost|p2a: Dondozo|spe|1
|-boost|p2a: Dondozo|atk|1
|-boost|p2a: Dondozo|def|1
|
|-heal|p2a: Dondozo|80/100|[from] item: Leftovers
|-damage|p1a: Pecharunt|47/100 brn|[from] brn
|upkeep
|turn|29
|
|t:|1780897976
|move|p1a: Pecharunt|Parting Shot|p2a: Dondozo
|-unboost|p2a: Dondozo|atk|1
|-unboost|p2a: Dondozo|spa|1
|
|t:|1780897979
|switch|p1a: Corviknight|Corviknight, M, shiny|51/100|[from] Parting Shot
|-ability|p1a: Corviknight|Pressure
|move|p2a: Dondozo|Liquidation|p1a: Corviknight
|-damage|p1a: Corviknight|25/100
|
|-heal|p1a: Corviknight|31/100|[from] item: Leftovers
|-heal|p2a: Dondozo|86/100|[from] item: Leftovers
|upkeep
|turn|30
|
|t:|1780897983
|switch|p2a: Raging Bolt|Raging Bolt|100/100
|move|p1a: Corviknight|Roost|p1a: Corviknight
|-heal|p1a: Corviknight|81/100
|-singleturn|p1a: Corviknight|move: Roost
|
|-heal|p1a: Corviknight|88/100|[from] item: Leftovers
|upkeep
|turn|31
|
|t:|1780897987
|switch|p1a: Landorus|Landorus-Therian, M, shiny|84/100
|-ability|p1a: Landorus|Intimidate|boost
|-unboost|p2a: Raging Bolt|atk|1
|move|p2a: Raging Bolt|Dragon Pulse|p1a: Landorus
|-damage|p1a: Landorus|0 fnt
|faint|p1a: Landorus
|
|upkeep
|
|t:|1780897998
|switch|p1a: Cinderace|Cinderace, F, shiny|100/100
|turn|32
|
|t:|1780898001
|move|p1a: Cinderace|High Jump Kick|p2a: Raging Bolt
|-start|p1a: Cinderace|typechange|Fighting|[from] ability: Libero
|-damage|p2a: Raging Bolt|11/100
|move|p2a: Raging Bolt|Dragon Pulse|p1a: Cinderace
|-damage|p1a: Cinderace|0 fnt
|faint|p1a: Cinderace
|
|upkeep
|
|t:|1780898008
|switch|p1a: Lucario|Lucario, M, shiny|100/100
|turn|33
|
|t:|1780898015
|move|p1a: Lucario|Nasty Plot|p1a: Lucario
|-boost|p1a: Lucario|spa|2
|move|p2a: Raging Bolt|Dragon Pulse|p1a: Lucario
|-resisted|p1a: Lucario
|-damage|p1a: Lucario|38/100
|
|upkeep
|turn|34
|
|t:|1780898034
|move|p1a: Lucario|Flash Cannon|p2a: Raging Bolt
|-resisted|p2a: Raging Bolt
|-damage|p2a: Raging Bolt|0 fnt
|faint|p2a: Raging Bolt
|-end|p2a: Raging Bolt|Protosynthesis|[silent]
|-damage|p1a: Lucario|28/100|[from] item: Life Orb
|
|upkeep
|
|t:|1780898036
|switch|p2a: Dondozo|Dondozo, M|86/100
|turn|35
|
|t:|1780898044
|-terastallize|p1a: Lucario|Dark
|move|p1a: Lucario|Dark Pulse|p2a: Dondozo
|-damage|p2a: Dondozo|56/100
|-damage|p1a: Lucario|18/100|[from] item: Life Orb
|cant|p2a: Dondozo|flinch
|
|-heal|p2a: Dondozo|63/100|[from] item: Leftovers
|upkeep
|turn|36
|
|t:|1780898051
|move|p1a: Lucario|Dark Pulse|p2a: Dondozo
|-damage|p2a: Dondozo|30/100
|-damage|p1a: Lucario|8/100|[from] item: Life Orb
|move|p2a: Dondozo|Liquidation|p1a: Lucario
|-crit|p1a: Lucario
|-damage|p1a: Lucario|0 fnt
|faint|p1a: Lucario
|
|-heal|p2a: Dondozo|36/100|[from] item: Leftovers
|upkeep
|
|t:|1780898056
|switch|p1a: Pecharunt|Pecharunt|47/100 brn
|turn|37
|
|t:|1780898058
|move|p1a: Pecharunt|Recover|p1a: Pecharunt
|-heal|p1a: Pecharunt|97/100 brn
|move|p2a: Dondozo|Rest|p2a: Dondozo
|-status|p2a: Dondozo|slp|[from] move: Rest
|-heal|p2a: Dondozo|100/100 slp|[silent]
|
|-damage|p1a: Pecharunt|91/100 brn|[from] brn
|upkeep
|turn|38
|
|t:|1780898064
|move|p1a: Pecharunt|Shadow Ball|p2a: Dondozo
|-damage|p2a: Dondozo|84/100 slp
|-unboost|p2a: Dondozo|spd|1
|cant|p2a: Dondozo|slp
|move|p2a: Dondozo|Sleep Talk|p2a: Dondozo
|move|p2a: Dondozo|Curse|p2a: Dondozo|[from] move: Sleep Talk
|-unboost|p2a: Dondozo|spe|1
|-boost|p2a: Dondozo|atk|1
|-boost|p2a: Dondozo|def|1
|
|-heal|p2a: Dondozo|90/100 slp|[from] item: Leftovers
|-damage|p1a: Pecharunt|85/100 brn|[from] brn
|upkeep
|turn|39
|
|t:|1780898076
|move|p1a: Pecharunt|Shadow Ball|p2a: Dondozo
|-damage|p2a: Dondozo|68/100 slp
|cant|p2a: Dondozo|slp
|move|p2a: Dondozo|Sleep Talk|p2a: Dondozo
|move|p2a: Dondozo|Curse|p2a: Dondozo|[from] move: Sleep Talk
|-unboost|p2a: Dondozo|spe|1
|-boost|p2a: Dondozo|atk|1
|-boost|p2a: Dondozo|def|1
|
|-heal|p2a: Dondozo|74/100 slp|[from] item: Leftovers
|-damage|p1a: Pecharunt|79/100 brn|[from] brn
|upkeep
|turn|40
|
|t:|1780898085
|move|p1a: Pecharunt|Shadow Ball|p2a: Dondozo
|-damage|p2a: Dondozo|50/100 slp
|-curestatus|p2a: Dondozo|slp|[msg]
|move|p2a: Dondozo|Rest|p2a: Dondozo
|-status|p2a: Dondozo|slp|[from] move: Rest
|-heal|p2a: Dondozo|100/100 slp|[silent]
|
|-damage|p1a: Pecharunt|73/100 brn|[from] brn
|upkeep
|turn|41
|
|t:|1780898088
|move|p1a: Pecharunt|Shadow Ball|p2a: Dondozo
|-damage|p2a: Dondozo|78/100 slp
|cant|p2a: Dondozo|slp
|move|p2a: Dondozo|Sleep Talk|p2a: Dondozo
|move|p2a: Dondozo|Curse|p2a: Dondozo|[from] move: Sleep Talk
|-unboost|p2a: Dondozo|spe|1
|-boost|p2a: Dondozo|atk|1
|-boost|p2a: Dondozo|def|1
|
|-heal|p2a: Dondozo|85/100 slp|[from] item: Leftovers
|-damage|p1a: Pecharunt|67/100 brn|[from] brn
|upkeep
|turn|42
|
|t:|1780898096
|move|p1a: Pecharunt|Shadow Ball|p2a: Dondozo
|-damage|p2a: Dondozo|60/100 slp
|cant|p2a: Dondozo|slp
|move|p2a: Dondozo|Sleep Talk|p2a: Dondozo
|move|p2a: Dondozo|Rest||[from] move: Sleep Talk|[still]
|-fail|p2a: Dondozo
|
|-heal|p2a: Dondozo|66/100 slp|[from] item: Leftovers
|-damage|p1a: Pecharunt|60/100 brn|[from] brn
|upkeep
|turn|43
|
|t:|1780898105
|move|p1a: Pecharunt|Shadow Ball|p2a: Dondozo
|-damage|p2a: Dondozo|41/100 slp
|-unboost|p2a: Dondozo|spd|1
|-curestatus|p2a: Dondozo|slp|[msg]
|move|p2a: Dondozo|Liquidation|p1a: Pecharunt
|-damage|p1a: Pecharunt|25/100 brn
|-damage|p2a: Dondozo|25/100|[from] item: Rocky Helmet|[of] p1a: Pecharunt
|
|-heal|p2a: Dondozo|31/100|[from] item: Leftovers
|-damage|p1a: Pecharunt|19/100 brn|[from] brn
|upkeep
|turn|44
|
|t:|1780898108
|move|p1a: Pecharunt|Malignant Chain|p2a: Dondozo
|-damage|p2a: Dondozo|0 fnt
|faint|p2a: Dondozo
|
|-damage|p1a: Pecharunt|13/100 brn|[from] brn
|upkeep
|
|t:|1780898111
|switch|p2a: Cinderace|Cinderace, M|33/100
|turn|45
|
|t:|1780898114
|move|p2a: Cinderace|Pyro Ball|p1a: Pecharunt
|-damage|p1a: Pecharunt|0 fnt
|faint|p1a: Pecharunt
|
|upkeep
|
|t:|1780898117
|switch|p1a: Corviknight|Corviknight, M, shiny|88/100
|-ability|p1a: Corviknight|Pressure
|turn|46
|
|t:|1780898119
|move|p2a: Cinderace|Pyro Ball|p1a: Corviknight
|-supereffective|p1a: Corviknight
|-damage|p1a: Corviknight|0 fnt
|faint|p1a: Corviknight
|
|win|The real kurt tay
|raw|Aegisrio's rating: 1529 &rarr; <strong>1511</strong><br />(-18 for losing)
|raw|The real kurt tay's rating: 1564 &rarr; <strong>1582</strong><br />(+18 for winning)
|l|☆Aegisrio
|player|p1|
|l|☆The real kurt tay
|player|p2|
