|j|☆teamskullenoxa
|j|☆LowEL0God
|t:|1781460732
|gametype|singles
|player|p1|teamskullenoxa|170|1531
|player|p2|LowEL0God|265|1597
|gen|9
|tier|[Gen 9] OU
|rated|
|rule|HP Percentage Mod: HP is shown in percentages
|rule|Endless Battle Clause: Forcing endless battles is banned
|rule|Species Clause: Limit one of each Pokémon
|rule|OHKO Clause: OHKO moves are banned
|rule|Evasion Items Clause: Evasion items are banned
|rule|Evasion Moves Clause: Evasion moves are banned
|rule|Evasion Abilities Clause: Evasion abilities are banned
|rule|Sleep Moves Clause: Sleep-inducing moves are banned
|clearpoke
|poke|p1|Pelipper, F|
|poke|p1|Hatterene, F|
|poke|p1|Iron Treads|
|poke|p1|Toxicroak, F|
|poke|p1|Barraskewda, F|
|poke|p1|Zapdos|
|poke|p2|Pelipper, M|
|poke|p2|Raging Bolt|
|poke|p2|Overqwil, M|
|poke|p2|Barraskewda, M|
|poke|p2|Iron Treads|
|poke|p2|Kingambit, F|
|teampreview
|c|☆LowEL0God|hf
|inactive|Battle timer is ON: inactive players will automatically lose when time's up. (requested by LowEL0God)
|
|t:|1781460740
|teamsize|p1|6
|teamsize|p2|6
|start
|switch|p1a: Zapdos|Zapdos|100/100
|switch|p2a: Kingambit|Kingambit, F|100/100
|turn|1
|
|t:|1781460746
|switch|p1a: Toxicroak|Toxicroak, F|100/100
|move|p2a: Kingambit|Swords Dance|p2a: Kingambit
|-boost|p2a: Kingambit|atk|2
|
|upkeep
|turn|2
|
|t:|1781460750
|move|p1a: Toxicroak|Drain Punch|p2a: Kingambit
|-supereffective|p2a: Kingambit
|-damage|p2a: Kingambit|28/100
|move|p2a: Kingambit|Iron Head|p1a: Toxicroak
|-damage|p1a: Toxicroak|7/100
|-damage|p2a: Kingambit|11/100|[from] item: Rocky Helmet|[of] p1a: Toxicroak
|
|-heal|p2a: Kingambit|17/100|[from] item: Leftovers
|upkeep
|turn|3
|
|t:|1781460756
|move|p2a: Kingambit|Sucker Punch||[still]
|-fail|p2a: Kingambit
|move|p1a: Toxicroak|Encore|p2a: Kingambit
|-start|p2a: Kingambit|Encore
|
|-heal|p2a: Kingambit|24/100|[from] item: Leftovers
|upkeep
|turn|4
|
|t:|1781460760
|switch|p1a: Pelipper|Pelipper, F|100/100
|-weather|RainDance|[from] ability: Drizzle|[of] p1a: Pelipper
|move|p2a: Kingambit|Sucker Punch||[still]
|-fail|p2a: Kingambit
|
|-weather|RainDance|[upkeep]
|-heal|p2a: Kingambit|30/100|[from] item: Leftovers
|upkeep
|turn|5
|
|t:|1781460763
|switch|p1a: Barraskewda|Barraskewda, F|100/100
|move|p2a: Kingambit|Sucker Punch||[still]
|-fail|p2a: Kingambit
|
|-weather|RainDance|[upkeep]
|-heal|p2a: Kingambit|36/100|[from] item: Leftovers
|upkeep
|turn|6
|
|t:|1781460767
|move|p1a: Barraskewda|Aqua Jet|p2a: Kingambit
|-damage|p2a: Kingambit|1/100
|move|p2a: Kingambit|Sucker Punch||[still]
|-fail|p2a: Kingambit
|
|-weather|RainDance|[upkeep]
|-heal|p2a: Kingambit|7/100|[from] item: Leftovers
|-end|p2a: Kingambit|Encore
|upkeep
|turn|7
|
|t:|1781460769
|-end|p2a: Kingambit|fallenundefined|[silent]
|switch|p2a: Raging Bolt|Raging Bolt|100/100
|-enditem|p2a: Raging Bolt|Booster Energy
|-activate|p2a: Raging Bolt|ability: Protosynthesis|[fromitem]
|-start|p2a: Raging Bolt|protosynthesisspa
|move|p1a: Barraskewda|Aqua Jet|p2a: Raging Bolt
|-resisted|p2a: Raging Bolt
|-damage|p2a: Raging Bolt|78/100
|
|-weather|RainDance|[upkeep]
|upkeep
|turn|8
|
|t:|1781460778
|switch|p1a: Toxicroak|Toxicroak, F|7/100
|move|p2a: Raging Bolt|Thunder|p1a: Toxicroak
|-damage|p1a: Toxicroak|0 fnt
|faint|p1a: Toxicroak
|
|-weather|RainDance|[upkeep]
|upkeep
|
|t:|1781460785
|switch|p1a: Iron Treads|Iron Treads|100/100
|turn|9
|
|t:|1781460787
|-terastallize|p2a: Raging Bolt|Fairy
|move|p1a: Iron Treads|Earthquake|p2a: Raging Bolt
|-damage|p2a: Raging Bolt|44/100
|move|p2a: Raging Bolt|Weather Ball|p1a: Iron Treads
|-supereffective|p1a: Iron Treads
|-damage|p1a: Iron Treads|0 fnt
|faint|p1a: Iron Treads
|-end|p1a: Iron Treads|Quark Drive|[silent]
|
|-weather|RainDance|[upkeep]
|upkeep
|
|t:|1781460796
|switch|p1a: Zapdos|Zapdos|100/100
|turn|10
|
|t:|1781460803
|move|p2a: Raging Bolt|Thunderclap|p1a: Zapdos
|-damage|p1a: Zapdos|39/100
|move|p1a: Zapdos|Weather Ball|p2a: Raging Bolt
|-damage|p2a: Raging Bolt|0 fnt
|faint|p2a: Raging Bolt
|-end|p2a: Raging Bolt|Protosynthesis|[silent]
|
|-weather|RainDance|[upkeep]
|upkeep
|
|t:|1781460805
|switch|p2a: Barraskewda|Barraskewda, M|100/100
|turn|11
|
|t:|1781460810
|switch|p1a: Hatterene|Hatterene, F|100/100
|move|p2a: Barraskewda|Liquidation|p1a: Hatterene
|-damage|p1a: Hatterene|0 fnt
|faint|p1a: Hatterene
|
|-weather|none
|upkeep
|
|t:|1781460816
|switch|p1a: Barraskewda|Barraskewda, F|100/100
|turn|12
|
|t:|1781460819
|move|p2a: Barraskewda|Liquidation|p1a: Barraskewda
|-resisted|p1a: Barraskewda
|-damage|p1a: Barraskewda|31/100
|move|p1a: Barraskewda|Liquidation|p2a: Barraskewda
|-resisted|p2a: Barraskewda
|-damage|p2a: Barraskewda|30/100
|
|upkeep
|turn|13
|
|t:|1781460825
|switch|p1a: Pelipper|Pelipper, F|100/100
|-weather|RainDance|[from] ability: Drizzle|[of] p1a: Pelipper
|move|p2a: Barraskewda|Liquidation|p1a: Pelipper
|-resisted|p1a: Pelipper
|-damage|p1a: Pelipper|48/100
|
|-weather|RainDance|[upkeep]
|upkeep
|turn|14
|
|t:|1781460828
|move|p2a: Barraskewda|Liquidation|p1a: Pelipper
|-resisted|p1a: Pelipper
|-damage|p1a: Pelipper|0 fnt
|faint|p1a: Pelipper
|
|-weather|RainDance|[upkeep]
|upkeep
|
|t:|1781460830
|switch|p1a: Barraskewda|Barraskewda, F|31/100
|turn|15
|
|t:|1781460832
|-terastallize|p1a: Barraskewda|Water
|move|p2a: Barraskewda|Liquidation|p1a: Barraskewda
|-resisted|p1a: Barraskewda
|-damage|p1a: Barraskewda|0 fnt
|faint|p1a: Barraskewda
|
|-weather|RainDance|[upkeep]
|upkeep
|-message|teamskullenoxa forfeited.
|
|win|LowEL0God
|raw|teamskullenoxa's rating: 1531 &rarr; <strong>1515</strong><br />(-16 for losing)
|raw|LowEL0God's rating: 1597 &rarr; <strong>1613</strong><br />(+16 for winning)
|l|☆teamskullenoxa
|player|p1|
|c|☆LowEL0God|gg
|l|☆LowEL0God
|player|p2|
