|j|☆n5v
|j|☆suprya
|t:|1781035758
|gametype|singles
|player|p1|n5v|leon-masters|1641
|player|p2|suprya|clown|1718
|gen|9
|tier|[Gen 9] OU
|rated|
|rule|HP Percentage Mod: HP is shown in percentages
|rule|Endless Battle Clause: Forcing endless battles is banned
|rule|Species Clause: Limit one of each Pokémon
|rule|OHKO Clause: OHKO moves are banned
|rule|Evasion Items Clause: Evasion items are banned
|rule|Evasion Moves Clause: Evasion moves are banned
|rule|Evasion Abilities Clause: Evasion abilities are banned
|rule|Sleep Moves Clause: Sleep-inducing moves are banned
|clearpoke
|poke|p1|Raging Bolt|
|poke|p1|Iron Crown|
|poke|p1|Rillaboom, M|
|poke|p1|Enamorus, F|
|poke|p1|Great Tusk|
|poke|p1|Kingambit, M|
|poke|p2|Ursaluna, M|
|poke|p2|Alomomola, M|
|poke|p2|Sinistcha|
|poke|p2|Iron Treads|
|poke|p2|Iron Valiant|
|poke|p2|Hydreigon, F|
|teampreview
|inactive|Battle timer is ON: inactive players will automatically lose when time's up. (requested by suprya)
|c|☆n5v|glhf
|c|☆suprya|hf
|
|t:|1781035771
|teamsize|p1|6
|teamsize|p2|6
|start
|switch|p1a: gay alladin|Enamorus, F|100/100
|switch|p2a: Hydreigon|Hydreigon, F|100/100
|turn|1
|
|t:|1781035778
|switch|p2a: Iron Treads|Iron Treads|100/100
|move|p1a: gay alladin|Moonblast|p2a: Iron Treads
|-resisted|p2a: Iron Treads
|-damage|p2a: Iron Treads|79/100
|
|-heal|p2a: Iron Treads|85/100|[from] item: Leftovers
|upkeep
|turn|2
|
|t:|1781035787
|switch|p1a: diddy kong|Rillaboom, M, shiny|100/100
|-fieldstart|move: Grassy Terrain|[from] ability: Grassy Surge|[of] p1a: diddy kong
|move|p2a: Iron Treads|Stealth Rock|p1a: diddy kong
|-sidestart|p1: n5v|move: Stealth Rock
|
|-heal|p2a: Iron Treads|91/100|[from] Grassy Terrain
|-heal|p2a: Iron Treads|97/100|[from] item: Leftovers
|upkeep
|turn|3
|
|t:|1781035801
|-end|p2a: Iron Treads|Quark Drive|[silent]
|switch|p2a: Hydreigon|Hydreigon, F|100/100
|move|p1a: diddy kong|Low Kick|p2a: Hydreigon
|-supereffective|p2a: Hydreigon
|-crit|p2a: Hydreigon
|-damage|p2a: Hydreigon|0 fnt
|faint|p2a: Hydreigon
|
|upkeep
|c|☆n5v|mb
|
|t:|1781035806
|switch|p2a: Sinistcha|Sinistcha|100/100
|turn|4
|
|t:|1781035810
|move|p1a: diddy kong|Knock Off|p2a: Sinistcha
|-supereffective|p2a: Sinistcha
|-damage|p2a: Sinistcha|51/100
|-enditem|p2a: Sinistcha|Heavy-Duty Boots|[from] move: Knock Off|[of] p1a: diddy kong
|move|p2a: Sinistcha|Calm Mind|p2a: Sinistcha
|-boost|p2a: Sinistcha|spa|1
|-boost|p2a: Sinistcha|spd|1
|
|-heal|p2a: Sinistcha|57/100|[from] Grassy Terrain
|upkeep
|turn|5
|
|t:|1781035815
|move|p1a: diddy kong|U-turn|p2a: Sinistcha
|-damage|p2a: Sinistcha|38/100
|
|t:|1781035829
|switch|p1a: goobing bolt|Raging Bolt|100/100|[from] U-turn
|-damage|p1a: goobing bolt|88/100|[from] Stealth Rock
|move|p2a: Sinistcha|Matcha Gotcha|p1a: goobing bolt
|-resisted|p1a: goobing bolt
|-damage|p1a: goobing bolt|56/100
|-heal|p2a: Sinistcha|56/100|[from] drain|[of] p1a: goobing bolt
|
|-heal|p1a: goobing bolt|63/100|[from] Grassy Terrain
|-heal|p2a: Sinistcha|63/100|[from] Grassy Terrain
|upkeep
|turn|6
|
|t:|1781035838
|switch|p2a: Iron Treads|Iron Treads|97/100
|move|p1a: goobing bolt|Draco Meteor|p2a: Iron Treads|[miss]
|-miss|p1a: goobing bolt|p2a: Iron Treads
|
|-heal|p2a: Iron Treads|100/100|[from] Grassy Terrain
|-heal|p1a: goobing bolt|69/100|[from] Grassy Terrain
|-fieldend|move: Grassy Terrain
|upkeep
|turn|7
|
|t:|1781035846
|-end|p2a: Iron Treads|Quark Drive|[silent]
|switch|p2a: Iron Valiant|Iron Valiant|100/100
|-end|p1a: goobing bolt|Protosynthesis|[silent]
|switch|p1a: diddy kong|Rillaboom, M, shiny|100/100
|-damage|p1a: diddy kong|88/100|[from] Stealth Rock
|-fieldstart|move: Grassy Terrain|[from] ability: Grassy Surge|[of] p1a: diddy kong
|
|-heal|p1a: diddy kong|94/100|[from] Grassy Terrain
|-heal|p1a: diddy kong|100/100|[from] item: Leftovers
|upkeep
|turn|8
|
|t:|1781035852
|move|p1a: diddy kong|Grassy Glide|p2a: Iron Valiant
|-damage|p2a: Iron Valiant|48/100
|move|p2a: Iron Valiant|Moonblast|p1a: diddy kong
|-crit|p1a: diddy kong
|-damage|p1a: diddy kong|0 fnt
|faint|p1a: diddy kong
|
|-heal|p2a: Iron Valiant|54/100|[from] Grassy Terrain
|upkeep
|
|t:|1781035870
|switch|p1a: le-tachyon|Iron Crown|100/100
|-damage|p1a: le-tachyon|94/100|[from] Stealth Rock
|turn|9
|j| Fat_Yogi
|
|t:|1781035888
|-end|p2a: Iron Valiant|Quark Drive|[silent]
|switch|p2a: Alomomola|Alomomola, M|100/100
|move|p1a: le-tachyon|Focus Blast|p2a: Alomomola|[miss]
|-miss|p1a: le-tachyon|p2a: Alomomola
|
|-heal|p1a: le-tachyon|100/100|[from] Grassy Terrain
|upkeep
|turn|10
|
|t:|1781035892
|move|p1a: le-tachyon|Volt Switch|p2a: Alomomola
|-supereffective|p2a: Alomomola
|-damage|p2a: Alomomola|65/100
|
|t:|1781035895
|-end|p1a: le-tachyon|Quark Drive|[silent]
|switch|p1a: goobing bolt|Raging Bolt|69/100|[from] Volt Switch
|-damage|p1a: goobing bolt|56/100|[from] Stealth Rock
|move|p2a: Alomomola|Flip Turn|p1a: goobing bolt
|-resisted|p1a: goobing bolt
|-damage|p1a: goobing bolt|49/100
|
|t:|1781035900
|switch|p2a: Iron Treads|Iron Treads|100/100|[from] Flip Turn
|
|-heal|p1a: goobing bolt|56/100|[from] Grassy Terrain
|upkeep
|turn|11
|
|t:|1781035908
|-end|p1a: goobing bolt|Protosynthesis|[silent]
|switch|p1a: cheap tusk|Great Tusk, shiny|100/100
|move|p2a: Iron Treads|Knock Off|p1a: cheap tusk
|-resisted|p1a: cheap tusk
|-damage|p1a: cheap tusk|93/100
|-enditem|p1a: cheap tusk|Heavy-Duty Boots|[from] move: Knock Off|[of] p2a: Iron Treads
|
|-heal|p1a: cheap tusk|99/100|[from] Grassy Terrain
|-fieldend|move: Grassy Terrain
|upkeep
|turn|12
|
|t:|1781035917
|-end|p2a: Iron Treads|Quark Drive|[silent]
|switch|p2a: Alomomola|Alomomola, M|99/100
|move|p1a: cheap tusk|Ice Spinner|p2a: Alomomola
|-resisted|p2a: Alomomola
|-damage|p2a: Alomomola|91/100
|-damage|p1a: cheap tusk|83/100|[from] item: Rocky Helmet|[of] p2a: Alomomola
|
|upkeep
|turn|13
|
|t:|1781035924
|move|p1a: cheap tusk|Rapid Spin|p2a: Alomomola
|-damage|p2a: Alomomola|83/100
|-boost|p1a: cheap tusk|spe|1
|-damage|p1a: cheap tusk|66/100|[from] item: Rocky Helmet|[of] p2a: Alomomola
|-sideend|p1: n5v|Stealth Rock|[from] move: Rapid Spin|[of] p1a: cheap tusk
|move|p2a: Alomomola|Flip Turn|p1a: cheap tusk
|-supereffective|p1a: cheap tusk
|-damage|p1a: cheap tusk|46/100
|
|t:|1781035933
|switch|p2a: Sinistcha|Sinistcha|63/100|[from] Flip Turn
|
|upkeep
|turn|14
|
|t:|1781035947
|-end|p1a: cheap tusk|Protosynthesis|[silent]
|switch|p1a: le-tachyon|Iron Crown|100/100
|move|p2a: Sinistcha|Strength Sap|p1a: le-tachyon
|-unboost|p1a: le-tachyon|atk|1
|-heal|p2a: Sinistcha|100/100
|
|upkeep
|turn|15
|
|t:|1781035954
|switch|p2a: Alomomola|Alomomola, M|100/100
|move|p1a: le-tachyon|Psychic Noise|p2a: Alomomola
|-damage|p2a: Alomomola|73/100
|-start|p2a: Alomomola|move: Heal Block
|
|upkeep
|turn|16
|
|t:|1781035959
|move|p1a: le-tachyon|Volt Switch|p2a: Alomomola
|-supereffective|p2a: Alomomola
|-damage|p2a: Alomomola|35/100
|
|t:|1781035962
|-end|p1a: le-tachyon|Quark Drive|[silent]
|switch|p1a: goobing bolt|Raging Bolt|56/100|[from] Volt Switch
|move|p2a: Alomomola|Flip Turn|p1a: goobing bolt
|-resisted|p1a: goobing bolt
|-damage|p1a: goobing bolt|47/100
|
|t:|1781035964
|switch|p2a: Iron Treads|Iron Treads|100/100|[from] Flip Turn
|
|upkeep
|turn|17
|
|t:|1781035967
|-end|p1a: goobing bolt|Protosynthesis|[silent]
|switch|p1a: cheap tusk|Great Tusk, shiny|46/100
|move|p2a: Iron Treads|Stealth Rock|p1a: cheap tusk
|-sidestart|p1: n5v|move: Stealth Rock
|
|upkeep
|turn|18
|
|t:|1781035971
|-end|p2a: Iron Treads|Quark Drive|[silent]
|switch|p2a: Sinistcha|Sinistcha|100/100
|move|p1a: cheap tusk|Ice Spinner|p2a: Sinistcha
|-supereffective|p2a: Sinistcha
|-damage|p2a: Sinistcha|64/100
|
|upkeep
|turn|19
|
|t:|1781035980
|-end|p1a: cheap tusk|Protosynthesis|[silent]
|switch|p1a: le-tachyon|Iron Crown|100/100
|-damage|p1a: le-tachyon|94/100|[from] Stealth Rock
|move|p2a: Sinistcha|Strength Sap|p1a: le-tachyon
|-unboost|p1a: le-tachyon|atk|1
|-heal|p2a: Sinistcha|100/100
|
|upkeep
|turn|20
|
|t:|1781035988
|switch|p2a: Iron Treads|Iron Treads|100/100
|move|p1a: le-tachyon|Tachyon Cutter|p2a: Iron Treads
|-resisted|p2a: Iron Treads
|-damage|p2a: Iron Treads|92/100
|-resisted|p2a: Iron Treads
|-damage|p2a: Iron Treads|84/100
|-hitcount|p2a: Iron Treads|2
|
|-heal|p2a: Iron Treads|90/100|[from] item: Leftovers
|upkeep
|turn|21
|
|t:|1781035998
|-end|p1a: le-tachyon|Quark Drive|[silent]
|switch|p1a: gay alladin|Enamorus, F|100/100
|-damage|p1a: gay alladin|76/100|[from] Stealth Rock
|move|p2a: Iron Treads|Earthquake|p1a: gay alladin
|-immune|p1a: gay alladin
|
|-heal|p2a: Iron Treads|96/100|[from] item: Leftovers
|upkeep
|turn|22
|inactive|suprya has 120 seconds left.
|
|t:|1781036038
|-end|p2a: Iron Treads|Quark Drive|[silent]
|switch|p2a: Alomomola|Alomomola, M|69/100
|move|p1a: gay alladin|Moonblast|p2a: Alomomola
|-damage|p2a: Alomomola|22/100
|
|upkeep
|turn|23
|
|t:|1781036045
|switch|p2a: Iron Treads|Iron Treads|96/100
|move|p1a: gay alladin|Moonblast|p2a: Iron Treads
|-resisted|p2a: Iron Treads
|-damage|p2a: Iron Treads|71/100
|
|-heal|p2a: Iron Treads|77/100|[from] item: Leftovers
|upkeep
|turn|24
|
|t:|1781036050
|switch|p1a: cheap tusk|Great Tusk, shiny|46/100
|-damage|p1a: cheap tusk|43/100|[from] Stealth Rock
|move|p2a: Iron Treads|Rapid Spin|p1a: cheap tusk
|-damage|p1a: cheap tusk|35/100
|-boost|p2a: Iron Treads|spe|1
|
|-heal|p2a: Iron Treads|83/100|[from] item: Leftovers
|upkeep
|turn|25
|
|t:|1781036070
|-end|p2a: Iron Treads|Quark Drive|[silent]
|switch|p2a: Sinistcha|Sinistcha|100/100
|-end|p1a: cheap tusk|Protosynthesis|[silent]
|switch|p1a: goobing bolt|Raging Bolt|47/100
|-damage|p1a: goobing bolt|35/100|[from] Stealth Rock
|
|upkeep
|turn|26
|j| 0CarpetBombMoscow
|
|t:|1781036079
|switch|p2a: Iron Treads|Iron Treads|83/100
|move|p1a: goobing bolt|Volt Switch|p2a: Iron Treads
|-immune|p2a: Iron Treads
|
|-heal|p2a: Iron Treads|89/100|[from] item: Leftovers
|upkeep
|turn|27
|
|t:|1781036087
|-end|p1a: goobing bolt|Protosynthesis|[silent]
|switch|p1a: gay alladin|Enamorus, F|76/100
|-damage|p1a: gay alladin|51/100|[from] Stealth Rock
|move|p2a: Iron Treads|Earthquake|p1a: gay alladin
|-immune|p1a: gay alladin
|
|-heal|p2a: Iron Treads|95/100|[from] item: Leftovers
|upkeep
|turn|28
|
|t:|1781036093
|-end|p2a: Iron Treads|Quark Drive|[silent]
|switch|p2a: Alomomola|Alomomola, M|55/100
|move|p1a: gay alladin|Earth Power|p2a: Alomomola
|-damage|p2a: Alomomola|24/100
|
|upkeep
|turn|29
|
|t:|1781036099
|switch|p1a: le-tachyon|Iron Crown|94/100
|-damage|p1a: le-tachyon|88/100|[from] Stealth Rock
|switch|p2a: Ursaluna|Ursaluna, M|100/100
|
|-status|p2a: Ursaluna|brn|[from] item: Flame Orb
|upkeep
|turn|30
|
|t:|1781036119
|move|p1a: le-tachyon|Focus Blast|p2a: Ursaluna
|-supereffective|p2a: Ursaluna
|-damage|p2a: Ursaluna|34/100 brn
|move|p2a: Ursaluna|Fire Punch|p1a: le-tachyon
|-supereffective|p1a: le-tachyon
|-damage|p1a: le-tachyon|6/100
|
|-damage|p2a: Ursaluna|28/100 brn|[from] brn
|upkeep
|turn|31
|j| JensPaulVI
|
|t:|1781036142
|move|p1a: le-tachyon|Tachyon Cutter|p2a: Ursaluna
|-damage|p2a: Ursaluna|9/100 brn
|-damage|p2a: Ursaluna|0 fnt
|faint|p2a: Ursaluna
|-hitcount|p2: Ursaluna|2
|
|upkeep
|
|t:|1781036145
|switch|p2a: Alomomola|Alomomola, M|57/100
|turn|32
|
|t:|1781036147
|move|p1a: le-tachyon|Volt Switch|p2a: Alomomola
|-supereffective|p2a: Alomomola
|-damage|p2a: Alomomola|22/100
|
|t:|1781036150
|-end|p1a: le-tachyon|Quark Drive|[silent]
|switch|p1a: cheap tusk|Great Tusk, shiny|35/100|[from] Volt Switch
|-damage|p1a: cheap tusk|32/100|[from] Stealth Rock
|move|p2a: Alomomola|Flip Turn|p1a: cheap tusk
|-supereffective|p1a: cheap tusk
|-damage|p1a: cheap tusk|11/100
|
|t:|1781036159
|switch|p2a: Iron Valiant|Iron Valiant|54/100|[from] Flip Turn
|
|upkeep
|turn|33
|
|t:|1781036163
|move|p2a: Iron Valiant|Moonblast|p1a: cheap tusk
|-supereffective|p1a: cheap tusk
|-damage|p1a: cheap tusk|0 fnt
|faint|p1a: cheap tusk
|-end|p1a: cheap tusk|Protosynthesis|[silent]
|
|upkeep
|l| JensPaulVI
|
|t:|1781036171
|switch|p1a: gay alladin|Enamorus, F|51/100
|-damage|p1a: gay alladin|26/100|[from] Stealth Rock
|turn|34
|
|t:|1781036181
|-end|p2a: Iron Valiant|Quark Drive|[silent]
|switch|p2a: Alomomola|Alomomola, M|55/100
|move|p1a: gay alladin|Earth Power|p2a: Alomomola
|-damage|p2a: Alomomola|23/100
|
|upkeep
|turn|35
|
|t:|1781036188
|switch|p1a: neededaghostresist|Kingambit, M, shiny|100/100
|-damage|p1a: neededaghostresist|94/100|[from] Stealth Rock
|-activate|p1a: neededaghostresist|ability: Supreme Overlord
|-start|p1a: neededaghostresist|fallen2|[silent]
|switch|p2a: Sinistcha|Sinistcha|100/100
|
|-heal|p1a: neededaghostresist|100/100|[from] item: Leftovers
|upkeep
|turn|36
|l| Fat_Yogi
|
|t:|1781036210
|switch|p2a: Iron Valiant|Iron Valiant|54/100
|move|p1a: neededaghostresist|Kowtow Cleave|p2a: Iron Valiant
|-resisted|p2a: Iron Valiant
|-damage|p2a: Iron Valiant|37/100
|
|upkeep
|turn|37
|
|t:|1781036220
|-end|p1a: neededaghostresist|fallen2|[silent]
|switch|p1a: le-tachyon|Iron Crown|6/100
|-damage|p1a: le-tachyon|0 fnt|[from] Stealth Rock
|faint|p1a: le-tachyon
|-end|p1a: le-tachyon|Quark Drive|[silent]
|move|p2a: Iron Valiant|Vacuum Wave|p1: le-tachyon|[notarget]
|-fail|p2a: Iron Valiant
|
|upkeep
|
|t:|1781036226
|switch|p1a: gay alladin|Enamorus, F|26/100
|-damage|p1a: gay alladin|1/100|[from] Stealth Rock
|turn|38
|
|t:|1781036231
|move|p2a: Iron Valiant|Vacuum Wave|p1a: gay alladin
|-resisted|p1a: gay alladin
|-damage|p1a: gay alladin|0 fnt
|faint|p1a: gay alladin
|
|upkeep
|
|t:|1781036238
|switch|p1a: neededaghostresist|Kingambit, M, shiny|100/100
|-damage|p1a: neededaghostresist|94/100|[from] Stealth Rock
|-activate|p1a: neededaghostresist|ability: Supreme Overlord
|-start|p1a: neededaghostresist|fallen4|[silent]
|turn|39
|
|t:|1781036248
|-end|p2a: Iron Valiant|Quark Drive|[silent]
|switch|p2a: Iron Treads|Iron Treads|95/100
|-terastallize|p1a: neededaghostresist|Flying
|move|p1a: neededaghostresist|Swords Dance|p1a: neededaghostresist
|-boost|p1a: neededaghostresist|atk|2
|
|-heal|p2a: Iron Treads|100/100|[from] item: Leftovers
|-heal|p1a: neededaghostresist|100/100|[from] item: Leftovers
|upkeep
|turn|40
|
|t:|1781036255
|move|p2a: Iron Treads|Knock Off|p1a: neededaghostresist
|-damage|p1a: neededaghostresist|79/100
|-enditem|p1a: neededaghostresist|Leftovers|[from] move: Knock Off|[of] p2a: Iron Treads
|move|p1a: neededaghostresist|Kowtow Cleave|p2a: Iron Treads
|-damage|p2a: Iron Treads|0 fnt
|faint|p2a: Iron Treads
|-end|p2a: Iron Treads|Quark Drive|[silent]
|
|upkeep
|
|t:|1781036269
|switch|p2a: Iron Valiant|Iron Valiant|37/100
|turn|41
|
|t:|1781036275
|move|p1a: neededaghostresist|Sucker Punch|p2a: Iron Valiant
|-resisted|p2a: Iron Valiant
|-damage|p2a: Iron Valiant|1/100
|move|p2a: Iron Valiant|Moonblast|p1a: neededaghostresist
|-damage|p1a: neededaghostresist|4/100
|
|upkeep
|turn|42
|
|t:|1781036286
|-end|p2a: Iron Valiant|Quark Drive|[silent]
|switch|p2a: Alomomola|Alomomola, M|56/100
|move|p1a: neededaghostresist|Sucker Punch||[still]
|-fail|p1a: neededaghostresist
|
|upkeep
|turn|43
|c|☆n5v|fck
|c|☆n5v|gg
|
|t:|1781036301
|move|p1a: neededaghostresist|Kowtow Cleave|p2a: Alomomola
|-damage|p2a: Alomomola|0 fnt
|-damage|p1a: neededaghostresist|0 fnt|[from] item: Rocky Helmet|[of] p2a: Alomomola
|faint|p2a: Alomomola
|faint|p1a: neededaghostresist
|-end|p1a: neededaghostresist|fallen4|[silent]
|
|upkeep
|
|t:|1781036304
|switch|p1a: goobing bolt|Raging Bolt|35/100
|switch|p2a: Iron Valiant|Iron Valiant|1/100
|-damage|p1a: goobing bolt|22/100|[from] Stealth Rock
|turn|44
|
|t:|1781036310
|move|p2a: Iron Valiant|Vacuum Wave|p1a: goobing bolt
|-damage|p1a: goobing bolt|0 fnt
|faint|p1a: goobing bolt
|-end|p1a: goobing bolt|Protosynthesis|[silent]
|
|win|suprya
|raw|n5v's rating: 1641 &rarr; <strong>1625</strong><br />(-16 for losing)
|raw|suprya's rating: 1718 &rarr; <strong>1734</strong><br />(+16 for winning)
|c|☆suprya|gg
|l|☆suprya
|player|p2|
|l| 0CarpetBombMoscow
