|j|☆Roseofrosarade
|j|☆amiruae
|t:|1781464106
|gametype|singles
|player|p1|Roseofrosarade|2|1544
|player|p2|amiruae|palmer|1523
|gen|9
|tier|[Gen 9] OU
|rated|
|rule|HP Percentage Mod: HP is shown in percentages
|rule|Endless Battle Clause: Forcing endless battles is banned
|rule|Species Clause: Limit one of each Pokémon
|rule|OHKO Clause: OHKO moves are banned
|rule|Evasion Items Clause: Evasion items are banned
|rule|Evasion Moves Clause: Evasion moves are banned
|rule|Evasion Abilities Clause: Evasion abilities are banned
|rule|Sleep Moves Clause: Sleep-inducing moves are banned
|clearpoke
|poke|p1|Dragonite, M|
|poke|p1|Hatterene, F|
|poke|p1|Samurott-Hisui, F|
|poke|p1|Great Tusk|
|poke|p1|Iron Valiant|
|poke|p1|Cinderace, F|
|poke|p2|Samurott-Hisui, M|
|poke|p2|Zamazenta-*|
|poke|p2|Greninja-*, M|
|poke|p2|Salamence, M|
|poke|p2|Porygon-Z|
|poke|p2|Volcanion|
|teampreview
|inactive|Battle timer is ON: inactive players will automatically lose when time's up. (requested by amiruae)
|
|t:|1781464118
|teamsize|p1|6
|teamsize|p2|6
|start
|switch|p1a: Samurott|Samurott-Hisui, F|100/100
|switch|p2a: Porygon-Z|Porygon-Z|100/100
|turn|1
|
|t:|1781464124
|move|p2a: Porygon-Z|Tri Attack|p1a: Samurott
|-damage|p1a: Samurott|56/100
|-status|p1a: Samurott|brn
|move|p1a: Samurott|Ceaseless Edge|p2a: Porygon-Z
|-damage|p2a: Porygon-Z|70/100
|-sidestart|p2: amiruae|Spikes
|
|-damage|p1a: Samurott|50/100 brn|[from] brn
|upkeep
|turn|2
|
|t:|1781464132
|move|p2a: Porygon-Z|Tri Attack|p1a: Samurott
|-damage|p1a: Samurott|12/100 brn
|move|p1a: Samurott|Ceaseless Edge|p2a: Porygon-Z
|-damage|p2a: Porygon-Z|42/100
|-sidestart|p2: amiruae|Spikes
|
|-damage|p1a: Samurott|6/100 brn|[from] brn
|upkeep
|turn|3
|
|t:|1781464137
|move|p1a: Samurott|Sucker Punch|p2a: Porygon-Z
|-damage|p2a: Porygon-Z|19/100
|move|p2a: Porygon-Z|Tri Attack|p1a: Samurott
|-damage|p1a: Samurott|0 fnt
|faint|p1a: Samurott
|
|upkeep
|
|t:|1781464145
|switch|p1a: Dragonite|Dragonite, M|100/100
|turn|4
|
|t:|1781464151
|switch|p2a: Salamence|Salamence, M|100/100
|-ability|p2a: Salamence|Intimidate|boost
|-unboost|p1a: Dragonite|atk|1
|move|p1a: Dragonite|Extreme Speed|p2a: Salamence
|-damage|p2a: Salamence|65/100
|
|upkeep
|turn|5
|
|t:|1781464165
|switch|p1a: Great Tusk|Great Tusk|100/100
|move|p2a: Salamence|Outrage|p1a: Great Tusk
|-damage|p1a: Great Tusk|54/100
|-damage|p2a: Salamence|48/100|[from] item: Rocky Helmet|[of] p1a: Great Tusk
|
|upkeep
|turn|6
|
|t:|1781464171
|move|p1a: Great Tusk|Ice Spinner|p2a: Salamence
|-supereffective|p2a: Salamence
|-damage|p2a: Salamence|0 fnt
|faint|p2a: Salamence
|
|upkeep
|
|t:|1781464186
|switch|p2a: Porygon-Z|Porygon-Z|19/100
|-damage|p2a: Porygon-Z|3/100|[from] Spikes
|turn|7
|
|t:|1781464194
|move|p2a: Porygon-Z|Tri Attack|p1a: Great Tusk
|-damage|p1a: Great Tusk|0 fnt
|faint|p1a: Great Tusk
|-end|p1a: Great Tusk|Protosynthesis|[silent]
|
|upkeep
|
|t:|1781464196
|switch|p1a: Dragonite|Dragonite, M|100/100
|turn|8
|
|t:|1781464199
|move|p1a: Dragonite|Extreme Speed|p2a: Porygon-Z
|-damage|p2a: Porygon-Z|0 fnt
|faint|p2a: Porygon-Z
|
|upkeep
|
|t:|1781464205
|switch|p2a: Greninja|Greninja, M|100/100
|-damage|p2a: Greninja|84/100|[from] Spikes
|turn|9
|
|t:|1781464214
|move|p1a: Dragonite|Extreme Speed|p2a: Greninja
|-damage|p2a: Greninja|1/100
|move|p2a: Greninja|Ice Beam|p1a: Dragonite
|-start|p2a: Greninja|typechange|Ice|[from] ability: Protean
|-supereffective|p1a: Dragonite
|-crit|p1a: Dragonite
|-damage|p1a: Dragonite|0 fnt
|faint|p1a: Dragonite
|
|upkeep
|
|t:|1781464224
|switch|p1a: Cinderace|Cinderace, F|100/100
|turn|10
|
|t:|1781464230
|move|p1a: Cinderace|Sucker Punch|p2a: Greninja
|-start|p1a: Cinderace|typechange|Dark|[from] ability: Libero
|-damage|p2a: Greninja|0 fnt
|faint|p2a: Greninja
|
|upkeep
|
|t:|1781464239
|switch|p2a: Volcanion|Volcanion|100/100
|-damage|p2a: Volcanion|84/100|[from] Spikes
|turn|11
|
|t:|1781464245
|move|p1a: Cinderace|U-turn|p2a: Volcanion
|-resisted|p2a: Volcanion
|-damage|p2a: Volcanion|75/100
|
|t:|1781464247
|switch|p1a: Hatterene|Hatterene, F|100/100|[from] U-turn
|move|p2a: Volcanion|Steam Eruption|p1a: Hatterene
|-damage|p1a: Hatterene|64/100
|
|upkeep
|turn|12
|
|t:|1781464254
|move|p2a: Volcanion|Sludge Bomb|p1a: Hatterene
|-supereffective|p1a: Hatterene
|-damage|p1a: Hatterene|22/100
|move|p1a: Hatterene|Nuzzle|p2a: Volcanion
|-supereffective|p2a: Volcanion
|-damage|p2a: Volcanion|69/100
|-status|p2a: Volcanion|par
|
|upkeep
|turn|13
|
|t:|1781464260
|move|p1a: Hatterene|Mystical Fire|p2a: Volcanion
|-resisted|p2a: Volcanion
|-damage|p2a: Volcanion|64/100 par
|-unboost|p2a: Volcanion|spa|1
|move|p2a: Volcanion|Sludge Bomb|p1a: Hatterene
|-supereffective|p1a: Hatterene
|-damage|p1a: Hatterene|0 fnt
|faint|p1a: Hatterene
|
|upkeep
|
|t:|1781464267
|switch|p1a: Iron Valiant|Iron Valiant|100/100
|-enditem|p1a: Iron Valiant|Booster Energy
|-activate|p1a: Iron Valiant|ability: Quark Drive|[fromitem]
|-start|p1a: Iron Valiant|quarkdrivespe
|turn|14
|
|t:|1781464287
|-terastallize|p1a: Iron Valiant|Ghost
|move|p1a: Iron Valiant|Calm Mind|p1a: Iron Valiant
|-boost|p1a: Iron Valiant|spa|1
|-boost|p1a: Iron Valiant|spd|1
|move|p2a: Volcanion|Sludge Bomb|p1a: Iron Valiant
|-resisted|p1a: Iron Valiant
|-damage|p1a: Iron Valiant|87/100
|-status|p1a: Iron Valiant|psn
|
|-damage|p1a: Iron Valiant|74/100 psn|[from] psn
|upkeep
|turn|15
|
|t:|1781464297
|move|p1a: Iron Valiant|Shadow Ball|p2a: Volcanion
|-damage|p2a: Volcanion|21/100 par
|cant|p2a: Volcanion|par
|
|-damage|p1a: Iron Valiant|62/100 psn|[from] psn
|upkeep
|turn|16
|
|t:|1781464302
|move|p1a: Iron Valiant|Shadow Ball|p2a: Volcanion
|-damage|p2a: Volcanion|0 fnt
|faint|p2a: Volcanion
|
|-damage|p1a: Iron Valiant|49/100 psn|[from] psn
|upkeep
|
|t:|1781464309
|switch|p2a: Samurott|Samurott-Hisui, M|100/100
|-damage|p2a: Samurott|84/100|[from] Spikes
|turn|17
|
|t:|1781464313
|move|p2a: Samurott|Sucker Punch|p1a: Iron Valiant
|-supereffective|p1a: Iron Valiant
|-damage|p1a: Iron Valiant|0 fnt
|faint|p1a: Iron Valiant
|-end|p1a: Iron Valiant|Quark Drive|[silent]
|
|upkeep
|
|t:|1781464315
|switch|p1a: Cinderace|Cinderace, F|100/100
|turn|18
|
|t:|1781464323
|move|p1a: Cinderace|U-turn|p2a: Samurott
|-start|p1a: Cinderace|typechange|Bug|[from] ability: Libero
|-supereffective|p2a: Samurott
|-damage|p2a: Samurott|9/100
|move|p2a: Samurott|Aqua Cutter|p1a: Cinderace
|-damage|p1a: Cinderace|24/100
|
|upkeep
|turn|19
|
|t:|1781464326
|move|p1a: Cinderace|Sucker Punch|p2a: Samurott
|-resisted|p2a: Samurott
|-damage|p2a: Samurott|0 fnt
|faint|p2a: Samurott
|
|upkeep
|
|t:|1781464329
|switch|p2a: Zamazenta|Zamazenta|100/100
|-damage|p2a: Zamazenta|84/100|[from] Spikes
|-ability|p2a: Zamazenta|Dauntless Shield|boost
|-boost|p2a: Zamazenta|def|1
|turn|20
|
|t:|1781464331
|move|p2a: Zamazenta|Body Press|p1a: Cinderace
|-resisted|p1a: Cinderace
|-damage|p1a: Cinderace|0 fnt
|faint|p1a: Cinderace
|
|win|amiruae
|raw|Roseofrosarade's rating: 1544 &rarr; <strong>1523</strong><br />(-21 for losing)
|raw|amiruae's rating: 1523 &rarr; <strong>1544</strong><br />(+21 for winning)
|l|☆amiruae
|player|p2|
|l|☆Roseofrosarade
|player|p1|
