|j|☆Frobisher bay
|j|☆lord shiddenfards
|t:|1781112802
|gametype|singles
|player|p1|Frobisher bay|skierf|1649
|player|p2|lord shiddenfards|blaine|1684
|gen|9
|tier|[Gen 9] OU
|rated|
|rule|HP Percentage Mod: HP is shown in percentages
|rule|Endless Battle Clause: Forcing endless battles is banned
|rule|Species Clause: Limit one of each Pokémon
|rule|OHKO Clause: OHKO moves are banned
|rule|Evasion Items Clause: Evasion items are banned
|rule|Evasion Moves Clause: Evasion moves are banned
|rule|Evasion Abilities Clause: Evasion abilities are banned
|rule|Sleep Moves Clause: Sleep-inducing moves are banned
|clearpoke
|poke|p1|Samurott-Hisui, F|
|poke|p1|Gholdengo|
|poke|p1|Dragonite, F|
|poke|p1|Clefable, F|
|poke|p1|Zamazenta-*|
|poke|p1|Ting-Lu|
|poke|p2|Ninetales, M|
|poke|p2|Great Tusk|
|poke|p2|Slither Wing|
|poke|p2|Alomomola, M|
|poke|p2|Iron Moth|
|poke|p2|Raging Bolt|
|teampreview
|inactive|Battle timer is ON: inactive players will automatically lose when time's up. (requested by Frobisher bay)
|j| Fat_Yogi
|
|t:|1781112821
|teamsize|p1|6
|teamsize|p2|6
|start
|switch|p1a: One-Winged Angel|Clefable, F|100/100
|switch|p2a: Slither Wing|Slither Wing|100/100
|turn|1
|
|t:|1781112824
|move|p2a: Slither Wing|U-turn|p1a: One-Winged Angel
|-resisted|p1a: One-Winged Angel
|-damage|p1a: One-Winged Angel|77/100
|
|t:|1781112827
|-end|p2a: Slither Wing|Protosynthesis|[silent]
|switch|p2a: Ninetales|Ninetales, M|100/100|[from] U-turn
|-weather|SunnyDay|[from] ability: Drought|[of] p2a: Ninetales
|move|p1a: One-Winged Angel|Stealth Rock|p2a: Ninetales
|-sidestart|p2: lord shiddenfards|move: Stealth Rock
|
|-weather|SunnyDay|[upkeep]
|-heal|p1a: One-Winged Angel|83/100|[from] item: Leftovers
|upkeep
|turn|2
|
|t:|1781112831
|move|p2a: Ninetales|Overheat|p1a: One-Winged Angel
|-damage|p1a: One-Winged Angel|0 fnt
|-unboost|p2a: Ninetales|spa|2
|faint|p1a: One-Winged Angel
|
|-weather|SunnyDay|[upkeep]
|upkeep
|
|t:|1781112833
|switch|p1a: Razorblades|Samurott-Hisui, F|100/100
|turn|3
|
|t:|1781112839
|switch|p2a: Great Tusk|Great Tusk|100/100
|-activate|p2a: Great Tusk|ability: Protosynthesis
|-start|p2a: Great Tusk|protosynthesisspe
|move|p1a: Razorblades|Knock Off|p2a: Great Tusk
|-resisted|p2a: Great Tusk
|-crit|p2a: Great Tusk
|-damage|p2a: Great Tusk|79/100
|-enditem|p2a: Great Tusk|Heavy-Duty Boots|[from] move: Knock Off|[of] p1a: Razorblades
|
|-weather|SunnyDay|[upkeep]
|upkeep
|turn|4
|
|t:|1781112853
|move|p2a: Great Tusk|Bulk Up|p2a: Great Tusk
|-boost|p2a: Great Tusk|atk|1
|-boost|p2a: Great Tusk|def|1
|move|p1a: Razorblades|Razor Shell|p2a: Great Tusk
|-supereffective|p2a: Great Tusk
|-damage|p2a: Great Tusk|58/100
|
|-weather|SunnyDay|[upkeep]
|upkeep
|turn|5
|
|t:|1781112856
|switch|p1a: Thrill Bottle|Gholdengo|100/100
|-item|p1a: Thrill Bottle|Air Balloon
|move|p2a: Great Tusk|Rapid Spin|p1a: Thrill Bottle
|-immune|p1a: Thrill Bottle
|
|-weather|none
|-end|p2a: Great Tusk|Protosynthesis
|upkeep
|turn|6
|
|t:|1781112862
|-end|p2a: Great Tusk|Protosynthesis|[silent]
|switch|p2a: Alomomola|Alomomola, M|100/100
|-damage|p2a: Alomomola|88/100|[from] Stealth Rock
|move|p1a: Thrill Bottle|Make It Rain|p2a: Alomomola
|-resisted|p2a: Alomomola
|-damage|p2a: Alomomola|66/100
|-unboost|p1a: Thrill Bottle|spa|1
|-enditem|p2a: Alomomola|Eject Button
|
|t:|1781112866
|switch|p2a: Ninetales|Ninetales, M|100/100
|-damage|p2a: Ninetales|76/100|[from] Stealth Rock
|-weather|SunnyDay|[from] ability: Drought|[of] p2a: Ninetales
|
|-weather|SunnyDay|[upkeep]
|upkeep
|turn|7
|
|t:|1781112873
|switch|p1a: Razorblades|Samurott-Hisui, F|100/100
|move|p2a: Ninetales|Solar Beam||[still]
|-prepare|p2a: Ninetales|Solar Beam
|-anim|p2a: Ninetales|Solar Beam|p1a: Razorblades
|-supereffective|p1a: Razorblades
|-damage|p1a: Razorblades|0 fnt
|faint|p1a: Razorblades
|
|-weather|SunnyDay|[upkeep]
|upkeep
|
|t:|1781112879
|switch|p1a: Extreme Speed|Dragonite, F|100/100
|turn|8
|
|t:|1781112884
|switch|p2a: Great Tusk|Great Tusk|58/100
|-damage|p2a: Great Tusk|55/100|[from] Stealth Rock
|-activate|p2a: Great Tusk|ability: Protosynthesis
|-start|p2a: Great Tusk|protosynthesisspe
|move|p1a: Extreme Speed|Earthquake|p2a: Great Tusk
|-damage|p2a: Great Tusk|30/100
|
|-weather|SunnyDay|[upkeep]
|upkeep
|turn|9
|
|t:|1781112891
|move|p2a: Great Tusk|Rapid Spin|p1a: Extreme Speed
|-damage|p1a: Extreme Speed|93/100
|-boost|p2a: Great Tusk|spe|1
|-sideend|p2: lord shiddenfards|Stealth Rock|[from] move: Rapid Spin|[of] p2a: Great Tusk
|move|p1a: Extreme Speed|Earthquake|p2a: Great Tusk
|-damage|p2a: Great Tusk|6/100
|
|-weather|SunnyDay|[upkeep]
|upkeep
|turn|10
|
|t:|1781112907
|move|p1a: Extreme Speed|Extreme Speed|p2a: Great Tusk
|-damage|p2a: Great Tusk|0 fnt
|faint|p2a: Great Tusk
|-end|p2a: Great Tusk|Protosynthesis|[silent]
|
|-weather|none
|upkeep
|
|t:|1781112915
|switch|p2a: Raging Bolt|Raging Bolt|100/100
|turn|11
|
|t:|1781112926
|switch|p1a: Felt Like Dirt|Ting-Lu|100/100
|-ability|p1a: Felt Like Dirt|Vessel of Ruin
|-terastallize|p2a: Raging Bolt|Fairy
|move|p2a: Raging Bolt|Draco Meteor|p1a: Felt Like Dirt
|-damage|p1a: Felt Like Dirt|68/100
|-unboost|p2a: Raging Bolt|spa|2
|
|-heal|p1a: Felt Like Dirt|74/100|[from] item: Leftovers
|upkeep
|turn|12
|
|t:|1781112932
|-end|p2a: Raging Bolt|Protosynthesis|[silent]
|switch|p2a: Slither Wing|Slither Wing|100/100
|move|p1a: Felt Like Dirt|Ruination|p2a: Slither Wing
|-damage|p2a: Slither Wing|51/100
|
|-heal|p1a: Felt Like Dirt|81/100|[from] item: Leftovers
|upkeep
|turn|13
|
|t:|1781112946
|switch|p1a: Extreme Speed|Dragonite, F|93/100
|move|p2a: Slither Wing|U-turn|p1a: Extreme Speed
|-resisted|p1a: Extreme Speed
|-damage|p1a: Extreme Speed|67/100
|
|t:|1781112950
|-end|p2a: Slither Wing|Protosynthesis|[silent]
|switch|p2a: Raging Bolt|Raging Bolt, tera:Fairy|100/100|[from] U-turn
|
|upkeep
|turn|14
|
|t:|1781112956
|switch|p1a: Thrill Bottle|Gholdengo|100/100
|-item|p1a: Thrill Bottle|Air Balloon
|move|p2a: Raging Bolt|Draco Meteor|p1a: Thrill Bottle
|-resisted|p1a: Thrill Bottle
|-damage|p1a: Thrill Bottle|75/100
|-unboost|p2a: Raging Bolt|spa|2
|-enditem|p1a: Thrill Bottle|Air Balloon
|
|upkeep
|turn|15
|
|t:|1781112962
|-end|p2a: Raging Bolt|Protosynthesis|[silent]
|switch|p2a: Alomomola|Alomomola, M|99/100
|move|p1a: Thrill Bottle|Thunder Wave|p2a: Alomomola
|-status|p2a: Alomomola|par
|
|upkeep
|turn|16
|
|t:|1781112964
|move|p1a: Thrill Bottle|Recover|p1a: Thrill Bottle
|-heal|p1a: Thrill Bottle|100/100
|move|p2a: Alomomola|Flip Turn|p1a: Thrill Bottle
|-damage|p1a: Thrill Bottle|85/100
|
|t:|1781112966
|switch|p2a: Ninetales|Ninetales, M|76/100|[from] Flip Turn
|-weather|SunnyDay|[from] ability: Drought|[of] p2a: Ninetales
|
|-weather|SunnyDay|[upkeep]
|upkeep
|turn|17
|
|t:|1781112970
|switch|p1a: Extreme Speed|Dragonite, F|67/100
|move|p2a: Ninetales|Weather Ball|p1a: Extreme Speed
|-resisted|p1a: Extreme Speed
|-damage|p1a: Extreme Speed|31/100
|
|-weather|SunnyDay|[upkeep]
|upkeep
|turn|18
|
|t:|1781112976
|move|p1a: Extreme Speed|Extreme Speed|p2a: Ninetales
|-damage|p2a: Ninetales|29/100
|move|p2a: Ninetales|Weather Ball|p1a: Extreme Speed
|-resisted|p1a: Extreme Speed
|-damage|p1a: Extreme Speed|0 fnt
|faint|p1a: Extreme Speed
|
|-weather|SunnyDay|[upkeep]
|upkeep
|
|t:|1781112977
|switch|p1a: Battle-Hardened|Zamazenta|100/100
|-ability|p1a: Battle-Hardened|Dauntless Shield|boost
|-boost|p1a: Battle-Hardened|def|1
|turn|19
|
|t:|1781112983
|switch|p2a: Alomomola|Alomomola, M|100/100 par
|move|p1a: Battle-Hardened|Crunch|p2a: Alomomola
|-damage|p2a: Alomomola|81/100 par
|
|-weather|SunnyDay|[upkeep]
|upkeep
|turn|20
|
|t:|1781112986
|move|p1a: Battle-Hardened|Close Combat|p2a: Alomomola
|-damage|p2a: Alomomola|43/100 par
|-unboost|p1a: Battle-Hardened|def|1
|-unboost|p1a: Battle-Hardened|spd|1
|move|p2a: Alomomola|Flip Turn|p1a: Battle-Hardened
|-damage|p1a: Battle-Hardened|93/100
|
|t:|1781112996
|switch|p2a: Raging Bolt|Raging Bolt, tera:Fairy|100/100|[from] Flip Turn
|-activate|p2a: Raging Bolt|ability: Protosynthesis
|-start|p2a: Raging Bolt|protosynthesisspa
|
|-weather|none
|-end|p2a: Raging Bolt|Protosynthesis
|upkeep
|turn|21
|
|t:|1781113002
|switch|p1a: Felt Like Dirt|Ting-Lu|81/100
|-ability|p1a: Felt Like Dirt|Vessel of Ruin
|move|p2a: Raging Bolt|Draco Meteor|p1a: Felt Like Dirt
|-damage|p1a: Felt Like Dirt|48/100
|-unboost|p2a: Raging Bolt|spa|2
|
|-heal|p1a: Felt Like Dirt|54/100|[from] item: Leftovers
|upkeep
|turn|22
|
|t:|1781113007
|-end|p2a: Raging Bolt|Protosynthesis|[silent]
|switch|p2a: Ninetales|Ninetales, M|29/100
|-weather|SunnyDay|[from] ability: Drought|[of] p2a: Ninetales
|move|p1a: Felt Like Dirt|Rest|p1a: Felt Like Dirt
|-status|p1a: Felt Like Dirt|slp|[from] move: Rest
|-heal|p1a: Felt Like Dirt|100/100 slp|[silent]
|
|-weather|SunnyDay|[upkeep]
|upkeep
|turn|23
|
|t:|1781113013
|switch|p2a: Slither Wing|Slither Wing|51/100
|-activate|p2a: Slither Wing|ability: Protosynthesis
|-start|p2a: Slither Wing|protosynthesisatk
|switch|p1a: Battle-Hardened|Zamazenta|93/100
|
|-weather|SunnyDay|[upkeep]
|upkeep
|turn|24
|
|t:|1781113019
|-end|p2a: Slither Wing|Protosynthesis|[silent]
|switch|p2a: Alomomola|Alomomola, M|76/100 par
|move|p1a: Battle-Hardened|Stone Edge|p2a: Alomomola
|-damage|p2a: Alomomola|55/100 par
|
|-weather|SunnyDay|[upkeep]
|upkeep
|turn|25
|
|t:|1781113021
|move|p1a: Battle-Hardened|Close Combat|p2a: Alomomola
|-damage|p2a: Alomomola|18/100 par
|-unboost|p1a: Battle-Hardened|def|1
|-unboost|p1a: Battle-Hardened|spd|1
|move|p2a: Alomomola|Wish|p2a: Alomomola
|
|-weather|SunnyDay|[upkeep]
|upkeep
|turn|26
|j| poketmen
|
|t:|1781113033
|switch|p2a: Slither Wing|Slither Wing|51/100
|-activate|p2a: Slither Wing|ability: Protosynthesis
|-start|p2a: Slither Wing|protosynthesisatk
|move|p1a: Battle-Hardened|Stone Edge|p2a: Slither Wing
|-damage|p2a: Slither Wing|6/100
|
|-weather|none
|-end|p2a: Slither Wing|Protosynthesis
|-heal|p2a: Slither Wing|83/100|[from] move: Wish|[wisher] Alomomola
|upkeep
|turn|27
|
|t:|1781113057
|move|p1a: Battle-Hardened|Stone Edge|p2a: Slither Wing
|-crit|p2a: Slither Wing
|-damage|p2a: Slither Wing|18/100
|move|p2a: Slither Wing|U-turn|p1a: Battle-Hardened
|-resisted|p1a: Battle-Hardened
|-damage|p1a: Battle-Hardened|46/100
|
|t:|1781113064
|-end|p2a: Slither Wing|Protosynthesis|[silent]
|switch|p2a: Alomomola|Alomomola, M|52/100 par|[from] U-turn
|
|upkeep
|turn|28
|j| 293 r
|
|t:|1781113073
|move|p1a: Battle-Hardened|Close Combat|p2a: Alomomola
|-damage|p2a: Alomomola|9/100 par
|-unboost|p1a: Battle-Hardened|def|1
|-unboost|p1a: Battle-Hardened|spd|1
|move|p2a: Alomomola|Flip Turn|p1a: Battle-Hardened
|-damage|p1a: Battle-Hardened|15/100
|
|t:|1781113087
|switch|p2a: Iron Moth|Iron Moth|100/100|[from] Flip Turn
|-enditem|p2a: Iron Moth|Booster Energy
|-activate|p2a: Iron Moth|ability: Quark Drive|[fromitem]
|-start|p2a: Iron Moth|quarkdrivespe
|
|upkeep
|turn|29
|
|t:|1781113093
|switch|p1a: Felt Like Dirt|Ting-Lu|100/100 slp
|-ability|p1a: Felt Like Dirt|Vessel of Ruin
|move|p2a: Iron Moth|Fiery Dance|p1a: Felt Like Dirt
|-damage|p1a: Felt Like Dirt|83/100 slp
|-boost|p2a: Iron Moth|spa|1
|
|-heal|p1a: Felt Like Dirt|89/100 slp|[from] item: Leftovers
|upkeep
|turn|30
|
|t:|1781113099
|move|p2a: Iron Moth|Substitute|p2a: Iron Moth
|-start|p2a: Iron Moth|Substitute
|-damage|p2a: Iron Moth|76/100
|cant|p1a: Felt Like Dirt|slp
|move|p1a: Felt Like Dirt|Sleep Talk|p1a: Felt Like Dirt
|move|p1a: Felt Like Dirt|Earthquake|p2a: Iron Moth|[from] move: Sleep Talk
|-supereffective|p2a: Iron Moth
|-end|p2a: Iron Moth|Substitute
|
|-heal|p1a: Felt Like Dirt|95/100 slp|[from] item: Leftovers
|upkeep
|turn|31
|
|t:|1781113101
|move|p2a: Iron Moth|Fiery Dance|p1a: Felt Like Dirt
|-damage|p1a: Felt Like Dirt|72/100 slp
|-boost|p2a: Iron Moth|spa|1
|cant|p1a: Felt Like Dirt|slp
|move|p1a: Felt Like Dirt|Sleep Talk|p1a: Felt Like Dirt
|move|p1a: Felt Like Dirt|Earthquake|p2a: Iron Moth|[from] move: Sleep Talk
|-supereffective|p2a: Iron Moth
|-damage|p2a: Iron Moth|0 fnt
|faint|p2a: Iron Moth
|-end|p2a: Iron Moth|Quark Drive|[silent]
|
|-heal|p1a: Felt Like Dirt|78/100 slp|[from] item: Leftovers
|upkeep
|
|t:|1781113118
|switch|p2a: Slither Wing|Slither Wing|18/100
|turn|32
|
|t:|1781113132
|switch|p1a: Thrill Bottle|Gholdengo|85/100
|move|p2a: Slither Wing|Close Combat|p1a: Thrill Bottle
|-immune|p1a: Thrill Bottle
|
|upkeep
|turn|33
|
|t:|1781113138
|-end|p2a: Slither Wing|Protosynthesis|[silent]
|switch|p2a: Ninetales|Ninetales, M|29/100
|-weather|SunnyDay|[from] ability: Drought|[of] p2a: Ninetales
|move|p1a: Thrill Bottle|Hex|p2a: Ninetales
|-damage|p2a: Ninetales|0 fnt
|faint|p2a: Ninetales
|
|-weather|SunnyDay|[upkeep]
|upkeep
|
|t:|1781113154
|switch|p2a: Alomomola|Alomomola, M|42/100 par
|turn|34
|
|t:|1781113157
|move|p1a: Thrill Bottle|Hex|p2a: Alomomola
|-damage|p2a: Alomomola|0 fnt
|faint|p2a: Alomomola
|
|-weather|SunnyDay|[upkeep]
|upkeep
|
|t:|1781113174
|switch|p2a: Raging Bolt|Raging Bolt, tera:Fairy|100/100
|-activate|p2a: Raging Bolt|ability: Protosynthesis
|-start|p2a: Raging Bolt|protosynthesisspa
|turn|35
|
|t:|1781113181
|move|p1a: Thrill Bottle|Thunder Wave|p2a: Raging Bolt
|-status|p2a: Raging Bolt|par
|cant|p2a: Raging Bolt|par
|
|-weather|SunnyDay|[upkeep]
|upkeep
|turn|36
|
|t:|1781113184
|move|p1a: Thrill Bottle|Hex|p2a: Raging Bolt
|-damage|p2a: Raging Bolt|69/100 par
|move|p2a: Raging Bolt|Weather Ball|p1a: Thrill Bottle
|-supereffective|p1a: Thrill Bottle
|-damage|p1a: Thrill Bottle|0 fnt
|faint|p1a: Thrill Bottle
|
|-weather|SunnyDay|[upkeep]
|upkeep
|l| Fat_Yogi
|
|t:|1781113187
|switch|p1a: Felt Like Dirt|Ting-Lu|78/100 slp
|-ability|p1a: Felt Like Dirt|Vessel of Ruin
|turn|37
|
|t:|1781113197
|-end|p2a: Raging Bolt|Protosynthesis|[silent]
|switch|p2a: Slither Wing|Slither Wing|18/100
|-activate|p2a: Slither Wing|ability: Protosynthesis
|-start|p2a: Slither Wing|protosynthesisatk
|-terastallize|p1a: Felt Like Dirt|Water
|-curestatus|p1a: Felt Like Dirt|slp|[msg]
|move|p1a: Felt Like Dirt|Earthquake|p2a: Slither Wing
|-resisted|p2a: Slither Wing
|-damage|p2a: Slither Wing|0 fnt
|faint|p2a: Slither Wing
|-end|p2a: Slither Wing|Protosynthesis|[silent]
|
|-weather|none
|-heal|p1a: Felt Like Dirt|84/100|[from] item: Leftovers
|upkeep
|l| 293 r
|
|t:|1781113200
|switch|p2a: Raging Bolt|Raging Bolt, tera:Fairy|69/100 par
|turn|38
|
|t:|1781113204
|move|p1a: Felt Like Dirt|Earthquake|p2a: Raging Bolt
|-damage|p2a: Raging Bolt|37/100 par
|move|p2a: Raging Bolt|Volt Switch|p1a: Felt Like Dirt
|-supereffective|p1a: Felt Like Dirt
|-damage|p1a: Felt Like Dirt|50/100
|
|-heal|p1a: Felt Like Dirt|56/100|[from] item: Leftovers
|upkeep
|turn|39
|
|t:|1781113211
|move|p1a: Felt Like Dirt|Earthquake|p2a: Raging Bolt
|-damage|p2a: Raging Bolt|6/100 par
|move|p2a: Raging Bolt|Volt Switch|p1a: Felt Like Dirt
|-supereffective|p1a: Felt Like Dirt
|-damage|p1a: Felt Like Dirt|18/100
|
|-heal|p1a: Felt Like Dirt|24/100|[from] item: Leftovers
|upkeep
|turn|40
|
|t:|1781113218
|move|p2a: Raging Bolt|Thunderclap|p1a: Felt Like Dirt
|-supereffective|p1a: Felt Like Dirt
|-damage|p1a: Felt Like Dirt|0 fnt
|faint|p1a: Felt Like Dirt
|
|upkeep
|
|t:|1781113222
|switch|p1a: Battle-Hardened|Zamazenta|15/100
|turn|41
|
|t:|1781113225
|move|p2a: Raging Bolt|Thunderclap|p1a: Battle-Hardened
|-damage|p1a: Battle-Hardened|0 fnt
|faint|p1a: Battle-Hardened
|
|win|lord shiddenfards
|raw|Frobisher bay's rating: 1649 &rarr; <strong>1631</strong><br />(-18 for losing)
|raw|lord shiddenfards's rating: 1684 &rarr; <strong>1702</strong><br />(+18 for winning)
|l|☆Frobisher bay
|player|p1|
|l|☆lord shiddenfards
|player|p2|
