|j|☆retsewe
|j|☆OP Earthquakes
|t:|1781128972
|gametype|singles
|player|p1|retsewe|101|1653
|player|p2|OP Earthquakes|giovanni-masters|1765
|gen|9
|tier|[Gen 9] OU
|rated|
|rule|HP Percentage Mod: HP is shown in percentages
|rule|Endless Battle Clause: Forcing endless battles is banned
|rule|Species Clause: Limit one of each Pokémon
|rule|OHKO Clause: OHKO moves are banned
|rule|Evasion Items Clause: Evasion items are banned
|rule|Evasion Moves Clause: Evasion moves are banned
|rule|Evasion Abilities Clause: Evasion abilities are banned
|rule|Sleep Moves Clause: Sleep-inducing moves are banned
|clearpoke
|poke|p1|Kyurem|
|poke|p1|Grimmsnarl, M|
|poke|p1|Gyarados, M|
|poke|p1|Dragonite, F|
|poke|p1|Hatterene, F|
|poke|p1|Heatran, F|
|poke|p2|Tyranitar, M|
|poke|p2|Pawmot, F|
|poke|p2|Kyurem|
|poke|p2|Excadrill, F|
|poke|p2|Hawlucha, M|
|poke|p2|Zamazenta-*|
|teampreview
|inactive|Battle timer is ON: inactive players will automatically lose when time's up. (requested by OP Earthquakes)
|
|t:|1781128995
|teamsize|p1|6
|teamsize|p2|6
|start
|switch|p1a: Hatterene|Hatterene, F|100/100
|switch|p2a: OP|Excadrill, F|100/100
|turn|1
|
|t:|1781129003
|switch|p1a: Gyarados|Gyarados, M|100/100
|move|p2a: OP|Iron Head|p1a: Gyarados
|-resisted|p1a: Gyarados
|-damage|p1a: Gyarados|56/100
|
|upkeep
|turn|2
|
|t:|1781129016
|switch|p2a: Itachi|Hawlucha, M, shiny|100/100
|-ability|p2a: Itachi|Mold Breaker
|move|p1a: Gyarados|Dragon Dance|p1a: Gyarados
|-boost|p1a: Gyarados|atk|1
|-boost|p1a: Gyarados|spe|1
|
|upkeep
|turn|3
|
|t:|1781129024
|move|p1a: Gyarados|Ice Fang|p2a: Itachi
|-supereffective|p2a: Itachi
|-damage|p2a: Itachi|0 fnt
|faint|p2a: Itachi
|-ability|p1a: Gyarados|Moxie|boost
|-boost|p1a: Gyarados|atk|1
|
|upkeep
|inactive|OP Earthquakes has 120 seconds left.
|
|t:|1781129059
|switch|p2a: Toshiro|Kyurem, shiny|100/100
|-ability|p2a: Toshiro|Pressure
|turn|4
|inactive|retsewe has 120 seconds left.
|
|t:|1781129095
|-terastallize|p1a: Gyarados|Ground
|move|p1a: Gyarados|Earthquake|p2a: Toshiro
|-damage|p2a: Toshiro|0 fnt
|faint|p2a: Toshiro
|-ability|p1a: Gyarados|Moxie|boost
|-boost|p1a: Gyarados|atk|1
|
|upkeep
|inactive|OP Earthquakes has 120 seconds left.
|
|t:|1781129109
|switch|p2a: Zamazenta|Zamazenta|100/100
|-ability|p2a: Zamazenta|Dauntless Shield|boost
|-boost|p2a: Zamazenta|def|1
|turn|5
|
|t:|1781129114
|move|p2a: Zamazenta|Close Combat|p1a: Gyarados
|-damage|p1a: Gyarados|0 fnt
|-unboost|p2a: Zamazenta|def|1
|-unboost|p2a: Zamazenta|spd|1
|faint|p1a: Gyarados
|
|upkeep
|
|t:|1781129121
|switch|p1a: Dragonite|Dragonite, F|100/100
|turn|6
|
|t:|1781129124
|switch|p2a: The sandstorm|Tyranitar, M, shiny|100/100
|-weather|Sandstorm|[from] ability: Sand Stream|[of] p2a: The sandstorm
|move|p1a: Dragonite|Hurricane|p2a: The sandstorm
|-resisted|p2a: The sandstorm
|-damage|p2a: The sandstorm|88/100
|-start|p2a: The sandstorm|confusion
|
|-weather|Sandstorm|[upkeep]
|-damage|p1a: Dragonite|94/100|[from] Sandstorm
|upkeep
|turn|7
|j| silver jay#2240
|
|t:|1781129138
|switch|p1a: Hatterene|Hatterene, F|100/100
|-activate|p2a: The sandstorm|confusion
|move|p2a: The sandstorm|Ice Beam|p1a: Hatterene
|-damage|p1a: Hatterene|73/100
|
|-weather|Sandstorm|[upkeep]
|-damage|p1a: Hatterene|67/100|[from] Sandstorm
|-heal|p1a: Hatterene|73/100|[from] item: Leftovers
|upkeep
|turn|8
|
|t:|1781129160
|switch|p2a: OP|Excadrill, F|100/100
|move|p1a: Hatterene|Draining Kiss|p2a: OP
|-resisted|p2a: OP
|-damage|p2a: OP|82/100
|-heal|p1a: Hatterene|89/100|[from] drain|[of] p2a: OP
|
|-weather|Sandstorm|[upkeep]
|-damage|p1a: Hatterene|83/100|[from] Sandstorm
|-heal|p1a: Hatterene|89/100|[from] item: Leftovers
|upkeep
|turn|9
|
|t:|1781129172
|switch|p1a: Heatran|Heatran, F|100/100
|move|p2a: OP|Earthquake|p1a: Heatran
|-supereffective|p1a: Heatran
|-damage|p1a: Heatran|0 fnt
|faint|p1a: Heatran
|
|-weather|Sandstorm|[upkeep]
|upkeep
|inactive|retsewe has 120 seconds left.
|
|t:|1781129190
|switch|p1a: Grimmsnarl|Grimmsnarl, M, shiny|100/100
|turn|10
|
|t:|1781129195
|move|p1a: Grimmsnarl|Taunt|p2a: OP
|-start|p2a: OP|move: Taunt
|move|p2a: OP|Earthquake|p1a: Grimmsnarl
|-damage|p1a: Grimmsnarl|0 fnt
|faint|p1a: Grimmsnarl
|
|-weather|Sandstorm|[upkeep]
|upkeep
|
|t:|1781129204
|switch|p1a: Kyurem|Kyurem|100/100
|-ability|p1a: Kyurem|Pressure
|turn|11
|
|t:|1781129211
|switch|p2a: Zamazenta|Zamazenta|100/100
|move|p1a: Kyurem|Earth Power|p2a: Zamazenta
|-damage|p2a: Zamazenta|72/100
|
|-weather|Sandstorm|[upkeep]
|-damage|p2a: Zamazenta|66/100|[from] Sandstorm
|-damage|p1a: Kyurem|94/100|[from] Sandstorm
|upkeep
|turn|12
|
|t:|1781129221
|switch|p1a: Hatterene|Hatterene, F|89/100
|move|p2a: Zamazenta|Iron Head|p1a: Hatterene
|-supereffective|p1a: Hatterene
|-damage|p1a: Hatterene|39/100
|
|-weather|Sandstorm|[upkeep]
|-damage|p2a: Zamazenta|60/100|[from] Sandstorm
|-damage|p1a: Hatterene|34/100|[from] Sandstorm
|-heal|p1a: Hatterene|39/100|[from] item: Leftovers
|upkeep
|turn|13
|-message|retsewe forfeited.
|
|win|OP Earthquakes
|raw|retsewe's rating: 1653 &rarr; <strong>1639</strong><br />(-14 for losing)
|raw|OP Earthquakes's rating: 1765 &rarr; <strong>1779</strong><br />(+14 for winning)
|l|☆retsewe
|player|p1|
|l|☆OP Earthquakes
|player|p2|
