|j|☆spudcutter
|j|☆temporarylight
|t:|1781546530
|gametype|singles
|player|p1|spudcutter|ghetsis-gen5bw|1732
|player|p2|temporarylight|jogger|1761
|gen|9
|tier|[Gen 9] OU
|rated|
|rule|HP Percentage Mod: HP is shown in percentages
|rule|Endless Battle Clause: Forcing endless battles is banned
|rule|Species Clause: Limit one of each Pokémon
|rule|OHKO Clause: OHKO moves are banned
|rule|Evasion Items Clause: Evasion items are banned
|rule|Evasion Moves Clause: Evasion moves are banned
|rule|Evasion Abilities Clause: Evasion abilities are banned
|rule|Sleep Moves Clause: Sleep-inducing moves are banned
|clearpoke
|poke|p1|Tyranitar, M|
|poke|p1|Deoxys-Speed|
|poke|p1|Slowking-Galar, F|
|poke|p1|Great Tusk|
|poke|p1|Raging Bolt|
|poke|p1|Dondozo, F|
|poke|p2|Ting-Lu|
|poke|p2|Gholdengo|
|poke|p2|Dragonite, F|
|poke|p2|Volcanion|
|poke|p2|Hatterene, F|
|poke|p2|Zapdos-Galar|
|teampreview
|inactive|Battle timer is ON: inactive players will automatically lose when time's up. (requested by spudcutter)
|j| TheSacredJackal⨕
|inactive|spudcutter has 120 seconds left.
|j| BiscoitoXDBr
|
|t:|1781546576
|teamsize|p1|6
|teamsize|p2|6
|start
|switch|p1a: Tyranitar|Tyranitar, M|100/100
|switch|p2a: Zapdos|Zapdos-Galar|100/100
|-weather|Sandstorm|[from] ability: Sand Stream|[of] p1a: Tyranitar
|turn|1
|j| have we gone
|
|t:|1781546585
|switch|p1a: Dondozo|Dondozo, F|100/100
|move|p2a: Zapdos|Close Combat|p1a: Dondozo
|-damage|p1a: Dondozo|72/100
|-unboost|p2a: Zapdos|def|1
|-unboost|p2a: Zapdos|spd|1
|-damage|p2a: Zapdos|84/100|[from] item: Rocky Helmet|[of] p1a: Dondozo
|
|-weather|Sandstorm|[upkeep]
|-damage|p2a: Zapdos|78/100|[from] Sandstorm
|-damage|p1a: Dondozo|66/100|[from] Sandstorm
|upkeep
|turn|2
|
|t:|1781546590
|switch|p2a: Volcanion|Volcanion|100/100
|switch|p1a: Deoxys|Deoxys-Speed|100/100
|-ability|p1a: Deoxys|Pressure
|
|-weather|Sandstorm|[upkeep]
|-damage|p1a: Deoxys|94/100|[from] Sandstorm
|-damage|p2a: Volcanion|95/100|[from] Sandstorm
|upkeep
|turn|3
|
|t:|1781546594
|move|p1a: Deoxys|Psycho Boost|p2a: Volcanion|[miss]
|-miss|p1a: Deoxys|p2a: Volcanion
|move|p2a: Volcanion|Steam Eruption|p1a: Deoxys
|-crit|p1a: Deoxys
|-damage|p1a: Deoxys|0 fnt
|faint|p1a: Deoxys
|
|-weather|Sandstorm|[upkeep]
|-damage|p2a: Volcanion|89/100|[from] Sandstorm
|upkeep
|c|☆temporarylight|mb
|
|t:|1781546597
|switch|p1a: Slowking|Slowking-Galar, F|100/100
|turn|4
|
|t:|1781546602
|switch|p2a: Ting-Lu|Ting-Lu|100/100
|-ability|p2a: Ting-Lu|Vessel of Ruin
|move|p1a: Slowking|Sludge Bomb|p2a: Ting-Lu
|-resisted|p2a: Ting-Lu
|-damage|p2a: Ting-Lu|91/100
|
|-weather|Sandstorm|[upkeep]
|-damage|p1a: Slowking|94/100|[from] Sandstorm
|-heal|p2a: Ting-Lu|97/100|[from] item: Leftovers
|upkeep
|turn|5
|
|t:|1781546608
|switch|p2a: Zapdos|Zapdos-Galar|78/100
|switch|p1a: Great Tusk|Great Tusk|100/100
|
|-weather|none
|upkeep
|turn|6
|
|t:|1781546612
|move|p2a: Zapdos|Brave Bird|p1a: Great Tusk
|-supereffective|p1a: Great Tusk
|-damage|p1a: Great Tusk|41/100
|-damage|p2a: Zapdos|51/100|[from] Recoil
|move|p1a: Great Tusk|Stealth Rock|p2a: Zapdos
|-sidestart|p2: temporarylight|move: Stealth Rock
|
|-heal|p1a: Great Tusk|47/100|[from] item: Leftovers
|upkeep
|turn|7
|
|t:|1781546615
|-end|p1a: Great Tusk|Protosynthesis|[silent]
|switch|p1a: Raging Bolt|Raging Bolt|100/100
|move|p2a: Zapdos|Brave Bird|p1a: Raging Bolt
|-resisted|p1a: Raging Bolt
|-damage|p1a: Raging Bolt|75/100
|-damage|p2a: Zapdos|39/100|[from] Recoil
|
|-heal|p1a: Raging Bolt|81/100|[from] item: Leftovers
|upkeep
|turn|8
|j| DA COME UP
|
|t:|1781546623
|switch|p2a: Ting-Lu|Ting-Lu|97/100
|-damage|p2a: Ting-Lu|91/100|[from] Stealth Rock
|-ability|p2a: Ting-Lu|Vessel of Ruin
|move|p1a: Raging Bolt|Dragon Pulse|p2a: Ting-Lu
|-damage|p2a: Ting-Lu|71/100
|
|-heal|p1a: Raging Bolt|87/100|[from] item: Leftovers
|-heal|p2a: Ting-Lu|77/100|[from] item: Leftovers
|upkeep
|turn|9
|
|t:|1781546627
|-end|p1a: Raging Bolt|Protosynthesis|[silent]
|switch|p1a: Great Tusk|Great Tusk|47/100
|move|p2a: Ting-Lu|Stealth Rock|p1a: Great Tusk
|-sidestart|p1: spudcutter|move: Stealth Rock
|
|-heal|p1a: Great Tusk|53/100|[from] item: Leftovers
|-heal|p2a: Ting-Lu|83/100|[from] item: Leftovers
|upkeep
|turn|10
|
|t:|1781546634
|switch|p2a: Gholdengo|Gholdengo|100/100
|-damage|p2a: Gholdengo|94/100|[from] Stealth Rock
|move|p1a: Great Tusk|Rapid Spin|p2a: Gholdengo
|-immune|p2a: Gholdengo
|
|-heal|p1a: Great Tusk|60/100|[from] item: Leftovers
|upkeep
|turn|11
|
|t:|1781546642
|-end|p1a: Great Tusk|Protosynthesis|[silent]
|switch|p1a: Tyranitar|Tyranitar, M|100/100
|-damage|p1a: Tyranitar|88/100|[from] Stealth Rock
|-weather|Sandstorm|[from] ability: Sand Stream|[of] p1a: Tyranitar
|move|p2a: Gholdengo|Shadow Ball|p1a: Tyranitar
|-resisted|p1a: Tyranitar
|-damage|p1a: Tyranitar|80/100
|
|-weather|Sandstorm|[upkeep]
|upkeep
|turn|12
|
|t:|1781546664
|switch|p2a: Magic I Bounce U|Hatterene, F, shiny|100/100
|-damage|p2a: Magic I Bounce U|88/100|[from] Stealth Rock
|move|p1a: Tyranitar|Knock Off|p2a: Magic I Bounce U
|-damage|p2a: Magic I Bounce U|41/100
|-damage|p1a: Tyranitar|64/100|[from] item: Rocky Helmet|[of] p2a: Magic I Bounce U
|-enditem|p2a: Magic I Bounce U|Rocky Helmet|[from] move: Knock Off|[of] p1a: Tyranitar
|
|-weather|Sandstorm|[upkeep]
|-damage|p2a: Magic I Bounce U|35/100|[from] Sandstorm
|upkeep
|turn|13
|
|t:|1781546669
|move|p1a: Tyranitar|Iron Head|p2a: Magic I Bounce U
|-supereffective|p2a: Magic I Bounce U
|-damage|p2a: Magic I Bounce U|0 fnt
|faint|p2a: Magic I Bounce U
|
|-weather|Sandstorm|[upkeep]
|upkeep
|
|t:|1781546673
|switch|p2a: Zapdos|Zapdos-Galar|39/100
|-damage|p2a: Zapdos|27/100|[from] Stealth Rock
|turn|14
|
|t:|1781546682
|switch|p1a: Slowking|Slowking-Galar, F|100/100
|-damage|p1a: Slowking|88/100|[from] Stealth Rock
|move|p2a: Zapdos|Close Combat|p1a: Slowking
|-resisted|p1a: Slowking
|-damage|p1a: Slowking|70/100
|-unboost|p2a: Zapdos|def|1
|-unboost|p2a: Zapdos|spd|1
|
|-weather|Sandstorm|[upkeep]
|-damage|p2a: Zapdos|20/100|[from] Sandstorm
|-damage|p1a: Slowking|64/100|[from] Sandstorm
|upkeep
|turn|15
|
|t:|1781546686
|switch|p2a: Gholdengo|Gholdengo|94/100
|-damage|p2a: Gholdengo|88/100|[from] Stealth Rock
|move|p1a: Slowking|Sludge Bomb|p2a: Gholdengo
|-immune|p2a: Gholdengo
|
|-weather|none
|upkeep
|turn|16
|
|t:|1781546692
|move|p2a: Gholdengo|Shadow Ball|p1a: Slowking
|-supereffective|p1a: Slowking
|-damage|p1a: Slowking|16/100
|move|p1a: Slowking|Flamethrower|p2a: Gholdengo
|-supereffective|p2a: Gholdengo
|-damage|p2a: Gholdengo|14/100
|
|upkeep
|turn|17
|
|t:|1781546695
|switch|p1a: Tyranitar|Tyranitar, M|64/100
|-damage|p1a: Tyranitar|51/100|[from] Stealth Rock
|-weather|Sandstorm|[from] ability: Sand Stream|[of] p1a: Tyranitar
|move|p2a: Gholdengo|Shadow Ball|p1a: Tyranitar
|-resisted|p1a: Tyranitar
|-damage|p1a: Tyranitar|43/100
|
|-weather|Sandstorm|[upkeep]
|upkeep
|turn|18
|j| kkfontinele
|
|t:|1781546699
|switch|p2a: Ting-Lu|Ting-Lu|83/100
|-damage|p2a: Ting-Lu|77/100|[from] Stealth Rock
|-ability|p2a: Ting-Lu|Vessel of Ruin
|move|p1a: Tyranitar|Knock Off|p2a: Ting-Lu
|-resisted|p2a: Ting-Lu
|-damage|p2a: Ting-Lu|61/100
|-enditem|p2a: Ting-Lu|Leftovers|[from] move: Knock Off|[of] p1a: Tyranitar
|
|-weather|Sandstorm|[upkeep]
|upkeep
|turn|19
|
|t:|1781546707
|move|p1a: Tyranitar|Low Kick|p2a: Ting-Lu
|-supereffective|p2a: Ting-Lu
|-damage|p2a: Ting-Lu|8/100
|move|p2a: Ting-Lu|Whirlwind|p1a: Tyranitar
|drag|p1a: Dondozo|Dondozo, F|66/100
|-damage|p1a: Dondozo|53/100|[from] Stealth Rock
|
|-weather|Sandstorm|[upkeep]
|-damage|p1a: Dondozo|47/100|[from] Sandstorm
|upkeep
|turn|20
|
|t:|1781546714
|move|p2a: Ting-Lu|Earthquake|p1a: Dondozo
|-damage|p1a: Dondozo|32/100
|move|p1a: Dondozo|Rest|p1a: Dondozo
|-status|p1a: Dondozo|slp|[from] move: Rest
|-heal|p1a: Dondozo|100/100 slp|[silent]
|
|-weather|Sandstorm|[upkeep]
|-damage|p1a: Dondozo|94/100 slp|[from] Sandstorm
|upkeep
|turn|21
|
|t:|1781546717
|move|p2a: Ting-Lu|Ruination|p1a: Dondozo
|-damage|p1a: Dondozo|47/100 slp
|cant|p1a: Dondozo|slp
|move|p1a: Dondozo|Sleep Talk|p1a: Dondozo
|move|p1a: Dondozo|Rest||[from] move: Sleep Talk|[still]
|-fail|p1a: Dondozo
|
|-weather|none
|upkeep
|turn|22
|
|t:|1781546720
|move|p2a: Ting-Lu|Ruination|p1a: Dondozo
|-damage|p1a: Dondozo|24/100 slp
|cant|p1a: Dondozo|slp
|move|p1a: Dondozo|Sleep Talk|p1a: Dondozo
|move|p1a: Dondozo|Rest||[from] move: Sleep Talk|[still]
|-fail|p1a: Dondozo
|
|upkeep
|turn|23
|
|t:|1781546724
|move|p2a: Ting-Lu|Earthquake|p1a: Dondozo
|-damage|p1a: Dondozo|6/100 slp
|-curestatus|p1a: Dondozo|slp|[msg]
|move|p1a: Dondozo|Rest|p1a: Dondozo
|-status|p1a: Dondozo|slp|[from] move: Rest
|-heal|p1a: Dondozo|100/100 slp|[silent]
|
|upkeep
|turn|24
|
|t:|1781546727
|switch|p1a: Great Tusk|Great Tusk|60/100
|-damage|p1a: Great Tusk|57/100|[from] Stealth Rock
|move|p2a: Ting-Lu|Ruination|p1a: Great Tusk|[miss]
|-miss|p2a: Ting-Lu|p1a: Great Tusk
|
|-heal|p1a: Great Tusk|63/100|[from] item: Leftovers
|upkeep
|turn|25
|
|t:|1781546733
|move|p1a: Great Tusk|Knock Off|p2a: Ting-Lu
|-resisted|p2a: Ting-Lu
|-damage|p2a: Ting-Lu|3/100
|move|p2a: Ting-Lu|Ruination|p1a: Great Tusk
|-damage|p1a: Great Tusk|32/100
|
|-heal|p1a: Great Tusk|38/100|[from] item: Leftovers
|upkeep
|turn|26
|
|t:|1781546736
|switch|p2a: Gholdengo|Gholdengo|14/100
|-damage|p2a: Gholdengo|7/100|[from] Stealth Rock
|move|p1a: Great Tusk|Rapid Spin|p2a: Gholdengo
|-immune|p2a: Gholdengo
|
|-heal|p1a: Great Tusk|44/100|[from] item: Leftovers
|upkeep
|turn|27
|
|t:|1781546746
|-end|p1a: Great Tusk|Protosynthesis|[silent]
|switch|p1a: Tyranitar|Tyranitar, M|43/100
|-damage|p1a: Tyranitar|31/100|[from] Stealth Rock
|-weather|Sandstorm|[from] ability: Sand Stream|[of] p1a: Tyranitar
|move|p2a: Gholdengo|Make It Rain|p1a: Tyranitar
|-supereffective|p1a: Tyranitar
|-damage|p1a: Tyranitar|0 fnt
|-unboost|p2a: Gholdengo|spa|1
|faint|p1a: Tyranitar
|
|-weather|Sandstorm|[upkeep]
|upkeep
|
|t:|1781546748
|switch|p1a: Raging Bolt|Raging Bolt|87/100
|-damage|p1a: Raging Bolt|75/100|[from] Stealth Rock
|turn|28
|
|t:|1781546751
|switch|p2a: Ting-Lu|Ting-Lu|3/100
|-damage|p2a: Ting-Lu|0 fnt|[from] Stealth Rock
|faint|p2a: Ting-Lu
|move|p1a: Raging Bolt|Calm Mind|p1a: Raging Bolt
|-boost|p1a: Raging Bolt|spa|1
|-boost|p1a: Raging Bolt|spd|1
|
|-weather|Sandstorm|[upkeep]
|-damage|p1a: Raging Bolt|69/100|[from] Sandstorm
|-heal|p1a: Raging Bolt|75/100|[from] item: Leftovers
|upkeep
|
|t:|1781546757
|switch|p2a: Gholdengo|Gholdengo|7/100
|-damage|p2a: Gholdengo|1/100|[from] Stealth Rock
|turn|29
|j| mysticzak
|
|t:|1781546765
|-end|p1a: Raging Bolt|Protosynthesis|[silent]
|switch|p1a: Great Tusk|Great Tusk|44/100
|-damage|p1a: Great Tusk|41/100|[from] Stealth Rock
|move|p2a: Gholdengo|Shadow Ball|p1a: Great Tusk
|-damage|p1a: Great Tusk|0 fnt
|faint|p1a: Great Tusk
|-end|p1a: Great Tusk|Protosynthesis|[silent]
|
|-weather|Sandstorm|[upkeep]
|upkeep
|l| have we gone
|
|t:|1781546768
|switch|p1a: Raging Bolt|Raging Bolt|75/100
|-damage|p1a: Raging Bolt|62/100|[from] Stealth Rock
|turn|30
|
|t:|1781546771
|move|p1a: Raging Bolt|Thunderclap|p2a: Gholdengo
|-damage|p2a: Gholdengo|0 fnt
|faint|p2a: Gholdengo
|
|-weather|Sandstorm|[upkeep]
|-damage|p1a: Raging Bolt|56/100|[from] Sandstorm
|-heal|p1a: Raging Bolt|62/100|[from] item: Leftovers
|upkeep
|
|t:|1781546776
|switch|p2a: Dragonite|Dragonite, F, shiny|100/100
|turn|31
|
|t:|1781546779
|-terastallize|p1a: Raging Bolt|Flying
|move|p2a: Dragonite|Earthquake|p1a: Raging Bolt
|-immune|p1a: Raging Bolt
|move|p1a: Raging Bolt|Dragon Pulse|p2a: Dragonite
|-supereffective|p2a: Dragonite
|-damage|p2a: Dragonite|47/100
|
|-weather|none
|-heal|p1a: Raging Bolt|69/100|[from] item: Leftovers
|upkeep
|turn|32
|
|t:|1781546786
|move|p2a: Dragonite|Outrage|p1a: Raging Bolt
|-damage|p1a: Raging Bolt|10/100
|move|p1a: Raging Bolt|Dragon Pulse|p2a: Dragonite
|-supereffective|p2a: Dragonite
|-damage|p2a: Dragonite|0 fnt
|faint|p2a: Dragonite
|
|-heal|p1a: Raging Bolt|17/100|[from] item: Leftovers
|upkeep
|
|t:|1781546794
|switch|p2a: Zapdos|Zapdos-Galar|20/100
|-damage|p2a: Zapdos|8/100|[from] Stealth Rock
|turn|33
|
|t:|1781546797
|move|p1a: Raging Bolt|Thunderclap|p2a: Zapdos
|-supereffective|p2a: Zapdos
|-damage|p2a: Zapdos|0 fnt
|faint|p2a: Zapdos
|
|-heal|p1a: Raging Bolt|23/100|[from] item: Leftovers
|upkeep
|
|t:|1781546798
|switch|p2a: Volcanion|Volcanion|89/100
|-damage|p2a: Volcanion|64/100|[from] Stealth Rock
|turn|34
|
|t:|1781546800
|-terastallize|p2a: Volcanion|Water
|move|p1a: Raging Bolt|Thunderclap|p2a: Volcanion
|-supereffective|p2a: Volcanion
|-damage|p2a: Volcanion|0 fnt
|faint|p2a: Volcanion
|
|win|spudcutter
|raw|spudcutter's rating: 1732 &rarr; <strong>1754</strong><br />(+22 for winning)
|raw|temporarylight's rating: 1761 &rarr; <strong>1739</strong><br />(-22 for losing)
|l|☆temporarylight
|player|p2|
|l|☆spudcutter
|player|p1|
|l| kkfontinele
|l| DA COME UP
|l| BiscoitoXDBr
|l| mysticzak
|j| mysticzak
|l| mysticzak
