|j|☆Wanawa8724
|j|☆isaac_gam3r
|t:|1781461309
|gametype|singles
|player|p1|Wanawa8724|wattson|1707
|player|p2|isaac_gam3r|acetrainer-gen4dp|1709
|gen|9
|tier|[Gen 9] OU
|rated|
|rule|HP Percentage Mod: HP is shown in percentages
|rule|Endless Battle Clause: Forcing endless battles is banned
|rule|Species Clause: Limit one of each Pokémon
|rule|OHKO Clause: OHKO moves are banned
|rule|Evasion Items Clause: Evasion items are banned
|rule|Evasion Moves Clause: Evasion moves are banned
|rule|Evasion Abilities Clause: Evasion abilities are banned
|rule|Sleep Moves Clause: Sleep-inducing moves are banned
|clearpoke
|poke|p1|Lokix, F|
|poke|p1|Gholdengo|
|poke|p1|Great Tusk|
|poke|p1|Mandibuzz, F|
|poke|p1|Slowking-Galar, F|
|poke|p1|Primarina, M|
|poke|p2|Primarina, F|
|poke|p2|Raging Bolt|
|poke|p2|Heatran, M|
|poke|p2|Weezing-Galar, M|
|poke|p2|Garchomp, M|
|poke|p2|Weavile, M|
|teampreview
|inactive|Battle timer is ON: inactive players will automatically lose when time's up. (requested by isaac_gam3r)
|
|t:|1781461322
|teamsize|p1|6
|teamsize|p2|6
|start
|switch|p1a: Lokix|Lokix, F|100/100
|switch|p2a: Weezing|Weezing-Galar, M, shiny|100/100
|turn|1
|
|t:|1781461328
|move|p1a: Lokix|U-turn|p2a: Weezing
|-resisted|p2a: Weezing
|-damage|p2a: Weezing|83/100
|
|t:|1781461332
|switch|p1a: Slowking|Slowking-Galar, F|100/100|[from] U-turn
|move|p2a: Weezing|Will-O-Wisp|p1a: Slowking
|-status|p1a: Slowking|brn
|
|-heal|p2a: Weezing|89/100|[from] item: Black Sludge
|-damage|p1a: Slowking|94/100 brn|[from] brn
|upkeep
|turn|2
|
|t:|1781461340
|switch|p2a: Garchomp|Garchomp, M|100/100
|-prepare|p1a: Slowking|Chilly Reception|[premajor]
|move|p1a: Slowking|Chilly Reception|p1a: Slowking
|-weather|Snowscape
|
|t:|1781461344
|switch|p1a: Primarina|Primarina, M|100/100|[from] Chilly Reception
|
|-weather|Snowscape|[upkeep]
|upkeep
|turn|3
|
|t:|1781461350
|move|p2a: Garchomp|Poison Jab|p1a: Primarina
|-supereffective|p1a: Primarina
|-damage|p1a: Primarina|32/100
|move|p1a: Primarina|Moonblast|p2a: Garchomp
|-supereffective|p2a: Garchomp
|-damage|p2a: Garchomp|0 fnt
|faint|p2a: Garchomp
|
|-weather|Snowscape|[upkeep]
|upkeep
|c|☆Wanawa8724|gosh dayum
|
|t:|1781461357
|switch|p2a: Raging Bolt|Raging Bolt|100/100
|turn|4
|
|t:|1781461364
|switch|p1a: Slowking|Slowking-Galar, F|100/100 brn
|move|p2a: Raging Bolt|Thunderclap||[still]
|-fail|p2a: Raging Bolt
|
|-weather|Snowscape|[upkeep]
|-damage|p1a: Slowking|94/100 brn|[from] brn
|upkeep
|turn|5
|
|t:|1781461369
|move|p2a: Raging Bolt|Calm Mind|p2a: Raging Bolt
|-boost|p2a: Raging Bolt|spa|1
|-boost|p2a: Raging Bolt|spd|1
|move|p1a: Slowking|Future Sight|p2a: Raging Bolt
|-start|p1a: Slowking|move: Future Sight
|
|-weather|Snowscape|[upkeep]
|-damage|p1a: Slowking|88/100 brn|[from] brn
|upkeep
|turn|6
|
|t:|1781461373
|move|p2a: Raging Bolt|Calm Mind|p2a: Raging Bolt
|-boost|p2a: Raging Bolt|spa|1
|-boost|p2a: Raging Bolt|spd|1
|-prepare|p1a: Slowking|Chilly Reception|[premajor]
|move|p1a: Slowking|Chilly Reception|p1a: Slowking
|
|t:|1781461375
|switch|p1a: Great Tusk|Great Tusk|100/100|[from] Chilly Reception
|
|-weather|none
|upkeep
|turn|7
|
|t:|1781461377
|-terastallize|p2a: Raging Bolt|Fairy
|move|p1a: Great Tusk|Headlong Rush|p2a: Raging Bolt
|-damage|p2a: Raging Bolt|53/100
|-unboost|p1a: Great Tusk|def|1
|-unboost|p1a: Great Tusk|spd|1
|move|p2a: Raging Bolt|Dragon Pulse|p1a: Great Tusk
|-damage|p1a: Great Tusk|0 fnt
|faint|p1a: Great Tusk
|-end|p1a: Great Tusk|Protosynthesis|[silent]
|
|-end|p2a: Raging Bolt|move: Future Sight
|-damage|p2a: Raging Bolt|33/100
|-heal|p2a: Raging Bolt|39/100|[from] item: Leftovers
|upkeep
|
|t:|1781461397
|switch|p1a: Lokix|Lokix, F|100/100
|turn|8
|
|t:|1781461401
|-end|p2a: Raging Bolt|Protosynthesis|[silent]
|switch|p2a: Weezing|Weezing-Galar, M, shiny|89/100
|move|p1a: Lokix|First Impression|p2a: Weezing
|-resisted|p2a: Weezing
|-damage|p2a: Weezing|67/100
|
|-heal|p2a: Weezing|73/100|[from] item: Black Sludge
|upkeep
|turn|9
|j| Professor Rai
|
|t:|1781461406
|switch|p1a: Gholdengo|Gholdengo|100/100
|switch|p2a: Raging Bolt|Raging Bolt, tera:Fairy|39/100
|
|-heal|p2a: Raging Bolt|45/100|[from] item: Leftovers
|upkeep
|turn|10
|
|t:|1781461410
|-end|p2a: Raging Bolt|Protosynthesis|[silent]
|switch|p2a: Heatran|Heatran, M|100/100
|move|p1a: Gholdengo|Make It Rain|p2a: Heatran
|-resisted|p2a: Heatran
|-damage|p2a: Heatran|91/100
|-unboost|p1a: Gholdengo|spa|1
|
|upkeep
|turn|11
|
|t:|1781461415
|switch|p1a: Slowking|Slowking-Galar, F|100/100 brn
|move|p2a: Heatran|Earth Power|p1a: Slowking
|-supereffective|p1a: Slowking
|-damage|p1a: Slowking|66/100 brn
|-unboost|p1a: Slowking|spd|1
|
|-damage|p1a: Slowking|60/100 brn|[from] brn
|upkeep
|turn|12
|
|t:|1781461419
|move|p2a: Heatran|Lava Plume|p1a: Slowking
|-damage|p1a: Slowking|25/100 brn
|-prepare|p1a: Slowking|Chilly Reception|[premajor]
|move|p1a: Slowking|Chilly Reception|p1a: Slowking
|-weather|Snowscape
|
|t:|1781461427
|switch|p1a: Primarina|Primarina, M|32/100|[from] Chilly Reception
|
|-weather|Snowscape|[upkeep]
|upkeep
|turn|13
|
|t:|1781461432
|move|p2a: Heatran|Flash Cannon|p1a: Primarina
|-damage|p1a: Primarina|10/100
|move|p1a: Primarina|Surf|p2a: Heatran
|-supereffective|p2a: Heatran
|-damage|p2a: Heatran|12/100
|
|-weather|Snowscape|[upkeep]
|upkeep
|turn|14
|
|t:|1781461445
|move|p2a: Heatran|Lava Plume|p1a: Primarina
|-resisted|p1a: Primarina
|-damage|p1a: Primarina|0 fnt
|faint|p1a: Primarina
|
|-weather|Snowscape|[upkeep]
|upkeep
|
|t:|1781461447
|switch|p1a: Gholdengo|Gholdengo|100/100
|turn|15
|
|t:|1781461460
|move|p1a: Gholdengo|Shadow Ball|p2a: Heatran
|-damage|p2a: Heatran|0 fnt
|faint|p2a: Heatran
|
|-weather|Snowscape|[upkeep]
|upkeep
|
|t:|1781461466
|switch|p2a: Weavile|Weavile, M, shiny|100/100
|-ability|p2a: Weavile|Pressure
|turn|16
|
|t:|1781461471
|switch|p1a: Mandibuzz|Mandibuzz, F|100/100
|move|p2a: Weavile|Triple Axel|p1a: Mandibuzz
|-supereffective|p1a: Mandibuzz
|-damage|p1a: Mandibuzz|89/100
|-supereffective|p1a: Mandibuzz
|-damage|p1a: Mandibuzz|68/100
|-supereffective|p1a: Mandibuzz
|-damage|p1a: Mandibuzz|32/100
|-hitcount|p1a: Mandibuzz|3
|
|-weather|none
|upkeep
|turn|17
|
|t:|1781461479
|-terastallize|p1a: Mandibuzz|Water
|move|p2a: Weavile|Triple Axel|p1a: Mandibuzz
|-resisted|p1a: Mandibuzz
|-damage|p1a: Mandibuzz|29/100
|-resisted|p1a: Mandibuzz
|-damage|p1a: Mandibuzz|23/100
|-resisted|p1a: Mandibuzz
|-damage|p1a: Mandibuzz|15/100
|-hitcount|p1a: Mandibuzz|3
|move|p1a: Mandibuzz|Roost|p1a: Mandibuzz
|-heal|p1a: Mandibuzz|65/100
|
|upkeep
|turn|18
|
|t:|1781461483
|move|p2a: Weavile|Knock Off|p1a: Mandibuzz
|-damage|p1a: Mandibuzz|39/100
|-enditem|p1a: Mandibuzz|Heavy-Duty Boots|[from] move: Knock Off|[of] p2a: Weavile
|move|p1a: Mandibuzz|U-turn|p2a: Weavile
|-supereffective|p2a: Weavile
|-damage|p2a: Weavile|62/100
|
|t:|1781461489
|switch|p1a: Gholdengo|Gholdengo|100/100|[from] U-turn
|
|upkeep
|turn|19
|c| Professor Rai|roost?
|
|t:|1781461493
|switch|p2a: Primarina|Primarina, F, shiny|100/100
|move|p1a: Gholdengo|Make It Rain|p2a: Primarina
|-damage|p2a: Primarina|49/100
|-unboost|p1a: Gholdengo|spa|1
|
|-heal|p2a: Primarina|55/100|[from] item: Leftovers
|upkeep
|turn|20
|
|t:|1781461498
|move|p1a: Gholdengo|Make It Rain|p2a: Primarina
|-damage|p2a: Primarina|17/100
|-unboost|p1a: Gholdengo|spa|1
|move|p2a: Primarina|Calm Mind|p2a: Primarina
|-boost|p2a: Primarina|spa|1
|-boost|p2a: Primarina|spd|1
|
|-heal|p2a: Primarina|23/100|[from] item: Leftovers
|upkeep
|turn|21
|
|t:|1781461518
|switch|p1a: Slowking|Slowking-Galar, F|58/100 brn
|move|p2a: Primarina|Draining Kiss|p1a: Slowking
|-resisted|p1a: Slowking
|-damage|p1a: Slowking|45/100 brn
|-heal|p2a: Primarina|34/100|[from] drain|[of] p1a: Slowking
|
|-heal|p2a: Primarina|40/100|[from] item: Leftovers
|-damage|p1a: Slowking|39/100 brn|[from] brn
|upkeep
|turn|22
|
|t:|1781461525
|move|p2a: Primarina|Sparkling Aria|p1a: Slowking
|-damage|p1a: Slowking|0 fnt
|faint|p1a: Slowking
|
|-heal|p2a: Primarina|46/100|[from] item: Leftovers
|upkeep
|
|t:|1781461532
|switch|p1a: Lokix|Lokix, F|100/100
|turn|23
|
|t:|1781461536
|move|p2a: Primarina|Protect|p2a: Primarina
|-singleturn|p2a: Primarina|Protect
|move|p1a: Lokix|Knock Off|p2a: Primarina
|-activate|p2a: Primarina|move: Protect
|
|-heal|p2a: Primarina|52/100|[from] item: Leftovers
|upkeep
|turn|24
|
|t:|1781461554
|move|p1a: Lokix|Knock Off|p2a: Primarina
|-resisted|p2a: Primarina
|-damage|p2a: Primarina|0 fnt
|-enditem|p2a: Primarina|Leftovers|[from] move: Knock Off|[of] p1a: Lokix
|faint|p2a: Primarina
|
|upkeep
|
|t:|1781461559
|switch|p2a: Weezing|Weezing-Galar, M, shiny|73/100
|turn|25
|l| Professor Rai
|
|t:|1781461570
|switch|p1a: Gholdengo|Gholdengo|100/100
|switch|p2a: Raging Bolt|Raging Bolt, tera:Fairy|45/100
|
|-heal|p2a: Raging Bolt|52/100|[from] item: Leftovers
|upkeep
|turn|26
|
|t:|1781461572
|-end|p2a: Raging Bolt|Protosynthesis|[silent]
|switch|p2a: Weavile|Weavile, M, shiny|62/100
|-ability|p2a: Weavile|Pressure
|move|p1a: Gholdengo|Make It Rain|p2a: Weavile
|-supereffective|p2a: Weavile
|-damage|p2a: Weavile|0 fnt
|-unboost|p1a: Gholdengo|spa|1
|faint|p2a: Weavile
|
|upkeep
|
|t:|1781461574
|switch|p2a: Raging Bolt|Raging Bolt, tera:Fairy|52/100
|turn|27
|
|t:|1781461578
|move|p1a: Gholdengo|Make It Rain|p2a: Raging Bolt
|-supereffective|p2a: Raging Bolt
|-damage|p2a: Raging Bolt|0 fnt
|-unboost|p1a: Gholdengo|spa|1
|faint|p2a: Raging Bolt
|-end|p2a: Raging Bolt|Protosynthesis|[silent]
|
|upkeep
|-message|isaac_gam3r forfeited.
|
|win|Wanawa8724
|raw|Wanawa8724's rating: 1707 &rarr; <strong>1727</strong><br />(+20 for winning)
|raw|isaac_gam3r's rating: 1709 &rarr; <strong>1689</strong><br />(-20 for losing)
|l|☆isaac_gam3r
|player|p2|
|c|☆Wanawa8724|gg
|l|☆Wanawa8724
|player|p1|
|j| Professor Rai
