|j|☆BlackStar150520
|j|☆IMMAAXX
|t:|1781347079
|gametype|singles
|player|p1|BlackStar150520|unknown|1738
|player|p2|IMMAAXX|unknownf|1785
|gen|9
|tier|[Gen 9] OU
|rated|
|rule|HP Percentage Mod: HP is shown in percentages
|rule|Endless Battle Clause: Forcing endless battles is banned
|rule|Species Clause: Limit one of each Pokémon
|rule|OHKO Clause: OHKO moves are banned
|rule|Evasion Items Clause: Evasion items are banned
|rule|Evasion Moves Clause: Evasion moves are banned
|rule|Evasion Abilities Clause: Evasion abilities are banned
|rule|Sleep Moves Clause: Sleep-inducing moves are banned
|clearpoke
|poke|p1|Kingambit, M|
|poke|p1|Iron Valiant|
|poke|p1|Cinderace, F|
|poke|p1|Raging Bolt|
|poke|p1|Ogerpon-Wellspring, F|
|poke|p1|Garchomp, M|
|poke|p2|Ceruledge, M|
|poke|p2|Iron Treads|
|poke|p2|Enamorus, F|
|poke|p2|Raging Bolt|
|poke|p2|Zamazenta-*|
|poke|p2|Araquanid, F|
|teampreview
|inactive|Battle timer is ON: inactive players will automatically lose when time's up. (requested by BlackStar150520)
|
|t:|1781347100
|teamsize|p1|6
|teamsize|p2|6
|start
|switch|p1a: 🎭|Ogerpon-Wellspring, F|100/100
|switch|p2a: Araquanid|Araquanid, F|100/100
|turn|1
|
|t:|1781347107
|move|p1a: 🎭|Knock Off|p2a: Araquanid
|-damage|p2a: Araquanid|58/100
|-enditem|p2a: Araquanid|Custap Berry|[from] move: Knock Off|[of] p1a: 🎭
|move|p2a: Araquanid|Endeavor|p1a: 🎭
|-damage|p1a: 🎭|65/100
|
|upkeep
|turn|2
|
|t:|1781347123
|move|p1a: 🎭|U-turn|p2a: Araquanid
|-damage|p2a: Araquanid|28/100
|
|t:|1781347125
|switch|p1a: 🦈|Garchomp, M, shiny|100/100|[from] U-turn
|move|p2a: Araquanid|Endeavor|p1a: 🦈
|-damage|p1a: 🦈|27/100
|-damage|p2a: Araquanid|16/100|[from] ability: Rough Skin|[of] p1a: 🦈
|
|upkeep
|turn|3
|inactive|IMMAAXX has 120 seconds left.
|
|t:|1781347160
|move|p1a: 🦈|Earthquake|p2a: Araquanid
|-resisted|p2a: Araquanid
|-damage|p2a: Araquanid|0 fnt
|faint|p2a: Araquanid
|-damage|p1a: 🦈|17/100|[from] item: Life Orb
|
|upkeep
|inactive|IMMAAXX has 120 seconds left.
|
|t:|1781347175
|switch|p2a: Zamazenta|Zamazenta|100/100
|-ability|p2a: Zamazenta|Dauntless Shield|boost
|-boost|p2a: Zamazenta|def|1
|turn|4
|
|t:|1781347178
|move|p2a: Zamazenta|Body Press|p1a: 🦈
|-damage|p1a: 🦈|0 fnt
|-damage|p2a: Zamazenta|88/100|[from] ability: Rough Skin|[of] p1a: 🦈
|faint|p1a: 🦈
|
|-heal|p2a: Zamazenta|94/100|[from] item: Leftovers
|upkeep
|
|t:|1781347182
|switch|p1a: BunnyGirlSenpai|Cinderace, F|100/100
|turn|5
|
|t:|1781347194
|move|p2a: Zamazenta|Body Press|p1a: BunnyGirlSenpai
|-damage|p1a: BunnyGirlSenpai|34/100
|move|p1a: BunnyGirlSenpai|Will-O-Wisp|p2a: Zamazenta
|-status|p2a: Zamazenta|brn
|
|-heal|p2a: Zamazenta|100/100 brn|[from] item: Leftovers
|-damage|p2a: Zamazenta|94/100 brn|[from] brn
|upkeep
|turn|6
|
|t:|1781347201
|move|p2a: Zamazenta|Body Press|p1a: BunnyGirlSenpai
|-damage|p1a: BunnyGirlSenpai|2/100
|move|p1a: BunnyGirlSenpai|U-turn|p2a: Zamazenta
|-resisted|p2a: Zamazenta
|-damage|p2a: Zamazenta|89/100 brn
|
|t:|1781347209
|switch|p1a: ⚡️|Raging Bolt|100/100|[from] U-turn
|
|-heal|p2a: Zamazenta|96/100 brn|[from] item: Leftovers
|-damage|p2a: Zamazenta|89/100 brn|[from] brn
|upkeep
|turn|7
|
|t:|1781347214
|-end|p1a: ⚡️|Protosynthesis|[silent]
|switch|p1a: 🎭|Ogerpon-Wellspring, F|65/100
|move|p2a: Zamazenta|Iron Defense|p2a: Zamazenta
|-boost|p2a: Zamazenta|def|2
|
|-heal|p2a: Zamazenta|96/100 brn|[from] item: Leftovers
|-damage|p2a: Zamazenta|89/100 brn|[from] brn
|upkeep
|turn|8
|
|t:|1781347219
|move|p2a: Zamazenta|Body Press|p1a: 🎭
|-damage|p1a: 🎭|8/100
|move|p1a: 🎭|Encore|p2a: Zamazenta
|-start|p2a: Zamazenta|Encore
|
|-heal|p2a: Zamazenta|96/100 brn|[from] item: Leftovers
|-damage|p2a: Zamazenta|89/100 brn|[from] brn
|upkeep
|turn|9
|
|t:|1781347224
|switch|p1a: Hero|Iron Valiant|100/100
|-enditem|p1a: Hero|Booster Energy
|-activate|p1a: Hero|ability: Quark Drive|[fromitem]
|-start|p1a: Hero|quarkdrivespe
|move|p2a: Zamazenta|Body Press|p1a: Hero
|-resisted|p1a: Hero
|-damage|p1a: Hero|73/100
|
|-heal|p2a: Zamazenta|96/100 brn|[from] item: Leftovers
|-damage|p2a: Zamazenta|89/100 brn|[from] brn
|upkeep
|turn|10
|
|t:|1781347226
|move|p1a: Hero|Calm Mind|p1a: Hero
|-boost|p1a: Hero|spa|1
|-boost|p1a: Hero|spd|1
|move|p2a: Zamazenta|Body Press|p1a: Hero
|-resisted|p1a: Hero
|-damage|p1a: Hero|47/100
|
|-heal|p2a: Zamazenta|96/100 brn|[from] item: Leftovers
|-damage|p2a: Zamazenta|89/100 brn|[from] brn
|upkeep
|turn|11
|
|t:|1781347228
|move|p1a: Hero|Moonblast|p2a: Zamazenta
|-supereffective|p2a: Zamazenta
|-damage|p2a: Zamazenta|0 fnt
|faint|p2a: Zamazenta
|
|upkeep
|
|t:|1781347237
|switch|p2a: Iron Treads|Iron Treads|100/100
|-enditem|p2a: Iron Treads|Booster Energy
|-activate|p2a: Iron Treads|ability: Quark Drive|[fromitem]
|-start|p2a: Iron Treads|quarkdriveatk
|turn|12
|
|t:|1781347242
|move|p1a: Hero|Shadow Ball|p2a: Iron Treads
|-damage|p2a: Iron Treads|47/100
|move|p2a: Iron Treads|Earthquake|p1a: Hero
|-damage|p1a: Hero|0 fnt
|faint|p1a: Hero
|-end|p1a: Hero|Quark Drive|[silent]
|
|upkeep
|
|t:|1781347249
|switch|p1a: 🎭|Ogerpon-Wellspring, F|8/100
|turn|13
|
|t:|1781347276
|move|p1a: 🎭|Ivy Cudgel|p2a: Iron Treads|[anim] Ivy Cudgel Water
|-supereffective|p2a: Iron Treads
|-damage|p2a: Iron Treads|0 fnt
|faint|p2a: Iron Treads
|-end|p2a: Iron Treads|Quark Drive|[silent]
|
|upkeep
|
|t:|1781347290
|switch|p2a: Raging Bolt|Raging Bolt|100/100
|-enditem|p2a: Raging Bolt|Booster Energy
|-activate|p2a: Raging Bolt|ability: Protosynthesis|[fromitem]
|-start|p2a: Raging Bolt|protosynthesisspa
|turn|14
|
|t:|1781347309
|move|p1a: 🎭|U-turn|p2a: Raging Bolt
|-damage|p2a: Raging Bolt|74/100
|
|t:|1781347313
|switch|p1a: BunnyGirlSenpai|Cinderace, F|2/100|[from] U-turn
|move|p2a: Raging Bolt|Dragon Pulse|p1a: BunnyGirlSenpai
|-damage|p1a: BunnyGirlSenpai|0 fnt
|faint|p1a: BunnyGirlSenpai
|
|upkeep
|
|t:|1781347317
|switch|p1a: 🎭|Ogerpon-Wellspring, F|8/100
|turn|15
|
|t:|1781347321
|move|p1a: 🎭|Encore|p2a: Raging Bolt
|-start|p2a: Raging Bolt|Encore
|move|p2a: Raging Bolt|Dragon Pulse|p1a: 🎭
|-damage|p1a: 🎭|0 fnt
|faint|p1a: 🎭
|
|upkeep
|
|t:|1781347322
|switch|p1a: Aizen🗡️|Kingambit, M, shiny|100/100
|-activate|p1a: Aizen🗡️|ability: Supreme Overlord
|-start|p1a: Aizen🗡️|fallen4|[silent]
|turn|16
|
|t:|1781347327
|move|p2a: Raging Bolt|Dragon Pulse|p1a: Aizen🗡️
|-resisted|p1a: Aizen🗡️
|-damage|p1a: Aizen🗡️|66/100
|move|p1a: Aizen🗡️|Iron Head|p2a: Raging Bolt
|-resisted|p2a: Raging Bolt
|-damage|p2a: Raging Bolt|45/100
|
|-heal|p1a: Aizen🗡️|72/100|[from] item: Leftovers
|upkeep
|turn|17
|
|t:|1781347333
|move|p1a: Aizen🗡️|Sucker Punch|p2a: Raging Bolt
|-damage|p2a: Raging Bolt|0 fnt
|faint|p2a: Raging Bolt
|-end|p2a: Raging Bolt|Protosynthesis|[silent]
|
|-heal|p1a: Aizen🗡️|78/100|[from] item: Leftovers
|upkeep
|
|t:|1781347337
|switch|p2a: Ceruledge|Ceruledge, M|100/100
|turn|18
|
|t:|1781347343
|move|p2a: Ceruledge|Close Combat|p1a: Aizen🗡️
|-supereffective|p1a: Aizen🗡️
|-damage|p1a: Aizen🗡️|0 fnt
|-unboost|p2a: Ceruledge|def|1
|-unboost|p2a: Ceruledge|spd|1
|faint|p1a: Aizen🗡️
|-end|p1a: Aizen🗡️|fallen4|[silent]
|
|upkeep
|
|t:|1781347346
|switch|p1a: ⚡️|Raging Bolt|100/100
|turn|19
|
|t:|1781347349
|move|p2a: Ceruledge|Poltergeist|p1a: ⚡️
|-activate|p1a: ⚡️|move: Poltergeist|Leftovers
|-damage|p1a: ⚡️|40/100
|move|p1a: ⚡️|Thunderbolt|p2a: Ceruledge
|-damage|p2a: Ceruledge|12/100
|
|-heal|p1a: ⚡️|46/100|[from] item: Leftovers
|upkeep
|turn|20
|
|t:|1781347355
|move|p1a: ⚡️|Thunderclap|p2a: Ceruledge
|-damage|p2a: Ceruledge|0 fnt
|faint|p2a: Ceruledge
|
|-heal|p1a: ⚡️|52/100|[from] item: Leftovers
|upkeep
|
|t:|1781347357
|switch|p2a: Enamorus|Enamorus, F|100/100
|turn|21
|
|t:|1781347365
|-terastallize|p1a: ⚡️|Bug
|move|p2a: Enamorus|Substitute|p2a: Enamorus
|-start|p2a: Enamorus|Substitute
|-damage|p2a: Enamorus|76/100
|move|p1a: ⚡️|Thunderbolt|p2a: Enamorus
|-supereffective|p2a: Enamorus
|-end|p2a: Enamorus|Substitute
|
|-heal|p1a: ⚡️|58/100|[from] item: Leftovers
|upkeep
|turn|22
|
|t:|1781347373
|-terastallize|p2a: Enamorus|Fairy
|move|p2a: Enamorus|Moonblast|p1a: ⚡️
|-damage|p1a: ⚡️|0 fnt
|faint|p1a: ⚡️
|-end|p1a: ⚡️|Protosynthesis|[silent]
|-damage|p2a: Enamorus|66/100|[from] item: Life Orb
|
|win|IMMAAXX
|raw|BlackStar150520's rating: 1738 &rarr; <strong>1721</strong><br />(-17 for losing)
|raw|IMMAAXX's rating: 1785 &rarr; <strong>1802</strong><br />(+17 for winning)
|l|☆IMMAAXX
|player|p2|
|l|☆BlackStar150520
|player|p1|
