|j|☆DuckyBro
|j|☆electricdingdong
|t:|1781096761
|gametype|singles
|player|p1|DuckyBro|dragontamer|1638
|player|p2|electricdingdong|pokekid|1616
|gen|9
|tier|[Gen 9] OU
|rated|
|rule|HP Percentage Mod: HP is shown in percentages
|rule|Endless Battle Clause: Forcing endless battles is banned
|rule|Species Clause: Limit one of each Pokémon
|rule|OHKO Clause: OHKO moves are banned
|rule|Evasion Items Clause: Evasion items are banned
|rule|Evasion Moves Clause: Evasion moves are banned
|rule|Evasion Abilities Clause: Evasion abilities are banned
|rule|Sleep Moves Clause: Sleep-inducing moves are banned
|clearpoke
|poke|p1|Cinderace, M|
|poke|p1|Dondozo, F|
|poke|p1|Zapdos|
|poke|p1|Garchomp, M|
|poke|p1|Kyurem|
|poke|p1|Volcanion|
|poke|p2|Raikou|
|poke|p2|Iron Valiant|
|poke|p2|Pincurchin, M|
|poke|p2|Iron Moth|
|poke|p2|Cresselia, F|
|poke|p2|Hawlucha, F|
|teampreview
|
|t:|1781096775
|teamsize|p1|6
|teamsize|p2|6
|start
|switch|p1a: Garchomp|Garchomp, M|100/100
|switch|p2a: Pincurchin|Pincurchin, M|100/100
|-fieldstart|move: Electric Terrain|[from] ability: Electric Surge|[of] p2a: Pincurchin
|turn|1
|
|t:|1781096797
|switch|p2a: Hawlucha|Hawlucha, F|100/100
|-enditem|p2a: Hawlucha|Electric Seed
|-boost|p2a: Hawlucha|def|1|[from] item: Electric Seed
|move|p1a: Garchomp|Swords Dance|p1a: Garchomp
|-boost|p1a: Garchomp|atk|2
|
|upkeep
|turn|2
|
|t:|1781096800
|move|p2a: Hawlucha|Encore|p1a: Garchomp
|-start|p1a: Garchomp|Encore
|move|p1a: Garchomp|Swords Dance|p1a: Garchomp
|-boost|p1a: Garchomp|atk|2
|
|upkeep
|turn|3
|
|t:|1781096807
|switch|p2a: Iron Valiant|Iron Valiant|100/100
|-activate|p2a: Iron Valiant|ability: Quark Drive
|-start|p2a: Iron Valiant|quarkdrivespe
|switch|p1a: Zapdos|Zapdos|100/100
|
|upkeep
|turn|4
|
|t:|1781096819
|-terastallize|p2a: Iron Valiant|Electric
|move|p2a: Iron Valiant|Calm Mind|p2a: Iron Valiant
|-boost|p2a: Iron Valiant|spa|1
|-boost|p2a: Iron Valiant|spd|1
|move|p1a: Zapdos|Discharge|p2a: Iron Valiant
|-resisted|p2a: Iron Valiant
|-damage|p2a: Iron Valiant|60/100
|
|upkeep
|turn|5
|inactive|Battle timer is ON: inactive players will automatically lose when time's up. (requested by electricdingdong)
|
|t:|1781096825
|switch|p1a: Garchomp|Garchomp, M|100/100
|move|p2a: Iron Valiant|Calm Mind|p2a: Iron Valiant
|-boost|p2a: Iron Valiant|spa|1
|-boost|p2a: Iron Valiant|spd|1
|
|upkeep
|turn|6
|
|t:|1781096830
|-terastallize|p1a: Garchomp|Steel
|move|p2a: Iron Valiant|Moonblast|p1a: Garchomp
|-resisted|p1a: Garchomp
|-damage|p1a: Garchomp|41/100
|move|p1a: Garchomp|Earthquake|p2a: Iron Valiant
|-supereffective|p2a: Iron Valiant
|-damage|p2a: Iron Valiant|0 fnt
|faint|p2a: Iron Valiant
|-end|p2a: Iron Valiant|Quark Drive|[silent]
|
|upkeep
|
|t:|1781096838
|switch|p2a: Iron Moth|Iron Moth|100/100
|-activate|p2a: Iron Moth|ability: Quark Drive
|-start|p2a: Iron Moth|quarkdrivespe
|turn|7
|
|t:|1781096841
|move|p2a: Iron Moth|Fiery Dance|p1a: Garchomp
|-supereffective|p1a: Garchomp
|-damage|p1a: Garchomp|0 fnt
|faint|p1a: Garchomp
|
|upkeep
|
|t:|1781096843
|switch|p1a: Volcanion|Volcanion|100/100
|turn|8
|
|t:|1781096847
|move|p2a: Iron Moth|Meteor Beam||[still]
|-prepare|p2a: Iron Moth|Meteor Beam
|-boost|p2a: Iron Moth|spa|1
|-enditem|p2a: Iron Moth|Power Herb
|-anim|p2a: Iron Moth|Meteor Beam|p1a: Volcanion
|-supereffective|p1a: Volcanion
|-damage|p1a: Volcanion|23/100
|move|p1a: Volcanion|Scorching Sands|p2a: Iron Moth
|-supereffective|p2a: Iron Moth
|-damage|p2a: Iron Moth|0 fnt
|faint|p2a: Iron Moth
|-end|p2a: Iron Moth|Quark Drive|[silent]
|
|-fieldend|move: Electric Terrain
|upkeep
|
|t:|1781096858
|switch|p2a: Pincurchin|Pincurchin, M|100/100
|-fieldstart|move: Electric Terrain|[from] ability: Electric Surge|[of] p2a: Pincurchin
|turn|9
|c|☆DuckyBro|assault vest let's go
|
|t:|1781096864
|switch|p2a: Hawlucha|Hawlucha, F|100/100
|move|p1a: Volcanion|Scorching Sands|p2a: Hawlucha
|-immune|p2a: Hawlucha
|
|upkeep
|turn|10
|
|t:|1781096868
|switch|p2a: Raikou|Raikou|100/100
|-ability|p2a: Raikou|Pressure
|switch|p1a: Zapdos|Zapdos|100/100
|
|upkeep
|turn|11
|
|t:|1781096872
|move|p2a: Raikou|Calm Mind|p2a: Raikou
|-boost|p2a: Raikou|spa|1
|-boost|p2a: Raikou|spd|1
|move|p1a: Zapdos|Hurricane|p2a: Raikou
|-resisted|p2a: Raikou
|-damage|p2a: Raikou|68/100
|
|upkeep
|turn|12
|
|t:|1781096880
|move|p2a: Raikou|Thunderbolt|p1a: Zapdos
|-damage|p1a: Zapdos|10/100
|move|p1a: Zapdos|Hurricane|p2a: Raikou
|-resisted|p2a: Raikou
|-damage|p2a: Raikou|36/100
|
|upkeep
|turn|13
|
|t:|1781096886
|move|p2a: Raikou|Aura Sphere|p1a: Zapdos
|-resisted|p1a: Zapdos
|-damage|p1a: Zapdos|0 fnt
|faint|p1a: Zapdos
|
|upkeep
|
|t:|1781096888
|switch|p1a: Cinderace|Cinderace, M|100/100
|turn|14
|
|t:|1781096895
|switch|p2a: Hawlucha|Hawlucha, F|100/100
|move|p1a: Cinderace|Pyro Ball|p2a: Hawlucha
|-damage|p2a: Hawlucha|27/100
|
|upkeep
|turn|15
|
|t:|1781096899
|move|p1a: Cinderace|Pyro Ball|p2a: Hawlucha
|-damage|p2a: Hawlucha|0 fnt
|faint|p2a: Hawlucha
|
|upkeep
|
|t:|1781096909
|switch|p2a: Cresselia|Cresselia, F|100/100
|turn|16
|
|t:|1781096912
|move|p1a: Cinderace|U-turn|p2a: Cresselia
|-start|p1a: Cinderace|typechange|Bug|[from] ability: Libero
|-supereffective|p2a: Cresselia
|-damage|p2a: Cresselia|49/100
|
|t:|1781096916
|switch|p1a: Kyurem|Kyurem|100/100|[from] U-turn
|-ability|p1a: Kyurem|Pressure
|move|p2a: Cresselia|Calm Mind|p2a: Cresselia
|-boost|p2a: Cresselia|spa|1
|-boost|p2a: Cresselia|spd|1
|
|-fieldend|move: Electric Terrain
|upkeep
|turn|17
|
|t:|1781096921
|move|p1a: Kyurem|Freeze-Dry|p2a: Cresselia
|-damage|p2a: Cresselia|24/100
|move|p2a: Cresselia|Moonlight|p2a: Cresselia
|-heal|p2a: Cresselia|74/100
|
|upkeep
|turn|18
|
|t:|1781096927
|move|p1a: Kyurem|Freeze-Dry|p2a: Cresselia
|-damage|p2a: Cresselia|52/100
|move|p2a: Cresselia|Moonlight|p2a: Cresselia
|-heal|p2a: Cresselia|100/100
|
|upkeep
|turn|19
|
|t:|1781096930
|switch|p1a: Cinderace|Cinderace, M|100/100
|move|p2a: Cresselia|Calm Mind|p2a: Cresselia
|-boost|p2a: Cresselia|spa|1
|-boost|p2a: Cresselia|spd|1
|
|upkeep
|turn|20
|
|t:|1781096934
|move|p1a: Cinderace|Sucker Punch|p2a: Cresselia
|-start|p1a: Cinderace|typechange|Dark|[from] ability: Libero
|-supereffective|p2a: Cresselia
|-damage|p2a: Cresselia|49/100
|move|p2a: Cresselia|Stored Power|p1a: Cinderace
|-immune|p1a: Cinderace
|
|upkeep
|turn|21
|
|t:|1781096944
|move|p1a: Cinderace|U-turn|p2a: Cresselia
|-supereffective|p2a: Cresselia
|-damage|p2a: Cresselia|14/100
|
|t:|1781096946
|switch|p1a: Kyurem|Kyurem|100/100|[from] U-turn
|-ability|p1a: Kyurem|Pressure
|move|p2a: Cresselia|Moonlight|p2a: Cresselia
|-heal|p2a: Cresselia|64/100
|
|upkeep
|turn|22
|
|t:|1781096950
|move|p1a: Kyurem|Draco Meteor|p2a: Cresselia
|-damage|p2a: Cresselia|29/100
|-unboost|p1a: Kyurem|spa|2
|move|p2a: Cresselia|Moonlight|p2a: Cresselia
|-heal|p2a: Cresselia|79/100
|
|upkeep
|turn|23
|
|t:|1781096953
|switch|p1a: Volcanion|Volcanion|23/100
|move|p2a: Cresselia|Calm Mind|p2a: Cresselia
|-boost|p2a: Cresselia|spa|1
|-boost|p2a: Cresselia|spd|1
|
|upkeep
|turn|24
|
|t:|1781096957
|move|p1a: Volcanion|Sludge Bomb|p2a: Cresselia
|-damage|p2a: Cresselia|70/100
|move|p2a: Cresselia|Stored Power|p1a: Volcanion
|-damage|p1a: Volcanion|0 fnt
|faint|p1a: Volcanion
|
|upkeep
|
|t:|1781096960
|switch|p1a: Cinderace|Cinderace, M|100/100
|turn|25
|
|t:|1781096966
|move|p1a: Cinderace|U-turn|p2a: Cresselia
|-start|p1a: Cinderace|typechange|Bug|[from] ability: Libero
|-supereffective|p2a: Cresselia
|-damage|p2a: Cresselia|25/100
|
|t:|1781096970
|switch|p1a: Kyurem|Kyurem|100/100|[from] U-turn
|-ability|p1a: Kyurem|Pressure
|move|p2a: Cresselia|Moonlight|p2a: Cresselia
|-heal|p2a: Cresselia|75/100
|
|upkeep
|turn|26
|
|t:|1781096975
|switch|p1a: Dondozo|Dondozo, F|100/100
|move|p2a: Cresselia|Moonlight|p2a: Cresselia
|-heal|p2a: Cresselia|100/100
|
|upkeep
|turn|27
|
|t:|1781096978
|move|p2a: Cresselia|Stored Power|p1a: Dondozo
|-damage|p1a: Dondozo|50/100
|move|p1a: Dondozo|Curse|p1a: Dondozo
|-unboost|p1a: Dondozo|spe|1
|-boost|p1a: Dondozo|atk|1
|-boost|p1a: Dondozo|def|1
|
|upkeep
|turn|28
|
|t:|1781096982
|move|p2a: Cresselia|Stored Power|p1a: Dondozo
|-damage|p1a: Dondozo|0 fnt
|faint|p1a: Dondozo
|
|upkeep
|
|t:|1781096985
|switch|p1a: Cinderace|Cinderace, M|100/100
|turn|29
|
|t:|1781096988
|move|p1a: Cinderace|Sucker Punch|p2a: Cresselia
|-start|p1a: Cinderace|typechange|Dark|[from] ability: Libero
|-supereffective|p2a: Cresselia
|-damage|p2a: Cresselia|50/100
|move|p2a: Cresselia|Moonblast|p1a: Cinderace
|-supereffective|p1a: Cinderace
|-damage|p1a: Cinderace|0 fnt
|faint|p1a: Cinderace
|
|upkeep
|
|t:|1781096992
|switch|p1a: Kyurem|Kyurem|100/100
|-ability|p1a: Kyurem|Pressure
|turn|30
|
|t:|1781097000
|move|p1a: Kyurem|Draco Meteor|p2a: Cresselia
|-damage|p2a: Cresselia|23/100
|-unboost|p1a: Kyurem|spa|2
|move|p2a: Cresselia|Stored Power|p1a: Kyurem
|-damage|p1a: Kyurem|0 fnt
|faint|p1a: Kyurem
|
|win|electricdingdong
|raw|DuckyBro's rating: 1638 &rarr; <strong>1617</strong><br />(-21 for losing)
|raw|electricdingdong's rating: 1616 &rarr; <strong>1637</strong><br />(+21 for winning)
|c|☆DuckyBro|wp
|l|☆DuckyBro
|player|p1|
|l|☆electricdingdong
|player|p2|
