|j|☆my2005
|j|☆Bigkyuza18
|t:|1781325922
|gametype|singles
|player|p1|my2005|1|1652
|player|p2|Bigkyuza18|265|1673
|gen|9
|tier|[Gen 9] OU
|rated|
|rule|HP Percentage Mod: HP is shown in percentages
|rule|Endless Battle Clause: Forcing endless battles is banned
|rule|Species Clause: Limit one of each Pokémon
|rule|OHKO Clause: OHKO moves are banned
|rule|Evasion Items Clause: Evasion items are banned
|rule|Evasion Moves Clause: Evasion moves are banned
|rule|Evasion Abilities Clause: Evasion abilities are banned
|rule|Sleep Moves Clause: Sleep-inducing moves are banned
|clearpoke
|poke|p1|Slowking-Galar, M|
|poke|p1|Whimsicott, F|
|poke|p1|Kyurem|
|poke|p1|Cinderace, M|
|poke|p1|Alomomola, M|
|poke|p1|Gliscor, M|
|poke|p2|Darkrai|
|poke|p2|Gliscor, M|
|poke|p2|Tinkaton, F|
|poke|p2|Moltres|
|poke|p2|Great Tusk|
|poke|p2|Hydrapple, F|
|teampreview
|inactive|Battle timer is ON: inactive players will automatically lose when time's up. (requested by Bigkyuza18)
|
|t:|1781325935
|teamsize|p1|6
|teamsize|p2|6
|start
|switch|p1a: Cinderace|Cinderace, M|100/100
|switch|p2a: Darkrai|Darkrai|100/100
|turn|1
|
|t:|1781325947
|move|p2a: Darkrai|Thunder Wave|p1a: Cinderace
|-status|p1a: Cinderace|par
|move|p1a: Cinderace|Pyro Ball|p2a: Darkrai
|-crit|p2a: Darkrai
|-damage|p2a: Darkrai|0 fnt
|faint|p2a: Darkrai
|
|upkeep
|
|t:|1781325954
|switch|p2a: Moltres|Moltres|100/100
|turn|2
|
|t:|1781325959
|switch|p1a: Alomomola|Alomomola, M|100/100
|move|p2a: Moltres|Scorching Sands|p1a: Alomomola
|-damage|p1a: Alomomola|77/100
|
|upkeep
|turn|3
|
|t:|1781325963
|move|p2a: Moltres|Scorching Sands|p1a: Alomomola
|-damage|p1a: Alomomola|53/100
|-status|p1a: Alomomola|brn
|move|p1a: Alomomola|Flip Turn|p2a: Moltres
|-supereffective|p2a: Moltres
|-damage|p2a: Moltres|85/100
|
|t:|1781325973
|switch|p1a: Gliscor|Gliscor, M|100/100|[from] Flip Turn
|
|-status|p1a: Gliscor|tox|[from] item: Toxic Orb
|upkeep
|turn|4
|
|t:|1781325986
|switch|p2a: Tinkaton|Tinkaton, F|100/100
|-ability|p2a: Tinkaton|Mold Breaker
|move|p1a: Gliscor|Knock Off|p2a: Tinkaton
|-resisted|p2a: Tinkaton
|-damage|p2a: Tinkaton|88/100
|-enditem|p2a: Tinkaton|Leftovers|[from] move: Knock Off|[of] p1a: Gliscor
|
|upkeep
|turn|5
|
|t:|1781325990
|move|p2a: Tinkaton|Stealth Rock|p1a: Gliscor
|-sidestart|p1: my2005|move: Stealth Rock
|move|p1a: Gliscor|Earthquake|p2a: Tinkaton
|-supereffective|p2a: Tinkaton
|-crit|p2a: Tinkaton
|-damage|p2a: Tinkaton|0 fnt
|faint|p2a: Tinkaton
|
|upkeep
|
|t:|1781325993
|switch|p2a: Gliscor|Gliscor, M|100/100
|turn|6
|
|t:|1781325998
|move|p2a: Gliscor|Protect|p2a: Gliscor
|-singleturn|p2a: Gliscor|Protect
|move|p1a: Gliscor|Swords Dance|p1a: Gliscor
|-boost|p1a: Gliscor|atk|2
|
|-status|p2a: Gliscor|tox|[from] item: Toxic Orb
|upkeep
|turn|7
|
|t:|1781326007
|move|p1a: Gliscor|Swords Dance|p1a: Gliscor
|-boost|p1a: Gliscor|atk|2
|move|p2a: Gliscor|Swords Dance|p2a: Gliscor
|-boost|p2a: Gliscor|atk|2
|
|upkeep
|turn|8
|
|t:|1781326020
|-terastallize|p1a: Gliscor|Normal
|move|p1a: Gliscor|Facade|p2a: Gliscor
|-damage|p2a: Gliscor|0 fnt
|faint|p2a: Gliscor
|
|upkeep
|-message|Bigkyuza18 forfeited.
|
|win|my2005
|raw|my2005's rating: 1652 &rarr; <strong>1673</strong><br />(+21 for winning)
|raw|Bigkyuza18's rating: 1673 &rarr; <strong>1652</strong><br />(-21 for losing)
|l|☆Bigkyuza18
|player|p2|
|l|☆my2005
|player|p1|
