|j|‽oatishere
|j|☆OUZQ Crocodile
|t:|1781007312
|gametype|singles
|player|p1|oatishere|artistf-gen6|1718
|player|p2|OUZQ Crocodile|2|1729
|gen|9
|tier|[Gen 9] OU
|rated|
|rule|HP Percentage Mod: HP is shown in percentages
|rule|Endless Battle Clause: Forcing endless battles is banned
|rule|Species Clause: Limit one of each Pokémon
|rule|OHKO Clause: OHKO moves are banned
|rule|Evasion Items Clause: Evasion items are banned
|rule|Evasion Moves Clause: Evasion moves are banned
|rule|Evasion Abilities Clause: Evasion abilities are banned
|rule|Sleep Moves Clause: Sleep-inducing moves are banned
|clearpoke
|poke|p1|Iron Thorns|
|poke|p1|Ribombee, F|
|poke|p1|Gholdengo|
|poke|p1|Kingambit, F|
|poke|p1|Enamorus, F|
|poke|p1|Quaquaval, M|
|poke|p2|Charjabug, F|
|poke|p2|Greninja-*, M|
|poke|p2|Landorus-Therian, M|
|poke|p2|Pecharunt|
|poke|p2|Zapdos|
|poke|p2|Iron Crown|
|teampreview
|inactive|Battle timer is ON: inactive players will automatically lose when time's up. (requested by oatishere)
|
|t:|1781007317
|teamsize|p1|6
|teamsize|p2|6
|start
|switch|p1a: Ribombee|Ribombee, F|100/100
|switch|p2a: Charjabug|Charjabug, F|100/100
|turn|1
|
|t:|1781007322
|move|p1a: Ribombee|Sticky Web|p2a: Charjabug
|-sidestart|p2: OUZQ Crocodile|move: Sticky Web
|move|p2a: Charjabug|Sticky Web|p1a: Ribombee
|-sidestart|p1: oatishere|move: Sticky Web
|
|upkeep
|turn|2
|
|t:|1781007326
|move|p1a: Ribombee|Moonblast|p2a: Charjabug
|-damage|p2a: Charjabug|70/100
|-unboost|p2a: Charjabug|spa|1
|move|p2a: Charjabug|Thunder Wave|p1a: Ribombee
|-status|p1a: Ribombee|par
|
|upkeep
|turn|3
|
|t:|1781007331
|cant|p1a: Ribombee|par
|move|p2a: Charjabug|Volt Switch|p1a: Ribombee
|-damage|p1a: Ribombee|84/100 par
|j| Easontom
|
|t:|1781007350
|switch|p2a: Zapdos|Zapdos|100/100|[from] Volt Switch
|-ability|p2a: Zapdos|Pressure
|
|upkeep
|turn|4
|
|t:|1781007354
|move|p2a: Zapdos|Substitute|p2a: Zapdos
|-start|p2a: Zapdos|Substitute
|-damage|p2a: Zapdos|76/100
|move|p1a: Ribombee|Moonblast|p2a: Zapdos
|-end|p2a: Zapdos|Substitute
|
|upkeep
|turn|5
|
|t:|1781007359
|move|p2a: Zapdos|Substitute|p2a: Zapdos
|-start|p2a: Zapdos|Substitute
|-damage|p2a: Zapdos|51/100
|cant|p1a: Ribombee|par
|
|upkeep
|turn|6
|
|t:|1781007363
|move|p2a: Zapdos|Heat Wave|p1a: Ribombee
|-supereffective|p1a: Ribombee
|-damage|p1a: Ribombee|0 fnt
|faint|p1a: Ribombee
|
|upkeep
|
|t:|1781007365
|switch|p1a: Iron Thorns|Iron Thorns|100/100
|-activate|p1a: Iron Thorns|move: Sticky Web
|-unboost|p1a: Iron Thorns|spe|1
|-enditem|p1a: Iron Thorns|Booster Energy
|-activate|p1a: Iron Thorns|ability: Quark Drive|[fromitem]
|-start|p1a: Iron Thorns|quarkdriveatk
|turn|7
|
|t:|1781007372
|switch|p2a: Landorus|Landorus-Therian, M|100/100
|-ability|p2a: Landorus|Intimidate|boost
|-unboost|p1a: Iron Thorns|atk|1
|move|p1a: Iron Thorns|Dragon Dance|p1a: Iron Thorns
|-boost|p1a: Iron Thorns|atk|1
|-boost|p1a: Iron Thorns|spe|1
|
|upkeep
|turn|8
|
|t:|1781007376
|-terastallize|p1a: Iron Thorns|Flying
|move|p2a: Landorus|Earthquake|p1a: Iron Thorns
|-immune|p1a: Iron Thorns
|move|p1a: Iron Thorns|Dragon Dance|p1a: Iron Thorns
|-boost|p1a: Iron Thorns|atk|1
|-boost|p1a: Iron Thorns|spe|1
|
|upkeep
|turn|9
|
|t:|1781007381
|move|p1a: Iron Thorns|Dragon Dance|p1a: Iron Thorns
|-boost|p1a: Iron Thorns|atk|1
|-boost|p1a: Iron Thorns|spe|1
|move|p2a: Landorus|Stone Edge|p1a: Iron Thorns
|-supereffective|p1a: Iron Thorns
|-damage|p1a: Iron Thorns|32/100
|
|upkeep
|turn|10
|
|t:|1781007389
|-terastallize|p2a: Landorus|Fire
|move|p1a: Iron Thorns|Ice Punch|p2a: Landorus
|-resisted|p2a: Landorus
|-damage|p2a: Landorus|63/100
|-status|p2a: Landorus|frz
|cant|p2a: Landorus|frz
|
|upkeep
|turn|11
|
|t:|1781007396
|move|p1a: Iron Thorns|Low Kick|p2a: Landorus
|-damage|p2a: Landorus|0 fnt
|faint|p2a: Landorus
|
|upkeep
|
|t:|1781007402
|switch|p2a: Pecharunt|Pecharunt|100/100
|-activate|p2a: Pecharunt|move: Sticky Web
|-unboost|p2a: Pecharunt|spe|1
|turn|12
|
|t:|1781007404
|move|p1a: Iron Thorns|Supercell Slam|p2a: Pecharunt
|-damage|p2a: Pecharunt|8/100
|move|p2a: Pecharunt|Malignant Chain|p1a: Iron Thorns
|-damage|p1a: Iron Thorns|0 fnt
|faint|p1a: Iron Thorns
|-end|p1a: Iron Thorns|Quark Drive|[silent]
|-damage|p2a: Pecharunt|0 fnt|[from] item: Life Orb
|faint|p2a: Pecharunt
|
|upkeep
|l| Easontom
|
|t:|1781007426
|switch|p2a: Zapdos|Zapdos|51/100
|switch|p1a: Enamorus|Enamorus, F|100/100
|-ability|p2a: Zapdos|Pressure
|turn|13
|
|t:|1781007430
|switch|p2a: Charjabug|Charjabug, F|70/100
|-activate|p2a: Charjabug|move: Sticky Web
|-unboost|p2a: Charjabug|spe|1
|move|p1a: Enamorus|Moonblast|p2a: Charjabug
|-damage|p2a: Charjabug|8/100
|
|upkeep
|turn|14
|
|t:|1781007434
|move|p1a: Enamorus|Moonblast|p2a: Charjabug
|-damage|p2a: Charjabug|0 fnt
|faint|p2a: Charjabug
|
|upkeep
|
|t:|1781007435
|switch|p2a: Iron Crown|Iron Crown|100/100
|-activate|p2a: Iron Crown|move: Sticky Web
|-unboost|p2a: Iron Crown|spe|1
|-enditem|p2a: Iron Crown|Booster Energy
|-activate|p2a: Iron Crown|ability: Quark Drive|[fromitem]
|-start|p2a: Iron Crown|quarkdrivespa
|turn|15
|
|t:|1781007446
|switch|p1a: Gholdengo|Gholdengo|100/100
|-item|p1a: Gholdengo|Air Balloon
|move|p2a: Iron Crown|Calm Mind|p2a: Iron Crown
|-boost|p2a: Iron Crown|spa|1
|-boost|p2a: Iron Crown|spd|1
|
|upkeep
|turn|16
|
|t:|1781007451
|move|p1a: Gholdengo|Shadow Ball|p2a: Iron Crown
|-supereffective|p2a: Iron Crown
|-damage|p2a: Iron Crown|41/100
|move|p2a: Iron Crown|Tachyon Cutter|p1a: Gholdengo
|-resisted|p1a: Gholdengo
|-damage|p1a: Gholdengo|74/100
|-enditem|p1a: Gholdengo|Air Balloon
|-resisted|p1a: Gholdengo
|-damage|p1a: Gholdengo|46/100
|-hitcount|p1a: Gholdengo|2
|
|upkeep
|turn|17
|
|t:|1781007455
|-end|p2a: Iron Crown|Quark Drive|[silent]
|switch|p2a: Greninja|Greninja, M|100/100
|-activate|p2a: Greninja|move: Sticky Web
|-unboost|p2a: Greninja|spe|1
|move|p1a: Gholdengo|Shadow Ball|p2a: Greninja
|-resisted|p2a: Greninja
|-damage|p2a: Greninja|69/100
|
|-heal|p2a: Greninja|75/100|[from] item: Leftovers
|upkeep
|turn|18
|
|t:|1781007460
|move|p1a: Gholdengo|Focus Blast|p2a: Greninja
|-supereffective|p2a: Greninja
|-damage|p2a: Greninja|0 fnt
|faint|p2a: Greninja
|
|upkeep
|
|t:|1781007463
|switch|p2a: Zapdos|Zapdos|51/100
|-ability|p2a: Zapdos|Pressure
|turn|19
|
|t:|1781007465
|move|p2a: Zapdos|Heat Wave|p1a: Gholdengo
|-supereffective|p1a: Gholdengo
|-damage|p1a: Gholdengo|0 fnt
|faint|p1a: Gholdengo
|
|upkeep
|
|t:|1781007471
|switch|p1a: Kingambit|Kingambit, F|100/100
|-activate|p1a: Kingambit|move: Sticky Web
|-unboost|p1a: Kingambit|spe|1
|-activate|p1a: Kingambit|ability: Supreme Overlord
|-start|p1a: Kingambit|fallen3|[silent]
|turn|20
|
|t:|1781007479
|move|p2a: Zapdos|Heat Wave|p1a: Kingambit
|-supereffective|p1a: Kingambit
|-damage|p1a: Kingambit|27/100
|move|p1a: Kingambit|Kowtow Cleave|p2a: Zapdos
|-damage|p2a: Zapdos|0 fnt
|faint|p2a: Zapdos
|
|upkeep
|
|t:|1781007483
|switch|p2a: Iron Crown|Iron Crown|41/100
|-activate|p2a: Iron Crown|move: Sticky Web
|-unboost|p2a: Iron Crown|spe|1
|turn|21
|
|t:|1781007489
|move|p2a: Iron Crown|Focus Blast|p1a: Kingambit
|-supereffective|p1a: Kingambit
|-damage|p1a: Kingambit|0 fnt
|faint|p1a: Kingambit
|-end|p1a: Kingambit|fallen3|[silent]
|
|upkeep
|
|t:|1781007491
|switch|p1a: Enamorus|Enamorus, F|100/100
|turn|22
|
|t:|1781007494
|move|p1a: Enamorus|Earth Power|p2a: Iron Crown
|-supereffective|p2a: Iron Crown
|-damage|p2a: Iron Crown|0 fnt
|faint|p2a: Iron Crown
|-end|p2a: Iron Crown|Quark Drive|[silent]
|
|win|oatishere
|raw|oatishere's rating: 1718 &rarr; <strong>1739</strong><br />(+21 for winning)
|raw|OUZQ Crocodile's rating: 1729 &rarr; <strong>1708</strong><br />(-21 for losing)
|l|‽oatishere
|player|p1|
|l|☆OUZQ Crocodile
|player|p2|
