|j|☆KurisuChestnutOU
|j|☆MVA Bjirtos
|t:|1781154647
|gametype|singles
|player|p1|KurisuChestnutOU|may-contest|1505
|player|p2|MVA Bjirtos|riley|1578
|gen|9
|tier|[Gen 9] OU
|rated|
|rule|HP Percentage Mod: HP is shown in percentages
|rule|Endless Battle Clause: Forcing endless battles is banned
|rule|Species Clause: Limit one of each Pokémon
|rule|OHKO Clause: OHKO moves are banned
|rule|Evasion Items Clause: Evasion items are banned
|rule|Evasion Moves Clause: Evasion moves are banned
|rule|Evasion Abilities Clause: Evasion abilities are banned
|rule|Sleep Moves Clause: Sleep-inducing moves are banned
|clearpoke
|poke|p1|Zamazenta-*|
|poke|p1|Zapdos|
|poke|p1|Garganacl, F|
|poke|p1|Clefable, M|
|poke|p1|Samurott-Hisui, M|
|poke|p1|Gholdengo|
|poke|p2|Ninetales-Alola, F|
|poke|p2|Iron Moth|
|poke|p2|Alomomola, F|
|poke|p2|Darkrai|
|poke|p2|Polteageist|
|poke|p2|Haxorus, M|
|teampreview
|inactive|Battle timer is ON: inactive players will automatically lose when time's up. (requested by MVA Bjirtos)
|inactive|KurisuChestnutOU also wants the timer to be on.
|
|t:|1781154660
|teamsize|p1|6
|teamsize|p2|6
|start
|switch|p1a: Samurott|Samurott-Hisui, M|100/100
|switch|p2a: Eclipse|Darkrai|100/100
|turn|1
|
|t:|1781154664
|move|p1a: Samurott|Ceaseless Edge|p2a: Eclipse
|-resisted|p2a: Eclipse
|-crit|p2a: Eclipse
|-damage|p2a: Eclipse|53/100
|-sidestart|p2: MVA Bjirtos|Spikes
|move|p2a: Eclipse|Focus Blast|p1a: Samurott
|-supereffective|p1a: Samurott
|-damage|p1a: Samurott|0 fnt
|faint|p1a: Samurott
|-damage|p2a: Eclipse|43/100|[from] item: Life Orb
|
|upkeep
|
|t:|1781154671
|switch|p1a: Garganacl|Garganacl, F|100/100
|turn|2
|
|t:|1781154678
|move|p2a: Eclipse|Focus Blast|p1a: Garganacl
|-supereffective|p1a: Garganacl
|-damage|p1a: Garganacl|21/100
|-damage|p2a: Eclipse|33/100|[from] item: Life Orb
|move|p1a: Garganacl|Stealth Rock|p2a: Eclipse
|-sidestart|p2: MVA Bjirtos|move: Stealth Rock
|
|-heal|p1a: Garganacl|27/100|[from] item: Leftovers
|upkeep
|turn|3
|
|t:|1781154686
|switch|p1a: Zamazenta|Zamazenta|100/100
|-ability|p1a: Zamazenta|Dauntless Shield|boost
|-boost|p1a: Zamazenta|def|1
|move|p2a: Eclipse|Dark Pulse|p1a: Zamazenta
|-resisted|p1a: Zamazenta
|-damage|p1a: Zamazenta|80/100
|-damage|p2a: Eclipse|24/100|[from] item: Life Orb
|
|-heal|p1a: Zamazenta|87/100|[from] item: Leftovers
|upkeep
|turn|4
|
|t:|1781154693
|move|p1a: Zamazenta|Body Press|p2a: Eclipse
|-supereffective|p2a: Eclipse
|-damage|p2a: Eclipse|0 fnt
|faint|p2a: Eclipse
|
|-heal|p1a: Zamazenta|93/100|[from] item: Leftovers
|upkeep
|
|t:|1781154704
|switch|p2a: Hypercup|Polteageist|100/100
|-damage|p2a: Hypercup|88/100|[from] Spikes
|-damage|p2a: Hypercup|76/100|[from] Stealth Rock
|turn|5
|
|t:|1781154711
|move|p1a: Zamazenta|Crunch|p2a: Hypercup
|-supereffective|p2a: Hypercup
|-damage|p2a: Hypercup|4/100
|-ability|p2a: Hypercup|Weak Armor|boost
|-unboost|p2a: Hypercup|def|1
|-boost|p2a: Hypercup|spe|2
|-enditem|p2a: Hypercup|White Herb
|-clearnegativeboost|p2a: Hypercup|[silent]
|move|p2a: Hypercup|Shell Smash|p2a: Hypercup
|-unboost|p2a: Hypercup|def|1
|-unboost|p2a: Hypercup|spd|1
|-boost|p2a: Hypercup|atk|2
|-boost|p2a: Hypercup|spa|2
|-boost|p2a: Hypercup|spe|2
|
|-heal|p1a: Zamazenta|99/100|[from] item: Leftovers
|upkeep
|turn|6
|
|t:|1781154721
|-terastallize|p2a: Hypercup|Ghost
|-terastallize|p1a: Zamazenta|Fire
|move|p2a: Hypercup|Shadow Ball|p1a: Zamazenta
|-crit|p1a: Zamazenta
|-damage|p1a: Zamazenta|0 fnt
|faint|p1a: Zamazenta
|
|upkeep
|
|t:|1781154725
|switch|p1a: Clefable|Clefable, M|100/100
|turn|7
|
|t:|1781154734
|move|p2a: Hypercup|Stored Power|p1a: Clefable
|-damage|p1a: Clefable|38/100
|move|p1a: Clefable|Moonblast|p2a: Hypercup
|-damage|p2a: Hypercup|0 fnt
|faint|p2a: Hypercup
|
|upkeep
|
|t:|1781154740
|switch|p2a: Teardrop|Ninetales-Alola, F|100/100
|-damage|p2a: Teardrop|88/100|[from] Spikes
|-damage|p2a: Teardrop|64/100|[from] Stealth Rock
|-weather|Snowscape|[from] ability: Snow Warning|[of] p2a: Teardrop
|turn|8
|
|t:|1781154743
|switch|p1a: Garganacl|Garganacl, F|27/100
|move|p2a: Teardrop|Aurora Veil|p2a: Teardrop
|-sidestart|p2: MVA Bjirtos|move: Aurora Veil
|
|-weather|Snowscape|[upkeep]
|-heal|p1a: Garganacl|34/100|[from] item: Leftovers
|upkeep
|turn|9
|
|t:|1781154747
|move|p2a: Teardrop|Moonblast|p1a: Garganacl
|-damage|p1a: Garganacl|16/100
|move|p1a: Garganacl|Recover|p1a: Garganacl
|-heal|p1a: Garganacl|66/100
|
|-weather|Snowscape|[upkeep]
|-heal|p1a: Garganacl|72/100|[from] item: Leftovers
|upkeep
|turn|10
|
|t:|1781154752
|move|p2a: Teardrop|Encore|p1a: Garganacl
|-start|p1a: Garganacl|Encore
|move|p1a: Garganacl|Recover|p1a: Garganacl
|-heal|p1a: Garganacl|100/100
|
|-weather|Snowscape|[upkeep]
|upkeep
|turn|11
|
|t:|1781154762
|switch|p2a: Aezor|Haxorus, M, shiny|100/100
|-damage|p2a: Aezor|88/100|[from] Spikes
|-damage|p2a: Aezor|76/100|[from] Stealth Rock
|-ability|p2a: Aezor|Mold Breaker
|switch|p1a: Gholdengo|Gholdengo|100/100
|
|-weather|Snowscape|[upkeep]
|upkeep
|turn|12
|
|t:|1781154766
|move|p1a: Gholdengo|Shadow Ball|p2a: Aezor
|-damage|p2a: Aezor|41/100
|move|p2a: Aezor|Earthquake|p1a: Gholdengo
|-supereffective|p1a: Gholdengo
|-crit|p1a: Gholdengo
|-damage|p1a: Gholdengo|0 fnt
|faint|p1a: Gholdengo
|-damage|p2a: Aezor|31/100|[from] item: Life Orb
|
|-weather|none
|upkeep
|
|t:|1781154772
|switch|p1a: Zapdos|Zapdos|100/100
|turn|13
|
|t:|1781154775
|move|p2a: Aezor|Scale Shot|p1a: Zapdos
|-damage|p1a: Zapdos|86/100
|-damage|p1a: Zapdos|72/100
|-hitcount|p1a: Zapdos|2
|-unboost|p2a: Aezor|def|1
|-boost|p2a: Aezor|spe|1
|-damage|p2a: Aezor|21/100|[from] item: Life Orb
|move|p1a: Zapdos|Roost|p1a: Zapdos
|-heal|p1a: Zapdos|100/100
|-singleturn|p1a: Zapdos|move: Roost
|
|upkeep
|turn|14
|
|t:|1781154784
|move|p2a: Aezor|Scale Shot|p1a: Zapdos
|-damage|p1a: Zapdos|86/100
|-damage|p1a: Zapdos|71/100
|-damage|p1a: Zapdos|56/100
|-damage|p1a: Zapdos|42/100
|-damage|p1a: Zapdos|29/100
|-hitcount|p1a: Zapdos|5
|-unboost|p2a: Aezor|def|1
|-boost|p2a: Aezor|spe|1
|-damage|p2a: Aezor|11/100|[from] item: Life Orb
|move|p1a: Zapdos|Discharge|p2a: Aezor
|-resisted|p2a: Aezor
|-damage|p2a: Aezor|0 fnt
|faint|p2a: Aezor
|
|upkeep
|
|t:|1781154799
|switch|p2a: Sorrow|Iron Moth|100/100
|-damage|p2a: Sorrow|88/100|[from] Spikes
|-damage|p2a: Sorrow|63/100|[from] Stealth Rock
|-enditem|p2a: Sorrow|Booster Energy
|-activate|p2a: Sorrow|ability: Quark Drive|[fromitem]
|-start|p2a: Sorrow|quarkdrivespe
|turn|15
|
|t:|1781154806
|switch|p1a: Garganacl|Garganacl, F|100/100
|move|p2a: Sorrow|Fiery Dance|p1a: Garganacl
|-resisted|p1a: Garganacl
|-damage|p1a: Garganacl|88/100
|-boost|p2a: Sorrow|spa|1
|
|-heal|p1a: Garganacl|95/100|[from] item: Leftovers
|-sideend|p2: MVA Bjirtos|move: Aurora Veil
|upkeep
|turn|16
|
|t:|1781154813
|move|p2a: Sorrow|Energy Ball|p1a: Garganacl
|-supereffective|p1a: Garganacl
|-damage|p1a: Garganacl|33/100
|move|p1a: Garganacl|Earthquake|p2a: Sorrow
|-supereffective|p2a: Sorrow
|-damage|p2a: Sorrow|0 fnt
|faint|p2a: Sorrow
|-end|p2a: Sorrow|Quark Drive|[silent]
|
|-heal|p1a: Garganacl|39/100|[from] item: Leftovers
|upkeep
|
|t:|1781154828
|switch|p2a: Teardrop|Ninetales-Alola, F|64/100
|-damage|p2a: Teardrop|51/100|[from] Spikes
|-damage|p2a: Teardrop|27/100|[from] Stealth Rock
|-weather|Snowscape|[from] ability: Snow Warning|[of] p2a: Teardrop
|turn|17
|
|t:|1781154834
|move|p2a: Teardrop|Encore|p1a: Garganacl
|-start|p1a: Garganacl|Encore
|move|p1a: Garganacl|Earthquake|p2a: Teardrop
|-damage|p2a: Teardrop|9/100
|
|-weather|Snowscape|[upkeep]
|-heal|p1a: Garganacl|46/100|[from] item: Leftovers
|upkeep
|turn|18
|
|t:|1781154839
|move|p2a: Teardrop|Aurora Veil|p2a: Teardrop
|-sidestart|p2: MVA Bjirtos|move: Aurora Veil
|move|p1a: Garganacl|Earthquake|p2a: Teardrop
|-damage|p2a: Teardrop|0 fnt
|faint|p2a: Teardrop
|
|-weather|Snowscape|[upkeep]
|-heal|p1a: Garganacl|52/100|[from] item: Leftovers
|upkeep
|
|t:|1781154843
|switch|p2a: Deep Trance|Alomomola, F, shiny|100/100
|-damage|p2a: Deep Trance|88/100|[from] Spikes
|-damage|p2a: Deep Trance|76/100|[from] Stealth Rock
|turn|19
|
|t:|1781154849
|switch|p1a: Zapdos|Zapdos|29/100
|move|p2a: Deep Trance|Flip Turn|p1a: Zapdos
|-damage|p1a: Zapdos|14/100
|
|-weather|Snowscape|[upkeep]
|upkeep
|turn|20
|
|t:|1781154853
|switch|p1a: Garganacl|Garganacl, F|52/100
|move|p2a: Deep Trance|Aqua Jet|p1a: Garganacl
|-supereffective|p1a: Garganacl
|-damage|p1a: Garganacl|33/100
|
|-weather|Snowscape|[upkeep]
|-heal|p1a: Garganacl|40/100|[from] item: Leftovers
|upkeep
|turn|21
|
|t:|1781154857
|move|p2a: Deep Trance|Flip Turn|p1a: Garganacl
|-supereffective|p1a: Garganacl
|-damage|p1a: Garganacl|14/100
|move|p1a: Garganacl|Salt Cure|p2a: Deep Trance
|-damage|p2a: Deep Trance|70/100
|-start|p2a: Deep Trance|Salt Cure
|
|-weather|none
|-heal|p1a: Garganacl|20/100|[from] item: Leftovers
|-damage|p2a: Deep Trance|45/100|[from] Salt Cure
|upkeep
|turn|22
|
|t:|1781154865
|switch|p1a: Clefable|Clefable, M|38/100
|move|p2a: Deep Trance|Flip Turn|p1a: Clefable
|-crit|p1a: Clefable
|-damage|p1a: Clefable|15/100
|
|-damage|p2a: Deep Trance|20/100|[from] Salt Cure
|upkeep
|turn|23
|
|t:|1781154874
|move|p2a: Deep Trance|Aqua Jet|p1a: Clefable
|-damage|p1a: Clefable|5/100
|move|p1a: Clefable|Moonblast|p2a: Deep Trance
|-damage|p2a: Deep Trance|11/100
|-unboost|p2a: Deep Trance|spa|1
|
|-damage|p2a: Deep Trance|0 fnt|[from] Salt Cure
|faint|p2a: Deep Trance
|
|win|KurisuChestnutOU
|raw|KurisuChestnutOU's rating: 1534 &rarr; <strong>1557</strong><br />(+23 for winning)
|raw|MVA Bjirtos's rating: 1578 &rarr; <strong>1555</strong><br />(-23 for losing)
