|j|☆cumtd
|j|☆STONE CHAI
|t:|1781589294
|gametype|singles
|player|p1|cumtd|blue|1634
|player|p2|STONE CHAI|2|1587
|gen|9
|tier|[Gen 9] OU
|rated|
|rule|HP Percentage Mod: HP is shown in percentages
|rule|Endless Battle Clause: Forcing endless battles is banned
|rule|Species Clause: Limit one of each Pokémon
|rule|OHKO Clause: OHKO moves are banned
|rule|Evasion Items Clause: Evasion items are banned
|rule|Evasion Moves Clause: Evasion moves are banned
|rule|Evasion Abilities Clause: Evasion abilities are banned
|rule|Sleep Moves Clause: Sleep-inducing moves are banned
|clearpoke
|poke|p1|Darkrai|
|poke|p1|Garchomp, M|
|poke|p1|Alomomola, M|
|poke|p1|Corviknight, M|
|poke|p1|Weezing-Galar, M|
|poke|p1|Ogerpon, F|
|poke|p2|Dragonite, M|
|poke|p2|Iron Moth|
|poke|p2|Iron Valiant|
|poke|p2|Ogerpon-Cornerstone, F|
|poke|p2|Primarina, F|
|poke|p2|Kyurem|
|teampreview
|
|t:|1781589311
|teamsize|p1|6
|teamsize|p2|6
|start
|switch|p1a: Alomomola|Alomomola, M|100/100
|switch|p2a: Kyurem|Kyurem|100/100
|-ability|p2a: Kyurem|Pressure
|turn|1
|inactive|Battle timer is ON: inactive players will automatically lose when time's up. (requested by cumtd)
|
|t:|1781589331
|switch|p2a: Dragonite|Dragonite, M|100/100
|move|p1a: Alomomola|Body Slam|p2a: Dragonite
|-damage|p2a: Dragonite|93/100
|
|upkeep
|turn|2
|
|t:|1781589337
|move|p2a: Dragonite|Dragon Dance|p2a: Dragonite
|-boost|p2a: Dragonite|atk|1
|-boost|p2a: Dragonite|spe|1
|move|p1a: Alomomola|Flip Turn|p2a: Dragonite
|-resisted|p2a: Dragonite
|-damage|p2a: Dragonite|83/100
|
|t:|1781589348
|switch|p1a: Ogerpon|Ogerpon, F|100/100|[from] Flip Turn
|
|upkeep
|turn|3
|
|t:|1781589353
|-terastallize|p1a: Ogerpon|Grass
|detailschange|p1a: Ogerpon|Ogerpon-Teal-Tera, F, tera:Grass
|-ability|p1a: Ogerpon|Embody Aspect (Teal)|boost
|-boost|p1a: Ogerpon|spe|1
|move|p1a: Ogerpon|Encore|p2a: Dragonite
|-start|p2a: Dragonite|Encore
|move|p2a: Dragonite|Dragon Dance|p2a: Dragonite
|-boost|p2a: Dragonite|atk|1
|-boost|p2a: Dragonite|spe|1
|
|upkeep
|turn|4
|
|t:|1781589370
|move|p1a: Ogerpon|Ivy Cudgel|p2a: Dragonite
|-resisted|p2a: Dragonite
|-crit|p2a: Dragonite
|-damage|p2a: Dragonite|58/100
|move|p2a: Dragonite|Dragon Dance|p2a: Dragonite
|-boost|p2a: Dragonite|atk|1
|-boost|p2a: Dragonite|spe|1
|
|upkeep
|turn|5
|
|t:|1781589377
|move|p2a: Dragonite|Dragon Dance|p2a: Dragonite
|-boost|p2a: Dragonite|atk|1
|-boost|p2a: Dragonite|spe|1
|move|p1a: Ogerpon|Knock Off|p2a: Dragonite
|-damage|p2a: Dragonite|21/100
|-enditem|p2a: Dragonite|Heavy-Duty Boots|[from] move: Knock Off|[of] p1a: Ogerpon
|
|-end|p2a: Dragonite|Encore
|upkeep
|turn|6
|
|t:|1781589394
|switch|p1a: Garchomp|Garchomp, M|100/100
|move|p2a: Dragonite|Fire Punch|p1a: Garchomp
|-resisted|p1a: Garchomp
|-damage|p1a: Garchomp|71/100
|-status|p1a: Garchomp|brn
|-damage|p2a: Dragonite|9/100|[from] ability: Rough Skin|[of] p1a: Garchomp
|-damage|p2a: Dragonite|0 fnt|[from] item: Rocky Helmet|[of] p1a: Garchomp
|faint|p2a: Dragonite
|
|-damage|p1a: Garchomp|65/100 brn|[from] brn
|upkeep
|
|t:|1781589413
|switch|p2a: Kyurem|Kyurem|100/100
|-ability|p2a: Kyurem|Pressure
|turn|7
|
|t:|1781589419
|switch|p1a: Alomomola|Alomomola, M|100/100
|move|p2a: Kyurem|Freeze-Dry|p1a: Alomomola
|-supereffective|p1a: Alomomola
|-damage|p1a: Alomomola|62/100
|
|upkeep
|turn|8
|
|t:|1781589427
|switch|p2a: Ogerpon|Ogerpon-Cornerstone, F|100/100
|move|p1a: Alomomola|Mirror Coat||[still]
|-fail|p1a: Alomomola
|
|upkeep
|turn|9
|
|t:|1781589437
|switch|p1a: Corviknight|Corviknight, M|100/100
|-ability|p1a: Corviknight|Pressure
|move|p2a: Ogerpon|Ivy Cudgel|p1a: Corviknight|[anim] Ivy Cudgel Rock
|-damage|p1a: Corviknight|43/100
|
|-heal|p1a: Corviknight|49/100|[from] item: Leftovers
|upkeep
|turn|10
|
|t:|1781589448
|switch|p1a: Garchomp|Garchomp, M|65/100 brn
|move|p2a: Ogerpon|Ivy Cudgel|p1a: Garchomp|[anim] Ivy Cudgel Rock
|-resisted|p1a: Garchomp
|-damage|p1a: Garchomp|44/100 brn
|
|-damage|p1a: Garchomp|37/100 brn|[from] brn
|upkeep
|turn|11
|
|t:|1781589456
|move|p2a: Ogerpon|Taunt|p1a: Garchomp
|-start|p1a: Garchomp|move: Taunt
|cant|p1a: Garchomp|move: Taunt|Stealth Rock
|
|-damage|p1a: Garchomp|31/100 brn|[from] brn
|upkeep
|turn|12
|
|t:|1781589478
|switch|p2a: Kyurem|Kyurem|100/100
|-ability|p2a: Kyurem|Pressure
|move|p1a: Garchomp|Earthquake|p2a: Kyurem
|-damage|p2a: Kyurem|84/100
|
|-damage|p1a: Garchomp|25/100 brn|[from] brn
|upkeep
|turn|13
|
|t:|1781589482
|switch|p1a: Alomomola|Alomomola, M|95/100
|move|p2a: Kyurem|Freeze-Dry|p1a: Alomomola
|-supereffective|p1a: Alomomola
|-damage|p1a: Alomomola|53/100
|
|upkeep
|turn|14
|
|t:|1781589502
|move|p2a: Kyurem|Freeze-Dry|p1a: Alomomola
|-supereffective|p1a: Alomomola
|-damage|p1a: Alomomola|14/100
|move|p1a: Alomomola|Flip Turn|p2a: Kyurem
|-resisted|p2a: Kyurem
|-damage|p2a: Kyurem|77/100
|
|t:|1781589508
|switch|p1a: Darkrai|Darkrai|100/100|[from] Flip Turn
|
|upkeep
|turn|15
|
|t:|1781589515
|move|p1a: Darkrai|Focus Blast|p2a: Kyurem|[miss]
|-miss|p1a: Darkrai|p2a: Kyurem
|move|p2a: Kyurem|Draco Meteor|p1a: Darkrai
|-damage|p1a: Darkrai|1/100
|-unboost|p2a: Kyurem|spa|2
|
|upkeep
|turn|16
|
|t:|1781589524
|move|p1a: Darkrai|Focus Blast|p2a: Kyurem|[miss]
|-miss|p1a: Darkrai|p2a: Kyurem
|move|p2a: Kyurem|Freeze-Dry|p1a: Darkrai
|-damage|p1a: Darkrai|0 fnt
|faint|p1a: Darkrai
|
|upkeep
|c|☆STONE CHAI|sry
|c|☆cumtd|its mons
|c|☆STONE CHAI|im av though
|
|t:|1781589534
|switch|p1a: Alomomola|Alomomola, M|47/100
|turn|17
|
|t:|1781589543
|move|p2a: Kyurem|Freeze-Dry|p1a: Alomomola
|-supereffective|p1a: Alomomola
|-damage|p1a: Alomomola|26/100
|move|p1a: Alomomola|Flip Turn|p2a: Kyurem
|-resisted|p2a: Kyurem
|-damage|p2a: Kyurem|70/100
|
|t:|1781589550
|switch|p1a: Ogerpon|Ogerpon-Teal-Tera, F, tera:Grass|100/100|[from] Flip Turn
|-ability|p1a: Ogerpon|Embody Aspect (Teal)|boost
|-boost|p1a: Ogerpon|spe|1
|
|upkeep
|turn|18
|
|t:|1781589557
|move|p1a: Ogerpon|Swords Dance|p1a: Ogerpon
|-boost|p1a: Ogerpon|atk|2
|move|p2a: Kyurem|Ice Beam|p1a: Ogerpon
|-supereffective|p1a: Ogerpon
|-damage|p1a: Ogerpon|36/100
|
|upkeep
|turn|19
|
|t:|1781589564
|move|p1a: Ogerpon|Knock Off|p2a: Kyurem
|-damage|p2a: Kyurem|20/100
|-enditem|p2a: Kyurem|Assault Vest|[from] move: Knock Off|[of] p1a: Ogerpon
|move|p2a: Kyurem|Ice Beam|p1a: Ogerpon
|-supereffective|p1a: Ogerpon
|-damage|p1a: Ogerpon|0 fnt
|faint|p1a: Ogerpon
|detailschange|p1: Ogerpon|Ogerpon, F|[silent]
|
|upkeep
|-message|cumtd forfeited.
|
|win|STONE CHAI
|raw|cumtd's rating: 1634 &rarr; <strong>1611</strong><br />(-23 for losing)
|raw|STONE CHAI's rating: 1587 &rarr; <strong>1610</strong><br />(+23 for winning)
|l|☆cumtd
|player|p1|
|l|☆STONE CHAI
|player|p2|
