|j|☆sorry4usingstall
|j|☆team10thPlanett
|t:|1781374362
|gametype|singles
|player|p1|sorry4usingstall|colress|1584
|player|p2|team10thPlanett|veteran|1624
|gen|9
|tier|[Gen 9] OU
|rated|
|rule|HP Percentage Mod: HP is shown in percentages
|rule|Endless Battle Clause: Forcing endless battles is banned
|rule|Species Clause: Limit one of each Pokémon
|rule|OHKO Clause: OHKO moves are banned
|rule|Evasion Items Clause: Evasion items are banned
|rule|Evasion Moves Clause: Evasion moves are banned
|rule|Evasion Abilities Clause: Evasion abilities are banned
|rule|Sleep Moves Clause: Sleep-inducing moves are banned
|clearpoke
|poke|p1|Clodsire, F|
|poke|p1|Dondozo, F|
|poke|p1|Alomomola, F|
|poke|p1|Talonflame, F|
|poke|p1|Toxapex, F|
|poke|p1|Blissey, F|
|poke|p2|Zamazenta-*|
|poke|p2|Dragonite, M|
|poke|p2|Araquanid, M|
|poke|p2|Iron Treads|
|poke|p2|Hoopa-Unbound|
|poke|p2|Gholdengo|
|teampreview
|
|t:|1781374397
|teamsize|p1|6
|teamsize|p2|6
|start
|switch|p1a: Keep Trying.|Toxapex, F|100/100
|switch|p2a: Gholdengo|Gholdengo|100/100
|turn|1
|
|t:|1781374408
|switch|p1a: You Tried.|Dondozo, F, shiny|100/100
|move|p2a: Gholdengo|Trick|p1a: You Tried.
|-activate|p2a: Gholdengo|move: Trick|[of] p1a: You Tried.
|-item|p1a: You Tried.|Choice Scarf|[from] move: Trick
|-item|p2a: Gholdengo|Heavy-Duty Boots|[from] move: Trick
|
|upkeep
|turn|2
|
|t:|1781374425
|switch|p1a: Worth Trying.|Clodsire, F, shiny|100/100
|move|p2a: Gholdengo|Shadow Ball|p1a: Worth Trying.
|-damage|p1a: Worth Trying.|78/100
|
|upkeep
|turn|3
|
|t:|1781374451
|switch|p2a: Iron Treads|Iron Treads|100/100
|-enditem|p2a: Iron Treads|Booster Energy
|-activate|p2a: Iron Treads|ability: Quark Drive|[fromitem]
|-start|p2a: Iron Treads|quarkdrivespe
|move|p1a: Worth Trying.|Toxic|p2a: Iron Treads
|-immune|p2a: Iron Treads
|
|upkeep
|turn|4
|j| LOTRsucks
|
|t:|1781374462
|-end|p2a: Iron Treads|Quark Drive|[silent]
|switch|p2a: Johnny Tsunami 🌊|Araquanid, M|100/100
|switch|p1a: Try Harder.|Alomomola, F, shiny|100/100
|
|upkeep
|turn|5
|
|t:|1781374479
|move|p1a: Try Harder.|Flip Turn|p2a: Johnny Tsunami 🌊
|-resisted|p2a: Johnny Tsunami 🌊
|-damage|p2a: Johnny Tsunami 🌊|92/100
|
|t:|1781374482
|switch|p1a: Keep Trying.|Toxapex, F|100/100|[from] Flip Turn
|move|p2a: Johnny Tsunami 🌊|Sticky Web|p1a: Keep Trying.
|-sidestart|p1: sorry4usingstall|move: Sticky Web
|
|upkeep
|turn|6
|
|t:|1781374492
|switch|p2a: Iron Treads|Iron Treads|100/100
|move|p1a: Keep Trying.|Infestation|p2a: Iron Treads
|-resisted|p2a: Iron Treads
|-damage|p2a: Iron Treads|99/100
|-activate|p2a: Iron Treads|move: Infestation|[of] p1a: Keep Trying.
|
|-damage|p2a: Iron Treads|86/100|[from] move: Infestation|[partiallytrapped]
|upkeep
|turn|7
|
|t:|1781374502
|switch|p1a: Try Harder.|Alomomola, F, shiny|100/100
|move|p2a: Iron Treads|Earthquake|p1a: Try Harder.
|-damage|p1a: Try Harder.|73/100
|
|-end|p2a: Iron Treads|Infestation|[partiallytrapped]|[silent]
|upkeep
|turn|8
|
|t:|1781374516
|-end|p2a: Iron Treads|Quark Drive|[silent]
|switch|p2a: Hoopa|Hoopa-Unbound|100/100
|move|p1a: Try Harder.|Flip Turn|p2a: Hoopa
|-damage|p2a: Hoopa|74/100
|
|t:|1781374521
|switch|p1a: Keep Trying.|Toxapex, F|100/100|[from] Flip Turn
|
|upkeep
|turn|9
|
|t:|1781374526
|move|p2a: Hoopa|Knock Off|p1a: Keep Trying.
|-damage|p1a: Keep Trying.|75/100
|-enditem|p1a: Keep Trying.|Heavy-Duty Boots|[from] move: Knock Off|[of] p2a: Hoopa
|move|p1a: Keep Trying.|Toxic|p2a: Hoopa
|-status|p2a: Hoopa|tox
|
|-damage|p2a: Hoopa|68/100 tox|[from] psn
|upkeep
|turn|10
|
|t:|1781374537
|switch|p2a: Iron Treads|Iron Treads|86/100
|switch|p1a: You Tried.|Dondozo, F, shiny|100/100
|-activate|p1a: You Tried.|move: Sticky Web
|-unboost|p1a: You Tried.|spe|1
|
|upkeep
|turn|11
|
|t:|1781374545
|move|p2a: Iron Treads|Earthquake|p1a: You Tried.
|-damage|p1a: You Tried.|79/100
|move|p1a: You Tried.|Liquidation|p2a: Iron Treads
|-supereffective|p2a: Iron Treads
|-damage|p2a: Iron Treads|33/100
|
|upkeep
|turn|12
|
|t:|1781374555
|switch|p1a: Try Harder.|Alomomola, F, shiny|100/100
|-terastallize|p2a: Iron Treads|Ghost
|move|p2a: Iron Treads|Endeavor|p1a: Try Harder.
|-damage|p1a: Try Harder.|23/100
|
|upkeep
|turn|13
|
|t:|1781374566
|switch|p1a: Nice Try.|Talonflame, F, shiny|100/100
|move|p2a: Iron Treads|Rapid Spin|p1a: Nice Try.
|-damage|p1a: Nice Try.|83/100
|-boost|p2a: Iron Treads|spe|1
|
|upkeep
|turn|14
|
|t:|1781374588
|-end|p2a: Iron Treads|Quark Drive|[silent]
|switch|p2a: Hoopa|Hoopa-Unbound|68/100 tox
|move|p1a: Nice Try.|Will-O-Wisp||[still]
|-fail|p1a: Nice Try.
|
|-damage|p2a: Hoopa|62/100 tox|[from] psn
|upkeep
|turn|15
|
|t:|1781374596
|switch|p1a: Keep Trying.|Toxapex, F|100/100
|-activate|p1a: Keep Trying.|move: Sticky Web
|-unboost|p1a: Keep Trying.|spe|1
|move|p2a: Hoopa|Psychic|p1a: Keep Trying.
|-supereffective|p1a: Keep Trying.
|-damage|p1a: Keep Trying.|7/100
|-unboost|p1a: Keep Trying.|spd|1
|
|-damage|p2a: Hoopa|50/100 tox|[from] psn
|upkeep
|turn|16
|
|t:|1781374626
|switch|p1a: Still Trying?|Blissey, F, shiny|100/100
|move|p2a: Hoopa|Psychic|p1a: Still Trying?
|-damage|p1a: Still Trying?|83/100
|
|-damage|p2a: Hoopa|32/100 tox|[from] psn
|upkeep
|turn|17
|
|t:|1781374638
|switch|p2a: Iron Treads|Iron Treads, tera:Ghost|33/100
|switch|p1a: You Tried.|Dondozo, F, shiny|79/100
|-activate|p1a: You Tried.|move: Sticky Web
|-unboost|p1a: You Tried.|spe|1
|
|upkeep
|turn|18
|
|t:|1781374646
|move|p2a: Iron Treads|Endeavor|p1a: You Tried.
|-damage|p1a: You Tried.|21/100
|move|p1a: You Tried.|Liquidation|p2a: Iron Treads
|-damage|p2a: Iron Treads|5/100
|-unboost|p2a: Iron Treads|def|1
|
|upkeep
|turn|19
|
|t:|1781374689
|switch|p1a: Nice Try.|Talonflame, F, shiny|83/100
|move|p2a: Iron Treads|Earthquake|p1a: Nice Try.
|-immune|p1a: Nice Try.
|
|upkeep
|turn|20
|
|t:|1781374711
|-end|p2a: Iron Treads|Quark Drive|[silent]
|switch|p2a: Hoopa|Hoopa-Unbound|32/100 tox
|move|p1a: Nice Try.|Flamethrower|p2a: Hoopa
|-damage|p2a: Hoopa|9/100 tox
|
|-damage|p2a: Hoopa|3/100 tox|[from] psn
|upkeep
|turn|21
|l| LOTRsucks
|
|t:|1781374732
|move|p2a: Hoopa|Knock Off|p1a: Nice Try.
|-damage|p1a: Nice Try.|40/100
|-enditem|p1a: Nice Try.|Heavy-Duty Boots|[from] move: Knock Off|[of] p2a: Hoopa
|move|p1a: Nice Try.|Flamethrower|p2a: Hoopa
|-damage|p2a: Hoopa|0 fnt
|faint|p2a: Hoopa
|
|upkeep
|
|t:|1781374746
|switch|p2a: Gholdengo|Gholdengo|100/100
|turn|22
|
|t:|1781374751
|switch|p1a: Still Trying?|Blissey, F, shiny|83/100
|move|p2a: Gholdengo|Shadow Ball|p1a: Still Trying?
|-immune|p1a: Still Trying?
|
|upkeep
|turn|23
|
|t:|1781374765
|move|p2a: Gholdengo|Trick|p1a: Still Trying?
|-activate|p2a: Gholdengo|move: Trick|[of] p1a: Still Trying?
|-item|p1a: Still Trying?|Heavy-Duty Boots|[from] move: Trick
|-item|p2a: Gholdengo|Heavy-Duty Boots|[from] move: Trick
|move|p1a: Still Trying?|Shadow Ball|p2a: Gholdengo
|-supereffective|p2a: Gholdengo
|-damage|p2a: Gholdengo|66/100
|
|upkeep
|turn|24
|
|t:|1781374775
|switch|p2a: Johnny Tsunami 🌊|Araquanid, M|92/100
|move|p1a: Still Trying?|Seismic Toss|p2a: Johnny Tsunami 🌊
|-damage|p2a: Johnny Tsunami 🌊|63/100
|
|upkeep
|turn|25
|
|t:|1781374784
|switch|p1a: Try Harder.|Alomomola, F, shiny|56/100
|move|p2a: Johnny Tsunami 🌊|Surf|p1a: Try Harder.
|-resisted|p1a: Try Harder.
|-damage|p1a: Try Harder.|30/100
|
|upkeep
|turn|26
|
|t:|1781374790
|switch|p1a: Still Trying?|Blissey, F, shiny|83/100
|move|p2a: Johnny Tsunami 🌊|Surf|p1a: Still Trying?
|-damage|p1a: Still Trying?|66/100
|
|upkeep
|turn|27
|
|t:|1781374799
|switch|p1a: Try Harder.|Alomomola, F, shiny|63/100
|switch|p2a: Iron Treads|Iron Treads, tera:Ghost|5/100
|
|upkeep
|turn|28
|
|t:|1781374808
|switch|p1a: Nice Try.|Talonflame, F, shiny|40/100
|move|p2a: Iron Treads|Endeavor|p1a: Nice Try.
|-damage|p1a: Nice Try.|5/100
|-status|p2a: Iron Treads|brn|[from] ability: Flame Body|[of] p1a: Nice Try.
|
|-damage|p2a: Iron Treads|0 fnt|[from] brn
|faint|p2a: Iron Treads
|-end|p2a: Iron Treads|Quark Drive|[silent]
|upkeep
|
|t:|1781374829
|switch|p2a: Johnny Tsunami 🌊|Araquanid, M|63/100
|turn|29
|
|t:|1781374835
|switch|p1a: Try Harder.|Alomomola, F, shiny|96/100
|move|p2a: Johnny Tsunami 🌊|Surf|p1a: Try Harder.
|-resisted|p1a: Try Harder.
|-damage|p1a: Try Harder.|72/100
|
|upkeep
|turn|30
|
|t:|1781374845
|switch|p2a: Fat Boy|Dragonite, M, shiny|100/100
|move|p1a: Try Harder.|Wish|p1a: Try Harder.
|
|upkeep
|turn|31
|
|t:|1781374854
|move|p2a: Fat Boy|Outrage|p1a: Try Harder.
|-damage|p1a: Try Harder.|12/100
|move|p1a: Try Harder.|Flip Turn|p2a: Fat Boy
|-resisted|p2a: Fat Boy
|-damage|p2a: Fat Boy|97/100
|
|t:|1781374857
|switch|p1a: Keep Trying.|Toxapex, F|40/100|[from] Flip Turn
|-activate|p1a: Keep Trying.|move: Sticky Web
|-unboost|p1a: Keep Trying.|spe|1
|
|-heal|p1a: Keep Trying.|100/100|[from] move: Wish|[wisher] Try Harder.
|upkeep
|turn|32
|
|t:|1781374868
|move|p2a: Fat Boy|Outrage|p1a: Keep Trying.|[from] lockedmove
|-damage|p1a: Keep Trying.|40/100
|-start|p2a: Fat Boy|confusion|[fatigue]
|move|p1a: Keep Trying.|Toxic|p2a: Fat Boy
|-status|p2a: Fat Boy|tox
|
|-damage|p2a: Fat Boy|90/100 tox|[from] psn
|upkeep
|turn|33
|
|t:|1781374878
|move|p1a: Keep Trying.|Baneful Bunker|p1a: Keep Trying.
|-singleturn|p1a: Keep Trying.|move: Protect
|-activate|p2a: Fat Boy|confusion
|move|p2a: Fat Boy|Outrage|p1a: Keep Trying.
|-activate|p1a: Keep Trying.|move: Protect
|
|-damage|p2a: Fat Boy|78/100 tox|[from] psn
|upkeep
|turn|34
|
|t:|1781374900
|switch|p1a: Nice Try.|Talonflame, F, shiny|5/100
|-end|p2a: Fat Boy|confusion
|move|p2a: Fat Boy|Outrage|p1a: Nice Try.
|-damage|p1a: Nice Try.|0 fnt
|faint|p1a: Nice Try.
|
|-damage|p2a: Fat Boy|59/100 tox|[from] psn
|upkeep
|
|t:|1781374919
|switch|p1a: Try Harder.|Alomomola, F, shiny|45/100
|turn|35
|
|t:|1781374922
|move|p1a: Try Harder.|Protect|p1a: Try Harder.
|-singleturn|p1a: Try Harder.|Protect
|move|p2a: Fat Boy|Outrage|p1a: Try Harder.|[from] lockedmove
|-activate|p1a: Try Harder.|move: Protect
|
|-damage|p2a: Fat Boy|34/100 tox|[from] psn
|upkeep
|turn|36
|
|t:|1781374934
|switch|p1a: You Tried.|Dondozo, F, shiny|21/100
|-activate|p1a: You Tried.|move: Sticky Web
|-unboost|p1a: You Tried.|spe|1
|move|p2a: Fat Boy|Outrage|p1a: You Tried.
|-damage|p1a: You Tried.|0 fnt
|faint|p1a: You Tried.
|
|-damage|p2a: Fat Boy|3/100 tox|[from] psn
|upkeep
|
|t:|1781374947
|switch|p1a: Try Harder.|Alomomola, F, shiny|78/100
|turn|37
|
|t:|1781374951
|move|p2a: Fat Boy|Outrage|p1a: Try Harder.|[from] lockedmove
|-damage|p1a: Try Harder.|18/100
|move|p1a: Try Harder.|Wish|p1a: Try Harder.
|
|-damage|p2a: Fat Boy|0 fnt|[from] psn
|faint|p2a: Fat Boy
|upkeep
|
|t:|1781374964
|switch|p2a: Zamazenta|Zamazenta|100/100
|-ability|p2a: Zamazenta|Dauntless Shield|boost
|-boost|p2a: Zamazenta|def|1
|turn|38
|
|t:|1781375013
|switch|p1a: Worth Trying.|Clodsire, F, shiny|78/100
|move|p2a: Zamazenta|Close Combat|p1a: Worth Trying.
|-resisted|p1a: Worth Trying.
|-damage|p1a: Worth Trying.|36/100
|-unboost|p2a: Zamazenta|def|1
|-unboost|p2a: Zamazenta|spd|1
|-damage|p2a: Zamazenta|91/100|[from] item: Life Orb
|
|-heal|p1a: Worth Trying.|87/100|[from] move: Wish|[wisher] Try Harder.
|upkeep
|turn|39
|
|t:|1781375033
|move|p2a: Zamazenta|Ice Fang|p1a: Worth Trying.
|-supereffective|p1a: Worth Trying.
|-damage|p1a: Worth Trying.|25/100
|-damage|p2a: Zamazenta|81/100|[from] item: Life Orb
|move|p1a: Worth Trying.|Toxic|p2a: Zamazenta
|-status|p2a: Zamazenta|tox
|
|-damage|p2a: Zamazenta|75/100 tox|[from] psn
|upkeep
|turn|40
|
|t:|1781375043
|switch|p1a: Keep Trying.|Toxapex, F|74/100
|-activate|p1a: Keep Trying.|move: Sticky Web
|-unboost|p1a: Keep Trying.|spe|1
|move|p2a: Zamazenta|Close Combat|p1a: Keep Trying.
|-resisted|p1a: Keep Trying.
|-damage|p1a: Keep Trying.|50/100
|-unboost|p2a: Zamazenta|def|1
|-unboost|p2a: Zamazenta|spd|1
|-damage|p2a: Zamazenta|65/100 tox|[from] item: Life Orb
|
|-damage|p2a: Zamazenta|53/100 tox|[from] psn
|upkeep
|turn|41
|
|t:|1781375056
|switch|p2a: Gholdengo|Gholdengo|66/100
|move|p1a: Keep Trying.|Recover|p1a: Keep Trying.
|-heal|p1a: Keep Trying.|99/100
|
|upkeep
|turn|42
|j| hgghgbc
|
|t:|1781375064
|switch|p1a: Still Trying?|Blissey, F, shiny|66/100
|move|p2a: Gholdengo|Shadow Ball|p1a: Still Trying?
|-immune|p1a: Still Trying?
|
|upkeep
|turn|43
|
|t:|1781375072
|switch|p2a: Zamazenta|Zamazenta|53/100 tox
|move|p1a: Still Trying?|Soft-Boiled|p1a: Still Trying?
|-heal|p1a: Still Trying?|100/100
|
|-damage|p2a: Zamazenta|47/100 tox|[from] psn
|upkeep
|turn|44
|
|t:|1781375084
|switch|p1a: Keep Trying.|Toxapex, F|100/100
|-activate|p1a: Keep Trying.|move: Sticky Web
|-unboost|p1a: Keep Trying.|spe|1
|move|p2a: Zamazenta|Close Combat|p1a: Keep Trying.
|-resisted|p1a: Keep Trying.
|-damage|p1a: Keep Trying.|77/100
|-unboost|p2a: Zamazenta|def|1
|-unboost|p2a: Zamazenta|spd|1
|-damage|p2a: Zamazenta|37/100 tox|[from] item: Life Orb
|
|-damage|p2a: Zamazenta|24/100 tox|[from] psn
|upkeep
|turn|45
|-message|team10thPlanett forfeited.
|
|win|sorry4usingstall
|raw|sorry4usingstall's rating: 1584 &rarr; <strong>1606</strong><br />(+22 for winning)
|raw|team10thPlanett's rating: 1624 &rarr; <strong>1602</strong><br />(-22 for losing)
|l|☆team10thPlanett
|player|p2|
|l|☆sorry4usingstall
|player|p1|
