|j|☆bak bak bak again
|j|☆Chigusa_24zono
|t:|1781597738
|gametype|singles
|player|p1|bak bak bak again|wallace|1578
|player|p2|Chigusa_24zono|lass|1561
|gen|9
|tier|[Gen 9] OU
|rated|
|rule|HP Percentage Mod: HP is shown in percentages
|rule|Endless Battle Clause: Forcing endless battles is banned
|rule|Species Clause: Limit one of each Pokémon
|rule|OHKO Clause: OHKO moves are banned
|rule|Evasion Items Clause: Evasion items are banned
|rule|Evasion Moves Clause: Evasion moves are banned
|rule|Evasion Abilities Clause: Evasion abilities are banned
|rule|Sleep Moves Clause: Sleep-inducing moves are banned
|clearpoke
|poke|p1|Vileplume, M|
|poke|p1|Azelf|
|poke|p1|Samurott-Hisui, M|
|poke|p1|Kyurem|
|poke|p1|Darkrai|
|poke|p1|Great Tusk|
|poke|p2|Slowking-Galar, F|
|poke|p2|Cetitan, F|
|poke|p2|Dragapult, F|
|poke|p2|Great Tusk|
|poke|p2|Moltres|
|poke|p2|Samurott-Hisui, F|
|teampreview
|inactive|Battle timer is ON: inactive players will automatically lose when time's up. (requested by Chigusa_24zono)
|
|t:|1781597754
|teamsize|p1|6
|teamsize|p2|6
|start
|switch|p1a: Darkrai|Darkrai|100/100
|switch|p2a: Samurott|Samurott-Hisui, F, shiny|100/100
|turn|1
|
|t:|1781597762
|move|p1a: Darkrai|Sludge Bomb|p2a: Samurott
|-damage|p2a: Samurott|38/100
|-damage|p1a: Darkrai|91/100|[from] item: Life Orb
|move|p2a: Samurott|Ceaseless Edge|p1a: Darkrai
|-resisted|p1a: Darkrai
|-damage|p1a: Darkrai|57/100
|-sidestart|p1: bak bak bak again|Spikes
|
|upkeep
|turn|2
|
|t:|1781597771
|move|p1a: Darkrai|Drain Punch|p2a: Samurott
|-supereffective|p2a: Samurott
|-damage|p2a: Samurott|0 fnt
|-heal|p1a: Darkrai|82/100|[from] drain|[of] p2a: Samurott
|faint|p2a: Samurott
|-damage|p1a: Darkrai|72/100|[from] item: Life Orb
|
|upkeep
|
|t:|1781597779
|switch|p2a: Slowking|Slowking-Galar, F, shiny|100/100
|turn|3
|
|t:|1781597783
|move|p1a: Darkrai|Dark Pulse|p2a: Slowking
|-supereffective|p2a: Slowking
|-damage|p2a: Slowking|27/100
|-damage|p1a: Darkrai|62/100|[from] item: Life Orb
|-prepare|p2a: Slowking|Chilly Reception|[premajor]
|move|p2a: Slowking|Chilly Reception|p2a: Slowking
|-weather|Snowscape
|
|t:|1781597786
|switch|p2a: Cetitan|Cetitan, F, shiny|100/100|[from] Chilly Reception
|
|-weather|Snowscape|[upkeep]
|upkeep
|turn|4
|
|t:|1781597792
|move|p2a: Cetitan|Belly Drum|p2a: Cetitan
|-damage|p2a: Cetitan|50/100
|-setboost|p2a: Cetitan|atk|6|[from] move: Belly Drum
|-enditem|p2a: Cetitan|Sitrus Berry|[eat]
|-heal|p2a: Cetitan|75/100|[from] item: Sitrus Berry
|move|p1a: Darkrai|Dark Pulse|p2a: Cetitan
|-damage|p2a: Cetitan|10/100
|-damage|p1a: Darkrai|52/100|[from] item: Life Orb
|
|-weather|Snowscape|[upkeep]
|upkeep
|turn|5
|
|t:|1781597817
|move|p2a: Cetitan|Ice Shard|p1a: Darkrai
|-damage|p1a: Darkrai|0 fnt
|faint|p1a: Darkrai
|
|-weather|Snowscape|[upkeep]
|upkeep
|inactive|bak bak bak again has 120 seconds left.
|
|t:|1781597835
|switch|p1a: Samurott|Samurott-Hisui, M|100/100
|-damage|p1a: Samurott|88/100|[from] Spikes
|turn|6
|
|t:|1781597840
|move|p1a: Samurott|Sucker Punch|p2a: Cetitan
|-damage|p2a: Cetitan|0 fnt
|faint|p2a: Cetitan
|
|-weather|Snowscape|[upkeep]
|upkeep
|
|t:|1781597844
|switch|p2a: Great Tusk|Great Tusk, shiny|100/100
|turn|7
|
|t:|1781597852
|switch|p1a: Vileplume|Vileplume, M|100/100
|-damage|p1a: Vileplume|88/100|[from] Spikes
|move|p2a: Great Tusk|Stealth Rock|p1a: Vileplume
|-sidestart|p1: bak bak bak again|move: Stealth Rock
|
|-weather|Snowscape|[upkeep]
|upkeep
|turn|8
|
|t:|1781597860
|-end|p2a: Great Tusk|Protosynthesis|[silent]
|switch|p2a: Slowking|Slowking-Galar, F, shiny|60/100
|move|p1a: Vileplume|Moonblast|p2a: Slowking
|-resisted|p2a: Slowking
|-crit|p2a: Slowking
|-damage|p2a: Slowking|42/100
|
|-weather|Snowscape|[upkeep]
|upkeep
|turn|9
|
|t:|1781597867
|move|p1a: Vileplume|Growth|p1a: Vileplume
|-boost|p1a: Vileplume|atk|1
|-boost|p1a: Vileplume|spa|1
|-prepare|p2a: Slowking|Chilly Reception|[premajor]
|move|p2a: Slowking|Chilly Reception|p2a: Slowking
|
|t:|1781597873
|switch|p2a: Moltres|Moltres, shiny|100/100|[from] Chilly Reception
|
|-weather|Snowscape|[upkeep]
|upkeep
|turn|10
|
|t:|1781597882
|switch|p1a: Samurott|Samurott-Hisui, M|88/100
|-damage|p1a: Samurott|76/100|[from] Spikes
|-damage|p1a: Samurott|64/100|[from] Stealth Rock
|move|p2a: Moltres|Flamethrower|p1a: Samurott
|-resisted|p1a: Samurott
|-damage|p1a: Samurott|48/100
|
|-weather|none
|upkeep
|turn|11
|
|t:|1781597895
|move|p1a: Samurott|Razor Shell|p2a: Moltres
|-supereffective|p2a: Moltres
|-damage|p2a: Moltres|17/100
|-unboost|p2a: Moltres|def|1
|-status|p1a: Samurott|brn|[from] ability: Flame Body|[of] p2a: Moltres
|move|p2a: Moltres|U-turn|p1a: Samurott
|-supereffective|p1a: Samurott
|-damage|p1a: Samurott|14/100 brn
|
|t:|1781597899
|switch|p2a: Great Tusk|Great Tusk, shiny|100/100|[from] U-turn
|
|-damage|p1a: Samurott|8/100 brn|[from] brn
|upkeep
|turn|12
|
|t:|1781597907
|switch|p1a: Vileplume|Vileplume, M|88/100
|-damage|p1a: Vileplume|76/100|[from] Spikes
|-damage|p1a: Vileplume|63/100|[from] Stealth Rock
|move|p2a: Great Tusk|Knock Off|p1a: Vileplume
|-damage|p1a: Vileplume|28/100
|-enditem|p1a: Vileplume|Pixie Plate|[from] move: Knock Off|[of] p2a: Great Tusk
|
|upkeep
|turn|13
|j| g4rewfewfdwed
|
|t:|1781597922
|move|p2a: Great Tusk|Close Combat|p1a: Vileplume
|-resisted|p1a: Vileplume
|-damage|p1a: Vileplume|0 fnt
|-unboost|p2a: Great Tusk|def|1
|-unboost|p2a: Great Tusk|spd|1
|-status|p2a: Great Tusk|slp|[from] ability: Effect Spore|[of] p1a: Vileplume
|faint|p1a: Vileplume
|
|upkeep
|
|t:|1781597927
|switch|p1a: Kyurem|Kyurem|100/100
|-ability|p1a: Kyurem|Pressure
|turn|14
|
|t:|1781597930
|-end|p2a: Great Tusk|Protosynthesis|[silent]
|switch|p2a: Moltres|Moltres, shiny|17/100
|move|p1a: Kyurem|Dragon Dance|p1a: Kyurem
|-boost|p1a: Kyurem|atk|1
|-boost|p1a: Kyurem|spe|1
|
|upkeep
|turn|15
|
|t:|1781597937
|move|p1a: Kyurem|Icicle Spear|p2a: Moltres
|-damage|p2a: Moltres|0 fnt
|faint|p2a: Moltres
|-hitcount|p2: Moltres|1
|
|upkeep
|
|t:|1781597943
|switch|p2a: Slowking|Slowking-Galar, F, shiny|75/100
|turn|16
|
|t:|1781597949
|-terastallize|p2a: Slowking|Fairy
|move|p1a: Kyurem|Dragon Dance|p1a: Kyurem
|-boost|p1a: Kyurem|atk|1
|-boost|p1a: Kyurem|spe|1
|move|p2a: Slowking|Thunder Wave|p1a: Kyurem
|-status|p1a: Kyurem|par
|
|upkeep
|turn|17
|
|t:|1781597954
|move|p1a: Kyurem|Dragon Dance|p1a: Kyurem
|-boost|p1a: Kyurem|atk|1
|-boost|p1a: Kyurem|spe|1
|move|p2a: Slowking|Sludge Bomb|p1a: Kyurem
|-damage|p1a: Kyurem|69/100 par
|
|upkeep
|turn|18
|
|t:|1781597958
|cant|p1a: Kyurem|par
|move|p2a: Slowking|Sludge Bomb|p1a: Kyurem
|-damage|p1a: Kyurem|38/100 par
|
|upkeep
|turn|19
|
|t:|1781597962
|move|p1a: Kyurem|Dragon Dance|p1a: Kyurem
|-boost|p1a: Kyurem|atk|1
|-boost|p1a: Kyurem|spe|1
|move|p2a: Slowking|Psychic Noise|p1a: Kyurem
|-damage|p1a: Kyurem|11/100 par
|-start|p1a: Kyurem|move: Heal Block
|
|upkeep
|turn|20
|
|t:|1781597968
|move|p1a: Kyurem|Icicle Spear|p2a: Slowking
|-damage|p2a: Slowking|36/100
|-damage|p2a: Slowking|0 fnt
|faint|p2a: Slowking
|-hitcount|p2: Slowking|2
|
|-end|p1a: Kyurem|move: Heal Block
|upkeep
|
|t:|1781597970
|switch|p2a: Dragapult|Dragapult, F, shiny|100/100
|turn|21
|
|t:|1781597973
|move|p1a: Kyurem|Icicle Spear|p2a: Dragapult
|-supereffective|p2a: Dragapult
|-damage|p2a: Dragapult|0 fnt
|faint|p2a: Dragapult
|-hitcount|p2: Dragapult|1
|
|upkeep
|
|t:|1781597975
|switch|p2a: Great Tusk|Great Tusk, shiny|100/100 slp
|turn|22
|
|t:|1781597977
|move|p1a: Kyurem|Earth Power|p2a: Great Tusk
|-damage|p2a: Great Tusk|62/100 slp
|cant|p2a: Great Tusk|slp
|
|-heal|p2a: Great Tusk|68/100 slp|[from] item: Leftovers
|upkeep
|turn|23
|
|t:|1781597980
|move|p1a: Kyurem|Freeze-Dry|p2a: Great Tusk
|-supereffective|p2a: Great Tusk
|-damage|p2a: Great Tusk|0 fnt
|faint|p2a: Great Tusk
|-end|p2a: Great Tusk|Protosynthesis|[silent]
|
|win|bak bak bak again
|raw|bak bak bak again's rating: 1578 &rarr; <strong>1597</strong><br />(+19 for winning)
|raw|Chigusa_24zono's rating: 1561 &rarr; <strong>1542</strong><br />(-19 for losing)
|l|☆Chigusa_24zono
|player|p2|
|l|☆bak bak bak again
|player|p1|
|l| g4rewfewfdwed
