|j|‽SirShakes
|j|☆Davy12345
|t:|1781054407
|gametype|singles
|player|p1|SirShakes|firebreather|1583
|player|p2|Davy12345|drayden|1628
|gen|9
|tier|[Gen 9] OU
|rated|
|rule|HP Percentage Mod: HP is shown in percentages
|rule|Endless Battle Clause: Forcing endless battles is banned
|rule|Species Clause: Limit one of each Pokémon
|rule|OHKO Clause: OHKO moves are banned
|rule|Evasion Items Clause: Evasion items are banned
|rule|Evasion Moves Clause: Evasion moves are banned
|rule|Evasion Abilities Clause: Evasion abilities are banned
|rule|Sleep Moves Clause: Sleep-inducing moves are banned
|clearpoke
|poke|p1|Alomomola, L99, F|
|poke|p1|Iron Valiant|
|poke|p1|Slowking-Galar, F|
|poke|p1|Dragapult, M|
|poke|p1|Cinderace, F|
|poke|p1|Hydrapple, M|
|poke|p2|Sandy Shocks|
|poke|p2|Ogerpon, F|
|poke|p2|Latios, M|
|poke|p2|Scizor, F|
|poke|p2|Manaphy|
|poke|p2|Iron Jugulis|
|teampreview
|inactive|Battle timer is ON: inactive players will automatically lose when time's up. (requested by Davy12345)
|j| nmmnmnmnmnnnmnm
|inactive|SirShakes has 120 seconds left.
|
|t:|1781054454
|teamsize|p1|6
|teamsize|p2|6
|start
|switch|p1a: Dragapult|Dragapult, M|100/100
|switch|p2a: Sandy Shocks|Sandy Shocks|100/100
|-enditem|p2a: Sandy Shocks|Booster Energy
|-activate|p2a: Sandy Shocks|ability: Protosynthesis|[fromitem]
|-start|p2a: Sandy Shocks|protosynthesisspe
|turn|1
|
|t:|1781054463
|move|p2a: Sandy Shocks|Stealth Rock|p1a: Dragapult
|-sidestart|p1: SirShakes|move: Stealth Rock
|move|p1a: Dragapult|Draco Meteor|p2a: Sandy Shocks
|-damage|p2a: Sandy Shocks|0 fnt
|-unboost|p1a: Dragapult|spa|2
|faint|p2a: Sandy Shocks
|-end|p2a: Sandy Shocks|Protosynthesis|[silent]
|
|upkeep
|
|t:|1781054474
|switch|p2a: Latios|Latios, M|100/100
|turn|2
|
|t:|1781054491
|switch|p1a: Alomomola|Alomomola, L99, F|100/100
|-damage|p1a: Alomomola|88/100|[from] Stealth Rock
|move|p2a: Latios|Agility|p2a: Latios
|-boost|p2a: Latios|spe|2
|
|upkeep
|turn|3
|
|t:|1781054501
|move|p2a: Latios|Calm Mind|p2a: Latios
|-boost|p2a: Latios|spa|1
|-boost|p2a: Latios|spd|1
|move|p1a: Alomomola|Play Rough|p2a: Latios|[miss]
|-miss|p1a: Alomomola|p2a: Latios
|
|upkeep
|turn|4
|
|t:|1781054505
|move|p2a: Latios|Calm Mind|p2a: Latios
|-boost|p2a: Latios|spa|1
|-boost|p2a: Latios|spd|1
|move|p1a: Alomomola|Play Rough|p2a: Latios
|-supereffective|p2a: Latios
|-damage|p2a: Latios|72/100
|-enditem|p2a: Latios|Weakness Policy
|-boost|p2a: Latios|atk|2|[from] item: Weakness Policy
|-boost|p2a: Latios|spa|2|[from] item: Weakness Policy
|
|upkeep
|turn|5
|
|t:|1781054516
|-terastallize|p1a: Alomomola|Fairy
|move|p2a: Latios|Stored Power|p1a: Alomomola
|-damage|p1a: Alomomola|0 fnt
|faint|p1a: Alomomola
|
|upkeep
|
|t:|1781054533
|switch|p1a: Cinderace|Cinderace, F|100/100
|turn|6
|
|t:|1781054537
|-terastallize|p2a: Latios|Fighting
|move|p1a: Cinderace|Sucker Punch|p2a: Latios
|-start|p1a: Cinderace|typechange|Dark|[from] ability: Libero
|-resisted|p2a: Latios
|-damage|p2a: Latios|55/100
|move|p2a: Latios|Stored Power|p1a: Cinderace
|-immune|p1a: Cinderace
|
|upkeep
|turn|7
|
|t:|1781054545
|move|p2a: Latios|Aura Sphere|p1a: Cinderace
|-supereffective|p1a: Cinderace
|-damage|p1a: Cinderace|0 fnt
|faint|p1a: Cinderace
|
|upkeep
|-message|SirShakes forfeited.
|
|win|Davy12345
|raw|SirShakes's rating: 1583 &rarr; <strong>1566</strong><br />(-17 for losing)
|raw|Davy12345's rating: 1628 &rarr; <strong>1645</strong><br />(+17 for winning)
|l|‽SirShakes
|player|p1|
|l|☆Davy12345
|player|p2|
