|j|☆team10thPlanett
|j|☆monkeoogaboog2
|t:|1781600944
|gametype|singles
|player|p1|team10thPlanett|veteran|1587
|player|p2|monkeoogaboog2|102|1651
|gen|9
|tier|[Gen 9] OU
|rated|
|rule|HP Percentage Mod: HP is shown in percentages
|rule|Endless Battle Clause: Forcing endless battles is banned
|rule|Species Clause: Limit one of each Pokémon
|rule|OHKO Clause: OHKO moves are banned
|rule|Evasion Items Clause: Evasion items are banned
|rule|Evasion Moves Clause: Evasion moves are banned
|rule|Evasion Abilities Clause: Evasion abilities are banned
|rule|Sleep Moves Clause: Sleep-inducing moves are banned
|clearpoke
|poke|p1|Zamazenta-*|
|poke|p1|Dragonite, M|
|poke|p1|Araquanid, M|
|poke|p1|Iron Treads|
|poke|p1|Hoopa-Unbound|
|poke|p1|Raikou|
|poke|p2|Fezandipiti, M|
|poke|p2|Landorus-Therian, M|
|poke|p2|Cinderace, M|
|poke|p2|Alomomola, M|
|poke|p2|Dragapult, F|
|poke|p2|Darkrai|
|teampreview
|
|t:|1781600957
|teamsize|p1|6
|teamsize|p2|6
|start
|switch|p1a: Hoopa|Hoopa-Unbound|100/100
|switch|p2a: Fezandipiti|Fezandipiti, M|100/100
|turn|1
|
|t:|1781600963
|move|p1a: Hoopa|Psychic|p2a: Fezandipiti
|-supereffective|p2a: Fezandipiti
|-damage|p2a: Fezandipiti|12/100
|move|p2a: Fezandipiti|U-turn|p1a: Hoopa
|-supereffective|p1a: Hoopa
|-damage|p1a: Hoopa|6/100
|
|t:|1781600974
|switch|p2a: Darkrai|Darkrai|100/100|[from] U-turn
|
|upkeep
|turn|2
|
|t:|1781600982
|switch|p1a: Johnny Tsunami 🌊|Araquanid, M|100/100
|move|p2a: Darkrai|Dark Pulse|p1a: Johnny Tsunami 🌊
|-damage|p1a: Johnny Tsunami 🌊|66/100
|
|upkeep
|turn|3
|
|t:|1781600989
|move|p2a: Darkrai|Dark Pulse|p1a: Johnny Tsunami 🌊
|-damage|p1a: Johnny Tsunami 🌊|32/100
|move|p1a: Johnny Tsunami 🌊|Surf|p2a: Darkrai
|-damage|p2a: Darkrai|31/100
|
|-heal|p2a: Darkrai|37/100|[from] item: Leftovers
|upkeep
|turn|4
|
|t:|1781601003
|move|p1a: Johnny Tsunami 🌊|Endure|p1a: Johnny Tsunami 🌊
|-singleturn|p1a: Johnny Tsunami 🌊|move: Endure
|move|p2a: Darkrai|Dark Pulse|p1a: Johnny Tsunami 🌊
|-activate|p1a: Johnny Tsunami 🌊|move: Endure
|-damage|p1a: Johnny Tsunami 🌊|1/100
|
|-heal|p2a: Darkrai|43/100|[from] item: Leftovers
|upkeep
|turn|5
|-enditem|p1a: Johnny Tsunami 🌊|Custap Berry|[eat]
|-activate|p1a: Johnny Tsunami 🌊|item: Custap Berry|[consumed]
|
|t:|1781601013
|move|p1a: Johnny Tsunami 🌊|Endeavor|p2a: Darkrai
|-damage|p2a: Darkrai|1/100
|move|p2a: Darkrai|Dark Pulse|p1a: Johnny Tsunami 🌊
|-damage|p1a: Johnny Tsunami 🌊|0 fnt
|faint|p1a: Johnny Tsunami 🌊
|
|-heal|p2a: Darkrai|7/100|[from] item: Leftovers
|upkeep
|
|t:|1781601026
|switch|p1a: Hoopa|Hoopa-Unbound|6/100
|turn|6
|
|t:|1781601034
|switch|p2a: Alomomola|Alomomola, M|100/100
|move|p1a: Hoopa|Dark Pulse|p2a: Alomomola
|-damage|p2a: Alomomola|72/100
|
|upkeep
|turn|7
|inactive|Battle timer is ON: inactive players will automatically lose when time's up. (requested by monkeoogaboog2)
|
|t:|1781601083
|switch|p1a: Raikou|Raikou|100/100
|move|p2a: Alomomola|Flip Turn|p1a: Raikou
|-damage|p1a: Raikou|79/100
|
|t:|1781601089
|switch|p2a: Landorus|Landorus-Therian, M|100/100|[from] Flip Turn
|-ability|p2a: Landorus|Intimidate|boost
|-fail|p1a: Raikou|unboost|Attack|[from] ability: Inner Focus|[of] p1a: Raikou
|
|upkeep
|turn|8
|
|t:|1781601096
|switch|p2a: Alomomola|Alomomola, M|100/100
|-terastallize|p1a: Raikou|Water
|move|p1a: Raikou|Scald|p2a: Alomomola
|-resisted|p2a: Alomomola
|-damage|p2a: Alomomola|88/100
|
|upkeep
|turn|9
|
|t:|1781601107
|switch|p1a: Hoopa|Hoopa-Unbound|6/100
|move|p2a: Alomomola|Mirror Coat||[still]
|-fail|p2a: Alomomola
|
|upkeep
|turn|10
|
|t:|1781601113
|move|p1a: Hoopa|Knock Off|p2a: Alomomola
|-damage|p2a: Alomomola|58/100
|-enditem|p2a: Alomomola|Assault Vest|[from] move: Knock Off|[of] p1a: Hoopa
|move|p2a: Alomomola|Flip Turn|p1a: Hoopa
|-damage|p1a: Hoopa|0 fnt
|faint|p1a: Hoopa
|
|t:|1781601120
|switch|p2a: Dragapult|Dragapult, F|100/100|[from] Flip Turn
|
|upkeep
|
|t:|1781601125
|switch|p1a: Iron Treads|Iron Treads|100/100
|-enditem|p1a: Iron Treads|Booster Energy
|-activate|p1a: Iron Treads|ability: Quark Drive|[fromitem]
|-start|p1a: Iron Treads|quarkdrivespe
|turn|11
|
|t:|1781601130
|move|p1a: Iron Treads|Ice Spinner|p2a: Dragapult
|-supereffective|p2a: Dragapult
|-crit|p2a: Dragapult
|-damage|p2a: Dragapult|0 fnt
|faint|p2a: Dragapult
|
|upkeep
|
|t:|1781601137
|switch|p2a: Landorus|Landorus-Therian, M|100/100
|-ability|p2a: Landorus|Intimidate|boost
|-unboost|p1a: Iron Treads|atk|1
|turn|12
|
|t:|1781601142
|move|p1a: Iron Treads|Ice Spinner|p2a: Landorus
|-supereffective|p2a: Landorus
|-damage|p2a: Landorus|29/100
|-damage|p1a: Iron Treads|84/100|[from] item: Rocky Helmet|[of] p2a: Landorus
|move|p2a: Landorus|Earthquake|p1a: Iron Treads
|-supereffective|p1a: Iron Treads
|-damage|p1a: Iron Treads|4/100
|
|upkeep
|turn|13
|
|t:|1781601157
|move|p1a: Iron Treads|Ice Spinner|p2a: Landorus
|-supereffective|p2a: Landorus
|-damage|p2a: Landorus|0 fnt
|-damage|p1a: Iron Treads|0 fnt|[from] item: Rocky Helmet|[of] p2a: Landorus
|faint|p2a: Landorus
|faint|p1a: Iron Treads
|-end|p1a: Iron Treads|Quark Drive|[silent]
|
|upkeep
|
|t:|1781601173
|switch|p1a: Raikou|Raikou, tera:Water|79/100
|switch|p2a: Alomomola|Alomomola, M|91/100
|turn|14
|
|t:|1781601180
|move|p1a: Raikou|Thunderbolt|p2a: Alomomola
|-supereffective|p2a: Alomomola
|-damage|p2a: Alomomola|10/100
|move|p2a: Alomomola|Mirror Coat|p1a: Raikou
|-damage|p1a: Raikou|0 fnt
|faint|p1a: Raikou
|
|upkeep
|
|t:|1781601188
|switch|p1a: Zamazenta|Zamazenta|100/100
|-ability|p1a: Zamazenta|Dauntless Shield|boost
|-boost|p1a: Zamazenta|def|1
|turn|15
|
|t:|1781601196
|switch|p2a: Fezandipiti|Fezandipiti, M|12/100
|move|p1a: Zamazenta|Heavy Slam|p2a: Fezandipiti
|-supereffective|p2a: Fezandipiti
|-damage|p2a: Fezandipiti|0 fnt
|faint|p2a: Fezandipiti
|-damage|p1a: Zamazenta|91/100|[from] item: Life Orb
|
|upkeep
|
|t:|1781601201
|switch|p2a: Alomomola|Alomomola, M|44/100
|turn|16
|
|t:|1781601208
|switch|p2a: Darkrai|Darkrai|7/100
|move|p1a: Zamazenta|Close Combat|p2a: Darkrai
|-supereffective|p2a: Darkrai
|-damage|p2a: Darkrai|0 fnt
|-unboost|p1a: Zamazenta|def|1
|-unboost|p1a: Zamazenta|spd|1
|faint|p2a: Darkrai
|-damage|p1a: Zamazenta|81/100|[from] item: Life Orb
|
|upkeep
|
|t:|1781601214
|switch|p2a: Alomomola|Alomomola, M|77/100
|turn|17
|
|t:|1781601221
|switch|p1a: Fat Boy|Dragonite, M, shiny|100/100
|-terastallize|p2a: Alomomola|Fairy
|move|p2a: Alomomola|Scald|p1a: Fat Boy
|-resisted|p1a: Fat Boy
|-damage|p1a: Fat Boy|97/100
|-status|p1a: Fat Boy|brn
|
|-damage|p1a: Fat Boy|91/100 brn|[from] brn
|upkeep
|turn|18
|
|t:|1781601233
|switch|p1a: Zamazenta|Zamazenta|81/100
|move|p2a: Alomomola|Flip Turn|p1a: Zamazenta
|-damage|p1a: Zamazenta|64/100
|
|t:|1781601235
|switch|p2a: Cinderace|Cinderace, M|100/100|[from] Flip Turn
|
|upkeep
|turn|19
|
|t:|1781601242
|switch|p2a: Alomomola|Alomomola, M, tera:Fairy|100/100
|move|p1a: Zamazenta|Close Combat|p2a: Alomomola
|-resisted|p2a: Alomomola
|-damage|p2a: Alomomola|73/100
|-unboost|p1a: Zamazenta|def|1
|-unboost|p1a: Zamazenta|spd|1
|-damage|p1a: Zamazenta|54/100|[from] item: Life Orb
|
|upkeep
|turn|20
|
|t:|1781601253
|move|p1a: Zamazenta|Heavy Slam|p2a: Alomomola
|-supereffective|p2a: Alomomola
|-damage|p2a: Alomomola|11/100
|-damage|p1a: Zamazenta|44/100|[from] item: Life Orb
|move|p2a: Alomomola|Body Slam|p1a: Zamazenta
|-damage|p1a: Zamazenta|24/100
|
|upkeep
|turn|21
|
|t:|1781601265
|move|p1a: Zamazenta|Close Combat|p2a: Alomomola
|-resisted|p2a: Alomomola
|-damage|p2a: Alomomola|0 fnt
|-unboost|p1a: Zamazenta|def|1
|-unboost|p1a: Zamazenta|spd|1
|faint|p2a: Alomomola
|-damage|p1a: Zamazenta|14/100|[from] item: Life Orb
|
|upkeep
|
|t:|1781601268
|switch|p2a: Cinderace|Cinderace, M|100/100
|turn|22
|
|t:|1781601276
|move|p2a: Cinderace|Sucker Punch|p1a: Zamazenta
|-start|p2a: Cinderace|typechange|Dark|[from] ability: Libero
|-resisted|p1a: Zamazenta
|-damage|p1a: Zamazenta|0 fnt
|faint|p1a: Zamazenta
|
|upkeep
|
|t:|1781601282
|switch|p1a: Fat Boy|Dragonite, M, shiny|91/100 brn
|turn|23
|
|t:|1781601286
|move|p1a: Fat Boy|Extreme Speed|p2a: Cinderace
|-damage|p2a: Cinderace|67/100
|move|p2a: Cinderace|Pyro Ball|p1a: Fat Boy
|-resisted|p1a: Fat Boy
|-damage|p1a: Fat Boy|72/100 brn
|
|-damage|p1a: Fat Boy|66/100 brn|[from] brn
|upkeep
|turn|24
|
|t:|1781601294
|move|p1a: Fat Boy|Extreme Speed|p2a: Cinderace
|-damage|p2a: Cinderace|35/100
|move|p2a: Cinderace|Pyro Ball|p1a: Fat Boy
|-resisted|p1a: Fat Boy
|-damage|p1a: Fat Boy|49/100 brn
|
|-damage|p1a: Fat Boy|43/100 brn|[from] brn
|upkeep
|turn|25
|
|t:|1781601303
|move|p1a: Fat Boy|Extreme Speed|p2a: Cinderace
|-damage|p2a: Cinderace|0 fnt
|faint|p2a: Cinderace
|
|win|team10thPlanett
|raw|team10thPlanett's rating: 1587 &rarr; <strong>1611</strong><br />(+24 for winning)
|raw|monkeoogaboog2's rating: 1651 &rarr; <strong>1627</strong><br />(-24 for losing)
|l|☆monkeoogaboog2
|player|p2|
|l|☆team10thPlanett
|player|p1|
|j|☆team10thPlanett
|player|p1|team10thPlanett|veteran|
|l|☆team10thPlanett
|player|p1|
