|badge|p2|bronze|gen9ou|100-9
|uhtml|medal-msg|<div class="broadcast-blue">Curious what those medals under the avatar are? PS now has Ladder Seasons! For more information, check out the <a href="https://www.smogon.com/forums/threads/3740067/">thread on Smogon.</a></div>
|j|☆rizz of reko
|j|☆AnonymousJon
|t:|1781458251
|gametype|singles
|player|p1|rizz of reko|cheren-gen5bw2|1572
|player|p2|AnonymousJon|workerice|1716
|gen|9
|tier|[Gen 9] OU
|rated|
|rule|HP Percentage Mod: HP is shown in percentages
|rule|Endless Battle Clause: Forcing endless battles is banned
|rule|Species Clause: Limit one of each Pokémon
|rule|OHKO Clause: OHKO moves are banned
|rule|Evasion Items Clause: Evasion items are banned
|rule|Evasion Moves Clause: Evasion moves are banned
|rule|Evasion Abilities Clause: Evasion abilities are banned
|rule|Sleep Moves Clause: Sleep-inducing moves are banned
|clearpoke
|poke|p1|Great Tusk|
|poke|p1|Dragonite, M|
|poke|p1|Raging Bolt|
|poke|p1|Iron Valiant|
|poke|p1|Deoxys-Speed|
|poke|p1|Ogerpon-Wellspring, F|
|poke|p2|Great Tusk|
|poke|p2|Ogerpon-Cornerstone, F|
|poke|p2|Rillaboom, F|
|poke|p2|Tyranitar, F|
|poke|p2|Corviknight, F|
|poke|p2|Dragapult, F|
|teampreview
|inactive|Battle timer is ON: inactive players will automatically lose when time's up. (requested by AnonymousJon)
|inactive|rizz of reko has 120 seconds left.
|
|t:|1781458281
|teamsize|p1|6
|teamsize|p2|6
|start
|switch|p1a: Ogerpon|Ogerpon-Wellspring, F|100/100
|switch|p2a: Rillaboom|Rillaboom, F|100/100
|-fieldstart|move: Grassy Terrain|[from] ability: Grassy Surge|[of] p2a: Rillaboom
|turn|1
|
|t:|1781458302
|switch|p1a: Dragonite|Dragonite, M, shiny|100/100
|move|p2a: Rillaboom|Grassy Glide|p1a: Dragonite
|-resisted|p1a: Dragonite
|-damage|p1a: Dragonite|93/100
|
|-heal|p1a: Dragonite|99/100|[from] item: Leftovers
|upkeep
|turn|2
|
|t:|1781458312
|switch|p2a: Tyranitar|Tyranitar, F|100/100
|-weather|Sandstorm|[from] ability: Sand Stream|[of] p2a: Tyranitar
|switch|p1a: Raging Bolt|Raging Bolt|100/100
|-enditem|p1a: Raging Bolt|Booster Energy
|-activate|p1a: Raging Bolt|ability: Protosynthesis|[fromitem]
|-start|p1a: Raging Bolt|protosynthesisspa
|
|-weather|Sandstorm|[upkeep]
|-damage|p1a: Raging Bolt|94/100|[from] Sandstorm
|-heal|p1a: Raging Bolt|100/100|[from] Grassy Terrain
|upkeep
|turn|3
|
|t:|1781458324
|move|p1a: Raging Bolt|Dragon Pulse|p2a: Tyranitar
|-damage|p2a: Tyranitar|73/100
|move|p2a: Tyranitar|Stealth Rock|p1a: Raging Bolt
|-sidestart|p1: rizz of reko|move: Stealth Rock
|
|-weather|Sandstorm|[upkeep]
|-damage|p1a: Raging Bolt|94/100|[from] Sandstorm
|-heal|p1a: Raging Bolt|100/100|[from] Grassy Terrain
|-heal|p2a: Tyranitar|80/100|[from] Grassy Terrain
|-heal|p2a: Tyranitar|86/100|[from] item: Leftovers
|upkeep
|turn|4
|
|t:|1781458334
|move|p1a: Raging Bolt|Thunderbolt|p2a: Tyranitar
|-damage|p2a: Tyranitar|55/100
|move|p2a: Tyranitar|Knock Off|p1a: Raging Bolt
|-damage|p1a: Raging Bolt|74/100
|
|-weather|Sandstorm|[upkeep]
|-damage|p1a: Raging Bolt|68/100|[from] Sandstorm
|-heal|p1a: Raging Bolt|74/100|[from] Grassy Terrain
|-heal|p2a: Tyranitar|61/100|[from] Grassy Terrain
|-heal|p2a: Tyranitar|67/100|[from] item: Leftovers
|upkeep
|turn|5
|
|t:|1781458339
|move|p1a: Raging Bolt|Calm Mind|p1a: Raging Bolt
|-boost|p1a: Raging Bolt|spa|1
|-boost|p1a: Raging Bolt|spd|1
|move|p2a: Tyranitar|Roar|p1a: Raging Bolt
|-end|p1a: Raging Bolt|Protosynthesis|[silent]
|drag|p1a: Iron Valiant|Iron Valiant, shiny|100/100
|-damage|p1a: Iron Valiant|94/100|[from] Stealth Rock
|-enditem|p1a: Iron Valiant|Booster Energy
|-activate|p1a: Iron Valiant|ability: Quark Drive|[fromitem]
|-start|p1a: Iron Valiant|quarkdrivespe
|
|-weather|Sandstorm|[upkeep]
|-damage|p1a: Iron Valiant|88/100|[from] Sandstorm
|-heal|p1a: Iron Valiant|94/100|[from] Grassy Terrain
|-heal|p2a: Tyranitar|74/100|[from] Grassy Terrain
|-heal|p2a: Tyranitar|80/100|[from] item: Leftovers
|-fieldend|move: Grassy Terrain
|upkeep
|turn|6
|
|t:|1781458344
|switch|p2a: Corviknight|Corviknight, F|100/100
|-ability|p2a: Corviknight|Pressure
|move|p1a: Iron Valiant|Moonblast|p2a: Corviknight
|-resisted|p2a: Corviknight
|-damage|p2a: Corviknight|77/100
|
|-weather|none
|upkeep
|turn|7
|
|t:|1781458349
|move|p1a: Iron Valiant|Calm Mind|p1a: Iron Valiant
|-boost|p1a: Iron Valiant|spa|1
|-boost|p1a: Iron Valiant|spd|1
|move|p2a: Corviknight|Brave Bird|p1a: Iron Valiant
|-supereffective|p1a: Iron Valiant
|-damage|p1a: Iron Valiant|0 fnt
|faint|p1a: Iron Valiant
|-end|p1a: Iron Valiant|Quark Drive|[silent]
|-damage|p2a: Corviknight|54/100|[from] Recoil
|
|upkeep
|
|t:|1781458357
|switch|p1a: Great Tusk|Great Tusk, shiny|100/100
|-damage|p1a: Great Tusk|98/100|[from] Stealth Rock
|-enditem|p1a: Great Tusk|Booster Energy
|-activate|p1a: Great Tusk|ability: Protosynthesis|[fromitem]
|-start|p1a: Great Tusk|protosynthesisatk
|turn|8
|
|t:|1781458369
|switch|p2a: Dragapult|Dragapult, F|100/100
|move|p1a: Great Tusk|Ice Spinner|p2a: Dragapult
|-supereffective|p2a: Dragapult
|-damage|p2a: Dragapult|0 fnt
|faint|p2a: Dragapult
|
|upkeep
|
|t:|1781458379
|switch|p2a: Corviknight|Corviknight, F|54/100
|-ability|p2a: Corviknight|Pressure
|turn|9
|
|t:|1781458389
|move|p1a: Great Tusk|Rapid Spin|p2a: Corviknight
|-resisted|p2a: Corviknight
|-crit|p2a: Corviknight
|-damage|p2a: Corviknight|44/100
|-boost|p1a: Great Tusk|spe|1
|-damage|p1a: Great Tusk|81/100|[from] item: Rocky Helmet|[of] p2a: Corviknight
|-sideend|p1: rizz of reko|Stealth Rock|[from] move: Rapid Spin|[of] p1a: Great Tusk
|move|p2a: Corviknight|Roost|p2a: Corviknight
|-heal|p2a: Corviknight|94/100
|-singleturn|p2a: Corviknight|move: Roost
|
|upkeep
|turn|10
|
|t:|1781458397
|-end|p1a: Great Tusk|Protosynthesis|[silent]
|switch|p1a: Raging Bolt|Raging Bolt|74/100
|move|p2a: Corviknight|Brave Bird|p1a: Raging Bolt
|-resisted|p1a: Raging Bolt
|-damage|p1a: Raging Bolt|60/100
|-damage|p2a: Corviknight|89/100|[from] Recoil
|
|upkeep
|turn|11
|
|t:|1781458410
|switch|p2a: Tyranitar|Tyranitar, F|80/100
|-weather|Sandstorm|[from] ability: Sand Stream|[of] p2a: Tyranitar
|move|p1a: Raging Bolt|Dragon Pulse|p2a: Tyranitar
|-damage|p2a: Tyranitar|59/100
|
|-weather|Sandstorm|[upkeep]
|-damage|p1a: Raging Bolt|53/100|[from] Sandstorm
|-heal|p2a: Tyranitar|65/100|[from] item: Leftovers
|upkeep
|turn|12
|
|t:|1781458417
|-end|p1a: Raging Bolt|Protosynthesis|[silent]
|switch|p1a: Ogerpon|Ogerpon-Wellspring, F|100/100
|move|p2a: Tyranitar|Stealth Rock|p1a: Ogerpon
|-sidestart|p1: rizz of reko|move: Stealth Rock
|
|-weather|Sandstorm|[upkeep]
|-damage|p1a: Ogerpon|94/100|[from] Sandstorm
|-heal|p2a: Tyranitar|71/100|[from] item: Leftovers
|upkeep
|turn|13
|
|t:|1781458423
|switch|p2a: Rillaboom|Rillaboom, F|100/100
|-fieldstart|move: Grassy Terrain|[from] ability: Grassy Surge|[of] p2a: Rillaboom
|move|p1a: Ogerpon|Swords Dance|p1a: Ogerpon
|-boost|p1a: Ogerpon|atk|2
|
|-weather|Sandstorm|[upkeep]
|-damage|p1a: Ogerpon|88/100|[from] Sandstorm
|-damage|p2a: Rillaboom|94/100|[from] Sandstorm
|-heal|p1a: Ogerpon|94/100|[from] Grassy Terrain
|-heal|p2a: Rillaboom|100/100|[from] Grassy Terrain
|upkeep
|turn|14
|
|t:|1781458429
|move|p2a: Rillaboom|Grassy Glide|p1a: Ogerpon
|-damage|p1a: Ogerpon|18/100
|move|p1a: Ogerpon|Play Rough|p2a: Rillaboom
|-damage|p2a: Rillaboom|27/100
|-unboost|p2a: Rillaboom|atk|1
|
|-weather|Sandstorm|[upkeep]
|-damage|p1a: Ogerpon|12/100|[from] Sandstorm
|-damage|p2a: Rillaboom|21/100|[from] Sandstorm
|-heal|p1a: Ogerpon|18/100|[from] Grassy Terrain
|-heal|p2a: Rillaboom|27/100|[from] Grassy Terrain
|upkeep
|turn|15
|
|t:|1781458455
|switch|p1a: Raging Bolt|Raging Bolt|53/100
|-damage|p1a: Raging Bolt|41/100|[from] Stealth Rock
|move|p2a: Rillaboom|Grassy Glide|p1a: Raging Bolt
|-resisted|p1a: Raging Bolt
|-damage|p1a: Raging Bolt|24/100
|
|-weather|none
|-heal|p2a: Rillaboom|33/100|[from] Grassy Terrain
|-heal|p1a: Raging Bolt|30/100|[from] Grassy Terrain
|upkeep
|turn|16
|
|t:|1781458479
|switch|p2a: Tyranitar|Tyranitar, F|71/100
|-weather|Sandstorm|[from] ability: Sand Stream|[of] p2a: Tyranitar
|move|p1a: Raging Bolt|Dragon Pulse|p2a: Tyranitar
|-damage|p2a: Tyranitar|50/100
|
|-weather|Sandstorm|[upkeep]
|-damage|p1a: Raging Bolt|24/100|[from] Sandstorm
|-heal|p1a: Raging Bolt|30/100|[from] Grassy Terrain
|-heal|p2a: Tyranitar|56/100|[from] Grassy Terrain
|-heal|p2a: Tyranitar|62/100|[from] item: Leftovers
|upkeep
|turn|17
|
|t:|1781458490
|-end|p1a: Raging Bolt|Protosynthesis|[silent]
|switch|p1a: Great Tusk|Great Tusk, shiny|81/100
|-damage|p1a: Great Tusk|78/100|[from] Stealth Rock
|move|p2a: Tyranitar|Knock Off|p1a: Great Tusk
|-resisted|p1a: Great Tusk
|-damage|p1a: Great Tusk|69/100
|
|-weather|Sandstorm|[upkeep]
|-heal|p1a: Great Tusk|75/100|[from] Grassy Terrain
|-heal|p2a: Tyranitar|69/100|[from] Grassy Terrain
|-heal|p2a: Tyranitar|75/100|[from] item: Leftovers
|-fieldend|move: Grassy Terrain
|upkeep
|turn|18
|
|t:|1781458503
|switch|p2a: Corviknight|Corviknight, F|89/100
|-ability|p2a: Corviknight|Pressure
|move|p1a: Great Tusk|Rapid Spin|p2a: Corviknight
|-resisted|p2a: Corviknight
|-damage|p2a: Corviknight|83/100
|-boost|p1a: Great Tusk|spe|1
|-damage|p1a: Great Tusk|58/100|[from] item: Rocky Helmet|[of] p2a: Corviknight
|-sideend|p1: rizz of reko|Stealth Rock|[from] move: Rapid Spin|[of] p1a: Great Tusk
|
|-weather|Sandstorm|[upkeep]
|upkeep
|turn|19
|
|t:|1781458519
|-end|p1a: Great Tusk|Protosynthesis|[silent]
|switch|p1a: Raging Bolt|Raging Bolt|30/100
|move|p2a: Corviknight|Brave Bird|p1a: Raging Bolt
|-resisted|p1a: Raging Bolt
|-damage|p1a: Raging Bolt|15/100
|-damage|p2a: Corviknight|78/100|[from] Recoil
|
|-weather|Sandstorm|[upkeep]
|-damage|p1a: Raging Bolt|9/100|[from] Sandstorm
|upkeep
|turn|20
|
|t:|1781458549
|switch|p2a: Great Tusk|Great Tusk|100/100
|move|p1a: Raging Bolt|Thunderbolt|p2a: Great Tusk
|-immune|p2a: Great Tusk
|
|-weather|none
|upkeep
|turn|21
|
|t:|1781458554
|move|p2a: Great Tusk|Rapid Spin|p1a: Raging Bolt
|-damage|p1a: Raging Bolt|0 fnt
|-boost|p2a: Great Tusk|spe|1
|faint|p1a: Raging Bolt
|-end|p1a: Raging Bolt|Protosynthesis|[silent]
|
|upkeep
|
|t:|1781458568
|switch|p1a: Deoxys|Deoxys-Speed, shiny|100/100
|-ability|p1a: Deoxys|Pressure
|turn|22
|
|t:|1781458592
|-end|p2a: Great Tusk|Protosynthesis|[silent]
|switch|p2a: Corviknight|Corviknight, F|78/100
|-ability|p2a: Corviknight|Pressure
|move|p1a: Deoxys|Nasty Plot|p1a: Deoxys
|-boost|p1a: Deoxys|spa|2
|
|upkeep
|turn|23
|
|t:|1781458601
|move|p1a: Deoxys|Shadow Ball|p2a: Corviknight
|-damage|p2a: Corviknight|28/100
|move|p2a: Corviknight|U-turn|p1a: Deoxys
|-supereffective|p1a: Deoxys
|-damage|p1a: Deoxys|55/100
|
|t:|1781458604
|switch|p2a: Rillaboom|Rillaboom, F|33/100|[from] U-turn
|-fieldstart|move: Grassy Terrain|[from] ability: Grassy Surge|[of] p2a: Rillaboom
|
|-heal|p1a: Deoxys|61/100|[from] Grassy Terrain
|-heal|p2a: Rillaboom|39/100|[from] Grassy Terrain
|upkeep
|turn|24
|
|t:|1781458615
|switch|p1a: Dragonite|Dragonite, M, shiny|99/100
|move|p2a: Rillaboom|Grassy Glide|p1a: Dragonite
|-resisted|p1a: Dragonite
|-damage|p1a: Dragonite|84/100
|
|-heal|p2a: Rillaboom|45/100|[from] Grassy Terrain
|-heal|p1a: Dragonite|90/100|[from] item: Leftovers
|upkeep
|turn|25
|inactive|AnonymousJon has 120 seconds left.
|inactive|AnonymousJon has 90 seconds left.
|
|t:|1781458690
|switch|p2a: Tyranitar|Tyranitar, F|75/100
|-weather|Sandstorm|[from] ability: Sand Stream|[of] p2a: Tyranitar
|switch|p1a: Ogerpon|Ogerpon-Wellspring, F|18/100
|
|-weather|Sandstorm|[upkeep]
|-damage|p1a: Ogerpon|12/100|[from] Sandstorm
|-heal|p1a: Ogerpon|18/100|[from] Grassy Terrain
|-heal|p2a: Tyranitar|81/100|[from] Grassy Terrain
|-heal|p2a: Tyranitar|87/100|[from] item: Leftovers
|upkeep
|turn|26
|
|t:|1781458697
|switch|p2a: Corviknight|Corviknight, F|28/100
|-ability|p2a: Corviknight|Pressure
|move|p1a: Ogerpon|Horn Leech|p2a: Corviknight
|-resisted|p2a: Corviknight
|-damage|p2a: Corviknight|19/100
|-heal|p1a: Ogerpon|24/100|[from] drain|[of] p2a: Corviknight
|-damage|p1a: Ogerpon|7/100|[from] item: Rocky Helmet|[of] p2a: Corviknight
|
|-weather|Sandstorm|[upkeep]
|-damage|p1a: Ogerpon|1/100|[from] Sandstorm
|-heal|p1a: Ogerpon|7/100|[from] Grassy Terrain
|upkeep
|turn|27
|
|t:|1781458703
|move|p1a: Ogerpon|Ivy Cudgel|p2a: Corviknight|[anim] Ivy Cudgel Water
|-damage|p2a: Corviknight|0 fnt
|faint|p2a: Corviknight
|
|-weather|Sandstorm|[upkeep]
|-damage|p1a: Ogerpon|1/100|[from] Sandstorm
|-heal|p1a: Ogerpon|7/100|[from] Grassy Terrain
|-fieldend|move: Grassy Terrain
|upkeep
|
|t:|1781458707
|switch|p2a: Rillaboom|Rillaboom, F|45/100
|-fieldstart|move: Grassy Terrain|[from] ability: Grassy Surge|[of] p2a: Rillaboom
|turn|28
|
|t:|1781458732
|switch|p1a: Dragonite|Dragonite, M, shiny|90/100
|move|p2a: Rillaboom|Grassy Glide|p1a: Dragonite
|-resisted|p1a: Dragonite
|-damage|p1a: Dragonite|74/100
|
|-weather|Sandstorm|[upkeep]
|-damage|p2a: Rillaboom|39/100|[from] Sandstorm
|-damage|p1a: Dragonite|68/100|[from] Sandstorm
|-heal|p2a: Rillaboom|45/100|[from] Grassy Terrain
|-heal|p1a: Dragonite|74/100|[from] item: Leftovers
|upkeep
|turn|29
|inactive|rizz of reko has 120 seconds left.
|
|t:|1781458755
|switch|p2a: Ogerpon|Ogerpon-Cornerstone, F|100/100
|move|p1a: Dragonite|Ice Spinner|p2a: Ogerpon
|-supereffective|p2a: Ogerpon
|-damage|p2a: Ogerpon|25/100
|-fieldend|move: Grassy Terrain
|
|-weather|none
|-heal|p1a: Dragonite|80/100|[from] item: Leftovers
|upkeep
|turn|30
|inactive|rizz of reko has 120 seconds left.
|
|t:|1781458766
|-terastallize|p1a: Dragonite|Normal
|move|p1a: Dragonite|Extreme Speed|p2a: Ogerpon
|-resisted|p2a: Ogerpon
|-damage|p2a: Ogerpon|0 fnt
|faint|p2a: Ogerpon
|
|-heal|p1a: Dragonite|86/100|[from] item: Leftovers
|upkeep
|j| Darck-Meralice
|inactive|AnonymousJon has 90 seconds left.
|inactive|AnonymousJon has 60 seconds left.
|
|t:|1781458829
|switch|p2a: Tyranitar|Tyranitar, F|87/100
|-weather|Sandstorm|[from] ability: Sand Stream|[of] p2a: Tyranitar
|turn|31
|
|t:|1781458839
|switch|p1a: Great Tusk|Great Tusk, shiny|58/100
|move|p2a: Tyranitar|Knock Off|p1a: Great Tusk
|-resisted|p1a: Great Tusk
|-crit|p1a: Great Tusk
|-damage|p1a: Great Tusk|43/100
|
|-weather|Sandstorm|[upkeep]
|-heal|p2a: Tyranitar|94/100|[from] item: Leftovers
|upkeep
|turn|32
|inactive|AnonymousJon has 60 seconds left.
|
|t:|1781458860
|switch|p2a: Great Tusk|Great Tusk|100/100
|move|p1a: Great Tusk|Ice Spinner|p2a: Great Tusk
|-supereffective|p2a: Great Tusk
|-damage|p2a: Great Tusk|59/100
|
|-weather|Sandstorm|[upkeep]
|upkeep
|turn|33
|
|t:|1781458870
|move|p1a: Great Tusk|Rapid Spin|p2a: Great Tusk
|-damage|p2a: Great Tusk|46/100
|-boost|p1a: Great Tusk|spe|1
|move|p2a: Great Tusk|Ice Spinner|p1a: Great Tusk
|-supereffective|p1a: Great Tusk
|-damage|p1a: Great Tusk|6/100
|
|-weather|Sandstorm|[upkeep]
|upkeep
|turn|34
|inactive|AnonymousJon has 60 seconds left.
|
|t:|1781458899
|move|p1a: Great Tusk|Ice Spinner|p2a: Great Tusk
|-supereffective|p2a: Great Tusk
|-damage|p2a: Great Tusk|5/100
|move|p2a: Great Tusk|Headlong Rush|p1a: Great Tusk
|-damage|p1a: Great Tusk|0 fnt
|-unboost|p2a: Great Tusk|def|1
|-unboost|p2a: Great Tusk|spd|1
|faint|p1a: Great Tusk
|-end|p1a: Great Tusk|Protosynthesis|[silent]
|
|-weather|Sandstorm|[upkeep]
|upkeep
|inactive|rizz of reko has 120 seconds left.
|
|t:|1781458942
|switch|p1a: Deoxys|Deoxys-Speed, shiny|61/100
|-ability|p1a: Deoxys|Pressure
|turn|35
|inactive|AnonymousJon has 60 seconds left.
|j| isaac_gam3r
|
|t:|1781458953
|move|p1a: Deoxys|Shadow Ball|p2a: Great Tusk
|-damage|p2a: Great Tusk|0 fnt
|faint|p2a: Great Tusk
|-end|p2a: Great Tusk|Protosynthesis|[silent]
|
|-weather|none
|upkeep
|
|t:|1781458955
|switch|p2a: Rillaboom|Rillaboom, F|45/100
|-fieldstart|move: Grassy Terrain|[from] ability: Grassy Surge|[of] p2a: Rillaboom
|turn|36
|l| isaac_gam3r
|inactive|rizz of reko has 90 seconds left.
|
|t:|1781458990
|switch|p1a: Ogerpon|Ogerpon-Wellspring, F|7/100
|move|p2a: Rillaboom|Grassy Glide|p1a: Ogerpon
|-damage|p1a: Ogerpon|0 fnt
|faint|p1a: Ogerpon
|
|-heal|p2a: Rillaboom|52/100|[from] Grassy Terrain
|upkeep
|inactive|rizz of reko has 90 seconds left.
|
|t:|1781458998
|switch|p1a: Dragonite|Dragonite, M, shiny, tera:Normal|86/100
|turn|37
|
|t:|1781459006
|switch|p2a: Tyranitar|Tyranitar, F|94/100
|-weather|Sandstorm|[from] ability: Sand Stream|[of] p2a: Tyranitar
|move|p1a: Dragonite|Ice Spinner|p2a: Tyranitar
|-damage|p2a: Tyranitar|72/100
|-fieldend|move: Grassy Terrain
|
|-weather|Sandstorm|[upkeep]
|-damage|p1a: Dragonite|80/100|[from] Sandstorm
|-heal|p1a: Dragonite|86/100|[from] item: Leftovers
|-heal|p2a: Tyranitar|78/100|[from] item: Leftovers
|upkeep
|turn|38
|
|t:|1781459012
|move|p1a: Dragonite|Earthquake|p2a: Tyranitar
|-supereffective|p2a: Tyranitar
|-damage|p2a: Tyranitar|17/100
|move|p2a: Tyranitar|Knock Off|p1a: Dragonite
|-damage|p1a: Dragonite|43/100
|-enditem|p1a: Dragonite|Leftovers|[from] move: Knock Off|[of] p2a: Tyranitar
|
|-weather|Sandstorm|[upkeep]
|-damage|p1a: Dragonite|37/100|[from] Sandstorm
|-heal|p2a: Tyranitar|23/100|[from] item: Leftovers
|upkeep
|turn|39
|
|t:|1781459021
|move|p1a: Dragonite|Earthquake|p2a: Tyranitar
|-supereffective|p2a: Tyranitar
|-damage|p2a: Tyranitar|0 fnt
|faint|p2a: Tyranitar
|
|-weather|Sandstorm|[upkeep]
|-damage|p1a: Dragonite|31/100|[from] Sandstorm
|upkeep
|inactive|AnonymousJon has 90 seconds left.
|
|t:|1781459058
|switch|p2a: Rillaboom|Rillaboom, F|52/100
|-fieldstart|move: Grassy Terrain|[from] ability: Grassy Surge|[of] p2a: Rillaboom
|turn|40
|
|t:|1781459068
|move|p1a: Dragonite|Extreme Speed|p2a: Rillaboom
|-damage|p2a: Rillaboom|0 fnt
|faint|p2a: Rillaboom
|
|win|rizz of reko
|raw|rizz of reko's rating: 1572 &rarr; <strong>1601</strong><br />(+29 for winning)
|raw|AnonymousJon's rating: 1739 &rarr; <strong>1710</strong><br />(-29 for losing)
|c|☆AnonymousJon|gg
|l|☆AnonymousJon
|player|p2|
|c|☆rizz of reko|K
