|j|☆KurisuChestnutOU
|j|☆phreshoatmeal
|t:|1781137411
|gametype|singles
|player|p1|KurisuChestnutOU|may-contest|1559
|player|p2|phreshoatmeal|clerk|1606
|gen|9
|tier|[Gen 9] OU
|rated|
|rule|HP Percentage Mod: HP is shown in percentages
|rule|Endless Battle Clause: Forcing endless battles is banned
|rule|Species Clause: Limit one of each Pokémon
|rule|OHKO Clause: OHKO moves are banned
|rule|Evasion Items Clause: Evasion items are banned
|rule|Evasion Moves Clause: Evasion moves are banned
|rule|Evasion Abilities Clause: Evasion abilities are banned
|rule|Sleep Moves Clause: Sleep-inducing moves are banned
|clearpoke
|poke|p1|Gliscor, M|
|poke|p1|Dondozo, M|
|poke|p1|Slowking-Galar, M|
|poke|p1|Gholdengo|
|poke|p1|Great Tusk|
|poke|p1|Kingambit, M|
|poke|p2|Tyranitar, M|
|poke|p2|Excadrill, F|
|poke|p2|Hatterene, F|
|poke|p2|Raging Bolt|
|poke|p2|Hippowdon, M|
|poke|p2|Zamazenta-*|
|teampreview
|inactive|Battle timer is ON: inactive players will automatically lose when time's up. (requested by KurisuChestnutOU)
|
|t:|1781137433
|teamsize|p1|6
|teamsize|p2|6
|start
|switch|p1a: Gliscor|Gliscor, M|100/100
|switch|p2a: Hatterene|Hatterene, F|100/100
|turn|1
|
|t:|1781137440
|move|p1a: Gliscor|Knock Off|p2a: Hatterene
|-damage|p2a: Hatterene|83/100
|-enditem|p2a: Hatterene|Leftovers|[from] move: Knock Off|[of] p1a: Gliscor
|move|p2a: Hatterene|Future Sight|p1a: Gliscor
|-start|p2a: Hatterene|move: Future Sight
|
|-status|p1a: Gliscor|tox|[from] item: Toxic Orb
|upkeep
|turn|2
|
|t:|1781137447
|move|p1a: Gliscor|Earthquake|p2a: Hatterene
|-damage|p2a: Hatterene|56/100
|move|p2a: Hatterene|Gravity|p2a: Hatterene
|-fieldstart|move: Gravity
|
|upkeep
|turn|3
|
|t:|1781137455
|switch|p1a: Kingambit|Kingambit, M|100/100
|switch|p2a: Hippowdon|Hippowdon, M|100/100
|-weather|Sandstorm|[from] ability: Sand Stream|[of] p2a: Hippowdon
|
|-weather|Sandstorm|[upkeep]
|-end|p1a: Kingambit|move: Future Sight
|-immune|p1a: Kingambit
|upkeep
|turn|4
|
|t:|1781137462
|-end|p1a: Kingambit|fallenundefined|[silent]
|switch|p1a: Gholdengo|Gholdengo|100/100
|move|p2a: Hippowdon|Earthquake|p1a: Gholdengo
|-supereffective|p1a: Gholdengo
|-damage|p1a: Gholdengo|11/100
|-enditem|p1a: Gholdengo|Air Balloon
|
|-weather|Sandstorm|[upkeep]
|upkeep
|turn|5
|
|t:|1781137469
|switch|p2a: Excadrill|Excadrill, F|100/100
|move|p1a: Gholdengo|Make It Rain|p2a: Excadrill
|-resisted|p2a: Excadrill
|-damage|p2a: Excadrill|60/100
|-unboost|p1a: Gholdengo|spa|1
|
|-weather|Sandstorm|[upkeep]
|upkeep
|turn|6
|
|t:|1781137475
|switch|p1a: Gliscor|Gliscor, M|100/100 tox
|move|p2a: Excadrill|Earthquake|p1a: Gliscor
|-crit|p1a: Gliscor
|-damage|p1a: Gliscor|27/100 tox
|
|-weather|Sandstorm|[upkeep]
|-heal|p1a: Gliscor|39/100 tox|[from] ability: Poison Heal
|-fieldend|move: Gravity
|upkeep
|turn|7
|
|t:|1781137479
|switch|p2a: Hatterene|Hatterene, F|56/100
|move|p1a: Gliscor|Earthquake|p2a: Hatterene
|-damage|p2a: Hatterene|29/100
|
|-weather|none
|-heal|p1a: Gliscor|52/100 tox|[from] ability: Poison Heal
|upkeep
|turn|8
|
|t:|1781137485
|move|p1a: Gliscor|Earthquake|p2a: Hatterene
|-damage|p2a: Hatterene|1/100
|move|p2a: Hatterene|Pain Split|p1a: Gliscor
|-sethp|p1a: Gliscor|26/100 tox|[from] move: Pain Split|[silent]
|-sethp|p2a: Hatterene|29/100|[from] move: Pain Split
|
|-heal|p1a: Gliscor|39/100 tox|[from] ability: Poison Heal
|upkeep
|turn|9
|
|t:|1781137504
|move|p1a: Gliscor|Earthquake|p2a: Hatterene
|-damage|p2a: Hatterene|2/100
|move|p2a: Hatterene|Draining Kiss|p1a: Gliscor
|-damage|p1a: Gliscor|9/100 tox
|-heal|p2a: Hatterene|27/100|[from] drain|[of] p1a: Gliscor
|
|-heal|p1a: Gliscor|22/100 tox|[from] ability: Poison Heal
|upkeep
|turn|10
|
|t:|1781137511
|move|p1a: Gliscor|Earthquake|p2a: Hatterene
|-damage|p2a: Hatterene|0 fnt
|faint|p2a: Hatterene
|
|-heal|p1a: Gliscor|34/100 tox|[from] ability: Poison Heal
|upkeep
|
|t:|1781137521
|switch|p2a: Raging Bolt|Raging Bolt|100/100
|turn|11
|
|t:|1781137526
|move|p1a: Gliscor|Protect|p1a: Gliscor
|-singleturn|p1a: Gliscor|Protect
|move|p2a: Raging Bolt|Dragon Pulse|p1a: Gliscor
|-activate|p1a: Gliscor|move: Protect
|
|-heal|p1a: Gliscor|47/100 tox|[from] ability: Poison Heal
|upkeep
|turn|12
|
|t:|1781137532
|switch|p1a: Slowking|Slowking-Galar, M|100/100
|move|p2a: Raging Bolt|Volt Switch|p1a: Slowking
|-damage|p1a: Slowking|82/100
|
|t:|1781137536
|-end|p2a: Raging Bolt|Protosynthesis|[silent]
|switch|p2a: Excadrill|Excadrill, F|60/100|[from] Volt Switch
|
|upkeep
|turn|13
|
|t:|1781137541
|switch|p1a: Gliscor|Gliscor, M|47/100 tox
|move|p2a: Excadrill|Earthquake|p1a: Gliscor
|-immune|p1a: Gliscor
|
|-heal|p1a: Gliscor|59/100 tox|[from] ability: Poison Heal
|upkeep
|turn|14
|-message|phreshoatmeal forfeited.
|
|win|KurisuChestnutOU
|raw|KurisuChestnutOU's rating: 1559 &rarr; <strong>1582</strong><br />(+23 for winning)
|raw|phreshoatmeal's rating: 1606 &rarr; <strong>1583</strong><br />(-23 for losing)
|l|☆phreshoatmeal
|player|p2|
