|j|☆supremebot
|j|☆noir kei
|t:|1781440604
|gametype|singles
|player|p1|supremebot|1|1479
|player|p2|noir kei|korrina|1545
|gen|9
|tier|[Gen 9] OU
|rated|
|rule|HP Percentage Mod: HP is shown in percentages
|rule|Endless Battle Clause: Forcing endless battles is banned
|rule|Species Clause: Limit one of each Pokémon
|rule|OHKO Clause: OHKO moves are banned
|rule|Evasion Items Clause: Evasion items are banned
|rule|Evasion Moves Clause: Evasion moves are banned
|rule|Evasion Abilities Clause: Evasion abilities are banned
|rule|Sleep Moves Clause: Sleep-inducing moves are banned
|clearpoke
|poke|p1|Hatterene, F|
|poke|p1|Great Tusk|
|poke|p1|Tornadus-Therian, M|
|poke|p1|Kyurem|
|poke|p1|Slowking-Galar, M|
|poke|p1|Kingambit, F|
|poke|p2|Garchomp, M|
|poke|p2|Dragonite, F|
|poke|p2|Cresselia, F|
|poke|p2|Keldeo-Resolute|
|poke|p2|Gholdengo|
|poke|p2|Moltres|
|teampreview
|
|t:|1781440653
|teamsize|p1|6
|teamsize|p2|6
|start
|switch|p1a: Tornadus|Tornadus-Therian, M|100/100
|switch|p2a: Garchomp|Garchomp, M|100/100
|turn|1
|
|t:|1781440656
|move|p1a: Tornadus|U-turn|p2a: Garchomp
|-damage|p2a: Garchomp|92/100
|-damage|p1a: Tornadus|88/100|[from] ability: Rough Skin|[of] p2a: Garchomp
|-damage|p1a: Tornadus|72/100|[from] item: Rocky Helmet|[of] p2a: Garchomp
|
|t:|1781440659
|switch|p1a: Hatterene|Hatterene, F|100/100|[from] U-turn
|move|p2a: Garchomp|Earthquake|p1a: Hatterene
|-damage|p1a: Hatterene|62/100
|
|upkeep
|turn|2
|
|t:|1781440676
|move|p2a: Garchomp|Earthquake|p1a: Hatterene
|-damage|p1a: Hatterene|27/100
|move|p1a: Hatterene|Pain Split|p2a: Garchomp
|-sethp|p2a: Garchomp|56/100|[from] move: Pain Split|[silent]
|-sethp|p1a: Hatterene|74/100|[from] move: Pain Split
|
|upkeep
|turn|3
|
|t:|1781440684
|switch|p2a: Moltres|Moltres|100/100
|move|p1a: Hatterene|Draining Kiss|p2a: Moltres
|-resisted|p2a: Moltres
|-damage|p2a: Moltres|93/100
|-heal|p1a: Hatterene|81/100|[from] drain|[of] p2a: Moltres
|-status|p1a: Hatterene|brn|[from] ability: Flame Body|[of] p2a: Moltres
|
|-damage|p1a: Hatterene|75/100 brn|[from] brn
|upkeep
|turn|4
|
|t:|1781440712
|switch|p1a: Slowking|Slowking-Galar, M|100/100
|move|p2a: Moltres|U-turn|p1a: Slowking
|-damage|p1a: Slowking|90/100
|
|t:|1781440715
|switch|p2a: Garchomp|Garchomp, M|56/100|[from] U-turn
|
|-heal|p1a: Slowking|96/100|[from] item: Black Sludge
|upkeep
|turn|5
|
|t:|1781440720
|switch|p1a: Hatterene|Hatterene, F|75/100 brn
|move|p2a: Garchomp|Earthquake|p1a: Hatterene
|-damage|p1a: Hatterene|41/100 brn
|
|-damage|p1a: Hatterene|35/100 brn|[from] brn
|upkeep
|turn|6
|inactive|Battle timer is ON: inactive players will automatically lose when time's up. (requested by supremebot)
|inactive|noir kei has 120 seconds left.
|
|t:|1781440821
|move|p2a: Garchomp|Earthquake|p1a: Hatterene
|-damage|p1a: Hatterene|0 fnt
|faint|p1a: Hatterene
|
|upkeep
|
|t:|1781440838
|switch|p1a: Kyurem|Kyurem|100/100
|-ability|p1a: Kyurem|Pressure
|turn|7
|
|t:|1781440845
|switch|p2a: Moltres|Moltres|93/100
|move|p1a: Kyurem|Freeze-Dry|p2a: Moltres
|-damage|p2a: Moltres|54/100
|
|upkeep
|turn|8
|
|t:|1781440850
|move|p1a: Kyurem|Freeze-Dry|p2a: Moltres
|-damage|p2a: Moltres|15/100
|-status|p2a: Moltres|frz
|cant|p2a: Moltres|frz
|
|upkeep
|turn|9
|
|t:|1781440855
|switch|p2a: Gholdengo|Gholdengo|100/100
|move|p1a: Kyurem|Freeze-Dry|p2a: Gholdengo
|-resisted|p2a: Gholdengo
|-damage|p2a: Gholdengo|70/100
|
|upkeep
|turn|10
|
|t:|1781440859
|switch|p1a: Tornadus|Tornadus-Therian, M|100/100
|move|p2a: Gholdengo|Shadow Ball|p1a: Tornadus
|-damage|p1a: Tornadus|71/100
|-unboost|p1a: Tornadus|spd|1
|
|upkeep
|turn|11
|
|t:|1781440867
|switch|p2a: Garchomp|Garchomp, M|56/100
|switch|p1a: Kingambit|Kingambit, F|100/100
|-activate|p1a: Kingambit|ability: Supreme Overlord
|-start|p1a: Kingambit|fallen1|[silent]
|
|upkeep
|turn|12
|
|t:|1781440874
|-end|p1a: Kingambit|fallen1|[silent]
|switch|p1a: Kyurem|Kyurem|100/100
|-ability|p1a: Kyurem|Pressure
|move|p2a: Garchomp|Stealth Rock|p1a: Kyurem
|-sidestart|p1: supremebot|move: Stealth Rock
|
|upkeep
|turn|13
|
|t:|1781440883
|switch|p2a: Cresselia|Cresselia, F|100/100
|move|p1a: Kyurem|Freeze-Dry|p2a: Cresselia
|-damage|p2a: Cresselia|65/100
|
|upkeep
|turn|14
|
|t:|1781440893
|switch|p1a: Slowking|Slowking-Galar, M|100/100
|-damage|p1a: Slowking|88/100|[from] Stealth Rock
|move|p2a: Cresselia|Moonlight|p2a: Cresselia
|-heal|p2a: Cresselia|100/100
|
|-heal|p1a: Slowking|94/100|[from] item: Black Sludge
|upkeep
|turn|15
|
|t:|1781440900
|move|p2a: Cresselia|Calm Mind|p2a: Cresselia
|-boost|p2a: Cresselia|spa|1
|-boost|p2a: Cresselia|spd|1
|move|p1a: Slowking|Trick|p2a: Cresselia
|-activate|p1a: Slowking|move: Trick|[of] p2a: Cresselia
|-item|p2a: Cresselia|Black Sludge|[from] move: Trick
|-item|p1a: Slowking|Covert Cloak|[from] move: Trick
|
|-damage|p2a: Cresselia|88/100|[from] item: Black Sludge
|upkeep
|turn|16
|
|t:|1781440906
|move|p2a: Cresselia|Calm Mind|p2a: Cresselia
|-boost|p2a: Cresselia|spa|1
|-boost|p2a: Cresselia|spd|1
|-prepare|p1a: Slowking|Chilly Reception|[premajor]
|move|p1a: Slowking|Chilly Reception|p1a: Slowking
|-weather|Snowscape
|
|t:|1781440912
|switch|p1a: Kingambit|Kingambit, F|100/100|[from] Chilly Reception
|-damage|p1a: Kingambit|94/100|[from] Stealth Rock
|-activate|p1a: Kingambit|ability: Supreme Overlord
|-start|p1a: Kingambit|fallen1|[silent]
|
|-weather|Snowscape|[upkeep]
|-damage|p2a: Cresselia|76/100|[from] item: Black Sludge
|-heal|p1a: Kingambit|100/100|[from] item: Leftovers
|upkeep
|turn|17
|
|t:|1781440921
|switch|p2a: Garchomp|Garchomp, M|56/100
|move|p1a: Kingambit|Kowtow Cleave|p2a: Garchomp
|-damage|p2a: Garchomp|24/100
|-damage|p1a: Kingambit|88/100|[from] ability: Rough Skin|[of] p2a: Garchomp
|-damage|p1a: Kingambit|71/100|[from] item: Rocky Helmet|[of] p2a: Garchomp
|
|-weather|Snowscape|[upkeep]
|-heal|p1a: Kingambit|78/100|[from] item: Leftovers
|upkeep
|turn|18
|
|t:|1781440926
|move|p1a: Kingambit|Sucker Punch||[still]
|-fail|p1a: Kingambit
|move|p2a: Garchomp|Spikes|p1a: Kingambit
|-sidestart|p1: supremebot|Spikes
|
|-weather|Snowscape|[upkeep]
|-heal|p1a: Kingambit|84/100|[from] item: Leftovers
|upkeep
|turn|19
|
|t:|1781440931
|move|p1a: Kingambit|Sucker Punch||[still]
|-fail|p1a: Kingambit
|move|p2a: Garchomp|Spikes|p1a: Kingambit
|-sidestart|p1: supremebot|Spikes
|
|-weather|Snowscape|[upkeep]
|-heal|p1a: Kingambit|90/100|[from] item: Leftovers
|upkeep
|turn|20
|
|t:|1781440933
|move|p1a: Kingambit|Sucker Punch|p2a: Garchomp
|-damage|p2a: Garchomp|0 fnt
|-damage|p1a: Kingambit|78/100|[from] ability: Rough Skin|[of] p2a: Garchomp
|-damage|p1a: Kingambit|61/100|[from] item: Rocky Helmet|[of] p2a: Garchomp
|faint|p2a: Garchomp
|
|-weather|none
|-heal|p1a: Kingambit|67/100|[from] item: Leftovers
|upkeep
|
|t:|1781440936
|switch|p2a: Keldeo|Keldeo-Resolute|100/100
|turn|21
|
|t:|1781440940
|-end|p1a: Kingambit|fallen1|[silent]
|switch|p1a: Slowking|Slowking-Galar, M|100/100
|-damage|p1a: Slowking|88/100|[from] Stealth Rock
|-damage|p1a: Slowking|71/100|[from] Spikes
|move|p2a: Keldeo|Surf|p1a: Slowking
|-damage|p1a: Slowking|32/100
|
|upkeep
|turn|22
|
|t:|1781440951
|switch|p1a: Tornadus|Tornadus-Therian, M|100/100
|-damage|p1a: Tornadus|76/100|[from] Stealth Rock
|move|p2a: Keldeo|Surf|p1a: Tornadus
|-damage|p1a: Tornadus|43/100
|
|upkeep
|turn|23
|
|t:|1781440968
|move|p1a: Tornadus|Bleakwind Storm|p2a: Keldeo
|-supereffective|p2a: Keldeo
|-damage|p2a: Keldeo|13/100
|-unboost|p2a: Keldeo|spe|1
|move|p2a: Keldeo|Flip Turn|p1a: Tornadus
|-damage|p1a: Tornadus|26/100
|
|t:|1781440971
|switch|p2a: Gholdengo|Gholdengo|70/100|[from] Flip Turn
|
|upkeep
|turn|24
|
|t:|1781440980
|switch|p1a: Kingambit|Kingambit, F|67/100
|-damage|p1a: Kingambit|61/100|[from] Stealth Rock
|-damage|p1a: Kingambit|44/100|[from] Spikes
|-activate|p1a: Kingambit|ability: Supreme Overlord
|-start|p1a: Kingambit|fallen1|[silent]
|move|p2a: Gholdengo|Shadow Ball|p1a: Kingambit
|-resisted|p1a: Kingambit
|-damage|p1a: Kingambit|23/100
|
|-heal|p1a: Kingambit|30/100|[from] item: Leftovers
|upkeep
|turn|25
|
|t:|1781440988
|switch|p2a: Moltres|Moltres|15/100 frz
|move|p1a: Kingambit|Swords Dance|p1a: Kingambit
|-boost|p1a: Kingambit|atk|2
|
|-heal|p1a: Kingambit|36/100|[from] item: Leftovers
|upkeep
|turn|26
|
|t:|1781441005
|move|p1a: Kingambit|Kowtow Cleave|p2a: Moltres
|-damage|p2a: Moltres|0 fnt
|faint|p2a: Moltres
|
|-heal|p1a: Kingambit|42/100|[from] item: Leftovers
|upkeep
|
|t:|1781441009
|switch|p2a: Keldeo|Keldeo-Resolute|13/100
|turn|27
|
|t:|1781441014
|-terastallize|p1a: Kingambit|Ghost
|move|p2a: Keldeo|Vacuum Wave|p1a: Kingambit
|-immune|p1a: Kingambit
|move|p1a: Kingambit|Swords Dance|p1a: Kingambit
|-boost|p1a: Kingambit|atk|2
|
|-heal|p1a: Kingambit|48/100|[from] item: Leftovers
|upkeep
|turn|28
|
|t:|1781441036
|switch|p2a: Gholdengo|Gholdengo|70/100
|move|p1a: Kingambit|Sucker Punch||[still]
|-fail|p1a: Kingambit
|
|-heal|p1a: Kingambit|54/100|[from] item: Leftovers
|upkeep
|turn|29
|
|t:|1781441040
|move|p2a: Gholdengo|Trick|p1a: Kingambit
|-activate|p2a: Gholdengo|move: Trick|[of] p1a: Kingambit
|-item|p1a: Kingambit|Choice Scarf|[from] move: Trick
|-item|p2a: Gholdengo|Leftovers|[from] move: Trick
|move|p1a: Kingambit|Kowtow Cleave|p2a: Gholdengo
|-supereffective|p2a: Gholdengo
|-damage|p2a: Gholdengo|0 fnt
|faint|p2a: Gholdengo
|
|upkeep
|
|t:|1781441047
|switch|p2a: Keldeo|Keldeo-Resolute|13/100
|turn|30
|
|t:|1781441049
|move|p2a: Keldeo|Surf|p1a: Kingambit
|-damage|p1a: Kingambit|12/100
|move|p1a: Kingambit|Kowtow Cleave|p2a: Keldeo
|-resisted|p2a: Keldeo
|-damage|p2a: Keldeo|0 fnt
|faint|p2a: Keldeo
|
|upkeep
|
|t:|1781441053
|switch|p2a: Dragonite|Dragonite, F|100/100
|turn|31
|
|t:|1781441056
|move|p1a: Kingambit|Kowtow Cleave|p2a: Dragonite
|-damage|p2a: Dragonite|26/100
|move|p2a: Dragonite|Earthquake|p1a: Kingambit
|-damage|p1a: Kingambit|0 fnt
|faint|p1a: Kingambit
|-end|p1a: Kingambit|fallen1|[silent]
|
|upkeep
|
|t:|1781441060
|switch|p1a: Great Tusk|Great Tusk|100/100
|-damage|p1a: Great Tusk|98/100|[from] Stealth Rock
|-damage|p1a: Great Tusk|81/100|[from] Spikes
|turn|32
|
|t:|1781441087
|move|p1a: Great Tusk|Rapid Spin|p2a: Dragonite
|-damage|p2a: Dragonite|10/100
|-boost|p1a: Great Tusk|spe|1
|-sideend|p1: supremebot|Spikes|[from] move: Rapid Spin|[of] p1a: Great Tusk
|-sideend|p1: supremebot|Stealth Rock|[from] move: Rapid Spin|[of] p1a: Great Tusk
|move|p2a: Dragonite|Roost|p2a: Dragonite
|-heal|p2a: Dragonite|60/100
|-singleturn|p2a: Dragonite|move: Roost
|
|upkeep
|turn|33
|
|t:|1781441089
|move|p1a: Great Tusk|Ice Spinner|p2a: Dragonite
|-supereffective|p2a: Dragonite
|-damage|p2a: Dragonite|0 fnt
|faint|p2a: Dragonite
|
|upkeep
|
|t:|1781441092
|switch|p2a: Cresselia|Cresselia, F|76/100
|turn|34
|
|t:|1781441100
|-end|p1a: Great Tusk|Protosynthesis|[silent]
|switch|p1a: Slowking|Slowking-Galar, M|66/100
|move|p2a: Cresselia|Calm Mind|p2a: Cresselia
|-boost|p2a: Cresselia|spa|1
|-boost|p2a: Cresselia|spd|1
|
|-damage|p2a: Cresselia|63/100|[from] item: Black Sludge
|upkeep
|turn|35
|
|t:|1781441102
|move|p2a: Cresselia|Calm Mind|p2a: Cresselia
|-boost|p2a: Cresselia|spa|1
|-boost|p2a: Cresselia|spd|1
|-prepare|p1a: Slowking|Chilly Reception|[premajor]
|move|p1a: Slowking|Chilly Reception|p1a: Slowking
|-weather|Snowscape
|
|t:|1781441104
|switch|p1a: Kyurem|Kyurem|100/100|[from] Chilly Reception
|-ability|p1a: Kyurem|Pressure
|
|-weather|Snowscape|[upkeep]
|-damage|p2a: Cresselia|51/100|[from] item: Black Sludge
|upkeep
|turn|36
|
|t:|1781441108
|move|p1a: Kyurem|Blizzard|p2a: Cresselia
|-damage|p2a: Cresselia|22/100
|move|p2a: Cresselia|Moonlight|p2a: Cresselia
|-heal|p2a: Cresselia|47/100
|
|-weather|Snowscape|[upkeep]
|-damage|p2a: Cresselia|35/100|[from] item: Black Sludge
|upkeep
|turn|37
|
|t:|1781441114
|move|p1a: Kyurem|Blizzard|p2a: Cresselia
|-damage|p2a: Cresselia|7/100
|move|p2a: Cresselia|Moonlight|p2a: Cresselia
|-heal|p2a: Cresselia|32/100
|
|-weather|Snowscape|[upkeep]
|-damage|p2a: Cresselia|19/100|[from] item: Black Sludge
|upkeep
|turn|38
|
|t:|1781441117
|move|p1a: Kyurem|Blizzard|p2a: Cresselia
|-damage|p2a: Cresselia|0 fnt
|faint|p2a: Cresselia
|
|win|supremebot
|raw|supremebot's rating: 1479 &rarr; <strong>1502</strong><br />(+23 for winning)
|raw|noir kei's rating: 1523 &rarr; <strong>1500</strong><br />(-23 for losing)
|l|☆noir kei
|player|p2|
