|j|☆hdy nb
|j|☆omari p
|t:|1781136817
|gametype|singles
|player|p1|hdy nb|colress|1587
|player|p2|omari p|pokemonrangerf|1588
|gen|9
|tier|[Gen 9] OU
|rated|
|rule|HP Percentage Mod: HP is shown in percentages
|rule|Endless Battle Clause: Forcing endless battles is banned
|rule|Species Clause: Limit one of each Pokémon
|rule|OHKO Clause: OHKO moves are banned
|rule|Evasion Items Clause: Evasion items are banned
|rule|Evasion Moves Clause: Evasion moves are banned
|rule|Evasion Abilities Clause: Evasion abilities are banned
|rule|Sleep Moves Clause: Sleep-inducing moves are banned
|clearpoke
|poke|p1|Pelipper, M|
|poke|p1|Zapdos|
|poke|p1|Barraskewda, M|
|poke|p1|Overqwil, F|
|poke|p1|Iron Treads|
|poke|p1|Primarina, M|
|poke|p2|Hoopa|
|poke|p2|Cinderace, F|
|poke|p2|Mandibuzz, F|
|poke|p2|Kyurem|
|poke|p2|Ting-Lu|
|poke|p2|Manaphy|
|teampreview
|j| Yiiiii
|l|☆hdy nb
|player|p1|
|j|☆hdy nb
|player|p1|hdy nb|colress|
|
|t:|1781136950
|teamsize|p1|6
|teamsize|p2|6
|start
|switch|p1a: Iron Treads|Iron Treads|100/100
|switch|p2a: Kyurem|Kyurem|100/100
|-ability|p2a: Kyurem|Pressure
|turn|1
|inactive|Battle timer is ON: inactive players will automatically lose when time's up. (requested by omari p)
|
|t:|1781136958
|move|p2a: Kyurem|Earth Power|p1a: Iron Treads
|-supereffective|p1a: Iron Treads
|-damage|p1a: Iron Treads|46/100
|move|p1a: Iron Treads|Iron Head|p2a: Kyurem
|-supereffective|p2a: Kyurem
|-damage|p2a: Kyurem|34/100
|
|upkeep
|turn|2
|inactive|omari p has 120 seconds left.
|j| Hakone Outbound
|
|t:|1781136994
|switch|p2a: Manaphy|Manaphy|100/100
|-end|p1a: Iron Treads|Quark Drive|[silent]
|switch|p1a: Pelipper|Pelipper, M|100/100
|-weather|RainDance|[from] ability: Drizzle|[of] p1a: Pelipper
|
|-weather|RainDance|[upkeep]
|upkeep
|turn|3
|inactive|omari p has 120 seconds left.
|
|t:|1781137003
|move|p2a: Manaphy|Take Heart|p2a: Manaphy
|-boost|p2a: Manaphy|spa|1
|-boost|p2a: Manaphy|spd|1
|move|p1a: Pelipper|U-turn|p2a: Manaphy
|-damage|p2a: Manaphy|95/100
|
|t:|1781137009
|switch|p1a: Zapdos|Zapdos|100/100|[from] U-turn
|
|-weather|RainDance|[upkeep]
|-heal|p2a: Manaphy|100/100|[from] item: Leftovers
|upkeep
|turn|4
|inactive|omari p has 120 seconds left.
|
|t:|1781137025
|move|p2a: Manaphy|Take Heart|p2a: Manaphy
|-boost|p2a: Manaphy|spa|1
|-boost|p2a: Manaphy|spd|1
|move|p1a: Zapdos|Thunder|p2a: Manaphy
|-supereffective|p2a: Manaphy
|-damage|p2a: Manaphy|51/100
|
|-weather|RainDance|[upkeep]
|-heal|p2a: Manaphy|57/100|[from] item: Leftovers
|upkeep
|turn|5
|
|t:|1781137037
|move|p2a: Manaphy|Scald|p1a: Zapdos
|-damage|p1a: Zapdos|21/100
|move|p1a: Zapdos|Thunder|p2a: Manaphy
|-supereffective|p2a: Manaphy
|-damage|p2a: Manaphy|9/100
|-status|p2a: Manaphy|par
|
|-weather|RainDance|[upkeep]
|-heal|p1a: Zapdos|28/100|[from] item: Leftovers
|-activate|p2a: Manaphy|ability: Hydration
|-curestatus|p2a: Manaphy|par|[msg]
|-heal|p2a: Manaphy|15/100|[from] item: Leftovers
|upkeep
|turn|6
|c|☆omari p|u actualyl did it
|l| Yiiiii
|
|t:|1781137053
|move|p2a: Manaphy|Scald|p1a: Zapdos
|-damage|p1a: Zapdos|0 fnt
|faint|p1a: Zapdos
|
|-weather|RainDance|[upkeep]
|-heal|p2a: Manaphy|22/100|[from] item: Leftovers
|upkeep
|
|t:|1781137064
|switch|p1a: Barraskewda|Barraskewda, M|100/100
|turn|7
|
|t:|1781137067
|move|p1a: Barraskewda|Close Combat|p2a: Manaphy
|-damage|p2a: Manaphy|0 fnt
|-unboost|p1a: Barraskewda|def|1
|-unboost|p1a: Barraskewda|spd|1
|faint|p2a: Manaphy
|
|-weather|RainDance|[upkeep]
|upkeep
|
|t:|1781137073
|switch|p2a: Ting-Lucifer|Ting-Lu|100/100
|-ability|p2a: Ting-Lucifer|Vessel of Ruin
|turn|8
|
|t:|1781137084
|move|p1a: Barraskewda|Close Combat|p2a: Ting-Lucifer
|-supereffective|p2a: Ting-Lucifer
|-damage|p2a: Ting-Lucifer|28/100
|-unboost|p1a: Barraskewda|def|1
|-unboost|p1a: Barraskewda|spd|1
|-enditem|p2a: Ting-Lucifer|Weakness Policy
|-boost|p2a: Ting-Lucifer|atk|2|[from] item: Weakness Policy
|-boost|p2a: Ting-Lucifer|spa|2|[from] item: Weakness Policy
|move|p2a: Ting-Lucifer|Earthquake|p1a: Barraskewda
|-damage|p1a: Barraskewda|0 fnt
|faint|p1a: Barraskewda
|
|-weather|RainDance|[upkeep]
|upkeep
|j| HITMAN9191
|
|t:|1781137106
|switch|p1a: Overqwil|Overqwil, F|100/100
|turn|9
|inactive|omari p has 120 seconds left.
|inactive|omari p has 90 seconds left.
|inactive|omari p has 60 seconds left.
|inactive|omari p has 30 seconds left.
|inactive|omari p has 20 seconds left.
|inactive|omari p has 15 seconds left.
|inactive|omari p has 10 seconds left.
|l| HITMAN9191
|inactive|omari p has 5 seconds left.
|-message|omari p lost due to inactivity.
|
|win|hdy nb
|raw|hdy nb's rating: 1587 &rarr; <strong>1607</strong><br />(+20 for winning)
|raw|omari p's rating: 1588 &rarr; <strong>1568</strong><br />(-20 for losing)
|l|☆hdy nb
|player|p1|
