|j|☆Kazuelasnt
|j|☆bigguy916
|t:|1781297870
|gametype|singles
|player|p1|Kazuelasnt|cress|1604
|player|p2|bigguy916|unknownf|1632
|gen|9
|tier|[Gen 9] OU
|rated|
|rule|HP Percentage Mod: HP is shown in percentages
|rule|Endless Battle Clause: Forcing endless battles is banned
|rule|Species Clause: Limit one of each Pokémon
|rule|OHKO Clause: OHKO moves are banned
|rule|Evasion Items Clause: Evasion items are banned
|rule|Evasion Moves Clause: Evasion moves are banned
|rule|Evasion Abilities Clause: Evasion abilities are banned
|rule|Sleep Moves Clause: Sleep-inducing moves are banned
|clearpoke
|poke|p1|Kleavor, M|
|poke|p1|Landorus-Therian, M|
|poke|p1|Gholdengo|
|poke|p1|Dragonite, F|
|poke|p1|Hatterene, F|
|poke|p1|Darkrai|
|poke|p2|Zapdos|
|poke|p2|Pecharunt|
|poke|p2|Zamazenta-*|
|poke|p2|Ting-Lu|
|poke|p2|Weezing-Galar, M|
|poke|p2|Ogerpon, F|
|teampreview
|inactive|Battle timer is ON: inactive players will automatically lose when time's up. (requested by bigguy916)
|inactive|bigguy916 has 120 seconds left.
|
|t:|1781297910
|teamsize|p1|6
|teamsize|p2|6
|start
|switch|p1a: Filo Señorial|Kleavor, M|100/100
|switch|p2a: Weezing|Weezing-Galar, M|100/100
|-ability|p2a: Weezing|Neutralizing Gas
|turn|1
|
|t:|1781297924
|move|p1a: Filo Señorial|U-turn|p2a: Weezing
|-resisted|p2a: Weezing
|-damage|p2a: Weezing|95/100
|
|t:|1781297926
|switch|p1a: A Penny|Gholdengo|100/100|[from] U-turn
|-item|p1a: A Penny|Air Balloon
|move|p2a: Weezing|Will-O-Wisp|p1a: A Penny
|-status|p1a: A Penny|brn
|
|-damage|p1a: A Penny|94/100 brn|[from] brn
|upkeep
|turn|2
|
|t:|1781297935
|switch|p1a: HomeLANDOR|Landorus-Therian, M, shiny|100/100
|-end|p2a: Weezing|ability: Neutralizing Gas
|-ability|p1a: HomeLANDOR|Intimidate|boost
|-unboost|p2a: Weezing|atk|1
|switch|p2a: Ting-Lu|Ting-Lu|100/100
|-ability|p2a: Ting-Lu|Vessel of Ruin
|
|upkeep
|turn|3
|
|t:|1781297941
|switch|p2a: Zapdos|Zapdos|100/100
|move|p1a: HomeLANDOR|Taunt|p2a: Zapdos
|-start|p2a: Zapdos|move: Taunt
|
|upkeep
|turn|4
|
|t:|1781297944
|move|p1a: HomeLANDOR|Stone Edge|p2a: Zapdos
|-supereffective|p2a: Zapdos
|-damage|p2a: Zapdos|51/100
|move|p2a: Zapdos|Hurricane|p1a: HomeLANDOR
|-crit|p1a: HomeLANDOR
|-damage|p1a: HomeLANDOR|31/100
|
|upkeep
|turn|5
|
|t:|1781297956
|move|p1a: HomeLANDOR|U-turn|p2a: Zapdos
|-resisted|p2a: Zapdos
|-damage|p2a: Zapdos|43/100
|-status|p1a: HomeLANDOR|par|[from] ability: Static|[of] p2a: Zapdos
|
|t:|1781297959
|switch|p1a: Filo Señorial|Kleavor, M|100/100|[from] U-turn
|move|p2a: Zapdos|Hurricane|p1a: Filo Señorial
|-damage|p1a: Filo Señorial|26/100
|-start|p1a: Filo Señorial|confusion
|
|-end|p2a: Zapdos|move: Taunt
|upkeep
|turn|6
|
|t:|1781297970
|switch|p2a: Weezing|Weezing-Galar, M|95/100
|-ability|p2a: Weezing|Neutralizing Gas
|-activate|p1a: Filo Señorial|confusion
|-damage|p1a: Filo Señorial|8/100|[from] confusion
|
|upkeep
|turn|7
|
|t:|1781297976
|-activate|p1a: Filo Señorial|confusion
|-damage|p1a: Filo Señorial|0 fnt|[from] confusion
|faint|p1a: Filo Señorial
|move|p2a: Weezing|Will-O-Wisp|p1: Filo Señorial|[notarget]
|-fail|p2a: Weezing
|
|upkeep
|
|t:|1781297987
|switch|p1a: HomeLANDOR|Landorus-Therian, M, shiny|31/100 par
|turn|8
|
|t:|1781297991
|-end|p2a: Weezing|ability: Neutralizing Gas
|-ability|p1a: HomeLANDOR|Intimidate|boost
|-unboost|p2a: Weezing|atk|1
|switch|p2a: Ting-Lu|Ting-Lu|100/100
|-ability|p2a: Ting-Lu|Vessel of Ruin
|move|p1a: HomeLANDOR|Taunt|p2a: Ting-Lu
|-start|p2a: Ting-Lu|move: Taunt
|
|upkeep
|turn|9
|
|t:|1781297995
|switch|p2a: Zapdos|Zapdos|43/100
|cant|p1a: HomeLANDOR|par
|
|upkeep
|turn|10
|
|t:|1781298001
|move|p2a: Zapdos|Hurricane|p1a: HomeLANDOR
|-damage|p1a: HomeLANDOR|0 fnt
|faint|p1a: HomeLANDOR
|
|upkeep
|
|t:|1781298003
|switch|p1a: Duke|Darkrai, shiny|100/100
|turn|11
|
|t:|1781298005
|switch|p2a: Ting-Lu|Ting-Lu|100/100
|-ability|p2a: Ting-Lu|Vessel of Ruin
|move|p1a: Duke|Ice Beam|p2a: Ting-Lu
|-supereffective|p2a: Ting-Lu
|-damage|p2a: Ting-Lu|73/100
|
|-heal|p2a: Ting-Lu|79/100|[from] item: Leftovers
|upkeep
|turn|12
|
|t:|1781298008
|move|p1a: Duke|Will-O-Wisp|p2a: Ting-Lu
|-status|p2a: Ting-Lu|brn
|move|p2a: Ting-Lu|Stealth Rock|p1a: Duke
|-sidestart|p1: Kazuelasnt|move: Stealth Rock
|
|-heal|p2a: Ting-Lu|85/100 brn|[from] item: Leftovers
|-damage|p2a: Ting-Lu|79/100 brn|[from] brn
|upkeep
|turn|13
|
|t:|1781298010
|move|p1a: Duke|Ice Beam|p2a: Ting-Lu
|-supereffective|p2a: Ting-Lu
|-damage|p2a: Ting-Lu|55/100 brn
|move|p2a: Ting-Lu|Ruination|p1a: Duke
|-damage|p1a: Duke|51/100
|
|-heal|p2a: Ting-Lu|61/100 brn|[from] item: Leftovers
|-damage|p2a: Ting-Lu|55/100 brn|[from] brn
|upkeep
|turn|14
|
|t:|1781298012
|move|p1a: Duke|Ice Beam|p2a: Ting-Lu
|-supereffective|p2a: Ting-Lu
|-damage|p2a: Ting-Lu|27/100 brn
|move|p2a: Ting-Lu|Spikes|p1a: Duke
|-sidestart|p1: Kazuelasnt|Spikes
|
|-heal|p2a: Ting-Lu|33/100 brn|[from] item: Leftovers
|-damage|p2a: Ting-Lu|27/100 brn|[from] brn
|upkeep
|turn|15
|
|t:|1781298018
|move|p1a: Duke|Ice Beam|p2a: Ting-Lu
|-supereffective|p2a: Ting-Lu
|-damage|p2a: Ting-Lu|0 fnt
|faint|p2a: Ting-Lu
|
|upkeep
|
|t:|1781298030
|switch|p2a: Ogerpon|Ogerpon, F|100/100
|turn|16
|l|☆Kazuelasnt
|inactive|Kazuelasnt disconnected and has a minute to reconnect!
|player|p1|
|j|☆Kazuelasnt
|inactive|Kazuelasnt reconnected and has 125 seconds left.
|player|p1|Kazuelasnt|cress|
|inactive|Kazuelasnt has 120 seconds left.
|
|t:|1781298065
|-terastallize|p2a: Ogerpon|Grass
|detailschange|p2a: Ogerpon|Ogerpon-Teal-Tera, F, tera:Grass
|-ability|p2a: Ogerpon|Embody Aspect (Teal)|boost
|-boost|p2a: Ogerpon|spe|1
|move|p2a: Ogerpon|Ivy Cudgel|p1a: Duke
|-damage|p1a: Duke|0 fnt
|faint|p1a: Duke
|
|upkeep
|
|t:|1781298067
|switch|p1a: Alba|Dragonite, F, shiny|100/100
|-damage|p1a: Alba|76/100|[from] Stealth Rock
|turn|17
|
|t:|1781298073
|move|p2a: Ogerpon|Knock Off|p1a: Alba
|-damage|p1a: Alba|43/100
|-enditem|p1a: Alba|Covert Cloak|[from] move: Knock Off|[of] p2a: Ogerpon
|move|p1a: Alba|Roost|p1a: Alba
|-heal|p1a: Alba|93/100
|-singleturn|p1a: Alba|move: Roost
|
|upkeep
|turn|18
|
|t:|1781298080
|move|p2a: Ogerpon|U-turn|p1a: Alba
|-resisted|p1a: Alba
|-damage|p1a: Alba|81/100
|
|t:|1781298082
|switch|p2a: Weezing|Weezing-Galar, M|95/100|[from] U-turn
|-ability|p2a: Weezing|Neutralizing Gas
|move|p1a: Alba|Dragon Dance|p1a: Alba
|-boost|p1a: Alba|atk|1
|-boost|p1a: Alba|spe|1
|
|upkeep
|turn|19
|
|t:|1781298086
|move|p1a: Alba|Earthquake|p2a: Weezing
|-supereffective|p2a: Weezing
|-crit|p2a: Weezing
|-damage|p2a: Weezing|0 fnt
|faint|p2a: Weezing
|-end|p2a: Weezing|ability: Neutralizing Gas
|
|upkeep
|
|t:|1781298089
|switch|p2a: Zamazenta|Zamazenta|100/100
|-ability|p2a: Zamazenta|Dauntless Shield|boost
|-boost|p2a: Zamazenta|def|1
|turn|20
|
|t:|1781298097
|move|p1a: Alba|Earthquake|p2a: Zamazenta
|-damage|p2a: Zamazenta|77/100
|move|p2a: Zamazenta|Iron Defense|p2a: Zamazenta
|-boost|p2a: Zamazenta|def|2
|
|-heal|p2a: Zamazenta|83/100|[from] item: Leftovers
|upkeep
|turn|21
|
|t:|1781298103
|switch|p1a: A Penny|Gholdengo|94/100 brn
|-damage|p1a: A Penny|88/100 brn|[from] Stealth Rock
|-item|p1a: A Penny|Air Balloon
|move|p2a: Zamazenta|Body Press|p1a: A Penny
|-immune|p1a: A Penny
|
|-heal|p2a: Zamazenta|89/100|[from] item: Leftovers
|-damage|p1a: A Penny|82/100 brn|[from] brn
|upkeep
|turn|22
|
|t:|1781298110
|move|p2a: Zamazenta|Crunch|p1a: A Penny
|-supereffective|p1a: A Penny
|-damage|p1a: A Penny|38/100 brn
|-enditem|p1a: A Penny|Air Balloon
|move|p1a: A Penny|Make It Rain|p2a: Zamazenta
|-damage|p2a: Zamazenta|40/100
|-unboost|p1a: A Penny|spa|1
|
|-heal|p2a: Zamazenta|46/100|[from] item: Leftovers
|-damage|p1a: A Penny|32/100 brn|[from] brn
|upkeep
|turn|23
|
|t:|1781298114
|move|p2a: Zamazenta|Crunch|p1a: A Penny
|-supereffective|p1a: A Penny
|-damage|p1a: A Penny|0 fnt
|faint|p1a: A Penny
|
|-heal|p2a: Zamazenta|52/100|[from] item: Leftovers
|upkeep
|
|t:|1781298117
|switch|p1a: Hattie|Hatterene, F|100/100
|-damage|p1a: Hattie|88/100|[from] Stealth Rock
|-damage|p1a: Hattie|76/100|[from] Spikes
|turn|24
|
|t:|1781298125
|move|p2a: Zamazenta|Crunch|p1a: Hattie
|-crit|p1a: Hattie
|-damage|p1a: Hattie|40/100
|-unboost|p1a: Hattie|def|1
|move|p1a: Hattie|Psyshock|p2a: Zamazenta
|-supereffective|p2a: Zamazenta
|-damage|p2a: Zamazenta|28/100
|
|-heal|p2a: Zamazenta|34/100|[from] item: Leftovers
|upkeep
|turn|25
|
|t:|1781298129
|move|p2a: Zamazenta|Crunch|p1a: Hattie
|-crit|p1a: Hattie
|-damage|p1a: Hattie|0 fnt
|faint|p1a: Hattie
|
|-heal|p2a: Zamazenta|40/100|[from] item: Leftovers
|upkeep
|
|t:|1781298131
|switch|p1a: Alba|Dragonite, F, shiny|81/100
|-damage|p1a: Alba|56/100|[from] Stealth Rock
|turn|26
|-message|Kazuelasnt forfeited.
|
|win|bigguy916
|raw|Kazuelasnt's rating: 1604 &rarr; <strong>1586</strong><br />(-18 for losing)
|raw|bigguy916's rating: 1632 &rarr; <strong>1650</strong><br />(+18 for winning)
|l|☆Kazuelasnt
|player|p1|
|l|☆bigguy916
|player|p2|
