|j|☆toasterovens123
|j|☆GreninjaMyFav
|t:|1781248371
|gametype|singles
|player|p1|toasterovens123|volo|1526
|player|p2|GreninjaMyFav|skyla|1732
|gen|9
|tier|[Gen 9] OU
|rated|
|rule|HP Percentage Mod: HP is shown in percentages
|rule|Endless Battle Clause: Forcing endless battles is banned
|rule|Species Clause: Limit one of each Pokémon
|rule|OHKO Clause: OHKO moves are banned
|rule|Evasion Items Clause: Evasion items are banned
|rule|Evasion Moves Clause: Evasion moves are banned
|rule|Evasion Abilities Clause: Evasion abilities are banned
|rule|Sleep Moves Clause: Sleep-inducing moves are banned
|clearpoke
|poke|p1|Dragonite, F|
|poke|p1|Samurott-Hisui, F|
|poke|p1|Gholdengo|
|poke|p1|Pecharunt|
|poke|p1|Walking Wake|
|poke|p1|Ting-Lu|
|poke|p2|Glimmora, F|
|poke|p2|Deoxys-Speed|
|poke|p2|Samurott-Hisui, F|
|poke|p2|Zamazenta-*|
|poke|p2|Enamorus-Therian, F|
|poke|p2|Darkrai|
|teampreview
|inactive|Battle timer is ON: inactive players will automatically lose when time's up. (requested by toasterovens123)
|j| yuureisuisei
|inactive|toasterovens123 has 120 seconds left.
|
|t:|1781248423
|teamsize|p1|6
|teamsize|p2|6
|start
|switch|p1a: Gholdengo|Gholdengo|100/100
|switch|p2a: Glimmora|Glimmora, F|100/100
|turn|1
|
|t:|1781248425
|move|p1a: Gholdengo|Make It Rain|p2a: Glimmora
|-supereffective|p2a: Glimmora
|-enditem|p2a: Glimmora|Focus Sash
|-damage|p2a: Glimmora|1/100
|-unboost|p1a: Gholdengo|spa|1
|move|p2a: Glimmora|Stealth Rock|p1a: Gholdengo
|-sidestart|p1: toasterovens123|move: Stealth Rock
|
|upkeep
|turn|2
|
|t:|1781248430
|move|p1a: Gholdengo|Make It Rain|p2a: Glimmora
|-supereffective|p2a: Glimmora
|-damage|p2a: Glimmora|0 fnt
|-unboost|p1a: Gholdengo|spa|1
|faint|p2a: Glimmora
|
|upkeep
|
|t:|1781248432
|switch|p2a: Samurott|Samurott-Hisui, F|100/100
|turn|3
|
|t:|1781248447
|switch|p1a: Dragonite|Dragonite, F|100/100
|move|p2a: Samurott|Swords Dance|p2a: Samurott
|-boost|p2a: Samurott|atk|2
|
|upkeep
|turn|4
|
|t:|1781248451
|move|p2a: Samurott|Ceaseless Edge|p1a: Dragonite
|-damage|p1a: Dragonite|48/100
|-sidestart|p1: toasterovens123|Spikes
|move|p1a: Dragonite|Low Kick|p2a: Samurott
|-supereffective|p2a: Samurott
|-damage|p2a: Samurott|28/100
|
|upkeep
|turn|5
|
|t:|1781248457
|switch|p2a: Deoxys|Deoxys-Speed|100/100
|-ability|p2a: Deoxys|Pressure
|move|p1a: Dragonite|Extreme Speed|p2a: Deoxys
|-damage|p2a: Deoxys|62/100
|
|upkeep
|turn|6
|
|t:|1781248472
|switch|p1a: Samurott|Samurott-Hisui, F|100/100
|-damage|p1a: Samurott|88/100|[from] Stealth Rock
|-damage|p1a: Samurott|76/100|[from] Spikes
|move|p2a: Deoxys|Taunt|p1a: Samurott
|-start|p1a: Samurott|move: Taunt
|
|upkeep
|turn|7
|
|t:|1781248484
|switch|p2a: Enamorus|Enamorus-Therian, F|100/100
|move|p1a: Samurott|Ceaseless Edge|p2a: Enamorus
|-resisted|p2a: Enamorus
|-damage|p2a: Enamorus|86/100
|-sidestart|p2: GreninjaMyFav|Spikes
|
|upkeep
|turn|8
|
|t:|1781248493
|move|p1a: Samurott|Flip Turn|p2a: Enamorus
|-damage|p2a: Enamorus|69/100
|inactive|toasterovens123 has 120 seconds left.
|inactive|toasterovens123 has 90 seconds left.
|
|t:|1781248567
|switch|p1a: Gholdengo|Gholdengo|100/100|[from] Flip Turn
|-damage|p1a: Gholdengo|94/100|[from] Stealth Rock
|-damage|p1a: Gholdengo|82/100|[from] Spikes
|move|p2a: Enamorus|Calm Mind|p2a: Enamorus
|-boost|p2a: Enamorus|spa|1
|-boost|p2a: Enamorus|spd|1
|
|upkeep
|turn|9
|
|t:|1781248570
|move|p1a: Gholdengo|Trick|p2a: Enamorus
|-activate|p1a: Gholdengo|move: Trick|[of] p2a: Enamorus
|-item|p2a: Enamorus|Choice Scarf|[from] move: Trick
|-item|p1a: Gholdengo|Big Root|[from] move: Trick
|move|p2a: Enamorus|Earth Power|p1a: Gholdengo
|-supereffective|p1a: Gholdengo
|-damage|p1a: Gholdengo|0 fnt
|faint|p1a: Gholdengo
|
|upkeep
|
|t:|1781248575
|switch|p1a: Dragonite|Dragonite, F|48/100
|turn|10
|
|t:|1781248578
|switch|p2a: Darkrai|Darkrai|100/100
|-damage|p2a: Darkrai|88/100|[from] Spikes
|move|p1a: Dragonite|Roost|p1a: Dragonite
|-heal|p1a: Dragonite|98/100
|-singleturn|p1a: Dragonite|move: Roost
|
|-heal|p2a: Darkrai|94/100|[from] item: Leftovers
|upkeep
|turn|11
|
|t:|1781248586
|switch|p2a: Deoxys|Deoxys-Speed|62/100
|-damage|p2a: Deoxys|49/100|[from] Spikes
|-ability|p2a: Deoxys|Pressure
|move|p1a: Dragonite|Low Kick|p2a: Deoxys
|-resisted|p2a: Deoxys
|-damage|p2a: Deoxys|31/100
|
|upkeep
|turn|12
|
|t:|1781248589
|move|p1a: Dragonite|Extreme Speed|p2a: Deoxys
|-damage|p2a: Deoxys|0 fnt
|faint|p2a: Deoxys
|
|upkeep
|
|t:|1781248591
|switch|p2a: Darkrai|Darkrai|94/100
|-damage|p2a: Darkrai|82/100|[from] Spikes
|turn|13
|
|t:|1781248594
|switch|p2a: Samurott|Samurott-Hisui, F|28/100
|-damage|p2a: Samurott|15/100|[from] Spikes
|move|p1a: Dragonite|Low Kick|p2a: Samurott
|-supereffective|p2a: Samurott
|-damage|p2a: Samurott|0 fnt
|faint|p2a: Samurott
|
|upkeep
|
|t:|1781248596
|switch|p2a: Darkrai|Darkrai|82/100
|-damage|p2a: Darkrai|69/100|[from] Spikes
|turn|14
|
|t:|1781248600
|move|p2a: Darkrai|Ice Beam|p1a: Dragonite
|-supereffective|p1a: Dragonite
|-damage|p1a: Dragonite|0 fnt
|faint|p1a: Dragonite
|
|-heal|p2a: Darkrai|75/100|[from] item: Leftovers
|upkeep
|
|t:|1781248621
|switch|p1a: Ting-Lu|Ting-Lu|100/100
|-damage|p1a: Ting-Lu|94/100|[from] Stealth Rock
|-damage|p1a: Ting-Lu|82/100|[from] Spikes
|-ability|p1a: Ting-Lu|Vessel of Ruin
|turn|15
|
|t:|1781248638
|switch|p2a: Enamorus|Enamorus-Therian, F|69/100
|move|p1a: Ting-Lu|Earthquake|p2a: Enamorus
|-immune|p2a: Enamorus
|
|-heal|p1a: Ting-Lu|88/100|[from] item: Leftovers
|upkeep
|turn|16
|
|t:|1781248651
|switch|p2a: Zamazenta|Zamazenta|100/100
|-damage|p2a: Zamazenta|88/100|[from] Spikes
|-ability|p2a: Zamazenta|Dauntless Shield|boost
|-boost|p2a: Zamazenta|def|1
|switch|p1a: Pecharunt|Pecharunt|100/100
|
|-heal|p2a: Zamazenta|94/100|[from] item: Leftovers
|upkeep
|turn|17
|
|t:|1781248656
|switch|p2a: Enamorus|Enamorus-Therian, F|69/100
|move|p1a: Pecharunt|Malignant Chain|p2a: Enamorus
|-supereffective|p2a: Enamorus
|-damage|p2a: Enamorus|11/100
|
|upkeep
|turn|18
|
|t:|1781248681
|switch|p1a: Samurott|Samurott-Hisui, F|76/100
|-damage|p1a: Samurott|63/100|[from] Stealth Rock
|-damage|p1a: Samurott|51/100|[from] Spikes
|move|p2a: Enamorus|Healing Wish|p2a: Enamorus
|faint|p2a: Enamorus
|
|upkeep
|
|t:|1781248688
|switch|p2a: Darkrai|Darkrai|75/100
|-heal|p2a: Darkrai|100/100|[from] move: Healing Wish
|-damage|p2a: Darkrai|88/100|[from] Spikes
|turn|19
|
|t:|1781248694
|move|p2a: Darkrai|Nasty Plot|p2a: Darkrai
|-boost|p2a: Darkrai|spa|2
|move|p1a: Samurott|Knock Off|p2a: Darkrai
|-resisted|p2a: Darkrai
|-damage|p2a: Darkrai|59/100
|-enditem|p2a: Darkrai|Leftovers|[from] move: Knock Off|[of] p1a: Samurott
|
|upkeep
|turn|20
|
|t:|1781248704
|-terastallize|p2a: Darkrai|Poison
|move|p2a: Darkrai|Sludge Bomb|p1a: Samurott
|-damage|p1a: Samurott|0 fnt
|faint|p1a: Samurott
|
|upkeep
|
|t:|1781248710
|switch|p1a: Ting-Lu|Ting-Lu|88/100
|-damage|p1a: Ting-Lu|82/100|[from] Stealth Rock
|-damage|p1a: Ting-Lu|69/100|[from] Spikes
|-ability|p1a: Ting-Lu|Vessel of Ruin
|turn|21
|inactive|toasterovens123 has 120 seconds left.
|
|t:|1781248741
|move|p2a: Darkrai|Ice Beam|p1a: Ting-Lu
|-supereffective|p1a: Ting-Lu
|-damage|p1a: Ting-Lu|19/100
|-status|p1a: Ting-Lu|frz
|cant|p1a: Ting-Lu|frz
|
|-heal|p1a: Ting-Lu|25/100 frz|[from] item: Leftovers
|upkeep
|turn|22
|inactive|toasterovens123 has 120 seconds left.
|c|☆toasterovens123|😭
|
|t:|1781248777
|move|p2a: Darkrai|Ice Beam|p1a: Ting-Lu
|-supereffective|p1a: Ting-Lu
|-damage|p1a: Ting-Lu|0 fnt
|faint|p1a: Ting-Lu
|
|upkeep
|c|☆GreninjaMyFav|mb
|inactive|toasterovens123 has 90 seconds left.
|
|t:|1781248798
|switch|p1a: Walking Wake|Walking Wake|100/100
|turn|23
|
|t:|1781248806
|move|p2a: Darkrai|Sludge Bomb|p1a: Walking Wake
|-damage|p1a: Walking Wake|0 fnt
|faint|p1a: Walking Wake
|-end|p1a: Walking Wake|Protosynthesis|[silent]
|
|upkeep
|
|t:|1781248809
|switch|p1a: Pecharunt|Pecharunt|100/100
|turn|24
|
|t:|1781248816
|-terastallize|p1a: Pecharunt|Water
|move|p2a: Darkrai|Dark Pulse|p1a: Pecharunt
|-damage|p1a: Pecharunt|9/100
|move|p1a: Pecharunt|Shadow Ball|p2a: Darkrai
|-damage|p2a: Darkrai|26/100
|
|upkeep
|turn|25
|l| yuureisuisei
|
|t:|1781248822
|move|p2a: Darkrai|Sludge Bomb|p1a: Pecharunt
|-damage|p1a: Pecharunt|0 fnt
|faint|p1a: Pecharunt
|
|win|GreninjaMyFav
|raw|toasterovens123's rating: 1526 &rarr; <strong>1517</strong><br />(-9 for losing)
|raw|GreninjaMyFav's rating: 1732 &rarr; <strong>1741</strong><br />(+9 for winning)
|l|☆GreninjaMyFav
|player|p2|
|l|☆toasterovens123
|player|p1|
|j|☆toasterovens123
|player|p1|toasterovens123|volo|
|l|☆toasterovens123
|player|p1|
|j|☆toasterovens123
|player|p1|toasterovens123|volo|
