|j|☆altyWIN
|j|☆mildcabinet6
|t:|1781379728
|gametype|singles
|player|p1|altyWIN|backpacker|1524
|player|p2|mildcabinet6|1|1580
|gen|9
|tier|[Gen 9] OU
|rated|
|rule|HP Percentage Mod: HP is shown in percentages
|rule|Endless Battle Clause: Forcing endless battles is banned
|rule|Species Clause: Limit one of each Pokémon
|rule|OHKO Clause: OHKO moves are banned
|rule|Evasion Items Clause: Evasion items are banned
|rule|Evasion Moves Clause: Evasion moves are banned
|rule|Evasion Abilities Clause: Evasion abilities are banned
|rule|Sleep Moves Clause: Sleep-inducing moves are banned
|clearpoke
|poke|p1|Excadrill, M|
|poke|p1|Tyranitar, F|
|poke|p1|Hydrapple, M|
|poke|p1|Alomomola, L99, F|
|poke|p1|Hatterene, F|
|poke|p1|Zapdos|
|poke|p2|Raging Bolt|
|poke|p2|Alomomola, F|
|poke|p2|Lokix, M|
|poke|p2|Hatterene, F|
|poke|p2|Great Tusk|
|poke|p2|Heatran, F|
|teampreview
|inactive|Battle timer is ON: inactive players will automatically lose when time's up. (requested by mildcabinet6)
|inactive|altyWIN has 120 seconds left.
|
|t:|1781379768
|teamsize|p1|6
|teamsize|p2|6
|start
|switch|p1a: Kim K|Hatterene, F|100/100
|switch|p2a: Lokix|Lokix, M|100/100
|turn|1
|inactive|altyWIN has 120 seconds left.
|
|t:|1781379799
|switch|p1a: Childinthemines|Excadrill, M|100/100
|move|p2a: Lokix|Knock Off|p1a: Childinthemines
|-damage|p1a: Childinthemines|1/100
|-enditem|p1a: Childinthemines|Choice Band|[from] move: Knock Off|[of] p2a: Lokix
|
|upkeep
|turn|2
|inactive|altyWIN has 120 seconds left.
|
|t:|1781379820
|switch|p2a: Alomomola|Alomomola, F|100/100
|move|p1a: Childinthemines|X-Scissor|p2a: Alomomola
|-damage|p2a: Alomomola|84/100
|-enditem|p2a: Alomomola|Eject Button
|inactive|mildcabinet6 has 120 seconds left.
|
|t:|1781379840
|switch|p2a: Great Tusk|Great Tusk|100/100
|
|upkeep
|turn|3
|inactive|altyWIN has 120 seconds left.
|
|t:|1781379847
|switch|p1a: FreeCaneMerchant|Zapdos|100/100
|move|p2a: Great Tusk|Knock Off|p1a: FreeCaneMerchant
|-damage|p1a: FreeCaneMerchant|61/100
|-enditem|p1a: FreeCaneMerchant|Choice Specs|[from] move: Knock Off|[of] p2a: Great Tusk
|
|upkeep
|turn|4
|
|t:|1781379860
|-end|p2a: Great Tusk|Protosynthesis|[silent]
|switch|p2a: Raging Bolt|Raging Bolt|100/100
|move|p1a: FreeCaneMerchant|Hurricane|p2a: Raging Bolt
|-resisted|p2a: Raging Bolt
|-damage|p2a: Raging Bolt|72/100
|
|upkeep
|turn|5
|
|t:|1781379872
|move|p2a: Raging Bolt|Volt Switch|p1a: FreeCaneMerchant
|-damage|p1a: FreeCaneMerchant|19/100
|
|t:|1781379874
|-end|p2a: Raging Bolt|Protosynthesis|[silent]
|switch|p2a: Great Tusk|Great Tusk|100/100|[from] Volt Switch
|move|p1a: FreeCaneMerchant|Volt Switch|p2a: Great Tusk
|-immune|p2a: Great Tusk
|
|upkeep
|turn|6
|
|t:|1781379890
|-end|p2a: Great Tusk|Protosynthesis|[silent]
|switch|p2a: Raging Bolt|Raging Bolt|72/100
|move|p1a: FreeCaneMerchant|Hurricane|p2a: Raging Bolt
|-resisted|p2a: Raging Bolt
|-damage|p2a: Raging Bolt|48/100
|
|upkeep
|turn|7
|
|t:|1781379899
|switch|p1a: Childinthemines|Excadrill, M|1/100
|move|p2a: Raging Bolt|Volt Switch|p1a: Childinthemines
|-immune|p1a: Childinthemines
|
|upkeep
|turn|8
|c|☆altyWIN|you seriously have a scarfed bolt
|c|☆altyWIN|what alternate universe is this
|inactive|altyWIN has 120 seconds left.
|
|t:|1781379938
|-end|p2a: Raging Bolt|Protosynthesis|[silent]
|switch|p2a: Alomomola|Alomomola, F|100/100
|switch|p1a: FreeCaneMerchant|Zapdos|19/100
|
|upkeep
|turn|9
|inactive|altyWIN has 120 seconds left.
|
|t:|1781379964
|move|p1a: FreeCaneMerchant|Volt Switch|p2a: Alomomola
|-supereffective|p2a: Alomomola
|-crit|p2a: Alomomola
|-damage|p2a: Alomomola|9/100
|
|t:|1781379979
|switch|p1a: Hydrippy|Hydrapple, M|100/100|[from] Volt Switch
|move|p2a: Alomomola|Flip Turn|p1a: Hydrippy
|-resisted|p1a: Hydrippy
|-damage|p1a: Hydrippy|98/100
|inactive|mildcabinet6 has 120 seconds left.
|
|t:|1781380014
|switch|p2a: Lokix|Lokix, M|100/100|[from] Flip Turn
|
|upkeep
|turn|10
|
|t:|1781380031
|-terastallize|p1a: Hydrippy|Poison
|move|p2a: Lokix|Leech Life|p1a: Hydrippy
|-resisted|p1a: Hydrippy
|-damage|p1a: Hydrippy|64/100
|move|p1a: Hydrippy|Fickle Beam|p2a: Lokix|[anim] Fickle Beam All Out
|-activate|p1a: Hydrippy|move: Fickle Beam
|-damage|p2a: Lokix|0 fnt
|faint|p2a: Lokix
|
|upkeep
|c|☆mildcabinet6|bruh
|
|t:|1781380049
|switch|p2a: Heatran|Heatran, F|100/100
|turn|11
|
|t:|1781380056
|switch|p1a: FreeCaneMerchant|Zapdos|19/100
|move|p2a: Heatran|Stealth Rock|p1a: FreeCaneMerchant
|-sidestart|p1: altyWIN|move: Stealth Rock
|
|upkeep
|turn|12
|inactive|altyWIN has 120 seconds left.
|
|t:|1781380069
|move|p1a: FreeCaneMerchant|Thunderbolt|p2a: Heatran
|-damage|p2a: Heatran|59/100
|move|p2a: Heatran|Magma Storm|p1a: FreeCaneMerchant
|-crit|p1a: FreeCaneMerchant
|-damage|p1a: FreeCaneMerchant|0 fnt
|faint|p1a: FreeCaneMerchant
|
|-heal|p2a: Heatran|65/100|[from] item: Leftovers
|upkeep
|inactive|altyWIN has 90 seconds left.
|
|t:|1781380107
|switch|p1a: Hydrippy|Hydrapple, M, tera:Poison|97/100
|turn|13
|inactive|altyWIN has 90 seconds left.
|inactive|mildcabinet6 has 120 seconds left.
|
|t:|1781380125
|switch|p2a: Hatterene|Hatterene, F|100/100
|move|p1a: Hydrippy|Nasty Plot|p1a: Hydrippy
|-boost|p1a: Hydrippy|spa|2
|
|upkeep
|turn|14
|inactive|mildcabinet6 has 120 seconds left.
|inactive|altyWIN has 60 seconds left.
|
|t:|1781380164
|move|p1a: Hydrippy|Giga Drain|p2a: Hatterene
|-damage|p2a: Hatterene|57/100
|-heal|p1a: Hydrippy|100/100|[from] drain|[of] p2a: Hatterene
|move|p2a: Hatterene|Psychic Noise|p1a: Hydrippy
|-supereffective|p1a: Hydrippy
|-damage|p1a: Hydrippy|21/100
|-start|p1a: Hydrippy|move: Heal Block
|
|upkeep
|turn|15
|inactive|altyWIN has 60 seconds left.
|inactive|mildcabinet6 has 120 seconds left.
|
|t:|1781380203
|switch|p1a: Goatyranny|Tyranitar, F|100/100
|-damage|p1a: Goatyranny|88/100|[from] Stealth Rock
|-weather|Sandstorm|[from] ability: Sand Stream|[of] p1a: Goatyranny
|move|p2a: Hatterene|Psychic Noise|p1a: Goatyranny
|-immune|p1a: Goatyranny
|
|-weather|Sandstorm|[upkeep]
|-damage|p2a: Hatterene|51/100|[from] Sandstorm
|upkeep
|turn|16
|inactive|altyWIN has 30 seconds left.
|inactive|mildcabinet6 has 120 seconds left.
|
|t:|1781380222
|switch|p2a: Great Tusk|Great Tusk|100/100
|move|p1a: Goatyranny|Ice Punch|p2a: Great Tusk
|-supereffective|p2a: Great Tusk
|-damage|p2a: Great Tusk|32/100
|
|-weather|Sandstorm|[upkeep]
|upkeep
|turn|17
|inactive|altyWIN has 30 seconds left.
|inactive|mildcabinet6 has 120 seconds left.
|
|t:|1781380240
|switch|p1a: Cardi B|Alomomola, L99, F|100/100
|move|p2a: Great Tusk|Headlong Rush|p1a: Cardi B
|-damage|p1a: Cardi B|65/100
|-unboost|p2a: Great Tusk|def|1
|-unboost|p2a: Great Tusk|spd|1
|
|-weather|Sandstorm|[upkeep]
|-damage|p1a: Cardi B|59/100|[from] Sandstorm
|upkeep
|turn|18
|inactive|altyWIN has 30 seconds left.
|inactive|mildcabinet6 has 120 seconds left.
|
|t:|1781380247
|move|p2a: Great Tusk|Knock Off|p1a: Cardi B
|-damage|p1a: Cardi B|40/100
|-enditem|p1a: Cardi B|Heavy-Duty Boots|[from] move: Knock Off|[of] p2a: Great Tusk
|move|p1a: Cardi B|Flip Turn|p2a: Great Tusk
|-supereffective|p2a: Great Tusk
|-damage|p2a: Great Tusk|0 fnt
|faint|p2a: Great Tusk
|-end|p2a: Great Tusk|Protosynthesis|[silent]
|inactive|altyWIN has 30 seconds left.
|inactive|altyWIN has 20 seconds left.
|
|t:|1781380263
|switch|p1a: Goatyranny|Tyranitar, F|88/100|[from] Flip Turn
|-damage|p1a: Goatyranny|76/100|[from] Stealth Rock
|
|-weather|Sandstorm|[upkeep]
|upkeep
|inactive|mildcabinet6 has 120 seconds left.
|
|t:|1781380294
|switch|p2a: Raging Bolt|Raging Bolt|48/100
|turn|19
|inactive|altyWIN has 30 seconds left.
|
|t:|1781380304
|move|p2a: Raging Bolt|Volt Switch|p1a: Goatyranny
|-damage|p1a: Goatyranny|49/100
|
|t:|1781380306
|-end|p2a: Raging Bolt|Protosynthesis|[silent]
|switch|p2a: Alomomola|Alomomola, F|42/100|[from] Volt Switch
|move|p1a: Goatyranny|Knock Off|p2a: Alomomola
|-damage|p2a: Alomomola|10/100
|
|-weather|none
|upkeep
|turn|20
|
|t:|1781380313
|move|p1a: Goatyranny|Knock Off|p2a: Alomomola
|-damage|p2a: Alomomola|0 fnt
|faint|p2a: Alomomola
|
|upkeep
|
|t:|1781380322
|switch|p2a: Raging Bolt|Raging Bolt|48/100
|turn|21
|
|t:|1781380324
|switch|p1a: Kim K|Hatterene, F|100/100
|-damage|p1a: Kim K|88/100|[from] Stealth Rock
|move|p2a: Raging Bolt|Volt Switch|p1a: Kim K
|-damage|p1a: Kim K|63/100
|
|t:|1781380333
|-end|p2a: Raging Bolt|Protosynthesis|[silent]
|switch|p2a: Heatran|Heatran, F|65/100|[from] Volt Switch
|
|-heal|p2a: Heatran|72/100|[from] item: Leftovers
|upkeep
|turn|22
|inactive|altyWIN has 60 seconds left.
|
|t:|1781380344
|move|p2a: Heatran|Magma Storm|p1a: Kim K
|-damage|p1a: Kim K|34/100
|-activate|p1a: Kim K|move: Magma Storm|[of] p2a: Heatran
|move|p1a: Kim K|Nuzzle|p2a: Heatran
|-damage|p2a: Heatran|68/100
|-status|p2a: Heatran|par
|
|-heal|p2a: Heatran|75/100 par|[from] item: Leftovers
|-damage|p1a: Kim K|22/100|[from] move: Magma Storm|[partiallytrapped]
|upkeep
|turn|23
|
|t:|1781380352
|cant|p2a: Heatran|par
|move|p1a: Kim K|Mystical Fire|p2a: Heatran
|-damage|p2a: Heatran|55/100 par
|-unboost|p2a: Heatran|spa|1
|
|-heal|p2a: Heatran|61/100 par|[from] item: Leftovers
|-damage|p1a: Kim K|10/100|[from] move: Magma Storm|[partiallytrapped]
|upkeep
|turn|24
|
|t:|1781380359
|cant|p2a: Heatran|par
|move|p1a: Kim K|Mystical Fire|p2a: Heatran
|-damage|p2a: Heatran|41/100 par
|-unboost|p2a: Heatran|spa|1
|
|-heal|p2a: Heatran|48/100 par|[from] item: Leftovers
|-damage|p1a: Kim K|0 fnt|[from] move: Magma Storm|[partiallytrapped]
|faint|p1a: Kim K
|upkeep
|
|t:|1781380370
|switch|p1a: Goatyranny|Tyranitar, F|49/100
|-damage|p1a: Goatyranny|37/100|[from] Stealth Rock
|-weather|Sandstorm|[from] ability: Sand Stream|[of] p1a: Goatyranny
|turn|25
|
|t:|1781380373
|move|p1a: Goatyranny|Knock Off|p2a: Heatran
|-damage|p2a: Heatran|0 fnt
|-enditem|p2a: Heatran|Leftovers|[from] move: Knock Off|[of] p1a: Goatyranny
|faint|p2a: Heatran
|
|-weather|Sandstorm|[upkeep]
|upkeep
|
|t:|1781380381
|switch|p2a: Raging Bolt|Raging Bolt|48/100
|turn|26
|
|t:|1781380392
|-end|p2a: Raging Bolt|Protosynthesis|[silent]
|switch|p2a: Hatterene|Hatterene, F|51/100
|switch|p1a: Childinthemines|Excadrill, M|1/100
|-damage|p1a: Childinthemines|0 fnt|[from] Stealth Rock
|faint|p1a: Childinthemines
|
|-weather|Sandstorm|[upkeep]
|-damage|p2a: Hatterene|45/100|[from] Sandstorm
|upkeep
|
|t:|1781380415
|switch|p1a: Goatyranny|Tyranitar, F|37/100
|-damage|p1a: Goatyranny|25/100|[from] Stealth Rock
|turn|27
|
|t:|1781380443
|move|p1a: Goatyranny|Knock Off|p2a: Hatterene
|-damage|p2a: Hatterene|0 fnt
|-enditem|p2a: Hatterene|Assault Vest|[from] move: Knock Off|[of] p1a: Goatyranny
|faint|p2a: Hatterene
|
|-weather|Sandstorm|[upkeep]
|upkeep
|
|t:|1781380446
|switch|p2a: Raging Bolt|Raging Bolt|48/100
|turn|28
|
|t:|1781380454
|switch|p1a: Hydrippy|Hydrapple, M, tera:Poison|54/100
|-terastallize|p2a: Raging Bolt|Dragon
|move|p2a: Raging Bolt|Thunderbolt|p1a: Hydrippy
|-damage|p1a: Hydrippy|7/100
|-status|p1a: Hydrippy|par
|
|-weather|Sandstorm|[upkeep]
|-damage|p2a: Raging Bolt|42/100|[from] Sandstorm
|-damage|p1a: Hydrippy|1/100 par|[from] Sandstorm
|upkeep
|turn|29
|inactive|altyWIN has 90 seconds left.
|inactive|altyWIN has 60 seconds left.
|inactive|altyWIN has 30 seconds left.
|inactive|altyWIN has 20 seconds left.
|inactive|altyWIN has 15 seconds left.
|
|t:|1781380537
|switch|p1a: Goatyranny|Tyranitar, F|25/100
|-damage|p1a: Goatyranny|13/100|[from] Stealth Rock
|move|p2a: Raging Bolt|Thunderbolt|p1a: Goatyranny
|-damage|p1a: Goatyranny|0 fnt
|faint|p1a: Goatyranny
|
|-weather|none
|upkeep
|inactive|altyWIN has 20 seconds left this turn.
|inactive|altyWIN has 15 seconds left.
|
|t:|1781380544
|switch|p1a: Hydrippy|Hydrapple, M, tera:Poison|34/100 par
|turn|30
|inactive|altyWIN has 25 seconds left this turn.
|
|t:|1781380547
|switch|p1a: Cardi B|Alomomola, L99, F|73/100
|-damage|p1a: Cardi B|61/100|[from] Stealth Rock
|move|p2a: Raging Bolt|Thunderbolt|p1a: Cardi B
|-supereffective|p1a: Cardi B
|-damage|p1a: Cardi B|0 fnt
|faint|p1a: Cardi B
|
|upkeep
|inactive|altyWIN has 30 seconds left this turn.
|
|t:|1781380549
|switch|p1a: Hydrippy|Hydrapple, M, tera:Poison|67/100 par
|turn|31
|
|t:|1781380553
|move|p2a: Raging Bolt|Thunderbolt|p1a: Hydrippy
|-damage|p1a: Hydrippy|18/100 par
|move|p1a: Hydrippy|Fickle Beam|p2a: Raging Bolt
|-supereffective|p2a: Raging Bolt
|-damage|p2a: Raging Bolt|0 fnt
|faint|p2a: Raging Bolt
|-end|p2a: Raging Bolt|Protosynthesis|[silent]
|
|win|altyWIN
|raw|altyWIN's rating: 1524 &rarr; <strong>1547</strong><br />(+23 for winning)
|raw|mildcabinet6's rating: 1580 &rarr; <strong>1557</strong><br />(-23 for losing)
|c|☆altyWIN|gg
