|j|☆digederoo
|j|‽Leap Call
|t:|1781298734
|gametype|singles
|player|p1|digederoo|pilot|1523
|player|p2|Leap Call|101|1599
|gen|9
|tier|[Gen 9] OU
|rated|
|rule|HP Percentage Mod: HP is shown in percentages
|rule|Endless Battle Clause: Forcing endless battles is banned
|rule|Species Clause: Limit one of each Pokémon
|rule|OHKO Clause: OHKO moves are banned
|rule|Evasion Items Clause: Evasion items are banned
|rule|Evasion Moves Clause: Evasion moves are banned
|rule|Evasion Abilities Clause: Evasion abilities are banned
|rule|Sleep Moves Clause: Sleep-inducing moves are banned
|clearpoke
|poke|p1|Dragonite, M|
|poke|p1|Ting-Lu|
|poke|p1|Gholdengo|
|poke|p1|Zamazenta-*|
|poke|p1|Clefable, M|
|poke|p1|Ogerpon-Wellspring, F|
|poke|p2|Kyurem|
|poke|p2|Slowking-Galar, M|
|poke|p2|Samurott-Hisui, F|
|poke|p2|Hatterene, F|
|poke|p2|Iron Treads|
|poke|p2|Zamazenta-*|
|teampreview
|inactive|Battle timer is ON: inactive players will automatically lose when time's up. (requested by digederoo)
|
|t:|1781298756
|teamsize|p1|6
|teamsize|p2|6
|start
|switch|p1a: Ogerpon|Ogerpon-Wellspring, F|100/100
|switch|p2a: Slowking|Slowking-Galar, M, shiny|100/100
|turn|1
|
|t:|1781298759
|move|p1a: Ogerpon|Knock Off|p2a: Slowking
|-supereffective|p2a: Slowking
|-damage|p2a: Slowking|18/100
|-enditem|p2a: Slowking|Black Sludge|[from] move: Knock Off|[of] p1a: Ogerpon
|-prepare|p2a: Slowking|Chilly Reception|[premajor]
|move|p2a: Slowking|Chilly Reception|p2a: Slowking
|-weather|Snowscape
|
|t:|1781298761
|switch|p2a: Kyurem|Kyurem, shiny|100/100|[from] Chilly Reception
|-ability|p2a: Kyurem|Pressure
|
|-weather|Snowscape|[upkeep]
|upkeep
|turn|2
|
|t:|1781298771
|switch|p1a: Gholdengo|Gholdengo|100/100
|-item|p1a: Gholdengo|Air Balloon
|-terastallize|p2a: Kyurem|Ice
|move|p2a: Kyurem|Blizzard|p1a: Gholdengo
|-resisted|p1a: Gholdengo
|-damage|p1a: Gholdengo|44/100
|-enditem|p1a: Gholdengo|Air Balloon
|
|-weather|Snowscape|[upkeep]
|upkeep
|turn|3
|inactive|digederoo has 120 seconds left.
|inactive|digederoo has 90 seconds left.
|
|t:|1781298861
|move|p2a: Kyurem|Blizzard|p1a: Gholdengo
|-resisted|p1a: Gholdengo
|-damage|p1a: Gholdengo|0 fnt
|faint|p1a: Gholdengo
|
|-weather|Snowscape|[upkeep]
|upkeep
|
|t:|1781298864
|switch|p1a: Ting-Lu|Ting-Lu|100/100
|-ability|p1a: Ting-Lu|Vessel of Ruin
|turn|4
|
|t:|1781298867
|switch|p2a: Hatterene|Hatterene, F, shiny|100/100
|-terastallize|p1a: Ting-Lu|Water
|move|p1a: Ting-Lu|Ruination|p2a: Hatterene
|-damage|p2a: Hatterene|50/100
|
|-weather|Snowscape|[upkeep]
|upkeep
|turn|5
|
|t:|1781298884
|switch|p2a: Samurott|Samurott-Hisui, F, shiny|100/100
|move|p1a: Ting-Lu|Earthquake|p2a: Samurott
|-damage|p2a: Samurott|60/100
|
|-weather|none
|upkeep
|turn|6
|inactive|digederoo has 90 seconds left.
|
|t:|1781298906
|switch|p1a: Zamazenta|Zamazenta|100/100
|-ability|p1a: Zamazenta|Dauntless Shield|boost
|-boost|p1a: Zamazenta|def|1
|move|p2a: Samurott|Ceaseless Edge|p1a: Zamazenta
|-resisted|p1a: Zamazenta
|-damage|p1a: Zamazenta|88/100
|-sidestart|p1: digederoo|Spikes
|
|upkeep
|turn|7
|
|t:|1781298916
|switch|p2a: Hatterene|Hatterene, F, shiny|50/100
|move|p1a: Zamazenta|Close Combat|p2a: Hatterene
|-resisted|p2a: Hatterene
|-crit|p2a: Hatterene
|-damage|p2a: Hatterene|32/100
|-unboost|p1a: Zamazenta|def|1
|-unboost|p1a: Zamazenta|spd|1
|
|upkeep
|turn|8
|inactive|Leap Call has 120 seconds left.
|
|t:|1781298963
|switch|p2a: Zamazenta|Zamazenta|100/100
|-ability|p2a: Zamazenta|Dauntless Shield|boost
|-boost|p2a: Zamazenta|def|1
|move|p1a: Zamazenta|Heavy Slam|p2a: Zamazenta
|-damage|p2a: Zamazenta|93/100
|
|-heal|p2a: Zamazenta|99/100|[from] item: Leftovers
|upkeep
|turn|9
|
|t:|1781298975
|switch|p1a: Clefable|Clefable, M|100/100
|move|p2a: Zamazenta|Roar|p1a: Clefable
|drag|p1a: Dragonite|Dragonite, M|100/100
|
|-heal|p2a: Zamazenta|100/100|[from] item: Leftovers
|upkeep
|turn|10
|
|t:|1781299000
|switch|p1a: Clefable|Clefable, M|100/100
|move|p2a: Zamazenta|Roar|p1a: Clefable
|drag|p1a: Dragonite|Dragonite, M|100/100
|
|upkeep
|turn|11
|
|t:|1781299004
|switch|p1a: Clefable|Clefable, M|100/100
|move|p2a: Zamazenta|Roar|p1a: Clefable
|drag|p1a: Ting-Lu|Ting-Lu, tera:Water|100/100
|-damage|p1a: Ting-Lu|88/100|[from] Spikes
|-ability|p1a: Ting-Lu|Vessel of Ruin
|
|-heal|p1a: Ting-Lu|94/100|[from] item: Leftovers
|upkeep
|turn|12
|
|t:|1781299011
|move|p2a: Zamazenta|Iron Defense|p2a: Zamazenta
|-boost|p2a: Zamazenta|def|2
|move|p1a: Ting-Lu|Whirlwind|p2a: Zamazenta
|drag|p2a: Samurott|Samurott-Hisui, F, shiny|60/100
|
|-heal|p1a: Ting-Lu|100/100|[from] item: Leftovers
|upkeep
|turn|13
|inactive|Leap Call has 120 seconds left.
|inactive|digederoo has 120 seconds left.
|
|t:|1781299028
|move|p2a: Samurott|Knock Off|p1a: Ting-Lu
|-damage|p1a: Ting-Lu|76/100
|-enditem|p1a: Ting-Lu|Leftovers|[from] move: Knock Off|[of] p2a: Samurott
|move|p1a: Ting-Lu|Earthquake|p2a: Samurott
|-damage|p2a: Samurott|18/100
|
|upkeep
|turn|14
|
|t:|1781299034
|move|p2a: Samurott|Ceaseless Edge|p1a: Ting-Lu
|-damage|p1a: Ting-Lu|51/100
|-sidestart|p1: digederoo|Spikes
|move|p1a: Ting-Lu|Earthquake|p2a: Samurott
|-damage|p2a: Samurott|0 fnt
|faint|p2a: Samurott
|
|upkeep
|-message|digederoo forfeited.
|
|win|Leap Call
|raw|digederoo's rating: 1523 &rarr; <strong>1507</strong><br />(-16 for losing)
|raw|Leap Call's rating: 1599 &rarr; <strong>1615</strong><br />(+16 for winning)
|l|☆digederoo
|player|p1|
