|j|☆tauros3
|j|☆rekjllj
|t:|1781312353
|gametype|singles
|player|p1|tauros3|swimmer-gen4dp|1562
|player|p2|rekjllj|169|1602
|gen|9
|tier|[Gen 9] OU
|rated|
|rule|HP Percentage Mod: HP is shown in percentages
|rule|Endless Battle Clause: Forcing endless battles is banned
|rule|Species Clause: Limit one of each Pokémon
|rule|OHKO Clause: OHKO moves are banned
|rule|Evasion Items Clause: Evasion items are banned
|rule|Evasion Moves Clause: Evasion moves are banned
|rule|Evasion Abilities Clause: Evasion abilities are banned
|rule|Sleep Moves Clause: Sleep-inducing moves are banned
|clearpoke
|poke|p1|Ninetales-Alola, M|
|poke|p1|Kyurem|
|poke|p1|Moltres-Galar|
|poke|p1|Ursaluna, F|
|poke|p1|Diancie|
|poke|p1|Hatterene, F|
|poke|p2|Walking Wake|
|poke|p2|Great Tusk|
|poke|p2|Ninetales, M|
|poke|p2|Cresselia, F|
|poke|p2|Zarude|
|poke|p2|Ceruledge, F|
|teampreview
|inactive|Battle timer is ON: inactive players will automatically lose when time's up. (requested by tauros3)
|c|☆rekjllj|hf
|inactive|rekjllj also wants the timer to be on.
|
|t:|1781312368
|teamsize|p1|6
|teamsize|p2|6
|start
|switch|p1a: No Other One|Diancie|100/100
|switch|p2a: Ceruledge|Ceruledge, F|100/100
|turn|1
|
|t:|1781312374
|switch|p2a: Great Tusk|Great Tusk|100/100
|move|p1a: No Other One|Trick Room|p1a: No Other One
|-fieldstart|move: Trick Room|[of] p1a: No Other One
|
|upkeep
|turn|2
|
|t:|1781312380
|-terastallize|p2a: Great Tusk|Steel
|move|p1a: No Other One|Moonblast|p2a: Great Tusk
|-resisted|p2a: Great Tusk
|-damage|p2a: Great Tusk|79/100
|move|p2a: Great Tusk|Headlong Rush|p1a: No Other One
|-supereffective|p1a: No Other One
|-damage|p1a: No Other One|0 fnt
|-unboost|p2a: Great Tusk|def|1
|-unboost|p2a: Great Tusk|spd|1
|faint|p1a: No Other One
|
|upkeep
|
|t:|1781312389
|switch|p1a: El Scorcho|Ursaluna, F|100/100
|turn|3
|
|t:|1781312395
|-end|p2a: Great Tusk|Protosynthesis|[silent]
|switch|p2a: Cresselia|Cresselia, F|100/100
|move|p1a: El Scorcho|Swords Dance|p1a: El Scorcho
|-boost|p1a: El Scorcho|atk|2
|
|-status|p1a: El Scorcho|brn|[from] item: Flame Orb
|upkeep
|turn|4
|
|t:|1781312403
|move|p1a: El Scorcho|Headlong Rush|p2a: Cresselia
|-immune|p2a: Cresselia|[from] ability: Levitate
|move|p2a: Cresselia|Psychic|p1a: El Scorcho
|-damage|p1a: El Scorcho|79/100 brn
|
|-damage|p1a: El Scorcho|73/100 brn|[from] brn
|upkeep
|turn|5
|
|t:|1781312410
|switch|p2a: Ceruledge|Ceruledge, F|100/100
|move|p1a: El Scorcho|Headlong Rush|p2a: Ceruledge
|-supereffective|p2a: Ceruledge
|-crit|p2a: Ceruledge
|-enditem|p2a: Ceruledge|Focus Sash
|-damage|p2a: Ceruledge|1/100
|-unboost|p1a: El Scorcho|def|1
|-unboost|p1a: El Scorcho|spd|1
|-ability|p2a: Ceruledge|Weak Armor|boost
|-unboost|p2a: Ceruledge|def|1
|-boost|p2a: Ceruledge|spe|2
|
|-damage|p1a: El Scorcho|67/100 brn|[from] brn
|-fieldend|move: Trick Room
|upkeep
|turn|6
|
|t:|1781312417
|move|p2a: Ceruledge|Close Combat|p1a: El Scorcho
|-supereffective|p1a: El Scorcho
|-damage|p1a: El Scorcho|0 fnt
|-unboost|p2a: Ceruledge|def|1
|-unboost|p2a: Ceruledge|spd|1
|faint|p1a: El Scorcho
|
|upkeep
|
|t:|1781312429
|switch|p1a: Pink Triangle|Hatterene, F|100/100
|turn|7
|
|t:|1781312435
|move|p2a: Ceruledge|Poltergeist|p1a: Pink Triangle
|-activate|p1a: Pink Triangle|move: Poltergeist|Focus Sash
|-supereffective|p1a: Pink Triangle
|-enditem|p1a: Pink Triangle|Focus Sash
|-damage|p1a: Pink Triangle|1/100
|move|p1a: Pink Triangle|Trick Room|p1a: Pink Triangle
|-fieldstart|move: Trick Room|[of] p1a: Pink Triangle
|
|upkeep
|turn|8
|
|t:|1781312442
|switch|p2a: Cresselia|Cresselia, F|100/100
|move|p1a: Pink Triangle|Psychic Noise|p2a: Cresselia
|-resisted|p2a: Cresselia
|-damage|p2a: Cresselia|89/100
|-start|p2a: Cresselia|move: Heal Block
|-enditem|p2a: Cresselia|Eject Button
|
|t:|1781312449
|switch|p2a: Great Tusk|Great Tusk, tera:Steel|79/100
|
|upkeep
|turn|9
|
|t:|1781312457
|move|p1a: Pink Triangle|Dazzling Gleam|p2a: Great Tusk
|-resisted|p2a: Great Tusk
|-damage|p2a: Great Tusk|57/100
|move|p2a: Great Tusk|Ice Spinner|p1a: Pink Triangle
|-damage|p1a: Pink Triangle|0 fnt
|faint|p1a: Pink Triangle
|
|upkeep
|
|t:|1781312464
|switch|p1a: Butterfly|Moltres-Galar|100/100
|turn|10
|
|t:|1781312469
|move|p2a: Great Tusk|Close Combat|p1a: Butterfly
|-damage|p1a: Butterfly|15/100
|-unboost|p2a: Great Tusk|def|1
|-unboost|p2a: Great Tusk|spd|1
|-ability|p1a: Butterfly|Berserk|boost
|-boost|p1a: Butterfly|spa|1
|-enditem|p1a: Butterfly|Sitrus Berry|[eat]
|-heal|p1a: Butterfly|40/100|[from] item: Sitrus Berry
|move|p1a: Butterfly|Nasty Plot|p1a: Butterfly
|-boost|p1a: Butterfly|spa|2
|
|upkeep
|turn|11
|
|t:|1781312482
|-terastallize|p1a: Butterfly|Ghost
|move|p2a: Great Tusk|Ice Spinner|p1a: Butterfly
|-damage|p1a: Butterfly|6/100
|move|p1a: Butterfly|Agility|p1a: Butterfly
|-boost|p1a: Butterfly|spe|2
|
|-fieldend|move: Trick Room
|upkeep
|turn|12
|
|t:|1781312489
|-end|p2a: Great Tusk|Protosynthesis|[silent]
|switch|p2a: Ceruledge|Ceruledge, F|1/100
|move|p1a: Butterfly|Fiery Wrath|p2a: Ceruledge
|-supereffective|p2a: Ceruledge
|-damage|p2a: Ceruledge|0 fnt
|faint|p2a: Ceruledge
|
|upkeep
|
|t:|1781312493
|switch|p2a: Ninetales|Ninetales, M|100/100
|-weather|SunnyDay|[from] ability: Drought|[of] p2a: Ninetales
|turn|13
|
|t:|1781312498
|switch|p2a: Zarude|Zarude|100/100
|move|p1a: Butterfly|Fiery Wrath|p2a: Zarude
|-resisted|p2a: Zarude
|-damage|p2a: Zarude|46/100
|
|-weather|SunnyDay|[upkeep]
|-heal|p2a: Zarude|52/100|[from] item: Leftovers
|upkeep
|turn|14
|
|t:|1781312501
|move|p1a: Butterfly|Air Slash|p2a: Zarude
|-supereffective|p2a: Zarude
|-damage|p2a: Zarude|0 fnt
|faint|p2a: Zarude
|
|-weather|SunnyDay|[upkeep]
|upkeep
|
|t:|1781312505
|switch|p2a: Walking Wake|Walking Wake|100/100
|-activate|p2a: Walking Wake|ability: Protosynthesis
|-start|p2a: Walking Wake|protosynthesisspe
|turn|15
|
|t:|1781312508
|move|p1a: Butterfly|Fiery Wrath|p2a: Walking Wake
|-damage|p2a: Walking Wake|0 fnt
|faint|p2a: Walking Wake
|-end|p2a: Walking Wake|Protosynthesis|[silent]
|
|-weather|SunnyDay|[upkeep]
|upkeep
|
|t:|1781312512
|switch|p2a: Great Tusk|Great Tusk, tera:Steel|57/100
|-activate|p2a: Great Tusk|ability: Protosynthesis
|-start|p2a: Great Tusk|protosynthesisatk
|turn|16
|
|t:|1781312515
|move|p1a: Butterfly|Fiery Wrath|p2a: Great Tusk
|-damage|p2a: Great Tusk|0 fnt
|faint|p2a: Great Tusk
|-end|p2a: Great Tusk|Protosynthesis|[silent]
|
|-weather|SunnyDay|[upkeep]
|upkeep
|
|t:|1781312519
|switch|p2a: Cresselia|Cresselia, F|89/100
|turn|17
|
|t:|1781312522
|move|p1a: Butterfly|Fiery Wrath|p2a: Cresselia
|-supereffective|p2a: Cresselia
|-damage|p2a: Cresselia|0 fnt
|faint|p2a: Cresselia
|
|-weather|SunnyDay|[upkeep]
|upkeep
|
|t:|1781312525
|switch|p2a: Ninetales|Ninetales, M|100/100
|turn|18
|
|t:|1781312529
|move|p1a: Butterfly|Fiery Wrath|p2a: Ninetales
|-damage|p2a: Ninetales|0 fnt
|faint|p2a: Ninetales
|
|win|tauros3
|raw|tauros3's rating: 1562 &rarr; <strong>1584</strong><br />(+22 for winning)
|raw|rekjllj's rating: 1602 &rarr; <strong>1580</strong><br />(-22 for losing)
|c|☆rekjllj|gg
