|badge|p2|bronze|gen9ou|100-9
|badge|p2|bronze|gen9randombattle|100-9
|badge|p2|bronze|gen9ubers|100-9
|uhtml|medal-msg|<div class="broadcast-blue">Curious what those medals under the avatar are? PS now has Ladder Seasons! For more information, check out the <a href="https://www.smogon.com/forums/threads/3740067/">thread on Smogon.</a></div>
|j|☆Igoodnamename
|j|☆oddishlover4
|t:|1781294968
|gametype|singles
|player|p1|Igoodnamename|winona|1720
|player|p2|oddishlover4|acetrainerf|1786
|gen|9
|tier|[Gen 9] OU
|rated|
|rule|HP Percentage Mod: HP is shown in percentages
|rule|Endless Battle Clause: Forcing endless battles is banned
|rule|Species Clause: Limit one of each Pokémon
|rule|OHKO Clause: OHKO moves are banned
|rule|Evasion Items Clause: Evasion items are banned
|rule|Evasion Moves Clause: Evasion moves are banned
|rule|Evasion Abilities Clause: Evasion abilities are banned
|rule|Sleep Moves Clause: Sleep-inducing moves are banned
|clearpoke
|poke|p1|Raging Bolt|
|poke|p1|Rillaboom, F|
|poke|p1|Great Tusk|
|poke|p1|Ting-Lu|
|poke|p1|Skeledirge, F|
|poke|p1|Enamorus, F|
|poke|p2|Kyurem|
|poke|p2|Hatterene, F|
|poke|p2|Darkrai|
|poke|p2|Great Tusk|
|poke|p2|Dragonite, F|
|poke|p2|Gholdengo|
|teampreview
|c|☆oddishlover4|gl/hf!
|inactive|Battle timer is ON: inactive players will automatically lose when time's up. (requested by oddishlover4)
|
|t:|1781294992
|teamsize|p1|6
|teamsize|p2|6
|start
|switch|p1a: Enamorus|Enamorus, F|100/100
|switch|p2a: Boompala|Kyurem|100/100
|-ability|p2a: Boompala|Pressure
|turn|1
|
|t:|1781295010
|move|p1a: Enamorus|Moonblast|p2a: Boompala
|-supereffective|p2a: Boompala
|-damage|p2a: Boompala|31/100
|-unboost|p2a: Boompala|spa|1
|move|p2a: Boompala|Ice Beam|p1a: Enamorus
|-supereffective|p1a: Enamorus
|-damage|p1a: Enamorus|4/100
|
|upkeep
|turn|2
|
|t:|1781295028
|switch|p2a: Celebration|Gholdengo|100/100
|move|p1a: Enamorus|Moonblast|p2a: Celebration
|-resisted|p2a: Celebration
|-damage|p2a: Celebration|73/100
|
|upkeep
|turn|3
|
|t:|1781295046
|switch|p1a: Ting-Lu|Ting-Lu|100/100
|-ability|p1a: Ting-Lu|Vessel of Ruin
|move|p2a: Celebration|Recover|p2a: Celebration
|-heal|p2a: Celebration|100/100
|
|upkeep
|turn|4
|inactive|oddishlover4 has 120 seconds left.
|
|t:|1781295064
|switch|p2a: Antifragile|Hatterene, F|100/100
|move|p1a: Ting-Lu|Ruination|p2a: Antifragile
|-damage|p2a: Antifragile|51/100
|
|upkeep
|turn|5
|inactive|oddishlover4 has 120 seconds left.
|
|t:|1781295088
|move|p1a: Ting-Lu|Heavy Slam|p2a: Antifragile
|-supereffective|p2a: Antifragile
|-damage|p2a: Antifragile|0 fnt
|-damage|p1a: Ting-Lu|84/100|[from] item: Rocky Helmet|[of] p2a: Antifragile
|faint|p2a: Antifragile
|
|-heal|p1a: Ting-Lu|90/100|[from] item: Leftovers
|upkeep
|
|t:|1781295106
|switch|p2a: Boompala|Kyurem|31/100
|-ability|p2a: Boompala|Pressure
|turn|6
|j| testingrainteam1
|inactive|Igoodnamename has 120 seconds left.
|
|t:|1781295139
|move|p2a: Boompala|Ice Beam|p1a: Ting-Lu
|-supereffective|p1a: Ting-Lu
|-damage|p1a: Ting-Lu|48/100
|move|p1a: Ting-Lu|Heavy Slam|p2a: Boompala
|-supereffective|p2a: Boompala
|-damage|p2a: Boompala|10/100
|
|-heal|p1a: Ting-Lu|54/100|[from] item: Leftovers
|upkeep
|turn|7
|
|t:|1781295158
|move|p2a: Boompala|Ice Beam|p1a: Ting-Lu
|-supereffective|p1a: Ting-Lu
|-damage|p1a: Ting-Lu|16/100
|move|p1a: Ting-Lu|Heavy Slam|p2a: Boompala
|-supereffective|p2a: Boompala
|-damage|p2a: Boompala|0 fnt
|faint|p2a: Boompala
|
|-heal|p1a: Ting-Lu|22/100|[from] item: Leftovers
|upkeep
|inactive|oddishlover4 has 90 seconds left.
|
|t:|1781295176
|switch|p2a: Fearless|Great Tusk|100/100
|turn|8
|inactive|oddishlover4 has 90 seconds left.
|
|t:|1781295194
|move|p2a: Fearless|Ice Spinner|p1a: Ting-Lu
|-supereffective|p1a: Ting-Lu
|-damage|p1a: Ting-Lu|0 fnt
|faint|p1a: Ting-Lu
|
|upkeep
|l| testingrainteam1
|
|t:|1781295209
|switch|p1a: Enamorus|Enamorus, F|4/100
|turn|9
|inactive|oddishlover4 has 90 seconds left.
|
|t:|1781295227
|-end|p2a: Fearless|Protosynthesis|[silent]
|switch|p2a: Celebration|Gholdengo|100/100
|move|p1a: Enamorus|Mystical Fire|p2a: Celebration
|-supereffective|p2a: Celebration
|-damage|p2a: Celebration|39/100
|-unboost|p2a: Celebration|spa|1
|
|upkeep
|turn|10
|
|t:|1781295245
|-terastallize|p2a: Celebration|Fairy
|move|p1a: Enamorus|Mystical Fire|p2a: Celebration
|-damage|p2a: Celebration|12/100
|-unboost|p2a: Celebration|spa|1
|move|p2a: Celebration|Recover|p2a: Celebration
|-heal|p2a: Celebration|62/100
|
|upkeep
|turn|11
|
|t:|1781295263
|switch|p1a: Raging Bolt|Raging Bolt|100/100
|move|p2a: Celebration|Recover|p2a: Celebration
|-heal|p2a: Celebration|100/100
|
|upkeep
|turn|12
|
|t:|1781295280
|-end|p1a: Raging Bolt|Protosynthesis|[silent]
|switch|p1a: Rillaboom|Rillaboom, F|100/100
|-fieldstart|move: Grassy Terrain|[from] ability: Grassy Surge|[of] p1a: Rillaboom
|switch|p2a: Fearless|Great Tusk|100/100
|
|upkeep
|turn|13
|inactive|oddishlover4 has 60 seconds left.
|
|t:|1781295298
|-end|p2a: Fearless|Protosynthesis|[silent]
|switch|p2a: Bluebeard's Wife|Dragonite, F|100/100
|move|p1a: Rillaboom|U-turn|p2a: Bluebeard's Wife
|-resisted|p2a: Bluebeard's Wife
|-damage|p2a: Bluebeard's Wife|92/100
|
|t:|1781295303
|switch|p1a: Great Tusk|Great Tusk|100/100|[from] U-turn
|
|upkeep
|turn|14
|inactive|oddishlover4 has 60 seconds left.
|
|t:|1781295321
|switch|p2a: Fearless|Great Tusk|100/100
|move|p1a: Great Tusk|Ice Spinner|p2a: Fearless
|-supereffective|p2a: Fearless
|-damage|p2a: Fearless|71/100
|-fieldend|move: Grassy Terrain
|
|-heal|p2a: Fearless|77/100|[from] item: Leftovers
|upkeep
|turn|15
|inactive|oddishlover4 has 60 seconds left.
|
|t:|1781295339
|move|p1a: Great Tusk|Ice Spinner|p2a: Fearless
|-supereffective|p2a: Fearless
|-damage|p2a: Fearless|49/100
|move|p2a: Fearless|Ice Spinner|p1a: Great Tusk
|-supereffective|p1a: Great Tusk
|-damage|p1a: Great Tusk|64/100
|
|-heal|p2a: Fearless|55/100|[from] item: Leftovers
|upkeep
|turn|16
|inactive|oddishlover4 has 60 seconds left.
|
|t:|1781295358
|move|p1a: Great Tusk|Ice Spinner|p2a: Fearless
|-supereffective|p2a: Fearless
|-damage|p2a: Fearless|25/100
|move|p2a: Fearless|Ice Spinner|p1a: Great Tusk
|-supereffective|p1a: Great Tusk
|-damage|p1a: Great Tusk|31/100
|
|-heal|p2a: Fearless|32/100|[from] item: Leftovers
|upkeep
|turn|17
|
|t:|1781295376
|-end|p2a: Fearless|Protosynthesis|[silent]
|switch|p2a: Bluebeard's Wife|Dragonite, F|92/100
|move|p1a: Great Tusk|Ice Spinner|p2a: Bluebeard's Wife
|-supereffective|p2a: Bluebeard's Wife
|-damage|p2a: Bluebeard's Wife|0 fnt
|faint|p2a: Bluebeard's Wife
|
|upkeep
|
|t:|1781295385
|switch|p2a: Perfect Night|Darkrai|100/100
|turn|18
|
|t:|1781295394
|move|p2a: Perfect Night|Dark Pulse|p1a: Great Tusk
|-resisted|p1a: Great Tusk
|-damage|p1a: Great Tusk|1/100
|cant|p1a: Great Tusk|flinch
|
|upkeep
|turn|19
|
|t:|1781295403
|move|p2a: Perfect Night|Dark Pulse|p1a: Great Tusk
|-resisted|p1a: Great Tusk
|-damage|p1a: Great Tusk|0 fnt
|faint|p1a: Great Tusk
|-end|p1a: Great Tusk|Protosynthesis|[silent]
|
|upkeep
|
|t:|1781295409
|switch|p1a: Enamorus|Enamorus, F|4/100
|turn|20
|
|t:|1781295418
|move|p2a: Perfect Night|Dark Pulse|p1a: Enamorus
|-resisted|p1a: Enamorus
|-damage|p1a: Enamorus|0 fnt
|faint|p1a: Enamorus
|
|upkeep
|
|t:|1781295422
|switch|p1a: Raging Bolt|Raging Bolt|100/100
|turn|21
|
|t:|1781295439
|move|p2a: Perfect Night|Dark Pulse|p1a: Raging Bolt
|-crit|p1a: Raging Bolt
|-damage|p1a: Raging Bolt|35/100
|move|p1a: Raging Bolt|Draco Meteor|p2a: Perfect Night
|-damage|p2a: Perfect Night|0 fnt
|-unboost|p1a: Raging Bolt|spa|2
|faint|p2a: Perfect Night
|
|upkeep
|inactive|oddishlover4 has 60 seconds left.
|
|t:|1781295456
|switch|p2a: Celebration|Gholdengo, tera:Fairy|100/100
|turn|22
|inactive|oddishlover4 has 60 seconds left.
|
|t:|1781295472
|-end|p1a: Raging Bolt|Protosynthesis|[silent]
|switch|p1a: Skeledirge|Skeledirge, F|100/100
|move|p2a: Celebration|Shadow Ball|p1a: Skeledirge
|-supereffective|p1a: Skeledirge
|-damage|p1a: Skeledirge|42/100
|
|upkeep
|turn|23
|
|t:|1781295490
|move|p2a: Celebration|Shadow Ball|p1a: Skeledirge
|-supereffective|p1a: Skeledirge
|-damage|p1a: Skeledirge|0 fnt
|faint|p1a: Skeledirge
|
|upkeep
|
|t:|1781295493
|switch|p1a: Rillaboom|Rillaboom, F|100/100
|-fieldstart|move: Grassy Terrain|[from] ability: Grassy Surge|[of] p1a: Rillaboom
|turn|24
|
|t:|1781295502
|-terastallize|p1a: Rillaboom|Grass
|move|p1a: Rillaboom|Wood Hammer|p2a: Celebration
|-damage|p2a: Celebration|0 fnt
|faint|p2a: Celebration
|-damage|p1a: Rillaboom|64/100|[from] Recoil
|
|-heal|p1a: Rillaboom|70/100|[from] Grassy Terrain
|upkeep
|
|t:|1781295506
|switch|p2a: Fearless|Great Tusk|32/100
|turn|25
|
|t:|1781295510
|switch|p1a: Raging Bolt|Raging Bolt|35/100
|move|p2a: Fearless|Stealth Rock|p1a: Raging Bolt
|-sidestart|p1: Igoodnamename|move: Stealth Rock
|
|-heal|p2a: Fearless|38/100|[from] Grassy Terrain
|-heal|p2a: Fearless|44/100|[from] item: Leftovers
|-heal|p1a: Raging Bolt|41/100|[from] Grassy Terrain
|upkeep
|turn|26
|
|t:|1781295517
|move|p2a: Fearless|Stealth Rock||[still]
|-fail|p2a: Fearless
|move|p1a: Raging Bolt|Draco Meteor|p2a: Fearless
|-damage|p2a: Fearless|0 fnt
|-unboost|p1a: Raging Bolt|spa|2
|faint|p2a: Fearless
|-end|p2a: Fearless|Protosynthesis|[silent]
|
|win|Igoodnamename
|raw|Igoodnamename's rating: 1720 &rarr; <strong>1744</strong><br />(+24 for winning)
|raw|oddishlover4's rating: 1786 &rarr; <strong>1762</strong><br />(-24 for losing)
|c|☆oddishlover4|GG!
|c|☆Igoodnamename|ggs
|l|☆Igoodnamename
|player|p1|
