|j|☆The real kurt tay
|j|☆LowEL0God
|t:|1781598003
|gametype|singles
|player|p1|The real kurt tay|101|1693
|player|p2|LowEL0God|265|1701
|gen|9
|tier|[Gen 9] OU
|rated|
|rule|HP Percentage Mod: HP is shown in percentages
|rule|Endless Battle Clause: Forcing endless battles is banned
|rule|Species Clause: Limit one of each Pokémon
|rule|OHKO Clause: OHKO moves are banned
|rule|Evasion Items Clause: Evasion items are banned
|rule|Evasion Moves Clause: Evasion moves are banned
|rule|Evasion Abilities Clause: Evasion abilities are banned
|rule|Sleep Moves Clause: Sleep-inducing moves are banned
|clearpoke
|poke|p1|Garganacl, F|
|poke|p1|Raging Bolt|
|poke|p1|Gliscor, M|
|poke|p1|Ceruledge, F|
|poke|p1|Gholdengo|
|poke|p1|Samurott-Hisui, M|
|poke|p2|Pelipper, F|
|poke|p2|Raging Bolt|
|poke|p2|Overqwil, M|
|poke|p2|Barraskewda, M|
|poke|p2|Iron Treads|
|poke|p2|Kingambit, M|
|teampreview
|c|☆LowEL0God|hf
|inactive|Battle timer is ON: inactive players will automatically lose when time's up. (requested by LowEL0God)
|
|t:|1781598009
|teamsize|p1|6
|teamsize|p2|6
|start
|switch|p1a: Samurott|Samurott-Hisui, M|100/100
|switch|p2a: Kingambit|Kingambit, M|100/100
|turn|1
|
|t:|1781598015
|move|p1a: Samurott|Ceaseless Edge|p2a: Kingambit
|-resisted|p2a: Kingambit
|-crit|p2a: Kingambit
|-damage|p2a: Kingambit|75/100
|-sidestart|p2: LowEL0God|Spikes
|move|p2a: Kingambit|Swords Dance|p2a: Kingambit
|-boost|p2a: Kingambit|atk|2
|
|-heal|p2a: Kingambit|81/100|[from] item: Leftovers
|upkeep
|turn|2
|
|t:|1781598018
|-terastallize|p2a: Kingambit|Dark
|move|p1a: Samurott|Ceaseless Edge|p2a: Kingambit
|-resisted|p2a: Kingambit
|-crit|p2a: Kingambit
|-damage|p2a: Kingambit|58/100
|-sidestart|p2: LowEL0God|Spikes
|move|p2a: Kingambit|Kowtow Cleave|p1a: Samurott
|-resisted|p1a: Samurott
|-damage|p1a: Samurott|19/100
|
|-heal|p2a: Kingambit|65/100|[from] item: Leftovers
|upkeep
|turn|3
|
|t:|1781598028
|move|p1a: Samurott|Aqua Jet|p2a: Kingambit
|-damage|p2a: Kingambit|51/100
|move|p2a: Kingambit|Kowtow Cleave|p1a: Samurott
|-resisted|p1a: Samurott
|-damage|p1a: Samurott|0 fnt
|faint|p1a: Samurott
|
|-heal|p2a: Kingambit|57/100|[from] item: Leftovers
|upkeep
|
|t:|1781598042
|switch|p1a: Raging Bolt|Raging Bolt|100/100
|turn|4
|
|t:|1781598051
|-terastallize|p1a: Raging Bolt|Fairy
|move|p2a: Kingambit|Sucker Punch|p1a: Raging Bolt
|-resisted|p1a: Raging Bolt
|-crit|p1a: Raging Bolt
|-damage|p1a: Raging Bolt|32/100
|move|p1a: Raging Bolt|Thunderbolt|p2a: Kingambit
|-damage|p2a: Kingambit|4/100
|
|-heal|p2a: Kingambit|10/100|[from] item: Leftovers
|upkeep
|turn|5
|
|t:|1781598056
|move|p2a: Kingambit|Sucker Punch|p1a: Raging Bolt
|-resisted|p1a: Raging Bolt
|-damage|p1a: Raging Bolt|0 fnt
|faint|p1a: Raging Bolt
|-end|p1a: Raging Bolt|Protosynthesis|[silent]
|
|-heal|p2a: Kingambit|17/100|[from] item: Leftovers
|upkeep
|
|t:|1781598058
|switch|p1a: Ceruledge|Ceruledge, F|100/100
|-item|p1a: Ceruledge|Air Balloon
|turn|6
|
|t:|1781598060
|move|p2a: Kingambit|Sucker Punch||[still]
|-fail|p2a: Kingambit
|move|p1a: Ceruledge|Destiny Bond|p1a: Ceruledge
|-singlemove|p1a: Ceruledge|Destiny Bond
|
|-heal|p2a: Kingambit|23/100|[from] item: Leftovers
|upkeep
|turn|7
|
|t:|1781598062
|move|p2a: Kingambit|Sucker Punch|p1a: Ceruledge
|-supereffective|p1a: Ceruledge
|-damage|p1a: Ceruledge|0 fnt
|-enditem|p1a: Ceruledge|Air Balloon
|faint|p1a: Ceruledge
|-activate|p1a: Ceruledge|move: Destiny Bond
|faint|p2a: Kingambit
|-end|p2a: Kingambit|fallenundefined|[silent]
|
|upkeep
|
|t:|1781598070
|switch|p1a: Darius|Garganacl, F|100/100
|switch|p2a: Pelipper|Pelipper, F|100/100
|-weather|RainDance|[from] ability: Drizzle|[of] p2a: Pelipper
|turn|8
|
|t:|1781598075
|move|p2a: Pelipper|Weather Ball|p1a: Darius
|-supereffective|p1a: Darius
|-damage|p1a: Darius|30/100
|move|p1a: Darius|Salt Cure|p2a: Pelipper
|-supereffective|p2a: Pelipper
|-damage|p2a: Pelipper|80/100
|-start|p2a: Pelipper|Salt Cure
|
|-weather|RainDance|[upkeep]
|-heal|p1a: Darius|36/100|[from] item: Leftovers
|-damage|p2a: Pelipper|55/100|[from] Salt Cure
|upkeep
|turn|9
|
|t:|1781598079
|move|p1a: Darius|Protect|p1a: Darius
|-singleturn|p1a: Darius|Protect
|move|p2a: Pelipper|Weather Ball|p1a: Darius
|-activate|p1a: Darius|move: Protect
|
|-weather|RainDance|[upkeep]
|-heal|p1a: Darius|43/100|[from] item: Leftovers
|-damage|p2a: Pelipper|31/100|[from] Salt Cure
|upkeep
|turn|10
|
|t:|1781598083
|switch|p1a: Gholdengo|Gholdengo|100/100
|move|p2a: Pelipper|Weather Ball|p1a: Gholdengo
|-damage|p1a: Gholdengo|39/100
|
|-weather|RainDance|[upkeep]
|-damage|p2a: Pelipper|6/100|[from] Salt Cure
|upkeep
|turn|11
|
|t:|1781598088
|move|p1a: Gholdengo|Recover|p1a: Gholdengo
|-heal|p1a: Gholdengo|89/100
|move|p2a: Pelipper|Weather Ball|p1a: Gholdengo
|-damage|p1a: Gholdengo|30/100
|
|-weather|RainDance|[upkeep]
|-damage|p2a: Pelipper|0 fnt|[from] Salt Cure
|faint|p2a: Pelipper
|upkeep
|
|t:|1781598089
|switch|p2a: Barraskewda|Barraskewda, M|100/100
|-damage|p2a: Barraskewda|84/100|[from] Spikes
|turn|12
|
|t:|1781598091
|move|p2a: Barraskewda|Liquidation|p1a: Gholdengo
|-damage|p1a: Gholdengo|0 fnt
|faint|p1a: Gholdengo
|
|-weather|RainDance|[upkeep]
|upkeep
|
|t:|1781598097
|switch|p1a: Gliscor|Gliscor, M|100/100
|turn|13
|
|t:|1781598098
|move|p1a: Gliscor|Protect|p1a: Gliscor
|-singleturn|p1a: Gliscor|Protect
|move|p2a: Barraskewda|Liquidation|p1a: Gliscor
|-activate|p1a: Gliscor|move: Protect
|
|-weather|RainDance|[upkeep]
|-status|p1a: Gliscor|tox|[from] item: Toxic Orb
|upkeep
|turn|14
|
|t:|1781598105
|switch|p1a: Darius|Garganacl, F|43/100
|move|p2a: Barraskewda|Liquidation|p1a: Darius
|-supereffective|p1a: Darius
|-damage|p1a: Darius|0 fnt
|faint|p1a: Darius
|
|-weather|RainDance|[upkeep]
|upkeep
|
|t:|1781598107
|switch|p1a: Gliscor|Gliscor, M|100/100 tox
|turn|15
|
|t:|1781598108
|move|p1a: Gliscor|Protect|p1a: Gliscor
|-singleturn|p1a: Gliscor|Protect
|move|p2a: Barraskewda|Liquidation|p1a: Gliscor
|-activate|p1a: Gliscor|move: Protect
|
|-weather|none
|upkeep
|turn|16
|
|t:|1781598109
|move|p2a: Barraskewda|Liquidation|p1a: Gliscor
|-supereffective|p1a: Gliscor
|-damage|p1a: Gliscor|0 fnt
|faint|p1a: Gliscor
|
|win|LowEL0God
|raw|The real kurt tay's rating: 1693 &rarr; <strong>1673</strong><br />(-20 for losing)
|raw|LowEL0God's rating: 1701 &rarr; <strong>1721</strong><br />(+20 for winning)
|l|☆The real kurt tay
|player|p1|
|c|☆LowEL0God|gg
|l|☆LowEL0God
|player|p2|
