|badge|p2|bronze|gen9ubers|100-9
|uhtml|medal-msg|<div class="broadcast-blue">Curious what those medals under the avatar are? PS now has Ladder Seasons! For more information, check out the <a href="https://www.smogon.com/forums/threads/3740067/">thread on Smogon.</a></div>
|j|‽whisperingcloth
|j|☆rey and plushie
|t:|1781151312
|gametype|singles
|player|p1|whisperingcloth|102|1567
|player|p2|rey and plushie|klara|1595
|gen|9
|tier|[Gen 9] OU
|rated|
|rule|HP Percentage Mod: HP is shown in percentages
|rule|Endless Battle Clause: Forcing endless battles is banned
|rule|Species Clause: Limit one of each Pokémon
|rule|OHKO Clause: OHKO moves are banned
|rule|Evasion Items Clause: Evasion items are banned
|rule|Evasion Moves Clause: Evasion moves are banned
|rule|Evasion Abilities Clause: Evasion abilities are banned
|rule|Sleep Moves Clause: Sleep-inducing moves are banned
|clearpoke
|poke|p1|Scizor, M|
|poke|p1|Darkrai|
|poke|p1|Slowking-Galar, F|
|poke|p1|Primarina, M|
|poke|p1|Great Tusk|
|poke|p1|Zapdos|
|poke|p2|Ursaluna, F|
|poke|p2|Hatterene, F|
|poke|p2|Cinderace, F|
|poke|p2|Cresselia, F|
|poke|p2|Iron Valiant|
|poke|p2|Ogerpon-Wellspring, F|
|teampreview
|inactive|Battle timer is ON: inactive players will automatically lose when time's up. (requested by whisperingcloth)
|inactive|rey and plushie also wants the timer to be on.
|
|t:|1781151338
|teamsize|p1|6
|teamsize|p2|6
|start
|switch|p1a: Darkrai|Darkrai|100/100
|switch|p2a: CindeRey|Cinderace, F, shiny|100/100
|turn|1
|
|t:|1781151352
|move|p1a: Darkrai|Dark Pulse|p2a: CindeRey
|-damage|p2a: CindeRey|47/100
|cant|p2a: CindeRey|flinch
|
|upkeep
|turn|2
|
|t:|1781151370
|switch|p2a: Iron Valiant|Iron Valiant|100/100
|-enditem|p2a: Iron Valiant|Booster Energy
|-activate|p2a: Iron Valiant|ability: Quark Drive|[fromitem]
|-start|p2a: Iron Valiant|quarkdrivespe
|move|p1a: Darkrai|Dark Pulse|p2a: Iron Valiant
|-resisted|p2a: Iron Valiant
|-damage|p2a: Iron Valiant|81/100
|
|upkeep
|turn|3
|
|t:|1781151383
|switch|p1a: Slowking|Slowking-Galar, F|100/100
|-end|p2a: Iron Valiant|Quark Drive|[silent]
|switch|p2a: Ursaluna|Ursaluna, F, shiny|100/100
|
|-status|p2a: Ursaluna|brn|[from] item: Flame Orb
|upkeep
|turn|4
|
|t:|1781151403
|move|p2a: Ursaluna|Facade|p1a: Slowking
|-damage|p1a: Slowking|0 fnt
|faint|p1a: Slowking
|
|-damage|p2a: Ursaluna|94/100 brn|[from] brn
|upkeep
|
|t:|1781151410
|switch|p1a: Great Tusk|Great Tusk|100/100
|turn|5
|
|t:|1781151413
|switch|p2a: Cresselia|Cresselia, F|100/100
|move|p1a: Great Tusk|Rapid Spin|p2a: Cresselia
|-damage|p2a: Cresselia|90/100
|-boost|p1a: Great Tusk|spe|1
|-damage|p1a: Great Tusk|84/100|[from] item: Rocky Helmet|[of] p2a: Cresselia
|
|upkeep
|turn|6
|
|t:|1781151422
|move|p1a: Great Tusk|Stealth Rock|p2a: Cresselia
|-sidestart|p2: rey and plushie|move: Stealth Rock
|move|p2a: Cresselia|Trick Room|p2a: Cresselia
|-fieldstart|move: Trick Room|[of] p2a: Cresselia
|
|upkeep
|turn|7
|
|t:|1781151436
|-end|p1a: Great Tusk|Protosynthesis|[silent]
|switch|p1a: Darkrai|Darkrai|100/100
|move|p2a: Cresselia|Future Sight|p1a: Darkrai
|-start|p2a: Cresselia|move: Future Sight
|
|upkeep
|turn|8
|
|t:|1781151446
|move|p2a: Cresselia|Ice Beam|p1a: Darkrai
|-damage|p1a: Darkrai|79/100
|move|p1a: Darkrai|Trick|p2a: Cresselia
|-activate|p1a: Darkrai|move: Trick|[of] p2a: Cresselia
|-item|p2a: Cresselia|Choice Scarf|[from] move: Trick
|-item|p1a: Darkrai|Rocky Helmet|[from] move: Trick
|
|upkeep
|turn|9
|inactive|rey and plushie has 120 seconds left.
|
|t:|1781151485
|switch|p2a: Ursaluna|Ursaluna, F, shiny|94/100 brn
|-damage|p2a: Ursaluna|88/100 brn|[from] Stealth Rock
|move|p1a: Darkrai|Dark Pulse|p2a: Ursaluna
|-damage|p2a: Ursaluna|52/100 brn
|
|-end|p1a: Darkrai|move: Future Sight
|-immune|p1a: Darkrai
|-damage|p2a: Ursaluna|46/100 brn|[from] brn
|upkeep
|turn|10
|inactive|rey and plushie has 120 seconds left.
|
|t:|1781151497
|switch|p1a: Zapdos|Zapdos|100/100
|move|p2a: Ursaluna|Facade|p1a: Zapdos
|-damage|p1a: Zapdos|14/100
|
|-damage|p2a: Ursaluna|40/100 brn|[from] brn
|-fieldend|move: Trick Room
|upkeep
|turn|11
|inactive|rey and plushie has 120 seconds left.
|
|t:|1781151511
|switch|p2a: Cresselia|Cresselia, F|90/100
|-damage|p2a: Cresselia|78/100|[from] Stealth Rock
|move|p1a: Zapdos|Hurricane|p2a: Cresselia|[miss]
|-miss|p1a: Zapdos|p2a: Cresselia
|
|upkeep
|turn|12
|inactive|rey and plushie has 120 seconds left.
|
|t:|1781151534
|move|p2a: Cresselia|Lunar Dance|p2a: Cresselia
|faint|p2a: Cresselia
|move|p1a: Zapdos|Roost|p1a: Zapdos
|-heal|p1a: Zapdos|64/100
|-singleturn|p1a: Zapdos|move: Roost
|
|upkeep
|inactive|rey and plushie has 90 seconds left.
|
|t:|1781151579
|switch|p2a: CindeRey|Cinderace, F, shiny|47/100
|-heal|p2a: CindeRey|100/100|[from] move: Lunar Dance
|turn|13
|
|t:|1781151585
|move|p2a: CindeRey|Court Change|p2a: CindeRey
|-swapsideconditions
|-activate|p2a: CindeRey|move: Court Change
|move|p1a: Zapdos|Volt Switch|p2a: CindeRey
|-damage|p2a: CindeRey|63/100
|
|t:|1781151587
|switch|p1a: Great Tusk|Great Tusk|84/100|[from] Volt Switch
|
|upkeep
|turn|14
|inactive|rey and plushie has 90 seconds left.
|
|t:|1781151598
|move|p2a: CindeRey|Will-O-Wisp|p1a: Great Tusk
|-status|p1a: Great Tusk|brn
|move|p1a: Great Tusk|Rapid Spin|p2a: CindeRey
|-damage|p2a: CindeRey|52/100
|-boost|p1a: Great Tusk|spe|1
|-sideend|p1: whisperingcloth|Stealth Rock|[from] move: Rapid Spin|[of] p1a: Great Tusk
|
|-damage|p1a: Great Tusk|78/100 brn|[from] brn
|upkeep
|turn|15
|
|t:|1781151606
|switch|p2a: Ogerpon|Ogerpon-Wellspring, F|100/100
|move|p1a: Great Tusk|Headlong Rush|p2a: Ogerpon
|-resisted|p2a: Ogerpon
|-damage|p2a: Ogerpon|80/100
|-unboost|p1a: Great Tusk|def|1
|-unboost|p1a: Great Tusk|spd|1
|
|-damage|p1a: Great Tusk|72/100 brn|[from] brn
|upkeep
|turn|16
|
|t:|1781151617
|move|p1a: Great Tusk|Stealth Rock|p2a: Ogerpon
|-sidestart|p2: rey and plushie|move: Stealth Rock
|move|p2a: Ogerpon|Ivy Cudgel|p1a: Great Tusk|[anim] Ivy Cudgel Water
|-supereffective|p1a: Great Tusk
|-crit|p1a: Great Tusk
|-damage|p1a: Great Tusk|0 fnt
|faint|p1a: Great Tusk
|-end|p1a: Great Tusk|Protosynthesis|[silent]
|
|upkeep
|
|t:|1781151634
|switch|p1a: Scizor|Scizor, M|100/100
|turn|17
|
|t:|1781151637
|move|p2a: Ogerpon|Taunt|p1a: Scizor
|-start|p1a: Scizor|move: Taunt
|move|p1a: Scizor|U-turn|p2a: Ogerpon
|-supereffective|p2a: Ogerpon
|-damage|p2a: Ogerpon|0 fnt
|faint|p2a: Ogerpon
|
|t:|1781151657
|switch|p1a: Primarina|Primarina, M|100/100|[from] U-turn
|
|upkeep
|
|t:|1781151671
|switch|p2a: Hatterene|Hatterene, F, shiny|100/100
|-damage|p2a: Hatterene|88/100|[from] Stealth Rock
|turn|18
|
|t:|1781151685
|move|p1a: Primarina|Flip Turn|p2a: Hatterene
|-damage|p2a: Hatterene|73/100
|
|t:|1781151686
|switch|p1a: Zapdos|Zapdos|64/100|[from] Flip Turn
|move|p2a: Hatterene|Dazzling Gleam|p1a: Zapdos
|-damage|p1a: Zapdos|21/100
|
|-heal|p2a: Hatterene|79/100|[from] item: Leftovers
|upkeep
|turn|19
|inactive|rey and plushie has 120 seconds left.
|
|t:|1781151696
|move|p1a: Zapdos|Hurricane|p2a: Hatterene
|-damage|p2a: Hatterene|34/100
|move|p2a: Hatterene|Trick Room|p2a: Hatterene
|-fieldstart|move: Trick Room|[of] p2a: Hatterene
|
|-heal|p2a: Hatterene|40/100|[from] item: Leftovers
|upkeep
|turn|20
|inactive|rey and plushie has 120 seconds left.
|
|t:|1781151706
|move|p2a: Hatterene|Dazzling Gleam|p1a: Zapdos
|-damage|p1a: Zapdos|0 fnt
|faint|p1a: Zapdos
|
|-heal|p2a: Hatterene|46/100|[from] item: Leftovers
|upkeep
|
|t:|1781151713
|switch|p1a: Scizor|Scizor, M|100/100
|turn|21
|inactive|rey and plushie has 120 seconds left.
|
|t:|1781151750
|-terastallize|p2a: Hatterene|Steel
|move|p2a: Hatterene|Psychic Noise|p1a: Scizor
|-resisted|p1a: Scizor
|-damage|p1a: Scizor|70/100
|-start|p1a: Scizor|move: Heal Block
|move|p1a: Scizor|U-turn|p2a: Hatterene
|-resisted|p2a: Hatterene
|-damage|p2a: Hatterene|10/100
|
|t:|1781151755
|switch|p1a: Primarina|Primarina, M|100/100|[from] U-turn
|
|-heal|p2a: Hatterene|16/100|[from] item: Leftovers
|upkeep
|turn|22
|
|t:|1781151767
|move|p2a: Hatterene|Healing Wish|p2a: Hatterene
|faint|p2a: Hatterene
|move|p1a: Primarina|Surf|p2: Hatterene|[notarget]
|-fail|p1a: Primarina
|
|upkeep
|
|t:|1781151774
|switch|p2a: Ursaluna|Ursaluna, F, shiny|40/100 brn
|-heal|p2a: Ursaluna|100/100|[from] move: Healing Wish
|-damage|p2a: Ursaluna|94/100|[from] Stealth Rock
|turn|23
|
|t:|1781151788
|move|p2a: Ursaluna|Headlong Rush|p1a: Primarina
|-damage|p1a: Primarina|10/100
|-unboost|p2a: Ursaluna|def|1
|-unboost|p2a: Ursaluna|spd|1
|move|p1a: Primarina|Surf|p2a: Ursaluna
|-supereffective|p2a: Ursaluna
|-damage|p2a: Ursaluna|0 fnt
|faint|p2a: Ursaluna
|
|-fieldend|move: Trick Room
|upkeep
|
|t:|1781151803
|switch|p2a: Iron Valiant|Iron Valiant|81/100
|-damage|p2a: Iron Valiant|75/100|[from] Stealth Rock
|turn|24
|
|t:|1781151813
|move|p2a: Iron Valiant|Moonblast|p1a: Primarina
|-damage|p1a: Primarina|0 fnt
|faint|p1a: Primarina
|
|upkeep
|
|t:|1781151818
|switch|p1a: Scizor|Scizor, M|70/100
|turn|25
|
|t:|1781151825
|-end|p2a: Iron Valiant|Quark Drive|[silent]
|switch|p2a: CindeRey|Cinderace, F, shiny|52/100
|-terastallize|p1a: Scizor|Steel
|move|p1a: Scizor|Bullet Punch|p2a: CindeRey
|-resisted|p2a: CindeRey
|-damage|p2a: CindeRey|12/100
|
|upkeep
|turn|26
|inactive|rey and plushie has 120 seconds left.
|-message|rey and plushie forfeited.
|
|win|whisperingcloth
|raw|whisperingcloth's rating: 1567 &rarr; <strong>1589</strong><br />(+22 for winning)
|raw|rey and plushie's rating: 1595 &rarr; <strong>1573</strong><br />(-22 for losing)
|l|☆rey and plushie
|player|p2|
|j| rexa2
|l|‽whisperingcloth
|player|p1|
|l| rexa2
