|j|☆dooozdzdz
|j|☆healorant
|t:|1781561294
|gametype|singles
|player|p1|dooozdzdz|thorton|1694
|player|p2|healorant|alder|1842
|gen|9
|tier|[Gen 9] OU
|rated|
|rule|HP Percentage Mod: HP is shown in percentages
|rule|Endless Battle Clause: Forcing endless battles is banned
|rule|Species Clause: Limit one of each Pokémon
|rule|OHKO Clause: OHKO moves are banned
|rule|Evasion Items Clause: Evasion items are banned
|rule|Evasion Moves Clause: Evasion moves are banned
|rule|Evasion Abilities Clause: Evasion abilities are banned
|rule|Sleep Moves Clause: Sleep-inducing moves are banned
|clearpoke
|poke|p1|Cinderace, M|
|poke|p1|Zamazenta-*|
|poke|p1|Enamorus-Therian, F|
|poke|p1|Cloyster, M|
|poke|p1|Blissey, F|
|poke|p1|Ogerpon-Wellspring, F|
|poke|p2|Cinderace, M|
|poke|p2|Great Tusk|
|poke|p2|Hatterene, F|
|poke|p2|Tornadus-Therian, M|
|poke|p2|Kyurem|
|poke|p2|Zamazenta-*|
|teampreview
|inactive|Battle timer is ON: inactive players will automatically lose when time's up. (requested by healorant)
|j| nepturee
|inactive|dooozdzdz has 120 seconds left.
|
|t:|1781561368
|teamsize|p1|6
|teamsize|p2|6
|start
|switch|p1a: Cloyster|Cloyster, M|100/100
|switch|p2a: Cinderace|Cinderace, M|100/100
|turn|1
|
|t:|1781561375
|move|p2a: Cinderace|Pyro Ball|p1a: Cloyster
|-damage|p1a: Cloyster|32/100
|move|p1a: Cloyster|Shell Smash|p1a: Cloyster
|-unboost|p1a: Cloyster|def|1
|-unboost|p1a: Cloyster|spd|1
|-boost|p1a: Cloyster|atk|2
|-boost|p1a: Cloyster|spa|2
|-boost|p1a: Cloyster|spe|2
|
|upkeep
|turn|2
|
|t:|1781561380
|move|p1a: Cloyster|Rock Blast|p2a: Cinderace
|-supereffective|p2a: Cinderace
|-damage|p2a: Cinderace|62/100
|-supereffective|p2a: Cinderace
|-damage|p2a: Cinderace|23/100
|-supereffective|p2a: Cinderace
|-damage|p2a: Cinderace|0 fnt
|faint|p2a: Cinderace
|-hitcount|p2: Cinderace|3
|
|upkeep
|
|t:|1781561382
|switch|p2a: Zamazenta|Zamazenta|100/100
|-ability|p2a: Zamazenta|Dauntless Shield|boost
|-boost|p2a: Zamazenta|def|1
|turn|3
|
|t:|1781561387
|move|p1a: Cloyster|Icicle Spear|p2a: Zamazenta
|-damage|p2a: Zamazenta|87/100
|-damage|p2a: Zamazenta|72/100
|-damage|p2a: Zamazenta|59/100
|-damage|p2a: Zamazenta|47/100
|-damage|p2a: Zamazenta|32/100
|-hitcount|p2a: Zamazenta|5
|move|p2a: Zamazenta|Close Combat|p1a: Cloyster
|-supereffective|p1a: Cloyster
|-damage|p1a: Cloyster|0 fnt
|-unboost|p2a: Zamazenta|def|1
|-unboost|p2a: Zamazenta|spd|1
|faint|p1a: Cloyster
|
|upkeep
|
|t:|1781561399
|switch|p1a: Enamorus|Enamorus-Therian, F|100/100
|turn|4
|
|t:|1781561405
|move|p2a: Zamazenta|Stone Edge|p1a: Enamorus|[miss]
|-miss|p2a: Zamazenta|p1a: Enamorus
|move|p1a: Enamorus|Springtide Storm|p2a: Zamazenta
|-supereffective|p2a: Zamazenta
|-damage|p2a: Zamazenta|0 fnt
|faint|p2a: Zamazenta
|
|upkeep
|
|t:|1781561411
|switch|p2a: Hatterene|Hatterene, F|100/100
|turn|5
|
|t:|1781561414
|switch|p1a: Blissey|Blissey, F|100/100
|move|p2a: Hatterene|Nuzzle|p1a: Blissey
|-damage|p1a: Blissey|97/100
|-status|p1a: Blissey|par
|
|upkeep
|turn|6
|
|t:|1781561417
|move|p2a: Hatterene|Calm Mind|p2a: Hatterene
|-boost|p2a: Hatterene|spa|1
|-boost|p2a: Hatterene|spd|1
|cant|p1a: Blissey|par
|
|upkeep
|turn|7
|
|t:|1781561421
|-curestatus|p1a: Blissey|par|[from] ability: Natural Cure|[silent]
|switch|p1a: Op|Cinderace, M|100/100
|move|p2a: Hatterene|Calm Mind|p2a: Hatterene
|-boost|p2a: Hatterene|spa|1
|-boost|p2a: Hatterene|spd|1
|
|upkeep
|turn|8
|
|t:|1781561425
|-terastallize|p2a: Hatterene|Water
|move|p1a: Op|Pyro Ball|p2a: Hatterene
|-resisted|p2a: Hatterene
|-damage|p2a: Hatterene|77/100
|move|p2a: Hatterene|Nuzzle|p1a: Op
|-damage|p1a: Op|95/100
|-status|p1a: Op|par
|
|-heal|p2a: Hatterene|83/100|[from] item: Leftovers
|upkeep
|turn|9
|
|t:|1781561428
|cant|p1a: Op|par
|move|p2a: Hatterene|Draining Kiss|p1a: Op
|-resisted|p1a: Op
|-damage|p1a: Op|60/100 par
|-heal|p2a: Hatterene|100/100|[from] drain|[of] p1a: Op
|
|upkeep
|turn|10
|
|t:|1781561431
|cant|p1a: Op|par
|move|p2a: Hatterene|Psychic Noise|p1a: Op
|-damage|p1a: Op|0 fnt
|faint|p1a: Op
|
|upkeep
|
|t:|1781561434
|switch|p1a: Ogerpon|Ogerpon-Wellspring, F|100/100
|turn|11
|
|t:|1781561440
|switch|p2a: Tornadus|Tornadus-Therian, M|100/100
|move|p1a: Ogerpon|Power Whip|p2a: Tornadus
|-resisted|p2a: Tornadus
|-damage|p2a: Tornadus|60/100
|
|upkeep
|turn|12
|
|t:|1781561446
|switch|p1a: Blissey|Blissey, F|97/100
|move|p2a: Tornadus|Bleakwind Storm|p1a: Blissey
|-damage|p1a: Blissey|84/100
|
|upkeep
|turn|13
|
|t:|1781561450
|move|p2a: Tornadus|U-turn|p1a: Blissey
|-damage|p1a: Blissey|69/100
|
|t:|1781561451
|switch|p2a: Hatterene|Hatterene, F, tera:Water|100/100|[from] U-turn
|move|p1a: Blissey|Calm Mind|p1a: Blissey
|-boost|p1a: Blissey|spa|1
|-boost|p1a: Blissey|spd|1
|
|upkeep
|turn|14
|
|t:|1781561459
|move|p1a: Blissey|Fire Blast|p2a: Hatterene
|-resisted|p2a: Hatterene
|-damage|p2a: Hatterene|84/100
|-status|p2a: Hatterene|brn
|move|p2a: Hatterene|Nuzzle|p1a: Blissey
|-damage|p1a: Blissey|67/100
|-status|p1a: Blissey|par
|
|-heal|p2a: Hatterene|90/100 brn|[from] item: Leftovers
|-damage|p2a: Hatterene|84/100 brn|[from] brn
|upkeep
|turn|15
|
|t:|1781561474
|move|p2a: Hatterene|Draining Kiss|p1a: Blissey
|-damage|p1a: Blissey|63/100 par
|-heal|p2a: Hatterene|92/100 brn|[from] drain|[of] p1a: Blissey
|move|p1a: Blissey|Calm Mind|p1a: Blissey
|-boost|p1a: Blissey|spa|1
|-boost|p1a: Blissey|spd|1
|
|-heal|p2a: Hatterene|98/100 brn|[from] item: Leftovers
|-damage|p2a: Hatterene|92/100 brn|[from] brn
|upkeep
|turn|16
|
|t:|1781561477
|move|p2a: Hatterene|Calm Mind|p2a: Hatterene
|-boost|p2a: Hatterene|spa|1
|-boost|p2a: Hatterene|spd|1
|move|p1a: Blissey|Calm Mind|p1a: Blissey
|-boost|p1a: Blissey|spa|1
|-boost|p1a: Blissey|spd|1
|
|-heal|p2a: Hatterene|98/100 brn|[from] item: Leftovers
|-damage|p2a: Hatterene|92/100 brn|[from] brn
|upkeep
|turn|17
|
|t:|1781561479
|move|p2a: Hatterene|Calm Mind|p2a: Hatterene
|-boost|p2a: Hatterene|spa|1
|-boost|p2a: Hatterene|spd|1
|move|p1a: Blissey|Calm Mind|p1a: Blissey
|-boost|p1a: Blissey|spa|1
|-boost|p1a: Blissey|spd|1
|
|-heal|p2a: Hatterene|98/100 brn|[from] item: Leftovers
|-damage|p2a: Hatterene|92/100 brn|[from] brn
|upkeep
|turn|18
|
|t:|1781561483
|move|p2a: Hatterene|Calm Mind|p2a: Hatterene
|-boost|p2a: Hatterene|spa|1
|-boost|p2a: Hatterene|spd|1
|move|p1a: Blissey|Calm Mind|p1a: Blissey
|-boost|p1a: Blissey|spa|1
|-boost|p1a: Blissey|spd|1
|
|-heal|p2a: Hatterene|98/100 brn|[from] item: Leftovers
|-damage|p2a: Hatterene|92/100 brn|[from] brn
|upkeep
|turn|19
|
|t:|1781561485
|move|p2a: Hatterene|Calm Mind|p2a: Hatterene
|-boost|p2a: Hatterene|spa|1
|-boost|p2a: Hatterene|spd|1
|move|p1a: Blissey|Calm Mind|p1a: Blissey
|-boost|p1a: Blissey|spa|1
|-boost|p1a: Blissey|spd|1
|
|-heal|p2a: Hatterene|98/100 brn|[from] item: Leftovers
|-damage|p2a: Hatterene|92/100 brn|[from] brn
|upkeep
|turn|20
|
|t:|1781561487
|move|p2a: Hatterene|Calm Mind|p2a: Hatterene
|-boost|p2a: Hatterene|spa|1
|-boost|p2a: Hatterene|spd|1
|cant|p1a: Blissey|par
|
|-heal|p2a: Hatterene|98/100 brn|[from] item: Leftovers
|-damage|p2a: Hatterene|92/100 brn|[from] brn
|upkeep
|turn|21
|
|t:|1781561489
|move|p2a: Hatterene|Calm Mind|p2a: Hatterene
|-boost|p2a: Hatterene|spa|1
|-boost|p2a: Hatterene|spd|1
|move|p1a: Blissey|Soft-Boiled|p1a: Blissey
|-heal|p1a: Blissey|100/100 par
|
|-heal|p2a: Hatterene|98/100 brn|[from] item: Leftovers
|-damage|p2a: Hatterene|92/100 brn|[from] brn
|upkeep
|turn|22
|
|t:|1781561492
|move|p2a: Hatterene|Psychic Noise|p1a: Blissey
|-damage|p1a: Blissey|90/100 par
|-start|p1a: Blissey|move: Heal Block
|move|p1a: Blissey|Ice Beam|p2a: Hatterene
|-resisted|p2a: Hatterene
|-damage|p2a: Hatterene|84/100 brn
|
|-heal|p2a: Hatterene|89/100 brn|[from] item: Leftovers
|-damage|p2a: Hatterene|84/100 brn|[from] brn
|upkeep
|turn|23
|
|t:|1781561495
|move|p2a: Hatterene|Draining Kiss|p1a: Blissey
|-damage|p1a: Blissey|82/100 par
|-heal|p2a: Hatterene|96/100 brn|[from] drain|[of] p1a: Blissey
|move|p1a: Blissey|Ice Beam|p2a: Hatterene
|-resisted|p2a: Hatterene
|-damage|p2a: Hatterene|88/100 brn
|
|-heal|p2a: Hatterene|94/100 brn|[from] item: Leftovers
|-damage|p2a: Hatterene|88/100 brn|[from] brn
|-end|p1a: Blissey|move: Heal Block
|upkeep
|turn|24
|
|t:|1781561497
|move|p2a: Hatterene|Psychic Noise|p1a: Blissey
|-damage|p1a: Blissey|71/100 par
|-start|p1a: Blissey|move: Heal Block
|move|p1a: Blissey|Ice Beam|p2a: Hatterene
|-resisted|p2a: Hatterene
|-damage|p2a: Hatterene|80/100 brn
|
|-heal|p2a: Hatterene|86/100 brn|[from] item: Leftovers
|-damage|p2a: Hatterene|80/100 brn|[from] brn
|upkeep
|turn|25
|
|t:|1781561500
|move|p2a: Hatterene|Draining Kiss|p1a: Blissey
|-damage|p1a: Blissey|64/100 par
|-heal|p2a: Hatterene|92/100 brn|[from] drain|[of] p1a: Blissey
|cant|p1a: Blissey|par
|
|-heal|p2a: Hatterene|98/100 brn|[from] item: Leftovers
|-damage|p2a: Hatterene|92/100 brn|[from] brn
|-end|p1a: Blissey|move: Heal Block
|upkeep
|turn|26
|
|t:|1781561503
|move|p2a: Hatterene|Psychic Noise|p1a: Blissey
|-damage|p1a: Blissey|52/100 par
|-start|p1a: Blissey|move: Heal Block
|cant|p1a: Blissey|par
|
|-heal|p2a: Hatterene|98/100 brn|[from] item: Leftovers
|-damage|p2a: Hatterene|92/100 brn|[from] brn
|upkeep
|turn|27
|
|t:|1781561505
|move|p2a: Hatterene|Draining Kiss|p1a: Blissey
|-damage|p1a: Blissey|44/100 par
|-heal|p2a: Hatterene|100/100 brn|[from] drain|[of] p1a: Blissey
|cant|p1a: Blissey|par
|
|-damage|p2a: Hatterene|95/100 brn|[from] brn
|-end|p1a: Blissey|move: Heal Block
|upkeep
|turn|28
|
|t:|1781561507
|move|p2a: Hatterene|Psychic Noise|p1a: Blissey
|-damage|p1a: Blissey|33/100 par
|-start|p1a: Blissey|move: Heal Block
|cant|p1a: Blissey|par
|
|-heal|p2a: Hatterene|100/100 brn|[from] item: Leftovers
|-damage|p2a: Hatterene|95/100 brn|[from] brn
|upkeep
|turn|29
|
|t:|1781561510
|move|p2a: Hatterene|Draining Kiss|p1a: Blissey
|-damage|p1a: Blissey|25/100 par
|-heal|p2a: Hatterene|100/100 brn|[from] drain|[of] p1a: Blissey
|move|p1a: Blissey|Ice Beam|p2a: Hatterene
|-resisted|p2a: Hatterene
|-damage|p2a: Hatterene|91/100 brn
|
|-heal|p2a: Hatterene|97/100 brn|[from] item: Leftovers
|-damage|p2a: Hatterene|91/100 brn|[from] brn
|-end|p1a: Blissey|move: Heal Block
|upkeep
|turn|30
|
|t:|1781561512
|move|p2a: Hatterene|Psychic Noise|p1a: Blissey
|-damage|p1a: Blissey|14/100 par
|-start|p1a: Blissey|move: Heal Block
|move|p1a: Blissey|Ice Beam|p2a: Hatterene
|-resisted|p2a: Hatterene
|-damage|p2a: Hatterene|82/100 brn
|
|-heal|p2a: Hatterene|88/100 brn|[from] item: Leftovers
|-damage|p2a: Hatterene|82/100 brn|[from] brn
|upkeep
|turn|31
|
|t:|1781561514
|move|p2a: Hatterene|Draining Kiss|p1a: Blissey
|-damage|p1a: Blissey|6/100 par
|-heal|p2a: Hatterene|95/100 brn|[from] drain|[of] p1a: Blissey
|move|p1a: Blissey|Ice Beam|p2a: Hatterene
|-resisted|p2a: Hatterene
|-damage|p2a: Hatterene|86/100 brn
|
|-heal|p2a: Hatterene|92/100 brn|[from] item: Leftovers
|-damage|p2a: Hatterene|86/100 brn|[from] brn
|-end|p1a: Blissey|move: Heal Block
|upkeep
|turn|32
|
|t:|1781561517
|move|p2a: Hatterene|Draining Kiss|p1a: Blissey
|-damage|p1a: Blissey|0 fnt
|-heal|p2a: Hatterene|96/100 brn|[from] drain|[of] p1a: Blissey
|faint|p1a: Blissey
|
|-heal|p2a: Hatterene|100/100 brn|[from] item: Leftovers
|-damage|p2a: Hatterene|95/100 brn|[from] brn
|upkeep
|
|t:|1781561519
|switch|p1a: Ogerpon|Ogerpon-Wellspring, F|100/100
|turn|33
|
|t:|1781561521
|switch|p2a: Tornadus|Tornadus-Therian, M|93/100
|move|p1a: Ogerpon|Power Whip|p2a: Tornadus
|-resisted|p2a: Tornadus
|-crit|p2a: Tornadus
|-damage|p2a: Tornadus|31/100
|
|upkeep
|turn|34
|
|t:|1781561529
|switch|p1a: Enamorus|Enamorus-Therian, F|100/100
|move|p2a: Tornadus|Bleakwind Storm|p1a: Enamorus
|-damage|p1a: Enamorus|62/100
|
|-heal|p1a: Enamorus|68/100|[from] item: Leftovers
|upkeep
|turn|35
|
|t:|1781561537
|move|p2a: Tornadus|Bleakwind Storm|p1a: Enamorus|[miss]
|-miss|p2a: Tornadus|p1a: Enamorus
|move|p1a: Enamorus|Springtide Storm|p2a: Tornadus
|-damage|p2a: Tornadus|1/100
|
|-heal|p1a: Enamorus|74/100|[from] item: Leftovers
|upkeep
|turn|36
|
|t:|1781561547
|move|p2a: Tornadus|Bleakwind Storm|p1a: Enamorus
|-damage|p1a: Enamorus|39/100
|move|p1a: Enamorus|Springtide Storm|p2a: Tornadus
|-damage|p2a: Tornadus|0 fnt
|faint|p2a: Tornadus
|
|-heal|p1a: Enamorus|45/100|[from] item: Leftovers
|upkeep
|
|t:|1781561549
|switch|p2a: Kyurem|Kyurem|100/100
|-ability|p2a: Kyurem|Pressure
|turn|37
|
|t:|1781561552
|move|p2a: Kyurem|Freeze-Dry|p1a: Enamorus
|-supereffective|p1a: Enamorus
|-damage|p1a: Enamorus|0 fnt
|faint|p1a: Enamorus
|
|upkeep
|
|t:|1781561563
|switch|p1a: Zodiac|Zamazenta|100/100
|-ability|p1a: Zodiac|Dauntless Shield|boost
|-boost|p1a: Zodiac|def|1
|turn|38
|
|t:|1781561568
|switch|p2a: Hatterene|Hatterene, F, tera:Water|95/100 brn
|move|p1a: Zodiac|Iron Defense|p1a: Zodiac
|-boost|p1a: Zodiac|def|2
|
|-heal|p2a: Hatterene|100/100 brn|[from] item: Leftovers
|-damage|p2a: Hatterene|95/100 brn|[from] brn
|upkeep
|turn|39
|
|t:|1781561571
|move|p1a: Zodiac|Iron Defense|p1a: Zodiac
|-boost|p1a: Zodiac|def|2
|move|p2a: Hatterene|Nuzzle|p1a: Zodiac
|-crit|p1a: Zodiac
|-damage|p1a: Zodiac|98/100
|-status|p1a: Zodiac|par
|
|-heal|p1a: Zodiac|100/100 par|[from] item: Leftovers
|-heal|p2a: Hatterene|100/100 brn|[from] item: Leftovers
|-damage|p2a: Hatterene|95/100 brn|[from] brn
|upkeep
|turn|40
|
|t:|1781561574
|cant|p1a: Zodiac|par
|move|p2a: Hatterene|Draining Kiss|p1a: Zodiac
|-supereffective|p1a: Zodiac
|-damage|p1a: Zodiac|64/100 par
|-heal|p2a: Hatterene|100/100 brn|[from] drain|[of] p1a: Zodiac
|
|-heal|p1a: Zodiac|71/100 par|[from] item: Leftovers
|-damage|p2a: Hatterene|95/100 brn|[from] brn
|upkeep
|turn|41
|
|t:|1781561576
|move|p1a: Zodiac|Body Press|p2a: Hatterene
|-damage|p2a: Hatterene|0 fnt
|faint|p2a: Hatterene
|
|-heal|p1a: Zodiac|77/100 par|[from] item: Leftovers
|upkeep
|
|t:|1781561579
|switch|p2a: Kyurem|Kyurem|100/100
|-ability|p2a: Kyurem|Pressure
|turn|42
|
|t:|1781561584
|move|p2a: Kyurem|Substitute|p2a: Kyurem
|-start|p2a: Kyurem|Substitute
|-damage|p2a: Kyurem|75/100
|cant|p1a: Zodiac|par
|
|-heal|p2a: Kyurem|82/100|[from] item: Leftovers
|-heal|p1a: Zodiac|83/100 par|[from] item: Leftovers
|upkeep
|turn|43
|
|t:|1781561587
|move|p2a: Kyurem|Freeze-Dry|p1a: Zodiac
|-damage|p1a: Zodiac|56/100 par
|move|p1a: Zodiac|Body Press|p2a: Kyurem
|-supereffective|p2a: Kyurem
|-end|p2a: Kyurem|Substitute
|
|-heal|p2a: Kyurem|88/100|[from] item: Leftovers
|-heal|p1a: Zodiac|63/100 par|[from] item: Leftovers
|upkeep
|turn|44
|
|t:|1781561591
|move|p2a: Kyurem|Substitute|p2a: Kyurem
|-start|p2a: Kyurem|Substitute
|-damage|p2a: Kyurem|63/100
|move|p1a: Zodiac|Body Press|p2a: Kyurem
|-supereffective|p2a: Kyurem
|-end|p2a: Kyurem|Substitute
|
|-heal|p2a: Kyurem|69/100|[from] item: Leftovers
|-heal|p1a: Zodiac|69/100 par|[from] item: Leftovers
|upkeep
|turn|45
|
|t:|1781561594
|move|p2a: Kyurem|Protect|p2a: Kyurem
|-singleturn|p2a: Kyurem|Protect
|move|p1a: Zodiac|Roar|p2a: Kyurem
|drag|p2a: Great Tusk|Great Tusk|100/100
|
|-heal|p1a: Zodiac|75/100 par|[from] item: Leftovers
|upkeep
|turn|46
|
|t:|1781561601
|move|p2a: Great Tusk|Headlong Rush|p1a: Zodiac
|-damage|p1a: Zodiac|64/100 par
|-unboost|p2a: Great Tusk|def|1
|-unboost|p2a: Great Tusk|spd|1
|move|p1a: Zodiac|Body Press|p2a: Great Tusk
|-damage|p2a: Great Tusk|0 fnt
|faint|p2a: Great Tusk
|-end|p2a: Great Tusk|Protosynthesis|[silent]
|
|-heal|p1a: Zodiac|70/100 par|[from] item: Leftovers
|upkeep
|
|t:|1781561603
|switch|p2a: Kyurem|Kyurem|69/100
|-ability|p2a: Kyurem|Pressure
|turn|47
|
|t:|1781561606
|move|p2a: Kyurem|Protect|p2a: Kyurem
|-singleturn|p2a: Kyurem|Protect
|move|p1a: Zodiac|Crunch|p2a: Kyurem
|-activate|p2a: Kyurem|move: Protect
|
|-heal|p2a: Kyurem|75/100|[from] item: Leftovers
|-heal|p1a: Zodiac|76/100 par|[from] item: Leftovers
|upkeep
|turn|48
|
|t:|1781561610
|move|p2a: Kyurem|Substitute|p2a: Kyurem
|-start|p2a: Kyurem|Substitute
|-damage|p2a: Kyurem|50/100
|cant|p1a: Zodiac|par
|
|-heal|p2a: Kyurem|56/100|[from] item: Leftovers
|-heal|p1a: Zodiac|82/100 par|[from] item: Leftovers
|upkeep
|turn|49
|
|t:|1781561612
|move|p2a: Kyurem|Protect|p2a: Kyurem
|-singleturn|p2a: Kyurem|Protect
|move|p1a: Zodiac|Crunch|p2a: Kyurem
|-activate|p2a: Kyurem|move: Protect
|
|-heal|p2a: Kyurem|63/100|[from] item: Leftovers
|-heal|p1a: Zodiac|89/100 par|[from] item: Leftovers
|upkeep
|turn|50
|
|t:|1781561615
|move|p2a: Kyurem|Freeze-Dry|p1a: Zodiac
|-damage|p1a: Zodiac|60/100 par
|move|p1a: Zodiac|Body Press|p2a: Kyurem
|-supereffective|p2a: Kyurem
|-crit|p2a: Kyurem
|-end|p2a: Kyurem|Substitute
|
|-heal|p2a: Kyurem|69/100|[from] item: Leftovers
|-heal|p1a: Zodiac|66/100 par|[from] item: Leftovers
|upkeep
|turn|51
|
|t:|1781561619
|move|p2a: Kyurem|Protect|p2a: Kyurem
|-singleturn|p2a: Kyurem|Protect
|move|p1a: Zodiac|Crunch|p2a: Kyurem
|-activate|p2a: Kyurem|move: Protect
|
|-heal|p2a: Kyurem|75/100|[from] item: Leftovers
|-heal|p1a: Zodiac|72/100 par|[from] item: Leftovers
|upkeep
|turn|52
|
|t:|1781561621
|move|p2a: Kyurem|Substitute|p2a: Kyurem
|-start|p2a: Kyurem|Substitute
|-damage|p2a: Kyurem|50/100
|cant|p1a: Zodiac|par
|
|-heal|p2a: Kyurem|56/100|[from] item: Leftovers
|-heal|p1a: Zodiac|79/100 par|[from] item: Leftovers
|upkeep
|turn|53
|
|t:|1781561624
|move|p2a: Kyurem|Protect|p2a: Kyurem
|-singleturn|p2a: Kyurem|Protect
|cant|p1a: Zodiac|par
|
|-heal|p2a: Kyurem|62/100|[from] item: Leftovers
|-heal|p1a: Zodiac|85/100 par|[from] item: Leftovers
|upkeep
|turn|54
|
|t:|1781561627
|move|p2a: Kyurem|Freeze-Dry|p1a: Zodiac
|-damage|p1a: Zodiac|57/100 par
|cant|p1a: Zodiac|par
|
|-heal|p2a: Kyurem|69/100|[from] item: Leftovers
|-heal|p1a: Zodiac|63/100 par|[from] item: Leftovers
|upkeep
|turn|55
|
|t:|1781561629
|move|p2a: Kyurem|Freeze-Dry|p1a: Zodiac
|-damage|p1a: Zodiac|34/100 par
|move|p1a: Zodiac|Body Press|p2a: Kyurem
|-supereffective|p2a: Kyurem
|-end|p2a: Kyurem|Substitute
|
|-heal|p2a: Kyurem|75/100|[from] item: Leftovers
|-heal|p1a: Zodiac|40/100 par|[from] item: Leftovers
|upkeep
|turn|56
|
|t:|1781561634
|move|p2a: Kyurem|Substitute|p2a: Kyurem
|-start|p2a: Kyurem|Substitute
|-damage|p2a: Kyurem|50/100
|cant|p1a: Zodiac|par
|
|-heal|p2a: Kyurem|56/100|[from] item: Leftovers
|-heal|p1a: Zodiac|47/100 par|[from] item: Leftovers
|upkeep
|turn|57
|
|t:|1781561636
|move|p2a: Kyurem|Freeze-Dry|p1a: Zodiac
|-damage|p1a: Zodiac|19/100 par
|move|p1a: Zodiac|Crunch|p2a: Kyurem
|-activate|p2a: Kyurem|move: Substitute|[damage]
|
|-heal|p2a: Kyurem|62/100|[from] item: Leftovers
|-heal|p1a: Zodiac|25/100 par|[from] item: Leftovers
|upkeep
|turn|58
|
|t:|1781561639
|move|p2a: Kyurem|Freeze-Dry|p1a: Zodiac
|-damage|p1a: Zodiac|0 fnt
|faint|p1a: Zodiac
|
|-heal|p2a: Kyurem|68/100|[from] item: Leftovers
|upkeep
|
|t:|1781561642
|switch|p1a: Ogerpon|Ogerpon-Wellspring, F|100/100
|turn|59
|
|t:|1781561647
|-terastallize|p1a: Ogerpon|Water
|detailschange|p1a: Ogerpon|Ogerpon-Wellspring-Tera, F, tera:Water
|-ability|p1a: Ogerpon|Embody Aspect (Wellspring)|boost
|-boost|p1a: Ogerpon|spd|1
|move|p1a: Ogerpon|Ivy Cudgel|p2a: Kyurem|[anim] Ivy Cudgel Water
|-resisted|p2a: Kyurem
|-end|p2a: Kyurem|Substitute
|move|p2a: Kyurem|Freeze-Dry|p1a: Ogerpon
|-supereffective|p1a: Ogerpon
|-damage|p1a: Ogerpon|45/100
|
|-heal|p2a: Kyurem|75/100|[from] item: Leftovers
|upkeep
|turn|60
|
|t:|1781561656
|move|p1a: Ogerpon|Play Rough|p2a: Kyurem
|-supereffective|p2a: Kyurem
|-damage|p2a: Kyurem|13/100
|move|p2a: Kyurem|Freeze-Dry|p1a: Ogerpon
|-supereffective|p1a: Ogerpon
|-damage|p1a: Ogerpon|0 fnt
|faint|p1a: Ogerpon
|detailschange|p1: Ogerpon|Ogerpon-Wellspring, F|[silent]
|
|win|healorant
|raw|dooozdzdz's rating: 1694 &rarr; <strong>1682</strong><br />(-12 for losing)
|raw|healorant's rating: 1842 &rarr; <strong>1854</strong><br />(+12 for winning)
|l| nepturee
|l|☆dooozdzdz
|player|p1|
|l|☆healorant
|player|p2|
