|j|☆samohi0
|j|☆llachiee
|t:|1781419562
|gametype|singles
|player|p1|samohi0|170|1603
|player|p2|llachiee|169|1679
|gen|9
|tier|[Gen 9] OU
|rated|
|rule|HP Percentage Mod: HP is shown in percentages
|rule|Endless Battle Clause: Forcing endless battles is banned
|rule|Species Clause: Limit one of each Pokémon
|rule|OHKO Clause: OHKO moves are banned
|rule|Evasion Items Clause: Evasion items are banned
|rule|Evasion Moves Clause: Evasion moves are banned
|rule|Evasion Abilities Clause: Evasion abilities are banned
|rule|Sleep Moves Clause: Sleep-inducing moves are banned
|clearpoke
|poke|p1|Lokix, F|
|poke|p1|Iron Valiant|
|poke|p1|Alomomola, L99, F|
|poke|p1|Mandibuzz, F|
|poke|p1|Great Tusk|
|poke|p1|Gholdengo|
|poke|p2|Gliscor, F|
|poke|p2|Blissey, F|
|poke|p2|Clefable, F|
|poke|p2|Toxapex, F|
|poke|p2|Dondozo, F|
|poke|p2|Corviknight, F|
|teampreview
|
|t:|1781419573
|teamsize|p1|6
|teamsize|p2|6
|start
|switch|p1a: G3-X|Iron Valiant, shiny|100/100
|switch|p2a: Adder|Gliscor, F|100/100
|turn|1
|
|t:|1781419580
|move|p2a: Adder|Protect|p2a: Adder
|-singleturn|p2a: Adder|Protect
|move|p1a: G3-X|Moonblast|p2a: Adder
|-activate|p2a: Adder|move: Protect
|
|-status|p2a: Adder|tox|[from] item: Toxic Orb
|upkeep
|turn|2
|
|t:|1781419585
|switch|p2a: Lash|Toxapex, F, shiny|100/100
|move|p1a: G3-X|Moonblast|p2a: Lash
|-resisted|p2a: Lash
|-damage|p2a: Lash|77/100
|-unboost|p2a: Lash|spa|1
|
|upkeep
|turn|3
|inactive|Battle timer is ON: inactive players will automatically lose when time's up. (requested by llachiee)
|
|t:|1781419623
|-end|p1a: G3-X|Quark Drive|[silent]
|switch|p1a: Tetsuya Sawaki|Alomomola, L99, F|100/100
|switch|p2a: Adder|Gliscor, F|100/100 tox
|
|upkeep
|turn|4
|
|t:|1781419630
|move|p2a: Adder|Spikes|p1a: Tetsuya Sawaki
|-sidestart|p1: samohi0|Spikes
|move|p1a: Tetsuya Sawaki|Flip Turn|p2a: Adder
|-supereffective|p2a: Adder
|-damage|p2a: Adder|81/100 tox
|
|t:|1781419633
|switch|p1a: G3-X|Iron Valiant, shiny|100/100|[from] Flip Turn
|-damage|p1a: G3-X|88/100|[from] Spikes
|
|-heal|p2a: Adder|94/100 tox|[from] ability: Poison Heal
|upkeep
|turn|5
|
|t:|1781419638
|move|p2a: Adder|Protect|p2a: Adder
|-singleturn|p2a: Adder|Protect
|move|p1a: G3-X|Moonblast|p2a: Adder
|-activate|p2a: Adder|move: Protect
|
|-heal|p2a: Adder|100/100 tox|[from] ability: Poison Heal
|upkeep
|turn|6
|
|t:|1781419648
|-end|p1a: G3-X|Quark Drive|[silent]
|switch|p1a: Gills Exceed|Great Tusk|100/100
|switch|p2a: Lash|Toxapex, F, shiny|100/100
|
|upkeep
|turn|7
|
|t:|1781419653
|switch|p2a: Adder|Gliscor, F|100/100 tox
|move|p1a: Gills Exceed|Headlong Rush|p2a: Adder
|-immune|p2a: Adder
|
|upkeep
|turn|8
|j| have we gone
|
|t:|1781419659
|move|p2a: Adder|Protect|p2a: Adder
|-singleturn|p2a: Adder|Protect
|move|p1a: Gills Exceed|Ice Spinner|p2a: Adder
|-activate|p2a: Adder|move: Protect
|
|upkeep
|turn|9
|
|t:|1781419665
|-terastallize|p2a: Adder|Ghost
|move|p1a: Gills Exceed|Ice Spinner|p2a: Adder
|-damage|p2a: Adder|84/100 tox
|move|p2a: Adder|Knock Off|p1a: Gills Exceed
|-resisted|p1a: Gills Exceed
|-damage|p1a: Gills Exceed|93/100
|-enditem|p1a: Gills Exceed|Heavy-Duty Boots|[from] move: Knock Off|[of] p2a: Adder
|
|-heal|p2a: Adder|97/100 tox|[from] ability: Poison Heal
|upkeep
|turn|10
|
|t:|1781419669
|move|p1a: Gills Exceed|Stealth Rock|p2a: Adder
|-sidestart|p2: llachiee|move: Stealth Rock
|move|p2a: Adder|Spikes|p1a: Gills Exceed
|-sidestart|p1: samohi0|Spikes
|
|-heal|p2a: Adder|100/100 tox|[from] ability: Poison Heal
|upkeep
|turn|11
|
|t:|1781419673
|move|p1a: Gills Exceed|Headlong Rush|p2a: Adder
|-damage|p2a: Adder|61/100 tox
|-unboost|p1a: Gills Exceed|def|1
|-unboost|p1a: Gills Exceed|spd|1
|move|p2a: Adder|Toxic|p1a: Gills Exceed
|-status|p1a: Gills Exceed|tox
|
|-damage|p1a: Gills Exceed|87/100 tox|[from] psn
|-heal|p2a: Adder|74/100 tox|[from] ability: Poison Heal
|upkeep
|turn|12
|
|t:|1781419691
|-end|p1a: Gills Exceed|Protosynthesis|[silent]
|switch|p1a: Shining Agito|Lokix, F, shiny|100/100
|-damage|p1a: Shining Agito|84/100|[from] Spikes
|move|p2a: Adder|Spikes|p1a: Shining Agito
|-sidestart|p1: samohi0|Spikes
|
|-heal|p2a: Adder|86/100 tox|[from] ability: Poison Heal
|upkeep
|turn|13
|
|t:|1781419699
|move|p2a: Adder|Protect|p2a: Adder
|-singleturn|p2a: Adder|Protect
|move|p1a: Shining Agito|Knock Off|p2a: Adder
|-activate|p2a: Adder|move: Protect
|
|-heal|p2a: Adder|99/100 tox|[from] ability: Poison Heal
|upkeep
|turn|14
|
|t:|1781419704
|switch|p2a: Nell|Clefable, F|100/100
|move|p1a: Shining Agito|Knock Off|p2a: Nell
|-resisted|p2a: Nell
|-damage|p2a: Nell|50/100
|-enditem|p2a: Nell|Sticky Barb|[from] move: Knock Off|[of] p1a: Shining Agito
|
|upkeep
|turn|15
|
|t:|1781419711
|switch|p1a: Overlord|Mandibuzz, F|100/100
|move|p2a: Nell|Moonlight|p2a: Nell
|-heal|p2a: Nell|99/100
|
|upkeep
|turn|16
|
|t:|1781419716
|move|p1a: Overlord|Defog|p2a: Nell
|-unboost|p2a: Nell|evasion|1
|-sideend|p2: llachiee|Stealth Rock|[from] move: Defog|[of] p1a: Overlord
|-sideend|p1: samohi0|Spikes|[from] move: Defog|[of] p1a: Overlord
|move|p2a: Nell|Stealth Rock|p1a: Overlord
|-sidestart|p1: samohi0|move: Stealth Rock
|
|upkeep
|turn|17
|
|t:|1781419725
|move|p1a: Overlord|U-turn|p2a: Nell
|-resisted|p2a: Nell
|-damage|p2a: Nell|96/100
|
|t:|1781419726
|switch|p1a: MACHINE TORNADER|Gholdengo|100/100|[from] U-turn
|-damage|p1a: MACHINE TORNADER|94/100|[from] Stealth Rock
|move|p2a: Nell|Trick|p1a: MACHINE TORNADER
|-immune|p1a: MACHINE TORNADER|[from] ability: Good as Gold
|
|upkeep
|turn|18
|
|t:|1781419735
|switch|p2a: Lash|Toxapex, F, shiny|100/100
|move|p1a: MACHINE TORNADER|Trick|p2a: Lash
|-activate|p1a: MACHINE TORNADER|move: Trick|[of] p2a: Lash
|-item|p2a: Lash|Choice Scarf|[from] move: Trick
|-item|p1a: MACHINE TORNADER|Heavy-Duty Boots|[from] move: Trick
|
|upkeep
|turn|19
|
|t:|1781419740
|move|p1a: MACHINE TORNADER|Nasty Plot|p1a: MACHINE TORNADER
|-boost|p1a: MACHINE TORNADER|spa|2
|move|p2a: Lash|Infestation|p1a: MACHINE TORNADER
|-resisted|p1a: MACHINE TORNADER
|-damage|p1a: MACHINE TORNADER|94/100
|-activate|p1a: MACHINE TORNADER|move: Infestation|[of] p2a: Lash
|
|-damage|p1a: MACHINE TORNADER|81/100|[from] move: Infestation|[partiallytrapped]
|upkeep
|turn|20
|
|t:|1781419745
|switch|p2a: Flesh Tutu|Blissey, F|100/100
|move|p1a: MACHINE TORNADER|Nasty Plot|p1a: MACHINE TORNADER
|-boost|p1a: MACHINE TORNADER|spa|2
|
|-end|p1a: MACHINE TORNADER|Infestation|[partiallytrapped]|[silent]
|upkeep
|turn|21
|
|t:|1781419750
|-terastallize|p1a: MACHINE TORNADER|Steel
|move|p1a: MACHINE TORNADER|Make It Rain|p2a: Flesh Tutu
|-damage|p2a: Flesh Tutu|25/100
|-unboost|p1a: MACHINE TORNADER|spa|1
|move|p2a: Flesh Tutu|Calm Mind|p2a: Flesh Tutu
|-boost|p2a: Flesh Tutu|spa|1
|-boost|p2a: Flesh Tutu|spd|1
|
|upkeep
|turn|22
|c|☆llachiee|g
|-message|llachiee forfeited.
|
|win|samohi0
|raw|samohi0's rating: 1603 &rarr; <strong>1627</strong><br />(+24 for winning)
|raw|llachiee's rating: 1679 &rarr; <strong>1655</strong><br />(-24 for losing)
|l|☆llachiee
|player|p2|
|l|☆samohi0
|player|p1|
