|j|☆tonyrayyy
|j|☆Johnny tots
|t:|1781307294
|gametype|singles
|player|p1|tonyrayyy|101|1706
|player|p2|Johnny tots|266|1769
|gen|9
|tier|[Gen 9] OU
|rated|
|rule|HP Percentage Mod: HP is shown in percentages
|rule|Endless Battle Clause: Forcing endless battles is banned
|rule|Species Clause: Limit one of each Pokémon
|rule|OHKO Clause: OHKO moves are banned
|rule|Evasion Items Clause: Evasion items are banned
|rule|Evasion Moves Clause: Evasion moves are banned
|rule|Evasion Abilities Clause: Evasion abilities are banned
|rule|Sleep Moves Clause: Sleep-inducing moves are banned
|clearpoke
|poke|p1|Samurott-Hisui, M|
|poke|p1|Zapdos|
|poke|p1|Gholdengo|
|poke|p1|Kingambit, M|
|poke|p1|Slowking-Galar, F|
|poke|p1|Great Tusk|
|poke|p2|Rillaboom, M|
|poke|p2|Klefki, F|
|poke|p2|Manaphy|
|poke|p2|Ogerpon-Wellspring, F|
|poke|p2|Dragapult, M|
|poke|p2|Clefable, F|
|teampreview
|inactive|Battle timer is ON: inactive players will automatically lose when time's up. (requested by Johnny tots)
|
|t:|1781307312
|teamsize|p1|6
|teamsize|p2|6
|start
|switch|p1a: Zapdos|Zapdos|100/100
|switch|p2a: Rillaboom|Rillaboom, M|100/100
|-fieldstart|move: Grassy Terrain|[from] ability: Grassy Surge|[of] p2a: Rillaboom
|turn|1
|
|t:|1781307318
|switch|p2a: Klefki|Klefki, F|100/100
|move|p1a: Zapdos|Thunder Wave|p2a: Klefki
|-status|p2a: Klefki|par
|
|upkeep
|turn|2
|
|t:|1781307323
|move|p2a: Klefki|Spikes|p1a: Zapdos
|-sidestart|p1: tonyrayyy|Spikes
|move|p1a: Zapdos|Volt Switch|p2a: Klefki
|-damage|p2a: Klefki|63/100 par
|j| dilf huntr
|
|t:|1781307330
|switch|p1a: Great Tusk|Great Tusk|100/100|[from] Volt Switch
|
|-heal|p2a: Klefki|69/100 par|[from] Grassy Terrain
|upkeep
|turn|3
|
|t:|1781307334
|cant|p2a: Klefki|par
|move|p1a: Great Tusk|Stealth Rock|p2a: Klefki
|-sidestart|p2: Johnny tots|move: Stealth Rock
|
|-heal|p2a: Klefki|75/100 par|[from] Grassy Terrain
|upkeep
|turn|4
|
|t:|1781307345
|move|p2a: Klefki|Reflect|p2a: Klefki
|-sidestart|p2: Johnny tots|Reflect
|move|p1a: Great Tusk|Headlong Rush|p2a: Klefki
|-supereffective|p2a: Klefki
|-damage|p2a: Klefki|33/100 par
|-unboost|p1a: Great Tusk|def|1
|-unboost|p1a: Great Tusk|spd|1
|
|-heal|p2a: Klefki|39/100 par|[from] Grassy Terrain
|upkeep
|turn|5
|
|t:|1781307355
|switch|p2a: Clefable|Clefable, F|100/100
|move|p1a: Great Tusk|Headlong Rush|p2a: Clefable
|-damage|p2a: Clefable|74/100
|-unboost|p1a: Great Tusk|def|1
|-unboost|p1a: Great Tusk|spd|1
|
|-heal|p2a: Clefable|81/100|[from] Grassy Terrain
|-heal|p2a: Clefable|87/100|[from] item: Leftovers
|upkeep
|turn|6
|
|t:|1781307371
|-end|p1a: Great Tusk|Protosynthesis|[silent]
|switch|p1a: Slowking|Slowking-Galar, F|100/100
|move|p2a: Clefable|Calm Mind|p2a: Clefable
|-boost|p2a: Clefable|spa|1
|-boost|p2a: Clefable|spd|1
|
|-heal|p2a: Clefable|93/100|[from] Grassy Terrain
|-heal|p2a: Clefable|99/100|[from] item: Leftovers
|upkeep
|turn|7
|
|t:|1781307380
|move|p2a: Clefable|Calm Mind|p2a: Clefable
|-boost|p2a: Clefable|spa|1
|-boost|p2a: Clefable|spd|1
|move|p1a: Slowking|Toxic|p2a: Clefable
|-status|p2a: Clefable|tox
|
|-heal|p2a: Clefable|100/100 tox|[from] Grassy Terrain
|upkeep
|turn|8
|
|t:|1781307387
|switch|p1a: Gholdengo|Gholdengo|100/100
|-item|p1a: Gholdengo|Air Balloon
|move|p2a: Clefable|Calm Mind|p2a: Clefable
|-boost|p2a: Clefable|spa|1
|-boost|p2a: Clefable|spd|1
|
|-fieldend|move: Grassy Terrain
|upkeep
|turn|9
|
|t:|1781307395
|move|p1a: Gholdengo|Nasty Plot|p1a: Gholdengo
|-boost|p1a: Gholdengo|spa|2
|move|p2a: Clefable|Fire Blast|p1a: Gholdengo
|-supereffective|p1a: Gholdengo
|-damage|p1a: Gholdengo|0 fnt
|-enditem|p1a: Gholdengo|Air Balloon
|faint|p1a: Gholdengo
|
|upkeep
|-message|tonyrayyy forfeited.
|
|win|Johnny tots
|raw|tonyrayyy's rating: 1706 &rarr; <strong>1690</strong><br />(-16 for losing)
|raw|Johnny tots's rating: 1769 &rarr; <strong>1785</strong><br />(+16 for winning)
|l|☆tonyrayyy
|player|p1|
|l|☆Johnny tots
|player|p2|
|l| dilf huntr
