|j|☆BlackStar150520
|j|☆ballerr
|t:|1780895411
|gametype|singles
|player|p1|BlackStar150520|unknown|1611
|player|p2|ballerr|miku-ground|1552
|gen|9
|tier|[Gen 9] OU
|rated|
|rule|HP Percentage Mod: HP is shown in percentages
|rule|Endless Battle Clause: Forcing endless battles is banned
|rule|Species Clause: Limit one of each Pokémon
|rule|OHKO Clause: OHKO moves are banned
|rule|Evasion Items Clause: Evasion items are banned
|rule|Evasion Moves Clause: Evasion moves are banned
|rule|Evasion Abilities Clause: Evasion abilities are banned
|rule|Sleep Moves Clause: Sleep-inducing moves are banned
|clearpoke
|poke|p1|Raging Bolt|
|poke|p1|Great Tusk|
|poke|p1|Kyurem|
|poke|p1|Ogerpon-Wellspring, F|
|poke|p1|Kingambit, M|
|poke|p1|Deoxys-Defense|
|poke|p2|Slowking-Galar, L99, F|
|poke|p2|Enamorus, F|
|poke|p2|Zamazenta-*|
|poke|p2|Ogerpon-Cornerstone, F|
|poke|p2|Cinderace, F|
|poke|p2|Iron Treads|
|teampreview
|inactive|Battle timer is ON: inactive players will automatically lose when time's up. (requested by BlackStar150520)
|
|t:|1780895435
|teamsize|p1|6
|teamsize|p2|6
|start
|switch|p1a: Kyurem|Kyurem, shiny|100/100
|switch|p2a: Ogerpon|Ogerpon-Cornerstone, F|100/100
|-ability|p1a: Kyurem|Pressure
|turn|1
|j| Acespade0719
|
|t:|1780895445
|switch|p1a: Mega Donphan|Great Tusk|100/100
|move|p2a: Ogerpon|Ivy Cudgel|p1a: Mega Donphan|[anim] Ivy Cudgel Rock
|-resisted|p1a: Mega Donphan
|-damage|p1a: Mega Donphan|89/100
|
|upkeep
|turn|2
|
|t:|1780895458
|-end|p1a: Mega Donphan|Protosynthesis|[silent]
|switch|p1a: Deoxys|Deoxys-Defense, shiny|100/100
|-ability|p1a: Deoxys|Pressure
|move|p2a: Ogerpon|Power Whip|p1a: Deoxys
|-damage|p1a: Deoxys|51/100
|
|-heal|p1a: Deoxys|57/100|[from] item: Leftovers
|upkeep
|turn|3
|
|t:|1780895471
|move|p2a: Ogerpon|Swords Dance|p2a: Ogerpon
|-boost|p2a: Ogerpon|atk|2
|move|p1a: Deoxys|Night Shade|p2a: Ogerpon
|-damage|p2a: Ogerpon|67/100
|
|-heal|p1a: Deoxys|63/100|[from] item: Leftovers
|upkeep
|turn|4
|
|t:|1780895477
|move|p1a: Deoxys|Protect|p1a: Deoxys
|-singleturn|p1a: Deoxys|Protect
|move|p2a: Ogerpon|Ivy Cudgel|p1a: Deoxys|[anim] Ivy Cudgel Rock
|-activate|p1a: Deoxys|move: Protect
|
|-heal|p1a: Deoxys|70/100|[from] item: Leftovers
|upkeep
|turn|5
|
|t:|1780895483
|move|p2a: Ogerpon|Ivy Cudgel|p1a: Deoxys|[anim] Ivy Cudgel Rock
|-damage|p1a: Deoxys|0 fnt
|faint|p1a: Deoxys
|
|upkeep
|
|t:|1780895491
|switch|p1a: 🎭|Ogerpon-Wellspring, F|100/100
|turn|6
|
|t:|1780895499
|move|p1a: 🎭|Ivy Cudgel|p2a: Ogerpon|[anim] Ivy Cudgel Water
|-damage|p2a: Ogerpon|0 fnt
|faint|p2a: Ogerpon
|
|upkeep
|
|t:|1780895504
|switch|p2a: Cinderace|Cinderace, F|100/100
|turn|7
|
|t:|1780895512
|move|p2a: Cinderace|Will-O-Wisp|p1a: 🎭
|-status|p1a: 🎭|brn
|move|p1a: 🎭|Ivy Cudgel|p2a: Cinderace|[anim] Ivy Cudgel Water
|-supereffective|p2a: Cinderace
|-damage|p2a: Cinderace|32/100
|
|-damage|p1a: 🎭|95/100 brn|[from] brn
|upkeep
|turn|8
|
|t:|1780895517
|move|p2a: Cinderace|U-turn|p1a: 🎭
|-supereffective|p1a: 🎭
|-damage|p1a: 🎭|41/100 brn
|
|t:|1780895524
|switch|p2a: Slowking|Slowking-Galar, L99, F|100/100|[from] U-turn
|move|p1a: 🎭|U-turn|p2a: Slowking
|-damage|p2a: Slowking|85/100
|
|t:|1780895529
|switch|p1a: Mega Donphan|Great Tusk|89/100|[from] U-turn
|
|upkeep
|turn|9
|
|t:|1780895535
|switch|p2a: Enamorus|Enamorus, F|100/100
|move|p1a: Mega Donphan|Ice Spinner|p2a: Enamorus
|-supereffective|p2a: Enamorus
|-damage|p2a: Enamorus|16/100
|
|upkeep
|turn|10
|l| Acespade0719
|
|t:|1780895548
|-end|p1a: Mega Donphan|Protosynthesis|[silent]
|switch|p1a: 🎭|Ogerpon-Wellspring, F|41/100 brn
|move|p2a: Enamorus|Moonblast|p1a: 🎭
|-damage|p1a: 🎭|0 fnt
|faint|p1a: 🎭
|
|upkeep
|
|t:|1780895554
|switch|p1a: ⚡️|Raging Bolt|100/100
|turn|11
|
|t:|1780895559
|switch|p2a: Iron Treads|Iron Treads|100/100
|-end|p1a: ⚡️|Protosynthesis|[silent]
|switch|p1a: Mega Donphan|Great Tusk|89/100
|
|upkeep
|turn|12
|
|t:|1780895575
|-end|p2a: Iron Treads|Quark Drive|[silent]
|switch|p2a: Cinderace|Cinderace, F|32/100
|move|p1a: Mega Donphan|Rapid Spin|p2a: Cinderace
|-damage|p2a: Cinderace|11/100
|-boost|p1a: Mega Donphan|spe|1
|
|upkeep
|turn|13
|
|t:|1780895578
|move|p1a: Mega Donphan|Rapid Spin|p2a: Cinderace
|-damage|p2a: Cinderace|0 fnt
|-boost|p1a: Mega Donphan|spe|1
|faint|p2a: Cinderace
|
|upkeep
|
|t:|1780895582
|switch|p2a: Zamazenta|Zamazenta|100/100
|-ability|p2a: Zamazenta|Dauntless Shield|boost
|-boost|p2a: Zamazenta|def|1
|turn|14
|
|t:|1780895586
|move|p1a: Mega Donphan|Stealth Rock|p2a: Zamazenta
|-sidestart|p2: ballerr|move: Stealth Rock
|move|p2a: Zamazenta|Iron Defense|p2a: Zamazenta
|-boost|p2a: Zamazenta|def|2
|
|upkeep
|turn|15
|
|t:|1780895600
|move|p1a: Mega Donphan|Headlong Rush|p2a: Zamazenta
|-damage|p2a: Zamazenta|83/100
|-unboost|p1a: Mega Donphan|def|1
|-unboost|p1a: Mega Donphan|spd|1
|move|p2a: Zamazenta|Iron Defense|p2a: Zamazenta
|-boost|p2a: Zamazenta|def|2
|
|-heal|p2a: Zamazenta|89/100|[from] item: Leftovers
|upkeep
|turn|16
|
|t:|1780895604
|move|p1a: Mega Donphan|Headlong Rush|p2a: Zamazenta
|-damage|p2a: Zamazenta|76/100
|-unboost|p1a: Mega Donphan|def|1
|-unboost|p1a: Mega Donphan|spd|1
|move|p2a: Zamazenta|Iron Defense|p2a: Zamazenta
|-boost|p2a: Zamazenta|def|1
|
|-heal|p2a: Zamazenta|82/100|[from] item: Leftovers
|upkeep
|turn|17
|
|t:|1780895608
|move|p1a: Mega Donphan|Headlong Rush|p2a: Zamazenta
|-damage|p2a: Zamazenta|70/100
|-unboost|p1a: Mega Donphan|def|1
|-unboost|p1a: Mega Donphan|spd|1
|move|p2a: Zamazenta|Body Press|p1a: Mega Donphan
|-damage|p1a: Mega Donphan|0 fnt
|faint|p1a: Mega Donphan
|-end|p1a: Mega Donphan|Protosynthesis|[silent]
|
|-heal|p2a: Zamazenta|76/100|[from] item: Leftovers
|upkeep
|
|t:|1780895625
|switch|p1a: ⚡️|Raging Bolt|100/100
|turn|18
|
|t:|1780895628
|-terastallize|p1a: ⚡️|Bug
|move|p2a: Zamazenta|Body Press|p1a: ⚡️
|-resisted|p1a: ⚡️
|-damage|p1a: ⚡️|32/100
|move|p1a: ⚡️|Thunderbolt|p2a: Zamazenta
|-damage|p2a: Zamazenta|37/100
|
|-heal|p2a: Zamazenta|43/100|[from] item: Leftovers
|-heal|p1a: ⚡️|39/100|[from] item: Leftovers
|upkeep
|turn|19
|
|t:|1780895644
|move|p1a: ⚡️|Thunderclap|p2a: Zamazenta
|-damage|p2a: Zamazenta|10/100
|move|p2a: Zamazenta|Body Press|p1a: ⚡️
|-resisted|p1a: ⚡️
|-damage|p1a: ⚡️|0 fnt
|faint|p1a: ⚡️
|-end|p1a: ⚡️|Protosynthesis|[silent]
|
|-heal|p2a: Zamazenta|16/100|[from] item: Leftovers
|upkeep
|-message|BlackStar150520 forfeited.
|
|win|ballerr
|raw|BlackStar150520's rating: 1611 &rarr; <strong>1588</strong><br />(-23 for losing)
|raw|ballerr's rating: 1552 &rarr; <strong>1575</strong><br />(+23 for winning)
|l|☆BlackStar150520
|player|p1|
