|j|☆Sashannarcy
|j|☆Klopple
|t:|1781153664
|gametype|singles
|player|p1|Sashannarcy|unknownf|1533
|player|p2|Klopple|sailor|1624
|gen|9
|tier|[Gen 9] OU
|rated|
|rule|HP Percentage Mod: HP is shown in percentages
|rule|Endless Battle Clause: Forcing endless battles is banned
|rule|Species Clause: Limit one of each Pokémon
|rule|OHKO Clause: OHKO moves are banned
|rule|Evasion Items Clause: Evasion items are banned
|rule|Evasion Moves Clause: Evasion moves are banned
|rule|Evasion Abilities Clause: Evasion abilities are banned
|rule|Sleep Moves Clause: Sleep-inducing moves are banned
|clearpoke
|poke|p1|Komala, F|
|poke|p1|Blissey, F|
|poke|p1|Dondozo, M|
|poke|p1|Gliscor, M|
|poke|p1|Clefable, F|
|poke|p1|Toxapex, F|
|poke|p2|Arboliva, M|
|poke|p2|Gliscor, F|
|poke|p2|Iron Crown|
|poke|p2|Zamazenta-*|
|poke|p2|Hatterene, F|
|poke|p2|Dragonite, F|
|teampreview
|inactive|Battle timer is ON: inactive players will automatically lose when time's up. (requested by Sashannarcy)
|
|t:|1781153671
|teamsize|p1|6
|teamsize|p2|6
|start
|switch|p1a: Gliscor|Gliscor, M|100/100
|switch|p2a: Gliscor|Gliscor, F|100/100
|turn|1
|
|t:|1781153676
|move|p2a: Gliscor|Protect|p2a: Gliscor
|-singleturn|p2a: Gliscor|Protect
|move|p1a: Gliscor|Protect||[still]
|-fail|p1a: Gliscor
|
|-status|p2a: Gliscor|tox|[from] item: Toxic Orb
|-status|p1a: Gliscor|tox|[from] item: Toxic Orb
|upkeep
|turn|2
|
|t:|1781153684
|move|p2a: Gliscor|Stealth Rock|p1a: Gliscor
|-sidestart|p1: Sashannarcy|move: Stealth Rock
|move|p1a: Gliscor|Knock Off|p2a: Gliscor
|-damage|p2a: Gliscor|82/100 tox
|-enditem|p2a: Gliscor|Toxic Orb|[from] move: Knock Off|[of] p1a: Gliscor
|
|-heal|p2a: Gliscor|95/100 tox|[from] ability: Poison Heal
|upkeep
|turn|3
|
|t:|1781153690
|switch|p2a: Hatterene|Hatterene, F|100/100
|move|p1a: Gliscor|Spikes|p2a: Hatterene
|move|p2a: Hatterene|Spikes|p1a: Gliscor|[from] ability: Magic Bounce
|-sidestart|p1: Sashannarcy|Spikes
|
|upkeep
|turn|4
|
|t:|1781153696
|move|p1a: Gliscor|Knock Off|p2a: Hatterene
|-damage|p2a: Hatterene|84/100
|-damage|p1a: Gliscor|84/100 tox|[from] item: Rocky Helmet|[of] p2a: Hatterene
|-enditem|p2a: Hatterene|Rocky Helmet|[from] move: Knock Off|[of] p1a: Gliscor
|move|p2a: Hatterene|Psychic Noise|p1a: Gliscor
|-damage|p1a: Gliscor|43/100 tox
|-start|p1a: Gliscor|move: Heal Block
|
|upkeep
|turn|5
|
|t:|1781153707
|move|p1a: Gliscor|Protect|p1a: Gliscor
|-singleturn|p1a: Gliscor|Protect
|move|p2a: Hatterene|Psychic Noise|p1a: Gliscor
|-activate|p1a: Gliscor|move: Protect
|
|-end|p1a: Gliscor|move: Heal Block
|upkeep
|turn|6
|
|t:|1781153711
|switch|p1a: Clefable|Clefable, F|100/100
|move|p2a: Hatterene|Psychic Noise|p1a: Clefable
|-damage|p1a: Clefable|71/100
|-start|p1a: Clefable|move: Heal Block
|
|upkeep
|turn|7
|
|t:|1781153720
|move|p1a: Clefable|Moonblast|p2a: Hatterene
|-damage|p2a: Hatterene|51/100
|-unboost|p2a: Hatterene|spa|1
|move|p2a: Hatterene|Nuzzle|p1a: Clefable
|-damage|p1a: Clefable|68/100
|-status|p1a: Clefable|par
|
|-end|p1a: Clefable|move: Heal Block
|-damage|p2a: Hatterene|39/100|[from] item: Sticky Barb
|upkeep
|turn|8
|
|t:|1781153731
|move|p2a: Hatterene|Pain Split|p1a: Clefable
|-sethp|p1a: Clefable|49/100 par|[from] move: Pain Split|[silent]
|-sethp|p2a: Hatterene|61/100|[from] move: Pain Split
|move|p1a: Clefable|Moonblast|p2a: Hatterene
|-damage|p2a: Hatterene|26/100
|
|-damage|p2a: Hatterene|14/100|[from] item: Sticky Barb
|upkeep
|turn|9
|
|t:|1781153743
|switch|p2a: Iron Crown|Iron Crown|100/100
|cant|p1a: Clefable|par
|
|upkeep
|turn|10
|
|t:|1781153750
|move|p1a: Clefable|Protect|p1a: Clefable
|-singleturn|p1a: Clefable|Protect
|move|p2a: Iron Crown|Tachyon Cutter|p1a: Clefable
|-activate|p1a: Clefable|move: Protect
|
|upkeep
|turn|11
|
|t:|1781153754
|switch|p1a: Toxapex|Toxapex, F|100/100
|move|p2a: Iron Crown|Psychic Noise|p1a: Toxapex
|-supereffective|p1a: Toxapex
|-damage|p1a: Toxapex|47/100
|-start|p1a: Toxapex|move: Heal Block
|
|upkeep
|turn|12
|
|t:|1781153768
|switch|p1a: Blissey|Blissey, F|100/100
|move|p2a: Iron Crown|Psychic Noise|p1a: Blissey
|-damage|p1a: Blissey|89/100
|-start|p1a: Blissey|move: Heal Block
|
|upkeep
|turn|13
|
|t:|1781153778
|move|p2a: Iron Crown|Future Sight|p1a: Blissey
|-start|p2a: Iron Crown|move: Future Sight
|move|p1a: Blissey|Seismic Toss|p2a: Iron Crown
|-damage|p2a: Iron Crown|69/100
|
|-end|p1a: Blissey|move: Heal Block
|upkeep
|turn|14
|
|t:|1781153783
|move|p2a: Iron Crown|Volt Switch|p1a: Blissey
|-damage|p1a: Blissey|83/100
|
|t:|1781153791
|-end|p2a: Iron Crown|Quark Drive|[silent]
|switch|p2a: Zamazenta|Zamazenta|100/100|[from] Volt Switch
|-ability|p2a: Zamazenta|Dauntless Shield|boost
|-boost|p2a: Zamazenta|def|1
|move|p1a: Blissey|Seismic Toss|p2a: Zamazenta
|-damage|p2a: Zamazenta|72/100
|
|upkeep
|turn|15
|
|t:|1781153799
|switch|p1a: Clefable|Clefable, F|49/100 par
|move|p2a: Zamazenta|Close Combat|p1a: Clefable
|-resisted|p1a: Clefable
|-damage|p1a: Clefable|25/100 par
|-unboost|p2a: Zamazenta|def|1
|-unboost|p2a: Zamazenta|spd|1
|
|-end|p1a: Clefable|move: Future Sight
|-damage|p1a: Clefable|0 fnt
|faint|p1a: Clefable
|upkeep
|inactive|Sashannarcy has 120 seconds left.
|
|t:|1781153835
|switch|p1a: Komala|Komala, F|100/100
|-ability|p1a: Komala|Comatose
|turn|16
|inactive|Sashannarcy has 120 seconds left.
|
|t:|1781153844
|-terastallize|p1a: Komala|Dark
|move|p1a: Komala|Protect|p1a: Komala
|-singleturn|p1a: Komala|Protect
|move|p2a: Zamazenta|Close Combat|p1a: Komala
|-activate|p1a: Komala|move: Protect
|
|upkeep
|turn|17
|
|t:|1781153851
|switch|p1a: Toxapex|Toxapex, F|80/100
|move|p2a: Zamazenta|Close Combat|p1a: Toxapex
|-resisted|p1a: Toxapex
|-damage|p1a: Toxapex|60/100
|-unboost|p2a: Zamazenta|def|1
|-unboost|p2a: Zamazenta|spd|1
|
|upkeep
|turn|18
|
|t:|1781153858
|switch|p2a: Iron Crown|Iron Crown|69/100
|switch|p1a: Komala|Komala, F, tera:Dark|100/100
|-ability|p1a: Komala|Comatose
|
|upkeep
|turn|19
|inactive|Sashannarcy has 120 seconds left.
|
|t:|1781153880
|move|p2a: Iron Crown|Volt Switch|p1a: Komala
|-damage|p1a: Komala|78/100
|
|t:|1781153885
|-end|p2a: Iron Crown|Quark Drive|[silent]
|switch|p2a: Hatterene|Hatterene, F|14/100|[from] Volt Switch
|move|p1a: Komala|Rapid Spin|p2a: Hatterene
|-damage|p2a: Hatterene|0 fnt
|-boost|p1a: Komala|spe|1
|-sideend|p1: Sashannarcy|Spikes|[from] move: Rapid Spin|[of] p1a: Komala
|-sideend|p1: Sashannarcy|Stealth Rock|[from] move: Rapid Spin|[of] p1a: Komala
|faint|p2a: Hatterene
|
|upkeep
|
|t:|1781153906
|switch|p2a: Gliscor|Gliscor, F|95/100 tox
|turn|20
|
|t:|1781153915
|switch|p1a: Gliscor|Gliscor, M|43/100 tox
|move|p2a: Gliscor|Stealth Rock|p1a: Gliscor
|-sidestart|p1: Sashannarcy|move: Stealth Rock
|
|-heal|p2a: Gliscor|100/100 tox|[from] ability: Poison Heal
|-heal|p1a: Gliscor|56/100 tox|[from] ability: Poison Heal
|upkeep
|turn|21
|
|t:|1781153930
|switch|p2a: Arboliva|Arboliva, M|100/100
|move|p1a: Gliscor|Spikes|p2a: Arboliva
|-sidestart|p2: Klopple|Spikes
|
|-heal|p1a: Gliscor|68/100 tox|[from] ability: Poison Heal
|upkeep
|turn|22
|
|t:|1781153936
|move|p1a: Gliscor|Protect|p1a: Gliscor
|-singleturn|p1a: Gliscor|Protect
|move|p2a: Arboliva|Energy Ball|p1a: Gliscor
|-activate|p1a: Gliscor|move: Protect
|
|-heal|p1a: Gliscor|81/100 tox|[from] ability: Poison Heal
|upkeep
|turn|23
|
|t:|1781153940
|switch|p1a: Blissey|Blissey, F|83/100
|move|p2a: Arboliva|Energy Ball|p1a: Blissey
|-damage|p1a: Blissey|69/100
|
|upkeep
|turn|24
|
|t:|1781153950
|switch|p2a: Dragonite|Dragonite, F|100/100
|move|p1a: Blissey|Seismic Toss|p2a: Dragonite
|-damage|p2a: Dragonite|74/100
|
|upkeep
|turn|25
|
|t:|1781153977
|switch|p1a: Toxapex|Toxapex, F|94/100
|move|p2a: Dragonite|Dragon Tail|p1a: Toxapex
|-damage|p1a: Toxapex|71/100
|drag|p1a: Komala|Komala, F, tera:Dark|78/100
|-ability|p1a: Komala|Comatose
|
|upkeep
|turn|26
|
|t:|1781153987
|switch|p1a: Toxapex|Toxapex, F|100/100
|move|p2a: Dragonite|Dragon Tail|p1a: Toxapex
|-damage|p1a: Toxapex|76/100
|drag|p1a: Gliscor|Gliscor, M|81/100 tox
|-damage|p1a: Gliscor|68/100 tox|[from] Stealth Rock
|
|-heal|p1a: Gliscor|81/100 tox|[from] ability: Poison Heal
|upkeep
|turn|27
|
|t:|1781153997
|move|p1a: Gliscor|Protect|p1a: Gliscor
|-singleturn|p1a: Gliscor|Protect
|move|p2a: Dragonite|Dragon Tail|p1a: Gliscor
|-activate|p1a: Gliscor|move: Protect
|
|-heal|p1a: Gliscor|93/100 tox|[from] ability: Poison Heal
|upkeep
|turn|28
|
|t:|1781154002
|move|p1a: Gliscor|Toxic|p2a: Dragonite
|-status|p2a: Dragonite|tox
|move|p2a: Dragonite|Dragon Tail|p1a: Gliscor
|-damage|p1a: Gliscor|73/100 tox
|drag|p1a: Toxapex|Toxapex, F|100/100
|
|-damage|p2a: Dragonite|68/100 tox|[from] psn
|upkeep
|turn|29
|
|t:|1781154015
|switch|p2a: Iron Crown|Iron Crown|69/100
|-damage|p2a: Iron Crown|57/100|[from] Spikes
|move|p1a: Toxapex|Baneful Bunker||[still]
|-fail|p1a: Toxapex
|
|upkeep
|turn|30
|
|t:|1781154027
|switch|p1a: Komala|Komala, F, tera:Dark|78/100
|-ability|p1a: Komala|Comatose
|move|p2a: Iron Crown|Future Sight|p1a: Komala
|-start|p2a: Iron Crown|move: Future Sight
|
|upkeep
|turn|31
|
|t:|1781154036
|move|p2a: Iron Crown|Volt Switch|p1a: Komala
|-damage|p1a: Komala|56/100
|
|t:|1781154039
|-end|p2a: Iron Crown|Quark Drive|[silent]
|switch|p2a: Zamazenta|Zamazenta|72/100|[from] Volt Switch
|-damage|p2a: Zamazenta|59/100|[from] Spikes
|move|p1a: Komala|Wish|p1a: Komala
|
|upkeep
|turn|32
|
|t:|1781154049
|move|p1a: Komala|Protect|p1a: Komala
|-singleturn|p1a: Komala|Protect
|move|p2a: Zamazenta|Close Combat|p1a: Komala
|-activate|p1a: Komala|move: Protect
|
|-end|p1a: Komala|move: Future Sight
|-immune|p1a: Komala
|-heal|p1a: Komala|100/100|[from] move: Wish|[wisher] Komala
|upkeep
|turn|33
|
|t:|1781154059
|switch|p2a: Iron Crown|Iron Crown|57/100
|-damage|p2a: Iron Crown|44/100|[from] Spikes
|switch|p1a: Toxapex|Toxapex, F|100/100
|
|upkeep
|turn|34
|
|t:|1781154066
|switch|p1a: Komala|Komala, F, tera:Dark|100/100
|-ability|p1a: Komala|Comatose
|move|p2a: Iron Crown|Future Sight|p1a: Komala
|-start|p2a: Iron Crown|move: Future Sight
|
|upkeep
|turn|35
|
|t:|1781154073
|move|p2a: Iron Crown|Volt Switch|p1a: Komala
|-damage|p1a: Komala|77/100
|
|t:|1781154084
|-end|p2a: Iron Crown|Quark Drive|[silent]
|switch|p2a: Gliscor|Gliscor, F|100/100 tox|[from] Volt Switch
|move|p1a: Komala|Rapid Spin|p2a: Gliscor
|-damage|p2a: Gliscor|84/100 tox
|-boost|p1a: Komala|spe|1
|-sideend|p1: Sashannarcy|Stealth Rock|[from] move: Rapid Spin|[of] p1a: Komala
|
|-heal|p2a: Gliscor|97/100 tox|[from] ability: Poison Heal
|upkeep
|turn|36
|
|t:|1781154097
|move|p1a: Komala|Protect|p1a: Komala
|-singleturn|p1a: Komala|Protect
|move|p2a: Gliscor|Knock Off|p1a: Komala
|-activate|p1a: Komala|move: Protect
|
|-end|p1a: Komala|move: Future Sight
|-immune|p1a: Komala
|-heal|p2a: Gliscor|100/100 tox|[from] ability: Poison Heal
|upkeep
|turn|37
|inactive|Sashannarcy has 120 seconds left.
|
|t:|1781154137
|switch|p1a: Gliscor|Gliscor, M|73/100 tox
|move|p2a: Gliscor|Stealth Rock|p1a: Gliscor
|-sidestart|p1: Sashannarcy|move: Stealth Rock
|
|-heal|p1a: Gliscor|86/100 tox|[from] ability: Poison Heal
|upkeep
|turn|38
|
|t:|1781154154
|switch|p2a: Arboliva|Arboliva, M|100/100
|-damage|p2a: Arboliva|88/100|[from] Spikes
|move|p1a: Gliscor|Spikes|p2a: Arboliva
|-sidestart|p2: Klopple|Spikes
|
|-heal|p1a: Gliscor|98/100 tox|[from] ability: Poison Heal
|upkeep
|turn|39
|inactive|Sashannarcy has 120 seconds left.
|
|t:|1781154162
|move|p1a: Gliscor|Toxic|p2a: Arboliva|[miss]
|-miss|p1a: Gliscor|p2a: Arboliva
|move|p2a: Arboliva|Energy Ball|p1a: Gliscor
|-damage|p1a: Gliscor|43/100 tox
|
|-heal|p1a: Gliscor|55/100 tox|[from] ability: Poison Heal
|upkeep
|turn|40
|
|t:|1781154170
|move|p1a: Gliscor|Protect|p1a: Gliscor
|-singleturn|p1a: Gliscor|Protect
|move|p2a: Arboliva|Energy Ball|p1a: Gliscor
|-activate|p1a: Gliscor|move: Protect
|
|-heal|p1a: Gliscor|68/100 tox|[from] ability: Poison Heal
|upkeep
|turn|41
|
|t:|1781154181
|switch|p1a: Blissey|Blissey, F|69/100
|move|p2a: Arboliva|Energy Ball|p1a: Blissey
|-damage|p1a: Blissey|55/100
|
|upkeep
|turn|42
|
|t:|1781154189
|switch|p2a: Dragonite|Dragonite, F|68/100 tox
|move|p1a: Blissey|Soft-Boiled|p1a: Blissey
|-heal|p1a: Blissey|100/100
|
|-damage|p2a: Dragonite|62/100 tox|[from] psn
|upkeep
|turn|43
|
|t:|1781154199
|switch|p1a: Toxapex|Toxapex, F|100/100
|move|p2a: Dragonite|Earthquake|p1a: Toxapex
|-supereffective|p1a: Toxapex
|-damage|p1a: Toxapex|47/100
|
|-damage|p2a: Dragonite|50/100 tox|[from] psn
|upkeep
|turn|44
|
|t:|1781154208
|move|p1a: Toxapex|Baneful Bunker|p1a: Toxapex
|-singleturn|p1a: Toxapex|move: Protect
|move|p2a: Dragonite|Dragon Tail|p1a: Toxapex
|-activate|p1a: Toxapex|move: Protect
|
|-damage|p2a: Dragonite|32/100 tox|[from] psn
|upkeep
|turn|45
|
|t:|1781154220
|switch|p1a: Dondozo|Dondozo, M|100/100
|move|p2a: Dragonite|Dragon Tail|p1a: Dondozo
|-damage|p1a: Dondozo|85/100
|drag|p1a: Gliscor|Gliscor, M|68/100 tox
|-damage|p1a: Gliscor|55/100 tox|[from] Stealth Rock
|
|-heal|p1a: Gliscor|68/100 tox|[from] ability: Poison Heal
|-damage|p2a: Dragonite|8/100 tox|[from] psn
|upkeep
|turn|46
|
|t:|1781154232
|move|p1a: Gliscor|Protect|p1a: Gliscor
|-singleturn|p1a: Gliscor|Protect
|move|p2a: Dragonite|Extreme Speed|p1a: Gliscor
|-activate|p1a: Gliscor|move: Protect
|
|-heal|p1a: Gliscor|80/100 tox|[from] ability: Poison Heal
|-damage|p2a: Dragonite|0 fnt|[from] psn
|faint|p2a: Dragonite
|upkeep
|
|t:|1781154244
|switch|p2a: Iron Crown|Iron Crown|44/100
|-damage|p2a: Iron Crown|28/100|[from] Spikes
|turn|47
|
|t:|1781154262
|switch|p1a: Komala|Komala, F, tera:Dark|77/100
|-ability|p1a: Komala|Comatose
|move|p2a: Iron Crown|Psychic Noise|p1a: Komala
|-immune|p1a: Komala
|
|upkeep
|turn|48
|
|t:|1781154269
|move|p2a: Iron Crown|Tachyon Cutter|p1a: Komala
|-damage|p1a: Komala|50/100
|-damage|p1a: Komala|27/100
|-hitcount|p1a: Komala|2
|move|p1a: Komala|Wish|p1a: Komala
|
|upkeep
|turn|49
|
|t:|1781154288
|move|p1a: Komala|Protect|p1a: Komala
|-singleturn|p1a: Komala|Protect
|move|p2a: Iron Crown|Future Sight|p1a: Komala
|-start|p2a: Iron Crown|move: Future Sight
|
|-heal|p1a: Komala|77/100|[from] move: Wish|[wisher] Komala
|upkeep
|turn|50
|
|t:|1781154299
|move|p2a: Iron Crown|Tachyon Cutter|p1a: Komala
|-damage|p1a: Komala|52/100
|-damage|p1a: Komala|28/100
|-hitcount|p1a: Komala|2
|move|p1a: Komala|Knock Off|p2a: Iron Crown
|-supereffective|p2a: Iron Crown
|-damage|p2a: Iron Crown|0 fnt
|-enditem|p2a: Iron Crown|Assault Vest|[from] move: Knock Off|[of] p1a: Komala
|faint|p2a: Iron Crown
|-end|p2a: Iron Crown|Quark Drive|[silent]
|
|upkeep
|
|t:|1781154315
|switch|p2a: Zamazenta|Zamazenta|59/100
|-damage|p2a: Zamazenta|43/100|[from] Spikes
|turn|51
|
|t:|1781154328
|move|p1a: Komala|Protect|p1a: Komala
|-singleturn|p1a: Komala|Protect
|move|p2a: Zamazenta|Crunch|p1a: Komala
|-activate|p1a: Komala|move: Protect
|
|-end|p1a: Komala|move: Future Sight
|-immune|p1a: Komala
|upkeep
|turn|52
|
|t:|1781154335
|switch|p1a: Toxapex|Toxapex, F|80/100
|-terastallize|p2a: Zamazenta|Fighting
|move|p2a: Zamazenta|Close Combat|p1a: Toxapex
|-resisted|p1a: Toxapex
|-damage|p1a: Toxapex|52/100
|-unboost|p2a: Zamazenta|def|1
|-unboost|p2a: Zamazenta|spd|1
|
|upkeep
|turn|53
|
|t:|1781154352
|switch|p2a: Arboliva|Arboliva, M|88/100
|-damage|p2a: Arboliva|71/100|[from] Spikes
|move|p1a: Toxapex|Toxic|p2a: Arboliva
|-status|p2a: Arboliva|tox
|
|-damage|p2a: Arboliva|65/100 tox|[from] psn
|upkeep
|turn|54
|-message|Klopple forfeited.
|
|win|Sashannarcy
|raw|Sashannarcy's rating: 1509 &rarr; <strong>1535</strong><br />(+26 for winning)
|raw|Klopple's rating: 1624 &rarr; <strong>1598</strong><br />(-26 for losing)
|l|☆Klopple
|player|p2|
|l|☆Sashannarcy
|player|p1|
