|j|☆tauros3
|j|☆minhoto
|t:|1781018168
|gametype|singles
|player|p1|tauros3|swimmer-gen4dp|1532
|player|p2|minhoto|1|1613
|gen|9
|tier|[Gen 9] OU
|rated|
|rule|HP Percentage Mod: HP is shown in percentages
|rule|Endless Battle Clause: Forcing endless battles is banned
|rule|Species Clause: Limit one of each Pokémon
|rule|OHKO Clause: OHKO moves are banned
|rule|Evasion Items Clause: Evasion items are banned
|rule|Evasion Moves Clause: Evasion moves are banned
|rule|Evasion Abilities Clause: Evasion abilities are banned
|rule|Sleep Moves Clause: Sleep-inducing moves are banned
|clearpoke
|poke|p1|Darkrai|
|poke|p1|Kyurem|
|poke|p1|Azumarill, M|
|poke|p1|Great Tusk|
|poke|p1|Slowking-Galar, M|
|poke|p1|Cinderace, M|
|poke|p2|Blissey, F|
|poke|p2|Corviknight, M|
|poke|p2|Cinderace, M|
|poke|p2|Dondozo, F|
|poke|p2|Slowking-Galar, M|
|poke|p2|Toxapex, F|
|teampreview
|inactive|Battle timer is ON: inactive players will automatically lose when time's up. (requested by tauros3)
|inactive|minhoto also wants the timer to be on.
|
|t:|1781018176
|teamsize|p1|6
|teamsize|p2|6
|start
|switch|p1a: Darkrai|Darkrai|100/100
|switch|p2a: Slowking|Slowking-Galar, M|100/100
|turn|1
|
|t:|1781018179
|move|p1a: Darkrai|Knock Off|p2a: Slowking
|-supereffective|p2a: Slowking
|-damage|p2a: Slowking|39/100
|-enditem|p2a: Slowking|Black Sludge|[from] move: Knock Off|[of] p1a: Darkrai
|move|p2a: Slowking|Toxic|p1a: Darkrai
|-status|p1a: Darkrai|tox
|
|-damage|p1a: Darkrai|94/100 tox|[from] psn
|upkeep
|turn|2
|
|t:|1781018188
|switch|p2a: Toxapex|Toxapex, F|100/100
|move|p1a: Darkrai|Dark Pulse|p2a: Toxapex
|-damage|p2a: Toxapex|61/100
|
|-damage|p1a: Darkrai|82/100 tox|[from] psn
|upkeep
|turn|3
|
|t:|1781018196
|switch|p1a: Slowking|Slowking-Galar, M|100/100
|move|p2a: Toxapex|Recover|p2a: Toxapex
|-heal|p2a: Toxapex|100/100
|
|upkeep
|turn|4
|
|t:|1781018200
|switch|p2a: Slowking|Slowking-Galar, M|72/100
|move|p1a: Slowking|Thunder Wave|p2a: Slowking
|-status|p2a: Slowking|par
|
|upkeep
|turn|5
|
|t:|1781018205
|move|p1a: Slowking|Psychic Noise|p2a: Slowking
|-damage|p2a: Slowking|54/100 par
|-start|p2a: Slowking|move: Heal Block
|move|p2a: Slowking|Trick|p1a: Slowking
|-activate|p2a: Slowking|move: Trick|[of] p1a: Slowking
|-enditem|p1a: Slowking|Heavy-Duty Boots|[silent]|[from] move: Trick
|-item|p2a: Slowking|Heavy-Duty Boots|[from] move: Trick
|
|upkeep
|turn|6
|
|t:|1781018214
|-prepare|p1a: Slowking|Chilly Reception|[premajor]
|move|p1a: Slowking|Chilly Reception|p1a: Slowking
|-weather|Snowscape
|
|t:|1781018216
|switch|p1a: Cinderace|Cinderace, M|100/100|[from] Chilly Reception
|-prepare|p2a: Slowking|Chilly Reception|[premajor]
|move|p2a: Slowking|Chilly Reception|p2a: Slowking
|
|t:|1781018221
|switch|p2a: Toxapex|Toxapex, F|100/100|[from] Chilly Reception
|
|-weather|Snowscape|[upkeep]
|upkeep
|turn|7
|
|t:|1781018225
|switch|p1a: Slowking|Slowking-Galar, M|100/100
|move|p2a: Toxapex|Toxic|p1a: Slowking
|-immune|p1a: Slowking
|
|-weather|Snowscape|[upkeep]
|upkeep
|turn|8
|
|t:|1781018232
|switch|p2a: Slowking|Slowking-Galar, M|87/100 par
|-prepare|p1a: Slowking|Chilly Reception|[premajor]
|move|p1a: Slowking|Chilly Reception|p1a: Slowking
|
|t:|1781018244
|switch|p1a: Darkrai|Darkrai|82/100 tox|[from] Chilly Reception
|
|-weather|Snowscape|[upkeep]
|-damage|p1a: Darkrai|76/100 tox|[from] psn
|upkeep
|turn|9
|
|t:|1781018248
|move|p1a: Darkrai|Knock Off|p2a: Slowking
|-supereffective|p2a: Slowking
|-damage|p2a: Slowking|22/100 par
|-enditem|p2a: Slowking|Heavy-Duty Boots|[from] move: Knock Off|[of] p1a: Darkrai
|-prepare|p2a: Slowking|Chilly Reception|[premajor]
|move|p2a: Slowking|Chilly Reception|p2a: Slowking
|
|t:|1781018258
|switch|p2a: Toxapex|Toxapex, F|100/100|[from] Chilly Reception
|
|-weather|Snowscape|[upkeep]
|-damage|p1a: Darkrai|64/100 tox|[from] psn
|upkeep
|turn|10
|
|t:|1781018263
|move|p1a: Darkrai|Knock Off|p2a: Toxapex
|-damage|p2a: Toxapex|74/100
|-damage|p1a: Darkrai|48/100 tox|[from] item: Rocky Helmet|[of] p2a: Toxapex
|-enditem|p2a: Toxapex|Rocky Helmet|[from] move: Knock Off|[of] p1a: Darkrai
|move|p2a: Toxapex|Recover|p2a: Toxapex
|-heal|p2a: Toxapex|100/100
|
|-weather|none
|-damage|p1a: Darkrai|30/100 tox|[from] psn
|upkeep
|turn|11
|
|t:|1781018270
|switch|p1a: Slowking|Slowking-Galar, M|100/100
|move|p2a: Toxapex|Liquidation|p1a: Slowking
|-damage|p1a: Slowking|81/100
|
|upkeep
|turn|12
|
|t:|1781018276
|switch|p2a: Slowking|Slowking-Galar, M|55/100 par
|-prepare|p1a: Slowking|Chilly Reception|[premajor]
|move|p1a: Slowking|Chilly Reception|p1a: Slowking
|-weather|Snowscape
|
|t:|1781018282
|switch|p1a: Darkrai|Darkrai|30/100 tox|[from] Chilly Reception
|
|-weather|Snowscape|[upkeep]
|-damage|p1a: Darkrai|24/100 tox|[from] psn
|upkeep
|turn|13
|
|t:|1781018287
|switch|p2a: Toxapex|Toxapex, F|100/100
|move|p1a: Darkrai|Dark Pulse|p2a: Toxapex
|-damage|p2a: Toxapex|57/100
|
|-weather|Snowscape|[upkeep]
|-damage|p1a: Darkrai|12/100 tox|[from] psn
|upkeep
|turn|14
|
|t:|1781018295
|switch|p1a: Slowking|Slowking-Galar, M|100/100
|move|p2a: Toxapex|Recover|p2a: Toxapex
|-heal|p2a: Toxapex|100/100
|
|-weather|Snowscape|[upkeep]
|upkeep
|turn|15
|
|t:|1781018301
|switch|p2a: Slowking|Slowking-Galar, M|88/100 par
|-prepare|p1a: Slowking|Chilly Reception|[premajor]
|move|p1a: Slowking|Chilly Reception|p1a: Slowking
|
|t:|1781018305
|switch|p1a: Great Tusk|Great Tusk|100/100|[from] Chilly Reception
|
|-weather|Snowscape|[upkeep]
|upkeep
|turn|16
|
|t:|1781018310
|move|p1a: Great Tusk|Stealth Rock|p2a: Slowking
|-sidestart|p2: minhoto|move: Stealth Rock
|move|p2a: Slowking|Toxic|p1a: Great Tusk
|-status|p1a: Great Tusk|tox
|
|-weather|none
|-damage|p1a: Great Tusk|94/100 tox|[from] psn
|upkeep
|turn|17
|
|t:|1781018314
|switch|p2a: Corviknight|Corviknight, M|100/100
|-damage|p2a: Corviknight|88/100|[from] Stealth Rock
|-ability|p2a: Corviknight|Pressure
|move|p1a: Great Tusk|Headlong Rush|p2a: Corviknight
|-immune|p2a: Corviknight
|
|-damage|p1a: Great Tusk|82/100 tox|[from] psn
|upkeep
|turn|18
|
|t:|1781018320
|-end|p1a: Great Tusk|Protosynthesis|[silent]
|switch|p1a: Slowking|Slowking-Galar, M|100/100
|move|p2a: Corviknight|Defog|p1a: Slowking
|-unboost|p1a: Slowking|evasion|1
|-sideend|p2: minhoto|Stealth Rock|[from] move: Defog|[of] p2a: Corviknight
|
|upkeep
|turn|19
|
|t:|1781018323
|switch|p2a: Slowking|Slowking-Galar, M|100/100 par
|-prepare|p1a: Slowking|Chilly Reception|[premajor]
|move|p1a: Slowking|Chilly Reception|p1a: Slowking
|-weather|Snowscape
|
|t:|1781018334
|switch|p1a: Azumarill|Azumarill, M|100/100|[from] Chilly Reception
|
|-weather|Snowscape|[upkeep]
|upkeep
|turn|20
|
|t:|1781018338
|switch|p1a: Slowking|Slowking-Galar, M|100/100
|cant|p2a: Slowking|par
|
|-weather|Snowscape|[upkeep]
|upkeep
|turn|21
|
|t:|1781018342
|move|p1a: Slowking|Psychic Noise|p2a: Slowking
|-damage|p2a: Slowking|81/100 par
|-start|p2a: Slowking|move: Heal Block
|move|p2a: Slowking|Future Sight|p1a: Slowking
|-start|p2a: Slowking|move: Future Sight
|
|-weather|Snowscape|[upkeep]
|upkeep
|turn|22
|
|t:|1781018349
|move|p1a: Slowking|Psychic Noise|p2a: Slowking
|-damage|p2a: Slowking|62/100 par
|-prepare|p2a: Slowking|Chilly Reception|[premajor]
|move|p2a: Slowking|Chilly Reception|p2a: Slowking
|
|t:|1781018354
|switch|p2a: Cinderace|Cinderace, M|100/100|[from] Chilly Reception
|
|-weather|Snowscape|[upkeep]
|upkeep
|turn|23
|
|t:|1781018358
|move|p2a: Cinderace|U-turn|p1a: Slowking
|-start|p2a: Cinderace|typechange|Bug|[from] ability: Libero
|-damage|p1a: Slowking|68/100
|
|t:|1781018360
|switch|p2a: Slowking|Slowking-Galar, M|95/100 par|[from] U-turn
|move|p1a: Slowking|Thunder Wave|p2a: Slowking
|-fail|p2a: Slowking|par
|
|-weather|none
|-end|p1a: Slowking|move: Future Sight
|-damage|p1a: Slowking|42/100
|upkeep
|turn|24
|
|t:|1781018365
|move|p1a: Slowking|Psychic Noise|p2a: Slowking
|-damage|p2a: Slowking|75/100 par
|-start|p2a: Slowking|move: Heal Block
|move|p2a: Slowking|Future Sight|p1a: Slowking
|-start|p2a: Slowking|move: Future Sight
|
|upkeep
|turn|25
|
|t:|1781018369
|-prepare|p1a: Slowking|Chilly Reception|[premajor]
|move|p1a: Slowking|Chilly Reception|p1a: Slowking
|-weather|Snowscape
|
|t:|1781018371
|switch|p1a: Darkrai|Darkrai|12/100 tox|[from] Chilly Reception
|-prepare|p2a: Slowking|Chilly Reception|[premajor]
|move|p2a: Slowking|Chilly Reception|p2a: Slowking
|
|t:|1781018376
|switch|p2a: Toxapex|Toxapex, F|100/100|[from] Chilly Reception
|
|-weather|Snowscape|[upkeep]
|-damage|p1a: Darkrai|5/100 tox|[from] psn
|upkeep
|turn|26
|
|t:|1781018385
|switch|p1a: Slowking|Slowking-Galar, M|75/100
|move|p2a: Toxapex|Liquidation|p1a: Slowking
|-damage|p1a: Slowking|53/100
|-unboost|p1a: Slowking|def|1
|
|-weather|Snowscape|[upkeep]
|-end|p1a: Slowking|move: Future Sight
|-damage|p1a: Slowking|27/100
|upkeep
|turn|27
|
|t:|1781018396
|move|p2a: Toxapex|Liquidation|p1a: Slowking
|-damage|p1a: Slowking|0 fnt
|faint|p1a: Slowking
|
|-weather|Snowscape|[upkeep]
|upkeep
|
|t:|1781018400
|switch|p1a: Kyurem|Kyurem|100/100
|-ability|p1a: Kyurem|Pressure
|turn|28
|
|t:|1781018405
|-terastallize|p1a: Kyurem|Ice
|move|p1a: Kyurem|Freeze-Dry|p2a: Toxapex
|-supereffective|p2a: Toxapex
|-damage|p2a: Toxapex|0 fnt
|faint|p2a: Toxapex
|
|-weather|Snowscape|[upkeep]
|upkeep
|
|t:|1781018409
|switch|p2a: Cinderace|Cinderace, M|100/100
|turn|29
|
|t:|1781018414
|switch|p1a: Great Tusk|Great Tusk|82/100 tox
|move|p2a: Cinderace|Pyro Ball|p1a: Great Tusk
|-damage|p1a: Great Tusk|42/100 tox
|
|-weather|none
|-damage|p1a: Great Tusk|35/100 tox|[from] psn
|upkeep
|turn|30
|
|t:|1781018419
|move|p2a: Cinderace|Pyro Ball|p1a: Great Tusk|[miss]
|-miss|p2a: Cinderace|p1a: Great Tusk
|move|p1a: Great Tusk|Headlong Rush|p2a: Cinderace
|-supereffective|p2a: Cinderace
|-damage|p2a: Cinderace|0 fnt
|-unboost|p1a: Great Tusk|def|1
|-unboost|p1a: Great Tusk|spd|1
|faint|p2a: Cinderace
|
|-damage|p1a: Great Tusk|23/100 tox|[from] psn
|upkeep
|c|☆minhoto|Of course
|
|t:|1781018429
|switch|p2a: Corviknight|Corviknight, M|88/100
|-ability|p2a: Corviknight|Pressure
|turn|31
|
|t:|1781018434
|move|p1a: Great Tusk|Stealth Rock|p2a: Corviknight
|-sidestart|p2: minhoto|move: Stealth Rock
|move|p2a: Corviknight|Defog|p1a: Great Tusk
|-unboost|p1a: Great Tusk|evasion|1
|-sideend|p2: minhoto|Stealth Rock|[from] move: Defog|[of] p2a: Corviknight
|
|-damage|p1a: Great Tusk|5/100 tox|[from] psn
|upkeep
|turn|32
|
|t:|1781018442
|-end|p1a: Great Tusk|Protosynthesis|[silent]
|switch|p1a: Kyurem|Kyurem, tera:Ice|100/100
|-ability|p1a: Kyurem|Pressure
|move|p2a: Corviknight|Defog|p1a: Kyurem
|-unboost|p1a: Kyurem|evasion|1
|
|upkeep
|turn|33
|
|t:|1781018448
|switch|p2a: Blissey|Blissey, F|100/100
|move|p1a: Kyurem|Blizzard|p2a: Blissey
|-damage|p2a: Blissey|57/100
|
|upkeep
|turn|34
|
|t:|1781018454
|switch|p1a: Azumarill|Azumarill, M|100/100
|move|p2a: Blissey|Trick|p1a: Azumarill
|-activate|p2a: Blissey|move: Trick|[of] p1a: Azumarill
|-item|p1a: Azumarill|Choice Specs|[from] move: Trick
|-item|p2a: Blissey|Assault Vest|[from] move: Trick
|
|upkeep
|turn|35
|
|t:|1781018463
|switch|p2a: Slowking|Slowking-Galar, M|100/100 par
|move|p1a: Azumarill|Knock Off|p2a: Slowking
|-supereffective|p2a: Slowking
|-damage|p2a: Slowking|56/100 par
|
|upkeep
|turn|36
|
|t:|1781018468
|move|p1a: Azumarill|Knock Off|p2a: Slowking
|-supereffective|p2a: Slowking
|-damage|p2a: Slowking|5/100 par
|cant|p2a: Slowking|par
|
|upkeep
|turn|37
|
|t:|1781018474
|switch|p2a: Corviknight|Corviknight, M|88/100
|-ability|p2a: Corviknight|Pressure
|move|p1a: Azumarill|Knock Off|p2a: Corviknight
|-damage|p2a: Corviknight|57/100
|-damage|p1a: Azumarill|84/100|[from] item: Rocky Helmet|[of] p2a: Corviknight
|-enditem|p2a: Corviknight|Rocky Helmet|[from] move: Knock Off|[of] p1a: Azumarill
|
|upkeep
|turn|38
|
|t:|1781018478
|switch|p1a: Cinderace|Cinderace, M|100/100
|move|p2a: Corviknight|Roost|p2a: Corviknight
|-heal|p2a: Corviknight|100/100
|-singleturn|p2a: Corviknight|move: Roost
|
|upkeep
|turn|39
|
|t:|1781018483
|switch|p2a: Dondozo|Dondozo, F|100/100
|move|p1a: Cinderace|Will-O-Wisp|p2a: Dondozo
|-status|p2a: Dondozo|brn
|
|-damage|p2a: Dondozo|94/100 brn|[from] brn
|upkeep
|turn|40
|
|t:|1781018487
|move|p1a: Cinderace|U-turn|p2a: Dondozo
|-crit|p2a: Dondozo
|-damage|p2a: Dondozo|80/100 brn
|
|t:|1781018490
|switch|p1a: Great Tusk|Great Tusk|5/100 tox|[from] U-turn
|move|p2a: Dondozo|Liquidation|p1a: Great Tusk
|-supereffective|p1a: Great Tusk
|-damage|p1a: Great Tusk|0 fnt
|-damage|p2a: Dondozo|63/100 brn|[from] item: Rocky Helmet|[of] p1a: Great Tusk
|faint|p1a: Great Tusk
|-end|p1a: Great Tusk|Protosynthesis|[silent]
|
|-heal|p2a: Dondozo|69/100 brn|[from] item: Leftovers
|-damage|p2a: Dondozo|63/100 brn|[from] brn
|upkeep
|
|t:|1781018493
|switch|p1a: Kyurem|Kyurem, tera:Ice|100/100
|-ability|p1a: Kyurem|Pressure
|turn|41
|
|t:|1781018497
|switch|p2a: Blissey|Blissey, F|57/100
|move|p1a: Kyurem|Freeze-Dry|p2a: Blissey
|-damage|p2a: Blissey|38/100
|
|upkeep
|turn|42
|
|t:|1781018499
|move|p1a: Kyurem|Freeze-Dry|p2a: Blissey
|-damage|p2a: Blissey|19/100
|move|p2a: Blissey|Fire Blast|p1a: Kyurem
|-supereffective|p1a: Kyurem
|-damage|p1a: Kyurem|49/100
|
|upkeep
|turn|43
|
|t:|1781018505
|move|p1a: Kyurem|Freeze-Dry|p2a: Blissey
|-damage|p2a: Blissey|0 fnt
|faint|p2a: Blissey
|
|upkeep
|-message|minhoto forfeited.
|
|win|tauros3
|raw|tauros3's rating: 1532 &rarr; <strong>1557</strong><br />(+25 for winning)
|raw|minhoto's rating: 1613 &rarr; <strong>1588</strong><br />(-25 for losing)
|l|☆minhoto
|player|p2|
|l|☆tauros3
|player|p1|
