|j|☆Davetron3030
|j|☆PepeNike
|t:|1781313808
|gametype|singles
|player|p1|Davetron3030|dancer|1631
|player|p2|PepeNike|266|1643
|gen|9
|tier|[Gen 9] OU
|rated|
|rule|HP Percentage Mod: HP is shown in percentages
|rule|Endless Battle Clause: Forcing endless battles is banned
|rule|Species Clause: Limit one of each Pokémon
|rule|OHKO Clause: OHKO moves are banned
|rule|Evasion Items Clause: Evasion items are banned
|rule|Evasion Moves Clause: Evasion moves are banned
|rule|Evasion Abilities Clause: Evasion abilities are banned
|rule|Sleep Moves Clause: Sleep-inducing moves are banned
|clearpoke
|poke|p1|Garchomp, F|
|poke|p1|Gholdengo|
|poke|p1|Iron Crown|
|poke|p1|Iron Valiant|
|poke|p1|Samurott-Hisui, M|
|poke|p1|Zapdos-Galar|
|poke|p2|Kleavor, F|
|poke|p2|Samurott-Hisui, M|
|poke|p2|Gholdengo|
|poke|p2|Ceruledge, F|
|poke|p2|Greninja-*, M|
|poke|p2|Dragapult, F|
|teampreview
|inactive|Battle timer is ON: inactive players will automatically lose when time's up. (requested by PepeNike)
|
|t:|1781313830
|teamsize|p1|6
|teamsize|p2|6
|start
|switch|p1a: Samurott|Samurott-Hisui, M|100/100
|switch|p2a: Samurott|Samurott-Hisui, M|100/100
|turn|1
|
|t:|1781313837
|move|p1a: Samurott|Ceaseless Edge|p2a: Samurott|[miss]
|-miss|p1a: Samurott|p2a: Samurott
|move|p2a: Samurott|Ceaseless Edge|p1a: Samurott
|-resisted|p1a: Samurott
|-damage|p1a: Samurott|62/100
|-sidestart|p1: Davetron3030|Spikes
|
|upkeep
|turn|2
|
|t:|1781313845
|move|p1a: Samurott|Ceaseless Edge|p2a: Samurott
|-resisted|p2a: Samurott
|-damage|p2a: Samurott|78/100
|-sidestart|p2: PepeNike|Spikes
|move|p2a: Samurott|Ceaseless Edge|p1a: Samurott
|-resisted|p1a: Samurott
|-damage|p1a: Samurott|24/100
|-sidestart|p1: Davetron3030|Spikes
|
|upkeep
|turn|3
|
|t:|1781313853
|move|p1a: Samurott|Ceaseless Edge|p2a: Samurott|[miss]
|-miss|p1a: Samurott|p2a: Samurott
|move|p2a: Samurott|Ceaseless Edge|p1a: Samurott|[miss]
|-miss|p2a: Samurott|p1a: Samurott
|
|upkeep
|turn|4
|
|t:|1781313859
|move|p1a: Samurott|Ceaseless Edge|p2a: Samurott
|-resisted|p2a: Samurott
|-damage|p2a: Samurott|56/100
|-sidestart|p2: PepeNike|Spikes
|move|p2a: Samurott|Ceaseless Edge|p1a: Samurott
|-resisted|p1a: Samurott
|-damage|p1a: Samurott|0 fnt
|-sidestart|p1: Davetron3030|Spikes
|faint|p1a: Samurott
|
|upkeep
|
|t:|1781313873
|switch|p1a: Zapdos|Zapdos-Galar|100/100
|turn|5
|l|☆Davetron3030
|inactive|Davetron3030 disconnected and has a minute to reconnect!
|player|p1|
|inactive|Davetron3030 has 30 seconds to reconnect!
|j|☆Davetron3030
|inactive|Davetron3030 reconnected and has 110 seconds left.
|player|p1|Davetron3030|dancer|
|
|t:|1781313917
|switch|p2a: Dragapult|Dragapult, F|100/100
|-damage|p2a: Dragapult|84/100|[from] Spikes
|move|p1a: Zapdos|Brave Bird|p2a: Dragapult
|-damage|p2a: Dragapult|0 fnt
|faint|p2a: Dragapult
|-damage|p1a: Zapdos|73/100|[from] Recoil
|
|upkeep
|
|t:|1781313924
|switch|p2a: Gholdengo|Gholdengo|100/100
|-item|p2a: Gholdengo|Air Balloon
|turn|6
|inactive|Davetron3030 has 120 seconds left.
|
|t:|1781313931
|switch|p1a: Garchomp|Garchomp, F|100/100
|-damage|p1a: Garchomp|75/100|[from] Spikes
|move|p2a: Gholdengo|Thunder Wave|p1a: Garchomp
|-immune|p1a: Garchomp
|
|upkeep
|turn|7
|
|t:|1781313939
|switch|p2a: Samurott|Samurott-Hisui, M|56/100
|-damage|p2a: Samurott|39/100|[from] Spikes
|move|p1a: Garchomp|Stealth Rock|p2a: Samurott
|-sidestart|p2: PepeNike|move: Stealth Rock
|
|upkeep
|turn|8
|inactive|PepeNike has 120 seconds left.
|
|t:|1781313983
|move|p2a: Samurott|Sucker Punch|p1a: Garchomp
|-damage|p1a: Garchomp|46/100
|-damage|p2a: Samurott|27/100|[from] ability: Rough Skin|[of] p1a: Garchomp
|-damage|p2a: Samurott|10/100|[from] item: Rocky Helmet|[of] p1a: Garchomp
|move|p1a: Garchomp|Dragon Tail|p2a: Samurott
|-damage|p2a: Samurott|0 fnt
|faint|p2a: Samurott
|
|upkeep
|
|t:|1781313986
|switch|p2a: Greninja|Greninja, M|100/100
|-damage|p2a: Greninja|84/100|[from] Spikes
|-damage|p2a: Greninja|72/100|[from] Stealth Rock
|turn|9
|
|t:|1781313997
|switch|p1a: Iron Crown|Iron Crown|100/100
|-damage|p1a: Iron Crown|76/100|[from] Spikes
|move|p2a: Greninja|Dark Pulse|p1a: Iron Crown
|-supereffective|p1a: Iron Crown
|-damage|p1a: Iron Crown|4/100
|-damage|p2a: Greninja|62/100|[from] item: Life Orb
|
|upkeep
|turn|10
|
|t:|1781314007
|move|p2a: Greninja|Water Shuriken|p1a: Iron Crown
|-damage|p1a: Iron Crown|0 fnt
|faint|p1a: Iron Crown
|-end|p1a: Iron Crown|Quark Drive|[silent]
|-ability|p2a: Greninja|Battle Bond|boost
|-boost|p2a: Greninja|atk|1
|-boost|p2a: Greninja|spa|1
|-boost|p2a: Greninja|spe|1
|-activate|p2a: Greninja|ability: Battle Bond
|-hitcount|p1: Iron Crown|1
|-damage|p2a: Greninja|52/100|[from] item: Life Orb
|
|upkeep
|
|t:|1781314017
|switch|p1a: Iron Valiant|Iron Valiant|100/100
|-damage|p1a: Iron Valiant|76/100|[from] Spikes
|turn|11
|
|t:|1781314030
|-terastallize|p2a: Greninja|Water
|move|p2a: Greninja|Water Shuriken|p1a: Iron Valiant
|-damage|p1a: Iron Valiant|38/100
|-damage|p1a: Iron Valiant|5/100
|-hitcount|p1a: Iron Valiant|2
|-damage|p2a: Greninja|42/100|[from] item: Life Orb
|move|p1a: Iron Valiant|Vacuum Wave|p2a: Greninja
|-damage|p2a: Greninja|0 fnt
|faint|p2a: Greninja
|
|upkeep
|
|t:|1781314038
|switch|p2a: Ceruledge|Ceruledge, F|100/100
|-damage|p2a: Ceruledge|84/100|[from] Spikes
|-damage|p2a: Ceruledge|59/100|[from] Stealth Rock
|turn|12
|
|t:|1781314046
|-end|p1a: Iron Valiant|Quark Drive|[silent]
|switch|p1a: Garchomp|Garchomp, F|46/100
|-damage|p1a: Garchomp|21/100|[from] Spikes
|move|p2a: Ceruledge|Swords Dance|p2a: Ceruledge
|-boost|p2a: Ceruledge|atk|2
|
|upkeep
|turn|13
|
|t:|1781314062
|move|p2a: Ceruledge|Shadow Sneak|p1a: Garchomp
|-damage|p1a: Garchomp|0 fnt
|-damage|p2a: Ceruledge|47/100|[from] ability: Rough Skin|[of] p1a: Garchomp
|-damage|p2a: Ceruledge|30/100|[from] item: Rocky Helmet|[of] p1a: Garchomp
|faint|p1a: Garchomp
|
|upkeep
|
|t:|1781314069
|switch|p1a: Zapdos|Zapdos-Galar|73/100
|turn|14
|
|t:|1781314074
|move|p2a: Ceruledge|Shadow Sneak|p1a: Zapdos
|-damage|p1a: Zapdos|24/100
|move|p1a: Zapdos|Knock Off|p2a: Ceruledge
|-supereffective|p2a: Ceruledge
|-damage|p2a: Ceruledge|0 fnt
|-enditem|p2a: Ceruledge|Focus Sash|[from] move: Knock Off|[of] p1a: Zapdos
|faint|p2a: Ceruledge
|
|upkeep
|
|t:|1781314077
|switch|p2a: Gholdengo|Gholdengo|100/100
|-damage|p2a: Gholdengo|94/100|[from] Stealth Rock
|-item|p2a: Gholdengo|Air Balloon
|turn|15
|
|t:|1781314086
|move|p1a: Zapdos|Knock Off|p2a: Gholdengo
|-supereffective|p2a: Gholdengo
|-damage|p2a: Gholdengo|48/100
|-enditem|p2a: Gholdengo|Air Balloon
|move|p2a: Gholdengo|Thunder Wave|p1a: Zapdos
|-status|p1a: Zapdos|par
|
|upkeep
|turn|16
|inactive|PepeNike has 120 seconds left.
|j| Agathina
|
|t:|1781314119
|move|p1a: Zapdos|Knock Off|p2a: Gholdengo
|-supereffective|p2a: Gholdengo
|-damage|p2a: Gholdengo|20/100
|move|p2a: Gholdengo|Recover|p2a: Gholdengo
|-heal|p2a: Gholdengo|70/100
|
|upkeep
|turn|17
|
|t:|1781314125
|move|p1a: Zapdos|Knock Off|p2a: Gholdengo
|-supereffective|p2a: Gholdengo
|-damage|p2a: Gholdengo|40/100
|move|p2a: Gholdengo|Recover|p2a: Gholdengo
|-heal|p2a: Gholdengo|90/100
|
|upkeep
|turn|18
|
|t:|1781314136
|move|p1a: Zapdos|Knock Off|p2a: Gholdengo
|-supereffective|p2a: Gholdengo
|-damage|p2a: Gholdengo|61/100
|move|p2a: Gholdengo|Hex|p1a: Zapdos
|-damage|p1a: Zapdos|0 fnt
|faint|p1a: Zapdos
|
|upkeep
|
|t:|1781314145
|switch|p1a: Gholdengo|Gholdengo|100/100
|-damage|p1a: Gholdengo|76/100|[from] Spikes
|turn|19
|
|t:|1781314151
|move|p1a: Gholdengo|Hex|p2a: Gholdengo
|-supereffective|p2a: Gholdengo
|-damage|p2a: Gholdengo|1/100
|move|p2a: Gholdengo|Hex|p1a: Gholdengo
|-supereffective|p1a: Gholdengo
|-damage|p1a: Gholdengo|18/100
|
|-heal|p1a: Gholdengo|25/100|[from] item: Leftovers
|upkeep
|turn|20
|
|t:|1781314162
|move|p1a: Gholdengo|Recover|p1a: Gholdengo
|-heal|p1a: Gholdengo|75/100
|move|p2a: Gholdengo|Hex|p1a: Gholdengo
|-supereffective|p1a: Gholdengo
|-damage|p1a: Gholdengo|22/100
|
|-heal|p1a: Gholdengo|28/100|[from] item: Leftovers
|upkeep
|turn|21
|
|t:|1781314171
|-terastallize|p1a: Gholdengo|Ground
|move|p1a: Gholdengo|Recover|p1a: Gholdengo
|-heal|p1a: Gholdengo|78/100
|move|p2a: Gholdengo|Hex|p1a: Gholdengo
|-damage|p1a: Gholdengo|47/100
|
|-heal|p1a: Gholdengo|53/100|[from] item: Leftovers
|upkeep
|turn|22
|
|t:|1781314181
|move|p1a: Gholdengo|Hex|p2a: Gholdengo
|-supereffective|p2a: Gholdengo
|-damage|p2a: Gholdengo|0 fnt
|faint|p2a: Gholdengo
|
|-heal|p1a: Gholdengo|59/100|[from] item: Leftovers
|upkeep
|
|t:|1781314183
|switch|p2a: Kleavor|Kleavor, F|100/100
|-damage|p2a: Kleavor|84/100|[from] Spikes
|-damage|p2a: Kleavor|59/100|[from] Stealth Rock
|turn|23
|
|t:|1781314193
|move|p2a: Kleavor|Stone Axe|p1a: Gholdengo
|-resisted|p1a: Gholdengo
|-damage|p1a: Gholdengo|38/100
|-sidestart|p1: Davetron3030|move: Stealth Rock
|move|p1a: Gholdengo|Make It Rain|p2a: Kleavor
|-supereffective|p2a: Kleavor
|-damage|p2a: Kleavor|0 fnt
|-unboost|p1a: Gholdengo|spa|1
|faint|p2a: Kleavor
|
|win|Davetron3030
|raw|Davetron3030's rating: 1631 &rarr; <strong>1652</strong><br />(+21 for winning)
|raw|PepeNike's rating: 1643 &rarr; <strong>1622</strong><br />(-21 for losing)
|l|☆PepeNike
|player|p2|
