|j|☆ILOVEPECHARUNTRAH
|j|☆xp180
|t:|1781170231
|gametype|singles
|player|p1|ILOVEPECHARUNTRAH|miku-ghost|1635
|player|p2|xp180|2|1653
|gen|9
|tier|[Gen 9] OU
|rated|
|rule|HP Percentage Mod: HP is shown in percentages
|rule|Endless Battle Clause: Forcing endless battles is banned
|rule|Species Clause: Limit one of each Pokémon
|rule|OHKO Clause: OHKO moves are banned
|rule|Evasion Items Clause: Evasion items are banned
|rule|Evasion Moves Clause: Evasion moves are banned
|rule|Evasion Abilities Clause: Evasion abilities are banned
|rule|Sleep Moves Clause: Sleep-inducing moves are banned
|clearpoke
|poke|p1|Torkoal, F|
|poke|p1|Slither Wing|
|poke|p1|Ursaluna, M|
|poke|p1|Porygon2|
|poke|p1|Hatterene, F|
|poke|p1|Cresselia, F|
|poke|p2|Araquanid, F|
|poke|p2|Gholdengo|
|poke|p2|Raging Bolt|
|poke|p2|Iron Valiant|
|poke|p2|Ceruledge, M|
|poke|p2|Deoxys-Speed|
|teampreview
|
|t:|1781170274
|teamsize|p1|6
|teamsize|p2|6
|start
|switch|p1a: Slither Wing|Slither Wing|100/100
|switch|p2a: Araquanid|Araquanid, F|100/100
|turn|1
|
|t:|1781170283
|move|p1a: Slither Wing|U-turn|p2a: Araquanid
|-damage|p2a: Araquanid|46/100
|-damage|p1a: Slither Wing|91/100|[from] item: Life Orb
|inactive|Battle timer is ON: inactive players will automatically lose when time's up. (requested by xp180)
|
|t:|1781170298
|-end|p1a: Slither Wing|Protosynthesis|[silent]
|switch|p1a: Porygon2|Porygon2|100/100|[from] U-turn
|-ability|p1a: Porygon2|Download|boost
|-boost|p1a: Porygon2|atk|1
|move|p2a: Araquanid|Sticky Web|p1a: Porygon2
|-sidestart|p1: ILOVEPECHARUNTRAH|move: Sticky Web
|
|upkeep
|turn|2
|
|t:|1781170305
|switch|p1a: Slither Wing|Slither Wing|91/100
|-activate|p1a: Slither Wing|move: Sticky Web
|-unboost|p1a: Slither Wing|spe|1
|move|p2a: Araquanid|Surf|p1a: Slither Wing
|-damage|p1a: Slither Wing|57/100
|
|upkeep
|turn|3
|
|t:|1781170308
|move|p1a: Slither Wing|First Impression|p2a: Araquanid
|-damage|p2a: Araquanid|0 fnt
|faint|p2a: Araquanid
|-damage|p1a: Slither Wing|47/100|[from] item: Life Orb
|
|upkeep
|
|t:|1781170319
|switch|p2a: Gholdengo|Gholdengo|100/100
|-item|p2a: Gholdengo|Air Balloon
|turn|4
|
|t:|1781170329
|-end|p1a: Slither Wing|Protosynthesis|[silent]
|switch|p1a: Porygon2|Porygon2|100/100
|-activate|p1a: Porygon2|move: Sticky Web
|-unboost|p1a: Porygon2|spe|1
|-ability|p1a: Porygon2|Download|boost
|-boost|p1a: Porygon2|spa|1
|move|p2a: Gholdengo|Nasty Plot|p2a: Gholdengo
|-boost|p2a: Gholdengo|spa|2
|
|upkeep
|turn|5
|
|t:|1781170348
|move|p2a: Gholdengo|Make It Rain|p1a: Porygon2
|-damage|p1a: Porygon2|12/100
|-unboost|p2a: Gholdengo|spa|1
|move|p1a: Porygon2|Recover|p1a: Porygon2
|-heal|p1a: Porygon2|62/100
|
|upkeep
|turn|6
|
|t:|1781170356
|move|p2a: Gholdengo|Make It Rain|p1a: Porygon2
|-damage|p1a: Porygon2|0 fnt
|-unboost|p2a: Gholdengo|spa|1
|faint|p1a: Porygon2
|
|upkeep
|
|t:|1781170363
|switch|p1a: Hatterene|Hatterene, F|100/100
|-activate|p1a: Hatterene|move: Sticky Web
|-unboost|p1a: Hatterene|spe|1
|turn|7
|
|t:|1781170368
|move|p2a: Gholdengo|Make It Rain|p1a: Hatterene
|-supereffective|p1a: Hatterene
|-enditem|p1a: Hatterene|Focus Sash
|-damage|p1a: Hatterene|1/100
|-unboost|p2a: Gholdengo|spa|1
|move|p1a: Hatterene|Trick Room|p1a: Hatterene
|-fieldstart|move: Trick Room|[of] p1a: Hatterene
|
|upkeep
|turn|8
|
|t:|1781170396
|move|p1a: Hatterene|Healing Wish|p1a: Hatterene
|faint|p1a: Hatterene
|move|p2a: Gholdengo|Shadow Ball|p1: Hatterene|[notarget]
|-fail|p2a: Gholdengo
|
|upkeep
|
|t:|1781170402
|switch|p1a: Torkoal|Torkoal, F|100/100
|-activate|p1a: Torkoal|move: Sticky Web
|-unboost|p1a: Torkoal|spe|1
|-weather|SunnyDay|[from] ability: Drought|[of] p1a: Torkoal
|turn|9
|
|t:|1781170412
|switch|p2a: Ceruledge|Ceruledge, M|100/100
|move|p1a: Torkoal|Eruption|p2a: Ceruledge
|-resisted|p2a: Ceruledge
|-damage|p2a: Ceruledge|15/100
|
|-weather|SunnyDay|[upkeep]
|upkeep
|turn|10
|
|t:|1781170433
|move|p2a: Ceruledge|Shadow Sneak|p1a: Torkoal
|-damage|p1a: Torkoal|84/100
|move|p1a: Torkoal|Eruption|p2a: Ceruledge
|-resisted|p2a: Ceruledge
|-damage|p2a: Ceruledge|0 fnt
|faint|p2a: Ceruledge
|
|-weather|SunnyDay|[upkeep]
|upkeep
|j| Roadrasher
|
|t:|1781170440
|switch|p2a: Raging Bolt|Raging Bolt|100/100
|-activate|p2a: Raging Bolt|ability: Protosynthesis
|-start|p2a: Raging Bolt|protosynthesisspa
|turn|11
|
|t:|1781170447
|switch|p1a: Cresselia|Cresselia, F|100/100
|move|p2a: Raging Bolt|Thunderbolt|p1a: Cresselia
|-damage|p1a: Cresselia|60/100
|
|-weather|SunnyDay|[upkeep]
|-fieldend|move: Trick Room
|upkeep
|turn|12
|
|t:|1781170452
|move|p2a: Raging Bolt|Calm Mind|p2a: Raging Bolt
|-boost|p2a: Raging Bolt|spa|1
|-boost|p2a: Raging Bolt|spd|1
|move|p1a: Cresselia|Trick Room|p1a: Cresselia
|-fieldstart|move: Trick Room|[of] p1a: Cresselia
|
|-weather|SunnyDay|[upkeep]
|upkeep
|turn|13
|inactive|ILOVEPECHARUNTRAH has 120 seconds left.
|
|t:|1781170486
|move|p1a: Cresselia|Lunar Dance|p1a: Cresselia
|faint|p1a: Cresselia
|move|p2a: Raging Bolt|Thunderbolt|p1: Cresselia|[notarget]
|-fail|p2a: Raging Bolt
|
|-weather|none
|-end|p2a: Raging Bolt|Protosynthesis
|upkeep
|-enditem|p2a: Raging Bolt|Booster Energy
|-activate|p2a: Raging Bolt|ability: Protosynthesis|[fromitem]
|-start|p2a: Raging Bolt|protosynthesisspa
|
|t:|1781170489
|switch|p1a: Ursaluna|Ursaluna, M|100/100
|-activate|p1a: Ursaluna|move: Sticky Web
|-unboost|p1a: Ursaluna|spe|1
|turn|14
|
|t:|1781170494
|-terastallize|p2a: Raging Bolt|Bug
|move|p1a: Ursaluna|Headlong Rush|p2a: Raging Bolt
|-resisted|p2a: Raging Bolt
|-damage|p2a: Raging Bolt|63/100
|-unboost|p1a: Ursaluna|def|1
|-unboost|p1a: Ursaluna|spd|1
|move|p2a: Raging Bolt|Dragon Pulse|p1a: Ursaluna
|-damage|p1a: Ursaluna|0 fnt
|faint|p1a: Ursaluna
|
|upkeep
|
|t:|1781170498
|switch|p1a: Slither Wing|Slither Wing|47/100
|-heal|p1a: Slither Wing|100/100|[from] move: Healing Wish
|-heal|p1a: Slither Wing|100/100|[from] move: Lunar Dance
|-activate|p1a: Slither Wing|move: Sticky Web
|-unboost|p1a: Slither Wing|spe|1
|turn|15
|
|t:|1781170508
|move|p1a: Slither Wing|Flare Blitz|p2a: Raging Bolt
|-supereffective|p2a: Raging Bolt
|-damage|p2a: Raging Bolt|0 fnt
|faint|p2a: Raging Bolt
|-end|p2a: Raging Bolt|Protosynthesis|[silent]
|-damage|p1a: Slither Wing|79/100|[from] Recoil
|-damage|p1a: Slither Wing|69/100|[from] item: Life Orb
|
|upkeep
|
|t:|1781170517
|switch|p2a: Gholdengo|Gholdengo|100/100
|-item|p2a: Gholdengo|Air Balloon
|turn|16
|
|t:|1781170523
|move|p1a: Slither Wing|Flare Blitz|p2a: Gholdengo
|-supereffective|p2a: Gholdengo
|-damage|p2a: Gholdengo|0 fnt
|-enditem|p2a: Gholdengo|Air Balloon
|faint|p2a: Gholdengo
|-damage|p1a: Slither Wing|40/100|[from] Recoil
|-damage|p1a: Slither Wing|30/100|[from] item: Life Orb
|
|-fieldend|move: Trick Room
|upkeep
|
|t:|1781170529
|switch|p2a: Iron Valiant|Iron Valiant|100/100
|-enditem|p2a: Iron Valiant|Booster Energy
|-activate|p2a: Iron Valiant|ability: Quark Drive|[fromitem]
|-start|p2a: Iron Valiant|quarkdrivespa
|turn|17
|
|t:|1781170541
|-terastallize|p1a: Slither Wing|Fire
|move|p2a: Iron Valiant|Shadow Ball|p1a: Slither Wing
|-damage|p1a: Slither Wing|0 fnt
|faint|p1a: Slither Wing
|-end|p1a: Slither Wing|Protosynthesis|[silent]
|
|upkeep
|
|t:|1781170545
|switch|p1a: Torkoal|Torkoal, F|84/100
|-activate|p1a: Torkoal|move: Sticky Web
|-unboost|p1a: Torkoal|spe|1
|-weather|SunnyDay|[from] ability: Drought|[of] p1a: Torkoal
|turn|18
|c|☆ILOVEPECHARUNTRAH|ggs
|
|t:|1781170550
|move|p2a: Iron Valiant|Shadow Ball|p1a: Torkoal
|-crit|p1a: Torkoal
|-damage|p1a: Torkoal|5/100
|move|p1a: Torkoal|Flamethrower|p2a: Iron Valiant
|-damage|p2a: Iron Valiant|0 fnt
|faint|p2a: Iron Valiant
|-end|p2a: Iron Valiant|Quark Drive|[silent]
|
|-weather|SunnyDay|[upkeep]
|upkeep
|
|t:|1781170554
|switch|p2a: Deoxys|Deoxys-Speed|100/100
|-ability|p2a: Deoxys|Pressure
|turn|19
|
|t:|1781170557
|move|p2a: Deoxys|Psycho Boost|p1a: Torkoal
|-damage|p1a: Torkoal|0 fnt
|-unboost|p2a: Deoxys|spa|2
|faint|p1a: Torkoal
|-damage|p2a: Deoxys|91/100|[from] item: Life Orb
|
|win|xp180
|raw|ILOVEPECHARUNTRAH's rating: 1635 &rarr; <strong>1616</strong><br />(-19 for losing)
|raw|xp180's rating: 1653 &rarr; <strong>1672</strong><br />(+19 for winning)
|c|☆xp180|gg
|l|☆ILOVEPECHARUNTRAH
|player|p1|
|l| Roadrasher
|l|☆xp180
|player|p2|
