|j|☆maple_syrup689hoe
|j|☆Klopple
|t:|1780965009
|gametype|singles
|player|p1|maple_syrup689hoe|101|1557
|player|p2|Klopple|sailor|1530
|gen|9
|tier|[Gen 9] OU
|rated|
|rule|HP Percentage Mod: HP is shown in percentages
|rule|Endless Battle Clause: Forcing endless battles is banned
|rule|Species Clause: Limit one of each Pokémon
|rule|OHKO Clause: OHKO moves are banned
|rule|Evasion Items Clause: Evasion items are banned
|rule|Evasion Moves Clause: Evasion moves are banned
|rule|Evasion Abilities Clause: Evasion abilities are banned
|rule|Sleep Moves Clause: Sleep-inducing moves are banned
|clearpoke
|poke|p1|Jolteon, F|
|poke|p1|Corviknight, F|
|poke|p1|Slowking-Galar, M|
|poke|p1|Alomomola, F|
|poke|p1|Kyurem|
|poke|p1|Kingambit, M|
|poke|p2|Arboliva, M|
|poke|p2|Gliscor, F|
|poke|p2|Iron Crown|
|poke|p2|Zamazenta-*|
|poke|p2|Hatterene, F|
|poke|p2|Dragonite, F|
|teampreview
|
|t:|1780965019
|teamsize|p1|6
|teamsize|p2|6
|start
|switch|p1a: Jolteon|Jolteon, F|100/100
|switch|p2a: Iron Crown|Iron Crown|100/100
|turn|1
|
|t:|1780965025
|move|p1a: Jolteon|Volt Switch|p2a: Iron Crown
|-damage|p2a: Iron Crown|80/100
|inactive|Battle timer is ON: inactive players will automatically lose when time's up. (requested by maple_syrup689hoe)
|
|t:|1780965029
|switch|p1a: Alomomola|Alomomola, F|100/100|[from] Volt Switch
|move|p2a: Iron Crown|Future Sight|p1a: Alomomola
|-start|p2a: Iron Crown|move: Future Sight
|
|upkeep
|turn|2
|
|t:|1780965049
|-end|p2a: Iron Crown|Quark Drive|[silent]
|switch|p2a: Gliscor|Gliscor, F|100/100
|move|p1a: Alomomola|Flip Turn|p2a: Gliscor
|-supereffective|p2a: Gliscor
|-damage|p2a: Gliscor|74/100
|
|t:|1780965053
|switch|p1a: Kyurem|Kyurem|100/100|[from] Flip Turn
|-ability|p1a: Kyurem|Pressure
|
|-status|p2a: Gliscor|tox|[from] item: Toxic Orb
|upkeep
|turn|3
|
|t:|1780965058
|move|p2a: Gliscor|Protect|p2a: Gliscor
|-singleturn|p2a: Gliscor|Protect
|move|p1a: Kyurem|Ice Beam|p2a: Gliscor
|-activate|p2a: Gliscor|move: Protect
|
|-end|p1a: Kyurem|move: Future Sight
|-damage|p1a: Kyurem|47/100
|-heal|p2a: Gliscor|87/100 tox|[from] ability: Poison Heal
|upkeep
|turn|4
|
|t:|1780965064
|switch|p2a: Iron Crown|Iron Crown|80/100
|move|p1a: Kyurem|Ice Beam|p2a: Iron Crown
|-resisted|p2a: Iron Crown
|-damage|p2a: Iron Crown|56/100
|
|upkeep
|turn|5
|
|t:|1780965071
|switch|p1a: Alomomola|Alomomola, F|100/100
|move|p2a: Iron Crown|Volt Switch|p1a: Alomomola
|-supereffective|p1a: Alomomola
|-damage|p1a: Alomomola|49/100
|
|t:|1780965085
|-end|p2a: Iron Crown|Quark Drive|[silent]
|switch|p2a: Hatterene|Hatterene, F|100/100|[from] Volt Switch
|
|upkeep
|turn|6
|
|t:|1780965089
|move|p1a: Alomomola|Wish|p1a: Alomomola
|move|p2a: Hatterene|Nuzzle|p1a: Alomomola
|-supereffective|p1a: Alomomola
|-damage|p1a: Alomomola|44/100
|-status|p1a: Alomomola|par
|
|upkeep
|turn|7
|
|t:|1780965093
|move|p2a: Hatterene|Psychic Noise|p1a: Alomomola
|-damage|p1a: Alomomola|7/100 par
|-start|p1a: Alomomola|move: Heal Block
|move|p1a: Alomomola|Flip Turn|p2a: Hatterene
|-damage|p2a: Hatterene|85/100
|-damage|p1a: Alomomola|0 fnt|[from] item: Rocky Helmet|[of] p2a: Hatterene
|faint|p1a: Alomomola
|
|upkeep
|
|t:|1780965100
|switch|p1a: Kyurem|Kyurem|47/100
|-ability|p1a: Kyurem|Pressure
|turn|8
|
|t:|1780965109
|-terastallize|p1a: Kyurem|Ice
|move|p1a: Kyurem|Ice Beam|p2a: Hatterene
|-damage|p2a: Hatterene|0 fnt
|faint|p2a: Hatterene
|
|upkeep
|
|t:|1780965116
|switch|p2a: Iron Crown|Iron Crown|56/100
|turn|9
|
|t:|1780965119
|switch|p1a: Slowking|Slowking-Galar, M|100/100
|move|p2a: Iron Crown|Tachyon Cutter|p1a: Slowking
|-damage|p1a: Slowking|86/100
|-damage|p1a: Slowking|72/100
|-hitcount|p1a: Slowking|2
|
|upkeep
|turn|10
|
|t:|1780965124
|move|p2a: Iron Crown|Future Sight|p1a: Slowking
|-start|p2a: Iron Crown|move: Future Sight
|move|p1a: Slowking|Thunder Wave|p2a: Iron Crown
|-status|p2a: Iron Crown|par
|
|upkeep
|turn|11
|
|t:|1780965133
|move|p2a: Iron Crown|Volt Switch|p1a: Slowking
|-damage|p1a: Slowking|57/100
|
|t:|1780965139
|-end|p2a: Iron Crown|Quark Drive|[silent]
|switch|p2a: Gliscor|Gliscor, F|87/100 tox|[from] Volt Switch
|move|p1a: Slowking|Future Sight|p2a: Gliscor
|-start|p1a: Slowking|move: Future Sight
|
|-heal|p2a: Gliscor|99/100 tox|[from] ability: Poison Heal
|upkeep
|turn|12
|
|t:|1780965146
|switch|p1a: Corviknight|Corviknight, F|100/100
|-ability|p1a: Corviknight|Pressure
|move|p2a: Gliscor|Stealth Rock|p1a: Corviknight
|-sidestart|p1: maple_syrup689hoe|move: Stealth Rock
|
|-end|p1a: Corviknight|move: Future Sight
|-resisted|p1a: Corviknight
|-damage|p1a: Corviknight|73/100
|-heal|p2a: Gliscor|100/100 tox|[from] ability: Poison Heal
|upkeep
|turn|13
|
|t:|1780965150
|move|p2a: Gliscor|Knock Off|p1a: Corviknight
|-damage|p1a: Corviknight|61/100
|-damage|p2a: Gliscor|84/100 tox|[from] item: Rocky Helmet|[of] p1a: Corviknight
|-enditem|p1a: Corviknight|Rocky Helmet|[from] move: Knock Off|[of] p2a: Gliscor
|move|p1a: Corviknight|Defog|p2a: Gliscor
|-unboost|p2a: Gliscor|evasion|1
|-sideend|p1: maple_syrup689hoe|Stealth Rock|[from] move: Defog|[of] p1a: Corviknight
|
|-end|p2a: Gliscor|move: Future Sight
|-damage|p2a: Gliscor|46/100 tox
|-heal|p2a: Gliscor|58/100 tox|[from] ability: Poison Heal
|upkeep
|turn|14
|
|t:|1780965160
|move|p2a: Gliscor|Stealth Rock|p1a: Corviknight
|-sidestart|p1: maple_syrup689hoe|move: Stealth Rock
|move|p1a: Corviknight|U-turn|p2a: Gliscor
|-resisted|p2a: Gliscor
|-damage|p2a: Gliscor|53/100 tox
|
|t:|1780965163
|switch|p1a: Kingambit|Kingambit, M|100/100|[from] U-turn
|-damage|p1a: Kingambit|94/100|[from] Stealth Rock
|-activate|p1a: Kingambit|ability: Supreme Overlord
|-start|p1a: Kingambit|fallen1|[silent]
|
|-heal|p1a: Kingambit|100/100|[from] item: Leftovers
|-heal|p2a: Gliscor|65/100 tox|[from] ability: Poison Heal
|upkeep
|turn|15
|
|t:|1780965171
|-end|p1a: Kingambit|fallen1|[silent]
|switch|p1a: Corviknight|Corviknight, F|61/100
|-damage|p1a: Corviknight|49/100|[from] Stealth Rock
|-ability|p1a: Corviknight|Pressure
|move|p2a: Gliscor|Protect||[still]
|-fail|p2a: Gliscor
|
|-heal|p2a: Gliscor|78/100 tox|[from] ability: Poison Heal
|upkeep
|turn|16
|
|t:|1780965177
|switch|p2a: Iron Crown|Iron Crown|56/100 par
|move|p1a: Corviknight|Roost|p1a: Corviknight
|-heal|p1a: Corviknight|99/100
|-singleturn|p1a: Corviknight|move: Roost
|
|upkeep
|turn|17
|
|t:|1780965182
|move|p1a: Corviknight|Defog|p2a: Iron Crown
|-unboost|p2a: Iron Crown|evasion|1
|-sideend|p1: maple_syrup689hoe|Stealth Rock|[from] move: Defog|[of] p1a: Corviknight
|move|p2a: Iron Crown|Volt Switch|p1a: Corviknight
|-supereffective|p1a: Corviknight
|-damage|p1a: Corviknight|56/100
|
|t:|1780965189
|-end|p2a: Iron Crown|Quark Drive|[silent]
|switch|p2a: Zamazenta|Zamazenta|100/100|[from] Volt Switch
|-ability|p2a: Zamazenta|Dauntless Shield|boost
|-boost|p2a: Zamazenta|def|1
|
|upkeep
|turn|18
|
|t:|1780965194
|switch|p1a: Slowking|Slowking-Galar, M|91/100
|-terastallize|p2a: Zamazenta|Fighting
|move|p2a: Zamazenta|Close Combat|p1a: Slowking
|-resisted|p1a: Slowking
|-damage|p1a: Slowking|68/100
|-unboost|p2a: Zamazenta|def|1
|-unboost|p2a: Zamazenta|spd|1
|
|upkeep
|turn|19
|
|t:|1780965199
|switch|p2a: Gliscor|Gliscor, F|78/100 tox
|move|p1a: Slowking|Thunder Wave|p2a: Gliscor
|-immune|p2a: Gliscor
|
|-heal|p2a: Gliscor|90/100 tox|[from] ability: Poison Heal
|upkeep
|turn|20
|
|t:|1780965204
|switch|p1a: Kyurem|Kyurem, tera:Ice|47/100
|-ability|p1a: Kyurem|Pressure
|move|p2a: Gliscor|Stealth Rock|p1a: Kyurem
|-sidestart|p1: maple_syrup689hoe|move: Stealth Rock
|
|-heal|p2a: Gliscor|100/100 tox|[from] ability: Poison Heal
|upkeep
|turn|21
|
|t:|1780965208
|move|p2a: Gliscor|Protect|p2a: Gliscor
|-singleturn|p2a: Gliscor|Protect
|move|p1a: Kyurem|Ice Beam|p2a: Gliscor
|-activate|p2a: Gliscor|move: Protect
|
|upkeep
|turn|22
|
|t:|1780965219
|switch|p2a: Arboliva|Arboliva, M|100/100
|move|p1a: Kyurem|Ice Beam|p2a: Arboliva
|-supereffective|p2a: Arboliva
|-damage|p2a: Arboliva|0 fnt
|faint|p2a: Arboliva
|
|upkeep
|
|t:|1780965224
|switch|p2a: Zamazenta|Zamazenta, tera:Fighting|100/100
|turn|23
|
|t:|1780965228
|switch|p1a: Slowking|Slowking-Galar, M|100/100
|move|p2a: Zamazenta|Close Combat|p1a: Slowking
|-resisted|p1a: Slowking
|-damage|p1a: Slowking|78/100
|-unboost|p2a: Zamazenta|def|1
|-unboost|p2a: Zamazenta|spd|1
|
|upkeep
|turn|24
|
|t:|1780965233
|move|p2a: Zamazenta|Crunch|p1a: Slowking
|-supereffective|p1a: Slowking
|-damage|p1a: Slowking|19/100
|-unboost|p1a: Slowking|def|1
|-prepare|p1a: Slowking|Chilly Reception|[premajor]
|move|p1a: Slowking|Chilly Reception|p1a: Slowking
|-weather|Snowscape
|
|t:|1780965236
|switch|p1a: Jolteon|Jolteon, F|100/100|[from] Chilly Reception
|
|-weather|Snowscape|[upkeep]
|upkeep
|turn|25
|
|t:|1780965244
|switch|p1a: Corviknight|Corviknight, F|56/100
|-damage|p1a: Corviknight|43/100|[from] Stealth Rock
|-ability|p1a: Corviknight|Pressure
|switch|p2a: Gliscor|Gliscor, F|100/100 tox
|
|-weather|Snowscape|[upkeep]
|upkeep
|turn|26
|
|t:|1780965248
|switch|p2a: Zamazenta|Zamazenta, tera:Fighting|100/100
|move|p1a: Corviknight|Roost|p1a: Corviknight
|-heal|p1a: Corviknight|93/100
|-singleturn|p1a: Corviknight|move: Roost
|
|-weather|Snowscape|[upkeep]
|upkeep
|turn|27
|
|t:|1780965253
|move|p2a: Zamazenta|Close Combat|p1a: Corviknight
|-damage|p1a: Corviknight|46/100
|-unboost|p2a: Zamazenta|def|1
|-unboost|p2a: Zamazenta|spd|1
|move|p1a: Corviknight|Roost|p1a: Corviknight
|-heal|p1a: Corviknight|96/100
|-singleturn|p1a: Corviknight|move: Roost
|
|-weather|Snowscape|[upkeep]
|upkeep
|turn|28
|
|t:|1780965260
|move|p2a: Zamazenta|Ice Fang|p1a: Corviknight
|-damage|p1a: Corviknight|83/100
|move|p1a: Corviknight|Brave Bird|p2a: Zamazenta
|-supereffective|p2a: Zamazenta
|-damage|p2a: Zamazenta|0 fnt
|faint|p2a: Zamazenta
|-damage|p1a: Corviknight|54/100|[from] Recoil
|
|-weather|none
|upkeep
|
|t:|1780965269
|switch|p2a: Dragonite|Dragonite, F|100/100
|turn|29
|
|t:|1780965275
|move|p1a: Corviknight|Roost|p1a: Corviknight
|-heal|p1a: Corviknight|100/100
|-singleturn|p1a: Corviknight|move: Roost
|move|p2a: Dragonite|Dragon Tail|p1a: Corviknight
|-resisted|p1a: Corviknight
|-crit|p1a: Corviknight
|-damage|p1a: Corviknight|85/100
|drag|p1a: Kyurem|Kyurem, tera:Ice|47/100
|-damage|p1a: Kyurem|22/100|[from] Stealth Rock
|-ability|p1a: Kyurem|Pressure
|
|upkeep
|turn|30
|
|t:|1780965283
|move|p2a: Dragonite|Extreme Speed|p1a: Kyurem
|-damage|p1a: Kyurem|0 fnt
|faint|p1a: Kyurem
|
|upkeep
|
|t:|1780965287
|switch|p1a: Corviknight|Corviknight, F|85/100
|-damage|p1a: Corviknight|73/100|[from] Stealth Rock
|-ability|p1a: Corviknight|Pressure
|turn|31
|
|t:|1780965295
|switch|p2a: Gliscor|Gliscor, F|100/100 tox
|move|p1a: Corviknight|Defog|p2a: Gliscor
|-unboost|p2a: Gliscor|evasion|1
|-sideend|p1: maple_syrup689hoe|Stealth Rock|[from] move: Defog|[of] p1a: Corviknight
|
|upkeep
|turn|32
|
|t:|1780965301
|move|p2a: Gliscor|Stealth Rock|p1a: Corviknight
|-sidestart|p1: maple_syrup689hoe|move: Stealth Rock
|move|p1a: Corviknight|Brave Bird|p2a: Gliscor
|-damage|p2a: Gliscor|71/100 tox
|-damage|p1a: Corviknight|64/100|[from] Recoil
|
|-heal|p2a: Gliscor|83/100 tox|[from] ability: Poison Heal
|upkeep
|turn|33
|
|t:|1780965310
|move|p2a: Gliscor|Knock Off|p1a: Corviknight
|-damage|p1a: Corviknight|55/100
|move|p1a: Corviknight|Defog|p2a: Gliscor
|-unboost|p2a: Gliscor|evasion|1
|-sideend|p1: maple_syrup689hoe|Stealth Rock|[from] move: Defog|[of] p1a: Corviknight
|
|-heal|p2a: Gliscor|96/100 tox|[from] ability: Poison Heal
|upkeep
|turn|34
|
|t:|1780965315
|move|p2a: Gliscor|Stealth Rock|p1a: Corviknight
|-sidestart|p1: maple_syrup689hoe|move: Stealth Rock
|move|p1a: Corviknight|Roost|p1a: Corviknight
|-heal|p1a: Corviknight|100/100
|-singleturn|p1a: Corviknight|move: Roost
|
|-heal|p2a: Gliscor|100/100 tox|[from] ability: Poison Heal
|upkeep
|turn|35
|
|t:|1780965324
|move|p2a: Gliscor|Knock Off|p1a: Corviknight
|-damage|p1a: Corviknight|92/100
|move|p1a: Corviknight|Defog|p2a: Gliscor
|-unboost|p2a: Gliscor|evasion|1
|-sideend|p1: maple_syrup689hoe|Stealth Rock|[from] move: Defog|[of] p1a: Corviknight
|
|upkeep
|turn|36
|
|t:|1780965329
|switch|p1a: Kingambit|Kingambit, M|100/100
|-activate|p1a: Kingambit|ability: Supreme Overlord
|-start|p1a: Kingambit|fallen2|[silent]
|move|p2a: Gliscor|Stealth Rock|p1a: Kingambit
|-sidestart|p1: maple_syrup689hoe|move: Stealth Rock
|
|upkeep
|turn|37
|
|t:|1780965333
|move|p2a: Gliscor|Earthquake|p1a: Kingambit
|-supereffective|p1a: Kingambit
|-damage|p1a: Kingambit|48/100
|move|p1a: Kingambit|Swords Dance|p1a: Kingambit
|-boost|p1a: Kingambit|atk|2
|
|-heal|p1a: Kingambit|54/100|[from] item: Leftovers
|upkeep
|turn|38
|
|t:|1780965341
|switch|p2a: Dragonite|Dragonite, F|100/100
|move|p1a: Kingambit|Kowtow Cleave|p2a: Dragonite
|-damage|p2a: Dragonite|41/100
|
|-heal|p1a: Kingambit|60/100|[from] item: Leftovers
|upkeep
|turn|39
|
|t:|1780965348
|move|p2a: Dragonite|Extreme Speed|p1a: Kingambit
|-resisted|p1a: Kingambit
|-damage|p1a: Kingambit|47/100
|move|p1a: Kingambit|Sucker Punch||[still]
|-fail|p1a: Kingambit
|
|-heal|p1a: Kingambit|53/100|[from] item: Leftovers
|upkeep
|turn|40
|
|t:|1780965359
|move|p2a: Dragonite|Extreme Speed|p1a: Kingambit
|-resisted|p1a: Kingambit
|-damage|p1a: Kingambit|39/100
|move|p1a: Kingambit|Kowtow Cleave|p2a: Dragonite
|-damage|p2a: Dragonite|0 fnt
|faint|p2a: Dragonite
|
|-heal|p1a: Kingambit|45/100|[from] item: Leftovers
|upkeep
|
|t:|1780965364
|switch|p2a: Gliscor|Gliscor, F|100/100 tox
|turn|41
|
|t:|1780965371
|-end|p1a: Kingambit|fallen2|[silent]
|switch|p1a: Corviknight|Corviknight, F|92/100
|-damage|p1a: Corviknight|80/100|[from] Stealth Rock
|-ability|p1a: Corviknight|Pressure
|move|p2a: Gliscor|Earthquake|p1a: Corviknight
|-immune|p1a: Corviknight
|
|upkeep
|turn|42
|
|t:|1780965374
|switch|p2a: Iron Crown|Iron Crown|56/100 par
|move|p1a: Corviknight|Defog|p2a: Iron Crown
|-unboost|p2a: Iron Crown|evasion|1
|-sideend|p1: maple_syrup689hoe|Stealth Rock|[from] move: Defog|[of] p1a: Corviknight
|
|upkeep
|turn|43
|
|t:|1780965383
|move|p1a: Corviknight|U-turn|p2a: Iron Crown
|-damage|p2a: Iron Crown|39/100 par
|
|t:|1780965386
|switch|p1a: Slowking|Slowking-Galar, M|52/100|[from] U-turn
|move|p2a: Iron Crown|Future Sight|p1a: Slowking
|-start|p2a: Iron Crown|move: Future Sight
|
|upkeep
|turn|44
|
|t:|1780965401
|move|p2a: Iron Crown|Tachyon Cutter|p1a: Slowking
|-damage|p1a: Slowking|38/100
|-damage|p1a: Slowking|23/100
|-hitcount|p1a: Slowking|2
|move|p1a: Slowking|Future Sight|p2a: Iron Crown
|-start|p1a: Slowking|move: Future Sight
|
|upkeep
|turn|45
|
|t:|1780965414
|switch|p1a: Kingambit|Kingambit, M|45/100
|-activate|p1a: Kingambit|ability: Supreme Overlord
|-start|p1a: Kingambit|fallen2|[silent]
|move|p2a: Iron Crown|Tachyon Cutter|p1a: Kingambit
|-resisted|p1a: Kingambit
|-damage|p1a: Kingambit|30/100
|-resisted|p1a: Kingambit
|-damage|p1a: Kingambit|15/100
|-hitcount|p1a: Kingambit|2
|
|-end|p1a: Kingambit|move: Future Sight
|-immune|p1a: Kingambit
|-heal|p1a: Kingambit|21/100|[from] item: Leftovers
|upkeep
|turn|46
|
|t:|1780965425
|-end|p2a: Iron Crown|Quark Drive|[silent]
|switch|p2a: Gliscor|Gliscor, F|100/100 tox
|move|p1a: Kingambit|Kowtow Cleave|p2a: Gliscor
|-damage|p2a: Gliscor|50/100 tox
|
|-end|p2a: Gliscor|move: Future Sight
|-damage|p2a: Gliscor|14/100 tox
|-heal|p1a: Kingambit|27/100|[from] item: Leftovers
|-heal|p2a: Gliscor|27/100 tox|[from] ability: Poison Heal
|upkeep
|turn|47
|
|t:|1780965435
|move|p2a: Gliscor|Earthquake|p1a: Kingambit
|-supereffective|p1a: Kingambit
|-damage|p1a: Kingambit|0 fnt
|faint|p1a: Kingambit
|-end|p1a: Kingambit|fallen2|[silent]
|
|-heal|p2a: Gliscor|39/100 tox|[from] ability: Poison Heal
|upkeep
|
|t:|1780965440
|switch|p1a: Corviknight|Corviknight, F|80/100
|-ability|p1a: Corviknight|Pressure
|turn|48
|
|t:|1780965448
|move|p2a: Gliscor|Protect|p2a: Gliscor
|-singleturn|p2a: Gliscor|Protect
|move|p1a: Corviknight|Defog|p2a: Gliscor
|-activate|p2a: Gliscor|move: Protect
|
|-heal|p2a: Gliscor|52/100 tox|[from] ability: Poison Heal
|upkeep
|turn|49
|
|t:|1780965456
|move|p2a: Gliscor|Stealth Rock|p1a: Corviknight
|-sidestart|p1: maple_syrup689hoe|move: Stealth Rock
|move|p1a: Corviknight|U-turn|p2a: Gliscor
|-resisted|p2a: Gliscor
|-damage|p2a: Gliscor|47/100 tox
|-message|maple_syrup689hoe forfeited.
|
|win|Klopple
|raw|maple_syrup689hoe's rating: 1557 &rarr; <strong>1535</strong><br />(-22 for losing)
|raw|Klopple's rating: 1530 &rarr; <strong>1552</strong><br />(+22 for winning)
|l|☆maple_syrup689hoe
|player|p1|
|l|☆Klopple
|player|p2|
