|j|☆ur doggo
|j|☆axleb27
|t:|1781193686
|gametype|singles
|player|p1|ur doggo|2|1523
|player|p2|axleb27|265|1482
|gen|9
|tier|[Gen 9] OU
|rated|
|rule|HP Percentage Mod: HP is shown in percentages
|rule|Endless Battle Clause: Forcing endless battles is banned
|rule|Species Clause: Limit one of each Pokémon
|rule|OHKO Clause: OHKO moves are banned
|rule|Evasion Items Clause: Evasion items are banned
|rule|Evasion Moves Clause: Evasion moves are banned
|rule|Evasion Abilities Clause: Evasion abilities are banned
|rule|Sleep Moves Clause: Sleep-inducing moves are banned
|clearpoke
|poke|p1|Latios, M|
|poke|p1|Darkrai|
|poke|p1|Ting-Lu|
|poke|p1|Corviknight, M|
|poke|p1|Dragonite, F|
|poke|p1|Clefable, F|
|poke|p2|Ogerpon-Cornerstone, F|
|poke|p2|Tyranitar, F|
|poke|p2|Excadrill, F|
|poke|p2|Weezing-Galar, M|
|poke|p2|Metagross|
|poke|p2|Sinistcha-Masterpiece|
|teampreview
|
|t:|1781193703
|teamsize|p1|6
|teamsize|p2|6
|start
|switch|p1a: Clefable|Clefable, F|100/100
|switch|p2a: Ogerpon|Ogerpon-Cornerstone, F|100/100
|turn|1
|
|t:|1781193720
|switch|p2a: Metagross|Metagross|100/100
|switch|p1a: Corviknight|Corviknight, M|100/100
|-ability|p1a: Corviknight|Pressure
|
|upkeep
|turn|2
|
|t:|1781193731
|move|p2a: Metagross|Knock Off|p1a: Corviknight
|-damage|p1a: Corviknight|67/100
|-enditem|p1a: Corviknight|Leftovers|[from] move: Knock Off|[of] p2a: Metagross
|move|p1a: Corviknight|U-turn|p2a: Metagross
|-damage|p2a: Metagross|91/100
|
|t:|1781193760
|switch|p1a: Darkrai|Darkrai|100/100|[from] U-turn
|
|-heal|p2a: Metagross|97/100|[from] item: Leftovers
|upkeep
|turn|3
|
|t:|1781193768
|switch|p2a: Tyranitar|Tyranitar, F|100/100
|-weather|Sandstorm|[from] ability: Sand Stream|[of] p2a: Tyranitar
|move|p1a: Darkrai|Knock Off|p2a: Tyranitar
|-resisted|p2a: Tyranitar
|-damage|p2a: Tyranitar|89/100
|-enditem|p2a: Tyranitar|Smooth Rock|[from] move: Knock Off|[of] p1a: Darkrai
|
|-weather|Sandstorm|[upkeep]
|-damage|p1a: Darkrai|94/100|[from] Sandstorm
|upkeep
|turn|4
|
|t:|1781193778
|switch|p1a: Corviknight|Corviknight, M|67/100
|-ability|p1a: Corviknight|Pressure
|move|p2a: Tyranitar|Stealth Rock|p1a: Corviknight
|-sidestart|p1: ur doggo|move: Stealth Rock
|
|-weather|Sandstorm|[upkeep]
|upkeep
|turn|5
|
|t:|1781193788
|move|p1a: Corviknight|Body Press|p2a: Tyranitar
|-supereffective|p2a: Tyranitar
|-damage|p2a: Tyranitar|29/100
|move|p2a: Tyranitar|Stone Edge|p1a: Corviknight
|-damage|p1a: Corviknight|22/100
|
|-weather|Sandstorm|[upkeep]
|upkeep
|turn|6
|
|t:|1781193796
|switch|p2a: Ogerpon|Ogerpon-Cornerstone, F|100/100
|move|p1a: Corviknight|Roost|p1a: Corviknight
|-heal|p1a: Corviknight|72/100
|-singleturn|p1a: Corviknight|move: Roost
|
|-weather|Sandstorm|[upkeep]
|upkeep
|turn|7
|
|t:|1781193801
|-terastallize|p2a: Ogerpon|Rock
|detailschange|p2a: Ogerpon|Ogerpon-Cornerstone-Tera, F, tera:Rock
|-ability|p2a: Ogerpon|Embody Aspect (Cornerstone)|boost
|-boost|p2a: Ogerpon|def|1
|move|p2a: Ogerpon|Ivy Cudgel|p1a: Corviknight|[anim] Ivy Cudgel Rock
|-damage|p1a: Corviknight|13/100
|move|p1a: Corviknight|U-turn|p2a: Ogerpon
|-damage|p2a: Ogerpon|87/100
|
|t:|1781193822
|switch|p1a: Ting-Lu|Ting-Lu|100/100|[from] U-turn
|-damage|p1a: Ting-Lu|94/100|[from] Stealth Rock
|-ability|p1a: Ting-Lu|Vessel of Ruin
|
|-weather|Sandstorm|[upkeep]
|-heal|p1a: Ting-Lu|100/100|[from] item: Leftovers
|upkeep
|turn|8
|
|t:|1781193831
|move|p2a: Ogerpon|Power Whip|p1a: Ting-Lu
|-supereffective|p1a: Ting-Lu
|-damage|p1a: Ting-Lu|25/100
|move|p1a: Ting-Lu|Earthquake|p2a: Ogerpon
|-supereffective|p2a: Ogerpon
|-damage|p2a: Ogerpon|19/100
|
|-weather|Sandstorm|[upkeep]
|-heal|p1a: Ting-Lu|31/100|[from] item: Leftovers
|upkeep
|turn|9
|
|t:|1781193838
|switch|p1a: Corviknight|Corviknight, M|13/100
|-damage|p1a: Corviknight|0 fnt|[from] Stealth Rock
|faint|p1a: Corviknight
|move|p2a: Ogerpon|Power Whip|p1: Corviknight|[notarget]
|-fail|p2a: Ogerpon
|
|-weather|Sandstorm|[upkeep]
|upkeep
|
|t:|1781193841
|switch|p1a: Darkrai|Darkrai|94/100
|turn|10
|
|t:|1781193848
|move|p1a: Darkrai|Dark Pulse|p2a: Ogerpon
|-damage|p2a: Ogerpon|0 fnt
|faint|p2a: Ogerpon
|detailschange|p2: Ogerpon|Ogerpon-Cornerstone, F|[silent]
|
|-weather|none
|upkeep
|
|t:|1781193860
|switch|p2a: Tyranitar|Tyranitar, F|29/100
|-weather|Sandstorm|[from] ability: Sand Stream|[of] p2a: Tyranitar
|turn|11
|
|t:|1781193867
|switch|p1a: Clefable|Clefable, F|100/100
|move|p2a: Tyranitar|Knock Off|p1a: Clefable
|-resisted|p1a: Clefable
|-damage|p1a: Clefable|78/100
|-damage|p2a: Tyranitar|13/100|[from] item: Rocky Helmet|[of] p1a: Clefable
|-enditem|p1a: Clefable|Rocky Helmet|[from] move: Knock Off|[of] p2a: Tyranitar
|
|-weather|Sandstorm|[upkeep]
|upkeep
|turn|12
|
|t:|1781193871
|move|p2a: Tyranitar|Stone Edge|p1a: Clefable
|-damage|p1a: Clefable|31/100
|move|p1a: Clefable|Stealth Rock|p2a: Tyranitar
|-sidestart|p2: axleb27|move: Stealth Rock
|
|-weather|Sandstorm|[upkeep]
|upkeep
|turn|13
|
|t:|1781193879
|move|p2a: Tyranitar|Stone Edge|p1a: Clefable|[miss]
|-miss|p2a: Tyranitar|p1a: Clefable
|move|p1a: Clefable|Moonblast|p2a: Tyranitar
|-supereffective|p2a: Tyranitar
|-damage|p2a: Tyranitar|0 fnt
|faint|p2a: Tyranitar
|
|-weather|Sandstorm|[upkeep]
|upkeep
|
|t:|1781193881
|switch|p2a: Excadrill|Excadrill, F|100/100
|-damage|p2a: Excadrill|97/100|[from] Stealth Rock
|turn|14
|
|t:|1781193889
|move|p2a: Excadrill|Swords Dance|p2a: Excadrill
|-boost|p2a: Excadrill|atk|2
|move|p1a: Clefable|Knock Off|p2a: Excadrill
|-damage|p2a: Excadrill|75/100
|-enditem|p2a: Excadrill|Life Orb|[from] move: Knock Off|[of] p1a: Clefable
|
|-weather|Sandstorm|[upkeep]
|upkeep
|turn|15
|
|t:|1781193895
|move|p2a: Excadrill|Rapid Spin|p1a: Clefable
|-damage|p1a: Clefable|2/100
|-boost|p2a: Excadrill|spe|1
|-sideend|p2: axleb27|Stealth Rock|[from] move: Rapid Spin|[of] p2a: Excadrill
|move|p1a: Clefable|Moonblast|p2a: Excadrill
|-resisted|p2a: Excadrill
|-damage|p2a: Excadrill|52/100
|
|-weather|none
|upkeep
|turn|16
|
|t:|1781193898
|move|p2a: Excadrill|Rapid Spin|p1a: Clefable
|-damage|p1a: Clefable|0 fnt
|-boost|p2a: Excadrill|spe|1
|faint|p1a: Clefable
|
|upkeep
|
|t:|1781193903
|switch|p1a: Dragonite|Dragonite, F|100/100
|turn|17
|
|t:|1781193907
|move|p2a: Excadrill|Iron Head|p1a: Dragonite
|-damage|p1a: Dragonite|47/100
|cant|p1a: Dragonite|flinch
|
|upkeep
|turn|18
|
|t:|1781193918
|move|p1a: Dragonite|Extreme Speed|p2a: Excadrill
|-resisted|p2a: Excadrill
|-damage|p2a: Excadrill|29/100
|move|p2a: Excadrill|Iron Head|p1a: Dragonite
|-damage|p1a: Dragonite|0 fnt
|faint|p1a: Dragonite
|
|upkeep
|
|t:|1781193922
|switch|p1a: Latios|Latios, M|100/100
|-damage|p1a: Latios|88/100|[from] Stealth Rock
|turn|19
|
|t:|1781193932
|-terastallize|p1a: Latios|Electric
|move|p2a: Excadrill|Iron Head|p1a: Latios
|-resisted|p1a: Latios
|-damage|p1a: Latios|25/100
|move|p1a: Latios|Aura Sphere|p2a: Excadrill
|-supereffective|p2a: Excadrill
|-damage|p2a: Excadrill|0 fnt
|faint|p2a: Excadrill
|
|upkeep
|
|t:|1781193940
|switch|p2a: Metagross|Metagross|97/100
|turn|20
|
|t:|1781193946
|switch|p1a: Ting-Lu|Ting-Lu|31/100
|-damage|p1a: Ting-Lu|25/100|[from] Stealth Rock
|-ability|p1a: Ting-Lu|Vessel of Ruin
|move|p2a: Metagross|Knock Off|p1a: Ting-Lu
|-resisted|p1a: Ting-Lu
|-damage|p1a: Ting-Lu|15/100
|-enditem|p1a: Ting-Lu|Leftovers|[from] move: Knock Off|[of] p2a: Metagross
|
|-heal|p2a: Metagross|100/100|[from] item: Leftovers
|upkeep
|turn|21
|
|t:|1781193958
|switch|p2a: Weezing|Weezing-Galar, M|100/100
|move|p1a: Ting-Lu|Earthquake|p2a: Weezing
|-immune|p2a: Weezing|[from] ability: Levitate
|
|upkeep
|turn|22
|
|t:|1781193974
|move|p2a: Weezing|Strange Steam|p1a: Ting-Lu
|-supereffective|p1a: Ting-Lu
|-damage|p1a: Ting-Lu|0 fnt
|faint|p1a: Ting-Lu
|
|upkeep
|
|t:|1781193978
|switch|p1a: Latios|Latios, M, tera:Electric|25/100
|-damage|p1a: Latios|13/100|[from] Stealth Rock
|turn|23
|inactive|Battle timer is ON: inactive players will automatically lose when time's up. (requested by ur doggo)
|inactive|axleb27 has 120 seconds left.
|
|t:|1781194024
|switch|p2a: Metagross|Metagross|100/100
|move|p1a: Latios|Recover|p1a: Latios
|-heal|p1a: Latios|63/100
|
|upkeep
|turn|24
|
|t:|1781194032
|move|p1a: Latios|Recover|p1a: Latios
|-heal|p1a: Latios|100/100
|move|p2a: Metagross|Psychic Fangs|p1a: Latios
|-damage|p1a: Latios|27/100
|
|upkeep
|turn|25
|
|t:|1781194039
|move|p1a: Latios|Recover|p1a: Latios
|-heal|p1a: Latios|78/100
|move|p2a: Metagross|Heavy Slam|p1a: Latios
|-resisted|p1a: Latios
|-damage|p1a: Latios|31/100
|
|upkeep
|turn|26
|
|t:|1781194045
|switch|p1a: Darkrai|Darkrai|94/100
|move|p2a: Metagross|Psychic Fangs|p1a: Darkrai
|-immune|p1a: Darkrai
|
|upkeep
|turn|27
|
|t:|1781194054
|switch|p2a: Weezing|Weezing-Galar, M|100/100
|move|p1a: Darkrai|Dark Pulse|p2a: Weezing
|-resisted|p2a: Weezing
|-damage|p2a: Weezing|72/100
|
|upkeep
|turn|28
|
|t:|1781194060
|switch|p1a: Latios|Latios, M, tera:Electric|31/100
|-damage|p1a: Latios|19/100|[from] Stealth Rock
|move|p2a: Weezing|Strange Steam|p1a: Latios
|-damage|p1a: Latios|0 fnt
|faint|p1a: Latios
|
|upkeep
|-message|ur doggo forfeited.
|
|win|axleb27
|raw|ur doggo's rating: 1523 &rarr; <strong>1501</strong><br />(-22 for losing)
|raw|axleb27's rating: 1482 &rarr; <strong>1504</strong><br />(+22 for winning)
|l|☆ur doggo
|player|p1|
|l|☆axleb27
|player|p2|
