|j|☆misplayin
|j|☆jd2sleepy
|t:|1781090720
|gametype|singles
|player|p1|misplayin|acetrainerf-gen2|1566
|player|p2|jd2sleepy|brock|1551
|gen|9
|tier|[Gen 9] OU
|rated|
|rule|HP Percentage Mod: HP is shown in percentages
|rule|Endless Battle Clause: Forcing endless battles is banned
|rule|Species Clause: Limit one of each Pokémon
|rule|OHKO Clause: OHKO moves are banned
|rule|Evasion Items Clause: Evasion items are banned
|rule|Evasion Moves Clause: Evasion moves are banned
|rule|Evasion Abilities Clause: Evasion abilities are banned
|rule|Sleep Moves Clause: Sleep-inducing moves are banned
|clearpoke
|poke|p1|Garchomp, M|
|poke|p1|Rotom-Wash|
|poke|p1|Corviknight, M|
|poke|p1|Iron Valiant|
|poke|p1|Cinderace, F|
|poke|p1|Slowking-Galar, M|
|poke|p2|Samurott-Hisui, M|
|poke|p2|Enamorus, F|
|poke|p2|Darkrai|
|poke|p2|Glimmora, M|
|poke|p2|Kingambit, F|
|poke|p2|Zamazenta-*|
|teampreview
|inactive|Battle timer is ON: inactive players will automatically lose when time's up. (requested by misplayin)
|
|t:|1781090749
|teamsize|p1|6
|teamsize|p2|6
|start
|switch|p1a: Garchomp|Garchomp, M|100/100
|switch|p2a: カラマツ|Darkrai|100/100
|turn|1
|
|t:|1781090759
|switch|p1a: Iron Valiant|Iron Valiant, shiny|100/100
|move|p2a: カラマツ|Dark Pulse|p1a: Iron Valiant
|-resisted|p1a: Iron Valiant
|-damage|p1a: Iron Valiant|77/100
|-damage|p2a: カラマツ|91/100|[from] item: Life Orb
|
|upkeep
|turn|2
|
|t:|1781090774
|move|p2a: カラマツ|Sludge Bomb|p1a: Iron Valiant
|-supereffective|p1a: Iron Valiant
|-damage|p1a: Iron Valiant|0 fnt
|faint|p1a: Iron Valiant
|-end|p1a: Iron Valiant|Quark Drive|[silent]
|-damage|p2a: カラマツ|81/100|[from] item: Life Orb
|
|upkeep
|c|☆misplayin|what if i was scarf tho ??
|
|t:|1781090795
|switch|p1a: Cinderace|Cinderace, F|100/100
|turn|3
|
|t:|1781090798
|move|p2a: カラマツ|Dark Pulse|p1a: Cinderace
|-damage|p1a: Cinderace|15/100
|-damage|p2a: カラマツ|71/100|[from] item: Life Orb
|move|p1a: Cinderace|Pyro Ball|p2a: カラマツ
|-damage|p2a: カラマツ|0 fnt
|faint|p2a: カラマツ
|
|upkeep
|
|t:|1781090812
|switch|p2a: Fish Man Zoro|Samurott-Hisui, M|100/100
|turn|4
|
|t:|1781090815
|move|p1a: Cinderace|U-turn|p2a: Fish Man Zoro
|-start|p1a: Cinderace|typechange|Bug|[from] ability: Libero
|-supereffective|p2a: Fish Man Zoro
|-damage|p2a: Fish Man Zoro|15/100
|
|t:|1781090820
|switch|p1a: Corviknight|Corviknight, M|100/100|[from] U-turn
|-ability|p1a: Corviknight|Pressure
|move|p2a: Fish Man Zoro|Ceaseless Edge|p1a: Corviknight
|-damage|p1a: Corviknight|78/100
|-damage|p2a: Fish Man Zoro|0 fnt|[from] item: Rocky Helmet|[of] p1a: Corviknight
|faint|p2a: Fish Man Zoro
|
|upkeep
|
|t:|1781090833
|switch|p2a: Enamorus|Enamorus, F|100/100
|turn|5
|inactive|misplayin has 120 seconds left.
|
|t:|1781090885
|move|p2a: Enamorus|Mystical Fire|p1a: Corviknight
|-supereffective|p1a: Corviknight
|-damage|p1a: Corviknight|23/100
|-unboost|p1a: Corviknight|spa|1
|move|p1a: Corviknight|U-turn|p2a: Enamorus
|-resisted|p2a: Enamorus
|-damage|p2a: Enamorus|95/100
|inactive|misplayin has 90 seconds left.
|inactive|misplayin has 60 seconds left.
|inactive|misplayin has 30 seconds left.
|
|t:|1781090969
|switch|p1a: Slowking|Slowking-Galar, M|100/100|[from] U-turn
|
|upkeep
|turn|6
|
|t:|1781090977
|switch|p2a: Glimmora|Glimmora, M|100/100
|-prepare|p1a: Slowking|Chilly Reception|[premajor]
|move|p1a: Slowking|Chilly Reception|p1a: Slowking
|-weather|Snowscape
|
|t:|1781090979
|switch|p1a: Garchomp|Garchomp, M|100/100|[from] Chilly Reception
|
|-weather|Snowscape|[upkeep]
|upkeep
|turn|7
|
|t:|1781090982
|move|p1a: Garchomp|Earthquake|p2a: Glimmora
|-supereffective|p2a: Glimmora
|-damage|p2a: Glimmora|0 fnt
|-activate|p2a: Glimmora|ability: Toxic Debris
|-sidestart|p1: misplayin|move: Toxic Spikes
|faint|p2a: Glimmora
|
|-weather|Snowscape|[upkeep]
|upkeep
|
|t:|1781090984
|switch|p2a: Enamorus|Enamorus, F|95/100
|turn|8
|inactive|misplayin has 60 seconds left.
|inactive|misplayin has 30 seconds left.
|
|t:|1781091024
|switch|p1a: Slowking|Slowking-Galar, M|100/100
|-sideend|p1: misplayin|move: Toxic Spikes|[of] p1a: Slowking
|move|p2a: Enamorus|Moonblast|p1a: Slowking
|-resisted|p1a: Slowking
|-damage|p1a: Slowking|82/100
|
|-weather|Snowscape|[upkeep]
|upkeep
|turn|9
|
|t:|1781091027
|move|p2a: Enamorus|Moonblast|p1a: Slowking
|-resisted|p1a: Slowking
|-damage|p1a: Slowking|65/100
|-unboost|p1a: Slowking|spa|1
|-prepare|p1a: Slowking|Chilly Reception|[premajor]
|move|p1a: Slowking|Chilly Reception|p1a: Slowking
|
|t:|1781091032
|switch|p1a: Cinderace|Cinderace, F|15/100|[from] Chilly Reception
|
|-weather|Snowscape|[upkeep]
|upkeep
|turn|10
|
|t:|1781091035
|move|p2a: Enamorus|Moonblast|p1a: Cinderace
|-resisted|p1a: Cinderace
|-damage|p1a: Cinderace|0 fnt
|faint|p1a: Cinderace
|
|-weather|none
|upkeep
|
|t:|1781091045
|switch|p1a: Slowking|Slowking-Galar, M|98/100
|turn|11
|
|t:|1781091048
|move|p2a: Enamorus|Moonblast|p1a: Slowking
|-resisted|p1a: Slowking
|-damage|p1a: Slowking|82/100
|-unboost|p1a: Slowking|spa|1
|-prepare|p1a: Slowking|Chilly Reception|[premajor]
|move|p1a: Slowking|Chilly Reception|p1a: Slowking
|-weather|Snowscape
|
|t:|1781091050
|switch|p1a: Corviknight|Corviknight, M|23/100|[from] Chilly Reception
|-ability|p1a: Corviknight|Pressure
|
|-weather|Snowscape|[upkeep]
|upkeep
|turn|12
|
|t:|1781091054
|move|p2a: Enamorus|Moonblast|p1a: Corviknight
|-resisted|p1a: Corviknight
|-damage|p1a: Corviknight|0 fnt
|faint|p1a: Corviknight
|
|-weather|Snowscape|[upkeep]
|upkeep
|
|t:|1781091058
|switch|p1a: Slowking|Slowking-Galar, M|100/100
|turn|13
|
|t:|1781091060
|move|p2a: Enamorus|Moonblast|p1a: Slowking
|-resisted|p1a: Slowking
|-damage|p1a: Slowking|85/100
|move|p1a: Slowking|Sludge Bomb|p2a: Enamorus
|-supereffective|p2a: Enamorus
|-damage|p2a: Enamorus|0 fnt
|faint|p2a: Enamorus
|
|-weather|Snowscape|[upkeep]
|upkeep
|
|t:|1781091062
|switch|p2a: 平和|Kingambit, F|100/100
|-activate|p2a: 平和|ability: Supreme Overlord
|-start|p2a: 平和|fallen4|[silent]
|-item|p2a: 平和|Air Balloon
|turn|14
|
|t:|1781091066
|switch|p1a: Rotom|Rotom-Wash|100/100
|move|p2a: 平和|Swords Dance|p2a: 平和
|-boost|p2a: 平和|atk|2
|
|-weather|Snowscape|[upkeep]
|upkeep
|turn|15
|
|t:|1781091069
|move|p1a: Rotom|Will-O-Wisp|p2a: 平和
|-status|p2a: 平和|brn
|move|p2a: 平和|Kowtow Cleave|p1a: Rotom
|-damage|p1a: Rotom|51/100
|
|-weather|none
|-heal|p1a: Rotom|57/100|[from] item: Leftovers
|-damage|p2a: 平和|94/100 brn|[from] brn
|upkeep
|turn|16
|
|t:|1781091072
|move|p1a: Rotom|Foul Play|p2a: 平和
|-resisted|p2a: 平和
|-damage|p2a: 平和|64/100 brn
|-enditem|p2a: 平和|Air Balloon
|move|p2a: 平和|Kowtow Cleave|p1a: Rotom
|-damage|p1a: Rotom|7/100
|
|-heal|p1a: Rotom|13/100|[from] item: Leftovers
|-damage|p2a: 平和|57/100 brn|[from] brn
|upkeep
|turn|17
|
|t:|1781091077
|switch|p1a: Garchomp|Garchomp, M|100/100
|move|p2a: 平和|Kowtow Cleave|p1a: Garchomp
|-damage|p1a: Garchomp|47/100
|-damage|p2a: 平和|45/100 brn|[from] ability: Rough Skin|[of] p1a: Garchomp
|
|-heal|p1a: Garchomp|54/100|[from] item: Leftovers
|-damage|p2a: 平和|39/100 brn|[from] brn
|upkeep
|turn|18
|
|t:|1781091080
|move|p1a: Garchomp|Earthquake|p2a: 平和
|-supereffective|p2a: 平和
|-damage|p2a: 平和|0 fnt
|faint|p2a: 平和
|-end|p2a: 平和|fallen4|[silent]
|
|-heal|p1a: Garchomp|60/100|[from] item: Leftovers
|upkeep
|
|t:|1781091082
|switch|p2a: Legend of Zama|Zamazenta|100/100
|-ability|p2a: Legend of Zama|Dauntless Shield|boost
|-boost|p2a: Legend of Zama|def|1
|turn|19
|
|t:|1781091085
|move|p2a: Legend of Zama|Iron Defense|p2a: Legend of Zama
|-boost|p2a: Legend of Zama|def|2
|move|p1a: Garchomp|Earthquake|p2a: Legend of Zama
|-damage|p2a: Legend of Zama|88/100
|
|-heal|p2a: Legend of Zama|94/100|[from] item: Leftovers
|-heal|p1a: Garchomp|66/100|[from] item: Leftovers
|upkeep
|turn|20
|
|t:|1781091088
|switch|p1a: Slowking|Slowking-Galar, M|100/100
|move|p2a: Legend of Zama|Iron Defense|p2a: Legend of Zama
|-boost|p2a: Legend of Zama|def|2
|
|-heal|p2a: Legend of Zama|99/100|[from] item: Leftovers
|upkeep
|turn|21
|
|t:|1781091094
|move|p2a: Legend of Zama|Crunch|p1a: Slowking
|-supereffective|p1a: Slowking
|-damage|p1a: Slowking|58/100
|move|p1a: Slowking|Toxic|p2a: Legend of Zama
|-status|p2a: Legend of Zama|tox
|
|-heal|p2a: Legend of Zama|100/100 tox|[from] item: Leftovers
|-damage|p2a: Legend of Zama|94/100 tox|[from] psn
|upkeep
|turn|22
|
|t:|1781091099
|switch|p1a: Garchomp|Garchomp, M|66/100
|move|p2a: Legend of Zama|Body Press|p1a: Garchomp
|-damage|p1a: Garchomp|0 fnt
|-damage|p2a: Legend of Zama|82/100 tox|[from] ability: Rough Skin|[of] p1a: Garchomp
|faint|p1a: Garchomp
|
|-heal|p2a: Legend of Zama|88/100 tox|[from] item: Leftovers
|-damage|p2a: Legend of Zama|76/100 tox|[from] psn
|upkeep
|
|t:|1781091101
|switch|p1a: Rotom|Rotom-Wash|13/100
|turn|23
|
|t:|1781091103
|move|p2a: Legend of Zama|Crunch|p1a: Rotom
|-damage|p1a: Rotom|0 fnt
|faint|p1a: Rotom
|
|-heal|p2a: Legend of Zama|82/100 tox|[from] item: Leftovers
|-damage|p2a: Legend of Zama|63/100 tox|[from] psn
|upkeep
|
|t:|1781091105
|switch|p1a: Slowking|Slowking-Galar, M|91/100
|turn|24
|
|t:|1781091106
|move|p2a: Legend of Zama|Crunch|p1a: Slowking
|-supereffective|p1a: Slowking
|-damage|p1a: Slowking|49/100
|move|p1a: Slowking|Sludge Bomb|p2a: Legend of Zama
|-damage|p2a: Legend of Zama|35/100 tox
|
|-heal|p2a: Legend of Zama|41/100 tox|[from] item: Leftovers
|-damage|p2a: Legend of Zama|16/100 tox|[from] psn
|upkeep
|turn|25
|
|t:|1781091111
|-terastallize|p1a: Slowking|Water
|move|p2a: Legend of Zama|Crunch|p1a: Slowking
|-damage|p1a: Slowking|27/100
|move|p1a: Slowking|Sludge Bomb|p2a: Legend of Zama
|-damage|p2a: Legend of Zama|0 fnt
|faint|p2a: Legend of Zama
|
|win|misplayin
|raw|misplayin's rating: 1566 &rarr; <strong>1585</strong><br />(+19 for winning)
|raw|jd2sleepy's rating: 1551 &rarr; <strong>1532</strong><br />(-19 for losing)
|l|☆jd2sleepy
|player|p2|
|l|☆misplayin
|player|p1|
