|badge|p2|bronze|gen9ou|100-9
|uhtml|medal-msg|<div class="broadcast-blue">Curious what those medals under the avatar are? PS now has Ladder Seasons! For more information, check out the <a href="https://www.smogon.com/forums/threads/3740067/">thread on Smogon.</a></div>
|j|☆volc1877
|j|☆temporarylight
|t:|1781488846
|gametype|singles
|player|p1|volc1877|169|1649
|player|p2|temporarylight|jogger|1852
|gen|9
|tier|[Gen 9] OU
|rated|
|rule|HP Percentage Mod: HP is shown in percentages
|rule|Endless Battle Clause: Forcing endless battles is banned
|rule|Species Clause: Limit one of each Pokémon
|rule|OHKO Clause: OHKO moves are banned
|rule|Evasion Items Clause: Evasion items are banned
|rule|Evasion Moves Clause: Evasion moves are banned
|rule|Evasion Abilities Clause: Evasion abilities are banned
|rule|Sleep Moves Clause: Sleep-inducing moves are banned
|clearpoke
|poke|p1|Shiftry, M|
|poke|p1|Gholdengo|
|poke|p1|Tyranitar, F|
|poke|p1|Ceruledge, M|
|poke|p1|Okidogi, M|
|poke|p1|Deoxys-Speed|
|poke|p2|Ting-Lu|
|poke|p2|Gholdengo|
|poke|p2|Ogerpon-Wellspring, F|
|poke|p2|Dragonite, M|
|poke|p2|Blaziken, F|
|poke|p2|Hatterene, F|
|teampreview
|inactive|Battle timer is ON: inactive players will automatically lose when time's up. (requested by temporarylight)
|c|☆temporarylight|wut going on
|c|☆temporarylight|cool team
|
|t:|1781488874
|teamsize|p1|6
|teamsize|p2|6
|start
|switch|p1a: Shiftry|Shiftry, M|100/100
|switch|p2a: Ogerpon|Ogerpon-Wellspring, F|100/100
|turn|1
|
|t:|1781488881
|switch|p2a: Blaziken|Blaziken, F|100/100
|move|p1a: Shiftry|Tailwind|p1a: Shiftry
|-sidestart|p1: volc1877|move: Tailwind
|-ability|p1a: Shiftry|Wind Rider|boost
|-boost|p1a: Shiftry|atk|1
|
|upkeep
|turn|2
|
|t:|1781488890
|move|p1a: Shiftry|Toxic Spikes|p2a: Blaziken
|-sidestart|p2: temporarylight|move: Toxic Spikes
|move|p2a: Blaziken|Close Combat|p1a: Shiftry
|-supereffective|p1a: Shiftry
|-enditem|p1a: Shiftry|Focus Sash
|-damage|p1a: Shiftry|1/100
|-unboost|p2a: Blaziken|def|1
|-unboost|p2a: Blaziken|spd|1
|
|-ability|p2a: Blaziken|Speed Boost|boost
|-boost|p2a: Blaziken|spe|1
|upkeep
|turn|3
|
|t:|1781488896
|move|p1a: Shiftry|Knock Off|p2a: Blaziken
|-resisted|p2a: Blaziken
|-damage|p2a: Blaziken|27/100
|-enditem|p2a: Blaziken|Leftovers|[from] move: Knock Off|[of] p1a: Shiftry
|move|p2a: Blaziken|Blaze Kick|p1a: Shiftry
|-supereffective|p1a: Shiftry
|-damage|p1a: Shiftry|0 fnt
|faint|p1a: Shiftry
|
|-ability|p2a: Blaziken|Speed Boost|boost
|-boost|p2a: Blaziken|spe|1
|upkeep
|
|t:|1781488907
|switch|p1a: Ceruledge|Ceruledge, M|100/100
|-item|p1a: Ceruledge|Air Balloon
|turn|4
|
|t:|1781488915
|switch|p2a: Ogerpon|Ogerpon-Wellspring, F|100/100
|-status|p2a: Ogerpon|psn
|move|p1a: Ceruledge|Shadow Sneak|p2a: Ogerpon
|-damage|p2a: Ogerpon|76/100 psn
|
|-damage|p2a: Ogerpon|63/100 psn|[from] psn
|-sideend|p1: volc1877|move: Tailwind
|upkeep
|turn|5
|
|t:|1781488931
|switch|p1a: Gholdengo|Gholdengo|100/100
|move|p2a: Ogerpon|Ivy Cudgel|p1a: Gholdengo|[anim] Ivy Cudgel Water
|-damage|p1a: Gholdengo|34/100
|
|-damage|p2a: Ogerpon|51/100 psn|[from] psn
|upkeep
|turn|6
|
|t:|1781488937
|switch|p2a: Blaziken|Blaziken, F|27/100
|-status|p2a: Blaziken|psn
|move|p1a: Gholdengo|Shadow Ball|p2a: Blaziken
|-damage|p2a: Blaziken|0 fnt
|faint|p2a: Blaziken
|
|upkeep
|
|t:|1781488940
|switch|p2a: Ting-Lu|Ting-Lu|100/100
|-status|p2a: Ting-Lu|psn
|-ability|p2a: Ting-Lu|Vessel of Ruin
|turn|7
|
|t:|1781488944
|move|p1a: Gholdengo|Nasty Plot|p1a: Gholdengo
|-boost|p1a: Gholdengo|spa|2
|move|p2a: Ting-Lu|Stealth Rock|p1a: Gholdengo
|-sidestart|p1: volc1877|move: Stealth Rock
|
|-damage|p2a: Ting-Lu|88/100 psn|[from] psn
|upkeep
|turn|8
|
|t:|1781488950
|move|p1a: Gholdengo|Substitute|p1a: Gholdengo
|-start|p1a: Gholdengo|Substitute
|-damage|p1a: Gholdengo|10/100
|-enditem|p1a: Gholdengo|Salac Berry|[eat]
|-boost|p1a: Gholdengo|spe|1|[from] item: Salac Berry
|move|p2a: Ting-Lu|Earthquake|p1a: Gholdengo
|-supereffective|p1a: Gholdengo
|-end|p1a: Gholdengo|Substitute
|
|-damage|p2a: Ting-Lu|76/100 psn|[from] psn
|upkeep
|turn|9
|
|t:|1781488954
|move|p1a: Gholdengo|Make It Rain|p2a: Ting-Lu
|-damage|p2a: Ting-Lu|2/100 psn
|-unboost|p1a: Gholdengo|spa|1
|move|p2a: Ting-Lu|Earthquake|p1a: Gholdengo
|-supereffective|p1a: Gholdengo
|-damage|p1a: Gholdengo|0 fnt
|faint|p1a: Gholdengo
|
|-damage|p2a: Ting-Lu|0 fnt|[from] psn
|faint|p2a: Ting-Lu
|upkeep
|c|☆temporarylight|cool techs
|
|t:|1781488968
|switch|p1a: Deoxys|Deoxys-Speed|100/100
|switch|p2a: Ogerpon|Ogerpon-Wellspring, F|51/100 psn
|-damage|p1a: Deoxys|88/100|[from] Stealth Rock
|-ability|p1a: Deoxys|Pressure
|turn|10
|
|t:|1781488986
|move|p1a: Deoxys|Psycho Boost|p2a: Ogerpon
|-damage|p2a: Ogerpon|0 fnt
|-unboost|p1a: Deoxys|spa|2
|faint|p2a: Ogerpon
|-damage|p1a: Deoxys|78/100|[from] item: Life Orb
|
|upkeep
|
|t:|1781488988
|switch|p2a: Gholdengo|Gholdengo|100/100
|turn|11
|
|t:|1781488998
|move|p1a: Deoxys|Shadow Ball|p2a: Gholdengo
|-supereffective|p2a: Gholdengo
|-damage|p2a: Gholdengo|64/100
|-damage|p1a: Deoxys|68/100|[from] item: Life Orb
|move|p2a: Gholdengo|Make It Rain|p1a: Deoxys
|-damage|p1a: Deoxys|0 fnt
|-unboost|p2a: Gholdengo|spa|1
|faint|p1a: Deoxys
|
|upkeep
|
|t:|1781489008
|switch|p1a: Ceruledge|Ceruledge, M|100/100
|-damage|p1a: Ceruledge|76/100|[from] Stealth Rock
|-item|p1a: Ceruledge|Air Balloon
|turn|12
|j| Aiiekkskqqqqqq
|
|t:|1781489015
|move|p2a: Gholdengo|Make It Rain|p1a: Ceruledge
|-resisted|p1a: Ceruledge
|-damage|p1a: Ceruledge|50/100
|-unboost|p2a: Gholdengo|spa|1
|-enditem|p1a: Ceruledge|Air Balloon
|move|p1a: Ceruledge|Swords Dance|p1a: Ceruledge
|-boost|p1a: Ceruledge|atk|2
|
|upkeep
|turn|13
|
|t:|1781489020
|switch|p2a: Magic I Bounce U|Hatterene, F, shiny|100/100
|-status|p2a: Magic I Bounce U|psn
|move|p1a: Ceruledge|Bitter Blade|p2a: Magic I Bounce U
|-damage|p2a: Magic I Bounce U|23/100 psn
|-heal|p1a: Ceruledge|92/100|[from] drain|[of] p2a: Magic I Bounce U
|-damage|p1a: Ceruledge|76/100|[from] item: Rocky Helmet|[of] p2a: Magic I Bounce U
|
|-damage|p2a: Magic I Bounce U|11/100 psn|[from] psn
|upkeep
|turn|14
|
|t:|1781489026
|move|p1a: Ceruledge|Bitter Blade|p2a: Magic I Bounce U
|-damage|p2a: Magic I Bounce U|0 fnt
|-heal|p1a: Ceruledge|82/100|[from] drain|[of] p2a: Magic I Bounce U
|-damage|p1a: Ceruledge|65/100|[from] item: Rocky Helmet|[of] p2a: Magic I Bounce U
|faint|p2a: Magic I Bounce U
|
|upkeep
|
|t:|1781489043
|switch|p2a: Dragonite|Dragonite, M, shiny|100/100
|turn|15
|
|t:|1781489048
|-terastallize|p2a: Dragonite|Normal
|move|p1a: Ceruledge|Poltergeist|p2a: Dragonite
|-immune|p2a: Dragonite
|move|p2a: Dragonite|Dragon Dance|p2a: Dragonite
|-boost|p2a: Dragonite|atk|1
|-boost|p2a: Dragonite|spe|1
|
|upkeep
|turn|16
|j| samurajen
|
|t:|1781489072
|move|p2a: Dragonite|Earthquake|p1a: Ceruledge
|-supereffective|p1a: Ceruledge
|-damage|p1a: Ceruledge|0 fnt
|faint|p1a: Ceruledge
|
|upkeep
|
|t:|1781489075
|switch|p1a: Tyranitar|Tyranitar, F|100/100
|-damage|p1a: Tyranitar|88/100|[from] Stealth Rock
|-weather|Sandstorm|[from] ability: Sand Stream|[of] p1a: Tyranitar
|turn|17
|
|t:|1781489098
|-terastallize|p1a: Tyranitar|Flying
|move|p2a: Dragonite|Dragon Dance|p2a: Dragonite
|-boost|p2a: Dragonite|atk|1
|-boost|p2a: Dragonite|spe|1
|move|p1a: Tyranitar|Dragon Dance|p1a: Tyranitar
|-boost|p1a: Tyranitar|atk|1
|-boost|p1a: Tyranitar|spe|1
|
|-weather|Sandstorm|[upkeep]
|-damage|p2a: Dragonite|94/100|[from] Sandstorm
|-damage|p1a: Tyranitar|82/100|[from] Sandstorm
|upkeep
|turn|18
|
|t:|1781489106
|move|p2a: Dragonite|Outrage|p1a: Tyranitar
|-damage|p1a: Tyranitar|0 fnt
|faint|p1a: Tyranitar
|
|-weather|Sandstorm|[upkeep]
|-damage|p2a: Dragonite|88/100|[from] Sandstorm
|upkeep
|
|t:|1781489108
|switch|p1a: Okidogi|Okidogi, M|100/100
|-damage|p1a: Okidogi|94/100|[from] Stealth Rock
|turn|19
|-message|volc1877 forfeited.
|
|win|temporarylight
|raw|volc1877's rating: 1649 &rarr; <strong>1640</strong><br />(-9 for losing)
|raw|temporarylight's rating: 1852 &rarr; <strong>1861</strong><br />(+9 for winning)
|l|☆volc1877
|player|p1|
|l|☆temporarylight
|player|p2|
|l| Aiiekkskqqqqqq
