|badge|p2|bronze|gen9ou|100-9
|uhtml|medal-msg|<div class="broadcast-blue">Curious what those medals under the avatar are? PS now has Ladder Seasons! For more information, check out the <a href="https://www.smogon.com/forums/threads/3740067/">thread on Smogon.</a></div>
|j|☆talveznao
|j|☆mythiixx
|t:|1781301954
|gametype|singles
|player|p1|talveznao|evelyn|1586
|player|p2|mythiixx|valerie|1828
|gen|9
|tier|[Gen 9] OU
|rated|
|rule|HP Percentage Mod: HP is shown in percentages
|rule|Endless Battle Clause: Forcing endless battles is banned
|rule|Species Clause: Limit one of each Pokémon
|rule|OHKO Clause: OHKO moves are banned
|rule|Evasion Items Clause: Evasion items are banned
|rule|Evasion Moves Clause: Evasion moves are banned
|rule|Evasion Abilities Clause: Evasion abilities are banned
|rule|Sleep Moves Clause: Sleep-inducing moves are banned
|clearpoke
|poke|p1|Iron Crown|
|poke|p1|Arcanine-Hisui, F|
|poke|p1|Corviknight, M|
|poke|p1|Alomomola, M|
|poke|p1|Gholdengo|
|poke|p1|Gliscor, F|
|poke|p2|Hoopa-Unbound|
|poke|p2|Pecharunt|
|poke|p2|Landorus-Therian, M|
|poke|p2|Cinderace, M|
|poke|p2|Alomomola, M|
|poke|p2|Iron Valiant|
|teampreview
|inactive|Battle timer is ON: inactive players will automatically lose when time's up. (requested by talveznao)
|inactive|talveznao has 120 seconds left.
|
|t:|1781301994
|teamsize|p1|6
|teamsize|p2|6
|start
|switch|p1a: Iron Crown|Iron Crown|100/100
|switch|p2a: Hoopa|Hoopa-Unbound|100/100
|turn|1
|
|t:|1781302010
|move|p1a: Iron Crown|Volt Switch|p2a: Hoopa
|-damage|p2a: Hoopa|72/100
|
|t:|1781302013
|-end|p1a: Iron Crown|Quark Drive|[silent]
|switch|p1a: Corviknight|Corviknight, M|100/100|[from] Volt Switch
|-ability|p1a: Corviknight|Pressure
|move|p2a: Hoopa|Hyperspace Fury|p1a: Corviknight
|-damage|p1a: Corviknight|39/100
|-unboost|p2a: Hoopa|def|1
|
|upkeep
|turn|2
|
|t:|1781302022
|move|p2a: Hoopa|Hyperspace Fury|p1a: Corviknight
|-damage|p1a: Corviknight|0 fnt
|-unboost|p2a: Hoopa|def|1
|faint|p1a: Corviknight
|
|upkeep
|
|t:|1781302025
|switch|p1a: Arcanine|Arcanine-Hisui, F|100/100
|turn|3
|
|t:|1781302030
|switch|p2a: Alomomola|Alomomola, M, shiny|100/100
|move|p1a: Arcanine|Head Smash|p2a: Alomomola
|-damage|p2a: Alomomola|54/100
|
|upkeep
|turn|4
|inactive|talveznao has 120 seconds left.
|j| LilliWithAHat
|
|t:|1781302068
|move|p1a: Arcanine|Head Smash|p2a: Alomomola
|-damage|p2a: Alomomola|4/100
|move|p2a: Alomomola|Flip Turn|p1a: Arcanine
|-supereffective|p1a: Arcanine
|-damage|p1a: Arcanine|27/100
|c| LilliWithAHat|Damn
|
|t:|1781302085
|switch|p2a: Iron Valiant|Iron Valiant, shiny|100/100|[from] Flip Turn
|
|upkeep
|turn|5
|
|t:|1781302095
|switch|p1a: Gholdengo|Gholdengo|100/100
|-item|p1a: Gholdengo|Air Balloon
|move|p2a: Iron Valiant|Moonblast|p1a: Gholdengo
|-resisted|p1a: Gholdengo
|-damage|p1a: Gholdengo|64/100
|-unboost|p1a: Gholdengo|spa|1
|-enditem|p1a: Gholdengo|Air Balloon
|
|upkeep
|turn|6
|
|t:|1781302104
|-end|p2a: Iron Valiant|Quark Drive|[silent]
|switch|p2a: Alomomola|Alomomola, M, shiny|37/100
|move|p1a: Gholdengo|Thunder Wave|p2a: Alomomola
|-status|p2a: Alomomola|par
|
|upkeep
|turn|7
|
|t:|1781302111
|move|p1a: Gholdengo|Hex|p2a: Alomomola
|-damage|p2a: Alomomola|15/100 par
|move|p2a: Alomomola|Flip Turn|p1a: Gholdengo
|-damage|p1a: Gholdengo|51/100
|
|t:|1781302117
|switch|p2a: Hoopa|Hoopa-Unbound|72/100|[from] Flip Turn
|
|upkeep
|turn|8
|
|t:|1781302124
|move|p2a: Hoopa|Hyperspace Fury|p1a: Gholdengo
|-supereffective|p1a: Gholdengo
|-damage|p1a: Gholdengo|0 fnt
|-unboost|p2a: Hoopa|def|1
|faint|p1a: Gholdengo
|
|upkeep
|
|t:|1781302128
|switch|p1a: Arcanine|Arcanine-Hisui, F|27/100
|turn|9
|
|t:|1781302142
|switch|p2a: Landorus|Landorus-Therian, M, shiny|100/100
|-ability|p2a: Landorus|Intimidate|boost
|-unboost|p1a: Arcanine|atk|1
|-terastallize|p1a: Arcanine|Fire
|move|p1a: Arcanine|Flare Blitz|p2a: Landorus
|-damage|p2a: Landorus|38/100
|
|upkeep
|turn|10
|
|t:|1781302150
|switch|p1a: Gliscor|Gliscor, F|100/100
|move|p2a: Landorus|U-turn|p1a: Gliscor
|-resisted|p1a: Gliscor
|-damage|p1a: Gliscor|90/100
|
|t:|1781302152
|switch|p2a: Hoopa|Hoopa-Unbound|72/100|[from] U-turn
|
|-status|p1a: Gliscor|tox|[from] item: Toxic Orb
|upkeep
|turn|11
|
|t:|1781302158
|-terastallize|p2a: Hoopa|Dark
|move|p2a: Hoopa|Hyperspace Fury|p1a: Gliscor
|-damage|p1a: Gliscor|0 fnt
|-unboost|p2a: Hoopa|def|1
|faint|p1a: Gliscor
|
|upkeep
|
|t:|1781302163
|switch|p1a: Arcanine|Arcanine-Hisui, F, tera:Fire|27/100
|turn|12
|
|t:|1781302167
|switch|p2a: Alomomola|Alomomola, M, shiny|48/100 par
|move|p1a: Arcanine|Flare Blitz|p2a: Alomomola
|-resisted|p2a: Alomomola
|-damage|p2a: Alomomola|20/100 par
|
|upkeep
|turn|13
|l| LilliWithAHat
|
|t:|1781302174
|cant|p2a: Alomomola|par
|move|p1a: Arcanine|Flare Blitz|p2a: Alomomola
|-resisted|p2a: Alomomola
|-damage|p2a: Alomomola|0 fnt
|faint|p2a: Alomomola
|
|upkeep
|
|t:|1781302177
|switch|p2a: Iron Valiant|Iron Valiant, shiny|100/100
|turn|14
|
|t:|1781302181
|move|p1a: Arcanine|Flare Blitz|p2a: Iron Valiant
|-damage|p2a: Iron Valiant|0 fnt
|faint|p2a: Iron Valiant
|-end|p2a: Iron Valiant|Quark Drive|[silent]
|
|upkeep
|
|t:|1781302184
|switch|p2a: Cinderace|Cinderace, M, shiny|100/100
|turn|15
|
|t:|1781302198
|switch|p1a: Alomomola|Alomomola, M|100/100
|move|p2a: Cinderace|U-turn|p1a: Alomomola
|-start|p2a: Cinderace|typechange|Bug|[from] ability: Libero
|-damage|p1a: Alomomola|74/100
|
|t:|1781302204
|switch|p2a: Hoopa|Hoopa-Unbound, tera:Dark|72/100|[from] U-turn
|
|upkeep
|turn|16
|
|t:|1781302209
|move|p2a: Hoopa|Hyperspace Fury|p1a: Alomomola
|-damage|p1a: Alomomola|0 fnt
|-unboost|p2a: Hoopa|def|1
|faint|p1a: Alomomola
|
|upkeep
|
|t:|1781302218
|switch|p1a: Arcanine|Arcanine-Hisui, F, tera:Fire|27/100
|turn|17
|
|t:|1781302222
|switch|p2a: Landorus|Landorus-Therian, M, shiny|38/100
|-ability|p2a: Landorus|Intimidate|boost
|-unboost|p1a: Arcanine|atk|1
|move|p1a: Arcanine|Flare Blitz|p2a: Landorus
|-damage|p2a: Landorus|0 fnt
|faint|p2a: Landorus
|
|upkeep
|
|t:|1781302228
|switch|p2a: Cinderace|Cinderace, M, shiny|100/100
|turn|18
|
|t:|1781302232
|switch|p1a: Iron Crown|Iron Crown|100/100
|move|p2a: Cinderace|Pyro Ball|p1a: Iron Crown
|-supereffective|p1a: Iron Crown
|-damage|p1a: Iron Crown|0 fnt
|faint|p1a: Iron Crown
|-end|p1a: Iron Crown|Quark Drive|[silent]
|
|upkeep
|
|t:|1781302235
|switch|p1a: Arcanine|Arcanine-Hisui, F, tera:Fire|27/100
|turn|19
|
|t:|1781302237
|move|p2a: Cinderace|Sucker Punch|p1a: Arcanine
|-start|p2a: Cinderace|typechange|Dark|[from] ability: Libero
|-damage|p1a: Arcanine|0 fnt
|faint|p1a: Arcanine
|
|win|mythiixx
|raw|talveznao's rating: 1586 &rarr; <strong>1578</strong><br />(-8 for losing)
|raw|mythiixx's rating: 1828 &rarr; <strong>1836</strong><br />(+8 for winning)
|l|☆mythiixx
|player|p2|
