|badge|p2|bronze|gen9ou|100-9
|uhtml|medal-msg|<div class="broadcast-blue">Curious what those medals under the avatar are? PS now has Ladder Seasons! For more information, check out the <a href="https://www.smogon.com/forums/threads/3740067/">thread on Smogon.</a></div>
|j|☆Boxed by Po
|j|‽LT_Alt1
|t:|1781324584
|gametype|singles
|player|p1|Boxed by Po|firebreather|1729
|player|p2|LT_Alt1|1|1827
|gen|9
|tier|[Gen 9] OU
|rated|
|rule|HP Percentage Mod: HP is shown in percentages
|rule|Endless Battle Clause: Forcing endless battles is banned
|rule|Species Clause: Limit one of each Pokémon
|rule|OHKO Clause: OHKO moves are banned
|rule|Evasion Items Clause: Evasion items are banned
|rule|Evasion Moves Clause: Evasion moves are banned
|rule|Evasion Abilities Clause: Evasion abilities are banned
|rule|Sleep Moves Clause: Sleep-inducing moves are banned
|clearpoke
|poke|p1|Cinderace, M|
|poke|p1|Mandibuzz, F|
|poke|p1|Kyurem|
|poke|p1|Ting-Lu|
|poke|p1|Latias, F|
|poke|p1|Kingambit, M|
|poke|p2|Kyurem|
|poke|p2|Raging Bolt|
|poke|p2|Hatterene, F|
|poke|p2|Slowking-Galar, F|
|poke|p2|Ting-Lu|
|poke|p2|Corviknight, F|
|teampreview
|inactive|Battle timer is ON: inactive players will automatically lose when time's up. (requested by Boxed by Po)
|
|t:|1781324601
|teamsize|p1|6
|teamsize|p2|6
|start
|switch|p1a: cure him|Kyurem|100/100
|switch|p2a: Slowking|Slowking-Galar, F|100/100
|-ability|p1a: cure him|Pressure
|turn|1
|
|t:|1781324610
|move|p1a: cure him|Earth Power|p2a: Slowking
|-supereffective|p2a: Slowking
|-enditem|p2a: Slowking|Shuca Berry|[eat]
|-enditem|p2a: Slowking|Shuca Berry|[weaken]
|-damage|p2a: Slowking|81/100
|move|p2a: Slowking|Sludge Bomb|p1a: cure him
|-damage|p1a: cure him|66/100
|
|upkeep
|turn|2
|
|t:|1781324618
|move|p1a: cure him|Earth Power|p2a: Slowking
|-supereffective|p2a: Slowking
|-damage|p2a: Slowking|41/100
|-prepare|p2a: Slowking|Chilly Reception|[premajor]
|move|p2a: Slowking|Chilly Reception|p2a: Slowking
|-weather|Snowscape
|
|t:|1781324627
|switch|p2a: Hatterene|Hatterene, F|100/100|[from] Chilly Reception
|
|-weather|Snowscape|[upkeep]
|upkeep
|turn|3
|
|t:|1781324631
|switch|p1a: Apple bottom jeans|Cinderace, M|100/100
|move|p2a: Hatterene|Dazzling Gleam|p1a: Apple bottom jeans
|-resisted|p1a: Apple bottom jeans
|-damage|p1a: Apple bottom jeans|73/100
|
|-weather|Snowscape|[upkeep]
|upkeep
|turn|4
|
|t:|1781324639
|move|p1a: Apple bottom jeans|Pyro Ball|p2a: Hatterene
|-crit|p2a: Hatterene
|-damage|p2a: Hatterene|17/100
|move|p2a: Hatterene|Nuzzle|p1a: Apple bottom jeans
|-damage|p1a: Apple bottom jeans|68/100
|-status|p1a: Apple bottom jeans|par
|
|-weather|Snowscape|[upkeep]
|-heal|p2a: Hatterene|23/100|[from] item: Leftovers
|upkeep
|turn|5
|
|t:|1781324652
|move|p1a: Apple bottom jeans|U-turn|p2a: Hatterene
|-start|p1a: Apple bottom jeans|typechange|Bug|[from] ability: Libero
|-damage|p2a: Hatterene|0 fnt
|faint|p2a: Hatterene
|
|t:|1781324656
|switch|p1a: cure him|Kyurem|66/100|[from] U-turn
|-ability|p1a: cure him|Pressure
|
|-weather|Snowscape|[upkeep]
|upkeep
|
|t:|1781324666
|switch|p2a: Kyurem|Kyurem|100/100
|-ability|p2a: Kyurem|Pressure
|turn|6
|
|t:|1781324673
|switch|p2a: Ting-Lu|Ting-Lu|100/100
|-ability|p2a: Ting-Lu|Vessel of Ruin
|move|p1a: cure him|Draco Meteor|p2a: Ting-Lu
|-damage|p2a: Ting-Lu|72/100
|-unboost|p1a: cure him|spa|2
|
|-weather|none
|-heal|p2a: Ting-Lu|78/100|[from] item: Leftovers
|upkeep
|turn|7
|
|t:|1781324678
|switch|p1a: Big Bird|Mandibuzz, F, shiny|100/100
|move|p2a: Ting-Lu|Spikes|p1a: Big Bird
|-sidestart|p1: Boxed by Po|Spikes
|
|-heal|p2a: Ting-Lu|84/100|[from] item: Leftovers
|upkeep
|turn|8
|
|t:|1781324686
|switch|p2a: Slowking|Slowking-Galar, F|74/100
|move|p1a: Big Bird|Taunt|p2a: Slowking
|-start|p2a: Slowking|move: Taunt
|
|upkeep
|turn|9
|
|t:|1781324694
|move|p1a: Big Bird|Foul Play|p2a: Slowking
|-supereffective|p2a: Slowking
|-damage|p2a: Slowking|43/100
|move|p2a: Slowking|Future Sight|p1a: Big Bird
|-start|p2a: Slowking|move: Future Sight
|
|upkeep
|turn|10
|
|t:|1781324711
|switch|p2a: Corviknight|Corviknight, F|100/100
|-ability|p2a: Corviknight|Pressure
|move|p1a: Big Bird|Foul Play|p2a: Corviknight
|-damage|p2a: Corviknight|83/100
|-damage|p1a: Big Bird|84/100|[from] item: Rocky Helmet|[of] p2a: Corviknight
|
|upkeep
|turn|11
|inactive|LT_Alt1 has 120 seconds left.
|
|t:|1781324751
|move|p1a: Big Bird|Defog|p2a: Corviknight
|-unboost|p2a: Corviknight|evasion|1
|-sideend|p1: Boxed by Po|Spikes|[from] move: Defog|[of] p1a: Big Bird
|move|p2a: Corviknight|Iron Defense|p2a: Corviknight
|-boost|p2a: Corviknight|def|2
|
|-end|p1a: Big Bird|move: Future Sight
|-immune|p1a: Big Bird
|upkeep
|turn|12
|
|t:|1781324756
|move|p1a: Big Bird|Taunt|p2a: Corviknight
|-start|p2a: Corviknight|move: Taunt
|move|p2a: Corviknight|Body Press|p1a: Big Bird
|-damage|p1a: Big Bird|58/100
|-damage|p2a: Corviknight|66/100|[from] item: Rocky Helmet|[of] p1a: Big Bird
|
|upkeep
|turn|13
|
|t:|1781324763
|switch|p2a: Slowking|Slowking-Galar, F|76/100
|move|p1a: Big Bird|Roost|p1a: Big Bird
|-heal|p1a: Big Bird|100/100
|-singleturn|p1a: Big Bird|move: Roost
|
|upkeep
|turn|14
|
|t:|1781324767
|move|p1a: Big Bird|Taunt|p2a: Slowking
|-start|p2a: Slowking|move: Taunt
|move|p2a: Slowking|Sludge Bomb|p1a: Big Bird
|-damage|p1a: Big Bird|74/100
|
|upkeep
|turn|15
|
|t:|1781324778
|move|p1a: Big Bird|Foul Play|p2a: Slowking
|-supereffective|p2a: Slowking
|-damage|p2a: Slowking|44/100
|move|p2a: Slowking|Flamethrower|p1a: Big Bird
|-damage|p1a: Big Bird|57/100
|
|upkeep
|turn|16
|
|t:|1781324782
|switch|p2a: Ting-Lu|Ting-Lu|84/100
|-ability|p2a: Ting-Lu|Vessel of Ruin
|move|p1a: Big Bird|Foul Play|p2a: Ting-Lu
|-resisted|p2a: Ting-Lu
|-damage|p2a: Ting-Lu|75/100
|
|-heal|p2a: Ting-Lu|82/100|[from] item: Leftovers
|upkeep
|turn|17
|
|t:|1781324786
|move|p1a: Big Bird|Taunt|p2a: Ting-Lu
|-start|p2a: Ting-Lu|move: Taunt
|move|p2a: Ting-Lu|Ruination|p1a: Big Bird
|-damage|p1a: Big Bird|29/100
|
|-heal|p2a: Ting-Lu|88/100|[from] item: Leftovers
|upkeep
|turn|18
|
|t:|1781324790
|switch|p1a: Apple bottom jeans|Cinderace, M|68/100 par
|move|p2a: Ting-Lu|Earthquake|p1a: Apple bottom jeans
|-supereffective|p1a: Apple bottom jeans
|-damage|p1a: Apple bottom jeans|0 fnt
|faint|p1a: Apple bottom jeans
|
|-heal|p2a: Ting-Lu|94/100|[from] item: Leftovers
|upkeep
|
|t:|1781324815
|switch|p1a: cure him|Kyurem|66/100
|-ability|p1a: cure him|Pressure
|turn|19
|
|t:|1781324821
|switch|p2a: Slowking|Slowking-Galar, F|77/100
|move|p1a: cure him|Ice Beam|p2a: Slowking
|-damage|p2a: Slowking|48/100
|
|upkeep
|turn|20
|
|t:|1781324826
|move|p1a: cure him|Ice Beam|p2a: Slowking
|-damage|p2a: Slowking|18/100
|-prepare|p2a: Slowking|Chilly Reception|[premajor]
|move|p2a: Slowking|Chilly Reception|p2a: Slowking
|-weather|Snowscape
|
|t:|1781324829
|switch|p2a: Kyurem|Kyurem|100/100|[from] Chilly Reception
|-ability|p2a: Kyurem|Pressure
|
|-weather|Snowscape|[upkeep]
|upkeep
|turn|21
|
|t:|1781324832
|switch|p1a: Big Bird|Mandibuzz, F, shiny|29/100
|move|p2a: Kyurem|Blizzard|p1a: Big Bird
|-supereffective|p1a: Big Bird
|-damage|p1a: Big Bird|0 fnt
|faint|p1a: Big Bird
|
|-weather|Snowscape|[upkeep]
|upkeep
|
|t:|1781324833
|switch|p1a: cure him|Kyurem|66/100
|-ability|p1a: cure him|Pressure
|turn|22
|
|t:|1781324847
|switch|p2a: Slowking|Slowking-Galar, F|51/100
|move|p1a: cure him|Ice Beam|p2a: Slowking
|-damage|p2a: Slowking|22/100
|
|-weather|Snowscape|[upkeep]
|upkeep
|turn|23
|
|t:|1781324851
|move|p1a: cure him|Ice Beam|p2a: Slowking
|-damage|p2a: Slowking|0 fnt
|faint|p2a: Slowking
|
|-weather|Snowscape|[upkeep]
|upkeep
|
|t:|1781324852
|switch|p2a: Kyurem|Kyurem|100/100
|-ability|p2a: Kyurem|Pressure
|turn|24
|
|t:|1781324855
|move|p1a: cure him|Ice Beam|p2a: Kyurem
|-damage|p2a: Kyurem|58/100
|move|p2a: Kyurem|Blizzard|p1a: cure him
|-damage|p1a: cure him|0 fnt
|faint|p1a: cure him
|
|-weather|none
|upkeep
|
|t:|1781324861
|switch|p1a: Kingamble|Kingambit, M, shiny|100/100
|-activate|p1a: Kingamble|ability: Supreme Overlord
|-start|p1a: Kingamble|fallen3|[silent]
|turn|25
|
|t:|1781324864
|switch|p2a: Corviknight|Corviknight, F|66/100
|-ability|p2a: Corviknight|Pressure
|move|p1a: Kingamble|Swords Dance|p1a: Kingamble
|-boost|p1a: Kingamble|atk|2
|
|upkeep
|turn|26
|
|t:|1781324867
|-terastallize|p1a: Kingamble|Flying
|move|p2a: Corviknight|Iron Defense|p2a: Corviknight
|-boost|p2a: Corviknight|def|2
|move|p1a: Kingamble|Brick Break|p2a: Corviknight
|-damage|p2a: Corviknight|42/100
|-damage|p1a: Kingamble|84/100|[from] item: Rocky Helmet|[of] p2a: Corviknight
|
|upkeep
|turn|27
|
|t:|1781324872
|move|p2a: Corviknight|Iron Defense|p2a: Corviknight
|-boost|p2a: Corviknight|def|2
|move|p1a: Kingamble|Swords Dance|p1a: Kingamble
|-boost|p1a: Kingamble|atk|2
|
|upkeep
|turn|28
|
|t:|1781324875
|move|p2a: Corviknight|Iron Defense|p2a: Corviknight
|-boost|p2a: Corviknight|def|2
|move|p1a: Kingamble|Swords Dance|p1a: Kingamble
|-boost|p1a: Kingamble|atk|2
|
|upkeep
|turn|29
|
|t:|1781324878
|move|p2a: Corviknight|Roost|p2a: Corviknight
|-heal|p2a: Corviknight|92/100
|-singleturn|p2a: Corviknight|move: Roost
|move|p1a: Kingamble|Brick Break|p2a: Corviknight
|-supereffective|p2a: Corviknight
|-damage|p2a: Corviknight|45/100
|-damage|p1a: Kingamble|67/100|[from] item: Rocky Helmet|[of] p2a: Corviknight
|
|upkeep
|turn|30
|
|t:|1781324882
|move|p2a: Corviknight|Roost|p2a: Corviknight
|-heal|p2a: Corviknight|95/100
|-singleturn|p2a: Corviknight|move: Roost
|move|p1a: Kingamble|Brick Break|p2a: Corviknight
|-supereffective|p2a: Corviknight
|-damage|p2a: Corviknight|41/100
|-damage|p1a: Kingamble|51/100|[from] item: Rocky Helmet|[of] p2a: Corviknight
|
|upkeep
|turn|31
|
|t:|1781324892
|move|p2a: Corviknight|Roost|p2a: Corviknight
|-heal|p2a: Corviknight|91/100
|-singleturn|p2a: Corviknight|move: Roost
|move|p1a: Kingamble|Brick Break|p2a: Corviknight
|-supereffective|p2a: Corviknight
|-damage|p2a: Corviknight|41/100
|-damage|p1a: Kingamble|34/100|[from] item: Rocky Helmet|[of] p2a: Corviknight
|
|upkeep
|turn|32
|
|t:|1781324898
|move|p2a: Corviknight|Roost|p2a: Corviknight
|-heal|p2a: Corviknight|91/100
|-singleturn|p2a: Corviknight|move: Roost
|move|p1a: Kingamble|Brick Break|p2a: Corviknight
|-supereffective|p2a: Corviknight
|-damage|p2a: Corviknight|40/100
|-damage|p1a: Kingamble|18/100|[from] item: Rocky Helmet|[of] p2a: Corviknight
|
|upkeep
|turn|33
|
|t:|1781324903
|move|p2a: Corviknight|Body Press|p1a: Kingamble
|-resisted|p1a: Kingamble
|-damage|p1a: Kingamble|0 fnt
|faint|p1a: Kingamble
|-end|p1a: Kingamble|fallen3|[silent]
|
|upkeep
|
|t:|1781324907
|switch|p1a: Materdaddy|Latias, F, shiny|100/100
|turn|34
|
|t:|1781324910
|move|p1a: Materdaddy|Agility|p1a: Materdaddy
|-boost|p1a: Materdaddy|spe|2
|move|p2a: Corviknight|Roost|p2a: Corviknight
|-heal|p2a: Corviknight|90/100
|-singleturn|p2a: Corviknight|move: Roost
|
|upkeep
|turn|35
|
|t:|1781324912
|move|p1a: Materdaddy|Calm Mind|p1a: Materdaddy
|-boost|p1a: Materdaddy|spa|1
|-boost|p1a: Materdaddy|spd|1
|move|p2a: Corviknight|Body Press|p1a: Materdaddy
|-resisted|p1a: Materdaddy
|-crit|p1a: Materdaddy
|-damage|p1a: Materdaddy|35/100
|
|upkeep
|turn|36
|
|t:|1781324916
|move|p1a: Materdaddy|Stored Power|p2a: Corviknight
|-resisted|p2a: Corviknight
|-damage|p2a: Corviknight|53/100
|move|p2a: Corviknight|Body Press|p1a: Materdaddy
|-resisted|p1a: Materdaddy
|-damage|p1a: Materdaddy|0 fnt
|faint|p1a: Materdaddy
|
|upkeep
|
|t:|1781324918
|switch|p1a: Tingle|Ting-Lu, shiny|100/100
|-ability|p1a: Tingle|Vessel of Ruin
|turn|37
|
|t:|1781324921
|move|p2a: Corviknight|Body Press|p1a: Tingle
|-supereffective|p1a: Tingle
|-damage|p1a: Tingle|0 fnt
|faint|p1a: Tingle
|
|win|LT_Alt1
|raw|Boxed by Po's rating: 1729 &rarr; <strong>1714</strong><br />(-15 for losing)
|raw|LT_Alt1's rating: 1827 &rarr; <strong>1842</strong><br />(+15 for winning)
|c|☆Boxed by Po|gg
|l|☆Boxed by Po
|player|p1|
