|j|‽Ryan's World
|j|☆thegreatestnone
|t:|1781491696
|gametype|singles
|player|p1|Ryan's World|170|1701
|player|p2|thegreatestnone|102|1675
|gen|9
|tier|[Gen 9] OU
|rated|
|rule|HP Percentage Mod: HP is shown in percentages
|rule|Endless Battle Clause: Forcing endless battles is banned
|rule|Species Clause: Limit one of each Pokémon
|rule|OHKO Clause: OHKO moves are banned
|rule|Evasion Items Clause: Evasion items are banned
|rule|Evasion Moves Clause: Evasion moves are banned
|rule|Evasion Abilities Clause: Evasion abilities are banned
|rule|Sleep Moves Clause: Sleep-inducing moves are banned
|clearpoke
|poke|p1|Ceruledge, F|
|poke|p1|Deoxys-Speed|
|poke|p1|Slowking-Galar, M|
|poke|p1|Grimmsnarl, M|
|poke|p1|Kyurem|
|poke|p1|Great Tusk|
|poke|p2|Pawmot, F|
|poke|p2|Ting-Lu|
|poke|p2|Skeledirge, M|
|poke|p2|Greninja-*, M|
|poke|p2|Weezing-Galar, M|
|poke|p2|Slowking, M|
|teampreview
|inactive|Battle timer is ON: inactive players will automatically lose when time's up. (requested by Ryan's World)
|inactive|thegreatestnone has 120 seconds left.
|
|t:|1781491739
|teamsize|p1|6
|teamsize|p2|6
|start
|switch|p1a: Grimmsnarl|Grimmsnarl, M|100/100
|switch|p2a: Greninja|Greninja, M|100/100
|turn|1
|
|t:|1781491753
|switch|p2a: Weezing|Weezing-Galar, M|100/100
|move|p1a: Grimmsnarl|Light Screen|p1a: Grimmsnarl
|-sidestart|p1: Ryan's World|move: Light Screen
|
|upkeep
|turn|2
|
|t:|1781491758
|move|p1a: Grimmsnarl|Taunt|p2a: Weezing
|-start|p2a: Weezing|move: Taunt
|move|p2a: Weezing|Sludge Bomb|p1a: Grimmsnarl
|-supereffective|p1a: Grimmsnarl
|-crit|p1a: Grimmsnarl
|-damage|p1a: Grimmsnarl|30/100
|
|upkeep
|turn|3
|
|t:|1781491765
|switch|p1a: Slowking|Slowking-Galar, M|100/100
|move|p2a: Weezing|Sludge Bomb|p1a: Slowking
|-resisted|p1a: Slowking
|-crit|p1a: Slowking
|-damage|p1a: Slowking|79/100
|
|upkeep
|turn|4
|inactive|thegreatestnone has 120 seconds left.
|
|t:|1781491817
|switch|p2a: Ting-Lu|Ting-Lu|100/100
|-ability|p2a: Ting-Lu|Vessel of Ruin
|move|p1a: Slowking|Sludge Bomb|p2a: Ting-Lu
|-resisted|p2a: Ting-Lu
|-crit|p2a: Ting-Lu
|-damage|p2a: Ting-Lu|83/100
|-status|p2a: Ting-Lu|psn
|-damage|p1a: Slowking|69/100|[from] item: Life Orb
|
|-heal|p2a: Ting-Lu|89/100 psn|[from] item: Leftovers
|-damage|p2a: Ting-Lu|77/100 psn|[from] psn
|upkeep
|turn|5
|
|t:|1781491831
|switch|p1a: Grimmsnarl|Grimmsnarl, M|30/100
|switch|p2a: Weezing|Weezing-Galar, M|100/100
|
|upkeep
|turn|6
|inactive|thegreatestnone has 90 seconds left.
|
|t:|1781491863
|move|p1a: Grimmsnarl|Reflect|p1a: Grimmsnarl
|-sidestart|p1: Ryan's World|Reflect
|move|p2a: Weezing|Sludge Bomb|p1a: Grimmsnarl
|-supereffective|p1a: Grimmsnarl
|-damage|p1a: Grimmsnarl|7/100
|
|upkeep
|turn|7
|
|t:|1781491870
|switch|p1a: Slowking|Slowking-Galar, M|100/100
|move|p2a: Weezing|Defog|p1a: Slowking
|-unboost|p1a: Slowking|evasion|1
|-sideend|p1: Ryan's World|Reflect
|-sideend|p1: Ryan's World|move: Light Screen
|
|upkeep
|turn|8
|
|t:|1781491878
|move|p1a: Slowking|Sludge Bomb|p2a: Weezing
|-damage|p2a: Weezing|27/100
|-damage|p1a: Slowking|91/100|[from] item: Life Orb
|move|p2a: Weezing|Will-O-Wisp|p1a: Slowking
|-status|p1a: Slowking|brn
|
|-heal|p2a: Weezing|33/100|[from] item: Leftovers
|-damage|p1a: Slowking|85/100 brn|[from] brn
|upkeep
|turn|9
|-message|thegreatestnone forfeited.
|
|win|Ryan's World
|raw|Ryan&apos;s World's rating: 1701 &rarr; <strong>1720</strong><br />(+19 for winning)
|raw|thegreatestnone's rating: 1675 &rarr; <strong>1656</strong><br />(-19 for losing)
|l|☆thegreatestnone
|player|p2|
|l|‽Ryan's World
|player|p1|
