|j|☆kshuaib734
|j|☆ign28
|t:|1781532914
|gametype|singles
|player|p1|kshuaib734|steven|1667
|player|p2|ign28|palmer|1680
|gen|9
|tier|[Gen 9] OU
|rated|
|rule|HP Percentage Mod: HP is shown in percentages
|rule|Endless Battle Clause: Forcing endless battles is banned
|rule|Species Clause: Limit one of each Pokémon
|rule|OHKO Clause: OHKO moves are banned
|rule|Evasion Items Clause: Evasion items are banned
|rule|Evasion Moves Clause: Evasion moves are banned
|rule|Evasion Abilities Clause: Evasion abilities are banned
|rule|Sleep Moves Clause: Sleep-inducing moves are banned
|clearpoke
|poke|p1|Tyranitar, M|
|poke|p1|Dragonite, F|
|poke|p1|Pelipper, M|
|poke|p1|Quaquaval, M|
|poke|p1|Kingdra, F|
|poke|p1|Excadrill, M|
|poke|p2|Great Tusk|
|poke|p2|Darkrai|
|poke|p2|Kyurem|
|poke|p2|Iron Valiant|
|poke|p2|Dragonite, F|
|poke|p2|Gholdengo|
|teampreview
|inactive|Battle timer is ON: inactive players will automatically lose when time's up. (requested by ign28)
|inactive|kshuaib734 also wants the timer to be on.
|
|t:|1781532939
|teamsize|p1|6
|teamsize|p2|6
|start
|switch|p1a: King Tyrant|Tyranitar, M|100/100
|switch|p2a: Darkrai|Darkrai|100/100
|-weather|Sandstorm|[from] ability: Sand Stream|[of] p1a: King Tyrant
|turn|1
|
|t:|1781532950
|move|p2a: Darkrai|Focus Blast|p1a: King Tyrant
|-supereffective|p1a: King Tyrant
|-damage|p1a: King Tyrant|0 fnt
|faint|p1a: King Tyrant
|-damage|p2a: Darkrai|91/100|[from] item: Life Orb
|
|-weather|Sandstorm|[upkeep]
|-damage|p2a: Darkrai|84/100|[from] Sandstorm
|upkeep
|
|t:|1781532957
|switch|p1a: Tyrant's Legacy|Excadrill, M|100/100
|turn|2
|
|t:|1781532962
|switch|p2a: Ghold Experience|Gholdengo|100/100
|-item|p2a: Ghold Experience|Air Balloon
|move|p1a: Tyrant's Legacy|Earthquake|p2a: Ghold Experience
|-immune|p2a: Ghold Experience
|
|-weather|Sandstorm|[upkeep]
|upkeep
|turn|3
|
|t:|1781532970
|move|p1a: Tyrant's Legacy|Throat Chop|p2a: Ghold Experience
|-supereffective|p2a: Ghold Experience
|-damage|p2a: Ghold Experience|41/100
|-start|p2a: Ghold Experience|Throat Chop|[silent]
|-enditem|p2a: Ghold Experience|Air Balloon
|-damage|p1a: Tyrant's Legacy|91/100|[from] item: Life Orb
|move|p2a: Ghold Experience|Hex|p1a: Tyrant's Legacy
|-damage|p1a: Tyrant's Legacy|50/100
|
|-weather|Sandstorm|[upkeep]
|upkeep
|turn|4
|
|t:|1781532979
|move|p1a: Tyrant's Legacy|Earthquake|p2a: Ghold Experience
|-supereffective|p2a: Ghold Experience
|-damage|p2a: Ghold Experience|0 fnt
|faint|p2a: Ghold Experience
|-damage|p1a: Tyrant's Legacy|41/100|[from] item: Life Orb
|
|-weather|Sandstorm|[upkeep]
|upkeep
|
|t:|1781532981
|switch|p2a: Great Tusk|Great Tusk|100/100
|turn|5
|
|t:|1781532987
|move|p1a: Tyrant's Legacy|Earthquake|p2a: Great Tusk
|-damage|p2a: Great Tusk|47/100
|-damage|p1a: Tyrant's Legacy|31/100|[from] item: Life Orb
|move|p2a: Great Tusk|Stealth Rock|p1a: Tyrant's Legacy
|-sidestart|p1: kshuaib734|move: Stealth Rock
|
|-weather|none
|upkeep
|turn|6
|
|t:|1781532993
|move|p2a: Great Tusk|Headlong Rush|p1a: Tyrant's Legacy
|-supereffective|p1a: Tyrant's Legacy
|-damage|p1a: Tyrant's Legacy|0 fnt
|-unboost|p2a: Great Tusk|def|1
|-unboost|p2a: Great Tusk|spd|1
|faint|p1a: Tyrant's Legacy
|
|upkeep
|
|t:|1781533005
|switch|p1a: Tyrant's Downpour|Pelipper, M|100/100
|-damage|p1a: Tyrant's Downpour|75/100|[from] Stealth Rock
|-weather|RainDance|[from] ability: Drizzle|[of] p1a: Tyrant's Downpour
|turn|7
|
|t:|1781533014
|-end|p2a: Great Tusk|Protosynthesis|[silent]
|switch|p2a: Kyurem|Kyurem, shiny|100/100
|-ability|p2a: Kyurem|Pressure
|move|p1a: Tyrant's Downpour|Weather Ball|p2a: Kyurem
|-resisted|p2a: Kyurem
|-damage|p2a: Kyurem|87/100
|
|-weather|RainDance|[upkeep]
|upkeep
|turn|8
|
|t:|1781533023
|move|p2a: Kyurem|Freeze-Dry|p1a: Tyrant's Downpour
|-supereffective|p1a: Tyrant's Downpour
|-damage|p1a: Tyrant's Downpour|0 fnt
|faint|p1a: Tyrant's Downpour
|
|-weather|RainDance|[upkeep]
|upkeep
|
|t:|1781533032
|switch|p1a: Tyrant's Enforcer|Dragonite, F|100/100
|turn|9
|
|t:|1781533037
|move|p1a: Tyrant's Enforcer|Extreme Speed|p2a: Kyurem
|-damage|p2a: Kyurem|59/100
|move|p2a: Kyurem|Ice Beam|p1a: Tyrant's Enforcer
|-supereffective|p1a: Tyrant's Enforcer
|-crit|p1a: Tyrant's Enforcer
|-damage|p1a: Tyrant's Enforcer|0 fnt
|faint|p1a: Tyrant's Enforcer
|
|-weather|RainDance|[upkeep]
|upkeep
|
|t:|1781533045
|switch|p1a: Tyrant's Vengeance|Kingdra, F|100/100
|-damage|p1a: Tyrant's Vengeance|88/100|[from] Stealth Rock
|turn|10
|j| choispecs ironmoth
|
|t:|1781533057
|-terastallize|p2a: Kyurem|Fairy
|move|p1a: Tyrant's Vengeance|Draco Meteor|p2a: Kyurem
|-immune|p2a: Kyurem
|move|p2a: Kyurem|Freeze-Dry|p1a: Tyrant's Vengeance
|-supereffective|p1a: Tyrant's Vengeance
|-crit|p1a: Tyrant's Vengeance
|-damage|p1a: Tyrant's Vengeance|0 fnt
|faint|p1a: Tyrant's Vengeance
|
|-weather|RainDance|[upkeep]
|upkeep
|
|t:|1781533066
|switch|p1a: Tyrant's Endgame|Quaquaval, M|100/100
|-damage|p1a: Tyrant's Endgame|94/100|[from] Stealth Rock
|turn|11
|
|t:|1781533070
|-terastallize|p1a: Tyrant's Endgame|Water
|move|p1a: Tyrant's Endgame|Aqua Jet|p2a: Kyurem
|-damage|p2a: Kyurem|11/100
|move|p2a: Kyurem|Freeze-Dry|p1a: Tyrant's Endgame
|-supereffective|p1a: Tyrant's Endgame
|-damage|p1a: Tyrant's Endgame|0 fnt
|faint|p1a: Tyrant's Endgame
|
|win|ign28
|raw|kshuaib734's rating: 1667 &rarr; <strong>1648</strong><br />(-19 for losing)
|raw|ign28's rating: 1680 &rarr; <strong>1699</strong><br />(+19 for winning)
|l|☆kshuaib734
|player|p1|
|l|☆ign28
|player|p2|
|l| choispecs ironmoth
|j| choispecs ironmoth
|l| choispecs ironmoth
