|j|☆LowEL0God
|j|☆WorkinBorkin
|t:|1781277234
|gametype|singles
|player|p1|LowEL0God|265|1597
|player|p2|WorkinBorkin|170|1571
|gen|9
|tier|[Gen 9] OU
|rated|
|rule|HP Percentage Mod: HP is shown in percentages
|rule|Endless Battle Clause: Forcing endless battles is banned
|rule|Species Clause: Limit one of each Pokémon
|rule|OHKO Clause: OHKO moves are banned
|rule|Evasion Items Clause: Evasion items are banned
|rule|Evasion Moves Clause: Evasion moves are banned
|rule|Evasion Abilities Clause: Evasion abilities are banned
|rule|Sleep Moves Clause: Sleep-inducing moves are banned
|clearpoke
|poke|p1|Pelipper, F|
|poke|p1|Raging Bolt|
|poke|p1|Overqwil, F|
|poke|p1|Barraskewda, F|
|poke|p1|Iron Treads|
|poke|p1|Kingambit, F|
|poke|p2|Hippowdon, M|
|poke|p2|Excadrill, F|
|poke|p2|Garganacl, F|
|poke|p2|Skarmory, M|
|poke|p2|Sinistcha|
|poke|p2|Weavile, F|
|teampreview
|c|☆LowEL0God|hf
|inactive|Battle timer is ON: inactive players will automatically lose when time's up. (requested by LowEL0God)
|
|t:|1781277242
|teamsize|p1|6
|teamsize|p2|6
|start
|switch|p1a: Pelipper|Pelipper, F|100/100
|switch|p2a: Weavile|Weavile, F, shiny|100/100
|-ability|p2a: Weavile|Pressure
|-weather|RainDance|[from] ability: Drizzle|[of] p1a: Pelipper
|turn|1
|
|t:|1781277244
|switch|p2a: Hippowdon|Hippowdon, M|100/100
|-weather|Sandstorm|[from] ability: Sand Stream|[of] p2a: Hippowdon
|move|p1a: Pelipper|Weather Ball|p2a: Hippowdon
|-resisted|p2a: Hippowdon
|-damage|p2a: Hippowdon|92/100
|
|-weather|Sandstorm|[upkeep]
|-damage|p1a: Pelipper|94/100|[from] Sandstorm
|upkeep
|turn|2
|
|t:|1781277246
|move|p2a: Hippowdon|Stealth Rock|p1a: Pelipper
|-sidestart|p1: LowEL0God|move: Stealth Rock
|move|p1a: Pelipper|Hurricane|p2a: Hippowdon|[miss]
|-miss|p1a: Pelipper|p2a: Hippowdon
|
|-weather|Sandstorm|[upkeep]
|-damage|p1a: Pelipper|88/100|[from] Sandstorm
|upkeep
|turn|3
|
|t:|1781277249
|switch|p2a: Garganacl|Garganacl, F, shiny|100/100
|move|p1a: Pelipper|Hurricane|p2a: Garganacl
|-resisted|p2a: Garganacl
|-damage|p2a: Garganacl|92/100
|
|-weather|Sandstorm|[upkeep]
|-damage|p1a: Pelipper|82/100|[from] Sandstorm
|-heal|p2a: Garganacl|98/100|[from] item: Leftovers
|upkeep
|turn|4
|
|t:|1781277252
|switch|p1a: Kingambit|Kingambit, F|100/100
|-damage|p1a: Kingambit|94/100|[from] Stealth Rock
|move|p2a: Garganacl|Salt Cure|p1a: Kingambit
|-resisted|p1a: Kingambit
|-damage|p1a: Kingambit|90/100
|-start|p1a: Kingambit|Salt Cure
|
|-weather|Sandstorm|[upkeep]
|-heal|p1a: Kingambit|96/100|[from] item: Leftovers
|-heal|p2a: Garganacl|100/100|[from] item: Leftovers
|-damage|p1a: Kingambit|71/100|[from] Salt Cure
|upkeep
|turn|5
|
|t:|1781277254
|switch|p2a: Skarmory|Skarmory, M|100/100
|move|p1a: Kingambit|Iron Head|p2a: Skarmory
|-resisted|p2a: Skarmory
|-damage|p2a: Skarmory|85/100
|-damage|p1a: Kingambit|54/100|[from] item: Rocky Helmet|[of] p2a: Skarmory
|
|-weather|Sandstorm|[upkeep]
|-heal|p1a: Kingambit|61/100|[from] item: Leftovers
|-damage|p1a: Kingambit|36/100|[from] Salt Cure
|upkeep
|turn|6
|
|t:|1781277257
|-end|p1a: Kingambit|fallenundefined|[silent]
|switch|p1a: Pelipper|Pelipper, F|82/100
|-damage|p1a: Pelipper|57/100|[from] Stealth Rock
|-weather|RainDance|[from] ability: Drizzle|[of] p1a: Pelipper
|move|p2a: Skarmory|Spikes|p1a: Pelipper
|-sidestart|p1: LowEL0God|Spikes
|
|-weather|RainDance|[upkeep]
|upkeep
|turn|7
|
|t:|1781277259
|switch|p2a: Hippowdon|Hippowdon, M|92/100
|-weather|Sandstorm|[from] ability: Sand Stream|[of] p2a: Hippowdon
|move|p1a: Pelipper|Weather Ball|p2a: Hippowdon
|-resisted|p2a: Hippowdon
|-damage|p2a: Hippowdon|84/100
|
|-weather|Sandstorm|[upkeep]
|-damage|p1a: Pelipper|51/100|[from] Sandstorm
|upkeep
|turn|8
|
|t:|1781277261
|switch|p2a: Garganacl|Garganacl, F, shiny|100/100
|move|p1a: Pelipper|Roost|p1a: Pelipper
|-heal|p1a: Pelipper|100/100
|-singleturn|p1a: Pelipper|move: Roost
|
|-weather|Sandstorm|[upkeep]
|-damage|p1a: Pelipper|94/100|[from] Sandstorm
|upkeep
|turn|9
|
|t:|1781277262
|switch|p1a: Iron Treads|Iron Treads|100/100
|-damage|p1a: Iron Treads|97/100|[from] Stealth Rock
|-damage|p1a: Iron Treads|85/100|[from] Spikes
|-enditem|p1a: Iron Treads|Booster Energy
|-activate|p1a: Iron Treads|ability: Quark Drive|[fromitem]
|-start|p1a: Iron Treads|quarkdrivespe
|move|p2a: Garganacl|Salt Cure|p1a: Iron Treads
|-resisted|p1a: Iron Treads
|-damage|p1a: Iron Treads|81/100
|-start|p1a: Iron Treads|Salt Cure
|
|-weather|Sandstorm|[upkeep]
|-damage|p1a: Iron Treads|57/100|[from] Salt Cure
|upkeep
|turn|10
|
|t:|1781277264
|switch|p2a: Sinistcha|Sinistcha, shiny|100/100
|move|p1a: Iron Treads|Rapid Spin|p2a: Sinistcha
|-immune|p2a: Sinistcha
|
|-weather|Sandstorm|[upkeep]
|-damage|p2a: Sinistcha|94/100|[from] Sandstorm
|-damage|p1a: Iron Treads|32/100|[from] Salt Cure
|upkeep
|turn|11
|
|t:|1781277266
|move|p1a: Iron Treads|Stealth Rock|p2a: Sinistcha
|-sidestart|p2: WorkinBorkin|move: Stealth Rock
|move|p2a: Sinistcha|Matcha Gotcha|p1a: Iron Treads
|-damage|p1a: Iron Treads|0 fnt
|-heal|p2a: Sinistcha|100/100|[from] drain|[of] p1a: Iron Treads
|faint|p1a: Iron Treads
|-end|p1a: Iron Treads|Quark Drive|[silent]
|
|-weather|Sandstorm|[upkeep]
|-damage|p2a: Sinistcha|94/100|[from] Sandstorm
|upkeep
|
|t:|1781277268
|switch|p1a: Overqwil|Overqwil, F|100/100
|-damage|p1a: Overqwil|88/100|[from] Stealth Rock
|-damage|p1a: Overqwil|76/100|[from] Spikes
|turn|12
|
|t:|1781277272
|switch|p2a: Excadrill|Excadrill, F|100/100
|-damage|p2a: Excadrill|97/100|[from] Stealth Rock
|-item|p2a: Excadrill|Air Balloon
|move|p1a: Overqwil|Swords Dance|p1a: Overqwil
|-boost|p1a: Overqwil|atk|2
|
|-weather|Sandstorm|[upkeep]
|-damage|p1a: Overqwil|70/100|[from] Sandstorm
|upkeep
|turn|13
|
|t:|1781277273
|switch|p1a: Pelipper|Pelipper, F|94/100
|-damage|p1a: Pelipper|70/100|[from] Stealth Rock
|-weather|RainDance|[from] ability: Drizzle|[of] p1a: Pelipper
|move|p2a: Excadrill|Earthquake|p1a: Pelipper
|-immune|p1a: Pelipper
|
|-weather|RainDance|[upkeep]
|upkeep
|turn|14
|
|t:|1781277275
|switch|p2a: Hippowdon|Hippowdon, M|84/100
|-damage|p2a: Hippowdon|78/100|[from] Stealth Rock
|-weather|Sandstorm|[from] ability: Sand Stream|[of] p2a: Hippowdon
|move|p1a: Pelipper|Weather Ball|p2a: Hippowdon
|-resisted|p2a: Hippowdon
|-damage|p2a: Hippowdon|69/100
|
|-weather|Sandstorm|[upkeep]
|-damage|p1a: Pelipper|63/100|[from] Sandstorm
|upkeep
|turn|15
|
|t:|1781277278
|move|p1a: Pelipper|Hurricane|p2a: Hippowdon|[miss]
|-miss|p1a: Pelipper|p2a: Hippowdon
|move|p2a: Hippowdon|Whirlwind|p1a: Pelipper
|drag|p1a: Raging Bolt|Raging Bolt|100/100
|-damage|p1a: Raging Bolt|88/100|[from] Stealth Rock
|-damage|p1a: Raging Bolt|76/100|[from] Spikes
|-enditem|p1a: Raging Bolt|Booster Energy
|-activate|p1a: Raging Bolt|ability: Protosynthesis|[fromitem]
|-start|p1a: Raging Bolt|protosynthesisspa
|
|-weather|Sandstorm|[upkeep]
|-damage|p1a: Raging Bolt|70/100|[from] Sandstorm
|upkeep
|turn|16
|
|t:|1781277282
|switch|p2a: Excadrill|Excadrill, F|97/100
|-damage|p2a: Excadrill|94/100|[from] Stealth Rock
|-item|p2a: Excadrill|Air Balloon
|move|p1a: Raging Bolt|Draco Meteor|p2a: Excadrill
|-resisted|p2a: Excadrill
|-crit|p2a: Excadrill
|-damage|p2a: Excadrill|0 fnt
|-unboost|p1a: Raging Bolt|spa|2
|-enditem|p2a: Excadrill|Air Balloon
|faint|p2a: Excadrill
|
|-weather|Sandstorm|[upkeep]
|-damage|p1a: Raging Bolt|64/100|[from] Sandstorm
|upkeep
|
|t:|1781277287
|switch|p2a: Weavile|Weavile, F, shiny|100/100
|-ability|p2a: Weavile|Pressure
|turn|17
|
|t:|1781277289
|move|p2a: Weavile|Triple Axel|p1a: Raging Bolt
|-supereffective|p1a: Raging Bolt
|-damage|p1a: Raging Bolt|46/100
|-supereffective|p1a: Raging Bolt
|-damage|p1a: Raging Bolt|8/100
|-supereffective|p1a: Raging Bolt
|-damage|p1a: Raging Bolt|0 fnt
|faint|p1a: Raging Bolt
|-end|p1a: Raging Bolt|Protosynthesis|[silent]
|-hitcount|p1: Raging Bolt|3
|
|-weather|Sandstorm|[upkeep]
|-damage|p2a: Weavile|94/100|[from] Sandstorm
|upkeep
|
|t:|1781277289
|switch|p1a: Kingambit|Kingambit, F|36/100
|-damage|p1a: Kingambit|29/100|[from] Stealth Rock
|-damage|p1a: Kingambit|17/100|[from] Spikes
|-activate|p1a: Kingambit|ability: Supreme Overlord
|-start|p1a: Kingambit|fallen2|[silent]
|turn|18
|
|t:|1781277291
|move|p1a: Kingambit|Sucker Punch|p2a: Weavile
|-resisted|p2a: Weavile
|-damage|p2a: Weavile|53/100
|move|p2a: Weavile|Knock Off|p1a: Kingambit
|-resisted|p1a: Kingambit
|-damage|p1a: Kingambit|1/100
|-enditem|p1a: Kingambit|Leftovers|[from] move: Knock Off|[of] p2a: Weavile
|
|-weather|Sandstorm|[upkeep]
|-damage|p2a: Weavile|47/100|[from] Sandstorm
|upkeep
|turn|19
|
|t:|1781277294
|move|p2a: Weavile|Ice Shard|p1a: Kingambit
|-resisted|p1a: Kingambit
|-damage|p1a: Kingambit|0 fnt
|faint|p1a: Kingambit
|-end|p1a: Kingambit|fallen2|[silent]
|
|-weather|Sandstorm|[upkeep]
|-damage|p2a: Weavile|41/100|[from] Sandstorm
|upkeep
|
|t:|1781277295
|switch|p1a: Barraskewda|Barraskewda, F|100/100
|-damage|p1a: Barraskewda|88/100|[from] Stealth Rock
|-damage|p1a: Barraskewda|75/100|[from] Spikes
|turn|20
|
|t:|1781277298
|switch|p2a: Skarmory|Skarmory, M|85/100
|-damage|p2a: Skarmory|73/100|[from] Stealth Rock
|move|p1a: Barraskewda|Aqua Jet|p2a: Skarmory
|-damage|p2a: Skarmory|51/100
|-damage|p1a: Barraskewda|59/100|[from] item: Rocky Helmet|[of] p2a: Skarmory
|
|-weather|Sandstorm|[upkeep]
|-damage|p1a: Barraskewda|53/100|[from] Sandstorm
|upkeep
|turn|21
|
|t:|1781277300
|switch|p1a: Pelipper|Pelipper, F|63/100
|-damage|p1a: Pelipper|39/100|[from] Stealth Rock
|-weather|RainDance|[from] ability: Drizzle|[of] p1a: Pelipper
|move|p2a: Skarmory|Roost|p2a: Skarmory
|-heal|p2a: Skarmory|100/100
|-singleturn|p2a: Skarmory|move: Roost
|
|-weather|RainDance|[upkeep]
|upkeep
|turn|22
|
|t:|1781277302
|switch|p2a: Hippowdon|Hippowdon, M|69/100
|-damage|p2a: Hippowdon|63/100|[from] Stealth Rock
|-weather|Sandstorm|[from] ability: Sand Stream|[of] p2a: Hippowdon
|move|p1a: Pelipper|Roost|p1a: Pelipper
|-heal|p1a: Pelipper|89/100
|-singleturn|p1a: Pelipper|move: Roost
|
|-weather|Sandstorm|[upkeep]
|-damage|p1a: Pelipper|83/100|[from] Sandstorm
|upkeep
|turn|23
|
|t:|1781277304
|move|p1a: Pelipper|Hurricane|p2a: Hippowdon|[miss]
|-miss|p1a: Pelipper|p2a: Hippowdon
|move|p2a: Hippowdon|Whirlwind|p1a: Pelipper
|drag|p1a: Overqwil|Overqwil, F|70/100
|-damage|p1a: Overqwil|58/100|[from] Stealth Rock
|-damage|p1a: Overqwil|45/100|[from] Spikes
|
|-weather|Sandstorm|[upkeep]
|-damage|p1a: Overqwil|39/100|[from] Sandstorm
|upkeep
|turn|24
|
|t:|1781277305
|move|p1a: Overqwil|Crunch|p2a: Hippowdon
|-damage|p2a: Hippowdon|27/100
|-damage|p1a: Overqwil|30/100|[from] item: Life Orb
|move|p2a: Hippowdon|Earthquake|p1a: Overqwil
|-supereffective|p1a: Overqwil
|-damage|p1a: Overqwil|0 fnt
|faint|p1a: Overqwil
|
|-weather|Sandstorm|[upkeep]
|upkeep
|
|t:|1781277307
|switch|p1a: Pelipper|Pelipper, F|83/100
|-damage|p1a: Pelipper|58/100|[from] Stealth Rock
|-weather|RainDance|[from] ability: Drizzle|[of] p1a: Pelipper
|turn|25
|
|t:|1781277311
|switch|p2a: Weavile|Weavile, F, shiny|41/100
|-ability|p2a: Weavile|Pressure
|move|p1a: Pelipper|Weather Ball|p2a: Weavile
|-damage|p2a: Weavile|0 fnt
|faint|p2a: Weavile
|
|-weather|RainDance|[upkeep]
|upkeep
|
|t:|1781277312
|switch|p2a: Hippowdon|Hippowdon, M|27/100
|-damage|p2a: Hippowdon|21/100|[from] Stealth Rock
|-weather|Sandstorm|[from] ability: Sand Stream|[of] p2a: Hippowdon
|turn|26
|
|t:|1781277315
|switch|p2a: Garganacl|Garganacl, F, shiny|100/100
|-damage|p2a: Garganacl|88/100|[from] Stealth Rock
|move|p1a: Pelipper|Roost|p1a: Pelipper
|-heal|p1a: Pelipper|100/100
|-singleturn|p1a: Pelipper|move: Roost
|
|-weather|Sandstorm|[upkeep]
|-damage|p1a: Pelipper|94/100|[from] Sandstorm
|-heal|p2a: Garganacl|94/100|[from] item: Leftovers
|upkeep
|turn|27
|
|t:|1781277316
|move|p1a: Pelipper|Hurricane|p2a: Garganacl
|-resisted|p2a: Garganacl
|-damage|p2a: Garganacl|86/100
|move|p2a: Garganacl|Curse|p2a: Garganacl
|-unboost|p2a: Garganacl|spe|1
|-boost|p2a: Garganacl|atk|1
|-boost|p2a: Garganacl|def|1
|
|-weather|Sandstorm|[upkeep]
|-damage|p1a: Pelipper|88/100|[from] Sandstorm
|-heal|p2a: Garganacl|92/100|[from] item: Leftovers
|upkeep
|turn|28
|
|t:|1781277318
|move|p1a: Pelipper|Roost|p1a: Pelipper
|-heal|p1a: Pelipper|100/100
|-singleturn|p1a: Pelipper|move: Roost
|move|p2a: Garganacl|Curse|p2a: Garganacl
|-unboost|p2a: Garganacl|spe|1
|-boost|p2a: Garganacl|atk|1
|-boost|p2a: Garganacl|def|1
|
|-weather|Sandstorm|[upkeep]
|-damage|p1a: Pelipper|94/100|[from] Sandstorm
|-heal|p2a: Garganacl|99/100|[from] item: Leftovers
|upkeep
|turn|29
|
|t:|1781277320
|move|p1a: Pelipper|Hurricane|p2a: Garganacl
|-resisted|p2a: Garganacl
|-damage|p2a: Garganacl|90/100
|move|p2a: Garganacl|Salt Cure|p1a: Pelipper
|-supereffective|p1a: Pelipper
|-damage|p1a: Pelipper|55/100
|-start|p1a: Pelipper|Salt Cure
|
|-weather|Sandstorm|[upkeep]
|-damage|p1a: Pelipper|49/100|[from] Sandstorm
|-heal|p2a: Garganacl|97/100|[from] item: Leftovers
|-damage|p1a: Pelipper|24/100|[from] Salt Cure
|upkeep
|turn|30
|
|t:|1781277323
|-terastallize|p1a: Pelipper|Ground
|move|p1a: Pelipper|Roost|p1a: Pelipper
|-heal|p1a: Pelipper|74/100
|move|p2a: Garganacl|Salt Cure|p1a: Pelipper
|-resisted|p1a: Pelipper
|-damage|p1a: Pelipper|63/100
|
|-weather|Sandstorm|[upkeep]
|-heal|p2a: Garganacl|100/100|[from] item: Leftovers
|-damage|p1a: Pelipper|51/100|[from] Salt Cure
|upkeep
|turn|31
|
|t:|1781277325
|move|p1a: Pelipper|Roost|p1a: Pelipper
|-heal|p1a: Pelipper|100/100
|move|p2a: Garganacl|Ice Punch|p1a: Pelipper
|-supereffective|p1a: Pelipper
|-damage|p1a: Pelipper|44/100
|
|-weather|Sandstorm|[upkeep]
|-damage|p1a: Pelipper|31/100|[from] Salt Cure
|upkeep
|turn|32
|
|t:|1781277326
|move|p1a: Pelipper|Roost|p1a: Pelipper
|-heal|p1a: Pelipper|81/100
|move|p2a: Garganacl|Ice Punch|p1a: Pelipper
|-supereffective|p1a: Pelipper
|-damage|p1a: Pelipper|24/100
|-status|p1a: Pelipper|frz
|
|-weather|Sandstorm|[upkeep]
|-damage|p1a: Pelipper|12/100 frz|[from] Salt Cure
|upkeep
|turn|33
|
|t:|1781277328
|cant|p1a: Pelipper|frz
|move|p2a: Garganacl|Ice Punch|p1a: Pelipper
|-supereffective|p1a: Pelipper
|-damage|p1a: Pelipper|0 fnt
|faint|p1a: Pelipper
|
|-weather|none
|upkeep
|
|t:|1781277329
|switch|p1a: Barraskewda|Barraskewda, F|53/100
|-damage|p1a: Barraskewda|40/100|[from] Stealth Rock
|-damage|p1a: Barraskewda|28/100|[from] Spikes
|turn|34
|
|t:|1781277331
|-terastallize|p2a: Garganacl|Water
|move|p1a: Barraskewda|Flip Turn|p2a: Garganacl
|-resisted|p2a: Garganacl
|-damage|p2a: Garganacl|92/100
|move|p2a: Garganacl|Salt Cure|p1a: Barraskewda
|-crit|p1a: Barraskewda
|-damage|p1a: Barraskewda|0 fnt
|faint|p1a: Barraskewda
|
|win|WorkinBorkin
|raw|LowEL0God's rating: 1597 &rarr; <strong>1576</strong><br />(-21 for losing)
|raw|WorkinBorkin's rating: 1571 &rarr; <strong>1592</strong><br />(+21 for winning)
|l|☆WorkinBorkin
|player|p2|
|c|☆LowEL0God|gg
|l|☆LowEL0God
|player|p1|
