|j|☆icylikedecember
|j|☆juli<33
|t:|1781260446
|gametype|singles
|player|p1|icylikedecember|smasher|1740
|player|p2|juli<33|irida|1708
|gen|9
|tier|[Gen 9] OU
|rated|
|rule|HP Percentage Mod: HP is shown in percentages
|rule|Endless Battle Clause: Forcing endless battles is banned
|rule|Species Clause: Limit one of each Pokémon
|rule|OHKO Clause: OHKO moves are banned
|rule|Evasion Items Clause: Evasion items are banned
|rule|Evasion Moves Clause: Evasion moves are banned
|rule|Evasion Abilities Clause: Evasion abilities are banned
|rule|Sleep Moves Clause: Sleep-inducing moves are banned
|clearpoke
|poke|p1|Corviknight, M|
|poke|p1|Slowking-Galar, M|
|poke|p1|Darkrai|
|poke|p1|Kyurem|
|poke|p1|Zamazenta-*|
|poke|p1|Crawdaunt, M|
|poke|p2|Great Tusk|
|poke|p2|Slowking-Galar, M|
|poke|p2|Corviknight, F|
|poke|p2|Clefable, F|
|poke|p2|Samurott-Hisui, F|
|poke|p2|Dragapult, F|
|teampreview
|inactive|Battle timer is ON: inactive players will automatically lose when time's up. (requested by juli<33)
|j| Puyu paz
|
|t:|1781260455
|teamsize|p1|6
|teamsize|p2|6
|start
|switch|p1a: Slowking|Slowking-Galar, M, shiny|100/100
|switch|p2a: P!nk|Clefable, F|100/100
|turn|1
|
|t:|1781260457
|move|p2a: P!nk|Knock Off|p1a: Slowking
|-supereffective|p1a: Slowking
|-crit|p1a: Slowking
|-damage|p1a: Slowking|56/100
|-enditem|p1a: Slowking|Assault Vest|[from] move: Knock Off|[of] p2a: P!nk
|move|p1a: Slowking|Sludge Bomb|p2a: P!nk
|-supereffective|p2a: P!nk
|-damage|p2a: P!nk|16/100
|
|-heal|p2a: P!nk|22/100|[from] item: Leftovers
|upkeep
|turn|2
|
|t:|1781260460
|switch|p2a: Alchemist|Slowking-Galar, M|100/100
|move|p1a: Slowking|Sludge Bomb|p2a: Alchemist
|-resisted|p2a: Alchemist
|-damage|p2a: Alchemist|90/100
|
|upkeep
|turn|3
|
|t:|1781260466
|switch|p2a: Jack|Samurott-Hisui, F, shiny|100/100
|move|p1a: Slowking|Psyshock|p2a: Jack
|-immune|p2a: Jack
|
|upkeep
|turn|4
|
|t:|1781260470
|switch|p1a: Corviknight|Corviknight, M, shiny|100/100
|-ability|p1a: Corviknight|Pressure
|move|p2a: Jack|Ceaseless Edge|p1a: Corviknight
|-damage|p1a: Corviknight|74/100
|-damage|p2a: Jack|84/100|[from] item: Rocky Helmet|[of] p1a: Corviknight
|-sidestart|p1: icylikedecember|Spikes
|
|upkeep
|turn|5
|c|☆icylikedecember|ok go off
|
|t:|1781260480
|move|p2a: Jack|Knock Off|p1a: Corviknight
|-damage|p1a: Corviknight|49/100
|-damage|p2a: Jack|68/100|[from] item: Rocky Helmet|[of] p1a: Corviknight
|-enditem|p1a: Corviknight|Rocky Helmet|[from] move: Knock Off|[of] p2a: Jack
|move|p1a: Corviknight|Defog|p2a: Jack
|-unboost|p2a: Jack|evasion|1
|-sideend|p1: icylikedecember|Spikes|[from] move: Defog|[of] p1a: Corviknight
|
|upkeep
|turn|6
|
|t:|1781260487
|move|p2a: Jack|Ceaseless Edge|p1a: Corviknight
|-damage|p1a: Corviknight|22/100
|-sidestart|p1: icylikedecember|Spikes
|move|p1a: Corviknight|Roost|p1a: Corviknight
|-heal|p1a: Corviknight|72/100
|-singleturn|p1a: Corviknight|move: Roost
|
|upkeep
|turn|7
|
|t:|1781260495
|move|p2a: Jack|Ceaseless Edge|p1a: Corviknight
|-damage|p1a: Corviknight|46/100
|-sidestart|p1: icylikedecember|Spikes
|move|p1a: Corviknight|Roost|p1a: Corviknight
|-heal|p1a: Corviknight|96/100
|-singleturn|p1a: Corviknight|move: Roost
|
|upkeep
|turn|8
|
|t:|1781260502
|move|p2a: Jack|Aqua Cutter|p1a: Corviknight
|-damage|p1a: Corviknight|67/100
|move|p1a: Corviknight|Defog|p2a: Jack
|-unboost|p2a: Jack|evasion|1
|-sideend|p1: icylikedecember|Spikes|[from] move: Defog|[of] p1a: Corviknight
|
|upkeep
|turn|9
|
|t:|1781260509
|switch|p2a: P!nk|Clefable, F|22/100
|move|p1a: Corviknight|Roost|p1a: Corviknight
|-heal|p1a: Corviknight|100/100
|-singleturn|p1a: Corviknight|move: Roost
|
|-heal|p2a: P!nk|28/100|[from] item: Leftovers
|upkeep
|turn|10
|
|t:|1781260511
|move|p1a: Corviknight|U-turn|p2a: P!nk
|-resisted|p2a: P!nk
|-damage|p2a: P!nk|23/100
|
|t:|1781260514
|switch|p1a: Slowking|Slowking-Galar, M, shiny|90/100|[from] U-turn
|move|p2a: P!nk|Moonlight|p2a: P!nk
|-heal|p2a: P!nk|73/100
|
|-heal|p2a: P!nk|79/100|[from] item: Leftovers
|upkeep
|turn|11
|
|t:|1781260517
|switch|p2a: Alchemist|Slowking-Galar, M|100/100
|move|p1a: Slowking|Sludge Bomb|p2a: Alchemist
|-resisted|p2a: Alchemist
|-damage|p2a: Alchemist|91/100
|
|upkeep
|turn|12
|
|t:|1781260522
|move|p2a: Alchemist|Psyshock|p1a: Slowking
|-crit|p1a: Slowking
|-damage|p1a: Slowking|28/100
|move|p1a: Slowking|Psyshock|p2a: Alchemist
|-damage|p2a: Alchemist|53/100
|
|upkeep
|turn|13
|
|t:|1781260528
|switch|p1a: Corviknight|Corviknight, M, shiny|100/100
|-ability|p1a: Corviknight|Pressure
|move|p2a: Alchemist|Sludge Bomb|p1a: Corviknight
|-immune|p1a: Corviknight
|
|upkeep
|turn|14
|
|t:|1781260544
|switch|p2a: Voyageur|Corviknight, F|100/100
|-ability|p2a: Voyageur|Pressure
|move|p1a: Corviknight|Brave Bird|p2a: Voyageur
|-resisted|p2a: Voyageur
|-damage|p2a: Voyageur|90/100
|-damage|p1a: Corviknight|84/100|[from] item: Rocky Helmet|[of] p2a: Voyageur
|-damage|p1a: Corviknight|80/100|[from] Recoil
|
|upkeep
|turn|15
|
|t:|1781260550
|move|p1a: Corviknight|U-turn|p2a: Voyageur
|-resisted|p2a: Voyageur
|-damage|p2a: Voyageur|88/100
|-damage|p1a: Corviknight|64/100|[from] item: Rocky Helmet|[of] p2a: Voyageur
|
|t:|1781260552
|switch|p1a: Slowking|Slowking-Galar, M, shiny|62/100|[from] U-turn
|move|p2a: Voyageur|U-turn|p1a: Slowking
|-damage|p1a: Slowking|48/100
|
|t:|1781260555
|switch|p2a: Loxodonta|Great Tusk|100/100|[from] U-turn
|
|upkeep
|turn|16
|
|t:|1781260562
|switch|p1a: Corviknight|Corviknight, M, shiny|64/100
|-ability|p1a: Corviknight|Pressure
|move|p2a: Loxodonta|Headlong Rush|p1a: Corviknight
|-immune|p1a: Corviknight
|
|upkeep
|turn|17
|
|t:|1781260567
|move|p2a: Loxodonta|Ice Spinner|p1a: Corviknight
|-damage|p1a: Corviknight|47/100
|move|p1a: Corviknight|Roost|p1a: Corviknight
|-heal|p1a: Corviknight|97/100
|-singleturn|p1a: Corviknight|move: Roost
|
|upkeep
|turn|18
|
|t:|1781260572
|-end|p2a: Loxodonta|Protosynthesis|[silent]
|switch|p2a: Voyageur|Corviknight, F|88/100
|-ability|p2a: Voyageur|Pressure
|move|p1a: Corviknight|U-turn|p2a: Voyageur
|-resisted|p2a: Voyageur
|-damage|p2a: Voyageur|86/100
|-damage|p1a: Corviknight|81/100|[from] item: Rocky Helmet|[of] p2a: Voyageur
|
|t:|1781260578
|switch|p1a: Kyurem|Kyurem|100/100|[from] U-turn
|-ability|p1a: Kyurem|Pressure
|
|upkeep
|turn|19
|
|t:|1781260581
|switch|p2a: Alchemist|Slowking-Galar, M|86/100
|move|p1a: Kyurem|Ice Beam|p2a: Alchemist
|-damage|p2a: Alchemist|49/100
|
|upkeep
|turn|20
|
|t:|1781260601
|move|p1a: Kyurem|Ice Beam|p2a: Alchemist
|-damage|p2a: Alchemist|15/100
|move|p2a: Alchemist|Sludge Bomb|p1a: Kyurem
|-damage|p1a: Kyurem|59/100
|
|upkeep
|turn|21
|
|t:|1781260606
|switch|p2a: Jack|Samurott-Hisui, F, shiny|68/100
|move|p1a: Kyurem|Ice Beam|p2a: Jack
|-resisted|p2a: Jack
|-damage|p2a: Jack|25/100
|
|upkeep
|turn|22
|
|t:|1781260610
|move|p2a: Jack|Aqua Jet|p1a: Kyurem
|-resisted|p1a: Kyurem
|-damage|p1a: Kyurem|50/100
|move|p1a: Kyurem|Ice Beam|p2a: Jack
|-resisted|p2a: Jack
|-damage|p2a: Jack|0 fnt
|faint|p2a: Jack
|
|upkeep
|
|t:|1781260612
|switch|p2a: Bull's-eye|Dragapult, F, shiny|100/100
|turn|23
|
|t:|1781260618
|switch|p1a: Slowking|Slowking-Galar, M, shiny|81/100
|move|p2a: Bull's-eye|U-turn|p1a: Slowking
|-damage|p1a: Slowking|64/100
|
|t:|1781260621
|switch|p2a: Loxodonta|Great Tusk|100/100|[from] U-turn
|
|upkeep
|turn|24
|
|t:|1781260626
|switch|p1a: Corviknight|Corviknight, M, shiny|81/100
|-ability|p1a: Corviknight|Pressure
|move|p2a: Loxodonta|Rapid Spin|p1a: Corviknight
|-resisted|p1a: Corviknight
|-damage|p1a: Corviknight|75/100
|-boost|p2a: Loxodonta|spe|1
|
|upkeep
|turn|25
|
|t:|1781260631
|move|p2a: Loxodonta|Ice Spinner|p1a: Corviknight
|-damage|p1a: Corviknight|58/100
|move|p1a: Corviknight|Brave Bird|p2a: Loxodonta
|-supereffective|p2a: Loxodonta
|-damage|p2a: Loxodonta|47/100
|-damage|p1a: Corviknight|42/100|[from] Recoil
|
|-heal|p2a: Loxodonta|53/100|[from] item: Leftovers
|upkeep
|turn|26
|
|t:|1781260634
|move|p2a: Loxodonta|Rapid Spin|p1a: Corviknight
|-resisted|p1a: Corviknight
|-damage|p1a: Corviknight|37/100
|-boost|p2a: Loxodonta|spe|1
|move|p1a: Corviknight|Roost|p1a: Corviknight
|-heal|p1a: Corviknight|87/100
|-singleturn|p1a: Corviknight|move: Roost
|
|-heal|p2a: Loxodonta|60/100|[from] item: Leftovers
|upkeep
|turn|27
|
|t:|1781260645
|move|p2a: Loxodonta|Ice Spinner|p1a: Corviknight
|-damage|p1a: Corviknight|70/100
|move|p1a: Corviknight|Brave Bird|p2a: Loxodonta
|-supereffective|p2a: Loxodonta
|-damage|p2a: Loxodonta|5/100
|-damage|p1a: Corviknight|54/100|[from] Recoil
|
|-heal|p2a: Loxodonta|11/100|[from] item: Leftovers
|upkeep
|turn|28
|
|t:|1781260652
|-terastallize|p2a: Loxodonta|Fighting
|move|p2a: Loxodonta|Close Combat|p1a: Corviknight
|-damage|p1a: Corviknight|7/100
|-unboost|p2a: Loxodonta|def|1
|-unboost|p2a: Loxodonta|spd|1
|move|p1a: Corviknight|Roost|p1a: Corviknight
|-heal|p1a: Corviknight|57/100
|-singleturn|p1a: Corviknight|move: Roost
|
|-heal|p2a: Loxodonta|17/100|[from] item: Leftovers
|upkeep
|turn|29
|-message|juli<33 forfeited.
|
|win|icylikedecember
|raw|icylikedecember's rating: 1740 &rarr; <strong>1758</strong><br />(+18 for winning)
|raw|juli&lt;33's rating: 1708 &rarr; <strong>1690</strong><br />(-18 for losing)
|l|☆juli<33
|player|p2|
|l| Puyu paz
|l|☆icylikedecember
|player|p1|
