|badge|p1|silver|gen9pu|30-9
|uhtml|medal-msg|<div class="broadcast-blue">Curious what those medals under the avatar are? PS now has Ladder Seasons! For more information, check out the <a href="https://www.smogon.com/forums/threads/3740067/">thread on Smogon.</a></div>
|j|☆ceo o wo chien
|j|☆Boxed by Po
|t:|1781324311
|gametype|singles
|player|p1|ceo o wo chien|fisherman-gen4|1810
|player|p2|Boxed by Po|firebreather|1703
|gen|9
|tier|[Gen 9] OU
|rated|
|rule|HP Percentage Mod: HP is shown in percentages
|rule|Endless Battle Clause: Forcing endless battles is banned
|rule|Species Clause: Limit one of each Pokémon
|rule|OHKO Clause: OHKO moves are banned
|rule|Evasion Items Clause: Evasion items are banned
|rule|Evasion Moves Clause: Evasion moves are banned
|rule|Evasion Abilities Clause: Evasion abilities are banned
|rule|Sleep Moves Clause: Sleep-inducing moves are banned
|clearpoke
|poke|p1|Wo-Chien|
|poke|p1|Weezing-Galar, F|
|poke|p1|Alomomola, F|
|poke|p1|Iron Treads|
|poke|p1|Latios, M|
|poke|p1|Zamazenta-*|
|poke|p2|Cinderace, F|
|poke|p2|Mandibuzz, F|
|poke|p2|Kyurem|
|poke|p2|Ting-Lu|
|poke|p2|Latias, F|
|poke|p2|Kingambit, M|
|teampreview
|inactive|Battle timer is ON: inactive players will automatically lose when time's up. (requested by ceo o wo chien)
|
|t:|1781324341
|teamsize|p1|6
|teamsize|p2|6
|start
|switch|p1a: Weezing|Weezing-Galar, F|100/100
|switch|p2a: Apple bottom jeans|Cinderace, F|100/100
|turn|1
|
|t:|1781324348
|move|p2a: Apple bottom jeans|Pyro Ball|p1a: Weezing
|-damage|p1a: Weezing|41/100
|move|p1a: Weezing|Strange Steam|p2a: Apple bottom jeans
|-resisted|p2a: Apple bottom jeans
|-damage|p2a: Apple bottom jeans|62/100
|
|upkeep
|turn|2
|
|t:|1781324353
|switch|p1a: Alomomola|Alomomola, F|100/100
|move|p2a: Apple bottom jeans|Pyro Ball|p1a: Alomomola|[miss]
|-miss|p2a: Apple bottom jeans|p1a: Alomomola
|
|upkeep
|turn|3
|
|t:|1781324355
|move|p2a: Apple bottom jeans|U-turn|p1a: Alomomola
|-start|p2a: Apple bottom jeans|typechange|Bug|[from] ability: Libero
|-crit|p1a: Alomomola
|-damage|p1a: Alomomola|65/100
|
|t:|1781324359
|switch|p2a: cure him|Kyurem|100/100|[from] U-turn
|-ability|p2a: cure him|Pressure
|move|p1a: Alomomola|Flip Turn|p2a: cure him
|-resisted|p2a: cure him
|-damage|p2a: cure him|93/100
|
|t:|1781324363
|switch|p1a: Latios|Latios, M|100/100|[from] Flip Turn
|
|upkeep
|turn|4
|
|t:|1781324367
|switch|p1a: Alomomola|Alomomola, F|98/100
|move|p2a: cure him|Ice Beam|p1a: Alomomola
|-resisted|p1a: Alomomola
|-damage|p1a: Alomomola|86/100
|-status|p1a: Alomomola|frz
|
|upkeep
|turn|5
|
|t:|1781324375
|switch|p2a: Tingle|Ting-Lu, shiny|100/100
|-ability|p2a: Tingle|Vessel of Ruin
|cant|p1a: Alomomola|frz
|
|upkeep
|turn|6
|
|t:|1781324379
|move|p2a: Tingle|Earthquake|p1a: Alomomola
|-damage|p1a: Alomomola|47/100 frz
|cant|p1a: Alomomola|frz
|
|upkeep
|turn|7
|
|t:|1781324383
|move|p2a: Tingle|Stealth Rock|p1a: Alomomola
|-sidestart|p1: ceo o wo chien|move: Stealth Rock
|cant|p1a: Alomomola|frz
|
|upkeep
|turn|8
|
|t:|1781324386
|move|p2a: Tingle|Earthquake|p1a: Alomomola
|-damage|p1a: Alomomola|8/100 frz
|cant|p1a: Alomomola|frz
|
|upkeep
|turn|9
|
|t:|1781324388
|switch|p1a: Weezing|Weezing-Galar, F|41/100
|-damage|p1a: Weezing|29/100|[from] Stealth Rock
|move|p2a: Tingle|Earthquake|p1a: Weezing
|-immune|p1a: Weezing|[from] ability: Levitate
|
|upkeep
|turn|10
|
|t:|1781324390
|move|p1a: Weezing|Strange Steam|p2a: Tingle
|-supereffective|p2a: Tingle
|-damage|p2a: Tingle|36/100
|-enditem|p2a: Tingle|Weakness Policy
|-boost|p2a: Tingle|atk|2|[from] item: Weakness Policy
|-boost|p2a: Tingle|spa|2|[from] item: Weakness Policy
|move|p2a: Tingle|Heavy Slam|p1a: Weezing
|-supereffective|p1a: Weezing
|-damage|p1a: Weezing|0 fnt
|faint|p1a: Weezing
|
|upkeep
|
|t:|1781324397
|switch|p1a: Wo-Chien|Wo-Chien|100/100
|-damage|p1a: Wo-Chien|88/100|[from] Stealth Rock
|-ability|p1a: Wo-Chien|Tablets of Ruin
|turn|11
|
|t:|1781324400
|move|p1a: Wo-Chien|Leech Seed|p2a: Tingle
|-start|p2a: Tingle|move: Leech Seed
|move|p2a: Tingle|Heavy Slam|p1a: Wo-Chien
|-damage|p1a: Wo-Chien|46/100
|
|-heal|p1a: Wo-Chien|52/100|[from] item: Leftovers
|-damage|p2a: Tingle|24/100|[from] Leech Seed|[of] p1a: Wo-Chien
|-heal|p1a: Wo-Chien|68/100|[silent]
|upkeep
|turn|12
|
|t:|1781324405
|switch|p2a: Apple bottom jeans|Cinderace, F|62/100
|move|p1a: Wo-Chien|Stun Spore|p2a: Apple bottom jeans
|-status|p2a: Apple bottom jeans|par
|
|-heal|p1a: Wo-Chien|75/100|[from] item: Leftovers
|upkeep
|turn|13
|
|t:|1781324409
|move|p1a: Wo-Chien|Protect|p1a: Wo-Chien
|-singleturn|p1a: Wo-Chien|Protect
|cant|p2a: Apple bottom jeans|par
|
|-heal|p1a: Wo-Chien|81/100|[from] item: Leftovers
|upkeep
|turn|14
|
|t:|1781324412
|move|p1a: Wo-Chien|Foul Play|p2a: Apple bottom jeans
|-damage|p2a: Apple bottom jeans|0 fnt
|faint|p2a: Apple bottom jeans
|
|-heal|p1a: Wo-Chien|87/100|[from] item: Leftovers
|upkeep
|
|t:|1781324422
|switch|p2a: Tingle|Ting-Lu, shiny|24/100
|-ability|p2a: Tingle|Vessel of Ruin
|turn|15
|
|t:|1781324425
|move|p1a: Wo-Chien|Stun Spore|p2a: Tingle
|-status|p2a: Tingle|par
|cant|p2a: Tingle|par
|
|-heal|p1a: Wo-Chien|93/100|[from] item: Leftovers
|upkeep
|turn|16
|
|t:|1781324428
|move|p1a: Wo-Chien|Leech Seed|p2a: Tingle
|-start|p2a: Tingle|move: Leech Seed
|cant|p2a: Tingle|par
|
|-heal|p1a: Wo-Chien|99/100|[from] item: Leftovers
|-damage|p2a: Tingle|12/100 par|[from] Leech Seed|[of] p1a: Wo-Chien
|-heal|p1a: Wo-Chien|100/100|[silent]
|upkeep
|turn|17
|
|t:|1781324430
|move|p1a: Wo-Chien|Protect|p1a: Wo-Chien
|-singleturn|p1a: Wo-Chien|Protect
|move|p2a: Tingle|Heavy Slam|p1a: Wo-Chien
|-activate|p1a: Wo-Chien|move: Protect
|
|-damage|p2a: Tingle|0 fnt|[from] Leech Seed|[of] p1a: Wo-Chien
|faint|p2a: Tingle
|upkeep
|
|t:|1781324435
|switch|p2a: Big Bird|Mandibuzz, F, shiny|100/100
|turn|18
|
|t:|1781324438
|switch|p1a: Iron Treads|Iron Treads|100/100
|-damage|p1a: Iron Treads|97/100|[from] Stealth Rock
|move|p2a: Big Bird|Taunt|p1a: Iron Treads
|-start|p1a: Iron Treads|move: Taunt
|
|-heal|p1a: Iron Treads|100/100|[from] item: Leftovers
|upkeep
|turn|19
|
|t:|1781324440
|move|p1a: Iron Treads|Rapid Spin|p2a: Big Bird
|-damage|p2a: Big Bird|93/100
|-boost|p1a: Iron Treads|spe|1
|-damage|p1a: Iron Treads|84/100|[from] item: Rocky Helmet|[of] p2a: Big Bird
|-sideend|p1: ceo o wo chien|Stealth Rock|[from] move: Rapid Spin|[of] p1a: Iron Treads
|move|p2a: Big Bird|Foul Play|p1a: Iron Treads
|-damage|p1a: Iron Treads|54/100
|
|-heal|p1a: Iron Treads|60/100|[from] item: Leftovers
|upkeep
|turn|20
|
|t:|1781324443
|move|p1a: Iron Treads|Knock Off|p2a: Big Bird
|-resisted|p2a: Big Bird
|-damage|p2a: Big Bird|86/100
|-damage|p1a: Iron Treads|44/100|[from] item: Rocky Helmet|[of] p2a: Big Bird
|-enditem|p2a: Big Bird|Rocky Helmet|[from] move: Knock Off|[of] p1a: Iron Treads
|move|p2a: Big Bird|Foul Play|p1a: Iron Treads
|-damage|p1a: Iron Treads|15/100
|
|-heal|p1a: Iron Treads|22/100|[from] item: Leftovers
|-end|p1a: Iron Treads|move: Taunt
|upkeep
|turn|21
|
|t:|1781324445
|move|p1a: Iron Treads|Stealth Rock|p2a: Big Bird
|-sidestart|p2: Boxed by Po|move: Stealth Rock
|move|p2a: Big Bird|Foul Play|p1a: Iron Treads
|-damage|p1a: Iron Treads|0 fnt
|faint|p1a: Iron Treads
|-end|p1a: Iron Treads|Quark Drive|[silent]
|
|upkeep
|
|t:|1781324449
|switch|p1a: Latios|Latios, M|100/100
|turn|22
|
|t:|1781324452
|move|p1a: Latios|Calm Mind|p1a: Latios
|-boost|p1a: Latios|spa|1
|-boost|p1a: Latios|spd|1
|move|p2a: Big Bird|Foul Play|p1a: Latios
|-supereffective|p1a: Latios
|-damage|p1a: Latios|38/100
|
|upkeep
|turn|23
|
|t:|1781324457
|-terastallize|p1a: Latios|Steel
|move|p1a: Latios|Recover|p1a: Latios
|-heal|p1a: Latios|88/100
|move|p2a: Big Bird|Foul Play|p1a: Latios
|-damage|p1a: Latios|59/100
|
|upkeep
|turn|24
|
|t:|1781324461
|move|p1a: Latios|Calm Mind|p1a: Latios
|-boost|p1a: Latios|spa|1
|-boost|p1a: Latios|spd|1
|move|p2a: Big Bird|Defog|p1a: Latios
|-unboost|p1a: Latios|evasion|1
|-sideend|p2: Boxed by Po|Stealth Rock|[from] move: Defog|[of] p2a: Big Bird
|
|upkeep
|turn|25
|
|t:|1781324465
|move|p1a: Latios|Recover|p1a: Latios
|-heal|p1a: Latios|100/100
|move|p2a: Big Bird|Taunt|p1a: Latios
|-start|p1a: Latios|move: Taunt
|
|upkeep
|turn|26
|
|t:|1781324469
|move|p1a: Latios|Draco Meteor|p2a: Big Bird
|-damage|p2a: Big Bird|0 fnt
|-unboost|p1a: Latios|spa|2
|faint|p2a: Big Bird
|
|upkeep
|
|t:|1781324473
|switch|p2a: Kingamble|Kingambit, M, shiny|100/100
|-activate|p2a: Kingamble|ability: Supreme Overlord
|-start|p2a: Kingamble|fallen3|[silent]
|turn|27
|
|t:|1781324475
|switch|p1a: Wo-Chien|Wo-Chien|100/100
|-ability|p1a: Wo-Chien|Tablets of Ruin
|move|p2a: Kingamble|Brick Break|p1a: Wo-Chien
|-supereffective|p1a: Wo-Chien
|-damage|p1a: Wo-Chien|58/100
|
|-heal|p1a: Wo-Chien|64/100|[from] item: Leftovers
|upkeep
|turn|28
|
|t:|1781324479
|move|p1a: Wo-Chien|Leech Seed|p2a: Kingamble
|-start|p2a: Kingamble|move: Leech Seed
|move|p2a: Kingamble|Swords Dance|p2a: Kingamble
|-boost|p2a: Kingamble|atk|2
|
|-heal|p1a: Wo-Chien|71/100|[from] item: Leftovers
|-damage|p2a: Kingamble|88/100|[from] Leech Seed|[of] p1a: Wo-Chien
|-heal|p1a: Wo-Chien|84/100|[silent]
|upkeep
|turn|29
|
|t:|1781324483
|move|p1a: Wo-Chien|Stun Spore|p2a: Kingamble
|-status|p2a: Kingamble|par
|-enditem|p2a: Kingamble|Lum Berry|[eat]
|-curestatus|p2a: Kingamble|par|[msg]
|move|p2a: Kingamble|Swords Dance|p2a: Kingamble
|-boost|p2a: Kingamble|atk|2
|
|-heal|p1a: Wo-Chien|90/100|[from] item: Leftovers
|-damage|p2a: Kingamble|76/100|[from] Leech Seed|[of] p1a: Wo-Chien
|-heal|p1a: Wo-Chien|100/100|[silent]
|upkeep
|turn|30
|
|t:|1781324487
|move|p1a: Wo-Chien|Protect|p1a: Wo-Chien
|-singleturn|p1a: Wo-Chien|Protect
|move|p2a: Kingamble|Brick Break|p1a: Wo-Chien
|-activate|p1a: Wo-Chien|move: Protect
|
|-damage|p2a: Kingamble|63/100|[from] Leech Seed|[of] p1a: Wo-Chien
|upkeep
|turn|31
|
|t:|1781324489
|move|p1a: Wo-Chien|Foul Play|p2a: Kingamble
|-resisted|p2a: Kingamble
|-damage|p2a: Kingamble|1/100
|move|p2a: Kingamble|Brick Break|p1a: Wo-Chien
|-supereffective|p1a: Wo-Chien
|-crit|p1a: Wo-Chien
|-damage|p1a: Wo-Chien|0 fnt
|faint|p1a: Wo-Chien
|
|upkeep
|
|t:|1781324494
|switch|p1a: Zamazenta|Zamazenta|100/100
|-ability|p1a: Zamazenta|Dauntless Shield|boost
|-boost|p1a: Zamazenta|def|1
|turn|32
|
|t:|1781324497
|move|p2a: Kingamble|Sucker Punch||[still]
|-fail|p2a: Kingamble
|move|p1a: Zamazenta|Iron Defense|p1a: Zamazenta
|-boost|p1a: Zamazenta|def|2
|
|-damage|p2a: Kingamble|0 fnt|[from] Leech Seed|[of] p1a: Zamazenta
|faint|p2a: Kingamble
|-end|p2a: Kingamble|fallen3|[silent]
|upkeep
|
|t:|1781324501
|switch|p2a: Materdaddy|Latias, F, shiny|100/100
|turn|33
|
|t:|1781324503
|move|p2a: Materdaddy|Agility|p2a: Materdaddy
|-boost|p2a: Materdaddy|spe|2
|move|p1a: Zamazenta|Roar|p2a: Materdaddy
|drag|p2a: cure him|Kyurem|93/100
|-ability|p2a: cure him|Pressure
|
|upkeep
|turn|34
|
|t:|1781324506
|move|p2a: cure him|Ice Beam|p1a: Zamazenta
|-damage|p1a: Zamazenta|63/100
|move|p1a: Zamazenta|Body Press|p2a: cure him
|-supereffective|p2a: cure him
|-damage|p2a: cure him|0 fnt
|faint|p2a: cure him
|
|-heal|p1a: Zamazenta|70/100|[from] item: Leftovers
|upkeep
|
|t:|1781324508
|switch|p2a: Materdaddy|Latias, F, shiny|100/100
|turn|35
|
|t:|1781324513
|move|p1a: Zamazenta|Body Press|p2a: Materdaddy
|-resisted|p2a: Materdaddy
|-damage|p2a: Materdaddy|57/100
|move|p2a: Materdaddy|Agility|p2a: Materdaddy
|-boost|p2a: Materdaddy|spe|2
|
|-heal|p1a: Zamazenta|76/100|[from] item: Leftovers
|upkeep
|turn|36
|
|t:|1781324517
|move|p2a: Materdaddy|Calm Mind|p2a: Materdaddy
|-boost|p2a: Materdaddy|spa|1
|-boost|p2a: Materdaddy|spd|1
|move|p1a: Zamazenta|Body Press|p2a: Materdaddy
|-resisted|p2a: Materdaddy
|-damage|p2a: Materdaddy|13/100
|
|-heal|p1a: Zamazenta|82/100|[from] item: Leftovers
|upkeep
|turn|37
|
|t:|1781324522
|-terastallize|p2a: Materdaddy|Fairy
|move|p2a: Materdaddy|Draining Kiss|p1a: Zamazenta
|-supereffective|p1a: Zamazenta
|-damage|p1a: Zamazenta|12/100
|-heal|p2a: Materdaddy|69/100|[from] drain|[of] p1a: Zamazenta
|move|p1a: Zamazenta|Body Press|p2a: Materdaddy
|-resisted|p2a: Materdaddy
|-damage|p2a: Materdaddy|28/100
|
|-heal|p1a: Zamazenta|19/100|[from] item: Leftovers
|upkeep
|turn|38
|
|t:|1781324529
|move|p2a: Materdaddy|Draining Kiss|p1a: Zamazenta
|-supereffective|p1a: Zamazenta
|-damage|p1a: Zamazenta|0 fnt
|-heal|p2a: Materdaddy|42/100|[from] drain|[of] p1a: Zamazenta
|faint|p1a: Zamazenta
|
|upkeep
|
|t:|1781324530
|switch|p1a: Latios|Latios, M, tera:Steel|100/100
|turn|39
|
|t:|1781324533
|move|p2a: Materdaddy|Calm Mind|p2a: Materdaddy
|-boost|p2a: Materdaddy|spa|1
|-boost|p2a: Materdaddy|spd|1
|move|p1a: Latios|Calm Mind|p1a: Latios
|-boost|p1a: Latios|spa|1
|-boost|p1a: Latios|spd|1
|
|upkeep
|turn|40
|
|t:|1781324537
|move|p2a: Materdaddy|Calm Mind|p2a: Materdaddy
|-boost|p2a: Materdaddy|spa|1
|-boost|p2a: Materdaddy|spd|1
|move|p1a: Latios|Psychic Noise|p2a: Materdaddy
|-damage|p2a: Materdaddy|22/100
|-start|p2a: Materdaddy|move: Heal Block
|
|upkeep
|turn|41
|
|t:|1781324541
|move|p2a: Materdaddy|Stored Power|p1a: Latios
|-resisted|p1a: Latios
|-damage|p1a: Latios|23/100
|move|p1a: Latios|Psychic Noise|p2a: Materdaddy
|-damage|p2a: Materdaddy|2/100
|
|-end|p2a: Materdaddy|move: Heal Block
|upkeep
|turn|42
|
|t:|1781324545
|move|p2a: Materdaddy|Stored Power|p1a: Latios
|-resisted|p1a: Latios
|-damage|p1a: Latios|0 fnt
|faint|p1a: Latios
|
|upkeep
|-message|ceo o wo chien forfeited.
|
|win|Boxed by Po
|raw|ceo o wo chien's rating: 1810 &rarr; <strong>1784</strong><br />(-26 for losing)
|raw|Boxed by Po's rating: 1703 &rarr; <strong>1729</strong><br />(+26 for winning)
|l|☆ceo o wo chien
|player|p1|
|c|☆Boxed by Po|gg
|l|☆Boxed by Po
|player|p2|
