|j|☆Curbs
|j|☆poor team design
|t:|1781590780
|gametype|singles
|player|p1|Curbs|n|1488
|player|p2|poor team design|1|1569
|gen|9
|tier|[Gen 9] OU
|rated|
|rule|HP Percentage Mod: HP is shown in percentages
|rule|Endless Battle Clause: Forcing endless battles is banned
|rule|Species Clause: Limit one of each Pokémon
|rule|OHKO Clause: OHKO moves are banned
|rule|Evasion Items Clause: Evasion items are banned
|rule|Evasion Moves Clause: Evasion moves are banned
|rule|Evasion Abilities Clause: Evasion abilities are banned
|rule|Sleep Moves Clause: Sleep-inducing moves are banned
|clearpoke
|poke|p1|Ting-Lu|
|poke|p1|Gliscor, F|
|poke|p1|Sinistcha-Masterpiece|
|poke|p1|Keldeo|
|poke|p1|Tinkaton, F|
|poke|p1|Dragonite, M|
|poke|p2|Hawlucha, F|
|poke|p2|Samurott-Hisui, F|
|poke|p2|Rillaboom, F|
|poke|p2|Gholdengo|
|poke|p2|Kyurem|
|poke|p2|Landorus-Therian, M|
|teampreview
|inactive|Battle timer is ON: inactive players will automatically lose when time's up. (requested by Curbs)
|
|t:|1781590806
|teamsize|p1|6
|teamsize|p2|6
|start
|switch|p1a: My Little Pwny|Keldeo|100/100
|switch|p2a: Samurott|Samurott-Hisui, F|100/100
|turn|1
|inactive|poor team design has 120 seconds left.
|
|t:|1781590847
|switch|p2a: Gholdengo|Gholdengo|100/100
|move|p1a: My Little Pwny|Aura Sphere|p2a: Gholdengo
|-immune|p2a: Gholdengo
|
|upkeep
|turn|2
|inactive|Curbs has 120 seconds left.
|c|☆Curbs|i have no idea what i want to take this scarf tbh
|
|t:|1781590884
|switch|p1a: Jarhead|Ting-Lu|100/100
|-ability|p1a: Jarhead|Vessel of Ruin
|move|p2a: Gholdengo|Shadow Ball|p1a: Jarhead
|-resisted|p1a: Jarhead
|-damage|p1a: Jarhead|91/100
|
|-heal|p1a: Jarhead|98/100|[from] item: Leftovers
|upkeep
|turn|3
|
|t:|1781590896
|switch|p2a: Landorus|Landorus-Therian, M|100/100
|-ability|p2a: Landorus|Intimidate|boost
|-unboost|p1a: Jarhead|atk|1
|move|p1a: Jarhead|Spikes|p2a: Landorus
|-sidestart|p2: poor team design|Spikes
|
|-heal|p1a: Jarhead|100/100|[from] item: Leftovers
|upkeep
|turn|4
|inactive|Curbs has 120 seconds left.
|
|t:|1781590917
|switch|p1a: Dance Armstrong|Gliscor, F|100/100
|move|p2a: Landorus|Stealth Rock|p1a: Dance Armstrong
|-sidestart|p1: Curbs|move: Stealth Rock
|
|-status|p1a: Dance Armstrong|tox|[from] item: Toxic Orb
|upkeep
|turn|5
|
|t:|1781590921
|move|p1a: Dance Armstrong|Knock Off|p2a: Landorus
|-damage|p2a: Landorus|78/100
|-damage|p1a: Dance Armstrong|84/100 tox|[from] item: Rocky Helmet|[of] p2a: Landorus
|-enditem|p2a: Landorus|Rocky Helmet|[from] move: Knock Off|[of] p1a: Dance Armstrong
|move|p2a: Landorus|Taunt|p1a: Dance Armstrong
|-start|p1a: Dance Armstrong|move: Taunt
|
|-heal|p1a: Dance Armstrong|97/100 tox|[from] ability: Poison Heal
|upkeep
|turn|6
|inactive|Curbs has 120 seconds left.
|
|t:|1781590929
|move|p1a: Dance Armstrong|Facade|p2a: Landorus
|-damage|p2a: Landorus|47/100
|move|p2a: Landorus|U-turn|p1a: Dance Armstrong
|-resisted|p1a: Dance Armstrong
|-damage|p1a: Dance Armstrong|89/100 tox
|inactive|poor team design has 120 seconds left.
|
|t:|1781590949
|switch|p2a: Kyurem|Kyurem|100/100|[from] U-turn
|-damage|p2a: Kyurem|88/100|[from] Spikes
|-ability|p2a: Kyurem|Pressure
|
|-heal|p1a: Dance Armstrong|100/100 tox|[from] ability: Poison Heal
|upkeep
|turn|7
|inactive|poor team design has 120 seconds left.
|
|t:|1781590960
|switch|p1a: Tinkki Minaj|Tinkaton, F|100/100
|-damage|p1a: Tinkki Minaj|94/100|[from] Stealth Rock
|-ability|p1a: Tinkki Minaj|Mold Breaker
|-item|p1a: Tinkki Minaj|Air Balloon
|move|p2a: Kyurem|Freeze-Dry|p1a: Tinkki Minaj
|-resisted|p1a: Tinkki Minaj
|-damage|p1a: Tinkki Minaj|79/100
|-enditem|p1a: Tinkki Minaj|Air Balloon
|
|upkeep
|turn|8
|inactive|poor team design has 120 seconds left.
|
|t:|1781590992
|switch|p2a: Landorus|Landorus-Therian, M|47/100
|-ability|p2a: Landorus|Intimidate|boost
|-unboost|p1a: Tinkki Minaj|atk|1
|move|p1a: Tinkki Minaj|Stealth Rock|p2a: Landorus
|-sidestart|p2: poor team design|move: Stealth Rock
|
|upkeep
|turn|9
|inactive|Curbs has 120 seconds left.
|
|t:|1781591030
|switch|p1a: Dance Armstrong|Gliscor, F|100/100 tox
|-damage|p1a: Dance Armstrong|88/100 tox|[from] Stealth Rock
|move|p2a: Landorus|U-turn|p1a: Dance Armstrong
|-resisted|p1a: Dance Armstrong
|-damage|p1a: Dance Armstrong|80/100 tox
|
|t:|1781591039
|switch|p2a: Samurott|Samurott-Hisui, F|100/100|[from] U-turn
|-damage|p2a: Samurott|88/100|[from] Spikes
|-damage|p2a: Samurott|76/100|[from] Stealth Rock
|
|-heal|p1a: Dance Armstrong|92/100 tox|[from] ability: Poison Heal
|upkeep
|turn|10
|inactive|Curbs has 120 seconds left.
|j| pls game
|
|t:|1781591053
|move|p1a: Dance Armstrong|Protect|p1a: Dance Armstrong
|-singleturn|p1a: Dance Armstrong|Protect
|move|p2a: Samurott|Ceaseless Edge|p1a: Dance Armstrong
|-activate|p1a: Dance Armstrong|move: Protect
|
|-heal|p1a: Dance Armstrong|100/100 tox|[from] ability: Poison Heal
|upkeep
|turn|11
|inactive|Curbs has 120 seconds left.
|
|t:|1781591061
|switch|p1a: My Little Pwny|Keldeo|100/100
|move|p2a: Samurott|Flip Turn|p1a: My Little Pwny
|-resisted|p1a: My Little Pwny
|-damage|p1a: My Little Pwny|87/100
|
|t:|1781591064
|switch|p2a: Rillaboom|Rillaboom, F|100/100|[from] Flip Turn
|-damage|p2a: Rillaboom|88/100|[from] Spikes
|-damage|p2a: Rillaboom|76/100|[from] Stealth Rock
|-fieldstart|move: Grassy Terrain|[from] ability: Grassy Surge|[of] p2a: Rillaboom
|
|-heal|p1a: My Little Pwny|93/100|[from] Grassy Terrain
|-heal|p2a: Rillaboom|82/100|[from] Grassy Terrain
|upkeep
|turn|12
|inactive|Curbs has 120 seconds left.
|inactive|poor team design has 120 seconds left.
|
|t:|1781591093
|switch|p1a: Tchavis Scott|Sinistcha-Masterpiece|100/100
|move|p2a: Rillaboom|Swords Dance|p2a: Rillaboom
|-boost|p2a: Rillaboom|atk|2
|
|-heal|p2a: Rillaboom|88/100|[from] Grassy Terrain
|upkeep
|turn|13
|inactive|poor team design has 120 seconds left.
|
|t:|1781591103
|move|p2a: Rillaboom|Swords Dance|p2a: Rillaboom
|-boost|p2a: Rillaboom|atk|2
|move|p1a: Tchavis Scott|Strength Sap|p2a: Rillaboom
|-unboost|p2a: Rillaboom|atk|1
|
|-heal|p2a: Rillaboom|94/100|[from] Grassy Terrain
|upkeep
|turn|14
|inactive|Curbs has 120 seconds left.
|
|t:|1781591113
|move|p2a: Rillaboom|Knock Off|p1a: Tchavis Scott
|-supereffective|p1a: Tchavis Scott
|-damage|p1a: Tchavis Scott|0 fnt
|-enditem|p1a: Tchavis Scott|Heavy-Duty Boots|[from] move: Knock Off|[of] p2a: Rillaboom
|faint|p1a: Tchavis Scott
|
|-heal|p2a: Rillaboom|100/100|[from] Grassy Terrain
|upkeep
|
|t:|1781591116
|switch|p1a: Secret Service|Dragonite, M|100/100
|turn|15
|
|t:|1781591119
|move|p2a: Rillaboom|Knock Off|p1a: Secret Service
|-damage|p1a: Secret Service|61/100
|-enditem|p1a: Secret Service|Heavy-Duty Boots|[from] move: Knock Off|[of] p2a: Rillaboom
|move|p1a: Secret Service|Dragon Tail|p2a: Rillaboom
|-damage|p2a: Rillaboom|68/100
|drag|p2a: Landorus|Landorus-Therian, M|47/100
|-damage|p2a: Landorus|35/100|[from] Stealth Rock
|-ability|p2a: Landorus|Intimidate|boost
|-unboost|p1a: Secret Service|atk|1
|
|-fieldend|move: Grassy Terrain
|upkeep
|turn|16
|
|t:|1781591137
|switch|p1a: Dance Armstrong|Gliscor, F|100/100 tox
|-damage|p1a: Dance Armstrong|88/100 tox|[from] Stealth Rock
|move|p2a: Landorus|U-turn|p1a: Dance Armstrong
|-resisted|p1a: Dance Armstrong
|-damage|p1a: Dance Armstrong|80/100 tox
|
|t:|1781591146
|switch|p2a: Samurott|Samurott-Hisui, F|76/100|[from] U-turn
|-damage|p2a: Samurott|63/100|[from] Spikes
|-damage|p2a: Samurott|51/100|[from] Stealth Rock
|
|-heal|p1a: Dance Armstrong|93/100 tox|[from] ability: Poison Heal
|upkeep
|turn|17
|
|t:|1781591157
|move|p1a: Dance Armstrong|Protect|p1a: Dance Armstrong
|-singleturn|p1a: Dance Armstrong|Protect
|move|p2a: Samurott|Flip Turn|p1a: Dance Armstrong
|-activate|p1a: Dance Armstrong|move: Protect
|
|-heal|p1a: Dance Armstrong|100/100 tox|[from] ability: Poison Heal
|upkeep
|turn|18
|
|t:|1781591174
|switch|p1a: Secret Service|Dragonite, M|61/100
|-damage|p1a: Secret Service|36/100|[from] Stealth Rock
|move|p2a: Samurott|Flip Turn|p1a: Secret Service
|-resisted|p1a: Secret Service
|-damage|p1a: Secret Service|24/100
|
|t:|1781591185
|switch|p2a: Landorus|Landorus-Therian, M|35/100|[from] Flip Turn
|-damage|p2a: Landorus|23/100|[from] Stealth Rock
|-ability|p2a: Landorus|Intimidate|boost
|-unboost|p1a: Secret Service|atk|1
|
|upkeep
|turn|19
|
|t:|1781591191
|move|p2a: Landorus|Taunt|p1a: Secret Service
|-start|p1a: Secret Service|move: Taunt
|cant|p1a: Secret Service|move: Taunt|Roost
|
|upkeep
|turn|20
|
|t:|1781591196
|move|p2a: Landorus|U-turn|p1a: Secret Service
|-resisted|p1a: Secret Service
|-damage|p1a: Secret Service|15/100
|
|t:|1781591200
|switch|p2a: Samurott|Samurott-Hisui, F|51/100|[from] U-turn
|-damage|p2a: Samurott|38/100|[from] Spikes
|-damage|p2a: Samurott|26/100|[from] Stealth Rock
|move|p1a: Secret Service|Dragon Tail|p2a: Samurott
|-damage|p2a: Samurott|1/100
|drag|p2a: Landorus|Landorus-Therian, M|23/100
|-damage|p2a: Landorus|10/100|[from] Stealth Rock
|-ability|p2a: Landorus|Intimidate|boost
|-unboost|p1a: Secret Service|atk|1
|
|upkeep
|turn|21
|
|t:|1781591210
|move|p1a: Secret Service|Extreme Speed|p2a: Landorus
|-damage|p2a: Landorus|0 fnt
|faint|p2a: Landorus
|
|-end|p1a: Secret Service|move: Taunt
|upkeep
|
|t:|1781591216
|switch|p2a: Rillaboom|Rillaboom, F|68/100
|-damage|p2a: Rillaboom|55/100|[from] Spikes
|-damage|p2a: Rillaboom|43/100|[from] Stealth Rock
|-fieldstart|move: Grassy Terrain|[from] ability: Grassy Surge|[of] p2a: Rillaboom
|turn|22
|inactive|Curbs has 120 seconds left.
|inactive|poor team design has 120 seconds left.
|inactive|poor team design has 90 seconds left.
|inactive|poor team design has 60 seconds left.
|
|t:|1781591320
|switch|p2a: Kyurem|Kyurem|88/100
|-damage|p2a: Kyurem|76/100|[from] Spikes
|-damage|p2a: Kyurem|51/100|[from] Stealth Rock
|-ability|p2a: Kyurem|Pressure
|move|p1a: Secret Service|Extreme Speed|p2a: Kyurem
|-damage|p2a: Kyurem|36/100
|
|-heal|p2a: Kyurem|42/100|[from] Grassy Terrain
|upkeep
|turn|23
|inactive|Curbs has 120 seconds left.
|
|t:|1781591347
|move|p1a: Secret Service|Extreme Speed|p2a: Kyurem
|-damage|p2a: Kyurem|28/100
|move|p2a: Kyurem|Freeze-Dry|p1a: Secret Service
|-supereffective|p1a: Secret Service
|-damage|p1a: Secret Service|0 fnt
|faint|p1a: Secret Service
|
|-heal|p2a: Kyurem|34/100|[from] Grassy Terrain
|upkeep
|
|t:|1781591353
|switch|p1a: My Little Pwny|Keldeo|93/100
|turn|24
|
|t:|1781591357
|move|p1a: My Little Pwny|Vacuum Wave|p2a: Kyurem
|-supereffective|p2a: Kyurem
|-damage|p2a: Kyurem|6/100
|move|p2a: Kyurem|Freeze-Dry|p1a: My Little Pwny
|-supereffective|p1a: My Little Pwny
|-damage|p1a: My Little Pwny|11/100
|
|-heal|p1a: My Little Pwny|18/100|[from] Grassy Terrain
|-heal|p2a: Kyurem|12/100|[from] Grassy Terrain
|upkeep
|turn|25
|
|t:|1781591362
|move|p1a: My Little Pwny|Vacuum Wave|p2a: Kyurem
|-supereffective|p2a: Kyurem
|-damage|p2a: Kyurem|0 fnt
|faint|p2a: Kyurem
|
|-heal|p1a: My Little Pwny|24/100|[from] Grassy Terrain
|upkeep
|inactive|poor team design has 90 seconds left.
|inactive|poor team design has 60 seconds left.
|inactive|poor team design has 30 seconds left.
|inactive|poor team design has 20 seconds left.
|
|t:|1781591441
|switch|p2a: Hawlucha|Hawlucha, F|100/100
|-damage|p2a: Hawlucha|88/100|[from] Stealth Rock
|-enditem|p2a: Hawlucha|Grassy Seed
|-boost|p2a: Hawlucha|def|1|[from] item: Grassy Seed
|turn|26
|inactive|poor team design has 30 seconds left this turn.
|l|☆poor team design
|inactive|poor team design disconnected and has a minute to reconnect!
|player|p2|
|j|☆poor team design
|inactive|poor team design reconnected and has 25 seconds left.
|player|p2|poor team design|1|
|inactive|Curbs has 120 seconds left.
|inactive|poor team design has 20 seconds left.
|inactive|poor team design has 15 seconds left.
|inactive|poor team design has 10 seconds left.
|
|t:|1781591466
|move|p2a: Hawlucha|Swords Dance|p2a: Hawlucha
|-boost|p2a: Hawlucha|atk|2
|move|p1a: My Little Pwny|Surf|p2a: Hawlucha
|-damage|p2a: Hawlucha|26/100
|
|-heal|p1a: My Little Pwny|30/100|[from] Grassy Terrain
|-fieldend|move: Grassy Terrain
|upkeep
|turn|27
|inactive|poor team design has 20 seconds left this turn.
|
|t:|1781591476
|move|p1a: My Little Pwny|Vacuum Wave|p2a: Hawlucha
|-resisted|p2a: Hawlucha
|-damage|p2a: Hawlucha|11/100
|move|p2a: Hawlucha|Acrobatics|p1a: My Little Pwny
|-supereffective|p1a: My Little Pwny
|-damage|p1a: My Little Pwny|0 fnt
|faint|p1a: My Little Pwny
|
|upkeep
|
|t:|1781591487
|switch|p1a: Jarhead|Ting-Lu|100/100
|-damage|p1a: Jarhead|94/100|[from] Stealth Rock
|-ability|p1a: Jarhead|Vessel of Ruin
|turn|28
|l|☆Curbs
|inactive|Curbs disconnected and has a minute to reconnect!
|player|p1|
|j|☆Curbs
|inactive|Curbs reconnected and has 105 seconds left.
|player|p1|Curbs|n|
|
|t:|1781591504
|-terastallize|p1a: Jarhead|Ghost
|move|p2a: Hawlucha|Low Kick|p1a: Jarhead
|-immune|p1a: Jarhead
|move|p1a: Jarhead|Whirlwind|p2a: Hawlucha
|drag|p2a: Samurott|Samurott-Hisui, F|1/100
|-damage|p2a: Samurott|0 fnt|[from] Spikes
|faint|p2a: Samurott
|
|-heal|p1a: Jarhead|100/100|[from] item: Leftovers
|upkeep
|inactive|poor team design has 30 seconds left.
|
|t:|1781591521
|switch|p2a: Rillaboom|Rillaboom, F|43/100
|-damage|p2a: Rillaboom|30/100|[from] Spikes
|-damage|p2a: Rillaboom|18/100|[from] Stealth Rock
|-fieldstart|move: Grassy Terrain|[from] ability: Grassy Surge|[of] p2a: Rillaboom
|turn|29
|
|t:|1781591538
|switch|p2a: Hawlucha|Hawlucha, F|11/100
|-damage|p2a: Hawlucha|0 fnt|[from] Stealth Rock
|faint|p2a: Hawlucha
|switch|p1a: Tinkki Minaj|Tinkaton, F|79/100
|-damage|p1a: Tinkki Minaj|73/100|[from] Stealth Rock
|-ability|p1a: Tinkki Minaj|Mold Breaker
|
|-heal|p1a: Tinkki Minaj|79/100|[from] Grassy Terrain
|upkeep
|
|t:|1781591543
|switch|p2a: Gholdengo|Gholdengo|100/100
|-damage|p2a: Gholdengo|88/100|[from] Spikes
|-damage|p2a: Gholdengo|82/100|[from] Stealth Rock
|turn|30
|l|☆Curbs
|inactive|Curbs disconnected and has a minute to reconnect!
|player|p1|
|inactive|Curbs has 30 seconds to reconnect!
|j|☆Curbs
|inactive|Curbs reconnected and has 65 seconds left.
|player|p1|Curbs|n|
|inactive|Curbs has 60 seconds left.
|
|t:|1781591605
|move|p2a: Gholdengo|Shadow Ball|p1a: Tinkki Minaj
|-damage|p1a: Tinkki Minaj|45/100
|move|p1a: Tinkki Minaj|Thunder Wave|p2a: Gholdengo|[miss]
|-miss|p1a: Tinkki Minaj|p2a: Gholdengo
|
|-heal|p2a: Gholdengo|88/100|[from] Grassy Terrain
|-heal|p1a: Tinkki Minaj|51/100|[from] Grassy Terrain
|upkeep
|turn|31
|
|t:|1781591610
|move|p2a: Gholdengo|Shadow Ball|p1a: Tinkki Minaj
|-damage|p1a: Tinkki Minaj|13/100
|move|p1a: Tinkki Minaj|Thunder Wave|p2a: Gholdengo|[miss]
|-miss|p1a: Tinkki Minaj|p2a: Gholdengo
|
|-heal|p2a: Gholdengo|94/100|[from] Grassy Terrain
|-heal|p1a: Tinkki Minaj|19/100|[from] Grassy Terrain
|upkeep
|turn|32
|
|t:|1781591612
|move|p2a: Gholdengo|Shadow Ball|p1a: Tinkki Minaj
|-damage|p1a: Tinkki Minaj|0 fnt
|faint|p1a: Tinkki Minaj
|
|-heal|p2a: Gholdengo|99/100|[from] Grassy Terrain
|upkeep
|l|☆Curbs
|inactive|Curbs disconnected and has a minute to reconnect!
|player|p1|
|inactive|Curbs has 30 seconds to reconnect!
|j|☆Curbs
|inactive|Curbs reconnected and has 30 seconds left.
|player|p1|Curbs|n|
|inactive|Curbs has 20 seconds left.
|inactive|Curbs has 15 seconds left.
|
|t:|1781591678
|switch|p1a: Jarhead|Ting-Lu, tera:Ghost|100/100
|-damage|p1a: Jarhead|88/100|[from] Stealth Rock
|-ability|p1a: Jarhead|Vessel of Ruin
|turn|33
|inactive|Curbs has 25 seconds left this turn.
|inactive|Curbs has 20 seconds left.
|
|t:|1781591686
|move|p2a: Gholdengo|Shadow Ball|p1a: Jarhead
|-supereffective|p1a: Jarhead
|-damage|p1a: Jarhead|52/100
|move|p1a: Jarhead|Ruination|p2a: Gholdengo
|-damage|p2a: Gholdengo|50/100
|
|-heal|p2a: Gholdengo|56/100|[from] Grassy Terrain
|-heal|p1a: Jarhead|58/100|[from] Grassy Terrain
|-heal|p1a: Jarhead|64/100|[from] item: Leftovers
|-fieldend|move: Grassy Terrain
|upkeep
|turn|34
|inactive|Curbs has 30 seconds left this turn.
|
|t:|1781591693
|switch|p2a: Rillaboom|Rillaboom, F|18/100
|-damage|p2a: Rillaboom|5/100|[from] Spikes
|-damage|p2a: Rillaboom|0 fnt|[from] Stealth Rock
|faint|p2a: Rillaboom
|move|p1a: Jarhead|Earthquake|p2: Rillaboom|[notarget]
|-fail|p1a: Jarhead
|
|-heal|p1a: Jarhead|71/100|[from] item: Leftovers
|upkeep
|
|t:|1781591702
|switch|p2a: Gholdengo|Gholdengo|56/100
|-damage|p2a: Gholdengo|44/100|[from] Spikes
|-damage|p2a: Gholdengo|38/100|[from] Stealth Rock
|turn|35
|
|t:|1781591706
|move|p2a: Gholdengo|Trick|p1a: Jarhead
|-activate|p2a: Gholdengo|move: Trick|[of] p1a: Jarhead
|-item|p1a: Jarhead|Choice Scarf|[from] move: Trick
|-item|p2a: Gholdengo|Leftovers|[from] move: Trick
|move|p1a: Jarhead|Earthquake|p2a: Gholdengo
|-supereffective|p2a: Gholdengo
|-damage|p2a: Gholdengo|0 fnt
|faint|p2a: Gholdengo
|
|win|Curbs
|raw|Curbs's rating: 1488 &rarr; <strong>1513</strong><br />(+25 for winning)
|raw|poor team design's rating: 1569 &rarr; <strong>1544</strong><br />(-25 for losing)
|l|☆Curbs
|player|p1|
|l| pls game
|l|☆poor team design
|player|p2|
