|j|☆MafuyuYume
|j|☆KurisuChestnutOU
|t:|1781137796
|gametype|singles
|player|p1|MafuyuYume|hugh|1503
|player|p2|KurisuChestnutOU|may-contest|1579
|gen|9
|tier|[Gen 9] OU
|rated|
|rule|HP Percentage Mod: HP is shown in percentages
|rule|Endless Battle Clause: Forcing endless battles is banned
|rule|Species Clause: Limit one of each Pokémon
|rule|OHKO Clause: OHKO moves are banned
|rule|Evasion Items Clause: Evasion items are banned
|rule|Evasion Moves Clause: Evasion moves are banned
|rule|Evasion Abilities Clause: Evasion abilities are banned
|rule|Sleep Moves Clause: Sleep-inducing moves are banned
|clearpoke
|poke|p1|Iron Moth|
|poke|p1|Torkoal, F|
|poke|p1|Walking Wake|
|poke|p1|Hatterene, F|
|poke|p1|Great Tusk|
|poke|p1|Slither Wing|
|poke|p2|Ting-Lu|
|poke|p2|Corviknight, F|
|poke|p2|Clodsire, F|
|poke|p2|Moltres|
|poke|p2|Dragapult, F|
|poke|p2|Garganacl, M|
|teampreview
|inactive|Battle timer is ON: inactive players will automatically lose when time's up. (requested by KurisuChestnutOU)
|
|t:|1781137806
|teamsize|p1|6
|teamsize|p2|6
|start
|switch|p1a: Hatterene|Hatterene, F|100/100
|switch|p2a: Ting-Lu|Ting-Lu|100/100
|-ability|p2a: Ting-Lu|Vessel of Ruin
|turn|1
|
|t:|1781137813
|-terastallize|p2a: Ting-Lu|Poison
|move|p1a: Hatterene|Draining Kiss|p2a: Ting-Lu
|-resisted|p2a: Ting-Lu
|-damage|p2a: Ting-Lu|96/100
|move|p2a: Ting-Lu|Ruination|p1a: Hatterene
|-damage|p1a: Hatterene|51/100
|-enditem|p1a: Hatterene|Eject Button
|
|t:|1781137823
|switch|p1a: Great Tusk|Great Tusk|100/100
|
|-heal|p2a: Ting-Lu|100/100|[from] item: Leftovers
|upkeep
|turn|2
|
|t:|1781137841
|-end|p1a: Great Tusk|Protosynthesis|[silent]
|switch|p1a: Torkoal|Torkoal, F|100/100
|-weather|SunnyDay|[from] ability: Drought|[of] p1a: Torkoal
|switch|p2a: Moltres|Moltres|100/100
|
|-weather|SunnyDay|[upkeep]
|upkeep
|turn|3
|
|t:|1781137849
|move|p2a: Moltres|Flamethrower|p1a: Torkoal
|-resisted|p1a: Torkoal
|-damage|p1a: Torkoal|73/100
|move|p1a: Torkoal|Stealth Rock|p2a: Moltres
|-sidestart|p2: KurisuChestnutOU|move: Stealth Rock
|
|-weather|SunnyDay|[upkeep]
|upkeep
|turn|4
|
|t:|1781137871
|switch|p1a: Walking Wake|Walking Wake|100/100
|-activate|p1a: Walking Wake|ability: Protosynthesis
|-start|p1a: Walking Wake|protosynthesisspe
|move|p2a: Moltres|U-turn|p1a: Walking Wake
|-damage|p1a: Walking Wake|86/100
|
|t:|1781137879
|switch|p2a: Ting-Lu|Ting-Lu, tera:Poison|100/100|[from] U-turn
|-damage|p2a: Ting-Lu|88/100|[from] Stealth Rock
|-ability|p2a: Ting-Lu|Vessel of Ruin
|
|-weather|SunnyDay|[upkeep]
|-heal|p2a: Ting-Lu|94/100|[from] item: Leftovers
|upkeep
|turn|5
|j| HITMAN9191
|
|t:|1781137900
|move|p1a: Walking Wake|Hydro Steam|p2a: Ting-Lu
|-damage|p2a: Ting-Lu|64/100
|move|p2a: Ting-Lu|Whirlwind|p1a: Walking Wake
|-end|p1a: Walking Wake|Protosynthesis|[silent]
|drag|p1a: Great Tusk|Great Tusk|100/100
|-activate|p1a: Great Tusk|ability: Protosynthesis
|-start|p1a: Great Tusk|protosynthesisspe
|
|-weather|SunnyDay|[upkeep]
|-heal|p2a: Ting-Lu|71/100|[from] item: Leftovers
|upkeep
|turn|6
|
|t:|1781137911
|move|p1a: Great Tusk|Headlong Rush|p2a: Ting-Lu
|-supereffective|p2a: Ting-Lu
|-damage|p2a: Ting-Lu|17/100
|-unboost|p1a: Great Tusk|def|1
|-unboost|p1a: Great Tusk|spd|1
|move|p2a: Ting-Lu|Stealth Rock|p1a: Great Tusk
|-sidestart|p1: MafuyuYume|move: Stealth Rock
|
|-weather|SunnyDay|[upkeep]
|-heal|p2a: Ting-Lu|23/100|[from] item: Leftovers
|upkeep
|turn|7
|
|t:|1781137915
|move|p1a: Great Tusk|Headlong Rush|p2a: Ting-Lu
|-supereffective|p2a: Ting-Lu
|-damage|p2a: Ting-Lu|0 fnt
|-unboost|p1a: Great Tusk|def|1
|-unboost|p1a: Great Tusk|spd|1
|faint|p2a: Ting-Lu
|
|-weather|SunnyDay|[upkeep]
|upkeep
|
|t:|1781137920
|switch|p2a: Dragapult|Dragapult, F|100/100
|turn|8
|
|t:|1781137931
|-end|p1a: Great Tusk|Protosynthesis|[silent]
|switch|p1a: Hatterene|Hatterene, F|51/100
|-damage|p1a: Hatterene|38/100|[from] Stealth Rock
|move|p2a: Dragapult|Shadow Ball|p1a: Hatterene
|-supereffective|p1a: Hatterene
|-damage|p1a: Hatterene|0 fnt
|faint|p1a: Hatterene
|
|-weather|SunnyDay|[upkeep]
|upkeep
|inactive|MafuyuYume has 120 seconds left.
|
|t:|1781137956
|switch|p1a: Walking Wake|Walking Wake|86/100
|-damage|p1a: Walking Wake|74/100|[from] Stealth Rock
|-activate|p1a: Walking Wake|ability: Protosynthesis
|-start|p1a: Walking Wake|protosynthesisspe
|turn|9
|
|t:|1781137966
|move|p1a: Walking Wake|Draco Meteor|p2a: Dragapult
|-supereffective|p2a: Dragapult
|-damage|p2a: Dragapult|0 fnt
|-unboost|p1a: Walking Wake|spa|2
|faint|p2a: Dragapult
|
|-weather|none
|-end|p1a: Walking Wake|Protosynthesis
|upkeep
|l| HITMAN9191
|
|t:|1781137971
|switch|p2a: Corviknight|Corviknight, F|100/100
|-damage|p2a: Corviknight|88/100|[from] Stealth Rock
|-ability|p2a: Corviknight|Pressure
|turn|10
|
|t:|1781137978
|move|p1a: Walking Wake|Flip Turn|p2a: Corviknight
|-damage|p2a: Corviknight|79/100
|j| HITMAN9191
|l| HITMAN9191
|inactive|MafuyuYume has 120 seconds left.
|
|t:|1781138002
|-end|p1a: Walking Wake|Protosynthesis|[silent]
|switch|p1a: Great Tusk|Great Tusk|100/100|[from] Flip Turn
|-damage|p1a: Great Tusk|97/100|[from] Stealth Rock
|move|p2a: Corviknight|Brave Bird|p1a: Great Tusk
|-supereffective|p1a: Great Tusk
|-damage|p1a: Great Tusk|53/100
|-damage|p2a: Corviknight|62/100|[from] item: Rocky Helmet|[of] p1a: Great Tusk
|-damage|p2a: Corviknight|46/100|[from] Recoil
|
|-heal|p2a: Corviknight|53/100|[from] item: Leftovers
|upkeep
|turn|11
|
|t:|1781138007
|move|p1a: Great Tusk|Rapid Spin|p2a: Corviknight
|-resisted|p2a: Corviknight
|-damage|p2a: Corviknight|48/100
|-boost|p1a: Great Tusk|spe|1
|-sideend|p1: MafuyuYume|Stealth Rock|[from] move: Rapid Spin|[of] p1a: Great Tusk
|move|p2a: Corviknight|Roost|p2a: Corviknight
|-heal|p2a: Corviknight|98/100
|-singleturn|p2a: Corviknight|move: Roost
|
|-heal|p2a: Corviknight|100/100|[from] item: Leftovers
|upkeep
|turn|12
|
|t:|1781138020
|-end|p1a: Great Tusk|Protosynthesis|[silent]
|switch|p1a: Torkoal|Torkoal, F|73/100
|-weather|SunnyDay|[from] ability: Drought|[of] p1a: Torkoal
|switch|p2a: Garganacl|Garganacl, M|100/100
|-damage|p2a: Garganacl|88/100|[from] Stealth Rock
|
|-weather|SunnyDay|[upkeep]
|-heal|p2a: Garganacl|94/100|[from] item: Leftovers
|upkeep
|turn|13
|j| HITMAN9191
|l| HITMAN9191
|inactive|MafuyuYume has 120 seconds left.
|
|t:|1781138048
|switch|p1a: Walking Wake|Walking Wake|74/100
|-activate|p1a: Walking Wake|ability: Protosynthesis
|-start|p1a: Walking Wake|protosynthesisspe
|move|p2a: Garganacl|Salt Cure|p1a: Walking Wake
|-damage|p1a: Walking Wake|57/100
|-start|p1a: Walking Wake|Salt Cure
|
|-weather|SunnyDay|[upkeep]
|-heal|p2a: Garganacl|100/100|[from] item: Leftovers
|-damage|p1a: Walking Wake|32/100|[from] Salt Cure
|upkeep
|turn|14
|
|t:|1781138054
|move|p2a: Garganacl|Protect|p2a: Garganacl
|-singleturn|p2a: Garganacl|Protect
|move|p1a: Walking Wake|Flip Turn|p2a: Garganacl
|-activate|p2a: Garganacl|move: Protect
|
|-weather|SunnyDay|[upkeep]
|-damage|p1a: Walking Wake|7/100|[from] Salt Cure
|upkeep
|turn|15
|inactive|MafuyuYume has 120 seconds left.
|
|t:|1781138062
|-end|p1a: Walking Wake|Protosynthesis|[silent]
|switch|p1a: Slither Wing|Slither Wing|100/100
|-activate|p1a: Slither Wing|ability: Protosynthesis
|-start|p1a: Slither Wing|protosynthesisatk
|move|p2a: Garganacl|Protect||[still]
|-fail|p2a: Garganacl
|
|-weather|SunnyDay|[upkeep]
|upkeep
|turn|16
|inactive|MafuyuYume has 120 seconds left.
|
|t:|1781138091
|move|p1a: Slither Wing|Close Combat|p2a: Garganacl
|-supereffective|p2a: Garganacl
|-damage|p2a: Garganacl|0 fnt
|-unboost|p1a: Slither Wing|def|1
|-unboost|p1a: Slither Wing|spd|1
|faint|p2a: Garganacl
|
|-weather|SunnyDay|[upkeep]
|upkeep
|
|t:|1781138095
|switch|p2a: Moltres|Moltres|100/100
|turn|17
|inactive|MafuyuYume has 90 seconds left.
|
|t:|1781138134
|-end|p1a: Slither Wing|Protosynthesis|[silent]
|switch|p1a: Iron Moth|Iron Moth|100/100
|-enditem|p1a: Iron Moth|Booster Energy
|-activate|p1a: Iron Moth|ability: Quark Drive|[fromitem]
|-start|p1a: Iron Moth|quarkdrivespe
|move|p2a: Moltres|U-turn|p1a: Iron Moth
|-resisted|p1a: Iron Moth
|-damage|p1a: Iron Moth|96/100
|
|t:|1781138142
|switch|p2a: Clodsire|Clodsire, F|100/100|[from] U-turn
|-damage|p2a: Clodsire|94/100|[from] Stealth Rock
|
|-weather|SunnyDay|[upkeep]
|-heal|p2a: Clodsire|100/100|[from] item: Leftovers
|upkeep
|turn|18
|inactive|MafuyuYume has 90 seconds left.
|
|t:|1781138157
|-terastallize|p1a: Iron Moth|Grass
|move|p1a: Iron Moth|Fiery Dance|p2a: Clodsire
|-damage|p2a: Clodsire|69/100
|move|p2a: Clodsire|Earthquake|p1a: Iron Moth
|-resisted|p1a: Iron Moth
|-damage|p1a: Iron Moth|71/100
|
|-weather|SunnyDay|[upkeep]
|-heal|p2a: Clodsire|75/100|[from] item: Leftovers
|upkeep
|turn|19
|
|t:|1781138163
|move|p1a: Iron Moth|Fiery Dance|p2a: Clodsire
|-crit|p2a: Clodsire
|-damage|p2a: Clodsire|23/100
|move|p2a: Clodsire|Toxic|p1a: Iron Moth
|-status|p1a: Iron Moth|tox
|
|-weather|none
|-heal|p2a: Clodsire|29/100|[from] item: Leftovers
|-damage|p1a: Iron Moth|65/100 tox|[from] psn
|upkeep
|turn|20
|
|t:|1781138176
|move|p1a: Iron Moth|Energy Ball|p2a: Clodsire
|-damage|p2a: Clodsire|3/100
|-unboost|p2a: Clodsire|spd|1
|move|p2a: Clodsire|Recover|p2a: Clodsire
|-heal|p2a: Clodsire|53/100
|
|-heal|p2a: Clodsire|59/100|[from] item: Leftovers
|-damage|p1a: Iron Moth|53/100 tox|[from] psn
|upkeep
|turn|21
|
|t:|1781138184
|move|p1a: Iron Moth|Energy Ball|p2a: Clodsire
|-damage|p2a: Clodsire|21/100
|move|p2a: Clodsire|Recover|p2a: Clodsire
|-heal|p2a: Clodsire|71/100
|
|-heal|p2a: Clodsire|78/100|[from] item: Leftovers
|-damage|p1a: Iron Moth|35/100 tox|[from] psn
|upkeep
|turn|22
|inactive|MafuyuYume has 90 seconds left.
|
|t:|1781138213
|-end|p1a: Iron Moth|Quark Drive|[silent]
|switch|p1a: Torkoal|Torkoal, F|73/100
|-weather|SunnyDay|[from] ability: Drought|[of] p1a: Torkoal
|move|p2a: Clodsire|Recover|p2a: Clodsire
|-heal|p2a: Clodsire|100/100
|
|-weather|SunnyDay|[upkeep]
|upkeep
|turn|23
|inactive|MafuyuYume has 90 seconds left.
|
|t:|1781138230
|move|p2a: Clodsire|Haze|p2a: Clodsire
|-clearallboost
|move|p1a: Torkoal|Will-O-Wisp|p2a: Clodsire
|-status|p2a: Clodsire|brn
|
|-weather|SunnyDay|[upkeep]
|-damage|p2a: Clodsire|94/100 brn|[from] brn
|upkeep
|turn|24
|
|t:|1781138234
|switch|p1a: Slither Wing|Slither Wing|100/100
|-activate|p1a: Slither Wing|ability: Protosynthesis
|-start|p1a: Slither Wing|protosynthesisatk
|move|p2a: Clodsire|Earthquake|p1a: Slither Wing
|-resisted|p1a: Slither Wing
|-damage|p1a: Slither Wing|93/100
|
|-weather|SunnyDay|[upkeep]
|-heal|p2a: Clodsire|100/100 brn|[from] item: Leftovers
|-damage|p2a: Clodsire|94/100 brn|[from] brn
|upkeep
|turn|25
|
|t:|1781138239
|move|p1a: Slither Wing|Flare Blitz|p2a: Clodsire
|-damage|p2a: Clodsire|0 fnt
|faint|p2a: Clodsire
|-damage|p1a: Slither Wing|55/100|[from] Recoil
|
|-weather|SunnyDay|[upkeep]
|upkeep
|
|t:|1781138243
|switch|p2a: Moltres|Moltres|100/100
|turn|26
|inactive|MafuyuYume has 90 seconds left.
|
|t:|1781138279
|-end|p1a: Slither Wing|Protosynthesis|[silent]
|switch|p1a: Great Tusk|Great Tusk|53/100
|-activate|p1a: Great Tusk|ability: Protosynthesis
|-start|p1a: Great Tusk|protosynthesisspe
|move|p2a: Moltres|Roost||[still]
|-fail|p2a: Moltres|heal
|
|-weather|SunnyDay|[upkeep]
|upkeep
|turn|27
|inactive|MafuyuYume has 90 seconds left.
|inactive|MafuyuYume has 60 seconds left.
|
|t:|1781138317
|move|p1a: Great Tusk|Ice Spinner|p2a: Moltres
|-damage|p2a: Moltres|84/100
|move|p2a: Moltres|Roost|p2a: Moltres
|-heal|p2a: Moltres|100/100
|-singleturn|p2a: Moltres|move: Roost
|
|-weather|SunnyDay|[upkeep]
|upkeep
|turn|28
|
|t:|1781138323
|move|p1a: Great Tusk|Ice Spinner|p2a: Moltres
|-damage|p2a: Moltres|83/100
|move|p2a: Moltres|U-turn|p1a: Great Tusk
|-resisted|p1a: Great Tusk
|-damage|p1a: Great Tusk|49/100
|-damage|p2a: Moltres|67/100|[from] item: Rocky Helmet|[of] p1a: Great Tusk
|
|t:|1781138330
|switch|p2a: Corviknight|Corviknight, F|100/100|[from] U-turn
|-damage|p2a: Corviknight|88/100|[from] Stealth Rock
|-ability|p2a: Corviknight|Pressure
|
|-weather|SunnyDay|[upkeep]
|-heal|p2a: Corviknight|94/100|[from] item: Leftovers
|upkeep
|turn|29
|
|t:|1781138339
|switch|p2a: Moltres|Moltres|67/100
|move|p1a: Great Tusk|Close Combat|p2a: Moltres
|-resisted|p2a: Moltres
|-crit|p2a: Moltres
|-damage|p2a: Moltres|39/100
|-unboost|p1a: Great Tusk|def|1
|-unboost|p1a: Great Tusk|spd|1
|-status|p1a: Great Tusk|brn|[from] ability: Flame Body|[of] p2a: Moltres
|
|-weather|none
|-end|p1a: Great Tusk|Protosynthesis
|-damage|p1a: Great Tusk|43/100 brn|[from] brn
|upkeep
|turn|30
|inactive|MafuyuYume has 60 seconds left.
|
|t:|1781138372
|-end|p1a: Great Tusk|Protosynthesis|[silent]
|switch|p1a: Torkoal|Torkoal, F|73/100
|-weather|SunnyDay|[from] ability: Drought|[of] p1a: Torkoal
|move|p2a: Moltres|Roost|p2a: Moltres
|-heal|p2a: Moltres|89/100
|-singleturn|p2a: Moltres|move: Roost
|
|-weather|SunnyDay|[upkeep]
|upkeep
|turn|31
|inactive|MafuyuYume has 60 seconds left.
|
|t:|1781138393
|switch|p1a: Great Tusk|Great Tusk|43/100 brn
|-activate|p1a: Great Tusk|ability: Protosynthesis
|-start|p1a: Great Tusk|protosynthesisspe
|move|p2a: Moltres|Roost|p2a: Moltres
|-heal|p2a: Moltres|100/100
|-singleturn|p2a: Moltres|move: Roost
|
|-weather|SunnyDay|[upkeep]
|-damage|p1a: Great Tusk|37/100 brn|[from] brn
|upkeep
|turn|32
|
|t:|1781138398
|move|p1a: Great Tusk|Ice Spinner|p2a: Moltres
|-damage|p2a: Moltres|93/100
|move|p2a: Moltres|Roost|p2a: Moltres
|-heal|p2a: Moltres|100/100
|-singleturn|p2a: Moltres|move: Roost
|
|-weather|SunnyDay|[upkeep]
|-damage|p1a: Great Tusk|31/100 brn|[from] brn
|upkeep
|turn|33
|
|t:|1781138404
|move|p1a: Great Tusk|Ice Spinner|p2a: Moltres
|-damage|p2a: Moltres|92/100
|move|p2a: Moltres|Roost|p2a: Moltres
|-heal|p2a: Moltres|100/100
|-singleturn|p2a: Moltres|move: Roost
|
|-weather|SunnyDay|[upkeep]
|-damage|p1a: Great Tusk|25/100 brn|[from] brn
|upkeep
|turn|34
|
|t:|1781138408
|move|p1a: Great Tusk|Ice Spinner|p2a: Moltres
|-damage|p2a: Moltres|92/100
|move|p2a: Moltres|Roost|p2a: Moltres
|-heal|p2a: Moltres|100/100
|-singleturn|p2a: Moltres|move: Roost
|
|-weather|SunnyDay|[upkeep]
|-damage|p1a: Great Tusk|18/100 brn|[from] brn
|upkeep
|turn|35
|
|t:|1781138411
|move|p1a: Great Tusk|Ice Spinner|p2a: Moltres
|-damage|p2a: Moltres|92/100
|move|p2a: Moltres|Hurricane|p1a: Great Tusk|[miss]
|-miss|p2a: Moltres|p1a: Great Tusk
|
|-weather|SunnyDay|[upkeep]
|-damage|p1a: Great Tusk|12/100 brn|[from] brn
|upkeep
|turn|36
|
|t:|1781138417
|move|p1a: Great Tusk|Ice Spinner|p2a: Moltres
|-damage|p2a: Moltres|84/100
|move|p2a: Moltres|Roost|p2a: Moltres
|-heal|p2a: Moltres|100/100
|-singleturn|p2a: Moltres|move: Roost
|
|-weather|SunnyDay|[upkeep]
|-damage|p1a: Great Tusk|6/100 brn|[from] brn
|upkeep
|turn|37
|
|t:|1781138423
|move|p1a: Great Tusk|Ice Spinner|p2a: Moltres
|-damage|p2a: Moltres|93/100
|move|p2a: Moltres|U-turn|p1a: Great Tusk
|-resisted|p1a: Great Tusk
|-damage|p1a: Great Tusk|2/100 brn
|-damage|p2a: Moltres|76/100|[from] item: Rocky Helmet|[of] p1a: Great Tusk
|
|t:|1781138427
|switch|p2a: Corviknight|Corviknight, F|94/100|[from] U-turn
|-damage|p2a: Corviknight|82/100|[from] Stealth Rock
|-ability|p2a: Corviknight|Pressure
|
|-weather|none
|-end|p1a: Great Tusk|Protosynthesis
|-heal|p2a: Corviknight|88/100|[from] item: Leftovers
|-damage|p1a: Great Tusk|0 fnt|[from] brn
|faint|p1a: Great Tusk
|-end|p1a: Great Tusk|Protosynthesis|[silent]
|upkeep
|
|t:|1781138446
|switch|p1a: Torkoal|Torkoal, F|73/100
|-weather|SunnyDay|[from] ability: Drought|[of] p1a: Torkoal
|turn|38
|
|t:|1781138452
|move|p2a: Corviknight|Brave Bird|p1a: Torkoal
|-damage|p1a: Torkoal|47/100
|-damage|p2a: Corviknight|80/100|[from] Recoil
|move|p1a: Torkoal|Overheat|p2a: Corviknight
|-supereffective|p2a: Corviknight
|-damage|p2a: Corviknight|0 fnt
|-unboost|p1a: Torkoal|spa|2
|faint|p2a: Corviknight
|
|-weather|SunnyDay|[upkeep]
|upkeep
|
|t:|1781138456
|switch|p2a: Moltres|Moltres|76/100
|turn|39
|inactive|MafuyuYume has 120 seconds left.
|
|t:|1781138478
|switch|p1a: Iron Moth|Iron Moth, tera:Grass|35/100 tox
|move|p2a: Moltres|Hurricane|p1a: Iron Moth|[miss]
|-miss|p2a: Moltres|p1a: Iron Moth
|
|-weather|SunnyDay|[upkeep]
|-damage|p1a: Iron Moth|29/100 tox|[from] psn
|upkeep
|turn|40
|
|t:|1781138483
|move|p1a: Iron Moth|Sludge Wave|p2a: Moltres
|-damage|p2a: Moltres|26/100
|move|p2a: Moltres|Hurricane|p1a: Iron Moth|[miss]
|-miss|p2a: Moltres|p1a: Iron Moth
|
|-weather|SunnyDay|[upkeep]
|-damage|p1a: Iron Moth|17/100 tox|[from] psn
|upkeep
|turn|41
|
|t:|1781138489
|move|p1a: Iron Moth|Sludge Wave|p2a: Moltres
|-damage|p2a: Moltres|0 fnt
|faint|p2a: Moltres
|
|win|MafuyuYume
|raw|MafuyuYume's rating: 1503 &rarr; <strong>1528</strong><br />(+25 for winning)
|raw|KurisuChestnutOU's rating: 1589 &rarr; <strong>1564</strong><br />(-25 for losing)
|c|☆MafuyuYume|gg
|l|☆KurisuChestnutOU
|player|p2|
