|j|☆LUPIIT
|j|☆Curbs
|t:|1780988022
|gametype|singles
|player|p1|LUPIIT|lucas|1490
|player|p2|Curbs|n|1560
|gen|9
|tier|[Gen 9] OU
|rated|
|rule|HP Percentage Mod: HP is shown in percentages
|rule|Endless Battle Clause: Forcing endless battles is banned
|rule|Species Clause: Limit one of each Pokémon
|rule|OHKO Clause: OHKO moves are banned
|rule|Evasion Items Clause: Evasion items are banned
|rule|Evasion Moves Clause: Evasion moves are banned
|rule|Evasion Abilities Clause: Evasion abilities are banned
|rule|Sleep Moves Clause: Sleep-inducing moves are banned
|clearpoke
|poke|p1|Araquanid, F|
|poke|p1|Smeargle, M|
|poke|p1|Garchomp, F|
|poke|p1|Toxapex, M|
|poke|p1|Pelipper, M|
|poke|p1|Hoopa-Unbound|
|poke|p2|Ting-Lu|
|poke|p2|Gliscor, M|
|poke|p2|Sinistcha-Masterpiece|
|poke|p2|Keldeo|
|poke|p2|Tinkaton, F|
|poke|p2|Dragonite, M|
|teampreview
|inactive|Battle timer is ON: inactive players will automatically lose when time's up. (requested by Curbs)
|inactive|LUPIIT also wants the timer to be on.
|inactive|Curbs has 120 seconds left.
|
|t:|1780988063
|teamsize|p1|6
|teamsize|p2|6
|start
|switch|p1a: Pelipper|Pelipper, M|100/100
|switch|p2a: Tinkki Minaj|Tinkaton, F|100/100
|-ability|p2a: Tinkki Minaj|Mold Breaker
|-item|p2a: Tinkki Minaj|Air Balloon
|-weather|RainDance|[from] ability: Drizzle|[of] p1a: Pelipper
|turn|1
|
|t:|1780988068
|move|p2a: Tinkki Minaj|Stealth Rock|p1a: Pelipper
|-sidestart|p1: LUPIIT|move: Stealth Rock
|move|p1a: Pelipper|Surf|p2a: Tinkki Minaj
|-damage|p2a: Tinkki Minaj|42/100
|-enditem|p2a: Tinkki Minaj|Air Balloon
|
|-weather|RainDance|[upkeep]
|upkeep
|turn|2
|
|t:|1780988074
|switch|p2a: Secret Service|Dragonite, M|100/100
|move|p1a: Pelipper|Surf|p2a: Secret Service
|-resisted|p2a: Secret Service
|-damage|p2a: Secret Service|87/100
|
|-weather|RainDance|[upkeep]
|upkeep
|turn|3
|
|t:|1780988081
|move|p1a: Pelipper|Hurricane|p2a: Secret Service
|-damage|p2a: Secret Service|40/100
|-start|p2a: Secret Service|confusion
|-activate|p2a: Secret Service|confusion
|move|p2a: Secret Service|Dragon Tail|p1a: Pelipper
|-damage|p1a: Pelipper|64/100
|drag|p1a: Garchomp|Garchomp, F|100/100
|-damage|p1a: Garchomp|94/100|[from] Stealth Rock
|
|-weather|RainDance|[upkeep]
|upkeep
|turn|4
|
|t:|1780988089
|switch|p2a: Tchavis Scott|Sinistcha-Masterpiece|100/100
|move|p1a: Garchomp|Dragon Tail|p2a: Tchavis Scott
|-damage|p2a: Tchavis Scott|82/100
|drag|p2a: My Little Pwny|Keldeo|100/100
|
|-weather|RainDance|[upkeep]
|upkeep
|turn|5
|
|t:|1780988106
|switch|p1a: Toxapex|Toxapex, M|100/100
|-damage|p1a: Toxapex|88/100|[from] Stealth Rock
|move|p2a: My Little Pwny|Surf|p1a: Toxapex
|-resisted|p1a: Toxapex
|-damage|p1a: Toxapex|58/100
|-enditem|p1a: Toxapex|Eject Button
|
|t:|1780988110
|switch|p1a: Araquanid|Araquanid, F|100/100
|-damage|p1a: Araquanid|75/100|[from] Stealth Rock
|
|-weather|RainDance|[upkeep]
|upkeep
|turn|6
|
|t:|1780988115
|switch|p2a: Secret Service|Dragonite, M|40/100
|move|p1a: Araquanid|Liquidation|p2a: Secret Service
|-resisted|p2a: Secret Service
|-damage|p2a: Secret Service|0 fnt
|faint|p2a: Secret Service
|
|-weather|RainDance|[upkeep]
|upkeep
|
|t:|1780988119
|switch|p2a: Tchavis Scott|Sinistcha-Masterpiece|82/100
|turn|7
|
|t:|1780988138
|switch|p1a: Smeargle|Smeargle, M|100/100
|-damage|p1a: Smeargle|88/100|[from] Stealth Rock
|move|p2a: Tchavis Scott|Matcha Gotcha|p1a: Smeargle
|-damage|p1a: Smeargle|19/100
|-heal|p2a: Tchavis Scott|100/100|[from] drain|[of] p1a: Smeargle
|
|-weather|RainDance|[upkeep]
|upkeep
|turn|8
|
|t:|1780988143
|switch|p2a: Dance Armstrong|Gliscor, M|100/100
|move|p1a: Smeargle|Destiny Bond|p1a: Smeargle
|-singlemove|p1a: Smeargle|Destiny Bond
|
|-weather|none
|-status|p2a: Dance Armstrong|tox|[from] item: Toxic Orb
|upkeep
|turn|9
|
|t:|1780988151
|move|p2a: Dance Armstrong|Swords Dance|p2a: Dance Armstrong
|-boost|p2a: Dance Armstrong|atk|2
|move|p1a: Smeargle|Court Change|p1a: Smeargle
|-swapsideconditions
|-activate|p1a: Smeargle|move: Court Change
|
|upkeep
|turn|10
|
|t:|1780988155
|switch|p1a: Garchomp|Garchomp, F|94/100
|move|p2a: Dance Armstrong|Knock Off|p1a: Garchomp
|-damage|p1a: Garchomp|69/100
|-damage|p2a: Dance Armstrong|88/100 tox|[from] ability: Rough Skin|[of] p1a: Garchomp
|-damage|p2a: Dance Armstrong|72/100 tox|[from] item: Rocky Helmet|[of] p1a: Garchomp
|-enditem|p1a: Garchomp|Rocky Helmet|[from] move: Knock Off|[of] p2a: Dance Armstrong
|
|-heal|p2a: Dance Armstrong|84/100 tox|[from] ability: Poison Heal
|upkeep
|turn|11
|
|t:|1780988164
|move|p2a: Dance Armstrong|Facade|p1a: Garchomp
|-damage|p1a: Garchomp|34/100
|-damage|p2a: Dance Armstrong|72/100 tox|[from] ability: Rough Skin|[of] p1a: Garchomp
|move|p1a: Garchomp|Dragon Tail|p2a: Dance Armstrong
|-damage|p2a: Dance Armstrong|50/100 tox
|drag|p2a: My Little Pwny|Keldeo|100/100
|
|upkeep
|turn|12
|
|t:|1780988174
|switch|p1a: Toxapex|Toxapex, M|91/100
|move|p2a: My Little Pwny|Surf|p1a: Toxapex
|-resisted|p1a: Toxapex
|-damage|p1a: Toxapex|70/100
|
|upkeep
|turn|13
|
|t:|1780988178
|move|p2a: My Little Pwny|Flip Turn|p1a: Toxapex
|-resisted|p1a: Toxapex
|-damage|p1a: Toxapex|65/100
|
|t:|1780988183
|switch|p2a: Dance Armstrong|Gliscor, M|50/100 tox|[from] Flip Turn
|-damage|p2a: Dance Armstrong|37/100 tox|[from] Stealth Rock
|move|p1a: Toxapex|Liquidation|p2a: Dance Armstrong
|-supereffective|p2a: Dance Armstrong
|-damage|p2a: Dance Armstrong|0 fnt
|faint|p2a: Dance Armstrong
|
|upkeep
|
|t:|1780988189
|switch|p2a: Jarhead|Ting-Lu|100/100
|-damage|p2a: Jarhead|94/100|[from] Stealth Rock
|-ability|p2a: Jarhead|Vessel of Ruin
|turn|14
|
|t:|1780988201
|move|p2a: Jarhead|Spikes|p1a: Toxapex
|-sidestart|p1: LUPIIT|Spikes
|move|p1a: Toxapex|Toxic|p2a: Jarhead
|-status|p2a: Jarhead|tox
|
|-heal|p2a: Jarhead|100/100 tox|[from] item: Leftovers
|-damage|p2a: Jarhead|94/100 tox|[from] psn
|upkeep
|turn|15
|
|t:|1780988204
|switch|p1a: Smeargle|Smeargle, M|19/100
|-damage|p1a: Smeargle|7/100|[from] Spikes
|move|p2a: Jarhead|Spikes|p1a: Smeargle
|-sidestart|p1: LUPIIT|Spikes
|
|-heal|p2a: Jarhead|100/100 tox|[from] item: Leftovers
|-damage|p2a: Jarhead|88/100 tox|[from] psn
|upkeep
|turn|16
|
|t:|1780988214
|switch|p2a: Tinkki Minaj|Tinkaton, F|42/100
|-damage|p2a: Tinkki Minaj|36/100|[from] Stealth Rock
|-ability|p2a: Tinkki Minaj|Mold Breaker
|move|p1a: Smeargle|Court Change|p1a: Smeargle
|-swapsideconditions
|-activate|p1a: Smeargle|move: Court Change
|
|upkeep
|turn|17
|
|t:|1780988222
|move|p2a: Tinkki Minaj|Gigaton Hammer|p1a: Smeargle
|-damage|p1a: Smeargle|0 fnt
|faint|p1a: Smeargle
|
|upkeep
|
|t:|1780988225
|switch|p1a: Pelipper|Pelipper, M|64/100
|-damage|p1a: Pelipper|39/100|[from] Stealth Rock
|-weather|RainDance|[from] ability: Drizzle|[of] p1a: Pelipper
|turn|18
|
|t:|1780988234
|move|p2a: Tinkki Minaj|Thunder Wave|p1a: Pelipper
|-status|p1a: Pelipper|par
|move|p1a: Pelipper|Surf|p2a: Tinkki Minaj
|-damage|p2a: Tinkki Minaj|0 fnt
|faint|p2a: Tinkki Minaj
|
|-weather|RainDance|[upkeep]
|upkeep
|
|t:|1780988239
|switch|p2a: My Little Pwny|Keldeo|100/100
|turn|19
|
|t:|1780988245
|switch|p1a: Garchomp|Garchomp, F|34/100
|-damage|p1a: Garchomp|28/100|[from] Stealth Rock
|move|p2a: My Little Pwny|Flip Turn|p1a: Garchomp
|-damage|p1a: Garchomp|16/100
|-damage|p2a: My Little Pwny|88/100|[from] ability: Rough Skin|[of] p1a: Garchomp
|
|t:|1780988247
|switch|p2a: Jarhead|Ting-Lu|88/100 tox|[from] Flip Turn
|-damage|p2a: Jarhead|72/100 tox|[from] Spikes
|-ability|p2a: Jarhead|Vessel of Ruin
|
|-weather|RainDance|[upkeep]
|-heal|p2a: Jarhead|78/100 tox|[from] item: Leftovers
|-damage|p2a: Jarhead|72/100 tox|[from] psn
|upkeep
|turn|20
|
|t:|1780988251
|move|p1a: Garchomp|Earthquake|p2a: Jarhead
|-damage|p2a: Jarhead|46/100 tox
|move|p2a: Jarhead|Spikes|p1a: Garchomp
|-sidestart|p1: LUPIIT|Spikes
|
|-weather|RainDance|[upkeep]
|-heal|p2a: Jarhead|52/100 tox|[from] item: Leftovers
|-damage|p2a: Jarhead|40/100 tox|[from] psn
|upkeep
|turn|21
|
|t:|1780988254
|move|p2a: Jarhead|Spikes|p1a: Garchomp
|-sidestart|p1: LUPIIT|Spikes
|move|p1a: Garchomp|Dragon Tail|p2a: Jarhead
|-damage|p2a: Jarhead|25/100 tox
|drag|p2a: My Little Pwny|Keldeo|88/100
|
|-weather|RainDance|[upkeep]
|upkeep
|turn|22
|
|t:|1780988257
|move|p1a: Garchomp|Endure|p1a: Garchomp
|-singleturn|p1a: Garchomp|move: Endure
|move|p2a: My Little Pwny|Surf|p1a: Garchomp
|-activate|p1a: Garchomp|move: Endure
|-damage|p1a: Garchomp|1/100
|
|-weather|RainDance|[upkeep]
|upkeep
|turn|23
|
|t:|1780988260
|move|p2a: My Little Pwny|Vacuum Wave|p1a: Garchomp
|-damage|p1a: Garchomp|0 fnt
|faint|p1a: Garchomp
|
|-weather|RainDance|[upkeep]
|upkeep
|
|t:|1780988266
|switch|p1a: Toxapex|Toxapex, M|98/100
|-damage|p1a: Toxapex|86/100|[from] Stealth Rock
|-damage|p1a: Toxapex|70/100|[from] Spikes
|turn|24
|
|t:|1780988273
|move|p2a: My Little Pwny|Flip Turn|p1a: Toxapex
|-resisted|p1a: Toxapex
|-damage|p1a: Toxapex|63/100
|
|t:|1780988275
|switch|p2a: Jarhead|Ting-Lu|25/100 tox|[from] Flip Turn
|-damage|p2a: Jarhead|8/100 tox|[from] Spikes
|-ability|p2a: Jarhead|Vessel of Ruin
|move|p1a: Toxapex|Liquidation|p2a: Jarhead
|-supereffective|p2a: Jarhead
|-damage|p2a: Jarhead|0 fnt
|faint|p2a: Jarhead
|
|-weather|RainDance|[upkeep]
|upkeep
|
|t:|1780988282
|switch|p2a: My Little Pwny|Keldeo|88/100
|turn|25
|
|t:|1780988285
|move|p2a: My Little Pwny|Surf|p1a: Toxapex
|-resisted|p1a: Toxapex
|-damage|p1a: Toxapex|34/100
|move|p1a: Toxapex|Toxic|p2a: My Little Pwny
|-status|p2a: My Little Pwny|tox
|
|-weather|none
|-damage|p2a: My Little Pwny|82/100 tox|[from] psn
|upkeep
|turn|26
|
|t:|1780988290
|move|p1a: Toxapex|Baneful Bunker|p1a: Toxapex
|-singleturn|p1a: Toxapex|move: Protect
|move|p2a: My Little Pwny|Flip Turn|p1a: Toxapex
|-activate|p1a: Toxapex|move: Protect
|
|-damage|p2a: My Little Pwny|70/100 tox|[from] psn
|upkeep
|turn|27
|
|t:|1780988295
|move|p2a: My Little Pwny|Flip Turn|p1a: Toxapex
|-resisted|p1a: Toxapex
|-damage|p1a: Toxapex|29/100
|
|t:|1780988296
|switch|p2a: Tchavis Scott|Sinistcha-Masterpiece|100/100|[from] Flip Turn
|move|p1a: Toxapex|Toxic|p2a: Tchavis Scott
|-status|p2a: Tchavis Scott|tox
|
|-damage|p2a: Tchavis Scott|94/100 tox|[from] psn
|upkeep
|turn|28
|
|t:|1780988301
|switch|p1a: Hoopa|Hoopa-Unbound|100/100
|-damage|p1a: Hoopa|88/100|[from] Stealth Rock
|-damage|p1a: Hoopa|72/100|[from] Spikes
|move|p2a: Tchavis Scott|Shadow Ball|p1a: Hoopa
|-damage|p1a: Hoopa|41/100
|
|-damage|p2a: Tchavis Scott|82/100 tox|[from] psn
|upkeep
|turn|29
|
|t:|1780988310
|-terastallize|p2a: Tchavis Scott|Poison
|move|p1a: Hoopa|Hyperspace Fury|p2a: Tchavis Scott
|-damage|p2a: Tchavis Scott|11/100 tox
|-unboost|p1a: Hoopa|def|1
|move|p2a: Tchavis Scott|Matcha Gotcha|p1a: Hoopa
|-damage|p1a: Hoopa|12/100
|-heal|p2a: Tchavis Scott|23/100 tox|[from] drain|[of] p1a: Hoopa
|
|-damage|p2a: Tchavis Scott|5/100 tox|[from] psn
|upkeep
|turn|30
|
|t:|1780988315
|move|p1a: Hoopa|Hyperspace Fury|p2a: Tchavis Scott
|-damage|p2a: Tchavis Scott|0 fnt
|-unboost|p1a: Hoopa|def|1
|faint|p2a: Tchavis Scott
|
|upkeep
|
|t:|1780988317
|switch|p2a: My Little Pwny|Keldeo|70/100 tox
|turn|31
|
|t:|1780988320
|move|p2a: My Little Pwny|Surf|p1a: Hoopa
|-damage|p1a: Hoopa|0 fnt
|faint|p1a: Hoopa
|
|-damage|p2a: My Little Pwny|63/100 tox|[from] psn
|upkeep
|
|t:|1780988323
|switch|p1a: Araquanid|Araquanid, F|75/100
|-damage|p1a: Araquanid|50/100|[from] Stealth Rock
|-damage|p1a: Araquanid|34/100|[from] Spikes
|turn|32
|
|t:|1780988326
|move|p2a: My Little Pwny|Surf|p1a: Araquanid
|-resisted|p1a: Araquanid
|-damage|p1a: Araquanid|16/100
|move|p1a: Araquanid|Leech Life|p2a: My Little Pwny
|-resisted|p2a: My Little Pwny
|-damage|p2a: My Little Pwny|39/100 tox
|-heal|p1a: Araquanid|28/100|[from] drain|[of] p2a: My Little Pwny
|
|-damage|p2a: My Little Pwny|27/100 tox|[from] psn
|upkeep
|turn|33
|-message|Curbs forfeited.
|
|win|LUPIIT
|raw|LUPIIT's rating: 1490 &rarr; <strong>1514</strong><br />(+24 for winning)
|raw|Curbs's rating: 1560 &rarr; <strong>1536</strong><br />(-24 for losing)
|l|☆Curbs
|player|p2|
