|j|☆Klopple
|j|☆KurisuChestnutLab
|t:|1781156585
|gametype|singles
|player|p1|Klopple|sailor|1556
|player|p2|KurisuChestnutLab|may-contest|1569
|gen|9
|tier|[Gen 9] OU
|rated|
|rule|HP Percentage Mod: HP is shown in percentages
|rule|Endless Battle Clause: Forcing endless battles is banned
|rule|Species Clause: Limit one of each Pokémon
|rule|OHKO Clause: OHKO moves are banned
|rule|Evasion Items Clause: Evasion items are banned
|rule|Evasion Moves Clause: Evasion moves are banned
|rule|Evasion Abilities Clause: Evasion abilities are banned
|rule|Sleep Moves Clause: Sleep-inducing moves are banned
|clearpoke
|poke|p1|Arboliva, F|
|poke|p1|Gliscor, M|
|poke|p1|Iron Crown|
|poke|p1|Zamazenta-*|
|poke|p1|Hatterene, F|
|poke|p1|Dragonite, M|
|poke|p2|Primarina, M|
|poke|p2|Hippowdon, M|
|poke|p2|Skarmory, M|
|poke|p2|Zapdos|
|poke|p2|Dragonite, F|
|poke|p2|Slowking, M|
|teampreview
|inactive|Battle timer is ON: inactive players will automatically lose when time's up. (requested by KurisuChestnutLab)
|
|t:|1781156595
|teamsize|p1|6
|teamsize|p2|6
|start
|switch|p1a: Gliscor|Gliscor, M|100/100
|switch|p2a: Primarina|Primarina, M|100/100
|turn|1
|
|t:|1781156601
|move|p1a: Gliscor|Protect|p1a: Gliscor
|-singleturn|p1a: Gliscor|Protect
|move|p2a: Primarina|Moonblast|p1a: Gliscor
|-activate|p1a: Gliscor|move: Protect
|
|-status|p1a: Gliscor|tox|[from] item: Toxic Orb
|upkeep
|turn|2
|
|t:|1781156609
|switch|p1a: Iron Crown|Iron Crown|100/100
|move|p2a: Primarina|Moonblast|p1a: Iron Crown
|-resisted|p1a: Iron Crown
|-damage|p1a: Iron Crown|82/100
|
|upkeep
|turn|3
|
|t:|1781156617
|move|p1a: Iron Crown|Future Sight|p2a: Primarina
|-start|p1a: Iron Crown|move: Future Sight
|move|p2a: Primarina|Surf|p1a: Iron Crown
|-damage|p1a: Iron Crown|49/100
|
|upkeep
|turn|4
|
|t:|1781156624
|move|p1a: Iron Crown|Volt Switch|p2a: Primarina
|-supereffective|p2a: Primarina
|-damage|p2a: Primarina|74/100
|
|t:|1781156628
|-end|p1a: Iron Crown|Quark Drive|[silent]
|switch|p1a: Arboliva|Arboliva, F|100/100|[from] Volt Switch
|move|p2a: Primarina|Moonblast|p1a: Arboliva
|-crit|p1a: Arboliva
|-damage|p1a: Arboliva|25/100
|
|upkeep
|turn|5
|-enditem|p1a: Arboliva|Custap Berry|[eat]
|-activate|p1a: Arboliva|item: Custap Berry|[consumed]
|
|t:|1781156635
|move|p1a: Arboliva|Energy Ball|p2a: Primarina
|-supereffective|p2a: Primarina
|-damage|p2a: Primarina|17/100
|move|p2a: Primarina|Flip Turn|p1a: Arboliva
|-resisted|p1a: Arboliva
|-damage|p1a: Arboliva|16/100
|
|t:|1781156640
|switch|p2a: Hippowdon|Hippowdon, M|100/100|[from] Flip Turn
|-weather|Sandstorm|[from] ability: Sand Stream|[of] p2a: Hippowdon
|
|-weather|Sandstorm|[upkeep]
|-damage|p1a: Arboliva|10/100|[from] Sandstorm
|-end|p2a: Hippowdon|move: Future Sight
|-damage|p2a: Hippowdon|34/100
|-heal|p2a: Hippowdon|40/100|[from] item: Leftovers
|upkeep
|turn|6
|
|t:|1781156653
|move|p2a: Hippowdon|Earthquake|p1a: Arboliva
|-resisted|p1a: Arboliva
|-damage|p1a: Arboliva|0 fnt
|faint|p1a: Arboliva
|
|-weather|Sandstorm|[upkeep]
|-heal|p2a: Hippowdon|46/100|[from] item: Leftovers
|upkeep
|
|t:|1781156661
|switch|p1a: Hatterene|Hatterene, F|100/100
|turn|7
|
|t:|1781156664
|move|p2a: Hippowdon|Slack Off|p2a: Hippowdon
|-heal|p2a: Hippowdon|96/100
|move|p1a: Hatterene|Psychic Noise|p2a: Hippowdon
|-damage|p2a: Hippowdon|63/100
|-start|p2a: Hippowdon|move: Heal Block
|
|-weather|Sandstorm|[upkeep]
|-damage|p1a: Hatterene|95/100|[from] Sandstorm
|upkeep
|turn|8
|
|t:|1781156672
|move|p2a: Hippowdon|Earthquake|p1a: Hatterene
|-damage|p1a: Hatterene|62/100
|move|p1a: Hatterene|Draining Kiss|p2a: Hippowdon
|-damage|p2a: Hippowdon|37/100
|-heal|p1a: Hatterene|88/100|[from] drain|[of] p2a: Hippowdon
|
|-weather|Sandstorm|[upkeep]
|-damage|p1a: Hatterene|82/100|[from] Sandstorm
|-end|p2a: Hippowdon|move: Heal Block
|upkeep
|turn|9
|
|t:|1781156677
|move|p2a: Hippowdon|Slack Off|p2a: Hippowdon
|-heal|p2a: Hippowdon|87/100
|move|p1a: Hatterene|Psychic Noise|p2a: Hippowdon
|-damage|p2a: Hippowdon|53/100
|-start|p2a: Hippowdon|move: Heal Block
|
|-weather|none
|upkeep
|turn|10
|
|t:|1781156683
|switch|p2a: Slowking|Slowking, M|100/100
|move|p1a: Hatterene|Draining Kiss|p2a: Slowking
|-damage|p2a: Slowking|87/100
|-heal|p1a: Hatterene|95/100|[from] drain|[of] p2a: Slowking
|
|upkeep
|turn|11
|
|t:|1781156691
|move|p1a: Hatterene|Nuzzle|p2a: Slowking
|-supereffective|p2a: Slowking
|-damage|p2a: Slowking|77/100
|-status|p2a: Slowking|par
|move|p2a: Slowking|Scald|p1a: Hatterene
|-damage|p1a: Hatterene|64/100
|-status|p1a: Hatterene|brn
|
|-damage|p1a: Hatterene|58/100 brn|[from] brn
|upkeep
|turn|12
|
|t:|1781156699
|move|p1a: Hatterene|Pain Split|p2a: Slowking
|-sethp|p2a: Slowking|62/100 par|[from] move: Pain Split|[silent]
|-sethp|p1a: Hatterene|77/100 brn|[from] move: Pain Split
|-prepare|p2a: Slowking|Chilly Reception|[premajor]
|move|p2a: Slowking|Chilly Reception|p2a: Slowking
|-weather|Snowscape
|
|t:|1781156705
|switch|p2a: Primarina|Primarina, M|17/100|[from] Chilly Reception
|
|-weather|Snowscape|[upkeep]
|-damage|p1a: Hatterene|71/100 brn|[from] brn
|upkeep
|turn|13
|
|t:|1781156712
|switch|p1a: Iron Crown|Iron Crown|49/100
|move|p2a: Primarina|Surf|p1a: Iron Crown
|-damage|p1a: Iron Crown|1/100
|
|-weather|Snowscape|[upkeep]
|upkeep
|turn|14
|
|t:|1781156723
|switch|p2a: Slowking|Slowking, M|95/100 par
|move|p1a: Iron Crown|Volt Switch|p2a: Slowking
|-supereffective|p2a: Slowking
|-damage|p2a: Slowking|69/100 par
|
|t:|1781156738
|-end|p1a: Iron Crown|Quark Drive|[silent]
|switch|p1a: Zamazenta|Zamazenta|100/100|[from] Volt Switch
|-ability|p1a: Zamazenta|Dauntless Shield|boost
|-boost|p1a: Zamazenta|def|1
|
|-weather|Snowscape|[upkeep]
|upkeep
|turn|15
|
|t:|1781156743
|switch|p2a: Hippowdon|Hippowdon, M|53/100
|-weather|Sandstorm|[from] ability: Sand Stream|[of] p2a: Hippowdon
|move|p1a: Zamazenta|Crunch|p2a: Hippowdon
|-damage|p2a: Hippowdon|39/100
|
|-weather|Sandstorm|[upkeep]
|-damage|p1a: Zamazenta|94/100|[from] Sandstorm
|-heal|p2a: Hippowdon|45/100|[from] item: Leftovers
|upkeep
|turn|16
|
|t:|1781156760
|switch|p1a: Gliscor|Gliscor, M|100/100 tox
|move|p2a: Hippowdon|Slack Off|p2a: Hippowdon
|-heal|p2a: Hippowdon|95/100
|
|-weather|Sandstorm|[upkeep]
|-heal|p2a: Hippowdon|100/100|[from] item: Leftovers
|upkeep
|turn|17
|
|t:|1781156767
|switch|p1a: Hatterene|Hatterene, F|71/100 brn
|move|p2a: Hippowdon|Stealth Rock|p1a: Hatterene
|move|p1a: Hatterene|Stealth Rock|p2a: Hippowdon|[from] ability: Magic Bounce
|-sidestart|p2: KurisuChestnutLab|move: Stealth Rock
|
|-weather|Sandstorm|[upkeep]
|-damage|p1a: Hatterene|65/100 brn|[from] Sandstorm
|-damage|p1a: Hatterene|59/100 brn|[from] brn
|upkeep
|turn|18
|
|t:|1781156772
|move|p2a: Hippowdon|Earthquake|p1a: Hatterene
|-damage|p1a: Hatterene|30/100 brn
|move|p1a: Hatterene|Pain Split|p2a: Hippowdon
|-sethp|p2a: Hippowdon|61/100|[from] move: Pain Split|[silent]
|-sethp|p1a: Hatterene|81/100 brn|[from] move: Pain Split
|
|-weather|Sandstorm|[upkeep]
|-damage|p1a: Hatterene|75/100 brn|[from] Sandstorm
|-heal|p2a: Hippowdon|68/100|[from] item: Leftovers
|-damage|p1a: Hatterene|69/100 brn|[from] brn
|upkeep
|turn|19
|
|t:|1781156779
|move|p2a: Hippowdon|Earthquake|p1a: Hatterene
|-damage|p1a: Hatterene|39/100 brn
|move|p1a: Hatterene|Psychic Noise|p2a: Hippowdon
|-damage|p2a: Hippowdon|30/100
|-start|p2a: Hippowdon|move: Heal Block
|
|-weather|none
|-damage|p1a: Hatterene|34/100 brn|[from] brn
|upkeep
|turn|20
|
|t:|1781156786
|move|p2a: Hippowdon|Earthquake|p1a: Hatterene
|-damage|p1a: Hatterene|0 fnt
|faint|p1a: Hatterene
|
|-end|p2a: Hippowdon|move: Heal Block
|upkeep
|
|t:|1781156789
|switch|p1a: Iron Crown|Iron Crown|1/100
|turn|21
|
|t:|1781156793
|-terastallize|p2a: Hippowdon|Steel
|move|p1a: Iron Crown|Psychic Noise|p2a: Hippowdon
|-resisted|p2a: Hippowdon
|-damage|p2a: Hippowdon|10/100
|-start|p2a: Hippowdon|move: Heal Block
|cant|p2a: Hippowdon|move: Heal Block|Slack Off
|
|upkeep
|turn|22
|
|t:|1781156802
|switch|p2a: Dragonite|Dragonite, F|100/100
|move|p1a: Iron Crown|Psychic Noise|p2a: Dragonite
|-damage|p2a: Dragonite|80/100
|-start|p2a: Dragonite|move: Heal Block
|
|upkeep
|turn|23
|
|t:|1781156810
|-end|p1a: Iron Crown|Quark Drive|[silent]
|switch|p1a: Dragonite|Dragonite, M|100/100
|move|p2a: Dragonite|Extreme Speed|p1a: Dragonite
|-damage|p1a: Dragonite|85/100
|
|-end|p2a: Dragonite|move: Heal Block
|upkeep
|turn|24
|
|t:|1781156820
|move|p2a: Dragonite|Dragon Dance|p2a: Dragonite
|-boost|p2a: Dragonite|atk|1
|-boost|p2a: Dragonite|spe|1
|move|p1a: Dragonite|Dragon Tail|p2a: Dragonite
|-supereffective|p2a: Dragonite
|-damage|p2a: Dragonite|8/100
|drag|p2a: Zapdos|Zapdos|100/100
|
|upkeep
|turn|25
|
|t:|1781156829
|switch|p1a: Gliscor|Gliscor, M|100/100 tox
|move|p2a: Zapdos|Hurricane|p1a: Gliscor|[miss]
|-miss|p2a: Zapdos|p1a: Gliscor
|
|upkeep
|turn|26
|
|t:|1781156834
|move|p2a: Zapdos|Hurricane|p1a: Gliscor
|-damage|p1a: Gliscor|61/100 tox
|-start|p1a: Gliscor|confusion
|-activate|p1a: Gliscor|confusion
|move|p1a: Gliscor|Knock Off|p2a: Zapdos
|-damage|p2a: Zapdos|86/100
|-enditem|p2a: Zapdos|Heavy-Duty Boots|[from] move: Knock Off|[of] p1a: Gliscor
|
|-heal|p1a: Gliscor|74/100 tox|[from] ability: Poison Heal
|upkeep
|turn|27
|
|t:|1781156842
|-activate|p1a: Gliscor|confusion
|move|p1a: Gliscor|Protect|p1a: Gliscor
|-singleturn|p1a: Gliscor|Protect
|move|p2a: Zapdos|Hurricane|p1a: Gliscor
|-activate|p1a: Gliscor|move: Protect
|
|-heal|p1a: Gliscor|86/100 tox|[from] ability: Poison Heal
|upkeep
|turn|28
|
|t:|1781156848
|move|p2a: Zapdos|Hurricane|p1a: Gliscor|[miss]
|-miss|p2a: Zapdos|p1a: Gliscor
|-activate|p1a: Gliscor|confusion
|move|p1a: Gliscor|Knock Off|p2a: Zapdos
|-damage|p2a: Zapdos|76/100
|
|-heal|p1a: Gliscor|99/100 tox|[from] ability: Poison Heal
|upkeep
|turn|29
|
|t:|1781156855
|move|p2a: Zapdos|Hurricane|p1a: Gliscor
|-damage|p1a: Gliscor|56/100 tox
|-end|p1a: Gliscor|confusion
|move|p1a: Gliscor|Knock Off|p2a: Zapdos
|-damage|p2a: Zapdos|66/100
|
|-heal|p1a: Gliscor|68/100 tox|[from] ability: Poison Heal
|upkeep
|turn|30
|
|t:|1781156864
|move|p2a: Zapdos|Hurricane|p1a: Gliscor
|-damage|p1a: Gliscor|27/100 tox
|-start|p1a: Gliscor|confusion
|-activate|p1a: Gliscor|confusion
|-damage|p1a: Gliscor|20/100 tox|[from] confusion
|
|-heal|p1a: Gliscor|32/100 tox|[from] ability: Poison Heal
|upkeep
|turn|31
|
|t:|1781156871
|-activate|p1a: Gliscor|confusion
|move|p1a: Gliscor|Protect|p1a: Gliscor
|-singleturn|p1a: Gliscor|Protect
|move|p2a: Zapdos|Hurricane|p1a: Gliscor
|-activate|p1a: Gliscor|move: Protect
|
|-heal|p1a: Gliscor|45/100 tox|[from] ability: Poison Heal
|upkeep
|turn|32
|
|t:|1781156878
|move|p2a: Zapdos|Hurricane|p1a: Gliscor
|-damage|p1a: Gliscor|3/100 tox
|-end|p1a: Gliscor|confusion
|move|p1a: Gliscor|Knock Off|p2a: Zapdos
|-damage|p2a: Zapdos|56/100
|
|-heal|p1a: Gliscor|15/100 tox|[from] ability: Poison Heal
|upkeep
|turn|33
|
|t:|1781156885
|move|p1a: Gliscor|Protect|p1a: Gliscor
|-singleturn|p1a: Gliscor|Protect
|move|p2a: Zapdos|Heat Wave|p1a: Gliscor
|-activate|p1a: Gliscor|move: Protect
|
|-heal|p1a: Gliscor|28/100 tox|[from] ability: Poison Heal
|upkeep
|turn|34
|
|t:|1781156900
|switch|p1a: Iron Crown|Iron Crown|1/100
|move|p2a: Zapdos|Hurricane|p1a: Iron Crown
|-resisted|p1a: Iron Crown
|-damage|p1a: Iron Crown|0 fnt
|faint|p1a: Iron Crown
|-end|p1a: Iron Crown|Quark Drive|[silent]
|
|upkeep
|
|t:|1781156905
|switch|p1a: Zamazenta|Zamazenta|94/100
|turn|35
|
|t:|1781156910
|move|p1a: Zamazenta|Stone Edge|p2a: Zapdos
|-supereffective|p2a: Zapdos
|-damage|p2a: Zapdos|5/100
|move|p2a: Zapdos|Hurricane|p1a: Zamazenta|[miss]
|-miss|p2a: Zapdos|p1a: Zamazenta
|
|upkeep
|turn|36
|
|t:|1781156917
|move|p1a: Zamazenta|Crunch|p2a: Zapdos
|-damage|p2a: Zapdos|0 fnt
|faint|p2a: Zapdos
|
|upkeep
|
|t:|1781156921
|switch|p2a: Slowking|Slowking, M|100/100 par
|turn|37
|
|t:|1781156932
|switch|p1a: Dragonite|Dragonite, M|85/100
|cant|p2a: Slowking|par
|
|upkeep
|turn|38
|
|t:|1781156944
|move|p1a: Dragonite|Roost|p1a: Dragonite
|-heal|p1a: Dragonite|100/100
|-singleturn|p1a: Dragonite|move: Roost
|move|p2a: Slowking|Future Sight|p1a: Dragonite
|-start|p2a: Slowking|move: Future Sight
|
|upkeep
|turn|39
|
|t:|1781156951
|move|p2a: Slowking|Scald|p1a: Dragonite
|-resisted|p1a: Dragonite
|-damage|p1a: Dragonite|94/100
|move|p1a: Dragonite|Dragon Tail|p2a: Slowking
|-damage|p2a: Slowking|65/100 par
|drag|p2a: Hippowdon|Hippowdon, M, tera:Steel|10/100
|-damage|p2a: Hippowdon|4/100|[from] Stealth Rock
|-weather|Sandstorm|[from] ability: Sand Stream|[of] p2a: Hippowdon
|
|-weather|Sandstorm|[upkeep]
|-damage|p1a: Dragonite|88/100|[from] Sandstorm
|-heal|p2a: Hippowdon|10/100|[from] item: Leftovers
|upkeep
|turn|40
|
|t:|1781156966
|switch|p2a: Slowking|Slowking, M|99/100 par
|move|p1a: Dragonite|Earthquake|p2a: Slowking
|-damage|p2a: Slowking|60/100 par
|
|-weather|Sandstorm|[upkeep]
|-damage|p1a: Dragonite|82/100|[from] Sandstorm
|-damage|p2a: Slowking|54/100 par|[from] Sandstorm
|-end|p1a: Dragonite|move: Future Sight
|-damage|p1a: Dragonite|47/100
|upkeep
|turn|41
|
|t:|1781156975
|move|p1a: Dragonite|Earthquake|p2a: Slowking
|-damage|p2a: Slowking|11/100 par
|cant|p2a: Slowking|par
|
|-weather|Sandstorm|[upkeep]
|-damage|p1a: Dragonite|41/100|[from] Sandstorm
|-damage|p2a: Slowking|5/100 par|[from] Sandstorm
|upkeep
|turn|42
|
|t:|1781156990
|move|p1a: Dragonite|Roost|p1a: Dragonite
|-heal|p1a: Dragonite|91/100
|-singleturn|p1a: Dragonite|move: Roost
|move|p2a: Slowking|Slack Off|p2a: Slowking
|-heal|p2a: Slowking|55/100 par
|
|-weather|Sandstorm|[upkeep]
|-damage|p1a: Dragonite|85/100|[from] Sandstorm
|-damage|p2a: Slowking|48/100 par|[from] Sandstorm
|upkeep
|turn|43
|
|t:|1781156996
|move|p1a: Dragonite|Earthquake|p2a: Slowking
|-damage|p2a: Slowking|4/100 par
|move|p2a: Slowking|Scald|p1a: Dragonite
|-resisted|p1a: Dragonite
|-damage|p1a: Dragonite|72/100
|-status|p1a: Dragonite|brn
|
|-weather|none
|-damage|p1a: Dragonite|66/100 brn|[from] brn
|upkeep
|turn|44
|
|t:|1781157005
|switch|p2a: Skarmory|Skarmory, M|100/100
|-damage|p2a: Skarmory|88/100|[from] Stealth Rock
|move|p1a: Dragonite|Extreme Speed|p2a: Skarmory
|-resisted|p2a: Skarmory
|-damage|p2a: Skarmory|84/100
|
|-heal|p2a: Skarmory|90/100|[from] item: Leftovers
|-damage|p1a: Dragonite|60/100 brn|[from] brn
|upkeep
|turn|45
|
|t:|1781157010
|switch|p1a: Gliscor|Gliscor, M|28/100 tox
|move|p2a: Skarmory|Iron Head|p1a: Gliscor
|-damage|p1a: Gliscor|10/100 tox
|
|-heal|p2a: Skarmory|96/100|[from] item: Leftovers
|-heal|p1a: Gliscor|22/100 tox|[from] ability: Poison Heal
|upkeep
|turn|46
|
|t:|1781157017
|move|p1a: Gliscor|Knock Off|p2a: Skarmory
|-damage|p2a: Skarmory|83/100
|-enditem|p2a: Skarmory|Leftovers|[from] move: Knock Off|[of] p1a: Gliscor
|move|p2a: Skarmory|Iron Head|p1a: Gliscor
|-damage|p1a: Gliscor|4/100 tox
|
|-heal|p1a: Gliscor|17/100 tox|[from] ability: Poison Heal
|upkeep
|turn|47
|
|t:|1781157025
|switch|p2a: Slowking|Slowking, M|38/100 par
|move|p1a: Gliscor|Protect||[still]
|-fail|p1a: Gliscor
|
|-heal|p1a: Gliscor|29/100 tox|[from] ability: Poison Heal
|upkeep
|turn|48
|
|t:|1781157034
|switch|p2a: Hippowdon|Hippowdon, M, tera:Steel|10/100
|-damage|p2a: Hippowdon|4/100|[from] Stealth Rock
|-weather|Sandstorm|[from] ability: Sand Stream|[of] p2a: Hippowdon
|move|p1a: Gliscor|Knock Off|p2a: Hippowdon
|-damage|p2a: Hippowdon|0 fnt
|-enditem|p2a: Hippowdon|Leftovers|[from] move: Knock Off|[of] p1a: Gliscor
|faint|p2a: Hippowdon
|
|-weather|Sandstorm|[upkeep]
|-heal|p1a: Gliscor|42/100 tox|[from] ability: Poison Heal
|upkeep
|
|t:|1781157039
|switch|p2a: Slowking|Slowking, M|71/100 par
|turn|49
|
|t:|1781157064
|switch|p2a: Skarmory|Skarmory, M|83/100
|-damage|p2a: Skarmory|71/100|[from] Stealth Rock
|move|p1a: Gliscor|Protect||[still]
|-fail|p1a: Gliscor
|
|-weather|Sandstorm|[upkeep]
|-heal|p1a: Gliscor|54/100 tox|[from] ability: Poison Heal
|upkeep
|turn|50
|
|t:|1781157070
|move|p1a: Gliscor|Knock Off|p2a: Skarmory
|-damage|p2a: Skarmory|63/100
|move|p2a: Skarmory|Roost|p2a: Skarmory
|-heal|p2a: Skarmory|100/100
|-singleturn|p2a: Skarmory|move: Roost
|
|-weather|Sandstorm|[upkeep]
|-heal|p1a: Gliscor|67/100 tox|[from] ability: Poison Heal
|upkeep
|turn|51
|
|t:|1781157076
|move|p1a: Gliscor|Knock Off|p2a: Skarmory
|-damage|p2a: Skarmory|93/100
|move|p2a: Skarmory|Iron Head|p1a: Gliscor
|-damage|p1a: Gliscor|50/100 tox
|
|-weather|Sandstorm|[upkeep]
|-heal|p1a: Gliscor|62/100 tox|[from] ability: Poison Heal
|upkeep
|turn|52
|
|t:|1781157081
|move|p1a: Gliscor|Knock Off|p2a: Skarmory
|-damage|p2a: Skarmory|84/100
|move|p2a: Skarmory|Iron Head|p1a: Gliscor
|-damage|p1a: Gliscor|44/100 tox
|
|-weather|none
|-heal|p1a: Gliscor|56/100 tox|[from] ability: Poison Heal
|upkeep
|turn|53
|
|t:|1781157086
|move|p1a: Gliscor|Protect|p1a: Gliscor
|-singleturn|p1a: Gliscor|Protect
|move|p2a: Skarmory|Iron Head|p1a: Gliscor
|-activate|p1a: Gliscor|move: Protect
|
|-heal|p1a: Gliscor|69/100 tox|[from] ability: Poison Heal
|upkeep
|turn|54
|
|t:|1781157090
|move|p1a: Gliscor|Knock Off|p2a: Skarmory
|-damage|p2a: Skarmory|75/100
|move|p2a: Skarmory|Spikes|p1a: Gliscor
|-sidestart|p1: Klopple|Spikes
|
|-heal|p1a: Gliscor|81/100 tox|[from] ability: Poison Heal
|upkeep
|turn|55
|
|t:|1781157096
|move|p1a: Gliscor|Knock Off|p2a: Skarmory
|-damage|p2a: Skarmory|67/100
|move|p2a: Skarmory|Roost|p2a: Skarmory
|-heal|p2a: Skarmory|100/100
|-singleturn|p2a: Skarmory|move: Roost
|
|-heal|p1a: Gliscor|94/100 tox|[from] ability: Poison Heal
|upkeep
|turn|56
|
|t:|1781157101
|move|p1a: Gliscor|Knock Off|p2a: Skarmory
|-damage|p2a: Skarmory|92/100
|move|p2a: Skarmory|Iron Head|p1a: Gliscor
|-damage|p1a: Gliscor|76/100 tox
|
|-heal|p1a: Gliscor|89/100 tox|[from] ability: Poison Heal
|upkeep
|turn|57
|
|t:|1781157105
|move|p1a: Gliscor|Knock Off|p2a: Skarmory
|-damage|p2a: Skarmory|84/100
|move|p2a: Skarmory|Roost|p2a: Skarmory
|-heal|p2a: Skarmory|100/100
|-singleturn|p2a: Skarmory|move: Roost
|
|-heal|p1a: Gliscor|100/100 tox|[from] ability: Poison Heal
|upkeep
|turn|58
|
|t:|1781157110
|move|p1a: Gliscor|Knock Off|p2a: Skarmory
|-damage|p2a: Skarmory|92/100
|move|p2a: Skarmory|Iron Head|p1a: Gliscor
|-damage|p1a: Gliscor|83/100 tox
|
|-heal|p1a: Gliscor|96/100 tox|[from] ability: Poison Heal
|upkeep
|turn|59
|
|t:|1781157115
|move|p1a: Gliscor|Knock Off|p2a: Skarmory
|-damage|p2a: Skarmory|84/100
|move|p2a: Skarmory|Roost|p2a: Skarmory
|-heal|p2a: Skarmory|100/100
|-singleturn|p2a: Skarmory|move: Roost
|
|-heal|p1a: Gliscor|100/100 tox|[from] ability: Poison Heal
|upkeep
|turn|60
|
|t:|1781157122
|move|p1a: Gliscor|Knock Off|p2a: Skarmory
|-damage|p2a: Skarmory|92/100
|move|p2a: Skarmory|Iron Head|p1a: Gliscor
|-damage|p1a: Gliscor|83/100 tox
|
|-heal|p1a: Gliscor|96/100 tox|[from] ability: Poison Heal
|upkeep
|turn|61
|
|t:|1781157127
|move|p1a: Gliscor|Knock Off|p2a: Skarmory
|-crit|p2a: Skarmory
|-damage|p2a: Skarmory|78/100
|move|p2a: Skarmory|Roost|p2a: Skarmory
|-heal|p2a: Skarmory|100/100
|-singleturn|p2a: Skarmory|move: Roost
|
|-heal|p1a: Gliscor|100/100 tox|[from] ability: Poison Heal
|upkeep
|turn|62
|
|t:|1781157134
|move|p1a: Gliscor|Knock Off|p2a: Skarmory
|-damage|p2a: Skarmory|92/100
|move|p2a: Skarmory|Spikes|p1a: Gliscor
|-sidestart|p1: Klopple|Spikes
|
|upkeep
|turn|63
|
|t:|1781157141
|move|p1a: Gliscor|Knock Off|p2a: Skarmory
|-damage|p2a: Skarmory|84/100
|move|p2a: Skarmory|Body Press|p1a: Gliscor
|-resisted|p1a: Gliscor
|-damage|p1a: Gliscor|87/100 tox
|
|-heal|p1a: Gliscor|99/100 tox|[from] ability: Poison Heal
|upkeep
|turn|64
|
|t:|1781157148
|switch|p1a: Zamazenta|Zamazenta|94/100
|-damage|p1a: Zamazenta|78/100|[from] Spikes
|move|p2a: Skarmory|Roost|p2a: Skarmory
|-heal|p2a: Skarmory|100/100
|-singleturn|p2a: Skarmory|move: Roost
|
|upkeep
|turn|65
|
|t:|1781157156
|move|p1a: Zamazenta|Crunch|p2a: Skarmory
|-damage|p2a: Skarmory|83/100
|-unboost|p2a: Skarmory|def|1
|move|p2a: Skarmory|Body Press|p1a: Zamazenta
|-damage|p1a: Zamazenta|58/100
|
|upkeep
|turn|66
|
|t:|1781157168
|-terastallize|p1a: Zamazenta|Fighting
|move|p1a: Zamazenta|Close Combat|p2a: Skarmory
|-damage|p2a: Skarmory|11/100
|-unboost|p1a: Zamazenta|def|1
|-unboost|p1a: Zamazenta|spd|1
|move|p2a: Skarmory|Roost|p2a: Skarmory
|-heal|p2a: Skarmory|61/100
|-singleturn|p2a: Skarmory|move: Roost
|
|upkeep
|turn|67
|
|t:|1781157176
|switch|p2a: Primarina|Primarina, M|17/100
|-damage|p2a: Primarina|5/100|[from] Stealth Rock
|move|p1a: Zamazenta|Close Combat|p2a: Primarina
|-resisted|p2a: Primarina
|-damage|p2a: Primarina|0 fnt
|-unboost|p1a: Zamazenta|def|1
|-unboost|p1a: Zamazenta|spd|1
|faint|p2a: Primarina
|
|upkeep
|
|t:|1781157180
|switch|p2a: Dragonite|Dragonite, F|8/100
|turn|68
|
|t:|1781157199
|switch|p1a: Dragonite|Dragonite, M|60/100 brn
|move|p2a: Dragonite|Extreme Speed|p1a: Dragonite
|-damage|p1a: Dragonite|29/100 brn
|
|-damage|p1a: Dragonite|23/100 brn|[from] brn
|upkeep
|turn|69
|
|t:|1781157205
|move|p1a: Dragonite|Extreme Speed|p2a: Dragonite
|-damage|p2a: Dragonite|0 fnt
|faint|p2a: Dragonite
|
|-damage|p1a: Dragonite|17/100 brn|[from] brn
|upkeep
|
|t:|1781157212
|switch|p2a: Slowking|Slowking, M|100/100 par
|turn|70
|
|t:|1781157223
|move|p2a: Slowking|Scald|p1a: Dragonite
|-resisted|p1a: Dragonite
|-damage|p1a: Dragonite|4/100 brn
|move|p1a: Dragonite|Dragon Tail|p2a: Slowking
|-damage|p2a: Slowking|81/100 par
|drag|p2a: Skarmory|Skarmory, M|61/100
|-damage|p2a: Skarmory|49/100|[from] Stealth Rock
|
|-damage|p1a: Dragonite|0 fnt|[from] brn
|faint|p1a: Dragonite
|upkeep
|
|t:|1781157231
|switch|p1a: Zamazenta|Zamazenta, tera:Fighting|58/100
|-damage|p1a: Zamazenta|42/100|[from] Spikes
|turn|71
|
|t:|1781157235
|switch|p2a: Slowking|Slowking, M|100/100 par
|move|p1a: Zamazenta|Close Combat|p2a: Slowking
|-resisted|p2a: Slowking
|-damage|p2a: Slowking|57/100 par
|-unboost|p1a: Zamazenta|def|1
|-unboost|p1a: Zamazenta|spd|1
|
|upkeep
|turn|72
|inactive|Klopple has 120 seconds left.
|
|t:|1781157266
|switch|p2a: Skarmory|Skarmory, M|49/100
|-damage|p2a: Skarmory|36/100|[from] Stealth Rock
|move|p1a: Zamazenta|Crunch|p2a: Skarmory
|-damage|p2a: Skarmory|18/100
|
|upkeep
|turn|73
|
|t:|1781157273
|switch|p2a: Slowking|Slowking, M|90/100 par
|move|p1a: Zamazenta|Close Combat|p2a: Slowking
|-resisted|p2a: Slowking
|-damage|p2a: Slowking|47/100 par
|-unboost|p1a: Zamazenta|def|1
|-unboost|p1a: Zamazenta|spd|1
|
|upkeep
|turn|74
|
|t:|1781157279
|switch|p2a: Skarmory|Skarmory, M|18/100
|-damage|p2a: Skarmory|6/100|[from] Stealth Rock
|move|p1a: Zamazenta|Crunch|p2a: Skarmory
|-damage|p2a: Skarmory|0 fnt
|faint|p2a: Skarmory
|
|upkeep
|
|t:|1781157282
|switch|p2a: Slowking|Slowking, M|81/100 par
|turn|75
|
|t:|1781157290
|switch|p1a: Gliscor|Gliscor, M|99/100 tox
|move|p2a: Slowking|Slack Off|p2a: Slowking
|-heal|p2a: Slowking|100/100 par
|
|-heal|p1a: Gliscor|100/100 tox|[from] ability: Poison Heal
|upkeep
|turn|76
|
|t:|1781157297
|move|p1a: Gliscor|Earthquake|p2a: Slowking
|-damage|p2a: Slowking|64/100 par
|move|p2a: Slowking|Slack Off|p2a: Slowking
|-heal|p2a: Slowking|100/100 par
|
|upkeep
|turn|77
|
|t:|1781157302
|move|p1a: Gliscor|Earthquake|p2a: Slowking
|-damage|p2a: Slowking|64/100 par
|cant|p2a: Slowking|par
|
|upkeep
|turn|78
|
|t:|1781157306
|move|p1a: Gliscor|Earthquake|p2a: Slowking
|-damage|p2a: Slowking|29/100 par
|cant|p2a: Slowking|par
|
|upkeep
|turn|79
|
|t:|1781157312
|move|p1a: Gliscor|Knock Off|p2a: Slowking
|-supereffective|p2a: Slowking
|-damage|p2a: Slowking|0 fnt
|-enditem|p2a: Slowking|Heavy-Duty Boots|[from] move: Knock Off|[of] p1a: Gliscor
|faint|p2a: Slowking
|
|win|Klopple
|raw|Klopple's rating: 1556 &rarr; <strong>1576</strong><br />(+20 for winning)
|raw|KurisuChestnutLab's rating: 1549 &rarr; <strong>1529</strong><br />(-20 for losing)
