|j|☆tuanquewang
|j|☆Johnny tots
|t:|1781281303
|gametype|singles
|player|p1|tuanquewang|backersf|1795
|player|p2|Johnny tots|101|1698
|gen|9
|tier|[Gen 9] OU
|rated|
|rule|HP Percentage Mod: HP is shown in percentages
|rule|Endless Battle Clause: Forcing endless battles is banned
|rule|Species Clause: Limit one of each Pokémon
|rule|OHKO Clause: OHKO moves are banned
|rule|Evasion Items Clause: Evasion items are banned
|rule|Evasion Moves Clause: Evasion moves are banned
|rule|Evasion Abilities Clause: Evasion abilities are banned
|rule|Sleep Moves Clause: Sleep-inducing moves are banned
|clearpoke
|poke|p1|Slowking-Galar, M|
|poke|p1|Hydrapple, F|
|poke|p1|Cinderace, M|
|poke|p1|Alomomola, F|
|poke|p1|Mamoswine, M|
|poke|p1|Gholdengo|
|poke|p2|Rillaboom, M|
|poke|p2|Klefki, M|
|poke|p2|Manaphy|
|poke|p2|Ogerpon-Wellspring, F|
|poke|p2|Dragapult, M|
|poke|p2|Clefable, F|
|teampreview
|inactive|Battle timer is ON: inactive players will automatically lose when time's up. (requested by tuanquewang)
|
|t:|1781281320
|teamsize|p1|6
|teamsize|p2|6
|start
|switch|p1a: Cinderace|Cinderace, M|100/100
|switch|p2a: Klefki|Klefki, M|100/100
|turn|1
|
|t:|1781281325
|move|p2a: Klefki|Reflect|p2a: Klefki
|-sidestart|p2: Johnny tots|Reflect
|move|p1a: Cinderace|Pyro Ball|p2a: Klefki
|-supereffective|p2a: Klefki
|-damage|p2a: Klefki|49/100
|
|upkeep
|turn|2
|
|t:|1781281328
|move|p2a: Klefki|Thunder Wave|p1a: Cinderace
|-status|p1a: Cinderace|par
|cant|p1a: Cinderace|par
|
|upkeep
|turn|3
|
|t:|1781281332
|switch|p2a: Rillaboom|Rillaboom, M|100/100
|-fieldstart|move: Grassy Terrain|[from] ability: Grassy Surge|[of] p2a: Rillaboom
|move|p1a: Cinderace|Court Change|p1a: Cinderace
|-start|p1a: Cinderace|typechange|Normal|[from] ability: Libero
|-swapsideconditions
|-activate|p1a: Cinderace|move: Court Change
|
|upkeep
|turn|4
|
|t:|1781281339
|switch|p2a: Clefable|Clefable, F|100/100
|cant|p1a: Cinderace|par
|
|upkeep
|turn|5
|
|t:|1781281344
|switch|p1a: Slowking|Slowking-Galar, M|100/100
|move|p2a: Clefable|Calm Mind|p2a: Clefable
|-boost|p2a: Clefable|spa|1
|-boost|p2a: Clefable|spd|1
|
|upkeep
|turn|6
|
|t:|1781281349
|move|p2a: Clefable|Calm Mind|p2a: Clefable
|-boost|p2a: Clefable|spa|1
|-boost|p2a: Clefable|spd|1
|-prepare|p1a: Slowking|Chilly Reception|[premajor]
|move|p1a: Slowking|Chilly Reception|p1a: Slowking
|-weather|Snowscape
|
|t:|1781281351
|switch|p1a: Mamoswine|Mamoswine, M|100/100|[from] Chilly Reception
|
|-weather|Snowscape|[upkeep]
|upkeep
|turn|7
|
|t:|1781281354
|move|p1a: Mamoswine|Icicle Crash|p2a: Clefable
|-damage|p2a: Clefable|32/100
|cant|p2a: Clefable|flinch
|
|-weather|Snowscape|[upkeep]
|-heal|p2a: Clefable|38/100|[from] Grassy Terrain
|-heal|p2a: Clefable|44/100|[from] item: Leftovers
|upkeep
|turn|8
|
|t:|1781281361
|switch|p2a: Klefki|Klefki, M|49/100
|move|p1a: Mamoswine|Icicle Crash|p2a: Klefki|[miss]
|-miss|p1a: Mamoswine|p2a: Klefki
|
|-weather|Snowscape|[upkeep]
|-heal|p2a: Klefki|55/100|[from] Grassy Terrain
|-sideend|p1: tuanquewang|Reflect
|upkeep
|turn|9
|
|t:|1781281365
|switch|p1a: Cinderace|Cinderace, M|100/100 par
|move|p2a: Klefki|Reflect|p2a: Klefki
|-sidestart|p2: Johnny tots|Reflect
|
|-weather|Snowscape|[upkeep]
|-heal|p2a: Klefki|61/100|[from] Grassy Terrain
|upkeep
|turn|10
|
|t:|1781281371
|switch|p2a: Clefable|Clefable, F|44/100
|move|p1a: Cinderace|Court Change|p1a: Cinderace
|-start|p1a: Cinderace|typechange|Normal|[from] ability: Libero
|-swapsideconditions
|-activate|p1a: Cinderace|move: Court Change
|
|-weather|none
|-heal|p2a: Clefable|50/100|[from] Grassy Terrain
|-heal|p2a: Clefable|57/100|[from] item: Leftovers
|-fieldend|move: Grassy Terrain
|upkeep
|turn|11
|
|t:|1781281374
|switch|p2a: Rillaboom|Rillaboom, M|100/100
|-fieldstart|move: Grassy Terrain|[from] ability: Grassy Surge|[of] p2a: Rillaboom
|cant|p1a: Cinderace|par
|
|upkeep
|turn|12
|
|t:|1781281376
|move|p2a: Rillaboom|Knock Off|p1a: Cinderace
|-damage|p1a: Cinderace|74/100 par
|-enditem|p1a: Cinderace|Heavy-Duty Boots|[from] move: Knock Off|[of] p2a: Rillaboom
|cant|p1a: Cinderace|par
|
|-heal|p1a: Cinderace|80/100 par|[from] Grassy Terrain
|upkeep
|turn|13
|
|t:|1781281383
|switch|p2a: Manaphy|Manaphy|100/100
|move|p1a: Cinderace|U-turn|p2a: Manaphy
|-damage|p2a: Manaphy|81/100
|
|t:|1781281389
|switch|p1a: Slowking|Slowking-Galar, M|100/100|[from] U-turn
|
|-heal|p2a: Manaphy|87/100|[from] Grassy Terrain
|-heal|p2a: Manaphy|93/100|[from] item: Leftovers
|upkeep
|turn|14
|j| Schlafparalyse
|
|t:|1781281397
|switch|p2a: Klefki|Klefki, M|61/100
|move|p1a: Slowking|Trick|p2a: Klefki
|-activate|p1a: Slowking|move: Trick|[of] p2a: Klefki
|-item|p2a: Klefki|Black Sludge|[from] move: Trick
|-item|p1a: Slowking|Light Clay|[from] move: Trick
|
|-heal|p2a: Klefki|67/100|[from] Grassy Terrain
|-damage|p2a: Klefki|55/100|[from] item: Black Sludge
|upkeep
|turn|15
|
|t:|1781281407
|switch|p1a: Cinderace|Cinderace, M|80/100 par
|move|p2a: Klefki|Spikes|p1a: Cinderace
|-sidestart|p1: tuanquewang|Spikes
|
|-heal|p2a: Klefki|61/100|[from] Grassy Terrain
|-damage|p2a: Klefki|49/100|[from] item: Black Sludge
|-heal|p1a: Cinderace|86/100 par|[from] Grassy Terrain
|upkeep
|turn|16
|
|t:|1781281413
|switch|p2a: Ogerpon|Ogerpon-Wellspring, F|100/100
|cant|p1a: Cinderace|par
|
|-heal|p1a: Cinderace|92/100 par|[from] Grassy Terrain
|-sideend|p1: tuanquewang|Reflect
|upkeep
|turn|17
|
|t:|1781281424
|switch|p1a: Hydrapple|Hydrapple, F, shiny|100/100
|-damage|p1a: Hydrapple|88/100|[from] Spikes
|move|p2a: Ogerpon|Ivy Cudgel|p1a: Hydrapple|[anim] Ivy Cudgel Water
|-resisted|p1a: Hydrapple
|-damage|p1a: Hydrapple|76/100
|
|-heal|p1a: Hydrapple|82/100|[from] Grassy Terrain
|upkeep
|turn|18
|
|t:|1781281432
|switch|p2a: Klefki|Klefki, M|49/100
|move|p1a: Hydrapple|Leaf Storm|p2a: Klefki
|-resisted|p2a: Klefki
|-crit|p2a: Klefki
|-damage|p2a: Klefki|0 fnt
|-unboost|p1a: Hydrapple|spa|2
|faint|p2a: Klefki
|
|-heal|p1a: Hydrapple|88/100|[from] Grassy Terrain
|-fieldend|move: Grassy Terrain
|upkeep
|
|t:|1781281441
|switch|p2a: Cutmylifein2|Dragapult, M|100/100
|turn|19
|
|t:|1781281447
|switch|p1a: Slowking|Slowking-Galar, M|100/100
|-damage|p1a: Slowking|88/100|[from] Spikes
|move|p2a: Cutmylifein2|Dragon Dance|p2a: Cutmylifein2
|-boost|p2a: Cutmylifein2|atk|1
|-boost|p2a: Cutmylifein2|spe|1
|
|upkeep
|turn|20
|
|t:|1781281452
|move|p2a: Cutmylifein2|Substitute|p2a: Cutmylifein2
|-start|p2a: Cutmylifein2|Substitute
|-damage|p2a: Cutmylifein2|76/100
|move|p1a: Slowking|Psychic Noise|p2a: Cutmylifein2
|-damage|p2a: Cutmylifein2|41/100
|-start|p2a: Cutmylifein2|move: Heal Block
|
|upkeep
|turn|21
|
|t:|1781281460
|move|p2a: Cutmylifein2|Dragon Darts|p1a: Slowking
|-damage|p1a: Slowking|47/100
|-anim|p2a: Cutmylifein2|Dragon Darts|p1a: Slowking
|-damage|p1a: Slowking|3/100
|move|p1a: Slowking|Psychic Noise|p2a: Cutmylifein2
|-damage|p2a: Cutmylifein2|6/100
|
|-end|p2a: Cutmylifein2|move: Heal Block
|upkeep
|turn|22
|
|t:|1781281465
|move|p2a: Cutmylifein2|Dragon Darts|p1a: Slowking
|-damage|p1a: Slowking|0 fnt
|faint|p1a: Slowking
|
|-heal|p2a: Cutmylifein2|12/100|[from] item: Leftovers
|upkeep
|
|t:|1781281478
|switch|p1a: Gholdengo|Gholdengo, shiny|100/100
|-damage|p1a: Gholdengo|88/100|[from] Spikes
|turn|23
|
|t:|1781281484
|move|p2a: Cutmylifein2|Dragon Darts|p1a: Gholdengo
|-resisted|p1a: Gholdengo
|-damage|p1a: Gholdengo|64/100
|-anim|p2a: Cutmylifein2|Dragon Darts|p1a: Gholdengo
|-resisted|p1a: Gholdengo
|-damage|p1a: Gholdengo|40/100
|move|p1a: Gholdengo|Shadow Ball|p2a: Cutmylifein2
|-supereffective|p2a: Cutmylifein2
|-end|p2a: Cutmylifein2|Substitute
|
|-heal|p2a: Cutmylifein2|18/100|[from] item: Leftovers
|upkeep
|turn|24
|
|t:|1781281501
|switch|p1a: Cinderace|Cinderace, M|92/100 par
|-damage|p1a: Cinderace|79/100 par|[from] Spikes
|move|p2a: Cutmylifein2|Dragon Darts|p1a: Cinderace
|-damage|p1a: Cinderace|19/100 par
|-anim|p2a: Cutmylifein2|Dragon Darts|p1a: Cinderace
|-damage|p1a: Cinderace|0 fnt
|faint|p1a: Cinderace
|
|-heal|p2a: Cutmylifein2|24/100|[from] item: Leftovers
|upkeep
|
|t:|1781281503
|switch|p1a: Mamoswine|Mamoswine, M|100/100
|-damage|p1a: Mamoswine|88/100|[from] Spikes
|turn|25
|
|t:|1781281514
|switch|p2a: Ogerpon|Ogerpon-Wellspring, F|100/100
|move|p1a: Mamoswine|Ice Shard|p2a: Ogerpon
|-damage|p2a: Ogerpon|51/100
|
|upkeep
|turn|26
|
|t:|1781281521
|switch|p1a: Hydrapple|Hydrapple, F, shiny|100/100
|-damage|p1a: Hydrapple|88/100|[from] Spikes
|move|p2a: Ogerpon|Swords Dance|p2a: Ogerpon
|-boost|p2a: Ogerpon|atk|2
|
|upkeep
|turn|27
|
|t:|1781281542
|move|p2a: Ogerpon|Ivy Cudgel|p1a: Hydrapple|[anim] Ivy Cudgel Water
|-resisted|p1a: Hydrapple
|-damage|p1a: Hydrapple|68/100
|move|p1a: Hydrapple|Draco Meteor|p2a: Ogerpon
|-damage|p2a: Ogerpon|0 fnt
|-unboost|p1a: Hydrapple|spa|2
|faint|p2a: Ogerpon
|
|upkeep
|
|t:|1781281547
|switch|p2a: Rillaboom|Rillaboom, M|100/100
|-fieldstart|move: Grassy Terrain|[from] ability: Grassy Surge|[of] p2a: Rillaboom
|turn|28
|
|t:|1781281552
|move|p2a: Rillaboom|Bulk Up|p2a: Rillaboom
|-boost|p2a: Rillaboom|atk|1
|-boost|p2a: Rillaboom|def|1
|move|p1a: Hydrapple|Draco Meteor|p2a: Rillaboom
|-damage|p2a: Rillaboom|35/100
|-unboost|p1a: Hydrapple|spa|2
|
|-heal|p2a: Rillaboom|41/100|[from] Grassy Terrain
|-heal|p1a: Hydrapple|74/100|[from] Grassy Terrain
|upkeep
|turn|29
|
|t:|1781281558
|move|p2a: Rillaboom|Knock Off|p1a: Hydrapple
|-damage|p1a: Hydrapple|34/100
|-enditem|p1a: Hydrapple|Choice Specs|[from] move: Knock Off|[of] p2a: Rillaboom
|move|p1a: Hydrapple|Draco Meteor|p2a: Rillaboom
|-damage|p2a: Rillaboom|13/100
|-unboost|p1a: Hydrapple|spa|2
|
|-heal|p2a: Rillaboom|19/100|[from] Grassy Terrain
|-heal|p1a: Hydrapple|40/100|[from] Grassy Terrain
|upkeep
|turn|30
|
|t:|1781281569
|switch|p2a: Clefable|Clefable, F|57/100
|move|p1a: Hydrapple|Leaf Storm|p2a: Clefable
|-damage|p2a: Clefable|33/100
|
|-heal|p2a: Clefable|40/100|[from] Grassy Terrain
|-heal|p2a: Clefable|46/100|[from] item: Leftovers
|-heal|p1a: Hydrapple|46/100|[from] Grassy Terrain
|upkeep
|turn|31
|
|t:|1781281584
|switch|p1a: Gholdengo|Gholdengo, shiny|40/100
|-damage|p1a: Gholdengo|28/100|[from] Spikes
|move|p2a: Clefable|Calm Mind|p2a: Clefable
|-boost|p2a: Clefable|spa|1
|-boost|p2a: Clefable|spd|1
|
|-heal|p1a: Gholdengo|34/100|[from] Grassy Terrain
|-heal|p2a: Clefable|52/100|[from] Grassy Terrain
|-heal|p2a: Clefable|58/100|[from] item: Leftovers
|upkeep
|turn|32
|
|t:|1781281589
|move|p1a: Gholdengo|Make It Rain|p2a: Clefable
|-supereffective|p2a: Clefable
|-damage|p2a: Clefable|0 fnt
|-unboost|p1a: Gholdengo|spa|1
|faint|p2a: Clefable
|
|-heal|p1a: Gholdengo|40/100|[from] Grassy Terrain
|upkeep
|
|t:|1781281594
|switch|p2a: Manaphy|Manaphy|93/100
|turn|33
|
|t:|1781281597
|switch|p1a: Hydrapple|Hydrapple, F, shiny|80/100
|-damage|p1a: Hydrapple|67/100|[from] Spikes
|move|p2a: Manaphy|Take Heart|p2a: Manaphy
|-boost|p2a: Manaphy|spa|1
|-boost|p2a: Manaphy|spd|1
|
|-heal|p2a: Manaphy|99/100|[from] Grassy Terrain
|-heal|p2a: Manaphy|100/100|[from] item: Leftovers
|-heal|p1a: Hydrapple|73/100|[from] Grassy Terrain
|upkeep
|turn|34
|
|t:|1781281601
|-terastallize|p2a: Manaphy|Grass
|-terastallize|p1a: Hydrapple|Water
|move|p2a: Manaphy|Take Heart|p2a: Manaphy
|-boost|p2a: Manaphy|spa|1
|-boost|p2a: Manaphy|spd|1
|move|p1a: Hydrapple|Leaf Storm|p2a: Manaphy
|-resisted|p2a: Manaphy
|-damage|p2a: Manaphy|80/100
|-unboost|p1a: Hydrapple|spa|2
|
|-heal|p2a: Manaphy|86/100|[from] Grassy Terrain
|-heal|p2a: Manaphy|93/100|[from] item: Leftovers
|-heal|p1a: Hydrapple|79/100|[from] Grassy Terrain
|upkeep
|turn|35
|j| nesnot
|
|t:|1781281619
|switch|p1a: Alomomola|Alomomola, F|100/100
|-damage|p1a: Alomomola|88/100|[from] Spikes
|move|p2a: Manaphy|Take Heart|p2a: Manaphy
|-boost|p2a: Manaphy|spa|1
|-boost|p2a: Manaphy|spd|1
|
|-heal|p2a: Manaphy|99/100|[from] Grassy Terrain
|-heal|p2a: Manaphy|100/100|[from] item: Leftovers
|-heal|p1a: Alomomola|94/100|[from] Grassy Terrain
|-heal|p1a: Alomomola|100/100|[from] item: Leftovers
|-fieldend|move: Grassy Terrain
|upkeep
|turn|36
|
|t:|1781281623
|move|p2a: Manaphy|Acid Armor|p2a: Manaphy
|-boost|p2a: Manaphy|def|2
|move|p1a: Alomomola|Flip Turn|p2a: Manaphy
|-resisted|p2a: Manaphy
|-crit|p2a: Manaphy
|-damage|p2a: Manaphy|90/100
|
|t:|1781281628
|switch|p1a: Gholdengo|Gholdengo, shiny|40/100|[from] Flip Turn
|-damage|p1a: Gholdengo|27/100|[from] Spikes
|
|-heal|p2a: Manaphy|96/100|[from] item: Leftovers
|upkeep
|turn|37
|
|t:|1781281633
|move|p1a: Gholdengo|Trick|p2a: Manaphy
|-activate|p1a: Gholdengo|move: Trick|[of] p2a: Manaphy
|-item|p2a: Manaphy|Choice Scarf|[from] move: Trick
|-item|p1a: Gholdengo|Leftovers|[from] move: Trick
|move|p2a: Manaphy|Stored Power|p1a: Gholdengo
|-resisted|p1a: Gholdengo
|-damage|p1a: Gholdengo|0 fnt
|faint|p1a: Gholdengo
|
|upkeep
|-message|tuanquewang forfeited.
|
|win|Johnny tots
|raw|tuanquewang's rating: 1795 &rarr; <strong>1770</strong><br />(-25 for losing)
|raw|Johnny tots's rating: 1698 &rarr; <strong>1723</strong><br />(+25 for winning)
|l|☆tuanquewang
|player|p1|
|l|☆Johnny tots
|player|p2|
