|j|☆juli<33
|j|☆Trainer #39
|t:|1781111134
|gametype|singles
|player|p1|juli<33|irida|1745
|player|p2|Trainer #39|bugsy|1809
|gen|9
|tier|[Gen 9] OU
|rated|
|rule|HP Percentage Mod: HP is shown in percentages
|rule|Endless Battle Clause: Forcing endless battles is banned
|rule|Species Clause: Limit one of each Pokémon
|rule|OHKO Clause: OHKO moves are banned
|rule|Evasion Items Clause: Evasion items are banned
|rule|Evasion Moves Clause: Evasion moves are banned
|rule|Evasion Abilities Clause: Evasion abilities are banned
|rule|Sleep Moves Clause: Sleep-inducing moves are banned
|clearpoke
|poke|p1|Great Tusk|
|poke|p1|Slowking-Galar, M|
|poke|p1|Corviknight, F|
|poke|p1|Clefable, F|
|poke|p1|Samurott-Hisui, M|
|poke|p1|Dragapult, F|
|poke|p2|Blissey, F|
|poke|p2|Corviknight, M|
|poke|p2|Dondozo, M|
|poke|p2|Gliscor, M|
|poke|p2|Clefable, M|
|poke|p2|Slowking-Galar, M|
|teampreview
|inactive|Battle timer is ON: inactive players will automatically lose when time's up. (requested by juli<33)
|
|t:|1781111165
|teamsize|p1|6
|teamsize|p2|6
|start
|switch|p1a: P!nk|Clefable, F|100/100
|switch|p2a: Free Palestine|Gliscor, M|100/100
|turn|1
|
|t:|1781111174
|move|p2a: Free Palestine|Substitute|p2a: Free Palestine
|-start|p2a: Free Palestine|Substitute
|-damage|p2a: Free Palestine|76/100
|move|p1a: P!nk|Knock Off|p2a: Free Palestine
|-crit|p2a: Free Palestine
|-activate|p2a: Free Palestine|move: Substitute|[damage]
|
|-status|p2a: Free Palestine|tox|[from] item: Toxic Orb
|upkeep
|turn|2
|
|t:|1781111177
|switch|p1a: Voyageur|Corviknight, F|100/100
|-ability|p1a: Voyageur|Pressure
|move|p2a: Free Palestine|Earthquake|p1a: Voyageur
|-immune|p1a: Voyageur
|
|-heal|p2a: Free Palestine|88/100 tox|[from] ability: Poison Heal
|upkeep
|turn|3
|
|t:|1781111184
|switch|p2a: Save Sudan|Slowking-Galar, M|100/100
|move|p1a: Voyageur|Brave Bird|p2a: Save Sudan
|-damage|p2a: Save Sudan|58/100
|-damage|p1a: Voyageur|88/100|[from] Recoil
|
|upkeep
|turn|4
|
|t:|1781111187
|move|p2a: Save Sudan|Trick|p1a: Voyageur
|-activate|p2a: Save Sudan|move: Trick|[of] p1a: Voyageur
|-item|p1a: Voyageur|Choice Scarf|[from] move: Trick
|-item|p2a: Save Sudan|Rocky Helmet|[from] move: Trick
|move|p1a: Voyageur|Brave Bird|p2a: Save Sudan
|-damage|p2a: Save Sudan|17/100
|-damage|p1a: Voyageur|72/100|[from] item: Rocky Helmet|[of] p2a: Save Sudan
|-damage|p1a: Voyageur|60/100|[from] Recoil
|
|upkeep
|turn|5
|
|t:|1781111199
|switch|p1a: P!nk|Clefable, F|100/100
|switch|p2a: Free Palestine|Gliscor, M|88/100 tox
|
|-heal|p2a: Free Palestine|100/100 tox|[from] ability: Poison Heal
|upkeep
|turn|6
|
|t:|1781111209
|switch|p1a: Voyageur|Corviknight, F|60/100
|-ability|p1a: Voyageur|Pressure
|move|p2a: Free Palestine|Earthquake|p1a: Voyageur
|-immune|p1a: Voyageur
|
|upkeep
|turn|7
|
|t:|1781111215
|switch|p2a: Trump is low IQ|Corviknight, M|100/100
|-ability|p2a: Trump is low IQ|Pressure
|move|p1a: Voyageur|U-turn|p2a: Trump is low IQ
|-resisted|p2a: Trump is low IQ
|-damage|p2a: Trump is low IQ|98/100
|-damage|p1a: Voyageur|43/100|[from] item: Rocky Helmet|[of] p2a: Trump is low IQ
|
|t:|1781111219
|switch|p1a: Bull's-eye|Dragapult, F|100/100|[from] U-turn
|
|upkeep
|turn|8
|inactive|Trainer #39 has 120 seconds left.
|inactive|Trainer #39 has 90 seconds left.
|
|t:|1781111301
|switch|p2a: Free Lebanon|Clefable, M|100/100
|move|p1a: Bull's-eye|U-turn|p2a: Free Lebanon
|-resisted|p2a: Free Lebanon
|-damage|p2a: Free Lebanon|91/100
|
|t:|1781111308
|switch|p1a: Alchemist|Slowking-Galar, M|100/100|[from] U-turn
|
|upkeep
|turn|9
|inactive|Trainer #39 has 60 seconds left.
|
|t:|1781111349
|switch|p2a: Save Sudan|Slowking-Galar, M|50/100
|switch|p1a: Voyageur|Corviknight, F|43/100
|-ability|p1a: Voyageur|Pressure
|
|upkeep
|turn|10
|
|t:|1781111358
|switch|p2a: brat|Blissey, F|100/100
|move|p1a: Voyageur|Roost|p1a: Voyageur
|-heal|p1a: Voyageur|93/100
|-singleturn|p1a: Voyageur|move: Roost
|
|upkeep
|turn|11
|
|t:|1781111361
|switch|p1a: P!nk|Clefable, F|100/100
|move|p2a: brat|Stealth Rock|p1a: P!nk
|-sidestart|p1: juli<33|move: Stealth Rock
|
|upkeep
|turn|12
|
|t:|1781111365
|switch|p2a: Free Palestine|Gliscor, M|100/100 tox
|move|p1a: P!nk|Stealth Rock|p2a: Free Palestine
|-sidestart|p2: Trainer #39|move: Stealth Rock
|
|upkeep
|turn|13
|
|t:|1781111368
|switch|p1a: Voyageur|Corviknight, F|93/100
|-damage|p1a: Voyageur|81/100|[from] Stealth Rock
|-ability|p1a: Voyageur|Pressure
|move|p2a: Free Palestine|Earthquake|p1a: Voyageur
|-immune|p1a: Voyageur
|
|upkeep
|turn|14
|
|t:|1781111374
|move|p2a: Free Palestine|Protect|p2a: Free Palestine
|-singleturn|p2a: Free Palestine|Protect
|move|p1a: Voyageur|U-turn|p2a: Free Palestine
|-activate|p2a: Free Palestine|move: Protect
|
|upkeep
|turn|15
|
|t:|1781111379
|move|p2a: Free Palestine|Substitute|p2a: Free Palestine
|-start|p2a: Free Palestine|Substitute
|-damage|p2a: Free Palestine|76/100 tox
|move|p1a: Voyageur|U-turn|p2a: Free Palestine
|-resisted|p2a: Free Palestine
|-activate|p2a: Free Palestine|move: Substitute|[damage]
|
|t:|1781111383
|switch|p1a: Jack|Samurott-Hisui, M|100/100|[from] U-turn
|
|-heal|p2a: Free Palestine|88/100 tox|[from] ability: Poison Heal
|upkeep
|turn|16
|inactive|Trainer #39 has 90 seconds left.
|
|t:|1781111425
|switch|p1a: Voyageur|Corviknight, F|81/100
|-damage|p1a: Voyageur|69/100|[from] Stealth Rock
|-ability|p1a: Voyageur|Pressure
|move|p2a: Free Palestine|Toxic|p1a: Voyageur
|-immune|p1a: Voyageur
|
|-heal|p2a: Free Palestine|100/100 tox|[from] ability: Poison Heal
|upkeep
|turn|17
|
|t:|1781111433
|move|p2a: Free Palestine|Protect|p2a: Free Palestine
|-singleturn|p2a: Free Palestine|Protect
|move|p1a: Voyageur|U-turn|p2a: Free Palestine
|-activate|p2a: Free Palestine|move: Protect
|
|upkeep
|turn|18
|inactive|Trainer #39 has 90 seconds left.
|
|t:|1781111463
|move|p2a: Free Palestine|Earthquake|p1a: Voyageur
|-immune|p1a: Voyageur
|move|p1a: Voyageur|U-turn|p2a: Free Palestine
|-resisted|p2a: Free Palestine
|-activate|p2a: Free Palestine|move: Substitute|[damage]
|
|t:|1781111465
|switch|p1a: Jack|Samurott-Hisui, M|100/100|[from] U-turn
|
|upkeep
|turn|19
|
|t:|1781111470
|switch|p1a: Alchemist|Slowking-Galar, M|100/100
|-damage|p1a: Alchemist|88/100|[from] Stealth Rock
|move|p2a: Free Palestine|Toxic|p1a: Alchemist
|-immune|p1a: Alchemist
|
|upkeep
|turn|20
|
|t:|1781111475
|switch|p1a: Voyageur|Corviknight, F|69/100
|-damage|p1a: Voyageur|57/100|[from] Stealth Rock
|-ability|p1a: Voyageur|Pressure
|move|p2a: Free Palestine|Earthquake|p1a: Voyageur
|-immune|p1a: Voyageur
|
|upkeep
|turn|21
|
|t:|1781111484
|move|p2a: Free Palestine|Protect|p2a: Free Palestine
|-singleturn|p2a: Free Palestine|Protect
|move|p1a: Voyageur|Roost|p1a: Voyageur
|-heal|p1a: Voyageur|100/100
|-singleturn|p1a: Voyageur|move: Roost
|
|upkeep
|turn|22
|
|t:|1781111494
|switch|p1a: Alchemist|Slowking-Galar, M|100/100
|-damage|p1a: Alchemist|88/100|[from] Stealth Rock
|move|p2a: Free Palestine|Earthquake|p1a: Alchemist
|-supereffective|p1a: Alchemist
|-damage|p1a: Alchemist|33/100
|
|upkeep
|turn|23
|inactive|Trainer #39 has 120 seconds left.
|
|t:|1781111504
|switch|p1a: Voyageur|Corviknight, F|100/100
|-damage|p1a: Voyageur|88/100|[from] Stealth Rock
|-ability|p1a: Voyageur|Pressure
|move|p2a: Free Palestine|Toxic|p1a: Voyageur
|-immune|p1a: Voyageur
|
|upkeep
|turn|24
|
|t:|1781111510
|move|p2a: Free Palestine|Protect|p2a: Free Palestine
|-singleturn|p2a: Free Palestine|Protect
|move|p1a: Voyageur|U-turn|p2a: Free Palestine
|-activate|p2a: Free Palestine|move: Protect
|
|upkeep
|turn|25
|
|t:|1781111515
|switch|p2a: Save Sudan|Slowking-Galar, M|83/100
|-damage|p2a: Save Sudan|71/100|[from] Stealth Rock
|move|p1a: Voyageur|U-turn|p2a: Save Sudan
|-damage|p2a: Save Sudan|55/100
|-damage|p1a: Voyageur|72/100|[from] item: Rocky Helmet|[of] p2a: Save Sudan
|
|t:|1781111525
|switch|p1a: P!nk|Clefable, F|100/100|[from] U-turn
|
|upkeep
|turn|26
|
|t:|1781111528
|switch|p2a: Free Palestine|Gliscor, M|100/100 tox
|-damage|p2a: Free Palestine|88/100 tox|[from] Stealth Rock
|move|p1a: P!nk|Knock Off|p2a: Free Palestine
|-damage|p2a: Free Palestine|78/100 tox
|-enditem|p2a: Free Palestine|Toxic Orb|[from] move: Knock Off|[of] p1a: P!nk
|
|-heal|p2a: Free Palestine|90/100 tox|[from] ability: Poison Heal
|upkeep
|turn|27
|
|t:|1781111535
|move|p2a: Free Palestine|Substitute|p2a: Free Palestine
|-start|p2a: Free Palestine|Substitute
|-damage|p2a: Free Palestine|65/100 tox
|move|p1a: P!nk|Moonblast|p2a: Free Palestine
|-end|p2a: Free Palestine|Substitute
|
|-heal|p2a: Free Palestine|78/100 tox|[from] ability: Poison Heal
|upkeep
|turn|28
|
|t:|1781111538
|move|p2a: Free Palestine|Protect|p2a: Free Palestine
|-singleturn|p2a: Free Palestine|Protect
|move|p1a: P!nk|Knock Off|p2a: Free Palestine
|-activate|p2a: Free Palestine|move: Protect
|
|-heal|p2a: Free Palestine|90/100 tox|[from] ability: Poison Heal
|upkeep
|turn|29
|
|t:|1781111541
|switch|p2a: Save Sudan|Slowking-Galar, M|88/100
|-damage|p2a: Save Sudan|75/100|[from] Stealth Rock
|move|p1a: P!nk|Moonblast|p2a: Save Sudan
|-resisted|p2a: Save Sudan
|-damage|p2a: Save Sudan|65/100
|-unboost|p2a: Save Sudan|spa|1
|
|upkeep
|turn|30
|
|t:|1781111544
|move|p2a: Save Sudan|Sludge Bomb|p1a: P!nk
|-supereffective|p1a: P!nk
|-damage|p1a: P!nk|59/100
|-status|p1a: P!nk|psn
|move|p1a: P!nk|Knock Off|p2a: Save Sudan
|-supereffective|p2a: Save Sudan
|-damage|p2a: Save Sudan|32/100
|-enditem|p2a: Save Sudan|Rocky Helmet|[from] move: Knock Off|[of] p1a: P!nk
|
|-heal|p1a: P!nk|65/100 psn|[from] item: Leftovers
|upkeep
|turn|31
|
|t:|1781111560
|switch|p2a: Free Palestine|Gliscor, M|90/100 tox
|-damage|p2a: Free Palestine|78/100 tox|[from] Stealth Rock
|move|p1a: P!nk|Knock Off|p2a: Free Palestine
|-damage|p2a: Free Palestine|72/100 tox
|
|-heal|p1a: P!nk|71/100 psn|[from] item: Leftovers
|-heal|p2a: Free Palestine|84/100 tox|[from] ability: Poison Heal
|upkeep
|turn|32
|
|t:|1781111564
|switch|p2a: Save Sudan|Slowking-Galar, M|66/100
|-damage|p2a: Save Sudan|53/100|[from] Stealth Rock
|switch|p1a: Voyageur|Corviknight, F|72/100
|-damage|p1a: Voyageur|59/100|[from] Stealth Rock
|-ability|p1a: Voyageur|Pressure
|
|upkeep
|turn|33
|
|t:|1781111568
|move|p1a: Voyageur|U-turn|p2a: Save Sudan
|-damage|p2a: Save Sudan|35/100
|
|t:|1781111571
|switch|p1a: Alchemist|Slowking-Galar, M|66/100|[from] U-turn
|-damage|p1a: Alchemist|54/100|[from] Stealth Rock
|move|p2a: Save Sudan|Future Sight|p1a: Alchemist
|-start|p2a: Save Sudan|move: Future Sight
|
|upkeep
|turn|34
|
|t:|1781111580
|move|p2a: Save Sudan|Trick|p1a: Alchemist
|-activate|p2a: Save Sudan|move: Trick|[of] p1a: Alchemist
|-enditem|p1a: Alchemist|Assault Vest|[silent]|[from] move: Trick
|-item|p2a: Save Sudan|Assault Vest|[from] move: Trick
|move|p1a: Alchemist|Ice Beam|p2a: Save Sudan
|-damage|p2a: Save Sudan|20/100
|
|upkeep
|turn|35
|
|t:|1781111589
|switch|p2a: 808 and curses|Dondozo, M|100/100
|-damage|p2a: 808 and curses|88/100|[from] Stealth Rock
|move|p1a: Alchemist|Psyshock|p2a: 808 and curses
|-damage|p2a: 808 and curses|71/100
|
|-end|p1a: Alchemist|move: Future Sight
|-damage|p1a: Alchemist|22/100
|-heal|p2a: 808 and curses|77/100|[from] item: Leftovers
|upkeep
|turn|36
|
|t:|1781111597
|switch|p1a: P!nk|Clefable, F|71/100 psn
|move|p2a: 808 and curses|Waterfall|p1a: P!nk
|-damage|p1a: P!nk|51/100 psn
|
|-heal|p1a: P!nk|57/100 psn|[from] item: Leftovers
|-heal|p2a: 808 and curses|83/100|[from] item: Leftovers
|upkeep
|turn|37
|
|t:|1781111601
|switch|p2a: Free Palestine|Gliscor, M|84/100 tox
|-damage|p2a: Free Palestine|72/100 tox|[from] Stealth Rock
|move|p1a: P!nk|Moonlight|p1a: P!nk
|-heal|p1a: P!nk|100/100 psn
|
|-heal|p2a: Free Palestine|84/100 tox|[from] ability: Poison Heal
|upkeep
|turn|38
|
|t:|1781111605
|move|p2a: Free Palestine|Earthquake|p1a: P!nk
|-damage|p1a: P!nk|76/100 psn
|move|p1a: P!nk|Moonblast|p2a: Free Palestine
|-damage|p2a: Free Palestine|49/100 tox
|
|-heal|p1a: P!nk|82/100 psn|[from] item: Leftovers
|-heal|p2a: Free Palestine|61/100 tox|[from] ability: Poison Heal
|upkeep
|turn|39
|
|t:|1781111609
|switch|p2a: Save Sudan|Slowking-Galar, M|54/100
|-damage|p2a: Save Sudan|41/100|[from] Stealth Rock
|move|p1a: P!nk|Knock Off|p2a: Save Sudan
|-supereffective|p2a: Save Sudan
|-damage|p2a: Save Sudan|4/100
|-enditem|p2a: Save Sudan|Assault Vest|[from] move: Knock Off|[of] p1a: P!nk
|
|-heal|p1a: P!nk|88/100 psn|[from] item: Leftovers
|upkeep
|turn|40
|
|t:|1781111612
|switch|p2a: Free Palestine|Gliscor, M|61/100 tox
|-damage|p2a: Free Palestine|49/100 tox|[from] Stealth Rock
|move|p1a: P!nk|Moonblast|p2a: Free Palestine
|-damage|p2a: Free Palestine|7/100 tox
|-unboost|p2a: Free Palestine|spa|1
|
|-heal|p1a: P!nk|94/100 psn|[from] item: Leftovers
|-heal|p2a: Free Palestine|20/100 tox|[from] ability: Poison Heal
|upkeep
|turn|41
|
|t:|1781111617
|move|p2a: Free Palestine|Protect|p2a: Free Palestine
|-singleturn|p2a: Free Palestine|Protect
|move|p1a: P!nk|Knock Off|p2a: Free Palestine
|-activate|p2a: Free Palestine|move: Protect
|
|-heal|p1a: P!nk|99/100 psn|[from] item: Leftovers
|-heal|p2a: Free Palestine|32/100 tox|[from] ability: Poison Heal
|upkeep
|turn|42
|
|t:|1781111621
|move|p2a: Free Palestine|Substitute|p2a: Free Palestine
|-start|p2a: Free Palestine|Substitute
|-damage|p2a: Free Palestine|7/100 tox
|move|p1a: P!nk|Moonblast|p2a: Free Palestine
|-end|p2a: Free Palestine|Substitute
|
|-heal|p1a: P!nk|100/100 psn|[from] item: Leftovers
|-heal|p2a: Free Palestine|20/100 tox|[from] ability: Poison Heal
|upkeep
|turn|43
|
|t:|1781111624
|move|p2a: Free Palestine|Protect|p2a: Free Palestine
|-singleturn|p2a: Free Palestine|Protect
|move|p1a: P!nk|Knock Off|p2a: Free Palestine
|-activate|p2a: Free Palestine|move: Protect
|
|-heal|p2a: Free Palestine|32/100 tox|[from] ability: Poison Heal
|upkeep
|turn|44
|
|t:|1781111625
|move|p2a: Free Palestine|Substitute|p2a: Free Palestine
|-start|p2a: Free Palestine|Substitute
|-damage|p2a: Free Palestine|7/100 tox
|move|p1a: P!nk|Moonblast|p2a: Free Palestine
|-end|p2a: Free Palestine|Substitute
|
|-heal|p2a: Free Palestine|20/100 tox|[from] ability: Poison Heal
|upkeep
|turn|45
|
|t:|1781111627
|move|p2a: Free Palestine|Protect|p2a: Free Palestine
|-singleturn|p2a: Free Palestine|Protect
|move|p1a: P!nk|Knock Off|p2a: Free Palestine
|-activate|p2a: Free Palestine|move: Protect
|
|-heal|p2a: Free Palestine|32/100 tox|[from] ability: Poison Heal
|upkeep
|turn|46
|
|t:|1781111629
|switch|p2a: Trump is low IQ|Corviknight, M|98/100
|-damage|p2a: Trump is low IQ|86/100|[from] Stealth Rock
|-ability|p2a: Trump is low IQ|Pressure
|move|p1a: P!nk|Moonblast|p2a: Trump is low IQ
|-resisted|p2a: Trump is low IQ
|-damage|p2a: Trump is low IQ|71/100
|-unboost|p2a: Trump is low IQ|spa|1
|
|upkeep
|turn|47
|
|t:|1781111634
|move|p2a: Trump is low IQ|Defog|p1a: P!nk
|-unboost|p1a: P!nk|evasion|1
|-sideend|p1: juli<33|Stealth Rock|[from] move: Defog|[of] p2a: Trump is low IQ
|-sideend|p2: Trainer #39|Stealth Rock|[from] move: Defog|[of] p2a: Trump is low IQ
|move|p1a: P!nk|Knock Off|p2a: Trump is low IQ
|-damage|p2a: Trump is low IQ|62/100
|-enditem|p2a: Trump is low IQ|Rocky Helmet|[from] move: Knock Off|[of] p1a: P!nk
|
|upkeep
|turn|48
|
|t:|1781111638
|move|p2a: Trump is low IQ|Roost|p2a: Trump is low IQ
|-heal|p2a: Trump is low IQ|100/100
|-singleturn|p2a: Trump is low IQ|move: Roost
|move|p1a: P!nk|Stealth Rock|p2a: Trump is low IQ
|-sidestart|p2: Trainer #39|move: Stealth Rock
|
|upkeep
|turn|49
|
|t:|1781111646
|switch|p1a: Alchemist|Slowking-Galar, M|55/100
|move|p2a: Trump is low IQ|Defog|p1a: Alchemist
|-unboost|p1a: Alchemist|evasion|1
|-sideend|p2: Trainer #39|Stealth Rock|[from] move: Defog|[of] p2a: Trump is low IQ
|
|upkeep
|turn|50
|
|t:|1781111653
|move|p2a: Trump is low IQ|U-turn|p1a: Alchemist
|-damage|p1a: Alchemist|40/100
|
|t:|1781111655
|switch|p2a: Save Sudan|Slowking-Galar, M|37/100|[from] U-turn
|move|p1a: Alchemist|Flamethrower|p2a: Save Sudan
|-damage|p2a: Save Sudan|18/100
|-status|p2a: Save Sudan|brn
|
|-damage|p2a: Save Sudan|11/100 brn|[from] brn
|upkeep
|turn|51
|
|t:|1781111663
|switch|p2a: 808 and curses|Dondozo, M|83/100
|move|p1a: Alchemist|Psyshock|p2a: 808 and curses
|-crit|p2a: 808 and curses
|-damage|p2a: 808 and curses|58/100
|
|-heal|p2a: 808 and curses|64/100|[from] item: Leftovers
|upkeep
|turn|52
|
|t:|1781111667
|switch|p1a: P!nk|Clefable, F|100/100 psn
|move|p2a: 808 and curses|Waterfall|p1a: P!nk
|-damage|p1a: P!nk|80/100 psn
|
|-heal|p1a: P!nk|86/100 psn|[from] item: Leftovers
|-heal|p2a: 808 and curses|71/100|[from] item: Leftovers
|upkeep
|turn|53
|
|t:|1781111669
|switch|p2a: Trump is low IQ|Corviknight, M|100/100
|-ability|p2a: Trump is low IQ|Pressure
|move|p1a: P!nk|Stealth Rock|p2a: Trump is low IQ
|-sidestart|p2: Trainer #39|move: Stealth Rock
|
|-heal|p1a: P!nk|92/100 psn|[from] item: Leftovers
|upkeep
|turn|54
|
|t:|1781111672
|switch|p1a: Voyageur|Corviknight, F|59/100
|-ability|p1a: Voyageur|Pressure
|move|p2a: Trump is low IQ|Defog|p1a: Voyageur
|-unboost|p1a: Voyageur|evasion|1
|-sideend|p2: Trainer #39|Stealth Rock|[from] move: Defog|[of] p2a: Trump is low IQ
|
|upkeep
|turn|55
|
|t:|1781111674
|move|p1a: Voyageur|U-turn|p2a: Trump is low IQ
|-resisted|p2a: Trump is low IQ
|-damage|p2a: Trump is low IQ|98/100
|
|t:|1781111677
|switch|p1a: P!nk|Clefable, F|92/100 psn|[from] U-turn
|move|p2a: Trump is low IQ|U-turn|p1a: P!nk
|-resisted|p1a: P!nk
|-damage|p1a: P!nk|86/100 psn
|
|t:|1781111680
|switch|p2a: Save Sudan|Slowking-Galar, M|45/100 brn|[from] U-turn
|
|-heal|p1a: P!nk|92/100 psn|[from] item: Leftovers
|-damage|p2a: Save Sudan|39/100 brn|[from] brn
|upkeep
|turn|56
|
|t:|1781111685
|switch|p2a: Trump is low IQ|Corviknight, M|98/100
|-ability|p2a: Trump is low IQ|Pressure
|switch|p1a: Alchemist|Slowking-Galar, M|73/100
|
|upkeep
|turn|57
|
|t:|1781111690
|switch|p2a: Save Sudan|Slowking-Galar, M|72/100 brn
|switch|p1a: Jack|Samurott-Hisui, M|100/100
|
|-damage|p2a: Save Sudan|66/100 brn|[from] brn
|upkeep
|turn|58
|
|t:|1781111693
|switch|p2a: Trump is low IQ|Corviknight, M|98/100
|-ability|p2a: Trump is low IQ|Pressure
|move|p1a: Jack|Ceaseless Edge|p2a: Trump is low IQ
|-damage|p2a: Trump is low IQ|73/100
|-sidestart|p2: Trainer #39|Spikes
|
|upkeep
|turn|59
|
|t:|1781111704
|move|p1a: Jack|Aqua Cutter|p2a: Trump is low IQ
|-damage|p2a: Trump is low IQ|44/100
|move|p2a: Trump is low IQ|Roost|p2a: Trump is low IQ
|-heal|p2a: Trump is low IQ|94/100
|-singleturn|p2a: Trump is low IQ|move: Roost
|
|upkeep
|turn|60
|
|t:|1781111712
|move|p1a: Jack|Aqua Cutter|p2a: Trump is low IQ
|-damage|p2a: Trump is low IQ|68/100
|move|p2a: Trump is low IQ|U-turn|p1a: Jack
|-supereffective|p1a: Jack
|-damage|p1a: Jack|68/100
|
|t:|1781111714
|switch|p2a: Free Palestine|Gliscor, M|32/100 tox|[from] U-turn
|
|-heal|p2a: Free Palestine|45/100 tox|[from] ability: Poison Heal
|upkeep
|turn|61
|
|t:|1781111718
|move|p2a: Free Palestine|Protect|p2a: Free Palestine
|-singleturn|p2a: Free Palestine|Protect
|move|p1a: Jack|Ceaseless Edge|p2a: Free Palestine
|-activate|p2a: Free Palestine|move: Protect
|
|-heal|p2a: Free Palestine|57/100 tox|[from] ability: Poison Heal
|upkeep
|turn|62
|
|t:|1781111720
|switch|p2a: Trump is low IQ|Corviknight, M|68/100
|-ability|p2a: Trump is low IQ|Pressure
|move|p1a: Jack|Aqua Cutter|p2a: Trump is low IQ
|-damage|p2a: Trump is low IQ|39/100
|
|upkeep
|turn|63
|
|t:|1781111723
|move|p1a: Jack|Aqua Cutter|p2a: Trump is low IQ
|-damage|p2a: Trump is low IQ|10/100
|move|p2a: Trump is low IQ|Roost|p2a: Trump is low IQ
|-heal|p2a: Trump is low IQ|60/100
|-singleturn|p2a: Trump is low IQ|move: Roost
|
|upkeep
|turn|64
|
|t:|1781111727
|move|p1a: Jack|Aqua Cutter|p2a: Trump is low IQ
|-damage|p2a: Trump is low IQ|31/100
|move|p2a: Trump is low IQ|Roost|p2a: Trump is low IQ
|-heal|p2a: Trump is low IQ|81/100
|-singleturn|p2a: Trump is low IQ|move: Roost
|
|upkeep
|turn|65
|
|t:|1781111733
|move|p1a: Jack|Aqua Cutter|p2a: Trump is low IQ
|-crit|p2a: Trump is low IQ
|-damage|p2a: Trump is low IQ|39/100
|move|p2a: Trump is low IQ|Roost|p2a: Trump is low IQ
|-heal|p2a: Trump is low IQ|89/100
|-singleturn|p2a: Trump is low IQ|move: Roost
|
|upkeep
|turn|66
|
|t:|1781111738
|move|p1a: Jack|Aqua Cutter|p2a: Trump is low IQ
|-damage|p2a: Trump is low IQ|62/100
|move|p2a: Trump is low IQ|Brave Bird|p1a: Jack
|-damage|p1a: Jack|29/100
|-damage|p2a: Trump is low IQ|50/100|[from] Recoil
|
|upkeep
|turn|67
|
|t:|1781111746
|move|p1a: Jack|Aqua Cutter|p2a: Trump is low IQ
|-damage|p2a: Trump is low IQ|21/100
|move|p2a: Trump is low IQ|Roost|p2a: Trump is low IQ
|-heal|p2a: Trump is low IQ|71/100
|-singleturn|p2a: Trump is low IQ|move: Roost
|
|upkeep
|turn|68
|
|t:|1781111752
|switch|p1a: Alchemist|Slowking-Galar, M|100/100
|move|p2a: Trump is low IQ|Roost|p2a: Trump is low IQ
|-heal|p2a: Trump is low IQ|100/100
|-singleturn|p2a: Trump is low IQ|move: Roost
|
|upkeep
|turn|69
|
|t:|1781111757
|move|p2a: Trump is low IQ|U-turn|p1a: Alchemist
|-damage|p1a: Alchemist|86/100
|
|t:|1781111759
|switch|p2a: Save Sudan|Slowking-Galar, M|99/100 brn|[from] U-turn
|-damage|p2a: Save Sudan|86/100 brn|[from] Spikes
|move|p1a: Alchemist|Flamethrower|p2a: Save Sudan
|-damage|p2a: Save Sudan|66/100 brn
|
|-damage|p2a: Save Sudan|60/100 brn|[from] brn
|upkeep
|turn|70
|
|t:|1781111766
|move|p2a: Save Sudan|Future Sight|p1a: Alchemist
|-start|p2a: Save Sudan|move: Future Sight
|move|p1a: Alchemist|Psyshock|p2a: Save Sudan
|-damage|p2a: Save Sudan|15/100 brn
|
|-damage|p2a: Save Sudan|9/100 brn|[from] brn
|upkeep
|turn|71
|
|t:|1781111769
|switch|p2a: 808 and curses|Dondozo, M|71/100
|-damage|p2a: 808 and curses|58/100|[from] Spikes
|move|p1a: Alchemist|Sludge Bomb|p2a: 808 and curses
|-damage|p2a: 808 and curses|19/100
|-status|p2a: 808 and curses|psn
|
|-heal|p2a: 808 and curses|25/100 psn|[from] item: Leftovers
|-damage|p2a: 808 and curses|12/100 psn|[from] psn
|upkeep
|turn|72
|
|t:|1781111795
|move|p2a: 808 and curses|Rest|p2a: 808 and curses
|-status|p2a: 808 and curses|slp|[from] move: Rest
|-heal|p2a: 808 and curses|100/100 slp|[silent]
|move|p1a: Alchemist|Sludge Bomb|p2a: 808 and curses
|-damage|p2a: 808 and curses|61/100 slp
|
|-end|p1a: Alchemist|move: Future Sight
|-damage|p1a: Alchemist|50/100
|-heal|p2a: 808 and curses|67/100 slp|[from] item: Leftovers
|upkeep
|turn|73
|
|t:|1781111803
|cant|p2a: 808 and curses|slp
|move|p2a: 808 and curses|Sleep Talk|p2a: 808 and curses
|move|p2a: 808 and curses|Waterfall|p1a: Alchemist|[from] move: Sleep Talk
|-damage|p1a: Alchemist|22/100
|move|p1a: Alchemist|Sludge Bomb|p2a: 808 and curses
|-damage|p2a: 808 and curses|26/100 slp
|
|-heal|p2a: 808 and curses|32/100 slp|[from] item: Leftovers
|upkeep
|turn|74
|
|t:|1781111810
|switch|p2a: Trump is low IQ|Corviknight, M|100/100
|-ability|p2a: Trump is low IQ|Pressure
|switch|p1a: P!nk|Clefable, F|92/100 psn
|
|-heal|p1a: P!nk|98/100 psn|[from] item: Leftovers
|upkeep
|turn|75
|
|t:|1781111814
|switch|p1a: Voyageur|Corviknight, F|59/100
|-ability|p1a: Voyageur|Pressure
|move|p2a: Trump is low IQ|Brave Bird|p1a: Voyageur
|-resisted|p1a: Voyageur
|-damage|p1a: Voyageur|49/100
|-damage|p2a: Trump is low IQ|97/100|[from] Recoil
|
|upkeep
|turn|76
|
|t:|1781111820
|move|p1a: Voyageur|Roost|p1a: Voyageur
|-heal|p1a: Voyageur|99/100
|-singleturn|p1a: Voyageur|move: Roost
|move|p2a: Trump is low IQ|Brave Bird|p1a: Voyageur
|-resisted|p1a: Voyageur
|-damage|p1a: Voyageur|88/100
|-damage|p2a: Trump is low IQ|93/100|[from] Recoil
|
|upkeep
|turn|77
|
|t:|1781111824
|switch|p1a: Alchemist|Slowking-Galar, M|55/100
|move|p2a: Trump is low IQ|U-turn|p1a: Alchemist
|-damage|p1a: Alchemist|40/100
|
|t:|1781111827
|switch|p2a: Free Palestine|Gliscor, M|57/100 tox|[from] U-turn
|
|-heal|p2a: Free Palestine|69/100 tox|[from] ability: Poison Heal
|upkeep
|turn|78
|
|t:|1781111830
|switch|p2a: Trump is low IQ|Corviknight, M|93/100
|-ability|p2a: Trump is low IQ|Pressure
|switch|p1a: Voyageur|Corviknight, F|88/100
|-ability|p1a: Voyageur|Pressure
|
|upkeep
|turn|79
|
|t:|1781111833
|move|p1a: Voyageur|U-turn|p2a: Trump is low IQ
|-resisted|p2a: Trump is low IQ
|-damage|p2a: Trump is low IQ|91/100
|
|t:|1781111836
|switch|p1a: Alchemist|Slowking-Galar, M|73/100|[from] U-turn
|move|p2a: Trump is low IQ|U-turn|p1a: Alchemist
|-damage|p1a: Alchemist|59/100
|
|t:|1781111842
|switch|p2a: Free Palestine|Gliscor, M|69/100 tox|[from] U-turn
|
|-heal|p2a: Free Palestine|82/100 tox|[from] ability: Poison Heal
|upkeep
|turn|80
|
|t:|1781111848
|switch|p2a: Trump is low IQ|Corviknight, M|91/100
|-ability|p2a: Trump is low IQ|Pressure
|switch|p1a: Voyageur|Corviknight, F|88/100
|-ability|p1a: Voyageur|Pressure
|
|upkeep
|turn|81
|
|t:|1781111850
|move|p1a: Voyageur|U-turn|p2a: Trump is low IQ
|-resisted|p2a: Trump is low IQ
|-damage|p2a: Trump is low IQ|89/100
|j| akabrithan
|
|t:|1781111852
|switch|p1a: Alchemist|Slowking-Galar, M|92/100|[from] U-turn
|move|p2a: Trump is low IQ|U-turn|p1a: Alchemist
|-crit|p1a: Alchemist
|-damage|p1a: Alchemist|70/100
|
|t:|1781111855
|switch|p2a: brat|Blissey, F|100/100|[from] U-turn
|
|upkeep
|turn|82
|
|t:|1781111860
|switch|p1a: Loxodonta|Great Tusk|100/100
|move|p2a: brat|Stealth Rock|p1a: Loxodonta
|-sidestart|p1: juli<33|move: Stealth Rock
|
|upkeep
|turn|83
|
|t:|1781111865
|switch|p2a: Free Palestine|Gliscor, M|82/100 tox
|move|p1a: Loxodonta|Close Combat|p2a: Free Palestine
|-resisted|p2a: Free Palestine
|-damage|p2a: Free Palestine|64/100 tox
|-unboost|p1a: Loxodonta|def|1
|-unboost|p1a: Loxodonta|spd|1
|
|-heal|p2a: Free Palestine|76/100 tox|[from] ability: Poison Heal
|upkeep
|turn|84
|
|t:|1781111869
|move|p1a: Loxodonta|Ice Spinner|p2a: Free Palestine
|-supereffective|p2a: Free Palestine
|-damage|p2a: Free Palestine|6/100 tox
|move|p2a: Free Palestine|Toxic|p1a: Loxodonta
|-status|p1a: Loxodonta|tox
|
|-damage|p1a: Loxodonta|94/100 tox|[from] psn
|-heal|p2a: Free Palestine|19/100 tox|[from] ability: Poison Heal
|upkeep
|turn|85
|
|t:|1781111879
|move|p2a: Free Palestine|Protect|p2a: Free Palestine
|-singleturn|p2a: Free Palestine|Protect
|move|p1a: Loxodonta|Rapid Spin|p2a: Free Palestine
|-activate|p2a: Free Palestine|move: Protect
|
|-heal|p1a: Loxodonta|100/100 tox|[from] item: Leftovers
|-damage|p1a: Loxodonta|88/100 tox|[from] psn
|-heal|p2a: Free Palestine|31/100 tox|[from] ability: Poison Heal
|upkeep
|turn|86
|
|t:|1781111881
|switch|p2a: Trump is low IQ|Corviknight, M|89/100
|-ability|p2a: Trump is low IQ|Pressure
|move|p1a: Loxodonta|Rapid Spin|p2a: Trump is low IQ
|-resisted|p2a: Trump is low IQ
|-damage|p2a: Trump is low IQ|83/100
|-boost|p1a: Loxodonta|spe|1
|-sideend|p1: juli<33|Stealth Rock|[from] move: Rapid Spin|[of] p1a: Loxodonta
|
|-heal|p1a: Loxodonta|94/100 tox|[from] item: Leftovers
|-damage|p1a: Loxodonta|76/100 tox|[from] psn
|upkeep
|turn|87
|
|t:|1781111884
|-end|p1a: Loxodonta|Protosynthesis|[silent]
|switch|p1a: Voyageur|Corviknight, F|88/100
|-ability|p1a: Voyageur|Pressure
|move|p2a: Trump is low IQ|U-turn|p1a: Voyageur
|-resisted|p1a: Voyageur
|-damage|p1a: Voyageur|86/100
|
|t:|1781111887
|switch|p2a: Free Palestine|Gliscor, M|31/100 tox|[from] U-turn
|
|-heal|p2a: Free Palestine|43/100 tox|[from] ability: Poison Heal
|upkeep
|turn|88
|
|t:|1781111892
|move|p2a: Free Palestine|Protect|p2a: Free Palestine
|-singleturn|p2a: Free Palestine|Protect
|move|p1a: Voyageur|U-turn|p2a: Free Palestine
|-activate|p2a: Free Palestine|move: Protect
|
|-heal|p2a: Free Palestine|56/100 tox|[from] ability: Poison Heal
|upkeep
|turn|89
|
|t:|1781111896
|switch|p2a: Free Lebanon|Clefable, M|91/100
|move|p1a: Voyageur|U-turn|p2a: Free Lebanon
|-resisted|p2a: Free Lebanon
|-damage|p2a: Free Lebanon|82/100
|
|t:|1781111901
|switch|p1a: Alchemist|Slowking-Galar, M|100/100|[from] U-turn
|
|upkeep
|turn|90
|
|t:|1781111905
|switch|p2a: brat|Blissey, F|100/100
|move|p1a: Alchemist|Psyshock|p2a: brat
|-damage|p2a: brat|59/100
|
|upkeep
|turn|91
|
|t:|1781111911
|move|p2a: brat|Stealth Rock|p1a: Alchemist
|-sidestart|p1: juli<33|move: Stealth Rock
|move|p1a: Alchemist|Flamethrower|p2a: brat
|-crit|p2a: brat
|-damage|p2a: brat|43/100
|
|upkeep
|turn|92
|c| akabrithan|may i get the team after your battle julie
|
|t:|1781111915
|move|p2a: brat|Soft-Boiled|p2a: brat
|-heal|p2a: brat|93/100
|move|p1a: Alchemist|Ice Beam|p2a: brat
|-damage|p2a: brat|84/100
|
|upkeep
|turn|93
|c|☆juli<33|search user
|c|☆juli<33|mario21
|
|t:|1781111932
|switch|p2a: Trump is low IQ|Corviknight, M|83/100
|-ability|p2a: Trump is low IQ|Pressure
|move|p1a: Alchemist|Psyshock|p2a: Trump is low IQ
|-resisted|p2a: Trump is low IQ
|-damage|p2a: Trump is low IQ|72/100
|
|upkeep
|turn|94
|
|t:|1781111934
|move|p2a: Trump is low IQ|U-turn|p1a: Alchemist
|-damage|p1a: Alchemist|86/100
|
|t:|1781111936
|switch|p2a: brat|Blissey, F|84/100|[from] U-turn
|move|p1a: Alchemist|Flamethrower|p2a: brat
|-damage|p2a: brat|74/100
|
|upkeep
|turn|95
|
|t:|1781111940
|move|p2a: brat|Calm Mind|p2a: brat
|-boost|p2a: brat|spa|1
|-boost|p2a: brat|spd|1
|move|p1a: Alchemist|Flamethrower|p2a: brat
|-damage|p2a: brat|68/100
|
|upkeep
|turn|96
|
|t:|1781111945
|move|p2a: brat|Shadow Ball|p1a: Alchemist
|-supereffective|p1a: Alchemist
|-damage|p1a: Alchemist|52/100
|-unboost|p1a: Alchemist|spd|1
|move|p1a: Alchemist|Psyshock|p2a: brat
|-damage|p2a: brat|27/100
|
|upkeep
|turn|97
|
|t:|1781111948
|switch|p1a: Loxodonta|Great Tusk|76/100 tox
|-damage|p1a: Loxodonta|73/100 tox|[from] Stealth Rock
|move|p2a: brat|Soft-Boiled|p2a: brat
|-heal|p2a: brat|77/100
|
|-heal|p1a: Loxodonta|79/100 tox|[from] item: Leftovers
|-damage|p1a: Loxodonta|73/100 tox|[from] psn
|upkeep
|turn|98
|
|t:|1781111951
|switch|p2a: Trump is low IQ|Corviknight, M|72/100
|-ability|p2a: Trump is low IQ|Pressure
|move|p1a: Loxodonta|Ice Spinner|p2a: Trump is low IQ
|-crit|p2a: Trump is low IQ
|-damage|p2a: Trump is low IQ|48/100
|
|-heal|p1a: Loxodonta|79/100 tox|[from] item: Leftovers
|-damage|p1a: Loxodonta|67/100 tox|[from] psn
|upkeep
|turn|99
|
|t:|1781111955
|-end|p1a: Loxodonta|Protosynthesis|[silent]
|switch|p1a: Alchemist|Slowking-Galar, M|85/100
|-damage|p1a: Alchemist|72/100|[from] Stealth Rock
|move|p2a: Trump is low IQ|Roost|p2a: Trump is low IQ
|-heal|p2a: Trump is low IQ|98/100
|-singleturn|p2a: Trump is low IQ|move: Roost
|
|upkeep
|turn|100
|
|t:|1781111965
|move|p2a: Trump is low IQ|U-turn|p1a: Alchemist
|-damage|p1a: Alchemist|58/100
|
|t:|1781111967
|switch|p2a: brat|Blissey, F|77/100|[from] U-turn
|move|p1a: Alchemist|Psyshock|p2a: brat
|-damage|p2a: brat|37/100
|
|upkeep
|turn|101
|
|t:|1781111972
|switch|p1a: Loxodonta|Great Tusk|67/100 tox
|-damage|p1a: Loxodonta|64/100 tox|[from] Stealth Rock
|move|p2a: brat|Soft-Boiled|p2a: brat
|-heal|p2a: brat|87/100
|
|-heal|p1a: Loxodonta|70/100 tox|[from] item: Leftovers
|-damage|p1a: Loxodonta|64/100 tox|[from] psn
|upkeep
|turn|102
|
|t:|1781111976
|switch|p2a: Trump is low IQ|Corviknight, M|98/100
|-ability|p2a: Trump is low IQ|Pressure
|move|p1a: Loxodonta|Close Combat|p2a: Trump is low IQ
|-damage|p2a: Trump is low IQ|58/100
|-unboost|p1a: Loxodonta|def|1
|-unboost|p1a: Loxodonta|spd|1
|
|-heal|p1a: Loxodonta|70/100 tox|[from] item: Leftovers
|-damage|p1a: Loxodonta|57/100 tox|[from] psn
|upkeep
|turn|103
|
|t:|1781111980
|-end|p1a: Loxodonta|Protosynthesis|[silent]
|switch|p1a: Alchemist|Slowking-Galar, M|92/100
|-damage|p1a: Alchemist|79/100|[from] Stealth Rock
|move|p2a: Trump is low IQ|U-turn|p1a: Alchemist
|-damage|p1a: Alchemist|63/100
|c| akabrithan|sent a friend reuqest
|
|t:|1781111982
|switch|p2a: Save Sudan|Slowking-Galar, M|42/100 brn|[from] U-turn
|-damage|p2a: Save Sudan|29/100 brn|[from] Spikes
|
|-damage|p2a: Save Sudan|23/100 brn|[from] brn
|upkeep
|turn|104
|c|☆juli<33|its not me
|c|☆juli<33|check the rmt forums
|c|☆juli<33|bro
|
|t:|1781111996
|switch|p2a: Trump is low IQ|Corviknight, M|58/100
|-ability|p2a: Trump is low IQ|Pressure
|move|p1a: Alchemist|Flamethrower|p2a: Trump is low IQ
|-supereffective|p2a: Trump is low IQ
|-damage|p2a: Trump is low IQ|0 fnt
|faint|p2a: Trump is low IQ
|
|upkeep
|
|t:|1781111998
|switch|p2a: Free Palestine|Gliscor, M|56/100 tox
|turn|105
|
|t:|1781112023
|move|p2a: Free Palestine|Protect|p2a: Free Palestine
|-singleturn|p2a: Free Palestine|Protect
|move|p1a: Alchemist|Ice Beam|p2a: Free Palestine
|-activate|p2a: Free Palestine|move: Protect
|
|-heal|p2a: Free Palestine|68/100 tox|[from] ability: Poison Heal
|upkeep
|turn|106
|
|t:|1781112029
|switch|p1a: Voyageur|Corviknight, F|86/100
|-damage|p1a: Voyageur|74/100|[from] Stealth Rock
|-ability|p1a: Voyageur|Pressure
|move|p2a: Free Palestine|Substitute|p2a: Free Palestine
|-start|p2a: Free Palestine|Substitute
|-damage|p2a: Free Palestine|43/100 tox
|
|-heal|p2a: Free Palestine|56/100 tox|[from] ability: Poison Heal
|upkeep
|turn|107
|
|t:|1781112037
|move|p2a: Free Palestine|Toxic|p1a: Voyageur|[miss]
|-miss|p2a: Free Palestine|p1a: Voyageur
|move|p1a: Voyageur|U-turn|p2a: Free Palestine
|-resisted|p2a: Free Palestine
|-activate|p2a: Free Palestine|move: Substitute|[damage]
|
|t:|1781112044
|switch|p1a: P!nk|Clefable, F|98/100 psn|[from] U-turn
|
|-heal|p1a: P!nk|100/100 psn|[from] item: Leftovers
|-heal|p2a: Free Palestine|68/100 tox|[from] ability: Poison Heal
|upkeep
|turn|108
|
|t:|1781112050
|move|p2a: Free Palestine|Earthquake|p1a: P!nk
|-damage|p1a: P!nk|78/100 psn
|move|p1a: P!nk|Stealth Rock|p2a: Free Palestine
|-sidestart|p2: Trainer #39|move: Stealth Rock
|
|-heal|p1a: P!nk|85/100 psn|[from] item: Leftovers
|-heal|p2a: Free Palestine|81/100 tox|[from] ability: Poison Heal
|upkeep
|turn|109
|
|t:|1781112053
|move|p2a: Free Palestine|Toxic||[still]
|-fail|p2a: Free Palestine
|move|p1a: P!nk|Moonblast|p2a: Free Palestine
|-end|p2a: Free Palestine|Substitute
|
|-heal|p1a: P!nk|91/100 psn|[from] item: Leftovers
|-heal|p2a: Free Palestine|93/100 tox|[from] ability: Poison Heal
|upkeep
|turn|110
|
|t:|1781112060
|move|p2a: Free Palestine|Earthquake|p1a: P!nk
|-damage|p1a: P!nk|69/100 psn
|move|p1a: P!nk|Moonblast|p2a: Free Palestine
|-damage|p2a: Free Palestine|58/100 tox
|-unboost|p2a: Free Palestine|spa|1
|
|-heal|p1a: P!nk|75/100 psn|[from] item: Leftovers
|-heal|p2a: Free Palestine|71/100 tox|[from] ability: Poison Heal
|upkeep
|turn|111
|
|t:|1781112065
|switch|p2a: Free Lebanon|Clefable, M|82/100
|move|p1a: P!nk|Moonblast|p2a: Free Lebanon
|-damage|p2a: Free Lebanon|60/100
|-unboost|p2a: Free Lebanon|spa|1
|
|-heal|p1a: P!nk|81/100 psn|[from] item: Leftovers
|upkeep
|turn|112
|
|t:|1781112068
|move|p1a: P!nk|Knock Off|p2a: Free Lebanon
|-resisted|p2a: Free Lebanon
|-damage|p2a: Free Lebanon|51/100
|-enditem|p2a: Free Lebanon|Heavy-Duty Boots|[from] move: Knock Off|[of] p1a: P!nk
|move|p2a: Free Lebanon|Knock Off|p1a: P!nk
|-resisted|p1a: P!nk
|-damage|p1a: P!nk|74/100 psn
|-enditem|p1a: P!nk|Leftovers|[from] move: Knock Off|[of] p2a: Free Lebanon
|
|upkeep
|turn|113
|
|t:|1781112078
|move|p1a: P!nk|Moonblast|p2a: Free Lebanon
|-damage|p2a: Free Lebanon|30/100
|-unboost|p2a: Free Lebanon|spa|1
|move|p2a: Free Lebanon|Wish|p2a: Free Lebanon
|
|upkeep
|turn|114
|
|t:|1781112088
|switch|p1a: Voyageur|Corviknight, F|74/100
|-damage|p1a: Voyageur|62/100|[from] Stealth Rock
|-ability|p1a: Voyageur|Pressure
|move|p2a: Free Lebanon|Knock Off|p1a: Voyageur
|-damage|p1a: Voyageur|51/100
|-enditem|p1a: Voyageur|Choice Scarf|[from] move: Knock Off|[of] p2a: Free Lebanon
|
|-heal|p2a: Free Lebanon|80/100|[from] move: Wish|[wisher] Free Lebanon
|upkeep
|turn|115
|
|t:|1781112093
|move|p2a: Free Lebanon|Wish|p2a: Free Lebanon
|move|p1a: Voyageur|Roost|p1a: Voyageur
|-heal|p1a: Voyageur|100/100
|-singleturn|p1a: Voyageur|move: Roost
|
|upkeep
|turn|116
|
|t:|1781112096
|move|p2a: Free Lebanon|Knock Off|p1a: Voyageur
|-damage|p1a: Voyageur|93/100
|move|p1a: Voyageur|U-turn|p2a: Free Lebanon
|-resisted|p2a: Free Lebanon
|-damage|p2a: Free Lebanon|72/100
|
|t:|1781112099
|switch|p1a: Alchemist|Slowking-Galar, M|97/100|[from] U-turn
|-damage|p1a: Alchemist|84/100|[from] Stealth Rock
|
|-heal|p2a: Free Lebanon|100/100|[from] move: Wish|[wisher] Free Lebanon
|upkeep
|turn|117
|
|t:|1781112105
|move|p2a: Free Lebanon|Protect|p2a: Free Lebanon
|-singleturn|p2a: Free Lebanon|Protect
|move|p1a: Alchemist|Sludge Bomb|p2a: Free Lebanon
|-activate|p2a: Free Lebanon|move: Protect
|
|upkeep
|turn|118
|
|t:|1781112109
|move|p2a: Free Lebanon|Wish|p2a: Free Lebanon
|move|p1a: Alchemist|Psyshock|p2a: Free Lebanon
|-damage|p2a: Free Lebanon|61/100
|
|upkeep
|turn|119
|
|t:|1781112116
|move|p2a: Free Lebanon|Protect|p2a: Free Lebanon
|-singleturn|p2a: Free Lebanon|Protect
|move|p1a: Alchemist|Sludge Bomb|p2a: Free Lebanon
|-activate|p2a: Free Lebanon|move: Protect
|
|-heal|p2a: Free Lebanon|100/100|[from] move: Wish|[wisher] Free Lebanon
|upkeep
|turn|120
|
|t:|1781112119
|switch|p2a: brat|Blissey, F|87/100
|move|p1a: Alchemist|Sludge Bomb|p2a: brat
|-damage|p2a: brat|72/100
|-status|p2a: brat|psn
|
|-damage|p2a: brat|59/100 psn|[from] psn
|upkeep
|turn|121
|
|t:|1781112125
|-curestatus|p2a: brat|psn|[from] ability: Natural Cure|[silent]
|switch|p2a: Free Lebanon|Clefable, M|100/100
|-damage|p2a: Free Lebanon|88/100|[from] Spikes
|-damage|p2a: Free Lebanon|76/100|[from] Stealth Rock
|move|p1a: Alchemist|Ice Beam|p2a: Free Lebanon
|-damage|p2a: Free Lebanon|56/100
|
|upkeep
|turn|122
|
|t:|1781112130
|move|p2a: Free Lebanon|Protect|p2a: Free Lebanon
|-singleturn|p2a: Free Lebanon|Protect
|move|p1a: Alchemist|Sludge Bomb|p2a: Free Lebanon
|-activate|p2a: Free Lebanon|move: Protect
|
|upkeep
|turn|123
|
|t:|1781112134
|move|p2a: Free Lebanon|Wish|p2a: Free Lebanon
|move|p1a: Alchemist|Sludge Bomb|p2a: Free Lebanon
|-supereffective|p2a: Free Lebanon
|-damage|p2a: Free Lebanon|0 fnt
|faint|p2a: Free Lebanon
|
|upkeep
|
|t:|1781112142
|switch|p2a: Save Sudan|Slowking-Galar, M|56/100 brn
|-damage|p2a: Save Sudan|44/100 brn|[from] Spikes
|-damage|p2a: Save Sudan|32/100 brn|[from] Stealth Rock
|turn|124
|
|t:|1781112168
|switch|p2a: brat|Blissey, F|59/100
|move|p1a: Alchemist|Psyshock|p2a: brat
|-damage|p2a: brat|21/100
|
|-heal|p2a: brat|49/100|[from] move: Wish|[wisher] Free Lebanon
|upkeep
|turn|125
|
|t:|1781112173
|move|p2a: brat|Soft-Boiled|p2a: brat
|-heal|p2a: brat|99/100
|move|p1a: Alchemist|Ice Beam|p2a: brat
|-damage|p2a: brat|88/100
|
|upkeep
|turn|126
|
|t:|1781112176
|move|p2a: brat|Calm Mind|p2a: brat
|-boost|p2a: brat|spa|1
|-boost|p2a: brat|spd|1
|move|p1a: Alchemist|Ice Beam|p2a: brat
|-damage|p2a: brat|82/100
|
|upkeep
|turn|127
|
|t:|1781112179
|move|p2a: brat|Shadow Ball|p1a: Alchemist
|-supereffective|p1a: Alchemist
|-damage|p1a: Alchemist|54/100
|move|p1a: Alchemist|Psyshock|p2a: brat
|-damage|p2a: brat|43/100
|
|upkeep
|turn|128
|
|t:|1781112192
|move|p2a: brat|Soft-Boiled|p2a: brat
|-heal|p2a: brat|93/100
|move|p1a: Alchemist|Psyshock|p2a: brat
|-damage|p2a: brat|57/100
|
|upkeep
|turn|129
|
|t:|1781112197
|move|p2a: brat|Shadow Ball|p1a: Alchemist
|-supereffective|p1a: Alchemist
|-damage|p1a: Alchemist|23/100
|move|p1a: Alchemist|Psyshock|p2a: brat
|-damage|p2a: brat|15/100
|
|upkeep
|turn|130
|
|t:|1781112202
|switch|p1a: Voyageur|Corviknight, F|93/100
|-damage|p1a: Voyageur|81/100|[from] Stealth Rock
|-ability|p1a: Voyageur|Pressure
|move|p2a: brat|Soft-Boiled|p2a: brat
|-heal|p2a: brat|65/100
|
|upkeep
|turn|131
|
|t:|1781112206
|move|p2a: brat|Soft-Boiled|p2a: brat
|-heal|p2a: brat|100/100
|move|p1a: Voyageur|Brave Bird|p2a: brat
|-damage|p2a: brat|64/100
|-damage|p1a: Voyageur|59/100|[from] Recoil
|
|upkeep
|turn|132
|
|t:|1781112209
|switch|p2a: Free Palestine|Gliscor, M|71/100 tox
|-damage|p2a: Free Palestine|58/100 tox|[from] Stealth Rock
|move|p1a: Voyageur|U-turn|p2a: Free Palestine
|-resisted|p2a: Free Palestine
|-damage|p2a: Free Palestine|54/100 tox
|
|t:|1781112217
|switch|p1a: P!nk|Clefable, F|74/100 psn|[from] U-turn
|
|-heal|p2a: Free Palestine|66/100 tox|[from] ability: Poison Heal
|upkeep
|turn|133
|
|t:|1781112222
|switch|p2a: Save Sudan|Slowking-Galar, M|65/100 brn
|-damage|p2a: Save Sudan|52/100 brn|[from] Spikes
|-damage|p2a: Save Sudan|40/100 brn|[from] Stealth Rock
|move|p1a: P!nk|Moonblast|p2a: Save Sudan
|-resisted|p2a: Save Sudan
|-damage|p2a: Save Sudan|28/100 brn
|
|-damage|p2a: Save Sudan|22/100 brn|[from] brn
|upkeep
|turn|134
|
|t:|1781112226
|move|p2a: Save Sudan|Sludge Bomb|p1a: P!nk
|-supereffective|p1a: P!nk
|-damage|p1a: P!nk|16/100 psn
|move|p1a: P!nk|Knock Off|p2a: Save Sudan
|-supereffective|p2a: Save Sudan
|-damage|p2a: Save Sudan|0 fnt
|faint|p2a: Save Sudan
|
|upkeep
|j| blackgokuking
|
|t:|1781112230
|switch|p2a: brat|Blissey, F|64/100
|turn|135
|
|t:|1781112243
|switch|p1a: Voyageur|Corviknight, F|59/100
|-damage|p1a: Voyageur|47/100|[from] Stealth Rock
|-ability|p1a: Voyageur|Pressure
|move|p2a: brat|Shadow Ball|p1a: Voyageur
|-damage|p1a: Voyageur|33/100
|
|upkeep
|turn|136
|j| Frosted_Shadowz
|
|t:|1781112246
|switch|p2a: Free Palestine|Gliscor, M|66/100 tox
|-damage|p2a: Free Palestine|54/100 tox|[from] Stealth Rock
|move|p1a: Voyageur|Roost|p1a: Voyageur
|-heal|p1a: Voyageur|83/100
|-singleturn|p1a: Voyageur|move: Roost
|
|-heal|p2a: Free Palestine|66/100 tox|[from] ability: Poison Heal
|upkeep
|turn|137
|
|t:|1781112250
|move|p2a: Free Palestine|Protect|p2a: Free Palestine
|-singleturn|p2a: Free Palestine|Protect
|move|p1a: Voyageur|U-turn|p2a: Free Palestine
|-activate|p2a: Free Palestine|move: Protect
|
|-heal|p2a: Free Palestine|79/100 tox|[from] ability: Poison Heal
|upkeep
|turn|138
|
|t:|1781112253
|move|p2a: Free Palestine|Substitute|p2a: Free Palestine
|-start|p2a: Free Palestine|Substitute
|-damage|p2a: Free Palestine|54/100 tox
|move|p1a: Voyageur|U-turn|p2a: Free Palestine
|-resisted|p2a: Free Palestine
|-activate|p2a: Free Palestine|move: Substitute|[damage]
|
|t:|1781112255
|switch|p1a: P!nk|Clefable, F|16/100 psn|[from] U-turn
|
|-heal|p2a: Free Palestine|66/100 tox|[from] ability: Poison Heal
|upkeep
|turn|139
|
|t:|1781112260
|switch|p2a: brat|Blissey, F|64/100
|switch|p1a: Voyageur|Corviknight, F|83/100
|-damage|p1a: Voyageur|70/100|[from] Stealth Rock
|-ability|p1a: Voyageur|Pressure
|
|upkeep
|turn|140
|l| akabrithan
|
|t:|1781112263
|switch|p2a: Free Palestine|Gliscor, M|66/100 tox
|-damage|p2a: Free Palestine|54/100 tox|[from] Stealth Rock
|move|p1a: Voyageur|U-turn|p2a: Free Palestine
|-resisted|p2a: Free Palestine
|-damage|p2a: Free Palestine|50/100 tox
|
|t:|1781112265
|switch|p1a: P!nk|Clefable, F|16/100 psn|[from] U-turn
|
|-heal|p2a: Free Palestine|62/100 tox|[from] ability: Poison Heal
|upkeep
|turn|141
|
|t:|1781112267
|switch|p1a: Voyageur|Corviknight, F|70/100
|-damage|p1a: Voyageur|58/100|[from] Stealth Rock
|-ability|p1a: Voyageur|Pressure
|move|p2a: Free Palestine|Earthquake|p1a: Voyageur
|-immune|p1a: Voyageur
|
|-heal|p2a: Free Palestine|75/100 tox|[from] ability: Poison Heal
|upkeep
|turn|142
|
|t:|1781112271
|move|p2a: Free Palestine|Protect|p2a: Free Palestine
|-singleturn|p2a: Free Palestine|Protect
|move|p1a: Voyageur|Roost|p1a: Voyageur
|-heal|p1a: Voyageur|100/100
|-singleturn|p1a: Voyageur|move: Roost
|
|-heal|p2a: Free Palestine|87/100 tox|[from] ability: Poison Heal
|upkeep
|turn|143
|
|t:|1781112274
|move|p2a: Free Palestine|Substitute|p2a: Free Palestine
|-start|p2a: Free Palestine|Substitute
|-damage|p2a: Free Palestine|62/100 tox
|move|p1a: Voyageur|U-turn|p2a: Free Palestine
|-resisted|p2a: Free Palestine
|-activate|p2a: Free Palestine|move: Substitute|[damage]
|-message|Trainer #39 forfeited.
|
|win|juli<33
|raw|juli&lt;33's rating: 1745 &rarr; <strong>1769</strong><br />(+24 for winning)
|raw|Trainer #39's rating: 1809 &rarr; <strong>1785</strong><br />(-24 for losing)
|l|☆Trainer #39
|player|p2|
|c|☆juli<33|all im gonna say is
|c|☆juli<33|this is revenge for
|c|☆juli<33|the 16 year old
|c|☆juli<33|you stallcord losers
|c|☆juli<33|bullied
|c|☆juli<33|sit the fuck down
|l| Frosted_Shadowz
|c| blackgokuking|W
|l|☆juli<33
|player|p1|
|l| blackgokuking
|j| Golem Rising
|l| Golem Rising
