|j|☆guingil
|j|☆ykykp
|t:|1781268509
|gametype|singles
|player|p1|guingil|265|1689
|player|p2|ykykp|101|1648
|gen|9
|tier|[Gen 9] OU
|rated|
|rule|HP Percentage Mod: HP is shown in percentages
|rule|Endless Battle Clause: Forcing endless battles is banned
|rule|Species Clause: Limit one of each Pokémon
|rule|OHKO Clause: OHKO moves are banned
|rule|Evasion Items Clause: Evasion items are banned
|rule|Evasion Moves Clause: Evasion moves are banned
|rule|Evasion Abilities Clause: Evasion abilities are banned
|rule|Sleep Moves Clause: Sleep-inducing moves are banned
|clearpoke
|poke|p1|Tyranitar, F|
|poke|p1|Hydrapple, M|
|poke|p1|Enamorus, F|
|poke|p1|Garganacl, F|
|poke|p1|Excadrill, F|
|poke|p1|Alomomola, M|
|poke|p2|Lokix, M|
|poke|p2|Iron Valiant|
|poke|p2|Alomomola, L99, F|
|poke|p2|Great Tusk|
|poke|p2|Gholdengo|
|poke|p2|Cinderace, F|
|teampreview
|inactive|Battle timer is ON: inactive players will automatically lose when time's up. (requested by ykykp)
|
|t:|1781268522
|teamsize|p1|6
|teamsize|p2|6
|start
|switch|p1a: Hydrapple|Hydrapple, M|100/100
|switch|p2a: Shining Agito|Lokix, M, shiny|100/100
|turn|1
|
|t:|1781268532
|-terastallize|p1a: Hydrapple|Poison
|move|p2a: Shining Agito|U-turn|p1a: Hydrapple
|-resisted|p1a: Hydrapple
|-damage|p1a: Hydrapple|73/100
|-damage|p2a: Shining Agito|84/100|[from] item: Rocky Helmet|[of] p1a: Hydrapple
|
|t:|1781268539
|switch|p2a: MACHINE TORNADER|Gholdengo|100/100|[from] U-turn
|move|p1a: Hydrapple|Fickle Beam|p2a: MACHINE TORNADER|[anim] Fickle Beam All Out
|-activate|p1a: Hydrapple|move: Fickle Beam
|-resisted|p2a: MACHINE TORNADER
|-crit|p2a: MACHINE TORNADER
|-damage|p2a: MACHINE TORNADER|43/100
|
|upkeep
|turn|2
|
|t:|1781268564
|switch|p1a: Excadrill|Excadrill, F|100/100
|move|p2a: MACHINE TORNADER|Trick|p1a: Excadrill
|-activate|p2a: MACHINE TORNADER|move: Trick|[of] p1a: Excadrill
|-item|p1a: Excadrill|Choice Scarf|[from] move: Trick
|-item|p2a: MACHINE TORNADER|Leftovers|[from] move: Trick
|
|-heal|p2a: MACHINE TORNADER|49/100|[from] item: Leftovers
|upkeep
|turn|3
|
|t:|1781268576
|switch|p2a: Gills Exceed|Great Tusk|100/100
|move|p1a: Excadrill|Earthquake|p2a: Gills Exceed
|-damage|p2a: Gills Exceed|59/100
|
|upkeep
|turn|4
|
|t:|1781268584
|switch|p1a: Alomomola|Alomomola, M|100/100
|move|p2a: Gills Exceed|Stealth Rock|p1a: Alomomola
|-sidestart|p1: guingil|move: Stealth Rock
|
|upkeep
|turn|5
|
|t:|1781268595
|-end|p2a: Gills Exceed|Protosynthesis|[silent]
|switch|p2a: Tetsuya Sawaki|Alomomola, L99, F|100/100
|move|p1a: Alomomola|Flip Turn|p2a: Tetsuya Sawaki
|-resisted|p2a: Tetsuya Sawaki
|-damage|p2a: Tetsuya Sawaki|94/100
|
|t:|1781268604
|switch|p1a: Hydrapple|Hydrapple, M, tera:Poison|100/100|[from] Flip Turn
|-damage|p1a: Hydrapple|88/100|[from] Stealth Rock
|
|upkeep
|turn|6
|
|t:|1781268616
|move|p1a: Hydrapple|Nasty Plot|p1a: Hydrapple
|-boost|p1a: Hydrapple|spa|2
|move|p2a: Tetsuya Sawaki|Mirror Coat||[still]
|-fail|p2a: Tetsuya Sawaki
|
|upkeep
|turn|7
|
|t:|1781268626
|move|p1a: Hydrapple|Giga Drain|p2a: Tetsuya Sawaki
|-supereffective|p2a: Tetsuya Sawaki
|-damage|p2a: Tetsuya Sawaki|21/100
|-heal|p1a: Hydrapple|100/100|[from] drain|[of] p2a: Tetsuya Sawaki
|move|p2a: Tetsuya Sawaki|Mirror Coat|p1a: Hydrapple
|-damage|p1a: Hydrapple|0 fnt
|faint|p1a: Hydrapple
|
|upkeep
|
|t:|1781268635
|switch|p1a: Tyranitar|Tyranitar, F|100/100
|-damage|p1a: Tyranitar|88/100|[from] Stealth Rock
|-weather|Sandstorm|[from] ability: Sand Stream|[of] p1a: Tyranitar
|turn|8
|
|t:|1781268647
|switch|p2a: Gills Exceed|Great Tusk|59/100
|move|p1a: Tyranitar|Low Kick|p2a: Gills Exceed
|-damage|p2a: Gills Exceed|7/100
|
|-weather|Sandstorm|[upkeep]
|upkeep
|turn|9
|
|t:|1781268657
|switch|p1a: Alomomola|Alomomola, M|100/100
|-damage|p1a: Alomomola|88/100|[from] Stealth Rock
|move|p2a: Gills Exceed|Ice Spinner|p1a: Alomomola
|-resisted|p1a: Alomomola
|-damage|p1a: Alomomola|79/100
|
|-weather|Sandstorm|[upkeep]
|-damage|p1a: Alomomola|73/100|[from] Sandstorm
|upkeep
|turn|10
|
|t:|1781268667
|move|p2a: Gills Exceed|Headlong Rush|p1a: Alomomola
|-damage|p1a: Alomomola|33/100
|-unboost|p2a: Gills Exceed|def|1
|-unboost|p2a: Gills Exceed|spd|1
|move|p1a: Alomomola|Flip Turn|p2a: Gills Exceed
|-supereffective|p2a: Gills Exceed
|-damage|p2a: Gills Exceed|0 fnt
|faint|p2a: Gills Exceed
|-end|p2a: Gills Exceed|Protosynthesis|[silent]
|
|t:|1781268679
|switch|p1a: Excadrill|Excadrill, F|100/100|[from] Flip Turn
|-damage|p1a: Excadrill|97/100|[from] Stealth Rock
|
|-weather|Sandstorm|[upkeep]
|upkeep
|
|t:|1781268688
|switch|p2a: G3-X|Iron Valiant, shiny|100/100
|turn|11
|
|t:|1781268696
|switch|p1a: Enamorus|Enamorus, F|100/100
|-damage|p1a: Enamorus|76/100|[from] Stealth Rock
|move|p2a: G3-X|Vacuum Wave|p1a: Enamorus
|-resisted|p1a: Enamorus
|-damage|p1a: Enamorus|66/100
|
|-weather|Sandstorm|[upkeep]
|-damage|p1a: Enamorus|60/100|[from] Sandstorm
|-damage|p2a: G3-X|94/100|[from] Sandstorm
|upkeep
|turn|12
|
|t:|1781268711
|-end|p2a: G3-X|Quark Drive|[silent]
|switch|p2a: Tetsuya Sawaki|Alomomola, L99, F|55/100
|move|p1a: Enamorus|Earth Power|p2a: Tetsuya Sawaki
|-crit|p2a: Tetsuya Sawaki
|-damage|p2a: Tetsuya Sawaki|23/100
|
|-weather|none
|upkeep
|turn|13
|
|t:|1781268721
|switch|p1a: Tyranitar|Tyranitar, F|88/100
|-damage|p1a: Tyranitar|76/100|[from] Stealth Rock
|-weather|Sandstorm|[from] ability: Sand Stream|[of] p1a: Tyranitar
|move|p2a: Tetsuya Sawaki|Flip Turn|p1a: Tyranitar
|-supereffective|p1a: Tyranitar
|-damage|p1a: Tyranitar|49/100
|
|t:|1781268735
|switch|p2a: Shining Agito|Lokix, M, shiny|84/100|[from] Flip Turn
|
|-weather|Sandstorm|[upkeep]
|-damage|p2a: Shining Agito|78/100|[from] Sandstorm
|upkeep
|turn|14
|
|t:|1781268744
|switch|p1a: Garganacl|Garganacl, F|100/100
|-damage|p1a: Garganacl|88/100|[from] Stealth Rock
|move|p2a: Shining Agito|U-turn|p1a: Garganacl
|-damage|p1a: Garganacl|54/100
|
|t:|1781268749
|switch|p2a: MACHINE TORNADER|Gholdengo|49/100|[from] U-turn
|
|-weather|Sandstorm|[upkeep]
|-heal|p2a: MACHINE TORNADER|55/100|[from] item: Leftovers
|-heal|p1a: Garganacl|60/100|[from] item: Leftovers
|upkeep
|turn|15
|
|t:|1781268756
|switch|p1a: Alomomola|Alomomola, M|66/100
|-damage|p1a: Alomomola|54/100|[from] Stealth Rock
|move|p2a: MACHINE TORNADER|Make It Rain|p1a: Alomomola
|-resisted|p1a: Alomomola
|-damage|p1a: Alomomola|38/100
|-unboost|p2a: MACHINE TORNADER|spa|1
|
|-weather|Sandstorm|[upkeep]
|-damage|p1a: Alomomola|32/100|[from] Sandstorm
|-heal|p2a: MACHINE TORNADER|61/100|[from] item: Leftovers
|upkeep
|turn|16
|
|t:|1781268768
|switch|p2a: Tetsuya Sawaki|Alomomola, L99, F|56/100
|move|p1a: Alomomola|Flip Turn|p2a: Tetsuya Sawaki
|-resisted|p2a: Tetsuya Sawaki
|-damage|p2a: Tetsuya Sawaki|50/100
|
|t:|1781268775
|switch|p1a: Excadrill|Excadrill, F|97/100|[from] Flip Turn
|-damage|p1a: Excadrill|94/100|[from] Stealth Rock
|
|-weather|Sandstorm|[upkeep]
|-damage|p2a: Tetsuya Sawaki|44/100|[from] Sandstorm
|upkeep
|turn|17
|
|t:|1781268785
|move|p1a: Excadrill|Earthquake|p2a: Tetsuya Sawaki
|-damage|p2a: Tetsuya Sawaki|6/100
|move|p2a: Tetsuya Sawaki|Flip Turn|p1a: Excadrill
|-supereffective|p1a: Excadrill
|-damage|p1a: Excadrill|52/100
|
|t:|1781268790
|switch|p2a: Shining Agito|Lokix, M, shiny|78/100|[from] Flip Turn
|
|-weather|none
|upkeep
|turn|18
|
|t:|1781268797
|switch|p1a: Garganacl|Garganacl, F|60/100
|-damage|p1a: Garganacl|47/100|[from] Stealth Rock
|move|p2a: Shining Agito|First Impression|p1a: Garganacl
|-damage|p1a: Garganacl|7/100
|
|-heal|p1a: Garganacl|13/100|[from] item: Leftovers
|upkeep
|turn|19
|
|t:|1781268806
|switch|p2a: MACHINE TORNADER|Gholdengo|61/100
|move|p1a: Garganacl|Recover|p1a: Garganacl
|-heal|p1a: Garganacl|63/100
|
|-heal|p2a: MACHINE TORNADER|67/100|[from] item: Leftovers
|-heal|p1a: Garganacl|69/100|[from] item: Leftovers
|upkeep
|turn|20
|
|t:|1781268813
|move|p1a: Garganacl|Protect|p1a: Garganacl
|-singleturn|p1a: Garganacl|Protect
|move|p2a: MACHINE TORNADER|Nasty Plot|p2a: MACHINE TORNADER
|-boost|p2a: MACHINE TORNADER|spa|2
|
|-heal|p2a: MACHINE TORNADER|74/100|[from] item: Leftovers
|-heal|p1a: Garganacl|76/100|[from] item: Leftovers
|upkeep
|turn|21
|
|t:|1781268823
|move|p2a: MACHINE TORNADER|Shadow Ball|p1a: Garganacl
|-damage|p1a: Garganacl|48/100
|move|p1a: Garganacl|Salt Cure|p2a: MACHINE TORNADER
|-resisted|p2a: MACHINE TORNADER
|-damage|p2a: MACHINE TORNADER|66/100
|-start|p2a: MACHINE TORNADER|Salt Cure
|
|-heal|p2a: MACHINE TORNADER|72/100|[from] item: Leftovers
|-heal|p1a: Garganacl|54/100|[from] item: Leftovers
|-damage|p2a: MACHINE TORNADER|47/100|[from] Salt Cure
|upkeep
|turn|22
|
|t:|1781268832
|move|p2a: MACHINE TORNADER|Nasty Plot|p2a: MACHINE TORNADER
|-boost|p2a: MACHINE TORNADER|spa|2
|move|p1a: Garganacl|Recover|p1a: Garganacl
|-heal|p1a: Garganacl|100/100
|
|-heal|p2a: MACHINE TORNADER|54/100|[from] item: Leftovers
|-damage|p2a: MACHINE TORNADER|29/100|[from] Salt Cure
|upkeep
|turn|23
|
|t:|1781268840
|move|p1a: Garganacl|Protect|p1a: Garganacl
|-singleturn|p1a: Garganacl|Protect
|move|p2a: MACHINE TORNADER|Make It Rain|p1a: Garganacl
|-activate|p1a: Garganacl|move: Protect
|
|-heal|p2a: MACHINE TORNADER|35/100|[from] item: Leftovers
|-damage|p2a: MACHINE TORNADER|10/100|[from] Salt Cure
|upkeep
|turn|24
|
|t:|1781268849
|switch|p1a: Alomomola|Alomomola, M|65/100
|-damage|p1a: Alomomola|52/100|[from] Stealth Rock
|move|p2a: MACHINE TORNADER|Shadow Ball|p1a: Alomomola
|-damage|p1a: Alomomola|0 fnt
|faint|p1a: Alomomola
|
|-heal|p2a: MACHINE TORNADER|16/100|[from] item: Leftovers
|-damage|p2a: MACHINE TORNADER|0 fnt|[from] Salt Cure
|faint|p2a: MACHINE TORNADER
|upkeep
|
|t:|1781268861
|switch|p2a: Shining Agito|Lokix, M, shiny|78/100
|switch|p1a: Tyranitar|Tyranitar, F|49/100
|-damage|p1a: Tyranitar|37/100|[from] Stealth Rock
|-weather|Sandstorm|[from] ability: Sand Stream|[of] p1a: Tyranitar
|turn|25
|
|t:|1781268868
|switch|p1a: Enamorus|Enamorus, F|60/100
|-damage|p1a: Enamorus|35/100|[from] Stealth Rock
|move|p2a: Shining Agito|U-turn|p1a: Enamorus
|-resisted|p1a: Enamorus
|-damage|p1a: Enamorus|0 fnt
|faint|p1a: Enamorus
|
|t:|1781268872
|switch|p2a: Tetsuya Sawaki|Alomomola, L99, F|39/100|[from] U-turn
|
|-weather|Sandstorm|[upkeep]
|-damage|p2a: Tetsuya Sawaki|33/100|[from] Sandstorm
|upkeep
|
|t:|1781268878
|switch|p1a: Excadrill|Excadrill, F|52/100
|-damage|p1a: Excadrill|49/100|[from] Stealth Rock
|turn|26
|
|t:|1781268888
|move|p1a: Excadrill|Rock Slide|p2a: Tetsuya Sawaki
|-damage|p2a: Tetsuya Sawaki|15/100
|cant|p2a: Tetsuya Sawaki|flinch
|
|-weather|Sandstorm|[upkeep]
|-damage|p2a: Tetsuya Sawaki|8/100|[from] Sandstorm
|upkeep
|turn|27
|
|t:|1781268894
|move|p1a: Excadrill|Rock Slide|p2a: Tetsuya Sawaki
|-damage|p2a: Tetsuya Sawaki|0 fnt
|faint|p2a: Tetsuya Sawaki
|
|-weather|Sandstorm|[upkeep]
|upkeep
|
|t:|1781268896
|switch|p2a: G3-X|Iron Valiant, shiny|94/100
|turn|28
|
|t:|1781268905
|move|p1a: Excadrill|Rock Slide|p2a: G3-X
|-resisted|p2a: G3-X
|-damage|p2a: G3-X|77/100
|cant|p2a: G3-X|flinch
|
|-weather|Sandstorm|[upkeep]
|-damage|p2a: G3-X|70/100|[from] Sandstorm
|upkeep
|turn|29
|
|t:|1781268913
|switch|p1a: Garganacl|Garganacl, F|100/100
|-damage|p1a: Garganacl|88/100|[from] Stealth Rock
|move|p2a: G3-X|Moonblast|p1a: Garganacl
|-damage|p1a: Garganacl|55/100
|
|-weather|none
|-heal|p1a: Garganacl|61/100|[from] item: Leftovers
|upkeep
|turn|30
|
|t:|1781268923
|-terastallize|p2a: G3-X|Fairy
|move|p2a: G3-X|Moonblast|p1a: Garganacl
|-damage|p1a: Garganacl|2/100
|move|p1a: Garganacl|Salt Cure|p2a: G3-X
|-damage|p2a: G3-X|52/100
|-start|p2a: G3-X|Salt Cure
|
|-heal|p1a: Garganacl|8/100|[from] item: Leftovers
|-damage|p2a: G3-X|40/100|[from] Salt Cure
|upkeep
|turn|31
|
|t:|1781268933
|move|p1a: Garganacl|Protect|p1a: Garganacl
|-singleturn|p1a: Garganacl|Protect
|move|p2a: G3-X|Moonblast|p1a: Garganacl
|-activate|p1a: Garganacl|move: Protect
|
|-heal|p1a: Garganacl|14/100|[from] item: Leftovers
|-damage|p2a: G3-X|27/100|[from] Salt Cure
|upkeep
|turn|32
|
|t:|1781268941
|move|p1a: Garganacl|Protect||[still]
|-fail|p1a: Garganacl
|move|p2a: G3-X|Moonblast|p1a: Garganacl
|-damage|p1a: Garganacl|0 fnt
|faint|p1a: Garganacl
|
|-damage|p2a: G3-X|15/100|[from] Salt Cure
|upkeep
|
|t:|1781268951
|switch|p1a: Excadrill|Excadrill, F|49/100
|-damage|p1a: Excadrill|46/100|[from] Stealth Rock
|turn|33
|
|t:|1781268966
|-end|p2a: G3-X|Quark Drive|[silent]
|switch|p2a: Cinderace|Cinderace, F|100/100
|move|p1a: Excadrill|Rock Slide|p2a: Cinderace
|-supereffective|p2a: Cinderace
|-damage|p2a: Cinderace|17/100
|
|upkeep
|turn|34
|
|t:|1781268975
|move|p1a: Excadrill|Rock Slide|p2a: Cinderace
|-supereffective|p2a: Cinderace
|-damage|p2a: Cinderace|0 fnt
|faint|p2a: Cinderace
|
|upkeep
|
|t:|1781268978
|switch|p2a: Shining Agito|Lokix, M, shiny|78/100
|turn|35
|
|t:|1781268993
|switch|p1a: Tyranitar|Tyranitar, F|37/100
|-damage|p1a: Tyranitar|24/100|[from] Stealth Rock
|-weather|Sandstorm|[from] ability: Sand Stream|[of] p1a: Tyranitar
|move|p2a: Shining Agito|First Impression|p1a: Tyranitar
|-supereffective|p1a: Tyranitar
|-damage|p1a: Tyranitar|0 fnt
|faint|p1a: Tyranitar
|
|-weather|Sandstorm|[upkeep]
|-damage|p2a: Shining Agito|72/100|[from] Sandstorm
|upkeep
|
|t:|1781269004
|switch|p1a: Excadrill|Excadrill, F|46/100
|-damage|p1a: Excadrill|43/100|[from] Stealth Rock
|turn|36
|
|t:|1781269007
|switch|p2a: G3-X|Iron Valiant, shiny, tera:Fairy|15/100
|move|p1a: Excadrill|Rock Slide|p2a: G3-X
|-damage|p2a: G3-X|0 fnt
|faint|p2a: G3-X
|-end|p2a: G3-X|Quark Drive|[silent]
|
|-weather|Sandstorm|[upkeep]
|upkeep
|
|t:|1781269009
|switch|p2a: Shining Agito|Lokix, M, shiny|72/100
|turn|37
|
|t:|1781269016
|move|p2a: Shining Agito|First Impression|p1a: Excadrill
|-resisted|p1a: Excadrill
|-damage|p1a: Excadrill|0 fnt
|faint|p1a: Excadrill
|
|win|ykykp
|raw|guingil's rating: 1689 &rarr; <strong>1667</strong><br />(-22 for losing)
|raw|ykykp's rating: 1648 &rarr; <strong>1670</strong><br />(+22 for winning)
|c|☆guingil|gg
|l|☆ykykp
|player|p2|
|l|☆guingil
|player|p1|
|j| Puyu paz
|l| Puyu paz
