|badge|p2|bronze|gen9ou|100-9
|uhtml|medal-msg|<div class="broadcast-blue">Curious what those medals under the avatar are? PS now has Ladder Seasons! For more information, check out the <a href="https://www.smogon.com/forums/threads/3740067/">thread on Smogon.</a></div>
|j|☆omari p
|j|☆healorant
|t:|1781303474
|gametype|singles
|player|p1|omari p|pokemonrangerf|1635
|player|p2|healorant|alder|1757
|gen|9
|tier|[Gen 9] OU
|rated|
|rule|HP Percentage Mod: HP is shown in percentages
|rule|Endless Battle Clause: Forcing endless battles is banned
|rule|Species Clause: Limit one of each Pokémon
|rule|OHKO Clause: OHKO moves are banned
|rule|Evasion Items Clause: Evasion items are banned
|rule|Evasion Moves Clause: Evasion moves are banned
|rule|Evasion Abilities Clause: Evasion abilities are banned
|rule|Sleep Moves Clause: Sleep-inducing moves are banned
|clearpoke
|poke|p1|Cinderace, F|
|poke|p1|Skeledirge, M|
|poke|p1|Latios, M|
|poke|p1|Mandibuzz, F|
|poke|p1|Gallade, M|
|poke|p1|Gastrodon, M|
|poke|p2|Dragonite, M|
|poke|p2|Samurott-Hisui, F|
|poke|p2|Gholdengo|
|poke|p2|Landorus-Therian, M|
|poke|p2|Zamazenta-*|
|poke|p2|Ogerpon-Wellspring, F|
|teampreview
|
|t:|1781303546
|teamsize|p1|6
|teamsize|p2|6
|start
|switch|p1a: Gastrodon|Gastrodon, M|100/100
|switch|p2a: Samurott|Samurott-Hisui, F|100/100
|turn|1
|
|t:|1781303554
|move|p2a: Samurott|Ceaseless Edge|p1a: Gastrodon
|-damage|p1a: Gastrodon|55/100
|-sidestart|p1: omari p|Spikes
|move|p1a: Gastrodon|Stealth Rock|p2a: Samurott
|-sidestart|p2: healorant|move: Stealth Rock
|
|-heal|p1a: Gastrodon|62/100|[from] item: Leftovers
|upkeep
|turn|2
|inactive|Battle timer is ON: inactive players will automatically lose when time's up. (requested by omari p)
|
|t:|1781303559
|switch|p2a: Ogerpon|Ogerpon-Wellspring, F|100/100
|-damage|p2a: Ogerpon|88/100|[from] Stealth Rock
|switch|p1a: Omari P Bird|Mandibuzz, F, shiny|100/100
|
|upkeep
|turn|3
|
|t:|1781303561
|move|p2a: Ogerpon|Knock Off|p1a: Omari P Bird
|-resisted|p1a: Omari P Bird
|-damage|p1a: Omari P Bird|89/100
|-damage|p2a: Ogerpon|72/100|[from] item: Rocky Helmet|[of] p1a: Omari P Bird
|-enditem|p1a: Omari P Bird|Rocky Helmet|[from] move: Knock Off|[of] p2a: Ogerpon
|move|p1a: Omari P Bird|Foul Play|p2a: Ogerpon
|-crit|p2a: Ogerpon
|-damage|p2a: Ogerpon|0 fnt
|faint|p2a: Ogerpon
|
|upkeep
|
|t:|1781303570
|switch|p2a: Landorus|Landorus-Therian, M|100/100
|-damage|p2a: Landorus|88/100|[from] Stealth Rock
|-ability|p2a: Landorus|Intimidate|boost
|-unboost|p1a: Omari P Bird|atk|1
|turn|4
|
|t:|1781303573
|move|p2a: Landorus|Stealth Rock|p1a: Omari P Bird
|-sidestart|p1: omari p|move: Stealth Rock
|move|p1a: Omari P Bird|Toxic|p2a: Landorus
|-status|p2a: Landorus|tox
|
|-damage|p2a: Landorus|82/100 tox|[from] psn
|upkeep
|turn|5
|
|t:|1781303577
|move|p2a: Landorus|Taunt|p1a: Omari P Bird
|-start|p1a: Omari P Bird|move: Taunt
|move|p1a: Omari P Bird|Foul Play|p2a: Landorus
|-damage|p2a: Landorus|42/100 tox
|-damage|p1a: Omari P Bird|72/100|[from] item: Rocky Helmet|[of] p2a: Landorus
|
|-damage|p2a: Landorus|30/100 tox|[from] psn
|upkeep
|turn|6
|
|t:|1781303580
|move|p2a: Landorus|U-turn|p1a: Omari P Bird
|-damage|p1a: Omari P Bird|61/100
|
|t:|1781303581
|switch|p2a: Samurott|Samurott-Hisui, F|100/100|[from] U-turn
|-damage|p2a: Samurott|88/100|[from] Stealth Rock
|move|p1a: Omari P Bird|Foul Play|p2a: Samurott
|-resisted|p2a: Samurott
|-damage|p2a: Samurott|60/100
|
|upkeep
|turn|7
|
|t:|1781303590
|switch|p1a: Gastrodon|Gastrodon, M|62/100
|-damage|p1a: Gastrodon|49/100|[from] Spikes
|-damage|p1a: Gastrodon|43/100|[from] Stealth Rock
|move|p2a: Samurott|Razor Shell|p1a: Gastrodon
|-ability|p1a: Gastrodon|Storm Drain|boost
|-boost|p1a: Gastrodon|spa|1
|
|-heal|p1a: Gastrodon|49/100|[from] item: Leftovers
|upkeep
|turn|8
|
|t:|1781303596
|switch|p2a: Gholdengo|Gholdengo|100/100
|-damage|p2a: Gholdengo|94/100|[from] Stealth Rock
|-item|p2a: Gholdengo|Air Balloon
|move|p1a: Gastrodon|Earth Power|p2a: Gholdengo
|-immune|p2a: Gholdengo
|
|-heal|p1a: Gastrodon|55/100|[from] item: Leftovers
|upkeep
|turn|9
|
|t:|1781303600
|move|p2a: Gholdengo|Nasty Plot|p2a: Gholdengo
|-boost|p2a: Gholdengo|spa|2
|move|p1a: Gastrodon|Recover|p1a: Gastrodon
|-heal|p1a: Gastrodon|100/100
|
|upkeep
|turn|10
|
|t:|1781303602
|move|p2a: Gholdengo|Shadow Ball|p1a: Gastrodon
|-damage|p1a: Gastrodon|50/100
|move|p1a: Gastrodon|Ice Beam|p2a: Gholdengo
|-resisted|p2a: Gholdengo
|-damage|p2a: Gholdengo|79/100
|-status|p2a: Gholdengo|frz
|-enditem|p2a: Gholdengo|Air Balloon
|
|-heal|p1a: Gastrodon|56/100|[from] item: Leftovers
|upkeep
|turn|11
|
|t:|1781303606
|-curestatus|p2a: Gholdengo|frz|[msg]
|move|p2a: Gholdengo|Shadow Ball|p1a: Gastrodon
|-damage|p1a: Gastrodon|4/100
|move|p1a: Gastrodon|Recover|p1a: Gastrodon
|-heal|p1a: Gastrodon|54/100
|
|-heal|p1a: Gastrodon|60/100|[from] item: Leftovers
|upkeep
|turn|12
|
|t:|1781303609
|move|p2a: Gholdengo|Shadow Ball|p1a: Gastrodon
|-damage|p1a: Gastrodon|6/100
|-unboost|p1a: Gastrodon|spd|1
|move|p1a: Gastrodon|Earth Power|p2a: Gholdengo
|-supereffective|p2a: Gholdengo
|-damage|p2a: Gholdengo|0 fnt
|faint|p2a: Gholdengo
|
|-heal|p1a: Gastrodon|12/100|[from] item: Leftovers
|upkeep
|
|t:|1781303616
|switch|p2a: Landorus|Landorus-Therian, M|30/100 tox
|-damage|p2a: Landorus|18/100 tox|[from] Stealth Rock
|-ability|p2a: Landorus|Intimidate|boost
|-unboost|p1a: Gastrodon|atk|1
|turn|13
|
|t:|1781303619
|move|p2a: Landorus|Earth Power|p1a: Gastrodon
|-damage|p1a: Gastrodon|0 fnt
|faint|p1a: Gastrodon
|
|-damage|p2a: Landorus|12/100 tox|[from] psn
|upkeep
|
|t:|1781303623
|switch|p1a: Cinderace|Cinderace, F|100/100
|turn|14
|
|t:|1781303625
|move|p1a: Cinderace|Pyro Ball|p2a: Landorus
|-damage|p2a: Landorus|0 fnt
|faint|p2a: Landorus
|
|upkeep
|
|t:|1781303627
|switch|p2a: Samurott|Samurott-Hisui, F|60/100
|-damage|p2a: Samurott|47/100|[from] Stealth Rock
|turn|15
|
|t:|1781303631
|move|p2a: Samurott|Razor Shell|p1a: Cinderace
|-supereffective|p1a: Cinderace
|-damage|p1a: Cinderace|0 fnt
|faint|p1a: Cinderace
|
|upkeep
|
|t:|1781303637
|switch|p1a: Omari P Bird|Mandibuzz, F, shiny|61/100
|-damage|p1a: Omari P Bird|36/100|[from] Stealth Rock
|turn|16
|
|t:|1781303640
|move|p2a: Samurott|Razor Shell|p1a: Omari P Bird
|-damage|p1a: Omari P Bird|6/100
|move|p1a: Omari P Bird|Roost|p1a: Omari P Bird
|-heal|p1a: Omari P Bird|56/100
|-singleturn|p1a: Omari P Bird|move: Roost
|
|upkeep
|turn|17
|
|t:|1781303645
|move|p2a: Samurott|Razor Shell|p1a: Omari P Bird|[miss]
|-miss|p2a: Samurott|p1a: Omari P Bird
|move|p1a: Omari P Bird|Roost|p1a: Omari P Bird
|-heal|p1a: Omari P Bird|100/100
|-singleturn|p1a: Omari P Bird|move: Roost
|
|upkeep
|turn|18
|
|t:|1781303646
|move|p2a: Samurott|Razor Shell|p1a: Omari P Bird
|-damage|p1a: Omari P Bird|72/100
|-unboost|p1a: Omari P Bird|def|1
|move|p1a: Omari P Bird|Toxic|p2a: Samurott
|-status|p2a: Samurott|tox
|
|-damage|p2a: Samurott|41/100 tox|[from] psn
|upkeep
|turn|19
|
|t:|1781303649
|move|p2a: Samurott|Razor Shell|p1a: Omari P Bird
|-damage|p1a: Omari P Bird|24/100
|move|p1a: Omari P Bird|Roost|p1a: Omari P Bird
|-heal|p1a: Omari P Bird|74/100
|-singleturn|p1a: Omari P Bird|move: Roost
|
|-damage|p2a: Samurott|29/100 tox|[from] psn
|upkeep
|turn|20
|
|t:|1781303651
|move|p2a: Samurott|Razor Shell|p1a: Omari P Bird
|-damage|p1a: Omari P Bird|27/100
|-unboost|p1a: Omari P Bird|def|1
|move|p1a: Omari P Bird|Roost|p1a: Omari P Bird
|-heal|p1a: Omari P Bird|77/100
|-singleturn|p1a: Omari P Bird|move: Roost
|
|-damage|p2a: Samurott|10/100 tox|[from] psn
|upkeep
|turn|21
|
|t:|1781303654
|switch|p1a: Gallade|Gallade, M|100/100
|-damage|p1a: Gallade|88/100|[from] Spikes
|-damage|p1a: Gallade|82/100|[from] Stealth Rock
|move|p2a: Samurott|Razor Shell|p1a: Gallade
|-damage|p1a: Gallade|0 fnt
|faint|p1a: Gallade
|
|-damage|p2a: Samurott|0 fnt|[from] psn
|faint|p2a: Samurott
|upkeep
|
|t:|1781303657
|switch|p2a: Zamazenta|Zamazenta|100/100
|switch|p1a: Latios|Latios, M|100/100
|-damage|p1a: Latios|88/100|[from] Stealth Rock
|-ability|p2a: Zamazenta|Dauntless Shield|boost
|-boost|p2a: Zamazenta|def|1
|turn|22
|
|t:|1781303660
|move|p1a: Latios|Trick|p2a: Zamazenta
|-activate|p1a: Latios|move: Trick|[of] p2a: Zamazenta
|-item|p2a: Zamazenta|Choice Scarf|[from] move: Trick
|-item|p1a: Latios|Heavy-Duty Boots|[from] move: Trick
|move|p2a: Zamazenta|Crunch|p1a: Latios
|-supereffective|p1a: Latios
|-damage|p1a: Latios|20/100
|
|upkeep
|turn|23
|
|t:|1781303665
|switch|p1a: Omari P Bird|Mandibuzz, F, shiny|77/100
|-damage|p1a: Omari P Bird|52/100|[from] Stealth Rock
|move|p2a: Zamazenta|Crunch|p1a: Omari P Bird
|-resisted|p1a: Omari P Bird
|-damage|p1a: Omari P Bird|44/100
|
|upkeep
|turn|24
|
|t:|1781303667
|move|p2a: Zamazenta|Crunch|p1a: Omari P Bird
|-resisted|p1a: Omari P Bird
|-damage|p1a: Omari P Bird|37/100
|move|p1a: Omari P Bird|Roost|p1a: Omari P Bird
|-heal|p1a: Omari P Bird|87/100
|-singleturn|p1a: Omari P Bird|move: Roost
|
|upkeep
|turn|25
|
|t:|1781303672
|move|p2a: Zamazenta|Crunch|p1a: Omari P Bird
|-resisted|p1a: Omari P Bird
|-damage|p1a: Omari P Bird|79/100
|move|p1a: Omari P Bird|Toxic|p2a: Zamazenta
|-status|p2a: Zamazenta|tox
|
|-damage|p2a: Zamazenta|94/100 tox|[from] psn
|upkeep
|turn|26
|
|t:|1781303674
|move|p2a: Zamazenta|Crunch|p1a: Omari P Bird
|-resisted|p1a: Omari P Bird
|-damage|p1a: Omari P Bird|72/100
|move|p1a: Omari P Bird|Defog|p2a: Zamazenta
|-unboost|p2a: Zamazenta|evasion|1
|-sideend|p2: healorant|Stealth Rock|[from] move: Defog|[of] p1a: Omari P Bird
|-sideend|p1: omari p|Spikes|[from] move: Defog|[of] p1a: Omari P Bird
|-sideend|p1: omari p|Stealth Rock|[from] move: Defog|[of] p1a: Omari P Bird
|
|-damage|p2a: Zamazenta|82/100 tox|[from] psn
|upkeep
|turn|27
|
|t:|1781303676
|move|p2a: Zamazenta|Crunch|p1a: Omari P Bird
|-resisted|p1a: Omari P Bird
|-damage|p1a: Omari P Bird|65/100
|move|p1a: Omari P Bird|Roost|p1a: Omari P Bird
|-heal|p1a: Omari P Bird|100/100
|-singleturn|p1a: Omari P Bird|move: Roost
|
|-damage|p2a: Zamazenta|64/100 tox|[from] psn
|upkeep
|turn|28
|
|t:|1781303678
|move|p2a: Zamazenta|Crunch|p1a: Omari P Bird
|-resisted|p1a: Omari P Bird
|-damage|p1a: Omari P Bird|92/100
|move|p1a: Omari P Bird|Foul Play|p2a: Zamazenta
|-resisted|p2a: Zamazenta
|-damage|p2a: Zamazenta|48/100 tox
|
|-damage|p2a: Zamazenta|24/100 tox|[from] psn
|upkeep
|turn|29
|
|t:|1781303685
|switch|p1a: Latios|Latios, M|20/100
|move|p2a: Zamazenta|Crunch|p1a: Latios
|-supereffective|p1a: Latios
|-crit|p1a: Latios
|-damage|p1a: Latios|0 fnt
|faint|p1a: Latios
|
|-damage|p2a: Zamazenta|0 fnt|[from] psn
|faint|p2a: Zamazenta
|upkeep
|
|t:|1781303687
|switch|p2a: Dragonite|Dragonite, M|100/100
|switch|p1a: Omari P Bird|Mandibuzz, F, shiny|92/100
|turn|30
|
|t:|1781303691
|move|p2a: Dragonite|Dragon Dance|p2a: Dragonite
|-boost|p2a: Dragonite|atk|1
|-boost|p2a: Dragonite|spe|1
|move|p1a: Omari P Bird|Foul Play|p2a: Dragonite
|-damage|p2a: Dragonite|57/100
|
|upkeep
|turn|31
|
|t:|1781303694
|move|p2a: Dragonite|Ice Spinner|p1a: Omari P Bird
|-supereffective|p1a: Omari P Bird
|-damage|p1a: Omari P Bird|42/100
|move|p1a: Omari P Bird|Foul Play|p2a: Dragonite
|-crit|p2a: Dragonite
|-damage|p2a: Dragonite|0 fnt
|faint|p2a: Dragonite
|
|win|omari p
|raw|omari p's rating: 1635 &rarr; <strong>1662</strong><br />(+27 for winning)
|raw|healorant's rating: 1757 &rarr; <strong>1730</strong><br />(-27 for losing)
|l|☆healorant
|player|p2|
