|j|☆Igoodnamename
|j|☆Acastillo631
|t:|1781301498
|gametype|singles
|player|p1|Igoodnamename|winona|1704
|player|p2|Acastillo631|silver|1597
|gen|9
|tier|[Gen 9] OU
|rated|
|rule|HP Percentage Mod: HP is shown in percentages
|rule|Endless Battle Clause: Forcing endless battles is banned
|rule|Species Clause: Limit one of each Pokémon
|rule|OHKO Clause: OHKO moves are banned
|rule|Evasion Items Clause: Evasion items are banned
|rule|Evasion Moves Clause: Evasion moves are banned
|rule|Evasion Abilities Clause: Evasion abilities are banned
|rule|Sleep Moves Clause: Sleep-inducing moves are banned
|clearpoke
|poke|p1|Raging Bolt|
|poke|p1|Rillaboom, F|
|poke|p1|Great Tusk|
|poke|p1|Ting-Lu|
|poke|p1|Skeledirge, M|
|poke|p1|Enamorus, F|
|poke|p2|Iron Valiant|
|poke|p2|Sinistcha|
|poke|p2|Tyranitar, F|
|poke|p2|Klefki, M|
|poke|p2|Swampert, M|
|poke|p2|Talonflame, F|
|teampreview
|
|t:|1781301506
|teamsize|p1|6
|teamsize|p2|6
|start
|switch|p1a: Rillaboom|Rillaboom, F|100/100
|switch|p2a: Redips|Klefki, M|100/100
|-fieldstart|move: Grassy Terrain|[from] ability: Grassy Surge|[of] p1a: Rillaboom
|turn|1
|
|t:|1781301512
|move|p2a: Redips|Spikes|p1a: Rillaboom
|-sidestart|p1: Igoodnamename|Spikes
|move|p1a: Rillaboom|Knock Off|p2a: Redips
|-resisted|p2a: Redips
|-damage|p2a: Redips|78/100
|-damage|p1a: Rillaboom|84/100|[from] item: Rocky Helmet|[of] p2a: Redips
|-enditem|p2a: Redips|Rocky Helmet|[from] move: Knock Off|[of] p1a: Rillaboom
|
|-heal|p1a: Rillaboom|90/100|[from] Grassy Terrain
|-heal|p2a: Redips|84/100|[from] Grassy Terrain
|upkeep
|turn|2
|
|t:|1781301516
|switch|p1a: Ting-Lu|Ting-Lu|100/100
|-damage|p1a: Ting-Lu|88/100|[from] Spikes
|-ability|p1a: Ting-Lu|Vessel of Ruin
|move|p2a: Redips|Thunder Wave|p1a: Ting-Lu
|-immune|p1a: Ting-Lu
|
|-heal|p2a: Redips|90/100|[from] Grassy Terrain
|-heal|p1a: Ting-Lu|94/100|[from] Grassy Terrain
|-heal|p1a: Ting-Lu|100/100|[from] item: Leftovers
|upkeep
|turn|3
|
|t:|1781301519
|switch|p2a: Wire Sponge|Sinistcha|100/100
|move|p1a: Ting-Lu|Stealth Rock|p2a: Wire Sponge
|-sidestart|p2: Acastillo631|move: Stealth Rock
|
|upkeep
|turn|4
|
|t:|1781301523
|switch|p1a: Raging Bolt|Raging Bolt|100/100
|-damage|p1a: Raging Bolt|88/100|[from] Spikes
|move|p2a: Wire Sponge|Matcha Gotcha|p1a: Raging Bolt
|-resisted|p1a: Raging Bolt
|-damage|p1a: Raging Bolt|69/100
|
|-heal|p1a: Raging Bolt|75/100|[from] Grassy Terrain
|upkeep
|turn|5
|j| waterninja135
|
|t:|1781301528
|switch|p2a: Eregion|Tyranitar, F|100/100
|-damage|p2a: Eregion|88/100|[from] Stealth Rock
|-weather|Sandstorm|[from] ability: Sand Stream|[of] p2a: Eregion
|move|p1a: Raging Bolt|Volt Switch|p2a: Eregion
|-damage|p2a: Eregion|61/100
|
|t:|1781301532
|-end|p1a: Raging Bolt|Protosynthesis|[silent]
|switch|p1a: Rillaboom|Rillaboom, F|90/100|[from] Volt Switch
|-damage|p1a: Rillaboom|78/100|[from] Spikes
|
|-weather|Sandstorm|[upkeep]
|-damage|p1a: Rillaboom|72/100|[from] Sandstorm
|-heal|p1a: Rillaboom|78/100|[from] Grassy Terrain
|-heal|p2a: Eregion|67/100|[from] Grassy Terrain
|-heal|p2a: Eregion|73/100|[from] item: Leftovers
|-fieldend|move: Grassy Terrain
|upkeep
|turn|6
|
|t:|1781301537
|switch|p2a: Talonflame|Talonflame, F|100/100
|move|p1a: Rillaboom|Knock Off|p2a: Talonflame
|-damage|p2a: Talonflame|29/100
|-status|p1a: Rillaboom|brn|[from] ability: Flame Body|[of] p2a: Talonflame
|-enditem|p2a: Talonflame|Heavy-Duty Boots|[from] move: Knock Off|[of] p1a: Rillaboom
|
|-weather|Sandstorm|[upkeep]
|-damage|p2a: Talonflame|23/100|[from] Sandstorm
|-damage|p1a: Rillaboom|72/100 brn|[from] Sandstorm
|-damage|p1a: Rillaboom|66/100 brn|[from] brn
|upkeep
|turn|7
|
|t:|1781301544
|switch|p1a: Skeledirge|Skeledirge, M|100/100
|move|p2a: Talonflame|Roost|p2a: Talonflame
|-heal|p2a: Talonflame|73/100
|-singleturn|p2a: Talonflame|move: Roost
|
|-weather|Sandstorm|[upkeep]
|-damage|p2a: Talonflame|67/100|[from] Sandstorm
|-damage|p1a: Skeledirge|94/100|[from] Sandstorm
|upkeep
|turn|8
|
|t:|1781301551
|switch|p2a: Duff Mcwhalen|Swampert, M|100/100
|-damage|p2a: Duff Mcwhalen|94/100|[from] Stealth Rock
|move|p1a: Skeledirge|Torch Song|p2a: Duff Mcwhalen
|-resisted|p2a: Duff Mcwhalen
|-damage|p2a: Duff Mcwhalen|85/100
|-boost|p1a: Skeledirge|spa|1
|
|-weather|Sandstorm|[upkeep]
|-damage|p1a: Skeledirge|88/100|[from] Sandstorm
|-heal|p2a: Duff Mcwhalen|91/100|[from] item: Leftovers
|upkeep
|turn|9
|
|t:|1781301555
|move|p1a: Skeledirge|Will-O-Wisp|p2a: Duff Mcwhalen
|-status|p2a: Duff Mcwhalen|brn
|move|p2a: Duff Mcwhalen|Knock Off|p1a: Skeledirge
|-supereffective|p1a: Skeledirge
|-damage|p1a: Skeledirge|67/100
|-enditem|p1a: Skeledirge|Heavy-Duty Boots|[from] move: Knock Off|[of] p2a: Duff Mcwhalen
|
|-weather|none
|-heal|p2a: Duff Mcwhalen|97/100 brn|[from] item: Leftovers
|-damage|p2a: Duff Mcwhalen|91/100 brn|[from] brn
|upkeep
|turn|10
|
|t:|1781301561
|move|p1a: Skeledirge|Hex|p2a: Duff Mcwhalen
|-damage|p2a: Duff Mcwhalen|43/100 brn
|move|p2a: Duff Mcwhalen|Stealth Rock|p1a: Skeledirge
|-sidestart|p1: Igoodnamename|move: Stealth Rock
|
|-heal|p2a: Duff Mcwhalen|49/100 brn|[from] item: Leftovers
|-damage|p2a: Duff Mcwhalen|43/100 brn|[from] brn
|upkeep
|turn|11
|
|t:|1781301565
|move|p1a: Skeledirge|Hex|p2a: Duff Mcwhalen
|-damage|p2a: Duff Mcwhalen|0 fnt
|faint|p2a: Duff Mcwhalen
|
|upkeep
|
|t:|1781301572
|switch|p2a: Eregion|Tyranitar, F|73/100
|-damage|p2a: Eregion|61/100|[from] Stealth Rock
|-weather|Sandstorm|[from] ability: Sand Stream|[of] p2a: Eregion
|turn|12
|
|t:|1781301584
|move|p1a: Skeledirge|Will-O-Wisp|p2a: Eregion|[miss]
|-miss|p1a: Skeledirge|p2a: Eregion
|move|p2a: Eregion|Roar|p1a: Skeledirge
|drag|p1a: Ting-Lu|Ting-Lu|100/100
|-damage|p1a: Ting-Lu|88/100|[from] Spikes
|-damage|p1a: Ting-Lu|82/100|[from] Stealth Rock
|-ability|p1a: Ting-Lu|Vessel of Ruin
|
|-weather|Sandstorm|[upkeep]
|-heal|p2a: Eregion|67/100|[from] item: Leftovers
|-heal|p1a: Ting-Lu|88/100|[from] item: Leftovers
|upkeep
|turn|13
|
|t:|1781301590
|switch|p2a: Wire Sponge|Sinistcha|100/100
|move|p1a: Ting-Lu|Heavy Slam|p2a: Wire Sponge
|-damage|p2a: Wire Sponge|79/100
|
|-weather|Sandstorm|[upkeep]
|-damage|p2a: Wire Sponge|73/100|[from] Sandstorm
|-heal|p1a: Ting-Lu|94/100|[from] item: Leftovers
|upkeep
|turn|14
|
|t:|1781301598
|move|p2a: Wire Sponge|Shadow Ball|p1a: Ting-Lu
|-resisted|p1a: Ting-Lu
|-damage|p1a: Ting-Lu|88/100
|-unboost|p1a: Ting-Lu|spd|1
|move|p1a: Ting-Lu|Whirlwind|p2a: Wire Sponge
|drag|p2a: Redips|Klefki, M|90/100
|-damage|p2a: Redips|84/100|[from] Stealth Rock
|
|-weather|Sandstorm|[upkeep]
|-heal|p1a: Ting-Lu|94/100|[from] item: Leftovers
|upkeep
|turn|15
|j| mak7xr
|
|t:|1781301605
|move|p2a: Redips|Magnet Rise|p2a: Redips
|-start|p2a: Redips|Magnet Rise
|move|p1a: Ting-Lu|Ruination|p2a: Redips
|-damage|p2a: Redips|42/100
|
|-weather|Sandstorm|[upkeep]
|-heal|p1a: Ting-Lu|99/100|[from] item: Leftovers
|upkeep
|turn|16
|
|t:|1781301613
|switch|p1a: Great Tusk|Great Tusk|100/100
|move|p2a: Redips|Spikes|p1a: Great Tusk
|-sidestart|p1: Igoodnamename|Spikes
|
|-weather|none
|upkeep
|turn|17
|l| mak7xr
|
|t:|1781301617
|move|p1a: Great Tusk|Rapid Spin|p2a: Redips
|-resisted|p2a: Redips
|-damage|p2a: Redips|34/100
|-boost|p1a: Great Tusk|spe|1
|-sideend|p1: Igoodnamename|Spikes|[from] move: Rapid Spin|[of] p1a: Great Tusk
|-sideend|p1: Igoodnamename|Stealth Rock|[from] move: Rapid Spin|[of] p1a: Great Tusk
|move|p2a: Redips|Dazzling Gleam|p1a: Great Tusk
|-supereffective|p1a: Great Tusk
|-damage|p1a: Great Tusk|24/100
|
|upkeep
|turn|18
|
|t:|1781301625
|-end|p1a: Great Tusk|Protosynthesis|[silent]
|switch|p1a: Skeledirge|Skeledirge, M|67/100
|move|p2a: Redips|Spikes|p1a: Skeledirge
|-sidestart|p1: Igoodnamename|Spikes
|
|upkeep
|turn|19
|
|t:|1781301631
|switch|p2a: Eregion|Tyranitar, F|67/100
|-damage|p2a: Eregion|54/100|[from] Stealth Rock
|-weather|Sandstorm|[from] ability: Sand Stream|[of] p2a: Eregion
|move|p1a: Skeledirge|Torch Song|p2a: Eregion
|-resisted|p2a: Eregion
|-crit|p2a: Eregion
|-damage|p2a: Eregion|45/100
|-boost|p1a: Skeledirge|spa|1
|
|-weather|Sandstorm|[upkeep]
|-damage|p1a: Skeledirge|61/100|[from] Sandstorm
|-heal|p2a: Eregion|51/100|[from] item: Leftovers
|upkeep
|turn|20
|
|t:|1781301636
|move|p1a: Skeledirge|Will-O-Wisp|p2a: Eregion
|-status|p2a: Eregion|brn
|move|p2a: Eregion|Stealth Rock|p1a: Skeledirge
|-sidestart|p1: Igoodnamename|move: Stealth Rock
|
|-weather|Sandstorm|[upkeep]
|-damage|p1a: Skeledirge|55/100|[from] Sandstorm
|-heal|p2a: Eregion|57/100 brn|[from] item: Leftovers
|-damage|p2a: Eregion|51/100 brn|[from] brn
|upkeep
|turn|21
|
|t:|1781301641
|move|p1a: Skeledirge|Slack Off|p1a: Skeledirge
|-heal|p1a: Skeledirge|100/100
|move|p2a: Eregion|Roar|p1a: Skeledirge
|drag|p1a: Raging Bolt|Raging Bolt|75/100
|-damage|p1a: Raging Bolt|63/100|[from] Spikes
|-damage|p1a: Raging Bolt|51/100|[from] Stealth Rock
|
|-weather|Sandstorm|[upkeep]
|-damage|p1a: Raging Bolt|44/100|[from] Sandstorm
|-heal|p2a: Eregion|57/100 brn|[from] item: Leftovers
|-damage|p2a: Eregion|51/100 brn|[from] brn
|upkeep
|turn|22
|
|t:|1781301649
|move|p1a: Raging Bolt|Draco Meteor|p2a: Eregion
|-damage|p2a: Eregion|4/100 brn
|-unboost|p1a: Raging Bolt|spa|2
|move|p2a: Eregion|Ice Beam|p1a: Raging Bolt
|-supereffective|p1a: Raging Bolt
|-damage|p1a: Raging Bolt|6/100
|
|-weather|Sandstorm|[upkeep]
|-damage|p1a: Raging Bolt|0 fnt|[from] Sandstorm
|faint|p1a: Raging Bolt
|-end|p1a: Raging Bolt|Protosynthesis|[silent]
|-heal|p2a: Eregion|10/100 brn|[from] item: Leftovers
|-damage|p2a: Eregion|4/100 brn|[from] brn
|upkeep
|
|t:|1781301655
|switch|p1a: Rillaboom|Rillaboom, F|66/100 brn
|-damage|p1a: Rillaboom|53/100 brn|[from] Spikes
|-damage|p1a: Rillaboom|41/100 brn|[from] Stealth Rock
|-fieldstart|move: Grassy Terrain|[from] ability: Grassy Surge|[of] p1a: Rillaboom
|turn|23
|
|t:|1781301661
|move|p1a: Rillaboom|U-turn|p2a: Eregion
|-supereffective|p2a: Eregion
|-damage|p2a: Eregion|0 fnt
|faint|p2a: Eregion
|
|t:|1781301666
|switch|p1a: Skeledirge|Skeledirge, M|100/100|[from] U-turn
|-damage|p1a: Skeledirge|88/100|[from] Spikes
|-damage|p1a: Skeledirge|63/100|[from] Stealth Rock
|
|-weather|none
|-heal|p1a: Skeledirge|69/100|[from] Grassy Terrain
|upkeep
|
|t:|1781301676
|switch|p2a: Wire Sponge|Sinistcha|73/100
|turn|24
|
|t:|1781301682
|-terastallize|p1a: Skeledirge|Fairy
|move|p2a: Wire Sponge|Shadow Ball|p1a: Skeledirge
|-damage|p1a: Skeledirge|46/100
|-unboost|p1a: Skeledirge|spd|1
|move|p1a: Skeledirge|Torch Song|p2a: Wire Sponge
|-supereffective|p2a: Wire Sponge
|-damage|p2a: Wire Sponge|34/100
|-boost|p1a: Skeledirge|spa|1
|
|-heal|p2a: Wire Sponge|40/100|[from] Grassy Terrain
|-heal|p1a: Skeledirge|52/100|[from] Grassy Terrain
|upkeep
|turn|25
|inactive|Battle timer is ON: inactive players will automatically lose when time's up. (requested by Igoodnamename)
|
|t:|1781301709
|move|p2a: Wire Sponge|Matcha Gotcha|p1a: Skeledirge
|-damage|p1a: Skeledirge|9/100
|-heal|p2a: Wire Sponge|66/100|[from] drain|[of] p1a: Skeledirge
|-status|p1a: Skeledirge|brn
|move|p1a: Skeledirge|Slack Off|p1a: Skeledirge
|-heal|p1a: Skeledirge|59/100 brn
|
|-heal|p2a: Wire Sponge|72/100|[from] Grassy Terrain
|-heal|p1a: Skeledirge|65/100 brn|[from] Grassy Terrain
|-damage|p1a: Skeledirge|59/100 brn|[from] brn
|upkeep
|turn|26
|
|t:|1781301723
|move|p2a: Wire Sponge|Shadow Ball|p1a: Skeledirge
|-damage|p1a: Skeledirge|23/100 brn
|-unboost|p1a: Skeledirge|spd|1
|move|p1a: Skeledirge|Hex|p2a: Wire Sponge
|-supereffective|p2a: Wire Sponge
|-damage|p2a: Wire Sponge|0 fnt
|faint|p2a: Wire Sponge
|
|-heal|p1a: Skeledirge|29/100 brn|[from] Grassy Terrain
|-damage|p1a: Skeledirge|23/100 brn|[from] brn
|upkeep
|inactive|Acastillo631 has 120 seconds left.
|
|t:|1781301763
|switch|p2a: Sage Harpuia|Iron Valiant|100/100
|-damage|p2a: Sage Harpuia|94/100|[from] Stealth Rock
|-enditem|p2a: Sage Harpuia|Booster Energy
|-activate|p2a: Sage Harpuia|ability: Quark Drive|[fromitem]
|-start|p2a: Sage Harpuia|quarkdrivespe
|turn|27
|
|t:|1781301767
|move|p2a: Sage Harpuia|Moonblast|p1a: Skeledirge
|-damage|p1a: Skeledirge|0 fnt
|faint|p1a: Skeledirge
|
|-heal|p2a: Sage Harpuia|100/100|[from] Grassy Terrain
|-fieldend|move: Grassy Terrain
|upkeep
|
|t:|1781301777
|switch|p1a: Enamorus|Enamorus, F|100/100
|-damage|p1a: Enamorus|76/100|[from] Stealth Rock
|turn|28
|
|t:|1781301782
|-terastallize|p2a: Sage Harpuia|Steel
|move|p2a: Sage Harpuia|Moonblast|p1a: Enamorus
|-damage|p1a: Enamorus|9/100
|move|p1a: Enamorus|Moonblast|p2a: Sage Harpuia
|-resisted|p2a: Sage Harpuia
|-damage|p2a: Sage Harpuia|44/100
|
|upkeep
|turn|29
|
|t:|1781301789
|move|p2a: Sage Harpuia|Moonblast|p1a: Enamorus
|-damage|p1a: Enamorus|0 fnt
|faint|p1a: Enamorus
|
|upkeep
|
|t:|1781301794
|switch|p1a: Ting-Lu|Ting-Lu|99/100
|-damage|p1a: Ting-Lu|88/100|[from] Spikes
|-damage|p1a: Ting-Lu|81/100|[from] Stealth Rock
|-ability|p1a: Ting-Lu|Vessel of Ruin
|turn|30
|
|t:|1781301804
|move|p2a: Sage Harpuia|Moonblast|p1a: Ting-Lu
|-supereffective|p1a: Ting-Lu
|-damage|p1a: Ting-Lu|43/100
|move|p1a: Ting-Lu|Whirlwind|p2a: Sage Harpuia
|-end|p2a: Sage Harpuia|Quark Drive|[silent]
|drag|p2a: Talonflame|Talonflame, F|67/100
|-damage|p2a: Talonflame|17/100|[from] Stealth Rock
|
|-heal|p1a: Ting-Lu|49/100|[from] item: Leftovers
|upkeep
|turn|31
|
|t:|1781301821
|move|p2a: Talonflame|Roost|p2a: Talonflame
|-heal|p2a: Talonflame|67/100
|-singleturn|p2a: Talonflame|move: Roost
|move|p1a: Ting-Lu|Whirlwind|p2a: Talonflame
|drag|p2a: Redips|Klefki, M|34/100
|-damage|p2a: Redips|28/100|[from] Stealth Rock
|
|-heal|p1a: Ting-Lu|55/100|[from] item: Leftovers
|upkeep
|turn|32
|
|t:|1781301836
|move|p2a: Redips|Dazzling Gleam|p1a: Ting-Lu
|-supereffective|p1a: Ting-Lu
|-damage|p1a: Ting-Lu|35/100
|move|p1a: Ting-Lu|Heavy Slam|p2a: Redips
|-crit|p2a: Redips
|-damage|p2a: Redips|0 fnt
|faint|p2a: Redips
|
|-heal|p1a: Ting-Lu|41/100|[from] item: Leftovers
|upkeep
|
|t:|1781301844
|switch|p2a: Sage Harpuia|Iron Valiant, tera:Steel|44/100
|-damage|p2a: Sage Harpuia|38/100|[from] Stealth Rock
|turn|33
|
|t:|1781301862
|move|p2a: Sage Harpuia|Close Combat|p1a: Ting-Lu
|-supereffective|p1a: Ting-Lu
|-damage|p1a: Ting-Lu|0 fnt
|-unboost|p2a: Sage Harpuia|def|1
|-unboost|p2a: Sage Harpuia|spd|1
|faint|p1a: Ting-Lu
|
|upkeep
|
|t:|1781301873
|switch|p1a: Rillaboom|Rillaboom, F|41/100 brn
|-damage|p1a: Rillaboom|29/100 brn|[from] Spikes
|-damage|p1a: Rillaboom|16/100 brn|[from] Stealth Rock
|-fieldstart|move: Grassy Terrain|[from] ability: Grassy Surge|[of] p1a: Rillaboom
|turn|34
|
|t:|1781301877
|move|p1a: Rillaboom|Grassy Glide|p2a: Sage Harpuia
|-resisted|p2a: Sage Harpuia
|-damage|p2a: Sage Harpuia|9/100
|move|p2a: Sage Harpuia|Moonblast|p1a: Rillaboom
|-damage|p1a: Rillaboom|0 fnt
|faint|p1a: Rillaboom
|
|-heal|p2a: Sage Harpuia|16/100|[from] Grassy Terrain
|upkeep
|
|t:|1781301879
|switch|p1a: Great Tusk|Great Tusk|24/100
|turn|35
|
|t:|1781301882
|move|p2a: Sage Harpuia|Moonblast|p1a: Great Tusk
|-supereffective|p1a: Great Tusk
|-damage|p1a: Great Tusk|0 fnt
|faint|p1a: Great Tusk
|-end|p1a: Great Tusk|Protosynthesis|[silent]
|
|win|Acastillo631
|raw|Igoodnamename's rating: 1704 &rarr; <strong>1678</strong><br />(-26 for losing)
|raw|Acastillo631's rating: 1597 &rarr; <strong>1623</strong><br />(+26 for winning)
|l|☆Igoodnamename
|player|p1|
|l|☆Acastillo631
|player|p2|
|l| waterninja135
