|j|☆Nikocado Allahcado
|j|☆fleep vs floop
|t:|1781376745
|gametype|singles
|player|p1|Nikocado Allahcado|hiker-gen4|1611
|player|p2|fleep vs floop|2|1625
|gen|9
|tier|[Gen 9] OU
|rated|
|rule|HP Percentage Mod: HP is shown in percentages
|rule|Endless Battle Clause: Forcing endless battles is banned
|rule|Species Clause: Limit one of each Pokémon
|rule|OHKO Clause: OHKO moves are banned
|rule|Evasion Items Clause: Evasion items are banned
|rule|Evasion Moves Clause: Evasion moves are banned
|rule|Evasion Abilities Clause: Evasion abilities are banned
|rule|Sleep Moves Clause: Sleep-inducing moves are banned
|clearpoke
|poke|p1|Pecharunt|
|poke|p1|Cloyster, M|
|poke|p1|Deoxys-Speed|
|poke|p1|Samurott-Hisui, M|
|poke|p1|Darkrai|
|poke|p1|Ceruledge, M|
|poke|p2|Slowking-Galar, F|
|poke|p2|Chesnaught, F|
|poke|p2|Kyurem|
|poke|p2|Samurott-Hisui, F|
|poke|p2|Zapdos|
|poke|p2|Iron Treads|
|teampreview
|
|t:|1781376749
|teamsize|p1|6
|teamsize|p2|6
|start
|switch|p1a: Samurott|Samurott-Hisui, M|100/100
|switch|p2a: Samurott|Samurott-Hisui, F|100/100
|turn|1
|
|t:|1781376752
|move|p1a: Samurott|Ceaseless Edge|p2a: Samurott|[miss]
|-miss|p1a: Samurott|p2a: Samurott
|move|p2a: Samurott|Ceaseless Edge|p1a: Samurott
|-resisted|p1a: Samurott
|-damage|p1a: Samurott|71/100
|-sidestart|p1: Nikocado Allahcado|Spikes
|
|upkeep
|turn|2
|
|t:|1781376757
|move|p1a: Samurott|Ceaseless Edge|p2a: Samurott
|-resisted|p2a: Samurott
|-damage|p2a: Samurott|71/100
|-sidestart|p2: fleep vs floop|Spikes
|move|p2a: Samurott|Ceaseless Edge|p1a: Samurott
|-resisted|p1a: Samurott
|-damage|p1a: Samurott|40/100
|-sidestart|p1: Nikocado Allahcado|Spikes
|
|upkeep
|turn|3
|
|t:|1781376759
|move|p1a: Samurott|Ceaseless Edge|p2a: Samurott
|-resisted|p2a: Samurott
|-damage|p2a: Samurott|43/100
|-sidestart|p2: fleep vs floop|Spikes
|move|p2a: Samurott|Ceaseless Edge|p1a: Samurott
|-resisted|p1a: Samurott
|-damage|p1a: Samurott|7/100
|-sidestart|p1: Nikocado Allahcado|Spikes
|
|upkeep
|turn|4
|inactive|Battle timer is ON: inactive players will automatically lose when time's up. (requested by fleep vs floop)
|
|t:|1781376763
|switch|p2a: Chesnaught|Chesnaught, F|100/100
|-damage|p2a: Chesnaught|84/100|[from] Spikes
|move|p1a: Samurott|Encore||[still]
|-fail|p1a: Samurott
|
|upkeep
|turn|5
|
|t:|1781376769
|move|p1a: Samurott|Ceaseless Edge|p2a: Chesnaught
|-resisted|p2a: Chesnaught
|-damage|p2a: Chesnaught|72/100
|-damage|p1a: Samurott|0 fnt|[from] item: Rocky Helmet|[of] p2a: Chesnaught
|faint|p1a: Samurott
|move|p2a: Chesnaught|Synthesis|p2a: Chesnaught
|-heal|p2a: Chesnaught|100/100
|
|upkeep
|
|t:|1781376772
|switch|p1a: Pecharunt|Pecharunt|100/100
|-item|p1a: Pecharunt|Air Balloon
|turn|6
|
|t:|1781376776
|switch|p2a: Iron Treads|Iron Treads|100/100
|-damage|p2a: Iron Treads|84/100|[from] Spikes
|move|p1a: Pecharunt|Nasty Plot|p1a: Pecharunt
|-boost|p1a: Pecharunt|spa|2
|
|-heal|p2a: Iron Treads|90/100|[from] item: Leftovers
|upkeep
|turn|7
|
|t:|1781376778
|move|p2a: Iron Treads|Knock Off|p1a: Pecharunt
|-supereffective|p1a: Pecharunt
|-damage|p1a: Pecharunt|55/100
|-enditem|p1a: Pecharunt|Air Balloon
|move|p1a: Pecharunt|Shadow Ball|p2a: Iron Treads
|-damage|p2a: Iron Treads|0 fnt
|faint|p2a: Iron Treads
|-end|p2a: Iron Treads|Quark Drive|[silent]
|
|upkeep
|
|t:|1781376783
|switch|p2a: Samurott|Samurott-Hisui, F|43/100
|turn|8
|
|t:|1781376786
|move|p1a: Pecharunt|Malignant Chain|p2a: Samurott
|-damage|p2a: Samurott|0 fnt
|faint|p2a: Samurott
|
|upkeep
|
|t:|1781376789
|switch|p2a: Kyurem|Kyurem|100/100
|-ability|p2a: Kyurem|Pressure
|turn|9
|
|t:|1781376792
|move|p2a: Kyurem|Earth Power|p1a: Pecharunt
|-supereffective|p1a: Pecharunt
|-damage|p1a: Pecharunt|0 fnt
|faint|p1a: Pecharunt
|
|upkeep
|
|t:|1781376799
|switch|p1a: Deoxys|Deoxys-Speed|100/100
|-damage|p1a: Deoxys|76/100|[from] Spikes
|-ability|p1a: Deoxys|Pressure
|turn|10
|
|t:|1781376802
|switch|p2a: Slowking|Slowking-Galar, F|100/100
|move|p1a: Deoxys|Light Screen|p1a: Deoxys
|-sidestart|p1: Nikocado Allahcado|move: Light Screen
|
|upkeep
|turn|11
|
|t:|1781376804
|move|p1a: Deoxys|Taunt|p2a: Slowking
|-start|p2a: Slowking|move: Taunt
|move|p2a: Slowking|Future Sight|p1a: Deoxys
|-start|p2a: Slowking|move: Future Sight
|
|upkeep
|turn|12
|
|t:|1781376808
|move|p1a: Deoxys|Reflect|p1a: Deoxys
|-sidestart|p1: Nikocado Allahcado|Reflect
|move|p2a: Slowking|Sludge Bomb|p1a: Deoxys
|-damage|p1a: Deoxys|53/100
|
|upkeep
|turn|13
|
|t:|1781376811
|switch|p1a: Darkrai|Darkrai|100/100
|-damage|p1a: Darkrai|76/100|[from] Spikes
|move|p2a: Slowking|Sludge Bomb|p1a: Darkrai
|-crit|p1a: Darkrai
|-damage|p1a: Darkrai|3/100
|-status|p1a: Darkrai|psn
|
|-end|p1a: Darkrai|move: Future Sight
|-immune|p1a: Darkrai
|-damage|p1a: Darkrai|0 fnt|[from] psn
|faint|p1a: Darkrai
|-end|p2a: Slowking|move: Taunt
|upkeep
|
|t:|1781376815
|switch|p1a: Ceruledge|Ceruledge, M|100/100
|-damage|p1a: Ceruledge|76/100|[from] Spikes
|turn|14
|
|t:|1781376822
|switch|p2a: Zapdos|Zapdos|100/100
|move|p1a: Ceruledge|Swords Dance|p1a: Ceruledge
|-boost|p1a: Ceruledge|atk|2
|
|upkeep
|turn|15
|
|t:|1781376827
|move|p1a: Ceruledge|Bitter Blade|p2a: Zapdos
|-damage|p2a: Zapdos|10/100
|-heal|p1a: Ceruledge|100/100|[from] drain|[of] p2a: Zapdos
|-status|p1a: Ceruledge|par|[from] ability: Static|[of] p2a: Zapdos
|-damage|p1a: Ceruledge|91/100 par|[from] item: Life Orb
|move|p2a: Zapdos|Hurricane|p1a: Ceruledge
|-damage|p1a: Ceruledge|64/100 par
|
|upkeep
|turn|16
|
|t:|1781376836
|cant|p1a: Ceruledge|par
|move|p2a: Zapdos|Hurricane|p1a: Ceruledge|[miss]
|-miss|p2a: Zapdos|p1a: Ceruledge
|
|upkeep
|turn|17
|
|t:|1781376842
|move|p2a: Zapdos|Hurricane|p1a: Ceruledge
|-damage|p1a: Ceruledge|37/100 par
|move|p1a: Ceruledge|Bitter Blade|p2a: Zapdos
|-damage|p2a: Zapdos|0 fnt
|-heal|p1a: Ceruledge|43/100 par|[from] drain|[of] p2a: Zapdos
|faint|p2a: Zapdos
|-damage|p1a: Ceruledge|33/100 par|[from] item: Life Orb
|
|-sideend|p1: Nikocado Allahcado|move: Light Screen
|upkeep
|
|t:|1781376848
|switch|p2a: Kyurem|Kyurem|100/100
|-ability|p2a: Kyurem|Pressure
|turn|18
|
|t:|1781376849
|cant|p1a: Ceruledge|par
|move|p2a: Kyurem|Earth Power|p1a: Ceruledge
|-supereffective|p1a: Ceruledge
|-damage|p1a: Ceruledge|0 fnt
|faint|p1a: Ceruledge
|
|upkeep
|
|t:|1781376851
|switch|p1a: Deoxys|Deoxys-Speed|53/100
|-damage|p1a: Deoxys|29/100|[from] Spikes
|-ability|p1a: Deoxys|Pressure
|turn|19
|
|t:|1781376858
|move|p1a: Deoxys|Light Screen|p1a: Deoxys
|-sidestart|p1: Nikocado Allahcado|move: Light Screen
|move|p2a: Kyurem|Earth Power|p1a: Deoxys
|-damage|p1a: Deoxys|8/100
|
|-sideend|p1: Nikocado Allahcado|Reflect
|upkeep
|turn|20
|
|t:|1781376862
|switch|p2a: Slowking|Slowking-Galar, F|100/100
|move|p1a: Deoxys|Reflect|p1a: Deoxys
|-sidestart|p1: Nikocado Allahcado|Reflect
|
|upkeep
|turn|21
|
|t:|1781376865
|move|p1a: Deoxys|Psycho Boost|p2a: Slowking
|-damage|p2a: Slowking|74/100
|-unboost|p1a: Deoxys|spa|2
|move|p2a: Slowking|Future Sight|p1a: Deoxys
|-start|p2a: Slowking|move: Future Sight
|
|upkeep
|turn|22
|
|t:|1781376877
|move|p1a: Deoxys|Taunt|p2a: Slowking
|-start|p2a: Slowking|move: Taunt
|move|p2a: Slowking|Sludge Bomb|p1a: Deoxys
|-damage|p1a: Deoxys|0 fnt
|faint|p1a: Deoxys
|
|upkeep
|
|t:|1781376879
|switch|p1a: Cloyster|Cloyster, M|100/100
|-damage|p1a: Cloyster|76/100|[from] Spikes
|turn|23
|
|t:|1781376887
|move|p1a: Cloyster|Icicle Spear|p2a: Slowking
|-damage|p2a: Slowking|61/100
|-damage|p2a: Slowking|47/100
|-damage|p2a: Slowking|34/100
|-damage|p2a: Slowking|20/100
|-damage|p2a: Slowking|6/100
|-hitcount|p2a: Slowking|5
|move|p2a: Slowking|Sludge Bomb|p1a: Cloyster
|-damage|p1a: Cloyster|30/100
|
|-end|p1a: Cloyster|move: Future Sight
|-damage|p1a: Cloyster|0 fnt
|faint|p1a: Cloyster
|
|win|fleep vs floop
|raw|Nikocado Allahcado's rating: 1611 &rarr; <strong>1592</strong><br />(-19 for losing)
|raw|fleep vs floop's rating: 1625 &rarr; <strong>1644</strong><br />(+19 for winning)
|l|☆Nikocado Allahcado
|player|p1|
|l|☆fleep vs floop
|player|p2|
