|j|☆KurisuChestnutLab
|j|☆InfinityPokeRang3r
|t:|1781125274
|gametype|singles
|player|p1|KurisuChestnutLab|may-contest|1553
|player|p2|InfinityPokeRang3r|ingo|1531
|gen|9
|tier|[Gen 9] OU
|rated|
|rule|HP Percentage Mod: HP is shown in percentages
|rule|Endless Battle Clause: Forcing endless battles is banned
|rule|Species Clause: Limit one of each Pokémon
|rule|OHKO Clause: OHKO moves are banned
|rule|Evasion Items Clause: Evasion items are banned
|rule|Evasion Moves Clause: Evasion moves are banned
|rule|Evasion Abilities Clause: Evasion abilities are banned
|rule|Sleep Moves Clause: Sleep-inducing moves are banned
|clearpoke
|poke|p1|Primarina, M|
|poke|p1|Hippowdon, M|
|poke|p1|Skarmory, F|
|poke|p1|Zapdos|
|poke|p1|Dragonite, F|
|poke|p1|Slowking, M|
|poke|p2|Glimmora, F|
|poke|p2|Zapdos-Galar|
|poke|p2|Kyurem|
|poke|p2|Araquanid, M|
|poke|p2|Iron Treads|
|poke|p2|Sinistcha-Masterpiece|
|teampreview
|inactive|Battle timer is ON: inactive players will automatically lose when time's up. (requested by KurisuChestnutLab)
|
|t:|1781125284
|teamsize|p1|6
|teamsize|p2|6
|start
|switch|p1a: Zapdos|Zapdos|100/100
|switch|p2a: Glimmora|Glimmora, F|100/100
|turn|1
|
|t:|1781125291
|move|p2a: Glimmora|Power Gem|p1a: Zapdos
|-supereffective|p1a: Zapdos
|-damage|p1a: Zapdos|39/100
|move|p1a: Zapdos|Volt Switch|p2a: Glimmora
|-damage|p2a: Glimmora|67/100
|
|t:|1781125295
|switch|p1a: Primarina|Primarina, M|100/100|[from] Volt Switch
|
|upkeep
|turn|2
|
|t:|1781125302
|move|p2a: Glimmora|Mortal Spin|p1a: Primarina
|-supereffective|p1a: Primarina
|-damage|p1a: Primarina|84/100
|-status|p1a: Primarina|psn
|move|p1a: Primarina|Psychic|p2a: Glimmora
|-supereffective|p2a: Glimmora
|-damage|p2a: Glimmora|0 fnt
|faint|p2a: Glimmora
|
|-damage|p1a: Primarina|72/100 psn|[from] psn
|upkeep
|j| Arvayne
|
|t:|1781125314
|switch|p2a: Kyurem|Kyurem|100/100
|-ability|p2a: Kyurem|Pressure
|turn|3
|
|t:|1781125322
|move|p2a: Kyurem|Freeze-Dry|p1a: Primarina
|-supereffective|p1a: Primarina
|-damage|p1a: Primarina|12/100 psn
|move|p1a: Primarina|Moonblast|p2a: Kyurem
|-supereffective|p2a: Kyurem
|-damage|p2a: Kyurem|1/100
|
|-damage|p1a: Primarina|0 fnt|[from] psn
|faint|p1a: Primarina
|upkeep
|
|t:|1781125326
|switch|p1a: Dragonite|Dragonite, F|100/100
|turn|4
|
|t:|1781125332
|switch|p2a: Sinistcha|Sinistcha-Masterpiece|100/100
|move|p1a: Dragonite|Extreme Speed|p2a: Sinistcha
|-immune|p2a: Sinistcha
|
|upkeep
|turn|5
|
|t:|1781125339
|move|p1a: Dragonite|Dragon Dance|p1a: Dragonite
|-boost|p1a: Dragonite|atk|1
|-boost|p1a: Dragonite|spe|1
|move|p2a: Sinistcha|Calm Mind|p2a: Sinistcha
|-boost|p2a: Sinistcha|spa|1
|-boost|p2a: Sinistcha|spd|1
|
|upkeep
|turn|6
|
|t:|1781125346
|move|p1a: Dragonite|Dragon Dance|p1a: Dragonite
|-boost|p1a: Dragonite|atk|1
|-boost|p1a: Dragonite|spe|1
|move|p2a: Sinistcha|Strength Sap|p1a: Dragonite
|-unboost|p1a: Dragonite|atk|1
|
|upkeep
|turn|7
|
|t:|1781125353
|move|p1a: Dragonite|Dragon Dance|p1a: Dragonite
|-boost|p1a: Dragonite|atk|1
|-boost|p1a: Dragonite|spe|1
|move|p2a: Sinistcha|Matcha Gotcha|p1a: Dragonite
|-resisted|p1a: Dragonite
|-damage|p1a: Dragonite|94/100
|
|upkeep
|turn|8
|
|t:|1781125360
|move|p1a: Dragonite|Roost|p1a: Dragonite
|-heal|p1a: Dragonite|100/100
|-singleturn|p1a: Dragonite|move: Roost
|move|p2a: Sinistcha|Strength Sap|p1a: Dragonite
|-unboost|p1a: Dragonite|atk|1
|
|upkeep
|turn|9
|
|t:|1781125365
|move|p1a: Dragonite|Dragon Dance|p1a: Dragonite
|-boost|p1a: Dragonite|atk|1
|-boost|p1a: Dragonite|spe|1
|move|p2a: Sinistcha|Matcha Gotcha|p1a: Dragonite
|-resisted|p1a: Dragonite
|-damage|p1a: Dragonite|93/100
|-status|p1a: Dragonite|brn
|
|-damage|p1a: Dragonite|87/100 brn|[from] brn
|upkeep
|turn|10
|
|t:|1781125373
|move|p1a: Dragonite|Dragon Dance|p1a: Dragonite
|-boost|p1a: Dragonite|atk|1
|-boost|p1a: Dragonite|spe|1
|move|p2a: Sinistcha|Strength Sap|p1a: Dragonite
|-unboost|p1a: Dragonite|atk|1
|
|-damage|p1a: Dragonite|81/100 brn|[from] brn
|upkeep
|turn|11
|
|t:|1781125378
|move|p1a: Dragonite|Dragon Dance|p1a: Dragonite
|-boost|p1a: Dragonite|atk|1
|-boost|p1a: Dragonite|spe|1
|move|p2a: Sinistcha|Calm Mind|p2a: Sinistcha
|-boost|p2a: Sinistcha|spa|1
|-boost|p2a: Sinistcha|spd|1
|
|-damage|p1a: Dragonite|75/100 brn|[from] brn
|upkeep
|turn|12
|
|t:|1781125382
|move|p1a: Dragonite|Dragon Dance|p1a: Dragonite
|-boost|p1a: Dragonite|atk|1
|-boost|p1a: Dragonite|spe|0
|move|p2a: Sinistcha|Strength Sap|p1a: Dragonite
|-unboost|p1a: Dragonite|atk|1
|
|-damage|p1a: Dragonite|69/100 brn|[from] brn
|upkeep
|turn|13
|
|t:|1781125388
|move|p1a: Dragonite|Roost|p1a: Dragonite
|-heal|p1a: Dragonite|100/100 brn
|-singleturn|p1a: Dragonite|move: Roost
|move|p2a: Sinistcha|Hex|p1a: Dragonite
|-damage|p1a: Dragonite|43/100 brn
|
|-damage|p1a: Dragonite|37/100 brn|[from] brn
|upkeep
|turn|14
|
|t:|1781125393
|move|p1a: Dragonite|Roost|p1a: Dragonite
|-heal|p1a: Dragonite|87/100 brn
|-singleturn|p1a: Dragonite|move: Roost
|move|p2a: Sinistcha|Hex|p1a: Dragonite
|-damage|p1a: Dragonite|0 fnt
|faint|p1a: Dragonite
|
|upkeep
|
|t:|1781125400
|switch|p1a: Hippowdon|Hippowdon, M|100/100
|-weather|Sandstorm|[from] ability: Sand Stream|[of] p1a: Hippowdon
|turn|15
|
|t:|1781125403
|-terastallize|p1a: Hippowdon|Steel
|move|p2a: Sinistcha|Matcha Gotcha|p1a: Hippowdon
|-resisted|p1a: Hippowdon
|-damage|p1a: Hippowdon|60/100
|move|p1a: Hippowdon|Whirlwind|p2a: Sinistcha
|drag|p2a: Araquanid|Araquanid, M|100/100
|
|-weather|Sandstorm|[upkeep]
|-damage|p2a: Araquanid|94/100|[from] Sandstorm
|-heal|p1a: Hippowdon|67/100|[from] item: Leftovers
|upkeep
|turn|16
|
|t:|1781125414
|move|p1a: Hippowdon|Stealth Rock|p2a: Araquanid
|-sidestart|p2: InfinityPokeRang3r|move: Stealth Rock
|move|p2a: Araquanid|Liquidation|p1a: Hippowdon
|-damage|p1a: Hippowdon|32/100
|-unboost|p1a: Hippowdon|def|1
|
|-weather|Sandstorm|[upkeep]
|-damage|p2a: Araquanid|88/100|[from] Sandstorm
|-heal|p1a: Hippowdon|39/100|[from] item: Leftovers
|upkeep
|turn|17
|
|t:|1781125421
|move|p1a: Hippowdon|Slack Off|p1a: Hippowdon
|-heal|p1a: Hippowdon|89/100
|move|p2a: Araquanid|Liquidation|p1a: Hippowdon
|-damage|p1a: Hippowdon|38/100
|-unboost|p1a: Hippowdon|def|1
|
|-weather|Sandstorm|[upkeep]
|-damage|p2a: Araquanid|82/100|[from] Sandstorm
|-heal|p1a: Hippowdon|45/100|[from] item: Leftovers
|upkeep
|turn|18
|
|t:|1781125426
|move|p1a: Hippowdon|Earthquake|p2a: Araquanid
|-resisted|p2a: Araquanid
|-damage|p2a: Araquanid|62/100
|move|p2a: Araquanid|Liquidation|p1a: Hippowdon
|-damage|p1a: Hippowdon|0 fnt
|faint|p1a: Hippowdon
|
|-weather|Sandstorm|[upkeep]
|-damage|p2a: Araquanid|55/100|[from] Sandstorm
|upkeep
|
|t:|1781125430
|switch|p1a: Zapdos|Zapdos|39/100
|turn|19
|
|t:|1781125438
|move|p1a: Zapdos|Roost|p1a: Zapdos
|-heal|p1a: Zapdos|89/100
|-singleturn|p1a: Zapdos|move: Roost
|move|p2a: Araquanid|Liquidation|p1a: Zapdos
|-damage|p1a: Zapdos|43/100
|
|-weather|none
|upkeep
|turn|20
|
|t:|1781125444
|move|p1a: Zapdos|Roost|p1a: Zapdos
|-heal|p1a: Zapdos|93/100
|-singleturn|p1a: Zapdos|move: Roost
|move|p2a: Araquanid|Liquidation|p1a: Zapdos
|-damage|p1a: Zapdos|49/100
|-unboost|p1a: Zapdos|def|1
|
|upkeep
|turn|21
|-activate|p2a: Araquanid|item: Quick Claw
|
|t:|1781125449
|move|p2a: Araquanid|Liquidation|p1a: Zapdos
|-damage|p1a: Zapdos|0 fnt
|faint|p1a: Zapdos
|
|upkeep
|
|t:|1781125454
|switch|p1a: Skarmory|Skarmory, F|100/100
|turn|22
|-activate|p2a: Araquanid|item: Quick Claw
|
|t:|1781125461
|move|p2a: Araquanid|Sticky Web|p1a: Skarmory
|-sidestart|p1: KurisuChestnutLab|move: Sticky Web
|move|p1a: Skarmory|Spikes|p2a: Araquanid
|-sidestart|p2: InfinityPokeRang3r|Spikes
|
|upkeep
|turn|23
|
|t:|1781125467
|move|p1a: Skarmory|Spikes|p2a: Araquanid
|-sidestart|p2: InfinityPokeRang3r|Spikes
|move|p2a: Araquanid|Liquidation|p1a: Skarmory
|-damage|p1a: Skarmory|61/100
|
|-heal|p1a: Skarmory|67/100|[from] item: Leftovers
|upkeep
|turn|24
|
|t:|1781125474
|move|p1a: Skarmory|Body Press|p2a: Araquanid
|-resisted|p2a: Araquanid
|-damage|p2a: Araquanid|37/100
|move|p2a: Araquanid|Liquidation|p1a: Skarmory
|-damage|p1a: Skarmory|26/100
|
|-heal|p1a: Skarmory|32/100|[from] item: Leftovers
|upkeep
|turn|25
|
|t:|1781125481
|move|p1a: Skarmory|Roost|p1a: Skarmory
|-heal|p1a: Skarmory|82/100
|-singleturn|p1a: Skarmory|move: Roost
|move|p2a: Araquanid|Liquidation|p1a: Skarmory
|-damage|p1a: Skarmory|42/100
|
|-heal|p1a: Skarmory|48/100|[from] item: Leftovers
|upkeep
|turn|26
|
|t:|1781125488
|move|p1a: Skarmory|Roost|p1a: Skarmory
|-heal|p1a: Skarmory|98/100
|-singleturn|p1a: Skarmory|move: Roost
|move|p2a: Araquanid|Liquidation|p1a: Skarmory
|-damage|p1a: Skarmory|59/100
|
|-heal|p1a: Skarmory|65/100|[from] item: Leftovers
|upkeep
|turn|27
|
|t:|1781125492
|move|p1a: Skarmory|Spikes|p2a: Araquanid
|-sidestart|p2: InfinityPokeRang3r|Spikes
|move|p2a: Araquanid|Liquidation|p1a: Skarmory
|-damage|p1a: Skarmory|29/100
|
|-heal|p1a: Skarmory|35/100|[from] item: Leftovers
|upkeep
|turn|28
|
|t:|1781125497
|move|p1a: Skarmory|Roost|p1a: Skarmory
|-heal|p1a: Skarmory|85/100
|-singleturn|p1a: Skarmory|move: Roost
|move|p2a: Araquanid|Liquidation|p1a: Skarmory
|-damage|p1a: Skarmory|45/100
|
|-heal|p1a: Skarmory|50/100|[from] item: Leftovers
|upkeep
|turn|29
|
|t:|1781125505
|move|p1a: Skarmory|Roost|p1a: Skarmory
|-heal|p1a: Skarmory|100/100
|-singleturn|p1a: Skarmory|move: Roost
|move|p2a: Araquanid|Liquidation|p1a: Skarmory
|-damage|p1a: Skarmory|60/100
|
|-heal|p1a: Skarmory|66/100|[from] item: Leftovers
|upkeep
|turn|30
|
|t:|1781125515
|move|p1a: Skarmory|Iron Head|p2a: Araquanid
|-resisted|p2a: Araquanid
|-damage|p2a: Araquanid|26/100
|cant|p2a: Araquanid|flinch
|
|-heal|p1a: Skarmory|72/100|[from] item: Leftovers
|upkeep
|turn|31
|
|t:|1781125524
|move|p1a: Skarmory|Iron Head|p2a: Araquanid
|-resisted|p2a: Araquanid
|-damage|p2a: Araquanid|12/100
|move|p2a: Araquanid|Liquidation|p1a: Skarmory
|-damage|p1a: Skarmory|32/100
|
|-heal|p1a: Skarmory|38/100|[from] item: Leftovers
|upkeep
|turn|32
|-activate|p2a: Araquanid|item: Quick Claw
|
|t:|1781125529
|move|p2a: Araquanid|Liquidation|p1a: Skarmory
|-damage|p1a: Skarmory|0 fnt
|faint|p1a: Skarmory
|
|upkeep
|
|t:|1781125535
|switch|p1a: Slowking|Slowking, M|100/100
|turn|33
|
|t:|1781125540
|move|p2a: Araquanid|Leech Life|p1a: Slowking
|-supereffective|p1a: Slowking
|-damage|p1a: Slowking|33/100
|-heal|p2a: Araquanid|52/100|[from] drain|[of] p1a: Slowking
|move|p1a: Slowking|Scald|p2a: Araquanid
|-resisted|p2a: Araquanid
|-damage|p2a: Araquanid|41/100
|
|upkeep
|turn|34
|
|t:|1781125546
|move|p2a: Araquanid|Leech Life|p1a: Slowking
|-supereffective|p1a: Slowking
|-damage|p1a: Slowking|0 fnt
|-heal|p2a: Araquanid|60/100|[from] drain|[of] p1a: Slowking
|faint|p1a: Slowking
|
|win|InfinityPokeRang3r
|raw|KurisuChestnutLab's rating: 1535 &rarr; <strong>1515</strong><br />(-20 for losing)
|raw|InfinityPokeRang3r's rating: 1531 &rarr; <strong>1551</strong><br />(+20 for winning)
