|j|☆bongzongweedluvr
|j|☆Boxed by Po
|t:|1781325724
|gametype|singles
|player|p1|bongzongweedluvr|102|1661
|player|p2|Boxed by Po|firebreather|1648
|gen|9
|tier|[Gen 9] OU
|rated|
|rule|HP Percentage Mod: HP is shown in percentages
|rule|Endless Battle Clause: Forcing endless battles is banned
|rule|Species Clause: Limit one of each Pokémon
|rule|OHKO Clause: OHKO moves are banned
|rule|Evasion Items Clause: Evasion items are banned
|rule|Evasion Moves Clause: Evasion moves are banned
|rule|Evasion Abilities Clause: Evasion abilities are banned
|rule|Sleep Moves Clause: Sleep-inducing moves are banned
|clearpoke
|poke|p1|Greninja-*, M|
|poke|p1|Glimmora, M|
|poke|p1|Garchomp, F|
|poke|p1|Iron Valiant|
|poke|p1|Ceruledge, M|
|poke|p1|Kingambit, F|
|poke|p2|Cinderace, M|
|poke|p2|Kyurem|
|poke|p2|Ting-Lu|
|poke|p2|Latias, F|
|poke|p2|Kingambit, M|
|poke|p2|Corviknight, F|
|teampreview
|inactive|Battle timer is ON: inactive players will automatically lose when time's up. (requested by bongzongweedluvr)
|
|t:|1781325738
|teamsize|p1|6
|teamsize|p2|6
|start
|switch|p1a: Iron Valiant|Iron Valiant|100/100
|switch|p2a: Tingle|Ting-Lu, shiny|100/100
|-ability|p2a: Tingle|Vessel of Ruin
|-enditem|p1a: Iron Valiant|Booster Energy
|-activate|p1a: Iron Valiant|ability: Quark Drive|[fromitem]
|-start|p1a: Iron Valiant|quarkdrivespe
|turn|1
|
|t:|1781325743
|move|p1a: Iron Valiant|Moonblast|p2a: Tingle
|-supereffective|p2a: Tingle
|-damage|p2a: Tingle|45/100
|-unboost|p2a: Tingle|spa|1
|-enditem|p2a: Tingle|Weakness Policy
|-boost|p2a: Tingle|atk|2|[from] item: Weakness Policy
|-boost|p2a: Tingle|spa|2|[from] item: Weakness Policy
|move|p2a: Tingle|Heavy Slam|p1a: Iron Valiant
|-supereffective|p1a: Iron Valiant
|-damage|p1a: Iron Valiant|0 fnt
|faint|p1a: Iron Valiant
|-end|p1a: Iron Valiant|Quark Drive|[silent]
|
|upkeep
|
|t:|1781325750
|switch|p1a: Greninja|Greninja, M|100/100
|turn|2
|
|t:|1781325752
|move|p1a: Greninja|Surf|p2a: Tingle
|-supereffective|p2a: Tingle
|-damage|p2a: Tingle|0 fnt
|faint|p2a: Tingle
|-ability|p1a: Greninja|Battle Bond|boost
|-boost|p1a: Greninja|atk|1
|-boost|p1a: Greninja|spa|1
|-boost|p1a: Greninja|spe|1
|-activate|p1a: Greninja|ability: Battle Bond
|
|upkeep
|
|t:|1781325760
|switch|p2a: cure him|Kyurem|100/100
|-ability|p2a: cure him|Pressure
|turn|3
|
|t:|1781325765
|move|p1a: Greninja|Dark Pulse|p2a: cure him
|-damage|p2a: cure him|48/100
|cant|p2a: cure him|flinch
|
|upkeep
|turn|4
|
|t:|1781325780
|switch|p2a: Apple bottom jeans|Cinderace, M|100/100
|move|p1a: Greninja|Dark Pulse|p2a: Apple bottom jeans
|-damage|p2a: Apple bottom jeans|29/100
|
|upkeep
|turn|5
|
|t:|1781325784
|move|p1a: Greninja|Water Shuriken|p2a: Apple bottom jeans
|-supereffective|p2a: Apple bottom jeans
|-damage|p2a: Apple bottom jeans|0 fnt
|faint|p2a: Apple bottom jeans
|-hitcount|p2: Apple bottom jeans|1
|
|upkeep
|
|t:|1781325796
|switch|p2a: Kingamble|Kingambit, M, shiny|100/100
|-activate|p2a: Kingamble|ability: Supreme Overlord
|-start|p2a: Kingamble|fallen2|[silent]
|turn|6
|
|t:|1781325800
|move|p1a: Greninja|Surf|p2a: Kingamble
|-damage|p2a: Kingamble|27/100
|move|p2a: Kingamble|Brick Break|p1a: Greninja
|-supereffective|p1a: Greninja
|-damage|p1a: Greninja|0 fnt
|faint|p1a: Greninja
|
|upkeep
|
|t:|1781325811
|switch|p1a: Garchomp|Garchomp, F|100/100
|turn|7
|
|t:|1781325815
|-end|p2a: Kingamble|fallen2|[silent]
|switch|p2a: Corviknight|Corviknight, F, shiny|100/100
|-ability|p2a: Corviknight|Pressure
|move|p1a: Garchomp|Scale Shot|p2a: Corviknight
|-resisted|p2a: Corviknight
|-damage|p2a: Corviknight|94/100
|-resisted|p2a: Corviknight
|-damage|p2a: Corviknight|88/100
|-resisted|p2a: Corviknight
|-damage|p2a: Corviknight|82/100
|-resisted|p2a: Corviknight
|-damage|p2a: Corviknight|76/100
|-resisted|p2a: Corviknight
|-damage|p2a: Corviknight|70/100
|-hitcount|p2a: Corviknight|5
|-unboost|p1a: Garchomp|def|1
|-boost|p1a: Garchomp|spe|1
|
|-heal|p2a: Corviknight|76/100|[from] item: Leftovers
|upkeep
|turn|8
|
|t:|1781325819
|move|p1a: Garchomp|Swords Dance|p1a: Garchomp
|-boost|p1a: Garchomp|atk|2
|move|p2a: Corviknight|Bulk Up|p2a: Corviknight
|-boost|p2a: Corviknight|atk|1
|-boost|p2a: Corviknight|def|1
|
|-heal|p2a: Corviknight|83/100|[from] item: Leftovers
|upkeep
|turn|9
|
|t:|1781325834
|move|p1a: Garchomp|Fire Fang|p2a: Corviknight
|-supereffective|p2a: Corviknight
|-damage|p2a: Corviknight|30/100
|move|p2a: Corviknight|Bulk Up|p2a: Corviknight
|-boost|p2a: Corviknight|atk|1
|-boost|p2a: Corviknight|def|1
|
|-heal|p2a: Corviknight|36/100|[from] item: Leftovers
|upkeep
|turn|10
|
|t:|1781325838
|-terastallize|p2a: Corviknight|Fighting
|move|p1a: Garchomp|Fire Fang|p2a: Corviknight
|-damage|p2a: Corviknight|15/100
|move|p2a: Corviknight|Roost|p2a: Corviknight
|-heal|p2a: Corviknight|65/100
|
|-heal|p2a: Corviknight|72/100|[from] item: Leftovers
|upkeep
|turn|11
|
|t:|1781325845
|move|p1a: Garchomp|Earthquake|p2a: Corviknight
|-damage|p2a: Corviknight|24/100
|move|p2a: Corviknight|Roost|p2a: Corviknight
|-heal|p2a: Corviknight|74/100
|
|-heal|p2a: Corviknight|81/100|[from] item: Leftovers
|upkeep
|turn|12
|
|t:|1781325849
|move|p1a: Garchomp|Earthquake|p2a: Corviknight
|-damage|p2a: Corviknight|35/100
|move|p2a: Corviknight|Body Press|p1a: Garchomp
|-damage|p1a: Garchomp|17/100
|-damage|p2a: Corviknight|23/100|[from] ability: Rough Skin|[of] p1a: Garchomp
|
|-heal|p2a: Corviknight|29/100|[from] item: Leftovers
|upkeep
|turn|13
|
|t:|1781325854
|move|p1a: Garchomp|Earthquake|p2a: Corviknight
|-damage|p2a: Corviknight|0 fnt
|faint|p2a: Corviknight
|
|upkeep
|
|t:|1781325858
|switch|p2a: Kingamble|Kingambit, M, shiny|27/100
|-activate|p2a: Kingamble|ability: Supreme Overlord
|-start|p2a: Kingamble|fallen3|[silent]
|turn|14
|
|t:|1781325860
|move|p2a: Kingamble|Sucker Punch||[still]
|-fail|p2a: Kingamble
|move|p1a: Garchomp|Swords Dance|p1a: Garchomp
|-boost|p1a: Garchomp|atk|2
|
|upkeep
|turn|15
|
|t:|1781325863
|move|p2a: Kingamble|Sucker Punch||[still]
|-fail|p2a: Kingamble
|move|p1a: Garchomp|Swords Dance|p1a: Garchomp
|-boost|p1a: Garchomp|atk|2
|
|upkeep
|turn|16
|
|t:|1781325865
|move|p2a: Kingamble|Sucker Punch||[still]
|-fail|p2a: Kingamble
|move|p1a: Garchomp|Swords Dance|p1a: Garchomp
|-boost|p1a: Garchomp|atk|0
|
|upkeep
|turn|17
|
|t:|1781325866
|move|p1a: Garchomp|Swords Dance|p1a: Garchomp
|-boost|p1a: Garchomp|atk|0
|move|p2a: Kingamble|Iron Head|p1a: Garchomp
|-damage|p1a: Garchomp|0 fnt
|-damage|p2a: Kingamble|15/100|[from] ability: Rough Skin|[of] p1a: Garchomp
|faint|p1a: Garchomp
|
|upkeep
|
|t:|1781325871
|switch|p1a: Glimmora|Glimmora, M|100/100
|turn|18
|
|t:|1781325880
|move|p1a: Glimmora|Meteor Beam||[still]
|-prepare|p1a: Glimmora|Meteor Beam
|-boost|p1a: Glimmora|spa|1
|-enditem|p1a: Glimmora|Power Herb
|-anim|p1a: Glimmora|Meteor Beam|p2a: Kingamble
|-resisted|p2a: Kingamble
|-damage|p2a: Kingamble|0 fnt
|faint|p2a: Kingamble
|-end|p2a: Kingamble|fallen3|[silent]
|
|upkeep
|
|t:|1781325885
|switch|p2a: cure him|Kyurem|48/100
|-ability|p2a: cure him|Pressure
|turn|19
|
|t:|1781325889
|move|p2a: cure him|Earth Power|p1a: Glimmora
|-supereffective|p1a: Glimmora
|-damage|p1a: Glimmora|0 fnt
|faint|p1a: Glimmora
|
|upkeep
|
|t:|1781325891
|switch|p1a: Ceruledge|Ceruledge, M|100/100
|-item|p1a: Ceruledge|Air Balloon
|turn|20
|
|t:|1781325897
|switch|p2a: Materdaddy|Latias, F, shiny|100/100
|move|p1a: Ceruledge|Poltergeist|p2a: Materdaddy
|-activate|p2a: Materdaddy|move: Poltergeist|Weakness Policy
|-supereffective|p2a: Materdaddy
|-damage|p2a: Materdaddy|0 fnt
|faint|p2a: Materdaddy
|
|upkeep
|
|t:|1781325899
|switch|p2a: cure him|Kyurem|48/100
|-ability|p2a: cure him|Pressure
|turn|21
|
|t:|1781325904
|move|p2a: cure him|Draco Meteor|p1a: Ceruledge
|-damage|p1a: Ceruledge|18/100
|-unboost|p2a: cure him|spa|2
|-enditem|p1a: Ceruledge|Air Balloon
|move|p1a: Ceruledge|Bitter Blade|p2a: cure him
|-damage|p2a: cure him|2/100
|-heal|p1a: Ceruledge|49/100|[from] drain|[of] p2a: cure him
|
|upkeep
|turn|22
|
|t:|1781325906
|move|p1a: Ceruledge|Shadow Sneak|p2a: cure him
|-damage|p2a: cure him|0 fnt
|faint|p2a: cure him
|
|win|bongzongweedluvr
|raw|bongzongweedluvr's rating: 1661 &rarr; <strong>1680</strong><br />(+19 for winning)
|raw|Boxed by Po's rating: 1648 &rarr; <strong>1629</strong><br />(-19 for losing)
|l|☆Boxed by Po
|player|p2|
|l|☆bongzongweedluvr
|player|p1|
