|j|☆thebambi1234
|j|☆juli<33
|t:|1781116547
|gametype|singles
|player|p1|thebambi1234|blackbelt-gen4dp|1736
|player|p2|juli<33|irida|1769
|gen|9
|tier|[Gen 9] OU
|rated|
|rule|HP Percentage Mod: HP is shown in percentages
|rule|Endless Battle Clause: Forcing endless battles is banned
|rule|Species Clause: Limit one of each Pokémon
|rule|OHKO Clause: OHKO moves are banned
|rule|Evasion Items Clause: Evasion items are banned
|rule|Evasion Moves Clause: Evasion moves are banned
|rule|Evasion Abilities Clause: Evasion abilities are banned
|rule|Sleep Moves Clause: Sleep-inducing moves are banned
|clearpoke
|poke|p1|Gliscor, M|
|poke|p1|Corviknight, F|
|poke|p1|Dondozo, M|
|poke|p1|Blissey, F|
|poke|p1|Weezing-Galar, F|
|poke|p1|Garganacl, F|
|poke|p2|Great Tusk|
|poke|p2|Slowking-Galar, M|
|poke|p2|Corviknight, F|
|poke|p2|Clefable, F|
|poke|p2|Samurott-Hisui, M|
|poke|p2|Dragapult, F|
|teampreview
|inactive|Battle timer is ON: inactive players will automatically lose when time's up. (requested by thebambi1234)
|c|☆juli<33|whats with the stall today bruh
|c|☆thebambi1234|second guy whos said that td
|
|t:|1781116569
|teamsize|p1|6
|teamsize|p2|6
|start
|switch|p1a: Weezing|Weezing-Galar, F|100/100
|switch|p2a: P!nk|Clefable, F|100/100
|-ability|p1a: Weezing|Neutralizing Gas
|turn|1
|c|☆juli<33|deaduzz?
|c|☆thebambi1234|mhm
|
|t:|1781116575
|switch|p2a: Alchemist|Slowking-Galar, M|100/100
|move|p1a: Weezing|Will-O-Wisp|p2a: Alchemist|[miss]
|-miss|p1a: Weezing|p2a: Alchemist
|
|upkeep
|turn|2
|
|t:|1781116581
|switch|p2a: P!nk|Clefable, F|100/100
|move|p1a: Weezing|Will-O-Wisp|p2a: P!nk
|-status|p2a: P!nk|brn
|
|-damage|p2a: P!nk|94/100 brn|[from] brn
|upkeep
|turn|3
|j| kekexaxa
|
|t:|1781116587
|-end|p1a: Weezing|ability: Neutralizing Gas
|switch|p1a: Corviknight|Corviknight, F|100/100
|-ability|p1a: Corviknight|Pressure
|move|p2a: P!nk|Knock Off|p1a: Corviknight
|-damage|p1a: Corviknight|96/100
|-enditem|p1a: Corviknight|Rocky Helmet|[from] move: Knock Off|[of] p2a: P!nk
|
|-heal|p2a: P!nk|100/100 brn|[from] item: Leftovers
|upkeep
|turn|4
|
|t:|1781116592
|move|p1a: Corviknight|U-turn|p2a: P!nk
|-resisted|p2a: P!nk
|-damage|p2a: P!nk|95/100 brn
|
|t:|1781116594
|switch|p1a: Gliscor|Gliscor, M, shiny|100/100|[from] U-turn
|move|p2a: P!nk|Knock Off|p1a: Gliscor
|-damage|p1a: Gliscor|96/100
|-enditem|p1a: Gliscor|Toxic Orb|[from] move: Knock Off|[of] p2a: P!nk
|
|-heal|p2a: P!nk|100/100 brn|[from] item: Leftovers
|upkeep
|turn|5
|c|☆thebambi1234|:0
|c|☆thebambi1234|2 in a row
|c|☆juli<33|you do know that
|c|☆juli<33|the people in stallcord arent really the
|c|☆juli<33|best human beings right
|
|t:|1781116615
|switch|p2a: Voyageur|Corviknight, F|100/100
|-ability|p2a: Voyageur|Pressure
|move|p1a: Gliscor|Knock Off|p2a: Voyageur
|-damage|p2a: Voyageur|86/100
|-damage|p1a: Gliscor|79/100|[from] item: Rocky Helmet|[of] p2a: Voyageur
|-enditem|p2a: Voyageur|Rocky Helmet|[from] move: Knock Off|[of] p1a: Gliscor
|
|upkeep
|turn|6
|c|☆thebambi1234|what have they done to you
|c|☆juli<33|not to me
|
|t:|1781116632
|switch|p1a: Garganacl|Garganacl, F, shiny|100/100
|move|p2a: Voyageur|U-turn|p1a: Garganacl
|-damage|p1a: Garganacl|90/100
|
|t:|1781116635
|switch|p2a: P!nk|Clefable, F|100/100 brn|[from] U-turn
|
|-heal|p1a: Garganacl|97/100|[from] item: Leftovers
|upkeep
|turn|7
|
|t:|1781116638
|switch|p1a: Gliscor|Gliscor, M, shiny|79/100
|move|p2a: P!nk|Knock Off|p1a: Gliscor
|-crit|p1a: Gliscor
|-damage|p1a: Gliscor|75/100
|
|upkeep
|turn|8
|
|t:|1781116641
|switch|p1a: Garganacl|Garganacl, F, shiny|97/100
|switch|p2a: Voyageur|Corviknight, F|86/100
|-ability|p2a: Voyageur|Pressure
|
|-heal|p1a: Garganacl|100/100|[from] item: Leftovers
|upkeep
|turn|9
|
|t:|1781116644
|move|p2a: Voyageur|U-turn|p1a: Garganacl
|-damage|p1a: Garganacl|91/100
|
|t:|1781116646
|switch|p2a: P!nk|Clefable, F|100/100 brn|[from] U-turn
|move|p1a: Garganacl|Stealth Rock|p2a: P!nk
|-sidestart|p2: juli<33|move: Stealth Rock
|
|-heal|p1a: Garganacl|97/100|[from] item: Leftovers
|upkeep
|turn|10
|c|☆thebambi1234|what have they done
|
|t:|1781116652
|switch|p1a: Gliscor|Gliscor, M, shiny|75/100
|move|p2a: P!nk|Stealth Rock|p1a: Gliscor
|-sidestart|p1: thebambi1234|move: Stealth Rock
|
|upkeep
|turn|11
|c|☆juli<33|bullied a 16 yo into apologizing
|
|t:|1781116658
|switch|p2a: Voyageur|Corviknight, F|86/100
|-damage|p2a: Voyageur|74/100|[from] Stealth Rock
|-ability|p2a: Voyageur|Pressure
|move|p1a: Gliscor|Knock Off|p2a: Voyageur
|-damage|p2a: Voyageur|65/100
|
|upkeep
|turn|12
|
|t:|1781116670
|move|p1a: Gliscor|Knock Off|p2a: Voyageur
|-damage|p2a: Voyageur|55/100
|move|p2a: Voyageur|U-turn|p1a: Gliscor
|-resisted|p1a: Gliscor
|-crit|p1a: Gliscor
|-damage|p1a: Gliscor|69/100
|c|☆thebambi1234|how unfortunate
|inactive|juli<33 has 120 seconds left.
|
|t:|1781116703
|switch|p2a: P!nk|Clefable, F|100/100 brn|[from] U-turn
|
|upkeep
|turn|13
|
|t:|1781116706
|switch|p2a: Voyageur|Corviknight, F|55/100
|-damage|p2a: Voyageur|43/100|[from] Stealth Rock
|-ability|p2a: Voyageur|Pressure
|move|p1a: Gliscor|Knock Off|p2a: Voyageur
|-damage|p2a: Voyageur|34/100
|
|upkeep
|turn|14
|
|t:|1781116710
|switch|p1a: Garganacl|Garganacl, F, shiny|97/100
|-damage|p1a: Garganacl|85/100|[from] Stealth Rock
|move|p2a: Voyageur|Roost|p2a: Voyageur
|-heal|p2a: Voyageur|84/100
|-singleturn|p2a: Voyageur|move: Roost
|
|-heal|p1a: Garganacl|91/100|[from] item: Leftovers
|upkeep
|turn|15
|
|t:|1781116715
|move|p2a: Voyageur|U-turn|p1a: Garganacl
|-damage|p1a: Garganacl|80/100
|
|t:|1781116717
|switch|p2a: P!nk|Clefable, F|100/100 brn|[from] U-turn
|move|p1a: Garganacl|Salt Cure|p2a: P!nk
|-damage|p2a: P!nk|89/100 brn
|-start|p2a: P!nk|Salt Cure
|
|-heal|p2a: P!nk|95/100 brn|[from] item: Leftovers
|-heal|p1a: Garganacl|86/100|[from] item: Leftovers
|upkeep
|turn|16
|
|t:|1781116726
|switch|p1a: Corviknight|Corviknight, F|96/100
|-damage|p1a: Corviknight|83/100|[from] Stealth Rock
|-ability|p1a: Corviknight|Pressure
|move|p2a: P!nk|Knock Off|p1a: Corviknight
|-damage|p1a: Corviknight|80/100
|
|-heal|p2a: P!nk|100/100 brn|[from] item: Leftovers
|upkeep
|turn|17
|
|t:|1781116734
|switch|p2a: Alchemist|Slowking-Galar, M|100/100
|-damage|p2a: Alchemist|88/100|[from] Stealth Rock
|move|p1a: Corviknight|U-turn|p2a: Alchemist
|-damage|p2a: Alchemist|73/100
|
|t:|1781116739
|switch|p1a: Weezing|Weezing-Galar, F|100/100|[from] U-turn
|-ability|p1a: Weezing|Neutralizing Gas
|
|upkeep
|turn|18
|c|☆juli<33|isnt u turn kinda dubious on stall
|c|☆juli<33|or am i ass
|c|☆thebambi1234|hm
|c|☆thebambi1234|I like it
|c|☆juli<33|what do you need the momentum for
|c|☆thebambi1234|slow u turn can be good but Ill think about that
|inactive|thebambi1234 has 120 seconds left.
|c|☆juli<33|slow u turn is good on balance or bulky balance
|c|☆juli<33|you dont have any breakers who need safe entry bruh
|l| kekexaxa
|inactive|thebambi1234 has 90 seconds left.
|c|☆thebambi1234|I will consider this
|
|t:|1781116810
|move|p1a: Weezing|Will-O-Wisp|p2a: Alchemist
|-status|p2a: Alchemist|brn
|move|p2a: Alchemist|Psyshock|p1a: Weezing
|-supereffective|p1a: Weezing
|-damage|p1a: Weezing|41/100
|
|-damage|p2a: Alchemist|67/100 brn|[from] brn
|upkeep
|turn|19
|inactive|thebambi1234 has 90 seconds left.
|
|t:|1781116817
|-end|p1a: Weezing|ability: Neutralizing Gas
|switch|p1a: Garganacl|Garganacl, F, shiny|86/100
|-damage|p1a: Garganacl|74/100|[from] Stealth Rock
|move|p2a: Alchemist|Flamethrower|p1a: Garganacl
|-resisted|p1a: Garganacl
|-damage|p1a: Garganacl|64/100
|
|-heal|p1a: Garganacl|70/100|[from] item: Leftovers
|-damage|p2a: Alchemist|61/100 brn|[from] brn
|upkeep
|turn|20
|
|t:|1781116823
|switch|p2a: P!nk|Clefable, F|100/100 brn
|move|p1a: Garganacl|Salt Cure|p2a: P!nk
|-damage|p2a: P!nk|91/100 brn
|-start|p2a: P!nk|Salt Cure
|
|-heal|p2a: P!nk|97/100 brn|[from] item: Leftovers
|-heal|p1a: Garganacl|76/100|[from] item: Leftovers
|upkeep
|turn|21
|j| NapoleonV
|
|t:|1781116827
|switch|p1a: Weezing|Weezing-Galar, F|41/100
|-ability|p1a: Weezing|Neutralizing Gas
|move|p2a: P!nk|Moonblast|p1a: Weezing
|-resisted|p1a: Weezing
|-damage|p1a: Weezing|22/100
|
|-heal|p2a: P!nk|100/100 brn|[from] item: Leftovers
|-damage|p2a: P!nk|94/100 brn|[from] brn
|-damage|p2a: P!nk|82/100 brn|[from] Salt Cure
|upkeep
|turn|22
|
|t:|1781116835
|switch|p2a: Alchemist|Slowking-Galar, M|94/100 brn
|-damage|p2a: Alchemist|82/100 brn|[from] Stealth Rock
|move|p1a: Weezing|Pain Split|p2a: Alchemist
|-sethp|p2a: Alchemist|50/100 brn|[from] move: Pain Split|[silent]
|-sethp|p1a: Weezing|59/100|[from] move: Pain Split
|
|-damage|p2a: Alchemist|44/100 brn|[from] brn
|upkeep
|turn|23
|inactive|thebambi1234 has 120 seconds left.
|
|t:|1781116846
|-terastallize|p1a: Weezing|Fire
|move|p1a: Weezing|Overheat|p2a: Alchemist
|-damage|p2a: Alchemist|16/100 brn
|-unboost|p1a: Weezing|spa|2
|move|p2a: Alchemist|Psyshock|p1a: Weezing
|-damage|p1a: Weezing|25/100
|
|-damage|p2a: Alchemist|10/100 brn|[from] brn
|upkeep
|turn|24
|c|☆juli<33|WTF
|inactive|thebambi1234 has 120 seconds left.
|c|☆thebambi1234|normally for gholdengo
|c|☆juli<33|what is that schizo ass set b ro
|inactive|juli<33 has 120 seconds left.
|c|☆thebambi1234|it usually gets it ngl
|c|☆thebambi1234|works very well
|inactive|thebambi1234 has 90 seconds left.
|
|t:|1781116906
|-terastallize|p2a: Alchemist|Water
|move|p1a: Weezing|Overheat|p2a: Alchemist
|-resisted|p2a: Alchemist
|-damage|p2a: Alchemist|4/100 brn
|-unboost|p1a: Weezing|spa|2
|move|p2a: Alchemist|Sludge Bomb|p1a: Weezing
|-damage|p1a: Weezing|0 fnt
|faint|p1a: Weezing
|-end|p1a: Weezing|ability: Neutralizing Gas
|
|-damage|p2a: Alchemist|0 fnt|[from] brn
|faint|p2a: Alchemist
|upkeep
|
|t:|1781116917
|switch|p1a: Corviknight|Corviknight, F|80/100
|switch|p2a: Jack|Samurott-Hisui, M|100/100
|-damage|p1a: Corviknight|68/100|[from] Stealth Rock
|-ability|p1a: Corviknight|Pressure
|turn|25
|
|t:|1781116921
|move|p2a: Jack|Aqua Cutter|p1a: Corviknight
|-damage|p1a: Corviknight|37/100
|move|p1a: Corviknight|Roost|p1a: Corviknight
|-heal|p1a: Corviknight|87/100
|-singleturn|p1a: Corviknight|move: Roost
|
|upkeep
|turn|26
|
|t:|1781116925
|move|p2a: Jack|Aqua Cutter|p1a: Corviknight
|-damage|p1a: Corviknight|60/100
|move|p1a: Corviknight|Body Press|p2a: Jack
|-supereffective|p2a: Jack
|-damage|p2a: Jack|47/100
|
|upkeep
|turn|27
|inactive|juli<33 has 120 seconds left.
|
|t:|1781116937
|switch|p2a: Voyageur|Corviknight, F|84/100
|-damage|p2a: Voyageur|72/100|[from] Stealth Rock
|-ability|p2a: Voyageur|Pressure
|move|p1a: Corviknight|Roost|p1a: Corviknight
|-heal|p1a: Corviknight|100/100
|-singleturn|p1a: Corviknight|move: Roost
|
|upkeep
|turn|28
|
|t:|1781116946
|move|p1a: Corviknight|Body Press|p2a: Voyageur
|-damage|p2a: Voyageur|57/100
|move|p2a: Voyageur|U-turn|p1a: Corviknight
|-resisted|p1a: Corviknight
|-damage|p1a: Corviknight|98/100
|
|t:|1781116950
|switch|p2a: Bull's-eye|Dragapult, F|100/100|[from] U-turn
|-damage|p2a: Bull's-eye|88/100|[from] Stealth Rock
|
|upkeep
|turn|29
|
|t:|1781116953
|switch|p1a: Garganacl|Garganacl, F, shiny|76/100
|-damage|p1a: Garganacl|64/100|[from] Stealth Rock
|move|p2a: Bull's-eye|U-turn|p1a: Garganacl
|-damage|p1a: Garganacl|51/100
|
|t:|1781116961
|switch|p2a: Jack|Samurott-Hisui, M|47/100|[from] U-turn
|
|-heal|p1a: Garganacl|58/100|[from] item: Leftovers
|upkeep
|turn|30
|
|t:|1781116963
|move|p1a: Garganacl|Protect|p1a: Garganacl
|-singleturn|p1a: Garganacl|Protect
|move|p2a: Jack|Aqua Cutter|p1a: Garganacl
|-activate|p1a: Garganacl|move: Protect
|
|-heal|p1a: Garganacl|64/100|[from] item: Leftovers
|upkeep
|turn|31
|
|t:|1781116966
|switch|p1a: Corviknight|Corviknight, F|98/100
|-damage|p1a: Corviknight|86/100|[from] Stealth Rock
|-ability|p1a: Corviknight|Pressure
|move|p2a: Jack|Aqua Cutter|p1a: Corviknight
|-damage|p1a: Corviknight|59/100
|
|upkeep
|turn|32
|
|t:|1781116971
|switch|p2a: P!nk|Clefable, F|82/100 brn
|move|p1a: Corviknight|Roost|p1a: Corviknight
|-heal|p1a: Corviknight|100/100
|-singleturn|p1a: Corviknight|move: Roost
|
|-heal|p2a: P!nk|88/100 brn|[from] item: Leftovers
|upkeep
|turn|33
|
|t:|1781116980
|move|p1a: Corviknight|U-turn|p2a: P!nk
|-resisted|p2a: P!nk
|-damage|p2a: P!nk|83/100 brn
|
|t:|1781116983
|switch|p1a: Gliscor|Gliscor, M, shiny|69/100|[from] U-turn
|-damage|p1a: Gliscor|56/100|[from] Stealth Rock
|move|p2a: P!nk|Moonblast|p1a: Gliscor
|-damage|p1a: Gliscor|15/100
|-unboost|p1a: Gliscor|spa|1
|
|-heal|p2a: P!nk|89/100 brn|[from] item: Leftovers
|upkeep
|turn|34
|
|t:|1781116990
|switch|p1a: Garganacl|Garganacl, F, shiny|64/100
|-damage|p1a: Garganacl|51/100|[from] Stealth Rock
|switch|p2a: Voyageur|Corviknight, F|57/100
|-damage|p2a: Voyageur|44/100|[from] Stealth Rock
|-ability|p2a: Voyageur|Pressure
|
|-heal|p1a: Garganacl|58/100|[from] item: Leftovers
|upkeep
|turn|35
|
|t:|1781116994
|move|p2a: Voyageur|U-turn|p1a: Garganacl
|-damage|p1a: Garganacl|48/100
|
|t:|1781116996
|switch|p2a: P!nk|Clefable, F|89/100 brn|[from] U-turn
|move|p1a: Garganacl|Recover|p1a: Garganacl
|-heal|p1a: Garganacl|98/100
|
|-heal|p2a: P!nk|95/100 brn|[from] item: Leftovers
|-heal|p1a: Garganacl|100/100|[from] item: Leftovers
|upkeep
|turn|36
|l| NapoleonV
|
|t:|1781116999
|switch|p1a: Corviknight|Corviknight, F|100/100
|-damage|p1a: Corviknight|88/100|[from] Stealth Rock
|-ability|p1a: Corviknight|Pressure
|move|p2a: P!nk|Moonblast|p1a: Corviknight
|-resisted|p1a: Corviknight
|-damage|p1a: Corviknight|71/100
|
|-heal|p2a: P!nk|100/100 brn|[from] item: Leftovers
|upkeep
|turn|37
|
|t:|1781117015
|switch|p2a: Voyageur|Corviknight, F|44/100
|-damage|p2a: Voyageur|32/100|[from] Stealth Rock
|-ability|p2a: Voyageur|Pressure
|move|p1a: Corviknight|Roost|p1a: Corviknight
|-heal|p1a: Corviknight|100/100
|-singleturn|p1a: Corviknight|move: Roost
|
|upkeep
|turn|38
|
|t:|1781117020
|move|p1a: Corviknight|Body Press|p2a: Voyageur
|-damage|p2a: Voyageur|16/100
|move|p2a: Voyageur|Roost|p2a: Voyageur
|-heal|p2a: Voyageur|66/100
|-singleturn|p2a: Voyageur|move: Roost
|
|upkeep
|turn|39
|
|t:|1781117030
|move|p1a: Corviknight|Body Press|p2a: Voyageur
|-damage|p2a: Voyageur|50/100
|move|p2a: Voyageur|U-turn|p1a: Corviknight
|-resisted|p1a: Corviknight
|-damage|p1a: Corviknight|98/100
|
|t:|1781117033
|switch|p2a: Loxodonta|Great Tusk|100/100|[from] U-turn
|-damage|p2a: Loxodonta|98/100|[from] Stealth Rock
|
|-heal|p2a: Loxodonta|100/100|[from] item: Leftovers
|upkeep
|turn|40
|
|t:|1781117037
|move|p2a: Loxodonta|Rapid Spin|p1a: Corviknight
|-resisted|p1a: Corviknight
|-damage|p1a: Corviknight|94/100
|-boost|p2a: Loxodonta|spe|1
|-sideend|p2: juli<33|Stealth Rock|[from] move: Rapid Spin|[of] p2a: Loxodonta
|move|p1a: Corviknight|Defog|p2a: Loxodonta
|-unboost|p2a: Loxodonta|evasion|1
|-sideend|p1: thebambi1234|Stealth Rock|[from] move: Defog|[of] p1a: Corviknight
|
|upkeep
|turn|41
|
|t:|1781117045
|-end|p2a: Loxodonta|Protosynthesis|[silent]
|switch|p2a: Voyageur|Corviknight, F|50/100
|-ability|p2a: Voyageur|Pressure
|move|p1a: Corviknight|U-turn|p2a: Voyageur
|-resisted|p2a: Voyageur
|-damage|p2a: Voyageur|48/100
|c|☆thebambi1234|this is so tragic without my gliscor
|
|t:|1781117054
|switch|p1a: Dondozo|Dondozo, M|100/100|[from] U-turn
|
|upkeep
|turn|42
|
|t:|1781117059
|move|p2a: Voyageur|Roost|p2a: Voyageur
|-heal|p2a: Voyageur|98/100
|-singleturn|p2a: Voyageur|move: Roost
|move|p1a: Dondozo|Body Press|p2a: Voyageur
|-supereffective|p2a: Voyageur
|-damage|p2a: Voyageur|63/100
|
|upkeep
|turn|43
|
|t:|1781117064
|move|p2a: Voyageur|U-turn|p1a: Dondozo
|-damage|p1a: Dondozo|95/100
|
|t:|1781117066
|switch|p2a: P!nk|Clefable, F|100/100 brn|[from] U-turn
|move|p1a: Dondozo|Waterfall|p2a: P!nk
|-damage|p2a: P!nk|79/100 brn
|
|-heal|p2a: P!nk|85/100 brn|[from] item: Leftovers
|-heal|p1a: Dondozo|100/100|[from] item: Leftovers
|upkeep
|turn|44
|
|t:|1781117070
|switch|p1a: Corviknight|Corviknight, F|94/100
|-ability|p1a: Corviknight|Pressure
|move|p2a: P!nk|Stealth Rock|p1a: Corviknight
|-sidestart|p1: thebambi1234|move: Stealth Rock
|
|-heal|p2a: P!nk|91/100 brn|[from] item: Leftovers
|upkeep
|turn|45
|
|t:|1781117073
|switch|p2a: Voyageur|Corviknight, F|63/100
|-ability|p2a: Voyageur|Pressure
|move|p1a: Corviknight|Defog|p2a: Voyageur
|-unboost|p2a: Voyageur|evasion|1
|-sideend|p1: thebambi1234|Stealth Rock|[from] move: Defog|[of] p1a: Corviknight
|
|upkeep
|turn|46
|
|t:|1781117076
|move|p1a: Corviknight|U-turn|p2a: Voyageur
|-resisted|p2a: Voyageur
|-damage|p2a: Voyageur|61/100
|
|t:|1781117079
|switch|p1a: Dondozo|Dondozo, M|100/100|[from] U-turn
|move|p2a: Voyageur|U-turn|p1a: Dondozo
|-damage|p1a: Dondozo|94/100
|
|t:|1781117082
|switch|p2a: P!nk|Clefable, F|91/100 brn|[from] U-turn
|
|-heal|p2a: P!nk|97/100 brn|[from] item: Leftovers
|-heal|p1a: Dondozo|99/100|[from] item: Leftovers
|upkeep
|turn|47
|
|t:|1781117087
|switch|p1a: Corviknight|Corviknight, F|94/100
|-ability|p1a: Corviknight|Pressure
|move|p2a: P!nk|Stealth Rock|p1a: Corviknight
|-sidestart|p1: thebambi1234|move: Stealth Rock
|
|-heal|p2a: P!nk|100/100 brn|[from] item: Leftovers
|upkeep
|turn|48
|
|t:|1781117094
|switch|p2a: Voyageur|Corviknight, F|61/100
|-ability|p2a: Voyageur|Pressure
|move|p1a: Corviknight|Defog|p2a: Voyageur
|-unboost|p2a: Voyageur|evasion|1
|-sideend|p1: thebambi1234|Stealth Rock|[from] move: Defog|[of] p1a: Corviknight
|
|upkeep
|turn|49
|
|t:|1781117100
|move|p1a: Corviknight|U-turn|p2a: Voyageur
|-resisted|p2a: Voyageur
|-damage|p2a: Voyageur|59/100
|
|t:|1781117101
|switch|p1a: Dondozo|Dondozo, M|99/100|[from] U-turn
|move|p2a: Voyageur|U-turn|p1a: Dondozo
|-damage|p1a: Dondozo|93/100
|
|t:|1781117104
|switch|p2a: P!nk|Clefable, F|100/100 brn|[from] U-turn
|
|-heal|p1a: Dondozo|99/100|[from] item: Leftovers
|upkeep
|turn|50
|
|t:|1781117106
|switch|p1a: Corviknight|Corviknight, F|94/100
|-ability|p1a: Corviknight|Pressure
|move|p2a: P!nk|Stealth Rock|p1a: Corviknight
|-sidestart|p1: thebambi1234|move: Stealth Rock
|
|upkeep
|turn|51
|
|t:|1781117109
|switch|p2a: Voyageur|Corviknight, F|59/100
|-ability|p2a: Voyageur|Pressure
|move|p1a: Corviknight|Defog|p2a: Voyageur
|-unboost|p2a: Voyageur|evasion|1
|-sideend|p1: thebambi1234|Stealth Rock|[from] move: Defog|[of] p1a: Corviknight
|
|upkeep
|turn|52
|
|t:|1781117114
|move|p1a: Corviknight|Body Press|p2a: Voyageur
|-damage|p2a: Voyageur|43/100
|move|p2a: Voyageur|U-turn|p1a: Corviknight
|-resisted|p1a: Corviknight
|-damage|p1a: Corviknight|92/100
|
|t:|1781117118
|switch|p2a: Bull's-eye|Dragapult, F|88/100|[from] U-turn
|
|upkeep
|turn|53
|
|t:|1781117122
|switch|p1a: Garganacl|Garganacl, F, shiny|100/100
|move|p2a: Bull's-eye|U-turn|p1a: Garganacl
|-damage|p1a: Garganacl|90/100
|
|t:|1781117131
|switch|p2a: P!nk|Clefable, F|100/100 brn|[from] U-turn
|
|-heal|p1a: Garganacl|96/100|[from] item: Leftovers
|upkeep
|turn|54
|
|t:|1781117135
|move|p2a: P!nk|Stealth Rock|p1a: Garganacl
|-sidestart|p1: thebambi1234|move: Stealth Rock
|move|p1a: Garganacl|Stealth Rock|p2a: P!nk
|-sidestart|p2: juli<33|move: Stealth Rock
|
|-heal|p1a: Garganacl|100/100|[from] item: Leftovers
|upkeep
|turn|55
|
|t:|1781117138
|switch|p1a: Corviknight|Corviknight, F|92/100
|-damage|p1a: Corviknight|79/100|[from] Stealth Rock
|-ability|p1a: Corviknight|Pressure
|move|p2a: P!nk|Moonblast|p1a: Corviknight
|-resisted|p1a: Corviknight
|-damage|p1a: Corviknight|63/100
|
|upkeep
|turn|56
|
|t:|1781117145
|move|p1a: Corviknight|Body Press|p2a: P!nk
|-resisted|p2a: P!nk
|-damage|p2a: P!nk|90/100 brn
|move|p2a: P!nk|Moonblast|p1a: Corviknight
|-resisted|p1a: Corviknight
|-damage|p1a: Corviknight|49/100
|-unboost|p1a: Corviknight|spa|1
|
|-heal|p2a: P!nk|96/100 brn|[from] item: Leftovers
|upkeep
|turn|57
|
|t:|1781117150
|move|p1a: Corviknight|Roost|p1a: Corviknight
|-heal|p1a: Corviknight|99/100
|-singleturn|p1a: Corviknight|move: Roost
|move|p2a: P!nk|Moonblast|p1a: Corviknight
|-resisted|p1a: Corviknight
|-damage|p1a: Corviknight|83/100
|
|-heal|p2a: P!nk|100/100 brn|[from] item: Leftovers
|upkeep
|turn|58
|
|t:|1781117159
|move|p1a: Corviknight|Defog|p2a: P!nk
|-unboost|p2a: P!nk|evasion|1
|-sideend|p2: juli<33|Stealth Rock|[from] move: Defog|[of] p1a: Corviknight
|-sideend|p1: thebambi1234|Stealth Rock|[from] move: Defog|[of] p1a: Corviknight
|move|p2a: P!nk|Knock Off|p1a: Corviknight
|-damage|p1a: Corviknight|80/100
|
|upkeep
|turn|59
|
|t:|1781117167
|move|p1a: Corviknight|Defog|p2a: P!nk
|-unboost|p2a: P!nk|evasion|1
|move|p2a: P!nk|Stealth Rock|p1a: Corviknight
|-sidestart|p1: thebambi1234|move: Stealth Rock
|
|upkeep
|turn|60
|
|t:|1781117171
|switch|p2a: Voyageur|Corviknight, F|43/100
|-ability|p2a: Voyageur|Pressure
|move|p1a: Corviknight|Defog|p2a: Voyageur
|-unboost|p2a: Voyageur|evasion|1
|-sideend|p1: thebambi1234|Stealth Rock|[from] move: Defog|[of] p1a: Corviknight
|
|upkeep
|turn|61
|j| 0TX - Zenith
|
|t:|1781117176
|move|p1a: Corviknight|U-turn|p2a: Voyageur
|-resisted|p2a: Voyageur
|-damage|p2a: Voyageur|40/100
|
|t:|1781117178
|switch|p1a: Dondozo|Dondozo, M|99/100|[from] U-turn
|move|p2a: Voyageur|Roost|p2a: Voyageur
|-heal|p2a: Voyageur|90/100
|-singleturn|p2a: Voyageur|move: Roost
|
|-heal|p1a: Dondozo|100/100|[from] item: Leftovers
|upkeep
|turn|62
|
|t:|1781117182
|move|p2a: Voyageur|U-turn|p1a: Dondozo
|-damage|p1a: Dondozo|94/100
|
|t:|1781117185
|switch|p2a: P!nk|Clefable, F|100/100 brn|[from] U-turn
|move|p1a: Dondozo|Waterfall|p2a: P!nk
|-damage|p2a: P!nk|78/100 brn
|
|-heal|p2a: P!nk|84/100 brn|[from] item: Leftovers
|-heal|p1a: Dondozo|99/100|[from] item: Leftovers
|upkeep
|turn|63
|
|t:|1781117189
|switch|p1a: Corviknight|Corviknight, F|80/100
|-ability|p1a: Corviknight|Pressure
|move|p2a: P!nk|Stealth Rock|p1a: Corviknight
|-sidestart|p1: thebambi1234|move: Stealth Rock
|
|-heal|p2a: P!nk|90/100 brn|[from] item: Leftovers
|upkeep
|turn|64
|
|t:|1781117191
|switch|p2a: Voyageur|Corviknight, F|90/100
|-ability|p2a: Voyageur|Pressure
|move|p1a: Corviknight|Defog|p2a: Voyageur
|-unboost|p2a: Voyageur|evasion|1
|-sideend|p1: thebambi1234|Stealth Rock|[from] move: Defog|[of] p1a: Corviknight
|
|upkeep
|turn|65
|
|t:|1781117197
|switch|p1a: Dondozo|Dondozo, M|99/100
|move|p2a: Voyageur|U-turn|p1a: Dondozo
|-damage|p1a: Dondozo|94/100
|
|t:|1781117199
|switch|p2a: P!nk|Clefable, F|90/100 brn|[from] U-turn
|
|-heal|p2a: P!nk|96/100 brn|[from] item: Leftovers
|-heal|p1a: Dondozo|99/100|[from] item: Leftovers
|upkeep
|turn|66
|l| 0TX - Zenith
|
|t:|1781117205
|switch|p1a: Corviknight|Corviknight, F|80/100
|-ability|p1a: Corviknight|Pressure
|move|p2a: P!nk|Stealth Rock|p1a: Corviknight
|-sidestart|p1: thebambi1234|move: Stealth Rock
|
|-heal|p2a: P!nk|100/100 brn|[from] item: Leftovers
|upkeep
|turn|67
|
|t:|1781117207
|switch|p2a: Voyageur|Corviknight, F|90/100
|-ability|p2a: Voyageur|Pressure
|move|p1a: Corviknight|Defog|p2a: Voyageur
|-unboost|p2a: Voyageur|evasion|1
|-sideend|p1: thebambi1234|Stealth Rock|[from] move: Defog|[of] p1a: Corviknight
|
|upkeep
|turn|68
|
|t:|1781117212
|switch|p1a: Dondozo|Dondozo, M|99/100
|move|p2a: Voyageur|U-turn|p1a: Dondozo
|-damage|p1a: Dondozo|93/100
|
|t:|1781117213
|switch|p2a: P!nk|Clefable, F|100/100 brn|[from] U-turn
|
|-heal|p1a: Dondozo|99/100|[from] item: Leftovers
|upkeep
|turn|69
|
|t:|1781117215
|switch|p1a: Corviknight|Corviknight, F|80/100
|-ability|p1a: Corviknight|Pressure
|move|p2a: P!nk|Stealth Rock|p1a: Corviknight
|-sidestart|p1: thebambi1234|move: Stealth Rock
|
|upkeep
|turn|70
|
|t:|1781117217
|switch|p2a: Voyageur|Corviknight, F|90/100
|-ability|p2a: Voyageur|Pressure
|move|p1a: Corviknight|Defog|p2a: Voyageur
|-unboost|p2a: Voyageur|evasion|1
|-sideend|p1: thebambi1234|Stealth Rock|[from] move: Defog|[of] p1a: Corviknight
|
|upkeep
|turn|71
|
|t:|1781117223
|switch|p1a: Dondozo|Dondozo, M|99/100
|move|p2a: Voyageur|U-turn|p1a: Dondozo
|-damage|p1a: Dondozo|92/100
|
|t:|1781117225
|switch|p2a: P!nk|Clefable, F|100/100 brn|[from] U-turn
|
|-heal|p1a: Dondozo|99/100|[from] item: Leftovers
|upkeep
|turn|72
|
|t:|1781117229
|switch|p1a: Corviknight|Corviknight, F|80/100
|-ability|p1a: Corviknight|Pressure
|move|p2a: P!nk|Stealth Rock|p1a: Corviknight
|-sidestart|p1: thebambi1234|move: Stealth Rock
|
|upkeep
|turn|73
|
|t:|1781117232
|switch|p1a: Garganacl|Garganacl, F, shiny|100/100
|-damage|p1a: Garganacl|88/100|[from] Stealth Rock
|switch|p2a: Voyageur|Corviknight, F|90/100
|-ability|p2a: Voyageur|Pressure
|
|-heal|p1a: Garganacl|94/100|[from] item: Leftovers
|upkeep
|turn|74
|
|t:|1781117233
|move|p2a: Voyageur|U-turn|p1a: Garganacl
|-damage|p1a: Garganacl|85/100
|
|t:|1781117238
|switch|p2a: P!nk|Clefable, F|100/100 brn|[from] U-turn
|move|p1a: Garganacl|Stealth Rock|p2a: P!nk
|-sidestart|p2: juli<33|move: Stealth Rock
|
|-heal|p1a: Garganacl|91/100|[from] item: Leftovers
|upkeep
|turn|75
|
|t:|1781117242
|switch|p1a: Corviknight|Corviknight, F|80/100
|-damage|p1a: Corviknight|68/100|[from] Stealth Rock
|-ability|p1a: Corviknight|Pressure
|move|p2a: P!nk|Knock Off|p1a: Corviknight
|-damage|p1a: Corviknight|65/100
|
|upkeep
|turn|76
|
|t:|1781117252
|switch|p1a: Dondozo|Dondozo, M|99/100
|-damage|p1a: Dondozo|86/100|[from] Stealth Rock
|switch|p2a: Voyageur|Corviknight, F|90/100
|-damage|p2a: Voyageur|78/100|[from] Stealth Rock
|-ability|p2a: Voyageur|Pressure
|
|-heal|p1a: Dondozo|92/100|[from] item: Leftovers
|upkeep
|turn|77
|
|t:|1781117258
|move|p2a: Voyageur|U-turn|p1a: Dondozo
|-damage|p1a: Dondozo|86/100
|
|t:|1781117260
|switch|p2a: P!nk|Clefable, F|100/100 brn|[from] U-turn
|move|p1a: Dondozo|Waterfall|p2a: P!nk
|-damage|p2a: P!nk|78/100 brn
|
|-heal|p2a: P!nk|84/100 brn|[from] item: Leftovers
|-heal|p1a: Dondozo|92/100|[from] item: Leftovers
|upkeep
|turn|78
|
|t:|1781117272
|switch|p1a: Corviknight|Corviknight, F|65/100
|-damage|p1a: Corviknight|52/100|[from] Stealth Rock
|-ability|p1a: Corviknight|Pressure
|move|p2a: P!nk|Moonblast|p1a: Corviknight
|-resisted|p1a: Corviknight
|-damage|p1a: Corviknight|36/100
|
|-heal|p2a: P!nk|90/100 brn|[from] item: Leftovers
|upkeep
|turn|79
|
|t:|1781117277
|switch|p2a: Voyageur|Corviknight, F|78/100
|-damage|p2a: Voyageur|66/100|[from] Stealth Rock
|-ability|p2a: Voyageur|Pressure
|move|p1a: Corviknight|Roost|p1a: Corviknight
|-heal|p1a: Corviknight|86/100
|-singleturn|p1a: Corviknight|move: Roost
|
|upkeep
|turn|80
|
|t:|1781117283
|move|p1a: Corviknight|U-turn|p2a: Voyageur
|-resisted|p2a: Voyageur
|-damage|p2a: Voyageur|64/100
|
|t:|1781117287
|switch|p1a: Dondozo|Dondozo, M|92/100|[from] U-turn
|-damage|p1a: Dondozo|80/100|[from] Stealth Rock
|move|p2a: Voyageur|U-turn|p1a: Dondozo
|-damage|p1a: Dondozo|74/100
|
|t:|1781117291
|switch|p2a: P!nk|Clefable, F|90/100 brn|[from] U-turn
|
|-heal|p2a: P!nk|96/100 brn|[from] item: Leftovers
|-heal|p1a: Dondozo|80/100|[from] item: Leftovers
|upkeep
|turn|81
|
|t:|1781117295
|switch|p1a: Corviknight|Corviknight, F|86/100
|-damage|p1a: Corviknight|73/100|[from] Stealth Rock
|-ability|p1a: Corviknight|Pressure
|move|p2a: P!nk|Moonblast|p1a: Corviknight
|-resisted|p1a: Corviknight
|-damage|p1a: Corviknight|57/100
|
|-heal|p2a: P!nk|100/100 brn|[from] item: Leftovers
|upkeep
|turn|82
|j| 0TX - Zenith
|
|t:|1781117304
|move|p1a: Corviknight|Body Press|p2a: P!nk
|-resisted|p2a: P!nk
|-damage|p2a: P!nk|91/100 brn
|move|p2a: P!nk|Knock Off|p1a: Corviknight
|-damage|p1a: Corviknight|54/100
|
|-heal|p2a: P!nk|97/100 brn|[from] item: Leftovers
|upkeep
|turn|83
|l| 0TX - Zenith
|
|t:|1781117311
|switch|p2a: Voyageur|Corviknight, F|64/100
|-damage|p2a: Voyageur|51/100|[from] Stealth Rock
|-ability|p2a: Voyageur|Pressure
|move|p1a: Corviknight|Roost|p1a: Corviknight
|-heal|p1a: Corviknight|100/100
|-singleturn|p1a: Corviknight|move: Roost
|
|upkeep
|turn|84
|
|t:|1781117314
|move|p1a: Corviknight|U-turn|p2a: Voyageur
|-resisted|p2a: Voyageur
|-damage|p2a: Voyageur|49/100
|
|t:|1781117317
|switch|p1a: Garganacl|Garganacl, F, shiny|91/100|[from] U-turn
|-damage|p1a: Garganacl|78/100|[from] Stealth Rock
|move|p2a: Voyageur|Roost|p2a: Voyageur
|-heal|p2a: Voyageur|99/100
|-singleturn|p2a: Voyageur|move: Roost
|
|-heal|p1a: Garganacl|85/100|[from] item: Leftovers
|upkeep
|turn|85
|
|t:|1781117321
|move|p2a: Voyageur|U-turn|p1a: Garganacl
|-damage|p1a: Garganacl|75/100
|
|t:|1781117323
|switch|p2a: P!nk|Clefable, F|97/100 brn|[from] U-turn
|move|p1a: Garganacl|Salt Cure|p2a: P!nk
|-damage|p2a: P!nk|87/100 brn
|-start|p2a: P!nk|Salt Cure
|
|-heal|p2a: P!nk|93/100 brn|[from] item: Leftovers
|-heal|p1a: Garganacl|81/100|[from] item: Leftovers
|upkeep
|turn|86
|
|t:|1781117326
|move|p1a: Garganacl|Protect|p1a: Garganacl
|-singleturn|p1a: Garganacl|Protect
|move|p2a: P!nk|Knock Off|p1a: Garganacl
|-activate|p1a: Garganacl|move: Protect
|
|-heal|p2a: P!nk|99/100 brn|[from] item: Leftovers
|-heal|p1a: Garganacl|88/100|[from] item: Leftovers
|upkeep
|turn|87
|
|t:|1781117328
|switch|p1a: Corviknight|Corviknight, F|100/100
|-damage|p1a: Corviknight|88/100|[from] Stealth Rock
|-ability|p1a: Corviknight|Pressure
|move|p2a: P!nk|Knock Off|p1a: Corviknight
|-damage|p1a: Corviknight|85/100
|
|-heal|p2a: P!nk|100/100 brn|[from] item: Leftovers
|upkeep
|turn|88
|
|t:|1781117333
|switch|p2a: Voyageur|Corviknight, F|99/100
|-damage|p2a: Voyageur|87/100|[from] Stealth Rock
|-ability|p2a: Voyageur|Pressure
|move|p1a: Corviknight|U-turn|p2a: Voyageur
|-resisted|p2a: Voyageur
|-damage|p2a: Voyageur|85/100
|
|t:|1781117338
|switch|p1a: Garganacl|Garganacl, F, shiny|88/100|[from] U-turn
|-damage|p1a: Garganacl|75/100|[from] Stealth Rock
|
|-heal|p1a: Garganacl|81/100|[from] item: Leftovers
|upkeep
|turn|89
|
|t:|1781117341
|move|p2a: Voyageur|U-turn|p1a: Garganacl
|-damage|p1a: Garganacl|72/100
|
|t:|1781117343
|switch|p2a: P!nk|Clefable, F|100/100 brn|[from] U-turn
|move|p1a: Garganacl|Salt Cure|p2a: P!nk
|-damage|p2a: P!nk|90/100 brn
|-start|p2a: P!nk|Salt Cure
|
|-heal|p2a: P!nk|96/100 brn|[from] item: Leftovers
|-heal|p1a: Garganacl|78/100|[from] item: Leftovers
|upkeep
|turn|90
|
|t:|1781117346
|move|p1a: Garganacl|Protect|p1a: Garganacl
|-singleturn|p1a: Garganacl|Protect
|move|p2a: P!nk|Knock Off|p1a: Garganacl
|-activate|p1a: Garganacl|move: Protect
|
|-heal|p2a: P!nk|100/100 brn|[from] item: Leftovers
|-heal|p1a: Garganacl|84/100|[from] item: Leftovers
|upkeep
|turn|91
|
|t:|1781117348
|switch|p1a: Corviknight|Corviknight, F|85/100
|-damage|p1a: Corviknight|72/100|[from] Stealth Rock
|-ability|p1a: Corviknight|Pressure
|move|p2a: P!nk|Knock Off|p1a: Corviknight
|-damage|p1a: Corviknight|69/100
|
|upkeep
|turn|92
|
|t:|1781117352
|switch|p2a: Voyageur|Corviknight, F|85/100
|-damage|p2a: Voyageur|73/100|[from] Stealth Rock
|-ability|p2a: Voyageur|Pressure
|move|p1a: Corviknight|U-turn|p2a: Voyageur
|-resisted|p2a: Voyageur
|-damage|p2a: Voyageur|71/100
|
|t:|1781117354
|switch|p1a: Garganacl|Garganacl, F, shiny|84/100|[from] U-turn
|-damage|p1a: Garganacl|72/100|[from] Stealth Rock
|
|-heal|p1a: Garganacl|78/100|[from] item: Leftovers
|upkeep
|turn|93
|
|t:|1781117357
|move|p2a: Voyageur|U-turn|p1a: Garganacl
|-damage|p1a: Garganacl|69/100
|j| cachowcapow
|
|t:|1781117358
|switch|p2a: P!nk|Clefable, F|100/100 brn|[from] U-turn
|move|p1a: Garganacl|Salt Cure|p2a: P!nk
|-damage|p2a: P!nk|91/100 brn
|-start|p2a: P!nk|Salt Cure
|
|-heal|p2a: P!nk|97/100 brn|[from] item: Leftovers
|-heal|p1a: Garganacl|75/100|[from] item: Leftovers
|upkeep
|turn|94
|
|t:|1781117362
|move|p1a: Garganacl|Protect|p1a: Garganacl
|-singleturn|p1a: Garganacl|Protect
|move|p2a: P!nk|Knock Off|p1a: Garganacl
|-activate|p1a: Garganacl|move: Protect
|
|-heal|p2a: P!nk|100/100 brn|[from] item: Leftovers
|-heal|p1a: Garganacl|81/100|[from] item: Leftovers
|upkeep
|turn|95
|
|t:|1781117364
|switch|p1a: Corviknight|Corviknight, F|69/100
|-damage|p1a: Corviknight|57/100|[from] Stealth Rock
|-ability|p1a: Corviknight|Pressure
|move|p2a: P!nk|Knock Off|p1a: Corviknight
|-damage|p1a: Corviknight|54/100
|
|upkeep
|turn|96
|
|t:|1781117369
|move|p1a: Corviknight|Roost|p1a: Corviknight
|-heal|p1a: Corviknight|100/100
|-singleturn|p1a: Corviknight|move: Roost
|move|p2a: P!nk|Knock Off|p1a: Corviknight
|-damage|p1a: Corviknight|97/100
|
|upkeep
|turn|97
|
|t:|1781117374
|switch|p2a: Voyageur|Corviknight, F|71/100
|-damage|p2a: Voyageur|58/100|[from] Stealth Rock
|-ability|p2a: Voyageur|Pressure
|move|p1a: Corviknight|U-turn|p2a: Voyageur
|-resisted|p2a: Voyageur
|-damage|p2a: Voyageur|56/100
|
|t:|1781117378
|switch|p1a: Garganacl|Garganacl, F, shiny|81/100|[from] U-turn
|-damage|p1a: Garganacl|69/100|[from] Stealth Rock
|
|-heal|p1a: Garganacl|75/100|[from] item: Leftovers
|upkeep
|turn|98
|
|t:|1781117382
|move|p2a: Voyageur|U-turn|p1a: Garganacl
|-crit|p1a: Garganacl
|-damage|p1a: Garganacl|62/100
|
|t:|1781117384
|switch|p2a: P!nk|Clefable, F|100/100 brn|[from] U-turn
|move|p1a: Garganacl|Salt Cure|p2a: P!nk
|-damage|p2a: P!nk|90/100 brn
|-start|p2a: P!nk|Salt Cure
|
|-heal|p2a: P!nk|96/100 brn|[from] item: Leftovers
|-heal|p1a: Garganacl|68/100|[from] item: Leftovers
|upkeep
|turn|99
|
|t:|1781117386
|move|p1a: Garganacl|Protect|p1a: Garganacl
|-singleturn|p1a: Garganacl|Protect
|move|p2a: P!nk|Moonblast|p1a: Garganacl
|-activate|p1a: Garganacl|move: Protect
|
|-heal|p2a: P!nk|100/100 brn|[from] item: Leftovers
|-heal|p1a: Garganacl|74/100|[from] item: Leftovers
|upkeep
|turn|100
|
|t:|1781117390
|switch|p1a: Corviknight|Corviknight, F|97/100
|-damage|p1a: Corviknight|85/100|[from] Stealth Rock
|-ability|p1a: Corviknight|Pressure
|move|p2a: P!nk|Knock Off|p1a: Corviknight
|-damage|p1a: Corviknight|82/100
|
|upkeep
|turn|101
|
|t:|1781117394
|switch|p2a: Voyageur|Corviknight, F|56/100
|-damage|p2a: Voyageur|44/100|[from] Stealth Rock
|-ability|p2a: Voyageur|Pressure
|move|p1a: Corviknight|Defog|p2a: Voyageur
|-unboost|p2a: Voyageur|evasion|1
|-sideend|p2: juli<33|Stealth Rock|[from] move: Defog|[of] p1a: Corviknight
|-sideend|p1: thebambi1234|Stealth Rock|[from] move: Defog|[of] p1a: Corviknight
|
|upkeep
|turn|102
|
|t:|1781117399
|move|p1a: Corviknight|U-turn|p2a: Voyageur
|-resisted|p2a: Voyageur
|-damage|p2a: Voyageur|42/100
|
|t:|1781117402
|switch|p1a: Dondozo|Dondozo, M|80/100|[from] U-turn
|move|p2a: Voyageur|Roost|p2a: Voyageur
|-heal|p2a: Voyageur|92/100
|-singleturn|p2a: Voyageur|move: Roost
|
|-heal|p1a: Dondozo|86/100|[from] item: Leftovers
|upkeep
|turn|103
|
|t:|1781117408
|switch|p1a: Garganacl|Garganacl, F, shiny|74/100
|move|p2a: Voyageur|U-turn|p1a: Garganacl
|-damage|p1a: Garganacl|64/100
|
|t:|1781117410
|switch|p2a: P!nk|Clefable, F|100/100 brn|[from] U-turn
|
|-heal|p1a: Garganacl|70/100|[from] item: Leftovers
|upkeep
|turn|104
|
|t:|1781117413
|move|p1a: Garganacl|Protect|p1a: Garganacl
|-singleturn|p1a: Garganacl|Protect
|move|p2a: P!nk|Stealth Rock|p1a: Garganacl
|-sidestart|p1: thebambi1234|move: Stealth Rock
|
|-heal|p1a: Garganacl|76/100|[from] item: Leftovers
|upkeep
|turn|105
|
|t:|1781117418
|switch|p1a: Corviknight|Corviknight, F|82/100
|-damage|p1a: Corviknight|69/100|[from] Stealth Rock
|-ability|p1a: Corviknight|Pressure
|move|p2a: P!nk|Moonblast|p1a: Corviknight
|-resisted|p1a: Corviknight
|-damage|p1a: Corviknight|53/100
|
|upkeep
|turn|106
|
|t:|1781117424
|move|p1a: Corviknight|Defog|p2a: P!nk
|-unboost|p2a: P!nk|evasion|1
|-sideend|p1: thebambi1234|Stealth Rock|[from] move: Defog|[of] p1a: Corviknight
|move|p2a: P!nk|Moonblast|p1a: Corviknight
|-resisted|p1a: Corviknight
|-damage|p1a: Corviknight|37/100
|
|upkeep
|turn|107
|
|t:|1781117428
|move|p1a: Corviknight|U-turn|p2a: P!nk
|-resisted|p2a: P!nk
|-damage|p2a: P!nk|96/100 brn
|
|t:|1781117431
|switch|p1a: Garganacl|Garganacl, F, shiny|76/100|[from] U-turn
|move|p2a: P!nk|Stealth Rock|p1a: Garganacl
|-sidestart|p1: thebambi1234|move: Stealth Rock
|
|-heal|p2a: P!nk|100/100 brn|[from] item: Leftovers
|-heal|p1a: Garganacl|82/100|[from] item: Leftovers
|upkeep
|turn|108
|
|t:|1781117435
|move|p1a: Garganacl|Protect|p1a: Garganacl
|-singleturn|p1a: Garganacl|Protect
|move|p2a: P!nk|Moonblast|p1a: Garganacl
|-activate|p1a: Garganacl|move: Protect
|
|-heal|p1a: Garganacl|89/100|[from] item: Leftovers
|upkeep
|turn|109
|
|t:|1781117441
|switch|p1a: Gliscor|Gliscor, M, shiny|15/100
|-damage|p1a: Gliscor|3/100|[from] Stealth Rock
|move|p2a: P!nk|Knock Off|p1a: Gliscor
|-damage|p1a: Gliscor|0 fnt
|faint|p1a: Gliscor
|
|upkeep
|
|t:|1781117444
|switch|p1a: Corviknight|Corviknight, F|37/100
|-damage|p1a: Corviknight|25/100|[from] Stealth Rock
|-ability|p1a: Corviknight|Pressure
|turn|110
|
|t:|1781117448
|move|p1a: Corviknight|Defog|p2a: P!nk
|-unboost|p2a: P!nk|evasion|1
|-sideend|p1: thebambi1234|Stealth Rock|[from] move: Defog|[of] p1a: Corviknight
|move|p2a: P!nk|Knock Off|p1a: Corviknight
|-damage|p1a: Corviknight|22/100
|
|upkeep
|turn|111
|
|t:|1781117455
|move|p1a: Corviknight|Body Press|p2a: P!nk
|-resisted|p2a: P!nk
|-damage|p2a: P!nk|90/100 brn
|move|p2a: P!nk|Stealth Rock|p1a: Corviknight
|-sidestart|p1: thebambi1234|move: Stealth Rock
|
|-heal|p2a: P!nk|96/100 brn|[from] item: Leftovers
|upkeep
|turn|112
|
|t:|1781117457
|move|p1a: Corviknight|Defog|p2a: P!nk
|-unboost|p2a: P!nk|evasion|1
|-sideend|p1: thebambi1234|Stealth Rock|[from] move: Defog|[of] p1a: Corviknight
|move|p2a: P!nk|Knock Off|p1a: Corviknight
|-damage|p1a: Corviknight|19/100
|
|-heal|p2a: P!nk|100/100 brn|[from] item: Leftovers
|upkeep
|turn|113
|
|t:|1781117461
|move|p1a: Corviknight|Body Press|p2a: P!nk
|-resisted|p2a: P!nk
|-damage|p2a: P!nk|90/100 brn
|move|p2a: P!nk|Stealth Rock|p1a: Corviknight
|-sidestart|p1: thebambi1234|move: Stealth Rock
|
|-heal|p2a: P!nk|96/100 brn|[from] item: Leftovers
|upkeep
|turn|114
|
|t:|1781117463
|switch|p2a: Voyageur|Corviknight, F|92/100
|-ability|p2a: Voyageur|Pressure
|move|p1a: Corviknight|Defog|p2a: Voyageur
|-unboost|p2a: Voyageur|evasion|1
|-sideend|p1: thebambi1234|Stealth Rock|[from] move: Defog|[of] p1a: Corviknight
|
|upkeep
|turn|115
|
|t:|1781117469
|move|p1a: Corviknight|Body Press|p2a: Voyageur
|-damage|p2a: Voyageur|75/100
|move|p2a: Voyageur|U-turn|p1a: Corviknight
|-resisted|p1a: Corviknight
|-damage|p1a: Corviknight|17/100
|
|t:|1781117471
|switch|p2a: P!nk|Clefable, F|96/100 brn|[from] U-turn
|
|-heal|p2a: P!nk|100/100 brn|[from] item: Leftovers
|upkeep
|turn|116
|
|t:|1781117475
|move|p1a: Corviknight|Body Press|p2a: P!nk
|-resisted|p2a: P!nk
|-damage|p2a: P!nk|91/100 brn
|move|p2a: P!nk|Stealth Rock|p1a: Corviknight
|-sidestart|p1: thebambi1234|move: Stealth Rock
|
|-heal|p2a: P!nk|97/100 brn|[from] item: Leftovers
|upkeep
|turn|117
|
|t:|1781117479
|switch|p2a: Voyageur|Corviknight, F|75/100
|-ability|p2a: Voyageur|Pressure
|move|p1a: Corviknight|U-turn|p2a: Voyageur
|-resisted|p2a: Voyageur
|-damage|p2a: Voyageur|73/100
|
|t:|1781117481
|switch|p1a: Garganacl|Garganacl, F, shiny|89/100|[from] U-turn
|-damage|p1a: Garganacl|76/100|[from] Stealth Rock
|
|-heal|p1a: Garganacl|82/100|[from] item: Leftovers
|upkeep
|turn|118
|
|t:|1781117484
|move|p2a: Voyageur|U-turn|p1a: Garganacl
|-damage|p1a: Garganacl|73/100
|
|t:|1781117486
|switch|p2a: P!nk|Clefable, F|97/100 brn|[from] U-turn
|move|p1a: Garganacl|Stealth Rock|p2a: P!nk
|-sidestart|p2: juli<33|move: Stealth Rock
|
|-heal|p2a: P!nk|100/100 brn|[from] item: Leftovers
|-heal|p1a: Garganacl|79/100|[from] item: Leftovers
|upkeep
|turn|119
|j| testingrainteam1
|
|t:|1781117489
|move|p1a: Garganacl|Protect|p1a: Garganacl
|-singleturn|p1a: Garganacl|Protect
|move|p2a: P!nk|Knock Off|p1a: Garganacl
|-activate|p1a: Garganacl|move: Protect
|
|-heal|p1a: Garganacl|85/100|[from] item: Leftovers
|upkeep
|turn|120
|
|t:|1781117492
|switch|p2a: Loxodonta|Great Tusk|100/100
|-damage|p2a: Loxodonta|98/100|[from] Stealth Rock
|switch|p1a: Corviknight|Corviknight, F|17/100
|-damage|p1a: Corviknight|4/100|[from] Stealth Rock
|-ability|p1a: Corviknight|Pressure
|
|-heal|p2a: Loxodonta|100/100|[from] item: Leftovers
|upkeep
|turn|121
|
|t:|1781117497
|move|p2a: Loxodonta|Rapid Spin|p1a: Corviknight
|-resisted|p1a: Corviknight
|-damage|p1a: Corviknight|0 fnt
|-boost|p2a: Loxodonta|spe|1
|-sideend|p2: juli<33|Stealth Rock|[from] move: Rapid Spin|[of] p2a: Loxodonta
|faint|p1a: Corviknight
|
|upkeep
|
|t:|1781117499
|switch|p1a: Dondozo|Dondozo, M|86/100
|-damage|p1a: Dondozo|74/100|[from] Stealth Rock
|turn|122
|
|t:|1781117503
|-end|p2a: Loxodonta|Protosynthesis|[silent]
|switch|p2a: P!nk|Clefable, F|100/100 brn
|move|p1a: Dondozo|Waterfall|p2a: P!nk
|-damage|p2a: P!nk|78/100 brn
|
|-heal|p2a: P!nk|84/100 brn|[from] item: Leftovers
|-heal|p1a: Dondozo|80/100|[from] item: Leftovers
|upkeep
|turn|123
|c|☆juli<33|the last knock
|
|t:|1781117514
|switch|p1a: Blissey|Blissey, F|100/100
|-damage|p1a: Blissey|88/100|[from] Stealth Rock
|move|p2a: P!nk|Knock Off|p1a: Blissey
|-damage|p1a: Blissey|72/100
|-enditem|p1a: Blissey|Leftovers|[from] move: Knock Off|[of] p2a: P!nk
|
|-heal|p2a: P!nk|90/100 brn|[from] item: Leftovers
|upkeep
|turn|124
|
|t:|1781117520
|switch|p2a: Loxodonta|Great Tusk|100/100
|move|p1a: Blissey|Seismic Toss|p2a: Loxodonta
|-damage|p2a: Loxodonta|74/100
|
|-heal|p2a: Loxodonta|80/100|[from] item: Leftovers
|upkeep
|turn|125
|
|t:|1781117534
|-end|p2a: Loxodonta|Protosynthesis|[silent]
|switch|p2a: Bull's-eye|Dragapult, F|88/100
|switch|p1a: Dondozo|Dondozo, M|80/100
|-damage|p1a: Dondozo|67/100|[from] Stealth Rock
|
|-heal|p1a: Dondozo|74/100|[from] item: Leftovers
|upkeep
|turn|126
|
|t:|1781117541
|switch|p1a: Garganacl|Garganacl, F, shiny|85/100
|-damage|p1a: Garganacl|73/100|[from] Stealth Rock
|move|p2a: Bull's-eye|U-turn|p1a: Garganacl
|-damage|p1a: Garganacl|61/100
|
|t:|1781117553
|switch|p2a: Jack|Samurott-Hisui, M|47/100|[from] U-turn
|
|-heal|p1a: Garganacl|67/100|[from] item: Leftovers
|upkeep
|turn|127
|
|t:|1781117559
|move|p1a: Garganacl|Protect|p1a: Garganacl
|-singleturn|p1a: Garganacl|Protect
|move|p2a: Jack|Ceaseless Edge|p1a: Garganacl
|-activate|p1a: Garganacl|move: Protect
|
|-heal|p1a: Garganacl|73/100|[from] item: Leftovers
|upkeep
|turn|128
|
|t:|1781117567
|switch|p1a: Dondozo|Dondozo, M|74/100
|-damage|p1a: Dondozo|61/100|[from] Stealth Rock
|move|p2a: Jack|Ceaseless Edge|p1a: Dondozo
|-damage|p1a: Dondozo|40/100
|-sidestart|p1: thebambi1234|Spikes
|
|-heal|p1a: Dondozo|47/100|[from] item: Leftovers
|upkeep
|turn|129
|
|t:|1781117574
|switch|p2a: P!nk|Clefable, F|90/100 brn
|move|p1a: Dondozo|Waterfall|p2a: P!nk
|-damage|p2a: P!nk|68/100 brn
|
|-heal|p2a: P!nk|74/100 brn|[from] item: Leftovers
|-heal|p1a: Dondozo|53/100|[from] item: Leftovers
|upkeep
|turn|130
|
|t:|1781117579
|move|p2a: P!nk|Moonblast|p1a: Dondozo
|-damage|p1a: Dondozo|25/100
|-unboost|p1a: Dondozo|spa|1
|move|p1a: Dondozo|Rest|p1a: Dondozo
|-status|p1a: Dondozo|slp|[from] move: Rest
|-heal|p1a: Dondozo|100/100 slp|[silent]
|
|-heal|p2a: P!nk|80/100 brn|[from] item: Leftovers
|upkeep
|turn|131
|
|t:|1781117595
|switch|p2a: Voyageur|Corviknight, F|73/100
|-ability|p2a: Voyageur|Pressure
|cant|p1a: Dondozo|slp
|move|p1a: Dondozo|Sleep Talk|p1a: Dondozo
|move|p1a: Dondozo|Rest||[from] move: Sleep Talk|[still]
|-fail|p1a: Dondozo
|
|upkeep
|turn|132
|l| cachowcapow
|
|t:|1781117607
|move|p2a: Voyageur|Iron Defense|p2a: Voyageur
|-boost|p2a: Voyageur|def|2
|cant|p1a: Dondozo|slp
|move|p1a: Dondozo|Sleep Talk|p1a: Dondozo
|move|p1a: Dondozo|Waterfall|p2a: Voyageur|[from] move: Sleep Talk
|-damage|p2a: Voyageur|57/100
|
|upkeep
|turn|133
|
|t:|1781117613
|move|p2a: Voyageur|Iron Defense|p2a: Voyageur
|-boost|p2a: Voyageur|def|2
|-curestatus|p1a: Dondozo|slp|[msg]
|move|p1a: Dondozo|Waterfall|p2a: Voyageur
|-damage|p2a: Voyageur|41/100
|
|upkeep
|turn|134
|
|t:|1781117619
|move|p2a: Voyageur|Roost|p2a: Voyageur
|-heal|p2a: Voyageur|91/100
|-singleturn|p2a: Voyageur|move: Roost
|move|p1a: Dondozo|Body Press|p2a: Voyageur
|-supereffective|p2a: Voyageur
|-damage|p2a: Voyageur|56/100
|
|upkeep
|turn|135
|
|t:|1781117625
|move|p2a: Voyageur|U-turn|p1a: Dondozo
|-damage|p1a: Dondozo|94/100
|
|t:|1781117627
|switch|p2a: Bull's-eye|Dragapult, F|88/100|[from] U-turn
|move|p1a: Dondozo|Waterfall|p2a: Bull's-eye
|-resisted|p2a: Bull's-eye
|-damage|p2a: Bull's-eye|70/100
|
|-heal|p1a: Dondozo|100/100|[from] item: Leftovers
|upkeep
|turn|136
|
|t:|1781117631
|move|p2a: Bull's-eye|U-turn|p1a: Dondozo
|-damage|p1a: Dondozo|93/100
|
|t:|1781117642
|switch|p2a: P!nk|Clefable, F|80/100 brn|[from] U-turn
|move|p1a: Dondozo|Waterfall|p2a: P!nk
|-damage|p2a: P!nk|59/100 brn
|
|-heal|p2a: P!nk|65/100 brn|[from] item: Leftovers
|-heal|p1a: Dondozo|99/100|[from] item: Leftovers
|upkeep
|turn|137
|
|t:|1781117647
|move|p2a: P!nk|Moonblast|p1a: Dondozo
|-damage|p1a: Dondozo|67/100
|-unboost|p1a: Dondozo|spa|1
|move|p1a: Dondozo|Waterfall|p2a: P!nk
|-damage|p2a: P!nk|46/100 brn
|
|-heal|p2a: P!nk|52/100 brn|[from] item: Leftovers
|-heal|p1a: Dondozo|73/100|[from] item: Leftovers
|upkeep
|turn|138
|
|t:|1781117653
|move|p2a: P!nk|Moonlight|p2a: P!nk
|-heal|p2a: P!nk|100/100 brn
|move|p1a: Dondozo|Waterfall|p2a: P!nk
|-damage|p2a: P!nk|80/100 brn
|
|-heal|p2a: P!nk|87/100 brn|[from] item: Leftovers
|-heal|p1a: Dondozo|79/100|[from] item: Leftovers
|upkeep
|turn|139
|
|t:|1781117656
|switch|p1a: Blissey|Blissey, F|72/100
|-damage|p1a: Blissey|60/100|[from] Stealth Rock
|-damage|p1a: Blissey|48/100|[from] Spikes
|move|p2a: P!nk|Moonblast|p1a: Blissey
|-damage|p1a: Blissey|39/100
|
|-heal|p2a: P!nk|93/100 brn|[from] item: Leftovers
|upkeep
|turn|140
|
|t:|1781117666
|switch|p2a: Jack|Samurott-Hisui, M|47/100
|move|p1a: Blissey|Flamethrower|p2a: Jack
|-resisted|p2a: Jack
|-damage|p2a: Jack|36/100
|
|upkeep
|turn|141
|
|t:|1781117672
|switch|p1a: Dondozo|Dondozo, M|79/100
|-damage|p1a: Dondozo|67/100|[from] Stealth Rock
|-damage|p1a: Dondozo|54/100|[from] Spikes
|move|p2a: Jack|Knock Off|p1a: Dondozo
|-crit|p1a: Dondozo
|-damage|p1a: Dondozo|25/100
|-enditem|p1a: Dondozo|Leftovers|[from] move: Knock Off|[of] p2a: Jack
|
|upkeep
|turn|142
|
|t:|1781117676
|move|p2a: Jack|Ceaseless Edge|p1a: Dondozo
|-damage|p1a: Dondozo|5/100
|-sidestart|p1: thebambi1234|Spikes
|move|p1a: Dondozo|Rest|p1a: Dondozo
|-status|p1a: Dondozo|slp|[from] move: Rest
|-heal|p1a: Dondozo|100/100 slp|[silent]
|
|upkeep
|turn|143
|
|t:|1781117681
|move|p2a: Jack|Ceaseless Edge|p1a: Dondozo
|-damage|p1a: Dondozo|80/100 slp
|-sidestart|p1: thebambi1234|Spikes
|cant|p1a: Dondozo|slp
|move|p1a: Dondozo|Sleep Talk|p1a: Dondozo
|move|p1a: Dondozo|Waterfall|p2a: Jack|[from] move: Sleep Talk
|-resisted|p2a: Jack
|-damage|p2a: Jack|21/100
|
|upkeep
|turn|144
|
|t:|1781117687
|switch|p2a: P!nk|Clefable, F|93/100 brn
|cant|p1a: Dondozo|slp
|move|p1a: Dondozo|Sleep Talk|p1a: Dondozo
|move|p1a: Dondozo|Rest||[from] move: Sleep Talk|[still]
|-fail|p1a: Dondozo
|
|-heal|p2a: P!nk|99/100 brn|[from] item: Leftovers
|upkeep
|turn|145
|
|t:|1781117695
|move|p2a: P!nk|Moonblast|p1a: Dondozo
|-damage|p1a: Dondozo|50/100 slp
|-curestatus|p1a: Dondozo|slp|[msg]
|move|p1a: Dondozo|Waterfall|p2a: P!nk
|-damage|p2a: P!nk|76/100 brn
|
|-heal|p2a: P!nk|82/100 brn|[from] item: Leftovers
|upkeep
|turn|146
|
|t:|1781117703
|switch|p2a: Voyageur|Corviknight, F|56/100
|-ability|p2a: Voyageur|Pressure
|move|p1a: Dondozo|Rest|p1a: Dondozo
|-status|p1a: Dondozo|slp|[from] move: Rest
|-heal|p1a: Dondozo|100/100 slp|[silent]
|
|upkeep
|turn|147
|
|t:|1781117707
|move|p2a: Voyageur|Brave Bird|p1a: Dondozo
|-damage|p1a: Dondozo|85/100 slp
|-damage|p2a: Voyageur|50/100|[from] Recoil
|cant|p1a: Dondozo|slp
|move|p1a: Dondozo|Sleep Talk|p1a: Dondozo
|move|p1a: Dondozo|Rest||[from] move: Sleep Talk|[still]
|-fail|p1a: Dondozo
|
|upkeep
|turn|148
|
|t:|1781117713
|move|p2a: Voyageur|Roost|p2a: Voyageur
|-heal|p2a: Voyageur|99/100
|-singleturn|p2a: Voyageur|move: Roost
|cant|p1a: Dondozo|slp
|move|p1a: Dondozo|Sleep Talk|p1a: Dondozo
|move|p1a: Dondozo|Body Press|p2a: Voyageur|[from] move: Sleep Talk
|-supereffective|p2a: Voyageur
|-damage|p2a: Voyageur|69/100
|
|upkeep
|turn|149
|
|t:|1781117719
|switch|p2a: Bull's-eye|Dragapult, F|70/100
|-curestatus|p1a: Dondozo|slp|[msg]
|move|p1a: Dondozo|Waterfall|p2a: Bull's-eye
|-resisted|p2a: Bull's-eye
|-damage|p2a: Bull's-eye|51/100
|
|upkeep
|turn|150
|
|t:|1781117727
|move|p2a: Bull's-eye|Thunderbolt|p1a: Dondozo
|-supereffective|p1a: Dondozo
|-damage|p1a: Dondozo|4/100
|move|p1a: Dondozo|Waterfall|p2a: Bull's-eye
|-resisted|p2a: Bull's-eye
|-damage|p2a: Bull's-eye|32/100
|
|upkeep
|turn|151
|
|t:|1781117732
|move|p2a: Bull's-eye|Thunderbolt|p1a: Dondozo
|-supereffective|p1a: Dondozo
|-damage|p1a: Dondozo|0 fnt
|faint|p1a: Dondozo
|
|upkeep
|
|t:|1781117734
|switch|p1a: Garganacl|Garganacl, F, shiny|73/100
|-damage|p1a: Garganacl|61/100|[from] Stealth Rock
|-damage|p1a: Garganacl|36/100|[from] Spikes
|turn|152
|
|t:|1781117739
|move|p2a: Bull's-eye|Thunderbolt|p1a: Garganacl
|-damage|p1a: Garganacl|10/100
|move|p1a: Garganacl|Recover|p1a: Garganacl
|-heal|p1a: Garganacl|60/100
|
|-heal|p1a: Garganacl|66/100|[from] item: Leftovers
|upkeep
|turn|153
|c|☆thebambi1234|ggs
|c|☆juli<33|gg
|
|t:|1781117746
|switch|p2a: Jack|Samurott-Hisui, M|21/100
|move|p1a: Garganacl|Salt Cure|p2a: Jack
|-damage|p2a: Jack|5/100
|-start|p2a: Jack|Salt Cure
|
|-heal|p1a: Garganacl|72/100|[from] item: Leftovers
|-damage|p2a: Jack|0 fnt|[from] Salt Cure
|faint|p2a: Jack
|upkeep
|
|t:|1781117748
|switch|p2a: Loxodonta|Great Tusk|80/100
|turn|154
|
|t:|1781117750
|move|p2a: Loxodonta|Close Combat|p1a: Garganacl
|-supereffective|p1a: Garganacl
|-damage|p1a: Garganacl|0 fnt
|-unboost|p2a: Loxodonta|def|1
|-unboost|p2a: Loxodonta|spd|1
|faint|p1a: Garganacl
|
|-heal|p2a: Loxodonta|86/100|[from] item: Leftovers
|upkeep
|
|t:|1781117752
|switch|p1a: Blissey|Blissey, F|39/100
|-damage|p1a: Blissey|27/100|[from] Stealth Rock
|-damage|p1a: Blissey|2/100|[from] Spikes
|turn|155
|
|t:|1781117754
|move|p2a: Loxodonta|Close Combat|p1a: Blissey
|-supereffective|p1a: Blissey
|-damage|p1a: Blissey|0 fnt
|-unboost|p2a: Loxodonta|def|1
|-unboost|p2a: Loxodonta|spd|1
|faint|p1a: Blissey
|
|win|juli<33
|raw|thebambi1234's rating: 1736 &rarr; <strong>1718</strong><br />(-18 for losing)
|raw|juli&lt;33's rating: 1769 &rarr; <strong>1787</strong><br />(+18 for winning)
|l|☆thebambi1234
|player|p1|
|c|☆juli<33|stall : humbled
|l|☆juli<33
|player|p2|
