|j|☆Mysterious Soop
|j|☆adil
|t:|1781186600
|gametype|singles
|player|p1|Mysterious Soop|1|1684
|player|p2|adil|2|1739
|gen|9
|tier|[Gen 9] OU
|rated|
|rule|HP Percentage Mod: HP is shown in percentages
|rule|Endless Battle Clause: Forcing endless battles is banned
|rule|Species Clause: Limit one of each Pokémon
|rule|OHKO Clause: OHKO moves are banned
|rule|Evasion Items Clause: Evasion items are banned
|rule|Evasion Moves Clause: Evasion moves are banned
|rule|Evasion Abilities Clause: Evasion abilities are banned
|rule|Sleep Moves Clause: Sleep-inducing moves are banned
|clearpoke
|poke|p1|Excadrill, M|
|poke|p1|Tyranitar, M|
|poke|p1|Hydrapple, F|
|poke|p1|Gholdengo|
|poke|p1|Alomomola, M|
|poke|p1|Hatterene, F|
|poke|p2|Kyurem|
|poke|p2|Corviknight, F|
|poke|p2|Ting-Lu|
|poke|p2|Slowking-Galar, M|
|poke|p2|Pecharunt|
|poke|p2|Cinderace, F|
|teampreview
|
|t:|1781186626
|teamsize|p1|6
|teamsize|p2|6
|start
|switch|p1a: Tyranitar|Tyranitar, M|100/100
|switch|p2a: Pecharunt|Pecharunt|100/100
|-weather|Sandstorm|[from] ability: Sand Stream|[of] p1a: Tyranitar
|turn|1
|
|t:|1781186635
|switch|p2a: Ting-Lu|Ting-Lu|100/100
|-ability|p2a: Ting-Lu|Vessel of Ruin
|move|p1a: Tyranitar|Knock Off|p2a: Ting-Lu
|-resisted|p2a: Ting-Lu
|-damage|p2a: Ting-Lu|79/100
|-enditem|p2a: Ting-Lu|Leftovers|[from] move: Knock Off|[of] p1a: Tyranitar
|
|-weather|Sandstorm|[upkeep]
|upkeep
|turn|2
|
|t:|1781186644
|switch|p1a: Hatterene|Hatterene, F|100/100
|move|p2a: Ting-Lu|Earthquake|p1a: Hatterene
|-damage|p1a: Hatterene|62/100
|
|-weather|Sandstorm|[upkeep]
|-damage|p1a: Hatterene|56/100|[from] Sandstorm
|upkeep
|turn|3
|
|t:|1781186651
|switch|p1a: Alomomola|Alomomola, M|100/100
|move|p2a: Ting-Lu|Earthquake|p1a: Alomomola
|-damage|p1a: Alomomola|79/100
|
|-weather|Sandstorm|[upkeep]
|-damage|p1a: Alomomola|73/100|[from] Sandstorm
|upkeep
|turn|4
|
|t:|1781186659
|move|p2a: Ting-Lu|Earthquake|p1a: Alomomola
|-damage|p1a: Alomomola|51/100
|move|p1a: Alomomola|Flip Turn|p2a: Ting-Lu
|-supereffective|p2a: Ting-Lu
|-damage|p2a: Ting-Lu|60/100
|inactive|Battle timer is ON: inactive players will automatically lose when time's up. (requested by adil)
|
|t:|1781186683
|switch|p1a: Hydrapple|Hydrapple, F|100/100|[from] Flip Turn
|
|-weather|Sandstorm|[upkeep]
|-damage|p1a: Hydrapple|94/100|[from] Sandstorm
|upkeep
|turn|5
|
|t:|1781186689
|switch|p2a: Slowking|Slowking-Galar, M|100/100
|switch|p1a: Hatterene|Hatterene, F|56/100
|
|-weather|none
|upkeep
|turn|6
|
|t:|1781186699
|switch|p1a: Excadrill|Excadrill, M|100/100
|switch|p2a: Ting-Lu|Ting-Lu|60/100
|-ability|p2a: Ting-Lu|Vessel of Ruin
|
|upkeep
|turn|7
|
|t:|1781186705
|switch|p1a: Alomomola|Alomomola, M|85/100
|move|p2a: Ting-Lu|Earthquake|p1a: Alomomola
|-damage|p1a: Alomomola|64/100
|
|upkeep
|turn|8
|
|t:|1781186711
|switch|p1a: Hatterene|Hatterene, F|56/100
|move|p2a: Ting-Lu|Stealth Rock|p1a: Hatterene
|move|p1a: Hatterene|Stealth Rock|p2a: Ting-Lu|[from] ability: Magic Bounce
|-sidestart|p2: adil|move: Stealth Rock
|
|upkeep
|turn|9
|
|t:|1781186719
|switch|p1a: Alomomola|Alomomola, M|98/100
|move|p2a: Ting-Lu|Earthquake|p1a: Alomomola
|-damage|p1a: Alomomola|76/100
|
|upkeep
|turn|10
|
|t:|1781186723
|move|p2a: Ting-Lu|Stealth Rock|p1a: Alomomola
|-sidestart|p1: Mysterious Soop|move: Stealth Rock
|move|p1a: Alomomola|Flip Turn|p2a: Ting-Lu
|-supereffective|p2a: Ting-Lu
|-damage|p2a: Ting-Lu|41/100
|
|t:|1781186732
|switch|p1a: Tyranitar|Tyranitar, M|100/100|[from] Flip Turn
|-damage|p1a: Tyranitar|88/100|[from] Stealth Rock
|-weather|Sandstorm|[from] ability: Sand Stream|[of] p1a: Tyranitar
|
|-weather|Sandstorm|[upkeep]
|upkeep
|turn|11
|
|t:|1781186739
|switch|p1a: Alomomola|Alomomola, M|100/100
|-damage|p1a: Alomomola|88/100|[from] Stealth Rock
|switch|p2a: Corviknight|Corviknight, F|100/100
|-damage|p2a: Corviknight|88/100|[from] Stealth Rock
|-ability|p2a: Corviknight|Pressure
|
|-weather|Sandstorm|[upkeep]
|-damage|p1a: Alomomola|82/100|[from] Sandstorm
|-heal|p2a: Corviknight|94/100|[from] item: Leftovers
|upkeep
|turn|12
|
|t:|1781186746
|move|p2a: Corviknight|Brave Bird|p1a: Alomomola
|-damage|p1a: Alomomola|61/100
|-damage|p2a: Corviknight|78/100|[from] item: Rocky Helmet|[of] p1a: Alomomola
|-damage|p2a: Corviknight|68/100|[from] Recoil
|move|p1a: Alomomola|Flip Turn|p2a: Corviknight
|-damage|p2a: Corviknight|59/100
|
|t:|1781186754
|switch|p1a: Hydrapple|Hydrapple, F|100/100|[from] Flip Turn
|-damage|p1a: Hydrapple|88/100|[from] Stealth Rock
|
|-weather|Sandstorm|[upkeep]
|-damage|p1a: Hydrapple|82/100|[from] Sandstorm
|-heal|p2a: Corviknight|65/100|[from] item: Leftovers
|upkeep
|turn|13
|
|t:|1781186758
|switch|p1a: Alomomola|Alomomola, M|94/100
|-damage|p1a: Alomomola|82/100|[from] Stealth Rock
|move|p2a: Corviknight|U-turn|p1a: Alomomola
|-damage|p1a: Alomomola|75/100
|-damage|p2a: Corviknight|49/100|[from] item: Rocky Helmet|[of] p1a: Alomomola
|
|t:|1781186769
|switch|p2a: Kyurem|Kyurem|100/100|[from] U-turn
|-damage|p2a: Kyurem|75/100|[from] Stealth Rock
|-ability|p2a: Kyurem|Pressure
|
|-weather|Sandstorm|[upkeep]
|-damage|p2a: Kyurem|69/100|[from] Sandstorm
|-damage|p1a: Alomomola|69/100|[from] Sandstorm
|-heal|p2a: Kyurem|75/100|[from] item: Leftovers
|upkeep
|turn|14
|
|t:|1781186773
|move|p1a: Alomomola|Protect|p1a: Alomomola
|-singleturn|p1a: Alomomola|Protect
|move|p2a: Kyurem|Substitute|p2a: Kyurem
|-start|p2a: Kyurem|Substitute
|-damage|p2a: Kyurem|50/100
|
|-weather|none
|-heal|p2a: Kyurem|57/100|[from] item: Leftovers
|upkeep
|turn|15
|
|t:|1781186779
|move|p2a: Kyurem|Earth Power|p1a: Alomomola
|-damage|p1a: Alomomola|31/100
|-unboost|p1a: Alomomola|spd|1
|move|p1a: Alomomola|Flip Turn|p2a: Kyurem
|-resisted|p2a: Kyurem
|-activate|p2a: Kyurem|move: Substitute|[damage]
|
|t:|1781186792
|switch|p1a: Excadrill|Excadrill, M|100/100|[from] Flip Turn
|-damage|p1a: Excadrill|97/100|[from] Stealth Rock
|
|-heal|p2a: Kyurem|63/100|[from] item: Leftovers
|-heal|p1a: Excadrill|100/100|[from] item: Leftovers
|upkeep
|turn|16
|
|t:|1781186795
|move|p2a: Kyurem|Earth Power|p1a: Excadrill
|-supereffective|p1a: Excadrill
|-damage|p1a: Excadrill|20/100
|move|p1a: Excadrill|Rapid Spin|p2a: Kyurem
|-end|p2a: Kyurem|Substitute
|-sideend|p1: Mysterious Soop|Stealth Rock|[from] move: Rapid Spin|[of] p1a: Excadrill
|-boost|p1a: Excadrill|spe|1
|
|-heal|p1a: Excadrill|26/100|[from] item: Leftovers
|-heal|p2a: Kyurem|69/100|[from] item: Leftovers
|upkeep
|turn|17
|
|t:|1781186802
|move|p2a: Kyurem|Protect|p2a: Kyurem
|-singleturn|p2a: Kyurem|Protect
|move|p1a: Excadrill|Iron Head|p2a: Kyurem
|-activate|p2a: Kyurem|move: Protect
|
|-heal|p1a: Excadrill|32/100|[from] item: Leftovers
|-heal|p2a: Kyurem|75/100|[from] item: Leftovers
|upkeep
|turn|18
|
|t:|1781186805
|switch|p2a: Corviknight|Corviknight, F|49/100
|-damage|p2a: Corviknight|37/100|[from] Stealth Rock
|-ability|p2a: Corviknight|Pressure
|move|p1a: Excadrill|Iron Head|p2a: Corviknight
|-resisted|p2a: Corviknight
|-damage|p2a: Corviknight|22/100
|
|-heal|p1a: Excadrill|38/100|[from] item: Leftovers
|-heal|p2a: Corviknight|28/100|[from] item: Leftovers
|upkeep
|turn|19
|
|t:|1781186819
|switch|p1a: Alomomola|Alomomola, M|64/100
|move|p2a: Corviknight|Roost|p2a: Corviknight
|-heal|p2a: Corviknight|78/100
|-singleturn|p2a: Corviknight|move: Roost
|
|-heal|p2a: Corviknight|84/100|[from] item: Leftovers
|upkeep
|turn|20
|
|t:|1781186830
|move|p2a: Corviknight|U-turn|p1a: Alomomola
|-damage|p1a: Alomomola|57/100
|-damage|p2a: Corviknight|68/100|[from] item: Rocky Helmet|[of] p1a: Alomomola
|
|t:|1781186832
|switch|p2a: Slowking|Slowking-Galar, M|100/100|[from] U-turn
|move|p1a: Alomomola|Wish|p1a: Alomomola
|
|upkeep
|turn|21
|
|t:|1781186838
|switch|p1a: Excadrill|Excadrill, M|38/100
|move|p2a: Slowking|Psychic Noise|p1a: Excadrill
|-resisted|p1a: Excadrill
|-damage|p1a: Excadrill|19/100
|-start|p1a: Excadrill|move: Heal Block
|
|upkeep
|turn|22
|
|t:|1781186847
|switch|p1a: Alomomola|Alomomola, M|90/100
|switch|p2a: Corviknight|Corviknight, F|68/100
|-damage|p2a: Corviknight|56/100|[from] Stealth Rock
|-ability|p2a: Corviknight|Pressure
|
|-heal|p2a: Corviknight|62/100|[from] item: Leftovers
|upkeep
|turn|23
|
|t:|1781186853
|move|p2a: Corviknight|Defog|p1a: Alomomola
|-unboost|p1a: Alomomola|evasion|1
|-sideend|p2: adil|Stealth Rock|[from] move: Defog|[of] p2a: Corviknight
|move|p1a: Alomomola|Flip Turn|p2a: Corviknight
|-damage|p2a: Corviknight|51/100
|
|t:|1781186872
|switch|p1a: Tyranitar|Tyranitar, M|88/100|[from] Flip Turn
|-weather|Sandstorm|[from] ability: Sand Stream|[of] p1a: Tyranitar
|
|-weather|Sandstorm|[upkeep]
|-heal|p2a: Corviknight|57/100|[from] item: Leftovers
|upkeep
|turn|24
|
|t:|1781186882
|move|p2a: Corviknight|Roost|p2a: Corviknight
|-heal|p2a: Corviknight|100/100
|-singleturn|p2a: Corviknight|move: Roost
|move|p1a: Tyranitar|Knock Off|p2a: Corviknight
|-damage|p2a: Corviknight|49/100
|-enditem|p2a: Corviknight|Leftovers|[from] move: Knock Off|[of] p1a: Tyranitar
|
|-weather|Sandstorm|[upkeep]
|upkeep
|turn|25
|
|t:|1781186889
|switch|p1a: Alomomola|Alomomola, M|100/100
|move|p2a: Corviknight|Roost|p2a: Corviknight
|-heal|p2a: Corviknight|99/100
|-singleturn|p2a: Corviknight|move: Roost
|
|-weather|Sandstorm|[upkeep]
|-damage|p1a: Alomomola|94/100|[from] Sandstorm
|upkeep
|turn|26
|
|t:|1781186895
|switch|p2a: Slowking|Slowking-Galar, M|100/100
|move|p1a: Alomomola|Wish|p1a: Alomomola
|
|-weather|Sandstorm|[upkeep]
|-damage|p1a: Alomomola|88/100|[from] Sandstorm
|-damage|p2a: Slowking|94/100|[from] Sandstorm
|upkeep
|turn|27
|
|t:|1781186901
|switch|p1a: Tyranitar|Tyranitar, M|88/100
|-prepare|p2a: Slowking|Chilly Reception|[premajor]
|move|p2a: Slowking|Chilly Reception|p2a: Slowking
|-weather|Snowscape
|
|t:|1781186913
|switch|p2a: Kyurem|Kyurem|75/100|[from] Chilly Reception
|-ability|p2a: Kyurem|Pressure
|
|-weather|Snowscape|[upkeep]
|-heal|p1a: Tyranitar|100/100|[from] move: Wish|[wisher] Alomomola
|-heal|p2a: Kyurem|81/100|[from] item: Leftovers
|upkeep
|turn|28
|
|t:|1781186921
|move|p2a: Kyurem|Substitute|p2a: Kyurem
|-start|p2a: Kyurem|Substitute
|-damage|p2a: Kyurem|56/100
|move|p1a: Tyranitar|Knock Off|p2a: Kyurem
|-end|p2a: Kyurem|Substitute
|
|-weather|Snowscape|[upkeep]
|-heal|p2a: Kyurem|63/100|[from] item: Leftovers
|upkeep
|turn|29
|
|t:|1781186925
|move|p2a: Kyurem|Protect|p2a: Kyurem
|-singleturn|p2a: Kyurem|Protect
|move|p1a: Tyranitar|Knock Off|p2a: Kyurem
|-activate|p2a: Kyurem|move: Protect
|
|-weather|Snowscape|[upkeep]
|-heal|p2a: Kyurem|69/100|[from] item: Leftovers
|upkeep
|turn|30
|
|t:|1781186935
|move|p2a: Kyurem|Substitute|p2a: Kyurem
|-start|p2a: Kyurem|Substitute
|-damage|p2a: Kyurem|44/100
|move|p1a: Tyranitar|Knock Off|p2a: Kyurem
|-end|p2a: Kyurem|Substitute
|
|-weather|Snowscape|[upkeep]
|-heal|p2a: Kyurem|50/100|[from] item: Leftovers
|upkeep
|turn|31
|
|t:|1781186938
|move|p2a: Kyurem|Protect|p2a: Kyurem
|-singleturn|p2a: Kyurem|Protect
|move|p1a: Tyranitar|Knock Off|p2a: Kyurem
|-activate|p2a: Kyurem|move: Protect
|
|-weather|none
|-heal|p2a: Kyurem|56/100|[from] item: Leftovers
|upkeep
|turn|32
|
|t:|1781186943
|switch|p2a: Corviknight|Corviknight, F|99/100
|-ability|p2a: Corviknight|Pressure
|move|p1a: Tyranitar|Knock Off|p2a: Corviknight
|-damage|p2a: Corviknight|66/100
|
|upkeep
|turn|33
|
|t:|1781186951
|switch|p1a: Alomomola|Alomomola, M|100/100
|move|p2a: Corviknight|U-turn|p1a: Alomomola
|-damage|p1a: Alomomola|93/100
|-damage|p2a: Corviknight|49/100|[from] item: Rocky Helmet|[of] p1a: Alomomola
|
|t:|1781186957
|switch|p2a: Kyurem|Kyurem|56/100|[from] U-turn
|-ability|p2a: Kyurem|Pressure
|
|-heal|p2a: Kyurem|62/100|[from] item: Leftovers
|upkeep
|turn|34
|
|t:|1781186968
|switch|p1a: Hatterene|Hatterene, F|56/100
|move|p2a: Kyurem|Substitute|p2a: Kyurem
|-start|p2a: Kyurem|Substitute
|-damage|p2a: Kyurem|37/100
|
|-heal|p2a: Kyurem|44/100|[from] item: Leftovers
|upkeep
|turn|35
|
|t:|1781186986
|move|p2a: Kyurem|Protect|p2a: Kyurem
|-singleturn|p2a: Kyurem|Protect
|move|p1a: Hatterene|Psyshock|p2a: Kyurem
|-activate|p2a: Kyurem|move: Protect
|
|-heal|p2a: Kyurem|50/100|[from] item: Leftovers
|upkeep
|turn|36
|
|t:|1781186991
|move|p2a: Kyurem|Freeze-Dry|p1a: Hatterene
|-crit|p1a: Hatterene
|-damage|p1a: Hatterene|27/100
|move|p1a: Hatterene|Draining Kiss|p2a: Kyurem
|-supereffective|p2a: Kyurem
|-end|p2a: Kyurem|Substitute
|-heal|p1a: Hatterene|50/100|[from] drain|[of] p2a: Kyurem
|
|-heal|p2a: Kyurem|56/100|[from] item: Leftovers
|upkeep
|turn|37
|
|t:|1781186998
|switch|p2a: Slowking|Slowking-Galar, M|100/100
|move|p1a: Hatterene|Draining Kiss|p2a: Slowking
|-resisted|p2a: Slowking
|-damage|p2a: Slowking|94/100
|-heal|p1a: Hatterene|57/100|[from] drain|[of] p2a: Slowking
|
|upkeep
|turn|38
|
|t:|1781187005
|switch|p1a: Tyranitar|Tyranitar, M|100/100
|-weather|Sandstorm|[from] ability: Sand Stream|[of] p1a: Tyranitar
|-prepare|p2a: Slowking|Chilly Reception|[premajor]
|move|p2a: Slowking|Chilly Reception|p2a: Slowking
|-weather|Snowscape
|
|t:|1781187011
|switch|p2a: Kyurem|Kyurem|56/100|[from] Chilly Reception
|-ability|p2a: Kyurem|Pressure
|
|-weather|Snowscape|[upkeep]
|-heal|p2a: Kyurem|62/100|[from] item: Leftovers
|upkeep
|turn|39
|j| newhere1310
|
|t:|1781187017
|move|p2a: Kyurem|Substitute|p2a: Kyurem
|-start|p2a: Kyurem|Substitute
|-damage|p2a: Kyurem|37/100
|move|p1a: Tyranitar|Knock Off|p2a: Kyurem
|-end|p2a: Kyurem|Substitute
|
|-weather|Snowscape|[upkeep]
|-heal|p2a: Kyurem|43/100|[from] item: Leftovers
|upkeep
|turn|40
|
|t:|1781187020
|move|p2a: Kyurem|Protect|p2a: Kyurem
|-singleturn|p2a: Kyurem|Protect
|move|p1a: Tyranitar|Knock Off|p2a: Kyurem
|-activate|p2a: Kyurem|move: Protect
|
|-weather|Snowscape|[upkeep]
|-heal|p2a: Kyurem|50/100|[from] item: Leftovers
|upkeep
|turn|41
|
|t:|1781187028
|switch|p1a: Alomomola|Alomomola, M|100/100
|move|p2a: Kyurem|Substitute|p2a: Kyurem
|-start|p2a: Kyurem|Substitute
|-damage|p2a: Kyurem|25/100
|
|-weather|Snowscape|[upkeep]
|-heal|p2a: Kyurem|31/100|[from] item: Leftovers
|upkeep
|turn|42
|j| chenyu2
|
|t:|1781187035
|move|p2a: Kyurem|Freeze-Dry|p1a: Alomomola
|-supereffective|p1a: Alomomola
|-damage|p1a: Alomomola|17/100
|move|p1a: Alomomola|Flip Turn|p2a: Kyurem
|-resisted|p2a: Kyurem
|-activate|p2a: Kyurem|move: Substitute|[damage]
|
|t:|1781187041
|switch|p1a: Hatterene|Hatterene, F|57/100|[from] Flip Turn
|
|-weather|none
|-heal|p2a: Kyurem|37/100|[from] item: Leftovers
|upkeep
|turn|43
|
|t:|1781187052
|move|p2a: Kyurem|Protect|p2a: Kyurem
|-singleturn|p2a: Kyurem|Protect
|move|p1a: Hatterene|Psyshock|p2a: Kyurem
|-activate|p2a: Kyurem|move: Protect
|
|-heal|p2a: Kyurem|43/100|[from] item: Leftovers
|upkeep
|turn|44
|
|t:|1781187057
|move|p2a: Kyurem|Freeze-Dry|p1a: Hatterene
|-damage|p1a: Hatterene|38/100
|move|p1a: Hatterene|Psyshock|p2a: Kyurem
|-end|p2a: Kyurem|Substitute
|
|-heal|p2a: Kyurem|49/100|[from] item: Leftovers
|upkeep
|turn|45
|
|t:|1781187063
|move|p2a: Kyurem|Protect|p2a: Kyurem
|-singleturn|p2a: Kyurem|Protect
|move|p1a: Hatterene|Draining Kiss|p2a: Kyurem
|-activate|p2a: Kyurem|move: Protect
|
|-heal|p2a: Kyurem|55/100|[from] item: Leftovers
|upkeep
|turn|46
|
|t:|1781187069
|switch|p2a: Corviknight|Corviknight, F|49/100
|-ability|p2a: Corviknight|Pressure
|move|p1a: Hatterene|Draining Kiss|p2a: Corviknight
|-resisted|p2a: Corviknight
|-damage|p2a: Corviknight|39/100
|-heal|p1a: Hatterene|48/100|[from] drain|[of] p2a: Corviknight
|
|upkeep
|turn|47
|
|t:|1781187075
|move|p2a: Corviknight|U-turn|p1a: Hatterene
|-damage|p1a: Hatterene|33/100
|
|t:|1781187077
|switch|p2a: Slowking|Slowking-Galar, M|100/100|[from] U-turn
|move|p1a: Hatterene|Nuzzle|p2a: Slowking
|-damage|p2a: Slowking|97/100
|-status|p2a: Slowking|par
|
|upkeep
|turn|48
|
|t:|1781187089
|switch|p1a: Alomomola|Alomomola, M|50/100
|-prepare|p2a: Slowking|Chilly Reception|[premajor]
|cant|p2a: Slowking|par
|
|upkeep
|turn|49
|
|t:|1781187096
|move|p1a: Alomomola|Flip Turn|p2a: Slowking
|-damage|p2a: Slowking|80/100 par
|
|t:|1781187108
|switch|p1a: Gholdengo|Gholdengo|100/100|[from] Flip Turn
|-prepare|p2a: Slowking|Chilly Reception|[premajor]
|move|p2a: Slowking|Chilly Reception|p2a: Slowking
|-weather|Snowscape
|
|t:|1781187114
|switch|p2a: Ting-Lu|Ting-Lu|41/100|[from] Chilly Reception
|-ability|p2a: Ting-Lu|Vessel of Ruin
|
|-weather|Snowscape|[upkeep]
|upkeep
|turn|50
|
|t:|1781187123
|switch|p1a: Alomomola|Alomomola, M|84/100
|move|p2a: Ting-Lu|Stealth Rock|p1a: Alomomola
|-sidestart|p1: Mysterious Soop|move: Stealth Rock
|
|-weather|Snowscape|[upkeep]
|upkeep
|turn|51
|
|t:|1781187129
|switch|p2a: Kyurem|Kyurem|55/100
|-ability|p2a: Kyurem|Pressure
|move|p1a: Alomomola|Wish|p1a: Alomomola
|
|-weather|Snowscape|[upkeep]
|-heal|p2a: Kyurem|62/100|[from] item: Leftovers
|upkeep
|turn|52
|
|t:|1781187137
|switch|p1a: Hatterene|Hatterene, F|33/100
|-damage|p1a: Hatterene|20/100|[from] Stealth Rock
|move|p2a: Kyurem|Freeze-Dry|p1a: Hatterene
|-damage|p1a: Hatterene|3/100
|
|-weather|Snowscape|[upkeep]
|-heal|p1a: Hatterene|87/100|[from] move: Wish|[wisher] Alomomola
|-heal|p2a: Kyurem|68/100|[from] item: Leftovers
|upkeep
|turn|53
|
|t:|1781187152
|switch|p2a: Slowking|Slowking-Galar, M|100/100 par
|switch|p1a: Tyranitar|Tyranitar, M|100/100
|-damage|p1a: Tyranitar|88/100|[from] Stealth Rock
|-weather|Sandstorm|[from] ability: Sand Stream|[of] p1a: Tyranitar
|
|-weather|Sandstorm|[upkeep]
|-damage|p2a: Slowking|94/100 par|[from] Sandstorm
|upkeep
|turn|54
|
|t:|1781187159
|switch|p2a: Ting-Lu|Ting-Lu|41/100
|-ability|p2a: Ting-Lu|Vessel of Ruin
|move|p1a: Tyranitar|Knock Off|p2a: Ting-Lu
|-resisted|p2a: Ting-Lu
|-damage|p2a: Ting-Lu|25/100
|
|-weather|Sandstorm|[upkeep]
|upkeep
|turn|55
|
|t:|1781187168
|switch|p1a: Alomomola|Alomomola, M|100/100
|-damage|p1a: Alomomola|88/100|[from] Stealth Rock
|move|p2a: Ting-Lu|Rest|p2a: Ting-Lu
|-status|p2a: Ting-Lu|slp|[from] move: Rest
|-heal|p2a: Ting-Lu|100/100 slp|[silent]
|
|-weather|Sandstorm|[upkeep]
|-damage|p1a: Alomomola|82/100|[from] Sandstorm
|upkeep
|turn|56
|
|t:|1781187174
|switch|p2a: Kyurem|Kyurem|68/100
|-ability|p2a: Kyurem|Pressure
|move|p1a: Alomomola|Flip Turn|p2a: Kyurem
|-resisted|p2a: Kyurem
|-damage|p2a: Kyurem|61/100
|
|t:|1781187179
|switch|p1a: Hatterene|Hatterene, F|87/100|[from] Flip Turn
|-damage|p1a: Hatterene|75/100|[from] Stealth Rock
|
|-weather|Sandstorm|[upkeep]
|-damage|p2a: Kyurem|55/100|[from] Sandstorm
|-damage|p1a: Hatterene|69/100|[from] Sandstorm
|-heal|p2a: Kyurem|61/100|[from] item: Leftovers
|upkeep
|turn|57
|
|t:|1781187186
|move|p2a: Kyurem|Protect|p2a: Kyurem
|-singleturn|p2a: Kyurem|Protect
|move|p1a: Hatterene|Psyshock|p2a: Kyurem
|-activate|p2a: Kyurem|move: Protect
|
|-weather|none
|-heal|p2a: Kyurem|67/100|[from] item: Leftovers
|upkeep
|turn|58
|
|t:|1781187191
|switch|p2a: Slowking|Slowking-Galar, M|100/100 par
|move|p1a: Hatterene|Draining Kiss|p2a: Slowking
|-resisted|p2a: Slowking
|-damage|p2a: Slowking|94/100 par
|-heal|p1a: Hatterene|74/100|[from] drain|[of] p2a: Slowking
|
|upkeep
|turn|59
|
|t:|1781187205
|move|p1a: Hatterene|Psyshock|p2a: Slowking
|-damage|p2a: Slowking|54/100 par
|-prepare|p2a: Slowking|Chilly Reception|[premajor]
|move|p2a: Slowking|Chilly Reception|p2a: Slowking
|-weather|Snowscape
|
|t:|1781187215
|switch|p2a: Pecharunt|Pecharunt|100/100|[from] Chilly Reception
|
|-weather|Snowscape|[upkeep]
|upkeep
|turn|60
|
|t:|1781187238
|switch|p2a: Corviknight|Corviknight, F|39/100
|-ability|p2a: Corviknight|Pressure
|move|p1a: Hatterene|Nuzzle|p2a: Corviknight
|-supereffective|p2a: Corviknight
|-damage|p2a: Corviknight|34/100
|-status|p2a: Corviknight|par
|
|-weather|Snowscape|[upkeep]
|upkeep
|turn|61
|
|t:|1781187244
|move|p1a: Hatterene|Mystical Fire|p2a: Corviknight
|-supereffective|p2a: Corviknight
|-damage|p2a: Corviknight|0 fnt
|faint|p2a: Corviknight
|
|-weather|Snowscape|[upkeep]
|upkeep
|
|t:|1781187247
|switch|p2a: Pecharunt|Pecharunt|100/100
|turn|62
|
|t:|1781187254
|switch|p1a: Tyranitar|Tyranitar, M|88/100
|-damage|p1a: Tyranitar|76/100|[from] Stealth Rock
|-weather|Sandstorm|[from] ability: Sand Stream|[of] p1a: Tyranitar
|move|p2a: Pecharunt|Malignant Chain|p1a: Tyranitar
|-resisted|p1a: Tyranitar
|-damage|p1a: Tyranitar|66/100
|
|-weather|Sandstorm|[upkeep]
|-damage|p2a: Pecharunt|94/100|[from] Sandstorm
|upkeep
|turn|63
|
|t:|1781187275
|switch|p2a: Ting-Lu|Ting-Lu|100/100 slp
|-ability|p2a: Ting-Lu|Vessel of Ruin
|switch|p1a: Gholdengo|Gholdengo|100/100
|-damage|p1a: Gholdengo|94/100|[from] Stealth Rock
|
|-weather|Sandstorm|[upkeep]
|upkeep
|turn|64
|
|t:|1781187286
|move|p1a: Gholdengo|Trick|p2a: Ting-Lu
|-activate|p1a: Gholdengo|move: Trick|[of] p2a: Ting-Lu
|-item|p2a: Ting-Lu|Choice Scarf|[from] move: Trick
|-enditem|p1a: Gholdengo|Choice Scarf|[silent]|[from] move: Trick
|cant|p2a: Ting-Lu|slp
|
|-weather|Sandstorm|[upkeep]
|upkeep
|turn|65
|
|t:|1781187304
|switch|p1a: Hydrapple|Hydrapple, F|100/100
|-damage|p1a: Hydrapple|88/100|[from] Stealth Rock
|switch|p2a: Cinderace|Cinderace, F|100/100
|
|-weather|Sandstorm|[upkeep]
|-damage|p2a: Cinderace|94/100|[from] Sandstorm
|-damage|p1a: Hydrapple|82/100|[from] Sandstorm
|upkeep
|turn|66
|
|t:|1781187320
|move|p2a: Cinderace|U-turn|p1a: Hydrapple
|-supereffective|p1a: Hydrapple
|-damage|p1a: Hydrapple|54/100
|
|t:|1781187324
|switch|p2a: Slowking|Slowking-Galar, M|87/100 par|[from] U-turn
|move|p1a: Hydrapple|Fickle Beam|p2a: Slowking
|-damage|p2a: Slowking|46/100 par
|
|-weather|none
|upkeep
|turn|67
|
|t:|1781187331
|move|p1a: Hydrapple|Fickle Beam|p2a: Slowking
|-damage|p2a: Slowking|11/100 par
|-prepare|p2a: Slowking|Chilly Reception|[premajor]
|move|p2a: Slowking|Chilly Reception|p2a: Slowking
|-weather|Snowscape
|l| newhere1310
|
|t:|1781187348
|switch|p2a: Kyurem|Kyurem|67/100|[from] Chilly Reception
|-ability|p2a: Kyurem|Pressure
|
|-weather|Snowscape|[upkeep]
|-heal|p2a: Kyurem|73/100|[from] item: Leftovers
|upkeep
|turn|68
|
|t:|1781187363
|switch|p2a: Pecharunt|Pecharunt|94/100
|switch|p1a: Tyranitar|Tyranitar, M|66/100
|-damage|p1a: Tyranitar|54/100|[from] Stealth Rock
|-weather|Sandstorm|[from] ability: Sand Stream|[of] p1a: Tyranitar
|
|-weather|Sandstorm|[upkeep]
|-damage|p2a: Pecharunt|88/100|[from] Sandstorm
|upkeep
|turn|69
|
|t:|1781187374
|switch|p2a: Ting-Lu|Ting-Lu|100/100 slp
|-ability|p2a: Ting-Lu|Vessel of Ruin
|move|p1a: Tyranitar|Knock Off|p2a: Ting-Lu
|-resisted|p2a: Ting-Lu
|-damage|p2a: Ting-Lu|78/100 slp
|-enditem|p2a: Ting-Lu|Choice Scarf|[from] move: Knock Off|[of] p1a: Tyranitar
|
|-weather|Sandstorm|[upkeep]
|upkeep
|turn|70
|
|t:|1781187388
|switch|p1a: Hydrapple|Hydrapple, F|88/100
|-damage|p1a: Hydrapple|75/100|[from] Stealth Rock
|cant|p2a: Ting-Lu|slp
|
|-weather|Sandstorm|[upkeep]
|-damage|p1a: Hydrapple|69/100|[from] Sandstorm
|upkeep
|turn|71
|
|t:|1781187406
|-curestatus|p2a: Ting-Lu|slp|[msg]
|move|p2a: Ting-Lu|Earthquake|p1a: Hydrapple
|-resisted|p1a: Hydrapple
|-damage|p1a: Hydrapple|55/100
|move|p1a: Hydrapple|Fickle Beam|p2a: Ting-Lu
|-damage|p2a: Ting-Lu|53/100
|
|-weather|Sandstorm|[upkeep]
|-damage|p1a: Hydrapple|48/100|[from] Sandstorm
|upkeep
|turn|72
|
|t:|1781187415
|move|p2a: Ting-Lu|Earthquake|p1a: Hydrapple
|-resisted|p1a: Hydrapple
|-damage|p1a: Hydrapple|34/100
|move|p1a: Hydrapple|Fickle Beam|p2a: Ting-Lu
|-crit|p2a: Ting-Lu
|-damage|p2a: Ting-Lu|11/100
|
|-weather|none
|upkeep
|turn|73
|
|t:|1781187422
|move|p2a: Ting-Lu|Rest|p2a: Ting-Lu
|-status|p2a: Ting-Lu|slp|[from] move: Rest
|-heal|p2a: Ting-Lu|100/100 slp|[silent]
|move|p1a: Hydrapple|Fickle Beam|p2a: Ting-Lu|[anim] Fickle Beam All Out
|-activate|p1a: Hydrapple|move: Fickle Beam
|-damage|p2a: Ting-Lu|51/100 slp
|
|upkeep
|turn|74
|
|t:|1781187437
|cant|p2a: Ting-Lu|slp
|move|p1a: Hydrapple|Fickle Beam|p2a: Ting-Lu
|-damage|p2a: Ting-Lu|23/100 slp
|
|upkeep
|turn|75
|
|t:|1781187442
|switch|p2a: Slowking|Slowking-Galar, M|44/100 par
|move|p1a: Hydrapple|Fickle Beam|p2a: Slowking
|-damage|p2a: Slowking|8/100 par
|
|upkeep
|turn|76
|
|t:|1781187467
|switch|p2a: Pecharunt|Pecharunt|88/100
|move|p1a: Hydrapple|Fickle Beam|p2a: Pecharunt
|-damage|p2a: Pecharunt|20/100
|
|upkeep
|turn|77
|inactive|adil has 120 seconds left.
|
|t:|1781187486
|switch|p2a: Kyurem|Kyurem|73/100
|-ability|p2a: Kyurem|Pressure
|switch|p1a: Tyranitar|Tyranitar, M|54/100
|-damage|p1a: Tyranitar|41/100|[from] Stealth Rock
|-weather|Sandstorm|[from] ability: Sand Stream|[of] p1a: Tyranitar
|
|-weather|Sandstorm|[upkeep]
|-damage|p2a: Kyurem|67/100|[from] Sandstorm
|-heal|p2a: Kyurem|73/100|[from] item: Leftovers
|upkeep
|turn|78
|
|t:|1781187497
|move|p2a: Kyurem|Protect|p2a: Kyurem
|-singleturn|p2a: Kyurem|Protect
|move|p1a: Tyranitar|Knock Off|p2a: Kyurem
|-activate|p2a: Kyurem|move: Protect
|
|-weather|Sandstorm|[upkeep]
|-damage|p2a: Kyurem|67/100|[from] Sandstorm
|-heal|p2a: Kyurem|73/100|[from] item: Leftovers
|upkeep
|turn|79
|inactive|adil has 120 seconds left.
|
|t:|1781187516
|-terastallize|p2a: Kyurem|Ground
|move|p2a: Kyurem|Substitute|p2a: Kyurem
|-start|p2a: Kyurem|Substitute
|-damage|p2a: Kyurem|48/100
|move|p1a: Tyranitar|Knock Off|p2a: Kyurem
|-end|p2a: Kyurem|Substitute
|
|-weather|Sandstorm|[upkeep]
|-heal|p2a: Kyurem|54/100|[from] item: Leftovers
|upkeep
|turn|80
|c|☆Mysterious Soop|sub tect kyurem is devilish fr
|
|t:|1781187532
|switch|p1a: Hatterene|Hatterene, F|74/100
|-damage|p1a: Hatterene|62/100|[from] Stealth Rock
|move|p2a: Kyurem|Earth Power|p1a: Hatterene
|-damage|p1a: Hatterene|37/100
|
|-weather|Sandstorm|[upkeep]
|-damage|p1a: Hatterene|31/100|[from] Sandstorm
|-heal|p2a: Kyurem|61/100|[from] item: Leftovers
|upkeep
|turn|81
|
|t:|1781187544
|move|p2a: Kyurem|Protect|p2a: Kyurem
|-singleturn|p2a: Kyurem|Protect
|move|p1a: Hatterene|Draining Kiss|p2a: Kyurem
|-activate|p2a: Kyurem|move: Protect
|
|-weather|none
|-heal|p2a: Kyurem|67/100|[from] item: Leftovers
|upkeep
|turn|82
|
|t:|1781187551
|move|p2a: Kyurem|Earth Power|p1a: Hatterene
|-damage|p1a: Hatterene|6/100
|move|p1a: Hatterene|Draining Kiss|p2a: Kyurem
|-damage|p2a: Kyurem|46/100
|-heal|p1a: Hatterene|26/100|[from] drain|[of] p2a: Kyurem
|
|-heal|p2a: Kyurem|52/100|[from] item: Leftovers
|upkeep
|turn|83
|
|t:|1781187564
|move|p2a: Kyurem|Protect|p2a: Kyurem
|-singleturn|p2a: Kyurem|Protect
|move|p1a: Hatterene|Draining Kiss|p2a: Kyurem
|-activate|p2a: Kyurem|move: Protect
|
|-heal|p2a: Kyurem|58/100|[from] item: Leftovers
|upkeep
|turn|84
|
|t:|1781187568
|move|p2a: Kyurem|Earth Power|p1a: Hatterene
|-damage|p1a: Hatterene|1/100
|-unboost|p1a: Hatterene|spd|1
|move|p1a: Hatterene|Draining Kiss|p2a: Kyurem
|-damage|p2a: Kyurem|39/100
|-heal|p1a: Hatterene|20/100|[from] drain|[of] p2a: Kyurem
|
|-heal|p2a: Kyurem|45/100|[from] item: Leftovers
|upkeep
|turn|85
|
|t:|1781187581
|switch|p1a: Tyranitar|Tyranitar, M|41/100
|-damage|p1a: Tyranitar|29/100|[from] Stealth Rock
|-weather|Sandstorm|[from] ability: Sand Stream|[of] p1a: Tyranitar
|move|p2a: Kyurem|Freeze-Dry|p1a: Tyranitar
|-damage|p1a: Tyranitar|8/100
|
|-weather|Sandstorm|[upkeep]
|-heal|p2a: Kyurem|51/100|[from] item: Leftovers
|upkeep
|turn|86
|
|t:|1781187588
|move|p2a: Kyurem|Substitute|p2a: Kyurem
|-start|p2a: Kyurem|Substitute
|-damage|p2a: Kyurem|26/100
|move|p1a: Tyranitar|Knock Off|p2a: Kyurem
|-end|p2a: Kyurem|Substitute
|
|-weather|Sandstorm|[upkeep]
|-heal|p2a: Kyurem|32/100|[from] item: Leftovers
|upkeep
|turn|87
|j| newhere1310
|
|t:|1781187600
|move|p2a: Kyurem|Earth Power|p1a: Tyranitar
|-supereffective|p1a: Tyranitar
|-damage|p1a: Tyranitar|0 fnt
|faint|p1a: Tyranitar
|
|-weather|Sandstorm|[upkeep]
|-heal|p2a: Kyurem|39/100|[from] item: Leftovers
|upkeep
|
|t:|1781187602
|switch|p1a: Excadrill|Excadrill, M|19/100
|-damage|p1a: Excadrill|16/100|[from] Stealth Rock
|turn|88
|
|t:|1781187611
|move|p2a: Kyurem|Protect|p2a: Kyurem
|-singleturn|p2a: Kyurem|Protect
|move|p1a: Excadrill|Earthquake|p2a: Kyurem
|-activate|p2a: Kyurem|move: Protect
|
|-weather|Sandstorm|[upkeep]
|-heal|p1a: Excadrill|22/100|[from] item: Leftovers
|-heal|p2a: Kyurem|45/100|[from] item: Leftovers
|upkeep
|turn|89
|
|t:|1781187636
|switch|p2a: Slowking|Slowking-Galar, M|41/100 par
|move|p1a: Excadrill|Earthquake|p2a: Slowking
|-supereffective|p2a: Slowking
|-damage|p2a: Slowking|0 fnt
|faint|p2a: Slowking
|
|-weather|none
|-heal|p1a: Excadrill|28/100|[from] item: Leftovers
|upkeep
|
|t:|1781187641
|switch|p2a: Kyurem|Kyurem, tera:Ground|45/100
|-ability|p2a: Kyurem|Pressure
|turn|90
|
|t:|1781187648
|switch|p1a: Hydrapple|Hydrapple, F|67/100
|-damage|p1a: Hydrapple|55/100|[from] Stealth Rock
|move|p2a: Kyurem|Earth Power|p1a: Hydrapple
|-resisted|p1a: Hydrapple
|-damage|p1a: Hydrapple|32/100
|
|-heal|p2a: Kyurem|51/100|[from] item: Leftovers
|upkeep
|turn|91
|
|t:|1781187659
|-terastallize|p1a: Hydrapple|Steel
|move|p2a: Kyurem|Substitute|p2a: Kyurem
|-start|p2a: Kyurem|Substitute
|-damage|p2a: Kyurem|26/100
|move|p1a: Hydrapple|Giga Drain|p2a: Kyurem
|-supereffective|p2a: Kyurem
|-end|p2a: Kyurem|Substitute
|-heal|p1a: Hydrapple|44/100|[from] drain|[of] p2a: Kyurem
|
|-heal|p2a: Kyurem|32/100|[from] item: Leftovers
|upkeep
|turn|92
|
|t:|1781187667
|switch|p1a: Alomomola|Alomomola, M|100/100
|-damage|p1a: Alomomola|88/100|[from] Stealth Rock
|move|p2a: Kyurem|Earth Power|p1a: Alomomola
|-damage|p1a: Alomomola|30/100
|
|-heal|p2a: Kyurem|38/100|[from] item: Leftovers
|upkeep
|turn|93
|
|t:|1781187686
|move|p1a: Alomomola|Protect|p1a: Alomomola
|-singleturn|p1a: Alomomola|Protect
|move|p2a: Kyurem|Earth Power|p1a: Alomomola
|-activate|p1a: Alomomola|move: Protect
|
|-heal|p2a: Kyurem|45/100|[from] item: Leftovers
|upkeep
|turn|94
|j| thepoowizard_md
|
|t:|1781187702
|switch|p1a: Hatterene|Hatterene, F|20/100
|-damage|p1a: Hatterene|7/100|[from] Stealth Rock
|move|p2a: Kyurem|Earth Power|p1a: Hatterene
|-damage|p1a: Hatterene|0 fnt
|faint|p1a: Hatterene
|
|-heal|p2a: Kyurem|51/100|[from] item: Leftovers
|upkeep
|
|t:|1781187705
|switch|p1a: Hydrapple|Hydrapple, F, tera:Steel|78/100
|-damage|p1a: Hydrapple|71/100|[from] Stealth Rock
|turn|95
|
|t:|1781187714
|switch|p1a: Alomomola|Alomomola, M|63/100
|-damage|p1a: Alomomola|51/100|[from] Stealth Rock
|move|p2a: Kyurem|Earth Power|p1a: Alomomola
|-damage|p1a: Alomomola|0 fnt
|faint|p1a: Alomomola
|
|-heal|p2a: Kyurem|57/100|[from] item: Leftovers
|upkeep
|
|t:|1781187720
|switch|p1a: Hydrapple|Hydrapple, F, tera:Steel|100/100
|-damage|p1a: Hydrapple|94/100|[from] Stealth Rock
|turn|96
|
|t:|1781187729
|switch|p2a: Ting-Lu|Ting-Lu|23/100 slp
|-ability|p2a: Ting-Lu|Vessel of Ruin
|move|p1a: Hydrapple|Giga Drain|p2a: Ting-Lu
|-supereffective|p2a: Ting-Lu
|-damage|p2a: Ting-Lu|0 fnt
|-heal|p1a: Hydrapple|100/100|[from] drain|[of] p2a: Ting-Lu
|faint|p2a: Ting-Lu
|
|upkeep
|
|t:|1781187732
|switch|p2a: Cinderace|Cinderace, F|94/100
|turn|97
|
|t:|1781187753
|move|p2a: Cinderace|Pyro Ball|p1a: Hydrapple
|-supereffective|p1a: Hydrapple
|-damage|p1a: Hydrapple|29/100
|move|p1a: Hydrapple|Giga Drain|p2a: Cinderace
|-resisted|p2a: Cinderace
|-damage|p2a: Cinderace|55/100
|-heal|p1a: Hydrapple|46/100|[from] drain|[of] p2a: Cinderace
|
|upkeep
|turn|98
|
|t:|1781187769
|switch|p1a: Excadrill|Excadrill, M|28/100
|-damage|p1a: Excadrill|25/100|[from] Stealth Rock
|move|p2a: Cinderace|Pyro Ball|p1a: Excadrill
|-supereffective|p1a: Excadrill
|-damage|p1a: Excadrill|0 fnt
|faint|p1a: Excadrill
|
|upkeep
|j| 70to90gxe
|
|t:|1781187782
|switch|p1a: Gholdengo|Gholdengo|94/100
|-damage|p1a: Gholdengo|88/100|[from] Stealth Rock
|turn|99
|
|t:|1781187785
|move|p2a: Cinderace|Pyro Ball|p1a: Gholdengo
|-supereffective|p1a: Gholdengo
|-damage|p1a: Gholdengo|0 fnt
|faint|p1a: Gholdengo
|
|upkeep
|
|t:|1781187789
|switch|p1a: Hydrapple|Hydrapple, F, tera:Steel|79/100
|-damage|p1a: Hydrapple|73/100|[from] Stealth Rock
|turn|100
|l| newhere1310
|
|t:|1781187792
|move|p2a: Cinderace|Pyro Ball|p1a: Hydrapple
|-supereffective|p1a: Hydrapple
|-damage|p1a: Hydrapple|6/100
|move|p1a: Hydrapple|Giga Drain|p2a: Cinderace
|-resisted|p2a: Cinderace
|-damage|p2a: Cinderace|16/100
|-heal|p1a: Hydrapple|24/100|[from] drain|[of] p2a: Cinderace
|
|upkeep
|turn|101
|
|t:|1781187796
|move|p2a: Cinderace|Pyro Ball|p1a: Hydrapple
|-supereffective|p1a: Hydrapple
|-damage|p1a: Hydrapple|0 fnt
|faint|p1a: Hydrapple
|
|win|adil
|raw|Mysterious Soop's rating: 1684 &rarr; <strong>1667</strong><br />(-17 for losing)
|raw|adil's rating: 1739 &rarr; <strong>1756</strong><br />(+17 for winning)
|l|☆Mysterious Soop
|player|p1|
|l|☆adil
|player|p2|
|l| thepoowizard_md
|l| chenyu2
