|j|☆kooopooolooo
|j|☆KurisuChestnutLab
|t:|1781115191
|gametype|singles
|player|p1|kooopooolooo|170|1594
|player|p2|KurisuChestnutLab|may-contest|1542
|gen|9
|tier|[Gen 9] OU
|rated|
|rule|HP Percentage Mod: HP is shown in percentages
|rule|Endless Battle Clause: Forcing endless battles is banned
|rule|Species Clause: Limit one of each Pokémon
|rule|OHKO Clause: OHKO moves are banned
|rule|Evasion Items Clause: Evasion items are banned
|rule|Evasion Moves Clause: Evasion moves are banned
|rule|Evasion Abilities Clause: Evasion abilities are banned
|rule|Sleep Moves Clause: Sleep-inducing moves are banned
|clearpoke
|poke|p1|Darkrai|
|poke|p1|Deoxys-Speed|
|poke|p1|Salamence, M|
|poke|p1|Garchomp, M|
|poke|p1|Manaphy|
|poke|p1|Mew|
|poke|p2|Primarina, M|
|poke|p2|Hippowdon, F|
|poke|p2|Skarmory, F|
|poke|p2|Zapdos|
|poke|p2|Dragonite, M|
|poke|p2|Slowking, F|
|teampreview
|
|t:|1781115196
|teamsize|p1|6
|teamsize|p2|6
|start
|switch|p1a: Deoxys|Deoxys-Speed|100/100
|switch|p2a: Primarina|Primarina, M|100/100
|-ability|p1a: Deoxys|Pressure
|turn|1
|inactive|Battle timer is ON: inactive players will automatically lose when time's up. (requested by KurisuChestnutLab)
|
|t:|1781115203
|move|p1a: Deoxys|Light Screen|p1a: Deoxys
|-sidestart|p1: kooopooolooo|move: Light Screen
|move|p2a: Primarina|Moonblast|p1a: Deoxys
|-damage|p1a: Deoxys|65/100
|
|upkeep
|turn|2
|
|t:|1781115210
|move|p2a: Primarina|Moonblast|p1a: Deoxys
|-damage|p1a: Deoxys|35/100
|move|p1a: Deoxys|Teleport|p1a: Deoxys
|
|t:|1781115213
|switch|p1a: Mew|Mew|100/100|[from] Teleport
|
|upkeep
|turn|3
|
|t:|1781115221
|move|p1a: Mew|Nasty Plot|p1a: Mew
|-boost|p1a: Mew|spa|2
|move|p2a: Primarina|Moonblast|p1a: Mew
|-crit|p1a: Mew
|-damage|p1a: Mew|23/100
|-unboost|p1a: Mew|spa|1
|
|-heal|p1a: Mew|29/100|[from] item: Leftovers
|upkeep
|turn|4
|
|t:|1781115225
|switch|p2a: Hippowdon|Hippowdon, F|100/100
|-weather|Sandstorm|[from] ability: Sand Stream|[of] p2a: Hippowdon
|move|p1a: Mew|Psyshock|p2a: Hippowdon
|-damage|p2a: Hippowdon|71/100
|
|-weather|Sandstorm|[upkeep]
|-damage|p1a: Mew|23/100|[from] Sandstorm
|-heal|p1a: Mew|29/100|[from] item: Leftovers
|-heal|p2a: Hippowdon|77/100|[from] item: Leftovers
|upkeep
|turn|5
|
|t:|1781115229
|move|p1a: Mew|Aura Sphere|p2a: Hippowdon
|-damage|p2a: Hippowdon|40/100
|move|p2a: Hippowdon|Earthquake|p1a: Mew
|-damage|p1a: Mew|0 fnt
|faint|p1a: Mew
|
|-weather|Sandstorm|[upkeep]
|-heal|p2a: Hippowdon|46/100|[from] item: Leftovers
|upkeep
|
|t:|1781115233
|switch|p1a: Manaphy|Manaphy|100/100
|turn|6
|
|t:|1781115236
|-terastallize|p2a: Hippowdon|Steel
|move|p1a: Manaphy|Tail Glow|p1a: Manaphy
|-boost|p1a: Manaphy|spa|3
|move|p2a: Hippowdon|Slack Off|p2a: Hippowdon
|-heal|p2a: Hippowdon|96/100
|
|-weather|Sandstorm|[upkeep]
|-damage|p1a: Manaphy|94/100|[from] Sandstorm
|-heal|p1a: Manaphy|100/100|[from] item: Leftovers
|-heal|p2a: Hippowdon|100/100|[from] item: Leftovers
|upkeep
|turn|7
|
|t:|1781115242
|switch|p2a: Slowking|Slowking, F|100/100
|move|p1a: Manaphy|Surf|p2a: Slowking
|-resisted|p2a: Slowking
|-damage|p2a: Slowking|70/100
|
|-weather|Sandstorm|[upkeep]
|-damage|p1a: Manaphy|94/100|[from] Sandstorm
|-damage|p2a: Slowking|64/100|[from] Sandstorm
|-heal|p1a: Manaphy|100/100|[from] item: Leftovers
|upkeep
|turn|8
|
|t:|1781115247
|switch|p2a: Dragonite|Dragonite, M|100/100
|move|p1a: Manaphy|Alluring Voice|p2a: Dragonite
|-supereffective|p2a: Dragonite
|-damage|p2a: Dragonite|37/100
|
|-weather|none
|-sideend|p1: kooopooolooo|move: Light Screen
|upkeep
|turn|9
|
|t:|1781115252
|move|p1a: Manaphy|Ice Beam|p2a: Dragonite
|-supereffective|p2a: Dragonite
|-damage|p2a: Dragonite|0 fnt
|faint|p2a: Dragonite
|
|upkeep
|
|t:|1781115257
|switch|p2a: Primarina|Primarina, M|100/100
|turn|10
|
|t:|1781115260
|move|p1a: Manaphy|Alluring Voice|p2a: Primarina
|-damage|p2a: Primarina|68/100
|move|p2a: Primarina|Moonblast|p1a: Manaphy
|-damage|p1a: Manaphy|49/100
|
|-heal|p1a: Manaphy|55/100|[from] item: Leftovers
|upkeep
|turn|11
|
|t:|1781115266
|move|p1a: Manaphy|Alluring Voice|p2a: Primarina
|-damage|p2a: Primarina|36/100
|move|p2a: Primarina|Moonblast|p1a: Manaphy
|-damage|p1a: Manaphy|1/100
|
|-heal|p1a: Manaphy|7/100|[from] item: Leftovers
|upkeep
|turn|12
|
|t:|1781115271
|switch|p2a: Slowking|Slowking, F|97/100
|move|p1a: Manaphy|Alluring Voice|p2a: Slowking
|-damage|p2a: Slowking|65/100
|
|-heal|p1a: Manaphy|13/100|[from] item: Leftovers
|upkeep
|turn|13
|
|t:|1781115275
|move|p1a: Manaphy|Alluring Voice|p2a: Slowking
|-damage|p2a: Slowking|29/100
|move|p2a: Slowking|Future Sight|p1a: Manaphy
|-start|p2a: Slowking|move: Future Sight
|
|-heal|p1a: Manaphy|19/100|[from] item: Leftovers
|upkeep
|turn|14
|
|t:|1781115282
|switch|p2a: Primarina|Primarina, M|36/100
|move|p1a: Manaphy|Surf|p2a: Primarina
|-resisted|p2a: Primarina
|-damage|p2a: Primarina|8/100
|
|-heal|p1a: Manaphy|25/100|[from] item: Leftovers
|upkeep
|turn|15
|
|t:|1781115285
|switch|p2a: Slowking|Slowking, F|62/100
|move|p1a: Manaphy|Surf|p2a: Slowking
|-resisted|p2a: Slowking
|-damage|p2a: Slowking|36/100
|
|-end|p1a: Manaphy|move: Future Sight
|-damage|p1a: Manaphy|0 fnt
|faint|p1a: Manaphy
|upkeep
|
|t:|1781115289
|switch|p1a: Darkrai|Darkrai|100/100
|turn|16
|
|t:|1781115297
|switch|p2a: Primarina|Primarina, M|8/100
|move|p1a: Darkrai|Dark Pulse|p2a: Primarina
|-resisted|p2a: Primarina
|-damage|p2a: Primarina|0 fnt
|faint|p2a: Primarina
|
|upkeep
|
|t:|1781115301
|switch|p2a: Hippowdon|Hippowdon, F, tera:Steel|100/100
|-weather|Sandstorm|[from] ability: Sand Stream|[of] p2a: Hippowdon
|turn|17
|
|t:|1781115304
|move|p1a: Darkrai|Focus Blast|p2a: Hippowdon
|-supereffective|p2a: Hippowdon
|-damage|p2a: Hippowdon|17/100
|move|p2a: Hippowdon|Whirlwind|p1a: Darkrai
|drag|p1a: Garchomp|Garchomp, M|100/100
|
|-weather|Sandstorm|[upkeep]
|-heal|p2a: Hippowdon|23/100|[from] item: Leftovers
|upkeep
|turn|18
|
|t:|1781115312
|switch|p2a: Skarmory|Skarmory, F|100/100
|move|p1a: Garchomp|Swords Dance|p1a: Garchomp
|-boost|p1a: Garchomp|atk|2
|
|-weather|Sandstorm|[upkeep]
|upkeep
|turn|19
|
|t:|1781115317
|move|p1a: Garchomp|Fire Fang|p2a: Skarmory
|-supereffective|p2a: Skarmory
|-damage|p2a: Skarmory|45/100
|move|p2a: Skarmory|Body Press|p1a: Garchomp
|-damage|p1a: Garchomp|69/100
|-damage|p2a: Skarmory|33/100|[from] ability: Rough Skin|[of] p1a: Garchomp
|
|-weather|Sandstorm|[upkeep]
|-heal|p2a: Skarmory|39/100|[from] item: Leftovers
|upkeep
|turn|20
|
|t:|1781115322
|switch|p2a: Slowking|Slowking, F|69/100
|move|p1a: Garchomp|Fire Fang|p2a: Slowking
|-resisted|p2a: Slowking
|-damage|p2a: Slowking|42/100
|
|-weather|Sandstorm|[upkeep]
|-damage|p2a: Slowking|36/100|[from] Sandstorm
|upkeep
|turn|21
|
|t:|1781115326
|switch|p2a: Hippowdon|Hippowdon, F, tera:Steel|23/100
|move|p1a: Garchomp|Scale Shot|p2a: Hippowdon
|-resisted|p2a: Hippowdon
|-damage|p2a: Hippowdon|16/100
|-resisted|p2a: Hippowdon
|-damage|p2a: Hippowdon|10/100
|-resisted|p2a: Hippowdon
|-crit|p2a: Hippowdon
|-damage|p2a: Hippowdon|0 fnt
|faint|p2a: Hippowdon
|-hitcount|p2: Hippowdon|3
|-unboost|p1a: Garchomp|def|1
|-boost|p1a: Garchomp|spe|1
|
|-weather|none
|upkeep
|
|t:|1781115328
|switch|p2a: Zapdos|Zapdos|100/100
|turn|22
|
|t:|1781115339
|move|p1a: Garchomp|Scale Shot|p2a: Zapdos
|-damage|p2a: Zapdos|79/100
|-damage|p2a: Zapdos|60/100
|-damage|p2a: Zapdos|39/100
|-damage|p2a: Zapdos|19/100
|-crit|p2a: Zapdos
|-damage|p2a: Zapdos|0 fnt
|faint|p2a: Zapdos
|-hitcount|p2: Zapdos|5
|-unboost|p1a: Garchomp|def|1
|-boost|p1a: Garchomp|spe|1
|
|upkeep
|
|t:|1781115342
|switch|p2a: Slowking|Slowking, F|69/100
|turn|23
|
|t:|1781115347
|switch|p2a: Skarmory|Skarmory, F|39/100
|move|p1a: Garchomp|Earthquake|p2a: Skarmory
|-immune|p2a: Skarmory
|
|-heal|p2a: Skarmory|45/100|[from] item: Leftovers
|upkeep
|turn|24
|
|t:|1781115352
|switch|p2a: Slowking|Slowking, F|100/100
|move|p1a: Garchomp|Fire Fang|p2a: Slowking
|-resisted|p2a: Slowking
|-damage|p2a: Slowking|73/100
|
|upkeep
|turn|25
|
|t:|1781115359
|switch|p2a: Skarmory|Skarmory, F|45/100
|move|p1a: Garchomp|Scale Shot|p2a: Skarmory
|-resisted|p2a: Skarmory
|-damage|p2a: Skarmory|37/100
|-resisted|p2a: Skarmory
|-damage|p2a: Skarmory|28/100
|-resisted|p2a: Skarmory
|-damage|p2a: Skarmory|20/100
|-resisted|p2a: Skarmory
|-damage|p2a: Skarmory|12/100
|-resisted|p2a: Skarmory
|-damage|p2a: Skarmory|4/100
|-hitcount|p2a: Skarmory|5
|-unboost|p1a: Garchomp|def|1
|-boost|p1a: Garchomp|spe|1
|
|-heal|p2a: Skarmory|10/100|[from] item: Leftovers
|upkeep
|turn|26
|
|t:|1781115366
|move|p1a: Garchomp|Scale Shot|p2a: Skarmory
|-resisted|p2a: Skarmory
|-damage|p2a: Skarmory|1/100
|-resisted|p2a: Skarmory
|-damage|p2a: Skarmory|0 fnt
|faint|p2a: Skarmory
|-hitcount|p2: Skarmory|2
|-unboost|p1a: Garchomp|def|1
|-boost|p1a: Garchomp|spe|1
|
|upkeep
|
|t:|1781115370
|switch|p2a: Slowking|Slowking, F|100/100
|turn|27
|
|t:|1781115373
|move|p1a: Garchomp|Earthquake|p2a: Slowking
|-damage|p2a: Slowking|0 fnt
|faint|p2a: Slowking
|
|win|kooopooolooo
|raw|kooopooolooo's rating: 1594 &rarr; <strong>1612</strong><br />(+18 for winning)
|raw|KurisuChestnutLab's rating: 1565 &rarr; <strong>1547</strong><br />(-18 for losing)
