|j|☆bongzongweedluvr
|j|☆WorkinBorkin
|t:|1781298129
|gametype|singles
|player|p1|bongzongweedluvr|101|1638
|player|p2|WorkinBorkin|266|1660
|gen|9
|tier|[Gen 9] OU
|rated|
|rule|HP Percentage Mod: HP is shown in percentages
|rule|Endless Battle Clause: Forcing endless battles is banned
|rule|Species Clause: Limit one of each Pokémon
|rule|OHKO Clause: OHKO moves are banned
|rule|Evasion Items Clause: Evasion items are banned
|rule|Evasion Moves Clause: Evasion moves are banned
|rule|Evasion Abilities Clause: Evasion abilities are banned
|rule|Sleep Moves Clause: Sleep-inducing moves are banned
|clearpoke
|poke|p1|Greninja-*, M|
|poke|p1|Glimmora, F|
|poke|p1|Garchomp, M|
|poke|p1|Iron Valiant|
|poke|p1|Ceruledge, F|
|poke|p1|Kingambit, F|
|poke|p2|Hippowdon, M|
|poke|p2|Excadrill, M|
|poke|p2|Garganacl, M|
|poke|p2|Skarmory, M|
|poke|p2|Sinistcha|
|poke|p2|Weavile, F|
|teampreview
|inactive|Battle timer is ON: inactive players will automatically lose when time's up. (requested by bongzongweedluvr)
|
|t:|1781298145
|teamsize|p1|6
|teamsize|p2|6
|start
|switch|p1a: Garchomp|Garchomp, M|100/100
|switch|p2a: Hippowdon|Hippowdon, M|100/100
|-weather|Sandstorm|[from] ability: Sand Stream|[of] p2a: Hippowdon
|turn|1
|
|t:|1781298152
|move|p1a: Garchomp|Scale Shot|p2a: Hippowdon
|-damage|p2a: Hippowdon|90/100
|-damage|p2a: Hippowdon|80/100
|-damage|p2a: Hippowdon|69/100
|-damage|p2a: Hippowdon|58/100
|-hitcount|p2a: Hippowdon|4
|-unboost|p1a: Garchomp|def|1
|-boost|p1a: Garchomp|spe|1
|move|p2a: Hippowdon|Stealth Rock|p1a: Garchomp
|-sidestart|p1: bongzongweedluvr|move: Stealth Rock
|
|-weather|Sandstorm|[upkeep]
|upkeep
|turn|2
|
|t:|1781298155
|move|p1a: Garchomp|Scale Shot|p2a: Hippowdon|[miss]
|-miss|p1a: Garchomp|p2a: Hippowdon
|move|p2a: Hippowdon|Slack Off|p2a: Hippowdon
|-heal|p2a: Hippowdon|100/100
|
|-weather|Sandstorm|[upkeep]
|upkeep
|turn|3
|
|t:|1781298157
|move|p1a: Garchomp|Swords Dance|p1a: Garchomp
|-boost|p1a: Garchomp|atk|2
|move|p2a: Hippowdon|Earthquake|p1a: Garchomp
|-damage|p1a: Garchomp|41/100
|
|-weather|Sandstorm|[upkeep]
|upkeep
|turn|4
|
|t:|1781298161
|move|p1a: Garchomp|Scale Shot|p2a: Hippowdon|[miss]
|-miss|p1a: Garchomp|p2a: Hippowdon
|move|p2a: Hippowdon|Earthquake|p1a: Garchomp
|-damage|p1a: Garchomp|0 fnt
|faint|p1a: Garchomp
|
|-weather|Sandstorm|[upkeep]
|upkeep
|
|t:|1781298166
|switch|p1a: Greninja|Greninja, M|100/100
|-damage|p1a: Greninja|88/100|[from] Stealth Rock
|turn|5
|
|t:|1781298168
|switch|p2a: Garganacl|Garganacl, M, shiny|100/100
|move|p1a: Greninja|Surf|p2a: Garganacl
|-supereffective|p2a: Garganacl
|-damage|p2a: Garganacl|54/100
|
|-weather|Sandstorm|[upkeep]
|-damage|p1a: Greninja|82/100|[from] Sandstorm
|-heal|p2a: Garganacl|61/100|[from] item: Leftovers
|upkeep
|turn|6
|
|t:|1781298179
|move|p1a: Greninja|Surf|p2a: Garganacl
|-supereffective|p2a: Garganacl
|-damage|p2a: Garganacl|20/100
|move|p2a: Garganacl|Recover|p2a: Garganacl
|-heal|p2a: Garganacl|70/100
|
|-weather|Sandstorm|[upkeep]
|-damage|p1a: Greninja|76/100|[from] Sandstorm
|-heal|p2a: Garganacl|76/100|[from] item: Leftovers
|upkeep
|turn|7
|
|t:|1781298186
|switch|p1a: Iron Valiant|Iron Valiant|100/100
|-damage|p1a: Iron Valiant|94/100|[from] Stealth Rock
|-enditem|p1a: Iron Valiant|Booster Energy
|-activate|p1a: Iron Valiant|ability: Quark Drive|[fromitem]
|-start|p1a: Iron Valiant|quarkdrivespe
|move|p2a: Garganacl|Recover|p2a: Garganacl
|-heal|p2a: Garganacl|100/100
|
|-weather|Sandstorm|[upkeep]
|-damage|p1a: Iron Valiant|88/100|[from] Sandstorm
|upkeep
|turn|8
|
|t:|1781298192
|move|p1a: Iron Valiant|Encore|p2a: Garganacl
|-start|p2a: Garganacl|Encore
|move|p2a: Garganacl|Recover||[still]
|-fail|p2a: Garganacl|heal
|
|-weather|none
|upkeep
|turn|9
|
|t:|1781298203
|switch|p2a: Hippowdon|Hippowdon, M|100/100
|-weather|Sandstorm|[from] ability: Sand Stream|[of] p2a: Hippowdon
|move|p1a: Iron Valiant|Calm Mind|p1a: Iron Valiant
|-boost|p1a: Iron Valiant|spa|1
|-boost|p1a: Iron Valiant|spd|1
|
|-weather|Sandstorm|[upkeep]
|-damage|p1a: Iron Valiant|82/100|[from] Sandstorm
|upkeep
|turn|10
|
|t:|1781298207
|move|p1a: Iron Valiant|Moonblast|p2a: Hippowdon
|-damage|p2a: Hippowdon|49/100
|move|p2a: Hippowdon|Whirlwind|p1a: Iron Valiant
|-end|p1a: Iron Valiant|Quark Drive|[silent]
|drag|p1a: Glimmora|Glimmora, F|100/100
|-damage|p1a: Glimmora|88/100|[from] Stealth Rock
|
|-weather|Sandstorm|[upkeep]
|upkeep
|turn|11
|
|t:|1781298210
|switch|p2a: Excadrill|Excadrill, M|100/100
|-item|p2a: Excadrill|Air Balloon
|move|p1a: Glimmora|Mortal Spin|p2a: Excadrill
|-immune|p2a: Excadrill
|
|-weather|Sandstorm|[upkeep]
|upkeep
|turn|12
|
|t:|1781298218
|switch|p1a: Iron Valiant|Iron Valiant|82/100
|-damage|p1a: Iron Valiant|76/100|[from] Stealth Rock
|move|p2a: Excadrill|Earthquake|p1a: Iron Valiant
|-damage|p1a: Iron Valiant|2/100
|
|-weather|Sandstorm|[upkeep]
|-damage|p1a: Iron Valiant|0 fnt|[from] Sandstorm
|faint|p1a: Iron Valiant
|-end|p1a: Iron Valiant|Quark Drive|[silent]
|upkeep
|
|t:|1781298222
|switch|p1a: Greninja|Greninja, M|76/100
|-damage|p1a: Greninja|64/100|[from] Stealth Rock
|turn|13
|
|t:|1781298226
|move|p1a: Greninja|Water Shuriken|p2a: Excadrill
|-supereffective|p2a: Excadrill
|-damage|p2a: Excadrill|80/100
|-enditem|p2a: Excadrill|Air Balloon
|-supereffective|p2a: Excadrill
|-damage|p2a: Excadrill|60/100
|-supereffective|p2a: Excadrill
|-damage|p2a: Excadrill|39/100
|-hitcount|p2a: Excadrill|3
|move|p2a: Excadrill|Earthquake|p1a: Greninja
|-damage|p1a: Greninja|0 fnt
|faint|p1a: Greninja
|
|-weather|Sandstorm|[upkeep]
|upkeep
|
|t:|1781298230
|switch|p1a: Ceruledge|Ceruledge, F|100/100
|-damage|p1a: Ceruledge|76/100|[from] Stealth Rock
|-item|p1a: Ceruledge|Air Balloon
|turn|14
|
|t:|1781298235
|switch|p2a: Garganacl|Garganacl, M, shiny|100/100
|move|p1a: Ceruledge|Shadow Sneak|p2a: Garganacl
|-damage|p2a: Garganacl|94/100
|
|-weather|Sandstorm|[upkeep]
|-damage|p1a: Ceruledge|70/100|[from] Sandstorm
|-heal|p2a: Garganacl|99/100|[from] item: Leftovers
|upkeep
|turn|15
|
|t:|1781298238
|move|p1a: Ceruledge|Swords Dance|p1a: Ceruledge
|-boost|p1a: Ceruledge|atk|2
|move|p2a: Garganacl|Salt Cure|p1a: Ceruledge
|-supereffective|p1a: Ceruledge
|-damage|p1a: Ceruledge|30/100
|-start|p1a: Ceruledge|Salt Cure
|-ability|p1a: Ceruledge|Weak Armor|boost
|-unboost|p1a: Ceruledge|def|1
|-boost|p1a: Ceruledge|spe|2
|-enditem|p1a: Ceruledge|Air Balloon
|
|-weather|Sandstorm|[upkeep]
|-damage|p1a: Ceruledge|24/100|[from] Sandstorm
|-heal|p2a: Garganacl|100/100|[from] item: Leftovers
|-damage|p1a: Ceruledge|12/100|[from] Salt Cure
|upkeep
|turn|16
|
|t:|1781298245
|move|p1a: Ceruledge|Poltergeist|p2a: Garganacl
|-activate|p2a: Garganacl|move: Poltergeist|Leftovers
|-damage|p2a: Garganacl|64/100
|move|p2a: Garganacl|Salt Cure|p1a: Ceruledge
|-supereffective|p1a: Ceruledge
|-damage|p1a: Ceruledge|0 fnt
|faint|p1a: Ceruledge
|
|-weather|none
|-heal|p2a: Garganacl|70/100|[from] item: Leftovers
|upkeep
|
|t:|1781298254
|switch|p1a: Glimmora|Glimmora, F|88/100
|-damage|p1a: Glimmora|76/100|[from] Stealth Rock
|turn|17
|j| rexa2
|
|t:|1781298260
|move|p1a: Glimmora|Meteor Beam||[still]
|-prepare|p1a: Glimmora|Meteor Beam
|-boost|p1a: Glimmora|spa|1
|-enditem|p1a: Glimmora|Power Herb
|-anim|p1a: Glimmora|Meteor Beam|p2a: Garganacl
|-damage|p2a: Garganacl|6/100
|move|p2a: Garganacl|Curse|p2a: Garganacl
|-unboost|p2a: Garganacl|spe|1
|-boost|p2a: Garganacl|atk|1
|-boost|p2a: Garganacl|def|1
|
|-heal|p2a: Garganacl|13/100|[from] item: Leftovers
|upkeep
|turn|18
|
|t:|1781298268
|move|p1a: Glimmora|Earth Power|p2a: Garganacl
|-supereffective|p2a: Garganacl
|-damage|p2a: Garganacl|0 fnt
|faint|p2a: Garganacl
|
|upkeep
|
|t:|1781298272
|switch|p2a: Hippowdon|Hippowdon, M|49/100
|-weather|Sandstorm|[from] ability: Sand Stream|[of] p2a: Hippowdon
|turn|19
|
|t:|1781298278
|move|p1a: Glimmora|Mortal Spin|p2a: Hippowdon
|-resisted|p2a: Hippowdon
|-damage|p2a: Hippowdon|46/100
|-status|p2a: Hippowdon|psn
|-sideend|p1: bongzongweedluvr|Stealth Rock|[from] move: Mortal Spin|[of] p1a: Glimmora
|move|p2a: Hippowdon|Earthquake|p1a: Glimmora
|-supereffective|p1a: Glimmora
|-damage|p1a: Glimmora|0 fnt
|-activate|p1a: Glimmora|ability: Toxic Debris
|-sidestart|p2: WorkinBorkin|move: Toxic Spikes
|faint|p1a: Glimmora
|
|-weather|Sandstorm|[upkeep]
|-damage|p2a: Hippowdon|34/100 psn|[from] psn
|upkeep
|
|t:|1781298280
|switch|p1a: Kingambit|Kingambit, F|100/100
|-activate|p1a: Kingambit|ability: Supreme Overlord
|-start|p1a: Kingambit|fallen5|[silent]
|turn|20
|
|t:|1781298286
|move|p1a: Kingambit|Kowtow Cleave|p2a: Hippowdon
|-damage|p2a: Hippowdon|0 fnt
|faint|p2a: Hippowdon
|
|-weather|Sandstorm|[upkeep]
|upkeep
|
|t:|1781298287
|switch|p2a: Skarmory|Skarmory, M|100/100
|turn|21
|
|t:|1781298302
|-terastallize|p1a: Kingambit|Dark
|move|p2a: Skarmory|Iron Defense|p2a: Skarmory
|-boost|p2a: Skarmory|def|2
|move|p1a: Kingambit|Swords Dance|p1a: Kingambit
|-boost|p1a: Kingambit|atk|2
|
|-weather|Sandstorm|[upkeep]
|-damage|p1a: Kingambit|94/100|[from] Sandstorm
|upkeep
|turn|22
|
|t:|1781298305
|-terastallize|p2a: Skarmory|Fighting
|move|p2a: Skarmory|Body Press|p1a: Kingambit
|-supereffective|p1a: Kingambit
|-damage|p1a: Kingambit|0 fnt
|faint|p1a: Kingambit
|-end|p1a: Kingambit|fallen5|[silent]
|
|win|WorkinBorkin
|raw|bongzongweedluvr's rating: 1638 &rarr; <strong>1619</strong><br />(-19 for losing)
|raw|WorkinBorkin's rating: 1660 &rarr; <strong>1679</strong><br />(+19 for winning)
|l|☆bongzongweedluvr
|player|p1|
|l|☆WorkinBorkin
|player|p2|
|l| rexa2
