|j|☆vartholomeus
|j|☆levi6969
|t:|1781589066
|gametype|singles
|player|p1|vartholomeus|gambler|1505
|player|p2|levi6969|101|1532
|gen|9
|tier|[Gen 9] OU
|rated|
|rule|HP Percentage Mod: HP is shown in percentages
|rule|Endless Battle Clause: Forcing endless battles is banned
|rule|Species Clause: Limit one of each Pokémon
|rule|OHKO Clause: OHKO moves are banned
|rule|Evasion Items Clause: Evasion items are banned
|rule|Evasion Moves Clause: Evasion moves are banned
|rule|Evasion Abilities Clause: Evasion abilities are banned
|rule|Sleep Moves Clause: Sleep-inducing moves are banned
|clearpoke
|poke|p1|Moltres|
|poke|p1|Kleavor, F|
|poke|p1|Greninja-*, M|
|poke|p1|Ting-Lu|
|poke|p1|Iron Valiant|
|poke|p1|Gholdengo|
|poke|p2|Crawdaunt, M|
|poke|p2|Weezing-Galar, M|
|poke|p2|Landorus-Therian, M|
|poke|p2|Dragapult, M|
|poke|p2|Heatran, M|
|poke|p2|Gallade, M|
|teampreview
|inactive|Battle timer is ON: inactive players will automatically lose when time's up. (requested by vartholomeus)
|
|t:|1781589073
|teamsize|p1|6
|teamsize|p2|6
|start
|switch|p1a: Mantequillo|Gholdengo|100/100
|switch|p2a: Landorus|Landorus-Therian, M|100/100
|-ability|p2a: Landorus|Intimidate|boost
|-unboost|p1a: Mantequillo|atk|1
|turn|1
|
|t:|1781589078
|switch|p2a: Heatran|Heatran, M|100/100
|move|p1a: Mantequillo|Make It Rain|p2a: Heatran
|-resisted|p2a: Heatran
|-damage|p2a: Heatran|90/100
|-unboost|p1a: Mantequillo|spa|1
|
|-heal|p2a: Heatran|96/100|[from] item: Leftovers
|upkeep
|turn|2
|
|t:|1781589084
|switch|p1a: Lulu|Ting-Lu|100/100
|-ability|p1a: Lulu|Vessel of Ruin
|move|p2a: Heatran|Will-O-Wisp|p1a: Lulu
|-status|p1a: Lulu|brn
|
|-heal|p2a: Heatran|100/100|[from] item: Leftovers
|-damage|p1a: Lulu|94/100 brn|[from] brn
|upkeep
|turn|3
|
|t:|1781589103
|move|p2a: Heatran|Taunt|p1a: Lulu
|-start|p1a: Lulu|move: Taunt
|move|p1a: Lulu|Ruination|p2a: Heatran
|-damage|p2a: Heatran|51/100
|
|-heal|p2a: Heatran|57/100|[from] item: Leftovers
|-heal|p1a: Lulu|100/100 brn|[from] item: Leftovers
|-damage|p1a: Lulu|94/100 brn|[from] brn
|upkeep
|turn|4
|
|t:|1781589111
|-terastallize|p2a: Heatran|Grass
|move|p2a: Heatran|Magma Storm|p1a: Lulu
|-damage|p1a: Lulu|77/100 brn
|-activate|p1a: Lulu|move: Magma Storm|[of] p2a: Heatran
|move|p1a: Lulu|Ruination|p2a: Heatran
|-damage|p2a: Heatran|29/100
|
|-heal|p2a: Heatran|35/100|[from] item: Leftovers
|-heal|p1a: Lulu|83/100 brn|[from] item: Leftovers
|-damage|p1a: Lulu|77/100 brn|[from] brn
|-damage|p1a: Lulu|65/100 brn|[from] move: Magma Storm|[partiallytrapped]
|upkeep
|turn|5
|
|t:|1781589115
|move|p2a: Heatran|Magma Storm|p1a: Lulu
|-damage|p1a: Lulu|48/100 brn
|move|p1a: Lulu|Ruination|p2a: Heatran
|-damage|p2a: Heatran|18/100
|
|-heal|p2a: Heatran|24/100|[from] item: Leftovers
|-heal|p1a: Lulu|54/100 brn|[from] item: Leftovers
|-damage|p1a: Lulu|48/100 brn|[from] brn
|-damage|p1a: Lulu|35/100 brn|[from] move: Magma Storm|[partiallytrapped]
|-end|p1a: Lulu|move: Taunt
|upkeep
|turn|6
|
|t:|1781589120
|move|p2a: Heatran|Taunt|p1a: Lulu
|-start|p1a: Lulu|move: Taunt
|move|p1a: Lulu|Ruination|p2a: Heatran|[miss]
|-miss|p1a: Lulu|p2a: Heatran
|
|-heal|p2a: Heatran|30/100|[from] item: Leftovers
|-heal|p1a: Lulu|41/100 brn|[from] item: Leftovers
|-damage|p1a: Lulu|35/100 brn|[from] brn
|-damage|p1a: Lulu|23/100 brn|[from] move: Magma Storm|[partiallytrapped]
|upkeep
|turn|7
|
|t:|1781589125
|move|p2a: Heatran|Magma Storm|p1a: Lulu|[miss]
|-miss|p2a: Heatran|p1a: Lulu
|move|p1a: Lulu|Earthquake|p2a: Heatran
|-resisted|p2a: Heatran
|-damage|p2a: Heatran|23/100
|
|-heal|p2a: Heatran|30/100|[from] item: Leftovers
|-heal|p1a: Lulu|29/100 brn|[from] item: Leftovers
|-damage|p1a: Lulu|23/100 brn|[from] brn
|-damage|p1a: Lulu|10/100 brn|[from] move: Magma Storm|[partiallytrapped]
|upkeep
|turn|8
|
|t:|1781589131
|move|p2a: Heatran|Magma Storm|p1a: Lulu|[miss]
|-miss|p2a: Heatran|p1a: Lulu
|move|p1a: Lulu|Ruination|p2a: Heatran
|-damage|p2a: Heatran|15/100
|
|-heal|p2a: Heatran|21/100|[from] item: Leftovers
|-heal|p1a: Lulu|16/100 brn|[from] item: Leftovers
|-damage|p1a: Lulu|10/100 brn|[from] brn
|-damage|p1a: Lulu|0 fnt|[from] move: Magma Storm|[partiallytrapped]
|faint|p1a: Lulu
|upkeep
|
|t:|1781589133
|switch|p1a: Suke|Greninja, M|100/100
|turn|9
|
|t:|1781589141
|switch|p2a: Weezing|Weezing-Galar, M|100/100
|-ability|p2a: Weezing|Neutralizing Gas
|move|p1a: Suke|Ice Beam|p2a: Weezing
|-damage|p2a: Weezing|50/100
|-damage|p1a: Suke|91/100|[from] item: Life Orb
|
|upkeep
|turn|10
|
|t:|1781589146
|-end|p2a: Weezing|ability: Neutralizing Gas
|switch|p2a: Crawdaunt|Crawdaunt, M|100/100
|-terastallize|p1a: Suke|Poison
|move|p1a: Suke|Sludge Wave|p2a: Crawdaunt
|-crit|p2a: Crawdaunt
|-damage|p2a: Crawdaunt|0 fnt
|faint|p2a: Crawdaunt
|-ability|p1a: Suke|Battle Bond|boost
|-boost|p1a: Suke|atk|1
|-boost|p1a: Suke|spa|1
|-boost|p1a: Suke|spe|1
|-activate|p1a: Suke|ability: Battle Bond
|-damage|p1a: Suke|81/100|[from] item: Life Orb
|
|upkeep
|
|t:|1781589156
|switch|p2a: Gallade|Gallade, M|100/100
|turn|11
|
|t:|1781589160
|move|p1a: Suke|Sludge Wave|p2a: Gallade
|-damage|p2a: Gallade|41/100
|-damage|p1a: Suke|71/100|[from] item: Life Orb
|move|p2a: Gallade|Psycho Cut|p1a: Suke
|-supereffective|p1a: Suke
|-damage|p1a: Suke|0 fnt
|faint|p1a: Suke
|
|upkeep
|
|t:|1781589166
|switch|p1a: Mantequillo|Gholdengo|100/100
|turn|12
|
|t:|1781589172
|switch|p2a: Heatran|Heatran, M, tera:Grass|21/100
|move|p1a: Mantequillo|Shadow Ball|p2a: Heatran
|-damage|p2a: Heatran|0 fnt
|faint|p2a: Heatran
|
|upkeep
|
|t:|1781589178
|switch|p2a: Landorus|Landorus-Therian, M|100/100
|-ability|p2a: Landorus|Intimidate|boost
|-unboost|p1a: Mantequillo|atk|1
|turn|13
|
|t:|1781589181
|switch|p1a: Maltro|Moltres|100/100
|move|p2a: Landorus|Stealth Rock|p1a: Maltro
|-sidestart|p1: vartholomeus|move: Stealth Rock
|
|upkeep
|turn|14
|
|t:|1781589193
|move|p2a: Landorus|Taunt|p1a: Maltro
|-start|p1a: Maltro|move: Taunt
|move|p1a: Maltro|Flamethrower|p2a: Landorus
|-damage|p2a: Landorus|54/100
|
|upkeep
|turn|15
|
|t:|1781589196
|switch|p2a: Gallade|Gallade, M|41/100
|move|p1a: Maltro|Flamethrower|p2a: Gallade
|-damage|p2a: Gallade|14/100
|
|upkeep
|turn|16
|
|t:|1781589199
|move|p2a: Gallade|Psycho Cut|p1a: Maltro
|-damage|p1a: Maltro|58/100
|move|p1a: Maltro|Flamethrower|p2a: Gallade
|-damage|p2a: Gallade|0 fnt
|faint|p2a: Gallade
|
|-end|p1a: Maltro|move: Taunt
|upkeep
|
|t:|1781589202
|switch|p2a: Dragapult|Dragapult, M|100/100
|turn|17
|
|t:|1781589206
|move|p2a: Dragapult|Dragon Darts|p1a: Maltro
|-damage|p1a: Maltro|32/100
|-anim|p2a: Dragapult|Dragon Darts|p1a: Maltro
|-damage|p1a: Maltro|6/100
|move|p1a: Maltro|Roost|p1a: Maltro
|-heal|p1a: Maltro|56/100
|-singleturn|p1a: Maltro|move: Roost
|
|upkeep
|turn|18
|-message|levi6969 forfeited.
|
|win|vartholomeus
|raw|vartholomeus's rating: 1505 &rarr; <strong>1527</strong><br />(+22 for winning)
|raw|levi6969's rating: 1532 &rarr; <strong>1510</strong><br />(-22 for losing)
|l|☆levi6969
|player|p2|
|l|☆vartholomeus
|player|p1|
