|j|☆extra-pseudo man
|j|☆KurisuChestnutOU
|t:|1781125852
|gametype|singles
|player|p1|extra-pseudo man|266|1656
|player|p2|KurisuChestnutOU|may-contest|1630
|gen|9
|tier|[Gen 9] OU
|rated|
|rule|HP Percentage Mod: HP is shown in percentages
|rule|Endless Battle Clause: Forcing endless battles is banned
|rule|Species Clause: Limit one of each Pokémon
|rule|OHKO Clause: OHKO moves are banned
|rule|Evasion Items Clause: Evasion items are banned
|rule|Evasion Moves Clause: Evasion moves are banned
|rule|Evasion Abilities Clause: Evasion abilities are banned
|rule|Sleep Moves Clause: Sleep-inducing moves are banned
|clearpoke
|poke|p1|Dragonite, F|
|poke|p1|Dragapult, M|
|poke|p1|Tyranitar, M|
|poke|p1|Metagross|
|poke|p1|Goodra-Hisui, M|
|poke|p1|Garchomp, M|
|poke|p2|Gliscor, F|
|poke|p2|Dondozo, M|
|poke|p2|Slowking-Galar, F|
|poke|p2|Gholdengo|
|poke|p2|Great Tusk|
|poke|p2|Kingambit, F|
|teampreview
|inactive|Battle timer is ON: inactive players will automatically lose when time's up. (requested by KurisuChestnutOU)
|c|☆extra-pseudo man|fast team change
|j| blackgokuking
|
|t:|1781125870
|teamsize|p1|6
|teamsize|p2|6
|start
|switch|p1a: Tyranocif|Tyranitar, M|100/100
|switch|p2a: Kingambit|Kingambit, F|100/100
|-weather|Sandstorm|[from] ability: Sand Stream|[of] p1a: Tyranocif
|turn|1
|
|t:|1781125877
|switch|p1a: Marill me|Garchomp, M|100/100
|move|p2a: Kingambit|Swords Dance|p2a: Kingambit
|-boost|p2a: Kingambit|atk|2
|
|-weather|Sandstorm|[upkeep]
|upkeep
|turn|2
|
|t:|1781125881
|move|p1a: Marill me|Earthquake|p2a: Kingambit
|-supereffective|p2a: Kingambit
|-damage|p2a: Kingambit|22/100
|move|p2a: Kingambit|Iron Head|p1a: Marill me
|-damage|p1a: Marill me|42/100
|-damage|p2a: Kingambit|9/100|[from] ability: Rough Skin|[of] p1a: Marill me
|-damage|p2a: Kingambit|0 fnt|[from] item: Rocky Helmet|[of] p1a: Marill me
|faint|p2a: Kingambit
|-end|p2a: Kingambit|fallenundefined|[silent]
|
|-weather|Sandstorm|[upkeep]
|upkeep
|
|t:|1781125887
|switch|p2a: Gliscor|Gliscor, F|100/100
|turn|3
|
|t:|1781125892
|move|p2a: Gliscor|Spikes|p1a: Marill me
|-sidestart|p1: extra-pseudo man|Spikes
|move|p1a: Marill me|Dragon Tail|p2a: Gliscor
|-damage|p2a: Gliscor|84/100
|drag|p2a: Gholdengo|Gholdengo|100/100
|-item|p2a: Gholdengo|Air Balloon
|
|-weather|Sandstorm|[upkeep]
|upkeep
|turn|4
|
|t:|1781125895
|move|p2a: Gholdengo|Make It Rain|p1a: Marill me
|-damage|p1a: Marill me|0 fnt
|-unboost|p2a: Gholdengo|spa|1
|faint|p1a: Marill me
|
|-weather|Sandstorm|[upkeep]
|upkeep
|
|t:|1781125912
|switch|p1a: He pulten on it|Dragapult, M|100/100
|turn|5
|
|t:|1781125919
|move|p1a: He pulten on it|Hex|p2a: Gholdengo
|-supereffective|p2a: Gholdengo
|-damage|p2a: Gholdengo|36/100
|-enditem|p2a: Gholdengo|Air Balloon
|move|p2a: Gholdengo|Nasty Plot|p2a: Gholdengo
|-boost|p2a: Gholdengo|spa|2
|
|-weather|none
|upkeep
|turn|6
|
|t:|1781125927
|-terastallize|p2a: Gholdengo|Flying
|move|p1a: He pulten on it|Hex|p2a: Gholdengo
|-crit|p2a: Gholdengo
|-damage|p2a: Gholdengo|0 fnt
|faint|p2a: Gholdengo
|
|upkeep
|
|t:|1781125931
|switch|p2a: Gliscor|Gliscor, F|84/100
|turn|7
|
|t:|1781125936
|move|p1a: He pulten on it|Will-O-Wisp|p2a: Gliscor|[miss]
|-miss|p1a: He pulten on it|p2a: Gliscor
|move|p2a: Gliscor|Knock Off|p1a: He pulten on it
|-supereffective|p1a: He pulten on it
|-damage|p1a: He pulten on it|42/100
|-enditem|p1a: He pulten on it|Heavy-Duty Boots|[from] move: Knock Off|[of] p2a: Gliscor
|
|-status|p2a: Gliscor|tox|[from] item: Toxic Orb
|upkeep
|turn|8
|
|t:|1781125940
|move|p2a: Gliscor|Protect|p2a: Gliscor
|-singleturn|p2a: Gliscor|Protect
|move|p1a: He pulten on it|Hex|p2a: Gliscor
|-activate|p2a: Gliscor|move: Protect
|
|-heal|p2a: Gliscor|97/100 tox|[from] ability: Poison Heal
|upkeep
|turn|9
|
|t:|1781125948
|move|p1a: He pulten on it|Hex|p2a: Gliscor
|-damage|p2a: Gliscor|25/100 tox
|move|p2a: Gliscor|Earthquake|p1a: He pulten on it
|-damage|p1a: He pulten on it|0 fnt
|faint|p1a: He pulten on it
|
|-heal|p2a: Gliscor|38/100 tox|[from] ability: Poison Heal
|upkeep
|
|t:|1781125954
|switch|p1a: The goot|Goodra-Hisui, M|100/100
|-damage|p1a: The goot|88/100|[from] Spikes
|turn|10
|l| blackgokuking
|
|t:|1781125958
|move|p2a: Gliscor|Earthquake|p1a: The goot
|-supereffective|p1a: The goot
|-crit|p1a: The goot
|-damage|p1a: The goot|0 fnt
|faint|p1a: The goot
|
|-heal|p2a: Gliscor|50/100 tox|[from] ability: Poison Heal
|upkeep
|
|t:|1781125962
|switch|p1a: Tyranocif|Tyranitar, M|100/100
|-damage|p1a: Tyranocif|88/100|[from] Spikes
|-weather|Sandstorm|[from] ability: Sand Stream|[of] p1a: Tyranocif
|turn|11
|
|t:|1781125966
|switch|p2a: Great Tusk|Great Tusk|100/100
|move|p1a: Tyranocif|Ice Beam|p2a: Great Tusk
|-supereffective|p2a: Great Tusk
|-damage|p2a: Great Tusk|39/100
|
|-weather|Sandstorm|[upkeep]
|-heal|p1a: Tyranocif|94/100|[from] item: Leftovers
|upkeep
|turn|12
|
|t:|1781125977
|move|p2a: Great Tusk|Headlong Rush|p1a: Tyranocif
|-supereffective|p1a: Tyranocif
|-damage|p1a: Tyranocif|6/100
|-unboost|p2a: Great Tusk|def|1
|-unboost|p2a: Great Tusk|spd|1
|move|p1a: Tyranocif|Ice Beam|p2a: Great Tusk
|-supereffective|p2a: Great Tusk
|-damage|p2a: Great Tusk|0 fnt
|faint|p2a: Great Tusk
|-end|p2a: Great Tusk|Protosynthesis|[silent]
|
|-weather|Sandstorm|[upkeep]
|-heal|p1a: Tyranocif|12/100|[from] item: Leftovers
|upkeep
|
|t:|1781125983
|switch|p2a: Dondozo|Dondozo, M|100/100
|turn|13
|
|t:|1781125991
|move|p1a: Tyranocif|Knock Off|p2a: Dondozo
|-damage|p2a: Dondozo|81/100
|-enditem|p2a: Dondozo|Leftovers|[from] move: Knock Off|[of] p1a: Tyranocif
|move|p2a: Dondozo|Body Press|p1a: Tyranocif
|-supereffective|p1a: Tyranocif
|-damage|p1a: Tyranocif|0 fnt
|faint|p1a: Tyranocif
|
|-weather|Sandstorm|[upkeep]
|-damage|p2a: Dondozo|75/100|[from] Sandstorm
|upkeep
|
|t:|1781125994
|switch|p1a: kaboom|Metagross|100/100
|-damage|p1a: kaboom|88/100|[from] Spikes
|turn|14
|
|t:|1781125999
|switch|p2a: Gliscor|Gliscor, F|50/100 tox
|move|p1a: kaboom|Heavy Slam|p2a: Gliscor
|-damage|p2a: Gliscor|0 fnt
|faint|p2a: Gliscor
|
|-weather|Sandstorm|[upkeep]
|upkeep
|inactive|KurisuChestnutOU has 120 seconds left.
|inactive|KurisuChestnutOU has 90 seconds left.
|inactive|KurisuChestnutOU has 60 seconds left.
|inactive|KurisuChestnutOU has 30 seconds left.
|inactive|KurisuChestnutOU has 20 seconds left.
|j| qklingying
|inactive|KurisuChestnutOU has 15 seconds left.
|inactive|KurisuChestnutOU has 10 seconds left.
|inactive|KurisuChestnutOU has 5 seconds left.
|-message|KurisuChestnutOU lost due to inactivity.
|
|win|extra-pseudo man
|raw|extra-pseudo man's rating: 1656 &rarr; <strong>1674</strong><br />(+18 for winning)
|raw|KurisuChestnutOU's rating: 1621 &rarr; <strong>1603</strong><br />(-18 for losing)
