|j|☆Nick Suzuki
|j|☆phreshoatmeal
|t:|1781324491
|gametype|singles
|player|p1|Nick Suzuki|skier|1479
|player|p2|phreshoatmeal|clerk|1564
|gen|9
|tier|[Gen 9] OU
|rated|
|rule|HP Percentage Mod: HP is shown in percentages
|rule|Endless Battle Clause: Forcing endless battles is banned
|rule|Species Clause: Limit one of each Pokémon
|rule|OHKO Clause: OHKO moves are banned
|rule|Evasion Items Clause: Evasion items are banned
|rule|Evasion Moves Clause: Evasion moves are banned
|rule|Evasion Abilities Clause: Evasion abilities are banned
|rule|Sleep Moves Clause: Sleep-inducing moves are banned
|clearpoke
|poke|p1|Iron Valiant|
|poke|p1|Latios, M|
|poke|p1|Kingambit, F|
|poke|p1|Sinistcha|
|poke|p1|Moltres|
|poke|p1|Ting-Lu|
|poke|p2|Tyranitar, M|
|poke|p2|Hatterene, F|
|poke|p2|Excadrill, F|
|poke|p2|Amoonguss, F|
|poke|p2|Indeedee, M|
|poke|p2|Hippowdon, M|
|teampreview
|
|t:|1781324516
|teamsize|p1|6
|teamsize|p2|6
|start
|switch|p1a: Ting-Lu|Ting-Lu|100/100
|switch|p2a: Hatterene|Hatterene, F|100/100
|-ability|p1a: Ting-Lu|Vessel of Ruin
|turn|1
|inactive|Battle timer is ON: inactive players will automatically lose when time's up. (requested by Nick Suzuki)
|
|t:|1781324527
|move|p1a: Ting-Lu|Ruination|p2a: Hatterene
|-damage|p2a: Hatterene|50/100
|move|p2a: Hatterene|Gravity|p2a: Hatterene
|-fieldstart|move: Gravity
|
|-heal|p2a: Hatterene|56/100|[from] item: Leftovers
|upkeep
|turn|2
|
|t:|1781324534
|move|p1a: Ting-Lu|Ruination|p2a: Hatterene
|-damage|p2a: Hatterene|28/100
|move|p2a: Hatterene|Pain Split|p1a: Ting-Lu
|-sethp|p1a: Ting-Lu|59/100|[from] move: Pain Split|[silent]
|-sethp|p2a: Hatterene|95/100|[from] move: Pain Split
|
|-heal|p1a: Ting-Lu|65/100|[from] item: Leftovers
|-heal|p2a: Hatterene|100/100|[from] item: Leftovers
|upkeep
|turn|3
|
|t:|1781324546
|move|p1a: Ting-Lu|Earthquake|p2a: Hatterene
|-damage|p2a: Hatterene|71/100
|move|p2a: Hatterene|Future Sight|p1a: Ting-Lu
|-start|p2a: Hatterene|move: Future Sight
|
|-heal|p1a: Ting-Lu|72/100|[from] item: Leftovers
|-heal|p2a: Hatterene|77/100|[from] item: Leftovers
|upkeep
|turn|4
|
|t:|1781324553
|move|p1a: Ting-Lu|Ruination|p2a: Hatterene
|-damage|p2a: Hatterene|39/100
|move|p2a: Hatterene|Draining Kiss|p1a: Ting-Lu
|-supereffective|p1a: Ting-Lu
|-damage|p1a: Ting-Lu|54/100
|-heal|p2a: Hatterene|61/100|[from] drain|[of] p1a: Ting-Lu
|
|-heal|p1a: Ting-Lu|60/100|[from] item: Leftovers
|-heal|p2a: Hatterene|67/100|[from] item: Leftovers
|upkeep
|turn|5
|
|t:|1781324559
|switch|p1a: Kingambit|Kingambit, F|100/100
|move|p2a: Hatterene|Draining Kiss|p1a: Kingambit
|-damage|p1a: Kingambit|79/100
|-heal|p2a: Hatterene|86/100|[from] drain|[of] p1a: Kingambit
|
|-end|p1a: Kingambit|move: Future Sight
|-immune|p1a: Kingambit
|-heal|p1a: Kingambit|85/100|[from] item: Leftovers
|-heal|p2a: Hatterene|92/100|[from] item: Leftovers
|-fieldend|move: Gravity
|upkeep
|turn|6
|
|t:|1781324570
|switch|p2a: Amoonguss|Amoonguss, F|100/100
|move|p1a: Kingambit|Iron Head|p2a: Amoonguss
|-damage|p2a: Amoonguss|70/100
|-enditem|p2a: Amoonguss|Eject Button
|
|t:|1781324582
|switch|p2a: Excadrill|Excadrill, F|100/100
|
|-heal|p1a: Kingambit|91/100|[from] item: Leftovers
|upkeep
|turn|7
|
|t:|1781324599
|switch|p2a: Indeedee|Indeedee, M|100/100
|-fieldstart|move: Psychic Terrain|[from] ability: Psychic Surge|[of] p2a: Indeedee
|-end|p1a: Kingambit|fallenundefined|[silent]
|switch|p1a: Sinistcha|Sinistcha|100/100
|
|upkeep
|turn|8
|
|t:|1781324606
|switch|p1a: Ting-Lu|Ting-Lu|60/100
|-ability|p1a: Ting-Lu|Vessel of Ruin
|move|p2a: Indeedee|Substitute|p2a: Indeedee
|-start|p2a: Indeedee|Substitute
|-damage|p2a: Indeedee|76/100
|
|-heal|p1a: Ting-Lu|66/100|[from] item: Leftovers
|upkeep
|turn|9
|
|t:|1781324613
|move|p2a: Indeedee|Gravity|p2a: Indeedee
|-fieldstart|move: Gravity
|move|p1a: Ting-Lu|Earthquake|p2a: Indeedee
|-end|p2a: Indeedee|Substitute
|
|-heal|p1a: Ting-Lu|72/100|[from] item: Leftovers
|upkeep
|turn|10
|
|t:|1781324619
|switch|p2a: Hippowdon|Hippowdon, M|100/100
|-weather|Sandstorm|[from] ability: Sand Stream|[of] p2a: Hippowdon
|move|p1a: Ting-Lu|Earthquake|p2a: Hippowdon
|-damage|p2a: Hippowdon|81/100
|-enditem|p2a: Hippowdon|Eject Button
|
|t:|1781324621
|switch|p2a: Excadrill|Excadrill, F|100/100
|
|-weather|Sandstorm|[upkeep]
|-heal|p1a: Ting-Lu|79/100|[from] item: Leftovers
|upkeep
|turn|11
|
|t:|1781324624
|switch|p1a: Sinistcha|Sinistcha|100/100
|-terastallize|p2a: Excadrill|Ground
|move|p2a: Excadrill|Earthquake|p1a: Sinistcha
|-resisted|p1a: Sinistcha
|-damage|p1a: Sinistcha|57/100
|
|-weather|Sandstorm|[upkeep]
|-damage|p1a: Sinistcha|51/100|[from] Sandstorm
|-fieldend|move: Psychic Terrain
|upkeep
|turn|12
|
|t:|1781324630
|switch|p2a: Hatterene|Hatterene, F|92/100
|move|p1a: Sinistcha|Strength Sap|p2a: Hatterene
|move|p2a: Hatterene|Strength Sap|p1a: Sinistcha|[from] ability: Magic Bounce
|-unboost|p1a: Sinistcha|atk|1
|-heal|p2a: Hatterene|100/100
|
|-weather|Sandstorm|[upkeep]
|-damage|p1a: Sinistcha|45/100|[from] Sandstorm
|-damage|p2a: Hatterene|95/100|[from] Sandstorm
|-heal|p2a: Hatterene|100/100|[from] item: Leftovers
|upkeep
|turn|13
|
|t:|1781324654
|move|p1a: Sinistcha|Shadow Ball|p2a: Hatterene
|-supereffective|p2a: Hatterene
|-damage|p2a: Hatterene|31/100
|move|p2a: Hatterene|Draining Kiss|p1a: Sinistcha
|-damage|p1a: Sinistcha|19/100
|-heal|p2a: Hatterene|51/100|[from] drain|[of] p1a: Sinistcha
|
|-weather|Sandstorm|[upkeep]
|-damage|p1a: Sinistcha|13/100|[from] Sandstorm
|-damage|p2a: Hatterene|45/100|[from] Sandstorm
|-heal|p2a: Hatterene|51/100|[from] item: Leftovers
|-fieldend|move: Gravity
|upkeep
|turn|14
|
|t:|1781324664
|move|p1a: Sinistcha|Shadow Ball|p2a: Hatterene
|-supereffective|p2a: Hatterene
|-damage|p2a: Hatterene|0 fnt
|faint|p2a: Hatterene
|
|-weather|none
|upkeep
|
|t:|1781324672
|switch|p2a: Excadrill|Excadrill, F, tera:Ground|100/100
|turn|15
|
|t:|1781324680
|switch|p1a: Moltres|Moltres|100/100
|move|p2a: Excadrill|Rock Slide|p1a: Moltres
|-supereffective|p1a: Moltres
|-damage|p1a: Moltres|0 fnt
|faint|p1a: Moltres
|
|upkeep
|
|t:|1781324691
|switch|p1a: Iron Valiant|Iron Valiant|100/100
|turn|16
|
|t:|1781324697
|-end|p1a: Iron Valiant|Quark Drive|[silent]
|switch|p1a: Latios|Latios, M|100/100
|switch|p2a: Amoonguss|Amoonguss, F|100/100
|
|upkeep
|turn|17
|
|t:|1781324709
|switch|p1a: Ting-Lu|Ting-Lu|79/100
|-ability|p1a: Ting-Lu|Vessel of Ruin
|switch|p2a: Tyranitar|Tyranitar, M|100/100
|-weather|Sandstorm|[from] ability: Sand Stream|[of] p2a: Tyranitar
|
|-weather|Sandstorm|[upkeep]
|-heal|p1a: Ting-Lu|85/100|[from] item: Leftovers
|upkeep
|turn|18
|
|t:|1781324715
|move|p2a: Tyranitar|Stealth Rock|p1a: Ting-Lu
|-sidestart|p1: Nick Suzuki|move: Stealth Rock
|move|p1a: Ting-Lu|Spikes|p2a: Tyranitar
|-sidestart|p2: phreshoatmeal|Spikes
|
|-weather|Sandstorm|[upkeep]
|-heal|p1a: Ting-Lu|91/100|[from] item: Leftovers
|upkeep
|turn|19
|
|t:|1781324718
|move|p2a: Tyranitar|Knock Off|p1a: Ting-Lu
|-resisted|p1a: Ting-Lu
|-damage|p1a: Ting-Lu|78/100
|-enditem|p1a: Ting-Lu|Leftovers|[from] move: Knock Off|[of] p2a: Tyranitar
|move|p1a: Ting-Lu|Stealth Rock|p2a: Tyranitar
|-sidestart|p2: phreshoatmeal|move: Stealth Rock
|
|-weather|Sandstorm|[upkeep]
|upkeep
|turn|20
|
|t:|1781324721
|move|p2a: Tyranitar|Ice Beam|p1a: Ting-Lu
|-supereffective|p1a: Ting-Lu
|-damage|p1a: Ting-Lu|63/100
|move|p1a: Ting-Lu|Earthquake|p2a: Tyranitar
|-supereffective|p2a: Tyranitar
|-damage|p2a: Tyranitar|40/100
|-enditem|p2a: Tyranitar|Eject Button
|
|t:|1781324727
|switch|p2a: Excadrill|Excadrill, F, tera:Ground|100/100
|-damage|p2a: Excadrill|88/100|[from] Spikes
|-damage|p2a: Excadrill|82/100|[from] Stealth Rock
|
|-weather|Sandstorm|[upkeep]
|upkeep
|turn|21
|
|t:|1781324733
|move|p2a: Excadrill|Iron Head|p1a: Ting-Lu
|-damage|p1a: Ting-Lu|21/100
|cant|p1a: Ting-Lu|flinch
|
|-weather|none
|upkeep
|turn|22
|
|t:|1781324738
|switch|p1a: Kingambit|Kingambit, F|91/100
|-damage|p1a: Kingambit|85/100|[from] Stealth Rock
|-activate|p1a: Kingambit|ability: Supreme Overlord
|-start|p1a: Kingambit|fallen1|[silent]
|move|p2a: Excadrill|Iron Head|p1a: Kingambit
|-resisted|p1a: Kingambit
|-crit|p1a: Kingambit
|-damage|p1a: Kingambit|46/100
|
|-heal|p1a: Kingambit|53/100|[from] item: Leftovers
|upkeep
|turn|23
|inactive|phreshoatmeal has 120 seconds left.
|
|t:|1781324774
|switch|p2a: Hippowdon|Hippowdon, M|81/100
|-damage|p2a: Hippowdon|69/100|[from] Spikes
|-damage|p2a: Hippowdon|63/100|[from] Stealth Rock
|-weather|Sandstorm|[from] ability: Sand Stream|[of] p2a: Hippowdon
|-end|p1a: Kingambit|fallen1|[silent]
|switch|p1a: Sinistcha|Sinistcha|13/100
|
|-weather|Sandstorm|[upkeep]
|-damage|p1a: Sinistcha|7/100|[from] Sandstorm
|upkeep
|turn|24
|inactive|phreshoatmeal has 120 seconds left.
|
|t:|1781324780
|switch|p2a: Indeedee|Indeedee, M|76/100
|-damage|p2a: Indeedee|63/100|[from] Spikes
|-damage|p2a: Indeedee|51/100|[from] Stealth Rock
|-fieldstart|move: Psychic Terrain|[from] ability: Psychic Surge|[of] p2a: Indeedee
|move|p1a: Sinistcha|Strength Sap|p2a: Indeedee
|-unboost|p2a: Indeedee|atk|1
|-heal|p1a: Sinistcha|57/100
|
|-weather|Sandstorm|[upkeep]
|-damage|p2a: Indeedee|45/100|[from] Sandstorm
|-damage|p1a: Sinistcha|51/100|[from] Sandstorm
|upkeep
|turn|25
|
|t:|1781324787
|switch|p1a: Ting-Lu|Ting-Lu|21/100
|-damage|p1a: Ting-Lu|15/100|[from] Stealth Rock
|-ability|p1a: Ting-Lu|Vessel of Ruin
|move|p2a: Indeedee|Drain Punch|p1a: Ting-Lu
|-supereffective|p1a: Ting-Lu
|-crit|p1a: Ting-Lu
|-damage|p1a: Ting-Lu|0 fnt
|-heal|p2a: Indeedee|59/100|[from] drain|[of] p1a: Ting-Lu
|faint|p1a: Ting-Lu
|-damage|p2a: Indeedee|49/100|[from] item: Life Orb
|
|-weather|Sandstorm|[upkeep]
|-damage|p2a: Indeedee|43/100|[from] Sandstorm
|upkeep
|
|t:|1781324806
|switch|p1a: Latios|Latios, M|100/100
|-damage|p1a: Latios|88/100|[from] Stealth Rock
|turn|26
|
|t:|1781324823
|-terastallize|p1a: Latios|Electric
|move|p1a: Latios|Thunderbolt|p2a: Indeedee
|-damage|p2a: Indeedee|0 fnt
|faint|p2a: Indeedee
|
|-weather|Sandstorm|[upkeep]
|-damage|p1a: Latios|82/100|[from] Sandstorm
|upkeep
|
|t:|1781324827
|switch|p2a: Excadrill|Excadrill, F, tera:Ground|82/100
|-damage|p2a: Excadrill|69/100|[from] Spikes
|-damage|p2a: Excadrill|63/100|[from] Stealth Rock
|turn|27
|
|t:|1781324839
|move|p2a: Excadrill|Earthquake|p1a: Latios
|-immune|p1a: Latios|[from] ability: Levitate
|move|p1a: Latios|Ice Beam|p2a: Excadrill
|-supereffective|p2a: Excadrill
|-damage|p2a: Excadrill|0 fnt
|faint|p2a: Excadrill
|
|-weather|none
|upkeep
|-message|phreshoatmeal forfeited.
|
|win|Nick Suzuki
|raw|Nick Suzuki's rating: 1479 &rarr; <strong>1504</strong><br />(+25 for winning)
|raw|phreshoatmeal's rating: 1564 &rarr; <strong>1539</strong><br />(-25 for losing)
|l|☆phreshoatmeal
|player|p2|
|l|☆Nick Suzuki
|player|p1|
