|j|☆samohi0
|j|☆BlackStar150520
|t:|1781312686
|gametype|singles
|player|p1|samohi0|hoopster|1699
|player|p2|BlackStar150520|unknown|1730
|gen|9
|tier|[Gen 9] OU
|rated|
|rule|HP Percentage Mod: HP is shown in percentages
|rule|Endless Battle Clause: Forcing endless battles is banned
|rule|Species Clause: Limit one of each Pokémon
|rule|OHKO Clause: OHKO moves are banned
|rule|Evasion Items Clause: Evasion items are banned
|rule|Evasion Moves Clause: Evasion moves are banned
|rule|Evasion Abilities Clause: Evasion abilities are banned
|rule|Sleep Moves Clause: Sleep-inducing moves are banned
|clearpoke
|poke|p1|Lokix, F|
|poke|p1|Iron Valiant|
|poke|p1|Alomomola, L99, M|
|poke|p1|Mandibuzz, F|
|poke|p1|Great Tusk|
|poke|p1|Gholdengo|
|poke|p2|Kingambit, F|
|poke|p2|Iron Valiant|
|poke|p2|Cinderace, F|
|poke|p2|Raging Bolt|
|poke|p2|Ogerpon-Wellspring, F|
|poke|p2|Garchomp, M|
|teampreview
|inactive|Battle timer is ON: inactive players will automatically lose when time's up. (requested by BlackStar150520)
|
|t:|1781312700
|teamsize|p1|6
|teamsize|p2|6
|start
|switch|p1a: G3-X|Iron Valiant, shiny|100/100
|switch|p2a: 🦈|Garchomp, M, shiny|100/100
|turn|1
|
|t:|1781312706
|switch|p2a: BunnyGirlSenpai|Cinderace, F|100/100
|move|p1a: G3-X|Moonblast|p2a: BunnyGirlSenpai
|-resisted|p2a: BunnyGirlSenpai
|-damage|p2a: BunnyGirlSenpai|59/100
|
|upkeep
|turn|2
|
|t:|1781312713
|-end|p1a: G3-X|Quark Drive|[silent]
|switch|p1a: Tetsuya Sawaki|Alomomola, L99, M|100/100
|move|p2a: BunnyGirlSenpai|U-turn|p1a: Tetsuya Sawaki
|-damage|p1a: Tetsuya Sawaki|88/100
|
|t:|1781312717
|switch|p2a: 🎭|Ogerpon-Wellspring, F|100/100|[from] U-turn
|
|upkeep
|turn|3
|
|t:|1781312721
|switch|p1a: Overlord|Mandibuzz, F|100/100
|move|p2a: 🎭|Knock Off|p1a: Overlord
|-resisted|p1a: Overlord
|-damage|p1a: Overlord|89/100
|-enditem|p1a: Overlord|Heavy-Duty Boots|[from] move: Knock Off|[of] p2a: 🎭
|
|upkeep
|turn|4
|
|t:|1781312724
|move|p2a: 🎭|U-turn|p1a: Overlord
|-damage|p1a: Overlord|74/100
|
|t:|1781312726
|switch|p2a: 🦈|Garchomp, M, shiny|100/100|[from] U-turn
|move|p1a: Overlord|U-turn|p2a: 🦈
|-damage|p2a: 🦈|88/100
|-damage|p1a: Overlord|61/100|[from] ability: Rough Skin|[of] p2a: 🦈
|
|t:|1781312730
|switch|p1a: G3-X|Iron Valiant, shiny|100/100|[from] U-turn
|
|upkeep
|turn|5
|
|t:|1781312737
|switch|p2a: BunnyGirlSenpai|Cinderace, F|59/100
|move|p1a: G3-X|Moonblast|p2a: BunnyGirlSenpai
|-resisted|p2a: BunnyGirlSenpai
|-damage|p2a: BunnyGirlSenpai|14/100
|
|upkeep
|turn|6
|
|t:|1781312744
|-end|p1a: G3-X|Quark Drive|[silent]
|switch|p1a: Tetsuya Sawaki|Alomomola, L99, M|100/100
|move|p2a: BunnyGirlSenpai|Pyro Ball|p1a: Tetsuya Sawaki|[miss]
|-miss|p2a: BunnyGirlSenpai|p1a: Tetsuya Sawaki
|
|upkeep
|turn|7
|
|t:|1781312751
|move|p2a: BunnyGirlSenpai|U-turn|p1a: Tetsuya Sawaki
|-damage|p1a: Tetsuya Sawaki|87/100
|
|t:|1781312754
|switch|p2a: 🎭|Ogerpon-Wellspring, F|100/100|[from] U-turn
|move|p1a: Tetsuya Sawaki|Play Rough|p2a: 🎭|[miss]
|-miss|p1a: Tetsuya Sawaki|p2a: 🎭
|
|upkeep
|turn|8
|
|t:|1781312757
|switch|p1a: Overlord|Mandibuzz, F|61/100
|move|p2a: 🎭|U-turn|p1a: Overlord
|-damage|p1a: Overlord|45/100
|
|t:|1781312761
|switch|p2a: 🦈|Garchomp, M, shiny|88/100|[from] U-turn
|
|upkeep
|turn|9
|
|t:|1781312764
|move|p2a: 🦈|Stealth Rock|p1a: Overlord
|-sidestart|p1: samohi0|move: Stealth Rock
|move|p1a: Overlord|Roost|p1a: Overlord
|-heal|p1a: Overlord|95/100
|-singleturn|p1a: Overlord|move: Roost
|
|upkeep
|turn|10
|
|t:|1781312772
|move|p2a: 🦈|Draco Meteor|p1a: Overlord
|-damage|p1a: Overlord|41/100
|-unboost|p2a: 🦈|spa|2
|-damage|p2a: 🦈|78/100|[from] item: Life Orb
|move|p1a: Overlord|Defog|p2a: 🦈
|-unboost|p2a: 🦈|evasion|1
|-sideend|p1: samohi0|Stealth Rock|[from] move: Defog|[of] p1a: Overlord
|
|upkeep
|turn|11
|
|t:|1781312775
|move|p2a: 🦈|Stealth Rock|p1a: Overlord
|-sidestart|p1: samohi0|move: Stealth Rock
|move|p1a: Overlord|Roost|p1a: Overlord
|-heal|p1a: Overlord|91/100
|-singleturn|p1a: Overlord|move: Roost
|
|upkeep
|turn|12
|
|t:|1781312786
|switch|p2a: ⚡️|Raging Bolt|100/100
|move|p1a: Overlord|Defog|p2a: ⚡️
|-unboost|p2a: ⚡️|evasion|1
|-sideend|p1: samohi0|Stealth Rock|[from] move: Defog|[of] p1a: Overlord
|
|upkeep
|turn|13
|
|t:|1781312793
|switch|p1a: G3-X|Iron Valiant, shiny|100/100
|move|p2a: ⚡️|Thunderbolt|p1a: G3-X
|-crit|p1a: G3-X
|-damage|p1a: G3-X|0 fnt
|faint|p1a: G3-X
|-end|p1a: G3-X|Quark Drive|[silent]
|
|upkeep
|
|t:|1781312801
|switch|p1a: Gills Exceed|Great Tusk|100/100
|turn|14
|
|t:|1781312806
|-end|p2a: ⚡️|Protosynthesis|[silent]
|switch|p2a: 🎭|Ogerpon-Wellspring, F|100/100
|move|p1a: Gills Exceed|Headlong Rush|p2a: 🎭
|-resisted|p2a: 🎭
|-damage|p2a: 🎭|56/100
|-unboost|p1a: Gills Exceed|def|1
|-unboost|p1a: Gills Exceed|spd|1
|
|upkeep
|turn|15
|
|t:|1781312812
|-end|p1a: Gills Exceed|Protosynthesis|[silent]
|switch|p1a: Overlord|Mandibuzz, F|91/100
|move|p2a: 🎭|Ivy Cudgel|p1a: Overlord|[anim] Ivy Cudgel Water
|-damage|p1a: Overlord|56/100
|
|upkeep
|turn|16
|
|t:|1781312816
|move|p2a: 🎭|Ivy Cudgel|p1a: Overlord|[anim] Ivy Cudgel Water
|-damage|p1a: Overlord|23/100
|move|p1a: Overlord|U-turn|p2a: 🎭
|-supereffective|p2a: 🎭
|-damage|p2a: 🎭|25/100
|
|t:|1781312819
|switch|p1a: MACHINE TORNADER|Gholdengo|100/100|[from] U-turn
|
|upkeep
|turn|17
|
|t:|1781312827
|switch|p2a: Aizen🗡️|Kingambit, F, shiny|100/100
|move|p1a: MACHINE TORNADER|Make It Rain|p2a: Aizen🗡️
|-resisted|p2a: Aizen🗡️
|-damage|p2a: Aizen🗡️|68/100
|-unboost|p1a: MACHINE TORNADER|spa|1
|
|-heal|p2a: Aizen🗡️|74/100|[from] item: Leftovers
|upkeep
|turn|18
|
|t:|1781312832
|switch|p1a: Gills Exceed|Great Tusk|100/100
|-end|p2a: Aizen🗡️|fallenundefined|[silent]
|switch|p2a: 🦈|Garchomp, M, shiny|78/100
|
|upkeep
|turn|19
|
|t:|1781312839
|move|p2a: 🦈|Draco Meteor|p1a: Gills Exceed
|-crit|p1a: Gills Exceed
|-damage|p1a: Gills Exceed|0 fnt
|-unboost|p2a: 🦈|spa|2
|faint|p1a: Gills Exceed
|-end|p1a: Gills Exceed|Protosynthesis|[silent]
|-damage|p2a: 🦈|69/100|[from] item: Life Orb
|
|upkeep
|
|t:|1781312843
|switch|p1a: MACHINE TORNADER|Gholdengo|100/100
|turn|20
|
|t:|1781312849
|switch|p2a: Aizen🗡️|Kingambit, F, shiny|74/100
|move|p1a: MACHINE TORNADER|Make It Rain|p2a: Aizen🗡️
|-resisted|p2a: Aizen🗡️
|-damage|p2a: Aizen🗡️|43/100
|-unboost|p1a: MACHINE TORNADER|spa|1
|
|-heal|p2a: Aizen🗡️|49/100|[from] item: Leftovers
|upkeep
|turn|21
|
|t:|1781312852
|switch|p1a: Tetsuya Sawaki|Alomomola, L99, M|100/100
|-end|p2a: Aizen🗡️|fallenundefined|[silent]
|switch|p2a: 🦈|Garchomp, M, shiny|69/100
|
|upkeep
|turn|22
|
|t:|1781312856
|move|p2a: 🦈|Stealth Rock|p1a: Tetsuya Sawaki
|-sidestart|p1: samohi0|move: Stealth Rock
|move|p1a: Tetsuya Sawaki|Flip Turn|p2a: 🦈
|-damage|p2a: 🦈|52/100
|-damage|p1a: Tetsuya Sawaki|88/100|[from] ability: Rough Skin|[of] p2a: 🦈
|
|t:|1781312859
|switch|p1a: MACHINE TORNADER|Gholdengo|100/100|[from] Flip Turn
|-damage|p1a: MACHINE TORNADER|94/100|[from] Stealth Rock
|
|upkeep
|turn|23
|
|t:|1781312868
|switch|p2a: ⚡️|Raging Bolt|100/100
|move|p1a: MACHINE TORNADER|Make It Rain|p2a: ⚡️
|-resisted|p2a: ⚡️
|-damage|p2a: ⚡️|69/100
|-unboost|p1a: MACHINE TORNADER|spa|1
|
|-heal|p2a: ⚡️|75/100|[from] item: Leftovers
|upkeep
|turn|24
|
|t:|1781312873
|switch|p1a: Overlord|Mandibuzz, F|23/100
|-damage|p1a: Overlord|0 fnt|[from] Stealth Rock
|faint|p1a: Overlord
|move|p2a: ⚡️|Thunderbolt|p1: Overlord|[notarget]
|-fail|p2a: ⚡️
|
|-heal|p2a: ⚡️|81/100|[from] item: Leftovers
|upkeep
|
|t:|1781312875
|switch|p1a: Shining Agito|Lokix, F, shiny|100/100
|-damage|p1a: Shining Agito|76/100|[from] Stealth Rock
|turn|25
|
|t:|1781312879
|-end|p2a: ⚡️|Protosynthesis|[silent]
|switch|p2a: Hero|Iron Valiant|100/100
|-enditem|p2a: Hero|Booster Energy
|-activate|p2a: Hero|ability: Quark Drive|[fromitem]
|-start|p2a: Hero|quarkdrivespe
|move|p1a: Shining Agito|Leech Life|p2a: Hero
|-resisted|p2a: Hero
|-damage|p2a: Hero|65/100
|-heal|p1a: Shining Agito|94/100|[from] drain|[of] p2a: Hero
|
|upkeep
|turn|26
|
|t:|1781312888
|switch|p1a: Tetsuya Sawaki|Alomomola, L99, M|100/100
|-damage|p1a: Tetsuya Sawaki|88/100|[from] Stealth Rock
|move|p2a: Hero|Moonblast|p1a: Tetsuya Sawaki
|-damage|p1a: Tetsuya Sawaki|61/100
|
|upkeep
|turn|27
|
|t:|1781312891
|-end|p2a: Hero|Quark Drive|[silent]
|switch|p2a: 🎭|Ogerpon-Wellspring, F|25/100
|move|p1a: Tetsuya Sawaki|Play Rough|p2a: 🎭
|-damage|p2a: 🎭|5/100
|
|upkeep
|turn|28
|
|t:|1781312896
|move|p2a: 🎭|U-turn|p1a: Tetsuya Sawaki
|-damage|p1a: Tetsuya Sawaki|43/100
|
|t:|1781312902
|switch|p2a: ⚡️|Raging Bolt|81/100|[from] U-turn
|move|p1a: Tetsuya Sawaki|Play Rough|p2a: ⚡️
|-supereffective|p2a: ⚡️
|-damage|p2a: ⚡️|51/100
|
|-heal|p2a: ⚡️|57/100|[from] item: Leftovers
|upkeep
|turn|29
|
|t:|1781312907
|move|p2a: ⚡️|Thunderbolt|p1a: Tetsuya Sawaki
|-supereffective|p1a: Tetsuya Sawaki
|-damage|p1a: Tetsuya Sawaki|0 fnt
|faint|p1a: Tetsuya Sawaki
|
|-heal|p2a: ⚡️|64/100|[from] item: Leftovers
|upkeep
|
|t:|1781312909
|switch|p1a: Shining Agito|Lokix, F, shiny|94/100
|-damage|p1a: Shining Agito|69/100|[from] Stealth Rock
|turn|30
|
|t:|1781312916
|move|p1a: Shining Agito|Leech Life|p2a: ⚡️
|-damage|p2a: ⚡️|5/100
|-heal|p1a: Shining Agito|100/100|[from] drain|[of] p2a: ⚡️
|move|p2a: ⚡️|Thunderbolt|p1a: Shining Agito
|-damage|p1a: Shining Agito|1/100
|
|-heal|p2a: ⚡️|11/100|[from] item: Leftovers
|upkeep
|turn|31
|-message|samohi0 forfeited.
|
|win|BlackStar150520
|raw|samohi0's rating: 1699 &rarr; <strong>1681</strong><br />(-18 for losing)
|raw|BlackStar150520's rating: 1730 &rarr; <strong>1748</strong><br />(+18 for winning)
|l|☆samohi0
|player|p1|
