|j|☆Rj yoip
|j|☆cumtd
|t:|1781329029
|gametype|singles
|player|p1|Rj yoip|caitlin-masters|1574
|player|p2|cumtd|blue|1586
|gen|9
|tier|[Gen 9] OU
|rated|
|rule|HP Percentage Mod: HP is shown in percentages
|rule|Endless Battle Clause: Forcing endless battles is banned
|rule|Species Clause: Limit one of each Pokémon
|rule|OHKO Clause: OHKO moves are banned
|rule|Evasion Items Clause: Evasion items are banned
|rule|Evasion Moves Clause: Evasion moves are banned
|rule|Evasion Abilities Clause: Evasion abilities are banned
|rule|Sleep Moves Clause: Sleep-inducing moves are banned
|clearpoke
|poke|p1|Tyranitar, F|
|poke|p1|Hydrapple, F|
|poke|p1|Enamorus, F|
|poke|p1|Garganacl, M|
|poke|p1|Excadrill, M|
|poke|p1|Alomomola, F|
|poke|p2|Darkrai|
|poke|p2|Garchomp, M|
|poke|p2|Alomomola, M|
|poke|p2|Corviknight, M|
|poke|p2|Weezing-Galar, F|
|poke|p2|Ogerpon, F|
|teampreview
|inactive|Battle timer is ON: inactive players will automatically lose when time's up. (requested by cumtd)
|
|t:|1781329055
|teamsize|p1|6
|teamsize|p2|6
|start
|switch|p1a: Garganacl|Garganacl, M|100/100
|switch|p2a: Weezing|Weezing-Galar, F|100/100
|-ability|p2a: Weezing|Neutralizing Gas
|turn|1
|
|t:|1781329062
|switch|p1a: Alomomola|Alomomola, F|100/100
|move|p2a: Weezing|Will-O-Wisp|p1a: Alomomola
|-status|p1a: Alomomola|brn
|
|-damage|p1a: Alomomola|94/100 brn|[from] brn
|upkeep
|turn|2
|
|t:|1781329066
|-end|p2a: Weezing|ability: Neutralizing Gas
|switch|p2a: Garchomp|Garchomp, M|100/100
|move|p1a: Alomomola|Flip Turn|p2a: Garchomp
|-damage|p2a: Garchomp|95/100
|-damage|p1a: Alomomola|82/100 brn|[from] ability: Rough Skin|[of] p2a: Garchomp
|-damage|p1a: Alomomola|65/100 brn|[from] item: Rocky Helmet|[of] p2a: Garchomp
|
|t:|1781329072
|switch|p1a: Enamorus|Enamorus, F|100/100|[from] Flip Turn
|
|upkeep
|turn|3
|
|t:|1781329076
|switch|p1a: Garganacl|Garganacl, M|100/100
|switch|p2a: Alomomola|Alomomola, M|100/100
|
|upkeep
|turn|4
|
|t:|1781329079
|move|p2a: Alomomola|Flip Turn|p1a: Garganacl
|-supereffective|p1a: Garganacl
|-damage|p1a: Garganacl|77/100
|
|t:|1781329082
|switch|p2a: Weezing|Weezing-Galar, F|100/100|[from] Flip Turn
|-ability|p2a: Weezing|Neutralizing Gas
|move|p1a: Garganacl|Salt Cure|p2a: Weezing
|-damage|p2a: Weezing|91/100
|-start|p2a: Weezing|Salt Cure
|
|-heal|p2a: Weezing|97/100|[from] item: Leftovers
|-heal|p1a: Garganacl|83/100|[from] item: Leftovers
|-damage|p2a: Weezing|85/100|[from] Salt Cure
|upkeep
|turn|5
|
|t:|1781329094
|-end|p2a: Weezing|ability: Neutralizing Gas
|switch|p2a: Garchomp|Garchomp, M|95/100
|move|p1a: Garganacl|Protect||[still]
|-fail|p1a: Garganacl
|
|-heal|p1a: Garganacl|89/100|[from] item: Leftovers
|upkeep
|turn|6
|
|t:|1781329097
|switch|p1a: Enamorus|Enamorus, F|100/100
|move|p2a: Garchomp|Stealth Rock|p1a: Enamorus
|-sidestart|p1: Rj yoip|move: Stealth Rock
|
|upkeep
|turn|7
|
|t:|1781329101
|switch|p1a: Excadrill|Excadrill, M|100/100
|-damage|p1a: Excadrill|97/100|[from] Stealth Rock
|switch|p2a: Alomomola|Alomomola, M|100/100
|
|-heal|p1a: Excadrill|100/100|[from] item: Leftovers
|upkeep
|turn|8
|
|t:|1781329104
|move|p1a: Excadrill|Rapid Spin|p2a: Alomomola
|-damage|p2a: Alomomola|87/100
|-boost|p1a: Excadrill|spe|1
|-sideend|p1: Rj yoip|Stealth Rock|[from] move: Rapid Spin|[of] p1a: Excadrill
|move|p2a: Alomomola|Flip Turn|p1a: Excadrill
|-supereffective|p1a: Excadrill
|-damage|p1a: Excadrill|54/100
|
|t:|1781329109
|switch|p2a: Ogerpon|Ogerpon, F|100/100|[from] Flip Turn
|
|-heal|p1a: Excadrill|60/100|[from] item: Leftovers
|upkeep
|turn|9
|
|t:|1781329119
|-terastallize|p2a: Ogerpon|Grass
|detailschange|p2a: Ogerpon|Ogerpon-Teal-Tera, F, tera:Grass
|-ability|p2a: Ogerpon|Embody Aspect (Teal)|boost
|-boost|p2a: Ogerpon|spe|1
|move|p2a: Ogerpon|Ivy Cudgel|p1a: Excadrill
|-crit|p1a: Excadrill
|-damage|p1a: Excadrill|0 fnt
|faint|p1a: Excadrill
|
|upkeep
|
|t:|1781329122
|switch|p1a: Hydrapple|Hydrapple, F|100/100
|turn|10
|
|t:|1781329125
|switch|p2a: Alomomola|Alomomola, M|100/100
|move|p1a: Hydrapple|Nasty Plot|p1a: Hydrapple
|-boost|p1a: Hydrapple|spa|2
|
|upkeep
|turn|11
|
|t:|1781329129
|move|p2a: Alomomola|Flip Turn|p1a: Hydrapple
|-resisted|p1a: Hydrapple
|-damage|p1a: Hydrapple|98/100
|-damage|p2a: Alomomola|84/100|[from] item: Rocky Helmet|[of] p1a: Hydrapple
|
|t:|1781329131
|switch|p2a: Weezing|Weezing-Galar, F|85/100|[from] Flip Turn
|-ability|p2a: Weezing|Neutralizing Gas
|move|p1a: Hydrapple|Nasty Plot|p1a: Hydrapple
|-boost|p1a: Hydrapple|spa|2
|
|-heal|p2a: Weezing|91/100|[from] item: Leftovers
|upkeep
|turn|12
|
|t:|1781329135
|move|p2a: Weezing|Sludge Bomb|p1a: Hydrapple
|-supereffective|p1a: Hydrapple
|-damage|p1a: Hydrapple|42/100
|move|p1a: Hydrapple|Earth Power|p2a: Weezing
|-supereffective|p2a: Weezing
|-damage|p2a: Weezing|0 fnt
|faint|p2a: Weezing
|-end|p2a: Weezing|ability: Neutralizing Gas
|
|upkeep
|
|t:|1781329138
|switch|p2a: Darkrai|Darkrai|100/100
|turn|13
|
|t:|1781329140
|switch|p1a: Alomomola|Alomomola, F|99/100 brn
|move|p2a: Darkrai|Ice Beam|p1a: Alomomola
|-resisted|p1a: Alomomola
|-damage|p1a: Alomomola|86/100 brn
|
|-damage|p1a: Alomomola|80/100 brn|[from] brn
|upkeep
|turn|14
|
|t:|1781329147
|switch|p2a: Garchomp|Garchomp, M|95/100
|move|p1a: Alomomola|Flip Turn|p2a: Garchomp
|-damage|p2a: Garchomp|90/100
|-damage|p1a: Alomomola|68/100 brn|[from] ability: Rough Skin|[of] p2a: Garchomp
|-damage|p1a: Alomomola|51/100 brn|[from] item: Rocky Helmet|[of] p2a: Garchomp
|
|t:|1781329150
|switch|p1a: Enamorus|Enamorus, F|100/100|[from] Flip Turn
|
|upkeep
|turn|15
|
|t:|1781329153
|move|p1a: Enamorus|Moonblast|p2a: Garchomp
|-supereffective|p2a: Garchomp
|-damage|p2a: Garchomp|0 fnt
|faint|p2a: Garchomp
|
|upkeep
|
|t:|1781329157
|switch|p2a: Ogerpon|Ogerpon-Teal-Tera, F, tera:Grass|100/100
|-ability|p2a: Ogerpon|Embody Aspect (Teal)|boost
|-boost|p2a: Ogerpon|spe|1
|turn|16
|
|t:|1781329160
|move|p2a: Ogerpon|Knock Off|p1a: Enamorus
|-resisted|p1a: Enamorus
|-damage|p1a: Enamorus|73/100
|-enditem|p1a: Enamorus|Choice Scarf|[from] move: Knock Off|[of] p2a: Ogerpon
|move|p1a: Enamorus|Moonblast|p2a: Ogerpon
|-damage|p2a: Ogerpon|31/100
|
|upkeep
|turn|17
|
|t:|1781329164
|switch|p2a: Alomomola|Alomomola, M|100/100
|move|p1a: Enamorus|Moonblast|p2a: Alomomola
|-damage|p2a: Alomomola|73/100
|
|upkeep
|turn|18
|
|t:|1781329168
|switch|p1a: Hydrapple|Hydrapple, F|75/100
|move|p2a: Alomomola|Flip Turn|p1a: Hydrapple
|-resisted|p1a: Hydrapple
|-damage|p1a: Hydrapple|73/100
|-damage|p2a: Alomomola|56/100|[from] item: Rocky Helmet|[of] p1a: Hydrapple
|
|t:|1781329171
|switch|p2a: Darkrai|Darkrai|100/100|[from] Flip Turn
|
|upkeep
|turn|19
|
|t:|1781329173
|switch|p2a: Ogerpon|Ogerpon-Teal-Tera, F, tera:Grass|31/100
|-ability|p2a: Ogerpon|Embody Aspect (Teal)|boost
|-boost|p2a: Ogerpon|spe|1
|switch|p1a: Alomomola|Alomomola, F|84/100 brn
|
|-damage|p1a: Alomomola|78/100 brn|[from] brn
|upkeep
|turn|20
|
|t:|1781329178
|switch|p2a: Darkrai|Darkrai|100/100
|switch|p1a: Hydrapple|Hydrapple, F|100/100
|
|upkeep
|turn|21
|
|t:|1781329183
|switch|p1a: Alomomola|Alomomola, F|100/100 brn
|move|p2a: Darkrai|Dark Pulse|p1a: Alomomola
|-damage|p1a: Alomomola|65/100 brn
|
|-damage|p1a: Alomomola|59/100 brn|[from] brn
|upkeep
|turn|22
|
|t:|1781329187
|move|p2a: Darkrai|Dark Pulse|p1a: Alomomola
|-damage|p1a: Alomomola|27/100 brn
|move|p1a: Alomomola|Flip Turn|p2a: Darkrai
|-damage|p2a: Darkrai|89/100
|
|t:|1781329189
|switch|p1a: Tyranitar|Tyranitar, F|100/100|[from] Flip Turn
|-weather|Sandstorm|[from] ability: Sand Stream|[of] p1a: Tyranitar
|
|-weather|Sandstorm|[upkeep]
|-damage|p2a: Darkrai|83/100|[from] Sandstorm
|upkeep
|turn|23
|
|t:|1781329191
|switch|p2a: Corviknight|Corviknight, M|100/100
|-ability|p2a: Corviknight|Pressure
|move|p1a: Tyranitar|Stone Edge|p2a: Corviknight
|-damage|p2a: Corviknight|28/100
|
|-weather|Sandstorm|[upkeep]
|-heal|p2a: Corviknight|35/100|[from] item: Leftovers
|upkeep
|turn|24
|-message|cumtd forfeited.
|
|win|Rj yoip
|raw|Rj yoip's rating: 1551 &rarr; <strong>1573</strong><br />(+22 for winning)
|raw|cumtd's rating: 1586 &rarr; <strong>1564</strong><br />(-22 for losing)
|l|☆cumtd
|player|p2|
|l|☆Rj yoip
|player|p1|
