|j|☆hyp4roffender
|j|☆fantominus83
|t:|1780985448
|gametype|singles
|player|p1|hyp4roffender|266|1705
|player|p2|fantominus83|grimsley|1658
|gen|9
|tier|[Gen 9] OU
|rated|
|rule|HP Percentage Mod: HP is shown in percentages
|rule|Endless Battle Clause: Forcing endless battles is banned
|rule|Species Clause: Limit one of each Pokémon
|rule|OHKO Clause: OHKO moves are banned
|rule|Evasion Items Clause: Evasion items are banned
|rule|Evasion Moves Clause: Evasion moves are banned
|rule|Evasion Abilities Clause: Evasion abilities are banned
|rule|Sleep Moves Clause: Sleep-inducing moves are banned
|clearpoke
|poke|p1|Ogerpon, F|
|poke|p1|Samurott-Hisui, F|
|poke|p1|Blissey, F|
|poke|p1|Gliscor, F|
|poke|p1|Skarmory, F|
|poke|p1|Pecharunt|
|poke|p2|Great Tusk|
|poke|p2|Hatterene, F|
|poke|p2|Ceruledge, M|
|poke|p2|Iron Crown|
|poke|p2|Manaphy|
|poke|p2|Ninetales-Alola, M|
|teampreview
|inactive|Battle timer is ON: inactive players will automatically lose when time's up. (requested by fantominus83)
|
|t:|1780985498
|teamsize|p1|6
|teamsize|p2|6
|start
|switch|p1a: Pecharunt|Pecharunt|100/100
|switch|p2a: Ninetales|Ninetales-Alola, M|100/100
|-weather|Snowscape|[from] ability: Snow Warning|[of] p2a: Ninetales
|turn|1
|
|t:|1780985501
|move|p2a: Ninetales|Aurora Veil|p2a: Ninetales
|-sidestart|p2: fantominus83|move: Aurora Veil
|move|p1a: Pecharunt|Toxic|p2a: Ninetales
|-status|p2a: Ninetales|tox
|-start|p2a: Ninetales|confusion|[from] ability: Poison Puppeteer|[of] p1a: Pecharunt
|
|-weather|Snowscape|[upkeep]
|-damage|p2a: Ninetales|94/100 tox|[from] psn
|upkeep
|turn|2
|
|t:|1780985506
|-activate|p2a: Ninetales|confusion
|move|p2a: Ninetales|Encore|p1a: Pecharunt
|-start|p1a: Pecharunt|Encore
|move|p1a: Pecharunt|Toxic|p2a: Ninetales
|-fail|p2a: Ninetales|tox
|
|-weather|Snowscape|[upkeep]
|-damage|p2a: Ninetales|82/100 tox|[from] psn
|upkeep
|turn|3
|
|t:|1780985532
|switch|p2a: Hatterene|Hatterene, F|100/100
|switch|p1a: Blissey|Blissey, F|100/100
|
|-weather|Snowscape|[upkeep]
|upkeep
|turn|4
|
|t:|1780985548
|move|p1a: Blissey|Calm Mind|p1a: Blissey
|-boost|p1a: Blissey|spa|1
|-boost|p1a: Blissey|spd|1
|move|p2a: Hatterene|Calm Mind|p2a: Hatterene
|-boost|p2a: Hatterene|spa|1
|-boost|p2a: Hatterene|spd|1
|
|-weather|Snowscape|[upkeep]
|upkeep
|turn|5
|
|t:|1780985551
|switch|p1a: Ogerpon|Ogerpon, F|100/100
|move|p2a: Hatterene|Psychic Noise|p1a: Ogerpon
|-damage|p1a: Ogerpon|39/100
|-start|p1a: Ogerpon|move: Heal Block
|
|-weather|none
|upkeep
|turn|6
|
|t:|1780985567
|move|p1a: Ogerpon|U-turn|p2a: Hatterene
|-damage|p2a: Hatterene|90/100
|
|t:|1780985569
|switch|p1a: Blissey|Blissey, F|100/100|[from] U-turn
|move|p2a: Hatterene|Draining Kiss|p1a: Blissey
|-damage|p1a: Blissey|91/100
|-heal|p2a: Hatterene|100/100|[from] drain|[of] p1a: Blissey
|
|upkeep
|turn|7
|
|t:|1780985584
|move|p1a: Blissey|Calm Mind|p1a: Blissey
|-boost|p1a: Blissey|spa|1
|-boost|p1a: Blissey|spd|1
|move|p2a: Hatterene|Psychic Noise|p1a: Blissey
|-damage|p1a: Blissey|80/100
|-start|p1a: Blissey|move: Heal Block
|
|upkeep
|turn|8
|
|t:|1780985588
|switch|p1a: Samurott|Samurott-Hisui, F|100/100
|switch|p2a: Ninetales|Ninetales-Alola, M|82/100 tox
|-weather|Snowscape|[from] ability: Snow Warning|[of] p2a: Ninetales
|
|-weather|Snowscape|[upkeep]
|-damage|p2a: Ninetales|76/100 tox|[from] psn
|-sideend|p2: fantominus83|move: Aurora Veil
|upkeep
|turn|9
|
|t:|1780985594
|move|p2a: Ninetales|Aurora Veil|p2a: Ninetales
|-sidestart|p2: fantominus83|move: Aurora Veil
|move|p1a: Samurott|Ceaseless Edge|p2a: Ninetales
|-resisted|p2a: Ninetales
|-damage|p2a: Ninetales|67/100 tox
|-sidestart|p2: fantominus83|Spikes
|
|-weather|Snowscape|[upkeep]
|-damage|p2a: Ninetales|55/100 tox|[from] psn
|upkeep
|turn|10
|
|t:|1780985612
|switch|p2a: Manaphy|Manaphy|100/100
|-damage|p2a: Manaphy|88/100|[from] Spikes
|switch|p1a: Blissey|Blissey, F|80/100
|
|-weather|Snowscape|[upkeep]
|-heal|p2a: Manaphy|94/100|[from] item: Leftovers
|upkeep
|turn|11
|
|t:|1780985632
|switch|p2a: Ceruledge|Ceruledge, M|100/100
|-damage|p2a: Ceruledge|88/100|[from] Spikes
|move|p1a: Blissey|Seismic Toss|p2a: Ceruledge
|-immune|p2a: Ceruledge
|
|-weather|Snowscape|[upkeep]
|upkeep
|turn|12
|
|t:|1780985639
|switch|p1a: Samurott|Samurott-Hisui, F|100/100
|move|p2a: Ceruledge|Swords Dance|p2a: Ceruledge
|-boost|p2a: Ceruledge|atk|2
|
|-weather|none
|upkeep
|turn|13
|
|t:|1780985647
|move|p2a: Ceruledge|Bitter Blade|p1a: Samurott
|-resisted|p1a: Samurott
|-damage|p1a: Samurott|26/100
|-heal|p2a: Ceruledge|100/100|[from] drain|[of] p1a: Samurott
|-damage|p2a: Ceruledge|91/100|[from] item: Life Orb
|move|p1a: Samurott|Ceaseless Edge|p2a: Ceruledge
|-supereffective|p2a: Ceruledge
|-damage|p2a: Ceruledge|18/100
|-ability|p2a: Ceruledge|Weak Armor|boost
|-unboost|p2a: Ceruledge|def|1
|-boost|p2a: Ceruledge|spe|2
|-sidestart|p2: fantominus83|Spikes
|
|upkeep
|turn|14
|inactive|hyp4roffender has 120 seconds left.
|inactive|fantominus83 has 120 seconds left.
|
|t:|1780985701
|move|p2a: Ceruledge|Bitter Blade|p1a: Samurott
|-resisted|p1a: Samurott
|-damage|p1a: Samurott|0 fnt
|-heal|p2a: Ceruledge|32/100|[from] drain|[of] p1a: Samurott
|faint|p1a: Samurott
|-damage|p2a: Ceruledge|22/100|[from] item: Life Orb
|
|upkeep
|
|t:|1780985704
|switch|p1a: Skarmory|Skarmory, F|100/100
|turn|15
|
|t:|1780985707
|move|p2a: Ceruledge|Bitter Blade|p1a: Skarmory
|-supereffective|p1a: Skarmory
|-ability|p1a: Skarmory|Sturdy
|-damage|p1a: Skarmory|1/100
|-heal|p2a: Ceruledge|80/100|[from] drain|[of] p1a: Skarmory
|-damage|p2a: Ceruledge|70/100|[from] item: Life Orb
|move|p1a: Skarmory|Whirlwind|p2a: Ceruledge
|drag|p2a: Hatterene|Hatterene, F|100/100
|-damage|p2a: Hatterene|84/100|[from] Spikes
|
|-heal|p2a: Hatterene|90/100|[from] item: Leftovers
|upkeep
|turn|16
|inactive|fantominus83 has 120 seconds left.
|
|t:|1780985725
|switch|p1a: Gliscor|Gliscor, F|100/100
|move|p2a: Hatterene|Mystical Fire|p1a: Gliscor
|-damage|p1a: Gliscor|82/100
|-unboost|p1a: Gliscor|spa|1
|
|-heal|p2a: Hatterene|96/100|[from] item: Leftovers
|-sideend|p2: fantominus83|move: Aurora Veil
|-status|p1a: Gliscor|tox|[from] item: Toxic Orb
|upkeep
|turn|17
|inactive|fantominus83 has 120 seconds left.
|
|t:|1780985731
|move|p1a: Gliscor|Swords Dance|p1a: Gliscor
|-boost|p1a: Gliscor|atk|2
|move|p2a: Hatterene|Calm Mind|p2a: Hatterene
|-boost|p2a: Hatterene|spa|1
|-boost|p2a: Hatterene|spd|1
|
|-heal|p2a: Hatterene|100/100|[from] item: Leftovers
|-heal|p1a: Gliscor|94/100 tox|[from] ability: Poison Heal
|upkeep
|turn|18
|
|t:|1780985735
|move|p1a: Gliscor|Earthquake|p2a: Hatterene
|-damage|p2a: Hatterene|44/100
|move|p2a: Hatterene|Psychic Noise|p1a: Gliscor
|-damage|p1a: Gliscor|52/100 tox
|-start|p1a: Gliscor|move: Heal Block
|
|-heal|p2a: Hatterene|50/100|[from] item: Leftovers
|upkeep
|turn|19
|
|t:|1780985742
|move|p1a: Gliscor|Earthquake|p2a: Hatterene
|-damage|p2a: Hatterene|0 fnt
|faint|p2a: Hatterene
|
|-end|p1a: Gliscor|move: Heal Block
|upkeep
|
|t:|1780985751
|switch|p2a: Ninetales|Ninetales-Alola, M|55/100 tox
|-damage|p2a: Ninetales|38/100 tox|[from] Spikes
|-weather|Snowscape|[from] ability: Snow Warning|[of] p2a: Ninetales
|turn|20
|
|t:|1780985765
|move|p2a: Ninetales|Freeze-Dry|p1a: Gliscor
|-supereffective|p1a: Gliscor
|-damage|p1a: Gliscor|0 fnt
|faint|p1a: Gliscor
|
|-weather|Snowscape|[upkeep]
|-damage|p2a: Ninetales|32/100 tox|[from] psn
|upkeep
|
|t:|1780985767
|switch|p1a: Ogerpon|Ogerpon, F|39/100
|turn|21
|
|t:|1780985789
|switch|p2a: Iron Crown|Iron Crown|100/100
|-damage|p2a: Iron Crown|84/100|[from] Spikes
|-terastallize|p1a: Ogerpon|Grass
|detailschange|p1a: Ogerpon|Ogerpon-Teal-Tera, F, tera:Grass
|-ability|p1a: Ogerpon|Embody Aspect (Teal)|boost
|-boost|p1a: Ogerpon|spe|1
|move|p1a: Ogerpon|Ivy Cudgel|p2a: Iron Crown
|-resisted|p2a: Iron Crown
|-damage|p2a: Iron Crown|49/100
|
|-weather|Snowscape|[upkeep]
|upkeep
|turn|22
|
|t:|1780985795
|move|p1a: Ogerpon|Knock Off|p2a: Iron Crown
|-supereffective|p2a: Iron Crown
|-damage|p2a: Iron Crown|0 fnt
|-enditem|p2a: Iron Crown|Weakness Policy|[from] move: Knock Off|[of] p1a: Ogerpon
|faint|p2a: Iron Crown
|-end|p2a: Iron Crown|Quark Drive|[silent]
|
|-weather|Snowscape|[upkeep]
|upkeep
|inactive|fantominus83 has 120 seconds left.
|inactive|fantominus83 has 90 seconds left.
|
|t:|1780985853
|switch|p2a: Ceruledge|Ceruledge, M|70/100
|-damage|p2a: Ceruledge|53/100|[from] Spikes
|turn|23
|
|t:|1780985858
|-terastallize|p2a: Ceruledge|Ghost
|move|p2a: Ceruledge|Shadow Sneak|p1a: Ogerpon
|-damage|p1a: Ogerpon|0 fnt
|faint|p1a: Ogerpon
|detailschange|p1: Ogerpon|Ogerpon, F|[silent]
|-damage|p2a: Ceruledge|43/100|[from] item: Life Orb
|
|-weather|Snowscape|[upkeep]
|upkeep
|
|t:|1780985875
|switch|p1a: Pecharunt|Pecharunt|100/100
|turn|24
|
|t:|1780985893
|switch|p2a: Manaphy|Manaphy|94/100
|-damage|p2a: Manaphy|78/100|[from] Spikes
|move|p1a: Pecharunt|Shadow Ball|p2a: Manaphy
|-damage|p2a: Manaphy|52/100
|
|-weather|none
|-heal|p2a: Manaphy|59/100|[from] item: Leftovers
|upkeep
|turn|25
|
|t:|1780985899
|move|p2a: Manaphy|Surf|p1a: Pecharunt
|-damage|p1a: Pecharunt|59/100
|move|p1a: Pecharunt|Toxic|p2a: Manaphy
|-status|p2a: Manaphy|tox
|-start|p2a: Manaphy|confusion|[from] ability: Poison Puppeteer|[of] p1a: Pecharunt
|
|-heal|p2a: Manaphy|65/100 tox|[from] item: Leftovers
|-damage|p2a: Manaphy|59/100 tox|[from] psn
|upkeep
|turn|26
|
|t:|1780985904
|-activate|p2a: Manaphy|confusion
|move|p2a: Manaphy|Tail Glow|p2a: Manaphy
|-boost|p2a: Manaphy|spa|3
|move|p1a: Pecharunt|Recover|p1a: Pecharunt
|-heal|p1a: Pecharunt|100/100
|
|-heal|p2a: Manaphy|65/100 tox|[from] item: Leftovers
|-damage|p2a: Manaphy|52/100 tox|[from] psn
|upkeep
|turn|27
|
|t:|1780985909
|switch|p1a: Skarmory|Skarmory, F|1/100
|-activate|p2a: Manaphy|confusion
|move|p2a: Manaphy|Surf|p1a: Skarmory
|-damage|p1a: Skarmory|0 fnt
|faint|p1a: Skarmory
|
|-heal|p2a: Manaphy|59/100 tox|[from] item: Leftovers
|-damage|p2a: Manaphy|40/100 tox|[from] psn
|upkeep
|
|t:|1780985912
|switch|p1a: Blissey|Blissey, F|80/100
|turn|28
|
|t:|1780985918
|switch|p2a: Ninetales|Ninetales-Alola, M|32/100 tox
|-damage|p2a: Ninetales|16/100 tox|[from] Spikes
|-weather|Snowscape|[from] ability: Snow Warning|[of] p2a: Ninetales
|move|p1a: Blissey|Soft-Boiled|p1a: Blissey
|-heal|p1a: Blissey|100/100
|
|-weather|Snowscape|[upkeep]
|-damage|p2a: Ninetales|10/100 tox|[from] psn
|upkeep
|turn|29
|
|t:|1780985928
|move|p2a: Ninetales|Aurora Veil|p2a: Ninetales
|-sidestart|p2: fantominus83|move: Aurora Veil
|move|p1a: Blissey|Calm Mind|p1a: Blissey
|-boost|p1a: Blissey|spa|1
|-boost|p1a: Blissey|spd|1
|
|-weather|Snowscape|[upkeep]
|-damage|p2a: Ninetales|0 fnt|[from] psn
|faint|p2a: Ninetales
|upkeep
|
|t:|1780985936
|switch|p2a: Great Tusk|Great Tusk|100/100
|-damage|p2a: Great Tusk|84/100|[from] Spikes
|-enditem|p2a: Great Tusk|Booster Energy
|-activate|p2a: Great Tusk|ability: Protosynthesis|[fromitem]
|-start|p2a: Great Tusk|protosynthesisspe
|turn|30
|
|t:|1780985943
|move|p2a: Great Tusk|Bulk Up|p2a: Great Tusk
|-boost|p2a: Great Tusk|atk|1
|-boost|p2a: Great Tusk|def|1
|move|p1a: Blissey|Seismic Toss|p2a: Great Tusk
|-damage|p2a: Great Tusk|61/100
|
|-weather|Snowscape|[upkeep]
|upkeep
|turn|31
|
|t:|1780985950
|move|p2a: Great Tusk|Bulk Up|p2a: Great Tusk
|-boost|p2a: Great Tusk|atk|1
|-boost|p2a: Great Tusk|def|1
|move|p1a: Blissey|Seismic Toss|p2a: Great Tusk
|-damage|p2a: Great Tusk|38/100
|
|-weather|Snowscape|[upkeep]
|upkeep
|turn|32
|
|t:|1780985957
|move|p2a: Great Tusk|Bulk Up|p2a: Great Tusk
|-boost|p2a: Great Tusk|atk|1
|-boost|p2a: Great Tusk|def|1
|move|p1a: Blissey|Seismic Toss|p2a: Great Tusk
|-damage|p2a: Great Tusk|15/100
|
|-weather|none
|upkeep
|turn|33
|
|t:|1780985959
|move|p2a: Great Tusk|Headlong Rush|p1a: Blissey
|-damage|p1a: Blissey|0 fnt
|-unboost|p2a: Great Tusk|def|1
|-unboost|p2a: Great Tusk|spd|1
|faint|p1a: Blissey
|
|upkeep
|c|☆fantominus83|gg
|c|☆hyp4roffender|gg
|
|t:|1780985966
|switch|p1a: Pecharunt|Pecharunt|100/100
|turn|34
|
|t:|1780985968
|move|p2a: Great Tusk|Headlong Rush|p1a: Pecharunt
|-supereffective|p1a: Pecharunt
|-damage|p1a: Pecharunt|0 fnt
|-unboost|p2a: Great Tusk|def|1
|-unboost|p2a: Great Tusk|spd|1
|faint|p1a: Pecharunt
|
|win|fantominus83
|raw|hyp4roffender's rating: 1705 &rarr; <strong>1682</strong><br />(-23 for losing)
|raw|fantominus83's rating: 1658 &rarr; <strong>1681</strong><br />(+23 for winning)
|l|☆hyp4roffender
|player|p1|
|l|☆fantominus83
|player|p2|
