|j|☆Gloryboykeef
|j|☆smoldracovish
|t:|1780990260
|gametype|singles
|player|p1|Gloryboykeef|roughneck-gen4|1523
|player|p2|smoldracovish|miku-ground|1560
|gen|9
|tier|[Gen 9] OU
|rated|
|rule|HP Percentage Mod: HP is shown in percentages
|rule|Endless Battle Clause: Forcing endless battles is banned
|rule|Species Clause: Limit one of each Pokémon
|rule|OHKO Clause: OHKO moves are banned
|rule|Evasion Items Clause: Evasion items are banned
|rule|Evasion Moves Clause: Evasion moves are banned
|rule|Evasion Abilities Clause: Evasion abilities are banned
|rule|Sleep Moves Clause: Sleep-inducing moves are banned
|clearpoke
|poke|p1|Pelipper, F|
|poke|p1|Barraskewda, F|
|poke|p1|Quaquaval, F|
|poke|p1|Samurott-Hisui, F|
|poke|p1|Raging Bolt|
|poke|p1|Mamoswine, F|
|poke|p2|Gliscor, M|
|poke|p2|Alomomola, F|
|poke|p2|Pecharunt|
|poke|p2|Iron Crown|
|poke|p2|Iron Treads|
|poke|p2|Zamazenta-*|
|teampreview
|inactive|Battle timer is ON: inactive players will automatically lose when time's up. (requested by Gloryboykeef)
|
|t:|1780990271
|teamsize|p1|6
|teamsize|p2|6
|start
|switch|p1a: Mamoswine|Mamoswine, F|100/100
|switch|p2a: Iron Crown|Iron Crown|100/100
|turn|1
|
|t:|1780990279
|move|p2a: Iron Crown|Tachyon Cutter|p1a: Mamoswine
|-supereffective|p1a: Mamoswine
|-damage|p1a: Mamoswine|0 fnt
|faint|p1a: Mamoswine
|-hitcount|p1: Mamoswine|1
|
|upkeep
|
|t:|1780990288
|switch|p1a: Pelipper|Pelipper, F|100/100
|-weather|RainDance|[from] ability: Drizzle|[of] p1a: Pelipper
|turn|2
|
|t:|1780990295
|switch|p1a: Raging Bolt|Raging Bolt|100/100
|-enditem|p1a: Raging Bolt|Booster Energy
|-activate|p1a: Raging Bolt|ability: Protosynthesis|[fromitem]
|-start|p1a: Raging Bolt|protosynthesisspa
|move|p2a: Iron Crown|Tachyon Cutter|p1a: Raging Bolt
|-resisted|p1a: Raging Bolt
|-damage|p1a: Raging Bolt|84/100
|-resisted|p1a: Raging Bolt
|-damage|p1a: Raging Bolt|70/100
|-hitcount|p1a: Raging Bolt|2
|
|-weather|RainDance|[upkeep]
|upkeep
|turn|3
|
|t:|1780990299
|-end|p2a: Iron Crown|Quark Drive|[silent]
|switch|p2a: Iron Treads|Iron Treads|100/100
|-item|p2a: Iron Treads|Air Balloon
|move|p1a: Raging Bolt|Weather Ball|p2a: Iron Treads
|-supereffective|p2a: Iron Treads
|-damage|p2a: Iron Treads|0 fnt
|-enditem|p2a: Iron Treads|Air Balloon
|faint|p2a: Iron Treads
|-end|p2a: Iron Treads|Quark Drive|[silent]
|
|-weather|RainDance|[upkeep]
|upkeep
|
|t:|1780990304
|switch|p2a: Iron Crown|Iron Crown|100/100
|turn|4
|
|t:|1780990310
|move|p2a: Iron Crown|Psyshock|p1a: Raging Bolt
|-damage|p1a: Raging Bolt|21/100
|move|p1a: Raging Bolt|Thunder|p2a: Iron Crown
|-damage|p2a: Iron Crown|23/100
|-status|p2a: Iron Crown|par
|
|-weather|RainDance|[upkeep]
|upkeep
|turn|5
|
|t:|1780990319
|move|p1a: Raging Bolt|Thunderclap|p2a: Iron Crown
|-damage|p2a: Iron Crown|0 fnt
|faint|p2a: Iron Crown
|-end|p2a: Iron Crown|Quark Drive|[silent]
|
|-weather|RainDance|[upkeep]
|upkeep
|
|t:|1780990320
|switch|p2a: Gliscor|Gliscor, M|100/100
|turn|6
|
|t:|1780990325
|move|p2a: Gliscor|Protect|p2a: Gliscor
|-singleturn|p2a: Gliscor|Protect
|move|p1a: Raging Bolt|Weather Ball|p2a: Gliscor
|-activate|p2a: Gliscor|move: Protect
|
|-weather|RainDance|[upkeep]
|-status|p2a: Gliscor|tox|[from] item: Toxic Orb
|upkeep
|turn|7
|
|t:|1780990327
|move|p2a: Gliscor|Earthquake|p1a: Raging Bolt
|-supereffective|p1a: Raging Bolt
|-damage|p1a: Raging Bolt|0 fnt
|faint|p1a: Raging Bolt
|-end|p1a: Raging Bolt|Protosynthesis|[silent]
|
|-weather|RainDance|[upkeep]
|upkeep
|
|t:|1780990332
|switch|p1a: Quaquaval|Quaquaval, F|100/100
|turn|8
|
|t:|1780990337
|move|p2a: Gliscor|Protect|p2a: Gliscor
|-singleturn|p2a: Gliscor|Protect
|move|p1a: Quaquaval|Aqua Step|p2a: Gliscor
|-activate|p2a: Gliscor|move: Protect
|
|-weather|RainDance|[upkeep]
|upkeep
|turn|9
|
|t:|1780990342
|-terastallize|p2a: Gliscor|Fairy
|move|p1a: Quaquaval|Aqua Step|p2a: Gliscor
|-damage|p2a: Gliscor|63/100 tox
|-boost|p1a: Quaquaval|spe|1
|move|p2a: Gliscor|Toxic|p1a: Quaquaval|[miss]
|-miss|p2a: Gliscor|p1a: Quaquaval
|
|-weather|none
|-heal|p2a: Gliscor|75/100 tox|[from] ability: Poison Heal
|upkeep
|turn|10
|
|t:|1780990355
|switch|p1a: Pelipper|Pelipper, F|100/100
|-weather|RainDance|[from] ability: Drizzle|[of] p1a: Pelipper
|move|p2a: Gliscor|Spikes|p1a: Pelipper
|-sidestart|p1: Gloryboykeef|Spikes
|
|-weather|RainDance|[upkeep]
|-heal|p2a: Gliscor|88/100 tox|[from] ability: Poison Heal
|upkeep
|turn|11
|
|t:|1780990359
|move|p2a: Gliscor|Toxic|p1a: Pelipper
|-status|p1a: Pelipper|tox
|move|p1a: Pelipper|U-turn|p2a: Gliscor
|-resisted|p2a: Gliscor
|-damage|p2a: Gliscor|85/100 tox
|
|t:|1780990362
|switch|p1a: Barraskewda|Barraskewda, F, shiny|100/100|[from] U-turn
|-damage|p1a: Barraskewda|88/100|[from] Spikes
|
|-weather|RainDance|[upkeep]
|-heal|p2a: Gliscor|98/100 tox|[from] ability: Poison Heal
|upkeep
|turn|12
|
|t:|1780990364
|-terastallize|p1a: Barraskewda|Water
|move|p2a: Gliscor|Protect|p2a: Gliscor
|-singleturn|p2a: Gliscor|Protect
|move|p1a: Barraskewda|Liquidation|p2a: Gliscor
|-activate|p2a: Gliscor|move: Protect
|
|-weather|RainDance|[upkeep]
|-heal|p2a: Gliscor|100/100 tox|[from] ability: Poison Heal
|upkeep
|turn|13
|
|t:|1780990368
|switch|p2a: Alomomonguss|Alomomola, F|100/100
|move|p1a: Barraskewda|Liquidation|p2a: Alomomonguss
|-resisted|p2a: Alomomonguss
|-damage|p2a: Alomomonguss|42/100
|
|-weather|RainDance|[upkeep]
|upkeep
|turn|14
|
|t:|1780990385
|move|p2a: Alomomonguss|Aqua Jet|p1a: Barraskewda
|-resisted|p1a: Barraskewda
|-damage|p1a: Barraskewda|72/100
|move|p1a: Barraskewda|Liquidation|p2a: Alomomonguss
|-resisted|p2a: Alomomonguss
|-damage|p2a: Alomomonguss|0 fnt
|faint|p2a: Alomomonguss
|
|-weather|RainDance|[upkeep]
|upkeep
|
|t:|1780990388
|switch|p2a: Pecharunt|Pecharunt|100/100
|turn|15
|
|t:|1780990392
|switch|p1a: Quaquaval|Quaquaval, F|100/100
|move|p2a: Pecharunt|Malignant Chain|p1a: Quaquaval
|-damage|p1a: Quaquaval|58/100
|
|-weather|RainDance|[upkeep]
|upkeep
|turn|16
|
|t:|1780990401
|move|p1a: Quaquaval|Aqua Step|p2a: Pecharunt
|-damage|p2a: Pecharunt|67/100
|-boost|p1a: Quaquaval|spe|1
|move|p2a: Pecharunt|Parting Shot|p1a: Quaquaval
|-unboost|p1a: Quaquaval|atk|1
|-unboost|p1a: Quaquaval|spa|1
|
|t:|1780990405
|switch|p2a: Zamazenta|Zamazenta|100/100|[from] Parting Shot
|-ability|p2a: Zamazenta|Dauntless Shield|boost
|-boost|p2a: Zamazenta|def|1
|
|-weather|RainDance|[upkeep]
|upkeep
|turn|17
|
|t:|1780990414
|move|p1a: Quaquaval|Aqua Step|p2a: Zamazenta
|-damage|p2a: Zamazenta|76/100
|-boost|p1a: Quaquaval|spe|1
|move|p2a: Zamazenta|Close Combat|p1a: Quaquaval
|-damage|p1a: Quaquaval|0 fnt
|-unboost|p2a: Zamazenta|def|1
|-unboost|p2a: Zamazenta|spd|1
|faint|p1a: Quaquaval
|
|-weather|none
|upkeep
|
|t:|1780990418
|switch|p1a: Pelipper|Pelipper, F|100/100 tox
|-weather|RainDance|[from] ability: Drizzle|[of] p1a: Pelipper
|turn|18
|
|t:|1780990421
|move|p2a: Zamazenta|Stone Edge|p1a: Pelipper
|-supereffective|p1a: Pelipper
|-crit|p1a: Pelipper
|-damage|p1a: Pelipper|21/100 tox
|move|p1a: Pelipper|Hurricane|p2a: Zamazenta
|-supereffective|p2a: Zamazenta
|-damage|p2a: Zamazenta|0 fnt
|faint|p2a: Zamazenta
|
|-weather|RainDance|[upkeep]
|-damage|p1a: Pelipper|15/100 tox|[from] psn
|upkeep
|
|t:|1780990425
|switch|p2a: Gliscor|Gliscor, M, tera:Fairy|100/100 tox
|turn|19
|
|t:|1780990434
|move|p2a: Gliscor|Protect|p2a: Gliscor
|-singleturn|p2a: Gliscor|Protect
|move|p1a: Pelipper|Hydro Pump|p2a: Gliscor
|-activate|p2a: Gliscor|move: Protect
|
|-weather|RainDance|[upkeep]
|-damage|p1a: Pelipper|3/100 tox|[from] psn
|upkeep
|turn|20
|
|t:|1780990441
|switch|p2a: Pecharunt|Pecharunt|67/100
|move|p1a: Pelipper|Hydro Pump|p2a: Pecharunt
|-damage|p2a: Pecharunt|12/100
|
|-weather|RainDance|[upkeep]
|-damage|p1a: Pelipper|0 fnt|[from] psn
|faint|p1a: Pelipper
|upkeep
|
|t:|1780990446
|switch|p1a: Samurott|Samurott-Hisui, F, shiny|100/100
|-damage|p1a: Samurott|88/100|[from] Spikes
|turn|21
|
|t:|1780990449
|move|p1a: Samurott|Ceaseless Edge|p2a: Pecharunt
|-supereffective|p2a: Pecharunt
|-damage|p2a: Pecharunt|0 fnt
|-sidestart|p2: smoldracovish|Spikes
|faint|p2a: Pecharunt
|
|-weather|RainDance|[upkeep]
|upkeep
|
|t:|1780990450
|switch|p2a: Gliscor|Gliscor, M, tera:Fairy|100/100 tox
|-damage|p2a: Gliscor|88/100 tox|[from] Spikes
|turn|22
|
|t:|1780990456
|move|p1a: Samurott|Aqua Cutter|p2a: Gliscor
|-damage|p2a: Gliscor|42/100 tox
|move|p2a: Gliscor|Toxic|p1a: Samurott
|-status|p1a: Samurott|tox
|
|-weather|RainDance|[upkeep]
|-damage|p1a: Samurott|82/100 tox|[from] psn
|-heal|p2a: Gliscor|54/100 tox|[from] ability: Poison Heal
|upkeep
|turn|23
|
|t:|1780990459
|move|p2a: Gliscor|Protect|p2a: Gliscor
|-singleturn|p2a: Gliscor|Protect
|move|p1a: Samurott|Ceaseless Edge|p2a: Gliscor
|-activate|p2a: Gliscor|move: Protect
|
|-weather|RainDance|[upkeep]
|-damage|p1a: Samurott|69/100 tox|[from] psn
|-heal|p2a: Gliscor|67/100 tox|[from] ability: Poison Heal
|upkeep
|turn|24
|
|t:|1780990463
|move|p1a: Samurott|Aqua Cutter|p2a: Gliscor
|-damage|p2a: Gliscor|19/100 tox
|move|p2a: Gliscor|Earthquake|p1a: Samurott
|-damage|p1a: Samurott|24/100 tox
|
|-weather|RainDance|[upkeep]
|-damage|p1a: Samurott|5/100 tox|[from] psn
|-heal|p2a: Gliscor|31/100 tox|[from] ability: Poison Heal
|upkeep
|turn|25
|
|t:|1780990467
|move|p2a: Gliscor|Protect|p2a: Gliscor
|-singleturn|p2a: Gliscor|Protect
|move|p1a: Samurott|Ceaseless Edge|p2a: Gliscor
|-activate|p2a: Gliscor|move: Protect
|
|-weather|none
|-damage|p1a: Samurott|0 fnt|[from] psn
|faint|p1a: Samurott
|-heal|p2a: Gliscor|44/100 tox|[from] ability: Poison Heal
|upkeep
|
|t:|1780990469
|switch|p1a: Barraskewda|Barraskewda, F, shiny, tera:Water|72/100
|-damage|p1a: Barraskewda|60/100|[from] Spikes
|turn|26
|
|t:|1780990471
|move|p1a: Barraskewda|Poison Jab|p2a: Gliscor
|-supereffective|p2a: Gliscor
|-damage|p2a: Gliscor|0 fnt
|faint|p2a: Gliscor
|
|win|Gloryboykeef
|raw|Gloryboykeef's rating: 1523 &rarr; <strong>1545</strong><br />(+22 for winning)
|raw|smoldracovish's rating: 1560 &rarr; <strong>1538</strong><br />(-22 for losing)
|l|☆Gloryboykeef
|player|p1|
|l|☆smoldracovish
|player|p2|
