|j|☆Snurke
|j|☆employment devil
|t:|1781403814
|gametype|singles
|player|p1|Snurke|265|1602
|player|p2|employment devil|lusamine-nihilego|1597
|gen|9
|tier|[Gen 9] OU
|rated|
|rule|HP Percentage Mod: HP is shown in percentages
|rule|Endless Battle Clause: Forcing endless battles is banned
|rule|Species Clause: Limit one of each Pokémon
|rule|OHKO Clause: OHKO moves are banned
|rule|Evasion Items Clause: Evasion items are banned
|rule|Evasion Moves Clause: Evasion moves are banned
|rule|Evasion Abilities Clause: Evasion abilities are banned
|rule|Sleep Moves Clause: Sleep-inducing moves are banned
|clearpoke
|poke|p1|Cinderace, M|
|poke|p1|Torkoal, F|
|poke|p1|Walking Wake|
|poke|p1|Enamorus, F|
|poke|p1|Slither Wing|
|poke|p1|Great Tusk|
|poke|p2|Gliscor, M|
|poke|p2|Clefable, F|
|poke|p2|Dragapult, F|
|poke|p2|Heatran, M|
|poke|p2|Mandibuzz, F|
|poke|p2|Empoleon, M|
|teampreview
|c|☆employment devil|hf
|c|☆Snurke|hf
|c|☆Snurke|wait you have gliscor clef and mandibuzz
|c|☆Snurke|you dont want  me to have fun at all
|inactive|Battle timer is ON: inactive players will automatically lose when time's up. (requested by employment devil)
|
|t:|1781403861
|teamsize|p1|6
|teamsize|p2|6
|start
|switch|p1a: Torkoal|Torkoal, F, shiny|100/100
|switch|p2a: Gliscor|Gliscor, M|100/100
|-weather|SunnyDay|[from] ability: Drought|[of] p1a: Torkoal
|turn|1
|
|t:|1781403865
|move|p2a: Gliscor|Substitute|p2a: Gliscor
|-start|p2a: Gliscor|Substitute
|-damage|p2a: Gliscor|75/100
|move|p1a: Torkoal|Stealth Rock|p2a: Gliscor
|-sidestart|p2: employment devil|move: Stealth Rock
|
|-weather|SunnyDay|[upkeep]
|-status|p2a: Gliscor|tox|[from] item: Toxic Orb
|upkeep
|turn|2
|
|t:|1781403876
|move|p2a: Gliscor|Toxic|p1a: Torkoal|[miss]
|-miss|p2a: Gliscor|p1a: Torkoal
|move|p1a: Torkoal|Lava Plume|p2a: Gliscor
|-end|p2a: Gliscor|Substitute
|
|-weather|SunnyDay|[upkeep]
|-heal|p2a: Gliscor|88/100 tox|[from] ability: Poison Heal
|upkeep
|turn|3
|
|t:|1781403883
|move|p2a: Gliscor|Toxic|p1a: Torkoal|[miss]
|-miss|p2a: Gliscor|p1a: Torkoal
|move|p1a: Torkoal|Lava Plume|p2a: Gliscor
|-damage|p2a: Gliscor|37/100 tox
|
|-weather|SunnyDay|[upkeep]
|-heal|p2a: Gliscor|49/100 tox|[from] ability: Poison Heal
|upkeep
|turn|4
|
|t:|1781403888
|move|p2a: Gliscor|Protect|p2a: Gliscor
|-singleturn|p2a: Gliscor|Protect
|move|p1a: Torkoal|Lava Plume|p2a: Gliscor
|-activate|p2a: Gliscor|move: Protect
|
|-weather|SunnyDay|[upkeep]
|-heal|p2a: Gliscor|62/100 tox|[from] ability: Poison Heal
|upkeep
|turn|5
|
|t:|1781403892
|move|p2a: Gliscor|Toxic|p1a: Torkoal
|-status|p1a: Torkoal|tox
|move|p1a: Torkoal|Lava Plume|p2a: Gliscor
|-damage|p2a: Gliscor|16/100 tox
|
|-weather|SunnyDay|[upkeep]
|-heal|p2a: Gliscor|29/100 tox|[from] ability: Poison Heal
|-damage|p1a: Torkoal|94/100 tox|[from] psn
|upkeep
|turn|6
|
|t:|1781403899
|move|p2a: Gliscor|Substitute|p2a: Gliscor
|-start|p2a: Gliscor|Substitute
|-damage|p2a: Gliscor|4/100 tox
|move|p1a: Torkoal|Lava Plume|p2a: Gliscor
|-end|p2a: Gliscor|Substitute
|
|-weather|SunnyDay|[upkeep]
|-heal|p2a: Gliscor|16/100 tox|[from] ability: Poison Heal
|-damage|p1a: Torkoal|82/100 tox|[from] psn
|upkeep
|turn|7
|
|t:|1781403908
|switch|p1a: Walking Wake|Walking Wake|100/100
|-activate|p1a: Walking Wake|ability: Protosynthesis
|-start|p1a: Walking Wake|protosynthesisspe
|move|p2a: Gliscor|Protect||[still]
|-fail|p2a: Gliscor
|
|-weather|SunnyDay|[upkeep]
|-heal|p2a: Gliscor|29/100 tox|[from] ability: Poison Heal
|upkeep
|turn|8
|
|t:|1781403913
|move|p2a: Gliscor|Protect|p2a: Gliscor
|-singleturn|p2a: Gliscor|Protect
|move|p1a: Walking Wake|Hydro Steam|p2a: Gliscor
|-activate|p2a: Gliscor|move: Protect
|
|-weather|none
|-end|p1a: Walking Wake|Protosynthesis
|-heal|p2a: Gliscor|41/100 tox|[from] ability: Poison Heal
|upkeep
|turn|9
|
|t:|1781403917
|switch|p2a: Empoleon|Empoleon, M|100/100
|move|p1a: Walking Wake|Hydro Steam|p2a: Empoleon
|-resisted|p2a: Empoleon
|-damage|p2a: Empoleon|73/100
|
|upkeep
|turn|10
|
|t:|1781403924
|-end|p1a: Walking Wake|Protosynthesis|[silent]
|switch|p1a: Slither Wing|Slither Wing, shiny|100/100
|move|p2a: Empoleon|Surf|p1a: Slither Wing
|-damage|p1a: Slither Wing|69/100
|
|upkeep
|turn|11
|
|t:|1781403933
|switch|p2a: Dragapult|Dragapult, F|100/100
|move|p1a: Slither Wing|U-turn|p2a: Dragapult
|-resisted|p2a: Dragapult
|-damage|p2a: Dragapult|72/100
|
|t:|1781403937
|-end|p1a: Slither Wing|Protosynthesis|[silent]
|switch|p1a: Enamorus|Enamorus, F|100/100|[from] U-turn
|
|upkeep
|turn|12
|
|t:|1781403942
|switch|p2a: Clefable|Clefable, F|100/100
|move|p1a: Enamorus|Earth Power|p2a: Clefable
|-damage|p2a: Clefable|75/100
|
|-heal|p2a: Clefable|81/100|[from] item: Leftovers
|upkeep
|turn|13
|
|t:|1781403949
|switch|p1a: Torkoal|Torkoal, F, shiny|82/100 tox
|-weather|SunnyDay|[from] ability: Drought|[of] p1a: Torkoal
|move|p2a: Clefable|Moonblast|p1a: Torkoal
|-resisted|p1a: Torkoal
|-damage|p1a: Torkoal|66/100 tox
|
|-weather|SunnyDay|[upkeep]
|-heal|p2a: Clefable|87/100|[from] item: Leftovers
|-damage|p1a: Torkoal|60/100 tox|[from] psn
|upkeep
|turn|14
|
|t:|1781403968
|switch|p1a: Cinderace|Cinderace, M, shiny|100/100
|move|p2a: Clefable|Thunder Wave|p1a: Cinderace
|-status|p1a: Cinderace|par
|
|-weather|SunnyDay|[upkeep]
|-heal|p2a: Clefable|93/100|[from] item: Leftovers
|upkeep
|turn|15
|
|t:|1781403974
|switch|p2a: Heatran|Heatran, M|100/100
|-damage|p2a: Heatran|88/100|[from] Stealth Rock
|move|p1a: Cinderace|Pyro Ball|p2a: Heatran
|-start|p2a: Heatran|ability: Flash Fire
|
|-weather|SunnyDay|[upkeep]
|-heal|p2a: Heatran|94/100|[from] item: Leftovers
|upkeep
|turn|16
|
|t:|1781403983
|switch|p1a: Walking Wake|Walking Wake|100/100
|-activate|p1a: Walking Wake|ability: Protosynthesis
|-start|p1a: Walking Wake|protosynthesisspe
|move|p2a: Heatran|Stealth Rock|p1a: Walking Wake
|-sidestart|p1: Snurke|move: Stealth Rock
|
|-weather|SunnyDay|[upkeep]
|-heal|p2a: Heatran|100/100|[from] item: Leftovers
|upkeep
|turn|17
|
|t:|1781403991
|-end|p2a: Heatran|ability: Flash Fire|[silent]
|switch|p2a: Clefable|Clefable, F|93/100
|move|p1a: Walking Wake|Hydro Steam|p2a: Clefable
|-damage|p2a: Clefable|26/100
|
|-weather|SunnyDay|[upkeep]
|-heal|p2a: Clefable|32/100|[from] item: Leftovers
|upkeep
|turn|18
|
|t:|1781403996
|switch|p2a: Empoleon|Empoleon, M|73/100
|move|p1a: Walking Wake|Hydro Steam|p2a: Empoleon
|-resisted|p2a: Empoleon
|-damage|p2a: Empoleon|32/100
|
|-weather|SunnyDay|[upkeep]
|upkeep
|turn|19
|
|t:|1781404001
|move|p1a: Walking Wake|Hydro Steam|p2a: Empoleon
|-resisted|p2a: Empoleon
|-damage|p2a: Empoleon|0 fnt
|faint|p2a: Empoleon
|
|-weather|SunnyDay|[upkeep]
|upkeep
|
|t:|1781404016
|switch|p2a: Mandibuzz|Mandibuzz, F|100/100
|turn|20
|
|t:|1781404022
|move|p1a: Walking Wake|Hydro Steam|p2a: Mandibuzz
|-damage|p2a: Mandibuzz|29/100
|move|p2a: Mandibuzz|Toxic|p1a: Walking Wake
|-status|p1a: Walking Wake|tox
|
|-weather|none
|-end|p1a: Walking Wake|Protosynthesis
|-damage|p1a: Walking Wake|94/100 tox|[from] psn
|upkeep
|turn|21
|
|t:|1781404028
|move|p1a: Walking Wake|Hydro Steam|p2a: Mandibuzz
|-damage|p2a: Mandibuzz|0 fnt
|faint|p2a: Mandibuzz
|
|-damage|p1a: Walking Wake|82/100 tox|[from] psn
|upkeep
|
|t:|1781404032
|switch|p2a: Dragapult|Dragapult, F|72/100
|turn|22
|
|t:|1781404047
|-end|p1a: Walking Wake|Protosynthesis|[silent]
|switch|p1a: Enamorus|Enamorus, F|100/100
|-damage|p1a: Enamorus|76/100|[from] Stealth Rock
|move|p2a: Dragapult|Hex|p1a: Enamorus
|-damage|p1a: Enamorus|38/100
|
|upkeep
|turn|23
|
|t:|1781404059
|switch|p2a: Heatran|Heatran, M|100/100
|-damage|p2a: Heatran|88/100|[from] Stealth Rock
|move|p1a: Enamorus|Earth Power|p2a: Heatran
|-supereffective|p2a: Heatran
|-damage|p2a: Heatran|5/100
|
|-heal|p2a: Heatran|11/100|[from] item: Leftovers
|upkeep
|turn|24
|
|t:|1781404068
|switch|p1a: Torkoal|Torkoal, F, shiny|60/100 tox
|-damage|p1a: Torkoal|35/100 tox|[from] Stealth Rock
|-weather|SunnyDay|[from] ability: Drought|[of] p1a: Torkoal
|move|p2a: Heatran|Magma Storm|p1a: Torkoal|[miss]
|-miss|p2a: Heatran|p1a: Torkoal
|
|-weather|SunnyDay|[upkeep]
|-heal|p2a: Heatran|17/100|[from] item: Leftovers
|-damage|p1a: Torkoal|29/100 tox|[from] psn
|upkeep
|turn|25
|
|t:|1781404077
|switch|p1a: Cinderace|Cinderace, M, shiny|100/100 par
|-damage|p1a: Cinderace|76/100 par|[from] Stealth Rock
|move|p2a: Heatran|Earth Power|p1a: Cinderace
|-supereffective|p1a: Cinderace
|-damage|p1a: Cinderace|4/100 par
|
|-weather|SunnyDay|[upkeep]
|-heal|p2a: Heatran|24/100|[from] item: Leftovers
|upkeep
|turn|26
|
|t:|1781404082
|cant|p1a: Cinderace|par
|move|p2a: Heatran|Earth Power|p1a: Cinderace
|-supereffective|p1a: Cinderace
|-damage|p1a: Cinderace|0 fnt
|faint|p1a: Cinderace
|
|-weather|SunnyDay|[upkeep]
|-heal|p2a: Heatran|30/100|[from] item: Leftovers
|upkeep
|c|☆Snurke|bruh
|
|t:|1781404089
|switch|p1a: Walking Wake|Walking Wake|82/100 tox
|-damage|p1a: Walking Wake|70/100 tox|[from] Stealth Rock
|-activate|p1a: Walking Wake|ability: Protosynthesis
|-start|p1a: Walking Wake|protosynthesisspe
|turn|27
|c|☆employment devil|you got two toxic misses
|
|t:|1781404097
|move|p1a: Walking Wake|Hydro Steam|p2a: Heatran
|-supereffective|p2a: Heatran
|-damage|p2a: Heatran|0 fnt
|faint|p2a: Heatran
|
|-weather|SunnyDay|[upkeep]
|-damage|p1a: Walking Wake|64/100 tox|[from] psn
|upkeep
|c|☆Snurke|didnt mattere tho
|
|t:|1781404102
|switch|p2a: Gliscor|Gliscor, M|41/100 tox
|-damage|p2a: Gliscor|29/100 tox|[from] Stealth Rock
|turn|28
|c|☆Snurke|tbh
|c|☆employment devil|absolutely did matter
|c|☆Snurke|rest torkoal
|
|t:|1781404110
|move|p2a: Gliscor|Protect|p2a: Gliscor
|-singleturn|p2a: Gliscor|Protect
|move|p1a: Walking Wake|Hydro Steam|p2a: Gliscor
|-activate|p2a: Gliscor|move: Protect
|
|-weather|SunnyDay|[upkeep]
|-damage|p1a: Walking Wake|51/100 tox|[from] psn
|-heal|p2a: Gliscor|41/100 tox|[from] ability: Poison Heal
|upkeep
|turn|29
|
|t:|1781404119
|switch|p2a: Clefable|Clefable, F|32/100
|move|p1a: Walking Wake|Hydro Steam|p2a: Clefable
|-damage|p2a: Clefable|0 fnt
|faint|p2a: Clefable
|
|-weather|SunnyDay|[upkeep]
|-damage|p1a: Walking Wake|33/100 tox|[from] psn
|upkeep
|
|t:|1781404127
|switch|p2a: Dragapult|Dragapult, F|72/100
|turn|30
|
|t:|1781404133
|move|p1a: Walking Wake|Hydro Steam|p2a: Dragapult
|-resisted|p2a: Dragapult
|-damage|p2a: Dragapult|3/100
|move|p2a: Dragapult|Hex|p1a: Walking Wake
|-damage|p1a: Walking Wake|0 fnt
|faint|p1a: Walking Wake
|-end|p1a: Walking Wake|Protosynthesis|[silent]
|
|-weather|SunnyDay|[upkeep]
|upkeep
|
|t:|1781404137
|switch|p1a: Enamorus|Enamorus, F|38/100
|-damage|p1a: Enamorus|13/100|[from] Stealth Rock
|turn|31
|c|☆Snurke|gg
|
|t:|1781404141
|move|p1a: Enamorus|Moonblast|p2a: Dragapult
|-supereffective|p2a: Dragapult
|-damage|p2a: Dragapult|0 fnt
|faint|p2a: Dragapult
|
|-weather|none
|upkeep
|c|☆employment devil|gg
|
|t:|1781404147
|switch|p2a: Gliscor|Gliscor, M|41/100 tox
|-damage|p2a: Gliscor|29/100 tox|[from] Stealth Rock
|turn|32
|
|t:|1781404149
|move|p2a: Gliscor|Protect|p2a: Gliscor
|-singleturn|p2a: Gliscor|Protect
|move|p1a: Enamorus|Moonblast|p2a: Gliscor
|-activate|p2a: Gliscor|move: Protect
|
|-heal|p2a: Gliscor|41/100 tox|[from] ability: Poison Heal
|upkeep
|turn|33
|
|t:|1781404152
|move|p1a: Enamorus|Moonblast|p2a: Gliscor
|-damage|p2a: Gliscor|0 fnt
|faint|p2a: Gliscor
|
|win|Snurke
|raw|Snurke's rating: 1602 &rarr; <strong>1622</strong><br />(+20 for winning)
|raw|employment devil's rating: 1597 &rarr; <strong>1577</strong><br />(-20 for losing)
|l|☆employment devil
|player|p2|
