|j|☆roddyj
|j|☆101Darmanitans
|t:|1781486346
|gametype|singles
|player|p1|roddyj|ethan|1590
|player|p2|101Darmanitans|roxie|1606
|gen|9
|tier|[Gen 9] OU
|rated|
|rule|HP Percentage Mod: HP is shown in percentages
|rule|Endless Battle Clause: Forcing endless battles is banned
|rule|Species Clause: Limit one of each Pokémon
|rule|OHKO Clause: OHKO moves are banned
|rule|Evasion Items Clause: Evasion items are banned
|rule|Evasion Moves Clause: Evasion moves are banned
|rule|Evasion Abilities Clause: Evasion abilities are banned
|rule|Sleep Moves Clause: Sleep-inducing moves are banned
|clearpoke
|poke|p1|Houndstone, M|
|poke|p1|Iron Moth|
|poke|p1|Indeedee, M|
|poke|p1|Hawlucha, F|
|poke|p1|Garganacl, F|
|poke|p1|Toedscruel, M|
|poke|p2|Cetitan, F|
|poke|p2|Thundurus-Therian, M|
|poke|p2|Ninetales-Alola, F|
|poke|p2|Dragapult, F|
|poke|p2|Tentacruel, F|
|poke|p2|Iron Valiant|
|teampreview
|j| rexa2
|inactive|Battle timer is ON: inactive players will automatically lose when time's up. (requested by roddyj)
|c| rexa2|Uuuuuuh nice teams
|j| NintendoFanTM
|inactive|101Darmanitans has 120 seconds left.
|inactive|101Darmanitans has 90 seconds left.
|
|t:|1781486427
|teamsize|p1|6
|teamsize|p2|6
|start
|switch|p1a: Garganacl|Garganacl, F, shiny|100/100
|switch|p2a: Ninetales|Ninetales-Alola, F|100/100
|-weather|Snowscape|[from] ability: Snow Warning|[of] p2a: Ninetales
|turn|1
|
|t:|1781486440
|move|p2a: Ninetales|Aurora Veil|p2a: Ninetales
|-sidestart|p2: 101Darmanitans|move: Aurora Veil
|move|p1a: Garganacl|Salt Cure|p2a: Ninetales
|-supereffective|p2a: Ninetales
|-damage|p2a: Ninetales|88/100
|-start|p2a: Ninetales|Salt Cure
|
|-weather|Snowscape|[upkeep]
|-damage|p2a: Ninetales|76/100|[from] Salt Cure
|upkeep
|turn|2
|j| Concept Everything
|
|t:|1781486461
|switch|p2a: Iron Valiant|Iron Valiant|100/100
|-enditem|p2a: Iron Valiant|Booster Energy
|-activate|p2a: Iron Valiant|ability: Quark Drive|[fromitem]
|-start|p2a: Iron Valiant|quarkdrivespe
|move|p1a: Garganacl|Salt Cure|p2a: Iron Valiant
|-resisted|p2a: Iron Valiant
|-damage|p2a: Iron Valiant|96/100
|-start|p2a: Iron Valiant|Salt Cure
|
|-weather|Snowscape|[upkeep]
|-damage|p2a: Iron Valiant|84/100|[from] Salt Cure
|upkeep
|turn|3
|
|t:|1781486468
|switch|p1a: Toedscruel|Toedscruel, M, shiny|100/100
|move|p2a: Iron Valiant|Swords Dance|p2a: Iron Valiant
|-boost|p2a: Iron Valiant|atk|2
|
|-weather|Snowscape|[upkeep]
|-damage|p2a: Iron Valiant|71/100|[from] Salt Cure
|upkeep
|turn|4
|
|t:|1781486474
|move|p2a: Iron Valiant|Close Combat|p1a: Toedscruel
|-damage|p1a: Toedscruel|0 fnt
|-unboost|p2a: Iron Valiant|def|1
|-unboost|p2a: Iron Valiant|spd|1
|faint|p1a: Toedscruel
|
|-weather|Snowscape|[upkeep]
|-damage|p2a: Iron Valiant|59/100|[from] Salt Cure
|upkeep
|
|t:|1781486495
|switch|p1a: Garganacl|Garganacl, F, shiny|100/100
|turn|5
|
|t:|1781486502
|-terastallize|p1a: Garganacl|Ghost
|move|p2a: Iron Valiant|Knock Off|p1a: Garganacl
|-supereffective|p1a: Garganacl
|-damage|p1a: Garganacl|28/100
|-enditem|p1a: Garganacl|Leftovers|[from] move: Knock Off|[of] p2a: Iron Valiant
|move|p1a: Garganacl|Salt Cure|p2a: Iron Valiant
|-resisted|p2a: Iron Valiant
|-damage|p2a: Iron Valiant|52/100
|
|-weather|Snowscape|[upkeep]
|-damage|p2a: Iron Valiant|40/100|[from] Salt Cure
|-sideend|p2: 101Darmanitans|move: Aurora Veil
|upkeep
|turn|6
|
|t:|1781486513
|move|p1a: Garganacl|Protect|p1a: Garganacl
|-singleturn|p1a: Garganacl|Protect
|move|p2a: Iron Valiant|Knock Off|p1a: Garganacl
|-activate|p1a: Garganacl|move: Protect
|
|-weather|Snowscape|[upkeep]
|-damage|p2a: Iron Valiant|27/100|[from] Salt Cure
|upkeep
|turn|7
|
|t:|1781486518
|move|p2a: Iron Valiant|Knock Off|p1a: Garganacl
|-supereffective|p1a: Garganacl
|-damage|p1a: Garganacl|0 fnt
|faint|p1a: Garganacl
|
|-weather|Snowscape|[upkeep]
|-damage|p2a: Iron Valiant|15/100|[from] Salt Cure
|upkeep
|
|t:|1781486521
|switch|p1a: Indeedee|Indeedee, M, shiny|100/100
|-fieldstart|move: Psychic Terrain|[from] ability: Psychic Surge|[of] p1a: Indeedee
|turn|8
|
|t:|1781486527
|move|p2a: Iron Valiant|Knock Off|p1a: Indeedee
|-supereffective|p1a: Indeedee
|-damage|p1a: Indeedee|0 fnt
|-enditem|p1a: Indeedee|Terrain Extender|[from] move: Knock Off|[of] p2a: Iron Valiant
|faint|p1a: Indeedee
|
|-weather|none
|-damage|p2a: Iron Valiant|3/100|[from] Salt Cure
|upkeep
|
|t:|1781486530
|switch|p1a: Hawlucha|Hawlucha, F, shiny|100/100
|-enditem|p1a: Hawlucha|Psychic Seed
|-boost|p1a: Hawlucha|spd|1|[from] item: Psychic Seed
|turn|9
|
|t:|1781486539
|move|p1a: Hawlucha|Fire Punch|p2a: Iron Valiant
|-damage|p2a: Iron Valiant|0 fnt
|faint|p2a: Iron Valiant
|-end|p2a: Iron Valiant|Quark Drive|[silent]
|
|upkeep
|
|t:|1781486553
|switch|p2a: Ninetales|Ninetales-Alola, F|76/100
|-weather|Snowscape|[from] ability: Snow Warning|[of] p2a: Ninetales
|turn|10
|
|t:|1781486558
|move|p1a: Hawlucha|Swords Dance|p1a: Hawlucha
|-boost|p1a: Hawlucha|atk|2
|move|p2a: Ninetales|Encore|p1a: Hawlucha
|-start|p1a: Hawlucha|Encore
|
|-weather|Snowscape|[upkeep]
|upkeep
|turn|11
|
|t:|1781486568
|move|p1a: Hawlucha|Swords Dance|p1a: Hawlucha
|-boost|p1a: Hawlucha|atk|2
|move|p2a: Ninetales|Moonblast|p1a: Hawlucha
|-supereffective|p1a: Hawlucha
|-damage|p1a: Hawlucha|37/100
|
|-weather|Snowscape|[upkeep]
|upkeep
|turn|12
|
|t:|1781486574
|switch|p1a: Iron Moth|Iron Moth|100/100
|-enditem|p1a: Iron Moth|Booster Energy
|-activate|p1a: Iron Moth|ability: Quark Drive|[fromitem]
|-start|p1a: Iron Moth|quarkdrivespa
|move|p2a: Ninetales|Moonblast|p1a: Iron Moth
|-resisted|p1a: Iron Moth
|-damage|p1a: Iron Moth|94/100
|
|-weather|Snowscape|[upkeep]
|upkeep
|turn|13
|
|t:|1781486578
|switch|p2a: Tentacruel|Tentacruel, F|100/100
|move|p1a: Iron Moth|Toxic Spikes|p2a: Tentacruel
|-sidestart|p2: 101Darmanitans|move: Toxic Spikes
|
|-weather|Snowscape|[upkeep]
|upkeep
|turn|14
|
|t:|1781486583
|move|p1a: Iron Moth|Toxic Spikes|p2a: Tentacruel
|-sidestart|p2: 101Darmanitans|move: Toxic Spikes
|move|p2a: Tentacruel|Surf|p1a: Iron Moth
|-supereffective|p1a: Iron Moth
|-damage|p1a: Iron Moth|21/100
|
|-weather|Snowscape|[upkeep]
|upkeep
|turn|15
|
|t:|1781486590
|move|p1a: Iron Moth|Fiery Dance|p2a: Tentacruel
|-resisted|p2a: Tentacruel
|-damage|p2a: Tentacruel|74/100
|move|p2a: Tentacruel|Surf|p1a: Iron Moth
|-supereffective|p1a: Iron Moth
|-damage|p1a: Iron Moth|0 fnt
|faint|p1a: Iron Moth
|-end|p1a: Iron Moth|Quark Drive|[silent]
|
|-weather|Snowscape|[upkeep]
|-fieldend|move: Psychic Terrain
|upkeep
|
|t:|1781486594
|switch|p1a: Houndstone|Houndstone, M|100/100
|turn|16
|
|t:|1781486602
|move|p1a: Houndstone|Poltergeist|p2a: Tentacruel
|-activate|p2a: Tentacruel|move: Poltergeist|Heavy-Duty Boots
|-damage|p2a: Tentacruel|0 fnt
|faint|p2a: Tentacruel
|
|-weather|Snowscape|[upkeep]
|upkeep
|
|t:|1781486624
|switch|p2a: Thundurus|Thundurus-Therian, M|100/100
|turn|17
|
|t:|1781486632
|move|p1a: Houndstone|Poltergeist|p2a: Thundurus
|-activate|p2a: Thundurus|move: Poltergeist|Heavy-Duty Boots
|-damage|p2a: Thundurus|23/100
|move|p2a: Thundurus|Weather Ball|p1a: Houndstone
|-damage|p1a: Houndstone|53/100
|
|-weather|none
|upkeep
|turn|18
|
|t:|1781486641
|move|p1a: Houndstone|Poltergeist|p2a: Thundurus
|-activate|p2a: Thundurus|move: Poltergeist|Heavy-Duty Boots
|-damage|p2a: Thundurus|0 fnt
|faint|p2a: Thundurus
|
|upkeep
|
|t:|1781486643
|switch|p2a: Ninetales|Ninetales-Alola, F|76/100
|-status|p2a: Ninetales|tox
|-weather|Snowscape|[from] ability: Snow Warning|[of] p2a: Ninetales
|turn|19
|
|t:|1781486655
|move|p1a: Houndstone|Poltergeist|p2a: Ninetales
|-activate|p2a: Ninetales|move: Poltergeist|Icy Rock
|-damage|p2a: Ninetales|39/100 tox
|move|p2a: Ninetales|Moonblast|p1a: Houndstone
|-damage|p1a: Houndstone|18/100
|-unboost|p1a: Houndstone|spa|1
|
|-weather|Snowscape|[upkeep]
|-damage|p2a: Ninetales|33/100 tox|[from] psn
|upkeep
|turn|20
|
|t:|1781486660
|move|p1a: Houndstone|Poltergeist|p2a: Ninetales
|-activate|p2a: Ninetales|move: Poltergeist|Icy Rock
|-crit|p2a: Ninetales
|-damage|p2a: Ninetales|0 fnt
|faint|p2a: Ninetales
|
|-weather|Snowscape|[upkeep]
|upkeep
|
|t:|1781486663
|switch|p2a: Cetitan|Cetitan, F, shiny|100/100
|-status|p2a: Cetitan|tox
|turn|21
|
|t:|1781486669
|move|p2a: Cetitan|Ice Shard|p1a: Houndstone
|-damage|p1a: Houndstone|0 fnt
|faint|p1a: Houndstone
|
|-weather|Snowscape|[upkeep]
|-damage|p2a: Cetitan|94/100 tox|[from] psn
|upkeep
|
|t:|1781486671
|switch|p1a: Hawlucha|Hawlucha, F, shiny|37/100
|turn|22
|
|t:|1781486675
|move|p2a: Cetitan|Ice Shard|p1a: Hawlucha
|-supereffective|p1a: Hawlucha
|-damage|p1a: Hawlucha|0 fnt
|faint|p1a: Hawlucha
|
|win|101Darmanitans
|raw|roddyj's rating: 1590 &rarr; <strong>1571</strong><br />(-19 for losing)
|raw|101Darmanitans's rating: 1606 &rarr; <strong>1625</strong><br />(+19 for winning)
|l|☆roddyj
|player|p1|
|c|☆101Darmanitans|gg
|l|☆101Darmanitans
|player|p2|
|l| rexa2
