|j|☆lolcano46
|j|‽flobpa
|t:|1781583942
|gametype|singles
|player|p1|lolcano46|fisherman-gen4|1522
|player|p2|flobpa|unknown|1565
|gen|9
|tier|[Gen 9] OU
|rated|
|rule|HP Percentage Mod: HP is shown in percentages
|rule|Endless Battle Clause: Forcing endless battles is banned
|rule|Species Clause: Limit one of each Pokémon
|rule|OHKO Clause: OHKO moves are banned
|rule|Evasion Items Clause: Evasion items are banned
|rule|Evasion Moves Clause: Evasion moves are banned
|rule|Evasion Abilities Clause: Evasion abilities are banned
|rule|Sleep Moves Clause: Sleep-inducing moves are banned
|clearpoke
|poke|p1|Azelf|
|poke|p1|Ogerpon-Wellspring, F|
|poke|p1|Scizor, F|
|poke|p1|Gengar, M|
|poke|p1|Raging Bolt|
|poke|p1|Cinderace, M|
|poke|p2|Ninetales-Alola, F|
|poke|p2|Sinistcha|
|poke|p2|Samurott-Hisui, M|
|poke|p2|Iron Valiant|
|poke|p2|Kingambit, F|
|poke|p2|Dragonite, F|
|teampreview
|inactive|Battle timer is ON: inactive players will automatically lose when time's up. (requested by lolcano46)
|inactive|flobpa also wants the timer to be on.
|j| choispecs ironmoth
|
|t:|1781583950
|teamsize|p1|6
|teamsize|p2|6
|start
|switch|p1a: Azelf|Azelf|100/100
|switch|p2a: Samurott|Samurott-Hisui, M|100/100
|turn|1
|
|t:|1781583955
|-terastallize|p1a: Azelf|Fairy
|move|p1a: Azelf|Dazzling Gleam|p2a: Samurott
|-supereffective|p2a: Samurott
|-enditem|p2a: Samurott|Focus Sash
|-damage|p2a: Samurott|1/100
|move|p2a: Samurott|Ceaseless Edge|p1a: Azelf
|-resisted|p1a: Azelf
|-damage|p1a: Azelf|65/100
|-sidestart|p1: lolcano46|Spikes
|
|upkeep
|turn|2
|
|t:|1781583974
|move|p2a: Samurott|Aqua Jet|p1a: Azelf
|-damage|p1a: Azelf|31/100
|move|p1a: Azelf|Dazzling Gleam|p2a: Samurott
|-supereffective|p2a: Samurott
|-damage|p2a: Samurott|0 fnt
|faint|p2a: Samurott
|
|upkeep
|
|t:|1781583987
|switch|p2a: Dragonite|Dragonite, F|100/100
|turn|3
|
|t:|1781583990
|switch|p1a: Gengar|Gengar, M|100/100
|-damage|p1a: Gengar|88/100|[from] Spikes
|move|p2a: Dragonite|Dragon Dance|p2a: Dragonite
|-boost|p2a: Dragonite|atk|1
|-boost|p2a: Dragonite|spe|1
|
|upkeep
|turn|4
|
|t:|1781584003
|move|p1a: Gengar|Trick|p2a: Dragonite
|-activate|p1a: Gengar|move: Trick|[of] p2a: Dragonite
|-item|p2a: Dragonite|Choice Scarf|[from] move: Trick
|-item|p1a: Gengar|Heavy-Duty Boots|[from] move: Trick
|move|p2a: Dragonite|Dragon Dance|p2a: Dragonite
|-boost|p2a: Dragonite|atk|1
|-boost|p2a: Dragonite|spe|1
|
|upkeep
|turn|5
|
|t:|1781584010
|switch|p2a: Kingambit|Kingambit, F|100/100
|-activate|p2a: Kingambit|ability: Supreme Overlord
|-start|p2a: Kingambit|fallen1|[silent]
|move|p1a: Gengar|Sludge Bomb|p2a: Kingambit
|-immune|p2a: Kingambit
|
|upkeep
|turn|6
|
|t:|1781584018
|switch|p1a: Cinderace|Cinderace, M|100/100
|-terastallize|p2a: Kingambit|Dark
|move|p2a: Kingambit|Kowtow Cleave|p1a: Cinderace
|-damage|p1a: Cinderace|0 fnt
|faint|p1a: Cinderace
|
|upkeep
|
|t:|1781584027
|switch|p1a: Raging Bolt|Raging Bolt|100/100
|-damage|p1a: Raging Bolt|88/100|[from] Spikes
|-enditem|p1a: Raging Bolt|Booster Energy
|-activate|p1a: Raging Bolt|ability: Protosynthesis|[fromitem]
|-start|p1a: Raging Bolt|protosynthesisspa
|turn|7
|
|t:|1781584045
|-end|p2a: Kingambit|fallen1|[silent]
|switch|p2a: Ninetales|Ninetales-Alola, F|100/100
|-weather|Snowscape|[from] ability: Snow Warning|[of] p2a: Ninetales
|move|p1a: Raging Bolt|Thunderbolt|p2a: Ninetales
|-damage|p2a: Ninetales|27/100
|
|-weather|Snowscape|[upkeep]
|upkeep
|turn|8
|
|t:|1781584049
|move|p2a: Ninetales|Aurora Veil|p2a: Ninetales
|-sidestart|p2: flobpa|move: Aurora Veil
|move|p1a: Raging Bolt|Thunderbolt|p2a: Ninetales
|-damage|p2a: Ninetales|0 fnt
|faint|p2a: Ninetales
|
|-weather|Snowscape|[upkeep]
|upkeep
|
|t:|1781584054
|switch|p2a: Sinistcha|Sinistcha, shiny|100/100
|turn|9
|
|t:|1781584060
|move|p1a: Raging Bolt|Calm Mind|p1a: Raging Bolt
|-boost|p1a: Raging Bolt|spa|1
|-boost|p1a: Raging Bolt|spd|1
|move|p2a: Sinistcha|Calm Mind|p2a: Sinistcha
|-boost|p2a: Sinistcha|spa|1
|-boost|p2a: Sinistcha|spd|1
|
|-weather|Snowscape|[upkeep]
|upkeep
|turn|10
|
|t:|1781584070
|move|p1a: Raging Bolt|Dragon Pulse|p2a: Sinistcha
|-damage|p2a: Sinistcha|61/100
|move|p2a: Sinistcha|Shadow Ball|p1a: Raging Bolt
|-damage|p1a: Raging Bolt|59/100
|
|-weather|Snowscape|[upkeep]
|-heal|p2a: Sinistcha|68/100|[from] item: Leftovers
|upkeep
|turn|11
|
|t:|1781584075
|move|p1a: Raging Bolt|Dragon Pulse|p2a: Sinistcha
|-damage|p2a: Sinistcha|26/100
|move|p2a: Sinistcha|Shadow Ball|p1a: Raging Bolt
|-damage|p1a: Raging Bolt|29/100
|
|-weather|none
|-heal|p2a: Sinistcha|32/100|[from] item: Leftovers
|upkeep
|turn|12
|
|t:|1781584083
|move|p1a: Raging Bolt|Dragon Pulse|p2a: Sinistcha
|-damage|p2a: Sinistcha|0 fnt
|faint|p2a: Sinistcha
|
|upkeep
|
|t:|1781584091
|switch|p2a: Dragonite|Dragonite, F|100/100
|turn|13
|
|t:|1781584094
|-end|p1a: Raging Bolt|Protosynthesis|[silent]
|switch|p1a: Gengar|Gengar, M|88/100
|move|p2a: Dragonite|Earthquake|p1a: Gengar
|-supereffective|p1a: Gengar
|-damage|p1a: Gengar|0 fnt
|-start|p2a: Dragonite|Disable|Earthquake|[from] ability: Cursed Body|[of] p1a: Gengar
|faint|p1a: Gengar
|
|upkeep
|
|t:|1781584099
|switch|p1a: Scizor|Scizor, F|100/100
|-damage|p1a: Scizor|88/100|[from] Spikes
|turn|14
|
|t:|1781584110
|-activate|p2a: Dragonite|move: Struggle
|move|p2a: Dragonite|Struggle|p1a: Scizor
|-damage|p1a: Scizor|68/100
|-damage|p2a: Dragonite|75/100|[from] recoil
|move|p1a: Scizor|Swords Dance|p1a: Scizor
|-boost|p1a: Scizor|atk|2
|
|upkeep
|turn|15
|
|t:|1781584118
|-activate|p2a: Dragonite|move: Struggle
|move|p2a: Dragonite|Struggle|p1a: Scizor
|-damage|p1a: Scizor|46/100
|-damage|p2a: Dragonite|50/100|[from] recoil
|move|p1a: Scizor|Swords Dance|p1a: Scizor
|-boost|p1a: Scizor|atk|2
|
|-sideend|p2: flobpa|move: Aurora Veil
|upkeep
|turn|16
|
|t:|1781584124
|move|p1a: Scizor|Bullet Punch|p2a: Dragonite
|-damage|p2a: Dragonite|0 fnt
|faint|p2a: Dragonite
|
|upkeep
|
|t:|1781584126
|switch|p2a: Kingambit|Kingambit, F, tera:Dark|100/100
|-activate|p2a: Kingambit|ability: Supreme Overlord
|-start|p2a: Kingambit|fallen4|[silent]
|turn|17
|
|t:|1781584140
|move|p1a: Scizor|Bullet Punch|p2a: Kingambit
|-damage|p2a: Kingambit|0 fnt
|faint|p2a: Kingambit
|-end|p2a: Kingambit|fallen4|[silent]
|
|upkeep
|-message|flobpa forfeited.
|
|win|lolcano46
|raw|lolcano46's rating: 1522 &rarr; <strong>1544</strong><br />(+22 for winning)
|raw|flobpa's rating: 1565 &rarr; <strong>1543</strong><br />(-22 for losing)
|l|‽flobpa
|player|p2|
|l|☆lolcano46
|player|p1|
|l| choispecs ironmoth
