|j|☆KurisuChestnutLab
|j|☆Humerus_Skelepun
|t:|1781156060
|gametype|singles
|player|p1|KurisuChestnutLab|may-contest|1569
|player|p2|Humerus_Skelepun|169|1568
|gen|9
|tier|[Gen 9] OU
|rated|
|rule|HP Percentage Mod: HP is shown in percentages
|rule|Endless Battle Clause: Forcing endless battles is banned
|rule|Species Clause: Limit one of each Pokémon
|rule|OHKO Clause: OHKO moves are banned
|rule|Evasion Items Clause: Evasion items are banned
|rule|Evasion Moves Clause: Evasion moves are banned
|rule|Evasion Abilities Clause: Evasion abilities are banned
|rule|Sleep Moves Clause: Sleep-inducing moves are banned
|clearpoke
|poke|p1|Primarina, M|
|poke|p1|Hippowdon, F|
|poke|p1|Skarmory, M|
|poke|p1|Zapdos|
|poke|p1|Dragonite, M|
|poke|p1|Slowking, F|
|poke|p2|Regieleki|
|poke|p2|Arcanine-Hisui, M|
|poke|p2|Corviknight, F|
|poke|p2|Great Tusk|
|poke|p2|Alomomola, M|
|poke|p2|Ting-Lu|
|teampreview
|inactive|Battle timer is ON: inactive players will automatically lose when time's up. (requested by Humerus_Skelepun)
|inactive|KurisuChestnutLab also wants the timer to be on.
|inactive|Humerus_Skelepun has 120 seconds left.
|
|t:|1781156092
|teamsize|p1|6
|teamsize|p2|6
|start
|switch|p1a: Hippowdon|Hippowdon, F|100/100
|switch|p2a: Arcanine|Arcanine-Hisui, M|100/100
|-weather|Sandstorm|[from] ability: Sand Stream|[of] p1a: Hippowdon
|turn|1
|
|t:|1781156097
|move|p2a: Arcanine|Flare Blitz|p1a: Hippowdon
|-damage|p1a: Hippowdon|54/100
|move|p1a: Hippowdon|Stealth Rock|p2a: Arcanine
|-sidestart|p2: Humerus_Skelepun|move: Stealth Rock
|
|-weather|Sandstorm|[upkeep]
|-heal|p1a: Hippowdon|60/100|[from] item: Leftovers
|upkeep
|turn|2
|
|t:|1781156112
|switch|p2a: Alomomola|Alomomola, M|100/100
|-damage|p2a: Alomomola|88/100|[from] Stealth Rock
|move|p1a: Hippowdon|Earthquake|p2a: Alomomola
|-damage|p2a: Alomomola|58/100
|
|-weather|Sandstorm|[upkeep]
|-damage|p2a: Alomomola|52/100|[from] Sandstorm
|-heal|p1a: Hippowdon|66/100|[from] item: Leftovers
|upkeep
|turn|3
|
|t:|1781156118
|move|p2a: Alomomola|Flip Turn|p1a: Hippowdon
|-supereffective|p1a: Hippowdon
|-damage|p1a: Hippowdon|50/100
|
|t:|1781156121
|switch|p2a: Corviknight|Corviknight, F|100/100|[from] Flip Turn
|-damage|p2a: Corviknight|88/100|[from] Stealth Rock
|-ability|p2a: Corviknight|Pressure
|move|p1a: Hippowdon|Whirlwind|p2a: Corviknight
|drag|p2a: Ting-Lu|Ting-Lu|100/100
|-damage|p2a: Ting-Lu|94/100|[from] Stealth Rock
|-ability|p2a: Ting-Lu|Vessel of Ruin
|
|-weather|Sandstorm|[upkeep]
|-heal|p1a: Hippowdon|56/100|[from] item: Leftovers
|-heal|p2a: Ting-Lu|100/100|[from] item: Leftovers
|upkeep
|turn|4
|
|t:|1781156126
|move|p1a: Hippowdon|Earthquake|p2a: Ting-Lu
|-damage|p2a: Ting-Lu|78/100
|move|p2a: Ting-Lu|Ruination|p1a: Hippowdon
|-damage|p1a: Hippowdon|29/100
|
|-weather|Sandstorm|[upkeep]
|-heal|p1a: Hippowdon|35/100|[from] item: Leftovers
|-heal|p2a: Ting-Lu|84/100|[from] item: Leftovers
|upkeep
|turn|5
|
|t:|1781156132
|move|p1a: Hippowdon|Earthquake|p2a: Ting-Lu
|-crit|p2a: Ting-Lu
|-damage|p2a: Ting-Lu|53/100
|move|p2a: Ting-Lu|Earthquake|p1a: Hippowdon
|-damage|p1a: Hippowdon|15/100
|
|-weather|none
|-heal|p1a: Hippowdon|21/100|[from] item: Leftovers
|-heal|p2a: Ting-Lu|59/100|[from] item: Leftovers
|upkeep
|turn|6
|
|t:|1781156140
|move|p1a: Hippowdon|Slack Off|p1a: Hippowdon
|-heal|p1a: Hippowdon|71/100
|move|p2a: Ting-Lu|Ruination|p1a: Hippowdon
|-damage|p1a: Hippowdon|36/100
|
|-heal|p1a: Hippowdon|42/100|[from] item: Leftovers
|-heal|p2a: Ting-Lu|65/100|[from] item: Leftovers
|upkeep
|turn|7
|
|t:|1781156143
|move|p1a: Hippowdon|Earthquake|p2a: Ting-Lu
|-damage|p2a: Ting-Lu|44/100
|move|p2a: Ting-Lu|Ruination|p1a: Hippowdon
|-damage|p1a: Hippowdon|21/100
|
|-heal|p1a: Hippowdon|28/100|[from] item: Leftovers
|-heal|p2a: Ting-Lu|50/100|[from] item: Leftovers
|upkeep
|turn|8
|
|t:|1781156147
|move|p1a: Hippowdon|Earthquake|p2a: Ting-Lu
|-damage|p2a: Ting-Lu|30/100
|move|p2a: Ting-Lu|Ruination|p1a: Hippowdon
|-damage|p1a: Hippowdon|14/100
|
|-heal|p1a: Hippowdon|20/100|[from] item: Leftovers
|-heal|p2a: Ting-Lu|36/100|[from] item: Leftovers
|upkeep
|turn|9
|
|t:|1781156153
|move|p1a: Hippowdon|Slack Off|p1a: Hippowdon
|-heal|p1a: Hippowdon|70/100
|move|p2a: Ting-Lu|Ruination|p1a: Hippowdon
|-damage|p1a: Hippowdon|35/100
|
|-heal|p1a: Hippowdon|42/100|[from] item: Leftovers
|-heal|p2a: Ting-Lu|43/100|[from] item: Leftovers
|upkeep
|turn|10
|
|t:|1781156157
|move|p1a: Hippowdon|Earthquake|p2a: Ting-Lu
|-damage|p2a: Ting-Lu|20/100
|move|p2a: Ting-Lu|Rest|p2a: Ting-Lu
|-status|p2a: Ting-Lu|slp|[from] move: Rest
|-heal|p2a: Ting-Lu|100/100 slp|[silent]
|
|-heal|p1a: Hippowdon|48/100|[from] item: Leftovers
|upkeep
|turn|11
|
|t:|1781156163
|move|p1a: Hippowdon|Slack Off|p1a: Hippowdon
|-heal|p1a: Hippowdon|98/100
|cant|p2a: Ting-Lu|slp
|move|p2a: Ting-Lu|Sleep Talk|p2a: Ting-Lu
|move|p2a: Ting-Lu|Rest||[from] move: Sleep Talk|[still]
|-fail|p2a: Ting-Lu
|
|-heal|p1a: Hippowdon|100/100|[from] item: Leftovers
|upkeep
|turn|12
|
|t:|1781156168
|cant|p2a: Ting-Lu|slp
|move|p2a: Ting-Lu|Sleep Talk|p2a: Ting-Lu
|move|p2a: Ting-Lu|Earthquake|p1a: Hippowdon|[from] move: Sleep Talk
|-damage|p1a: Hippowdon|80/100
|move|p1a: Hippowdon|Whirlwind|p2a: Ting-Lu
|drag|p2a: Great Tusk|Great Tusk|100/100
|-damage|p2a: Great Tusk|98/100|[from] Stealth Rock
|
|-heal|p1a: Hippowdon|86/100|[from] item: Leftovers
|upkeep
|turn|13
|
|t:|1781156177
|move|p2a: Great Tusk|Stealth Rock|p1a: Hippowdon
|-sidestart|p1: KurisuChestnutLab|move: Stealth Rock
|move|p1a: Hippowdon|Earthquake|p2a: Great Tusk
|-damage|p2a: Great Tusk|74/100
|
|-heal|p1a: Hippowdon|92/100|[from] item: Leftovers
|upkeep
|turn|14
|
|t:|1781156180
|move|p2a: Great Tusk|Rapid Spin|p1a: Hippowdon
|-damage|p1a: Hippowdon|85/100
|-boost|p2a: Great Tusk|spe|1
|-sideend|p2: Humerus_Skelepun|Stealth Rock|[from] move: Rapid Spin|[of] p2a: Great Tusk
|move|p1a: Hippowdon|Earthquake|p2a: Great Tusk
|-damage|p2a: Great Tusk|50/100
|
|-heal|p1a: Hippowdon|91/100|[from] item: Leftovers
|upkeep
|turn|15
|
|t:|1781156195
|-end|p2a: Great Tusk|Protosynthesis|[silent]
|switch|p2a: Corviknight|Corviknight, F|88/100
|-ability|p2a: Corviknight|Pressure
|move|p1a: Hippowdon|Earthquake|p2a: Corviknight
|-immune|p2a: Corviknight
|
|-heal|p1a: Hippowdon|97/100|[from] item: Leftovers
|upkeep
|turn|16
|
|t:|1781156209
|switch|p2a: Alomomola|Alomomola, M|85/100
|move|p1a: Hippowdon|Stealth Rock|p2a: Alomomola
|-sidestart|p2: Humerus_Skelepun|move: Stealth Rock
|
|-heal|p1a: Hippowdon|100/100|[from] item: Leftovers
|upkeep
|turn|17
|
|t:|1781156214
|move|p2a: Alomomola|Body Slam|p1a: Hippowdon
|-damage|p1a: Hippowdon|92/100
|-status|p1a: Hippowdon|par
|move|p1a: Hippowdon|Whirlwind|p2a: Alomomola
|drag|p2a: Great Tusk|Great Tusk|50/100
|-damage|p2a: Great Tusk|47/100|[from] Stealth Rock
|
|-heal|p1a: Hippowdon|99/100 par|[from] item: Leftovers
|upkeep
|turn|18
|
|t:|1781156222
|move|p2a: Great Tusk|Rapid Spin|p1a: Hippowdon
|-damage|p1a: Hippowdon|90/100 par
|-boost|p2a: Great Tusk|spe|1
|-sideend|p2: Humerus_Skelepun|Stealth Rock|[from] move: Rapid Spin|[of] p2a: Great Tusk
|move|p1a: Hippowdon|Earthquake|p2a: Great Tusk
|-damage|p2a: Great Tusk|23/100
|
|-heal|p1a: Hippowdon|97/100 par|[from] item: Leftovers
|upkeep
|turn|19
|
|t:|1781156232
|move|p2a: Great Tusk|Headlong Rush|p1a: Hippowdon
|-damage|p1a: Hippowdon|72/100 par
|-unboost|p2a: Great Tusk|def|1
|-unboost|p2a: Great Tusk|spd|1
|cant|p1a: Hippowdon|par
|
|-heal|p1a: Hippowdon|78/100 par|[from] item: Leftovers
|upkeep
|turn|20
|
|t:|1781156240
|-end|p2a: Great Tusk|Protosynthesis|[silent]
|switch|p2a: Ting-Lu|Ting-Lu|100/100 slp
|-ability|p2a: Ting-Lu|Vessel of Ruin
|move|p1a: Hippowdon|Earthquake|p2a: Ting-Lu
|-damage|p2a: Ting-Lu|78/100 slp
|
|-heal|p2a: Ting-Lu|84/100 slp|[from] item: Leftovers
|-heal|p1a: Hippowdon|84/100 par|[from] item: Leftovers
|upkeep
|turn|21
|
|t:|1781156247
|-curestatus|p2a: Ting-Lu|slp|[msg]
|move|p2a: Ting-Lu|Ruination|p1a: Hippowdon|[miss]
|-miss|p2a: Ting-Lu|p1a: Hippowdon
|cant|p1a: Hippowdon|par
|
|-heal|p2a: Ting-Lu|90/100|[from] item: Leftovers
|-heal|p1a: Hippowdon|90/100 par|[from] item: Leftovers
|upkeep
|turn|22
|
|t:|1781156252
|move|p2a: Ting-Lu|Ruination|p1a: Hippowdon|[miss]
|-miss|p2a: Ting-Lu|p1a: Hippowdon
|move|p1a: Hippowdon|Stealth Rock|p2a: Ting-Lu
|-sidestart|p2: Humerus_Skelepun|move: Stealth Rock
|
|-heal|p2a: Ting-Lu|96/100|[from] item: Leftovers
|-heal|p1a: Hippowdon|96/100 par|[from] item: Leftovers
|upkeep
|turn|23
|
|t:|1781156256
|switch|p1a: Dragonite|Dragonite, M|100/100
|move|p2a: Ting-Lu|Ruination|p1a: Dragonite
|-damage|p1a: Dragonite|51/100
|
|-heal|p2a: Ting-Lu|100/100|[from] item: Leftovers
|upkeep
|turn|24
|
|t:|1781156262
|move|p1a: Dragonite|Dragon Dance|p1a: Dragonite
|-boost|p1a: Dragonite|atk|1
|-boost|p1a: Dragonite|spe|1
|move|p2a: Ting-Lu|Ruination|p1a: Dragonite
|-damage|p1a: Dragonite|26/100
|
|upkeep
|turn|25
|
|t:|1781156267
|move|p1a: Dragonite|Roost|p1a: Dragonite
|-heal|p1a: Dragonite|76/100
|-singleturn|p1a: Dragonite|move: Roost
|move|p2a: Ting-Lu|Ruination|p1a: Dragonite|[miss]
|-miss|p2a: Ting-Lu|p1a: Dragonite
|
|upkeep
|turn|26
|
|t:|1781156272
|move|p1a: Dragonite|Dragon Dance|p1a: Dragonite
|-boost|p1a: Dragonite|atk|1
|-boost|p1a: Dragonite|spe|1
|move|p2a: Ting-Lu|Ruination|p1a: Dragonite
|-damage|p1a: Dragonite|38/100
|
|upkeep
|turn|27
|
|t:|1781156275
|switch|p2a: Corviknight|Corviknight, F|88/100
|-damage|p2a: Corviknight|76/100|[from] Stealth Rock
|-ability|p2a: Corviknight|Pressure
|move|p1a: Dragonite|Roost|p1a: Dragonite
|-heal|p1a: Dragonite|88/100
|-singleturn|p1a: Dragonite|move: Roost
|
|upkeep
|turn|28
|
|t:|1781156281
|move|p1a: Dragonite|Dragon Dance|p1a: Dragonite
|-boost|p1a: Dragonite|atk|1
|-boost|p1a: Dragonite|spe|1
|move|p2a: Corviknight|Brave Bird|p1a: Dragonite
|-damage|p1a: Dragonite|45/100
|-damage|p2a: Corviknight|64/100|[from] Recoil
|
|upkeep
|turn|29
|
|t:|1781156286
|move|p1a: Dragonite|Roost|p1a: Dragonite
|-heal|p1a: Dragonite|95/100
|-singleturn|p1a: Dragonite|move: Roost
|move|p2a: Corviknight|Brave Bird|p1a: Dragonite
|-damage|p1a: Dragonite|55/100
|-damage|p2a: Corviknight|53/100|[from] Recoil
|
|upkeep
|turn|30
|
|t:|1781156292
|move|p1a: Dragonite|Roost|p1a: Dragonite
|-heal|p1a: Dragonite|100/100
|-singleturn|p1a: Dragonite|move: Roost
|move|p2a: Corviknight|Roost|p2a: Corviknight
|-heal|p2a: Corviknight|100/100
|-singleturn|p2a: Corviknight|move: Roost
|
|upkeep
|turn|31
|
|t:|1781156297
|move|p1a: Dragonite|Dragon Dance|p1a: Dragonite
|-boost|p1a: Dragonite|atk|1
|-boost|p1a: Dragonite|spe|1
|move|p2a: Corviknight|Brave Bird|p1a: Dragonite
|-damage|p1a: Dragonite|79/100
|-damage|p2a: Corviknight|95/100|[from] Recoil
|
|upkeep
|turn|32
|
|t:|1781156302
|move|p1a: Dragonite|Roost|p1a: Dragonite
|-heal|p1a: Dragonite|100/100
|-singleturn|p1a: Dragonite|move: Roost
|move|p2a: Corviknight|Brave Bird|p1a: Dragonite
|-damage|p1a: Dragonite|79/100
|-damage|p2a: Corviknight|89/100|[from] Recoil
|
|upkeep
|turn|33
|
|t:|1781156307
|move|p1a: Dragonite|Dragon Dance|p1a: Dragonite
|-boost|p1a: Dragonite|atk|1
|-boost|p1a: Dragonite|spe|1
|move|p2a: Corviknight|Brave Bird|p1a: Dragonite
|-damage|p1a: Dragonite|37/100
|-damage|p2a: Corviknight|78/100|[from] Recoil
|
|upkeep
|turn|34
|
|t:|1781156312
|move|p1a: Dragonite|Roost|p1a: Dragonite
|-heal|p1a: Dragonite|87/100
|-singleturn|p1a: Dragonite|move: Roost
|move|p2a: Corviknight|Roost|p2a: Corviknight
|-heal|p2a: Corviknight|100/100
|-singleturn|p2a: Corviknight|move: Roost
|
|upkeep
|turn|35
|
|t:|1781156316
|move|p1a: Dragonite|Extreme Speed|p2a: Corviknight
|-resisted|p2a: Corviknight
|-damage|p2a: Corviknight|70/100
|-damage|p1a: Dragonite|71/100|[from] item: Rocky Helmet|[of] p2a: Corviknight
|move|p2a: Corviknight|Brave Bird|p1a: Dragonite
|-damage|p1a: Dragonite|34/100
|-damage|p2a: Corviknight|60/100|[from] Recoil
|
|upkeep
|turn|36
|
|t:|1781156322
|move|p1a: Dragonite|Roost|p1a: Dragonite
|-heal|p1a: Dragonite|84/100
|-singleturn|p1a: Dragonite|move: Roost
|move|p2a: Corviknight|Roost|p2a: Corviknight
|-heal|p2a: Corviknight|100/100
|-singleturn|p2a: Corviknight|move: Roost
|
|upkeep
|turn|37
|
|t:|1781156326
|move|p1a: Dragonite|Extreme Speed|p2a: Corviknight
|-resisted|p2a: Corviknight
|-damage|p2a: Corviknight|65/100
|-damage|p1a: Dragonite|67/100|[from] item: Rocky Helmet|[of] p2a: Corviknight
|move|p2a: Corviknight|Brave Bird|p1a: Dragonite
|-damage|p1a: Dragonite|29/100
|-damage|p2a: Corviknight|55/100|[from] Recoil
|
|upkeep
|turn|38
|
|t:|1781156330
|-terastallize|p1a: Dragonite|Normal
|move|p1a: Dragonite|Roost|p1a: Dragonite
|-heal|p1a: Dragonite|79/100
|move|p2a: Corviknight|Roost|p2a: Corviknight
|-heal|p2a: Corviknight|100/100
|-singleturn|p2a: Corviknight|move: Roost
|
|upkeep
|turn|39
|
|t:|1781156337
|move|p1a: Dragonite|Extreme Speed|p2a: Corviknight
|-resisted|p2a: Corviknight
|-crit|p2a: Corviknight
|-damage|p2a: Corviknight|23/100
|-damage|p1a: Dragonite|63/100|[from] item: Rocky Helmet|[of] p2a: Corviknight
|move|p2a: Corviknight|Defog|p1a: Dragonite
|-unboost|p1a: Dragonite|evasion|1
|-sideend|p1: KurisuChestnutLab|Stealth Rock|[from] move: Defog|[of] p2a: Corviknight
|-sideend|p2: Humerus_Skelepun|Stealth Rock|[from] move: Defog|[of] p2a: Corviknight
|
|upkeep
|turn|40
|
|t:|1781156345
|move|p1a: Dragonite|Extreme Speed|p2a: Corviknight
|-resisted|p2a: Corviknight
|-damage|p2a: Corviknight|0 fnt
|-damage|p1a: Dragonite|46/100|[from] item: Rocky Helmet|[of] p2a: Corviknight
|faint|p2a: Corviknight
|
|upkeep
|
|t:|1781156360
|switch|p2a: Arcanine|Arcanine-Hisui, M|100/100
|turn|41
|
|t:|1781156367
|-terastallize|p2a: Arcanine|Normal
|move|p2a: Arcanine|Extreme Speed|p1a: Dragonite
|-damage|p1a: Dragonite|0 fnt
|faint|p1a: Dragonite
|
|upkeep
|
|t:|1781156372
|switch|p1a: Hippowdon|Hippowdon, F|96/100 par
|-weather|Sandstorm|[from] ability: Sand Stream|[of] p1a: Hippowdon
|turn|42
|
|t:|1781156377
|switch|p2a: Alomomola|Alomomola, M|100/100
|move|p1a: Hippowdon|Stealth Rock|p2a: Alomomola
|-sidestart|p2: Humerus_Skelepun|move: Stealth Rock
|
|-weather|Sandstorm|[upkeep]
|-damage|p2a: Alomomola|94/100|[from] Sandstorm
|-heal|p1a: Hippowdon|100/100 par|[from] item: Leftovers
|upkeep
|turn|43
|
|t:|1781156381
|move|p2a: Alomomola|Scald|p1a: Hippowdon
|-supereffective|p1a: Hippowdon
|-damage|p1a: Hippowdon|70/100 par
|cant|p1a: Hippowdon|par
|
|-weather|Sandstorm|[upkeep]
|-damage|p2a: Alomomola|88/100|[from] Sandstorm
|-heal|p1a: Hippowdon|77/100 par|[from] item: Leftovers
|upkeep
|turn|44
|
|t:|1781156390
|move|p2a: Alomomola|Scald|p1a: Hippowdon
|-supereffective|p1a: Hippowdon
|-damage|p1a: Hippowdon|47/100 par
|cant|p1a: Hippowdon|par
|
|-weather|Sandstorm|[upkeep]
|-damage|p2a: Alomomola|82/100|[from] Sandstorm
|-heal|p1a: Hippowdon|53/100 par|[from] item: Leftovers
|upkeep
|turn|45
|
|t:|1781156396
|move|p2a: Alomomola|Scald|p1a: Hippowdon
|-supereffective|p1a: Hippowdon
|-damage|p1a: Hippowdon|21/100 par
|cant|p1a: Hippowdon|par
|
|-weather|Sandstorm|[upkeep]
|-damage|p2a: Alomomola|76/100|[from] Sandstorm
|-heal|p1a: Hippowdon|28/100 par|[from] item: Leftovers
|upkeep
|turn|46
|
|t:|1781156401
|switch|p1a: Slowking|Slowking, F|100/100
|move|p2a: Alomomola|Scald|p1a: Slowking
|-resisted|p1a: Slowking
|-damage|p1a: Slowking|96/100
|-status|p1a: Slowking|brn
|
|-weather|none
|-damage|p1a: Slowking|90/100 brn|[from] brn
|upkeep
|turn|47
|
|t:|1781156410
|move|p2a: Alomomola|Scald|p1a: Slowking
|-resisted|p1a: Slowking
|-damage|p1a: Slowking|87/100 brn
|move|p1a: Slowking|Scald|p2a: Alomomola
|-resisted|p2a: Alomomola
|-damage|p2a: Alomomola|69/100
|-status|p2a: Alomomola|brn
|
|-damage|p2a: Alomomola|63/100 brn|[from] brn
|-damage|p1a: Slowking|80/100 brn|[from] brn
|upkeep
|turn|48
|
|t:|1781156418
|move|p2a: Alomomola|Flip Turn|p1a: Slowking
|-resisted|p1a: Slowking
|-damage|p1a: Slowking|76/100 brn
|
|t:|1781156420
|switch|p2a: Regieleki|Regieleki|100/100|[from] Flip Turn
|-damage|p2a: Regieleki|88/100|[from] Stealth Rock
|move|p1a: Slowking|Scald|p2a: Regieleki
|-damage|p2a: Regieleki|37/100
|
|-damage|p1a: Slowking|70/100 brn|[from] brn
|upkeep
|turn|49
|
|t:|1781156425
|switch|p1a: Hippowdon|Hippowdon, F|28/100 par
|-weather|Sandstorm|[from] ability: Sand Stream|[of] p1a: Hippowdon
|move|p2a: Regieleki|Rapid Spin|p1a: Hippowdon
|-damage|p1a: Hippowdon|22/100 par
|-boost|p2a: Regieleki|spe|1
|-sideend|p2: Humerus_Skelepun|Stealth Rock|[from] move: Rapid Spin|[of] p2a: Regieleki
|
|-weather|Sandstorm|[upkeep]
|-damage|p2a: Regieleki|31/100|[from] Sandstorm
|-heal|p1a: Hippowdon|28/100 par|[from] item: Leftovers
|upkeep
|turn|50
|
|t:|1781156446
|switch|p2a: Great Tusk|Great Tusk|23/100
|move|p1a: Hippowdon|Slack Off|p1a: Hippowdon
|-heal|p1a: Hippowdon|78/100 par
|
|-weather|Sandstorm|[upkeep]
|-heal|p1a: Hippowdon|84/100 par|[from] item: Leftovers
|upkeep
|turn|51
|
|t:|1781156451
|move|p2a: Great Tusk|Headlong Rush|p1a: Hippowdon
|-damage|p1a: Hippowdon|58/100 par
|-unboost|p2a: Great Tusk|def|1
|-unboost|p2a: Great Tusk|spd|1
|move|p1a: Hippowdon|Earthquake|p2a: Great Tusk
|-damage|p2a: Great Tusk|0 fnt
|faint|p2a: Great Tusk
|-end|p2a: Great Tusk|Protosynthesis|[silent]
|
|-weather|Sandstorm|[upkeep]
|-heal|p1a: Hippowdon|65/100 par|[from] item: Leftovers
|upkeep
|
|t:|1781156455
|switch|p2a: Arcanine|Arcanine-Hisui, M, tera:Normal|100/100
|turn|52
|
|t:|1781156459
|move|p2a: Arcanine|Flare Blitz|p1a: Hippowdon
|-damage|p1a: Hippowdon|22/100 par
|cant|p1a: Hippowdon|par
|
|-weather|Sandstorm|[upkeep]
|-damage|p2a: Arcanine|94/100|[from] Sandstorm
|-heal|p1a: Hippowdon|28/100 par|[from] item: Leftovers
|upkeep
|turn|53
|
|t:|1781156466
|move|p2a: Arcanine|Flare Blitz|p1a: Hippowdon
|-damage|p1a: Hippowdon|0 fnt
|faint|p1a: Hippowdon
|
|-weather|none
|upkeep
|
|t:|1781156471
|switch|p1a: Zapdos|Zapdos|100/100
|turn|54
|
|t:|1781156475
|switch|p2a: Ting-Lu|Ting-Lu|100/100
|-ability|p2a: Ting-Lu|Vessel of Ruin
|move|p1a: Zapdos|Heat Wave|p2a: Ting-Lu
|-damage|p2a: Ting-Lu|90/100
|
|-heal|p2a: Ting-Lu|97/100|[from] item: Leftovers
|upkeep
|turn|55
|
|t:|1781156482
|move|p1a: Zapdos|Hurricane|p2a: Ting-Lu
|-damage|p2a: Ting-Lu|76/100
|move|p2a: Ting-Lu|Ruination|p1a: Zapdos|[miss]
|-miss|p2a: Ting-Lu|p1a: Zapdos
|
|-heal|p2a: Ting-Lu|82/100|[from] item: Leftovers
|upkeep
|turn|56
|
|t:|1781156487
|move|p1a: Zapdos|Hurricane|p2a: Ting-Lu|[miss]
|-miss|p1a: Zapdos|p2a: Ting-Lu
|move|p2a: Ting-Lu|Ruination|p1a: Zapdos
|-damage|p1a: Zapdos|51/100
|
|-heal|p2a: Ting-Lu|88/100|[from] item: Leftovers
|upkeep
|turn|57
|
|t:|1781156491
|move|p1a: Zapdos|Hurricane|p2a: Ting-Lu
|-damage|p2a: Ting-Lu|70/100
|move|p2a: Ting-Lu|Earthquake|p1a: Zapdos
|-immune|p1a: Zapdos
|
|-heal|p2a: Ting-Lu|76/100|[from] item: Leftovers
|upkeep
|turn|58
|
|t:|1781156495
|move|p1a: Zapdos|Hurricane|p2a: Ting-Lu
|-damage|p2a: Ting-Lu|58/100
|move|p2a: Ting-Lu|Earthquake|p1a: Zapdos
|-immune|p1a: Zapdos
|
|-heal|p2a: Ting-Lu|64/100|[from] item: Leftovers
|upkeep
|turn|59
|
|t:|1781156502
|move|p1a: Zapdos|Hurricane|p2a: Ting-Lu
|-damage|p2a: Ting-Lu|43/100
|move|p2a: Ting-Lu|Earthquake|p1a: Zapdos
|-immune|p1a: Zapdos
|
|-heal|p2a: Ting-Lu|50/100|[from] item: Leftovers
|upkeep
|turn|60
|
|t:|1781156505
|move|p1a: Zapdos|Hurricane|p2a: Ting-Lu
|-crit|p2a: Ting-Lu
|-damage|p2a: Ting-Lu|20/100
|-start|p2a: Ting-Lu|confusion
|-activate|p2a: Ting-Lu|confusion
|-damage|p2a: Ting-Lu|14/100|[from] confusion
|
|-heal|p2a: Ting-Lu|20/100|[from] item: Leftovers
|upkeep
|turn|61
|
|t:|1781156509
|move|p1a: Zapdos|Roost|p1a: Zapdos
|-heal|p1a: Zapdos|100/100
|-singleturn|p1a: Zapdos|move: Roost
|-activate|p2a: Ting-Lu|confusion
|move|p2a: Ting-Lu|Rest|p2a: Ting-Lu
|-status|p2a: Ting-Lu|slp|[from] move: Rest
|-heal|p2a: Ting-Lu|100/100 slp|[silent]
|
|upkeep
|turn|62
|
|t:|1781156513
|move|p1a: Zapdos|Hurricane|p2a: Ting-Lu
|-damage|p2a: Ting-Lu|80/100 slp
|cant|p2a: Ting-Lu|slp
|-activate|p2a: Ting-Lu|confusion
|move|p2a: Ting-Lu|Sleep Talk|p2a: Ting-Lu
|move|p2a: Ting-Lu|Ruination|p1a: Zapdos|[from] move: Sleep Talk
|-damage|p1a: Zapdos|51/100
|
|-heal|p2a: Ting-Lu|87/100 slp|[from] item: Leftovers
|upkeep
|turn|63
|
|t:|1781156520
|move|p1a: Zapdos|Hurricane|p2a: Ting-Lu|[miss]
|-miss|p1a: Zapdos|p2a: Ting-Lu
|cant|p2a: Ting-Lu|slp
|-activate|p2a: Ting-Lu|confusion
|-damage|p2a: Ting-Lu|81/100 slp|[from] confusion
|
|-heal|p2a: Ting-Lu|87/100 slp|[from] item: Leftovers
|upkeep
|turn|64
|
|t:|1781156529
|switch|p2a: Alomomola|Alomomola, M|96/100 brn
|move|p1a: Zapdos|Hurricane|p2a: Alomomola
|-damage|p2a: Alomomola|72/100 brn
|-start|p2a: Alomomola|confusion
|
|-damage|p2a: Alomomola|66/100 brn|[from] brn
|upkeep
|turn|65
|
|t:|1781156533
|switch|p2a: Ting-Lu|Ting-Lu|87/100 slp
|-ability|p2a: Ting-Lu|Vessel of Ruin
|move|p1a: Zapdos|Hurricane|p2a: Ting-Lu
|-damage|p2a: Ting-Lu|68/100 slp
|-start|p2a: Ting-Lu|confusion
|
|-heal|p2a: Ting-Lu|74/100 slp|[from] item: Leftovers
|upkeep
|turn|66
|
|t:|1781156541
|switch|p2a: Alomomola|Alomomola, M|99/100 brn
|move|p1a: Zapdos|Hurricane|p2a: Alomomola|[miss]
|-miss|p1a: Zapdos|p2a: Alomomola
|
|-damage|p2a: Alomomola|93/100 brn|[from] brn
|upkeep
|turn|67
|
|t:|1781156547
|move|p1a: Zapdos|Roost|p1a: Zapdos
|-heal|p1a: Zapdos|100/100
|-singleturn|p1a: Zapdos|move: Roost
|move|p2a: Alomomola|Mirror Coat||[still]
|-fail|p2a: Alomomola
|
|-damage|p2a: Alomomola|87/100 brn|[from] brn
|upkeep
|turn|68
|
|t:|1781156551
|move|p1a: Zapdos|Hurricane|p2a: Alomomola
|-damage|p2a: Alomomola|65/100 brn
|-start|p2a: Alomomola|confusion
|-activate|p2a: Alomomola|confusion
|move|p2a: Alomomola|Flip Turn|p1a: Zapdos
|-damage|p1a: Zapdos|94/100
|
|t:|1781156553
|switch|p2a: Ting-Lu|Ting-Lu|74/100 slp|[from] Flip Turn
|-ability|p2a: Ting-Lu|Vessel of Ruin
|
|-heal|p2a: Ting-Lu|80/100 slp|[from] item: Leftovers
|upkeep
|turn|69
|
|t:|1781156559
|move|p1a: Zapdos|Hurricane|p2a: Ting-Lu
|-damage|p2a: Ting-Lu|63/100 slp
|-curestatus|p2a: Ting-Lu|slp|[msg]
|move|p2a: Ting-Lu|Ruination|p1a: Zapdos
|-damage|p1a: Zapdos|47/100
|
|-heal|p2a: Ting-Lu|69/100|[from] item: Leftovers
|upkeep
|turn|70
|
|t:|1781156565
|switch|p2a: Regieleki|Regieleki|31/100
|move|p1a: Zapdos|Hurricane|p2a: Regieleki
|-resisted|p2a: Regieleki
|-damage|p2a: Regieleki|0 fnt
|faint|p2a: Regieleki
|
|upkeep
|
|t:|1781156571
|switch|p2a: Arcanine|Arcanine-Hisui, M, tera:Normal|94/100
|turn|71
|
|t:|1781156575
|move|p2a: Arcanine|Head Smash|p1a: Zapdos
|-supereffective|p1a: Zapdos
|-damage|p1a: Zapdos|0 fnt
|faint|p1a: Zapdos
|
|upkeep
|
|t:|1781156581
|switch|p1a: Skarmory|Skarmory, M|100/100
|turn|72
|
|t:|1781156587
|switch|p2a: Ting-Lu|Ting-Lu|69/100
|-ability|p2a: Ting-Lu|Vessel of Ruin
|move|p1a: Skarmory|Roost||[still]
|-fail|p1a: Skarmory|heal
|
|-heal|p2a: Ting-Lu|75/100|[from] item: Leftovers
|upkeep
|turn|73
|
|t:|1781156593
|switch|p2a: Alomomola|Alomomola, M|98/100 brn
|move|p1a: Skarmory|Spikes|p2a: Alomomola
|-sidestart|p2: Humerus_Skelepun|Spikes
|
|-damage|p2a: Alomomola|92/100 brn|[from] brn
|upkeep
|turn|74
|
|t:|1781156598
|move|p1a: Skarmory|Spikes|p2a: Alomomola
|-sidestart|p2: Humerus_Skelepun|Spikes
|move|p2a: Alomomola|Scald|p1a: Skarmory
|-damage|p1a: Skarmory|83/100
|
|-heal|p1a: Skarmory|89/100|[from] item: Leftovers
|-damage|p2a: Alomomola|86/100 brn|[from] brn
|upkeep
|turn|75
|
|t:|1781156605
|move|p1a: Skarmory|Roost|p1a: Skarmory
|-heal|p1a: Skarmory|100/100
|-singleturn|p1a: Skarmory|move: Roost
|move|p2a: Alomomola|Scald|p1a: Skarmory
|-damage|p1a: Skarmory|81/100
|
|-heal|p1a: Skarmory|87/100|[from] item: Leftovers
|-damage|p2a: Alomomola|79/100 brn|[from] brn
|upkeep
|turn|76
|
|t:|1781156608
|move|p1a: Skarmory|Roost|p1a: Skarmory
|-heal|p1a: Skarmory|100/100
|-singleturn|p1a: Skarmory|move: Roost
|move|p2a: Alomomola|Scald|p1a: Skarmory
|-damage|p1a: Skarmory|80/100
|
|-heal|p1a: Skarmory|86/100|[from] item: Leftovers
|-damage|p2a: Alomomola|73/100 brn|[from] brn
|upkeep
|turn|77
|
|t:|1781156615
|move|p1a: Skarmory|Roost|p1a: Skarmory
|-heal|p1a: Skarmory|100/100
|-singleturn|p1a: Skarmory|move: Roost
|move|p2a: Alomomola|Body Slam|p1a: Skarmory
|-resisted|p1a: Skarmory
|-damage|p1a: Skarmory|98/100
|
|-heal|p1a: Skarmory|100/100|[from] item: Leftovers
|-damage|p2a: Alomomola|67/100 brn|[from] brn
|upkeep
|turn|78
|
|t:|1781156621
|move|p1a: Skarmory|Spikes|p2a: Alomomola
|-sidestart|p2: Humerus_Skelepun|Spikes
|move|p2a: Alomomola|Scald|p1a: Skarmory
|-damage|p1a: Skarmory|80/100
|-status|p1a: Skarmory|brn
|
|-heal|p1a: Skarmory|86/100 brn|[from] item: Leftovers
|-damage|p1a: Skarmory|80/100 brn|[from] brn
|-damage|p2a: Alomomola|61/100 brn|[from] brn
|upkeep
|turn|79
|
|t:|1781156624
|move|p1a: Skarmory|Iron Head|p2a: Alomomola
|-resisted|p2a: Alomomola
|-damage|p2a: Alomomola|56/100 brn
|move|p2a: Alomomola|Flip Turn|p1a: Skarmory
|-damage|p1a: Skarmory|75/100 brn
|
|t:|1781156626
|switch|p2a: Arcanine|Arcanine-Hisui, M, tera:Normal|94/100|[from] Flip Turn
|-damage|p2a: Arcanine|70/100|[from] Spikes
|
|-heal|p1a: Skarmory|81/100 brn|[from] item: Leftovers
|-damage|p1a: Skarmory|75/100 brn|[from] brn
|upkeep
|turn|80
|
|t:|1781156632
|move|p2a: Arcanine|Flare Blitz|p1a: Skarmory
|-supereffective|p1a: Skarmory
|-damage|p1a: Skarmory|0 fnt
|faint|p1a: Skarmory
|
|upkeep
|
|t:|1781156635
|switch|p1a: Slowking|Slowking, F|100/100 brn
|turn|81
|
|t:|1781156641
|switch|p2a: Alomomola|Alomomola, M|90/100 brn
|-damage|p2a: Alomomola|65/100 brn|[from] Spikes
|move|p1a: Slowking|Scald|p2a: Alomomola
|-resisted|p2a: Alomomola
|-damage|p2a: Alomomola|57/100 brn
|
|-damage|p2a: Alomomola|51/100 brn|[from] brn
|-damage|p1a: Slowking|94/100 brn|[from] brn
|upkeep
|turn|82
|
|t:|1781156644
|move|p1a: Slowking|Scald|p2a: Alomomola
|-resisted|p2a: Alomomola
|-crit|p2a: Alomomola
|-damage|p2a: Alomomola|41/100 brn
|move|p2a: Alomomola|Mirror Coat|p1a: Slowking
|-damage|p1a: Slowking|67/100 brn
|
|-damage|p2a: Alomomola|35/100 brn|[from] brn
|-damage|p1a: Slowking|61/100 brn|[from] brn
|upkeep
|turn|83
|
|t:|1781156649
|move|p2a: Alomomola|Flip Turn|p1a: Slowking
|-resisted|p1a: Slowking
|-damage|p1a: Slowking|57/100 brn
|
|t:|1781156652
|switch|p2a: Ting-Lu|Ting-Lu|75/100|[from] Flip Turn
|-damage|p2a: Ting-Lu|50/100|[from] Spikes
|-ability|p2a: Ting-Lu|Vessel of Ruin
|move|p1a: Slowking|Scald|p2a: Ting-Lu
|-supereffective|p2a: Ting-Lu
|-damage|p2a: Ting-Lu|26/100
|-status|p2a: Ting-Lu|brn
|
|-heal|p2a: Ting-Lu|32/100 brn|[from] item: Leftovers
|-damage|p2a: Ting-Lu|26/100 brn|[from] brn
|-damage|p1a: Slowking|50/100 brn|[from] brn
|upkeep
|turn|84
|
|t:|1781156657
|switch|p1a: Primarina|Primarina, M|100/100
|move|p2a: Ting-Lu|Rest|p2a: Ting-Lu
|-status|p2a: Ting-Lu|slp|[from] move: Rest
|-heal|p2a: Ting-Lu|100/100 slp|[silent]
|
|upkeep
|turn|85
|
|t:|1781156662
|move|p1a: Primarina|Moonblast|p2a: Ting-Lu
|-supereffective|p2a: Ting-Lu
|-damage|p2a: Ting-Lu|53/100 slp
|-unboost|p2a: Ting-Lu|spa|1
|cant|p2a: Ting-Lu|slp
|move|p2a: Ting-Lu|Sleep Talk|p2a: Ting-Lu
|move|p2a: Ting-Lu|Earthquake|p1a: Primarina|[from] move: Sleep Talk
|-damage|p1a: Primarina|58/100
|
|-heal|p2a: Ting-Lu|60/100 slp|[from] item: Leftovers
|upkeep
|turn|86
|
|t:|1781156667
|switch|p2a: Alomomola|Alomomola, M|68/100 brn
|-damage|p2a: Alomomola|43/100 brn|[from] Spikes
|move|p1a: Primarina|Moonblast|p2a: Alomomola
|-damage|p2a: Alomomola|18/100 brn
|-unboost|p2a: Alomomola|spa|1
|
|-damage|p2a: Alomomola|11/100 brn|[from] brn
|upkeep
|turn|87
|
|t:|1781156672
|move|p1a: Primarina|Moonblast|p2a: Alomomola
|-damage|p2a: Alomomola|0 fnt
|faint|p2a: Alomomola
|
|upkeep
|
|t:|1781156674
|switch|p2a: Arcanine|Arcanine-Hisui, M, tera:Normal|70/100
|-damage|p2a: Arcanine|45/100|[from] Spikes
|turn|88
|
|t:|1781156678
|move|p2a: Arcanine|Head Smash|p1a: Primarina
|-damage|p1a: Primarina|0 fnt
|faint|p1a: Primarina
|
|upkeep
|
|t:|1781156682
|switch|p1a: Slowking|Slowking, F|84/100 brn
|turn|89
|
|t:|1781156688
|move|p2a: Arcanine|Head Smash|p1a: Slowking|[miss]
|-miss|p2a: Arcanine|p1a: Slowking
|move|p1a: Slowking|Scald|p2a: Arcanine
|-damage|p2a: Arcanine|12/100
|-status|p2a: Arcanine|brn
|
|-damage|p2a: Arcanine|6/100 brn|[from] brn
|-damage|p1a: Slowking|78/100 brn|[from] brn
|upkeep
|turn|90
|
|t:|1781156695
|move|p2a: Arcanine|Head Smash|p1a: Slowking|[miss]
|-miss|p2a: Arcanine|p1a: Slowking
|move|p1a: Slowking|Scald|p2a: Arcanine
|-damage|p2a: Arcanine|0 fnt
|faint|p2a: Arcanine
|
|-damage|p1a: Slowking|72/100 brn|[from] brn
|upkeep
|
|t:|1781156697
|switch|p2a: Ting-Lu|Ting-Lu|60/100 slp
|-damage|p2a: Ting-Lu|35/100 slp|[from] Spikes
|-ability|p2a: Ting-Lu|Vessel of Ruin
|turn|91
|
|t:|1781156701
|cant|p2a: Ting-Lu|slp
|move|p2a: Ting-Lu|Sleep Talk|p2a: Ting-Lu
|move|p2a: Ting-Lu|Earthquake|p1a: Slowking|[from] move: Sleep Talk
|-damage|p1a: Slowking|33/100 brn
|move|p1a: Slowking|Slack Off|p1a: Slowking
|-heal|p1a: Slowking|83/100 brn
|
|-heal|p2a: Ting-Lu|41/100 slp|[from] item: Leftovers
|-damage|p1a: Slowking|77/100 brn|[from] brn
|upkeep
|turn|92
|
|t:|1781156707
|-curestatus|p2a: Ting-Lu|slp|[msg]
|move|p2a: Ting-Lu|Rest|p2a: Ting-Lu
|-status|p2a: Ting-Lu|slp|[from] move: Rest
|-heal|p2a: Ting-Lu|100/100 slp|[silent]
|move|p1a: Slowking|Slack Off|p1a: Slowking
|-heal|p1a: Slowking|100/100 brn
|
|-damage|p1a: Slowking|94/100 brn|[from] brn
|upkeep
|turn|93
|
|t:|1781156712
|cant|p2a: Ting-Lu|slp
|move|p2a: Ting-Lu|Sleep Talk|p2a: Ting-Lu
|move|p2a: Ting-Lu|Earthquake|p1a: Slowking|[from] move: Sleep Talk
|-damage|p1a: Slowking|54/100 brn
|move|p1a: Slowking|Slack Off|p1a: Slowking
|-heal|p1a: Slowking|100/100 brn
|
|-damage|p1a: Slowking|94/100 brn|[from] brn
|upkeep
|turn|94
|
|t:|1781156716
|cant|p2a: Ting-Lu|slp
|move|p2a: Ting-Lu|Sleep Talk|p2a: Ting-Lu
|move|p2a: Ting-Lu|Ruination|p1a: Slowking|[from] move: Sleep Talk
|-damage|p1a: Slowking|47/100 brn
|move|p1a: Slowking|Slack Off|p1a: Slowking
|-heal|p1a: Slowking|97/100 brn
|
|-damage|p1a: Slowking|91/100 brn|[from] brn
|upkeep
|turn|95
|
|t:|1781156723
|-curestatus|p2a: Ting-Lu|slp|[msg]
|move|p2a: Ting-Lu|Ruination|p1a: Slowking
|-damage|p1a: Slowking|46/100 brn
|move|p1a: Slowking|Scald|p2a: Ting-Lu
|-supereffective|p2a: Ting-Lu
|-damage|p2a: Ting-Lu|77/100
|-status|p2a: Ting-Lu|brn
|
|-heal|p2a: Ting-Lu|83/100 brn|[from] item: Leftovers
|-damage|p2a: Ting-Lu|77/100 brn|[from] brn
|-damage|p1a: Slowking|40/100 brn|[from] brn
|upkeep
|turn|96
|
|t:|1781156730
|move|p2a: Ting-Lu|Earthquake|p1a: Slowking
|-damage|p1a: Slowking|19/100 brn
|move|p1a: Slowking|Slack Off|p1a: Slowking
|-heal|p1a: Slowking|69/100 brn
|
|-heal|p2a: Ting-Lu|83/100 brn|[from] item: Leftovers
|-damage|p2a: Ting-Lu|77/100 brn|[from] brn
|-damage|p1a: Slowking|63/100 brn|[from] brn
|upkeep
|turn|97
|
|t:|1781156737
|move|p2a: Ting-Lu|Earthquake|p1a: Slowking
|-damage|p1a: Slowking|45/100 brn
|move|p1a: Slowking|Slack Off|p1a: Slowking
|-heal|p1a: Slowking|95/100 brn
|
|-heal|p2a: Ting-Lu|83/100 brn|[from] item: Leftovers
|-damage|p2a: Ting-Lu|77/100 brn|[from] brn
|-damage|p1a: Slowking|89/100 brn|[from] brn
|upkeep
|turn|98
|
|t:|1781156740
|move|p2a: Ting-Lu|Earthquake|p1a: Slowking
|-damage|p1a: Slowking|70/100 brn
|move|p1a: Slowking|Slack Off|p1a: Slowking
|-heal|p1a: Slowking|100/100 brn
|
|-heal|p2a: Ting-Lu|83/100 brn|[from] item: Leftovers
|-damage|p2a: Ting-Lu|77/100 brn|[from] brn
|-damage|p1a: Slowking|94/100 brn|[from] brn
|upkeep
|turn|99
|
|t:|1781156743
|move|p2a: Ting-Lu|Earthquake|p1a: Slowking
|-damage|p1a: Slowking|76/100 brn
|move|p1a: Slowking|Slack Off|p1a: Slowking
|-heal|p1a: Slowking|100/100 brn
|
|-heal|p2a: Ting-Lu|83/100 brn|[from] item: Leftovers
|-damage|p2a: Ting-Lu|77/100 brn|[from] brn
|-damage|p1a: Slowking|94/100 brn|[from] brn
|upkeep
|turn|100
|
|t:|1781156750
|move|p2a: Ting-Lu|Ruination|p1a: Slowking
|-damage|p1a: Slowking|47/100 brn
|move|p1a: Slowking|Scald|p2a: Ting-Lu
|-supereffective|p2a: Ting-Lu
|-damage|p2a: Ting-Lu|54/100 brn
|
|-heal|p2a: Ting-Lu|60/100 brn|[from] item: Leftovers
|-damage|p2a: Ting-Lu|54/100 brn|[from] brn
|-damage|p1a: Slowking|41/100 brn|[from] brn
|upkeep
|turn|101
|
|t:|1781156754
|move|p2a: Ting-Lu|Rest|p2a: Ting-Lu
|-status|p2a: Ting-Lu|slp|[from] move: Rest
|-heal|p2a: Ting-Lu|100/100 slp|[silent]
|move|p1a: Slowking|Scald|p2a: Ting-Lu
|-supereffective|p2a: Ting-Lu
|-damage|p2a: Ting-Lu|76/100 slp
|
|-heal|p2a: Ting-Lu|82/100 slp|[from] item: Leftovers
|-damage|p1a: Slowking|35/100 brn|[from] brn
|upkeep
|turn|102
|
|t:|1781156758
|cant|p2a: Ting-Lu|slp
|move|p2a: Ting-Lu|Sleep Talk|p2a: Ting-Lu
|move|p2a: Ting-Lu|Earthquake|p1a: Slowking|[from] move: Sleep Talk
|-damage|p1a: Slowking|0 fnt
|faint|p1a: Slowking
|
|win|Humerus_Skelepun
|raw|KurisuChestnutLab's rating: 1545 &rarr; <strong>1526</strong><br />(-19 for losing)
|raw|Humerus_Skelepun's rating: 1568 &rarr; <strong>1587</strong><br />(+19 for winning)
|l|☆KurisuChestnutLab
|player|p1|
|l|☆Humerus_Skelepun
|player|p2|
