|j|‽ausar489
|j|☆arturohdez
|t:|1780916823
|gametype|singles
|player|p1|ausar489|lucas-gen4pt|1546
|player|p2|arturohdez|lucas|1629
|gen|9
|tier|[Gen 9] OU
|rated|
|rule|HP Percentage Mod: HP is shown in percentages
|rule|Endless Battle Clause: Forcing endless battles is banned
|rule|Species Clause: Limit one of each Pokémon
|rule|OHKO Clause: OHKO moves are banned
|rule|Evasion Items Clause: Evasion items are banned
|rule|Evasion Moves Clause: Evasion moves are banned
|rule|Evasion Abilities Clause: Evasion abilities are banned
|rule|Sleep Moves Clause: Sleep-inducing moves are banned
|clearpoke
|poke|p1|Ceruledge, M|
|poke|p1|Torkoal, F|
|poke|p1|Great Tusk|
|poke|p1|Walking Wake|
|poke|p1|Venusaur, F|
|poke|p1|Hatterene, F|
|poke|p2|Gliscor, M|
|poke|p2|Okidogi, M|
|poke|p2|Iron Treads|
|poke|p2|Dragapult, M|
|poke|p2|Primarina, F|
|poke|p2|Latios, M|
|teampreview
|inactive|Battle timer is ON: inactive players will automatically lose when time's up. (requested by ausar489)
|
|t:|1780916835
|teamsize|p1|6
|teamsize|p2|6
|start
|switch|p1a: Torkoal|Torkoal, F|100/100
|switch|p2a: Primarina|Primarina, F, shiny|100/100
|-weather|SunnyDay|[from] ability: Drought|[of] p1a: Torkoal
|turn|1
|
|t:|1780916848
|switch|p1a: Hatterene|Hatterene, F|100/100
|move|p2a: Primarina|Whirlpool|p1a: Hatterene|[miss]
|-miss|p2a: Primarina|p1a: Hatterene
|
|-weather|SunnyDay|[upkeep]
|upkeep
|turn|2
|
|t:|1780916852
|move|p2a: Primarina|Flip Turn|p1a: Hatterene
|-damage|p1a: Hatterene|95/100
|-enditem|p1a: Hatterene|Eject Button
|
|t:|1780916856
|switch|p1a: Venusaur|Venusaur, F|100/100
|
|-weather|SunnyDay|[upkeep]
|upkeep
|turn|3
|
|t:|1780916864
|move|p1a: Venusaur|Growth|p1a: Venusaur
|-boost|p1a: Venusaur|atk|2
|-boost|p1a: Venusaur|spa|2
|move|p2a: Primarina|Flip Turn|p1a: Venusaur
|-resisted|p1a: Venusaur
|-damage|p1a: Venusaur|96/100
|
|t:|1780916871
|switch|p2a: Latios|Latios, M, shiny|100/100|[from] Flip Turn
|
|-weather|SunnyDay|[upkeep]
|upkeep
|turn|4
|
|t:|1780916875
|move|p1a: Venusaur|Sludge Bomb|p2a: Latios
|-damage|p2a: Latios|0 fnt
|faint|p2a: Latios
|-damage|p1a: Venusaur|86/100|[from] item: Life Orb
|
|-weather|SunnyDay|[upkeep]
|upkeep
|
|t:|1780916892
|switch|p2a: Dragapult|Dragapult, M, shiny|100/100
|turn|5
|
|t:|1780916901
|move|p1a: Venusaur|Giga Drain|p2a: Dragapult
|-resisted|p2a: Dragapult
|-damage|p2a: Dragapult|45/100
|-heal|p1a: Venusaur|100/100|[from] drain|[of] p2a: Dragapult
|-damage|p1a: Venusaur|91/100|[from] item: Life Orb
|move|p2a: Dragapult|Thunder Wave|p1a: Venusaur
|-status|p1a: Venusaur|par
|
|-weather|SunnyDay|[upkeep]
|-heal|p2a: Dragapult|51/100|[from] item: Leftovers
|upkeep
|turn|6
|
|t:|1780916909
|move|p2a: Dragapult|Hex|p1a: Venusaur
|-damage|p1a: Venusaur|21/100 par
|move|p1a: Venusaur|Giga Drain|p2a: Dragapult
|-resisted|p2a: Dragapult
|-damage|p2a: Dragapult|0 fnt
|-heal|p1a: Venusaur|48/100 par|[from] drain|[of] p2a: Dragapult
|faint|p2a: Dragapult
|-damage|p1a: Venusaur|38/100 par|[from] item: Life Orb
|
|-weather|SunnyDay|[upkeep]
|upkeep
|
|t:|1780916920
|switch|p2a: Okidogi|Okidogi, M|100/100
|turn|7
|
|t:|1780916923
|cant|p1a: Venusaur|par
|move|p2a: Okidogi|Knock Off|p1a: Venusaur
|-damage|p1a: Venusaur|0 fnt
|-enditem|p1a: Venusaur|Life Orb|[from] move: Knock Off|[of] p2a: Okidogi
|faint|p1a: Venusaur
|
|-weather|SunnyDay|[upkeep]
|upkeep
|
|t:|1780916938
|switch|p1a: Hatterene|Hatterene, F|95/100
|turn|8
|
|t:|1780916945
|switch|p2a: Iron Treads|Iron Treads, shiny|100/100
|move|p1a: Hatterene|Nuzzle|p2a: Iron Treads
|-immune|p2a: Iron Treads
|
|-weather|none
|upkeep
|turn|9
|
|t:|1780916951
|move|p2a: Iron Treads|Earthquake|p1a: Hatterene
|-damage|p1a: Hatterene|61/100
|move|p1a: Hatterene|Healing Wish|p1a: Hatterene
|faint|p1a: Hatterene
|
|upkeep
|
|t:|1780916955
|switch|p1a: Torkoal|Torkoal, F|100/100
|-weather|SunnyDay|[from] ability: Drought|[of] p1a: Torkoal
|turn|10
|
|t:|1780916961
|-end|p2a: Iron Treads|Quark Drive|[silent]
|switch|p2a: Primarina|Primarina, F, shiny|100/100
|move|p1a: Torkoal|Overheat|p2a: Primarina
|-resisted|p2a: Primarina
|-damage|p2a: Primarina|79/100
|-unboost|p1a: Torkoal|spa|2
|
|-weather|SunnyDay|[upkeep]
|upkeep
|turn|11
|
|t:|1780916968
|switch|p1a: Ceruledge|Ceruledge, M, shiny|100/100
|move|p2a: Primarina|Psychic Noise|p1a: Ceruledge
|-supereffective|p1a: Ceruledge
|-damage|p1a: Ceruledge|55/100
|-start|p1a: Ceruledge|move: Heal Block
|
|-weather|SunnyDay|[upkeep]
|upkeep
|turn|12
|
|t:|1780916978
|switch|p2a: Gliscor|Gliscor, M, shiny|100/100
|move|p1a: Ceruledge|Swords Dance|p1a: Ceruledge
|-boost|p1a: Ceruledge|atk|2
|
|-weather|SunnyDay|[upkeep]
|-end|p1a: Ceruledge|move: Heal Block
|-status|p2a: Gliscor|tox|[from] item: Toxic Orb
|upkeep
|turn|13
|
|t:|1780916983
|-terastallize|p1a: Ceruledge|Grass
|move|p1a: Ceruledge|Bitter Blade|p2a: Gliscor
|-crit|p2a: Gliscor
|-damage|p2a: Gliscor|0 fnt
|-heal|p1a: Ceruledge|100/100|[from] drain|[of] p2a: Gliscor
|faint|p2a: Gliscor
|
|-weather|SunnyDay|[upkeep]
|upkeep
|
|t:|1780916991
|switch|p2a: Okidogi|Okidogi, M|100/100
|turn|14
|
|t:|1780916994
|move|p1a: Ceruledge|Bitter Blade|p2a: Okidogi
|-damage|p2a: Okidogi|0 fnt
|faint|p2a: Okidogi
|
|-weather|SunnyDay|[upkeep]
|upkeep
|-message|arturohdez forfeited.
|
|win|ausar489
|raw|ausar489's rating: 1546 &rarr; <strong>1571</strong><br />(+25 for winning)
|raw|arturohdez's rating: 1629 &rarr; <strong>1604</strong><br />(-25 for losing)
|l|☆arturohdez
|player|p2|
|l|‽ausar489
|player|p1|
