|j|☆KurisuChestnutOU
|j|‽LT_Alt1
|t:|1781160894
|gametype|singles
|player|p1|KurisuChestnutOU|may-contest|1561
|player|p2|LT_Alt1|266|1743
|gen|9
|tier|[Gen 9] OU
|rated|
|rule|HP Percentage Mod: HP is shown in percentages
|rule|Endless Battle Clause: Forcing endless battles is banned
|rule|Species Clause: Limit one of each Pokémon
|rule|OHKO Clause: OHKO moves are banned
|rule|Evasion Items Clause: Evasion items are banned
|rule|Evasion Moves Clause: Evasion moves are banned
|rule|Evasion Abilities Clause: Evasion abilities are banned
|rule|Sleep Moves Clause: Sleep-inducing moves are banned
|clearpoke
|poke|p1|Gliscor, F|
|poke|p1|Dondozo, M|
|poke|p1|Slowking-Galar, M|
|poke|p1|Gholdengo|
|poke|p1|Great Tusk|
|poke|p1|Kingambit, M|
|poke|p2|Kyurem|
|poke|p2|Raging Bolt|
|poke|p2|Hatterene, F|
|poke|p2|Slowking-Galar, M|
|poke|p2|Ting-Lu|
|poke|p2|Corviknight, M|
|teampreview
|inactive|Battle timer is ON: inactive players will automatically lose when time's up. (requested by KurisuChestnutOU)
|
|t:|1781160903
|teamsize|p1|6
|teamsize|p2|6
|start
|switch|p1a: Kingambit|Kingambit, M|100/100
|switch|p2a: Slowking|Slowking-Galar, M|100/100
|turn|1
|
|t:|1781160909
|switch|p2a: Corviknight|Corviknight, M|100/100
|-ability|p2a: Corviknight|Pressure
|move|p1a: Kingambit|Swords Dance|p1a: Kingambit
|-boost|p1a: Kingambit|atk|2
|
|upkeep
|turn|2
|
|t:|1781160914
|move|p2a: Corviknight|Body Press|p1a: Kingambit
|-supereffective|p1a: Kingambit
|-damage|p1a: Kingambit|20/100
|move|p1a: Kingambit|Swords Dance|p1a: Kingambit
|-boost|p1a: Kingambit|atk|2
|
|-heal|p1a: Kingambit|26/100|[from] item: Leftovers
|upkeep
|turn|3
|
|t:|1781160920
|move|p1a: Kingambit|Sucker Punch||[still]
|-fail|p1a: Kingambit
|move|p2a: Corviknight|Iron Defense|p2a: Corviknight
|-boost|p2a: Corviknight|def|2
|
|-heal|p1a: Kingambit|32/100|[from] item: Leftovers
|upkeep
|turn|4
|
|t:|1781160927
|move|p1a: Kingambit|Sucker Punch|p2a: Corviknight
|-damage|p2a: Corviknight|61/100
|-damage|p1a: Kingambit|15/100|[from] item: Rocky Helmet|[of] p2a: Corviknight
|move|p2a: Corviknight|Body Press|p1a: Kingambit
|-supereffective|p1a: Kingambit
|-damage|p1a: Kingambit|0 fnt
|faint|p1a: Kingambit
|-end|p1a: Kingambit|fallenundefined|[silent]
|
|upkeep
|
|t:|1781160935
|switch|p1a: Gholdengo|Gholdengo|100/100
|-item|p1a: Gholdengo|Air Balloon
|turn|5
|
|t:|1781160940
|switch|p2a: Raging Bolt|Raging Bolt|100/100
|move|p1a: Gholdengo|Nasty Plot|p1a: Gholdengo
|-boost|p1a: Gholdengo|spa|2
|
|upkeep
|turn|6
|
|t:|1781160948
|switch|p1a: Gliscor|Gliscor, F|100/100
|move|p2a: Raging Bolt|Volt Switch|p1a: Gliscor
|-immune|p1a: Gliscor
|
|-status|p1a: Gliscor|tox|[from] item: Toxic Orb
|upkeep
|turn|7
|
|t:|1781160954
|-end|p2a: Raging Bolt|Protosynthesis|[silent]
|switch|p2a: Hatterene|Hatterene, F|100/100
|move|p1a: Gliscor|Earthquake|p2a: Hatterene
|-damage|p2a: Hatterene|68/100
|
|-heal|p2a: Hatterene|74/100|[from] item: Leftovers
|upkeep
|turn|8
|
|t:|1781160962
|move|p1a: Gliscor|Knock Off|p2a: Hatterene
|-damage|p2a: Hatterene|54/100
|-enditem|p2a: Hatterene|Leftovers|[from] move: Knock Off|[of] p1a: Gliscor
|move|p2a: Hatterene|Pain Split|p1a: Gliscor
|-sethp|p1a: Gliscor|72/100 tox|[from] move: Pain Split|[silent]
|-sethp|p2a: Hatterene|89/100|[from] move: Pain Split
|
|-heal|p1a: Gliscor|85/100 tox|[from] ability: Poison Heal
|upkeep
|turn|9
|
|t:|1781160969
|move|p1a: Gliscor|Protect|p1a: Gliscor
|-singleturn|p1a: Gliscor|Protect
|move|p2a: Hatterene|Dazzling Gleam|p1a: Gliscor
|-activate|p1a: Gliscor|move: Protect
|
|-heal|p1a: Gliscor|97/100 tox|[from] ability: Poison Heal
|upkeep
|turn|10
|
|t:|1781160972
|switch|p1a: Gholdengo|Gholdengo|100/100
|-item|p1a: Gholdengo|Air Balloon
|move|p2a: Hatterene|Dazzling Gleam|p1a: Gholdengo
|-resisted|p1a: Gholdengo
|-damage|p1a: Gholdengo|80/100
|-enditem|p1a: Gholdengo|Air Balloon
|
|upkeep
|turn|11
|
|t:|1781160978
|switch|p2a: Ting-Lu|Ting-Lu|100/100
|-ability|p2a: Ting-Lu|Vessel of Ruin
|move|p1a: Gholdengo|Nasty Plot|p1a: Gholdengo
|-boost|p1a: Gholdengo|spa|2
|
|upkeep
|turn|12
|
|t:|1781160984
|-terastallize|p1a: Gholdengo|Flying
|move|p1a: Gholdengo|Make It Rain|p2a: Ting-Lu
|-damage|p2a: Ting-Lu|41/100
|-unboost|p1a: Gholdengo|spa|1
|move|p2a: Ting-Lu|Earthquake|p1a: Gholdengo
|-immune|p1a: Gholdengo
|
|-heal|p2a: Ting-Lu|47/100|[from] item: Leftovers
|upkeep
|turn|13
|
|t:|1781160989
|move|p1a: Gholdengo|Shadow Ball|p2a: Ting-Lu
|-resisted|p2a: Ting-Lu
|-damage|p2a: Ting-Lu|33/100
|-unboost|p2a: Ting-Lu|spd|1
|move|p2a: Ting-Lu|Stealth Rock|p1a: Gholdengo
|-sidestart|p1: KurisuChestnutOU|move: Stealth Rock
|
|-heal|p2a: Ting-Lu|39/100|[from] item: Leftovers
|upkeep
|turn|14
|
|t:|1781160995
|move|p1a: Gholdengo|Shadow Ball|p2a: Ting-Lu
|-resisted|p2a: Ting-Lu
|-damage|p2a: Ting-Lu|18/100
|move|p2a: Ting-Lu|Ruination|p1a: Gholdengo
|-damage|p1a: Gholdengo|40/100
|
|-heal|p2a: Ting-Lu|24/100|[from] item: Leftovers
|upkeep
|turn|15
|
|t:|1781161001
|move|p1a: Gholdengo|Shadow Ball|p2a: Ting-Lu
|-resisted|p2a: Ting-Lu
|-damage|p2a: Ting-Lu|1/100
|move|p2a: Ting-Lu|Ruination|p1a: Gholdengo
|-damage|p1a: Gholdengo|20/100
|
|-heal|p2a: Ting-Lu|7/100|[from] item: Leftovers
|upkeep
|turn|16
|
|t:|1781161004
|move|p1a: Gholdengo|Shadow Ball|p2a: Ting-Lu
|-resisted|p2a: Ting-Lu
|-damage|p2a: Ting-Lu|0 fnt
|faint|p2a: Ting-Lu
|
|upkeep
|
|t:|1781161007
|switch|p2a: Kyurem|Kyurem|100/100
|-ability|p2a: Kyurem|Pressure
|turn|17
|
|t:|1781161021
|switch|p1a: Slowking|Slowking-Galar, M|100/100
|-damage|p1a: Slowking|88/100|[from] Stealth Rock
|move|p2a: Kyurem|Freeze-Dry|p1a: Slowking
|-damage|p1a: Slowking|67/100
|
|upkeep
|turn|18
|
|t:|1781161026
|switch|p2a: Slowking|Slowking-Galar, M|100/100
|move|p1a: Slowking|Future Sight|p2a: Slowking
|-start|p1a: Slowking|move: Future Sight
|
|upkeep
|turn|19
|
|t:|1781161032
|switch|p1a: Great Tusk|Great Tusk|100/100
|move|p2a: Slowking|Future Sight|p1a: Great Tusk
|-start|p2a: Slowking|move: Future Sight
|
|upkeep
|turn|20
|
|t:|1781161040
|move|p1a: Great Tusk|Rapid Spin|p2a: Slowking
|-damage|p2a: Slowking|86/100
|-boost|p1a: Great Tusk|spe|1
|-sideend|p1: KurisuChestnutOU|Stealth Rock|[from] move: Rapid Spin|[of] p1a: Great Tusk
|move|p2a: Slowking|Flamethrower|p1a: Great Tusk
|-damage|p1a: Great Tusk|68/100
|
|-end|p2a: Slowking|move: Future Sight
|-damage|p2a: Slowking|54/100
|upkeep
|turn|21
|
|t:|1781161048
|-end|p1a: Great Tusk|Protosynthesis|[silent]
|switch|p1a: Slowking|Slowking-Galar, M|99/100
|-prepare|p2a: Slowking|Chilly Reception|[premajor]
|move|p2a: Slowking|Chilly Reception|p2a: Slowking
|-weather|Snowscape
|
|t:|1781161054
|switch|p2a: Raging Bolt|Raging Bolt|100/100|[from] Chilly Reception
|
|-weather|Snowscape|[upkeep]
|-end|p1a: Slowking|move: Future Sight
|-damage|p1a: Slowking|83/100
|upkeep
|turn|22
|
|t:|1781161058
|move|p2a: Raging Bolt|Volt Switch|p1a: Slowking
|-damage|p1a: Slowking|65/100
|
|t:|1781161061
|-end|p2a: Raging Bolt|Protosynthesis|[silent]
|switch|p2a: Slowking|Slowking-Galar, M|87/100|[from] Volt Switch
|move|p1a: Slowking|Sludge Bomb|p2a: Slowking
|-resisted|p2a: Slowking
|-damage|p2a: Slowking|77/100
|
|-weather|Snowscape|[upkeep]
|upkeep
|turn|23
|
|t:|1781161065
|move|p1a: Slowking|Future Sight|p2a: Slowking
|-start|p1a: Slowking|move: Future Sight
|move|p2a: Slowking|Future Sight|p1a: Slowking
|-start|p2a: Slowking|move: Future Sight
|
|-weather|Snowscape|[upkeep]
|upkeep
|turn|24
|
|t:|1781161069
|move|p1a: Slowking|Psyshock|p2a: Slowking
|-damage|p2a: Slowking|52/100
|move|p2a: Slowking|Flamethrower|p1a: Slowking
|-damage|p1a: Slowking|56/100
|
|-weather|Snowscape|[upkeep]
|upkeep
|turn|25
|
|t:|1781161075
|move|p1a: Slowking|Psyshock|p2a: Slowking
|-damage|p2a: Slowking|25/100
|-prepare|p2a: Slowking|Chilly Reception|[premajor]
|move|p2a: Slowking|Chilly Reception|p2a: Slowking
|
|t:|1781161079
|switch|p2a: Corviknight|Corviknight, M|61/100|[from] Chilly Reception
|-ability|p2a: Corviknight|Pressure
|
|-weather|none
|-end|p2a: Corviknight|move: Future Sight
|-resisted|p2a: Corviknight
|-damage|p2a: Corviknight|41/100
|-end|p1a: Slowking|move: Future Sight
|-damage|p1a: Slowking|39/100
|upkeep
|turn|26
|
|t:|1781161085
|switch|p2a: Slowking|Slowking-Galar, M|59/100
|move|p1a: Slowking|Future Sight|p2a: Slowking
|-start|p1a: Slowking|move: Future Sight
|
|upkeep
|turn|27
|
|t:|1781161092
|switch|p1a: Gholdengo|Gholdengo, tera:Flying|20/100
|move|p2a: Slowking|Flamethrower|p1a: Gholdengo
|-damage|p1a: Gholdengo|0 fnt
|faint|p1a: Gholdengo
|
|upkeep
|
|t:|1781161097
|switch|p1a: Slowking|Slowking-Galar, M|72/100
|turn|28
|
|t:|1781161106
|move|p1a: Slowking|Flamethrower|p2a: Slowking
|-damage|p2a: Slowking|44/100
|-prepare|p2a: Slowking|Chilly Reception|[premajor]
|move|p2a: Slowking|Chilly Reception|p2a: Slowking
|-weather|Snowscape
|
|t:|1781161108
|switch|p2a: Corviknight|Corviknight, M|41/100|[from] Chilly Reception
|-ability|p2a: Corviknight|Pressure
|
|-weather|Snowscape|[upkeep]
|-end|p2a: Corviknight|move: Future Sight
|-resisted|p2a: Corviknight
|-damage|p2a: Corviknight|19/100
|upkeep
|turn|29
|
|t:|1781161112
|move|p2a: Corviknight|Roost|p2a: Corviknight
|-heal|p2a: Corviknight|69/100
|-singleturn|p2a: Corviknight|move: Roost
|move|p1a: Slowking|Flamethrower|p2a: Corviknight
|-supereffective|p2a: Corviknight
|-damage|p2a: Corviknight|28/100
|-status|p2a: Corviknight|brn
|
|-weather|Snowscape|[upkeep]
|-damage|p2a: Corviknight|22/100 brn|[from] brn
|upkeep
|turn|30
|
|t:|1781161117
|move|p2a: Corviknight|Roost|p2a: Corviknight
|-heal|p2a: Corviknight|72/100 brn
|-singleturn|p2a: Corviknight|move: Roost
|move|p1a: Slowking|Flamethrower|p2a: Corviknight
|-supereffective|p2a: Corviknight
|-damage|p2a: Corviknight|25/100 brn
|
|-weather|Snowscape|[upkeep]
|-damage|p2a: Corviknight|19/100 brn|[from] brn
|upkeep
|turn|31
|
|t:|1781161125
|switch|p2a: Slowking|Slowking-Galar, M|77/100
|move|p1a: Slowking|Future Sight|p2a: Slowking
|-start|p1a: Slowking|move: Future Sight
|
|-weather|Snowscape|[upkeep]
|upkeep
|turn|32
|
|t:|1781161129
|move|p1a: Slowking|Psyshock|p2a: Slowking
|-damage|p2a: Slowking|49/100
|move|p2a: Slowking|Future Sight|p1a: Slowking
|-start|p2a: Slowking|move: Future Sight
|
|-weather|none
|upkeep
|turn|33
|
|t:|1781161134
|switch|p1a: Dondozo|Dondozo, M|100/100
|-prepare|p2a: Slowking|Chilly Reception|[premajor]
|move|p2a: Slowking|Chilly Reception|p2a: Slowking
|-weather|Snowscape
|
|t:|1781161138
|switch|p2a: Raging Bolt|Raging Bolt|100/100|[from] Chilly Reception
|
|-weather|Snowscape|[upkeep]
|-end|p2a: Raging Bolt|move: Future Sight
|-damage|p2a: Raging Bolt|76/100
|upkeep
|turn|34
|
|t:|1781161144
|switch|p1a: Slowking|Slowking-Galar, M|100/100
|move|p2a: Raging Bolt|Draco Meteor|p1a: Slowking
|-damage|p1a: Slowking|72/100
|-unboost|p2a: Raging Bolt|spa|2
|
|-weather|Snowscape|[upkeep]
|-end|p1a: Slowking|move: Future Sight
|-damage|p1a: Slowking|54/100
|upkeep
|turn|35
|
|t:|1781161149
|move|p2a: Raging Bolt|Volt Switch|p1a: Slowking
|-damage|p1a: Slowking|46/100
|
|t:|1781161152
|-end|p2a: Raging Bolt|Protosynthesis|[silent]
|switch|p2a: Kyurem|Kyurem|100/100|[from] Volt Switch
|-ability|p2a: Kyurem|Pressure
|move|p1a: Slowking|Future Sight|p2a: Kyurem
|-start|p1a: Slowking|move: Future Sight
|
|-weather|Snowscape|[upkeep]
|upkeep
|turn|36
|
|t:|1781161161
|-terastallize|p2a: Kyurem|Ice
|move|p2a: Kyurem|Freeze-Dry|p1a: Slowking
|-damage|p1a: Slowking|16/100
|move|p1a: Slowking|Sludge Bomb|p2a: Kyurem
|-damage|p2a: Kyurem|68/100
|
|-weather|Snowscape|[upkeep]
|upkeep
|turn|37
|
|t:|1781161166
|switch|p1a: Great Tusk|Great Tusk|68/100
|move|p2a: Kyurem|Freeze-Dry|p1a: Great Tusk
|-supereffective|p1a: Great Tusk
|-damage|p1a: Great Tusk|0 fnt
|faint|p1a: Great Tusk
|-end|p1a: Great Tusk|Protosynthesis|[silent]
|
|-weather|none
|-end|p2a: Kyurem|move: Future Sight
|-damage|p2a: Kyurem|26/100
|upkeep
|
|t:|1781161170
|switch|p1a: Slowking|Slowking-Galar, M|49/100
|turn|38
|
|t:|1781161174
|switch|p2a: Slowking|Slowking-Galar, M|82/100
|move|p1a: Slowking|Psyshock|p2a: Slowking
|-damage|p2a: Slowking|56/100
|
|upkeep
|turn|39
|
|t:|1781161178
|move|p1a: Slowking|Psyshock|p2a: Slowking
|-damage|p2a: Slowking|30/100
|-prepare|p2a: Slowking|Chilly Reception|[premajor]
|move|p2a: Slowking|Chilly Reception|p2a: Slowking
|-weather|Snowscape
|
|t:|1781161180
|switch|p2a: Kyurem|Kyurem, tera:Ice|26/100|[from] Chilly Reception
|-ability|p2a: Kyurem|Pressure
|
|-weather|Snowscape|[upkeep]
|upkeep
|turn|40
|
|t:|1781161183
|move|p2a: Kyurem|Blizzard|p1a: Slowking
|-damage|p1a: Slowking|2/100
|move|p1a: Slowking|Flamethrower|p2a: Kyurem
|-supereffective|p2a: Kyurem
|-damage|p2a: Kyurem|0 fnt
|faint|p2a: Kyurem
|
|-weather|Snowscape|[upkeep]
|upkeep
|
|t:|1781161189
|switch|p2a: Raging Bolt|Raging Bolt|76/100
|turn|41
|
|t:|1781161193
|switch|p1a: Dondozo|Dondozo, M|100/100
|move|p2a: Raging Bolt|Draco Meteor|p1a: Dondozo
|-damage|p1a: Dondozo|29/100
|-unboost|p2a: Raging Bolt|spa|2
|
|-weather|Snowscape|[upkeep]
|-heal|p1a: Dondozo|35/100|[from] item: Leftovers
|upkeep
|turn|42
|
|t:|1781161201
|-end|p2a: Raging Bolt|Protosynthesis|[silent]
|switch|p2a: Hatterene|Hatterene, F|89/100
|switch|p1a: Slowking|Slowking-Galar, M|35/100
|
|-weather|Snowscape|[upkeep]
|upkeep
|turn|43
|
|t:|1781161205
|move|p1a: Slowking|Psyshock|p2a: Hatterene
|-resisted|p2a: Hatterene
|-damage|p2a: Hatterene|75/100
|move|p2a: Hatterene|Psyshock|p1a: Slowking
|-damage|p1a: Slowking|0 fnt
|faint|p1a: Slowking
|
|-weather|none
|upkeep
|
|t:|1781161211
|switch|p1a: Gliscor|Gliscor, F|97/100 tox
|turn|44
|
|t:|1781161217
|move|p1a: Gliscor|Earthquake|p2a: Hatterene
|-damage|p2a: Hatterene|40/100
|move|p2a: Hatterene|Pain Split|p1a: Gliscor
|-sethp|p1a: Gliscor|65/100 tox|[from] move: Pain Split|[silent]
|-sethp|p2a: Hatterene|80/100|[from] move: Pain Split
|
|-heal|p1a: Gliscor|77/100 tox|[from] ability: Poison Heal
|upkeep
|turn|45
|
|t:|1781161223
|move|p1a: Gliscor|Protect|p1a: Gliscor
|-singleturn|p1a: Gliscor|Protect
|move|p2a: Hatterene|Pain Split|p1a: Gliscor
|-activate|p1a: Gliscor|move: Protect
|
|-heal|p1a: Gliscor|90/100 tox|[from] ability: Poison Heal
|upkeep
|turn|46
|
|t:|1781161225
|move|p1a: Gliscor|Earthquake|p2a: Hatterene
|-damage|p2a: Hatterene|47/100
|move|p2a: Hatterene|Pain Split|p1a: Gliscor
|-sethp|p1a: Gliscor|64/100 tox|[from] move: Pain Split|[silent]
|-sethp|p2a: Hatterene|78/100|[from] move: Pain Split
|
|-heal|p1a: Gliscor|76/100 tox|[from] ability: Poison Heal
|upkeep
|turn|47
|
|t:|1781161231
|move|p1a: Gliscor|Earthquake|p2a: Hatterene
|-damage|p2a: Hatterene|46/100
|move|p2a: Hatterene|Pain Split|p1a: Gliscor
|-sethp|p1a: Gliscor|57/100 tox|[from] move: Pain Split|[silent]
|-sethp|p2a: Hatterene|70/100|[from] move: Pain Split
|
|-heal|p1a: Gliscor|69/100 tox|[from] ability: Poison Heal
|upkeep
|turn|48
|
|t:|1781161236
|move|p1a: Gliscor|Earthquake|p2a: Hatterene
|-damage|p2a: Hatterene|37/100
|move|p2a: Hatterene|Pain Split|p1a: Gliscor
|-sethp|p1a: Gliscor|50/100 tox|[from] move: Pain Split|[silent]
|-sethp|p2a: Hatterene|61/100|[from] move: Pain Split
|
|-heal|p1a: Gliscor|62/100 tox|[from] ability: Poison Heal
|upkeep
|turn|49
|
|t:|1781161240
|move|p1a: Gliscor|Earthquake|p2a: Hatterene
|-damage|p2a: Hatterene|31/100
|move|p2a: Hatterene|Pain Split|p1a: Gliscor
|-sethp|p1a: Gliscor|43/100 tox|[from] move: Pain Split|[silent]
|-sethp|p2a: Hatterene|53/100|[from] move: Pain Split
|
|-heal|p1a: Gliscor|56/100 tox|[from] ability: Poison Heal
|upkeep
|turn|50
|
|t:|1781161246
|move|p1a: Gliscor|Protect|p1a: Gliscor
|-singleturn|p1a: Gliscor|Protect
|move|p2a: Hatterene|Pain Split|p1a: Gliscor
|-activate|p1a: Gliscor|move: Protect
|
|-heal|p1a: Gliscor|68/100 tox|[from] ability: Poison Heal
|upkeep
|turn|51
|
|t:|1781161251
|move|p1a: Gliscor|Earthquake|p2a: Hatterene
|-damage|p2a: Hatterene|20/100
|move|p2a: Hatterene|Pain Split|p1a: Gliscor
|-sethp|p1a: Gliscor|43/100 tox|[from] move: Pain Split|[silent]
|-sethp|p2a: Hatterene|52/100|[from] move: Pain Split
|
|-heal|p1a: Gliscor|55/100 tox|[from] ability: Poison Heal
|upkeep
|turn|52
|
|t:|1781161257
|move|p1a: Gliscor|Earthquake|p2a: Hatterene
|-damage|p2a: Hatterene|21/100
|move|p2a: Hatterene|Pain Split|p1a: Gliscor
|-sethp|p1a: Gliscor|36/100 tox|[from] move: Pain Split|[silent]
|-sethp|p2a: Hatterene|45/100|[from] move: Pain Split
|
|-heal|p1a: Gliscor|49/100 tox|[from] ability: Poison Heal
|upkeep
|turn|53
|
|t:|1781161262
|move|p1a: Gliscor|Protect|p1a: Gliscor
|-singleturn|p1a: Gliscor|Protect
|move|p2a: Hatterene|Pain Split|p1a: Gliscor
|-activate|p1a: Gliscor|move: Protect
|
|-heal|p1a: Gliscor|61/100 tox|[from] ability: Poison Heal
|upkeep
|turn|54
|
|t:|1781161268
|move|p1a: Gliscor|Earthquake|p2a: Hatterene
|-damage|p2a: Hatterene|11/100
|move|p2a: Hatterene|Pain Split|p1a: Gliscor
|-sethp|p1a: Gliscor|35/100 tox|[from] move: Pain Split|[silent]
|-sethp|p2a: Hatterene|43/100|[from] move: Pain Split
|
|-heal|p1a: Gliscor|47/100 tox|[from] ability: Poison Heal
|upkeep
|turn|55
|
|t:|1781161275
|move|p1a: Gliscor|Protect|p1a: Gliscor
|-singleturn|p1a: Gliscor|Protect
|move|p2a: Hatterene|Pain Split|p1a: Gliscor
|-activate|p1a: Gliscor|move: Protect
|
|-heal|p1a: Gliscor|60/100 tox|[from] ability: Poison Heal
|upkeep
|turn|56
|
|t:|1781161282
|move|p1a: Gliscor|Earthquake|p2a: Hatterene
|-damage|p2a: Hatterene|10/100
|move|p2a: Hatterene|Pain Split|p1a: Gliscor
|-sethp|p1a: Gliscor|34/100 tox|[from] move: Pain Split|[silent]
|-sethp|p2a: Hatterene|42/100|[from] move: Pain Split
|
|-heal|p1a: Gliscor|47/100 tox|[from] ability: Poison Heal
|upkeep
|turn|57
|
|t:|1781161288
|move|p1a: Gliscor|Protect|p1a: Gliscor
|-singleturn|p1a: Gliscor|Protect
|move|p2a: Hatterene|Pain Split|p1a: Gliscor
|-activate|p1a: Gliscor|move: Protect
|
|-heal|p1a: Gliscor|59/100 tox|[from] ability: Poison Heal
|upkeep
|turn|58
|
|t:|1781161294
|move|p1a: Gliscor|Earthquake|p2a: Hatterene
|-damage|p2a: Hatterene|8/100
|move|p2a: Hatterene|Pain Split|p1a: Gliscor
|-sethp|p1a: Gliscor|33/100 tox|[from] move: Pain Split|[silent]
|-sethp|p2a: Hatterene|40/100|[from] move: Pain Split
|
|-heal|p1a: Gliscor|45/100 tox|[from] ability: Poison Heal
|upkeep
|turn|59
|
|t:|1781161302
|move|p1a: Gliscor|Protect|p1a: Gliscor
|-singleturn|p1a: Gliscor|Protect
|move|p2a: Hatterene|Pain Split|p1a: Gliscor
|-activate|p1a: Gliscor|move: Protect
|
|-heal|p1a: Gliscor|58/100 tox|[from] ability: Poison Heal
|upkeep
|turn|60
|
|t:|1781161307
|move|p1a: Gliscor|Protect||[still]
|-fail|p1a: Gliscor
|move|p2a: Hatterene|Pain Split|p1a: Gliscor
|-sethp|p1a: Gliscor|45/100 tox|[from] move: Pain Split|[silent]
|-sethp|p2a: Hatterene|56/100|[from] move: Pain Split
|
|-heal|p1a: Gliscor|58/100 tox|[from] ability: Poison Heal
|upkeep
|turn|61
|
|t:|1781161311
|move|p1a: Gliscor|Earthquake|p2a: Hatterene
|-damage|p2a: Hatterene|24/100
|move|p2a: Hatterene|Pain Split|p1a: Gliscor
|-sethp|p1a: Gliscor|39/100 tox|[from] move: Pain Split|[silent]
|-sethp|p2a: Hatterene|48/100|[from] move: Pain Split
|
|-heal|p1a: Gliscor|51/100 tox|[from] ability: Poison Heal
|upkeep
|turn|62
|
|t:|1781161317
|move|p1a: Gliscor|Protect|p1a: Gliscor
|-singleturn|p1a: Gliscor|Protect
|move|p2a: Hatterene|Pain Split|p1a: Gliscor
|-activate|p1a: Gliscor|move: Protect
|
|-heal|p1a: Gliscor|64/100 tox|[from] ability: Poison Heal
|upkeep
|turn|63
|
|t:|1781161320
|move|p1a: Gliscor|Earthquake|p2a: Hatterene
|-damage|p2a: Hatterene|13/100
|move|p2a: Hatterene|Pain Split|p1a: Gliscor
|-sethp|p1a: Gliscor|37/100 tox|[from] move: Pain Split|[silent]
|-sethp|p2a: Hatterene|46/100|[from] move: Pain Split
|
|-heal|p1a: Gliscor|50/100 tox|[from] ability: Poison Heal
|upkeep
|turn|64
|
|t:|1781161330
|move|p1a: Gliscor|Protect|p1a: Gliscor
|-singleturn|p1a: Gliscor|Protect
|move|p2a: Hatterene|Pain Split|p1a: Gliscor
|-activate|p1a: Gliscor|move: Protect
|
|-heal|p1a: Gliscor|62/100 tox|[from] ability: Poison Heal
|upkeep
|turn|65
|
|t:|1781161334
|move|p1a: Gliscor|Earthquake|p2a: Hatterene
|-damage|p2a: Hatterene|15/100
|move|p2a: Hatterene|Pain Split|p1a: Gliscor
|-sethp|p1a: Gliscor|37/100 tox|[from] move: Pain Split|[silent]
|-sethp|p2a: Hatterene|46/100|[from] move: Pain Split
|
|-heal|p1a: Gliscor|50/100 tox|[from] ability: Poison Heal
|upkeep
|turn|66
|
|t:|1781161338
|move|p1a: Gliscor|Protect|p1a: Gliscor
|-singleturn|p1a: Gliscor|Protect
|move|p2a: Hatterene|Pain Split|p1a: Gliscor
|-activate|p1a: Gliscor|move: Protect
|
|-heal|p1a: Gliscor|62/100 tox|[from] ability: Poison Heal
|upkeep
|turn|67
|
|t:|1781161342
|switch|p2a: Corviknight|Corviknight, M|19/100 brn
|-ability|p2a: Corviknight|Pressure
|move|p1a: Gliscor|Earthquake|p2a: Corviknight
|-immune|p2a: Corviknight
|
|-heal|p1a: Gliscor|75/100 tox|[from] ability: Poison Heal
|-damage|p2a: Corviknight|13/100 brn|[from] brn
|upkeep
|turn|68
|
|t:|1781161354
|switch|p2a: Hatterene|Hatterene, F|46/100
|move|p1a: Gliscor|Spikes|p2a: Hatterene
|move|p2a: Hatterene|Spikes|p1a: Gliscor|[from] ability: Magic Bounce
|-sidestart|p1: KurisuChestnutOU|Spikes
|
|-heal|p1a: Gliscor|87/100 tox|[from] ability: Poison Heal
|upkeep
|turn|69
|inactive|KurisuChestnutOU has 120 seconds left.
|j| caffineoverdosed
|inactive|KurisuChestnutOU has 90 seconds left.
|l| caffineoverdosed
|inactive|KurisuChestnutOU has 60 seconds left.
|inactive|KurisuChestnutOU has 30 seconds left.
|inactive|KurisuChestnutOU has 20 seconds left.
|inactive|KurisuChestnutOU has 15 seconds left.
|inactive|KurisuChestnutOU has 10 seconds left.
|inactive|KurisuChestnutOU has 5 seconds left.
|-message|KurisuChestnutOU lost due to inactivity.
|
|win|LT_Alt1
|raw|KurisuChestnutOU's rating: 1557 &rarr; <strong>1547</strong><br />(-10 for losing)
|raw|LT_Alt1's rating: 1743 &rarr; <strong>1753</strong><br />(+10 for winning)
