|j|☆The median voter
|j|☆KurisuChestnutLab
|t:|1781112064
|gametype|singles
|player|p1|The median voter|scientist-gen4dp|1576
|player|p2|KurisuChestnutLab|may-contest|1603
|gen|9
|tier|[Gen 9] OU
|rated|
|rule|HP Percentage Mod: HP is shown in percentages
|rule|Endless Battle Clause: Forcing endless battles is banned
|rule|Species Clause: Limit one of each Pokémon
|rule|OHKO Clause: OHKO moves are banned
|rule|Evasion Items Clause: Evasion items are banned
|rule|Evasion Moves Clause: Evasion moves are banned
|rule|Evasion Abilities Clause: Evasion abilities are banned
|rule|Sleep Moves Clause: Sleep-inducing moves are banned
|clearpoke
|poke|p1|Zapdos|
|poke|p1|Great Tusk|
|poke|p1|Hoopa-Unbound|
|poke|p1|Alomomola, M|
|poke|p1|Scizor, M|
|poke|p1|Iron Valiant|
|poke|p2|Primarina, F|
|poke|p2|Hippowdon, F|
|poke|p2|Skarmory, F|
|poke|p2|Zapdos|
|poke|p2|Dragonite, M|
|poke|p2|Slowking, M|
|teampreview
|inactive|Battle timer is ON: inactive players will automatically lose when time's up. (requested by KurisuChestnutLab)
|
|t:|1781112077
|teamsize|p1|6
|teamsize|p2|6
|start
|switch|p1a: Preacher|Zapdos|100/100
|switch|p2a: Primarina|Primarina, F|100/100
|turn|1
|
|t:|1781112081
|move|p1a: Preacher|Discharge|p2a: Primarina
|-supereffective|p2a: Primarina
|-damage|p2a: Primarina|60/100
|-status|p2a: Primarina|par
|move|p2a: Primarina|Surf|p1a: Preacher
|-damage|p1a: Preacher|53/100
|
|upkeep
|turn|2
|l|☆The median voter
|inactive|The median voter disconnected and has a minute to reconnect!
|player|p1|
|j|☆The median voter
|inactive|The median voter reconnected and has 140 seconds left.
|player|p1|The median voter|scientist-gen4dp|
|
|t:|1781112095
|move|p1a: Preacher|U-turn|p2a: Primarina
|-resisted|p2a: Primarina
|-damage|p2a: Primarina|52/100 par
|
|t:|1781112117
|switch|p1a: Holy Envoy|Alomomola, M|100/100|[from] U-turn
|move|p2a: Primarina|Moonblast|p1a: Holy Envoy
|-damage|p1a: Holy Envoy|75/100
|
|upkeep
|turn|3
|
|t:|1781112122
|move|p1a: Holy Envoy|Flip Turn|p2a: Primarina
|-resisted|p2a: Primarina
|-damage|p2a: Primarina|43/100 par
|
|t:|1781112126
|switch|p1a: Experiment|Scizor, M|100/100|[from] Flip Turn
|move|p2a: Primarina|Moonblast|p1a: Experiment
|-resisted|p1a: Experiment
|-damage|p1a: Experiment|70/100
|
|upkeep
|turn|4
|
|t:|1781112132
|switch|p2a: Hippowdon|Hippowdon, F|100/100
|-weather|Sandstorm|[from] ability: Sand Stream|[of] p2a: Hippowdon
|move|p1a: Experiment|Bullet Punch|p2a: Hippowdon
|-damage|p2a: Hippowdon|74/100
|
|-weather|Sandstorm|[upkeep]
|-heal|p2a: Hippowdon|80/100|[from] item: Leftovers
|upkeep
|turn|5
|
|t:|1781112143
|switch|p1a: Holy Envoy|Alomomola, M|100/100
|move|p2a: Hippowdon|Earthquake|p1a: Holy Envoy
|-damage|p1a: Holy Envoy|74/100
|
|-weather|Sandstorm|[upkeep]
|-damage|p1a: Holy Envoy|68/100|[from] Sandstorm
|-heal|p2a: Hippowdon|86/100|[from] item: Leftovers
|upkeep
|turn|6
|
|t:|1781112149
|move|p2a: Hippowdon|Stealth Rock|p1a: Holy Envoy
|-sidestart|p1: The median voter|move: Stealth Rock
|move|p1a: Holy Envoy|Scald|p2a: Hippowdon
|-supereffective|p2a: Hippowdon
|-damage|p2a: Hippowdon|59/100
|
|-weather|Sandstorm|[upkeep]
|-damage|p1a: Holy Envoy|62/100|[from] Sandstorm
|-heal|p2a: Hippowdon|65/100|[from] item: Leftovers
|upkeep
|turn|7
|
|t:|1781112154
|move|p2a: Hippowdon|Slack Off|p2a: Hippowdon
|-heal|p2a: Hippowdon|100/100
|move|p1a: Holy Envoy|Flip Turn|p2a: Hippowdon
|-supereffective|p2a: Hippowdon
|-crit|p2a: Hippowdon
|-damage|p2a: Hippowdon|74/100
|
|t:|1781112157
|switch|p1a: The End of All|Hoopa-Unbound|100/100|[from] Flip Turn
|-damage|p1a: The End of All|88/100|[from] Stealth Rock
|
|-weather|Sandstorm|[upkeep]
|-damage|p1a: The End of All|82/100|[from] Sandstorm
|-heal|p2a: Hippowdon|80/100|[from] item: Leftovers
|upkeep
|turn|8
|
|t:|1781112161
|move|p1a: The End of All|Psychic Noise|p2a: Hippowdon
|-damage|p2a: Hippowdon|30/100
|-start|p2a: Hippowdon|move: Heal Block
|move|p2a: Hippowdon|Earthquake|p1a: The End of All
|-damage|p1a: The End of All|28/100
|
|-weather|none
|upkeep
|turn|9
|
|t:|1781112169
|move|p1a: The End of All|Psychic Noise|p2a: Hippowdon
|-damage|p2a: Hippowdon|0 fnt
|faint|p2a: Hippowdon
|
|upkeep
|
|t:|1781112173
|switch|p2a: Zapdos|Zapdos|100/100
|turn|10
|
|t:|1781112179
|move|p2a: Zapdos|Hurricane|p1a: The End of All
|-damage|p1a: The End of All|3/100
|move|p1a: The End of All|Hyperspace Fury|p2a: Zapdos
|-damage|p2a: Zapdos|63/100
|-unboost|p1a: The End of All|def|1
|
|upkeep
|turn|11
|
|t:|1781112185
|move|p2a: Zapdos|Volt Switch|p1a: The End of All
|-damage|p1a: The End of All|0 fnt
|faint|p1a: The End of All
|
|t:|1781112188
|switch|p2a: Primarina|Primarina, F|43/100 par|[from] Volt Switch
|
|upkeep
|
|t:|1781112206
|switch|p1a: Preacher|Zapdos|53/100
|turn|12
|
|t:|1781112213
|move|p1a: Preacher|Discharge|p2a: Primarina
|-supereffective|p2a: Primarina
|-damage|p2a: Primarina|7/100 par
|move|p2a: Primarina|Moonblast|p1a: Preacher
|-damage|p1a: Preacher|0 fnt
|faint|p1a: Preacher
|
|upkeep
|
|t:|1781112223
|switch|p1a: Templar|Great Tusk|100/100
|turn|13
|
|t:|1781112227
|switch|p2a: Slowking|Slowking, M|100/100
|move|p1a: Templar|Rapid Spin|p2a: Slowking
|-damage|p2a: Slowking|83/100
|-boost|p1a: Templar|spe|1
|-sideend|p1: The median voter|Stealth Rock|[from] move: Rapid Spin|[of] p1a: Templar
|
|upkeep
|turn|14
|
|t:|1781112238
|move|p1a: Templar|Stealth Rock|p2a: Slowking
|-sidestart|p2: KurisuChestnutLab|move: Stealth Rock
|move|p2a: Slowking|Scald|p1a: Templar
|-supereffective|p1a: Templar
|-crit|p1a: Templar
|-damage|p1a: Templar|0 fnt
|faint|p1a: Templar
|-end|p1a: Templar|Protosynthesis|[silent]
|
|upkeep
|
|t:|1781112247
|switch|p1a: Acolyte|Iron Valiant|100/100
|-enditem|p1a: Acolyte|Booster Energy
|-activate|p1a: Acolyte|ability: Quark Drive|[fromitem]
|-start|p1a: Acolyte|quarkdrivespe
|turn|15
|
|t:|1781112251
|switch|p2a: Primarina|Primarina, F|7/100 par
|-damage|p2a: Primarina|0 fnt|[from] Stealth Rock
|faint|p2a: Primarina
|move|p1a: Acolyte|Calm Mind|p1a: Acolyte
|-boost|p1a: Acolyte|spa|1
|-boost|p1a: Acolyte|spd|1
|
|upkeep
|
|t:|1781112256
|switch|p2a: Slowking|Slowking, M|100/100
|turn|16
|
|t:|1781112261
|-terastallize|p2a: Slowking|Fairy
|move|p1a: Acolyte|Shadow Ball|p2a: Slowking
|-damage|p2a: Slowking|75/100
|move|p2a: Slowking|Future Sight|p1a: Acolyte
|-start|p2a: Slowking|move: Future Sight
|
|upkeep
|turn|17
|
|t:|1781112270
|move|p1a: Acolyte|Encore|p2a: Slowking
|-start|p2a: Slowking|Encore
|move|p2a: Slowking|Future Sight||[still]
|-fail|p2a: Slowking
|
|upkeep
|turn|18
|
|t:|1781112273
|-terastallize|p1a: Acolyte|Ghost
|move|p1a: Acolyte|Calm Mind|p1a: Acolyte
|-boost|p1a: Acolyte|spa|1
|-boost|p1a: Acolyte|spd|1
|move|p2a: Slowking|Future Sight||[still]
|-fail|p2a: Slowking
|
|-end|p1a: Acolyte|move: Future Sight
|-damage|p1a: Acolyte|61/100
|upkeep
|turn|19
|
|t:|1781112280
|move|p1a: Acolyte|Shadow Ball|p2a: Slowking
|-damage|p2a: Slowking|29/100
|move|p2a: Slowking|Future Sight|p1a: Acolyte
|-start|p2a: Slowking|move: Future Sight
|
|-end|p2a: Slowking|Encore
|upkeep
|turn|20
|
|t:|1781112285
|switch|p2a: Zapdos|Zapdos|63/100
|move|p1a: Acolyte|Moonblast|p2a: Zapdos
|-damage|p2a: Zapdos|0 fnt
|faint|p2a: Zapdos
|
|upkeep
|
|t:|1781112288
|switch|p2a: Slowking|Slowking, M, tera:Fairy|63/100
|turn|21
|
|t:|1781112291
|move|p1a: Acolyte|Shadow Ball|p2a: Slowking
|-damage|p2a: Slowking|15/100
|move|p2a: Slowking|Slack Off|p2a: Slowking
|-heal|p2a: Slowking|65/100
|
|-end|p1a: Acolyte|move: Future Sight
|-damage|p1a: Acolyte|24/100
|upkeep
|turn|22
|
|t:|1781112294
|switch|p2a: Dragonite|Dragonite, M|100/100
|move|p1a: Acolyte|Shadow Ball|p2a: Dragonite
|-damage|p2a: Dragonite|58/100
|
|upkeep
|turn|23
|
|t:|1781112299
|move|p1a: Acolyte|Moonblast|p2a: Dragonite
|-supereffective|p2a: Dragonite
|-damage|p2a: Dragonite|0 fnt
|faint|p2a: Dragonite
|
|upkeep
|
|t:|1781112306
|switch|p2a: Slowking|Slowking, M, tera:Fairy|98/100
|turn|24
|
|t:|1781112309
|-end|p1a: Acolyte|Quark Drive|[silent]
|switch|p1a: Experiment|Scizor, M|70/100
|move|p2a: Slowking|Scald|p1a: Experiment
|-damage|p1a: Experiment|38/100
|-status|p1a: Experiment|brn
|
|-damage|p1a: Experiment|32/100 brn|[from] brn
|upkeep
|turn|25
|
|t:|1781112313
|switch|p2a: Skarmory|Skarmory, F|100/100
|-damage|p2a: Skarmory|88/100|[from] Stealth Rock
|move|p1a: Experiment|Knock Off|p2a: Skarmory
|-damage|p2a: Skarmory|73/100
|-enditem|p2a: Skarmory|Leftovers|[from] move: Knock Off|[of] p1a: Experiment
|
|-damage|p1a: Experiment|26/100 brn|[from] brn
|upkeep
|turn|26
|
|t:|1781112317
|switch|p1a: Holy Envoy|Alomomola, M|95/100
|move|p2a: Skarmory|Spikes|p1a: Holy Envoy
|-sidestart|p1: The median voter|Spikes
|
|upkeep
|turn|27
|
|t:|1781112321
|move|p2a: Skarmory|Spikes|p1a: Holy Envoy
|-sidestart|p1: The median voter|Spikes
|move|p1a: Holy Envoy|Scald|p2a: Skarmory
|-damage|p2a: Skarmory|56/100
|-status|p2a: Skarmory|brn
|
|-damage|p2a: Skarmory|50/100 brn|[from] brn
|upkeep
|turn|28
|
|t:|1781112327
|move|p2a: Skarmory|Spikes|p1a: Holy Envoy
|-sidestart|p1: The median voter|Spikes
|move|p1a: Holy Envoy|Scald|p2a: Skarmory
|-damage|p2a: Skarmory|30/100 brn
|
|-damage|p2a: Skarmory|24/100 brn|[from] brn
|upkeep
|turn|29
|
|t:|1781112334
|move|p2a: Skarmory|Roost|p2a: Skarmory
|-heal|p2a: Skarmory|74/100 brn
|-singleturn|p2a: Skarmory|move: Roost
|move|p1a: Holy Envoy|Scald|p2a: Skarmory
|-damage|p2a: Skarmory|56/100 brn
|
|-damage|p2a: Skarmory|50/100 brn|[from] brn
|upkeep
|turn|30
|
|t:|1781112339
|move|p2a: Skarmory|Body Press|p1a: Holy Envoy
|-damage|p1a: Holy Envoy|84/100
|move|p1a: Holy Envoy|Scald|p2a: Skarmory
|-damage|p2a: Skarmory|32/100 brn
|
|-damage|p2a: Skarmory|26/100 brn|[from] brn
|upkeep
|turn|31
|
|t:|1781112346
|move|p2a: Skarmory|Roost|p2a: Skarmory
|-heal|p2a: Skarmory|76/100 brn
|-singleturn|p2a: Skarmory|move: Roost
|move|p1a: Holy Envoy|Scald|p2a: Skarmory
|-damage|p2a: Skarmory|58/100 brn
|
|-damage|p2a: Skarmory|52/100 brn|[from] brn
|upkeep
|turn|32
|
|t:|1781112349
|move|p2a: Skarmory|Roost|p2a: Skarmory
|-heal|p2a: Skarmory|100/100 brn
|-singleturn|p2a: Skarmory|move: Roost
|move|p1a: Holy Envoy|Scald|p2a: Skarmory
|-damage|p2a: Skarmory|80/100 brn
|
|-damage|p2a: Skarmory|74/100 brn|[from] brn
|upkeep
|turn|33
|
|t:|1781112354
|move|p2a: Skarmory|Body Press|p1a: Holy Envoy
|-damage|p1a: Holy Envoy|70/100
|move|p1a: Holy Envoy|Scald|p2a: Skarmory
|-damage|p2a: Skarmory|54/100 brn
|
|-damage|p2a: Skarmory|48/100 brn|[from] brn
|upkeep
|turn|34
|
|t:|1781112361
|move|p2a: Skarmory|Roost|p2a: Skarmory
|-heal|p2a: Skarmory|98/100 brn
|-singleturn|p2a: Skarmory|move: Roost
|move|p1a: Holy Envoy|Scald|p2a: Skarmory
|-damage|p2a: Skarmory|79/100 brn
|
|-damage|p2a: Skarmory|73/100 brn|[from] brn
|upkeep
|turn|35
|
|t:|1781112364
|move|p2a: Skarmory|Body Press|p1a: Holy Envoy
|-damage|p1a: Holy Envoy|57/100
|move|p1a: Holy Envoy|Scald|p2a: Skarmory
|-damage|p2a: Skarmory|55/100 brn
|
|-damage|p2a: Skarmory|49/100 brn|[from] brn
|upkeep
|turn|36
|
|t:|1781112370
|move|p2a: Skarmory|Roost|p2a: Skarmory
|-heal|p2a: Skarmory|99/100 brn
|-singleturn|p2a: Skarmory|move: Roost
|move|p1a: Holy Envoy|Scald|p2a: Skarmory
|-damage|p2a: Skarmory|80/100 brn
|
|-damage|p2a: Skarmory|74/100 brn|[from] brn
|upkeep
|turn|37
|
|t:|1781112374
|move|p2a: Skarmory|Body Press|p1a: Holy Envoy
|-damage|p1a: Holy Envoy|46/100
|move|p1a: Holy Envoy|Scald|p2a: Skarmory
|-damage|p2a: Skarmory|57/100 brn
|
|-damage|p2a: Skarmory|51/100 brn|[from] brn
|upkeep
|turn|38
|
|t:|1781112383
|move|p2a: Skarmory|Roost|p2a: Skarmory
|-heal|p2a: Skarmory|100/100 brn
|-singleturn|p2a: Skarmory|move: Roost
|move|p1a: Holy Envoy|Scald|p2a: Skarmory
|-damage|p2a: Skarmory|83/100 brn
|
|-damage|p2a: Skarmory|77/100 brn|[from] brn
|upkeep
|turn|39
|
|t:|1781112393
|move|p2a: Skarmory|Body Press|p1a: Holy Envoy
|-damage|p1a: Holy Envoy|33/100
|move|p1a: Holy Envoy|Flip Turn|p2a: Skarmory
|-damage|p2a: Skarmory|68/100 brn
|
|t:|1781112396
|switch|p1a: Experiment|Scizor, M|26/100 brn|[from] Flip Turn
|-damage|p1a: Experiment|1/100 brn|[from] Spikes
|
|-damage|p2a: Skarmory|62/100 brn|[from] brn
|-damage|p1a: Experiment|0 fnt|[from] brn
|faint|p1a: Experiment
|upkeep
|
|t:|1781112397
|switch|p1a: Holy Envoy|Alomomola, M|67/100
|-damage|p1a: Holy Envoy|42/100|[from] Spikes
|turn|40
|
|t:|1781112401
|move|p2a: Skarmory|Body Press|p1a: Holy Envoy
|-damage|p1a: Holy Envoy|31/100
|move|p1a: Holy Envoy|Scald|p2a: Skarmory
|-damage|p2a: Skarmory|44/100 brn
|
|-damage|p2a: Skarmory|38/100 brn|[from] brn
|upkeep
|turn|41
|
|t:|1781112404
|move|p2a: Skarmory|Body Press|p1a: Holy Envoy
|-damage|p1a: Holy Envoy|18/100
|move|p1a: Holy Envoy|Scald|p2a: Skarmory
|-damage|p2a: Skarmory|18/100 brn
|
|-damage|p2a: Skarmory|12/100 brn|[from] brn
|upkeep
|turn|42
|
|t:|1781112409
|move|p2a: Skarmory|Body Press|p1a: Holy Envoy
|-damage|p1a: Holy Envoy|7/100
|move|p1a: Holy Envoy|Flip Turn|p2a: Skarmory
|-damage|p2a: Skarmory|2/100 brn
|
|t:|1781112412
|switch|p1a: Acolyte|Iron Valiant, tera:Ghost|24/100|[from] Flip Turn
|-damage|p1a: Acolyte|0 fnt|[from] Spikes
|faint|p1a: Acolyte
|-end|p1a: Acolyte|Quark Drive|[silent]
|
|-damage|p2a: Skarmory|0 fnt|[from] brn
|faint|p2a: Skarmory
|upkeep
|
|t:|1781112415
|switch|p1a: Holy Envoy|Alomomola, M|40/100
|switch|p2a: Slowking|Slowking, M, tera:Fairy|100/100
|-damage|p1a: Holy Envoy|15/100|[from] Spikes
|turn|43
|
|t:|1781112421
|move|p1a: Holy Envoy|Scald|p2a: Slowking
|-damage|p2a: Slowking|93/100
|-status|p2a: Slowking|brn
|move|p2a: Slowking|Future Sight|p1a: Holy Envoy
|-start|p2a: Slowking|move: Future Sight
|
|-damage|p2a: Slowking|87/100 brn|[from] brn
|upkeep
|turn|44
|
|t:|1781112425
|move|p2a: Slowking|Scald|p1a: Holy Envoy
|-resisted|p1a: Holy Envoy
|-damage|p1a: Holy Envoy|8/100
|move|p1a: Holy Envoy|Mirror Coat|p2a: Slowking
|-damage|p2a: Slowking|67/100 brn
|
|-damage|p2a: Slowking|61/100 brn|[from] brn
|upkeep
|turn|45
|
|t:|1781112432
|move|p1a: Holy Envoy|Scald|p2a: Slowking
|-damage|p2a: Slowking|52/100 brn
|move|p2a: Slowking|Future Sight||[still]
|-fail|p2a: Slowking
|
|-end|p1a: Holy Envoy|move: Future Sight
|-damage|p1a: Holy Envoy|0 fnt
|faint|p1a: Holy Envoy
|
|win|KurisuChestnutLab
|raw|The median voter's rating: 1576 &rarr; <strong>1558</strong><br />(-18 for losing)
|raw|KurisuChestnutLab's rating: 1603 &rarr; <strong>1621</strong><br />(+18 for winning)
|l|☆The median voter
|player|p1|
