|j|☆Dillnchill
|j|☆ankoro
|t:|1781018985
|gametype|singles
|player|p1|Dillnchill|roxie|1509
|player|p2|ankoro|acetrainer-gen2|1599
|gen|9
|tier|[Gen 9] OU
|rated|
|rule|HP Percentage Mod: HP is shown in percentages
|rule|Endless Battle Clause: Forcing endless battles is banned
|rule|Species Clause: Limit one of each Pokémon
|rule|OHKO Clause: OHKO moves are banned
|rule|Evasion Items Clause: Evasion items are banned
|rule|Evasion Moves Clause: Evasion moves are banned
|rule|Evasion Abilities Clause: Evasion abilities are banned
|rule|Sleep Moves Clause: Sleep-inducing moves are banned
|clearpoke
|poke|p1|Slowking-Galar, M|
|poke|p1|Cinderace, F|
|poke|p1|Kyurem|
|poke|p1|Great Tusk|
|poke|p1|Kingambit, F|
|poke|p1|Enamorus-Therian, F|
|poke|p2|Lycanroc, F|
|poke|p2|Kingambit, F|
|poke|p2|Tornadus-Therian, M|
|poke|p2|Zamazenta-*|
|poke|p2|Azumarill, M|
|poke|p2|Pawmot, F|
|teampreview
|inactive|Battle timer is ON: inactive players will automatically lose when time's up. (requested by Dillnchill)
|
|t:|1781018995
|teamsize|p1|6
|teamsize|p2|6
|start
|switch|p1a: Kyurem|Kyurem|100/100
|switch|p2a: Lycanuke|Lycanroc, F|100/100
|-ability|p1a: Kyurem|Pressure
|turn|1
|
|t:|1781019008
|move|p2a: Lycanuke|Stealth Rock|p1a: Kyurem
|-sidestart|p1: Dillnchill|move: Stealth Rock
|move|p1a: Kyurem|Body Press|p2a: Lycanuke
|-supereffective|p2a: Lycanuke
|-damage|p2a: Lycanuke|32/100
|
|upkeep
|turn|2
|
|t:|1781019017
|switch|p1a: Great Tusk|Great Tusk|100/100
|-damage|p1a: Great Tusk|98/100|[from] Stealth Rock
|move|p2a: Lycanuke|Endeavor|p1a: Great Tusk
|-damage|p1a: Great Tusk|30/100
|
|upkeep
|turn|3
|
|t:|1781019029
|switch|p2a: cão de aço|Zamazenta|100/100
|-ability|p2a: cão de aço|Dauntless Shield|boost
|-boost|p2a: cão de aço|def|1
|move|p1a: Great Tusk|Rapid Spin|p2a: cão de aço
|-damage|p2a: cão de aço|89/100
|-boost|p1a: Great Tusk|spe|1
|-sideend|p1: Dillnchill|Stealth Rock|[from] move: Rapid Spin|[of] p1a: Great Tusk
|
|upkeep
|turn|4
|
|t:|1781019033
|-end|p1a: Great Tusk|Protosynthesis|[silent]
|switch|p1a: Enamorus|Enamorus-Therian, F|100/100
|move|p2a: cão de aço|Close Combat|p1a: Enamorus
|-resisted|p1a: Enamorus
|-damage|p1a: Enamorus|87/100
|-unboost|p2a: cão de aço|def|1
|-unboost|p2a: cão de aço|spd|1
|-damage|p2a: cão de aço|79/100|[from] item: Life Orb
|
|-heal|p1a: Enamorus|93/100|[from] item: Leftovers
|upkeep
|turn|5
|
|t:|1781019051
|switch|p2a: koolguybit|Kingambit, F|100/100
|move|p1a: Enamorus|Iron Defense|p1a: Enamorus
|-boost|p1a: Enamorus|def|2
|
|-heal|p1a: Enamorus|99/100|[from] item: Leftovers
|upkeep
|turn|6
|
|t:|1781019055
|move|p2a: koolguybit|Iron Head|p1a: Enamorus
|-supereffective|p1a: Enamorus
|-damage|p1a: Enamorus|68/100
|cant|p1a: Enamorus|flinch
|
|-heal|p1a: Enamorus|74/100|[from] item: Leftovers
|upkeep
|turn|7
|
|t:|1781019059
|move|p2a: koolguybit|Iron Head|p1a: Enamorus
|-supereffective|p1a: Enamorus
|-damage|p1a: Enamorus|42/100
|move|p1a: Enamorus|Draining Kiss|p2a: koolguybit
|-damage|p2a: koolguybit|76/100
|-heal|p1a: Enamorus|60/100|[from] drain|[of] p2a: koolguybit
|
|-heal|p1a: Enamorus|66/100|[from] item: Leftovers
|upkeep
|turn|8
|
|t:|1781019063
|move|p2a: koolguybit|Iron Head|p1a: Enamorus
|-supereffective|p1a: Enamorus
|-damage|p1a: Enamorus|34/100
|move|p1a: Enamorus|Draining Kiss|p2a: koolguybit
|-damage|p2a: koolguybit|48/100
|-heal|p1a: Enamorus|53/100|[from] drain|[of] p2a: koolguybit
|
|-heal|p1a: Enamorus|59/100|[from] item: Leftovers
|upkeep
|turn|9
|
|t:|1781019067
|move|p2a: koolguybit|Iron Head|p1a: Enamorus
|-supereffective|p1a: Enamorus
|-damage|p1a: Enamorus|30/100
|move|p1a: Enamorus|Draining Kiss|p2a: koolguybit
|-damage|p2a: koolguybit|22/100
|-heal|p1a: Enamorus|50/100|[from] drain|[of] p2a: koolguybit
|
|-heal|p1a: Enamorus|56/100|[from] item: Leftovers
|upkeep
|turn|10
|
|t:|1781019070
|move|p2a: koolguybit|Iron Head|p1a: Enamorus
|-supereffective|p1a: Enamorus
|-damage|p1a: Enamorus|23/100
|move|p1a: Enamorus|Draining Kiss|p2a: koolguybit
|-damage|p2a: koolguybit|0 fnt
|-heal|p1a: Enamorus|38/100|[from] drain|[of] p2a: koolguybit
|faint|p2a: koolguybit
|-end|p2a: koolguybit|fallenundefined|[silent]
|
|-heal|p1a: Enamorus|44/100|[from] item: Leftovers
|upkeep
|
|t:|1781019076
|switch|p2a: Lycanuke|Lycanroc, F|32/100
|turn|11
|
|t:|1781019083
|move|p2a: Lycanuke|Stealth Rock|p1a: Enamorus
|-sidestart|p1: Dillnchill|move: Stealth Rock
|move|p1a: Enamorus|Earth Power|p2a: Lycanuke
|-supereffective|p2a: Lycanuke
|-damage|p2a: Lycanuke|0 fnt
|faint|p2a: Lycanuke
|
|-heal|p1a: Enamorus|50/100|[from] item: Leftovers
|upkeep
|
|t:|1781019086
|switch|p2a: ninrode|Tornadus-Therian, M|100/100
|turn|12
|
|t:|1781019090
|switch|p1a: Slowking|Slowking-Galar, M|100/100
|-damage|p1a: Slowking|88/100|[from] Stealth Rock
|move|p2a: ninrode|Nasty Plot|p2a: ninrode
|-boost|p2a: ninrode|spa|2
|
|upkeep
|turn|13
|
|t:|1781019104
|move|p2a: ninrode|Bleakwind Storm|p1a: Slowking
|-damage|p1a: Slowking|19/100
|-damage|p2a: ninrode|91/100|[from] item: Life Orb
|move|p1a: Slowking|Flamethrower|p2a: ninrode
|-damage|p2a: ninrode|55/100
|
|upkeep
|turn|14
|
|t:|1781019111
|move|p2a: ninrode|Heat Wave|p1a: Slowking
|-damage|p1a: Slowking|0 fnt
|faint|p1a: Slowking
|-damage|p2a: ninrode|45/100|[from] item: Life Orb
|
|upkeep
|
|t:|1781019123
|switch|p1a: Great Tusk|Great Tusk|30/100
|-damage|p1a: Great Tusk|27/100|[from] Stealth Rock
|turn|15
|
|t:|1781019126
|move|p1a: Great Tusk|Ice Spinner|p2a: ninrode
|-supereffective|p2a: ninrode
|-damage|p2a: ninrode|0 fnt
|faint|p2a: ninrode
|
|upkeep
|
|t:|1781019132
|switch|p2a: juquinha|Azumarill, M|100/100
|turn|16
|
|t:|1781019139
|-end|p1a: Great Tusk|Protosynthesis|[silent]
|switch|p1a: Enamorus|Enamorus-Therian, F|50/100
|-damage|p1a: Enamorus|26/100|[from] Stealth Rock
|move|p2a: juquinha|Belly Drum|p2a: juquinha
|-damage|p2a: juquinha|50/100
|-setboost|p2a: juquinha|atk|6|[from] move: Belly Drum
|-enditem|p2a: juquinha|Sitrus Berry|[eat]
|-heal|p2a: juquinha|75/100|[from] item: Sitrus Berry
|
|-heal|p1a: Enamorus|32/100|[from] item: Leftovers
|upkeep
|turn|17
|
|t:|1781019148
|move|p2a: juquinha|Liquidation|p1a: Enamorus
|-damage|p1a: Enamorus|0 fnt
|faint|p1a: Enamorus
|
|upkeep
|
|t:|1781019171
|switch|p1a: Cinderace|Cinderace, F|100/100
|turn|18
|
|t:|1781019173
|move|p1a: Cinderace|Sucker Punch|p2a: juquinha
|-start|p1a: Cinderace|typechange|Dark|[from] ability: Libero
|-resisted|p2a: juquinha
|-damage|p2a: juquinha|58/100
|move|p2a: juquinha|Aqua Jet|p1a: Cinderace
|-damage|p1a: Cinderace|0 fnt
|faint|p1a: Cinderace
|
|upkeep
|
|t:|1781019180
|switch|p1a: Kyurem|Kyurem|100/100
|-damage|p1a: Kyurem|76/100|[from] Stealth Rock
|-ability|p1a: Kyurem|Pressure
|turn|19
|
|t:|1781019188
|move|p1a: Kyurem|Freeze-Dry|p2a: juquinha
|-supereffective|p2a: juquinha
|-damage|p2a: juquinha|0 fnt
|faint|p2a: juquinha
|
|upkeep
|
|t:|1781019194
|switch|p2a: cão de aço|Zamazenta|79/100
|turn|20
|
|t:|1781019207
|move|p2a: cão de aço|Close Combat|p1a: Kyurem
|-supereffective|p1a: Kyurem
|-damage|p1a: Kyurem|0 fnt
|-unboost|p2a: cão de aço|def|1
|-unboost|p2a: cão de aço|spd|1
|faint|p1a: Kyurem
|-damage|p2a: cão de aço|69/100|[from] item: Life Orb
|
|upkeep
|
|t:|1781019212
|switch|p1a: Great Tusk|Great Tusk|27/100
|-damage|p1a: Great Tusk|24/100|[from] Stealth Rock
|turn|21
|
|t:|1781019217
|-terastallize|p1a: Great Tusk|Fighting
|move|p1a: Great Tusk|Close Combat|p2a: cão de aço
|-damage|p2a: cão de aço|0 fnt
|-unboost|p1a: Great Tusk|def|1
|-unboost|p1a: Great Tusk|spd|1
|faint|p2a: cão de aço
|
|upkeep
|
|t:|1781019220
|switch|p2a: joy|Pawmot, F|100/100
|turn|22
|
|t:|1781019224
|-terastallize|p2a: joy|Flying
|move|p1a: Great Tusk|Close Combat|p2a: joy
|-resisted|p2a: joy
|-damage|p2a: joy|42/100
|-unboost|p1a: Great Tusk|def|1
|-unboost|p1a: Great Tusk|spd|1
|move|p2a: joy|Revival Blessing|p2a: joy
|-enditem|p2a: joy|Leppa Berry|[eat]
|-activate|p2a: joy|item: Leppa Berry|Revival Blessing|[consumed]
|
|t:|1781019228
|-heal|p2: cão de aço|50/100|[from] move: Revival Blessing
|
|upkeep
|turn|23
|
|t:|1781019235
|move|p1a: Great Tusk|Close Combat|p2a: joy
|-resisted|p2a: joy
|-damage|p2a: joy|0 fnt
|-unboost|p1a: Great Tusk|def|1
|-unboost|p1a: Great Tusk|spd|1
|faint|p2a: joy
|
|upkeep
|
|t:|1781019238
|switch|p2a: cão de aço|Zamazenta|50/100
|turn|24
|
|t:|1781019242
|move|p1a: Great Tusk|Close Combat|p2a: cão de aço
|-damage|p2a: cão de aço|0 fnt
|-unboost|p1a: Great Tusk|def|1
|-unboost|p1a: Great Tusk|spd|1
|faint|p2a: cão de aço
|
|win|Dillnchill
|raw|Dillnchill's rating: 1509 &rarr; <strong>1534</strong><br />(+25 for winning)
|raw|ankoro's rating: 1599 &rarr; <strong>1574</strong><br />(-25 for losing)
|l|☆ankoro
|player|p2|
|l|☆Dillnchill
|player|p1|
